{"id": "gen9randombattle-2211769941", "format": "[Gen 9] Random Battle", "players": ["Bughouse", "R3LT Theologos"], "log": "|badge|p2|silver|gen9randombattle|30-2\n|html|<div class=\"broadcast-red\"><strong>This battle is required to be public due to one or more player having a season medal.</strong><br />During the public phase, you can discuss the state of the ladder <a href=\"/seasondiscussion\">in a special chatroom.</a></div>\n|uhtml|medal-msg|<div class=\"broadcast-blue\">Curious what those medals under the avatar are? PS now has Ladder Seasons! For more information, check out the <a href=\"https://www.smogon.com/forums/threads/3740067/\">thread on Smogon.</a></div>\n|j|\u2606Bughouse\n|j|\u2606R3LT Theologos\n|t:|1727559421\n|gametype|singles\n|player|p1|Bughouse|#bughouse|2295\n|player|p2|R3LT Theologos|artist|2419\n|teamsize|p1|6\n|teamsize|p2|6\n|gen|9\n|tier|[Gen 9] Random Battle\n|rated|\n|rule|Species Clause: Limit one of each Pok\u00e9mon\n|rule|HP Percentage Mod: HP is shown in percentages\n|rule|Sleep Clause Mod: Limit one foe put to sleep\n|rule|Illusion Level Mod: Illusion disguises the Pok\u00e9mon's true level\n|\n|t:|1727559421\n|start\n|switch|p1a: Grumpig|Grumpig, L92, F|297/297\n|switch|p2a: Porygon-Z|Porygon-Z, L83|277/277\n|turn|1\n|\n|t:|1727559438\n|switch|p1a: Blissey|Blissey, L84, F|566/566\n|switch|p2a: Vikavolt|Vikavolt, L83, F|263/263\n|\n|upkeep\n|turn|2\n|inactive|Battle timer is ON: inactive players will automatically lose when time's up. (requested by R3LT Theologos)\n|\n|t:|1727559448\n|move|p1a: Blissey|Stealth Rock|p2a: Vikavolt\n|-sidestart|p2: R3LT Theologos|move: Stealth Rock\n|move|p2a: Vikavolt|Sticky Web|p1a: Blissey\n|-sidestart|p1: Bughouse|move: Sticky Web\n|\n|upkeep\n|turn|3\n|\n|t:|1727559452\n|switch|p2a: Palossand|Palossand, L89, M|296/296\n|-damage|p2a: Palossand|278/296|[from] Stealth Rock\n|move|p1a: Blissey|Seismic Toss|p2a: Palossand\n|-immune|p2a: Palossand\n|\n|-heal|p2a: Palossand|296/296|[from] item: Leftovers\n|upkeep\n|turn|4\n|\n|t:|1727559460\n|switch|p1a: Tropius|Tropius, L91, M|328/328\n|move|p2a: Palossand|Stealth Rock|p1a: Tropius\n|-sidestart|p1: Bughouse|move: Stealth Rock\n|\n|upkeep\n|turn|5\n|\n|t:|1727559489\n|switch|p2a: Noivern|Noivern, L82, F|274/274\n|move|p1a: Tropius|Substitute|p1a: Tropius\n|-start|p1a: Tropius|Substitute\n|-damage|p1a: Tropius|246/328\n|\n|upkeep\n|turn|6\n|\n|t:|1727559499\n|move|p2a: Noivern|Hurricane|p1a: Tropius\n|-supereffective|p1a: Tropius\n|-damage|p1a: Tropius|42/328\n|-enditem|p1a: Tropius|Sitrus Berry|[eat]\n|-heal|p1a: Tropius|124/328|[from] item: Sitrus Berry\n|move|p1a: Tropius|Leech Seed|p2a: Noivern|[miss]\n|-miss|p1a: Tropius|p2a: Noivern\n|\n|upkeep\n|turn|7\n|inactive|R3LT Theologos has 120 seconds left.\n|\n|t:|1727559533\n|move|p1a: Tropius|Protect|p1a: Tropius\n|-singleturn|p1a: Tropius|Protect\n|move|p2a: Noivern|Hurricane|p1a: Tropius\n|-activate|p1a: Tropius|move: Protect\n|\n|upkeep\n|turn|8\n|\n|t:|1727559549\n|switch|p1a: Blissey|Blissey, L84, F|566/566\n|-activate|p1a: Blissey|move: Sticky Web\n|-unboost|p1a: Blissey|spe|1\n|-damage|p1a: Blissey|496/566|[from] Stealth Rock\n|move|p2a: Noivern|Hurricane|p1a: Blissey|[miss]\n|-miss|p2a: Noivern|p1a: Blissey\n|\n|-heal|p1a: Blissey|531/566|[from] item: Leftovers\n|upkeep\n|turn|9\n|\n|t:|1727559561\n|switch|p2a: Palossand|Palossand, L89, M|296/296\n|-damage|p2a: Palossand|278/296|[from] Stealth Rock\n|switch|p1a: Inteleon|Inteleon, L81, M|246/246\n|-activate|p1a: Inteleon|move: Sticky Web\n|-unboost|p1a: Inteleon|spe|1\n|-damage|p1a: Inteleon|216/246|[from] Stealth Rock\n|\n|-heal|p2a: Palossand|296/296|[from] item: Leftovers\n|upkeep\n|turn|10\n|\n|t:|1727559573\n|switch|p2a: Vikavolt|Vikavolt, L83, F|263/263\n|move|p1a: Inteleon|Ice Beam|p2a: Vikavolt\n|-damage|p2a: Vikavolt|146/263\n|\n|upkeep\n|turn|11\n|\n|t:|1727559579\n|switch|p1a: Blissey|Blissey, L84, F|531/566\n|-activate|p1a: Blissey|move: Sticky Web\n|-unboost|p1a: Blissey|spe|1\n|-damage|p1a: Blissey|461/566|[from] Stealth Rock\n|move|p2a: Vikavolt|Volt Switch|p1a: Blissey\n|-damage|p1a: Blissey|388/566\n|inactive|R3LT Theologos has 120 seconds left.\n|\n|t:|1727559609\n|switch|p2a: Lycanroc|Lycanroc, L86, F|269/269|[from] Volt Switch\n|-damage|p2a: Lycanroc|236/269|[from] Stealth Rock\n|\n|-heal|p1a: Blissey|423/566|[from] item: Leftovers\n|upkeep\n|turn|12\n|\n|t:|1727559617\n|switch|p1a: Tropius|Tropius, L91, M|124/328\n|-damage|p1a: Tropius|42/328|[from] Stealth Rock\n|move|p2a: Lycanroc|Close Combat|p1a: Tropius\n|-resisted|p1a: Tropius\n|-crit|p1a: Tropius\n|-damage|p1a: Tropius|0 fnt\n|-unboost|p2a: Lycanroc|def|1\n|-unboost|p2a: Lycanroc|spd|1\n|faint|p1a: Tropius\n|-damage|p2a: Lycanroc|210/269|[from] item: Life Orb\n|\n|upkeep\n|\n|t:|1727559626\n|switch|p1a: Grumpig|Grumpig, L92, F|297/297\n|-activate|p1a: Grumpig|move: Sticky Web\n|-unboost|p1a: Grumpig|spe|1\n|-damage|p1a: Grumpig|260/297|[from] Stealth Rock\n|turn|13\n|\n|t:|1727559654\n|switch|p2a: Porygon-Z|Porygon-Z, L83|277/277\n|-damage|p2a: Porygon-Z|243/277|[from] Stealth Rock\n|move|p1a: Grumpig|Psyshock|p2a: Porygon-Z\n|-damage|p2a: Porygon-Z|138/277\n|\n|-heal|p1a: Grumpig|278/297|[from] item: Leftovers\n|upkeep\n|turn|14\n|\n|t:|1727559658\n|switch|p1a: Blissey|Blissey, L84, F|423/566\n|-activate|p1a: Blissey|move: Sticky Web\n|-unboost|p1a: Blissey|spe|1\n|-damage|p1a: Blissey|353/566|[from] Stealth Rock\n|move|p2a: Porygon-Z|Tri Attack|p1a: Blissey\n|-crit|p1a: Blissey\n|-damage|p1a: Blissey|145/566\n|-damage|p2a: Porygon-Z|111/277|[from] item: Life Orb\n|\n|-heal|p1a: Blissey|180/566|[from] item: Leftovers\n|upkeep\n|turn|15\n|\n|t:|1727559665\n|switch|p2a: Lycanroc|Lycanroc, L86, F|210/269\n|-damage|p2a: Lycanroc|177/269|[from] Stealth Rock\n|move|p1a: Blissey|Soft-Boiled|p1a: Blissey\n|-heal|p1a: Blissey|463/566\n|\n|-heal|p1a: Blissey|498/566|[from] item: Leftovers\n|upkeep\n|turn|16\n|\n|t:|1727559689\n|switch|p1a: Copperajah|Copperajah, L86, M|350/350\n|-activate|p1a: Copperajah|move: Sticky Web\n|-unboost|p1a: Copperajah|spe|1\n|-damage|p1a: Copperajah|329/350|[from] Stealth Rock\n|move|p2a: Lycanroc|Stone Edge|p1a: Copperajah|[miss]\n|-miss|p2a: Lycanroc|p1a: Copperajah\n|\n|upkeep\n|turn|17\n|\n|t:|1727559701\n|-terastallize|p2a: Lycanroc|Fighting\n|move|p2a: Lycanroc|Close Combat|p1a: Copperajah\n|-supereffective|p1a: Copperajah\n|-damage|p1a: Copperajah|0 fnt\n|-unboost|p2a: Lycanroc|def|1\n|-unboost|p2a: Lycanroc|spd|1\n|faint|p1a: Copperajah\n|-damage|p2a: Lycanroc|151/269|[from] item: Life Orb\n|\n|upkeep\n|\n|t:|1727559708\n|switch|p1a: Grumpig|Grumpig, L92, F|278/297\n|-activate|p1a: Grumpig|move: Sticky Web\n|-unboost|p1a: Grumpig|spe|1\n|-damage|p1a: Grumpig|241/297|[from] Stealth Rock\n|turn|18\n|j| ShaneTheShroomish\n|\n|t:|1727559718\n|switch|p2a: Noivern|Noivern, L82, F|274/274\n|move|p1a: Grumpig|Psyshock|p2a: Noivern\n|-damage|p2a: Noivern|160/274\n|\n|-heal|p1a: Grumpig|259/297|[from] item: Leftovers\n|upkeep\n|turn|19\n|\n|t:|1727559727\n|move|p2a: Noivern|Draco Meteor|p1a: Grumpig\n|-damage|p1a: Grumpig|163/297\n|-unboost|p2a: Noivern|spa|2\n|move|p1a: Grumpig|Dazzling Gleam|p2a: Noivern\n|-supereffective|p2a: Noivern\n|-crit|p2a: Noivern\n|-damage|p2a: Noivern|0 fnt\n|faint|p2a: Noivern\n|\n|-heal|p1a: Grumpig|181/297|[from] item: Leftovers\n|upkeep\n|\n|t:|1727559741\n|switch|p2a: Vikavolt|Vikavolt, L83, F|146/263\n|turn|20\n|\n|t:|1727559758\n|switch|p1a: Blissey|Blissey, L84, F|498/566\n|-activate|p1a: Blissey|move: Sticky Web\n|-unboost|p1a: Blissey|spe|1\n|-damage|p1a: Blissey|428/566|[from] Stealth Rock\n|move|p2a: Vikavolt|Bug Buzz|p1a: Blissey\n|-damage|p1a: Blissey|328/566\n|-unboost|p1a: Blissey|spd|1\n|\n|-heal|p1a: Blissey|363/566|[from] item: Leftovers\n|upkeep\n|turn|21\n|\n|t:|1727559764\n|move|p2a: Vikavolt|Volt Switch|p1a: Blissey\n|-damage|p1a: Blissey|251/566\n|\n|t:|1727559767\n|switch|p2a: Palossand|Palossand, L89, M|296/296|[from] Volt Switch\n|-damage|p2a: Palossand|278/296|[from] Stealth Rock\n|move|p1a: Blissey|Soft-Boiled|p1a: Blissey\n|-heal|p1a: Blissey|534/566\n|\n|-heal|p2a: Palossand|296/296|[from] item: Leftovers\n|-heal|p1a: Blissey|566/566|[from] item: Leftovers\n|upkeep\n|turn|22\n|\n|t:|1727559774\n|switch|p1a: Inteleon|Inteleon, L81, M|216/246\n|-activate|p1a: Inteleon|move: Sticky Web\n|-unboost|p1a: Inteleon|spe|1\n|-damage|p1a: Inteleon|186/246|[from] Stealth Rock\n|move|p2a: Palossand|Earth Power|p1a: Inteleon\n|-damage|p1a: Inteleon|41/246\n|\n|upkeep\n|turn|23\n|\n|t:|1727559792\n|switch|p2a: Vikavolt|Vikavolt, L83, F|146/263\n|move|p1a: Inteleon|Ice Beam|p2a: Vikavolt\n|-damage|p2a: Vikavolt|18/263\n|\n|upkeep\n|turn|24\n|\n|t:|1727559797\n|move|p1a: Inteleon|Ice Beam|p2a: Vikavolt\n|-damage|p2a: Vikavolt|0 fnt\n|faint|p2a: Vikavolt\n|\n|upkeep\n|\n|t:|1727559803\n|switch|p2a: Sawsbuck|Sawsbuck, L88, F|284/284\n|-damage|p2a: Sawsbuck|249/284|[from] Stealth Rock\n|turn|25\n|\n|t:|1727559814\n|switch|p1a: Grumpig|Grumpig, L92, F|181/297\n|-activate|p1a: Grumpig|move: Sticky Web\n|-unboost|p1a: Grumpig|spe|1\n|-damage|p1a: Grumpig|144/297|[from] Stealth Rock\n|move|p2a: Sawsbuck|Horn Leech|p1a: Grumpig\n|-damage|p1a: Grumpig|6/297\n|-heal|p2a: Sawsbuck|284/284|[from] drain|[of] p1a: Grumpig\n|-damage|p2a: Sawsbuck|256/284|[from] item: Life Orb\n|\n|-heal|p1a: Grumpig|24/297|[from] item: Leftovers\n|upkeep\n|turn|26\n|\n|t:|1727559823\n|move|p2a: Sawsbuck|Horn Leech|p1a: Grumpig\n|-damage|p1a: Grumpig|0 fnt\n|-heal|p2a: Sawsbuck|268/284|[from] drain|[of] p1a: Grumpig\n|faint|p1a: Grumpig\n|-damage|p2a: Sawsbuck|240/284|[from] item: Life Orb\n|\n|upkeep\n|\n|t:|1727559825\n|switch|p1a: Latias|Latias, L79, F|256/256\n|-damage|p1a: Latias|224/256|[from] Stealth Rock\n|turn|27\n|c| ShaneTheShroomish|gg\n|inactive|R3LT Theologos has 120 seconds left.\n|inactive|Bughouse has 120 seconds left.\n|inactive|R3LT Theologos has 90 seconds left.\n|inactive|R3LT Theologos has 60 seconds left.\n|\n|t:|1727559917\n|move|p1a: Latias|Psyshock|p2a: Sawsbuck\n|-damage|p2a: Sawsbuck|122/284\n|move|p2a: Sawsbuck|Headbutt|p1a: Latias\n|-damage|p1a: Latias|110/256\n|-damage|p2a: Sawsbuck|94/284|[from] item: Life Orb\n|\n|upkeep\n|turn|28\n|inactive|R3LT Theologos has 60 seconds left.\n|\n|t:|1727559935\n|move|p1a: Latias|Psyshock|p2a: Sawsbuck\n|-damage|p2a: Sawsbuck|0 fnt\n|faint|p2a: Sawsbuck\n|\n|upkeep\n|\n|t:|1727559954\n|switch|p2a: Palossand|Palossand, L89, M|296/296\n|-damage|p2a: Palossand|278/296|[from] Stealth Rock\n|turn|29\n|\n|t:|1727559972\n|switch|p1a: Blissey|Blissey, L84, F|566/566\n|-activate|p1a: Blissey|move: Sticky Web\n|-unboost|p1a: Blissey|spe|1\n|-damage|p1a: Blissey|496/566|[from] Stealth Rock\n|move|p2a: Palossand|Shadow Ball|p1a: Blissey\n|-immune|p1a: Blissey\n|\n|-heal|p2a: Palossand|296/296|[from] item: Leftovers\n|-heal|p1a: Blissey|531/566|[from] item: Leftovers\n|upkeep\n|turn|30\n|inactive|R3LT Theologos has 60 seconds left.\n|\n|t:|1727559986\n|move|p2a: Palossand|Earth Power|p1a: Blissey\n|-damage|p1a: Blissey|449/566\n|move|p1a: Blissey|Seismic Toss|p2a: Palossand\n|-immune|p2a: Palossand\n|\n|-heal|p1a: Blissey|484/566|[from] item: Leftovers\n|upkeep\n|turn|31\n|\n|t:|1727559994\n|move|p2a: Palossand|Earth Power|p1a: Blissey\n|-damage|p1a: Blissey|409/566\n|move|p1a: Blissey|Thunder Wave|p2a: Palossand\n|-immune|p2a: Palossand\n|\n|-heal|p1a: Blissey|444/566|[from] item: Leftovers\n|upkeep\n|turn|32\n|\n|t:|1727559997\n|move|p2a: Palossand|Earth Power|p1a: Blissey\n|-damage|p1a: Blissey|368/566\n|move|p1a: Blissey|Thunder Wave|p2a: Palossand\n|-immune|p2a: Palossand\n|\n|-heal|p1a: Blissey|403/566|[from] item: Leftovers\n|upkeep\n|turn|33\n|\n|t:|1727560000\n|move|p2a: Palossand|Earth Power|p1a: Blissey\n|-damage|p1a: Blissey|321/566\n|move|p1a: Blissey|Thunder Wave|p2a: Palossand\n|-immune|p2a: Palossand\n|\n|-heal|p1a: Blissey|356/566|[from] item: Leftovers\n|upkeep\n|turn|34\n|inactive|R3LT Theologos has 90 seconds left.\n|\n|t:|1727560009\n|move|p2a: Palossand|Earth Power|p1a: Blissey\n|-damage|p1a: Blissey|272/566\n|move|p1a: Blissey|Thunder Wave|p2a: Palossand\n|-immune|p2a: Palossand\n|\n|-heal|p1a: Blissey|307/566|[from] item: Leftovers\n|upkeep\n|turn|35\n|inactive|R3LT Theologos has 90 seconds left.\n|\n|t:|1727560032\n|move|p2a: Palossand|Earth Power|p1a: Blissey\n|-damage|p1a: Blissey|228/566\n|move|p1a: Blissey|Soft-Boiled|p1a: Blissey\n|-heal|p1a: Blissey|511/566\n|\n|-heal|p1a: Blissey|546/566|[from] item: Leftovers\n|upkeep\n|turn|36\n|\n|t:|1727560035\n|move|p2a: Palossand|Earth Power|p1a: Blissey\n|-damage|p1a: Blissey|467/566\n|move|p1a: Blissey|Thunder Wave|p2a: Palossand\n|-immune|p2a: Palossand\n|\n|-heal|p1a: Blissey|502/566|[from] item: Leftovers\n|upkeep\n|turn|37\n|inactive|R3LT Theologos has 90 seconds left.\n|\n|t:|1727560050\n|move|p2a: Palossand|Earth Power|p1a: Blissey\n|-damage|p1a: Blissey|423/566\n|move|p1a: Blissey|Thunder Wave|p2a: Palossand\n|-immune|p2a: Palossand\n|\n|-heal|p1a: Blissey|458/566|[from] item: Leftovers\n|upkeep\n|turn|38\n|inactive|R3LT Theologos has 90 seconds left.\n|\n|t:|1727560078\n|move|p2a: Palossand|Earth Power|p1a: Blissey\n|-damage|p1a: Blissey|376/566\n|-unboost|p1a: Blissey|spd|1\n|move|p1a: Blissey|Thunder Wave|p2a: Palossand\n|-immune|p2a: Palossand\n|\n|-heal|p1a: Blissey|411/566|[from] item: Leftovers\n|upkeep\n|turn|39\n|\n|t:|1727560084\n|move|p2a: Palossand|Earth Power|p1a: Blissey\n|-damage|p1a: Blissey|297/566\n|move|p1a: Blissey|Soft-Boiled|p1a: Blissey\n|-heal|p1a: Blissey|566/566\n|\n|upkeep\n|turn|40\n|\n|t:|1727560089\n|move|p2a: Palossand|Earth Power|p1a: Blissey\n|-damage|p1a: Blissey|448/566\n|move|p1a: Blissey|Thunder Wave|p2a: Palossand\n|-immune|p2a: Palossand\n|\n|-heal|p1a: Blissey|483/566|[from] item: Leftovers\n|upkeep\n|turn|41\n|inactive|R3LT Theologos has 90 seconds left.\n|\n|t:|1727560095\n|move|p2a: Palossand|Earth Power|p1a: Blissey\n|-crit|p1a: Blissey\n|-damage|p1a: Blissey|296/566\n|-unboost|p1a: Blissey|spd|1\n|move|p1a: Blissey|Thunder Wave|p2a: Palossand\n|-immune|p2a: Palossand\n|\n|-heal|p1a: Blissey|331/566|[from] item: Leftovers\n|upkeep\n|turn|42\n|\n|t:|1727560098\n|switch|p2a: Lycanroc|Lycanroc, L86, F, tera:Fighting|151/269\n|-damage|p2a: Lycanroc|135/269|[from] Stealth Rock\n|move|p1a: Blissey|Soft-Boiled|p1a: Blissey\n|-heal|p1a: Blissey|566/566\n|\n|upkeep\n|turn|43\n|\n|t:|1727560109\n|switch|p2a: Palossand|Palossand, L89, M|296/296\n|-damage|p2a: Palossand|278/296|[from] Stealth Rock\n|-terastallize|p1a: Blissey|Poison\n|move|p1a: Blissey|Thunder Wave|p2a: Palossand\n|-immune|p2a: Palossand\n|\n|-heal|p2a: Palossand|296/296|[from] item: Leftovers\n|upkeep\n|turn|44\n|inactive|R3LT Theologos has 90 seconds left.\n|\n|t:|1727560132\n|switch|p1a: Inteleon|Inteleon, L81, M|41/246\n|-activate|p1a: Inteleon|move: Sticky Web\n|-unboost|p1a: Inteleon|spe|1\n|-damage|p1a: Inteleon|11/246|[from] Stealth Rock\n|move|p2a: Palossand|Shadow Ball|p1a: Inteleon\n|-crit|p1a: Inteleon\n|-damage|p1a: Inteleon|0 fnt\n|faint|p1a: Inteleon\n|\n|upkeep\n|\n|t:|1727560134\n|switch|p1a: Blissey|Blissey, L84, F, tera:Poison|566/566\n|-activate|p1a: Blissey|move: Sticky Web\n|-unboost|p1a: Blissey|spe|1\n|-damage|p1a: Blissey|496/566|[from] Stealth Rock\n|turn|45\n|\n|t:|1727560140\n|move|p2a: Palossand|Earth Power|p1a: Blissey\n|-supereffective|p1a: Blissey\n|-damage|p1a: Blissey|332/566\n|move|p1a: Blissey|Thunder Wave|p2a: Palossand\n|-immune|p2a: Palossand\n|\n|-heal|p1a: Blissey|367/566|[from] item: Leftovers\n|upkeep\n|turn|46\n|\n|t:|1727560146\n|move|p2a: Palossand|Earth Power|p1a: Blissey\n|-supereffective|p1a: Blissey\n|-damage|p1a: Blissey|209/566\n|move|p1a: Blissey|Soft-Boiled|p1a: Blissey\n|-heal|p1a: Blissey|492/566\n|\n|-heal|p1a: Blissey|527/566|[from] item: Leftovers\n|upkeep\n|turn|47\n|\n|t:|1727560149\n|move|p2a: Palossand|Shadow Ball|p1a: Blissey\n|-damage|p1a: Blissey|452/566\n|move|p1a: Blissey|Thunder Wave|p2a: Palossand\n|-immune|p2a: Palossand\n|\n|-heal|p1a: Blissey|487/566|[from] item: Leftovers\n|upkeep\n|turn|48\n|\n|t:|1727560152\n|move|p2a: Palossand|Shadow Ball|p1a: Blissey\n|-damage|p1a: Blissey|415/566\n|move|p1a: Blissey|Thunder Wave|p2a: Palossand\n|-immune|p2a: Palossand\n|\n|-heal|p1a: Blissey|450/566|[from] item: Leftovers\n|upkeep\n|turn|49\n|\n|t:|1727560155\n|move|p2a: Palossand|Shadow Ball|p1a: Blissey\n|-damage|p1a: Blissey|380/566\n|-unboost|p1a: Blissey|spd|1\n|move|p1a: Blissey|Seismic Toss|p2a: Palossand\n|-immune|p2a: Palossand\n|\n|-heal|p1a: Blissey|415/566|[from] item: Leftovers\n|upkeep\n|turn|50\n|\n|t:|1727560159\n|move|p2a: Palossand|Shadow Ball|p1a: Blissey\n|-damage|p1a: Blissey|316/566\n|move|p1a: Blissey|Stealth Rock||[still]\n|-fail|p1a: Blissey\n|\n|-heal|p1a: Blissey|351/566|[from] item: Leftovers\n|upkeep\n|turn|51\n|\n|t:|1727560162\n|move|p2a: Palossand|Shadow Ball|p1a: Blissey\n|-damage|p1a: Blissey|248/566\n|move|p1a: Blissey|Soft-Boiled|p1a: Blissey\n|-heal|p1a: Blissey|531/566\n|\n|-heal|p1a: Blissey|566/566|[from] item: Leftovers\n|upkeep\n|turn|52\n|c|\u2606R3LT Theologos|gg\n|\n|t:|1727560169\n|move|p2a: Palossand|Shadow Ball|p1a: Blissey\n|-damage|p1a: Blissey|467/566\n|move|p1a: Blissey|Stealth Rock||[still]\n|-fail|p1a: Blissey\n|\n|-heal|p1a: Blissey|502/566|[from] item: Leftovers\n|upkeep\n|turn|53\n|\n|t:|1727560171\n|move|p2a: Palossand|Shadow Ball|p1a: Blissey\n|-crit|p1a: Blissey\n|-damage|p1a: Blissey|348/566\n|move|p1a: Blissey|Stealth Rock||[still]\n|-fail|p1a: Blissey\n|\n|-heal|p1a: Blissey|383/566|[from] item: Leftovers\n|upkeep\n|turn|54\n|\n|t:|1727560175\n|move|p2a: Palossand|Shadow Ball|p1a: Blissey\n|-damage|p1a: Blissey|275/566\n|move|p1a: Blissey|Stealth Rock||[still]\n|-fail|p1a: Blissey\n|\n|-heal|p1a: Blissey|310/566|[from] item: Leftovers\n|upkeep\n|turn|55\n|\n|t:|1727560182\n|move|p2a: Palossand|Earth Power|p1a: Blissey\n|-supereffective|p1a: Blissey\n|-damage|p1a: Blissey|56/566\n|move|p1a: Blissey|Stealth Rock||[still]\n|-fail|p1a: Blissey\n|\n|-heal|p1a: Blissey|91/566|[from] item: Leftovers\n|upkeep\n|turn|56\n|\n|t:|1727560186\n|move|p2a: Palossand|Shadow Ball|p1a: Blissey\n|-damage|p1a: Blissey|0 fnt\n|faint|p1a: Blissey\n|\n|upkeep\n|c| ShaneTheShroomish|gg\n|\n|t:|1727560188\n|switch|p1a: Latias|Latias, L79, F|110/256\n|-damage|p1a: Latias|78/256|[from] Stealth Rock\n|turn|57\n|\n|t:|1727560191\n|move|p1a: Latias|Calm Mind|p1a: Latias\n|-boost|p1a: Latias|spa|1\n|-boost|p1a: Latias|spd|1\n|move|p2a: Palossand|Shadow Ball|p1a: Latias\n|-supereffective|p1a: Latias\n|-damage|p1a: Latias|0 fnt\n|faint|p1a: Latias\n|\n|win|R3LT Theologos\n|raw|Bughouse's rating: 2295 &rarr; <strong>2282</strong><br />(-13 for losing)\n|raw|R3LT Theologos's rating: 2419 &rarr; <strong>2432</strong><br />(+13 for winning)\n|l|\u2606Bughouse\n|player|p1|\n", "inputlog": ">version 69ff0b2f47ddc97367302b06f7f2ae172fb214dd\n>start {\"formatid\":\"gen9randombattle\",\"seed\":[43628,40197,45572,25997],\"rated\":\"Rated battle\"}\n>player p1 {\"name\":\"Bughouse\",\"avatar\":\"#bughouse\",\"rating\":2295,\"seed\":[44633,21042,18117,2802]}\n>player p2 {\"name\":\"R3LT Theologos\",\"avatar\":\"artist\",\"rating\":2419,\"seed\":[59491,29297,4803,13828]}\n>p1 switch 5\n>p2 switch 6\n>p1 move stealthrock\n>p2 move stickyweb\n>p1 move seismictoss\n>p2 switch 4\n>p1 switch 4\n>p2 move stealthrock\n>p1 move substitute\n>p2 switch 2\n>p1 move leechseed\n>p2 move hurricane\n>p1 move protect\n>p2 move hurricane\n>p1 switch 4\n>p2 move hurricane\n>p1 switch 3\n>p2 switch 2\n>p1 move icebeam\n>p2 switch 4\n>p1 switch 3\n>p2 move voltswitch\n>p2 switch 5\n>p1 switch 4\n>p2 move closecombat\n>p1 switch 5\n>p1 move psyshock\n>p2 switch 6\n>p1 switch 4\n>p2 move triattack\n>p1 move softboiled\n>p2 switch 6\n>p1 switch 6\n>p2 move stoneedge\n>p1 move heavyslam\n>p2 move closecombat terastallize\n>p1 switch 4\n>p1 move psyshock\n>p2 switch 2\n>p1 move dazzlinggleam\n>p2 move dracometeor\n>p2 switch 5\n>p1 switch 6\n>p2 move bugbuzz\n>p1 move softboiled\n>p2 move voltswitch\n>p2 switch 4\n>p1 switch 3\n>p2 move earthpower\n>p1 move icebeam\n>p2 switch 4\n>p1 move icebeam\n>p2 move voltswitch\n>p2 switch 3\n>p1 switch 6\n>p2 move hornleech\n>p1 move psyshock\n>p2 move hornleech\n>p1 switch 2\n>chat  ShaneTheShroomish|gg\n>p1 move psyshock\n>p2 move headbutt\n>p1 move psyshock\n>p2 move headbutt\n>p2 switch 4\n>p1 switch 3\n>p2 move shadowball\n>p1 move seismictoss\n>p2 move earthpower\n>p1 move thunderwave\n>p2 move earthpower\n>p1 move thunderwave\n>p2 move earthpower\n>p1 move thunderwave\n>p2 move earthpower\n>p1 move thunderwave\n>p2 move earthpower\n>p1 move softboiled\n>p2 move earthpower\n>p1 move thunderwave\n>p2 move earthpower\n>p1 move thunderwave\n>p2 move earthpower\n>p1 move thunderwave\n>p2 move earthpower\n>p1 move softboiled\n>p2 move earthpower\n>p1 move thunderwave\n>p2 move earthpower\n>p1 move thunderwave\n>p2 move earthpower\n>p1 move softboiled\n>p2 switch 2\n>p1 move thunderwave terastallize\n>p2 switch 2\n>p1 switch 6\n>p2 move shadowball\n>p1 switch 6\n>p1 move thunderwave\n>p2 move earthpower\n>p1 move softboiled\n>p2 move earthpower\n>p1 move thunderwave\n>p2 move shadowball\n>p1 move thunderwave\n>p2 move shadowball\n>p1 move seismictoss\n>p2 move shadowball\n>p1 move stealthrock\n>p2 move shadowball\n>p1 move softboiled\n>p2 move shadowball\n>chat \u2606R3LT Theologos|gg\n>p1 move stealthrock\n>p2 move shadowball\n>p1 move stealthrock\n>p2 move shadowball\n>p1 move stealthrock\n>p2 move shadowball\n>p1 move stealthrock\n>p2 move earthpower\n>p1 move thunderwave\n>p2 move shadowball\n>chat  ShaneTheShroomish|gg\n>p1 switch 3\n>p1 move calmmind\n>p2 move shadowball", "uploadtime": 1727560221, "views": 96, "formatid": "gen9randombattle", "rating": 2282, "private": 0, "password": null}