{"id": "gen9randombattle-2259968674", "format": "[Gen 9] Random Battle", "players": ["Jetsunami07", "JuanjoBoliche"], "log": "|j|\u2606Jetsunami07\n|j|\u2606JuanjoBoliche\n|t:|1733785554\n|gametype|singles\n|player|p1|Jetsunami07|pokemonbreeder-gen4|1340\n|player|p2|JuanjoBoliche|1|1327\n|teamsize|p1|6\n|teamsize|p2|6\n|gen|9\n|tier|[Gen 9] Random Battle\n|rated|\n|rule|Species Clause: Limit one of each Pok\u00e9mon\n|rule|HP Percentage Mod: HP is shown in percentages\n|rule|Sleep Clause Mod: Limit one foe put to sleep\n|rule|Illusion Level Mod: Illusion disguises the Pok\u00e9mon's true level\n|\n|t:|1733785554\n|start\n|switch|p1a: Cyclizar|Cyclizar, L83, M|252/252\n|switch|p2a: Solgaleo|Solgaleo, L74|325/325\n|turn|1\n|inactive|Battle timer is ON: inactive players will automatically lose when time's up. (requested by JuanjoBoliche)\n|\n|t:|1733785581\n|switch|p2a: Arbok|Arbok, L87, F|246/246\n|-ability|p2a: Arbok|Intimidate|boost\n|-unboost|p1a: Cyclizar|atk|1\n|move|p1a: Cyclizar|Knock Off|p2a: Arbok\n|-damage|p2a: Arbok|194/246\n|-enditem|p2a: Arbok|Life Orb|[from] move: Knock Off|[of] p1a: Cyclizar\n|\n|upkeep\n|turn|2\n|\n|t:|1733785604\n|move|p1a: Cyclizar|Draco Meteor|p2a: Arbok\n|-damage|p2a: Arbok|76/246\n|-unboost|p1a: Cyclizar|spa|2\n|move|p2a: Arbok|Coil|p2a: Arbok\n|-boost|p2a: Arbok|atk|1\n|-boost|p2a: Arbok|def|1\n|-boost|p2a: Arbok|accuracy|1\n|\n|upkeep\n|turn|3\n|\n|t:|1733785621\n|move|p1a: Cyclizar|Shed Tail|p1a: Cyclizar\n|-start|p1a: Cyclizar|Substitute|[from] move: Shed Tail\n|-damage|p1a: Cyclizar|126/252\n|\n|t:|1733785624\n|switch|p1a: Orthworm|Orthworm, L88, M|266/266|[from] Shed Tail\n|move|p2a: Arbok|Gunk Shot|p1a: Orthworm\n|-immune|p1a: Orthworm\n|\n|upkeep\n|turn|4\n|\n|t:|1733785640\n|switch|p2a: Arceus|Arceus-Fighting, L70|284/284\n|move|p1a: Orthworm|Coil|p1a: Orthworm\n|-boost|p1a: Orthworm|atk|1\n|-boost|p1a: Orthworm|def|1\n|-boost|p1a: Orthworm|accuracy|1\n|\n|upkeep\n|turn|5\n|\n|t:|1733785649\n|move|p2a: Arceus|Iron Defense|p2a: Arceus\n|-boost|p2a: Arceus|def|2\n|move|p1a: Orthworm|Coil|p1a: Orthworm\n|-boost|p1a: Orthworm|atk|1\n|-boost|p1a: Orthworm|def|1\n|-boost|p1a: Orthworm|accuracy|1\n|\n|upkeep\n|turn|6\n|\n|t:|1733785661\n|move|p2a: Arceus|Iron Defense|p2a: Arceus\n|-boost|p2a: Arceus|def|2\n|move|p1a: Orthworm|Iron Tail|p2a: Arceus\n|-damage|p2a: Arceus|215/284\n|\n|upkeep\n|turn|7\n|\n|t:|1733785678\n|move|p2a: Arceus|Body Press|p1a: Orthworm\n|-supereffective|p1a: Orthworm\n|-end|p1a: Orthworm|Substitute\n|move|p1a: Orthworm|Coil|p1a: Orthworm\n|-boost|p1a: Orthworm|atk|1\n|-boost|p1a: Orthworm|def|1\n|-boost|p1a: Orthworm|accuracy|1\n|\n|upkeep\n|turn|8\n|\n|t:|1733785701\n|-terastallize|p1a: Orthworm|Electric\n|move|p2a: Arceus|Body Press|p1a: Orthworm\n|-damage|p1a: Orthworm|194/266\n|move|p1a: Orthworm|Iron Tail|p2a: Arceus\n|-damage|p2a: Arceus|125/284\n|\n|upkeep\n|turn|9\n|\n|t:|1733785715\n|move|p2a: Arceus|Iron Defense|p2a: Arceus\n|-boost|p2a: Arceus|def|2\n|move|p1a: Orthworm|Iron Tail|p2a: Arceus\n|-damage|p2a: Arceus|61/284\n|-unboost|p2a: Arceus|def|1\n|\n|upkeep\n|turn|10\n|\n|t:|1733785724\n|move|p2a: Arceus|Recover|p2a: Arceus\n|-heal|p2a: Arceus|203/284\n|move|p1a: Orthworm|Iron Tail|p2a: Arceus\n|-damage|p2a: Arceus|136/284\n|\n|upkeep\n|turn|11\n|\n|t:|1733785748\n|move|p2a: Arceus|Iron Defense|p2a: Arceus\n|-boost|p2a: Arceus|def|1\n|move|p1a: Orthworm|Iron Tail|p2a: Arceus\n|-damage|p2a: Arceus|67/284\n|-unboost|p2a: Arceus|def|1\n|\n|upkeep\n|turn|12\n|\n|t:|1733785762\n|move|p2a: Arceus|Recover|p2a: Arceus\n|-heal|p2a: Arceus|209/284\n|move|p1a: Orthworm|Coil|p1a: Orthworm\n|-boost|p1a: Orthworm|atk|1\n|-boost|p1a: Orthworm|def|1\n|-boost|p1a: Orthworm|accuracy|1\n|\n|upkeep\n|turn|13\n|\n|t:|1733785788\n|move|p2a: Arceus|Shadow Ball|p1a: Orthworm\n|-damage|p1a: Orthworm|130/266\n|move|p1a: Orthworm|Iron Tail|p2a: Arceus\n|-damage|p2a: Arceus|118/284\n|\n|upkeep\n|turn|14\n|\n|t:|1733785797\n|move|p2a: Arceus|Shadow Ball|p1a: Orthworm\n|-damage|p1a: Orthworm|65/266\n|-unboost|p1a: Orthworm|spd|1\n|move|p1a: Orthworm|Rest|p1a: Orthworm\n|-status|p1a: Orthworm|slp|[from] move: Rest\n|-heal|p1a: Orthworm|266/266 slp|[silent]\n|-enditem|p1a: Orthworm|Chesto Berry|[eat]\n|-curestatus|p1a: Orthworm|slp|[msg]\n|\n|upkeep\n|turn|15\n|\n|t:|1733785808\n|move|p2a: Arceus|Shadow Ball|p1a: Orthworm\n|-damage|p1a: Orthworm|173/266\n|-unboost|p1a: Orthworm|spd|1\n|move|p1a: Orthworm|Iron Tail|p2a: Arceus\n|-damage|p2a: Arceus|40/284\n|\n|upkeep\n|turn|16\n|\n|t:|1733785829\n|move|p2a: Arceus|Shadow Ball|p1a: Orthworm\n|-damage|p1a: Orthworm|55/266\n|move|p1a: Orthworm|Iron Tail|p2a: Arceus\n|-damage|p2a: Arceus|0 fnt\n|faint|p2a: Arceus\n|\n|upkeep\n|inactive|JuanjoBoliche has 120 seconds left.\n|\n|t:|1733785849\n|switch|p2a: Flutter Mane|Flutter Mane, L74|203/203\n|turn|17\n|\n|t:|1733785870\n|move|p2a: Flutter Mane|Moonblast|p1a: Orthworm\n|-damage|p1a: Orthworm|0 fnt\n|faint|p1a: Orthworm\n|\n|upkeep\n|inactive|Jetsunami07 has 120 seconds left.\n|\n|t:|1733785891\n|switch|p1a: Kyogre|Kyogre, L71|259/259\n|-weather|RainDance|[from] ability: Drizzle|[of] p1a: Kyogre\n|turn|18\n|inactive|Jetsunami07 has 120 seconds left.\n|inactive|JuanjoBoliche has 120 seconds left.\n|\n|t:|1733785911\n|-end|p2a: Flutter Mane|Protosynthesis|[silent]\n|switch|p2a: Bellossom|Bellossom, L84, F|263/263\n|move|p1a: Kyogre|Water Spout|p2a: Bellossom\n|-resisted|p2a: Bellossom\n|-damage|p2a: Bellossom|161/263\n|\n|-weather|RainDance|[upkeep]\n|-heal|p2a: Bellossom|177/263|[from] item: Leftovers\n|upkeep\n|turn|19\n|inactive|Jetsunami07 has 120 seconds left.\n|\n|t:|1733785929\n|switch|p1a: Vikavolt|Vikavolt, L83, F|263/263\n|move|p2a: Bellossom|Quiver Dance|p2a: Bellossom\n|-boost|p2a: Bellossom|spa|1\n|-boost|p2a: Bellossom|spd|1\n|-boost|p2a: Bellossom|spe|1\n|\n|-weather|RainDance|[upkeep]\n|-heal|p2a: Bellossom|193/263|[from] item: Leftovers\n|upkeep\n|turn|20\n|inactive|Jetsunami07 has 120 seconds left.\n|inactive|JuanjoBoliche has 120 seconds left.\n|\n|t:|1733785955\n|-terastallize|p2a: Bellossom|Rock\n|move|p2a: Bellossom|Quiver Dance|p2a: Bellossom\n|-boost|p2a: Bellossom|spa|1\n|-boost|p2a: Bellossom|spd|1\n|-boost|p2a: Bellossom|spe|1\n|move|p1a: Vikavolt|Sticky Web|p2a: Bellossom\n|-sidestart|p2: JuanjoBoliche|move: Sticky Web\n|\n|-weather|RainDance|[upkeep]\n|-heal|p2a: Bellossom|209/263|[from] item: Leftovers\n|upkeep\n|turn|21\n|\n|t:|1733785965\n|move|p2a: Bellossom|Quiver Dance|p2a: Bellossom\n|-boost|p2a: Bellossom|spa|1\n|-boost|p2a: Bellossom|spd|1\n|-boost|p2a: Bellossom|spe|1\n|move|p1a: Vikavolt|Volt Switch|p2a: Bellossom\n|-damage|p2a: Bellossom|169/263\n|\n|t:|1733785974\n|switch|p1a: Medicham|Medicham, L86, M|243/243|[from] Volt Switch\n|\n|-weather|RainDance|[upkeep]\n|-heal|p2a: Bellossom|185/263|[from] item: Leftovers\n|upkeep\n|turn|22\n|inactive|JuanjoBoliche has 120 seconds left.\n|inactive|JuanjoBoliche has 90 seconds left.\n|\n|t:|1733786027\n|move|p2a: Bellossom|Giga Drain|p1a: Medicham\n|-damage|p1a: Medicham|29/243\n|-heal|p2a: Bellossom|263/263|[from] drain|[of] p1a: Medicham\n|move|p1a: Medicham|Close Combat|p2a: Bellossom\n|-supereffective|p2a: Bellossom\n|-crit|p2a: Bellossom\n|-damage|p2a: Bellossom|0 fnt\n|-unboost|p1a: Medicham|def|1\n|-unboost|p1a: Medicham|spd|1\n|faint|p2a: Bellossom\n|\n|-weather|none\n|upkeep\n|\n|t:|1733786036\n|switch|p2a: Flutter Mane|Flutter Mane, L74|203/203\n|-activate|p2a: Flutter Mane|move: Sticky Web\n|-unboost|p2a: Flutter Mane|spe|1\n|turn|23\n|inactive|Jetsunami07 has 120 seconds left.\n|inactive|JuanjoBoliche has 90 seconds left.\n|inactive|Jetsunami07 has 90 seconds left.\n|\n|t:|1733786076\n|switch|p1a: Vikavolt|Vikavolt, L83, F|263/263\n|move|p2a: Flutter Mane|Moonblast|p1a: Vikavolt\n|-damage|p1a: Vikavolt|86/263\n|\n|upkeep\n|turn|24\n|inactive|Jetsunami07 has 90 seconds left.\n|\n|t:|1733786088\n|move|p2a: Flutter Mane|Moonblast|p1a: Vikavolt\n|-damage|p1a: Vikavolt|0 fnt\n|faint|p1a: Vikavolt\n|\n|upkeep\n|inactive|Jetsunami07 has 90 seconds left.\n|\n|t:|1733786094\n|switch|p1a: Medicham|Medicham, L86, M|29/243\n|turn|25\n|\n|t:|1733786098\n|-end|p2a: Flutter Mane|Protosynthesis|[silent]\n|switch|p2a: Arbok|Arbok, L87, F|76/246\n|-activate|p2a: Arbok|move: Sticky Web\n|-unboost|p2a: Arbok|spe|1\n|-ability|p2a: Arbok|Intimidate|boost\n|-unboost|p1a: Medicham|atk|1\n|move|p1a: Medicham|Zen Headbutt|p2a: Arbok\n|-supereffective|p2a: Arbok\n|-damage|p2a: Arbok|0 fnt\n|faint|p2a: Arbok\n|\n|upkeep\n|\n|t:|1733786107\n|switch|p2a: Solgaleo|Solgaleo, L74|325/325\n|-activate|p2a: Solgaleo|move: Sticky Web\n|-fail|p2a: Solgaleo|unboost|[from] ability: Full Metal Body|[of] p2a: Solgaleo\n|turn|26\n|inactive|Jetsunami07 has 90 seconds left.\n|\n|t:|1733786133\n|switch|p1a: Cyclizar|Cyclizar, L83, M|210/252\n|move|p2a: Solgaleo|Flame Charge|p1a: Cyclizar\n|-resisted|p1a: Cyclizar\n|-damage|p1a: Cyclizar|186/252\n|-boost|p2a: Solgaleo|spe|1\n|\n|upkeep\n|turn|27\n|inactive|Jetsunami07 has 90 seconds left.\n|\n|t:|1733786148\n|move|p2a: Solgaleo|Close Combat|p1a: Cyclizar\n|-supereffective|p1a: Cyclizar\n|-damage|p1a: Cyclizar|0 fnt\n|-unboost|p2a: Solgaleo|def|1\n|-unboost|p2a: Solgaleo|spd|1\n|faint|p1a: Cyclizar\n|\n|upkeep\n|\n|t:|1733786178\n|switch|p1a: Kyogre|Kyogre, L71|259/259\n|-weather|RainDance|[from] ability: Drizzle|[of] p1a: Kyogre\n|turn|28\n|\n|t:|1733786188\n|move|p2a: Solgaleo|Knock Off|p1a: Kyogre\n|-damage|p1a: Kyogre|171/259\n|-enditem|p1a: Kyogre|Choice Scarf|[from] move: Knock Off|[of] p2a: Solgaleo\n|move|p1a: Kyogre|Origin Pulse|p2a: Solgaleo\n|-damage|p2a: Solgaleo|46/325\n|\n|-weather|RainDance|[upkeep]\n|upkeep\n|turn|29\n|\n|t:|1733786202\n|move|p2a: Solgaleo|Sunsteel Strike|p1a: Kyogre\n|-resisted|p1a: Kyogre\n|-damage|p1a: Kyogre|106/259\n|move|p1a: Kyogre|Thunder|p2a: Solgaleo\n|-damage|p2a: Solgaleo|0 fnt\n|faint|p2a: Solgaleo\n|\n|-weather|RainDance|[upkeep]\n|upkeep\n|inactive|JuanjoBoliche has 120 seconds left.\n|\n|t:|1733786212\n|switch|p2a: Flutter Mane|Flutter Mane, L74|203/203\n|-activate|p2a: Flutter Mane|move: Sticky Web\n|-unboost|p2a: Flutter Mane|spe|1\n|turn|30\n|\n|t:|1733786227\n|move|p1a: Kyogre|Origin Pulse|p2a: Flutter Mane\n|-crit|p2a: Flutter Mane\n|-damage|p2a: Flutter Mane|0 fnt\n|faint|p2a: Flutter Mane\n|-end|p2a: Flutter Mane|Protosynthesis|[silent]\n|\n|-weather|RainDance|[upkeep]\n|upkeep\n|\n|t:|1733786230\n|switch|p2a: Iron Boulder|Iron Boulder, L77|265/265\n|-activate|p2a: Iron Boulder|move: Sticky Web\n|-unboost|p2a: Iron Boulder|spe|1\n|turn|31\n|\n|t:|1733786236\n|move|p1a: Kyogre|Origin Pulse|p2a: Iron Boulder\n|-supereffective|p2a: Iron Boulder\n|-damage|p2a: Iron Boulder|0 fnt\n|faint|p2a: Iron Boulder\n|-end|p2a: Iron Boulder|Quark Drive|[silent]\n|\n|win|Jetsunami07\n|raw|Jetsunami07's rating: 1340 &rarr; <strong>1362</strong><br />(+22 for winning)\n|raw|JuanjoBoliche's rating: 1369 &rarr; <strong>1347</strong><br />(-22 for losing)\n|l|\u2606JuanjoBoliche\n|player|p2|\n|c|\u2606Jetsunami07|gg  close game\n", "inputlog": ">version bfd83cad13791eb5a5a409923076391caf6fb4d4\n>start {\"formatid\":\"gen9randombattle\",\"seed\":[37429,50316,35636,26364],\"rated\":\"Rated battle\"}\n>player p1 {\"name\":\"Jetsunami07\",\"avatar\":\"pokemonbreeder-gen4\",\"rating\":1340,\"seed\":[40333,41932,32762,28740]}\n>player p2 {\"name\":\"JuanjoBoliche\",\"avatar\":\"1\",\"rating\":1327,\"seed\":[61925,49360,39084,65484]}\n>p1 move knockoff\n>p2 switch 3\n>p1 move dracometeor\n>p2 move coil\n>p1 move shedtail\n>p2 move gunkshot\n>p1 switch 4\n>p1 move coil\n>p2 switch 2\n>p1 move coil\n>p2 move irondefense\n>p1 move irontail\n>p2 move irondefense\n>p1 move coil\n>p2 move bodypress\n>p1 move irontail terastallize\n>p2 move bodypress\n>p1 move irontail\n>p2 move irondefense\n>p1 move irontail\n>p2 move recover\n>p1 move irontail\n>p2 move irondefense\n>p1 move coil\n>p2 move recover\n>p1 move irontail\n>p2 move shadowball\n>p1 move rest\n>p2 move shadowball\n>p1 move irontail\n>p2 move shadowball\n>p1 move irontail\n>p2 move shadowball\n>p2 switch 6\n>p1 move irontail\n>p2 move moonblast\n>p1 switch 2\n>p1 move waterspout\n>p2 switch 5\n>p1 switch 5\n>p2 move quiverdance\n>p1 move stickyweb\n>p2 move quiverdance terastallize\n>p1 move voltswitch\n>p2 move quiverdance\n>p1 switch 3\n>p1 move closecombat\n>p2 move gigadrain\n>p2 switch 5\n>p1 switch 3\n>p2 move moonblast\n>p1 move discharge\n>p2 move moonblast\n>p1 switch 3\n>p1 move zenheadbutt\n>p2 switch 2\n>p2 switch 3\n>p1 switch 4\n>p2 move flamecharge\n>p1 move shedtail\n>p2 move closecombat\n>p1 switch 5\n>p1 move originpulse\n>p2 move knockoff\n>p1 move thunder\n>p2 move sunsteelstrike\n>p2 switch 2\n>p1 move originpulse\n>p2 move thunderbolt\n>p2 switch 4\n>p1 move originpulse\n>p2 move closecombat", "uploadtime": 1733786365, "views": 2, "formatid": "gen9randombattle", "rating": 1347, "private": 0, "password": null}