{"id": "gen9randombattle-2260622050", "format": "[Gen 9] Random Battle", "players": ["leafeonsupremacy", "inourlifetime?"], "log": "|j|\u2606leafeonsupremacy\n|j|\u2606inourlifetime?\n|t:|1733870377\n|gametype|singles\n|player|p1|leafeonsupremacy|selene|1583\n|player|p2|inourlifetime?|scientist|1572\n|teamsize|p1|6\n|teamsize|p2|6\n|gen|9\n|tier|[Gen 9] Random Battle\n|rated|\n|rule|Species Clause: Limit one of each Pok\u00e9mon\n|rule|HP Percentage Mod: HP is shown in percentages\n|rule|Sleep Clause Mod: Limit one foe put to sleep\n|rule|Illusion Level Mod: Illusion disguises the Pok\u00e9mon's true level\n|\n|t:|1733870377\n|start\n|switch|p1a: Urshifu|Urshifu, L74, F|270/270\n|switch|p2a: Magearna|Magearna, L77|250/250\n|turn|1\n|inactive|Battle timer is ON: inactive players will automatically lose when time's up. (requested by inourlifetime?)\n|inactive|leafeonsupremacy also wants the timer to be on.\n|\n|t:|1733870385\n|switch|p1a: Registeel|Registeel, L81|262/262\n|move|p2a: Magearna|Fleur Cannon|p1a: Registeel\n|-resisted|p1a: Registeel\n|-damage|p1a: Registeel|214/262\n|-unboost|p2a: Magearna|spa|2\n|\n|-heal|p1a: Registeel|230/262|[from] item: Leftovers\n|upkeep\n|turn|2\n|\n|t:|1733870388\n|switch|p2a: Pelipper|Pelipper, L86, M|243/243\n|-weather|RainDance|[from] ability: Drizzle|[of] p2a: Pelipper\n|move|p1a: Registeel|Stealth Rock|p2a: Pelipper\n|-sidestart|p2: inourlifetime?|move: Stealth Rock\n|\n|-weather|RainDance|[upkeep]\n|-heal|p1a: Registeel|246/262|[from] item: Leftovers\n|upkeep\n|turn|3\n|\n|t:|1733870390\n|move|p2a: Pelipper|U-turn|p1a: Registeel\n|-resisted|p1a: Registeel\n|-damage|p1a: Registeel|234/262\n|\n|t:|1733870393\n|switch|p2a: Kingdra|Kingdra, L84, M|263/263|[from] U-turn\n|-damage|p2a: Kingdra|231/263|[from] Stealth Rock\n|move|p1a: Registeel|Thunder Wave|p2a: Kingdra\n|-status|p2a: Kingdra|par\n|-enditem|p2a: Kingdra|Lum Berry|[eat]\n|-curestatus|p2a: Kingdra|par|[msg]\n|\n|-weather|RainDance|[upkeep]\n|-heal|p1a: Registeel|250/262|[from] item: Leftovers\n|upkeep\n|turn|4\n|\n|t:|1733870397\n|move|p2a: Kingdra|Wave Crash|p1a: Registeel\n|-damage|p1a: Registeel|124/262\n|-damage|p2a: Kingdra|189/263|[from] Recoil\n|move|p1a: Registeel|Thunder Wave|p2a: Kingdra\n|-status|p2a: Kingdra|par\n|\n|-weather|RainDance|[upkeep]\n|-heal|p1a: Registeel|140/262|[from] item: Leftovers\n|upkeep\n|turn|5\n|\n|t:|1733870400\n|move|p2a: Kingdra|Wave Crash|p1a: Registeel\n|-damage|p1a: Registeel|1/262\n|-damage|p2a: Kingdra|143/263 par|[from] Recoil\n|move|p1a: Registeel|Body Press|p2a: Kingdra\n|-damage|p2a: Kingdra|78/263 par\n|\n|-weather|RainDance|[upkeep]\n|-heal|p1a: Registeel|17/262|[from] item: Leftovers\n|upkeep\n|turn|6\n|\n|t:|1733870409\n|cant|p2a: Kingdra|par\n|move|p1a: Registeel|Body Press|p2a: Kingdra\n|-damage|p2a: Kingdra|12/263 par\n|\n|-weather|none\n|-heal|p1a: Registeel|33/262|[from] item: Leftovers\n|upkeep\n|turn|7\n|\n|t:|1733870413\n|move|p1a: Registeel|Body Press|p2a: Kingdra\n|-damage|p2a: Kingdra|0 fnt\n|faint|p2a: Kingdra\n|\n|-heal|p1a: Registeel|49/262|[from] item: Leftovers\n|upkeep\n|\n|t:|1733870415\n|switch|p2a: Pelipper|Pelipper, L86, M|243/243\n|-weather|RainDance|[from] ability: Drizzle|[of] p2a: Pelipper\n|turn|8\n|\n|t:|1733870420\n|move|p2a: Pelipper|Surf|p1a: Registeel\n|-damage|p1a: Registeel|0 fnt\n|faint|p1a: Registeel\n|\n|-weather|RainDance|[upkeep]\n|upkeep\n|\n|t:|1733870423\n|switch|p1a: Lanturn|Lanturn, L89, M|367/367\n|turn|9\n|\n|t:|1733870426\n|move|p1a: Lanturn|Thunderbolt|p2a: Pelipper\n|-supereffective|p2a: Pelipper\n|-damage|p2a: Pelipper|0 fnt\n|faint|p2a: Pelipper\n|\n|-weather|RainDance|[upkeep]\n|upkeep\n|\n|t:|1733870429\n|switch|p2a: Magearna|Magearna, L77|250/250\n|-damage|p2a: Magearna|235/250|[from] Stealth Rock\n|turn|10\n|\n|t:|1733870431\n|move|p1a: Lanturn|Thunder Wave|p2a: Magearna\n|-status|p2a: Magearna|par\n|move|p2a: Magearna|Calm Mind|p2a: Magearna\n|-boost|p2a: Magearna|spa|1\n|-boost|p2a: Magearna|spd|1\n|\n|-weather|RainDance|[upkeep]\n|-heal|p2a: Magearna|250/250 par|[from] item: Leftovers\n|upkeep\n|turn|11\n|\n|t:|1733870435\n|move|p1a: Lanturn|Scald|p2a: Magearna\n|-damage|p2a: Magearna|183/250 par\n|move|p2a: Magearna|Calm Mind|p2a: Magearna\n|-boost|p2a: Magearna|spa|1\n|-boost|p2a: Magearna|spd|1\n|\n|-weather|RainDance|[upkeep]\n|-heal|p2a: Magearna|198/250 par|[from] item: Leftovers\n|upkeep\n|turn|12\n|\n|t:|1733870440\n|move|p1a: Lanturn|Scald|p2a: Magearna\n|-damage|p2a: Magearna|144/250 par\n|move|p2a: Magearna|Shift Gear|p2a: Magearna\n|-boost|p2a: Magearna|spe|2\n|-boost|p2a: Magearna|atk|1\n|\n|-weather|none\n|-heal|p2a: Magearna|159/250 par|[from] item: Leftovers\n|upkeep\n|turn|13\n|\n|t:|1733870444\n|switch|p1a: Golem|Golem-Alola, L93, F|300/300\n|move|p2a: Magearna|Calm Mind|p2a: Magearna\n|-boost|p2a: Magearna|spa|1\n|-boost|p2a: Magearna|spd|1\n|\n|-heal|p2a: Magearna|174/250 par|[from] item: Leftovers\n|upkeep\n|turn|14\n|\n|t:|1733870449\n|-terastallize|p2a: Magearna|Flying\n|cant|p2a: Magearna|par\n|move|p1a: Golem|Earthquake|p2a: Magearna\n|-immune|p2a: Magearna\n|\n|-heal|p2a: Magearna|189/250 par|[from] item: Leftovers\n|upkeep\n|turn|15\n|\n|t:|1733870452\n|switch|p1a: Lanturn|Lanturn, L89, M|367/367\n|cant|p2a: Magearna|par\n|\n|-heal|p2a: Magearna|204/250 par|[from] item: Leftovers\n|upkeep\n|turn|16\n|\n|t:|1733870456\n|move|p1a: Lanturn|Thunderbolt|p2a: Magearna\n|-supereffective|p2a: Magearna\n|-damage|p2a: Magearna|144/250 par\n|move|p2a: Magearna|Calm Mind|p2a: Magearna\n|-boost|p2a: Magearna|spa|1\n|-boost|p2a: Magearna|spd|1\n|\n|-heal|p2a: Magearna|159/250 par|[from] item: Leftovers\n|upkeep\n|turn|17\n|\n|t:|1733870461\n|move|p1a: Lanturn|Thunderbolt|p2a: Magearna\n|-supereffective|p2a: Magearna\n|-damage|p2a: Magearna|103/250 par\n|cant|p2a: Magearna|par\n|\n|-heal|p2a: Magearna|118/250 par|[from] item: Leftovers\n|upkeep\n|turn|18\n|\n|t:|1733870467\n|move|p1a: Lanturn|Thunderbolt|p2a: Magearna\n|-supereffective|p2a: Magearna\n|-crit|p2a: Magearna\n|-damage|p2a: Magearna|0 fnt\n|faint|p2a: Magearna\n|\n|upkeep\n|n|!inourlifetime?|inourlifetime\n|-message|inourlifetime? forfeited.\n|\n|win|leafeonsupremacy\n", "inputlog": ">version bfd83cad13791eb5a5a409923076391caf6fb4d4\n>start {\"formatid\":\"gen9randombattle\",\"seed\":[29219,53257,41061,25285],\"rated\":\"Rated battle\"}\n>player p1 {\"name\":\"leafeonsupremacy\",\"avatar\":\"selene\",\"rating\":1583,\"seed\":[7915,41987,12105,3710]}\n>player p2 {\"name\":\"inourlifetime?\",\"avatar\":\"scientist\",\"rating\":1572,\"seed\":[21492,26199,11667,63136]}\n>p1 switch 2\n>p2 move fleurcannon\n>p1 move stealthrock\n>p2 switch 2\n>p1 move thunderwave\n>p2 move uturn\n>p2 switch 3\n>p1 move thunderwave\n>p2 move wavecrash\n>p1 move bodypress\n>p2 move wavecrash\n>p1 move bodypress\n>p2 move waterfall\n>p1 move bodypress\n>p2 move waterfall\n>p2 switch 3\n>p1 move thunderwave\n>p2 move surf\n>p1 switch 4\n>p1 move thunderbolt\n>p2 move uturn\n>p2 switch 2\n>p1 move thunderwave\n>p2 move calmmind\n>p1 move scald\n>p2 move calmmind\n>p1 move scald\n>p2 move shiftgear\n>p1 switch 3\n>p2 move calmmind\n>p1 move earthquake\n>p2 move flashcannon terastallize\n>p1 switch 3\n>p2 move flashcannon\n>p1 move thunderbolt\n>p2 move calmmind\n>p1 move thunderbolt\n>p2 move fleurcannon\n>p1 move thunderbolt\n>p2 move fleurcannon\n>chat \u2606inourlifetime?|fuck you \n>forcelose p2", "uploadtime": 1733870473, "views": 1, "formatid": "gen9randombattle", "rating": null, "private": 0, "password": null}