{"id": "gen9randombattle-2065258058", "format": "[Gen 9] Random Battle", "players": ["FaZe Alec Baldwin", "kandkad"], "log": "|j|\u203dFaZe Alec Baldwin\n|j|\u2606kandkad\n|t:|1708621667\n|gametype|singles\n|player|p1|FaZe Alec Baldwin|drayden|2291\n|player|p2|kandkad|clemont|2317\n|teamsize|p1|6\n|teamsize|p2|6\n|gen|9\n|tier|[Gen 9] Random Battle\n|rated|\n|rule|Species Clause: Limit one of each Pok\u00e9mon\n|rule|HP Percentage Mod: HP is shown in percentages\n|rule|Sleep Clause Mod: Limit one foe put to sleep\n|rule|Illusion Level Mod: Illusion disguises the Pok\u00e9mon's true level\n|\n|t:|1708621667\n|start\n|switch|p1a: Blastoise|Blastoise, L80, F|258/258\n|switch|p2a: Tropius|Tropius, L90, M|324/324\n|turn|1\n|inactive|Battle timer is ON: inactive players will automatically lose when time's up. (requested by kandkad)\n|\n|t:|1708621678\n|move|p1a: Blastoise|Ice Beam|p2a: Tropius\n|-supereffective|p2a: Tropius\n|-damage|p2a: Tropius|124/324\n|-enditem|p2a: Tropius|Sitrus Berry|[eat]\n|-heal|p2a: Tropius|205/324|[from] item: Sitrus Berry\n|move|p2a: Tropius|Substitute|p2a: Tropius\n|-start|p2a: Tropius|Substitute\n|-damage|p2a: Tropius|124/324\n|\n|-item|p2a: Tropius|Sitrus Berry|[from] ability: Harvest\n|upkeep\n|-enditem|p2a: Tropius|Sitrus Berry|[eat]\n|-heal|p2a: Tropius|205/324|[from] item: Sitrus Berry\n|turn|2\n|\n|t:|1708621693\n|move|p1a: Blastoise|Ice Beam|p2a: Tropius\n|-supereffective|p2a: Tropius\n|-crit|p2a: Tropius\n|-end|p2a: Tropius|Substitute\n|move|p2a: Tropius|Leech Seed|p1a: Blastoise\n|-start|p1a: Blastoise|move: Leech Seed\n|\n|-damage|p1a: Blastoise|226/258|[from] Leech Seed|[of] p2a: Tropius\n|-heal|p2a: Tropius|237/324|[silent]\n|upkeep\n|turn|3\n|\n|t:|1708621698\n|switch|p1a: Donphan|Donphan, L84, F|288/288\n|move|p2a: Tropius|Substitute|p2a: Tropius\n|-start|p2a: Tropius|Substitute\n|-damage|p2a: Tropius|156/324\n|\n|upkeep\n|turn|4\n|\n|t:|1708621704\n|move|p2a: Tropius|Leech Seed|p1a: Donphan\n|-start|p1a: Donphan|move: Leech Seed\n|move|p1a: Donphan|Stealth Rock|p2a: Tropius\n|-sidestart|p2: kandkad|move: Stealth Rock\n|\n|-damage|p1a: Donphan|252/288|[from] Leech Seed|[of] p2a: Tropius\n|-heal|p2a: Tropius|192/324|[silent]\n|upkeep\n|turn|5\n|\n|t:|1708621709\n|move|p2a: Tropius|Air Slash|p1a: Donphan\n|-damage|p1a: Donphan|150/288\n|cant|p1a: Donphan|flinch\n|\n|-heal|p1a: Donphan|168/288|[from] item: Leftovers\n|-damage|p1a: Donphan|132/288|[from] Leech Seed|[of] p2a: Tropius\n|-heal|p2a: Tropius|228/324|[silent]\n|-item|p2a: Tropius|Sitrus Berry|[from] ability: Harvest\n|upkeep\n|turn|6\n|\n|t:|1708621714\n|move|p2a: Tropius|Protect|p2a: Tropius\n|-singleturn|p2a: Tropius|Protect\n|move|p1a: Donphan|Rapid Spin|p2a: Tropius\n|-activate|p2a: Tropius|move: Protect\n|\n|-heal|p1a: Donphan|150/288|[from] item: Leftovers\n|-damage|p1a: Donphan|114/288|[from] Leech Seed|[of] p2a: Tropius\n|-heal|p2a: Tropius|264/324|[silent]\n|upkeep\n|turn|7\n|\n|t:|1708621720\n|move|p2a: Tropius|Air Slash|p1a: Donphan\n|-damage|p1a: Donphan|18/288\n|move|p1a: Donphan|Rapid Spin|p2a: Tropius\n|-activate|p2a: Tropius|move: Substitute|[damage]\n|-end|p1a: Donphan|Leech Seed|[from] move: Rapid Spin|[of] p1a: Donphan\n|-boost|p1a: Donphan|spe|1\n|\n|-heal|p1a: Donphan|36/288|[from] item: Leftovers\n|upkeep\n|turn|8\n|\n|t:|1708621728\n|move|p1a: Donphan|Knock Off|p2a: Tropius\n|-end|p2a: Tropius|Substitute\n|move|p2a: Tropius|Air Slash|p1a: Donphan\n|-damage|p1a: Donphan|0 fnt\n|faint|p1a: Donphan\n|\n|upkeep\n|\n|t:|1708621731\n|switch|p1a: Blastoise|Blastoise, L80, F|226/258\n|turn|9\n|\n|t:|1708621734\n|move|p1a: Blastoise|Shell Smash|p1a: Blastoise\n|-unboost|p1a: Blastoise|def|1\n|-unboost|p1a: Blastoise|spd|1\n|-boost|p1a: Blastoise|atk|2\n|-boost|p1a: Blastoise|spa|2\n|-boost|p1a: Blastoise|spe|2\n|-enditem|p1a: Blastoise|White Herb\n|-clearnegativeboost|p1a: Blastoise|[silent]\n|move|p2a: Tropius|Substitute|p2a: Tropius\n|-start|p2a: Tropius|Substitute\n|-damage|p2a: Tropius|183/324\n|\n|upkeep\n|turn|10\n|\n|t:|1708621743\n|move|p2a: Tropius|Protect|p2a: Tropius\n|-singleturn|p2a: Tropius|Protect\n|move|p1a: Blastoise|Ice Beam|p2a: Tropius\n|-activate|p2a: Tropius|move: Protect\n|\n|upkeep\n|turn|11\n|\n|t:|1708621746\n|move|p1a: Blastoise|Ice Beam|p2a: Tropius\n|-supereffective|p2a: Tropius\n|-end|p2a: Tropius|Substitute\n|move|p2a: Tropius|Substitute|p2a: Tropius\n|-start|p2a: Tropius|Substitute\n|-damage|p2a: Tropius|102/324\n|-enditem|p2a: Tropius|Sitrus Berry|[eat]\n|-heal|p2a: Tropius|183/324|[from] item: Sitrus Berry\n|\n|-item|p2a: Tropius|Sitrus Berry|[from] ability: Harvest\n|upkeep\n|turn|12\n|\n|t:|1708621749\n|move|p2a: Tropius|Protect|p2a: Tropius\n|-singleturn|p2a: Tropius|Protect\n|move|p1a: Blastoise|Ice Beam|p2a: Tropius\n|-activate|p2a: Tropius|move: Protect\n|\n|upkeep\n|turn|13\n|\n|t:|1708621752\n|move|p1a: Blastoise|Ice Beam|p2a: Tropius\n|-supereffective|p2a: Tropius\n|-end|p2a: Tropius|Substitute\n|move|p2a: Tropius|Substitute|p2a: Tropius\n|-start|p2a: Tropius|Substitute\n|-damage|p2a: Tropius|102/324\n|-enditem|p2a: Tropius|Sitrus Berry|[eat]\n|-heal|p2a: Tropius|183/324|[from] item: Sitrus Berry\n|\n|-item|p2a: Tropius|Sitrus Berry|[from] ability: Harvest\n|upkeep\n|turn|14\n|\n|t:|1708621756\n|move|p2a: Tropius|Protect|p2a: Tropius\n|-singleturn|p2a: Tropius|Protect\n|move|p1a: Blastoise|Ice Beam|p2a: Tropius\n|-activate|p2a: Tropius|move: Protect\n|\n|upkeep\n|turn|15\n|\n|t:|1708621760\n|move|p1a: Blastoise|Ice Beam|p2a: Tropius\n|-supereffective|p2a: Tropius\n|-end|p2a: Tropius|Substitute\n|move|p2a: Tropius|Substitute|p2a: Tropius\n|-start|p2a: Tropius|Substitute\n|-damage|p2a: Tropius|102/324\n|-enditem|p2a: Tropius|Sitrus Berry|[eat]\n|-heal|p2a: Tropius|183/324|[from] item: Sitrus Berry\n|\n|upkeep\n|turn|16\n|\n|t:|1708621763\n|move|p2a: Tropius|Protect|p2a: Tropius\n|-singleturn|p2a: Tropius|Protect\n|move|p1a: Blastoise|Ice Beam|p2a: Tropius\n|-activate|p2a: Tropius|move: Protect\n|\n|-item|p2a: Tropius|Sitrus Berry|[from] ability: Harvest\n|upkeep\n|turn|17\n|\n|t:|1708621766\n|move|p1a: Blastoise|Ice Beam|p2a: Tropius\n|-supereffective|p2a: Tropius\n|-crit|p2a: Tropius\n|-end|p2a: Tropius|Substitute\n|move|p2a: Tropius|Substitute|p2a: Tropius\n|-start|p2a: Tropius|Substitute\n|-damage|p2a: Tropius|102/324\n|-enditem|p2a: Tropius|Sitrus Berry|[eat]\n|-heal|p2a: Tropius|183/324|[from] item: Sitrus Berry\n|\n|upkeep\n|turn|18\n|\n|t:|1708621770\n|move|p2a: Tropius|Protect|p2a: Tropius\n|-singleturn|p2a: Tropius|Protect\n|move|p1a: Blastoise|Earthquake|p2a: Tropius\n|-activate|p2a: Tropius|move: Protect\n|\n|-item|p2a: Tropius|Sitrus Berry|[from] ability: Harvest\n|upkeep\n|turn|19\n|\n|t:|1708621772\n|move|p1a: Blastoise|Ice Beam|p2a: Tropius\n|-supereffective|p2a: Tropius\n|-end|p2a: Tropius|Substitute\n|move|p2a: Tropius|Substitute|p2a: Tropius\n|-start|p2a: Tropius|Substitute\n|-damage|p2a: Tropius|102/324\n|-enditem|p2a: Tropius|Sitrus Berry|[eat]\n|-heal|p2a: Tropius|183/324|[from] item: Sitrus Berry\n|\n|upkeep\n|turn|20\n|\n|t:|1708621775\n|move|p2a: Tropius|Protect|p2a: Tropius\n|-singleturn|p2a: Tropius|Protect\n|move|p1a: Blastoise|Hydro Pump|p2a: Tropius\n|-activate|p2a: Tropius|move: Protect\n|\n|upkeep\n|turn|21\n|\n|t:|1708621780\n|move|p1a: Blastoise|Ice Beam|p2a: Tropius\n|-supereffective|p2a: Tropius\n|-end|p2a: Tropius|Substitute\n|move|p2a: Tropius|Substitute|p2a: Tropius\n|-start|p2a: Tropius|Substitute\n|-damage|p2a: Tropius|102/324\n|\n|-item|p2a: Tropius|Sitrus Berry|[from] ability: Harvest\n|upkeep\n|-enditem|p2a: Tropius|Sitrus Berry|[eat]\n|-heal|p2a: Tropius|183/324|[from] item: Sitrus Berry\n|turn|22\n|\n|t:|1708621786\n|move|p2a: Tropius|Protect|p2a: Tropius\n|-singleturn|p2a: Tropius|Protect\n|move|p1a: Blastoise|Earthquake|p2a: Tropius\n|-activate|p2a: Tropius|move: Protect\n|\n|upkeep\n|turn|23\n|\n|t:|1708621790\n|move|p1a: Blastoise|Hydro Pump|p2a: Tropius|[miss]\n|-miss|p1a: Blastoise|p2a: Tropius\n|move|p2a: Tropius|Substitute|p2a: Tropius\n|-fail|p2a: Tropius|move: Substitute\n|\n|-item|p2a: Tropius|Sitrus Berry|[from] ability: Harvest\n|upkeep\n|turn|24\n|\n|t:|1708621793\n|move|p2a: Tropius|Protect|p2a: Tropius\n|-singleturn|p2a: Tropius|Protect\n|move|p1a: Blastoise|Ice Beam|p2a: Tropius\n|-activate|p2a: Tropius|move: Protect\n|\n|upkeep\n|turn|25\n|\n|t:|1708621796\n|move|p1a: Blastoise|Hydro Pump|p2a: Tropius|[miss]\n|-miss|p1a: Blastoise|p2a: Tropius\n|move|p2a: Tropius|Substitute|p2a: Tropius\n|-fail|p2a: Tropius|move: Substitute\n|\n|upkeep\n|turn|26\n|\n|t:|1708621799\n|move|p1a: Blastoise|Hydro Pump|p2a: Tropius\n|-resisted|p2a: Tropius\n|-end|p2a: Tropius|Substitute\n|move|p2a: Tropius|Leech Seed|p1a: Blastoise|[miss]\n|-miss|p2a: Tropius|p1a: Blastoise\n|\n|upkeep\n|turn|27\n|\n|t:|1708621803\n|move|p2a: Tropius|Protect|p2a: Tropius\n|-singleturn|p2a: Tropius|Protect\n|move|p1a: Blastoise|Shell Smash|p1a: Blastoise\n|-unboost|p1a: Blastoise|def|1\n|-unboost|p1a: Blastoise|spd|1\n|-boost|p1a: Blastoise|atk|2\n|-boost|p1a: Blastoise|spa|2\n|-boost|p1a: Blastoise|spe|2\n|\n|upkeep\n|turn|28\n|\n|t:|1708621811\n|-terastallize|p2a: Tropius|Steel\n|move|p1a: Blastoise|Hydro Pump|p2a: Tropius\n|-damage|p2a: Tropius|0 fnt\n|faint|p2a: Tropius\n|\n|upkeep\n|\n|t:|1708621820\n|switch|p2a: Goodra|Goodra, L85, F|292/292\n|-damage|p2a: Goodra|256/292|[from] Stealth Rock\n|turn|29\n|\n|t:|1708621826\n|-terastallize|p1a: Blastoise|Ground\n|move|p1a: Blastoise|Earthquake|p2a: Goodra\n|-damage|p2a: Goodra|0 fnt\n|faint|p2a: Goodra\n|\n|upkeep\n|\n|t:|1708621836\n|switch|p2a: Dudunsparce|Dudunsparce-Three-Segment, L82, M|339/339\n|-damage|p2a: Dudunsparce|297/339|[from] Stealth Rock\n|turn|30\n|\n|t:|1708621842\n|move|p1a: Blastoise|Earthquake|p2a: Dudunsparce\n|-damage|p2a: Dudunsparce|21/339\n|move|p2a: Dudunsparce|Boomburst|p1a: Blastoise\n|-damage|p1a: Blastoise|63/258\n|\n|-heal|p2a: Dudunsparce|42/339|[from] item: Leftovers\n|upkeep\n|turn|31\n|\n|t:|1708621851\n|move|p1a: Blastoise|Earthquake|p2a: Dudunsparce\n|-damage|p2a: Dudunsparce|0 fnt\n|faint|p2a: Dudunsparce\n|\n|upkeep\n|\n|t:|1708621852\n|switch|p2a: Breloom|Breloom, L82, M|233/233\n|-damage|p2a: Breloom|219/233|[from] Stealth Rock\n|turn|32\n|\n|t:|1708621867\n|move|p2a: Breloom|Mach Punch|p1a: Blastoise\n|-damage|p1a: Blastoise|0 fnt\n|faint|p1a: Blastoise\n|-damage|p2a: Breloom|196/233|[from] item: Life Orb\n|\n|upkeep\n|\n|t:|1708621872\n|switch|p1a: Armarouge|Armarouge, L81, M|270/270\n|turn|33\n|inactive|kandkad has 120 seconds left.\n|\n|t:|1708621902\n|move|p1a: Armarouge|Armor Cannon|p2a: Breloom\n|-supereffective|p2a: Breloom\n|-damage|p2a: Breloom|0 fnt\n|-unboost|p1a: Armarouge|def|1\n|-unboost|p1a: Armarouge|spd|1\n|faint|p2a: Breloom\n|\n|upkeep\n|\n|t:|1708621904\n|switch|p2a: Floatzel|Floatzel, L85, F|283/283\n|-damage|p2a: Floatzel|248/283|[from] Stealth Rock\n|turn|34\n|\n|t:|1708621911\n|switch|p1a: Bellossom|Bellossom, L85, M|266/266\n|move|p2a: Floatzel|Flip Turn|p1a: Bellossom\n|-resisted|p1a: Bellossom\n|-damage|p1a: Bellossom|221/266\n|\n|t:|1708621914\n|switch|p2a: Weezing|Weezing, L88, M|258/258|[from] Flip Turn\n|-damage|p2a: Weezing|226/258|[from] Stealth Rock\n|\n|-heal|p2a: Weezing|242/258|[from] item: Leftovers\n|-heal|p1a: Bellossom|237/266|[from] item: Leftovers\n|upkeep\n|turn|35\n|\n|t:|1708621922\n|switch|p1a: Smeargle|Smeargle, L90, F|245/245\n|move|p2a: Weezing|Sludge Bomb|p1a: Smeargle\n|-damage|p1a: Smeargle|92/245\n|\n|-heal|p2a: Weezing|258/258|[from] item: Leftovers\n|upkeep\n|turn|36\n|\n|t:|1708621928\n|move|p1a: Smeargle|Spore|p2a: Weezing\n|-status|p2a: Weezing|slp|[from] move: Spore\n|cant|p2a: Weezing|slp\n|\n|upkeep\n|turn|37\n|\n|t:|1708621931\n|move|p1a: Smeargle|Sticky Web|p2a: Weezing\n|-sidestart|p2: kandkad|move: Sticky Web\n|-curestatus|p2a: Weezing|slp|[msg]\n|move|p2a: Weezing|Sludge Bomb|p1a: Smeargle\n|-damage|p1a: Smeargle|0 fnt\n|faint|p1a: Smeargle\n|\n|upkeep\n|\n|t:|1708621937\n|switch|p1a: Armarouge|Armarouge, L81, M|270/270\n|turn|38\n|inactive|kandkad has 120 seconds left.\n|\n|t:|1708621971\n|move|p1a: Armarouge|Psyshock|p2a: Weezing\n|-supereffective|p2a: Weezing\n|-damage|p2a: Weezing|48/258\n|move|p2a: Weezing|Sludge Bomb|p1a: Armarouge\n|-damage|p1a: Armarouge|164/270\n|\n|-heal|p2a: Weezing|64/258|[from] item: Leftovers\n|upkeep\n|turn|39\n|\n|t:|1708621979\n|move|p1a: Armarouge|Psyshock|p2a: Weezing\n|-supereffective|p2a: Weezing\n|-damage|p2a: Weezing|0 fnt\n|faint|p2a: Weezing\n|\n|upkeep\n|\n|t:|1708621982\n|switch|p2a: Floatzel|Floatzel, L85, F|248/283\n|-damage|p2a: Floatzel|213/283|[from] Stealth Rock\n|-activate|p2a: Floatzel|move: Sticky Web\n|-unboost|p2a: Floatzel|spe|1\n|turn|40\n|\n|t:|1708621985\n|move|p1a: Armarouge|Psyshock|p2a: Floatzel\n|-damage|p2a: Floatzel|6/283\n|move|p2a: Floatzel|Flip Turn|p1a: Armarouge\n|-supereffective|p1a: Armarouge\n|-damage|p1a: Armarouge|0 fnt\n|faint|p1a: Armarouge\n|\n|upkeep\n|\n|t:|1708621990\n|switch|p1a: Bellossom|Bellossom, L85, M|237/266\n|turn|41\n|\n|t:|1708622007\n|move|p2a: Floatzel|Flip Turn|p1a: Bellossom\n|-resisted|p1a: Bellossom\n|-damage|p1a: Bellossom|191/266\n|move|p1a: Bellossom|Giga Drain|p2a: Floatzel\n|-supereffective|p2a: Floatzel\n|-damage|p2a: Floatzel|0 fnt\n|-heal|p1a: Bellossom|194/266|[from] drain|[of] p2a: Floatzel\n|faint|p2a: Floatzel\n|\n|win|FaZe Alec Baldwin\n|raw|FaZe Alec Baldwin's rating: 2291 &rarr; <strong>2312</strong><br />(+21 for winning)\n|raw|kandkad's rating: 2317 &rarr; <strong>2296</strong><br />(-21 for losing)\n", "inputlog": ">version d0506a1349a3e05f66a13a5ab77846dda519ec99\n>start {\"formatid\":\"gen9randombattle\",\"seed\":[64840,36371,7270,27064],\"rated\":\"Rated battle\"}\n>player p1 {\"name\":\"FaZe Alec Baldwin\",\"avatar\":\"drayden\",\"rating\":2291,\"seed\":[60831,15253,38039,17238]}\n>player p2 {\"name\":\"kandkad\",\"avatar\":\"clemont\",\"rating\":2317,\"seed\":[18045,12704,53663,51382]}\n>p1 move icebeam\n>p2 move substitute\n>p1 move icebeam\n>p2 move leechseed\n>p1 switch 4\n>p2 move substitute\n>p1 move stealthrock\n>p2 move leechseed\n>p1 move rapidspin\n>p2 move airslash\n>p1 move rapidspin\n>p2 move protect\n>p1 move rapidspin\n>p2 move airslash\n>p1 move knockoff\n>p2 move airslash\n>p1 switch 4\n>p1 move shellsmash\n>p2 move substitute\n>p1 move icebeam\n>p2 move protect\n>p1 move icebeam\n>p2 move substitute\n>p1 move icebeam\n>p2 move protect\n>p1 move icebeam\n>p2 move substitute\n>p1 move icebeam\n>p2 move protect\n>p1 move icebeam\n>p2 move substitute\n>p1 move icebeam\n>p2 move protect\n>p1 move icebeam\n>p2 move substitute\n>p1 move earthquake\n>p2 move protect\n>p1 move icebeam\n>p2 move substitute\n>p1 move hydropump\n>p2 move protect\n>p1 move icebeam\n>p2 move substitute\n>p1 move earthquake\n>p2 move protect\n>p1 move hydropump\n>p2 move substitute\n>p1 move icebeam\n>p2 move protect\n>p1 move hydropump\n>p2 move substitute\n>p1 move hydropump\n>p2 move leechseed\n>p1 move shellsmash\n>p2 move protect\n>p1 move hydropump\n>p2 move substitute terastallize\n>p2 switch 2\n>p1 move earthquake terastallize\n>p2 move powerwhip\n>p2 switch 5\n>p1 move earthquake\n>p2 move boomburst\n>p1 move earthquake\n>p2 move boomburst\n>p2 switch 3\n>p1 move icebeam\n>p2 move machpunch\n>p1 switch 3\n>p1 move armorcannon\n>p2 move spore\n>p2 switch 6\n>p1 switch 6\n>p2 move flipturn\n>p2 switch 4\n>p1 switch 5\n>p2 move sludgebomb\n>p1 move spore\n>p2 move sludgebomb\n>p1 move stickyweb\n>p2 move sludgebomb\n>p1 switch 6\n>p1 move psyshock\n>p2 move sludgebomb\n>p1 move psyshock\n>p2 move sludgebomb\n>p2 switch 4\n>p1 move psyshock\n>p2 move flipturn\n>p1 switch 5\n>p1 move gigadrain\n>p2 move flipturn", "uploadtime": 1708622010, "views": 336, "formatid": "gen9randombattle", "rating": 2296, "private": 0, "password": null}