{"id": "gen9randombattle-2260668112", "format": "[Gen 9] Random Battle", "players": ["Mathxxx", "pringlesconsoomr14"], "log": "|j|\u2606Mathxxx\n|j|\u2606pringlesconsoomr14\n|t:|1733876057\n|gametype|singles\n|player|p1|Mathxxx|medium|\n|player|p2|pringlesconsoomr14|interviewers|\n|teamsize|p1|6\n|teamsize|p2|6\n|gen|9\n|tier|[Gen 9] Random Battle\n|rule|Species Clause: Limit one of each Pok\u00e9mon\n|rule|HP Percentage Mod: HP is shown in percentages\n|rule|Sleep Clause Mod: Limit one foe put to sleep\n|rule|Illusion Level Mod: Illusion disguises the Pok\u00e9mon's true level\n|\n|t:|1733876057\n|start\n|switch|p1a: Deoxys|Deoxys-Speed, L82|216/216\n|switch|p2a: Probopass|Probopass, L92, F|260/260\n|-ability|p1a: Deoxys|Pressure\n|turn|1\n|inactive|Battle timer is ON: inactive players will automatically lose when time's up. (requested by pringlesconsoomr14)\n|inactive|Mathxxx has 270 seconds left.\n|\n|t:|1733876099\n|switch|p1a: Gogoat|Gogoat, L88, M|360/360\n|switch|p2a: Wigglytuff|Wigglytuff, L96, F|424/424\n|\n|upkeep\n|turn|2\n|\n|t:|1733876108\n|move|p1a: Gogoat|Bulk Up|p1a: Gogoat\n|-boost|p1a: Gogoat|atk|1\n|-boost|p1a: Gogoat|def|1\n|move|p2a: Wigglytuff|Knock Off|p1a: Gogoat\n|-damage|p1a: Gogoat|304/360\n|-enditem|p1a: Gogoat|Leftovers|[from] move: Knock Off|[of] p2a: Wigglytuff\n|\n|upkeep\n|turn|3\n|\n|t:|1733876121\n|move|p1a: Gogoat|Horn Leech|p2a: Wigglytuff\n|-damage|p2a: Wigglytuff|253/424\n|-heal|p1a: Gogoat|360/360|[from] drain|[of] p2a: Wigglytuff\n|move|p2a: Wigglytuff|Alluring Voice|p1a: Gogoat\n|-damage|p1a: Gogoat|257/360\n|\n|-heal|p2a: Wigglytuff|279/424|[from] item: Leftovers\n|upkeep\n|turn|4\n|\n|t:|1733876128\n|move|p1a: Gogoat|Bulk Up|p1a: Gogoat\n|-boost|p1a: Gogoat|atk|1\n|-boost|p1a: Gogoat|def|1\n|move|p2a: Wigglytuff|Fire Blast|p1a: Gogoat\n|-supereffective|p1a: Gogoat\n|-damage|p1a: Gogoat|63/360\n|\n|-heal|p2a: Wigglytuff|305/424|[from] item: Leftovers\n|upkeep\n|turn|5\n|\n|t:|1733876137\n|move|p1a: Gogoat|Horn Leech|p2a: Wigglytuff\n|-damage|p2a: Wigglytuff|46/424\n|-heal|p1a: Gogoat|193/360|[from] drain|[of] p2a: Wigglytuff\n|move|p2a: Wigglytuff|Fire Blast|p1a: Gogoat\n|-supereffective|p1a: Gogoat\n|-damage|p1a: Gogoat|15/360\n|\n|-heal|p2a: Wigglytuff|72/424|[from] item: Leftovers\n|upkeep\n|turn|6\n|\n|t:|1733876146\n|move|p1a: Gogoat|Horn Leech|p2a: Wigglytuff\n|-damage|p2a: Wigglytuff|0 fnt\n|-heal|p1a: Gogoat|51/360|[from] drain|[of] p2a: Wigglytuff\n|faint|p2a: Wigglytuff\n|\n|upkeep\n|\n|t:|1733876159\n|switch|p2a: Talonflame|Talonflame, L83, F|265/265\n|turn|7\n|inactive|Mathxxx has 270 seconds left.\n|\n|t:|1733876208\n|switch|p1a: Araquanid|Araquanid, L82, M|246/246\n|move|p2a: Talonflame|Brave Bird|p1a: Araquanid\n|-supereffective|p1a: Araquanid\n|-damage|p1a: Araquanid|10/246\n|-damage|p2a: Talonflame|187/265|[from] Recoil\n|\n|upkeep\n|turn|8\n|\n|t:|1733876220\n|move|p2a: Talonflame|Brave Bird|p1a: Araquanid\n|-supereffective|p1a: Araquanid\n|-damage|p1a: Araquanid|0 fnt\n|faint|p1a: Araquanid\n|-damage|p2a: Talonflame|184/265|[from] Recoil\n|\n|upkeep\n|\n|t:|1733876230\n|switch|p1a: Enamorus|Enamorus, L79, F|247/247\n|turn|9\n|\n|t:|1733876234\n|switch|p2a: Probopass|Probopass, L92, F|260/260\n|move|p1a: Enamorus|Moonblast|p2a: Probopass\n|-resisted|p2a: Probopass\n|-damage|p2a: Probopass|228/260\n|\n|upkeep\n|turn|10\n|inactive|Mathxxx has 270 seconds left.\n|\n|t:|1733876243\n|-terastallize|p1a: Enamorus|Ground\n|move|p1a: Enamorus|Earth Power|p2a: Probopass\n|-supereffective|p2a: Probopass\n|-damage|p2a: Probopass|0 fnt\n|faint|p2a: Probopass\n|\n|upkeep\n|\n|t:|1733876263\n|switch|p2a: Umbreon|Umbreon, L84, M|297/297\n|turn|11\n|\n|t:|1733876268\n|move|p1a: Enamorus|Moonblast|p2a: Umbreon\n|-supereffective|p2a: Umbreon\n|-damage|p2a: Umbreon|133/297\n|move|p2a: Umbreon|Toxic|p1a: Enamorus\n|-status|p1a: Enamorus|tox\n|\n|-heal|p2a: Umbreon|151/297|[from] item: Leftovers\n|-damage|p1a: Enamorus|232/247 tox|[from] psn\n|upkeep\n|turn|12\n|\n|t:|1733876275\n|switch|p2a: Tinkaton|Tinkaton, L82, F|274/274\n|-ability|p2a: Tinkaton|Mold Breaker\n|move|p1a: Enamorus|Moonblast|p2a: Tinkaton\n|-resisted|p2a: Tinkaton\n|-damage|p2a: Tinkaton|217/274\n|-unboost|p2a: Tinkaton|spa|1\n|\n|-heal|p2a: Tinkaton|234/274|[from] item: Leftovers\n|-damage|p1a: Enamorus|202/247 tox|[from] psn\n|upkeep\n|turn|13\n|\n|t:|1733876291\n|switch|p2a: Talonflame|Talonflame, L83, F|184/265\n|move|p1a: Enamorus|Earth Power|p2a: Talonflame\n|-immune|p2a: Talonflame\n|\n|-damage|p1a: Enamorus|157/247 tox|[from] psn\n|upkeep\n|turn|14\n|inactive|Mathxxx has 270 seconds left.\n|\n|t:|1733876317\n|switch|p2a: Tinkaton|Tinkaton, L82, F|234/274\n|-ability|p2a: Tinkaton|Mold Breaker\n|switch|p1a: Deoxys|Deoxys-Speed, L82|216/216\n|-ability|p1a: Deoxys|Pressure\n|\n|-heal|p2a: Tinkaton|251/274|[from] item: Leftovers\n|upkeep\n|turn|15\n|inactive|Mathxxx has 270 seconds left.\n|\n|t:|1733876326\n|move|p1a: Deoxys|Focus Blast|p2a: Tinkaton\n|-damage|p2a: Tinkaton|159/274\n|-damage|p1a: Deoxys|195/216|[from] item: Life Orb\n|move|p2a: Tinkaton|Thunder Wave|p1a: Deoxys\n|-status|p1a: Deoxys|par\n|\n|-heal|p2a: Tinkaton|176/274|[from] item: Leftovers\n|upkeep\n|turn|16\n|\n|t:|1733876333\n|switch|p1a: Enamorus|Enamorus, L79, F, tera:Ground|157/247 tox\n|move|p2a: Tinkaton|Gigaton Hammer|p1a: Enamorus\n|-damage|p1a: Enamorus|0 fnt\n|faint|p1a: Enamorus\n|\n|-heal|p2a: Tinkaton|193/274|[from] item: Leftovers\n|upkeep\n|\n|t:|1733876338\n|switch|p1a: Charizard|Charizard, L85, M|271/271\n|turn|17\n|\n|t:|1733876344\n|-terastallize|p2a: Tinkaton|Water\n|move|p1a: Charizard|Swords Dance|p1a: Charizard\n|-boost|p1a: Charizard|atk|2\n|move|p2a: Tinkaton|Thunder Wave|p1a: Charizard\n|-status|p1a: Charizard|par\n|\n|-heal|p2a: Tinkaton|210/274|[from] item: Leftovers\n|upkeep\n|turn|18\n|\n|t:|1733876352\n|move|p2a: Tinkaton|Encore|p1a: Charizard\n|-start|p1a: Charizard|Encore\n|move|p1a: Charizard|Swords Dance|p1a: Charizard\n|-boost|p1a: Charizard|atk|2\n|\n|-heal|p2a: Tinkaton|227/274|[from] item: Leftovers\n|upkeep\n|turn|19\n|\n|t:|1733876358\n|move|p2a: Tinkaton|Gigaton Hammer|p1a: Charizard\n|-resisted|p1a: Charizard\n|-damage|p1a: Charizard|199/271 par\n|move|p1a: Charizard|Swords Dance|p1a: Charizard\n|-boost|p1a: Charizard|atk|2\n|\n|-heal|p2a: Tinkaton|244/274|[from] item: Leftovers\n|upkeep\n|turn|20\n|\n|t:|1733876364\n|move|p2a: Tinkaton|Play Rough|p1a: Charizard\n|-resisted|p1a: Charizard\n|-damage|p1a: Charizard|157/271 par\n|cant|p1a: Charizard|par\n|\n|-heal|p2a: Tinkaton|261/274|[from] item: Leftovers\n|-end|p1a: Charizard|Encore\n|upkeep\n|turn|21\n|\n|t:|1733876370\n|move|p2a: Tinkaton|Encore|p1a: Charizard\n|-start|p1a: Charizard|Encore\n|move|p1a: Charizard|Swords Dance|p1a: Charizard\n|-boost|p1a: Charizard|atk|0\n|\n|-heal|p2a: Tinkaton|274/274|[from] item: Leftovers\n|upkeep\n|turn|22\n|\n|t:|1733876385\n|move|p2a: Tinkaton|Gigaton Hammer|p1a: Charizard\n|-resisted|p1a: Charizard\n|-damage|p1a: Charizard|85/271 par\n|move|p1a: Charizard|Swords Dance|p1a: Charizard\n|-boost|p1a: Charizard|atk|0\n|\n|upkeep\n|turn|23\n|\n|t:|1733876394\n|switch|p1a: Mesprit|Mesprit, L85|275/275\n|move|p2a: Tinkaton|Play Rough|p1a: Mesprit\n|-crit|p1a: Mesprit\n|-damage|p1a: Mesprit|173/275\n|\n|-heal|p1a: Mesprit|190/275|[from] item: Leftovers\n|upkeep\n|turn|24\n|\n|t:|1733876399\n|move|p2a: Tinkaton|Thunder Wave|p1a: Mesprit\n|-status|p1a: Mesprit|par\n|cant|p1a: Mesprit|par\n|\n|-heal|p1a: Mesprit|207/275 par|[from] item: Leftovers\n|upkeep\n|turn|25\n|\n|t:|1733876405\n|move|p2a: Tinkaton|Gigaton Hammer|p1a: Mesprit\n|-damage|p1a: Mesprit|96/275 par\n|move|p1a: Mesprit|Encore|p2a: Tinkaton\n|-start|p2a: Tinkaton|Encore\n|\n|-heal|p1a: Mesprit|113/275 par|[from] item: Leftovers\n|upkeep\n|turn|26\n|\n|t:|1733876420\n|switch|p2a: Umbreon|Umbreon, L84, M|151/297\n|switch|p1a: Charizard|Charizard, L85, M|85/271 par\n|\n|-heal|p2a: Umbreon|169/297|[from] item: Leftovers\n|upkeep\n|turn|27\n|\n|t:|1733876436\n|move|p2a: Umbreon|Foul Play|p1a: Charizard\n|-damage|p1a: Charizard|0 fnt\n|faint|p1a: Charizard\n|\n|-heal|p2a: Umbreon|187/297|[from] item: Leftovers\n|upkeep\n|\n|t:|1733876442\n|switch|p1a: Gogoat|Gogoat, L88, M|51/360\n|turn|28\n|\n|t:|1733876448\n|move|p1a: Gogoat|Milk Drink|p1a: Gogoat\n|-heal|p1a: Gogoat|231/360\n|move|p2a: Umbreon|Foul Play|p1a: Gogoat\n|-damage|p1a: Gogoat|87/360\n|\n|-heal|p2a: Umbreon|205/297|[from] item: Leftovers\n|upkeep\n|turn|29\n|\n|t:|1733876451\n|move|p1a: Gogoat|Milk Drink|p1a: Gogoat\n|-heal|p1a: Gogoat|267/360\n|move|p2a: Umbreon|Toxic|p1a: Gogoat\n|-status|p1a: Gogoat|tox\n|\n|-heal|p2a: Umbreon|223/297|[from] item: Leftovers\n|-damage|p1a: Gogoat|245/360 tox|[from] psn\n|upkeep\n|turn|30\n|\n|t:|1733876455\n|move|p1a: Gogoat|Bulk Up|p1a: Gogoat\n|-boost|p1a: Gogoat|atk|1\n|-boost|p1a: Gogoat|def|1\n|move|p2a: Umbreon|Wish|p2a: Umbreon\n|\n|-heal|p2a: Umbreon|241/297|[from] item: Leftovers\n|-damage|p1a: Gogoat|201/360 tox|[from] psn\n|upkeep\n|turn|31\n|\n|t:|1733876459\n|move|p1a: Gogoat|Horn Leech|p2a: Umbreon\n|-damage|p2a: Umbreon|118/297\n|-heal|p1a: Gogoat|263/360 tox|[from] drain|[of] p2a: Umbreon\n|move|p2a: Umbreon|Foul Play|p1a: Gogoat\n|-damage|p1a: Gogoat|136/360 tox\n|\n|-heal|p2a: Umbreon|266/297|[from] move: Wish|[wisher] Umbreon\n|-heal|p2a: Umbreon|284/297|[from] item: Leftovers\n|-damage|p1a: Gogoat|70/360 tox|[from] psn\n|upkeep\n|turn|32\n|\n|t:|1733876469\n|move|p1a: Gogoat|Milk Drink|p1a: Gogoat\n|-heal|p1a: Gogoat|250/360 tox\n|move|p2a: Umbreon|Foul Play|p1a: Gogoat\n|-damage|p1a: Gogoat|109/360 tox\n|\n|-heal|p2a: Umbreon|297/297|[from] item: Leftovers\n|-damage|p1a: Gogoat|21/360 tox|[from] psn\n|upkeep\n|turn|33\n|\n|t:|1733876472\n|move|p1a: Gogoat|Milk Drink|p1a: Gogoat\n|-heal|p1a: Gogoat|201/360 tox\n|move|p2a: Umbreon|Foul Play|p1a: Gogoat\n|-damage|p1a: Gogoat|59/360 tox\n|\n|-damage|p1a: Gogoat|0 fnt|[from] psn\n|faint|p1a: Gogoat\n|upkeep\n|\n|t:|1733876476\n|switch|p1a: Deoxys|Deoxys-Speed, L82|195/216 par\n|-ability|p1a: Deoxys|Pressure\n|turn|34\n|\n|t:|1733876479\n|move|p1a: Deoxys|Focus Blast|p2a: Umbreon\n|-supereffective|p2a: Umbreon\n|-damage|p2a: Umbreon|154/297\n|-damage|p1a: Deoxys|174/216 par|[from] item: Life Orb\n|move|p2a: Umbreon|Foul Play|p1a: Deoxys\n|-supereffective|p1a: Deoxys\n|-damage|p1a: Deoxys|16/216 par\n|\n|-heal|p2a: Umbreon|172/297|[from] item: Leftovers\n|upkeep\n|turn|35\n|\n|t:|1733876482\n|move|p1a: Deoxys|Focus Blast|p2a: Umbreon|[miss]\n|-miss|p1a: Deoxys|p2a: Umbreon\n|move|p2a: Umbreon|Foul Play|p1a: Deoxys\n|-supereffective|p1a: Deoxys\n|-damage|p1a: Deoxys|0 fnt\n|faint|p1a: Deoxys\n|\n|-heal|p2a: Umbreon|190/297|[from] item: Leftovers\n|upkeep\n|\n|t:|1733876485\n|switch|p1a: Mesprit|Mesprit, L85|113/275 par\n|turn|36\n|\n|t:|1733876489\n|move|p2a: Umbreon|Foul Play|p1a: Mesprit\n|-supereffective|p1a: Mesprit\n|-damage|p1a: Mesprit|0 fnt\n|faint|p1a: Mesprit\n|\n|win|pringlesconsoomr14\n|l|\u2606Mathxxx\n|player|p1|\n", "inputlog": ">version bfd83cad13791eb5a5a409923076391caf6fb4d4\n>start {\"formatid\":\"gen9randombattle\",\"seed\":[24025,15249,7517,47273]}\n>player p1 {\"name\":\"Mathxxx\",\"avatar\":\"medium\",\"rating\":0,\"seed\":[42557,49835,43680,35741]}\n>player p2 {\"name\":\"pringlesconsoomr14\",\"avatar\":\"interviewers\",\"rating\":0,\"seed\":[16449,37290,11684,17548]}\n>p1 switch 6\n>p2 switch 2\n>p1 move bulkup\n>p2 move knockoff\n>p1 move hornleech\n>p2 move alluringvoice\n>p1 move bulkup\n>p2 move fireblast\n>p1 move hornleech\n>p2 move fireblast\n>p1 move hornleech\n>p2 move alluringvoice\n>p2 switch 3\n>p1 switch 4\n>p2 move bravebird\n>p1 move liquidation\n>p2 move bravebird\n>p1 switch 3\n>p1 move moonblast\n>p2 switch 2\n>p1 move earthpower terastallize\n>p2 move flashcannon\n>p2 switch 4\n>p1 move moonblast\n>p2 move toxic\n>p1 move moonblast\n>p2 switch 6\n>p1 move earthpower\n>p2 switch 2\n>p1 switch 6\n>p2 switch 2\n>p1 move focusblast\n>p2 move thunderwave\n>p1 switch 6\n>p2 move gigatonhammer\n>p1 switch 5\n>p1 move swordsdance\n>p2 move thunderwave terastallize\n>p1 move outrage\n>p2 move encore\n>p1 move swordsdance\n>p2 move gigatonhammer\n>p1 move swordsdance\n>p2 move playrough\n>p1 move outrage\n>p2 move encore\n>p1 move swordsdance\n>p2 move gigatonhammer\n>p1 switch 2\n>p2 move playrough\n>p1 move thunderwave\n>p2 move thunderwave\n>p1 move encore\n>p2 move gigatonhammer\n>p1 switch 2\n>p2 switch 6\n>p1 move flareblitz\n>p2 move foulplay\n>p1 switch 4\n>p1 move milkdrink\n>p2 move foulplay\n>p1 move milkdrink\n>p2 move toxic\n>p1 move bulkup\n>p2 move wish\n>p1 move hornleech\n>p2 move foulplay\n>p1 move milkdrink\n>p2 move foulplay\n>p1 move milkdrink\n>p2 move foulplay\n>p1 switch 6\n>p1 move focusblast\n>p2 move foulplay\n>p1 move focusblast\n>p2 move foulplay\n>p1 switch 2\n>p1 move thunderwave\n>p2 move foulplay", "uploadtime": 1733876502, "views": 2, "formatid": "gen9randombattle", "rating": null, "private": 0, "password": null}