{"id": "gen9randombattle-2260830050", "format": "[Gen 9] Random Battle", "players": ["just_4_fun69420", "sawhoneyg"], "log": "|j|\u2606just_4_fun69420\n|j|\u2606sawhoneyg\n|t:|1733899916\n|gametype|singles\n|player|p1|just_4_fun69420|norman|\n|player|p2|sawhoneyg|clair|\n|teamsize|p1|6\n|teamsize|p2|6\n|gen|9\n|tier|[Gen 9] Random Battle\n|rule|Species Clause: Limit one of each Pok\u00e9mon\n|rule|HP Percentage Mod: HP is shown in percentages\n|rule|Sleep Clause Mod: Limit one foe put to sleep\n|rule|Illusion Level Mod: Illusion disguises the Pok\u00e9mon's true level\n|\n|t:|1733899916\n|start\n|switch|p1a: Latios|Latios, L78, M|253/253\n|switch|p2a: Cyclizar|Cyclizar, L83, M|252/252\n|turn|1\n|\n|t:|1733899949\n|move|p2a: Cyclizar|Draco Meteor|p1a: Latios\n|-supereffective|p1a: Latios\n|-damage|p1a: Latios|25/253\n|-unboost|p2a: Cyclizar|spa|2\n|move|p1a: Latios|Draco Meteor|p2a: Cyclizar\n|-supereffective|p2a: Cyclizar\n|-damage|p2a: Cyclizar|0 fnt\n|-unboost|p1a: Latios|spa|2\n|faint|p2a: Cyclizar\n|\n|upkeep\n|\n|t:|1733899963\n|switch|p2a: Klefki|Klefki, L84, M|233/233\n|turn|2\n|\n|t:|1733899976\n|switch|p1a: Sableye|Sableye, L89, F|234/234\n|move|p2a: Klefki|Play Rough|p1a: Sableye\n|-supereffective|p1a: Sableye\n|-damage|p1a: Sableye|54/234\n|\n|-heal|p1a: Sableye|68/234|[from] item: Leftovers\n|upkeep\n|turn|3\n|\n|t:|1733899991\n|switch|p1a: Golem|Golem-Alola, L93, M|300/300\n|move|p2a: Klefki|Spikes|p1a: Golem\n|-sidestart|p1: just_4_fun69420|Spikes\n|\n|upkeep\n|turn|4\n|\n|t:|1733900011\n|switch|p2a: Lurantis|Lurantis, L87, M|264/264\n|move|p1a: Golem|Earthquake|p2a: Lurantis\n|-resisted|p2a: Lurantis\n|-damage|p2a: Lurantis|190/264\n|\n|upkeep\n|turn|5\n|\n|t:|1733900021\n|switch|p1a: Sableye|Sableye, L89, F|68/234\n|-damage|p1a: Sableye|39/234|[from] Spikes\n|move|p2a: Lurantis|Superpower|p1a: Sableye\n|-immune|p1a: Sableye\n|\n|-heal|p1a: Sableye|53/234|[from] item: Leftovers\n|upkeep\n|turn|6\n|\n|t:|1733900031\n|move|p1a: Sableye|Encore|p2a: Lurantis\n|-start|p2a: Lurantis|Encore\n|move|p2a: Lurantis|Superpower|p1a: Sableye\n|-immune|p1a: Sableye\n|\n|-heal|p1a: Sableye|67/234|[from] item: Leftovers\n|upkeep\n|turn|7\n|\n|t:|1733900042\n|switch|p2a: Mismagius|Mismagius, L86, F|243/243\n|move|p1a: Sableye|Recover|p1a: Sableye\n|-heal|p1a: Sableye|184/234\n|\n|-heal|p1a: Sableye|198/234|[from] item: Leftovers\n|upkeep\n|turn|8\n|\n|t:|1733900056\n|move|p2a: Mismagius|Shadow Ball|p1a: Sableye\n|-damage|p1a: Sableye|84/234\n|move|p1a: Sableye|Knock Off|p2a: Mismagius\n|-supereffective|p2a: Mismagius\n|-damage|p2a: Mismagius|1/243\n|-enditem|p2a: Mismagius|Leftovers|[from] move: Knock Off|[of] p1a: Sableye\n|\n|-heal|p1a: Sableye|98/234|[from] item: Leftovers\n|upkeep\n|turn|9\n|\n|t:|1733900067\n|move|p1a: Sableye|Recover|p1a: Sableye\n|-heal|p1a: Sableye|215/234\n|move|p2a: Mismagius|Shadow Ball|p1a: Sableye\n|-damage|p1a: Sableye|109/234\n|\n|-heal|p1a: Sableye|123/234|[from] item: Leftovers\n|upkeep\n|turn|10\n|\n|t:|1733900083\n|move|p2a: Mismagius|Shadow Ball|p1a: Sableye\n|-damage|p1a: Sableye|18/234\n|move|p1a: Sableye|Knock Off|p2a: Mismagius\n|-supereffective|p2a: Mismagius\n|-damage|p2a: Mismagius|0 fnt\n|faint|p2a: Mismagius\n|\n|-heal|p1a: Sableye|32/234|[from] item: Leftovers\n|upkeep\n|\n|t:|1733900094\n|switch|p2a: Klefki|Klefki, L84, M|233/233\n|turn|11\n|\n|t:|1733900099\n|switch|p1a: Golem|Golem-Alola, L93, M|300/300\n|-damage|p1a: Golem|263/300|[from] Spikes\n|move|p2a: Klefki|Play Rough|p1a: Golem\n|-damage|p1a: Golem|211/300\n|\n|upkeep\n|turn|12\n|\n|t:|1733900114\n|move|p2a: Klefki|Magnet Rise|p2a: Klefki\n|-start|p2a: Klefki|Magnet Rise\n|move|p1a: Golem|Earthquake|p2a: Klefki\n|-immune|p2a: Klefki\n|\n|upkeep\n|turn|13\n|\n|t:|1733900128\n|switch|p1a: Brambleghast|Brambleghast, L88, M|240/240\n|-damage|p1a: Brambleghast|210/240|[from] Spikes\n|move|p2a: Klefki|Play Rough|p1a: Brambleghast\n|-damage|p1a: Brambleghast|116/240\n|\n|-heal|p1a: Brambleghast|131/240|[from] item: Leftovers\n|upkeep\n|turn|14\n|\n|t:|1733900139\n|move|p1a: Brambleghast|Leech Seed|p2a: Klefki\n|-start|p2a: Klefki|move: Leech Seed\n|move|p2a: Klefki|Play Rough|p1a: Brambleghast\n|-crit|p1a: Brambleghast\n|-damage|p1a: Brambleghast|0 fnt\n|faint|p1a: Brambleghast\n|\n|upkeep\n|\n|t:|1733900148\n|switch|p1a: Mew|Mew, L82|298/298\n|-damage|p1a: Mew|261/298|[from] Spikes\n|turn|15\n|\n|t:|1733900154\n|move|p2a: Klefki|Thunder Wave|p1a: Mew\n|-status|p1a: Mew|par\n|-activate|p1a: Mew|ability: Synchronize\n|-status|p2a: Klefki|par\n|move|p1a: Mew|Knock Off|p2a: Klefki\n|-resisted|p2a: Klefki\n|-damage|p2a: Klefki|200/233 par\n|-enditem|p2a: Klefki|Leftovers|[from] move: Knock Off|[of] p1a: Mew\n|\n|-heal|p1a: Mew|279/298 par|[from] item: Leftovers\n|-damage|p2a: Klefki|171/233 par|[from] Leech Seed|[of] p1a: Mew\n|-heal|p1a: Mew|298/298 par|[silent]\n|upkeep\n|turn|16\n|\n|t:|1733900170\n|move|p1a: Mew|Encore|p2a: Klefki\n|-start|p2a: Klefki|Encore\n|move|p2a: Klefki|Thunder Wave|p1a: Mew\n|-fail|p1a: Mew|par\n|\n|-damage|p2a: Klefki|142/233 par|[from] Leech Seed|[of] p1a: Mew\n|-end|p2a: Klefki|Magnet Rise\n|upkeep\n|turn|17\n|\n|t:|1733900179\n|switch|p2a: Lurantis|Lurantis, L87, M|190/264\n|move|p1a: Mew|Psychic|p2a: Lurantis\n|-damage|p2a: Lurantis|129/264\n|\n|upkeep\n|turn|18\n|\n|t:|1733900190\n|move|p2a: Lurantis|Knock Off|p1a: Mew\n|-supereffective|p1a: Mew\n|-damage|p1a: Mew|150/298 par\n|-enditem|p1a: Mew|Leftovers|[from] move: Knock Off|[of] p2a: Lurantis\n|cant|p1a: Mew|par\n|\n|upkeep\n|turn|19\n|\n|t:|1733900200\n|move|p2a: Lurantis|Knock Off|p1a: Mew\n|-supereffective|p1a: Mew\n|-damage|p1a: Mew|52/298 par\n|move|p1a: Mew|Will-O-Wisp|p2a: Lurantis\n|-status|p2a: Lurantis|brn\n|\n|-damage|p2a: Lurantis|113/264 brn|[from] brn\n|upkeep\n|turn|20\n|\n|t:|1733900212\n|move|p2a: Lurantis|Knock Off|p1a: Mew\n|-supereffective|p1a: Mew\n|-damage|p1a: Mew|6/298 par\n|move|p1a: Mew|Encore|p2a: Lurantis\n|-start|p2a: Lurantis|Encore\n|\n|-damage|p2a: Lurantis|97/264 brn|[from] brn\n|upkeep\n|turn|21\n|\n|t:|1733900222\n|switch|p1a: Zapdos|Zapdos-Galar, L77|265/265\n|move|p2a: Lurantis|Knock Off|p1a: Zapdos\n|-resisted|p1a: Zapdos\n|-damage|p1a: Zapdos|244/265\n|-enditem|p1a: Zapdos|Life Orb|[from] move: Knock Off|[of] p2a: Lurantis\n|\n|-damage|p2a: Lurantis|81/264 brn|[from] brn\n|upkeep\n|turn|22\n|\n|t:|1733900237\n|switch|p2a: Klefki|Klefki, L84, M|142/233 par\n|move|p1a: Zapdos|Close Combat|p2a: Klefki\n|-damage|p2a: Klefki|24/233 par\n|-unboost|p1a: Zapdos|def|1\n|-unboost|p1a: Zapdos|spd|1\n|\n|upkeep\n|turn|23\n|\n|t:|1733900249\n|switch|p1a: Golem|Golem-Alola, L93, M|211/300\n|-damage|p1a: Golem|174/300|[from] Spikes\n|move|p2a: Klefki|Play Rough|p1a: Golem\n|-damage|p1a: Golem|122/300\n|\n|upkeep\n|turn|24\n|\n|t:|1733900258\n|move|p2a: Klefki|Magnet Rise|p2a: Klefki\n|-start|p2a: Klefki|Magnet Rise\n|move|p1a: Golem|Double-Edge|p2a: Klefki\n|-damage|p2a: Klefki|0 fnt\n|faint|p2a: Klefki\n|-damage|p1a: Golem|114/300|[from] Recoil\n|\n|upkeep\n|\n|t:|1733900272\n|switch|p2a: Registeel|Registeel, L81|262/262\n|turn|25\n|\n|t:|1733900282\n|switch|p1a: Zapdos|Zapdos-Galar, L77|244/265\n|move|p2a: Registeel|Body Press|p1a: Zapdos\n|-resisted|p1a: Zapdos\n|-damage|p1a: Zapdos|200/265\n|\n|upkeep\n|turn|26\n|\n|t:|1733900292\n|move|p1a: Zapdos|Bulk Up|p1a: Zapdos\n|-boost|p1a: Zapdos|atk|1\n|-boost|p1a: Zapdos|def|1\n|move|p2a: Registeel|Thunder Wave|p1a: Zapdos\n|-status|p1a: Zapdos|par\n|\n|upkeep\n|turn|27\n|\n|t:|1733900300\n|move|p2a: Registeel|Iron Head|p1a: Zapdos\n|-damage|p1a: Zapdos|148/265 par\n|move|p1a: Zapdos|Bulk Up|p1a: Zapdos\n|-boost|p1a: Zapdos|atk|1\n|-boost|p1a: Zapdos|def|1\n|\n|upkeep\n|turn|28\n|\n|t:|1733900319\n|-terastallize|p2a: Registeel|Fighting\n|move|p2a: Registeel|Body Press|p1a: Zapdos\n|-resisted|p1a: Zapdos\n|-damage|p1a: Zapdos|118/265 par\n|move|p1a: Zapdos|Close Combat|p2a: Registeel\n|-damage|p2a: Registeel|82/262\n|-unboost|p1a: Zapdos|def|1\n|-unboost|p1a: Zapdos|spd|1\n|\n|-heal|p2a: Registeel|98/262|[from] item: Leftovers\n|upkeep\n|turn|29\n|\n|t:|1733900332\n|move|p2a: Registeel|Iron Head|p1a: Zapdos\n|-damage|p1a: Zapdos|73/265 par\n|cant|p1a: Zapdos|flinch\n|\n|-heal|p2a: Registeel|114/262|[from] item: Leftovers\n|upkeep\n|turn|30\n|\n|t:|1733900341\n|move|p2a: Registeel|Iron Head|p1a: Zapdos\n|-crit|p1a: Zapdos\n|-damage|p1a: Zapdos|0 fnt\n|faint|p1a: Zapdos\n|\n|-heal|p2a: Registeel|130/262|[from] item: Leftovers\n|upkeep\n|\n|t:|1733900351\n|switch|p1a: Latios|Latios, L78, M|25/253\n|turn|31\n|\n|t:|1733900363\n|move|p1a: Latios|Draco Meteor|p2a: Registeel\n|-damage|p2a: Registeel|0 fnt\n|-unboost|p1a: Latios|spa|2\n|faint|p2a: Registeel\n|\n|upkeep\n|\n|t:|1733900370\n|switch|p2a: Lurantis|Lurantis, L87, M|81/264 brn\n|turn|32\n|\n|t:|1733900377\n|move|p1a: Latios|Recover|p1a: Latios\n|-heal|p1a: Latios|152/253\n|move|p2a: Lurantis|Leaf Storm|p1a: Latios\n|-resisted|p1a: Latios\n|-damage|p1a: Latios|98/253\n|-boost|p2a: Lurantis|spa|2\n|\n|-damage|p2a: Lurantis|65/264 brn|[from] brn\n|upkeep\n|turn|33\n|\n|t:|1733900393\n|move|p1a: Latios|Draco Meteor|p2a: Lurantis\n|-damage|p2a: Lurantis|5/264 brn\n|-unboost|p1a: Latios|spa|2\n|move|p2a: Lurantis|Leech Life|p1a: Latios\n|-supereffective|p1a: Latios\n|-damage|p1a: Latios|18/253\n|-heal|p2a: Lurantis|45/264 brn|[from] drain|[of] p1a: Latios\n|\n|-damage|p2a: Lurantis|29/264 brn|[from] brn\n|upkeep\n|turn|34\n|\n|t:|1733900406\n|switch|p1a: Mew|Mew, L82|6/298 par\n|-damage|p1a: Mew|0 fnt|[from] Spikes\n|faint|p1a: Mew\n|move|p2a: Lurantis|Leech Life|p1: Mew|[notarget]\n|-fail|p2a: Lurantis\n|\n|-damage|p2a: Lurantis|13/264 brn|[from] brn\n|upkeep\n|\n|t:|1733900415\n|switch|p1a: Latios|Latios, L78, M|18/253\n|turn|35\n|\n|t:|1733900418\n|move|p1a: Latios|Psyshock|p2a: Lurantis\n|-damage|p2a: Lurantis|0 fnt\n|faint|p2a: Lurantis\n|\n|upkeep\n|\n|t:|1733900423\n|switch|p2a: Cramorant|Cramorant, L86, F|261/261\n|turn|36\n|\n|t:|1733900428\n|move|p1a: Latios|Draco Meteor|p2a: Cramorant\n|-damage|p2a: Cramorant|102/261\n|-unboost|p1a: Latios|spa|2\n|move|p2a: Cramorant|Surf|p1a: Latios\n|-formechange|p2a: Cramorant|Cramorant-Gorging|\n|-resisted|p1a: Latios\n|-damage|p1a: Latios|0 fnt\n|faint|p1a: Latios\n|\n|upkeep\n|\n|t:|1733900437\n|switch|p1a: Golem|Golem-Alola, L93, M|114/300\n|-damage|p1a: Golem|77/300|[from] Spikes\n|turn|37\n|\n|t:|1733900445\n|move|p2a: Cramorant|Surf|p1a: Golem\n|-supereffective|p1a: Golem\n|-damage|p1a: Golem|0 fnt\n|faint|p1a: Golem\n|\n|upkeep\n|\n|t:|1733900447\n|switch|p1a: Sableye|Sableye, L89, F|32/234\n|-damage|p1a: Sableye|3/234|[from] Spikes\n|turn|38\n|\n|t:|1733900455\n|move|p1a: Sableye|Recover|p1a: Sableye\n|-heal|p1a: Sableye|120/234\n|move|p2a: Cramorant|Surf|p1a: Sableye\n|-damage|p1a: Sableye|15/234\n|\n|-heal|p1a: Sableye|29/234|[from] item: Leftovers\n|upkeep\n|turn|39\n|\n|t:|1733900463\n|move|p1a: Sableye|Recover|p1a: Sableye\n|-heal|p1a: Sableye|146/234\n|move|p2a: Cramorant|Brave Bird|p1a: Sableye\n|-damage|p1a: Sableye|19/234\n|-damage|p2a: Cramorant|60/261|[from] Recoil\n|\n|-heal|p1a: Sableye|33/234|[from] item: Leftovers\n|upkeep\n|turn|40\n|\n|t:|1733900473\n|move|p1a: Sableye|Recover|p1a: Sableye\n|-heal|p1a: Sableye|150/234\n|move|p2a: Cramorant|Surf|p1a: Sableye\n|-damage|p1a: Sableye|38/234\n|\n|-heal|p1a: Sableye|52/234|[from] item: Leftovers\n|upkeep\n|turn|41\n|\n|t:|1733900483\n|move|p1a: Sableye|Recover|p1a: Sableye\n|-heal|p1a: Sableye|169/234\n|move|p2a: Cramorant|Roost|p2a: Cramorant\n|-heal|p2a: Cramorant|191/261\n|-singleturn|p2a: Cramorant|move: Roost\n|\n|-heal|p1a: Sableye|183/234|[from] item: Leftovers\n|upkeep\n|turn|42\n|\n|t:|1733900493\n|move|p1a: Sableye|Encore|p2a: Cramorant\n|-start|p2a: Cramorant|Encore\n|move|p2a: Cramorant|Roost|p2a: Cramorant\n|-heal|p2a: Cramorant|261/261\n|-singleturn|p2a: Cramorant|move: Roost\n|\n|-heal|p1a: Sableye|197/234|[from] item: Leftovers\n|upkeep\n|turn|43\n|\n|t:|1733900503\n|move|p1a: Sableye|Will-O-Wisp|p2a: Cramorant\n|-status|p2a: Cramorant|brn\n|move|p2a: Cramorant|Roost||[still]\n|-fail|p2a: Cramorant|heal\n|\n|-heal|p1a: Sableye|211/234|[from] item: Leftovers\n|-damage|p2a: Cramorant|245/261 brn|[from] brn\n|upkeep\n|turn|44\n|\n|t:|1733900513\n|move|p1a: Sableye|Will-O-Wisp|p2a: Cramorant\n|-fail|p2a: Cramorant|brn\n|move|p2a: Cramorant|Roost|p2a: Cramorant\n|-heal|p2a: Cramorant|261/261 brn\n|-singleturn|p2a: Cramorant|move: Roost\n|\n|-heal|p1a: Sableye|225/234|[from] item: Leftovers\n|-damage|p2a: Cramorant|245/261 brn|[from] brn\n|-end|p2a: Cramorant|Encore\n|upkeep\n|turn|45\n|\n|t:|1733900528\n|move|p1a: Sableye|Encore|p2a: Cramorant\n|-start|p2a: Cramorant|Encore\n|move|p2a: Cramorant|Roost|p2a: Cramorant\n|-heal|p2a: Cramorant|261/261 brn\n|-singleturn|p2a: Cramorant|move: Roost\n|\n|-heal|p1a: Sableye|234/234|[from] item: Leftovers\n|-damage|p2a: Cramorant|245/261 brn|[from] brn\n|upkeep\n|turn|46\n|\n|t:|1733900538\n|move|p2a: Cramorant|Roost|p2a: Cramorant\n|-heal|p2a: Cramorant|261/261 brn\n|-singleturn|p2a: Cramorant|move: Roost\n|move|p1a: Sableye|Knock Off|p2a: Cramorant\n|-damage|p2a: Cramorant|143/261 brn\n|-damage|p1a: Sableye|176/234|[from] ability: Gulp Missile|[of] p2a: Cramorant\n|-status|p1a: Sableye|par\n|-formechange|p2a: Cramorant|Cramorant|\n|-enditem|p2a: Cramorant|Heavy-Duty Boots|[from] move: Knock Off|[of] p1a: Sableye\n|\n|-heal|p1a: Sableye|190/234 par|[from] item: Leftovers\n|-damage|p2a: Cramorant|127/261 brn|[from] brn\n|upkeep\n|turn|47\n|\n|t:|1733900553\n|move|p2a: Cramorant|Roost|p2a: Cramorant\n|-heal|p2a: Cramorant|258/261 brn\n|-singleturn|p2a: Cramorant|move: Roost\n|move|p1a: Sableye|Knock Off|p2a: Cramorant\n|-damage|p2a: Cramorant|176/261 brn\n|\n|-heal|p1a: Sableye|204/234 par|[from] item: Leftovers\n|-damage|p2a: Cramorant|160/261 brn|[from] brn\n|-end|p2a: Cramorant|Encore\n|upkeep\n|turn|48\n|\n|t:|1733900566\n|move|p1a: Sableye|Encore|p2a: Cramorant\n|-start|p2a: Cramorant|Encore\n|move|p2a: Cramorant|Roost|p2a: Cramorant\n|-heal|p2a: Cramorant|261/261 brn\n|-singleturn|p2a: Cramorant|move: Roost\n|\n|-heal|p1a: Sableye|218/234 par|[from] item: Leftovers\n|-damage|p2a: Cramorant|245/261 brn|[from] brn\n|-end|p2a: Cramorant|Encore\n|upkeep\n|turn|49\n|\n|t:|1733900589\n|move|p1a: Sableye|Encore||[still]\n|-fail|p1a: Sableye\n|move|p2a: Cramorant|Brave Bird|p1a: Sableye\n|-damage|p1a: Sableye|152/234 par\n|-damage|p2a: Cramorant|223/261 brn|[from] Recoil\n|\n|-heal|p1a: Sableye|166/234 par|[from] item: Leftovers\n|-damage|p2a: Cramorant|207/261 brn|[from] brn\n|upkeep\n|turn|50\n|\n|t:|1733900601\n|move|p2a: Cramorant|Defog|p1a: Sableye\n|-unboost|p1a: Sableye|evasion|1\n|-sideend|p1: just_4_fun69420|Spikes|[from] move: Defog|[of] p2a: Cramorant\n|move|p1a: Sableye|Knock Off|p2a: Cramorant\n|-damage|p2a: Cramorant|122/261 brn\n|\n|-heal|p1a: Sableye|180/234 par|[from] item: Leftovers\n|-damage|p2a: Cramorant|106/261 brn|[from] brn\n|upkeep\n|turn|51\n|\n|t:|1733900611\n|move|p2a: Cramorant|Surf|p1a: Sableye\n|-formechange|p2a: Cramorant|Cramorant-Gorging|\n|-damage|p1a: Sableye|78/234 par\n|move|p1a: Sableye|Knock Off|p2a: Cramorant\n|-damage|p2a: Cramorant|18/261 brn\n|-damage|p1a: Sableye|20/234 par|[from] ability: Gulp Missile|[of] p2a: Cramorant\n|-formechange|p2a: Cramorant|Cramorant|\n|\n|-heal|p1a: Sableye|34/234 par|[from] item: Leftovers\n|-damage|p2a: Cramorant|2/261 brn|[from] brn\n|upkeep\n|turn|52\n|\n|t:|1733900624\n|move|p1a: Sableye|Recover|p1a: Sableye\n|-heal|p1a: Sableye|151/234 par\n|move|p2a: Cramorant|Surf|p1a: Sableye\n|-formechange|p2a: Cramorant|Cramorant-Gorging|\n|-damage|p1a: Sableye|51/234 par\n|\n|-heal|p1a: Sableye|65/234 par|[from] item: Leftovers\n|-damage|p2a: Cramorant|0 fnt|[from] brn\n|faint|p2a: Cramorant\n|\n|win|just_4_fun69420\n|upkeep\n", "inputlog": ">version bfd83cad13791eb5a5a409923076391caf6fb4d4\n>start {\"formatid\":\"gen9randombattle\",\"seed\":[41507,35483,278,6159]}\n>player p1 {\"name\":\"just_4_fun69420\",\"avatar\":\"norman\",\"rating\":0,\"seed\":[39984,891,5631,9547]}\n>player p2 {\"name\":\"sawhoneyg\",\"avatar\":\"clair\",\"rating\":0,\"seed\":[48327,34194,18525,46703]}\n>p1 move dracometeor\n>p2 move dracometeor\n>p2 switch 6\n>p1 switch 4\n>p2 move playrough\n>p1 switch 6\n>p2 move spikes\n>p1 move earthquake\n>p2 switch 3\n>p1 switch 6\n>p2 move superpower\n>p1 move encore\n>p2 move knockoff\n>p1 move recover\n>p2 switch 2\n>p1 move knockoff\n>p2 move shadowball\n>p1 move recover\n>p2 move shadowball\n>p1 move knockoff\n>p2 move shadowball\n>p2 switch 3\n>p1 switch 6\n>p2 move playrough\n>p1 move earthquake\n>p2 move magnetrise\n>p1 switch 3\n>p2 move playrough\n>p1 move leechseed\n>p2 move playrough\n>p1 switch 2\n>p1 move knockoff\n>p2 move thunderwave\n>p1 move encore\n>p2 move playrough\n>p1 move psychic\n>p2 switch 2\n>p1 move encore\n>p2 move knockoff\n>p1 move willowisp\n>p2 move knockoff\n>p1 move encore\n>p2 move knockoff\n>p1 switch 5\n>p2 move knockoff\n>p1 move closecombat\n>p2 switch 2\n>p1 switch 3\n>p2 move playrough\n>p1 move doubleedge\n>p2 move magnetrise\n>p2 switch 5\n>p1 switch 3\n>p2 move bodypress\n>p1 move bulkup\n>p2 move thunderwave\n>p1 move bulkup\n>p2 move ironhead\n>p1 move closecombat\n>p2 move bodypress terastallize\n>p1 move bravebird\n>p2 move ironhead\n>p1 move bravebird\n>p2 move ironhead\n>p1 switch 4\n>p1 move dracometeor\n>p2 move ironhead\n>p2 switch 2\n>p1 move recover\n>p2 move leafstorm\n>p1 move dracometeor\n>p2 move leechlife\n>p1 switch 5\n>p2 move leechlife\n>p1 switch 5\n>p1 move psyshock\n>p2 move leechlife\n>p2 switch 4\n>p1 move dracometeor\n>p2 move surf\n>p1 switch 3\n>p1 move explosion\n>p2 move surf\n>p1 switch 6\n>p1 move recover\n>p2 move surf\n>p1 move recover\n>p2 move bravebird\n>p1 move recover\n>p2 move surf\n>p1 move recover\n>p2 move roost\n>p1 move encore\n>p2 move defog\n>p1 move willowisp\n>p2 move roost\n>p1 move willowisp\n>p2 move roost\n>p1 move encore\n>p2 move defog\n>p1 move knockoff\n>p2 move roost\n>p1 move knockoff\n>p2 move roost\n>p1 move encore\n>p2 move surf\n>p1 move encore\n>p2 move bravebird\n>p1 move knockoff\n>p2 move defog\n>p1 move knockoff\n>p2 move surf\n>p1 move recover\n>p2 move surf", "uploadtime": 1733900640, "views": 3, "formatid": "gen9randombattle", "rating": null, "private": 0, "password": null}