{"id": "gen9randombattle-2260351993", "format": "[Gen 9] Random Battle", "players": ["manrelly", "wofuegro?"], "log": "|j|\u2606manrelly\n|j|\u2606wofuegro?\n|t:|1733843018\n|gametype|singles\n|player|p1|manrelly|101|1375\n|player|p2|wofuegro?|wattson|1409\n|teamsize|p1|6\n|teamsize|p2|6\n|gen|9\n|tier|[Gen 9] Random Battle\n|rated|\n|rule|Species Clause: Limit one of each Pok\u00e9mon\n|rule|HP Percentage Mod: HP is shown in percentages\n|rule|Sleep Clause Mod: Limit one foe put to sleep\n|rule|Illusion Level Mod: Illusion disguises the Pok\u00e9mon's true level\n|\n|t:|1733843018\n|start\n|switch|p1a: Iron Leaves|Iron Leaves, L80|275/275\n|switch|p2a: Bellossom|Bellossom, L84, M|263/263\n|turn|1\n|inactive|Battle timer is ON: inactive players will automatically lose when time's up. (requested by manrelly)\n|\n|t:|1733843042\n|switch|p2a: Vespiquen|Vespiquen, L98, F|296/296\n|-ability|p2a: Vespiquen|Pressure\n|move|p1a: Iron Leaves|Swords Dance|p1a: Iron Leaves\n|-boost|p1a: Iron Leaves|atk|2\n|\n|upkeep\n|turn|2\n|\n|t:|1733843067\n|-end|p1a: Iron Leaves|Quark Drive|[silent]\n|switch|p1a: Klefki|Klefki, L84, M|233/233\n|move|p2a: Vespiquen|U-turn|p1a: Klefki\n|-resisted|p1a: Klefki\n|-crit|p1a: Klefki\n|-damage|p1a: Klefki|200/233\n|\n|t:|1733843076\n|switch|p2a: Cinderace|Cinderace, L77, M|249/249|[from] U-turn\n|\n|-heal|p1a: Klefki|214/233|[from] item: Leftovers\n|upkeep\n|turn|3\n|inactive|manrelly has 120 seconds left.\n|\n|t:|1733843106\n|switch|p1a: Suicune|Suicune, L82|298/298\n|-ability|p1a: Suicune|Pressure\n|move|p2a: Cinderace|Pyro Ball|p1a: Suicune\n|-resisted|p1a: Suicune\n|-damage|p1a: Suicune|229/298\n|\n|-heal|p1a: Suicune|247/298|[from] item: Leftovers\n|upkeep\n|turn|4\n|inactive|manrelly has 120 seconds left.\n|\n|t:|1733843122\n|switch|p2a: Bellossom|Bellossom, L84, M|263/263\n|move|p1a: Suicune|Scald|p2a: Bellossom\n|-resisted|p2a: Bellossom\n|-damage|p2a: Bellossom|227/263\n|-status|p2a: Bellossom|brn\n|\n|-heal|p1a: Suicune|265/298|[from] item: Leftovers\n|-heal|p2a: Bellossom|243/263 brn|[from] item: Leftovers\n|-damage|p2a: Bellossom|227/263 brn|[from] brn\n|upkeep\n|turn|5\n|inactive|manrelly has 120 seconds left.\n|\n|t:|1733843133\n|switch|p1a: Iron Leaves|Iron Leaves, L80|275/275\n|move|p2a: Bellossom|Quiver Dance|p2a: Bellossom\n|-boost|p2a: Bellossom|spa|1\n|-boost|p2a: Bellossom|spd|1\n|-boost|p2a: Bellossom|spe|1\n|\n|-heal|p2a: Bellossom|243/263 brn|[from] item: Leftovers\n|-damage|p2a: Bellossom|227/263 brn|[from] brn\n|upkeep\n|turn|6\n|\n|t:|1733843145\n|move|p1a: Iron Leaves|Psyblade|p2a: Bellossom\n|-damage|p2a: Bellossom|101/263 brn\n|-damage|p1a: Iron Leaves|248/275|[from] item: Life Orb\n|move|p2a: Bellossom|Strength Sap|p1a: Iron Leaves\n|-unboost|p1a: Iron Leaves|atk|1\n|-heal|p2a: Bellossom|263/263 brn\n|\n|-damage|p2a: Bellossom|247/263 brn|[from] brn\n|upkeep\n|turn|7\n|\n|t:|1733843160\n|-end|p1a: Iron Leaves|Quark Drive|[silent]\n|switch|p1a: Yanmega|Yanmega, L82, F|275/275\n|move|p2a: Bellossom|Quiver Dance|p2a: Bellossom\n|-boost|p2a: Bellossom|spa|1\n|-boost|p2a: Bellossom|spd|1\n|-boost|p2a: Bellossom|spe|1\n|\n|-heal|p2a: Bellossom|263/263 brn|[from] item: Leftovers\n|-damage|p2a: Bellossom|247/263 brn|[from] brn\n|upkeep\n|turn|8\n|\n|t:|1733843172\n|move|p2a: Bellossom|Sleep Powder|p1a: Yanmega|[miss]\n|-miss|p2a: Bellossom|p1a: Yanmega\n|move|p1a: Yanmega|Bug Buzz|p2a: Bellossom\n|-supereffective|p2a: Bellossom\n|-damage|p2a: Bellossom|97/263 brn\n|\n|-heal|p2a: Bellossom|113/263 brn|[from] item: Leftovers\n|-damage|p2a: Bellossom|97/263 brn|[from] brn\n|upkeep\n|turn|9\n|\n|t:|1733843187\n|move|p2a: Bellossom|Sleep Powder|p1a: Yanmega|[miss]\n|-miss|p2a: Bellossom|p1a: Yanmega\n|move|p1a: Yanmega|Bug Buzz|p2a: Bellossom\n|-supereffective|p2a: Bellossom\n|-damage|p2a: Bellossom|0 fnt\n|faint|p2a: Bellossom\n|\n|upkeep\n|inactive|wofuegro? has 120 seconds left.\n|\n|t:|1733843206\n|switch|p2a: Vespiquen|Vespiquen, L98, F|296/296\n|-ability|p2a: Vespiquen|Pressure\n|turn|10\n|inactive|wofuegro? has 120 seconds left.\n|inactive|manrelly has 120 seconds left.\n|\n|t:|1733843248\n|switch|p1a: Klefki|Klefki, L84, M|214/233\n|move|p2a: Vespiquen|Spikes|p1a: Klefki\n|-sidestart|p1: manrelly|Spikes\n|\n|-heal|p1a: Klefki|228/233|[from] item: Leftovers\n|upkeep\n|turn|11\n|inactive|wofuegro? has 120 seconds left.\n|\n|t:|1733843261\n|move|p1a: Klefki|Thunder Wave|p2a: Vespiquen\n|-status|p2a: Vespiquen|par\n|move|p2a: Vespiquen|U-turn|p1a: Klefki\n|-resisted|p1a: Klefki\n|-damage|p1a: Klefki|206/233\n|\n|t:|1733843277\n|switch|p2a: Cinderace|Cinderace, L77, M|249/249|[from] U-turn\n|\n|-heal|p1a: Klefki|220/233|[from] item: Leftovers\n|upkeep\n|turn|12\n|inactive|manrelly has 120 seconds left.\n|\n|t:|1733843297\n|move|p1a: Klefki|Thunder Wave|p2a: Cinderace\n|-status|p2a: Cinderace|par\n|move|p2a: Cinderace|Gunk Shot|p1a: Klefki\n|-start|p2a: Cinderace|typechange|Poison|[from] ability: Libero\n|-immune|p1a: Klefki\n|\n|-heal|p1a: Klefki|233/233|[from] item: Leftovers\n|upkeep\n|turn|13\n|\n|t:|1733843308\n|switch|p2a: Kilowattrel|Kilowattrel, L83, M|252/252\n|move|p1a: Klefki|Spikes|p2a: Kilowattrel\n|-sidestart|p2: wofuegro?|Spikes\n|\n|upkeep\n|turn|14\n|\n|t:|1733843317\n|move|p1a: Klefki|Spikes|p2a: Kilowattrel\n|-sidestart|p2: wofuegro?|Spikes\n|move|p2a: Kilowattrel|Thunder Wave|p1a: Klefki\n|-status|p1a: Klefki|par\n|\n|upkeep\n|turn|15\n|\n|t:|1733843325\n|cant|p1a: Klefki|par\n|move|p2a: Kilowattrel|Thunderbolt|p1a: Klefki\n|-damage|p1a: Klefki|122/233 par\n|\n|-heal|p1a: Klefki|136/233 par|[from] item: Leftovers\n|upkeep\n|turn|16\n|\n|t:|1733843332\n|cant|p1a: Klefki|par\n|move|p2a: Kilowattrel|Thunderbolt|p1a: Klefki\n|-damage|p1a: Klefki|34/233 par\n|\n|-heal|p1a: Klefki|48/233 par|[from] item: Leftovers\n|upkeep\n|turn|17\n|inactive|wofuegro? has 120 seconds left.\n|\n|t:|1733843341\n|cant|p1a: Klefki|par\n|move|p2a: Kilowattrel|Thunderbolt|p1a: Klefki\n|-damage|p1a: Klefki|0 fnt\n|faint|p1a: Klefki\n|\n|upkeep\n|\n|t:|1733843369\n|switch|p1a: Regigigas|Regigigas, L84|322/322\n|-damage|p1a: Regigigas|282/322|[from] Spikes\n|-start|p1a: Regigigas|ability: Slow Start\n|turn|18\n|\n|t:|1733843380\n|move|p2a: Kilowattrel|Thunder Wave|p1a: Regigigas\n|-status|p1a: Regigigas|par\n|move|p1a: Regigigas|Body Slam|p2a: Kilowattrel\n|-damage|p2a: Kilowattrel|164/252\n|\n|-heal|p1a: Regigigas|302/322 par|[from] item: Leftovers\n|upkeep\n|turn|19\n|\n|t:|1733843390\n|switch|p2a: Cinderace|Cinderace, L77, M|249/249 par\n|-damage|p2a: Cinderace|208/249 par|[from] Spikes\n|move|p1a: Regigigas|Knock Off|p2a: Cinderace\n|-damage|p2a: Cinderace|140/249 par\n|-enditem|p2a: Cinderace|Choice Band|[from] move: Knock Off|[of] p1a: Regigigas\n|\n|-heal|p1a: Regigigas|322/322 par|[from] item: Leftovers\n|upkeep\n|turn|20\n|\n|t:|1733843402\n|-end|p1a: Regigigas|Slow Start|[silent]\n|switch|p1a: Polteageist|Polteageist-Antique, L79|224/224\n|-damage|p1a: Polteageist|196/224|[from] Spikes\n|move|p2a: Cinderace|High Jump Kick|p1a: Polteageist\n|-start|p2a: Cinderace|typechange|Fighting|[from] ability: Libero\n|-immune|p1a: Polteageist\n|-damage|p2a: Cinderace|16/249 par|[from] highjumpkick\n|\n|upkeep\n|turn|21\n|inactive|wofuegro? has 120 seconds left.\n|\n|t:|1733843426\n|move|p1a: Polteageist|Shadow Ball|p2a: Cinderace\n|-damage|p2a: Cinderace|0 fnt\n|faint|p2a: Cinderace\n|\n|upkeep\n|inactive|wofuegro? has 120 seconds left.\n|\n|t:|1733843440\n|switch|p2a: Kilowattrel|Kilowattrel, L83, M|164/252\n|turn|22\n|inactive|wofuegro? has 120 seconds left.\n|\n|t:|1733843452\n|switch|p1a: Regigigas|Regigigas, L84|322/322 par\n|-damage|p1a: Regigigas|282/322 par|[from] Spikes\n|-start|p1a: Regigigas|ability: Slow Start\n|move|p2a: Kilowattrel|Hurricane|p1a: Regigigas\n|-damage|p1a: Regigigas|182/322 par\n|\n|-heal|p1a: Regigigas|202/322 par|[from] item: Leftovers\n|upkeep\n|turn|23\n|inactive|wofuegro? has 120 seconds left.\n|\n|t:|1733843466\n|move|p2a: Kilowattrel|Hurricane|p1a: Regigigas|[miss]\n|-miss|p2a: Kilowattrel|p1a: Regigigas\n|move|p1a: Regigigas|Body Slam|p2a: Kilowattrel\n|-damage|p2a: Kilowattrel|80/252\n|\n|-heal|p1a: Regigigas|222/322 par|[from] item: Leftovers\n|upkeep\n|turn|24\n|inactive|wofuegro? has 120 seconds left.\n|\n|t:|1733843473\n|move|p2a: Kilowattrel|Hurricane|p1a: Regigigas\n|-damage|p1a: Regigigas|119/322 par\n|move|p1a: Regigigas|Body Slam|p2a: Kilowattrel\n|-damage|p2a: Kilowattrel|0 fnt\n|faint|p2a: Kilowattrel\n|\n|-heal|p1a: Regigigas|139/322 par|[from] item: Leftovers\n|upkeep\n|inactive|wofuegro? has 120 seconds left.\n|\n|t:|1733843488\n|switch|p2a: Mew|Mew, L82|298/298\n|-damage|p2a: Mew|249/298|[from] Spikes\n|turn|25\n|inactive|wofuegro? has 120 seconds left.\n|\n|t:|1733843505\n|move|p2a: Mew|Swords Dance|p2a: Mew\n|-boost|p2a: Mew|atk|2\n|cant|p1a: Regigigas|par\n|\n|-heal|p1a: Regigigas|159/322 par|[from] item: Leftovers\n|upkeep\n|turn|26\n|\n|t:|1733843514\n|move|p2a: Mew|Psychic Fangs|p1a: Regigigas\n|-damage|p1a: Regigigas|0 fnt\n|faint|p1a: Regigigas\n|-end|p1a: Regigigas|Slow Start|[silent]\n|-damage|p2a: Mew|220/298|[from] item: Life Orb\n|\n|upkeep\n|\n|t:|1733843520\n|switch|p1a: Yanmega|Yanmega, L82, F|275/275\n|turn|27\n|inactive|wofuegro? has 120 seconds left.\n|\n|t:|1733843539\n|move|p2a: Mew|Psychic Fangs|p1a: Yanmega\n|-damage|p1a: Yanmega|41/275\n|-damage|p2a: Mew|191/298|[from] item: Life Orb\n|move|p1a: Yanmega|Bug Buzz|p2a: Mew\n|-supereffective|p2a: Mew\n|-damage|p2a: Mew|0 fnt\n|faint|p2a: Mew\n|\n|upkeep\n|\n|t:|1733843547\n|switch|p2a: Vespiquen|Vespiquen, L98, F|296/296 par\n|-ability|p2a: Vespiquen|Pressure\n|turn|28\n|inactive|wofuegro? has 120 seconds left.\n|\n|t:|1733843554\n|switch|p1a: Suicune|Suicune, L82|265/298\n|-damage|p1a: Suicune|228/298|[from] Spikes\n|-ability|p1a: Suicune|Pressure\n|cant|p2a: Vespiquen|par\n|\n|-heal|p1a: Suicune|246/298|[from] item: Leftovers\n|upkeep\n|turn|29\n|inactive|wofuegro? has 120 seconds left.\n|\n|t:|1733843572\n|switch|p2a: Terapagos|Terapagos, L76, M|262/262\n|-activate|p2a: Terapagos|ability: Tera Shift\n|detailschange|p2a: Terapagos|Terapagos-Terastal, L76, M\n|-heal|p2a: Terapagos|269/269|[silent]\n|move|p1a: Suicune|Calm Mind|p1a: Suicune\n|-boost|p1a: Suicune|spa|1\n|-boost|p1a: Suicune|spd|1\n|\n|-heal|p1a: Suicune|264/298|[from] item: Leftovers\n|upkeep\n|turn|30\n|inactive|wofuegro? has 120 seconds left.\n|\n|t:|1733843587\n|move|p1a: Suicune|Scald|p2a: Terapagos\n|-activate|p2a: Terapagos|ability: Tera Shell\n|-resisted|p2a: Terapagos\n|-damage|p2a: Terapagos|218/269\n|move|p2a: Terapagos|Rapid Spin|p1a: Suicune\n|-damage|p1a: Suicune|230/298\n|-boost|p2a: Terapagos|spe|1\n|-sideend|p2: wofuegro?|Spikes|[from] move: Rapid Spin|[of] p2a: Terapagos\n|\n|-heal|p1a: Suicune|248/298|[from] item: Leftovers\n|upkeep\n|turn|31\n|\n|t:|1733843600\n|switch|p1a: Iron Leaves|Iron Leaves, L80|248/275\n|-damage|p1a: Iron Leaves|214/275|[from] Spikes\n|-terastallize|p2a: Terapagos|Stellar\n|detailschange|p2a: Terapagos|Terapagos-Stellar, L76, M, tera:Stellar\n|-heal|p2a: Terapagos|317/368|[silent]\n|move|p2a: Terapagos|Calm Mind|p2a: Terapagos\n|-boost|p2a: Terapagos|spa|1\n|-boost|p2a: Terapagos|spd|1\n|\n|upkeep\n|turn|32\n|\n|t:|1733843617\n|move|p2a: Terapagos|Tera Starstorm|p1a: Iron Leaves\n|-damage|p1a: Iron Leaves|77/275\n|move|p1a: Iron Leaves|Leaf Blade|p2a: Terapagos\n|-damage|p2a: Terapagos|177/368\n|-damage|p1a: Iron Leaves|50/275|[from] item: Life Orb\n|\n|upkeep\n|turn|33\n|\n|t:|1733843630\n|move|p2a: Terapagos|Rapid Spin|p1a: Iron Leaves\n|-damage|p1a: Iron Leaves|0 fnt\n|-boost|p2a: Terapagos|spe|1\n|faint|p1a: Iron Leaves\n|-end|p1a: Iron Leaves|Quark Drive|[silent]\n|\n|upkeep\n|\n|t:|1733843645\n|switch|p1a: Suicune|Suicune, L82|248/298\n|-damage|p1a: Suicune|211/298|[from] Spikes\n|-ability|p1a: Suicune|Pressure\n|turn|34\n|\n|t:|1733843652\n|move|p2a: Terapagos|Calm Mind|p2a: Terapagos\n|-boost|p2a: Terapagos|spa|1\n|-boost|p2a: Terapagos|spd|1\n|move|p1a: Suicune|Scald|p2a: Terapagos\n|-damage|p2a: Terapagos|138/368\n|-status|p2a: Terapagos|brn\n|\n|-heal|p1a: Suicune|229/298|[from] item: Leftovers\n|-damage|p2a: Terapagos|115/368 brn|[from] brn\n|upkeep\n|turn|35\n|inactive|wofuegro? has 120 seconds left.\n|\n|t:|1733843665\n|move|p2a: Terapagos|Tera Starstorm|p1a: Suicune\n|-damage|p1a: Suicune|38/298\n|move|p1a: Suicune|Calm Mind|p1a: Suicune\n|-boost|p1a: Suicune|spa|1\n|-boost|p1a: Suicune|spd|1\n|\n|-heal|p1a: Suicune|56/298|[from] item: Leftovers\n|-damage|p2a: Terapagos|92/368 brn|[from] brn\n|upkeep\n|turn|36\n|inactive|wofuegro? has 120 seconds left.\n|\n|t:|1733843675\n|move|p2a: Terapagos|Tera Starstorm|p1a: Suicune\n|-damage|p1a: Suicune|0 fnt\n|faint|p1a: Suicune\n|\n|-damage|p2a: Terapagos|69/368 brn|[from] brn\n|upkeep\n|\n|t:|1733843679\n|switch|p1a: Polteageist|Polteageist-Antique, L79|196/224\n|-damage|p1a: Polteageist|168/224|[from] Spikes\n|turn|37\n|\n|t:|1733843690\n|move|p2a: Terapagos|Tera Starstorm|p1a: Polteageist\n|-damage|p1a: Polteageist|0 fnt\n|faint|p1a: Polteageist\n|\n|-damage|p2a: Terapagos|46/368 brn|[from] brn\n|upkeep\n|-message|manrelly forfeited.\n|\n|win|wofuegro?\n|raw|manrelly's rating: 1375 &rarr; <strong>1357</strong><br />(-18 for losing)\n|raw|wofuegro?'s rating: 1409 &rarr; <strong>1427</strong><br />(+18 for winning)\n|l|\u2606manrelly\n|player|p1|\n", "inputlog": ">version bfd83cad13791eb5a5a409923076391caf6fb4d4\n>start {\"formatid\":\"gen9randombattle\",\"seed\":[43076,43566,18059,3583],\"rated\":\"Rated battle\"}\n>player p1 {\"name\":\"manrelly\",\"avatar\":\"101\",\"rating\":1375,\"seed\":[18738,40613,31712,57005]}\n>player p2 {\"name\":\"wofuegro?\",\"avatar\":\"wattson\",\"rating\":1409,\"seed\":[25085,5581,55838,65042]}\n>p1 move swordsdance\n>p2 switch 5\n>p1 switch 4\n>p2 move uturn\n>p2 switch 3\n>p1 switch 3\n>p2 move pyroball\n>p1 move scald\n>p2 switch 5\n>p1 switch 4\n>p2 move quiverdance\n>p1 move psyblade\n>p2 move strengthsap\n>p1 switch 6\n>p2 move quiverdance\n>p1 move bugbuzz\n>p2 move sleeppowder\n>p1 move bugbuzz\n>p2 move sleeppowder\n>p2 switch 3\n>p1 switch 3\n>p2 move spikes\n>p1 move thunderwave\n>p2 move uturn\n>p2 switch 5\n>p1 move thunderwave\n>p2 move gunkshot\n>p1 move spikes\n>p2 switch 2\n>p1 move spikes\n>p2 move thunderwave\n>p1 move spikes\n>p2 move thunderbolt\n>p1 move spikes\n>p2 move thunderbolt\n>p1 move spikes\n>p2 move thunderbolt\n>p1 switch 2\n>p1 move bodyslam\n>p2 move thunderwave\n>p1 move knockoff\n>p2 switch 2\n>p1 switch 5\n>p2 move highjumpkick\n>p1 move shadowball\n>p2 move pyroball\n>p2 switch 2\n>p1 switch 5\n>p2 move hurricane\n>p1 move bodyslam\n>p2 move hurricane\n>p1 move bodyslam\n>p2 move hurricane\n>p2 switch 4\n>p1 move rest\n>p2 move swordsdance\n>p1 move rest\n>p2 move psychicfangs\n>p1 switch 3\n>p1 move bugbuzz\n>p2 move psychicfangs\n>p2 switch 5\n>p1 switch 4\n>p2 move roost\n>p1 move calmmind\n>p2 switch 6\n>p1 move scald\n>p2 move rapidspin\n>p1 switch 6\n>p2 move calmmind terastallize\n>p1 move leafblade\n>p2 move terastarstorm\n>p1 move closecombat\n>p2 move rapidspin\n>p1 switch 6\n>p1 move scald\n>p2 move calmmind\n>p1 move calmmind\n>p2 move terastarstorm\n>p1 move scald\n>p2 move terastarstorm\n>p1 switch 5\n>p1 move shadowball\n>p2 move terastarstorm\n>forcelose p1", "uploadtime": 1733843698, "views": 2, "formatid": "gen9randombattle", "rating": 1357, "private": 0, "password": null}