{"id": "gen9randombattle-2260837324", "format": "[Gen 9] Random Battle", "players": ["RoboWahbit", "Tuan Pham"], "log": "|j|\u2606RoboWahbit\n|j|\u2606Tuan Pham\n|t:|1733901387\n|gametype|singles\n|player|p1|RoboWahbit|101|1200\n|player|p2|Tuan Pham|170|1242\n|teamsize|p1|6\n|teamsize|p2|6\n|gen|9\n|tier|[Gen 9] Random Battle\n|rated|\n|rule|Species Clause: Limit one of each Pok\u00e9mon\n|rule|HP Percentage Mod: HP is shown in percentages\n|rule|Sleep Clause Mod: Limit one foe put to sleep\n|rule|Illusion Level Mod: Illusion disguises the Pok\u00e9mon's true level\n|\n|t:|1733901387\n|start\n|switch|p1a: Lilligant|Lilligant, L86, F|261/261\n|switch|p2a: Espeon|Espeon, L84, M|246/246\n|turn|1\n|c|\u2606RoboWahbit|hf\n|inactive|Battle timer is ON: inactive players will automatically lose when time's up. (requested by RoboWahbit)\n|\n|t:|1733901413\n|move|p2a: Espeon|Psyshock|p1a: Lilligant\n|-damage|p1a: Lilligant|96/261\n|-damage|p2a: Espeon|222/246|[from] item: Life Orb\n|move|p1a: Lilligant|Quiver Dance|p1a: Lilligant\n|-boost|p1a: Lilligant|spa|1\n|-boost|p1a: Lilligant|spd|1\n|-boost|p1a: Lilligant|spe|1\n|\n|upkeep\n|turn|2\n|\n|t:|1733901417\n|move|p1a: Lilligant|Petal Dance|p2a: Espeon\n|-damage|p2a: Espeon|0 fnt\n|faint|p2a: Espeon\n|-damage|p1a: Lilligant|70/261|[from] item: Life Orb\n|\n|upkeep\n|\n|t:|1733901422\n|switch|p2a: Lunala|Lunala, L70|308/308\n|turn|3\n|\n|t:|1733901427\n|move|p1a: Lilligant|Petal Dance|p2a: Lunala|[from]lockedmove\n|-damage|p2a: Lunala|169/308\n|-damage|p1a: Lilligant|44/261|[from] item: Life Orb\n|move|p2a: Lunala|Moonblast|p1a: Lilligant\n|-damage|p1a: Lilligant|1/261\n|-unboost|p1a: Lilligant|spa|1\n|\n|-heal|p2a: Lunala|188/308|[from] item: Leftovers\n|upkeep\n|turn|4\n|\n|t:|1733901431\n|move|p1a: Lilligant|Petal Dance|p2a: Lunala\n|-damage|p2a: Lunala|0 fnt\n|faint|p2a: Lunala\n|-damage|p1a: Lilligant|0 fnt|[from] item: Life Orb\n|faint|p1a: Lilligant\n|\n|upkeep\n|\n|t:|1733901442\n|switch|p1a: Poliwrath|Poliwrath, L88, M|302/302\n|switch|p2a: Forretress|Forretress, L84, F|263/263\n|turn|5\n|\n|t:|1733901446\n|switch|p1a: Talonflame|Talonflame, L83, F|265/265\n|move|p2a: Forretress|Spikes|p1a: Talonflame\n|-sidestart|p1: RoboWahbit|Spikes\n|\n|upkeep\n|turn|6\n|\n|t:|1733901450\n|switch|p2a: Barraskewda|Barraskewda, L81, F|231/231\n|move|p1a: Talonflame|Swords Dance|p1a: Talonflame\n|-boost|p1a: Talonflame|atk|2\n|\n|upkeep\n|turn|7\n|\n|t:|1733901455\n|switch|p1a: Poliwrath|Poliwrath, L88, M|302/302\n|-damage|p1a: Poliwrath|265/302|[from] Spikes\n|move|p2a: Barraskewda|Waterfall|p1a: Poliwrath\n|-heal|p1a: Poliwrath|302/302|[from] ability: Water Absorb|[of] p2a: Barraskewda\n|\n|upkeep\n|turn|8\n|\n|t:|1733901463\n|switch|p2a: Forretress|Forretress, L84, F|263/263\n|move|p1a: Poliwrath|Bulk Up|p1a: Poliwrath\n|-boost|p1a: Poliwrath|atk|1\n|-boost|p1a: Poliwrath|def|1\n|\n|upkeep\n|turn|9\n|\n|t:|1733901469\n|move|p1a: Poliwrath|Liquidation|p2a: Forretress\n|-damage|p2a: Forretress|157/263\n|move|p2a: Forretress|Stealth Rock|p1a: Poliwrath\n|-sidestart|p1: RoboWahbit|move: Stealth Rock\n|\n|-heal|p2a: Forretress|173/263|[from] item: Leftovers\n|upkeep\n|turn|10\n|\n|t:|1733901476\n|switch|p2a: Barraskewda|Barraskewda, L81, F|231/231\n|move|p1a: Poliwrath|Liquidation|p2a: Barraskewda\n|-resisted|p2a: Barraskewda\n|-damage|p2a: Barraskewda|126/231\n|\n|upkeep\n|turn|11\n|\n|t:|1733901481\n|move|p2a: Barraskewda|Psychic Fangs|p1a: Poliwrath\n|-supereffective|p1a: Poliwrath\n|-damage|p1a: Poliwrath|178/302\n|move|p1a: Poliwrath|Drain Punch|p2a: Barraskewda\n|-damage|p2a: Barraskewda|0 fnt\n|-heal|p1a: Poliwrath|241/302|[from] drain|[of] p2a: Barraskewda\n|faint|p2a: Barraskewda\n|\n|-heal|p1a: Poliwrath|259/302|[from] item: Leftovers\n|upkeep\n|-message|Tuan Pham forfeited.\n|\n|win|RoboWahbit\n|raw|RoboWahbit's rating: 1200 &rarr; <strong>1228</strong><br />(+28 for winning)\n|raw|Tuan Pham's rating: 1242 &rarr; <strong>1214</strong><br />(-28 for losing)\n|c|\u2606RoboWahbit|gg\n|l|\u2606Tuan Pham\n|player|p2|\n", "inputlog": ">version bfd83cad13791eb5a5a409923076391caf6fb4d4\n>start {\"formatid\":\"gen9randombattle\",\"seed\":[47065,40347,26224,20665],\"rated\":\"Rated battle\"}\n>player p1 {\"name\":\"RoboWahbit\",\"avatar\":\"101\",\"rating\":1200,\"seed\":[43569,24969,5115,61935]}\n>player p2 {\"name\":\"Tuan Pham\",\"avatar\":\"170\",\"rating\":1242,\"seed\":[16631,50276,59098,11199]}\n>chat \u2606RoboWahbit|hf\n>p1 move quiverdance\n>p2 move psyshock\n>p1 move petaldance\n>p2 move psyshock\n>p2 switch 3\n>p1 move petaldance\n>p2 move moonblast\n>p1 move petaldance\n>p2 move moonlight\n>p1 switch 2\n>p2 switch 5\n>p1 switch 5\n>p2 move spikes\n>p1 move swordsdance\n>p2 switch 2\n>p1 switch 5\n>p2 move waterfall\n>p1 move bulkup\n>p2 switch 2\n>p1 move liquidation\n>p2 move stealthrock\n>p1 move liquidation\n>p2 switch 2\n>p1 move drainpunch\n>p2 move psychicfangs\n>forcelose p2", "uploadtime": 1733901492, "views": 2, "formatid": "gen9randombattle", "rating": 1214, "private": 0, "password": null}