{"id": "gen9randombattle-2260596355", "format": "[Gen 9] Random Battle", "players": ["Muk Muk Goodra", "frampton2000"], "log": "|j|\u2606Muk Muk Goodra\n|j|\u2606frampton2000\n|t:|1733867436\n|gametype|singles\n|player|p1|Muk Muk Goodra|265|1886\n|player|p2|frampton2000|169|1918\n|teamsize|p1|6\n|teamsize|p2|6\n|gen|9\n|tier|[Gen 9] Random Battle\n|rated|\n|rule|Species Clause: Limit one of each Pok\u00e9mon\n|rule|HP Percentage Mod: HP is shown in percentages\n|rule|Sleep Clause Mod: Limit one foe put to sleep\n|rule|Illusion Level Mod: Illusion disguises the Pok\u00e9mon's true level\n|\n|t:|1733867436\n|start\n|switch|p1a: Gurdurr|Gurdurr, L85, F|283/283\n|switch|p2a: Deoxys|Deoxys-Defense, L84|221/221\n|-ability|p2a: Deoxys|Pressure\n|turn|1\n|inactive|Battle timer is ON: inactive players will automatically lose when time's up. (requested by Muk Muk Goodra)\n|inactive|Muk Muk Goodra has 120 seconds left.\n|\n|t:|1733867472\n|move|p2a: Deoxys|Cosmic Power|p2a: Deoxys\n|-boost|p2a: Deoxys|def|1\n|-boost|p2a: Deoxys|spd|1\n|move|p1a: Gurdurr|Knock Off|p2a: Deoxys\n|-supereffective|p2a: Deoxys\n|-damage|p2a: Deoxys|151/221\n|-enditem|p2a: Deoxys|Leftovers|[from] move: Knock Off|[of] p1a: Gurdurr\n|\n|upkeep\n|turn|2\n|inactive|Muk Muk Goodra has 120 seconds left.\n|\n|t:|1733867514\n|switch|p1a: Venusaur|Venusaur, L84, M|272/272\n|move|p2a: Deoxys|Cosmic Power|p2a: Deoxys\n|-boost|p2a: Deoxys|def|1\n|-boost|p2a: Deoxys|spd|1\n|\n|upkeep\n|turn|3\n|\n|t:|1733867524\n|move|p2a: Deoxys|Stored Power|p1a: Venusaur\n|-supereffective|p1a: Venusaur\n|-damage|p1a: Venusaur|134/272\n|move|p1a: Venusaur|Sludge Bomb|p2a: Deoxys\n|-damage|p2a: Deoxys|120/221\n|-status|p2a: Deoxys|psn\n|\n|-heal|p1a: Venusaur|151/272|[from] item: Leftovers\n|-damage|p2a: Deoxys|93/221 psn|[from] psn\n|upkeep\n|turn|4\n|inactive|Muk Muk Goodra has 120 seconds left.\n|\n|t:|1733867539\n|move|p2a: Deoxys|Recover|p2a: Deoxys\n|-heal|p2a: Deoxys|204/221 psn\n|move|p1a: Venusaur|Synthesis|p1a: Venusaur\n|-heal|p1a: Venusaur|272/272\n|\n|-damage|p2a: Deoxys|177/221 psn|[from] psn\n|upkeep\n|turn|5\n|inactive|Muk Muk Goodra has 120 seconds left.\n|inactive|Muk Muk Goodra has 90 seconds left.\n|\n|t:|1733867578\n|switch|p1a: Bastiodon|Bastiodon, L89, F|252/252\n|move|p2a: Deoxys|Cosmic Power|p2a: Deoxys\n|-boost|p2a: Deoxys|def|1\n|-boost|p2a: Deoxys|spd|1\n|\n|-damage|p2a: Deoxys|150/221 psn|[from] psn\n|upkeep\n|turn|6\n|inactive|Muk Muk Goodra has 90 seconds left.\n|\n|t:|1733867589\n|switch|p1a: Glalie|Glalie, L96, F|309/309\n|move|p2a: Deoxys|Cosmic Power|p2a: Deoxys\n|-boost|p2a: Deoxys|def|1\n|-boost|p2a: Deoxys|spd|1\n|\n|-damage|p2a: Deoxys|123/221 psn|[from] psn\n|upkeep\n|turn|7\n|\n|t:|1733867593\n|move|p1a: Glalie|Taunt|p2a: Deoxys\n|-start|p2a: Deoxys|move: Taunt\n|cant|p2a: Deoxys|move: Taunt|Recover\n|\n|-damage|p2a: Deoxys|96/221 psn|[from] psn\n|upkeep\n|turn|8\n|\n|t:|1733867601\n|move|p1a: Glalie|Freeze-Dry|p2a: Deoxys\n|-damage|p2a: Deoxys|78/221 psn\n|move|p2a: Deoxys|Stored Power|p1a: Glalie\n|-damage|p1a: Glalie|168/309\n|\n|-damage|p2a: Deoxys|51/221 psn|[from] psn\n|upkeep\n|turn|9\n|\n|t:|1733867611\n|move|p1a: Glalie|Freeze-Dry|p2a: Deoxys\n|-damage|p2a: Deoxys|35/221 psn\n|move|p2a: Deoxys|Stored Power|p1a: Glalie\n|-damage|p1a: Glalie|15/309\n|\n|-damage|p2a: Deoxys|8/221 psn|[from] psn\n|-end|p2a: Deoxys|move: Taunt\n|upkeep\n|turn|10\n|\n|t:|1733867629\n|move|p1a: Glalie|Freeze-Dry|p2a: Deoxys\n|-damage|p2a: Deoxys|0 fnt\n|faint|p2a: Deoxys\n|\n|upkeep\n|c|\u2606Muk Muk Goodra|geez that took so much thought\n|c|\u2606Muk Muk Goodra|lol\n|c|\u2606Muk Muk Goodra|i had no other way to deal with it\n|\n|t:|1733867641\n|switch|p2a: Sandslash|Sandslash-Alola, L88, F|275/275\n|turn|11\n|inactive|Muk Muk Goodra has 120 seconds left.\n|\n|t:|1733867660\n|move|p1a: Glalie|Earthquake|p2a: Sandslash\n|-supereffective|p2a: Sandslash\n|-damage|p2a: Sandslash|161/275\n|move|p2a: Sandslash|Rapid Spin|p1a: Glalie\n|-damage|p1a: Glalie|0 fnt\n|-boost|p2a: Sandslash|spe|1\n|faint|p1a: Glalie\n|\n|upkeep\n|\n|t:|1733867666\n|switch|p1a: Gurdurr|Gurdurr, L85, F|283/283\n|turn|12\n|\n|t:|1733867672\n|switch|p2a: Dipplin|Dipplin, L88, M|284/284\n|move|p1a: Gurdurr|Knock Off|p2a: Dipplin\n|-damage|p2a: Dipplin|246/284\n|-activate|p2a: Dipplin|ability: Sticky Hold\n|\n|upkeep\n|turn|13\n|inactive|Muk Muk Goodra has 120 seconds left.\n|\n|t:|1733867687\n|switch|p1a: Venusaur|Venusaur, L84, M|272/272\n|move|p2a: Dipplin|Giga Drain|p1a: Venusaur\n|-resisted|p1a: Venusaur\n|-damage|p1a: Venusaur|253/272\n|-heal|p2a: Dipplin|256/284|[from] drain|[of] p1a: Venusaur\n|\n|-heal|p1a: Venusaur|270/272|[from] item: Leftovers\n|upkeep\n|turn|14\n|\n|t:|1733867696\n|switch|p2a: Sandslash|Sandslash-Alola, L88, F|161/275\n|move|p1a: Venusaur|Sleep Powder|p2a: Sandslash\n|-status|p2a: Sandslash|slp|[from] move: Sleep Powder\n|\n|-heal|p1a: Venusaur|272/272|[from] item: Leftovers\n|upkeep\n|turn|15\n|inactive|Muk Muk Goodra has 120 seconds left.\n|\n|t:|1733867713\n|switch|p1a: Bastiodon|Bastiodon, L89, F|252/252\n|switch|p2a: Pyroar|Pyroar, L88, M|295/295\n|-ability|p2a: Pyroar|Unnerve\n|\n|upkeep\n|turn|16\n|\n|t:|1733867721\n|move|p2a: Pyroar|Will-O-Wisp|p1a: Bastiodon\n|-status|p1a: Bastiodon|brn\n|move|p1a: Bastiodon|Body Press|p2a: Pyroar\n|-supereffective|p2a: Pyroar\n|-damage|p2a: Pyroar|193/295\n|\n|-damage|p1a: Bastiodon|237/252 brn|[from] brn\n|upkeep\n|turn|17\n|inactive|Muk Muk Goodra has 120 seconds left.\n|\n|t:|1733867730\n|move|p2a: Pyroar|Fire Blast|p1a: Bastiodon\n|-damage|p1a: Bastiodon|140/252 brn\n|move|p1a: Bastiodon|Body Press|p2a: Pyroar\n|-supereffective|p2a: Pyroar\n|-damage|p2a: Pyroar|76/295\n|\n|-damage|p1a: Bastiodon|125/252 brn|[from] brn\n|upkeep\n|turn|18\n|\n|t:|1733867735\n|move|p2a: Pyroar|Fire Blast|p1a: Bastiodon\n|-damage|p1a: Bastiodon|28/252 brn\n|move|p1a: Bastiodon|Body Press|p2a: Pyroar\n|-supereffective|p2a: Pyroar\n|-damage|p2a: Pyroar|0 fnt\n|faint|p2a: Pyroar\n|\n|-damage|p1a: Bastiodon|13/252 brn|[from] brn\n|upkeep\n|\n|t:|1733867751\n|switch|p2a: Dipplin|Dipplin, L88, M|256/284\n|turn|19\n|\n|t:|1733867757\n|move|p2a: Dipplin|Dragon Pulse|p1a: Bastiodon\n|-resisted|p1a: Bastiodon\n|-damage|p1a: Bastiodon|0 fnt\n|faint|p1a: Bastiodon\n|\n|upkeep\n|\n|t:|1733867767\n|switch|p1a: Venusaur|Venusaur, L84, M|272/272\n|turn|20\n|\n|t:|1733867783\n|switch|p1a: Gouging Fire|Gouging Fire, L74|277/277\n|switch|p2a: Sandslash|Sandslash-Alola, L88, F|161/275 slp\n|\n|upkeep\n|turn|21\n|\n|t:|1733867787\n|switch|p2a: Regirock|Regirock, L83|268/268\n|move|p1a: Gouging Fire|Dragon Dance|p1a: Gouging Fire\n|-boost|p1a: Gouging Fire|atk|1\n|-boost|p1a: Gouging Fire|spe|1\n|\n|upkeep\n|turn|22\n|\n|t:|1733867800\n|-terastallize|p1a: Gouging Fire|Ground\n|move|p1a: Gouging Fire|Earthquake|p2a: Regirock\n|-supereffective|p2a: Regirock\n|-damage|p2a: Regirock|106/268\n|move|p2a: Regirock|Curse|p2a: Regirock\n|-unboost|p2a: Regirock|spe|1\n|-boost|p2a: Regirock|atk|1\n|-boost|p2a: Regirock|def|1\n|\n|upkeep\n|turn|23\n|\n|t:|1733867814\n|-terastallize|p2a: Regirock|Fighting\n|move|p1a: Gouging Fire|Dragon Dance|p1a: Gouging Fire\n|-boost|p1a: Gouging Fire|atk|1\n|-boost|p1a: Gouging Fire|spe|1\n|move|p2a: Regirock|Rest|p2a: Regirock\n|-status|p2a: Regirock|slp|[from] move: Rest\n|-heal|p2a: Regirock|268/268 slp|[silent]\n|-enditem|p2a: Regirock|Chesto Berry|[eat]\n|-curestatus|p2a: Regirock|slp|[msg]\n|\n|upkeep\n|turn|24\n|\n|t:|1733867828\n|-end|p1a: Gouging Fire|Protosynthesis|[silent]\n|switch|p1a: Venusaur|Venusaur, L84, M|272/272\n|move|p2a: Regirock|Curse|p2a: Regirock\n|-unboost|p2a: Regirock|spe|1\n|-boost|p2a: Regirock|atk|1\n|-boost|p2a: Regirock|def|1\n|\n|upkeep\n|turn|25\n|\n|t:|1733867838\n|move|p1a: Venusaur|Sludge Bomb|p2a: Regirock\n|-damage|p2a: Regirock|183/268\n|move|p2a: Regirock|Stone Edge|p1a: Venusaur|[miss]\n|-miss|p2a: Regirock|p1a: Venusaur\n|\n|upkeep\n|turn|26\n|\n|t:|1733867845\n|move|p1a: Venusaur|Sludge Bomb|p2a: Regirock\n|-damage|p2a: Regirock|87/268\n|move|p2a: Regirock|Stone Edge|p1a: Venusaur\n|-damage|p1a: Venusaur|56/272\n|\n|-heal|p1a: Venusaur|73/272|[from] item: Leftovers\n|upkeep\n|turn|27\n|\n|t:|1733867852\n|move|p1a: Venusaur|Energy Ball|p2a: Regirock\n|-crit|p2a: Regirock\n|-damage|p2a: Regirock|0 fnt\n|faint|p2a: Regirock\n|\n|-heal|p1a: Venusaur|90/272|[from] item: Leftovers\n|upkeep\n|\n|t:|1733867856\n|switch|p2a: Tauros|Tauros-Paldea-Aqua, L81, M|254/254\n|-ability|p2a: Tauros|Intimidate|boost\n|-unboost|p1a: Venusaur|atk|1\n|turn|28\n|\n|t:|1733867863\n|move|p2a: Tauros|Wave Crash|p1a: Venusaur\n|-resisted|p1a: Venusaur\n|-damage|p1a: Venusaur|0 fnt\n|faint|p1a: Venusaur\n|-damage|p2a: Tauros|224/254|[from] Recoil\n|\n|upkeep\n|\n|t:|1733867872\n|switch|p1a: Gurdurr|Gurdurr, L85, F|283/283\n|turn|29\n|inactive|frampton2000 has 120 seconds left.\n|\n|t:|1733867910\n|switch|p2a: Dipplin|Dipplin, L88, M|256/284\n|move|p1a: Gurdurr|Drain Punch|p2a: Dipplin\n|-damage|p2a: Dipplin|211/284\n|\n|upkeep\n|turn|30\n|\n|t:|1733867932\n|move|p2a: Dipplin|Giga Drain|p1a: Gurdurr\n|-damage|p1a: Gurdurr|202/283\n|-heal|p2a: Dipplin|252/284|[from] drain|[of] p1a: Gurdurr\n|move|p1a: Gurdurr|Knock Off|p2a: Dipplin\n|-damage|p2a: Dipplin|214/284\n|-activate|p2a: Dipplin|ability: Sticky Hold\n|\n|upkeep\n|turn|31\n|\n|t:|1733867938\n|move|p2a: Dipplin|Giga Drain|p1a: Gurdurr\n|-damage|p1a: Gurdurr|120/283\n|-heal|p2a: Dipplin|255/284|[from] drain|[of] p1a: Gurdurr\n|move|p1a: Gurdurr|Drain Punch|p2a: Dipplin\n|-damage|p2a: Dipplin|210/284\n|-heal|p1a: Gurdurr|143/283|[from] drain|[of] p2a: Dipplin\n|\n|upkeep\n|turn|32\n|\n|t:|1733867943\n|move|p2a: Dipplin|Giga Drain|p1a: Gurdurr\n|-crit|p1a: Gurdurr\n|-damage|p1a: Gurdurr|26/283\n|-heal|p2a: Dipplin|269/284|[from] drain|[of] p1a: Gurdurr\n|move|p1a: Gurdurr|Drain Punch|p2a: Dipplin\n|-damage|p2a: Dipplin|218/284\n|-heal|p1a: Gurdurr|52/283|[from] drain|[of] p2a: Dipplin\n|\n|upkeep\n|turn|33\n|\n|t:|1733867951\n|move|p2a: Dipplin|Recover|p2a: Dipplin\n|-heal|p2a: Dipplin|284/284\n|move|p1a: Gurdurr|Drain Punch|p2a: Dipplin\n|-damage|p2a: Dipplin|239/284\n|-heal|p1a: Gurdurr|75/283|[from] drain|[of] p2a: Dipplin\n|\n|upkeep\n|turn|34\n|\n|t:|1733867955\n|move|p1a: Gurdurr|Mach Punch|p2a: Dipplin\n|-damage|p2a: Dipplin|215/284\n|move|p2a: Dipplin|Giga Drain|p1a: Gurdurr\n|-damage|p1a: Gurdurr|0 fnt\n|-heal|p2a: Dipplin|253/284|[from] drain|[of] p1a: Gurdurr\n|faint|p1a: Gurdurr\n|\n|upkeep\n|\n|t:|1733867961\n|switch|p1a: Gouging Fire|Gouging Fire, L74, tera:Ground|277/277\n|turn|35\n|\n|t:|1733867965\n|move|p1a: Gouging Fire|Dragon Dance|p1a: Gouging Fire\n|-boost|p1a: Gouging Fire|atk|1\n|-boost|p1a: Gouging Fire|spe|1\n|move|p2a: Dipplin|Giga Drain|p1a: Gouging Fire\n|-supereffective|p1a: Gouging Fire\n|-damage|p1a: Gouging Fire|83/277\n|-heal|p2a: Dipplin|284/284|[from] drain|[of] p1a: Gouging Fire\n|\n|upkeep\n|turn|36\n|\n|t:|1733867969\n|move|p1a: Gouging Fire|Outrage|p2a: Dipplin\n|-supereffective|p2a: Dipplin\n|-damage|p2a: Dipplin|104/284\n|move|p2a: Dipplin|Giga Drain|p1a: Gouging Fire\n|-supereffective|p1a: Gouging Fire\n|-damage|p1a: Gouging Fire|0 fnt\n|-heal|p2a: Dipplin|146/284|[from] drain|[of] p1a: Gouging Fire\n|faint|p1a: Gouging Fire\n|-end|p1a: Gouging Fire|Protosynthesis|[silent]\n|\n|upkeep\n|\n|t:|1733867972\n|switch|p1a: Deoxys|Deoxys-Speed, L82|216/216\n|-ability|p1a: Deoxys|Pressure\n|turn|37\n|\n|t:|1733867984\n|switch|p2a: Sandslash|Sandslash-Alola, L88, F|161/275 slp\n|move|p1a: Deoxys|Nasty Plot|p1a: Deoxys\n|-boost|p1a: Deoxys|spa|2\n|\n|upkeep\n|turn|38\n|\n|t:|1733867990\n|move|p1a: Deoxys|Nasty Plot|p1a: Deoxys\n|-boost|p1a: Deoxys|spa|2\n|cant|p2a: Sandslash|slp\n|\n|upkeep\n|turn|39\n|\n|t:|1733868002\n|move|p1a: Deoxys|Focus Blast|p2a: Sandslash\n|-supereffective|p2a: Sandslash\n|-damage|p2a: Sandslash|0 fnt\n|faint|p2a: Sandslash\n|-damage|p1a: Deoxys|195/216|[from] item: Life Orb\n|\n|upkeep\n|\n|t:|1733868006\n|switch|p2a: Dipplin|Dipplin, L88, M|146/284\n|turn|40\n|inactive|Muk Muk Goodra has 120 seconds left.\n|\n|t:|1733868043\n|move|p2a: Dipplin|Sucker Punch|p1a: Deoxys\n|-supereffective|p1a: Deoxys\n|-damage|p1a: Deoxys|103/216\n|move|p1a: Deoxys|Psycho Boost|p2a: Dipplin\n|-damage|p2a: Dipplin|0 fnt\n|-unboost|p1a: Deoxys|spa|2\n|faint|p2a: Dipplin\n|-damage|p1a: Deoxys|82/216|[from] item: Life Orb\n|\n|upkeep\n|\n|t:|1733868046\n|switch|p2a: Tauros|Tauros-Paldea-Aqua, L81, M|224/254\n|-ability|p2a: Tauros|Intimidate|boost\n|-unboost|p1a: Deoxys|atk|1\n|turn|41\n|\n|t:|1733868051\n|move|p2a: Tauros|Aqua Jet|p1a: Deoxys\n|-damage|p1a: Deoxys|19/216\n|move|p1a: Deoxys|Psycho Boost|p2a: Tauros\n|-supereffective|p2a: Tauros\n|-damage|p2a: Tauros|0 fnt\n|-unboost|p1a: Deoxys|spa|2\n|faint|p2a: Tauros\n|-damage|p1a: Deoxys|0 fnt|[from] item: Life Orb\n|faint|p1a: Deoxys\n|\n|win|Muk Muk Goodra\n|raw|Muk Muk Goodra's rating: 1886 &rarr; <strong>1908</strong><br />(+22 for winning)\n|raw|frampton2000's rating: 1918 &rarr; <strong>1896</strong><br />(-22 for losing)\n", "inputlog": ">version bfd83cad13791eb5a5a409923076391caf6fb4d4\n>start {\"formatid\":\"gen9randombattle\",\"seed\":[40311,25423,6381,19486],\"rated\":\"Rated battle\"}\n>player p1 {\"name\":\"Muk Muk Goodra\",\"avatar\":\"265\",\"rating\":1886,\"seed\":[25898,60385,65047,12701]}\n>player p2 {\"name\":\"frampton2000\",\"avatar\":\"169\",\"rating\":1918,\"seed\":[52526,24772,55644,1346]}\n>p1 move knockoff\n>p2 move cosmicpower\n>p1 switch 3\n>p2 move cosmicpower\n>p1 move sludgebomb\n>p2 move storedpower\n>p1 move synthesis\n>p2 move recover\n>p1 switch 6\n>p2 move cosmicpower\n>p1 switch 2\n>p2 move cosmicpower\n>p1 move taunt\n>p2 move recover\n>p1 move freezedry\n>p2 move storedpower\n>p1 move freezedry\n>p2 move storedpower\n>p1 move freezedry\n>p2 move storedpower\n>chat \u2606Muk Muk Goodra|geez that took so much thought\n>chat \u2606Muk Muk Goodra|lol\n>chat \u2606Muk Muk Goodra|i had no other way to deal with it\n>p2 switch 5\n>p1 move earthquake\n>p2 move rapidspin\n>p1 switch 3\n>p1 move knockoff\n>p2 switch 3\n>p1 switch 6\n>p2 move gigadrain\n>p1 move sleeppowder\n>p2 switch 3\n>p1 switch 2\n>p2 switch 6\n>p1 move bodypress\n>p2 move willowisp\n>p1 move bodypress\n>p2 move fireblast\n>p1 move bodypress\n>p2 move fireblast\n>p2 switch 3\n>p1 move rest\n>p2 move dragonpulse\n>p1 switch 2\n>p1 switch 5\n>p2 switch 6\n>p1 move dragondance\n>p2 switch 4\n>p1 move earthquake terastallize\n>p2 move curse\n>p1 move dragondance\n>p2 move rest terastallize\n>p1 switch 5\n>p2 move curse\n>p1 move sludgebomb\n>p2 move stoneedge\n>p1 move sludgebomb\n>p2 move stoneedge\n>p1 move energyball\n>p2 move bodypress\n>p2 switch 2\n>p1 move synthesis\n>p2 move wavecrash\n>p1 switch 6\n>p1 move drainpunch\n>p2 switch 6\n>p1 move knockoff\n>p2 move gigadrain\n>p1 move drainpunch\n>p2 move gigadrain\n>p1 move drainpunch\n>p2 move gigadrain\n>p1 move drainpunch\n>p2 move recover\n>p1 move machpunch\n>p2 move gigadrain\n>p1 switch 5\n>p1 move dragondance\n>p2 move gigadrain\n>p1 move outrage\n>p2 move gigadrain\n>p1 switch 4\n>p1 move nastyplot\n>p2 switch 4\n>p1 move nastyplot\n>p2 move tripleaxel\n>p1 move focusblast\n>p2 move tripleaxel\n>p2 switch 4\n>p1 move psychoboost\n>p2 move suckerpunch\n>p2 switch 6\n>p1 move psychoboost\n>p2 move aquajet", "uploadtime": 1733868056, "views": 2, "formatid": "gen9randombattle", "rating": 1896, "private": 0, "password": null}