{"id": "gen9randombattle-2259944427", "format": "[Gen 9] Random Battle", "players": ["Void Knight Ace", "ijhr0"], "log": "|j|\u2606Void Knight Ace\n|j|\u2606ijhr0\n|t:|1733782715\n|gametype|singles\n|player|p1|Void Knight Ace|n|1406\n|player|p2|ijhr0|265|1354\n|teamsize|p1|6\n|teamsize|p2|6\n|gen|9\n|tier|[Gen 9] Random Battle\n|rated|\n|rule|Species Clause: Limit one of each Pok\u00e9mon\n|rule|HP Percentage Mod: HP is shown in percentages\n|rule|Sleep Clause Mod: Limit one foe put to sleep\n|rule|Illusion Level Mod: Illusion disguises the Pok\u00e9mon's true level\n|\n|t:|1733782715\n|start\n|switch|p1a: Iron Thorns|Iron Thorns, L83|302/302\n|switch|p2a: Spiritomb|Spiritomb, L89, M|234/234\n|-item|p1a: Iron Thorns|Air Balloon\n|turn|1\n|\n|t:|1733782724\n|move|p1a: Iron Thorns|Stealth Rock|p2a: Spiritomb\n|-sidestart|p2: ijhr0|move: Stealth Rock\n|move|p2a: Spiritomb|Poltergeist|p1a: Iron Thorns\n|-activate|p1a: Iron Thorns|move: Poltergeist|Air Balloon\n|-damage|p1a: Iron Thorns|190/302\n|-enditem|p1a: Iron Thorns|Air Balloon\n|\n|upkeep\n|turn|2\n|\n|t:|1733782732\n|move|p1a: Iron Thorns|Stone Edge|p2a: Spiritomb\n|-damage|p2a: Spiritomb|134/234\n|move|p2a: Spiritomb|Foul Play|p1a: Iron Thorns\n|-damage|p1a: Iron Thorns|64/302\n|\n|-heal|p2a: Spiritomb|148/234|[from] item: Leftovers\n|upkeep\n|turn|3\n|\n|t:|1733782745\n|-end|p1a: Iron Thorns|Quark Drive|[silent]\n|switch|p1a: Masquerain|Masquerain, L87, F|264/264\n|-ability|p1a: Masquerain|Intimidate|boost\n|-unboost|p2a: Spiritomb|atk|1\n|move|p2a: Spiritomb|Shadow Sneak|p1a: Masquerain\n|-damage|p1a: Masquerain|227/264\n|\n|-heal|p2a: Spiritomb|162/234|[from] item: Leftovers\n|upkeep\n|turn|4\n|\n|t:|1733782753\n|move|p1a: Masquerain|Sticky Web|p2a: Spiritomb\n|-sidestart|p2: ijhr0|move: Sticky Web\n|move|p2a: Spiritomb|Poltergeist|p1a: Masquerain\n|-activate|p1a: Masquerain|move: Poltergeist|Heavy-Duty Boots\n|-damage|p1a: Masquerain|119/264\n|\n|-heal|p2a: Spiritomb|176/234|[from] item: Leftovers\n|upkeep\n|turn|5\n|\n|t:|1733782764\n|move|p1a: Masquerain|Bug Buzz|p2a: Spiritomb\n|-damage|p2a: Spiritomb|91/234\n|move|p2a: Spiritomb|Poltergeist|p1a: Masquerain\n|-activate|p1a: Masquerain|move: Poltergeist|Heavy-Duty Boots\n|-damage|p1a: Masquerain|16/264\n|\n|-heal|p2a: Spiritomb|105/234|[from] item: Leftovers\n|upkeep\n|turn|6\n|\n|t:|1733782770\n|move|p2a: Spiritomb|Shadow Sneak|p1a: Masquerain\n|-damage|p1a: Masquerain|0 fnt\n|faint|p1a: Masquerain\n|\n|-heal|p2a: Spiritomb|119/234|[from] item: Leftovers\n|upkeep\n|\n|t:|1733782777\n|switch|p1a: Diancie|Diancie, L82|216/216\n|turn|7\n|\n|t:|1733782782\n|move|p1a: Diancie|Calm Mind|p1a: Diancie\n|-boost|p1a: Diancie|spa|1\n|-boost|p1a: Diancie|spd|1\n|move|p2a: Spiritomb|Pain Split|p1a: Diancie\n|-sethp|p1a: Diancie|167/216|[from] move: Pain Split|[silent]\n|-sethp|p2a: Spiritomb|167/234|[from] move: Pain Split\n|\n|-heal|p1a: Diancie|180/216|[from] item: Leftovers\n|-heal|p2a: Spiritomb|181/234|[from] item: Leftovers\n|upkeep\n|turn|8\n|\n|t:|1733782786\n|move|p1a: Diancie|Calm Mind|p1a: Diancie\n|-boost|p1a: Diancie|spa|1\n|-boost|p1a: Diancie|spd|1\n|move|p2a: Spiritomb|Poltergeist|p1a: Diancie\n|-activate|p1a: Diancie|move: Poltergeist|Leftovers\n|-damage|p1a: Diancie|126/216\n|\n|-heal|p1a: Diancie|139/216|[from] item: Leftovers\n|-heal|p2a: Spiritomb|195/234|[from] item: Leftovers\n|upkeep\n|turn|9\n|\n|t:|1733782789\n|move|p1a: Diancie|Draining Kiss|p2a: Spiritomb\n|-supereffective|p2a: Spiritomb\n|-damage|p2a: Spiritomb|27/234\n|-heal|p1a: Diancie|216/216|[from] drain|[of] p2a: Spiritomb\n|move|p2a: Spiritomb|Poltergeist|p1a: Diancie\n|-activate|p1a: Diancie|move: Poltergeist|Leftovers\n|-damage|p1a: Diancie|162/216\n|\n|-heal|p1a: Diancie|175/216|[from] item: Leftovers\n|-heal|p2a: Spiritomb|41/234|[from] item: Leftovers\n|upkeep\n|turn|10\n|\n|t:|1733782792\n|move|p1a: Diancie|Draining Kiss|p2a: Spiritomb\n|-supereffective|p2a: Spiritomb\n|-damage|p2a: Spiritomb|0 fnt\n|-heal|p1a: Diancie|206/216|[from] drain|[of] p2a: Spiritomb\n|faint|p2a: Spiritomb\n|\n|-heal|p1a: Diancie|216/216|[from] item: Leftovers\n|upkeep\n|inactive|Battle timer is ON: inactive players will automatically lose when time's up. (requested by Void Knight Ace)\n|\n|t:|1733782808\n|switch|p2a: Fezandipiti|Fezandipiti, L82, M|278/278\n|-damage|p2a: Fezandipiti|244/278|[from] Stealth Rock\n|-activate|p2a: Fezandipiti|move: Sticky Web\n|-unboost|p2a: Fezandipiti|spe|1\n|turn|11\n|\n|t:|1733782820\n|move|p2a: Fezandipiti|Gunk Shot|p1a: Diancie\n|-damage|p1a: Diancie|138/216\n|move|p1a: Diancie|Earth Power|p2a: Fezandipiti\n|-supereffective|p2a: Fezandipiti\n|-damage|p2a: Fezandipiti|62/278\n|\n|-heal|p2a: Fezandipiti|79/278|[from] item: Leftovers\n|-heal|p1a: Diancie|151/216|[from] item: Leftovers\n|upkeep\n|turn|12\n|\n|t:|1733782827\n|move|p2a: Fezandipiti|Gunk Shot|p1a: Diancie\n|-damage|p1a: Diancie|81/216\n|move|p1a: Diancie|Diamond Storm|p2a: Fezandipiti\n|-damage|p2a: Fezandipiti|0 fnt\n|-boost|p1a: Diancie|def|2\n|faint|p2a: Fezandipiti\n|\n|-heal|p1a: Diancie|94/216|[from] item: Leftovers\n|upkeep\n|\n|t:|1733782844\n|switch|p2a: Minior|Minior-Orange, L79|224/224\n|-damage|p2a: Minior|168/224|[from] Stealth Rock\n|-formechange|p2a: Minior|Minior-Meteor||[from] ability: Shields Down\n|turn|13\n|\n|t:|1733782854\n|move|p2a: Minior|Earthquake|p1a: Diancie\n|-supereffective|p1a: Diancie\n|-damage|p1a: Diancie|64/216\n|move|p1a: Diancie|Draining Kiss|p2a: Minior\n|-damage|p2a: Minior|72/224\n|-heal|p1a: Diancie|136/216|[from] drain|[of] p2a: Minior\n|\n|-heal|p1a: Diancie|149/216|[from] item: Leftovers\n|-formechange|p2a: Minior|Minior-Orange||[from] ability: Shields Down\n|upkeep\n|turn|14\n|\n|t:|1733782860\n|move|p2a: Minior|Earthquake|p1a: Diancie\n|-supereffective|p1a: Diancie\n|-damage|p1a: Diancie|103/216\n|move|p1a: Diancie|Draining Kiss|p2a: Minior\n|-damage|p2a: Minior|0 fnt\n|-heal|p1a: Diancie|157/216|[from] drain|[of] p2a: Minior\n|faint|p2a: Minior\n|\n|-heal|p1a: Diancie|170/216|[from] item: Leftovers\n|upkeep\n|-message|ijhr0 forfeited.\n|\n|win|Void Knight Ace\n|raw|Void Knight Ace's rating: 1427 &rarr; <strong>1443</strong><br />(+16 for winning)\n|raw|ijhr0's rating: 1354 &rarr; <strong>1338</strong><br />(-16 for losing)\n|l|\u2606ijhr0\n|player|p2|\n|c|\u2606Void Knight Ace|gg\n|l|\u2606Void Knight Ace\n|player|p1|\n|j|\u2606Void Knight Ace\n|player|p1|Void Knight Ace|n|\n", "inputlog": ">version bfd83cad13791eb5a5a409923076391caf6fb4d4\n>start {\"formatid\":\"gen9randombattle\",\"seed\":[64088,44315,17932,17967],\"rated\":\"Rated battle\"}\n>player p1 {\"name\":\"Void Knight Ace\",\"avatar\":\"n\",\"rating\":1406,\"seed\":[65314,10695,17621,12841]}\n>player p2 {\"name\":\"ijhr0\",\"avatar\":\"265\",\"rating\":1354,\"seed\":[35200,58118,8963,14021]}\n>p1 move stealthrock\n>p2 move poltergeist\n>p1 move stoneedge\n>p2 move foulplay\n>p1 switch 3\n>p2 move shadowsneak\n>p1 move stickyweb\n>p2 move poltergeist\n>p1 move bugbuzz\n>p2 move poltergeist\n>p1 move hurricane\n>p2 move shadowsneak\n>p1 switch 4\n>p1 move calmmind\n>p2 move painsplit\n>p1 move calmmind\n>p2 move poltergeist\n>p1 move drainingkiss\n>p2 move poltergeist\n>p1 move drainingkiss\n>p2 move painsplit\n>p2 switch 4\n>p1 move earthpower\n>p2 move gunkshot\n>p1 move diamondstorm\n>p2 move gunkshot\n>p2 switch 3\n>p1 move drainingkiss\n>p2 move earthquake\n>p1 move drainingkiss\n>p2 move earthquake\n>forcelose p2", "uploadtime": 1733782886, "views": 7, "formatid": "gen9randombattle", "rating": 1338, "private": 0, "password": null}