{"id": "gen9randombattle-2011279913", "format": "[Gen 9] Random Battle", "players": ["Qiuescent", "bombom02"], "log": "|j|\u203dQiuescent\n|j|\u2606bombom02\n|t:|1702538006\n|gametype|singles\n|player|p1|Qiuescent|102|2215\n|player|p2|bombom02|marnie|2283\n|teamsize|p1|6\n|teamsize|p2|6\n|gen|9\n|tier|[Gen 9] Random Battle\n|rated|\n|rule|Species Clause: Limit one of each Pok\u00e9mon\n|rule|HP Percentage Mod: HP is shown in percentages\n|rule|Sleep Clause Mod: Limit one foe put to sleep\n|rule|Illusion Level Mod: Illusion disguises the Pok\u00e9mon's true level\n|\n|t:|1702538006\n|start\n|switch|p1a: Seviper|Seviper, L93, M|287/287\n|switch|p2a: Heracross|Heracross, L80, F|259/259\n|turn|1\n|inactive|Battle timer is ON: inactive players will automatically lose when time's up. (requested by bombom02)\n|\n|t:|1702538021\n|move|p2a: Heracross|Earthquake|p1a: Seviper\n|-supereffective|p1a: Seviper\n|-damage|p1a: Seviper|105/287\n|move|p1a: Seviper|Gunk Shot|p2a: Heracross\n|-damage|p2a: Heracross|55/259\n|-status|p2a: Heracross|psn\n|\n|-damage|p2a: Heracross|23/259 psn|[from] psn\n|upkeep\n|turn|2\n|\n|t:|1702538041\n|switch|p2a: Tinkaton|Tinkaton, L82, F|274/274\n|-ability|p2a: Tinkaton|Mold Breaker\n|switch|p1a: Spidops|Spidops, L96, F|271/271\n|\n|upkeep\n|turn|3\n|\n|t:|1702538048\n|move|p2a: Tinkaton|Thunder Wave|p1a: Spidops\n|-status|p1a: Spidops|par\n|move|p1a: Spidops|Sticky Web|p2a: Tinkaton\n|-sidestart|p2: bombom02|move: Sticky Web\n|\n|upkeep\n|turn|4\n|\n|t:|1702538051\n|move|p2a: Tinkaton|Knock Off|p1a: Spidops\n|-damage|p1a: Spidops|224/271 par\n|-enditem|p1a: Spidops|Heavy-Duty Boots|[from] move: Knock Off|[of] p2a: Tinkaton\n|move|p1a: Spidops|U-turn|p2a: Tinkaton\n|-resisted|p2a: Tinkaton\n|-damage|p2a: Tinkaton|250/274\n|\n|t:|1702538057\n|switch|p1a: Seviper|Seviper, L93, M|105/287|[from] U-turn\n|\n|-heal|p2a: Tinkaton|267/274|[from] item: Leftovers\n|upkeep\n|turn|5\n|\n|t:|1702538061\n|move|p1a: Seviper|Earthquake|p2a: Tinkaton\n|-supereffective|p2a: Tinkaton\n|-damage|p2a: Tinkaton|69/274\n|move|p2a: Tinkaton|Knock Off|p1a: Seviper\n|-damage|p1a: Seviper|39/287\n|-enditem|p1a: Seviper|Choice Scarf|[from] move: Knock Off|[of] p2a: Tinkaton\n|\n|-heal|p2a: Tinkaton|86/274|[from] item: Leftovers\n|upkeep\n|turn|6\n|\n|t:|1702538065\n|move|p2a: Tinkaton|Gigaton Hammer|p1a: Seviper\n|-damage|p1a: Seviper|0 fnt\n|faint|p1a: Seviper\n|\n|-heal|p2a: Tinkaton|103/274|[from] item: Leftovers\n|upkeep\n|\n|t:|1702538073\n|switch|p1a: Jolteon|Jolteon, L84, F|216/216\n|turn|7\n|\n|t:|1702538076\n|move|p1a: Jolteon|Bitter Malice|p2a: Tinkaton\n|-damage|p2a: Tinkaton|0 fnt\n|faint|p2a: Tinkaton\n|\n|upkeep\n|\n|t:|1702538081\n|switch|p2a: Garganacl|Garganacl, L81, F|295/295\n|-activate|p2a: Garganacl|move: Sticky Web\n|-unboost|p2a: Garganacl|spe|1\n|turn|8\n|\n|t:|1702538094\n|move|p1a: Jolteon|Bitter Malice|p2a: Garganacl\n|-damage|p2a: Garganacl|229/295\n|-unboost|p2a: Garganacl|atk|1\n|move|p2a: Garganacl|Stealth Rock|p1a: Jolteon\n|-sidestart|p1: Qiuescent|move: Stealth Rock\n|\n|-heal|p2a: Garganacl|247/295|[from] item: Leftovers\n|upkeep\n|turn|9\n|\n|t:|1702538098\n|switch|p1a: Trevenant|Trevenant, L88, F|293/293\n|-damage|p1a: Trevenant|257/293|[from] Stealth Rock\n|move|p2a: Garganacl|Salt Cure|p1a: Trevenant\n|-damage|p1a: Trevenant|226/293\n|-start|p1a: Trevenant|Salt Cure\n|\n|-heal|p2a: Garganacl|265/295|[from] item: Leftovers\n|-damage|p1a: Trevenant|190/293|[from] Salt Cure\n|upkeep\n|turn|10\n|\n|t:|1702538105\n|switch|p2a: Heracross|Heracross, L80, F|23/259 psn\n|-activate|p2a: Heracross|move: Sticky Web\n|-unboost|p2a: Heracross|spe|1\n|move|p1a: Trevenant|Horn Leech|p2a: Heracross\n|-resisted|p2a: Heracross\n|-damage|p2a: Heracross|0 fnt\n|-heal|p1a: Trevenant|202/293|[from] drain|[of] p2a: Heracross\n|faint|p2a: Heracross\n|-damage|p1a: Trevenant|173/293|[from] item: Life Orb\n|\n|-damage|p1a: Trevenant|137/293|[from] Salt Cure\n|upkeep\n|\n|t:|1702538115\n|switch|p2a: Eternatus|Eternatus, L69|308/308\n|-activate|p2a: Eternatus|move: Sticky Web\n|-unboost|p2a: Eternatus|spe|1\n|-ability|p2a: Eternatus|Pressure\n|turn|11\n|\n|t:|1702538120\n|switch|p1a: Spidops|Spidops, L96, F|224/271 par\n|-damage|p1a: Spidops|157/271 par|[from] Stealth Rock\n|move|p2a: Eternatus|Fire Blast|p1a: Spidops\n|-supereffective|p1a: Spidops\n|-damage|p1a: Spidops|25/271 par\n|\n|upkeep\n|turn|12\n|\n|t:|1702538128\n|move|p2a: Eternatus|Dynamax Cannon|p1a: Spidops\n|-damage|p1a: Spidops|0 fnt\n|faint|p1a: Spidops\n|\n|upkeep\n|\n|t:|1702538130\n|switch|p1a: Greedent|Greedent, L87, F|351/351\n|-damage|p1a: Greedent|308/351|[from] Stealth Rock\n|turn|13\n|\n|t:|1702538136\n|switch|p2a: Sinistcha|Sinistcha, L83|254/254\n|-activate|p2a: Sinistcha|move: Sticky Web\n|-unboost|p2a: Sinistcha|spe|1\n|move|p1a: Greedent|Swords Dance|p1a: Greedent\n|-boost|p1a: Greedent|atk|2\n|\n|upkeep\n|turn|14\n|\n|t:|1702538143\n|move|p2a: Sinistcha|Strength Sap|p1a: Greedent\n|-unboost|p1a: Greedent|atk|1\n|move|p1a: Greedent|Swords Dance|p1a: Greedent\n|-boost|p1a: Greedent|atk|2\n|\n|upkeep\n|turn|15\n|\n|t:|1702538145\n|move|p2a: Sinistcha|Matcha Gotcha|p1a: Greedent\n|-damage|p1a: Greedent|206/351\n|move|p1a: Greedent|Knock Off|p2a: Sinistcha\n|-supereffective|p2a: Sinistcha\n|-damage|p2a: Sinistcha|0 fnt\n|-enditem|p2a: Sinistcha|Leftovers|[from] move: Knock Off|[of] p1a: Greedent\n|faint|p2a: Sinistcha\n|\n|upkeep\n|j| Tspencer36565\n|\n|t:|1702538157\n|switch|p2a: Garganacl|Garganacl, L81, F|265/295\n|-activate|p2a: Garganacl|move: Sticky Web\n|-unboost|p2a: Garganacl|spe|1\n|turn|16\n|\n|t:|1702538161\n|-terastallize|p2a: Garganacl|Ghost\n|move|p1a: Greedent|Earthquake|p2a: Garganacl\n|-damage|p2a: Garganacl|115/295\n|move|p2a: Garganacl|Body Press|p1a: Greedent\n|-supereffective|p1a: Greedent\n|-damage|p1a: Greedent|92/351\n|-enditem|p1a: Greedent|Sitrus Berry|[eat]\n|-heal|p1a: Greedent|179/351|[from] item: Sitrus Berry\n|-heal|p1a: Greedent|296/351|[from] ability: Cheek Pouch\n|\n|-heal|p2a: Garganacl|133/295|[from] item: Leftovers\n|upkeep\n|turn|17\n|-message|bombom02 forfeited.\n|\n|win|Qiuescent\n|raw|Qiuescent's rating: 2215 &rarr; <strong>2239</strong><br />(+24 for winning)\n|raw|bombom02's rating: 2283 &rarr; <strong>2259</strong><br />(-24 for losing)\n|l|\u2606bombom02\n", "inputlog": ">version 95ce5c3715da640275f4b2c31adef9e30efcc55c\n>start {\"formatid\":\"gen9randombattle\",\"seed\":[59534,15886,4312,59849],\"rated\":\"Rated battle\"}\n>player p1 {\"name\":\"Qiuescent\",\"avatar\":\"102\",\"rating\":2215,\"seed\":[6514,33002,47674,39379]}\n>player p2 {\"name\":\"bombom02\",\"avatar\":\"marnie\",\"rating\":2283,\"seed\":[46456,44056,52510,61421]}\n>p1 move gunkshot\n>p2 move earthquake\n>p1 switch 4\n>p2 switch 4\n>p1 move stickyweb\n>p2 move thunderwave\n>p1 move uturn\n>p2 move knockoff\n>p1 switch 4\n>p1 move earthquake\n>p2 move knockoff\n>p1 move earthquake\n>p2 move gigatonhammer\n>p1 switch 2\n>p1 move bittermalice\n>p2 move knockoff\n>p2 switch 3\n>p1 move bittermalice\n>p2 move stealthrock\n>p1 switch 5\n>p2 move saltcure\n>p1 move hornleech\n>p2 switch 4\n>p2 switch 6\n>p1 switch 4\n>p2 move fireblast\n>p1 move knockoff\n>p2 move dynamaxcannon\n>p1 switch 3\n>p1 move swordsdance\n>p2 switch 2\n>p1 move swordsdance\n>p2 move strengthsap\n>p1 move knockoff\n>p2 move matchagotcha\n>p2 switch 4\n>p1 move earthquake\n>p2 move bodypress terastallize\n>forcelose p2", "uploadtime": 1702538169, "views": 252, "formatid": "gen9randombattle", "rating": 2239, "private": 0, "password": null}