{"id": "gen9randombattle-2260592440", "format": "[Gen 9] Random Battle", "players": ["peekpiece", "Yyyrdsdfggvbk"], "log": "|j|\u2606peekpiece\n|j|\u2606Yyyrdsdfggvbk\n|t:|1733867009\n|gametype|singles\n|player|p1|peekpiece|clerkf|1113\n|player|p2|Yyyrdsdfggvbk|gentleman-gen4dp|1098\n|teamsize|p1|6\n|teamsize|p2|6\n|gen|9\n|tier|[Gen 9] Random Battle\n|rated|\n|rule|Species Clause: Limit one of each Pok\u00e9mon\n|rule|HP Percentage Mod: HP is shown in percentages\n|rule|Sleep Clause Mod: Limit one foe put to sleep\n|rule|Illusion Level Mod: Illusion disguises the Pok\u00e9mon's true level\n|\n|t:|1733867009\n|start\n|switch|p1a: Flapple|Flapple, L88, M|266/266\n|switch|p2a: Farigiraf|Farigiraf, L91, F|366/366\n|turn|1\n|inactive|Battle timer is ON: inactive players will automatically lose when time's up. (requested by peekpiece)\n|\n|t:|1733867025\n|move|p1a: Flapple|Dragon Dance|p1a: Flapple\n|-boost|p1a: Flapple|atk|1\n|-boost|p1a: Flapple|spe|1\n|move|p2a: Farigiraf|Future Sight|p1a: Flapple\n|-start|p2a: Farigiraf|move: Future Sight\n|\n|upkeep\n|turn|2\n|\n|t:|1733867042\n|move|p1a: Flapple|Dragon Dance|p1a: Flapple\n|-boost|p1a: Flapple|atk|1\n|-boost|p1a: Flapple|spe|1\n|move|p2a: Farigiraf|Hyper Voice|p1a: Flapple\n|-damage|p1a: Flapple|107/266\n|\n|upkeep\n|turn|3\n|\n|t:|1733867062\n|-terastallize|p1a: Flapple|Fire\n|move|p2a: Farigiraf|Protect|p2a: Farigiraf\n|-singleturn|p2a: Farigiraf|Protect\n|move|p1a: Flapple|Tera Blast|p2a: Farigiraf|[anim] Tera Blast Fire\n|-activate|p2a: Farigiraf|move: Protect\n|\n|-end|p1a: Flapple|move: Future Sight\n|-damage|p1a: Flapple|0 fnt\n|faint|p1a: Flapple\n|upkeep\n|\n|t:|1733867072\n|switch|p1a: Magcargo|Magcargo, L95, M|268/268\n|turn|4\n|\n|t:|1733867077\n|move|p2a: Farigiraf|Future Sight|p1a: Magcargo\n|-start|p2a: Farigiraf|move: Future Sight\n|move|p1a: Magcargo|Stealth Rock|p2a: Farigiraf\n|-sidestart|p2: Yyyrdsdfggvbk|move: Stealth Rock\n|\n|upkeep\n|turn|5\n|\n|t:|1733867085\n|move|p2a: Farigiraf|Hyper Voice|p1a: Magcargo\n|-resisted|p1a: Magcargo\n|-damage|p1a: Magcargo|208/268\n|move|p1a: Magcargo|Yawn|p2a: Farigiraf\n|-start|p2a: Farigiraf|move: Yawn|[of] p1a: Magcargo\n|\n|upkeep\n|turn|6\n|\n|t:|1733867095\n|switch|p2a: Carbink|Carbink, L90|236/236\n|-damage|p2a: Carbink|207/236|[from] Stealth Rock\n|move|p1a: Magcargo|Lava Plume|p2a: Carbink\n|-resisted|p2a: Carbink\n|-damage|p2a: Carbink|178/236\n|\n|-end|p1a: Magcargo|move: Future Sight\n|-damage|p1a: Magcargo|58/268\n|-heal|p2a: Carbink|192/236|[from] item: Leftovers\n|upkeep\n|turn|7\n|\n|t:|1733867107\n|switch|p1a: Clawitzer|Clawitzer, L87, M|265/265\n|move|p2a: Carbink|Rock Polish|p2a: Carbink\n|-boost|p2a: Carbink|spe|2\n|\n|-heal|p2a: Carbink|206/236|[from] item: Leftovers\n|upkeep\n|turn|8\n|\n|t:|1733867117\n|-terastallize|p2a: Carbink|Fighting\n|move|p2a: Carbink|Iron Defense|p2a: Carbink\n|-boost|p2a: Carbink|def|2\n|move|p1a: Clawitzer|Water Pulse|p2a: Carbink\n|-damage|p2a: Carbink|98/236\n|\n|-heal|p2a: Carbink|112/236|[from] item: Leftovers\n|upkeep\n|turn|9\n|\n|t:|1733867123\n|move|p2a: Carbink|Body Press|p1a: Clawitzer\n|-damage|p1a: Clawitzer|0 fnt\n|faint|p1a: Clawitzer\n|\n|-heal|p2a: Carbink|126/236|[from] item: Leftovers\n|upkeep\n|\n|t:|1733867135\n|switch|p1a: Meganium|Meganium, L90, M|290/290\n|turn|10\n|\n|t:|1733867138\n|move|p2a: Carbink|Body Press|p1a: Meganium\n|-damage|p1a: Meganium|71/290\n|move|p1a: Meganium|Energy Ball|p2a: Carbink\n|-damage|p2a: Carbink|33/236\n|\n|-heal|p2a: Carbink|47/236|[from] item: Leftovers\n|-heal|p1a: Meganium|89/290|[from] item: Leftovers\n|upkeep\n|turn|11\n|\n|t:|1733867144\n|move|p2a: Carbink|Body Press|p1a: Meganium\n|-damage|p1a: Meganium|0 fnt\n|faint|p1a: Meganium\n|\n|-heal|p2a: Carbink|61/236|[from] item: Leftovers\n|upkeep\n|\n|t:|1733867151\n|switch|p1a: Galvantula|Galvantula, L82, M|249/249\n|turn|12\n|\n|t:|1733867158\n|move|p2a: Carbink|Body Press|p1a: Galvantula\n|-resisted|p1a: Galvantula\n|-damage|p1a: Galvantula|68/249\n|move|p1a: Galvantula|Thunder|p2a: Carbink\n|-damage|p2a: Carbink|0 fnt\n|faint|p2a: Carbink\n|\n|upkeep\n|\n|t:|1733867170\n|switch|p2a: Farigiraf|Farigiraf, L91, F|366/366\n|-damage|p2a: Farigiraf|321/366|[from] Stealth Rock\n|turn|13\n|\n|t:|1733867177\n|move|p1a: Galvantula|Sticky Web|p2a: Farigiraf\n|-sidestart|p2: Yyyrdsdfggvbk|move: Sticky Web\n|move|p2a: Farigiraf|Hyper Voice|p1a: Galvantula\n|-damage|p1a: Galvantula|0 fnt\n|faint|p1a: Galvantula\n|\n|-heal|p2a: Farigiraf|343/366|[from] item: Leftovers\n|upkeep\n|\n|t:|1733867183\n|switch|p1a: Weavile|Weavile, L79, M|239/239\n|turn|14\n|\n|t:|1733867187\n|move|p1a: Weavile|Low Kick|p2a: Farigiraf\n|-damage|p2a: Farigiraf|232/366\n|move|p2a: Farigiraf|Hyper Voice|p1a: Weavile\n|-damage|p1a: Weavile|94/239\n|\n|-heal|p2a: Farigiraf|254/366|[from] item: Leftovers\n|upkeep\n|turn|15\n|\n|t:|1733867191\n|move|p1a: Weavile|Low Kick|p2a: Farigiraf\n|-damage|p2a: Farigiraf|138/366\n|move|p2a: Farigiraf|Wish|p2a: Farigiraf\n|\n|-heal|p2a: Farigiraf|160/366|[from] item: Leftovers\n|upkeep\n|turn|16\n|\n|t:|1733867194\n|move|p1a: Weavile|Low Kick|p2a: Farigiraf\n|-damage|p2a: Farigiraf|31/366\n|move|p2a: Farigiraf|Hyper Voice|p1a: Weavile\n|-damage|p1a: Weavile|0 fnt\n|faint|p1a: Weavile\n|\n|-heal|p2a: Farigiraf|214/366|[from] move: Wish|[wisher] Farigiraf\n|-heal|p2a: Farigiraf|236/366|[from] item: Leftovers\n|upkeep\n|\n|t:|1733867196\n|switch|p1a: Magcargo|Magcargo, L95, M|58/268\n|turn|17\n|\n|t:|1733867203\n|move|p2a: Farigiraf|Future Sight|p1a: Magcargo\n|-start|p2a: Farigiraf|move: Future Sight\n|move|p1a: Magcargo|Lava Plume|p2a: Farigiraf\n|-damage|p2a: Farigiraf|130/366\n|\n|-heal|p2a: Farigiraf|152/366|[from] item: Leftovers\n|upkeep\n|turn|18\n|\n|t:|1733867207\n|move|p2a: Farigiraf|Wish|p2a: Farigiraf\n|move|p1a: Magcargo|Lava Plume|p2a: Farigiraf\n|-damage|p2a: Farigiraf|49/366\n|\n|-heal|p2a: Farigiraf|71/366|[from] item: Leftovers\n|upkeep\n|turn|19\n|\n|t:|1733867211\n|move|p2a: Farigiraf|Protect|p2a: Farigiraf\n|-singleturn|p2a: Farigiraf|Protect\n|move|p1a: Magcargo|Lava Plume|p2a: Farigiraf\n|-activate|p2a: Farigiraf|move: Protect\n|\n|-end|p1a: Magcargo|move: Future Sight\n|-damage|p1a: Magcargo|0 fnt\n|faint|p1a: Magcargo\n|\n|win|Yyyrdsdfggvbk\n|upkeep\n|raw|peekpiece's rating: 1137 &rarr; <strong>1111</strong><br />(-26 for losing)\n|raw|Yyyrdsdfggvbk's rating: 1120 &rarr; <strong>1146</strong><br />(+26 for winning)\n|l|\u2606peekpiece\n|player|p1|\n", "inputlog": ">version bfd83cad13791eb5a5a409923076391caf6fb4d4\n>start {\"formatid\":\"gen9randombattle\",\"seed\":[1968,20756,7030,5807],\"rated\":\"Rated battle\"}\n>player p1 {\"name\":\"peekpiece\",\"avatar\":\"clerkf\",\"rating\":1113,\"seed\":[34337,29521,34163,37048]}\n>player p2 {\"name\":\"Yyyrdsdfggvbk\",\"avatar\":\"gentleman-gen4dp\",\"rating\":1098,\"seed\":[22578,23099,23239,36528]}\n>p1 move dragondance\n>p2 move futuresight\n>p1 move dragondance\n>p2 move hypervoice\n>p1 move terablast terastallize\n>p2 move protect\n>p1 switch 2\n>p1 move stealthrock\n>p2 move futuresight\n>p1 move yawn\n>p2 move hypervoice\n>p1 move lavaplume\n>p2 switch 5\n>p1 switch 4\n>p2 move rockpolish\n>p1 move waterpulse\n>p2 move irondefense terastallize\n>p1 move waterpulse\n>p2 move bodypress\n>p1 switch 3\n>p1 move energyball\n>p2 move bodypress\n>p1 move energyball\n>p2 move bodypress\n>p1 switch 6\n>p1 move thunder\n>p2 move bodypress\n>p2 switch 5\n>p1 move stickyweb\n>p2 move hypervoice\n>p1 switch 5\n>p1 move lowkick\n>p2 move hypervoice\n>p1 move lowkick\n>p2 move wish\n>p1 move lowkick\n>p2 move hypervoice\n>p1 switch 4\n>p1 move lavaplume\n>p2 move futuresight\n>p1 move lavaplume\n>p2 move wish\n>p1 move lavaplume\n>p2 move protect", "uploadtime": 1733867224, "views": 1, "formatid": "gen9randombattle", "rating": 1111, "private": 0, "password": null}