{"id": "gen9randombattle-2260603532", "format": "[Gen 9] Random Battle", "players": ["jdjdbvfx", "bbrv0827"], "log": "|j|\u2606jdjdbvfx\n|j|\u2606bbrv0827\n|t:|1733868227\n|gametype|singles\n|player|p1|jdjdbvfx|2|1102\n|player|p2|bbrv0827|1|1097\n|teamsize|p1|6\n|teamsize|p2|6\n|gen|9\n|tier|[Gen 9] Random Battle\n|rated|\n|rule|Species Clause: Limit one of each Pok\u00e9mon\n|rule|HP Percentage Mod: HP is shown in percentages\n|rule|Sleep Clause Mod: Limit one foe put to sleep\n|rule|Illusion Level Mod: Illusion disguises the Pok\u00e9mon's true level\n|\n|t:|1733868227\n|start\n|switch|p1a: Charizard|Charizard, L85, M|271/271\n|switch|p2a: Fezandipiti|Fezandipiti, L82, M|278/278\n|turn|1\n|\n|t:|1733868237\n|move|p1a: Charizard|Will-O-Wisp|p2a: Fezandipiti\n|-status|p2a: Fezandipiti|brn\n|move|p2a: Fezandipiti|Beat Up|p1a: Charizard\n|-damage|p1a: Charizard|266/271\n|-damage|p1a: Charizard|260/271\n|-damage|p1a: Charizard|255/271\n|-damage|p1a: Charizard|250/271\n|-damage|p1a: Charizard|243/271\n|-status|p1a: Charizard|tox|[from] ability: Toxic Chain|[of] p2a: Fezandipiti\n|-damage|p1a: Charizard|237/271 tox\n|-hitcount|p1a: Charizard|6\n|\n|-damage|p1a: Charizard|221/271 tox|[from] psn\n|-damage|p2a: Fezandipiti|261/278 brn|[from] brn\n|upkeep\n|turn|2\n|\n|t:|1733868255\n|move|p1a: Charizard|Earthquake|p2a: Fezandipiti\n|-supereffective|p2a: Fezandipiti\n|-damage|p2a: Fezandipiti|111/278 brn\n|move|p2a: Fezandipiti|Play Rough|p1a: Charizard\n|-resisted|p1a: Charizard\n|-damage|p1a: Charizard|199/271 tox\n|\n|-heal|p2a: Fezandipiti|128/278 brn|[from] item: Leftovers\n|-damage|p1a: Charizard|167/271 tox|[from] psn\n|-damage|p2a: Fezandipiti|111/278 brn|[from] brn\n|upkeep\n|turn|3\n|\n|t:|1733868264\n|-terastallize|p2a: Fezandipiti|Dark\n|move|p1a: Charizard|Earthquake|p2a: Fezandipiti\n|-damage|p2a: Fezandipiti|40/278 brn\n|move|p2a: Fezandipiti|Beat Up|p1a: Charizard\n|-damage|p1a: Charizard|158/271 tox\n|-crit|p1a: Charizard\n|-damage|p1a: Charizard|146/271 tox\n|-damage|p1a: Charizard|140/271 tox\n|-damage|p1a: Charizard|131/271 tox\n|-damage|p1a: Charizard|119/271 tox\n|-damage|p1a: Charizard|109/271 tox\n|-hitcount|p1a: Charizard|6\n|\n|-heal|p2a: Fezandipiti|57/278 brn|[from] item: Leftovers\n|-damage|p1a: Charizard|61/271 tox|[from] psn\n|-damage|p2a: Fezandipiti|40/278 brn|[from] brn\n|upkeep\n|turn|4\n|\n|t:|1733868276\n|switch|p1a: Kilowattrel|Kilowattrel, L83, F|252/252\n|move|p2a: Fezandipiti|Roost|p2a: Fezandipiti\n|-heal|p2a: Fezandipiti|179/278 brn\n|\n|-heal|p2a: Fezandipiti|196/278 brn|[from] item: Leftovers\n|-damage|p2a: Fezandipiti|179/278 brn|[from] brn\n|upkeep\n|turn|5\n|\n|t:|1733868285\n|move|p1a: Kilowattrel|Thunderbolt|p2a: Fezandipiti\n|-damage|p2a: Fezandipiti|104/278 brn\n|move|p2a: Fezandipiti|Beat Up|p1a: Kilowattrel\n|-damage|p1a: Kilowattrel|243/252\n|-damage|p1a: Kilowattrel|234/252\n|-damage|p1a: Kilowattrel|226/252\n|-status|p1a: Kilowattrel|tox|[from] ability: Toxic Chain|[of] p2a: Fezandipiti\n|-damage|p1a: Kilowattrel|215/252 tox\n|-damage|p1a: Kilowattrel|200/252 tox\n|-damage|p1a: Kilowattrel|188/252 tox\n|-hitcount|p1a: Kilowattrel|6\n|\n|-heal|p2a: Fezandipiti|121/278 brn|[from] item: Leftovers\n|-damage|p1a: Kilowattrel|173/252 tox|[from] psn\n|-damage|p2a: Fezandipiti|104/278 brn|[from] brn\n|upkeep\n|turn|6\n|\n|t:|1733868290\n|move|p1a: Kilowattrel|Hurricane|p2a: Fezandipiti\n|-damage|p2a: Fezandipiti|8/278 brn\n|move|p2a: Fezandipiti|Roost|p2a: Fezandipiti\n|-heal|p2a: Fezandipiti|147/278 brn\n|\n|-heal|p2a: Fezandipiti|164/278 brn|[from] item: Leftovers\n|-damage|p1a: Kilowattrel|143/252 tox|[from] psn\n|-damage|p2a: Fezandipiti|147/278 brn|[from] brn\n|upkeep\n|turn|7\n|\n|t:|1733868293\n|move|p1a: Kilowattrel|Hurricane|p2a: Fezandipiti\n|-damage|p2a: Fezandipiti|51/278 brn\n|-start|p2a: Fezandipiti|confusion\n|-activate|p2a: Fezandipiti|confusion\n|move|p2a: Fezandipiti|Roost|p2a: Fezandipiti\n|-heal|p2a: Fezandipiti|190/278 brn\n|\n|-heal|p2a: Fezandipiti|207/278 brn|[from] item: Leftovers\n|-damage|p1a: Kilowattrel|98/252 tox|[from] psn\n|-damage|p2a: Fezandipiti|190/278 brn|[from] brn\n|upkeep\n|turn|8\n|\n|t:|1733868299\n|switch|p1a: Blissey|Blissey, L84, F|566/566\n|-end|p2a: Fezandipiti|confusion\n|move|p2a: Fezandipiti|Play Rough|p1a: Blissey\n|-damage|p1a: Blissey|438/566\n|-status|p1a: Blissey|tox|[from] ability: Toxic Chain|[of] p2a: Fezandipiti\n|\n|-heal|p2a: Fezandipiti|207/278 brn|[from] item: Leftovers\n|-heal|p1a: Blissey|473/566 tox|[from] item: Leftovers\n|-damage|p1a: Blissey|438/566 tox|[from] psn\n|-damage|p2a: Fezandipiti|190/278 brn|[from] brn\n|upkeep\n|turn|9\n|\n|t:|1733868307\n|move|p2a: Fezandipiti|Beat Up|p1a: Blissey\n|-damage|p1a: Blissey|416/566 tox\n|-damage|p1a: Blissey|395/566 tox\n|-damage|p1a: Blissey|374/566 tox\n|-damage|p1a: Blissey|353/566 tox\n|-damage|p1a: Blissey|321/566 tox\n|-damage|p1a: Blissey|296/566 tox\n|-hitcount|p1a: Blissey|6\n|move|p1a: Blissey|Heal Bell|p1a: Blissey\n|-activate|p1a: Blissey|move: Heal Bell\n|-curestatus|p1a: Blissey|tox|[msg]\n|-curestatus|p1: Charizard|tox|[msg]\n|-curestatus|p1: Kilowattrel|tox|[msg]\n|\n|-heal|p2a: Fezandipiti|207/278 brn|[from] item: Leftovers\n|-heal|p1a: Blissey|331/566|[from] item: Leftovers\n|-damage|p2a: Fezandipiti|190/278 brn|[from] brn\n|upkeep\n|turn|10\n|\n|t:|1733868318\n|move|p2a: Fezandipiti|Beat Up|p1a: Blissey\n|-damage|p1a: Blissey|310/566\n|-damage|p1a: Blissey|288/566\n|-damage|p1a: Blissey|269/566\n|-damage|p1a: Blissey|248/566\n|-damage|p1a: Blissey|215/566\n|-status|p1a: Blissey|tox|[from] ability: Toxic Chain|[of] p2a: Fezandipiti\n|-damage|p1a: Blissey|188/566 tox\n|-hitcount|p1a: Blissey|6\n|move|p1a: Blissey|Seismic Toss|p2a: Fezandipiti\n|-damage|p2a: Fezandipiti|106/278 brn\n|\n|-heal|p2a: Fezandipiti|123/278 brn|[from] item: Leftovers\n|-heal|p1a: Blissey|223/566 tox|[from] item: Leftovers\n|-damage|p1a: Blissey|188/566 tox|[from] psn\n|-damage|p2a: Fezandipiti|106/278 brn|[from] brn\n|upkeep\n|turn|11\n|\n|t:|1733868329\n|-curestatus|p1a: Blissey|tox|[from] ability: Natural Cure\n|switch|p1a: Dedenne|Dedenne, L88, F|261/261\n|move|p2a: Fezandipiti|Roost|p2a: Fezandipiti\n|-heal|p2a: Fezandipiti|245/278 brn\n|\n|-heal|p2a: Fezandipiti|262/278 brn|[from] item: Leftovers\n|-damage|p2a: Fezandipiti|245/278 brn|[from] brn\n|upkeep\n|turn|12\n|\n|t:|1733868336\n|move|p1a: Dedenne|Dazzling Gleam|p2a: Fezandipiti\n|-supereffective|p2a: Fezandipiti\n|-damage|p2a: Fezandipiti|119/278 brn\n|move|p2a: Fezandipiti|Beat Up|p1a: Dedenne\n|-resisted|p1a: Dedenne\n|-damage|p1a: Dedenne|257/261\n|-resisted|p1a: Dedenne\n|-damage|p1a: Dedenne|253/261\n|-status|p1a: Dedenne|tox|[from] ability: Toxic Chain|[of] p2a: Fezandipiti\n|-resisted|p1a: Dedenne\n|-damage|p1a: Dedenne|249/261 tox\n|-resisted|p1a: Dedenne\n|-damage|p1a: Dedenne|245/261 tox\n|-resisted|p1a: Dedenne\n|-damage|p1a: Dedenne|238/261 tox\n|-resisted|p1a: Dedenne\n|-damage|p1a: Dedenne|232/261 tox\n|-hitcount|p1a: Dedenne|6\n|\n|-heal|p2a: Fezandipiti|136/278 brn|[from] item: Leftovers\n|-damage|p1a: Dedenne|216/261 tox|[from] psn\n|-damage|p2a: Fezandipiti|119/278 brn|[from] brn\n|upkeep\n|turn|13\n|\n|t:|1733868340\n|move|p1a: Dedenne|Dazzling Gleam|p2a: Fezandipiti\n|-supereffective|p2a: Fezandipiti\n|-crit|p2a: Fezandipiti\n|-damage|p2a: Fezandipiti|0 fnt\n|faint|p2a: Fezandipiti\n|\n|-damage|p1a: Dedenne|184/261 tox|[from] psn\n|upkeep\n|\n|t:|1733868349\n|switch|p2a: Rhyperior|Rhyperior, L82, F|323/323\n|turn|14\n|n|\u2606jdjdbvfx|jdjdbvfx\n|c|\u2606jdjdbvfx|God\n|c|\u2606jdjdbvfx|toxic chain is such a bullshit ability\n|\n|t:|1733868361\n|move|p1a: Dedenne|Super Fang|p2a: Rhyperior|[miss]\n|-miss|p1a: Dedenne|p2a: Rhyperior\n|move|p2a: Rhyperior|Rock Polish|p2a: Rhyperior\n|-boost|p2a: Rhyperior|spe|2\n|\n|-damage|p1a: Dedenne|136/261 tox|[from] psn\n|upkeep\n|turn|15\n|c|\u2606jdjdbvfx|Cool\n|c|\u2606jdjdbvfx|love getting fucked by rng\n|c|\u2606jdjdbvfx|fuck this shit\n|-message|jdjdbvfx forfeited.\n|\n|win|bbrv0827\n", "inputlog": ">version bfd83cad13791eb5a5a409923076391caf6fb4d4\n>start {\"formatid\":\"gen9randombattle\",\"seed\":[26344,58003,62466,22944],\"rated\":\"Rated battle\"}\n>player p1 {\"name\":\"jdjdbvfx\",\"avatar\":\"2\",\"rating\":1102,\"seed\":[43355,2087,53668,4297]}\n>player p2 {\"name\":\"bbrv0827\",\"avatar\":\"1\",\"rating\":1097,\"seed\":[42883,14367,18245,8919]}\n>p1 move willowisp\n>p2 move beatup\n>p1 move earthquake\n>p2 move playrough\n>p1 move earthquake\n>p2 move beatup terastallize\n>p1 switch 3\n>p2 move roost\n>p1 move thunderbolt\n>p2 move beatup\n>p1 move hurricane\n>p2 move roost\n>p1 move hurricane\n>p2 move roost\n>p1 switch 5\n>p2 move playrough\n>p1 move healbell\n>p2 move beatup\n>p1 move seismictoss\n>p2 move beatup\n>p1 switch 2\n>p2 move roost\n>p1 move dazzlinggleam\n>p2 move beatup\n>p1 move dazzlinggleam\n>p2 move gunkshot\n>p2 switch 6\n>chat \u2606jdjdbvfx|God\n>chat \u2606jdjdbvfx|toxic chain is such a bullshit ability\n>p1 move superfang\n>p2 move rockpolish\n>chat \u2606jdjdbvfx|Cool\n>chat \u2606jdjdbvfx|love getting fucked by rng\n>chat \u2606jdjdbvfx|fuck this shit\n>forcelose p1", "uploadtime": 1733868376, "views": 1, "formatid": "gen9randombattle", "rating": null, "private": 0, "password": null}