{"id": "gen9randombattle-2146294341", "format": "[Gen 9] Random Battle", "players": ["kwaex", "Qiuescent"], "log": "|j|\u2606kwaex\n|j|\u203dQiuescent\n|t:|1718814306\n|gametype|singles\n|player|p1|kwaex|2|2249\n|player|p2|Qiuescent|170|2287\n|teamsize|p1|6\n|teamsize|p2|6\n|gen|9\n|tier|[Gen 9] Random Battle\n|rated|\n|rule|Species Clause: Limit one of each Pok\u00e9mon\n|rule|HP Percentage Mod: HP is shown in percentages\n|rule|Sleep Clause Mod: Limit one foe put to sleep\n|rule|Illusion Level Mod: Illusion disguises the Pok\u00e9mon's true level\n|\n|t:|1718814306\n|start\n|switch|p1a: Regidrago|Regidrago, L77|435/435\n|switch|p2a: Iron Leaves|Iron Leaves, L80|275/275\n|turn|1\n|\n|t:|1718814314\n|move|p2a: Iron Leaves|Psyblade|p1a: Regidrago\n|-crit|p1a: Regidrago\n|-damage|p1a: Regidrago|149/435\n|-damage|p2a: Iron Leaves|248/275|[from] item: Life Orb\n|move|p1a: Regidrago|Dragon Dance|p1a: Regidrago\n|-boost|p1a: Regidrago|atk|1\n|-boost|p1a: Regidrago|spe|1\n|\n|upkeep\n|turn|2\n|\n|t:|1718814321\n|move|p1a: Regidrago|Dragon Claw|p2a: Iron Leaves\n|-damage|p2a: Iron Leaves|13/275\n|-damage|p1a: Regidrago|106/435|[from] item: Life Orb\n|move|p2a: Iron Leaves|Psyblade|p1a: Regidrago\n|-damage|p1a: Regidrago|0 fnt\n|faint|p1a: Regidrago\n|-damage|p2a: Iron Leaves|0 fnt|[from] item: Life Orb\n|faint|p2a: Iron Leaves\n|-end|p2a: Iron Leaves|Quark Drive|[silent]\n|\n|upkeep\n|\n|t:|1718814335\n|switch|p2a: Ampharos|Ampharos, L88, F|302/302\n|switch|p1a: Camerupt|Camerupt, L91, M|275/275\n|turn|3\n|\n|t:|1718814339\n|move|p2a: Ampharos|Focus Blast|p1a: Camerupt\n|-damage|p1a: Camerupt|94/275\n|-unboost|p1a: Camerupt|spd|1\n|move|p1a: Camerupt|Stealth Rock|p2a: Ampharos\n|-sidestart|p2: Qiuescent|move: Stealth Rock\n|\n|-heal|p1a: Camerupt|111/275|[from] item: Leftovers\n|upkeep\n|turn|4\n|\n|t:|1718814345\n|switch|p1a: Altaria|Altaria, L88, M|275/275\n|move|p2a: Ampharos|Focus Blast|p1a: Altaria\n|-resisted|p1a: Altaria\n|-damage|p1a: Altaria|210/275\n|\n|upkeep\n|turn|5\n|inactive|Battle timer is ON: inactive players will automatically lose when time's up. (requested by kwaex)\n|\n|t:|1718814348\n|switch|p2a: Weezing|Weezing, L88, F|258/258\n|-damage|p2a: Weezing|226/258|[from] Stealth Rock\n|move|p1a: Altaria|Dragon Dance|p1a: Altaria\n|-boost|p1a: Altaria|atk|1\n|-boost|p1a: Altaria|spe|1\n|\n|-heal|p2a: Weezing|242/258|[from] item: Leftovers\n|upkeep\n|turn|6\n|\n|t:|1718814363\n|switch|p1a: Volcanion|Volcanion, L79|255/255\n|move|p2a: Weezing|Gunk Shot|p1a: Volcanion\n|-crit|p1a: Volcanion\n|-damage|p1a: Volcanion|92/255\n|-status|p1a: Volcanion|psn\n|\n|-heal|p2a: Weezing|258/258|[from] item: Leftovers\n|-damage|p1a: Volcanion|61/255 psn|[from] psn\n|upkeep\n|turn|7\n|\n|t:|1718814382\n|move|p2a: Weezing|Gunk Shot|p1a: Volcanion\n|-damage|p1a: Volcanion|0 fnt\n|faint|p1a: Volcanion\n|\n|upkeep\n|inactive|kwaex has 120 seconds left.\n|c|\u2606kwaex|i dont understand how i can get impossible luck 3 games in a row broo\n|\n|t:|1718814419\n|switch|p1a: Altaria|Altaria, L88, M|210/275\n|turn|8\n|\n|t:|1718814424\n|move|p1a: Altaria|Dragon Dance|p1a: Altaria\n|-boost|p1a: Altaria|atk|1\n|-boost|p1a: Altaria|spe|1\n|move|p2a: Weezing|Gunk Shot|p1a: Altaria|[miss]\n|-miss|p2a: Weezing|p1a: Altaria\n|\n|upkeep\n|turn|9\n|\n|t:|1718814428\n|move|p1a: Altaria|Dragon Dance|p1a: Altaria\n|-boost|p1a: Altaria|atk|1\n|-boost|p1a: Altaria|spe|1\n|move|p2a: Weezing|Will-O-Wisp|p1a: Altaria\n|-status|p1a: Altaria|brn\n|\n|-damage|p1a: Altaria|193/275 brn|[from] brn\n|upkeep\n|turn|10\n|\n|t:|1718814432\n|move|p1a: Altaria|Dragon Dance|p1a: Altaria\n|-boost|p1a: Altaria|atk|1\n|-boost|p1a: Altaria|spe|1\n|move|p2a: Weezing|Gunk Shot|p1a: Altaria|[miss]\n|-miss|p2a: Weezing|p1a: Altaria\n|\n|-damage|p1a: Altaria|176/275 brn|[from] brn\n|upkeep\n|turn|11\n|\n|t:|1718814434\n|move|p1a: Altaria|Dragon Dance|p1a: Altaria\n|-boost|p1a: Altaria|atk|1\n|-boost|p1a: Altaria|spe|1\n|move|p2a: Weezing|Gunk Shot|p1a: Altaria\n|-damage|p1a: Altaria|43/275 brn\n|\n|-damage|p1a: Altaria|26/275 brn|[from] brn\n|upkeep\n|turn|12\n|\n|t:|1718814436\n|move|p1a: Altaria|Roost|p1a: Altaria\n|-heal|p1a: Altaria|164/275 brn\n|-singleturn|p1a: Altaria|move: Roost\n|move|p2a: Weezing|Gunk Shot|p1a: Altaria\n|-damage|p1a: Altaria|40/275 brn\n|\n|-damage|p1a: Altaria|23/275 brn|[from] brn\n|upkeep\n|turn|13\n|\n|t:|1718814440\n|move|p1a: Altaria|Roost|p1a: Altaria\n|-heal|p1a: Altaria|161/275 brn\n|-singleturn|p1a: Altaria|move: Roost\n|move|p2a: Weezing|Gunk Shot|p1a: Altaria\n|-damage|p1a: Altaria|47/275 brn\n|\n|-damage|p1a: Altaria|30/275 brn|[from] brn\n|upkeep\n|turn|14\n|\n|t:|1718814444\n|switch|p2a: Ampharos|Ampharos, L88, F|302/302\n|-damage|p2a: Ampharos|265/302|[from] Stealth Rock\n|move|p1a: Altaria|Roost|p1a: Altaria\n|-heal|p1a: Altaria|168/275 brn\n|-singleturn|p1a: Altaria|move: Roost\n|\n|-damage|p1a: Altaria|151/275 brn|[from] brn\n|upkeep\n|turn|15\n|\n|t:|1718814453\n|-terastallize|p1a: Altaria|Ground\n|move|p1a: Altaria|Earthquake|p2a: Ampharos\n|-supereffective|p2a: Ampharos\n|-damage|p2a: Ampharos|0 fnt\n|faint|p2a: Ampharos\n|\n|-damage|p1a: Altaria|134/275 brn|[from] brn\n|upkeep\n|\n|t:|1718814459\n|switch|p2a: Girafarig|Girafarig, L89, M|269/269\n|-damage|p2a: Girafarig|236/269|[from] Stealth Rock\n|turn|16\n|\n|t:|1718814462\n|move|p1a: Altaria|Roost|p1a: Altaria\n|-heal|p1a: Altaria|272/275 brn\n|move|p2a: Girafarig|Hyper Voice|p1a: Altaria\n|-damage|p1a: Altaria|191/275 brn\n|\n|-damage|p1a: Altaria|174/275 brn|[from] brn\n|upkeep\n|turn|17\n|\n|t:|1718814468\n|-curestatus|p1a: Altaria|brn|[from] ability: Natural Cure\n|switch|p1a: Carbink|Carbink, L90|236/236\n|move|p2a: Girafarig|Nasty Plot|p2a: Girafarig\n|-boost|p2a: Girafarig|spa|2\n|\n|upkeep\n|turn|18\n|\n|t:|1718814480\n|move|p2a: Girafarig|Psyshock|p1a: Carbink\n|-damage|p1a: Carbink|134/236\n|move|p1a: Carbink|Moonblast|p2a: Girafarig\n|-damage|p2a: Girafarig|176/269\n|\n|-heal|p1a: Carbink|148/236|[from] item: Leftovers\n|upkeep\n|turn|19\n|\n|t:|1718814486\n|move|p2a: Girafarig|Psyshock|p1a: Carbink\n|-damage|p1a: Carbink|40/236\n|move|p1a: Carbink|Moonblast|p2a: Girafarig\n|-damage|p2a: Girafarig|116/269\n|-unboost|p2a: Girafarig|spa|1\n|\n|-heal|p1a: Carbink|54/236|[from] item: Leftovers\n|upkeep\n|turn|20\n|\n|t:|1718814490\n|move|p2a: Girafarig|Psyshock|p1a: Carbink\n|-damage|p1a: Carbink|0 fnt\n|faint|p1a: Carbink\n|\n|upkeep\n|\n|t:|1718814495\n|switch|p1a: Altaria|Altaria, L88, M, tera:Ground|174/275\n|turn|21\n|\n|t:|1718814498\n|move|p2a: Girafarig|Hyper Voice|p1a: Altaria\n|-damage|p1a: Altaria|54/275\n|move|p1a: Altaria|Dragon Dance|p1a: Altaria\n|-boost|p1a: Altaria|atk|1\n|-boost|p1a: Altaria|spe|1\n|\n|upkeep\n|turn|22\n|\n|t:|1718814501\n|move|p1a: Altaria|Roost|p1a: Altaria\n|-heal|p1a: Altaria|192/275\n|move|p2a: Girafarig|Hyper Voice|p1a: Altaria\n|-damage|p1a: Altaria|59/275\n|\n|upkeep\n|turn|23\n|\n|t:|1718814503\n|move|p1a: Altaria|Roost|p1a: Altaria\n|-heal|p1a: Altaria|197/275\n|move|p2a: Girafarig|Hyper Voice|p1a: Altaria\n|-damage|p1a: Altaria|64/275\n|\n|upkeep\n|turn|24\n|\n|t:|1718814505\n|move|p1a: Altaria|Roost|p1a: Altaria\n|-heal|p1a: Altaria|202/275\n|move|p2a: Girafarig|Hyper Voice|p1a: Altaria\n|-damage|p1a: Altaria|72/275\n|\n|upkeep\n|turn|25\n|\n|t:|1718814507\n|move|p1a: Altaria|Roost|p1a: Altaria\n|-heal|p1a: Altaria|210/275\n|move|p2a: Girafarig|Hyper Voice|p1a: Altaria\n|-damage|p1a: Altaria|75/275\n|\n|upkeep\n|turn|26\n|\n|t:|1718814509\n|move|p1a: Altaria|Brave Bird|p2a: Girafarig\n|-damage|p2a: Girafarig|0 fnt\n|faint|p2a: Girafarig\n|-damage|p1a: Altaria|37/275|[from] Recoil\n|\n|upkeep\n|\n|t:|1718814529\n|switch|p2a: Weezing|Weezing, L88, F|258/258\n|-damage|p2a: Weezing|226/258|[from] Stealth Rock\n|turn|27\n|\n|t:|1718814534\n|move|p1a: Altaria|Brave Bird|p2a: Weezing\n|-damage|p2a: Weezing|105/258\n|-damage|p1a: Altaria|0 fnt|[from] Recoil\n|faint|p1a: Altaria\n|move|p2a: Weezing|Fire Blast|p1: Altaria|[notarget]\n|-fail|p2a: Weezing\n|\n|-heal|p2a: Weezing|121/258|[from] item: Leftovers\n|upkeep\n|\n|t:|1718814539\n|switch|p1a: Camerupt|Camerupt, L91, M|111/275\n|turn|28\n|\n|t:|1718814543\n|move|p2a: Weezing|Gunk Shot|p1a: Camerupt\n|-resisted|p1a: Camerupt\n|-damage|p1a: Camerupt|33/275\n|move|p1a: Camerupt|Overheat|p2a: Weezing\n|-damage|p2a: Weezing|0 fnt\n|-unboost|p1a: Camerupt|spa|2\n|faint|p2a: Weezing\n|\n|-heal|p1a: Camerupt|50/275|[from] item: Leftovers\n|upkeep\n|\n|t:|1718814546\n|switch|p2a: Tsareena|Tsareena, L87, F|267/267\n|turn|29\n|\n|t:|1718814552\n|move|p2a: Tsareena|Rapid Spin|p1a: Camerupt\n|-damage|p1a: Camerupt|0 fnt\n|-boost|p2a: Tsareena|spe|1\n|-sideend|p2: Qiuescent|Stealth Rock|[from] move: Rapid Spin|[of] p2a: Tsareena\n|faint|p1a: Camerupt\n|\n|upkeep\n|\n|t:|1718814554\n|switch|p1a: Conkeldurr|Conkeldurr, L80, M|299/299\n|turn|30\n|\n|t:|1718814565\n|move|p2a: Tsareena|Power Whip|p1a: Conkeldurr\n|-damage|p1a: Conkeldurr|133/299\n|move|p1a: Conkeldurr|Close Combat|p2a: Tsareena\n|-damage|p2a: Tsareena|135/267\n|-unboost|p1a: Conkeldurr|def|1\n|-unboost|p1a: Conkeldurr|spd|1\n|\n|-status|p1a: Conkeldurr|brn|[from] item: Flame Orb\n|upkeep\n|turn|31\n|\n|t:|1718814572\n|move|p2a: Tsareena|U-turn|p1a: Conkeldurr\n|-resisted|p1a: Conkeldurr\n|-damage|p1a: Conkeldurr|86/299 brn\n|\n|t:|1718814573\n|switch|p2a: Arceus|Arceus-Flying, L69|279/279|[from] U-turn\n|move|p1a: Conkeldurr|Close Combat|p2a: Arceus\n|-resisted|p2a: Arceus\n|-damage|p2a: Arceus|169/279\n|-unboost|p1a: Conkeldurr|def|1\n|-unboost|p1a: Conkeldurr|spd|1\n|\n|-damage|p1a: Conkeldurr|68/299 brn|[from] brn\n|upkeep\n|turn|32\n|-message|kwaex forfeited.\n|\n|win|Qiuescent\n|raw|kwaex's rating: 2249 &rarr; <strong>2231</strong><br />(-18 for losing)\n|raw|Qiuescent's rating: 2287 &rarr; <strong>2305</strong><br />(+18 for winning)\n|l|\u2606kwaex\n|player|p1|\n", "inputlog": ">version 8819e60f9a01cede7471b534a2fb53a3a85674fc\n>start {\"formatid\":\"gen9randombattle\",\"seed\":[50221,21155,46004,63707],\"rated\":\"Rated battle\"}\n>player p1 {\"name\":\"kwaex\",\"avatar\":\"2\",\"rating\":2249,\"seed\":[19023,13660,60168,46139]}\n>player p2 {\"name\":\"Qiuescent\",\"avatar\":\"170\",\"rating\":2287,\"seed\":[24287,46588,11198,7990]}\n>p1 move dragondance\n>p2 move psyblade\n>p1 move dragonclaw\n>p2 move psyblade\n>p1 switch 2\n>p2 switch 6\n>p1 move stealthrock\n>p2 move focusblast\n>p1 switch 6\n>p2 move focusblast\n>p1 move dragondance\n>p2 switch 5\n>p1 switch 3\n>p2 move gunkshot\n>p1 move steameruption\n>p2 move gunkshot\n>chat \u2606kwaex|i dont understand how i can get impossible luck 3 games in a row broo\n>p1 switch 3\n>p1 move dragondance\n>p2 move gunkshot\n>p1 move dragondance\n>p2 move willowisp\n>p1 move dragondance\n>p2 move gunkshot\n>p1 move dragondance\n>p2 move gunkshot\n>p1 move roost\n>p2 move gunkshot\n>p1 move roost\n>p2 move gunkshot\n>p1 move roost\n>p2 switch 5\n>p1 move earthquake terastallize\n>p2 move thunderbolt\n>p2 switch 3\n>p1 move roost\n>p2 move hypervoice\n>p1 switch 4\n>p2 move nastyplot\n>p1 move moonblast\n>p2 move psyshock\n>p1 move moonblast\n>p2 move psyshock\n>p1 move moonblast\n>p2 move psyshock\n>p1 switch 4\n>p1 move dragondance\n>p2 move hypervoice\n>p1 move roost\n>p2 move hypervoice\n>p1 move roost\n>p2 move hypervoice\n>p1 move roost\n>p2 move hypervoice\n>p1 move roost\n>p2 move hypervoice\n>p1 move bravebird\n>p2 move hypervoice\n>p2 switch 5\n>p1 move bravebird\n>p2 move fireblast\n>p1 switch 6\n>p1 move overheat\n>p2 move gunkshot\n>p2 switch 2\n>p1 move overheat\n>p2 move rapidspin\n>p1 switch 5\n>p1 move closecombat\n>p2 move powerwhip\n>p1 move closecombat\n>p2 move uturn\n>p2 switch 4\n>forcelose p1", "uploadtime": 1718814584, "views": 177, "formatid": "gen9randombattle", "rating": 2231, "private": 0, "password": null}