{"id": "gen9randombattle-2259798793", "format": "[Gen 9] Random Battle", "players": ["uu nu trainer", "steelixprismgx"], "log": "|j|\u2606uu nu trainer\n|j|\u2606steelixprismgx\n|t:|1733767843\n|gametype|singles\n|player|p1|uu nu trainer|170|1765\n|player|p2|steelixprismgx|colress|1769\n|teamsize|p1|6\n|teamsize|p2|6\n|gen|9\n|tier|[Gen 9] Random Battle\n|rated|\n|rule|Species Clause: Limit one of each Pok\u00e9mon\n|rule|HP Percentage Mod: HP is shown in percentages\n|rule|Sleep Clause Mod: Limit one foe put to sleep\n|rule|Illusion Level Mod: Illusion disguises the Pok\u00e9mon's true level\n|\n|t:|1733767843\n|start\n|switch|p1a: Meowscarada|Meowscarada, L78, F|247/247\n|switch|p2a: Drifblim|Drifblim, L86, M|396/396\n|turn|1\n|inactive|Battle timer is ON: inactive players will automatically lose when time's up. (requested by steelixprismgx)\n|inactive|steelixprismgx has 120 seconds left.\n|\n|t:|1733767876\n|move|p1a: Meowscarada|Knock Off|p2a: Drifblim\n|-start|p1a: Meowscarada|typechange|Dark|[from] ability: Protean\n|-supereffective|p2a: Drifblim\n|-damage|p2a: Drifblim|100/396\n|-enditem|p2a: Drifblim|Sitrus Berry|[from] move: Knock Off|[of] p1a: Meowscarada\n|move|p2a: Drifblim|Strength Sap|p1a: Meowscarada\n|-unboost|p1a: Meowscarada|atk|1\n|-heal|p2a: Drifblim|317/396\n|\n|upkeep\n|turn|2\n|\n|t:|1733767890\n|move|p2a: Drifblim|Air Slash|p1a: Meowscarada\n|-damage|p1a: Meowscarada|150/247\n|move|p1a: Meowscarada|Toxic Spikes|p2a: Drifblim\n|-sidestart|p2: steelixprismgx|move: Toxic Spikes\n|\n|upkeep\n|turn|3\n|\n|t:|1733767905\n|switch|p1a: Mesprit|Mesprit, L85|275/275\n|move|p2a: Drifblim|Air Slash|p1a: Mesprit\n|-damage|p1a: Mesprit|208/275\n|\n|-heal|p1a: Mesprit|225/275|[from] item: Leftovers\n|upkeep\n|turn|4\n|\n|t:|1733767912\n|move|p2a: Drifblim|Calm Mind|p2a: Drifblim\n|-boost|p2a: Drifblim|spa|1\n|-boost|p2a: Drifblim|spd|1\n|move|p1a: Mesprit|Thunder Wave|p2a: Drifblim\n|-status|p2a: Drifblim|par\n|\n|-heal|p1a: Mesprit|242/275|[from] item: Leftovers\n|upkeep\n|turn|5\n|\n|t:|1733767929\n|move|p2a: Drifblim|Shadow Ball|p1a: Mesprit\n|-supereffective|p1a: Mesprit\n|-damage|p1a: Mesprit|18/275\n|-unboost|p1a: Mesprit|spd|1\n|move|p1a: Mesprit|Psychic Noise|p2a: Drifblim\n|-damage|p2a: Drifblim|242/396 par\n|-start|p2a: Drifblim|move: Heal Block\n|\n|-heal|p1a: Mesprit|35/275|[from] item: Leftovers\n|upkeep\n|turn|6\n|\n|t:|1733767940\n|move|p2a: Drifblim|Air Slash|p1a: Mesprit\n|-damage|p1a: Mesprit|0 fnt\n|faint|p1a: Mesprit\n|\n|-end|p2a: Drifblim|move: Heal Block\n|upkeep\n|\n|t:|1733767952\n|switch|p1a: Zebstrika|Zebstrika, L87, M|272/272\n|turn|7\n|\n|t:|1733767955\n|move|p1a: Zebstrika|Supercell Slam|p2a: Drifblim\n|-supereffective|p2a: Drifblim\n|-damage|p2a: Drifblim|0 fnt\n|faint|p2a: Drifblim\n|-damage|p1a: Zebstrika|245/272|[from] item: Life Orb\n|\n|upkeep\n|\n|t:|1733767958\n|switch|p2a: Revavroom|Revavroom, L79, M|256/256\n|-sideend|p2: steelixprismgx|move: Toxic Spikes|[of] p2a: Revavroom\n|turn|8\n|\n|t:|1733767971\n|switch|p2a: Golem|Golem, L87, M|281/281\n|move|p1a: Zebstrika|High Horsepower|p2a: Golem\n|-supereffective|p2a: Golem\n|-damage|p2a: Golem|148/281\n|-damage|p1a: Zebstrika|218/272|[from] item: Life Orb\n|\n|upkeep\n|turn|9\n|\n|t:|1733767982\n|switch|p1a: Hippowdon|Hippowdon, L82, F|311/311\n|-weather|Sandstorm|[from] ability: Sand Stream|[of] p1a: Hippowdon\n|move|p2a: Golem|Stealth Rock|p1a: Hippowdon\n|-sidestart|p1: uu nu trainer|move: Stealth Rock\n|\n|-weather|Sandstorm|[upkeep]\n|upkeep\n|turn|10\n|\n|t:|1733767998\n|move|p2a: Golem|Explosion|p1a: Hippowdon\n|-damage|p1a: Hippowdon|132/311\n|faint|p2a: Golem\n|move|p1a: Hippowdon|Stealth Rock|p2: Golem\n|-sidestart|p2: steelixprismgx|move: Stealth Rock\n|\n|-weather|Sandstorm|[upkeep]\n|-heal|p1a: Hippowdon|151/311|[from] item: Leftovers\n|upkeep\n|\n|t:|1733768006\n|switch|p2a: Alomomola|Alomomola, L87, F|429/429\n|turn|11\n|\n|t:|1733768023\n|move|p2a: Alomomola|Scald|p1a: Hippowdon\n|-supereffective|p1a: Hippowdon\n|-damage|p1a: Hippowdon|29/311\n|move|p1a: Hippowdon|Slack Off|p1a: Hippowdon\n|-heal|p1a: Hippowdon|185/311\n|\n|-weather|Sandstorm|[upkeep]\n|-damage|p2a: Alomomola|403/429|[from] Sandstorm\n|-heal|p1a: Hippowdon|204/311|[from] item: Leftovers\n|upkeep\n|turn|12\n|\n|t:|1733768029\n|switch|p1a: Blissey|Blissey, L84, F|566/566\n|-damage|p1a: Blissey|496/566|[from] Stealth Rock\n|move|p2a: Alomomola|Scald|p1a: Blissey\n|-damage|p1a: Blissey|460/566\n|-status|p1a: Blissey|brn\n|\n|-weather|Sandstorm|[upkeep]\n|-damage|p2a: Alomomola|377/429|[from] Sandstorm\n|-damage|p1a: Blissey|425/566 brn|[from] Sandstorm\n|-heal|p1a: Blissey|460/566 brn|[from] item: Leftovers\n|-damage|p1a: Blissey|425/566 brn|[from] brn\n|upkeep\n|turn|13\n|\n|t:|1733768041\n|move|p2a: Alomomola|Flip Turn|p1a: Blissey\n|-damage|p1a: Blissey|256/566 brn\n|\n|t:|1733768051\n|switch|p2a: Uxie|Uxie, L83|260/260|[from] Flip Turn\n|-damage|p2a: Uxie|228/260|[from] Stealth Rock\n|move|p1a: Blissey|Thunder Wave|p2a: Uxie\n|-status|p2a: Uxie|par\n|\n|-weather|none\n|-heal|p1a: Blissey|291/566 brn|[from] item: Leftovers\n|-heal|p2a: Uxie|244/260 par|[from] item: Leftovers\n|-damage|p1a: Blissey|256/566 brn|[from] brn\n|upkeep\n|turn|14\n|inactive|uu nu trainer has 120 seconds left.\n|\n|t:|1733768083\n|move|p1a: Blissey|Soft-Boiled|p1a: Blissey\n|-heal|p1a: Blissey|539/566 brn\n|move|p2a: Uxie|Psychic Noise|p1a: Blissey\n|-crit|p1a: Blissey\n|-damage|p1a: Blissey|470/566 brn\n|-start|p1a: Blissey|move: Heal Block\n|\n|-heal|p2a: Uxie|260/260 par|[from] item: Leftovers\n|-damage|p1a: Blissey|435/566 brn|[from] brn\n|upkeep\n|turn|15\n|\n|t:|1733768094\n|move|p1a: Blissey|Seismic Toss|p2a: Uxie\n|-damage|p2a: Uxie|176/260 par\n|move|p2a: Uxie|Encore|p1a: Blissey\n|-start|p1a: Blissey|Encore\n|\n|-heal|p2a: Uxie|192/260 par|[from] item: Leftovers\n|-damage|p1a: Blissey|400/566 brn|[from] brn\n|-end|p1a: Blissey|move: Heal Block\n|upkeep\n|turn|16\n|\n|t:|1733768100\n|move|p1a: Blissey|Seismic Toss|p2a: Uxie\n|-damage|p2a: Uxie|108/260 par\n|move|p2a: Uxie|Yawn||[still]\n|-fail|p2a: Uxie\n|\n|-heal|p1a: Blissey|435/566 brn|[from] item: Leftovers\n|-heal|p2a: Uxie|124/260 par|[from] item: Leftovers\n|-damage|p1a: Blissey|400/566 brn|[from] brn\n|upkeep\n|turn|17\n|inactive|uu nu trainer has 120 seconds left.\n|inactive|uu nu trainer has 90 seconds left.\n|\n|t:|1733768154\n|move|p1a: Blissey|Seismic Toss|p2a: Uxie\n|-damage|p2a: Uxie|40/260 par\n|move|p2a: Uxie|U-turn|p1a: Blissey\n|-damage|p1a: Blissey|283/566 brn\n|\n|t:|1733768171\n|switch|p2a: Revavroom|Revavroom, L79, M|256/256|[from] U-turn\n|-damage|p2a: Revavroom|240/256|[from] Stealth Rock\n|\n|-heal|p1a: Blissey|318/566 brn|[from] item: Leftovers\n|-damage|p1a: Blissey|283/566 brn|[from] brn\n|upkeep\n|turn|18\n|\n|t:|1733768180\n|-curestatus|p1a: Blissey|brn|[from] ability: Natural Cure\n|switch|p1a: Hippowdon|Hippowdon, L82, F|204/311\n|-damage|p1a: Hippowdon|185/311|[from] Stealth Rock\n|-weather|Sandstorm|[from] ability: Sand Stream|[of] p1a: Hippowdon\n|move|p2a: Revavroom|Shift Gear|p2a: Revavroom\n|-boost|p2a: Revavroom|spe|2\n|-boost|p2a: Revavroom|atk|1\n|\n|-weather|Sandstorm|[upkeep]\n|-heal|p1a: Hippowdon|204/311|[from] item: Leftovers\n|upkeep\n|turn|19\n|inactive|uu nu trainer has 90 seconds left.\n|\n|t:|1733768208\n|-terastallize|p2a: Revavroom|Ground\n|move|p2a: Revavroom|Iron Head|p1a: Hippowdon\n|-damage|p1a: Hippowdon|60/311\n|-damage|p2a: Revavroom|215/256|[from] item: Life Orb\n|cant|p1a: Hippowdon|flinch\n|\n|-weather|Sandstorm|[upkeep]\n|-heal|p1a: Hippowdon|79/311|[from] item: Leftovers\n|upkeep\n|turn|20\n|inactive|uu nu trainer has 90 seconds left.\n|\n|t:|1733768216\n|move|p2a: Revavroom|Iron Head|p1a: Hippowdon\n|-damage|p1a: Hippowdon|0 fnt\n|faint|p1a: Hippowdon\n|-damage|p2a: Revavroom|190/256|[from] item: Life Orb\n|\n|-weather|Sandstorm|[upkeep]\n|upkeep\n|inactive|uu nu trainer has 90 seconds left.\n|\n|t:|1733768237\n|switch|p1a: Thundurus|Thundurus-Therian, L80, M|258/258\n|turn|21\n|\n|t:|1733768244\n|move|p2a: Revavroom|Gunk Shot|p1a: Thundurus|[miss]\n|-miss|p2a: Revavroom|p1a: Thundurus\n|move|p1a: Thundurus|Grass Knot|p2a: Revavroom\n|-supereffective|p2a: Revavroom\n|-damage|p2a: Revavroom|13/256\n|\n|-weather|Sandstorm|[upkeep]\n|-damage|p1a: Thundurus|242/258|[from] Sandstorm\n|upkeep\n|turn|22\n|inactive|uu nu trainer has 90 seconds left.\n|c|\u2606steelixprismgx|fuck\n|\n|t:|1733768256\n|move|p2a: Revavroom|Gunk Shot|p1a: Thundurus\n|-damage|p1a: Thundurus|0 fnt\n|faint|p1a: Thundurus\n|-damage|p2a: Revavroom|0 fnt|[from] item: Life Orb\n|faint|p2a: Revavroom\n|\n|-weather|none\n|upkeep\n|\n|t:|1733768263\n|switch|p1a: Meowscarada|Meowscarada, L78, F|150/247\n|switch|p2a: Uxie|Uxie, L83|40/260 par\n|-damage|p1a: Meowscarada|120/247|[from] Stealth Rock\n|-damage|p2a: Uxie|8/260 par|[from] Stealth Rock\n|turn|23\n|\n|t:|1733768272\n|move|p1a: Meowscarada|Toxic Spikes|p2a: Uxie\n|-start|p1a: Meowscarada|typechange|Poison|[from] ability: Protean\n|-sidestart|p2: steelixprismgx|move: Toxic Spikes\n|move|p2a: Uxie|U-turn|p1a: Meowscarada\n|-resisted|p1a: Meowscarada\n|-damage|p1a: Meowscarada|95/247\n|\n|t:|1733768280\n|switch|p2a: Alomomola|Alomomola, L87, F|429/429|[from] U-turn\n|\n|upkeep\n|turn|24\n|\n|t:|1733768289\n|move|p1a: Meowscarada|Flower Trick|p2a: Alomomola\n|-supereffective|p2a: Alomomola\n|-crit|p2a: Alomomola\n|-damage|p2a: Alomomola|271/429\n|move|p2a: Alomomola|Scald|p1a: Meowscarada\n|-damage|p1a: Meowscarada|35/247\n|\n|upkeep\n|turn|25\n|\n|t:|1733768302\n|move|p1a: Meowscarada|Flower Trick|p2a: Alomomola\n|-supereffective|p2a: Alomomola\n|-crit|p2a: Alomomola\n|-damage|p2a: Alomomola|127/429\n|move|p2a: Alomomola|Flip Turn|p1a: Meowscarada\n|-damage|p1a: Meowscarada|0 fnt\n|faint|p1a: Meowscarada\n|\n|t:|1733768310\n|switch|p2a: Uxie|Uxie, L83|8/260 par|[from] Flip Turn\n|-damage|p2a: Uxie|0 fnt|[from] Stealth Rock\n|faint|p2a: Uxie\n|\n|upkeep\n|inactive|uu nu trainer has 120 seconds left.\n|\n|t:|1733768316\n|switch|p1a: Zebstrika|Zebstrika, L87, M|218/272\n|switch|p2a: Meowstic|Meowstic-F, L89, F|277/277\n|-damage|p1a: Zebstrika|184/272|[from] Stealth Rock\n|-damage|p2a: Meowstic|243/277|[from] Stealth Rock\n|-status|p2a: Meowstic|psn\n|turn|26\n|\n|t:|1733768327\n|move|p1a: Zebstrika|Supercell Slam|p2a: Meowstic\n|-damage|p2a: Meowstic|87/277 psn\n|-damage|p1a: Zebstrika|157/272|[from] item: Life Orb\n|move|p2a: Meowstic|Psychic|p1a: Zebstrika\n|-damage|p1a: Zebstrika|11/272\n|-damage|p2a: Meowstic|60/277 psn|[from] item: Life Orb\n|\n|-damage|p2a: Meowstic|26/277 psn|[from] psn\n|upkeep\n|turn|27\n|\n|t:|1733768341\n|move|p1a: Zebstrika|High Horsepower|p2a: Meowstic\n|-damage|p2a: Meowstic|0 fnt\n|faint|p2a: Meowstic\n|-damage|p1a: Zebstrika|0 fnt|[from] item: Life Orb\n|faint|p1a: Zebstrika\n|\n|upkeep\n|\n|t:|1733768343\n|switch|p1a: Blissey|Blissey, L84, F|283/566\n|switch|p2a: Alomomola|Alomomola, L87, F|270/429\n|-damage|p1a: Blissey|213/566|[from] Stealth Rock\n|turn|28\n|\n|t:|1733768352\n|move|p2a: Alomomola|Wish|p2a: Alomomola\n|move|p1a: Blissey|Soft-Boiled|p1a: Blissey\n|-heal|p1a: Blissey|496/566\n|\n|-heal|p1a: Blissey|531/566|[from] item: Leftovers\n|upkeep\n|turn|29\n|\n|t:|1733768361\n|move|p2a: Alomomola|Scald|p1a: Blissey\n|-damage|p1a: Blissey|494/566\n|-status|p1a: Blissey|brn\n|move|p1a: Blissey|Thunder Wave|p2a: Alomomola\n|-status|p2a: Alomomola|par\n|\n|-heal|p2a: Alomomola|429/429 par|[from] move: Wish|[wisher] Alomomola\n|-heal|p1a: Blissey|529/566 brn|[from] item: Leftovers\n|-damage|p1a: Blissey|494/566 brn|[from] brn\n|upkeep\n|turn|30\n|\n|t:|1733768368\n|move|p1a: Blissey|Seismic Toss|p2a: Alomomola\n|-damage|p2a: Alomomola|345/429 par\n|move|p2a: Alomomola|Flip Turn|p1a: Blissey\n|-damage|p1a: Blissey|338/566 brn\n|\n|-heal|p1a: Blissey|373/566 brn|[from] item: Leftovers\n|-damage|p1a: Blissey|338/566 brn|[from] brn\n|upkeep\n|turn|31\n|\n|t:|1733768375\n|move|p1a: Blissey|Seismic Toss|p2a: Alomomola\n|-damage|p2a: Alomomola|261/429 par\n|cant|p2a: Alomomola|par\n|\n|-heal|p1a: Blissey|373/566 brn|[from] item: Leftovers\n|-damage|p1a: Blissey|338/566 brn|[from] brn\n|upkeep\n|turn|32\n|\n|t:|1733768384\n|move|p1a: Blissey|Seismic Toss|p2a: Alomomola\n|-damage|p2a: Alomomola|177/429 par\n|move|p2a: Alomomola|Wish|p2a: Alomomola\n|\n|-heal|p1a: Blissey|373/566 brn|[from] item: Leftovers\n|-damage|p1a: Blissey|338/566 brn|[from] brn\n|upkeep\n|turn|33\n|\n|t:|1733768396\n|move|p2a: Alomomola|Protect|p2a: Alomomola\n|-singleturn|p2a: Alomomola|Protect\n|move|p1a: Blissey|Seismic Toss|p2a: Alomomola\n|-activate|p2a: Alomomola|move: Protect\n|\n|-heal|p2a: Alomomola|391/429 par|[from] move: Wish|[wisher] Alomomola\n|-heal|p1a: Blissey|373/566 brn|[from] item: Leftovers\n|-damage|p1a: Blissey|338/566 brn|[from] brn\n|upkeep\n|turn|34\n|\n|t:|1733768402\n|move|p1a: Blissey|Seismic Toss|p2a: Alomomola\n|-damage|p2a: Alomomola|307/429 par\n|move|p2a: Alomomola|Flip Turn|p1a: Blissey\n|-damage|p1a: Blissey|178/566 brn\n|\n|-heal|p1a: Blissey|213/566 brn|[from] item: Leftovers\n|-damage|p1a: Blissey|178/566 brn|[from] brn\n|upkeep\n|turn|35\n|\n|t:|1733768423\n|move|p1a: Blissey|Soft-Boiled|p1a: Blissey\n|-heal|p1a: Blissey|461/566 brn\n|move|p2a: Alomomola|Wish|p2a: Alomomola\n|\n|-heal|p1a: Blissey|496/566 brn|[from] item: Leftovers\n|-damage|p1a: Blissey|461/566 brn|[from] brn\n|upkeep\n|turn|36\n|\n|t:|1733768433\n|move|p1a: Blissey|Heal Bell|p1a: Blissey\n|-activate|p1a: Blissey|move: Heal Bell\n|-curestatus|p1a: Blissey|brn|[msg]\n|move|p2a: Alomomola|Flip Turn|p1a: Blissey\n|-damage|p1a: Blissey|301/566\n|\n|-heal|p2a: Alomomola|429/429 par|[from] move: Wish|[wisher] Alomomola\n|-heal|p1a: Blissey|336/566|[from] item: Leftovers\n|upkeep\n|turn|37\n|\n|t:|1733768438\n|move|p1a: Blissey|Seismic Toss|p2a: Alomomola\n|-damage|p2a: Alomomola|345/429 par\n|move|p2a: Alomomola|Scald|p1a: Blissey\n|-damage|p1a: Blissey|299/566\n|\n|-heal|p1a: Blissey|334/566|[from] item: Leftovers\n|upkeep\n|turn|38\n|-message|uu nu trainer forfeited.\n|\n|win|steelixprismgx\n|raw|uu nu trainer's rating: 1783 &rarr; <strong>1762</strong><br />(-21 for losing)\n|raw|steelixprismgx's rating: 1769 &rarr; <strong>1790</strong><br />(+21 for winning)\n|l|\u2606uu nu trainer\n|player|p1|\n|c|\u2606steelixprismgx|gg\n", "inputlog": ">version bfd83cad13791eb5a5a409923076391caf6fb4d4\n>start {\"formatid\":\"gen9randombattle\",\"seed\":[398,44562,55377,17965],\"rated\":\"Rated battle\"}\n>player p1 {\"name\":\"uu nu trainer\",\"avatar\":\"170\",\"rating\":1765,\"seed\":[27625,28949,24203,55298]}\n>player p2 {\"name\":\"steelixprismgx\",\"avatar\":\"colress\",\"rating\":1769,\"seed\":[35630,50905,24863,233]}\n>p1 move knockoff\n>p2 move strengthsap\n>p1 move toxicspikes\n>p2 move airslash\n>p1 switch 3\n>p2 move airslash\n>p1 move thunderwave\n>p2 move calmmind\n>p1 move psychicnoise\n>p2 move shadowball\n>p1 move uturn\n>p2 move airslash\n>p1 switch 2\n>p1 move supercellslam\n>p2 move shadowball\n>p2 switch 6\n>p1 move highhorsepower\n>p2 switch 2\n>p1 switch 5\n>p2 move stealthrock\n>p1 move stealthrock\n>p2 move explosion\n>p2 switch 5\n>p1 move slackoff\n>p2 move scald\n>p1 switch 6\n>p2 move scald\n>p1 move thunderwave\n>p2 move flipturn\n>p2 switch 4\n>p1 move softboiled\n>p2 move psychicnoise\n>p1 move seismictoss\n>p2 move encore\n>p1 move seismictoss\n>p2 move yawn\n>p1 move seismictoss\n>p2 move uturn\n>p2 switch 2\n>p1 switch 6\n>p2 move shiftgear\n>p1 move earthquake\n>p2 move ironhead terastallize\n>p1 move earthquake\n>p2 move ironhead\n>p1 switch 4\n>p1 move grassknot\n>p2 move gunkshot\n>chat \u2606steelixprismgx|fuck\n>p1 move grassknot\n>p2 move gunkshot\n>p1 switch 3\n>p2 switch 2\n>p1 move toxicspikes\n>p2 move uturn\n>p2 switch 4\n>p1 move flowertrick\n>p2 move scald\n>p1 move flowertrick\n>p2 move flipturn\n>p2 switch 4\n>p1 switch 5\n>p2 switch 3\n>p1 move supercellslam\n>p2 move psychic\n>p1 move highhorsepower\n>p2 move darkpulse\n>p1 switch 6\n>p2 switch 4\n>p1 move softboiled\n>p2 move wish\n>p1 move thunderwave\n>p2 move scald\n>p1 move seismictoss\n>p2 move flipturn\n>p1 move seismictoss\n>p2 move flipturn\n>p1 move seismictoss\n>p2 move wish\n>p1 move seismictoss\n>p2 move protect\n>p1 move seismictoss\n>p2 move flipturn\n>p1 move softboiled\n>p2 move wish\n>p1 move healbell\n>p2 move flipturn\n>p1 move seismictoss\n>p2 move scald\n>forcelose p1", "uploadtime": 1733768445, "views": 3, "formatid": "gen9randombattle", "rating": 1762, "private": 0, "password": null}