{"id": "gen9randombattle-2259981684", "format": "[Gen 9] Random Battle", "players": ["gonzalgado", "I see four"], "log": "|j|\u2606gonzalgado\n|j|\u2606I see four\n|t:|1733787166\n|gametype|singles\n|player|p1|gonzalgado|265|1565\n|player|p2|I see four|gentleman|1579\n|teamsize|p1|6\n|teamsize|p2|6\n|gen|9\n|tier|[Gen 9] Random Battle\n|rated|\n|rule|Species Clause: Limit one of each Pok\u00e9mon\n|rule|HP Percentage Mod: HP is shown in percentages\n|rule|Sleep Clause Mod: Limit one foe put to sleep\n|rule|Illusion Level Mod: Illusion disguises the Pok\u00e9mon's true level\n|\n|t:|1733787166\n|start\n|switch|p1a: Barraskewda|Barraskewda, L81, M|231/231\n|switch|p2a: Tornadus|Tornadus-Therian, L79, M|254/254\n|turn|1\n|inactive|Battle timer is ON: inactive players will automatically lose when time's up. (requested by I see four)\n|\n|t:|1733787192\n|move|p1a: Barraskewda|Flip Turn|p2a: Tornadus\n|-damage|p2a: Tornadus|133/254\n|\n|t:|1733787195\n|switch|p1a: Magcargo|Magcargo, L95, F|268/268|[from] Flip Turn\n|move|p2a: Tornadus|Knock Off|p1a: Magcargo\n|-damage|p1a: Magcargo|226/268\n|-enditem|p1a: Magcargo|Heavy-Duty Boots|[from] move: Knock Off|[of] p2a: Tornadus\n|\n|upkeep\n|turn|2\n|\n|t:|1733787213\n|move|p2a: Tornadus|U-turn|p1a: Magcargo\n|-resisted|p1a: Magcargo\n|-damage|p1a: Magcargo|209/268\n|\n|t:|1733787217\n|switch|p2a: Mienshao|Mienshao, L83, M|244/244|[from] U-turn\n|move|p1a: Magcargo|Lava Plume|p2a: Mienshao\n|-damage|p2a: Mienshao|108/244\n|-status|p2a: Mienshao|brn\n|\n|-damage|p2a: Mienshao|93/244 brn|[from] brn\n|upkeep\n|turn|3\n|\n|t:|1733787232\n|switch|p1a: Palossand|Palossand, L89, F|296/296\n|move|p2a: Mienshao|Close Combat|p1a: Palossand\n|-immune|p1a: Palossand\n|\n|-damage|p2a: Mienshao|78/244 brn|[from] brn\n|upkeep\n|turn|4\n|\n|t:|1733787244\n|switch|p1a: Primarina|Primarina, L83, M|268/268\n|move|p2a: Mienshao|Knock Off|p1a: Primarina\n|-resisted|p1a: Primarina\n|-damage|p1a: Primarina|236/268\n|-enditem|p1a: Primarina|Leftovers|[from] move: Knock Off|[of] p2a: Mienshao\n|-damage|p2a: Mienshao|54/244 brn|[from] item: Life Orb\n|\n|-damage|p2a: Mienshao|39/244 brn|[from] brn\n|upkeep\n|turn|5\n|\n|t:|1733787251\n|switch|p2a: Cacturne|Cacturne, L92, F|278/278\n|move|p1a: Primarina|Calm Mind|p1a: Primarina\n|-boost|p1a: Primarina|spa|1\n|-boost|p1a: Primarina|spd|1\n|\n|upkeep\n|turn|6\n|inactive|gonzalgado has 120 seconds left.\n|\n|t:|1733787283\n|-terastallize|p1a: Primarina|Poison\n|move|p2a: Cacturne|Seed Bomb|p1a: Primarina\n|-resisted|p1a: Primarina\n|-damage|p1a: Primarina|146/268\n|-damage|p2a: Cacturne|251/278|[from] item: Life Orb\n|move|p1a: Primarina|Calm Mind|p1a: Primarina\n|-boost|p1a: Primarina|spa|1\n|-boost|p1a: Primarina|spd|1\n|\n|upkeep\n|turn|7\n|\n|t:|1733787292\n|-terastallize|p2a: Cacturne|Poison\n|move|p2a: Cacturne|Swords Dance|p2a: Cacturne\n|-boost|p2a: Cacturne|atk|2\n|move|p1a: Primarina|Draining Kiss|p2a: Cacturne\n|-resisted|p2a: Cacturne\n|-crit|p2a: Cacturne\n|-damage|p2a: Cacturne|136/278\n|-heal|p1a: Primarina|232/268|[from] drain|[of] p2a: Cacturne\n|\n|upkeep\n|turn|8\n|\n|t:|1733787303\n|move|p2a: Cacturne|Sucker Punch|p1a: Primarina\n|-damage|p1a: Primarina|0 fnt\n|faint|p1a: Primarina\n|-damage|p2a: Cacturne|109/278|[from] item: Life Orb\n|\n|upkeep\n|inactive|gonzalgado has 120 seconds left.\n|\n|t:|1733787316\n|switch|p1a: Magcargo|Magcargo, L95, F|209/268\n|turn|9\n|\n|t:|1733787320\n|move|p2a: Cacturne|Drain Punch|p1a: Magcargo\n|-supereffective|p1a: Magcargo\n|-damage|p1a: Magcargo|0 fnt\n|-heal|p2a: Cacturne|214/278|[from] drain|[of] p1a: Magcargo\n|faint|p1a: Magcargo\n|-damage|p2a: Cacturne|187/278|[from] item: Life Orb\n|\n|upkeep\n|inactive|gonzalgado has 120 seconds left.\n|\n|t:|1733787336\n|switch|p1a: Wigglytuff|Wigglytuff, L96, F|424/424\n|turn|10\n|\n|t:|1733787341\n|move|p2a: Cacturne|Seed Bomb|p1a: Wigglytuff\n|-damage|p1a: Wigglytuff|46/424\n|-damage|p2a: Cacturne|160/278|[from] item: Life Orb\n|move|p1a: Wigglytuff|Thunder Wave|p2a: Cacturne\n|-status|p2a: Cacturne|par\n|\n|-heal|p1a: Wigglytuff|72/424|[from] item: Leftovers\n|upkeep\n|turn|11\n|\n|t:|1733787351\n|move|p1a: Wigglytuff|Wish|p1a: Wigglytuff\n|move|p2a: Cacturne|Drain Punch|p1a: Wigglytuff\n|-damage|p1a: Wigglytuff|0 fnt\n|-heal|p2a: Cacturne|196/278 par|[from] drain|[of] p1a: Wigglytuff\n|faint|p1a: Wigglytuff\n|-damage|p2a: Cacturne|169/278 par|[from] item: Life Orb\n|\n|upkeep\n|\n|t:|1733787363\n|switch|p1a: Palossand|Palossand, L89, F|296/296\n|turn|12\n|\n|t:|1733787377\n|move|p2a: Cacturne|Sucker Punch|p1a: Palossand\n|-supereffective|p1a: Palossand\n|-damage|p1a: Palossand|0 fnt\n|faint|p1a: Palossand\n|-damage|p2a: Cacturne|142/278 par|[from] item: Life Orb\n|\n|upkeep\n|\n|t:|1733787380\n|switch|p1a: Exeggutor|Exeggutor-Alola, L89, M|314/314\n|turn|13\n|\n|t:|1733787388\n|move|p2a: Cacturne|Sucker Punch||[still]\n|-fail|p2a: Cacturne\n|move|p1a: Exeggutor|Calm Mind|p1a: Exeggutor\n|-boost|p1a: Exeggutor|spa|1\n|-boost|p1a: Exeggutor|spd|1\n|\n|upkeep\n|turn|14\n|\n|t:|1733787398\n|cant|p2a: Cacturne|par\n|move|p1a: Exeggutor|Dragon Pulse|p2a: Cacturne\n|-damage|p2a: Cacturne|0 fnt\n|faint|p2a: Cacturne\n|\n|upkeep\n|\n|t:|1733787402\n|switch|p2a: Swalot|Swalot, L90, M|326/326\n|turn|15\n|\n|t:|1733787408\n|move|p2a: Swalot|Toxic|p1a: Exeggutor\n|-status|p1a: Exeggutor|tox\n|move|p1a: Exeggutor|Dragon Pulse|p2a: Swalot\n|-damage|p2a: Swalot|142/326\n|\n|-heal|p2a: Swalot|162/326|[from] item: Leftovers\n|-damage|p1a: Exeggutor|295/314 tox|[from] psn\n|upkeep\n|turn|16\n|\n|t:|1733787415\n|move|p2a: Swalot|Protect|p2a: Swalot\n|-singleturn|p2a: Swalot|Protect\n|move|p1a: Exeggutor|Dragon Pulse|p2a: Swalot\n|-activate|p2a: Swalot|move: Protect\n|\n|-heal|p2a: Swalot|182/326|[from] item: Leftovers\n|-damage|p1a: Exeggutor|257/314 tox|[from] psn\n|upkeep\n|turn|17\n|\n|t:|1733787424\n|switch|p2a: Tornadus|Tornadus-Therian, L79, M|217/254\n|move|p1a: Exeggutor|Dragon Pulse|p2a: Tornadus\n|-crit|p2a: Tornadus\n|-damage|p2a: Tornadus|19/254\n|\n|-damage|p1a: Exeggutor|200/314 tox|[from] psn\n|upkeep\n|turn|18\n|\n|t:|1733787435\n|move|p2a: Tornadus|Knock Off|p1a: Exeggutor\n|-damage|p1a: Exeggutor|144/314 tox\n|-enditem|p1a: Exeggutor|Sitrus Berry|[from] move: Knock Off|[of] p2a: Tornadus\n|move|p1a: Exeggutor|Giga Drain|p2a: Tornadus\n|-resisted|p2a: Tornadus\n|-damage|p2a: Tornadus|0 fnt\n|-heal|p1a: Exeggutor|154/314 tox|[from] drain|[of] p2a: Tornadus\n|faint|p2a: Tornadus\n|\n|-damage|p1a: Exeggutor|78/314 tox|[from] psn\n|upkeep\n|\n|t:|1733787440\n|switch|p2a: Swalot|Swalot, L90, M|182/326\n|turn|19\n|\n|t:|1733787453\n|move|p2a: Swalot|Protect|p2a: Swalot\n|-singleturn|p2a: Swalot|Protect\n|move|p1a: Exeggutor|Giga Drain|p2a: Swalot\n|-activate|p2a: Swalot|move: Protect\n|\n|-heal|p2a: Swalot|202/326|[from] item: Leftovers\n|-damage|p1a: Exeggutor|0 fnt|[from] psn\n|faint|p1a: Exeggutor\n|upkeep\n|\n|t:|1733787455\n|switch|p1a: Barraskewda|Barraskewda, L81, M|231/231\n|turn|20\n|\n|t:|1733787458\n|move|p1a: Barraskewda|Waterfall|p2a: Swalot\n|-damage|p2a: Swalot|54/326\n|move|p2a: Swalot|Toxic|p1a: Barraskewda\n|-status|p1a: Barraskewda|tox\n|\n|-heal|p2a: Swalot|74/326|[from] item: Leftovers\n|-damage|p1a: Barraskewda|217/231 tox|[from] psn\n|upkeep\n|turn|21\n|\n|t:|1733787462\n|move|p2a: Swalot|Protect|p2a: Swalot\n|-singleturn|p2a: Swalot|Protect\n|move|p1a: Barraskewda|Waterfall|p2a: Swalot\n|-activate|p2a: Swalot|move: Protect\n|\n|-heal|p2a: Swalot|94/326|[from] item: Leftovers\n|-damage|p1a: Barraskewda|189/231 tox|[from] psn\n|upkeep\n|turn|22\n|\n|t:|1733787469\n|switch|p2a: Mienshao|Mienshao, L83, M|120/244 brn\n|move|p1a: Barraskewda|Waterfall|p2a: Mienshao\n|-damage|p2a: Mienshao|0 fnt\n|faint|p2a: Mienshao\n|\n|-damage|p1a: Barraskewda|147/231 tox|[from] psn\n|upkeep\n|\n|t:|1733787474\n|switch|p2a: Victreebel|Victreebel, L90, M|290/290\n|turn|23\n|\n|t:|1733787481\n|move|p2a: Victreebel|Sucker Punch|p1a: Barraskewda\n|-damage|p1a: Barraskewda|46/231 tox\n|-damage|p2a: Victreebel|261/290|[from] item: Life Orb\n|move|p1a: Barraskewda|Waterfall|p2a: Victreebel\n|-resisted|p2a: Victreebel\n|-damage|p2a: Victreebel|185/290\n|\n|-damage|p1a: Barraskewda|0 fnt|[from] psn\n|faint|p1a: Barraskewda\n|\n|win|I see four\n|upkeep\n|raw|gonzalgado's rating: 1565 &rarr; <strong>1546</strong><br />(-19 for losing)\n|raw|I see four's rating: 1579 &rarr; <strong>1598</strong><br />(+19 for winning)\n|l|\u2606gonzalgado\n|player|p1|\n", "inputlog": ">version bfd83cad13791eb5a5a409923076391caf6fb4d4\n>start {\"formatid\":\"gen9randombattle\",\"seed\":[18295,18158,60021,40532],\"rated\":\"Rated battle\"}\n>player p1 {\"name\":\"gonzalgado\",\"avatar\":\"265\",\"rating\":1565,\"seed\":[26984,10555,53393,23701]}\n>player p2 {\"name\":\"I see four\",\"avatar\":\"gentleman\",\"rating\":1579,\"seed\":[51777,61324,2398,4557]}\n>p1 move flipturn\n>p2 move knockoff\n>p1 switch 6\n>p1 move lavaplume\n>p2 move uturn\n>p2 switch 4\n>p1 switch 4\n>p2 move closecombat\n>p1 switch 3\n>p2 move knockoff\n>p1 move calmmind\n>p2 switch 3\n>p1 move calmmind terastallize\n>p2 move seedbomb\n>p1 move drainingkiss\n>p2 move swordsdance terastallize\n>p1 move drainingkiss\n>p2 move suckerpunch\n>p1 switch 4\n>p1 move lavaplume\n>p2 move drainpunch\n>p1 switch 2\n>p1 move thunderwave\n>p2 move seedbomb\n>p1 move wish\n>p2 move drainpunch\n>p1 switch 3\n>p1 move earthpower\n>p2 move suckerpunch\n>p1 switch 5\n>p1 move calmmind\n>p2 move suckerpunch\n>p1 move dragonpulse\n>p2 move suckerpunch\n>p2 switch 6\n>p1 move dragonpulse\n>p2 move toxic\n>p1 move dragonpulse\n>p2 move protect\n>p1 move dragonpulse\n>p2 switch 4\n>p1 move gigadrain\n>p2 move knockoff\n>p2 switch 4\n>p1 move gigadrain\n>p2 move protect\n>p1 switch 6\n>p1 move waterfall\n>p2 move toxic\n>p1 move waterfall\n>p2 move protect\n>p1 move waterfall\n>p2 switch 3\n>p2 switch 5\n>p1 move waterfall\n>p2 move suckerpunch", "uploadtime": 1733787498, "views": 2, "formatid": "gen9randombattle", "rating": 1546, "private": 0, "password": null}