{"id": "gen9randombattle-2236868412", "format": "[Gen 9] Random Battle", "players": ["Frigidigi", "velvestrade"], "log": "|j|\u2606Frigidigi\n|j|\u2606velvestrade\n|t:|1730681220\n|gametype|singles\n|player|p1|Frigidigi|265|2202\n|player|p2|velvestrade|miku-ground|2275\n|teamsize|p1|6\n|teamsize|p2|6\n|gen|9\n|tier|[Gen 9] Random Battle\n|rated|\n|rule|Species Clause: Limit one of each Pok\u00e9mon\n|rule|HP Percentage Mod: HP is shown in percentages\n|rule|Sleep Clause Mod: Limit one foe put to sleep\n|rule|Illusion Level Mod: Illusion disguises the Pok\u00e9mon's true level\n|\n|t:|1730681220\n|start\n|switch|p1a: Raging Bolt|Raging Bolt, L78|323/323\n|switch|p2a: Medicham|Medicham, L86, M|243/243\n|turn|1\n|inactive|Battle timer is ON: inactive players will automatically lose when time's up. (requested by velvestrade)\n|\n|t:|1730681241\n|-end|p1a: Raging Bolt|Protosynthesis|[silent]\n|switch|p1a: Sableye|Sableye, L90, M|236/236\n|move|p2a: Medicham|Ice Punch|p1a: Sableye\n|-damage|p1a: Sableye|159/236\n|\n|-heal|p1a: Sableye|173/236|[from] item: Leftovers\n|upkeep\n|turn|2\n|\n|t:|1730681252\n|switch|p2a: Grimmsnarl|Grimmsnarl, L83, M|293/293\n|move|p1a: Sableye|Will-O-Wisp|p2a: Grimmsnarl\n|-hint|Since gen 7, Dark is immune to Prankster moves.\n|-immune|p2a: Grimmsnarl\n|\n|-heal|p1a: Sableye|187/236|[from] item: Leftovers\n|upkeep\n|turn|3\n|\n|t:|1730681263\n|switch|p1a: Stonjourner|Stonjourner, L91, M|330/330\n|move|p2a: Grimmsnarl|Spirit Break|p1a: Stonjourner\n|-damage|p1a: Stonjourner|267/330\n|-unboost|p1a: Stonjourner|spa|1\n|\n|upkeep\n|turn|4\n|\n|t:|1730681277\n|move|p2a: Grimmsnarl|Parting Shot|p1a: Stonjourner\n|-unboost|p1a: Stonjourner|atk|1\n|-unboost|p1a: Stonjourner|spa|1\n|\n|t:|1730681280\n|switch|p2a: Medicham|Medicham, L86, M|243/243|[from] Parting Shot\n|move|p1a: Stonjourner|Earthquake|p2a: Medicham\n|-damage|p2a: Medicham|142/243\n|-damage|p1a: Stonjourner|234/330|[from] item: Life Orb\n|\n|upkeep\n|turn|5\n|\n|t:|1730681289\n|switch|p1a: Sableye|Sableye, L90, M|187/236\n|move|p2a: Medicham|Close Combat|p1a: Sableye\n|-immune|p1a: Sableye\n|\n|-heal|p1a: Sableye|201/236|[from] item: Leftovers\n|upkeep\n|turn|6\n|\n|t:|1730681292\n|switch|p2a: Grimmsnarl|Grimmsnarl, L83, M|293/293\n|move|p1a: Sableye|Knock Off|p2a: Grimmsnarl\n|-resisted|p2a: Grimmsnarl\n|-damage|p2a: Grimmsnarl|260/293\n|-enditem|p2a: Grimmsnarl|Leftovers|[from] move: Knock Off|[of] p1a: Sableye\n|\n|-heal|p1a: Sableye|215/236|[from] item: Leftovers\n|upkeep\n|turn|7\n|\n|t:|1730681298\n|switch|p1a: Stonjourner|Stonjourner, L91, M|234/330\n|move|p2a: Grimmsnarl|Spirit Break|p1a: Stonjourner\n|-damage|p1a: Stonjourner|168/330\n|-unboost|p1a: Stonjourner|spa|1\n|\n|upkeep\n|turn|8\n|\n|t:|1730681325\n|move|p2a: Grimmsnarl|Parting Shot|p1a: Stonjourner\n|-unboost|p1a: Stonjourner|atk|1\n|-unboost|p1a: Stonjourner|spa|1\n|\n|t:|1730681329\n|switch|p2a: Medicham|Medicham, L86, M|142/243|[from] Parting Shot\n|move|p1a: Stonjourner|Heat Crash|p2a: Medicham\n|-damage|p2a: Medicham|32/243\n|-damage|p1a: Stonjourner|135/330|[from] item: Life Orb\n|\n|upkeep\n|turn|9\n|\n|t:|1730681336\n|switch|p1a: Sableye|Sableye, L90, M|215/236\n|move|p2a: Medicham|Ice Punch|p1a: Sableye\n|-damage|p1a: Sableye|131/236\n|\n|-heal|p1a: Sableye|145/236|[from] item: Leftovers\n|upkeep\n|turn|10\n|\n|t:|1730681343\n|switch|p2a: Grimmsnarl|Grimmsnarl, L83, M|260/293\n|move|p1a: Sableye|Recover|p1a: Sableye\n|-heal|p1a: Sableye|236/236\n|\n|upkeep\n|turn|11\n|\n|t:|1730681348\n|switch|p1a: Stonjourner|Stonjourner, L91, M|135/330\n|move|p2a: Grimmsnarl|Spirit Break|p1a: Stonjourner\n|-damage|p1a: Stonjourner|71/330\n|-unboost|p1a: Stonjourner|spa|1\n|\n|upkeep\n|turn|12\n|\n|t:|1730681366\n|move|p2a: Grimmsnarl|Sucker Punch|p1a: Stonjourner\n|-damage|p1a: Stonjourner|8/330\n|move|p1a: Stonjourner|Stone Edge|p2a: Grimmsnarl\n|-crit|p2a: Grimmsnarl\n|-damage|p2a: Grimmsnarl|0 fnt\n|faint|p2a: Grimmsnarl\n|-damage|p1a: Stonjourner|0 fnt|[from] item: Life Orb\n|faint|p1a: Stonjourner\n|\n|upkeep\n|\n|t:|1730681376\n|switch|p1a: Sableye|Sableye, L90, M|236/236\n|switch|p2a: Meowscarada|Meowscarada, L78, F|247/247\n|turn|13\n|\n|t:|1730681404\n|move|p2a: Meowscarada|Knock Off|p1a: Sableye\n|-start|p2a: Meowscarada|typechange|Dark|[from] ability: Protean\n|-damage|p1a: Sableye|76/236\n|-enditem|p1a: Sableye|Leftovers|[from] move: Knock Off|[of] p2a: Meowscarada\n|move|p1a: Sableye|Knock Off|p2a: Meowscarada\n|-resisted|p2a: Meowscarada\n|-damage|p2a: Meowscarada|185/247\n|-enditem|p2a: Meowscarada|Choice Band|[from] move: Knock Off|[of] p1a: Sableye\n|\n|upkeep\n|turn|14\n|inactive|Frigidigi has 120 seconds left.\n|\n|t:|1730681422\n|move|p1a: Sableye|Recover|p1a: Sableye\n|-heal|p1a: Sableye|194/236\n|move|p2a: Meowscarada|Triple Axel|p1a: Sableye|[miss]\n|-miss|p2a: Meowscarada|p1a: Sableye\n|\n|upkeep\n|turn|15\n|\n|t:|1730681430\n|switch|p1a: Spidops|Spidops, L96, M|271/271\n|move|p2a: Meowscarada|Triple Axel|p1a: Spidops\n|-damage|p1a: Spidops|258/271\n|-damage|p1a: Spidops|233/271\n|-damage|p1a: Spidops|197/271\n|-hitcount|p1a: Spidops|3\n|\n|upkeep\n|turn|16\n|\n|t:|1730681442\n|move|p2a: Meowscarada|U-turn|p1a: Spidops\n|-damage|p1a: Spidops|156/271\n|\n|t:|1730681447\n|switch|p2a: Vikavolt|Vikavolt, L83, M|263/263|[from] U-turn\n|move|p1a: Spidops|Sticky Web|p2a: Vikavolt\n|-sidestart|p2: velvestrade|move: Sticky Web\n|\n|upkeep\n|turn|17\n|\n|t:|1730681470\n|move|p1a: Spidops|U-turn|p2a: Vikavolt\n|-damage|p2a: Vikavolt|184/263\n|inactive|Frigidigi has 120 seconds left.\n|\n|t:|1730681493\n|switch|p1a: Hitmonlee|Hitmonlee, L85, M|223/223|[from] U-turn\n|move|p2a: Vikavolt|Sticky Web|p1a: Hitmonlee\n|-sidestart|p1: Frigidigi|move: Sticky Web\n|\n|upkeep\n|turn|18\n|\n|t:|1730681503\n|move|p1a: Hitmonlee|Poison Jab|p2a: Vikavolt\n|-damage|p2a: Vikavolt|74/263\n|-status|p2a: Vikavolt|psn\n|move|p2a: Vikavolt|Thunderbolt|p1a: Hitmonlee\n|-damage|p1a: Hitmonlee|118/223\n|\n|-damage|p2a: Vikavolt|42/263 psn|[from] psn\n|upkeep\n|turn|19\n|\n|t:|1730681527\n|switch|p2a: Glimmora|Glimmora, L75, M|248/248\n|-activate|p2a: Glimmora|move: Sticky Web\n|-unboost|p2a: Glimmora|spe|1\n|move|p1a: Hitmonlee|Poison Jab|p2a: Glimmora\n|-resisted|p2a: Glimmora\n|-damage|p2a: Glimmora|221/248\n|-activate|p2a: Glimmora|ability: Toxic Debris\n|-sidestart|p1: Frigidigi|move: Toxic Spikes\n|\n|upkeep\n|turn|20\n|\n|t:|1730681547\n|switch|p1a: Spidops|Spidops, L96, M|156/271\n|move|p2a: Glimmora|Meteor Beam||[still]\n|-prepare|p2a: Glimmora|Meteor Beam\n|-boost|p2a: Glimmora|spa|1\n|-enditem|p2a: Glimmora|Power Herb\n|-anim|p2a: Glimmora|Meteor Beam|p1a: Spidops|[miss]\n|-miss|p2a: Glimmora|p1a: Spidops\n|\n|upkeep\n|turn|21\n|\n|t:|1730681560\n|move|p2a: Glimmora|Sludge Wave|p1a: Spidops\n|-damage|p1a: Spidops|6/271\n|move|p1a: Spidops|Circle Throw|p2a: Glimmora\n|-damage|p2a: Glimmora|170/248\n|-activate|p2a: Glimmora|ability: Toxic Debris\n|-sidestart|p1: Frigidigi|move: Toxic Spikes\n|drag|p2a: Medicham|Medicham, L86, M|32/243\n|-activate|p2a: Medicham|move: Sticky Web\n|-unboost|p2a: Medicham|spe|1\n|\n|upkeep\n|turn|22\n|\n|t:|1730681572\n|switch|p1a: Sableye|Sableye, L90, M|194/236\n|-activate|p1a: Sableye|move: Sticky Web\n|-unboost|p1a: Sableye|spe|1\n|-status|p1a: Sableye|tox\n|move|p2a: Medicham|Poison Jab|p1a: Sableye\n|-resisted|p1a: Sableye\n|-damage|p1a: Sableye|148/236 tox\n|\n|-damage|p1a: Sableye|134/236 tox|[from] psn\n|upkeep\n|turn|23\n|\n|t:|1730681581\n|switch|p2a: Meowscarada|Meowscarada, L78, F|185/247\n|-activate|p2a: Meowscarada|move: Sticky Web\n|-unboost|p2a: Meowscarada|spe|1\n|move|p1a: Sableye|Recover|p1a: Sableye\n|-heal|p1a: Sableye|236/236 tox\n|\n|-damage|p1a: Sableye|208/236 tox|[from] psn\n|upkeep\n|turn|24\n|\n|t:|1730681590\n|move|p2a: Meowscarada|Triple Axel|p1a: Sableye\n|-start|p2a: Meowscarada|typechange|Ice|[from] ability: Protean\n|-damage|p1a: Sableye|184/236 tox\n|-damage|p1a: Sableye|138/236 tox\n|-damage|p1a: Sableye|77/236 tox\n|-hitcount|p1a: Sableye|3\n|move|p1a: Sableye|Knock Off|p2a: Meowscarada\n|-damage|p2a: Meowscarada|109/247\n|\n|-damage|p1a: Sableye|35/236 tox|[from] psn\n|upkeep\n|turn|25\n|\n|t:|1730681608\n|switch|p2a: Vikavolt|Vikavolt, L83, M|42/263 psn\n|move|p1a: Sableye|Will-O-Wisp||[still]\n|-fail|p1a: Sableye\n|\n|-damage|p2a: Vikavolt|10/263 psn|[from] psn\n|-damage|p1a: Sableye|0 fnt|[from] psn\n|faint|p1a: Sableye\n|upkeep\n|\n|t:|1730681633\n|switch|p1a: Spidops|Spidops, L96, M|6/271\n|turn|26\n|\n|t:|1730681639\n|move|p1a: Spidops|Knock Off|p2a: Vikavolt\n|-damage|p2a: Vikavolt|0 fnt\n|-enditem|p2a: Vikavolt|Heavy-Duty Boots|[from] move: Knock Off|[of] p1a: Spidops\n|faint|p2a: Vikavolt\n|\n|upkeep\n|\n|t:|1730681655\n|switch|p2a: Medicham|Medicham, L86, M|32/243\n|-activate|p2a: Medicham|move: Sticky Web\n|-unboost|p2a: Medicham|spe|1\n|turn|27\n|\n|t:|1730681663\n|move|p2a: Medicham|Zen Headbutt|p1a: Spidops\n|-damage|p1a: Spidops|0 fnt\n|faint|p1a: Spidops\n|\n|upkeep\n|\n|t:|1730681679\n|switch|p1a: Raging Bolt|Raging Bolt, L78|323/323\n|-activate|p1a: Raging Bolt|move: Sticky Web\n|-unboost|p1a: Raging Bolt|spe|1\n|-status|p1a: Raging Bolt|tox\n|turn|28\n|j| Buppe64\n|inactive|velvestrade has 120 seconds left.\n|\n|t:|1730681712\n|move|p2a: Medicham|Zen Headbutt|p1a: Raging Bolt\n|-damage|p1a: Raging Bolt|194/323 tox\n|move|p1a: Raging Bolt|Dragon Pulse|p2a: Medicham\n|-damage|p2a: Medicham|0 fnt\n|faint|p2a: Medicham\n|\n|-heal|p1a: Raging Bolt|214/323 tox|[from] item: Leftovers\n|-damage|p1a: Raging Bolt|194/323 tox|[from] psn\n|upkeep\n|inactive|velvestrade has 120 seconds left.\n|\n|t:|1730681724\n|switch|p2a: Glimmora|Glimmora, L75, M|170/248\n|-activate|p2a: Glimmora|move: Sticky Web\n|-unboost|p2a: Glimmora|spe|1\n|turn|29\n|l| Buppe64\n|inactive|velvestrade has 120 seconds left.\n|\n|t:|1730681747\n|move|p2a: Glimmora|Earth Power|p1a: Raging Bolt\n|-supereffective|p1a: Raging Bolt\n|-damage|p1a: Raging Bolt|50/323 tox\n|move|p1a: Raging Bolt|Thunderbolt|p2a: Glimmora\n|-damage|p2a: Glimmora|37/248\n|\n|-heal|p1a: Raging Bolt|70/323 tox|[from] item: Leftovers\n|-damage|p1a: Raging Bolt|30/323 tox|[from] psn\n|upkeep\n|turn|30\n|inactive|velvestrade has 120 seconds left.\n|\n|t:|1730681766\n|move|p2a: Glimmora|Sludge Wave|p1a: Raging Bolt\n|-damage|p1a: Raging Bolt|0 fnt\n|faint|p1a: Raging Bolt\n|-end|p1a: Raging Bolt|Protosynthesis|[silent]\n|\n|upkeep\n|\n|t:|1730681769\n|switch|p1a: Squawkabilly|Squawkabilly-Blue, L85, M|278/278\n|turn|31\n|\n|t:|1730681775\n|move|p1a: Squawkabilly|Facade|p2a: Glimmora\n|-resisted|p2a: Glimmora\n|-damage|p2a: Glimmora|0 fnt\n|faint|p2a: Glimmora\n|\n|-status|p1a: Squawkabilly|brn|[from] item: Flame Orb\n|upkeep\n|\n|t:|1730681786\n|switch|p2a: Vileplume|Vileplume, L86, M|269/269\n|-activate|p2a: Vileplume|move: Sticky Web\n|-unboost|p2a: Vileplume|spe|1\n|turn|32\n|\n|t:|1730681795\n|-terastallize|p2a: Vileplume|Water\n|move|p1a: Squawkabilly|Protect|p1a: Squawkabilly\n|-singleturn|p1a: Squawkabilly|Protect\n|move|p2a: Vileplume|Strength Sap|p1a: Squawkabilly\n|-activate|p1a: Squawkabilly|move: Protect\n|\n|-damage|p1a: Squawkabilly|261/278 brn|[from] brn\n|upkeep\n|turn|33\n|\n|t:|1730681807\n|-terastallize|p1a: Squawkabilly|Normal\n|move|p1a: Squawkabilly|Facade|p2a: Vileplume\n|-damage|p2a: Vileplume|0 fnt\n|faint|p2a: Vileplume\n|\n|-damage|p1a: Squawkabilly|244/278 brn|[from] brn\n|upkeep\n|\n|t:|1730681813\n|switch|p2a: Meowscarada|Meowscarada, L78, F|109/247\n|-activate|p2a: Meowscarada|move: Sticky Web\n|-unboost|p2a: Meowscarada|spe|1\n|turn|34\n|\n|t:|1730681819\n|move|p1a: Squawkabilly|Facade|p2a: Meowscarada\n|-damage|p2a: Meowscarada|0 fnt\n|faint|p2a: Meowscarada\n|\n|win|Frigidigi\n|raw|Frigidigi's rating: 2202 &rarr; <strong>2226</strong><br />(+24 for winning)\n|raw|velvestrade's rating: 2275 &rarr; <strong>2251</strong><br />(-24 for losing)\n|l|\u2606Frigidigi\n|player|p1|\n|c|\u2606velvestrade|that fuckin meteor beam miss\n", "inputlog": ">version a4f42d48c0ba8c19aa1220fc847216ad1267a0d1\n>start {\"formatid\":\"gen9randombattle\",\"seed\":[28597,63981,5380,18302],\"rated\":\"Rated battle\"}\n>player p1 {\"name\":\"Frigidigi\",\"avatar\":\"265\",\"rating\":2202,\"seed\":[34274,1662,17185,44288]}\n>player p2 {\"name\":\"velvestrade\",\"avatar\":\"miku-ground\",\"rating\":2275,\"seed\":[18889,55821,50693,38672]}\n>p1 switch 2\n>p2 move icepunch\n>p1 move willowisp\n>p2 switch 3\n>p1 switch 5\n>p2 move spiritbreak\n>p1 move earthquake\n>p2 move partingshot\n>p2 switch 3\n>p1 switch 5\n>p2 move closecombat\n>p1 move knockoff\n>p2 switch 3\n>p1 switch 5\n>p2 move spiritbreak\n>p1 move heatcrash\n>p2 move partingshot\n>p2 switch 3\n>p1 switch 5\n>p2 move icepunch\n>p1 move recover\n>p2 switch 3\n>p1 switch 5\n>p2 move spiritbreak\n>p1 move stoneedge\n>p2 move suckerpunch\n>p1 switch 5\n>p2 switch 6\n>p1 move knockoff\n>p2 move knockoff\n>p1 move recover\n>p2 move tripleaxel\n>p1 switch 4\n>p2 move tripleaxel\n>p1 move stickyweb\n>p2 move uturn\n>p2 switch 4\n>p1 move uturn\n>p2 move stickyweb\n>p1 switch 3\n>p1 move poisonjab\n>p2 move thunderbolt\n>p1 move poisonjab\n>p2 switch 5\n>p1 switch 3\n>p2 move meteorbeam\n>p1 move circlethrow\n>p2 move sludgewave\n>p1 switch 4\n>p2 move poisonjab\n>p1 move recover\n>p2 switch 4\n>p1 move knockoff\n>p2 move tripleaxel\n>p1 move willowisp\n>p2 switch 5\n>p1 switch 4\n>p1 move knockoff\n>p2 move thunderbolt\n>p2 switch 4\n>p1 move uturn\n>p2 move zenheadbutt\n>p1 switch 2\n>p1 move dragonpulse\n>p2 move zenheadbutt\n>p2 switch 3\n>p1 move thunderbolt\n>p2 move earthpower\n>p1 move calmmind\n>p2 move sludgewave\n>p1 switch 6\n>p1 move facade\n>p2 move meteorbeam\n>p2 switch 2\n>p1 move protect\n>p2 move strengthsap terastallize\n>p1 move facade terastallize\n>p2 move strengthsap\n>p2 switch 5\n>p1 move facade\n>p2 move flowertrick", "uploadtime": 1730681830, "views": 39, "formatid": "gen9randombattle", "rating": 2226, "private": 0, "password": null}