{"id": "gen9randombattle-2260102245", "format": "[Gen 9] Random Battle", "players": ["Xisqq", "Qcasso22"], "log": "|j|\u2606Xisqq\n|j|\u2606Qcasso22\n|t:|1733802714\n|gametype|singles\n|player|p1|Xisqq|n|1354\n|player|p2|Qcasso22|1|1318\n|teamsize|p1|6\n|teamsize|p2|6\n|gen|9\n|tier|[Gen 9] Random Battle\n|rated|\n|rule|Species Clause: Limit one of each Pok\u00e9mon\n|rule|HP Percentage Mod: HP is shown in percentages\n|rule|Sleep Clause Mod: Limit one foe put to sleep\n|rule|Illusion Level Mod: Illusion disguises the Pok\u00e9mon's true level\n|\n|t:|1733802714\n|start\n|switch|p1a: Spiritomb|Spiritomb, L89, M|234/234\n|switch|p2a: Lapras|Lapras, L87, F|367/367\n|turn|1\n|inactive|Battle timer is ON: inactive players will automatically lose when time's up. (requested by Qcasso22)\n|\n|t:|1733802733\n|switch|p2a: Volcanion|Volcanion, L79|255/255\n|move|p1a: Spiritomb|Poltergeist|p2a: Volcanion|[miss]\n|-miss|p1a: Spiritomb|p2a: Volcanion\n|\n|upkeep\n|turn|2\n|\n|t:|1733802745\n|move|p2a: Volcanion|Steam Eruption|p1a: Spiritomb\n|-damage|p1a: Spiritomb|138/234\n|-status|p1a: Spiritomb|brn\n|move|p1a: Spiritomb|Poltergeist|p2a: Volcanion\n|-activate|p2a: Volcanion|move: Poltergeist|Choice Scarf\n|-damage|p2a: Volcanion|177/255\n|\n|-damage|p1a: Spiritomb|124/234 brn|[from] brn\n|upkeep\n|turn|3\n|\n|t:|1733802761\n|move|p2a: Volcanion|Steam Eruption|p1a: Spiritomb\n|-damage|p1a: Spiritomb|28/234 brn\n|move|p1a: Spiritomb|Poltergeist|p2a: Volcanion\n|-activate|p2a: Volcanion|move: Poltergeist|Choice Scarf\n|-damage|p2a: Volcanion|105/255\n|\n|-damage|p1a: Spiritomb|14/234 brn|[from] brn\n|upkeep\n|turn|4\n|\n|t:|1733802782\n|switch|p1a: Dialga|Dialga, L73|266/266\n|-ability|p1a: Dialga|Pressure\n|move|p2a: Volcanion|Steam Eruption|p1a: Dialga\n|-resisted|p1a: Dialga\n|-damage|p1a: Dialga|218/266\n|\n|upkeep\n|turn|5\n|\n|t:|1733802799\n|switch|p2a: Hariyama|Hariyama, L87, F|392/392\n|move|p1a: Dialga|Draco Meteor|p2a: Hariyama|[miss]\n|-miss|p1a: Dialga|p2a: Hariyama\n|\n|upkeep\n|turn|6\n|c|\u2606Xisqq|god damn\n|\n|t:|1733802811\n|move|p1a: Dialga|Draco Meteor|p2a: Hariyama\n|-damage|p2a: Hariyama|253/392\n|-unboost|p1a: Dialga|spa|2\n|move|p2a: Hariyama|Knock Off|p1a: Dialga\n|-damage|p1a: Dialga|147/266\n|-enditem|p1a: Dialga|Assault Vest|[from] move: Knock Off|[of] p2a: Hariyama\n|\n|upkeep\n|turn|7\n|\n|t:|1733802824\n|move|p2a: Hariyama|Close Combat|p1a: Dialga\n|-supereffective|p1a: Dialga\n|-damage|p1a: Dialga|0 fnt\n|-unboost|p2a: Hariyama|def|1\n|-unboost|p2a: Hariyama|spd|1\n|faint|p1a: Dialga\n|\n|upkeep\n|\n|t:|1733802829\n|switch|p1a: Exeggutor|Exeggutor, L89, M|312/312\n|turn|8\n|\n|t:|1733802841\n|switch|p2a: Skarmory|Skarmory, L80, F|235/235\n|move|p1a: Exeggutor|Psychic|p2a: Skarmory\n|-resisted|p2a: Skarmory\n|-damage|p2a: Skarmory|157/235\n|\n|-heal|p2a: Skarmory|171/235|[from] item: Leftovers\n|upkeep\n|turn|9\n|\n|t:|1733802851\n|move|p2a: Skarmory|Stealth Rock|p1a: Exeggutor\n|-sidestart|p1: Xisqq|move: Stealth Rock\n|move|p1a: Exeggutor|Leech Seed|p2a: Skarmory\n|-start|p2a: Skarmory|move: Leech Seed\n|\n|-heal|p2a: Skarmory|185/235|[from] item: Leftovers\n|-damage|p2a: Skarmory|156/235|[from] Leech Seed|[of] p1a: Exeggutor\n|upkeep\n|turn|10\n|\n|t:|1733802860\n|move|p1a: Exeggutor|Substitute|p1a: Exeggutor\n|-start|p1a: Exeggutor|Substitute\n|-damage|p1a: Exeggutor|234/312\n|move|p2a: Skarmory|Whirlwind|p1a: Exeggutor\n|drag|p1a: Spiritomb|Spiritomb, L89, M|14/234 brn\n|-damage|p1a: Spiritomb|0 fnt|[from] Stealth Rock\n|faint|p1a: Spiritomb\n|\n|-heal|p2a: Skarmory|170/235|[from] item: Leftovers\n|upkeep\n|\n|t:|1733802869\n|switch|p1a: Jolteon|Jolteon, L84, F|246/246\n|-damage|p1a: Jolteon|216/246|[from] Stealth Rock\n|turn|11\n|\n|t:|1733802879\n|switch|p2a: Flapple|Flapple, L88, F|266/266\n|move|p1a: Jolteon|Thunderbolt|p2a: Flapple\n|-resisted|p2a: Flapple\n|-damage|p2a: Flapple|222/266\n|-damage|p1a: Jolteon|192/246|[from] item: Life Orb\n|\n|upkeep\n|turn|12\n|\n|t:|1733802898\n|-terastallize|p1a: Jolteon|Fairy\n|move|p1a: Jolteon|Alluring Voice|p2a: Flapple\n|-supereffective|p2a: Flapple\n|-damage|p2a: Flapple|0 fnt\n|faint|p2a: Flapple\n|-damage|p1a: Jolteon|168/246|[from] item: Life Orb\n|\n|upkeep\n|\n|t:|1733802912\n|switch|p2a: Hariyama|Hariyama, L87, F|253/392\n|turn|13\n|\n|t:|1733802922\n|-terastallize|p2a: Hariyama|Steel\n|move|p2a: Hariyama|Bullet Punch|p1a: Jolteon\n|-supereffective|p1a: Jolteon\n|-damage|p1a: Jolteon|16/246\n|move|p1a: Jolteon|Alluring Voice|p2a: Hariyama\n|-resisted|p2a: Hariyama\n|-damage|p2a: Hariyama|198/392\n|-damage|p1a: Jolteon|0 fnt|[from] item: Life Orb\n|faint|p1a: Jolteon\n|\n|upkeep\n|\n|t:|1733802930\n|switch|p1a: Clodsire|Clodsire, L81, M|343/343\n|-damage|p1a: Clodsire|322/343|[from] Stealth Rock\n|turn|14\n|\n|t:|1733802938\n|switch|p2a: Skarmory|Skarmory, L80, F|170/235\n|move|p1a: Clodsire|Earthquake|p2a: Skarmory\n|-immune|p2a: Skarmory\n|\n|-heal|p2a: Skarmory|184/235|[from] item: Leftovers\n|-heal|p1a: Clodsire|343/343|[from] item: Leftovers\n|upkeep\n|turn|15\n|\n|t:|1733802951\n|move|p1a: Clodsire|Toxic Spikes|p2a: Skarmory\n|-sidestart|p2: Qcasso22|move: Toxic Spikes\n|move|p2a: Skarmory|Whirlwind|p1a: Clodsire\n|drag|p1a: Alcremie|Alcremie-Salted-Cream, L90, F|263/263\n|-damage|p1a: Alcremie|231/263|[from] Stealth Rock\n|\n|-heal|p1a: Alcremie|247/263|[from] item: Leftovers\n|-heal|p2a: Skarmory|198/235|[from] item: Leftovers\n|upkeep\n|turn|16\n|\n|t:|1733802963\n|move|p1a: Alcremie|Alluring Voice|p2a: Skarmory\n|-resisted|p2a: Skarmory\n|-damage|p2a: Skarmory|131/235\n|move|p2a: Skarmory|Whirlwind|p1a: Alcremie\n|drag|p1a: Exeggutor|Exeggutor, L89, M|234/312\n|-damage|p1a: Exeggutor|195/312|[from] Stealth Rock\n|\n|-heal|p2a: Skarmory|145/235|[from] item: Leftovers\n|upkeep\n|turn|17\n|\n|t:|1733802974\n|move|p2a: Skarmory|Roost|p2a: Skarmory\n|-heal|p2a: Skarmory|235/235\n|-singleturn|p2a: Skarmory|move: Roost\n|move|p1a: Exeggutor|Leech Seed|p2a: Skarmory\n|-start|p2a: Skarmory|move: Leech Seed\n|\n|-damage|p2a: Skarmory|206/235|[from] Leech Seed|[of] p1a: Exeggutor\n|-heal|p1a: Exeggutor|224/312|[silent]\n|upkeep\n|turn|18\n|\n|t:|1733802988\n|move|p2a: Skarmory|Brave Bird|p1a: Exeggutor\n|-supereffective|p1a: Exeggutor\n|-damage|p1a: Exeggutor|32/312\n|-enditem|p1a: Exeggutor|Sitrus Berry|[eat]\n|-heal|p1a: Exeggutor|110/312|[from] item: Sitrus Berry\n|-damage|p2a: Skarmory|143/235|[from] Recoil\n|move|p1a: Exeggutor|Psychic|p2a: Skarmory\n|-resisted|p2a: Skarmory\n|-damage|p2a: Skarmory|58/235\n|-unboost|p2a: Skarmory|spd|1\n|\n|-heal|p2a: Skarmory|72/235|[from] item: Leftovers\n|-damage|p2a: Skarmory|43/235|[from] Leech Seed|[of] p1a: Exeggutor\n|-heal|p1a: Exeggutor|139/312|[silent]\n|-item|p1a: Exeggutor|Sitrus Berry|[from] ability: Harvest\n|upkeep\n|-enditem|p1a: Exeggutor|Sitrus Berry|[eat]\n|-heal|p1a: Exeggutor|217/312|[from] item: Sitrus Berry\n|turn|19\n|\n|t:|1733803006\n|move|p1a: Exeggutor|Psychic|p2a: Skarmory\n|-resisted|p2a: Skarmory\n|-damage|p2a: Skarmory|0 fnt\n|faint|p2a: Skarmory\n|\n|-item|p1a: Exeggutor|Sitrus Berry|[from] ability: Harvest\n|upkeep\n|\n|t:|1733803018\n|switch|p2a: Avalugg|Avalugg-Hisui, L90, F|317/317\n|turn|20\n|\n|t:|1733803043\n|move|p1a: Exeggutor|Substitute|p1a: Exeggutor\n|-start|p1a: Exeggutor|Substitute\n|-damage|p1a: Exeggutor|139/312\n|-enditem|p1a: Exeggutor|Sitrus Berry|[eat]\n|-heal|p1a: Exeggutor|217/312|[from] item: Sitrus Berry\n|move|p2a: Avalugg|Avalanche|p1a: Exeggutor\n|-supereffective|p1a: Exeggutor\n|-end|p1a: Exeggutor|Substitute\n|\n|-item|p1a: Exeggutor|Sitrus Berry|[from] ability: Harvest\n|upkeep\n|turn|21\n|\n|t:|1733803059\n|switch|p1a: Alcremie|Alcremie-Salted-Cream, L90, F|247/263\n|-damage|p1a: Alcremie|215/263|[from] Stealth Rock\n|move|p2a: Avalugg|Avalanche|p1a: Alcremie\n|-damage|p1a: Alcremie|113/263\n|\n|-heal|p1a: Alcremie|129/263|[from] item: Leftovers\n|upkeep\n|turn|22\n|\n|t:|1733803071\n|move|p1a: Alcremie|Recover|p1a: Alcremie\n|-heal|p1a: Alcremie|261/263\n|move|p2a: Avalugg|Avalanche|p1a: Alcremie\n|-damage|p1a: Alcremie|162/263\n|\n|-heal|p1a: Alcremie|178/263|[from] item: Leftovers\n|upkeep\n|turn|23\n|\n|t:|1733803086\n|move|p1a: Alcremie|Alluring Voice|p2a: Avalugg\n|-damage|p2a: Avalugg|134/317\n|move|p2a: Avalugg|Stone Edge|p1a: Alcremie\n|-damage|p1a: Alcremie|12/263\n|\n|-heal|p1a: Alcremie|28/263|[from] item: Leftovers\n|upkeep\n|turn|24\n|\n|t:|1733803103\n|move|p1a: Alcremie|Alluring Voice|p2a: Avalugg\n|-damage|p2a: Avalugg|0 fnt\n|faint|p2a: Avalugg\n|\n|-heal|p1a: Alcremie|44/263|[from] item: Leftovers\n|upkeep\n|\n|t:|1733803110\n|switch|p2a: Hariyama|Hariyama, L87, F, tera:Steel|198/392\n|turn|25\n|\n|t:|1733803125\n|switch|p1a: Clodsire|Clodsire, L81, M|343/343\n|-damage|p1a: Clodsire|322/343|[from] Stealth Rock\n|move|p2a: Hariyama|Knock Off|p1a: Clodsire\n|-damage|p1a: Clodsire|198/343\n|-enditem|p1a: Clodsire|Leftovers|[from] move: Knock Off|[of] p2a: Hariyama\n|\n|upkeep\n|turn|26\n|\n|t:|1733803139\n|switch|p2a: Volcanion|Volcanion, L79|105/255\n|-status|p2a: Volcanion|psn\n|move|p1a: Clodsire|Earthquake|p2a: Volcanion\n|-supereffective|p2a: Volcanion\n|-damage|p2a: Volcanion|0 fnt\n|faint|p2a: Volcanion\n|\n|upkeep\n|\n|t:|1733803147\n|switch|p2a: Lapras|Lapras, L87, F|367/367\n|-status|p2a: Lapras|psn\n|turn|27\n|\n|t:|1733803156\n|move|p2a: Lapras|Dragon Dance|p2a: Lapras\n|-boost|p2a: Lapras|atk|1\n|-boost|p2a: Lapras|spe|1\n|move|p1a: Clodsire|Poison Jab|p2a: Lapras\n|-damage|p2a: Lapras|300/367 psn\n|\n|-damage|p2a: Lapras|255/367 psn|[from] psn\n|upkeep\n|turn|28\n|\n|t:|1733803169\n|move|p2a: Lapras|Icicle Spear|p1a: Clodsire\n|-supereffective|p1a: Clodsire\n|-damage|p1a: Clodsire|124/343\n|-supereffective|p1a: Clodsire\n|-damage|p1a: Clodsire|58/343\n|-supereffective|p1a: Clodsire\n|-damage|p1a: Clodsire|0 fnt\n|faint|p1a: Clodsire\n|-hitcount|p1: Clodsire|3\n|\n|-damage|p2a: Lapras|210/367 psn|[from] psn\n|upkeep\n|\n|t:|1733803183\n|switch|p1a: Alcremie|Alcremie-Salted-Cream, L90, F|44/263\n|-damage|p1a: Alcremie|12/263|[from] Stealth Rock\n|turn|29\n|\n|t:|1733803193\n|move|p2a: Lapras|Icicle Spear|p1a: Alcremie\n|-damage|p1a: Alcremie|0 fnt\n|faint|p1a: Alcremie\n|-hitcount|p1: Alcremie|1\n|\n|-damage|p2a: Lapras|165/367 psn|[from] psn\n|upkeep\n|\n|t:|1733803199\n|switch|p1a: Exeggutor|Exeggutor, L89, M|217/312\n|-damage|p1a: Exeggutor|178/312|[from] Stealth Rock\n|turn|30\n|\n|t:|1733803209\n|move|p2a: Lapras|Icicle Spear|p1a: Exeggutor\n|-supereffective|p1a: Exeggutor\n|-damage|p1a: Exeggutor|106/312\n|-enditem|p1a: Exeggutor|Sitrus Berry|[eat]\n|-heal|p1a: Exeggutor|184/312|[from] item: Sitrus Berry\n|-supereffective|p1a: Exeggutor\n|-damage|p1a: Exeggutor|116/312\n|-supereffective|p1a: Exeggutor\n|-damage|p1a: Exeggutor|38/312\n|-supereffective|p1a: Exeggutor\n|-damage|p1a: Exeggutor|0 fnt\n|faint|p1a: Exeggutor\n|-hitcount|p1: Exeggutor|4\n|\n|win|Qcasso22\n|raw|Xisqq's rating: 1354 &rarr; <strong>1332</strong><br />(-22 for losing)\n|raw|Qcasso22's rating: 1318 &rarr; <strong>1340</strong><br />(+22 for winning)\n|c|\u2606Xisqq|gg\n|l|\u2606Xisqq\n|player|p1|\n", "inputlog": ">version bfd83cad13791eb5a5a409923076391caf6fb4d4\n>start {\"formatid\":\"gen9randombattle\",\"seed\":[29171,37199,65334,29649],\"rated\":\"Rated battle\"}\n>player p1 {\"name\":\"Xisqq\",\"avatar\":\"n\",\"rating\":1354,\"seed\":[11556,6133,51482,37418]}\n>player p2 {\"name\":\"Qcasso22\",\"avatar\":\"1\",\"rating\":1318,\"seed\":[23498,13774,40933,23883]}\n>p1 move poltergeist\n>p2 switch 2\n>p1 move poltergeist\n>p2 move steameruption\n>p1 move poltergeist\n>p2 move steameruption\n>p1 switch 6\n>p2 move steameruption\n>p1 move dracometeor\n>p2 switch 6\n>chat \u2606Xisqq|god damn\n>p1 move dracometeor\n>p2 move knockoff\n>p1 move dragontail\n>p2 move closecombat\n>p1 switch 2\n>p1 move psychic\n>p2 switch 3\n>p1 move leechseed\n>p2 move stealthrock\n>p1 move substitute\n>p2 move whirlwind\n>p1 switch 3\n>p1 move thunderbolt\n>p2 switch 4\n>p1 move alluringvoice terastallize\n>p2 move uturn\n>p2 switch 3\n>p1 move alluringvoice\n>p2 move bulletpunch terastallize\n>p1 switch 4\n>p1 move earthquake\n>p2 switch 4\n>p1 move toxicspikes\n>p2 move whirlwind\n>p1 move alluringvoice\n>p2 move whirlwind\n>p1 move leechseed\n>p2 move roost\n>p1 move psychic\n>p2 move bravebird\n>p1 move psychic\n>p2 move whirlwind\n>p2 switch 5\n>p1 move substitute\n>p2 move avalanche\n>p1 switch 6\n>p2 move avalanche\n>p1 move recover\n>p2 move avalanche\n>p1 move alluringvoice\n>p2 move stoneedge\n>p1 move alluringvoice\n>p2 move recover\n>p2 switch 4\n>p1 switch 5\n>p2 move knockoff\n>p1 move earthquake\n>p2 switch 6\n>p2 switch 2\n>p1 move poisonjab\n>p2 move dragondance\n>p1 move earthquake\n>p2 move iciclespear\n>p1 switch 5\n>p1 move recover\n>p2 move iciclespear\n>p1 switch 6\n>p1 move psychic\n>p2 move iciclespear", "uploadtime": 1733803221, "views": 32, "formatid": "gen9randombattle", "rating": 1332, "private": 0, "password": null}