{"id": "gen9randombattle-2260517029", "format": "[Gen 9] Random Battle", "players": ["UziBoii", "xHatsu"], "log": "|j|\u2606UziBoii\n|j|\u2606xHatsu\n|t:|1733859248\n|gametype|singles\n|player|p1|UziBoii|ethan|1442\n|player|p2|xHatsu|gentleman-gen4|1469\n|teamsize|p1|6\n|teamsize|p2|6\n|gen|9\n|tier|[Gen 9] Random Battle\n|rated|\n|rule|Species Clause: Limit one of each Pok\u00e9mon\n|rule|HP Percentage Mod: HP is shown in percentages\n|rule|Sleep Clause Mod: Limit one foe put to sleep\n|rule|Illusion Level Mod: Illusion disguises the Pok\u00e9mon's true level\n|\n|t:|1733859248\n|start\n|switch|p1a: Inteleon|Inteleon, L81, M|246/246\n|switch|p2a: Sinistcha|Sinistcha, L83|254/254\n|turn|1\n|inactive|Battle timer is ON: inactive players will automatically lose when time's up. (requested by UziBoii)\n|\n|t:|1733859260\n|move|p1a: Inteleon|U-turn|p2a: Sinistcha\n|-damage|p2a: Sinistcha|214/254\n|\n|t:|1733859262\n|switch|p1a: Sawsbuck|Sawsbuck, L88, M|284/284|[from] U-turn\n|move|p2a: Sinistcha|Matcha Gotcha|p1a: Sawsbuck\n|-resisted|p1a: Sawsbuck\n|-damage|p1a: Sawsbuck|228/284\n|-heal|p2a: Sinistcha|242/254|[from] drain|[of] p1a: Sawsbuck\n|\n|-heal|p2a: Sinistcha|254/254|[from] item: Leftovers\n|upkeep\n|turn|2\n|\n|t:|1733859277\n|switch|p2a: Toedscruel|Toedscruel, L87, M|281/281\n|move|p1a: Sawsbuck|Swords Dance|p1a: Sawsbuck\n|-boost|p1a: Sawsbuck|atk|2\n|\n|upkeep\n|turn|3\n|\n|t:|1733859285\n|move|p2a: Toedscruel|Rapid Spin|p1a: Sawsbuck\n|-damage|p1a: Sawsbuck|196/284\n|-boost|p2a: Toedscruel|spe|1\n|move|p1a: Sawsbuck|Headbutt|p2a: Toedscruel\n|-damage|p2a: Toedscruel|22/281\n|-damage|p1a: Sawsbuck|168/284|[from] item: Life Orb\n|\n|-heal|p2a: Toedscruel|39/281|[from] item: Leftovers\n|upkeep\n|turn|4\n|\n|t:|1733859296\n|move|p2a: Toedscruel|Leaf Storm|p1a: Sawsbuck\n|-resisted|p1a: Sawsbuck\n|-damage|p1a: Sawsbuck|92/284\n|-unboost|p2a: Toedscruel|spa|2\n|move|p1a: Sawsbuck|Horn Leech|p2a: Toedscruel\n|-damage|p2a: Toedscruel|0 fnt\n|-heal|p1a: Sawsbuck|112/284|[from] drain|[of] p2a: Toedscruel\n|faint|p2a: Toedscruel\n|-damage|p1a: Sawsbuck|84/284|[from] item: Life Orb\n|\n|upkeep\n|\n|t:|1733859316\n|switch|p2a: Deoxys|Deoxys-Defense, L84|221/221\n|-ability|p2a: Deoxys|Pressure\n|turn|5\n|\n|t:|1733859323\n|move|p1a: Sawsbuck|Horn Leech|p2a: Deoxys\n|-damage|p2a: Deoxys|85/221\n|-heal|p1a: Sawsbuck|152/284|[from] drain|[of] p2a: Deoxys\n|-damage|p1a: Sawsbuck|124/284|[from] item: Life Orb\n|move|p2a: Deoxys|Cosmic Power|p2a: Deoxys\n|-boost|p2a: Deoxys|def|1\n|-boost|p2a: Deoxys|spd|1\n|\n|-heal|p2a: Deoxys|98/221|[from] item: Leftovers\n|upkeep\n|turn|6\n|\n|t:|1733859334\n|-terastallize|p2a: Deoxys|Steel\n|move|p1a: Sawsbuck|Headbutt|p2a: Deoxys\n|-resisted|p2a: Deoxys\n|-damage|p2a: Deoxys|55/221\n|-damage|p1a: Sawsbuck|96/284|[from] item: Life Orb\n|move|p2a: Deoxys|Recover|p2a: Deoxys\n|-heal|p2a: Deoxys|166/221\n|\n|-heal|p2a: Deoxys|179/221|[from] item: Leftovers\n|upkeep\n|turn|7\n|\n|t:|1733859343\n|move|p1a: Sawsbuck|High Horsepower|p2a: Deoxys\n|-supereffective|p2a: Deoxys\n|-damage|p2a: Deoxys|20/221\n|-damage|p1a: Sawsbuck|68/284|[from] item: Life Orb\n|move|p2a: Deoxys|Cosmic Power|p2a: Deoxys\n|-boost|p2a: Deoxys|def|1\n|-boost|p2a: Deoxys|spd|1\n|\n|-heal|p2a: Deoxys|33/221|[from] item: Leftovers\n|upkeep\n|turn|8\n|\n|t:|1733859352\n|move|p1a: Sawsbuck|High Horsepower|p2a: Deoxys\n|-supereffective|p2a: Deoxys\n|-damage|p2a: Deoxys|0 fnt\n|faint|p2a: Deoxys\n|-damage|p1a: Sawsbuck|40/284|[from] item: Life Orb\n|\n|upkeep\n|-message|xHatsu forfeited.\n|\n|win|UziBoii\n|raw|UziBoii's rating: 1442 &rarr; <strong>1464</strong><br />(+22 for winning)\n|raw|xHatsu's rating: 1469 &rarr; <strong>1447</strong><br />(-22 for losing)\n|l|\u2606xHatsu\n|player|p2|\n", "inputlog": ">version bfd83cad13791eb5a5a409923076391caf6fb4d4\n>start {\"formatid\":\"gen9randombattle\",\"seed\":[29600,25101,24637,21988],\"rated\":\"Rated battle\"}\n>player p1 {\"name\":\"UziBoii\",\"avatar\":\"ethan\",\"rating\":1442,\"seed\":[27845,35491,21606,44170]}\n>player p2 {\"name\":\"xHatsu\",\"avatar\":\"gentleman-gen4\",\"rating\":1469,\"seed\":[15234,238,18785,55413]}\n>p1 move uturn\n>p2 move matchagotcha\n>p1 switch 5\n>p1 move swordsdance\n>p2 switch 3\n>p1 move headbutt\n>p2 move rapidspin\n>p1 move hornleech\n>p2 move leafstorm\n>p2 switch 5\n>p1 move hornleech\n>p2 move cosmicpower\n>p1 move headbutt\n>p2 move recover terastallize\n>p1 move highhorsepower\n>p2 move cosmicpower\n>p1 move highhorsepower\n>p2 move storedpower\n>forcelose p2", "uploadtime": 1733859357, "views": 1, "formatid": "gen9randombattle", "rating": 1447, "private": 0, "password": null}