{"id": "gen9randombattle-2143154454", "format": "[Gen 9] Random Battle", "players": ["jameshardie", "PTKmoekyuun"], "log": "|badge|p2|gold|gen9randombattle|3-1\n|uhtml|medal-msg|<div class=\"broadcast-blue\">Curious what those medals under the avatar are? PS now has Ladder Seasons! For more information, check out the <a href=\"https://www.smogon.com/forums/threads/3740067/\">thread on Smogon.</a></div>\n|j|\u2606jameshardie\n|j|\u2606PTKmoekyuun\n|t:|1718369044\n|gametype|singles\n|player|p1|jameshardie|169|2303\n|player|p2|PTKmoekyuun|acerola|2459\n|teamsize|p1|6\n|teamsize|p2|6\n|gen|9\n|tier|[Gen 9] Random Battle\n|rated|\n|rule|Species Clause: Limit one of each Pok\u00e9mon\n|rule|HP Percentage Mod: HP is shown in percentages\n|rule|Sleep Clause Mod: Limit one foe put to sleep\n|rule|Illusion Level Mod: Illusion disguises the Pok\u00e9mon's true level\n|\n|t:|1718369044\n|start\n|switch|p1a: Ursaluna|Ursaluna-Bloodmoon, L79, M|308/308\n|switch|p2a: Tornadus|Tornadus, L82, M|263/263\n|turn|1\n|\n|t:|1718369061\n|move|p2a: Tornadus|Focus Blast|p1a: Ursaluna\n|-supereffective|p1a: Ursaluna\n|-damage|p1a: Ursaluna|0 fnt\n|faint|p1a: Ursaluna\n|\n|upkeep\n|\n|t:|1718369067\n|switch|p1a: Banette|Banette, L93, F|270/270\n|turn|2\n|inactive|Battle timer is ON: inactive players will automatically lose when time's up. (requested by jameshardie)\n|\n|t:|1718369088\n|switch|p2a: Zebstrika|Zebstrika, L88, F|275/275\n|move|p1a: Banette|Thunder Wave|p2a: Zebstrika|[miss]\n|-miss|p1a: Banette|p2a: Zebstrika\n|\n|upkeep\n|turn|3\n|\n|t:|1718369096\n|switch|p1a: Hydrapple|Hydrapple, L83, M|312/312\n|move|p2a: Zebstrika|High Horsepower|p1a: Hydrapple\n|-resisted|p1a: Hydrapple\n|-damage|p1a: Hydrapple|269/312\n|-damage|p2a: Zebstrika|248/275|[from] item: Life Orb\n|\n|upkeep\n|turn|4\n|\n|t:|1718369102\n|switch|p2a: Sunflora|Sunflora, F|312/312\n|move|p1a: Hydrapple|Dragon Tail|p2a: Sunflora\n|-damage|p2a: Sunflora|252/312\n|drag|p2a: Garchomp|Garchomp, L74, M|282/282\n|\n|upkeep\n|turn|5\n|\n|t:|1718369115\n|switch|p2a: Hoopa|Hoopa-Unbound, L80|259/259\n|switch|p1a: Umbreon|Umbreon, L84, F|297/297\n|\n|upkeep\n|turn|6\n|\n|t:|1718369133\n|switch|p2a: Garchomp|Garchomp, L74, M|282/282\n|move|p1a: Umbreon|Protect||[still]\n|-fail|p1a: Umbreon\n|\n|upkeep\n|turn|7\n|\n|t:|1718369137\n|move|p2a: Garchomp|Stealth Rock|p1a: Umbreon\n|-sidestart|p1: jameshardie|move: Stealth Rock\n|move|p1a: Umbreon|Toxic|p2a: Garchomp\n|-status|p2a: Garchomp|tox\n|\n|-damage|p2a: Garchomp|265/282 tox|[from] psn\n|upkeep\n|turn|8\n|\n|t:|1718369146\n|move|p2a: Garchomp|Spikes|p1a: Umbreon\n|-sidestart|p1: jameshardie|Spikes\n|move|p1a: Umbreon|Foul Play|p2a: Garchomp\n|-damage|p2a: Garchomp|148/282 tox\n|-damage|p1a: Umbreon|260/297|[from] ability: Rough Skin|[of] p2a: Garchomp\n|-damage|p1a: Umbreon|211/297|[from] item: Rocky Helmet|[of] p2a: Garchomp\n|\n|-heal|p1a: Umbreon|229/297|[from] item: Leftovers\n|-damage|p2a: Garchomp|114/282 tox|[from] psn\n|upkeep\n|turn|9\n|\n|t:|1718369150\n|move|p2a: Garchomp|Spikes|p1a: Umbreon\n|-sidestart|p1: jameshardie|Spikes\n|move|p1a: Umbreon|Wish|p1a: Umbreon\n|\n|-heal|p1a: Umbreon|247/297|[from] item: Leftovers\n|-damage|p2a: Garchomp|63/282 tox|[from] psn\n|upkeep\n|turn|10\n|\n|t:|1718369161\n|move|p2a: Garchomp|Spikes|p1a: Umbreon\n|-sidestart|p1: jameshardie|Spikes\n|move|p1a: Umbreon|Foul Play|p2a: Garchomp\n|-damage|p2a: Garchomp|0 fnt\n|-damage|p1a: Umbreon|210/297|[from] ability: Rough Skin|[of] p2a: Garchomp\n|-damage|p1a: Umbreon|161/297|[from] item: Rocky Helmet|[of] p2a: Garchomp\n|faint|p2a: Garchomp\n|\n|-heal|p1a: Umbreon|297/297|[from] move: Wish|[wisher] Umbreon\n|upkeep\n|\n|t:|1718369175\n|switch|p2a: Tornadus|Tornadus, L82, M|263/263\n|turn|11\n|\n|t:|1718369178\n|move|p1a: Umbreon|Protect|p1a: Umbreon\n|-singleturn|p1a: Umbreon|Protect\n|move|p2a: Tornadus|Focus Blast|p1a: Umbreon\n|-activate|p1a: Umbreon|move: Protect\n|\n|upkeep\n|turn|12\n|\n|t:|1718369185\n|move|p2a: Tornadus|Focus Blast|p1a: Umbreon\n|-supereffective|p1a: Umbreon\n|-damage|p1a: Umbreon|85/297\n|move|p1a: Umbreon|Toxic|p2a: Tornadus\n|-status|p2a: Tornadus|tox\n|\n|-heal|p1a: Umbreon|103/297|[from] item: Leftovers\n|-damage|p2a: Tornadus|247/263 tox|[from] psn\n|upkeep\n|turn|13\n|\n|t:|1718369190\n|move|p1a: Umbreon|Protect|p1a: Umbreon\n|-singleturn|p1a: Umbreon|Protect\n|move|p2a: Tornadus|Focus Blast|p1a: Umbreon\n|-activate|p1a: Umbreon|move: Protect\n|\n|-heal|p1a: Umbreon|121/297|[from] item: Leftovers\n|-damage|p2a: Tornadus|215/263 tox|[from] psn\n|upkeep\n|turn|14\n|\n|t:|1718369192\n|switch|p1a: Banette|Banette, L93, F|270/270\n|-damage|p1a: Banette|237/270|[from] Stealth Rock\n|-damage|p1a: Banette|170/270|[from] Spikes\n|move|p2a: Tornadus|Focus Blast|p1a: Banette\n|-immune|p1a: Banette\n|\n|-damage|p2a: Tornadus|167/263 tox|[from] psn\n|upkeep\n|turn|15\n|\n|t:|1718369200\n|switch|p2a: Gouging Fire|Gouging Fire, L74|277/277\n|move|p1a: Banette|Poltergeist|p2a: Gouging Fire\n|-activate|p2a: Gouging Fire|move: Poltergeist|Heavy-Duty Boots\n|-damage|p2a: Gouging Fire|96/277\n|-damage|p1a: Banette|143/270|[from] item: Life Orb\n|\n|upkeep\n|turn|16\n|\n|t:|1718369211\n|move|p2a: Gouging Fire|Morning Sun|p2a: Gouging Fire\n|-heal|p2a: Gouging Fire|234/277\n|move|p1a: Banette|Poltergeist|p2a: Gouging Fire\n|-activate|p2a: Gouging Fire|move: Poltergeist|Heavy-Duty Boots\n|-damage|p2a: Gouging Fire|49/277\n|-damage|p1a: Banette|116/270|[from] item: Life Orb\n|\n|upkeep\n|turn|17\n|\n|t:|1718369226\n|move|p2a: Gouging Fire|Morning Sun|p2a: Gouging Fire\n|-heal|p2a: Gouging Fire|187/277\n|move|p1a: Banette|Poltergeist|p2a: Gouging Fire\n|-activate|p2a: Gouging Fire|move: Poltergeist|Heavy-Duty Boots\n|-damage|p2a: Gouging Fire|8/277\n|-damage|p1a: Banette|89/270|[from] item: Life Orb\n|\n|upkeep\n|turn|18\n|\n|t:|1718369232\n|move|p1a: Banette|Shadow Sneak|p2a: Gouging Fire\n|-damage|p2a: Gouging Fire|0 fnt\n|faint|p2a: Gouging Fire\n|-end|p2a: Gouging Fire|Protosynthesis|[silent]\n|-damage|p1a: Banette|62/270|[from] item: Life Orb\n|\n|upkeep\n|\n|t:|1718369233\n|switch|p2a: Zebstrika|Zebstrika, L88, F|248/275\n|turn|19\n|\n|t:|1718369258\n|move|p1a: Banette|Shadow Sneak|p2a: Zebstrika\n|-damage|p2a: Zebstrika|149/275\n|-damage|p1a: Banette|35/270|[from] item: Life Orb\n|move|p2a: Zebstrika|Volt Switch|p1a: Banette\n|-damage|p1a: Banette|0 fnt\n|-start|p2a: Zebstrika|Disable|Volt Switch|[from] ability: Cursed Body|[of] p1a: Banette\n|faint|p1a: Banette\n|-damage|p2a: Zebstrika|122/275|[from] item: Life Orb\n|\n|t:|1718369261\n|switch|p2a: Hoopa|Hoopa-Unbound, L80|259/259|[from] Volt Switch\n|\n|upkeep\n|\n|t:|1718369274\n|switch|p1a: Klefki|Klefki, L84, M|233/233\n|-damage|p1a: Klefki|219/233|[from] Stealth Rock\n|-damage|p1a: Klefki|161/233|[from] Spikes\n|turn|20\n|inactive|PTKmoekyuun has 120 seconds left.\n|\n|t:|1718369311\n|switch|p2a: Zebstrika|Zebstrika, L88, F|122/275\n|move|p1a: Klefki|Dazzling Gleam|p2a: Zebstrika\n|-crit|p2a: Zebstrika\n|-damage|p2a: Zebstrika|0 fnt\n|faint|p2a: Zebstrika\n|\n|-heal|p1a: Klefki|175/233|[from] item: Leftovers\n|upkeep\n|\n|t:|1718369319\n|switch|p2a: Tornadus|Tornadus, L82, M|167/263 tox\n|turn|21\n|\n|t:|1718369335\n|move|p1a: Klefki|Spikes|p2a: Tornadus\n|-sidestart|p2: PTKmoekyuun|Spikes\n|move|p2a: Tornadus|Heat Wave|p1a: Klefki\n|-supereffective|p1a: Klefki\n|-damage|p1a: Klefki|0 fnt\n|faint|p1a: Klefki\n|\n|-damage|p2a: Tornadus|151/263 tox|[from] psn\n|upkeep\n|\n|t:|1718369342\n|switch|p1a: Morpeko|Morpeko, L88, F|245/245\n|turn|22\n|inactive|PTKmoekyuun has 120 seconds left.\n|\n|t:|1718369369\n|move|p2a: Tornadus|Heat Wave|p1a: Morpeko\n|-damage|p1a: Morpeko|101/245\n|move|p1a: Morpeko|Rapid Spin|p2a: Tornadus\n|-crit|p2a: Tornadus\n|-damage|p2a: Tornadus|80/263 tox\n|-boost|p1a: Morpeko|spe|1\n|-sideend|p1: jameshardie|Spikes|[from] move: Rapid Spin|[of] p1a: Morpeko\n|-sideend|p1: jameshardie|Stealth Rock|[from] move: Rapid Spin|[of] p1a: Morpeko\n|\n|-damage|p2a: Tornadus|48/263 tox|[from] psn\n|-formechange|p1a: Morpeko|Morpeko-Hangry||[from] ability: Hunger Switch\n|upkeep\n|turn|23\n|inactive|PTKmoekyuun has 120 seconds left.\n|\n|t:|1718369391\n|move|p1a: Morpeko|Aura Wheel|p2a: Tornadus\n|-damage|p2a: Tornadus|0 fnt\n|-boost|p1a: Morpeko|spe|1\n|faint|p2a: Tornadus\n|\n|-formechange|p1a: Morpeko|Morpeko||[from] ability: Hunger Switch\n|upkeep\n|inactive|PTKmoekyuun has 120 seconds left.\n|\n|t:|1718369407\n|switch|p2a: Hoopa|Hoopa-Unbound, L80|259/259\n|-damage|p2a: Hoopa|227/259|[from] Spikes\n|turn|24\n|\n|t:|1718369417\n|move|p1a: Morpeko|Aura Wheel|p2a: Hoopa\n|-damage|p2a: Hoopa|49/259\n|-boost|p1a: Morpeko|spe|1\n|move|p2a: Hoopa|Drain Punch|p1a: Morpeko\n|-supereffective|p1a: Morpeko\n|-damage|p1a: Morpeko|0 fnt\n|-heal|p2a: Hoopa|100/259|[from] drain|[of] p1a: Morpeko\n|faint|p1a: Morpeko\n|\n|upkeep\n|\n|t:|1718369422\n|switch|p1a: Hydrapple|Hydrapple, L83, M|312/312\n|turn|25\n|\n|t:|1718369431\n|-terastallize|p2a: Hoopa|Fighting\n|move|p2a: Hoopa|Drain Punch|p1a: Hydrapple\n|-damage|p1a: Hydrapple|171/312\n|-heal|p2a: Hoopa|171/259|[from] drain|[of] p1a: Hydrapple\n|move|p1a: Hydrapple|Fickle Beam|p2a: Hoopa|[anim] Fickle Beam All Out\n|-activate|p1a: Hydrapple|move: Fickle Beam\n|-damage|p2a: Hoopa|6/259\n|\n|upkeep\n|turn|26\n|\n|t:|1718369440\n|move|p2a: Hoopa|Drain Punch|p1a: Hydrapple\n|-damage|p1a: Hydrapple|29/312\n|-heal|p2a: Hoopa|77/259|[from] drain|[of] p1a: Hydrapple\n|move|p1a: Hydrapple|Fickle Beam|p2a: Hoopa|[anim] Fickle Beam All Out\n|-activate|p1a: Hydrapple|move: Fickle Beam\n|-damage|p2a: Hoopa|0 fnt\n|faint|p2a: Hoopa\n|\n|upkeep\n|\n|t:|1718369443\n|switch|p2a: Sunflora|Sunflora, F|252/312\n|-damage|p2a: Sunflora|213/312|[from] Spikes\n|turn|27\n|\n|t:|1718369452\n|move|p1a: Hydrapple|Fickle Beam|p2a: Sunflora\n|-damage|p2a: Sunflora|120/312\n|move|p2a: Sunflora|Earth Power|p1a: Hydrapple\n|-resisted|p1a: Hydrapple\n|-damage|p1a: Hydrapple|0 fnt\n|faint|p1a: Hydrapple\n|\n|upkeep\n|\n|t:|1718369455\n|switch|p1a: Umbreon|Umbreon, L84, F|121/297\n|turn|28\n|\n|t:|1718369459\n|move|p1a: Umbreon|Protect|p1a: Umbreon\n|-singleturn|p1a: Umbreon|Protect\n|move|p2a: Sunflora|Earth Power|p1a: Umbreon\n|-activate|p1a: Umbreon|move: Protect\n|\n|-heal|p1a: Umbreon|139/297|[from] item: Leftovers\n|upkeep\n|turn|29\n|-message|PTKmoekyuun forfeited.\n|\n|win|jameshardie\n|raw|jameshardie's rating: 2303 &rarr; <strong>2331</strong><br />(+28 for winning)\n|raw|PTKmoekyuun's rating: 2459 &rarr; <strong>2431</strong><br />(-28 for losing)\n|l|\u2606PTKmoekyuun\n|player|p2|\n", "inputlog": ">version e046c5ea766451ca9500a73fe72ec774e92e6f7e\n>start {\"formatid\":\"gen9randombattle\",\"seed\":[16877,58054,7826,19369],\"rated\":\"Rated battle\"}\n>player p1 {\"name\":\"jameshardie\",\"avatar\":\"169\",\"rating\":2303,\"seed\":[45336,57262,16987,27382]}\n>player p2 {\"name\":\"PTKmoekyuun\",\"avatar\":\"acerola\",\"rating\":2459,\"seed\":[49167,52313,10599,24572]}\n>p1 move bloodmoon\n>p2 move focusblast\n>p1 switch 6\n>p1 move thunderwave\n>p2 switch 6\n>p1 switch 5\n>p2 move highhorsepower\n>p1 move dragontail\n>p2 switch 4\n>p1 switch 3\n>p2 switch 5\n>p1 move protect\n>p2 switch 5\n>p1 move toxic\n>p2 move stealthrock\n>p1 move foulplay\n>p2 move spikes\n>p1 move wish\n>p2 move spikes\n>p1 move foulplay\n>p2 move spikes\n>p2 switch 6\n>p1 move protect\n>p2 move focusblast\n>p1 move toxic\n>p2 move focusblast\n>p1 move protect\n>p2 move focusblast\n>p1 switch 5\n>p2 move focusblast\n>p1 move poltergeist\n>p2 switch 3\n>p1 move poltergeist\n>p2 move morningsun\n>p1 move poltergeist\n>p2 move morningsun\n>p1 move shadowsneak\n>p2 move morningsun\n>p2 switch 4\n>p1 move shadowsneak\n>p2 move voltswitch\n>p2 switch 5\n>p1 switch 4\n>p1 move dazzlinggleam\n>p2 switch 5\n>p2 switch 3\n>p1 move spikes\n>p2 move heatwave\n>p1 switch 2\n>p1 move rapidspin\n>p2 move heatwave\n>p1 move aurawheel\n>p2 move heatwave\n>p2 switch 5\n>p1 move aurawheel\n>p2 move drainpunch\n>p1 switch 3\n>p1 move ficklebeam\n>p2 move drainpunch terastallize\n>p1 move ficklebeam\n>p2 move drainpunch\n>p2 switch 2\n>p1 move ficklebeam\n>p2 move earthpower\n>p1 switch 5\n>p1 move protect\n>p2 move earthpower\n>forcelose p2", "uploadtime": 1718369473, "views": 193, "formatid": "gen9randombattle", "rating": 2331, "private": 0, "password": null}