{"id": "gen9randombattle-2141453714", "format": "[Gen 9] Random Battle", "players": ["ceru\u27b7edge\u27b9", "gamebooadvanced"], "log": "|badge|p1|silver|gen9randombattle|30-1\n|badge|p1|gold|gen9monotype|3-1\n|badge|p1|gold|gen9ou|3-1\n|uhtml|medal-msg|<div class=\"broadcast-blue\">Curious what those medals under the avatar are? PS now has Ladder Seasons! For more information, check out the <a href=\"https://www.smogon.com/forums/threads/3740067/\">thread on Smogon.</a></div>\n|badge|p2|bronze|gen9randombattle|100-1\n|uhtml|medal-msg|<div class=\"broadcast-blue\">Curious what those medals under the avatar are? PS now has Ladder Seasons! For more information, check out the <a href=\"https://www.smogon.com/forums/threads/3740067/\">thread on Smogon.</a></div>\n|j|\u203dceru\u27b7edge\u27b9\n|j|\u2606gamebooadvanced\n|t:|1718137666\n|gametype|singles\n|player|p1|ceru\u27b7edge\u27b9|lucas|2437\n|player|p2|gamebooadvanced|gordie|2316\n|teamsize|p1|6\n|teamsize|p2|6\n|gen|9\n|tier|[Gen 9] Random Battle\n|rated|\n|rule|Species Clause: Limit one of each Pok\u00e9mon\n|rule|HP Percentage Mod: HP is shown in percentages\n|rule|Sleep Clause Mod: Limit one foe put to sleep\n|rule|Illusion Level Mod: Illusion disguises the Pok\u00e9mon's true level\n|\n|t:|1718137666\n|start\n|switch|p1a: Venusaur|Venusaur, L84, F|272/272\n|switch|p2a: Koraidon|Koraidon, L64|235/235\n|-weather|SunnyDay|[from] ability: Orichalcum Pulse|[of] p2a: Koraidon\n|-activate|p2a: Koraidon|Orichalcum Pulse|[source]\n|turn|1\n|inactive|Battle timer is ON: inactive players will automatically lose when time's up. (requested by ceru\u27b7edge\u27b9)\n|c|\u2606gamebooadvanced|hf\n|inactive|gamebooadvanced has 120 seconds left.\n|\n|t:|1718137719\n|switch|p1a: Cinderace|Cinderace, L77, M|249/249\n|move|p2a: Koraidon|Flare Blitz|p1a: Cinderace\n|-resisted|p1a: Cinderace\n|-damage|p1a: Cinderace|176/249\n|-damage|p2a: Koraidon|211/235|[from] Recoil\n|\n|-weather|SunnyDay|[upkeep]\n|upkeep\n|turn|2\n|\n|t:|1718137736\n|move|p1a: Cinderace|Pyro Ball|p2a: Koraidon\n|-resisted|p2a: Koraidon\n|-damage|p2a: Koraidon|76/235\n|move|p2a: Koraidon|Scale Shot|p1a: Cinderace\n|-damage|p1a: Cinderace|140/249\n|-damage|p1a: Cinderace|107/249\n|-damage|p1a: Cinderace|70/249\n|-damage|p1a: Cinderace|39/249\n|-damage|p1a: Cinderace|5/249\n|-hitcount|p1a: Cinderace|5\n|-unboost|p2a: Koraidon|def|1\n|-boost|p2a: Koraidon|spe|1\n|\n|-weather|SunnyDay|[upkeep]\n|upkeep\n|turn|3\n|\n|t:|1718137752\n|move|p2a: Koraidon|Collision Course|p1a: Cinderace\n|-damage|p1a: Cinderace|0 fnt\n|faint|p1a: Cinderace\n|\n|-weather|SunnyDay|[upkeep]\n|upkeep\n|\n|t:|1718137754\n|switch|p1a: Venusaur|Venusaur, L84, F|272/272\n|turn|4\n|\n|t:|1718137777\n|switch|p2a: Ariados|Ariados, L94, F|284/284\n|move|p1a: Venusaur|Sludge Bomb|p2a: Ariados\n|-resisted|p2a: Ariados\n|-damage|p2a: Ariados|231/284\n|\n|-weather|SunnyDay|[upkeep]\n|upkeep\n|turn|5\n|\n|t:|1718137794\n|switch|p1a: Haxorus|Haxorus, L77, F|244/244\n|-ability|p1a: Haxorus|Mold Breaker\n|move|p2a: Ariados|Sticky Web|p1a: Haxorus\n|-sidestart|p1: ceru\u27b7edge\u27b9|move: Sticky Web\n|\n|-weather|none\n|upkeep\n|turn|6\n|\n|t:|1718137808\n|-terastallize|p1a: Haxorus|Steel\n|move|p1a: Haxorus|Dragon Dance|p1a: Haxorus\n|-boost|p1a: Haxorus|atk|1\n|-boost|p1a: Haxorus|spe|1\n|move|p2a: Ariados|Poison Jab|p1a: Haxorus\n|-immune|p1a: Haxorus\n|\n|upkeep\n|turn|7\n|\n|t:|1718137819\n|switch|p2a: Granbull|Granbull, L88, M|302/302\n|-ability|p2a: Granbull|Intimidate|boost\n|-unboost|p1a: Haxorus|atk|1\n|move|p1a: Haxorus|Dragon Dance|p1a: Haxorus\n|-boost|p1a: Haxorus|atk|1\n|-boost|p1a: Haxorus|spe|1\n|\n|upkeep\n|turn|8\n|\n|t:|1718137833\n|-terastallize|p2a: Granbull|Ground\n|move|p1a: Haxorus|Iron Head|p2a: Granbull\n|-damage|p2a: Granbull|128/302\n|move|p2a: Granbull|Thunder Wave|p1a: Haxorus\n|-status|p1a: Haxorus|par\n|-enditem|p1a: Haxorus|Lum Berry|[eat]\n|-curestatus|p1a: Haxorus|par|[msg]\n|\n|-heal|p2a: Granbull|146/302|[from] item: Leftovers\n|upkeep\n|turn|9\n|\n|t:|1718137850\n|move|p1a: Haxorus|Dragon Dance|p1a: Haxorus\n|-boost|p1a: Haxorus|atk|1\n|-boost|p1a: Haxorus|spe|1\n|move|p2a: Granbull|Thunder Wave|p1a: Haxorus|[miss]\n|-miss|p2a: Granbull|p1a: Haxorus\n|\n|-heal|p2a: Granbull|164/302|[from] item: Leftovers\n|upkeep\n|turn|10\n|\n|t:|1718137861\n|move|p1a: Haxorus|Iron Head|p2a: Granbull\n|-damage|p2a: Granbull|0 fnt\n|faint|p2a: Granbull\n|\n|upkeep\n|\n|t:|1718137868\n|switch|p2a: Clodsire|Clodsire, L81, M|343/343\n|turn|11\n|\n|t:|1718137872\n|move|p1a: Haxorus|Earthquake|p2a: Clodsire\n|-supereffective|p2a: Clodsire\n|-damage|p2a: Clodsire|0 fnt\n|faint|p2a: Clodsire\n|\n|upkeep\n|\n|t:|1718137878\n|switch|p2a: Excadrill|Excadrill, L80, M|307/307\n|-ability|p2a: Excadrill|Mold Breaker\n|turn|12\n|\n|t:|1718137881\n|move|p1a: Haxorus|Earthquake|p2a: Excadrill\n|-supereffective|p2a: Excadrill\n|-damage|p2a: Excadrill|0 fnt\n|faint|p2a: Excadrill\n|\n|upkeep\n|\n|t:|1718137884\n|switch|p2a: Clefable|Clefable, L83, F|293/293\n|turn|13\n|\n|t:|1718137886\n|move|p1a: Haxorus|Iron Head|p2a: Clefable\n|-supereffective|p2a: Clefable\n|-damage|p2a: Clefable|0 fnt\n|faint|p2a: Clefable\n|\n|upkeep\n|-message|gamebooadvanced forfeited.\n|\n|win|ceru\u27b7edge\u27b9\n|raw|ceru\u27b7edge\u27b9's rating: 2437 &rarr; <strong>2450</strong><br />(+13 for winning)\n|raw|gamebooadvanced's rating: 2316 &rarr; <strong>2303</strong><br />(-13 for losing)\n|l|\u2606gamebooadvanced\n|player|p2|\n", "inputlog": ">version e046c5ea766451ca9500a73fe72ec774e92e6f7e\n>start {\"formatid\":\"gen9randombattle\",\"seed\":[36148,35437,9515,28026],\"rated\":\"Rated battle\"}\n>player p1 {\"name\":\"ceru\u27b7edge\u27b9\",\"avatar\":\"lucas\",\"rating\":2437,\"seed\":[17701,32048,42876,24520]}\n>player p2 {\"name\":\"gamebooadvanced\",\"avatar\":\"gordie\",\"rating\":2316,\"seed\":[7443,41501,39174,60618]}\n>chat \u2606gamebooadvanced|hf\n>p1 switch 5\n>p2 move flareblitz\n>p1 move pyroball\n>p2 move scaleshot\n>p1 move pyroball\n>p2 move collisioncourse\n>p1 switch 5\n>p1 move sludgebomb\n>p2 switch 4\n>p1 switch 2\n>p2 move stickyweb\n>p1 move dragondance terastallize\n>p2 move poisonjab\n>p1 move dragondance\n>p2 switch 2\n>p1 move ironhead\n>p2 move thunderwave terastallize\n>p1 move dragondance\n>p2 move thunderwave\n>p1 move ironhead\n>p2 move earthquake\n>p2 switch 5\n>p1 move earthquake\n>p2 move earthquake\n>p2 switch 6\n>p1 move earthquake\n>p2 move earthquake\n>p2 switch 3\n>p1 move ironhead\n>p2 move thunderwave\n>forcelose p2", "uploadtime": 1718137893, "views": 209, "formatid": "gen9randombattle", "rating": 2303, "private": 0, "password": null}