{"id": "gen9randombattle-2216328790", "format": "[Gen 9] Random Battle", "players": ["xox11108", "rl4t dreams"], "log": "|badge|p1|bronze|gen9randombattle|100-3\n|uhtml|medal-msg|<div class=\"broadcast-blue\">Curious what those medals under the avatar are? PS now has Ladder Seasons! For more information, check out the <a href=\"https://www.smogon.com/forums/threads/3740067/\">thread on Smogon.</a></div>\n|badge|p2|bronze|gen9randombattle|100-3\n|uhtml|medal-msg|<div class=\"broadcast-blue\">Curious what those medals under the avatar are? PS now has Ladder Seasons! For more information, check out the <a href=\"https://www.smogon.com/forums/threads/3740067/\">thread on Smogon.</a></div>\n|raw|<div class=\"broadcast-blue\"><strong>This battle is required to be public due to a player having a name starting with 'rl4t'.</div>\n|j|\u2606xox11108\n|j|\u2606rl4t dreams\n|t:|1728112244\n|gametype|singles\n|player|p1|xox11108|hilbert|2328\n|player|p2|rl4t dreams|akari|2258\n|teamsize|p1|6\n|teamsize|p2|6\n|gen|9\n|tier|[Gen 9] Random Battle\n|rated|\n|rule|Species Clause: Limit one of each Pok\u00e9mon\n|rule|HP Percentage Mod: HP is shown in percentages\n|rule|Sleep Clause Mod: Limit one foe put to sleep\n|rule|Illusion Level Mod: Illusion disguises the Pok\u00e9mon's true level\n|\n|t:|1728112244\n|start\n|switch|p1a: Koraidon|Koraidon, L64|235/235\n|switch|p2a: Glalie|Glalie, L96, F|309/309\n|-weather|SunnyDay|[from] ability: Orichalcum Pulse|[of] p1a: Koraidon\n|-activate|p1a: Koraidon|Orichalcum Pulse|[source]\n|turn|1\n|inactive|Battle timer is ON: inactive players will automatically lose when time's up. (requested by xox11108)\n|inactive|rl4t dreams also wants the timer to be on.\n|inactive|rl4t dreams has 120 seconds left.\n|\n|t:|1728112285\n|switch|p1a: Ho-Oh|Ho-Oh, L71|268/268\n|switch|p2a: Iron Valiant|Iron Valiant, L78|244/244\n|\n|-weather|SunnyDay|[upkeep]\n|upkeep\n|turn|2\n|\n|t:|1728112294\n|-end|p2a: Iron Valiant|Quark Drive|[silent]\n|switch|p2a: Zapdos|Zapdos, L78|268/268\n|move|p1a: Ho-Oh|Brave Bird|p2a: Zapdos\n|-resisted|p2a: Zapdos\n|-damage|p2a: Zapdos|207/268\n|-damage|p1a: Ho-Oh|248/268|[from] Recoil\n|\n|-weather|SunnyDay|[upkeep]\n|upkeep\n|turn|3\n|\n|t:|1728112298\n|move|p2a: Zapdos|Discharge|p1a: Ho-Oh\n|-supereffective|p1a: Ho-Oh\n|-damage|p1a: Ho-Oh|122/268\n|move|p1a: Ho-Oh|Sacred Fire|p2a: Zapdos\n|-damage|p2a: Zapdos|59/268\n|-status|p2a: Zapdos|brn\n|\n|-weather|SunnyDay|[upkeep]\n|-damage|p2a: Zapdos|43/268 brn|[from] brn\n|upkeep\n|turn|4\n|inactive|rl4t dreams has 120 seconds left.\n|\n|t:|1728112342\n|switch|p1a: Sandslash|Sandslash, L88, M|275/275\n|move|p2a: Zapdos|Roost|p2a: Zapdos\n|-heal|p2a: Zapdos|177/268 brn\n|-singleturn|p2a: Zapdos|move: Roost\n|\n|-weather|SunnyDay|[upkeep]\n|-damage|p2a: Zapdos|161/268 brn|[from] brn\n|upkeep\n|turn|5\n|\n|t:|1728112349\n|move|p2a: Zapdos|Heat Wave|p1a: Sandslash\n|-damage|p1a: Sandslash|123/275\n|move|p1a: Sandslash|Rapid Spin|p2a: Zapdos\n|-damage|p2a: Zapdos|116/268 brn\n|-boost|p1a: Sandslash|spe|1\n|\n|-weather|none\n|-heal|p1a: Sandslash|140/275|[from] item: Leftovers\n|-damage|p2a: Zapdos|100/268 brn|[from] brn\n|upkeep\n|turn|6\n|inactive|rl4t dreams has 120 seconds left.\n|\n|t:|1728112373\n|switch|p2a: Iron Treads|Iron Treads, L77|265/265\n|move|p1a: Sandslash|Swords Dance|p1a: Sandslash\n|-boost|p1a: Sandslash|atk|2\n|\n|-heal|p1a: Sandslash|157/275|[from] item: Leftovers\n|upkeep\n|turn|7\n|\n|t:|1728112382\n|-end|p2a: Iron Treads|Quark Drive|[silent]\n|switch|p2a: Volbeat|Volbeat, L90, M|263/263\n|move|p1a: Sandslash|Earthquake|p2a: Volbeat\n|-resisted|p2a: Volbeat\n|-damage|p2a: Volbeat|140/263\n|\n|-heal|p1a: Sandslash|174/275|[from] item: Leftovers\n|upkeep\n|turn|8\n|inactive|rl4t dreams has 120 seconds left.\n|\n|t:|1728112407\n|move|p2a: Volbeat|Encore|p1a: Sandslash\n|-start|p1a: Sandslash|Encore\n|move|p1a: Sandslash|Earthquake|p2a: Volbeat\n|-resisted|p2a: Volbeat\n|-damage|p2a: Volbeat|23/263\n|\n|-heal|p1a: Sandslash|191/275|[from] item: Leftovers\n|upkeep\n|turn|9\n|\n|t:|1728112413\n|switch|p2a: Zapdos|Zapdos, L78|100/268 brn\n|move|p1a: Sandslash|Earthquake|p2a: Zapdos\n|-immune|p2a: Zapdos\n|\n|-heal|p1a: Sandslash|208/275|[from] item: Leftovers\n|-damage|p2a: Zapdos|84/268 brn|[from] brn\n|upkeep\n|turn|10\n|\n|t:|1728112415\n|move|p1a: Sandslash|Earthquake|p2a: Zapdos\n|-immune|p2a: Zapdos\n|move|p2a: Zapdos|Heat Wave|p1a: Sandslash\n|-damage|p1a: Sandslash|109/275\n|\n|-heal|p1a: Sandslash|126/275|[from] item: Leftovers\n|-damage|p2a: Zapdos|68/268 brn|[from] brn\n|-end|p1a: Sandslash|Encore\n|upkeep\n|turn|11\n|inactive|rl4t dreams has 120 seconds left.\n|\n|t:|1728112436\n|move|p1a: Sandslash|Stone Edge|p2a: Zapdos\n|-supereffective|p2a: Zapdos\n|-damage|p2a: Zapdos|0 fnt\n|faint|p2a: Zapdos\n|\n|-heal|p1a: Sandslash|143/275|[from] item: Leftovers\n|upkeep\n|\n|t:|1728112443\n|switch|p2a: Volbeat|Volbeat, L90, M|23/263\n|turn|12\n|\n|t:|1728112450\n|move|p2a: Volbeat|Encore|p1a: Sandslash\n|-start|p1a: Sandslash|Encore\n|move|p1a: Sandslash|Stone Edge|p2a: Volbeat\n|-supereffective|p2a: Volbeat\n|-damage|p2a: Volbeat|0 fnt\n|faint|p2a: Volbeat\n|\n|-heal|p1a: Sandslash|160/275|[from] item: Leftovers\n|upkeep\n|inactive|rl4t dreams has 120 seconds left.\n|\n|t:|1728112468\n|switch|p2a: Glalie|Glalie, L96, F|309/309\n|turn|13\n|inactive|rl4t dreams has 120 seconds left.\n|\n|t:|1728112475\n|move|p1a: Sandslash|Stone Edge|p2a: Glalie\n|-supereffective|p2a: Glalie\n|-damage|p2a: Glalie|0 fnt\n|faint|p2a: Glalie\n|\n|-heal|p1a: Sandslash|177/275|[from] item: Leftovers\n|upkeep\n|inactive|rl4t dreams has 120 seconds left.\n|\n|t:|1728112482\n|switch|p2a: Plusle|Plusle, L95, M|268/268\n|turn|14\n|\n|t:|1728112488\n|move|p1a: Sandslash|Stone Edge|p2a: Plusle\n|-damage|p2a: Plusle|30/268\n|move|p2a: Plusle|Grass Knot|p1a: Sandslash\n|-supereffective|p1a: Sandslash\n|-damage|p1a: Sandslash|5/275\n|-damage|p2a: Plusle|4/268|[from] item: Life Orb\n|\n|-heal|p1a: Sandslash|22/275|[from] item: Leftovers\n|-end|p1a: Sandslash|Encore\n|upkeep\n|turn|15\n|\n|t:|1728112497\n|move|p1a: Sandslash|Earthquake|p2a: Plusle\n|-supereffective|p2a: Plusle\n|-damage|p2a: Plusle|0 fnt\n|faint|p2a: Plusle\n|\n|-heal|p1a: Sandslash|39/275|[from] item: Leftovers\n|upkeep\n|c|\u2606rl4t dreams|wtf was i doing\n|-message|rl4t dreams forfeited.\n|\n|win|xox11108\n|raw|xox11108's rating: 2328 &rarr; <strong>2343</strong><br />(+15 for winning)\n|raw|rl4t dreams's rating: 2239 &rarr; <strong>2224</strong><br />(-15 for losing)\n", "inputlog": ">version 86ae7daf8e420bb3f6c82a6a988ddcc1b1aa7e58\n>start {\"formatid\":\"gen9randombattle\",\"seed\":[16014,55934,57681,4624],\"rated\":\"Rated battle\"}\n>player p1 {\"name\":\"xox11108\",\"avatar\":\"hilbert\",\"rating\":2328,\"seed\":[4612,18780,46687,12959]}\n>player p2 {\"name\":\"rl4t dreams\",\"avatar\":\"akari\",\"rating\":2258,\"seed\":[64648,21146,10705,12611]}\n>p1 switch 2\n>p2 switch 6\n>p1 move bravebird\n>p2 switch 2\n>p1 move sacredfire\n>p2 move discharge\n>p1 switch 5\n>p2 move roost\n>p1 move rapidspin\n>p2 move heatwave\n>p1 move swordsdance\n>p2 switch 3\n>p1 move earthquake\n>p2 switch 4\n>p1 move stoneedge\n>p2 move encore\n>p1 move earthquake\n>p2 switch 3\n>p1 move earthquake\n>p2 move heatwave\n>p1 move stoneedge\n>p2 move hurricane\n>p2 switch 3\n>p1 move earthquake\n>p2 move encore\n>p2 switch 6\n>p1 move stoneedge\n>p2 move freezedry\n>p2 switch 5\n>p1 move stoneedge\n>p2 move grassknot\n>p1 move earthquake\n>p2 move grassknot\n>chat \u2606rl4t dreams|wtf was i doing \n>forcelose p2", "uploadtime": 1728112505, "views": 70, "formatid": "gen9randombattle", "rating": 2224, "private": 0, "password": null}