{"id": "gen9randombattle-2205191667", "format": "[Gen 9] Random Battle", "players": ["DiAlpen", "koopa003"], "log": "|badge|p2|bronze|gen9pu|100-2\n|uhtml|medal-msg|<div class=\"broadcast-blue\">Curious what those medals under the avatar are? PS now has Ladder Seasons! For more information, check out the <a href=\"https://www.smogon.com/forums/threads/3740067/\">thread on Smogon.</a></div>\n|j|\u2606DiAlpen\n|j|\u2606koopa003\n|t:|1726763431\n|gametype|singles\n|player|p1|DiAlpen|gardenia|2201\n|player|p2|koopa003|brycenman|2261\n|teamsize|p1|6\n|teamsize|p2|6\n|gen|9\n|tier|[Gen 9] Random Battle\n|rated|\n|rule|Species Clause: Limit one of each Pok\u00e9mon\n|rule|HP Percentage Mod: HP is shown in percentages\n|rule|Sleep Clause Mod: Limit one foe put to sleep\n|rule|Illusion Level Mod: Illusion disguises the Pok\u00e9mon's true level\n|\n|t:|1726763431\n|start\n|switch|p1a: Zekrom|Zekrom, L71|259/259\n|switch|p2a: Dragonite|Dragonite, L74, M|257/257\n|-ability|p1a: Zekrom|Teravolt\n|turn|1\n|inactive|Battle timer is ON: inactive players will automatically lose when time's up. (requested by koopa003)\n|\n|t:|1726763450\n|switch|p1a: Dondozo|Dondozo, L78, F|362/362\n|switch|p2a: Golem|Golem, L87, F|281/281\n|\n|upkeep\n|turn|2\n|\n|t:|1726763472\n|switch|p2a: Decidueye|Decidueye, L88, M|281/281\n|move|p1a: Dondozo|Wave Crash|p2a: Decidueye\n|-resisted|p2a: Decidueye\n|-damage|p2a: Decidueye|221/281\n|-damage|p1a: Dondozo|342/362|[from] Recoil\n|\n|-heal|p1a: Dondozo|362/362|[from] item: Leftovers\n|upkeep\n|turn|3\n|\n|t:|1726763496\n|switch|p1a: Dachsbun|Dachsbun, L91, F|252/252\n|move|p2a: Decidueye|Poltergeist|p1a: Dachsbun\n|-activate|p1a: Dachsbun|move: Poltergeist|Leftovers\n|-damage|p1a: Dachsbun|110/252\n|-damage|p2a: Decidueye|193/281|[from] item: Life Orb\n|\n|-heal|p1a: Dachsbun|125/252|[from] item: Leftovers\n|upkeep\n|turn|4\n|\n|t:|1726763511\n|move|p1a: Dachsbun|Play Rough|p2a: Decidueye\n|-damage|p2a: Decidueye|97/281\n|move|p2a: Decidueye|Poltergeist|p1a: Dachsbun|[miss]\n|-miss|p2a: Decidueye|p1a: Dachsbun\n|\n|-heal|p1a: Dachsbun|140/252|[from] item: Leftovers\n|upkeep\n|turn|5\n|\n|t:|1726763520\n|move|p1a: Dachsbun|Protect|p1a: Dachsbun\n|-singleturn|p1a: Dachsbun|Protect\n|move|p2a: Decidueye|Shadow Sneak|p1a: Dachsbun\n|-activate|p1a: Dachsbun|move: Protect\n|\n|-heal|p1a: Dachsbun|155/252|[from] item: Leftovers\n|upkeep\n|turn|6\n|\n|t:|1726763523\n|move|p1a: Dachsbun|Play Rough|p2a: Decidueye|[miss]\n|-miss|p1a: Dachsbun|p2a: Decidueye\n|move|p2a: Decidueye|Poltergeist|p1a: Dachsbun\n|-activate|p1a: Dachsbun|move: Poltergeist|Leftovers\n|-damage|p1a: Dachsbun|25/252\n|-damage|p2a: Decidueye|69/281|[from] item: Life Orb\n|\n|-heal|p1a: Dachsbun|40/252|[from] item: Leftovers\n|upkeep\n|turn|7\n|\n|t:|1726763533\n|move|p1a: Dachsbun|Wish|p1a: Dachsbun\n|move|p2a: Decidueye|Swords Dance|p2a: Decidueye\n|-boost|p2a: Decidueye|atk|2\n|\n|-heal|p1a: Dachsbun|55/252|[from] item: Leftovers\n|upkeep\n|turn|8\n|\n|t:|1726763540\n|move|p1a: Dachsbun|Protect|p1a: Dachsbun\n|-singleturn|p1a: Dachsbun|Protect\n|move|p2a: Decidueye|Shadow Sneak|p1a: Dachsbun\n|-activate|p1a: Dachsbun|move: Protect\n|\n|-heal|p1a: Dachsbun|181/252|[from] move: Wish|[wisher] Dachsbun\n|-heal|p1a: Dachsbun|196/252|[from] item: Leftovers\n|upkeep\n|turn|9\n|\n|t:|1726763543\n|move|p2a: Decidueye|Shadow Sneak|p1a: Dachsbun\n|-damage|p1a: Dachsbun|95/252\n|-damage|p2a: Decidueye|41/281|[from] item: Life Orb\n|move|p1a: Dachsbun|Play Rough|p2a: Decidueye\n|-damage|p2a: Decidueye|0 fnt\n|faint|p2a: Decidueye\n|\n|-heal|p1a: Dachsbun|110/252|[from] item: Leftovers\n|upkeep\n|\n|t:|1726763552\n|switch|p2a: Slowbro|Slowbro-Galar, L87, F|307/307\n|turn|10\n|\n|t:|1726763561\n|switch|p1a: Gholdengo|Gholdengo, L77|261/261\n|move|p2a: Slowbro|Shell Side Arm|p1a: Gholdengo|[anim] Shell Side Arm Special\n|-immune|p1a: Gholdengo\n|\n|upkeep\n|turn|11\n|\n|t:|1726763569\n|switch|p2a: Urshifu|Urshifu, L74, F|270/270\n|move|p1a: Gholdengo|Shadow Ball|p2a: Urshifu\n|-resisted|p2a: Urshifu\n|-damage|p2a: Urshifu|208/270\n|\n|upkeep\n|turn|12\n|\n|t:|1726763579\n|switch|p1a: Dachsbun|Dachsbun, L91, F|110/252\n|move|p2a: Urshifu|U-turn|p1a: Dachsbun\n|-resisted|p1a: Dachsbun\n|-crit|p1a: Dachsbun\n|-damage|p1a: Dachsbun|65/252\n|\n|t:|1726763582\n|switch|p2a: Slowbro|Slowbro-Galar, L87, F|307/307|[from] U-turn\n|\n|-heal|p1a: Dachsbun|80/252|[from] item: Leftovers\n|upkeep\n|turn|13\n|\n|t:|1726763586\n|move|p1a: Dachsbun|Protect|p1a: Dachsbun\n|-singleturn|p1a: Dachsbun|Protect\n|move|p2a: Slowbro|Psychic|p1a: Dachsbun\n|-activate|p1a: Dachsbun|move: Protect\n|\n|-heal|p1a: Dachsbun|95/252|[from] item: Leftovers\n|upkeep\n|turn|14\n|\n|t:|1726763593\n|switch|p1a: Gholdengo|Gholdengo, L77|261/261\n|move|p2a: Slowbro|Shell Side Arm|p1a: Gholdengo|[anim] Shell Side Arm Special\n|-immune|p1a: Gholdengo\n|\n|upkeep\n|turn|15\n|\n|t:|1726763599\n|move|p1a: Gholdengo|Make It Rain|p2a: Slowbro\n|-crit|p2a: Slowbro\n|-damage|p2a: Slowbro|64/307\n|-unboost|p1a: Gholdengo|spa|1\n|move|p2a: Slowbro|Fire Blast|p1a: Gholdengo\n|-supereffective|p1a: Gholdengo\n|-damage|p1a: Gholdengo|73/261\n|\n|-heal|p1a: Gholdengo|89/261|[from] item: Leftovers\n|-heal|p2a: Slowbro|83/307|[from] item: Leftovers\n|upkeep\n|turn|16\n|\n|t:|1726763613\n|switch|p2a: Urshifu|Urshifu, L74, F|208/270\n|move|p1a: Gholdengo|Make It Rain|p2a: Urshifu\n|-damage|p2a: Urshifu|66/270\n|-unboost|p1a: Gholdengo|spa|1\n|\n|-heal|p1a: Gholdengo|105/261|[from] item: Leftovers\n|upkeep\n|turn|17\n|\n|t:|1726763635\n|switch|p1a: Dachsbun|Dachsbun, L91, F|95/252\n|move|p2a: Urshifu|Wicked Blow|p1a: Dachsbun\n|-resisted|p1a: Dachsbun\n|-crit|p1a: Dachsbun\n|-damage|p1a: Dachsbun|27/252\n|\n|-heal|p1a: Dachsbun|42/252|[from] item: Leftovers\n|upkeep\n|turn|18\n|\n|t:|1726763645\n|switch|p2a: Slowbro|Slowbro-Galar, L87, F|185/307\n|move|p1a: Dachsbun|Play Rough|p2a: Slowbro\n|-resisted|p2a: Slowbro\n|-damage|p2a: Slowbro|140/307\n|\n|-heal|p1a: Dachsbun|57/252|[from] item: Leftovers\n|-heal|p2a: Slowbro|159/307|[from] item: Leftovers\n|upkeep\n|turn|19\n|\n|t:|1726763648\n|move|p1a: Dachsbun|Stomping Tantrum|p2a: Slowbro\n|-supereffective|p2a: Slowbro\n|-damage|p2a: Slowbro|69/307\n|move|p2a: Slowbro|Slack Off|p2a: Slowbro\n|-heal|p2a: Slowbro|223/307\n|\n|-heal|p1a: Dachsbun|72/252|[from] item: Leftovers\n|-heal|p2a: Slowbro|242/307|[from] item: Leftovers\n|upkeep\n|turn|20\n|\n|t:|1726763654\n|move|p1a: Dachsbun|Protect|p1a: Dachsbun\n|-singleturn|p1a: Dachsbun|Protect\n|move|p2a: Slowbro|Psychic|p1a: Dachsbun\n|-activate|p1a: Dachsbun|move: Protect\n|\n|-heal|p1a: Dachsbun|87/252|[from] item: Leftovers\n|-heal|p2a: Slowbro|261/307|[from] item: Leftovers\n|upkeep\n|turn|21\n|\n|t:|1726763658\n|move|p1a: Dachsbun|Wish|p1a: Dachsbun\n|move|p2a: Slowbro|Shell Side Arm|p1a: Dachsbun|[anim] Shell Side Arm Special\n|-supereffective|p1a: Dachsbun\n|-damage|p1a: Dachsbun|0 fnt\n|-hint|Special Shell Side Arm\n|faint|p1a: Dachsbun\n|\n|-heal|p2a: Slowbro|280/307|[from] item: Leftovers\n|upkeep\n|\n|t:|1726763661\n|switch|p1a: Gholdengo|Gholdengo, L77|105/261\n|turn|22\n|\n|t:|1726763665\n|move|p1a: Gholdengo|Shadow Ball|p2a: Slowbro\n|-supereffective|p2a: Slowbro\n|-damage|p2a: Slowbro|70/307\n|-unboost|p2a: Slowbro|spd|1\n|move|p2a: Slowbro|Fire Blast|p1a: Gholdengo\n|-supereffective|p1a: Gholdengo\n|-damage|p1a: Gholdengo|0 fnt\n|faint|p1a: Gholdengo\n|\n|-heal|p2a: Slowbro|89/307|[from] item: Leftovers\n|upkeep\n|\n|t:|1726763672\n|switch|p1a: Necrozma|Necrozma-Dusk-Mane, L69|248/248\n|turn|23\n|\n|t:|1726763676\n|move|p1a: Necrozma|Dragon Dance|p1a: Necrozma\n|-boost|p1a: Necrozma|atk|1\n|-boost|p1a: Necrozma|spe|1\n|move|p2a: Slowbro|Fire Blast|p1a: Necrozma\n|-supereffective|p1a: Necrozma\n|-damage|p1a: Necrozma|121/248\n|-enditem|p1a: Necrozma|Weakness Policy\n|-boost|p1a: Necrozma|atk|2|[from] item: Weakness Policy\n|-boost|p1a: Necrozma|spa|2|[from] item: Weakness Policy\n|\n|-heal|p2a: Slowbro|108/307|[from] item: Leftovers\n|upkeep\n|turn|24\n|\n|t:|1726763685\n|switch|p2a: Hitmonlee|Hitmonlee, L85, M|223/223\n|move|p1a: Necrozma|Earthquake|p2a: Hitmonlee\n|-damage|p2a: Hitmonlee|0 fnt\n|faint|p2a: Hitmonlee\n|\n|upkeep\n|\n|t:|1726763690\n|switch|p2a: Golem|Golem, L87, F|281/281\n|turn|25\n|\n|t:|1726763701\n|switch|p1a: Dondozo|Dondozo, L78, F|362/362\n|move|p2a: Golem|Earthquake|p1a: Dondozo\n|-damage|p1a: Dondozo|245/362\n|\n|-heal|p1a: Dondozo|267/362|[from] item: Leftovers\n|upkeep\n|turn|26\n|\n|t:|1726763719\n|switch|p2a: Slowbro|Slowbro-Galar, L87, F|210/307\n|switch|p1a: Trevenant|Trevenant, L88, F|293/293\n|\n|-heal|p2a: Slowbro|229/307|[from] item: Leftovers\n|upkeep\n|turn|27\n|\n|t:|1726763728\n|switch|p2a: Dragonite|Dragonite, L74, M|257/257\n|move|p1a: Trevenant|Poltergeist|p2a: Dragonite\n|-activate|p2a: Dragonite|move: Poltergeist|Heavy-Duty Boots\n|-damage|p2a: Dragonite|165/257\n|-damage|p1a: Trevenant|264/293|[from] item: Life Orb\n|\n|upkeep\n|turn|28\n|\n|t:|1726763739\n|move|p2a: Dragonite|Outrage|p1a: Trevenant\n|-damage|p1a: Trevenant|134/293\n|move|p1a: Trevenant|Poltergeist|p2a: Dragonite\n|-activate|p2a: Dragonite|move: Poltergeist|Heavy-Duty Boots\n|-damage|p2a: Dragonite|0 fnt\n|faint|p2a: Dragonite\n|-damage|p1a: Trevenant|105/293|[from] item: Life Orb\n|\n|upkeep\n|\n|t:|1726763754\n|switch|p2a: Urshifu|Urshifu, L74, F|66/270\n|turn|29\n|\n|t:|1726763765\n|switch|p1a: Necrozma|Necrozma-Dusk-Mane, L69|121/248\n|move|p2a: Urshifu|U-turn|p1a: Necrozma\n|-damage|p1a: Necrozma|57/248\n|\n|t:|1726763769\n|switch|p2a: Slowbro|Slowbro-Galar, L87, F|307/307|[from] U-turn\n|\n|upkeep\n|turn|30\n|\n|t:|1726763774\n|move|p1a: Necrozma|Earthquake|p2a: Slowbro\n|-supereffective|p2a: Slowbro\n|-damage|p2a: Slowbro|185/307\n|move|p2a: Slowbro|Fire Blast|p1a: Necrozma\n|-supereffective|p1a: Necrozma\n|-damage|p1a: Necrozma|0 fnt\n|faint|p1a: Necrozma\n|\n|-heal|p2a: Slowbro|204/307|[from] item: Leftovers\n|upkeep\n|\n|t:|1726763780\n|switch|p1a: Trevenant|Trevenant, L88, F|105/293\n|turn|31\n|\n|t:|1726763793\n|move|p1a: Trevenant|Poltergeist|p2a: Slowbro\n|-activate|p2a: Slowbro|move: Poltergeist|Leftovers\n|-supereffective|p2a: Slowbro\n|-damage|p2a: Slowbro|0 fnt\n|faint|p2a: Slowbro\n|-damage|p1a: Trevenant|76/293|[from] item: Life Orb\n|\n|upkeep\n|\n|t:|1726763795\n|switch|p2a: Urshifu|Urshifu, L74, F|66/270\n|turn|32\n|\n|t:|1726763803\n|move|p2a: Urshifu|Wicked Blow|p1a: Trevenant\n|-supereffective|p1a: Trevenant\n|-crit|p1a: Trevenant\n|-damage|p1a: Trevenant|0 fnt\n|faint|p1a: Trevenant\n|\n|upkeep\n|\n|t:|1726763805\n|switch|p1a: Dondozo|Dondozo, L78, F|267/362\n|turn|33\n|\n|t:|1726763818\n|-terastallize|p1a: Dondozo|Fairy\n|move|p2a: Urshifu|Wicked Blow|p1a: Dondozo\n|-resisted|p1a: Dondozo\n|-crit|p1a: Dondozo\n|-damage|p1a: Dondozo|188/362\n|move|p1a: Dondozo|Curse|p1a: Dondozo\n|-unboost|p1a: Dondozo|spe|1\n|-boost|p1a: Dondozo|atk|1\n|-boost|p1a: Dondozo|def|1\n|\n|-heal|p1a: Dondozo|210/362|[from] item: Leftovers\n|upkeep\n|turn|34\n|\n|t:|1726763822\n|move|p2a: Urshifu|Wicked Blow|p1a: Dondozo\n|-resisted|p1a: Dondozo\n|-crit|p1a: Dondozo\n|-damage|p1a: Dondozo|129/362\n|move|p1a: Dondozo|Rest|p1a: Dondozo\n|-status|p1a: Dondozo|slp|[from] move: Rest\n|-heal|p1a: Dondozo|362/362 slp|[silent]\n|\n|upkeep\n|turn|35\n|\n|t:|1726763827\n|switch|p2a: Golem|Golem, L87, F|281/281\n|cant|p1a: Dondozo|slp\n|move|p1a: Dondozo|Sleep Talk|p1a: Dondozo\n|move|p1a: Dondozo|Rest||[from]move: Sleep Talk|[still]\n|-fail|p1a: Dondozo\n|\n|upkeep\n|turn|36\n|\n|t:|1726763830\n|-terastallize|p2a: Golem|Steel\n|move|p2a: Golem|Earthquake|p1a: Dondozo\n|-damage|p1a: Dondozo|287/362 slp\n|cant|p1a: Dondozo|slp\n|move|p1a: Dondozo|Sleep Talk|p1a: Dondozo\n|move|p1a: Dondozo|Wave Crash|p2a: Golem|[from]move: Sleep Talk\n|-damage|p2a: Golem|152/281\n|-damage|p1a: Dondozo|244/362 slp|[from] Recoil\n|\n|-heal|p1a: Dondozo|266/362 slp|[from] item: Leftovers\n|upkeep\n|turn|37\n|\n|t:|1726763836\n|move|p2a: Golem|Earthquake|p1a: Dondozo\n|-damage|p1a: Dondozo|190/362 slp\n|-curestatus|p1a: Dondozo|slp|[msg]\n|move|p1a: Dondozo|Curse|p1a: Dondozo\n|-unboost|p1a: Dondozo|spe|1\n|-boost|p1a: Dondozo|atk|1\n|-boost|p1a: Dondozo|def|1\n|\n|-heal|p1a: Dondozo|212/362|[from] item: Leftovers\n|upkeep\n|turn|38\n|\n|t:|1726763840\n|move|p2a: Golem|Explosion|p1a: Dondozo\n|-damage|p1a: Dondozo|117/362\n|faint|p2a: Golem\n|move|p1a: Dondozo|Wave Crash|p2: Golem|[notarget]\n|-fail|p1a: Dondozo\n|\n|-heal|p1a: Dondozo|139/362|[from] item: Leftovers\n|upkeep\n|\n|t:|1726763843\n|switch|p2a: Urshifu|Urshifu, L74, F|66/270\n|turn|39\n|\n|t:|1726763844\n|move|p2a: Urshifu|Wicked Blow|p1a: Dondozo\n|-resisted|p1a: Dondozo\n|-crit|p1a: Dondozo\n|-damage|p1a: Dondozo|68/362\n|move|p1a: Dondozo|Wave Crash|p2a: Urshifu\n|-damage|p2a: Urshifu|0 fnt\n|faint|p2a: Urshifu\n|-damage|p1a: Dondozo|46/362|[from] Recoil\n|\n|win|DiAlpen\n|raw|DiAlpen's rating: 2201 &rarr; <strong>2224</strong><br />(+23 for winning)\n|raw|koopa003's rating: 2261 &rarr; <strong>2238</strong><br />(-23 for losing)\n|l|\u2606koopa003\n|player|p2|\n", "inputlog": ">version ddf5848a381b6afa3b8db755b9bdef59b522c4eb\n>start {\"formatid\":\"gen9randombattle\",\"seed\":[63066,28562,34176,28190],\"rated\":\"Rated battle\"}\n>player p1 {\"name\":\"DiAlpen\",\"avatar\":\"gardenia\",\"rating\":2201,\"seed\":[8003,59269,26154,16245]}\n>player p2 {\"name\":\"koopa003\",\"avatar\":\"brycenman\",\"rating\":2261,\"seed\":[4421,17554,4112,26451]}\n>p1 switch 2\n>p2 switch 6\n>p1 move wavecrash\n>p2 switch 4\n>p1 switch 5\n>p2 move poltergeist\n>p1 move playrough\n>p2 move poltergeist\n>p1 move protect\n>p2 move shadowsneak\n>p1 move playrough\n>p2 move poltergeist\n>p1 move wish\n>p2 move swordsdance\n>p1 move protect\n>p2 move shadowsneak\n>p1 move playrough\n>p2 move shadowsneak\n>p2 switch 3\n>p1 switch 4\n>p2 move shellsidearm\n>p1 move shadowball\n>p2 switch 2\n>p1 switch 4\n>p2 move uturn\n>p2 switch 2\n>p1 move protect\n>p2 move psychic\n>p1 switch 4\n>p2 move shellsidearm\n>p1 move makeitrain\n>p2 move fireblast\n>p1 move makeitrain\n>p2 switch 2\n>p1 switch 4\n>p2 move wickedblow\n>p1 move playrough\n>p2 switch 2\n>p1 move stompingtantrum\n>p2 move slackoff\n>p1 move protect\n>p2 move psychic\n>p1 move wish\n>p2 move shellsidearm\n>p1 switch 4\n>p1 move shadowball\n>p2 move fireblast\n>p1 switch 3\n>p1 move dragondance\n>p2 move fireblast\n>p1 move earthquake\n>p2 switch 5\n>p2 switch 4\n>p1 switch 5\n>p2 move earthquake\n>p1 switch 6\n>p2 switch 5\n>p1 move poltergeist\n>p2 switch 6\n>p1 move poltergeist\n>p2 move outrage\n>p2 switch 2\n>p1 switch 5\n>p2 move uturn\n>p2 switch 6\n>p1 move earthquake\n>p2 move fireblast\n>p1 switch 5\n>p1 move poltergeist\n>p2 move shellsidearm\n>p2 switch 6\n>p1 move rest\n>p2 move wickedblow\n>p1 switch 6\n>p1 move curse terastallize\n>p2 move wickedblow\n>p1 move rest\n>p2 move wickedblow\n>p1 move sleeptalk\n>p2 switch 5\n>p1 move sleeptalk\n>p2 move earthquake terastallize\n>p1 move curse\n>p2 move earthquake\n>p1 move wavecrash\n>p2 move explosion\n>p2 switch 5\n>p1 move wavecrash\n>p2 move wickedblow", "uploadtime": 1726763851, "views": 87, "formatid": "gen9randombattle", "rating": 2224, "private": 0, "password": null}