{"id": "gen9randombattle-2260388712", "format": "[Gen 9] Random Battle", "players": ["dedededje", "AmonTobi"], "log": "|j|\u2606dedededje\n|j|\u2606AmonTobi\n|t:|1733846774\n|gametype|singles\n|player|p1|dedededje|169|1178\n|player|p2|AmonTobi|169|1153\n|teamsize|p1|6\n|teamsize|p2|6\n|gen|9\n|tier|[Gen 9] Random Battle\n|rated|\n|rule|Species Clause: Limit one of each Pok\u00e9mon\n|rule|HP Percentage Mod: HP is shown in percentages\n|rule|Sleep Clause Mod: Limit one foe put to sleep\n|rule|Illusion Level Mod: Illusion disguises the Pok\u00e9mon's true level\n|\n|t:|1733846774\n|start\n|switch|p1a: Grafaiai|Grafaiai, L86, F|249/249\n|switch|p2a: Skeledirge|Skeledirge, L79, M|294/294\n|turn|1\n|inactive|Battle timer is ON: inactive players will automatically lose when time's up. (requested by AmonTobi)\n|\n|t:|1733846805\n|move|p1a: Grafaiai|Knock Off|p2a: Skeledirge\n|-supereffective|p2a: Skeledirge\n|-damage|p2a: Skeledirge|117/294\n|-enditem|p2a: Skeledirge|Heavy-Duty Boots|[from] move: Knock Off|[of] p1a: Grafaiai\n|-damage|p1a: Grafaiai|225/249|[from] item: Life Orb\n|move|p2a: Skeledirge|Torch Song|p1a: Grafaiai\n|-damage|p1a: Grafaiai|126/249\n|-boost|p2a: Skeledirge|spa|1\n|\n|upkeep\n|turn|2\n|\n|t:|1733846815\n|move|p1a: Grafaiai|Knock Off|p2a: Skeledirge\n|-supereffective|p2a: Skeledirge\n|-damage|p2a: Skeledirge|0 fnt\n|faint|p2a: Skeledirge\n|-damage|p1a: Grafaiai|102/249|[from] item: Life Orb\n|\n|upkeep\n|\n|t:|1733846827\n|switch|p2a: Dudunsparce|Dudunsparce-Three-Segment, L83, M|343/343\n|turn|3\n|\n|t:|1733846840\n|move|p1a: Grafaiai|Knock Off|p2a: Dudunsparce\n|-damage|p2a: Dudunsparce|242/343\n|-ability|p2a: Dudunsparce|Rattled|boost\n|-boost|p2a: Dudunsparce|spe|1\n|-enditem|p2a: Dudunsparce|Leftovers|[from] move: Knock Off|[of] p1a: Grafaiai\n|-damage|p1a: Grafaiai|78/249|[from] item: Life Orb\n|move|p2a: Dudunsparce|Calm Mind|p2a: Dudunsparce\n|-boost|p2a: Dudunsparce|spa|1\n|-boost|p2a: Dudunsparce|spd|1\n|\n|upkeep\n|turn|4\n|\n|t:|1733846854\n|move|p1a: Grafaiai|Gunk Shot|p2a: Dudunsparce\n|-damage|p2a: Dudunsparce|39/343\n|-damage|p1a: Grafaiai|54/249|[from] item: Life Orb\n|move|p2a: Dudunsparce|Calm Mind|p2a: Dudunsparce\n|-boost|p2a: Dudunsparce|spa|1\n|-boost|p2a: Dudunsparce|spd|1\n|\n|upkeep\n|turn|5\n|\n|t:|1733846881\n|move|p1a: Grafaiai|Knock Off|p2a: Dudunsparce\n|-damage|p2a: Dudunsparce|0 fnt\n|faint|p2a: Dudunsparce\n|-damage|p1a: Grafaiai|30/249|[from] item: Life Orb\n|\n|upkeep\n|\n|t:|1733846887\n|switch|p2a: Zarude|Zarude, L78|292/292\n|turn|6\n|\n|t:|1733846895\n|move|p2a: Zarude|Knock Off|p1a: Grafaiai\n|-damage|p1a: Grafaiai|0 fnt\n|-enditem|p1a: Grafaiai|Life Orb|[from] move: Knock Off|[of] p2a: Zarude\n|faint|p1a: Grafaiai\n|\n|upkeep\n|\n|t:|1733846901\n|switch|p1a: Emboar|Emboar, L84, F|322/322\n|turn|7\n|\n|t:|1733846906\n|switch|p2a: Jolteon|Jolteon, L84, M|246/246\n|move|p1a: Emboar|Trailblaze|p2a: Jolteon\n|-damage|p2a: Jolteon|194/246\n|-boost|p1a: Emboar|spe|1\n|\n|-heal|p2a: Jolteon|209/246|[from] item: Leftovers\n|upkeep\n|turn|8\n|-message|AmonTobi forfeited.\n|\n|win|dedededje\n|raw|dedededje's rating: 1178 &rarr; <strong>1201</strong><br />(+23 for winning)\n|raw|AmonTobi's rating: 1153 &rarr; <strong>1130</strong><br />(-23 for losing)\n|l|\u2606AmonTobi\n|player|p2|\n", "inputlog": ">version bfd83cad13791eb5a5a409923076391caf6fb4d4\n>start {\"formatid\":\"gen9randombattle\",\"seed\":[31504,1226,54123,21272],\"rated\":\"Rated battle\"}\n>player p1 {\"name\":\"dedededje\",\"avatar\":\"169\",\"rating\":1178,\"seed\":[19476,13283,29040,14780]}\n>player p2 {\"name\":\"AmonTobi\",\"avatar\":\"169\",\"rating\":1153,\"seed\":[42189,6641,39910,56412]}\n>p1 move knockoff\n>p2 move torchsong\n>p1 move knockoff\n>p2 move torchsong\n>p2 switch 3\n>p1 move knockoff\n>p2 move calmmind\n>p1 move gunkshot\n>p2 move calmmind\n>p1 move knockoff\n>p2 move earthpower\n>p2 switch 2\n>p1 move gunkshot\n>p2 move knockoff\n>p1 switch 5\n>p1 move trailblaze\n>p2 switch 4\n>forcelose p2", "uploadtime": 1733846923, "views": 3, "formatid": "gen9randombattle", "rating": 1130, "private": 0, "password": null}