{"id": "gen9randombattle-2259774836", "format": "[Gen 9] Random Battle", "players": ["saplington", "ananananji"], "log": "|j|\u203dsaplington\n|j|\u2606ananananji\n|t:|1733765456\n|gametype|singles\n|player|p1|saplington|1|1594\n|player|p2|ananananji|rosa|1620\n|teamsize|p1|6\n|teamsize|p2|6\n|gen|9\n|tier|[Gen 9] Random Battle\n|rated|\n|rule|Species Clause: Limit one of each Pok\u00e9mon\n|rule|HP Percentage Mod: HP is shown in percentages\n|rule|Sleep Clause Mod: Limit one foe put to sleep\n|rule|Illusion Level Mod: Illusion disguises the Pok\u00e9mon's true level\n|\n|t:|1733765456\n|start\n|switch|p1a: Decidueye|Decidueye-Hisui, L87, F|295/295\n|switch|p2a: Ceruledge|Ceruledge, L78, M|245/245\n|turn|1\n|inactive|Battle timer is ON: inactive players will automatically lose when time's up. (requested by ananananji)\n|\n|t:|1733765484\n|switch|p2a: Jumpluff|Jumpluff, L87, F|271/271\n|switch|p1a: Overqwil|Overqwil, L82, F|274/274\n|-ability|p1a: Overqwil|Intimidate|boost\n|-unboost|p2a: Jumpluff|atk|1\n|\n|upkeep\n|turn|2\n|\n|t:|1733765493\n|move|p2a: Jumpluff|Substitute|p2a: Jumpluff\n|-start|p2a: Jumpluff|Substitute\n|-damage|p2a: Jumpluff|204/271\n|move|p1a: Overqwil|Gunk Shot|p2a: Jumpluff\n|-supereffective|p2a: Jumpluff\n|-end|p2a: Jumpluff|Substitute\n|\n|upkeep\n|turn|3\n|\n|t:|1733765500\n|switch|p2a: Archaludon|Archaludon, L78, M|268/268\n|move|p1a: Overqwil|Gunk Shot|p2a: Archaludon\n|-immune|p2a: Archaludon\n|\n|upkeep\n|turn|4\n|\n|t:|1733765507\n|move|p1a: Overqwil|Swords Dance|p1a: Overqwil\n|-boost|p1a: Overqwil|atk|2\n|move|p2a: Archaludon|Dragon Tail|p1a: Overqwil\n|-damage|p1a: Overqwil|219/274\n|drag|p1a: Meganium|Meganium, L90, M|290/290\n|\n|upkeep\n|turn|5\n|\n|t:|1733765515\n|move|p1a: Meganium|Earthquake|p2a: Archaludon\n|-supereffective|p2a: Archaludon\n|-damage|p2a: Archaludon|125/268\n|-ability|p2a: Archaludon|Stamina|boost\n|-boost|p2a: Archaludon|def|1\n|-damage|p1a: Meganium|261/290|[from] item: Life Orb\n|move|p2a: Archaludon|Flash Cannon|p1a: Meganium\n|-damage|p1a: Meganium|189/290\n|\n|upkeep\n|turn|6\n|\n|t:|1733765524\n|move|p1a: Meganium|Swords Dance|p1a: Meganium\n|-boost|p1a: Meganium|atk|2\n|move|p2a: Archaludon|Body Press|p1a: Meganium\n|-damage|p1a: Meganium|116/290\n|\n|upkeep\n|turn|7\n|\n|t:|1733765530\n|switch|p2a: Jumpluff|Jumpluff, L87, F|204/271\n|move|p1a: Meganium|Earthquake|p2a: Jumpluff\n|-immune|p2a: Jumpluff\n|\n|upkeep\n|turn|8\n|\n|t:|1733765538\n|move|p2a: Jumpluff|Acrobatics|p1a: Meganium\n|-supereffective|p1a: Meganium\n|-damage|p1a: Meganium|0 fnt\n|faint|p1a: Meganium\n|\n|upkeep\n|\n|t:|1733765549\n|switch|p1a: Overqwil|Overqwil, L82, F|219/274\n|-ability|p1a: Overqwil|Intimidate|boost\n|-unboost|p2a: Jumpluff|atk|1\n|turn|9\n|\n|t:|1733765557\n|move|p2a: Jumpluff|Substitute|p2a: Jumpluff\n|-start|p2a: Jumpluff|Substitute\n|-damage|p2a: Jumpluff|137/271\n|move|p1a: Overqwil|Crunch|p2a: Jumpluff\n|-end|p2a: Jumpluff|Substitute\n|\n|upkeep\n|turn|10\n|\n|t:|1733765565\n|move|p2a: Jumpluff|Leech Seed|p1a: Overqwil\n|-start|p1a: Overqwil|move: Leech Seed\n|move|p1a: Overqwil|Crunch|p2a: Jumpluff\n|-damage|p2a: Jumpluff|25/271\n|\n|-damage|p1a: Overqwil|185/274|[from] Leech Seed|[of] p2a: Jumpluff\n|-heal|p2a: Jumpluff|59/271|[silent]\n|upkeep\n|turn|11\n|\n|t:|1733765572\n|move|p2a: Jumpluff|Strength Sap|p1a: Overqwil\n|-unboost|p1a: Overqwil|atk|1\n|-heal|p2a: Jumpluff|271/271\n|move|p1a: Overqwil|Crunch|p2a: Jumpluff\n|-damage|p2a: Jumpluff|196/271\n|-unboost|p2a: Jumpluff|def|1\n|\n|-damage|p1a: Overqwil|151/274|[from] Leech Seed|[of] p2a: Jumpluff\n|-heal|p2a: Jumpluff|230/271|[silent]\n|upkeep\n|turn|12\n|\n|t:|1733765584\n|switch|p2a: Archaludon|Archaludon, L78, M|125/268\n|move|p1a: Overqwil|Gunk Shot|p2a: Archaludon\n|-immune|p2a: Archaludon\n|\n|-damage|p1a: Overqwil|117/274|[from] Leech Seed|[of] p2a: Archaludon\n|-heal|p2a: Archaludon|159/268|[silent]\n|upkeep\n|turn|13\n|\n|t:|1733765592\n|switch|p1a: Decidueye|Decidueye-Hisui, L87, F|295/295\n|move|p2a: Archaludon|Dragon Tail|p1a: Decidueye\n|-damage|p1a: Decidueye|234/295\n|drag|p1a: Espathra|Espathra, L80, M|283/283\n|\n|upkeep\n|turn|14\n|\n|t:|1733765603\n|move|p1a: Espathra|Dazzling Gleam|p2a: Archaludon\n|-damage|p2a: Archaludon|86/268\n|-ability|p2a: Archaludon|Stamina|boost\n|-boost|p2a: Archaludon|def|1\n|move|p2a: Archaludon|Dragon Tail|p1a: Espathra|[miss]\n|-miss|p2a: Archaludon|p1a: Espathra\n|\n|-ability|p1a: Espathra|Speed Boost|boost\n|-boost|p1a: Espathra|spe|1\n|upkeep\n|turn|15\n|\n|t:|1733765612\n|-terastallize|p1a: Espathra|Fairy\n|move|p1a: Espathra|Dazzling Gleam|p2a: Archaludon\n|-damage|p2a: Archaludon|0 fnt\n|faint|p2a: Archaludon\n|\n|-ability|p1a: Espathra|Speed Boost|boost\n|-boost|p1a: Espathra|spe|1\n|upkeep\n|\n|t:|1733765619\n|switch|p2a: Victreebel|Victreebel, L90, F|290/290\n|turn|16\n|\n|t:|1733765623\n|switch|p1a: Overqwil|Overqwil, L82, F|117/274\n|-ability|p1a: Overqwil|Intimidate|boost\n|-unboost|p2a: Victreebel|atk|1\n|move|p2a: Victreebel|Swords Dance|p2a: Victreebel\n|-boost|p2a: Victreebel|atk|2\n|\n|upkeep\n|turn|17\n|\n|t:|1733765633\n|move|p1a: Overqwil|Crunch|p2a: Victreebel\n|-damage|p2a: Victreebel|182/290\n|move|p2a: Victreebel|Power Whip|p1a: Overqwil|[miss]\n|-miss|p2a: Victreebel|p1a: Overqwil\n|\n|upkeep\n|turn|18\n|\n|t:|1733765645\n|move|p1a: Overqwil|Crunch|p2a: Victreebel\n|-damage|p2a: Victreebel|83/290\n|move|p2a: Victreebel|Power Whip|p1a: Overqwil\n|-resisted|p1a: Overqwil\n|-damage|p1a: Overqwil|0 fnt\n|faint|p1a: Overqwil\n|-damage|p2a: Victreebel|54/290|[from] item: Life Orb\n|\n|upkeep\n|\n|t:|1733765655\n|switch|p1a: Arcanine|Arcanine-Hisui, L80, M|283/283\n|turn|19\n|\n|t:|1733765659\n|move|p1a: Arcanine|Extreme Speed|p2a: Victreebel\n|-damage|p2a: Victreebel|0 fnt\n|faint|p2a: Victreebel\n|\n|upkeep\n|\n|t:|1733765662\n|switch|p2a: Greedent|Greedent, L86, M|347/347\n|turn|20\n|\n|t:|1733765671\n|switch|p1a: Eelektross|Eelektross, L87, F|290/290\n|move|p2a: Greedent|Earthquake|p1a: Eelektross\n|-immune|p1a: Eelektross|[from] ability: Levitate\n|\n|upkeep\n|turn|21\n|\n|t:|1733765678\n|move|p1a: Eelektross|Knock Off|p2a: Greedent\n|-damage|p2a: Greedent|269/347\n|-enditem|p2a: Greedent|Sitrus Berry|[from] move: Knock Off|[of] p1a: Eelektross\n|move|p2a: Greedent|Swords Dance|p2a: Greedent\n|-boost|p2a: Greedent|atk|2\n|\n|upkeep\n|turn|22\n|\n|t:|1733765685\n|move|p1a: Eelektross|Discharge|p2a: Greedent\n|-damage|p2a: Greedent|154/347\n|-status|p2a: Greedent|par\n|cant|p2a: Greedent|par\n|\n|upkeep\n|turn|23\n|\n|t:|1733765693\n|move|p1a: Eelektross|Flamethrower|p2a: Greedent\n|-damage|p2a: Greedent|81/347 par\n|cant|p2a: Greedent|par\n|\n|upkeep\n|turn|24\n|\n|t:|1733765698\n|move|p1a: Eelektross|Discharge|p2a: Greedent\n|-damage|p2a: Greedent|0 fnt\n|faint|p2a: Greedent\n|\n|upkeep\n|\n|t:|1733765700\n|switch|p2a: Muk|Muk-Alola, L82, M|306/306\n|turn|25\n|\n|t:|1733765714\n|move|p1a: Eelektross|U-turn|p2a: Muk\n|-damage|p2a: Muk|233/306\n|\n|t:|1733765724\n|switch|p1a: Decidueye|Decidueye-Hisui, L87, F|234/295|[from] U-turn\n|move|p2a: Muk|Knock Off|p1a: Decidueye\n|-resisted|p1a: Decidueye\n|-damage|p1a: Decidueye|180/295\n|-status|p1a: Decidueye|psn|[from] ability: Poison Touch|[of] p2a: Muk\n|-enditem|p1a: Decidueye|Leftovers|[from] move: Knock Off|[of] p2a: Muk\n|\n|-damage|p1a: Decidueye|144/295 psn|[from] psn\n|upkeep\n|turn|26\n|\n|t:|1733765736\n|switch|p2a: Jumpluff|Jumpluff, L87, F|230/271\n|move|p1a: Decidueye|Triple Arrows|p2a: Jumpluff\n|-resisted|p2a: Jumpluff\n|-crit|p2a: Jumpluff\n|-damage|p2a: Jumpluff|127/271\n|\n|-damage|p1a: Decidueye|108/295 psn|[from] psn\n|upkeep\n|turn|27\n|\n|t:|1733765747\n|move|p2a: Jumpluff|Strength Sap|p1a: Decidueye\n|-unboost|p1a: Decidueye|atk|1\n|-heal|p2a: Jumpluff|271/271\n|move|p1a: Decidueye|U-turn|p2a: Jumpluff\n|-damage|p2a: Jumpluff|226/271\n|\n|t:|1733765755\n|switch|p1a: Eelektross|Eelektross, L87, F|290/290|[from] U-turn\n|\n|upkeep\n|turn|28\n|\n|t:|1733765761\n|move|p2a: Jumpluff|Leech Seed|p1a: Eelektross|[miss]\n|-miss|p2a: Jumpluff|p1a: Eelektross\n|move|p1a: Eelektross|Flamethrower|p2a: Jumpluff\n|-supereffective|p2a: Jumpluff\n|-damage|p2a: Jumpluff|84/271\n|\n|upkeep\n|turn|29\n|\n|t:|1733765768\n|move|p2a: Jumpluff|Strength Sap|p1a: Eelektross\n|-unboost|p1a: Eelektross|atk|1\n|-heal|p2a: Jumpluff|271/271\n|move|p1a: Eelektross|Flamethrower|p2a: Jumpluff\n|-supereffective|p2a: Jumpluff\n|-damage|p2a: Jumpluff|129/271\n|\n|upkeep\n|turn|30\n|\n|t:|1733765775\n|switch|p2a: Muk|Muk-Alola, L82, M|233/306\n|move|p1a: Eelektross|Flamethrower|p2a: Muk\n|-damage|p2a: Muk|184/306\n|\n|upkeep\n|turn|31\n|\n|t:|1733765784\n|move|p1a: Eelektross|U-turn|p2a: Muk\n|-damage|p2a: Muk|139/306\n|\n|t:|1733765787\n|switch|p1a: Decidueye|Decidueye-Hisui, L87, F|108/295 psn|[from] U-turn\n|move|p2a: Muk|Knock Off|p1a: Decidueye\n|-resisted|p1a: Decidueye\n|-damage|p1a: Decidueye|72/295 psn\n|\n|-damage|p1a: Decidueye|36/295 psn|[from] psn\n|upkeep\n|turn|32\n|\n|t:|1733765799\n|move|p2a: Muk|Shadow Sneak|p1a: Decidueye\n|-damage|p1a: Decidueye|7/295 psn\n|move|p1a: Decidueye|Triple Arrows|p2a: Muk\n|-damage|p2a: Muk|6/306\n|-unboost|p2a: Muk|def|1\n|\n|-damage|p1a: Decidueye|0 fnt|[from] psn\n|faint|p1a: Decidueye\n|upkeep\n|inactive|saplington has 120 seconds left.\n|\n|t:|1733765828\n|switch|p1a: Eelektross|Eelektross, L87, F|290/290\n|turn|33\n|\n|t:|1733765832\n|move|p2a: Muk|Shadow Sneak|p1a: Eelektross\n|-damage|p1a: Eelektross|260/290\n|move|p1a: Eelektross|Flamethrower|p2a: Muk\n|-damage|p2a: Muk|0 fnt\n|faint|p2a: Muk\n|\n|upkeep\n|\n|t:|1733765834\n|switch|p2a: Jumpluff|Jumpluff, L87, F|129/271\n|turn|34\n|\n|t:|1733765840\n|move|p2a: Jumpluff|Leech Seed|p1a: Eelektross\n|-start|p1a: Eelektross|move: Leech Seed\n|move|p1a: Eelektross|Flamethrower|p2a: Jumpluff\n|-supereffective|p2a: Jumpluff\n|-damage|p2a: Jumpluff|3/271\n|\n|-damage|p1a: Eelektross|224/290|[from] Leech Seed|[of] p2a: Jumpluff\n|-heal|p2a: Jumpluff|39/271|[silent]\n|upkeep\n|turn|35\n|\n|t:|1733765848\n|move|p2a: Jumpluff|Strength Sap|p1a: Eelektross\n|-unboost|p1a: Eelektross|atk|1\n|-heal|p2a: Jumpluff|271/271\n|move|p1a: Eelektross|Flamethrower|p2a: Jumpluff\n|-supereffective|p2a: Jumpluff\n|-damage|p2a: Jumpluff|149/271\n|\n|-damage|p1a: Eelektross|188/290|[from] Leech Seed|[of] p2a: Jumpluff\n|-heal|p2a: Jumpluff|185/271|[silent]\n|upkeep\n|turn|36\n|\n|t:|1733765861\n|switch|p1a: Espathra|Espathra, L80, M, tera:Fairy|283/283\n|move|p2a: Jumpluff|Substitute|p2a: Jumpluff\n|-start|p2a: Jumpluff|Substitute\n|-damage|p2a: Jumpluff|118/271\n|\n|upkeep\n|turn|37\n|\n|t:|1733765870\n|move|p2a: Jumpluff|Leech Seed|p1a: Espathra\n|-start|p1a: Espathra|move: Leech Seed\n|move|p1a: Espathra|U-turn|p2a: Jumpluff\n|-activate|p2a: Jumpluff|move: Substitute|[damage]\n|\n|t:|1733765875\n|switch|p1a: Arcanine|Arcanine-Hisui, L80, M|283/283|[from] U-turn\n|\n|upkeep\n|turn|38\n|\n|t:|1733765882\n|move|p2a: Jumpluff|Strength Sap|p1a: Arcanine\n|-unboost|p1a: Arcanine|atk|1\n|-heal|p2a: Jumpluff|271/271\n|move|p1a: Arcanine|Head Smash|p2a: Jumpluff\n|-supereffective|p2a: Jumpluff\n|-end|p2a: Jumpluff|Substitute\n|\n|upkeep\n|turn|39\n|\n|t:|1733765891\n|switch|p1a: Eelektross|Eelektross, L87, F|188/290\n|move|p2a: Jumpluff|Substitute|p2a: Jumpluff\n|-start|p2a: Jumpluff|Substitute\n|-damage|p2a: Jumpluff|204/271\n|\n|upkeep\n|turn|40\n|\n|t:|1733765900\n|move|p2a: Jumpluff|Leech Seed|p1a: Eelektross\n|-start|p1a: Eelektross|move: Leech Seed\n|move|p1a: Eelektross|Flamethrower|p2a: Jumpluff\n|-supereffective|p2a: Jumpluff\n|-end|p2a: Jumpluff|Substitute\n|\n|-damage|p1a: Eelektross|152/290|[from] Leech Seed|[of] p2a: Jumpluff\n|-heal|p2a: Jumpluff|240/271|[silent]\n|upkeep\n|turn|41\n|\n|t:|1733765907\n|move|p2a: Jumpluff|Substitute|p2a: Jumpluff\n|-start|p2a: Jumpluff|Substitute\n|-damage|p2a: Jumpluff|173/271\n|move|p1a: Eelektross|Flamethrower|p2a: Jumpluff\n|-supereffective|p2a: Jumpluff\n|-end|p2a: Jumpluff|Substitute\n|\n|-damage|p1a: Eelektross|116/290|[from] Leech Seed|[of] p2a: Jumpluff\n|-heal|p2a: Jumpluff|209/271|[silent]\n|upkeep\n|turn|42\n|\n|t:|1733765915\n|move|p2a: Jumpluff|Substitute|p2a: Jumpluff\n|-start|p2a: Jumpluff|Substitute\n|-damage|p2a: Jumpluff|142/271\n|move|p1a: Eelektross|Flamethrower|p2a: Jumpluff\n|-supereffective|p2a: Jumpluff\n|-end|p2a: Jumpluff|Substitute\n|\n|-damage|p1a: Eelektross|80/290|[from] Leech Seed|[of] p2a: Jumpluff\n|-heal|p2a: Jumpluff|178/271|[silent]\n|upkeep\n|turn|43\n|\n|t:|1733765923\n|move|p2a: Jumpluff|Substitute|p2a: Jumpluff\n|-start|p2a: Jumpluff|Substitute\n|-damage|p2a: Jumpluff|111/271\n|move|p1a: Eelektross|Flamethrower|p2a: Jumpluff\n|-supereffective|p2a: Jumpluff\n|-end|p2a: Jumpluff|Substitute\n|\n|-damage|p1a: Eelektross|44/290|[from] Leech Seed|[of] p2a: Jumpluff\n|-heal|p2a: Jumpluff|147/271|[silent]\n|upkeep\n|turn|44\n|\n|t:|1733765935\n|move|p2a: Jumpluff|Substitute|p2a: Jumpluff\n|-start|p2a: Jumpluff|Substitute\n|-damage|p2a: Jumpluff|80/271\n|move|p1a: Eelektross|Flamethrower|p2a: Jumpluff\n|-supereffective|p2a: Jumpluff\n|-end|p2a: Jumpluff|Substitute\n|\n|-damage|p1a: Eelektross|8/290|[from] Leech Seed|[of] p2a: Jumpluff\n|-heal|p2a: Jumpluff|116/271|[silent]\n|upkeep\n|turn|45\n|\n|t:|1733765949\n|move|p2a: Jumpluff|Strength Sap|p1a: Eelektross\n|-unboost|p1a: Eelektross|atk|1\n|-heal|p2a: Jumpluff|271/271\n|move|p1a: Eelektross|Flamethrower|p2a: Jumpluff\n|-supereffective|p2a: Jumpluff\n|-damage|p2a: Jumpluff|129/271\n|\n|-damage|p1a: Eelektross|0 fnt|[from] Leech Seed|[of] p2a: Jumpluff\n|-heal|p2a: Jumpluff|137/271|[silent]\n|faint|p1a: Eelektross\n|upkeep\n|\n|t:|1733765962\n|switch|p1a: Arcanine|Arcanine-Hisui, L80, M|283/283\n|turn|46\n|\n|t:|1733765966\n|move|p2a: Jumpluff|Strength Sap|p1a: Arcanine\n|-unboost|p1a: Arcanine|atk|1\n|-heal|p2a: Jumpluff|271/271\n|move|p1a: Arcanine|Flare Blitz|p2a: Jumpluff\n|-supereffective|p2a: Jumpluff\n|-damage|p2a: Jumpluff|85/271\n|\n|upkeep\n|turn|47\n|\n|t:|1733765976\n|move|p2a: Jumpluff|Strength Sap|p1a: Arcanine\n|-unboost|p1a: Arcanine|atk|1\n|-heal|p2a: Jumpluff|238/271\n|move|p1a: Arcanine|Flare Blitz|p2a: Jumpluff\n|-supereffective|p2a: Jumpluff\n|-damage|p2a: Jumpluff|92/271\n|\n|upkeep\n|turn|48\n|\n|t:|1733765989\n|move|p2a: Jumpluff|Strength Sap|p1a: Arcanine\n|-unboost|p1a: Arcanine|atk|1\n|-heal|p2a: Jumpluff|207/271\n|move|p1a: Arcanine|Flare Blitz|p2a: Jumpluff\n|-supereffective|p2a: Jumpluff\n|-damage|p2a: Jumpluff|75/271\n|\n|upkeep\n|turn|49\n|\n|t:|1733765999\n|switch|p2a: Ceruledge|Ceruledge, L78, M|245/245\n|move|p1a: Arcanine|Flare Blitz|p2a: Ceruledge\n|-resisted|p2a: Ceruledge\n|-damage|p2a: Ceruledge|212/245\n|-ability|p2a: Ceruledge|Weak Armor|boost\n|-unboost|p2a: Ceruledge|def|1\n|-boost|p2a: Ceruledge|spe|2\n|\n|upkeep\n|turn|50\n|\n|t:|1733766012\n|switch|p1a: Espathra|Espathra, L80, M, tera:Fairy|283/283\n|move|p2a: Ceruledge|Swords Dance|p2a: Ceruledge\n|-boost|p2a: Ceruledge|atk|2\n|\n|upkeep\n|turn|51\n|\n|t:|1733766019\n|-terastallize|p2a: Ceruledge|Ghost\n|move|p2a: Ceruledge|Poltergeist|p1a: Espathra\n|-activate|p1a: Espathra|move: Poltergeist|Choice Specs\n|-damage|p1a: Espathra|0 fnt\n|faint|p1a: Espathra\n|\n|upkeep\n|\n|t:|1733766026\n|switch|p1a: Arcanine|Arcanine-Hisui, L80, M|283/283\n|turn|52\n|\n|t:|1733766028\n|move|p2a: Ceruledge|Poltergeist|p1a: Arcanine\n|-activate|p1a: Arcanine|move: Poltergeist|Heavy-Duty Boots\n|-damage|p1a: Arcanine|0 fnt\n|faint|p1a: Arcanine\n|\n|win|ananananji\n|raw|saplington's rating: 1594 &rarr; <strong>1575</strong><br />(-19 for losing)\n|raw|ananananji's rating: 1620 &rarr; <strong>1639</strong><br />(+19 for winning)\n", "inputlog": ">version bfd83cad13791eb5a5a409923076391caf6fb4d4\n>start {\"formatid\":\"gen9randombattle\",\"seed\":[18823,35990,21160,7559],\"rated\":\"Rated battle\"}\n>player p1 {\"name\":\"saplington\",\"avatar\":\"1\",\"rating\":1594,\"seed\":[51328,39257,15354,24592]}\n>player p2 {\"name\":\"ananananji\",\"avatar\":\"rosa\",\"rating\":1620,\"seed\":[39424,27761,18224,5230]}\n>p1 switch 4\n>p2 switch 6\n>p1 move gunkshot\n>p2 move substitute\n>p1 move gunkshot\n>p2 switch 3\n>p1 move swordsdance\n>p2 move dragontail\n>p1 move earthquake\n>p2 move flashcannon\n>p1 move swordsdance\n>p2 move bodypress\n>p1 move earthquake\n>p2 switch 3\n>p1 move petalblizzard\n>p2 move acrobatics\n>p1 switch 5\n>p1 move crunch\n>p2 move substitute\n>p1 move crunch\n>p2 move leechseed\n>p1 move crunch\n>p2 move strengthsap\n>p1 move gunkshot\n>p2 switch 3\n>p1 switch 4\n>p2 move dragontail\n>p1 move dazzlinggleam\n>p2 move dragontail\n>p1 move dazzlinggleam terastallize\n>p2 move flashcannon\n>p2 switch 5\n>p1 switch 4\n>p2 move swordsdance\n>p1 move crunch\n>p2 move powerwhip\n>p1 move crunch\n>p2 move powerwhip\n>p1 switch 2\n>p1 move extremespeed\n>p2 move suckerpunch\n>p2 switch 2\n>p1 switch 3\n>p2 move earthquake\n>p1 move knockoff\n>p2 move swordsdance\n>p1 move discharge\n>p2 move bodyslam\n>p1 move flamethrower\n>p2 move bodyslam\n>p1 move discharge\n>p2 move bodyslam\n>p2 switch 4\n>p1 move uturn\n>p2 move knockoff\n>p1 switch 6\n>p1 move triplearrows\n>p2 switch 3\n>p1 move uturn\n>p2 move strengthsap\n>p1 switch 6\n>p1 move flamethrower\n>p2 move leechseed\n>p1 move flamethrower\n>p2 move strengthsap\n>p1 move flamethrower\n>p2 switch 3\n>p1 move uturn\n>p2 move knockoff\n>p1 switch 6\n>p1 move triplearrows\n>p2 move shadowsneak\n>p1 switch 6\n>p1 move flamethrower\n>p2 move shadowsneak\n>p2 switch 3\n>p1 move flamethrower\n>p2 move leechseed\n>p1 move flamethrower\n>p2 move strengthsap\n>p1 switch 4\n>p2 move substitute\n>p1 move uturn\n>p2 move leechseed\n>p1 switch 3\n>p1 move headsmash\n>p2 move strengthsap\n>p1 switch 4\n>p2 move substitute\n>p1 move flamethrower\n>p2 move leechseed\n>p1 move flamethrower\n>p2 move substitute\n>p1 move flamethrower\n>p2 move substitute\n>p1 move flamethrower\n>p2 move substitute\n>p1 move flamethrower\n>p2 move substitute\n>p1 move flamethrower\n>p2 move strengthsap\n>p1 switch 4\n>p1 move flareblitz\n>p2 move strengthsap\n>p1 move flareblitz\n>p2 move strengthsap\n>p1 move flareblitz\n>p2 move strengthsap\n>p1 move flareblitz\n>p2 switch 6\n>p1 switch 3\n>p2 move swordsdance\n>p1 move shadowball\n>p2 move poltergeist terastallize\n>p1 switch 3\n>p1 move headsmash\n>p2 move poltergeist", "uploadtime": 1733766031, "views": 1, "formatid": "gen9randombattle", "rating": 1575, "private": 0, "password": null}