{"id": "gen9randombattle-2260578889", "format": "[Gen 9] Random Battle", "players": ["Tere1997", "lolurbadbadbad"], "log": "|j|\u2606Tere1997\n|j|\u2606lolurbadbadbad\n|t:|1733865553\n|gametype|singles\n|player|p1|Tere1997|gardenia|1066\n|player|p2|lolurbadbadbad|acetrainer-gen4dp|1022\n|teamsize|p1|6\n|teamsize|p2|6\n|gen|9\n|tier|[Gen 9] Random Battle\n|rated|\n|rule|Species Clause: Limit one of each Pok\u00e9mon\n|rule|HP Percentage Mod: HP is shown in percentages\n|rule|Sleep Clause Mod: Limit one foe put to sleep\n|rule|Illusion Level Mod: Illusion disguises the Pok\u00e9mon's true level\n|\n|t:|1733865553\n|start\n|switch|p1a: Sneasler|Sneasler, L74, F|240/240\n|switch|p2a: Kleavor|Kleavor, L78, F|237/237\n|turn|1\n|\n|t:|1733865575\n|-terastallize|p1a: Sneasler|Fighting\n|move|p1a: Sneasler|Gunk Shot|p2a: Kleavor\n|-resisted|p2a: Kleavor\n|-damage|p2a: Kleavor|143/237\n|move|p2a: Kleavor|Stone Axe|p1a: Sneasler\n|-resisted|p1a: Sneasler\n|-crit|p1a: Sneasler\n|-damage|p1a: Sneasler|36/240\n|-sidestart|p1: Tere1997|move: Stealth Rock\n|\n|upkeep\n|turn|2\n|\n|t:|1733865588\n|move|p1a: Sneasler|Gunk Shot|p2a: Kleavor\n|-resisted|p2a: Kleavor\n|-damage|p2a: Kleavor|44/237\n|move|p2a: Kleavor|Stone Axe|p1a: Sneasler\n|-resisted|p1a: Sneasler\n|-damage|p1a: Sneasler|0 fnt\n|faint|p1a: Sneasler\n|\n|upkeep\n|\n|t:|1733865611\n|switch|p1a: Hitmontop|Hitmontop, L88, M|231/231\n|-damage|p1a: Hitmontop|217/231|[from] Stealth Rock\n|-ability|p1a: Hitmontop|Intimidate|boost\n|-unboost|p2a: Kleavor|atk|1\n|turn|3\n|\n|t:|1733865634\n|move|p2a: Kleavor|Stone Axe|p1a: Hitmontop\n|-resisted|p1a: Hitmontop\n|-damage|p1a: Hitmontop|168/231\n|move|p1a: Hitmontop|Rapid Spin|p2a: Kleavor\n|-resisted|p2a: Kleavor\n|-damage|p2a: Kleavor|26/237\n|-boost|p1a: Hitmontop|spe|1\n|-sideend|p1: Tere1997|Stealth Rock|[from] move: Rapid Spin|[of] p1a: Hitmontop\n|\n|upkeep\n|turn|4\n|\n|t:|1733865661\n|move|p1a: Hitmontop|Stone Edge|p2a: Kleavor\n|-supereffective|p2a: Kleavor\n|-damage|p2a: Kleavor|0 fnt\n|faint|p2a: Kleavor\n|\n|upkeep\n|\n|t:|1733865672\n|switch|p2a: Vivillon|Vivillon-Elegant, L84, M|272/272\n|turn|5\n|\n|t:|1733865677\n|move|p1a: Hitmontop|Close Combat|p2a: Vivillon\n|-resisted|p2a: Vivillon\n|-damage|p2a: Vivillon|218/272\n|-unboost|p1a: Hitmontop|def|1\n|-unboost|p1a: Hitmontop|spd|1\n|move|p2a: Vivillon|Sleep Powder|p1a: Hitmontop\n|-status|p1a: Hitmontop|slp|[from] move: Sleep Powder\n|\n|upkeep\n|turn|6\n|\n|t:|1733865688\n|cant|p1a: Hitmontop|slp\n|move|p2a: Vivillon|Quiver Dance|p2a: Vivillon\n|-boost|p2a: Vivillon|spa|1\n|-boost|p2a: Vivillon|spd|1\n|-boost|p2a: Vivillon|spe|1\n|\n|upkeep\n|turn|7\n|\n|t:|1733865695\n|cant|p1a: Hitmontop|slp\n|move|p2a: Vivillon|Quiver Dance|p2a: Vivillon\n|-boost|p2a: Vivillon|spa|1\n|-boost|p2a: Vivillon|spd|1\n|-boost|p2a: Vivillon|spe|1\n|\n|upkeep\n|turn|8\n|\n|t:|1733865702\n|move|p2a: Vivillon|Hurricane|p1a: Hitmontop\n|-supereffective|p1a: Hitmontop\n|-damage|p1a: Hitmontop|0 fnt\n|faint|p1a: Hitmontop\n|\n|upkeep\n|\n|t:|1733865709\n|switch|p1a: Ampharos|Ampharos, L88, F|302/302\n|turn|9\n|\n|t:|1733865716\n|move|p2a: Vivillon|Hurricane|p1a: Ampharos\n|-resisted|p1a: Ampharos\n|-damage|p1a: Ampharos|230/302\n|move|p1a: Ampharos|Discharge|p2a: Vivillon\n|-supereffective|p2a: Vivillon\n|-damage|p2a: Vivillon|56/272\n|\n|upkeep\n|turn|10\n|\n|t:|1733865724\n|move|p2a: Vivillon|Bug Buzz|p1a: Ampharos\n|-damage|p1a: Ampharos|118/302\n|move|p1a: Ampharos|Discharge|p2a: Vivillon\n|-supereffective|p2a: Vivillon\n|-damage|p2a: Vivillon|0 fnt\n|faint|p2a: Vivillon\n|\n|upkeep\n|\n|t:|1733865730\n|switch|p2a: Ursaluna|Ursaluna-Bloodmoon, L79, M|308/308\n|turn|11\n|\n|t:|1733865739\n|switch|p1a: Sinistcha|Sinistcha-Masterpiece, L83|254/254\n|move|p2a: Ursaluna|Blood Moon|p1a: Sinistcha\n|-damage|p1a: Sinistcha|56/254\n|\n|-heal|p1a: Sinistcha|71/254|[from] item: Leftovers\n|upkeep\n|turn|12\n|\n|t:|1733865752\n|move|p1a: Sinistcha|Matcha Gotcha|p2a: Ursaluna\n|-supereffective|p2a: Ursaluna\n|-damage|p2a: Ursaluna|26/308\n|-heal|p1a: Sinistcha|212/254|[from] drain|[of] p2a: Ursaluna\n|-status|p2a: Ursaluna|brn\n|move|p2a: Ursaluna|Calm Mind|p2a: Ursaluna\n|-boost|p2a: Ursaluna|spa|1\n|-boost|p2a: Ursaluna|spd|1\n|\n|-heal|p1a: Sinistcha|227/254|[from] item: Leftovers\n|-heal|p2a: Ursaluna|45/308 brn|[from] item: Leftovers\n|-damage|p2a: Ursaluna|26/308 brn|[from] brn\n|upkeep\n|turn|13\n|\n|t:|1733865769\n|-terastallize|p2a: Ursaluna|Poison\n|move|p1a: Sinistcha|Matcha Gotcha|p2a: Ursaluna\n|-resisted|p2a: Ursaluna\n|-damage|p2a: Ursaluna|0 fnt\n|-heal|p1a: Sinistcha|240/254|[from] drain|[of] p2a: Ursaluna\n|faint|p2a: Ursaluna\n|\n|-heal|p1a: Sinistcha|254/254|[from] item: Leftovers\n|upkeep\n|\n|t:|1733865779\n|switch|p2a: Grimmsnarl|Grimmsnarl, L83, M|293/293\n|turn|14\n|\n|t:|1733865785\n|move|p2a: Grimmsnarl|Sucker Punch|p1a: Sinistcha\n|-supereffective|p1a: Sinistcha\n|-damage|p1a: Sinistcha|114/254\n|move|p1a: Sinistcha|Shadow Ball|p2a: Grimmsnarl\n|-resisted|p2a: Grimmsnarl\n|-damage|p2a: Grimmsnarl|241/293\n|-unboost|p2a: Grimmsnarl|spd|1\n|\n|-heal|p1a: Sinistcha|129/254|[from] item: Leftovers\n|-heal|p2a: Grimmsnarl|259/293|[from] item: Leftovers\n|upkeep\n|turn|15\n|\n|t:|1733865798\n|move|p2a: Grimmsnarl|Sucker Punch||[still]\n|-fail|p2a: Grimmsnarl\n|move|p1a: Sinistcha|Strength Sap|p2a: Grimmsnarl\n|-unboost|p2a: Grimmsnarl|atk|1\n|-heal|p1a: Sinistcha|254/254\n|\n|-heal|p2a: Grimmsnarl|277/293|[from] item: Leftovers\n|upkeep\n|turn|16\n|\n|t:|1733865811\n|switch|p1a: Incineroar|Incineroar, L82, M|290/290\n|-ability|p1a: Incineroar|Intimidate|boost\n|-unboost|p2a: Grimmsnarl|atk|1\n|move|p2a: Grimmsnarl|Spirit Break|p1a: Incineroar\n|-damage|p1a: Incineroar|241/290\n|-unboost|p1a: Incineroar|spa|1\n|\n|-heal|p2a: Grimmsnarl|293/293|[from] item: Leftovers\n|upkeep\n|turn|17\n|\n|t:|1733865842\n|switch|p2a: Ogerpon|Ogerpon-Cornerstone, L76, F|247/247\n|move|p1a: Incineroar|Flare Blitz|p2a: Ogerpon\n|-damage|p2a: Ogerpon|87/247\n|-damage|p1a: Incineroar|188/290|[from] Recoil\n|\n|upkeep\n|turn|18\n|\n|t:|1733865854\n|move|p2a: Ogerpon|Superpower|p1a: Incineroar\n|-supereffective|p1a: Incineroar\n|-damage|p1a: Incineroar|0 fnt\n|-unboost|p2a: Ogerpon|atk|1\n|-unboost|p2a: Ogerpon|def|1\n|faint|p1a: Incineroar\n|\n|upkeep\n|\n|t:|1733865862\n|switch|p1a: Gumshoos|Gumshoos, L95, M|321/321\n|turn|19\n|\n|t:|1733865868\n|move|p2a: Ogerpon|Superpower|p1a: Gumshoos\n|-supereffective|p1a: Gumshoos\n|-damage|p1a: Gumshoos|175/321\n|-unboost|p2a: Ogerpon|atk|1\n|-unboost|p2a: Ogerpon|def|1\n|move|p1a: Gumshoos|Earthquake|p2a: Ogerpon\n|-damage|p2a: Ogerpon|0 fnt\n|faint|p2a: Ogerpon\n|\n|upkeep\n|\n|t:|1733865881\n|switch|p2a: Grimmsnarl|Grimmsnarl, L83, M|293/293\n|turn|20\n|\n|t:|1733865885\n|move|p2a: Grimmsnarl|Parting Shot|p1a: Gumshoos\n|-unboost|p1a: Gumshoos|atk|1\n|-unboost|p1a: Gumshoos|spa|1\n|\n|t:|1733865888\n|switch|p2a: Pyroar|Pyroar, L88, M|295/295|[from] Parting Shot\n|-ability|p2a: Pyroar|Unnerve\n|move|p1a: Gumshoos|Earthquake|p2a: Pyroar\n|-supereffective|p2a: Pyroar\n|-damage|p2a: Pyroar|0 fnt\n|faint|p2a: Pyroar\n|\n|upkeep\n|\n|t:|1733865892\n|switch|p2a: Grimmsnarl|Grimmsnarl, L83, M|293/293\n|turn|21\n|\n|t:|1733865900\n|move|p2a: Grimmsnarl|Spirit Break|p1a: Gumshoos\n|-damage|p1a: Gumshoos|75/321\n|-unboost|p1a: Gumshoos|spa|1\n|move|p1a: Gumshoos|Earthquake|p2a: Grimmsnarl\n|-damage|p2a: Grimmsnarl|157/293\n|\n|-heal|p2a: Grimmsnarl|175/293|[from] item: Leftovers\n|upkeep\n|turn|22\n|\n|t:|1733865910\n|move|p2a: Grimmsnarl|Spirit Break|p1a: Gumshoos\n|-damage|p1a: Gumshoos|0 fnt\n|faint|p1a: Gumshoos\n|\n|-heal|p2a: Grimmsnarl|193/293|[from] item: Leftovers\n|upkeep\n|\n|t:|1733865919\n|switch|p1a: Sinistcha|Sinistcha-Masterpiece, L83|254/254\n|turn|23\n|\n|t:|1733865925\n|move|p2a: Grimmsnarl|Sucker Punch|p1a: Sinistcha\n|-supereffective|p1a: Sinistcha\n|-damage|p1a: Sinistcha|92/254\n|move|p1a: Sinistcha|Shadow Ball|p2a: Grimmsnarl\n|-resisted|p2a: Grimmsnarl\n|-damage|p2a: Grimmsnarl|138/293\n|\n|-heal|p1a: Sinistcha|107/254|[from] item: Leftovers\n|-heal|p2a: Grimmsnarl|156/293|[from] item: Leftovers\n|upkeep\n|turn|24\n|\n|t:|1733865937\n|move|p2a: Grimmsnarl|Taunt|p1a: Sinistcha\n|-start|p1a: Sinistcha|move: Taunt\n|move|p1a: Sinistcha|Matcha Gotcha|p2a: Grimmsnarl\n|-damage|p2a: Grimmsnarl|47/293\n|-heal|p1a: Sinistcha|162/254|[from] drain|[of] p2a: Grimmsnarl\n|\n|-heal|p1a: Sinistcha|177/254|[from] item: Leftovers\n|-heal|p2a: Grimmsnarl|65/293|[from] item: Leftovers\n|upkeep\n|turn|25\n|\n|t:|1733865949\n|move|p2a: Grimmsnarl|Sucker Punch|p1a: Sinistcha\n|-supereffective|p1a: Sinistcha\n|-damage|p1a: Sinistcha|27/254\n|move|p1a: Sinistcha|Matcha Gotcha|p2a: Grimmsnarl\n|-damage|p2a: Grimmsnarl|0 fnt\n|-heal|p1a: Sinistcha|60/254|[from] drain|[of] p2a: Grimmsnarl\n|faint|p2a: Grimmsnarl\n|\n|win|Tere1997\n|raw|Tere1997's rating: 1066 &rarr; <strong>1092</strong><br />(+26 for winning)\n|raw|lolurbadbadbad's rating: 1022 &rarr; <strong>1010</strong><br />(-12 for losing)\n|l|\u2606lolurbadbadbad\n|player|p2|\n", "inputlog": ">version bfd83cad13791eb5a5a409923076391caf6fb4d4\n>start {\"formatid\":\"gen9randombattle\",\"seed\":[33270,45321,2711,19024],\"rated\":\"Rated battle\"}\n>player p1 {\"name\":\"Tere1997\",\"avatar\":\"gardenia\",\"rating\":1066,\"seed\":[65097,10731,48526,21903]}\n>player p2 {\"name\":\"lolurbadbadbad\",\"avatar\":\"acetrainer-gen4dp\",\"rating\":1022,\"seed\":[25540,44841,34897,6910]}\n>p1 move gunkshot terastallize\n>p2 move stoneaxe\n>p1 move gunkshot\n>p2 move stoneaxe\n>p1 switch 2\n>p1 move rapidspin\n>p2 move stoneaxe\n>p1 move stoneedge\n>p2 move stoneaxe\n>p2 switch 6\n>p1 move closecombat\n>p2 move sleeppowder\n>p1 move stoneedge\n>p2 move quiverdance\n>p1 move suckerpunch\n>p2 move quiverdance\n>p1 move closecombat\n>p2 move hurricane\n>p1 switch 5\n>p1 move discharge\n>p2 move hurricane\n>p1 move discharge\n>p2 move bugbuzz\n>p2 switch 3\n>p1 switch 6\n>p2 move bloodmoon\n>p1 move matchagotcha\n>p2 move calmmind\n>p1 move matchagotcha\n>p2 move moonlight terastallize\n>p2 switch 4\n>p1 move shadowball\n>p2 move suckerpunch\n>p1 move strengthsap\n>p2 move suckerpunch\n>p1 switch 3\n>p2 move spiritbreak\n>p1 move flareblitz\n>p2 switch 5\n>p1 move flareblitz\n>p2 move superpower\n>p1 switch 4\n>p1 move earthquake\n>p2 move superpower\n>p2 switch 5\n>p1 move earthquake\n>p2 move partingshot\n>p2 switch 2\n>p2 switch 2\n>p1 move earthquake\n>p2 move spiritbreak\n>p1 move earthquake\n>p2 move spiritbreak\n>p1 switch 3\n>p1 move shadowball\n>p2 move suckerpunch\n>p1 move matchagotcha\n>p2 move taunt\n>p1 move matchagotcha\n>p2 move suckerpunch", "uploadtime": 1733865963, "views": 2, "formatid": "gen9randombattle", "rating": 1010, "private": 0, "password": null}