{"id": "gen9randombattle-2126890315", "format": "[Gen 9] Random Battle", "players": ["Lost_in_sky_light", "Iceman8911"], "log": "|j|\u2606Lost_in_sky_light\n|j|\u2606Iceman8911\n|t:|1716226002\n|gametype|singles\n|player|p1|Lost_in_sky_light|dawn|2290\n|player|p2|Iceman8911|lysandre-masters|2206\n|teamsize|p1|6\n|teamsize|p2|6\n|gen|9\n|tier|[Gen 9] Random Battle\n|rated|\n|rule|Species Clause: Limit one of each Pok\u00e9mon\n|rule|HP Percentage Mod: HP is shown in percentages\n|rule|Sleep Clause Mod: Limit one foe put to sleep\n|rule|Illusion Level Mod: Illusion disguises the Pok\u00e9mon's true level\n|\n|t:|1716226002\n|start\n|switch|p1a: Lugia|Lugia, L72|272/272\n|switch|p2a: Samurott|Samurott-Hisui, L77, M|265/265\n|turn|1\n|\n|t:|1716226055\n|switch|p1a: Stonjourner|Stonjourner, L91, M|330/330\n|move|p2a: Samurott|Ceaseless Edge|p1a: Stonjourner\n|-damage|p1a: Stonjourner|243/330\n|-sidestart|p1: Lost_in_sky_light|Spikes\n|-damage|p2a: Samurott|239/265|[from] item: Life Orb\n|\n|upkeep\n|turn|2\n|inactive|Battle timer is ON: inactive players will automatically lose when time's up. (requested by Iceman8911)\n|inactive|Lost_in_sky_light has 120 seconds left.\n|\n|t:|1716226086\n|switch|p2a: Duraludon|Duraludon, L82, F|249/249\n|move|p1a: Stonjourner|Stone Edge|p2a: Duraludon|[miss]\n|-miss|p1a: Stonjourner|p2a: Duraludon\n|\n|upkeep\n|turn|3\n|\n|t:|1716226097\n|switch|p1a: Munkidori|Munkidori, L79, M|269/269\n|-damage|p1a: Munkidori|236/269|[from] Spikes\n|move|p2a: Duraludon|Flash Cannon|p1a: Munkidori\n|-damage|p1a: Munkidori|175/269\n|\n|upkeep\n|turn|4\n|\n|t:|1716226111\n|move|p1a: Munkidori|Fake Out|p2a: Duraludon\n|-resisted|p2a: Duraludon\n|-damage|p2a: Duraludon|243/249\n|cant|p2a: Duraludon|flinch\n|\n|upkeep\n|turn|5\n|\n|t:|1716226118\n|move|p1a: Munkidori|Psychic Noise|p2a: Duraludon\n|-resisted|p2a: Duraludon\n|-damage|p2a: Duraludon|195/249\n|-start|p2a: Duraludon|move: Heal Block\n|move|p2a: Duraludon|Thunder Wave|p1a: Munkidori\n|-status|p1a: Munkidori|par\n|\n|upkeep\n|turn|6\n|\n|t:|1716226126\n|move|p2a: Duraludon|Flash Cannon|p1a: Munkidori\n|-damage|p1a: Munkidori|112/269 par\n|move|p1a: Munkidori|Psychic Noise|p2a: Duraludon\n|-resisted|p2a: Duraludon\n|-damage|p2a: Duraludon|149/249\n|\n|-end|p2a: Duraludon|move: Heal Block\n|upkeep\n|turn|7\n|\n|t:|1716226130\n|switch|p1a: Chansey|Chansey, L85, F|564/564\n|-damage|p1a: Chansey|494/564|[from] Spikes\n|move|p2a: Duraludon|Flash Cannon|p1a: Chansey\n|-damage|p1a: Chansey|437/564\n|\n|upkeep\n|turn|8\n|\n|t:|1716226141\n|switch|p2a: Landorus|Landorus-Therian, L76, M|260/260\n|-ability|p2a: Landorus|Intimidate|boost\n|-unboost|p1a: Chansey|atk|1\n|switch|p1a: Scyther|Scyther, L82, M|249/249\n|\n|upkeep\n|turn|9\n|\n|t:|1716226149\n|move|p1a: Scyther|Dual Wingbeat|p2a: Landorus\n|-damage|p2a: Landorus|188/260\n|-damage|p2a: Landorus|112/260\n|-hitcount|p2a: Landorus|2\n|move|p2a: Landorus|Stealth Rock|p1a: Scyther\n|-sidestart|p1: Lost_in_sky_light|move: Stealth Rock\n|\n|-heal|p2a: Landorus|128/260|[from] item: Leftovers\n|upkeep\n|turn|10\n|inactive|Lost_in_sky_light has 120 seconds left.\n|\n|t:|1716226201\n|switch|p2a: Garganacl|Garganacl, L80, M|291/291\n|move|p1a: Scyther|Dual Wingbeat|p2a: Garganacl\n|-resisted|p2a: Garganacl\n|-damage|p2a: Garganacl|267/291\n|-resisted|p2a: Garganacl\n|-damage|p2a: Garganacl|243/291\n|-hitcount|p2a: Garganacl|2\n|\n|-heal|p2a: Garganacl|261/291|[from] item: Leftovers\n|upkeep\n|turn|11\n|\n|t:|1716226207\n|switch|p1a: Munkidori|Munkidori, L79, M|112/269 par\n|-damage|p1a: Munkidori|79/269 par|[from] Spikes\n|-damage|p1a: Munkidori|46/269 par|[from] Stealth Rock\n|move|p2a: Garganacl|Salt Cure|p1a: Munkidori\n|-crit|p1a: Munkidori\n|-damage|p1a: Munkidori|0 fnt\n|faint|p1a: Munkidori\n|\n|-heal|p2a: Garganacl|279/291|[from] item: Leftovers\n|upkeep\n|\n|t:|1716226215\n|switch|p1a: Stonjourner|Stonjourner, L91, M|243/330\n|-damage|p1a: Stonjourner|202/330|[from] Spikes\n|-damage|p1a: Stonjourner|161/330|[from] Stealth Rock\n|turn|12\n|\n|t:|1716226219\n|switch|p2a: Landorus|Landorus-Therian, L76, M|128/260\n|-ability|p2a: Landorus|Intimidate|boost\n|-unboost|p1a: Stonjourner|atk|1\n|move|p1a: Stonjourner|Rock Polish|p1a: Stonjourner\n|-boost|p1a: Stonjourner|spe|2\n|\n|-heal|p2a: Landorus|144/260|[from] item: Leftovers\n|upkeep\n|turn|13\n|\n|t:|1716226224\n|move|p1a: Stonjourner|Heat Crash|p2a: Landorus\n|-damage|p2a: Landorus|30/260\n|-damage|p1a: Stonjourner|128/330|[from] item: Life Orb\n|move|p2a: Landorus|Earthquake|p1a: Stonjourner\n|-supereffective|p1a: Stonjourner\n|-damage|p1a: Stonjourner|0 fnt\n|faint|p1a: Stonjourner\n|\n|-heal|p2a: Landorus|46/260|[from] item: Leftovers\n|upkeep\n|inactive|Lost_in_sky_light has 120 seconds left.\n|\n|t:|1716226237\n|switch|p1a: Lugia|Lugia, L72|272/272\n|turn|14\n|\n|t:|1716226243\n|move|p1a: Lugia|Calm Mind|p1a: Lugia\n|-boost|p1a: Lugia|spa|1\n|-boost|p1a: Lugia|spd|1\n|move|p2a: Landorus|Taunt|p1a: Lugia\n|-start|p1a: Lugia|move: Taunt\n|\n|-heal|p2a: Landorus|62/260|[from] item: Leftovers\n|upkeep\n|turn|15\n|\n|t:|1716226254\n|switch|p2a: Garganacl|Garganacl, L80, M|279/291\n|move|p1a: Lugia|Aeroblast|p2a: Garganacl\n|-resisted|p2a: Garganacl\n|-damage|p2a: Garganacl|225/291\n|\n|-heal|p2a: Garganacl|243/291|[from] item: Leftovers\n|upkeep\n|turn|16\n|\n|t:|1716226267\n|move|p1a: Lugia|Earth Power|p2a: Garganacl\n|-supereffective|p2a: Garganacl\n|-damage|p2a: Garganacl|105/291\n|move|p2a: Garganacl|Salt Cure|p1a: Lugia\n|-supereffective|p1a: Lugia\n|-damage|p1a: Lugia|239/272\n|-start|p1a: Lugia|Salt Cure\n|\n|-heal|p2a: Garganacl|123/291|[from] item: Leftovers\n|-damage|p1a: Lugia|205/272|[from] Salt Cure\n|upkeep\n|turn|17\n|\n|t:|1716226272\n|move|p2a: Garganacl|Protect|p2a: Garganacl\n|-singleturn|p2a: Garganacl|Protect\n|move|p1a: Lugia|Aeroblast|p2a: Garganacl\n|-activate|p2a: Garganacl|move: Protect\n|\n|-heal|p2a: Garganacl|141/291|[from] item: Leftovers\n|-damage|p1a: Lugia|171/272|[from] Salt Cure\n|-end|p1a: Lugia|move: Taunt\n|upkeep\n|turn|18\n|\n|t:|1716226276\n|switch|p2a: Clodsire|Clodsire, L81, M|343/343\n|move|p1a: Lugia|Calm Mind|p1a: Lugia\n|-boost|p1a: Lugia|spa|1\n|-boost|p1a: Lugia|spd|1\n|\n|-damage|p1a: Lugia|137/272|[from] Salt Cure\n|upkeep\n|turn|19\n|\n|t:|1716226281\n|move|p1a: Lugia|Earth Power|p2a: Clodsire\n|-supereffective|p2a: Clodsire\n|-damage|p2a: Clodsire|261/343\n|move|p2a: Clodsire|Curse|p2a: Clodsire\n|-unboost|p2a: Clodsire|spe|1\n|-boost|p2a: Clodsire|atk|1\n|-boost|p2a: Clodsire|def|1\n|\n|-heal|p2a: Clodsire|282/343|[from] item: Leftovers\n|-damage|p1a: Lugia|103/272|[from] Salt Cure\n|upkeep\n|turn|20\n|\n|t:|1716226285\n|switch|p1a: Scyther|Scyther, L82, M|249/249\n|move|p2a: Clodsire|Curse|p2a: Clodsire\n|-unboost|p2a: Clodsire|spe|1\n|-boost|p2a: Clodsire|atk|1\n|-boost|p2a: Clodsire|def|1\n|\n|-heal|p2a: Clodsire|303/343|[from] item: Leftovers\n|upkeep\n|turn|21\n|\n|t:|1716226299\n|move|p1a: Scyther|Dual Wingbeat|p2a: Clodsire\n|-damage|p2a: Clodsire|257/343\n|-damage|p2a: Clodsire|211/343\n|-hitcount|p2a: Clodsire|2\n|move|p2a: Clodsire|Gunk Shot|p1a: Scyther\n|-damage|p1a: Scyther|44/249\n|-status|p1a: Scyther|psn\n|\n|-heal|p2a: Clodsire|232/343|[from] item: Leftovers\n|-damage|p1a: Scyther|13/249 psn|[from] psn\n|upkeep\n|turn|22\n|\n|t:|1716226303\n|move|p1a: Scyther|Dual Wingbeat|p2a: Clodsire\n|-damage|p2a: Clodsire|187/343\n|-damage|p2a: Clodsire|144/343\n|-hitcount|p2a: Clodsire|2\n|move|p2a: Clodsire|Recover|p2a: Clodsire\n|-heal|p2a: Clodsire|316/343\n|\n|-heal|p2a: Clodsire|337/343|[from] item: Leftovers\n|-damage|p1a: Scyther|0 fnt|[from] psn\n|faint|p1a: Scyther\n|upkeep\n|\n|t:|1716226314\n|switch|p1a: Dewgong|Dewgong, L93, F|318/318\n|-damage|p1a: Dewgong|279/318|[from] Spikes\n|-damage|p1a: Dewgong|200/318|[from] Stealth Rock\n|turn|23\n|\n|t:|1716226321\n|switch|p2a: Duraludon|Duraludon, L82, F|149/249\n|move|p1a: Dewgong|Surf|p2a: Duraludon\n|-resisted|p2a: Duraludon\n|-damage|p2a: Duraludon|104/249\n|\n|upkeep\n|turn|24\n|j| Irongraf\n|\n|t:|1716226332\n|move|p2a: Duraludon|Body Press|p1a: Dewgong\n|-supereffective|p1a: Dewgong\n|-crit|p1a: Dewgong\n|-damage|p1a: Dewgong|26/318\n|move|p1a: Dewgong|Knock Off|p2a: Duraludon\n|-damage|p2a: Duraludon|68/249\n|-enditem|p2a: Duraludon|Eviolite|[from] move: Knock Off|[of] p1a: Dewgong\n|\n|upkeep\n|turn|25\n|\n|t:|1716226337\n|move|p2a: Duraludon|Flash Cannon|p1a: Dewgong\n|-damage|p1a: Dewgong|0 fnt\n|faint|p1a: Dewgong\n|\n|upkeep\n|\n|t:|1716226340\n|switch|p1a: Lugia|Lugia, L72|103/272\n|turn|26\n|\n|t:|1716226343\n|move|p1a: Lugia|Earth Power|p2a: Duraludon\n|-supereffective|p2a: Duraludon\n|-damage|p2a: Duraludon|0 fnt\n|faint|p2a: Duraludon\n|\n|upkeep\n|\n|t:|1716226347\n|switch|p2a: Garganacl|Garganacl, L80, M|141/291\n|turn|27\n|c|\u2606Iceman8911|Gg\n|c|\u2606Iceman8911|:3\n|c|\u2606Lost_in_sky_light|gg\n|-message|Lost_in_sky_light forfeited.\n|\n|win|Iceman8911\n|raw|Lost_in_sky_light's rating: 2290 &rarr; <strong>2265</strong><br />(-25 for losing)\n|raw|Iceman8911's rating: 2206 &rarr; <strong>2231</strong><br />(+25 for winning)\n|l|\u2606Lost_in_sky_light\n|player|p1|\n", "inputlog": ">version 7158ead19aeac8750849df2840eabb6dbec77df6\n>start {\"formatid\":\"gen9randombattle\",\"seed\":[25117,51632,18559,59464],\"rated\":\"Rated battle\"}\n>player p1 {\"name\":\"Lost_in_sky_light\",\"avatar\":\"dawn\",\"rating\":2290,\"seed\":[21893,47149,47756,59389]}\n>player p2 {\"name\":\"Iceman8911\",\"avatar\":\"lysandre-masters\",\"rating\":2206,\"seed\":[53693,48715,4086,45375]}\n>p1 switch 6\n>p2 move ceaselessedge\n>p1 move stoneedge\n>p2 switch 2\n>p1 switch 3\n>p2 move flashcannon\n>p1 move fakeout\n>p2 move thunderwave\n>p1 move psychicnoise\n>p2 move thunderwave\n>p1 move psychicnoise\n>p2 move flashcannon\n>p1 switch 4\n>p2 move flashcannon\n>p1 switch 5\n>p2 switch 3\n>p1 move dualwingbeat\n>p2 move stealthrock\n>p1 move dualwingbeat\n>p2 switch 6\n>p1 switch 4\n>p2 move saltcure\n>p1 switch 3\n>p1 move rockpolish\n>p2 switch 6\n>p1 move heatcrash\n>p2 move earthquake\n>p1 switch 6\n>p1 move calmmind\n>p2 move taunt\n>p1 move aeroblast\n>p2 switch 6\n>p1 move earthpower\n>p2 move saltcure\n>p1 move aeroblast\n>p2 move protect\n>p1 move calmmind\n>p2 switch 5\n>p1 move earthpower\n>p2 move curse\n>p1 switch 4\n>p2 move curse\n>p1 move dualwingbeat\n>p2 move gunkshot\n>p1 move dualwingbeat\n>p2 move recover\n>p1 switch 2\n>p1 move surf\n>p2 switch 3\n>p1 move knockoff\n>p2 move bodypress\n>p1 move surf\n>p2 move flashcannon\n>p1 switch 4\n>p1 move earthpower\n>p2 move thunderwave\n>p2 switch 5\n>chat \u2606Iceman8911|Gg\n>chat \u2606Iceman8911|:3\n>chat \u2606Lost_in_sky_light|gg\n>forcelose p1", "uploadtime": 1716226382, "views": 208, "formatid": "gen9randombattle", "rating": 2231, "private": 0, "password": null}