{"id": "gen9randombattle-2260907586", "format": "[Gen 9] Random Battle", "players": ["Pablosedb", "CraminiNagini"], "log": "|j|\u2606Pablosedb\n|j|\u2606CraminiNagini\n|t:|1733914739\n|gametype|singles\n|player|p1|Pablosedb|266|1155\n|player|p2|CraminiNagini|265|1176\n|teamsize|p1|6\n|teamsize|p2|6\n|gen|9\n|tier|[Gen 9] Random Battle\n|rated|\n|rule|Species Clause: Limit one of each Pok\u00e9mon\n|rule|HP Percentage Mod: HP is shown in percentages\n|rule|Sleep Clause Mod: Limit one foe put to sleep\n|rule|Illusion Level Mod: Illusion disguises the Pok\u00e9mon's true level\n|\n|t:|1733914739\n|start\n|switch|p1a: Mandibuzz|Mandibuzz, L85, F|326/326\n|switch|p2a: Heatran|Heatran, L79, M|273/273\n|-item|p2a: Heatran|Air Balloon\n|turn|1\n|\n|t:|1733914769\n|switch|p1a: Dewgong|Dewgong, L94, M|322/322\n|move|p2a: Heatran|Heavy Slam|p1a: Dewgong\n|-damage|p1a: Dewgong|249/322\n|\n|upkeep\n|turn|2\n|\n|t:|1733914783\n|switch|p2a: Alomomola|Alomomola, L87, F|429/429\n|move|p1a: Dewgong|Surf|p2a: Alomomola\n|-resisted|p2a: Alomomola\n|-damage|p2a: Alomomola|359/429\n|\n|-heal|p2a: Alomomola|385/429|[from] item: Leftovers\n|upkeep\n|turn|3\n|\n|t:|1733914803\n|move|p1a: Dewgong|Flip Turn|p2a: Alomomola\n|-resisted|p2a: Alomomola\n|-damage|p2a: Alomomola|355/429\n|\n|t:|1733914813\n|switch|p1a: Minun|Minun, L95, M|268/268|[from] Flip Turn\n|move|p2a: Alomomola|Scald|p1a: Minun\n|-damage|p1a: Minun|223/268\n|-status|p1a: Minun|brn\n|\n|-heal|p2a: Alomomola|381/429|[from] item: Leftovers\n|-damage|p1a: Minun|207/268 brn|[from] brn\n|upkeep\n|turn|4\n|\n|t:|1733914837\n|-terastallize|p2a: Alomomola|Steel\n|move|p1a: Minun|Nasty Plot|p1a: Minun\n|-boost|p1a: Minun|spa|2\n|move|p2a: Alomomola|Flip Turn|p1a: Minun\n|-damage|p1a: Minun|129/268 brn\n|\n|t:|1733914851\n|switch|p2a: Dusknoir|Dusknoir, L89, F|225/225|[from] Flip Turn\n|-item|p1a: Minun|Life Orb|[from] ability: Frisk|[of] p2a: Dusknoir\n|\n|-damage|p1a: Minun|113/268 brn|[from] brn\n|upkeep\n|turn|5\n|\n|t:|1733914862\n|move|p1a: Minun|Alluring Voice|p2a: Dusknoir\n|-damage|p2a: Dusknoir|121/225\n|-damage|p1a: Minun|87/268 brn|[from] item: Life Orb\n|move|p2a: Dusknoir|Earthquake|p1a: Minun\n|-supereffective|p1a: Minun\n|-damage|p1a: Minun|0 fnt\n|faint|p1a: Minun\n|\n|-heal|p2a: Dusknoir|135/225|[from] item: Leftovers\n|upkeep\n|\n|t:|1733914882\n|switch|p1a: Wigglytuff|Wigglytuff, L96, M|424/424\n|turn|6\n|\n|t:|1733914898\n|switch|p2a: Heatran|Heatran, L79, M|273/273\n|-item|p2a: Heatran|Air Balloon\n|move|p1a: Wigglytuff|Knock Off|p2a: Heatran\n|-damage|p2a: Heatran|209/273\n|-enditem|p2a: Heatran|Air Balloon\n|\n|upkeep\n|turn|7\n|\n|t:|1733914938\n|switch|p1a: Dewgong|Dewgong, L94, M|249/322\n|move|p2a: Heatran|Heavy Slam|p1a: Dewgong\n|-damage|p1a: Dewgong|180/322\n|\n|upkeep\n|turn|8\n|\n|t:|1733914954\n|switch|p2a: Zamazenta|Zamazenta, L71|248/248\n|-ability|p2a: Zamazenta|Dauntless Shield|boost\n|-boost|p2a: Zamazenta|def|1\n|move|p1a: Dewgong|Flip Turn|p2a: Zamazenta\n|-damage|p2a: Zamazenta|203/248\n|\n|t:|1733914967\n|switch|p1a: Mandibuzz|Mandibuzz, L85, F|326/326|[from] Flip Turn\n|\n|upkeep\n|turn|9\n|\n|t:|1733914979\n|move|p2a: Zamazenta|Stone Edge|p1a: Mandibuzz\n|-supereffective|p1a: Mandibuzz\n|-damage|p1a: Mandibuzz|164/326\n|move|p1a: Mandibuzz|Brave Bird|p2a: Zamazenta\n|-supereffective|p2a: Zamazenta\n|-damage|p2a: Zamazenta|77/248\n|-damage|p1a: Mandibuzz|122/326|[from] Recoil\n|\n|upkeep\n|turn|10\n|\n|t:|1733914990\n|move|p2a: Zamazenta|Stone Edge|p1a: Mandibuzz\n|-supereffective|p1a: Mandibuzz\n|-damage|p1a: Mandibuzz|0 fnt\n|faint|p1a: Mandibuzz\n|\n|upkeep\n|\n|t:|1733915006\n|switch|p1a: Lunala|Lunala, L70|308/308\n|turn|11\n|\n|t:|1733915029\n|switch|p2a: Gengar|Gengar, L81, F|230/230\n|move|p1a: Lunala|Calm Mind|p1a: Lunala\n|-boost|p1a: Lunala|spa|1\n|-boost|p1a: Lunala|spd|1\n|\n|upkeep\n|turn|12\n|inactive|Battle timer is ON: inactive players will automatically lose when time's up. (requested by Pablosedb)\n|\n|t:|1733915101\n|-terastallize|p1a: Lunala|Dark\n|move|p2a: Gengar|Encore|p1a: Lunala\n|-start|p1a: Lunala|Encore\n|move|p1a: Lunala|Calm Mind|p1a: Lunala\n|-boost|p1a: Lunala|spa|1\n|-boost|p1a: Lunala|spd|1\n|\n|upkeep\n|turn|13\n|\n|t:|1733915125\n|switch|p1a: Wigglytuff|Wigglytuff, L96, M|424/424\n|move|p2a: Gengar|Shadow Ball|p1a: Wigglytuff\n|-immune|p1a: Wigglytuff\n|\n|upkeep\n|turn|14\n|inactive|CraminiNagini has 120 seconds left.\n|\n|t:|1733915157\n|move|p2a: Gengar|Sludge Wave|p1a: Wigglytuff\n|-supereffective|p1a: Wigglytuff\n|-damage|p1a: Wigglytuff|50/424\n|-damage|p2a: Gengar|207/230|[from] item: Life Orb\n|move|p1a: Wigglytuff|Thunder Wave|p2a: Gengar\n|-status|p2a: Gengar|par\n|\n|-heal|p1a: Wigglytuff|76/424|[from] item: Leftovers\n|upkeep\n|turn|15\n|inactive|CraminiNagini has 120 seconds left.\n|\n|t:|1733915169\n|move|p1a: Wigglytuff|Knock Off|p2a: Gengar\n|-supereffective|p2a: Gengar\n|-damage|p2a: Gengar|1/230 par\n|-enditem|p2a: Gengar|Life Orb|[from] move: Knock Off|[of] p1a: Wigglytuff\n|move|p2a: Gengar|Sludge Wave|p1a: Wigglytuff\n|-supereffective|p1a: Wigglytuff\n|-damage|p1a: Wigglytuff|0 fnt\n|faint|p1a: Wigglytuff\n|\n|upkeep\n|\n|t:|1733915185\n|switch|p1a: Lunala|Lunala, L70, tera:Dark|308/308\n|turn|16\n|\n|t:|1733915196\n|move|p1a: Lunala|Calm Mind|p1a: Lunala\n|-boost|p1a: Lunala|spa|1\n|-boost|p1a: Lunala|spd|1\n|move|p2a: Gengar|Will-O-Wisp|p1a: Lunala\n|-status|p1a: Lunala|brn\n|\n|-damage|p1a: Lunala|289/308 brn|[from] brn\n|upkeep\n|turn|17\n|\n|t:|1733915206\n|move|p1a: Lunala|Calm Mind|p1a: Lunala\n|-boost|p1a: Lunala|spa|1\n|-boost|p1a: Lunala|spd|1\n|move|p2a: Gengar|Shadow Ball|p1a: Lunala\n|-resisted|p1a: Lunala\n|-damage|p1a: Lunala|262/308 brn\n|\n|-heal|p1a: Lunala|281/308 brn|[from] item: Leftovers\n|-damage|p1a: Lunala|262/308 brn|[from] brn\n|upkeep\n|turn|18\n|\n|t:|1733915221\n|move|p1a: Lunala|Calm Mind|p1a: Lunala\n|-boost|p1a: Lunala|spa|1\n|-boost|p1a: Lunala|spd|1\n|move|p2a: Gengar|Encore|p1a: Lunala\n|-start|p1a: Lunala|Encore\n|\n|-heal|p1a: Lunala|281/308 brn|[from] item: Leftovers\n|-damage|p1a: Lunala|262/308 brn|[from] brn\n|upkeep\n|turn|19\n|\n|t:|1733915236\n|switch|p2a: Zamazenta|Zamazenta, L71|77/248\n|move|p1a: Lunala|Calm Mind|p1a: Lunala\n|-boost|p1a: Lunala|spa|1\n|-boost|p1a: Lunala|spd|1\n|\n|-heal|p1a: Lunala|281/308 brn|[from] item: Leftovers\n|-damage|p1a: Lunala|262/308 brn|[from] brn\n|upkeep\n|turn|20\n|\n|t:|1733915246\n|switch|p1a: Flamigo|Flamigo, L82, F|269/269\n|move|p2a: Zamazenta|Close Combat|p1a: Flamigo\n|-resisted|p1a: Flamigo\n|-damage|p1a: Flamigo|174/269\n|-unboost|p2a: Zamazenta|def|1\n|-unboost|p2a: Zamazenta|spd|1\n|\n|upkeep\n|turn|21\n|\n|t:|1733915266\n|move|p2a: Zamazenta|Close Combat|p1a: Flamigo\n|-resisted|p1a: Flamigo\n|-damage|p1a: Flamigo|85/269\n|-unboost|p2a: Zamazenta|def|1\n|-unboost|p2a: Zamazenta|spd|1\n|move|p1a: Flamigo|Brave Bird|p2a: Zamazenta\n|-supereffective|p2a: Zamazenta\n|-damage|p2a: Zamazenta|0 fnt\n|faint|p2a: Zamazenta\n|-damage|p1a: Flamigo|60/269|[from] Recoil\n|-damage|p1a: Flamigo|34/269|[from] item: Life Orb\n|\n|upkeep\n|inactive|CraminiNagini has 120 seconds left.\n|\n|t:|1733915283\n|switch|p2a: Squawkabilly|Squawkabilly-Yellow, L89, M|291/291\n|turn|22\n|inactive|CraminiNagini has 120 seconds left.\n|\n|t:|1733915298\n|move|p2a: Squawkabilly|Brave Bird|p1a: Flamigo\n|-supereffective|p1a: Flamigo\n|-damage|p1a: Flamigo|0 fnt\n|faint|p1a: Flamigo\n|-damage|p2a: Squawkabilly|280/291|[from] Recoil\n|\n|upkeep\n|\n|t:|1733915308\n|switch|p1a: Dewgong|Dewgong, L94, M|180/322\n|turn|23\n|\n|t:|1733915315\n|move|p2a: Squawkabilly|Double-Edge|p1a: Dewgong|[miss]\n|-miss|p2a: Squawkabilly|p1a: Dewgong\n|move|p1a: Dewgong|Ice Beam|p2a: Squawkabilly\n|-supereffective|p2a: Squawkabilly\n|-damage|p2a: Squawkabilly|40/291\n|\n|upkeep\n|turn|24\n|\n|t:|1733915323\n|move|p2a: Squawkabilly|Double-Edge|p1a: Dewgong\n|-damage|p1a: Dewgong|0 fnt\n|faint|p1a: Dewgong\n|-damage|p2a: Squawkabilly|0 fnt|[from] Recoil\n|faint|p2a: Squawkabilly\n|\n|upkeep\n|\n|t:|1733915341\n|switch|p2a: Dusknoir|Dusknoir, L89, F|135/225\n|switch|p1a: Lunala|Lunala, L70, tera:Dark|262/308 brn\n|-item|p1a: Lunala|Leftovers|[from] ability: Frisk|[of] p2a: Dusknoir\n|turn|25\n|\n|t:|1733915354\n|move|p1a: Lunala|Moongeist Beam|p2a: Dusknoir\n|-supereffective|p2a: Dusknoir\n|-damage|p2a: Dusknoir|3/225\n|move|p2a: Dusknoir|Pain Split|p1a: Lunala\n|-sethp|p1a: Lunala|132/308 brn|[from] move: Pain Split|[silent]\n|-sethp|p2a: Dusknoir|132/225|[from] move: Pain Split\n|\n|-heal|p1a: Lunala|151/308 brn|[from] item: Leftovers\n|-heal|p2a: Dusknoir|146/225|[from] item: Leftovers\n|-damage|p1a: Lunala|132/308 brn|[from] brn\n|upkeep\n|turn|26\n|inactive|CraminiNagini has 120 seconds left.\n|\n|t:|1733915373\n|move|p1a: Lunala|Calm Mind|p1a: Lunala\n|-boost|p1a: Lunala|spa|1\n|-boost|p1a: Lunala|spd|1\n|move|p2a: Dusknoir|Earthquake|p1a: Lunala\n|-damage|p1a: Lunala|32/308 brn\n|\n|-heal|p1a: Lunala|51/308 brn|[from] item: Leftovers\n|-heal|p2a: Dusknoir|160/225|[from] item: Leftovers\n|-damage|p1a: Lunala|32/308 brn|[from] brn\n|upkeep\n|turn|27\n|inactive|CraminiNagini has 120 seconds left.\n|\n|t:|1733915385\n|move|p1a: Lunala|Moonlight|p1a: Lunala\n|-heal|p1a: Lunala|186/308 brn\n|move|p2a: Dusknoir|Earthquake|p1a: Lunala\n|-damage|p1a: Lunala|82/308 brn\n|\n|-heal|p1a: Lunala|101/308 brn|[from] item: Leftovers\n|-heal|p2a: Dusknoir|174/225|[from] item: Leftovers\n|-damage|p1a: Lunala|82/308 brn|[from] brn\n|upkeep\n|turn|28\n|inactive|CraminiNagini has 120 seconds left.\n|\n|t:|1733915400\n|move|p1a: Lunala|Moonlight|p1a: Lunala\n|-heal|p1a: Lunala|236/308 brn\n|move|p2a: Dusknoir|Earthquake|p1a: Lunala\n|-damage|p1a: Lunala|146/308 brn\n|\n|-heal|p1a: Lunala|165/308 brn|[from] item: Leftovers\n|-heal|p2a: Dusknoir|188/225|[from] item: Leftovers\n|-damage|p1a: Lunala|146/308 brn|[from] brn\n|upkeep\n|turn|29\n|inactive|CraminiNagini has 120 seconds left.\n|\n|t:|1733915412\n|move|p1a: Lunala|Calm Mind|p1a: Lunala\n|-boost|p1a: Lunala|spa|1\n|-boost|p1a: Lunala|spd|1\n|move|p2a: Dusknoir|Earthquake|p1a: Lunala\n|-damage|p1a: Lunala|48/308 brn\n|\n|-heal|p1a: Lunala|67/308 brn|[from] item: Leftovers\n|-heal|p2a: Dusknoir|202/225|[from] item: Leftovers\n|-damage|p1a: Lunala|48/308 brn|[from] brn\n|upkeep\n|turn|30\n|inactive|CraminiNagini has 120 seconds left.\n|\n|t:|1733915436\n|move|p1a: Lunala|Moonlight|p1a: Lunala\n|-heal|p1a: Lunala|202/308 brn\n|move|p2a: Dusknoir|Earthquake|p1a: Lunala\n|-damage|p1a: Lunala|102/308 brn\n|\n|-heal|p1a: Lunala|121/308 brn|[from] item: Leftovers\n|-heal|p2a: Dusknoir|216/225|[from] item: Leftovers\n|-damage|p1a: Lunala|102/308 brn|[from] brn\n|upkeep\n|turn|31\n|inactive|CraminiNagini has 120 seconds left.\n|\n|t:|1733915448\n|move|p1a: Lunala|Moonlight|p1a: Lunala\n|-heal|p1a: Lunala|256/308 brn\n|move|p2a: Dusknoir|Earthquake|p1a: Lunala\n|-damage|p1a: Lunala|157/308 brn\n|\n|-heal|p1a: Lunala|176/308 brn|[from] item: Leftovers\n|-heal|p2a: Dusknoir|225/225|[from] item: Leftovers\n|-damage|p1a: Lunala|157/308 brn|[from] brn\n|upkeep\n|turn|32\n|inactive|CraminiNagini has 120 seconds left.\n|\n|t:|1733915459\n|move|p1a: Lunala|Moonlight|p1a: Lunala\n|-heal|p1a: Lunala|308/308 brn\n|move|p2a: Dusknoir|Earthquake|p1a: Lunala\n|-damage|p1a: Lunala|264/308 brn\n|\n|-heal|p1a: Lunala|283/308 brn|[from] item: Leftovers\n|-damage|p1a: Lunala|264/308 brn|[from] brn\n|upkeep\n|turn|33\n|c|\u2606CraminiNagini|CHEATING\n|c|\u2606CraminiNagini|RREPORTED\n|inactive|CraminiNagini has 120 seconds left.\n|\n|t:|1733915471\n|move|p1a: Lunala|Calm Mind|p1a: Lunala\n|-boost|p1a: Lunala|spa|1\n|-boost|p1a: Lunala|spd|1\n|move|p2a: Dusknoir|Earthquake|p1a: Lunala\n|-damage|p1a: Lunala|173/308 brn\n|\n|-heal|p1a: Lunala|192/308 brn|[from] item: Leftovers\n|-damage|p1a: Lunala|173/308 brn|[from] brn\n|upkeep\n|turn|34\n|inactive|CraminiNagini has 120 seconds left.\n|inactive|Pablosedb has 120 seconds left.\n|\n|t:|1733915500\n|move|p1a: Lunala|Calm Mind|p1a: Lunala\n|-boost|p1a: Lunala|spa|1\n|-boost|p1a: Lunala|spd|1\n|move|p2a: Dusknoir|Earthquake|p1a: Lunala\n|-damage|p1a: Lunala|73/308 brn\n|\n|-heal|p1a: Lunala|92/308 brn|[from] item: Leftovers\n|-damage|p1a: Lunala|73/308 brn|[from] brn\n|upkeep\n|turn|35\n|inactive|Pablosedb has 120 seconds left.\n|inactive|CraminiNagini has 120 seconds left.\n|\n|t:|1733915510\n|move|p1a: Lunala|Moonlight|p1a: Lunala\n|-heal|p1a: Lunala|227/308 brn\n|move|p2a: Dusknoir|Earthquake|p1a: Lunala\n|-damage|p1a: Lunala|130/308 brn\n|\n|-heal|p1a: Lunala|149/308 brn|[from] item: Leftovers\n|-damage|p1a: Lunala|130/308 brn|[from] brn\n|upkeep\n|turn|36\n|inactive|CraminiNagini has 120 seconds left.\n|\n|t:|1733915521\n|move|p1a: Lunala|Moonlight|p1a: Lunala\n|-heal|p1a: Lunala|284/308 brn\n|move|p2a: Dusknoir|Earthquake|p1a: Lunala\n|-damage|p1a: Lunala|185/308 brn\n|\n|-heal|p1a: Lunala|204/308 brn|[from] item: Leftovers\n|-damage|p1a: Lunala|185/308 brn|[from] brn\n|upkeep\n|turn|37\n|inactive|CraminiNagini has 120 seconds left.\n|\n|t:|1733915543\n|move|p1a: Lunala|Moongeist Beam|p2a: Dusknoir\n|-supereffective|p2a: Dusknoir\n|-damage|p2a: Dusknoir|0 fnt\n|faint|p2a: Dusknoir\n|\n|-heal|p1a: Lunala|204/308 brn|[from] item: Leftovers\n|-damage|p1a: Lunala|185/308 brn|[from] brn\n|upkeep\n|c|\u2606CraminiNagini|HIJO D REPIUTA\n|\n|t:|1733915556\n|switch|p2a: Heatran|Heatran, L79, M|209/273\n|turn|38\n|\n|t:|1733915567\n|move|p1a: Lunala|Moongeist Beam|p2a: Heatran\n|-damage|p2a: Heatran|0 fnt\n|faint|p2a: Heatran\n|\n|-heal|p1a: Lunala|204/308 brn|[from] item: Leftovers\n|-damage|p1a: Lunala|185/308 brn|[from] brn\n|upkeep\n|\n|t:|1733915576\n|switch|p2a: Alomomola|Alomomola, L87, F, tera:Steel|429/429\n|turn|39\n|\n|t:|1733915587\n|move|p2a: Alomomola|Protect|p2a: Alomomola\n|-singleturn|p2a: Alomomola|Protect\n|move|p1a: Lunala|Moongeist Beam|p2a: Alomomola\n|-activate|p2a: Alomomola|move: Protect\n|\n|-heal|p1a: Lunala|204/308 brn|[from] item: Leftovers\n|-damage|p1a: Lunala|185/308 brn|[from] brn\n|upkeep\n|turn|40\n|inactive|CraminiNagini has 120 seconds left.\n|\n|t:|1733915603\n|move|p1a: Lunala|Moongeist Beam|p2a: Alomomola\n|-damage|p2a: Alomomola|0 fnt\n|faint|p2a: Alomomola\n|\n|-heal|p1a: Lunala|204/308 brn|[from] item: Leftovers\n|-damage|p1a: Lunala|185/308 brn|[from] brn\n|upkeep\n|\n|t:|1733915612\n|switch|p2a: Gengar|Gengar, L81, F|1/230 par\n|turn|41\n|\n|t:|1733915636\n|move|p1a: Lunala|Moonlight|p1a: Lunala\n|-heal|p1a: Lunala|308/308 brn\n|move|p2a: Gengar|Sludge Wave|p1a: Lunala\n|-damage|p1a: Lunala|286/308 brn\n|\n|-heal|p1a: Lunala|305/308 brn|[from] item: Leftovers\n|-damage|p1a: Lunala|286/308 brn|[from] brn\n|upkeep\n|turn|42\n|l|\u2606CraminiNagini\n|inactive|CraminiNagini disconnected and has a minute to reconnect!\n|player|p2|\n|inactive|CraminiNagini has 30 seconds to reconnect!\n|inactive|CraminiNagini has 20 seconds to reconnect!\n|inactive|CraminiNagini has 15 seconds to reconnect!\n|inactive|CraminiNagini has 10 seconds to reconnect!\n|inactive|CraminiNagini has 5 seconds to reconnect!\n|-message|CraminiNagini lost due to inactivity.\n|\n|win|Pablosedb\n", "inputlog": ">version bfd83cad13791eb5a5a409923076391caf6fb4d4\n>start {\"formatid\":\"gen9randombattle\",\"seed\":[182,20342,34198,12710],\"rated\":\"Rated battle\"}\n>player p1 {\"name\":\"Pablosedb\",\"avatar\":\"266\",\"rating\":1155,\"seed\":[14984,34404,26485,4715]}\n>player p2 {\"name\":\"CraminiNagini\",\"avatar\":\"265\",\"rating\":1176,\"seed\":[5926,63445,31926,38679]}\n>p1 switch 4\n>p2 move heavyslam\n>p1 move surf\n>p2 switch 2\n>p1 move flipturn\n>p2 move scald\n>p1 switch 6\n>p1 move nastyplot\n>p2 move flipturn terastallize\n>p2 switch 3\n>p1 move alluringvoice\n>p2 move earthquake\n>p1 switch 3\n>p1 move knockoff\n>p2 switch 2\n>p1 switch 6\n>p2 move heavyslam\n>p1 move flipturn\n>p2 switch 6\n>p1 switch 4\n>p1 move bravebird\n>p2 move stoneedge\n>p1 move roost\n>p2 move stoneedge\n>p1 switch 5\n>p1 move calmmind\n>p2 switch 5\n>p1 move psyshock terastallize\n>p2 move encore\n>p1 switch 6\n>p2 move shadowball\n>p1 move thunderwave\n>p2 move sludgewave\n>p1 move knockoff\n>p2 move sludgewave\n>p1 switch 6\n>p1 move calmmind\n>p2 move willowisp\n>p1 move calmmind\n>p2 move shadowball\n>p1 move calmmind\n>p2 move encore\n>p1 move calmmind\n>p2 switch 5\n>p1 switch 2\n>p2 move closecombat\n>p1 move bravebird\n>p2 move closecombat\n>p2 switch 4\n>p1 move closecombat\n>p2 move bravebird\n>p1 switch 4\n>p1 move icebeam\n>p2 move doubleedge\n>p1 move icebeam\n>p2 move doubleedge\n>p1 switch 2\n>p2 switch 2\n>p1 move moongeistbeam\n>p2 move painsplit\n>p1 move calmmind\n>p2 move earthquake\n>p1 move moonlight\n>p2 move earthquake\n>p1 move moonlight\n>p2 move earthquake\n>p1 move calmmind\n>p2 move earthquake\n>p1 move moonlight\n>p2 move earthquake\n>p1 move moonlight\n>p2 move earthquake\n>p1 move moonlight\n>p2 move earthquake\n>chat \u2606CraminiNagini|CHEATING\n>chat \u2606CraminiNagini|RREPORTED\n>p1 move calmmind\n>p2 move earthquake\n>p1 move calmmind\n>p2 move earthquake\n>p1 move moonlight\n>p2 move earthquake\n>p1 move moonlight\n>p2 move earthquake\n>p1 move moongeistbeam\n>p2 move earthquake\n>chat \u2606CraminiNagini|HIJO D REPIUTA\n>p2 switch 6\n>p1 move moongeistbeam\n>p2 move lavaplume\n>p2 switch 3\n>p1 move moongeistbeam\n>p2 move protect\n>p1 move moongeistbeam\n>p2 move wish\n>p2 switch 5\n>p1 move moonlight\n>p2 move sludgewave\n>forcelose p2", "uploadtime": 1733915551, "views": 1, "formatid": "gen9randombattle", "rating": null, "private": 0, "password": null}