{"id": "gen9randombattle-2260743589", "format": "[Gen 9] Random Battle", "players": ["David Roddy", "all rizz no cap"], "log": "|j|\u2606David Roddy\n|j|\u2606all rizz no cap\n|t:|1733885780\n|gametype|singles\n|player|p1|David Roddy|hoopster|1423\n|player|p2|all rizz no cap|swimmerfjp-gen2|1467\n|teamsize|p1|6\n|teamsize|p2|6\n|gen|9\n|tier|[Gen 9] Random Battle\n|rated|\n|rule|Species Clause: Limit one of each Pok\u00e9mon\n|rule|HP Percentage Mod: HP is shown in percentages\n|rule|Sleep Clause Mod: Limit one foe put to sleep\n|rule|Illusion Level Mod: Illusion disguises the Pok\u00e9mon's true level\n|\n|t:|1733885780\n|start\n|switch|p1a: Lokix|Lokix, L82, F|251/251\n|switch|p2a: Qwilfish|Qwilfish-Hisui, L83, F|244/244\n|-ability|p2a: Qwilfish|Intimidate|boost\n|-unboost|p1a: Lokix|atk|1\n|turn|1\n|inactive|Battle timer is ON: inactive players will automatically lose when time's up. (requested by David Roddy)\n|c|\u2606David Roddy|more like all cap no rizz\n|inactive|David Roddy has 120 seconds left.\n|\n|t:|1733885817\n|move|p1a: Lokix|Knock Off|p2a: Qwilfish\n|-resisted|p2a: Qwilfish\n|-crit|p2a: Qwilfish\n|-damage|p2a: Qwilfish|111/244\n|-enditem|p2a: Qwilfish|Eviolite|[from] move: Knock Off|[of] p1a: Lokix\n|-damage|p1a: Lokix|226/251|[from] item: Life Orb\n|move|p2a: Qwilfish|Toxic Spikes|p1a: Lokix\n|-sidestart|p1: David Roddy|move: Toxic Spikes\n|\n|upkeep\n|turn|2\n|c|\u2606all rizz no cap|All jizz no crap\n|\n|t:|1733885825\n|switch|p1a: Ursaluna|Ursaluna, L79, F|335/335\n|-status|p1a: Ursaluna|psn\n|move|p2a: Qwilfish|Toxic Spikes|p1a: Ursaluna\n|-sidestart|p1: David Roddy|move: Toxic Spikes\n|\n|-damage|p1a: Ursaluna|294/335 psn|[from] psn\n|upkeep\n|turn|3\n|c|\u2606David Roddy|im gonna rizz your pokemon up\n|\n|t:|1733885839\n|switch|p2a: Ogerpon|Ogerpon-Wellspring, L76, F|247/247\n|move|p1a: Ursaluna|Facade|p2a: Ogerpon\n|-damage|p2a: Ogerpon|0 fnt\n|faint|p2a: Ogerpon\n|\n|-damage|p1a: Ursaluna|253/335 psn|[from] psn\n|upkeep\n|\n|t:|1733885845\n|switch|p2a: Qwilfish|Qwilfish-Hisui, L83, F|111/244\n|-ability|p2a: Qwilfish|Intimidate|boost\n|-unboost|p1a: Ursaluna|atk|1\n|turn|4\n|\n|t:|1733885848\n|move|p2a: Qwilfish|Crunch|p1a: Ursaluna\n|-damage|p1a: Ursaluna|180/335 psn\n|move|p1a: Ursaluna|Facade|p2a: Qwilfish\n|-crit|p2a: Qwilfish\n|-damage|p2a: Qwilfish|0 fnt\n|faint|p2a: Qwilfish\n|\n|-damage|p1a: Ursaluna|139/335 psn|[from] psn\n|upkeep\n|\n|t:|1733885855\n|switch|p2a: Polteageist|Polteageist, L79|224/224\n|turn|5\n|\n|t:|1733885858\n|move|p2a: Polteageist|Shell Smash|p2a: Polteageist\n|-unboost|p2a: Polteageist|def|1\n|-unboost|p2a: Polteageist|spd|1\n|-boost|p2a: Polteageist|atk|2\n|-boost|p2a: Polteageist|spa|2\n|-boost|p2a: Polteageist|spe|2\n|-enditem|p2a: Polteageist|White Herb\n|-clearnegativeboost|p2a: Polteageist|[silent]\n|move|p1a: Ursaluna|Throat Chop|p2a: Polteageist\n|-supereffective|p2a: Polteageist\n|-damage|p2a: Polteageist|54/224\n|-start|p2a: Polteageist|Throat Chop|[silent]\n|\n|-damage|p1a: Ursaluna|98/335 psn|[from] psn\n|upkeep\n|turn|6\n|\n|t:|1733885874\n|move|p2a: Polteageist|Strength Sap|p1a: Ursaluna\n|-unboost|p1a: Ursaluna|atk|1\n|-heal|p2a: Polteageist|224/224\n|move|p1a: Ursaluna|Throat Chop|p2a: Polteageist\n|-supereffective|p2a: Polteageist\n|-damage|p2a: Polteageist|98/224\n|\n|-damage|p1a: Ursaluna|57/335 psn|[from] psn\n|-end|p2a: Polteageist|Throat Chop|[silent]\n|upkeep\n|turn|7\n|\n|t:|1733885879\n|move|p2a: Polteageist|Strength Sap|p1a: Ursaluna\n|-unboost|p1a: Ursaluna|atk|1\n|-heal|p2a: Polteageist|224/224\n|move|p1a: Ursaluna|Throat Chop|p2a: Polteageist\n|-supereffective|p2a: Polteageist\n|-damage|p2a: Polteageist|124/224\n|-start|p2a: Polteageist|Throat Chop|[silent]\n|\n|-damage|p1a: Ursaluna|16/335 psn|[from] psn\n|upkeep\n|turn|8\n|\n|t:|1733885890\n|-terastallize|p2a: Polteageist|Fighting\n|move|p2a: Polteageist|Shell Smash|p2a: Polteageist\n|-unboost|p2a: Polteageist|def|1\n|-unboost|p2a: Polteageist|spd|1\n|-boost|p2a: Polteageist|atk|2\n|-boost|p2a: Polteageist|spa|2\n|-boost|p2a: Polteageist|spe|2\n|move|p1a: Ursaluna|Throat Chop|p2a: Polteageist\n|-resisted|p2a: Polteageist\n|-damage|p2a: Polteageist|87/224\n|-start|p1a: Ursaluna|Disable|Throat Chop|[from] ability: Cursed Body|[of] p2a: Polteageist\n|\n|-damage|p1a: Ursaluna|0 fnt|[from] psn\n|faint|p1a: Ursaluna\n|-end|p2a: Polteageist|Throat Chop|[silent]\n|upkeep\n|\n|t:|1733885894\n|switch|p1a: Lokix|Lokix, L82, F|226/251\n|-status|p1a: Lokix|tox\n|turn|9\n|\n|t:|1733885904\n|move|p1a: Lokix|Sucker Punch||[still]\n|-fail|p1a: Lokix\n|move|p2a: Polteageist|Strength Sap|p1a: Lokix\n|-unboost|p1a: Lokix|atk|1\n|-heal|p2a: Polteageist|224/224\n|\n|-damage|p1a: Lokix|211/251 tox|[from] psn\n|upkeep\n|turn|10\n|\n|t:|1733885906\n|move|p2a: Polteageist|Tera Blast|p1a: Lokix|[anim] Tera Blast Fighting\n|-damage|p1a: Lokix|0 fnt\n|faint|p1a: Lokix\n|\n|upkeep\n|\n|t:|1733885910\n|switch|p1a: Ribombee|Ribombee, L82, F|233/233\n|turn|11\n|\n|t:|1733885922\n|move|p2a: Polteageist|Shadow Ball|p1a: Ribombee\n|-damage|p1a: Ribombee|0 fnt\n|faint|p1a: Ribombee\n|\n|upkeep\n|c|\u2606all rizz no cap|Ru roh raggy\n|c|\u2606David Roddy|bro got a 100:0 matchup I know you ain't talking\n|\n|t:|1733885947\n|switch|p1a: Chimecho|Chimecho, L93, M|290/290\n|turn|12\n|c|\u2606all rizz no cap|Correct I\u2019m typing\n|c|\u2606David Roddy|bro got a 100:0 matchup I know you ain't talking\n|\n|t:|1733885962\n|-terastallize|p1a: Chimecho|Steel\n|move|p2a: Polteageist|Shadow Ball|p1a: Chimecho\n|-damage|p1a: Chimecho|35/290\n|move|p1a: Chimecho|Dazzling Gleam|p2a: Polteageist\n|-supereffective|p2a: Polteageist\n|-damage|p2a: Polteageist|54/224\n|\n|-heal|p1a: Chimecho|53/290|[from] item: Leftovers\n|upkeep\n|turn|13\n|\n|t:|1733885967\n|move|p2a: Polteageist|Shadow Ball|p1a: Chimecho\n|-damage|p1a: Chimecho|0 fnt\n|faint|p1a: Chimecho\n|\n|upkeep\n|\n|t:|1733885971\n|switch|p1a: Zekrom|Zekrom, L71|259/259\n|-status|p1a: Zekrom|tox\n|-ability|p1a: Zekrom|Teravolt\n|turn|14\n|c|\u2606all rizz no cap|Mouth is closed shut\n|\n|t:|1733885981\n|move|p2a: Polteageist|Tera Blast|p1a: Zekrom|[anim] Tera Blast Fighting\n|-damage|p1a: Zekrom|0 fnt\n|faint|p1a: Zekrom\n|\n|upkeep\n|c|\u2606David Roddy|fuck up hater\n|c|\u2606David Roddy|quick queue after this if your real\n|\n|t:|1733885984\n|switch|p1a: Dragapult|Dragapult, L77, M|262/262\n|-status|p1a: Dragapult|tox\n|turn|15\n|\n|t:|1733885988\n|move|p2a: Polteageist|Shadow Ball|p1a: Dragapult\n|-supereffective|p1a: Dragapult\n|-damage|p1a: Dragapult|0 fnt\n|faint|p1a: Dragapult\n|\n|win|all rizz no cap\n", "inputlog": ">version bfd83cad13791eb5a5a409923076391caf6fb4d4\n>start {\"formatid\":\"gen9randombattle\",\"seed\":[52689,9128,59876,10118],\"rated\":\"Rated battle\"}\n>player p1 {\"name\":\"David Roddy\",\"avatar\":\"hoopster\",\"rating\":1423,\"seed\":[15633,24399,2151,37524]}\n>player p2 {\"name\":\"all rizz no cap\",\"avatar\":\"swimmerfjp-gen2\",\"rating\":1467,\"seed\":[26799,8591,61950,40444]}\n>chat \u2606David Roddy|more like all cap no rizz\n>p1 move knockoff\n>p2 move toxicspikes\n>chat \u2606all rizz no cap|All jizz no crap\n>p1 switch 2\n>p2 move toxicspikes\n>chat \u2606David Roddy|im gonna rizz your pokemon up\n>p1 move facade\n>p2 switch 5\n>p2 switch 5\n>p1 move facade\n>p2 move crunch\n>p2 switch 4\n>p1 move throatchop\n>p2 move shellsmash\n>p1 move throatchop\n>p2 move strengthsap\n>p1 move throatchop\n>p2 move strengthsap\n>p1 move throatchop\n>p2 move shellsmash terastallize\n>p1 switch 2\n>p1 move suckerpunch\n>p2 move strengthsap\n>p1 move swordsdance\n>p2 move terablast\n>p1 switch 5\n>p1 move stunspore\n>p2 move shadowball\n>chat \u2606all rizz no cap|Ru roh raggy\n>chat \u2606David Roddy|bro got a 100:0 matchup I know you ain't talking\n>p1 switch 6\n>chat \u2606all rizz no cap|Correct I\u2019m typing\n>chat \u2606David Roddy|bro got a 100:0 matchup I know you ain't talking\n>p1 move dazzlinggleam terastallize\n>p2 move shadowball\n>p1 move dazzlinggleam\n>p2 move shadowball\n>p1 switch 4\n>chat \u2606all rizz no cap|Mouth is closed shut\n>p1 move boltstrike\n>p2 move terablast\n>chat \u2606David Roddy|fuck up hater\n>chat \u2606David Roddy|quick queue after this if your real\n>p1 switch 3\n>p1 move dragondance\n>p2 move shadowball", "uploadtime": 1733885982, "views": 6, "formatid": "gen9randombattle", "rating": null, "private": 0, "password": null}