{"id": "gen9randombattle-2260345249", "format": "[Gen 9] Random Battle", "players": ["Ndjioihh", "idjgjkrenhjrjhbj"], "log": "|j|\u2606Ndjioihh\n|j|\u2606idjgjkrenhjrjhbj\n|t:|1733842304\n|gametype|singles\n|player|p1|Ndjioihh|266|1044\n|player|p2|idjgjkrenhjrjhbj|102|1055\n|teamsize|p1|6\n|teamsize|p2|6\n|gen|9\n|tier|[Gen 9] Random Battle\n|rated|\n|rule|Species Clause: Limit one of each Pok\u00e9mon\n|rule|HP Percentage Mod: HP is shown in percentages\n|rule|Sleep Clause Mod: Limit one foe put to sleep\n|rule|Illusion Level Mod: Illusion disguises the Pok\u00e9mon's true level\n|\n|t:|1733842304\n|start\n|switch|p1a: Virizion|Virizion, L82|283/283\n|switch|p2a: Terrakion|Terrakion, L79|273/273\n|turn|1\n|inactive|Battle timer is ON: inactive players will automatically lose when time's up. (requested by Ndjioihh)\n|\n|t:|1733842331\n|move|p1a: Virizion|Swords Dance|p1a: Virizion\n|-boost|p1a: Virizion|atk|2\n|move|p2a: Terrakion|Earthquake|p1a: Virizion\n|-resisted|p1a: Virizion\n|-damage|p1a: Virizion|214/283\n|\n|upkeep\n|turn|2\n|\n|t:|1733842340\n|move|p1a: Virizion|Swords Dance|p1a: Virizion\n|-boost|p1a: Virizion|atk|2\n|move|p2a: Terrakion|Earthquake|p1a: Virizion\n|-resisted|p1a: Virizion\n|-damage|p1a: Virizion|144/283\n|\n|upkeep\n|turn|3\n|\n|t:|1733842347\n|move|p1a: Virizion|Leaf Blade|p2a: Terrakion\n|-supereffective|p2a: Terrakion\n|-damage|p2a: Terrakion|0 fnt\n|faint|p2a: Terrakion\n|-damage|p1a: Virizion|116/283|[from] item: Life Orb\n|\n|upkeep\n|\n|t:|1733842368\n|switch|p2a: Ambipom|Ambipom, L84, F|263/263\n|turn|4\n|\n|t:|1733842373\n|move|p2a: Ambipom|Triple Axel|p1a: Virizion\n|-supereffective|p1a: Virizion\n|-damage|p1a: Virizion|30/283\n|-hitcount|p1a: Virizion|1\n|move|p1a: Virizion|Close Combat|p2a: Ambipom\n|-supereffective|p2a: Ambipom\n|-damage|p2a: Ambipom|0 fnt\n|-unboost|p1a: Virizion|def|1\n|-unboost|p1a: Virizion|spd|1\n|faint|p2a: Ambipom\n|-damage|p1a: Virizion|2/283|[from] item: Life Orb\n|\n|upkeep\n|inactive|idjgjkrenhjrjhbj has 120 seconds left.\n|\n|t:|1733842401\n|switch|p2a: Lilligant|Lilligant, L86, F|261/261\n|turn|5\n|inactive|idjgjkrenhjrjhbj has 120 seconds left.\n|\n|t:|1733842408\n|move|p1a: Virizion|Close Combat|p2a: Lilligant\n|-damage|p2a: Lilligant|0 fnt\n|-unboost|p1a: Virizion|def|1\n|-unboost|p1a: Virizion|spd|1\n|faint|p2a: Lilligant\n|-damage|p1a: Virizion|0 fnt|[from] item: Life Orb\n|faint|p1a: Virizion\n|\n|upkeep\n|\n|t:|1733842424\n|switch|p1a: Uxie|Uxie, L83|260/260\n|switch|p2a: Skuntank|Skuntank, L84, F|310/310\n|turn|6\n|inactive|idjgjkrenhjrjhbj has 120 seconds left.\n|\n|t:|1733842442\n|move|p1a: Uxie|Stealth Rock|p2a: Skuntank\n|-sidestart|p2: idjgjkrenhjrjhbj|move: Stealth Rock\n|move|p2a: Skuntank|Gunk Shot|p1a: Uxie\n|-damage|p1a: Uxie|135/260\n|-damage|p2a: Skuntank|279/310|[from] item: Life Orb\n|\n|-heal|p1a: Uxie|151/260|[from] item: Leftovers\n|upkeep\n|turn|7\n|\n|t:|1733842455\n|move|p1a: Uxie|Encore|p2a: Skuntank\n|-start|p2a: Skuntank|Encore\n|move|p2a: Skuntank|Gunk Shot|p1a: Uxie|[miss]\n|-miss|p2a: Skuntank|p1a: Uxie\n|\n|-heal|p1a: Uxie|167/260|[from] item: Leftovers\n|upkeep\n|turn|8\n|\n|t:|1733842464\n|move|p1a: Uxie|U-turn|p2a: Skuntank\n|-damage|p2a: Skuntank|234/310\n|\n|t:|1733842467\n|switch|p1a: Swalot|Swalot, L90, M|326/326|[from] U-turn\n|move|p2a: Skuntank|Gunk Shot|p1a: Swalot|[miss]\n|-miss|p2a: Skuntank|p1a: Swalot\n|\n|upkeep\n|turn|9\n|\n|t:|1733842478\n|switch|p2a: Calyrex|Calyrex, L93|337/337\n|-ability|p2a: Calyrex|Unnerve\n|-damage|p2a: Calyrex|295/337|[from] Stealth Rock\n|move|p1a: Swalot|Earthquake|p2a: Calyrex\n|-resisted|p2a: Calyrex\n|-damage|p2a: Calyrex|264/337\n|\n|-heal|p2a: Calyrex|285/337|[from] item: Leftovers\n|upkeep\n|turn|10\n|\n|t:|1733842493\n|move|p2a: Calyrex|Psychic|p1a: Swalot\n|-supereffective|p1a: Swalot\n|-damage|p1a: Swalot|144/326\n|move|p1a: Swalot|Knock Off|p2a: Calyrex\n|-supereffective|p2a: Calyrex\n|-damage|p2a: Calyrex|167/337\n|-enditem|p2a: Calyrex|Leftovers|[from] move: Knock Off|[of] p1a: Swalot\n|\n|-heal|p1a: Swalot|164/326|[from] item: Leftovers\n|upkeep\n|turn|11\n|\n|t:|1733842503\n|switch|p1a: Uxie|Uxie, L83|167/260\n|move|p2a: Calyrex|Psychic|p1a: Uxie\n|-resisted|p1a: Uxie\n|-damage|p1a: Uxie|130/260\n|\n|-heal|p1a: Uxie|146/260|[from] item: Leftovers\n|upkeep\n|turn|12\n|\n|t:|1733842514\n|move|p1a: Uxie|U-turn|p2a: Calyrex\n|-supereffective|p2a: Calyrex\n|-damage|p2a: Calyrex|15/337\n|\n|t:|1733842518\n|switch|p1a: Dipplin|Dipplin, L88, M|284/284|[from] U-turn\n|move|p2a: Calyrex|Giga Drain|p1a: Dipplin\n|-resisted|p1a: Dipplin\n|-damage|p1a: Dipplin|270/284\n|-heal|p2a: Calyrex|22/337|[from] drain|[of] p1a: Dipplin\n|\n|upkeep\n|turn|13\n|\n|t:|1733842530\n|move|p2a: Calyrex|Psychic|p1a: Dipplin\n|-damage|p1a: Dipplin|198/284\n|move|p1a: Dipplin|Dragon Pulse|p2a: Calyrex\n|-damage|p2a: Calyrex|0 fnt\n|faint|p2a: Calyrex\n|\n|upkeep\n|\n|t:|1733842537\n|switch|p2a: Skuntank|Skuntank, L84, F|234/310\n|-damage|p2a: Skuntank|196/310|[from] Stealth Rock\n|turn|14\n|\n|t:|1733842544\n|switch|p1a: Swalot|Swalot, L90, M|164/326\n|move|p2a: Skuntank|Gunk Shot|p1a: Swalot\n|-resisted|p1a: Swalot\n|-damage|p1a: Swalot|85/326\n|-damage|p2a: Skuntank|165/310|[from] item: Life Orb\n|\n|-heal|p1a: Swalot|105/326|[from] item: Leftovers\n|upkeep\n|turn|15\n|\n|t:|1733842561\n|move|p2a: Skuntank|Fire Blast|p1a: Swalot\n|-damage|p1a: Swalot|22/326\n|-damage|p2a: Skuntank|134/310|[from] item: Life Orb\n|move|p1a: Swalot|Earthquake|p2a: Skuntank\n|-supereffective|p2a: Skuntank\n|-damage|p2a: Skuntank|0 fnt\n|faint|p2a: Skuntank\n|\n|-heal|p1a: Swalot|42/326|[from] item: Leftovers\n|upkeep\n|\n|t:|1733842571\n|switch|p2a: Thundurus|Thundurus-Therian, L80, M|258/258\n|turn|16\n|\n|t:|1733842579\n|-terastallize|p2a: Thundurus|Flying\n|move|p2a: Thundurus|Tera Blast|p1a: Swalot|[anim] Tera Blast Flying\n|-crit|p1a: Swalot\n|-damage|p1a: Swalot|0 fnt\n|faint|p1a: Swalot\n|\n|upkeep\n|\n|t:|1733842588\n|switch|p1a: Uxie|Uxie, L83|146/260\n|turn|17\n|\n|t:|1733842595\n|move|p2a: Thundurus|Tera Blast|p1a: Uxie|[anim] Tera Blast Flying\n|-damage|p1a: Uxie|44/260\n|move|p1a: Uxie|Psychic Noise|p2a: Thundurus\n|-damage|p2a: Thundurus|185/258\n|-start|p2a: Thundurus|move: Heal Block\n|\n|-heal|p1a: Uxie|60/260|[from] item: Leftovers\n|upkeep\n|turn|18\n|\n|t:|1733842610\n|move|p2a: Thundurus|Tera Blast|p1a: Uxie|[anim] Tera Blast Flying\n|-damage|p1a: Uxie|0 fnt\n|faint|p1a: Uxie\n|\n|-end|p2a: Thundurus|move: Heal Block\n|upkeep\n|\n|t:|1733842617\n|switch|p1a: Pyroar|Pyroar, L88, M|295/295\n|-ability|p1a: Pyroar|Unnerve\n|turn|19\n|\n|t:|1733842626\n|-terastallize|p1a: Pyroar|Fire\n|move|p1a: Pyroar|Fire Blast|p2a: Thundurus\n|-damage|p2a: Thundurus|0 fnt\n|faint|p2a: Thundurus\n|\n|win|Ndjioihh\n|raw|Ndjioihh's rating: 1044 &rarr; <strong>1078</strong><br />(+34 for winning)\n|raw|idjgjkrenhjrjhbj's rating: 1055 &rarr; <strong>1036</strong><br />(-19 for losing)\n", "inputlog": ">version bfd83cad13791eb5a5a409923076391caf6fb4d4\n>start {\"formatid\":\"gen9randombattle\",\"seed\":[3997,45464,14672,753],\"rated\":\"Rated battle\"}\n>player p1 {\"name\":\"Ndjioihh\",\"avatar\":\"266\",\"rating\":1044,\"seed\":[13105,7385,4095,11555]}\n>player p2 {\"name\":\"idjgjkrenhjrjhbj\",\"avatar\":\"102\",\"rating\":1055,\"seed\":[116,24583,37654,25025]}\n>p1 move swordsdance\n>p2 move earthquake\n>p1 move swordsdance\n>p2 move earthquake\n>p1 move leafblade\n>p2 move earthquake\n>p2 switch 5\n>p1 move closecombat\n>p2 move tripleaxel\n>p2 switch 3\n>p1 move closecombat\n>p2 move quiverdance\n>p1 switch 5\n>p2 switch 6\n>p1 move stealthrock\n>p2 move gunkshot\n>p1 move encore\n>p2 move knockoff\n>p1 move uturn\n>p2 move gunkshot\n>p1 switch 3\n>p1 move earthquake\n>p2 switch 4\n>p1 move knockoff\n>p2 move psychic\n>p1 switch 3\n>p2 move psychic\n>p1 move uturn\n>p2 move gigadrain\n>p1 switch 4\n>p1 move dragonpulse\n>p2 move psychic\n>p2 switch 4\n>p1 switch 3\n>p2 move gunkshot\n>p1 move earthquake\n>p2 move fireblast\n>p2 switch 2\n>p1 move knockoff\n>p2 move terablast terastallize\n>p1 switch 4\n>p1 move psychicnoise\n>p2 move terablast\n>p1 move psychicnoise\n>p2 move terablast\n>p1 switch 6\n>p1 move fireblast terastallize\n>p2 move terablast", "uploadtime": 1733842633, "views": 1, "formatid": "gen9randombattle", "rating": 1036, "private": 0, "password": null}