{"id": "gen9randombattle-2260301783", "format": "[Gen 9] Random Battle", "players": ["BasedAlphaMale", "wtflip"], "log": "|j|\u2606BasedAlphaMale\n|j|\u2606wtflip\n|inactive|Battle timer is ON: inactive players will automatically lose when time's up.\n|t:|1733837301\n|gametype|singles\n|player|p1|BasedAlphaMale|skierf-gen4dp|\n|player|p2|wtflip|169|\n|teamsize|p1|6\n|teamsize|p2|6\n|gen|9\n|tier|[Gen 9] Random Battle\n|rated|Tournament battle\n|rule|Species Clause: Limit one of each Pok\u00e9mon\n|rule|HP Percentage Mod: HP is shown in percentages\n|rule|Sleep Clause Mod: Limit one foe put to sleep\n|rule|Illusion Level Mod: Illusion disguises the Pok\u00e9mon's true level\n|\n|t:|1733837301\n|start\n|switch|p1a: Cresselia|Cresselia, L80, F|323/323\n|switch|p2a: Registeel|Registeel, L81|262/262\n|turn|1\n|j|*Lady Monita \u2600\n|\n|t:|1733837307\n|switch|p1a: Brambleghast|Brambleghast, L88, F|240/240\n|move|p2a: Registeel|Thunder Wave|p1a: Brambleghast\n|-status|p1a: Brambleghast|par\n|\n|upkeep\n|turn|2\n|\n|t:|1733837314\n|move|p2a: Registeel|Iron Head|p1a: Brambleghast\n|-damage|p1a: Brambleghast|165/240 par\n|move|p1a: Brambleghast|Leech Seed|p2a: Registeel|[miss]\n|-miss|p1a: Brambleghast|p2a: Registeel\n|\n|-heal|p1a: Brambleghast|180/240 par|[from] item: Leftovers\n|upkeep\n|turn|3\n|\n|t:|1733837319\n|move|p2a: Registeel|Iron Head|p1a: Brambleghast\n|-crit|p1a: Brambleghast\n|-damage|p1a: Brambleghast|60/240 par\n|cant|p1a: Brambleghast|par\n|\n|-heal|p1a: Brambleghast|75/240 par|[from] item: Leftovers\n|upkeep\n|turn|4\n|\n|t:|1733837322\n|move|p2a: Registeel|Iron Head|p1a: Brambleghast\n|-damage|p1a: Brambleghast|5/240 par\n|cant|p1a: Brambleghast|par\n|\n|-heal|p1a: Brambleghast|20/240 par|[from] item: Leftovers\n|upkeep\n|turn|5\n|\n|t:|1733837326\n|move|p2a: Registeel|Iron Head|p1a: Brambleghast\n|-damage|p1a: Brambleghast|0 fnt\n|faint|p1a: Brambleghast\n|\n|upkeep\n|\n|t:|1733837335\n|switch|p1a: Vaporeon|Vaporeon, L86, F|364/364\n|turn|6\n|\n|t:|1733837339\n|move|p1a: Vaporeon|Protect|p1a: Vaporeon\n|-singleturn|p1a: Vaporeon|Protect\n|move|p2a: Registeel|Thunder Wave|p1a: Vaporeon\n|-activate|p1a: Vaporeon|move: Protect\n|\n|upkeep\n|turn|7\n|\n|t:|1733837341\n|move|p1a: Vaporeon|Scald|p2a: Registeel\n|-damage|p2a: Registeel|193/262\n|-status|p2a: Registeel|brn\n|move|p2a: Registeel|Thunder Wave|p1a: Vaporeon\n|-status|p1a: Vaporeon|par\n|\n|-heal|p2a: Registeel|209/262 brn|[from] item: Leftovers\n|-damage|p2a: Registeel|193/262 brn|[from] brn\n|upkeep\n|turn|8\n|\n|t:|1733837347\n|move|p2a: Registeel|Stealth Rock|p1a: Vaporeon\n|-sidestart|p1: BasedAlphaMale|move: Stealth Rock\n|move|p1a: Vaporeon|Scald|p2a: Registeel\n|-damage|p2a: Registeel|121/262 brn\n|\n|-heal|p2a: Registeel|137/262 brn|[from] item: Leftovers\n|-damage|p2a: Registeel|121/262 brn|[from] brn\n|upkeep\n|turn|9\n|\n|t:|1733837366\n|switch|p2a: Gurdurr|Gurdurr, L85, M|283/283\n|move|p1a: Vaporeon|Scald|p2a: Gurdurr\n|-crit|p2a: Gurdurr\n|-damage|p2a: Gurdurr|145/283\n|\n|upkeep\n|turn|10\n|\n|t:|1733837373\n|move|p2a: Gurdurr|Bulk Up|p2a: Gurdurr\n|-boost|p2a: Gurdurr|atk|1\n|-boost|p2a: Gurdurr|def|1\n|cant|p1a: Vaporeon|par\n|\n|upkeep\n|turn|11\n|\n|t:|1733837378\n|move|p2a: Gurdurr|Bulk Up|p2a: Gurdurr\n|-boost|p2a: Gurdurr|atk|1\n|-boost|p2a: Gurdurr|def|1\n|cant|p1a: Vaporeon|par\n|\n|upkeep\n|turn|12\n|\n|t:|1733837384\n|move|p2a: Gurdurr|Bulk Up|p2a: Gurdurr\n|-boost|p2a: Gurdurr|atk|1\n|-boost|p2a: Gurdurr|def|1\n|cant|p1a: Vaporeon|par\n|\n|upkeep\n|turn|13\n|\n|t:|1733837392\n|move|p2a: Gurdurr|Bulk Up|p2a: Gurdurr\n|-boost|p2a: Gurdurr|atk|1\n|-boost|p2a: Gurdurr|def|1\n|cant|p1a: Vaporeon|par\n|\n|upkeep\n|turn|14\n|\n|t:|1733837396\n|move|p2a: Gurdurr|Bulk Up|p2a: Gurdurr\n|-boost|p2a: Gurdurr|atk|1\n|-boost|p2a: Gurdurr|def|1\n|move|p1a: Vaporeon|Scald|p2a: Gurdurr\n|-damage|p2a: Gurdurr|45/283\n|\n|upkeep\n|turn|15\n|c|\u2606BasedAlphaMale|?\n|\n|t:|1733837403\n|switch|p1a: Cresselia|Cresselia, L80, F|323/323\n|-damage|p1a: Cresselia|283/323|[from] Stealth Rock\n|move|p2a: Gurdurr|Drain Punch|p1a: Cresselia\n|-resisted|p1a: Cresselia\n|-damage|p1a: Cresselia|154/323\n|-heal|p2a: Gurdurr|110/283|[from] drain|[of] p1a: Cresselia\n|\n|-heal|p1a: Cresselia|174/323|[from] item: Leftovers\n|upkeep\n|turn|16\n|\n|t:|1733837418\n|-terastallize|p2a: Gurdurr|Steel\n|move|p1a: Cresselia|Moonblast|p2a: Gurdurr\n|-resisted|p2a: Gurdurr\n|-damage|p2a: Gurdurr|87/283\n|move|p2a: Gurdurr|Drain Punch|p1a: Cresselia\n|-resisted|p1a: Cresselia\n|-damage|p1a: Cresselia|30/323\n|-heal|p2a: Gurdurr|159/283|[from] drain|[of] p1a: Cresselia\n|\n|-heal|p1a: Cresselia|50/323|[from] item: Leftovers\n|upkeep\n|turn|17\n|\n|t:|1733837426\n|move|p2a: Gurdurr|Mach Punch|p1a: Cresselia\n|-resisted|p1a: Cresselia\n|-damage|p1a: Cresselia|0 fnt\n|faint|p1a: Cresselia\n|\n|upkeep\n|\n|t:|1733837430\n|switch|p1a: Vaporeon|Vaporeon, L86, F|364/364 par\n|-damage|p1a: Vaporeon|319/364 par|[from] Stealth Rock\n|turn|18\n|\n|t:|1733837435\n|move|p2a: Gurdurr|Bulk Up|p2a: Gurdurr\n|-boost|p2a: Gurdurr|atk|1\n|-boost|p2a: Gurdurr|def|1\n|cant|p1a: Vaporeon|par\n|\n|-heal|p1a: Vaporeon|341/364 par|[from] item: Leftovers\n|upkeep\n|turn|19\n|\n|t:|1733837440\n|move|p2a: Gurdurr|Drain Punch|p1a: Vaporeon\n|-damage|p1a: Vaporeon|0 fnt\n|-heal|p2a: Gurdurr|283/283|[from] drain|[of] p1a: Vaporeon\n|faint|p1a: Vaporeon\n|\n|upkeep\n|c|\u2606wtflip|dude\n|\n|t:|1733837443\n|switch|p1a: Articuno|Articuno, L86|295/295\n|-ability|p1a: Articuno|Pressure\n|turn|20\n|c|\u2606wtflip|ur vapo sucks\n|\n|t:|1733837457\n|move|p2a: Gurdurr|Mach Punch|p1a: Articuno\n|-damage|p1a: Articuno|123/295\n|move|p1a: Articuno|Freeze-Dry|p2a: Gurdurr\n|-resisted|p2a: Gurdurr\n|-damage|p2a: Gurdurr|245/283\n|\n|upkeep\n|turn|21\n|\n|t:|1733837463\n|move|p2a: Gurdurr|Mach Punch|p1a: Articuno\n|-damage|p1a: Articuno|0 fnt\n|faint|p1a: Articuno\n|\n|upkeep\n|-message|BasedAlphaMale forfeited.\n|\n|win|wtflip\n|n|\u2606BasedAlphaMale|basedalphamale\n|n|\u2606wtflip|wtflip\n|n|*Lady Monita \u2600|ladymonita\n|l|*Lady Monita \u2600\n|l|\u2606BasedAlphaMale\n|player|p1|\n", "inputlog": ">version bfd83cad13791eb5a5a409923076391caf6fb4d4\n>start {\"formatid\":\"gen9randombattle\",\"seed\":[31670,24270,59765,2345],\"rated\":\"Tournament battle\"}\n>player p1 {\"name\":\"BasedAlphaMale\",\"avatar\":\"skierf-gen4dp\",\"rating\":0,\"seed\":[23792,60392,30230,3263]}\n>player p2 {\"name\":\"wtflip\",\"avatar\":\"169\",\"rating\":0,\"seed\":[54465,49148,59955,57608]}\n>p1 switch 4\n>p2 move thunderwave\n>p1 move leechseed\n>p2 move ironhead\n>p1 move leechseed\n>p2 move ironhead\n>p1 move leechseed\n>p2 move ironhead\n>p1 move leechseed\n>p2 move ironhead\n>p1 switch 2\n>p1 move protect\n>p2 move thunderwave\n>p1 move scald\n>p2 move thunderwave\n>p1 move scald\n>p2 move stealthrock\n>p1 move scald\n>p2 switch 5\n>p1 move scald\n>p2 move bulkup\n>p1 move scald\n>p2 move bulkup\n>p1 move scald\n>p2 move bulkup\n>p1 move scald\n>p2 move bulkup\n>p1 move scald\n>p2 move bulkup\n>chat \u2606BasedAlphaMale|?\n>p1 switch 4\n>p2 move drainpunch\n>p1 move moonblast\n>p2 move drainpunch terastallize\n>p1 move moonblast\n>p2 move machpunch\n>p1 switch 4\n>p1 move roar\n>p2 move bulkup\n>p1 move roar\n>p2 move drainpunch\n>chat \u2606wtflip|dude\n>p1 switch 3\n>chat \u2606wtflip|ur vapo sucks\n>p1 move freezedry\n>p2 move machpunch\n>p1 move freezedry\n>p2 move machpunch\n>forcelose p1", "uploadtime": 1733837468, "views": 1, "formatid": "gen9randombattle", "rating": null, "private": 0, "password": null}