{"id": "gen9randombattle-2246572145", "format": "[Gen 9] Random Battle", "players": ["Feraligatr08", "subinator"], "log": "|badge|p2|silver|gen9randombattle|30-3\n|uhtml|medal-msg|<div class=\"broadcast-blue\">Curious what those medals under the avatar are? PS now has Ladder Seasons! For more information, check out the <a href=\"https://www.smogon.com/forums/threads/3740067/\">thread on Smogon.</a></div>\n|j|\u2606Feraligatr08\n|j|\u2606subinator\n|t:|1731977987\n|gametype|singles\n|player|p1|Feraligatr08|colress|2274\n|player|p2|subinator|266|2426\n|teamsize|p1|6\n|teamsize|p2|6\n|gen|9\n|tier|[Gen 9] Random Battle\n|rated|\n|rule|Species Clause: Limit one of each Pok\u00e9mon\n|rule|HP Percentage Mod: HP is shown in percentages\n|rule|Sleep Clause Mod: Limit one foe put to sleep\n|rule|Illusion Level Mod: Illusion disguises the Pok\u00e9mon's true level\n|\n|t:|1731977987\n|start\n|switch|p1a: Empoleon|Empoleon, L84, M|278/278\n|switch|p2a: Eelektross|Eelektross, L87, M|290/290\n|turn|1\n|j| ash_won_kalos\n|inactive|Battle timer is ON: inactive players will automatically lose when time's up. (requested by Feraligatr08)\n|\n|t:|1731978046\n|switch|p1a: Arcanine|Arcanine, L84, F|288/288\n|-ability|p1a: Arcanine|Intimidate|boost\n|-unboost|p2a: Eelektross|atk|1\n|move|p2a: Eelektross|Coil|p2a: Eelektross\n|-boost|p2a: Eelektross|atk|1\n|-boost|p2a: Eelektross|def|1\n|-boost|p2a: Eelektross|accuracy|1\n|\n|upkeep\n|turn|2\n|inactive|Feraligatr08 has 120 seconds left.\n|\n|t:|1731978081\n|move|p1a: Arcanine|Will-O-Wisp|p2a: Eelektross\n|-status|p2a: Eelektross|brn\n|move|p2a: Eelektross|Supercell Slam|p1a: Arcanine\n|-damage|p1a: Arcanine|216/288\n|\n|-damage|p2a: Eelektross|272/290 brn|[from] brn\n|upkeep\n|turn|3\n|inactive|Feraligatr08 has 120 seconds left.\n|\n|t:|1731978101\n|move|p1a: Arcanine|Flare Blitz|p2a: Eelektross\n|-damage|p2a: Eelektross|181/290 brn\n|-damage|p1a: Arcanine|186/288|[from] Recoil\n|move|p2a: Eelektross|Coil|p2a: Eelektross\n|-boost|p2a: Eelektross|atk|1\n|-boost|p2a: Eelektross|def|1\n|-boost|p2a: Eelektross|accuracy|1\n|\n|-heal|p2a: Eelektross|199/290 brn|[from] item: Leftovers\n|-damage|p2a: Eelektross|181/290 brn|[from] brn\n|upkeep\n|turn|4\n|\n|t:|1731978117\n|move|p1a: Arcanine|Flare Blitz|p2a: Eelektross\n|-damage|p2a: Eelektross|114/290 brn\n|-damage|p1a: Arcanine|164/288|[from] Recoil\n|move|p2a: Eelektross|Drain Punch|p1a: Arcanine\n|-damage|p1a: Arcanine|115/288\n|-heal|p2a: Eelektross|139/290 brn|[from] drain|[of] p1a: Arcanine\n|\n|-heal|p2a: Eelektross|157/290 brn|[from] item: Leftovers\n|-damage|p2a: Eelektross|139/290 brn|[from] brn\n|upkeep\n|turn|5\n|\n|t:|1731978125\n|move|p1a: Arcanine|Morning Sun|p1a: Arcanine\n|-heal|p1a: Arcanine|259/288\n|move|p2a: Eelektross|Supercell Slam|p1a: Arcanine\n|-damage|p1a: Arcanine|163/288\n|\n|-heal|p2a: Eelektross|157/290 brn|[from] item: Leftovers\n|-damage|p2a: Eelektross|139/290 brn|[from] brn\n|upkeep\n|turn|6\n|\n|t:|1731978138\n|switch|p1a: Landorus|Landorus-Therian, L76, M|260/260\n|-ability|p1a: Landorus|Intimidate|boost\n|-unboost|p2a: Eelektross|atk|1\n|move|p2a: Eelektross|Drain Punch|p1a: Landorus\n|-resisted|p1a: Landorus\n|-damage|p1a: Landorus|243/260\n|-heal|p2a: Eelektross|148/290 brn|[from] drain|[of] p1a: Landorus\n|\n|-heal|p1a: Landorus|259/260|[from] item: Leftovers\n|-heal|p2a: Eelektross|166/290 brn|[from] item: Leftovers\n|-damage|p2a: Eelektross|148/290 brn|[from] brn\n|upkeep\n|turn|7\n|\n|t:|1731978145\n|move|p1a: Landorus|U-turn|p2a: Eelektross\n|-damage|p2a: Eelektross|118/290 brn\n|\n|t:|1731978147\n|switch|p1a: Arcanine|Arcanine, L84, F|163/288|[from] U-turn\n|-ability|p1a: Arcanine|Intimidate|boost\n|-unboost|p2a: Eelektross|atk|1\n|move|p2a: Eelektross|Coil|p2a: Eelektross\n|-boost|p2a: Eelektross|atk|1\n|-boost|p2a: Eelektross|def|1\n|-boost|p2a: Eelektross|accuracy|1\n|\n|-heal|p2a: Eelektross|136/290 brn|[from] item: Leftovers\n|-damage|p2a: Eelektross|118/290 brn|[from] brn\n|upkeep\n|turn|8\n|\n|t:|1731978153\n|move|p1a: Arcanine|Flare Blitz|p2a: Eelektross\n|-damage|p2a: Eelektross|54/290 brn\n|-damage|p1a: Arcanine|142/288|[from] Recoil\n|move|p2a: Eelektross|Knock Off|p1a: Arcanine\n|-damage|p1a: Arcanine|95/288\n|-enditem|p1a: Arcanine|Heavy-Duty Boots|[from] move: Knock Off|[of] p2a: Eelektross\n|\n|-heal|p2a: Eelektross|72/290 brn|[from] item: Leftovers\n|-damage|p2a: Eelektross|54/290 brn|[from] brn\n|upkeep\n|turn|9\n|\n|t:|1731978159\n|move|p1a: Arcanine|Morning Sun|p1a: Arcanine\n|-heal|p1a: Arcanine|239/288\n|move|p2a: Eelektross|Drain Punch|p1a: Arcanine\n|-damage|p1a: Arcanine|206/288\n|-heal|p2a: Eelektross|71/290 brn|[from] drain|[of] p1a: Arcanine\n|\n|-heal|p2a: Eelektross|89/290 brn|[from] item: Leftovers\n|-damage|p2a: Eelektross|71/290 brn|[from] brn\n|upkeep\n|turn|10\n|\n|t:|1731978165\n|move|p1a: Arcanine|Flare Blitz|p2a: Eelektross\n|-damage|p2a: Eelektross|14/290 brn\n|-damage|p1a: Arcanine|187/288|[from] Recoil\n|move|p2a: Eelektross|Drain Punch|p1a: Arcanine\n|-damage|p1a: Arcanine|153/288\n|-heal|p2a: Eelektross|31/290 brn|[from] drain|[of] p1a: Arcanine\n|\n|-heal|p2a: Eelektross|49/290 brn|[from] item: Leftovers\n|-damage|p2a: Eelektross|31/290 brn|[from] brn\n|upkeep\n|turn|11\n|\n|t:|1731978169\n|move|p1a: Arcanine|Morning Sun|p1a: Arcanine\n|-heal|p1a: Arcanine|288/288\n|move|p2a: Eelektross|Supercell Slam|p1a: Arcanine\n|-damage|p1a: Arcanine|223/288\n|\n|-heal|p2a: Eelektross|49/290 brn|[from] item: Leftovers\n|-damage|p2a: Eelektross|31/290 brn|[from] brn\n|upkeep\n|turn|12\n|\n|t:|1731978172\n|move|p1a: Arcanine|Flare Blitz|p2a: Eelektross\n|-damage|p2a: Eelektross|0 fnt\n|faint|p2a: Eelektross\n|-damage|p1a: Arcanine|213/288|[from] Recoil\n|\n|upkeep\n|\n|t:|1731978181\n|switch|p2a: Deoxys|Deoxys, L74|196/196\n|-ability|p2a: Deoxys|Pressure\n|turn|13\n|\n|t:|1731978206\n|move|p1a: Arcanine|Extreme Speed|p2a: Deoxys\n|-damage|p2a: Deoxys|97/196\n|move|p2a: Deoxys|Superpower|p1a: Arcanine\n|-damage|p1a: Arcanine|84/288\n|-unboost|p2a: Deoxys|atk|1\n|-unboost|p2a: Deoxys|def|1\n|-damage|p2a: Deoxys|78/196|[from] item: Life Orb\n|\n|upkeep\n|turn|14\n|\n|t:|1731978212\n|switch|p2a: Exeggutor|Exeggutor, L89, M|312/312\n|move|p1a: Arcanine|Extreme Speed|p2a: Exeggutor\n|-damage|p2a: Exeggutor|246/312\n|\n|upkeep\n|turn|15\n|\n|t:|1731978220\n|switch|p2a: Houndoom|Houndoom, L87, F|272/272\n|move|p1a: Arcanine|Morning Sun|p1a: Arcanine\n|-heal|p1a: Arcanine|228/288\n|\n|upkeep\n|turn|16\n|\n|t:|1731978232\n|switch|p1a: Empoleon|Empoleon, L84, M|278/278\n|move|p2a: Houndoom|Nasty Plot|p2a: Houndoom\n|-boost|p2a: Houndoom|spa|2\n|\n|upkeep\n|turn|17\n|\n|t:|1731978240\n|move|p2a: Houndoom|Dark Pulse|p1a: Empoleon\n|-damage|p1a: Empoleon|107/278\n|move|p1a: Empoleon|Surf|p2a: Houndoom\n|-supereffective|p2a: Houndoom\n|-damage|p2a: Houndoom|44/272\n|\n|-heal|p1a: Empoleon|124/278|[from] item: Leftovers\n|upkeep\n|turn|18\n|\n|t:|1731978249\n|move|p2a: Houndoom|Dark Pulse|p1a: Empoleon\n|-damage|p1a: Empoleon|0 fnt\n|faint|p1a: Empoleon\n|\n|upkeep\n|\n|t:|1731978269\n|switch|p1a: Arcanine|Arcanine, L84, F|228/288\n|-ability|p1a: Arcanine|Intimidate|boost\n|-unboost|p2a: Houndoom|atk|1\n|turn|19\n|\n|t:|1731978272\n|switch|p2a: Gholdengo|Gholdengo, L77|261/261\n|move|p1a: Arcanine|Extreme Speed|p2a: Gholdengo\n|-immune|p2a: Gholdengo\n|\n|upkeep\n|turn|20\n|\n|t:|1731978286\n|switch|p2a: Houndoom|Houndoom, L87, F|44/272\n|move|p1a: Arcanine|Flare Blitz|p2a: Houndoom\n|-start|p2a: Houndoom|ability: Flash Fire\n|\n|upkeep\n|turn|21\n|\n|t:|1731978291\n|move|p1a: Arcanine|Extreme Speed|p2a: Houndoom\n|-damage|p2a: Houndoom|0 fnt\n|faint|p2a: Houndoom\n|\n|upkeep\n|\n|t:|1731978293\n|switch|p2a: Phione|Phione, L91|293/293\n|turn|22\n|inactive|Feraligatr08 has 120 seconds left.\n|\n|t:|1731978336\n|switch|p1a: Furret|Furret, L94, F|312/312\n|-item|p2a: Phione|Leftovers|[from] ability: Frisk|[of] p1a: Furret\n|move|p2a: Phione|Take Heart|p2a: Phione\n|-boost|p2a: Phione|spa|1\n|-boost|p2a: Phione|spd|1\n|\n|upkeep\n|turn|23\n|\n|t:|1731978349\n|switch|p2a: Gholdengo|Gholdengo, L77|261/261\n|move|p1a: Furret|Knock Off|p2a: Gholdengo\n|-supereffective|p2a: Gholdengo\n|-damage|p2a: Gholdengo|71/261\n|-enditem|p2a: Gholdengo|Leftovers|[from] move: Knock Off|[of] p1a: Furret\n|-damage|p1a: Furret|281/312|[from] item: Life Orb\n|\n|upkeep\n|turn|24\n|\n|t:|1731978352\n|move|p1a: Furret|Knock Off|p2a: Gholdengo\n|-supereffective|p2a: Gholdengo\n|-damage|p2a: Gholdengo|0 fnt\n|faint|p2a: Gholdengo\n|-damage|p1a: Furret|250/312|[from] item: Life Orb\n|\n|upkeep\n|-message|subinator forfeited.\n|\n|win|Feraligatr08\n|raw|Feraligatr08's rating: 2274 &rarr; <strong>2302</strong><br />(+28 for winning)\n|raw|subinator's rating: 2426 &rarr; <strong>2398</strong><br />(-28 for losing)\n|l|\u2606subinator\n|player|p2|\n|l|\u2606Feraligatr08\n|player|p1|\n|j|\u2606Feraligatr08\n|player|p1|Feraligatr08|colress|\n", "inputlog": ">version baf9aa68cbe18cf25f290680a08c9ad9c5e3e828\n>start {\"formatid\":\"gen9randombattle\",\"seed\":[26436,52927,28300,51130],\"rated\":\"Rated battle\"}\n>player p1 {\"name\":\"Feraligatr08\",\"avatar\":\"colress\",\"rating\":2274,\"seed\":[19903,1605,14388,57810]}\n>player p2 {\"name\":\"subinator\",\"avatar\":\"266\",\"rating\":2426,\"seed\":[43668,43588,32761,17617]}\n>p1 switch 5\n>p2 move coil\n>p1 move willowisp\n>p2 move supercellslam\n>p1 move flareblitz\n>p2 move coil\n>p1 move flareblitz\n>p2 move drainpunch\n>p1 move morningsun\n>p2 move supercellslam\n>p1 switch 6\n>p2 move drainpunch\n>p1 move uturn\n>p2 move coil\n>p1 switch 6\n>p1 move flareblitz\n>p2 move knockoff\n>p1 move morningsun\n>p2 move drainpunch\n>p1 move flareblitz\n>p2 move drainpunch\n>p1 move morningsun\n>p2 move supercellslam\n>p1 move flareblitz\n>p2 move supercellslam\n>p2 switch 3\n>p1 move extremespeed\n>p2 move superpower\n>p1 move extremespeed\n>p2 switch 6\n>p1 move morningsun\n>p2 switch 2\n>p1 switch 5\n>p2 move nastyplot\n>p1 move surf\n>p2 move darkpulse\n>p1 move stealthrock\n>p2 move darkpulse\n>p1 switch 5\n>p1 move extremespeed\n>p2 switch 4\n>p1 move flareblitz\n>p2 switch 4\n>p1 move extremespeed\n>p2 move darkpulse\n>p2 switch 5\n>p1 switch 2\n>p2 move takeheart\n>p1 move knockoff\n>p2 switch 4\n>p1 move knockoff\n>p2 move makeitrain\n>forcelose p2", "uploadtime": 1731978405, "views": 24, "formatid": "gen9randombattle", "rating": 2302, "private": 0, "password": null}