{"id": "gen9randombattle-2102167469", "format": "[Gen 9] Random Battle", "players": ["dcenoris", "Boris Huang - YT"], "log": "|badge|p1|bronze|gen9randombattle|100-1\n|uhtml|medal-msg|<div class=\"broadcast-blue\">Curious what those medals under the avatar are? PS now has Ladder Seasons! For more information, check out the <a href=\"https://www.smogon.com/forums/threads/3740067/\">thread on Smogon.</a></div>\n|badge|p2|silver|gen9randombattle|30-1\n|uhtml|medal-msg|<div class=\"broadcast-blue\">Curious what those medals under the avatar are? PS now has Ladder Seasons! For more information, check out the <a href=\"https://www.smogon.com/forums/threads/3740067/\">thread on Smogon.</a></div>\n|j|\u2606dcenoris\n|j|\u2606Boris Huang - YT\n|t:|1712959211\n|gametype|singles\n|player|p1|dcenoris|lucas|2347\n|player|p2|Boris Huang - YT|#teamgapdos|2406\n|teamsize|p1|6\n|teamsize|p2|6\n|gen|9\n|tier|[Gen 9] Random Battle\n|rated|\n|rule|Species Clause: Limit one of each Pok\u00e9mon\n|rule|HP Percentage Mod: HP is shown in percentages\n|rule|Sleep Clause Mod: Limit one foe put to sleep\n|rule|Illusion Level Mod: Illusion disguises the Pok\u00e9mon's true level\n|\n|t:|1712959211\n|start\n|switch|p1a: Eiscue|Eiscue, L87, F|272/272\n|switch|p2a: Pyroar|Pyroar, L88, F|295/295\n|-ability|p2a: Pyroar|Unnerve\n|turn|1\n|inactive|Battle timer is ON: inactive players will automatically lose when time's up. (requested by Boris Huang - YT)\n|\n|t:|1712959223\n|switch|p1a: Grumpig|Grumpig, L92, M|297/297\n|move|p2a: Pyroar|Will-O-Wisp|p1a: Grumpig\n|-status|p1a: Grumpig|brn\n|\n|-damage|p1a: Grumpig|279/297 brn|[from] brn\n|upkeep\n|turn|2\n|\n|t:|1712959237\n|switch|p2a: Gogoat|Gogoat, L88, F|360/360\n|move|p1a: Grumpig|Nasty Plot|p1a: Grumpig\n|-boost|p1a: Grumpig|spa|2\n|\n|-heal|p1a: Grumpig|297/297 brn|[from] item: Leftovers\n|-damage|p1a: Grumpig|279/297 brn|[from] brn\n|upkeep\n|turn|3\n|\n|t:|1712959250\n|move|p1a: Grumpig|Psyshock|p2a: Gogoat\n|-damage|p2a: Gogoat|140/360\n|move|p2a: Gogoat|Horn Leech|p1a: Grumpig\n|-damage|p1a: Grumpig|173/297 brn\n|-heal|p2a: Gogoat|193/360|[from] drain|[of] p1a: Grumpig\n|\n|-heal|p1a: Grumpig|191/297 brn|[from] item: Leftovers\n|-heal|p2a: Gogoat|215/360|[from] item: Leftovers\n|-damage|p1a: Grumpig|173/297 brn|[from] brn\n|upkeep\n|turn|4\n|\n|t:|1712959258\n|move|p1a: Grumpig|Earth Power|p2a: Gogoat\n|-resisted|p2a: Gogoat\n|-damage|p2a: Gogoat|139/360\n|move|p2a: Gogoat|Horn Leech|p1a: Grumpig\n|-damage|p1a: Grumpig|67/297 brn\n|-heal|p2a: Gogoat|192/360|[from] drain|[of] p1a: Grumpig\n|\n|-heal|p1a: Grumpig|85/297 brn|[from] item: Leftovers\n|-heal|p2a: Gogoat|214/360|[from] item: Leftovers\n|-damage|p1a: Grumpig|67/297 brn|[from] brn\n|upkeep\n|turn|5\n|\n|t:|1712959261\n|move|p1a: Grumpig|Psyshock|p2a: Gogoat\n|-damage|p2a: Gogoat|0 fnt\n|faint|p2a: Gogoat\n|\n|-heal|p1a: Grumpig|85/297 brn|[from] item: Leftovers\n|-damage|p1a: Grumpig|67/297 brn|[from] brn\n|upkeep\n|\n|t:|1712959264\n|switch|p2a: Pyroar|Pyroar, L88, F|295/295\n|-ability|p2a: Pyroar|Unnerve\n|turn|6\n|\n|t:|1712959268\n|switch|p1a: Ursaring|Ursaring, L84, M|288/288\n|move|p2a: Pyroar|Hyper Voice|p1a: Ursaring\n|-damage|p1a: Ursaring|197/288\n|\n|upkeep\n|turn|7\n|\n|t:|1712959277\n|move|p2a: Pyroar|Work Up|p2a: Pyroar\n|-boost|p2a: Pyroar|atk|1\n|-boost|p2a: Pyroar|spa|1\n|move|p1a: Ursaring|Body Slam|p2a: Pyroar\n|-damage|p2a: Pyroar|166/295\n|\n|upkeep\n|turn|8\n|\n|t:|1712959280\n|move|p2a: Pyroar|Fire Blast|p1a: Ursaring\n|-damage|p1a: Ursaring|52/288\n|-status|p1a: Ursaring|brn\n|move|p1a: Ursaring|Earthquake|p2a: Pyroar\n|-supereffective|p2a: Pyroar\n|-damage|p2a: Pyroar|0 fnt\n|faint|p2a: Pyroar\n|\n|-damage|p1a: Ursaring|34/288 brn|[from] brn\n|upkeep\n|\n|t:|1712959297\n|switch|p2a: Skeledirge|Skeledirge, L79, M|294/294\n|turn|9\n|\n|t:|1712959303\n|move|p2a: Skeledirge|Torch Song|p1a: Ursaring\n|-damage|p1a: Ursaring|0 fnt\n|-boost|p2a: Skeledirge|spa|1\n|faint|p1a: Ursaring\n|\n|upkeep\n|\n|t:|1712959312\n|switch|p1a: Kyogre|Kyogre, L71|259/259\n|-weather|RainDance|[from] ability: Drizzle|[of] p1a: Kyogre\n|turn|10\n|\n|t:|1712959323\n|-terastallize|p2a: Skeledirge|Water\n|move|p1a: Kyogre|Thunder|p2a: Skeledirge\n|-supereffective|p2a: Skeledirge\n|-damage|p2a: Skeledirge|102/294\n|move|p2a: Skeledirge|Flame Charge|p1a: Kyogre\n|-resisted|p1a: Kyogre\n|-damage|p1a: Kyogre|248/259\n|-boost|p2a: Skeledirge|spe|1\n|\n|-weather|RainDance|[upkeep]\n|upkeep\n|turn|11\n|\n|t:|1712959332\n|switch|p2a: Sudowoodo|Sudowoodo, L93, F|281/281\n|move|p1a: Kyogre|Thunder|p2a: Sudowoodo\n|-crit|p2a: Sudowoodo\n|-damage|p2a: Sudowoodo|145/281\n|-status|p2a: Sudowoodo|par\n|\n|-weather|RainDance|[upkeep]\n|-heal|p2a: Sudowoodo|162/281 par|[from] item: Leftovers\n|upkeep\n|turn|12\n|\n|t:|1712959339\n|switch|p1a: Grumpig|Grumpig, L92, M|67/297 brn\n|move|p2a: Sudowoodo|Stealth Rock|p1a: Grumpig\n|-sidestart|p1: dcenoris|move: Stealth Rock\n|\n|-weather|RainDance|[upkeep]\n|-heal|p1a: Grumpig|85/297 brn|[from] item: Leftovers\n|-heal|p2a: Sudowoodo|179/281 par|[from] item: Leftovers\n|-damage|p1a: Grumpig|67/297 brn|[from] brn\n|upkeep\n|turn|13\n|\n|t:|1712959345\n|move|p1a: Grumpig|Earth Power|p2a: Sudowoodo\n|-supereffective|p2a: Sudowoodo\n|-damage|p2a: Sudowoodo|21/281 par\n|cant|p2a: Sudowoodo|par\n|\n|-weather|RainDance|[upkeep]\n|-heal|p1a: Grumpig|85/297 brn|[from] item: Leftovers\n|-heal|p2a: Sudowoodo|38/281 par|[from] item: Leftovers\n|-damage|p1a: Grumpig|67/297 brn|[from] brn\n|upkeep\n|turn|14\n|\n|t:|1712959349\n|move|p1a: Grumpig|Psyshock|p2a: Sudowoodo\n|-damage|p2a: Sudowoodo|0 fnt\n|faint|p2a: Sudowoodo\n|\n|-weather|none\n|-heal|p1a: Grumpig|85/297 brn|[from] item: Leftovers\n|-damage|p1a: Grumpig|67/297 brn|[from] brn\n|upkeep\n|\n|t:|1712959361\n|switch|p2a: Maushold|Maushold-Four, L76|238/238\n|turn|15\n|\n|t:|1712959366\n|move|p2a: Maushold|Tidy Up|p2a: Maushold\n|-sideend|p1: dcenoris|Stealth Rock\n|-activate|p2a: Maushold|move: Tidy Up\n|-boost|p2a: Maushold|atk|1\n|-boost|p2a: Maushold|spe|1\n|move|p1a: Grumpig|Psyshock|p2a: Maushold\n|-damage|p2a: Maushold|112/238\n|\n|-heal|p1a: Grumpig|85/297 brn|[from] item: Leftovers\n|-damage|p1a: Grumpig|67/297 brn|[from] brn\n|upkeep\n|turn|16\n|\n|t:|1712959374\n|move|p2a: Maushold|Bite|p1a: Grumpig\n|-supereffective|p1a: Grumpig\n|-damage|p1a: Grumpig|0 fnt\n|faint|p1a: Grumpig\n|\n|upkeep\n|\n|t:|1712959379\n|switch|p1a: Eiscue|Eiscue, L87, F|272/272\n|turn|17\n|\n|t:|1712959388\n|move|p2a: Maushold|Tidy Up|p2a: Maushold\n|-boost|p2a: Maushold|atk|1\n|-boost|p2a: Maushold|spe|1\n|move|p1a: Eiscue|Ice Spinner|p2a: Maushold\n|-damage|p2a: Maushold|7/238\n|\n|upkeep\n|turn|18\n|\n|t:|1712959396\n|move|p2a: Maushold|Population Bomb|p1a: Eiscue\n|-activate|p1a: Eiscue|ability: Ice Face\n|-damage|p1a: Eiscue|272/272\n|detailschange|p1a: Eiscue|Eiscue-Noice, L87, F\n|-damage|p1a: Eiscue|218/272\n|-damage|p1a: Eiscue|170/272\n|-damage|p1a: Eiscue|118/272\n|-damage|p1a: Eiscue|70/272\n|-damage|p1a: Eiscue|15/272\n|-enditem|p1a: Eiscue|Salac Berry|[eat]\n|-boost|p1a: Eiscue|spe|1|[from] item: Salac Berry\n|-damage|p1a: Eiscue|0 fnt\n|faint|p1a: Eiscue\n|-hitcount|p1: Eiscue|7\n|\n|upkeep\n|\n|t:|1712959412\n|switch|p1a: Urshifu|Urshifu, L74, F|270/270\n|turn|19\n|\n|t:|1712959423\n|move|p1a: Urshifu|Sucker Punch||[still]\n|-fail|p1a: Urshifu\n|move|p2a: Maushold|Tidy Up|p2a: Maushold\n|-boost|p2a: Maushold|atk|1\n|-boost|p2a: Maushold|spe|1\n|\n|upkeep\n|turn|20\n|\n|t:|1712959430\n|switch|p1a: Kyogre|Kyogre, L71|248/259\n|-weather|RainDance|[from] ability: Drizzle|[of] p1a: Kyogre\n|move|p2a: Maushold|Encore||[still]\n|-fail|p2a: Maushold\n|\n|-weather|RainDance|[upkeep]\n|upkeep\n|turn|21\n|\n|t:|1712959433\n|move|p2a: Maushold|Population Bomb|p1a: Kyogre\n|-damage|p1a: Kyogre|190/259\n|-damage|p1a: Kyogre|126/259\n|-damage|p1a: Kyogre|66/259\n|-damage|p1a: Kyogre|0 fnt\n|faint|p1a: Kyogre\n|-hitcount|p1: Kyogre|4\n|\n|-weather|RainDance|[upkeep]\n|upkeep\n|\n|t:|1712959434\n|switch|p1a: Urshifu|Urshifu, L74, F|270/270\n|turn|22\n|\n|t:|1712959446\n|move|p2a: Maushold|Population Bomb|p1a: Urshifu\n|-damage|p1a: Urshifu|213/270\n|-damage|p1a: Urshifu|161/270\n|-damage|p1a: Urshifu|104/270\n|-damage|p1a: Urshifu|44/270\n|-damage|p1a: Urshifu|0 fnt\n|faint|p1a: Urshifu\n|-hitcount|p1: Urshifu|5\n|\n|-weather|RainDance|[upkeep]\n|upkeep\n|-message|dcenoris forfeited.\n|\n|win|Boris Huang - YT\n|raw|dcenoris's rating: 2347 &rarr; <strong>2330</strong><br />(-17 for losing)\n|raw|Boris Huang - YT's rating: 2406 &rarr; <strong>2423</strong><br />(+17 for winning)\n|l|\u2606dcenoris\n|player|p1|\n", "inputlog": ">version efdfcdfea264166c4836bf13eeff278fa6fb4aae\n>start {\"formatid\":\"gen9randombattle\",\"seed\":[43976,7094,23028,54066],\"rated\":\"Rated battle\"}\n>player p1 {\"name\":\"dcenoris\",\"avatar\":\"lucas\",\"rating\":2347,\"seed\":[62373,59868,31600,56996]}\n>player p2 {\"name\":\"Boris Huang - YT\",\"avatar\":\"#teamgapdos\",\"rating\":2406,\"seed\":[9606,64301,63301,30341]}\n>p1 switch 3\n>p2 move willowisp\n>p1 move nastyplot\n>p2 switch 6\n>p1 move psyshock\n>p2 move hornleech\n>p1 move earthpower\n>p2 move hornleech\n>p1 move psyshock\n>p2 move hornleech\n>p2 switch 6\n>p1 switch 5\n>p2 move hypervoice\n>p1 move bodyslam\n>p2 move workup\n>p1 move earthquake\n>p2 move fireblast\n>p2 switch 5\n>p1 move earthquake\n>p2 move torchsong\n>p1 switch 6\n>p1 move thunder\n>p2 move flamecharge terastallize\n>p1 move thunder\n>p2 switch 3\n>p1 switch 5\n>p2 move stealthrock\n>p1 move earthpower\n>p2 move earthquake\n>p1 move psyshock\n>p2 move earthquake\n>p2 switch 2\n>p1 move psyshock\n>p2 move tidyup\n>p1 move psyshock\n>p2 move bite\n>p1 switch 3\n>p1 move icespinner\n>p2 move tidyup\n>p1 move icespinner\n>p2 move populationbomb\n>p1 switch 4\n>p1 move suckerpunch\n>p2 move tidyup\n>p1 switch 5\n>p2 move encore\n>p1 move thunder\n>p2 move populationbomb\n>p1 switch 5\n>p1 move wickedblow\n>p2 move populationbomb\n>forcelose p1", "uploadtime": 1712959459, "views": 248, "formatid": "gen9randombattle", "rating": 2330, "private": 0, "password": null}