{"id": "gen9randombattle-2132481515", "format": "[Gen 9] Random Battle", "players": ["PikaTROD", "MichaelderBeste2"], "log": "|badge|p1|bronze|gen9randombattle|100-1\n|html|<div class=\"broadcast-red\"><strong>This battle is required to be public due to one or more player having a season medal.</strong><br />During the public phase, you can discuss the state of the ladder <a href=\"/seasondiscussion\">in a special chatroom.</a></div>\n|uhtml|medal-msg|<div class=\"broadcast-blue\">Curious what those medals under the avatar are? PS now has Ladder Seasons! For more information, check out the <a href=\"https://www.smogon.com/forums/threads/3740067/\">thread on Smogon.</a></div>\n|badge|p2|silver|gen9randombattle|30-1\n|uhtml|medal-msg|<div class=\"broadcast-blue\">Curious what those medals under the avatar are? PS now has Ladder Seasons! For more information, check out the <a href=\"https://www.smogon.com/forums/threads/3740067/\">thread on Smogon.</a></div>\n|j|\u2606PikaTROD\n|j|\u2606MichaelderBeste2\n|t:|1716937560\n|gametype|singles\n|player|p1|PikaTROD|thorton|2351\n|player|p2|MichaelderBeste2|#wcop2024germany|2493\n|teamsize|p1|6\n|teamsize|p2|6\n|gen|9\n|tier|[Gen 9] Random Battle\n|rated|\n|rule|Species Clause: Limit one of each Pok\u00e9mon\n|rule|HP Percentage Mod: HP is shown in percentages\n|rule|Sleep Clause Mod: Limit one foe put to sleep\n|rule|Illusion Level Mod: Illusion disguises the Pok\u00e9mon's true level\n|\n|t:|1716937560\n|start\n|switch|p1a: Bellossom|Bellossom, L84, M|263/263\n|switch|p2a: Samurott|Samurott-Hisui, L77, M|265/265\n|turn|1\n|j| Shaky3\n|inactive|Battle timer is ON: inactive players will automatically lose when time's up. (requested by PikaTROD)\n|\n|t:|1716937587\n|switch|p2a: Munkidori|Munkidori, L79, M|269/269\n|move|p1a: Bellossom|Giga Drain|p2a: Munkidori\n|-resisted|p2a: Munkidori\n|-damage|p2a: Munkidori|227/269\n|\n|upkeep\n|turn|2\n|\n|t:|1716937603\n|switch|p1a: Luxray|Luxray, L88, F|284/284\n|move|p2a: Munkidori|Nasty Plot|p2a: Munkidori\n|-boost|p2a: Munkidori|spa|2\n|\n|-status|p1a: Luxray|brn|[from] item: Flame Orb\n|upkeep\n|turn|3\n|\n|t:|1716937614\n|move|p2a: Munkidori|Sludge Wave|p1a: Luxray\n|-damage|p1a: Luxray|3/284 brn\n|-damage|p2a: Munkidori|201/269|[from] item: Life Orb\n|move|p1a: Luxray|Throat Chop|p2a: Munkidori\n|-supereffective|p2a: Munkidori\n|-damage|p2a: Munkidori|0 fnt\n|faint|p2a: Munkidori\n|\n|-damage|p1a: Luxray|0 fnt|[from] brn\n|faint|p1a: Luxray\n|upkeep\n|l| Shaky3\n|\n|t:|1716937627\n|switch|p2a: Vespiquen|Vespiquen, L98, F|296/296\n|switch|p1a: Hariyama|Hariyama, L87, F|392/392\n|-ability|p2a: Vespiquen|Pressure\n|turn|4\n|\n|t:|1716937637\n|switch|p1a: Beartic|Beartic, L90, M|317/317\n|move|p2a: Vespiquen|Spikes|p1a: Beartic\n|-sidestart|p1: PikaTROD|Spikes\n|\n|upkeep\n|turn|5\n|\n|t:|1716937647\n|switch|p2a: Kyogre|Kyogre, L71|259/259\n|-weather|RainDance|[from] ability: Drizzle|[of] p2a: Kyogre\n|move|p1a: Beartic|Swords Dance|p1a: Beartic\n|-boost|p1a: Beartic|atk|2\n|\n|-weather|RainDance|[upkeep]\n|upkeep\n|turn|6\n|\n|t:|1716937655\n|move|p2a: Kyogre|Water Spout|p1a: Beartic\n|-damage|p1a: Beartic|80/317\n|move|p1a: Beartic|Close Combat|p2a: Kyogre\n|-damage|p2a: Kyogre|0 fnt\n|-unboost|p1a: Beartic|def|1\n|-unboost|p1a: Beartic|spd|1\n|faint|p2a: Kyogre\n|\n|-weather|RainDance|[upkeep]\n|upkeep\n|\n|t:|1716937664\n|switch|p2a: Samurott|Samurott-Hisui, L77, M|265/265\n|turn|7\n|\n|t:|1716937670\n|move|p2a: Samurott|Ceaseless Edge|p1a: Beartic\n|-damage|p1a: Beartic|0 fnt\n|-sidestart|p1: PikaTROD|Spikes\n|faint|p1a: Beartic\n|\n|-weather|RainDance|[upkeep]\n|upkeep\n|\n|t:|1716937679\n|switch|p1a: Bellossom|Bellossom, L84, M|263/263\n|-damage|p1a: Bellossom|220/263|[from] Spikes\n|turn|8\n|\n|t:|1716937682\n|switch|p2a: Vespiquen|Vespiquen, L98, F|296/296\n|-ability|p2a: Vespiquen|Pressure\n|move|p1a: Bellossom|Quiver Dance|p1a: Bellossom\n|-boost|p1a: Bellossom|spa|1\n|-boost|p1a: Bellossom|spd|1\n|-boost|p1a: Bellossom|spe|1\n|\n|-weather|RainDance|[upkeep]\n|-heal|p1a: Bellossom|236/263|[from] item: Leftovers\n|upkeep\n|turn|9\n|\n|t:|1716937687\n|-terastallize|p1a: Bellossom|Rock\n|move|p1a: Bellossom|Tera Blast|p2a: Vespiquen|[anim] Tera Blast Rock\n|-supereffective|p2a: Vespiquen\n|-damage|p2a: Vespiquen|0 fnt\n|faint|p2a: Vespiquen\n|\n|-weather|none\n|-heal|p1a: Bellossom|252/263|[from] item: Leftovers\n|upkeep\n|\n|t:|1716937693\n|switch|p2a: Breloom|Breloom, L82, F|233/233\n|turn|10\n|\n|t:|1716937704\n|move|p1a: Bellossom|Strength Sap|p2a: Breloom\n|-unboost|p2a: Breloom|atk|1\n|-heal|p1a: Bellossom|263/263\n|move|p2a: Breloom|Spore|p1a: Bellossom\n|-status|p1a: Bellossom|slp|[from] move: Spore\n|\n|upkeep\n|turn|11\n|\n|t:|1716937708\n|switch|p1a: Arcanine|Arcanine, L84, M|288/288\n|-ability|p1a: Arcanine|Intimidate|boost\n|-unboost|p2a: Breloom|atk|1\n|move|p2a: Breloom|Bullet Seed|p1a: Arcanine\n|-resisted|p1a: Arcanine\n|-damage|p1a: Arcanine|272/288\n|-resisted|p1a: Arcanine\n|-damage|p1a: Arcanine|256/288\n|-resisted|p1a: Arcanine\n|-damage|p1a: Arcanine|240/288\n|-hitcount|p1a: Arcanine|3\n|-damage|p2a: Breloom|210/233|[from] item: Life Orb\n|\n|upkeep\n|turn|12\n|\n|t:|1716937721\n|switch|p2a: Gouging Fire|Gouging Fire, L74|277/277\n|move|p1a: Arcanine|Close Combat|p2a: Gouging Fire\n|-damage|p2a: Gouging Fire|192/277\n|-unboost|p1a: Arcanine|def|1\n|-unboost|p1a: Arcanine|spd|1\n|\n|upkeep\n|turn|13\n|\n|t:|1716937730\n|move|p2a: Gouging Fire|Earthquake|p1a: Arcanine\n|-supereffective|p1a: Arcanine\n|-damage|p1a: Arcanine|46/288\n|move|p1a: Arcanine|Roar|p2a: Gouging Fire\n|-end|p2a: Gouging Fire|Protosynthesis|[silent]\n|drag|p2a: Breloom|Breloom, L82, F|210/233\n|\n|upkeep\n|turn|14\n|\n|t:|1716937735\n|switch|p1a: Pecharunt|Pecharunt, L77|262/262\n|-damage|p1a: Pecharunt|219/262|[from] Spikes\n|move|p2a: Breloom|Mach Punch|p1a: Pecharunt\n|-immune|p1a: Pecharunt\n|\n|-heal|p1a: Pecharunt|235/262|[from] item: Leftovers\n|upkeep\n|turn|15\n|j| Shaky3\n|\n|t:|1716937742\n|switch|p2a: Samurott|Samurott-Hisui, L77, M|265/265\n|move|p1a: Pecharunt|Malignant Chain|p2a: Samurott\n|-damage|p2a: Samurott|147/265\n|-status|p2a: Samurott|tox\n|-start|p2a: Samurott|confusion|[from] ability: Poison Puppeteer|[of] p1a: Pecharunt\n|\n|-heal|p1a: Pecharunt|251/262|[from] item: Leftovers\n|-damage|p2a: Samurott|131/265 tox|[from] psn\n|upkeep\n|turn|16\n|\n|t:|1716937763\n|move|p1a: Pecharunt|Malignant Chain|p2a: Samurott\n|-damage|p2a: Samurott|17/265 tox\n|-activate|p2a: Samurott|confusion\n|move|p2a: Samurott|Ceaseless Edge|p1a: Pecharunt\n|-supereffective|p1a: Pecharunt\n|-damage|p1a: Pecharunt|57/262\n|-sidestart|p1: PikaTROD|Spikes\n|\n|-heal|p1a: Pecharunt|73/262|[from] item: Leftovers\n|-damage|p2a: Samurott|0 fnt|[from] psn\n|faint|p2a: Samurott\n|upkeep\n|\n|t:|1716937779\n|switch|p2a: Gouging Fire|Gouging Fire, L74|192/277\n|turn|17\n|\n|t:|1716937787\n|move|p1a: Pecharunt|Malignant Chain|p2a: Gouging Fire\n|-damage|p2a: Gouging Fire|108/277\n|move|p2a: Gouging Fire|Earthquake|p1a: Pecharunt\n|-supereffective|p1a: Pecharunt\n|-damage|p1a: Pecharunt|0 fnt\n|faint|p1a: Pecharunt\n|\n|upkeep\n|\n|t:|1716937796\n|switch|p1a: Arcanine|Arcanine, L84, M|46/288\n|-ability|p1a: Arcanine|Intimidate|boost\n|-unboost|p2a: Gouging Fire|atk|1\n|turn|18\n|\n|t:|1716937813\n|move|p1a: Arcanine|Morning Sun|p1a: Arcanine\n|-heal|p1a: Arcanine|190/288\n|move|p2a: Gouging Fire|Dragon Dance|p2a: Gouging Fire\n|-boost|p2a: Gouging Fire|atk|1\n|-boost|p2a: Gouging Fire|spe|1\n|\n|upkeep\n|turn|19\n|\n|t:|1716937822\n|switch|p1a: Bellossom|Bellossom, L84, M, tera:Rock|263/263 slp\n|-damage|p1a: Bellossom|198/263 slp|[from] Spikes\n|move|p2a: Gouging Fire|Outrage|p1a: Bellossom\n|-damage|p1a: Bellossom|98/263 slp\n|\n|-heal|p1a: Bellossom|114/263 slp|[from] item: Leftovers\n|upkeep\n|turn|20\n|\n|t:|1716937829\n|move|p2a: Gouging Fire|Outrage|p1a: Bellossom|[from]lockedmove\n|-damage|p1a: Bellossom|2/263 slp\n|cant|p1a: Bellossom|slp\n|\n|-heal|p1a: Bellossom|18/263 slp|[from] item: Leftovers\n|upkeep\n|turn|21\n|\n|t:|1716937868\n|move|p2a: Gouging Fire|Outrage|p1a: Bellossom|[from]lockedmove\n|-damage|p1a: Bellossom|0 fnt\n|faint|p1a: Bellossom\n|-start|p2a: Gouging Fire|confusion|[fatigue]\n|\n|upkeep\n|\n|t:|1716937874\n|switch|p1a: Hariyama|Hariyama, L87, F|392/392\n|-damage|p1a: Hariyama|294/392|[from] Spikes\n|turn|22\n|\n|t:|1716937886\n|-activate|p2a: Gouging Fire|confusion\n|move|p2a: Gouging Fire|Outrage|p1a: Hariyama\n|-damage|p1a: Hariyama|159/392\n|move|p1a: Hariyama|Close Combat|p2a: Gouging Fire\n|-damage|p2a: Gouging Fire|0 fnt\n|-unboost|p1a: Hariyama|def|1\n|-unboost|p1a: Hariyama|spd|1\n|faint|p2a: Gouging Fire\n|-end|p2a: Gouging Fire|Protosynthesis|[silent]\n|\n|upkeep\n|\n|t:|1716937888\n|switch|p2a: Breloom|Breloom, L82, F|210/233\n|turn|23\n|\n|t:|1716937899\n|move|p2a: Breloom|Mach Punch|p1a: Hariyama\n|-damage|p1a: Hariyama|0 fnt\n|faint|p1a: Hariyama\n|-damage|p2a: Breloom|187/233|[from] item: Life Orb\n|\n|upkeep\n|\n|t:|1716937901\n|switch|p1a: Arcanine|Arcanine, L84, M|190/288\n|-ability|p1a: Arcanine|Intimidate|boost\n|-unboost|p2a: Breloom|atk|1\n|turn|24\n|\n|t:|1716937910\n|-terastallize|p2a: Breloom|Rock\n|move|p1a: Arcanine|Flare Blitz|p2a: Breloom\n|-resisted|p2a: Breloom\n|-damage|p2a: Breloom|104/233\n|-damage|p1a: Arcanine|163/288|[from] Recoil\n|move|p2a: Breloom|Spore|p1a: Arcanine\n|-status|p1a: Arcanine|slp|[from] move: Spore\n|\n|upkeep\n|turn|25\n|c|\u2606PikaTROD|gg\n|\n|t:|1716937914\n|cant|p1a: Arcanine|slp\n|move|p2a: Breloom|Rock Tomb|p1a: Arcanine|[miss]\n|-miss|p2a: Breloom|p1a: Arcanine\n|\n|upkeep\n|turn|26\n|\n|t:|1716937916\n|cant|p1a: Arcanine|slp\n|move|p2a: Breloom|Rock Tomb|p1a: Arcanine|[miss]\n|-miss|p2a: Breloom|p1a: Arcanine\n|\n|upkeep\n|turn|27\n|\n|t:|1716937918\n|-curestatus|p1a: Arcanine|slp|[msg]\n|move|p1a: Arcanine|Close Combat|p2a: Breloom\n|-supereffective|p2a: Breloom\n|-damage|p2a: Breloom|0 fnt\n|-unboost|p1a: Arcanine|def|1\n|-unboost|p1a: Arcanine|spd|1\n|faint|p2a: Breloom\n|\n|win|PikaTROD\n|raw|PikaTROD's rating: 2351 &rarr; <strong>2379</strong><br />(+28 for winning)\n|raw|MichaelderBeste2's rating: 2493 &rarr; <strong>2465</strong><br />(-28 for losing)\n|c|\u2606MichaelderBeste2|yea\n|c|\u2606MichaelderBeste2|LOL\n|c|\u2606PikaTROD|welp XD\n|c|\u2606PikaTROD|gg\n|l|\u2606PikaTROD\n|player|p1|\n|l|\u2606MichaelderBeste2\n|player|p2|\n|j|\u2606MichaelderBeste2\n|player|p2|MichaelderBeste2|#wcop2024germany|\n|j| PokeChess\n|l| Shaky3\n|j| Shaky3\n", "inputlog": ">version 7158ead19aeac8750849df2840eabb6dbec77df6\n>start {\"formatid\":\"gen9randombattle\",\"seed\":[12799,3360,341,51489],\"rated\":\"Rated battle\"}\n>player p1 {\"name\":\"PikaTROD\",\"avatar\":\"thorton\",\"rating\":2351,\"seed\":[52870,25533,64059,397]}\n>player p2 {\"name\":\"MichaelderBeste2\",\"avatar\":\"#wcop2024germany\",\"rating\":2493,\"seed\":[60245,41854,43801,65360]}\n>p1 move gigadrain\n>p2 switch 6\n>p1 switch 2\n>p2 move nastyplot\n>p1 move throatchop\n>p2 move sludgewave\n>p1 switch 4\n>p2 switch 4\n>p1 switch 5\n>p2 move spikes\n>p1 move swordsdance\n>p2 switch 3\n>p1 move closecombat\n>p2 move waterspout\n>p2 switch 6\n>p1 move closecombat\n>p2 move ceaselessedge\n>p1 switch 2\n>p1 move quiverdance\n>p2 switch 3\n>p1 move terablast terastallize\n>p2 move uturn\n>p2 switch 2\n>p1 move strengthsap\n>p2 move spore\n>p1 switch 3\n>p2 move bulletseed\n>p1 move closecombat\n>p2 switch 5\n>p1 move roar\n>p2 move earthquake\n>p1 switch 6\n>p2 move machpunch\n>p1 move malignantchain\n>p2 switch 3\n>p1 move malignantchain\n>p2 move ceaselessedge\n>p2 switch 5\n>p1 move malignantchain\n>p2 move earthquake\n>p1 switch 6\n>p1 move morningsun\n>p2 move dragondance\n>p1 switch 3\n>p2 move outrage\n>p1 move strengthsap\n>p2 move outrage\n>p1 move strengthsap\n>p2 move outrage\n>p1 switch 5\n>p1 move closecombat\n>p2 move outrage\n>p2 switch 3\n>p1 move knockoff\n>p2 move machpunch\n>p1 switch 3\n>p1 move flareblitz\n>p2 move spore terastallize\n>chat \u2606PikaTROD|gg\n>p1 move closecombat\n>p2 move rocktomb\n>p1 move closecombat\n>p2 move rocktomb\n>p1 move closecombat\n>p2 move rocktomb", "uploadtime": 1716937976, "views": 221, "formatid": "gen9randombattle", "rating": 2379, "private": 0, "password": null}