{"id": "gen9randombattle-2207055267", "format": "[Gen 9] Random Battle", "players": ["RB2T Unstoppable", "Sonic83"], "log": "|badge|p2|bronze|gen9randombattle|100-2\n|uhtml|medal-msg|<div class=\"broadcast-blue\">Curious what those medals under the avatar are? PS now has Ladder Seasons! For more information, check out the <a href=\"https://www.smogon.com/forums/threads/3740067/\">thread on Smogon.</a></div>\n|raw|<div class=\"broadcast-blue\"><strong>This battle is required to be public due to a player having a name starting with 'rb2t'.</div>\n|j|\u203dRB2T Unstoppable\n|j|\u2606Sonic83\n|t:|1726992619\n|gametype|singles\n|player|p1|RB2T Unstoppable|dawn|2258\n|player|p2|Sonic83|169|2337\n|teamsize|p1|6\n|teamsize|p2|6\n|gen|9\n|tier|[Gen 9] Random Battle\n|rated|\n|rule|Species Clause: Limit one of each Pok\u00e9mon\n|rule|HP Percentage Mod: HP is shown in percentages\n|rule|Sleep Clause Mod: Limit one foe put to sleep\n|rule|Illusion Level Mod: Illusion disguises the Pok\u00e9mon's true level\n|\n|t:|1726992619\n|start\n|switch|p1a: Scizor|Scizor, L79, F|240/240\n|switch|p2a: Kyurem|Kyurem-White, L73|303/303\n|-ability|p2a: Kyurem|Turboblaze\n|turn|1\n|inactive|Battle timer is ON: inactive players will automatically lose when time's up. (requested by Sonic83)\n|inactive|RB2T Unstoppable also wants the timer to be on.\n|inactive|RB2T Unstoppable has 120 seconds left.\n|\n|t:|1726992649\n|switch|p1a: Gothitelle|Gothitelle, L90, M|272/272\n|move|p2a: Kyurem|Fusion Flare|p1a: Gothitelle\n|-damage|p1a: Gothitelle|209/272\n|\n|upkeep\n|turn|2\n|\n|t:|1726992664\n|move|p2a: Kyurem|Fusion Flare|p1a: Gothitelle\n|-damage|p1a: Gothitelle|136/272\n|move|p1a: Gothitelle|Psychic|p2a: Kyurem\n|-damage|p2a: Kyurem|197/303\n|-unboost|p2a: Kyurem|spd|1\n|\n|upkeep\n|turn|3\n|\n|t:|1726992669\n|move|p2a: Kyurem|Fusion Flare|p1a: Gothitelle\n|-damage|p1a: Gothitelle|72/272\n|move|p1a: Gothitelle|Psychic|p2a: Kyurem\n|-damage|p2a: Kyurem|28/303\n|\n|upkeep\n|turn|4\n|\n|t:|1726992674\n|move|p2a: Kyurem|Fusion Flare|p1a: Gothitelle\n|-damage|p1a: Gothitelle|3/272\n|move|p1a: Gothitelle|Psychic|p2a: Kyurem\n|-damage|p2a: Kyurem|0 fnt\n|faint|p2a: Kyurem\n|\n|upkeep\n|\n|t:|1726992684\n|switch|p2a: Iron Leaves|Iron Leaves, L80|275/275\n|turn|5\n|\n|t:|1726992703\n|switch|p1a: Spidops|Spidops, L96, F|271/271\n|move|p2a: Iron Leaves|Close Combat|p1a: Spidops\n|-resisted|p1a: Spidops\n|-damage|p1a: Spidops|214/271\n|-unboost|p2a: Iron Leaves|def|1\n|-unboost|p2a: Iron Leaves|spd|1\n|\n|upkeep\n|turn|6\n|j| N00BZ MUST B0W\n|\n|t:|1726992714\n|-end|p2a: Iron Leaves|Quark Drive|[silent]\n|switch|p2a: Shaymin|Shaymin-Sky, L73|266/266\n|move|p1a: Spidops|Sticky Web|p2a: Shaymin\n|-sidestart|p2: Sonic83|move: Sticky Web\n|\n|upkeep\n|turn|7\n|\n|t:|1726992730\n|switch|p1a: Gothitelle|Gothitelle, L90, M|3/272\n|move|p2a: Shaymin|Air Slash|p1a: Gothitelle\n|-damage|p1a: Gothitelle|0 fnt\n|faint|p1a: Gothitelle\n|\n|upkeep\n|inactive|RB2T Unstoppable has 120 seconds left.\n|\n|t:|1726992755\n|switch|p1a: Jolteon|Jolteon, L84, M|246/246\n|turn|8\n|inactive|RB2T Unstoppable has 120 seconds left.\n|\n|t:|1726992774\n|switch|p1a: Scizor|Scizor, L79, F|240/240\n|switch|p2a: Lanturn|Lanturn, L89, M|367/367\n|-activate|p2a: Lanturn|move: Sticky Web\n|-unboost|p2a: Lanturn|spe|1\n|\n|upkeep\n|turn|9\n|\n|t:|1726992785\n|move|p1a: Scizor|Knock Off|p2a: Lanturn\n|-damage|p2a: Lanturn|273/367\n|-enditem|p2a: Lanturn|Choice Specs|[from] move: Knock Off|[of] p1a: Scizor\n|move|p2a: Lanturn|Scald|p1a: Scizor\n|-damage|p1a: Scizor|141/240\n|\n|-heal|p1a: Scizor|156/240|[from] item: Leftovers\n|upkeep\n|turn|10\n|\n|t:|1726992796\n|move|p1a: Scizor|U-turn|p2a: Lanturn\n|-damage|p2a: Lanturn|173/367\n|inactive|RB2T Unstoppable has 90 seconds left.\n|\n|t:|1726992830\n|switch|p1a: Spidops|Spidops, L96, F|214/271|[from] U-turn\n|move|p2a: Lanturn|Scald|p1a: Spidops\n|-damage|p1a: Spidops|139/271\n|\n|upkeep\n|turn|11\n|inactive|RB2T Unstoppable has 90 seconds left.\n|\n|t:|1726992845\n|move|p1a: Spidops|Spikes|p2a: Lanturn\n|-sidestart|p2: Sonic83|Spikes\n|move|p2a: Lanturn|Scald|p1a: Spidops\n|-damage|p1a: Spidops|66/271\n|\n|upkeep\n|turn|12\n|\n|t:|1726992849\n|move|p1a: Spidops|Spikes|p2a: Lanturn\n|-sidestart|p2: Sonic83|Spikes\n|move|p2a: Lanturn|Scald|p1a: Spidops\n|-damage|p1a: Spidops|0 fnt\n|faint|p1a: Spidops\n|\n|upkeep\n|\n|t:|1726992852\n|switch|p1a: Maushold|Maushold, L76|238/238\n|turn|13\n|\n|t:|1726992858\n|switch|p2a: Mismagius|Mismagius, L86, M|243/243\n|move|p1a: Maushold|Tidy Up|p1a: Maushold\n|-sideend|p2: Sonic83|Spikes\n|-sideend|p2: Sonic83|Sticky Web\n|-activate|p1a: Maushold|move: Tidy Up\n|-boost|p1a: Maushold|atk|1\n|-boost|p1a: Maushold|spe|1\n|\n|upkeep\n|turn|14\n|\n|t:|1726992875\n|-terastallize|p2a: Mismagius|Fighting\n|move|p1a: Maushold|Bite|p2a: Mismagius\n|-resisted|p2a: Mismagius\n|-damage|p2a: Mismagius|200/243\n|move|p2a: Mismagius|Tera Blast|p1a: Maushold|[anim] Tera Blast Fighting\n|-supereffective|p1a: Maushold\n|-damage|p1a: Maushold|14/238\n|\n|-heal|p2a: Mismagius|215/243|[from] item: Leftovers\n|upkeep\n|turn|15\n|\n|t:|1726992896\n|switch|p2a: Lanturn|Lanturn, L89, M|173/367\n|move|p1a: Maushold|Population Bomb|p2a: Lanturn\n|-damage|p2a: Lanturn|128/367\n|-damage|p2a: Lanturn|89/367\n|-damage|p2a: Lanturn|50/367\n|-damage|p2a: Lanturn|7/367\n|-damage|p2a: Lanturn|0 fnt\n|faint|p2a: Lanturn\n|-hitcount|p2: Lanturn|5\n|\n|upkeep\n|\n|t:|1726992897\n|switch|p2a: Gouging Fire|Gouging Fire, L74|277/277\n|turn|16\n|inactive|RB2T Unstoppable has 120 seconds left.\n|\n|t:|1726992903\n|-terastallize|p1a: Maushold|Normal\n|move|p1a: Maushold|Population Bomb|p2a: Gouging Fire\n|-damage|p2a: Gouging Fire|235/277\n|-damage|p2a: Gouging Fire|193/277\n|-damage|p2a: Gouging Fire|155/277\n|-damage|p2a: Gouging Fire|115/277\n|-damage|p2a: Gouging Fire|77/277\n|-damage|p2a: Gouging Fire|35/277\n|-damage|p2a: Gouging Fire|0 fnt\n|faint|p2a: Gouging Fire\n|-end|p2a: Gouging Fire|Protosynthesis|[silent]\n|-hitcount|p2: Gouging Fire|7\n|\n|upkeep\n|\n|t:|1726992909\n|switch|p2a: Shaymin|Shaymin-Sky, L73|266/266\n|turn|17\n|\n|t:|1726992915\n|move|p1a: Maushold|Population Bomb|p2a: Shaymin\n|-damage|p2a: Shaymin|214/266\n|-damage|p2a: Shaymin|156/266\n|-damage|p2a: Shaymin|94/266\n|-damage|p2a: Shaymin|36/266\n|-damage|p2a: Shaymin|0 fnt\n|faint|p2a: Shaymin\n|-hitcount|p2: Shaymin|5\n|\n|upkeep\n|\n|t:|1726992917\n|switch|p2a: Iron Leaves|Iron Leaves, L80|275/275\n|turn|18\n|\n|t:|1726992919\n|move|p1a: Maushold|Population Bomb|p2a: Iron Leaves\n|-damage|p2a: Iron Leaves|231/275\n|-damage|p2a: Iron Leaves|181/275\n|-damage|p2a: Iron Leaves|137/275\n|-damage|p2a: Iron Leaves|89/275\n|-damage|p2a: Iron Leaves|41/275\n|-damage|p2a: Iron Leaves|0 fnt\n|faint|p2a: Iron Leaves\n|-end|p2a: Iron Leaves|Quark Drive|[silent]\n|-hitcount|p2: Iron Leaves|6\n|\n|upkeep\n|-message|Sonic83 forfeited.\n|\n|win|RB2T Unstoppable\n|raw|RB2T Unstoppable's rating: 2258 &rarr; <strong>2282</strong><br />(+24 for winning)\n|raw|Sonic83's rating: 2337 &rarr; <strong>2313</strong><br />(-24 for losing)\n|l|\u2606Sonic83\n|player|p2|\n", "inputlog": ">version ddf5848a381b6afa3b8db755b9bdef59b522c4eb\n>start {\"formatid\":\"gen9randombattle\",\"seed\":[40500,35796,34000,18118],\"rated\":\"Rated battle\"}\n>player p1 {\"name\":\"RB2T Unstoppable\",\"avatar\":\"dawn\",\"rating\":2258,\"seed\":[1986,50254,45110,61557]}\n>player p2 {\"name\":\"Sonic83\",\"avatar\":\"169\",\"rating\":2337,\"seed\":[60531,38681,21145,4316]}\n>p1 switch 5\n>p2 move fusionflare\n>p1 move psychic\n>p2 move fusionflare\n>p1 move psychic\n>p2 move fusionflare\n>p1 move psychic\n>p2 move fusionflare\n>p2 switch 2\n>p1 switch 2\n>p2 move closecombat\n>p1 move stickyweb\n>p2 switch 4\n>p1 switch 2\n>p2 move airslash\n>p1 switch 6\n>p1 switch 5\n>p2 switch 6\n>p1 move knockoff\n>p2 move scald\n>p1 move uturn\n>p2 move scald\n>p1 switch 2\n>p1 move spikes\n>p2 move scald\n>p1 move spikes\n>p2 move scald\n>p1 switch 4\n>p1 move tidyup\n>p2 switch 5\n>p1 move bite\n>p2 move terablast terastallize\n>p1 move populationbomb\n>p2 switch 5\n>p2 switch 3\n>p1 move populationbomb terastallize\n>p2 move heatcrash\n>p2 switch 6\n>p1 move populationbomb\n>p2 move airslash\n>p2 switch 4\n>p1 move populationbomb\n>p2 move psyblade\n>forcelose p2", "uploadtime": 1726992930, "views": 84, "formatid": "gen9randombattle", "rating": 2282, "private": 0, "password": null}