{"id": "gen9randombattle-2260508155", "format": "[Gen 9] Random Battle", "players": ["Sparna_of_Yomi", "gmalak"], "log": "|j|\u2606Sparna_of_Yomi\n|j|\u2606gmalak\n|t:|1733858369\n|gametype|singles\n|player|p1|Sparna_of_Yomi|agatha-gen1rb|1463\n|player|p2|gmalak|hiker-gen4|1497\n|teamsize|p1|6\n|teamsize|p2|6\n|gen|9\n|tier|[Gen 9] Random Battle\n|rated|\n|rule|Species Clause: Limit one of each Pok\u00e9mon\n|rule|HP Percentage Mod: HP is shown in percentages\n|rule|Sleep Clause Mod: Limit one foe put to sleep\n|rule|Illusion Level Mod: Illusion disguises the Pok\u00e9mon's true level\n|\n|t:|1733858369\n|start\n|switch|p1a: Leavanny|Leavanny, L86, F|269/269\n|switch|p2a: Ditto|Ditto, L87|225/225\n|-transform|p2a: Ditto|p1a: Leavanny|[from] ability: Imposter\n|turn|1\n|inactive|Battle timer is ON: inactive players will automatically lose when time's up. (requested by gmalak)\n|\n|t:|1733858389\n|move|p2a: Ditto|Sticky Web|p1a: Leavanny\n|-sidestart|p1: Sparna_of_Yomi|move: Sticky Web\n|move|p1a: Leavanny|Lunge|p2a: Ditto\n|-supereffective|p2a: Ditto\n|-damage|p2a: Ditto|21/225\n|-unboost|p2a: Ditto|atk|1\n|\n|upkeep\n|turn|2\n|\n|t:|1733858401\n|switch|p2a: Kleavor|Kleavor, L78, F|237/237\n|move|p1a: Leavanny|Knock Off|p2a: Kleavor\n|-damage|p2a: Kleavor|157/237\n|-enditem|p2a: Kleavor|Choice Band|[from] move: Knock Off|[of] p1a: Leavanny\n|\n|upkeep\n|turn|3\n|\n|t:|1733858412\n|switch|p1a: Corviknight|Corviknight, L80, F|288/288\n|move|p2a: Kleavor|Stone Axe|p1a: Corviknight\n|-damage|p1a: Corviknight|177/288\n|-damage|p2a: Kleavor|118/237|[from] item: Rocky Helmet|[of] p1a: Corviknight\n|-sidestart|p1: Sparna_of_Yomi|move: Stealth Rock\n|\n|upkeep\n|turn|4\n|\n|t:|1733858426\n|switch|p2a: Ditto|Ditto, L87|21/225\n|-transform|p2a: Ditto|p1a: Corviknight|[from] ability: Imposter\n|move|p1a: Corviknight|Roost|p1a: Corviknight\n|-heal|p1a: Corviknight|288/288\n|-singleturn|p1a: Corviknight|move: Roost\n|\n|upkeep\n|turn|5\n|\n|t:|1733858435\n|move|p2a: Ditto|Roost|p2a: Ditto\n|-heal|p2a: Ditto|134/225\n|-singleturn|p2a: Ditto|move: Roost\n|move|p1a: Corviknight|Defog|p2a: Ditto\n|-ability|p2a: Ditto|Mirror Armor\n|-unboost|p1a: Corviknight|evasion|1\n|-sideend|p1: Sparna_of_Yomi|Stealth Rock|[from] move: Defog|[of] p1a: Corviknight\n|-sideend|p1: Sparna_of_Yomi|Sticky Web|[from] move: Defog|[of] p1a: Corviknight\n|\n|upkeep\n|turn|6\n|\n|t:|1733858444\n|move|p2a: Ditto|Roost|p2a: Ditto\n|-heal|p2a: Ditto|225/225\n|-singleturn|p2a: Ditto|move: Roost\n|move|p1a: Corviknight|U-turn|p2a: Ditto\n|-resisted|p2a: Ditto\n|-damage|p2a: Ditto|205/225\n|\n|t:|1733858447\n|switch|p1a: Leavanny|Leavanny, L86, F|269/269|[from] U-turn\n|\n|upkeep\n|turn|7\n|\n|t:|1733858458\n|switch|p2a: Munkidori|Munkidori, L79, M|269/269\n|move|p1a: Leavanny|Sticky Web|p2a: Munkidori\n|-sidestart|p2: gmalak|move: Sticky Web\n|\n|upkeep\n|turn|8\n|\n|t:|1733858474\n|move|p2a: Munkidori|Nasty Plot|p2a: Munkidori\n|-boost|p2a: Munkidori|spa|2\n|move|p1a: Leavanny|Lunge|p2a: Munkidori\n|-damage|p2a: Munkidori|142/269\n|-unboost|p2a: Munkidori|atk|1\n|\n|upkeep\n|turn|9\n|\n|t:|1733858480\n|move|p2a: Munkidori|Sludge Wave|p1a: Leavanny\n|-supereffective|p1a: Leavanny\n|-damage|p1a: Leavanny|0 fnt\n|faint|p1a: Leavanny\n|-damage|p2a: Munkidori|116/269|[from] item: Life Orb\n|\n|upkeep\n|\n|t:|1733858493\n|switch|p1a: Ditto|Ditto, L87|225/225\n|-transform|p1a: Ditto|p2a: Munkidori|[from] ability: Imposter\n|turn|10\n|\n|t:|1733858513\n|move|p1a: Ditto|Psyshock|p2a: Munkidori\n|-damage|p2a: Munkidori|0 fnt\n|faint|p2a: Munkidori\n|\n|upkeep\n|inactive|gmalak has 120 seconds left.\n|\n|t:|1733858530\n|switch|p2a: Braviary|Braviary-Hisui, L85, M|326/326\n|turn|11\n|inactive|gmalak has 120 seconds left.\n|\n|t:|1733858545\n|switch|p1a: Ting-Lu|Ting-Lu, L78|370/370\n|-ability|p1a: Ting-Lu|Vessel of Ruin\n|move|p2a: Braviary|Hurricane|p1a: Ting-Lu|[miss]\n|-miss|p2a: Braviary|p1a: Ting-Lu\n|\n|upkeep\n|turn|12\n|inactive|gmalak has 120 seconds left.\n|\n|t:|1733858553\n|move|p2a: Braviary|Hurricane|p1a: Ting-Lu|[miss]\n|-miss|p2a: Braviary|p1a: Ting-Lu\n|move|p1a: Ting-Lu|Ruination|p2a: Braviary\n|-damage|p2a: Braviary|163/326\n|\n|upkeep\n|turn|13\n|-message|gmalak forfeited.\n|\n|win|Sparna_of_Yomi\n|raw|Sparna_of_Yomi's rating: 1463 &rarr; <strong>1485</strong><br />(+22 for winning)\n|raw|gmalak's rating: 1497 &rarr; <strong>1475</strong><br />(-22 for losing)\n|l|\u2606gmalak\n|player|p2|\n", "inputlog": ">version bfd83cad13791eb5a5a409923076391caf6fb4d4\n>start {\"formatid\":\"gen9randombattle\",\"seed\":[32825,20116,44514,63240],\"rated\":\"Rated battle\"}\n>player p1 {\"name\":\"Sparna_of_Yomi\",\"avatar\":\"agatha-gen1rb\",\"rating\":1463,\"seed\":[51513,18903,4385,38963]}\n>player p2 {\"name\":\"gmalak\",\"avatar\":\"hiker-gen4\",\"rating\":1497,\"seed\":[16805,27407,28275,10381]}\n>p1 move lunge\n>p2 move stickyweb\n>p1 move knockoff\n>p2 switch 3\n>p1 switch 4\n>p2 move stoneaxe\n>p1 move roost\n>p2 switch 3\n>p1 move defog\n>p2 move roost\n>p1 move uturn\n>p2 move roost\n>p1 switch 4\n>p1 move stickyweb\n>p2 switch 4\n>p1 move lunge\n>p2 move nastyplot\n>p1 move knockoff\n>p2 move sludgewave\n>p1 switch 5\n>p1 move psyshock\n>p2 move psyshock\n>p2 switch 5\n>p1 switch 2\n>p2 move hurricane\n>p1 move ruination\n>p2 move hurricane\n>forcelose p2", "uploadtime": 1733858562, "views": 1, "formatid": "gen9randombattle", "rating": 1475, "private": 0, "password": null}