{"id": "gen9randombattle-2260105274", "format": "[Gen 9] Random Battle", "players": ["Non-buneary GaoGao", "Cicada Summer"], "log": "|j|\u2606Non-buneary GaoGao\n|j|\u2606Cicada Summer\n|t:|1733803149\n|gametype|singles\n|player|p1|Non-buneary GaoGao|266|1117\n|player|p2|Cicada Summer|katy|1118\n|teamsize|p1|6\n|teamsize|p2|6\n|gen|9\n|tier|[Gen 9] Random Battle\n|rated|\n|rule|Species Clause: Limit one of each Pok\u00e9mon\n|rule|HP Percentage Mod: HP is shown in percentages\n|rule|Sleep Clause Mod: Limit one foe put to sleep\n|rule|Illusion Level Mod: Illusion disguises the Pok\u00e9mon's true level\n|\n|t:|1733803149\n|start\n|switch|p1a: Tornadus|Tornadus-Therian, L79, M|254/254\n|switch|p2a: Vivillon|Vivillon-Marine, L84, F|272/272\n|turn|1\n|inactive|Battle timer is ON: inactive players will automatically lose when time's up. (requested by Non-buneary GaoGao)\n|\n|t:|1733803158\n|switch|p2a: Froslass|Froslass, L87, F|263/263\n|move|p1a: Tornadus|Bleakwind Storm|p2a: Froslass\n|-damage|p2a: Froslass|139/263\n|\n|upkeep\n|turn|2\n|\n|t:|1733803169\n|move|p2a: Froslass|Triple Axel|p1a: Tornadus\n|-supereffective|p1a: Tornadus\n|-damage|p1a: Tornadus|210/254\n|-supereffective|p1a: Tornadus\n|-damage|p1a: Tornadus|126/254\n|-supereffective|p1a: Tornadus\n|-damage|p1a: Tornadus|0 fnt\n|faint|p1a: Tornadus\n|-hitcount|p1: Tornadus|3\n|\n|upkeep\n|\n|t:|1733803172\n|switch|p1a: Rotom|Rotom-Fan, L86|226/226\n|turn|3\n|\n|t:|1733803179\n|move|p2a: Froslass|Triple Axel|p1a: Rotom\n|-supereffective|p1a: Rotom\n|-damage|p1a: Rotom|194/226\n|-supereffective|p1a: Rotom\n|-damage|p1a: Rotom|120/226\n|-supereffective|p1a: Rotom\n|-damage|p1a: Rotom|22/226\n|-hitcount|p1a: Rotom|3\n|move|p1a: Rotom|Thunderbolt|p2a: Froslass\n|-damage|p2a: Froslass|9/263\n|\n|upkeep\n|turn|4\n|\n|t:|1733803194\n|switch|p1a: Solgaleo|Solgaleo, L74|325/325\n|move|p2a: Froslass|Will-O-Wisp|p1a: Solgaleo\n|-status|p1a: Solgaleo|brn\n|\n|-damage|p1a: Solgaleo|305/325 brn|[from] brn\n|upkeep\n|turn|5\n|\n|t:|1733803201\n|move|p2a: Froslass|Poltergeist|p1a: Solgaleo\n|-activate|p1a: Solgaleo|move: Poltergeist|Weakness Policy\n|-supereffective|p1a: Solgaleo\n|-damage|p1a: Solgaleo|113/325 brn\n|-enditem|p1a: Solgaleo|Weakness Policy\n|-boost|p1a: Solgaleo|atk|2|[from] item: Weakness Policy\n|-boost|p1a: Solgaleo|spa|2|[from] item: Weakness Policy\n|move|p1a: Solgaleo|Knock Off|p2a: Froslass\n|-supereffective|p2a: Froslass\n|-damage|p2a: Froslass|0 fnt\n|-enditem|p2a: Froslass|Wide Lens|[from] move: Knock Off|[of] p1a: Solgaleo\n|faint|p2a: Froslass\n|\n|-damage|p1a: Solgaleo|93/325 brn|[from] brn\n|upkeep\n|\n|t:|1733803205\n|switch|p2a: Vivillon|Vivillon-Marine, L84, F|272/272\n|turn|6\n|\n|t:|1733803219\n|move|p2a: Vivillon|Quiver Dance|p2a: Vivillon\n|-boost|p2a: Vivillon|spa|1\n|-boost|p2a: Vivillon|spd|1\n|-boost|p2a: Vivillon|spe|1\n|move|p1a: Solgaleo|Flame Charge|p2a: Vivillon\n|-supereffective|p2a: Vivillon\n|-damage|p2a: Vivillon|157/272\n|-boost|p1a: Solgaleo|spe|1\n|\n|-damage|p1a: Solgaleo|73/325 brn|[from] brn\n|upkeep\n|turn|7\n|\n|t:|1733803229\n|move|p2a: Vivillon|Bug Buzz|p1a: Solgaleo\n|-damage|p1a: Solgaleo|0 fnt\n|faint|p1a: Solgaleo\n|\n|upkeep\n|\n|t:|1733803237\n|switch|p1a: Rotom|Rotom-Fan, L86|22/226\n|turn|8\n|\n|t:|1733803243\n|move|p2a: Vivillon|Quiver Dance|p2a: Vivillon\n|-boost|p2a: Vivillon|spa|1\n|-boost|p2a: Vivillon|spd|1\n|-boost|p2a: Vivillon|spe|1\n|move|p1a: Rotom|Thunderbolt|p2a: Vivillon\n|-supereffective|p2a: Vivillon\n|-damage|p2a: Vivillon|0 fnt\n|faint|p2a: Vivillon\n|\n|upkeep\n|\n|t:|1733803245\n|switch|p2a: Basculegion|Basculegion-F, L83, F|335/335\n|turn|9\n|\n|t:|1733803250\n|move|p1a: Rotom|Thunderbolt|p2a: Basculegion\n|-supereffective|p2a: Basculegion\n|-damage|p2a: Basculegion|71/335\n|move|p2a: Basculegion|Ice Beam|p1a: Rotom\n|-supereffective|p1a: Rotom\n|-damage|p1a: Rotom|0 fnt\n|faint|p1a: Rotom\n|\n|upkeep\n|\n|t:|1733803266\n|switch|p1a: Samurott|Samurott, L88, F|310/310\n|turn|10\n|\n|t:|1733803271\n|move|p2a: Basculegion|Ice Beam|p1a: Samurott\n|-resisted|p1a: Samurott\n|-damage|p1a: Samurott|256/310\n|move|p1a: Samurott|Knock Off|p2a: Basculegion\n|-supereffective|p2a: Basculegion\n|-damage|p2a: Basculegion|0 fnt\n|-enditem|p2a: Basculegion|Choice Specs|[from] move: Knock Off|[of] p1a: Samurott\n|faint|p2a: Basculegion\n|-damage|p1a: Samurott|225/310|[from] item: Life Orb\n|\n|upkeep\n|\n|t:|1733803275\n|switch|p2a: Vileplume|Vileplume, L85, M|266/266\n|turn|11\n|\n|t:|1733803289\n|switch|p1a: Sandslash|Sandslash, L88, M|275/275\n|move|p2a: Vileplume|Sleep Powder|p1a: Sandslash|[miss]\n|-miss|p2a: Vileplume|p1a: Sandslash\n|\n|upkeep\n|turn|12\n|\n|t:|1733803297\n|move|p1a: Sandslash|Earthquake|p2a: Vileplume\n|-damage|p2a: Vileplume|148/266\n|move|p2a: Vileplume|Sleep Powder|p1a: Sandslash\n|-status|p1a: Sandslash|slp|[from] move: Sleep Powder\n|\n|-heal|p2a: Vileplume|164/266|[from] item: Leftovers\n|upkeep\n|turn|13\n|\n|t:|1733803305\n|switch|p1a: Mewtwo|Mewtwo, L72|272/272\n|-ability|p1a: Mewtwo|Unnerve\n|move|p2a: Vileplume|Strength Sap|p1a: Mewtwo\n|-unboost|p1a: Mewtwo|atk|1\n|-heal|p2a: Vileplume|266/266\n|\n|upkeep\n|turn|14\n|\n|t:|1733803309\n|move|p1a: Mewtwo|Fire Blast|p2a: Vileplume\n|-supereffective|p2a: Vileplume\n|-damage|p2a: Vileplume|48/266\n|-damage|p1a: Mewtwo|245/272|[from] item: Life Orb\n|move|p2a: Vileplume|Sludge Bomb|p1a: Mewtwo\n|-damage|p1a: Mewtwo|118/272\n|\n|-heal|p2a: Vileplume|64/266|[from] item: Leftovers\n|upkeep\n|turn|15\n|\n|t:|1733803313\n|move|p1a: Mewtwo|Fire Blast|p2a: Vileplume\n|-supereffective|p2a: Vileplume\n|-damage|p2a: Vileplume|0 fnt\n|faint|p2a: Vileplume\n|-damage|p1a: Mewtwo|91/272|[from] item: Life Orb\n|\n|upkeep\n|\n|t:|1733803315\n|switch|p2a: Slaking|Slaking, L84, M|389/389\n|turn|16\n|\n|t:|1733803330\n|move|p1a: Mewtwo|Nasty Plot|p1a: Mewtwo\n|-boost|p1a: Mewtwo|spa|2\n|move|p2a: Slaking|Knock Off|p1a: Mewtwo\n|-supereffective|p1a: Mewtwo\n|-damage|p1a: Mewtwo|0 fnt\n|-enditem|p1a: Mewtwo|Life Orb|[from] move: Knock Off|[of] p2a: Slaking\n|faint|p1a: Mewtwo\n|\n|upkeep\n|\n|t:|1733803335\n|switch|p1a: Samurott|Samurott, L88, F|225/310\n|turn|17\n|\n|t:|1733803340\n|cant|p2a: Slaking|ability: Truant\n|move|p1a: Samurott|Swords Dance|p1a: Samurott\n|-boost|p1a: Samurott|atk|2\n|\n|upkeep\n|turn|18\n|\n|t:|1733803347\n|move|p2a: Slaking|Knock Off|p1a: Samurott\n|-damage|p1a: Samurott|71/310\n|-enditem|p1a: Samurott|Life Orb|[from] move: Knock Off|[of] p2a: Slaking\n|move|p1a: Samurott|Knock Off|p2a: Slaking\n|-damage|p2a: Slaking|239/389\n|-enditem|p2a: Slaking|Choice Band|[from] move: Knock Off|[of] p1a: Samurott\n|\n|upkeep\n|turn|19\n|\n|t:|1733803357\n|cant|p2a: Slaking|ability: Truant\n|move|p1a: Samurott|Swords Dance|p1a: Samurott\n|-boost|p1a: Samurott|atk|2\n|\n|upkeep\n|turn|20\n|\n|t:|1733803364\n|move|p2a: Slaking|Knock Off|p1a: Samurott\n|-damage|p1a: Samurott|7/310\n|move|p1a: Samurott|Liquidation|p2a: Slaking\n|-damage|p2a: Slaking|0 fnt\n|faint|p2a: Slaking\n|\n|upkeep\n|\n|t:|1733803367\n|switch|p2a: Regirock|Regirock, L83|268/268\n|turn|21\n|\n|t:|1733803374\n|-terastallize|p2a: Regirock|Fighting\n|move|p1a: Samurott|Liquidation|p2a: Regirock\n|-damage|p2a: Regirock|31/268\n|move|p2a: Regirock|Stealth Rock|p1a: Samurott\n|-sidestart|p1: Non-buneary GaoGao|move: Stealth Rock\n|\n|-heal|p2a: Regirock|47/268|[from] item: Leftovers\n|upkeep\n|turn|22\n|\n|t:|1733803381\n|move|p1a: Samurott|Aqua Jet|p2a: Regirock\n|-damage|p2a: Regirock|0 fnt\n|faint|p2a: Regirock\n|\n|win|Non-buneary GaoGao\n|raw|Non-buneary GaoGao's rating: 1117 &rarr; <strong>1140</strong><br />(+23 for winning)\n|raw|Cicada Summer's rating: 1090 &rarr; <strong>1068</strong><br />(-22 for losing)\n|l|\u2606Cicada Summer\n|player|p2|\n", "inputlog": ">version bfd83cad13791eb5a5a409923076391caf6fb4d4\n>start {\"formatid\":\"gen9randombattle\",\"seed\":[56909,51357,47522,47117],\"rated\":\"Rated battle\"}\n>player p1 {\"name\":\"Non-buneary GaoGao\",\"avatar\":\"266\",\"rating\":1117,\"seed\":[37022,25824,24729,45320]}\n>player p2 {\"name\":\"Cicada Summer\",\"avatar\":\"katy\",\"rating\":1118,\"seed\":[9553,6095,34077,59549]}\n>p1 move bleakwindstorm\n>p2 switch 2\n>p1 move heatwave\n>p2 move tripleaxel\n>p1 switch 2\n>p1 move thunderbolt\n>p2 move tripleaxel\n>p1 switch 6\n>p2 move willowisp\n>p1 move knockoff\n>p2 move poltergeist\n>p2 switch 2\n>p1 move flamecharge\n>p2 move quiverdance\n>p1 move flamecharge\n>p2 move bugbuzz\n>p1 switch 6\n>p1 move thunderbolt\n>p2 move quiverdance\n>p2 switch 3\n>p1 move thunderbolt\n>p2 move icebeam\n>p1 switch 3\n>p1 move knockoff\n>p2 move icebeam\n>p2 switch 5\n>p1 switch 5\n>p2 move sleeppowder\n>p1 move earthquake\n>p2 move sleeppowder\n>p1 switch 4\n>p2 move strengthsap\n>p1 move fireblast\n>p2 move sludgebomb\n>p1 move fireblast\n>p2 move gigadrain\n>p2 switch 4\n>p1 move nastyplot\n>p2 move knockoff\n>p1 switch 5\n>p1 move swordsdance\n>p2 move knockoff\n>p1 move knockoff\n>p2 move knockoff\n>p1 move swordsdance\n>p2 move earthquake\n>p1 move liquidation\n>p2 move knockoff\n>p2 switch 6\n>p1 move liquidation\n>p2 move stealthrock terastallize\n>p1 move aquajet\n>p2 move stoneedge", "uploadtime": 1733803388, "views": 18, "formatid": "gen9randombattle", "rating": 1068, "private": 0, "password": null}