{"id": "gen9randombattle-2260661069", "format": "[Gen 9] Random Battle", "players": ["Thickle", "GumCungler"], "log": "|j|\u2606Thickle\n|j|\u2606GumCungler\n|t:|1733875169\n|gametype|singles\n|player|p1|Thickle|brock|\n|player|p2|GumCungler|265|\n|teamsize|p1|6\n|teamsize|p2|6\n|gen|9\n|tier|[Gen 9] Random Battle\n|rule|Species Clause: Limit one of each Pok\u00e9mon\n|rule|HP Percentage Mod: HP is shown in percentages\n|rule|Sleep Clause Mod: Limit one foe put to sleep\n|rule|Illusion Level Mod: Illusion disguises the Pok\u00e9mon's true level\n|\n|t:|1733875169\n|start\n|switch|p1a: Terapagos|Terapagos, L76, M|262/262\n|switch|p2a: Chansey|Chansey, L85, F|564/564\n|-activate|p1a: Terapagos|ability: Tera Shift\n|detailschange|p1a: Terapagos|Terapagos-Terastal, L76, M\n|-heal|p1a: Terapagos|269/269|[silent]\n|turn|1\n|\n|t:|1733875207\n|switch|p1a: Flapple|Flapple, L88, F|266/266\n|move|p2a: Chansey|Stealth Rock|p1a: Flapple\n|-sidestart|p1: Thickle|move: Stealth Rock\n|\n|upkeep\n|turn|2\n|\n|t:|1733875235\n|move|p1a: Flapple|Dragon Dance|p1a: Flapple\n|-boost|p1a: Flapple|atk|1\n|-boost|p1a: Flapple|spe|1\n|move|p2a: Chansey|Thunder Wave|p1a: Flapple\n|-status|p1a: Flapple|par\n|\n|upkeep\n|turn|3\n|\n|t:|1733875245\n|switch|p2a: Volcanion|Volcanion, L79|255/255\n|move|p1a: Flapple|Outrage|p2a: Volcanion\n|-damage|p2a: Volcanion|0 fnt\n|faint|p2a: Volcanion\n|\n|upkeep\n|\n|t:|1733875255\n|switch|p2a: Slaking|Slaking, L84, F|389/389\n|turn|4\n|\n|t:|1733875275\n|move|p2a: Slaking|Giga Impact|p1a: Flapple\n|-damage|p1a: Flapple|25/266 par\n|-mustrecharge|p2a: Slaking\n|cant|p1a: Flapple|par\n|\n|upkeep\n|turn|5\n|\n|t:|1733875284\n|cant|p2a: Slaking|recharge\n|move|p1a: Flapple|Outrage|p2a: Slaking\n|-damage|p2a: Slaking|56/389\n|\n|upkeep\n|turn|6\n|\n|t:|1733875291\n|move|p2a: Slaking|Giga Impact|p1a: Flapple\n|-damage|p1a: Flapple|0 fnt\n|-mustrecharge|p2a: Slaking\n|faint|p1a: Flapple\n|\n|upkeep\n|\n|t:|1733875297\n|switch|p1a: Iron Treads|Iron Treads, L77|265/265\n|-damage|p1a: Iron Treads|257/265|[from] Stealth Rock\n|turn|7\n|\n|t:|1733875303\n|cant|p2a: Slaking|recharge\n|move|p1a: Iron Treads|Rapid Spin|p2a: Slaking\n|-damage|p2a: Slaking|25/389\n|-boost|p1a: Iron Treads|spe|1\n|-sideend|p1: Thickle|Stealth Rock|[from] move: Rapid Spin|[of] p1a: Iron Treads\n|\n|-heal|p1a: Iron Treads|265/265|[from] item: Leftovers\n|upkeep\n|turn|8\n|\n|t:|1733875316\n|move|p2a: Slaking|Giga Impact|p1a: Iron Treads|[miss]\n|-miss|p2a: Slaking|p1a: Iron Treads\n|move|p1a: Iron Treads|Iron Head|p2a: Slaking\n|-damage|p2a: Slaking|0 fnt\n|faint|p2a: Slaking\n|\n|upkeep\n|\n|t:|1733875337\n|switch|p2a: Chesnaught|Chesnaught, L84, M|285/285\n|turn|9\n|\n|t:|1733875344\n|move|p1a: Iron Treads|Stealth Rock|p2a: Chesnaught\n|-sidestart|p2: GumCungler|move: Stealth Rock\n|move|p2a: Chesnaught|Iron Defense|p2a: Chesnaught\n|-boost|p2a: Chesnaught|def|2\n|\n|upkeep\n|turn|10\n|\n|t:|1733875361\n|-end|p1a: Iron Treads|Quark Drive|[silent]\n|switch|p1a: Oricorio|Oricorio-Sensu, L85, M|266/266\n|move|p2a: Chesnaught|Body Press|p1a: Oricorio\n|-immune|p1a: Oricorio\n|\n|upkeep\n|turn|11\n|\n|t:|1733875373\n|move|p1a: Oricorio|Quiver Dance|p1a: Oricorio\n|-boost|p1a: Oricorio|spa|1\n|-boost|p1a: Oricorio|spd|1\n|-boost|p1a: Oricorio|spe|1\n|move|p2a: Chesnaught|Trailblaze|p1a: Oricorio\n|-resisted|p1a: Oricorio\n|-crit|p1a: Oricorio\n|-damage|p1a: Oricorio|218/266\n|-boost|p2a: Chesnaught|spe|1\n|\n|upkeep\n|turn|12\n|\n|t:|1733875389\n|switch|p2a: Mimikyu|Mimikyu, L79, F|216/216\n|-damage|p2a: Mimikyu|189/216|[from] Stealth Rock\n|move|p1a: Oricorio|Quiver Dance|p1a: Oricorio\n|-boost|p1a: Oricorio|spa|1\n|-boost|p1a: Oricorio|spd|1\n|-boost|p1a: Oricorio|spe|1\n|\n|upkeep\n|turn|13\n|\n|t:|1733875418\n|move|p1a: Oricorio|Revelation Dance|p2a: Mimikyu\n|-activate|p2a: Mimikyu|ability: Disguise\n|-damage|p2a: Mimikyu|189/216\n|detailschange|p2a: Mimikyu|Mimikyu-Busted, L79, F\n|-damage|p2a: Mimikyu|162/216|[from] pokemon: Mimikyu-Busted\n|move|p2a: Mimikyu|Swords Dance|p2a: Mimikyu\n|-boost|p2a: Mimikyu|atk|2\n|-activate|p1a: Oricorio|ability: Dancer\n|move|p1a: Oricorio|Swords Dance|p1a: Oricorio|[from]ability: Dancer\n|-boost|p1a: Oricorio|atk|2\n|\n|upkeep\n|turn|14\n|\n|t:|1733875433\n|move|p2a: Mimikyu|Shadow Sneak|p1a: Oricorio\n|-supereffective|p1a: Oricorio\n|-damage|p1a: Oricorio|20/266\n|-damage|p2a: Mimikyu|141/216|[from] item: Life Orb\n|move|p1a: Oricorio|Revelation Dance|p2a: Mimikyu\n|-supereffective|p2a: Mimikyu\n|-damage|p2a: Mimikyu|0 fnt\n|faint|p2a: Mimikyu\n|\n|upkeep\n|\n|t:|1733875447\n|switch|p2a: Hitmonlee|Hitmonlee, L85, M|224/224\n|-damage|p2a: Hitmonlee|210/224|[from] Stealth Rock\n|turn|15\n|\n|t:|1733875470\n|move|p1a: Oricorio|Roost|p1a: Oricorio\n|-heal|p1a: Oricorio|153/266\n|-singleturn|p1a: Oricorio|move: Roost\n|move|p2a: Hitmonlee|Poison Jab|p1a: Oricorio\n|-resisted|p1a: Oricorio\n|-damage|p1a: Oricorio|111/266\n|\n|upkeep\n|turn|16\n|\n|t:|1733875483\n|move|p1a: Oricorio|Hurricane|p2a: Hitmonlee\n|-supereffective|p2a: Hitmonlee\n|-damage|p2a: Hitmonlee|0 fnt\n|faint|p2a: Hitmonlee\n|\n|upkeep\n|\n|t:|1733875488\n|switch|p2a: Chesnaught|Chesnaught, L84, M|285/285\n|-damage|p2a: Chesnaught|268/285|[from] Stealth Rock\n|turn|17\n|\n|t:|1733875515\n|switch|p2a: Chansey|Chansey, L85, F|564/564\n|-damage|p2a: Chansey|494/564|[from] Stealth Rock\n|move|p1a: Oricorio|Hurricane|p2a: Chansey\n|-damage|p2a: Chansey|356/564\n|\n|upkeep\n|turn|18\n|\n|t:|1733875525\n|move|p1a: Oricorio|Hurricane|p2a: Chansey|[miss]\n|-miss|p1a: Oricorio|p2a: Chansey\n|move|p2a: Chansey|Thunder Wave|p1a: Oricorio\n|-status|p1a: Oricorio|par\n|\n|upkeep\n|turn|19\n|\n|t:|1733875531\n|move|p1a: Oricorio|Hurricane|p2a: Chansey\n|-damage|p2a: Chansey|221/564\n|move|p2a: Chansey|Seismic Toss|p1a: Oricorio\n|-immune|p1a: Oricorio\n|\n|upkeep\n|turn|20\n|\n|t:|1733875541\n|move|p1a: Oricorio|Hurricane|p2a: Chansey\n|-damage|p2a: Chansey|88/564\n|move|p2a: Chansey|Soft-Boiled|p2a: Chansey\n|-heal|p2a: Chansey|370/564\n|\n|upkeep\n|turn|21\n|\n|t:|1733875546\n|switch|p2a: Chesnaught|Chesnaught, L84, M|268/285\n|-damage|p2a: Chesnaught|251/285|[from] Stealth Rock\n|cant|p1a: Oricorio|par\n|\n|-heal|p2a: Chesnaught|268/285|[from] item: Leftovers\n|upkeep\n|turn|22\n|\n|t:|1733875568\n|cant|p1a: Oricorio|par\n|move|p2a: Chesnaught|Iron Defense|p2a: Chesnaught\n|-boost|p2a: Chesnaught|def|2\n|\n|-heal|p2a: Chesnaught|285/285|[from] item: Leftovers\n|upkeep\n|turn|23\n|\n|t:|1733875575\n|move|p1a: Oricorio|Hurricane|p2a: Chesnaught|[miss]\n|-miss|p1a: Oricorio|p2a: Chesnaught\n|move|p2a: Chesnaught|Iron Defense|p2a: Chesnaught\n|-boost|p2a: Chesnaught|def|2\n|\n|upkeep\n|turn|24\n|\n|t:|1733875586\n|move|p1a: Oricorio|Hurricane|p2a: Chesnaught\n|-supereffective|p2a: Chesnaught\n|-damage|p2a: Chesnaught|0 fnt\n|faint|p2a: Chesnaught\n|\n|upkeep\n|\n|t:|1733875591\n|switch|p2a: Chansey|Chansey, L85, F|370/564\n|-damage|p2a: Chansey|300/564|[from] Stealth Rock\n|turn|25\n|\n|t:|1733875599\n|-terastallize|p2a: Chansey|Ghost\n|move|p1a: Oricorio|Hurricane|p2a: Chansey|[miss]\n|-miss|p1a: Oricorio|p2a: Chansey\n|move|p2a: Chansey|Soft-Boiled|p2a: Chansey\n|-heal|p2a: Chansey|564/564\n|\n|upkeep\n|turn|26\n|\n|t:|1733875616\n|move|p1a: Oricorio|Roost|p1a: Oricorio\n|-heal|p1a: Oricorio|244/266 par\n|-singleturn|p1a: Oricorio|move: Roost\n|move|p2a: Chansey|Soft-Boiled||[still]\n|-fail|p2a: Chansey|heal\n|\n|upkeep\n|turn|27\n|\n|t:|1733875635\n|move|p1a: Oricorio|Revelation Dance|p2a: Chansey\n|-supereffective|p2a: Chansey\n|-damage|p2a: Chansey|330/564\n|move|p2a: Chansey|Seismic Toss|p1a: Oricorio\n|-immune|p1a: Oricorio\n|\n|upkeep\n|turn|28\n|\n|t:|1733875642\n|move|p1a: Oricorio|Quiver Dance|p1a: Oricorio\n|-boost|p1a: Oricorio|spa|1\n|-boost|p1a: Oricorio|spd|1\n|-boost|p1a: Oricorio|spe|1\n|move|p2a: Chansey|Soft-Boiled|p2a: Chansey\n|-heal|p2a: Chansey|564/564\n|\n|upkeep\n|turn|29\n|\n|t:|1733875650\n|move|p1a: Oricorio|Quiver Dance|p1a: Oricorio\n|-boost|p1a: Oricorio|spa|1\n|-boost|p1a: Oricorio|spd|1\n|-boost|p1a: Oricorio|spe|1\n|move|p2a: Chansey|Seismic Toss|p1a: Oricorio\n|-immune|p1a: Oricorio\n|\n|upkeep\n|turn|30\n|\n|t:|1733875657\n|move|p1a: Oricorio|Revelation Dance|p2a: Chansey\n|-supereffective|p2a: Chansey\n|-damage|p2a: Chansey|216/564\n|move|p2a: Chansey|Seismic Toss|p1a: Oricorio\n|-immune|p1a: Oricorio\n|\n|upkeep\n|turn|31\n|\n|t:|1733875664\n|move|p1a: Oricorio|Revelation Dance|p2a: Chansey\n|-supereffective|p2a: Chansey\n|-damage|p2a: Chansey|0 fnt\n|faint|p2a: Chansey\n|\n|win|Thickle\n", "inputlog": ">version bfd83cad13791eb5a5a409923076391caf6fb4d4\n>start {\"formatid\":\"gen9randombattle\",\"seed\":[7627,16709,14229,32902]}\n>player p1 {\"name\":\"Thickle\",\"avatar\":\"brock\",\"rating\":0,\"seed\":[39889,27790,20293,44553]}\n>player p2 {\"name\":\"GumCungler\",\"avatar\":\"265\",\"rating\":0,\"seed\":[8937,58280,29439,63233]}\n>p1 switch 2\n>p2 move stealthrock\n>p1 move dragondance\n>p2 move thunderwave\n>p1 move outrage\n>p2 switch 4\n>p2 switch 6\n>p1 move outrage\n>p2 move gigaimpact\n>p1 move outrage\n>p2 move recharge\n>p1 move outrage\n>p2 move gigaimpact\n>p1 switch 4\n>p1 move rapidspin\n>p2 move recharge\n>p1 move ironhead\n>p2 move gigaimpact\n>p2 switch 3\n>p1 move stealthrock\n>p2 move irondefense\n>p1 switch 5\n>p2 move bodypress\n>p1 move quiverdance\n>p2 move trailblaze\n>p1 move quiverdance\n>p2 switch 2\n>p1 move revelationdance\n>p2 move swordsdance\n>p1 move revelationdance\n>p2 move shadowsneak\n>p2 switch 5\n>p1 move roost\n>p2 move poisonjab\n>p1 move hurricane\n>p2 move knockoff\n>p2 switch 2\n>p1 move hurricane\n>p2 switch 4\n>p1 move hurricane\n>p2 move thunderwave\n>p1 move hurricane\n>p2 move seismictoss\n>p1 move hurricane\n>p2 move softboiled\n>p1 move hurricane\n>p2 switch 4\n>p1 move hurricane\n>p2 move irondefense\n>p1 move hurricane\n>p2 move irondefense\n>p1 move hurricane\n>p2 move trailblaze\n>p2 switch 4\n>p1 move hurricane\n>p2 move softboiled terastallize\n>p1 move roost\n>p2 move softboiled\n>p1 move revelationdance\n>p2 move seismictoss\n>p1 move quiverdance\n>p2 move softboiled\n>p1 move quiverdance\n>p2 move seismictoss\n>p1 move revelationdance\n>p2 move seismictoss\n>p1 move revelationdance\n>p2 move softboiled", "uploadtime": 1733875671, "views": 2, "formatid": "gen9randombattle", "rating": null, "private": 0, "password": null}