{"id": "gen9randombattle-2260761823", "format": "[Gen 9] Random Battle", "players": ["MAMS_22", "cheetah80"], "log": "|j|\u2606MAMS_22\n|j|\u2606cheetah80\n|t:|1733888275\n|gametype|singles\n|player|p1|MAMS_22|102|1624\n|player|p2|cheetah80|101|1633\n|teamsize|p1|6\n|teamsize|p2|6\n|gen|9\n|tier|[Gen 9] Random Battle\n|rated|\n|rule|Species Clause: Limit one of each Pok\u00e9mon\n|rule|HP Percentage Mod: HP is shown in percentages\n|rule|Sleep Clause Mod: Limit one foe put to sleep\n|rule|Illusion Level Mod: Illusion disguises the Pok\u00e9mon's true level\n|\n|t:|1733888275\n|start\n|switch|p1a: Tauros|Tauros, L82, M|257/257\n|switch|p2a: Kilowattrel|Kilowattrel, L83, M|252/252\n|turn|1\n|inactive|Battle timer is ON: inactive players will automatically lose when time's up. (requested by cheetah80)\n|\n|t:|1733888290\n|move|p2a: Kilowattrel|Thunder Wave|p1a: Tauros\n|-status|p1a: Tauros|par\n|move|p1a: Tauros|Body Slam|p2a: Kilowattrel\n|-damage|p2a: Kilowattrel|56/252\n|\n|upkeep\n|turn|2\n|\n|t:|1733888301\n|move|p2a: Kilowattrel|Roost|p2a: Kilowattrel\n|-heal|p2a: Kilowattrel|182/252\n|-singleturn|p2a: Kilowattrel|move: Roost\n|move|p1a: Tauros|Body Slam|p2a: Kilowattrel\n|-damage|p2a: Kilowattrel|0 fnt\n|faint|p2a: Kilowattrel\n|\n|upkeep\n|\n|t:|1733888305\n|switch|p2a: Leavanny|Leavanny, L86, F|269/269\n|turn|3\n|\n|t:|1733888315\n|move|p2a: Leavanny|Sticky Web|p1a: Tauros\n|-sidestart|p1: MAMS_22|move: Sticky Web\n|move|p1a: Tauros|Body Slam|p2a: Leavanny\n|-damage|p2a: Leavanny|104/269\n|\n|upkeep\n|turn|4\n|\n|t:|1733888333\n|move|p2a: Leavanny|Lunge|p1a: Tauros\n|-damage|p1a: Tauros|173/257 par\n|-unboost|p1a: Tauros|atk|1\n|move|p1a: Tauros|Body Slam|p2a: Leavanny\n|-damage|p2a: Leavanny|3/269\n|\n|upkeep\n|turn|5\n|\n|t:|1733888340\n|move|p2a: Leavanny|Lunge|p1a: Tauros\n|-damage|p1a: Tauros|31/257 par\n|-unboost|p1a: Tauros|atk|1\n|move|p1a: Tauros|Body Slam|p2a: Leavanny\n|-damage|p2a: Leavanny|0 fnt\n|faint|p2a: Leavanny\n|\n|upkeep\n|\n|t:|1733888353\n|switch|p2a: Kingambit|Kingambit, L74, M|270/270\n|-activate|p2a: Kingambit|ability: Supreme Overlord\n|-start|p2a: Kingambit|fallen2|[silent]\n|turn|6\n|\n|t:|1733888359\n|move|p2a: Kingambit|Swords Dance|p2a: Kingambit\n|-boost|p2a: Kingambit|atk|2\n|move|p1a: Tauros|Close Combat|p2a: Kingambit\n|-supereffective|p2a: Kingambit\n|-crit|p2a: Kingambit\n|-damage|p2a: Kingambit|0 fnt\n|-unboost|p1a: Tauros|def|1\n|-unboost|p1a: Tauros|spd|1\n|faint|p2a: Kingambit\n|-end|p2a: Kingambit|fallen2|[silent]\n|-damage|p1a: Tauros|6/257 par|[from] item: Life Orb\n|\n|upkeep\n|\n|t:|1733888366\n|switch|p2a: Great Tusk|Great Tusk, L77|304/304\n|turn|7\n|\n|t:|1733888374\n|move|p2a: Great Tusk|Bulk Up|p2a: Great Tusk\n|-boost|p2a: Great Tusk|atk|1\n|-boost|p2a: Great Tusk|def|1\n|move|p1a: Tauros|Earthquake|p2a: Great Tusk\n|-crit|p2a: Great Tusk\n|-damage|p2a: Great Tusk|192/304\n|-damage|p1a: Tauros|0 fnt|[from] item: Life Orb\n|faint|p1a: Tauros\n|\n|-heal|p2a: Great Tusk|211/304|[from] item: Leftovers\n|upkeep\n|\n|t:|1733888396\n|switch|p1a: Ribombee|Ribombee, L82, M|233/233\n|turn|8\n|\n|t:|1733888402\n|move|p1a: Ribombee|Sticky Web|p2a: Great Tusk\n|-sidestart|p2: cheetah80|move: Sticky Web\n|move|p2a: Great Tusk|Stone Edge|p1a: Ribombee\n|-supereffective|p1a: Ribombee\n|-damage|p1a: Ribombee|0 fnt\n|faint|p1a: Ribombee\n|\n|-heal|p2a: Great Tusk|230/304|[from] item: Leftovers\n|upkeep\n|\n|t:|1733888416\n|switch|p1a: Manaphy|Manaphy, L78|284/284\n|-activate|p1a: Manaphy|move: Sticky Web\n|-unboost|p1a: Manaphy|spe|1\n|turn|9\n|\n|t:|1733888432\n|move|p2a: Great Tusk|Earthquake|p1a: Manaphy\n|-damage|p1a: Manaphy|112/284\n|move|p1a: Manaphy|Surf|p2a: Great Tusk\n|-supereffective|p2a: Great Tusk\n|-damage|p2a: Great Tusk|0 fnt\n|faint|p2a: Great Tusk\n|-end|p2a: Great Tusk|Protosynthesis|[silent]\n|\n|-heal|p1a: Manaphy|129/284|[from] item: Leftovers\n|upkeep\n|\n|t:|1733888436\n|switch|p2a: Kyurem|Kyurem, L77|319/319\n|-ability|p2a: Kyurem|Pressure\n|turn|10\n|\n|t:|1733888449\n|move|p2a: Kyurem|Freeze-Dry|p1a: Manaphy\n|-supereffective|p1a: Manaphy\n|-damage|p1a: Manaphy|0 fnt\n|faint|p1a: Manaphy\n|\n|upkeep\n|\n|t:|1733888454\n|switch|p1a: Excadrill|Excadrill, L79, F|303/303\n|-activate|p1a: Excadrill|move: Sticky Web\n|-unboost|p1a: Excadrill|spe|1\n|-ability|p1a: Excadrill|Mold Breaker\n|turn|11\n|\n|t:|1733888461\n|-terastallize|p2a: Kyurem|Ground\n|move|p2a: Kyurem|Earth Power|p1a: Excadrill\n|-supereffective|p1a: Excadrill\n|-damage|p1a: Excadrill|117/303\n|-unboost|p1a: Excadrill|spd|1\n|move|p1a: Excadrill|Rapid Spin|p2a: Kyurem\n|-damage|p2a: Kyurem|276/319\n|-boost|p1a: Excadrill|spe|1\n|-sideend|p1: MAMS_22|Sticky Web|[from] move: Rapid Spin|[of] p1a: Excadrill\n|\n|upkeep\n|turn|12\n|\n|t:|1733888481\n|move|p2a: Kyurem|Earth Power|p1a: Excadrill\n|-supereffective|p1a: Excadrill\n|-damage|p1a: Excadrill|0 fnt\n|faint|p1a: Excadrill\n|\n|upkeep\n|\n|t:|1733888486\n|switch|p1a: Ninetales|Ninetales, L85, F|238/238\n|turn|13\n|\n|t:|1733888504\n|move|p1a: Ninetales|Dark Pulse|p2a: Kyurem\n|-damage|p2a: Kyurem|113/319\n|move|p2a: Kyurem|Earth Power|p1a: Ninetales\n|-damage|p1a: Ninetales|109/238\n|replace|p1a: Zoroark|Zoroark, L84, F\n|-end|p1a: Zoroark|Illusion\n|-hint|Illusion Level Mod is active, so this Pok\u00e9mon's true level was hidden.\n|\n|upkeep\n|turn|14\n|\n|t:|1733888512\n|switch|p2a: Weezing|Weezing-Galar, L86, M|252/252\n|move|p1a: Zoroark|Dark Pulse|p2a: Weezing\n|-resisted|p2a: Weezing\n|-damage|p2a: Weezing|171/252\n|\n|-heal|p2a: Weezing|186/252|[from] item: Leftovers\n|upkeep\n|turn|15\n|\n|t:|1733888518\n|switch|p1a: Ninetales|Ninetales, L85, F|263/263\n|-weather|SunnyDay|[from] ability: Drought|[of] p1a: Ninetales\n|move|p2a: Weezing|Strange Steam|p1a: Ninetales\n|-resisted|p1a: Ninetales\n|-damage|p1a: Ninetales|226/263\n|-start|p1a: Ninetales|confusion\n|\n|-weather|SunnyDay|[upkeep]\n|-heal|p2a: Weezing|201/252|[from] item: Leftovers\n|upkeep\n|turn|16\n|\n|t:|1733888529\n|-activate|p1a: Ninetales|confusion\n|move|p1a: Ninetales|Fire Blast|p2a: Weezing\n|-damage|p2a: Weezing|33/252\n|-status|p2a: Weezing|brn\n|move|p2a: Weezing|Gunk Shot|p1a: Ninetales\n|-damage|p1a: Ninetales|154/263\n|\n|-weather|SunnyDay|[upkeep]\n|-heal|p2a: Weezing|48/252 brn|[from] item: Leftovers\n|-damage|p2a: Weezing|33/252 brn|[from] brn\n|upkeep\n|turn|17\n|\n|t:|1733888544\n|-end|p1a: Ninetales|confusion\n|move|p1a: Ninetales|Solar Beam||[still]\n|-prepare|p1a: Ninetales|Solar Beam\n|-anim|p1a: Ninetales|Solar Beam|p2a: Weezing\n|-resisted|p2a: Weezing\n|-damage|p2a: Weezing|0 fnt\n|faint|p2a: Weezing\n|\n|-weather|SunnyDay|[upkeep]\n|upkeep\n|\n|t:|1733888553\n|switch|p2a: Kyurem|Kyurem, L77, tera:Ground|113/319\n|-ability|p2a: Kyurem|Pressure\n|turn|18\n|\n|t:|1733888558\n|move|p1a: Ninetales|Solar Beam||[still]\n|-prepare|p1a: Ninetales|Solar Beam\n|-anim|p1a: Ninetales|Solar Beam|p2a: Kyurem\n|-supereffective|p2a: Kyurem\n|-damage|p2a: Kyurem|0 fnt\n|faint|p2a: Kyurem\n|\n|win|MAMS_22\n|raw|MAMS_22's rating: 1624 &rarr; <strong>1645</strong><br />(+21 for winning)\n|raw|cheetah80's rating: 1633 &rarr; <strong>1612</strong><br />(-21 for losing)\n|l|\u2606cheetah80\n|player|p2|\n", "inputlog": ">version bfd83cad13791eb5a5a409923076391caf6fb4d4\n>start {\"formatid\":\"gen9randombattle\",\"seed\":[64368,16745,37858,52907],\"rated\":\"Rated battle\"}\n>player p1 {\"name\":\"MAMS_22\",\"avatar\":\"102\",\"rating\":1624,\"seed\":[50065,41934,54368,36139]}\n>player p2 {\"name\":\"cheetah80\",\"avatar\":\"101\",\"rating\":1633,\"seed\":[33818,51039,1827,12260]}\n>p1 move bodyslam\n>p2 move thunderwave\n>p1 move bodyslam\n>p2 move roost\n>p2 switch 4\n>p1 move bodyslam\n>p2 move stickyweb\n>p1 move bodyslam\n>p2 move lunge\n>p1 move bodyslam\n>p2 move lunge\n>p2 switch 5\n>p1 move closecombat\n>p2 move swordsdance\n>p2 switch 6\n>p1 move earthquake\n>p2 move bulkup\n>p1 switch 2\n>p1 move stickyweb\n>p2 move stoneedge\n>p1 switch 6\n>p1 move surf\n>p2 move earthquake\n>p2 switch 3\n>p1 move icebeam\n>p2 move freezedry\n>p1 switch 4\n>p1 move rapidspin\n>p2 move earthpower terastallize\n>p1 move ironhead\n>p2 move earthpower\n>p1 switch 3\n>p1 move darkpulse\n>p2 move earthpower\n>p1 move darkpulse\n>p2 switch 2\n>p1 switch 5\n>p2 move strangesteam\n>p1 move fireblast\n>p2 move gunkshot\n>p1 move solarbeam\n>p2 move gunkshot\n>p2 switch 2\n>p1 move solarbeam\n>p2 move earthpower", "uploadtime": 1733888571, "views": 12, "formatid": "gen9randombattle", "rating": 1612, "private": 0, "password": null}