{"id": "gen9randombattle-2260351856", "format": "[Gen 9] Random Battle", "players": ["chechebuubuu", "swampnik"], "log": "|j|\u2606chechebuubuu\n|j|\u2606swampnik\n|t:|1733843004\n|gametype|singles\n|player|p1|chechebuubuu|winona|1431\n|player|p2|swampnik|miku-water|1394\n|teamsize|p1|6\n|teamsize|p2|6\n|gen|9\n|tier|[Gen 9] Random Battle\n|rated|\n|rule|Species Clause: Limit one of each Pok\u00e9mon\n|rule|HP Percentage Mod: HP is shown in percentages\n|rule|Sleep Clause Mod: Limit one foe put to sleep\n|rule|Illusion Level Mod: Illusion disguises the Pok\u00e9mon's true level\n|\n|t:|1733843004\n|start\n|switch|p1a: Uxie|Uxie, L83|260/260\n|switch|p2a: Lumineon|Lumineon, L93, F|279/279\n|turn|1\n|inactive|Battle timer is ON: inactive players will automatically lose when time's up. (requested by swampnik)\n|\n|t:|1733843016\n|move|p2a: Lumineon|U-turn|p1a: Uxie\n|-supereffective|p1a: Uxie\n|-damage|p1a: Uxie|194/260\n|\n|t:|1733843019\n|switch|p2a: Lokix|Lokix, L82, F|251/251|[from] U-turn\n|move|p1a: Uxie|Yawn|p2a: Lokix\n|-start|p2a: Lokix|move: Yawn|[of] p1a: Uxie\n|\n|-heal|p1a: Uxie|210/260|[from] item: Leftovers\n|upkeep\n|turn|2\n|\n|t:|1733843038\n|switch|p1a: Emboar|Emboar, L84, F|322/322\n|move|p2a: Lokix|First Impression|p1a: Emboar\n|-resisted|p1a: Emboar\n|-damage|p1a: Emboar|248/322\n|\n|-end|p2a: Lokix|move: Yawn|[silent]\n|-status|p2a: Lokix|slp\n|upkeep\n|turn|3\n|\n|t:|1733843047\n|switch|p2a: Lumineon|Lumineon, L93, F|279/279\n|move|p1a: Emboar|Wild Charge|p2a: Lumineon\n|-supereffective|p2a: Lumineon\n|-damage|p2a: Lumineon|97/279\n|-damage|p1a: Emboar|202/322|[from] Recoil\n|\n|upkeep\n|turn|4\n|\n|t:|1733843056\n|move|p2a: Lumineon|Hydro Pump|p1a: Emboar|[miss]\n|-miss|p2a: Lumineon|p1a: Emboar\n|move|p1a: Emboar|Wild Charge|p2a: Lumineon\n|-supereffective|p2a: Lumineon\n|-damage|p2a: Lumineon|0 fnt\n|faint|p2a: Lumineon\n|-damage|p1a: Emboar|178/322|[from] Recoil\n|\n|upkeep\n|c|\u2606swampnik|I love this game\n|\n|t:|1733843071\n|switch|p2a: Bellibolt|Bellibolt, L84, M|320/320\n|turn|5\n|\n|t:|1733843084\n|move|p1a: Emboar|Flare Blitz|p2a: Bellibolt\n|-damage|p2a: Bellibolt|127/320\n|-start|p2a: Bellibolt|Charge|Flare Blitz|[from] ability: Electromorphosis\n|-damage|p1a: Emboar|114/322|[from] Recoil\n|move|p2a: Bellibolt|Muddy Water|p1a: Emboar\n|-supereffective|p1a: Emboar\n|-damage|p1a: Emboar|0 fnt\n|faint|p1a: Emboar\n|\n|-heal|p2a: Bellibolt|147/320|[from] item: Leftovers\n|upkeep\n|\n|t:|1733843095\n|switch|p1a: Gliscor|Gliscor, L76, F|239/239\n|turn|6\n|inactive|swampnik has 120 seconds left.\n|c|\u2606chechebuubuu|real\n|\n|t:|1733843132\n|switch|p2a: Lokix|Lokix, L82, F|251/251 slp\n|move|p1a: Gliscor|Earthquake|p2a: Lokix\n|-resisted|p2a: Lokix\n|-damage|p2a: Lokix|200/251 slp\n|\n|-status|p1a: Gliscor|tox|[from] item: Toxic Orb\n|upkeep\n|turn|7\n|inactive|swampnik has 120 seconds left.\n|\n|t:|1733843140\n|cant|p2a: Lokix|slp\n|move|p1a: Gliscor|Toxic||[still]\n|-fail|p1a: Gliscor\n|\n|upkeep\n|turn|8\n|\n|t:|1733843146\n|-curestatus|p2a: Lokix|slp|[msg]\n|move|p2a: Lokix|Knock Off|p1a: Gliscor\n|-damage|p1a: Gliscor|148/239 tox\n|-enditem|p1a: Gliscor|Toxic Orb|[from] move: Knock Off|[of] p2a: Lokix\n|move|p1a: Gliscor|Substitute|p1a: Gliscor\n|-start|p1a: Gliscor|Substitute\n|-damage|p1a: Gliscor|89/239 tox\n|\n|-heal|p1a: Gliscor|118/239 tox|[from] ability: Poison Heal\n|upkeep\n|turn|9\n|\n|t:|1733843156\n|switch|p2a: Indeedee|Indeedee-F, L90, F|272/272\n|-fieldstart|move: Psychic Terrain|[from] ability: Psychic Surge|[of] p2a: Indeedee\n|move|p1a: Gliscor|Protect||[still]\n|-fail|p1a: Gliscor\n|\n|-heal|p1a: Gliscor|147/239 tox|[from] ability: Poison Heal\n|upkeep\n|turn|10\n|c|\u2606chechebuubuu|can you poison when surge is up?\n|\n|t:|1733843180\n|move|p2a: Indeedee|Hyper Voice|p1a: Gliscor\n|-damage|p1a: Gliscor|20/239 tox\n|move|p1a: Gliscor|Toxic|p2a: Indeedee\n|-status|p2a: Indeedee|tox\n|\n|-damage|p2a: Indeedee|255/272 tox|[from] psn\n|-heal|p1a: Gliscor|49/239 tox|[from] ability: Poison Heal\n|upkeep\n|turn|11\n|c|\u2606swampnik|yes\n|\n|t:|1733843186\n|move|p1a: Gliscor|Protect|p1a: Gliscor\n|-singleturn|p1a: Gliscor|Protect\n|move|p2a: Indeedee|Hyper Voice|p1a: Gliscor\n|-activate|p1a: Gliscor|move: Protect\n|\n|-damage|p2a: Indeedee|221/272 tox|[from] psn\n|-heal|p1a: Gliscor|78/239 tox|[from] ability: Poison Heal\n|upkeep\n|turn|12\n|c|\u2606swampnik|but I still kill\n|\n|t:|1733843204\n|move|p1a: Gliscor|Protect||[still]\n|-fail|p1a: Gliscor\n|move|p2a: Indeedee|Hyper Voice|p1a: Gliscor\n|-damage|p1a: Gliscor|0 fnt\n|faint|p1a: Gliscor\n|\n|-damage|p2a: Indeedee|170/272 tox|[from] psn\n|upkeep\n|\n|t:|1733843220\n|switch|p1a: Cinderace|Cinderace, L77, F|249/249\n|turn|13\n|\n|t:|1733843227\n|move|p2a: Indeedee|Hyper Voice|p1a: Cinderace\n|-damage|p1a: Cinderace|123/249\n|move|p1a: Cinderace|Pyro Ball|p2a: Indeedee\n|-damage|p2a: Indeedee|20/272 tox\n|\n|-damage|p2a: Indeedee|0 fnt|[from] psn\n|faint|p2a: Indeedee\n|-fieldend|move: Psychic Terrain\n|upkeep\n|\n|t:|1733843230\n|switch|p2a: Bellibolt|Bellibolt, L84, M|147/320\n|turn|14\n|c|\u2606swampnik|is it blaze?\n|\n|t:|1733843257\n|-terastallize|p2a: Bellibolt|Water\n|move|p1a: Cinderace|Pyro Ball|p2a: Bellibolt|[miss]\n|-miss|p1a: Cinderace|p2a: Bellibolt\n|move|p2a: Bellibolt|Slack Off|p2a: Bellibolt\n|-heal|p2a: Bellibolt|307/320\n|\n|-heal|p2a: Bellibolt|320/320|[from] item: Leftovers\n|upkeep\n|turn|15\n|c|\u2606chechebuubuu|libero\n|inactive|chechebuubuu has 120 seconds left.\n|c|\u2606swampnik|what?\n|\n|t:|1733843286\n|switch|p1a: Victreebel|Victreebel, L90, F|290/290\n|move|p2a: Bellibolt|Muddy Water|p1a: Victreebel\n|-resisted|p1a: Victreebel\n|-damage|p1a: Victreebel|239/290\n|-unboost|p1a: Victreebel|accuracy|1\n|\n|upkeep\n|turn|16\n|inactive|chechebuubuu has 120 seconds left.\n|c|\u2606chechebuubuu|thats the ability name, libero\n|c|\u2606swampnik|shouldn't it get fire?\n|c|\u2606chechebuubuu|changes type\n|c|\u2606chechebuubuu|i think it doesnt change if he remains the same\n|inactive|chechebuubuu has 90 seconds left.\n|\n|t:|1733843327\n|switch|p2a: Lokix|Lokix, L82, F|200/251\n|move|p1a: Victreebel|Strength Sap|p2a: Lokix\n|-unboost|p2a: Lokix|atk|1\n|-heal|p1a: Victreebel|290/290\n|\n|upkeep\n|turn|17\n|inactive|chechebuubuu has 90 seconds left.\n|c|\u2606swampnik|I thought it makes it like terra\n|\n|t:|1733843339\n|move|p2a: Lokix|First Impression|p1a: Victreebel\n|-damage|p1a: Victreebel|194/290\n|move|p1a: Victreebel|Sludge Wave|p2a: Lokix\n|-damage|p2a: Lokix|0 fnt\n|faint|p2a: Lokix\n|-damage|p1a: Victreebel|165/290|[from] item: Life Orb\n|\n|upkeep\n|inactive|swampnik has 120 seconds left.\n|c|\u2606swampnik|2x STAB\n|\n|t:|1733843353\n|switch|p2a: Talonflame|Talonflame, L83, M|265/265\n|turn|18\n|\n|t:|1733843357\n|move|p2a: Talonflame|Overheat|p1a: Victreebel\n|-supereffective|p1a: Victreebel\n|-damage|p1a: Victreebel|0 fnt\n|-unboost|p2a: Talonflame|spa|2\n|faint|p1a: Victreebel\n|\n|upkeep\n|\n|t:|1733843377\n|switch|p1a: Uxie|Uxie, L83|210/260\n|turn|19\n|\n|t:|1733843384\n|move|p2a: Talonflame|Taunt|p1a: Uxie\n|-start|p1a: Uxie|move: Taunt\n|move|p1a: Uxie|Psychic Noise|p2a: Talonflame\n|-damage|p2a: Talonflame|189/265\n|-start|p2a: Talonflame|move: Heal Block\n|\n|-heal|p1a: Uxie|226/260|[from] item: Leftovers\n|upkeep\n|turn|20\n|\n|t:|1733843395\n|move|p2a: Talonflame|Brave Bird|p1a: Uxie\n|-damage|p1a: Uxie|141/260\n|-damage|p2a: Talonflame|161/265|[from] Recoil\n|move|p1a: Uxie|Psychic Noise|p2a: Talonflame\n|-damage|p2a: Talonflame|88/265\n|\n|-heal|p1a: Uxie|157/260|[from] item: Leftovers\n|-end|p2a: Talonflame|move: Heal Block\n|upkeep\n|turn|21\n|\n|t:|1733843406\n|move|p2a: Talonflame|Roost|p2a: Talonflame\n|-heal|p2a: Talonflame|221/265\n|-singleturn|p2a: Talonflame|move: Roost\n|move|p1a: Uxie|Psychic Noise|p2a: Talonflame\n|-damage|p2a: Talonflame|146/265\n|-start|p2a: Talonflame|move: Heal Block\n|\n|-heal|p1a: Uxie|173/260|[from] item: Leftovers\n|-end|p1a: Uxie|move: Taunt\n|upkeep\n|turn|22\n|\n|t:|1733843416\n|move|p2a: Talonflame|Brave Bird|p1a: Uxie\n|-damage|p1a: Uxie|83/260\n|-damage|p2a: Talonflame|116/265|[from] Recoil\n|move|p1a: Uxie|Yawn|p2a: Talonflame\n|-start|p2a: Talonflame|move: Yawn|[of] p1a: Uxie\n|\n|-heal|p1a: Uxie|99/260|[from] item: Leftovers\n|-end|p2a: Talonflame|move: Heal Block\n|upkeep\n|turn|23\n|\n|t:|1733843425\n|switch|p2a: Bellibolt|Bellibolt, L84, M, tera:Water|320/320\n|move|p1a: Uxie|Psychic Noise|p2a: Bellibolt\n|-damage|p2a: Bellibolt|250/320\n|-start|p2a: Bellibolt|move: Heal Block\n|-start|p2a: Bellibolt|Charge|Psychic Noise|[from] ability: Electromorphosis\n|\n|-heal|p1a: Uxie|115/260|[from] item: Leftovers\n|upkeep\n|turn|24\n|inactive|chechebuubuu has 120 seconds left.\n|\n|t:|1733843430\n|move|p1a: Uxie|Yawn|p2a: Bellibolt\n|-start|p2a: Bellibolt|move: Yawn|[of] p1a: Uxie\n|move|p2a: Bellibolt|Thunderbolt|p1a: Uxie\n|-damage|p1a: Uxie|0 fnt\n|faint|p1a: Uxie\n|-end|p2a: Bellibolt|Charge|[silent]\n|\n|-end|p2a: Bellibolt|move: Heal Block\n|upkeep\n|inactive|chechebuubuu has 120 seconds left.\n|\n|t:|1733843435\n|switch|p1a: Kommo-o|Kommo-o, L78, M|245/245\n|turn|25\n|\n|t:|1733843439\n|switch|p2a: Talonflame|Talonflame, L83, M|116/265\n|move|p1a: Kommo-o|Clangorous Soul|p1a: Kommo-o\n|-boost|p1a: Kommo-o|atk|1\n|-boost|p1a: Kommo-o|def|1\n|-boost|p1a: Kommo-o|spa|1\n|-boost|p1a: Kommo-o|spd|1\n|-boost|p1a: Kommo-o|spe|1\n|-damage|p1a: Kommo-o|165/245\n|-enditem|p1a: Kommo-o|Throat Spray\n|-boost|p1a: Kommo-o|spa|1|[from] item: Throat Spray\n|\n|upkeep\n|turn|26\n|\n|t:|1733843456\n|-terastallize|p1a: Kommo-o|Steel\n|move|p1a: Kommo-o|Clanging Scales|p2a: Talonflame\n|-damage|p2a: Talonflame|0 fnt\n|faint|p2a: Talonflame\n|-unboost|p1a: Kommo-o|def|1\n|\n|upkeep\n|\n|t:|1733843460\n|switch|p2a: Ninetales|Ninetales, L85, F|263/263\n|-weather|SunnyDay|[from] ability: Drought|[of] p2a: Ninetales\n|turn|27\n|inactive|swampnik has 120 seconds left.\n|\n|t:|1733843504\n|move|p1a: Kommo-o|Clanging Scales|p2a: Ninetales\n|-damage|p2a: Ninetales|76/263\n|-unboost|p1a: Kommo-o|def|1\n|move|p2a: Ninetales|Fire Blast|p1a: Kommo-o\n|-supereffective|p1a: Kommo-o\n|-damage|p1a: Kommo-o|0 fnt\n|faint|p1a: Kommo-o\n|\n|-weather|SunnyDay|[upkeep]\n|upkeep\n|\n|t:|1733843511\n|switch|p1a: Cinderace|Cinderace, L77, F|123/249\n|turn|28\n|c|\u2606chechebuubuu|do i gamble?\n|\n|t:|1733843526\n|move|p1a: Cinderace|High Jump Kick|p2a: Ninetales\n|-start|p1a: Cinderace|typechange|Fighting|[from] ability: Libero\n|-damage|p2a: Ninetales|0 fnt\n|faint|p2a: Ninetales\n|\n|-weather|SunnyDay|[upkeep]\n|upkeep\n|c|\u2606swampnik|YES\n|\n|t:|1733843533\n|switch|p2a: Bellibolt|Bellibolt, L84, M, tera:Water|250/320\n|turn|29\n|c|\u2606chechebuubuu|WE GAMBLE BABY\n|c|\u2606swampnik|Good Game\n|\n|t:|1733843542\n|move|p1a: Cinderace|High Jump Kick|p2a: Bellibolt\n|-damage|p2a: Bellibolt|117/320\n|-start|p2a: Bellibolt|Charge|High Jump Kick|[from] ability: Electromorphosis\n|move|p2a: Bellibolt|Thunderbolt|p1a: Cinderace\n|-damage|p1a: Cinderace|0 fnt\n|faint|p1a: Cinderace\n|-end|p2a: Bellibolt|Charge|[silent]\n|\n|win|swampnik\n|raw|chechebuubuu's rating: 1431 &rarr; <strong>1409</strong><br />(-22 for losing)\n|raw|swampnik's rating: 1394 &rarr; <strong>1416</strong><br />(+22 for winning)\n|c|\u2606chechebuubuu|GGWP!\n|c|\u2606chechebuubuu|have a good rest of your day\n|c|\u2606swampnik|it was nice to play w/ u\n|c|\u2606swampnik|u to\n|l|\u2606chechebuubuu\n|player|p1|\n", "inputlog": ">version bfd83cad13791eb5a5a409923076391caf6fb4d4\n>start {\"formatid\":\"gen9randombattle\",\"seed\":[41296,49687,42000,56655],\"rated\":\"Rated battle\"}\n>player p1 {\"name\":\"chechebuubuu\",\"avatar\":\"winona\",\"rating\":1431,\"seed\":[26705,8246,2804,32677]}\n>player p2 {\"name\":\"swampnik\",\"avatar\":\"miku-water\",\"rating\":1394,\"seed\":[55871,13873,12944,63139]}\n>p1 move yawn\n>p2 move uturn\n>p2 switch 5\n>p1 switch 6\n>p2 move firstimpression\n>p1 move wildcharge\n>p2 switch 5\n>p1 move wildcharge\n>p2 move hydropump\n>chat \u2606swampnik|I love this game\n>p2 switch 6\n>p1 move flareblitz\n>p2 move muddywater\n>p1 switch 5\n>chat \u2606chechebuubuu|real\n>p1 move earthquake\n>p2 switch 5\n>p1 move toxic\n>p2 move firstimpression\n>p1 move substitute\n>p2 move knockoff\n>p1 move protect\n>p2 switch 3\n>chat \u2606chechebuubuu|can you poison when surge is up?\n>p1 move toxic\n>p2 move hypervoice\n>chat \u2606swampnik|yes\n>p1 move protect\n>p2 move hypervoice\n>chat \u2606swampnik|but I still kill\n>p1 move protect\n>p2 move hypervoice\n>p1 switch 4\n>p1 move pyroball\n>p2 move hypervoice\n>p2 switch 5\n>chat \u2606swampnik|is it blaze?\n>p1 move pyroball\n>p2 move slackoff terastallize\n>chat \u2606chechebuubuu|libero\n>chat \u2606swampnik|what?\n>p1 switch 2\n>p2 move muddywater\n>chat \u2606chechebuubuu|thats the ability name, libero\n>chat \u2606swampnik|shouldn't it get fire?\n>chat \u2606chechebuubuu|changes type\n>chat \u2606chechebuubuu|i think it doesnt change if he remains the same\n>p1 move strengthsap\n>p2 switch 3\n>chat \u2606swampnik|I thought it makes it like terra\n>p1 move sludgewave\n>p2 move firstimpression\n>chat \u2606swampnik|2x STAB\n>p2 switch 2\n>p1 move strengthsap\n>p2 move overheat\n>p1 switch 6\n>p1 move psychicnoise\n>p2 move taunt\n>p1 move psychicnoise\n>p2 move bravebird\n>p1 move psychicnoise\n>p2 move roost\n>p1 move yawn\n>p2 move bravebird\n>p1 move psychicnoise\n>p2 switch 3\n>p1 move yawn\n>p2 move thunderbolt\n>p1 switch 3\n>p1 move clangoroussoul\n>p2 switch 3\n>p1 move clangingscales terastallize\n>p2 move bravebird\n>p2 switch 4\n>p1 move clangingscales\n>p2 move fireblast\n>p1 switch 2\n>chat \u2606chechebuubuu|do i gamble?\n>p1 move highjumpkick\n>p2 move scorchingsands\n>chat \u2606swampnik|YES\n>p2 switch 3\n>chat \u2606chechebuubuu|WE GAMBLE BABY\n>chat \u2606swampnik|Good Game\n>p1 move highjumpkick\n>p2 move thunderbolt", "uploadtime": 1733843570, "views": 2, "formatid": "gen9randombattle", "rating": 1409, "private": 0, "password": null}