{"id": "gen9randombattle-2259957695", "format": "[Gen 9] Random Battle", "players": ["Rance227", "PowerOutage273"], "log": "|j|\u2606Rance227\n|j|\u2606PowerOutage273\n|t:|1733784232\n|gametype|singles\n|player|p1|Rance227|170|1584\n|player|p2|PowerOutage273|volkner|1633\n|teamsize|p1|6\n|teamsize|p2|6\n|gen|9\n|tier|[Gen 9] Random Battle\n|rated|\n|rule|Species Clause: Limit one of each Pok\u00e9mon\n|rule|HP Percentage Mod: HP is shown in percentages\n|rule|Sleep Clause Mod: Limit one foe put to sleep\n|rule|Illusion Level Mod: Illusion disguises the Pok\u00e9mon's true level\n|\n|t:|1733784232\n|start\n|switch|p1a: Grumpig|Grumpig, L92, F|297/297\n|switch|p2a: Inteleon|Inteleon, L81, F|246/246\n|turn|1\n|inactive|Battle timer is ON: inactive players will automatically lose when time's up. (requested by PowerOutage273)\n|\n|t:|1733784252\n|move|p2a: Inteleon|Dark Pulse|p1a: Grumpig\n|-supereffective|p1a: Grumpig\n|-damage|p1a: Grumpig|135/297\n|move|p1a: Grumpig|Psychic|p2a: Inteleon\n|-damage|p2a: Inteleon|98/246\n|\n|-heal|p1a: Grumpig|153/297|[from] item: Leftovers\n|upkeep\n|turn|2\n|\n|t:|1733784265\n|move|p2a: Inteleon|Dark Pulse|p1a: Grumpig\n|-supereffective|p1a: Grumpig\n|-damage|p1a: Grumpig|17/297\n|move|p1a: Grumpig|Psychic|p2a: Inteleon\n|-damage|p2a: Inteleon|0 fnt\n|faint|p2a: Inteleon\n|\n|-heal|p1a: Grumpig|35/297|[from] item: Leftovers\n|upkeep\n|\n|t:|1733784284\n|switch|p2a: Indeedee|Indeedee, L84, M|238/238\n|-fieldstart|move: Psychic Terrain|[from] ability: Psychic Surge|[of] p2a: Indeedee\n|turn|3\n|\n|t:|1733784294\n|move|p2a: Indeedee|Expanding Force|p1a: Grumpig\n|-resisted|p1a: Grumpig\n|-damage|p1a: Grumpig|0 fnt\n|faint|p1a: Grumpig\n|\n|upkeep\n|\n|t:|1733784299\n|switch|p1a: Misdreavus|Misdreavus, L90, M|254/254\n|turn|4\n|\n|t:|1733784310\n|switch|p2a: Ursaring|Ursaring, L84, F|288/288\n|move|p1a: Misdreavus|Shadow Ball|p2a: Ursaring\n|-immune|p2a: Ursaring\n|\n|-status|p2a: Ursaring|tox|[from] item: Toxic Orb\n|upkeep\n|turn|5\n|\n|t:|1733784322\n|move|p2a: Ursaring|Swords Dance|p2a: Ursaring\n|-boost|p2a: Ursaring|atk|2\n|move|p1a: Misdreavus|Draining Kiss|p2a: Ursaring\n|-damage|p2a: Ursaring|247/288 tox\n|\n|-damage|p2a: Ursaring|229/288 tox|[from] psn\n|upkeep\n|turn|6\n|\n|t:|1733784328\n|move|p2a: Ursaring|Throat Chop|p1a: Misdreavus\n|-supereffective|p1a: Misdreavus\n|-damage|p1a: Misdreavus|4/254\n|-start|p1a: Misdreavus|Throat Chop|[silent]\n|move|p1a: Misdreavus|Draining Kiss|p2a: Ursaring\n|-damage|p2a: Ursaring|184/288 tox\n|-heal|p1a: Misdreavus|38/254|[from] drain|[of] p2a: Ursaring\n|\n|-damage|p2a: Ursaring|148/288 tox|[from] psn\n|upkeep\n|turn|7\n|\n|t:|1733784350\n|move|p2a: Ursaring|Throat Chop|p1a: Misdreavus\n|-supereffective|p1a: Misdreavus\n|-damage|p1a: Misdreavus|0 fnt\n|faint|p1a: Misdreavus\n|\n|-damage|p2a: Ursaring|94/288 tox|[from] psn\n|-fieldend|move: Psychic Terrain\n|upkeep\n|\n|t:|1733784352\n|switch|p1a: Munkidori|Munkidori, L79, M|269/269\n|turn|8\n|\n|t:|1733784371\n|move|p1a: Munkidori|Focus Blast|p2a: Ursaring|[miss]\n|-miss|p1a: Munkidori|p2a: Ursaring\n|move|p2a: Ursaring|Facade|p1a: Munkidori\n|-damage|p1a: Munkidori|0 fnt\n|faint|p1a: Munkidori\n|\n|-damage|p2a: Ursaring|22/288 tox|[from] psn\n|upkeep\n|\n|t:|1733784380\n|switch|p1a: Squawkabilly|Squawkabilly-Blue, L85, M|278/278\n|turn|9\n|\n|t:|1733784384\n|move|p1a: Squawkabilly|Quick Attack|p2a: Ursaring\n|-damage|p2a: Ursaring|0 fnt\n|faint|p2a: Ursaring\n|\n|-status|p1a: Squawkabilly|brn|[from] item: Flame Orb\n|upkeep\n|\n|t:|1733784395\n|switch|p2a: Sylveon|Sylveon, L85, M|300/300\n|turn|10\n|\n|t:|1733784407\n|-terastallize|p1a: Squawkabilly|Normal\n|move|p1a: Squawkabilly|Facade|p2a: Sylveon\n|-damage|p2a: Sylveon|0 fnt\n|faint|p2a: Sylveon\n|\n|-damage|p1a: Squawkabilly|261/278 brn|[from] brn\n|upkeep\n|inactive|PowerOutage273 has 120 seconds left.\n|\n|t:|1733784440\n|switch|p2a: Gurdurr|Gurdurr, L85, F|283/283\n|turn|11\n|\n|t:|1733784454\n|move|p1a: Squawkabilly|Brave Bird|p2a: Gurdurr\n|-supereffective|p2a: Gurdurr\n|-damage|p2a: Gurdurr|0 fnt\n|faint|p2a: Gurdurr\n|-damage|p1a: Squawkabilly|168/278 brn|[from] Recoil\n|\n|-damage|p1a: Squawkabilly|151/278 brn|[from] brn\n|upkeep\n|inactive|PowerOutage273 has 120 seconds left.\n|inactive|PowerOutage273 has 90 seconds left.\n|\n|t:|1733784508\n|switch|p2a: Indeedee|Indeedee, L84, M|238/238\n|-fieldstart|move: Psychic Terrain|[from] ability: Psychic Surge|[of] p2a: Indeedee\n|turn|12\n|\n|t:|1733784512\n|move|p2a: Indeedee|Expanding Force|p1a: Squawkabilly\n|-damage|p1a: Squawkabilly|0 fnt\n|faint|p1a: Squawkabilly\n|\n|upkeep\n|\n|t:|1733784518\n|switch|p1a: Probopass|Probopass, L92, F|260/260\n|turn|13\n|\n|t:|1733784522\n|switch|p2a: Crabominable|Crabominable, L90, M|321/321\n|move|p1a: Probopass|Body Press|p2a: Crabominable\n|-supereffective|p2a: Crabominable\n|-damage|p2a: Crabominable|135/321\n|\n|upkeep\n|turn|14\n|\n|t:|1733784532\n|move|p2a: Crabominable|Drain Punch|p1a: Probopass\n|-supereffective|p1a: Probopass\n|-damage|p1a: Probopass|0 fnt\n|-heal|p2a: Crabominable|265/321|[from] drain|[of] p1a: Probopass\n|faint|p1a: Probopass\n|\n|upkeep\n|\n|t:|1733784534\n|switch|p1a: Diancie|Diancie, L82|216/216\n|turn|15\n|inactive|PowerOutage273 has 120 seconds left.\n|\n|t:|1733784551\n|move|p2a: Crabominable|Knock Off|p1a: Diancie\n|-resisted|p1a: Diancie\n|-damage|p1a: Diancie|181/216\n|-enditem|p1a: Diancie|Leftovers|[from] move: Knock Off|[of] p2a: Crabominable\n|move|p1a: Diancie|Diamond Storm|p2a: Crabominable\n|-damage|p2a: Crabominable|168/321\n|\n|upkeep\n|turn|16\n|\n|t:|1733784559\n|move|p1a: Diancie|Calm Mind|p1a: Diancie\n|-boost|p1a: Diancie|spa|1\n|-boost|p1a: Diancie|spd|1\n|move|p2a: Crabominable|Earthquake|p1a: Diancie\n|-supereffective|p1a: Diancie\n|-damage|p1a: Diancie|47/216\n|\n|-fieldend|move: Psychic Terrain\n|upkeep\n|turn|17\n|\n|t:|1733784562\n|move|p2a: Crabominable|Earthquake|p1a: Diancie\n|-supereffective|p1a: Diancie\n|-damage|p1a: Diancie|0 fnt\n|faint|p1a: Diancie\n|\n|win|PowerOutage273\n|raw|Rance227's rating: 1565 &rarr; <strong>1549</strong><br />(-16 for losing)\n|raw|PowerOutage273's rating: 1633 &rarr; <strong>1649</strong><br />(+16 for winning)\n|l|\u2606Rance227\n|player|p1|\n|c|\u2606PowerOutage273|gg\n", "inputlog": ">version bfd83cad13791eb5a5a409923076391caf6fb4d4\n>start {\"formatid\":\"gen9randombattle\",\"seed\":[33388,7301,5493,50677],\"rated\":\"Rated battle\"}\n>player p1 {\"name\":\"Rance227\",\"avatar\":\"170\",\"rating\":1584,\"seed\":[28504,344,6814,25827]}\n>player p2 {\"name\":\"PowerOutage273\",\"avatar\":\"volkner\",\"rating\":1633,\"seed\":[51199,43904,52216,18776]}\n>p1 move psychic\n>p2 move darkpulse\n>p1 move psychic\n>p2 move darkpulse\n>p2 switch 2\n>p1 move shadowball\n>p2 move expandingforce\n>p1 switch 4\n>p1 move shadowball\n>p2 switch 3\n>p1 move drainingkiss\n>p2 move swordsdance\n>p1 move drainingkiss\n>p2 move throatchop\n>p1 move drainingkiss\n>p2 move throatchop\n>p1 switch 2\n>p1 move focusblast\n>p2 move facade\n>p1 switch 6\n>p1 move quickattack\n>p2 move facade\n>p2 switch 5\n>p1 move facade terastallize\n>p2 move hypervoice\n>p2 switch 4\n>p1 move bravebird\n>p2 move drainpunch\n>p2 switch 3\n>p1 move facade\n>p2 move expandingforce\n>p1 switch 3\n>p1 move bodypress\n>p2 switch 6\n>p1 move bodypress\n>p2 move drainpunch\n>p1 switch 5\n>p1 move diamondstorm\n>p2 move knockoff\n>p1 move calmmind\n>p2 move earthquake\n>p1 move drainingkiss\n>p2 move earthquake", "uploadtime": 1733784567, "views": 1, "formatid": "gen9randombattle", "rating": 1549, "private": 0, "password": null}