{"id": "gen9randombattle-2259905919", "format": "[Gen 9] Random Battle", "players": ["tuns21", "gromit c"], "log": "|j|\u2606tuns21\n|j|\u2606gromit c\n|t:|1733778551\n|gametype|singles\n|player|p1|tuns21|265|1247\n|player|p2|gromit c|biker-gen4|1223\n|teamsize|p1|6\n|teamsize|p2|6\n|gen|9\n|tier|[Gen 9] Random Battle\n|rated|\n|rule|Species Clause: Limit one of each Pok\u00e9mon\n|rule|HP Percentage Mod: HP is shown in percentages\n|rule|Sleep Clause Mod: Limit one foe put to sleep\n|rule|Illusion Level Mod: Illusion disguises the Pok\u00e9mon's true level\n|\n|t:|1733778551\n|start\n|switch|p1a: Archaludon|Archaludon, L78, F|268/268\n|switch|p2a: Ho-Oh|Ho-Oh, L71|268/268\n|turn|1\n|\n|t:|1733778572\n|move|p1a: Archaludon|Thunderbolt|p2a: Ho-Oh\n|-supereffective|p2a: Ho-Oh\n|-damage|p2a: Ho-Oh|170/268\n|move|p2a: Ho-Oh|Sacred Fire|p1a: Archaludon\n|-damage|p1a: Archaludon|189/268\n|-status|p1a: Archaludon|brn\n|-ability|p1a: Archaludon|Stamina|boost\n|-boost|p1a: Archaludon|def|1\n|\n|-damage|p1a: Archaludon|173/268 brn|[from] brn\n|upkeep\n|turn|2\n|\n|t:|1733778582\n|move|p1a: Archaludon|Thunderbolt|p2a: Ho-Oh\n|-supereffective|p2a: Ho-Oh\n|-damage|p2a: Ho-Oh|72/268\n|move|p2a: Ho-Oh|Earthquake|p1a: Archaludon\n|-supereffective|p1a: Archaludon\n|-damage|p1a: Archaludon|105/268 brn\n|-ability|p1a: Archaludon|Stamina|boost\n|-boost|p1a: Archaludon|def|1\n|\n|-damage|p1a: Archaludon|89/268 brn|[from] brn\n|upkeep\n|turn|3\n|\n|t:|1733778591\n|switch|p2a: Vileplume|Vileplume, L85, F|266/266\n|move|p1a: Archaludon|Draco Meteor|p2a: Vileplume\n|-damage|p2a: Vileplume|115/266\n|-unboost|p1a: Archaludon|spa|2\n|\n|-heal|p2a: Vileplume|131/266|[from] item: Leftovers\n|-damage|p1a: Archaludon|73/268 brn|[from] brn\n|upkeep\n|turn|4\n|\n|t:|1733778604\n|switch|p1a: Emboar|Emboar, L84, F|322/322\n|move|p2a: Vileplume|Strength Sap|p1a: Emboar\n|-unboost|p1a: Emboar|atk|1\n|-heal|p2a: Vileplume|266/266\n|\n|upkeep\n|turn|5\n|\n|t:|1733778619\n|switch|p1a: Archaludon|Archaludon, L78, F|73/268 brn\n|move|p2a: Vileplume|Leech Seed|p1a: Archaludon|[miss]\n|-miss|p2a: Vileplume|p1a: Archaludon\n|\n|-damage|p1a: Archaludon|57/268 brn|[from] brn\n|upkeep\n|turn|6\n|\n|t:|1733778625\n|move|p1a: Archaludon|Draco Meteor|p2a: Vileplume|[miss]\n|-miss|p1a: Archaludon|p2a: Vileplume\n|move|p2a: Vileplume|Leech Seed|p1a: Archaludon\n|-start|p1a: Archaludon|move: Leech Seed\n|\n|-damage|p1a: Archaludon|24/268 brn|[from] Leech Seed|[of] p2a: Vileplume\n|-damage|p1a: Archaludon|8/268 brn|[from] brn\n|upkeep\n|turn|7\n|\n|t:|1733778636\n|move|p1a: Archaludon|Draco Meteor|p2a: Vileplume\n|-damage|p2a: Vileplume|124/266\n|-unboost|p1a: Archaludon|spa|2\n|move|p2a: Vileplume|Strength Sap|p1a: Archaludon\n|-unboost|p1a: Archaludon|atk|1\n|-heal|p2a: Vileplume|266/266\n|\n|-damage|p1a: Archaludon|0 fnt|[from] Leech Seed|[of] p2a: Vileplume\n|faint|p1a: Archaludon\n|upkeep\n|\n|t:|1733778641\n|switch|p1a: Emboar|Emboar, L84, F|322/322\n|turn|8\n|\n|t:|1733778660\n|switch|p2a: Tauros|Tauros-Paldea-Combat, L82, M|257/257\n|-ability|p2a: Tauros|Intimidate|boost\n|-unboost|p1a: Emboar|atk|1\n|move|p1a: Emboar|Flare Blitz|p2a: Tauros\n|-damage|p2a: Tauros|155/257\n|-damage|p1a: Emboar|288/322|[from] Recoil\n|\n|-heal|p1a: Emboar|308/322|[from] item: Leftovers\n|upkeep\n|turn|9\n|\n|t:|1733778671\n|switch|p1a: Amoonguss|Amoonguss, L82, M|321/321\n|move|p2a: Tauros|Earthquake|p1a: Amoonguss\n|-damage|p1a: Amoonguss|194/321\n|\n|-heal|p1a: Amoonguss|214/321|[from] item: Leftovers\n|upkeep\n|turn|10\n|\n|t:|1733778683\n|switch|p2a: Ho-Oh|Ho-Oh, L71|161/268\n|move|p1a: Amoonguss|Spore|p2a: Ho-Oh\n|-status|p2a: Ho-Oh|slp|[from] move: Spore\n|\n|-heal|p1a: Amoonguss|234/321|[from] item: Leftovers\n|upkeep\n|turn|11\n|\n|t:|1733778699\n|switch|p1a: Poliwrath|Poliwrath, L88, M|302/302\n|cant|p2a: Ho-Oh|slp\n|\n|upkeep\n|turn|12\n|\n|t:|1733778707\n|switch|p2a: Vileplume|Vileplume, L85, F|266/266\n|move|p1a: Poliwrath|Rain Dance|p1a: Poliwrath\n|-weather|RainDance\n|\n|-weather|RainDance|[upkeep]\n|upkeep\n|turn|13\n|\n|t:|1733778735\n|move|p1a: Poliwrath|Knock Off|p2a: Vileplume\n|-damage|p2a: Vileplume|166/266\n|-enditem|p2a: Vileplume|Leftovers|[from] move: Knock Off|[of] p1a: Poliwrath\n|-damage|p1a: Poliwrath|272/302|[from] item: Life Orb\n|move|p2a: Vileplume|Leech Seed|p1a: Poliwrath\n|-start|p1a: Poliwrath|move: Leech Seed\n|\n|-weather|RainDance|[upkeep]\n|-damage|p1a: Poliwrath|235/302|[from] Leech Seed|[of] p2a: Vileplume\n|-heal|p2a: Vileplume|203/266|[silent]\n|upkeep\n|turn|14\n|\n|t:|1733778744\n|switch|p1a: Inteleon|Inteleon, L81, M|246/246\n|move|p2a: Vileplume|Giga Drain|p1a: Inteleon\n|-supereffective|p1a: Inteleon\n|-damage|p1a: Inteleon|0 fnt\n|-heal|p2a: Vileplume|266/266|[from] drain|[of] p1a: Inteleon\n|faint|p1a: Inteleon\n|\n|-weather|RainDance|[upkeep]\n|upkeep\n|-message|tuns21 forfeited.\n|\n|win|gromit c\n|raw|tuns21's rating: 1247 &rarr; <strong>1220</strong><br />(-27 for losing)\n|raw|gromit c's rating: 1223 &rarr; <strong>1250</strong><br />(+27 for winning)\n|l|\u2606tuns21\n|player|p1|\n|c|\u2606gromit c|ez gg no re\n", "inputlog": ">version bfd83cad13791eb5a5a409923076391caf6fb4d4\n>start {\"formatid\":\"gen9randombattle\",\"seed\":[20409,36884,21109,61748],\"rated\":\"Rated battle\"}\n>player p1 {\"name\":\"tuns21\",\"avatar\":\"265\",\"rating\":1247,\"seed\":[18802,16643,40576,63416]}\n>player p2 {\"name\":\"gromit c\",\"avatar\":\"biker-gen4\",\"rating\":1223,\"seed\":[18985,60925,46015,15672]}\n>p1 move thunderbolt\n>p2 move sacredfire\n>p1 move thunderbolt\n>p2 move earthquake\n>p1 move dracometeor\n>p2 switch 4\n>p1 switch 4\n>p2 move strengthsap\n>p1 switch 4\n>p2 move leechseed\n>p1 move dracometeor\n>p2 move leechseed\n>p1 move dracometeor\n>p2 move strengthsap\n>p1 switch 4\n>p1 move flareblitz\n>p2 switch 6\n>p1 switch 6\n>p2 move earthquake\n>p1 move spore\n>p2 switch 4\n>p1 switch 2\n>p2 move sacredfire\n>p1 move raindance\n>p2 switch 6\n>p1 move knockoff\n>p2 move leechseed\n>p1 switch 5\n>p2 move gigadrain\n>forcelose p1", "uploadtime": 1733778796, "views": 4, "formatid": "gen9randombattle", "rating": 1220, "private": 0, "password": null}