{"id": "gen9randombattle-2260101537", "format": "[Gen 9] Random Battle", "players": ["JelPud", "Kvi25"], "log": "|j|\u2606JelPud\n|j|\u2606Kvi25\n|t:|1733802607\n|gametype|singles\n|player|p1|JelPud|101|1420\n|player|p2|Kvi25|adaman|1478\n|teamsize|p1|6\n|teamsize|p2|6\n|gen|9\n|tier|[Gen 9] Random Battle\n|rated|\n|rule|Species Clause: Limit one of each Pok\u00e9mon\n|rule|HP Percentage Mod: HP is shown in percentages\n|rule|Sleep Clause Mod: Limit one foe put to sleep\n|rule|Illusion Level Mod: Illusion disguises the Pok\u00e9mon's true level\n|\n|t:|1733802607\n|start\n|switch|p1a: Minior|Minior-Violet, L79|224/224\n|switch|p2a: Ampharos|Ampharos, L88, M|302/302\n|-formechange|p1a: Minior|Minior-Meteor||[from] ability: Shields Down\n|turn|1\n|inactive|Battle timer is ON: inactive players will automatically lose when time's up. (requested by Kvi25)\n|\n|t:|1733802624\n|switch|p2a: Avalugg|Avalugg, L88, M|310/310\n|move|p1a: Minior|Earthquake|p2a: Avalugg\n|-damage|p2a: Avalugg|285/310\n|\n|upkeep\n|turn|2\n|\n|t:|1733802635\n|switch|p1a: Volcarona|Volcarona, L77, F|257/257\n|move|p2a: Avalugg|Avalanche|p1a: Volcarona\n|-resisted|p1a: Volcarona\n|-crit|p1a: Volcarona\n|-damage|p1a: Volcarona|179/257\n|\n|upkeep\n|turn|3\n|\n|t:|1733802643\n|switch|p2a: Araquanid|Araquanid, L82, M|246/246\n|move|p1a: Volcarona|Quiver Dance|p1a: Volcarona\n|-boost|p1a: Volcarona|spa|1\n|-boost|p1a: Volcarona|spd|1\n|-boost|p1a: Volcarona|spe|1\n|\n|upkeep\n|turn|4\n|\n|t:|1733802652\n|move|p1a: Volcarona|Fiery Dance|p2a: Araquanid\n|-damage|p2a: Araquanid|197/246\n|move|p2a: Araquanid|Liquidation|p1a: Volcarona\n|-supereffective|p1a: Volcarona\n|-damage|p1a: Volcarona|0 fnt\n|faint|p1a: Volcarona\n|\n|upkeep\n|\n|t:|1733802669\n|switch|p1a: Haxorus|Haxorus, L77, M|244/244\n|-ability|p1a: Haxorus|Mold Breaker\n|turn|5\n|\n|t:|1733802675\n|move|p1a: Haxorus|Swords Dance|p1a: Haxorus\n|-boost|p1a: Haxorus|atk|2\n|move|p2a: Araquanid|Leech Life|p1a: Haxorus\n|-damage|p1a: Haxorus|172/244\n|-heal|p2a: Araquanid|233/246|[from] drain|[of] p1a: Haxorus\n|\n|upkeep\n|turn|6\n|\n|t:|1733802684\n|switch|p2a: Iron Valiant|Iron Valiant, L78|244/244\n|move|p1a: Haxorus|Scale Shot|p2a: Iron Valiant\n|-immune|p2a: Iron Valiant\n|\n|upkeep\n|turn|7\n|\n|t:|1733802697\n|-terastallize|p1a: Haxorus|Steel\n|move|p2a: Iron Valiant|Spirit Break|p1a: Haxorus\n|-resisted|p1a: Haxorus\n|-damage|p1a: Haxorus|112/244\n|-unboost|p1a: Haxorus|spa|1\n|-damage|p2a: Iron Valiant|220/244|[from] item: Life Orb\n|move|p1a: Haxorus|Iron Head|p2a: Iron Valiant\n|-supereffective|p2a: Iron Valiant\n|-damage|p2a: Iron Valiant|0 fnt\n|faint|p2a: Iron Valiant\n|-end|p2a: Iron Valiant|Quark Drive|[silent]\n|\n|upkeep\n|\n|t:|1733802703\n|switch|p2a: Avalugg|Avalugg, L88, M|285/310\n|turn|8\n|\n|t:|1733802718\n|-terastallize|p2a: Avalugg|Fighting\n|move|p1a: Haxorus|Close Combat|p2a: Avalugg\n|-damage|p2a: Avalugg|180/310\n|-unboost|p1a: Haxorus|def|1\n|-unboost|p1a: Haxorus|spd|1\n|move|p2a: Avalugg|Body Press|p1a: Haxorus\n|-supereffective|p1a: Haxorus\n|-damage|p1a: Haxorus|0 fnt\n|faint|p1a: Haxorus\n|\n|upkeep\n|\n|t:|1733802732\n|switch|p1a: Basculegion|Basculegion-F, L83, F|335/335\n|turn|9\n|\n|t:|1733802744\n|switch|p2a: Appletun|Appletun, L92, F|352/352\n|move|p1a: Basculegion|Ice Beam|p2a: Appletun\n|-supereffective|p2a: Appletun\n|-damage|p2a: Appletun|144/352\n|\n|-heal|p2a: Appletun|166/352|[from] item: Leftovers\n|upkeep\n|turn|10\n|\n|t:|1733802752\n|switch|p2a: Araquanid|Araquanid, L82, M|233/246\n|move|p1a: Basculegion|Ice Beam|p2a: Araquanid\n|-resisted|p2a: Araquanid\n|-damage|p2a: Araquanid|197/246\n|\n|upkeep\n|turn|11\n|\n|t:|1733802761\n|switch|p1a: Minior|Minior-Violet, L79|224/224\n|-formechange|p1a: Minior|Minior-Meteor||[from] ability: Shields Down\n|move|p2a: Araquanid|Sticky Web|p1a: Minior\n|-sidestart|p1: JelPud|move: Sticky Web\n|\n|upkeep\n|turn|12\n|\n|t:|1733802767\n|move|p1a: Minior|Shell Smash|p1a: Minior\n|-unboost|p1a: Minior|def|1\n|-unboost|p1a: Minior|spd|1\n|-boost|p1a: Minior|atk|2\n|-boost|p1a: Minior|spa|2\n|-boost|p1a: Minior|spe|2\n|-enditem|p1a: Minior|White Herb\n|-clearnegativeboost|p1a: Minior|[silent]\n|move|p2a: Araquanid|Liquidation|p1a: Minior\n|-supereffective|p1a: Minior\n|-damage|p1a: Minior|0 fnt\n|faint|p1a: Minior\n|\n|upkeep\n|\n|t:|1733802780\n|switch|p1a: Basculegion|Basculegion-F, L83, F|335/335\n|-activate|p1a: Basculegion|move: Sticky Web\n|-unboost|p1a: Basculegion|spe|1\n|turn|13\n|\n|t:|1733802787\n|move|p1a: Basculegion|Shadow Ball|p2a: Araquanid\n|-damage|p2a: Araquanid|69/246\n|move|p2a: Araquanid|Leech Life|p1a: Basculegion\n|-resisted|p1a: Basculegion\n|-damage|p1a: Basculegion|298/335\n|-heal|p2a: Araquanid|88/246|[from] drain|[of] p1a: Basculegion\n|\n|upkeep\n|turn|14\n|\n|t:|1733802796\n|move|p1a: Basculegion|Shadow Ball|p2a: Araquanid\n|-damage|p2a: Araquanid|0 fnt\n|faint|p2a: Araquanid\n|\n|upkeep\n|\n|t:|1733802798\n|switch|p2a: Ampharos|Ampharos, L88, M|302/302\n|turn|15\n|\n|t:|1733802812\n|switch|p1a: Dragapult|Dragapult, L77, F|262/262\n|-activate|p1a: Dragapult|move: Sticky Web\n|-unboost|p1a: Dragapult|spe|1\n|move|p2a: Ampharos|Thunderbolt|p1a: Dragapult\n|-resisted|p1a: Dragapult\n|-damage|p1a: Dragapult|187/262\n|\n|upkeep\n|turn|16\n|\n|t:|1733802821\n|move|p1a: Dragapult|Draco Meteor|p2a: Ampharos|[miss]\n|-miss|p1a: Dragapult|p2a: Ampharos\n|move|p2a: Ampharos|Dazzling Gleam|p1a: Dragapult\n|-supereffective|p1a: Dragapult\n|-damage|p1a: Dragapult|7/262\n|\n|upkeep\n|turn|17\n|\n|t:|1733802827\n|move|p1a: Dragapult|Draco Meteor|p2a: Ampharos|[miss]\n|-miss|p1a: Dragapult|p2a: Ampharos\n|move|p2a: Ampharos|Thunderbolt|p1a: Dragapult\n|-resisted|p1a: Dragapult\n|-damage|p1a: Dragapult|0 fnt\n|faint|p1a: Dragapult\n|\n|upkeep\n|c|\u2606JelPud|no way\n|\n|t:|1733802834\n|switch|p1a: Infernape|Infernape, L82, F|259/259\n|-activate|p1a: Infernape|move: Sticky Web\n|-unboost|p1a: Infernape|spe|1\n|turn|18\n|\n|t:|1733802840\n|switch|p2a: Appletun|Appletun, L92, F|166/352\n|move|p1a: Infernape|Swords Dance|p1a: Infernape\n|-boost|p1a: Infernape|atk|2\n|\n|-heal|p2a: Appletun|188/352|[from] item: Leftovers\n|upkeep\n|turn|19\n|\n|t:|1733802848\n|move|p1a: Infernape|Flare Blitz|p2a: Appletun\n|-damage|p2a: Appletun|32/352\n|-damage|p1a: Infernape|208/259|[from] Recoil\n|-damage|p1a: Infernape|183/259|[from] item: Life Orb\n|move|p2a: Appletun|Apple Acid|p1a: Infernape\n|-resisted|p1a: Infernape\n|-damage|p1a: Infernape|118/259\n|-unboost|p1a: Infernape|spd|1\n|\n|-heal|p2a: Appletun|54/352|[from] item: Leftovers\n|upkeep\n|turn|20\n|\n|t:|1733802859\n|move|p1a: Infernape|Flare Blitz|p2a: Appletun\n|-damage|p2a: Appletun|0 fnt\n|faint|p2a: Appletun\n|-damage|p1a: Infernape|100/259|[from] Recoil\n|-damage|p1a: Infernape|75/259|[from] item: Life Orb\n|\n|upkeep\n|\n|t:|1733802861\n|switch|p2a: Gouging Fire|Gouging Fire, L74|277/277\n|turn|21\n|\n|t:|1733802868\n|move|p2a: Gouging Fire|Outrage|p1a: Infernape\n|-damage|p1a: Infernape|0 fnt\n|faint|p1a: Infernape\n|\n|upkeep\n|\n|t:|1733802872\n|switch|p1a: Basculegion|Basculegion-F, L83, F|298/335\n|-activate|p1a: Basculegion|move: Sticky Web\n|-unboost|p1a: Basculegion|spe|1\n|turn|22\n|c|\u2606Kvi25|RIP fuckin nerd\n|\n|t:|1733802883\n|move|p2a: Gouging Fire|Outrage|p1a: Basculegion|[from]lockedmove\n|-damage|p1a: Basculegion|163/335\n|move|p1a: Basculegion|Hydro Pump|p2a: Gouging Fire\n|-damage|p2a: Gouging Fire|37/277\n|\n|upkeep\n|turn|23\n|-message|JelPud forfeited.\n|\n|win|Kvi25\n|raw|JelPud's rating: 1420 &rarr; <strong>1403</strong><br />(-17 for losing)\n|raw|Kvi25's rating: 1478 &rarr; <strong>1495</strong><br />(+17 for winning)\n|l|\u2606JelPud\n|player|p1|\n", "inputlog": ">version bfd83cad13791eb5a5a409923076391caf6fb4d4\n>start {\"formatid\":\"gen9randombattle\",\"seed\":[16946,48692,36143,11442],\"rated\":\"Rated battle\"}\n>player p1 {\"name\":\"JelPud\",\"avatar\":\"101\",\"rating\":1420,\"seed\":[39554,28792,44446,28247]}\n>player p2 {\"name\":\"Kvi25\",\"avatar\":\"adaman\",\"rating\":1478,\"seed\":[21618,46747,14275,16571]}\n>p1 move earthquake\n>p2 switch 6\n>p1 switch 2\n>p2 move avalanche\n>p1 move quiverdance\n>p2 switch 3\n>p1 move fierydance\n>p2 move liquidation\n>p1 switch 4\n>p1 move swordsdance\n>p2 move leechlife\n>p1 move scaleshot\n>p2 switch 5\n>p1 move ironhead terastallize\n>p2 move spiritbreak\n>p2 switch 3\n>p1 move closecombat\n>p2 move bodypress terastallize\n>p1 switch 5\n>p1 move icebeam\n>p2 switch 2\n>p1 move icebeam\n>p2 switch 5\n>p1 switch 2\n>p2 move stickyweb\n>p1 move shellsmash\n>p2 move liquidation\n>p1 switch 2\n>p1 move shadowball\n>p2 move leechlife\n>p1 move shadowball\n>p2 move liquidation\n>p2 switch 6\n>p1 switch 3\n>p2 move thunderbolt\n>p1 move dracometeor\n>p2 move dazzlinggleam\n>p1 move dracometeor\n>p2 move thunderbolt\n>chat \u2606JelPud|no way\n>p1 switch 6\n>p1 move swordsdance\n>p2 switch 5\n>p1 move flareblitz\n>p2 move appleacid\n>p1 move flareblitz\n>p2 move appleacid\n>p2 switch 4\n>p1 move closecombat\n>p2 move outrage\n>p1 switch 3\n>chat \u2606Kvi25|RIP fuckin nerd \n>p1 move hydropump\n>p2 move outrage\n>forcelose p1", "uploadtime": 1733802880, "views": 17, "formatid": "gen9randombattle", "rating": 1403, "private": 0, "password": null}