{"id": "gen9randombattle-2185183148", "format": "[Gen 9] Random Battle", "players": ["Marcdoof", "TeAmoBadBunny"], "log": "|j|\u2606Marcdoof\n|j|\u2606TeAmoBadBunny\n|t:|1724301289\n|gametype|singles\n|player|p1|Marcdoof|janitor|2233\n|player|p2|TeAmoBadBunny|2|2304\n|teamsize|p1|6\n|teamsize|p2|6\n|gen|9\n|tier|[Gen 9] Random Battle\n|rated|\n|rule|Species Clause: Limit one of each Pok\u00e9mon\n|rule|HP Percentage Mod: HP is shown in percentages\n|rule|Sleep Clause Mod: Limit one foe put to sleep\n|rule|Illusion Level Mod: Illusion disguises the Pok\u00e9mon's true level\n|\n|t:|1724301289\n|start\n|switch|p1a: Toxapex|Toxapex, L82, F|216/216\n|switch|p2a: Regice|Regice, L88|284/284\n|turn|1\n|j| daddyntheboy\n|\n|t:|1724301298\n|move|p2a: Regice|Thunder Wave|p1a: Toxapex\n|-status|p1a: Toxapex|par\n|cant|p1a: Toxapex|par\n|\n|upkeep\n|turn|2\n|\n|t:|1724301306\n|switch|p2a: Toxicroak|Toxicroak, L84, M|277/277\n|cant|p1a: Toxapex|par\n|\n|upkeep\n|turn|3\n|inactive|Battle timer is ON: inactive players will automatically lose when time's up. (requested by TeAmoBadBunny)\n|\n|t:|1724301376\n|move|p2a: Toxicroak|Swords Dance|p2a: Toxicroak\n|-boost|p2a: Toxicroak|atk|2\n|move|p1a: Toxapex|Liquidation|p2a: Toxicroak\n|-immune|p2a: Toxicroak|[from] ability: Dry Skin\n|\n|upkeep\n|turn|4\n|\n|t:|1724301382\n|switch|p1a: Lumineon|Lumineon, L93, M|279/279\n|move|p2a: Toxicroak|Knock Off|p1a: Lumineon\n|-damage|p1a: Lumineon|81/279\n|-enditem|p1a: Lumineon|Choice Specs|[from] move: Knock Off|[of] p2a: Toxicroak\n|-damage|p2a: Toxicroak|250/277|[from] item: Life Orb\n|\n|upkeep\n|turn|5\n|l| daddyntheboy\n|\n|t:|1724301392\n|move|p1a: Lumineon|Alluring Voice|p2a: Toxicroak\n|-damage|p2a: Toxicroak|184/277\n|move|p2a: Toxicroak|Knock Off|p1a: Lumineon\n|-damage|p1a: Lumineon|0 fnt\n|faint|p1a: Lumineon\n|-damage|p2a: Toxicroak|157/277|[from] item: Life Orb\n|\n|upkeep\n|\n|t:|1724301400\n|switch|p1a: Miraidon|Miraidon, L65|238/238\n|-fieldstart|move: Electric Terrain|[from] ability: Hadron Engine|[of] p1a: Miraidon\n|turn|6\n|inactive|TeAmoBadBunny has 120 seconds left.\n|inactive|TeAmoBadBunny has 90 seconds left.\n|inactive|TeAmoBadBunny has 60 seconds left.\n|\n|t:|1724301494\n|move|p1a: Miraidon|Electro Drift|p2a: Toxicroak\n|-damage|p2a: Toxicroak|0 fnt\n|faint|p2a: Toxicroak\n|\n|upkeep\n|\n|t:|1724301496\n|switch|p2a: Mudsdale|Mudsdale, L84, F|305/305\n|turn|7\n|inactive|Marcdoof has 120 seconds left.\n|\n|t:|1724301532\n|switch|p1a: Gumshoos|Gumshoos, L95, F|321/321\n|move|p2a: Mudsdale|Stealth Rock|p1a: Gumshoos\n|-sidestart|p1: Marcdoof|move: Stealth Rock\n|\n|upkeep\n|turn|8\n|\n|t:|1724301550\n|move|p1a: Gumshoos|Double-Edge|p2a: Mudsdale\n|-damage|p2a: Mudsdale|76/305\n|-ability|p2a: Mudsdale|Stamina|boost\n|-boost|p2a: Mudsdale|def|1\n|-damage|p1a: Gumshoos|245/321|[from] Recoil\n|move|p2a: Mudsdale|Body Press|p1a: Gumshoos\n|-supereffective|p1a: Gumshoos\n|-damage|p1a: Gumshoos|43/321\n|\n|-heal|p2a: Mudsdale|95/305|[from] item: Leftovers\n|upkeep\n|turn|9\n|\n|t:|1724301568\n|move|p1a: Gumshoos|Double-Edge|p2a: Mudsdale\n|-damage|p2a: Mudsdale|0 fnt\n|faint|p2a: Mudsdale\n|-damage|p1a: Gumshoos|12/321|[from] Recoil\n|\n|upkeep\n|inactive|TeAmoBadBunny has 60 seconds left.\n|\n|t:|1724301586\n|switch|p2a: Regice|Regice, L88|284/284\n|turn|10\n|inactive|TeAmoBadBunny has 60 seconds left.\n|\n|t:|1724301592\n|move|p1a: Gumshoos|Double-Edge|p2a: Regice\n|-damage|p2a: Regice|34/284\n|-damage|p1a: Gumshoos|0 fnt|[from] Recoil\n|faint|p1a: Gumshoos\n|move|p2a: Regice|Ice Beam|p1: Gumshoos|[notarget]\n|-fail|p2a: Regice\n|\n|-fieldend|move: Electric Terrain\n|upkeep\n|\n|t:|1724301604\n|switch|p1a: Miraidon|Miraidon, L65|238/238\n|-damage|p1a: Miraidon|209/238|[from] Stealth Rock\n|-fieldstart|move: Electric Terrain|[from] ability: Hadron Engine|[of] p1a: Miraidon\n|turn|11\n|\n|t:|1724301608\n|switch|p2a: Toedscruel|Toedscruel, L87, M|281/281\n|move|p1a: Miraidon|Electro Drift|p2a: Toedscruel\n|-immune|p2a: Toedscruel\n|\n|-heal|p1a: Miraidon|223/238|[from] item: Leftovers\n|upkeep\n|turn|12\n|\n|t:|1724301615\n|switch|p1a: Amoonguss|Amoonguss, L82, M|321/321\n|-damage|p1a: Amoonguss|281/321|[from] Stealth Rock\n|move|p2a: Toedscruel|Earth Power|p1a: Amoonguss\n|-damage|p1a: Amoonguss|176/321\n|\n|-heal|p1a: Amoonguss|196/321|[from] item: Leftovers\n|upkeep\n|turn|13\n|\n|t:|1724301625\n|move|p2a: Toedscruel|Earth Power|p1a: Amoonguss\n|-damage|p1a: Amoonguss|102/321\n|move|p1a: Amoonguss|Giga Drain|p2a: Toedscruel\n|-damage|p2a: Toedscruel|233/281\n|-heal|p1a: Amoonguss|126/321|[from] drain|[of] p2a: Toedscruel\n|\n|-heal|p2a: Toedscruel|250/281|[from] item: Leftovers\n|-heal|p1a: Amoonguss|146/321|[from] item: Leftovers\n|upkeep\n|turn|14\n|\n|t:|1724301643\n|move|p2a: Toedscruel|Earth Power|p1a: Amoonguss\n|-crit|p1a: Amoonguss\n|-damage|p1a: Amoonguss|0 fnt\n|faint|p1a: Amoonguss\n|\n|-heal|p2a: Toedscruel|267/281|[from] item: Leftovers\n|upkeep\n|inactive|Marcdoof has 120 seconds left.\n|\n|t:|1724301668\n|switch|p1a: Garganacl|Garganacl, L80, F|291/291\n|-damage|p1a: Garganacl|255/291|[from] Stealth Rock\n|turn|15\n|inactive|Marcdoof has 120 seconds left.\n|\n|t:|1724301688\n|-terastallize|p1a: Garganacl|Ghost\n|move|p2a: Toedscruel|Earth Power|p1a: Garganacl\n|-damage|p1a: Garganacl|164/291\n|move|p1a: Garganacl|Iron Defense|p1a: Garganacl\n|-boost|p1a: Garganacl|def|2\n|\n|-heal|p2a: Toedscruel|281/281|[from] item: Leftovers\n|-heal|p1a: Garganacl|182/291|[from] item: Leftovers\n|-fieldend|move: Electric Terrain\n|upkeep\n|turn|16\n|inactive|Marcdoof has 120 seconds left.\n|inactive|TeAmoBadBunny has 90 seconds left.\n|\n|t:|1724301724\n|move|p2a: Toedscruel|Earth Power|p1a: Garganacl\n|-damage|p1a: Garganacl|98/291\n|move|p1a: Garganacl|Recover|p1a: Garganacl\n|-heal|p1a: Garganacl|244/291\n|\n|-heal|p1a: Garganacl|262/291|[from] item: Leftovers\n|upkeep\n|turn|17\n|\n|t:|1724301736\n|move|p2a: Toedscruel|Earth Power|p1a: Garganacl\n|-damage|p1a: Garganacl|169/291\n|move|p1a: Garganacl|Salt Cure|p2a: Toedscruel\n|-resisted|p2a: Toedscruel\n|-crit|p2a: Toedscruel\n|-damage|p2a: Toedscruel|243/281\n|-start|p2a: Toedscruel|Salt Cure\n|\n|-heal|p2a: Toedscruel|260/281|[from] item: Leftovers\n|-heal|p1a: Garganacl|187/291|[from] item: Leftovers\n|-damage|p2a: Toedscruel|225/281|[from] Salt Cure\n|upkeep\n|turn|18\n|\n|t:|1724301745\n|switch|p2a: Regice|Regice, L88|34/284\n|move|p1a: Garganacl|Recover|p1a: Garganacl\n|-heal|p1a: Garganacl|291/291\n|\n|upkeep\n|turn|19\n|\n|t:|1724301752\n|move|p2a: Regice|Ice Beam|p1a: Garganacl\n|-damage|p1a: Garganacl|170/291\n|move|p1a: Garganacl|Salt Cure|p2a: Regice\n|-supereffective|p2a: Regice\n|-damage|p2a: Regice|0 fnt\n|faint|p2a: Regice\n|\n|-heal|p1a: Garganacl|188/291|[from] item: Leftovers\n|upkeep\n|\n|t:|1724301758\n|switch|p2a: Volcarona|Volcarona, L77, F|257/257\n|turn|20\n|inactive|TeAmoBadBunny has 90 seconds left.\n|\n|t:|1724301783\n|move|p2a: Volcarona|Fire Blast|p1a: Garganacl\n|-damage|p1a: Garganacl|62/291\n|move|p1a: Garganacl|Salt Cure|p2a: Volcarona\n|-supereffective|p2a: Volcarona\n|-damage|p2a: Volcarona|53/257\n|-start|p2a: Volcarona|Salt Cure\n|\n|-heal|p1a: Garganacl|80/291|[from] item: Leftovers\n|-damage|p2a: Volcarona|21/257|[from] Salt Cure\n|upkeep\n|turn|21\n|\n|t:|1724301794\n|switch|p1a: Toxapex|Toxapex, L82, F|216/216 par\n|-damage|p1a: Toxapex|189/216 par|[from] Stealth Rock\n|move|p2a: Volcarona|Fire Blast|p1a: Toxapex|[miss]\n|-miss|p2a: Volcarona|p1a: Toxapex\n|\n|-heal|p1a: Toxapex|202/216 par|[from] item: Leftovers\n|-damage|p2a: Volcarona|0 fnt|[from] Salt Cure\n|faint|p2a: Volcarona\n|upkeep\n|\n|t:|1724301802\n|switch|p2a: Toedscruel|Toedscruel, L87, M|225/281\n|turn|22\n|\n|t:|1724301806\n|move|p2a: Toedscruel|Earth Power|p1a: Toxapex\n|-supereffective|p1a: Toxapex\n|-damage|p1a: Toxapex|68/216 par\n|cant|p1a: Toxapex|par\n|\n|-heal|p2a: Toedscruel|242/281|[from] item: Leftovers\n|-heal|p1a: Toxapex|81/216 par|[from] item: Leftovers\n|upkeep\n|turn|23\n|\n|t:|1724301815\n|switch|p1a: Garganacl|Garganacl, L80, F, tera:Ghost|80/291\n|-damage|p1a: Garganacl|44/291|[from] Stealth Rock\n|move|p2a: Toedscruel|Earth Power|p1a: Garganacl\n|-damage|p1a: Garganacl|0 fnt\n|faint|p1a: Garganacl\n|\n|-heal|p2a: Toedscruel|259/281|[from] item: Leftovers\n|upkeep\n|\n|t:|1724301819\n|switch|p1a: Toxapex|Toxapex, L82, F|153/216 par\n|-damage|p1a: Toxapex|126/216 par|[from] Stealth Rock\n|turn|24\n|\n|t:|1724301821\n|move|p2a: Toedscruel|Earth Power|p1a: Toxapex\n|-supereffective|p1a: Toxapex\n|-damage|p1a: Toxapex|0 fnt\n|faint|p1a: Toxapex\n|\n|-heal|p2a: Toedscruel|276/281|[from] item: Leftovers\n|upkeep\n|\n|t:|1724301824\n|switch|p1a: Miraidon|Miraidon, L65|223/238\n|-damage|p1a: Miraidon|194/238|[from] Stealth Rock\n|-fieldstart|move: Electric Terrain|[from] ability: Hadron Engine|[of] p1a: Miraidon\n|turn|25\n|-message|Marcdoof forfeited.\n|\n|win|TeAmoBadBunny\n|raw|Marcdoof's rating: 2233 &rarr; <strong>2217</strong><br />(-16 for losing)\n|raw|TeAmoBadBunny's rating: 2304 &rarr; <strong>2320</strong><br />(+16 for winning)\n|l|\u2606Marcdoof\n|player|p1|\n|l|\u2606TeAmoBadBunny\n|player|p2|\n", "inputlog": ">version 6a1360c35b8aa5f7d54e32a492626d5298caa6f7\n>start {\"formatid\":\"gen9randombattle\",\"seed\":[3404,40614,11258,17560],\"rated\":\"Rated battle\"}\n>player p1 {\"name\":\"Marcdoof\",\"avatar\":\"janitor\",\"rating\":2233,\"seed\":[28819,64918,29905,58287]}\n>player p2 {\"name\":\"TeAmoBadBunny\",\"avatar\":\"2\",\"rating\":2304,\"seed\":[11199,48127,11398,32223]}\n>p1 move toxic\n>p2 move thunderwave\n>p1 move toxic\n>p2 switch 3\n>p1 move liquidation\n>p2 move swordsdance\n>p1 switch 4\n>p2 move knockoff\n>p1 move alluringvoice\n>p2 move knockoff\n>p1 switch 5\n>p1 move electrodrift\n>p2 move knockoff\n>p2 switch 2\n>p1 switch 2\n>p2 move stealthrock\n>p1 move doubleedge\n>p2 move bodypress\n>p1 move doubleedge\n>p2 move bodypress\n>p2 switch 3\n>p1 move doubleedge\n>p2 move icebeam\n>p1 switch 2\n>p1 move electrodrift\n>p2 switch 5\n>p1 switch 3\n>p2 move earthpower\n>p1 move gigadrain\n>p2 move earthpower\n>p1 move sludgebomb\n>p2 move earthpower\n>p1 switch 6\n>p1 move irondefense terastallize\n>p2 move earthpower\n>p1 move recover\n>p2 move earthpower\n>p1 move saltcure\n>p2 move earthpower\n>p1 move recover\n>p2 switch 5\n>p1 move saltcure\n>p2 move icebeam\n>p2 switch 6\n>p1 move saltcure\n>p2 move fireblast\n>p1 switch 4\n>p2 move fireblast\n>p2 switch 5\n>p1 move toxic\n>p2 move earthpower\n>p1 switch 4\n>p2 move earthpower\n>p1 switch 4\n>p1 move toxic\n>p2 move earthpower\n>p1 switch 3\n>forcelose p1", "uploadtime": 1724301943, "views": 115, "formatid": "gen9randombattle", "rating": 2217, "private": 0, "password": null}