{"id": "gen9randombattle-2260890463", "format": "[Gen 9] Random Battle", "players": ["lingooooo", "Terraria Fan.exe"], "log": "|j|\u2606lingooooo\n|j|\u2606Terraria Fan.exe\n|t:|1733911701\n|gametype|singles\n|player|p1|lingooooo|265|1045\n|player|p2|Terraria Fan.exe|1|1089\n|teamsize|p1|6\n|teamsize|p2|6\n|gen|9\n|tier|[Gen 9] Random Battle\n|rated|\n|rule|Species Clause: Limit one of each Pok\u00e9mon\n|rule|HP Percentage Mod: HP is shown in percentages\n|rule|Sleep Clause Mod: Limit one foe put to sleep\n|rule|Illusion Level Mod: Illusion disguises the Pok\u00e9mon's true level\n|\n|t:|1733911701\n|start\n|switch|p1a: Hippowdon|Hippowdon, L82, M|311/311\n|switch|p2a: Noctowl|Noctowl, L95, M|344/344\n|-weather|Sandstorm|[from] ability: Sand Stream|[of] p1a: Hippowdon\n|turn|1\n|\n|t:|1733911730\n|move|p2a: Noctowl|Hyper Voice|p1a: Hippowdon\n|-damage|p1a: Hippowdon|175/311\n|move|p1a: Hippowdon|Stealth Rock|p2a: Noctowl\n|-sidestart|p2: Terraria Fan.exe|move: Stealth Rock\n|\n|-weather|Sandstorm|[upkeep]\n|-damage|p2a: Noctowl|323/344|[from] Sandstorm\n|upkeep\n|turn|2\n|\n|t:|1733911739\n|move|p2a: Noctowl|Hyper Voice|p1a: Hippowdon\n|-damage|p1a: Hippowdon|42/311\n|move|p1a: Hippowdon|Stone Edge|p2a: Noctowl\n|-supereffective|p2a: Noctowl\n|-crit|p2a: Noctowl\n|-damage|p2a: Noctowl|17/344\n|\n|-weather|Sandstorm|[upkeep]\n|-damage|p2a: Noctowl|0 fnt|[from] Sandstorm\n|faint|p2a: Noctowl\n|upkeep\n|\n|t:|1733911750\n|switch|p2a: Giratina|Giratina-Origin, L72|335/335\n|-damage|p2a: Giratina|294/335|[from] Stealth Rock\n|turn|3\n|\n|t:|1733911780\n|move|p2a: Giratina|Shadow Sneak|p1a: Hippowdon\n|-damage|p1a: Hippowdon|6/311\n|-damage|p2a: Giratina|239/335|[from] item: Rocky Helmet|[of] p1a: Hippowdon\n|move|p1a: Hippowdon|Slack Off|p1a: Hippowdon\n|-heal|p1a: Hippowdon|162/311\n|\n|-weather|Sandstorm|[upkeep]\n|-damage|p2a: Giratina|219/335|[from] Sandstorm\n|upkeep\n|turn|4\n|\n|t:|1733911795\n|move|p2a: Giratina|Defog|p1a: Hippowdon\n|-unboost|p1a: Hippowdon|evasion|1\n|-sideend|p2: Terraria Fan.exe|Stealth Rock|[from] move: Defog|[of] p2a: Giratina\n|move|p1a: Hippowdon|Slack Off|p1a: Hippowdon\n|-heal|p1a: Hippowdon|311/311\n|\n|-weather|Sandstorm|[upkeep]\n|-damage|p2a: Giratina|199/335|[from] Sandstorm\n|upkeep\n|turn|5\n|\n|t:|1733911809\n|move|p2a: Giratina|Poltergeist|p1a: Hippowdon\n|-activate|p1a: Hippowdon|move: Poltergeist|Rocky Helmet\n|-damage|p1a: Hippowdon|205/311\n|move|p1a: Hippowdon|Stealth Rock|p2a: Giratina\n|-sidestart|p2: Terraria Fan.exe|move: Stealth Rock\n|\n|-weather|none\n|upkeep\n|turn|6\n|\n|t:|1733911820\n|move|p2a: Giratina|Defog|p1a: Hippowdon\n|-unboost|p1a: Hippowdon|evasion|1\n|-sideend|p2: Terraria Fan.exe|Stealth Rock|[from] move: Defog|[of] p2a: Giratina\n|move|p1a: Hippowdon|Stone Edge|p2a: Giratina\n|-damage|p2a: Giratina|118/335\n|\n|upkeep\n|turn|7\n|\n|t:|1733911828\n|move|p2a: Giratina|Draco Meteor|p1a: Hippowdon\n|-damage|p1a: Hippowdon|28/311\n|-unboost|p2a: Giratina|spa|2\n|move|p1a: Hippowdon|Slack Off|p1a: Hippowdon\n|-heal|p1a: Hippowdon|184/311\n|\n|upkeep\n|turn|8\n|\n|t:|1733911836\n|move|p2a: Giratina|Poltergeist|p1a: Hippowdon\n|-activate|p1a: Hippowdon|move: Poltergeist|Rocky Helmet\n|-damage|p1a: Hippowdon|87/311\n|move|p1a: Hippowdon|Slack Off|p1a: Hippowdon\n|-heal|p1a: Hippowdon|243/311\n|\n|upkeep\n|turn|9\n|\n|t:|1733911848\n|move|p2a: Giratina|Poltergeist|p1a: Hippowdon\n|-activate|p1a: Hippowdon|move: Poltergeist|Rocky Helmet\n|-damage|p1a: Hippowdon|140/311\n|move|p1a: Hippowdon|Stealth Rock|p2a: Giratina\n|-sidestart|p2: Terraria Fan.exe|move: Stealth Rock\n|\n|upkeep\n|turn|10\n|\n|t:|1733911854\n|move|p2a: Giratina|Poltergeist|p1a: Hippowdon\n|-activate|p1a: Hippowdon|move: Poltergeist|Rocky Helmet\n|-damage|p1a: Hippowdon|46/311\n|move|p1a: Hippowdon|Slack Off|p1a: Hippowdon\n|-heal|p1a: Hippowdon|202/311\n|\n|upkeep\n|turn|11\n|\n|t:|1733911862\n|move|p2a: Giratina|Poltergeist|p1a: Hippowdon\n|-activate|p1a: Hippowdon|move: Poltergeist|Rocky Helmet\n|-damage|p1a: Hippowdon|111/311\n|move|p1a: Hippowdon|Slack Off|p1a: Hippowdon\n|-heal|p1a: Hippowdon|267/311\n|\n|upkeep\n|turn|12\n|\n|t:|1733911879\n|move|p2a: Giratina|Poltergeist|p1a: Hippowdon\n|-activate|p1a: Hippowdon|move: Poltergeist|Rocky Helmet\n|-damage|p1a: Hippowdon|168/311\n|move|p1a: Hippowdon|Stone Edge|p2a: Giratina\n|-damage|p2a: Giratina|32/335\n|\n|upkeep\n|turn|13\n|\n|t:|1733911898\n|move|p2a: Giratina|Draco Meteor|p1a: Hippowdon\n|-damage|p1a: Hippowdon|80/311\n|-unboost|p2a: Giratina|spa|2\n|move|p1a: Hippowdon|Slack Off|p1a: Hippowdon\n|-heal|p1a: Hippowdon|236/311\n|\n|upkeep\n|turn|14\n|\n|t:|1733911908\n|move|p2a: Giratina|Defog|p1a: Hippowdon\n|-unboost|p1a: Hippowdon|evasion|1\n|-sideend|p2: Terraria Fan.exe|Stealth Rock|[from] move: Defog|[of] p2a: Giratina\n|move|p1a: Hippowdon|Slack Off|p1a: Hippowdon\n|-heal|p1a: Hippowdon|311/311\n|\n|upkeep\n|turn|15\n|\n|t:|1733911915\n|move|p2a: Giratina|Shadow Sneak|p1a: Hippowdon\n|-damage|p1a: Hippowdon|272/311\n|-damage|p2a: Giratina|0 fnt|[from] item: Rocky Helmet|[of] p1a: Hippowdon\n|faint|p2a: Giratina\n|move|p1a: Hippowdon|Stealth Rock|p2: Giratina\n|-sidestart|p2: Terraria Fan.exe|move: Stealth Rock\n|\n|upkeep\n|\n|t:|1733911921\n|switch|p2a: Ditto|Ditto, L87|225/225\n|-damage|p2a: Ditto|197/225|[from] Stealth Rock\n|-transform|p2a: Ditto|p1a: Hippowdon|[from] ability: Imposter\n|-weather|Sandstorm|[from] ability: Sand Stream|[of] p2a: Ditto\n|turn|16\n|\n|t:|1733911940\n|move|p2a: Ditto|Earthquake|p1a: Hippowdon\n|-damage|p1a: Hippowdon|169/311\n|move|p1a: Hippowdon|Earthquake|p2a: Ditto\n|-damage|p2a: Ditto|106/225\n|\n|-weather|Sandstorm|[upkeep]\n|upkeep\n|turn|17\n|\n|t:|1733911948\n|move|p2a: Ditto|Earthquake|p1a: Hippowdon\n|-damage|p1a: Hippowdon|79/311\n|move|p1a: Hippowdon|Earthquake|p2a: Ditto\n|-damage|p2a: Ditto|13/225\n|\n|-weather|Sandstorm|[upkeep]\n|upkeep\n|turn|18\n|\n|t:|1733911961\n|move|p2a: Ditto|Earthquake|p1a: Hippowdon\n|-damage|p1a: Hippowdon|0 fnt\n|faint|p1a: Hippowdon\n|\n|-weather|Sandstorm|[upkeep]\n|upkeep\n|\n|t:|1733911989\n|switch|p1a: Delphox|Delphox, L84, F|263/263\n|turn|19\n|\n|t:|1733911993\n|move|p1a: Delphox|Psyshock|p2a: Ditto\n|-damage|p2a: Ditto|0 fnt\n|faint|p2a: Ditto\n|\n|-weather|Sandstorm|[upkeep]\n|-damage|p1a: Delphox|247/263|[from] Sandstorm\n|upkeep\n|\n|t:|1733912002\n|switch|p2a: Toxicroak|Toxicroak, L84, F|277/277\n|-damage|p2a: Toxicroak|260/277|[from] Stealth Rock\n|turn|20\n|\n|t:|1733912042\n|move|p1a: Delphox|Psyshock|p2a: Toxicroak\n|-supereffective|p2a: Toxicroak\n|-damage|p2a: Toxicroak|0 fnt\n|faint|p2a: Toxicroak\n|\n|-weather|none\n|upkeep\n|\n|t:|1733912049\n|switch|p2a: Lumineon|Lumineon, L93, M|279/279\n|turn|21\n|inactive|Battle timer is ON: inactive players will automatically lose when time's up. (requested by Terraria Fan.exe)\n|\n|t:|1733912065\n|move|p1a: Delphox|Psyshock|p2a: Lumineon\n|-damage|p2a: Lumineon|188/279\n|move|p2a: Lumineon|Hydro Pump|p1a: Delphox|[miss]\n|-miss|p2a: Lumineon|p1a: Delphox\n|\n|upkeep\n|turn|22\n|\n|t:|1733912082\n|switch|p1a: Kricketune|Kricketune, L99, F|312/312\n|move|p2a: Lumineon|Hydro Pump|p1a: Kricketune\n|-damage|p1a: Kricketune|180/312\n|\n|upkeep\n|turn|23\n|\n|t:|1733912099\n|move|p2a: Lumineon|Alluring Voice|p1a: Kricketune\n|-damage|p1a: Kricketune|108/312\n|move|p1a: Kricketune|Sticky Web|p2a: Lumineon\n|-sidestart|p2: Terraria Fan.exe|move: Sticky Web\n|\n|upkeep\n|turn|24\n|\n|t:|1733912104\n|move|p2a: Lumineon|Encore|p1a: Kricketune\n|-start|p1a: Kricketune|Encore\n|move|p1a: Kricketune|Sticky Web||[still]\n|-fail|p1a: Kricketune\n|\n|upkeep\n|turn|25\n|\n|t:|1733912118\n|switch|p1a: Munkidori|Munkidori, L79, M|269/269\n|move|p2a: Lumineon|Alluring Voice|p1a: Munkidori\n|-resisted|p1a: Munkidori\n|-damage|p1a: Munkidori|242/269\n|\n|upkeep\n|turn|26\n|\n|t:|1733912140\n|move|p2a: Lumineon|U-turn|p1a: Munkidori\n|-damage|p1a: Munkidori|178/269\n|\n|t:|1733912142\n|switch|p2a: Kommo-o|Kommo-o, L78, M|245/245|[from] U-turn\n|-damage|p2a: Kommo-o|230/245|[from] Stealth Rock\n|-activate|p2a: Kommo-o|move: Sticky Web\n|-unboost|p2a: Kommo-o|spe|1\n|move|p1a: Munkidori|Nasty Plot|p1a: Munkidori\n|-boost|p1a: Munkidori|spa|2\n|\n|upkeep\n|turn|27\n|\n|t:|1733912159\n|move|p1a: Munkidori|Psyshock|p2a: Kommo-o\n|-supereffective|p2a: Kommo-o\n|-damage|p2a: Kommo-o|0 fnt\n|faint|p2a: Kommo-o\n|-damage|p1a: Munkidori|152/269|[from] item: Life Orb\n|\n|upkeep\n|\n|t:|1733912165\n|switch|p2a: Lumineon|Lumineon, L93, M|188/279\n|turn|28\n|\n|t:|1733912172\n|move|p2a: Lumineon|U-turn|p1a: Munkidori\n|-crit|p1a: Munkidori\n|-damage|p1a: Munkidori|55/269\n|move|p1a: Munkidori|Sludge Wave|p2a: Lumineon\n|-damage|p2a: Lumineon|0 fnt\n|faint|p2a: Lumineon\n|-damage|p1a: Munkidori|29/269|[from] item: Life Orb\n|\n|win|lingooooo\n|raw|lingooooo's rating: 1045 &rarr; <strong>1082</strong><br />(+37 for winning)\n|raw|Terraria Fan.exe's rating: 1089 &rarr; <strong>1063</strong><br />(-26 for losing)\n|l|\u2606Terraria Fan.exe\n|player|p2|\n", "inputlog": ">version bfd83cad13791eb5a5a409923076391caf6fb4d4\n>start {\"formatid\":\"gen9randombattle\",\"seed\":[60903,16223,34816,53826],\"rated\":\"Rated battle\"}\n>player p1 {\"name\":\"lingooooo\",\"avatar\":\"265\",\"rating\":1045,\"seed\":[65203,10950,49190,976]}\n>player p2 {\"name\":\"Terraria Fan.exe\",\"avatar\":\"1\",\"rating\":1089,\"seed\":[35020,60322,59234,7136]}\n>p1 move stealthrock\n>p2 move hypervoice\n>p1 move stoneedge\n>p2 move hypervoice\n>p2 switch 2\n>p1 move slackoff\n>p2 move shadowsneak\n>p1 move slackoff\n>p2 move defog\n>p1 move stealthrock\n>p2 move poltergeist\n>p1 move stoneedge\n>p2 move defog\n>p1 move slackoff\n>p2 move dracometeor\n>p1 move slackoff\n>p2 move poltergeist\n>p1 move stealthrock\n>p2 move poltergeist\n>p1 move slackoff\n>p2 move poltergeist\n>p1 move slackoff\n>p2 move poltergeist\n>p1 move stoneedge\n>p2 move poltergeist\n>p1 move slackoff\n>p2 move dracometeor\n>p1 move slackoff\n>p2 move defog\n>p1 move stealthrock\n>p2 move shadowsneak\n>p2 switch 3\n>p1 move earthquake\n>p2 move earthquake\n>p1 move earthquake\n>p2 move earthquake\n>p1 move earthquake\n>p2 move earthquake\n>p1 switch 3\n>p1 move psyshock\n>p2 move earthquake\n>p2 switch 6\n>p1 move psyshock\n>p2 move gunkshot\n>p2 switch 4\n>p1 move psyshock\n>p2 move hydropump\n>p1 switch 5\n>p2 move hydropump\n>p1 move stickyweb\n>p2 move alluringvoice\n>p1 move knockoff\n>p2 move encore\n>p1 switch 4\n>p2 move alluringvoice\n>p1 move nastyplot\n>p2 move uturn\n>p2 switch 5\n>p1 move psyshock\n>p2 move boomburst\n>p2 switch 5\n>p1 move sludgewave\n>p2 move uturn", "uploadtime": 1733912186, "views": 1, "formatid": "gen9randombattle", "rating": 1063, "private": 0, "password": null}