{"id": "gen9randombattle-2259948628", "format": "[Gen 9] Random Battle", "players": ["GumCungler", "Thickle"], "log": "|j|\u2606GumCungler\n|j|\u2606Thickle\n|t:|1733783188\n|gametype|singles\n|player|p1|GumCungler|101|\n|player|p2|Thickle|brock|\n|teamsize|p1|6\n|teamsize|p2|6\n|gen|9\n|tier|[Gen 9] Random Battle\n|rule|Species Clause: Limit one of each Pok\u00e9mon\n|rule|HP Percentage Mod: HP is shown in percentages\n|rule|Sleep Clause Mod: Limit one foe put to sleep\n|rule|Illusion Level Mod: Illusion disguises the Pok\u00e9mon's true level\n|\n|t:|1733783188\n|start\n|switch|p1a: Amoonguss|Amoonguss, L82, F|321/321\n|switch|p2a: Arcanine|Arcanine, L84, M|288/288\n|-ability|p2a: Arcanine|Intimidate|boost\n|-unboost|p1a: Amoonguss|atk|1\n|turn|1\n|\n|t:|1733783200\n|move|p2a: Arcanine|Flare Blitz|p1a: Amoonguss\n|-supereffective|p1a: Amoonguss\n|-damage|p1a: Amoonguss|9/321\n|-damage|p2a: Arcanine|240/288|[from] item: Rocky Helmet|[of] p1a: Amoonguss\n|-damage|p2a: Arcanine|137/288|[from] Recoil\n|move|p1a: Amoonguss|Spore|p2a: Arcanine\n|-status|p2a: Arcanine|slp|[from] move: Spore\n|\n|upkeep\n|turn|2\n|\n|t:|1733783220\n|switch|p2a: Registeel|Registeel, L81|262/262\n|move|p1a: Amoonguss|Sludge Bomb|p2a: Registeel\n|-immune|p2a: Registeel\n|\n|upkeep\n|turn|3\n|\n|t:|1733783229\n|move|p2a: Registeel|Iron Head|p1a: Amoonguss\n|-damage|p1a: Amoonguss|0 fnt\n|-damage|p2a: Registeel|219/262|[from] item: Rocky Helmet|[of] p1a: Amoonguss\n|faint|p1a: Amoonguss\n|\n|upkeep\n|\n|t:|1733783238\n|switch|p1a: Dragapult|Dragapult, L77, F|262/262\n|turn|4\n|\n|t:|1733783251\n|move|p1a: Dragapult|Dragon Dance|p1a: Dragapult\n|-boost|p1a: Dragapult|atk|1\n|-boost|p1a: Dragapult|spe|1\n|move|p2a: Registeel|Iron Defense|p2a: Registeel\n|-boost|p2a: Registeel|def|2\n|\n|upkeep\n|turn|5\n|\n|t:|1733783259\n|move|p1a: Dragapult|Fire Blast|p2a: Registeel\n|-supereffective|p2a: Registeel\n|-damage|p2a: Registeel|105/262\n|-damage|p1a: Dragapult|236/262|[from] item: Life Orb\n|move|p2a: Registeel|Iron Defense|p2a: Registeel\n|-boost|p2a: Registeel|def|2\n|\n|upkeep\n|turn|6\n|\n|t:|1733783275\n|switch|p2a: Typhlosion|Typhlosion-Hisui, L83, M|257/257\n|move|p1a: Dragapult|Fire Blast|p2a: Typhlosion|[miss]\n|-miss|p1a: Dragapult|p2a: Typhlosion\n|\n|upkeep\n|turn|7\n|\n|t:|1733783294\n|-terastallize|p2a: Typhlosion|Fire\n|move|p1a: Dragapult|Dragon Darts|p2a: Typhlosion\n|-damage|p2a: Typhlosion|132/257\n|-anim|p1a: Dragapult|Dragon Darts|p2a: Typhlosion\n|-damage|p2a: Typhlosion|18/257\n|-damage|p1a: Dragapult|210/262|[from] item: Life Orb\n|move|p2a: Typhlosion|Shadow Ball|p1a: Dragapult\n|-supereffective|p1a: Dragapult\n|-damage|p1a: Dragapult|0 fnt\n|faint|p1a: Dragapult\n|\n|upkeep\n|\n|t:|1733783319\n|switch|p1a: Lanturn|Lanturn, L89, F|367/367\n|turn|8\n|\n|t:|1733783326\n|move|p2a: Typhlosion|Shadow Ball|p1a: Lanturn\n|-damage|p1a: Lanturn|264/367\n|move|p1a: Lanturn|Volt Switch|p2a: Typhlosion\n|-damage|p2a: Typhlosion|0 fnt\n|faint|p2a: Typhlosion\n|\n|t:|1733783337\n|switch|p1a: Walking Wake|Walking Wake, L79|286/286|[from] Volt Switch\n|\n|upkeep\n|\n|t:|1733783350\n|switch|p2a: Florges|Florges-Orange, L85, F|271/271\n|turn|9\n|\n|t:|1733783373\n|-terastallize|p1a: Walking Wake|Fire\n|move|p1a: Walking Wake|Flamethrower|p2a: Florges\n|-damage|p2a: Florges|185/271\n|-damage|p1a: Walking Wake|258/286|[from] item: Life Orb\n|move|p2a: Florges|Moonblast|p1a: Walking Wake\n|-resisted|p1a: Walking Wake\n|-damage|p1a: Walking Wake|199/286\n|\n|-heal|p2a: Florges|201/271|[from] item: Leftovers\n|upkeep\n|turn|10\n|\n|t:|1733783385\n|move|p1a: Walking Wake|Draco Meteor|p2a: Florges\n|-immune|p2a: Florges\n|move|p2a: Florges|Calm Mind|p2a: Florges\n|-boost|p2a: Florges|spa|1\n|-boost|p2a: Florges|spd|1\n|\n|-heal|p2a: Florges|217/271|[from] item: Leftovers\n|upkeep\n|turn|11\n|\n|t:|1733783394\n|move|p1a: Walking Wake|Hydro Steam|p2a: Florges\n|-damage|p2a: Florges|169/271\n|-damage|p1a: Walking Wake|171/286|[from] item: Life Orb\n|move|p2a: Florges|Calm Mind|p2a: Florges\n|-boost|p2a: Florges|spa|1\n|-boost|p2a: Florges|spd|1\n|\n|-heal|p2a: Florges|185/271|[from] item: Leftovers\n|upkeep\n|turn|12\n|\n|t:|1733783405\n|-end|p1a: Walking Wake|Protosynthesis|[silent]\n|switch|p1a: Scrafty|Scrafty, L84, M|246/246\n|move|p2a: Florges|Moonblast|p1a: Scrafty\n|-supereffective|p1a: Scrafty\n|-damage|p1a: Scrafty|0 fnt\n|faint|p1a: Scrafty\n|\n|-heal|p2a: Florges|201/271|[from] item: Leftovers\n|upkeep\n|\n|t:|1733783428\n|switch|p1a: Froslass|Froslass, L87, F|263/263\n|turn|13\n|\n|t:|1733783435\n|move|p1a: Froslass|Destiny Bond|p1a: Froslass\n|-singlemove|p1a: Froslass|Destiny Bond\n|move|p2a: Florges|Moonblast|p1a: Froslass\n|-damage|p1a: Froslass|0 fnt\n|faint|p1a: Froslass\n|-activate|p1a: Froslass|move: Destiny Bond\n|faint|p2a: Florges\n|\n|upkeep\n|\n|t:|1733783447\n|switch|p1a: Walking Wake|Walking Wake, L79, tera:Fire|171/286\n|switch|p2a: Registeel|Registeel, L81|105/262\n|turn|14\n|\n|t:|1733783459\n|switch|p2a: Misdreavus|Misdreavus, L90, M|254/254\n|move|p1a: Walking Wake|Flamethrower|p2a: Misdreavus\n|-damage|p2a: Misdreavus|159/254\n|-damage|p1a: Walking Wake|143/286|[from] item: Life Orb\n|\n|upkeep\n|turn|15\n|\n|t:|1733783474\n|move|p1a: Walking Wake|Sunny Day|p1a: Walking Wake\n|-weather|SunnyDay\n|-activate|p1a: Walking Wake|ability: Protosynthesis\n|-start|p1a: Walking Wake|protosynthesisspa\n|move|p2a: Misdreavus|Draining Kiss|p1a: Walking Wake\n|-resisted|p1a: Walking Wake\n|-damage|p1a: Walking Wake|121/286\n|-heal|p2a: Misdreavus|176/254|[from] drain|[of] p1a: Walking Wake\n|\n|-weather|SunnyDay|[upkeep]\n|upkeep\n|turn|16\n|\n|t:|1733783484\n|move|p1a: Walking Wake|Hydro Steam|p2a: Misdreavus\n|-damage|p2a: Misdreavus|16/254\n|-damage|p1a: Walking Wake|93/286|[from] item: Life Orb\n|move|p2a: Misdreavus|Shadow Ball|p1a: Walking Wake\n|-damage|p1a: Walking Wake|0 fnt\n|faint|p1a: Walking Wake\n|-end|p1a: Walking Wake|Protosynthesis|[silent]\n|\n|-weather|SunnyDay|[upkeep]\n|upkeep\n|\n|t:|1733783493\n|switch|p1a: Lanturn|Lanturn, L89, F|264/367\n|turn|17\n|\n|t:|1733783516\n|move|p2a: Misdreavus|Draining Kiss|p1a: Lanturn\n|-crit|p1a: Lanturn\n|-damage|p1a: Lanturn|209/367\n|-heal|p2a: Misdreavus|57/254|[from] drain|[of] p1a: Lanturn\n|move|p1a: Lanturn|Scald|p2a: Misdreavus\n|-damage|p2a: Misdreavus|32/254\n|-status|p2a: Misdreavus|brn\n|\n|-weather|SunnyDay|[upkeep]\n|-heal|p1a: Lanturn|231/367|[from] item: Leftovers\n|-damage|p2a: Misdreavus|17/254 brn|[from] brn\n|upkeep\n|turn|18\n|\n|t:|1733783528\n|move|p2a: Misdreavus|Will-O-Wisp|p1a: Lanturn\n|-status|p1a: Lanturn|brn\n|move|p1a: Lanturn|Thunder Wave||[still]\n|-fail|p1a: Lanturn\n|\n|-weather|SunnyDay|[upkeep]\n|-heal|p1a: Lanturn|253/367 brn|[from] item: Leftovers\n|-damage|p2a: Misdreavus|2/254 brn|[from] brn\n|-damage|p1a: Lanturn|231/367 brn|[from] brn\n|upkeep\n|turn|19\n|\n|t:|1733783539\n|move|p2a: Misdreavus|Shadow Ball|p1a: Lanturn\n|-damage|p1a: Lanturn|135/367 brn\n|move|p1a: Lanturn|Thunderbolt|p2a: Misdreavus\n|-damage|p2a: Misdreavus|0 fnt\n|faint|p2a: Misdreavus\n|\n|-weather|none\n|-heal|p1a: Lanturn|157/367 brn|[from] item: Leftovers\n|-damage|p1a: Lanturn|135/367 brn|[from] brn\n|upkeep\n|\n|t:|1733783553\n|switch|p2a: Scyther|Scyther, L82, F|249/249\n|turn|20\n|\n|t:|1733783564\n|move|p2a: Scyther|Close Combat|p1a: Lanturn\n|-damage|p1a: Lanturn|28/367 brn\n|-unboost|p2a: Scyther|def|1\n|-unboost|p2a: Scyther|spd|1\n|move|p1a: Lanturn|Thunderbolt|p2a: Scyther\n|-supereffective|p2a: Scyther\n|-damage|p2a: Scyther|0 fnt\n|faint|p2a: Scyther\n|\n|-heal|p1a: Lanturn|50/367 brn|[from] item: Leftovers\n|-damage|p1a: Lanturn|28/367 brn|[from] brn\n|upkeep\n|\n|t:|1733783577\n|switch|p2a: Arcanine|Arcanine, L84, M|137/288 slp\n|-ability|p2a: Arcanine|Intimidate|boost\n|-unboost|p1a: Lanturn|atk|1\n|turn|21\n|\n|t:|1733783583\n|cant|p2a: Arcanine|slp\n|move|p1a: Lanturn|Scald|p2a: Arcanine\n|-supereffective|p2a: Arcanine\n|-damage|p2a: Arcanine|0 fnt\n|faint|p2a: Arcanine\n|\n|-heal|p1a: Lanturn|50/367 brn|[from] item: Leftovers\n|-damage|p1a: Lanturn|28/367 brn|[from] brn\n|upkeep\n|\n|t:|1733783592\n|switch|p2a: Registeel|Registeel, L81|105/262\n|turn|22\n|\n|t:|1733783596\n|move|p1a: Lanturn|Scald|p2a: Registeel\n|-damage|p2a: Registeel|56/262\n|move|p2a: Registeel|Iron Head|p1a: Lanturn\n|-resisted|p1a: Lanturn\n|-damage|p1a: Lanturn|7/367 brn\n|\n|-heal|p1a: Lanturn|29/367 brn|[from] item: Leftovers\n|-damage|p1a: Lanturn|7/367 brn|[from] brn\n|upkeep\n|turn|23\n|\n|t:|1733783605\n|move|p1a: Lanturn|Scald|p2a: Registeel\n|-damage|p2a: Registeel|0 fnt\n|faint|p2a: Registeel\n|\n|win|GumCungler\n|l|\u2606GumCungler\n|player|p1|\n", "inputlog": ">version bfd83cad13791eb5a5a409923076391caf6fb4d4\n>start {\"formatid\":\"gen9randombattle\",\"seed\":[17307,43276,23609,7277]}\n>player p1 {\"name\":\"GumCungler\",\"avatar\":\"101\",\"rating\":0,\"seed\":[47040,25569,37195,40731]}\n>player p2 {\"name\":\"Thickle\",\"avatar\":\"brock\",\"rating\":0,\"seed\":[17767,30611,34072,51385]}\n>p1 move spore\n>p2 move flareblitz\n>p1 move sludgebomb\n>p2 switch 4\n>p1 move stompingtantrum\n>p2 move ironhead\n>p1 switch 6\n>p1 move dragondance\n>p2 move irondefense\n>p1 move fireblast\n>p2 move irondefense\n>p1 move fireblast\n>p2 switch 3\n>p1 move dragondarts\n>p2 move shadowball terastallize\n>p1 switch 3\n>p1 move voltswitch\n>p2 move shadowball\n>p1 switch 2\n>p2 switch 6\n>p1 move flamethrower terastallize\n>p2 move moonblast\n>p1 move dracometeor\n>p2 move calmmind\n>p1 move hydrosteam\n>p2 move calmmind\n>p1 switch 4\n>p2 move moonblast\n>p1 switch 5\n>p1 move destinybond\n>p2 move moonblast\n>p1 switch 4\n>p2 switch 3\n>p1 move flamethrower\n>p2 switch 2\n>p1 move sunnyday\n>p2 move drainingkiss\n>p1 move hydrosteam\n>p2 move shadowball\n>p1 switch 2\n>p1 move scald\n>p2 move drainingkiss\n>p1 move thunderwave\n>p2 move willowisp\n>p1 move thunderbolt\n>p2 move shadowball\n>p2 switch 5\n>p1 move thunderbolt\n>p2 move closecombat\n>p2 switch 4\n>p1 move scald\n>p2 move extremespeed\n>p2 switch 2\n>p1 move scald\n>p2 move ironhead\n>p1 move scald\n>p2 move ironhead", "uploadtime": 1733783680, "views": 2, "formatid": "gen9randombattle", "rating": null, "private": 0, "password": null}