{"id": "gen9randombattle-2110018822", "format": "[Gen 9] Random Battle", "players": ["l0goff", "FaZe Alec Baldwin"], "log": "|uhtml|medal-msg|<div class=\"broadcast-blue\">Curious what those medals under the avatar are? PS now has Ladder Seasons! For more information, check out the <a href=\"https://www.smogon.com/forums/threads/3740067/\">thread on Smogon.</a></div>\n|badge|p2|bronze|gen9randombattle|100-1\n|uhtml|medal-msg|<div class=\"broadcast-blue\">Curious what those medals under the avatar are? PS now has Ladder Seasons! For more information, check out the <a href=\"https://www.smogon.com/forums/threads/3740067/\">thread on Smogon.</a></div>\n|j|\u2606l0goff\n|j|\u203dFaZe Alec Baldwin\n|t:|1713901642\n|gametype|singles\n|player|p1|l0goff|2|2319\n|player|p2|FaZe Alec Baldwin|drayden|2408\n|teamsize|p1|6\n|teamsize|p2|6\n|gen|9\n|tier|[Gen 9] Random Battle\n|rated|\n|rule|Species Clause: Limit one of each Pok\u00e9mon\n|rule|HP Percentage Mod: HP is shown in percentages\n|rule|Sleep Clause Mod: Limit one foe put to sleep\n|rule|Illusion Level Mod: Illusion disguises the Pok\u00e9mon's true level\n|\n|t:|1713901642\n|start\n|switch|p1a: Gengar|Gengar, L81, M|230/230\n|switch|p2a: Regirock|Regirock, L85|275/275\n|turn|1\n|\n|t:|1713901703\n|move|p1a: Gengar|Focus Blast|p2a: Regirock\n|-supereffective|p2a: Regirock\n|-damage|p2a: Regirock|44/275\n|-damage|p1a: Gengar|207/230|[from] item: Life Orb\n|move|p2a: Regirock|Stone Edge|p1a: Gengar\n|-damage|p1a: Gengar|50/230\n|\n|upkeep\n|turn|2\n|j| Inklingbot\n|\n|t:|1713901749\n|move|p1a: Gengar|Shadow Ball|p2a: Regirock\n|-damage|p2a: Regirock|0 fnt\n|faint|p2a: Regirock\n|-damage|p1a: Gengar|27/230|[from] item: Life Orb\n|\n|upkeep\n|\n|t:|1713901763\n|switch|p2a: Zacian|Zacian-Crowned, L64|225/225\n|-ability|p2a: Zacian|Intrepid Sword|boost\n|-boost|p2a: Zacian|atk|1\n|turn|3\n|l| Inklingbot\n|\n|t:|1713901791\n|switch|p1a: Entei|Entei, L78|307/307\n|move|p2a: Zacian|Behemoth Blade|p1a: Entei\n|-resisted|p1a: Entei\n|-damage|p1a: Entei|234/307\n|\n|upkeep\n|turn|4\n|\n|t:|1713901801\n|switch|p2a: Manaphy|Manaphy, L78|284/284\n|move|p1a: Entei|Sacred Fire|p2a: Manaphy\n|-resisted|p2a: Manaphy\n|-damage|p2a: Manaphy|206/284\n|-status|p2a: Manaphy|brn\n|\n|-heal|p2a: Manaphy|223/284 brn|[from] item: Leftovers\n|-damage|p2a: Manaphy|206/284 brn|[from] brn\n|upkeep\n|turn|5\n|\n|t:|1713901824\n|switch|p2a: Qwilfish|Qwilfish-Hisui, L84, M|246/246\n|-ability|p2a: Qwilfish|Intimidate|boost\n|-fail|p1a: Entei|unboost|Attack|[from] ability: Inner Focus|[of] p1a: Entei\n|switch|p1a: Regice|Regice, L88|284/284\n|\n|upkeep\n|turn|6\n|\n|t:|1713901833\n|move|p2a: Qwilfish|Taunt|p1a: Regice\n|-start|p1a: Regice|move: Taunt\n|move|p1a: Regice|Ice Beam|p2a: Qwilfish\n|-damage|p2a: Qwilfish|137/246\n|\n|upkeep\n|turn|7\n|\n|t:|1713901839\n|move|p2a: Qwilfish|Spikes|p1a: Regice\n|-sidestart|p1: l0goff|Spikes\n|move|p1a: Regice|Ice Beam|p2a: Qwilfish\n|-damage|p2a: Qwilfish|41/246\n|\n|upkeep\n|turn|8\n|\n|t:|1713901846\n|switch|p1a: Gengar|Gengar, L81, M|27/230\n|-damage|p1a: Gengar|0 fnt|[from] Spikes\n|faint|p1a: Gengar\n|move|p2a: Qwilfish|Gunk Shot|p1: Gengar|[notarget]\n|-fail|p2a: Qwilfish\n|\n|upkeep\n|\n|t:|1713901853\n|switch|p1a: Greninja|Greninja, L80, M|246/246\n|-damage|p1a: Greninja|216/246|[from] Spikes\n|turn|9\n|\n|t:|1713901859\n|switch|p2a: Vespiquen|Vespiquen, L98, F|296/296\n|-ability|p2a: Vespiquen|Pressure\n|move|p1a: Greninja|Hydro Pump|p2a: Vespiquen\n|-start|p1a: Greninja|typechange|Water|[from] ability: Protean\n|-damage|p2a: Vespiquen|191/296\n|-damage|p1a: Greninja|192/246|[from] item: Life Orb\n|\n|upkeep\n|turn|10\n|\n|t:|1713901873\n|switch|p1a: Luxray|Luxray, L88, M|284/284\n|-damage|p1a: Luxray|249/284|[from] Spikes\n|-ability|p1a: Luxray|Intimidate|boost\n|-unboost|p2a: Vespiquen|atk|1\n|move|p2a: Vespiquen|Roost|p2a: Vespiquen\n|-heal|p2a: Vespiquen|296/296\n|-singleturn|p2a: Vespiquen|move: Roost\n|\n|upkeep\n|turn|11\n|\n|t:|1713901883\n|move|p1a: Luxray|Wild Charge|p2a: Vespiquen\n|-supereffective|p2a: Vespiquen\n|-crit|p2a: Vespiquen\n|-damage|p2a: Vespiquen|2/296\n|-damage|p1a: Luxray|175/284|[from] Recoil\n|move|p2a: Vespiquen|Roost|p2a: Vespiquen\n|-heal|p2a: Vespiquen|150/296\n|-singleturn|p2a: Vespiquen|move: Roost\n|\n|upkeep\n|turn|12\n|\n|t:|1713901892\n|switch|p2a: Tropius|Tropius, L91, F|328/328\n|move|p1a: Luxray|Wild Charge|p2a: Tropius\n|-damage|p2a: Tropius|210/328\n|-damage|p1a: Luxray|145/284|[from] Recoil\n|\n|upkeep\n|turn|13\n|\n|t:|1713901909\n|move|p2a: Tropius|Protect|p2a: Tropius\n|-singleturn|p2a: Tropius|Protect\n|move|p1a: Luxray|Ice Fang|p2a: Tropius\n|-activate|p2a: Tropius|move: Protect\n|\n|upkeep\n|turn|14\n|\n|t:|1713901923\n|switch|p2a: Qwilfish|Qwilfish-Hisui, L84, M|41/246\n|-ability|p2a: Qwilfish|Intimidate|boost\n|-unboost|p1a: Luxray|atk|1\n|move|p1a: Luxray|Wild Charge|p2a: Qwilfish\n|-damage|p2a: Qwilfish|0 fnt\n|faint|p2a: Qwilfish\n|-damage|p1a: Luxray|135/284|[from] Recoil\n|\n|upkeep\n|\n|t:|1713901926\n|switch|p2a: Vespiquen|Vespiquen, L98, F|150/296\n|-ability|p2a: Vespiquen|Pressure\n|turn|15\n|\n|t:|1713901934\n|move|p1a: Luxray|Volt Switch|p2a: Vespiquen\n|-supereffective|p2a: Vespiquen\n|-damage|p2a: Vespiquen|34/296\n|\n|t:|1713901940\n|switch|p1a: Wigglytuff|Wigglytuff, L96, M|424/424|[from] Volt Switch\n|-damage|p1a: Wigglytuff|371/424|[from] Spikes\n|move|p2a: Vespiquen|Roost|p2a: Vespiquen\n|-heal|p2a: Vespiquen|182/296\n|-singleturn|p2a: Vespiquen|move: Roost\n|\n|-heal|p1a: Wigglytuff|397/424|[from] item: Leftovers\n|upkeep\n|turn|16\n|\n|t:|1713901950\n|move|p1a: Wigglytuff|Stealth Rock|p2a: Vespiquen\n|-sidestart|p2: FaZe Alec Baldwin|move: Stealth Rock\n|move|p2a: Vespiquen|Roost|p2a: Vespiquen\n|-heal|p2a: Vespiquen|296/296\n|-singleturn|p2a: Vespiquen|move: Roost\n|\n|-heal|p1a: Wigglytuff|423/424|[from] item: Leftovers\n|upkeep\n|turn|17\n|\n|t:|1713901958\n|move|p1a: Wigglytuff|Thunder Wave|p2a: Vespiquen\n|-status|p2a: Vespiquen|par\n|cant|p2a: Vespiquen|par\n|\n|-heal|p1a: Wigglytuff|424/424|[from] item: Leftovers\n|upkeep\n|turn|18\n|j| nmbvmjtrrrr\n|\n|t:|1713901964\n|move|p1a: Wigglytuff|Knock Off|p2a: Vespiquen\n|-damage|p2a: Vespiquen|244/296 par\n|-enditem|p2a: Vespiquen|Heavy-Duty Boots|[from] move: Knock Off|[of] p1a: Wigglytuff\n|move|p2a: Vespiquen|Toxic|p1a: Wigglytuff\n|-status|p1a: Wigglytuff|tox\n|\n|-damage|p1a: Wigglytuff|398/424 tox|[from] psn\n|upkeep\n|turn|19\n|\n|t:|1713901972\n|switch|p1a: Regice|Regice, L88|284/284\n|move|p2a: Vespiquen|Spikes|p1a: Regice\n|-sidestart|p1: l0goff|Spikes\n|\n|upkeep\n|turn|20\n|\n|t:|1713901981\n|move|p1a: Regice|Ice Beam|p2a: Vespiquen\n|-supereffective|p2a: Vespiquen\n|-damage|p2a: Vespiquen|74/296 par\n|move|p2a: Vespiquen|Spikes|p1a: Regice\n|-sidestart|p1: l0goff|Spikes\n|\n|upkeep\n|turn|21\n|\n|t:|1713901987\n|move|p1a: Regice|Ice Beam|p2a: Vespiquen\n|-supereffective|p2a: Vespiquen\n|-damage|p2a: Vespiquen|0 fnt\n|faint|p2a: Vespiquen\n|\n|upkeep\n|\n|t:|1713901993\n|switch|p2a: Zacian|Zacian-Crowned, L64|225/225\n|-damage|p2a: Zacian|211/225|[from] Stealth Rock\n|turn|22\n|\n|t:|1713902001\n|-terastallize|p1a: Regice|Electric\n|move|p2a: Zacian|Swords Dance|p2a: Zacian\n|-boost|p2a: Zacian|atk|2\n|move|p1a: Regice|Thunder Wave|p2a: Zacian\n|-status|p2a: Zacian|par\n|\n|upkeep\n|turn|23\n|\n|t:|1713902010\n|move|p1a: Regice|Thunderbolt|p2a: Zacian\n|-damage|p2a: Zacian|102/225 par\n|move|p2a: Zacian|Play Rough|p1a: Regice\n|-damage|p1a: Regice|149/284\n|\n|upkeep\n|turn|24\n|\n|t:|1713902016\n|move|p1a: Regice|Thunderbolt|p2a: Zacian\n|-damage|p2a: Zacian|0 fnt\n|faint|p2a: Zacian\n|\n|upkeep\n|\n|t:|1713902020\n|switch|p2a: Tropius|Tropius, L91, F|210/328\n|-damage|p2a: Tropius|128/328|[from] Stealth Rock\n|-enditem|p2a: Tropius|Sitrus Berry|[eat]\n|-heal|p2a: Tropius|210/328|[from] item: Sitrus Berry\n|turn|25\n|\n|t:|1713902030\n|-terastallize|p2a: Tropius|Steel\n|move|p2a: Tropius|Leech Seed|p1a: Regice|[miss]\n|-miss|p2a: Tropius|p1a: Regice\n|move|p1a: Regice|Thunderbolt|p2a: Tropius\n|-damage|p2a: Tropius|113/328\n|\n|-item|p2a: Tropius|Sitrus Berry|[from] ability: Harvest\n|upkeep\n|-enditem|p2a: Tropius|Sitrus Berry|[eat]\n|-heal|p2a: Tropius|195/328|[from] item: Sitrus Berry\n|turn|26\n|\n|t:|1713902041\n|move|p2a: Tropius|Substitute|p2a: Tropius\n|-start|p2a: Tropius|Substitute\n|-damage|p2a: Tropius|113/328\n|move|p1a: Regice|Thunder Wave||[still]\n|-fail|p1a: Regice\n|\n|-item|p2a: Tropius|Sitrus Berry|[from] ability: Harvest\n|upkeep\n|-enditem|p2a: Tropius|Sitrus Berry|[eat]\n|-heal|p2a: Tropius|195/328|[from] item: Sitrus Berry\n|turn|27\n|\n|t:|1713902050\n|move|p2a: Tropius|Leech Seed|p1a: Regice\n|-start|p1a: Regice|move: Leech Seed\n|move|p1a: Regice|Thunderbolt|p2a: Tropius\n|-end|p2a: Tropius|Substitute\n|\n|-damage|p1a: Regice|114/284|[from] Leech Seed|[of] p2a: Tropius\n|-heal|p2a: Tropius|230/328|[silent]\n|-item|p2a: Tropius|Sitrus Berry|[from] ability: Harvest\n|upkeep\n|turn|28\n|\n|t:|1713902061\n|move|p2a: Tropius|Substitute|p2a: Tropius\n|-start|p2a: Tropius|Substitute\n|-damage|p2a: Tropius|148/328\n|-enditem|p2a: Tropius|Sitrus Berry|[eat]\n|-heal|p2a: Tropius|230/328|[from] item: Sitrus Berry\n|move|p1a: Regice|Body Press|p2a: Tropius\n|-supereffective|p2a: Tropius\n|-end|p2a: Tropius|Substitute\n|\n|-damage|p1a: Regice|79/284|[from] Leech Seed|[of] p2a: Tropius\n|-heal|p2a: Tropius|265/328|[silent]\n|-item|p2a: Tropius|Sitrus Berry|[from] ability: Harvest\n|upkeep\n|turn|29\n|\n|t:|1713902072\n|move|p2a: Tropius|Substitute|p2a: Tropius\n|-start|p2a: Tropius|Substitute\n|-damage|p2a: Tropius|183/328\n|move|p1a: Regice|Body Press|p2a: Tropius\n|-supereffective|p2a: Tropius\n|-end|p2a: Tropius|Substitute\n|\n|-damage|p1a: Regice|44/284|[from] Leech Seed|[of] p2a: Tropius\n|-heal|p2a: Tropius|218/328|[silent]\n|upkeep\n|turn|30\n|\n|t:|1713902080\n|move|p2a: Tropius|Substitute|p2a: Tropius\n|-start|p2a: Tropius|Substitute\n|-damage|p2a: Tropius|136/328\n|-enditem|p2a: Tropius|Sitrus Berry|[eat]\n|-heal|p2a: Tropius|218/328|[from] item: Sitrus Berry\n|move|p1a: Regice|Body Press|p2a: Tropius\n|-supereffective|p2a: Tropius\n|-end|p2a: Tropius|Substitute\n|\n|-damage|p1a: Regice|9/284|[from] Leech Seed|[of] p2a: Tropius\n|-heal|p2a: Tropius|253/328|[silent]\n|upkeep\n|turn|31\n|\n|t:|1713902089\n|move|p2a: Tropius|Protect|p2a: Tropius\n|-singleturn|p2a: Tropius|Protect\n|move|p1a: Regice|Body Press|p2a: Tropius\n|-activate|p2a: Tropius|move: Protect\n|\n|-damage|p1a: Regice|0 fnt|[from] Leech Seed|[of] p2a: Tropius\n|-heal|p2a: Tropius|262/328|[silent]\n|faint|p1a: Regice\n|-item|p2a: Tropius|Sitrus Berry|[from] ability: Harvest\n|upkeep\n|\n|t:|1713902099\n|switch|p1a: Entei|Entei, L78|234/307\n|-damage|p1a: Entei|158/307|[from] Spikes\n|turn|32\n|\n|t:|1713902104\n|switch|p2a: Manaphy|Manaphy, L78|206/284 brn\n|-damage|p2a: Manaphy|171/284 brn|[from] Stealth Rock\n|move|p1a: Entei|Flare Blitz|p2a: Manaphy\n|-resisted|p2a: Manaphy\n|-damage|p2a: Manaphy|76/284 brn\n|-damage|p1a: Entei|127/307|[from] Recoil\n|\n|-heal|p2a: Manaphy|93/284 brn|[from] item: Leftovers\n|-damage|p2a: Manaphy|76/284 brn|[from] brn\n|upkeep\n|turn|33\n|\n|t:|1713902114\n|move|p2a: Manaphy|Surf|p1a: Entei\n|-supereffective|p1a: Entei\n|-damage|p1a: Entei|0 fnt\n|faint|p1a: Entei\n|\n|-heal|p2a: Manaphy|93/284 brn|[from] item: Leftovers\n|-damage|p2a: Manaphy|76/284 brn|[from] brn\n|upkeep\n|\n|t:|1713902123\n|switch|p1a: Greninja|Greninja, L80, M|192/246\n|-damage|p1a: Greninja|131/246|[from] Spikes\n|turn|34\n|\n|t:|1713902130\n|move|p1a: Greninja|Dark Pulse|p2a: Manaphy\n|-start|p1a: Greninja|typechange|Dark|[from] ability: Protean\n|-damage|p2a: Manaphy|0 fnt\n|faint|p2a: Manaphy\n|-damage|p1a: Greninja|107/246|[from] item: Life Orb\n|\n|upkeep\n|\n|t:|1713902136\n|switch|p2a: Tropius|Tropius, L91, F, tera:Steel|262/328\n|-damage|p2a: Tropius|242/328|[from] Stealth Rock\n|turn|35\n|\n|t:|1713902142\n|move|p1a: Greninja|Dark Pulse|p2a: Tropius\n|-damage|p2a: Tropius|141/328\n|-enditem|p2a: Tropius|Sitrus Berry|[eat]\n|-heal|p2a: Tropius|223/328|[from] item: Sitrus Berry\n|-damage|p1a: Greninja|83/246|[from] item: Life Orb\n|cant|p2a: Tropius|flinch\n|\n|-item|p2a: Tropius|Sitrus Berry|[from] ability: Harvest\n|upkeep\n|turn|36\n|\n|t:|1713902153\n|move|p1a: Greninja|Dark Pulse|p2a: Tropius\n|-damage|p2a: Tropius|122/328\n|-enditem|p2a: Tropius|Sitrus Berry|[eat]\n|-heal|p2a: Tropius|204/328|[from] item: Sitrus Berry\n|-damage|p1a: Greninja|59/246|[from] item: Life Orb\n|cant|p2a: Tropius|flinch\n|\n|-item|p2a: Tropius|Sitrus Berry|[from] ability: Harvest\n|upkeep\n|turn|37\n|\n|t:|1713902162\n|move|p1a: Greninja|Dark Pulse|p2a: Tropius\n|-damage|p2a: Tropius|110/328\n|-enditem|p2a: Tropius|Sitrus Berry|[eat]\n|-heal|p2a: Tropius|192/328|[from] item: Sitrus Berry\n|-damage|p1a: Greninja|35/246|[from] item: Life Orb\n|move|p2a: Tropius|Substitute|p2a: Tropius\n|-start|p2a: Tropius|Substitute\n|-damage|p2a: Tropius|110/328\n|\n|-item|p2a: Tropius|Sitrus Berry|[from] ability: Harvest\n|upkeep\n|-enditem|p2a: Tropius|Sitrus Berry|[eat]\n|-heal|p2a: Tropius|192/328|[from] item: Sitrus Berry\n|turn|38\n|\n|t:|1713902175\n|move|p2a: Tropius|Protect|p2a: Tropius\n|-singleturn|p2a: Tropius|Protect\n|move|p1a: Greninja|Dark Pulse|p2a: Tropius\n|-activate|p2a: Tropius|move: Protect\n|\n|-item|p2a: Tropius|Sitrus Berry|[from] ability: Harvest\n|upkeep\n|turn|39\n|\n|t:|1713902182\n|move|p1a: Greninja|Dark Pulse|p2a: Tropius\n|-end|p2a: Tropius|Substitute\n|-damage|p1a: Greninja|11/246|[from] item: Life Orb\n|move|p2a: Tropius|Substitute|p2a: Tropius\n|-start|p2a: Tropius|Substitute\n|-damage|p2a: Tropius|110/328\n|-enditem|p2a: Tropius|Sitrus Berry|[eat]\n|-heal|p2a: Tropius|192/328|[from] item: Sitrus Berry\n|\n|-item|p2a: Tropius|Sitrus Berry|[from] ability: Harvest\n|upkeep\n|turn|40\n|\n|t:|1713902193\n|move|p1a: Greninja|Dark Pulse|p2a: Tropius\n|-end|p2a: Tropius|Substitute\n|-damage|p1a: Greninja|0 fnt|[from] item: Life Orb\n|faint|p1a: Greninja\n|move|p2a: Tropius|Substitute|p2a: Tropius\n|-start|p2a: Tropius|Substitute\n|-damage|p2a: Tropius|110/328\n|-enditem|p2a: Tropius|Sitrus Berry|[eat]\n|-heal|p2a: Tropius|192/328|[from] item: Sitrus Berry\n|\n|-item|p2a: Tropius|Sitrus Berry|[from] ability: Harvest\n|upkeep\n|\n|t:|1713902206\n|switch|p1a: Luxray|Luxray, L88, M|135/284\n|-damage|p1a: Luxray|64/284|[from] Spikes\n|-ability|p1a: Luxray|Intimidate|boost\n|-immune|p2a: Tropius\n|turn|41\n|\n|t:|1713902213\n|move|p1a: Luxray|Wild Charge|p2a: Tropius\n|-end|p2a: Tropius|Substitute\n|-damage|p1a: Luxray|43/284|[from] Recoil|[of] p2a: Tropius\n|move|p2a: Tropius|Leech Seed|p1a: Luxray\n|-start|p1a: Luxray|move: Leech Seed\n|\n|-damage|p1a: Luxray|8/284|[from] Leech Seed|[of] p2a: Tropius\n|-heal|p2a: Tropius|227/328|[silent]\n|upkeep\n|turn|42\n|\n|t:|1713902221\n|move|p1a: Luxray|Wild Charge|p2a: Tropius\n|-damage|p2a: Tropius|107/328\n|-enditem|p2a: Tropius|Sitrus Berry|[eat]\n|-heal|p2a: Tropius|189/328|[from] item: Sitrus Berry\n|-damage|p1a: Luxray|0 fnt|[from] Recoil\n|faint|p1a: Luxray\n|move|p2a: Tropius|Substitute|p2a: Tropius\n|-start|p2a: Tropius|Substitute\n|-damage|p2a: Tropius|107/328\n|\n|upkeep\n|\n|t:|1713902230\n|switch|p1a: Wigglytuff|Wigglytuff, L96, M|398/424 tox\n|-damage|p1a: Wigglytuff|292/424 tox|[from] Spikes\n|turn|43\n|\n|t:|1713902239\n|move|p2a: Tropius|Protect|p2a: Tropius\n|-singleturn|p2a: Tropius|Protect\n|move|p1a: Wigglytuff|Dazzling Gleam|p2a: Tropius\n|-activate|p2a: Tropius|move: Protect\n|\n|-heal|p1a: Wigglytuff|318/424 tox|[from] item: Leftovers\n|-damage|p1a: Wigglytuff|292/424 tox|[from] psn\n|-item|p2a: Tropius|Sitrus Berry|[from] ability: Harvest\n|upkeep\n|-enditem|p2a: Tropius|Sitrus Berry|[eat]\n|-heal|p2a: Tropius|189/328|[from] item: Sitrus Berry\n|turn|44\n|-message|l0goff forfeited.\n|\n|win|FaZe Alec Baldwin\n|raw|l0goff's rating: 2319 &rarr; <strong>2304</strong><br />(-15 for losing)\n|raw|FaZe Alec Baldwin's rating: 2408 &rarr; <strong>2423</strong><br />(+15 for winning)\n|l|\u2606l0goff\n|player|p1|\n", "inputlog": ">version c1b1c86c731645bae485f5133c3075d0a2ccc25c\n>start {\"formatid\":\"gen9randombattle\",\"seed\":[43964,34996,43062,38027],\"rated\":\"Rated battle\"}\n>player p1 {\"name\":\"l0goff\",\"avatar\":\"2\",\"rating\":2319,\"seed\":[34909,57329,15525,6914]}\n>player p2 {\"name\":\"FaZe Alec Baldwin\",\"avatar\":\"drayden\",\"rating\":2408,\"seed\":[47282,30865,16898,22728]}\n>p1 move focusblast\n>p2 move stoneedge\n>p1 move shadowball\n>p2 move stoneedge\n>p2 switch 2\n>p1 switch 2\n>p2 move behemothblade\n>p1 move sacredfire\n>p2 switch 4\n>p1 switch 4\n>p2 switch 6\n>p1 move icebeam\n>p2 move taunt\n>p1 move icebeam\n>p2 move spikes\n>p1 switch 2\n>p2 move gunkshot\n>p1 switch 6\n>p1 move hydropump\n>p2 switch 5\n>p1 switch 3\n>p2 move roost\n>p1 move wildcharge\n>p2 move roost\n>p1 move wildcharge\n>p2 switch 3\n>p1 move icefang\n>p2 move protect\n>p1 move wildcharge\n>p2 switch 5\n>p2 switch 3\n>p1 move voltswitch\n>p2 move roost\n>p1 switch 5\n>p1 move stealthrock\n>p2 move roost\n>p1 move thunderwave\n>p2 move toxic\n>p1 move knockoff\n>p2 move toxic\n>p1 switch 2\n>p2 move spikes\n>p1 move icebeam\n>p2 move spikes\n>p1 move icebeam\n>p2 move roost\n>p2 switch 4\n>p1 move thunderwave terastallize\n>p2 move swordsdance\n>p1 move thunderbolt\n>p2 move playrough\n>p1 move thunderbolt\n>p2 move playrough\n>p2 switch 5\n>p1 move thunderbolt\n>p2 move leechseed terastallize\n>p1 move thunderwave\n>p2 move substitute\n>p1 move thunderbolt\n>p2 move leechseed\n>p1 move bodypress\n>p2 move substitute\n>p1 move bodypress\n>p2 move substitute\n>p1 move bodypress\n>p2 move substitute\n>p1 move bodypress\n>p2 move protect\n>p1 switch 4\n>p1 move flareblitz\n>p2 switch 6\n>p1 move flareblitz\n>p2 move surf\n>p1 switch 3\n>p1 move darkpulse\n>p2 move energyball\n>p2 switch 6\n>p1 move darkpulse\n>p2 move substitute\n>p1 move darkpulse\n>p2 move substitute\n>p1 move darkpulse\n>p2 move substitute\n>p1 move darkpulse\n>p2 move protect\n>p1 move darkpulse\n>p2 move substitute\n>p1 move darkpulse\n>p2 move substitute\n>p1 switch 5\n>p1 move wildcharge\n>p2 move leechseed\n>p1 move wildcharge\n>p2 move substitute\n>p1 switch 2\n>p1 move dazzlinggleam\n>p2 move protect\n>forcelose p1", "uploadtime": 1713902252, "views": 252, "formatid": "gen9randombattle", "rating": 2304, "private": 0, "password": null}