{"id": "gen9randombattle-2260834910", "format": "[Gen 9] Random Battle", "players": ["Squatch159", "fifachu"], "log": "|j|\u2606Squatch159\n|j|\u2606fifachu\n|t:|1733900893\n|gametype|singles\n|player|p1|Squatch159|2|1583\n|player|p2|fifachu|170|1572\n|teamsize|p1|6\n|teamsize|p2|6\n|gen|9\n|tier|[Gen 9] Random Battle\n|rated|\n|rule|Species Clause: Limit one of each Pok\u00e9mon\n|rule|HP Percentage Mod: HP is shown in percentages\n|rule|Sleep Clause Mod: Limit one foe put to sleep\n|rule|Illusion Level Mod: Illusion disguises the Pok\u00e9mon's true level\n|\n|t:|1733900893\n|start\n|switch|p1a: Honchkrow|Honchkrow, L86, F|312/312\n|switch|p2a: Tsareena|Tsareena, L87, F|267/267\n|turn|1\n|\n|t:|1733900919\n|move|p2a: Tsareena|U-turn|p1a: Honchkrow\n|-damage|p1a: Honchkrow|219/312\n|\n|t:|1733900925\n|switch|p2a: Vigoroth|Vigoroth, L85, M|275/275|[from] U-turn\n|move|p1a: Honchkrow|Heat Wave|p2a: Vigoroth|[miss]\n|-miss|p1a: Honchkrow|p2a: Vigoroth\n|\n|upkeep\n|turn|2\n|\n|t:|1733900930\n|move|p2a: Vigoroth|Body Slam|p1a: Honchkrow\n|-damage|p1a: Honchkrow|110/312\n|move|p1a: Honchkrow|U-turn|p2a: Vigoroth\n|-damage|p2a: Vigoroth|227/275\n|\n|t:|1733900936\n|switch|p1a: Wigglytuff|Wigglytuff, L96, F|424/424|[from] U-turn\n|\n|upkeep\n|turn|3\n|\n|t:|1733900956\n|move|p2a: Vigoroth|Body Slam|p1a: Wigglytuff\n|-damage|p1a: Wigglytuff|309/424\n|move|p1a: Wigglytuff|Thunder Wave|p2a: Vigoroth\n|-status|p2a: Vigoroth|par\n|\n|-heal|p1a: Wigglytuff|335/424|[from] item: Leftovers\n|upkeep\n|turn|4\n|\n|t:|1733900960\n|move|p1a: Wigglytuff|Dazzling Gleam|p2a: Vigoroth\n|-damage|p2a: Vigoroth|140/275 par\n|cant|p2a: Vigoroth|par\n|\n|-heal|p1a: Wigglytuff|361/424|[from] item: Leftovers\n|upkeep\n|turn|5\n|\n|t:|1733900964\n|move|p1a: Wigglytuff|Dazzling Gleam|p2a: Vigoroth\n|-damage|p2a: Vigoroth|41/275 par\n|cant|p2a: Vigoroth|par\n|\n|-heal|p1a: Wigglytuff|387/424|[from] item: Leftovers\n|upkeep\n|turn|6\n|\n|t:|1733900969\n|move|p1a: Wigglytuff|Dazzling Gleam|p2a: Vigoroth\n|-damage|p2a: Vigoroth|0 fnt\n|faint|p2a: Vigoroth\n|\n|-heal|p1a: Wigglytuff|413/424|[from] item: Leftovers\n|upkeep\n|\n|t:|1733900971\n|switch|p2a: Tsareena|Tsareena, L87, F|267/267\n|turn|7\n|\n|t:|1733900975\n|move|p2a: Tsareena|Power Whip|p1a: Wigglytuff\n|-damage|p1a: Wigglytuff|197/424\n|move|p1a: Wigglytuff|Thunder Wave|p2a: Tsareena\n|-status|p2a: Tsareena|par\n|\n|-heal|p1a: Wigglytuff|223/424|[from] item: Leftovers\n|upkeep\n|turn|8\n|\n|t:|1733900981\n|move|p1a: Wigglytuff|Protect|p1a: Wigglytuff\n|-singleturn|p1a: Wigglytuff|Protect\n|move|p2a: Tsareena|Knock Off|p1a: Wigglytuff\n|-activate|p1a: Wigglytuff|move: Protect\n|\n|-heal|p1a: Wigglytuff|249/424|[from] item: Leftovers\n|upkeep\n|turn|9\n|\n|t:|1733900992\n|move|p1a: Wigglytuff|Wish|p1a: Wigglytuff\n|move|p2a: Tsareena|Knock Off|p1a: Wigglytuff\n|-resisted|p1a: Wigglytuff\n|-damage|p1a: Wigglytuff|188/424\n|-enditem|p1a: Wigglytuff|Leftovers|[from] move: Knock Off|[of] p2a: Tsareena\n|\n|upkeep\n|turn|10\n|\n|t:|1733900999\n|move|p1a: Wigglytuff|Dazzling Gleam|p2a: Tsareena\n|-damage|p2a: Tsareena|179/267 par\n|cant|p2a: Tsareena|par\n|\n|-heal|p1a: Wigglytuff|400/424|[from] move: Wish|[wisher] Wigglytuff\n|upkeep\n|turn|11\n|\n|t:|1733901005\n|move|p1a: Wigglytuff|Dazzling Gleam|p2a: Tsareena\n|-damage|p2a: Tsareena|82/267 par\n|move|p2a: Tsareena|Power Whip|p1a: Wigglytuff\n|-damage|p1a: Wigglytuff|171/424\n|\n|upkeep\n|turn|12\n|\n|t:|1733901011\n|move|p1a: Wigglytuff|Dazzling Gleam|p2a: Tsareena\n|-damage|p2a: Tsareena|0 fnt\n|faint|p2a: Tsareena\n|\n|upkeep\n|\n|t:|1733901013\n|switch|p2a: Ho-Oh|Ho-Oh, L71|268/268\n|turn|13\n|\n|t:|1733901015\n|move|p2a: Ho-Oh|Brave Bird|p1a: Wigglytuff\n|-damage|p1a: Wigglytuff|2/424\n|-damage|p2a: Ho-Oh|212/268|[from] Recoil\n|move|p1a: Wigglytuff|Thunder Wave|p2a: Ho-Oh\n|-status|p2a: Ho-Oh|par\n|\n|upkeep\n|turn|14\n|\n|t:|1733901019\n|move|p1a: Wigglytuff|Wish|p1a: Wigglytuff\n|move|p2a: Ho-Oh|Brave Bird|p1a: Wigglytuff\n|-damage|p1a: Wigglytuff|0 fnt\n|faint|p1a: Wigglytuff\n|-damage|p2a: Ho-Oh|211/268 par|[from] Recoil\n|\n|upkeep\n|\n|t:|1733901023\n|switch|p1a: Honchkrow|Honchkrow, L86, F|110/312\n|turn|15\n|\n|t:|1733901028\n|-terastallize|p1a: Honchkrow|Flying\n|move|p1a: Honchkrow|Brave Bird|p2a: Ho-Oh\n|-damage|p2a: Ho-Oh|0 fnt\n|faint|p2a: Ho-Oh\n|-ability|p1a: Honchkrow|Moxie|boost\n|-boost|p1a: Honchkrow|atk|1\n|-damage|p1a: Honchkrow|40/312|[from] Recoil\n|\n|-heal|p1a: Honchkrow|252/312|[from] move: Wish|[wisher] Wigglytuff\n|upkeep\n|\n|t:|1733901035\n|switch|p2a: Tauros|Tauros-Paldea-Aqua, L81, M|254/254\n|-ability|p2a: Tauros|Intimidate|boost\n|-unboost|p1a: Honchkrow|atk|1\n|turn|16\n|\n|t:|1733901041\n|move|p2a: Tauros|Stone Edge|p1a: Honchkrow\n|-supereffective|p1a: Honchkrow\n|-damage|p1a: Honchkrow|0 fnt\n|faint|p1a: Honchkrow\n|\n|upkeep\n|\n|t:|1733901047\n|switch|p1a: Meowscarada|Meowscarada, L78, F|247/247\n|turn|17\n|\n|t:|1733901055\n|switch|p2a: Grumpig|Grumpig, L92, F|297/297\n|move|p1a: Meowscarada|Flower Trick|p2a: Grumpig\n|-start|p1a: Meowscarada|typechange|Grass|[from] ability: Protean\n|-crit|p2a: Grumpig\n|-damage|p2a: Grumpig|182/297\n|\n|-heal|p2a: Grumpig|200/297|[from] item: Leftovers\n|upkeep\n|turn|18\n|\n|t:|1733901062\n|move|p1a: Meowscarada|Knock Off|p2a: Grumpig\n|-supereffective|p2a: Grumpig\n|-damage|p2a: Grumpig|52/297\n|-enditem|p2a: Grumpig|Leftovers|[from] move: Knock Off|[of] p1a: Meowscarada\n|move|p2a: Grumpig|Psychic|p1a: Meowscarada\n|-damage|p1a: Meowscarada|109/247\n|\n|upkeep\n|turn|19\n|\n|t:|1733901069\n|move|p1a: Meowscarada|U-turn|p2a: Grumpig\n|-supereffective|p2a: Grumpig\n|-damage|p2a: Grumpig|0 fnt\n|faint|p2a: Grumpig\n|\n|t:|1733901071\n|switch|p1a: Galvantula|Galvantula, L82, M|249/249|[from] U-turn\n|\n|upkeep\n|\n|t:|1733901075\n|switch|p2a: Gyarados|Gyarados, L79, M|280/280\n|turn|20\n|\n|t:|1733901083\n|-terastallize|p2a: Gyarados|Ground\n|move|p1a: Galvantula|Thunder|p2a: Gyarados\n|-immune|p2a: Gyarados\n|move|p2a: Gyarados|Dragon Dance|p2a: Gyarados\n|-boost|p2a: Gyarados|atk|1\n|-boost|p2a: Gyarados|spe|1\n|\n|upkeep\n|turn|21\n|\n|t:|1733901098\n|move|p2a: Gyarados|Temper Flare|p1a: Galvantula\n|-supereffective|p1a: Galvantula\n|-crit|p1a: Galvantula\n|-damage|p1a: Galvantula|0 fnt\n|faint|p1a: Galvantula\n|-ability|p2a: Gyarados|Moxie|boost\n|-boost|p2a: Gyarados|atk|1\n|\n|upkeep\n|\n|t:|1733901105\n|switch|p1a: Deoxys|Deoxys-Defense, L84|221/221\n|-ability|p1a: Deoxys|Pressure\n|turn|22\n|\n|t:|1733901110\n|move|p2a: Gyarados|Earthquake|p1a: Deoxys\n|-damage|p1a: Deoxys|71/221\n|move|p1a: Deoxys|Cosmic Power|p1a: Deoxys\n|-boost|p1a: Deoxys|def|1\n|-boost|p1a: Deoxys|spd|1\n|\n|-heal|p1a: Deoxys|84/221|[from] item: Leftovers\n|upkeep\n|turn|23\n|\n|t:|1733901114\n|move|p2a: Gyarados|Earthquake|p1a: Deoxys\n|-damage|p1a: Deoxys|0 fnt\n|faint|p1a: Deoxys\n|-ability|p2a: Gyarados|Moxie|boost\n|-boost|p2a: Gyarados|atk|1\n|\n|upkeep\n|\n|t:|1733901118\n|switch|p1a: Inteleon|Inteleon, L81, F|246/246\n|turn|24\n|\n|t:|1733901122\n|move|p2a: Gyarados|Earthquake|p1a: Inteleon\n|-damage|p1a: Inteleon|0 fnt\n|faint|p1a: Inteleon\n|-ability|p2a: Gyarados|Moxie|boost\n|-boost|p2a: Gyarados|atk|1\n|\n|upkeep\n|\n|t:|1733901125\n|switch|p1a: Meowscarada|Meowscarada, L78, F|109/247\n|turn|25\n|\n|t:|1733901127\n|move|p2a: Gyarados|Temper Flare|p1a: Meowscarada\n|-supereffective|p1a: Meowscarada\n|-damage|p1a: Meowscarada|0 fnt\n|faint|p1a: Meowscarada\n|\n|win|fifachu\n|raw|Squatch159's rating: 1583 &rarr; <strong>1562</strong><br />(-21 for losing)\n|raw|fifachu's rating: 1572 &rarr; <strong>1593</strong><br />(+21 for winning)\n|l|\u2606Squatch159\n|player|p1|\n", "inputlog": ">version bfd83cad13791eb5a5a409923076391caf6fb4d4\n>start {\"formatid\":\"gen9randombattle\",\"seed\":[13169,29772,31821,29924],\"rated\":\"Rated battle\"}\n>player p1 {\"name\":\"Squatch159\",\"avatar\":\"2\",\"rating\":1583,\"seed\":[41060,24789,51256,7612]}\n>player p2 {\"name\":\"fifachu\",\"avatar\":\"170\",\"rating\":1572,\"seed\":[24039,29833,33938,17474]}\n>p1 move heatwave\n>p2 move uturn\n>p2 switch 5\n>p1 move uturn\n>p2 move bodyslam\n>p1 switch 5\n>p1 move thunderwave\n>p2 move bodyslam\n>p1 move dazzlinggleam\n>p2 move bodyslam\n>p1 move dazzlinggleam\n>p2 move slackoff\n>p1 move dazzlinggleam\n>p2 move bodyslam\n>p2 switch 5\n>p1 move thunderwave\n>p2 move powerwhip\n>p1 move protect\n>p2 move knockoff\n>p1 move wish\n>p2 move knockoff\n>p1 move dazzlinggleam\n>p2 move powerwhip\n>p1 move dazzlinggleam\n>p2 move powerwhip\n>p1 move dazzlinggleam\n>p2 move powerwhip\n>p2 switch 2\n>p1 move thunderwave\n>p2 move bravebird\n>p1 move wish\n>p2 move bravebird\n>p1 switch 5\n>p1 move bravebird terastallize\n>p2 move sacredfire\n>p2 switch 3\n>p1 move bravebird\n>p2 move stoneedge\n>p1 switch 4\n>p1 move flowertrick\n>p2 switch 6\n>p1 move knockoff\n>p2 move psychic\n>p1 move uturn\n>p2 move psychic\n>p1 switch 2\n>p2 switch 4\n>p1 move thunder\n>p2 move dragondance terastallize\n>p1 move bugbuzz\n>p2 move temperflare\n>p1 switch 6\n>p1 move cosmicpower\n>p2 move earthquake\n>p1 move recover\n>p2 move earthquake\n>p1 switch 3\n>p1 move scald\n>p2 move earthquake\n>p1 switch 2\n>p1 move flowertrick\n>p2 move temperflare", "uploadtime": 1733901168, "views": 1, "formatid": "gen9randombattle", "rating": 1562, "private": 0, "password": null}