{"id": "gen9randombattle-2260656264", "format": "[Gen 9] Random Battle", "players": ["frampton2000", "Micael Lopes"], "log": "|j|\u2606frampton2000\n|j|\u2606Micael Lopes\n|t:|1733874568\n|gametype|singles\n|player|p1|frampton2000|169|1877\n|player|p2|Micael Lopes|benga|1899\n|teamsize|p1|6\n|teamsize|p2|6\n|gen|9\n|tier|[Gen 9] Random Battle\n|rated|\n|rule|Species Clause: Limit one of each Pok\u00e9mon\n|rule|HP Percentage Mod: HP is shown in percentages\n|rule|Sleep Clause Mod: Limit one foe put to sleep\n|rule|Illusion Level Mod: Illusion disguises the Pok\u00e9mon's true level\n|\n|t:|1733874568\n|start\n|switch|p1a: Kingambit|Kingambit, L74, F|270/270\n|switch|p2a: Poliwrath|Poliwrath, L88, M|302/302\n|turn|1\n|inactive|Battle timer is ON: inactive players will automatically lose when time's up. (requested by Micael Lopes)\n|\n|t:|1733874586\n|switch|p2a: Kleavor|Kleavor, L78, M|237/237\n|-end|p1a: Kingambit|fallenundefined|[silent]\n|switch|p1a: Farigiraf|Farigiraf, L91, F|366/366\n|\n|upkeep\n|turn|2\n|\n|t:|1733874593\n|move|p2a: Kleavor|Stone Axe|p1a: Farigiraf\n|-damage|p1a: Farigiraf|189/366\n|-sidestart|p1: frampton2000|move: Stealth Rock\n|move|p1a: Farigiraf|Future Sight|p2a: Kleavor\n|-start|p1a: Farigiraf|move: Future Sight\n|\n|-heal|p1a: Farigiraf|211/366|[from] item: Leftovers\n|upkeep\n|turn|3\n|\n|t:|1733874599\n|switch|p2a: Crawdaunt|Crawdaunt, L84, F|243/243\n|move|p1a: Farigiraf|Protect||[still]\n|-fail|p1a: Farigiraf\n|\n|-heal|p1a: Farigiraf|233/366|[from] item: Leftovers\n|upkeep\n|turn|4\n|\n|t:|1733874605\n|move|p1a: Farigiraf|Hyper Voice|p2a: Crawdaunt\n|-damage|p2a: Crawdaunt|80/243\n|move|p2a: Crawdaunt|Dragon Dance|p2a: Crawdaunt\n|-boost|p2a: Crawdaunt|atk|1\n|-boost|p2a: Crawdaunt|spe|1\n|\n|-end|p2a: Crawdaunt|move: Future Sight\n|-immune|p2a: Crawdaunt\n|-heal|p1a: Farigiraf|255/366|[from] item: Leftovers\n|upkeep\n|turn|5\n|\n|t:|1733874610\n|switch|p1a: Tauros|Tauros-Paldea-Aqua, L81, M|252/252\n|-damage|p1a: Tauros|237/252|[from] Stealth Rock\n|move|p2a: Crawdaunt|Knock Off|p1a: Tauros\n|-resisted|p1a: Tauros\n|-damage|p1a: Tauros|103/252\n|-enditem|p1a: Tauros|Sitrus Berry|[from] move: Knock Off|[of] p2a: Crawdaunt\n|-damage|p2a: Crawdaunt|56/243|[from] item: Life Orb\n|\n|upkeep\n|turn|6\n|\n|t:|1733874618\n|move|p2a: Crawdaunt|Crabhammer|p1a: Tauros\n|-resisted|p1a: Tauros\n|-damage|p1a: Tauros|0 fnt\n|faint|p1a: Tauros\n|-damage|p2a: Crawdaunt|32/243|[from] item: Life Orb\n|\n|upkeep\n|\n|t:|1733874623\n|switch|p1a: Kingambit|Kingambit, L74, F|270/270\n|-damage|p1a: Kingambit|254/270|[from] Stealth Rock\n|-activate|p1a: Kingambit|ability: Supreme Overlord\n|-start|p1a: Kingambit|fallen1|[silent]\n|turn|7\n|\n|t:|1733874631\n|switch|p2a: Kleavor|Kleavor, L78, M|237/237\n|move|p1a: Kingambit|Sucker Punch||[still]\n|-fail|p1a: Kingambit\n|\n|-heal|p1a: Kingambit|270/270|[from] item: Leftovers\n|upkeep\n|turn|8\n|\n|t:|1733874635\n|move|p2a: Kleavor|Close Combat|p1a: Kingambit\n|-supereffective|p1a: Kingambit\n|-damage|p1a: Kingambit|0 fnt\n|-unboost|p2a: Kleavor|def|1\n|-unboost|p2a: Kleavor|spd|1\n|faint|p1a: Kingambit\n|-end|p1a: Kingambit|fallen1|[silent]\n|\n|upkeep\n|\n|t:|1733874639\n|switch|p1a: Espeon|Espeon, L84, F|246/246\n|-damage|p1a: Espeon|216/246|[from] Stealth Rock\n|turn|9\n|\n|t:|1733874645\n|switch|p2a: Tyranitar|Tyranitar, L79, M|288/288\n|-weather|Sandstorm|[from] ability: Sand Stream|[of] p2a: Tyranitar\n|move|p1a: Espeon|Calm Mind|p1a: Espeon\n|-boost|p1a: Espeon|spa|1\n|-boost|p1a: Espeon|spd|1\n|\n|-weather|Sandstorm|[upkeep]\n|-damage|p1a: Espeon|201/246|[from] Sandstorm\n|upkeep\n|turn|10\n|-message|frampton2000 forfeited.\n|\n|win|Micael Lopes\n|raw|frampton2000's rating: 1877 &rarr; <strong>1858</strong><br />(-19 for losing)\n|raw|Micael Lopes's rating: 1899 &rarr; <strong>1918</strong><br />(+19 for winning)\n|l|\u2606frampton2000\n|player|p1|\n|c|\u2606Micael Lopes|**__Sexy game.__**\n", "inputlog": ">version bfd83cad13791eb5a5a409923076391caf6fb4d4\n>start {\"formatid\":\"gen9randombattle\",\"seed\":[31118,3016,22006,45200],\"rated\":\"Rated battle\"}\n>player p1 {\"name\":\"frampton2000\",\"avatar\":\"169\",\"rating\":1877,\"seed\":[15082,11826,38940,45167]}\n>player p2 {\"name\":\"Micael Lopes\",\"avatar\":\"benga\",\"rating\":1899,\"seed\":[25815,65083,4058,38192]}\n>p1 switch 4\n>p2 switch 6\n>p1 move futuresight\n>p2 move stoneaxe\n>p1 move protect\n>p2 switch 2\n>p1 move hypervoice\n>p2 move dragondance\n>p1 switch 3\n>p2 move knockoff\n>p1 move closecombat\n>p2 move crabhammer\n>p1 switch 4\n>p1 move suckerpunch\n>p2 switch 2\n>p1 move ironhead\n>p2 move closecombat\n>p1 switch 6\n>p1 move calmmind\n>p2 switch 4\n>forcelose p1", "uploadtime": 1733874669, "views": 1, "formatid": "gen9randombattle", "rating": 1858, "private": 0, "password": null}