{"id": "gen9randombattle-2078035464", "format": "[Gen 9] Random Battle", "players": ["Aqua", "Referrals"], "log": "|j|\u2606Aqua\n|j|\u2606Referrals\n|t:|1710106697\n|gametype|singles\n|player|p1|Aqua|#rbtt6teamlatias|2240\n|player|p2|Referrals|roark|2349\n|teamsize|p1|6\n|teamsize|p2|6\n|gen|9\n|tier|[Gen 9] Random Battle\n|rated|\n|rule|Species Clause: Limit one of each Pok\u00e9mon\n|rule|HP Percentage Mod: HP is shown in percentages\n|rule|Sleep Clause Mod: Limit one foe put to sleep\n|rule|Illusion Level Mod: Illusion disguises the Pok\u00e9mon's true level\n|\n|t:|1710106697\n|start\n|switch|p1a: Lanturn|Lanturn, L89, M|367/367\n|switch|p2a: Snorlax|Snorlax, L82, F|397/397\n|turn|1\n|inactive|Battle timer is ON: inactive players will automatically lose when time's up. (requested by Referrals)\n|c|\u2606Referrals|o.o\n|c|\u2606Referrals|round 2\n|c|\u2606Aqua|ladder's gotten worse :(\n|inactive|Aqua has 120 seconds left.\n|inactive|Referrals has 120 seconds left.\n|c|\u2606Referrals|indeed :c\n|j| anwesenheit\n|inactive|Referrals has 90 seconds left.\n|\n|t:|1710106769\n|move|p1a: Lanturn|Scald|p2a: Snorlax\n|-crit|p2a: Snorlax\n|-damage|p2a: Snorlax|291/397\n|-status|p2a: Snorlax|brn\n|move|p2a: Snorlax|Curse|p2a: Snorlax\n|-unboost|p2a: Snorlax|spe|1\n|-boost|p2a: Snorlax|atk|1\n|-boost|p2a: Snorlax|def|1\n|\n|-heal|p2a: Snorlax|315/397 brn|[from] item: Leftovers\n|-damage|p2a: Snorlax|291/397 brn|[from] brn\n|upkeep\n|turn|2\n|\n|t:|1710106777\n|move|p1a: Lanturn|Volt Switch|p2a: Snorlax\n|-damage|p2a: Snorlax|236/397 brn\n|\n|t:|1710106783\n|switch|p1a: Hitmonchan|Hitmonchan, L87, M|229/229|[from] Volt Switch\n|move|p2a: Snorlax|Curse|p2a: Snorlax\n|-unboost|p2a: Snorlax|spe|1\n|-boost|p2a: Snorlax|atk|1\n|-boost|p2a: Snorlax|def|1\n|\n|-heal|p2a: Snorlax|260/397 brn|[from] item: Leftovers\n|-damage|p2a: Snorlax|236/397 brn|[from] brn\n|upkeep\n|turn|3\n|\n|t:|1710106791\n|move|p1a: Hitmonchan|Bulk Up|p1a: Hitmonchan\n|-boost|p1a: Hitmonchan|atk|1\n|-boost|p1a: Hitmonchan|def|1\n|move|p2a: Snorlax|Body Slam|p1a: Hitmonchan\n|-damage|p1a: Hitmonchan|158/229\n|-status|p1a: Hitmonchan|par\n|\n|-heal|p1a: Hitmonchan|172/229 par|[from] item: Leftovers\n|-heal|p2a: Snorlax|260/397 brn|[from] item: Leftovers\n|-damage|p2a: Snorlax|236/397 brn|[from] brn\n|upkeep\n|turn|4\n|inactive|Referrals has 120 seconds left.\n|\n|t:|1710106845\n|switch|p2a: Golem|Golem, L87, M|281/281\n|move|p1a: Hitmonchan|Knock Off|p2a: Golem\n|-damage|p2a: Golem|201/281\n|-enditem|p2a: Golem|Weakness Policy|[from] move: Knock Off|[of] p1a: Hitmonchan\n|\n|-heal|p1a: Hitmonchan|186/229 par|[from] item: Leftovers\n|upkeep\n|turn|5\n|\n|t:|1710106858\n|move|p2a: Golem|Explosion|p1a: Hitmonchan\n|-damage|p1a: Hitmonchan|27/229 par\n|faint|p2a: Golem\n|cant|p1a: Hitmonchan|par\n|\n|-heal|p1a: Hitmonchan|41/229 par|[from] item: Leftovers\n|upkeep\n|\n|t:|1710106865\n|switch|p2a: Cyclizar|Cyclizar, L83, F|252/252\n|turn|6\n|\n|t:|1710106871\n|switch|p1a: Corviknight|Corviknight, L80, F|288/288\n|move|p2a: Cyclizar|Draco Meteor|p1a: Corviknight\n|-resisted|p1a: Corviknight\n|-damage|p1a: Corviknight|225/288\n|-unboost|p2a: Cyclizar|spa|2\n|\n|-heal|p1a: Corviknight|243/288|[from] item: Leftovers\n|upkeep\n|turn|7\n|\n|t:|1710106882\n|move|p2a: Cyclizar|Shed Tail|p2a: Cyclizar\n|-start|p2a: Cyclizar|Substitute|[from] move: Shed Tail\n|-damage|p2a: Cyclizar|126/252\n|\n|t:|1710106885\n|switch|p2a: Mienshao|Mienshao, L83, M|243/243|[from] Shed Tail\n|move|p1a: Corviknight|Brave Bird|p2a: Mienshao\n|-supereffective|p2a: Mienshao\n|-end|p2a: Mienshao|Substitute\n|-damage|p1a: Corviknight|222/288|[from] Recoil|[of] p2a: Mienshao\n|\n|-heal|p1a: Corviknight|240/288|[from] item: Leftovers\n|upkeep\n|turn|8\n|\n|t:|1710106893\n|switch|p1a: Gliscor|Gliscor, L76, M|239/239\n|move|p2a: Mienshao|High Jump Kick|p1a: Gliscor\n|-resisted|p1a: Gliscor\n|-damage|p1a: Gliscor|118/239\n|\n|-status|p1a: Gliscor|tox|[from] item: Toxic Orb\n|upkeep\n|turn|9\n|c|\u2606Aqua|relax :(\n|inactive|Aqua has 120 seconds left.\n|inactive|Referrals has 120 seconds left.\n|c|\u2606Referrals|sorry u_u\n|inactive|Aqua has 90 seconds left.\n|inactive|Referrals has 90 seconds left.\n|c|\u2606Referrals|so um\n|c|\u2606Referrals|do you have protect?\n|c| anwesenheit|lol\n|c|\u2606Aqua|I will protect my privacy\n|\n|t:|1710106982\n|move|p1a: Gliscor|Protect|p1a: Gliscor\n|-singleturn|p1a: Gliscor|Protect\n|move|p2a: Mienshao|High Jump Kick|p1a: Gliscor\n|-activate|p1a: Gliscor|move: Protect\n|-damage|p2a: Mienshao|122/243|[from] highjumpkick\n|\n|-heal|p1a: Gliscor|147/239 tox|[from] ability: Poison Heal\n|upkeep\n|turn|10\n|c|\u2606Referrals|aw\n|\n|t:|1710106994\n|-terastallize|p2a: Mienshao|Fighting\n|move|p2a: Mienshao|High Jump Kick|p1a: Gliscor\n|-resisted|p1a: Gliscor\n|-damage|p1a: Gliscor|0 fnt\n|faint|p1a: Gliscor\n|\n|upkeep\n|\n|t:|1710107010\n|switch|p1a: Lanturn|Lanturn, L89, M|367/367\n|turn|11\n|inactive|Aqua has 60 seconds left.\n|\n|t:|1710107045\n|switch|p2a: Snorlax|Snorlax, L82, F|236/397 brn\n|move|p1a: Lanturn|Volt Switch|p2a: Snorlax\n|-crit|p2a: Snorlax\n|-damage|p2a: Snorlax|149/397 brn\n|\n|t:|1710107066\n|switch|p1a: Zamazenta|Zamazenta-Crowned, L69|241/241|[from] Volt Switch\n|-ability|p1a: Zamazenta|Dauntless Shield|boost\n|-boost|p1a: Zamazenta|def|1\n|\n|-heal|p2a: Snorlax|173/397 brn|[from] item: Leftovers\n|-damage|p2a: Snorlax|149/397 brn|[from] brn\n|upkeep\n|turn|12\n|inactive|Referrals has 90 seconds left.\n|\n|t:|1710107075\n|move|p1a: Zamazenta|Iron Defense|p1a: Zamazenta\n|-boost|p1a: Zamazenta|def|2\n|move|p2a: Snorlax|Body Slam|p1a: Zamazenta\n|-resisted|p1a: Zamazenta\n|-damage|p1a: Zamazenta|232/241\n|-status|p1a: Zamazenta|par\n|\n|-heal|p2a: Snorlax|173/397 brn|[from] item: Leftovers\n|-damage|p2a: Snorlax|149/397 brn|[from] brn\n|upkeep\n|turn|13\n|inactive|Referrals has 90 seconds left.\n|\n|t:|1710107089\n|switch|p2a: Ogerpon|Ogerpon-Wellspring, L76, F|247/247\n|move|p1a: Zamazenta|Iron Defense|p1a: Zamazenta\n|-boost|p1a: Zamazenta|def|2\n|\n|upkeep\n|turn|14\n|\n|t:|1710107097\n|move|p2a: Ogerpon|Ivy Cudgel|p1a: Zamazenta|[anim] Ivy Cudgel Water\n|-damage|p1a: Zamazenta|199/241 par\n|cant|p1a: Zamazenta|par\n|\n|upkeep\n|turn|15\n|\n|t:|1710107103\n|move|p2a: Ogerpon|Ivy Cudgel|p1a: Zamazenta|[anim] Ivy Cudgel Water\n|-damage|p1a: Zamazenta|166/241 par\n|move|p1a: Zamazenta|Body Press|p2a: Ogerpon\n|-damage|p2a: Ogerpon|0 fnt\n|faint|p2a: Ogerpon\n|\n|upkeep\n|\n|t:|1710107110\n|switch|p2a: Cyclizar|Cyclizar, L83, F|210/252\n|turn|16\n|\n|t:|1710107114\n|move|p2a: Cyclizar|Shed Tail|p2a: Cyclizar\n|-start|p2a: Cyclizar|Substitute|[from] move: Shed Tail\n|-damage|p2a: Cyclizar|84/252\n|\n|t:|1710107121\n|switch|p2a: Mienshao|Mienshao, L83, M, tera:Fighting|122/243|[from] Shed Tail\n|move|p1a: Zamazenta|Body Press|p2a: Mienshao\n|-crit|p2a: Mienshao\n|-end|p2a: Mienshao|Substitute\n|\n|upkeep\n|turn|17\n|inactive|Referrals has 120 seconds left.\n|\n|t:|1710107147\n|switch|p1a: Hitmonchan|Hitmonchan, L87, M|41/229 par\n|move|p2a: Mienshao|U-turn|p1a: Hitmonchan\n|-resisted|p1a: Hitmonchan\n|-damage|p1a: Hitmonchan|0 fnt\n|faint|p1a: Hitmonchan\n|inactive|Referrals has 120 seconds left.\n|\n|t:|1710107155\n|switch|p2a: Cyclizar|Cyclizar, L83, F|168/252|[from] U-turn\n|\n|upkeep\n|inactive|Aqua has 60 seconds left.\n|\n|t:|1710107198\n|switch|p1a: Corviknight|Corviknight, L80, F|240/288\n|turn|18\n|inactive|Aqua has 30 seconds left.\n|\n|t:|1710107220\n|move|p2a: Cyclizar|Shed Tail|p2a: Cyclizar\n|-start|p2a: Cyclizar|Substitute|[from] move: Shed Tail\n|-damage|p2a: Cyclizar|42/252\n|\n|t:|1710107223\n|switch|p2a: Mienshao|Mienshao, L83, M, tera:Fighting|122/243|[from] Shed Tail\n|move|p1a: Corviknight|Body Press|p2a: Mienshao\n|-end|p2a: Mienshao|Substitute\n|\n|-heal|p1a: Corviknight|258/288|[from] item: Leftovers\n|upkeep\n|turn|19\n|\n|t:|1710107232\n|switch|p1a: Zamazenta|Zamazenta-Crowned, L69|166/241 par\n|move|p2a: Mienshao|High Jump Kick|p1a: Zamazenta\n|-supereffective|p1a: Zamazenta\n|-damage|p1a: Zamazenta|0 fnt\n|faint|p1a: Zamazenta\n|\n|upkeep\n|\n|t:|1710107239\n|switch|p1a: Lanturn|Lanturn, L89, M|367/367\n|turn|20\n|inactive|Aqua has 30 seconds left.\n|\n|t:|1710107262\n|switch|p2a: Cyclizar|Cyclizar, L83, F|126/252\n|-terastallize|p1a: Lanturn|Flying\n|move|p1a: Lanturn|Thunder Wave|p2a: Cyclizar\n|-status|p2a: Cyclizar|par\n|\n|upkeep\n|turn|21\n|\n|t:|1710107269\n|move|p1a: Lanturn|Volt Switch|p2a: Cyclizar\n|-resisted|p2a: Cyclizar\n|-damage|p2a: Cyclizar|87/252 par\n|\n|t:|1710107274\n|switch|p1a: Corviknight|Corviknight, L80, F|258/288|[from] Volt Switch\n|move|p2a: Cyclizar|Draco Meteor|p1a: Corviknight\n|-resisted|p1a: Corviknight\n|-damage|p1a: Corviknight|193/288\n|-unboost|p2a: Cyclizar|spa|2\n|\n|-heal|p1a: Corviknight|211/288|[from] item: Leftovers\n|upkeep\n|turn|22\n|\n|t:|1710107288\n|switch|p1a: Gogoat|Gogoat, L88, M|360/360\n|switch|p2a: Snorlax|Snorlax, L82, F|149/397 brn\n|\n|-heal|p2a: Snorlax|173/397 brn|[from] item: Leftovers\n|-damage|p2a: Snorlax|149/397 brn|[from] brn\n|upkeep\n|turn|23\n|\n|t:|1710107294\n|switch|p2a: Mienshao|Mienshao, L83, M, tera:Fighting|122/243\n|move|p1a: Gogoat|Bulk Up|p1a: Gogoat\n|-boost|p1a: Gogoat|atk|1\n|-boost|p1a: Gogoat|def|1\n|\n|upkeep\n|turn|24\n|inactive|Referrals has 120 seconds left.\n|\n|t:|1710107332\n|move|p2a: Mienshao|U-turn|p1a: Gogoat\n|-supereffective|p1a: Gogoat\n|-damage|p1a: Gogoat|222/360\n|\n|t:|1710107337\n|switch|p2a: Snorlax|Snorlax, L82, F|149/397 brn|[from] U-turn\n|move|p1a: Gogoat|Horn Leech|p2a: Snorlax\n|-damage|p2a: Snorlax|0 fnt\n|-heal|p1a: Gogoat|297/360|[from] drain|[of] p2a: Snorlax\n|faint|p2a: Snorlax\n|\n|-heal|p1a: Gogoat|319/360|[from] item: Leftovers\n|upkeep\n|inactive|Referrals has 120 seconds left.\n|\n|t:|1710107347\n|switch|p2a: Mienshao|Mienshao, L83, M, tera:Fighting|122/243\n|turn|25\n|\n|t:|1710107362\n|switch|p1a: Corviknight|Corviknight, L80, F|211/288\n|move|p2a: Mienshao|High Jump Kick|p1a: Corviknight\n|-damage|p1a: Corviknight|0 fnt\n|faint|p1a: Corviknight\n|\n|upkeep\n|\n|t:|1710107366\n|switch|p1a: Lanturn|Lanturn, L89, M, tera:Flying|367/367\n|turn|26\n|inactive|Aqua has 60 seconds left.\n|\n|t:|1710107386\n|move|p2a: Mienshao|High Jump Kick|p1a: Lanturn\n|-resisted|p1a: Lanturn\n|-damage|p1a: Lanturn|98/367\n|move|p1a: Lanturn|Thunderbolt|p2a: Mienshao\n|-damage|p2a: Mienshao|7/243\n|\n|upkeep\n|turn|27\n|j| latias999999999\n|inactive|Aqua has 60 seconds left.\n|c|\u2606Aqua|I\n|c|\u2606Aqua|didn't expect lanturn to be this garbage\n|c|\u2606Referrals|ngl i\n|inactive|Referrals has 120 seconds left.\n|c|\u2606Referrals|thought i died as well\n|c|\u2606Referrals|was running calcs for my last mon lmao\n|inactive|Aqua has 30 seconds left.\n|c|\u2606Referrals|watch me miss tho\n|\n|t:|1710107426\n|move|p2a: Mienshao|High Jump Kick|p1a: Lanturn\n|-resisted|p1a: Lanturn\n|-damage|p1a: Lanturn|0 fnt\n|faint|p1a: Lanturn\n|\n|upkeep\n|\n|t:|1710107428\n|switch|p1a: Gogoat|Gogoat, L88, M|319/360\n|turn|28\n|l| anwesenheit\n|c|\u2606Aqua|yikes\n|c|\u2606Aqua|gg\n|\n|t:|1710107444\n|move|p2a: Mienshao|High Jump Kick|p1a: Gogoat\n|-damage|p1a: Gogoat|0 fnt\n|faint|p1a: Gogoat\n|\n|win|Referrals\n|raw|Aqua's rating: 2240 &rarr; <strong>2226</strong><br />(-14 for losing)\n|raw|Referrals's rating: 2349 &rarr; <strong>2363</strong><br />(+14 for winning)\n|c|\u2606Referrals|gg\n", "inputlog": ">version 08599569efc0c9562c8bca6905489dc04cb71e95\n>start {\"formatid\":\"gen9randombattle\",\"seed\":[12338,18122,64587,24941],\"rated\":\"Rated battle\"}\n>player p1 {\"name\":\"Aqua\",\"avatar\":\"#rbtt6teamlatias\",\"rating\":2240,\"seed\":[8058,15989,10426,63213]}\n>player p2 {\"name\":\"Referrals\",\"avatar\":\"roark\",\"rating\":2349,\"seed\":[5472,14157,25907,42857]}\n>chat \u2606Referrals|o.o\n>chat \u2606Referrals|round 2\n>chat \u2606Aqua|ladder's gotten worse :(\n>chat \u2606Referrals|indeed :c\n>p1 move scald\n>p2 move curse\n>p1 move voltswitch\n>p2 move curse\n>p1 switch 5\n>p1 move bulkup\n>p2 move bodyslam\n>p1 move knockoff\n>p2 switch 3\n>p1 move drainpunch\n>p2 move explosion\n>p2 switch 5\n>p1 switch 3\n>p2 move dracometeor\n>p1 move bravebird\n>p2 move shedtail\n>p2 switch 2\n>p1 switch 4\n>p2 move highjumpkick\n>chat \u2606Aqua|relax :(\n>chat \u2606Referrals|sorry u_u\n>chat \u2606Referrals|so um\n>chat \u2606Referrals|do you have protect?\n>chat  anwesenheit|lol\n>chat \u2606Aqua|I will protect my privacy\n>p1 move protect\n>p2 move highjumpkick\n>chat \u2606Referrals|aw\n>p1 move earthquake\n>p2 move highjumpkick terastallize\n>p1 switch 5\n>p1 move voltswitch\n>p2 switch 3\n>p1 switch 2\n>p1 move irondefense\n>p2 move bodyslam\n>p1 move irondefense\n>p2 switch 4\n>p1 move bodypress\n>p2 move ivycudgel\n>p1 move bodypress\n>p2 move ivycudgel\n>p2 switch 2\n>p1 move bodypress\n>p2 move shedtail\n>p2 switch 3\n>p1 switch 3\n>p2 move uturn\n>p2 switch 3\n>p1 switch 4\n>p1 move bodypress\n>p2 move shedtail\n>p2 switch 3\n>p1 switch 3\n>p2 move highjumpkick\n>p1 switch 2\n>p1 move thunderwave terastallize\n>p2 switch 3\n>p1 move voltswitch\n>p2 move dracometeor\n>p1 switch 3\n>p1 switch 6\n>p2 switch 4\n>p1 move bulkup\n>p2 switch 3\n>p1 move hornleech\n>p2 move uturn\n>p2 switch 3\n>p2 switch 3\n>p1 switch 6\n>p2 move highjumpkick\n>p1 switch 3\n>p1 move thunderbolt\n>p2 move highjumpkick\n>chat \u2606Aqua|I\n>chat \u2606Aqua|didn't expect lanturn to be this garbage\n>chat \u2606Referrals|ngl i\n>chat \u2606Referrals|thought i died as well\n>chat \u2606Referrals|was running calcs for my last mon lmao\n>chat \u2606Referrals|watch me miss tho\n>p1 move voltswitch\n>p2 move highjumpkick\n>p1 switch 6\n>chat \u2606Aqua|yikes \n>chat \u2606Aqua|gg\n>p1 move bulkup\n>p2 move highjumpkick", "uploadtime": 1710107448, "views": 264, "formatid": "gen9randombattle", "rating": 2226, "private": 0, "password": null}