{"id": "gen9randombattle-2108827885", "format": "[Gen 9] Random Battle", "players": ["bomby23", "Separation"], "log": "|uhtml|medal-msg|<div class=\"broadcast-blue\">Curious what those medals under the avatar are? PS now has Ladder Seasons! For more information, check out the <a href=\"https://www.smogon.com/forums/threads/3740067/\">thread on Smogon.</a></div>\n|badge|p2|bronze|gen9randombattle|100-1\n|uhtml|medal-msg|<div class=\"broadcast-blue\">Curious what those medals under the avatar are? PS now has Ladder Seasons! For more information, check out the <a href=\"https://www.smogon.com/forums/threads/3740067/\">thread on Smogon.</a></div>\n|j|\u2606bomby23\n|j|\u2606Separation\n|t:|1713765670\n|gametype|singles\n|player|p1|bomby23|hilbert|2207\n|player|p2|Separation|acetrainerf-gen4dp|2390\n|teamsize|p1|6\n|teamsize|p2|6\n|gen|9\n|tier|[Gen 9] Random Battle\n|rated|\n|rule|Species Clause: Limit one of each Pok\u00e9mon\n|rule|HP Percentage Mod: HP is shown in percentages\n|rule|Sleep Clause Mod: Limit one foe put to sleep\n|rule|Illusion Level Mod: Illusion disguises the Pok\u00e9mon's true level\n|\n|t:|1713765670\n|start\n|switch|p1a: Slither Wing|Slither Wing, L81|270/270\n|switch|p2a: Sableye|Sableye, L90, M|236/236\n|turn|1\n|\n|t:|1713765685\n|-end|p1a: Slither Wing|Protosynthesis|[silent]\n|switch|p1a: Gurdurr|Gurdurr, L85, F|283/283\n|move|p2a: Sableye|Will-O-Wisp|p1a: Gurdurr\n|-status|p1a: Gurdurr|brn\n|\n|-damage|p1a: Gurdurr|266/283 brn|[from] brn\n|upkeep\n|turn|2\n|\n|t:|1713765693\n|move|p2a: Sableye|Knock Off|p1a: Gurdurr\n|-resisted|p1a: Gurdurr\n|-damage|p1a: Gurdurr|230/283 brn\n|-enditem|p1a: Gurdurr|Eviolite|[from] move: Knock Off|[of] p2a: Sableye\n|move|p1a: Gurdurr|Knock Off|p2a: Sableye\n|-damage|p2a: Sableye|120/236\n|-enditem|p2a: Sableye|Leftovers|[from] move: Knock Off|[of] p1a: Gurdurr\n|\n|-damage|p1a: Gurdurr|213/283 brn|[from] brn\n|upkeep\n|turn|3\n|\n|t:|1713765699\n|switch|p1a: Bellibolt|Bellibolt, L84, F|320/320\n|move|p2a: Sableye|Recover|p2a: Sableye\n|-heal|p2a: Sableye|236/236\n|\n|upkeep\n|turn|4\n|\n|t:|1713765707\n|switch|p2a: Gliscor|Gliscor, L76, M|239/239\n|move|p1a: Bellibolt|Toxic|p2a: Gliscor\n|-status|p2a: Gliscor|tox\n|\n|upkeep\n|turn|5\n|\n|t:|1713765732\n|move|p2a: Gliscor|Toxic Spikes|p1a: Bellibolt\n|-sidestart|p1: bomby23|move: Toxic Spikes\n|move|p1a: Bellibolt|Muddy Water|p2a: Gliscor\n|-supereffective|p2a: Gliscor\n|-damage|p2a: Gliscor|87/239 tox\n|\n|-heal|p2a: Gliscor|116/239 tox|[from] ability: Poison Heal\n|upkeep\n|turn|6\n|\n|t:|1713765740\n|switch|p1a: Golduck|Golduck, L90, M|290/290\n|-status|p1a: Golduck|psn\n|-ability|p1a: Golduck|Cloud Nine\n|move|p2a: Gliscor|Protect||[still]\n|-fail|p2a: Gliscor\n|\n|-damage|p1a: Golduck|254/290 psn|[from] psn\n|-heal|p2a: Gliscor|145/239 tox|[from] ability: Poison Heal\n|upkeep\n|turn|7\n|\n|t:|1713765750\n|switch|p2a: Sableye|Sableye, L90, M|236/236\n|move|p1a: Golduck|Hydro Pump|p2a: Sableye\n|-damage|p2a: Sableye|4/236\n|\n|-damage|p1a: Golduck|218/290 psn|[from] psn\n|upkeep\n|turn|8\n|\n|t:|1713765775\n|move|p1a: Golduck|Hydro Pump|p2a: Sableye\n|-damage|p2a: Sableye|0 fnt\n|faint|p2a: Sableye\n|\n|-damage|p1a: Golduck|182/290 psn|[from] psn\n|upkeep\n|\n|t:|1713765795\n|switch|p2a: Dodrio|Dodrio, L85, M|241/241\n|turn|9\n|\n|t:|1713765828\n|switch|p1a: Bellibolt|Bellibolt, L84, F|320/320\n|-status|p1a: Bellibolt|psn\n|move|p2a: Dodrio|Brave Bird|p1a: Bellibolt\n|-resisted|p1a: Bellibolt\n|-damage|p1a: Bellibolt|245/320 psn\n|-start|p1a: Bellibolt|Charge|Brave Bird|[from] ability: Electromorphosis\n|-damage|p2a: Dodrio|216/241|[from] Recoil\n|\n|-heal|p1a: Bellibolt|265/320 psn|[from] item: Leftovers\n|-damage|p1a: Bellibolt|225/320 psn|[from] psn\n|upkeep\n|turn|10\n|\n|t:|1713765843\n|move|p2a: Dodrio|Swords Dance|p2a: Dodrio\n|-boost|p2a: Dodrio|atk|2\n|move|p1a: Bellibolt|Muddy Water|p2a: Dodrio\n|-damage|p2a: Dodrio|134/241\n|\n|-heal|p1a: Bellibolt|245/320 psn|[from] item: Leftovers\n|-damage|p1a: Bellibolt|205/320 psn|[from] psn\n|upkeep\n|turn|11\n|\n|t:|1713765846\n|move|p2a: Dodrio|Drill Run|p1a: Bellibolt\n|-supereffective|p1a: Bellibolt\n|-damage|p1a: Bellibolt|0 fnt\n|faint|p1a: Bellibolt\n|\n|upkeep\n|\n|t:|1713765861\n|switch|p1a: Slither Wing|Slither Wing, L81|270/270\n|-status|p1a: Slither Wing|psn\n|turn|12\n|\n|t:|1713765867\n|move|p1a: Slither Wing|First Impression|p2a: Dodrio\n|-resisted|p2a: Dodrio\n|-damage|p2a: Dodrio|43/241\n|-damage|p1a: Slither Wing|243/270 psn|[from] item: Life Orb\n|move|p2a: Dodrio|Brave Bird|p1a: Slither Wing\n|-supereffective|p1a: Slither Wing\n|-damage|p1a: Slither Wing|0 fnt\n|faint|p1a: Slither Wing\n|-end|p1a: Slither Wing|Protosynthesis|[silent]\n|-damage|p2a: Dodrio|0 fnt|[from] Recoil\n|faint|p2a: Dodrio\n|\n|upkeep\n|\n|t:|1713765911\n|switch|p2a: Terrakion|Terrakion, L79|273/273\n|switch|p1a: Gurdurr|Gurdurr, L85, F|213/283 brn\n|turn|13\n|\n|t:|1713765917\n|switch|p2a: Gliscor|Gliscor, L76, M|145/239 tox\n|switch|p1a: Golduck|Golduck, L90, M|182/290 psn\n|-ability|p1a: Golduck|Cloud Nine\n|\n|-damage|p1a: Golduck|146/290 psn|[from] psn\n|-heal|p2a: Gliscor|174/239 tox|[from] ability: Poison Heal\n|upkeep\n|turn|14\n|\n|t:|1713765919\n|move|p2a: Gliscor|Protect|p2a: Gliscor\n|-singleturn|p2a: Gliscor|Protect\n|move|p1a: Golduck|Hydro Pump|p2a: Gliscor\n|-activate|p2a: Gliscor|move: Protect\n|\n|-damage|p1a: Golduck|110/290 psn|[from] psn\n|-heal|p2a: Gliscor|203/239 tox|[from] ability: Poison Heal\n|upkeep\n|turn|15\n|\n|t:|1713765928\n|switch|p2a: Hippowdon|Hippowdon, L82, F|311/311\n|-weather|Sandstorm|[from] ability: Sand Stream|[of] p2a: Hippowdon\n|move|p1a: Golduck|Hydro Pump|p2a: Hippowdon\n|-supereffective|p2a: Hippowdon\n|-damage|p2a: Hippowdon|0 fnt\n|faint|p2a: Hippowdon\n|\n|-weather|Sandstorm|[upkeep]\n|-damage|p1a: Golduck|74/290 psn|[from] psn\n|upkeep\n|\n|t:|1713765931\n|switch|p2a: Terrakion|Terrakion, L79|273/273\n|turn|16\n|\n|t:|1713765936\n|switch|p1a: Gurdurr|Gurdurr, L85, F|213/283 brn\n|move|p2a: Terrakion|Close Combat|p1a: Gurdurr\n|-damage|p1a: Gurdurr|17/283 brn\n|-unboost|p2a: Terrakion|def|1\n|-unboost|p2a: Terrakion|spd|1\n|\n|-weather|Sandstorm|[upkeep]\n|-damage|p1a: Gurdurr|0 fnt|[from] Sandstorm\n|faint|p1a: Gurdurr\n|upkeep\n|\n|t:|1713765943\n|switch|p1a: Sawsbuck|Sawsbuck, L88, F|284/284\n|-status|p1a: Sawsbuck|psn\n|turn|17\n|\n|t:|1713765950\n|switch|p2a: Gliscor|Gliscor, L76, M|203/239 tox\n|-terastallize|p1a: Sawsbuck|Ground\n|move|p1a: Sawsbuck|Horn Leech|p2a: Gliscor\n|-damage|p2a: Gliscor|109/239 tox\n|-damage|p1a: Sawsbuck|256/284 psn|[from] item: Life Orb\n|\n|-weather|Sandstorm|[upkeep]\n|-damage|p1a: Sawsbuck|221/284 psn|[from] psn\n|-heal|p2a: Gliscor|138/239 tox|[from] ability: Poison Heal\n|upkeep\n|turn|18\n|\n|t:|1713765959\n|move|p1a: Sawsbuck|Swords Dance|p1a: Sawsbuck\n|-boost|p1a: Sawsbuck|atk|2\n|move|p2a: Gliscor|Earthquake|p1a: Sawsbuck\n|-damage|p1a: Sawsbuck|127/284 psn\n|\n|-weather|Sandstorm|[upkeep]\n|-damage|p1a: Sawsbuck|92/284 psn|[from] psn\n|-heal|p2a: Gliscor|167/239 tox|[from] ability: Poison Heal\n|upkeep\n|turn|19\n|\n|t:|1713765969\n|move|p2a: Gliscor|Protect|p2a: Gliscor\n|-singleturn|p2a: Gliscor|Protect\n|move|p1a: Sawsbuck|Horn Leech|p2a: Gliscor\n|-activate|p2a: Gliscor|move: Protect\n|\n|-weather|none\n|-damage|p1a: Sawsbuck|57/284 psn|[from] psn\n|-heal|p2a: Gliscor|196/239 tox|[from] ability: Poison Heal\n|upkeep\n|turn|20\n|\n|t:|1713765972\n|move|p1a: Sawsbuck|Horn Leech|p2a: Gliscor\n|-damage|p2a: Gliscor|0 fnt\n|-heal|p1a: Sawsbuck|155/284 psn|[from] drain|[of] p2a: Gliscor\n|faint|p2a: Gliscor\n|-damage|p1a: Sawsbuck|127/284 psn|[from] item: Life Orb\n|\n|-damage|p1a: Sawsbuck|92/284 psn|[from] psn\n|upkeep\n|\n|t:|1713765979\n|switch|p2a: Dudunsparce|Dudunsparce-Three-Segment, L82, F|339/339\n|turn|21\n|\n|t:|1713765983\n|move|p1a: Sawsbuck|Horn Leech|p2a: Dudunsparce\n|-damage|p2a: Dudunsparce|69/339\n|-heal|p1a: Sawsbuck|227/284 psn|[from] drain|[of] p2a: Dudunsparce\n|-damage|p1a: Sawsbuck|199/284 psn|[from] item: Life Orb\n|move|p2a: Dudunsparce|Boomburst|p1a: Sawsbuck\n|-damage|p1a: Sawsbuck|64/284 psn\n|\n|-heal|p2a: Dudunsparce|90/339|[from] item: Leftovers\n|-damage|p1a: Sawsbuck|29/284 psn|[from] psn\n|upkeep\n|turn|22\n|\n|t:|1713765990\n|move|p1a: Sawsbuck|Horn Leech|p2a: Dudunsparce\n|-damage|p2a: Dudunsparce|0 fnt\n|-heal|p1a: Sawsbuck|74/284 psn|[from] drain|[of] p2a: Dudunsparce\n|faint|p2a: Dudunsparce\n|-damage|p1a: Sawsbuck|46/284 psn|[from] item: Life Orb\n|\n|-damage|p1a: Sawsbuck|11/284 psn|[from] psn\n|upkeep\n|\n|t:|1713765993\n|switch|p2a: Terrakion|Terrakion, L79|273/273\n|turn|23\n|\n|t:|1713765997\n|move|p2a: Terrakion|Quick Attack|p1a: Sawsbuck\n|-damage|p1a: Sawsbuck|0 fnt\n|faint|p1a: Sawsbuck\n|\n|upkeep\n|\n|t:|1713766005\n|switch|p1a: Roaring Moon|Roaring Moon, L73|274/274\n|-status|p1a: Roaring Moon|psn\n|turn|24\n|\n|t:|1713766038\n|-terastallize|p2a: Terrakion|Fighting\n|move|p2a: Terrakion|Quick Attack|p1a: Roaring Moon\n|-damage|p1a: Roaring Moon|211/274 psn\n|move|p1a: Roaring Moon|Outrage|p2a: Terrakion\n|-damage|p2a: Terrakion|75/273\n|\n|-damage|p1a: Roaring Moon|177/274 psn|[from] psn\n|upkeep\n|turn|25\n|\n|t:|1713766042\n|move|p2a: Terrakion|Quick Attack|p1a: Roaring Moon\n|-damage|p1a: Roaring Moon|111/274 psn\n|move|p1a: Roaring Moon|Outrage|p2a: Terrakion|[from]lockedmove\n|-damage|p2a: Terrakion|0 fnt\n|faint|p2a: Terrakion\n|\n|win|bomby23\n|raw|bomby23's rating: 2207 &rarr; <strong>2237</strong><br />(+30 for winning)\n|raw|Separation's rating: 2390 &rarr; <strong>2360</strong><br />(-30 for losing)\n|l|\u2606Separation\n|player|p2|\n|c|\u2606bomby23|gg\n", "inputlog": ">version fbb8b57732b6c70e2e4ee2e2de24924a41f5cba4\n>start {\"formatid\":\"gen9randombattle\",\"seed\":[34454,59121,48539,22846],\"rated\":\"Rated battle\"}\n>player p1 {\"name\":\"bomby23\",\"avatar\":\"hilbert\",\"rating\":2207,\"seed\":[48224,36662,36356,46490]}\n>player p2 {\"name\":\"Separation\",\"avatar\":\"acetrainerf-gen4dp\",\"rating\":2390,\"seed\":[23360,26761,55626,38392]}\n>p1 switch 4\n>p2 move willowisp\n>p1 move knockoff\n>p2 move knockoff\n>p1 switch 3\n>p2 move recover\n>p1 move toxic\n>p2 switch 3\n>p1 move muddywater\n>p2 move toxicspikes\n>p1 switch 5\n>p2 move protect\n>p1 move hydropump\n>p2 switch 3\n>p1 move hydropump\n>p2 move knockoff\n>p2 switch 4\n>p1 switch 5\n>p2 move bravebird\n>p1 move muddywater\n>p2 move swordsdance\n>p1 move thunderbolt\n>p2 move drillrun\n>p1 switch 4\n>p1 move firstimpression\n>p2 move bravebird\n>p1 switch 3\n>p2 switch 5\n>p1 switch 5\n>p2 switch 3\n>p1 move hydropump\n>p2 move protect\n>p1 move hydropump\n>p2 switch 6\n>p2 switch 3\n>p1 switch 5\n>p2 move closecombat\n>p1 switch 2\n>p1 move hornleech terastallize\n>p2 switch 6\n>p1 move swordsdance\n>p2 move earthquake\n>p1 move hornleech\n>p2 move protect\n>p1 move hornleech\n>p2 move earthquake\n>p2 switch 2\n>p1 move hornleech\n>p2 move boomburst\n>p1 move hornleech\n>p2 move boomburst\n>p2 switch 6\n>p1 move hornleech\n>p2 move quickattack\n>p1 switch 6\n>p1 move outrage\n>p2 move quickattack terastallize\n>p1 move outrage\n>p2 move quickattack", "uploadtime": 1713766049, "views": 256, "formatid": "gen9randombattle", "rating": 2237, "private": 0, "password": null}