{"id": "gen9randombattle-2260637960", "format": "[Gen 9] Random Battle", "players": ["pangwn", "Shinalt"], "log": "|j|\u2606pangwn\n|j|\u2606Shinalt\n|t:|1733872277\n|gametype|singles\n|player|p1|pangwn|265|1003\n|player|p2|Shinalt|acetrainerf|1000\n|teamsize|p1|6\n|teamsize|p2|6\n|gen|9\n|tier|[Gen 9] Random Battle\n|rated|\n|rule|Species Clause: Limit one of each Pok\u00e9mon\n|rule|HP Percentage Mod: HP is shown in percentages\n|rule|Sleep Clause Mod: Limit one foe put to sleep\n|rule|Illusion Level Mod: Illusion disguises the Pok\u00e9mon's true level\n|\n|t:|1733872277\n|start\n|switch|p1a: Kommo-o|Kommo-o, L78, F|245/245\n|switch|p2a: Cryogonal|Cryogonal, L89|287/287\n|turn|1\n|inactive|Battle timer is ON: inactive players will automatically lose when time's up. (requested by Shinalt)\n|\n|t:|1733872286\n|move|p2a: Cryogonal|Ice Beam|p1a: Kommo-o\n|-supereffective|p1a: Kommo-o\n|-damage|p1a: Kommo-o|57/245\n|move|p1a: Kommo-o|Close Combat|p2a: Cryogonal\n|-supereffective|p2a: Cryogonal\n|-damage|p2a: Cryogonal|0 fnt\n|-unboost|p1a: Kommo-o|def|1\n|-unboost|p1a: Kommo-o|spd|1\n|faint|p2a: Cryogonal\n|\n|upkeep\n|inactive|Shinalt has 120 seconds left.\n|\n|t:|1733872320\n|switch|p2a: Cinderace|Cinderace, L77, M|249/249\n|turn|2\n|\n|t:|1733872337\n|switch|p1a: Pincurchin|Pincurchin, M|258/258\n|-fieldstart|move: Electric Terrain|[from] ability: Electric Surge|[of] p1a: Pincurchin\n|move|p2a: Cinderace|U-turn|p1a: Pincurchin\n|-start|p2a: Cinderace|typechange|Bug|[from] ability: Libero\n|-damage|p1a: Pincurchin|179/258\n|\n|t:|1733872345\n|switch|p2a: Whiscash|Whiscash, L88, F|337/337|[from] U-turn\n|\n|-heal|p1a: Pincurchin|195/258|[from] item: Leftovers\n|upkeep\n|turn|3\n|\n|t:|1733872355\n|move|p2a: Whiscash|Stealth Rock|p1a: Pincurchin\n|-sidestart|p1: pangwn|move: Stealth Rock\n|move|p1a: Pincurchin|Toxic Spikes|p2a: Whiscash\n|-sidestart|p2: Shinalt|move: Toxic Spikes\n|\n|-heal|p1a: Pincurchin|211/258|[from] item: Leftovers\n|upkeep\n|turn|4\n|\n|t:|1733872363\n|move|p2a: Whiscash|Earthquake|p1a: Pincurchin\n|-supereffective|p1a: Pincurchin\n|-damage|p1a: Pincurchin|47/258\n|move|p1a: Pincurchin|Scald|p2a: Whiscash\n|-damage|p2a: Whiscash|251/337\n|\n|-heal|p2a: Whiscash|272/337|[from] item: Leftovers\n|-heal|p1a: Pincurchin|63/258|[from] item: Leftovers\n|upkeep\n|turn|5\n|\n|t:|1733872378\n|switch|p1a: Iron Leaves|Iron Leaves, L80|275/275\n|-damage|p1a: Iron Leaves|241/275|[from] Stealth Rock\n|-activate|p1a: Iron Leaves|ability: Quark Drive\n|-start|p1a: Iron Leaves|quarkdriveatk\n|move|p2a: Whiscash|Earthquake|p1a: Iron Leaves\n|-resisted|p1a: Iron Leaves\n|-damage|p1a: Iron Leaves|186/275\n|\n|-heal|p2a: Whiscash|293/337|[from] item: Leftovers\n|upkeep\n|turn|6\n|\n|t:|1733872402\n|switch|p2a: Cinderace|Cinderace, L77, M|249/249\n|-status|p2a: Cinderace|psn\n|move|p1a: Iron Leaves|Psyblade|p2a: Cinderace\n|-damage|p2a: Cinderace|0 fnt\n|faint|p2a: Cinderace\n|\n|-fieldend|move: Electric Terrain\n|-end|p1a: Iron Leaves|Quark Drive\n|upkeep\n|-message|Shinalt forfeited.\n|\n|win|pangwn\n|raw|pangwn's rating: 1003 &rarr; <strong>1042</strong><br />(+39 for winning)\n|raw|Shinalt's rating: 1000 &rarr; <strong>1000</strong><br />(+0 for losing)\n|l|\u2606Shinalt\n|player|p2|\n", "inputlog": ">version bfd83cad13791eb5a5a409923076391caf6fb4d4\n>start {\"formatid\":\"gen9randombattle\",\"seed\":[8858,58877,51191,7648],\"rated\":\"Rated battle\"}\n>player p1 {\"name\":\"pangwn\",\"avatar\":\"265\",\"rating\":1003,\"seed\":[59116,12941,1509,58736]}\n>player p2 {\"name\":\"Shinalt\",\"avatar\":\"acetrainerf\",\"rating\":1000,\"seed\":[39076,2164,9242,56334]}\n>p1 move closecombat\n>p2 move icebeam\n>p2 switch 2\n>p1 switch 6\n>p2 move uturn\n>p2 switch 3\n>p1 move toxicspikes\n>p2 move stealthrock\n>p1 move scald\n>p2 move earthquake\n>p1 switch 3\n>p2 move earthquake\n>p1 move psyblade\n>p2 switch 3\n>forcelose p2", "uploadtime": 1733872444, "views": 7, "formatid": "gen9randombattle", "rating": 1000, "private": 0, "password": null}