{"id": "gen9randombattle-2259907119", "format": "[Gen 9] Random Battle", "players": ["Poscidion", "Spiderban"], "log": "|j|\u203dPoscidion\n|j|\u2606Spiderban\n|t:|1733778676\n|gametype|singles\n|player|p1|Poscidion|169|1397\n|player|p2|Spiderban|cynthia|1439\n|teamsize|p1|6\n|teamsize|p2|6\n|gen|9\n|tier|[Gen 9] Random Battle\n|rated|\n|rule|Species Clause: Limit one of each Pok\u00e9mon\n|rule|HP Percentage Mod: HP is shown in percentages\n|rule|Sleep Clause Mod: Limit one foe put to sleep\n|rule|Illusion Level Mod: Illusion disguises the Pok\u00e9mon's true level\n|\n|t:|1733778676\n|start\n|switch|p1a: Stonjourner|Stonjourner, L91, F|330/330\n|switch|p2a: Grumpig|Grumpig, L92, M|297/297\n|turn|1\n|inactive|Battle timer is ON: inactive players will automatically lose when time's up. (requested by Spiderban)\n|\n|t:|1733778691\n|switch|p1a: Pachirisu|Pachirisu, L96, M|271/271\n|move|p2a: Grumpig|Focus Blast|p1a: Pachirisu|[miss]\n|-miss|p2a: Grumpig|p1a: Pachirisu\n|\n|upkeep\n|turn|2\n|\n|t:|1733778697\n|move|p2a: Grumpig|Focus Blast|p1a: Pachirisu\n|-damage|p1a: Pachirisu|217/271\n|move|p1a: Pachirisu|Nuzzle|p2a: Grumpig\n|-damage|p2a: Grumpig|276/297\n|-status|p2a: Grumpig|par\n|\n|upkeep\n|turn|3\n|\n|t:|1733778703\n|switch|p2a: Pyroar|Pyroar, L88, F, shiny|295/295\n|-ability|p2a: Pyroar|Unnerve\n|move|p1a: Pachirisu|Super Fang|p2a: Pyroar|[miss]\n|-miss|p1a: Pachirisu|p2a: Pyroar\n|\n|upkeep\n|turn|4\n|\n|t:|1733778710\n|switch|p2a: Grumpig|Grumpig, L92, M|276/297 par\n|move|p1a: Pachirisu|Nuzzle|p2a: Grumpig\n|-damage|p2a: Grumpig|257/297 par\n|\n|upkeep\n|turn|5\n|\n|t:|1733778713\n|switch|p1a: Grimmsnarl|Grimmsnarl, L83, M|293/293\n|move|p2a: Grumpig|Trick|p1a: Grimmsnarl\n|-activate|p2a: Grumpig|move: Trick|[of] p1a: Grimmsnarl\n|-item|p1a: Grimmsnarl|Choice Scarf|[from] move: Trick\n|-item|p2a: Grumpig|Light Clay|[from] move: Trick\n|\n|upkeep\n|turn|6\n|\n|t:|1733778724\n|move|p1a: Grimmsnarl|Thunder Wave|p2a: Grumpig\n|-fail|p2a: Grumpig|par\n|move|p2a: Grumpig|Focus Blast|p1a: Grimmsnarl\n|-damage|p1a: Grimmsnarl|176/293\n|\n|upkeep\n|turn|7\n|\n|t:|1733778737\n|switch|p1a: Pachirisu|Pachirisu, L96, M|217/271\n|move|p2a: Grumpig|Focus Blast|p1a: Pachirisu|[miss]\n|-miss|p2a: Grumpig|p1a: Pachirisu\n|\n|upkeep\n|turn|8\n|\n|t:|1733778742\n|move|p1a: Pachirisu|Super Fang|p2a: Grumpig\n|-damage|p2a: Grumpig|129/297 par\n|move|p2a: Grumpig|Trick|p1a: Pachirisu\n|-activate|p2a: Grumpig|move: Trick|[of] p1a: Pachirisu\n|-item|p1a: Pachirisu|Light Clay|[from] move: Trick\n|-item|p2a: Grumpig|Assault Vest|[from] move: Trick\n|\n|upkeep\n|turn|9\n|\n|t:|1733778753\n|move|p1a: Pachirisu|Super Fang|p2a: Grumpig\n|-damage|p2a: Grumpig|65/297 par\n|cant|p2a: Grumpig|par\n|\n|upkeep\n|turn|10\n|\n|t:|1733778761\n|move|p1a: Pachirisu|U-turn|p2a: Grumpig\n|-supereffective|p2a: Grumpig\n|-damage|p2a: Grumpig|0 fnt\n|faint|p2a: Grumpig\n|\n|t:|1733778764\n|switch|p1a: Grimmsnarl|Grimmsnarl, L83, M|176/293|[from] U-turn\n|\n|upkeep\n|inactive|Spiderban has 120 seconds left.\n|\n|t:|1733778794\n|switch|p2a: Pyroar|Pyroar, L88, F, shiny|295/295\n|-ability|p2a: Pyroar|Unnerve\n|turn|11\n|\n|t:|1733778798\n|move|p1a: Grimmsnarl|Thunder Wave|p2a: Pyroar\n|-status|p2a: Pyroar|par\n|cant|p2a: Pyroar|par\n|\n|upkeep\n|turn|12\n|\n|t:|1733778806\n|switch|p1a: Stonjourner|Stonjourner, L91, F|330/330\n|move|p2a: Pyroar|Fire Blast|p1a: Stonjourner\n|-resisted|p1a: Stonjourner\n|-damage|p1a: Stonjourner|187/330\n|\n|upkeep\n|turn|13\n|\n|t:|1733778814\n|move|p1a: Stonjourner|Stealth Rock|p2a: Pyroar\n|-sidestart|p2: Spiderban|move: Stealth Rock\n|move|p2a: Pyroar|Fire Blast|p1a: Stonjourner\n|-resisted|p1a: Stonjourner\n|-damage|p1a: Stonjourner|34/330\n|\n|upkeep\n|turn|14\n|\n|t:|1733778823\n|move|p1a: Stonjourner|Earthquake|p2a: Pyroar\n|-supereffective|p2a: Pyroar\n|-damage|p2a: Pyroar|17/295 par\n|-damage|p1a: Stonjourner|1/330|[from] item: Life Orb\n|move|p2a: Pyroar|Dark Pulse|p1a: Stonjourner\n|-damage|p1a: Stonjourner|0 fnt\n|faint|p1a: Stonjourner\n|\n|upkeep\n|\n|t:|1733778837\n|switch|p1a: Pachirisu|Pachirisu, L96, M|217/271\n|turn|15\n|\n|t:|1733778842\n|move|p1a: Pachirisu|Thunderbolt|p2a: Pyroar\n|-damage|p2a: Pyroar|0 fnt\n|faint|p2a: Pyroar\n|\n|upkeep\n|\n|t:|1733778848\n|switch|p2a: Salazzle|Salazzle, L83, F|249/249\n|-damage|p2a: Salazzle|187/249|[from] Stealth Rock\n|turn|16\n|\n|t:|1733778861\n|move|p2a: Salazzle|Substitute|p2a: Salazzle\n|-start|p2a: Salazzle|Substitute\n|-damage|p2a: Salazzle|125/249\n|move|p1a: Pachirisu|Thunderbolt|p2a: Salazzle\n|-end|p2a: Salazzle|Substitute\n|\n|-heal|p2a: Salazzle|140/249|[from] item: Leftovers\n|upkeep\n|turn|17\n|\n|t:|1733778868\n|-terastallize|p2a: Salazzle|Grass\n|move|p2a: Salazzle|Toxic|p1a: Pachirisu\n|-status|p1a: Pachirisu|tox\n|move|p1a: Pachirisu|Nuzzle|p2a: Salazzle\n|-resisted|p2a: Salazzle\n|-damage|p2a: Salazzle|129/249\n|-status|p2a: Salazzle|par\n|\n|-heal|p2a: Salazzle|144/249 par|[from] item: Leftovers\n|-damage|p1a: Pachirisu|201/271 tox|[from] psn\n|upkeep\n|turn|18\n|\n|t:|1733778875\n|move|p2a: Salazzle|Protect|p2a: Salazzle\n|-singleturn|p2a: Salazzle|Protect\n|move|p1a: Pachirisu|U-turn|p2a: Salazzle\n|-activate|p2a: Salazzle|move: Protect\n|\n|-heal|p2a: Salazzle|159/249 par|[from] item: Leftovers\n|-damage|p1a: Pachirisu|169/271 tox|[from] psn\n|upkeep\n|turn|19\n|\n|t:|1733778883\n|switch|p2a: Furret|Furret, L94, F|312/312\n|-damage|p2a: Furret|273/312|[from] Stealth Rock\n|-item|p1a: Pachirisu|Light Clay|[from] ability: Frisk|[of] p2a: Furret\n|move|p1a: Pachirisu|U-turn|p2a: Furret\n|-damage|p2a: Furret|227/312\n|\n|t:|1733778901\n|switch|p1a: Grimmsnarl|Grimmsnarl, L83, M|176/293|[from] U-turn\n|\n|upkeep\n|turn|20\n|\n|t:|1733778910\n|move|p1a: Grimmsnarl|Thunder Wave|p2a: Furret\n|-status|p2a: Furret|par\n|move|p2a: Furret|Tidy Up|p2a: Furret\n|-sideend|p2: Spiderban|Stealth Rock\n|-activate|p2a: Furret|move: Tidy Up\n|-boost|p2a: Furret|atk|1\n|-boost|p2a: Furret|spe|1\n|\n|upkeep\n|turn|21\n|\n|t:|1733778916\n|switch|p1a: Slither Wing|Slither Wing, L81|270/270\n|move|p2a: Furret|Tidy Up|p2a: Furret\n|-boost|p2a: Furret|atk|1\n|-boost|p2a: Furret|spe|1\n|\n|upkeep\n|turn|22\n|\n|t:|1733778922\n|move|p2a: Furret|Double-Edge|p1a: Slither Wing\n|-damage|p1a: Slither Wing|0 fnt\n|faint|p1a: Slither Wing\n|-end|p1a: Slither Wing|Protosynthesis|[silent]\n|-damage|p2a: Furret|138/312 par|[from] Recoil\n|-damage|p2a: Furret|107/312 par|[from] item: Life Orb\n|\n|upkeep\n|\n|t:|1733778941\n|switch|p1a: Dragapult|Dragapult, L77, F|262/262\n|turn|23\n|\n|t:|1733778948\n|move|p1a: Dragapult|Thunderbolt|p2a: Furret\n|-damage|p2a: Furret|3/312 par\n|move|p2a: Furret|Knock Off|p1a: Dragapult\n|-supereffective|p1a: Dragapult\n|-damage|p1a: Dragapult|0 fnt\n|-enditem|p1a: Dragapult|Choice Specs|[from] move: Knock Off|[of] p2a: Furret\n|faint|p1a: Dragapult\n|-damage|p2a: Furret|0 fnt|[from] item: Life Orb\n|faint|p2a: Furret\n|\n|upkeep\n|\n|t:|1733778958\n|switch|p1a: Pachirisu|Pachirisu, L96, M|169/271 tox\n|switch|p2a: Salazzle|Salazzle, L83, F, tera:Grass|159/249 par\n|turn|24\n|\n|t:|1733778972\n|move|p2a: Salazzle|Protect|p2a: Salazzle\n|-singleturn|p2a: Salazzle|Protect\n|move|p1a: Pachirisu|U-turn|p2a: Salazzle\n|-activate|p2a: Salazzle|move: Protect\n|\n|-heal|p2a: Salazzle|174/249 par|[from] item: Leftovers\n|-damage|p1a: Pachirisu|153/271 tox|[from] psn\n|upkeep\n|turn|25\n|\n|t:|1733778977\n|move|p1a: Pachirisu|U-turn|p2a: Salazzle\n|-supereffective|p2a: Salazzle\n|-damage|p2a: Salazzle|68/249 par\n|\n|t:|1733778981\n|switch|p1a: Grimmsnarl|Grimmsnarl, L83, M|176/293|[from] U-turn\n|cant|p2a: Salazzle|par\n|\n|-heal|p2a: Salazzle|83/249 par|[from] item: Leftovers\n|upkeep\n|turn|26\n|\n|t:|1733778986\n|move|p1a: Grimmsnarl|Spirit Break|p2a: Salazzle\n|-damage|p2a: Salazzle|0 fnt\n|faint|p2a: Salazzle\n|\n|upkeep\n|\n|t:|1733778993\n|switch|p2a: Enamorus|Enamorus-Therian, L83, F|259/259\n|turn|27\n|\n|t:|1733779002\n|switch|p1a: Pachirisu|Pachirisu, L96, M|153/271 tox\n|move|p2a: Enamorus|Agility|p2a: Enamorus\n|-boost|p2a: Enamorus|spe|2\n|\n|-damage|p1a: Pachirisu|137/271 tox|[from] psn\n|upkeep\n|turn|28\n|\n|t:|1733779024\n|-terastallize|p1a: Pachirisu|Flying\n|move|p2a: Enamorus|Earth Power|p1a: Pachirisu\n|-immune|p1a: Pachirisu\n|move|p1a: Pachirisu|Nuzzle|p2a: Enamorus\n|-supereffective|p2a: Enamorus\n|-crit|p2a: Enamorus\n|-damage|p2a: Enamorus|215/259\n|-status|p2a: Enamorus|par\n|-enditem|p2a: Enamorus|Weakness Policy\n|-boost|p2a: Enamorus|atk|2|[from] item: Weakness Policy\n|-boost|p2a: Enamorus|spa|2|[from] item: Weakness Policy\n|\n|-damage|p1a: Pachirisu|105/271 tox|[from] psn\n|upkeep\n|turn|29\n|\n|t:|1733779031\n|move|p1a: Pachirisu|Super Fang|p2a: Enamorus\n|-damage|p2a: Enamorus|108/259 par\n|move|p2a: Enamorus|Moonblast|p1a: Pachirisu\n|-damage|p1a: Pachirisu|0 fnt\n|faint|p1a: Pachirisu\n|\n|upkeep\n|\n|t:|1733779045\n|switch|p1a: Grimmsnarl|Grimmsnarl, L83, M|176/293\n|turn|30\n|\n|t:|1733779051\n|move|p1a: Grimmsnarl|Light Screen|p1a: Grimmsnarl\n|-sidestart|p1: Poscidion|move: Light Screen\n|move|p2a: Enamorus|Moonblast|p1a: Grimmsnarl\n|-supereffective|p1a: Grimmsnarl\n|-damage|p1a: Grimmsnarl|0 fnt\n|faint|p1a: Grimmsnarl\n|\n|upkeep\n|\n|t:|1733779054\n|switch|p1a: Fezandipiti|Fezandipiti, L82, M|278/278\n|turn|31\n|\n|t:|1733779059\n|move|p1a: Fezandipiti|Gunk Shot|p2a: Enamorus\n|-supereffective|p2a: Enamorus\n|-damage|p2a: Enamorus|0 fnt\n|faint|p2a: Enamorus\n|\n|upkeep\n|\n|t:|1733779065\n|switch|p2a: Eternatus|Eternatus, L69|308/308\n|-ability|p2a: Eternatus|Pressure\n|turn|32\n|\n|t:|1733779071\n|move|p2a: Eternatus|Meteor Beam||[still]\n|-prepare|p2a: Eternatus|Meteor Beam\n|-boost|p2a: Eternatus|spa|1\n|-enditem|p2a: Eternatus|Power Herb\n|-anim|p2a: Eternatus|Meteor Beam|p1a: Fezandipiti\n|-damage|p1a: Fezandipiti|246/278\n|move|p1a: Fezandipiti|Play Rough|p2a: Eternatus\n|-damage|p2a: Eternatus|202/308\n|\n|upkeep\n|turn|33\n|\n|t:|1733779079\n|move|p2a: Eternatus|Sludge Bomb|p1a: Fezandipiti\n|-damage|p1a: Fezandipiti|211/278\n|move|p1a: Fezandipiti|Play Rough|p2a: Eternatus\n|-crit|p2a: Eternatus\n|-damage|p2a: Eternatus|63/308\n|\n|upkeep\n|turn|34\n|\n|t:|1733779082\n|move|p2a: Eternatus|Sludge Bomb|p1a: Fezandipiti\n|-damage|p1a: Fezandipiti|175/278\n|move|p1a: Fezandipiti|Play Rough|p2a: Eternatus\n|-damage|p2a: Eternatus|0 fnt\n|faint|p2a: Eternatus\n|\n|win|Poscidion\n|raw|Poscidion's rating: 1397 &rarr; <strong>1419</strong><br />(+22 for winning)\n|raw|Spiderban's rating: 1439 &rarr; <strong>1417</strong><br />(-22 for losing)\n|l|\u2606Spiderban\n|player|p2|\n", "inputlog": ">version bfd83cad13791eb5a5a409923076391caf6fb4d4\n>start {\"formatid\":\"gen9randombattle\",\"seed\":[23000,59316,30755,56867],\"rated\":\"Rated battle\"}\n>player p1 {\"name\":\"Poscidion\",\"avatar\":\"169\",\"rating\":1397,\"seed\":[18646,31002,30793,35112]}\n>player p2 {\"name\":\"Spiderban\",\"avatar\":\"cynthia\",\"rating\":1439,\"seed\":[21135,52650,65096,18288]}\n>p1 switch 2\n>p2 move focusblast\n>p1 move nuzzle\n>p2 move focusblast\n>p1 move superfang\n>p2 switch 4\n>p1 move nuzzle\n>p2 switch 4\n>p1 switch 5\n>p2 move trick\n>p1 move thunderwave\n>p2 move focusblast\n>p1 switch 5\n>p2 move focusblast\n>p1 move superfang\n>p2 move trick\n>p1 move superfang\n>p2 move psychic\n>p1 move uturn\n>p2 move psychic\n>p1 switch 5\n>p2 switch 4\n>p1 move thunderwave\n>p2 move workup\n>p1 switch 2\n>p2 move fireblast\n>p1 move stealthrock\n>p2 move fireblast\n>p1 move earthquake\n>p2 move darkpulse\n>p1 switch 5\n>p1 move thunderbolt\n>p2 move fireblast\n>p2 switch 5\n>p1 move thunderbolt\n>p2 move substitute\n>p1 move nuzzle\n>p2 move toxic terastallize\n>p1 move uturn\n>p2 move protect\n>p1 move uturn\n>p2 switch 6\n>p1 switch 2\n>p1 move thunderwave\n>p2 move tidyup\n>p1 switch 6\n>p2 move tidyup\n>p1 move closecombat\n>p2 move doubleedge\n>p1 switch 4\n>p1 move thunderbolt\n>p2 move knockoff\n>p1 switch 2\n>p2 switch 6\n>p1 move uturn\n>p2 move protect\n>p1 move uturn\n>p2 move substitute\n>p1 switch 6\n>p1 move spiritbreak\n>p2 move toxic\n>p2 switch 2\n>p1 switch 6\n>p2 move agility\n>p1 move nuzzle terastallize\n>p2 move earthpower\n>p1 move superfang\n>p2 move moonblast\n>p1 switch 6\n>p1 move lightscreen\n>p2 move moonblast\n>p1 switch 3\n>p1 move gunkshot\n>p2 move earthpower\n>p2 switch 3\n>p1 move playrough\n>p2 move meteorbeam\n>p1 move playrough\n>p2 move sludgebomb\n>p1 move playrough\n>p2 move sludgebomb", "uploadtime": 1733779093, "views": 1, "formatid": "gen9randombattle", "rating": 1417, "private": 0, "password": null}