{"id": "gen9randombattle-2260698009", "format": "[Gen 9] Random Battle", "players": ["pro_simulator_", "Made_In_Heaven0"], "log": "|j|\u2606pro_simulator_\n|j|\u2606Made_In_Heaven0\n|t:|1733879847\n|gametype|singles\n|player|p1|pro_simulator_|koga|1126\n|player|p2|Made_In_Heaven0|265|1148\n|teamsize|p1|6\n|teamsize|p2|6\n|gen|9\n|tier|[Gen 9] Random Battle\n|rated|\n|rule|Species Clause: Limit one of each Pok\u00e9mon\n|rule|HP Percentage Mod: HP is shown in percentages\n|rule|Sleep Clause Mod: Limit one foe put to sleep\n|rule|Illusion Level Mod: Illusion disguises the Pok\u00e9mon's true level\n|\n|t:|1733879847\n|start\n|switch|p1a: Granbull|Granbull, L88, F|302/302\n|switch|p2a: Jirachi|Jirachi, L80|291/291\n|-ability|p1a: Granbull|Intimidate|boost\n|-unboost|p2a: Jirachi|atk|1\n|turn|1\n|inactive|Battle timer is ON: inactive players will automatically lose when time's up. (requested by pro_simulator_)\n|\n|t:|1733879855\n|move|p2a: Jirachi|Wish|p2a: Jirachi\n|move|p1a: Granbull|Thunder Wave|p2a: Jirachi\n|-status|p2a: Jirachi|par\n|\n|upkeep\n|turn|2\n|\n|t:|1733879862\n|move|p1a: Granbull|Encore|p2a: Jirachi\n|-start|p2a: Jirachi|Encore\n|move|p2a: Jirachi|Wish||[still]\n|-fail|p2a: Jirachi\n|\n|upkeep\n|turn|3\n|\n|t:|1733879871\n|switch|p2a: Zebstrika|Zebstrika, L87, M|272/272\n|move|p1a: Granbull|Earthquake|p2a: Zebstrika\n|-supereffective|p2a: Zebstrika\n|-damage|p2a: Zebstrika|46/272\n|\n|upkeep\n|turn|4\n|\n|t:|1733879884\n|move|p2a: Zebstrika|Volt Switch|p1a: Granbull\n|-damage|p1a: Granbull|193/302\n|-damage|p2a: Zebstrika|19/272|[from] item: Life Orb\n|\n|t:|1733879897\n|switch|p2a: Veluza|Veluza, L85, M|292/292|[from] Volt Switch\n|move|p1a: Granbull|Play Rough|p2a: Veluza|[miss]\n|-miss|p1a: Granbull|p2a: Veluza\n|\n|-heal|p1a: Granbull|211/302|[from] item: Leftovers\n|upkeep\n|turn|5\n|\n|t:|1733879909\n|move|p2a: Veluza|Psycho Cut|p1a: Granbull\n|-damage|p1a: Granbull|30/302\n|move|p1a: Granbull|Thunder Wave|p2a: Veluza\n|-status|p2a: Veluza|par\n|\n|-heal|p1a: Granbull|48/302|[from] item: Leftovers\n|upkeep\n|turn|6\n|\n|t:|1733879922\n|switch|p1a: Sableye|Sableye, L89, F|234/234\n|move|p2a: Veluza|Psycho Cut|p1a: Sableye\n|-immune|p1a: Sableye\n|\n|upkeep\n|turn|7\n|\n|t:|1733879930\n|switch|p2a: Zebstrika|Zebstrika, L87, M|19/272\n|move|p1a: Sableye|Knock Off|p2a: Zebstrika\n|-damage|p2a: Zebstrika|0 fnt\n|-enditem|p2a: Zebstrika|Life Orb|[from] move: Knock Off|[of] p1a: Sableye\n|faint|p2a: Zebstrika\n|\n|upkeep\n|\n|t:|1733879939\n|switch|p2a: Spiritomb|Spiritomb, L89, F|234/234\n|turn|8\n|\n|t:|1733879950\n|move|p1a: Sableye|Will-O-Wisp|p2a: Spiritomb\n|-hint|Since gen 7, Dark is immune to Prankster moves.\n|-immune|p2a: Spiritomb\n|move|p2a: Spiritomb|Poltergeist|p1a: Sableye|[miss]\n|-miss|p2a: Spiritomb|p1a: Sableye\n|\n|upkeep\n|turn|9\n|\n|t:|1733879958\n|move|p1a: Sableye|Knock Off|p2a: Spiritomb\n|-damage|p2a: Spiritomb|158/234\n|-enditem|p2a: Spiritomb|Choice Band|[from] move: Knock Off|[of] p1a: Sableye\n|move|p2a: Spiritomb|Poltergeist|p1a: Sableye\n|-activate|p1a: Sableye|move: Poltergeist|Leftovers\n|-crit|p1a: Sableye\n|-damage|p1a: Sableye|29/234\n|\n|-heal|p1a: Sableye|43/234|[from] item: Leftovers\n|upkeep\n|turn|10\n|\n|t:|1733879976\n|move|p2a: Spiritomb|Shadow Sneak|p1a: Sableye\n|-damage|p1a: Sableye|0 fnt\n|faint|p1a: Sableye\n|\n|upkeep\n|\n|t:|1733879982\n|switch|p1a: Ariados|Ariados, L95, M|287/287\n|turn|11\n|\n|t:|1733880002\n|move|p2a: Spiritomb|Sucker Punch||[still]\n|-fail|p2a: Spiritomb\n|move|p1a: Ariados|Sticky Web|p2a: Spiritomb\n|-sidestart|p2: Made_In_Heaven0|move: Sticky Web\n|\n|upkeep\n|turn|12\n|\n|t:|1733880012\n|switch|p2a: Jirachi|Jirachi, L80|291/291 par\n|-activate|p2a: Jirachi|move: Sticky Web\n|-unboost|p2a: Jirachi|spe|1\n|move|p1a: Ariados|Megahorn|p2a: Jirachi\n|-damage|p2a: Jirachi|132/291 par\n|\n|-heal|p2a: Jirachi|150/291 par|[from] item: Leftovers\n|upkeep\n|turn|13\n|\n|t:|1733880021\n|move|p1a: Ariados|Megahorn|p2a: Jirachi|[miss]\n|-miss|p1a: Ariados|p2a: Jirachi\n|move|p2a: Jirachi|Wish|p2a: Jirachi\n|\n|-heal|p2a: Jirachi|168/291 par|[from] item: Leftovers\n|upkeep\n|turn|14\n|\n|t:|1733880034\n|switch|p1a: Granbull|Granbull, L88, F|48/302\n|-ability|p1a: Granbull|Intimidate|boost\n|-unboost|p2a: Jirachi|atk|1\n|move|p2a: Jirachi|Protect||[still]\n|-fail|p2a: Jirachi\n|\n|-heal|p2a: Jirachi|291/291 par|[from] move: Wish|[wisher] Jirachi\n|-heal|p1a: Granbull|66/302|[from] item: Leftovers\n|upkeep\n|turn|15\n|\n|t:|1733880044\n|move|p1a: Granbull|Encore|p2a: Jirachi\n|-start|p2a: Jirachi|Encore\n|move|p2a: Jirachi|Protect||[still]\n|-fail|p2a: Jirachi\n|\n|-heal|p1a: Granbull|84/302|[from] item: Leftovers\n|upkeep\n|turn|16\n|\n|t:|1733880052\n|cant|p2a: Jirachi|par\n|move|p1a: Granbull|Play Rough|p2a: Jirachi\n|-resisted|p2a: Jirachi\n|-damage|p2a: Jirachi|227/291 par\n|\n|-heal|p1a: Granbull|102/302|[from] item: Leftovers\n|-heal|p2a: Jirachi|245/291 par|[from] item: Leftovers\n|upkeep\n|turn|17\n|\n|t:|1733880059\n|move|p2a: Jirachi|Protect|p2a: Jirachi\n|-singleturn|p2a: Jirachi|Protect\n|move|p1a: Granbull|Earthquake|p2a: Jirachi\n|-activate|p2a: Jirachi|move: Protect\n|\n|-heal|p1a: Granbull|120/302|[from] item: Leftovers\n|-heal|p2a: Jirachi|263/291 par|[from] item: Leftovers\n|-end|p2a: Jirachi|Encore\n|upkeep\n|turn|18\n|\n|t:|1733880069\n|move|p1a: Granbull|Encore|p2a: Jirachi\n|-start|p2a: Jirachi|Encore\n|move|p2a: Jirachi|Protect||[still]\n|-fail|p2a: Jirachi\n|\n|-heal|p1a: Granbull|138/302|[from] item: Leftovers\n|-heal|p2a: Jirachi|281/291 par|[from] item: Leftovers\n|upkeep\n|turn|19\n|\n|t:|1733880077\n|switch|p2a: Veluza|Veluza, L85, M|292/292 par\n|-activate|p2a: Veluza|move: Sticky Web\n|-unboost|p2a: Veluza|spe|1\n|move|p1a: Granbull|Earthquake|p2a: Veluza\n|-damage|p2a: Veluza|186/292 par\n|\n|-heal|p1a: Granbull|156/302|[from] item: Leftovers\n|upkeep\n|turn|20\n|\n|t:|1733880091\n|move|p1a: Granbull|Play Rough|p2a: Veluza\n|-damage|p2a: Veluza|53/292 par\n|cant|p2a: Veluza|par\n|\n|-heal|p1a: Granbull|174/302|[from] item: Leftovers\n|upkeep\n|turn|21\n|\n|t:|1733880100\n|move|p1a: Granbull|Earthquake|p2a: Veluza\n|-damage|p2a: Veluza|0 fnt\n|faint|p2a: Veluza\n|\n|-heal|p1a: Granbull|192/302|[from] item: Leftovers\n|upkeep\n|\n|t:|1733880107\n|switch|p2a: Ariados|Ariados, L95, M|287/287\n|turn|22\n|\n|t:|1733880115\n|move|p2a: Ariados|Poison Jab|p1a: Granbull\n|-supereffective|p1a: Granbull\n|-damage|p1a: Granbull|0 fnt\n|faint|p1a: Granbull\n|\n|upkeep\n|\n|t:|1733880130\n|switch|p1a: Iron Treads|Iron Treads, L77|265/265\n|turn|23\n|\n|t:|1733880138\n|move|p1a: Iron Treads|Stealth Rock|p2a: Ariados\n|-sidestart|p2: Made_In_Heaven0|move: Stealth Rock\n|move|p2a: Ariados|Sticky Web|p1a: Iron Treads\n|-sidestart|p1: pro_simulator_|move: Sticky Web\n|\n|upkeep\n|turn|24\n|\n|t:|1733880152\n|switch|p2a: Jirachi|Jirachi, L80|281/291 par\n|-activate|p2a: Jirachi|move: Sticky Web\n|-unboost|p2a: Jirachi|spe|1\n|-damage|p2a: Jirachi|263/291 par|[from] Stealth Rock\n|move|p1a: Iron Treads|Rapid Spin|p2a: Jirachi\n|-resisted|p2a: Jirachi\n|-damage|p2a: Jirachi|247/291 par\n|-boost|p1a: Iron Treads|spe|1\n|-sideend|p1: pro_simulator_|Sticky Web|[from] move: Rapid Spin|[of] p1a: Iron Treads\n|\n|-heal|p2a: Jirachi|265/291 par|[from] item: Leftovers\n|upkeep\n|turn|25\n|\n|t:|1733880164\n|move|p1a: Iron Treads|Earthquake|p2a: Jirachi\n|-supereffective|p2a: Jirachi\n|-damage|p2a: Jirachi|89/291 par\n|move|p2a: Jirachi|Psychic|p1a: Iron Treads\n|-resisted|p1a: Iron Treads\n|-damage|p1a: Iron Treads|205/265\n|\n|-heal|p1a: Iron Treads|221/265|[from] item: Leftovers\n|-heal|p2a: Jirachi|107/291 par|[from] item: Leftovers\n|upkeep\n|turn|26\n|\n|t:|1733880180\n|-terastallize|p2a: Jirachi|Water\n|move|p2a: Jirachi|Protect|p2a: Jirachi\n|-singleturn|p2a: Jirachi|Protect\n|move|p1a: Iron Treads|Earthquake|p2a: Jirachi\n|-activate|p2a: Jirachi|move: Protect\n|\n|-heal|p1a: Iron Treads|237/265|[from] item: Leftovers\n|-heal|p2a: Jirachi|125/291 par|[from] item: Leftovers\n|upkeep\n|turn|27\n|\n|t:|1733880190\n|move|p1a: Iron Treads|Iron Head|p2a: Jirachi\n|-resisted|p2a: Jirachi\n|-damage|p2a: Jirachi|89/291 par\n|cant|p2a: Jirachi|flinch\n|\n|-heal|p1a: Iron Treads|253/265|[from] item: Leftovers\n|-heal|p2a: Jirachi|107/291 par|[from] item: Leftovers\n|upkeep\n|turn|28\n|\n|t:|1733880214\n|-end|p1a: Iron Treads|Quark Drive|[silent]\n|switch|p1a: Dragonite|Dragonite, L74, F|257/257\n|switch|p2a: Spiritomb|Spiritomb, L89, F|158/234\n|-activate|p2a: Spiritomb|move: Sticky Web\n|-unboost|p2a: Spiritomb|spe|1\n|-damage|p2a: Spiritomb|129/234|[from] Stealth Rock\n|\n|upkeep\n|turn|29\n|\n|t:|1733880230\n|switch|p1a: Iron Treads|Iron Treads, L77|253/265\n|move|p2a: Spiritomb|Foul Play|p1a: Iron Treads\n|-damage|p1a: Iron Treads|159/265\n|\n|-heal|p1a: Iron Treads|175/265|[from] item: Leftovers\n|upkeep\n|turn|30\n|\n|t:|1733880238\n|move|p1a: Iron Treads|Earthquake|p2a: Spiritomb\n|-damage|p2a: Spiritomb|50/234\n|move|p2a: Spiritomb|Poltergeist|p1a: Iron Treads\n|-activate|p1a: Iron Treads|move: Poltergeist|Leftovers\n|-damage|p1a: Iron Treads|76/265\n|\n|-heal|p1a: Iron Treads|92/265|[from] item: Leftovers\n|upkeep\n|turn|31\n|\n|t:|1733880247\n|move|p2a: Spiritomb|Sucker Punch|p1a: Iron Treads\n|-damage|p1a: Iron Treads|19/265\n|move|p1a: Iron Treads|Earthquake|p2a: Spiritomb\n|-damage|p2a: Spiritomb|0 fnt\n|faint|p2a: Spiritomb\n|\n|-heal|p1a: Iron Treads|35/265|[from] item: Leftovers\n|upkeep\n|\n|t:|1733880257\n|switch|p2a: Jirachi|Jirachi, L80, tera:Water|107/291 par\n|-activate|p2a: Jirachi|move: Sticky Web\n|-unboost|p2a: Jirachi|spe|1\n|-damage|p2a: Jirachi|71/291 par|[from] Stealth Rock\n|turn|32\n|\n|t:|1733880262\n|cant|p2a: Jirachi|par\n|move|p1a: Iron Treads|Earthquake|p2a: Jirachi\n|-damage|p2a: Jirachi|0 fnt\n|faint|p2a: Jirachi\n|\n|-heal|p1a: Iron Treads|51/265|[from] item: Leftovers\n|upkeep\n|\n|t:|1733880270\n|switch|p2a: Magnezone|Magnezone, L85|258/258\n|-activate|p2a: Magnezone|move: Sticky Web\n|-unboost|p2a: Magnezone|spe|1\n|-damage|p2a: Magnezone|242/258|[from] Stealth Rock\n|turn|33\n|\n|t:|1733880276\n|move|p1a: Iron Treads|Earthquake|p2a: Magnezone\n|-supereffective|p2a: Magnezone\n|-damage|p2a: Magnezone|0 fnt\n|faint|p2a: Magnezone\n|\n|-heal|p1a: Iron Treads|67/265|[from] item: Leftovers\n|upkeep\n|\n|t:|1733880282\n|switch|p2a: Ariados|Ariados, L95, M|287/287\n|turn|34\n|\n|t:|1733880290\n|move|p2a: Ariados|Sucker Punch|p1a: Iron Treads\n|-damage|p1a: Iron Treads|17/265\n|move|p1a: Iron Treads|Earthquake|p2a: Ariados\n|-damage|p2a: Ariados|184/287\n|\n|-heal|p1a: Iron Treads|33/265|[from] item: Leftovers\n|upkeep\n|turn|35\n|\n|t:|1733880299\n|move|p1a: Iron Treads|Stealth Rock||[still]\n|-fail|p1a: Iron Treads\n|move|p2a: Ariados|Megahorn|p1a: Iron Treads\n|-resisted|p1a: Iron Treads\n|-damage|p1a: Iron Treads|0 fnt\n|faint|p1a: Iron Treads\n|-end|p1a: Iron Treads|Quark Drive|[silent]\n|\n|upkeep\n|\n|t:|1733880305\n|switch|p1a: Dragonite|Dragonite, L74, F|257/257\n|turn|36\n|\n|t:|1733880311\n|-terastallize|p1a: Dragonite|Flying\n|move|p1a: Dragonite|Tera Blast|p2a: Ariados|[anim] Tera Blast Flying\n|-supereffective|p2a: Ariados\n|-damage|p2a: Ariados|0 fnt\n|faint|p2a: Ariados\n|\n|win|pro_simulator_\n|raw|pro_simulator_'s rating: 1126 &rarr; <strong>1153</strong><br />(+27 for winning)\n|raw|Made_In_Heaven0's rating: 1148 &rarr; <strong>1121</strong><br />(-27 for losing)\n|l|\u2606Made_In_Heaven0\n|player|p2|\n", "inputlog": ">version bfd83cad13791eb5a5a409923076391caf6fb4d4\n>start {\"formatid\":\"gen9randombattle\",\"seed\":[28900,1654,12333,10209],\"rated\":\"Rated battle\"}\n>player p1 {\"name\":\"pro_simulator_\",\"avatar\":\"koga\",\"rating\":1126,\"seed\":[7785,51933,19653,25553]}\n>player p2 {\"name\":\"Made_In_Heaven0\",\"avatar\":\"265\",\"rating\":1148,\"seed\":[3135,47173,58209,55531]}\n>p1 move thunderwave\n>p2 move wish\n>p1 move encore\n>p2 move psychic\n>p1 move earthquake\n>p2 switch 3\n>p1 move playrough\n>p2 move voltswitch\n>p2 switch 4\n>p1 move thunderwave\n>p2 move psychocut\n>p1 switch 5\n>p2 move psychocut\n>p1 move knockoff\n>p2 switch 4\n>p2 switch 5\n>p1 move willowisp\n>p2 move poltergeist\n>p1 move knockoff\n>p2 move poltergeist\n>p1 move knockoff\n>p2 move shadowsneak\n>p1 switch 2\n>p1 move stickyweb\n>p2 move suckerpunch\n>p1 move megahorn\n>p2 switch 3\n>p1 move megahorn\n>p2 move wish\n>p1 switch 5\n>p2 move protect\n>p1 move encore\n>p2 move psychic\n>p1 move playrough\n>p2 move protect\n>p1 move earthquake\n>p2 move protect\n>p1 move encore\n>p2 move psychic\n>p1 move earthquake\n>p2 switch 4\n>p1 move playrough\n>p2 move psychocut\n>p1 move earthquake\n>p2 move aquacutter\n>p2 switch 6\n>p1 move thunderwave\n>p2 move poisonjab\n>p1 switch 6\n>p1 move stealthrock\n>p2 move stickyweb\n>p1 move rapidspin\n>p2 switch 4\n>p1 move earthquake\n>p2 move psychic\n>p1 move earthquake\n>p2 move protect terastallize\n>p1 move ironhead\n>p2 move ironhead\n>p1 switch 4\n>p2 switch 3\n>p1 switch 4\n>p2 move foulplay\n>p1 move earthquake\n>p2 move poltergeist\n>p1 move earthquake\n>p2 move suckerpunch\n>p2 switch 3\n>p1 move earthquake\n>p2 move protect\n>p2 switch 2\n>p1 move earthquake\n>p2 move bodypress\n>p2 switch 4\n>p1 move earthquake\n>p2 move suckerpunch\n>p1 move stealthrock\n>p2 move megahorn\n>p1 switch 4\n>p1 move terablast terastallize\n>p2 move poisonjab", "uploadtime": 1733880317, "views": 1, "formatid": "gen9randombattle", "rating": 1121, "private": 0, "password": null}