{"id": "gen9randombattle-2260097935", "format": "[Gen 9] Random Battle", "players": ["Sk1tt3n", "BitterBless"], "log": "|j|\u2606Sk1tt3n\n|j|\u2606BitterBless\n|t:|1733802094\n|gametype|singles\n|player|p1|Sk1tt3n|hexmaniac-gen6|1996\n|player|p2|BitterBless|dawn-gen4pt|2069\n|teamsize|p1|6\n|teamsize|p2|6\n|gen|9\n|tier|[Gen 9] Random Battle\n|rated|\n|rule|Species Clause: Limit one of each Pok\u00e9mon\n|rule|HP Percentage Mod: HP is shown in percentages\n|rule|Sleep Clause Mod: Limit one foe put to sleep\n|rule|Illusion Level Mod: Illusion disguises the Pok\u00e9mon's true level\n|\n|t:|1733802094\n|start\n|switch|p1a: Grimmsnarl|Grimmsnarl, L83, M|293/293\n|switch|p2a: Duraludon|Duraludon, L82, F|249/249\n|turn|1\n|inactive|Battle timer is ON: inactive players will automatically lose when time's up. (requested by BitterBless)\n|\n|t:|1733802105\n|move|p1a: Grimmsnarl|Parting Shot|p2a: Duraludon\n|-unboost|p2a: Duraludon|atk|1\n|-unboost|p2a: Duraludon|spa|1\n|\n|t:|1733802108\n|switch|p1a: Keldeo|Keldeo-Resolute, L79|273/273|[from] Parting Shot\n|move|p2a: Duraludon|Flash Cannon|p1a: Keldeo\n|-resisted|p1a: Keldeo\n|-damage|p1a: Keldeo|238/273\n|\n|-heal|p1a: Keldeo|255/273|[from] item: Leftovers\n|upkeep\n|turn|2\n|\n|t:|1733802114\n|switch|p2a: Sylveon|Sylveon, L85, M|300/300\n|move|p1a: Keldeo|Substitute|p1a: Keldeo\n|-start|p1a: Keldeo|Substitute\n|-damage|p1a: Keldeo|187/273\n|\n|-heal|p1a: Keldeo|204/273|[from] item: Leftovers\n|upkeep\n|turn|3\n|\n|t:|1733802131\n|switch|p1a: Rotom|Rotom-Wash, L82|216/216\n|move|p2a: Sylveon|Wish|p2a: Sylveon\n|\n|upkeep\n|turn|4\n|\n|t:|1733802139\n|switch|p2a: Electivire|Electivire, L84, F|263/263\n|move|p1a: Rotom|Trick|p2a: Electivire\n|-activate|p1a: Rotom|move: Trick|[of] p2a: Electivire\n|-item|p2a: Electivire|Choice Scarf|[from] move: Trick\n|-item|p1a: Rotom|Choice Band|[from] move: Trick\n|\n|upkeep\n|turn|5\n|\n|t:|1733802150\n|switch|p1a: Hydrapple|Hydrapple, L83, M|312/312\n|move|p2a: Electivire|Supercell Slam|p1a: Hydrapple\n|-resisted|p1a: Hydrapple\n|-damage|p1a: Hydrapple|286/312\n|\n|upkeep\n|turn|6\n|\n|t:|1733802165\n|switch|p2a: Sylveon|Sylveon, L85, M|300/300\n|switch|p1a: Serperior|Serperior, L79, M|248/248\n|\n|upkeep\n|turn|7\n|\n|t:|1733802175\n|move|p1a: Serperior|Leaf Storm|p2a: Sylveon\n|-damage|p2a: Sylveon|203/300\n|-boost|p1a: Serperior|spa|2\n|-damage|p1a: Serperior|224/248|[from] item: Life Orb\n|move|p2a: Sylveon|Calm Mind|p2a: Sylveon\n|-boost|p2a: Sylveon|spa|1\n|-boost|p2a: Sylveon|spd|1\n|\n|-heal|p2a: Sylveon|221/300|[from] item: Leftovers\n|upkeep\n|turn|8\n|\n|t:|1733802181\n|move|p1a: Serperior|Leaf Storm|p2a: Sylveon\n|-damage|p2a: Sylveon|88/300\n|-boost|p1a: Serperior|spa|2\n|-damage|p1a: Serperior|200/248|[from] item: Life Orb\n|move|p2a: Sylveon|Wish|p2a: Sylveon\n|\n|-heal|p2a: Sylveon|106/300|[from] item: Leftovers\n|upkeep\n|turn|9\n|inactive|BitterBless has 120 seconds left.\n|\n|t:|1733802213\n|move|p1a: Serperior|Synthesis|p1a: Serperior\n|-heal|p1a: Serperior|248/248\n|move|p2a: Sylveon|Hyper Voice|p1a: Serperior\n|-damage|p1a: Serperior|62/248\n|\n|-heal|p2a: Sylveon|256/300|[from] move: Wish|[wisher] Sylveon\n|-heal|p2a: Sylveon|274/300|[from] item: Leftovers\n|upkeep\n|turn|10\n|inactive|BitterBless has 120 seconds left.\n|inactive|BitterBless has 90 seconds left.\n|inactive|BitterBless has 60 seconds left.\n|inactive|BitterBless has 30 seconds left.\n|inactive|BitterBless has 20 seconds left.\n|inactive|BitterBless has 15 seconds left.\n|\n|t:|1733802329\n|move|p1a: Serperior|Leaf Storm|p2a: Sylveon\n|-damage|p2a: Sylveon|97/300\n|-boost|p1a: Serperior|spa|2\n|-damage|p1a: Serperior|38/248|[from] item: Life Orb\n|move|p2a: Sylveon|Hyper Voice|p1a: Serperior\n|-damage|p1a: Serperior|0 fnt\n|faint|p1a: Serperior\n|\n|-heal|p2a: Sylveon|115/300|[from] item: Leftovers\n|upkeep\n|inactive|BitterBless has 20 seconds left this turn.\n|\n|t:|1733802348\n|switch|p1a: Grimmsnarl|Grimmsnarl, L83, M|293/293\n|turn|11\n|inactive|BitterBless has 30 seconds left this turn.\n|\n|t:|1733802353\n|-terastallize|p1a: Grimmsnarl|Steel\n|move|p2a: Sylveon|Hyper Voice|p1a: Grimmsnarl\n|-resisted|p1a: Grimmsnarl\n|-damage|p1a: Grimmsnarl|187/293\n|move|p1a: Grimmsnarl|Spirit Break|p2a: Sylveon\n|-damage|p2a: Sylveon|0 fnt\n|faint|p2a: Sylveon\n|\n|upkeep\n|inactive|BitterBless has 30 seconds left.\n|\n|t:|1733802360\n|switch|p2a: Electivire|Electivire, L84, F|263/263\n|turn|12\n|inactive|Sk1tt3n has 120 seconds left.\n|\n|t:|1733802391\n|switch|p1a: Rotom|Rotom-Wash, L82|216/216\n|move|p2a: Electivire|Knock Off|p1a: Rotom\n|-damage|p1a: Rotom|142/216\n|-enditem|p1a: Rotom|Choice Band|[from] move: Knock Off|[of] p2a: Electivire\n|\n|upkeep\n|turn|13\n|\n|t:|1733802399\n|switch|p1a: Keldeo|Keldeo-Resolute, L79|204/273\n|move|p2a: Electivire|Knock Off|p1a: Keldeo\n|-resisted|p1a: Keldeo\n|-damage|p1a: Keldeo|160/273\n|-ability|p1a: Keldeo|Justified|boost\n|-boost|p1a: Keldeo|atk|1\n|-enditem|p1a: Keldeo|Leftovers|[from] move: Knock Off|[of] p2a: Electivire\n|\n|upkeep\n|turn|14\n|\n|t:|1733802404\n|switch|p2a: Appletun|Appletun, L92, F|352/352\n|move|p1a: Keldeo|Substitute|p1a: Keldeo\n|-start|p1a: Keldeo|Substitute\n|-damage|p1a: Keldeo|92/273\n|\n|upkeep\n|turn|15\n|\n|t:|1733802414\n|move|p1a: Keldeo|Calm Mind|p1a: Keldeo\n|-boost|p1a: Keldeo|spa|1\n|-boost|p1a: Keldeo|spd|1\n|move|p2a: Appletun|Apple Acid|p1a: Keldeo\n|-supereffective|p1a: Keldeo\n|-end|p1a: Keldeo|Substitute\n|\n|upkeep\n|turn|16\n|inactive|BitterBless has 60 seconds left.\n|\n|t:|1733802420\n|move|p1a: Keldeo|Secret Sword|p2a: Appletun\n|-damage|p2a: Appletun|199/352\n|move|p2a: Appletun|Apple Acid|p1a: Keldeo\n|-supereffective|p1a: Keldeo\n|-damage|p1a: Keldeo|0 fnt\n|faint|p1a: Keldeo\n|\n|-heal|p2a: Appletun|221/352|[from] item: Leftovers\n|upkeep\n|\n|t:|1733802424\n|switch|p1a: Grimmsnarl|Grimmsnarl, L83, M, tera:Steel|187/293\n|turn|17\n|\n|t:|1733802434\n|move|p1a: Grimmsnarl|Spirit Break|p2a: Appletun\n|-supereffective|p2a: Appletun\n|-damage|p2a: Appletun|27/352\n|-unboost|p2a: Appletun|spa|1\n|move|p2a: Appletun|Leech Seed|p1a: Grimmsnarl\n|-start|p1a: Grimmsnarl|move: Leech Seed\n|\n|-heal|p2a: Appletun|49/352|[from] item: Leftovers\n|-damage|p1a: Grimmsnarl|151/293|[from] Leech Seed|[of] p2a: Appletun\n|-heal|p2a: Appletun|85/352|[silent]\n|upkeep\n|turn|18\n|\n|t:|1733802443\n|switch|p2a: Electivire|Electivire, L84, F|263/263\n|move|p1a: Grimmsnarl|Spirit Break|p2a: Electivire\n|-damage|p2a: Electivire|155/263\n|-unboost|p2a: Electivire|spa|1\n|\n|-damage|p1a: Grimmsnarl|115/293|[from] Leech Seed|[of] p2a: Electivire\n|-heal|p2a: Electivire|191/263|[silent]\n|upkeep\n|turn|19\n|\n|t:|1733802450\n|move|p1a: Grimmsnarl|Reflect|p1a: Grimmsnarl\n|-sidestart|p1: Sk1tt3n|Reflect\n|move|p2a: Electivire|Knock Off|p1a: Grimmsnarl\n|-damage|p1a: Grimmsnarl|62/293\n|-enditem|p1a: Grimmsnarl|Light Clay|[from] move: Knock Off|[of] p2a: Electivire\n|\n|-damage|p1a: Grimmsnarl|26/293|[from] Leech Seed|[of] p2a: Electivire\n|-heal|p2a: Electivire|227/263|[silent]\n|upkeep\n|turn|20\n|\n|t:|1733802454\n|move|p1a: Grimmsnarl|Light Screen|p1a: Grimmsnarl\n|-sidestart|p1: Sk1tt3n|move: Light Screen\n|move|p2a: Electivire|Knock Off|p1a: Grimmsnarl\n|-damage|p1a: Grimmsnarl|0 fnt\n|faint|p1a: Grimmsnarl\n|\n|upkeep\n|\n|t:|1733802456\n|switch|p1a: Hydrapple|Hydrapple, L83, M|312/312\n|turn|21\n|\n|t:|1733802460\n|move|p2a: Electivire|Knock Off|p1a: Hydrapple\n|-damage|p1a: Hydrapple|274/312\n|-enditem|p1a: Hydrapple|Life Orb|[from] move: Knock Off|[of] p2a: Electivire\n|move|p1a: Hydrapple|Nasty Plot|p1a: Hydrapple\n|-boost|p1a: Hydrapple|spa|2\n|\n|upkeep\n|turn|22\n|\n|t:|1733802480\n|switch|p2a: Duraludon|Duraludon, L82, F|249/249\n|move|p1a: Hydrapple|Earth Power|p2a: Duraludon\n|-supereffective|p2a: Duraludon\n|-damage|p2a: Duraludon|0 fnt\n|faint|p2a: Duraludon\n|\n|upkeep\n|\n|t:|1733802486\n|switch|p2a: Electivire|Electivire, L84, F|227/263\n|turn|23\n|\n|t:|1733802490\n|move|p2a: Electivire|Ice Punch|p1a: Hydrapple\n|-supereffective|p1a: Hydrapple\n|-damage|p1a: Hydrapple|154/312\n|move|p1a: Hydrapple|Earth Power|p2a: Electivire\n|-supereffective|p2a: Electivire\n|-damage|p2a: Electivire|0 fnt\n|faint|p2a: Electivire\n|\n|upkeep\n|\n|t:|1733802495\n|switch|p2a: Appletun|Appletun, L92, F|85/352\n|turn|24\n|\n|t:|1733802499\n|move|p1a: Hydrapple|Fickle Beam|p2a: Appletun\n|-supereffective|p2a: Appletun\n|-damage|p2a: Appletun|0 fnt\n|faint|p2a: Appletun\n|\n|-sideend|p1: Sk1tt3n|move: Light Screen\n|upkeep\n|\n|t:|1733802500\n|switch|p2a: Glalie|Glalie, L96, F|309/309\n|turn|25\n|\n|t:|1733802508\n|switch|p1a: Cryogonal|Cryogonal, L89|287/287\n|move|p2a: Glalie|Freeze-Dry|p1a: Cryogonal\n|-resisted|p1a: Cryogonal\n|-damage|p1a: Cryogonal|260/287\n|\n|upkeep\n|turn|26\n|\n|t:|1733802517\n|move|p1a: Cryogonal|Tera Blast|p2a: Glalie\n|-damage|p2a: Glalie|254/309\n|move|p2a: Glalie|Disable|p1a: Cryogonal\n|-start|p1a: Cryogonal|Disable|Tera Blast\n|\n|-sideend|p1: Sk1tt3n|Reflect\n|upkeep\n|turn|27\n|\n|t:|1733802523\n|move|p1a: Cryogonal|Rapid Spin|p2a: Glalie\n|-damage|p2a: Glalie|231/309\n|-boost|p1a: Cryogonal|spe|1\n|move|p2a: Glalie|Spikes|p1a: Cryogonal\n|-sidestart|p1: Sk1tt3n|Spikes\n|\n|upkeep\n|turn|28\n|\n|t:|1733802532\n|move|p1a: Cryogonal|Ice Beam|p2a: Glalie\n|-resisted|p2a: Glalie\n|-damage|p2a: Glalie|183/309\n|move|p2a: Glalie|Freeze-Dry|p1a: Cryogonal\n|-resisted|p1a: Cryogonal\n|-damage|p1a: Cryogonal|233/287\n|\n|upkeep\n|turn|29\n|\n|t:|1733802537\n|move|p1a: Cryogonal|Ice Beam|p2a: Glalie\n|-resisted|p2a: Glalie\n|-damage|p2a: Glalie|134/309\n|move|p2a: Glalie|Freeze-Dry|p1a: Cryogonal\n|-resisted|p1a: Cryogonal\n|-damage|p1a: Cryogonal|205/287\n|\n|upkeep\n|turn|30\n|\n|t:|1733802540\n|move|p1a: Cryogonal|Ice Beam|p2a: Glalie\n|-resisted|p2a: Glalie\n|-damage|p2a: Glalie|88/309\n|move|p2a: Glalie|Freeze-Dry|p1a: Cryogonal\n|-resisted|p1a: Cryogonal\n|-damage|p1a: Cryogonal|179/287\n|\n|-end|p1a: Cryogonal|Disable\n|upkeep\n|turn|31\n|\n|t:|1733802543\n|move|p1a: Cryogonal|Tera Blast|p2a: Glalie\n|-damage|p2a: Glalie|26/309\n|move|p2a: Glalie|Freeze-Dry|p1a: Cryogonal\n|-resisted|p1a: Cryogonal\n|-damage|p1a: Cryogonal|150/287\n|\n|upkeep\n|turn|32\n|\n|t:|1733802545\n|move|p1a: Cryogonal|Ice Beam|p2a: Glalie\n|-resisted|p2a: Glalie\n|-damage|p2a: Glalie|0 fnt\n|faint|p2a: Glalie\n|\n|upkeep\n|\n|t:|1733802546\n|switch|p2a: Gogoat|Gogoat, L88, M|360/360\n|turn|33\n|\n|t:|1733802548\n|move|p1a: Cryogonal|Ice Beam|p2a: Gogoat\n|-supereffective|p2a: Gogoat\n|-damage|p2a: Gogoat|142/360\n|move|p2a: Gogoat|Horn Leech|p1a: Cryogonal\n|-damage|p1a: Cryogonal|30/287\n|-heal|p2a: Gogoat|202/360|[from] drain|[of] p1a: Cryogonal\n|\n|-heal|p2a: Gogoat|224/360|[from] item: Leftovers\n|upkeep\n|turn|34\n|\n|t:|1733802553\n|move|p1a: Cryogonal|Ice Beam|p2a: Gogoat\n|-supereffective|p2a: Gogoat\n|-damage|p2a: Gogoat|6/360\n|move|p2a: Gogoat|Horn Leech|p1a: Cryogonal\n|-damage|p1a: Cryogonal|0 fnt\n|-heal|p2a: Gogoat|21/360|[from] drain|[of] p1a: Cryogonal\n|faint|p1a: Cryogonal\n|\n|-heal|p2a: Gogoat|43/360|[from] item: Leftovers\n|upkeep\n|\n|t:|1733802557\n|switch|p1a: Rotom|Rotom-Wash, L82|142/216\n|turn|35\n|\n|t:|1733802559\n|-terastallize|p2a: Gogoat|Ground\n|move|p1a: Rotom|Thunderbolt|p2a: Gogoat\n|-immune|p2a: Gogoat\n|move|p2a: Gogoat|Horn Leech|p1a: Rotom\n|-supereffective|p1a: Rotom\n|-damage|p1a: Rotom|0 fnt\n|-heal|p2a: Gogoat|114/360|[from] drain|[of] p1a: Rotom\n|faint|p1a: Rotom\n|\n|-heal|p2a: Gogoat|136/360|[from] item: Leftovers\n|upkeep\n|\n|t:|1733802561\n|switch|p1a: Hydrapple|Hydrapple, L83, M|258/312\n|-damage|p1a: Hydrapple|219/312|[from] Spikes\n|turn|36\n|\n|t:|1733802565\n|move|p2a: Gogoat|Earthquake|p1a: Hydrapple\n|-resisted|p1a: Hydrapple\n|-damage|p1a: Hydrapple|167/312\n|move|p1a: Hydrapple|Giga Drain|p2a: Gogoat\n|-ability|p2a: Gogoat|Sap Sipper|boost\n|-boost|p2a: Gogoat|atk|1\n|\n|-heal|p2a: Gogoat|158/360|[from] item: Leftovers\n|upkeep\n|turn|37\n|\n|t:|1733802567\n|move|p2a: Gogoat|Earthquake|p1a: Hydrapple\n|-resisted|p1a: Hydrapple\n|-damage|p1a: Hydrapple|86/312\n|move|p1a: Hydrapple|Fickle Beam|p2a: Gogoat\n|-damage|p2a: Gogoat|59/360\n|\n|-heal|p2a: Gogoat|81/360|[from] item: Leftovers\n|upkeep\n|turn|38\n|\n|t:|1733802574\n|move|p2a: Gogoat|Milk Drink|p2a: Gogoat\n|-heal|p2a: Gogoat|261/360\n|move|p1a: Hydrapple|Nasty Plot|p1a: Hydrapple\n|-boost|p1a: Hydrapple|spa|2\n|\n|-heal|p2a: Gogoat|283/360|[from] item: Leftovers\n|upkeep\n|turn|39\n|\n|t:|1733802576\n|move|p2a: Gogoat|Earthquake|p1a: Hydrapple\n|-resisted|p1a: Hydrapple\n|-damage|p1a: Hydrapple|16/312\n|move|p1a: Hydrapple|Fickle Beam|p2a: Gogoat|[anim] Fickle Beam All Out\n|-activate|p1a: Hydrapple|move: Fickle Beam\n|-damage|p2a: Gogoat|0 fnt\n|faint|p2a: Gogoat\n|\n|win|Sk1tt3n\n|raw|Sk1tt3n's rating: 1996 &rarr; <strong>2020</strong><br />(+24 for winning)\n|raw|BitterBless's rating: 2069 &rarr; <strong>2045</strong><br />(-24 for losing)\n|l|\u2606BitterBless\n|player|p2|\n|c|\u2606Sk1tt3n|gg\n", "inputlog": ">version bfd83cad13791eb5a5a409923076391caf6fb4d4\n>start {\"formatid\":\"gen9randombattle\",\"seed\":[56990,45805,3973,63659],\"rated\":\"Rated battle\"}\n>player p1 {\"name\":\"Sk1tt3n\",\"avatar\":\"hexmaniac-gen6\",\"rating\":1996,\"seed\":[40102,53861,26544,44630]}\n>player p2 {\"name\":\"BitterBless\",\"avatar\":\"dawn-gen4pt\",\"rating\":2069,\"seed\":[45915,55518,59038,40219]}\n>p1 move partingshot\n>p2 move flashcannon\n>p1 switch 5\n>p1 move substitute\n>p2 switch 6\n>p1 switch 3\n>p2 move wish\n>p1 move trick\n>p2 switch 4\n>p1 switch 2\n>p2 move supercellslam\n>p1 switch 4\n>p2 switch 4\n>p1 move leafstorm\n>p2 move calmmind\n>p1 move leafstorm\n>p2 move wish\n>p1 move synthesis\n>p2 move hypervoice\n>p1 move leafstorm\n>p2 move hypervoice\n>p1 switch 5\n>p1 move spiritbreak terastallize\n>p2 move hypervoice\n>p2 switch 4\n>p1 switch 2\n>p2 move knockoff\n>p1 switch 3\n>p2 move knockoff\n>p1 move substitute\n>p2 switch 2\n>p1 move calmmind\n>p2 move appleacid\n>p1 move secretsword\n>p2 move appleacid\n>p1 switch 2\n>p1 move spiritbreak\n>p2 move leechseed\n>p1 move spiritbreak\n>p2 switch 2\n>p1 move reflect\n>p2 move knockoff\n>p1 move lightscreen\n>p2 move knockoff\n>p1 switch 4\n>p1 move nastyplot\n>p2 move knockoff\n>p1 move earthpower\n>p2 switch 6\n>p2 switch 6\n>p1 move earthpower\n>p2 move icepunch\n>p2 switch 2\n>p1 move ficklebeam\n>p2 move dracometeor\n>p2 switch 3\n>p1 switch 6\n>p2 move freezedry\n>p1 move terablast\n>p2 move disable\n>p1 move rapidspin\n>p2 move spikes\n>p1 move icebeam\n>p2 move freezedry\n>p1 move icebeam\n>p2 move freezedry\n>p1 move icebeam\n>p2 move freezedry\n>p1 move terablast\n>p2 move freezedry\n>p1 move icebeam\n>p2 move freezedry\n>p2 switch 5\n>p1 move icebeam\n>p2 move hornleech\n>p1 move icebeam\n>p2 move hornleech\n>p1 switch 3\n>p1 move thunderbolt\n>p2 move hornleech terastallize\n>p1 switch 6\n>p1 move gigadrain\n>p2 move earthquake\n>p1 move ficklebeam\n>p2 move earthquake\n>p1 move nastyplot\n>p2 move milkdrink\n>p1 move ficklebeam\n>p2 move earthquake", "uploadtime": 1733802589, "views": 17, "formatid": "gen9randombattle", "rating": 2020, "private": 0, "password": null}