{"id": "gen9randombattle-2260098384", "format": "[Gen 9] Random Battle", "players": ["XxN00bM4st3rxX69", "Trev225"], "log": "|j|\u2606XxN00bM4st3rxX69\n|j|\u2606Trev225\n|t:|1733802155\n|gametype|singles\n|player|p1|XxN00bM4st3rxX69|101|1402\n|player|p2|Trev225|lucas|1420\n|teamsize|p1|6\n|teamsize|p2|6\n|gen|9\n|tier|[Gen 9] Random Battle\n|rated|\n|rule|Species Clause: Limit one of each Pok\u00e9mon\n|rule|HP Percentage Mod: HP is shown in percentages\n|rule|Sleep Clause Mod: Limit one foe put to sleep\n|rule|Illusion Level Mod: Illusion disguises the Pok\u00e9mon's true level\n|\n|t:|1733802155\n|start\n|switch|p1a: Hitmonchan|Hitmonchan, L87, M|229/229\n|switch|p2a: Oricorio|Oricorio-Pom-Pom, L82, F|257/257\n|turn|1\n|inactive|Battle timer is ON: inactive players will automatically lose when time's up. (requested by XxN00bM4st3rxX69)\n|\n|t:|1733802171\n|switch|p1a: Houndstone|Houndstone, L86, F|264/264\n|move|p2a: Oricorio|Quiver Dance|p2a: Oricorio\n|-boost|p2a: Oricorio|spa|1\n|-boost|p2a: Oricorio|spd|1\n|-boost|p2a: Oricorio|spe|1\n|\n|upkeep\n|turn|2\n|\n|t:|1733802179\n|move|p2a: Oricorio|Quiver Dance|p2a: Oricorio\n|-boost|p2a: Oricorio|spa|1\n|-boost|p2a: Oricorio|spd|1\n|-boost|p2a: Oricorio|spe|1\n|move|p1a: Houndstone|Poltergeist|p2a: Oricorio\n|-activate|p2a: Oricorio|move: Poltergeist|Heavy-Duty Boots\n|-damage|p2a: Oricorio|112/257\n|\n|upkeep\n|turn|3\n|\n|t:|1733802189\n|move|p2a: Oricorio|Hurricane|p1a: Houndstone\n|-damage|p1a: Houndstone|129/264\n|move|p1a: Houndstone|Poltergeist|p2a: Oricorio\n|-activate|p2a: Oricorio|move: Poltergeist|Heavy-Duty Boots\n|-damage|p2a: Oricorio|0 fnt\n|faint|p2a: Oricorio\n|\n|upkeep\n|\n|t:|1733802199\n|switch|p2a: Sandaconda|Sandaconda, L84, F|219/219\n|turn|4\n|inactive|XxN00bM4st3rxX69 has 120 seconds left.\n|\n|t:|1733802249\n|move|p2a: Sandaconda|Poltergeist|p1a: Houndstone\n|-activate|p1a: Houndstone|move: Poltergeist|Assault Vest\n|-supereffective|p1a: Houndstone\n|-damage|p1a: Houndstone|0 fnt\n|faint|p1a: Houndstone\n|-damage|p2a: Sandaconda|198/219|[from] item: Life Orb\n|\n|upkeep\n|\n|t:|1733802267\n|switch|p1a: Hitmonchan|Hitmonchan, L87, M|229/229\n|turn|5\n|\n|t:|1733802272\n|move|p2a: Sandaconda|Will-O-Wisp|p1a: Hitmonchan\n|-status|p1a: Hitmonchan|brn\n|move|p1a: Hitmonchan|Knock Off|p2a: Sandaconda\n|-supereffective|p2a: Sandaconda\n|-damage|p2a: Sandaconda|51/219\n|replace|p2a: Zoroark|Zoroark-Hisui, L80, F\n|-end|p2a: Zoroark|Illusion\n|-hint|Illusion Level Mod is active, so this Pok\u00e9mon's true level was hidden.\n|-enditem|p2a: Zoroark|Life Orb|[from] move: Knock Off|[of] p1a: Hitmonchan\n|-damage|p1a: Hitmonchan|207/229 brn|[from] item: Life Orb\n|\n|-damage|p1a: Hitmonchan|193/229 brn|[from] brn\n|upkeep\n|turn|6\n|inactive|XxN00bM4st3rxX69 has 90 seconds left.\n|\n|t:|1733802317\n|switch|p2a: Sandaconda|Sandaconda, L84, F|258/258\n|move|p1a: Hitmonchan|Knock Off|p2a: Sandaconda\n|-damage|p2a: Sandaconda|220/258\n|-enditem|p2a: Sandaconda|Leftovers|[from] move: Knock Off|[of] p1a: Hitmonchan\n|-damage|p1a: Hitmonchan|171/229 brn|[from] item: Life Orb\n|\n|-damage|p1a: Hitmonchan|157/229 brn|[from] brn\n|upkeep\n|turn|7\n|\n|t:|1733802330\n|move|p1a: Hitmonchan|Swords Dance|p1a: Hitmonchan\n|-boost|p1a: Hitmonchan|atk|2\n|move|p2a: Sandaconda|Earthquake|p1a: Hitmonchan\n|-damage|p1a: Hitmonchan|37/229 brn\n|\n|-damage|p1a: Hitmonchan|23/229 brn|[from] brn\n|upkeep\n|turn|8\n|\n|t:|1733802337\n|move|p1a: Hitmonchan|Ice Punch|p2a: Sandaconda\n|-supereffective|p2a: Sandaconda\n|-damage|p2a: Sandaconda|86/258\n|-damage|p1a: Hitmonchan|1/229 brn|[from] item: Life Orb\n|move|p2a: Sandaconda|Earthquake|p1a: Hitmonchan\n|-damage|p1a: Hitmonchan|0 fnt\n|faint|p1a: Hitmonchan\n|\n|upkeep\n|\n|t:|1733802347\n|switch|p1a: Leavanny|Leavanny, L86, M|269/269\n|turn|9\n|\n|t:|1733802351\n|move|p1a: Leavanny|Sticky Web|p2a: Sandaconda\n|-sidestart|p2: Trev225|move: Sticky Web\n|move|p2a: Sandaconda|Glare|p1a: Leavanny\n|-status|p1a: Leavanny|par\n|\n|upkeep\n|turn|10\n|inactive|XxN00bM4st3rxX69 has 90 seconds left.\n|\n|t:|1733802358\n|move|p2a: Sandaconda|Stone Edge|p1a: Leavanny\n|-supereffective|p1a: Leavanny\n|-damage|p1a: Leavanny|99/269 par\n|move|p1a: Leavanny|Knock Off|p2a: Sandaconda\n|-damage|p2a: Sandaconda|50/258\n|\n|upkeep\n|turn|11\n|\n|t:|1733802365\n|move|p2a: Sandaconda|Rest|p2a: Sandaconda\n|-status|p2a: Sandaconda|slp|[from] move: Rest\n|-heal|p2a: Sandaconda|258/258 slp|[silent]\n|cant|p1a: Leavanny|par\n|\n|upkeep\n|turn|12\n|\n|t:|1733802372\n|cant|p2a: Sandaconda|slp\n|cant|p1a: Leavanny|par\n|\n|upkeep\n|turn|13\n|\n|t:|1733802376\n|cant|p2a: Sandaconda|slp\n|move|p1a: Leavanny|Leaf Blade|p2a: Sandaconda\n|-supereffective|p2a: Sandaconda\n|-damage|p2a: Sandaconda|88/258 slp\n|\n|upkeep\n|turn|14\n|\n|t:|1733802382\n|-curestatus|p2a: Sandaconda|slp|[msg]\n|move|p2a: Sandaconda|Rest|p2a: Sandaconda\n|-status|p2a: Sandaconda|slp|[from] move: Rest\n|-heal|p2a: Sandaconda|258/258 slp|[silent]\n|move|p1a: Leavanny|Leaf Blade|p2a: Sandaconda\n|-supereffective|p2a: Sandaconda\n|-damage|p2a: Sandaconda|94/258 slp\n|\n|-activate|p2a: Sandaconda|ability: Shed Skin\n|-curestatus|p2a: Sandaconda|slp|[msg]\n|upkeep\n|turn|15\n|inactive|XxN00bM4st3rxX69 has 120 seconds left.\n|\n|t:|1733802395\n|move|p2a: Sandaconda|Stone Edge|p1a: Leavanny\n|-supereffective|p1a: Leavanny\n|-damage|p1a: Leavanny|0 fnt\n|faint|p1a: Leavanny\n|\n|upkeep\n|\n|t:|1733802400\n|switch|p1a: Venusaur|Venusaur, L84, M|272/272\n|turn|16\n|\n|t:|1733802404\n|move|p1a: Venusaur|Substitute|p1a: Venusaur\n|-start|p1a: Venusaur|Substitute\n|-damage|p1a: Venusaur|204/272\n|move|p2a: Sandaconda|Glare||[still]\n|-fail|p2a: Sandaconda\n|\n|-heal|p1a: Venusaur|221/272|[from] item: Leftovers\n|upkeep\n|turn|17\n|\n|t:|1733802411\n|move|p1a: Venusaur|Giga Drain|p2a: Sandaconda\n|-supereffective|p2a: Sandaconda\n|-damage|p2a: Sandaconda|0 fnt\n|-heal|p1a: Venusaur|268/272|[from] drain|[of] p2a: Sandaconda\n|faint|p2a: Sandaconda\n|\n|-heal|p1a: Venusaur|272/272|[from] item: Leftovers\n|upkeep\n|\n|t:|1733802423\n|switch|p2a: Politoed|Politoed, L88, M|51/219\n|-activate|p2a: Politoed|move: Sticky Web\n|-unboost|p2a: Politoed|spe|1\n|turn|18\n|\n|t:|1733802429\n|move|p1a: Venusaur|Giga Drain|p2a: Politoed\n|-damage|p2a: Politoed|0 fnt\n|replace|p2a: Zoroark|Zoroark-Hisui, L80, F\n|-end|p2a: Zoroark|Illusion\n|faint|p2a: Zoroark\n|\n|upkeep\n|\n|t:|1733802438\n|switch|p2a: Lugia|Lugia, L72|272/272\n|turn|19\n|\n|t:|1733802441\n|move|p2a: Lugia|Calm Mind|p2a: Lugia\n|-boost|p2a: Lugia|spa|1\n|-boost|p2a: Lugia|spd|1\n|move|p1a: Venusaur|Leech Seed|p2a: Lugia\n|-start|p2a: Lugia|move: Leech Seed\n|\n|-damage|p2a: Lugia|238/272|[from] Leech Seed|[of] p1a: Venusaur\n|upkeep\n|turn|20\n|\n|t:|1733802449\n|move|p2a: Lugia|Earth Power|p1a: Venusaur\n|-activate|p1a: Venusaur|move: Substitute|[damage]\n|move|p1a: Venusaur|Sludge Bomb|p2a: Lugia\n|-damage|p2a: Lugia|190/272\n|\n|-damage|p2a: Lugia|156/272|[from] Leech Seed|[of] p1a: Venusaur\n|upkeep\n|turn|21\n|\n|t:|1733802462\n|move|p2a: Lugia|Earth Power|p1a: Venusaur\n|-end|p1a: Venusaur|Substitute\n|move|p1a: Venusaur|Sludge Bomb|p2a: Lugia\n|-damage|p2a: Lugia|111/272\n|\n|-damage|p2a: Lugia|77/272|[from] Leech Seed|[of] p1a: Venusaur\n|upkeep\n|turn|22\n|\n|t:|1733802470\n|move|p2a: Lugia|Aeroblast|p1a: Venusaur\n|-supereffective|p1a: Venusaur\n|-damage|p1a: Venusaur|66/272\n|move|p1a: Venusaur|Sludge Bomb|p2a: Lugia\n|-damage|p2a: Lugia|29/272\n|\n|-heal|p1a: Venusaur|83/272|[from] item: Leftovers\n|-damage|p2a: Lugia|0 fnt|[from] Leech Seed|[of] p1a: Venusaur\n|-heal|p1a: Venusaur|112/272|[silent]\n|faint|p2a: Lugia\n|upkeep\n|\n|t:|1733802484\n|switch|p2a: Oinkologne|Oinkologne-F, L92, F|361/361\n|-activate|p2a: Oinkologne|move: Sticky Web\n|-unboost|p2a: Oinkologne|spe|1\n|turn|23\n|\n|t:|1733802492\n|switch|p1a: Pyroar|Pyroar, L88, M|295/295\n|-ability|p1a: Pyroar|Unnerve\n|move|p2a: Oinkologne|Lash Out|p1a: Pyroar\n|-damage|p1a: Pyroar|223/295\n|\n|upkeep\n|turn|24\n|\n|t:|1733802501\n|move|p1a: Pyroar|Fire Blast|p2a: Oinkologne\n|-crit|p2a: Oinkologne\n|-damage|p2a: Oinkologne|273/361\n|move|p2a: Oinkologne|High Horsepower|p1a: Pyroar\n|-supereffective|p1a: Pyroar\n|-damage|p1a: Pyroar|61/295\n|\n|-heal|p2a: Oinkologne|295/361|[from] item: Leftovers\n|upkeep\n|turn|25\n|\n|t:|1733802510\n|move|p1a: Pyroar|Hyper Voice|p2a: Oinkologne\n|-damage|p2a: Oinkologne|187/361\n|move|p2a: Oinkologne|High Horsepower|p1a: Pyroar\n|-supereffective|p1a: Pyroar\n|-damage|p1a: Pyroar|0 fnt\n|faint|p1a: Pyroar\n|\n|-heal|p2a: Oinkologne|209/361|[from] item: Leftovers\n|upkeep\n|\n|t:|1733802518\n|switch|p1a: Enamorus|Enamorus-Therian, L83, F|259/259\n|turn|26\n|\n|t:|1733802526\n|move|p1a: Enamorus|Moonblast|p2a: Oinkologne\n|-damage|p2a: Oinkologne|92/361\n|move|p2a: Oinkologne|Double-Edge|p1a: Enamorus\n|-damage|p1a: Enamorus|144/259\n|-damage|p2a: Oinkologne|54/361|[from] Recoil\n|\n|-heal|p2a: Oinkologne|76/361|[from] item: Leftovers\n|upkeep\n|turn|27\n|\n|t:|1733802535\n|move|p1a: Enamorus|Moonblast|p2a: Oinkologne\n|-damage|p2a: Oinkologne|0 fnt\n|faint|p2a: Oinkologne\n|\n|upkeep\n|\n|t:|1733802539\n|switch|p2a: Politoed|Politoed, L88, M|302/302\n|-activate|p2a: Politoed|move: Sticky Web\n|-unboost|p2a: Politoed|spe|1\n|-weather|RainDance|[from] ability: Drizzle|[of] p2a: Politoed\n|turn|28\n|\n|t:|1733802552\n|move|p1a: Enamorus|Moonblast|p2a: Politoed\n|-damage|p2a: Politoed|194/302\n|move|p2a: Politoed|Ice Beam|p1a: Enamorus\n|-supereffective|p1a: Enamorus\n|-damage|p1a: Enamorus|20/259\n|\n|-weather|RainDance|[upkeep]\n|upkeep\n|turn|29\n|\n|t:|1733802560\n|move|p1a: Enamorus|Moonblast|p2a: Politoed\n|-damage|p2a: Politoed|76/302\n|move|p2a: Politoed|Ice Beam|p1a: Enamorus\n|-supereffective|p1a: Enamorus\n|-damage|p1a: Enamorus|0 fnt\n|faint|p1a: Enamorus\n|\n|-weather|RainDance|[upkeep]\n|upkeep\n|\n|t:|1733802567\n|switch|p1a: Venusaur|Venusaur, L84, M|112/272\n|turn|30\n|\n|t:|1733802571\n|-terastallize|p1a: Venusaur|Steel\n|move|p1a: Venusaur|Substitute|p1a: Venusaur\n|-start|p1a: Venusaur|Substitute\n|-damage|p1a: Venusaur|44/272\n|move|p2a: Politoed|Ice Beam|p1a: Venusaur\n|-resisted|p1a: Venusaur\n|-activate|p1a: Venusaur|move: Substitute|[damage]\n|\n|-weather|RainDance|[upkeep]\n|-heal|p1a: Venusaur|61/272|[from] item: Leftovers\n|upkeep\n|turn|31\n|\n|t:|1733802581\n|move|p1a: Venusaur|Leech Seed|p2a: Politoed\n|-start|p2a: Politoed|move: Leech Seed\n|move|p2a: Politoed|Ice Beam|p1a: Venusaur\n|-resisted|p1a: Venusaur\n|-end|p1a: Venusaur|Substitute\n|\n|-weather|RainDance|[upkeep]\n|-heal|p1a: Venusaur|78/272|[from] item: Leftovers\n|-damage|p2a: Politoed|39/302|[from] Leech Seed|[of] p1a: Venusaur\n|-heal|p1a: Venusaur|115/272|[silent]\n|upkeep\n|turn|32\n|c|\u2606Trev225|gg\n|\n|t:|1733802591\n|move|p1a: Venusaur|Giga Drain|p2a: Politoed\n|-supereffective|p2a: Politoed\n|-damage|p2a: Politoed|0 fnt\n|-heal|p1a: Venusaur|135/272|[from] drain|[of] p2a: Politoed\n|faint|p2a: Politoed\n|\n|win|XxN00bM4st3rxX69\n|raw|XxN00bM4st3rxX69's rating: 1402 &rarr; <strong>1423</strong><br />(+21 for winning)\n|raw|Trev225's rating: 1420 &rarr; <strong>1399</strong><br />(-21 for losing)\n|c|\u2606XxN00bM4st3rxX69|gg\n|l|\u2606Trev225\n|player|p2|\n", "inputlog": ">version bfd83cad13791eb5a5a409923076391caf6fb4d4\n>start {\"formatid\":\"gen9randombattle\",\"seed\":[56272,24077,19813,16593],\"rated\":\"Rated battle\"}\n>player p1 {\"name\":\"XxN00bM4st3rxX69\",\"avatar\":\"101\",\"rating\":1402,\"seed\":[2707,51922,44743,24337]}\n>player p2 {\"name\":\"Trev225\",\"avatar\":\"lucas\",\"rating\":1420,\"seed\":[36646,32866,64542,16259]}\n>p1 switch 3\n>p2 move quiverdance\n>p1 move poltergeist\n>p2 move quiverdance\n>p1 move poltergeist\n>p2 move hurricane\n>p2 switch 3\n>p1 move poltergeist\n>p2 move poltergeist\n>p1 switch 3\n>p1 move knockoff\n>p2 move willowisp\n>p1 move knockoff\n>p2 switch 6\n>p1 move swordsdance\n>p2 move earthquake\n>p1 move icepunch\n>p2 move earthquake\n>p1 switch 4\n>p1 move stickyweb\n>p2 move glare\n>p1 move knockoff\n>p2 move stoneedge\n>p1 move leafblade\n>p2 move rest\n>p1 move leafblade\n>p2 move stoneedge\n>p1 move leafblade\n>p2 move stoneedge\n>p1 move leafblade\n>p2 move rest\n>p1 move leafblade\n>p2 move stoneedge\n>p1 switch 6\n>p1 move substitute\n>p2 move glare\n>p1 move gigadrain\n>p2 move stoneedge\n>p2 switch 6\n>p1 move gigadrain\n>p2 move hypervoice\n>p2 switch 2\n>p1 move leechseed\n>p2 move calmmind\n>p1 move sludgebomb\n>p2 move earthpower\n>p1 move sludgebomb\n>p2 move earthpower\n>p1 move sludgebomb\n>p2 move aeroblast\n>p2 switch 4\n>p1 switch 2\n>p2 move lashout\n>p1 move fireblast\n>p2 move highhorsepower\n>p1 move hypervoice\n>p2 move highhorsepower\n>p1 switch 5\n>p1 move moonblast\n>p2 move doubleedge\n>p1 move moonblast\n>p2 move doubleedge\n>p2 switch 5\n>p1 move moonblast\n>p2 move icebeam\n>p1 move moonblast\n>p2 move icebeam\n>p1 switch 2\n>p1 move substitute terastallize\n>p2 move icebeam\n>p1 move leechseed\n>p2 move icebeam\n>chat \u2606Trev225|gg\n>p1 move gigadrain\n>p2 move icebeam", "uploadtime": 1733802598, "views": 27, "formatid": "gen9randombattle", "rating": 1399, "private": 0, "password": null}