{"id": "gen9randombattle-2260776743", "format": "[Gen 9] Random Battle", "players": ["xValk_", "Jkonek"], "log": "|j|\u2606xValk_\n|j|\u2606Jkonek\n|t:|1733890409\n|gametype|singles\n|player|p1|xValk_|ltsurge|1881\n|player|p2|Jkonek|n|1871\n|teamsize|p1|6\n|teamsize|p2|6\n|gen|9\n|tier|[Gen 9] Random Battle\n|rated|\n|rule|Species Clause: Limit one of each Pok\u00e9mon\n|rule|HP Percentage Mod: HP is shown in percentages\n|rule|Sleep Clause Mod: Limit one foe put to sleep\n|rule|Illusion Level Mod: Illusion disguises the Pok\u00e9mon's true level\n|\n|t:|1733890409\n|start\n|switch|p1a: Delphox|Delphox, L84, M|263/263\n|switch|p2a: Rampardos|Rampardos, L90, M|321/321\n|turn|1\n|inactive|Battle timer is ON: inactive players will automatically lose when time's up. (requested by Jkonek)\n|\n|t:|1733890425\n|move|p2a: Rampardos|Rock Slide|p1a: Delphox\n|-supereffective|p1a: Delphox\n|-damage|p1a: Delphox|0 fnt\n|faint|p1a: Delphox\n|\n|upkeep\n|\n|t:|1733890429\n|switch|p1a: Samurott|Samurott, L88, F|310/310\n|turn|2\n|\n|t:|1733890438\n|switch|p2a: Whiscash|Whiscash, L88, M|337/337\n|move|p1a: Samurott|Sacred Sword|p2a: Whiscash\n|-damage|p2a: Whiscash|258/337\n|\n|-heal|p2a: Whiscash|279/337|[from] item: Leftovers\n|upkeep\n|turn|3\n|\n|t:|1733890460\n|move|p1a: Samurott|Grass Knot|p2a: Whiscash\n|-supereffective|p2a: Whiscash\n|-damage|p2a: Whiscash|127/337\n|move|p2a: Whiscash|Stealth Rock|p1a: Samurott\n|-sidestart|p1: xValk_|move: Stealth Rock\n|\n|-heal|p2a: Whiscash|148/337|[from] item: Leftovers\n|upkeep\n|turn|4\n|\n|t:|1733890480\n|switch|p2a: Honchkrow|Honchkrow, L86, F|312/312\n|move|p1a: Samurott|Hydro Pump|p2a: Honchkrow\n|-damage|p2a: Honchkrow|119/312\n|\n|upkeep\n|turn|5\n|\n|t:|1733890501\n|move|p2a: Honchkrow|Sucker Punch|p1a: Samurott\n|-damage|p1a: Samurott|222/310\n|move|p1a: Samurott|Sacred Sword|p2a: Honchkrow\n|-damage|p2a: Honchkrow|26/312\n|\n|upkeep\n|turn|6\n|\n|t:|1733890507\n|move|p1a: Samurott|Aqua Jet|p2a: Honchkrow\n|-damage|p2a: Honchkrow|0 fnt\n|faint|p2a: Honchkrow\n|\n|upkeep\n|\n|t:|1733890516\n|switch|p2a: Flamigo|Flamigo, L82, M|269/269\n|turn|7\n|\n|t:|1733890523\n|switch|p1a: Kilowattrel|Kilowattrel, L83, F|252/252\n|move|p2a: Flamigo|Swords Dance|p2a: Flamigo\n|-boost|p2a: Flamigo|atk|2\n|\n|upkeep\n|turn|8\n|\n|t:|1733890543\n|-terastallize|p2a: Flamigo|Steel\n|move|p1a: Kilowattrel|Thunderbolt|p2a: Flamigo\n|-damage|p2a: Flamigo|128/269\n|move|p2a: Flamigo|Close Combat|p1a: Kilowattrel\n|-resisted|p1a: Kilowattrel\n|-damage|p1a: Kilowattrel|14/252\n|-unboost|p2a: Flamigo|def|1\n|-unboost|p2a: Flamigo|spd|1\n|-damage|p2a: Flamigo|102/269|[from] item: Life Orb\n|\n|upkeep\n|turn|9\n|inactive|xValk_ has 120 seconds left.\n|\n|t:|1733890579\n|switch|p2a: Whiscash|Whiscash, L88, M|148/337\n|move|p1a: Kilowattrel|Thunderbolt|p2a: Whiscash\n|-immune|p2a: Whiscash\n|\n|-heal|p2a: Whiscash|169/337|[from] item: Leftovers\n|upkeep\n|turn|10\n|inactive|xValk_ has 120 seconds left.\n|\n|t:|1733890591\n|switch|p1a: Samurott|Samurott, L88, F|222/310\n|-damage|p1a: Samurott|184/310|[from] Stealth Rock\n|move|p2a: Whiscash|Ice Beam|p1a: Samurott\n|-resisted|p1a: Samurott\n|-damage|p1a: Samurott|162/310\n|\n|-heal|p2a: Whiscash|190/337|[from] item: Leftovers\n|upkeep\n|turn|11\n|inactive|xValk_ has 120 seconds left.\n|\n|t:|1733890603\n|move|p1a: Samurott|Grass Knot|p2a: Whiscash\n|-supereffective|p2a: Whiscash\n|-damage|p2a: Whiscash|34/337\n|move|p2a: Whiscash|Earthquake|p1a: Samurott\n|-damage|p1a: Samurott|68/310\n|\n|-heal|p2a: Whiscash|55/337|[from] item: Leftovers\n|upkeep\n|turn|12\n|inactive|xValk_ has 120 seconds left.\n|\n|t:|1733890636\n|move|p1a: Samurott|Grass Knot|p2a: Whiscash\n|-supereffective|p2a: Whiscash\n|-damage|p2a: Whiscash|0 fnt\n|faint|p2a: Whiscash\n|\n|upkeep\n|\n|t:|1733890650\n|switch|p2a: Azelf|Azelf, L82|257/257\n|turn|13\n|\n|t:|1733890663\n|move|p1a: Samurott|Aqua Jet|p2a: Azelf\n|-damage|p2a: Azelf|163/257\n|move|p2a: Azelf|Psychic|p1a: Samurott\n|-damage|p1a: Samurott|0 fnt\n|faint|p1a: Samurott\n|-damage|p2a: Azelf|138/257|[from] item: Life Orb\n|\n|upkeep\n|\n|t:|1733890680\n|switch|p1a: Froslass|Froslass, L87, F|263/263\n|-damage|p1a: Froslass|198/263|[from] Stealth Rock\n|turn|14\n|\n|t:|1733890688\n|move|p1a: Froslass|Poltergeist|p2a: Azelf\n|-activate|p2a: Azelf|move: Poltergeist|Life Orb\n|-supereffective|p2a: Azelf\n|-damage|p2a: Azelf|0 fnt\n|faint|p2a: Azelf\n|\n|upkeep\n|\n|t:|1733890700\n|switch|p2a: Rampardos|Rampardos, L90, M|321/321\n|turn|15\n|\n|t:|1733890709\n|move|p1a: Froslass|Triple Axel|p2a: Rampardos\n|-damage|p2a: Rampardos|296/321\n|-damage|p2a: Rampardos|248/321\n|-damage|p2a: Rampardos|175/321\n|-hitcount|p2a: Rampardos|3\n|move|p2a: Rampardos|Fire Punch|p1a: Froslass\n|-supereffective|p1a: Froslass\n|-damage|p1a: Froslass|0 fnt\n|faint|p1a: Froslass\n|\n|upkeep\n|\n|t:|1733890716\n|switch|p1a: Kilowattrel|Kilowattrel, L83, F|14/252\n|turn|16\n|inactive|xValk_ has 120 seconds left.\n|\n|t:|1733890724\n|move|p1a: Kilowattrel|U-turn|p2a: Rampardos\n|-damage|p2a: Rampardos|126/321\n|\n|t:|1733890725\n|switch|p1a: Slowbro|Slowbro-Galar, L87, F|307/307|[from] U-turn\n|-damage|p1a: Slowbro|269/307|[from] Stealth Rock\n|move|p2a: Rampardos|Fire Punch|p1a: Slowbro\n|-damage|p1a: Slowbro|151/307\n|\n|upkeep\n|turn|17\n|\n|t:|1733890735\n|switch|p2a: Flamigo|Flamigo, L82, M, tera:Steel|102/269\n|move|p1a: Slowbro|Psychic|p2a: Flamigo\n|-resisted|p2a: Flamigo\n|-damage|p2a: Flamigo|23/269\n|-damage|p1a: Slowbro|121/307|[from] item: Life Orb\n|\n|upkeep\n|turn|18\n|\n|t:|1733890743\n|move|p2a: Flamigo|Throat Chop|p1a: Slowbro\n|-supereffective|p1a: Slowbro\n|-damage|p1a: Slowbro|0 fnt\n|faint|p1a: Slowbro\n|-damage|p2a: Flamigo|0 fnt|[from] item: Life Orb\n|faint|p2a: Flamigo\n|\n|upkeep\n|\n|t:|1733890747\n|switch|p2a: Zacian|Zacian-Crowned, L64|225/225\n|switch|p1a: Kilowattrel|Kilowattrel, L83, F|14/252\n|-ability|p2a: Zacian|Intrepid Sword|boost\n|-boost|p2a: Zacian|atk|1\n|turn|19\n|inactive|xValk_ has 120 seconds left.\n|\n|t:|1733890789\n|move|p1a: Kilowattrel|Thunderbolt|p2a: Zacian\n|-damage|p2a: Zacian|110/225\n|move|p2a: Zacian|Behemoth Blade|p1a: Kilowattrel\n|-resisted|p1a: Kilowattrel\n|-damage|p1a: Kilowattrel|0 fnt\n|faint|p1a: Kilowattrel\n|\n|upkeep\n|\n|t:|1733890794\n|switch|p1a: Komala|Komala, L89, M|260/260\n|-damage|p1a: Komala|228/260|[from] Stealth Rock\n|-ability|p1a: Komala|Comatose\n|turn|20\n|inactive|xValk_ has 120 seconds left.\n|\n|t:|1733890801\n|-terastallize|p1a: Komala|Ghost\n|move|p2a: Zacian|Play Rough|p1a: Komala\n|-damage|p1a: Komala|77/260\n|move|p1a: Komala|Rapid Spin|p2a: Zacian\n|-resisted|p2a: Zacian\n|-damage|p2a: Zacian|77/225\n|-boost|p1a: Komala|spe|1\n|-sideend|p1: xValk_|Stealth Rock|[from] move: Rapid Spin|[of] p1a: Komala\n|\n|upkeep\n|turn|21\n|\n|t:|1733890809\n|move|p1a: Komala|Body Slam|p2a: Zacian\n|-resisted|p2a: Zacian\n|-damage|p2a: Zacian|16/225\n|move|p2a: Zacian|Behemoth Blade|p1a: Komala\n|-damage|p1a: Komala|0 fnt\n|faint|p1a: Komala\n|\n|win|Jkonek\n|raw|xValk_'s rating: 1881 &rarr; <strong>1860</strong><br />(-21 for losing)\n|raw|Jkonek's rating: 1871 &rarr; <strong>1892</strong><br />(+21 for winning)\n|l|\u2606xValk_\n|player|p1|\n", "inputlog": ">version bfd83cad13791eb5a5a409923076391caf6fb4d4\n>start {\"formatid\":\"gen9randombattle\",\"seed\":[13667,6017,1045,26578],\"rated\":\"Rated battle\"}\n>player p1 {\"name\":\"xValk_\",\"avatar\":\"ltsurge\",\"rating\":1881,\"seed\":[17819,16913,22747,57532]}\n>player p2 {\"name\":\"Jkonek\",\"avatar\":\"n\",\"rating\":1871,\"seed\":[7789,45046,43248,9573]}\n>p1 move grassknot\n>p2 move rockslide\n>p1 switch 6\n>p1 move sacredsword\n>p2 switch 4\n>p1 move grassknot\n>p2 move stealthrock\n>p1 move hydropump\n>p2 switch 6\n>p1 move sacredsword\n>p2 move suckerpunch\n>p1 move aquajet\n>p2 move suckerpunch\n>p2 switch 5\n>p1 switch 3\n>p2 move swordsdance\n>p1 move thunderbolt\n>p2 move closecombat terastallize\n>p1 move thunderbolt\n>p2 switch 6\n>p1 switch 3\n>p2 move icebeam\n>p1 move grassknot\n>p2 move earthquake\n>p1 move grassknot\n>p2 move earthquake\n>p2 switch 3\n>p1 move aquajet\n>p2 move psychic\n>p1 switch 4\n>p1 move poltergeist\n>p2 move fireblast\n>p2 switch 4\n>p1 move tripleaxel\n>p2 move firepunch\n>p1 switch 3\n>p1 move uturn\n>p2 move firepunch\n>p1 switch 2\n>p1 move psychic\n>p2 switch 6\n>p1 move psychic\n>p2 move throatchop\n>p1 switch 2\n>p2 switch 2\n>p1 move thunderbolt\n>p2 move behemothblade\n>p1 switch 5\n>p1 move rapidspin terastallize\n>p2 move playrough\n>p1 move bodyslam\n>p2 move behemothblade", "uploadtime": 1733890817, "views": 11, "formatid": "gen9randombattle", "rating": 1860, "private": 0, "password": null}