{"id": "gen9randombattle-2187585455", "format": "[Gen 9] Random Battle", "players": ["drifttrick", "Teres bahji"], "log": "|badge|p1|gold|gen9randombattle|3-2\n|uhtml|medal-msg|<div class=\"broadcast-blue\">Curious what those medals under the avatar are? PS now has Ladder Seasons! For more information, check out the <a href=\"https://www.smogon.com/forums/threads/3740067/\">thread on Smogon.</a></div>\n|badge|p2|silver|gen9randombattle|30-2\n|uhtml|medal-msg|<div class=\"broadcast-blue\">Curious what those medals under the avatar are? PS now has Ladder Seasons! For more information, check out the <a href=\"https://www.smogon.com/forums/threads/3740067/\">thread on Smogon.</a></div>\n|j|\u2606drifttrick\n|j|\u2606Teres bahji\n|t:|1724608589\n|gametype|singles\n|player|p1|drifttrick|teamrocket|2488\n|player|p2|Teres bahji|#rbtt7teamrayquazaf|2450\n|teamsize|p1|6\n|teamsize|p2|6\n|gen|9\n|tier|[Gen 9] Random Battle\n|rated|\n|rule|Species Clause: Limit one of each Pok\u00e9mon\n|rule|HP Percentage Mod: HP is shown in percentages\n|rule|Sleep Clause Mod: Limit one foe put to sleep\n|rule|Illusion Level Mod: Illusion disguises the Pok\u00e9mon's true level\n|\n|t:|1724608589\n|start\n|switch|p1a: Iron Boulder|Iron Boulder, L77|265/265\n|switch|p2a: Cresselia|Cresselia, L80, F|323/323\n|turn|1\n|inactive|Battle timer is ON: inactive players will automatically lose when time's up. (requested by drifttrick)\n|\n|t:|1724608609\n|switch|p2a: Giratina|Giratina, L75|349/349\n|-ability|p2a: Giratina|Pressure\n|move|p1a: Iron Boulder|Swords Dance|p1a: Iron Boulder\n|-boost|p1a: Iron Boulder|atk|2\n|\n|upkeep\n|turn|2\n|\n|t:|1724608623\n|-end|p1a: Iron Boulder|Quark Drive|[silent]\n|switch|p1a: Mesprit|Mesprit, L85|275/275\n|move|p2a: Giratina|Shadow Ball|p1a: Mesprit\n|-supereffective|p1a: Mesprit\n|-damage|p1a: Mesprit|159/275\n|-unboost|p1a: Mesprit|spd|1\n|\n|-heal|p1a: Mesprit|176/275|[from] item: Leftovers\n|upkeep\n|turn|3\n|\n|t:|1724608635\n|move|p1a: Mesprit|U-turn|p2a: Giratina\n|-resisted|p2a: Giratina\n|-damage|p2a: Giratina|327/349\n|\n|t:|1724608639\n|switch|p1a: Grafaiai|Grafaiai, L86, F|249/249|[from] U-turn\n|move|p2a: Giratina|Shadow Ball|p1a: Grafaiai\n|-immune|p1a: Grafaiai\n|\n|-heal|p2a: Giratina|348/349|[from] item: Leftovers\n|upkeep\n|turn|4\n|\n|t:|1724608652\n|move|p1a: Grafaiai|Knock Off|p2a: Giratina\n|-supereffective|p2a: Giratina\n|-damage|p2a: Giratina|230/349\n|-enditem|p2a: Giratina|Leftovers|[from] move: Knock Off|[of] p1a: Grafaiai\n|move|p2a: Giratina|Dragon Tail|p1a: Grafaiai\n|-damage|p1a: Grafaiai|182/249\n|drag|p1a: Froslass|Froslass, L87, F|263/263\n|\n|upkeep\n|turn|5\n|\n|t:|1724608661\n|switch|p2a: Emboar|Emboar, L84, F|322/322\n|move|p1a: Froslass|Triple Axel|p2a: Emboar\n|-resisted|p2a: Emboar\n|-damage|p2a: Emboar|309/322\n|-resisted|p2a: Emboar\n|-damage|p2a: Emboar|285/322\n|-resisted|p2a: Emboar\n|-crit|p2a: Emboar\n|-damage|p2a: Emboar|228/322\n|-hitcount|p2a: Emboar|3\n|\n|upkeep\n|turn|6\n|\n|t:|1724608685\n|move|p1a: Froslass|Spikes|p2a: Emboar\n|-sidestart|p2: Teres bahji|Spikes\n|move|p2a: Emboar|Flare Blitz|p1a: Froslass\n|-supereffective|p1a: Froslass\n|-damage|p1a: Froslass|0 fnt\n|-start|p2a: Emboar|Disable|Flare Blitz|[from] ability: Cursed Body|[of] p1a: Froslass\n|faint|p1a: Froslass\n|-damage|p2a: Emboar|141/322|[from] Recoil\n|\n|upkeep\n|inactive|drifttrick has 120 seconds left.\n|\n|t:|1724608703\n|switch|p1a: Mesprit|Mesprit, L85|176/275\n|turn|7\n|\n|t:|1724608731\n|switch|p2a: Ho-Oh|Ho-Oh, L71|268/268\n|move|p1a: Mesprit|Stealth Rock|p2a: Ho-Oh\n|-sidestart|p2: Teres bahji|move: Stealth Rock\n|\n|-heal|p1a: Mesprit|193/275|[from] item: Leftovers\n|upkeep\n|turn|8\n|\n|t:|1724608742\n|move|p1a: Mesprit|Psychic Noise|p2a: Ho-Oh\n|-damage|p2a: Ho-Oh|199/268\n|-start|p2a: Ho-Oh|move: Heal Block\n|move|p2a: Ho-Oh|Sacred Fire|p1a: Mesprit\n|-damage|p1a: Mesprit|112/275\n|\n|-heal|p1a: Mesprit|129/275|[from] item: Leftovers\n|upkeep\n|turn|9\n|\n|t:|1724608756\n|move|p1a: Mesprit|Psychic Noise|p2a: Ho-Oh\n|-damage|p2a: Ho-Oh|138/268\n|move|p2a: Ho-Oh|Sacred Fire|p1a: Mesprit\n|-damage|p1a: Mesprit|39/275\n|\n|-heal|p1a: Mesprit|56/275|[from] item: Leftovers\n|-end|p2a: Ho-Oh|move: Heal Block\n|upkeep\n|turn|10\n|\n|t:|1724608761\n|move|p1a: Mesprit|Psychic Noise|p2a: Ho-Oh\n|-damage|p2a: Ho-Oh|68/268\n|-start|p2a: Ho-Oh|move: Heal Block\n|move|p2a: Ho-Oh|Sacred Fire|p1a: Mesprit\n|-damage|p1a: Mesprit|0 fnt\n|faint|p1a: Mesprit\n|\n|upkeep\n|inactive|drifttrick has 120 seconds left.\n|\n|t:|1724608810\n|switch|p1a: Haxorus|Haxorus, L77, M|244/244\n|-ability|p1a: Haxorus|Mold Breaker\n|turn|11\n|\n|t:|1724608819\n|move|p1a: Haxorus|Swords Dance|p1a: Haxorus\n|-boost|p1a: Haxorus|atk|2\n|move|p2a: Ho-Oh|Brave Bird|p1a: Haxorus\n|-damage|p1a: Haxorus|118/244\n|-damage|p2a: Ho-Oh|26/268|[from] Recoil\n|\n|-end|p2a: Ho-Oh|move: Heal Block\n|upkeep\n|turn|12\n|\n|t:|1724608828\n|switch|p2a: Dachsbun|Dachsbun, L91, M|252/252\n|-damage|p2a: Dachsbun|221/252|[from] Spikes\n|-damage|p2a: Dachsbun|190/252|[from] Stealth Rock\n|move|p1a: Haxorus|Scale Shot|p2a: Dachsbun\n|-immune|p2a: Dachsbun\n|\n|-heal|p2a: Dachsbun|205/252|[from] item: Leftovers\n|upkeep\n|turn|13\n|j| sasha thumper\n|inactive|drifttrick has 120 seconds left.\n|\n|t:|1724608849\n|move|p2a: Dachsbun|Play Rough|p1a: Haxorus\n|-supereffective|p1a: Haxorus\n|-damage|p1a: Haxorus|0 fnt\n|faint|p1a: Haxorus\n|\n|-heal|p2a: Dachsbun|220/252|[from] item: Leftovers\n|upkeep\n|\n|t:|1724608862\n|switch|p1a: Grafaiai|Grafaiai, L86, F|182/249\n|turn|14\n|\n|t:|1724608871\n|switch|p2a: Giratina|Giratina, L75|230/349\n|-damage|p2a: Giratina|187/349|[from] Spikes\n|-damage|p2a: Giratina|144/349|[from] Stealth Rock\n|-ability|p2a: Giratina|Pressure\n|move|p1a: Grafaiai|Knock Off|p2a: Giratina\n|-supereffective|p2a: Giratina\n|-damage|p2a: Giratina|56/349\n|\n|upkeep\n|turn|15\n|\n|t:|1724608876\n|move|p1a: Grafaiai|Knock Off|p2a: Giratina\n|-supereffective|p2a: Giratina\n|-damage|p2a: Giratina|0 fnt\n|faint|p2a: Giratina\n|\n|upkeep\n|\n|t:|1724608880\n|switch|p2a: Flamigo|Flamigo, L82, M|269/269\n|-damage|p2a: Flamigo|236/269|[from] Stealth Rock\n|turn|16\n|inactive|drifttrick has 120 seconds left.\n|\n|t:|1724608904\n|-terastallize|p2a: Flamigo|Fighting\n|move|p2a: Flamigo|Close Combat|p1a: Grafaiai\n|-damage|p1a: Grafaiai|0 fnt\n|-unboost|p2a: Flamigo|def|1\n|-unboost|p2a: Flamigo|spd|1\n|faint|p1a: Grafaiai\n|\n|upkeep\n|\n|t:|1724608923\n|switch|p1a: Iron Boulder|Iron Boulder, L77|265/265\n|turn|17\n|\n|t:|1724608930\n|switch|p2a: Cresselia|Cresselia, L80, F|323/323\n|-damage|p2a: Cresselia|283/323|[from] Stealth Rock\n|move|p1a: Iron Boulder|Zen Headbutt|p2a: Cresselia\n|-resisted|p2a: Cresselia\n|-damage|p2a: Cresselia|232/323\n|-damage|p1a: Iron Boulder|239/265|[from] item: Life Orb\n|\n|-heal|p2a: Cresselia|252/323|[from] item: Leftovers\n|upkeep\n|turn|18\n|\n|t:|1724608943\n|-end|p1a: Iron Boulder|Quark Drive|[silent]\n|switch|p1a: Pikachu|Pikachu-Unova, L93, M|216/216\n|move|p2a: Cresselia|Moonblast|p1a: Pikachu\n|-damage|p1a: Pikachu|144/216\n|\n|-heal|p2a: Cresselia|272/323|[from] item: Leftovers\n|upkeep\n|turn|19\n|\n|t:|1724608952\n|move|p1a: Pikachu|Volt Tackle|p2a: Cresselia\n|-damage|p2a: Cresselia|95/323\n|-damage|p1a: Pikachu|86/216|[from] Recoil\n|move|p2a: Cresselia|Moonlight|p2a: Cresselia\n|-heal|p2a: Cresselia|256/323\n|\n|-heal|p2a: Cresselia|276/323|[from] item: Leftovers\n|upkeep\n|turn|20\n|\n|t:|1724608957\n|move|p1a: Pikachu|Volt Tackle|p2a: Cresselia\n|-damage|p2a: Cresselia|101/323\n|-damage|p1a: Pikachu|28/216|[from] Recoil\n|move|p2a: Cresselia|Psyshock|p1a: Pikachu\n|-damage|p1a: Pikachu|0 fnt\n|faint|p1a: Pikachu\n|\n|-heal|p2a: Cresselia|121/323|[from] item: Leftovers\n|upkeep\n|\n|t:|1724608958\n|switch|p1a: Iron Boulder|Iron Boulder, L77|239/265\n|turn|21\n|\n|t:|1724608971\n|move|p1a: Iron Boulder|Swords Dance|p1a: Iron Boulder\n|-boost|p1a: Iron Boulder|atk|2\n|move|p2a: Cresselia|Moonblast|p1a: Iron Boulder\n|-damage|p1a: Iron Boulder|195/265\n|-unboost|p1a: Iron Boulder|spa|1\n|\n|-heal|p2a: Cresselia|141/323|[from] item: Leftovers\n|upkeep\n|turn|22\n|\n|t:|1724608974\n|move|p1a: Iron Boulder|Mighty Cleave|p2a: Cresselia\n|-damage|p2a: Cresselia|0 fnt\n|faint|p2a: Cresselia\n|-damage|p1a: Iron Boulder|169/265|[from] item: Life Orb\n|\n|upkeep\n|\n|t:|1724608976\n|switch|p2a: Flamigo|Flamigo, L82, M, tera:Fighting|236/269\n|-damage|p2a: Flamigo|203/269|[from] Spikes\n|-damage|p2a: Flamigo|187/269|[from] Stealth Rock\n|turn|23\n|\n|t:|1724608980\n|move|p2a: Flamigo|U-turn|p1a: Iron Boulder\n|-supereffective|p1a: Iron Boulder\n|-damage|p1a: Iron Boulder|49/265\n|\n|t:|1724608984\n|switch|p2a: Dachsbun|Dachsbun, L91, M|220/252|[from] U-turn\n|-damage|p2a: Dachsbun|189/252|[from] Spikes\n|-damage|p2a: Dachsbun|158/252|[from] Stealth Rock\n|move|p1a: Iron Boulder|Zen Headbutt|p2a: Dachsbun\n|-damage|p2a: Dachsbun|0 fnt\n|faint|p2a: Dachsbun\n|-damage|p1a: Iron Boulder|23/265|[from] item: Life Orb\n|\n|upkeep\n|\n|t:|1724608985\n|switch|p2a: Flamigo|Flamigo, L82, M, tera:Fighting|187/269\n|-damage|p2a: Flamigo|154/269|[from] Spikes\n|-damage|p2a: Flamigo|138/269|[from] Stealth Rock\n|turn|24\n|\n|t:|1724608990\n|move|p2a: Flamigo|U-turn|p1a: Iron Boulder\n|-supereffective|p1a: Iron Boulder\n|-damage|p1a: Iron Boulder|0 fnt\n|faint|p1a: Iron Boulder\n|-end|p1a: Iron Boulder|Quark Drive|[silent]\n|\n|win|Teres bahji\n|raw|drifttrick's rating: 2488 &rarr; <strong>2466</strong><br />(-22 for losing)\n|raw|Teres bahji's rating: 2450 &rarr; <strong>2472</strong><br />(+22 for winning)\n|l|\u2606drifttrick\n|player|p1|\n|l| sasha thumper\n", "inputlog": ">version a6a2f2a487895f29234d9cd1d12543c6ed6a5e66\n>start {\"formatid\":\"gen9randombattle\",\"seed\":[42541,40858,36548,34198],\"rated\":\"Rated battle\"}\n>player p1 {\"name\":\"drifttrick\",\"avatar\":\"teamrocket\",\"rating\":2488,\"seed\":[8062,55916,14678,20851]}\n>player p2 {\"name\":\"Teres bahji\",\"avatar\":\"#rbtt7teamrayquazaf\",\"rating\":2450,\"seed\":[65077,3628,57043,42767]}\n>p1 move swordsdance\n>p2 switch 5\n>p1 switch 2\n>p2 move shadowball\n>p1 move uturn\n>p2 move shadowball\n>p1 switch 3\n>p1 move knockoff\n>p2 move dragontail\n>p1 move tripleaxel\n>p2 switch 2\n>p1 move spikes\n>p2 move flareblitz\n>p1 switch 3\n>p1 move stealthrock\n>p2 switch 4\n>p1 move psychicnoise\n>p2 move sacredfire\n>p1 move psychicnoise\n>p2 move sacredfire\n>p1 move psychicnoise\n>p2 move sacredfire\n>p1 switch 5\n>p1 move swordsdance\n>p2 move bravebird\n>p1 move scaleshot\n>p2 switch 6\n>p1 move ironhead\n>p2 move playrough\n>p1 switch 4\n>p1 move knockoff\n>p2 switch 2\n>p1 move knockoff\n>p2 move rest\n>p2 switch 3\n>p1 move knockoff\n>p2 move closecombat terastallize\n>p1 switch 2\n>p1 move zenheadbutt\n>p2 switch 5\n>p1 switch 6\n>p2 move moonblast\n>p1 move volttackle\n>p2 move moonlight\n>p1 move volttackle\n>p2 move psyshock\n>p1 switch 6\n>p1 move swordsdance\n>p2 move moonblast\n>p1 move mightycleave\n>p2 move moonblast\n>p2 switch 5\n>p1 move zenheadbutt\n>p2 move uturn\n>p2 switch 2\n>p2 switch 2\n>p1 move closecombat\n>p2 move uturn", "uploadtime": 1724608994, "views": 133, "formatid": "gen9randombattle", "rating": 2466, "private": 0, "password": null}