{"id": "gen9randombattle-2131442961", "format": "[Gen 9] Random Battle", "players": ["Kickasser", "HeartofElixir"], "log": "|badge|p1|bronze|gen9randombattle|100-1\n|uhtml|medal-msg|<div class=\"broadcast-blue\">Curious what those medals under the avatar are? PS now has Ladder Seasons! For more information, check out the <a href=\"https://www.smogon.com/forums/threads/3740067/\">thread on Smogon.</a></div>\n|j|\u2606Kickasser\n|j|\u2606HeartofElixir\n|t:|1716814227\n|gametype|singles\n|player|p1|Kickasser|acetrainer-gen3jp|2372\n|player|p2|HeartofElixir|steven|2307\n|teamsize|p1|6\n|teamsize|p2|6\n|gen|9\n|tier|[Gen 9] Random Battle\n|rated|\n|rule|Species Clause: Limit one of each Pok\u00e9mon\n|rule|HP Percentage Mod: HP is shown in percentages\n|rule|Sleep Clause Mod: Limit one foe put to sleep\n|rule|Illusion Level Mod: Illusion disguises the Pok\u00e9mon's true level\n|\n|t:|1716814227\n|start\n|switch|p1a: Registeel|Registeel, L82|265/265\n|switch|p2a: Mightyena|Mightyena, L95, M|287/287\n|-ability|p2a: Mightyena|Intimidate|boost\n|-fail|p1a: Registeel|unboost|[from] ability: Clear Body|[of] p1a: Registeel\n|turn|1\n|\n|t:|1716814235\n|move|p2a: Mightyena|Taunt|p1a: Registeel\n|-start|p1a: Registeel|move: Taunt\n|cant|p1a: Registeel|move: Taunt|Thunder Wave\n|\n|upkeep\n|turn|2\n|inactive|Battle timer is ON: inactive players will automatically lose when time's up. (requested by Kickasser)\n|\n|t:|1716814260\n|switch|p2a: Uxie|Uxie, L83|260/260\n|move|p1a: Registeel|Body Press|p2a: Uxie\n|-resisted|p2a: Uxie\n|-damage|p2a: Uxie|231/260\n|\n|-heal|p2a: Uxie|247/260|[from] item: Leftovers\n|upkeep\n|turn|3\n|j| cndnd\n|\n|t:|1716814265\n|move|p2a: Uxie|Knock Off|p1a: Registeel\n|-damage|p1a: Registeel|228/265\n|-enditem|p1a: Registeel|Leftovers|[from] move: Knock Off|[of] p2a: Uxie\n|move|p1a: Registeel|Iron Head|p2a: Uxie\n|-damage|p2a: Uxie|196/260\n|\n|-heal|p2a: Uxie|212/260|[from] item: Leftovers\n|-end|p1a: Registeel|move: Taunt\n|upkeep\n|turn|4\n|\n|t:|1716814269\n|move|p2a: Uxie|Encore|p1a: Registeel\n|-start|p1a: Registeel|Encore\n|move|p1a: Registeel|Iron Head|p2a: Uxie\n|-damage|p2a: Uxie|161/260\n|\n|-heal|p2a: Uxie|177/260|[from] item: Leftovers\n|upkeep\n|turn|5\n|\n|t:|1716814273\n|move|p2a: Uxie|Psychic Noise|p1a: Registeel\n|-resisted|p1a: Registeel\n|-damage|p1a: Registeel|208/265\n|-start|p1a: Registeel|move: Heal Block\n|move|p1a: Registeel|Iron Head|p2a: Uxie\n|-damage|p2a: Uxie|129/260\n|\n|-heal|p2a: Uxie|145/260|[from] item: Leftovers\n|upkeep\n|turn|6\n|\n|t:|1716814279\n|move|p2a: Uxie|Knock Off|p1a: Registeel\n|-damage|p1a: Registeel|184/265\n|move|p1a: Registeel|Iron Head|p2a: Uxie\n|-damage|p2a: Uxie|99/260\n|\n|-heal|p2a: Uxie|115/260|[from] item: Leftovers\n|-end|p1a: Registeel|Encore\n|-end|p1a: Registeel|move: Heal Block\n|upkeep\n|turn|7\n|\n|t:|1716814282\n|move|p2a: Uxie|Encore|p1a: Registeel\n|-start|p1a: Registeel|Encore\n|move|p1a: Registeel|Iron Head|p2a: Uxie\n|-damage|p2a: Uxie|64/260\n|\n|-heal|p2a: Uxie|80/260|[from] item: Leftovers\n|upkeep\n|turn|8\n|\n|t:|1716814287\n|move|p2a: Uxie|U-turn|p1a: Registeel\n|-resisted|p1a: Registeel\n|-damage|p1a: Registeel|171/265\n|\n|t:|1716814290\n|switch|p2a: Magnezone|Magnezone, L85|258/258|[from] U-turn\n|move|p1a: Registeel|Iron Head|p2a: Magnezone\n|-resisted|p2a: Magnezone\n|-damage|p2a: Magnezone|246/258\n|\n|upkeep\n|turn|9\n|\n|t:|1716814294\n|move|p2a: Magnezone|Body Press|p1a: Registeel\n|-supereffective|p1a: Registeel\n|-damage|p1a: Registeel|75/265\n|move|p1a: Registeel|Iron Head|p2a: Magnezone\n|-resisted|p2a: Magnezone\n|-damage|p2a: Magnezone|233/258\n|\n|-end|p1a: Registeel|Encore\n|upkeep\n|turn|10\n|\n|t:|1716814297\n|move|p2a: Magnezone|Body Press|p1a: Registeel\n|-supereffective|p1a: Registeel\n|-damage|p1a: Registeel|0 fnt\n|faint|p1a: Registeel\n|\n|upkeep\n|\n|t:|1716814306\n|switch|p1a: Okidogi|Okidogi, L77, M|262/262\n|turn|11\n|\n|t:|1716814315\n|switch|p2a: Uxie|Uxie, L83|80/260\n|move|p1a: Okidogi|Knock Off|p2a: Uxie\n|-supereffective|p2a: Uxie\n|-damage|p2a: Uxie|0 fnt\n|-enditem|p2a: Uxie|Leftovers|[from] move: Knock Off|[of] p1a: Okidogi\n|faint|p2a: Uxie\n|\n|upkeep\n|\n|t:|1716814328\n|switch|p2a: Magnezone|Magnezone, L85|233/258\n|turn|12\n|\n|t:|1716814332\n|move|p2a: Magnezone|Thunderbolt|p1a: Okidogi\n|-damage|p1a: Okidogi|120/262\n|move|p1a: Okidogi|Drain Punch|p2a: Magnezone\n|-supereffective|p2a: Magnezone\n|-damage|p2a: Magnezone|87/258\n|-heal|p1a: Okidogi|193/262|[from] drain|[of] p2a: Magnezone\n|\n|-heal|p1a: Okidogi|209/262|[from] item: Leftovers\n|upkeep\n|turn|13\n|\n|t:|1716814344\n|move|p2a: Magnezone|Thunderbolt|p1a: Okidogi\n|-damage|p1a: Okidogi|62/262\n|move|p1a: Okidogi|Drain Punch|p2a: Magnezone\n|-supereffective|p2a: Magnezone\n|-damage|p2a: Magnezone|0 fnt\n|-heal|p1a: Okidogi|106/262|[from] drain|[of] p2a: Magnezone\n|faint|p2a: Magnezone\n|\n|-heal|p1a: Okidogi|122/262|[from] item: Leftovers\n|upkeep\n|\n|t:|1716814354\n|switch|p2a: Ninetales|Ninetales-Alola, L79, M|245/245\n|-weather|Snow|[from] ability: Snow Warning|[of] p2a: Ninetales\n|turn|14\n|\n|t:|1716814366\n|-terastallize|p2a: Ninetales|Ground\n|move|p2a: Ninetales|Nasty Plot|p2a: Ninetales\n|-boost|p2a: Ninetales|spa|2\n|move|p1a: Okidogi|Gunk Shot|p2a: Ninetales\n|-resisted|p2a: Ninetales\n|-damage|p2a: Ninetales|164/245\n|\n|-weather|Snow|[upkeep]\n|-heal|p1a: Okidogi|138/262|[from] item: Leftovers\n|upkeep\n|turn|15\n|\n|t:|1716814375\n|move|p2a: Ninetales|Blizzard|p1a: Okidogi\n|-damage|p1a: Okidogi|0 fnt\n|faint|p1a: Okidogi\n|\n|-weather|Snow|[upkeep]\n|upkeep\n|\n|t:|1716814397\n|switch|p1a: Archaludon|Archaludon, L78, F|268/268\n|turn|16\n|j| nelsoNJ\n|inactive|Kickasser has 120 seconds left.\n|inactive|Kickasser has 90 seconds left.\n|\n|t:|1716814451\n|move|p2a: Ninetales|Moonblast|p1a: Archaludon\n|-damage|p1a: Archaludon|42/268\n|-ability|p1a: Archaludon|Stamina|boost\n|-boost|p1a: Archaludon|def|1\n|move|p1a: Archaludon|Draco Meteor|p2a: Ninetales\n|-damage|p2a: Ninetales|14/245\n|-unboost|p1a: Archaludon|spa|2\n|\n|-weather|Snow|[upkeep]\n|-heal|p1a: Archaludon|58/268|[from] item: Leftovers\n|upkeep\n|turn|17\n|\n|t:|1716814458\n|move|p2a: Ninetales|Moonblast|p1a: Archaludon\n|-crit|p1a: Archaludon\n|-damage|p1a: Archaludon|0 fnt\n|faint|p1a: Archaludon\n|\n|-weather|Snow|[upkeep]\n|upkeep\n|\n|t:|1716814460\n|switch|p1a: Brute Bonnet|Brute Bonnet, L81|312/312\n|turn|18\n|\n|t:|1716814465\n|move|p1a: Brute Bonnet|Sucker Punch||[still]\n|-fail|p1a: Brute Bonnet\n|move|p2a: Ninetales|Nasty Plot|p2a: Ninetales\n|-boost|p2a: Ninetales|spa|2\n|\n|-weather|none\n|upkeep\n|turn|19\n|\n|t:|1716814467\n|move|p1a: Brute Bonnet|Sucker Punch||[still]\n|-fail|p1a: Brute Bonnet\n|move|p2a: Ninetales|Nasty Plot|p2a: Ninetales\n|-boost|p2a: Ninetales|spa|2\n|\n|upkeep\n|turn|20\n|\n|t:|1716814469\n|move|p2a: Ninetales|Nasty Plot|p2a: Ninetales\n|-boost|p2a: Ninetales|spa|0\n|move|p1a: Brute Bonnet|Seed Bomb|p2a: Ninetales\n|-supereffective|p2a: Ninetales\n|-damage|p2a: Ninetales|0 fnt\n|faint|p2a: Ninetales\n|\n|upkeep\n|\n|t:|1716814473\n|switch|p2a: Fezandipiti|Fezandipiti, L82, M|278/278\n|turn|21\n|\n|t:|1716814478\n|move|p2a: Fezandipiti|Gunk Shot|p1a: Brute Bonnet\n|-supereffective|p1a: Brute Bonnet\n|-damage|p1a: Brute Bonnet|76/312\n|move|p1a: Brute Bonnet|Spore|p2a: Fezandipiti\n|-status|p2a: Fezandipiti|slp|[from] move: Spore\n|\n|-heal|p1a: Brute Bonnet|95/312|[from] item: Leftovers\n|upkeep\n|turn|22\n|\n|t:|1716814484\n|-end|p1a: Brute Bonnet|Protosynthesis|[silent]\n|switch|p1a: Enamorus|Enamorus, L79, F|247/247\n|cant|p2a: Fezandipiti|slp\n|\n|upkeep\n|turn|23\n|\n|t:|1716814489\n|-terastallize|p1a: Enamorus|Ground\n|move|p1a: Enamorus|Earth Power|p2a: Fezandipiti\n|-supereffective|p2a: Fezandipiti\n|-damage|p2a: Fezandipiti|164/278 slp\n|cant|p2a: Fezandipiti|slp\n|\n|upkeep\n|turn|24\n|\n|t:|1716814494\n|move|p1a: Enamorus|Calm Mind|p1a: Enamorus\n|-boost|p1a: Enamorus|spa|1\n|-boost|p1a: Enamorus|spd|1\n|cant|p2a: Fezandipiti|slp\n|\n|upkeep\n|turn|25\n|\n|t:|1716814497\n|move|p1a: Enamorus|Earth Power|p2a: Fezandipiti\n|-supereffective|p2a: Fezandipiti\n|-damage|p2a: Fezandipiti|0 fnt\n|faint|p2a: Fezandipiti\n|\n|upkeep\n|\n|t:|1716814502\n|switch|p2a: Necrozma|Necrozma-Dawn-Wings, L76|272/272\n|turn|26\n|\n|t:|1716814510\n|move|p1a: Enamorus|Moonblast|p2a: Necrozma\n|-damage|p2a: Necrozma|125/272\n|move|p2a: Necrozma|Calm Mind|p2a: Necrozma\n|-boost|p2a: Necrozma|spa|1\n|-boost|p2a: Necrozma|spd|1\n|\n|-heal|p2a: Necrozma|142/272|[from] item: Leftovers\n|upkeep\n|turn|27\n|\n|t:|1716814518\n|move|p1a: Enamorus|Moonblast|p2a: Necrozma\n|-damage|p2a: Necrozma|52/272\n|move|p2a: Necrozma|Moonlight|p2a: Necrozma\n|-heal|p2a: Necrozma|188/272\n|\n|-heal|p2a: Necrozma|205/272|[from] item: Leftovers\n|upkeep\n|turn|28\n|\n|t:|1716814521\n|move|p1a: Enamorus|Moonblast|p2a: Necrozma\n|-damage|p2a: Necrozma|106/272\n|-unboost|p2a: Necrozma|spa|1\n|move|p2a: Necrozma|Calm Mind|p2a: Necrozma\n|-boost|p2a: Necrozma|spa|1\n|-boost|p2a: Necrozma|spd|1\n|\n|-heal|p2a: Necrozma|123/272|[from] item: Leftovers\n|upkeep\n|turn|29\n|\n|t:|1716814525\n|move|p1a: Enamorus|Calm Mind|p1a: Enamorus\n|-boost|p1a: Enamorus|spa|1\n|-boost|p1a: Enamorus|spd|1\n|move|p2a: Necrozma|Moonlight|p2a: Necrozma\n|-heal|p2a: Necrozma|259/272\n|\n|-heal|p2a: Necrozma|272/272|[from] item: Leftovers\n|upkeep\n|turn|30\n|\n|t:|1716814528\n|move|p1a: Enamorus|Moonblast|p2a: Necrozma\n|-damage|p2a: Necrozma|172/272\n|move|p2a: Necrozma|Calm Mind|p2a: Necrozma\n|-boost|p2a: Necrozma|spa|1\n|-boost|p2a: Necrozma|spd|1\n|\n|-heal|p2a: Necrozma|189/272|[from] item: Leftovers\n|upkeep\n|turn|31\n|\n|t:|1716814536\n|move|p1a: Enamorus|Calm Mind|p1a: Enamorus\n|-boost|p1a: Enamorus|spa|1\n|-boost|p1a: Enamorus|spd|1\n|move|p2a: Necrozma|Moongeist Beam|p1a: Enamorus\n|-damage|p1a: Enamorus|136/247\n|\n|-heal|p2a: Necrozma|206/272|[from] item: Leftovers\n|upkeep\n|turn|32\n|\n|t:|1716814542\n|move|p1a: Enamorus|Moonblast|p2a: Necrozma\n|-damage|p2a: Necrozma|106/272\n|move|p2a: Necrozma|Moonlight|p2a: Necrozma\n|-heal|p2a: Necrozma|242/272\n|\n|-heal|p2a: Necrozma|259/272|[from] item: Leftovers\n|upkeep\n|turn|33\n|\n|t:|1716814545\n|move|p1a: Enamorus|Moonblast|p2a: Necrozma\n|-damage|p2a: Necrozma|163/272\n|-unboost|p2a: Necrozma|spa|1\n|move|p2a: Necrozma|Calm Mind|p2a: Necrozma\n|-boost|p2a: Necrozma|spa|1\n|-boost|p2a: Necrozma|spd|1\n|\n|-heal|p2a: Necrozma|180/272|[from] item: Leftovers\n|upkeep\n|turn|34\n|\n|t:|1716814556\n|move|p1a: Enamorus|Mystical Fire|p2a: Necrozma\n|-damage|p2a: Necrozma|140/272\n|-unboost|p2a: Necrozma|spa|1\n|move|p2a: Necrozma|Moongeist Beam|p1a: Enamorus\n|-damage|p1a: Enamorus|51/247\n|\n|-heal|p2a: Necrozma|157/272|[from] item: Leftovers\n|upkeep\n|turn|35\n|\n|t:|1716814559\n|move|p1a: Enamorus|Moonblast|p2a: Necrozma\n|-damage|p2a: Necrozma|79/272\n|move|p2a: Necrozma|Moonlight|p2a: Necrozma\n|-heal|p2a: Necrozma|215/272\n|\n|-heal|p2a: Necrozma|232/272|[from] item: Leftovers\n|upkeep\n|turn|36\n|\n|t:|1716814562\n|move|p1a: Enamorus|Moonblast|p2a: Necrozma\n|-damage|p2a: Necrozma|153/272\n|move|p2a: Necrozma|Calm Mind|p2a: Necrozma\n|-boost|p2a: Necrozma|spa|1\n|-boost|p2a: Necrozma|spd|1\n|\n|-heal|p2a: Necrozma|170/272|[from] item: Leftovers\n|upkeep\n|turn|37\n|\n|t:|1716814565\n|move|p1a: Enamorus|Mystical Fire|p2a: Necrozma\n|-damage|p2a: Necrozma|132/272\n|-unboost|p2a: Necrozma|spa|1\n|move|p2a: Necrozma|Moonlight|p2a: Necrozma\n|-heal|p2a: Necrozma|268/272\n|\n|-heal|p2a: Necrozma|272/272|[from] item: Leftovers\n|upkeep\n|turn|38\n|\n|t:|1716814569\n|move|p1a: Enamorus|Mystical Fire|p2a: Necrozma\n|-damage|p2a: Necrozma|238/272\n|-unboost|p2a: Necrozma|spa|1\n|move|p2a: Necrozma|Calm Mind|p2a: Necrozma\n|-boost|p2a: Necrozma|spa|1\n|-boost|p2a: Necrozma|spd|1\n|\n|-heal|p2a: Necrozma|255/272|[from] item: Leftovers\n|upkeep\n|turn|39\n|\n|t:|1716814572\n|move|p1a: Enamorus|Mystical Fire|p2a: Necrozma\n|-damage|p2a: Necrozma|226/272\n|-unboost|p2a: Necrozma|spa|1\n|move|p2a: Necrozma|Calm Mind|p2a: Necrozma\n|-boost|p2a: Necrozma|spa|1\n|-boost|p2a: Necrozma|spd|0\n|\n|-heal|p2a: Necrozma|243/272|[from] item: Leftovers\n|upkeep\n|turn|40\n|\n|t:|1716814577\n|move|p1a: Enamorus|Mystical Fire|p2a: Necrozma\n|-damage|p2a: Necrozma|211/272\n|-unboost|p2a: Necrozma|spa|1\n|move|p2a: Necrozma|Moongeist Beam|p1a: Enamorus\n|-damage|p1a: Enamorus|0 fnt\n|faint|p1a: Enamorus\n|\n|-heal|p2a: Necrozma|228/272|[from] item: Leftovers\n|upkeep\n|\n|t:|1716814579\n|switch|p1a: Brute Bonnet|Brute Bonnet, L81|95/312\n|turn|41\n|\n|t:|1716814582\n|switch|p2a: Mightyena|Mightyena, L95, M|287/287\n|-ability|p2a: Mightyena|Intimidate|boost\n|-unboost|p1a: Brute Bonnet|atk|1\n|move|p1a: Brute Bonnet|Sucker Punch||[still]\n|-fail|p1a: Brute Bonnet\n|\n|-heal|p1a: Brute Bonnet|114/312|[from] item: Leftovers\n|upkeep\n|turn|42\n|\n|t:|1716814587\n|-end|p1a: Brute Bonnet|Protosynthesis|[silent]\n|switch|p1a: Noctowl|Noctowl, L95, F|344/344\n|move|p2a: Mightyena|Poison Fang|p1a: Noctowl\n|-damage|p1a: Noctowl|266/344\n|-status|p1a: Noctowl|tox\n|-damage|p2a: Mightyena|259/287|[from] item: Life Orb\n|\n|-damage|p1a: Noctowl|245/344 tox|[from] psn\n|upkeep\n|turn|43\n|\n|t:|1716814592\n|move|p1a: Noctowl|Hurricane|p2a: Mightyena|[miss]\n|-miss|p1a: Noctowl|p2a: Mightyena\n|move|p2a: Mightyena|Throat Chop|p1a: Noctowl\n|-damage|p1a: Noctowl|66/344 tox\n|-start|p1a: Noctowl|Throat Chop|[silent]\n|-damage|p2a: Mightyena|231/287|[from] item: Life Orb\n|\n|-damage|p1a: Noctowl|24/344 tox|[from] psn\n|upkeep\n|turn|44\n|l| cndnd\n|\n|t:|1716814598\n|move|p1a: Noctowl|Hurricane|p2a: Mightyena\n|-damage|p2a: Mightyena|77/287\n|-start|p2a: Mightyena|confusion\n|-activate|p2a: Mightyena|confusion\n|move|p2a: Mightyena|Throat Chop|p1a: Noctowl\n|-damage|p1a: Noctowl|0 fnt\n|faint|p1a: Noctowl\n|-damage|p2a: Mightyena|49/287|[from] item: Life Orb\n|\n|upkeep\n|\n|t:|1716814600\n|switch|p1a: Brute Bonnet|Brute Bonnet, L81|114/312\n|turn|45\n|\n|t:|1716814603\n|move|p1a: Brute Bonnet|Sucker Punch|p2a: Mightyena\n|-resisted|p2a: Mightyena\n|-damage|p2a: Mightyena|5/287\n|-activate|p2a: Mightyena|confusion\n|move|p2a: Mightyena|Poison Fang|p1a: Brute Bonnet\n|-supereffective|p1a: Brute Bonnet\n|-damage|p1a: Brute Bonnet|5/312\n|-status|p1a: Brute Bonnet|tox\n|-damage|p2a: Mightyena|0 fnt|[from] item: Life Orb\n|faint|p2a: Mightyena\n|\n|-heal|p1a: Brute Bonnet|24/312 tox|[from] item: Leftovers\n|-damage|p1a: Brute Bonnet|5/312 tox|[from] psn\n|upkeep\n|\n|t:|1716814606\n|switch|p2a: Necrozma|Necrozma-Dawn-Wings, L76|228/272\n|turn|46\n|\n|t:|1716814610\n|move|p1a: Brute Bonnet|Sucker Punch||[still]\n|-fail|p1a: Brute Bonnet\n|move|p2a: Necrozma|Moonlight|p2a: Necrozma\n|-heal|p2a: Necrozma|272/272\n|\n|-heal|p1a: Brute Bonnet|24/312 tox|[from] item: Leftovers\n|-damage|p1a: Brute Bonnet|0 fnt|[from] psn\n|faint|p1a: Brute Bonnet\n|-end|p1a: Brute Bonnet|Protosynthesis|[silent]\n|\n|win|HeartofElixir\n|upkeep\n|raw|Kickasser's rating: 2372 &rarr; <strong>2348</strong><br />(-24 for losing)\n|raw|HeartofElixir's rating: 2307 &rarr; <strong>2331</strong><br />(+24 for winning)\n|l|\u2606Kickasser\n|player|p1|\n", "inputlog": ">version 7158ead19aeac8750849df2840eabb6dbec77df6\n>start {\"formatid\":\"gen9randombattle\",\"seed\":[6905,50657,60209,14317],\"rated\":\"Rated battle\"}\n>player p1 {\"name\":\"Kickasser\",\"avatar\":\"acetrainer-gen3jp\",\"rating\":2372,\"seed\":[33999,21971,39930,37102]}\n>player p2 {\"name\":\"HeartofElixir\",\"avatar\":\"steven\",\"rating\":2307,\"seed\":[32141,11339,688,13236]}\n>p1 move thunderwave\n>p2 move taunt\n>p1 move bodypress\n>p2 switch 5\n>p1 move ironhead\n>p2 move knockoff\n>p1 move stealthrock\n>p2 move encore\n>p1 move ironhead\n>p2 move psychicnoise\n>p1 move ironhead\n>p2 move knockoff\n>p1 move thunderwave\n>p2 move encore\n>p1 move ironhead\n>p2 move uturn\n>p2 switch 3\n>p1 move ironhead\n>p2 move bodypress\n>p1 move stealthrock\n>p2 move bodypress\n>p1 switch 6\n>p1 move knockoff\n>p2 switch 3\n>p2 switch 3\n>p1 move drainpunch\n>p2 move thunderbolt\n>p1 move drainpunch\n>p2 move thunderbolt\n>p2 switch 4\n>p1 move gunkshot\n>p2 move nastyplot terastallize\n>p1 move bulkup\n>p2 move blizzard\n>p1 switch 4\n>p1 move dracometeor\n>p2 move moonblast\n>p1 move dracometeor\n>p2 move moonblast\n>p1 switch 2\n>p1 move suckerpunch\n>p2 move nastyplot\n>p1 move suckerpunch\n>p2 move nastyplot\n>p1 move seedbomb\n>p2 move nastyplot\n>p2 switch 6\n>p1 move spore\n>p2 move gunkshot\n>p1 switch 3\n>p2 move uturn\n>p1 move earthpower terastallize\n>p2 move gunkshot\n>p1 move calmmind\n>p2 move playrough\n>p1 move earthpower\n>p2 move playrough\n>p2 switch 2\n>p1 move moonblast\n>p2 move calmmind\n>p1 move moonblast\n>p2 move moonlight\n>p1 move moonblast\n>p2 move calmmind\n>p1 move calmmind\n>p2 move moonlight\n>p1 move moonblast\n>p2 move calmmind\n>p1 move calmmind\n>p2 move moongeistbeam\n>p1 move moonblast\n>p2 move moonlight\n>p1 move moonblast\n>p2 move calmmind\n>p1 move mysticalfire\n>p2 move moongeistbeam\n>p1 move moonblast\n>p2 move moonlight\n>p1 move moonblast\n>p2 move calmmind\n>p1 move mysticalfire\n>p2 move moonlight\n>p1 move mysticalfire\n>p2 move calmmind\n>p1 move mysticalfire\n>p2 move calmmind\n>p1 move mysticalfire\n>p2 move moongeistbeam\n>p1 switch 3\n>p1 move suckerpunch\n>p2 switch 5\n>p1 switch 5\n>p2 move poisonfang\n>p1 move hurricane\n>p2 move throatchop\n>p1 move hurricane\n>p2 move throatchop\n>p1 switch 5\n>p1 move suckerpunch\n>p2 move poisonfang\n>p2 switch 5\n>p1 move suckerpunch\n>p2 move moonlight", "uploadtime": 1716814616, "views": 255, "formatid": "gen9randombattle", "rating": 2331, "private": 0, "password": null}