{"id": "gen9randombattle-2232436714", "format": "[Gen 9] Random Battle", "players": ["elsa peters", "Qiuescent"], "log": "|j|\u2606elsa peters\n|j|\u203dQiuescent\n|t:|1730103546\n|gametype|singles\n|player|p1|elsa peters|2|2247\n|player|p2|Qiuescent|266|2293\n|teamsize|p1|6\n|teamsize|p2|6\n|gen|9\n|tier|[Gen 9] Random Battle\n|rated|\n|rule|Species Clause: Limit one of each Pok\u00e9mon\n|rule|HP Percentage Mod: HP is shown in percentages\n|rule|Sleep Clause Mod: Limit one foe put to sleep\n|rule|Illusion Level Mod: Illusion disguises the Pok\u00e9mon's true level\n|\n|t:|1730103546\n|start\n|switch|p1a: Roaring Moon|Roaring Moon, L72|270/270\n|switch|p2a: Yanmega|Yanmega, L82, F|275/275\n|turn|1\n|\n|t:|1730103565\n|move|p1a: Roaring Moon|U-turn|p2a: Yanmega\n|-resisted|p2a: Yanmega\n|-damage|p2a: Yanmega|240/275\n|\n|t:|1730103566\n|-end|p1a: Roaring Moon|Protosynthesis|[silent]\n|switch|p1a: Carbink|Carbink, L90|236/236|[from] U-turn\n|move|p2a: Yanmega|Bug Buzz|p1a: Carbink\n|-resisted|p1a: Carbink\n|-damage|p1a: Carbink|146/236\n|\n|upkeep\n|turn|2\n|\n|t:|1730103572\n|move|p2a: Yanmega|Bug Buzz|p1a: Carbink\n|-resisted|p1a: Carbink\n|-damage|p1a: Carbink|60/236\n|move|p1a: Carbink|Moonblast|p2a: Yanmega\n|-damage|p2a: Yanmega|144/275\n|\n|upkeep\n|turn|3\n|\n|t:|1730103575\n|move|p2a: Yanmega|Bug Buzz|p1a: Carbink\n|-resisted|p1a: Carbink\n|-damage|p1a: Carbink|0 fnt\n|faint|p1a: Carbink\n|\n|upkeep\n|\n|t:|1730103580\n|switch|p1a: Roaring Moon|Roaring Moon, L72|270/270\n|turn|4\n|\n|t:|1730103582\n|switch|p2a: Toxapex|Toxapex, L82, F|216/216\n|move|p1a: Roaring Moon|Knock Off|p2a: Toxapex\n|-damage|p2a: Toxapex|122/216\n|-damage|p1a: Roaring Moon|225/270|[from] item: Rocky Helmet|[of] p2a: Toxapex\n|-enditem|p2a: Toxapex|Rocky Helmet|[from] move: Knock Off|[of] p1a: Roaring Moon\n|\n|upkeep\n|turn|5\n|j| crimfinity\n|\n|t:|1730103587\n|-end|p1a: Roaring Moon|Protosynthesis|[silent]\n|switch|p1a: Espeon|Espeon, L84, M|246/246\n|move|p2a: Toxapex|Toxic|p1a: Espeon\n|move|p1a: Espeon|Toxic|p2a: Toxapex|[from]ability: Magic Bounce\n|-immune|p2a: Toxapex\n|\n|upkeep\n|turn|6\n|l| crimfinity\n|\n|t:|1730103591\n|switch|p2a: Glastrier|Glastrier, L86|312/312\n|move|p1a: Espeon|Calm Mind|p1a: Espeon\n|-boost|p1a: Espeon|spa|1\n|-boost|p1a: Espeon|spd|1\n|\n|upkeep\n|turn|7\n|\n|t:|1730103596\n|move|p1a: Espeon|Psychic|p2a: Glastrier\n|-damage|p2a: Glastrier|116/312\n|-damage|p1a: Espeon|222/246|[from] item: Life Orb\n|move|p2a: Glastrier|Icicle Crash|p1a: Espeon\n|-damage|p1a: Espeon|48/246\n|\n|upkeep\n|turn|8\n|\n|t:|1730103599\n|move|p1a: Espeon|Psychic|p2a: Glastrier\n|-damage|p2a: Glastrier|0 fnt\n|faint|p2a: Glastrier\n|-damage|p1a: Espeon|24/246|[from] item: Life Orb\n|\n|upkeep\n|\n|t:|1730103612\n|switch|p2a: Victreebel|Victreebel, L90, M|290/290\n|turn|9\n|\n|t:|1730103614\n|switch|p1a: Staraptor|Staraptor, L79, F|263/263\n|move|p2a: Victreebel|Power Whip|p1a: Staraptor\n|-resisted|p1a: Staraptor\n|-damage|p1a: Staraptor|127/263\n|-damage|p2a: Victreebel|261/290|[from] item: Life Orb\n|\n|upkeep\n|turn|10\n|\n|t:|1730103621\n|move|p2a: Victreebel|Sucker Punch|p1a: Staraptor\n|-damage|p1a: Staraptor|32/263\n|-damage|p2a: Victreebel|232/290|[from] item: Life Orb\n|move|p1a: Staraptor|Brave Bird|p2a: Victreebel\n|-supereffective|p2a: Victreebel\n|-damage|p2a: Victreebel|0 fnt\n|faint|p2a: Victreebel\n|-damage|p1a: Staraptor|0 fnt|[from] Recoil\n|faint|p1a: Staraptor\n|\n|upkeep\n|\n|t:|1730103630\n|switch|p1a: Espeon|Espeon, L84, M|24/246\n|switch|p2a: Dachsbun|Dachsbun, L91, M|252/252\n|turn|11\n|\n|t:|1730103633\n|move|p1a: Espeon|Morning Sun|p1a: Espeon\n|-heal|p1a: Espeon|147/246\n|move|p2a: Dachsbun|Play Rough|p1a: Espeon\n|-damage|p1a: Espeon|21/246\n|\n|upkeep\n|turn|12\n|\n|t:|1730103638\n|move|p1a: Espeon|Morning Sun|p1a: Espeon\n|-heal|p1a: Espeon|144/246\n|move|p2a: Dachsbun|Play Rough|p1a: Espeon\n|-damage|p1a: Espeon|26/246\n|\n|upkeep\n|turn|13\n|\n|t:|1730103643\n|move|p1a: Espeon|Psychic|p2a: Dachsbun\n|-damage|p2a: Dachsbun|104/252\n|-damage|p1a: Espeon|2/246|[from] item: Life Orb\n|move|p2a: Dachsbun|Play Rough|p1a: Espeon\n|-damage|p1a: Espeon|0 fnt\n|faint|p1a: Espeon\n|\n|-heal|p2a: Dachsbun|119/252|[from] item: Leftovers\n|upkeep\n|\n|t:|1730103650\n|switch|p1a: Roaring Moon|Roaring Moon, L72|225/270\n|turn|14\n|\n|t:|1730103653\n|move|p2a: Dachsbun|Protect|p2a: Dachsbun\n|-singleturn|p2a: Dachsbun|Protect\n|move|p1a: Roaring Moon|Iron Head|p2a: Dachsbun\n|-activate|p2a: Dachsbun|move: Protect\n|\n|-heal|p2a: Dachsbun|134/252|[from] item: Leftovers\n|upkeep\n|turn|15\n|\n|t:|1730103662\n|switch|p2a: Toxapex|Toxapex, L82, F|194/216\n|-end|p1a: Roaring Moon|Protosynthesis|[silent]\n|switch|p1a: Tatsugiri|Tatsugiri, L86, F|257/257\n|\n|upkeep\n|turn|16\n|\n|t:|1730103665\n|move|p1a: Tatsugiri|Nasty Plot|p1a: Tatsugiri\n|-boost|p1a: Tatsugiri|spa|2\n|move|p2a: Toxapex|Toxic|p1a: Tatsugiri\n|-status|p1a: Tatsugiri|tox\n|\n|-damage|p1a: Tatsugiri|241/257 tox|[from] psn\n|upkeep\n|turn|17\n|\n|t:|1730103672\n|move|p1a: Tatsugiri|Draco Meteor|p2a: Toxapex\n|-damage|p2a: Toxapex|0 fnt\n|-unboost|p1a: Tatsugiri|spa|2\n|faint|p2a: Toxapex\n|\n|-damage|p1a: Tatsugiri|209/257 tox|[from] psn\n|upkeep\n|\n|t:|1730103679\n|switch|p2a: Dachsbun|Dachsbun, L91, M|134/252\n|turn|18\n|\n|t:|1730103683\n|move|p2a: Dachsbun|Play Rough|p1a: Tatsugiri\n|-supereffective|p1a: Tatsugiri\n|-damage|p1a: Tatsugiri|0 fnt\n|faint|p1a: Tatsugiri\n|\n|-heal|p2a: Dachsbun|149/252|[from] item: Leftovers\n|upkeep\n|\n|t:|1730103684\n|switch|p1a: Florges|Florges-Yellow, L85, F|271/271\n|turn|19\n|\n|t:|1730103689\n|switch|p2a: Groudon|Groudon, L72|263/263\n|-weather|SunnyDay|[from] ability: Drought|[of] p2a: Groudon\n|move|p1a: Florges|Calm Mind|p1a: Florges\n|-boost|p1a: Florges|spa|1\n|-boost|p1a: Florges|spd|1\n|\n|-weather|SunnyDay|[upkeep]\n|upkeep\n|turn|20\n|\n|t:|1730103693\n|-terastallize|p2a: Groudon|Fire\n|move|p1a: Florges|Wish|p1a: Florges\n|move|p2a: Groudon|Heat Crash|p1a: Florges\n|-damage|p1a: Florges|42/271\n|\n|-weather|SunnyDay|[upkeep]\n|-heal|p1a: Florges|58/271|[from] item: Leftovers\n|upkeep\n|turn|21\n|\n|t:|1730103698\n|move|p1a: Florges|Protect|p1a: Florges\n|-singleturn|p1a: Florges|Protect\n|move|p2a: Groudon|Precipice Blades|p1a: Florges\n|-activate|p1a: Florges|move: Protect\n|\n|-weather|SunnyDay|[upkeep]\n|-heal|p1a: Florges|193/271|[from] move: Wish|[wisher] Florges\n|-heal|p1a: Florges|209/271|[from] item: Leftovers\n|upkeep\n|turn|22\n|\n|t:|1730103703\n|switch|p1a: Roaring Moon|Roaring Moon, L72|225/270\n|-activate|p1a: Roaring Moon|ability: Protosynthesis\n|-start|p1a: Roaring Moon|protosynthesisatk\n|move|p2a: Groudon|Heat Crash|p1a: Roaring Moon\n|-resisted|p1a: Roaring Moon\n|-damage|p1a: Roaring Moon|158/270\n|\n|-weather|SunnyDay|[upkeep]\n|upkeep\n|turn|23\n|\n|t:|1730103709\n|switch|p2a: Yanmega|Yanmega, L82, F|144/275\n|move|p1a: Roaring Moon|Knock Off|p2a: Yanmega\n|-damage|p2a: Yanmega|0 fnt\n|-enditem|p2a: Yanmega|Choice Specs|[from] move: Knock Off|[of] p1a: Roaring Moon\n|faint|p2a: Yanmega\n|\n|-weather|none\n|-end|p1a: Roaring Moon|Protosynthesis\n|upkeep\n|\n|t:|1730103713\n|switch|p2a: Dachsbun|Dachsbun, L91, M|149/252\n|turn|24\n|\n|t:|1730103715\n|move|p2a: Dachsbun|Play Rough|p1a: Roaring Moon\n|-supereffective|p1a: Roaring Moon\n|-damage|p1a: Roaring Moon|0 fnt\n|faint|p1a: Roaring Moon\n|-end|p1a: Roaring Moon|Protosynthesis|[silent]\n|\n|-heal|p2a: Dachsbun|164/252|[from] item: Leftovers\n|upkeep\n|\n|t:|1730103717\n|switch|p1a: Florges|Florges-Yellow, L85, F|209/271\n|turn|25\n|\n|t:|1730103720\n|switch|p2a: Groudon|Groudon, L72, tera:Fire|263/263\n|-weather|SunnyDay|[from] ability: Drought|[of] p2a: Groudon\n|move|p1a: Florges|Wish|p1a: Florges\n|\n|-weather|SunnyDay|[upkeep]\n|-heal|p1a: Florges|225/271|[from] item: Leftovers\n|upkeep\n|turn|26\n|\n|t:|1730103729\n|move|p1a: Florges|Calm Mind|p1a: Florges\n|-boost|p1a: Florges|spa|1\n|-boost|p1a: Florges|spd|1\n|move|p2a: Groudon|Will-O-Wisp|p1a: Florges\n|-status|p1a: Florges|brn\n|\n|-weather|SunnyDay|[upkeep]\n|-heal|p1a: Florges|271/271 brn|[from] move: Wish|[wisher] Florges\n|-damage|p1a: Florges|255/271 brn|[from] brn\n|upkeep\n|turn|27\n|\n|t:|1730103734\n|move|p1a: Florges|Protect|p1a: Florges\n|-singleturn|p1a: Florges|Protect\n|move|p2a: Groudon|Heat Crash|p1a: Florges\n|-activate|p1a: Florges|move: Protect\n|\n|-weather|SunnyDay|[upkeep]\n|-heal|p1a: Florges|271/271 brn|[from] item: Leftovers\n|-damage|p1a: Florges|255/271 brn|[from] brn\n|upkeep\n|turn|28\n|\n|t:|1730103739\n|move|p1a: Florges|Wish|p1a: Florges\n|move|p2a: Groudon|Heat Crash|p1a: Florges\n|-damage|p1a: Florges|11/271 brn\n|\n|-weather|SunnyDay|[upkeep]\n|-heal|p1a: Florges|27/271 brn|[from] item: Leftovers\n|-damage|p1a: Florges|11/271 brn|[from] brn\n|upkeep\n|turn|29\n|\n|t:|1730103741\n|move|p1a: Florges|Protect|p1a: Florges\n|-singleturn|p1a: Florges|Protect\n|move|p2a: Groudon|Heat Crash|p1a: Florges\n|-activate|p1a: Florges|move: Protect\n|\n|-weather|none\n|-heal|p1a: Florges|146/271 brn|[from] move: Wish|[wisher] Florges\n|-heal|p1a: Florges|162/271 brn|[from] item: Leftovers\n|-damage|p1a: Florges|146/271 brn|[from] brn\n|upkeep\n|turn|30\n|\n|t:|1730103747\n|switch|p2a: Dachsbun|Dachsbun, L91, M|164/252\n|move|p1a: Florges|Wish|p1a: Florges\n|\n|-heal|p2a: Dachsbun|179/252|[from] item: Leftovers\n|-heal|p1a: Florges|162/271 brn|[from] item: Leftovers\n|-damage|p1a: Florges|146/271 brn|[from] brn\n|upkeep\n|turn|31\n|\n|t:|1730103750\n|switch|p2a: Groudon|Groudon, L72, tera:Fire|263/263\n|-weather|SunnyDay|[from] ability: Drought|[of] p2a: Groudon\n|move|p1a: Florges|Calm Mind|p1a: Florges\n|-boost|p1a: Florges|spa|1\n|-boost|p1a: Florges|spd|1\n|\n|-weather|SunnyDay|[upkeep]\n|-heal|p1a: Florges|271/271 brn|[from] move: Wish|[wisher] Florges\n|-damage|p1a: Florges|255/271 brn|[from] brn\n|upkeep\n|turn|32\n|\n|t:|1730103757\n|move|p1a: Florges|Moonblast|p2a: Groudon\n|-resisted|p2a: Groudon\n|-damage|p2a: Groudon|128/263\n|move|p2a: Groudon|Heat Crash|p1a: Florges\n|-damage|p1a: Florges|0 fnt\n|faint|p1a: Florges\n|\n|win|Qiuescent\n|raw|elsa peters's rating: 2247 &rarr; <strong>2230</strong><br />(-17 for losing)\n|raw|Qiuescent's rating: 2293 &rarr; <strong>2310</strong><br />(+17 for winning)\n|l|\u2606elsa peters\n|player|p1|\n", "inputlog": ">version 477f30e240a7ed7b39cd1259dc3a52c35227dcfd\n>start {\"formatid\":\"gen9randombattle\",\"seed\":[28595,39330,21497,44938],\"rated\":\"Rated battle\"}\n>player p1 {\"name\":\"elsa peters\",\"avatar\":\"2\",\"rating\":2247,\"seed\":[55714,54429,48311,25181]}\n>player p2 {\"name\":\"Qiuescent\",\"avatar\":\"266\",\"rating\":2293,\"seed\":[64292,22117,65292,26159]}\n>p1 move uturn\n>p2 move bugbuzz\n>p1 switch 4\n>p1 move moonblast\n>p2 move bugbuzz\n>p1 move moonblast\n>p2 move bugbuzz\n>p1 switch 4\n>p1 move knockoff\n>p2 switch 6\n>p1 switch 2\n>p2 move toxic\n>p1 move calmmind\n>p2 switch 5\n>p1 move psychic\n>p2 move iciclecrash\n>p1 move psychic\n>p2 move iciclecrash\n>p2 switch 4\n>p1 switch 3\n>p2 move powerwhip\n>p1 move bravebird\n>p2 move suckerpunch\n>p1 switch 3\n>p2 switch 3\n>p1 move morningsun\n>p2 move playrough\n>p1 move morningsun\n>p2 move playrough\n>p1 move psychic\n>p2 move playrough\n>p1 switch 2\n>p1 move ironhead\n>p2 move protect\n>p1 switch 6\n>p2 switch 5\n>p1 move nastyplot\n>p2 move toxic\n>p1 move dracometeor\n>p2 move haze\n>p2 switch 5\n>p1 move surf\n>p2 move playrough\n>p1 switch 5\n>p1 move calmmind\n>p2 switch 2\n>p1 move wish\n>p2 move heatcrash terastallize\n>p1 move protect\n>p2 move precipiceblades\n>p1 switch 6\n>p2 move heatcrash\n>p1 move knockoff\n>p2 switch 6\n>p2 switch 2\n>p1 move knockoff\n>p2 move playrough\n>p1 switch 6\n>p1 move wish\n>p2 switch 6\n>p1 move calmmind\n>p2 move willowisp\n>p1 move protect\n>p2 move heatcrash\n>p1 move wish\n>p2 move heatcrash\n>p1 move protect\n>p2 move heatcrash\n>p1 move wish\n>p2 switch 6\n>p1 move calmmind\n>p2 switch 6\n>p1 move moonblast\n>p2 move heatcrash", "uploadtime": 1730103766, "views": 45, "formatid": "gen9randombattle", "rating": 2230, "private": 0, "password": null}