{"id": "gen9randombattle-2260299380", "format": "[Gen 9] Random Battle", "players": ["Waldehead", "useemstohavefun"], "log": "|badge|p2|bronze|gen9randombattle|100-3\n|uhtml|medal-msg|<div class=\"broadcast-blue\">Curious what those medals under the avatar are? PS now has Ladder Seasons! For more information, check out the <a href=\"https://www.smogon.com/forums/threads/3740067/\">thread on Smogon.</a></div>\n|j|\u2606Waldehead\n|j|\u2606useemstohavefun\n|t:|1733836992\n|gametype|singles\n|player|p1|Waldehead|170|2320\n|player|p2|useemstohavefun|thorton|2258\n|teamsize|p1|6\n|teamsize|p2|6\n|gen|9\n|tier|[Gen 9] Random Battle\n|rated|\n|rule|Species Clause: Limit one of each Pok\u00e9mon\n|rule|HP Percentage Mod: HP is shown in percentages\n|rule|Sleep Clause Mod: Limit one foe put to sleep\n|rule|Illusion Level Mod: Illusion disguises the Pok\u00e9mon's true level\n|\n|t:|1733836992\n|start\n|switch|p1a: Skeledirge|Skeledirge, L79, M|294/294\n|switch|p2a: Jolteon|Jolteon, L84, F|246/246\n|turn|1\n|inactive|Battle timer is ON: inactive players will automatically lose when time's up. (requested by Waldehead)\n|inactive|useemstohavefun also wants the timer to be on.\n|inactive|Waldehead has 120 seconds left.\n|\n|t:|1733837032\n|move|p2a: Jolteon|Thunderbolt|p1a: Skeledirge\n|-damage|p1a: Skeledirge|162/294\n|move|p1a: Skeledirge|Torch Song|p2a: Jolteon\n|-damage|p2a: Jolteon|167/246\n|-boost|p1a: Skeledirge|spa|1\n|\n|-heal|p2a: Jolteon|182/246|[from] item: Leftovers\n|upkeep\n|turn|2\n|\n|t:|1733837050\n|switch|p2a: Toxtricity|Toxtricity, L82, M|257/257\n|switch|p1a: Cacturne|Cacturne, L92, M|278/278\n|\n|upkeep\n|turn|3\n|\n|t:|1733837064\n|move|p2a: Toxtricity|Sludge Wave|p1a: Cacturne\n|-supereffective|p1a: Cacturne\n|-damage|p1a: Cacturne|0 fnt\n|faint|p1a: Cacturne\n|\n|upkeep\n|\n|t:|1733837069\n|switch|p1a: Iron Thorns|Iron Thorns, L83|302/302\n|-enditem|p1a: Iron Thorns|Booster Energy\n|-activate|p1a: Iron Thorns|ability: Quark Drive|[fromitem]\n|-start|p1a: Iron Thorns|quarkdriveatk\n|turn|4\n|\n|t:|1733837078\n|switch|p2a: Dunsparce|Dunsparce, L86, F|312/312\n|move|p1a: Iron Thorns|Dragon Dance|p1a: Iron Thorns\n|-boost|p1a: Iron Thorns|atk|1\n|-boost|p1a: Iron Thorns|spe|1\n|\n|upkeep\n|turn|5\n|\n|t:|1733837117\n|-terastallize|p1a: Iron Thorns|Ground\n|move|p1a: Iron Thorns|Earthquake|p2a: Dunsparce\n|-damage|p2a: Dunsparce|110/312\n|move|p2a: Dunsparce|Earthquake|p1a: Iron Thorns\n|-crit|p1a: Iron Thorns\n|-damage|p1a: Iron Thorns|228/302\n|\n|upkeep\n|turn|6\n|\n|t:|1733837122\n|move|p1a: Iron Thorns|Earthquake|p2a: Dunsparce\n|-damage|p2a: Dunsparce|0 fnt\n|faint|p2a: Dunsparce\n|\n|upkeep\n|\n|t:|1733837131\n|switch|p2a: Jolteon|Jolteon, L84, F|182/246\n|turn|7\n|\n|t:|1733837135\n|-terastallize|p2a: Jolteon|Ice\n|move|p2a: Jolteon|Tera Blast|p1a: Iron Thorns|[anim] Tera Blast Ice\n|-supereffective|p1a: Iron Thorns\n|-damage|p1a: Iron Thorns|18/302\n|move|p1a: Iron Thorns|Dragon Dance|p1a: Iron Thorns\n|-boost|p1a: Iron Thorns|atk|1\n|-boost|p1a: Iron Thorns|spe|1\n|\n|-heal|p2a: Jolteon|197/246|[from] item: Leftovers\n|upkeep\n|turn|8\n|\n|t:|1733837154\n|move|p1a: Iron Thorns|Earthquake|p2a: Jolteon\n|-damage|p2a: Jolteon|0 fnt\n|faint|p2a: Jolteon\n|\n|upkeep\n|\n|t:|1733837158\n|switch|p2a: Entei|Entei, L78|307/307\n|turn|9\n|\n|t:|1733837162\n|-end|p1a: Iron Thorns|Quark Drive|[silent]\n|switch|p1a: Skeledirge|Skeledirge, L79, M|162/294\n|move|p2a: Entei|Extreme Speed|p1a: Skeledirge\n|-immune|p1a: Skeledirge\n|\n|upkeep\n|turn|10\n|\n|t:|1733837168\n|switch|p2a: Toxtricity|Toxtricity, L82, M|257/257\n|move|p1a: Skeledirge|Flame Charge|p2a: Toxtricity\n|-damage|p2a: Toxtricity|214/257\n|-boost|p1a: Skeledirge|spe|1\n|\n|upkeep\n|turn|11\n|\n|t:|1733837175\n|move|p1a: Skeledirge|Torch Song|p2a: Toxtricity\n|-damage|p2a: Toxtricity|166/257\n|-boost|p1a: Skeledirge|spa|1\n|move|p2a: Toxtricity|Overdrive|p1a: Skeledirge\n|-damage|p1a: Skeledirge|0 fnt\n|faint|p1a: Skeledirge\n|\n|upkeep\n|\n|t:|1733837181\n|switch|p1a: Iron Thorns|Iron Thorns, L83, tera:Ground|18/302\n|turn|12\n|\n|t:|1733837184\n|switch|p2a: Flamigo|Flamigo, L82, M|269/269\n|move|p1a: Iron Thorns|Earthquake|p2a: Flamigo\n|-immune|p2a: Flamigo\n|\n|upkeep\n|turn|13\n|\n|t:|1733837190\n|move|p2a: Flamigo|Brave Bird|p1a: Iron Thorns\n|-damage|p1a: Iron Thorns|0 fnt\n|faint|p1a: Iron Thorns\n|-end|p1a: Iron Thorns|Quark Drive|[silent]\n|-damage|p2a: Flamigo|263/269|[from] Recoil\n|-damage|p2a: Flamigo|237/269|[from] item: Life Orb\n|\n|upkeep\n|\n|t:|1733837194\n|switch|p1a: Wigglytuff|Wigglytuff, L96, F|424/424\n|turn|14\n|\n|t:|1733837201\n|switch|p2a: Toxtricity|Toxtricity, L82, M|166/257\n|move|p1a: Wigglytuff|Thunder Wave|p2a: Toxtricity\n|-immune|p2a: Toxtricity\n|\n|upkeep\n|turn|15\n|\n|t:|1733837210\n|move|p2a: Toxtricity|Boomburst|p1a: Wigglytuff\n|-damage|p1a: Wigglytuff|145/424\n|move|p1a: Wigglytuff|Dazzling Gleam|p2a: Toxtricity\n|-resisted|p2a: Toxtricity\n|-damage|p2a: Toxtricity|107/257\n|\n|-heal|p1a: Wigglytuff|171/424|[from] item: Leftovers\n|upkeep\n|turn|16\n|\n|t:|1733837213\n|move|p1a: Wigglytuff|Protect|p1a: Wigglytuff\n|-singleturn|p1a: Wigglytuff|Protect\n|move|p2a: Toxtricity|Boomburst|p1a: Wigglytuff\n|-activate|p1a: Wigglytuff|move: Protect\n|\n|-heal|p1a: Wigglytuff|197/424|[from] item: Leftovers\n|upkeep\n|turn|17\n|\n|t:|1733837216\n|move|p2a: Toxtricity|Boomburst|p1a: Wigglytuff\n|-damage|p1a: Wigglytuff|0 fnt\n|faint|p1a: Wigglytuff\n|\n|upkeep\n|\n|t:|1733837218\n|switch|p1a: Cyclizar|Cyclizar, L83, M|252/252\n|turn|18\n|\n|t:|1733837224\n|move|p1a: Cyclizar|Draco Meteor|p2a: Toxtricity\n|-damage|p2a: Toxtricity|0 fnt\n|-unboost|p1a: Cyclizar|spa|2\n|faint|p2a: Toxtricity\n|\n|upkeep\n|\n|t:|1733837229\n|switch|p2a: Hitmonlee|Hitmonlee, L85, M|224/224\n|turn|19\n|\n|t:|1733837234\n|move|p1a: Cyclizar|Shed Tail|p1a: Cyclizar\n|-start|p1a: Cyclizar|Substitute|[from] move: Shed Tail\n|-damage|p1a: Cyclizar|126/252\n|\n|t:|1733837235\n|switch|p1a: Veluza|Veluza, L85, F|292/292|[from] Shed Tail\n|move|p2a: Hitmonlee|Close Combat|p1a: Veluza\n|-resisted|p1a: Veluza\n|-end|p1a: Veluza|Substitute\n|-unboost|p2a: Hitmonlee|def|1\n|-unboost|p2a: Hitmonlee|spd|1\n|-enditem|p2a: Hitmonlee|White Herb\n|-clearnegativeboost|p2a: Hitmonlee|[silent]\n|\n|upkeep\n|turn|20\n|\n|t:|1733837241\n|move|p2a: Hitmonlee|Knock Off|p1a: Veluza\n|-supereffective|p1a: Veluza\n|-damage|p1a: Veluza|108/292\n|-enditem|p1a: Veluza|Sitrus Berry|[from] move: Knock Off|[of] p2a: Hitmonlee\n|move|p1a: Veluza|Fillet Away||[still]\n|-fail|p1a: Veluza\n|\n|upkeep\n|turn|21\n|-message|Waldehead forfeited.\n|\n|win|useemstohavefun\n|raw|Waldehead's rating: 2320 &rarr; <strong>2296</strong><br />(-24 for losing)\n|raw|useemstohavefun's rating: 2258 &rarr; <strong>2282</strong><br />(+24 for winning)\n|l|\u2606Waldehead\n|player|p1|\n", "inputlog": ">version bfd83cad13791eb5a5a409923076391caf6fb4d4\n>start {\"formatid\":\"gen9randombattle\",\"seed\":[56927,16450,50322,27433],\"rated\":\"Rated battle\"}\n>player p1 {\"name\":\"Waldehead\",\"avatar\":\"170\",\"rating\":2320,\"seed\":[6724,19973,22306,11212]}\n>player p2 {\"name\":\"useemstohavefun\",\"avatar\":\"thorton\",\"rating\":2258,\"seed\":[62811,2227,21434,47657]}\n>p1 move torchsong\n>p2 move thunderbolt\n>p1 switch 5\n>p2 switch 2\n>p1 move swordsdance\n>p2 move sludgewave\n>p1 switch 4\n>p1 move dragondance\n>p2 switch 3\n>p1 move earthquake terastallize\n>p2 move earthquake\n>p1 move earthquake\n>p2 move bodyslam\n>p2 switch 2\n>p1 move dragondance\n>p2 move terablast terastallize\n>p1 move earthquake\n>p2 move terablast\n>p2 switch 5\n>p1 switch 5\n>p2 move extremespeed\n>p1 move flamecharge\n>p2 switch 3\n>p1 move torchsong\n>p2 move overdrive\n>p1 switch 5\n>p1 move earthquake\n>p2 switch 6\n>p1 move wildcharge\n>p2 move bravebird\n>p1 switch 2\n>p1 move thunderwave\n>p2 switch 6\n>p1 move dazzlinggleam\n>p2 move boomburst\n>p1 move protect\n>p2 move boomburst\n>p1 move dazzlinggleam\n>p2 move boomburst\n>p1 switch 3\n>p1 move dracometeor\n>p2 move boomburst\n>p2 switch 4\n>p1 move shedtail\n>p2 move closecombat\n>p1 switch 6\n>p1 move filletaway\n>p2 move knockoff\n>forcelose p1", "uploadtime": 1733837256, "views": 2, "formatid": "gen9randombattle", "rating": 2282, "private": 0, "password": null}