{"id": "gen9randombattle-2260445665", "format": "[Gen 9] Random Battle", "players": ["ShadeGod", "pickledpickle0"], "log": "|j|\u2606ShadeGod\n|j|\u2606pickledpickle0\n|t:|1733852345\n|gametype|singles\n|player|p1|ShadeGod|dragontamer|1426\n|player|p2|pickledpickle0|101|1394\n|teamsize|p1|6\n|teamsize|p2|6\n|gen|9\n|tier|[Gen 9] Random Battle\n|rated|\n|rule|Species Clause: Limit one of each Pok\u00e9mon\n|rule|HP Percentage Mod: HP is shown in percentages\n|rule|Sleep Clause Mod: Limit one foe put to sleep\n|rule|Illusion Level Mod: Illusion disguises the Pok\u00e9mon's true level\n|\n|t:|1733852345\n|start\n|switch|p1a: Feraligatr|Feraligatr, L79, F|264/264\n|switch|p2a: Araquanid|Araquanid, L82, M|246/246\n|turn|1\n|inactive|Battle timer is ON: inactive players will automatically lose when time's up. (requested by pickledpickle0)\n|\n|t:|1733852353\n|move|p1a: Feraligatr|Dragon Dance|p1a: Feraligatr\n|-boost|p1a: Feraligatr|atk|1\n|-boost|p1a: Feraligatr|spe|1\n|move|p2a: Araquanid|Sticky Web|p1a: Feraligatr\n|-sidestart|p1: ShadeGod|move: Sticky Web\n|\n|upkeep\n|turn|2\n|\n|t:|1733852379\n|switch|p2a: Sawsbuck|Sawsbuck-Autumn, L88, M|284/284\n|move|p1a: Feraligatr|Dragon Dance|p1a: Feraligatr\n|-boost|p1a: Feraligatr|atk|1\n|-boost|p1a: Feraligatr|spe|1\n|\n|upkeep\n|turn|3\n|\n|t:|1733852384\n|move|p1a: Feraligatr|Ice Punch|p2a: Sawsbuck\n|-supereffective|p2a: Sawsbuck\n|-damage|p2a: Sawsbuck|0 fnt\n|faint|p2a: Sawsbuck\n|\n|upkeep\n|\n|t:|1733852396\n|switch|p2a: Frosmoth|Frosmoth, L82, M|249/249\n|turn|4\n|\n|t:|1733852405\n|move|p1a: Feraligatr|Liquidation|p2a: Frosmoth\n|-damage|p2a: Frosmoth|0 fnt\n|faint|p2a: Frosmoth\n|\n|upkeep\n|\n|t:|1733852409\n|switch|p2a: Araquanid|Araquanid, L82, M|246/246\n|turn|5\n|\n|t:|1733852411\n|move|p1a: Feraligatr|Crunch|p2a: Araquanid\n|-damage|p2a: Araquanid|56/246\n|move|p2a: Araquanid|Leech Life|p1a: Feraligatr\n|-damage|p1a: Feraligatr|204/264\n|-heal|p2a: Araquanid|86/246|[from] drain|[of] p1a: Feraligatr\n|\n|upkeep\n|turn|6\n|\n|t:|1733852419\n|move|p1a: Feraligatr|Crunch|p2a: Araquanid\n|-damage|p2a: Araquanid|0 fnt\n|faint|p2a: Araquanid\n|\n|upkeep\n|\n|t:|1733852424\n|switch|p2a: Bronzong|Bronzong, L88|261/261\n|turn|7\n|\n|t:|1733852427\n|move|p1a: Feraligatr|Crunch|p2a: Bronzong\n|-supereffective|p2a: Bronzong\n|-damage|p2a: Bronzong|6/261\n|move|p2a: Bronzong|Iron Defense|p2a: Bronzong\n|-boost|p2a: Bronzong|def|2\n|\n|upkeep\n|turn|8\n|\n|t:|1733852431\n|move|p1a: Feraligatr|Ice Punch|p2a: Bronzong\n|-resisted|p2a: Bronzong\n|-damage|p2a: Bronzong|0 fnt\n|faint|p2a: Bronzong\n|\n|upkeep\n|\n|t:|1733852434\n|switch|p2a: Pelipper|Pelipper, L86, F|243/243\n|-weather|RainDance|[from] ability: Drizzle|[of] p2a: Pelipper\n|turn|9\n|\n|t:|1733852439\n|move|p1a: Feraligatr|Liquidation|p2a: Pelipper\n|-resisted|p2a: Pelipper\n|-damage|p2a: Pelipper|69/243\n|move|p2a: Pelipper|Hurricane|p1a: Feraligatr\n|-damage|p1a: Feraligatr|81/264\n|-start|p1a: Feraligatr|confusion\n|\n|-weather|RainDance|[upkeep]\n|upkeep\n|turn|10\n|\n|t:|1733852444\n|-activate|p1a: Feraligatr|confusion\n|move|p1a: Feraligatr|Liquidation|p2a: Pelipper\n|-resisted|p2a: Pelipper\n|-damage|p2a: Pelipper|0 fnt\n|faint|p2a: Pelipper\n|\n|-weather|RainDance|[upkeep]\n|upkeep\n|\n|t:|1733852448\n|switch|p2a: Arceus|Arceus-Ground, L70|284/284\n|turn|11\n|\n|t:|1733852451\n|-activate|p1a: Feraligatr|confusion\n|-damage|p1a: Feraligatr|27/264|[from] confusion\n|move|p2a: Arceus|Stone Edge|p1a: Feraligatr\n|-crit|p1a: Feraligatr\n|-damage|p1a: Feraligatr|0 fnt\n|faint|p1a: Feraligatr\n|\n|-weather|RainDance|[upkeep]\n|upkeep\n|\n|t:|1733852455\n|switch|p1a: Glaceon|Glaceon, L94, F|275/275\n|turn|12\n|c|\u2606pickledpickle0|welp\n|\n|t:|1733852460\n|move|p2a: Arceus|Stone Edge|p1a: Glaceon\n|-supereffective|p1a: Glaceon\n|-damage|p1a: Glaceon|187/275\n|move|p1a: Glaceon|Freeze-Dry|p2a: Arceus\n|-supereffective|p2a: Arceus\n|-damage|p2a: Arceus|50/284\n|\n|-weather|RainDance|[upkeep]\n|upkeep\n|turn|13\n|c|\u2606ShadeGod|almost\n|c|\u2606ShadeGod|but gg\n|\n|t:|1733852472\n|move|p2a: Arceus|Stone Edge|p1a: Glaceon\n|-supereffective|p1a: Glaceon\n|-damage|p1a: Glaceon|95/275\n|move|p1a: Glaceon|Freeze-Dry|p2a: Arceus\n|-supereffective|p2a: Arceus\n|-damage|p2a: Arceus|0 fnt\n|faint|p2a: Arceus\n|\n|win|ShadeGod\n|raw|ShadeGod's rating: 1426 &rarr; <strong>1444</strong><br />(+18 for winning)\n|raw|pickledpickle0's rating: 1394 &rarr; <strong>1376</strong><br />(-18 for losing)\n", "inputlog": ">version bfd83cad13791eb5a5a409923076391caf6fb4d4\n>start {\"formatid\":\"gen9randombattle\",\"seed\":[13928,9497,36273,50596],\"rated\":\"Rated battle\"}\n>player p1 {\"name\":\"ShadeGod\",\"avatar\":\"dragontamer\",\"rating\":1426,\"seed\":[24641,49351,12434,11304]}\n>player p2 {\"name\":\"pickledpickle0\",\"avatar\":\"101\",\"rating\":1394,\"seed\":[52464,28798,24537,44609]}\n>p1 move dragondance\n>p2 move stickyweb\n>p1 move dragondance\n>p2 switch 4\n>p1 move icepunch\n>p2 move hornleech\n>p2 switch 2\n>p1 move liquidation\n>p2 move gigadrain\n>p2 switch 4\n>p1 move crunch\n>p2 move leechlife\n>p1 move crunch\n>p2 move hydropump\n>p2 switch 5\n>p1 move crunch\n>p2 move irondefense\n>p1 move icepunch\n>p2 move bodypress\n>p2 switch 3\n>p1 move liquidation\n>p2 move hurricane\n>p1 move liquidation\n>p2 move hurricane\n>p2 switch 6\n>p1 move liquidation\n>p2 move stoneedge\n>p1 switch 2\n>chat \u2606pickledpickle0|welp\n>p1 move freezedry\n>p2 move stoneedge\n>chat \u2606ShadeGod|almost\n>chat \u2606ShadeGod|but gg\n>p1 move freezedry\n>p2 move stoneedge", "uploadtime": 1733852475, "views": 2, "formatid": "gen9randombattle", "rating": 1376, "private": 0, "password": null}