{"id": "gen9randombattle-2260914463", "format": "[Gen 9] Random Battle", "players": ["FewerOstrich423", "JuanKamata"], "log": "|j|\u2606FewerOstrich423\n|j|\u2606JuanKamata\n|t:|1733915925\n|gametype|singles\n|player|p1|FewerOstrich423|n|1265\n|player|p2|JuanKamata|lucas|1245\n|teamsize|p1|6\n|teamsize|p2|6\n|gen|9\n|tier|[Gen 9] Random Battle\n|rated|\n|rule|Species Clause: Limit one of each Pok\u00e9mon\n|rule|HP Percentage Mod: HP is shown in percentages\n|rule|Sleep Clause Mod: Limit one foe put to sleep\n|rule|Illusion Level Mod: Illusion disguises the Pok\u00e9mon's true level\n|\n|t:|1733915925\n|start\n|switch|p1a: Bruxish|Bruxish, L85, F|254/254\n|switch|p2a: Toxapex|Toxapex, L82, M|216/216\n|turn|1\n|\n|t:|1733915938\n|move|p1a: Bruxish|Psychic Fangs|p2a: Toxapex\n|-supereffective|p2a: Toxapex\n|-damage|p2a: Toxapex|0 fnt\n|-damage|p1a: Bruxish|212/254|[from] item: Rocky Helmet|[of] p2a: Toxapex\n|faint|p2a: Toxapex\n|-damage|p1a: Bruxish|187/254|[from] item: Life Orb\n|\n|upkeep\n|\n|t:|1733915941\n|switch|p2a: Great Tusk|Great Tusk, L77|238/238\n|turn|2\n|\n|t:|1733915951\n|move|p2a: Great Tusk|Dark Pulse|p1a: Bruxish\n|-supereffective|p1a: Bruxish\n|-damage|p1a: Bruxish|0 fnt\n|faint|p1a: Bruxish\n|\n|upkeep\n|\n|t:|1733915973\n|switch|p1a: Lumineon|Lumineon, L93, F|279/279\n|turn|3\n|\n|t:|1733915981\n|move|p2a: Great Tusk|Dark Pulse|p1a: Lumineon\n|-damage|p1a: Lumineon|140/279\n|move|p1a: Lumineon|Alluring Voice|p2a: Great Tusk\n|-supereffective|p2a: Great Tusk\n|-damage|p2a: Great Tusk|38/238\n|replace|p2a: Zoroark|Zoroark, L84, M\n|-end|p2a: Zoroark|Illusion\n|-hint|Illusion Level Mod is active, so this Pok\u00e9mon's true level was hidden.\n|\n|upkeep\n|turn|4\n|\n|t:|1733915994\n|move|p2a: Zoroark|Dark Pulse|p1a: Lumineon\n|-damage|p1a: Lumineon|0 fnt\n|faint|p1a: Lumineon\n|\n|upkeep\n|\n|t:|1733916011\n|switch|p1a: Kingambit|Kingambit, L74, F|270/270\n|-activate|p1a: Kingambit|ability: Supreme Overlord\n|-start|p1a: Kingambit|fallen2|[silent]\n|turn|5\n|\n|t:|1733916017\n|switch|p2a: Enamorus|Enamorus, L79, F|247/247\n|move|p1a: Kingambit|Sucker Punch||[still]\n|-fail|p1a: Kingambit\n|\n|upkeep\n|turn|6\n|\n|t:|1733916035\n|-end|p1a: Kingambit|fallen2|[silent]\n|switch|p1a: Pecharunt|Pecharunt, L77|262/262\n|move|p2a: Enamorus|Superpower|p1a: Pecharunt\n|-immune|p1a: Pecharunt\n|\n|upkeep\n|turn|7\n|\n|t:|1733916050\n|switch|p2a: Great Tusk|Great Tusk, L77|38/238\n|move|p1a: Pecharunt|Malignant Chain|p2a: Great Tusk\n|-damage|p2a: Great Tusk|0 fnt\n|replace|p2a: Zoroark|Zoroark, L84, M\n|-end|p2a: Zoroark|Illusion\n|faint|p2a: Zoroark\n|\n|upkeep\n|\n|t:|1733916063\n|switch|p2a: Excadrill|Excadrill, L79, F|303/303\n|-ability|p2a: Excadrill|Mold Breaker\n|turn|8\n|\n|t:|1733916068\n|move|p2a: Excadrill|Earthquake|p1a: Pecharunt\n|-supereffective|p1a: Pecharunt\n|-damage|p1a: Pecharunt|88/262\n|move|p1a: Pecharunt|Malignant Chain|p2a: Excadrill\n|-immune|p2a: Excadrill\n|\n|-heal|p1a: Pecharunt|104/262|[from] item: Leftovers\n|upkeep\n|turn|9\n|\n|t:|1733916083\n|switch|p1a: Breloom|Breloom, L82, F|233/233\n|move|p2a: Excadrill|Earthquake|p1a: Breloom\n|-resisted|p1a: Breloom\n|-damage|p1a: Breloom|168/233\n|\n|upkeep\n|turn|10\n|\n|t:|1733916095\n|switch|p2a: Enamorus|Enamorus, L79, F|247/247\n|move|p1a: Breloom|Mach Punch|p2a: Enamorus\n|-resisted|p2a: Enamorus\n|-damage|p2a: Enamorus|215/247\n|-damage|p1a: Breloom|145/233|[from] item: Life Orb\n|\n|upkeep\n|turn|11\n|\n|t:|1733916104\n|move|p2a: Enamorus|Play Rough|p1a: Breloom\n|-supereffective|p1a: Breloom\n|-damage|p1a: Breloom|0 fnt\n|faint|p1a: Breloom\n|\n|upkeep\n|\n|t:|1733916112\n|switch|p1a: Pecharunt|Pecharunt, L77|104/262\n|turn|12\n|\n|t:|1733916116\n|switch|p2a: Excadrill|Excadrill, L79, F|303/303\n|-ability|p2a: Excadrill|Mold Breaker\n|move|p1a: Pecharunt|Recover|p1a: Pecharunt\n|-heal|p1a: Pecharunt|235/262\n|\n|-heal|p1a: Pecharunt|251/262|[from] item: Leftovers\n|upkeep\n|turn|13\n|\n|t:|1733916127\n|move|p2a: Excadrill|Earthquake|p1a: Pecharunt\n|-supereffective|p1a: Pecharunt\n|-damage|p1a: Pecharunt|83/262\n|move|p1a: Pecharunt|Shadow Ball|p2a: Excadrill\n|-damage|p2a: Excadrill|246/303\n|\n|-heal|p1a: Pecharunt|99/262|[from] item: Leftovers\n|upkeep\n|turn|14\n|\n|t:|1733916140\n|switch|p1a: Indeedee|Indeedee-F, L90, F|272/272\n|-fieldstart|move: Psychic Terrain|[from] ability: Psychic Surge|[of] p1a: Indeedee\n|move|p2a: Excadrill|Earthquake|p1a: Indeedee\n|-damage|p1a: Indeedee|121/272\n|\n|upkeep\n|turn|15\n|\n|t:|1733916158\n|move|p1a: Indeedee|Psychic|p2a: Excadrill\n|-resisted|p2a: Excadrill\n|-damage|p2a: Excadrill|150/303\n|move|p2a: Excadrill|Earthquake|p1a: Indeedee\n|-damage|p1a: Indeedee|0 fnt\n|faint|p1a: Indeedee\n|\n|upkeep\n|\n|t:|1733916166\n|switch|p1a: Kingambit|Kingambit, L74, F|270/270\n|-activate|p1a: Kingambit|ability: Supreme Overlord\n|-start|p1a: Kingambit|fallen4|[silent]\n|turn|16\n|\n|t:|1733916174\n|move|p1a: Kingambit|Sucker Punch|p2a: Excadrill\n|-activate|p2a: Excadrill|move: Psychic Terrain\n|move|p2a: Excadrill|Earthquake|p1a: Kingambit\n|-supereffective|p1a: Kingambit\n|-crit|p1a: Kingambit\n|-damage|p1a: Kingambit|0 fnt\n|faint|p1a: Kingambit\n|-end|p1a: Kingambit|fallen4|[silent]\n|\n|upkeep\n|\n|t:|1733916181\n|switch|p1a: Pecharunt|Pecharunt, L77|99/262\n|turn|17\n|\n|t:|1733916185\n|move|p2a: Excadrill|Earthquake|p1a: Pecharunt\n|-supereffective|p1a: Pecharunt\n|-damage|p1a: Pecharunt|0 fnt\n|faint|p1a: Pecharunt\n|\n|win|JuanKamata\n|raw|FewerOstrich423's rating: 1265 &rarr; <strong>1239</strong><br />(-26 for losing)\n|raw|JuanKamata's rating: 1245 &rarr; <strong>1271</strong><br />(+26 for winning)\n|l|\u2606FewerOstrich423\n|player|p1|\n", "inputlog": ">version bfd83cad13791eb5a5a409923076391caf6fb4d4\n>start {\"formatid\":\"gen9randombattle\",\"seed\":[44245,4061,38985,31579],\"rated\":\"Rated battle\"}\n>player p1 {\"name\":\"FewerOstrich423\",\"avatar\":\"n\",\"rating\":1265,\"seed\":[25143,317,29029,43845]}\n>player p2 {\"name\":\"JuanKamata\",\"avatar\":\"lucas\",\"rating\":1245,\"seed\":[38453,50539,59997,63055]}\n>p1 move psychicfangs\n>p2 move toxic\n>p2 switch 5\n>p1 move wavecrash\n>p2 move darkpulse\n>p1 switch 3\n>p1 move alluringvoice\n>p2 move darkpulse\n>p1 move alluringvoice\n>p2 move darkpulse\n>p1 switch 5\n>p1 move suckerpunch\n>p2 switch 3\n>p1 switch 2\n>p2 move superpower\n>p1 move malignantchain\n>p2 switch 3\n>p2 switch 2\n>p1 move malignantchain\n>p2 move earthquake\n>p1 switch 6\n>p2 move earthquake\n>p1 move machpunch\n>p2 switch 3\n>p1 move rocktomb\n>p2 move playrough\n>p1 switch 6\n>p1 move recover\n>p2 switch 3\n>p1 move shadowball\n>p2 move earthquake\n>p1 switch 4\n>p2 move earthquake\n>p1 move psychic\n>p2 move earthquake\n>p1 switch 2\n>p1 move suckerpunch\n>p2 move earthquake\n>p1 switch 4\n>p1 move recover\n>p2 move earthquake", "uploadtime": 1733916188, "views": 2, "formatid": "gen9randombattle", "rating": 1239, "private": 0, "password": null}