{"id": "gen9randombattle-2260329750", "format": "[Gen 9] Random Battle", "players": ["ndksnsbg", "jiya mam"], "log": "|j|\u2606ndksnsbg\n|j|\u2606jiya mam\n|t:|1733840604\n|gametype|singles\n|player|p1|ndksnsbg|102|1074\n|player|p2|jiya mam|169|1092\n|teamsize|p1|6\n|teamsize|p2|6\n|gen|9\n|tier|[Gen 9] Random Battle\n|rated|\n|rule|Species Clause: Limit one of each Pok\u00e9mon\n|rule|HP Percentage Mod: HP is shown in percentages\n|rule|Sleep Clause Mod: Limit one foe put to sleep\n|rule|Illusion Level Mod: Illusion disguises the Pok\u00e9mon's true level\n|\n|t:|1733840604\n|start\n|switch|p1a: Bellibolt|Bellibolt, L84, F|320/320\n|switch|p2a: Slowking|Slowking, L88, M|310/310\n|turn|1\n|\n|t:|1733840643\n|switch|p2a: Venusaur|Venusaur, L84, M|272/272\n|move|p1a: Bellibolt|Thunderbolt|p2a: Venusaur\n|-resisted|p2a: Venusaur\n|-damage|p2a: Venusaur|230/272\n|\n|-heal|p2a: Venusaur|247/272|[from] item: Leftovers\n|upkeep\n|turn|2\n|\n|t:|1733840655\n|move|p2a: Venusaur|Leech Seed|p1a: Bellibolt\n|-start|p1a: Bellibolt|move: Leech Seed\n|move|p1a: Bellibolt|Volt Switch|p2a: Venusaur\n|-resisted|p2a: Venusaur\n|-damage|p2a: Venusaur|214/272\n|\n|t:|1733840657\n|switch|p1a: Noctowl|Noctowl, L95, M|344/344|[from] Volt Switch\n|\n|-heal|p2a: Venusaur|231/272|[from] item: Leftovers\n|upkeep\n|turn|3\n|\n|t:|1733840673\n|-terastallize|p2a: Venusaur|Steel\n|move|p1a: Noctowl|Nasty Plot|p1a: Noctowl\n|-boost|p1a: Noctowl|spa|2\n|move|p2a: Venusaur|Sludge Bomb|p1a: Noctowl\n|-damage|p1a: Noctowl|263/344\n|-status|p1a: Noctowl|psn\n|\n|-heal|p2a: Venusaur|248/272|[from] item: Leftovers\n|-damage|p1a: Noctowl|220/344 psn|[from] psn\n|upkeep\n|turn|4\n|\n|t:|1733840685\n|move|p1a: Noctowl|Hurricane|p2a: Venusaur\n|-resisted|p2a: Venusaur\n|-damage|p2a: Venusaur|12/272\n|move|p2a: Venusaur|Leech Seed|p1a: Noctowl\n|-start|p1a: Noctowl|move: Leech Seed\n|\n|-heal|p2a: Venusaur|29/272|[from] item: Leftovers\n|-damage|p1a: Noctowl|177/344 psn|[from] Leech Seed|[of] p2a: Venusaur\n|-heal|p2a: Venusaur|72/272|[silent]\n|-damage|p1a: Noctowl|134/344 psn|[from] psn\n|upkeep\n|turn|5\n|\n|t:|1733840701\n|move|p1a: Noctowl|Hyper Voice|p2a: Venusaur\n|-resisted|p2a: Venusaur\n|-damage|p2a: Venusaur|0 fnt\n|faint|p2a: Venusaur\n|\n|-damage|p1a: Noctowl|91/344 psn|[from] psn\n|upkeep\n|\n|t:|1733840709\n|switch|p2a: Froslass|Froslass, L87, F|263/263\n|turn|6\n|\n|t:|1733840718\n|move|p2a: Froslass|Triple Axel|p1a: Noctowl\n|-supereffective|p1a: Noctowl\n|-damage|p1a: Noctowl|41/344 psn\n|-supereffective|p1a: Noctowl\n|-damage|p1a: Noctowl|0 fnt\n|faint|p1a: Noctowl\n|-hitcount|p1: Noctowl|2\n|\n|upkeep\n|\n|t:|1733840720\n|switch|p1a: Bellibolt|Bellibolt, L84, F|320/320\n|turn|7\n|\n|t:|1733840732\n|move|p2a: Froslass|Poltergeist|p1a: Bellibolt\n|-activate|p1a: Bellibolt|move: Poltergeist|Leftovers\n|-damage|p1a: Bellibolt|217/320\n|-start|p1a: Bellibolt|Charge|Poltergeist|[from] ability: Electromorphosis\n|move|p1a: Bellibolt|Thunderbolt|p2a: Froslass\n|-damage|p2a: Froslass|19/263\n|-end|p1a: Bellibolt|Charge|[silent]\n|\n|-heal|p1a: Bellibolt|237/320|[from] item: Leftovers\n|upkeep\n|turn|8\n|\n|t:|1733840743\n|move|p2a: Froslass|Triple Axel|p1a: Bellibolt\n|-damage|p1a: Bellibolt|218/320\n|-start|p1a: Bellibolt|Charge|Triple Axel|[from] ability: Electromorphosis\n|-damage|p1a: Bellibolt|179/320\n|-start|p1a: Bellibolt|Charge|Triple Axel|[from] ability: Electromorphosis\n|-damage|p1a: Bellibolt|119/320\n|-start|p1a: Bellibolt|Charge|Triple Axel|[from] ability: Electromorphosis\n|-hitcount|p1a: Bellibolt|3\n|move|p1a: Bellibolt|Slack Off|p1a: Bellibolt\n|-heal|p1a: Bellibolt|279/320\n|\n|-heal|p1a: Bellibolt|299/320|[from] item: Leftovers\n|upkeep\n|turn|9\n|-message|jiya mam forfeited.\n|\n|win|ndksnsbg\n|raw|ndksnsbg's rating: 1074 &rarr; <strong>1104</strong><br />(+30 for winning)\n|raw|jiya mam's rating: 1092 &rarr; <strong>1067</strong><br />(-25 for losing)\n|l|\u2606jiya mam\n|player|p2|\n", "inputlog": ">version bfd83cad13791eb5a5a409923076391caf6fb4d4\n>start {\"formatid\":\"gen9randombattle\",\"seed\":[15657,40231,62919,43869],\"rated\":\"Rated battle\"}\n>player p1 {\"name\":\"ndksnsbg\",\"avatar\":\"102\",\"rating\":1074,\"seed\":[62809,1359,9475,14001]}\n>player p2 {\"name\":\"jiya mam\",\"avatar\":\"169\",\"rating\":1092,\"seed\":[32396,18511,45320,62186]}\n>p1 move thunderbolt\n>p2 switch 3\n>p1 move voltswitch\n>p2 move leechseed\n>p1 switch 6\n>p1 move nastyplot\n>p2 move sludgebomb terastallize\n>p1 move hurricane\n>p2 move leechseed\n>p1 move hypervoice\n>p2 move substitute\n>p2 switch 4\n>p1 move hurricane\n>p2 move tripleaxel\n>p1 switch 6\n>p1 move thunderbolt\n>p2 move poltergeist\n>p1 move slackoff\n>p2 move tripleaxel\n>forcelose p2", "uploadtime": 1733840766, "views": 1, "formatid": "gen9randombattle", "rating": 1067, "private": 0, "password": null}