{"id": "gen9randombattle-2260847203", "format": "[Gen 9] Random Battle", "players": ["ur bad132", "danlillis25"], "log": "|j|\u2606ur bad132\n|j|\u2606danlillis25\n|t:|1733903344\n|gametype|singles\n|player|p1|ur bad132|102|1132\n|player|p2|danlillis25|ethan|1090\n|teamsize|p1|6\n|teamsize|p2|6\n|gen|9\n|tier|[Gen 9] Random Battle\n|rated|\n|rule|Species Clause: Limit one of each Pok\u00e9mon\n|rule|HP Percentage Mod: HP is shown in percentages\n|rule|Sleep Clause Mod: Limit one foe put to sleep\n|rule|Illusion Level Mod: Illusion disguises the Pok\u00e9mon's true level\n|\n|t:|1733903344\n|start\n|switch|p1a: Palkia|Palkia, L75|259/259\n|switch|p2a: Solgaleo|Solgaleo, L74|325/325\n|-ability|p1a: Palkia|Pressure\n|turn|1\n|\n|t:|1733903363\n|move|p1a: Palkia|Fire Blast|p2a: Solgaleo\n|-supereffective|p2a: Solgaleo\n|-damage|p2a: Solgaleo|137/325\n|move|p2a: Solgaleo|Knock Off|p1a: Palkia\n|-damage|p1a: Palkia|182/259\n|-enditem|p1a: Palkia|Choice Scarf|[from] move: Knock Off|[of] p2a: Solgaleo\n|\n|upkeep\n|turn|2\n|\n|t:|1733903381\n|move|p1a: Palkia|Spacial Rend|p2a: Solgaleo\n|-resisted|p2a: Solgaleo\n|-damage|p2a: Solgaleo|64/325\n|move|p2a: Solgaleo|Morning Sun|p2a: Solgaleo\n|-heal|p2a: Solgaleo|226/325\n|\n|upkeep\n|turn|3\n|\n|t:|1733903398\n|-terastallize|p2a: Solgaleo|Water\n|move|p1a: Palkia|Fire Blast|p2a: Solgaleo\n|-resisted|p2a: Solgaleo\n|-damage|p2a: Solgaleo|171/325\n|move|p2a: Solgaleo|Knock Off|p1a: Palkia\n|-damage|p1a: Palkia|131/259\n|\n|upkeep\n|turn|4\n|\n|t:|1733903424\n|-terastallize|p1a: Palkia|Dragon\n|move|p1a: Palkia|Spacial Rend|p2a: Solgaleo\n|-damage|p2a: Solgaleo|0 fnt\n|faint|p2a: Solgaleo\n|\n|upkeep\n|\n|t:|1733903442\n|switch|p2a: Illumise|Illumise, L91, F|266/266\n|turn|5\n|\n|t:|1733903461\n|switch|p1a: Honchkrow|Honchkrow, L86, F|312/312\n|move|p2a: Illumise|Thunder Wave|p1a: Honchkrow\n|-hint|Since gen 7, Dark is immune to Prankster moves.\n|-immune|p1a: Honchkrow\n|\n|upkeep\n|turn|6\n|\n|t:|1733903474\n|switch|p2a: Lanturn|Lanturn, L89, M|367/367\n|move|p1a: Honchkrow|Brave Bird|p2a: Lanturn\n|-resisted|p2a: Lanturn\n|-damage|p2a: Lanturn|257/367\n|-damage|p1a: Honchkrow|276/312|[from] Recoil\n|\n|upkeep\n|turn|7\n|\n|t:|1733903491\n|move|p1a: Honchkrow|Sucker Punch|p2a: Lanturn\n|-damage|p2a: Lanturn|137/367\n|move|p2a: Lanturn|Thunderbolt|p1a: Honchkrow\n|-supereffective|p1a: Honchkrow\n|-damage|p1a: Honchkrow|24/312\n|\n|upkeep\n|turn|8\n|\n|t:|1733903526\n|switch|p1a: Grumpig|Grumpig, L92, F|297/297\n|switch|p2a: Pawmot|Pawmot, L80, M|243/243\n|\n|upkeep\n|turn|9\n|\n|t:|1733903535\n|move|p2a: Pawmot|Revival Blessing|p2a: Pawmot\n|-enditem|p2a: Pawmot|Leppa Berry|[eat]\n|-activate|p2a: Pawmot|item: Leppa Berry|Revival Blessing|[consumed]\n|\n|t:|1733903539\n|-heal|p2: Solgaleo|162/325|[from] move: Revival Blessing\n|move|p1a: Grumpig|Nasty Plot|p1a: Grumpig\n|-boost|p1a: Grumpig|spa|2\n|\n|upkeep\n|turn|10\n|\n|t:|1733903548\n|move|p2a: Pawmot|Nuzzle|p1a: Grumpig\n|-damage|p1a: Grumpig|272/297\n|-status|p1a: Grumpig|par\n|cant|p1a: Grumpig|par\n|\n|-heal|p1a: Grumpig|290/297 par|[from] item: Leftovers\n|upkeep\n|turn|11\n|\n|t:|1733903560\n|switch|p2a: Illumise|Illumise, L91, F|266/266\n|move|p1a: Grumpig|Psychic|p2a: Illumise\n|-damage|p2a: Illumise|70/266\n|\n|-heal|p1a: Grumpig|297/297 par|[from] item: Leftovers\n|upkeep\n|turn|12\n|\n|t:|1733903576\n|move|p2a: Illumise|Encore|p1a: Grumpig\n|-start|p1a: Grumpig|Encore\n|cant|p1a: Grumpig|par\n|\n|upkeep\n|turn|13\n|\n|t:|1733903581\n|switch|p2a: Shiftry|Shiftry, L89, F|305/305\n|move|p1a: Grumpig|Psychic|p2a: Shiftry\n|-immune|p2a: Shiftry\n|\n|upkeep\n|turn|14\n|\n|t:|1733903591\n|switch|p1a: Flutter Mane|Flutter Mane, L74|203/203\n|move|p2a: Shiftry|Tailwind|p2a: Shiftry\n|-sidestart|p2: danlillis25|move: Tailwind\n|-ability|p2a: Shiftry|Wind Rider|boost\n|-boost|p2a: Shiftry|atk|1\n|\n|upkeep\n|turn|15\n|\n|t:|1733903603\n|move|p2a: Shiftry|Knock Off|p1a: Flutter Mane\n|-damage|p1a: Flutter Mane|0 fnt\n|-enditem|p1a: Flutter Mane|Choice Specs|[from] move: Knock Off|[of] p2a: Shiftry\n|faint|p1a: Flutter Mane\n|-end|p1a: Flutter Mane|Protosynthesis|[silent]\n|-damage|p2a: Shiftry|275/305|[from] item: Life Orb\n|\n|upkeep\n|\n|t:|1733903613\n|switch|p1a: Grumpig|Grumpig, L92, F|297/297 par\n|turn|16\n|\n|t:|1733903618\n|move|p2a: Shiftry|Knock Off|p1a: Grumpig\n|-supereffective|p1a: Grumpig\n|-damage|p1a: Grumpig|0 fnt\n|-enditem|p1a: Grumpig|Leftovers|[from] move: Knock Off|[of] p2a: Shiftry\n|faint|p1a: Grumpig\n|-damage|p2a: Shiftry|245/305|[from] item: Life Orb\n|\n|upkeep\n|\n|t:|1733903630\n|switch|p1a: Honchkrow|Honchkrow, L86, F|24/312\n|turn|17\n|\n|t:|1733903645\n|move|p1a: Honchkrow|Sucker Punch|p2a: Shiftry\n|-resisted|p2a: Shiftry\n|-damage|p2a: Shiftry|186/305\n|move|p2a: Shiftry|Low Kick|p1a: Honchkrow\n|-damage|p1a: Honchkrow|0 fnt\n|faint|p1a: Honchkrow\n|-damage|p2a: Shiftry|156/305|[from] item: Life Orb\n|\n|-sideend|p2: danlillis25|move: Tailwind\n|upkeep\n|\n|t:|1733903653\n|switch|p1a: Palkia|Palkia, L75, tera:Dragon|131/259\n|-ability|p1a: Palkia|Pressure\n|turn|18\n|\n|t:|1733903662\n|move|p1a: Palkia|Draco Meteor|p2a: Shiftry\n|-damage|p2a: Shiftry|0 fnt\n|-unboost|p1a: Palkia|spa|2\n|faint|p2a: Shiftry\n|\n|upkeep\n|\n|t:|1733903680\n|switch|p2a: Pawmot|Pawmot, L80, M|243/243\n|turn|19\n|\n|t:|1733903686\n|switch|p1a: Ribombee|Ribombee, L82, M|233/233\n|move|p2a: Pawmot|Nuzzle|p1a: Ribombee\n|-damage|p1a: Ribombee|203/233\n|\n|upkeep\n|turn|20\n|\n|t:|1733903704\n|switch|p2a: Lanturn|Lanturn, L89, M|137/367\n|move|p1a: Ribombee|Moonblast|p2a: Lanturn\n|-damage|p2a: Lanturn|34/367\n|\n|upkeep\n|turn|21\n|\n|t:|1733903711\n|move|p1a: Ribombee|Moonblast|p2a: Lanturn\n|-damage|p2a: Lanturn|0 fnt\n|faint|p2a: Lanturn\n|\n|upkeep\n|\n|t:|1733903720\n|switch|p2a: Solgaleo|Solgaleo, L74|162/325\n|turn|22\n|\n|t:|1733903728\n|move|p1a: Ribombee|U-turn|p2a: Solgaleo\n|-damage|p2a: Solgaleo|113/325\n|-damage|p1a: Ribombee|165/233|[from] item: Rocky Helmet|[of] p2a: Solgaleo\n|\n|t:|1733903732\n|switch|p1a: Palkia|Palkia, L75, tera:Dragon|131/259|[from] U-turn\n|-ability|p1a: Palkia|Pressure\n|move|p2a: Solgaleo|Morning Sun|p2a: Solgaleo\n|-heal|p2a: Solgaleo|275/325\n|\n|upkeep\n|turn|23\n|\n|t:|1733903753\n|move|p1a: Palkia|Fire Blast|p2a: Solgaleo\n|-supereffective|p2a: Solgaleo\n|-damage|p2a: Solgaleo|77/325\n|move|p2a: Solgaleo|Knock Off|p1a: Palkia\n|-damage|p1a: Palkia|84/259\n|\n|upkeep\n|turn|24\n|\n|t:|1733903764\n|move|p1a: Palkia|Fire Blast|p2a: Solgaleo\n|-supereffective|p2a: Solgaleo\n|-damage|p2a: Solgaleo|0 fnt\n|faint|p2a: Solgaleo\n|\n|upkeep\n|\n|t:|1733903772\n|switch|p2a: Pawmot|Pawmot, L80, M|243/243\n|turn|25\n|\n|t:|1733903777\n|switch|p1a: Ribombee|Ribombee, L82, M|165/233\n|move|p2a: Pawmot|Nuzzle|p1a: Ribombee\n|-damage|p1a: Ribombee|132/233\n|\n|upkeep\n|turn|26\n|\n|t:|1733903786\n|switch|p2a: Drifblim|Drifblim, L86, F|396/396\n|move|p1a: Ribombee|Moonblast|p2a: Drifblim\n|-damage|p2a: Drifblim|272/396\n|-unboost|p2a: Drifblim|spa|1\n|\n|upkeep\n|turn|27\n|\n|t:|1733903799\n|move|p1a: Ribombee|Moonblast|p2a: Drifblim\n|-crit|p2a: Drifblim\n|-damage|p2a: Drifblim|74/396\n|-enditem|p2a: Drifblim|Sitrus Berry|[eat]\n|-heal|p2a: Drifblim|173/396|[from] item: Sitrus Berry\n|move|p2a: Drifblim|Calm Mind|p2a: Drifblim\n|-boost|p2a: Drifblim|spa|1\n|-boost|p2a: Drifblim|spd|1\n|\n|upkeep\n|turn|28\n|\n|t:|1733903812\n|move|p2a: Drifblim|Air Slash|p1a: Ribombee\n|-supereffective|p1a: Ribombee\n|-damage|p1a: Ribombee|0 fnt\n|faint|p1a: Ribombee\n|\n|upkeep\n|\n|t:|1733903817\n|switch|p1a: Palkia|Palkia, L75, tera:Dragon|84/259\n|-ability|p1a: Palkia|Pressure\n|turn|29\n|\n|t:|1733903822\n|move|p2a: Drifblim|Strength Sap|p1a: Palkia\n|-unboost|p1a: Palkia|atk|1\n|-heal|p2a: Drifblim|358/396\n|move|p1a: Palkia|Spacial Rend|p2a: Drifblim\n|-damage|p2a: Drifblim|220/396\n|\n|upkeep\n|turn|30\n|\n|t:|1733903841\n|move|p2a: Drifblim|Air Slash|p1a: Palkia\n|-damage|p1a: Palkia|12/259\n|move|p1a: Palkia|Draco Meteor|p2a: Drifblim\n|-damage|p2a: Drifblim|24/396\n|-unboost|p1a: Palkia|spa|2\n|\n|upkeep\n|turn|31\n|\n|t:|1733903848\n|switch|p1a: Jumpluff|Jumpluff, L87, F|271/271\n|move|p2a: Drifblim|Air Slash|p1a: Jumpluff\n|-supereffective|p1a: Jumpluff\n|-damage|p1a: Jumpluff|119/271\n|\n|upkeep\n|turn|32\n|\n|t:|1733903859\n|move|p2a: Drifblim|Air Slash|p1a: Jumpluff\n|-supereffective|p1a: Jumpluff\n|-damage|p1a: Jumpluff|0 fnt\n|faint|p1a: Jumpluff\n|\n|upkeep\n|\n|t:|1733903863\n|switch|p1a: Palkia|Palkia, L75, tera:Dragon|12/259\n|-ability|p1a: Palkia|Pressure\n|turn|33\n|\n|t:|1733903867\n|move|p2a: Drifblim|Air Slash|p1a: Palkia\n|-damage|p1a: Palkia|0 fnt\n|faint|p1a: Palkia\n|\n|win|danlillis25\n|raw|ur bad132's rating: 1132 &rarr; <strong>1104</strong><br />(-28 for losing)\n|raw|danlillis25's rating: 1090 &rarr; <strong>1120</strong><br />(+30 for winning)\n|l|\u2606ur bad132\n|player|p1|\n", "inputlog": ">version bfd83cad13791eb5a5a409923076391caf6fb4d4\n>start {\"formatid\":\"gen9randombattle\",\"seed\":[28033,38007,45559,25151],\"rated\":\"Rated battle\"}\n>player p1 {\"name\":\"ur bad132\",\"avatar\":\"102\",\"rating\":1132,\"seed\":[7806,1480,54894,39125]}\n>player p2 {\"name\":\"danlillis25\",\"avatar\":\"ethan\",\"rating\":1090,\"seed\":[12976,14139,30998,52308]}\n>p1 move fireblast\n>p2 move knockoff\n>p1 move spacialrend\n>p2 move morningsun\n>p1 move fireblast\n>p2 move knockoff terastallize\n>p1 move spacialrend terastallize\n>p2 move morningsun\n>p2 switch 4\n>p1 switch 6\n>p2 move thunderwave\n>p1 move bravebird\n>p2 switch 5\n>p1 move suckerpunch\n>p2 move thunderbolt\n>p1 switch 3\n>p2 switch 2\n>p1 move nastyplot\n>p2 move revivalblessing\n>p2 switch 4\n>p1 move nastyplot\n>p2 move nuzzle\n>p1 move psychic\n>p2 switch 5\n>p1 move psychic\n>p2 move encore\n>p1 move psychic\n>p2 switch 6\n>p1 switch 4\n>p2 move tailwind\n>p1 move moonblast\n>p2 move knockoff\n>p1 switch 4\n>p1 move dazzlinggleam\n>p2 move knockoff\n>p1 switch 3\n>p1 move suckerpunch\n>p2 move lowkick\n>p1 switch 6\n>p1 move dracometeor\n>p2 move tailwind\n>p2 switch 5\n>p1 switch 2\n>p2 move nuzzle\n>p1 move moonblast\n>p2 switch 2\n>p1 move moonblast\n>p2 move thunderwave\n>p2 switch 4\n>p1 move uturn\n>p2 move morningsun\n>p1 switch 2\n>p1 move fireblast\n>p2 move knockoff\n>p1 move fireblast\n>p2 move morningsun\n>p2 switch 2\n>p1 switch 2\n>p2 move nuzzle\n>p1 move moonblast\n>p2 switch 3\n>p1 move moonblast\n>p2 move calmmind\n>p1 move moonblast\n>p2 move airslash\n>p1 switch 2\n>p1 move spacialrend\n>p2 move strengthsap\n>p1 move dracometeor\n>p2 move airslash\n>p1 switch 5\n>p2 move airslash\n>p1 move strengthsap\n>p2 move airslash\n>p1 switch 5\n>p1 move spacialrend\n>p2 move airslash", "uploadtime": 1733903879, "views": 2, "formatid": "gen9randombattle", "rating": 1104, "private": 0, "password": null}