{"id": "gen9randombattle-2260847556", "format": "[Gen 9] Random Battle", "players": ["skydive taxi", "Yuiopnnm"], "log": "|j|\u2606skydive taxi\n|j|\u2606Yuiopnnm\n|t:|1733903418\n|gametype|singles\n|player|p1|skydive taxi|101|1107\n|player|p2|Yuiopnnm|policeman-gen4|1105\n|teamsize|p1|6\n|teamsize|p2|6\n|gen|9\n|tier|[Gen 9] Random Battle\n|rated|\n|rule|Species Clause: Limit one of each Pok\u00e9mon\n|rule|HP Percentage Mod: HP is shown in percentages\n|rule|Sleep Clause Mod: Limit one foe put to sleep\n|rule|Illusion Level Mod: Illusion disguises the Pok\u00e9mon's true level\n|\n|t:|1733903418\n|start\n|switch|p1a: Slowking|Slowking-Galar, L85, F|300/300\n|switch|p2a: Tatsugiri|Tatsugiri, L87, M|260/260\n|turn|1\n|\n|t:|1733903436\n|move|p2a: Tatsugiri|Surf|p1a: Slowking\n|-damage|p1a: Slowking|198/300\n|move|p1a: Slowking|Psychic Noise|p2a: Tatsugiri\n|-damage|p2a: Tatsugiri|181/260\n|-start|p2a: Tatsugiri|move: Heal Block\n|\n|-heal|p1a: Slowking|216/300|[from] item: Leftovers\n|upkeep\n|turn|2\n|\n|t:|1733903451\n|move|p2a: Tatsugiri|Surf|p1a: Slowking\n|-damage|p1a: Slowking|113/300\n|move|p1a: Slowking|Sludge Bomb|p2a: Tatsugiri\n|-damage|p2a: Tatsugiri|75/260\n|-status|p2a: Tatsugiri|psn\n|\n|-heal|p1a: Slowking|131/300|[from] item: Leftovers\n|-damage|p2a: Tatsugiri|43/260 psn|[from] psn\n|-end|p2a: Tatsugiri|move: Heal Block\n|upkeep\n|turn|3\n|inactive|Battle timer is ON: inactive players will automatically lose when time's up. (requested by Yuiopnnm)\n|\n|t:|1733903467\n|move|p2a: Tatsugiri|Draco Meteor|p1a: Slowking\n|-damage|p1a: Slowking|0 fnt\n|-unboost|p2a: Tatsugiri|spa|2\n|faint|p1a: Slowking\n|\n|-damage|p2a: Tatsugiri|11/260 psn|[from] psn\n|upkeep\n|\n|t:|1733903479\n|switch|p1a: Noctowl|Noctowl, L95, M|344/344\n|turn|4\n|\n|t:|1733903498\n|switch|p2a: Gothitelle|Gothitelle, L90, F|272/272\n|move|p1a: Noctowl|Hurricane|p2a: Gothitelle\n|-damage|p2a: Gothitelle|167/272\n|-start|p2a: Gothitelle|confusion\n|\n|-heal|p2a: Gothitelle|184/272|[from] item: Leftovers\n|upkeep\n|turn|5\n|\n|t:|1733903514\n|move|p1a: Noctowl|Hyper Voice|p2a: Gothitelle\n|-damage|p2a: Gothitelle|102/272\n|-activate|p2a: Gothitelle|confusion\n|move|p2a: Gothitelle|Focus Blast|p1a: Noctowl|[miss]\n|-miss|p2a: Gothitelle|p1a: Noctowl\n|\n|-heal|p2a: Gothitelle|119/272|[from] item: Leftovers\n|upkeep\n|turn|6\n|\n|t:|1733903525\n|move|p1a: Noctowl|Nasty Plot|p1a: Noctowl\n|-boost|p1a: Noctowl|spa|2\n|-activate|p2a: Gothitelle|confusion\n|move|p2a: Gothitelle|Focus Blast|p1a: Noctowl\n|-damage|p1a: Noctowl|259/344\n|\n|-heal|p2a: Gothitelle|136/272|[from] item: Leftovers\n|upkeep\n|turn|7\n|\n|t:|1733903537\n|move|p1a: Noctowl|Hyper Voice|p2a: Gothitelle\n|-damage|p2a: Gothitelle|0 fnt\n|faint|p2a: Gothitelle\n|\n|upkeep\n|\n|t:|1733903543\n|switch|p2a: Tatsugiri|Tatsugiri, L87, M|11/260 psn\n|turn|8\n|\n|t:|1733903551\n|move|p2a: Tatsugiri|Draco Meteor|p1a: Noctowl\n|-damage|p1a: Noctowl|118/344\n|-unboost|p2a: Tatsugiri|spa|2\n|move|p1a: Noctowl|Nasty Plot|p1a: Noctowl\n|-boost|p1a: Noctowl|spa|2\n|\n|-damage|p2a: Tatsugiri|0 fnt|[from] psn\n|faint|p2a: Tatsugiri\n|upkeep\n|\n|t:|1733903567\n|switch|p2a: Noivern|Noivern, L82, F|274/274\n|turn|9\n|\n|t:|1733903575\n|move|p2a: Noivern|Flamethrower|p1a: Noctowl\n|-damage|p1a: Noctowl|42/344\n|move|p1a: Noctowl|Hyper Voice|p2a: Noivern\n|-damage|p2a: Noivern|0 fnt\n|faint|p2a: Noivern\n|\n|upkeep\n|\n|t:|1733903585\n|switch|p2a: Furret|Furret, L94, F|312/312\n|-item|p1a: Noctowl|Heavy-Duty Boots|[from] ability: Frisk|[of] p2a: Furret\n|turn|10\n|\n|t:|1733903590\n|move|p2a: Furret|Knock Off|p1a: Noctowl\n|-damage|p1a: Noctowl|0 fnt\n|-enditem|p1a: Noctowl|Heavy-Duty Boots|[from] move: Knock Off|[of] p2a: Furret\n|faint|p1a: Noctowl\n|-damage|p2a: Furret|281/312|[from] item: Life Orb\n|\n|upkeep\n|-message|skydive taxi forfeited.\n|\n|win|Yuiopnnm\n|raw|skydive taxi's rating: 1107 &rarr; <strong>1082</strong><br />(-25 for losing)\n|raw|Yuiopnnm's rating: 1105 &rarr; <strong>1130</strong><br />(+25 for winning)\n|l|\u2606skydive taxi\n|player|p1|\n", "inputlog": ">version bfd83cad13791eb5a5a409923076391caf6fb4d4\n>start {\"formatid\":\"gen9randombattle\",\"seed\":[20318,6465,42977,1018],\"rated\":\"Rated battle\"}\n>player p1 {\"name\":\"skydive taxi\",\"avatar\":\"101\",\"rating\":1107,\"seed\":[8021,51901,42893,7334]}\n>player p2 {\"name\":\"Yuiopnnm\",\"avatar\":\"policeman-gen4\",\"rating\":1105,\"seed\":[2559,1745,32380,53270]}\n>p1 move psychicnoise\n>p2 move surf\n>p1 move sludgebomb\n>p2 move surf\n>p1 move sludgebomb\n>p2 move dracometeor\n>p1 switch 3\n>p1 move hurricane\n>p2 switch 6\n>p1 move hypervoice\n>p2 move focusblast\n>p1 move nastyplot\n>p2 move focusblast\n>p1 move hypervoice\n>p2 move thunderwave\n>p2 switch 6\n>p1 move nastyplot\n>p2 move dracometeor\n>p2 switch 3\n>p1 move hypervoice\n>p2 move flamethrower\n>p2 switch 5\n>p1 move hypervoice\n>p2 move knockoff\n>forcelose p1", "uploadtime": 1733903616, "views": 1, "formatid": "gen9randombattle", "rating": 1082, "private": 0, "password": null}