{"id": "gen9randombattle-2260457910", "format": "[Gen 9] Random Battle", "players": ["HermanoDeJirenEl", "KenintheKlouds"], "log": "|j|\u2606HermanoDeJirenEl\n|j|\u2606KenintheKlouds\n|t:|1733853535\n|gametype|singles\n|player|p1|HermanoDeJirenEl|1|1373\n|player|p2|KenintheKlouds|n|1331\n|teamsize|p1|6\n|teamsize|p2|6\n|gen|9\n|tier|[Gen 9] Random Battle\n|rated|\n|rule|Species Clause: Limit one of each Pok\u00e9mon\n|rule|HP Percentage Mod: HP is shown in percentages\n|rule|Sleep Clause Mod: Limit one foe put to sleep\n|rule|Illusion Level Mod: Illusion disguises the Pok\u00e9mon's true level\n|\n|t:|1733853535\n|start\n|switch|p1a: Manaphy|Manaphy, L78|284/284\n|switch|p2a: Suicune|Suicune, L82|298/298\n|-ability|p2a: Suicune|Pressure\n|turn|1\n|inactive|Battle timer is ON: inactive players will automatically lose when time's up. (requested by KenintheKlouds)\n|\n|t:|1733853548\n|move|p1a: Manaphy|Tail Glow|p1a: Manaphy\n|-boost|p1a: Manaphy|spa|3\n|move|p2a: Suicune|Calm Mind|p2a: Suicune\n|-boost|p2a: Suicune|spa|1\n|-boost|p2a: Suicune|spd|1\n|\n|upkeep\n|turn|2\n|\n|t:|1733853555\n|move|p1a: Manaphy|Tail Glow|p1a: Manaphy\n|-boost|p1a: Manaphy|spa|3\n|move|p2a: Suicune|Calm Mind|p2a: Suicune\n|-boost|p2a: Suicune|spa|1\n|-boost|p2a: Suicune|spd|1\n|\n|upkeep\n|turn|3\n|\n|t:|1733853567\n|move|p1a: Manaphy|Energy Ball|p2a: Suicune\n|-supereffective|p2a: Suicune\n|-damage|p2a: Suicune|108/298\n|move|p2a: Suicune|Calm Mind|p2a: Suicune\n|-boost|p2a: Suicune|spa|1\n|-boost|p2a: Suicune|spd|1\n|\n|-heal|p2a: Suicune|126/298|[from] item: Leftovers\n|upkeep\n|turn|4\n|\n|t:|1733853583\n|move|p1a: Manaphy|Energy Ball|p2a: Suicune\n|-supereffective|p2a: Suicune\n|-damage|p2a: Suicune|0 fnt\n|faint|p2a: Suicune\n|\n|upkeep\n|\n|t:|1733853587\n|switch|p2a: Ditto|Ditto, L87|225/225\n|-transform|p2a: Ditto|p1a: Manaphy|[from] ability: Imposter\n|turn|5\n|\n|t:|1733853608\n|move|p2a: Ditto|Energy Ball|p1a: Manaphy\n|-supereffective|p1a: Manaphy\n|-damage|p1a: Manaphy|0 fnt\n|faint|p1a: Manaphy\n|\n|upkeep\n|\n|t:|1733853617\n|switch|p1a: Hydreigon|Hydreigon, L79, M|275/275\n|turn|6\n|\n|t:|1733853628\n|move|p2a: Ditto|Energy Ball|p1a: Hydreigon\n|-resisted|p1a: Hydreigon\n|-damage|p1a: Hydreigon|156/275\n|move|p1a: Hydreigon|Dark Pulse|p2a: Ditto\n|-damage|p2a: Ditto|100/225\n|-damage|p1a: Hydreigon|129/275|[from] item: Life Orb\n|\n|upkeep\n|turn|7\n|\n|t:|1733853636\n|move|p2a: Ditto|Energy Ball|p1a: Hydreigon\n|-resisted|p1a: Hydreigon\n|-damage|p1a: Hydreigon|0 fnt\n|faint|p1a: Hydreigon\n|\n|upkeep\n|\n|t:|1733853649\n|switch|p1a: Iron Valiant|Iron Valiant, L78|244/244\n|turn|8\n|inactive|KenintheKlouds has 120 seconds left.\n|\n|t:|1733853681\n|move|p2a: Ditto|Energy Ball|p1a: Iron Valiant\n|-damage|p1a: Iron Valiant|0 fnt\n|faint|p1a: Iron Valiant\n|-end|p1a: Iron Valiant|Quark Drive|[silent]\n|\n|upkeep\n|\n|t:|1733853692\n|switch|p1a: Forretress|Forretress, L84, M|263/263\n|turn|9\n|\n|t:|1733853700\n|move|p2a: Ditto|Energy Ball|p1a: Forretress\n|-resisted|p1a: Forretress\n|-damage|p1a: Forretress|178/263\n|move|p1a: Forretress|Body Press|p2a: Ditto\n|-damage|p2a: Ditto|25/225\n|\n|-heal|p1a: Forretress|194/263|[from] item: Leftovers\n|upkeep\n|turn|10\n|inactive|KenintheKlouds has 120 seconds left.\n|\n|t:|1733853722\n|switch|p2a: Mesprit|Mesprit, L85|275/275\n|move|p1a: Forretress|Rapid Spin|p2a: Mesprit\n|-damage|p2a: Mesprit|246/275\n|-boost|p1a: Forretress|spe|1\n|\n|-heal|p2a: Mesprit|263/275|[from] item: Leftovers\n|-heal|p1a: Forretress|210/263|[from] item: Leftovers\n|upkeep\n|turn|11\n|inactive|KenintheKlouds has 120 seconds left.\n|\n|t:|1733853740\n|switch|p1a: Ting-Lu|Ting-Lu, L78|370/370\n|-ability|p1a: Ting-Lu|Vessel of Ruin\n|move|p2a: Mesprit|Encore||[still]\n|-fail|p2a: Mesprit\n|\n|-heal|p2a: Mesprit|275/275|[from] item: Leftovers\n|upkeep\n|turn|12\n|inactive|KenintheKlouds has 120 seconds left.\n|\n|t:|1733853752\n|move|p2a: Mesprit|U-turn|p1a: Ting-Lu\n|-supereffective|p1a: Ting-Lu\n|-damage|p1a: Ting-Lu|288/370\n|\n|t:|1733853758\n|switch|p2a: Breloom|Breloom, L82, M|233/233|[from] U-turn\n|move|p1a: Ting-Lu|Throat Chop|p2a: Breloom\n|-resisted|p2a: Breloom\n|-damage|p2a: Breloom|191/233\n|-start|p2a: Breloom|Throat Chop|[silent]\n|\n|-heal|p1a: Ting-Lu|311/370|[from] item: Leftovers\n|upkeep\n|turn|13\n|inactive|KenintheKlouds has 120 seconds left.\n|inactive|HermanoDeJirenEl has 120 seconds left.\n|\n|t:|1733853790\n|switch|p1a: Forretress|Forretress, L84, M|210/263\n|move|p2a: Breloom|Swords Dance|p2a: Breloom\n|-boost|p2a: Breloom|atk|2\n|\n|-heal|p1a: Forretress|226/263|[from] item: Leftovers\n|-end|p2a: Breloom|Throat Chop|[silent]\n|upkeep\n|turn|14\n|inactive|KenintheKlouds has 120 seconds left.\n|\n|t:|1733853800\n|move|p2a: Breloom|Mach Punch|p1a: Forretress\n|-damage|p1a: Forretress|100/263\n|-damage|p2a: Breloom|168/233|[from] item: Life Orb\n|move|p1a: Forretress|Body Press|p2a: Breloom\n|-damage|p2a: Breloom|79/233\n|\n|-heal|p1a: Forretress|116/263|[from] item: Leftovers\n|upkeep\n|turn|15\n|inactive|KenintheKlouds has 120 seconds left.\n|\n|t:|1733853812\n|move|p2a: Breloom|Mach Punch|p1a: Forretress\n|-damage|p1a: Forretress|0 fnt\n|faint|p1a: Forretress\n|-damage|p2a: Breloom|56/233|[from] item: Life Orb\n|\n|upkeep\n|\n|t:|1733853817\n|switch|p1a: Dugtrio|Dugtrio-Alola, L84, F|196/196\n|turn|16\n|inactive|KenintheKlouds has 120 seconds left.\n|\n|t:|1733853829\n|move|p2a: Breloom|Mach Punch|p1a: Dugtrio\n|-supereffective|p1a: Dugtrio\n|-damage|p1a: Dugtrio|0 fnt\n|-ability|p1a: Dugtrio|Tangling Hair\n|-unboost|p2a: Breloom|spe|1\n|faint|p1a: Dugtrio\n|-damage|p2a: Breloom|33/233|[from] item: Life Orb\n|\n|upkeep\n|\n|t:|1733853837\n|switch|p1a: Ting-Lu|Ting-Lu, L78|311/370\n|-ability|p1a: Ting-Lu|Vessel of Ruin\n|turn|17\n|\n|t:|1733853843\n|move|p2a: Breloom|Mach Punch|p1a: Ting-Lu\n|-supereffective|p1a: Ting-Lu\n|-damage|p1a: Ting-Lu|0 fnt\n|faint|p1a: Ting-Lu\n|-damage|p2a: Breloom|10/233|[from] item: Life Orb\n|\n|win|KenintheKlouds\n|raw|HermanoDeJirenEl's rating: 1373 &rarr; <strong>1351</strong><br />(-22 for losing)\n|raw|KenintheKlouds's rating: 1331 &rarr; <strong>1353</strong><br />(+22 for winning)\n", "inputlog": ">version bfd83cad13791eb5a5a409923076391caf6fb4d4\n>start {\"formatid\":\"gen9randombattle\",\"seed\":[21500,47772,14316,14904],\"rated\":\"Rated battle\"}\n>player p1 {\"name\":\"HermanoDeJirenEl\",\"avatar\":\"1\",\"rating\":1373,\"seed\":[64009,8074,1235,12045]}\n>player p2 {\"name\":\"KenintheKlouds\",\"avatar\":\"n\",\"rating\":1331,\"seed\":[11551,52211,13586,40105]}\n>p1 move tailglow\n>p2 move calmmind\n>p1 move tailglow\n>p2 move calmmind\n>p1 move energyball\n>p2 move calmmind\n>p1 move energyball\n>p2 move rest\n>p2 switch 3\n>p1 move energyball\n>p2 move energyball\n>p1 switch 4\n>p1 move darkpulse\n>p2 move energyball\n>p1 move darkpulse\n>p2 move energyball\n>p1 switch 6\n>p1 move closecombat\n>p2 move energyball\n>p1 switch 2\n>p1 move bodypress\n>p2 move energyball\n>p1 move rapidspin\n>p2 switch 6\n>p1 switch 5\n>p2 move encore\n>p1 move throatchop\n>p2 move uturn\n>p2 switch 4\n>p1 switch 5\n>p2 move swordsdance\n>p1 move bodypress\n>p2 move machpunch\n>p1 move bodypress\n>p2 move machpunch\n>p1 switch 3\n>p1 move ironhead\n>p2 move machpunch\n>p1 switch 5\n>p1 move throatchop\n>p2 move machpunch", "uploadtime": 1733853849, "views": 3, "formatid": "gen9randombattle", "rating": 1351, "private": 0, "password": null}