{"id": "gen9randombattle-2259801508", "format": "[Gen 9] Random Battle", "players": ["alphapackleader1", "Chosen Chungus"], "log": "|j|\u2606alphapackleader1\n|j|\u2606Chosen Chungus\n|t:|1733768105\n|gametype|singles\n|player|p1|alphapackleader1|169|1298\n|player|p2|Chosen Chungus|102|1250\n|teamsize|p1|6\n|teamsize|p2|6\n|gen|9\n|tier|[Gen 9] Random Battle\n|rated|\n|rule|Species Clause: Limit one of each Pok\u00e9mon\n|rule|HP Percentage Mod: HP is shown in percentages\n|rule|Sleep Clause Mod: Limit one foe put to sleep\n|rule|Illusion Level Mod: Illusion disguises the Pok\u00e9mon's true level\n|\n|t:|1733768105\n|start\n|switch|p1a: Galvantula|Galvantula, L82, F|249/249\n|switch|p2a: Exeggutor|Exeggutor-Alola, L89, F|314/314\n|-item|p1a: Galvantula|Focus Sash|[from] ability: Frisk|[of] p2a: Exeggutor\n|turn|1\n|\n|t:|1733768115\n|move|p1a: Galvantula|Bug Buzz|p2a: Exeggutor\n|-supereffective|p2a: Exeggutor\n|-damage|p2a: Exeggutor|114/314\n|move|p2a: Exeggutor|Flamethrower|p1a: Galvantula\n|-supereffective|p1a: Galvantula\n|-enditem|p1a: Galvantula|Focus Sash\n|-damage|p1a: Galvantula|1/249\n|\n|upkeep\n|turn|2\n|\n|t:|1733768132\n|move|p1a: Galvantula|Bug Buzz|p2a: Exeggutor\n|-supereffective|p2a: Exeggutor\n|-damage|p2a: Exeggutor|0 fnt\n|faint|p2a: Exeggutor\n|\n|upkeep\n|\n|t:|1733768136\n|switch|p2a: Rillaboom|Rillaboom, L79, F|288/288\n|-fieldstart|move: Grassy Terrain|[from] ability: Grassy Surge|[of] p2a: Rillaboom\n|turn|3\n|\n|t:|1733768143\n|move|p2a: Rillaboom|Grassy Glide|p1a: Galvantula\n|-resisted|p1a: Galvantula\n|-damage|p1a: Galvantula|0 fnt\n|faint|p1a: Galvantula\n|\n|upkeep\n|\n|t:|1733768153\n|switch|p1a: Articuno|Articuno, L86|295/295\n|-ability|p1a: Articuno|Pressure\n|turn|4\n|\n|t:|1733768182\n|switch|p2a: Dusknoir|Dusknoir, L89, M|225/225\n|-item|p1a: Articuno|Heavy-Duty Boots|[from] ability: Frisk|[of] p2a: Dusknoir\n|move|p1a: Articuno|Brave Bird|p2a: Dusknoir\n|-damage|p2a: Dusknoir|137/225\n|-damage|p1a: Articuno|266/295|[from] Recoil\n|\n|-heal|p2a: Dusknoir|151/225|[from] Grassy Terrain\n|-heal|p2a: Dusknoir|165/225|[from] item: Leftovers\n|upkeep\n|turn|5\n|\n|t:|1733768208\n|switch|p1a: Conkeldurr|Conkeldurr, L80, M|299/299\n|move|p2a: Dusknoir|Poltergeist|p1a: Conkeldurr\n|-activate|p1a: Conkeldurr|move: Poltergeist|Flame Orb\n|-damage|p1a: Conkeldurr|173/299\n|\n|-heal|p2a: Dusknoir|179/225|[from] Grassy Terrain\n|-heal|p2a: Dusknoir|193/225|[from] item: Leftovers\n|-heal|p1a: Conkeldurr|191/299|[from] Grassy Terrain\n|-status|p1a: Conkeldurr|brn|[from] item: Flame Orb\n|upkeep\n|turn|6\n|\n|t:|1733768220\n|switch|p2a: Tauros|Tauros-Paldea-Combat, L82, M|257/257\n|-ability|p2a: Tauros|Intimidate|boost\n|-unboost|p1a: Conkeldurr|atk|1\n|move|p1a: Conkeldurr|Knock Off|p2a: Tauros\n|-resisted|p2a: Tauros\n|-damage|p2a: Tauros|217/257\n|-enditem|p2a: Tauros|Choice Band|[from] move: Knock Off|[of] p1a: Conkeldurr\n|\n|-heal|p2a: Tauros|233/257|[from] Grassy Terrain\n|-heal|p1a: Conkeldurr|209/299 brn|[from] Grassy Terrain\n|-damage|p1a: Conkeldurr|191/299 brn|[from] brn\n|upkeep\n|turn|7\n|\n|t:|1733768228\n|move|p2a: Tauros|Close Combat|p1a: Conkeldurr\n|-damage|p1a: Conkeldurr|70/299 brn\n|-unboost|p2a: Tauros|def|1\n|-unboost|p2a: Tauros|spd|1\n|move|p1a: Conkeldurr|Facade|p2a: Tauros\n|-damage|p2a: Tauros|66/257\n|\n|-heal|p2a: Tauros|82/257|[from] Grassy Terrain\n|-heal|p1a: Conkeldurr|88/299 brn|[from] Grassy Terrain\n|-damage|p1a: Conkeldurr|70/299 brn|[from] brn\n|-fieldend|move: Grassy Terrain\n|upkeep\n|turn|8\n|\n|t:|1733768236\n|move|p1a: Conkeldurr|Mach Punch|p2a: Tauros\n|-damage|p2a: Tauros|13/257\n|move|p2a: Tauros|Close Combat|p1a: Conkeldurr\n|-damage|p1a: Conkeldurr|0 fnt\n|-unboost|p2a: Tauros|def|1\n|-unboost|p2a: Tauros|spd|1\n|faint|p1a: Conkeldurr\n|\n|upkeep\n|\n|t:|1733768246\n|switch|p1a: Articuno|Articuno, L86|266/295\n|-ability|p1a: Articuno|Pressure\n|turn|9\n|\n|t:|1733768250\n|move|p2a: Tauros|Stone Edge|p1a: Articuno|[miss]\n|-miss|p2a: Tauros|p1a: Articuno\n|move|p1a: Articuno|Freeze-Dry|p2a: Tauros\n|-damage|p2a: Tauros|0 fnt\n|faint|p2a: Tauros\n|\n|upkeep\n|\n|t:|1733768253\n|switch|p2a: Minior|Minior-Yellow, L79|224/224\n|-formechange|p2a: Minior|Minior-Meteor||[from] ability: Shields Down\n|turn|10\n|\n|t:|1733768257\n|move|p1a: Articuno|Freeze-Dry|p2a: Minior\n|-supereffective|p2a: Minior\n|-damage|p2a: Minior|86/224\n|move|p2a: Minior|Shell Smash|p2a: Minior\n|-unboost|p2a: Minior|def|1\n|-unboost|p2a: Minior|spd|1\n|-boost|p2a: Minior|atk|2\n|-boost|p2a: Minior|spa|2\n|-boost|p2a: Minior|spe|2\n|-enditem|p2a: Minior|White Herb\n|-clearnegativeboost|p2a: Minior|[silent]\n|\n|-formechange|p2a: Minior|Minior-Yellow||[from] ability: Shields Down\n|upkeep\n|turn|11\n|\n|t:|1733768261\n|move|p2a: Minior|Power Gem|p1a: Articuno\n|-supereffective|p1a: Articuno\n|-damage|p1a: Articuno|0 fnt\n|faint|p1a: Articuno\n|\n|upkeep\n|\n|t:|1733768269\n|switch|p1a: Palkia|Palkia-Origin, L72|249/249\n|-ability|p1a: Palkia|Pressure\n|turn|12\n|\n|t:|1733768279\n|move|p2a: Minior|Acrobatics|p1a: Palkia\n|-damage|p1a: Palkia|45/249\n|move|p1a: Palkia|Fire Blast|p2a: Minior\n|-resisted|p2a: Minior\n|-damage|p2a: Minior|34/224\n|\n|upkeep\n|turn|13\n|\n|t:|1733768291\n|switch|p1a: Klawf|Klawf, L90, M|272/272\n|move|p2a: Minior|Acrobatics|p1a: Klawf\n|-resisted|p1a: Klawf\n|-damage|p1a: Klawf|199/272\n|\n|upkeep\n|turn|14\n|\n|t:|1733768297\n|move|p2a: Minior|Earthquake|p1a: Klawf\n|-supereffective|p1a: Klawf\n|-damage|p1a: Klawf|5/272\n|-ability|p1a: Klawf|Anger Shell|boost\n|-boost|p1a: Klawf|atk|1\n|-boost|p1a: Klawf|spa|1\n|-boost|p1a: Klawf|spe|1\n|-unboost|p1a: Klawf|def|1\n|-unboost|p1a: Klawf|spd|1\n|-enditem|p1a: Klawf|Sitrus Berry|[eat]\n|-heal|p1a: Klawf|73/272|[from] item: Sitrus Berry\n|move|p1a: Klawf|Swords Dance|p1a: Klawf\n|-boost|p1a: Klawf|atk|2\n|\n|upkeep\n|turn|15\n|\n|t:|1733768302\n|move|p2a: Minior|Earthquake|p1a: Klawf\n|-supereffective|p1a: Klawf\n|-damage|p1a: Klawf|0 fnt\n|faint|p1a: Klawf\n|\n|upkeep\n|\n|t:|1733768305\n|switch|p1a: Sawsbuck|Sawsbuck-Winter, L88, M|284/284\n|turn|16\n|\n|t:|1733768311\n|move|p2a: Minior|Acrobatics|p1a: Sawsbuck\n|-supereffective|p1a: Sawsbuck\n|-damage|p1a: Sawsbuck|0 fnt\n|faint|p1a: Sawsbuck\n|\n|upkeep\n|\n|t:|1733768315\n|switch|p1a: Palkia|Palkia-Origin, L72|45/249\n|-ability|p1a: Palkia|Pressure\n|turn|17\n|-message|alphapackleader1 forfeited.\n|\n|win|Chosen Chungus\n|raw|alphapackleader1's rating: 1298 &rarr; <strong>1270</strong><br />(-28 for losing)\n|raw|Chosen Chungus's rating: 1250 &rarr; <strong>1278</strong><br />(+28 for winning)\n|l|\u2606alphapackleader1\n|player|p1|\n", "inputlog": ">version bfd83cad13791eb5a5a409923076391caf6fb4d4\n>start {\"formatid\":\"gen9randombattle\",\"seed\":[4791,35613,32958,19598],\"rated\":\"Rated battle\"}\n>player p1 {\"name\":\"alphapackleader1\",\"avatar\":\"169\",\"rating\":1298,\"seed\":[17029,15450,39075,51856]}\n>player p2 {\"name\":\"Chosen Chungus\",\"avatar\":\"102\",\"rating\":1250,\"seed\":[55351,38222,16210,48309]}\n>p1 move bugbuzz\n>p2 move flamethrower\n>p1 move bugbuzz\n>p2 move flamethrower\n>p2 switch 5\n>p1 move bugbuzz\n>p2 move grassyglide\n>p1 switch 4\n>p1 move bravebird\n>p2 switch 4\n>p1 switch 6\n>p2 move poltergeist\n>p1 move knockoff\n>p2 switch 2\n>p1 move facade\n>p2 move closecombat\n>p1 move machpunch\n>p2 move closecombat\n>p1 switch 6\n>p1 move freezedry\n>p2 move stoneedge\n>p2 switch 6\n>p1 move freezedry\n>p2 move shellsmash\n>p1 move freezedry\n>p2 move powergem\n>p1 switch 2\n>p1 move fireblast\n>p2 move acrobatics\n>p1 switch 3\n>p2 move acrobatics\n>p1 move swordsdance\n>p2 move earthquake\n>p1 move crabhammer\n>p2 move earthquake\n>p1 switch 5\n>p1 move hornleech\n>p2 move acrobatics\n>p1 switch 3\n>forcelose p1", "uploadtime": 1733768324, "views": 1, "formatid": "gen9randombattle", "rating": 1270, "private": 0, "password": null}