{"id": "gen9randombattle-2260796774", "format": "[Gen 9] Random Battle", "players": ["ufigwfhiwfbwo", "Doskskakal"], "log": "|j|\u2606ufigwfhiwfbwo\n|j|\u2606Doskskakal\n|t:|1733893626\n|gametype|singles\n|player|p1|ufigwfhiwfbwo|1|\n|player|p2|Doskskakal|2|\n|teamsize|p1|6\n|teamsize|p2|6\n|gen|9\n|tier|[Gen 9] Random Battle\n|rule|Species Clause: Limit one of each Pok\u00e9mon\n|rule|HP Percentage Mod: HP is shown in percentages\n|rule|Sleep Clause Mod: Limit one foe put to sleep\n|rule|Illusion Level Mod: Illusion disguises the Pok\u00e9mon's true level\n|\n|t:|1733893626\n|start\n|switch|p1a: Gurdurr|Gurdurr, L85, M|283/283\n|switch|p2a: Venomoth|Venomoth, L84, M|255/255\n|turn|1\n|inactive|Battle timer is ON: inactive players will automatically lose when time's up. (requested by Doskskakal)\n|\n|t:|1733893630\n|switch|p1a: Garganacl|Garganacl, L80, M|291/291\n|move|p2a: Venomoth|Quiver Dance|p2a: Venomoth\n|-boost|p2a: Venomoth|spa|1\n|-boost|p2a: Venomoth|spd|1\n|-boost|p2a: Venomoth|spe|1\n|\n|upkeep\n|turn|2\n|inactive|Doskskakal has 270 seconds left.\n|\n|t:|1733893672\n|-terastallize|p2a: Venomoth|Steel\n|move|p2a: Venomoth|Quiver Dance|p2a: Venomoth\n|-boost|p2a: Venomoth|spa|1\n|-boost|p2a: Venomoth|spd|1\n|-boost|p2a: Venomoth|spe|1\n|move|p1a: Garganacl|Salt Cure|p2a: Venomoth\n|-resisted|p2a: Venomoth\n|-damage|p2a: Venomoth|231/255\n|-start|p2a: Venomoth|Salt Cure\n|\n|-damage|p2a: Venomoth|168/255|[from] Salt Cure\n|upkeep\n|turn|3\n|\n|t:|1733893697\n|move|p2a: Venomoth|Sludge Wave|p1a: Garganacl\n|-resisted|p1a: Garganacl\n|-damage|p1a: Garganacl|93/291\n|move|p1a: Garganacl|Body Press|p2a: Venomoth\n|-supereffective|p2a: Venomoth\n|-damage|p2a: Venomoth|0 fnt\n|faint|p2a: Venomoth\n|\n|-heal|p1a: Garganacl|111/291|[from] item: Leftovers\n|upkeep\n|inactive|Doskskakal has 270 seconds left.\n|\n|t:|1733893708\n|switch|p2a: Tentacruel|Tentacruel, L84, F|272/272\n|turn|4\n|inactive|ufigwfhiwfbwo has 270 seconds left.\n|\n|t:|1733893728\n|switch|p1a: Luxray|Luxray, L88, F|284/284\n|-ability|p1a: Luxray|Intimidate|boost\n|-unboost|p2a: Tentacruel|atk|1\n|move|p2a: Tentacruel|Surf|p1a: Luxray\n|-damage|p1a: Luxray|226/284\n|\n|upkeep\n|turn|5\n|\n|t:|1733893738\n|move|p2a: Tentacruel|Toxic|p1a: Luxray\n|-status|p1a: Luxray|tox\n|move|p1a: Luxray|Wild Charge|p2a: Tentacruel\n|-supereffective|p2a: Tentacruel\n|-damage|p2a: Tentacruel|0 fnt\n|faint|p2a: Tentacruel\n|-damage|p1a: Luxray|158/284 tox|[from] Recoil\n|\n|-damage|p1a: Luxray|141/284 tox|[from] psn\n|upkeep\n|\n|t:|1733893740\n|switch|p2a: Furret|Furret, L94, F|312/312\n|-item|p1a: Luxray|Assault Vest|[from] ability: Frisk|[of] p2a: Furret\n|turn|6\n|\n|t:|1733893745\n|move|p2a: Furret|U-turn|p1a: Luxray\n|-damage|p1a: Luxray|60/284 tox\n|\n|t:|1733893759\n|switch|p2a: Armarouge|Armarouge, L80, F|267/267|[from] U-turn\n|move|p1a: Luxray|Wild Charge|p2a: Armarouge\n|-damage|p2a: Armarouge|152/267\n|-ability|p2a: Armarouge|Weak Armor|boost\n|-unboost|p2a: Armarouge|def|1\n|-boost|p2a: Armarouge|spe|2\n|-damage|p1a: Luxray|31/284 tox|[from] Recoil\n|\n|-damage|p1a: Luxray|0 fnt|[from] psn\n|faint|p1a: Luxray\n|upkeep\n|\n|t:|1733893768\n|switch|p1a: Flutter Mane|Flutter Mane, L74|203/203\n|turn|7\n|\n|t:|1733893785\n|move|p2a: Armarouge|Armor Cannon|p1a: Flutter Mane\n|-damage|p1a: Flutter Mane|20/203\n|-unboost|p2a: Armarouge|def|1\n|-unboost|p2a: Armarouge|spd|1\n|move|p1a: Flutter Mane|Shadow Ball|p2a: Armarouge\n|-supereffective|p2a: Armarouge\n|-damage|p2a: Armarouge|0 fnt\n|faint|p2a: Armarouge\n|\n|upkeep\n|\n|t:|1733893788\n|switch|p2a: Furret|Furret, L94, F|312/312\n|-item|p1a: Flutter Mane|Choice Specs|[from] ability: Frisk|[of] p2a: Furret\n|turn|8\n|\n|t:|1733893801\n|-end|p1a: Flutter Mane|Protosynthesis|[silent]\n|switch|p1a: Alcremie|Alcremie-Rainbow-Swirl, L90, F|263/263\n|move|p2a: Furret|Knock Off|p1a: Alcremie\n|-resisted|p1a: Alcremie\n|-damage|p1a: Alcremie|204/263\n|-enditem|p1a: Alcremie|Leftovers|[from] move: Knock Off|[of] p2a: Furret\n|\n|upkeep\n|turn|9\n|\n|t:|1733893819\n|move|p2a: Furret|Knock Off|p1a: Alcremie\n|-resisted|p1a: Alcremie\n|-damage|p1a: Alcremie|168/263\n|move|p1a: Alcremie|Alluring Voice|p2a: Furret\n|-damage|p2a: Furret|174/312\n|\n|upkeep\n|turn|10\n|l|\u2606Doskskakal\n|inactive|Doskskakal disconnected and has 300 seconds to reconnect!\n|player|p2|\n|\n|t:|1733893838\n|switch|p2a: Necrozma|Necrozma-Dawn-Wings, L76|272/272\n|move|p1a: Alcremie|Alluring Voice|p2a: Necrozma\n|-damage|p2a: Necrozma|184/272\n|\n|-heal|p2a: Necrozma|201/272|[from] item: Leftovers\n|upkeep\n|turn|11\n|c|\u2606ufigwfhiwfbwo|u really suck ass without a pokemon with no counters...\n|c|\u2606ufigwfhiwfbwo|lmfao\n|inactive|Doskskakal has 270 seconds to reconnect!\n|inactive|Doskskakal has 240 seconds to reconnect!\n|inactive|Doskskakal has 210 seconds to reconnect!\n|inactive|Doskskakal has 180 seconds to reconnect!\n|inactive|Doskskakal has 150 seconds to reconnect!\n|inactive|Doskskakal has 120 seconds to reconnect!\n|inactive|Doskskakal has 90 seconds to reconnect!\n|inactive|Doskskakal has 60 seconds to reconnect!\n|inactive|Doskskakal has 30 seconds to reconnect!\n|inactive|Doskskakal has 20 seconds to reconnect!\n|inactive|Doskskakal has 15 seconds to reconnect!\n|inactive|Doskskakal has 10 seconds to reconnect!\n|inactive|Doskskakal has 5 seconds to reconnect!\n|-message|Doskskakal lost due to inactivity.\n|\n|win|ufigwfhiwfbwo\n", "inputlog": ">version bfd83cad13791eb5a5a409923076391caf6fb4d4\n>start {\"formatid\":\"gen9randombattle\",\"seed\":[54096,4561,35558,24511]}\n>player p1 {\"name\":\"ufigwfhiwfbwo\",\"avatar\":\"1\",\"rating\":0,\"seed\":[47818,13698,51319,5745]}\n>player p2 {\"name\":\"Doskskakal\",\"avatar\":\"2\",\"rating\":0,\"seed\":[51675,50905,57653,31827]}\n>p1 switch 3\n>p2 move quiverdance\n>p1 move saltcure\n>p2 move quiverdance terastallize\n>p1 move bodypress\n>p2 move sludgewave\n>p2 switch 2\n>p1 switch 2\n>p2 move surf\n>p1 move wildcharge\n>p2 move toxic\n>p2 switch 3\n>p1 move wildcharge\n>p2 move uturn\n>p2 switch 5\n>p1 switch 6\n>p1 move shadowball\n>p2 move armorcannon\n>p2 switch 5\n>p1 switch 5\n>p2 move knockoff\n>p1 move alluringvoice\n>p2 move knockoff\n>p1 move alluringvoice\n>p2 switch 4\n>chat \u2606ufigwfhiwfbwo|u really suck ass without a pokemon with no counters...\n>chat \u2606ufigwfhiwfbwo|lmfao\n>forcelose p2", "uploadtime": 1733894223, "views": 1, "formatid": "gen9randombattle", "rating": null, "private": 0, "password": null}