{"id": "gen9randombattle-2259815073", "format": "[Gen 9] Random Battle", "players": ["stevenhawktuah123", "aejeajeaje"], "log": "|j|\u2606stevenhawktuah123\n|j|\u2606aejeajeaje\n|t:|1733769413\n|gametype|singles\n|player|p1|stevenhawktuah123|102|1123\n|player|p2|aejeajeaje|2|1097\n|teamsize|p1|6\n|teamsize|p2|6\n|gen|9\n|tier|[Gen 9] Random Battle\n|rated|\n|rule|Species Clause: Limit one of each Pok\u00e9mon\n|rule|HP Percentage Mod: HP is shown in percentages\n|rule|Sleep Clause Mod: Limit one foe put to sleep\n|rule|Illusion Level Mod: Illusion disguises the Pok\u00e9mon's true level\n|\n|t:|1733769413\n|start\n|switch|p1a: Ludicolo|Ludicolo, L90, F|290/290\n|switch|p2a: Flygon|Flygon, L82, F|265/265\n|turn|1\n|\n|t:|1733769435\n|move|p2a: Flygon|U-turn|p1a: Ludicolo\n|-supereffective|p1a: Ludicolo\n|-damage|p1a: Ludicolo|126/290\n|\n|t:|1733769451\n|switch|p2a: Tinkaton|Tinkaton, L82, F|274/274|[from] U-turn\n|-ability|p2a: Tinkaton|Mold Breaker\n|move|p1a: Ludicolo|Giga Drain|p2a: Tinkaton\n|-resisted|p2a: Tinkaton\n|-damage|p2a: Tinkaton|211/274\n|-heal|p1a: Ludicolo|158/290|[from] drain|[of] p2a: Tinkaton\n|\n|upkeep\n|turn|2\n|inactive|Battle timer is ON: inactive players will automatically lose when time's up. (requested by stevenhawktuah123)\n|\n|t:|1733769464\n|move|p2a: Tinkaton|Swords Dance|p2a: Tinkaton\n|-boost|p2a: Tinkaton|atk|2\n|move|p1a: Ludicolo|Giga Drain|p2a: Tinkaton\n|-resisted|p2a: Tinkaton\n|-damage|p2a: Tinkaton|156/274\n|-heal|p1a: Ludicolo|186/290|[from] drain|[of] p2a: Tinkaton\n|\n|upkeep\n|turn|3\n|\n|t:|1733769470\n|move|p2a: Tinkaton|Gigaton Hammer|p1a: Ludicolo\n|-resisted|p1a: Ludicolo\n|-damage|p1a: Ludicolo|9/290\n|-damage|p2a: Tinkaton|129/274|[from] item: Life Orb\n|move|p1a: Ludicolo|Giga Drain|p2a: Tinkaton\n|-resisted|p2a: Tinkaton\n|-damage|p2a: Tinkaton|75/274\n|-heal|p1a: Ludicolo|36/290|[from] drain|[of] p2a: Tinkaton\n|\n|upkeep\n|turn|4\n|\n|t:|1733769479\n|move|p2a: Tinkaton|Knock Off|p1a: Ludicolo\n|-damage|p1a: Ludicolo|0 fnt\n|-enditem|p1a: Ludicolo|Choice Specs|[from] move: Knock Off|[of] p2a: Tinkaton\n|faint|p1a: Ludicolo\n|-damage|p2a: Tinkaton|48/274|[from] item: Life Orb\n|\n|upkeep\n|\n|t:|1733769491\n|switch|p1a: Grimmsnarl|Grimmsnarl, L83, M|293/293\n|turn|5\n|\n|t:|1733769507\n|move|p1a: Grimmsnarl|Sucker Punch|p2a: Tinkaton\n|-resisted|p2a: Tinkaton\n|-damage|p2a: Tinkaton|2/274\n|move|p2a: Tinkaton|Gigaton Hammer|p1a: Grimmsnarl\n|-supereffective|p1a: Grimmsnarl\n|-damage|p1a: Grimmsnarl|0 fnt\n|faint|p1a: Grimmsnarl\n|-damage|p2a: Tinkaton|0 fnt|[from] item: Life Orb\n|faint|p2a: Tinkaton\n|\n|upkeep\n|\n|t:|1733769522\n|switch|p2a: Flygon|Flygon, L82, F|265/265\n|switch|p1a: Cetitan|Cetitan, L82, F|412/412\n|turn|6\n|inactive|stevenhawktuah123 has 120 seconds left.\n|\n|t:|1733769552\n|move|p1a: Cetitan|Ice Shard|p2a: Flygon\n|-supereffective|p2a: Flygon\n|-damage|p2a: Flygon|69/265\n|move|p2a: Flygon|Stone Edge|p1a: Cetitan\n|-supereffective|p1a: Cetitan\n|-damage|p1a: Cetitan|134/412\n|-enditem|p1a: Cetitan|Sitrus Berry|[eat]\n|-heal|p1a: Cetitan|237/412|[from] item: Sitrus Berry\n|\n|upkeep\n|turn|7\n|\n|t:|1733769566\n|switch|p2a: Lunala|Lunala, L70|308/308\n|move|p1a: Cetitan|Ice Shard|p2a: Lunala\n|-damage|p2a: Lunala|280/308\n|\n|-heal|p2a: Lunala|299/308|[from] item: Leftovers\n|upkeep\n|turn|8\n|inactive|stevenhawktuah123 has 120 seconds left.\n|\n|t:|1733769585\n|move|p2a: Lunala|Moongeist Beam|p1a: Cetitan\n|-damage|p1a: Cetitan|101/412\n|move|p1a: Cetitan|Ice Spinner|p2a: Lunala\n|-damage|p2a: Lunala|188/308\n|\n|-heal|p2a: Lunala|207/308|[from] item: Leftovers\n|upkeep\n|turn|9\n|\n|t:|1733769611\n|move|p2a: Lunala|Calm Mind|p2a: Lunala\n|-boost|p2a: Lunala|spa|1\n|-boost|p2a: Lunala|spd|1\n|move|p1a: Cetitan|Ice Spinner|p2a: Lunala\n|-damage|p2a: Lunala|99/308\n|\n|-heal|p2a: Lunala|118/308|[from] item: Leftovers\n|upkeep\n|turn|10\n|\n|t:|1733769621\n|move|p2a: Lunala|Moonlight|p2a: Lunala\n|-heal|p2a: Lunala|272/308\n|move|p1a: Cetitan|Ice Spinner|p2a: Lunala\n|-damage|p2a: Lunala|172/308\n|\n|-heal|p2a: Lunala|191/308|[from] item: Leftovers\n|upkeep\n|turn|11\n|\n|t:|1733769637\n|move|p2a: Lunala|Moonlight|p2a: Lunala\n|-heal|p2a: Lunala|308/308\n|move|p1a: Cetitan|Ice Spinner|p2a: Lunala\n|-damage|p2a: Lunala|259/308\n|\n|-heal|p2a: Lunala|278/308|[from] item: Leftovers\n|upkeep\n|turn|12\n|\n|t:|1733769645\n|move|p2a: Lunala|Moongeist Beam|p1a: Cetitan\n|-damage|p1a: Cetitan|0 fnt\n|faint|p1a: Cetitan\n|\n|-heal|p2a: Lunala|297/308|[from] item: Leftovers\n|upkeep\n|\n|t:|1733769655\n|switch|p1a: Ambipom|Ambipom, L84, M|263/263\n|turn|13\n|\n|t:|1733769668\n|move|p1a: Ambipom|Double-Edge|p2a: Lunala\n|-immune|p2a: Lunala\n|move|p2a: Lunala|Psyshock|p1a: Ambipom\n|-damage|p1a: Ambipom|109/263\n|\n|-heal|p2a: Lunala|308/308|[from] item: Leftovers\n|upkeep\n|turn|14\n|\n|t:|1733769678\n|switch|p1a: Piloswine|Piloswine, L85, M|309/309\n|move|p2a: Lunala|Psyshock|p1a: Piloswine\n|-damage|p1a: Piloswine|227/309\n|\n|upkeep\n|turn|15\n|inactive|stevenhawktuah123 has 120 seconds left.\n|\n|t:|1733769696\n|move|p2a: Lunala|Calm Mind|p2a: Lunala\n|-boost|p2a: Lunala|spa|1\n|-boost|p2a: Lunala|spd|1\n|move|p1a: Piloswine|Roar|p2a: Lunala\n|drag|p2a: Flygon|Flygon, L82, F|69/265\n|\n|upkeep\n|turn|16\n|\n|t:|1733769708\n|move|p2a: Flygon|Outrage|p1a: Piloswine\n|-damage|p1a: Piloswine|95/309\n|move|p1a: Piloswine|Icicle Crash|p2a: Flygon\n|-supereffective|p2a: Flygon\n|-damage|p2a: Flygon|0 fnt\n|faint|p2a: Flygon\n|\n|upkeep\n|\n|t:|1733769717\n|switch|p2a: Rotom|Rotom, L88|231/231\n|turn|17\n|\n|t:|1733769722\n|move|p2a: Rotom|Shadow Ball|p1a: Piloswine\n|-damage|p1a: Piloswine|0 fnt\n|faint|p1a: Piloswine\n|-damage|p2a: Rotom|208/231|[from] item: Life Orb\n|\n|upkeep\n|\n|t:|1733769727\n|switch|p1a: Swampert|Swampert, L83, M|302/302\n|turn|18\n|\n|t:|1733769735\n|move|p2a: Rotom|Will-O-Wisp|p1a: Swampert\n|-status|p1a: Swampert|brn\n|move|p1a: Swampert|Earthquake|p2a: Rotom\n|-immune|p2a: Rotom|[from] ability: Levitate\n|\n|-damage|p1a: Swampert|284/302 brn|[from] brn\n|upkeep\n|turn|19\n|\n|t:|1733769756\n|move|p2a: Rotom|Shadow Ball|p1a: Swampert\n|-damage|p1a: Swampert|174/302 brn\n|-damage|p2a: Rotom|185/231|[from] item: Life Orb\n|move|p1a: Swampert|Yawn|p2a: Rotom\n|-start|p2a: Rotom|move: Yawn|[of] p1a: Swampert\n|\n|-heal|p1a: Swampert|192/302 brn|[from] item: Leftovers\n|-damage|p1a: Swampert|174/302 brn|[from] brn\n|upkeep\n|turn|20\n|\n|t:|1733769770\n|switch|p2a: Lunala|Lunala, L70|308/308\n|move|p1a: Swampert|Knock Off|p2a: Lunala\n|-supereffective|p2a: Lunala\n|-damage|p2a: Lunala|223/308\n|-enditem|p2a: Lunala|Leftovers|[from] move: Knock Off|[of] p1a: Swampert\n|\n|-heal|p1a: Swampert|192/302 brn|[from] item: Leftovers\n|-damage|p1a: Swampert|174/302 brn|[from] brn\n|upkeep\n|turn|21\n|\n|t:|1733769778\n|move|p2a: Lunala|Moongeist Beam|p1a: Swampert\n|-damage|p1a: Swampert|74/302 brn\n|move|p1a: Swampert|Yawn|p2a: Lunala\n|-start|p2a: Lunala|move: Yawn|[of] p1a: Swampert\n|\n|-heal|p1a: Swampert|92/302 brn|[from] item: Leftovers\n|-damage|p1a: Swampert|74/302 brn|[from] brn\n|upkeep\n|turn|22\n|\n|t:|1733769791\n|move|p2a: Lunala|Moongeist Beam|p1a: Swampert\n|-damage|p1a: Swampert|0 fnt\n|faint|p1a: Swampert\n|\n|-end|p2a: Lunala|move: Yawn|[silent]\n|-status|p2a: Lunala|slp\n|upkeep\n|\n|t:|1733769799\n|switch|p1a: Ambipom|Ambipom, L84, M|109/263\n|turn|23\n|\n|t:|1733769809\n|move|p1a: Ambipom|Triple Axel|p2a: Lunala\n|-damage|p2a: Lunala|181/308 slp\n|-damage|p2a: Lunala|103/308 slp\n|-damage|p2a: Lunala|0 fnt\n|faint|p2a: Lunala\n|-hitcount|p2: Lunala|3\n|\n|upkeep\n|\n|t:|1733769822\n|switch|p2a: Diancie|Diancie, L82|216/216\n|turn|24\n|\n|t:|1733769826\n|-terastallize|p2a: Diancie|Fighting\n|move|p1a: Ambipom|Triple Axel|p2a: Diancie|[miss]\n|-miss|p1a: Ambipom|p2a: Diancie\n|move|p2a: Diancie|Body Press|p1a: Ambipom\n|-supereffective|p1a: Ambipom\n|-damage|p1a: Ambipom|0 fnt\n|faint|p1a: Ambipom\n|\n|win|aejeajeaje\n|raw|stevenhawktuah123's rating: 1123 &rarr; <strong>1096</strong><br />(-27 for losing)\n|raw|aejeajeaje's rating: 1092 &rarr; <strong>1121</strong><br />(+29 for winning)\n", "inputlog": ">version bfd83cad13791eb5a5a409923076391caf6fb4d4\n>start {\"formatid\":\"gen9randombattle\",\"seed\":[14267,52583,37095,21310],\"rated\":\"Rated battle\"}\n>player p1 {\"name\":\"stevenhawktuah123\",\"avatar\":\"102\",\"rating\":1123,\"seed\":[38113,9176,27591,35383]}\n>player p2 {\"name\":\"aejeajeaje\",\"avatar\":\"2\",\"rating\":1097,\"seed\":[65243,20983,60898,49027]}\n>p1 move gigadrain\n>p2 move uturn\n>p2 switch 5\n>p1 move gigadrain\n>p2 move swordsdance\n>p1 move gigadrain\n>p2 move gigatonhammer\n>p1 move gigadrain\n>p2 move knockoff\n>p1 switch 4\n>p1 move suckerpunch\n>p2 move gigatonhammer\n>p1 switch 5\n>p2 switch 5\n>p1 move iceshard\n>p2 move stoneedge\n>p1 move iceshard\n>p2 switch 3\n>p1 move icespinner\n>p2 move moongeistbeam\n>p1 move icespinner\n>p2 move calmmind\n>p1 move icespinner\n>p2 move moonlight\n>p1 move icespinner\n>p2 move moonlight\n>p1 move icespinner\n>p2 move moongeistbeam\n>p1 switch 6\n>p1 move doubleedge\n>p2 move psyshock\n>p1 switch 3\n>p2 move psyshock\n>p1 move roar\n>p2 move calmmind\n>p1 move iciclecrash\n>p2 move outrage\n>p2 switch 4\n>p1 move earthquake\n>p2 move shadowball\n>p1 switch 2\n>p1 move earthquake\n>p2 move willowisp\n>p1 move yawn\n>p2 move shadowball\n>p1 move knockoff\n>p2 switch 3\n>p1 move yawn\n>p2 move moongeistbeam\n>p1 move flipturn\n>p2 move moongeistbeam\n>p1 switch 3\n>p1 move tripleaxel\n>p2 move psyshock\n>p2 switch 6\n>p1 move tripleaxel\n>p2 move bodypress terastallize", "uploadtime": 1733769829, "views": 1, "formatid": "gen9randombattle", "rating": 1096, "private": 0, "password": null}