{"id": "gen9randombattle-2197892561", "format": "[Gen 9] Random Battle", "players": ["Aleaniled", "RBLT MDB2"], "log": "|raw|<div class=\"broadcast-blue\"><strong>This battle is required to be public due to a player having a name starting with 'rblt'.</div>\n|j|\u2606Aleaniled\n|j|\u2606RBLT MDB2\n|t:|1725896694\n|gametype|singles\n|player|p1|Aleaniled|marlon|2239\n|player|p2|RBLT MDB2|red|2236\n|teamsize|p1|6\n|teamsize|p2|6\n|gen|9\n|tier|[Gen 9] Random Battle\n|rated|\n|rule|Species Clause: Limit one of each Pok\u00e9mon\n|rule|HP Percentage Mod: HP is shown in percentages\n|rule|Sleep Clause Mod: Limit one foe put to sleep\n|rule|Illusion Level Mod: Illusion disguises the Pok\u00e9mon's true level\n|\n|t:|1725896694\n|start\n|switch|p1a: Enamorus|Enamorus, L79, F|247/247\n|switch|p2a: Chansey|Chansey, L85, F|564/564\n|turn|1\n|\n|t:|1725896712\n|switch|p1a: Blissey|Blissey, L84, F|566/566\n|switch|p2a: Pyroar|Pyroar, L88, F|295/295\n|-ability|p2a: Pyroar|Unnerve\n|\n|upkeep\n|turn|2\n|j| martwand\n|\n|t:|1725896718\n|switch|p2a: Qwilfish|Qwilfish-Hisui, L83, M|244/244\n|-ability|p2a: Qwilfish|Intimidate|boost\n|-unboost|p1a: Blissey|atk|1\n|move|p1a: Blissey|Stealth Rock|p2a: Qwilfish\n|-sidestart|p2: RBLT MDB2|move: Stealth Rock\n|\n|upkeep\n|turn|3\n|j| rblt micaiah\n|\n|t:|1725896734\n|switch|p1a: Klefki|Klefki, L84, F|233/233\n|move|p2a: Qwilfish|Toxic Spikes|p1a: Klefki\n|-sidestart|p1: Aleaniled|move: Toxic Spikes\n|\n|upkeep\n|turn|4\n|j| RBLT Destined\n|\n|t:|1725896746\n|switch|p2a: Pyroar|Pyroar, L88, F|295/295\n|-ability|p2a: Pyroar|Unnerve\n|move|p1a: Klefki|Spikes|p2a: Pyroar\n|-sidestart|p2: RBLT MDB2|Spikes\n|\n|upkeep\n|turn|5\n|\n|t:|1725896767\n|switch|p2a: Qwilfish|Qwilfish-Hisui, L83, M|244/244\n|-damage|p2a: Qwilfish|214/244|[from] Stealth Rock\n|-damage|p2a: Qwilfish|184/244|[from] Spikes\n|-ability|p2a: Qwilfish|Intimidate|boost\n|-unboost|p1a: Klefki|atk|1\n|move|p1a: Klefki|Thunder Wave|p2a: Qwilfish\n|-hint|Since gen 7, Dark is immune to Prankster moves.\n|-immune|p2a: Qwilfish\n|\n|upkeep\n|turn|6\n|\n|t:|1725896794\n|switch|p2a: Pyroar|Pyroar, L88, F|295/295\n|-ability|p2a: Pyroar|Unnerve\n|move|p1a: Klefki|Spikes|p2a: Pyroar\n|-sidestart|p2: RBLT MDB2|Spikes\n|\n|upkeep\n|turn|7\n|\n|t:|1725896797\n|move|p1a: Klefki|Thunder Wave|p2a: Pyroar\n|-status|p2a: Pyroar|par\n|move|p2a: Pyroar|Fire Blast|p1a: Klefki\n|-supereffective|p1a: Klefki\n|-crit|p1a: Klefki\n|-damage|p1a: Klefki|0 fnt\n|faint|p1a: Klefki\n|\n|upkeep\n|\n|t:|1725896807\n|switch|p1a: Enamorus|Enamorus, L79, F|247/247\n|turn|8\n|\n|t:|1725896810\n|move|p1a: Enamorus|Superpower|p2a: Pyroar\n|-supereffective|p2a: Pyroar\n|-damage|p2a: Pyroar|101/295 par\n|-boost|p1a: Enamorus|atk|1\n|-boost|p1a: Enamorus|def|1\n|cant|p2a: Pyroar|par\n|\n|upkeep\n|turn|9\n|\n|t:|1725896826\n|move|p1a: Enamorus|Superpower|p2a: Pyroar\n|-supereffective|p2a: Pyroar\n|-damage|p2a: Pyroar|0 fnt\n|-boost|p1a: Enamorus|atk|1\n|-boost|p1a: Enamorus|def|1\n|faint|p2a: Pyroar\n|\n|upkeep\n|\n|t:|1725896831\n|switch|p2a: Umbreon|Umbreon, L84, F|297/297\n|-damage|p2a: Umbreon|260/297|[from] Stealth Rock\n|-damage|p2a: Umbreon|211/297|[from] Spikes\n|turn|10\n|\n|t:|1725896837\n|-terastallize|p2a: Umbreon|Poison\n|move|p1a: Enamorus|Taunt|p2a: Umbreon\n|-start|p2a: Umbreon|move: Taunt\n|move|p2a: Umbreon|Foul Play|p1a: Enamorus\n|-resisted|p1a: Enamorus\n|-damage|p1a: Enamorus|178/247\n|\n|-heal|p2a: Umbreon|229/297|[from] item: Leftovers\n|upkeep\n|turn|11\n|\n|t:|1725896841\n|move|p1a: Enamorus|Zen Headbutt|p2a: Umbreon\n|-supereffective|p2a: Umbreon\n|-damage|p2a: Umbreon|47/297\n|cant|p2a: Umbreon|flinch\n|\n|-heal|p2a: Umbreon|65/297|[from] item: Leftovers\n|upkeep\n|turn|12\n|-message|RBLT MDB2 forfeited.\n|\n|win|Aleaniled\n|raw|Aleaniled's rating: 2239 &rarr; <strong>2260</strong><br />(+21 for winning)\n|raw|RBLT MDB2's rating: 2257 &rarr; <strong>2236</strong><br />(-21 for losing)\n|l|\u2606RBLT MDB2\n|player|p2|\n|l|\u2606Aleaniled\n|player|p1|\n|l| martwand\n", "inputlog": ">version a7fd1c1c07600285a1536454bc1aca0abecfa22c\n>start {\"formatid\":\"gen9randombattle\",\"seed\":[16514,17782,62065,57209],\"rated\":\"Rated battle\"}\n>player p1 {\"name\":\"Aleaniled\",\"avatar\":\"marlon\",\"rating\":2239,\"seed\":[13337,3189,54029,50105]}\n>player p2 {\"name\":\"RBLT MDB2\",\"avatar\":\"red\",\"rating\":2236,\"seed\":[4529,51615,4366,693]}\n>p1 switch 6\n>p2 switch 5\n>p1 move stealthrock\n>p2 switch 3\n>p1 switch 3\n>p2 move toxicspikes\n>p1 move spikes\n>p2 switch 3\n>p1 move thunderwave\n>p2 switch 3\n>p1 move spikes\n>p2 switch 3\n>p1 move thunderwave\n>p2 move fireblast\n>p1 switch 6\n>p1 move superpower\n>p2 move fireblast\n>p1 move superpower\n>p2 move willowisp\n>p2 switch 2\n>p1 move taunt\n>p2 move foulplay terastallize\n>p1 move zenheadbutt\n>p2 move foulplay\n>forcelose p2", "uploadtime": 1725896924, "views": 103, "formatid": "gen9randombattle", "rating": 2236, "private": 0, "password": null}