{"id": "gen9randombattle-2249544877", "format": "[Gen 9] Random Battle", "players": ["Miss Galaxy Note 7", "Max Schrbr"], "log": "|badge|p1|bronze|gen9randombattle|100-3\n|uhtml|medal-msg|<div class=\"broadcast-blue\">Curious what those medals under the avatar are? PS now has Ladder Seasons! For more information, check out the <a href=\"https://www.smogon.com/forums/threads/3740067/\">thread on Smogon.</a></div>\n|j|\u2606Miss Galaxy Note 7\n|j|\u2606Max Schrbr\n|t:|1732366873\n|gametype|singles\n|player|p1|Miss Galaxy Note 7|caitlin|2337\n|player|p2|Max Schrbr|1|2241\n|teamsize|p1|6\n|teamsize|p2|6\n|gen|9\n|tier|[Gen 9] Random Battle\n|rated|\n|rule|Species Clause: Limit one of each Pok\u00e9mon\n|rule|HP Percentage Mod: HP is shown in percentages\n|rule|Sleep Clause Mod: Limit one foe put to sleep\n|rule|Illusion Level Mod: Illusion disguises the Pok\u00e9mon's true level\n|\n|t:|1732366873\n|start\n|switch|p1a: Goodra|Goodra, L85, M|292/292\n|switch|p2a: Pincurchin|Pincurchin, F|258/258\n|-fieldstart|move: Electric Terrain|[from] ability: Electric Surge|[of] p2a: Pincurchin\n|turn|1\n|inactive|Battle timer is ON: inactive players will automatically lose when time's up. (requested by Max Schrbr)\n|c|\u2606Max Schrbr|gl hf\n|c|\u2606Miss Galaxy Note 7|Have fun !\n|\n|t:|1732366887\n|move|p1a: Goodra|Knock Off|p2a: Pincurchin\n|-crit|p2a: Pincurchin\n|-damage|p2a: Pincurchin|172/258\n|-enditem|p2a: Pincurchin|Leftovers|[from] move: Knock Off|[of] p1a: Goodra\n|move|p2a: Pincurchin|Toxic Spikes|p1a: Goodra\n|-sidestart|p1: Miss Galaxy Note 7|move: Toxic Spikes\n|\n|upkeep\n|turn|2\n|\n|t:|1732366898\n|move|p1a: Goodra|Scald|p2a: Pincurchin\n|-damage|p2a: Pincurchin|119/258\n|move|p2a: Pincurchin|Recover|p2a: Pincurchin\n|-heal|p2a: Pincurchin|248/258\n|\n|upkeep\n|turn|3\n|\n|t:|1732366916\n|switch|p2a: Ampharos|Ampharos, L88, M|302/302\n|move|p1a: Goodra|Scald|p2a: Ampharos\n|-damage|p2a: Ampharos|259/302\n|\n|upkeep\n|turn|4\n|\n|t:|1732366924\n|move|p1a: Goodra|Knock Off|p2a: Ampharos\n|-damage|p2a: Ampharos|181/302\n|-enditem|p2a: Ampharos|Assault Vest|[from] move: Knock Off|[of] p1a: Goodra\n|move|p2a: Ampharos|Discharge|p1a: Goodra\n|-resisted|p1a: Goodra\n|-damage|p1a: Goodra|264/292\n|-status|p1a: Goodra|par\n|\n|upkeep\n|turn|5\n|\n|t:|1732366930\n|move|p2a: Ampharos|Dazzling Gleam|p1a: Goodra\n|-supereffective|p1a: Goodra\n|-crit|p1a: Goodra\n|-damage|p1a: Goodra|166/292 par\n|move|p1a: Goodra|Draco Meteor|p2a: Ampharos\n|-damage|p2a: Ampharos|27/302\n|-unboost|p1a: Goodra|spa|2\n|\n|-fieldend|move: Electric Terrain\n|upkeep\n|turn|6\n|\n|t:|1732366940\n|switch|p1a: Ho-Oh|Ho-Oh, L71|268/268\n|move|p2a: Ampharos|Dazzling Gleam|p1a: Ho-Oh\n|-resisted|p1a: Ho-Oh\n|-damage|p1a: Ho-Oh|239/268\n|\n|upkeep\n|turn|7\n|\n|t:|1732366945\n|switch|p2a: Cramorant|Cramorant, L86, F|261/261\n|move|p1a: Ho-Oh|Earthquake|p2a: Cramorant\n|-immune|p2a: Cramorant\n|\n|upkeep\n|turn|8\n|\n|t:|1732366953\n|move|p2a: Cramorant|Surf|p1a: Ho-Oh\n|-formechange|p2a: Cramorant|Cramorant-Gulping|\n|-supereffective|p1a: Ho-Oh\n|-damage|p1a: Ho-Oh|113/268\n|move|p1a: Ho-Oh|Sacred Fire|p2a: Cramorant\n|-resisted|p2a: Cramorant\n|-damage|p2a: Cramorant|199/261\n|-damage|p1a: Ho-Oh|46/268|[from] ability: Gulp Missile|[of] p2a: Cramorant\n|-unboost|p1a: Ho-Oh|def|1\n|-formechange|p2a: Cramorant|Cramorant|\n|\n|upkeep\n|turn|9\n|\n|t:|1732366960\n|switch|p1a: Goodra|Goodra, L85, M|166/292 par\n|move|p2a: Cramorant|Surf|p1a: Goodra\n|-formechange|p2a: Cramorant|Cramorant-Gulping|\n|-resisted|p1a: Goodra\n|-damage|p1a: Goodra|145/292 par\n|\n|upkeep\n|turn|10\n|\n|t:|1732366979\n|switch|p2a: Ampharos|Ampharos, L88, M|27/302\n|move|p1a: Goodra|Draco Meteor|p2a: Ampharos\n|-damage|p2a: Ampharos|0 fnt\n|-unboost|p1a: Goodra|spa|2\n|faint|p2a: Ampharos\n|\n|upkeep\n|\n|t:|1732366995\n|switch|p2a: Azelf|Azelf, L82|257/257\n|turn|11\n|\n|t:|1732367000\n|move|p2a: Azelf|Nasty Plot|p2a: Azelf\n|-boost|p2a: Azelf|spa|2\n|move|p1a: Goodra|Knock Off|p2a: Azelf\n|-supereffective|p2a: Azelf\n|-damage|p2a: Azelf|95/257\n|-enditem|p2a: Azelf|Life Orb|[from] move: Knock Off|[of] p1a: Goodra\n|\n|upkeep\n|turn|12\n|\n|t:|1732367015\n|move|p2a: Azelf|Psyshock|p1a: Goodra\n|-damage|p1a: Goodra|0 fnt\n|faint|p1a: Goodra\n|\n|upkeep\n|\n|t:|1732367024\n|switch|p1a: Mightyena|Mightyena, L95, F|287/287\n|-status|p1a: Mightyena|psn\n|-ability|p1a: Mightyena|Intimidate|boost\n|-unboost|p2a: Azelf|atk|1\n|turn|13\n|\n|t:|1732367042\n|switch|p2a: Mudsdale|Mudsdale, L84, M|305/305\n|move|p1a: Mightyena|Throat Chop|p2a: Mudsdale\n|-damage|p2a: Mudsdale|206/305\n|-start|p2a: Mudsdale|Throat Chop|[silent]\n|-ability|p2a: Mudsdale|Stamina|boost\n|-boost|p2a: Mudsdale|def|1\n|\n|-damage|p1a: Mightyena|252/287 psn|[from] psn\n|upkeep\n|turn|14\n|\n|t:|1732367053\n|switch|p1a: Ho-Oh|Ho-Oh, L71|135/268\n|move|p2a: Mudsdale|Stone Edge|p1a: Ho-Oh\n|-supereffective|p1a: Ho-Oh\n|-damage|p1a: Ho-Oh|0 fnt\n|faint|p1a: Ho-Oh\n|\n|-end|p2a: Mudsdale|Throat Chop|[silent]\n|upkeep\n|\n|t:|1732367056\n|switch|p1a: Metagross|Metagross, L79|256/256\n|turn|15\n|\n|t:|1732367061\n|switch|p2a: Cramorant|Cramorant, L86, F|199/261\n|move|p1a: Metagross|Stealth Rock|p2a: Cramorant\n|-sidestart|p2: Max Schrbr|move: Stealth Rock\n|\n|upkeep\n|turn|16\n|\n|t:|1732367069\n|move|p2a: Cramorant|Surf|p1a: Metagross\n|-formechange|p2a: Cramorant|Cramorant-Gulping|\n|-damage|p1a: Metagross|159/256\n|move|p1a: Metagross|Psychic Fangs|p2a: Cramorant\n|-damage|p2a: Cramorant|61/261\n|-damage|p1a: Metagross|95/256|[from] ability: Gulp Missile|[of] p2a: Cramorant\n|-fail|p1a: Metagross|unboost|[from] ability: Clear Body|[of] p1a: Metagross\n|-formechange|p2a: Cramorant|Cramorant|\n|\n|-heal|p1a: Metagross|111/256|[from] item: Leftovers\n|upkeep\n|turn|17\n|\n|t:|1732367077\n|move|p2a: Cramorant|Roost|p2a: Cramorant\n|-heal|p2a: Cramorant|192/261\n|-singleturn|p2a: Cramorant|move: Roost\n|move|p1a: Metagross|Psychic Fangs|p2a: Cramorant\n|-damage|p2a: Cramorant|47/261\n|\n|-heal|p1a: Metagross|127/256|[from] item: Leftovers\n|upkeep\n|turn|18\n|\n|t:|1732367085\n|move|p2a: Cramorant|Surf|p1a: Metagross\n|-formechange|p2a: Cramorant|Cramorant-Gorging|\n|-damage|p1a: Metagross|25/256\n|move|p1a: Metagross|Psychic Fangs|p2a: Cramorant\n|-damage|p2a: Cramorant|0 fnt\n|-damage|p1a: Metagross|0 fnt|[from] ability: Gulp Missile|[of] p2a: Cramorant\n|-formechange|p2a: Cramorant|Cramorant|\n|faint|p2a: Cramorant\n|faint|p1a: Metagross\n|\n|upkeep\n|\n|t:|1732367093\n|switch|p2a: Mudsdale|Mudsdale, L84, M|206/305\n|switch|p1a: Medicham|Medicham, L86, M|243/243\n|-status|p1a: Medicham|psn\n|-damage|p2a: Mudsdale|187/305|[from] Stealth Rock\n|turn|19\n|\n|t:|1732367102\n|move|p1a: Medicham|Close Combat|p2a: Mudsdale\n|-damage|p2a: Mudsdale|0 fnt\n|-unboost|p1a: Medicham|def|1\n|-unboost|p1a: Medicham|spd|1\n|faint|p2a: Mudsdale\n|\n|-damage|p1a: Medicham|213/243 psn|[from] psn\n|upkeep\n|\n|t:|1732367125\n|switch|p2a: Azelf|Azelf, L82|95/257\n|-damage|p2a: Azelf|63/257|[from] Stealth Rock\n|turn|20\n|\n|t:|1732367147\n|switch|p1a: Mightyena|Mightyena, L95, F|252/287 psn\n|-ability|p1a: Mightyena|Intimidate|boost\n|-unboost|p2a: Azelf|atk|1\n|move|p2a: Azelf|Thunderbolt|p1a: Mightyena\n|-damage|p1a: Mightyena|198/287 psn\n|\n|-damage|p1a: Mightyena|163/287 psn|[from] psn\n|upkeep\n|turn|21\n|\n|t:|1732367158\n|move|p2a: Azelf|Thunderbolt|p1a: Mightyena\n|-damage|p1a: Mightyena|102/287 psn\n|move|p1a: Mightyena|Throat Chop|p2a: Azelf\n|-supereffective|p2a: Azelf\n|-damage|p2a: Azelf|0 fnt\n|faint|p2a: Azelf\n|\n|-damage|p1a: Mightyena|67/287 psn|[from] psn\n|upkeep\n|\n|t:|1732367161\n|switch|p2a: Haxorus|Haxorus, L77, M|244/244\n|-damage|p2a: Haxorus|214/244|[from] Stealth Rock\n|-ability|p2a: Haxorus|Mold Breaker\n|turn|22\n|\n|t:|1732367189\n|-terastallize|p2a: Haxorus|Steel\n|move|p2a: Haxorus|Dragon Dance|p2a: Haxorus\n|-boost|p2a: Haxorus|atk|1\n|-boost|p2a: Haxorus|spe|1\n|move|p1a: Mightyena|Throat Chop|p2a: Haxorus\n|-damage|p2a: Haxorus|112/244\n|-start|p2a: Haxorus|Throat Chop|[silent]\n|\n|-damage|p1a: Mightyena|32/287 psn|[from] psn\n|upkeep\n|turn|23\n|\n|t:|1732367204\n|move|p1a: Mightyena|Sucker Punch|p2a: Haxorus\n|-damage|p2a: Haxorus|13/244\n|move|p2a: Haxorus|Iron Head|p1a: Mightyena\n|-damage|p1a: Mightyena|0 fnt\n|faint|p1a: Mightyena\n|\n|-end|p2a: Haxorus|Throat Chop|[silent]\n|upkeep\n|inactive|Miss Galaxy Note 7 has 120 seconds left.\n|\n|t:|1732367221\n|switch|p1a: Medicham|Medicham, L86, M|213/243 psn\n|turn|24\n|c|\u2606Max Schrbr|so\n|c|\u2606Max Schrbr|bullet punch is gg\n|c|\u2606Max Schrbr|It was a very nice game\n|\n|t:|1732367235\n|move|p1a: Medicham|Bullet Punch|p2a: Haxorus\n|-resisted|p2a: Haxorus\n|-damage|p2a: Haxorus|0 fnt\n|faint|p2a: Haxorus\n|\n|-damage|p1a: Medicham|183/243 psn|[from] psn\n|upkeep\n|\n|t:|1732367238\n|switch|p2a: Pincurchin|Pincurchin, F|248/258\n|-damage|p2a: Pincurchin|216/258|[from] Stealth Rock\n|-fieldstart|move: Electric Terrain|[from] ability: Electric Surge|[of] p2a: Pincurchin\n|turn|25\n|c|\u2606Miss Galaxy Note 7|Playing around Tspikes was tough\n|\n|t:|1732367251\n|switch|p1a: Ampharos|Ampharos, L88, F|302/302\n|-status|p1a: Ampharos|psn\n|move|p2a: Pincurchin|Thunderbolt|p1a: Ampharos\n|-resisted|p1a: Ampharos\n|-damage|p1a: Ampharos|221/302 psn\n|\n|-damage|p1a: Ampharos|184/302 psn|[from] psn\n|upkeep\n|turn|26\n|\n|t:|1732367261\n|move|p1a: Ampharos|Thunderbolt|p2a: Pincurchin\n|-resisted|p2a: Pincurchin\n|-damage|p2a: Pincurchin|132/258\n|-damage|p1a: Ampharos|154/302 psn|[from] item: Life Orb\n|move|p2a: Pincurchin|Recover|p2a: Pincurchin\n|-heal|p2a: Pincurchin|258/258\n|\n|-damage|p1a: Ampharos|117/302 psn|[from] psn\n|upkeep\n|turn|27\n|\n|t:|1732367266\n|move|p1a: Ampharos|Focus Blast|p2a: Pincurchin\n|-damage|p2a: Pincurchin|148/258\n|-damage|p1a: Ampharos|87/302 psn|[from] item: Life Orb\n|move|p2a: Pincurchin|Recover|p2a: Pincurchin\n|-heal|p2a: Pincurchin|258/258\n|\n|-damage|p1a: Ampharos|50/302 psn|[from] psn\n|upkeep\n|turn|28\n|\n|t:|1732367270\n|move|p1a: Ampharos|Focus Blast|p2a: Pincurchin\n|-damage|p2a: Pincurchin|144/258\n|-damage|p1a: Ampharos|20/302 psn|[from] item: Life Orb\n|move|p2a: Pincurchin|Recover|p2a: Pincurchin\n|-heal|p2a: Pincurchin|258/258\n|\n|-damage|p1a: Ampharos|0 fnt|[from] psn\n|faint|p1a: Ampharos\n|upkeep\n|\n|t:|1732367272\n|switch|p1a: Medicham|Medicham, L86, M|183/243 psn\n|turn|29\n|\n|t:|1732367275\n|-terastallize|p1a: Medicham|Fighting\n|move|p1a: Medicham|Close Combat|p2a: Pincurchin\n|-damage|p2a: Pincurchin|0 fnt\n|-unboost|p1a: Medicham|def|1\n|-unboost|p1a: Medicham|spd|1\n|faint|p2a: Pincurchin\n|\n|win|Miss Galaxy Note 7\n|raw|Miss Galaxy Note 7's rating: 2337 &rarr; <strong>2352</strong><br />(+15 for winning)\n|raw|Max Schrbr's rating: 2241 &rarr; <strong>2226</strong><br />(-15 for losing)\n|c|\u2606Miss Galaxy Note 7|gg\n|c|\u2606Max Schrbr|have a nice day\n|c|\u2606Max Schrbr|gg\n|l|\u2606Max Schrbr\n|player|p2|\n|c|\u2606Miss Galaxy Note 7|u2 !\n", "inputlog": ">version baf9aa68cbe18cf25f290680a08c9ad9c5e3e828\n>start {\"formatid\":\"gen9randombattle\",\"seed\":[44445,8425,25241,28413],\"rated\":\"Rated battle\"}\n>player p1 {\"name\":\"Miss Galaxy Note 7\",\"avatar\":\"caitlin\",\"rating\":2337,\"seed\":[34621,22978,44243,32234]}\n>player p2 {\"name\":\"Max Schrbr\",\"avatar\":\"1\",\"rating\":2241,\"seed\":[61521,44582,43901,17475]}\n>chat \u2606Max Schrbr|gl hf\n>chat \u2606Miss Galaxy Note 7|Have fun !\n>p1 move knockoff\n>p2 move toxicspikes\n>p1 move scald\n>p2 move recover\n>p1 move scald\n>p2 switch 3\n>p1 move knockoff\n>p2 move discharge\n>p1 move dracometeor\n>p2 move dazzlinggleam\n>p1 switch 2\n>p2 move dazzlinggleam\n>p1 move earthquake\n>p2 switch 6\n>p1 move sacredfire\n>p2 move surf\n>p1 switch 2\n>p2 move surf\n>p1 move dracometeor\n>p2 switch 6\n>p2 switch 4\n>p1 move knockoff\n>p2 move nastyplot\n>p1 move knockoff\n>p2 move psyshock\n>p1 switch 3\n>p1 move throatchop\n>p2 switch 5\n>p1 switch 2\n>p2 move stoneedge\n>p1 switch 5\n>p1 move stealthrock\n>p2 switch 6\n>p1 move psychicfangs\n>p2 move surf\n>p1 move psychicfangs\n>p2 move roost\n>p1 move psychicfangs\n>p2 move surf\n>p1 switch 6\n>p2 switch 6\n>p1 move closecombat\n>p2 move bodypress\n>p2 switch 5\n>p1 switch 2\n>p2 move thunderbolt\n>p1 move throatchop\n>p2 move thunderbolt\n>p2 switch 2\n>p1 move throatchop\n>p2 move dragondance terastallize\n>p1 move suckerpunch\n>p2 move ironhead\n>p1 switch 2\n>chat \u2606Max Schrbr|so\n>chat \u2606Max Schrbr|bullet punch is gg\n>chat \u2606Max Schrbr|It was a very nice game\n>p1 move bulletpunch\n>p2 move outrage\n>p2 switch 3\n>chat \u2606Miss Galaxy Note 7|Playing around Tspikes was tough\n>p1 switch 4\n>p2 move thunderbolt\n>p1 move thunderbolt\n>p2 move recover\n>p1 move focusblast\n>p2 move recover\n>p1 move focusblast\n>p2 move recover\n>p1 switch 4\n>p1 move closecombat terastallize\n>p2 move thunderbolt", "uploadtime": 1732367330, "views": 21, "formatid": "gen9randombattle", "rating": 2226, "private": 0, "password": null}