{"id": "gen9randombattle-2260444421", "format": "[Gen 9] Random Battle", "players": ["Beanatron", "Monkebutlr"], "log": "|j|\u2606Beanatron\n|j|\u2606Monkebutlr\n|t:|1733852222\n|gametype|singles\n|player|p1|Beanatron|169|1254\n|player|p2|Monkebutlr|maid|1218\n|teamsize|p1|6\n|teamsize|p2|6\n|gen|9\n|tier|[Gen 9] Random Battle\n|rated|\n|rule|Species Clause: Limit one of each Pok\u00e9mon\n|rule|HP Percentage Mod: HP is shown in percentages\n|rule|Sleep Clause Mod: Limit one foe put to sleep\n|rule|Illusion Level Mod: Illusion disguises the Pok\u00e9mon's true level\n|\n|t:|1733852222\n|start\n|switch|p1a: Jumpluff|Jumpluff, L87, F|271/271\n|switch|p2a: Rotom|Rotom-Heat, L83|219/219\n|turn|1\n|inactive|Battle timer is ON: inactive players will automatically lose when time's up. (requested by Monkebutlr)\n|\n|t:|1733852239\n|switch|p1a: Pyroar|Pyroar, L88, F|295/295\n|-ability|p1a: Pyroar|Unnerve\n|move|p2a: Rotom|Will-O-Wisp|p1a: Pyroar\n|-immune|p1a: Pyroar\n|\n|upkeep\n|turn|2\n|\n|t:|1733852265\n|switch|p2a: Blastoise|Blastoise, L80, M|258/258\n|move|p1a: Pyroar|Work Up|p1a: Pyroar\n|-boost|p1a: Pyroar|atk|1\n|-boost|p1a: Pyroar|spa|1\n|\n|upkeep\n|turn|3\n|\n|t:|1733852281\n|switch|p1a: Swanna|Swanna, L88, F|275/275\n|move|p2a: Blastoise|Shell Smash|p2a: Blastoise\n|-unboost|p2a: Blastoise|def|1\n|-unboost|p2a: Blastoise|spd|1\n|-boost|p2a: Blastoise|atk|2\n|-boost|p2a: Blastoise|spa|2\n|-boost|p2a: Blastoise|spe|2\n|-enditem|p2a: Blastoise|White Herb\n|-clearnegativeboost|p2a: Blastoise|[silent]\n|\n|upkeep\n|turn|4\n|inactive|Monkebutlr has 120 seconds left.\n|\n|t:|1733852323\n|move|p2a: Blastoise|Tera Blast|p1a: Swanna\n|-damage|p1a: Swanna|158/275\n|move|p1a: Swanna|Brave Bird|p2a: Blastoise\n|-damage|p2a: Blastoise|141/258\n|-damage|p1a: Swanna|119/275|[from] Recoil\n|\n|upkeep\n|turn|5\n|\n|t:|1733852334\n|move|p2a: Blastoise|Ice Beam|p1a: Swanna\n|-damage|p1a: Swanna|0 fnt\n|faint|p1a: Swanna\n|\n|upkeep\n|inactive|Beanatron has 120 seconds left.\n|\n|t:|1733852358\n|switch|p1a: Jumpluff|Jumpluff, L87, F|271/271\n|turn|6\n|inactive|Beanatron has 120 seconds left.\n|\n|t:|1733852376\n|-terastallize|p1a: Jumpluff|Steel\n|move|p2a: Blastoise|Ice Beam|p1a: Jumpluff\n|-resisted|p1a: Jumpluff\n|-damage|p1a: Jumpluff|225/271\n|move|p1a: Jumpluff|Substitute|p1a: Jumpluff\n|-start|p1a: Jumpluff|Substitute\n|-damage|p1a: Jumpluff|158/271\n|\n|upkeep\n|turn|7\n|\n|t:|1733852386\n|move|p2a: Blastoise|Hydro Pump|p1a: Jumpluff\n|-end|p1a: Jumpluff|Substitute\n|move|p1a: Jumpluff|Leech Seed|p2a: Blastoise\n|-start|p2a: Blastoise|move: Leech Seed\n|\n|-damage|p2a: Blastoise|109/258|[from] Leech Seed|[of] p1a: Jumpluff\n|-heal|p1a: Jumpluff|190/271|[silent]\n|upkeep\n|turn|8\n|\n|t:|1733852394\n|move|p2a: Blastoise|Hydro Pump|p1a: Jumpluff\n|-damage|p1a: Jumpluff|10/271\n|move|p1a: Jumpluff|Strength Sap|p2a: Blastoise\n|-unboost|p2a: Blastoise|atk|1\n|-heal|p1a: Jumpluff|271/271\n|\n|-damage|p2a: Blastoise|77/258|[from] Leech Seed|[of] p1a: Jumpluff\n|upkeep\n|turn|9\n|\n|t:|1733852405\n|switch|p2a: Rotom|Rotom-Heat, L83|219/219\n|move|p1a: Jumpluff|Substitute|p1a: Jumpluff\n|-start|p1a: Jumpluff|Substitute\n|-damage|p1a: Jumpluff|204/271\n|\n|upkeep\n|turn|10\n|\n|t:|1733852421\n|move|p1a: Jumpluff|Leech Seed|p2a: Rotom\n|-start|p2a: Rotom|move: Leech Seed\n|move|p2a: Rotom|Thunderbolt|p1a: Jumpluff\n|-end|p1a: Jumpluff|Substitute\n|\n|-damage|p2a: Rotom|192/219|[from] Leech Seed|[of] p1a: Jumpluff\n|-heal|p1a: Jumpluff|231/271|[silent]\n|upkeep\n|turn|11\n|\n|t:|1733852430\n|move|p1a: Jumpluff|Substitute|p1a: Jumpluff\n|-start|p1a: Jumpluff|Substitute\n|-damage|p1a: Jumpluff|164/271\n|move|p2a: Rotom|Overheat|p1a: Jumpluff\n|-supereffective|p1a: Jumpluff\n|-end|p1a: Jumpluff|Substitute\n|-unboost|p2a: Rotom|spa|2\n|\n|-damage|p2a: Rotom|165/219|[from] Leech Seed|[of] p1a: Jumpluff\n|-heal|p1a: Jumpluff|191/271|[silent]\n|upkeep\n|turn|12\n|\n|t:|1733852441\n|switch|p2a: Baxcalibur|Baxcalibur, L75, F|295/295\n|move|p1a: Jumpluff|Substitute|p1a: Jumpluff\n|-start|p1a: Jumpluff|Substitute\n|-damage|p1a: Jumpluff|124/271\n|\n|upkeep\n|turn|13\n|inactive|Monkebutlr has 90 seconds left.\n|\n|t:|1733852471\n|move|p1a: Jumpluff|Strength Sap|p2a: Baxcalibur\n|-unboost|p2a: Baxcalibur|atk|1\n|-heal|p1a: Jumpluff|271/271\n|move|p2a: Baxcalibur|Earthquake|p1a: Jumpluff\n|-supereffective|p1a: Jumpluff\n|-end|p1a: Jumpluff|Substitute\n|\n|upkeep\n|turn|14\n|inactive|Monkebutlr has 90 seconds left.\n|\n|t:|1733852499\n|move|p1a: Jumpluff|Substitute|p1a: Jumpluff\n|-start|p1a: Jumpluff|Substitute\n|-damage|p1a: Jumpluff|204/271\n|move|p2a: Baxcalibur|Scale Shot|p1a: Jumpluff\n|-resisted|p1a: Jumpluff\n|-activate|p1a: Jumpluff|move: Substitute|[damage]\n|-resisted|p1a: Jumpluff\n|-activate|p1a: Jumpluff|move: Substitute|[damage]\n|-resisted|p1a: Jumpluff\n|-crit|p1a: Jumpluff\n|-activate|p1a: Jumpluff|move: Substitute|[damage]\n|-resisted|p1a: Jumpluff\n|-activate|p1a: Jumpluff|move: Substitute|[damage]\n|-hitcount|p1a: Jumpluff|4\n|-unboost|p2a: Baxcalibur|def|1\n|-boost|p2a: Baxcalibur|spe|1\n|\n|upkeep\n|turn|15\n|\n|t:|1733852519\n|move|p2a: Baxcalibur|Earthquake|p1a: Jumpluff\n|-supereffective|p1a: Jumpluff\n|-end|p1a: Jumpluff|Substitute\n|move|p1a: Jumpluff|Strength Sap|p2a: Baxcalibur\n|-unboost|p2a: Baxcalibur|atk|1\n|-heal|p1a: Jumpluff|271/271\n|\n|upkeep\n|turn|16\n|\n|t:|1733852529\n|move|p2a: Baxcalibur|Earthquake|p1a: Jumpluff\n|-supereffective|p1a: Jumpluff\n|-damage|p1a: Jumpluff|185/271\n|move|p1a: Jumpluff|Leech Seed|p2a: Baxcalibur\n|-start|p2a: Baxcalibur|move: Leech Seed\n|\n|-damage|p2a: Baxcalibur|259/295|[from] Leech Seed|[of] p1a: Jumpluff\n|-heal|p1a: Jumpluff|221/271|[silent]\n|upkeep\n|turn|17\n|\n|t:|1733852538\n|switch|p2a: Rotom|Rotom-Heat, L83|165/219\n|move|p1a: Jumpluff|Substitute|p1a: Jumpluff\n|-start|p1a: Jumpluff|Substitute\n|-damage|p1a: Jumpluff|154/271\n|\n|upkeep\n|turn|18\n|\n|t:|1733852549\n|move|p1a: Jumpluff|Leech Seed|p2a: Rotom\n|-start|p2a: Rotom|move: Leech Seed\n|move|p2a: Rotom|Thunderbolt|p1a: Jumpluff\n|-end|p1a: Jumpluff|Substitute\n|\n|-damage|p2a: Rotom|138/219|[from] Leech Seed|[of] p1a: Jumpluff\n|-heal|p1a: Jumpluff|181/271|[silent]\n|upkeep\n|turn|19\n|\n|t:|1733852559\n|move|p1a: Jumpluff|Substitute|p1a: Jumpluff\n|-start|p1a: Jumpluff|Substitute\n|-damage|p1a: Jumpluff|114/271\n|move|p2a: Rotom|Overheat|p1a: Jumpluff\n|-supereffective|p1a: Jumpluff\n|-crit|p1a: Jumpluff\n|-end|p1a: Jumpluff|Substitute\n|-unboost|p2a: Rotom|spa|2\n|\n|-damage|p2a: Rotom|111/219|[from] Leech Seed|[of] p1a: Jumpluff\n|-heal|p1a: Jumpluff|141/271|[silent]\n|upkeep\n|turn|20\n|inactive|Monkebutlr has 90 seconds left.\n|\n|t:|1733852576\n|move|p1a: Jumpluff|Strength Sap|p2a: Rotom\n|-unboost|p2a: Rotom|atk|1\n|-heal|p1a: Jumpluff|253/271\n|move|p2a: Rotom|Will-O-Wisp|p1a: Jumpluff\n|-status|p1a: Jumpluff|brn\n|\n|-damage|p2a: Rotom|84/219|[from] Leech Seed|[of] p1a: Jumpluff\n|-heal|p1a: Jumpluff|271/271 brn|[silent]\n|-damage|p1a: Jumpluff|255/271 brn|[from] brn\n|upkeep\n|turn|21\n|\n|t:|1733852590\n|move|p1a: Jumpluff|Substitute|p1a: Jumpluff\n|-start|p1a: Jumpluff|Substitute\n|-damage|p1a: Jumpluff|188/271 brn\n|move|p2a: Rotom|Pain Split||[still]\n|-fail|p2a: Rotom\n|\n|-damage|p2a: Rotom|57/219|[from] Leech Seed|[of] p1a: Jumpluff\n|-heal|p1a: Jumpluff|215/271 brn|[silent]\n|-damage|p1a: Jumpluff|199/271 brn|[from] brn\n|upkeep\n|turn|22\n|\n|t:|1733852604\n|switch|p2a: Baxcalibur|Baxcalibur, L75, F|259/295\n|move|p1a: Jumpluff|Acrobatics|p2a: Baxcalibur\n|-damage|p2a: Baxcalibur|218/295\n|\n|-damage|p1a: Jumpluff|183/271 brn|[from] brn\n|upkeep\n|turn|23\n|\n|t:|1733852618\n|move|p1a: Jumpluff|Strength Sap|p2a: Baxcalibur\n|-unboost|p2a: Baxcalibur|atk|1\n|-heal|p1a: Jumpluff|271/271 brn\n|move|p2a: Baxcalibur|Earthquake|p1a: Jumpluff\n|-supereffective|p1a: Jumpluff\n|-end|p1a: Jumpluff|Substitute\n|\n|-damage|p1a: Jumpluff|255/271 brn|[from] brn\n|upkeep\n|turn|24\n|\n|t:|1733852630\n|switch|p2a: Rotom|Rotom-Heat, L83|57/219\n|move|p1a: Jumpluff|Strength Sap|p2a: Rotom\n|-unboost|p2a: Rotom|atk|1\n|-heal|p1a: Jumpluff|271/271 brn\n|\n|-damage|p1a: Jumpluff|255/271 brn|[from] brn\n|upkeep\n|turn|25\n|\n|t:|1733852640\n|move|p1a: Jumpluff|Substitute|p1a: Jumpluff\n|-start|p1a: Jumpluff|Substitute\n|-damage|p1a: Jumpluff|188/271 brn\n|move|p2a: Rotom|Thunderbolt|p1a: Jumpluff\n|-end|p1a: Jumpluff|Substitute\n|\n|-damage|p1a: Jumpluff|172/271 brn|[from] brn\n|upkeep\n|turn|26\n|\n|t:|1733852649\n|move|p1a: Jumpluff|Leech Seed|p2a: Rotom\n|-start|p2a: Rotom|move: Leech Seed\n|move|p2a: Rotom|Thunderbolt|p1a: Jumpluff\n|-damage|p1a: Jumpluff|85/271 brn\n|\n|-damage|p2a: Rotom|30/219|[from] Leech Seed|[of] p1a: Jumpluff\n|-heal|p1a: Jumpluff|112/271 brn|[silent]\n|-damage|p1a: Jumpluff|96/271 brn|[from] brn\n|upkeep\n|turn|27\n|inactive|Monkebutlr has 90 seconds left.\n|\n|t:|1733852667\n|switch|p2a: Victreebel|Victreebel, L90, M|290/290\n|move|p1a: Jumpluff|Substitute|p1a: Jumpluff\n|-start|p1a: Jumpluff|Substitute\n|-damage|p1a: Jumpluff|29/271 brn\n|\n|-damage|p1a: Jumpluff|13/271 brn|[from] brn\n|upkeep\n|turn|28\n|inactive|Monkebutlr has 60 seconds left.\n|\n|t:|1733852699\n|switch|p2a: Baxcalibur|Baxcalibur, L75, F|218/295\n|move|p1a: Jumpluff|Strength Sap|p2a: Baxcalibur\n|-unboost|p2a: Baxcalibur|atk|1\n|-heal|p1a: Jumpluff|271/271 brn\n|\n|-damage|p1a: Jumpluff|255/271 brn|[from] brn\n|upkeep\n|turn|29\n|inactive|Monkebutlr has 60 seconds left.\n|\n|t:|1733852709\n|move|p1a: Jumpluff|Leech Seed|p2a: Baxcalibur\n|-start|p2a: Baxcalibur|move: Leech Seed\n|move|p2a: Baxcalibur|Earthquake|p1a: Jumpluff\n|-supereffective|p1a: Jumpluff\n|-end|p1a: Jumpluff|Substitute\n|\n|-damage|p2a: Baxcalibur|182/295|[from] Leech Seed|[of] p1a: Jumpluff\n|-heal|p1a: Jumpluff|271/271 brn|[silent]\n|-damage|p1a: Jumpluff|255/271 brn|[from] brn\n|upkeep\n|turn|30\n|inactive|Monkebutlr has 60 seconds left.\n|\n|t:|1733852727\n|move|p1a: Jumpluff|Substitute|p1a: Jumpluff\n|-start|p1a: Jumpluff|Substitute\n|-damage|p1a: Jumpluff|188/271 brn\n|move|p2a: Baxcalibur|Earthquake|p1a: Jumpluff\n|-supereffective|p1a: Jumpluff\n|-end|p1a: Jumpluff|Substitute\n|\n|-damage|p2a: Baxcalibur|146/295|[from] Leech Seed|[of] p1a: Jumpluff\n|-heal|p1a: Jumpluff|224/271 brn|[silent]\n|-damage|p1a: Jumpluff|208/271 brn|[from] brn\n|upkeep\n|turn|31\n|inactive|Monkebutlr has 60 seconds left.\n|\n|t:|1733852737\n|move|p1a: Jumpluff|Substitute|p1a: Jumpluff\n|-start|p1a: Jumpluff|Substitute\n|-damage|p1a: Jumpluff|141/271 brn\n|move|p2a: Baxcalibur|Earthquake|p1a: Jumpluff\n|-supereffective|p1a: Jumpluff\n|-end|p1a: Jumpluff|Substitute\n|\n|-damage|p2a: Baxcalibur|110/295|[from] Leech Seed|[of] p1a: Jumpluff\n|-heal|p1a: Jumpluff|177/271 brn|[silent]\n|-damage|p1a: Jumpluff|161/271 brn|[from] brn\n|upkeep\n|turn|32\n|inactive|Monkebutlr has 60 seconds left.\n|\n|t:|1733852750\n|move|p1a: Jumpluff|Strength Sap|p2a: Baxcalibur\n|-unboost|p2a: Baxcalibur|atk|1\n|-heal|p1a: Jumpluff|271/271 brn\n|move|p2a: Baxcalibur|Earthquake|p1a: Jumpluff\n|-supereffective|p1a: Jumpluff\n|-damage|p1a: Jumpluff|177/271 brn\n|\n|-damage|p2a: Baxcalibur|74/295|[from] Leech Seed|[of] p1a: Jumpluff\n|-heal|p1a: Jumpluff|213/271 brn|[silent]\n|-damage|p1a: Jumpluff|197/271 brn|[from] brn\n|upkeep\n|turn|33\n|inactive|Monkebutlr has 60 seconds left.\n|\n|t:|1733852765\n|switch|p2a: Rotom|Rotom-Heat, L83|30/219\n|move|p1a: Jumpluff|Substitute|p1a: Jumpluff\n|-start|p1a: Jumpluff|Substitute\n|-damage|p1a: Jumpluff|130/271 brn\n|\n|-damage|p1a: Jumpluff|114/271 brn|[from] brn\n|upkeep\n|turn|34\n|\n|t:|1733852777\n|switch|p2a: Baxcalibur|Baxcalibur, L75, F|74/295\n|move|p1a: Jumpluff|Leech Seed|p2a: Baxcalibur\n|-start|p2a: Baxcalibur|move: Leech Seed\n|\n|-damage|p2a: Baxcalibur|38/295|[from] Leech Seed|[of] p1a: Jumpluff\n|-heal|p1a: Jumpluff|150/271 brn|[silent]\n|-damage|p1a: Jumpluff|134/271 brn|[from] brn\n|upkeep\n|turn|35\n|\n|t:|1733852786\n|move|p1a: Jumpluff|Strength Sap|p2a: Baxcalibur\n|-unboost|p2a: Baxcalibur|atk|1\n|-heal|p1a: Jumpluff|271/271 brn\n|move|p2a: Baxcalibur|Earthquake|p1a: Jumpluff\n|-supereffective|p1a: Jumpluff\n|-end|p1a: Jumpluff|Substitute\n|\n|-damage|p2a: Baxcalibur|2/295|[from] Leech Seed|[of] p1a: Jumpluff\n|-damage|p1a: Jumpluff|255/271 brn|[from] brn\n|upkeep\n|turn|36\n|inactive|Monkebutlr has 60 seconds left.\n|\n|t:|1733852798\n|move|p1a: Jumpluff|Substitute|p1a: Jumpluff\n|-start|p1a: Jumpluff|Substitute\n|-damage|p1a: Jumpluff|188/271 brn\n|move|p2a: Baxcalibur|Earthquake|p1a: Jumpluff\n|-supereffective|p1a: Jumpluff\n|-end|p1a: Jumpluff|Substitute\n|\n|-damage|p2a: Baxcalibur|0 fnt|[from] Leech Seed|[of] p1a: Jumpluff\n|-heal|p1a: Jumpluff|190/271 brn|[silent]\n|faint|p2a: Baxcalibur\n|-damage|p1a: Jumpluff|174/271 brn|[from] brn\n|upkeep\n|\n|t:|1733852813\n|switch|p2a: Wyrdeer|Wyrdeer, L87, M|321/321\n|-ability|p2a: Wyrdeer|Intimidate|boost\n|-unboost|p1a: Jumpluff|atk|1\n|turn|37\n|\n|t:|1733852821\n|move|p1a: Jumpluff|Substitute|p1a: Jumpluff\n|-start|p1a: Jumpluff|Substitute\n|-damage|p1a: Jumpluff|107/271 brn\n|move|p2a: Wyrdeer|Earthquake|p1a: Jumpluff\n|-supereffective|p1a: Jumpluff\n|-end|p1a: Jumpluff|Substitute\n|\n|-damage|p1a: Jumpluff|91/271 brn|[from] brn\n|upkeep\n|turn|38\n|\n|t:|1733852835\n|move|p1a: Jumpluff|Strength Sap|p2a: Wyrdeer\n|-unboost|p2a: Wyrdeer|atk|1\n|-heal|p1a: Jumpluff|271/271 brn\n|move|p2a: Wyrdeer|Earthquake|p1a: Jumpluff\n|-supereffective|p1a: Jumpluff\n|-damage|p1a: Jumpluff|141/271 brn\n|\n|-damage|p1a: Jumpluff|125/271 brn|[from] brn\n|upkeep\n|turn|39\n|\n|t:|1733852845\n|move|p1a: Jumpluff|Strength Sap|p2a: Wyrdeer\n|-unboost|p2a: Wyrdeer|atk|1\n|-heal|p1a: Jumpluff|271/271 brn\n|move|p2a: Wyrdeer|Thunder Wave||[still]\n|-fail|p2a: Wyrdeer\n|\n|-damage|p1a: Jumpluff|255/271 brn|[from] brn\n|upkeep\n|turn|40\n|\n|t:|1733852870\n|switch|p2a: Rotom|Rotom-Heat, L83|30/219\n|move|p1a: Jumpluff|Leech Seed|p2a: Rotom|[miss]\n|-miss|p1a: Jumpluff|p2a: Rotom\n|\n|-damage|p1a: Jumpluff|239/271 brn|[from] brn\n|upkeep\n|turn|41\n|\n|t:|1733852881\n|move|p1a: Jumpluff|Substitute|p1a: Jumpluff\n|-start|p1a: Jumpluff|Substitute\n|-damage|p1a: Jumpluff|172/271 brn\n|move|p2a: Rotom|Pain Split||[still]\n|-fail|p2a: Rotom\n|\n|-damage|p1a: Jumpluff|156/271 brn|[from] brn\n|upkeep\n|turn|42\n|\n|t:|1733852890\n|switch|p2a: Wyrdeer|Wyrdeer, L87, M|321/321\n|-ability|p2a: Wyrdeer|Intimidate|boost\n|-immune|p1a: Jumpluff\n|move|p1a: Jumpluff|Leech Seed|p2a: Wyrdeer\n|-start|p2a: Wyrdeer|move: Leech Seed\n|\n|-damage|p2a: Wyrdeer|281/321|[from] Leech Seed|[of] p1a: Jumpluff\n|-heal|p1a: Jumpluff|196/271 brn|[silent]\n|-damage|p1a: Jumpluff|180/271 brn|[from] brn\n|upkeep\n|turn|43\n|\n|t:|1733852901\n|move|p1a: Jumpluff|Strength Sap|p2a: Wyrdeer\n|-unboost|p2a: Wyrdeer|atk|1\n|-heal|p1a: Jumpluff|271/271 brn\n|move|p2a: Wyrdeer|Earthquake|p1a: Jumpluff\n|-supereffective|p1a: Jumpluff\n|-end|p1a: Jumpluff|Substitute\n|\n|-heal|p2a: Wyrdeer|301/321|[from] item: Leftovers\n|-damage|p2a: Wyrdeer|261/321|[from] Leech Seed|[of] p1a: Jumpluff\n|-damage|p1a: Jumpluff|255/271 brn|[from] brn\n|upkeep\n|turn|44\n|\n|t:|1733852915\n|switch|p2a: Rotom|Rotom-Heat, L83|30/219\n|move|p1a: Jumpluff|Strength Sap|p2a: Rotom\n|-unboost|p2a: Rotom|atk|1\n|-heal|p1a: Jumpluff|271/271 brn\n|\n|-damage|p1a: Jumpluff|255/271 brn|[from] brn\n|upkeep\n|turn|45\n|\n|t:|1733852924\n|move|p1a: Jumpluff|Acrobatics|p2a: Rotom\n|-resisted|p2a: Rotom\n|-damage|p2a: Rotom|18/219\n|move|p2a: Rotom|Pain Split|p1a: Jumpluff\n|-sethp|p1a: Jumpluff|136/271 brn|[from] move: Pain Split|[silent]\n|-sethp|p2a: Rotom|136/219|[from] move: Pain Split\n|\n|-damage|p1a: Jumpluff|120/271 brn|[from] brn\n|upkeep\n|turn|46\n|\n|t:|1733852935\n|move|p1a: Jumpluff|Strength Sap|p2a: Rotom\n|-unboost|p2a: Rotom|atk|1\n|-heal|p1a: Jumpluff|194/271 brn\n|move|p2a: Rotom|Overheat|p1a: Jumpluff|[miss]\n|-miss|p2a: Rotom|p1a: Jumpluff\n|\n|-damage|p1a: Jumpluff|178/271 brn|[from] brn\n|upkeep\n|turn|47\n|\n|t:|1733852945\n|move|p1a: Jumpluff|Leech Seed|p2a: Rotom\n|-start|p2a: Rotom|move: Leech Seed\n|move|p2a: Rotom|Overheat|p1a: Jumpluff\n|-supereffective|p1a: Jumpluff\n|-damage|p1a: Jumpluff|0 fnt\n|-unboost|p2a: Rotom|spa|2\n|faint|p1a: Jumpluff\n|\n|upkeep\n|\n|t:|1733852958\n|switch|p1a: Clodsire|Clodsire, L81, M|343/343\n|turn|48\n|inactive|Monkebutlr has 60 seconds left.\n|\n|t:|1733852964\n|switch|p2a: Victreebel|Victreebel, L90, M|290/290\n|move|p1a: Clodsire|Stealth Rock|p2a: Victreebel\n|-sidestart|p2: Monkebutlr|move: Stealth Rock\n|\n|upkeep\n|turn|49\n|\n|t:|1733852971\n|move|p2a: Victreebel|Sleep Powder|p1a: Clodsire\n|-status|p1a: Clodsire|slp|[from] move: Sleep Powder\n|cant|p1a: Clodsire|slp\n|\n|upkeep\n|turn|50\n|\n|t:|1733852984\n|switch|p2a: Wyrdeer|Wyrdeer, L87, M|261/321\n|-damage|p2a: Wyrdeer|221/321|[from] Stealth Rock\n|-ability|p2a: Wyrdeer|Intimidate|boost\n|-unboost|p1a: Clodsire|atk|1\n|switch|p1a: Pyroar|Pyroar, L88, F|295/295\n|-ability|p1a: Pyroar|Unnerve\n|\n|-heal|p2a: Wyrdeer|241/321|[from] item: Leftovers\n|upkeep\n|turn|51\n|inactive|Monkebutlr has 60 seconds left.\n|\n|t:|1733853002\n|-terastallize|p2a: Wyrdeer|Ground\n|move|p1a: Pyroar|Fire Blast|p2a: Wyrdeer\n|-damage|p2a: Wyrdeer|87/321\n|move|p2a: Wyrdeer|Earthquake|p1a: Pyroar\n|-supereffective|p1a: Pyroar\n|-damage|p1a: Pyroar|19/295\n|\n|-heal|p2a: Wyrdeer|107/321|[from] item: Leftovers\n|upkeep\n|turn|52\n|inactive|Monkebutlr has 60 seconds left.\n|\n|t:|1733853030\n|switch|p2a: Blastoise|Blastoise, L80, M|77/258\n|-damage|p2a: Blastoise|45/258|[from] Stealth Rock\n|move|p1a: Pyroar|Hyper Voice|p2a: Blastoise\n|-damage|p2a: Blastoise|0 fnt\n|faint|p2a: Blastoise\n|\n|upkeep\n|\n|t:|1733853045\n|switch|p2a: Rotom|Rotom-Heat, L83|136/219\n|turn|53\n|\n|t:|1733853055\n|move|p1a: Pyroar|Taunt|p2a: Rotom\n|-start|p2a: Rotom|move: Taunt\n|move|p2a: Rotom|Thunderbolt|p1a: Pyroar\n|-damage|p1a: Pyroar|0 fnt\n|faint|p1a: Pyroar\n|\n|upkeep\n|\n|t:|1733853065\n|switch|p1a: Grimmsnarl|Grimmsnarl, L83, M|293/293\n|turn|54\n|\n|t:|1733853076\n|move|p2a: Rotom|Overheat|p1a: Grimmsnarl\n|-damage|p1a: Grimmsnarl|139/293\n|-unboost|p2a: Rotom|spa|2\n|move|p1a: Grimmsnarl|Spirit Break|p2a: Rotom\n|-resisted|p2a: Rotom\n|-damage|p2a: Rotom|94/219\n|-unboost|p2a: Rotom|spa|1\n|\n|-heal|p1a: Grimmsnarl|157/293|[from] item: Leftovers\n|upkeep\n|turn|55\n|\n|t:|1733853093\n|switch|p2a: Victreebel|Victreebel, L90, M|290/290\n|-damage|p2a: Victreebel|254/290|[from] Stealth Rock\n|move|p1a: Grimmsnarl|Spirit Break|p2a: Victreebel\n|-resisted|p2a: Victreebel\n|-damage|p2a: Victreebel|204/290\n|-unboost|p2a: Victreebel|spa|1\n|\n|-heal|p1a: Grimmsnarl|175/293|[from] item: Leftovers\n|upkeep\n|turn|56\n|\n|t:|1733853106\n|move|p1a: Grimmsnarl|Thunder Wave|p2a: Victreebel\n|-status|p2a: Victreebel|par\n|move|p2a: Victreebel|Sludge Wave|p1a: Grimmsnarl\n|-supereffective|p1a: Grimmsnarl\n|-damage|p1a: Grimmsnarl|0 fnt\n|faint|p1a: Grimmsnarl\n|-damage|p2a: Victreebel|175/290 par|[from] item: Life Orb\n|\n|upkeep\n|\n|t:|1733853113\n|switch|p1a: Clodsire|Clodsire, L81, M|343/343 slp\n|turn|57\n|\n|t:|1733853121\n|switch|p2a: Wyrdeer|Wyrdeer, L87, M, tera:Ground|107/321\n|-damage|p2a: Wyrdeer|87/321|[from] Stealth Rock\n|-ability|p2a: Wyrdeer|Intimidate|boost\n|-unboost|p1a: Clodsire|atk|1\n|cant|p1a: Clodsire|slp\n|\n|-heal|p2a: Wyrdeer|107/321|[from] item: Leftovers\n|upkeep\n|turn|58\n|inactive|Monkebutlr has 60 seconds left.\n|\n|t:|1733853131\n|move|p2a: Wyrdeer|Earthquake|p1a: Clodsire\n|-supereffective|p1a: Clodsire\n|-damage|p1a: Clodsire|5/343 slp\n|cant|p1a: Clodsire|slp\n|\n|-heal|p2a: Wyrdeer|127/321|[from] item: Leftovers\n|-heal|p1a: Clodsire|26/343 slp|[from] item: Leftovers\n|upkeep\n|turn|59\n|\n|t:|1733853140\n|switch|p1a: Milotic|Milotic, L83, M|293/293\n|move|p2a: Wyrdeer|Earthquake|p1a: Milotic\n|-damage|p1a: Milotic|163/293\n|\n|-heal|p1a: Milotic|181/293|[from] item: Leftovers\n|-heal|p2a: Wyrdeer|147/321|[from] item: Leftovers\n|upkeep\n|turn|60\n|inactive|Monkebutlr has 60 seconds left.\n|\n|t:|1733853156\n|move|p1a: Milotic|Scald|p2a: Wyrdeer\n|-supereffective|p2a: Wyrdeer\n|-damage|p2a: Wyrdeer|0 fnt\n|faint|p2a: Wyrdeer\n|\n|-heal|p1a: Milotic|199/293|[from] item: Leftovers\n|upkeep\n|inactive|Monkebutlr has 60 seconds left.\n|\n|t:|1733853179\n|switch|p2a: Crabominable|Crabominable, L90, M|321/321\n|-damage|p2a: Crabominable|281/321|[from] Stealth Rock\n|turn|61\n|\n|t:|1733853189\n|move|p1a: Milotic|Scald|p2a: Crabominable\n|-damage|p2a: Crabominable|175/321\n|move|p2a: Crabominable|Close Combat|p1a: Milotic\n|-damage|p1a: Milotic|0 fnt\n|-unboost|p2a: Crabominable|def|1\n|-unboost|p2a: Crabominable|spd|1\n|faint|p1a: Milotic\n|\n|upkeep\n|\n|t:|1733853195\n|switch|p1a: Clodsire|Clodsire, L81, M|26/343 slp\n|turn|62\n|c|\u2606Monkebutlr|gg\n|inactive|Monkebutlr has 60 seconds left.\n|\n|t:|1733853206\n|move|p2a: Crabominable|Close Combat|p1a: Clodsire\n|-resisted|p1a: Clodsire\n|-damage|p1a: Clodsire|0 fnt\n|-unboost|p2a: Crabominable|def|1\n|-unboost|p2a: Crabominable|spd|1\n|faint|p1a: Clodsire\n|\n|win|Monkebutlr\n|raw|Beanatron's rating: 1254 &rarr; <strong>1226</strong><br />(-28 for losing)\n|raw|Monkebutlr's rating: 1218 &rarr; <strong>1246</strong><br />(+28 for winning)\n", "inputlog": ">version bfd83cad13791eb5a5a409923076391caf6fb4d4\n>start {\"formatid\":\"gen9randombattle\",\"seed\":[712,9143,51651,46989],\"rated\":\"Rated battle\"}\n>player p1 {\"name\":\"Beanatron\",\"avatar\":\"169\",\"rating\":1254,\"seed\":[60566,3420,13538,5071]}\n>player p2 {\"name\":\"Monkebutlr\",\"avatar\":\"maid\",\"rating\":1218,\"seed\":[60192,2296,14623,22001]}\n>p1 switch 6\n>p2 move willowisp\n>p1 move workup\n>p2 switch 2\n>p1 switch 4\n>p2 move shellsmash\n>p1 move bravebird\n>p2 move terablast\n>p1 move roost\n>p2 move icebeam\n>p1 switch 6\n>p1 move substitute terastallize\n>p2 move icebeam\n>p1 move leechseed\n>p2 move hydropump\n>p1 move strengthsap\n>p2 move hydropump\n>p1 move substitute\n>p2 switch 2\n>p1 move leechseed\n>p2 move thunderbolt\n>p1 move substitute\n>p2 move overheat\n>p1 move substitute\n>p2 switch 3\n>p1 move strengthsap\n>p2 move earthquake\n>p1 move substitute\n>p2 move scaleshot\n>p1 move strengthsap\n>p2 move earthquake\n>p1 move leechseed\n>p2 move earthquake\n>p1 move substitute\n>p2 switch 3\n>p1 move leechseed\n>p2 move thunderbolt\n>p1 move substitute\n>p2 move overheat\n>p1 move strengthsap\n>p2 move willowisp\n>p1 move substitute\n>p2 move painsplit\n>p1 move acrobatics\n>p2 switch 3\n>p1 move strengthsap\n>p2 move earthquake\n>p1 move strengthsap\n>p2 switch 3\n>p1 move substitute\n>p2 move thunderbolt\n>p1 move leechseed\n>p2 move thunderbolt\n>p1 move substitute\n>p2 switch 4\n>p1 move strengthsap\n>p2 switch 3\n>p1 move leechseed\n>p2 move earthquake\n>p1 move substitute\n>p2 move earthquake\n>p1 move substitute\n>p2 move earthquake\n>p1 move strengthsap\n>p2 move earthquake\n>p1 move substitute\n>p2 switch 4\n>p1 move leechseed\n>p2 switch 4\n>p1 move strengthsap\n>p2 move earthquake\n>p1 move substitute\n>p2 move earthquake\n>p2 switch 5\n>p1 move substitute\n>p2 move earthquake\n>p1 move strengthsap\n>p2 move earthquake\n>p1 move strengthsap\n>p2 move thunderwave\n>p1 move leechseed\n>p2 switch 4\n>p1 move substitute\n>p2 move painsplit\n>p1 move leechseed\n>p2 switch 4\n>p1 move strengthsap\n>p2 move earthquake\n>p1 move strengthsap\n>p2 switch 4\n>p1 move acrobatics\n>p2 move painsplit\n>p1 move strengthsap\n>p2 move overheat\n>p1 move leechseed\n>p2 move overheat\n>p1 switch 5\n>p1 move stealthrock\n>p2 switch 3\n>p1 move earthquake\n>p2 move sleeppowder\n>p1 switch 4\n>p2 switch 4\n>p1 move fireblast\n>p2 move earthquake terastallize\n>p1 move hypervoice\n>p2 switch 2\n>p2 switch 3\n>p1 move taunt\n>p2 move thunderbolt\n>p1 switch 2\n>p1 move spiritbreak\n>p2 move overheat\n>p1 move spiritbreak\n>p2 switch 4\n>p1 move thunderwave\n>p2 move sludgewave\n>p1 switch 4\n>p1 move earthquake\n>p2 switch 2\n>p1 move earthquake\n>p2 move earthquake\n>p1 switch 3\n>p2 move earthquake\n>p1 move scald\n>p2 move earthquake\n>p2 switch 6\n>p1 move scald\n>p2 move closecombat\n>p1 switch 3\n>chat \u2606Monkebutlr|gg\n>p1 move recover\n>p2 move closecombat", "uploadtime": 1733853229, "views": 10, "formatid": "gen9randombattle", "rating": 1226, "private": 0, "password": null}