{"id": "gen9randombattle-2259919107", "format": "[Gen 9] Random Battle", "players": ["maizecornman", "Imperator210"], "log": "|j|\u2606maizecornman\n|j|\u2606Imperator210\n|t:|1733779936\n|gametype|singles\n|player|p1|maizecornman|169|1718\n|player|p2|Imperator210|sonia|1789\n|teamsize|p1|6\n|teamsize|p2|6\n|gen|9\n|tier|[Gen 9] Random Battle\n|rated|\n|rule|Species Clause: Limit one of each Pok\u00e9mon\n|rule|HP Percentage Mod: HP is shown in percentages\n|rule|Sleep Clause Mod: Limit one foe put to sleep\n|rule|Illusion Level Mod: Illusion disguises the Pok\u00e9mon's true level\n|\n|t:|1733779936\n|start\n|switch|p1a: Baxcalibur|Baxcalibur, L75, F|295/295\n|switch|p2a: Hydreigon|Hydreigon, L79, M|275/275\n|turn|1\n|\n|t:|1733779973\n|switch|p1a: Diancie|Diancie, L82|216/216\n|move|p2a: Hydreigon|U-turn|p1a: Diancie\n|-resisted|p1a: Diancie\n|-crit|p1a: Diancie\n|-damage|p1a: Diancie|193/216\n|\n|t:|1733779992\n|switch|p2a: Toxapex|Toxapex, L82, M|216/216|[from] U-turn\n|\n|-heal|p1a: Diancie|206/216|[from] item: Leftovers\n|upkeep\n|turn|2\n|\n|t:|1733780034\n|move|p1a: Diancie|Diamond Storm|p2a: Toxapex\n|-damage|p2a: Toxapex|146/216\n|-boost|p1a: Diancie|def|2\n|move|p2a: Toxapex|Toxic|p1a: Diancie\n|-status|p1a: Diancie|tox\n|\n|-heal|p1a: Diancie|216/216 tox|[from] item: Leftovers\n|-damage|p1a: Diancie|203/216 tox|[from] psn\n|upkeep\n|turn|3\n|\n|t:|1733780045\n|move|p1a: Diancie|Diamond Storm|p2a: Toxapex\n|-damage|p2a: Toxapex|74/216\n|move|p2a: Toxapex|Haze|p2a: Toxapex\n|-clearallboost\n|\n|-heal|p1a: Diancie|216/216 tox|[from] item: Leftovers\n|-damage|p1a: Diancie|190/216 tox|[from] psn\n|upkeep\n|turn|4\n|\n|t:|1733780062\n|switch|p2a: Copperajah|Copperajah, L86, F|350/350\n|move|p1a: Diancie|Diamond Storm|p2a: Copperajah\n|-resisted|p2a: Copperajah\n|-damage|p2a: Copperajah|291/350\n|-boost|p1a: Diancie|def|2\n|\n|-heal|p1a: Diancie|203/216 tox|[from] item: Leftovers\n|-damage|p1a: Diancie|164/216 tox|[from] psn\n|upkeep\n|turn|5\n|\n|t:|1733780071\n|switch|p2a: Hydreigon|Hydreigon, L79, M|275/275\n|move|p1a: Diancie|Body Press|p2a: Hydreigon\n|-supereffective|p2a: Hydreigon\n|-damage|p2a: Hydreigon|0 fnt\n|faint|p2a: Hydreigon\n|\n|-heal|p1a: Diancie|177/216 tox|[from] item: Leftovers\n|-damage|p1a: Diancie|125/216 tox|[from] psn\n|upkeep\n|\n|t:|1733780093\n|switch|p2a: Haxorus|Haxorus, L77, M|244/244\n|-ability|p2a: Haxorus|Mold Breaker\n|turn|6\n|\n|t:|1733780164\n|switch|p2a: Copperajah|Copperajah, L86, F|291/350\n|move|p1a: Diancie|Moonblast|p2a: Copperajah\n|-resisted|p2a: Copperajah\n|-damage|p2a: Copperajah|231/350\n|\n|-heal|p1a: Diancie|138/216 tox|[from] item: Leftovers\n|-damage|p1a: Diancie|73/216 tox|[from] psn\n|upkeep\n|turn|7\n|\n|t:|1733780173\n|switch|p2a: Enamorus|Enamorus, L79, F|247/247\n|move|p1a: Diancie|Diamond Storm|p2a: Enamorus\n|-supereffective|p2a: Enamorus\n|-damage|p2a: Enamorus|11/247\n|\n|-heal|p1a: Diancie|86/216 tox|[from] item: Leftovers\n|-damage|p1a: Diancie|8/216 tox|[from] psn\n|upkeep\n|turn|8\n|\n|t:|1733780182\n|move|p2a: Enamorus|Superpower|p1a: Diancie\n|-damage|p1a: Diancie|0 fnt\n|-boost|p2a: Enamorus|atk|1\n|-boost|p2a: Enamorus|def|1\n|faint|p1a: Diancie\n|\n|upkeep\n|inactive|Battle timer is ON: inactive players will automatically lose when time's up. (requested by Imperator210)\n|\n|t:|1733780230\n|switch|p1a: Arcanine|Arcanine-Hisui, L80, M|283/283\n|turn|9\n|\n|t:|1733780246\n|switch|p2a: Toxapex|Toxapex, L82, M|146/216\n|move|p1a: Arcanine|Extreme Speed|p2a: Toxapex\n|-damage|p2a: Toxapex|107/216\n|-damage|p1a: Arcanine|236/283|[from] item: Rocky Helmet|[of] p2a: Toxapex\n|\n|upkeep\n|turn|10\n|inactive|Imperator210 has 120 seconds left.\n|\n|t:|1733780273\n|switch|p2a: Copperajah|Copperajah, L86, F|231/350\n|move|p1a: Arcanine|Head Smash|p2a: Copperajah\n|-resisted|p2a: Copperajah\n|-damage|p2a: Copperajah|132/350\n|\n|upkeep\n|turn|11\n|\n|t:|1733780288\n|switch|p2a: Toxapex|Toxapex, L82, M|179/216\n|move|p1a: Arcanine|Flare Blitz|p2a: Toxapex\n|-resisted|p2a: Toxapex\n|-damage|p2a: Toxapex|137/216\n|-damage|p1a: Arcanine|189/283|[from] item: Rocky Helmet|[of] p2a: Toxapex\n|\n|upkeep\n|turn|12\n|\n|t:|1733780301\n|switch|p1a: Baxcalibur|Baxcalibur, L75, F|295/295\n|move|p2a: Toxapex|Recover|p2a: Toxapex\n|-heal|p2a: Toxapex|216/216\n|\n|upkeep\n|turn|13\n|\n|t:|1733780306\n|move|p1a: Baxcalibur|Scale Shot|p2a: Toxapex\n|-damage|p2a: Toxapex|195/216\n|-damage|p2a: Toxapex|173/216\n|-damage|p2a: Toxapex|154/216\n|-damage|p2a: Toxapex|133/216\n|-damage|p2a: Toxapex|112/216\n|-hitcount|p2a: Toxapex|5\n|-unboost|p1a: Baxcalibur|def|1\n|-boost|p1a: Baxcalibur|spe|1\n|move|p2a: Toxapex|Toxic|p1a: Baxcalibur\n|-status|p1a: Baxcalibur|tox\n|\n|-damage|p1a: Baxcalibur|277/295 tox|[from] psn\n|upkeep\n|turn|14\n|c|\u2606Imperator210|aids\n|\n|t:|1733780329\n|switch|p2a: Copperajah|Copperajah, L86, F|132/350\n|move|p1a: Baxcalibur|Swords Dance|p1a: Baxcalibur\n|-boost|p1a: Baxcalibur|atk|2\n|\n|-damage|p1a: Baxcalibur|241/295 tox|[from] psn\n|upkeep\n|turn|15\n|inactive|maizecornman has 120 seconds left.\n|\n|t:|1733780367\n|switch|p2a: Enamorus|Enamorus, L79, F|11/247\n|move|p1a: Baxcalibur|Earthquake|p2a: Enamorus\n|-immune|p2a: Enamorus\n|\n|-damage|p1a: Baxcalibur|187/295 tox|[from] psn\n|upkeep\n|turn|16\n|inactive|maizecornman has 120 seconds left.\n|inactive|Imperator210 has 120 seconds left.\n|\n|t:|1733780394\n|switch|p2a: Toxapex|Toxapex, L82, M|184/216\n|move|p1a: Baxcalibur|Icicle Spear|p2a: Toxapex\n|-resisted|p2a: Toxapex\n|-damage|p2a: Toxapex|163/216\n|-resisted|p2a: Toxapex\n|-damage|p2a: Toxapex|143/216\n|-resisted|p2a: Toxapex\n|-damage|p2a: Toxapex|124/216\n|-resisted|p2a: Toxapex\n|-damage|p2a: Toxapex|103/216\n|-resisted|p2a: Toxapex\n|-damage|p2a: Toxapex|83/216\n|-hitcount|p2a: Toxapex|5\n|\n|-damage|p1a: Baxcalibur|115/295 tox|[from] psn\n|upkeep\n|turn|17\n|inactive|Imperator210 has 120 seconds left.\n|\n|t:|1733780402\n|switch|p2a: Enamorus|Enamorus, L79, F|11/247\n|move|p1a: Baxcalibur|Icicle Spear|p2a: Enamorus\n|-supereffective|p2a: Enamorus\n|-damage|p2a: Enamorus|0 fnt\n|faint|p2a: Enamorus\n|-hitcount|p2: Enamorus|1\n|\n|-damage|p1a: Baxcalibur|25/295 tox|[from] psn\n|upkeep\n|inactive|Imperator210 has 120 seconds left.\n|\n|t:|1733780408\n|switch|p2a: Copperajah|Copperajah, L86, F|132/350\n|turn|18\n|\n|t:|1733780412\n|move|p1a: Baxcalibur|Scale Shot|p2a: Copperajah\n|-resisted|p2a: Copperajah\n|-damage|p2a: Copperajah|96/350\n|-resisted|p2a: Copperajah\n|-damage|p2a: Copperajah|60/350\n|-resisted|p2a: Copperajah\n|-damage|p2a: Copperajah|23/350\n|-resisted|p2a: Copperajah\n|-damage|p2a: Copperajah|0 fnt\n|faint|p2a: Copperajah\n|-hitcount|p2: Copperajah|4\n|-unboost|p1a: Baxcalibur|def|1\n|-boost|p1a: Baxcalibur|spe|1\n|\n|-damage|p1a: Baxcalibur|0 fnt|[from] psn\n|faint|p1a: Baxcalibur\n|upkeep\n|\n|t:|1733780426\n|switch|p1a: Arceus|Arceus-Ice, L72|291/291\n|switch|p2a: Galvantula|Galvantula, L82, F|249/249\n|turn|19\n|\n|t:|1733780453\n|-terastallize|p1a: Arceus|Electric\n|move|p2a: Galvantula|Thunder|p1a: Arceus\n|-resisted|p1a: Arceus\n|-damage|p1a: Arceus|244/291\n|move|p1a: Arceus|Calm Mind|p1a: Arceus\n|-boost|p1a: Arceus|spa|1\n|-boost|p1a: Arceus|spd|1\n|\n|upkeep\n|turn|20\n|inactive|maizecornman has 120 seconds left.\n|\n|t:|1733780476\n|move|p2a: Galvantula|Volt Switch|p1a: Arceus\n|-resisted|p1a: Arceus\n|-damage|p1a: Arceus|223/291\n|\n|t:|1733780479\n|switch|p2a: Haxorus|Haxorus, L77, M|244/244|[from] Volt Switch\n|-ability|p2a: Haxorus|Mold Breaker\n|move|p1a: Arceus|Calm Mind|p1a: Arceus\n|-boost|p1a: Arceus|spa|1\n|-boost|p1a: Arceus|spd|1\n|\n|upkeep\n|turn|21\n|inactive|Imperator210 has 120 seconds left.\n|\n|t:|1733780513\n|-terastallize|p2a: Haxorus|Steel\n|move|p1a: Arceus|Thunderbolt|p2a: Haxorus\n|-damage|p2a: Haxorus|34/244\n|move|p2a: Haxorus|Scale Shot|p1a: Arceus\n|-damage|p1a: Arceus|195/291\n|-damage|p1a: Arceus|167/291\n|-damage|p1a: Arceus|139/291\n|-damage|p1a: Arceus|106/291\n|-hitcount|p1a: Arceus|4\n|-unboost|p2a: Haxorus|def|1\n|-boost|p2a: Haxorus|spe|1\n|\n|upkeep\n|turn|22\n|inactive|maizecornman has 120 seconds left.\n|\n|t:|1733780538\n|switch|p1a: Muk|Muk, L86, F|321/321\n|move|p2a: Haxorus|Earthquake|p1a: Muk\n|-supereffective|p1a: Muk\n|-damage|p1a: Muk|151/321\n|\n|upkeep\n|turn|23\n|inactive|Imperator210 has 120 seconds left.\n|\n|t:|1733780572\n|switch|p2a: Galvantula|Galvantula, L82, F|249/249\n|move|p1a: Muk|Drain Punch|p2a: Galvantula\n|-resisted|p2a: Galvantula\n|-damage|p2a: Galvantula|210/249\n|-heal|p1a: Muk|171/321|[from] drain|[of] p2a: Galvantula\n|\n|upkeep\n|turn|24\n|inactive|maizecornman has 120 seconds left.\n|\n|t:|1733780583\n|move|p2a: Galvantula|Sticky Web|p1a: Muk\n|-sidestart|p1: maizecornman|move: Sticky Web\n|move|p1a: Muk|Gunk Shot|p2a: Galvantula|[miss]\n|-miss|p1a: Muk|p2a: Galvantula\n|\n|upkeep\n|turn|25\n|inactive|Imperator210 has 120 seconds left.\n|\n|t:|1733780596\n|move|p2a: Galvantula|Thunder|p1a: Muk\n|-damage|p1a: Muk|105/321\n|move|p1a: Muk|Knock Off|p2a: Galvantula\n|-damage|p2a: Galvantula|100/249\n|-status|p2a: Galvantula|psn|[from] ability: Poison Touch|[of] p1a: Muk\n|-enditem|p2a: Galvantula|Heavy-Duty Boots|[from] move: Knock Off|[of] p1a: Muk\n|\n|-damage|p2a: Galvantula|69/249 psn|[from] psn\n|upkeep\n|turn|26\n|inactive|Imperator210 has 120 seconds left.\n|\n|t:|1733780606\n|move|p2a: Galvantula|Volt Switch|p1a: Muk\n|-damage|p1a: Muk|63/321\n|\n|t:|1733780608\n|switch|p2a: Toxapex|Toxapex, L82, M|155/216|[from] Volt Switch\n|move|p1a: Muk|Drain Punch|p2a: Toxapex\n|-resisted|p2a: Toxapex\n|-damage|p2a: Toxapex|134/216\n|-heal|p1a: Muk|74/321|[from] drain|[of] p2a: Toxapex\n|-damage|p1a: Muk|21/321|[from] item: Rocky Helmet|[of] p2a: Toxapex\n|\n|upkeep\n|turn|27\n|inactive|Imperator210 has 120 seconds left.\n|\n|t:|1733780633\n|move|p1a: Muk|Knock Off|p2a: Toxapex\n|-damage|p2a: Toxapex|85/216\n|-damage|p1a: Muk|0 fnt|[from] item: Rocky Helmet|[of] p2a: Toxapex\n|faint|p1a: Muk\n|move|p2a: Toxapex|Recover|p2a: Toxapex\n|-heal|p2a: Toxapex|193/216\n|\n|upkeep\n|\n|t:|1733780648\n|switch|p1a: Arceus|Arceus-Ice, L72, tera:Electric|106/291\n|-activate|p1a: Arceus|move: Sticky Web\n|-unboost|p1a: Arceus|spe|1\n|turn|28\n|\n|t:|1733780653\n|move|p1a: Arceus|Recover|p1a: Arceus\n|-heal|p1a: Arceus|252/291\n|move|p2a: Toxapex|Toxic|p1a: Arceus\n|-status|p1a: Arceus|tox\n|\n|-damage|p1a: Arceus|234/291 tox|[from] psn\n|upkeep\n|turn|29\n|\n|t:|1733780667\n|move|p1a: Arceus|Thunderbolt|p2a: Toxapex\n|-supereffective|p2a: Toxapex\n|-damage|p2a: Toxapex|83/216\n|move|p2a: Toxapex|Liquidation|p1a: Arceus\n|-damage|p1a: Arceus|179/291 tox\n|\n|-damage|p1a: Arceus|143/291 tox|[from] psn\n|upkeep\n|turn|30\n|\n|t:|1733780673\n|switch|p2a: Galvantula|Galvantula, L82, F|69/249 psn\n|move|p1a: Arceus|Thunderbolt|p2a: Galvantula\n|-resisted|p2a: Galvantula\n|-damage|p2a: Galvantula|9/249 psn\n|\n|-damage|p2a: Galvantula|0 fnt|[from] psn\n|faint|p2a: Galvantula\n|-damage|p1a: Arceus|89/291 tox|[from] psn\n|upkeep\n|inactive|Imperator210 has 120 seconds left.\n|\n|t:|1733780689\n|switch|p2a: Haxorus|Haxorus, L77, M, tera:Steel|34/244\n|-ability|p2a: Haxorus|Mold Breaker\n|turn|31\n|\n|t:|1733780701\n|switch|p1a: Gurdurr|Gurdurr, L85, M|283/283\n|-activate|p1a: Gurdurr|move: Sticky Web\n|-unboost|p1a: Gurdurr|spe|1\n|move|p2a: Haxorus|Earthquake|p1a: Gurdurr\n|-damage|p1a: Gurdurr|230/283\n|\n|upkeep\n|turn|32\n|\n|t:|1733780708\n|switch|p2a: Toxapex|Toxapex, L82, M|155/216\n|move|p1a: Gurdurr|Defog|p2a: Toxapex\n|-unboost|p2a: Toxapex|evasion|1\n|-sideend|p1: maizecornman|Sticky Web|[from] move: Defog|[of] p1a: Gurdurr\n|\n|upkeep\n|turn|33\n|\n|t:|1733780724\n|switch|p1a: Arcanine|Arcanine-Hisui, L80, M|189/283\n|move|p2a: Toxapex|Liquidation|p1a: Arcanine\n|-supereffective|p1a: Arcanine\n|-damage|p1a: Arcanine|0 fnt\n|faint|p1a: Arcanine\n|\n|upkeep\n|\n|t:|1733780728\n|switch|p1a: Arceus|Arceus-Ice, L72, tera:Electric|89/291 tox\n|turn|34\n|\n|t:|1733780735\n|move|p1a: Arceus|Thunderbolt|p2a: Toxapex\n|-supereffective|p2a: Toxapex\n|-damage|p2a: Toxapex|47/216\n|move|p2a: Toxapex|Liquidation|p1a: Arceus\n|-damage|p1a: Arceus|28/291 tox\n|\n|-damage|p1a: Arceus|10/291 tox|[from] psn\n|upkeep\n|turn|35\n|\n|t:|1733780749\n|switch|p1a: Gurdurr|Gurdurr, L85, M|230/283\n|move|p2a: Toxapex|Recover|p2a: Toxapex\n|-heal|p2a: Toxapex|155/216\n|\n|upkeep\n|turn|36\n|\n|t:|1733780761\n|move|p1a: Gurdurr|Drain Punch|p2a: Toxapex\n|-resisted|p2a: Toxapex\n|-damage|p2a: Toxapex|125/216\n|-heal|p1a: Gurdurr|245/283|[from] drain|[of] p2a: Toxapex\n|-damage|p1a: Gurdurr|198/283|[from] item: Rocky Helmet|[of] p2a: Toxapex\n|move|p2a: Toxapex|Liquidation|p1a: Gurdurr\n|-damage|p1a: Gurdurr|155/283\n|\n|upkeep\n|turn|37\n|c|\u2606maizecornman|well played\n|\n|t:|1733780771\n|move|p1a: Gurdurr|Drain Punch|p2a: Toxapex\n|-resisted|p2a: Toxapex\n|-damage|p2a: Toxapex|94/216\n|-heal|p1a: Gurdurr|171/283|[from] drain|[of] p2a: Toxapex\n|-damage|p1a: Gurdurr|124/283|[from] item: Rocky Helmet|[of] p2a: Toxapex\n|move|p2a: Toxapex|Recover|p2a: Toxapex\n|-heal|p2a: Toxapex|202/216\n|\n|upkeep\n|turn|38\n|\n|t:|1733780791\n|move|p1a: Gurdurr|Drain Punch|p2a: Toxapex\n|-resisted|p2a: Toxapex\n|-damage|p2a: Toxapex|174/216\n|-heal|p1a: Gurdurr|138/283|[from] drain|[of] p2a: Toxapex\n|-damage|p1a: Gurdurr|91/283|[from] item: Rocky Helmet|[of] p2a: Toxapex\n|move|p2a: Toxapex|Liquidation|p1a: Gurdurr\n|-damage|p1a: Gurdurr|43/283\n|\n|upkeep\n|turn|39\n|-message|maizecornman forfeited.\n|\n|win|Imperator210\n|raw|maizecornman's rating: 1718 &rarr; <strong>1702</strong><br />(-16 for losing)\n|raw|Imperator210's rating: 1789 &rarr; <strong>1805</strong><br />(+16 for winning)\n|l|\u2606maizecornman\n|player|p1|\n|c|\u2606Imperator210|gg\n", "inputlog": ">version bfd83cad13791eb5a5a409923076391caf6fb4d4\n>start {\"formatid\":\"gen9randombattle\",\"seed\":[41747,57213,16399,15612],\"rated\":\"Rated battle\"}\n>player p1 {\"name\":\"maizecornman\",\"avatar\":\"169\",\"rating\":1718,\"seed\":[2873,60068,57653,17778]}\n>player p2 {\"name\":\"Imperator210\",\"avatar\":\"sonia\",\"rating\":1789,\"seed\":[41356,21452,60314,56247]}\n>p1 switch 4\n>p2 move uturn\n>p2 switch 4\n>p1 move diamondstorm\n>p2 move toxic\n>p1 move diamondstorm\n>p2 move haze\n>p1 move diamondstorm\n>p2 switch 5\n>p1 move bodypress\n>p2 switch 4\n>p2 switch 3\n>p1 move moonblast\n>p2 switch 4\n>p1 move diamondstorm\n>p2 switch 2\n>p1 move bodypress\n>p2 move superpower\n>p1 switch 2\n>p1 move extremespeed\n>p2 switch 5\n>p1 move headsmash\n>p2 switch 2\n>p1 move flareblitz\n>p2 switch 2\n>p1 switch 4\n>p2 move recover\n>p1 move scaleshot\n>p2 move toxic\n>chat \u2606Imperator210|aids\n>p1 move swordsdance\n>p2 switch 2\n>p1 move earthquake\n>p2 switch 5\n>p1 move iciclespear\n>p2 switch 2\n>p1 move iciclespear\n>p2 switch 2\n>p2 switch 5\n>p1 move scaleshot\n>p2 move heavyslam\n>p1 switch 3\n>p2 switch 6\n>p1 move calmmind terastallize\n>p2 move thunder\n>p1 move calmmind\n>p2 move voltswitch\n>p2 switch 4\n>p1 move thunderbolt\n>p2 move scaleshot terastallize\n>p1 switch 6\n>p2 move earthquake\n>p1 move drainpunch\n>p2 switch 4\n>p1 move gunkshot\n>p2 move stickyweb\n>p1 move knockoff\n>p2 move thunder\n>p1 move drainpunch\n>p2 move voltswitch\n>p2 switch 2\n>p1 move knockoff\n>p2 move recover\n>p1 switch 6\n>p1 move recover\n>p2 move toxic\n>p1 move thunderbolt\n>p2 move liquidation\n>p1 move thunderbolt\n>p2 switch 2\n>p2 switch 4\n>p1 switch 5\n>p2 move earthquake\n>p1 move defog\n>p2 switch 2\n>p1 switch 4\n>p2 move liquidation\n>p1 switch 5\n>p1 move thunderbolt\n>p2 move liquidation\n>p1 switch 4\n>p2 move recover\n>p1 move drainpunch\n>p2 move liquidation\n>chat \u2606maizecornman|well played\n>p1 move drainpunch\n>p2 move recover\n>p1 move drainpunch\n>p2 move liquidation\n>forcelose p1", "uploadtime": 1733780806, "views": 2, "formatid": "gen9randombattle", "rating": 1702, "private": 0, "password": null}