{"id": "gen9randombattle-2260346665", "format": "[Gen 9] Random Battle", "players": ["nhlist", "useemstohavefun"], "log": "|badge|p2|bronze|gen9randombattle|100-3\n|uhtml|medal-msg|<div class=\"broadcast-blue\">Curious what those medals under the avatar are? PS now has Ladder Seasons! For more information, check out the <a href=\"https://www.smogon.com/forums/threads/3740067/\">thread on Smogon.</a></div>\n|j|\u2606nhlist\n|j|\u2606useemstohavefun\n|t:|1733842457\n|gametype|singles\n|player|p1|nhlist|roughneck-gen4|2181\n|player|p2|useemstohavefun|thorton|2299\n|teamsize|p1|6\n|teamsize|p2|6\n|gen|9\n|tier|[Gen 9] Random Battle\n|rated|\n|rule|Species Clause: Limit one of each Pok\u00e9mon\n|rule|HP Percentage Mod: HP is shown in percentages\n|rule|Sleep Clause Mod: Limit one foe put to sleep\n|rule|Illusion Level Mod: Illusion disguises the Pok\u00e9mon's true level\n|\n|t:|1733842457\n|start\n|switch|p1a: Swampert|Swampert, L83, M|302/302\n|switch|p2a: Chansey|Chansey, L85, F|564/564\n|turn|1\n|inactive|Battle timer is ON: inactive players will automatically lose when time's up. (requested by useemstohavefun)\n|j| 0xm9\n|\n|t:|1733842473\n|move|p1a: Swampert|Earthquake|p2a: Chansey\n|-damage|p2a: Chansey|281/564\n|move|p2a: Chansey|Seismic Toss|p1a: Swampert\n|-damage|p1a: Swampert|217/302\n|\n|-heal|p1a: Swampert|235/302|[from] item: Leftovers\n|upkeep\n|turn|2\n|\n|t:|1733842480\n|switch|p2a: Alomomola|Alomomola, L87, M|429/429\n|move|p1a: Swampert|Flip Turn|p2a: Alomomola\n|-resisted|p2a: Alomomola\n|-damage|p2a: Alomomola|395/429\n|\n|t:|1733842498\n|switch|p1a: Ariados|Ariados, L95, M|287/287|[from] Flip Turn\n|\n|-heal|p2a: Alomomola|421/429|[from] item: Leftovers\n|upkeep\n|turn|3\n|\n|t:|1733842506\n|move|p2a: Alomomola|Scald|p1a: Ariados\n|-damage|p1a: Ariados|239/287\n|move|p1a: Ariados|Knock Off|p2a: Alomomola\n|-damage|p2a: Alomomola|341/429\n|-enditem|p2a: Alomomola|Leftovers|[from] move: Knock Off|[of] p1a: Ariados\n|\n|upkeep\n|turn|4\n|\n|t:|1733842512\n|move|p2a: Alomomola|Scald|p1a: Ariados\n|-damage|p1a: Ariados|191/287\n|move|p1a: Ariados|Sticky Web|p2a: Alomomola\n|-sidestart|p2: useemstohavefun|move: Sticky Web\n|\n|upkeep\n|turn|5\n|\n|t:|1733842533\n|switch|p1a: Primarina|Primarina, L83, F|268/268\n|move|p2a: Alomomola|Scald|p1a: Primarina\n|-resisted|p1a: Primarina\n|-damage|p1a: Primarina|248/268\n|\n|-heal|p1a: Primarina|264/268|[from] item: Leftovers\n|upkeep\n|turn|6\n|\n|t:|1733842544\n|switch|p1a: Ariados|Ariados, L95, M|191/287\n|move|p2a: Alomomola|Wish|p2a: Alomomola\n|\n|upkeep\n|turn|7\n|\n|t:|1733842551\n|move|p2a: Alomomola|Scald|p1a: Ariados\n|-damage|p1a: Ariados|140/287\n|move|p1a: Ariados|Poison Jab|p2a: Alomomola\n|-damage|p2a: Alomomola|226/429\n|-status|p2a: Alomomola|psn\n|\n|-heal|p2a: Alomomola|429/429 psn|[from] move: Wish|[wisher] Alomomola\n|-damage|p2a: Alomomola|376/429 psn|[from] psn\n|upkeep\n|turn|8\n|\n|t:|1733842559\n|move|p2a: Alomomola|Scald|p1a: Ariados\n|-damage|p1a: Ariados|86/287\n|-status|p1a: Ariados|brn\n|move|p1a: Ariados|Megahorn|p2a: Alomomola\n|-damage|p2a: Alomomola|247/429 psn\n|\n|-damage|p2a: Alomomola|194/429 psn|[from] psn\n|-damage|p1a: Ariados|69/287 brn|[from] brn\n|upkeep\n|turn|9\n|\n|t:|1733842574\n|move|p2a: Alomomola|Wish|p2a: Alomomola\n|move|p1a: Ariados|Megahorn|p2a: Alomomola\n|-damage|p2a: Alomomola|80/429 psn\n|\n|-damage|p2a: Alomomola|27/429 psn|[from] psn\n|-damage|p1a: Ariados|52/287 brn|[from] brn\n|upkeep\n|turn|10\n|\n|t:|1733842581\n|switch|p1a: Primarina|Primarina, L83, F|264/268\n|move|p2a: Alomomola|Flip Turn|p1a: Primarina\n|-resisted|p1a: Primarina\n|-damage|p1a: Primarina|232/268\n|\n|t:|1733842584\n|switch|p2a: Chansey|Chansey, L85, F|281/564|[from] Flip Turn\n|-activate|p2a: Chansey|move: Sticky Web\n|-unboost|p2a: Chansey|spe|1\n|\n|-heal|p2a: Chansey|495/564|[from] move: Wish|[wisher] Alomomola\n|-heal|p1a: Primarina|248/268|[from] item: Leftovers\n|upkeep\n|turn|11\n|\n|t:|1733842590\n|switch|p1a: Swampert|Swampert, L83, M|235/302\n|move|p2a: Chansey|Seismic Toss|p1a: Swampert\n|-damage|p1a: Swampert|150/302\n|\n|-heal|p1a: Swampert|168/302|[from] item: Leftovers\n|upkeep\n|turn|12\n|\n|t:|1733842595\n|switch|p2a: Delibird|Delibird, M|252/252\n|move|p1a: Swampert|Earthquake|p2a: Delibird\n|-immune|p2a: Delibird\n|\n|-heal|p1a: Swampert|186/302|[from] item: Leftovers\n|upkeep\n|turn|13\n|\n|t:|1733842623\n|move|p2a: Delibird|Rapid Spin|p1a: Swampert\n|-damage|p1a: Swampert|149/302\n|-boost|p2a: Delibird|spe|1\n|-sideend|p2: useemstohavefun|Sticky Web|[from] move: Rapid Spin|[of] p2a: Delibird\n|move|p1a: Swampert|Flip Turn|p2a: Delibird\n|-damage|p2a: Delibird|162/252\n|\n|t:|1733842630\n|switch|p1a: Hippowdon|Hippowdon, L82, F|311/311|[from] Flip Turn\n|-weather|Sandstorm|[from] ability: Sand Stream|[of] p1a: Hippowdon\n|\n|-weather|Sandstorm|[upkeep]\n|-damage|p2a: Delibird|147/252|[from] Sandstorm\n|upkeep\n|turn|14\n|\n|t:|1733842638\n|switch|p2a: Alomomola|Alomomola, L87, M|170/429 psn\n|move|p1a: Hippowdon|Stone Edge|p2a: Alomomola\n|-damage|p2a: Alomomola|86/429 psn\n|\n|-weather|Sandstorm|[upkeep]\n|-damage|p2a: Alomomola|60/429 psn|[from] Sandstorm\n|-damage|p2a: Alomomola|7/429 psn|[from] psn\n|upkeep\n|turn|15\n|\n|t:|1733842646\n|move|p2a: Alomomola|Flip Turn|p1a: Hippowdon\n|-supereffective|p1a: Hippowdon\n|-damage|p1a: Hippowdon|215/311\n|\n|t:|1733842653\n|switch|p2a: Gastrodon|Gastrodon-East, L86, M|331/331|[from] Flip Turn\n|move|p1a: Hippowdon|Curse|p1a: Hippowdon\n|-unboost|p1a: Hippowdon|spe|1\n|-boost|p1a: Hippowdon|atk|1\n|-boost|p1a: Hippowdon|def|1\n|\n|-weather|Sandstorm|[upkeep]\n|-heal|p1a: Hippowdon|234/311|[from] item: Leftovers\n|upkeep\n|turn|16\n|\n|t:|1733842670\n|switch|p1a: Primarina|Primarina, L83, F|248/268\n|move|p2a: Gastrodon|Surf|p1a: Primarina\n|-resisted|p1a: Primarina\n|-damage|p1a: Primarina|211/268\n|\n|-weather|Sandstorm|[upkeep]\n|-damage|p1a: Primarina|195/268|[from] Sandstorm\n|-heal|p1a: Primarina|211/268|[from] item: Leftovers\n|upkeep\n|turn|17\n|\n|t:|1733842682\n|switch|p1a: Swampert|Swampert, L83, M|149/302\n|switch|p2a: Chansey|Chansey, L85, F|495/564\n|\n|-weather|none\n|-heal|p1a: Swampert|167/302|[from] item: Leftovers\n|upkeep\n|turn|18\n|\n|t:|1733842692\n|switch|p2a: Delibird|Delibird, M|147/252\n|move|p1a: Swampert|Flip Turn|p2a: Delibird\n|-damage|p2a: Delibird|50/252\n|\n|t:|1733842698\n|switch|p1a: Jolteon|Jolteon, L84, F|246/246|[from] Flip Turn\n|\n|upkeep\n|turn|19\n|\n|t:|1733842708\n|switch|p1a: Swampert|Swampert, L83, M|167/302\n|switch|p2a: Gastrodon|Gastrodon-East, L86, M|331/331\n|\n|-heal|p1a: Swampert|185/302|[from] item: Leftovers\n|upkeep\n|turn|20\n|\n|t:|1733842716\n|move|p1a: Swampert|Yawn|p2a: Gastrodon\n|-start|p2a: Gastrodon|move: Yawn|[of] p1a: Swampert\n|move|p2a: Gastrodon|Earthquake|p1a: Swampert\n|-damage|p1a: Swampert|82/302\n|\n|-heal|p1a: Swampert|100/302|[from] item: Leftovers\n|upkeep\n|turn|21\n|\n|t:|1733842725\n|switch|p2a: Alomomola|Alomomola, L87, M|150/429 psn\n|move|p1a: Swampert|Flip Turn|p2a: Alomomola\n|-resisted|p2a: Alomomola\n|-damage|p2a: Alomomola|92/429 psn\n|l| 0xm9\n|\n|t:|1733842741\n|switch|p1a: Hippowdon|Hippowdon, L82, F|234/311|[from] Flip Turn\n|-weather|Sandstorm|[from] ability: Sand Stream|[of] p1a: Hippowdon\n|\n|-weather|Sandstorm|[upkeep]\n|-damage|p2a: Alomomola|66/429 psn|[from] Sandstorm\n|-heal|p1a: Hippowdon|253/311|[from] item: Leftovers\n|-damage|p2a: Alomomola|13/429 psn|[from] psn\n|upkeep\n|turn|22\n|inactive|nhlist has 120 seconds left.\n|\n|t:|1733842787\n|move|p2a: Alomomola|Flip Turn|p1a: Hippowdon\n|-supereffective|p1a: Hippowdon\n|-damage|p1a: Hippowdon|151/311\n|\n|t:|1733842797\n|switch|p2a: Gastrodon|Gastrodon-East, L86, M|331/331|[from] Flip Turn\n|move|p1a: Hippowdon|Earthquake|p2a: Gastrodon\n|-damage|p2a: Gastrodon|205/331\n|\n|-weather|Sandstorm|[upkeep]\n|-heal|p1a: Hippowdon|170/311|[from] item: Leftovers\n|-heal|p2a: Gastrodon|225/331|[from] item: Leftovers\n|upkeep\n|turn|23\n|\n|t:|1733842802\n|move|p1a: Hippowdon|Earthquake|p2a: Gastrodon\n|-damage|p2a: Gastrodon|95/331\n|move|p2a: Gastrodon|Surf|p1a: Hippowdon\n|-supereffective|p1a: Hippowdon\n|-damage|p1a: Hippowdon|0 fnt\n|faint|p1a: Hippowdon\n|\n|-weather|Sandstorm|[upkeep]\n|-heal|p2a: Gastrodon|115/331|[from] item: Leftovers\n|upkeep\n|inactive|nhlist has 90 seconds left.\n|\n|t:|1733842836\n|switch|p1a: Swampert|Swampert, L83, M|100/302\n|turn|24\n|\n|t:|1733842845\n|switch|p2a: Alomomola|Alomomola, L87, M|156/429 psn\n|move|p1a: Swampert|Earthquake|p2a: Alomomola\n|-damage|p2a: Alomomola|30/429 psn\n|\n|-weather|Sandstorm|[upkeep]\n|-damage|p2a: Alomomola|4/429 psn|[from] Sandstorm\n|-heal|p1a: Swampert|118/302|[from] item: Leftovers\n|-damage|p2a: Alomomola|0 fnt|[from] psn\n|faint|p2a: Alomomola\n|upkeep\n|\n|t:|1733842851\n|switch|p2a: Delibird|Delibird, M|50/252\n|turn|25\n|\n|t:|1733842863\n|switch|p1a: Jolteon|Jolteon, L84, F|246/246\n|move|p2a: Delibird|Freeze-Dry|p1a: Jolteon\n|-damage|p1a: Jolteon|168/246\n|\n|-weather|none\n|-heal|p1a: Jolteon|183/246|[from] item: Leftovers\n|upkeep\n|turn|26\n|\n|t:|1733842870\n|switch|p2a: Chansey|Chansey, L85, F|495/564\n|move|p1a: Jolteon|Tera Blast|p2a: Chansey\n|-damage|p2a: Chansey|458/564\n|\n|-heal|p1a: Jolteon|198/246|[from] item: Leftovers\n|upkeep\n|turn|27\n|\n|t:|1733842876\n|switch|p1a: Swampert|Swampert, L83, M|118/302\n|move|p2a: Chansey|Seismic Toss|p1a: Swampert\n|-damage|p1a: Swampert|33/302\n|\n|-heal|p1a: Swampert|51/302|[from] item: Leftovers\n|upkeep\n|turn|28\n|inactive|nhlist has 120 seconds left.\n|\n|t:|1733842883\n|move|p1a: Swampert|Flip Turn|p2a: Chansey\n|-damage|p2a: Chansey|235/564\n|inactive|nhlist has 120 seconds left.\n|\n|t:|1733842903\n|switch|p1a: Primarina|Primarina, L83, F|211/268|[from] Flip Turn\n|move|p2a: Chansey|Seismic Toss|p1a: Primarina\n|-damage|p1a: Primarina|126/268\n|\n|-heal|p1a: Primarina|142/268|[from] item: Leftovers\n|upkeep\n|turn|29\n|\n|t:|1733842909\n|switch|p1a: Swampert|Swampert, L83, M|51/302\n|move|p2a: Chansey|Soft-Boiled|p2a: Chansey\n|-heal|p2a: Chansey|517/564\n|\n|-heal|p1a: Swampert|69/302|[from] item: Leftovers\n|upkeep\n|turn|30\n|inactive|nhlist has 90 seconds left.\n|\n|t:|1733842950\n|move|p1a: Swampert|Flip Turn|p2a: Chansey\n|-damage|p2a: Chansey|273/564\n|\n|t:|1733842952\n|switch|p1a: Ariados|Ariados, L95, M|52/287 brn|[from] Flip Turn\n|move|p2a: Chansey|Seismic Toss|p1a: Ariados\n|-damage|p1a: Ariados|0 fnt\n|faint|p1a: Ariados\n|\n|upkeep\n|\n|t:|1733842954\n|switch|p1a: Swampert|Swampert, L83, M|69/302\n|turn|31\n|\n|t:|1733842966\n|switch|p2a: Gastrodon|Gastrodon-East, L86, M|115/331\n|move|p1a: Swampert|Flip Turn|p2a: Gastrodon\n|-ability|p2a: Gastrodon|Storm Drain|boost\n|-boost|p2a: Gastrodon|spa|1\n|\n|-heal|p1a: Swampert|87/302|[from] item: Leftovers\n|-heal|p2a: Gastrodon|135/331|[from] item: Leftovers\n|upkeep\n|turn|32\n|\n|t:|1733842980\n|switch|p2a: Delibird|Delibird, M|50/252\n|move|p1a: Swampert|Earthquake|p2a: Delibird\n|-immune|p2a: Delibird\n|\n|-heal|p1a: Swampert|105/302|[from] item: Leftovers\n|upkeep\n|turn|33\n|\n|t:|1733843001\n|move|p2a: Delibird|Freeze-Dry|p1a: Swampert\n|-supereffective|p1a: Swampert\n|-crit|p1a: Swampert\n|-damage|p1a: Swampert|0 fnt\n|faint|p1a: Swampert\n|\n|upkeep\n|-message|nhlist forfeited.\n|\n|win|useemstohavefun\n|raw|nhlist's rating: 2181 &rarr; <strong>2168</strong><br />(-13 for losing)\n|raw|useemstohavefun's rating: 2299 &rarr; <strong>2312</strong><br />(+13 for winning)\n|l|\u2606nhlist\n|player|p1|\n", "inputlog": ">version bfd83cad13791eb5a5a409923076391caf6fb4d4\n>start {\"formatid\":\"gen9randombattle\",\"seed\":[32512,56665,53622,29153],\"rated\":\"Rated battle\"}\n>player p1 {\"name\":\"nhlist\",\"avatar\":\"roughneck-gen4\",\"rating\":2181,\"seed\":[14328,17794,64707,23872]}\n>player p2 {\"name\":\"useemstohavefun\",\"avatar\":\"thorton\",\"rating\":2299,\"seed\":[321,8593,59742,43587]}\n>p1 move earthquake\n>p2 move seismictoss\n>p1 move flipturn\n>p2 switch 3\n>p1 switch 5\n>p1 move knockoff\n>p2 move scald\n>p1 move stickyweb\n>p2 move scald\n>p1 switch 3\n>p2 move scald\n>p1 switch 3\n>p2 move wish\n>p1 move poisonjab\n>p2 move scald\n>p1 move megahorn\n>p2 move scald\n>p1 move megahorn\n>p2 move wish\n>p1 switch 3\n>p2 move flipturn\n>p2 switch 3\n>p1 switch 5\n>p2 move seismictoss\n>p1 move earthquake\n>p2 switch 6\n>p1 move flipturn\n>p2 move rapidspin\n>p1 switch 4\n>p1 move stoneedge\n>p2 switch 3\n>p1 move curse\n>p2 move flipturn\n>p2 switch 2\n>p1 switch 5\n>p2 move surf\n>p1 switch 4\n>p2 switch 6\n>p1 move flipturn\n>p2 switch 3\n>p1 switch 6\n>p1 switch 6\n>p2 switch 6\n>p1 move yawn\n>p2 move earthquake\n>p1 move flipturn\n>p2 switch 2\n>p1 switch 5\n>p1 move earthquake\n>p2 move flipturn\n>p2 switch 2\n>p1 move earthquake\n>p2 move surf\n>p1 switch 5\n>p1 move earthquake\n>p2 switch 2\n>p2 switch 6\n>p1 switch 6\n>p2 move freezedry\n>p1 move terablast\n>p2 switch 3\n>p1 switch 6\n>p2 move seismictoss\n>p1 move flipturn\n>p2 move seismictoss\n>p1 switch 4\n>p1 switch 4\n>p2 move softboiled\n>p1 move flipturn\n>p2 move seismictoss\n>p1 switch 3\n>p1 switch 3\n>p1 move flipturn\n>p2 switch 2\n>p1 move earthquake\n>p2 switch 3\n>p1 move earthquake\n>p2 move freezedry\n>forcelose p1", "uploadtime": 1733843007, "views": 1, "formatid": "gen9randombattle", "rating": 2168, "private": 0, "password": null}