{"id": "gen9randombattle-2260658339", "format": "[Gen 9] Random Battle", "players": ["Himdog03", "robberbaron123"], "log": "|j|\u2606Himdog03\n|j|\u2606robberbaron123\n|t:|1733874827\n|gametype|singles\n|player|p1|Himdog03|169|1673\n|player|p2|robberbaron123|266|1686\n|teamsize|p1|6\n|teamsize|p2|6\n|gen|9\n|tier|[Gen 9] Random Battle\n|rated|\n|rule|Species Clause: Limit one of each Pok\u00e9mon\n|rule|HP Percentage Mod: HP is shown in percentages\n|rule|Sleep Clause Mod: Limit one foe put to sleep\n|rule|Illusion Level Mod: Illusion disguises the Pok\u00e9mon's true level\n|\n|t:|1733874827\n|start\n|switch|p1a: Gogoat|Gogoat, L88, F|360/360\n|switch|p2a: Hatterene|Hatterene, L85, F|236/236\n|turn|1\n|inactive|Battle timer is ON: inactive players will automatically lose when time's up. (requested by Himdog03)\n|\n|t:|1733874857\n|switch|p2a: Rotom|Rotom-Mow, L86|226/226\n|move|p1a: Gogoat|Bulk Up|p1a: Gogoat\n|-boost|p1a: Gogoat|atk|1\n|-boost|p1a: Gogoat|def|1\n|\n|upkeep\n|turn|2\n|\n|t:|1733874868\n|move|p2a: Rotom|Will-O-Wisp|p1a: Gogoat\n|-status|p1a: Gogoat|brn\n|move|p1a: Gogoat|Rock Slide|p2a: Rotom\n|-damage|p2a: Rotom|190/226\n|\n|-damage|p1a: Gogoat|338/360 brn|[from] brn\n|upkeep\n|turn|3\n|\n|t:|1733874879\n|switch|p2a: Clodsire|Clodsire, L81, M|343/343\n|move|p1a: Gogoat|Bulk Up|p1a: Gogoat\n|-boost|p1a: Gogoat|atk|1\n|-boost|p1a: Gogoat|def|1\n|\n|-heal|p1a: Gogoat|360/360 brn|[from] item: Leftovers\n|-damage|p1a: Gogoat|338/360 brn|[from] brn\n|upkeep\n|turn|4\n|\n|t:|1733874896\n|switch|p2a: Forretress|Forretress, L84, F|263/263\n|move|p1a: Gogoat|Bulk Up|p1a: Gogoat\n|-boost|p1a: Gogoat|atk|1\n|-boost|p1a: Gogoat|def|1\n|\n|-heal|p1a: Gogoat|360/360 brn|[from] item: Leftovers\n|-damage|p1a: Gogoat|338/360 brn|[from] brn\n|upkeep\n|turn|5\n|\n|t:|1733874903\n|move|p1a: Gogoat|Bulk Up|p1a: Gogoat\n|-boost|p1a: Gogoat|atk|1\n|-boost|p1a: Gogoat|def|1\n|move|p2a: Forretress|Toxic Spikes|p1a: Gogoat\n|-sidestart|p1: Himdog03|move: Toxic Spikes\n|\n|-heal|p1a: Gogoat|360/360 brn|[from] item: Leftovers\n|-damage|p1a: Gogoat|338/360 brn|[from] brn\n|upkeep\n|turn|6\n|\n|t:|1733874914\n|move|p1a: Gogoat|Bulk Up|p1a: Gogoat\n|-boost|p1a: Gogoat|atk|1\n|-boost|p1a: Gogoat|def|1\n|move|p2a: Forretress|Toxic Spikes|p1a: Gogoat\n|-sidestart|p1: Himdog03|move: Toxic Spikes\n|\n|-heal|p1a: Gogoat|360/360 brn|[from] item: Leftovers\n|-damage|p1a: Gogoat|338/360 brn|[from] brn\n|upkeep\n|turn|7\n|\n|t:|1733874920\n|move|p1a: Gogoat|Rock Slide|p2a: Forretress|[miss]\n|-miss|p1a: Gogoat|p2a: Forretress\n|move|p2a: Forretress|Rapid Spin|p1a: Gogoat\n|-damage|p1a: Gogoat|325/360 brn\n|-boost|p2a: Forretress|spe|1\n|\n|-heal|p1a: Gogoat|347/360 brn|[from] item: Leftovers\n|-damage|p1a: Gogoat|325/360 brn|[from] brn\n|upkeep\n|turn|8\n|\n|t:|1733874926\n|move|p2a: Forretress|Iron Head|p1a: Gogoat\n|-damage|p1a: Gogoat|292/360 brn\n|cant|p1a: Gogoat|flinch\n|\n|-heal|p1a: Gogoat|314/360 brn|[from] item: Leftovers\n|-damage|p1a: Gogoat|292/360 brn|[from] brn\n|upkeep\n|turn|9\n|\n|t:|1733874932\n|move|p2a: Forretress|Iron Head|p1a: Gogoat\n|-damage|p1a: Gogoat|262/360 brn\n|cant|p1a: Gogoat|flinch\n|\n|-heal|p1a: Gogoat|284/360 brn|[from] item: Leftovers\n|-damage|p1a: Gogoat|262/360 brn|[from] brn\n|upkeep\n|turn|10\n|\n|t:|1733874935\n|move|p2a: Forretress|Iron Head|p1a: Gogoat\n|-damage|p1a: Gogoat|231/360 brn\n|cant|p1a: Gogoat|flinch\n|\n|-heal|p1a: Gogoat|253/360 brn|[from] item: Leftovers\n|-damage|p1a: Gogoat|231/360 brn|[from] brn\n|upkeep\n|turn|11\n|\n|t:|1733874940\n|move|p2a: Forretress|Iron Head|p1a: Gogoat\n|-damage|p1a: Gogoat|200/360 brn\n|move|p1a: Gogoat|Bulk Up|p1a: Gogoat\n|-boost|p1a: Gogoat|atk|1\n|-boost|p1a: Gogoat|def|1\n|\n|-heal|p1a: Gogoat|222/360 brn|[from] item: Leftovers\n|-damage|p1a: Gogoat|200/360 brn|[from] brn\n|upkeep\n|turn|12\n|c|\u2606robberbaron123|lol\n|c|\u2606robberbaron123|wtf\n|\n|t:|1733874943\n|move|p2a: Forretress|Iron Head|p1a: Gogoat\n|-damage|p1a: Gogoat|176/360 brn\n|move|p1a: Gogoat|Milk Drink|p1a: Gogoat\n|-heal|p1a: Gogoat|356/360 brn\n|\n|-heal|p1a: Gogoat|360/360 brn|[from] item: Leftovers\n|-damage|p1a: Gogoat|338/360 brn|[from] brn\n|upkeep\n|turn|13\n|\n|t:|1733874948\n|move|p2a: Forretress|Iron Head|p1a: Gogoat\n|-damage|p1a: Gogoat|311/360 brn\n|move|p1a: Gogoat|Horn Leech|p2a: Forretress\n|-resisted|p2a: Forretress\n|-damage|p2a: Forretress|231/263\n|-heal|p1a: Gogoat|327/360 brn|[from] drain|[of] p2a: Forretress\n|\n|-heal|p2a: Forretress|247/263|[from] item: Leftovers\n|-heal|p1a: Gogoat|349/360 brn|[from] item: Leftovers\n|-damage|p1a: Gogoat|327/360 brn|[from] brn\n|upkeep\n|turn|14\n|\n|t:|1733874968\n|move|p2a: Forretress|Iron Head|p1a: Gogoat\n|-damage|p1a: Gogoat|302/360 brn\n|cant|p1a: Gogoat|flinch\n|\n|-heal|p2a: Forretress|263/263|[from] item: Leftovers\n|-heal|p1a: Gogoat|324/360 brn|[from] item: Leftovers\n|-damage|p1a: Gogoat|302/360 brn|[from] brn\n|upkeep\n|turn|15\n|\n|t:|1733874978\n|move|p2a: Forretress|Iron Head|p1a: Gogoat\n|-damage|p1a: Gogoat|275/360 brn\n|cant|p1a: Gogoat|flinch\n|\n|-heal|p1a: Gogoat|297/360 brn|[from] item: Leftovers\n|-damage|p1a: Gogoat|275/360 brn|[from] brn\n|upkeep\n|turn|16\n|\n|t:|1733874986\n|move|p2a: Forretress|Rapid Spin|p1a: Gogoat\n|-damage|p1a: Gogoat|265/360 brn\n|-boost|p2a: Forretress|spe|1\n|move|p1a: Gogoat|Horn Leech|p2a: Forretress\n|-resisted|p2a: Forretress\n|-damage|p2a: Forretress|233/263\n|-heal|p1a: Gogoat|280/360 brn|[from] drain|[of] p2a: Forretress\n|\n|-heal|p2a: Forretress|249/263|[from] item: Leftovers\n|-heal|p1a: Gogoat|302/360 brn|[from] item: Leftovers\n|-damage|p1a: Gogoat|280/360 brn|[from] brn\n|upkeep\n|turn|17\n|\n|t:|1733874990\n|move|p2a: Forretress|Rapid Spin|p1a: Gogoat\n|-damage|p1a: Gogoat|269/360 brn\n|-boost|p2a: Forretress|spe|1\n|move|p1a: Gogoat|Horn Leech|p2a: Forretress\n|-resisted|p2a: Forretress\n|-damage|p2a: Forretress|218/263\n|-heal|p1a: Gogoat|285/360 brn|[from] drain|[of] p2a: Forretress\n|\n|-heal|p2a: Forretress|234/263|[from] item: Leftovers\n|-heal|p1a: Gogoat|307/360 brn|[from] item: Leftovers\n|-damage|p1a: Gogoat|285/360 brn|[from] brn\n|upkeep\n|turn|18\n|\n|t:|1733874995\n|move|p2a: Forretress|Iron Head|p1a: Gogoat\n|-damage|p1a: Gogoat|260/360 brn\n|move|p1a: Gogoat|Bulk Up|p1a: Gogoat\n|-boost|p1a: Gogoat|atk|0\n|-boost|p1a: Gogoat|def|0\n|\n|-heal|p2a: Forretress|250/263|[from] item: Leftovers\n|-heal|p1a: Gogoat|282/360 brn|[from] item: Leftovers\n|-damage|p1a: Gogoat|260/360 brn|[from] brn\n|upkeep\n|turn|19\n|\n|t:|1733874999\n|move|p2a: Forretress|Rapid Spin|p1a: Gogoat\n|-damage|p1a: Gogoat|249/360 brn\n|-boost|p2a: Forretress|spe|1\n|move|p1a: Gogoat|Bulk Up|p1a: Gogoat\n|-boost|p1a: Gogoat|atk|0\n|-boost|p1a: Gogoat|def|0\n|\n|-heal|p2a: Forretress|263/263|[from] item: Leftovers\n|-heal|p1a: Gogoat|271/360 brn|[from] item: Leftovers\n|-damage|p1a: Gogoat|249/360 brn|[from] brn\n|upkeep\n|turn|20\n|\n|t:|1733875008\n|move|p2a: Forretress|Rapid Spin|p1a: Gogoat\n|-damage|p1a: Gogoat|237/360 brn\n|-boost|p2a: Forretress|spe|1\n|move|p1a: Gogoat|Milk Drink|p1a: Gogoat\n|-heal|p1a: Gogoat|360/360 brn\n|\n|-damage|p1a: Gogoat|338/360 brn|[from] brn\n|upkeep\n|turn|21\n|\n|t:|1733875015\n|move|p2a: Forretress|Rapid Spin|p1a: Gogoat\n|-damage|p1a: Gogoat|327/360 brn\n|-boost|p2a: Forretress|spe|1\n|move|p1a: Gogoat|Rock Slide|p2a: Forretress|[miss]\n|-miss|p1a: Gogoat|p2a: Forretress\n|\n|-heal|p1a: Gogoat|349/360 brn|[from] item: Leftovers\n|-damage|p1a: Gogoat|327/360 brn|[from] brn\n|upkeep\n|turn|22\n|\n|t:|1733875022\n|move|p2a: Forretress|Rapid Spin|p1a: Gogoat\n|-damage|p1a: Gogoat|315/360 brn\n|move|p1a: Gogoat|Rock Slide|p2a: Forretress\n|-damage|p2a: Forretress|181/263\n|\n|-heal|p2a: Forretress|197/263|[from] item: Leftovers\n|-heal|p1a: Gogoat|337/360 brn|[from] item: Leftovers\n|-damage|p1a: Gogoat|315/360 brn|[from] brn\n|upkeep\n|turn|23\n|\n|t:|1733875031\n|move|p2a: Forretress|Iron Head|p1a: Gogoat\n|-crit|p1a: Gogoat\n|-damage|p1a: Gogoat|162/360 brn\n|move|p1a: Gogoat|Rock Slide|p2a: Forretress|[miss]\n|-miss|p1a: Gogoat|p2a: Forretress\n|\n|-heal|p2a: Forretress|213/263|[from] item: Leftovers\n|-heal|p1a: Gogoat|184/360 brn|[from] item: Leftovers\n|-damage|p1a: Gogoat|162/360 brn|[from] brn\n|upkeep\n|turn|24\n|\n|t:|1733875036\n|move|p2a: Forretress|Iron Head|p1a: Gogoat\n|-damage|p1a: Gogoat|137/360 brn\n|move|p1a: Gogoat|Milk Drink|p1a: Gogoat\n|-heal|p1a: Gogoat|317/360 brn\n|\n|-heal|p2a: Forretress|229/263|[from] item: Leftovers\n|-heal|p1a: Gogoat|339/360 brn|[from] item: Leftovers\n|-damage|p1a: Gogoat|317/360 brn|[from] brn\n|upkeep\n|turn|25\n|\n|t:|1733875041\n|move|p2a: Forretress|Iron Head|p1a: Gogoat\n|-damage|p1a: Gogoat|293/360 brn\n|cant|p1a: Gogoat|flinch\n|\n|-heal|p2a: Forretress|245/263|[from] item: Leftovers\n|-heal|p1a: Gogoat|315/360 brn|[from] item: Leftovers\n|-damage|p1a: Gogoat|293/360 brn|[from] brn\n|upkeep\n|turn|26\n|\n|t:|1733875046\n|move|p2a: Forretress|Rapid Spin|p1a: Gogoat\n|-damage|p1a: Gogoat|282/360 brn\n|move|p1a: Gogoat|Rock Slide|p2a: Forretress\n|-damage|p2a: Forretress|169/263\n|\n|-heal|p2a: Forretress|185/263|[from] item: Leftovers\n|-heal|p1a: Gogoat|304/360 brn|[from] item: Leftovers\n|-damage|p1a: Gogoat|282/360 brn|[from] brn\n|upkeep\n|turn|27\n|\n|t:|1733875053\n|move|p2a: Forretress|Iron Head|p1a: Gogoat\n|-damage|p1a: Gogoat|258/360 brn\n|move|p1a: Gogoat|Rock Slide|p2a: Forretress\n|-damage|p2a: Forretress|105/263\n|\n|-heal|p2a: Forretress|121/263|[from] item: Leftovers\n|-heal|p1a: Gogoat|280/360 brn|[from] item: Leftovers\n|-damage|p1a: Gogoat|258/360 brn|[from] brn\n|upkeep\n|turn|28\n|\n|t:|1733875063\n|move|p2a: Forretress|Iron Head|p1a: Gogoat\n|-damage|p1a: Gogoat|233/360 brn\n|move|p1a: Gogoat|Rock Slide|p2a: Forretress\n|-damage|p2a: Forretress|35/263\n|\n|-heal|p2a: Forretress|51/263|[from] item: Leftovers\n|-heal|p1a: Gogoat|255/360 brn|[from] item: Leftovers\n|-damage|p1a: Gogoat|233/360 brn|[from] brn\n|upkeep\n|turn|29\n|\n|t:|1733875077\n|move|p2a: Forretress|Iron Head|p1a: Gogoat\n|-damage|p1a: Gogoat|209/360 brn\n|move|p1a: Gogoat|Milk Drink|p1a: Gogoat\n|-heal|p1a: Gogoat|360/360 brn\n|\n|-heal|p2a: Forretress|67/263|[from] item: Leftovers\n|-damage|p1a: Gogoat|338/360 brn|[from] brn\n|upkeep\n|turn|30\n|\n|t:|1733875083\n|move|p2a: Forretress|Iron Head|p1a: Gogoat\n|-damage|p1a: Gogoat|313/360 brn\n|cant|p1a: Gogoat|flinch\n|\n|-heal|p2a: Forretress|83/263|[from] item: Leftovers\n|-heal|p1a: Gogoat|335/360 brn|[from] item: Leftovers\n|-damage|p1a: Gogoat|313/360 brn|[from] brn\n|upkeep\n|turn|31\n|\n|t:|1733875089\n|move|p2a: Forretress|Iron Head|p1a: Gogoat\n|-damage|p1a: Gogoat|288/360 brn\n|cant|p1a: Gogoat|flinch\n|\n|-heal|p2a: Forretress|99/263|[from] item: Leftovers\n|-heal|p1a: Gogoat|310/360 brn|[from] item: Leftovers\n|-damage|p1a: Gogoat|288/360 brn|[from] brn\n|upkeep\n|turn|32\n|\n|t:|1733875096\n|move|p2a: Forretress|Iron Head|p1a: Gogoat\n|-damage|p1a: Gogoat|261/360 brn\n|cant|p1a: Gogoat|flinch\n|\n|-heal|p2a: Forretress|115/263|[from] item: Leftovers\n|-heal|p1a: Gogoat|283/360 brn|[from] item: Leftovers\n|-damage|p1a: Gogoat|261/360 brn|[from] brn\n|upkeep\n|turn|33\n|\n|t:|1733875102\n|move|p2a: Forretress|Iron Head|p1a: Gogoat\n|-damage|p1a: Gogoat|234/360 brn\n|move|p1a: Gogoat|Rock Slide|p2a: Forretress\n|-damage|p2a: Forretress|26/263\n|\n|-heal|p2a: Forretress|42/263|[from] item: Leftovers\n|-heal|p1a: Gogoat|256/360 brn|[from] item: Leftovers\n|-damage|p1a: Gogoat|234/360 brn|[from] brn\n|upkeep\n|turn|34\n|\n|t:|1733875113\n|move|p2a: Forretress|Iron Head|p1a: Gogoat\n|-damage|p1a: Gogoat|210/360 brn\n|move|p1a: Gogoat|Milk Drink|p1a: Gogoat\n|-heal|p1a: Gogoat|360/360 brn\n|\n|-heal|p2a: Forretress|58/263|[from] item: Leftovers\n|-damage|p1a: Gogoat|338/360 brn|[from] brn\n|upkeep\n|turn|35\n|\n|t:|1733875124\n|move|p2a: Forretress|Iron Head|p1a: Gogoat\n|-damage|p1a: Gogoat|313/360 brn\n|move|p1a: Gogoat|Rock Slide|p2a: Forretress\n|-damage|p2a: Forretress|0 fnt\n|faint|p2a: Forretress\n|\n|-heal|p1a: Gogoat|335/360 brn|[from] item: Leftovers\n|-damage|p1a: Gogoat|313/360 brn|[from] brn\n|upkeep\n|\n|t:|1733875138\n|switch|p2a: Hatterene|Hatterene, L85, F|236/236\n|turn|36\n|\n|t:|1733875148\n|move|p1a: Gogoat|Horn Leech|p2a: Hatterene\n|-damage|p2a: Hatterene|80/236\n|-heal|p1a: Gogoat|360/360 brn|[from] drain|[of] p2a: Hatterene\n|move|p2a: Hatterene|Mystical Fire|p1a: Gogoat\n|-supereffective|p1a: Gogoat\n|-damage|p1a: Gogoat|208/360 brn\n|-unboost|p1a: Gogoat|spa|1\n|\n|-heal|p1a: Gogoat|230/360 brn|[from] item: Leftovers\n|-damage|p1a: Gogoat|208/360 brn|[from] brn\n|upkeep\n|turn|37\n|\n|t:|1733875157\n|switch|p2a: Rotom|Rotom-Mow, L86|190/226\n|move|p1a: Gogoat|Horn Leech|p2a: Rotom\n|-resisted|p2a: Rotom\n|-damage|p2a: Rotom|112/226\n|-heal|p1a: Gogoat|247/360 brn|[from] drain|[of] p2a: Rotom\n|\n|-heal|p1a: Gogoat|269/360 brn|[from] item: Leftovers\n|-damage|p1a: Gogoat|247/360 brn|[from] brn\n|upkeep\n|turn|38\n|\n|t:|1733875167\n|move|p2a: Rotom|Thunderbolt|p1a: Gogoat\n|-resisted|p1a: Gogoat\n|-crit|p1a: Gogoat\n|-damage|p1a: Gogoat|142/360 brn\n|-damage|p2a: Rotom|90/226|[from] item: Life Orb\n|move|p1a: Gogoat|Horn Leech|p2a: Rotom\n|-resisted|p2a: Rotom\n|-damage|p2a: Rotom|12/226\n|-heal|p1a: Gogoat|181/360 brn|[from] drain|[of] p2a: Rotom\n|\n|-heal|p1a: Gogoat|203/360 brn|[from] item: Leftovers\n|-damage|p1a: Gogoat|181/360 brn|[from] brn\n|upkeep\n|turn|39\n|\n|t:|1733875175\n|move|p2a: Rotom|Thunderbolt|p1a: Gogoat\n|-resisted|p1a: Gogoat\n|-damage|p1a: Gogoat|115/360 brn\n|-damage|p2a: Rotom|0 fnt|[from] item: Life Orb\n|faint|p2a: Rotom\n|move|p1a: Gogoat|Milk Drink|p1a: Gogoat\n|-heal|p1a: Gogoat|295/360 brn\n|\n|-heal|p1a: Gogoat|317/360 brn|[from] item: Leftovers\n|-damage|p1a: Gogoat|295/360 brn|[from] brn\n|upkeep\n|c|\u2606robberbaron123|;(\n|c|\u2606Himdog03|You let this happen\n|\n|t:|1733875190\n|switch|p2a: Jirachi|Jirachi, L80|291/291\n|turn|40\n|c|\u2606robberbaron123|I don't have any pokemon that could have killed 2hko'd it. I thought pp stalling it was the best\n|inactive|robberbaron123 has 120 seconds left.\n|\n|t:|1733875222\n|move|p2a: Jirachi|Iron Head|p1a: Gogoat\n|-damage|p1a: Gogoat|271/360 brn\n|move|p1a: Gogoat|Horn Leech|p2a: Jirachi\n|-resisted|p2a: Jirachi\n|-damage|p2a: Jirachi|210/291\n|-heal|p1a: Gogoat|312/360 brn|[from] drain|[of] p2a: Jirachi\n|\n|-heal|p1a: Gogoat|334/360 brn|[from] item: Leftovers\n|-damage|p1a: Gogoat|312/360 brn|[from] brn\n|upkeep\n|turn|41\n|\n|t:|1733875229\n|move|p2a: Jirachi|Iron Head|p1a: Gogoat\n|-damage|p1a: Gogoat|287/360 brn\n|move|p1a: Gogoat|Horn Leech|p2a: Jirachi\n|-resisted|p2a: Jirachi\n|-damage|p2a: Jirachi|132/291\n|-heal|p1a: Gogoat|326/360 brn|[from] drain|[of] p2a: Jirachi\n|\n|-heal|p1a: Gogoat|348/360 brn|[from] item: Leftovers\n|-damage|p1a: Gogoat|326/360 brn|[from] brn\n|upkeep\n|turn|42\n|\n|t:|1733875235\n|move|p2a: Jirachi|Iron Head|p1a: Gogoat\n|-damage|p1a: Gogoat|301/360 brn\n|cant|p1a: Gogoat|flinch\n|\n|-heal|p1a: Gogoat|323/360 brn|[from] item: Leftovers\n|-damage|p1a: Gogoat|301/360 brn|[from] brn\n|upkeep\n|turn|43\n|\n|t:|1733875246\n|move|p2a: Jirachi|Drain Punch|p1a: Gogoat\n|-damage|p1a: Gogoat|284/360 brn\n|-heal|p2a: Jirachi|141/291|[from] drain|[of] p1a: Gogoat\n|move|p1a: Gogoat|Rock Slide|p2a: Jirachi\n|-resisted|p2a: Jirachi\n|-damage|p2a: Jirachi|84/291\n|\n|-heal|p1a: Gogoat|306/360 brn|[from] item: Leftovers\n|-damage|p1a: Gogoat|284/360 brn|[from] brn\n|upkeep\n|turn|44\n|\n|t:|1733875256\n|move|p2a: Jirachi|Drain Punch|p1a: Gogoat\n|-damage|p1a: Gogoat|268/360 brn\n|-heal|p2a: Jirachi|92/291|[from] drain|[of] p1a: Gogoat\n|move|p1a: Gogoat|Rock Slide|p2a: Jirachi\n|-resisted|p2a: Jirachi\n|-damage|p2a: Jirachi|39/291\n|\n|-heal|p1a: Gogoat|290/360 brn|[from] item: Leftovers\n|-damage|p1a: Gogoat|268/360 brn|[from] brn\n|upkeep\n|turn|45\n|\n|t:|1733875261\n|move|p2a: Jirachi|Iron Head|p1a: Gogoat\n|-damage|p1a: Gogoat|243/360 brn\n|cant|p1a: Gogoat|flinch\n|\n|-heal|p1a: Gogoat|265/360 brn|[from] item: Leftovers\n|-damage|p1a: Gogoat|243/360 brn|[from] brn\n|upkeep\n|turn|46\n|\n|t:|1733875266\n|move|p2a: Jirachi|Iron Head|p1a: Gogoat\n|-damage|p1a: Gogoat|216/360 brn\n|move|p1a: Gogoat|Rock Slide|p2a: Jirachi\n|-resisted|p2a: Jirachi\n|-damage|p2a: Jirachi|0 fnt\n|faint|p2a: Jirachi\n|\n|-heal|p1a: Gogoat|238/360 brn|[from] item: Leftovers\n|-damage|p1a: Gogoat|216/360 brn|[from] brn\n|upkeep\n|\n|t:|1733875272\n|switch|p2a: Clodsire|Clodsire, L81, M|343/343\n|turn|47\n|\n|t:|1733875279\n|move|p1a: Gogoat|Horn Leech|p2a: Clodsire\n|-damage|p2a: Clodsire|94/343\n|-heal|p1a: Gogoat|341/360 brn|[from] drain|[of] p2a: Clodsire\n|move|p2a: Clodsire|Gunk Shot|p1a: Gogoat\n|-supereffective|p1a: Gogoat\n|-damage|p1a: Gogoat|275/360 brn\n|\n|-heal|p1a: Gogoat|297/360 brn|[from] item: Leftovers\n|-heal|p2a: Clodsire|115/343|[from] item: Leftovers\n|-damage|p1a: Gogoat|275/360 brn|[from] brn\n|upkeep\n|turn|48\n|\n|t:|1733875290\n|move|p1a: Gogoat|Horn Leech|p2a: Clodsire\n|-damage|p2a: Clodsire|0 fnt\n|-heal|p1a: Gogoat|333/360 brn|[from] drain|[of] p2a: Clodsire\n|faint|p2a: Clodsire\n|\n|-heal|p1a: Gogoat|355/360 brn|[from] item: Leftovers\n|-damage|p1a: Gogoat|333/360 brn|[from] brn\n|upkeep\n|\n|t:|1733875293\n|switch|p2a: Hatterene|Hatterene, L85, F|80/236\n|turn|49\n|\n|t:|1733875295\n|move|p1a: Gogoat|Horn Leech|p2a: Hatterene\n|-damage|p2a: Hatterene|0 fnt\n|-heal|p1a: Gogoat|360/360 brn|[from] drain|[of] p2a: Hatterene\n|faint|p2a: Hatterene\n|\n|-damage|p1a: Gogoat|338/360 brn|[from] brn\n|upkeep\n|\n|t:|1733875297\n|switch|p2a: Rhydon|Rhydon, L85, F|317/317\n|turn|50\n|\n|t:|1733875302\n|-terastallize|p2a: Rhydon|Flying\n|move|p1a: Gogoat|Horn Leech|p2a: Rhydon\n|-resisted|p2a: Rhydon\n|-damage|p2a: Rhydon|272/317\n|-heal|p1a: Gogoat|360/360 brn|[from] drain|[of] p2a: Rhydon\n|move|p2a: Rhydon|Megahorn|p1a: Gogoat\n|-supereffective|p1a: Gogoat\n|-damage|p1a: Gogoat|292/360 brn\n|\n|-heal|p1a: Gogoat|314/360 brn|[from] item: Leftovers\n|-damage|p1a: Gogoat|292/360 brn|[from] brn\n|upkeep\n|turn|51\n|\n|t:|1733875310\n|move|p1a: Gogoat|Rock Slide|p2a: Rhydon\n|-supereffective|p2a: Rhydon\n|-damage|p2a: Rhydon|157/317\n|move|p2a: Rhydon|Megahorn|p1a: Gogoat\n|-supereffective|p1a: Gogoat\n|-damage|p1a: Gogoat|224/360 brn\n|\n|-heal|p1a: Gogoat|246/360 brn|[from] item: Leftovers\n|-damage|p1a: Gogoat|224/360 brn|[from] brn\n|upkeep\n|turn|52\n|\n|t:|1733875318\n|move|p1a: Gogoat|Rock Slide|p2a: Rhydon\n|-supereffective|p2a: Rhydon\n|-damage|p2a: Rhydon|32/317\n|move|p2a: Rhydon|Megahorn|p1a: Gogoat\n|-supereffective|p1a: Gogoat\n|-damage|p1a: Gogoat|152/360 brn\n|\n|-heal|p1a: Gogoat|174/360 brn|[from] item: Leftovers\n|-damage|p1a: Gogoat|152/360 brn|[from] brn\n|upkeep\n|turn|53\n|-message|robberbaron123 forfeited.\n|\n|win|Himdog03\n|raw|Himdog03's rating: 1673 &rarr; <strong>1694</strong><br />(+21 for winning)\n|raw|robberbaron123's rating: 1686 &rarr; <strong>1665</strong><br />(-21 for losing)\n|l|\u2606robberbaron123\n|player|p2|\n", "inputlog": ">version bfd83cad13791eb5a5a409923076391caf6fb4d4\n>start {\"formatid\":\"gen9randombattle\",\"seed\":[6473,37177,8152,64263],\"rated\":\"Rated battle\"}\n>player p1 {\"name\":\"Himdog03\",\"avatar\":\"169\",\"rating\":1673,\"seed\":[10735,46188,30613,6627]}\n>player p2 {\"name\":\"robberbaron123\",\"avatar\":\"266\",\"rating\":1686,\"seed\":[53,41404,13535,35888]}\n>p1 move bulkup\n>p2 switch 4\n>p1 move rockslide\n>p2 move willowisp\n>p1 move bulkup\n>p2 switch 2\n>p1 move bulkup\n>p2 switch 5\n>p1 move bulkup\n>p2 move toxicspikes\n>p1 move bulkup\n>p2 move toxicspikes\n>p1 move rockslide\n>p2 move rapidspin\n>p1 move rockslide\n>p2 move ironhead\n>p1 move bulkup\n>p2 move ironhead\n>p1 move bulkup\n>p2 move ironhead\n>p1 move bulkup\n>p2 move ironhead\n>chat \u2606robberbaron123|lol\n>chat \u2606robberbaron123|wtf\n>p1 move milkdrink\n>p2 move ironhead\n>p1 move hornleech\n>p2 move ironhead\n>p1 move rockslide\n>p2 move ironhead\n>p1 move hornleech\n>p2 move ironhead\n>p1 move hornleech\n>p2 move rapidspin\n>p1 move hornleech\n>p2 move rapidspin\n>p1 move bulkup\n>p2 move ironhead\n>p1 move bulkup\n>p2 move rapidspin\n>p1 move milkdrink\n>p2 move rapidspin\n>p1 move rockslide\n>p2 move rapidspin\n>p1 move rockslide\n>p2 move rapidspin\n>p1 move rockslide\n>p2 move ironhead\n>p1 move milkdrink\n>p2 move ironhead\n>p1 move rockslide\n>p2 move ironhead\n>p1 move rockslide\n>p2 move rapidspin\n>p1 move rockslide\n>p2 move ironhead\n>p1 move rockslide\n>p2 move ironhead\n>p1 move milkdrink\n>p2 move ironhead\n>p1 move rockslide\n>p2 move ironhead\n>p1 move rockslide\n>p2 move ironhead\n>p1 move rockslide\n>p2 move ironhead\n>p1 move rockslide\n>p2 move ironhead\n>p1 move milkdrink\n>p2 move ironhead\n>p1 move rockslide\n>p2 move ironhead\n>p2 switch 4\n>p1 move hornleech\n>p2 move mysticalfire\n>p1 move hornleech\n>p2 switch 2\n>p1 move hornleech\n>p2 move thunderbolt\n>p1 move milkdrink\n>p2 move thunderbolt\n>chat \u2606robberbaron123|;(\n>chat \u2606Himdog03|You let this happen\n>p2 switch 3\n>chat \u2606robberbaron123|I don't have any pokemon that could have killed 2hko'd it. I thought pp stalling it was the best\n>p1 move hornleech\n>p2 move ironhead\n>p1 move hornleech\n>p2 move ironhead\n>p1 move hornleech\n>p2 move ironhead\n>p1 move rockslide\n>p2 move drainpunch\n>p1 move rockslide\n>p2 move drainpunch\n>p1 move rockslide\n>p2 move ironhead\n>p1 move rockslide\n>p2 move ironhead\n>p2 switch 5\n>p1 move hornleech\n>p2 move gunkshot\n>p1 move hornleech\n>p2 move recover\n>p2 switch 2\n>p1 move hornleech\n>p2 move mysticalfire\n>p2 switch 6\n>p1 move hornleech\n>p2 move megahorn terastallize\n>p1 move rockslide\n>p2 move megahorn\n>p1 move rockslide\n>p2 move megahorn\n>forcelose p2", "uploadtime": 1733875326, "views": 3, "formatid": "gen9randombattle", "rating": 1665, "private": 0, "password": null}