{"id": "gen9randombattle-2260740064", "format": "[Gen 9] Random Battle", "players": ["Jsjwjwjejndndndhd", "CoveHoldenCutie"], "log": "|j|\u2606Jsjwjwjejndndndhd\n|j|\u2606CoveHoldenCutie\n|t:|1733885305\n|gametype|singles\n|player|p1|Jsjwjwjejndndndhd|adaman|1045\n|player|p2|CoveHoldenCutie|n|1000\n|teamsize|p1|6\n|teamsize|p2|6\n|gen|9\n|tier|[Gen 9] Random Battle\n|rated|\n|rule|Species Clause: Limit one of each Pok\u00e9mon\n|rule|HP Percentage Mod: HP is shown in percentages\n|rule|Sleep Clause Mod: Limit one foe put to sleep\n|rule|Illusion Level Mod: Illusion disguises the Pok\u00e9mon's true level\n|\n|t:|1733885305\n|start\n|switch|p1a: Decidueye|Decidueye-Hisui, L87, F|295/295\n|switch|p2a: Metagross|Metagross, L79|256/256\n|turn|1\n|inactive|Battle timer is ON: inactive players will automatically lose when time's up. (requested by Jsjwjwjejndndndhd)\n|\n|t:|1733885317\n|switch|p1a: Swampert|Swampert, L83, M|302/302\n|move|p2a: Metagross|Psychic Fangs|p1a: Swampert\n|-damage|p1a: Swampert|158/302\n|\n|-heal|p1a: Swampert|176/302|[from] item: Leftovers\n|upkeep\n|turn|2\n|\n|t:|1733885325\n|move|p2a: Metagross|Psychic Fangs|p1a: Swampert\n|-damage|p1a: Swampert|32/302\n|move|p1a: Swampert|Yawn|p2a: Metagross\n|-start|p2a: Metagross|move: Yawn|[of] p1a: Swampert\n|\n|-heal|p1a: Swampert|50/302|[from] item: Leftovers\n|upkeep\n|turn|3\n|\n|t:|1733885340\n|switch|p2a: Slowking|Slowking, L88, F|310/310\n|move|p1a: Swampert|Knock Off|p2a: Slowking\n|-supereffective|p2a: Slowking\n|-damage|p2a: Slowking|156/310\n|-enditem|p2a: Slowking|Heavy-Duty Boots|[from] move: Knock Off|[of] p1a: Swampert\n|\n|-heal|p1a: Swampert|68/302|[from] item: Leftovers\n|upkeep\n|turn|4\n|\n|t:|1733885350\n|move|p1a: Swampert|Stealth Rock|p2a: Slowking\n|-sidestart|p2: CoveHoldenCutie|move: Stealth Rock\n|move|p2a: Slowking|Slack Off|p2a: Slowking\n|-heal|p2a: Slowking|310/310\n|\n|-heal|p1a: Swampert|86/302|[from] item: Leftovers\n|upkeep\n|turn|5\n|\n|t:|1733885360\n|move|p1a: Swampert|Earthquake|p2a: Slowking\n|-damage|p2a: Slowking|192/310\n|move|p2a: Slowking|Future Sight|p1a: Swampert\n|-start|p2a: Slowking|move: Future Sight\n|\n|-heal|p1a: Swampert|104/302|[from] item: Leftovers\n|upkeep\n|turn|6\n|\n|t:|1733885368\n|move|p1a: Swampert|Earthquake|p2a: Slowking\n|-damage|p2a: Slowking|74/310\n|move|p2a: Slowking|Chilly Reception|p2a: Slowking\n|-weather|Snow\n|\n|t:|1733885379\n|switch|p2a: Maushold|Maushold-Four, L76|238/238|[from] Chilly Reception\n|-damage|p2a: Maushold|209/238|[from] Stealth Rock\n|\n|-weather|Snow|[upkeep]\n|-heal|p1a: Swampert|122/302|[from] item: Leftovers\n|upkeep\n|turn|7\n|\n|t:|1733885386\n|move|p2a: Maushold|Tidy Up|p2a: Maushold\n|-sideend|p2: CoveHoldenCutie|Stealth Rock\n|-activate|p2a: Maushold|move: Tidy Up\n|-boost|p2a: Maushold|atk|1\n|-boost|p2a: Maushold|spe|1\n|move|p1a: Swampert|Yawn|p2a: Maushold\n|-start|p2a: Maushold|move: Yawn|[of] p1a: Swampert\n|\n|-weather|Snow|[upkeep]\n|-end|p1a: Swampert|move: Future Sight\n|-damage|p1a: Swampert|0 fnt\n|faint|p1a: Swampert\n|upkeep\n|\n|t:|1733885396\n|switch|p1a: Palafin|Palafin, L77, F|281/281\n|turn|8\n|\n|t:|1733885403\n|switch|p2a: Slowking|Slowking, L88, F|177/310\n|detailschange|p1a: Palafin|Palafin-Hero, L77, F\n|switch|p1a: Cetitan|Cetitan, L82, F|413/413\n|\n|-weather|Snow|[upkeep]\n|upkeep\n|turn|9\n|\n|t:|1733885413\n|move|p1a: Cetitan|Earthquake|p2a: Slowking\n|-damage|p2a: Slowking|72/310\n|-damage|p1a: Cetitan|372/413|[from] item: Life Orb\n|move|p2a: Slowking|Scald|p1a: Cetitan\n|-damage|p1a: Cetitan|233/413\n|\n|-weather|Snow|[upkeep]\n|upkeep\n|turn|10\n|\n|t:|1733885421\n|switch|p2a: Gogoat|Gogoat, L88, M|360/360\n|move|p1a: Cetitan|Earthquake|p2a: Gogoat\n|-resisted|p2a: Gogoat\n|-damage|p2a: Gogoat|300/360\n|-damage|p1a: Cetitan|192/413|[from] item: Life Orb\n|\n|-weather|none\n|-heal|p2a: Gogoat|322/360|[from] item: Leftovers\n|upkeep\n|turn|11\n|\n|t:|1733885431\n|move|p2a: Gogoat|Rock Slide|p1a: Cetitan\n|-supereffective|p1a: Cetitan\n|-damage|p1a: Cetitan|50/413\n|move|p1a: Cetitan|Icicle Crash|p2a: Gogoat\n|-supereffective|p2a: Gogoat\n|-damage|p2a: Gogoat|0 fnt\n|faint|p2a: Gogoat\n|\n|upkeep\n|\n|t:|1733885444\n|switch|p2a: Maushold|Maushold-Four, L76|209/238\n|turn|12\n|\n|t:|1733885450\n|move|p2a: Maushold|Population Bomb|p1a: Cetitan\n|-crit|p1a: Cetitan\n|-damage|p1a: Cetitan|11/413\n|-damage|p1a: Cetitan|0 fnt\n|faint|p1a: Cetitan\n|-hitcount|p1: Cetitan|2\n|\n|upkeep\n|\n|t:|1733885460\n|switch|p1a: Palafin|Palafin-Hero, L77, F|281/281\n|-activate|p1a: Palafin|ability: Zero to Hero\n|turn|13\n|\n|t:|1733885465\n|-terastallize|p2a: Maushold|Ghost\n|move|p1a: Palafin|Jet Punch|p2a: Maushold\n|-damage|p2a: Maushold|56/238\n|move|p2a: Maushold|Tidy Up|p2a: Maushold\n|-boost|p2a: Maushold|atk|1\n|-boost|p2a: Maushold|spe|1\n|\n|upkeep\n|turn|14\n|\n|t:|1733885474\n|switch|p2a: Metagross|Metagross, L79|256/256\n|move|p1a: Palafin|Jet Punch|p2a: Metagross\n|-damage|p2a: Metagross|165/256\n|\n|upkeep\n|turn|15\n|\n|t:|1733885483\n|move|p1a: Palafin|Jet Punch|p2a: Metagross\n|-damage|p2a: Metagross|72/256\n|move|p2a: Metagross|Psychic Fangs|p1a: Palafin\n|-crit|p1a: Palafin\n|-damage|p1a: Palafin|38/281\n|\n|upkeep\n|turn|16\n|\n|t:|1733885488\n|move|p1a: Palafin|Jet Punch|p2a: Metagross\n|-damage|p2a: Metagross|0 fnt\n|faint|p2a: Metagross\n|\n|upkeep\n|\n|t:|1733885493\n|switch|p2a: Slowking|Slowking, L88, F|175/310\n|turn|17\n|\n|t:|1733885497\n|switch|p1a: Espeon|Espeon, L84, M|246/246\n|move|p2a: Slowking|Scald|p1a: Espeon\n|-damage|p1a: Espeon|158/246\n|-status|p1a: Espeon|brn\n|\n|-damage|p1a: Espeon|143/246 brn|[from] brn\n|upkeep\n|turn|18\n|\n|t:|1733885506\n|move|p1a: Espeon|Calm Mind|p1a: Espeon\n|-boost|p1a: Espeon|spa|1\n|-boost|p1a: Espeon|spd|1\n|move|p2a: Slowking|Slack Off|p2a: Slowking\n|-heal|p2a: Slowking|310/310\n|\n|-damage|p1a: Espeon|128/246 brn|[from] brn\n|upkeep\n|turn|19\n|\n|t:|1733885514\n|move|p1a: Espeon|Morning Sun|p1a: Espeon\n|-heal|p1a: Espeon|246/246 brn\n|move|p2a: Slowking|Chilly Reception|p2a: Slowking\n|-weather|Snow\n|\n|t:|1733885519\n|switch|p2a: Maushold|Maushold-Four, L76, tera:Ghost|56/238|[from] Chilly Reception\n|\n|-weather|Snow|[upkeep]\n|-damage|p1a: Espeon|231/246 brn|[from] brn\n|upkeep\n|turn|20\n|\n|t:|1733885528\n|move|p1a: Espeon|Psychic|p2a: Maushold\n|-damage|p2a: Maushold|0 fnt\n|faint|p2a: Maushold\n|-damage|p1a: Espeon|207/246 brn|[from] item: Life Orb\n|\n|-weather|Snow|[upkeep]\n|-damage|p1a: Espeon|192/246 brn|[from] brn\n|upkeep\n|\n|t:|1733885543\n|switch|p2a: Noivern|Noivern, L82, F|274/274\n|turn|21\n|\n|t:|1733885547\n|move|p2a: Noivern|U-turn|p1a: Espeon\n|-supereffective|p1a: Espeon\n|-damage|p1a: Espeon|94/246 brn\n|\n|t:|1733885551\n|switch|p2a: Scovillain|Scovillain, L91, F|266/266|[from] U-turn\n|move|p1a: Espeon|Alluring Voice|p2a: Scovillain\n|-resisted|p2a: Scovillain\n|-damage|p2a: Scovillain|180/266\n|-damage|p1a: Espeon|70/246 brn|[from] item: Life Orb\n|\n|-weather|Snow|[upkeep]\n|-damage|p1a: Espeon|55/246 brn|[from] brn\n|upkeep\n|turn|22\n|\n|t:|1733885567\n|move|p2a: Scovillain|Leaf Storm|p1a: Espeon\n|-crit|p1a: Espeon\n|-damage|p1a: Espeon|0 fnt\n|-unboost|p2a: Scovillain|spa|2\n|faint|p1a: Espeon\n|\n|-weather|Snow|[upkeep]\n|upkeep\n|\n|t:|1733885576\n|switch|p1a: Zacian|Zacian, L69|241/241\n|-ability|p1a: Zacian|Intrepid Sword|boost\n|-boost|p1a: Zacian|atk|1\n|turn|23\n|\n|t:|1733885583\n|switch|p2a: Slowking|Slowking, L88, F|310/310\n|move|p1a: Zacian|Play Rough|p2a: Slowking\n|-damage|p2a: Slowking|127/310\n|\n|-weather|none\n|upkeep\n|turn|24\n|\n|t:|1733885594\n|move|p1a: Zacian|Play Rough|p2a: Slowking\n|-damage|p2a: Slowking|0 fnt\n|faint|p2a: Slowking\n|\n|upkeep\n|\n|t:|1733885604\n|switch|p2a: Scovillain|Scovillain, L91, F|180/266\n|turn|25\n|inactive|Jsjwjwjejndndndhd has 120 seconds left.\n|inactive|Jsjwjwjejndndndhd has 90 seconds left.\n|\n|t:|1733885667\n|move|p2a: Scovillain|Flamethrower|p1a: Zacian\n|-damage|p1a: Zacian|130/241\n|move|p1a: Zacian|Play Rough|p2a: Scovillain\n|-resisted|p2a: Scovillain\n|-damage|p2a: Scovillain|72/266\n|\n|upkeep\n|turn|26\n|\n|t:|1733885673\n|move|p2a: Scovillain|Flamethrower|p1a: Zacian\n|-damage|p1a: Zacian|0 fnt\n|faint|p1a: Zacian\n|\n|upkeep\n|\n|t:|1733885676\n|switch|p1a: Palafin|Palafin-Hero, L77, F|38/281\n|turn|27\n|\n|t:|1733885683\n|move|p1a: Palafin|Jet Punch|p2a: Scovillain\n|-damage|p2a: Scovillain|0 fnt\n|faint|p2a: Scovillain\n|\n|upkeep\n|\n|t:|1733885687\n|switch|p2a: Noivern|Noivern, L82, F|274/274\n|turn|28\n|\n|t:|1733885691\n|move|p1a: Palafin|Jet Punch|p2a: Noivern\n|-resisted|p2a: Noivern\n|-damage|p2a: Noivern|206/274\n|move|p2a: Noivern|Hurricane|p1a: Palafin|[miss]\n|-miss|p2a: Noivern|p1a: Palafin\n|\n|upkeep\n|turn|29\n|\n|t:|1733885697\n|move|p1a: Palafin|Jet Punch|p2a: Noivern\n|-resisted|p2a: Noivern\n|-damage|p2a: Noivern|139/274\n|move|p2a: Noivern|Hurricane|p1a: Palafin\n|-damage|p1a: Palafin|0 fnt\n|faint|p1a: Palafin\n|\n|upkeep\n|\n|t:|1733885700\n|switch|p1a: Decidueye|Decidueye-Hisui, L87, F|295/295\n|turn|30\n|\n|t:|1733885705\n|-terastallize|p1a: Decidueye|Water\n|move|p1a: Decidueye|Sucker Punch|p2a: Noivern\n|-damage|p2a: Noivern|71/274\n|move|p2a: Noivern|Hurricane|p1a: Decidueye\n|-damage|p1a: Decidueye|157/295\n|\n|-heal|p1a: Decidueye|175/295|[from] item: Leftovers\n|upkeep\n|turn|31\n|\n|t:|1733885713\n|move|p1a: Decidueye|Sucker Punch|p2a: Noivern\n|-damage|p2a: Noivern|5/274\n|move|p2a: Noivern|Hurricane|p1a: Decidueye\n|-damage|p1a: Decidueye|36/295\n|\n|-heal|p1a: Decidueye|54/295|[from] item: Leftovers\n|upkeep\n|turn|32\n|\n|t:|1733885720\n|move|p1a: Decidueye|Sucker Punch|p2a: Noivern\n|-damage|p2a: Noivern|0 fnt\n|faint|p2a: Noivern\n|\n|win|Jsjwjwjejndndndhd\n|raw|Jsjwjwjejndndndhd's rating: 1045 &rarr; <strong>1074</strong><br />(+29 for winning)\n|raw|CoveHoldenCutie's rating: 1000 &rarr; <strong>1000</strong><br />(+0 for losing)\n|l|\u2606CoveHoldenCutie\n|player|p2|\n", "inputlog": ">version bfd83cad13791eb5a5a409923076391caf6fb4d4\n>start {\"formatid\":\"gen9randombattle\",\"seed\":[21282,7397,13912,57225],\"rated\":\"Rated battle\"}\n>player p1 {\"name\":\"Jsjwjwjejndndndhd\",\"avatar\":\"adaman\",\"rating\":1045,\"seed\":[58015,22286,25529,49004]}\n>player p2 {\"name\":\"CoveHoldenCutie\",\"avatar\":\"n\",\"rating\":1000,\"seed\":[16919,37622,16184,29234]}\n>p1 switch 5\n>p2 move psychicfangs\n>p1 move yawn\n>p2 move psychicfangs\n>p1 move knockoff\n>p2 switch 4\n>p1 move stealthrock\n>p2 move slackoff\n>p1 move earthquake\n>p2 move futuresight\n>p1 move earthquake\n>p2 move chillyreception\n>p2 switch 6\n>p1 move yawn\n>p2 move tidyup\n>p1 switch 2\n>p1 switch 4\n>p2 switch 6\n>p1 move earthquake\n>p2 move scald\n>p1 move earthquake\n>p2 switch 5\n>p1 move iciclecrash\n>p2 move rockslide\n>p2 switch 6\n>p1 move iciclecrash\n>p2 move populationbomb\n>p1 switch 4\n>p1 move jetpunch\n>p2 move tidyup terastallize\n>p1 move jetpunch\n>p2 switch 4\n>p1 move jetpunch\n>p2 move psychicfangs\n>p1 move jetpunch\n>p2 move psychicfangs\n>p2 switch 5\n>p1 switch 6\n>p2 move scald\n>p1 move calmmind\n>p2 move slackoff\n>p1 move morningsun\n>p2 move chillyreception\n>p2 switch 4\n>p1 move psychic\n>p2 move encore\n>p2 switch 3\n>p1 move alluringvoice\n>p2 move uturn\n>p2 switch 2\n>p1 move psychic\n>p2 move leafstorm\n>p1 switch 3\n>p1 move playrough\n>p2 switch 4\n>p1 move playrough\n>p2 move scald\n>p2 switch 4\n>p1 move playrough\n>p2 move flamethrower\n>p1 move playrough\n>p2 move flamethrower\n>p1 switch 6\n>p1 move jetpunch\n>p2 move flamethrower\n>p2 switch 2\n>p1 move jetpunch\n>p2 move hurricane\n>p1 move jetpunch\n>p2 move hurricane\n>p1 switch 5\n>p1 move suckerpunch terastallize\n>p2 move hurricane\n>p1 move suckerpunch\n>p2 move hurricane\n>p1 move suckerpunch\n>p2 move hurricane", "uploadtime": 1733885721, "views": 7, "formatid": "gen9randombattle", "rating": 1000, "private": 0, "password": null}