{"id": "gen9randombattle-2260328999", "format": "[Gen 9] Random Battle", "players": ["Zsaiel", "teodorokevin"], "log": "|j|\u2606Zsaiel\n|j|\u2606teodorokevin\n|t:|1733840522\n|gametype|singles\n|player|p1|Zsaiel|n|\n|player|p2|teodorokevin|101|\n|teamsize|p1|6\n|teamsize|p2|6\n|gen|9\n|tier|[Gen 9] Random Battle\n|rule|Species Clause: Limit one of each Pok\u00e9mon\n|rule|HP Percentage Mod: HP is shown in percentages\n|rule|Sleep Clause Mod: Limit one foe put to sleep\n|rule|Illusion Level Mod: Illusion disguises the Pok\u00e9mon's true level\n|\n|t:|1733840522\n|start\n|switch|p1a: Clawitzer|Clawitzer, L87, F|265/265\n|switch|p2a: Moltres|Moltres, L81|278/278\n|turn|1\n|\n|t:|1733840550\n|switch|p2a: Latias|Latias, L79, F|256/256\n|move|p1a: Clawitzer|Water Pulse|p2a: Latias\n|-resisted|p2a: Latias\n|-crit|p2a: Latias\n|-damage|p2a: Latias|145/256\n|\n|upkeep\n|turn|2\n|\n|t:|1733840565\n|switch|p1a: Magearna|Magearna-Original, L77|250/250\n|move|p2a: Latias|Draco Meteor|p1a: Magearna\n|-immune|p1a: Magearna\n|\n|upkeep\n|turn|3\n|\n|t:|1733840592\n|switch|p2a: Moltres|Moltres, L81|278/278\n|move|p1a: Magearna|Fleur Cannon|p2a: Moltres\n|-resisted|p2a: Moltres\n|-damage|p2a: Moltres|203/278\n|-unboost|p1a: Magearna|spa|2\n|\n|upkeep\n|turn|4\n|\n|t:|1733840603\n|switch|p1a: Clawitzer|Clawitzer, L87, F|265/265\n|move|p2a: Moltres|Scorching Sands|p1a: Clawitzer\n|-damage|p1a: Clawitzer|208/265\n|\n|upkeep\n|turn|5\n|\n|t:|1733840618\n|switch|p2a: Latias|Latias, L79, F|145/256\n|move|p1a: Clawitzer|Dragon Pulse|p2a: Latias\n|-supereffective|p2a: Latias\n|-damage|p2a: Latias|0 fnt\n|faint|p2a: Latias\n|\n|upkeep\n|\n|t:|1733840626\n|switch|p2a: Dondozo|Dondozo, L78, F|362/362\n|turn|6\n|\n|t:|1733840652\n|switch|p1a: Gurdurr|Gurdurr, L85, F|283/283\n|move|p2a: Dondozo|Curse|p2a: Dondozo\n|-unboost|p2a: Dondozo|spe|1\n|-boost|p2a: Dondozo|atk|1\n|-boost|p2a: Dondozo|def|1\n|\n|upkeep\n|turn|7\n|\n|t:|1733840677\n|move|p1a: Gurdurr|Knock Off|p2a: Dondozo\n|-crit|p2a: Dondozo\n|-damage|p2a: Dondozo|258/362\n|-enditem|p2a: Dondozo|Leftovers|[from] move: Knock Off|[of] p1a: Gurdurr\n|move|p2a: Dondozo|Rest|p2a: Dondozo\n|-status|p2a: Dondozo|slp|[from] move: Rest\n|-heal|p2a: Dondozo|362/362 slp|[silent]\n|\n|upkeep\n|turn|8\n|\n|t:|1733840710\n|switch|p2a: Moltres|Moltres, L81|203/278\n|move|p1a: Gurdurr|Bulk Up|p1a: Gurdurr\n|-boost|p1a: Gurdurr|atk|1\n|-boost|p1a: Gurdurr|def|1\n|\n|upkeep\n|turn|9\n|\n|t:|1733840729\n|-terastallize|p2a: Moltres|Steel\n|move|p2a: Moltres|Brave Bird|p1a: Gurdurr\n|-supereffective|p1a: Gurdurr\n|-damage|p1a: Gurdurr|173/283\n|-damage|p2a: Moltres|167/278|[from] Recoil\n|move|p1a: Gurdurr|Knock Off|p2a: Moltres\n|-damage|p2a: Moltres|54/278\n|-status|p1a: Gurdurr|brn|[from] ability: Flame Body|[of] p2a: Moltres\n|-enditem|p2a: Moltres|Heavy-Duty Boots|[from] move: Knock Off|[of] p1a: Gurdurr\n|\n|-damage|p1a: Gurdurr|156/283 brn|[from] brn\n|upkeep\n|turn|10\n|\n|t:|1733840751\n|move|p1a: Gurdurr|Mach Punch|p2a: Moltres\n|-supereffective|p2a: Moltres\n|-damage|p2a: Moltres|0 fnt\n|faint|p2a: Moltres\n|\n|-damage|p1a: Gurdurr|139/283 brn|[from] brn\n|upkeep\n|\n|t:|1733840771\n|switch|p2a: Toxapex|Toxapex, L82, M|216/216\n|turn|11\n|\n|t:|1733840783\n|move|p1a: Gurdurr|Knock Off|p2a: Toxapex\n|-damage|p2a: Toxapex|110/216\n|-damage|p1a: Gurdurr|92/283 brn|[from] item: Rocky Helmet|[of] p2a: Toxapex\n|-enditem|p2a: Toxapex|Rocky Helmet|[from] move: Knock Off|[of] p1a: Gurdurr\n|move|p2a: Toxapex|Liquidation|p1a: Gurdurr\n|-damage|p1a: Gurdurr|62/283 brn\n|-unboost|p1a: Gurdurr|def|1\n|\n|-damage|p1a: Gurdurr|45/283 brn|[from] brn\n|upkeep\n|turn|12\n|\n|t:|1733840799\n|-terastallize|p1a: Gurdurr|Steel\n|move|p1a: Gurdurr|Drain Punch|p2a: Toxapex\n|-resisted|p2a: Toxapex\n|-damage|p2a: Toxapex|41/216\n|-heal|p1a: Gurdurr|80/283 brn|[from] drain|[of] p2a: Toxapex\n|move|p2a: Toxapex|Recover|p2a: Toxapex\n|-heal|p2a: Toxapex|149/216\n|\n|-damage|p1a: Gurdurr|63/283 brn|[from] brn\n|upkeep\n|turn|13\n|\n|t:|1733840823\n|move|p1a: Gurdurr|Drain Punch|p2a: Toxapex\n|-resisted|p2a: Toxapex\n|-damage|p2a: Toxapex|82/216\n|-heal|p1a: Gurdurr|97/283 brn|[from] drain|[of] p2a: Toxapex\n|move|p2a: Toxapex|Liquidation|p1a: Gurdurr\n|-damage|p1a: Gurdurr|49/283 brn\n|\n|-damage|p1a: Gurdurr|32/283 brn|[from] brn\n|upkeep\n|turn|14\n|\n|t:|1733840833\n|move|p1a: Gurdurr|Drain Punch|p2a: Toxapex\n|-resisted|p2a: Toxapex\n|-damage|p2a: Toxapex|14/216\n|-heal|p1a: Gurdurr|66/283 brn|[from] drain|[of] p2a: Toxapex\n|move|p2a: Toxapex|Recover|p2a: Toxapex\n|-heal|p2a: Toxapex|122/216\n|\n|-damage|p1a: Gurdurr|49/283 brn|[from] brn\n|upkeep\n|turn|15\n|\n|t:|1733840843\n|move|p1a: Gurdurr|Drain Punch|p2a: Toxapex\n|-resisted|p2a: Toxapex\n|-crit|p2a: Toxapex\n|-damage|p2a: Toxapex|20/216\n|-heal|p1a: Gurdurr|100/283 brn|[from] drain|[of] p2a: Toxapex\n|move|p2a: Toxapex|Recover|p2a: Toxapex\n|-heal|p2a: Toxapex|128/216\n|\n|-damage|p1a: Gurdurr|83/283 brn|[from] brn\n|upkeep\n|turn|16\n|\n|t:|1733840860\n|move|p1a: Gurdurr|Drain Punch|p2a: Toxapex\n|-resisted|p2a: Toxapex\n|-damage|p2a: Toxapex|66/216\n|-heal|p1a: Gurdurr|114/283 brn|[from] drain|[of] p2a: Toxapex\n|move|p2a: Toxapex|Liquidation|p1a: Gurdurr\n|-damage|p1a: Gurdurr|74/283 brn\n|\n|-damage|p1a: Gurdurr|57/283 brn|[from] brn\n|upkeep\n|turn|17\n|\n|t:|1733840878\n|move|p1a: Gurdurr|Drain Punch|p2a: Toxapex\n|-resisted|p2a: Toxapex\n|-damage|p2a: Toxapex|1/216\n|-heal|p1a: Gurdurr|90/283 brn|[from] drain|[of] p2a: Toxapex\n|move|p2a: Toxapex|Liquidation|p1a: Gurdurr\n|-damage|p1a: Gurdurr|48/283 brn\n|\n|-damage|p1a: Gurdurr|31/283 brn|[from] brn\n|upkeep\n|turn|18\n|\n|t:|1733840889\n|move|p1a: Gurdurr|Mach Punch|p2a: Toxapex\n|-resisted|p2a: Toxapex\n|-damage|p2a: Toxapex|0 fnt\n|faint|p2a: Toxapex\n|\n|-damage|p1a: Gurdurr|14/283 brn|[from] brn\n|upkeep\n|\n|t:|1733840904\n|switch|p2a: Furret|Furret, L94, F|312/312\n|-item|p1a: Gurdurr|Eviolite|[from] ability: Frisk|[of] p2a: Furret\n|turn|19\n|\n|t:|1733840932\n|move|p1a: Gurdurr|Mach Punch|p2a: Furret\n|-supereffective|p2a: Furret\n|-damage|p2a: Furret|94/312\n|move|p2a: Furret|Knock Off|p1a: Gurdurr\n|-damage|p1a: Gurdurr|0 fnt\n|-enditem|p1a: Gurdurr|Eviolite|[from] move: Knock Off|[of] p2a: Furret\n|faint|p1a: Gurdurr\n|\n|upkeep\n|\n|t:|1733840944\n|switch|p1a: Clawitzer|Clawitzer, L87, F|208/265\n|turn|20\n|\n|t:|1733840962\n|move|p2a: Furret|Knock Off|p1a: Clawitzer\n|-damage|p1a: Clawitzer|111/265\n|-enditem|p1a: Clawitzer|Choice Specs|[from] move: Knock Off|[of] p2a: Furret\n|move|p1a: Clawitzer|Aura Sphere|p2a: Furret\n|-supereffective|p2a: Furret\n|-damage|p2a: Furret|0 fnt\n|faint|p2a: Furret\n|\n|upkeep\n|\n|t:|1733840971\n|switch|p2a: Regice|Regice, L88|284/284\n|turn|21\n|\n|t:|1733840979\n|move|p1a: Clawitzer|Aura Sphere|p2a: Regice\n|-supereffective|p2a: Regice\n|-damage|p2a: Regice|184/284\n|move|p2a: Regice|Thunder Wave|p1a: Clawitzer\n|-status|p1a: Clawitzer|par\n|\n|upkeep\n|turn|22\n|\n|t:|1733840992\n|move|p2a: Regice|Thunderbolt|p1a: Clawitzer\n|-supereffective|p1a: Clawitzer\n|-crit|p1a: Clawitzer\n|-damage|p1a: Clawitzer|0 fnt\n|faint|p1a: Clawitzer\n|\n|upkeep\n|\n|t:|1733841007\n|switch|p1a: Barraskewda|Barraskewda, L81, F|231/231\n|turn|23\n|\n|t:|1733841021\n|move|p1a: Barraskewda|Close Combat|p2a: Regice\n|-supereffective|p2a: Regice\n|-damage|p2a: Regice|0 fnt\n|-unboost|p1a: Barraskewda|def|1\n|-unboost|p1a: Barraskewda|spd|1\n|faint|p2a: Regice\n|\n|upkeep\n|\n|t:|1733841029\n|switch|p2a: Dondozo|Dondozo, L78, F|362/362 slp\n|turn|24\n|\n|t:|1733841039\n|switch|p1a: Sinistcha|Sinistcha, L83|254/254\n|cant|p2a: Dondozo|slp\n|move|p2a: Dondozo|Sleep Talk|p2a: Dondozo\n|move|p2a: Dondozo|Wave Crash|p1a: Sinistcha|[from]move: Sleep Talk\n|-resisted|p1a: Sinistcha\n|-damage|p1a: Sinistcha|203/254\n|-damage|p2a: Dondozo|345/362 slp|[from] Recoil\n|\n|-heal|p1a: Sinistcha|218/254|[from] item: Leftovers\n|upkeep\n|turn|25\n|\n|t:|1733841055\n|move|p1a: Sinistcha|Calm Mind|p1a: Sinistcha\n|-boost|p1a: Sinistcha|spa|1\n|-boost|p1a: Sinistcha|spd|1\n|cant|p2a: Dondozo|slp\n|\n|-heal|p1a: Sinistcha|233/254|[from] item: Leftovers\n|upkeep\n|turn|26\n|\n|t:|1733841069\n|move|p1a: Sinistcha|Calm Mind|p1a: Sinistcha\n|-boost|p1a: Sinistcha|spa|1\n|-boost|p1a: Sinistcha|spd|1\n|-curestatus|p2a: Dondozo|slp|[msg]\n|move|p2a: Dondozo|Sleep Talk||[still]\n|-fail|p2a: Dondozo\n|\n|-heal|p1a: Sinistcha|248/254|[from] item: Leftovers\n|upkeep\n|turn|27\n|\n|t:|1733841080\n|move|p1a: Sinistcha|Matcha Gotcha|p2a: Dondozo|[miss]\n|-miss|p1a: Sinistcha|p2a: Dondozo\n|move|p2a: Dondozo|Rest|p2a: Dondozo\n|-status|p2a: Dondozo|slp|[from] move: Rest\n|-heal|p2a: Dondozo|362/362 slp|[silent]\n|\n|-heal|p1a: Sinistcha|254/254|[from] item: Leftovers\n|upkeep\n|turn|28\n|\n|t:|1733841090\n|move|p1a: Sinistcha|Matcha Gotcha|p2a: Dondozo\n|-supereffective|p2a: Dondozo\n|-damage|p2a: Dondozo|96/362 slp\n|cant|p2a: Dondozo|slp\n|move|p2a: Dondozo|Sleep Talk|p2a: Dondozo\n|move|p2a: Dondozo|Wave Crash|p1a: Sinistcha|[from]move: Sleep Talk\n|-resisted|p1a: Sinistcha\n|-damage|p1a: Sinistcha|202/254\n|-damage|p2a: Dondozo|79/362 slp|[from] Recoil\n|\n|-heal|p1a: Sinistcha|217/254|[from] item: Leftovers\n|upkeep\n|turn|29\n|\n|t:|1733841105\n|move|p1a: Sinistcha|Matcha Gotcha|p2a: Dondozo\n|-supereffective|p2a: Dondozo\n|-damage|p2a: Dondozo|0 fnt\n|-heal|p1a: Sinistcha|254/254|[from] drain|[of] p2a: Dondozo\n|faint|p2a: Dondozo\n|\n|win|Zsaiel\n", "inputlog": ">version bfd83cad13791eb5a5a409923076391caf6fb4d4\n>start {\"formatid\":\"gen9randombattle\",\"seed\":[28610,31137,1233,21759]}\n>player p1 {\"name\":\"Zsaiel\",\"avatar\":\"n\",\"rating\":0,\"seed\":[26023,58030,35989,24846]}\n>player p2 {\"name\":\"teodorokevin\",\"avatar\":\"101\",\"rating\":0,\"seed\":[57896,34703,36307,42929]}\n>p1 move waterpulse\n>p2 switch 5\n>p1 switch 3\n>p2 move dracometeor\n>p1 move fleurcannon\n>p2 switch 5\n>p1 switch 3\n>p2 move scorchingsands\n>p1 move dragonpulse\n>p2 switch 5\n>p2 switch 6\n>p1 switch 6\n>p2 move curse\n>p1 move knockoff\n>p2 move rest\n>p1 move bulkup\n>p2 switch 5\n>p1 move knockoff\n>p2 move bravebird terastallize\n>p1 move machpunch\n>p2 move fireblast\n>p2 switch 2\n>p1 move knockoff\n>p2 move liquidation\n>p1 move drainpunch terastallize\n>p2 move recover\n>p1 move drainpunch\n>p2 move liquidation\n>p1 move drainpunch\n>p2 move recover\n>p1 move drainpunch\n>p2 move recover\n>p1 move drainpunch\n>p2 move liquidation\n>p1 move drainpunch\n>p2 move liquidation\n>p1 move machpunch\n>p2 move recover\n>p2 switch 4\n>p1 move machpunch\n>p2 move knockoff\n>p1 switch 6\n>p1 move aurasphere\n>p2 move knockoff\n>p2 switch 3\n>p1 move aurasphere\n>p2 move thunderwave\n>p1 move aurasphere\n>p2 move thunderbolt\n>p1 switch 4\n>p1 move closecombat\n>p2 move thunderbolt\n>p2 switch 5\n>p1 switch 2\n>p2 move sleeptalk\n>p1 move calmmind\n>p2 move curse\n>p1 move calmmind\n>p2 move sleeptalk\n>p1 move matchagotcha\n>p2 move rest\n>p1 move matchagotcha\n>p2 move sleeptalk\n>p1 move matchagotcha\n>p2 move rest", "uploadtime": 1733841119, "views": 3, "formatid": "gen9randombattle", "rating": null, "private": 0, "password": null}