{"id": "gen9randombattle-2260351498", "format": "[Gen 9] Random Battle", "players": ["alfaz1994", "Temp6t9"], "log": "|j|\u2606alfaz1994\n|j|\u2606Temp6t9\n|t:|1733842968\n|gametype|singles\n|player|p1|alfaz1994|265|1444\n|player|p2|Temp6t9|erika|1394\n|teamsize|p1|6\n|teamsize|p2|6\n|gen|9\n|tier|[Gen 9] Random Battle\n|rated|\n|rule|Species Clause: Limit one of each Pok\u00e9mon\n|rule|HP Percentage Mod: HP is shown in percentages\n|rule|Sleep Clause Mod: Limit one foe put to sleep\n|rule|Illusion Level Mod: Illusion disguises the Pok\u00e9mon's true level\n|\n|t:|1733842968\n|start\n|switch|p1a: Lucario|Lucario, L84, F|255/255\n|switch|p2a: Basculin|Basculin, L86, M|261/261\n|turn|1\n|inactive|Battle timer is ON: inactive players will automatically lose when time's up. (requested by alfaz1994)\n|\n|t:|1733842975\n|switch|p1a: Giratina|Giratina, L75|349/349\n|-ability|p1a: Giratina|Pressure\n|move|p2a: Basculin|Wave Crash|p1a: Giratina\n|-resisted|p1a: Giratina\n|-damage|p1a: Giratina|236/349\n|-damage|p2a: Basculin|224/261|[from] Recoil\n|\n|-heal|p1a: Giratina|257/349|[from] item: Leftovers\n|upkeep\n|turn|2\n|inactive|alfaz1994 has 120 seconds left.\n|inactive|alfaz1994 has 90 seconds left.\n|\n|t:|1733843038\n|switch|p2a: Scrafty|Scrafty, L84, M|246/246\n|move|p1a: Giratina|Calm Mind|p1a: Giratina\n|-boost|p1a: Giratina|spa|1\n|-boost|p1a: Giratina|spd|1\n|\n|-heal|p1a: Giratina|278/349|[from] item: Leftovers\n|upkeep\n|turn|3\n|\n|t:|1733843048\n|switch|p1a: Ho-Oh|Ho-Oh, L71|268/268\n|move|p2a: Scrafty|Knock Off|p1a: Ho-Oh\n|-damage|p1a: Ho-Oh|147/268\n|-enditem|p1a: Ho-Oh|Heavy-Duty Boots|[from] move: Knock Off|[of] p2a: Scrafty\n|\n|upkeep\n|turn|4\n|inactive|alfaz1994 has 90 seconds left.\n|\n|t:|1733843072\n|switch|p2a: Basculin|Basculin, L86, M|224/261\n|move|p1a: Ho-Oh|Recover|p1a: Ho-Oh\n|-heal|p1a: Ho-Oh|268/268\n|\n|upkeep\n|turn|5\n|\n|t:|1733843079\n|switch|p1a: Giratina|Giratina, L75|278/349\n|-ability|p1a: Giratina|Pressure\n|move|p2a: Basculin|Wave Crash|p1a: Giratina\n|-resisted|p1a: Giratina\n|-damage|p1a: Giratina|174/349\n|-damage|p2a: Basculin|190/261|[from] Recoil\n|\n|-heal|p1a: Giratina|195/349|[from] item: Leftovers\n|upkeep\n|turn|6\n|\n|t:|1733843090\n|switch|p2a: Scrafty|Scrafty, L84, M|246/246\n|move|p1a: Giratina|Dragon Pulse|p2a: Scrafty\n|-damage|p2a: Scrafty|186/246\n|\n|-heal|p1a: Giratina|216/349|[from] item: Leftovers\n|-heal|p2a: Scrafty|201/246|[from] item: Leftovers\n|upkeep\n|turn|7\n|\n|t:|1733843101\n|switch|p1a: Lucario|Lucario, L84, F|255/255\n|move|p2a: Scrafty|Knock Off|p1a: Lucario\n|-resisted|p1a: Lucario\n|-damage|p1a: Lucario|194/255\n|-ability|p1a: Lucario|Justified|boost\n|-boost|p1a: Lucario|atk|1\n|-enditem|p1a: Lucario|Life Orb|[from] move: Knock Off|[of] p2a: Scrafty\n|\n|-heal|p2a: Scrafty|216/246|[from] item: Leftovers\n|upkeep\n|turn|8\n|\n|t:|1733843124\n|move|p1a: Lucario|Close Combat|p2a: Scrafty\n|-supereffective|p2a: Scrafty\n|-damage|p2a: Scrafty|0 fnt\n|-unboost|p1a: Lucario|def|1\n|-unboost|p1a: Lucario|spd|1\n|faint|p2a: Scrafty\n|\n|upkeep\n|\n|t:|1733843133\n|switch|p2a: Gyarados|Gyarados, L79, M|280/280\n|-ability|p2a: Gyarados|Intimidate|boost\n|-unboost|p1a: Lucario|atk|1\n|turn|9\n|\n|t:|1733843155\n|switch|p1a: Leafeon|Leafeon, L88, M|258/258\n|move|p2a: Gyarados|Dragon Dance|p2a: Gyarados\n|-boost|p2a: Gyarados|atk|1\n|-boost|p2a: Gyarados|spe|1\n|\n|upkeep\n|turn|10\n|\n|t:|1733843164\n|-terastallize|p2a: Gyarados|Flying\n|-terastallize|p1a: Leafeon|Normal\n|move|p2a: Gyarados|Dragon Dance|p2a: Gyarados\n|-boost|p2a: Gyarados|atk|1\n|-boost|p2a: Gyarados|spe|1\n|move|p1a: Leafeon|Double-Edge|p2a: Gyarados\n|-damage|p2a: Gyarados|58/280\n|-damage|p1a: Leafeon|185/258|[from] Recoil\n|-damage|p1a: Leafeon|160/258|[from] item: Life Orb\n|\n|upkeep\n|turn|11\n|\n|t:|1733843190\n|move|p2a: Gyarados|Tera Blast|p1a: Leafeon|[anim] Tera Blast Flying\n|-damage|p1a: Leafeon|0 fnt\n|faint|p1a: Leafeon\n|\n|upkeep\n|\n|t:|1733843194\n|switch|p1a: Lucario|Lucario, L84, F|194/255\n|turn|12\n|\n|t:|1733843198\n|move|p1a: Lucario|Extreme Speed|p2a: Gyarados\n|-damage|p2a: Gyarados|0 fnt\n|faint|p2a: Gyarados\n|\n|upkeep\n|\n|t:|1733843204\n|switch|p2a: Conkeldurr|Conkeldurr, L80, F|299/299\n|turn|13\n|\n|t:|1733843209\n|switch|p1a: Giratina|Giratina, L75|216/349\n|-ability|p1a: Giratina|Pressure\n|move|p2a: Conkeldurr|Knock Off|p1a: Giratina\n|-supereffective|p1a: Giratina\n|-damage|p1a: Giratina|70/349\n|-enditem|p1a: Giratina|Leftovers|[from] move: Knock Off|[of] p2a: Conkeldurr\n|\n|-status|p2a: Conkeldurr|brn|[from] item: Flame Orb\n|upkeep\n|turn|14\n|\n|t:|1733843221\n|move|p1a: Giratina|Rest|p1a: Giratina\n|-status|p1a: Giratina|slp|[from] move: Rest\n|-heal|p1a: Giratina|349/349 slp|[silent]\n|move|p2a: Conkeldurr|Knock Off|p1a: Giratina\n|-supereffective|p1a: Giratina\n|-damage|p1a: Giratina|209/349 slp\n|\n|-damage|p2a: Conkeldurr|281/299 brn|[from] brn\n|upkeep\n|turn|15\n|\n|t:|1733843231\n|cant|p1a: Giratina|slp\n|move|p1a: Giratina|Sleep Talk|p1a: Giratina\n|move|p1a: Giratina|Dragon Pulse|p2a: Conkeldurr|[from]move: Sleep Talk\n|-damage|p2a: Conkeldurr|182/299 brn\n|move|p2a: Conkeldurr|Knock Off|p1a: Giratina\n|-supereffective|p1a: Giratina\n|-damage|p1a: Giratina|53/349 slp\n|\n|-damage|p2a: Conkeldurr|164/299 brn|[from] brn\n|upkeep\n|turn|16\n|\n|t:|1733843242\n|cant|p1a: Giratina|slp\n|move|p1a: Giratina|Sleep Talk|p1a: Giratina\n|move|p1a: Giratina|Rest||[from]move: Sleep Talk|[still]\n|-fail|p1a: Giratina\n|move|p2a: Conkeldurr|Knock Off|p1a: Giratina\n|-supereffective|p1a: Giratina\n|-damage|p1a: Giratina|0 fnt\n|faint|p1a: Giratina\n|\n|-damage|p2a: Conkeldurr|146/299 brn|[from] brn\n|upkeep\n|\n|t:|1733843249\n|switch|p1a: Ho-Oh|Ho-Oh, L71|268/268\n|turn|17\n|\n|t:|1733843258\n|switch|p2a: Oricorio|Oricorio-Pom-Pom, L82, M|257/257\n|move|p1a: Ho-Oh|Brave Bird|p2a: Oricorio\n|-resisted|p2a: Oricorio\n|-damage|p2a: Oricorio|185/257\n|-damage|p1a: Ho-Oh|244/268|[from] Recoil\n|\n|upkeep\n|turn|18\n|\n|t:|1733843272\n|switch|p1a: Lucario|Lucario, L84, F|194/255\n|move|p2a: Oricorio|Quiver Dance|p2a: Oricorio\n|-boost|p2a: Oricorio|spa|1\n|-boost|p2a: Oricorio|spd|1\n|-boost|p2a: Oricorio|spe|1\n|\n|upkeep\n|turn|19\n|\n|t:|1733843283\n|move|p2a: Oricorio|Revelation Dance|p1a: Lucario\n|-damage|p1a: Lucario|31/255\n|move|p1a: Lucario|Close Combat|p2a: Oricorio\n|-resisted|p2a: Oricorio\n|-damage|p2a: Oricorio|101/257\n|-unboost|p1a: Lucario|def|1\n|-unboost|p1a: Lucario|spd|1\n|\n|upkeep\n|turn|20\n|\n|t:|1733843293\n|move|p1a: Lucario|Extreme Speed|p2a: Oricorio\n|-damage|p2a: Oricorio|32/257\n|move|p2a: Oricorio|Revelation Dance|p1a: Lucario\n|-damage|p1a: Lucario|0 fnt\n|faint|p1a: Lucario\n|\n|upkeep\n|\n|t:|1733843299\n|switch|p1a: Lokix|Lokix, L82, M|251/251\n|turn|21\n|\n|t:|1733843304\n|move|p1a: Lokix|First Impression|p2a: Oricorio\n|-resisted|p2a: Oricorio\n|-damage|p2a: Oricorio|0 fnt\n|faint|p2a: Oricorio\n|-damage|p1a: Lokix|226/251|[from] item: Life Orb\n|\n|upkeep\n|\n|t:|1733843311\n|switch|p2a: Conkeldurr|Conkeldurr, L80, F|146/299 brn\n|turn|22\n|\n|t:|1733843316\n|move|p2a: Conkeldurr|Mach Punch|p1a: Lokix\n|-damage|p1a: Lokix|144/251\n|move|p1a: Lokix|Leech Life|p2a: Conkeldurr\n|-resisted|p2a: Conkeldurr\n|-damage|p2a: Conkeldurr|37/299 brn\n|-heal|p1a: Lokix|199/251|[from] drain|[of] p2a: Conkeldurr\n|-damage|p1a: Lokix|174/251|[from] item: Life Orb\n|\n|-damage|p2a: Conkeldurr|19/299 brn|[from] brn\n|upkeep\n|turn|23\n|\n|t:|1733843327\n|move|p2a: Conkeldurr|Mach Punch|p1a: Lokix\n|-damage|p1a: Lokix|81/251\n|move|p1a: Lokix|Leech Life|p2a: Conkeldurr\n|-resisted|p2a: Conkeldurr\n|-damage|p2a: Conkeldurr|0 fnt\n|-heal|p1a: Lokix|91/251|[from] drain|[of] p2a: Conkeldurr\n|faint|p2a: Conkeldurr\n|-damage|p1a: Lokix|66/251|[from] item: Life Orb\n|\n|upkeep\n|\n|t:|1733843337\n|switch|p2a: Basculin|Basculin, L86, M|190/261\n|turn|24\n|\n|t:|1733843345\n|switch|p1a: Ho-Oh|Ho-Oh, L71|268/268\n|move|p2a: Basculin|Wave Crash|p1a: Ho-Oh\n|-supereffective|p1a: Ho-Oh\n|-damage|p1a: Ho-Oh|0 fnt\n|faint|p1a: Ho-Oh\n|-damage|p2a: Basculin|102/261|[from] Recoil\n|\n|upkeep\n|\n|t:|1733843346\n|switch|p1a: Lokix|Lokix, L82, M|66/251\n|turn|25\n|\n|t:|1733843357\n|move|p1a: Lokix|First Impression|p2a: Basculin\n|-damage|p2a: Basculin|0 fnt\n|faint|p2a: Basculin\n|-damage|p1a: Lokix|41/251|[from] item: Life Orb\n|\n|upkeep\n|\n|t:|1733843363\n|switch|p2a: Tyranitar|Tyranitar, L79, F|288/288\n|-weather|Sandstorm|[from] ability: Sand Stream|[of] p2a: Tyranitar\n|turn|26\n|\n|t:|1733843370\n|move|p1a: Lokix|Leech Life|p2a: Tyranitar\n|-supereffective|p2a: Tyranitar\n|-damage|p2a: Tyranitar|83/288\n|-heal|p1a: Lokix|144/251|[from] drain|[of] p2a: Tyranitar\n|-damage|p1a: Lokix|119/251|[from] item: Life Orb\n|move|p2a: Tyranitar|Dragon Dance|p2a: Tyranitar\n|-boost|p2a: Tyranitar|atk|1\n|-boost|p2a: Tyranitar|spe|1\n|\n|-weather|Sandstorm|[upkeep]\n|-damage|p1a: Lokix|104/251|[from] Sandstorm\n|-heal|p2a: Tyranitar|101/288|[from] item: Leftovers\n|upkeep\n|turn|27\n|\n|t:|1733843384\n|move|p1a: Lokix|Sucker Punch|p2a: Tyranitar\n|-resisted|p2a: Tyranitar\n|-damage|p2a: Tyranitar|15/288\n|-damage|p1a: Lokix|79/251|[from] item: Life Orb\n|move|p2a: Tyranitar|Stone Edge|p1a: Lokix\n|-supereffective|p1a: Lokix\n|-damage|p1a: Lokix|0 fnt\n|faint|p1a: Lokix\n|\n|-weather|Sandstorm|[upkeep]\n|-heal|p2a: Tyranitar|33/288|[from] item: Leftovers\n|upkeep\n|\n|t:|1733843387\n|switch|p1a: Farigiraf|Farigiraf, L91, F|366/366\n|turn|28\n|\n|t:|1733843398\n|move|p2a: Tyranitar|Knock Off|p1a: Farigiraf\n|-supereffective|p1a: Farigiraf\n|-damage|p1a: Farigiraf|0 fnt\n|-enditem|p1a: Farigiraf|Leftovers|[from] move: Knock Off|[of] p2a: Tyranitar\n|faint|p1a: Farigiraf\n|\n|win|Temp6t9\n|raw|alfaz1994's rating: 1462 &rarr; <strong>1438</strong><br />(-24 for losing)\n|raw|Temp6t9's rating: 1394 &rarr; <strong>1418</strong><br />(+24 for winning)\n|l|\u2606alfaz1994\n|player|p1|\n", "inputlog": ">version bfd83cad13791eb5a5a409923076391caf6fb4d4\n>start {\"formatid\":\"gen9randombattle\",\"seed\":[30327,28950,25829,39990],\"rated\":\"Rated battle\"}\n>player p1 {\"name\":\"alfaz1994\",\"avatar\":\"265\",\"rating\":1444,\"seed\":[11743,46775,39404,40216]}\n>player p2 {\"name\":\"Temp6t9\",\"avatar\":\"erika\",\"rating\":1394,\"seed\":[20719,28218,34384,2205]}\n>p1 switch 5\n>p2 move wavecrash\n>p1 move calmmind\n>p2 switch 2\n>p1 switch 6\n>p2 move knockoff\n>p1 move recover\n>p2 switch 2\n>p1 switch 6\n>p2 move wavecrash\n>p1 move dragonpulse\n>p2 switch 2\n>p1 switch 5\n>p2 move knockoff\n>p1 move closecombat\n>p2 move drainpunch\n>p2 switch 3\n>p1 switch 2\n>p2 move dragondance\n>p1 move doubleedge terastallize\n>p2 move dragondance terastallize\n>p1 move doubleedge\n>p2 move terablast\n>p1 switch 2\n>p1 move extremespeed\n>p2 move terablast\n>p2 switch 5\n>p1 switch 5\n>p2 move knockoff\n>p1 move rest\n>p2 move knockoff\n>p1 move sleeptalk\n>p2 move knockoff\n>p1 move sleeptalk\n>p2 move knockoff\n>p1 switch 6\n>p1 move bravebird\n>p2 switch 4\n>p1 switch 5\n>p2 move quiverdance\n>p1 move closecombat\n>p2 move revelationdance\n>p1 move extremespeed\n>p2 move revelationdance\n>p1 switch 3\n>p1 move firstimpression\n>p2 move roost\n>p2 switch 4\n>p1 move leechlife\n>p2 move machpunch\n>p1 move leechlife\n>p2 move machpunch\n>p2 switch 2\n>p1 switch 5\n>p2 move wavecrash\n>p1 switch 5\n>p1 move firstimpression\n>p2 move wavecrash\n>p2 switch 6\n>p1 move leechlife\n>p2 move dragondance\n>p1 move suckerpunch\n>p2 move stoneedge\n>p1 switch 4\n>p1 move hypervoice\n>p2 move knockoff", "uploadtime": 1733843408, "views": 1, "formatid": "gen9randombattle", "rating": 1418, "private": 0, "password": null}