{"id": "gen9randombattle-2260723567", "format": "[Gen 9] Random Battle", "players": ["cerola1060", "Masterlordofswag"], "log": "|j|\u2606cerola1060\n|j|\u2606Masterlordofswag\n|t:|1733883136\n|gametype|singles\n|player|p1|cerola1060|170|1348\n|player|p2|Masterlordofswag|cynthia-gen4|1376\n|teamsize|p1|6\n|teamsize|p2|6\n|gen|9\n|tier|[Gen 9] Random Battle\n|rated|\n|rule|Species Clause: Limit one of each Pok\u00e9mon\n|rule|HP Percentage Mod: HP is shown in percentages\n|rule|Sleep Clause Mod: Limit one foe put to sleep\n|rule|Illusion Level Mod: Illusion disguises the Pok\u00e9mon's true level\n|\n|t:|1733883136\n|start\n|switch|p1a: Garchomp|Garchomp, L74, M|282/282\n|switch|p2a: Klefki|Klefki, L84, F|233/233\n|turn|1\n|\n|t:|1733883158\n|switch|p1a: Honchkrow|Honchkrow, L86, F|312/312\n|move|p2a: Klefki|Dazzling Gleam|p1a: Honchkrow\n|-supereffective|p1a: Honchkrow\n|-damage|p1a: Honchkrow|114/312\n|\n|upkeep\n|turn|2\n|\n|t:|1733883183\n|move|p2a: Klefki|Thunder Wave|p1a: Honchkrow\n|-hint|Since gen 7, Dark is immune to Prankster moves.\n|-immune|p1a: Honchkrow\n|move|p1a: Honchkrow|Thunder Wave|p2a: Klefki\n|-status|p2a: Klefki|par\n|\n|upkeep\n|turn|3\n|inactive|Battle timer is ON: inactive players will automatically lose when time's up. (requested by Masterlordofswag)\n|c|\u2606Masterlordofswag|12 IQ play on my end\n|inactive|cerola1060 has 120 seconds left.\n|c|\u2606Masterlordofswag|13 if im being generous\n|c|\u2606cerola1060|>:D\n|\n|t:|1733883242\n|switch|p1a: Plusle|Plusle, L95, M|268/268\n|move|p2a: Klefki|Dazzling Gleam|p1a: Plusle\n|-damage|p1a: Plusle|199/268\n|\n|upkeep\n|turn|4\n|\n|t:|1733883259\n|switch|p2a: Plusle|Plusle, L95, F|268/268\n|move|p1a: Plusle|Nasty Plot|p1a: Plusle\n|-boost|p1a: Plusle|spa|2\n|\n|upkeep\n|turn|5\n|c|\u2606cerola1060|OH\n|c|\u2606cerola1060|YEAH\n|inactive|cerola1060 has 120 seconds left.\n|\n|t:|1733883286\n|move|p1a: Plusle|Alluring Voice|p2a: Plusle\n|-damage|p2a: Plusle|104/268\n|-damage|p1a: Plusle|173/268|[from] item: Life Orb\n|move|p2a: Plusle|Alluring Voice|p1a: Plusle\n|-damage|p1a: Plusle|92/268\n|-damage|p2a: Plusle|78/268|[from] item: Life Orb\n|\n|upkeep\n|turn|6\n|c|\u2606cerola1060|OH\n|inactive|cerola1060 has 120 seconds left.\n|\n|t:|1733883296\n|-terastallize|p2a: Plusle|Fairy\n|move|p2a: Plusle|Alluring Voice|p1a: Plusle\n|-damage|p1a: Plusle|0 fnt\n|faint|p1a: Plusle\n|-damage|p2a: Plusle|52/268|[from] item: Life Orb\n|\n|upkeep\n|inactive|cerola1060 has 120 seconds left.\n|c|\u2606Masterlordofswag|IQ jumped to 14\n|c|\u2606cerola1060|thx\n|c|\u2606Masterlordofswag|mine lol\n|\n|t:|1733883327\n|switch|p1a: Clefable|Clefable, L83, F|293/293\n|turn|7\n|c|\u2606Masterlordofswag|for using prankster on a dark type\n|inactive|cerola1060 has 90 seconds left.\n|\n|t:|1733883350\n|move|p2a: Plusle|Thunderbolt|p1a: Clefable\n|-damage|p1a: Clefable|147/293\n|-damage|p2a: Plusle|26/268|[from] item: Life Orb\n|move|p1a: Clefable|Knock Off|p2a: Plusle\n|-resisted|p2a: Plusle\n|-damage|p2a: Plusle|0 fnt\n|-enditem|p2a: Plusle|Life Orb|[from] move: Knock Off|[of] p1a: Clefable\n|faint|p2a: Plusle\n|\n|upkeep\n|\n|t:|1733883365\n|switch|p2a: Klefki|Klefki, L84, F|233/233 par\n|turn|8\n|\n|t:|1733883376\n|move|p2a: Klefki|Thunder Wave|p1a: Clefable\n|-status|p1a: Clefable|par\n|move|p1a: Clefable|Knock Off|p2a: Klefki\n|-resisted|p2a: Klefki\n|-damage|p2a: Klefki|201/233 par\n|-enditem|p2a: Klefki|Leftovers|[from] move: Knock Off|[of] p1a: Clefable\n|\n|upkeep\n|turn|9\n|\n|t:|1733883392\n|switch|p2a: Glastrier|Glastrier, L86|312/312\n|move|p1a: Clefable|Fire Blast|p2a: Glastrier\n|-supereffective|p2a: Glastrier\n|-damage|p2a: Glastrier|148/312\n|\n|upkeep\n|turn|10\n|\n|t:|1733883405\n|move|p2a: Glastrier|Heavy Slam|p1a: Clefable\n|-supereffective|p1a: Clefable\n|-damage|p1a: Clefable|0 fnt\n|faint|p1a: Clefable\n|-ability|p2a: Glastrier|Chilling Neigh|boost\n|-boost|p2a: Glastrier|atk|1\n|\n|upkeep\n|\n|t:|1733883417\n|switch|p1a: Honchkrow|Honchkrow, L86, F|114/312\n|turn|11\n|\n|t:|1733883427\n|move|p1a: Honchkrow|Brave Bird|p2a: Glastrier\n|-damage|p2a: Glastrier|36/312\n|-damage|p1a: Honchkrow|77/312|[from] Recoil\n|move|p2a: Glastrier|Icicle Crash|p1a: Honchkrow\n|-supereffective|p1a: Honchkrow\n|-damage|p1a: Honchkrow|0 fnt\n|faint|p1a: Honchkrow\n|-ability|p2a: Glastrier|Chilling Neigh|boost\n|-boost|p2a: Glastrier|atk|1\n|\n|upkeep\n|inactive|cerola1060 has 90 seconds left.\n|\n|t:|1733883444\n|switch|p1a: Chien-Pao|Chien-Pao, L72|234/234\n|-ability|p1a: Chien-Pao|Sword of Ruin\n|turn|12\n|\n|t:|1733883450\n|move|p1a: Chien-Pao|Throat Chop|p2a: Glastrier\n|-damage|p2a: Glastrier|0 fnt\n|faint|p2a: Glastrier\n|\n|upkeep\n|\n|t:|1733883454\n|switch|p2a: Furret|Furret, L94, F|312/312\n|-item|p1a: Chien-Pao|Heavy-Duty Boots|[from] ability: Frisk|[of] p2a: Furret\n|turn|13\n|\n|t:|1733883464\n|move|p1a: Chien-Pao|Swords Dance|p1a: Chien-Pao\n|-boost|p1a: Chien-Pao|atk|2\n|move|p2a: Furret|Brick Break|p1a: Chien-Pao\n|-supereffective|p1a: Chien-Pao\n|-damage|p1a: Chien-Pao|0 fnt\n|faint|p1a: Chien-Pao\n|-damage|p2a: Furret|281/312|[from] item: Life Orb\n|\n|upkeep\n|\n|t:|1733883477\n|switch|p1a: Garchomp|Garchomp, L74, M|282/282\n|turn|14\n|\n|t:|1733883485\n|move|p2a: Furret|Knock Off|p1a: Garchomp\n|-damage|p1a: Garchomp|191/282\n|-damage|p2a: Furret|242/312|[from] ability: Rough Skin|[of] p1a: Garchomp\n|-damage|p2a: Furret|190/312|[from] item: Rocky Helmet|[of] p1a: Garchomp\n|-enditem|p1a: Garchomp|Rocky Helmet|[from] move: Knock Off|[of] p2a: Furret\n|-damage|p2a: Furret|159/312|[from] item: Life Orb\n|move|p1a: Garchomp|Spikes|p2a: Furret\n|-sidestart|p2: Masterlordofswag|Spikes\n|\n|upkeep\n|turn|15\n|\n|t:|1733883497\n|move|p2a: Furret|Tidy Up|p2a: Furret\n|-sideend|p2: Masterlordofswag|Spikes\n|-activate|p2a: Furret|move: Tidy Up\n|-boost|p2a: Furret|atk|1\n|-boost|p2a: Furret|spe|1\n|move|p1a: Garchomp|Spikes|p2a: Furret\n|-sidestart|p2: Masterlordofswag|Spikes\n|\n|upkeep\n|turn|16\n|\n|t:|1733883505\n|move|p2a: Furret|Double-Edge|p1a: Garchomp\n|-damage|p1a: Garchomp|0 fnt\n|-damage|p2a: Furret|120/312|[from] ability: Rough Skin|[of] p1a: Garchomp\n|faint|p1a: Garchomp\n|-damage|p2a: Furret|57/312|[from] Recoil\n|-damage|p2a: Furret|26/312|[from] item: Life Orb\n|\n|upkeep\n|\n|t:|1733883515\n|switch|p1a: Lugia|Lugia, L72|272/272\n|turn|17\n|inactive|cerola1060 has 120 seconds left.\n|c|\u2606cerola1060|let him cook.\n|\n|t:|1733883543\n|-terastallize|p1a: Lugia|Steel\n|move|p2a: Furret|Knock Off|p1a: Lugia\n|-damage|p1a: Lugia|208/272\n|-enditem|p1a: Lugia|Heavy-Duty Boots|[from] move: Knock Off|[of] p2a: Furret\n|-damage|p2a: Furret|0 fnt|[from] item: Life Orb\n|faint|p2a: Furret\n|move|p1a: Lugia|Aeroblast|p2: Furret|[notarget]\n|-fail|p1a: Lugia\n|\n|upkeep\n|\n|t:|1733883555\n|switch|p2a: Klefki|Klefki, L84, F|201/233 par\n|-damage|p2a: Klefki|172/233 par|[from] Spikes\n|turn|18\n|\n|t:|1733883566\n|move|p2a: Klefki|Thunder Wave|p1a: Lugia\n|-status|p1a: Lugia|par\n|move|p1a: Lugia|Earth Power|p2a: Klefki\n|-supereffective|p2a: Klefki\n|-damage|p2a: Klefki|82/233 par\n|\n|upkeep\n|turn|19\n|\n|t:|1733883591\n|cant|p1a: Lugia|par\n|move|p2a: Klefki|Dazzling Gleam|p1a: Lugia\n|-resisted|p1a: Lugia\n|-damage|p1a: Lugia|178/272 par\n|\n|upkeep\n|turn|20\n|\n|t:|1733883598\n|cant|p1a: Lugia|par\n|move|p2a: Klefki|Dazzling Gleam|p1a: Lugia\n|-resisted|p1a: Lugia\n|-damage|p1a: Lugia|153/272 par\n|\n|upkeep\n|turn|21\n|inactive|cerola1060 has 120 seconds left.\n|\n|t:|1733883611\n|switch|p2a: Hatterene|Hatterene, L85, F|236/236\n|-damage|p2a: Hatterene|207/236|[from] Spikes\n|move|p1a: Lugia|Calm Mind|p1a: Lugia\n|-boost|p1a: Lugia|spa|1\n|-boost|p1a: Lugia|spd|1\n|\n|upkeep\n|turn|22\n|inactive|cerola1060 has 120 seconds left.\n|c|\u2606cerola1060|oh no\n|inactive|cerola1060 has 90 seconds left.\n|\n|t:|1733883648\n|move|p1a: Lugia|Aeroblast|p2a: Hatterene\n|-damage|p2a: Hatterene|141/236\n|move|p2a: Hatterene|Mystical Fire|p1a: Lugia\n|-supereffective|p1a: Lugia\n|-damage|p1a: Lugia|85/272 par\n|-unboost|p1a: Lugia|spa|1\n|\n|upkeep\n|turn|23\n|inactive|cerola1060 has 90 seconds left.\n|\n|t:|1733883662\n|move|p1a: Lugia|Recover|p1a: Lugia\n|-heal|p1a: Lugia|221/272 par\n|move|p2a: Hatterene|Psychic Noise|p1a: Lugia\n|-resisted|p1a: Lugia\n|-damage|p1a: Lugia|196/272 par\n|-start|p1a: Lugia|move: Heal Block\n|\n|upkeep\n|turn|24\n|\n|t:|1733883668\n|cant|p1a: Lugia|par\n|move|p2a: Hatterene|Mystical Fire|p1a: Lugia\n|-supereffective|p1a: Lugia\n|-damage|p1a: Lugia|124/272 par\n|-unboost|p1a: Lugia|spa|1\n|\n|-end|p1a: Lugia|move: Heal Block\n|upkeep\n|turn|25\n|\n|t:|1733883672\n|move|p1a: Lugia|Calm Mind|p1a: Lugia\n|-boost|p1a: Lugia|spa|1\n|-boost|p1a: Lugia|spd|1\n|move|p2a: Hatterene|Mystical Fire|p1a: Lugia\n|-supereffective|p1a: Lugia\n|-damage|p1a: Lugia|66/272 par\n|-unboost|p1a: Lugia|spa|1\n|\n|upkeep\n|turn|26\n|\n|t:|1733883684\n|switch|p2a: Rabsca|Rabsca, L91, F|284/284\n|move|p1a: Lugia|Recover|p1a: Lugia\n|-heal|p1a: Lugia|202/272 par\n|\n|upkeep\n|turn|27\n|\n|t:|1733883699\n|move|p2a: Rabsca|Revival Blessing|p2a: Rabsca\n|\n|t:|1733883701\n|-heal|p2: Glastrier|156/312|[from] move: Revival Blessing\n|move|p1a: Lugia|Calm Mind|p1a: Lugia\n|-boost|p1a: Lugia|spa|1\n|-boost|p1a: Lugia|spd|1\n|\n|upkeep\n|turn|28\n|\n|t:|1733883713\n|switch|p2a: Hatterene|Hatterene, L85, F|141/236\n|-damage|p2a: Hatterene|112/236|[from] Spikes\n|move|p1a: Lugia|Calm Mind|p1a: Lugia\n|-boost|p1a: Lugia|spa|1\n|-boost|p1a: Lugia|spd|1\n|\n|upkeep\n|turn|29\n|\n|t:|1733883725\n|move|p1a: Lugia|Aeroblast|p2a: Hatterene\n|-damage|p2a: Hatterene|46/236\n|move|p2a: Hatterene|Mystical Fire|p1a: Lugia\n|-supereffective|p1a: Lugia\n|-damage|p1a: Lugia|162/272 par\n|-unboost|p1a: Lugia|spa|1\n|\n|upkeep\n|turn|30\n|\n|t:|1733883733\n|move|p1a: Lugia|Aeroblast|p2a: Hatterene\n|-damage|p2a: Hatterene|3/236\n|move|p2a: Hatterene|Psychic Noise|p1a: Lugia\n|-resisted|p1a: Lugia\n|-damage|p1a: Lugia|149/272 par\n|-start|p1a: Lugia|move: Heal Block\n|\n|upkeep\n|turn|31\n|inactive|cerola1060 has 120 seconds left.\n|\n|t:|1733883741\n|move|p1a: Lugia|Calm Mind|p1a: Lugia\n|-boost|p1a: Lugia|spa|1\n|-boost|p1a: Lugia|spd|1\n|move|p2a: Hatterene|Mystical Fire|p1a: Lugia\n|-supereffective|p1a: Lugia\n|-damage|p1a: Lugia|119/272 par\n|-unboost|p1a: Lugia|spa|1\n|\n|-end|p1a: Lugia|move: Heal Block\n|upkeep\n|turn|32\n|\n|t:|1733883747\n|move|p1a: Lugia|Calm Mind|p1a: Lugia\n|-boost|p1a: Lugia|spa|1\n|-boost|p1a: Lugia|spd|1\n|move|p2a: Hatterene|Mystical Fire|p1a: Lugia\n|-supereffective|p1a: Lugia\n|-damage|p1a: Lugia|93/272 par\n|-unboost|p1a: Lugia|spa|1\n|\n|upkeep\n|turn|33\n|\n|t:|1733883754\n|move|p1a: Lugia|Aeroblast|p2a: Hatterene\n|-damage|p2a: Hatterene|0 fnt\n|faint|p2a: Hatterene\n|\n|upkeep\n|\n|t:|1733883756\n|switch|p2a: Glastrier|Glastrier, L86|156/312\n|turn|34\n|c|\u2606Masterlordofswag|gg\n|\n|t:|1733883760\n|move|p2a: Glastrier|Close Combat|p1a: Lugia\n|-supereffective|p1a: Lugia\n|-damage|p1a: Lugia|0 fnt\n|-unboost|p2a: Glastrier|def|1\n|-unboost|p2a: Glastrier|spd|1\n|faint|p1a: Lugia\n|\n|win|Masterlordofswag\n|raw|cerola1060's rating: 1365 &rarr; <strong>1346</strong><br />(-19 for losing)\n|raw|Masterlordofswag's rating: 1376 &rarr; <strong>1395</strong><br />(+19 for winning)\n|c|\u2606cerola1060|gg\n", "inputlog": ">version bfd83cad13791eb5a5a409923076391caf6fb4d4\n>start {\"formatid\":\"gen9randombattle\",\"seed\":[52251,21130,35473,42956],\"rated\":\"Rated battle\"}\n>player p1 {\"name\":\"cerola1060\",\"avatar\":\"170\",\"rating\":1348,\"seed\":[55540,23418,39778,8609]}\n>player p2 {\"name\":\"Masterlordofswag\",\"avatar\":\"cynthia-gen4\",\"rating\":1376,\"seed\":[51731,47299,53903,58077]}\n>p1 switch 2\n>p2 move dazzlinggleam\n>p1 move thunderwave\n>p2 move thunderwave\n>chat \u2606Masterlordofswag|12 IQ play on my end\n>chat \u2606Masterlordofswag|13 if im being generous\n>chat \u2606cerola1060|>:D\n>p1 switch 6\n>p2 move dazzlinggleam\n>p1 move nastyplot\n>p2 switch 3\n>chat \u2606cerola1060|OH\n>chat \u2606cerola1060|YEAH\n>p1 move alluringvoice\n>p2 move alluringvoice\n>chat \u2606cerola1060|OH\n>p1 move alluringvoice\n>p2 move alluringvoice terastallize\n>chat \u2606Masterlordofswag|IQ jumped to 14\n>chat \u2606cerola1060|thx\n>chat \u2606Masterlordofswag|mine lol\n>p1 switch 5\n>chat \u2606Masterlordofswag|for using prankster on a dark type\n>p1 move knockoff\n>p2 move thunderbolt\n>p2 switch 3\n>p1 move knockoff\n>p2 move thunderwave\n>p1 move fireblast\n>p2 switch 4\n>p1 move fireblast\n>p2 move heavyslam\n>p1 switch 6\n>p1 move bravebird\n>p2 move iciclecrash\n>p1 switch 4\n>p1 move throatchop\n>p2 move closecombat\n>p2 switch 2\n>p1 move swordsdance\n>p2 move brickbreak\n>p1 switch 2\n>p1 move spikes\n>p2 move knockoff\n>p1 move spikes\n>p2 move tidyup\n>p1 move dragontail\n>p2 move doubleedge\n>p1 switch 3\n>chat \u2606cerola1060|let him cook.\n>p1 move aeroblast terastallize\n>p2 move knockoff\n>p2 switch 4\n>p1 move earthpower\n>p2 move thunderwave\n>p1 move calmmind\n>p2 move dazzlinggleam\n>p1 move calmmind\n>p2 move dazzlinggleam\n>p1 move calmmind\n>p2 switch 6\n>chat \u2606cerola1060|oh no\n>p1 move aeroblast\n>p2 move mysticalfire\n>p1 move recover\n>p2 move psychicnoise\n>p1 move calmmind\n>p2 move mysticalfire\n>p1 move calmmind\n>p2 move mysticalfire\n>p1 move recover\n>p2 switch 5\n>p1 move calmmind\n>p2 move revivalblessing\n>p2 switch 2\n>p1 move calmmind\n>p2 switch 5\n>p1 move aeroblast\n>p2 move mysticalfire\n>p1 move aeroblast\n>p2 move psychicnoise\n>p1 move calmmind\n>p2 move mysticalfire\n>p1 move calmmind\n>p2 move mysticalfire\n>p1 move aeroblast\n>p2 move psychicnoise\n>p2 switch 2\n>chat \u2606Masterlordofswag|gg\n>p1 move recover\n>p2 move closecombat", "uploadtime": 1733883769, "views": 5, "formatid": "gen9randombattle", "rating": 1346, "private": 0, "password": null}