{"id": "gen9randombattle-2260610747", "format": "[Gen 9] Random Battle", "players": ["Theregoeszay", "luisultimaosha2"], "log": "|j|\u2606Theregoeszay\n|j|\u2606luisultimaosha2\n|t:|1733869031\n|gametype|singles\n|player|p1|Theregoeszay|170|1626\n|player|p2|luisultimaosha2|170|1675\n|teamsize|p1|6\n|teamsize|p2|6\n|gen|9\n|tier|[Gen 9] Random Battle\n|rated|\n|rule|Species Clause: Limit one of each Pok\u00e9mon\n|rule|HP Percentage Mod: HP is shown in percentages\n|rule|Sleep Clause Mod: Limit one foe put to sleep\n|rule|Illusion Level Mod: Illusion disguises the Pok\u00e9mon's true level\n|\n|t:|1733869031\n|start\n|switch|p1a: Inteleon|Inteleon, L81, M|246/246\n|switch|p2a: Minior|Minior-Orange, L79|224/224\n|-formechange|p2a: Minior|Minior-Meteor||[from] ability: Shields Down\n|turn|1\n|inactive|Battle timer is ON: inactive players will automatically lose when time's up. (requested by Theregoeszay)\n|\n|t:|1733869039\n|switch|p2a: Lugia|Lugia, L72|272/272\n|move|p1a: Inteleon|Hydro Pump|p2a: Lugia\n|-damage|p2a: Lugia|194/272\n|\n|upkeep\n|turn|2\n|\n|t:|1733869045\n|switch|p1a: Cryogonal|Cryogonal, L89|287/287\n|move|p2a: Lugia|Calm Mind|p2a: Lugia\n|-boost|p2a: Lugia|spa|1\n|-boost|p2a: Lugia|spd|1\n|\n|upkeep\n|turn|3\n|\n|t:|1733869051\n|move|p1a: Cryogonal|Freeze-Dry|p2a: Lugia\n|-supereffective|p2a: Lugia\n|-damage|p2a: Lugia|120/272\n|move|p2a: Lugia|Recover|p2a: Lugia\n|-heal|p2a: Lugia|256/272\n|\n|upkeep\n|turn|4\n|\n|t:|1733869066\n|move|p1a: Cryogonal|Freeze-Dry|p2a: Lugia\n|-supereffective|p2a: Lugia\n|-crit|p2a: Lugia\n|-damage|p2a: Lugia|70/272\n|move|p2a: Lugia|Calm Mind|p2a: Lugia\n|-boost|p2a: Lugia|spa|1\n|-boost|p2a: Lugia|spd|1\n|\n|upkeep\n|turn|5\n|\n|t:|1733869071\n|move|p1a: Cryogonal|Freeze-Dry|p2a: Lugia\n|-supereffective|p2a: Lugia\n|-damage|p2a: Lugia|14/272\n|move|p2a: Lugia|Recover|p2a: Lugia\n|-heal|p2a: Lugia|150/272\n|\n|upkeep\n|turn|6\n|\n|t:|1733869077\n|move|p1a: Cryogonal|Freeze-Dry|p2a: Lugia\n|-supereffective|p2a: Lugia\n|-damage|p2a: Lugia|84/272\n|move|p2a: Lugia|Recover|p2a: Lugia\n|-heal|p2a: Lugia|220/272\n|\n|upkeep\n|turn|7\n|\n|t:|1733869082\n|-terastallize|p2a: Lugia|Steel\n|move|p1a: Cryogonal|Freeze-Dry|p2a: Lugia\n|-resisted|p2a: Lugia\n|-damage|p2a: Lugia|204/272\n|move|p2a: Lugia|Aeroblast|p1a: Cryogonal|[miss]\n|-miss|p2a: Lugia|p1a: Cryogonal\n|\n|upkeep\n|turn|8\n|\n|t:|1733869097\n|switch|p1a: Inteleon|Inteleon, L81, M|246/246\n|move|p2a: Lugia|Aeroblast|p1a: Inteleon\n|-crit|p1a: Inteleon\n|-damage|p1a: Inteleon|0 fnt\n|faint|p1a: Inteleon\n|\n|upkeep\n|\n|t:|1733869099\n|switch|p1a: Probopass|Probopass, L92, M|260/260\n|turn|9\n|\n|t:|1733869107\n|move|p2a: Lugia|Earth Power|p1a: Probopass\n|-supereffective|p1a: Probopass\n|-damage|p1a: Probopass|44/260\n|move|p1a: Probopass|Body Press|p2a: Lugia\n|-supereffective|p2a: Lugia\n|-damage|p2a: Lugia|34/272\n|\n|upkeep\n|turn|10\n|\n|t:|1733869113\n|move|p2a: Lugia|Earth Power|p1a: Probopass\n|-supereffective|p1a: Probopass\n|-damage|p1a: Probopass|0 fnt\n|faint|p1a: Probopass\n|\n|upkeep\n|\n|t:|1733869115\n|switch|p1a: Raichu|Raichu-Alola, L87, F|246/246\n|turn|11\n|\n|t:|1733869119\n|move|p1a: Raichu|Thunderbolt|p2a: Lugia\n|-damage|p2a: Lugia|0 fnt\n|faint|p2a: Lugia\n|-damage|p1a: Raichu|222/246|[from] item: Life Orb\n|\n|upkeep\n|\n|t:|1733869124\n|switch|p2a: Golurk|Golurk, L87|297/297\n|turn|12\n|\n|t:|1733869129\n|switch|p1a: Cryogonal|Cryogonal, L89|287/287\n|move|p2a: Golurk|Stealth Rock|p1a: Cryogonal\n|-sidestart|p1: Theregoeszay|move: Stealth Rock\n|\n|upkeep\n|turn|13\n|\n|t:|1733869134\n|switch|p2a: Luxray|Luxray, L88, F|283/283\n|move|p1a: Cryogonal|Freeze-Dry|p2a: Luxray\n|-damage|p2a: Luxray|190/283\n|\n|-status|p2a: Luxray|brn|[from] item: Flame Orb\n|upkeep\n|turn|14\n|\n|t:|1733869141\n|switch|p1a: Leafeon|Leafeon, L88, F|258/258\n|-damage|p1a: Leafeon|226/258|[from] Stealth Rock\n|move|p2a: Luxray|Trailblaze|p1a: Leafeon\n|-resisted|p1a: Leafeon\n|-damage|p1a: Leafeon|204/258\n|-boost|p2a: Luxray|spe|1\n|\n|-damage|p2a: Luxray|173/283 brn|[from] brn\n|upkeep\n|turn|15\n|\n|t:|1733869148\n|move|p2a: Luxray|Facade|p1a: Leafeon\n|-damage|p1a: Leafeon|75/258\n|move|p1a: Leafeon|Leaf Blade|p2a: Luxray\n|-damage|p2a: Luxray|5/283 brn\n|-damage|p1a: Leafeon|50/258|[from] item: Life Orb\n|\n|-damage|p2a: Luxray|0 fnt|[from] brn\n|faint|p2a: Luxray\n|upkeep\n|\n|t:|1733869153\n|switch|p2a: Minior|Minior-Orange, L79|224/224\n|-formechange|p2a: Minior|Minior-Meteor||[from] ability: Shields Down\n|turn|16\n|\n|t:|1733869162\n|move|p1a: Leafeon|Knock Off|p2a: Minior\n|-damage|p2a: Minior|115/224\n|-enditem|p2a: Minior|White Herb|[from] move: Knock Off|[of] p1a: Leafeon\n|-damage|p1a: Leafeon|25/258|[from] item: Life Orb\n|move|p2a: Minior|Shell Smash|p2a: Minior\n|-unboost|p2a: Minior|def|1\n|-unboost|p2a: Minior|spd|1\n|-boost|p2a: Minior|atk|2\n|-boost|p2a: Minior|spa|2\n|-boost|p2a: Minior|spe|2\n|\n|upkeep\n|turn|17\n|\n|t:|1733869173\n|move|p2a: Minior|Acrobatics|p1a: Leafeon\n|-supereffective|p1a: Leafeon\n|-damage|p1a: Leafeon|0 fnt\n|faint|p1a: Leafeon\n|\n|upkeep\n|\n|t:|1733869183\n|switch|p1a: Cryogonal|Cryogonal, L89|287/287\n|turn|18\n|\n|t:|1733869188\n|move|p2a: Minior|Earthquake|p1a: Cryogonal\n|-immune|p1a: Cryogonal|[from] ability: Levitate\n|move|p1a: Cryogonal|Freeze-Dry|p2a: Minior\n|-supereffective|p2a: Minior\n|-damage|p2a: Minior|0 fnt\n|faint|p2a: Minior\n|\n|upkeep\n|\n|t:|1733869192\n|switch|p2a: Sudowoodo|Sudowoodo, L94, F|284/284\n|turn|19\n|\n|t:|1733869201\n|move|p1a: Cryogonal|Flash Cannon|p2a: Sudowoodo\n|-supereffective|p2a: Sudowoodo\n|-damage|p2a: Sudowoodo|142/284\n|move|p2a: Sudowoodo|Head Smash|p1a: Cryogonal\n|-supereffective|p1a: Cryogonal\n|-damage|p1a: Cryogonal|0 fnt\n|faint|p1a: Cryogonal\n|\n|upkeep\n|\n|t:|1733869207\n|switch|p1a: Ogerpon|Ogerpon-Wellspring, L76, F|247/247\n|-damage|p1a: Ogerpon|217/247|[from] Stealth Rock\n|turn|20\n|\n|t:|1733869215\n|move|p1a: Ogerpon|Ivy Cudgel|p2a: Sudowoodo|[anim] Ivy Cudgel Water\n|-supereffective|p2a: Sudowoodo\n|-damage|p2a: Sudowoodo|0 fnt\n|faint|p2a: Sudowoodo\n|\n|upkeep\n|\n|t:|1733869217\n|switch|p2a: Glalie|Glalie, L96, F|309/309\n|turn|21\n|\n|t:|1733869246\n|-terastallize|p1a: Ogerpon|Water\n|detailschange|p1a: Ogerpon|Ogerpon-Wellspring-Tera, L76, F, tera:Water\n|-ability|p1a: Ogerpon|Embody Aspect (Wellspring)|boost\n|-boost|p1a: Ogerpon|spd|1\n|move|p1a: Ogerpon|Ivy Cudgel|p2a: Glalie|[anim] Ivy Cudgel Water\n|-damage|p2a: Glalie|151/309\n|move|p2a: Glalie|Freeze-Dry|p1a: Ogerpon\n|-supereffective|p1a: Ogerpon\n|-damage|p1a: Ogerpon|107/247\n|\n|upkeep\n|turn|22\n|\n|t:|1733869259\n|move|p1a: Ogerpon|Ivy Cudgel|p2a: Glalie|[anim] Ivy Cudgel Water\n|-damage|p2a: Glalie|1/309\n|move|p2a: Glalie|Freeze-Dry|p1a: Ogerpon\n|-supereffective|p1a: Ogerpon\n|-damage|p1a: Ogerpon|0 fnt\n|faint|p1a: Ogerpon\n|\n|upkeep\n|\n|t:|1733869265\n|switch|p1a: Raichu|Raichu-Alola, L87, F|222/246\n|-damage|p1a: Raichu|192/246|[from] Stealth Rock\n|turn|23\n|\n|t:|1733869271\n|move|p1a: Raichu|Nasty Plot|p1a: Raichu\n|-boost|p1a: Raichu|spa|2\n|move|p2a: Glalie|Earthquake|p1a: Raichu\n|-supereffective|p1a: Raichu\n|-damage|p1a: Raichu|0 fnt\n|faint|p1a: Raichu\n|\n|win|luisultimaosha2\n|raw|Theregoeszay's rating: 1626 &rarr; <strong>1609</strong><br />(-17 for losing)\n|raw|luisultimaosha2's rating: 1675 &rarr; <strong>1692</strong><br />(+17 for winning)\n|c|\u2606Theregoeszay|Gg\n", "inputlog": ">version bfd83cad13791eb5a5a409923076391caf6fb4d4\n>start {\"formatid\":\"gen9randombattle\",\"seed\":[60976,32072,47445,9761],\"rated\":\"Rated battle\"}\n>player p1 {\"name\":\"Theregoeszay\",\"avatar\":\"170\",\"rating\":1626,\"seed\":[36797,56252,12068,54239]}\n>player p2 {\"name\":\"luisultimaosha2\",\"avatar\":\"170\",\"rating\":1675,\"seed\":[31902,104,19385,44208]}\n>p1 move hydropump\n>p2 switch 2\n>p1 switch 2\n>p2 move calmmind\n>p1 move freezedry\n>p2 move recover\n>p1 move freezedry\n>p2 move calmmind\n>p1 move freezedry\n>p2 move recover\n>p1 move freezedry\n>p2 move recover\n>p1 move freezedry\n>p2 move aeroblast terastallize\n>p1 switch 2\n>p2 move aeroblast\n>p1 switch 4\n>p1 move bodypress\n>p2 move earthpower\n>p1 move bodypress\n>p2 move earthpower\n>p1 switch 3\n>p1 move thunderbolt\n>p2 move recover\n>p2 switch 4\n>p1 switch 2\n>p2 move stealthrock\n>p1 move freezedry\n>p2 switch 3\n>p1 switch 6\n>p2 move trailblaze\n>p1 move leafblade\n>p2 move facade\n>p2 switch 2\n>p1 move knockoff\n>p2 move shellsmash\n>p1 move synthesis\n>p2 move acrobatics\n>p1 switch 6\n>p1 move freezedry\n>p2 move earthquake\n>p2 switch 5\n>p1 move flashcannon\n>p2 move headsmash\n>p1 switch 5\n>p1 move ivycudgel\n>p2 move headsmash\n>p2 switch 6\n>p1 move ivycudgel terastallize\n>p2 move freezedry\n>p1 move ivycudgel\n>p2 move freezedry\n>p1 switch 2\n>p1 move nastyplot\n>p2 move earthquake", "uploadtime": 1733869280, "views": 2, "formatid": "gen9randombattle", "rating": 1609, "private": 0, "password": null}