{"id": "gen9randombattle-2260495176", "format": "[Gen 9] Random Battle", "players": ["hdbndndndnnd", "Kakfjuaia"], "log": "|j|\u2606hdbndndndnnd\n|j|\u2606Kakfjuaia\n|t:|1733857100\n|gametype|singles\n|player|p1|hdbndndndnnd|brycenman|1025\n|player|p2|Kakfjuaia|170|1000\n|teamsize|p1|6\n|teamsize|p2|6\n|gen|9\n|tier|[Gen 9] Random Battle\n|rated|\n|rule|Species Clause: Limit one of each Pok\u00e9mon\n|rule|HP Percentage Mod: HP is shown in percentages\n|rule|Sleep Clause Mod: Limit one foe put to sleep\n|rule|Illusion Level Mod: Illusion disguises the Pok\u00e9mon's true level\n|\n|t:|1733857100\n|start\n|switch|p1a: Volcanion|Volcanion, L79|256/256\n|switch|p2a: Flygon|Flygon, L82, M|265/265\n|turn|1\n|\n|t:|1733857112\n|move|p2a: Flygon|Earthquake|p1a: Volcanion\n|-supereffective|p1a: Volcanion\n|-damage|p1a: Volcanion|68/256\n|move|p1a: Volcanion|Steam Eruption|p2a: Flygon\n|-damage|p2a: Flygon|114/265\n|\n|upkeep\n|turn|2\n|\n|t:|1733857120\n|switch|p1a: Eelektross|Eelektross, L87, F|290/290\n|move|p2a: Flygon|Earthquake|p1a: Eelektross\n|-immune|p1a: Eelektross|[from] ability: Levitate\n|\n|upkeep\n|turn|3\n|\n|t:|1733857132\n|switch|p2a: Regice|Regice, L88|284/284\n|move|p1a: Eelektross|Coil|p1a: Eelektross\n|-boost|p1a: Eelektross|atk|1\n|-boost|p1a: Eelektross|def|1\n|-boost|p1a: Eelektross|accuracy|1\n|\n|upkeep\n|turn|4\n|\n|t:|1733857200\n|move|p2a: Regice|Body Press|p1a: Eelektross\n|-damage|p1a: Eelektross|243/290\n|move|p1a: Eelektross|Coil|p1a: Eelektross\n|-boost|p1a: Eelektross|atk|1\n|-boost|p1a: Eelektross|def|1\n|-boost|p1a: Eelektross|accuracy|1\n|\n|-heal|p1a: Eelektross|261/290|[from] item: Leftovers\n|upkeep\n|turn|5\n|\n|t:|1733857208\n|move|p2a: Regice|Body Press|p1a: Eelektross\n|-damage|p1a: Eelektross|226/290\n|move|p1a: Eelektross|Coil|p1a: Eelektross\n|-boost|p1a: Eelektross|atk|1\n|-boost|p1a: Eelektross|def|1\n|-boost|p1a: Eelektross|accuracy|1\n|\n|-heal|p1a: Eelektross|244/290|[from] item: Leftovers\n|upkeep\n|turn|6\n|inactive|Battle timer is ON: inactive players will automatically lose when time's up. (requested by hdbndndndnnd)\n|\n|t:|1733857225\n|move|p2a: Regice|Ice Beam|p1a: Eelektross\n|-damage|p1a: Eelektross|138/290\n|move|p1a: Eelektross|Coil|p1a: Eelektross\n|-boost|p1a: Eelektross|atk|1\n|-boost|p1a: Eelektross|def|1\n|-boost|p1a: Eelektross|accuracy|1\n|\n|-heal|p1a: Eelektross|156/290|[from] item: Leftovers\n|upkeep\n|turn|7\n|\n|t:|1733857234\n|move|p2a: Regice|Ice Beam|p1a: Eelektross\n|-damage|p1a: Eelektross|53/290\n|move|p1a: Eelektross|Drain Punch|p2a: Regice\n|-supereffective|p2a: Regice\n|-damage|p2a: Regice|0 fnt\n|-heal|p1a: Eelektross|195/290|[from] drain|[of] p2a: Regice\n|faint|p2a: Regice\n|\n|-heal|p1a: Eelektross|213/290|[from] item: Leftovers\n|upkeep\n|\n|t:|1733857245\n|switch|p2a: Kingdra|Kingdra, L84, F|263/263\n|turn|8\n|\n|t:|1733857257\n|move|p2a: Kingdra|Wave Crash|p1a: Eelektross\n|-damage|p1a: Eelektross|168/290\n|-damage|p2a: Kingdra|248/263|[from] Recoil\n|move|p1a: Eelektross|Drain Punch|p2a: Kingdra\n|-damage|p2a: Kingdra|68/263\n|-heal|p1a: Eelektross|258/290|[from] drain|[of] p2a: Kingdra\n|\n|-heal|p1a: Eelektross|276/290|[from] item: Leftovers\n|upkeep\n|turn|9\n|-message|Kakfjuaia forfeited.\n|\n|win|hdbndndndnnd\n|raw|hdbndndndnnd's rating: 1025 &rarr; <strong>1059</strong><br />(+34 for winning)\n|raw|Kakfjuaia's rating: 1000 &rarr; <strong>1000</strong><br />(+0 for losing)\n|l|\u2606Kakfjuaia\n|player|p2|\n", "inputlog": ">version bfd83cad13791eb5a5a409923076391caf6fb4d4\n>start {\"formatid\":\"gen9randombattle\",\"seed\":[45076,22904,3228,42044],\"rated\":\"Rated battle\"}\n>player p1 {\"name\":\"hdbndndndnnd\",\"avatar\":\"brycenman\",\"rating\":1025,\"seed\":[13919,23778,60500,51028]}\n>player p2 {\"name\":\"Kakfjuaia\",\"avatar\":\"170\",\"rating\":1000,\"seed\":[50546,12496,39542,24046]}\n>p1 move steameruption\n>p2 move earthquake\n>p1 switch 4\n>p2 move earthquake\n>p1 move coil\n>p2 switch 3\n>p1 move coil\n>p2 move bodypress\n>p1 move coil\n>p2 move bodypress\n>p1 move coil\n>p2 move icebeam\n>p1 move drainpunch\n>p2 move icebeam\n>p2 switch 5\n>p1 move drainpunch\n>p2 move wavecrash\n>forcelose p2", "uploadtime": 1733857302, "views": 1, "formatid": "gen9randombattle", "rating": 1000, "private": 0, "password": null}