{"id": "gen9randombattle-2260896720", "format": "[Gen 9] Random Battle", "players": ["turtlamater", "fewqfqfqwgrg"], "log": "|j|\u2606turtlamater\n|j|\u2606fewqfqfqwgrg\n|t:|1733912832\n|gametype|singles\n|player|p1|turtlamater|101|1000\n|player|p2|fewqfqfqwgrg|1|1000\n|teamsize|p1|6\n|teamsize|p2|6\n|gen|9\n|tier|[Gen 9] Random Battle\n|rated|\n|rule|Species Clause: Limit one of each Pok\u00e9mon\n|rule|HP Percentage Mod: HP is shown in percentages\n|rule|Sleep Clause Mod: Limit one foe put to sleep\n|rule|Illusion Level Mod: Illusion disguises the Pok\u00e9mon's true level\n|\n|t:|1733912832\n|start\n|switch|p1a: Necrozma|Necrozma-Dawn-Wings, L76|272/272\n|switch|p2a: Shiftry|Shiftry, L89, F|305/305\n|turn|1\n|inactive|Battle timer is ON: inactive players will automatically lose when time's up. (requested by fewqfqfqwgrg)\n|\n|t:|1733912856\n|move|p2a: Shiftry|Swords Dance|p2a: Shiftry\n|-boost|p2a: Shiftry|atk|2\n|move|p1a: Necrozma|Dragon Dance|p1a: Necrozma\n|-boost|p1a: Necrozma|atk|1\n|-boost|p1a: Necrozma|spe|1\n|\n|upkeep\n|turn|2\n|\n|t:|1733912863\n|move|p1a: Necrozma|Moongeist Beam|p2a: Shiftry\n|-resisted|p2a: Shiftry\n|-damage|p2a: Shiftry|192/305\n|-damage|p1a: Necrozma|245/272|[from] item: Life Orb\n|move|p2a: Shiftry|Knock Off|p1a: Necrozma\n|-supereffective|p1a: Necrozma\n|-damage|p1a: Necrozma|0 fnt\n|-enditem|p1a: Necrozma|Life Orb|[from] move: Knock Off|[of] p2a: Shiftry\n|faint|p1a: Necrozma\n|-damage|p2a: Shiftry|162/305|[from] item: Life Orb\n|\n|upkeep\n|\n|t:|1733912882\n|switch|p1a: Zamazenta|Zamazenta-Crowned, L68|238/238\n|-ability|p1a: Zamazenta|Dauntless Shield|boost\n|-boost|p1a: Zamazenta|def|1\n|turn|3\n|\n|t:|1733912895\n|switch|p2a: Palossand|Palossand, L89, M|296/296\n|move|p1a: Zamazenta|Heavy Slam|p2a: Palossand\n|-damage|p2a: Palossand|242/296\n|\n|-heal|p2a: Palossand|260/296|[from] item: Leftovers\n|upkeep\n|turn|4\n|\n|t:|1733912903\n|move|p1a: Zamazenta|Iron Defense|p1a: Zamazenta\n|-boost|p1a: Zamazenta|def|2\n|move|p2a: Palossand|Shadow Ball|p1a: Zamazenta\n|-damage|p1a: Zamazenta|154/238\n|\n|-heal|p2a: Palossand|278/296|[from] item: Leftovers\n|upkeep\n|turn|5\n|\n|t:|1733912912\n|move|p1a: Zamazenta|Crunch|p2a: Palossand\n|-supereffective|p2a: Palossand\n|-damage|p2a: Palossand|198/296\n|move|p2a: Palossand|Earth Power|p1a: Zamazenta\n|-supereffective|p1a: Zamazenta\n|-damage|p1a: Zamazenta|0 fnt\n|faint|p1a: Zamazenta\n|\n|-heal|p2a: Palossand|216/296|[from] item: Leftovers\n|upkeep\n|\n|t:|1733912926\n|switch|p1a: Arceus|Arceus-Water, L71|288/288\n|turn|6\n|\n|t:|1733912947\n|-terastallize|p2a: Palossand|Water\n|move|p1a: Arceus|Ice Beam|p2a: Palossand\n|-resisted|p2a: Palossand\n|-damage|p2a: Palossand|185/296\n|move|p2a: Palossand|Shadow Ball|p1a: Arceus\n|-damage|p1a: Arceus|195/288\n|-unboost|p1a: Arceus|spd|1\n|\n|-heal|p2a: Palossand|203/296|[from] item: Leftovers\n|upkeep\n|turn|7\n|\n|t:|1733912970\n|switch|p1a: Solgaleo|Solgaleo, L74|325/325\n|move|p2a: Palossand|Earth Power|p1a: Solgaleo\n|-supereffective|p1a: Solgaleo\n|-crit|p1a: Solgaleo\n|-damage|p1a: Solgaleo|0 fnt\n|faint|p1a: Solgaleo\n|\n|-heal|p2a: Palossand|221/296|[from] item: Leftovers\n|upkeep\n|\n|t:|1733912981\n|switch|p1a: Flygon|Flygon, L82, F|265/265\n|turn|8\n|\n|t:|1733912989\n|switch|p2a: Tropius|Tropius, L91, M|328/328\n|move|p1a: Flygon|Outrage|p2a: Tropius\n|-damage|p2a: Tropius|151/328\n|-enditem|p2a: Tropius|Sitrus Berry|[eat]\n|-heal|p2a: Tropius|233/328|[from] item: Sitrus Berry\n|\n|upkeep\n|turn|9\n|\n|t:|1733912999\n|move|p1a: Flygon|Outrage|p2a: Tropius|[from]lockedmove\n|-damage|p2a: Tropius|40/328\n|move|p2a: Tropius|Leech Seed|p1a: Flygon\n|-start|p1a: Flygon|move: Leech Seed\n|\n|-damage|p1a: Flygon|232/265|[from] Leech Seed|[of] p2a: Tropius\n|-heal|p2a: Tropius|73/328|[silent]\n|-item|p2a: Tropius|Sitrus Berry|[from] ability: Harvest\n|upkeep\n|-enditem|p2a: Tropius|Sitrus Berry|[eat]\n|-heal|p2a: Tropius|155/328|[from] item: Sitrus Berry\n|turn|10\n|\n|t:|1733913009\n|move|p2a: Tropius|Protect|p2a: Tropius\n|-singleturn|p2a: Tropius|Protect\n|move|p1a: Flygon|Outrage|p2a: Tropius|[from]lockedmove\n|-activate|p2a: Tropius|move: Protect\n|-start|p1a: Flygon|confusion|[fatigue]\n|\n|-damage|p1a: Flygon|199/265|[from] Leech Seed|[of] p2a: Tropius\n|-heal|p2a: Tropius|188/328|[silent]\n|-item|p2a: Tropius|Sitrus Berry|[from] ability: Harvest\n|upkeep\n|turn|11\n|\n|t:|1733913019\n|-activate|p1a: Flygon|confusion\n|move|p1a: Flygon|Outrage|p2a: Tropius\n|-damage|p2a: Tropius|19/328\n|-enditem|p2a: Tropius|Sitrus Berry|[eat]\n|-heal|p2a: Tropius|101/328|[from] item: Sitrus Berry\n|move|p2a: Tropius|Substitute|p2a: Tropius\n|-start|p2a: Tropius|Substitute\n|-damage|p2a: Tropius|19/328\n|\n|-damage|p1a: Flygon|166/265|[from] Leech Seed|[of] p2a: Tropius\n|-heal|p2a: Tropius|52/328|[silent]\n|upkeep\n|turn|12\n|\n|t:|1733913030\n|move|p2a: Tropius|Protect|p2a: Tropius\n|-singleturn|p2a: Tropius|Protect\n|-activate|p1a: Flygon|confusion\n|-damage|p1a: Flygon|133/265|[from] confusion\n|\n|-damage|p1a: Flygon|100/265|[from] Leech Seed|[of] p2a: Tropius\n|-heal|p2a: Tropius|85/328|[silent]\n|upkeep\n|turn|13\n|\n|t:|1733913036\n|-end|p1a: Flygon|confusion\n|move|p1a: Flygon|Outrage|p2a: Tropius\n|-end|p2a: Tropius|Substitute\n|move|p2a: Tropius|Air Slash|p1a: Flygon\n|-damage|p1a: Flygon|22/265\n|\n|-damage|p1a: Flygon|0 fnt|[from] Leech Seed|[of] p2a: Tropius\n|-heal|p2a: Tropius|107/328|[silent]\n|faint|p1a: Flygon\n|-item|p2a: Tropius|Sitrus Berry|[from] ability: Harvest\n|upkeep\n|-enditem|p2a: Tropius|Sitrus Berry|[eat]\n|-heal|p2a: Tropius|189/328|[from] item: Sitrus Berry\n|-message|turtlamater forfeited.\n|\n|win|fewqfqfqwgrg\n|raw|turtlamater's rating: 1000 &rarr; <strong>1000</strong><br />(+0 for losing)\n|raw|fewqfqfqwgrg's rating: 1000 &rarr; <strong>1040</strong><br />(+40 for winning)\n|l|\u2606turtlamater\n|player|p1|\n", "inputlog": ">version bfd83cad13791eb5a5a409923076391caf6fb4d4\n>start {\"formatid\":\"gen9randombattle\",\"seed\":[52804,62272,23591,33919],\"rated\":\"Rated battle\"}\n>player p1 {\"name\":\"turtlamater\",\"avatar\":\"101\",\"rating\":1000,\"seed\":[1409,15282,8423,64912]}\n>player p2 {\"name\":\"fewqfqfqwgrg\",\"avatar\":\"1\",\"rating\":1000,\"seed\":[12183,60024,52240,63169]}\n>p1 move dragondance\n>p2 move swordsdance\n>p1 move moongeistbeam\n>p2 move knockoff\n>p1 switch 5\n>p1 move heavyslam\n>p2 switch 4\n>p1 move irondefense\n>p2 move shadowball\n>p1 move crunch\n>p2 move earthpower\n>p1 switch 6\n>p1 move icebeam\n>p2 move shadowball terastallize\n>p1 switch 2\n>p2 move earthpower\n>p1 switch 3\n>p1 move outrage\n>p2 switch 5\n>p1 move outrage\n>p2 move leechseed\n>p1 move outrage\n>p2 move protect\n>p1 move outrage\n>p2 move substitute\n>p1 move outrage\n>p2 move protect\n>p1 move outrage\n>p2 move airslash\n>forcelose p1", "uploadtime": 1733913050, "views": 2, "formatid": "gen9randombattle", "rating": 1000, "private": 0, "password": null}