{"id": "gen9randombattle-2259785407", "format": "[Gen 9] Random Battle", "players": ["stranger_gms", "hjbbkbk"], "log": "|j|\u2606stranger_gms\n|j|\u2606hjbbkbk\n|t:|1733766500\n|gametype|singles\n|player|p1|stranger_gms|cynthia|1000\n|player|p2|hjbbkbk|265|1000\n|teamsize|p1|6\n|teamsize|p2|6\n|gen|9\n|tier|[Gen 9] Random Battle\n|rated|\n|rule|Species Clause: Limit one of each Pok\u00e9mon\n|rule|HP Percentage Mod: HP is shown in percentages\n|rule|Sleep Clause Mod: Limit one foe put to sleep\n|rule|Illusion Level Mod: Illusion disguises the Pok\u00e9mon's true level\n|\n|t:|1733766500\n|start\n|switch|p1a: Vileplume|Vileplume, L85, F|266/266\n|switch|p2a: Smeargle|Smeargle, L95, F|258/258\n|turn|1\n|\n|t:|1733766541\n|move|p2a: Smeargle|Shell Smash|p2a: Smeargle\n|-unboost|p2a: Smeargle|def|1\n|-unboost|p2a: Smeargle|spd|1\n|-boost|p2a: Smeargle|atk|2\n|-boost|p2a: Smeargle|spa|2\n|-boost|p2a: Smeargle|spe|2\n|move|p1a: Vileplume|Sleep Powder|p2a: Smeargle\n|-status|p2a: Smeargle|slp|[from] move: Sleep Powder\n|\n|upkeep\n|turn|2\n|\n|t:|1733766555\n|switch|p2a: Camerupt|Camerupt, L91, F|275/275\n|switch|p1a: Uxie|Uxie, L83|260/260\n|\n|upkeep\n|turn|3\n|\n|t:|1733766576\n|move|p1a: Uxie|Knock Off|p2a: Camerupt\n|-damage|p2a: Camerupt|211/275\n|-enditem|p2a: Camerupt|Leftovers|[from] move: Knock Off|[of] p1a: Uxie\n|move|p2a: Camerupt|Stealth Rock|p1a: Uxie\n|-sidestart|p1: stranger_gms|move: Stealth Rock\n|\n|upkeep\n|turn|4\n|\n|t:|1733766588\n|move|p1a: Uxie|Yawn|p2a: Camerupt\n|-start|p2a: Camerupt|move: Yawn|[of] p1a: Uxie\n|move|p2a: Camerupt|Roar|p1a: Uxie\n|drag|p1a: Vileplume|Vileplume, L85, F|266/266\n|-damage|p1a: Vileplume|233/266|[from] Stealth Rock\n|\n|-heal|p1a: Vileplume|249/266|[from] item: Leftovers\n|upkeep\n|turn|5\n|\n|t:|1733766607\n|switch|p2a: Tsareena|Tsareena, L87, F|267/267\n|move|p1a: Vileplume|Giga Drain|p2a: Tsareena\n|-resisted|p2a: Tsareena\n|-damage|p2a: Tsareena|228/267\n|-heal|p1a: Vileplume|266/266|[from] drain|[of] p2a: Tsareena\n|\n|upkeep\n|turn|6\n|\n|t:|1733766620\n|switch|p2a: Camerupt|Camerupt, L91, F|211/275\n|switch|p1a: Chandelure|Chandelure, L83, M|235/235\n|\n|upkeep\n|turn|7\n|\n|t:|1733766650\n|move|p1a: Chandelure|Calm Mind|p1a: Chandelure\n|-boost|p1a: Chandelure|spa|1\n|-boost|p1a: Chandelure|spd|1\n|move|p2a: Camerupt|Earthquake|p1a: Chandelure\n|-supereffective|p1a: Chandelure\n|-damage|p1a: Chandelure|0 fnt\n|faint|p1a: Chandelure\n|\n|upkeep\n|\n|t:|1733766659\n|switch|p1a: Venusaur|Venusaur, L84, F|272/272\n|-damage|p1a: Venusaur|238/272|[from] Stealth Rock\n|turn|8\n|\n|t:|1733766671\n|move|p1a: Venusaur|Sludge Bomb|p2a: Camerupt\n|-resisted|p2a: Camerupt\n|-damage|p2a: Camerupt|163/275\n|move|p2a: Camerupt|Overheat|p1a: Venusaur\n|-supereffective|p1a: Venusaur\n|-damage|p1a: Venusaur|0 fnt\n|-unboost|p2a: Camerupt|spa|2\n|faint|p1a: Venusaur\n|\n|upkeep\n|\n|t:|1733766687\n|switch|p1a: Dachsbun|Dachsbun, L92, F|254/254\n|-damage|p1a: Dachsbun|223/254|[from] Stealth Rock\n|turn|9\n|\n|t:|1733766702\n|switch|p2a: Regigigas|Regigigas, L84|322/322\n|-start|p2a: Regigigas|ability: Slow Start\n|move|p1a: Dachsbun|Wish|p1a: Dachsbun\n|\n|-heal|p1a: Dachsbun|238/254|[from] item: Leftovers\n|upkeep\n|turn|10\n|\n|t:|1733766718\n|move|p1a: Dachsbun|Play Rough|p2a: Regigigas\n|-damage|p2a: Regigigas|237/322\n|-unboost|p2a: Regigigas|atk|1\n|move|p2a: Regigigas|Substitute|p2a: Regigigas\n|-start|p2a: Regigigas|Substitute\n|-damage|p2a: Regigigas|157/322\n|\n|-heal|p1a: Dachsbun|254/254|[from] move: Wish|[wisher] Dachsbun\n|-heal|p2a: Regigigas|177/322|[from] item: Leftovers\n|upkeep\n|turn|11\n|\n|t:|1733766730\n|move|p2a: Regigigas|Protect|p2a: Regigigas\n|-singleturn|p2a: Regigigas|Protect\n|move|p1a: Dachsbun|Stomping Tantrum|p2a: Regigigas\n|-activate|p2a: Regigigas|move: Protect\n|\n|-heal|p2a: Regigigas|197/322|[from] item: Leftovers\n|upkeep\n|turn|12\n|\n|t:|1733766739\n|move|p1a: Dachsbun|Stomping Tantrum|p2a: Regigigas\n|-crit|p2a: Regigigas\n|-activate|p2a: Regigigas|move: Substitute|[damage]\n|move|p2a: Regigigas|Body Slam|p1a: Dachsbun\n|-damage|p1a: Dachsbun|221/254\n|\n|-heal|p1a: Dachsbun|236/254|[from] item: Leftovers\n|-heal|p2a: Regigigas|217/322|[from] item: Leftovers\n|upkeep\n|turn|13\n|\n|t:|1733766748\n|move|p2a: Regigigas|Protect|p2a: Regigigas\n|-singleturn|p2a: Regigigas|Protect\n|move|p1a: Dachsbun|Play Rough|p2a: Regigigas\n|-activate|p2a: Regigigas|move: Protect\n|\n|-heal|p1a: Dachsbun|251/254|[from] item: Leftovers\n|-heal|p2a: Regigigas|237/322|[from] item: Leftovers\n|upkeep\n|turn|14\n|\n|t:|1733766757\n|move|p1a: Dachsbun|Play Rough|p2a: Regigigas\n|-end|p2a: Regigigas|Substitute\n|move|p2a: Regigigas|Body Slam|p1a: Dachsbun\n|-damage|p1a: Dachsbun|214/254\n|-status|p1a: Dachsbun|par\n|\n|-heal|p1a: Dachsbun|229/254 par|[from] item: Leftovers\n|-heal|p2a: Regigigas|257/322|[from] item: Leftovers\n|-end|p2a: Regigigas|Slow Start\n|upkeep\n|turn|15\n|\n|t:|1733766771\n|switch|p1a: Furret|Furret, L94, F|312/312\n|-damage|p1a: Furret|273/312|[from] Stealth Rock\n|-item|p2a: Regigigas|Leftovers|[from] ability: Frisk|[of] p1a: Furret\n|move|p2a: Regigigas|Knock Off|p1a: Furret\n|-damage|p1a: Furret|194/312\n|-enditem|p1a: Furret|Life Orb|[from] move: Knock Off|[of] p2a: Regigigas\n|\n|-heal|p2a: Regigigas|277/322|[from] item: Leftovers\n|upkeep\n|turn|16\n|-message|stranger_gms forfeited.\n|\n|win|hjbbkbk\n|raw|stranger_gms's rating: 1000 &rarr; <strong>1000</strong><br />(+0 for losing)\n|raw|hjbbkbk's rating: 1000 &rarr; <strong>1040</strong><br />(+40 for winning)\n|l|\u2606stranger_gms\n|player|p1|\n", "inputlog": ">version bfd83cad13791eb5a5a409923076391caf6fb4d4\n>start {\"formatid\":\"gen9randombattle\",\"seed\":[50936,46254,28195,50580],\"rated\":\"Rated battle\"}\n>player p1 {\"name\":\"stranger_gms\",\"avatar\":\"cynthia\",\"rating\":1000,\"seed\":[27834,38195,30243,37529]}\n>player p2 {\"name\":\"hjbbkbk\",\"avatar\":\"265\",\"rating\":1000,\"seed\":[30451,54464,10147,57001]}\n>p1 move sleeppowder\n>p2 move shellsmash\n>p1 switch 3\n>p2 switch 5\n>p1 move knockoff\n>p2 move stealthrock\n>p1 move yawn\n>p2 move roar\n>p1 move gigadrain\n>p2 switch 6\n>p1 switch 4\n>p2 switch 6\n>p1 move calmmind\n>p2 move earthquake\n>p1 switch 5\n>p1 move sludgebomb\n>p2 move overheat\n>p1 switch 2\n>p1 move wish\n>p2 switch 2\n>p1 move playrough\n>p2 move substitute\n>p1 move stompingtantrum\n>p2 move protect\n>p1 move stompingtantrum\n>p2 move bodyslam\n>p1 move playrough\n>p2 move protect\n>p1 move playrough\n>p2 move bodyslam\n>p1 switch 6\n>p2 move knockoff\n>forcelose p1", "uploadtime": 1733766798, "views": 1, "formatid": "gen9randombattle", "rating": 1000, "private": 0, "password": null}