{"id": "gen9randombattle-2190710966", "format": "[Gen 9] Random Battle", "players": ["Panty&Stockings", "Qiuescent"], "log": "|j|\u2606Panty&Stockings\n|j|\u203dQiuescent\n|t:|1724979989\n|gametype|singles\n|player|p1|Panty&Stockings|gardenia-masters|2283\n|player|p2|Qiuescent|169|2200\n|teamsize|p1|6\n|teamsize|p2|6\n|gen|9\n|tier|[Gen 9] Random Battle\n|rated|\n|rule|Species Clause: Limit one of each Pok\u00e9mon\n|rule|HP Percentage Mod: HP is shown in percentages\n|rule|Sleep Clause Mod: Limit one foe put to sleep\n|rule|Illusion Level Mod: Illusion disguises the Pok\u00e9mon's true level\n|\n|t:|1724979989\n|start\n|switch|p1a: Forretress|Forretress, L84, M|263/263\n|switch|p2a: Revavroom|Revavroom, L79, F|256/256\n|turn|1\n|inactive|Battle timer is ON: inactive players will automatically lose when time's up. (requested by Panty&Stockings)\n|\n|t:|1724979999\n|switch|p2a: Moltres|Moltres, L81|278/278\n|move|p1a: Forretress|Stealth Rock|p2a: Moltres\n|-sidestart|p2: Qiuescent|move: Stealth Rock\n|\n|upkeep\n|turn|2\n|\n|t:|1724980005\n|switch|p1a: Garchomp|Garchomp, L74, F, shiny|282/282\n|move|p2a: Moltres|Brave Bird|p1a: Garchomp\n|-damage|p1a: Garchomp|141/282\n|-damage|p2a: Moltres|244/278|[from] ability: Rough Skin|[of] p1a: Garchomp\n|-damage|p2a: Moltres|198/278|[from] item: Rocky Helmet|[of] p1a: Garchomp\n|-damage|p2a: Moltres|151/278|[from] Recoil\n|\n|upkeep\n|turn|3\n|\n|t:|1724980018\n|move|p1a: Garchomp|Spikes|p2a: Moltres\n|-sidestart|p2: Qiuescent|Spikes\n|move|p2a: Moltres|Brave Bird|p1a: Garchomp\n|-damage|p1a: Garchomp|12/282\n|-damage|p2a: Moltres|117/278|[from] ability: Rough Skin|[of] p1a: Garchomp\n|-damage|p2a: Moltres|71/278|[from] item: Rocky Helmet|[of] p1a: Garchomp\n|-damage|p2a: Moltres|28/278|[from] Recoil\n|\n|upkeep\n|turn|4\n|\n|t:|1724980026\n|switch|p2a: Manaphy|Manaphy, L78|284/284\n|-damage|p2a: Manaphy|249/284|[from] Stealth Rock\n|-damage|p2a: Manaphy|214/284|[from] Spikes\n|move|p1a: Garchomp|Stone Edge|p2a: Manaphy|[miss]\n|-miss|p1a: Garchomp|p2a: Manaphy\n|\n|-heal|p2a: Manaphy|231/284|[from] item: Leftovers\n|upkeep\n|turn|5\n|\n|t:|1724980040\n|switch|p1a: Delibird|Delibird, M|252/252\n|move|p2a: Manaphy|Surf|p1a: Delibird\n|-damage|p1a: Delibird|132/252\n|\n|-heal|p2a: Manaphy|248/284|[from] item: Leftovers\n|upkeep\n|turn|6\n|inactive|Qiuescent has 120 seconds left.\n|\n|t:|1724980090\n|switch|p2a: Blissey|Blissey, L84, F|566/566\n|-damage|p2a: Blissey|496/566|[from] Stealth Rock\n|-damage|p2a: Blissey|426/566|[from] Spikes\n|move|p1a: Delibird|Brave Bird|p2a: Blissey\n|-damage|p2a: Blissey|0 fnt\n|faint|p2a: Blissey\n|-damage|p1a: Delibird|0 fnt|[from] Recoil\n|faint|p1a: Delibird\n|\n|upkeep\n|\n|t:|1724980105\n|switch|p1a: Garchomp|Garchomp, L74, F, shiny|12/282\n|switch|p2a: Manaphy|Manaphy, L78|248/284\n|-damage|p2a: Manaphy|213/284|[from] Stealth Rock\n|-damage|p2a: Manaphy|178/284|[from] Spikes\n|turn|7\n|\n|t:|1724980111\n|move|p2a: Manaphy|Energy Ball|p1a: Garchomp\n|-damage|p1a: Garchomp|0 fnt\n|faint|p1a: Garchomp\n|\n|-heal|p2a: Manaphy|195/284|[from] item: Leftovers\n|upkeep\n|\n|t:|1724980118\n|switch|p1a: Espathra|Espathra, L80, F|283/283\n|turn|8\n|\n|t:|1724980124\n|move|p1a: Espathra|Calm Mind|p1a: Espathra\n|-boost|p1a: Espathra|spa|1\n|-boost|p1a: Espathra|spd|1\n|move|p2a: Manaphy|Surf|p1a: Espathra\n|-damage|p1a: Espathra|201/283\n|\n|-heal|p1a: Espathra|218/283|[from] item: Leftovers\n|-heal|p2a: Manaphy|212/284|[from] item: Leftovers\n|-ability|p1a: Espathra|Speed Boost|boost\n|-boost|p1a: Espathra|spe|1\n|upkeep\n|turn|9\n|\n|t:|1724980129\n|move|p1a: Espathra|Calm Mind|p1a: Espathra\n|-boost|p1a: Espathra|spa|1\n|-boost|p1a: Espathra|spd|1\n|move|p2a: Manaphy|Tail Glow|p2a: Manaphy\n|-boost|p2a: Manaphy|spa|3\n|\n|-heal|p1a: Espathra|235/283|[from] item: Leftovers\n|-heal|p2a: Manaphy|229/284|[from] item: Leftovers\n|-ability|p1a: Espathra|Speed Boost|boost\n|-boost|p1a: Espathra|spe|1\n|upkeep\n|turn|10\n|\n|t:|1724980132\n|move|p1a: Espathra|Stored Power|p2a: Manaphy\n|-damage|p2a: Manaphy|0 fnt\n|faint|p2a: Manaphy\n|\n|-heal|p1a: Espathra|252/283|[from] item: Leftovers\n|-ability|p1a: Espathra|Speed Boost|boost\n|-boost|p1a: Espathra|spe|1\n|upkeep\n|\n|t:|1724980138\n|switch|p2a: Hitmonchan|Hitmonchan, L87, M|229/229\n|-damage|p2a: Hitmonchan|215/229|[from] Stealth Rock\n|-damage|p2a: Hitmonchan|187/229|[from] Spikes\n|turn|11\n|\n|t:|1724980143\n|move|p1a: Espathra|Protect|p1a: Espathra\n|-singleturn|p1a: Espathra|Protect\n|move|p2a: Hitmonchan|Rapid Spin|p1a: Espathra\n|-activate|p1a: Espathra|move: Protect\n|\n|-heal|p1a: Espathra|269/283|[from] item: Leftovers\n|-heal|p2a: Hitmonchan|201/229|[from] item: Leftovers\n|-ability|p1a: Espathra|Speed Boost|boost\n|-boost|p1a: Espathra|spe|1\n|upkeep\n|turn|12\n|\n|t:|1724980147\n|-terastallize|p2a: Hitmonchan|Dark\n|move|p1a: Espathra|Stored Power|p2a: Hitmonchan\n|-immune|p2a: Hitmonchan\n|move|p2a: Hitmonchan|Knock Off|p1a: Espathra\n|-supereffective|p1a: Espathra\n|-damage|p1a: Espathra|0 fnt\n|-enditem|p1a: Espathra|Leftovers|[from] move: Knock Off|[of] p2a: Hitmonchan\n|faint|p1a: Espathra\n|\n|-heal|p2a: Hitmonchan|215/229|[from] item: Leftovers\n|upkeep\n|\n|t:|1724980157\n|switch|p1a: Forretress|Forretress, L84, M|263/263\n|turn|13\n|\n|t:|1724980166\n|move|p2a: Hitmonchan|Rapid Spin|p1a: Forretress\n|-resisted|p1a: Forretress\n|-damage|p1a: Forretress|250/263\n|-boost|p2a: Hitmonchan|spe|1\n|-sideend|p2: Qiuescent|Spikes|[from] move: Rapid Spin|[of] p2a: Hitmonchan\n|-sideend|p2: Qiuescent|Stealth Rock|[from] move: Rapid Spin|[of] p2a: Hitmonchan\n|move|p1a: Forretress|Iron Head|p2a: Hitmonchan\n|-damage|p2a: Hitmonchan|133/229\n|\n|-heal|p2a: Hitmonchan|147/229|[from] item: Leftovers\n|-heal|p1a: Forretress|263/263|[from] item: Leftovers\n|upkeep\n|turn|14\n|\n|t:|1724980170\n|move|p2a: Hitmonchan|Bulk Up|p2a: Hitmonchan\n|-boost|p2a: Hitmonchan|atk|1\n|-boost|p2a: Hitmonchan|def|1\n|move|p1a: Forretress|Iron Head|p2a: Hitmonchan\n|-damage|p2a: Hitmonchan|90/229\n|\n|-heal|p2a: Hitmonchan|104/229|[from] item: Leftovers\n|upkeep\n|turn|15\n|\n|t:|1724980176\n|move|p2a: Hitmonchan|Drain Punch|p1a: Forretress\n|-damage|p1a: Forretress|142/263\n|-heal|p2a: Hitmonchan|165/229|[from] drain|[of] p1a: Forretress\n|move|p1a: Forretress|Iron Head|p2a: Hitmonchan\n|-damage|p2a: Hitmonchan|114/229\n|\n|-heal|p2a: Hitmonchan|128/229|[from] item: Leftovers\n|-heal|p1a: Forretress|158/263|[from] item: Leftovers\n|upkeep\n|turn|16\n|-message|Panty&Stockings forfeited.\n|\n|win|Qiuescent\n|raw|Panty&amp;Stockings's rating: 2283 &rarr; <strong>2258</strong><br />(-25 for losing)\n|raw|Qiuescent's rating: 2200 &rarr; <strong>2225</strong><br />(+25 for winning)\n|l|\u2606Panty&Stockings\n|player|p1|\n", "inputlog": ">version 2e590d34c814cccdb89d4fed97a7fe8ad0bc829c\n>start {\"formatid\":\"gen9randombattle\",\"seed\":[65338,28070,44098,10411],\"rated\":\"Rated battle\"}\n>player p1 {\"name\":\"Panty&Stockings\",\"avatar\":\"gardenia-masters\",\"rating\":2283,\"seed\":[62775,29812,5954,12567]}\n>player p2 {\"name\":\"Qiuescent\",\"avatar\":\"169\",\"rating\":2200,\"seed\":[37469,33308,6650,57355]}\n>p1 move stealthrock\n>p2 switch 4\n>p1 switch 5\n>p2 move bravebird\n>p1 move spikes\n>p2 move bravebird\n>p1 move stoneedge\n>p2 switch 6\n>p1 switch 6\n>p2 move surf\n>p1 move bravebird\n>p2 switch 5\n>p1 switch 6\n>p2 switch 5\n>p1 move outrage\n>p2 move energyball\n>p1 switch 4\n>p1 move calmmind\n>p2 move surf\n>p1 move calmmind\n>p2 move tailglow\n>p1 move storedpower\n>p2 move surf\n>p2 switch 3\n>p1 move protect\n>p2 move rapidspin\n>p1 move storedpower\n>p2 move knockoff terastallize\n>p1 switch 5\n>p1 move ironhead\n>p2 move rapidspin\n>p1 move ironhead\n>p2 move bulkup\n>p1 move ironhead\n>p2 move drainpunch\n>forcelose p1", "uploadtime": 1724980182, "views": 131, "formatid": "gen9randombattle", "rating": 2225, "private": 0, "password": null}