{"id": "gen9randombattle-2260326948", "format": "[Gen 9] Random Battle", "players": ["Crocman96", "Auron139"], "log": "|j|\u2606Crocman96\n|j|\u2606Auron139\n|t:|1733840282\n|gametype|singles\n|player|p1|Crocman96|170|1672\n|player|p2|Auron139|blaine|1668\n|teamsize|p1|6\n|teamsize|p2|6\n|gen|9\n|tier|[Gen 9] Random Battle\n|rated|\n|rule|Species Clause: Limit one of each Pok\u00e9mon\n|rule|HP Percentage Mod: HP is shown in percentages\n|rule|Sleep Clause Mod: Limit one foe put to sleep\n|rule|Illusion Level Mod: Illusion disguises the Pok\u00e9mon's true level\n|\n|t:|1733840282\n|start\n|switch|p1a: Venomoth|Venomoth, L84, F|255/255\n|switch|p2a: Infernape|Infernape, L82, M|259/259\n|turn|1\n|\n|t:|1733840301\n|switch|p1a: Qwilfish|Qwilfish, L86, M|252/252\n|-ability|p1a: Qwilfish|Intimidate|boost\n|-unboost|p2a: Infernape|atk|1\n|move|p2a: Infernape|Stone Edge|p1a: Qwilfish\n|-damage|p1a: Qwilfish|187/252\n|-damage|p2a: Infernape|234/259|[from] item: Life Orb\n|\n|upkeep\n|turn|2\n|inactive|Battle timer is ON: inactive players will automatically lose when time's up. (requested by Crocman96)\n|\n|t:|1733840320\n|switch|p2a: Regice|Regice, L88|284/284\n|move|p1a: Qwilfish|Flip Turn|p2a: Regice\n|-damage|p2a: Regice|227/284\n|\n|t:|1733840330\n|switch|p1a: Venomoth|Venomoth, L84, F|255/255|[from] Flip Turn\n|\n|upkeep\n|turn|3\n|\n|t:|1733840344\n|move|p1a: Venomoth|Sleep Powder|p2a: Regice|[miss]\n|-miss|p1a: Venomoth|p2a: Regice\n|move|p2a: Regice|Ice Beam|p1a: Venomoth\n|-damage|p1a: Venomoth|135/255\n|\n|upkeep\n|turn|4\n|\n|t:|1733840355\n|move|p1a: Venomoth|Sleep Powder|p2a: Regice\n|-status|p2a: Regice|slp|[from] move: Sleep Powder\n|cant|p2a: Regice|slp\n|\n|upkeep\n|turn|5\n|\n|t:|1733840366\n|switch|p2a: Spiritomb|Spiritomb, L89, M|234/234\n|move|p1a: Venomoth|Quiver Dance|p1a: Venomoth\n|-boost|p1a: Venomoth|spa|1\n|-boost|p1a: Venomoth|spd|1\n|-boost|p1a: Venomoth|spe|1\n|\n|upkeep\n|turn|6\n|\n|t:|1733840376\n|move|p1a: Venomoth|Bug Buzz|p2a: Spiritomb\n|-damage|p2a: Spiritomb|128/234\n|move|p2a: Spiritomb|Poltergeist|p1a: Venomoth\n|-activate|p1a: Venomoth|move: Poltergeist|Heavy-Duty Boots\n|-damage|p1a: Venomoth|0 fnt\n|faint|p1a: Venomoth\n|\n|upkeep\n|\n|t:|1733840393\n|switch|p1a: Qwilfish|Qwilfish, L86, M|187/252\n|-ability|p1a: Qwilfish|Intimidate|boost\n|-unboost|p2a: Spiritomb|atk|1\n|turn|7\n|\n|t:|1733840414\n|move|p1a: Qwilfish|Toxic|p2a: Spiritomb\n|-status|p2a: Spiritomb|tox\n|move|p2a: Spiritomb|Poltergeist|p1a: Qwilfish\n|-activate|p1a: Qwilfish|move: Poltergeist|Heavy-Duty Boots\n|-damage|p1a: Qwilfish|66/252\n|\n|-damage|p2a: Spiritomb|114/234 tox|[from] psn\n|upkeep\n|turn|8\n|\n|t:|1733840427\n|move|p1a: Qwilfish|Flip Turn|p2a: Spiritomb\n|-damage|p2a: Spiritomb|62/234 tox\n|\n|t:|1733840430\n|switch|p1a: Indeedee|Indeedee-F, L90, F|272/272|[from] Flip Turn\n|-fieldstart|move: Psychic Terrain|[from] ability: Psychic Surge|[of] p1a: Indeedee\n|move|p2a: Spiritomb|Poltergeist|p1a: Indeedee\n|-immune|p1a: Indeedee\n|\n|-damage|p2a: Spiritomb|34/234 tox|[from] psn\n|upkeep\n|turn|9\n|\n|t:|1733840445\n|move|p1a: Indeedee|Dazzling Gleam|p2a: Spiritomb\n|-supereffective|p2a: Spiritomb\n|-damage|p2a: Spiritomb|0 fnt\n|faint|p2a: Spiritomb\n|\n|upkeep\n|inactive|Auron139 has 120 seconds left.\n|\n|t:|1733840482\n|switch|p2a: Scovillain|Scovillain, L91, F|266/266\n|turn|10\n|\n|t:|1733840510\n|switch|p1a: Grumpig|Grumpig, L92, F|297/297\n|move|p2a: Scovillain|Energy Ball|p1a: Grumpig\n|-damage|p1a: Grumpig|209/297\n|\n|-heal|p1a: Grumpig|227/297|[from] item: Leftovers\n|upkeep\n|turn|11\n|inactive|Auron139 has 90 seconds left.\n|\n|t:|1733840551\n|switch|p2a: Gogoat|Gogoat, L88, M|360/360\n|move|p1a: Grumpig|Nasty Plot|p1a: Grumpig\n|-boost|p1a: Grumpig|spa|2\n|\n|-heal|p1a: Grumpig|245/297|[from] item: Leftovers\n|upkeep\n|turn|12\n|inactive|Auron139 has 60 seconds left.\n|\n|t:|1733840593\n|move|p1a: Grumpig|Psychic|p2a: Gogoat\n|-damage|p2a: Gogoat|71/360\n|move|p2a: Gogoat|Horn Leech|p1a: Grumpig\n|-damage|p1a: Grumpig|139/297\n|-heal|p2a: Gogoat|124/360|[from] drain|[of] p1a: Grumpig\n|\n|-heal|p1a: Grumpig|157/297|[from] item: Leftovers\n|-heal|p2a: Gogoat|146/360|[from] item: Leftovers\n|-fieldend|move: Psychic Terrain\n|upkeep\n|turn|13\n|\n|t:|1733840606\n|move|p1a: Grumpig|Psychic|p2a: Gogoat\n|-damage|p2a: Gogoat|0 fnt\n|faint|p2a: Gogoat\n|\n|-heal|p1a: Grumpig|175/297|[from] item: Leftovers\n|upkeep\n|inactive|Auron139 has 30 seconds left.\n|\n|t:|1733840621\n|switch|p2a: Inteleon|Inteleon, L81, M|246/246\n|turn|14\n|\n|t:|1733840638\n|switch|p1a: Persian|Persian-Alola, L86, F|252/252\n|move|p2a: Inteleon|Dark Pulse|p1a: Persian\n|-resisted|p1a: Persian\n|-damage|p1a: Persian|196/252\n|\n|upkeep\n|turn|15\n|\n|t:|1733840651\n|switch|p2a: Scovillain|Scovillain, L91, F|266/266\n|move|p1a: Persian|Nasty Plot|p1a: Persian\n|-boost|p1a: Persian|spa|2\n|\n|upkeep\n|turn|16\n|\n|t:|1733840661\n|-terastallize|p1a: Persian|Fairy\n|move|p2a: Scovillain|Flamethrower|p1a: Persian\n|-damage|p1a: Persian|57/252\n|move|p1a: Persian|Dark Pulse|p2a: Scovillain\n|-damage|p2a: Scovillain|36/266\n|-damage|p1a: Persian|32/252|[from] item: Life Orb\n|\n|upkeep\n|turn|17\n|\n|t:|1733840678\n|move|p2a: Scovillain|Flamethrower|p1a: Persian\n|-damage|p1a: Persian|0 fnt\n|faint|p1a: Persian\n|\n|upkeep\n|\n|t:|1733840680\n|switch|p1a: Slaking|Slaking, L84, M|389/389\n|turn|18\n|inactive|Auron139 has 60 seconds left.\n|\n|t:|1733840688\n|move|p1a: Slaking|Double-Edge|p2a: Scovillain\n|-damage|p2a: Scovillain|0 fnt\n|faint|p2a: Scovillain\n|-damage|p1a: Slaking|377/389|[from] Recoil\n|\n|upkeep\n|inactive|Auron139 has 60 seconds left.\n|\n|t:|1733840707\n|switch|p2a: Infernape|Infernape, L82, M|234/259\n|turn|19\n|\n|t:|1733840716\n|switch|p1a: Qwilfish|Qwilfish, L86, M|66/252\n|-ability|p1a: Qwilfish|Intimidate|boost\n|-unboost|p2a: Infernape|atk|1\n|move|p2a: Infernape|Close Combat|p1a: Qwilfish\n|-resisted|p1a: Qwilfish\n|-damage|p1a: Qwilfish|11/252\n|-unboost|p2a: Infernape|def|1\n|-unboost|p2a: Infernape|spd|1\n|-damage|p2a: Infernape|209/259|[from] item: Life Orb\n|\n|upkeep\n|turn|20\n|inactive|Auron139 has 60 seconds left.\n|\n|t:|1733840727\n|move|p2a: Infernape|Mach Punch|p1a: Qwilfish\n|-resisted|p1a: Qwilfish\n|-damage|p1a: Qwilfish|0 fnt\n|faint|p1a: Qwilfish\n|-damage|p2a: Infernape|184/259|[from] item: Life Orb\n|\n|upkeep\n|\n|t:|1733840735\n|switch|p1a: Indeedee|Indeedee-F, L90, F|272/272\n|-fieldstart|move: Psychic Terrain|[from] ability: Psychic Surge|[of] p1a: Indeedee\n|turn|21\n|\n|t:|1733840741\n|switch|p2a: Regice|Regice, L88|227/284 slp\n|move|p1a: Indeedee|Psyshock|p2a: Regice\n|-damage|p2a: Regice|62/284 slp\n|\n|upkeep\n|turn|22\n|\n|t:|1733840751\n|move|p1a: Indeedee|Psyshock|p2a: Regice\n|-damage|p2a: Regice|0 fnt\n|faint|p2a: Regice\n|\n|upkeep\n|\n|t:|1733840762\n|switch|p2a: Inteleon|Inteleon, L81, M|246/246\n|turn|23\n|\n|t:|1733840768\n|switch|p1a: Grumpig|Grumpig, L92, F|175/297\n|move|p2a: Inteleon|Dark Pulse|p1a: Grumpig\n|-supereffective|p1a: Grumpig\n|-damage|p1a: Grumpig|27/297\n|\n|-heal|p1a: Grumpig|45/297|[from] item: Leftovers\n|upkeep\n|turn|24\n|\n|t:|1733840777\n|move|p2a: Inteleon|Dark Pulse|p1a: Grumpig\n|-supereffective|p1a: Grumpig\n|-damage|p1a: Grumpig|0 fnt\n|faint|p1a: Grumpig\n|\n|upkeep\n|\n|t:|1733840779\n|switch|p1a: Slaking|Slaking, L84, M|377/389\n|turn|25\n|\n|t:|1733840791\n|switch|p2a: Infernape|Infernape, L82, M|184/259\n|move|p1a: Slaking|Double-Edge|p2a: Infernape\n|-damage|p2a: Infernape|0 fnt\n|faint|p2a: Infernape\n|-damage|p1a: Slaking|316/389|[from] Recoil\n|\n|-fieldend|move: Psychic Terrain\n|upkeep\n|\n|t:|1733840801\n|switch|p2a: Inteleon|Inteleon, L81, M|246/246\n|turn|26\n|\n|t:|1733840808\n|-terastallize|p2a: Inteleon|Water\n|cant|p1a: Slaking|ability: Truant\n|move|p2a: Inteleon|Hydro Pump|p1a: Slaking\n|-damage|p1a: Slaking|6/389\n|\n|upkeep\n|turn|27\n|\n|t:|1733840816\n|move|p1a: Slaking|Double-Edge|p2a: Inteleon\n|-damage|p2a: Inteleon|5/246\n|-damage|p1a: Slaking|0 fnt|[from] Recoil\n|faint|p1a: Slaking\n|move|p2a: Inteleon|Hydro Pump|p1: Slaking|[notarget]\n|-fail|p2a: Inteleon\n|\n|upkeep\n|\n|t:|1733840818\n|switch|p1a: Indeedee|Indeedee-F, L90, F|272/272\n|-fieldstart|move: Psychic Terrain|[from] ability: Psychic Surge|[of] p1a: Indeedee\n|turn|28\n|\n|t:|1733840827\n|move|p2a: Inteleon|Hydro Pump|p1a: Indeedee\n|-damage|p1a: Indeedee|0 fnt\n|faint|p1a: Indeedee\n|\n|win|Auron139\n|raw|Crocman96's rating: 1672 &rarr; <strong>1652</strong><br />(-20 for losing)\n|raw|Auron139's rating: 1668 &rarr; <strong>1688</strong><br />(+20 for winning)\n|c|\u2606Auron139|Gg\n|l|\u2606Crocman96\n|player|p1|\n", "inputlog": ">version bfd83cad13791eb5a5a409923076391caf6fb4d4\n>start {\"formatid\":\"gen9randombattle\",\"seed\":[18641,41537,12498,1837],\"rated\":\"Rated battle\"}\n>player p1 {\"name\":\"Crocman96\",\"avatar\":\"170\",\"rating\":1672,\"seed\":[40372,19937,63171,2351]}\n>player p2 {\"name\":\"Auron139\",\"avatar\":\"blaine\",\"rating\":1668,\"seed\":[37309,4325,25425,48607]}\n>p1 switch 5\n>p2 move stoneedge\n>p1 move flipturn\n>p2 switch 6\n>p1 switch 5\n>p1 move sleeppowder\n>p2 move icebeam\n>p1 move sleeppowder\n>p2 move icebeam\n>p1 move quiverdance\n>p2 switch 4\n>p1 move bugbuzz\n>p2 move poltergeist\n>p1 switch 5\n>p1 move toxic\n>p2 move poltergeist\n>p1 move flipturn\n>p2 move poltergeist\n>p1 switch 4\n>p1 move dazzlinggleam\n>p2 move poltergeist\n>p2 switch 3\n>p1 switch 3\n>p2 move energyball\n>p1 move nastyplot\n>p2 switch 2\n>p1 move psychic\n>p2 move hornleech\n>p1 move psychic\n>p2 move hornleech\n>p2 switch 5\n>p1 switch 2\n>p2 move darkpulse\n>p1 move nastyplot\n>p2 switch 2\n>p1 move darkpulse terastallize\n>p2 move flamethrower\n>p1 move darkpulse\n>p2 move flamethrower\n>p1 switch 6\n>p1 move doubleedge\n>p2 move flamethrower\n>p2 switch 6\n>p1 switch 4\n>p2 move closecombat\n>p1 move painsplit\n>p2 move machpunch\n>p1 switch 3\n>p1 move psyshock\n>p2 switch 4\n>p1 move psyshock\n>p2 move sleeptalk\n>p2 switch 2\n>p1 switch 2\n>p2 move darkpulse\n>p1 move psychic\n>p2 move darkpulse\n>p1 switch 4\n>p1 move doubleedge\n>p2 switch 4\n>p2 switch 4\n>p1 move doubleedge\n>p2 move hydropump terastallize\n>p1 move doubleedge\n>p2 move hydropump\n>p1 switch 2\n>p1 move hypervoice\n>p2 move hydropump", "uploadtime": 1733840847, "views": 10, "formatid": "gen9randombattle", "rating": 1652, "private": 0, "password": null}