{"id": "gen9randombattle-2260396134", "format": "[Gen 9] Random Battle", "players": ["draponix", "Japan School"], "log": "|j|\u2606draponix\n|j|\u203dJapan School\n|t:|1733847514\n|gametype|singles\n|player|p1|draponix|lance|1348\n|player|p2|Japan School|1|1374\n|teamsize|p1|6\n|teamsize|p2|6\n|gen|9\n|tier|[Gen 9] Random Battle\n|rated|\n|rule|Species Clause: Limit one of each Pok\u00e9mon\n|rule|HP Percentage Mod: HP is shown in percentages\n|rule|Sleep Clause Mod: Limit one foe put to sleep\n|rule|Illusion Level Mod: Illusion disguises the Pok\u00e9mon's true level\n|\n|t:|1733847514\n|start\n|switch|p1a: Spectrier|Spectrier, L75|274/274\n|switch|p2a: Tentacruel|Tentacruel, L84, F|272/272\n|turn|1\n|inactive|Battle timer is ON: inactive players will automatically lose when time's up. (requested by draponix)\n|\n|t:|1733847524\n|move|p1a: Spectrier|Will-O-Wisp|p2a: Tentacruel\n|-status|p2a: Tentacruel|brn\n|move|p2a: Tentacruel|Surf|p1a: Spectrier\n|-damage|p1a: Spectrier|172/274\n|\n|-damage|p2a: Tentacruel|255/272 brn|[from] brn\n|upkeep\n|turn|2\n|\n|t:|1733847532\n|move|p1a: Spectrier|Nasty Plot|p1a: Spectrier\n|-boost|p1a: Spectrier|spa|2\n|move|p2a: Tentacruel|Surf|p1a: Spectrier\n|-damage|p1a: Spectrier|73/274\n|\n|-damage|p2a: Tentacruel|238/272 brn|[from] brn\n|upkeep\n|turn|3\n|\n|t:|1733847541\n|move|p1a: Spectrier|Dark Pulse|p2a: Tentacruel\n|-damage|p2a: Tentacruel|157/272 brn\n|-damage|p1a: Spectrier|46/274|[from] item: Life Orb\n|move|p2a: Tentacruel|Surf|p1a: Spectrier\n|-damage|p1a: Spectrier|0 fnt\n|faint|p1a: Spectrier\n|\n|-damage|p2a: Tentacruel|140/272 brn|[from] brn\n|upkeep\n|\n|t:|1733847552\n|switch|p1a: Eelektross|Eelektross, L87, F|290/290\n|turn|4\n|\n|t:|1733847565\n|switch|p2a: Florges|Florges-Yellow, L85, F|271/271\n|move|p1a: Eelektross|Coil|p1a: Eelektross\n|-boost|p1a: Eelektross|atk|1\n|-boost|p1a: Eelektross|def|1\n|-boost|p1a: Eelektross|accuracy|1\n|\n|upkeep\n|turn|5\n|\n|t:|1733847578\n|switch|p2a: Delphox|Delphox, L84, F|263/263\n|move|p1a: Eelektross|Coil|p1a: Eelektross\n|-boost|p1a: Eelektross|atk|1\n|-boost|p1a: Eelektross|def|1\n|-boost|p1a: Eelektross|accuracy|1\n|\n|upkeep\n|turn|6\n|\n|t:|1733847585\n|move|p2a: Delphox|Psyshock|p1a: Eelektross\n|-damage|p1a: Eelektross|242/290\n|move|p1a: Eelektross|Supercell Slam|p2a: Delphox\n|-damage|p2a: Delphox|0 fnt\n|faint|p2a: Delphox\n|\n|-heal|p1a: Eelektross|260/290|[from] item: Leftovers\n|upkeep\n|\n|t:|1733847601\n|switch|p2a: Glaceon|Glaceon, L94, F|275/275\n|turn|7\n|\n|t:|1733847607\n|move|p2a: Glaceon|Freeze-Dry|p1a: Eelektross\n|-damage|p1a: Eelektross|148/290\n|-status|p1a: Eelektross|frz\n|-curestatus|p1a: Eelektross|frz|[msg]\n|move|p1a: Eelektross|Drain Punch|p2a: Glaceon\n|-supereffective|p2a: Glaceon\n|-damage|p2a: Glaceon|69/275\n|-heal|p1a: Eelektross|251/290|[from] drain|[of] p2a: Glaceon\n|\n|-heal|p1a: Eelektross|269/290|[from] item: Leftovers\n|upkeep\n|turn|8\n|\n|t:|1733847612\n|move|p2a: Glaceon|Freeze-Dry|p1a: Eelektross\n|-damage|p1a: Eelektross|139/290\n|move|p1a: Eelektross|Fire Punch|p2a: Glaceon\n|-supereffective|p2a: Glaceon\n|-damage|p2a: Glaceon|0 fnt\n|faint|p2a: Glaceon\n|\n|-heal|p1a: Eelektross|157/290|[from] item: Leftovers\n|upkeep\n|\n|t:|1733847627\n|switch|p2a: Wigglytuff|Wigglytuff, L96, M|424/424\n|turn|9\n|\n|t:|1733847635\n|move|p2a: Wigglytuff|Alluring Voice|p1a: Eelektross\n|-damage|p1a: Eelektross|58/290\n|move|p1a: Eelektross|Drain Punch|p2a: Wigglytuff\n|-damage|p2a: Wigglytuff|249/424\n|-heal|p1a: Eelektross|146/290|[from] drain|[of] p2a: Wigglytuff\n|\n|-heal|p2a: Wigglytuff|275/424|[from] item: Leftovers\n|-heal|p1a: Eelektross|164/290|[from] item: Leftovers\n|upkeep\n|turn|10\n|\n|t:|1733847643\n|move|p2a: Wigglytuff|Protect|p2a: Wigglytuff\n|-singleturn|p2a: Wigglytuff|Protect\n|move|p1a: Eelektross|Supercell Slam|p2a: Wigglytuff\n|-activate|p2a: Wigglytuff|move: Protect\n|-damage|p1a: Eelektross|19/290|[from] supercellslam\n|\n|-heal|p2a: Wigglytuff|301/424|[from] item: Leftovers\n|-heal|p1a: Eelektross|37/290|[from] item: Leftovers\n|upkeep\n|turn|11\n|\n|t:|1733847650\n|move|p2a: Wigglytuff|Wish|p2a: Wigglytuff\n|move|p1a: Eelektross|Supercell Slam|p2a: Wigglytuff\n|-damage|p2a: Wigglytuff|0 fnt\n|faint|p2a: Wigglytuff\n|\n|-heal|p1a: Eelektross|55/290|[from] item: Leftovers\n|upkeep\n|\n|t:|1733847656\n|switch|p2a: Tentacruel|Tentacruel, L84, F|140/272 brn\n|turn|12\n|\n|t:|1733847660\n|move|p2a: Tentacruel|Surf|p1a: Eelektross\n|-damage|p1a: Eelektross|0 fnt\n|faint|p1a: Eelektross\n|\n|-heal|p2a: Tentacruel|272/272 brn|[from] move: Wish|[wisher] Wigglytuff\n|-damage|p2a: Tentacruel|255/272 brn|[from] brn\n|upkeep\n|\n|t:|1733847669\n|switch|p1a: Cinccino|Cinccino, L83, F|260/260\n|turn|13\n|\n|t:|1733847694\n|move|p1a: Cinccino|Tidy Up|p1a: Cinccino\n|-boost|p1a: Cinccino|atk|1\n|-boost|p1a: Cinccino|spe|1\n|move|p2a: Tentacruel|Sludge Bomb|p1a: Cinccino\n|-damage|p1a: Cinccino|142/260\n|-status|p1a: Cinccino|psn\n|\n|-damage|p1a: Cinccino|110/260 psn|[from] psn\n|-damage|p2a: Tentacruel|238/272 brn|[from] brn\n|upkeep\n|turn|14\n|\n|t:|1733847708\n|move|p1a: Cinccino|Bullet Seed|p2a: Tentacruel\n|-damage|p2a: Tentacruel|194/272 brn\n|-damage|p2a: Tentacruel|147/272 brn\n|-damage|p2a: Tentacruel|101/272 brn\n|-damage|p2a: Tentacruel|55/272 brn\n|-hitcount|p2a: Tentacruel|4\n|move|p2a: Tentacruel|Sludge Bomb|p1a: Cinccino\n|-damage|p1a: Cinccino|0 fnt\n|faint|p1a: Cinccino\n|\n|-damage|p2a: Tentacruel|38/272 brn|[from] brn\n|upkeep\n|\n|t:|1733847723\n|switch|p1a: Cryogonal|Cryogonal, L89|287/287\n|turn|15\n|\n|t:|1733847738\n|switch|p2a: Florges|Florges-Yellow, L85, F|271/271\n|move|p1a: Cryogonal|Rapid Spin|p2a: Florges\n|-damage|p2a: Florges|238/271\n|-boost|p1a: Cryogonal|spe|1\n|\n|-heal|p2a: Florges|254/271|[from] item: Leftovers\n|upkeep\n|turn|16\n|\n|t:|1733847749\n|move|p1a: Cryogonal|Ice Beam|p2a: Florges\n|-damage|p2a: Florges|187/271\n|-status|p2a: Florges|frz\n|-curestatus|p2a: Florges|frz|[msg]\n|move|p2a: Florges|Calm Mind|p2a: Florges\n|-boost|p2a: Florges|spa|1\n|-boost|p2a: Florges|spd|1\n|\n|-heal|p2a: Florges|203/271|[from] item: Leftovers\n|upkeep\n|turn|17\n|\n|t:|1733847754\n|move|p1a: Cryogonal|Ice Beam|p2a: Florges\n|-damage|p2a: Florges|158/271\n|move|p2a: Florges|Calm Mind|p2a: Florges\n|-boost|p2a: Florges|spa|1\n|-boost|p2a: Florges|spd|1\n|\n|-heal|p2a: Florges|174/271|[from] item: Leftovers\n|upkeep\n|turn|18\n|\n|t:|1733847768\n|move|p2a: Florges|Protect|p2a: Florges\n|-singleturn|p2a: Florges|Protect\n|move|p1a: Cryogonal|Ice Beam|p2a: Florges\n|-activate|p2a: Florges|move: Protect\n|\n|-heal|p2a: Florges|190/271|[from] item: Leftovers\n|upkeep\n|turn|19\n|\n|t:|1733847778\n|move|p1a: Cryogonal|Ice Beam|p2a: Florges\n|-damage|p2a: Florges|154/271\n|move|p2a: Florges|Wish|p2a: Florges\n|\n|-heal|p2a: Florges|170/271|[from] item: Leftovers\n|upkeep\n|turn|20\n|\n|t:|1733847784\n|move|p1a: Cryogonal|Ice Beam|p2a: Florges\n|-damage|p2a: Florges|136/271\n|move|p2a: Florges|Calm Mind|p2a: Florges\n|-boost|p2a: Florges|spa|1\n|-boost|p2a: Florges|spd|1\n|\n|-heal|p2a: Florges|271/271|[from] move: Wish|[wisher] Florges\n|upkeep\n|turn|21\n|\n|t:|1733847788\n|move|p1a: Cryogonal|Ice Beam|p2a: Florges\n|-damage|p2a: Florges|243/271\n|move|p2a: Florges|Calm Mind|p2a: Florges\n|-boost|p2a: Florges|spa|1\n|-boost|p2a: Florges|spd|1\n|\n|-heal|p2a: Florges|259/271|[from] item: Leftovers\n|upkeep\n|turn|22\n|\n|t:|1733847799\n|move|p1a: Cryogonal|Ice Beam|p2a: Florges\n|-damage|p2a: Florges|238/271\n|move|p2a: Florges|Moonblast|p1a: Cryogonal\n|-damage|p1a: Cryogonal|67/287\n|-unboost|p1a: Cryogonal|spa|1\n|\n|-heal|p2a: Florges|254/271|[from] item: Leftovers\n|upkeep\n|turn|23\n|\n|t:|1733847807\n|move|p1a: Cryogonal|Ice Beam|p2a: Florges\n|-damage|p2a: Florges|239/271\n|move|p2a: Florges|Calm Mind|p2a: Florges\n|-boost|p2a: Florges|spa|1\n|-boost|p2a: Florges|spd|1\n|\n|-heal|p2a: Florges|255/271|[from] item: Leftovers\n|upkeep\n|turn|24\n|\n|t:|1733847811\n|move|p1a: Cryogonal|Ice Beam|p2a: Florges\n|-damage|p2a: Florges|242/271\n|move|p2a: Florges|Calm Mind|p2a: Florges\n|-boost|p2a: Florges|spa|1\n|-boost|p2a: Florges|spd|1\n|\n|-heal|p2a: Florges|258/271|[from] item: Leftovers\n|upkeep\n|turn|25\n|\n|t:|1733847815\n|move|p1a: Cryogonal|Ice Beam|p2a: Florges\n|-damage|p2a: Florges|246/271\n|-status|p2a: Florges|frz\n|-curestatus|p2a: Florges|frz|[msg]\n|move|p2a: Florges|Wish|p2a: Florges\n|\n|-heal|p2a: Florges|262/271|[from] item: Leftovers\n|upkeep\n|turn|26\n|c|\u2606draponix|ok....\n|\n|t:|1733847837\n|move|p1a: Cryogonal|Ice Beam|p2a: Florges\n|-damage|p2a: Florges|252/271\n|move|p2a: Florges|Moonblast|p1a: Cryogonal\n|-damage|p1a: Cryogonal|0 fnt\n|faint|p1a: Cryogonal\n|\n|-heal|p2a: Florges|271/271|[from] move: Wish|[wisher] Florges\n|upkeep\n|\n|t:|1733847846\n|switch|p1a: Krookodile|Krookodile, L80, F|283/283\n|-ability|p1a: Krookodile|Intimidate|boost\n|-unboost|p2a: Florges|atk|1\n|turn|27\n|\n|t:|1733847862\n|-terastallize|p1a: Krookodile|Ground\n|move|p2a: Florges|Protect|p2a: Florges\n|-singleturn|p2a: Florges|Protect\n|move|p1a: Krookodile|Earthquake|p2a: Florges\n|-activate|p2a: Florges|move: Protect\n|\n|upkeep\n|turn|28\n|\n|t:|1733847867\n|move|p1a: Krookodile|Earthquake|p2a: Florges\n|-crit|p2a: Florges\n|-damage|p2a: Florges|0 fnt\n|faint|p2a: Florges\n|-damage|p1a: Krookodile|255/283|[from] item: Life Orb\n|\n|upkeep\n|\n|t:|1733847877\n|switch|p2a: Tentacruel|Tentacruel, L84, F|38/272 brn\n|turn|29\n|\n|t:|1733847882\n|move|p2a: Tentacruel|Surf|p1a: Krookodile\n|-supereffective|p1a: Krookodile\n|-damage|p1a: Krookodile|33/283\n|move|p1a: Krookodile|Earthquake|p2a: Tentacruel\n|-supereffective|p2a: Tentacruel\n|-damage|p2a: Tentacruel|0 fnt\n|faint|p2a: Tentacruel\n|-damage|p1a: Krookodile|5/283|[from] item: Life Orb\n|\n|upkeep\n|\n|t:|1733847885\n|switch|p2a: Wugtrio|Wugtrio, L91, M|212/212\n|turn|30\n|\n|t:|1733847891\n|move|p2a: Wugtrio|Liquidation|p1a: Krookodile\n|-supereffective|p1a: Krookodile\n|-damage|p1a: Krookodile|0 fnt\n|faint|p1a: Krookodile\n|\n|upkeep\n|\n|t:|1733847896\n|switch|p1a: Honchkrow|Honchkrow, L86, M|312/312\n|turn|31\n|\n|t:|1733847907\n|move|p1a: Honchkrow|Sucker Punch|p2a: Wugtrio\n|-damage|p2a: Wugtrio|92/212\n|-ability|p2a: Wugtrio|Gooey\n|-unboost|p1a: Honchkrow|spe|1\n|move|p2a: Wugtrio|Liquidation|p1a: Honchkrow\n|-damage|p1a: Honchkrow|80/312\n|\n|upkeep\n|turn|32\n|\n|t:|1733847914\n|-terastallize|p2a: Wugtrio|Dark\n|move|p1a: Honchkrow|Sucker Punch|p2a: Wugtrio\n|-resisted|p2a: Wugtrio\n|-damage|p2a: Wugtrio|31/212\n|-ability|p2a: Wugtrio|Gooey\n|-unboost|p1a: Honchkrow|spe|1\n|move|p2a: Wugtrio|Liquidation|p1a: Honchkrow\n|-damage|p1a: Honchkrow|0 fnt\n|faint|p1a: Honchkrow\n|\n|win|Japan School\n|raw|draponix's rating: 1348 &rarr; <strong>1329</strong><br />(-19 for losing)\n|raw|Japan School's rating: 1374 &rarr; <strong>1393</strong><br />(+19 for winning)\n|l|\u2606draponix\n|player|p1|\n", "inputlog": ">version bfd83cad13791eb5a5a409923076391caf6fb4d4\n>start {\"formatid\":\"gen9randombattle\",\"seed\":[1604,58366,30027,62802],\"rated\":\"Rated battle\"}\n>player p1 {\"name\":\"draponix\",\"avatar\":\"lance\",\"rating\":1348,\"seed\":[42271,18600,35538,57774]}\n>player p2 {\"name\":\"Japan School\",\"avatar\":\"1\",\"rating\":1374,\"seed\":[58000,44771,20041,54310]}\n>p1 move willowisp\n>p2 move surf\n>p1 move nastyplot\n>p2 move surf\n>p1 move darkpulse\n>p2 move surf\n>p1 switch 4\n>p1 move coil\n>p2 switch 2\n>p1 move coil\n>p2 switch 4\n>p1 move supercellslam\n>p2 move psyshock\n>p2 switch 5\n>p1 move drainpunch\n>p2 move freezedry\n>p1 move firepunch\n>p2 move freezedry\n>p2 switch 6\n>p1 move drainpunch\n>p2 move alluringvoice\n>p1 move supercellslam\n>p2 move protect\n>p1 move supercellslam\n>p2 move wish\n>p2 switch 2\n>p1 move supercellslam\n>p2 move surf\n>p1 switch 5\n>p1 move tidyup\n>p2 move sludgebomb\n>p1 move bulletseed\n>p2 move sludgebomb\n>p1 switch 3\n>p1 move rapidspin\n>p2 switch 4\n>p1 move icebeam\n>p2 move calmmind\n>p1 move icebeam\n>p2 move calmmind\n>p1 move icebeam\n>p2 move protect\n>p1 move icebeam\n>p2 move wish\n>p1 move icebeam\n>p2 move calmmind\n>p1 move icebeam\n>p2 move calmmind\n>p1 move icebeam\n>p2 move moonblast\n>p1 move icebeam\n>p2 move calmmind\n>p1 move icebeam\n>p2 move calmmind\n>p1 move icebeam\n>p2 move wish\n>chat \u2606draponix|ok....\n>p1 move icebeam\n>p2 move moonblast\n>p1 switch 2\n>p1 move earthquake terastallize\n>p2 move protect\n>p1 move earthquake\n>p2 move moonblast\n>p2 switch 4\n>p1 move earthquake\n>p2 move surf\n>p2 switch 3\n>p1 move knockoff\n>p2 move liquidation\n>p1 switch 6\n>p1 move suckerpunch\n>p2 move liquidation\n>p1 move suckerpunch\n>p2 move liquidation terastallize", "uploadtime": 1733847937, "views": 1, "formatid": "gen9randombattle", "rating": 1329, "private": 0, "password": null}