{"id": "gen9randombattle-2260638016", "format": "[Gen 9] Random Battle", "players": ["UziBoii", "dingbat91"], "log": "|j|\u2606UziBoii\n|j|\u2606dingbat91\n|t:|1733872285\n|gametype|singles\n|player|p1|UziBoii|ethan|1524\n|player|p2|dingbat91|170|1487\n|teamsize|p1|6\n|teamsize|p2|6\n|gen|9\n|tier|[Gen 9] Random Battle\n|rated|\n|rule|Species Clause: Limit one of each Pok\u00e9mon\n|rule|HP Percentage Mod: HP is shown in percentages\n|rule|Sleep Clause Mod: Limit one foe put to sleep\n|rule|Illusion Level Mod: Illusion disguises the Pok\u00e9mon's true level\n|\n|t:|1733872285\n|start\n|switch|p1a: Sableye|Sableye, L89, F|234/234\n|switch|p2a: Flutter Mane|Flutter Mane, L74|203/203\n|turn|1\n|inactive|Battle timer is ON: inactive players will automatically lose when time's up. (requested by dingbat91)\n|inactive|UziBoii also wants the timer to be on.\n|inactive|dingbat91 has 120 seconds left.\n|\n|t:|1733872316\n|-end|p2a: Flutter Mane|Protosynthesis|[silent]\n|switch|p2a: Bastiodon|Bastiodon, L89, F|252/252\n|move|p1a: Sableye|Thunder Wave|p2a: Bastiodon\n|-status|p2a: Bastiodon|par\n|\n|upkeep\n|turn|2\n|\n|t:|1733872325\n|move|p1a: Sableye|Knock Off|p2a: Bastiodon\n|-damage|p2a: Bastiodon|197/252 par\n|-enditem|p2a: Bastiodon|Chesto Berry|[from] move: Knock Off|[of] p1a: Sableye\n|cant|p2a: Bastiodon|par\n|\n|upkeep\n|turn|3\n|\n|t:|1733872339\n|switch|p1a: Cacturne|Cacturne, L92, M|278/278\n|move|p2a: Bastiodon|Foul Play|p1a: Cacturne\n|-resisted|p1a: Cacturne\n|-damage|p1a: Cacturne|222/278\n|\n|upkeep\n|turn|4\n|\n|t:|1733872347\n|move|p1a: Cacturne|Swords Dance|p1a: Cacturne\n|-boost|p1a: Cacturne|atk|2\n|move|p2a: Bastiodon|Iron Defense|p2a: Bastiodon\n|-boost|p2a: Bastiodon|def|2\n|\n|upkeep\n|turn|5\n|\n|t:|1733872349\n|move|p1a: Cacturne|Drain Punch|p2a: Bastiodon\n|-supereffective|p2a: Bastiodon\n|-damage|p2a: Bastiodon|0 fnt\n|-heal|p1a: Cacturne|278/278|[from] drain|[of] p2a: Bastiodon\n|faint|p2a: Bastiodon\n|-damage|p1a: Cacturne|251/278|[from] item: Life Orb\n|\n|upkeep\n|\n|t:|1733872371\n|switch|p2a: Flutter Mane|Flutter Mane, L74|203/203\n|turn|6\n|\n|t:|1733872377\n|switch|p1a: Flareon|Flareon, L90, F|263/263\n|move|p2a: Flutter Mane|Mystical Fire|p1a: Flareon\n|-resisted|p1a: Flareon\n|-damage|p1a: Flareon|232/263\n|-unboost|p1a: Flareon|spa|1\n|\n|-status|p1a: Flareon|tox|[from] item: Toxic Orb\n|upkeep\n|turn|7\n|\n|t:|1733872382\n|-end|p2a: Flutter Mane|Protosynthesis|[silent]\n|switch|p2a: Basculegion|Basculegion-F, L83, F|335/335\n|move|p1a: Flareon|Will-O-Wisp|p2a: Basculegion|[miss]\n|-miss|p1a: Flareon|p2a: Basculegion\n|\n|-damage|p1a: Flareon|216/263 tox|[from] psn\n|upkeep\n|turn|8\n|\n|t:|1733872388\n|switch|p1a: Bronzong|Bronzong, L88|261/261\n|move|p2a: Basculegion|Flip Turn|p1a: Bronzong\n|-damage|p1a: Bronzong|195/261\n|\n|t:|1733872392\n|switch|p2a: Flutter Mane|Flutter Mane, L74|203/203|[from] Flip Turn\n|\n|-heal|p1a: Bronzong|211/261|[from] item: Leftovers\n|upkeep\n|turn|9\n|\n|t:|1733872397\n|switch|p1a: Sableye|Sableye, L89, F|234/234\n|move|p2a: Flutter Mane|Shadow Ball|p1a: Sableye\n|-damage|p1a: Sableye|80/234\n|\n|-heal|p1a: Sableye|94/234|[from] item: Leftovers\n|upkeep\n|turn|10\n|\n|t:|1733872400\n|move|p1a: Sableye|Thunder Wave|p2a: Flutter Mane\n|-status|p2a: Flutter Mane|par\n|move|p2a: Flutter Mane|Shadow Ball|p1a: Sableye\n|-damage|p1a: Sableye|0 fnt\n|faint|p1a: Sableye\n|\n|upkeep\n|\n|t:|1733872404\n|switch|p1a: Bronzong|Bronzong, L88|211/261\n|turn|11\n|\n|t:|1733872406\n|move|p2a: Flutter Mane|Shadow Ball|p1a: Bronzong\n|-supereffective|p1a: Bronzong\n|-damage|p1a: Bronzong|17/261\n|move|p1a: Bronzong|Stealth Rock|p2a: Flutter Mane\n|-sidestart|p2: dingbat91|move: Stealth Rock\n|\n|-heal|p1a: Bronzong|33/261|[from] item: Leftovers\n|upkeep\n|turn|12\n|\n|t:|1733872415\n|switch|p1a: Cacturne|Cacturne, L92, M|251/278\n|move|p2a: Flutter Mane|Shadow Ball|p1a: Cacturne\n|-resisted|p1a: Cacturne\n|-damage|p1a: Cacturne|178/278\n|\n|upkeep\n|turn|13\n|\n|t:|1733872418\n|move|p1a: Cacturne|Swords Dance|p1a: Cacturne\n|-boost|p1a: Cacturne|atk|2\n|cant|p2a: Flutter Mane|par\n|\n|upkeep\n|turn|14\n|\n|t:|1733872426\n|-end|p2a: Flutter Mane|Protosynthesis|[silent]\n|switch|p2a: Seviper|Seviper, L93, F|287/287\n|-damage|p2a: Seviper|252/287|[from] Stealth Rock\n|move|p1a: Cacturne|Seed Bomb|p2a: Seviper\n|-resisted|p2a: Seviper\n|-damage|p2a: Seviper|69/287\n|-damage|p1a: Cacturne|151/278|[from] item: Life Orb\n|\n|-heal|p2a: Seviper|86/287|[from] item: Leftovers\n|upkeep\n|turn|15\n|\n|t:|1733872430\n|move|p1a: Cacturne|Sucker Punch|p2a: Seviper\n|-damage|p2a: Seviper|0 fnt\n|faint|p2a: Seviper\n|-damage|p1a: Cacturne|124/278|[from] item: Life Orb\n|\n|upkeep\n|\n|t:|1733872436\n|switch|p2a: Basculegion|Basculegion-F, L83, F|335/335\n|-damage|p2a: Basculegion|294/335|[from] Stealth Rock\n|turn|16\n|\n|t:|1733872438\n|switch|p2a: Flutter Mane|Flutter Mane, L74|203/203 par\n|-damage|p2a: Flutter Mane|178/203 par|[from] Stealth Rock\n|move|p1a: Cacturne|Seed Bomb|p2a: Flutter Mane\n|-damage|p2a: Flutter Mane|0 fnt\n|faint|p2a: Flutter Mane\n|-end|p2a: Flutter Mane|Protosynthesis|[silent]\n|-damage|p1a: Cacturne|97/278|[from] item: Life Orb\n|\n|upkeep\n|\n|t:|1733872445\n|switch|p2a: Basculegion|Basculegion-F, L83, F|294/335\n|-damage|p2a: Basculegion|253/335|[from] Stealth Rock\n|turn|17\n|\n|t:|1733872448\n|move|p1a: Cacturne|Sucker Punch|p2a: Basculegion\n|-supereffective|p2a: Basculegion\n|-damage|p2a: Basculegion|0 fnt\n|faint|p2a: Basculegion\n|-damage|p1a: Cacturne|70/278|[from] item: Life Orb\n|\n|upkeep\n|\n|t:|1733872451\n|switch|p2a: Lilligant|Lilligant, L86, F|261/261\n|-damage|p2a: Lilligant|229/261|[from] Stealth Rock\n|turn|18\n|\n|t:|1733872454\n|-terastallize|p2a: Lilligant|Fire\n|move|p2a: Lilligant|Quiver Dance|p2a: Lilligant\n|-boost|p2a: Lilligant|spa|1\n|-boost|p2a: Lilligant|spd|1\n|-boost|p2a: Lilligant|spe|1\n|move|p1a: Cacturne|Drain Punch|p2a: Lilligant\n|-damage|p2a: Lilligant|28/261\n|-heal|p1a: Cacturne|171/278|[from] drain|[of] p2a: Lilligant\n|-damage|p1a: Cacturne|144/278|[from] item: Life Orb\n|\n|upkeep\n|turn|19\n|\n|t:|1733872458\n|move|p1a: Cacturne|Sucker Punch||[still]\n|-fail|p1a: Cacturne\n|move|p2a: Lilligant|Quiver Dance|p2a: Lilligant\n|-boost|p2a: Lilligant|spa|1\n|-boost|p2a: Lilligant|spd|1\n|-boost|p2a: Lilligant|spe|1\n|\n|upkeep\n|turn|20\n|\n|t:|1733872460\n|move|p1a: Cacturne|Sucker Punch||[still]\n|-fail|p1a: Cacturne\n|move|p2a: Lilligant|Sleep Powder|p1a: Cacturne\n|-immune|p1a: Cacturne\n|\n|upkeep\n|turn|21\n|\n|t:|1733872464\n|move|p2a: Lilligant|Tera Blast|p1a: Cacturne|[anim] Tera Blast Fire\n|-supereffective|p1a: Cacturne\n|-damage|p1a: Cacturne|0 fnt\n|faint|p1a: Cacturne\n|-damage|p2a: Lilligant|2/261|[from] item: Life Orb\n|\n|upkeep\n|\n|t:|1733872466\n|switch|p1a: Flareon|Flareon, L90, F|216/263 tox\n|turn|22\n|\n|t:|1733872469\n|move|p1a: Flareon|Quick Attack|p2a: Lilligant\n|-damage|p2a: Lilligant|0 fnt\n|faint|p2a: Lilligant\n|\n|-damage|p1a: Flareon|200/263 tox|[from] psn\n|upkeep\n|\n|t:|1733872470\n|switch|p2a: Vigoroth|Vigoroth, L85, M|275/275\n|-damage|p2a: Vigoroth|241/275|[from] Stealth Rock\n|turn|23\n|\n|t:|1733872474\n|move|p2a: Vigoroth|Bulk Up|p2a: Vigoroth\n|-boost|p2a: Vigoroth|atk|1\n|-boost|p2a: Vigoroth|def|1\n|move|p1a: Flareon|Will-O-Wisp|p2a: Vigoroth\n|-status|p2a: Vigoroth|brn\n|\n|-damage|p1a: Flareon|168/263 tox|[from] psn\n|-damage|p2a: Vigoroth|224/275 brn|[from] brn\n|upkeep\n|turn|24\n|\n|t:|1733872478\n|move|p2a: Vigoroth|Earthquake|p1a: Flareon\n|-supereffective|p1a: Flareon\n|-damage|p1a: Flareon|52/263 tox\n|move|p1a: Flareon|Facade|p2a: Vigoroth\n|-damage|p2a: Vigoroth|130/275 brn\n|\n|-damage|p1a: Flareon|4/263 tox|[from] psn\n|-damage|p2a: Vigoroth|113/275 brn|[from] brn\n|upkeep\n|turn|25\n|\n|t:|1733872481\n|move|p1a: Flareon|Quick Attack|p2a: Vigoroth\n|-damage|p2a: Vigoroth|81/275 brn\n|move|p2a: Vigoroth|Slack Off|p2a: Vigoroth\n|-heal|p2a: Vigoroth|219/275 brn\n|\n|-damage|p1a: Flareon|0 fnt|[from] psn\n|faint|p1a: Flareon\n|-damage|p2a: Vigoroth|202/275 brn|[from] brn\n|upkeep\n|\n|t:|1733872487\n|switch|p1a: Oricorio|Oricorio-Sensu, L85, M|266/266\n|turn|26\n|-message|dingbat91 forfeited.\n|\n|win|UziBoii\n|raw|UziBoii's rating: 1524 &rarr; <strong>1542</strong><br />(+18 for winning)\n|raw|dingbat91's rating: 1487 &rarr; <strong>1469</strong><br />(-18 for losing)\n|l|\u2606dingbat91\n|player|p2|\n", "inputlog": ">version bfd83cad13791eb5a5a409923076391caf6fb4d4\n>start {\"formatid\":\"gen9randombattle\",\"seed\":[59996,29980,64880,58973],\"rated\":\"Rated battle\"}\n>player p1 {\"name\":\"UziBoii\",\"avatar\":\"ethan\",\"rating\":1524,\"seed\":[20006,40601,20216,60504]}\n>player p2 {\"name\":\"dingbat91\",\"avatar\":\"170\",\"rating\":1487,\"seed\":[33976,49841,31863,8801]}\n>p1 move thunderwave\n>p2 switch 4\n>p1 move knockoff\n>p2 move foulplay\n>p1 switch 2\n>p2 move foulplay\n>p1 move swordsdance\n>p2 move irondefense\n>p1 move drainpunch\n>p2 move bodypress\n>p2 switch 4\n>p1 switch 3\n>p2 move mysticalfire\n>p1 move willowisp\n>p2 switch 6\n>p1 switch 5\n>p2 move flipturn\n>p2 switch 6\n>p1 switch 2\n>p2 move shadowball\n>p1 move thunderwave\n>p2 move shadowball\n>p1 switch 2\n>p1 move stealthrock\n>p2 move shadowball\n>p1 switch 3\n>p2 move shadowball\n>p1 move swordsdance\n>p2 move shadowball\n>p1 move seedbomb\n>p2 switch 3\n>p1 move suckerpunch\n>p2 move gunkshot\n>p2 switch 6\n>p1 move seedbomb\n>p2 switch 3\n>p2 switch 3\n>p1 move suckerpunch\n>p2 move icebeam\n>p2 switch 2\n>p1 move drainpunch\n>p2 move quiverdance terastallize\n>p1 move suckerpunch\n>p2 move quiverdance\n>p1 move suckerpunch\n>p2 move sleeppowder\n>p1 move drainpunch\n>p2 move terablast\n>p1 switch 5\n>p1 move quickattack\n>p2 move gigadrain\n>p2 switch 5\n>p1 move willowisp\n>p2 move bulkup\n>p1 move facade\n>p2 move earthquake\n>p1 move quickattack\n>p2 move slackoff\n>p1 switch 6\n>forcelose p2", "uploadtime": 1733872494, "views": 1, "formatid": "gen9randombattle", "rating": 1469, "private": 0, "password": null}