{"id": "gen9randombattle-2201739920", "format": "[Gen 9] Random Battle", "players": ["RBLT freezai", "RBLT chemcoop"], "log": "|badge|p2|bronze|gen9randombattle|100-2\n|uhtml|medal-msg|<div class=\"broadcast-blue\">Curious what those medals under the avatar are? PS now has Ladder Seasons! For more information, check out the <a href=\"https://www.smogon.com/forums/threads/3740067/\">thread on Smogon.</a></div>\n|raw|<div class=\"broadcast-blue\"><strong>This battle is required to be public due to a player having a name starting with 'rblt'.</div>\n|j|\u2606RBLT freezai\n|j|\u2606RBLT chemcoop\n|t:|1726350803\n|gametype|singles\n|player|p1|RBLT freezai|#scl1breakers|2260\n|player|p2|RBLT chemcoop|#chemcoop|2389\n|teamsize|p1|6\n|teamsize|p2|6\n|gen|9\n|tier|[Gen 9] Random Battle\n|rated|\n|rule|Species Clause: Limit one of each Pok\u00e9mon\n|rule|HP Percentage Mod: HP is shown in percentages\n|rule|Sleep Clause Mod: Limit one foe put to sleep\n|rule|Illusion Level Mod: Illusion disguises the Pok\u00e9mon's true level\n|\n|t:|1726350803\n|start\n|switch|p1a: Keldeo|Keldeo-Resolute, L79|273/273\n|switch|p2a: Gurdurr|Gurdurr, L85, M|283/283\n|turn|1\n|inactive|Battle timer is ON: inactive players will automatically lose when time's up. (requested by RBLT freezai)\n|\n|t:|1726350812\n|move|p1a: Keldeo|Hydro Pump|p2a: Gurdurr|[miss]\n|-miss|p1a: Keldeo|p2a: Gurdurr\n|move|p2a: Gurdurr|Knock Off|p1a: Keldeo\n|-resisted|p1a: Keldeo\n|-damage|p1a: Keldeo|231/273\n|-ability|p1a: Keldeo|Justified|boost\n|-boost|p1a: Keldeo|atk|1\n|-enditem|p1a: Keldeo|Life Orb|[from] move: Knock Off|[of] p2a: Gurdurr\n|\n|upkeep\n|turn|2\n|\n|t:|1726350817\n|switch|p1a: Azelf|Azelf, L82|257/257\n|move|p2a: Gurdurr|Drain Punch|p1a: Azelf\n|-resisted|p1a: Azelf\n|-damage|p1a: Azelf|208/257\n|\n|upkeep\n|turn|3\n|\n|t:|1726350822\n|move|p1a: Azelf|Stealth Rock|p2a: Gurdurr\n|-sidestart|p2: RBLT chemcoop|move: Stealth Rock\n|move|p2a: Gurdurr|Knock Off|p1a: Azelf\n|-supereffective|p1a: Azelf\n|-damage|p1a: Azelf|18/257\n|-enditem|p1a: Azelf|Life Orb|[from] move: Knock Off|[of] p2a: Gurdurr\n|\n|upkeep\n|turn|4\n|\n|t:|1726350829\n|switch|p1a: Keldeo|Keldeo-Resolute, L79|231/273\n|move|p2a: Gurdurr|Mach Punch|p1a: Keldeo\n|-damage|p1a: Keldeo|180/273\n|\n|upkeep\n|turn|5\n|\n|t:|1726350833\n|move|p1a: Keldeo|Hydro Pump|p2a: Gurdurr\n|-damage|p2a: Gurdurr|154/283\n|move|p2a: Gurdurr|Drain Punch|p1a: Keldeo\n|-damage|p1a: Keldeo|86/273\n|-heal|p2a: Gurdurr|201/283|[from] drain|[of] p1a: Keldeo\n|\n|upkeep\n|turn|6\n|\n|t:|1726350847\n|move|p1a: Keldeo|Air Slash|p2a: Gurdurr\n|-supereffective|p2a: Gurdurr\n|-damage|p2a: Gurdurr|89/283\n|cant|p2a: Gurdurr|flinch\n|\n|upkeep\n|turn|7\n|\n|t:|1726350854\n|move|p2a: Gurdurr|Mach Punch|p1a: Keldeo\n|-damage|p1a: Keldeo|38/273\n|move|p1a: Keldeo|Air Slash|p2a: Gurdurr\n|-supereffective|p2a: Gurdurr\n|-damage|p2a: Gurdurr|0 fnt\n|faint|p2a: Gurdurr\n|\n|upkeep\n|\n|t:|1726350864\n|switch|p2a: Dragapult|Dragapult, L77, M|262/262\n|-damage|p2a: Dragapult|230/262|[from] Stealth Rock\n|turn|8\n|\n|t:|1726350888\n|move|p2a: Dragapult|Dragon Darts|p1a: Keldeo\n|-damage|p1a: Keldeo|0 fnt\n|faint|p1a: Keldeo\n|-damage|p2a: Dragapult|204/262|[from] item: Life Orb\n|\n|upkeep\n|\n|t:|1726350893\n|switch|p1a: Rotom|Rotom-Frost, L87|229/229\n|turn|9\n|\n|t:|1726350903\n|move|p2a: Dragapult|Fire Blast|p1a: Rotom\n|-supereffective|p1a: Rotom\n|-damage|p1a: Rotom|76/229\n|-damage|p2a: Dragapult|178/262|[from] item: Life Orb\n|move|p1a: Rotom|Blizzard|p2a: Dragapult|[miss]\n|-miss|p1a: Rotom|p2a: Dragapult\n|\n|upkeep\n|turn|10\n|\n|t:|1726350913\n|switch|p1a: Azelf|Azelf, L82|18/257\n|move|p2a: Dragapult|Dragon Darts|p1a: Azelf\n|-damage|p1a: Azelf|0 fnt\n|faint|p1a: Azelf\n|-damage|p2a: Dragapult|152/262|[from] item: Life Orb\n|\n|upkeep\n|\n|t:|1726350916\n|switch|p1a: Duraludon|Duraludon, L82, F|249/249\n|turn|11\n|\n|t:|1726350928\n|move|p2a: Dragapult|Fire Blast|p1a: Duraludon|[miss]\n|-miss|p2a: Dragapult|p1a: Duraludon\n|move|p1a: Duraludon|Draco Meteor|p2a: Dragapult\n|-supereffective|p2a: Dragapult\n|-damage|p2a: Dragapult|0 fnt\n|-unboost|p1a: Duraludon|spa|2\n|faint|p2a: Dragapult\n|\n|upkeep\n|\n|t:|1726350936\n|switch|p2a: Golurk|Golurk, L87|297/297\n|-damage|p2a: Golurk|279/297|[from] Stealth Rock\n|turn|12\n|\n|t:|1726350947\n|move|p1a: Duraludon|Draco Meteor|p2a: Golurk\n|-damage|p2a: Golurk|203/297\n|-unboost|p1a: Duraludon|spa|2\n|move|p2a: Golurk|Poltergeist|p1a: Duraludon\n|-activate|p1a: Duraludon|move: Poltergeist|Eviolite\n|-damage|p1a: Duraludon|136/249\n|-damage|p2a: Golurk|174/297|[from] item: Life Orb\n|\n|upkeep\n|turn|13\n|\n|t:|1726350954\n|switch|p1a: Rotom|Rotom-Frost, L87|76/229\n|move|p2a: Golurk|Stealth Rock|p1a: Rotom\n|-sidestart|p1: RBLT freezai|move: Stealth Rock\n|\n|upkeep\n|turn|14\n|\n|t:|1726350960\n|switch|p2a: Cinderace|Cinderace, L77, F|249/249\n|-damage|p2a: Cinderace|187/249|[from] Stealth Rock\n|move|p1a: Rotom|Blizzard|p2a: Cinderace|[miss]\n|-miss|p1a: Rotom|p2a: Cinderace\n|\n|upkeep\n|turn|15\n|\n|t:|1726350968\n|switch|p1a: Duraludon|Duraludon, L82, F|136/249\n|-damage|p1a: Duraludon|121/249|[from] Stealth Rock\n|move|p2a: Cinderace|Pyro Ball|p1a: Duraludon\n|-crit|p1a: Duraludon\n|-damage|p1a: Duraludon|0 fnt\n|faint|p1a: Duraludon\n|\n|upkeep\n|\n|t:|1726350972\n|switch|p1a: Flareon|Flareon, L90, F|263/263\n|-damage|p1a: Flareon|198/263|[from] Stealth Rock\n|turn|16\n|\n|t:|1726350977\n|move|p2a: Cinderace|Pyro Ball|p1a: Flareon\n|-resisted|p1a: Flareon\n|-damage|p1a: Flareon|87/263\n|move|p1a: Flareon|Flare Blitz|p2a: Cinderace\n|-resisted|p2a: Cinderace\n|-damage|p2a: Cinderace|66/249\n|-damage|p1a: Flareon|47/263|[from] Recoil\n|\n|-status|p1a: Flareon|tox|[from] item: Toxic Orb\n|upkeep\n|turn|17\n|\n|t:|1726350980\n|move|p1a: Flareon|Quick Attack|p2a: Cinderace\n|-damage|p2a: Cinderace|0 fnt\n|faint|p2a: Cinderace\n|\n|-damage|p1a: Flareon|31/263 tox|[from] psn\n|upkeep\n|\n|t:|1726350986\n|switch|p2a: Golurk|Golurk, L87|174/297\n|-damage|p2a: Golurk|156/297|[from] Stealth Rock\n|turn|18\n|\n|t:|1726350989\n|move|p1a: Flareon|Flare Blitz|p2a: Golurk\n|-damage|p2a: Golurk|0 fnt\n|faint|p2a: Golurk\n|-damage|p1a: Flareon|0 fnt|[from] Recoil\n|faint|p1a: Flareon\n|\n|upkeep\n|\n|t:|1726350992\n|switch|p1a: Rotom|Rotom-Frost, L87|76/229\n|switch|p2a: Gardevoir|Gardevoir, L83, F|249/249\n|-damage|p2a: Gardevoir|218/249|[from] Stealth Rock\n|-ability|p2a: Gardevoir|Levitate|[from] ability: Trace|[of] p1a: Rotom\n|turn|19\n|\n|t:|1726350996\n|move|p2a: Gardevoir|Moonblast|p1a: Rotom\n|-damage|p1a: Rotom|0 fnt\n|faint|p1a: Rotom\n|\n|upkeep\n|\n|t:|1726350999\n|switch|p1a: Lunala|Lunala, L70|308/308\n|-damage|p1a: Lunala|270/308|[from] Stealth Rock\n|turn|20\n|\n|t:|1726351012\n|switch|p2a: Lilligant|Lilligant-Hisui, L80, F|243/243\n|-damage|p2a: Lilligant|228/243|[from] Stealth Rock\n|move|p1a: Lunala|Calm Mind|p1a: Lunala\n|-boost|p1a: Lunala|spa|1\n|-boost|p1a: Lunala|spd|1\n|\n|-heal|p1a: Lunala|289/308|[from] item: Leftovers\n|upkeep\n|turn|21\n|\n|t:|1726351024\n|-terastallize|p1a: Lunala|Fairy\n|move|p2a: Lilligant|Leaf Blade|p1a: Lunala\n|-damage|p1a: Lunala|132/308\n|move|p1a: Lunala|Moonblast|p2a: Lilligant\n|-supereffective|p2a: Lilligant\n|-damage|p2a: Lilligant|0 fnt\n|faint|p2a: Lilligant\n|\n|-heal|p1a: Lunala|151/308|[from] item: Leftovers\n|upkeep\n|\n|t:|1726351028\n|switch|p2a: Gardevoir|Gardevoir, L83, F|218/249\n|-damage|p2a: Gardevoir|187/249|[from] Stealth Rock\n|-ability|p2a: Gardevoir|Shadow Shield|[from] ability: Trace|[of] p1a: Lunala\n|turn|22\n|\n|t:|1726351036\n|-terastallize|p2a: Gardevoir|Fighting\n|move|p2a: Gardevoir|Psyshock|p1a: Lunala\n|-damage|p1a: Lunala|31/308\n|move|p1a: Lunala|Moongeist Beam|p2a: Gardevoir\n|-damage|p2a: Gardevoir|73/249\n|\n|-heal|p1a: Lunala|50/308|[from] item: Leftovers\n|upkeep\n|turn|23\n|\n|t:|1726351040\n|move|p2a: Gardevoir|Psyshock|p1a: Lunala\n|-damage|p1a: Lunala|0 fnt\n|faint|p1a: Lunala\n|\n|win|RBLT chemcoop\n|raw|RBLT freezai's rating: 2260 &rarr; <strong>2248</strong><br />(-12 for losing)\n|raw|RBLT chemcoop's rating: 2400 &rarr; <strong>2412</strong><br />(+12 for winning)\n|l|\u2606RBLT freezai\n|player|p1|\n", "inputlog": ">version abcf08933808d3fb39dbc2b54a8665d830b47482\n>start {\"formatid\":\"gen9randombattle\",\"seed\":[52923,57672,8991,44731],\"rated\":\"Rated battle\"}\n>player p1 {\"name\":\"RBLT freezai\",\"avatar\":\"#scl1breakers\",\"rating\":2260,\"seed\":[56044,1969,26722,11395]}\n>player p2 {\"name\":\"RBLT chemcoop\",\"avatar\":\"#chemcoop\",\"rating\":2389,\"seed\":[25107,11158,23252,49328]}\n>p1 move hydropump\n>p2 move knockoff\n>p1 switch 2\n>p2 move drainpunch\n>p1 move stealthrock\n>p2 move knockoff\n>p1 switch 2\n>p2 move machpunch\n>p1 move hydropump\n>p2 move drainpunch\n>p1 move airslash\n>p2 move drainpunch\n>p1 move airslash\n>p2 move machpunch\n>p2 switch 6\n>p1 move airslash\n>p2 move dragondarts\n>p1 switch 5\n>p1 move blizzard\n>p2 move fireblast\n>p1 switch 2\n>p2 move dragondarts\n>p1 switch 4\n>p1 move dracometeor\n>p2 move fireblast\n>p2 switch 5\n>p1 move dracometeor\n>p2 move poltergeist\n>p1 switch 2\n>p2 move stealthrock\n>p1 move blizzard\n>p2 switch 2\n>p1 switch 2\n>p2 move pyroball\n>p1 switch 3\n>p1 move flareblitz\n>p2 move pyroball\n>p1 move quickattack\n>p2 move pyroball\n>p2 switch 2\n>p1 move flareblitz\n>p2 move poltergeist\n>p1 switch 2\n>p2 switch 4\n>p1 move thunderbolt\n>p2 move moonblast\n>p1 switch 6\n>p1 move calmmind\n>p2 switch 3\n>p1 move moonblast terastallize\n>p2 move leafblade\n>p2 switch 3\n>p1 move moongeistbeam\n>p2 move psyshock terastallize\n>p1 move moongeistbeam\n>p2 move psyshock", "uploadtime": 1726351053, "views": 98, "formatid": "gen9randombattle", "rating": 2248, "private": 0, "password": null}