{"id": "gen9randombattle-2260308914", "format": "[Gen 9] Random Battle", "players": ["castivan10", "JuanjoBoliche"], "log": "|j|\u2606castivan10\n|j|\u2606JuanjoBoliche\n|t:|1733838171\n|gametype|singles\n|player|p1|castivan10|sage|1299\n|player|p2|JuanjoBoliche|101|1316\n|teamsize|p1|6\n|teamsize|p2|6\n|gen|9\n|tier|[Gen 9] Random Battle\n|rated|\n|rule|Species Clause: Limit one of each Pok\u00e9mon\n|rule|HP Percentage Mod: HP is shown in percentages\n|rule|Sleep Clause Mod: Limit one foe put to sleep\n|rule|Illusion Level Mod: Illusion disguises the Pok\u00e9mon's true level\n|\n|t:|1733838171\n|start\n|switch|p1a: Meloetta|Meloetta, L82|298/298\n|switch|p2a: Tornadus|Tornadus-Therian, L79, M|254/254\n|turn|1\n|inactive|Battle timer is ON: inactive players will automatically lose when time's up. (requested by JuanjoBoliche)\n|\n|t:|1733838179\n|switch|p2a: Brute Bonnet|Brute Bonnet, L81|312/312\n|move|p1a: Meloetta|Triple Axel|p2a: Brute Bonnet\n|-supereffective|p2a: Brute Bonnet\n|-damage|p2a: Brute Bonnet|281/312\n|-hitcount|p2a: Brute Bonnet|1\n|-damage|p1a: Meloetta|269/298|[from] item: Life Orb\n|\n|-heal|p2a: Brute Bonnet|300/312|[from] item: Leftovers\n|upkeep\n|turn|2\n|l|\u2606castivan10\n|inactive|castivan10 disconnected and has a minute to reconnect!\n|player|p1|\n|inactive|JuanjoBoliche has 120 seconds left.\n|inactive|castivan10 has 30 seconds to reconnect!\n|j|\u2606castivan10\n|inactive|castivan10 reconnected and has 95 seconds left.\n|player|p1|castivan10|sage|\n|inactive|castivan10 has 90 seconds left.\n|\n|t:|1733838241\n|move|p1a: Meloetta|Triple Axel|p2a: Brute Bonnet\n|-supereffective|p2a: Brute Bonnet\n|-damage|p2a: Brute Bonnet|269/312\n|-supereffective|p2a: Brute Bonnet\n|-damage|p2a: Brute Bonnet|212/312\n|-supereffective|p2a: Brute Bonnet\n|-damage|p2a: Brute Bonnet|126/312\n|-hitcount|p2a: Brute Bonnet|3\n|-damage|p1a: Meloetta|240/298|[from] item: Life Orb\n|move|p2a: Brute Bonnet|Spore|p1a: Meloetta\n|-status|p1a: Meloetta|slp|[from] move: Spore\n|\n|-heal|p2a: Brute Bonnet|145/312|[from] item: Leftovers\n|upkeep\n|turn|3\n|inactive|JuanjoBoliche has 120 seconds left.\n|\n|t:|1733838274\n|cant|p1a: Meloetta|slp\n|move|p2a: Brute Bonnet|Seed Bomb|p1a: Meloetta\n|-damage|p1a: Meloetta|137/298 slp\n|\n|-heal|p2a: Brute Bonnet|164/312|[from] item: Leftovers\n|upkeep\n|turn|4\n|\n|t:|1733838279\n|move|p2a: Brute Bonnet|Sucker Punch|p1a: Meloetta\n|-supereffective|p1a: Meloetta\n|-damage|p1a: Meloetta|0 fnt\n|faint|p1a: Meloetta\n|\n|-heal|p2a: Brute Bonnet|183/312|[from] item: Leftovers\n|upkeep\n|\n|t:|1733838284\n|switch|p1a: Blaziken|Blaziken, L76, F|247/247\n|turn|5\n|inactive|JuanjoBoliche has 120 seconds left.\n|inactive|JuanjoBoliche has 90 seconds left.\n|\n|t:|1733838335\n|-end|p2a: Brute Bonnet|Protosynthesis|[silent]\n|switch|p2a: Dipplin|Dipplin, L88, F|284/284\n|move|p1a: Blaziken|Swords Dance|p1a: Blaziken\n|-boost|p1a: Blaziken|atk|2\n|\n|-ability|p1a: Blaziken|Speed Boost|boost\n|-boost|p1a: Blaziken|spe|1\n|upkeep\n|turn|6\n|\n|t:|1733838341\n|move|p1a: Blaziken|Flare Blitz|p2a: Dipplin\n|-damage|p2a: Dipplin|99/284\n|-damage|p1a: Blaziken|186/247|[from] Recoil\n|-damage|p1a: Blaziken|162/247|[from] item: Life Orb\n|move|p2a: Dipplin|Dragon Tail|p1a: Blaziken\n|-damage|p1a: Blaziken|78/247\n|drag|p1a: Golurk|Golurk, L87|297/297\n|\n|upkeep\n|turn|7\n|\n|t:|1733838352\n|move|p1a: Golurk|Dynamic Punch|p2a: Dipplin\n|-damage|p2a: Dipplin|22/284\n|-start|p2a: Dipplin|confusion\n|-activate|p2a: Dipplin|confusion\n|move|p2a: Dipplin|Giga Drain|p1a: Golurk\n|-supereffective|p1a: Golurk\n|-damage|p1a: Golurk|127/297\n|-heal|p2a: Dipplin|107/284|[from] drain|[of] p1a: Golurk\n|\n|upkeep\n|turn|8\n|\n|t:|1733838366\n|move|p1a: Golurk|Dynamic Punch|p2a: Dipplin\n|-damage|p2a: Dipplin|34/284\n|-activate|p2a: Dipplin|confusion\n|move|p2a: Dipplin|Giga Drain|p1a: Golurk\n|-supereffective|p1a: Golurk\n|-damage|p1a: Golurk|0 fnt\n|-heal|p2a: Dipplin|98/284|[from] drain|[of] p1a: Golurk\n|faint|p1a: Golurk\n|\n|upkeep\n|\n|t:|1733838371\n|switch|p1a: Blaziken|Blaziken, L76, F|78/247\n|turn|9\n|inactive|JuanjoBoliche has 90 seconds left.\n|inactive|JuanjoBoliche has 60 seconds left.\n|\n|t:|1733838408\n|move|p1a: Blaziken|Flare Blitz|p2a: Dipplin\n|-damage|p2a: Dipplin|7/284\n|-damage|p1a: Blaziken|48/247|[from] Recoil\n|-damage|p1a: Blaziken|24/247|[from] item: Life Orb\n|-end|p2a: Dipplin|confusion\n|move|p2a: Dipplin|Dragon Pulse|p1a: Blaziken\n|-damage|p1a: Blaziken|0 fnt\n|faint|p1a: Blaziken\n|\n|upkeep\n|\n|t:|1733838414\n|switch|p1a: Terapagos|Terapagos, L76, M|262/262\n|-activate|p1a: Terapagos|ability: Tera Shift\n|detailschange|p1a: Terapagos|Terapagos-Terastal, L76, M\n|-heal|p1a: Terapagos|269/269|[silent]\n|turn|10\n|inactive|JuanjoBoliche has 60 seconds left.\n|\n|t:|1733838429\n|move|p1a: Terapagos|Calm Mind|p1a: Terapagos\n|-boost|p1a: Terapagos|spa|1\n|-boost|p1a: Terapagos|spd|1\n|move|p2a: Dipplin|Recover|p2a: Dipplin\n|-heal|p2a: Dipplin|149/284\n|\n|upkeep\n|turn|11\n|\n|t:|1733838436\n|move|p1a: Terapagos|Rapid Spin|p2a: Dipplin\n|-damage|p2a: Dipplin|125/284\n|-boost|p1a: Terapagos|spe|1\n|move|p2a: Dipplin|Dragon Tail|p1a: Terapagos\n|-activate|p1a: Terapagos|ability: Tera Shell\n|-resisted|p1a: Terapagos\n|-damage|p1a: Terapagos|242/269\n|drag|p1a: Wo-Chien|Wo-Chien, L83|277/277\n|-ability|p1a: Wo-Chien|Tablets of Ruin\n|\n|upkeep\n|turn|12\n|inactive|JuanjoBoliche has 60 seconds left.\n|\n|t:|1733838474\n|move|p1a: Wo-Chien|Ruination|p2a: Dipplin\n|-damage|p2a: Dipplin|63/284\n|move|p2a: Dipplin|Recover|p2a: Dipplin\n|-heal|p2a: Dipplin|205/284\n|\n|upkeep\n|turn|13\n|\n|t:|1733838480\n|switch|p2a: Brute Bonnet|Brute Bonnet, L81|183/312\n|move|p1a: Wo-Chien|Ruination|p2a: Brute Bonnet\n|-damage|p2a: Brute Bonnet|92/312\n|\n|-heal|p2a: Brute Bonnet|111/312|[from] item: Leftovers\n|upkeep\n|turn|14\n|\n|t:|1733838488\n|move|p1a: Wo-Chien|Knock Off|p2a: Brute Bonnet\n|-resisted|p2a: Brute Bonnet\n|-damage|p2a: Brute Bonnet|68/312\n|-enditem|p2a: Brute Bonnet|Leftovers|[from] move: Knock Off|[of] p1a: Wo-Chien\n|move|p2a: Brute Bonnet|Close Combat|p1a: Wo-Chien\n|-supereffective|p1a: Wo-Chien\n|-damage|p1a: Wo-Chien|133/277\n|-unboost|p2a: Brute Bonnet|def|1\n|-unboost|p2a: Brute Bonnet|spd|1\n|\n|-heal|p1a: Wo-Chien|150/277|[from] item: Leftovers\n|upkeep\n|turn|15\n|inactive|JuanjoBoliche has 60 seconds left.\n|\n|t:|1733838513\n|move|p2a: Brute Bonnet|Sucker Punch|p1a: Wo-Chien\n|-resisted|p1a: Wo-Chien\n|-damage|p1a: Wo-Chien|123/277\n|move|p1a: Wo-Chien|Knock Off|p2a: Brute Bonnet\n|-resisted|p2a: Brute Bonnet\n|-damage|p2a: Brute Bonnet|27/312\n|\n|-heal|p1a: Wo-Chien|140/277|[from] item: Leftovers\n|upkeep\n|turn|16\n|l|\u2606castivan10\n|inactive|castivan10 disconnected and has a minute to reconnect!\n|player|p1|\n|j|\u2606castivan10\n|inactive|castivan10 reconnected and has 125 seconds left.\n|player|p1|castivan10|sage|\n|\n|t:|1733838540\n|move|p1a: Wo-Chien|Protect|p1a: Wo-Chien\n|-singleturn|p1a: Wo-Chien|Protect\n|move|p2a: Brute Bonnet|Close Combat|p1a: Wo-Chien\n|-activate|p1a: Wo-Chien|move: Protect\n|\n|-heal|p1a: Wo-Chien|157/277|[from] item: Leftovers\n|upkeep\n|turn|17\n|inactive|JuanjoBoliche has 30 seconds left.\n|c|\u2606castivan10|Toma .l. para que t\u00fa.    C.     U.         L.  O.   Coma\n|n|\u203dcastivan10|castivan10\n|c|~|/log castivan10 was locked from talking by Artemis for a week. (\u2606castivan10: Toma .l. para que t\u00fa.    C.     U.         L.  O.   Coma)\n|c|~|/raw <small>This action was done automatically. Want to learn more about the AI? <a href=\"https://www.smogon.com/forums/threads/3570628/#post-9056769\">Visit the information thread</a>.</small>\n|inactive|JuanjoBoliche has 20 seconds left.\n|inactive|JuanjoBoliche has 15 seconds left.\n|inactive|JuanjoBoliche has 10 seconds left.\n|inactive|JuanjoBoliche has 5 seconds left.\n|-message|JuanjoBoliche lost due to inactivity.\n|\n|win|castivan10\n", "inputlog": ">version bfd83cad13791eb5a5a409923076391caf6fb4d4\n>start {\"formatid\":\"gen9randombattle\",\"seed\":[12446,37954,26133,9580],\"rated\":\"Rated battle\"}\n>player p1 {\"name\":\"castivan10\",\"avatar\":\"sage\",\"rating\":1299,\"seed\":[27156,4012,39541,1939]}\n>player p2 {\"name\":\"JuanjoBoliche\",\"avatar\":\"101\",\"rating\":1316,\"seed\":[37867,13566,44152,35693]}\n>p1 move tripleaxel\n>p2 switch 2\n>p1 move tripleaxel\n>p2 move spore\n>p1 move tripleaxel\n>p2 move seedbomb\n>p1 move tripleaxel\n>p2 move suckerpunch\n>p1 switch 2\n>p1 move swordsdance\n>p2 switch 3\n>p1 move flareblitz\n>p2 move dragontail\n>p1 move dynamicpunch\n>p2 move gigadrain\n>p1 move dynamicpunch\n>p2 move gigadrain\n>p1 switch 5\n>p1 move flareblitz\n>p2 move dragonpulse\n>p1 switch 6\n>p1 move calmmind\n>p2 move recover\n>p1 move rapidspin\n>p2 move dragontail\n>p1 move ruination\n>p2 move recover\n>p1 move ruination\n>p2 switch 3\n>p1 move knockoff\n>p2 move closecombat\n>p1 move knockoff\n>p2 move suckerpunch\n>p1 move protect\n>p2 move closecombat\n>chat \u2606castivan10|Toma .l. para que t\u00fa.    C.     U.         L.  O.   Coma \n>forcelose p2", "uploadtime": 1733838576, "views": 1, "formatid": "gen9randombattle", "rating": null, "private": 0, "password": null}