{"id": "gen9randombattle-2260359242", "format": "[Gen 9] Random Battle", "players": ["spare_1", "ZRMNoise"], "log": "|j|\u2606spare_1\n|j|\u2606ZRMNoise\n|t:|1733843769\n|gametype|singles\n|player|p1|spare_1|hilda-wonderlauncher|\n|player|p2|ZRMNoise|170|\n|teamsize|p1|6\n|teamsize|p2|6\n|gen|9\n|tier|[Gen 9] Random Battle\n|rule|Species Clause: Limit one of each Pok\u00e9mon\n|rule|HP Percentage Mod: HP is shown in percentages\n|rule|Sleep Clause Mod: Limit one foe put to sleep\n|rule|Illusion Level Mod: Illusion disguises the Pok\u00e9mon's true level\n|\n|t:|1733843769\n|start\n|switch|p1a: Maushold|Maushold-Four, L76|238/238\n|switch|p2a: Palafin|Palafin, L77, F|281/281\n|turn|1\n|\n|t:|1733843787\n|detailschange|p2a: Palafin|Palafin-Hero, L77, F\n|switch|p2a: Misdreavus|Misdreavus, L90, M|254/254\n|move|p1a: Maushold|Population Bomb|p2a: Misdreavus\n|-immune|p2a: Misdreavus\n|\n|upkeep\n|turn|2\n|\n|t:|1733843796\n|move|p1a: Maushold|Bite|p2a: Misdreavus\n|-supereffective|p2a: Misdreavus\n|-damage|p2a: Misdreavus|176/254\n|move|p2a: Misdreavus|Will-O-Wisp|p1a: Maushold\n|-status|p1a: Maushold|brn\n|\n|-damage|p1a: Maushold|224/238 brn|[from] brn\n|upkeep\n|turn|3\n|\n|t:|1733843807\n|move|p1a: Maushold|Encore|p2a: Misdreavus\n|-start|p2a: Misdreavus|Encore\n|move|p2a: Misdreavus|Will-O-Wisp|p1a: Maushold|[miss]\n|-miss|p2a: Misdreavus|p1a: Maushold\n|\n|-damage|p1a: Maushold|210/238 brn|[from] brn\n|upkeep\n|turn|4\n|\n|t:|1733843823\n|move|p1a: Maushold|Population Bomb|p2a: Misdreavus\n|-immune|p2a: Misdreavus\n|move|p2a: Misdreavus|Will-O-Wisp|p1a: Maushold\n|-fail|p1a: Maushold|brn\n|\n|-damage|p1a: Maushold|196/238 brn|[from] brn\n|upkeep\n|turn|5\n|\n|t:|1733843847\n|switch|p1a: Tornadus|Tornadus-Therian, L79, M|254/254\n|move|p2a: Misdreavus|Will-O-Wisp|p1a: Tornadus|[miss]\n|-miss|p2a: Misdreavus|p1a: Tornadus\n|\n|-end|p2a: Misdreavus|Encore\n|upkeep\n|turn|6\n|\n|t:|1733843899\n|move|p1a: Tornadus|Knock Off|p2a: Misdreavus\n|-supereffective|p2a: Misdreavus\n|-damage|p2a: Misdreavus|76/254\n|-enditem|p2a: Misdreavus|Eviolite|[from] move: Knock Off|[of] p1a: Tornadus\n|move|p2a: Misdreavus|Calm Mind|p2a: Misdreavus\n|-boost|p2a: Misdreavus|spa|1\n|-boost|p2a: Misdreavus|spd|1\n|\n|upkeep\n|turn|7\n|\n|t:|1733843916\n|-terastallize|p2a: Misdreavus|Fairy\n|move|p1a: Tornadus|Knock Off|p2a: Misdreavus\n|-resisted|p2a: Misdreavus\n|-damage|p2a: Misdreavus|51/254\n|move|p2a: Misdreavus|Draining Kiss|p1a: Tornadus\n|-damage|p1a: Tornadus|181/254\n|-heal|p2a: Misdreavus|106/254|[from] drain|[of] p1a: Tornadus\n|\n|upkeep\n|turn|8\n|\n|t:|1733843942\n|move|p1a: Tornadus|U-turn|p2a: Misdreavus\n|-resisted|p2a: Misdreavus\n|-damage|p2a: Misdreavus|77/254\n|\n|t:|1733843950\n|switch|p1a: Maushold|Maushold-Four, L76|196/238 brn|[from] U-turn\n|move|p2a: Misdreavus|Calm Mind|p2a: Misdreavus\n|-boost|p2a: Misdreavus|spa|1\n|-boost|p2a: Misdreavus|spd|1\n|\n|-damage|p1a: Maushold|182/238 brn|[from] brn\n|upkeep\n|turn|9\n|\n|t:|1733843967\n|move|p1a: Maushold|Encore|p2a: Misdreavus\n|-start|p2a: Misdreavus|Encore\n|move|p2a: Misdreavus|Calm Mind|p2a: Misdreavus\n|-boost|p2a: Misdreavus|spa|1\n|-boost|p2a: Misdreavus|spd|1\n|\n|-damage|p1a: Maushold|168/238 brn|[from] brn\n|upkeep\n|turn|10\n|\n|t:|1733843975\n|move|p1a: Maushold|Population Bomb|p2a: Misdreavus\n|-damage|p2a: Misdreavus|64/254\n|-damage|p2a: Misdreavus|49/254\n|-damage|p2a: Misdreavus|35/254\n|-damage|p2a: Misdreavus|20/254\n|-damage|p2a: Misdreavus|5/254\n|-damage|p2a: Misdreavus|0 fnt\n|faint|p2a: Misdreavus\n|-hitcount|p2: Misdreavus|6\n|\n|-damage|p1a: Maushold|154/238 brn|[from] brn\n|upkeep\n|\n|t:|1733844023\n|switch|p2a: Meowscarada|Meowscarada, L78, F|247/247\n|turn|11\n|\n|t:|1733844065\n|move|p2a: Meowscarada|Knock Off|p1a: Maushold\n|-start|p2a: Meowscarada|typechange|Dark|[from] ability: Protean\n|-damage|p1a: Maushold|0 fnt\n|-enditem|p1a: Maushold|Wide Lens|[from] move: Knock Off|[of] p2a: Meowscarada\n|faint|p1a: Maushold\n|\n|upkeep\n|\n|t:|1733844095\n|switch|p1a: Slither Wing|Slither Wing, L81|270/270\n|-enditem|p1a: Slither Wing|Booster Energy\n|-activate|p1a: Slither Wing|ability: Protosynthesis|[fromitem]\n|-start|p1a: Slither Wing|protosynthesisatk\n|turn|12\n|\n|t:|1733844128\n|move|p2a: Meowscarada|Knock Off|p1a: Slither Wing\n|-resisted|p1a: Slither Wing\n|-damage|p1a: Slither Wing|216/270\n|move|p1a: Slither Wing|Bulk Up|p1a: Slither Wing\n|-boost|p1a: Slither Wing|atk|1\n|-boost|p1a: Slither Wing|def|1\n|\n|upkeep\n|turn|13\n|\n|t:|1733844176\n|switch|p2a: Vigoroth|Vigoroth, L85, F|275/275\n|move|p1a: Slither Wing|Earthquake|p2a: Vigoroth\n|-damage|p2a: Vigoroth|162/275\n|\n|upkeep\n|turn|14\n|\n|t:|1733844192\n|move|p2a: Vigoroth|Body Slam|p1a: Slither Wing\n|-damage|p1a: Slither Wing|152/270\n|-status|p1a: Slither Wing|par\n|move|p1a: Slither Wing|Close Combat|p2a: Vigoroth\n|-supereffective|p2a: Vigoroth\n|-damage|p2a: Vigoroth|0 fnt\n|-unboost|p1a: Slither Wing|def|1\n|-unboost|p1a: Slither Wing|spd|1\n|faint|p2a: Vigoroth\n|\n|upkeep\n|\n|t:|1733844206\n|switch|p2a: Keldeo|Keldeo-Resolute, L79|273/273\n|turn|15\n|\n|t:|1733844216\n|move|p2a: Keldeo|Air Slash|p1a: Slither Wing\n|-supereffective|p1a: Slither Wing\n|-damage|p1a: Slither Wing|0 fnt\n|faint|p1a: Slither Wing\n|-end|p1a: Slither Wing|Protosynthesis|[silent]\n|\n|upkeep\n|\n|t:|1733844255\n|switch|p1a: Spectrier|Spectrier, L75|274/274\n|turn|16\n|\n|t:|1733844275\n|move|p1a: Spectrier|Will-O-Wisp|p2a: Keldeo\n|-status|p2a: Keldeo|brn\n|move|p2a: Keldeo|Air Slash|p1a: Spectrier\n|-damage|p1a: Spectrier|170/274\n|\n|-damage|p2a: Keldeo|256/273 brn|[from] brn\n|upkeep\n|turn|17\n|\n|t:|1733844296\n|move|p1a: Spectrier|Shadow Ball|p2a: Keldeo\n|-damage|p2a: Keldeo|126/273 brn\n|-damage|p1a: Spectrier|143/274|[from] item: Life Orb\n|move|p2a: Keldeo|Air Slash|p1a: Spectrier\n|-damage|p1a: Spectrier|45/274\n|\n|-damage|p2a: Keldeo|109/273 brn|[from] brn\n|upkeep\n|turn|18\n|\n|t:|1733844311\n|move|p1a: Spectrier|Shadow Ball|p2a: Keldeo\n|-damage|p2a: Keldeo|0 fnt\n|faint|p2a: Keldeo\n|-ability|p1a: Spectrier|Grim Neigh|boost\n|-boost|p1a: Spectrier|spa|1\n|-damage|p1a: Spectrier|18/274|[from] item: Life Orb\n|\n|upkeep\n|\n|t:|1733844322\n|switch|p2a: Palafin|Palafin-Hero, L77, F|281/281\n|-activate|p2a: Palafin|ability: Zero to Hero\n|turn|19\n|\n|t:|1733844337\n|switch|p1a: Dondozo|Dondozo, L78, M|362/362\n|move|p2a: Palafin|Jet Punch|p1a: Dondozo\n|-resisted|p1a: Dondozo\n|-damage|p1a: Dondozo|314/362\n|\n|-heal|p1a: Dondozo|336/362|[from] item: Leftovers\n|upkeep\n|turn|20\n|\n|t:|1733844356\n|switch|p2a: Meowscarada|Meowscarada, L78, F|247/247\n|move|p1a: Dondozo|Curse|p1a: Dondozo\n|-unboost|p1a: Dondozo|spe|1\n|-boost|p1a: Dondozo|atk|1\n|-boost|p1a: Dondozo|def|1\n|\n|-heal|p1a: Dondozo|358/362|[from] item: Leftovers\n|upkeep\n|turn|21\n|\n|t:|1733844373\n|-terastallize|p1a: Dondozo|Dragon\n|move|p2a: Meowscarada|Flower Trick|p1a: Dondozo\n|-start|p2a: Meowscarada|typechange|Grass|[from] ability: Protean\n|-resisted|p1a: Dondozo\n|-crit|p1a: Dondozo\n|-damage|p1a: Dondozo|287/362\n|move|p1a: Dondozo|Curse|p1a: Dondozo\n|-unboost|p1a: Dondozo|spe|1\n|-boost|p1a: Dondozo|atk|1\n|-boost|p1a: Dondozo|def|1\n|\n|-heal|p1a: Dondozo|309/362|[from] item: Leftovers\n|upkeep\n|turn|22\n|\n|t:|1733844400\n|switch|p2a: Houndoom|Houndoom, L87, F|272/272\n|move|p1a: Dondozo|Curse|p1a: Dondozo\n|-unboost|p1a: Dondozo|spe|1\n|-boost|p1a: Dondozo|atk|1\n|-boost|p1a: Dondozo|def|1\n|\n|-heal|p1a: Dondozo|331/362|[from] item: Leftovers\n|upkeep\n|turn|23\n|\n|t:|1733844412\n|move|p2a: Houndoom|Dark Pulse|p1a: Dondozo\n|-damage|p1a: Dondozo|193/362\n|move|p1a: Dondozo|Wave Crash|p2a: Houndoom\n|-supereffective|p2a: Houndoom\n|-damage|p2a: Houndoom|0 fnt\n|faint|p2a: Houndoom\n|-damage|p1a: Dondozo|103/362|[from] Recoil\n|\n|-heal|p1a: Dondozo|125/362|[from] item: Leftovers\n|upkeep\n|\n|t:|1733844420\n|switch|p2a: Meowscarada|Meowscarada, L78, F|247/247\n|turn|24\n|\n|t:|1733844425\n|move|p2a: Meowscarada|Triple Axel|p1a: Dondozo|[miss]\n|-start|p2a: Meowscarada|typechange|Ice|[from] ability: Protean\n|-miss|p2a: Meowscarada|p1a: Dondozo\n|move|p1a: Dondozo|Rest|p1a: Dondozo\n|-status|p1a: Dondozo|slp|[from] move: Rest\n|-heal|p1a: Dondozo|362/362 slp|[silent]\n|\n|upkeep\n|turn|25\n|\n|t:|1733844456\n|move|p2a: Meowscarada|Triple Axel|p1a: Dondozo\n|-supereffective|p1a: Dondozo\n|-damage|p1a: Dondozo|342/362 slp\n|-supereffective|p1a: Dondozo\n|-damage|p1a: Dondozo|298/362 slp\n|-supereffective|p1a: Dondozo\n|-damage|p1a: Dondozo|236/362 slp\n|-hitcount|p1a: Dondozo|3\n|cant|p1a: Dondozo|slp\n|\n|-heal|p1a: Dondozo|258/362 slp|[from] item: Leftovers\n|upkeep\n|turn|26\n|\n|t:|1733844473\n|move|p2a: Meowscarada|Triple Axel|p1a: Dondozo\n|-supereffective|p1a: Dondozo\n|-damage|p1a: Dondozo|234/362 slp\n|-supereffective|p1a: Dondozo\n|-damage|p1a: Dondozo|190/362 slp\n|-supereffective|p1a: Dondozo\n|-damage|p1a: Dondozo|122/362 slp\n|-hitcount|p1a: Dondozo|3\n|cant|p1a: Dondozo|slp\n|move|p1a: Dondozo|Sleep Talk|p1a: Dondozo\n|move|p1a: Dondozo|Curse|p1a: Dondozo|[from]move: Sleep Talk\n|-unboost|p1a: Dondozo|spe|1\n|-boost|p1a: Dondozo|atk|1\n|-boost|p1a: Dondozo|def|1\n|\n|-heal|p1a: Dondozo|144/362 slp|[from] item: Leftovers\n|upkeep\n|turn|27\n|\n|t:|1733844496\n|move|p2a: Meowscarada|Triple Axel|p1a: Dondozo\n|-supereffective|p1a: Dondozo\n|-damage|p1a: Dondozo|124/362 slp\n|-supereffective|p1a: Dondozo\n|-damage|p1a: Dondozo|88/362 slp\n|-supereffective|p1a: Dondozo\n|-crit|p1a: Dondozo\n|-damage|p1a: Dondozo|0 fnt\n|faint|p1a: Dondozo\n|-hitcount|p1: Dondozo|3\n|\n|upkeep\n|\n|t:|1733844536\n|switch|p1a: Spectrier|Spectrier, L75|18/274\n|turn|28\n|\n|t:|1733844572\n|move|p1a: Spectrier|Will-O-Wisp|p2a: Meowscarada\n|-status|p2a: Meowscarada|brn\n|move|p2a: Meowscarada|Triple Axel|p1a: Spectrier\n|-damage|p1a: Spectrier|0 fnt\n|faint|p1a: Spectrier\n|-hitcount|p1: Spectrier|1\n|\n|-damage|p2a: Meowscarada|232/247 brn|[from] brn\n|upkeep\n|\n|t:|1733844598\n|switch|p1a: Tornadus|Tornadus-Therian, L79, M|254/254\n|turn|29\n|\n|t:|1733844616\n|move|p2a: Meowscarada|Triple Axel|p1a: Tornadus\n|-supereffective|p1a: Tornadus\n|-damage|p1a: Tornadus|217/254\n|-supereffective|p1a: Tornadus\n|-damage|p1a: Tornadus|153/254\n|-supereffective|p1a: Tornadus\n|-damage|p1a: Tornadus|45/254\n|-hitcount|p1a: Tornadus|3\n|move|p1a: Tornadus|Heat Wave|p2a: Meowscarada\n|-supereffective|p2a: Meowscarada\n|-damage|p2a: Meowscarada|76/247 brn\n|\n|-damage|p2a: Meowscarada|61/247 brn|[from] brn\n|upkeep\n|turn|30\n|\n|t:|1733844644\n|move|p1a: Tornadus|Heat Wave|p2a: Meowscarada\n|-supereffective|p2a: Meowscarada\n|-damage|p2a: Meowscarada|0 fnt\n|faint|p2a: Meowscarada\n|\n|upkeep\n|\n|t:|1733844650\n|switch|p2a: Palafin|Palafin-Hero, L77, F|281/281\n|turn|31\n|\n|t:|1733844668\n|move|p2a: Palafin|Jet Punch|p1a: Tornadus\n|-damage|p1a: Tornadus|0 fnt\n|faint|p1a: Tornadus\n|\n|upkeep\n|\n|t:|1733844674\n|switch|p1a: Iron Boulder|Iron Boulder, L77|265/265\n|-enditem|p1a: Iron Boulder|Booster Energy\n|-activate|p1a: Iron Boulder|ability: Quark Drive|[fromitem]\n|-start|p1a: Iron Boulder|quarkdrivespe\n|turn|32\n|\n|t:|1733844718\n|move|p2a: Palafin|Jet Punch|p1a: Iron Boulder\n|-supereffective|p1a: Iron Boulder\n|-damage|p1a: Iron Boulder|0 fnt\n|faint|p1a: Iron Boulder\n|-end|p1a: Iron Boulder|Quark Drive|[silent]\n|\n|win|ZRMNoise\n", "inputlog": ">version bfd83cad13791eb5a5a409923076391caf6fb4d4\n>start {\"formatid\":\"gen9randombattle\",\"seed\":[26320,63650,15461,8118]}\n>player p1 {\"name\":\"spare_1\",\"avatar\":\"hilda-wonderlauncher\",\"rating\":0,\"seed\":[19774,64637,19957,58128]}\n>player p2 {\"name\":\"ZRMNoise\",\"avatar\":\"170\",\"rating\":0,\"seed\":[47179,48912,49891,59578]}\n>p1 move populationbomb\n>p2 switch 6\n>p1 move bite\n>p2 move willowisp\n>p1 move encore\n>p2 move calmmind\n>p1 move populationbomb\n>p2 move willowisp\n>p1 switch 4\n>p2 move willowisp\n>p1 move knockoff\n>p2 move calmmind\n>p1 move knockoff\n>p2 move drainingkiss terastallize\n>p1 move uturn\n>p2 move calmmind\n>p1 switch 4\n>p1 move encore\n>p2 move drainingkiss\n>p1 move populationbomb\n>p2 move calmmind\n>p2 switch 2\n>p1 move populationbomb\n>p2 move knockoff\n>p1 switch 2\n>p1 move bulkup\n>p2 move knockoff\n>p1 move earthquake\n>p2 switch 5\n>p1 move closecombat\n>p2 move bodyslam\n>p2 switch 3\n>p1 move wildcharge\n>p2 move airslash\n>p1 switch 3\n>p1 move willowisp\n>p2 move airslash\n>p1 move shadowball\n>p2 move airslash\n>p1 move shadowball\n>p2 move airslash\n>p2 switch 6\n>p1 switch 5\n>p2 move jetpunch\n>p1 move curse\n>p2 switch 5\n>p1 move curse terastallize\n>p2 move flowertrick\n>p1 move curse\n>p2 switch 4\n>p1 move wavecrash\n>p2 move darkpulse\n>p2 switch 4\n>p1 move rest\n>p2 move tripleaxel\n>p1 move wavecrash\n>p2 move tripleaxel\n>p1 move sleeptalk\n>p2 move tripleaxel\n>p1 move sleeptalk\n>p2 move tripleaxel\n>p1 switch 5\n>p1 move willowisp\n>p2 move tripleaxel\n>p1 switch 4\n>p1 move heatwave\n>p2 move tripleaxel\n>p1 move heatwave\n>p2 move tripleaxel\n>p2 switch 5\n>p1 move knockoff\n>p2 move jetpunch\n>p1 switch 6\n>p1 move mightycleave\n>p2 move jetpunch", "uploadtime": 1733844725, "views": 2, "formatid": "gen9randombattle", "rating": null, "private": 0, "password": null}