{"id": "gen9randombattle-2259898694", "format": "[Gen 9] Random Battle", "players": ["Dabbedoutmuk", "XalcrosArts"], "log": "|j|\u2606Dabbedoutmuk\n|j|\u2606XalcrosArts\n|t:|1733777777\n|gametype|singles\n|player|p1|Dabbedoutmuk|266|1403\n|player|p2|XalcrosArts|artist-gen4|1452\n|teamsize|p1|6\n|teamsize|p2|6\n|gen|9\n|tier|[Gen 9] Random Battle\n|rated|\n|rule|Species Clause: Limit one of each Pok\u00e9mon\n|rule|HP Percentage Mod: HP is shown in percentages\n|rule|Sleep Clause Mod: Limit one foe put to sleep\n|rule|Illusion Level Mod: Illusion disguises the Pok\u00e9mon's true level\n|\n|t:|1733777777\n|start\n|switch|p1a: Golduck|Golduck, L90, F|290/290\n|switch|p2a: Clawitzer|Clawitzer, L87, F|265/265\n|-ability|p1a: Golduck|Cloud Nine\n|turn|1\n|inactive|Battle timer is ON: inactive players will automatically lose when time's up. (requested by XalcrosArts)\n|inactive|Dabbedoutmuk has 120 seconds left.\n|\n|t:|1733777809\n|switch|p1a: Tsareena|Tsareena, L87, F|267/267\n|move|p2a: Clawitzer|U-turn|p1a: Tsareena\n|-supereffective|p1a: Tsareena\n|-damage|p1a: Tsareena|193/267\n|\n|t:|1733777824\n|switch|p2a: Magcargo|Magcargo, L95, F|268/268|[from] U-turn\n|\n|upkeep\n|turn|2\n|\n|t:|1733777834\n|move|p1a: Tsareena|U-turn|p2a: Magcargo\n|-resisted|p2a: Magcargo\n|-damage|p2a: Magcargo|244/268\n|-ability|p2a: Magcargo|Weak Armor|boost\n|-unboost|p2a: Magcargo|def|1\n|-boost|p2a: Magcargo|spe|2\n|\n|t:|1733777843\n|switch|p1a: Golduck|Golduck, L90, F|290/290|[from] U-turn\n|-ability|p1a: Golduck|Cloud Nine\n|move|p2a: Magcargo|Shell Smash|p2a: Magcargo\n|-unboost|p2a: Magcargo|def|1\n|-unboost|p2a: Magcargo|spd|1\n|-boost|p2a: Magcargo|atk|2\n|-boost|p2a: Magcargo|spa|2\n|-boost|p2a: Magcargo|spe|2\n|\n|upkeep\n|turn|3\n|\n|t:|1733777864\n|move|p2a: Magcargo|Earth Power|p1a: Golduck\n|-damage|p1a: Golduck|146/290\n|move|p1a: Golduck|Hydro Pump|p2a: Magcargo|[miss]\n|-miss|p1a: Golduck|p2a: Magcargo\n|\n|-heal|p1a: Golduck|164/290|[from] item: Leftovers\n|upkeep\n|turn|4\n|\n|t:|1733777879\n|-terastallize|p2a: Magcargo|Grass\n|move|p2a: Magcargo|Earth Power|p1a: Golduck\n|-damage|p1a: Golduck|3/290\n|move|p1a: Golduck|Hydro Pump|p2a: Magcargo|[miss]\n|-miss|p1a: Golduck|p2a: Magcargo\n|\n|-heal|p1a: Golduck|21/290|[from] item: Leftovers\n|upkeep\n|turn|5\n|\n|t:|1733777890\n|move|p2a: Magcargo|Power Gem|p1a: Golduck\n|-damage|p1a: Golduck|0 fnt\n|faint|p1a: Golduck\n|\n|upkeep\n|\n|t:|1733777901\n|switch|p1a: Camerupt|Camerupt, L91, M|275/275\n|turn|6\n|\n|t:|1733777911\n|move|p2a: Magcargo|Earth Power|p1a: Camerupt\n|-supereffective|p1a: Camerupt\n|-damage|p1a: Camerupt|17/275\n|move|p1a: Camerupt|Stealth Rock|p2a: Magcargo\n|-sidestart|p2: XalcrosArts|move: Stealth Rock\n|\n|-heal|p1a: Camerupt|34/275|[from] item: Leftovers\n|upkeep\n|turn|7\n|\n|t:|1733777921\n|move|p2a: Magcargo|Power Gem|p1a: Camerupt\n|-damage|p1a: Camerupt|0 fnt\n|faint|p1a: Camerupt\n|\n|upkeep\n|\n|t:|1733777928\n|switch|p1a: Incineroar|Incineroar, L82, M|290/290\n|-ability|p1a: Incineroar|Intimidate|boost\n|-unboost|p2a: Magcargo|atk|1\n|turn|8\n|\n|t:|1733777935\n|move|p2a: Magcargo|Power Gem|p1a: Incineroar\n|-supereffective|p1a: Incineroar\n|-damage|p1a: Incineroar|0 fnt\n|faint|p1a: Incineroar\n|\n|upkeep\n|-message|Dabbedoutmuk forfeited.\n|\n|win|XalcrosArts\n|raw|Dabbedoutmuk's rating: 1403 &rarr; <strong>1386</strong><br />(-17 for losing)\n|raw|XalcrosArts's rating: 1452 &rarr; <strong>1469</strong><br />(+17 for winning)\n|l|\u2606Dabbedoutmuk\n|player|p1|\n", "inputlog": ">version bfd83cad13791eb5a5a409923076391caf6fb4d4\n>start {\"formatid\":\"gen9randombattle\",\"seed\":[3486,7919,60202,54669],\"rated\":\"Rated battle\"}\n>player p1 {\"name\":\"Dabbedoutmuk\",\"avatar\":\"266\",\"rating\":1403,\"seed\":[19681,11846,9358,63894]}\n>player p2 {\"name\":\"XalcrosArts\",\"avatar\":\"artist-gen4\",\"rating\":1452,\"seed\":[9060,1612,25814,62139]}\n>p1 switch 2\n>p2 move uturn\n>p2 switch 3\n>p1 move uturn\n>p2 move shellsmash\n>p1 switch 2\n>p1 move hydropump\n>p2 move earthpower\n>p1 move hydropump\n>p2 move earthpower terastallize\n>p1 move icebeam\n>p2 move powergem\n>p1 switch 6\n>p1 move stealthrock\n>p2 move earthpower\n>p1 move overheat\n>p2 move powergem\n>p1 switch 5\n>p1 move flareblitz\n>p2 move powergem\n>forcelose p1", "uploadtime": 1733777949, "views": 2, "formatid": "gen9randombattle", "rating": 1386, "private": 0, "password": null}