{"id": "gen9randombattle-2260460222", "format": "[Gen 9] Random Battle", "players": ["gobyygobgob", "my2ndtimeplaying"], "log": "|j|\u2606gobyygobgob\n|j|\u2606my2ndtimeplaying\n|t:|1733853766\n|gametype|singles\n|player|p1|gobyygobgob|266|1533\n|player|p2|my2ndtimeplaying|ninjaboy|1552\n|teamsize|p1|6\n|teamsize|p2|6\n|gen|9\n|tier|[Gen 9] Random Battle\n|rated|\n|rule|Species Clause: Limit one of each Pok\u00e9mon\n|rule|HP Percentage Mod: HP is shown in percentages\n|rule|Sleep Clause Mod: Limit one foe put to sleep\n|rule|Illusion Level Mod: Illusion disguises the Pok\u00e9mon's true level\n|\n|t:|1733853766\n|start\n|switch|p1a: Gastrodon|Gastrodon, L86, F|331/331\n|switch|p2a: Decidueye|Decidueye-Hisui, L87, F|295/295\n|turn|1\n|inactive|Battle timer is ON: inactive players will automatically lose when time's up. (requested by my2ndtimeplaying)\n|\n|t:|1733853789\n|switch|p2a: Luxray|Luxray, L88, M|284/284\n|-ability|p2a: Luxray|Intimidate|boost\n|-unboost|p1a: Gastrodon|atk|1\n|switch|p1a: Articuno|Articuno, L86|295/295\n|-ability|p1a: Articuno|Pressure\n|\n|upkeep\n|turn|2\n|\n|t:|1733853804\n|switch|p1a: Gastrodon|Gastrodon, L86, F|331/331\n|move|p2a: Luxray|Volt Switch|p1a: Gastrodon\n|-immune|p1a: Gastrodon\n|\n|upkeep\n|turn|3\n|\n|t:|1733853814\n|switch|p2a: Toedscruel|Toedscruel, L87, M|281/281\n|move|p1a: Gastrodon|Sludge Bomb|p2a: Toedscruel\n|-damage|p2a: Toedscruel|235/281\n|-status|p2a: Toedscruel|psn\n|\n|-heal|p2a: Toedscruel|252/281 psn|[from] item: Leftovers\n|-damage|p2a: Toedscruel|217/281 psn|[from] psn\n|upkeep\n|turn|4\n|\n|t:|1733853825\n|switch|p1a: Articuno|Articuno, L86|295/295\n|-ability|p1a: Articuno|Pressure\n|move|p2a: Toedscruel|Spore|p1a: Articuno\n|-status|p1a: Articuno|slp|[from] move: Spore\n|\n|-heal|p2a: Toedscruel|234/281 psn|[from] item: Leftovers\n|-damage|p2a: Toedscruel|199/281 psn|[from] psn\n|upkeep\n|turn|5\n|\n|t:|1733853837\n|switch|p2a: Arcanine|Arcanine-Hisui, L80, M|283/283\n|switch|p1a: Ceruledge|Ceruledge, L78, M|245/245\n|\n|upkeep\n|turn|6\n|\n|t:|1733853847\n|switch|p1a: Gastrodon|Gastrodon, L86, F|331/331\n|move|p2a: Arcanine|Head Smash|p1a: Gastrodon|[miss]\n|-miss|p2a: Arcanine|p1a: Gastrodon\n|\n|upkeep\n|turn|7\n|\n|t:|1733853854\n|switch|p2a: Decidueye|Decidueye-Hisui, L87, F|295/295\n|move|p1a: Gastrodon|Earthquake|p2a: Decidueye\n|-resisted|p2a: Decidueye\n|-damage|p2a: Decidueye|241/295\n|\n|-heal|p2a: Decidueye|259/295|[from] item: Leftovers\n|upkeep\n|turn|8\n|\n|t:|1733853863\n|switch|p1a: Ceruledge|Ceruledge, L78, M|245/245\n|move|p2a: Decidueye|Leaf Blade|p1a: Ceruledge\n|-resisted|p1a: Ceruledge\n|-damage|p1a: Ceruledge|181/245\n|-ability|p1a: Ceruledge|Weak Armor|boost\n|-unboost|p1a: Ceruledge|def|1\n|-boost|p1a: Ceruledge|spe|2\n|\n|-heal|p2a: Decidueye|277/295|[from] item: Leftovers\n|upkeep\n|turn|9\n|\n|t:|1733853880\n|move|p1a: Ceruledge|Bitter Blade|p2a: Decidueye\n|-supereffective|p2a: Decidueye\n|-damage|p2a: Decidueye|59/295\n|-heal|p1a: Ceruledge|245/245|[from] drain|[of] p2a: Decidueye\n|move|p2a: Decidueye|Triple Arrows|p1a: Ceruledge\n|-damage|p1a: Ceruledge|46/245\n|-ability|p1a: Ceruledge|Weak Armor|boost\n|-unboost|p1a: Ceruledge|def|1\n|-boost|p1a: Ceruledge|spe|2\n|\n|-heal|p2a: Decidueye|77/295|[from] item: Leftovers\n|upkeep\n|turn|10\n|\n|t:|1733853892\n|move|p2a: Decidueye|Sucker Punch|p1a: Ceruledge\n|-supereffective|p1a: Ceruledge\n|-damage|p1a: Ceruledge|0 fnt\n|faint|p1a: Ceruledge\n|\n|-heal|p2a: Decidueye|95/295|[from] item: Leftovers\n|upkeep\n|\n|t:|1733853899\n|switch|p1a: Persian|Persian, L92, M|269/269\n|turn|11\n|\n|t:|1733853905\n|switch|p2a: Toedscruel|Toedscruel, L87, M|199/281 psn\n|move|p1a: Persian|Fake Out|p2a: Toedscruel\n|-damage|p2a: Toedscruel|117/281 psn\n|\n|-heal|p2a: Toedscruel|134/281 psn|[from] item: Leftovers\n|-damage|p2a: Toedscruel|99/281 psn|[from] psn\n|upkeep\n|turn|12\n|\n|t:|1733853916\n|switch|p2a: Luxray|Luxray, L88, M|284/284\n|-ability|p2a: Luxray|Intimidate|boost\n|-unboost|p1a: Persian|atk|1\n|move|p1a: Persian|U-turn|p2a: Luxray\n|-damage|p2a: Luxray|249/284\n|\n|t:|1733853921\n|switch|p1a: Gastrodon|Gastrodon, L86, F|331/331|[from] U-turn\n|\n|upkeep\n|turn|13\n|\n|t:|1733853930\n|switch|p2a: Toedscruel|Toedscruel, L87, M|99/281 psn\n|move|p1a: Gastrodon|Stealth Rock|p2a: Toedscruel\n|-sidestart|p2: my2ndtimeplaying|move: Stealth Rock\n|\n|-heal|p2a: Toedscruel|116/281 psn|[from] item: Leftovers\n|-damage|p2a: Toedscruel|81/281 psn|[from] psn\n|upkeep\n|turn|14\n|\n|t:|1733853942\n|switch|p1a: Articuno|Articuno, L86|295/295 slp\n|-ability|p1a: Articuno|Pressure\n|move|p2a: Toedscruel|Rapid Spin|p1a: Articuno\n|-damage|p1a: Articuno|266/295 slp\n|-boost|p2a: Toedscruel|spe|1\n|-sideend|p2: my2ndtimeplaying|Stealth Rock|[from] move: Rapid Spin|[of] p2a: Toedscruel\n|\n|-heal|p2a: Toedscruel|98/281 psn|[from] item: Leftovers\n|-damage|p2a: Toedscruel|63/281 psn|[from] psn\n|upkeep\n|turn|15\n|\n|t:|1733853958\n|switch|p2a: Arcanine|Arcanine-Hisui, L80, M|283/283\n|cant|p1a: Articuno|slp\n|\n|upkeep\n|turn|16\n|\n|t:|1733853971\n|switch|p1a: Gastrodon|Gastrodon, L86, F|331/331\n|move|p2a: Arcanine|Flare Blitz|p1a: Gastrodon\n|-resisted|p1a: Gastrodon\n|-damage|p1a: Gastrodon|219/331\n|\n|-heal|p1a: Gastrodon|239/331|[from] item: Leftovers\n|upkeep\n|turn|17\n|\n|t:|1733853983\n|switch|p2a: Decidueye|Decidueye-Hisui, L87, F|95/295\n|move|p1a: Gastrodon|Sludge Bomb|p2a: Decidueye\n|-supereffective|p2a: Decidueye\n|-damage|p2a: Decidueye|0 fnt\n|faint|p2a: Decidueye\n|\n|-heal|p1a: Gastrodon|259/331|[from] item: Leftovers\n|upkeep\n|inactive|my2ndtimeplaying has 120 seconds left.\n|\n|t:|1733854017\n|switch|p2a: Toedscruel|Toedscruel, L87, M|63/281 psn\n|turn|18\n|\n|t:|1733854027\n|switch|p1a: Articuno|Articuno, L86|266/295 slp\n|-ability|p1a: Articuno|Pressure\n|move|p2a: Toedscruel|Leaf Storm|p1a: Articuno\n|-resisted|p1a: Articuno\n|-damage|p1a: Articuno|223/295 slp\n|-unboost|p2a: Toedscruel|spa|2\n|\n|-heal|p2a: Toedscruel|80/281 psn|[from] item: Leftovers\n|-damage|p2a: Toedscruel|45/281 psn|[from] psn\n|upkeep\n|turn|19\n|inactive|my2ndtimeplaying has 120 seconds left.\n|\n|t:|1733854040\n|switch|p2a: Arcanine|Arcanine-Hisui, L80, M|283/283\n|switch|p1a: Gastrodon|Gastrodon, L86, F|259/331\n|\n|-heal|p1a: Gastrodon|279/331|[from] item: Leftovers\n|upkeep\n|turn|20\n|inactive|my2ndtimeplaying has 120 seconds left.\n|\n|t:|1733854051\n|switch|p2a: Toedscruel|Toedscruel, L87, M|45/281 psn\n|move|p1a: Gastrodon|Earthquake|p2a: Toedscruel\n|-resisted|p2a: Toedscruel\n|-damage|p2a: Toedscruel|0 fnt\n|faint|p2a: Toedscruel\n|\n|-heal|p1a: Gastrodon|299/331|[from] item: Leftovers\n|upkeep\n|\n|t:|1733854078\n|switch|p2a: Zamazenta|Zamazenta-Crowned, L68|238/238\n|-ability|p2a: Zamazenta|Dauntless Shield|boost\n|-boost|p2a: Zamazenta|def|1\n|turn|21\n|\n|t:|1733854083\n|move|p2a: Zamazenta|Iron Defense|p2a: Zamazenta\n|-boost|p2a: Zamazenta|def|2\n|move|p1a: Gastrodon|Earthquake|p2a: Zamazenta\n|-supereffective|p2a: Zamazenta\n|-crit|p2a: Zamazenta\n|-damage|p2a: Zamazenta|0 fnt\n|faint|p2a: Zamazenta\n|\n|-heal|p1a: Gastrodon|319/331|[from] item: Leftovers\n|upkeep\n|c|\u2606my2ndtimeplaying|God\n|inactive|my2ndtimeplaying has 90 seconds left.\n|-message|my2ndtimeplaying forfeited.\n|\n|win|gobyygobgob\n|raw|gobyygobgob's rating: 1533 &rarr; <strong>1554</strong><br />(+21 for winning)\n|raw|my2ndtimeplaying's rating: 1552 &rarr; <strong>1531</strong><br />(-21 for losing)\n|l|\u2606my2ndtimeplaying\n|player|p2|\n|c|\u2606gobyygobgob|that crit absolutely mattered\n", "inputlog": ">version bfd83cad13791eb5a5a409923076391caf6fb4d4\n>start {\"formatid\":\"gen9randombattle\",\"seed\":[33099,49923,22422,13692],\"rated\":\"Rated battle\"}\n>player p1 {\"name\":\"gobyygobgob\",\"avatar\":\"266\",\"rating\":1533,\"seed\":[40355,9856,7187,33391]}\n>player p2 {\"name\":\"my2ndtimeplaying\",\"avatar\":\"ninjaboy\",\"rating\":1552,\"seed\":[21658,39910,47209,34896]}\n>p1 switch 2\n>p2 switch 3\n>p1 switch 2\n>p2 move voltswitch\n>p1 move sludgebomb\n>p2 switch 6\n>p1 switch 2\n>p2 move spore\n>p1 switch 6\n>p2 switch 4\n>p1 switch 2\n>p2 move headsmash\n>p1 move earthquake\n>p2 switch 3\n>p1 switch 2\n>p2 move leafblade\n>p1 move bitterblade\n>p2 move triplearrows\n>p1 move bitterblade\n>p2 move suckerpunch\n>p1 switch 4\n>p1 move fakeout\n>p2 switch 4\n>p1 move uturn\n>p2 switch 6\n>p1 switch 2\n>p1 move stealthrock\n>p2 switch 6\n>p1 switch 6\n>p2 move rapidspin\n>p1 move bravebird\n>p2 switch 3\n>p1 switch 6\n>p2 move flareblitz\n>p1 move sludgebomb\n>p2 switch 4\n>p2 switch 3\n>p1 switch 6\n>p2 move leafstorm\n>p1 switch 6\n>p2 switch 4\n>p1 move earthquake\n>p2 switch 4\n>p2 switch 2\n>p1 move earthquake\n>p2 move irondefense\n>chat \u2606my2ndtimeplaying|God\n>forcelose p2", "uploadtime": 1733854113, "views": 9, "formatid": "gen9randombattle", "rating": 1531, "private": 0, "password": null}