{"id": "gen9randombattle-2260538426", "format": "[Gen 9] Random Battle", "players": ["LaTonisha", "Streetpete"], "log": "|j|\u2606LaTonisha\n|j|\u2606Streetpete\n|t:|1733861370\n|gametype|singles\n|player|p1|LaTonisha|cynthia-gen4|1483\n|player|p2|Streetpete|169|1517\n|teamsize|p1|6\n|teamsize|p2|6\n|gen|9\n|tier|[Gen 9] Random Battle\n|rated|\n|rule|Species Clause: Limit one of each Pok\u00e9mon\n|rule|HP Percentage Mod: HP is shown in percentages\n|rule|Sleep Clause Mod: Limit one foe put to sleep\n|rule|Illusion Level Mod: Illusion disguises the Pok\u00e9mon's true level\n|\n|t:|1733861370\n|start\n|switch|p1a: Victreebel|Victreebel, L90, M|290/290\n|switch|p2a: Roaring Moon|Roaring Moon, L72|270/270\n|turn|1\n|inactive|Battle timer is ON: inactive players will automatically lose when time's up. (requested by Streetpete)\n|\n|t:|1733861386\n|switch|p1a: Hariyama|Hariyama, L87, F|392/392\n|move|p2a: Roaring Moon|Knock Off|p1a: Hariyama\n|-resisted|p1a: Hariyama\n|-damage|p1a: Hariyama|302/392\n|-enditem|p1a: Hariyama|Assault Vest|[from] move: Knock Off|[of] p2a: Roaring Moon\n|\n|upkeep\n|turn|2\n|\n|t:|1733861407\n|-end|p2a: Roaring Moon|Protosynthesis|[silent]\n|switch|p2a: Rotom|Rotom-Frost, L87|229/229\n|move|p1a: Hariyama|Knock Off|p2a: Rotom\n|-damage|p2a: Rotom|159/229\n|-enditem|p2a: Rotom|Heavy-Duty Boots|[from] move: Knock Off|[of] p1a: Hariyama\n|\n|upkeep\n|turn|3\n|\n|t:|1733861429\n|switch|p1a: Enamorus|Enamorus, L79, F|247/247\n|move|p2a: Rotom|Will-O-Wisp|p1a: Enamorus\n|-status|p1a: Enamorus|brn\n|\n|-damage|p1a: Enamorus|232/247 brn|[from] brn\n|upkeep\n|turn|4\n|\n|t:|1733861445\n|move|p1a: Enamorus|Mystical Fire|p2a: Rotom\n|-supereffective|p2a: Rotom\n|-damage|p2a: Rotom|61/229\n|-unboost|p2a: Rotom|spa|1\n|move|p2a: Rotom|Thunderbolt|p1a: Enamorus\n|-supereffective|p1a: Enamorus\n|-crit|p1a: Enamorus\n|-damage|p1a: Enamorus|0 fnt\n|faint|p1a: Enamorus\n|\n|upkeep\n|n|!LaTonisha|latonisha\n|inactive|LaTonisha has 120 seconds left.\n|inactive|LaTonisha has 90 seconds left.\n|\n|t:|1733861492\n|switch|p1a: Kyogre|Kyogre, L71|259/259\n|-weather|RainDance|[from] ability: Drizzle|[of] p1a: Kyogre\n|turn|5\n|\n|t:|1733861502\n|move|p1a: Kyogre|Water Spout|p2a: Rotom\n|-damage|p2a: Rotom|0 fnt\n|faint|p2a: Rotom\n|\n|-weather|RainDance|[upkeep]\n|upkeep\n|inactive|Streetpete has 120 seconds left.\n|\n|t:|1733861524\n|switch|p2a: Zebstrika|Zebstrika, L87, F|272/272\n|turn|6\n|\n|t:|1733861529\n|-terastallize|p1a: Kyogre|Water\n|move|p1a: Kyogre|Water Spout|p2a: Zebstrika\n|-damage|p2a: Zebstrika|0 fnt\n|faint|p2a: Zebstrika\n|\n|-weather|RainDance|[upkeep]\n|upkeep\n|inactive|Streetpete has 120 seconds left.\n|\n|t:|1733861548\n|switch|p2a: Greninja|Greninja, L80, M|246/246\n|turn|7\n|\n|t:|1733861557\n|move|p1a: Kyogre|Water Spout|p2a: Greninja\n|-resisted|p2a: Greninja\n|-damage|p2a: Greninja|61/246\n|move|p2a: Greninja|Dark Pulse|p1a: Kyogre\n|-damage|p1a: Kyogre|164/259\n|-damage|p2a: Greninja|37/246|[from] item: Life Orb\n|\n|-weather|RainDance|[upkeep]\n|upkeep\n|turn|8\n|inactive|LaTonisha has 120 seconds left.\n|\n|t:|1733861569\n|move|p1a: Kyogre|Water Spout|p2a: Greninja\n|-resisted|p2a: Greninja\n|-damage|p2a: Greninja|0 fnt\n|faint|p2a: Greninja\n|\n|-weather|RainDance|[upkeep]\n|upkeep\n|inactive|Streetpete has 120 seconds left.\n|\n|t:|1733861584\n|switch|p2a: Ribombee|Ribombee, L82, M|233/233\n|turn|9\n|inactive|Streetpete has 120 seconds left.\n|\n|t:|1733861592\n|switch|p1a: Victreebel|Victreebel, L90, M|290/290\n|move|p2a: Ribombee|Moonblast|p1a: Victreebel\n|-resisted|p1a: Victreebel\n|-damage|p1a: Victreebel|240/290\n|\n|-weather|none\n|upkeep\n|turn|10\n|inactive|Streetpete has 120 seconds left.\n|\n|t:|1733861612\n|switch|p2a: Roaring Moon|Roaring Moon, L72|270/270\n|move|p1a: Victreebel|Sunny Day|p1a: Victreebel\n|-weather|SunnyDay\n|-activate|p2a: Roaring Moon|ability: Protosynthesis\n|-start|p2a: Roaring Moon|protosynthesisatk\n|\n|-weather|SunnyDay|[upkeep]\n|upkeep\n|turn|11\n|\n|t:|1733861626\n|move|p1a: Victreebel|Sludge Wave|p2a: Roaring Moon\n|-damage|p2a: Roaring Moon|102/270\n|-damage|p1a: Victreebel|211/290|[from] item: Life Orb\n|move|p2a: Roaring Moon|Outrage|p1a: Victreebel\n|-damage|p1a: Victreebel|0 fnt\n|faint|p1a: Victreebel\n|\n|-weather|SunnyDay|[upkeep]\n|upkeep\n|\n|t:|1733861641\n|switch|p1a: Kyogre|Kyogre, L71, tera:Water|164/259\n|-weather|RainDance|[from] ability: Drizzle|[of] p1a: Kyogre\n|-end|p2a: Roaring Moon|Protosynthesis\n|turn|12\n|inactive|Streetpete has 120 seconds left.\n|\n|t:|1733861649\n|move|p1a: Kyogre|Ice Beam|p2a: Roaring Moon\n|-supereffective|p2a: Roaring Moon\n|-damage|p2a: Roaring Moon|0 fnt\n|faint|p2a: Roaring Moon\n|-end|p2a: Roaring Moon|Protosynthesis|[silent]\n|\n|-weather|RainDance|[upkeep]\n|upkeep\n|inactive|Streetpete has 120 seconds left.\n|\n|t:|1733861657\n|switch|p2a: Ribombee|Ribombee, L82, M|233/233\n|turn|13\n|\n|t:|1733861670\n|switch|p1a: Hariyama|Hariyama, L87, F|302/392\n|move|p2a: Ribombee|Moonblast|p1a: Hariyama\n|-supereffective|p1a: Hariyama\n|-damage|p1a: Hariyama|44/392\n|\n|-weather|RainDance|[upkeep]\n|upkeep\n|turn|14\n|\n|t:|1733861680\n|move|p2a: Ribombee|Quiver Dance|p2a: Ribombee\n|-boost|p2a: Ribombee|spa|1\n|-boost|p2a: Ribombee|spd|1\n|-boost|p2a: Ribombee|spe|1\n|move|p1a: Hariyama|Heavy Slam|p2a: Ribombee\n|-supereffective|p2a: Ribombee\n|-damage|p2a: Ribombee|0 fnt\n|faint|p2a: Ribombee\n|\n|-weather|RainDance|[upkeep]\n|upkeep\n|\n|t:|1733861688\n|switch|p2a: Gouging Fire|Gouging Fire, L74|277/277\n|turn|15\n|\n|t:|1733861699\n|switch|p1a: Kyogre|Kyogre, L71, tera:Water|164/259\n|move|p2a: Gouging Fire|Dragon Dance|p2a: Gouging Fire\n|-boost|p2a: Gouging Fire|atk|1\n|-boost|p2a: Gouging Fire|spe|1\n|\n|-weather|RainDance|[upkeep]\n|upkeep\n|turn|16\n|\n|t:|1733861711\n|-terastallize|p2a: Gouging Fire|Fairy\n|move|p2a: Gouging Fire|Dragon Dance|p2a: Gouging Fire\n|-boost|p2a: Gouging Fire|atk|1\n|-boost|p2a: Gouging Fire|spe|1\n|move|p1a: Kyogre|Origin Pulse|p2a: Gouging Fire\n|-crit|p2a: Gouging Fire\n|-damage|p2a: Gouging Fire|0 fnt\n|faint|p2a: Gouging Fire\n|-end|p2a: Gouging Fire|Protosynthesis|[silent]\n|\n|win|LaTonisha\n", "inputlog": ">version bfd83cad13791eb5a5a409923076391caf6fb4d4\n>start {\"formatid\":\"gen9randombattle\",\"seed\":[42154,33724,19592,8257],\"rated\":\"Rated battle\"}\n>player p1 {\"name\":\"LaTonisha\",\"avatar\":\"cynthia-gen4\",\"rating\":1483,\"seed\":[36530,31504,18454,11126]}\n>player p2 {\"name\":\"Streetpete\",\"avatar\":\"169\",\"rating\":1517,\"seed\":[9560,27427,53875,21748]}\n>p1 switch 2\n>p2 move knockoff\n>p1 move knockoff\n>p2 switch 4\n>p1 switch 5\n>p2 move willowisp\n>p1 move mysticalfire\n>p2 move thunderbolt\n>chat \u2606LaTonisha|fuck you\n>p1 switch 3\n>p1 move waterspout\n>p2 move voltswitch\n>p2 switch 5\n>p1 move waterspout terastallize\n>p2 move supercellslam\n>p2 switch 3\n>p1 move waterspout\n>p2 move darkpulse\n>p1 move waterspout\n>p2 move darkpulse\n>p2 switch 6\n>p1 switch 2\n>p2 move moonblast\n>p1 move sunnyday\n>p2 switch 4\n>p1 move sludgewave\n>p2 move outrage\n>p1 switch 2\n>p1 move icebeam\n>p2 move outrage\n>p2 switch 4\n>p1 switch 5\n>p2 move moonblast\n>p1 move heavyslam\n>p2 move quiverdance\n>p2 switch 2\n>p1 switch 5\n>p2 move dragondance\n>p1 move originpulse\n>p2 move dragondance terastallize", "uploadtime": 1733861460, "views": 1, "formatid": "gen9randombattle", "rating": null, "private": 0, "password": null}