{"id": "gen9randombattle-2260459950", "format": "[Gen 9] Random Battle", "players": ["EasyMoneySNPR", "YellowChaos"], "log": "|j|\u2606EasyMoneySNPR\n|j|\u2606YellowChaos\n|t:|1733853740\n|gametype|singles\n|player|p1|EasyMoneySNPR|170|1678\n|player|p2|YellowChaos|marlon|1633\n|teamsize|p1|6\n|teamsize|p2|6\n|gen|9\n|tier|[Gen 9] Random Battle\n|rated|\n|rule|Species Clause: Limit one of each Pok\u00e9mon\n|rule|HP Percentage Mod: HP is shown in percentages\n|rule|Sleep Clause Mod: Limit one foe put to sleep\n|rule|Illusion Level Mod: Illusion disguises the Pok\u00e9mon's true level\n|\n|t:|1733853740\n|start\n|switch|p1a: Weavile|Weavile, L79, F|240/240\n|switch|p2a: Cyclizar|Cyclizar, L83, M|252/252\n|turn|1\n|inactive|Battle timer is ON: inactive players will automatically lose when time's up. (requested by YellowChaos)\n|\n|t:|1733853756\n|move|p2a: Cyclizar|Shed Tail|p2a: Cyclizar\n|-start|p2a: Cyclizar|Substitute|[from] move: Shed Tail\n|-damage|p2a: Cyclizar|126/252\n|\n|t:|1733853770\n|switch|p2a: Rotom|Rotom-Frost, L87|229/229|[from] Shed Tail\n|move|p1a: Weavile|Triple Axel|p2a: Rotom\n|-resisted|p2a: Rotom\n|-activate|p2a: Rotom|move: Substitute|[damage]\n|-resisted|p2a: Rotom\n|-activate|p2a: Rotom|move: Substitute|[damage]\n|-resisted|p2a: Rotom\n|-activate|p2a: Rotom|move: Substitute|[damage]\n|-hitcount|p2a: Rotom|3\n|\n|upkeep\n|turn|2\n|\n|t:|1733853796\n|switch|p1a: Charizard|Charizard, L85, M|271/271\n|move|p2a: Rotom|Will-O-Wisp|p1a: Charizard\n|-immune|p1a: Charizard\n|\n|upkeep\n|turn|3\n|\n|t:|1733853804\n|move|p1a: Charizard|Flamethrower|p2a: Rotom\n|-supereffective|p2a: Rotom\n|-end|p2a: Rotom|Substitute\n|move|p2a: Rotom|Thunderbolt|p1a: Charizard\n|-supereffective|p1a: Charizard\n|-damage|p1a: Charizard|59/271\n|\n|upkeep\n|turn|4\n|\n|t:|1733853814\n|switch|p2a: Cyclizar|Cyclizar, L83, M|210/252\n|move|p1a: Charizard|Focus Blast|p2a: Cyclizar|[miss]\n|-miss|p1a: Charizard|p2a: Cyclizar\n|\n|upkeep\n|turn|5\n|c|\u2606EasyMoneySNPR|:(\n|\n|t:|1733853829\n|move|p2a: Cyclizar|Draco Meteor|p1a: Charizard\n|-damage|p1a: Charizard|0 fnt\n|-unboost|p2a: Cyclizar|spa|2\n|faint|p1a: Charizard\n|\n|upkeep\n|\n|t:|1733853843\n|switch|p1a: Weavile|Weavile, L79, F|240/240\n|turn|6\n|\n|t:|1733853847\n|move|p2a: Cyclizar|Shed Tail|p2a: Cyclizar\n|-start|p2a: Cyclizar|Substitute|[from] move: Shed Tail\n|-damage|p2a: Cyclizar|84/252\n|\n|t:|1733853852\n|switch|p2a: Lokix|Lokix, L82, M|251/251|[from] Shed Tail\n|move|p1a: Weavile|Knock Off|p2a: Lokix\n|-resisted|p2a: Lokix\n|-end|p2a: Lokix|Substitute\n|\n|upkeep\n|turn|7\n|\n|t:|1733853861\n|switch|p1a: Stonjourner|Stonjourner, L91, F|330/330\n|move|p2a: Lokix|First Impression|p1a: Stonjourner\n|-damage|p1a: Stonjourner|261/330\n|\n|upkeep\n|turn|8\n|\n|t:|1733853871\n|move|p2a: Lokix|U-turn|p1a: Stonjourner\n|-damage|p1a: Stonjourner|200/330\n|\n|t:|1733853883\n|switch|p2a: Cyclizar|Cyclizar, L83, M|168/252|[from] U-turn\n|move|p1a: Stonjourner|Stone Edge|p2a: Cyclizar\n|-damage|p2a: Cyclizar|0 fnt\n|faint|p2a: Cyclizar\n|-damage|p1a: Stonjourner|167/330|[from] item: Life Orb\n|\n|upkeep\n|\n|t:|1733853894\n|switch|p2a: Rotom|Rotom-Frost, L87|229/229\n|turn|9\n|\n|t:|1733853905\n|move|p2a: Rotom|Volt Switch|p1a: Stonjourner\n|-damage|p1a: Stonjourner|0 fnt\n|faint|p1a: Stonjourner\n|\n|t:|1733853909\n|switch|p2a: Lokix|Lokix, L82, M|251/251|[from] Volt Switch\n|\n|upkeep\n|\n|t:|1733853923\n|switch|p1a: Oricorio|Oricorio-Pom-Pom, L82, F|257/257\n|turn|10\n|\n|t:|1733853947\n|switch|p2a: Rotom|Rotom-Frost, L87|229/229\n|move|p1a: Oricorio|Hurricane|p2a: Rotom|[miss]\n|-miss|p1a: Oricorio|p2a: Rotom\n|\n|upkeep\n|turn|11\n|inactive|EasyMoneySNPR has 120 seconds left.\n|\n|t:|1733853992\n|switch|p1a: Weavile|Weavile, L79, F|240/240\n|move|p2a: Rotom|Blizzard|p1a: Weavile|[miss]\n|-miss|p2a: Rotom|p1a: Weavile\n|\n|upkeep\n|turn|12\n|\n|t:|1733853999\n|move|p1a: Weavile|Knock Off|p2a: Rotom\n|-damage|p2a: Rotom|133/229\n|-enditem|p2a: Rotom|Heavy-Duty Boots|[from] move: Knock Off|[of] p1a: Weavile\n|move|p2a: Rotom|Will-O-Wisp|p1a: Weavile|[miss]\n|-miss|p2a: Rotom|p1a: Weavile\n|\n|upkeep\n|turn|13\n|inactive|EasyMoneySNPR has 120 seconds left.\n|\n|t:|1733854012\n|switch|p1a: Calyrex|Calyrex, L93|337/337\n|-ability|p1a: Calyrex|Unnerve\n|move|p2a: Rotom|Will-O-Wisp|p1a: Calyrex|[miss]\n|-miss|p2a: Rotom|p1a: Calyrex\n|\n|upkeep\n|turn|14\n|inactive|EasyMoneySNPR has 120 seconds left.\n|\n|t:|1733854022\n|move|p1a: Calyrex|Body Press|p2a: Rotom\n|-supereffective|p2a: Rotom\n|-damage|p2a: Rotom|23/229\n|move|p2a: Rotom|Blizzard|p1a: Calyrex|[miss]\n|-miss|p2a: Rotom|p1a: Calyrex\n|\n|upkeep\n|turn|15\n|c|\u2606EasyMoneySNPR|ok damn\n|inactive|EasyMoneySNPR has 120 seconds left.\n|\n|t:|1733854033\n|move|p1a: Calyrex|Body Press|p2a: Rotom\n|-supereffective|p2a: Rotom\n|-damage|p2a: Rotom|0 fnt\n|faint|p2a: Rotom\n|\n|upkeep\n|\n|t:|1733854040\n|switch|p2a: Lokix|Lokix, L82, M|251/251\n|turn|16\n|\n|t:|1733854046\n|-terastallize|p1a: Calyrex|Fighting\n|move|p1a: Calyrex|Body Press|p2a: Lokix\n|-damage|p2a: Lokix|148/251\n|move|p2a: Lokix|U-turn|p1a: Calyrex\n|-resisted|p1a: Calyrex\n|-damage|p1a: Calyrex|253/337\n|\n|t:|1733854053\n|switch|p2a: Slowking|Slowking-Galar, L85, M|300/300|[from] U-turn\n|\n|-heal|p1a: Calyrex|274/337|[from] item: Leftovers\n|upkeep\n|turn|17\n|\n|t:|1733854062\n|switch|p1a: Cyclizar|Cyclizar, L83, M|252/252\n|move|p2a: Slowking|Future Sight|p1a: Cyclizar\n|-start|p2a: Slowking|move: Future Sight\n|\n|upkeep\n|turn|18\n|\n|t:|1733854073\n|move|p1a: Cyclizar|Shed Tail|p1a: Cyclizar\n|-start|p1a: Cyclizar|Substitute|[from] move: Shed Tail\n|-damage|p1a: Cyclizar|126/252\n|\n|t:|1733854076\n|switch|p1a: Weavile|Weavile, L79, F|240/240|[from] Shed Tail\n|move|p2a: Slowking|Sludge Bomb|p1a: Weavile\n|-end|p1a: Weavile|Substitute\n|\n|upkeep\n|turn|19\n|inactive|EasyMoneySNPR has 120 seconds left.\n|\n|t:|1733854125\n|-terastallize|p2a: Slowking|Poison\n|move|p1a: Weavile|Knock Off|p2a: Slowking\n|-damage|p2a: Slowking|183/300\n|-enditem|p2a: Slowking|Assault Vest|[from] move: Knock Off|[of] p1a: Weavile\n|move|p2a: Slowking|Sludge Bomb|p1a: Weavile\n|-damage|p1a: Weavile|80/240\n|\n|-end|p1a: Weavile|move: Future Sight\n|-immune|p1a: Weavile\n|upkeep\n|turn|20\n|\n|t:|1733854137\n|move|p1a: Weavile|Triple Axel|p2a: Slowking\n|-damage|p2a: Slowking|159/300\n|-damage|p2a: Slowking|113/300\n|-damage|p2a: Slowking|46/300\n|-hitcount|p2a: Slowking|3\n|move|p2a: Slowking|Sludge Bomb|p1a: Weavile\n|-damage|p1a: Weavile|0 fnt\n|faint|p1a: Weavile\n|\n|upkeep\n|inactive|EasyMoneySNPR has 90 seconds left.\n|\n|t:|1733854157\n|switch|p1a: Oricorio|Oricorio-Pom-Pom, L82, F|257/257\n|turn|21\n|\n|t:|1733854163\n|switch|p2a: Quagsire|Quagsire, L84, M|297/297\n|move|p1a: Oricorio|Quiver Dance|p1a: Oricorio\n|-boost|p1a: Oricorio|spa|1\n|-boost|p1a: Oricorio|spd|1\n|-boost|p1a: Oricorio|spe|1\n|\n|upkeep\n|turn|22\n|\n|t:|1733854171\n|move|p1a: Oricorio|Hurricane|p2a: Quagsire\n|-damage|p2a: Quagsire|156/297\n|-start|p2a: Quagsire|confusion\n|-activate|p2a: Quagsire|confusion\n|move|p2a: Quagsire|Spikes|p1a: Oricorio\n|-sidestart|p1: EasyMoneySNPR|Spikes\n|\n|-heal|p2a: Quagsire|174/297|[from] item: Leftovers\n|upkeep\n|turn|23\n|\n|t:|1733854187\n|move|p1a: Oricorio|Hurricane|p2a: Quagsire\n|-damage|p2a: Quagsire|42/297\n|-activate|p2a: Quagsire|confusion\n|move|p2a: Quagsire|Recover|p2a: Quagsire\n|-heal|p2a: Quagsire|191/297\n|\n|-heal|p2a: Quagsire|209/297|[from] item: Leftovers\n|upkeep\n|turn|24\n|\n|t:|1733854198\n|switch|p1a: Cyclizar|Cyclizar, L83, M|210/252\n|-activate|p2a: Quagsire|confusion\n|move|p2a: Quagsire|Recover|p2a: Quagsire\n|-heal|p2a: Quagsire|297/297\n|\n|upkeep\n|turn|25\n|\n|t:|1733854207\n|switch|p2a: Slowking|Slowking-Galar, L85, M, tera:Poison|146/300\n|move|p1a: Cyclizar|Knock Off|p2a: Slowking\n|-damage|p2a: Slowking|102/300\n|\n|upkeep\n|turn|26\n|\n|t:|1733854221\n|move|p1a: Cyclizar|Rapid Spin|p2a: Slowking\n|-damage|p2a: Slowking|48/300\n|-boost|p1a: Cyclizar|spe|1\n|-sideend|p1: EasyMoneySNPR|Spikes|[from] move: Rapid Spin|[of] p1a: Cyclizar\n|move|p2a: Slowking|Future Sight|p1a: Cyclizar\n|-start|p2a: Slowking|move: Future Sight\n|\n|upkeep\n|turn|27\n|\n|t:|1733854246\n|switch|p2a: Lokix|Lokix, L82, M|148/251\n|move|p1a: Cyclizar|Shed Tail|p1a: Cyclizar\n|-start|p1a: Cyclizar|Substitute|[from] move: Shed Tail\n|-damage|p1a: Cyclizar|84/252\n|\n|t:|1733854253\n|switch|p1a: Calyrex|Calyrex, L93, tera:Fighting|274/337|[from] Shed Tail\n|-ability|p1a: Calyrex|Unnerve\n|\n|-heal|p1a: Calyrex|295/337|[from] item: Leftovers\n|upkeep\n|turn|28\n|\n|t:|1733854266\n|move|p2a: Lokix|First Impression|p1a: Calyrex\n|-resisted|p1a: Calyrex\n|-end|p1a: Calyrex|Substitute\n|move|p1a: Calyrex|Body Press|p2a: Lokix\n|-damage|p2a: Lokix|51/251\n|\n|-end|p1a: Calyrex|move: Future Sight\n|-supereffective|p1a: Calyrex\n|-damage|p1a: Calyrex|23/337\n|-heal|p1a: Calyrex|44/337|[from] item: Leftovers\n|upkeep\n|turn|29\n|\n|t:|1733854276\n|move|p2a: Lokix|Sucker Punch||[still]\n|-fail|p2a: Lokix\n|move|p1a: Calyrex|Encore|p2a: Lokix\n|-start|p2a: Lokix|Encore\n|\n|-heal|p1a: Calyrex|65/337|[from] item: Leftovers\n|upkeep\n|turn|30\n|\n|t:|1733854287\n|switch|p1a: Cyclizar|Cyclizar, L83, M|168/252\n|switch|p2a: Slowking|Slowking-Galar, L85, M, tera:Poison|148/300\n|\n|upkeep\n|turn|31\n|\n|t:|1733854301\n|move|p1a: Cyclizar|Shed Tail|p1a: Cyclizar\n|-start|p1a: Cyclizar|Substitute|[from] move: Shed Tail\n|-damage|p1a: Cyclizar|42/252\n|\n|t:|1733854306\n|switch|p1a: Calyrex|Calyrex, L93, tera:Fighting|65/337|[from] Shed Tail\n|-ability|p1a: Calyrex|Unnerve\n|move|p2a: Slowking|Future Sight|p1a: Calyrex\n|-start|p2a: Slowking|move: Future Sight\n|\n|-heal|p1a: Calyrex|86/337|[from] item: Leftovers\n|upkeep\n|turn|32\n|\n|t:|1733854314\n|switch|p2a: Lokix|Lokix, L82, M|51/251\n|move|p1a: Calyrex|Psychic|p2a: Lokix\n|-immune|p2a: Lokix\n|\n|-heal|p1a: Calyrex|107/337|[from] item: Leftovers\n|upkeep\n|turn|33\n|inactive|EasyMoneySNPR has 120 seconds left.\n|\n|t:|1733854330\n|move|p2a: Lokix|First Impression|p1a: Calyrex\n|-resisted|p1a: Calyrex\n|-end|p1a: Calyrex|Substitute\n|move|p1a: Calyrex|Body Press|p2a: Lokix\n|-damage|p2a: Lokix|0 fnt\n|faint|p2a: Lokix\n|\n|-end|p1a: Calyrex|move: Future Sight\n|-supereffective|p1a: Calyrex\n|-damage|p1a: Calyrex|0 fnt\n|faint|p1a: Calyrex\n|upkeep\n|\n|t:|1733854345\n|switch|p1a: Oricorio|Oricorio-Pom-Pom, L82, F|257/257\n|switch|p2a: Glaceon|Glaceon, L94, F|275/275\n|turn|34\n|\n|t:|1733854350\n|move|p1a: Oricorio|Hurricane|p2a: Glaceon\n|-damage|p2a: Glaceon|187/275\n|-start|p2a: Glaceon|confusion\n|-activate|p2a: Glaceon|confusion\n|move|p2a: Glaceon|Freeze-Dry|p1a: Oricorio\n|-supereffective|p1a: Oricorio\n|-damage|p1a: Oricorio|0 fnt\n|faint|p1a: Oricorio\n|\n|upkeep\n|-message|EasyMoneySNPR forfeited.\n|\n|win|YellowChaos\n|raw|EasyMoneySNPR's rating: 1678 &rarr; <strong>1655</strong><br />(-23 for losing)\n|raw|YellowChaos's rating: 1633 &rarr; <strong>1656</strong><br />(+23 for winning)\n|l|\u2606EasyMoneySNPR\n|player|p1|\n", "inputlog": ">version bfd83cad13791eb5a5a409923076391caf6fb4d4\n>start {\"formatid\":\"gen9randombattle\",\"seed\":[54258,5060,13538,62179],\"rated\":\"Rated battle\"}\n>player p1 {\"name\":\"EasyMoneySNPR\",\"avatar\":\"170\",\"rating\":1678,\"seed\":[18691,14455,35903,40206]}\n>player p2 {\"name\":\"YellowChaos\",\"avatar\":\"marlon\",\"rating\":1633,\"seed\":[38811,33561,15023,43946]}\n>p1 move tripleaxel\n>p2 move shedtail\n>p2 switch 2\n>p1 switch 4\n>p2 move willowisp\n>p1 move flamethrower\n>p2 move thunderbolt\n>p1 move focusblast\n>p2 switch 2\n>chat \u2606EasyMoneySNPR|:(\n>p1 move flamethrower\n>p2 move dracometeor\n>p1 switch 4\n>p1 move knockoff\n>p2 move shedtail\n>p2 switch 4\n>p1 switch 2\n>p2 move firstimpression\n>p1 move stoneedge\n>p2 move uturn\n>p2 switch 4\n>p2 switch 2\n>p1 move heatcrash\n>p2 move voltswitch\n>p2 switch 4\n>p1 switch 5\n>p1 move hurricane\n>p2 switch 4\n>p1 switch 2\n>p2 move blizzard\n>p1 move knockoff\n>p2 move willowisp\n>p1 switch 6\n>p2 move willowisp\n>p1 move bodypress\n>p2 move blizzard\n>chat \u2606EasyMoneySNPR|ok damn\n>p1 move bodypress\n>p2 move blizzard\n>p2 switch 4\n>p1 move bodypress terastallize\n>p2 move uturn\n>p2 switch 6\n>p1 switch 3\n>p2 move futuresight\n>p1 move shedtail\n>p2 move sludgebomb\n>p1 switch 6\n>p1 move knockoff\n>p2 move sludgebomb terastallize\n>p1 move tripleaxel\n>p2 move sludgebomb\n>p1 switch 2\n>p1 move quiverdance\n>p2 switch 5\n>p1 move hurricane\n>p2 move spikes\n>p1 move hurricane\n>p2 move recover\n>p1 switch 6\n>p2 move recover\n>p1 move knockoff\n>p2 switch 5\n>p1 move rapidspin\n>p2 move futuresight\n>p1 move shedtail\n>p2 switch 6\n>p1 switch 3\n>p1 move bodypress\n>p2 move firstimpression\n>p1 move encore\n>p2 move suckerpunch\n>p1 switch 3\n>p2 switch 6\n>p1 move shedtail\n>p2 move futuresight\n>p1 switch 3\n>p1 move psychic\n>p2 switch 6\n>p1 move bodypress\n>p2 move firstimpression\n>p1 switch 6\n>p2 switch 3\n>p1 move hurricane\n>p2 move freezedry\n>forcelose p1", "uploadtime": 1733854364, "views": 2, "formatid": "gen9randombattle", "rating": 1655, "private": 0, "password": null}