{"id": "gen9randombattle-2260385816", "format": "[Gen 9] Random Battle", "players": ["PhatimusPrime420", "Delta0199"], "log": "|j|\u2606PhatimusPrime420\n|j|\u2606Delta0199\n|t:|1733846476\n|gametype|singles\n|player|p1|PhatimusPrime420|elesa|1448\n|player|p2|Delta0199|266|1421\n|teamsize|p1|6\n|teamsize|p2|6\n|gen|9\n|tier|[Gen 9] Random Battle\n|rated|\n|rule|Species Clause: Limit one of each Pok\u00e9mon\n|rule|HP Percentage Mod: HP is shown in percentages\n|rule|Sleep Clause Mod: Limit one foe put to sleep\n|rule|Illusion Level Mod: Illusion disguises the Pok\u00e9mon's true level\n|\n|t:|1733846476\n|start\n|switch|p1a: Lokix|Lokix, L82, F|251/251\n|switch|p2a: Toedscruel|Toedscruel, L87, M|281/281\n|turn|1\n|inactive|Battle timer is ON: inactive players will automatically lose when time's up. (requested by PhatimusPrime420)\n|\n|t:|1733846490\n|switch|p2a: Lucario|Lucario, L84, F|255/255\n|move|p1a: Lokix|U-turn|p2a: Lucario\n|-resisted|p2a: Lucario\n|-damage|p2a: Lucario|203/255\n|\n|t:|1733846499\n|switch|p1a: Cinderace|Cinderace, L77, M|249/249|[from] U-turn\n|\n|upkeep\n|turn|2\n|\n|t:|1733846510\n|move|p1a: Cinderace|Gunk Shot|p2a: Lucario\n|-start|p1a: Cinderace|typechange|Poison|[from] ability: Libero\n|-immune|p2a: Lucario\n|move|p2a: Lucario|Nasty Plot|p2a: Lucario\n|-boost|p2a: Lucario|spa|2\n|\n|upkeep\n|turn|3\n|\n|t:|1733846518\n|move|p1a: Cinderace|Pyro Ball|p2a: Lucario\n|-supereffective|p2a: Lucario\n|-damage|p2a: Lucario|1/255\n|move|p2a: Lucario|Nasty Plot|p2a: Lucario\n|-boost|p2a: Lucario|spa|2\n|\n|upkeep\n|turn|4\n|\n|t:|1733846525\n|move|p2a: Lucario|Vacuum Wave|p1a: Cinderace\n|-resisted|p1a: Cinderace\n|-damage|p1a: Cinderace|127/249\n|-damage|p2a: Lucario|0 fnt|[from] item: Life Orb\n|faint|p2a: Lucario\n|move|p1a: Cinderace|Pyro Ball|p2: Lucario|[notarget]\n|-fail|p1a: Cinderace\n|\n|upkeep\n|c|\u2606Delta0199|Not choiced, got it\n|\n|t:|1733846536\n|switch|p2a: Toedscruel|Toedscruel, L87, M|281/281\n|turn|5\n|\n|t:|1733846546\n|switch|p1a: Lokix|Lokix, L82, F|251/251\n|move|p2a: Toedscruel|Rapid Spin|p1a: Lokix\n|-damage|p1a: Lokix|216/251\n|-boost|p2a: Toedscruel|spe|1\n|\n|upkeep\n|turn|6\n|\n|t:|1733846551\n|move|p1a: Lokix|First Impression|p2a: Toedscruel\n|-supereffective|p2a: Toedscruel\n|-damage|p2a: Toedscruel|0 fnt\n|faint|p2a: Toedscruel\n|\n|upkeep\n|\n|t:|1733846554\n|switch|p2a: Minior|Minior-Blue, L79|224/224\n|-formechange|p2a: Minior|Minior-Meteor||[from] ability: Shields Down\n|turn|7\n|\n|t:|1733846560\n|move|p1a: Lokix|Knock Off|p2a: Minior\n|-damage|p2a: Minior|118/224\n|-enditem|p2a: Minior|White Herb|[from] move: Knock Off|[of] p1a: Lokix\n|move|p2a: Minior|Shell Smash|p2a: Minior\n|-unboost|p2a: Minior|def|1\n|-unboost|p2a: Minior|spd|1\n|-boost|p2a: Minior|atk|2\n|-boost|p2a: Minior|spa|2\n|-boost|p2a: Minior|spe|2\n|\n|upkeep\n|turn|8\n|\n|t:|1733846579\n|move|p1a: Lokix|Sucker Punch|p2a: Minior\n|-damage|p2a: Minior|18/224\n|move|p2a: Minior|Acrobatics|p1a: Lokix\n|-supereffective|p1a: Lokix\n|-damage|p1a: Lokix|0 fnt\n|faint|p1a: Lokix\n|\n|-formechange|p2a: Minior|Minior-Blue||[from] ability: Shields Down\n|upkeep\n|inactive|PhatimusPrime420 has 120 seconds left.\n|\n|t:|1733846610\n|switch|p1a: Munkidori|Munkidori, L79, M|269/269\n|turn|9\n|\n|t:|1733846616\n|move|p2a: Minior|Earthquake|p1a: Munkidori\n|-supereffective|p1a: Munkidori\n|-damage|p1a: Munkidori|0 fnt\n|faint|p1a: Munkidori\n|\n|upkeep\n|\n|t:|1733846633\n|switch|p1a: Blaziken|Blaziken, L76, F|247/247\n|turn|10\n|\n|t:|1733846640\n|-terastallize|p1a: Blaziken|Dark\n|move|p2a: Minior|Acrobatics|p1a: Blaziken\n|-damage|p1a: Blaziken|0 fnt\n|faint|p1a: Blaziken\n|\n|upkeep\n|\n|t:|1733846643\n|switch|p1a: Blissey|Blissey, L84, F|566/566\n|turn|11\n|\n|t:|1733846648\n|move|p2a: Minior|Earthquake|p1a: Blissey\n|-damage|p1a: Blissey|180/566\n|move|p1a: Blissey|Seismic Toss|p2a: Minior\n|-damage|p2a: Minior|0 fnt\n|faint|p2a: Minior\n|\n|-heal|p1a: Blissey|215/566|[from] item: Leftovers\n|upkeep\n|\n|t:|1733846660\n|switch|p2a: Spectrier|Spectrier, L75|274/274\n|turn|12\n|\n|t:|1733846666\n|move|p2a: Spectrier|Nasty Plot|p2a: Spectrier\n|-boost|p2a: Spectrier|spa|2\n|move|p1a: Blissey|Soft-Boiled|p1a: Blissey\n|-heal|p1a: Blissey|498/566\n|\n|-heal|p1a: Blissey|533/566|[from] item: Leftovers\n|upkeep\n|turn|13\n|\n|t:|1733846676\n|move|p2a: Spectrier|Substitute|p2a: Spectrier\n|-start|p2a: Spectrier|Substitute\n|-damage|p2a: Spectrier|206/274\n|move|p1a: Blissey|Thunder Wave||[still]\n|-fail|p1a: Blissey\n|\n|-heal|p2a: Spectrier|223/274|[from] item: Leftovers\n|-heal|p1a: Blissey|566/566|[from] item: Leftovers\n|upkeep\n|turn|14\n|\n|t:|1733846694\n|move|p2a: Spectrier|Nasty Plot|p2a: Spectrier\n|-boost|p2a: Spectrier|spa|2\n|move|p1a: Blissey|Stealth Rock|p2a: Spectrier\n|-sidestart|p2: Delta0199|move: Stealth Rock\n|\n|-heal|p2a: Spectrier|240/274|[from] item: Leftovers\n|upkeep\n|turn|15\n|\n|t:|1733846701\n|move|p2a: Spectrier|Nasty Plot|p2a: Spectrier\n|-boost|p2a: Spectrier|spa|2\n|move|p1a: Blissey|Stealth Rock||[still]\n|-fail|p1a: Blissey\n|\n|-heal|p2a: Spectrier|257/274|[from] item: Leftovers\n|upkeep\n|turn|16\n|\n|t:|1733846707\n|move|p2a: Spectrier|Dark Pulse|p1a: Blissey\n|-damage|p1a: Blissey|400/566\n|move|p1a: Blissey|Soft-Boiled|p1a: Blissey\n|-heal|p1a: Blissey|566/566\n|\n|-heal|p2a: Spectrier|274/274|[from] item: Leftovers\n|upkeep\n|turn|17\n|\n|t:|1733846731\n|move|p2a: Spectrier|Dark Pulse|p1a: Blissey\n|-damage|p1a: Blissey|372/566\n|move|p1a: Blissey|Seismic Toss|p2a: Spectrier\n|-immune|p2a: Spectrier\n|\n|-heal|p1a: Blissey|407/566|[from] item: Leftovers\n|upkeep\n|turn|18\n|\n|t:|1733846738\n|move|p2a: Spectrier|Dark Pulse|p1a: Blissey\n|-damage|p1a: Blissey|239/566\n|move|p1a: Blissey|Thunder Wave|p2a: Spectrier|[miss]\n|-miss|p1a: Blissey|p2a: Spectrier\n|\n|-heal|p1a: Blissey|274/566|[from] item: Leftovers\n|upkeep\n|turn|19\n|\n|t:|1733846741\n|move|p2a: Spectrier|Dark Pulse|p1a: Blissey\n|-damage|p1a: Blissey|98/566\n|move|p1a: Blissey|Soft-Boiled|p1a: Blissey\n|-heal|p1a: Blissey|381/566\n|\n|-heal|p1a: Blissey|416/566|[from] item: Leftovers\n|upkeep\n|turn|20\n|\n|t:|1733846755\n|move|p2a: Spectrier|Dark Pulse|p1a: Blissey\n|-damage|p1a: Blissey|232/566\n|cant|p1a: Blissey|flinch\n|\n|-heal|p1a: Blissey|267/566|[from] item: Leftovers\n|upkeep\n|turn|21\n|\n|t:|1733846773\n|move|p2a: Spectrier|Dark Pulse|p1a: Blissey\n|-damage|p1a: Blissey|101/566\n|move|p1a: Blissey|Soft-Boiled|p1a: Blissey\n|-heal|p1a: Blissey|384/566\n|\n|-heal|p1a: Blissey|419/566|[from] item: Leftovers\n|upkeep\n|turn|22\n|\n|t:|1733846781\n|move|p2a: Spectrier|Dark Pulse|p1a: Blissey\n|-damage|p1a: Blissey|249/566\n|cant|p1a: Blissey|flinch\n|\n|-heal|p1a: Blissey|284/566|[from] item: Leftovers\n|upkeep\n|turn|23\n|\n|t:|1733846786\n|move|p2a: Spectrier|Dark Pulse|p1a: Blissey\n|-damage|p1a: Blissey|98/566\n|move|p1a: Blissey|Soft-Boiled|p1a: Blissey\n|-heal|p1a: Blissey|381/566\n|\n|-heal|p1a: Blissey|416/566|[from] item: Leftovers\n|upkeep\n|turn|24\n|\n|t:|1733846796\n|move|p2a: Spectrier|Dark Pulse|p1a: Blissey\n|-damage|p1a: Blissey|224/566\n|move|p1a: Blissey|Thunder Wave||[still]\n|-fail|p1a: Blissey\n|\n|-heal|p1a: Blissey|259/566|[from] item: Leftovers\n|upkeep\n|turn|25\n|\n|t:|1733846811\n|move|p2a: Spectrier|Dark Pulse|p1a: Blissey\n|-damage|p1a: Blissey|71/566\n|move|p1a: Blissey|Soft-Boiled|p1a: Blissey\n|-heal|p1a: Blissey|354/566\n|\n|-heal|p1a: Blissey|389/566|[from] item: Leftovers\n|upkeep\n|turn|26\n|\n|t:|1733846828\n|switch|p1a: Cinderace|Cinderace, L77, M|127/249\n|move|p2a: Spectrier|Dark Pulse|p1a: Cinderace\n|-damage|p1a: Cinderace|0 fnt\n|faint|p1a: Cinderace\n|\n|upkeep\n|\n|t:|1733846829\n|switch|p1a: Blissey|Blissey, L84, F|389/566\n|turn|27\n|\n|t:|1733846832\n|move|p2a: Spectrier|Shadow Ball|p1a: Blissey\n|-immune|p1a: Blissey\n|move|p1a: Blissey|Seismic Toss|p2a: Spectrier\n|-immune|p2a: Spectrier\n|\n|-heal|p1a: Blissey|424/566|[from] item: Leftovers\n|upkeep\n|turn|28\n|\n|t:|1733846836\n|move|p2a: Spectrier|Dark Pulse|p1a: Blissey\n|-damage|p1a: Blissey|236/566\n|move|p1a: Blissey|Seismic Toss|p2a: Spectrier\n|-immune|p2a: Spectrier\n|\n|-heal|p1a: Blissey|271/566|[from] item: Leftovers\n|upkeep\n|turn|29\n|\n|t:|1733846848\n|move|p2a: Spectrier|Dark Pulse|p1a: Blissey\n|-damage|p1a: Blissey|95/566\n|cant|p1a: Blissey|flinch\n|\n|-heal|p1a: Blissey|130/566|[from] item: Leftovers\n|upkeep\n|turn|30\n|\n|t:|1733846856\n|switch|p1a: Rayquaza|Rayquaza, L72|270/270\n|-ability|p1a: Rayquaza|Air Lock\n|move|p2a: Spectrier|Dark Pulse|p1a: Rayquaza\n|-damage|p1a: Rayquaza|0 fnt\n|faint|p1a: Rayquaza\n|\n|upkeep\n|\n|t:|1733846857\n|switch|p1a: Blissey|Blissey, L84, F|130/566\n|turn|31\n|-message|PhatimusPrime420 forfeited.\n|\n|win|Delta0199\n|raw|PhatimusPrime420's rating: 1448 &rarr; <strong>1426</strong><br />(-22 for losing)\n|raw|Delta0199's rating: 1421 &rarr; <strong>1443</strong><br />(+22 for winning)\n|l|\u2606PhatimusPrime420\n|player|p1|\n", "inputlog": ">version bfd83cad13791eb5a5a409923076391caf6fb4d4\n>start {\"formatid\":\"gen9randombattle\",\"seed\":[32351,33489,28860,63967],\"rated\":\"Rated battle\"}\n>player p1 {\"name\":\"PhatimusPrime420\",\"avatar\":\"elesa\",\"rating\":1448,\"seed\":[10033,10648,62929,61980]}\n>player p2 {\"name\":\"Delta0199\",\"avatar\":\"266\",\"rating\":1421,\"seed\":[62242,9340,28789,2088]}\n>p1 move uturn\n>p2 switch 2\n>p1 switch 2\n>p1 move gunkshot\n>p2 move nastyplot\n>p1 move pyroball\n>p2 move nastyplot\n>p1 move pyroball\n>p2 move vacuumwave\n>chat \u2606Delta0199|Not choiced, got it\n>p2 switch 2\n>p1 switch 2\n>p2 move rapidspin\n>p1 move firstimpression\n>p2 move knockoff\n>p2 switch 4\n>p1 move knockoff\n>p2 move shellsmash\n>p1 move suckerpunch\n>p2 move acrobatics\n>p1 switch 5\n>p1 move psyshock\n>p2 move earthquake\n>p1 switch 4\n>p1 move flareblitz terastallize\n>p2 move acrobatics\n>p1 switch 6\n>p1 move seismictoss\n>p2 move earthquake\n>p2 switch 6\n>p1 move softboiled\n>p2 move nastyplot\n>p1 move thunderwave\n>p2 move substitute\n>p1 move stealthrock\n>p2 move nastyplot\n>p1 move stealthrock\n>p2 move nastyplot\n>p1 move softboiled\n>p2 move darkpulse\n>p1 move seismictoss\n>p2 move darkpulse\n>p1 move thunderwave\n>p2 move darkpulse\n>p1 move softboiled\n>p2 move darkpulse\n>p1 move thunderwave\n>p2 move darkpulse\n>p1 move softboiled\n>p2 move darkpulse\n>p1 move thunderwave\n>p2 move darkpulse\n>p1 move softboiled\n>p2 move darkpulse\n>p1 move thunderwave\n>p2 move darkpulse\n>p1 move softboiled\n>p2 move darkpulse\n>p1 switch 2\n>p2 move darkpulse\n>p1 switch 2\n>p1 move seismictoss\n>p2 move shadowball\n>p1 move seismictoss\n>p2 move darkpulse\n>p1 move softboiled\n>p2 move darkpulse\n>p1 switch 3\n>p2 move darkpulse\n>p1 switch 3\n>forcelose p1", "uploadtime": 1733846871, "views": 3, "formatid": "gen9randombattle", "rating": 1426, "private": 0, "password": null}