{"id": "gen9randombattle-2260294518", "format": "[Gen 9] Random Battle", "players": ["Hytix", "CSomeoneH"], "log": "|j|\u2606Hytix\n|j|\u2606CSomeoneH\n|t:|1733836371\n|gametype|singles\n|player|p1|Hytix|ghetsis|1345\n|player|p2|CSomeoneH|roxanne|1327\n|teamsize|p1|6\n|teamsize|p2|6\n|gen|9\n|tier|[Gen 9] Random Battle\n|rated|\n|rule|Species Clause: Limit one of each Pok\u00e9mon\n|rule|HP Percentage Mod: HP is shown in percentages\n|rule|Sleep Clause Mod: Limit one foe put to sleep\n|rule|Illusion Level Mod: Illusion disguises the Pok\u00e9mon's true level\n|\n|t:|1733836371\n|start\n|switch|p1a: Clodsire|Clodsire, L81, M|343/343\n|switch|p2a: Muk|Muk-Alola, L82, M|306/306\n|turn|1\n|inactive|Battle timer is ON: inactive players will automatically lose when time's up. (requested by Hytix)\n|inactive|Hytix has 120 seconds left.\n|\n|t:|1733836409\n|move|p2a: Muk|Ice Punch|p1a: Clodsire\n|-supereffective|p1a: Clodsire\n|-damage|p1a: Clodsire|205/343\n|move|p1a: Clodsire|Curse|p1a: Clodsire\n|-unboost|p1a: Clodsire|spe|1\n|-boost|p1a: Clodsire|atk|1\n|-boost|p1a: Clodsire|def|1\n|\n|-heal|p1a: Clodsire|226/343|[from] item: Leftovers\n|upkeep\n|turn|2\n|\n|t:|1733836420\n|move|p2a: Muk|Knock Off|p1a: Clodsire\n|-damage|p1a: Clodsire|141/343\n|-enditem|p1a: Clodsire|Leftovers|[from] move: Knock Off|[of] p2a: Muk\n|move|p1a: Clodsire|Curse|p1a: Clodsire\n|-unboost|p1a: Clodsire|spe|1\n|-boost|p1a: Clodsire|atk|1\n|-boost|p1a: Clodsire|def|1\n|\n|upkeep\n|turn|3\n|\n|t:|1733836432\n|switch|p2a: Vikavolt|Vikavolt, L83, M|263/263\n|move|p1a: Clodsire|Recover|p1a: Clodsire\n|-heal|p1a: Clodsire|313/343\n|\n|upkeep\n|turn|4\n|\n|t:|1733836443\n|move|p2a: Vikavolt|Energy Ball|p1a: Clodsire\n|-damage|p1a: Clodsire|200/343\n|move|p1a: Clodsire|Earthquake|p2a: Vikavolt\n|-immune|p2a: Vikavolt|[from] ability: Levitate\n|\n|upkeep\n|turn|5\n|\n|t:|1733836451\n|move|p2a: Vikavolt|Energy Ball|p1a: Clodsire\n|-damage|p1a: Clodsire|82/343\n|move|p1a: Clodsire|Poison Jab|p2a: Vikavolt\n|-damage|p2a: Vikavolt|142/263\n|-status|p2a: Vikavolt|psn\n|\n|-damage|p2a: Vikavolt|110/263 psn|[from] psn\n|upkeep\n|turn|6\n|\n|t:|1733836459\n|move|p2a: Vikavolt|Energy Ball|p1a: Clodsire\n|-damage|p1a: Clodsire|0 fnt\n|faint|p1a: Clodsire\n|\n|-damage|p2a: Vikavolt|78/263 psn|[from] psn\n|upkeep\n|\n|t:|1733836488\n|switch|p1a: Umbreon|Umbreon, L84, M|297/297\n|turn|7\n|\n|t:|1733836493\n|move|p1a: Umbreon|Foul Play|p2a: Vikavolt\n|-damage|p2a: Vikavolt|21/263 psn\n|move|p2a: Vikavolt|Energy Ball|p1a: Umbreon\n|-damage|p1a: Umbreon|194/297\n|\n|-heal|p1a: Umbreon|212/297|[from] item: Leftovers\n|-damage|p2a: Vikavolt|0 fnt|[from] psn\n|faint|p2a: Vikavolt\n|upkeep\n|\n|t:|1733836498\n|switch|p2a: Smeargle|Smeargle, L95, F|258/258\n|turn|8\n|\n|t:|1733836515\n|move|p2a: Smeargle|Spore|p1a: Umbreon\n|-status|p1a: Umbreon|slp|[from] move: Spore\n|cant|p1a: Umbreon|slp\n|\n|-heal|p1a: Umbreon|230/297 slp|[from] item: Leftovers\n|upkeep\n|turn|9\n|\n|t:|1733836521\n|move|p2a: Smeargle|Stealth Rock|p1a: Umbreon\n|-sidestart|p1: Hytix|move: Stealth Rock\n|-curestatus|p1a: Umbreon|slp|[msg]\n|move|p1a: Umbreon|Toxic|p2a: Smeargle\n|-status|p2a: Smeargle|tox\n|\n|-heal|p1a: Umbreon|248/297|[from] item: Leftovers\n|-damage|p2a: Smeargle|242/258 tox|[from] psn\n|upkeep\n|turn|10\n|\n|t:|1733836528\n|move|p2a: Smeargle|Spore|p1a: Umbreon\n|-status|p1a: Umbreon|slp|[from] move: Spore\n|cant|p1a: Umbreon|slp\n|\n|-heal|p1a: Umbreon|266/297 slp|[from] item: Leftovers\n|-damage|p2a: Smeargle|210/258 tox|[from] psn\n|upkeep\n|turn|11\n|\n|t:|1733836534\n|move|p2a: Smeargle|Ceaseless Edge|p1a: Umbreon\n|-resisted|p1a: Umbreon\n|-damage|p1a: Umbreon|257/297 slp\n|-sidestart|p1: Hytix|Spikes\n|cant|p1a: Umbreon|slp\n|\n|-heal|p1a: Umbreon|275/297 slp|[from] item: Leftovers\n|-damage|p2a: Smeargle|162/258 tox|[from] psn\n|upkeep\n|turn|12\n|\n|t:|1733836538\n|move|p2a: Smeargle|Ceaseless Edge|p1a: Umbreon\n|-resisted|p1a: Umbreon\n|-damage|p1a: Umbreon|265/297 slp\n|-sidestart|p1: Hytix|Spikes\n|cant|p1a: Umbreon|slp\n|\n|-heal|p1a: Umbreon|283/297 slp|[from] item: Leftovers\n|-damage|p2a: Smeargle|98/258 tox|[from] psn\n|upkeep\n|turn|13\n|\n|t:|1733836541\n|move|p2a: Smeargle|Ceaseless Edge|p1a: Umbreon\n|-resisted|p1a: Umbreon\n|-damage|p1a: Umbreon|273/297 slp\n|-sidestart|p1: Hytix|Spikes\n|-curestatus|p1a: Umbreon|slp|[msg]\n|move|p1a: Umbreon|Foul Play|p2a: Smeargle\n|-damage|p2a: Smeargle|23/258 tox\n|\n|-heal|p1a: Umbreon|291/297|[from] item: Leftovers\n|-damage|p2a: Smeargle|0 fnt|[from] psn\n|faint|p2a: Smeargle\n|upkeep\n|\n|t:|1733836552\n|switch|p2a: Ribombee|Ribombee, L82, M|233/233\n|turn|14\n|\n|t:|1733836573\n|move|p2a: Ribombee|Sticky Web|p1a: Umbreon\n|-sidestart|p1: Hytix|move: Sticky Web\n|move|p1a: Umbreon|Toxic|p2a: Ribombee\n|-status|p2a: Ribombee|tox\n|\n|-heal|p1a: Umbreon|297/297|[from] item: Leftovers\n|-damage|p2a: Ribombee|219/233 tox|[from] psn\n|upkeep\n|turn|15\n|\n|t:|1733836580\n|move|p2a: Ribombee|Moonblast|p1a: Umbreon\n|-supereffective|p1a: Umbreon\n|-damage|p1a: Umbreon|169/297\n|move|p1a: Umbreon|Foul Play|p2a: Ribombee\n|-resisted|p2a: Ribombee\n|-damage|p2a: Ribombee|171/233 tox\n|\n|-heal|p1a: Umbreon|187/297|[from] item: Leftovers\n|-damage|p2a: Ribombee|143/233 tox|[from] psn\n|upkeep\n|turn|16\n|inactive|Hytix has 120 seconds left.\n|\n|t:|1733836617\n|move|p2a: Ribombee|Moonblast|p1a: Umbreon\n|-supereffective|p1a: Umbreon\n|-damage|p1a: Umbreon|53/297\n|move|p1a: Umbreon|Foul Play|p2a: Ribombee\n|-resisted|p2a: Ribombee\n|-damage|p2a: Ribombee|100/233 tox\n|\n|-heal|p1a: Umbreon|71/297|[from] item: Leftovers\n|-damage|p2a: Ribombee|58/233 tox|[from] psn\n|upkeep\n|turn|17\n|\n|t:|1733836623\n|move|p1a: Umbreon|Protect|p1a: Umbreon\n|-singleturn|p1a: Umbreon|Protect\n|move|p2a: Ribombee|Moonblast|p1a: Umbreon\n|-activate|p1a: Umbreon|move: Protect\n|\n|-heal|p1a: Umbreon|89/297|[from] item: Leftovers\n|-damage|p2a: Ribombee|2/233 tox|[from] psn\n|upkeep\n|turn|18\n|inactive|Hytix has 120 seconds left.\n|\n|t:|1733836641\n|move|p2a: Ribombee|Moonblast|p1a: Umbreon\n|-supereffective|p1a: Umbreon\n|-damage|p1a: Umbreon|0 fnt\n|faint|p1a: Umbreon\n|\n|-damage|p2a: Ribombee|0 fnt|[from] psn\n|faint|p2a: Ribombee\n|upkeep\n|\n|t:|1733836657\n|switch|p2a: Muk|Muk-Alola, L82, M|306/306\n|switch|p1a: Mew|Mew, L82|298/298\n|-damage|p1a: Mew|261/298|[from] Stealth Rock\n|-damage|p1a: Mew|187/298|[from] Spikes\n|-activate|p1a: Mew|move: Sticky Web\n|-unboost|p1a: Mew|spe|1\n|turn|19\n|inactive|Hytix has 120 seconds left.\n|\n|t:|1733836696\n|-terastallize|p1a: Mew|Steel\n|-terastallize|p2a: Muk|Dark\n|move|p1a: Mew|Knock Off|p2a: Muk\n|-resisted|p2a: Muk\n|-damage|p2a: Muk|267/306\n|-enditem|p2a: Muk|Assault Vest|[from] move: Knock Off|[of] p1a: Mew\n|move|p2a: Muk|Knock Off|p1a: Mew\n|-damage|p1a: Mew|57/298\n|-enditem|p1a: Mew|Leftovers|[from] move: Knock Off|[of] p2a: Muk\n|\n|upkeep\n|turn|20\n|\n|t:|1733836708\n|move|p1a: Mew|Toxic Spikes|p2a: Muk\n|-sidestart|p2: CSomeoneH|move: Toxic Spikes\n|move|p2a: Muk|Drain Punch|p1a: Mew\n|-supereffective|p1a: Mew\n|-damage|p1a: Mew|0 fnt\n|-heal|p2a: Muk|296/306|[from] drain|[of] p1a: Mew\n|faint|p1a: Mew\n|\n|upkeep\n|\n|t:|1733836722\n|switch|p1a: Golem|Golem, L87, M|281/281\n|-damage|p1a: Golem|264/281|[from] Stealth Rock\n|-damage|p1a: Golem|194/281|[from] Spikes\n|-activate|p1a: Golem|move: Sticky Web\n|-unboost|p1a: Golem|spe|1\n|turn|21\n|\n|t:|1733836727\n|move|p2a: Muk|Ice Punch|p1a: Golem\n|-supereffective|p1a: Golem\n|-damage|p1a: Golem|116/281\n|move|p1a: Golem|Explosion|p2a: Muk\n|-damage|p2a: Muk|59/306\n|faint|p1a: Golem\n|\n|upkeep\n|inactive|Hytix has 90 seconds left.\n|\n|t:|1733836750\n|switch|p1a: Roaring Moon|Roaring Moon, L72|270/270\n|-damage|p1a: Roaring Moon|237/270|[from] Stealth Rock\n|-damage|p1a: Roaring Moon|170/270|[from] Spikes\n|-activate|p1a: Roaring Moon|move: Sticky Web\n|-unboost|p1a: Roaring Moon|spe|1\n|-enditem|p1a: Roaring Moon|Booster Energy\n|-activate|p1a: Roaring Moon|ability: Protosynthesis|[fromitem]\n|-start|p1a: Roaring Moon|protosynthesisatk\n|turn|22\n|\n|t:|1733836759\n|move|p1a: Roaring Moon|Iron Head|p2a: Muk\n|-crit|p2a: Muk\n|-damage|p2a: Muk|0 fnt\n|faint|p2a: Muk\n|\n|upkeep\n|\n|t:|1733836762\n|switch|p2a: Dialga|Dialga-Origin, L73|266/266\n|-ability|p2a: Dialga|Pressure\n|turn|23\n|inactive|Hytix has 90 seconds left.\n|\n|t:|1733836785\n|move|p2a: Dialga|Draco Meteor|p1a: Roaring Moon\n|-supereffective|p1a: Roaring Moon\n|-damage|p1a: Roaring Moon|0 fnt\n|-unboost|p2a: Dialga|spa|2\n|faint|p1a: Roaring Moon\n|-end|p1a: Roaring Moon|Protosynthesis|[silent]\n|\n|upkeep\n|\n|t:|1733836788\n|switch|p1a: Vaporeon|Vaporeon, L86, M|364/364\n|-damage|p1a: Vaporeon|319/364|[from] Stealth Rock\n|-damage|p1a: Vaporeon|228/364|[from] Spikes\n|-activate|p1a: Vaporeon|move: Sticky Web\n|-unboost|p1a: Vaporeon|spe|1\n|turn|24\n|-message|Hytix forfeited.\n|\n|win|CSomeoneH\n|raw|Hytix's rating: 1324 &rarr; <strong>1304</strong><br />(-20 for losing)\n|raw|CSomeoneH's rating: 1327 &rarr; <strong>1347</strong><br />(+20 for winning)\n|l|\u2606Hytix\n|player|p1|\n", "inputlog": ">version bfd83cad13791eb5a5a409923076391caf6fb4d4\n>start {\"formatid\":\"gen9randombattle\",\"seed\":[25600,7588,56840,11604],\"rated\":\"Rated battle\"}\n>player p1 {\"name\":\"Hytix\",\"avatar\":\"ghetsis\",\"rating\":1345,\"seed\":[65320,13973,34434,38519]}\n>player p2 {\"name\":\"CSomeoneH\",\"avatar\":\"roxanne\",\"rating\":1327,\"seed\":[38177,25939,12215,16671]}\n>p1 move curse\n>p2 move icepunch\n>p1 move curse\n>p2 move knockoff\n>p1 move recover\n>p2 switch 5\n>p1 move earthquake\n>p2 move energyball\n>p1 move poisonjab\n>p2 move energyball\n>p1 move recover\n>p2 move energyball\n>p1 switch 4\n>p1 move foulplay\n>p2 move energyball\n>p2 switch 6\n>p1 move toxic\n>p2 move spore\n>p1 move toxic\n>p2 move stealthrock\n>p1 move foulplay\n>p2 move spore\n>p1 move foulplay\n>p2 move ceaselessedge\n>p1 move foulplay\n>p2 move ceaselessedge\n>p1 move foulplay\n>p2 move ceaselessedge\n>p2 switch 2\n>p1 move toxic\n>p2 move stickyweb\n>p1 move foulplay\n>p2 move moonblast\n>p1 move foulplay\n>p2 move moonblast\n>p1 move protect\n>p2 move moonblast\n>p1 move wish\n>p2 move moonblast\n>p1 switch 3\n>p2 switch 5\n>p1 move knockoff terastallize\n>p2 move knockoff terastallize\n>p1 move toxicspikes\n>p2 move drainpunch\n>p1 switch 6\n>p1 move explosion\n>p2 move icepunch\n>p1 switch 2\n>p1 move ironhead\n>p2 move icepunch\n>p2 switch 4\n>p1 move dragondance\n>p2 move dracometeor\n>p1 switch 5\n>forcelose p1", "uploadtime": 1733836793, "views": 4, "formatid": "gen9randombattle", "rating": 1304, "private": 0, "password": null}