{"id": "gen9randombattle-2260489198", "format": "[Gen 9] Random Battle", "players": ["Gryffyn", "R J Oppy"], "log": "|j|\u2606Gryffyn\n|j|\u2606R J Oppy\n|t:|1733856525\n|gametype|singles\n|player|p1|Gryffyn|grimsley|1324\n|player|p2|R J Oppy|266|1283\n|teamsize|p1|6\n|teamsize|p2|6\n|gen|9\n|tier|[Gen 9] Random Battle\n|rated|\n|rule|Species Clause: Limit one of each Pok\u00e9mon\n|rule|HP Percentage Mod: HP is shown in percentages\n|rule|Sleep Clause Mod: Limit one foe put to sleep\n|rule|Illusion Level Mod: Illusion disguises the Pok\u00e9mon's true level\n|\n|t:|1733856525\n|start\n|switch|p1a: Scream Tail|Scream Tail, L84|330/330\n|switch|p2a: Conkeldurr|Conkeldurr, L80, M|299/299\n|turn|1\n|inactive|Battle timer is ON: inactive players will automatically lose when time's up. (requested by R J Oppy)\n|inactive|R J Oppy has 120 seconds left.\n|\n|t:|1733856568\n|switch|p2a: Squawkabilly|Squawkabilly-Yellow, L89, F|291/291\n|move|p1a: Scream Tail|Dazzling Gleam|p2a: Squawkabilly\n|-damage|p2a: Squawkabilly|201/291\n|\n|upkeep\n|turn|2\n|\n|t:|1733856597\n|move|p1a: Scream Tail|Dazzling Gleam|p2a: Squawkabilly\n|-damage|p2a: Squawkabilly|111/291\n|move|p2a: Squawkabilly|Brave Bird|p1a: Scream Tail\n|-damage|p1a: Scream Tail|38/330\n|-damage|p2a: Squawkabilly|15/291|[from] Recoil\n|\n|-heal|p1a: Scream Tail|58/330|[from] item: Leftovers\n|upkeep\n|turn|3\n|\n|t:|1733856626\n|move|p1a: Scream Tail|Protect|p1a: Scream Tail\n|-singleturn|p1a: Scream Tail|Protect\n|move|p2a: Squawkabilly|Brave Bird|p1a: Scream Tail\n|-activate|p1a: Scream Tail|move: Protect\n|\n|-heal|p1a: Scream Tail|78/330|[from] item: Leftovers\n|upkeep\n|turn|4\n|\n|t:|1733856642\n|-end|p1a: Scream Tail|Protosynthesis|[silent]\n|switch|p1a: Regirock|Regirock, L83|268/268\n|move|p2a: Squawkabilly|Brave Bird|p1a: Regirock\n|-resisted|p1a: Regirock\n|-damage|p1a: Regirock|180/268\n|-damage|p2a: Squawkabilly|0 fnt|[from] Recoil\n|faint|p2a: Squawkabilly\n|\n|upkeep\n|\n|t:|1733856651\n|switch|p2a: Cloyster|Cloyster, L80, F|211/211\n|turn|5\n|\n|t:|1733856674\n|switch|p2a: Conkeldurr|Conkeldurr, L80, M|299/299\n|move|p1a: Regirock|Body Press|p2a: Conkeldurr\n|-damage|p2a: Conkeldurr|196/299\n|\n|-status|p2a: Conkeldurr|brn|[from] item: Flame Orb\n|upkeep\n|turn|6\n|\n|t:|1733856685\n|switch|p1a: Vileplume|Vileplume, L85, F|266/266\n|move|p2a: Conkeldurr|Close Combat|p1a: Vileplume\n|-resisted|p1a: Vileplume\n|-damage|p1a: Vileplume|145/266\n|-unboost|p2a: Conkeldurr|def|1\n|-unboost|p2a: Conkeldurr|spd|1\n|\n|-heal|p1a: Vileplume|161/266|[from] item: Leftovers\n|-damage|p2a: Conkeldurr|178/299 brn|[from] brn\n|upkeep\n|turn|7\n|inactive|R J Oppy has 120 seconds left.\n|\n|t:|1733856702\n|switch|p2a: Bombirdier|Bombirdier, L85, F|258/258\n|move|p1a: Vileplume|Strength Sap|p2a: Bombirdier\n|-unboost|p2a: Bombirdier|atk|1\n|-heal|p1a: Vileplume|266/266\n|\n|upkeep\n|turn|8\n|\n|t:|1733856711\n|move|p2a: Bombirdier|Brave Bird|p1a: Vileplume\n|-supereffective|p1a: Vileplume\n|-damage|p1a: Vileplume|78/266\n|-damage|p2a: Bombirdier|196/258|[from] Recoil\n|move|p1a: Vileplume|Leech Seed|p2a: Bombirdier|[miss]\n|-miss|p1a: Vileplume|p2a: Bombirdier\n|\n|-heal|p1a: Vileplume|94/266|[from] item: Leftovers\n|upkeep\n|turn|9\n|\n|t:|1733856728\n|switch|p1a: Regirock|Regirock, L83|180/268\n|move|p2a: Bombirdier|Brave Bird|p1a: Regirock\n|-resisted|p1a: Regirock\n|-damage|p1a: Regirock|158/268\n|-damage|p2a: Bombirdier|189/258|[from] Recoil\n|\n|upkeep\n|turn|10\n|\n|t:|1733856736\n|switch|p2a: Conkeldurr|Conkeldurr, L80, M|178/299 brn\n|move|p1a: Regirock|Curse|p1a: Regirock\n|-unboost|p1a: Regirock|spe|1\n|-boost|p1a: Regirock|atk|1\n|-boost|p1a: Regirock|def|1\n|\n|-damage|p2a: Conkeldurr|160/299 brn|[from] brn\n|upkeep\n|turn|11\n|\n|t:|1733856745\n|move|p2a: Conkeldurr|Close Combat|p1a: Regirock\n|-supereffective|p1a: Regirock\n|-damage|p1a: Regirock|0 fnt\n|-unboost|p2a: Conkeldurr|def|1\n|-unboost|p2a: Conkeldurr|spd|1\n|faint|p1a: Regirock\n|\n|-damage|p2a: Conkeldurr|142/299 brn|[from] brn\n|upkeep\n|\n|t:|1733856747\n|switch|p1a: Scream Tail|Scream Tail, L84|78/330\n|turn|12\n|\n|t:|1733856755\n|move|p1a: Scream Tail|Wish|p1a: Scream Tail\n|move|p2a: Conkeldurr|Knock Off|p1a: Scream Tail\n|-damage|p1a: Scream Tail|0 fnt\n|-enditem|p1a: Scream Tail|Leftovers|[from] move: Knock Off|[of] p2a: Conkeldurr\n|faint|p1a: Scream Tail\n|-end|p1a: Scream Tail|Protosynthesis|[silent]\n|\n|-damage|p2a: Conkeldurr|124/299 brn|[from] brn\n|upkeep\n|\n|t:|1733856767\n|switch|p1a: Vileplume|Vileplume, L85, F|94/266\n|turn|13\n|\n|t:|1733856788\n|switch|p2a: Bombirdier|Bombirdier, L85, F|189/258\n|move|p1a: Vileplume|Strength Sap|p2a: Bombirdier\n|-unboost|p2a: Bombirdier|atk|1\n|-heal|p1a: Vileplume|266/266\n|\n|upkeep\n|turn|14\n|\n|t:|1733856797\n|move|p2a: Bombirdier|U-turn|p1a: Vileplume\n|-damage|p1a: Vileplume|232/266\n|-status|p2a: Bombirdier|slp|[from] ability: Effect Spore|[of] p1a: Vileplume\n|\n|t:|1733856803\n|switch|p2a: Cloyster|Cloyster, L80, F|211/211|[from] U-turn\n|move|p1a: Vileplume|Strength Sap|p2a: Cloyster\n|-unboost|p2a: Cloyster|atk|1\n|-heal|p1a: Vileplume|266/266\n|-enditem|p2a: Cloyster|White Herb\n|-clearnegativeboost|p2a: Cloyster|[silent]\n|\n|upkeep\n|turn|15\n|\n|t:|1733856814\n|move|p2a: Cloyster|Shell Smash|p2a: Cloyster\n|-unboost|p2a: Cloyster|def|1\n|-unboost|p2a: Cloyster|spd|1\n|-boost|p2a: Cloyster|atk|2\n|-boost|p2a: Cloyster|spa|2\n|-boost|p2a: Cloyster|spe|2\n|move|p1a: Vileplume|Leech Seed|p2a: Cloyster\n|-start|p2a: Cloyster|move: Leech Seed\n|\n|-damage|p2a: Cloyster|185/211|[from] Leech Seed|[of] p1a: Vileplume\n|upkeep\n|turn|16\n|\n|t:|1733856823\n|-terastallize|p1a: Vileplume|Water\n|move|p2a: Cloyster|Icicle Spear|p1a: Vileplume\n|-resisted|p1a: Vileplume\n|-damage|p1a: Vileplume|239/266\n|-resisted|p1a: Vileplume\n|-damage|p1a: Vileplume|215/266\n|-resisted|p1a: Vileplume\n|-damage|p1a: Vileplume|191/266\n|-resisted|p1a: Vileplume\n|-damage|p1a: Vileplume|166/266\n|-resisted|p1a: Vileplume\n|-damage|p1a: Vileplume|144/266\n|-hitcount|p1a: Vileplume|5\n|move|p1a: Vileplume|Strength Sap|p2a: Cloyster\n|-unboost|p2a: Cloyster|atk|1\n|-heal|p1a: Vileplume|266/266\n|\n|-damage|p2a: Cloyster|159/211|[from] Leech Seed|[of] p1a: Vileplume\n|upkeep\n|turn|17\n|\n|t:|1733856843\n|switch|p2a: Bombirdier|Bombirdier, L85, F|189/258 slp\n|move|p1a: Vileplume|Strength Sap|p2a: Bombirdier\n|-unboost|p2a: Bombirdier|atk|1\n|\n|upkeep\n|turn|18\n|\n|t:|1733856862\n|switch|p1a: Golduck|Golduck, L90, F|290/290\n|-ability|p1a: Golduck|Cloud Nine\n|cant|p2a: Bombirdier|slp\n|\n|upkeep\n|turn|19\n|\n|t:|1733856870\n|cant|p2a: Bombirdier|slp\n|move|p1a: Golduck|Nasty Plot|p1a: Golduck\n|-boost|p1a: Golduck|spa|2\n|\n|upkeep\n|turn|20\n|\n|t:|1733856884\n|-curestatus|p2a: Bombirdier|slp|[msg]\n|move|p2a: Bombirdier|Knock Off|p1a: Golduck\n|-damage|p1a: Golduck|214/290\n|-enditem|p1a: Golduck|Life Orb|[from] move: Knock Off|[of] p2a: Bombirdier\n|move|p1a: Golduck|Ice Beam|p2a: Bombirdier\n|-supereffective|p2a: Bombirdier\n|-crit|p2a: Bombirdier\n|-damage|p2a: Bombirdier|0 fnt\n|faint|p2a: Bombirdier\n|\n|upkeep\n|\n|t:|1733856901\n|switch|p2a: Hatterene|Hatterene, L85, F|236/236\n|turn|21\n|\n|t:|1733856930\n|move|p1a: Golduck|Hydro Pump|p2a: Hatterene|[miss]\n|-miss|p1a: Golduck|p2a: Hatterene\n|move|p2a: Hatterene|Nuzzle|p1a: Golduck\n|-supereffective|p1a: Golduck\n|-damage|p1a: Golduck|186/290\n|-status|p1a: Golduck|par\n|\n|upkeep\n|turn|22\n|inactive|R J Oppy has 120 seconds left.\n|\n|t:|1733856966\n|move|p1a: Golduck|Hydro Pump|p2a: Hatterene|[miss]\n|-miss|p1a: Golduck|p2a: Hatterene\n|move|p2a: Hatterene|Nuzzle|p1a: Golduck\n|-supereffective|p1a: Golduck\n|-damage|p1a: Golduck|158/290 par\n|\n|upkeep\n|turn|23\n|inactive|R J Oppy has 120 seconds left.\n|inactive|Gryffyn has 120 seconds left.\n|\n|t:|1733856991\n|move|p1a: Golduck|Hydro Pump|p2a: Hatterene\n|-damage|p2a: Hatterene|88/236\n|move|p2a: Hatterene|Draining Kiss|p1a: Golduck\n|-damage|p1a: Golduck|85/290 par\n|-heal|p2a: Hatterene|143/236|[from] drain|[of] p1a: Golduck\n|\n|upkeep\n|turn|24\n|inactive|R J Oppy has 120 seconds left.\n|\n|t:|1733857004\n|switch|p2a: Cloyster|Cloyster, L80, F|159/211\n|move|p1a: Golduck|Nasty Plot|p1a: Golduck\n|-boost|p1a: Golduck|spa|2\n|\n|upkeep\n|turn|25\n|inactive|R J Oppy has 120 seconds left.\n|\n|t:|1733857022\n|move|p2a: Cloyster|Shell Smash|p2a: Cloyster\n|-unboost|p2a: Cloyster|def|1\n|-unboost|p2a: Cloyster|spd|1\n|-boost|p2a: Cloyster|atk|2\n|-boost|p2a: Cloyster|spa|2\n|-boost|p2a: Cloyster|spe|2\n|move|p1a: Golduck|Grass Knot|p2a: Cloyster\n|-supereffective|p2a: Cloyster\n|-damage|p2a: Cloyster|0 fnt\n|faint|p2a: Cloyster\n|\n|upkeep\n|inactive|R J Oppy has 120 seconds left.\n|\n|t:|1733857033\n|switch|p2a: Hatterene|Hatterene, L85, F|143/236\n|turn|26\n|inactive|R J Oppy has 120 seconds left.\n|\n|t:|1733857051\n|move|p1a: Golduck|Ice Beam|p2a: Hatterene\n|-damage|p2a: Hatterene|8/236\n|move|p2a: Hatterene|Draining Kiss|p1a: Golduck\n|-damage|p1a: Golduck|18/290 par\n|-heal|p2a: Hatterene|58/236|[from] drain|[of] p1a: Golduck\n|\n|upkeep\n|turn|27\n|inactive|R J Oppy has 120 seconds left.\n|\n|t:|1733857058\n|switch|p2a: Conkeldurr|Conkeldurr, L80, M|124/299 brn\n|move|p1a: Golduck|Ice Beam|p2a: Conkeldurr\n|-damage|p2a: Conkeldurr|0 fnt\n|faint|p2a: Conkeldurr\n|\n|upkeep\n|inactive|R J Oppy has 120 seconds left.\n|\n|t:|1733857064\n|switch|p2a: Bellossom|Bellossom, L84, F|263/263\n|turn|28\n|\n|t:|1733857067\n|move|p2a: Bellossom|Quiver Dance|p2a: Bellossom\n|-boost|p2a: Bellossom|spa|1\n|-boost|p2a: Bellossom|spd|1\n|-boost|p2a: Bellossom|spe|1\n|cant|p1a: Golduck|par\n|\n|upkeep\n|turn|29\n|\n|t:|1733857073\n|move|p2a: Bellossom|Quiver Dance|p2a: Bellossom\n|-boost|p2a: Bellossom|spa|1\n|-boost|p2a: Bellossom|spd|1\n|-boost|p2a: Bellossom|spe|1\n|cant|p1a: Golduck|par\n|\n|upkeep\n|turn|30\n|\n|t:|1733857079\n|move|p2a: Bellossom|Quiver Dance|p2a: Bellossom\n|-boost|p2a: Bellossom|spa|1\n|-boost|p2a: Bellossom|spd|1\n|-boost|p2a: Bellossom|spe|1\n|move|p1a: Golduck|Ice Beam|p2a: Bellossom\n|-supereffective|p2a: Bellossom\n|-damage|p2a: Bellossom|111/263\n|\n|-heal|p2a: Bellossom|127/263|[from] item: Leftovers\n|upkeep\n|turn|31\n|\n|t:|1733857089\n|move|p2a: Bellossom|Strength Sap|p1a: Golduck\n|-unboost|p1a: Golduck|atk|1\n|-heal|p2a: Bellossom|263/263\n|cant|p1a: Golduck|par\n|\n|upkeep\n|turn|32\n|\n|t:|1733857096\n|move|p2a: Bellossom|Quiver Dance|p2a: Bellossom\n|-boost|p2a: Bellossom|spa|1\n|-boost|p2a: Bellossom|spd|1\n|-boost|p2a: Bellossom|spe|1\n|move|p1a: Golduck|Ice Beam|p2a: Bellossom\n|-supereffective|p2a: Bellossom\n|-damage|p2a: Bellossom|135/263\n|\n|-heal|p2a: Bellossom|151/263|[from] item: Leftovers\n|upkeep\n|turn|33\n|\n|t:|1733857107\n|move|p2a: Bellossom|Giga Drain|p1a: Golduck\n|-supereffective|p1a: Golduck\n|-damage|p1a: Golduck|0 fnt\n|-heal|p2a: Bellossom|160/263|[from] drain|[of] p1a: Golduck\n|faint|p1a: Golduck\n|\n|-heal|p2a: Bellossom|176/263|[from] item: Leftovers\n|upkeep\n|\n|t:|1733857110\n|switch|p1a: Hoopa|Hoopa, L85|275/275\n|turn|34\n|\n|t:|1733857117\n|move|p2a: Bellossom|Sleep Powder|p1a: Hoopa|[miss]\n|-miss|p2a: Bellossom|p1a: Hoopa\n|move|p1a: Hoopa|Psyshock|p2a: Bellossom\n|-damage|p2a: Bellossom|53/263\n|\n|-heal|p2a: Bellossom|69/263|[from] item: Leftovers\n|upkeep\n|turn|35\n|\n|t:|1733857125\n|switch|p1a: Vileplume|Vileplume, L85, F, tera:Water|266/266\n|move|p2a: Bellossom|Strength Sap|p1a: Vileplume\n|-unboost|p1a: Vileplume|atk|1\n|-heal|p2a: Bellossom|210/263\n|\n|-heal|p2a: Bellossom|226/263|[from] item: Leftovers\n|upkeep\n|turn|36\n|\n|t:|1733857137\n|switch|p1a: Camerupt|Camerupt, L91, M|275/275\n|move|p2a: Bellossom|Sleep Powder|p1a: Camerupt|[miss]\n|-miss|p2a: Bellossom|p1a: Camerupt\n|\n|-heal|p2a: Bellossom|242/263|[from] item: Leftovers\n|upkeep\n|turn|37\n|inactive|Gryffyn has 120 seconds left.\n|\n|t:|1733857171\n|-terastallize|p2a: Bellossom|Water\n|move|p2a: Bellossom|Sleep Powder|p1a: Camerupt|[miss]\n|-miss|p2a: Bellossom|p1a: Camerupt\n|move|p1a: Camerupt|Roar|p2a: Bellossom\n|drag|p2a: Hatterene|Hatterene, L85, F|58/236\n|\n|upkeep\n|turn|38\n|\n|t:|1733857179\n|move|p1a: Camerupt|Earthquake|p2a: Hatterene\n|-crit|p2a: Hatterene\n|-damage|p2a: Hatterene|0 fnt\n|faint|p2a: Hatterene\n|\n|upkeep\n|\n|t:|1733857184\n|switch|p2a: Bellossom|Bellossom, L84, F, tera:Water|242/263\n|turn|39\n|\n|t:|1733857188\n|switch|p1a: Hoopa|Hoopa, L85|275/275\n|move|p2a: Bellossom|Quiver Dance|p2a: Bellossom\n|-boost|p2a: Bellossom|spa|1\n|-boost|p2a: Bellossom|spd|1\n|-boost|p2a: Bellossom|spe|1\n|\n|-heal|p2a: Bellossom|258/263|[from] item: Leftovers\n|upkeep\n|turn|40\n|\n|t:|1733857196\n|move|p1a: Hoopa|Trick|p2a: Bellossom\n|-activate|p1a: Hoopa|move: Trick|[of] p2a: Bellossom\n|-item|p2a: Bellossom|Choice Scarf|[from] move: Trick\n|-item|p1a: Hoopa|Leftovers|[from] move: Trick\n|move|p2a: Bellossom|Sleep Powder|p1a: Hoopa|[miss]\n|-miss|p2a: Bellossom|p1a: Hoopa\n|\n|upkeep\n|turn|41\n|\n|t:|1733857203\n|switch|p1a: Vileplume|Vileplume, L85, F, tera:Water|266/266\n|move|p2a: Bellossom|Sleep Powder|p1a: Vileplume\n|-status|p1a: Vileplume|slp|[from] move: Sleep Powder\n|\n|upkeep\n|turn|42\n|\n|t:|1733857210\n|switch|p1a: Hoopa|Hoopa, L85|275/275\n|move|p2a: Bellossom|Sleep Powder|p1a: Hoopa\n|-message|Sleep Clause Mod activated.\n|-hint|Sleep Clause Mod prevents players from putting more than one of their opponent's Pok\u00e9mon to sleep at a time\n|\n|upkeep\n|turn|43\n|c|\u2606R J Oppy|ur such a bitch\n|n|\u203dR J Oppy|rjoppy\n|c|~|/log R J Oppy was locked from talking by Artemis for a week. (\u2606R J Oppy: ur such a bitch)\n|c|~|/raw <small>This action was done automatically. Want to learn more about the AI? <a href=\"https://www.smogon.com/forums/threads/3570628/#post-9056769\">Visit the information thread</a>.</small>\n|\n|t:|1733857231\n|move|p2a: Bellossom|Sleep Powder|p1a: Hoopa\n|-message|Sleep Clause Mod activated.\n|-hint|Sleep Clause Mod prevents players from putting more than one of their opponent's Pok\u00e9mon to sleep at a time\n|move|p1a: Hoopa|Psyshock|p2a: Bellossom\n|-damage|p2a: Bellossom|140/263\n|\n|upkeep\n|turn|44\n|-message|R J Oppy forfeited.\n|\n|win|Gryffyn\n", "inputlog": ">version bfd83cad13791eb5a5a409923076391caf6fb4d4\n>start {\"formatid\":\"gen9randombattle\",\"seed\":[47084,17624,17216,7644],\"rated\":\"Rated battle\"}\n>player p1 {\"name\":\"Gryffyn\",\"avatar\":\"grimsley\",\"rating\":1324,\"seed\":[5411,8386,4637,33532]}\n>player p2 {\"name\":\"R J Oppy\",\"avatar\":\"266\",\"rating\":1283,\"seed\":[54273,61739,41435,65129]}\n>p1 move dazzlinggleam\n>p2 switch 5\n>p1 move dazzlinggleam\n>p2 move bravebird\n>p1 move protect\n>p2 move bravebird\n>p1 switch 5\n>p2 move bravebird\n>p2 switch 4\n>p1 move bodypress\n>p2 switch 5\n>p1 switch 2\n>p2 move closecombat\n>p1 move strengthsap\n>p2 switch 2\n>p1 move leechseed\n>p2 move bravebird\n>p1 switch 2\n>p2 move bravebird\n>p1 move curse\n>p2 switch 2\n>p1 move curse\n>p2 move closecombat\n>p1 switch 5\n>p1 move wish\n>p2 move knockoff\n>p1 switch 2\n>p1 move strengthsap\n>p2 switch 2\n>p1 move strengthsap\n>p2 move uturn\n>p2 switch 5\n>p1 move leechseed\n>p2 move shellsmash\n>p1 move strengthsap terastallize\n>p2 move iciclespear\n>p1 move strengthsap\n>p2 switch 5\n>p1 switch 6\n>p2 move knockoff\n>p1 move nastyplot\n>p2 move knockoff\n>p1 move icebeam\n>p2 move knockoff\n>p2 switch 6\n>p1 move hydropump\n>p2 move nuzzle\n>p1 move hydropump\n>p2 move nuzzle\n>p1 move hydropump\n>p2 move drainingkiss\n>p1 move nastyplot\n>p2 switch 5\n>p1 move grassknot\n>p2 move shellsmash\n>p2 switch 5\n>p1 move icebeam\n>p2 move drainingkiss\n>p1 move icebeam\n>p2 switch 2\n>p2 switch 3\n>p1 move icebeam\n>p2 move quiverdance\n>p1 move icebeam\n>p2 move quiverdance\n>p1 move icebeam\n>p2 move quiverdance\n>p1 move icebeam\n>p2 move strengthsap\n>p1 move icebeam\n>p2 move quiverdance\n>p1 move icebeam\n>p2 move gigadrain\n>p1 switch 4\n>p1 move psyshock\n>p2 move sleeppowder\n>p1 switch 6\n>p2 move strengthsap\n>p1 switch 3\n>p2 move sleeppowder\n>p1 move roar\n>p2 move sleeppowder terastallize\n>p1 move earthquake\n>p2 move nuzzle\n>p2 switch 2\n>p1 switch 6\n>p2 move quiverdance\n>p1 move trick\n>p2 move sleeppowder\n>p1 switch 3\n>p2 move sleeppowder\n>p1 switch 3\n>p2 move sleeppowder\n>chat \u2606R J Oppy|ur such a bitch\n>p1 move psyshock\n>p2 move sleeppowder\n>forcelose p2", "uploadtime": 1733857226, "views": 1, "formatid": "gen9randombattle", "rating": null, "private": 0, "password": null}