{"id": "gen9randombattle-2260892340", "format": "[Gen 9] Random Battle", "players": ["sdfvsdfdsfsdfasf", "pimentaprimo"], "log": "|j|\u2606sdfvsdfdsfsdfasf\n|j|\u2606pimentaprimo\n|t:|1733912040\n|gametype|singles\n|player|p1|sdfvsdfdsfsdfasf|101|1040\n|player|p2|pimentaprimo|265|1076\n|teamsize|p1|6\n|teamsize|p2|6\n|gen|9\n|tier|[Gen 9] Random Battle\n|rated|\n|rule|Species Clause: Limit one of each Pok\u00e9mon\n|rule|HP Percentage Mod: HP is shown in percentages\n|rule|Sleep Clause Mod: Limit one foe put to sleep\n|rule|Illusion Level Mod: Illusion disguises the Pok\u00e9mon's true level\n|\n|t:|1733912040\n|start\n|switch|p1a: Clefable|Clefable, L83, F|293/293\n|switch|p2a: Sandslash|Sandslash-Alola, L88, M|275/275\n|turn|1\n|inactive|Battle timer is ON: inactive players will automatically lose when time's up. (requested by sdfvsdfdsfsdfasf)\n|\n|t:|1733912063\n|move|p2a: Sandslash|Rapid Spin|p1a: Clefable\n|-damage|p1a: Clefable|247/293\n|-boost|p2a: Sandslash|spe|1\n|move|p1a: Clefable|Fire Blast|p2a: Sandslash\n|-supereffective|p2a: Sandslash\n|-damage|p2a: Sandslash|0 fnt\n|faint|p2a: Sandslash\n|\n|-heal|p1a: Clefable|265/293|[from] item: Leftovers\n|upkeep\n|\n|t:|1733912073\n|switch|p2a: Feraligatr|Feraligatr, L79, F|264/264\n|turn|2\n|\n|t:|1733912080\n|move|p2a: Feraligatr|Dragon Dance|p2a: Feraligatr\n|-boost|p2a: Feraligatr|atk|1\n|-boost|p2a: Feraligatr|spe|1\n|move|p1a: Clefable|Calm Mind|p1a: Clefable\n|-boost|p1a: Clefable|spa|1\n|-boost|p1a: Clefable|spd|1\n|\n|-heal|p1a: Clefable|283/293|[from] item: Leftovers\n|upkeep\n|turn|3\n|\n|t:|1733912092\n|move|p2a: Feraligatr|Liquidation|p1a: Clefable\n|-crit|p1a: Clefable\n|-damage|p1a: Clefable|26/293\n|move|p1a: Clefable|Moonblast|p2a: Feraligatr\n|-damage|p2a: Feraligatr|113/264\n|\n|-heal|p1a: Clefable|44/293|[from] item: Leftovers\n|upkeep\n|turn|4\n|\n|t:|1733912100\n|switch|p1a: Arbok|Arbok, L87, M|246/246\n|-ability|p1a: Arbok|Intimidate|boost\n|-unboost|p2a: Feraligatr|atk|1\n|move|p2a: Feraligatr|Liquidation|p1a: Arbok\n|-damage|p1a: Arbok|94/246\n|\n|-heal|p1a: Arbok|109/246|[from] item: Leftovers\n|upkeep\n|turn|5\n|\n|t:|1733912113\n|move|p2a: Feraligatr|Liquidation|p1a: Arbok\n|-damage|p1a: Arbok|0 fnt\n|faint|p1a: Arbok\n|\n|upkeep\n|\n|t:|1733912127\n|switch|p1a: Glastrier|Glastrier, L86|312/312\n|turn|6\n|\n|t:|1733912137\n|move|p2a: Feraligatr|Crunch|p1a: Glastrier\n|-crit|p1a: Glastrier\n|-damage|p1a: Glastrier|208/312\n|move|p1a: Glastrier|Close Combat|p2a: Feraligatr\n|-damage|p2a: Feraligatr|3/264\n|-unboost|p1a: Glastrier|def|1\n|-unboost|p1a: Glastrier|spd|1\n|\n|upkeep\n|turn|7\n|\n|t:|1733912149\n|switch|p2a: Urshifu|Urshifu, L74, M|270/270\n|move|p1a: Glastrier|Close Combat|p2a: Urshifu\n|-supereffective|p2a: Urshifu\n|-damage|p2a: Urshifu|6/270\n|-unboost|p1a: Glastrier|def|1\n|-unboost|p1a: Glastrier|spd|1\n|\n|upkeep\n|turn|8\n|\n|t:|1733912155\n|switch|p1a: Clefable|Clefable, L83, F|44/293\n|move|p2a: Urshifu|Close Combat|p1a: Clefable\n|-resisted|p1a: Clefable\n|-damage|p1a: Clefable|0 fnt\n|-unboost|p2a: Urshifu|def|1\n|-unboost|p2a: Urshifu|spd|1\n|faint|p1a: Clefable\n|-damage|p2a: Urshifu|0 fnt|[from] item: Life Orb\n|faint|p2a: Urshifu\n|\n|upkeep\n|\n|t:|1733912172\n|switch|p2a: Flamigo|Flamigo, L82, M|269/269\n|switch|p1a: Gholdengo|Gholdengo, L77|261/261\n|turn|9\n|\n|t:|1733912184\n|switch|p2a: Feraligatr|Feraligatr, L79, F|3/264\n|switch|p1a: Hawlucha|Hawlucha, L80, M|256/256\n|\n|upkeep\n|turn|10\n|\n|t:|1733912193\n|move|p1a: Hawlucha|Close Combat|p2a: Feraligatr\n|-damage|p2a: Feraligatr|0 fnt\n|-unboost|p1a: Hawlucha|def|1\n|-unboost|p1a: Hawlucha|spd|1\n|-enditem|p1a: Hawlucha|White Herb\n|-clearnegativeboost|p1a: Hawlucha|[silent]\n|faint|p2a: Feraligatr\n|\n|upkeep\n|\n|t:|1733912199\n|switch|p2a: Flamigo|Flamigo, L82, M|269/269\n|turn|11\n|\n|t:|1733912207\n|-terastallize|p1a: Hawlucha|Flying\n|move|p1a: Hawlucha|Acrobatics|p2a: Flamigo\n|-supereffective|p2a: Flamigo\n|-damage|p2a: Flamigo|0 fnt\n|faint|p2a: Flamigo\n|\n|upkeep\n|\n|t:|1733912210\n|switch|p2a: Rayquaza|Rayquaza, L72|270/270\n|-ability|p2a: Rayquaza|Air Lock\n|turn|12\n|\n|t:|1733912218\n|move|p1a: Hawlucha|Stone Edge|p2a: Rayquaza\n|-supereffective|p2a: Rayquaza\n|-damage|p2a: Rayquaza|130/270\n|move|p2a: Rayquaza|Dragon Ascent|p1a: Hawlucha\n|-damage|p1a: Hawlucha|97/256\n|-unboost|p2a: Rayquaza|def|1\n|-unboost|p2a: Rayquaza|spd|1\n|\n|upkeep\n|turn|13\n|\n|t:|1733912224\n|move|p1a: Hawlucha|Acrobatics|p2a: Rayquaza\n|-damage|p2a: Rayquaza|0 fnt\n|faint|p2a: Rayquaza\n|\n|upkeep\n|\n|t:|1733912227\n|switch|p2a: Farigiraf|Farigiraf, L91, F|366/366\n|turn|14\n|\n|t:|1733912232\n|move|p1a: Hawlucha|Close Combat|p2a: Farigiraf\n|-damage|p2a: Farigiraf|239/366\n|-unboost|p1a: Hawlucha|def|1\n|-unboost|p1a: Hawlucha|spd|1\n|move|p2a: Farigiraf|Psychic Noise|p1a: Hawlucha\n|-damage|p1a: Hawlucha|0 fnt\n|faint|p1a: Hawlucha\n|\n|-heal|p2a: Farigiraf|261/366|[from] item: Leftovers\n|upkeep\n|\n|t:|1733912235\n|switch|p1a: Gholdengo|Gholdengo, L77|261/261\n|turn|15\n|\n|t:|1733912243\n|move|p1a: Gholdengo|Nasty Plot|p1a: Gholdengo\n|-boost|p1a: Gholdengo|spa|2\n|move|p2a: Farigiraf|Wish|p2a: Farigiraf\n|\n|-heal|p2a: Farigiraf|283/366|[from] item: Leftovers\n|upkeep\n|turn|16\n|\n|t:|1733912248\n|move|p1a: Gholdengo|Nasty Plot|p1a: Gholdengo\n|-boost|p1a: Gholdengo|spa|2\n|move|p2a: Farigiraf|Psychic Noise|p1a: Gholdengo\n|-resisted|p1a: Gholdengo\n|-damage|p1a: Gholdengo|210/261\n|-start|p1a: Gholdengo|move: Heal Block\n|\n|-heal|p2a: Farigiraf|366/366|[from] move: Wish|[wisher] Farigiraf\n|upkeep\n|turn|17\n|\n|t:|1733912254\n|move|p2a: Farigiraf|Protect|p2a: Farigiraf\n|-singleturn|p2a: Farigiraf|Protect\n|move|p1a: Gholdengo|Nasty Plot|p1a: Gholdengo\n|-boost|p1a: Gholdengo|spa|2\n|\n|-end|p1a: Gholdengo|move: Heal Block\n|upkeep\n|turn|18\n|\n|t:|1733912257\n|move|p1a: Gholdengo|Make It Rain|p2a: Farigiraf\n|-damage|p2a: Farigiraf|0 fnt\n|-unboost|p1a: Gholdengo|spa|1\n|faint|p2a: Farigiraf\n|\n|win|sdfvsdfdsfsdfasf\n|raw|sdfvsdfdsfsdfasf's rating: 1040 &rarr; <strong>1078</strong><br />(+38 for winning)\n|raw|pimentaprimo's rating: 1076 &rarr; <strong>1052</strong><br />(-24 for losing)\n", "inputlog": ">version bfd83cad13791eb5a5a409923076391caf6fb4d4\n>start {\"formatid\":\"gen9randombattle\",\"seed\":[22202,26698,14096,37951],\"rated\":\"Rated battle\"}\n>player p1 {\"name\":\"sdfvsdfdsfsdfasf\",\"avatar\":\"101\",\"rating\":1040,\"seed\":[43863,19021,15026,12114]}\n>player p2 {\"name\":\"pimentaprimo\",\"avatar\":\"265\",\"rating\":1076,\"seed\":[21560,22291,8022,23336]}\n>p1 move fireblast\n>p2 move rapidspin\n>p2 switch 2\n>p1 move calmmind\n>p2 move dragondance\n>p1 move moonblast\n>p2 move liquidation\n>p1 switch 3\n>p2 move liquidation\n>p1 move glare\n>p2 move liquidation\n>p1 switch 4\n>p1 move closecombat\n>p2 move crunch\n>p1 move closecombat\n>p2 switch 3\n>p1 switch 3\n>p2 move closecombat\n>p1 switch 5\n>p2 switch 6\n>p1 switch 6\n>p2 switch 3\n>p1 move closecombat\n>p2 move crunch\n>p2 switch 3\n>p1 move acrobatics terastallize\n>p2 move bravebird\n>p2 switch 4\n>p1 move stoneedge\n>p2 move dragonascent\n>p1 move acrobatics\n>p2 move scaleshot\n>p2 switch 5\n>p1 move closecombat\n>p2 move psychicnoise\n>p1 switch 6\n>p1 move nastyplot\n>p2 move wish\n>p1 move nastyplot\n>p2 move psychicnoise\n>p1 move nastyplot\n>p2 move protect\n>p1 move makeitrain\n>p2 move psychicnoise", "uploadtime": 1733912259, "views": 1, "formatid": "gen9randombattle", "rating": 1052, "private": 0, "password": null}