{"id": "gen9randombattle-2179971484", "format": "[Gen 9] Random Battle", "players": ["ggfsb", "slim workshop"], "log": "|badge|p2|bronze|gen9randombattle|100-2\n|uhtml|medal-msg|<div class=\"broadcast-blue\">Curious what those medals under the avatar are? PS now has Ladder Seasons! For more information, check out the <a href=\"https://www.smogon.com/forums/threads/3740067/\">thread on Smogon.</a></div>\n|j|\u2606ggfsb\n|j|\u2606slim workshop\n|t:|1723645286\n|gametype|singles\n|player|p1|ggfsb|265|2238\n|player|p2|slim workshop|2|2347\n|teamsize|p1|6\n|teamsize|p2|6\n|gen|9\n|tier|[Gen 9] Random Battle\n|rated|\n|rule|Species Clause: Limit one of each Pok\u00e9mon\n|rule|HP Percentage Mod: HP is shown in percentages\n|rule|Sleep Clause Mod: Limit one foe put to sleep\n|rule|Illusion Level Mod: Illusion disguises the Pok\u00e9mon's true level\n|\n|t:|1723645286\n|start\n|switch|p1a: Iron Crown|Iron Crown, L79|272/272\n|switch|p2a: Greninja|Greninja, L80, M|246/246\n|turn|1\n|inactive|Battle timer is ON: inactive players will automatically lose when time's up. (requested by ggfsb)\n|\n|t:|1723645305\n|move|p2a: Greninja|Toxic Spikes|p1a: Iron Crown\n|-start|p2a: Greninja|typechange|Poison|[from] ability: Protean\n|-sidestart|p1: ggfsb|move: Toxic Spikes\n|move|p1a: Iron Crown|Focus Blast|p2a: Greninja|[miss]\n|-miss|p1a: Iron Crown|p2a: Greninja\n|\n|upkeep\n|turn|2\n|\n|t:|1723645313\n|move|p2a: Greninja|Dark Pulse|p1a: Iron Crown\n|-supereffective|p1a: Iron Crown\n|-damage|p1a: Iron Crown|139/272\n|-damage|p2a: Greninja|222/246|[from] item: Life Orb\n|move|p1a: Iron Crown|Calm Mind|p1a: Iron Crown\n|-boost|p1a: Iron Crown|spa|1\n|-boost|p1a: Iron Crown|spd|1\n|\n|-heal|p1a: Iron Crown|156/272|[from] item: Leftovers\n|upkeep\n|turn|3\n|\n|t:|1723645318\n|switch|p2a: Slaking|Slaking, L84, F|389/389\n|move|p1a: Iron Crown|Psyshock|p2a: Slaking\n|-damage|p2a: Slaking|266/389\n|\n|-heal|p1a: Iron Crown|173/272|[from] item: Leftovers\n|upkeep\n|turn|4\n|\n|t:|1723645338\n|-end|p1a: Iron Crown|Quark Drive|[silent]\n|switch|p1a: Copperajah|Copperajah, L86, M|350/350\n|move|p2a: Slaking|Earthquake|p1a: Copperajah\n|-supereffective|p1a: Copperajah\n|-damage|p1a: Copperajah|0 fnt\n|faint|p1a: Copperajah\n|\n|upkeep\n|\n|t:|1723645351\n|switch|p1a: Dusknoir|Dusknoir, L89, F|225/225\n|-status|p1a: Dusknoir|psn\n|-item|p2a: Slaking|Choice Band|[from] ability: Frisk|[of] p1a: Dusknoir\n|turn|5\n|c|\u2606slim workshop|this gets weirder and weirder\n|\n|t:|1723645360\n|switch|p2a: Masquerain|Masquerain, L87, M|264/264\n|-ability|p2a: Masquerain|Intimidate|boost\n|-unboost|p1a: Dusknoir|atk|1\n|-singleturn|p1a: Dusknoir|move: Focus Punch\n|move|p1a: Dusknoir|Focus Punch|p2a: Masquerain\n|-resisted|p2a: Masquerain\n|-damage|p2a: Masquerain|239/264\n|\n|-damage|p1a: Dusknoir|197/225 psn|[from] psn\n|upkeep\n|turn|6\n|\n|t:|1723645371\n|switch|p1a: Lanturn|Lanturn, L89, F|367/367\n|move|p2a: Masquerain|Sticky Web|p1a: Lanturn\n|-sidestart|p1: ggfsb|move: Sticky Web\n|\n|upkeep\n|turn|7\n|\n|t:|1723645378\n|move|p2a: Masquerain|U-turn|p1a: Lanturn\n|-damage|p1a: Lanturn|292/367\n|\n|t:|1723645382\n|switch|p2a: Zebstrika|Zebstrika, L87, F|272/272|[from] U-turn\n|move|p1a: Lanturn|Thunder Wave|p2a: Zebstrika\n|-immune|p2a: Zebstrika\n|\n|upkeep\n|turn|8\n|\n|t:|1723645390\n|switch|p1a: Gogoat|Gogoat, L88, F|360/360\n|-status|p1a: Gogoat|psn\n|-activate|p1a: Gogoat|move: Sticky Web\n|-unboost|p1a: Gogoat|spe|1\n|-terastallize|p2a: Zebstrika|Ground\n|move|p2a: Zebstrika|High Horsepower|p1a: Gogoat\n|-resisted|p1a: Gogoat\n|-damage|p1a: Gogoat|276/360 psn\n|-damage|p2a: Zebstrika|245/272|[from] item: Life Orb\n|\n|-heal|p1a: Gogoat|298/360 psn|[from] item: Leftovers\n|-damage|p1a: Gogoat|253/360 psn|[from] psn\n|upkeep\n|turn|9\n|\n|t:|1723645404\n|switch|p2a: Masquerain|Masquerain, L87, M|239/264\n|-ability|p2a: Masquerain|Intimidate|boost\n|-unboost|p1a: Gogoat|atk|1\n|move|p1a: Gogoat|Earthquake|p2a: Masquerain\n|-immune|p2a: Masquerain\n|\n|-heal|p1a: Gogoat|275/360 psn|[from] item: Leftovers\n|-damage|p1a: Gogoat|230/360 psn|[from] psn\n|upkeep\n|turn|10\n|\n|t:|1723645407\n|switch|p1a: Dusknoir|Dusknoir, L89, F|197/225 psn\n|-activate|p1a: Dusknoir|move: Sticky Web\n|-unboost|p1a: Dusknoir|spe|1\n|-item|p2a: Masquerain|Heavy-Duty Boots|[from] ability: Frisk|[of] p1a: Dusknoir\n|move|p2a: Masquerain|U-turn|p1a: Dusknoir\n|-resisted|p1a: Dusknoir\n|-crit|p1a: Dusknoir\n|-damage|p1a: Dusknoir|168/225 psn\n|\n|t:|1723645413\n|switch|p2a: Slaking|Slaking, L84, F|266/389|[from] U-turn\n|\n|-heal|p1a: Dusknoir|182/225 psn|[from] item: Leftovers\n|-damage|p1a: Dusknoir|154/225 psn|[from] psn\n|upkeep\n|turn|11\n|\n|t:|1723645417\n|move|p2a: Slaking|Knock Off|p1a: Dusknoir\n|-supereffective|p1a: Dusknoir\n|-damage|p1a: Dusknoir|0 fnt\n|-enditem|p1a: Dusknoir|Leftovers|[from] move: Knock Off|[of] p2a: Slaking\n|faint|p1a: Dusknoir\n|\n|upkeep\n|\n|t:|1723645429\n|switch|p1a: Lanturn|Lanturn, L89, F|292/367\n|turn|12\n|\n|t:|1723645433\n|switch|p2a: Greninja|Greninja, L80, M|222/246\n|move|p1a: Lanturn|Volt Switch|p2a: Greninja\n|-supereffective|p2a: Greninja\n|-damage|p2a: Greninja|58/246\n|\n|t:|1723645437\n|switch|p1a: Gogoat|Gogoat, L88, F|230/360 psn|[from] Volt Switch\n|-activate|p1a: Gogoat|move: Sticky Web\n|-unboost|p1a: Gogoat|spe|1\n|\n|-heal|p1a: Gogoat|252/360 psn|[from] item: Leftovers\n|-damage|p1a: Gogoat|207/360 psn|[from] psn\n|upkeep\n|turn|13\n|c|\u2606slim workshop|HOLY\n|\n|t:|1723645444\n|switch|p1a: Lanturn|Lanturn, L89, F|292/367\n|move|p2a: Greninja|Ice Beam|p1a: Lanturn\n|-start|p2a: Greninja|typechange|Ice|[from] ability: Protean\n|-resisted|p1a: Lanturn\n|-damage|p1a: Lanturn|230/367\n|-damage|p2a: Greninja|34/246|[from] item: Life Orb\n|\n|upkeep\n|turn|14\n|\n|t:|1723645447\n|move|p2a: Greninja|Toxic Spikes|p1a: Lanturn\n|-sidestart|p1: ggfsb|move: Toxic Spikes\n|move|p1a: Lanturn|Volt Switch|p2a: Greninja\n|-damage|p2a: Greninja|0 fnt\n|faint|p2a: Greninja\n|\n|t:|1723645453\n|switch|p1a: Gogoat|Gogoat, L88, F|207/360 psn|[from] Volt Switch\n|-activate|p1a: Gogoat|move: Sticky Web\n|-unboost|p1a: Gogoat|spe|1\n|\n|-heal|p1a: Gogoat|229/360 psn|[from] item: Leftovers\n|-damage|p1a: Gogoat|184/360 psn|[from] psn\n|upkeep\n|\n|t:|1723645456\n|switch|p2a: Masquerain|Masquerain, L87, M|239/264\n|-ability|p2a: Masquerain|Intimidate|boost\n|-unboost|p1a: Gogoat|atk|1\n|turn|15\n|\n|t:|1723645459\n|move|p2a: Masquerain|Bug Buzz|p1a: Gogoat\n|-supereffective|p1a: Gogoat\n|-damage|p1a: Gogoat|0 fnt\n|faint|p1a: Gogoat\n|\n|upkeep\n|\n|t:|1723645462\n|switch|p1a: Lanturn|Lanturn, L89, F|230/367\n|turn|16\n|\n|t:|1723645469\n|move|p2a: Masquerain|Bug Buzz|p1a: Lanturn\n|-damage|p1a: Lanturn|127/367\n|move|p1a: Lanturn|Scald|p2a: Masquerain\n|-damage|p2a: Masquerain|158/264\n|-status|p2a: Masquerain|brn\n|\n|-damage|p2a: Masquerain|142/264 brn|[from] brn\n|upkeep\n|turn|17\n|\n|t:|1723645472\n|move|p2a: Masquerain|Bug Buzz|p1a: Lanturn\n|-damage|p1a: Lanturn|24/367\n|move|p1a: Lanturn|Volt Switch|p2a: Masquerain\n|-supereffective|p2a: Masquerain\n|-damage|p2a: Masquerain|0 fnt\n|faint|p2a: Masquerain\n|\n|t:|1723645477\n|switch|p1a: Iron Crown|Iron Crown, L79|173/272|[from] Volt Switch\n|-activate|p1a: Iron Crown|move: Sticky Web\n|-unboost|p1a: Iron Crown|spe|1\n|\n|-heal|p1a: Iron Crown|190/272|[from] item: Leftovers\n|upkeep\n|\n|t:|1723645480\n|switch|p2a: Zebstrika|Zebstrika, L87, F, tera:Ground|245/272\n|turn|18\n|\n|t:|1723645494\n|-end|p1a: Iron Crown|Quark Drive|[silent]\n|switch|p1a: Lanturn|Lanturn, L89, F|24/367\n|move|p2a: Zebstrika|High Horsepower|p1a: Lanturn\n|-supereffective|p1a: Lanturn\n|-damage|p1a: Lanturn|0 fnt\n|faint|p1a: Lanturn\n|-damage|p2a: Zebstrika|218/272|[from] item: Life Orb\n|\n|upkeep\n|\n|t:|1723645497\n|switch|p1a: Kyogre|Kyogre, L71|259/259\n|-status|p1a: Kyogre|tox\n|-activate|p1a: Kyogre|move: Sticky Web\n|-unboost|p1a: Kyogre|spe|1\n|-weather|RainDance|[from] ability: Drizzle|[of] p1a: Kyogre\n|turn|19\n|\n|t:|1723645502\n|-terastallize|p1a: Kyogre|Steel\n|move|p2a: Zebstrika|Volt Switch|p1a: Kyogre\n|-damage|p1a: Kyogre|188/259 tox\n|-damage|p2a: Zebstrika|191/272|[from] item: Life Orb\n|-message|ggfsb forfeited.\n|\n|win|slim workshop\n|raw|ggfsb's rating: 2238 &rarr; <strong>2224</strong><br />(-14 for losing)\n|raw|slim workshop's rating: 2347 &rarr; <strong>2361</strong><br />(+14 for winning)\n|l|\u2606ggfsb\n|player|p1|\n|c|\u2606slim workshop|HOLY\n", "inputlog": ">version 0ec0e55f1850a834666cebe688662fdc67f44d3b\n>start {\"formatid\":\"gen9randombattle\",\"seed\":[24187,14000,10628,48835],\"rated\":\"Rated battle\"}\n>player p1 {\"name\":\"ggfsb\",\"avatar\":\"265\",\"rating\":2238,\"seed\":[61756,15155,11497,30787]}\n>player p2 {\"name\":\"slim workshop\",\"avatar\":\"2\",\"rating\":2347,\"seed\":[55972,371,28163,15185]}\n>p1 move focusblast\n>p2 move toxicspikes\n>p1 move calmmind\n>p2 move darkpulse\n>p1 move psyshock\n>p2 switch 5\n>p1 switch 5\n>p2 move earthquake\n>p1 switch 6\n>chat \u2606slim workshop|this gets weirder and weirder\n>p1 move focuspunch\n>p2 switch 3\n>p1 switch 2\n>p2 move stickyweb\n>p1 move thunderwave\n>p2 move uturn\n>p2 switch 6\n>p1 switch 3\n>p2 move highhorsepower terastallize\n>p1 move earthquake\n>p2 switch 6\n>p1 switch 2\n>p2 move uturn\n>p2 switch 3\n>p1 move painsplit\n>p2 move knockoff\n>p1 switch 3\n>p1 move voltswitch\n>p2 switch 5\n>p1 switch 2\n>chat \u2606slim workshop|HOLY\n>p1 switch 2\n>p2 move icebeam\n>p1 move voltswitch\n>p2 move toxicspikes\n>p1 switch 2\n>p2 switch 3\n>p1 move hornleech\n>p2 move bugbuzz\n>p1 switch 2\n>p1 move scald\n>p2 move bugbuzz\n>p1 move voltswitch\n>p2 move bugbuzz\n>p1 switch 5\n>p2 switch 6\n>p1 switch 5\n>p2 move highhorsepower\n>p1 switch 4\n>p1 move originpulse terastallize\n>p2 move voltswitch\n>forcelose p1", "uploadtime": 1723645513, "views": 129, "formatid": "gen9randombattle", "rating": 2224, "private": 0, "password": null}