{"id": "gen9randombattle-2125036232", "format": "[Gen 9] Random Battle", "players": ["PokeChess", "Micciu"], "log": "|badge|p1|bronze|gen9randombattle|100-1\n|uhtml|medal-msg|<div class=\"broadcast-blue\">Curious what those medals under the avatar are? PS now has Ladder Seasons! For more information, check out the <a href=\"https://www.smogon.com/forums/threads/3740067/\">thread on Smogon.</a></div>\n|j|\u2606PokeChess\n|j|\u2606Micciu\n|t:|1715876122\n|gametype|singles\n|player|p1|PokeChess|cynthia-anime2|2341\n|player|p2|Micciu|#pmpliidachsbuns|2289\n|teamsize|p1|6\n|teamsize|p2|6\n|gen|9\n|tier|[Gen 9] Random Battle\n|rated|\n|rule|Species Clause: Limit one of each Pok\u00e9mon\n|rule|HP Percentage Mod: HP is shown in percentages\n|rule|Sleep Clause Mod: Limit one foe put to sleep\n|rule|Illusion Level Mod: Illusion disguises the Pok\u00e9mon's true level\n|\n|t:|1715876122\n|start\n|switch|p1a: Oranguru|Oranguru, L92, F|315/315\n|switch|p2a: Deoxys|Deoxys-Speed, L82|216/216\n|-ability|p2a: Deoxys|Pressure\n|turn|1\n|j| nodnarBicus333\n|c|\u2606PokeChess|loved the ca\n|c|\u2606PokeChess|hf\n|l| nodnarBicus333\n|inactive|Battle timer is ON: inactive players will automatically lose when time's up. (requested by Micciu)\n|\n|t:|1715876145\n|move|p2a: Deoxys|Stealth Rock|p1a: Oranguru\n|-sidestart|p1: PokeChess|move: Stealth Rock\n|move|p1a: Oranguru|Hyper Voice|p2a: Deoxys\n|-damage|p2a: Deoxys|68/216\n|\n|upkeep\n|turn|2\n|\n|t:|1715876162\n|switch|p2a: Brambleghast|Brambleghast, L88, F|240/240\n|move|p1a: Oranguru|Hyper Voice|p2a: Brambleghast\n|-immune|p2a: Brambleghast\n|\n|upkeep\n|turn|3\n|\n|t:|1715876175\n|switch|p1a: Gurdurr|Gurdurr, L85, F|283/283\n|-damage|p1a: Gurdurr|266/283|[from] Stealth Rock\n|move|p2a: Brambleghast|Power Whip|p1a: Gurdurr\n|-damage|p1a: Gurdurr|154/283\n|\n|upkeep\n|turn|4\n|\n|t:|1715876197\n|move|p2a: Brambleghast|Leech Seed|p1a: Gurdurr\n|-start|p1a: Gurdurr|move: Leech Seed\n|move|p1a: Gurdurr|Defog|p2a: Brambleghast\n|-unboost|p2a: Brambleghast|evasion|1\n|-sideend|p1: PokeChess|Stealth Rock|[from] move: Defog|[of] p1a: Gurdurr\n|\n|-damage|p1a: Gurdurr|119/283|[from] Leech Seed|[of] p2a: Brambleghast\n|upkeep\n|turn|5\n|\n|t:|1715876217\n|switch|p1a: Armarouge|Armarouge, L81, F|270/270\n|move|p2a: Brambleghast|Substitute|p2a: Brambleghast\n|-start|p2a: Brambleghast|Substitute\n|-damage|p2a: Brambleghast|180/240\n|\n|-heal|p2a: Brambleghast|195/240|[from] item: Leftovers\n|upkeep\n|turn|6\n|\n|t:|1715876227\n|-terastallize|p1a: Armarouge|Fire\n|move|p2a: Brambleghast|Leech Seed|p1a: Armarouge\n|-start|p1a: Armarouge|move: Leech Seed\n|move|p1a: Armarouge|Armor Cannon|p2a: Brambleghast\n|-supereffective|p2a: Brambleghast\n|-end|p2a: Brambleghast|Substitute\n|-unboost|p1a: Armarouge|def|1\n|-unboost|p1a: Armarouge|spd|1\n|\n|-heal|p2a: Brambleghast|210/240|[from] item: Leftovers\n|-damage|p1a: Armarouge|237/270|[from] Leech Seed|[of] p2a: Brambleghast\n|-heal|p2a: Brambleghast|240/240|[silent]\n|upkeep\n|turn|7\n|\n|t:|1715876233\n|move|p2a: Brambleghast|Substitute|p2a: Brambleghast\n|-start|p2a: Brambleghast|Substitute\n|-damage|p2a: Brambleghast|180/240\n|move|p1a: Armarouge|Armor Cannon|p2a: Brambleghast\n|-supereffective|p2a: Brambleghast\n|-end|p2a: Brambleghast|Substitute\n|-unboost|p1a: Armarouge|def|1\n|-unboost|p1a: Armarouge|spd|1\n|\n|-heal|p2a: Brambleghast|195/240|[from] item: Leftovers\n|-damage|p1a: Armarouge|204/270|[from] Leech Seed|[of] p2a: Brambleghast\n|-heal|p2a: Brambleghast|228/240|[silent]\n|upkeep\n|turn|8\n|\n|t:|1715876239\n|switch|p1a: Oranguru|Oranguru, L92, F|315/315\n|move|p2a: Brambleghast|Substitute|p2a: Brambleghast\n|-start|p2a: Brambleghast|Substitute\n|-damage|p2a: Brambleghast|168/240\n|\n|-heal|p2a: Brambleghast|183/240|[from] item: Leftovers\n|upkeep\n|turn|9\n|\n|t:|1715876249\n|move|p2a: Brambleghast|Leech Seed|p1a: Oranguru\n|-start|p1a: Oranguru|move: Leech Seed\n|move|p1a: Oranguru|Thunderbolt|p2a: Brambleghast\n|-resisted|p2a: Brambleghast\n|-end|p2a: Brambleghast|Substitute\n|\n|-heal|p2a: Brambleghast|198/240|[from] item: Leftovers\n|-damage|p1a: Oranguru|276/315|[from] Leech Seed|[of] p2a: Brambleghast\n|-heal|p2a: Brambleghast|237/240|[silent]\n|upkeep\n|turn|10\n|\n|t:|1715876264\n|switch|p1a: Iron Bundle|Iron Bundle, L77|213/213\n|move|p2a: Brambleghast|Substitute|p2a: Brambleghast\n|-start|p2a: Brambleghast|Substitute\n|-damage|p2a: Brambleghast|177/240\n|\n|-heal|p2a: Brambleghast|192/240|[from] item: Leftovers\n|upkeep\n|turn|11\n|\n|t:|1715876268\n|move|p1a: Iron Bundle|Encore|p2a: Brambleghast\n|-start|p2a: Brambleghast|Encore\n|move|p2a: Brambleghast|Substitute|p2a: Brambleghast\n|-fail|p2a: Brambleghast|move: Substitute\n|\n|-heal|p2a: Brambleghast|207/240|[from] item: Leftovers\n|upkeep\n|turn|12\n|\n|t:|1715876272\n|switch|p2a: Magearna|Magearna-Original, L77|250/250\n|move|p1a: Iron Bundle|Flip Turn|p2a: Magearna\n|-damage|p2a: Magearna|207/250\n|\n|t:|1715876277\n|-end|p1a: Iron Bundle|Quark Drive|[silent]\n|switch|p1a: Armarouge|Armarouge, L81, F, tera:Fire|204/270|[from] Flip Turn\n|\n|upkeep\n|turn|13\n|\n|t:|1715876284\n|switch|p2a: Deoxys|Deoxys-Speed, L82|68/216\n|-ability|p2a: Deoxys|Pressure\n|move|p1a: Armarouge|Armor Cannon|p2a: Deoxys\n|-damage|p2a: Deoxys|0 fnt\n|-unboost|p1a: Armarouge|def|1\n|-unboost|p1a: Armarouge|spd|1\n|faint|p2a: Deoxys\n|\n|upkeep\n|\n|t:|1715876290\n|switch|p2a: Toxicroak|Toxicroak, L84, M|277/277\n|turn|14\n|inactive|PokeChess has 120 seconds left.\n|\n|t:|1715876325\n|switch|p1a: Gurdurr|Gurdurr, L85, F|119/283\n|move|p2a: Toxicroak|Close Combat|p1a: Gurdurr\n|-damage|p1a: Gurdurr|1/283\n|-unboost|p2a: Toxicroak|def|1\n|-unboost|p2a: Toxicroak|spd|1\n|-damage|p2a: Toxicroak|250/277|[from] item: Life Orb\n|\n|upkeep\n|turn|15\n|inactive|PokeChess has 120 seconds left.\n|\n|t:|1715876345\n|move|p1a: Gurdurr|Mach Punch|p2a: Toxicroak\n|-resisted|p2a: Toxicroak\n|-damage|p2a: Toxicroak|205/277\n|move|p2a: Toxicroak|Knock Off|p1a: Gurdurr\n|-resisted|p1a: Gurdurr\n|-damage|p1a: Gurdurr|0 fnt\n|-enditem|p1a: Gurdurr|Eviolite|[from] move: Knock Off|[of] p2a: Toxicroak\n|faint|p1a: Gurdurr\n|-damage|p2a: Toxicroak|178/277|[from] item: Life Orb\n|\n|upkeep\n|inactive|PokeChess has 90 seconds left.\n|inactive|PokeChess has 60 seconds left.\n|\n|t:|1715876408\n|switch|p1a: Regigigas|Regigigas, L84|322/322\n|-start|p1a: Regigigas|ability: Slow Start\n|turn|16\n|\n|t:|1715876429\n|move|p2a: Toxicroak|Close Combat|p1a: Regigigas\n|-supereffective|p1a: Regigigas\n|-damage|p1a: Regigigas|18/322\n|-unboost|p2a: Toxicroak|def|1\n|-unboost|p2a: Toxicroak|spd|1\n|-damage|p2a: Toxicroak|151/277|[from] item: Life Orb\n|move|p1a: Regigigas|Body Slam|p2a: Toxicroak\n|-damage|p2a: Toxicroak|0 fnt\n|faint|p2a: Toxicroak\n|\n|-heal|p1a: Regigigas|38/322|[from] item: Leftovers\n|upkeep\n|\n|t:|1715876433\n|switch|p2a: Conkeldurr|Conkeldurr, L80, M|299/299\n|turn|17\n|\n|t:|1715876449\n|move|p2a: Conkeldurr|Knock Off|p1a: Regigigas\n|-damage|p1a: Regigigas|0 fnt\n|-enditem|p1a: Regigigas|Leftovers|[from] move: Knock Off|[of] p2a: Conkeldurr\n|faint|p1a: Regigigas\n|-end|p1a: Regigigas|Slow Start|[silent]\n|\n|-status|p2a: Conkeldurr|brn|[from] item: Flame Orb\n|upkeep\n|inactive|PokeChess has 60 seconds left.\n|\n|t:|1715876465\n|switch|p1a: Armarouge|Armarouge, L81, F, tera:Fire|204/270\n|turn|18\n|\n|t:|1715876476\n|-terastallize|p2a: Conkeldurr|Normal\n|move|p1a: Armarouge|Armor Cannon|p2a: Conkeldurr\n|-damage|p2a: Conkeldurr|0 fnt\n|-unboost|p1a: Armarouge|def|1\n|-unboost|p1a: Armarouge|spd|1\n|faint|p2a: Conkeldurr\n|\n|upkeep\n|\n|t:|1715876485\n|switch|p2a: Brambleghast|Brambleghast, L88, F|207/240\n|turn|19\n|\n|t:|1715876498\n|switch|p1a: Iron Bundle|Iron Bundle, L77|213/213\n|move|p2a: Brambleghast|Substitute|p2a: Brambleghast\n|-start|p2a: Brambleghast|Substitute\n|-damage|p2a: Brambleghast|147/240\n|\n|-heal|p2a: Brambleghast|162/240|[from] item: Leftovers\n|upkeep\n|turn|20\n|\n|t:|1715876506\n|switch|p2a: Magearna|Magearna-Original, L77|207/250\n|move|p1a: Iron Bundle|Flip Turn|p2a: Magearna\n|-damage|p2a: Magearna|168/250\n|\n|t:|1715876509\n|-end|p1a: Iron Bundle|Quark Drive|[silent]\n|switch|p1a: Armarouge|Armarouge, L81, F, tera:Fire|204/270|[from] Flip Turn\n|\n|upkeep\n|turn|21\n|\n|t:|1715876516\n|move|p1a: Armarouge|Armor Cannon|p2a: Magearna\n|-supereffective|p2a: Magearna\n|-damage|p2a: Magearna|0 fnt\n|-unboost|p1a: Armarouge|def|1\n|-unboost|p1a: Armarouge|spd|1\n|faint|p2a: Magearna\n|\n|upkeep\n|\n|t:|1715876518\n|switch|p2a: Kilowattrel|Kilowattrel, L83, M|252/252\n|turn|22\n|\n|t:|1715876531\n|switch|p1a: Ogerpon|Ogerpon, L80, F|259/259\n|move|p2a: Kilowattrel|Thunderbolt|p1a: Ogerpon\n|-resisted|p1a: Ogerpon\n|-damage|p1a: Ogerpon|210/259\n|\n|-heal|p1a: Ogerpon|226/259|[from] item: Leftovers\n|upkeep\n|turn|23\n|\n|t:|1715876540\n|move|p2a: Kilowattrel|Hurricane|p1a: Ogerpon\n|-supereffective|p1a: Ogerpon\n|-damage|p1a: Ogerpon|0 fnt\n|faint|p1a: Ogerpon\n|\n|upkeep\n|inactive|PokeChess has 90 seconds left.\n|\n|t:|1715876563\n|switch|p1a: Armarouge|Armarouge, L81, F, tera:Fire|204/270\n|turn|24\n|\n|t:|1715876576\n|switch|p2a: Brambleghast|Brambleghast, L88, F|162/240\n|move|p1a: Armarouge|Armor Cannon|p2a: Brambleghast\n|-supereffective|p2a: Brambleghast\n|-damage|p2a: Brambleghast|0 fnt\n|-unboost|p1a: Armarouge|def|1\n|-unboost|p1a: Armarouge|spd|1\n|faint|p2a: Brambleghast\n|\n|upkeep\n|\n|t:|1715876579\n|switch|p2a: Kilowattrel|Kilowattrel, L83, M|252/252\n|turn|25\n|\n|t:|1715876584\n|switch|p1a: Iron Bundle|Iron Bundle, L77|213/213\n|move|p2a: Kilowattrel|Thunderbolt|p1a: Iron Bundle\n|-supereffective|p1a: Iron Bundle\n|-damage|p1a: Iron Bundle|0 fnt\n|faint|p1a: Iron Bundle\n|-end|p1a: Iron Bundle|Quark Drive|[silent]\n|\n|upkeep\n|\n|t:|1715876586\n|switch|p1a: Oranguru|Oranguru, L92, F|276/315\n|turn|26\n|\n|t:|1715876591\n|move|p2a: Kilowattrel|Thunder Wave|p1a: Oranguru\n|-status|p1a: Oranguru|par\n|cant|p1a: Oranguru|par\n|\n|upkeep\n|turn|27\n|\n|t:|1715876595\n|move|p2a: Kilowattrel|Hurricane|p1a: Oranguru\n|-damage|p1a: Oranguru|186/315 par\n|cant|p1a: Oranguru|par\n|\n|upkeep\n|turn|28\n|\n|t:|1715876599\n|move|p2a: Kilowattrel|Hurricane|p1a: Oranguru\n|-damage|p1a: Oranguru|87/315 par\n|move|p1a: Oranguru|Hyper Voice|p2a: Kilowattrel\n|-damage|p2a: Kilowattrel|42/252\n|\n|upkeep\n|turn|29\n|\n|t:|1715876605\n|move|p2a: Kilowattrel|Thunderbolt|p1a: Oranguru\n|-damage|p1a: Oranguru|14/315 par\n|move|p1a: Oranguru|Hyper Voice|p2a: Kilowattrel\n|-damage|p2a: Kilowattrel|0 fnt\n|faint|p2a: Kilowattrel\n|\n|win|PokeChess\n|raw|PokeChess's rating: 2341 &rarr; <strong>2356</strong><br />(+15 for winning)\n|raw|Micciu's rating: 2252 &rarr; <strong>2237</strong><br />(-15 for losing)\n|l|\u2606Micciu\n|player|p2|\n", "inputlog": ">version 3855c708e524154d4b62cef35ef8b05886380142\n>start {\"formatid\":\"gen9randombattle\",\"seed\":[37387,44820,35684,39816],\"rated\":\"Rated battle\"}\n>player p1 {\"name\":\"PokeChess\",\"avatar\":\"cynthia-anime2\",\"rating\":2341,\"seed\":[34111,27129,26945,59007]}\n>player p2 {\"name\":\"Micciu\",\"avatar\":\"#pmpliidachsbuns\",\"rating\":2289,\"seed\":[18967,11241,22293,2893]}\n>chat \u2606PokeChess|loved the ca\n>chat \u2606PokeChess|hf\n>p1 move hypervoice\n>p2 move stealthrock\n>p1 move hypervoice\n>p2 switch 6\n>p1 switch 2\n>p2 move powerwhip\n>p1 move defog\n>p2 move leechseed\n>p1 switch 5\n>p2 move substitute\n>p1 move armorcannon terastallize\n>p2 move leechseed\n>p1 move armorcannon\n>p2 move substitute\n>p1 switch 2\n>p2 move substitute\n>p1 move thunderbolt\n>p2 move leechseed\n>p1 switch 3\n>p2 move substitute\n>p1 move encore\n>p2 move powerwhip\n>p1 move flipturn\n>p2 switch 5\n>p1 switch 2\n>p1 move armorcannon\n>p2 switch 6\n>p2 switch 4\n>p1 switch 5\n>p2 move closecombat\n>p1 move machpunch\n>p2 move knockoff\n>p1 switch 6\n>p1 move bodyslam\n>p2 move closecombat\n>p2 switch 2\n>p1 move knockoff\n>p2 move knockoff\n>p1 switch 5\n>p1 move armorcannon\n>p2 move facade terastallize\n>p2 switch 5\n>p1 switch 2\n>p2 move substitute\n>p1 move flipturn\n>p2 switch 6\n>p1 switch 2\n>p1 move armorcannon\n>p2 move fleurcannon\n>p2 switch 3\n>p1 switch 4\n>p2 move thunderbolt\n>p1 move spikes\n>p2 move hurricane\n>p1 switch 4\n>p1 move armorcannon\n>p2 switch 6\n>p2 switch 6\n>p1 switch 2\n>p2 move thunderbolt\n>p1 switch 3\n>p1 move hypervoice\n>p2 move thunderwave\n>p1 move hypervoice\n>p2 move hurricane\n>p1 move hypervoice\n>p2 move hurricane\n>p1 move hypervoice\n>p2 move thunderbolt", "uploadtime": 1715876614, "views": 220, "formatid": "gen9randombattle", "rating": 2237, "private": 0, "password": null}