{"id": "gen9randombattle-2260377648", "format": "[Gen 9] Random Battle", "players": ["djbobbybaba4K", "fyufdvhvyffd"], "log": "|j|\u2606djbobbybaba4K\n|j|\u2606fyufdvhvyffd\n|t:|1733845658\n|gametype|singles\n|player|p1|djbobbybaba4K|2|\n|player|p2|fyufdvhvyffd|265|\n|teamsize|p1|6\n|teamsize|p2|6\n|gen|9\n|tier|[Gen 9] Random Battle\n|rule|Species Clause: Limit one of each Pok\u00e9mon\n|rule|HP Percentage Mod: HP is shown in percentages\n|rule|Sleep Clause Mod: Limit one foe put to sleep\n|rule|Illusion Level Mod: Illusion disguises the Pok\u00e9mon's true level\n|\n|t:|1733845658\n|start\n|switch|p1a: Typhlosion|Typhlosion-Hisui, L83, M|257/257\n|switch|p2a: Froslass|Froslass, L87, F|263/263\n|turn|1\n|\n|t:|1733845700\n|switch|p2a: Keldeo|Keldeo-Resolute, L79|273/273\n|move|p1a: Typhlosion|Substitute|p1a: Typhlosion\n|-start|p1a: Typhlosion|Substitute\n|-damage|p1a: Typhlosion|193/257\n|\n|-heal|p1a: Typhlosion|209/257|[from] item: Leftovers\n|upkeep\n|turn|2\n|\n|t:|1733845711\n|move|p2a: Keldeo|Flip Turn|p1a: Typhlosion\n|-supereffective|p1a: Typhlosion\n|-end|p1a: Typhlosion|Substitute\n|\n|t:|1733845725\n|switch|p2a: Flamigo|Flamigo, L82, M|269/269|[from] Flip Turn\n|move|p1a: Typhlosion|Shadow Ball|p2a: Flamigo\n|-damage|p2a: Flamigo|143/269\n|\n|-heal|p1a: Typhlosion|225/257|[from] item: Leftovers\n|upkeep\n|turn|3\n|\n|t:|1733845738\n|move|p1a: Typhlosion|Calm Mind|p1a: Typhlosion\n|-boost|p1a: Typhlosion|spa|1\n|-boost|p1a: Typhlosion|spd|1\n|move|p2a: Flamigo|Close Combat|p1a: Typhlosion\n|-damage|p1a: Typhlosion|18/257\n|-unboost|p2a: Flamigo|def|1\n|-unboost|p2a: Flamigo|spd|1\n|-damage|p2a: Flamigo|117/269|[from] item: Life Orb\n|\n|-heal|p1a: Typhlosion|34/257|[from] item: Leftovers\n|upkeep\n|turn|4\n|\n|t:|1733845751\n|move|p1a: Typhlosion|Shadow Ball|p2a: Flamigo\n|-damage|p2a: Flamigo|0 fnt\n|faint|p2a: Flamigo\n|\n|-heal|p1a: Typhlosion|50/257|[from] item: Leftovers\n|upkeep\n|\n|t:|1733845770\n|switch|p2a: Deoxys|Deoxys-Attack, L72|191/191\n|-ability|p2a: Deoxys|Pressure\n|turn|5\n|\n|t:|1733845780\n|move|p2a: Deoxys|Knock Off|p1a: Typhlosion\n|-supereffective|p1a: Typhlosion\n|-damage|p1a: Typhlosion|0 fnt\n|-enditem|p1a: Typhlosion|Leftovers|[from] move: Knock Off|[of] p2a: Deoxys\n|faint|p1a: Typhlosion\n|-damage|p2a: Deoxys|172/191|[from] item: Life Orb\n|\n|upkeep\n|\n|t:|1733845791\n|switch|p1a: Appletun|Appletun, L92, M|352/352\n|turn|6\n|\n|t:|1733845805\n|switch|p2a: Overqwil|Overqwil, L82, M|274/274\n|-ability|p2a: Overqwil|Intimidate|boost\n|-unboost|p1a: Appletun|atk|1\n|move|p1a: Appletun|Leech Seed|p2a: Overqwil\n|-start|p2a: Overqwil|move: Leech Seed\n|\n|-damage|p2a: Overqwil|240/274|[from] Leech Seed|[of] p1a: Appletun\n|upkeep\n|turn|7\n|\n|t:|1733845817\n|move|p2a: Overqwil|Gunk Shot|p1a: Appletun\n|-supereffective|p1a: Appletun\n|-crit|p1a: Appletun\n|-damage|p1a: Appletun|0 fnt\n|faint|p1a: Appletun\n|\n|upkeep\n|\n|t:|1733845825\n|switch|p1a: Toxtricity|Toxtricity, L82, M|257/257\n|turn|8\n|\n|t:|1733845830\n|move|p2a: Overqwil|Gunk Shot|p1a: Toxtricity\n|-resisted|p1a: Toxtricity\n|-damage|p1a: Toxtricity|131/257\n|move|p1a: Toxtricity|Shift Gear|p1a: Toxtricity\n|-boost|p1a: Toxtricity|spe|2\n|-boost|p1a: Toxtricity|atk|1\n|\n|-damage|p2a: Overqwil|206/274|[from] Leech Seed|[of] p1a: Toxtricity\n|-heal|p1a: Toxtricity|165/257|[silent]\n|upkeep\n|turn|9\n|\n|t:|1733845844\n|move|p1a: Toxtricity|Overdrive|p2a: Overqwil\n|-damage|p2a: Overqwil|55/274\n|-enditem|p1a: Toxtricity|Throat Spray\n|-boost|p1a: Toxtricity|spa|1|[from] item: Throat Spray\n|move|p2a: Overqwil|Gunk Shot|p1a: Toxtricity\n|-resisted|p1a: Toxtricity\n|-damage|p1a: Toxtricity|44/257\n|\n|-damage|p2a: Overqwil|21/274|[from] Leech Seed|[of] p1a: Toxtricity\n|-heal|p1a: Toxtricity|78/257|[silent]\n|upkeep\n|turn|10\n|\n|t:|1733845857\n|move|p1a: Toxtricity|Overdrive|p2a: Overqwil\n|-damage|p2a: Overqwil|0 fnt\n|faint|p2a: Overqwil\n|\n|upkeep\n|\n|t:|1733845864\n|switch|p2a: Brambleghast|Brambleghast, L88, M|240/240\n|turn|11\n|\n|t:|1733845877\n|move|p1a: Toxtricity|Gunk Shot|p2a: Brambleghast\n|-damage|p2a: Brambleghast|17/240\n|move|p2a: Brambleghast|Poltergeist||[still]\n|-fail|p2a: Brambleghast\n|\n|upkeep\n|turn|12\n|inactive|Battle timer is ON: inactive players will automatically lose when time's up. (requested by fyufdvhvyffd)\n|\n|t:|1733845888\n|move|p1a: Toxtricity|Overdrive|p2a: Brambleghast\n|-resisted|p2a: Brambleghast\n|-damage|p2a: Brambleghast|0 fnt\n|faint|p2a: Brambleghast\n|\n|upkeep\n|\n|t:|1733845896\n|switch|p2a: Froslass|Froslass, L87, F|263/263\n|turn|13\n|\n|t:|1733845911\n|-terastallize|p2a: Froslass|Ghost\n|move|p1a: Toxtricity|Overdrive|p2a: Froslass\n|-damage|p2a: Froslass|47/263\n|-start|p1a: Toxtricity|Disable|Overdrive|[from] ability: Cursed Body|[of] p2a: Froslass\n|move|p2a: Froslass|Will-O-Wisp|p1a: Toxtricity\n|-status|p1a: Toxtricity|brn\n|\n|-damage|p1a: Toxtricity|62/257 brn|[from] brn\n|upkeep\n|turn|14\n|\n|t:|1733845928\n|move|p1a: Toxtricity|Gunk Shot|p2a: Froslass\n|-resisted|p2a: Froslass\n|-damage|p2a: Froslass|0 fnt\n|faint|p2a: Froslass\n|\n|-damage|p1a: Toxtricity|46/257 brn|[from] brn\n|upkeep\n|\n|t:|1733845937\n|switch|p2a: Keldeo|Keldeo-Resolute, L79|273/273\n|turn|15\n|\n|t:|1733845943\n|-terastallize|p1a: Toxtricity|Normal\n|move|p1a: Toxtricity|Boomburst|p2a: Keldeo\n|-damage|p2a: Keldeo|0 fnt\n|faint|p2a: Keldeo\n|\n|-damage|p1a: Toxtricity|30/257 brn|[from] brn\n|upkeep\n|\n|t:|1733845953\n|switch|p2a: Deoxys|Deoxys-Attack, L72|172/191\n|-ability|p2a: Deoxys|Pressure\n|turn|16\n|\n|t:|1733845961\n|move|p1a: Toxtricity|Boomburst|p2a: Deoxys\n|-damage|p2a: Deoxys|0 fnt\n|faint|p2a: Deoxys\n|\n|win|djbobbybaba4K\n|l|\u2606djbobbybaba4K\n|player|p1|\n", "inputlog": ">version bfd83cad13791eb5a5a409923076391caf6fb4d4\n>start {\"formatid\":\"gen9randombattle\",\"seed\":[8370,37624,3483,7162]}\n>player p1 {\"name\":\"djbobbybaba4K\",\"avatar\":\"2\",\"rating\":0,\"seed\":[52561,36197,34,50589]}\n>player p2 {\"name\":\"fyufdvhvyffd\",\"avatar\":\"265\",\"rating\":0,\"seed\":[35748,36980,48534,6371]}\n>p1 move substitute\n>p2 switch 3\n>p1 move shadowball\n>p2 move flipturn\n>p2 switch 4\n>p1 move calmmind\n>p2 move closecombat\n>p1 move shadowball\n>p2 move closecombat\n>p2 switch 6\n>p1 move shadowball\n>p2 move knockoff\n>p1 switch 3\n>p1 move leechseed\n>p2 switch 5\n>p1 move appleacid\n>p2 move gunkshot\n>p1 switch 6\n>p1 move shiftgear\n>p2 move gunkshot\n>p1 move overdrive\n>p2 move gunkshot\n>p1 move overdrive\n>p2 move gunkshot\n>p2 switch 2\n>p1 move gunkshot\n>p2 move poltergeist\n>p1 move overdrive\n>p2 move strengthsap\n>p2 switch 3\n>p1 move overdrive\n>p2 move willowisp terastallize\n>p1 move gunkshot\n>p2 move tripleaxel\n>p2 switch 4\n>p1 move boomburst terastallize\n>p2 move flipturn\n>p2 switch 5\n>p1 move boomburst\n>p2 move psychoboost", "uploadtime": 1733845981, "views": 1, "formatid": "gen9randombattle", "rating": null, "private": 0, "password": null}