{"id": "gen9randombattle-2260099120", "format": "[Gen 9] Random Battle", "players": ["Obvwakey", "obvsilly"], "log": "|j|\u2606Obvwakey\n|j|\u2606obvsilly\n|t:|1733802260\n|gametype|singles\n|player|p1|Obvwakey|169|\n|player|p2|obvsilly|169|\n|teamsize|p1|6\n|teamsize|p2|6\n|gen|9\n|tier|[Gen 9] Random Battle\n|rule|Species Clause: Limit one of each Pok\u00e9mon\n|rule|HP Percentage Mod: HP is shown in percentages\n|rule|Sleep Clause Mod: Limit one foe put to sleep\n|rule|Illusion Level Mod: Illusion disguises the Pok\u00e9mon's true level\n|\n|t:|1733802260\n|start\n|switch|p1a: Kingdra|Kingdra, L84, F|263/263\n|switch|p2a: Rotom|Rotom-Frost, L87|229/229\n|turn|1\n|c|\u2606obvsilly|fuck ur kingdra\n|c|\u2606Obvwakey|really?\n|c|\u2606Obvwakey|go ahead\n|c|\u2606Obvwakey|niga\n|c|\u2606Obvwakey|I love DDD\n|n|\u203dobvsilly|obvsilly\n|n|\u203dObvwakey|obvwakey\n|\n|t:|1733802320\n|move|p2a: Rotom|Blizzard|p1a: Kingdra\n|-damage|p1a: Kingdra|133/263\n|move|p1a: Kingdra|Dragon Dance|p1a: Kingdra\n|-boost|p1a: Kingdra|atk|1\n|-boost|p1a: Kingdra|spe|1\n|\n|upkeep\n|turn|2\n|\n|t:|1733802332\n|move|p1a: Kingdra|Iron Head|p2a: Rotom\n|-damage|p2a: Rotom|162/229\n|move|p2a: Rotom|Thunderbolt|p1a: Kingdra\n|-damage|p1a: Kingdra|22/263\n|\n|upkeep\n|turn|3\n|\n|t:|1733802341\n|move|p1a: Kingdra|Outrage|p2a: Rotom\n|-damage|p2a: Rotom|5/229\n|move|p2a: Rotom|Volt Switch|p1a: Kingdra\n|-damage|p1a: Kingdra|0 fnt\n|faint|p1a: Kingdra\n|\n|t:|1733802348\n|switch|p2a: Chi-Yu|Chi-Yu, L77|211/211|[from] Volt Switch\n|-ability|p2a: Chi-Yu|Beads of Ruin\n|\n|upkeep\n|\n|t:|1733802355\n|switch|p1a: Lumineon|Lumineon, L93, M|279/279\n|turn|4\n|\n|t:|1733802363\n|move|p1a: Lumineon|Hydro Pump|p2a: Chi-Yu\n|-supereffective|p2a: Chi-Yu\n|-damage|p2a: Chi-Yu|0 fnt\n|faint|p2a: Chi-Yu\n|\n|upkeep\n|\n|t:|1733802372\n|switch|p2a: Maushold|Maushold, L76|238/238\n|turn|5\n|\n|t:|1733802379\n|move|p1a: Lumineon|Hydro Pump|p2a: Maushold\n|-damage|p2a: Maushold|15/238\n|move|p2a: Maushold|Encore|p1a: Lumineon\n|-start|p1a: Lumineon|Encore\n|\n|upkeep\n|turn|6\n|\n|t:|1733802387\n|switch|p1a: Azelf|Azelf, L82|257/257\n|move|p2a: Maushold|Population Bomb|p1a: Azelf\n|-damage|p1a: Azelf|227/257\n|-damage|p1a: Azelf|199/257\n|-damage|p1a: Azelf|172/257\n|-damage|p1a: Azelf|147/257\n|-damage|p1a: Azelf|119/257\n|-damage|p1a: Azelf|92/257\n|-damage|p1a: Azelf|64/257\n|-damage|p1a: Azelf|37/257\n|-damage|p1a: Azelf|7/257\n|-damage|p1a: Azelf|0 fnt\n|faint|p1a: Azelf\n|-hitcount|p1: Azelf|10\n|\n|upkeep\n|\n|t:|1733802407\n|switch|p1a: Lumineon|Lumineon, L93, M|279/279\n|turn|7\n|\n|t:|1733802413\n|move|p1a: Lumineon|Ice Beam|p2a: Maushold\n|-damage|p2a: Maushold|0 fnt\n|faint|p2a: Maushold\n|\n|upkeep\n|\n|t:|1733802419\n|switch|p2a: Dondozo|Dondozo, L78, F|362/362\n|turn|8\n|\n|t:|1733802426\n|move|p1a: Lumineon|Ice Beam|p2a: Dondozo\n|-resisted|p2a: Dondozo\n|-damage|p2a: Dondozo|299/362\n|move|p2a: Dondozo|Wave Crash|p1a: Lumineon\n|-ability|p1a: Lumineon|Storm Drain|boost\n|-boost|p1a: Lumineon|spa|1\n|\n|-heal|p2a: Dondozo|321/362|[from] item: Leftovers\n|upkeep\n|turn|9\n|\n|t:|1733802436\n|switch|p2a: Iron Leaves|Iron Leaves, L80|275/275\n|move|p1a: Lumineon|Ice Beam|p2a: Iron Leaves\n|-supereffective|p2a: Iron Leaves\n|-damage|p2a: Iron Leaves|33/275\n|\n|upkeep\n|turn|10\n|\n|t:|1733802444\n|move|p1a: Lumineon|Ice Beam|p2a: Iron Leaves\n|-supereffective|p2a: Iron Leaves\n|-damage|p2a: Iron Leaves|0 fnt\n|faint|p2a: Iron Leaves\n|-end|p2a: Iron Leaves|Quark Drive|[silent]\n|\n|upkeep\n|\n|t:|1733802449\n|switch|p2a: Salazzle|Salazzle, L83, F|249/249\n|turn|11\n|\n|t:|1733802453\n|move|p2a: Salazzle|Sludge Wave|p1a: Lumineon\n|-damage|p1a: Lumineon|177/279\n|move|p1a: Lumineon|Ice Beam|p2a: Salazzle\n|-resisted|p2a: Salazzle\n|-damage|p2a: Salazzle|159/249\n|\n|upkeep\n|turn|12\n|\n|t:|1733802460\n|move|p2a: Salazzle|Sludge Wave|p1a: Lumineon\n|-damage|p1a: Lumineon|77/279\n|move|p1a: Lumineon|Ice Beam|p2a: Salazzle\n|-resisted|p2a: Salazzle\n|-damage|p2a: Salazzle|74/249\n|\n|upkeep\n|turn|13\n|\n|t:|1733802467\n|move|p2a: Salazzle|Sludge Wave|p1a: Lumineon\n|-damage|p1a: Lumineon|0 fnt\n|faint|p1a: Lumineon\n|\n|upkeep\n|\n|t:|1733802472\n|switch|p1a: Frosmoth|Frosmoth, L82, M|249/249\n|turn|14\n|\n|t:|1733802485\n|move|p2a: Salazzle|Fire Blast|p1a: Frosmoth\n|-supereffective|p1a: Frosmoth\n|-damage|p1a: Frosmoth|3/249\n|move|p1a: Frosmoth|Quiver Dance|p1a: Frosmoth\n|-boost|p1a: Frosmoth|spa|1\n|-boost|p1a: Frosmoth|spd|1\n|-boost|p1a: Frosmoth|spe|1\n|\n|upkeep\n|turn|15\n|\n|t:|1733802493\n|move|p2a: Salazzle|Fire Blast|p1a: Frosmoth\n|-supereffective|p1a: Frosmoth\n|-damage|p1a: Frosmoth|0 fnt\n|faint|p1a: Frosmoth\n|\n|upkeep\n|\n|t:|1733802496\n|switch|p1a: Chimecho|Chimecho, L93, F|290/290\n|turn|16\n|\n|t:|1733802506\n|move|p2a: Salazzle|Fire Blast|p1a: Chimecho\n|-damage|p1a: Chimecho|172/290\n|move|p1a: Chimecho|Dazzling Gleam|p2a: Salazzle\n|-resisted|p2a: Salazzle\n|-damage|p2a: Salazzle|51/249\n|\n|-heal|p1a: Chimecho|190/290|[from] item: Leftovers\n|upkeep\n|turn|17\n|\n|t:|1733802514\n|move|p2a: Salazzle|Fire Blast|p1a: Chimecho\n|-damage|p1a: Chimecho|82/290\n|move|p1a: Chimecho|Cosmic Power|p1a: Chimecho\n|-boost|p1a: Chimecho|def|1\n|-boost|p1a: Chimecho|spd|1\n|\n|-heal|p1a: Chimecho|100/290|[from] item: Leftovers\n|upkeep\n|turn|18\n|\n|t:|1733802522\n|move|p2a: Salazzle|Fire Blast|p1a: Chimecho\n|-damage|p1a: Chimecho|28/290\n|move|p1a: Chimecho|Stored Power|p2a: Salazzle\n|-supereffective|p2a: Salazzle\n|-damage|p2a: Salazzle|0 fnt\n|faint|p2a: Salazzle\n|\n|-heal|p1a: Chimecho|46/290|[from] item: Leftovers\n|upkeep\n|\n|t:|1733802535\n|switch|p2a: Rotom|Rotom-Frost, L87|5/229\n|turn|19\n|\n|t:|1733802542\n|move|p2a: Rotom|Blizzard|p1a: Chimecho\n|-damage|p1a: Chimecho|0 fnt\n|faint|p1a: Chimecho\n|\n|upkeep\n|\n|t:|1733802547\n|switch|p1a: Iron Jugulis|Iron Jugulis, L78|275/275\n|turn|20\n|\n|t:|1733802552\n|-terastallize|p1a: Iron Jugulis|Dark\n|move|p1a: Iron Jugulis|Dark Pulse|p2a: Rotom\n|-damage|p2a: Rotom|0 fnt\n|faint|p2a: Rotom\n|\n|upkeep\n|\n|t:|1733802557\n|switch|p2a: Dondozo|Dondozo, L78, F|321/362\n|turn|21\n|\n|t:|1733802563\n|move|p1a: Iron Jugulis|Dark Pulse|p2a: Dondozo\n|-damage|p2a: Dondozo|71/362\n|move|p2a: Dondozo|Wave Crash|p1a: Iron Jugulis\n|-damage|p1a: Iron Jugulis|149/275\n|-damage|p2a: Dondozo|29/362|[from] Recoil\n|\n|-heal|p2a: Dondozo|51/362|[from] item: Leftovers\n|upkeep\n|turn|22\n|\n|t:|1733802575\n|-terastallize|p2a: Dondozo|Dragon\n|move|p1a: Iron Jugulis|Dark Pulse|p2a: Dondozo\n|-damage|p2a: Dondozo|0 fnt\n|faint|p2a: Dondozo\n|\n|win|Obvwakey\n", "inputlog": ">version bfd83cad13791eb5a5a409923076391caf6fb4d4\n>start {\"formatid\":\"gen9randombattle\",\"seed\":[49347,50984,58888,21949]}\n>player p1 {\"name\":\"Obvwakey\",\"avatar\":\"169\",\"rating\":0,\"seed\":[26614,18224,10000,47383]}\n>player p2 {\"name\":\"obvsilly\",\"avatar\":\"169\",\"rating\":0,\"seed\":[39448,52867,7960,2880]}\n>chat \u2606obvsilly|fuck ur kingdra\n>chat \u2606obvsilly|nigger\n>chat \u2606Obvwakey|really?\n>chat \u2606Obvwakey|go ahead\n>chat \u2606Obvwakey|niga\n>chat \u2606Obvwakey|I love DDD\n>chat \u2606obvsilly|i dont associate withs n!ggers\n>p1 move dragondance\n>p2 move blizzard\n>p1 move ironhead\n>p2 move thunderbolt\n>p1 move outrage\n>p2 move voltswitch\n>p2 switch 2\n>p1 switch 2\n>p1 move hydropump\n>p2 move fireblast\n>p2 switch 4\n>p1 move hydropump\n>p2 move encore\n>p1 switch 3\n>p2 move populationbomb\n>p1 switch 3\n>p1 move icebeam\n>p2 move populationbomb\n>p2 switch 3\n>p1 move icebeam\n>p2 move wavecrash\n>p1 move icebeam\n>p2 switch 5\n>p1 move icebeam\n>p2 move closecombat\n>p2 switch 6\n>p1 move icebeam\n>p2 move sludgewave\n>p1 move icebeam\n>p2 move sludgewave\n>p1 move icebeam\n>p2 move sludgewave\n>p1 switch 5\n>p1 move quiverdance\n>p2 move fireblast\n>p1 move icebeam\n>p2 move fireblast\n>p1 switch 4\n>p1 move dazzlinggleam\n>p2 move fireblast\n>p1 move cosmicpower\n>p2 move fireblast\n>p1 move storedpower\n>p2 move fireblast\n>p2 switch 2\n>p1 move dazzlinggleam\n>p2 move blizzard\n>p1 switch 6\n>p1 move darkpulse terastallize\n>p2 move blizzard\n>p2 switch 5\n>p1 move darkpulse\n>p2 move wavecrash\n>p1 move darkpulse\n>p2 move rest terastallize", "uploadtime": 1733802297, "views": 15, "formatid": "gen9randombattle", "rating": null, "private": 0, "password": null}