{"id": "gen9randombattle-2259935964", "format": "[Gen 9] Random Battle", "players": ["justkrid", "DylanValencia10"], "log": "|j|\u2606justkrid\n|j|\u2606DylanValencia10\n|t:|1733781776\n|gametype|singles\n|player|p1|justkrid|101|1436\n|player|p2|DylanValencia10|hilbert|1475\n|teamsize|p1|6\n|teamsize|p2|6\n|gen|9\n|tier|[Gen 9] Random Battle\n|rated|\n|rule|Species Clause: Limit one of each Pok\u00e9mon\n|rule|HP Percentage Mod: HP is shown in percentages\n|rule|Sleep Clause Mod: Limit one foe put to sleep\n|rule|Illusion Level Mod: Illusion disguises the Pok\u00e9mon's true level\n|\n|t:|1733781776\n|start\n|switch|p1a: Cetitan|Cetitan, L82, M|413/413\n|switch|p2a: Cacturne|Cacturne, L92, F|278/278\n|turn|1\n|\n|t:|1733781803\n|switch|p2a: Skuntank|Skuntank, L84, F|310/310\n|move|p1a: Cetitan|Icicle Crash|p2a: Skuntank\n|-damage|p2a: Skuntank|122/310\n|\n|upkeep\n|turn|2\n|\n|t:|1733781822\n|move|p2a: Skuntank|Sucker Punch|p1a: Cetitan\n|-damage|p1a: Cetitan|314/413\n|move|p1a: Cetitan|Ice Shard|p2a: Skuntank\n|-damage|p2a: Skuntank|52/310\n|-damage|p1a: Cetitan|273/413|[from] item: Life Orb\n|\n|upkeep\n|turn|3\n|\n|t:|1733781838\n|switch|p1a: Tauros|Tauros-Paldea-Blaze, L81, M|252/252\n|move|p2a: Skuntank|Fire Blast|p1a: Tauros\n|-resisted|p1a: Tauros\n|-damage|p1a: Tauros|215/252\n|\n|upkeep\n|turn|4\n|\n|t:|1733781846\n|move|p2a: Skuntank|Sucker Punch||[still]\n|-fail|p2a: Skuntank\n|move|p1a: Tauros|Substitute|p1a: Tauros\n|-start|p1a: Tauros|Substitute\n|-damage|p1a: Tauros|152/252\n|\n|upkeep\n|turn|5\n|\n|t:|1733781852\n|move|p1a: Tauros|Bulk Up|p1a: Tauros\n|-boost|p1a: Tauros|atk|1\n|-boost|p1a: Tauros|def|1\n|move|p2a: Skuntank|Gunk Shot|p1a: Tauros\n|-end|p1a: Tauros|Substitute\n|\n|upkeep\n|turn|6\n|\n|t:|1733781879\n|move|p1a: Tauros|Raging Bull|p2a: Skuntank\n|-damage|p2a: Skuntank|0 fnt\n|-damage|p1a: Tauros|89/252|[from] ability: Aftermath|[of] p2a: Skuntank\n|-enditem|p1a: Tauros|Sitrus Berry|[eat]\n|-heal|p1a: Tauros|152/252|[from] item: Sitrus Berry\n|faint|p2a: Skuntank\n|\n|upkeep\n|inactive|Battle timer is ON: inactive players will automatically lose when time's up. (requested by justkrid)\n|\n|t:|1733781894\n|switch|p2a: Zapdos|Zapdos, L78|268/268\n|turn|7\n|\n|t:|1733781914\n|move|p1a: Tauros|Raging Bull|p2a: Zapdos\n|-damage|p2a: Zapdos|118/268\n|-status|p1a: Tauros|par|[from] ability: Static|[of] p2a: Zapdos\n|move|p2a: Zapdos|Hurricane|p1a: Tauros|[miss]\n|-miss|p2a: Zapdos|p1a: Tauros\n|\n|-activate|p1a: Tauros|ability: Cud Chew\n|-enditem|p1a: Tauros|Sitrus Berry|[eat]\n|-heal|p1a: Tauros|215/252 par|[from] item: Sitrus Berry\n|upkeep\n|turn|8\n|\n|t:|1733781928\n|move|p2a: Zapdos|Roost|p2a: Zapdos\n|-heal|p2a: Zapdos|252/268\n|-singleturn|p2a: Zapdos|move: Roost\n|move|p1a: Tauros|Raging Bull|p2a: Zapdos\n|-damage|p2a: Zapdos|77/268\n|\n|upkeep\n|turn|9\n|\n|t:|1733781937\n|move|p2a: Zapdos|Hurricane|p1a: Tauros\n|-supereffective|p1a: Tauros\n|-crit|p1a: Tauros\n|-damage|p1a: Tauros|0 fnt\n|faint|p1a: Tauros\n|\n|upkeep\n|\n|t:|1733781947\n|switch|p1a: Cetitan|Cetitan, L82, M|273/413\n|turn|10\n|\n|t:|1733781957\n|-terastallize|p2a: Zapdos|Steel\n|move|p1a: Cetitan|Ice Shard|p2a: Zapdos\n|-resisted|p2a: Zapdos\n|-damage|p2a: Zapdos|47/268\n|-damage|p1a: Cetitan|232/413|[from] item: Life Orb\n|move|p2a: Zapdos|Roost|p2a: Zapdos\n|-heal|p2a: Zapdos|181/268\n|\n|upkeep\n|turn|11\n|\n|t:|1733781970\n|move|p2a: Zapdos|Heat Wave|p1a: Cetitan\n|-supereffective|p1a: Cetitan\n|-damage|p1a: Cetitan|26/413\n|move|p1a: Cetitan|Superpower|p2a: Zapdos\n|-supereffective|p2a: Zapdos\n|-damage|p2a: Zapdos|0 fnt\n|-unboost|p1a: Cetitan|atk|1\n|-unboost|p1a: Cetitan|def|1\n|faint|p2a: Zapdos\n|-damage|p1a: Cetitan|0 fnt|[from] item: Life Orb\n|faint|p1a: Cetitan\n|\n|upkeep\n|\n|t:|1733781985\n|switch|p2a: Minun|Minun, L95, M|268/268\n|switch|p1a: Rabsca|Rabsca, L91, M|284/284\n|turn|12\n|\n|t:|1733781999\n|move|p2a: Minun|Nasty Plot|p2a: Minun\n|-boost|p2a: Minun|spa|2\n|move|p1a: Rabsca|Revival Blessing|p1a: Rabsca\n|\n|t:|1733782001\n|-heal|p1: Tauros|126/252|[from] move: Revival Blessing\n|\n|upkeep\n|turn|13\n|\n|t:|1733782023\n|move|p2a: Minun|Thunderbolt|p1a: Rabsca\n|-damage|p1a: Rabsca|53/284\n|-damage|p2a: Minun|242/268|[from] item: Life Orb\n|move|p1a: Rabsca|Psychic|p2a: Minun\n|-damage|p2a: Minun|119/268\n|\n|upkeep\n|turn|14\n|\n|t:|1733782032\n|move|p2a: Minun|Thunderbolt|p1a: Rabsca\n|-damage|p1a: Rabsca|0 fnt\n|faint|p1a: Rabsca\n|-damage|p2a: Minun|93/268|[from] item: Life Orb\n|\n|upkeep\n|\n|t:|1733782043\n|switch|p1a: Sawsbuck|Sawsbuck-Summer, L88, F|284/284\n|turn|15\n|\n|t:|1733782058\n|move|p2a: Minun|Alluring Voice|p1a: Sawsbuck\n|-damage|p1a: Sawsbuck|109/284\n|-damage|p2a: Minun|67/268|[from] item: Life Orb\n|move|p1a: Sawsbuck|Horn Leech|p2a: Minun\n|-damage|p2a: Minun|0 fnt\n|-heal|p1a: Sawsbuck|143/284|[from] drain|[of] p2a: Minun\n|faint|p2a: Minun\n|-damage|p1a: Sawsbuck|115/284|[from] item: Life Orb\n|\n|upkeep\n|\n|t:|1733782075\n|switch|p2a: Banette|Banette, L93, M|270/270\n|turn|16\n|\n|t:|1733782091\n|move|p1a: Sawsbuck|Horn Leech|p2a: Banette\n|-damage|p2a: Banette|148/270\n|-heal|p1a: Sawsbuck|176/284|[from] drain|[of] p2a: Banette\n|-damage|p1a: Sawsbuck|148/284|[from] item: Life Orb\n|move|p2a: Banette|Gunk Shot|p1a: Sawsbuck\n|-supereffective|p1a: Sawsbuck\n|-damage|p1a: Sawsbuck|0 fnt\n|faint|p1a: Sawsbuck\n|-damage|p2a: Banette|121/270|[from] item: Life Orb\n|\n|upkeep\n|\n|t:|1733782111\n|switch|p1a: Tauros|Tauros-Paldea-Blaze, L81, M|126/252\n|turn|17\n|\n|t:|1733782124\n|move|p2a: Banette|Shadow Sneak|p1a: Tauros\n|-damage|p1a: Tauros|51/252\n|-damage|p2a: Banette|94/270|[from] item: Life Orb\n|move|p1a: Tauros|Raging Bull|p2a: Banette\n|-damage|p2a: Banette|0 fnt\n|faint|p2a: Banette\n|\n|upkeep\n|\n|t:|1733782134\n|switch|p2a: Flapple|Flapple, L88, M|266/266\n|turn|18\n|\n|t:|1733782149\n|move|p1a: Tauros|Raging Bull|p2a: Flapple\n|-damage|p2a: Flapple|169/266\n|move|p2a: Flapple|Dragon Dance|p2a: Flapple\n|-boost|p2a: Flapple|atk|1\n|-boost|p2a: Flapple|spe|1\n|\n|upkeep\n|turn|19\n|\n|t:|1733782158\n|move|p2a: Flapple|Grav Apple|p1a: Tauros\n|-resisted|p1a: Tauros\n|-damage|p1a: Tauros|0 fnt\n|faint|p1a: Tauros\n|\n|upkeep\n|\n|t:|1733782162\n|switch|p1a: Reuniclus|Reuniclus, L88, M|337/337\n|turn|20\n|\n|t:|1733782182\n|-terastallize|p1a: Reuniclus|Steel\n|move|p2a: Flapple|Grav Apple|p1a: Reuniclus\n|-resisted|p1a: Reuniclus\n|-damage|p1a: Reuniclus|209/337\n|-unboost|p1a: Reuniclus|def|1\n|move|p1a: Reuniclus|Psyshock|p2a: Flapple\n|-damage|p2a: Flapple|29/266\n|\n|upkeep\n|turn|21\n|\n|t:|1733782199\n|move|p2a: Flapple|Outrage|p1a: Reuniclus\n|-resisted|p1a: Reuniclus\n|-damage|p1a: Reuniclus|0 fnt\n|faint|p1a: Reuniclus\n|\n|upkeep\n|\n|t:|1733782203\n|switch|p1a: Azumarill|Azumarill, L82, F|298/298\n|turn|22\n|\n|t:|1733782220\n|move|p1a: Azumarill|Aqua Jet|p2a: Flapple\n|-resisted|p2a: Flapple\n|-damage|p2a: Flapple|10/266\n|move|p2a: Flapple|Outrage|p1a: Azumarill|[from]lockedmove\n|-immune|p1a: Azumarill\n|\n|upkeep\n|turn|23\n|\n|t:|1733782239\n|move|p2a: Flapple|Sucker Punch|p1a: Azumarill\n|-resisted|p1a: Azumarill\n|-damage|p1a: Azumarill|226/298\n|move|p1a: Azumarill|Aqua Jet|p2a: Flapple\n|-resisted|p2a: Flapple\n|-damage|p2a: Flapple|0 fnt\n|faint|p2a: Flapple\n|\n|upkeep\n|\n|t:|1733782248\n|switch|p2a: Cacturne|Cacturne, L92, F|278/278\n|turn|24\n|\n|t:|1733782254\n|move|p1a: Azumarill|Aqua Jet|p2a: Cacturne\n|-immune|p2a: Cacturne|[from] ability: Water Absorb\n|move|p2a: Cacturne|Leaf Storm|p1a: Azumarill\n|-supereffective|p1a: Azumarill\n|-damage|p1a: Azumarill|0 fnt\n|-unboost|p2a: Cacturne|spa|2\n|faint|p1a: Azumarill\n|-damage|p2a: Cacturne|251/278|[from] item: Life Orb\n|\n|win|DylanValencia10\n|raw|justkrid's rating: 1418 &rarr; <strong>1401</strong><br />(-17 for losing)\n|raw|DylanValencia10's rating: 1475 &rarr; <strong>1492</strong><br />(+17 for winning)\n|l|\u2606justkrid\n|player|p1|\n", "inputlog": ">version bfd83cad13791eb5a5a409923076391caf6fb4d4\n>start {\"formatid\":\"gen9randombattle\",\"seed\":[31707,55095,3931,6686],\"rated\":\"Rated battle\"}\n>player p1 {\"name\":\"justkrid\",\"avatar\":\"101\",\"rating\":1436,\"seed\":[64542,2852,33648,13252]}\n>player p2 {\"name\":\"DylanValencia10\",\"avatar\":\"hilbert\",\"rating\":1475,\"seed\":[7470,6299,59911,28656]}\n>p1 move iciclecrash\n>p2 switch 3\n>p1 move iceshard\n>p2 move suckerpunch\n>p1 switch 3\n>p2 move fireblast\n>p1 move substitute\n>p2 move suckerpunch\n>p1 move bulkup\n>p2 move gunkshot\n>p1 move ragingbull\n>p2 move knockoff\n>p2 switch 4\n>p1 move ragingbull\n>p2 move hurricane\n>p1 move ragingbull\n>p2 move roost\n>p1 move ragingbull\n>p2 move hurricane\n>p1 switch 3\n>p1 move iceshard\n>p2 move roost terastallize\n>p1 move superpower\n>p2 move heatwave\n>p1 switch 6\n>p2 switch 5\n>p1 move revivalblessing\n>p2 move nastyplot\n>p1 switch 3\n>p1 move psychic\n>p2 move thunderbolt\n>p1 move psychic\n>p2 move thunderbolt\n>p1 switch 4\n>p1 move hornleech\n>p2 move alluringvoice\n>p2 switch 6\n>p1 move hornleech\n>p2 move gunkshot\n>p1 switch 3\n>p1 move ragingbull\n>p2 move shadowsneak\n>p2 switch 2\n>p1 move ragingbull\n>p2 move dragondance\n>p1 move ragingbull\n>p2 move gravapple\n>p1 switch 2\n>p1 move psyshock terastallize\n>p2 move gravapple\n>p1 move psyshock\n>p2 move outrage\n>p1 switch 5\n>p1 move aquajet\n>p2 move outrage\n>p1 move aquajet\n>p2 move suckerpunch\n>p2 switch 3\n>p1 move aquajet\n>p2 move leafstorm", "uploadtime": 1733782264, "views": 1, "formatid": "gen9randombattle", "rating": 1401, "private": 0, "password": null}