{"id": "gen9randombattle-2174296616", "format": "[Gen 9] Random Battle", "players": ["kandkad", "HaunterBoy28"], "log": "|badge|p1|silver|gen9randombattle|30-2\n|uhtml|medal-msg|<div class=\"broadcast-blue\">Curious what those medals under the avatar are? PS now has Ladder Seasons! For more information, check out the <a href=\"https://www.smogon.com/forums/threads/3740067/\">thread on Smogon.</a></div>\n|badge|p2|silver|gen9randombattle|30-2\n|uhtml|medal-msg|<div class=\"broadcast-blue\">Curious what those medals under the avatar are? PS now has Ladder Seasons! For more information, check out the <a href=\"https://www.smogon.com/forums/threads/3740067/\">thread on Smogon.</a></div>\n|j|\u203dkandkad\n|j|\u2606HaunterBoy28\n|t:|1722904736\n|gametype|singles\n|player|p1|kandkad|clemont|2456\n|player|p2|HaunterBoy28|#rbtt7teamhoopa|2534\n|teamsize|p1|6\n|teamsize|p2|6\n|gen|9\n|tier|[Gen 9] Random Battle\n|rated|\n|rule|Species Clause: Limit one of each Pok\u00e9mon\n|rule|HP Percentage Mod: HP is shown in percentages\n|rule|Sleep Clause Mod: Limit one foe put to sleep\n|rule|Illusion Level Mod: Illusion disguises the Pok\u00e9mon's true level\n|\n|t:|1722904736\n|start\n|switch|p1a: Grimmsnarl|Grimmsnarl, L83, M|293/293\n|switch|p2a: Yanmega|Yanmega, L82, M|275/275\n|turn|1\n|inactive|Battle timer is ON: inactive players will automatically lose when time's up. (requested by kandkad)\n|j| paysa\n|inactive|HaunterBoy28 has 120 seconds left.\n|\n|t:|1722904779\n|switch|p2a: Gurdurr|Gurdurr, L85, F|283/283\n|move|p1a: Grimmsnarl|Light Screen|p1a: Grimmsnarl\n|-sidestart|p1: kandkad|move: Light Screen\n|\n|upkeep\n|turn|2\n|\n|t:|1722904809\n|switch|p2a: Klefki|Klefki, L84, F|233/233\n|move|p1a: Grimmsnarl|Reflect|p1a: Grimmsnarl\n|-sidestart|p1: kandkad|Reflect\n|\n|upkeep\n|turn|3\n|\n|t:|1722904819\n|move|p2a: Klefki|Spikes|p1a: Grimmsnarl\n|-sidestart|p1: kandkad|Spikes\n|move|p1a: Grimmsnarl|Thunder Wave|p2a: Klefki\n|-status|p2a: Klefki|par\n|\n|upkeep\n|turn|4\n|inactive|HaunterBoy28 has 120 seconds left.\n|\n|t:|1722904841\n|switch|p1a: Sandaconda|Sandaconda, L84, F|258/258\n|-damage|p1a: Sandaconda|226/258|[from] Spikes\n|move|p2a: Klefki|Thunder Wave|p1a: Sandaconda\n|-immune|p1a: Sandaconda\n|\n|-heal|p1a: Sandaconda|242/258|[from] item: Leftovers\n|upkeep\n|turn|5\n|inactive|HaunterBoy28 has 120 seconds left.\n|\n|t:|1722904870\n|switch|p2a: Hydrapple|Hydrapple, L83, F|312/312\n|move|p1a: Sandaconda|Earthquake|p2a: Hydrapple\n|-resisted|p2a: Hydrapple\n|-damage|p2a: Hydrapple|259/312\n|\n|-heal|p1a: Sandaconda|258/258|[from] item: Leftovers\n|upkeep\n|turn|6\n|inactive|HaunterBoy28 has 90 seconds left.\n|\n|t:|1722904901\n|switch|p1a: Ho-Oh|Ho-Oh, L71|268/268\n|move|p2a: Hydrapple|Leaf Storm|p1a: Ho-Oh\n|-resisted|p1a: Ho-Oh\n|-damage|p1a: Ho-Oh|254/268\n|-unboost|p2a: Hydrapple|spa|2\n|\n|upkeep\n|turn|7\n|inactive|HaunterBoy28 has 60 seconds left.\n|\n|t:|1722904945\n|switch|p2a: Klefki|Klefki, L84, F|233/233 par\n|move|p1a: Ho-Oh|Brave Bird|p2a: Klefki\n|-resisted|p2a: Klefki\n|-damage|p2a: Klefki|173/233 par\n|-damage|p1a: Ho-Oh|234/268|[from] Recoil\n|\n|-heal|p2a: Klefki|187/233 par|[from] item: Leftovers\n|upkeep\n|turn|8\n|\n|t:|1722904961\n|switch|p1a: Sandaconda|Sandaconda, L84, F|258/258\n|-damage|p1a: Sandaconda|226/258|[from] Spikes\n|move|p2a: Klefki|Spikes|p1a: Sandaconda\n|-sidestart|p1: kandkad|Spikes\n|\n|-heal|p1a: Sandaconda|242/258|[from] item: Leftovers\n|-heal|p2a: Klefki|201/233 par|[from] item: Leftovers\n|-sideend|p1: kandkad|move: Light Screen\n|upkeep\n|turn|9\n|\n|t:|1722904971\n|move|p2a: Klefki|Magnet Rise|p2a: Klefki\n|-start|p2a: Klefki|Magnet Rise\n|move|p1a: Sandaconda|Earthquake|p2a: Klefki\n|-immune|p2a: Klefki\n|\n|-heal|p1a: Sandaconda|258/258|[from] item: Leftovers\n|-heal|p2a: Klefki|215/233 par|[from] item: Leftovers\n|-sideend|p1: kandkad|Reflect\n|upkeep\n|turn|10\n|\n|t:|1722904979\n|move|p1a: Sandaconda|Stone Edge|p2a: Klefki\n|-resisted|p2a: Klefki\n|-damage|p2a: Klefki|177/233 par\n|move|p2a: Klefki|Play Rough|p1a: Sandaconda\n|-damage|p1a: Sandaconda|198/258\n|\n|-heal|p1a: Sandaconda|214/258|[from] item: Leftovers\n|-heal|p2a: Klefki|191/233 par|[from] item: Leftovers\n|upkeep\n|turn|11\n|\n|t:|1722904992\n|cant|p2a: Klefki|par\n|move|p1a: Sandaconda|Stone Edge|p2a: Klefki\n|-resisted|p2a: Klefki\n|-crit|p2a: Klefki\n|-damage|p2a: Klefki|131/233 par\n|\n|-heal|p1a: Sandaconda|230/258|[from] item: Leftovers\n|-heal|p2a: Klefki|145/233 par|[from] item: Leftovers\n|upkeep\n|turn|12\n|\n|t:|1722904997\n|move|p2a: Klefki|Spikes|p1a: Sandaconda\n|-sidestart|p1: kandkad|Spikes\n|move|p1a: Sandaconda|Stone Edge|p2a: Klefki\n|-resisted|p2a: Klefki\n|-crit|p2a: Klefki\n|-damage|p2a: Klefki|89/233 par\n|\n|-heal|p1a: Sandaconda|246/258|[from] item: Leftovers\n|-heal|p2a: Klefki|103/233 par|[from] item: Leftovers\n|upkeep\n|turn|13\n|inactive|HaunterBoy28 has 60 seconds left.\n|\n|t:|1722905006\n|move|p1a: Sandaconda|Stone Edge|p2a: Klefki\n|-resisted|p2a: Klefki\n|-crit|p2a: Klefki\n|-damage|p2a: Klefki|51/233 par\n|move|p2a: Klefki|Play Rough|p1a: Sandaconda|[miss]\n|-miss|p2a: Klefki|p1a: Sandaconda\n|\n|-heal|p1a: Sandaconda|258/258|[from] item: Leftovers\n|-heal|p2a: Klefki|65/233 par|[from] item: Leftovers\n|-end|p2a: Klefki|Magnet Rise\n|upkeep\n|turn|14\n|\n|t:|1722905015\n|switch|p2a: Hydrapple|Hydrapple, L83, F|312/312\n|move|p1a: Sandaconda|Earthquake|p2a: Hydrapple\n|-resisted|p2a: Hydrapple\n|-damage|p2a: Hydrapple|264/312\n|\n|upkeep\n|turn|15\n|\n|t:|1722905029\n|switch|p1a: Grimmsnarl|Grimmsnarl, L83, M|293/293\n|-damage|p1a: Grimmsnarl|220/293|[from] Spikes\n|move|p2a: Hydrapple|Dragon Tail|p1a: Grimmsnarl\n|-immune|p1a: Grimmsnarl\n|\n|upkeep\n|turn|16\n|inactive|HaunterBoy28 has 60 seconds left.\n|\n|t:|1722905049\n|switch|p2a: Gholdengo|Gholdengo, L77|261/261\n|move|p1a: Grimmsnarl|Light Screen|p1a: Grimmsnarl\n|-sidestart|p1: kandkad|move: Light Screen\n|\n|upkeep\n|turn|17\n|inactive|HaunterBoy28 has 60 seconds left.\n|\n|t:|1722905074\n|switch|p1a: Sandaconda|Sandaconda, L84, F|258/258\n|-damage|p1a: Sandaconda|194/258|[from] Spikes\n|move|p2a: Gholdengo|Make It Rain|p1a: Sandaconda\n|-damage|p1a: Sandaconda|116/258\n|-unboost|p2a: Gholdengo|spa|1\n|\n|-heal|p1a: Sandaconda|132/258|[from] item: Leftovers\n|upkeep\n|turn|18\n|\n|t:|1722905085\n|switch|p2a: Hydrapple|Hydrapple, L83, F|312/312\n|move|p1a: Sandaconda|Earthquake|p2a: Hydrapple\n|-resisted|p2a: Hydrapple\n|-damage|p2a: Hydrapple|261/312\n|\n|-heal|p1a: Sandaconda|148/258|[from] item: Leftovers\n|upkeep\n|turn|19\n|\n|t:|1722905098\n|switch|p1a: Ho-Oh|Ho-Oh, L71|268/268\n|move|p2a: Hydrapple|Dragon Tail|p1a: Ho-Oh\n|-damage|p1a: Ho-Oh|202/268\n|drag|p1a: Giratina|Giratina, L75|349/349\n|-damage|p1a: Giratina|262/349|[from] Spikes\n|-ability|p1a: Giratina|Pressure\n|\n|-heal|p1a: Giratina|283/349|[from] item: Leftovers\n|upkeep\n|turn|20\n|\n|t:|1722905109\n|move|p2a: Hydrapple|Leaf Storm|p1a: Giratina\n|-resisted|p1a: Giratina\n|-damage|p1a: Giratina|251/349\n|-unboost|p2a: Hydrapple|spa|2\n|move|p1a: Giratina|Dragon Tail|p2a: Hydrapple\n|-supereffective|p2a: Hydrapple\n|-damage|p2a: Hydrapple|165/312\n|drag|p2a: Yanmega|Yanmega, L82, M|275/275\n|\n|-heal|p1a: Giratina|272/349|[from] item: Leftovers\n|upkeep\n|turn|21\n|inactive|HaunterBoy28 has 30 seconds left.\n|\n|t:|1722905140\n|switch|p2a: Gurdurr|Gurdurr, L85, F|283/283\n|move|p1a: Giratina|Shadow Ball|p2a: Gurdurr\n|-damage|p2a: Gurdurr|210/283\n|\n|-heal|p1a: Giratina|293/349|[from] item: Leftovers\n|upkeep\n|turn|22\n|inactive|HaunterBoy28 has 30 seconds left.\n|\n|t:|1722905157\n|switch|p1a: Ho-Oh|Ho-Oh, L71|268/268\n|move|p2a: Gurdurr|Knock Off|p1a: Ho-Oh\n|-damage|p1a: Ho-Oh|174/268\n|-enditem|p1a: Ho-Oh|Heavy-Duty Boots|[from] move: Knock Off|[of] p2a: Gurdurr\n|\n|upkeep\n|turn|23\n|\n|t:|1722905166\n|switch|p2a: Klefki|Klefki, L84, F|65/233 par\n|move|p1a: Ho-Oh|Brave Bird|p2a: Klefki\n|-resisted|p2a: Klefki\n|-damage|p2a: Klefki|11/233 par\n|-damage|p1a: Ho-Oh|156/268|[from] Recoil\n|\n|-heal|p2a: Klefki|25/233 par|[from] item: Leftovers\n|-sideend|p1: kandkad|move: Light Screen\n|upkeep\n|turn|24\n|inactive|HaunterBoy28 has 30 seconds left.\n|\n|t:|1722905182\n|switch|p1a: Sandaconda|Sandaconda, L84, F|148/258\n|-damage|p1a: Sandaconda|84/258|[from] Spikes\n|move|p2a: Klefki|Thunder Wave|p1a: Sandaconda\n|-immune|p1a: Sandaconda\n|\n|-heal|p1a: Sandaconda|100/258|[from] item: Leftovers\n|-heal|p2a: Klefki|39/233 par|[from] item: Leftovers\n|upkeep\n|turn|25\n|l| paysa\n|inactive|HaunterBoy28 has 30 seconds left.\n|\n|t:|1722905195\n|switch|p2a: Hydrapple|Hydrapple, L83, F|269/312\n|move|p1a: Sandaconda|Stone Edge|p2a: Hydrapple\n|-damage|p2a: Hydrapple|209/312\n|\n|-heal|p1a: Sandaconda|116/258|[from] item: Leftovers\n|upkeep\n|turn|26\n|inactive|HaunterBoy28 has 30 seconds left.\n|\n|t:|1722905210\n|switch|p1a: Ho-Oh|Ho-Oh, L71|245/268\n|move|p2a: Hydrapple|Dragon Tail|p1a: Ho-Oh\n|-damage|p1a: Ho-Oh|185/268\n|drag|p1a: Grimmsnarl|Grimmsnarl, L83, M|220/293\n|-damage|p1a: Grimmsnarl|147/293|[from] Spikes\n|\n|upkeep\n|turn|27\n|inactive|HaunterBoy28 has 30 seconds left.\n|\n|t:|1722905220\n|switch|p2a: Gholdengo|Gholdengo, L77|261/261\n|move|p1a: Grimmsnarl|Light Screen|p1a: Grimmsnarl\n|-sidestart|p1: kandkad|move: Light Screen\n|\n|upkeep\n|turn|28\n|\n|t:|1722905230\n|switch|p1a: Ho-Oh|Ho-Oh, L71|268/268\n|move|p2a: Gholdengo|Shadow Ball|p1a: Ho-Oh\n|-damage|p1a: Ho-Oh|234/268\n|\n|upkeep\n|turn|29\n|\n|t:|1722905240\n|-terastallize|p2a: Gholdengo|Water\n|move|p2a: Gholdengo|Nasty Plot|p2a: Gholdengo\n|-boost|p2a: Gholdengo|spa|2\n|move|p1a: Ho-Oh|Earthquake|p2a: Gholdengo\n|-damage|p2a: Gholdengo|190/261\n|\n|-heal|p2a: Gholdengo|206/261|[from] item: Leftovers\n|upkeep\n|turn|30\n|\n|t:|1722905246\n|move|p2a: Gholdengo|Shadow Ball|p1a: Ho-Oh\n|-damage|p1a: Ho-Oh|169/268\n|move|p1a: Ho-Oh|Brave Bird|p2a: Gholdengo\n|-damage|p2a: Gholdengo|85/261\n|-damage|p1a: Ho-Oh|129/268|[from] Recoil\n|\n|-heal|p2a: Gholdengo|101/261|[from] item: Leftovers\n|upkeep\n|turn|31\n|\n|t:|1722905250\n|move|p2a: Gholdengo|Recover|p2a: Gholdengo\n|-heal|p2a: Gholdengo|232/261\n|move|p1a: Ho-Oh|Brave Bird|p2a: Gholdengo\n|-crit|p2a: Gholdengo\n|-damage|p2a: Gholdengo|42/261\n|-damage|p1a: Ho-Oh|66/268|[from] Recoil\n|\n|-heal|p2a: Gholdengo|58/261|[from] item: Leftovers\n|upkeep\n|turn|32\n|inactive|HaunterBoy28 has 60 seconds left.\n|\n|t:|1722905272\n|switch|p1a: Giratina|Giratina, L75|293/349\n|-damage|p1a: Giratina|206/349|[from] Spikes\n|-ability|p1a: Giratina|Pressure\n|move|p2a: Gholdengo|Recover|p2a: Gholdengo\n|-heal|p2a: Gholdengo|189/261\n|\n|-heal|p1a: Giratina|227/349|[from] item: Leftovers\n|-heal|p2a: Gholdengo|205/261|[from] item: Leftovers\n|upkeep\n|turn|33\n|inactive|HaunterBoy28 has 60 seconds left.\n|\n|t:|1722905288\n|move|p2a: Gholdengo|Shadow Ball|p1a: Giratina\n|-supereffective|p1a: Giratina\n|-damage|p1a: Giratina|59/349\n|move|p1a: Giratina|Dragon Tail|p2a: Gholdengo\n|-damage|p2a: Gholdengo|151/261\n|drag|p2a: Gurdurr|Gurdurr, L85, F|210/283\n|\n|-heal|p1a: Giratina|80/349|[from] item: Leftovers\n|upkeep\n|turn|34\n|inactive|HaunterBoy28 has 60 seconds left.\n|\n|t:|1722905301\n|move|p1a: Giratina|Rest|p1a: Giratina\n|-status|p1a: Giratina|slp|[from] move: Rest\n|-heal|p1a: Giratina|349/349 slp|[silent]\n|move|p2a: Gurdurr|Knock Off|p1a: Giratina\n|-supereffective|p1a: Giratina\n|-damage|p1a: Giratina|213/349 slp\n|-enditem|p1a: Giratina|Leftovers|[from] move: Knock Off|[of] p2a: Gurdurr\n|\n|-sideend|p1: kandkad|move: Light Screen\n|upkeep\n|turn|35\n|\n|t:|1722905310\n|cant|p1a: Giratina|slp\n|move|p1a: Giratina|Sleep Talk|p1a: Giratina\n|move|p1a: Giratina|Rest||[from]move: Sleep Talk|[still]\n|-fail|p1a: Giratina\n|move|p2a: Gurdurr|Knock Off|p1a: Giratina\n|-supereffective|p1a: Giratina\n|-damage|p1a: Giratina|119/349 slp\n|\n|upkeep\n|turn|36\n|\n|t:|1722905317\n|cant|p1a: Giratina|slp\n|move|p1a: Giratina|Sleep Talk|p1a: Giratina\n|move|p1a: Giratina|Dragon Tail|p2a: Gurdurr|[from]move: Sleep Talk\n|-damage|p2a: Gurdurr|174/283\n|drag|p2a: Gholdengo|Gholdengo, L77, tera:Water|151/261\n|\n|-heal|p2a: Gholdengo|167/261|[from] item: Leftovers\n|upkeep\n|turn|37\n|inactive|HaunterBoy28 has 60 seconds left.\n|\n|t:|1722905342\n|-curestatus|p1a: Giratina|slp|[msg]\n|move|p1a: Giratina|Rest|p1a: Giratina\n|-status|p1a: Giratina|slp|[from] move: Rest\n|-heal|p1a: Giratina|349/349 slp|[silent]\n|move|p2a: Gholdengo|Recover|p2a: Gholdengo\n|-heal|p2a: Gholdengo|261/261\n|\n|upkeep\n|turn|38\n|inactive|HaunterBoy28 has 60 seconds left.\n|\n|t:|1722905353\n|switch|p1a: Ho-Oh|Ho-Oh, L71|155/268\n|move|p2a: Gholdengo|Shadow Ball|p1a: Ho-Oh\n|-damage|p1a: Ho-Oh|85/268\n|\n|upkeep\n|turn|39\n|\n|t:|1722905359\n|move|p2a: Gholdengo|Nasty Plot|p2a: Gholdengo\n|-boost|p2a: Gholdengo|spa|2\n|move|p1a: Ho-Oh|Recover|p1a: Ho-Oh\n|-heal|p1a: Ho-Oh|219/268\n|\n|upkeep\n|turn|40\n|\n|t:|1722905371\n|move|p2a: Gholdengo|Shadow Ball|p1a: Ho-Oh\n|-damage|p1a: Ho-Oh|92/268\n|move|p1a: Ho-Oh|Brave Bird|p2a: Gholdengo\n|-damage|p2a: Gholdengo|135/261\n|-damage|p1a: Ho-Oh|50/268|[from] Recoil\n|\n|-heal|p2a: Gholdengo|151/261|[from] item: Leftovers\n|upkeep\n|turn|41\n|\n|t:|1722905382\n|switch|p1a: Grimmsnarl|Grimmsnarl, L83, M|147/293\n|-damage|p1a: Grimmsnarl|74/293|[from] Spikes\n|move|p2a: Gholdengo|Shadow Ball|p1a: Grimmsnarl\n|-resisted|p1a: Grimmsnarl\n|-damage|p1a: Grimmsnarl|0 fnt\n|faint|p1a: Grimmsnarl\n|\n|-heal|p2a: Gholdengo|167/261|[from] item: Leftovers\n|upkeep\n|\n|t:|1722905399\n|switch|p1a: Ho-Oh|Ho-Oh, L71|139/268\n|turn|42\n|\n|t:|1722905408\n|move|p2a: Gholdengo|Shadow Ball|p1a: Ho-Oh\n|-damage|p1a: Ho-Oh|0 fnt\n|faint|p1a: Ho-Oh\n|\n|-heal|p2a: Gholdengo|183/261|[from] item: Leftovers\n|upkeep\n|l|\u203dkandkad\n|inactive|kandkad disconnected and has a minute to reconnect!\n|player|p1|\n|inactive|kandkad has 30 seconds to reconnect!\n|inactive|kandkad has 20 seconds to reconnect!\n|inactive|kandkad has 15 seconds to reconnect!\n|j| shaky3\n|inactive|kandkad has 10 seconds to reconnect!\n|inactive|kandkad has 5 seconds to reconnect!\n|-message|kandkad lost due to inactivity.\n|\n|win|HaunterBoy28\n|raw|kandkad's rating: 2456 &rarr; <strong>2440</strong><br />(-16 for losing)\n|raw|HaunterBoy28's rating: 2534 &rarr; <strong>2550</strong><br />(+16 for winning)\n", "inputlog": ">version 4360de0a8e68d59f2e365e61bed8c1683ebaca20\n>start {\"formatid\":\"gen9randombattle\",\"seed\":[31695,46015,32289,38233],\"rated\":\"Rated battle\"}\n>player p1 {\"name\":\"kandkad\",\"avatar\":\"clemont\",\"rating\":2456,\"seed\":[5484,27456,3575,34419]}\n>player p2 {\"name\":\"HaunterBoy28\",\"avatar\":\"#rbtt7teamhoopa\",\"rating\":2534,\"seed\":[29387,34958,26653,60525]}\n>p1 move lightscreen\n>p2 switch 3\n>p1 move reflect\n>p2 switch 4\n>p1 move thunderwave\n>p2 move spikes\n>p1 switch 6\n>p2 move thunderwave\n>p1 move earthquake\n>p2 switch 5\n>p1 switch 2\n>p2 move leafstorm\n>p1 move bravebird\n>p2 switch 5\n>p1 switch 2\n>p2 move spikes\n>p1 move earthquake\n>p2 move magnetrise\n>p1 move stoneedge\n>p2 move playrough\n>p1 move stoneedge\n>p2 move spikes\n>p1 move stoneedge\n>p2 move spikes\n>p1 move stoneedge\n>p2 move playrough\n>p1 move earthquake\n>p2 switch 5\n>p1 switch 6\n>p2 move dragontail\n>p1 move lightscreen\n>p2 switch 6\n>p1 switch 6\n>p2 move makeitrain\n>p1 move earthquake\n>p2 switch 6\n>p1 switch 2\n>p2 move dragontail\n>p1 move dragontail\n>p2 move leafstorm\n>p1 move shadowball\n>p2 switch 4\n>p1 switch 5\n>p2 move knockoff\n>p1 move bravebird\n>p2 switch 5\n>p1 switch 2\n>p2 move thunderwave\n>p1 move stoneedge\n>p2 switch 3\n>p1 switch 2\n>p2 move dragontail\n>p1 move lightscreen\n>p2 switch 6\n>p1 switch 6\n>p2 move shadowball\n>p1 move earthquake\n>p2 move nastyplot terastallize\n>p1 move bravebird\n>p2 move shadowball\n>p1 move bravebird\n>p2 move recover\n>p1 switch 5\n>p2 move recover\n>p1 move dragontail\n>p2 move shadowball\n>p1 move rest\n>p2 move knockoff\n>p1 move sleeptalk\n>p2 move knockoff\n>p1 move sleeptalk\n>p2 move knockoff\n>p1 move rest\n>p2 move recover\n>p1 switch 5\n>p2 move shadowball\n>p1 move recover\n>p2 move nastyplot\n>p1 move bravebird\n>p2 move shadowball\n>p1 switch 6\n>p2 move shadowball\n>p1 switch 6\n>p1 move bravebird\n>p2 move shadowball\n>forcelose p1", "uploadtime": 1722905510, "views": 142, "formatid": "gen9randombattle", "rating": 2440, "private": 0, "password": null}