{"id": "gen9randombattle-2260283143", "format": "[Gen 9] Random Battle", "players": ["Skksmwnwnwnnsndnd", "Souper64"], "log": "|j|\u2606Skksmwnwnwnnsndnd\n|j|\u203dSouper64\n|t:|1733834835\n|gametype|singles\n|player|p1|Skksmwnwnwnnsndnd|170|1000\n|player|p2|Souper64|169|1014\n|teamsize|p1|6\n|teamsize|p2|6\n|gen|9\n|tier|[Gen 9] Random Battle\n|rated|\n|rule|Species Clause: Limit one of each Pok\u00e9mon\n|rule|HP Percentage Mod: HP is shown in percentages\n|rule|Sleep Clause Mod: Limit one foe put to sleep\n|rule|Illusion Level Mod: Illusion disguises the Pok\u00e9mon's true level\n|\n|t:|1733834835\n|start\n|switch|p1a: Feraligatr|Feraligatr, L79, F|264/264\n|switch|p2a: Dragapult|Dragapult, L77, F|262/262\n|turn|1\n|inactive|Battle timer is ON: inactive players will automatically lose when time's up. (requested by Skksmwnwnwnnsndnd)\n|\n|t:|1733834853\n|move|p2a: Dragapult|U-turn|p1a: Feraligatr\n|-damage|p1a: Feraligatr|213/264\n|\n|t:|1733834860\n|switch|p2a: Regirock|Regirock, L83|268/268|[from] U-turn\n|move|p1a: Feraligatr|Crunch|p2a: Regirock\n|-damage|p2a: Regirock|224/268\n|\n|-heal|p2a: Regirock|240/268|[from] item: Leftovers\n|upkeep\n|turn|2\n|\n|t:|1733834875\n|move|p1a: Feraligatr|Liquidation|p2a: Regirock\n|-supereffective|p2a: Regirock\n|-crit|p2a: Regirock\n|-damage|p2a: Regirock|35/268\n|move|p2a: Regirock|Stealth Rock|p1a: Feraligatr\n|-sidestart|p1: Skksmwnwnwnnsndnd|move: Stealth Rock\n|\n|-heal|p2a: Regirock|51/268|[from] item: Leftovers\n|upkeep\n|turn|3\n|\n|t:|1733834891\n|move|p1a: Feraligatr|Liquidation|p2a: Regirock\n|-supereffective|p2a: Regirock\n|-damage|p2a: Regirock|0 fnt\n|faint|p2a: Regirock\n|\n|upkeep\n|\n|t:|1733834898\n|switch|p2a: Lapras|Lapras, L87, M|367/367\n|turn|4\n|\n|t:|1733834909\n|-terastallize|p1a: Feraligatr|Dark\n|move|p1a: Feraligatr|Dragon Dance|p1a: Feraligatr\n|-boost|p1a: Feraligatr|atk|1\n|-boost|p1a: Feraligatr|spe|1\n|move|p2a: Lapras|Freeze-Dry|p1a: Feraligatr\n|-damage|p1a: Feraligatr|104/264\n|\n|upkeep\n|turn|5\n|\n|t:|1733834914\n|move|p1a: Feraligatr|Crunch|p2a: Lapras\n|-damage|p2a: Lapras|172/367\n|move|p2a: Lapras|Freeze-Dry|p1a: Feraligatr\n|-damage|p1a: Feraligatr|0 fnt\n|faint|p1a: Feraligatr\n|\n|upkeep\n|\n|t:|1733834920\n|switch|p1a: Sinistcha|Sinistcha-Masterpiece, L83|254/254\n|-damage|p1a: Sinistcha|223/254|[from] Stealth Rock\n|turn|6\n|\n|t:|1733834929\n|switch|p2a: Quagsire|Quagsire, L84, F|297/297\n|move|p1a: Sinistcha|Calm Mind|p1a: Sinistcha\n|-boost|p1a: Sinistcha|spa|1\n|-boost|p1a: Sinistcha|spd|1\n|\n|-heal|p1a: Sinistcha|238/254|[from] item: Leftovers\n|upkeep\n|turn|7\n|\n|t:|1733834934\n|move|p1a: Sinistcha|Matcha Gotcha|p2a: Quagsire|[miss]\n|-miss|p1a: Sinistcha|p2a: Quagsire\n|move|p2a: Quagsire|Toxic|p1a: Sinistcha\n|-status|p1a: Sinistcha|tox\n|\n|-heal|p1a: Sinistcha|253/254 tox|[from] item: Leftovers\n|-damage|p1a: Sinistcha|238/254 tox|[from] psn\n|upkeep\n|turn|8\n|\n|t:|1733834944\n|switch|p2a: Lapras|Lapras, L87, M|172/367\n|move|p1a: Sinistcha|Matcha Gotcha|p2a: Lapras\n|-supereffective|p2a: Lapras\n|-damage|p2a: Lapras|0 fnt\n|-heal|p1a: Sinistcha|254/254 tox|[from] drain|[of] p2a: Lapras\n|faint|p2a: Lapras\n|\n|-damage|p1a: Sinistcha|224/254 tox|[from] psn\n|upkeep\n|\n|t:|1733834957\n|switch|p2a: Dragapult|Dragapult, L77, F|262/262\n|turn|9\n|\n|t:|1733834961\n|move|p2a: Dragapult|Hex|p1a: Sinistcha\n|-supereffective|p1a: Sinistcha\n|-damage|p1a: Sinistcha|48/254 tox\n|move|p1a: Sinistcha|Shadow Ball|p2a: Dragapult\n|-supereffective|p2a: Dragapult\n|-damage|p2a: Dragapult|0 fnt\n|faint|p2a: Dragapult\n|\n|-heal|p1a: Sinistcha|63/254 tox|[from] item: Leftovers\n|-damage|p1a: Sinistcha|18/254 tox|[from] psn\n|upkeep\n|\n|t:|1733834969\n|switch|p2a: Mismagius|Mismagius, L86, F|243/243\n|turn|10\n|\n|t:|1733834973\n|move|p2a: Mismagius|Shadow Ball|p1a: Sinistcha\n|-supereffective|p1a: Sinistcha\n|-damage|p1a: Sinistcha|0 fnt\n|faint|p1a: Sinistcha\n|\n|upkeep\n|\n|t:|1733834982\n|switch|p1a: Minior|Minior, L79|224/224\n|-damage|p1a: Minior|168/224|[from] Stealth Rock\n|-formechange|p1a: Minior|Minior-Meteor||[from] ability: Shields Down\n|turn|11\n|\n|t:|1733834985\n|move|p2a: Mismagius|Shadow Ball|p1a: Minior\n|-damage|p1a: Minior|38/224\n|move|p1a: Minior|Shell Smash|p1a: Minior\n|-unboost|p1a: Minior|def|1\n|-unboost|p1a: Minior|spd|1\n|-boost|p1a: Minior|atk|2\n|-boost|p1a: Minior|spa|2\n|-boost|p1a: Minior|spe|2\n|-enditem|p1a: Minior|White Herb\n|-clearnegativeboost|p1a: Minior|[silent]\n|\n|-formechange|p1a: Minior|Minior||[from] ability: Shields Down\n|upkeep\n|turn|12\n|\n|t:|1733834991\n|move|p1a: Minior|Acrobatics|p2a: Mismagius\n|-damage|p2a: Mismagius|0 fnt\n|faint|p2a: Mismagius\n|\n|upkeep\n|\n|t:|1733834994\n|switch|p2a: Quagsire|Quagsire, L84, F|297/297\n|turn|13\n|\n|t:|1733834998\n|move|p1a: Minior|Acrobatics|p2a: Quagsire\n|-damage|p2a: Quagsire|189/297\n|move|p2a: Quagsire|Ice Beam|p1a: Minior\n|-supereffective|p1a: Minior\n|-damage|p1a: Minior|0 fnt\n|faint|p1a: Minior\n|\n|-heal|p2a: Quagsire|207/297|[from] item: Leftovers\n|upkeep\n|\n|t:|1733835003\n|switch|p1a: Sudowoodo|Sudowoodo, L94, F|284/284\n|-damage|p1a: Sudowoodo|249/284|[from] Stealth Rock\n|turn|14\n|\n|t:|1733835006\n|move|p1a: Sudowoodo|Wood Hammer|p2a: Quagsire\n|-supereffective|p2a: Quagsire\n|-damage|p2a: Quagsire|0 fnt\n|faint|p2a: Quagsire\n|\n|upkeep\n|\n|t:|1733835009\n|switch|p2a: Passimian|Passimian, L83, M|302/302\n|turn|15\n|\n|t:|1733835014\n|move|p2a: Passimian|Close Combat|p1a: Sudowoodo\n|-supereffective|p1a: Sudowoodo\n|-damage|p1a: Sudowoodo|0 fnt\n|-unboost|p2a: Passimian|def|1\n|-unboost|p2a: Passimian|spd|1\n|faint|p1a: Sudowoodo\n|\n|upkeep\n|\n|t:|1733835016\n|switch|p1a: Azumarill|Azumarill, L82, F|298/298\n|-damage|p1a: Azumarill|261/298|[from] Stealth Rock\n|turn|16\n|-message|Souper64 forfeited.\n|\n|win|Skksmwnwnwnnsndnd\n|raw|Skksmwnwnwnnsndnd's rating: 1000 &rarr; <strong>1042</strong><br />(+42 for winning)\n|raw|Souper64's rating: 1014 &rarr; <strong>1001</strong><br />(-13 for losing)\n|l|\u203dSouper64\n|player|p2|\n", "inputlog": ">version bfd83cad13791eb5a5a409923076391caf6fb4d4\n>start {\"formatid\":\"gen9randombattle\",\"seed\":[23730,4376,26528,81],\"rated\":\"Rated battle\"}\n>player p1 {\"name\":\"Skksmwnwnwnnsndnd\",\"avatar\":\"170\",\"rating\":1000,\"seed\":[37898,41682,6164,46150]}\n>player p2 {\"name\":\"Souper64\",\"avatar\":\"169\",\"rating\":1014,\"seed\":[32578,19905,54152,4834]}\n>p1 move crunch\n>p2 move uturn\n>p2 switch 3\n>p1 move liquidation\n>p2 move stealthrock\n>p1 move liquidation\n>p2 move thunderwave\n>p2 switch 5\n>p1 move dragondance terastallize\n>p2 move freezedry\n>p1 move crunch\n>p2 move freezedry\n>p1 switch 5\n>p1 move calmmind\n>p2 switch 6\n>p1 move matchagotcha\n>p2 move toxic\n>p1 move matchagotcha\n>p2 switch 6\n>p2 switch 3\n>p1 move shadowball\n>p2 move hex\n>p2 switch 4\n>p1 move shadowball\n>p2 move shadowball\n>p1 switch 3\n>p1 move shellsmash\n>p2 move shadowball\n>p1 move acrobatics\n>p2 move shadowball\n>p2 switch 6\n>p1 move acrobatics\n>p2 move icebeam\n>p1 switch 6\n>p1 move woodhammer\n>p2 move earthquake\n>p2 switch 2\n>p1 move woodhammer\n>p2 move closecombat\n>p1 switch 4\n>forcelose p2", "uploadtime": 1733835025, "views": 1, "formatid": "gen9randombattle", "rating": 1001, "private": 0, "password": null}