{"id": "gen9randombattle-2260886058", "format": "[Gen 9] Random Battle", "players": ["alvane98", "CrimeLimePrimeTime"], "log": "|j|\u2606alvane98\n|j|\u2606CrimeLimePrimeTime\n|t:|1733910866\n|gametype|singles\n|player|p1|alvane98|169|1463\n|player|p2|CrimeLimePrimeTime|170|1422\n|teamsize|p1|6\n|teamsize|p2|6\n|gen|9\n|tier|[Gen 9] Random Battle\n|rated|\n|rule|Species Clause: Limit one of each Pok\u00e9mon\n|rule|HP Percentage Mod: HP is shown in percentages\n|rule|Sleep Clause Mod: Limit one foe put to sleep\n|rule|Illusion Level Mod: Illusion disguises the Pok\u00e9mon's true level\n|\n|t:|1733910866\n|start\n|switch|p1a: Haxorus|Haxorus, L77, M|244/244\n|switch|p2a: Scizor|Scizor, L79, F|240/240\n|-ability|p1a: Haxorus|Mold Breaker\n|turn|1\n|\n|t:|1733910872\n|move|p1a: Haxorus|Dragon Dance|p1a: Haxorus\n|-boost|p1a: Haxorus|atk|1\n|-boost|p1a: Haxorus|spe|1\n|move|p2a: Scizor|Knock Off|p1a: Haxorus\n|-damage|p1a: Haxorus|162/244\n|-enditem|p1a: Haxorus|Lum Berry|[from] move: Knock Off|[of] p2a: Scizor\n|\n|upkeep\n|turn|2\n|\n|t:|1733910882\n|move|p1a: Haxorus|Close Combat|p2a: Scizor\n|-damage|p2a: Scizor|86/240\n|-unboost|p1a: Haxorus|def|1\n|-unboost|p1a: Haxorus|spd|1\n|move|p2a: Scizor|Close Combat|p1a: Haxorus\n|-damage|p1a: Haxorus|13/244\n|-unboost|p2a: Scizor|def|1\n|-unboost|p2a: Scizor|spd|1\n|\n|-heal|p2a: Scizor|101/240|[from] item: Leftovers\n|upkeep\n|turn|3\n|inactive|Battle timer is ON: inactive players will automatically lose when time's up. (requested by alvane98)\n|\n|t:|1733910889\n|switch|p1a: Yanmega|Yanmega, L82, M|275/275\n|move|p2a: Scizor|Bullet Punch|p1a: Yanmega\n|-damage|p1a: Yanmega|199/275\n|\n|-heal|p2a: Scizor|116/240|[from] item: Leftovers\n|upkeep\n|turn|4\n|inactive|CrimeLimePrimeTime has 120 seconds left.\n|\n|t:|1733910923\n|switch|p2a: Ampharos|Ampharos, L88, M|302/302\n|move|p1a: Yanmega|Protect||[still]\n|-fail|p1a: Yanmega\n|\n|-ability|p1a: Yanmega|Speed Boost|boost\n|-boost|p1a: Yanmega|spe|1\n|upkeep\n|turn|5\n|\n|t:|1733910932\n|-terastallize|p1a: Yanmega|Ground\n|move|p1a: Yanmega|Tera Blast|p2a: Ampharos|[anim] Tera Blast Ground\n|-supereffective|p2a: Ampharos\n|-damage|p2a: Ampharos|176/302\n|move|p2a: Ampharos|Discharge|p1a: Yanmega\n|-immune|p1a: Yanmega\n|\n|-ability|p1a: Yanmega|Speed Boost|boost\n|-boost|p1a: Yanmega|spe|1\n|upkeep\n|turn|6\n|inactive|CrimeLimePrimeTime has 120 seconds left.\n|\n|t:|1733910948\n|move|p1a: Yanmega|Tera Blast|p2a: Ampharos|[anim] Tera Blast Ground\n|-supereffective|p2a: Ampharos\n|-crit|p2a: Ampharos\n|-damage|p2a: Ampharos|0 fnt\n|faint|p2a: Ampharos\n|\n|-ability|p1a: Yanmega|Speed Boost|boost\n|-boost|p1a: Yanmega|spe|1\n|upkeep\n|inactive|CrimeLimePrimeTime has 120 seconds left.\n|\n|t:|1733910959\n|switch|p2a: Oricorio|Oricorio, L84, F|263/263\n|turn|7\n|\n|t:|1733910963\n|move|p1a: Yanmega|Air Slash|p2a: Oricorio\n|-damage|p2a: Oricorio|169/263\n|move|p2a: Oricorio|Quiver Dance|p2a: Oricorio\n|-boost|p2a: Oricorio|spa|1\n|-boost|p2a: Oricorio|spd|1\n|-boost|p2a: Oricorio|spe|1\n|\n|-ability|p1a: Yanmega|Speed Boost|boost\n|-boost|p1a: Yanmega|spe|1\n|upkeep\n|turn|8\n|\n|t:|1733910968\n|move|p1a: Yanmega|Air Slash|p2a: Oricorio\n|-damage|p2a: Oricorio|103/263\n|move|p2a: Oricorio|Quiver Dance|p2a: Oricorio\n|-boost|p2a: Oricorio|spa|1\n|-boost|p2a: Oricorio|spd|1\n|-boost|p2a: Oricorio|spe|1\n|\n|-ability|p1a: Yanmega|Speed Boost|boost\n|-boost|p1a: Yanmega|spe|1\n|upkeep\n|turn|9\n|\n|t:|1733910971\n|move|p1a: Yanmega|Air Slash|p2a: Oricorio\n|-damage|p2a: Oricorio|54/263\n|cant|p2a: Oricorio|flinch\n|\n|-ability|p1a: Yanmega|Speed Boost|boost\n|-boost|p1a: Yanmega|spe|1\n|upkeep\n|turn|10\n|\n|t:|1733910975\n|move|p1a: Yanmega|Air Slash|p2a: Oricorio\n|-damage|p2a: Oricorio|5/263\n|move|p2a: Oricorio|Roost|p2a: Oricorio\n|-heal|p2a: Oricorio|137/263\n|-singleturn|p2a: Oricorio|move: Roost\n|\n|upkeep\n|turn|11\n|\n|t:|1733910978\n|move|p1a: Yanmega|Air Slash|p2a: Oricorio\n|-damage|p2a: Oricorio|86/263\n|move|p2a: Oricorio|Revelation Dance|p1a: Yanmega\n|-damage|p1a: Yanmega|0 fnt\n|faint|p1a: Yanmega\n|\n|upkeep\n|\n|t:|1733910986\n|switch|p1a: Torterra|Torterra, L78, M|276/276\n|turn|12\n|\n|t:|1733910989\n|move|p2a: Oricorio|Revelation Dance|p1a: Torterra\n|-supereffective|p1a: Torterra\n|-damage|p1a: Torterra|0 fnt\n|faint|p1a: Torterra\n|\n|upkeep\n|\n|t:|1733911008\n|switch|p1a: Crabominable|Crabominable, L90, F|321/321\n|turn|13\n|\n|t:|1733911012\n|move|p2a: Oricorio|Revelation Dance|p1a: Crabominable\n|-supereffective|p1a: Crabominable\n|-damage|p1a: Crabominable|0 fnt\n|faint|p1a: Crabominable\n|\n|upkeep\n|\n|t:|1733911015\n|switch|p1a: Reshiram|Reshiram, L76|277/277\n|-ability|p1a: Reshiram|Turboblaze\n|turn|14\n|\n|t:|1733911023\n|-terastallize|p2a: Oricorio|Ground\n|move|p2a: Oricorio|Revelation Dance|p1a: Reshiram\n|-supereffective|p1a: Reshiram\n|-damage|p1a: Reshiram|0 fnt\n|faint|p1a: Reshiram\n|\n|upkeep\n|\n|t:|1733911031\n|switch|p1a: Mewtwo|Mewtwo, L72|272/272\n|-ability|p1a: Mewtwo|Unnerve\n|turn|15\n|\n|t:|1733911034\n|move|p2a: Oricorio|Revelation Dance|p1a: Mewtwo\n|-damage|p1a: Mewtwo|47/272\n|move|p1a: Mewtwo|Psystrike|p2a: Oricorio\n|-damage|p2a: Oricorio|0 fnt\n|faint|p2a: Oricorio\n|-damage|p1a: Mewtwo|20/272|[from] item: Life Orb\n|\n|upkeep\n|\n|t:|1733911041\n|switch|p2a: Scizor|Scizor, L79, F|116/240\n|turn|16\n|\n|t:|1733911053\n|move|p2a: Scizor|Bullet Punch|p1a: Mewtwo\n|-damage|p1a: Mewtwo|0 fnt\n|faint|p1a: Mewtwo\n|\n|-heal|p2a: Scizor|131/240|[from] item: Leftovers\n|upkeep\n|\n|t:|1733911055\n|switch|p1a: Haxorus|Haxorus, L77, M|13/244\n|-ability|p1a: Haxorus|Mold Breaker\n|turn|17\n|-message|alvane98 forfeited.\n|\n|win|CrimeLimePrimeTime\n|raw|alvane98's rating: 1485 &rarr; <strong>1461</strong><br />(-24 for losing)\n|raw|CrimeLimePrimeTime's rating: 1422 &rarr; <strong>1446</strong><br />(+24 for winning)\n|l|\u2606alvane98\n|player|p1|\n", "inputlog": ">version bfd83cad13791eb5a5a409923076391caf6fb4d4\n>start {\"formatid\":\"gen9randombattle\",\"seed\":[44361,25696,45049,39460],\"rated\":\"Rated battle\"}\n>player p1 {\"name\":\"alvane98\",\"avatar\":\"169\",\"rating\":1463,\"seed\":[14150,59479,26697,63120]}\n>player p2 {\"name\":\"CrimeLimePrimeTime\",\"avatar\":\"170\",\"rating\":1422,\"seed\":[929,50473,51294,30460]}\n>p1 move dragondance\n>p2 move knockoff\n>p1 move closecombat\n>p2 move closecombat\n>p1 switch 3\n>p2 move bulletpunch\n>p1 move protect\n>p2 switch 2\n>p1 move terablast terastallize\n>p2 move discharge\n>p1 move terablast\n>p2 move dazzlinggleam\n>p2 switch 5\n>p1 move airslash\n>p2 move quiverdance\n>p1 move airslash\n>p2 move quiverdance\n>p1 move airslash\n>p2 move roost\n>p1 move airslash\n>p2 move roost\n>p1 move airslash\n>p2 move revelationdance\n>p1 switch 4\n>p1 move rockblast\n>p2 move revelationdance\n>p1 switch 5\n>p1 move icehammer\n>p2 move revelationdance\n>p1 switch 6\n>p1 move stoneedge\n>p2 move revelationdance terastallize\n>p1 switch 2\n>p1 move psystrike\n>p2 move revelationdance\n>p2 switch 2\n>p1 move recover\n>p2 move bulletpunch\n>p1 switch 3\n>forcelose p1", "uploadtime": 1733911065, "views": 1, "formatid": "gen9randombattle", "rating": 1446, "private": 0, "password": null}