{"id": "gen9randombattle-2260425522", "format": "[Gen 9] Random Battle", "players": ["Mattattac", "the fart affair"], "log": "|j|\u203dMattattac\n|j|\u2606the fart affair\n|t:|1733850400\n|gametype|singles\n|player|p1|Mattattac|nate|1671\n|player|p2|the fart affair|1|1658\n|teamsize|p1|6\n|teamsize|p2|6\n|gen|9\n|tier|[Gen 9] Random Battle\n|rated|\n|rule|Species Clause: Limit one of each Pok\u00e9mon\n|rule|HP Percentage Mod: HP is shown in percentages\n|rule|Sleep Clause Mod: Limit one foe put to sleep\n|rule|Illusion Level Mod: Illusion disguises the Pok\u00e9mon's true level\n|\n|t:|1733850400\n|start\n|switch|p1a: Cinderace|Cinderace, L77, M|249/249\n|switch|p2a: Minior|Minior, L79|224/224\n|-formechange|p2a: Minior|Minior-Meteor||[from] ability: Shields Down\n|turn|1\n|inactive|Battle timer is ON: inactive players will automatically lose when time's up. (requested by Mattattac)\n|\n|t:|1733850424\n|move|p1a: Cinderace|High Jump Kick|p2a: Minior\n|-start|p1a: Cinderace|typechange|Fighting|[from] ability: Libero\n|-damage|p2a: Minior|97/224\n|move|p2a: Minior|Shell Smash|p2a: Minior\n|-unboost|p2a: Minior|def|1\n|-unboost|p2a: Minior|spd|1\n|-boost|p2a: Minior|atk|2\n|-boost|p2a: Minior|spa|2\n|-boost|p2a: Minior|spe|2\n|-enditem|p2a: Minior|White Herb\n|-clearnegativeboost|p2a: Minior|[silent]\n|\n|-formechange|p2a: Minior|Minior||[from] ability: Shields Down\n|upkeep\n|turn|2\n|\n|t:|1733850427\n|move|p2a: Minior|Acrobatics|p1a: Cinderace\n|-supereffective|p1a: Cinderace\n|-damage|p1a: Cinderace|0 fnt\n|faint|p1a: Cinderace\n|\n|upkeep\n|inactive|Mattattac has 120 seconds left.\n|\n|t:|1733850462\n|switch|p1a: Gyarados|Gyarados, L79, M|280/280\n|-ability|p1a: Gyarados|Intimidate|boost\n|-unboost|p2a: Minior|atk|1\n|turn|3\n|inactive|Mattattac has 120 seconds left.\n|\n|t:|1733850492\n|switch|p1a: Perrserker|Perrserker, L89, M|269/269\n|move|p2a: Minior|Power Gem|p1a: Perrserker\n|-resisted|p1a: Perrserker\n|-damage|p1a: Perrserker|170/269\n|\n|upkeep\n|turn|4\n|\n|t:|1733850505\n|switch|p1a: Gyarados|Gyarados, L79, M|280/280\n|-ability|p1a: Gyarados|Intimidate|boost\n|-unboost|p2a: Minior|atk|1\n|move|p2a: Minior|Earthquake|p1a: Gyarados\n|-immune|p1a: Gyarados\n|\n|upkeep\n|turn|5\n|\n|t:|1733850513\n|move|p2a: Minior|Power Gem|p1a: Gyarados\n|-supereffective|p1a: Gyarados\n|-damage|p1a: Gyarados|0 fnt\n|faint|p1a: Gyarados\n|\n|upkeep\n|\n|t:|1733850517\n|switch|p1a: Scream Tail|Scream Tail, L84|330/330\n|turn|6\n|\n|t:|1733850534\n|move|p2a: Minior|Acrobatics|p1a: Scream Tail\n|-damage|p1a: Scream Tail|234/330\n|move|p1a: Scream Tail|Play Rough|p2a: Minior\n|-damage|p2a: Minior|6/224\n|\n|-heal|p1a: Scream Tail|254/330|[from] item: Leftovers\n|upkeep\n|turn|7\n|\n|t:|1733850544\n|switch|p2a: Chandelure|Chandelure, L83, F|235/235\n|move|p1a: Scream Tail|Wish|p1a: Scream Tail\n|\n|-heal|p1a: Scream Tail|274/330|[from] item: Leftovers\n|upkeep\n|turn|8\n|\n|t:|1733850557\n|switch|p2a: Granbull|Granbull, L88, M|302/302\n|-ability|p2a: Granbull|Intimidate|boost\n|-unboost|p1a: Scream Tail|atk|1\n|move|p1a: Scream Tail|Protect||[still]\n|-fail|p1a: Scream Tail\n|\n|-heal|p1a: Scream Tail|330/330|[from] move: Wish|[wisher] Scream Tail\n|upkeep\n|turn|9\n|inactive|Mattattac has 120 seconds left.\n|\n|t:|1733850578\n|move|p1a: Scream Tail|Protect|p1a: Scream Tail\n|-singleturn|p1a: Scream Tail|Protect\n|move|p2a: Granbull|Thunder Wave|p1a: Scream Tail\n|-activate|p1a: Scream Tail|move: Protect\n|\n|upkeep\n|turn|10\n|\n|t:|1733850587\n|move|p1a: Scream Tail|Encore|p2a: Granbull\n|-start|p2a: Granbull|Encore\n|move|p2a: Granbull|Thunder Wave|p1a: Scream Tail\n|-status|p1a: Scream Tail|par\n|\n|upkeep\n|turn|11\n|\n|t:|1733850594\n|switch|p2a: Minior|Minior, L79|6/224\n|cant|p1a: Scream Tail|par\n|\n|upkeep\n|turn|12\n|\n|t:|1733850598\n|switch|p2a: Granbull|Granbull, L88, M|302/302\n|-ability|p2a: Granbull|Intimidate|boost\n|-unboost|p1a: Scream Tail|atk|1\n|move|p1a: Scream Tail|Play Rough|p2a: Granbull\n|-damage|p2a: Granbull|260/302\n|\n|-heal|p2a: Granbull|278/302|[from] item: Leftovers\n|upkeep\n|turn|13\n|\n|t:|1733850604\n|move|p2a: Granbull|Encore|p1a: Scream Tail\n|-start|p1a: Scream Tail|Encore\n|move|p1a: Scream Tail|Play Rough|p2a: Granbull\n|-damage|p2a: Granbull|236/302\n|\n|-heal|p2a: Granbull|254/302|[from] item: Leftovers\n|upkeep\n|turn|14\n|\n|t:|1733850610\n|switch|p2a: Chandelure|Chandelure, L83, F|235/235\n|-end|p1a: Scream Tail|Protosynthesis|[silent]\n|switch|p1a: Passimian|Passimian, L83, F|302/302\n|\n|upkeep\n|turn|15\n|\n|t:|1733850620\n|move|p2a: Chandelure|Trick|p1a: Passimian\n|-activate|p2a: Chandelure|move: Trick|[of] p1a: Passimian\n|-item|p1a: Passimian|Choice Scarf|[from] move: Trick\n|-item|p2a: Chandelure|Leftovers|[from] move: Trick\n|move|p1a: Passimian|Knock Off|p2a: Chandelure\n|-supereffective|p2a: Chandelure\n|-damage|p2a: Chandelure|75/235\n|-enditem|p2a: Chandelure|Leftovers|[from] move: Knock Off|[of] p1a: Passimian\n|\n|upkeep\n|turn|16\n|\n|t:|1733850636\n|switch|p2a: Granbull|Granbull, L88, M|254/302\n|-ability|p2a: Granbull|Intimidate|boost\n|-unboost|p1a: Passimian|atk|1\n|-ability|p1a: Passimian|Defiant|boost\n|-boost|p1a: Passimian|atk|2\n|move|p1a: Passimian|Knock Off|p2a: Granbull\n|-resisted|p2a: Granbull\n|-damage|p2a: Granbull|187/302\n|-enditem|p2a: Granbull|Leftovers|[from] move: Knock Off|[of] p1a: Passimian\n|\n|upkeep\n|turn|17\n|\n|t:|1733850641\n|switch|p1a: Scream Tail|Scream Tail, L84|330/330 par\n|move|p2a: Granbull|Thunder Wave|p1a: Scream Tail\n|-fail|p1a: Scream Tail|par\n|\n|upkeep\n|turn|18\n|\n|t:|1733850646\n|switch|p2a: Chandelure|Chandelure, L83, F|75/235\n|move|p1a: Scream Tail|Play Rough|p2a: Chandelure\n|-resisted|p2a: Chandelure\n|-damage|p2a: Chandelure|42/235\n|\n|upkeep\n|turn|19\n|\n|t:|1733850655\n|move|p2a: Chandelure|Shadow Ball|p1a: Scream Tail\n|-supereffective|p1a: Scream Tail\n|-damage|p1a: Scream Tail|150/330 par\n|move|p1a: Scream Tail|Play Rough|p2a: Chandelure\n|-resisted|p2a: Chandelure\n|-damage|p2a: Chandelure|3/235\n|\n|-heal|p1a: Scream Tail|170/330 par|[from] item: Leftovers\n|upkeep\n|turn|20\n|\n|t:|1733850665\n|-end|p1a: Scream Tail|Protosynthesis|[silent]\n|switch|p1a: Passimian|Passimian, L83, F|302/302\n|move|p2a: Chandelure|Shadow Ball|p1a: Passimian\n|-damage|p1a: Passimian|139/302\n|\n|upkeep\n|turn|21\n|\n|t:|1733850671\n|move|p1a: Passimian|Knock Off|p2a: Chandelure\n|-supereffective|p2a: Chandelure\n|-damage|p2a: Chandelure|0 fnt\n|faint|p2a: Chandelure\n|\n|upkeep\n|\n|t:|1733850676\n|switch|p2a: Granbull|Granbull, L88, M|187/302\n|-ability|p2a: Granbull|Intimidate|boost\n|-unboost|p1a: Passimian|atk|1\n|-ability|p1a: Passimian|Defiant|boost\n|-boost|p1a: Passimian|atk|2\n|turn|22\n|\n|t:|1733850692\n|switch|p1a: Scream Tail|Scream Tail, L84|170/330 par\n|move|p2a: Granbull|Earthquake|p1a: Scream Tail\n|-damage|p1a: Scream Tail|85/330 par\n|\n|-heal|p1a: Scream Tail|105/330 par|[from] item: Leftovers\n|upkeep\n|turn|23\n|\n|t:|1733850707\n|move|p2a: Granbull|Play Rough|p1a: Scream Tail\n|-damage|p1a: Scream Tail|0 fnt\n|faint|p1a: Scream Tail\n|-end|p1a: Scream Tail|Protosynthesis|[silent]\n|\n|upkeep\n|\n|t:|1733850714\n|switch|p1a: Perrserker|Perrserker, L89, M|170/269\n|turn|24\n|\n|t:|1733850732\n|switch|p2a: Minior|Minior, L79|6/224\n|move|p1a: Perrserker|Stealth Rock|p2a: Minior\n|-sidestart|p2: the fart affair|move: Stealth Rock\n|\n|upkeep\n|turn|25\n|\n|t:|1733850740\n|move|p2a: Minior|Earthquake|p1a: Perrserker\n|-supereffective|p1a: Perrserker\n|-damage|p1a: Perrserker|54/269\n|move|p1a: Perrserker|Iron Head|p2a: Minior\n|-supereffective|p2a: Minior\n|-damage|p2a: Minior|0 fnt\n|faint|p2a: Minior\n|-damage|p1a: Perrserker|28/269|[from] item: Life Orb\n|\n|upkeep\n|\n|t:|1733850752\n|switch|p2a: Heracross|Heracross, L80, M|259/259\n|-damage|p2a: Heracross|227/259|[from] Stealth Rock\n|turn|26\n|\n|t:|1733850761\n|switch|p1a: Moltres|Moltres, L81|278/278\n|move|p2a: Heracross|Earthquake|p1a: Moltres\n|-immune|p1a: Moltres\n|\n|upkeep\n|turn|27\n|\n|t:|1733850789\n|switch|p2a: Granbull|Granbull, L88, M|187/302\n|-damage|p2a: Granbull|150/302|[from] Stealth Rock\n|-ability|p2a: Granbull|Intimidate|boost\n|-unboost|p1a: Moltres|atk|1\n|move|p1a: Moltres|Fire Blast|p2a: Granbull\n|-damage|p2a: Granbull|0 fnt\n|faint|p2a: Granbull\n|\n|upkeep\n|\n|t:|1733850793\n|switch|p2a: Reuniclus|Reuniclus, L88, F|337/337\n|turn|28\n|\n|t:|1733850808\n|switch|p1a: Perrserker|Perrserker, L89, M|28/269\n|move|p2a: Reuniclus|Psyshock|p1a: Perrserker\n|-resisted|p1a: Perrserker\n|-damage|p1a: Perrserker|0 fnt\n|faint|p1a: Perrserker\n|\n|upkeep\n|\n|t:|1733850812\n|switch|p1a: Passimian|Passimian, L83, F|139/302\n|turn|29\n|\n|t:|1733850835\n|-terastallize|p1a: Passimian|Poison\n|move|p1a: Passimian|Knock Off|p2a: Reuniclus\n|-supereffective|p2a: Reuniclus\n|-damage|p2a: Reuniclus|163/337\n|-enditem|p2a: Reuniclus|Life Orb|[from] move: Knock Off|[of] p1a: Passimian\n|move|p2a: Reuniclus|Psyshock|p1a: Passimian\n|-supereffective|p1a: Passimian\n|-damage|p1a: Passimian|0 fnt\n|faint|p1a: Passimian\n|\n|upkeep\n|\n|t:|1733850843\n|switch|p1a: Moltres|Moltres, L81|278/278\n|turn|30\n|\n|t:|1733850853\n|move|p1a: Moltres|Fire Blast|p2a: Reuniclus\n|-damage|p2a: Reuniclus|31/337\n|move|p2a: Reuniclus|Recover|p2a: Reuniclus\n|-heal|p2a: Reuniclus|200/337\n|\n|upkeep\n|turn|31\n|\n|t:|1733850856\n|move|p1a: Moltres|Fire Blast|p2a: Reuniclus\n|-crit|p2a: Reuniclus\n|-damage|p2a: Reuniclus|1/337\n|move|p2a: Reuniclus|Recover|p2a: Reuniclus\n|-heal|p2a: Reuniclus|170/337\n|\n|upkeep\n|turn|32\n|\n|t:|1733850863\n|move|p1a: Moltres|Fire Blast|p2a: Reuniclus|[miss]\n|-miss|p1a: Moltres|p2a: Reuniclus\n|move|p2a: Reuniclus|Recover|p2a: Reuniclus\n|-heal|p2a: Reuniclus|337/337\n|\n|upkeep\n|turn|33\n|\n|t:|1733850865\n|move|p1a: Moltres|Scorching Sands|p2a: Reuniclus\n|-damage|p2a: Reuniclus|283/337\n|move|p2a: Reuniclus|Calm Mind|p2a: Reuniclus\n|-boost|p2a: Reuniclus|spa|1\n|-boost|p2a: Reuniclus|spd|1\n|\n|upkeep\n|turn|34\n|\n|t:|1733850889\n|move|p1a: Moltres|Fire Blast|p2a: Reuniclus\n|-damage|p2a: Reuniclus|199/337\n|move|p2a: Reuniclus|Psyshock|p1a: Moltres\n|-damage|p1a: Moltres|110/278\n|\n|upkeep\n|turn|35\n|\n|t:|1733850895\n|move|p1a: Moltres|Fire Blast|p2a: Reuniclus\n|-damage|p2a: Reuniclus|106/337\n|move|p2a: Reuniclus|Recover|p2a: Reuniclus\n|-heal|p2a: Reuniclus|275/337\n|\n|upkeep\n|turn|36\n|-message|Mattattac forfeited.\n|\n|win|the fart affair\n|raw|Mattattac's rating: 1671 &rarr; <strong>1650</strong><br />(-21 for losing)\n|raw|the fart affair's rating: 1658 &rarr; <strong>1679</strong><br />(+21 for winning)\n", "inputlog": ">version bfd83cad13791eb5a5a409923076391caf6fb4d4\n>start {\"formatid\":\"gen9randombattle\",\"seed\":[19074,47066,16179,20934],\"rated\":\"Rated battle\"}\n>player p1 {\"name\":\"Mattattac\",\"avatar\":\"nate\",\"rating\":1671,\"seed\":[49432,40613,32663,27947]}\n>player p2 {\"name\":\"the fart affair\",\"avatar\":\"1\",\"rating\":1658,\"seed\":[4871,51417,21299,12790]}\n>p1 move highjumpkick\n>p2 move shellsmash\n>p1 move pyroball\n>p2 move acrobatics\n>p1 switch 3\n>p1 switch 5\n>p2 move powergem\n>p1 switch 5\n>p2 move earthquake\n>p1 move waterfall\n>p2 move powergem\n>p1 switch 4\n>p1 move playrough\n>p2 move acrobatics\n>p1 move wish\n>p2 switch 5\n>p1 move protect\n>p2 switch 4\n>p1 move protect\n>p2 move thunderwave\n>p1 move encore\n>p2 move thunderwave\n>p1 move playrough\n>p2 switch 5\n>p1 move playrough\n>p2 switch 5\n>p1 move playrough\n>p2 move encore\n>p1 switch 2\n>p2 switch 4\n>p1 move knockoff\n>p2 move trick\n>p1 move knockoff\n>p2 switch 4\n>p1 switch 2\n>p2 move thunderwave\n>p1 move playrough\n>p2 switch 4\n>p1 move playrough\n>p2 move shadowball\n>p1 switch 2\n>p2 move shadowball\n>p1 move knockoff\n>p2 move shadowball\n>p2 switch 4\n>p1 switch 2\n>p2 move earthquake\n>p1 move wish\n>p2 move playrough\n>p1 switch 5\n>p1 move stealthrock\n>p2 switch 5\n>p1 move ironhead\n>p2 move earthquake\n>p2 switch 2\n>p1 switch 6\n>p2 move earthquake\n>p1 move fireblast\n>p2 switch 5\n>p2 switch 6\n>p1 switch 6\n>p2 move psyshock\n>p1 switch 2\n>p1 move knockoff terastallize\n>p2 move psyshock\n>p1 switch 6\n>p1 move fireblast\n>p2 move recover\n>p1 move fireblast\n>p2 move recover\n>p1 move fireblast\n>p2 move recover\n>p1 move scorchingsands\n>p2 move calmmind\n>p1 move fireblast\n>p2 move psyshock\n>p1 move fireblast\n>p2 move recover\n>forcelose p1", "uploadtime": 1733850904, "views": 2, "formatid": "gen9randombattle", "rating": 1650, "private": 0, "password": null}