{"id": "gen9randombattle-2259997700", "format": "[Gen 9] Random Battle", "players": ["willyboogywoogy", "VGCplayer1293"], "log": "|j|\u2606willyboogywoogy\n|j|\u2606VGCplayer1293\n|t:|1733789154\n|gametype|singles\n|player|p1|willyboogywoogy|scientist|1012\n|player|p2|VGCplayer1293|waiter-gen4dp|1029\n|teamsize|p1|6\n|teamsize|p2|6\n|gen|9\n|tier|[Gen 9] Random Battle\n|rated|\n|rule|Species Clause: Limit one of each Pok\u00e9mon\n|rule|HP Percentage Mod: HP is shown in percentages\n|rule|Sleep Clause Mod: Limit one foe put to sleep\n|rule|Illusion Level Mod: Illusion disguises the Pok\u00e9mon's true level\n|\n|t:|1733789154\n|start\n|switch|p1a: Politoed|Politoed, L88, F|302/302\n|switch|p2a: Bellossom|Bellossom, L84, F|263/263\n|-weather|RainDance|[from] ability: Drizzle|[of] p1a: Politoed\n|turn|1\n|inactive|Battle timer is ON: inactive players will automatically lose when time's up. (requested by VGCplayer1293)\n|\n|t:|1733789172\n|move|p1a: Politoed|Ice Beam|p2a: Bellossom\n|-supereffective|p2a: Bellossom\n|-damage|p2a: Bellossom|75/263\n|move|p2a: Bellossom|Quiver Dance|p2a: Bellossom\n|-boost|p2a: Bellossom|spa|1\n|-boost|p2a: Bellossom|spd|1\n|-boost|p2a: Bellossom|spe|1\n|\n|-weather|RainDance|[upkeep]\n|-heal|p2a: Bellossom|91/263|[from] item: Leftovers\n|upkeep\n|turn|2\n|\n|t:|1733789188\n|move|p2a: Bellossom|Strength Sap|p1a: Politoed\n|-unboost|p1a: Politoed|atk|1\n|-heal|p2a: Bellossom|228/263\n|move|p1a: Politoed|Ice Beam|p2a: Bellossom\n|-supereffective|p2a: Bellossom\n|-damage|p2a: Bellossom|102/263\n|\n|-weather|RainDance|[upkeep]\n|-heal|p2a: Bellossom|118/263|[from] item: Leftovers\n|upkeep\n|turn|3\n|\n|t:|1733789199\n|move|p2a: Bellossom|Giga Drain|p1a: Politoed\n|-supereffective|p1a: Politoed\n|-damage|p1a: Politoed|104/302\n|-heal|p2a: Bellossom|217/263|[from] drain|[of] p1a: Politoed\n|move|p1a: Politoed|Ice Beam|p2a: Bellossom\n|-supereffective|p2a: Bellossom\n|-damage|p2a: Bellossom|105/263\n|-status|p2a: Bellossom|frz\n|\n|-weather|RainDance|[upkeep]\n|-heal|p2a: Bellossom|121/263 frz|[from] item: Leftovers\n|upkeep\n|turn|4\n|inactive|VGCplayer1293 has 120 seconds left.\n|\n|t:|1733789231\n|switch|p2a: Golduck|Golduck, L90, F|290/290\n|-ability|p2a: Golduck|Cloud Nine\n|move|p1a: Politoed|Ice Beam|p2a: Golduck\n|-resisted|p2a: Golduck\n|-damage|p2a: Golduck|243/290\n|-status|p2a: Golduck|frz\n|\n|-weather|RainDance|[upkeep]\n|upkeep\n|turn|5\n|c|\u2606VGCplayer1293|bruh\n|inactive|VGCplayer1293 has 120 seconds left.\n|\n|t:|1733789242\n|cant|p2a: Golduck|frz\n|move|p1a: Politoed|Ice Beam|p2a: Golduck\n|-resisted|p2a: Golduck\n|-damage|p2a: Golduck|192/290 frz\n|\n|-weather|none\n|upkeep\n|turn|6\n|c|\u2606VGCplayer1293|how do u get freeze 2 times on ice beam\n|inactive|VGCplayer1293 has 120 seconds left.\n|\n|t:|1733789253\n|switch|p1a: Gogoat|Gogoat, L88, F|360/360\n|cant|p2a: Golduck|frz\n|\n|upkeep\n|turn|7\n|\n|t:|1733789260\n|cant|p2a: Golduck|frz\n|move|p1a: Gogoat|Bulk Up|p1a: Gogoat\n|-boost|p1a: Gogoat|atk|1\n|-boost|p1a: Gogoat|def|1\n|\n|upkeep\n|turn|8\n|\n|t:|1733789266\n|cant|p2a: Golduck|frz\n|move|p1a: Gogoat|Horn Leech|p2a: Golduck\n|-supereffective|p2a: Golduck\n|-damage|p2a: Golduck|0 fnt\n|faint|p2a: Golduck\n|\n|upkeep\n|\n|t:|1733789275\n|switch|p2a: Chesnaught|Chesnaught, L84, M|285/285\n|turn|9\n|\n|t:|1733789290\n|move|p1a: Gogoat|Bulk Up|p1a: Gogoat\n|-boost|p1a: Gogoat|atk|1\n|-boost|p1a: Gogoat|def|1\n|move|p2a: Chesnaught|Iron Defense|p2a: Chesnaught\n|-boost|p2a: Chesnaught|def|2\n|\n|upkeep\n|turn|10\n|\n|t:|1733789297\n|move|p1a: Gogoat|Earthquake|p2a: Chesnaught\n|-resisted|p2a: Chesnaught\n|-damage|p2a: Chesnaught|255/285\n|move|p2a: Chesnaught|Iron Defense|p2a: Chesnaught\n|-boost|p2a: Chesnaught|def|2\n|\n|-heal|p2a: Chesnaught|272/285|[from] item: Leftovers\n|upkeep\n|turn|11\n|\n|t:|1733789311\n|switch|p1a: Reshiram|Reshiram, L76|277/277\n|-ability|p1a: Reshiram|Turboblaze\n|move|p2a: Chesnaught|Body Press|p1a: Reshiram\n|-damage|p1a: Reshiram|0 fnt\n|faint|p1a: Reshiram\n|\n|-heal|p2a: Chesnaught|285/285|[from] item: Leftovers\n|upkeep\n|\n|t:|1733789321\n|switch|p1a: Kyurem|Kyurem-White, L73|303/303\n|-ability|p1a: Kyurem|Turboblaze\n|turn|12\n|\n|t:|1733789335\n|move|p1a: Kyurem|Freeze-Dry|p2a: Chesnaught\n|-supereffective|p2a: Chesnaught\n|-damage|p2a: Chesnaught|75/285\n|move|p2a: Chesnaught|Body Press|p1a: Kyurem\n|-supereffective|p1a: Kyurem\n|-damage|p1a: Kyurem|0 fnt\n|faint|p1a: Kyurem\n|\n|-heal|p2a: Chesnaught|92/285|[from] item: Leftovers\n|upkeep\n|\n|t:|1733789345\n|switch|p1a: Lanturn|Lanturn, L89, M|367/367\n|turn|13\n|\n|t:|1733789349\n|-terastallize|p1a: Lanturn|Flying\n|move|p1a: Lanturn|Ice Beam|p2a: Chesnaught\n|-supereffective|p2a: Chesnaught\n|-damage|p2a: Chesnaught|0 fnt\n|faint|p2a: Chesnaught\n|\n|upkeep\n|\n|t:|1733789362\n|switch|p2a: Bellossom|Bellossom, L84, F|121/263 frz\n|turn|14\n|\n|t:|1733789367\n|move|p1a: Lanturn|Ice Beam|p2a: Bellossom\n|-supereffective|p2a: Bellossom\n|-damage|p2a: Bellossom|13/263 frz\n|cant|p2a: Bellossom|frz\n|\n|-heal|p2a: Bellossom|29/263 frz|[from] item: Leftovers\n|upkeep\n|turn|15\n|\n|t:|1733789374\n|move|p1a: Lanturn|Ice Beam|p2a: Bellossom\n|-supereffective|p2a: Bellossom\n|-damage|p2a: Bellossom|0 fnt\n|faint|p2a: Bellossom\n|\n|upkeep\n|\n|t:|1733789384\n|switch|p2a: Arbok|Arbok, L87, F|246/246\n|-ability|p2a: Arbok|Intimidate|boost\n|-unboost|p1a: Lanturn|atk|1\n|turn|16\n|inactive|willyboogywoogy has 120 seconds left.\n|\n|t:|1733789437\n|move|p2a: Arbok|Coil|p2a: Arbok\n|-boost|p2a: Arbok|atk|1\n|-boost|p2a: Arbok|def|1\n|-boost|p2a: Arbok|accuracy|1\n|move|p1a: Lanturn|Thunder Wave|p2a: Arbok\n|-status|p2a: Arbok|par\n|\n|upkeep\n|turn|17\n|\n|t:|1733789448\n|move|p1a: Lanturn|Ice Beam|p2a: Arbok\n|-damage|p2a: Arbok|179/246 par\n|cant|p2a: Arbok|par\n|\n|-heal|p2a: Arbok|194/246 par|[from] item: Leftovers\n|upkeep\n|turn|18\n|\n|t:|1733789460\n|move|p1a: Lanturn|Scald|p2a: Arbok\n|-damage|p2a: Arbok|110/246 par\n|move|p2a: Arbok|Gunk Shot|p1a: Lanturn\n|-crit|p1a: Lanturn\n|-damage|p1a: Lanturn|0 fnt\n|faint|p1a: Lanturn\n|\n|-heal|p2a: Arbok|125/246 par|[from] item: Leftovers\n|upkeep\n|\n|t:|1733789473\n|switch|p1a: Politoed|Politoed, L88, F|104/302\n|-weather|RainDance|[from] ability: Drizzle|[of] p1a: Politoed\n|turn|19\n|\n|t:|1733789483\n|move|p1a: Politoed|Focus Blast|p2a: Arbok\n|-resisted|p2a: Arbok\n|-damage|p2a: Arbok|60/246 par\n|move|p2a: Arbok|Trailblaze|p1a: Politoed\n|-supereffective|p1a: Politoed\n|-damage|p1a: Politoed|0 fnt\n|-boost|p2a: Arbok|spe|1\n|faint|p1a: Politoed\n|\n|-weather|RainDance|[upkeep]\n|-heal|p2a: Arbok|75/246 par|[from] item: Leftovers\n|upkeep\n|\n|t:|1733789496\n|switch|p1a: Gogoat|Gogoat, L88, F|360/360\n|turn|20\n|\n|t:|1733789500\n|move|p1a: Gogoat|Earthquake|p2a: Arbok\n|-supereffective|p2a: Arbok\n|-damage|p2a: Arbok|0 fnt\n|faint|p2a: Arbok\n|\n|-weather|RainDance|[upkeep]\n|upkeep\n|\n|t:|1733789507\n|switch|p2a: Kricketune|Kricketune, L99, M|312/312\n|turn|21\n|inactive|willyboogywoogy has 120 seconds left.\n|\n|t:|1733789513\n|move|p2a: Kricketune|Taunt|p1a: Gogoat\n|-start|p1a: Gogoat|move: Taunt\n|cant|p1a: Gogoat|move: Taunt|Bulk Up\n|\n|-weather|RainDance|[upkeep]\n|upkeep\n|turn|22\n|\n|t:|1733789521\n|move|p2a: Kricketune|Knock Off|p1a: Gogoat\n|-damage|p1a: Gogoat|262/360\n|-enditem|p1a: Gogoat|Leftovers|[from] move: Knock Off|[of] p2a: Kricketune\n|move|p1a: Gogoat|Earthquake|p2a: Kricketune\n|-resisted|p2a: Kricketune\n|-damage|p2a: Kricketune|266/312\n|\n|-weather|RainDance|[upkeep]\n|upkeep\n|turn|23\n|\n|t:|1733789528\n|move|p2a: Kricketune|Sticky Web|p1a: Gogoat\n|-sidestart|p1: willyboogywoogy|move: Sticky Web\n|move|p1a: Gogoat|Earthquake|p2a: Kricketune\n|-resisted|p2a: Kricketune\n|-damage|p2a: Kricketune|218/312\n|\n|-weather|none\n|-end|p1a: Gogoat|move: Taunt\n|upkeep\n|turn|24\n|\n|t:|1733789536\n|move|p2a: Kricketune|Taunt|p1a: Gogoat\n|-start|p1a: Gogoat|move: Taunt\n|move|p1a: Gogoat|Horn Leech|p2a: Kricketune\n|-resisted|p2a: Kricketune\n|-damage|p2a: Kricketune|163/312\n|-heal|p1a: Gogoat|290/360|[from] drain|[of] p2a: Kricketune\n|\n|upkeep\n|turn|25\n|\n|t:|1733789544\n|move|p2a: Kricketune|Pounce|p1a: Gogoat\n|-supereffective|p1a: Gogoat\n|-damage|p1a: Gogoat|32/360\n|-unboost|p1a: Gogoat|spe|1\n|move|p1a: Gogoat|Horn Leech|p2a: Kricketune\n|-resisted|p2a: Kricketune\n|-damage|p2a: Kricketune|103/312\n|-heal|p1a: Gogoat|62/360|[from] drain|[of] p2a: Kricketune\n|\n|upkeep\n|turn|26\n|\n|t:|1733789554\n|move|p2a: Kricketune|Pounce|p1a: Gogoat\n|-supereffective|p1a: Gogoat\n|-damage|p1a: Gogoat|0 fnt\n|faint|p1a: Gogoat\n|\n|upkeep\n|\n|t:|1733789559\n|switch|p1a: Meowscarada|Meowscarada, L78, F|247/247\n|-activate|p1a: Meowscarada|move: Sticky Web\n|-unboost|p1a: Meowscarada|spe|1\n|turn|27\n|\n|t:|1733789573\n|move|p2a: Kricketune|Pounce|p1a: Meowscarada\n|-supereffective|p1a: Meowscarada\n|-crit|p1a: Meowscarada\n|-damage|p1a: Meowscarada|0 fnt\n|faint|p1a: Meowscarada\n|\n|win|VGCplayer1293\n|raw|willyboogywoogy's rating: 1012 &rarr; <strong>1001</strong><br />(-11 for losing)\n|raw|VGCplayer1293's rating: 1029 &rarr; <strong>1063</strong><br />(+34 for winning)\n|l|\u2606willyboogywoogy\n|player|p1|\n", "inputlog": ">version bfd83cad13791eb5a5a409923076391caf6fb4d4\n>start {\"formatid\":\"gen9randombattle\",\"seed\":[52334,21373,23453,25259],\"rated\":\"Rated battle\"}\n>player p1 {\"name\":\"willyboogywoogy\",\"avatar\":\"scientist\",\"rating\":1012,\"seed\":[64288,64414,54599,29020]}\n>player p2 {\"name\":\"VGCplayer1293\",\"avatar\":\"waiter-gen4dp\",\"rating\":1029,\"seed\":[17809,55428,14744,4174]}\n>p1 move icebeam\n>p2 move quiverdance\n>p1 move icebeam\n>p2 move strengthsap\n>p1 move icebeam\n>p2 move gigadrain\n>p1 move icebeam\n>p2 switch 6\n>chat \u2606VGCplayer1293|bruh \n>p1 move icebeam\n>p2 move grassknot\n>chat \u2606VGCplayer1293|how do u get freeze 2 times on ice beam\n>p1 switch 5\n>p2 move grassknot\n>p1 move bulkup\n>p2 move flipturn\n>p1 move hornleech\n>p2 move flipturn\n>p2 switch 4\n>p1 move bulkup\n>p2 move irondefense\n>p1 move earthquake\n>p2 move irondefense\n>p1 switch 6\n>p2 move bodypress\n>p1 switch 4\n>p1 move freezedry\n>p2 move bodypress\n>p1 switch 2\n>p1 move icebeam terastallize\n>p2 move synthesis\n>p2 switch 6\n>p1 move icebeam\n>p2 move strengthsap\n>p1 move icebeam\n>p2 move strengthsap\n>p2 switch 3\n>p1 move thunderwave\n>p2 move coil\n>p1 move icebeam\n>p2 move gunkshot\n>p1 move scald\n>p2 move gunkshot\n>p1 switch 5\n>p1 move focusblast\n>p2 move trailblaze\n>p1 switch 6\n>p1 move earthquake\n>p2 move gunkshot\n>p2 switch 2\n>p1 move bulkup\n>p2 move taunt\n>p1 move earthquake\n>p2 move knockoff\n>p1 move earthquake\n>p2 move stickyweb\n>p1 move hornleech\n>p2 move taunt\n>p1 move hornleech\n>p2 move pounce\n>p1 move hornleech\n>p2 move pounce\n>p1 switch 3\n>p1 move tripleaxel\n>p2 move pounce", "uploadtime": 1733789583, "views": 2, "formatid": "gen9randombattle", "rating": 1001, "private": 0, "password": null}