{"id": "gen9randombattle-2260564644", "format": "[Gen 9] Random Battle", "players": ["ColorlessKai", "Jimbx12"], "log": "|j|\u2606ColorlessKai\n|j|\u2606Jimbx12\n|t:|1733864055\n|gametype|singles\n|player|p1|ColorlessKai|parasollady|1133\n|player|p2|Jimbx12|169|1100\n|teamsize|p1|6\n|teamsize|p2|6\n|gen|9\n|tier|[Gen 9] Random Battle\n|rated|\n|rule|Species Clause: Limit one of each Pok\u00e9mon\n|rule|HP Percentage Mod: HP is shown in percentages\n|rule|Sleep Clause Mod: Limit one foe put to sleep\n|rule|Illusion Level Mod: Illusion disguises the Pok\u00e9mon's true level\n|\n|t:|1733864055\n|start\n|switch|p1a: Bellibolt|Bellibolt, L84, M|320/320\n|switch|p2a: Tentacruel|Tentacruel, L84, F|272/272\n|turn|1\n|\n|t:|1733864079\n|switch|p2a: Gliscor|Gliscor, L76, F|239/239\n|move|p1a: Bellibolt|Thunderbolt|p2a: Gliscor\n|-immune|p2a: Gliscor\n|\n|-status|p2a: Gliscor|tox|[from] item: Toxic Orb\n|upkeep\n|turn|2\n|\n|t:|1733864090\n|move|p2a: Gliscor|Earthquake|p1a: Bellibolt\n|-supereffective|p1a: Bellibolt\n|-damage|p1a: Bellibolt|158/320\n|-start|p1a: Bellibolt|Charge|Earthquake|[from] ability: Electromorphosis\n|move|p1a: Bellibolt|Muddy Water|p2a: Gliscor\n|-supereffective|p2a: Gliscor\n|-damage|p2a: Gliscor|73/239 tox\n|-unboost|p2a: Gliscor|accuracy|1\n|\n|-heal|p1a: Bellibolt|178/320|[from] item: Leftovers\n|-heal|p2a: Gliscor|102/239 tox|[from] ability: Poison Heal\n|upkeep\n|turn|3\n|\n|t:|1733864113\n|-terastallize|p2a: Gliscor|Water\n|move|p2a: Gliscor|Earthquake|p1a: Bellibolt\n|-supereffective|p1a: Bellibolt\n|-damage|p1a: Bellibolt|22/320\n|-start|p1a: Bellibolt|Charge|Earthquake|[from] ability: Electromorphosis\n|move|p1a: Bellibolt|Muddy Water|p2a: Gliscor\n|-resisted|p2a: Gliscor\n|-damage|p2a: Gliscor|60/239 tox\n|-unboost|p2a: Gliscor|accuracy|1\n|\n|-heal|p1a: Bellibolt|42/320|[from] item: Leftovers\n|-heal|p2a: Gliscor|89/239 tox|[from] ability: Poison Heal\n|upkeep\n|turn|4\n|\n|t:|1733864131\n|switch|p1a: Landorus|Landorus-Therian, L76, M|260/260\n|-ability|p1a: Landorus|Intimidate|boost\n|-unboost|p2a: Gliscor|atk|1\n|move|p2a: Gliscor|Earthquake|p1a: Landorus\n|-immune|p1a: Landorus\n|\n|-heal|p2a: Gliscor|118/239 tox|[from] ability: Poison Heal\n|upkeep\n|turn|5\n|\n|t:|1733864145\n|move|p2a: Gliscor|Toxic|p1a: Landorus\n|-status|p1a: Landorus|tox\n|move|p1a: Landorus|Earthquake|p2a: Gliscor\n|-damage|p2a: Gliscor|10/239 tox\n|\n|-heal|p2a: Gliscor|39/239 tox|[from] ability: Poison Heal\n|-damage|p1a: Landorus|244/260 tox|[from] psn\n|upkeep\n|turn|6\n|\n|t:|1733864154\n|move|p2a: Gliscor|Protect|p2a: Gliscor\n|-singleturn|p2a: Gliscor|Protect\n|move|p1a: Landorus|Earthquake|p2a: Gliscor\n|-activate|p2a: Gliscor|move: Protect\n|\n|-heal|p1a: Landorus|260/260 tox|[from] item: Leftovers\n|-heal|p2a: Gliscor|68/239 tox|[from] ability: Poison Heal\n|-damage|p1a: Landorus|228/260 tox|[from] psn\n|upkeep\n|turn|7\n|\n|t:|1733864165\n|move|p2a: Gliscor|Substitute|p2a: Gliscor\n|-start|p2a: Gliscor|Substitute\n|-damage|p2a: Gliscor|9/239 tox\n|move|p1a: Landorus|U-turn|p2a: Gliscor\n|-activate|p2a: Gliscor|move: Substitute|[damage]\n|\n|t:|1733864172\n|switch|p1a: Sinistcha|Sinistcha-Masterpiece, L83|254/254|[from] U-turn\n|\n|-heal|p2a: Gliscor|38/239 tox|[from] ability: Poison Heal\n|upkeep\n|turn|8\n|\n|t:|1733864181\n|move|p2a: Gliscor|Toxic|p1a: Sinistcha\n|-status|p1a: Sinistcha|tox\n|move|p1a: Sinistcha|Matcha Gotcha|p2a: Gliscor|[miss]\n|-miss|p1a: Sinistcha|p2a: Gliscor\n|\n|-heal|p2a: Gliscor|67/239 tox|[from] ability: Poison Heal\n|-damage|p1a: Sinistcha|239/254 tox|[from] psn\n|upkeep\n|turn|9\n|\n|t:|1733864192\n|move|p2a: Gliscor|Protect|p2a: Gliscor\n|-singleturn|p2a: Gliscor|Protect\n|move|p1a: Sinistcha|Matcha Gotcha|p2a: Gliscor\n|-activate|p2a: Gliscor|move: Protect\n|\n|-heal|p1a: Sinistcha|254/254 tox|[from] item: Leftovers\n|-heal|p2a: Gliscor|96/239 tox|[from] ability: Poison Heal\n|-damage|p1a: Sinistcha|224/254 tox|[from] psn\n|upkeep\n|turn|10\n|c|\u2606ColorlessKai|This game is so trash\n|\n|t:|1733864206\n|move|p2a: Gliscor|Earthquake|p1a: Sinistcha|[miss]\n|-miss|p2a: Gliscor|p1a: Sinistcha\n|move|p1a: Sinistcha|Matcha Gotcha|p2a: Gliscor\n|-supereffective|p2a: Gliscor\n|-end|p2a: Gliscor|Substitute\n|-heal|p1a: Sinistcha|228/254 tox|[from] drain|[of] p2a: Gliscor\n|\n|-heal|p1a: Sinistcha|243/254 tox|[from] item: Leftovers\n|-heal|p2a: Gliscor|125/239 tox|[from] ability: Poison Heal\n|-damage|p1a: Sinistcha|198/254 tox|[from] psn\n|upkeep\n|turn|11\n|\n|t:|1733864220\n|move|p2a: Gliscor|Substitute|p2a: Gliscor\n|-start|p2a: Gliscor|Substitute\n|-damage|p2a: Gliscor|66/239 tox\n|move|p1a: Sinistcha|Matcha Gotcha|p2a: Gliscor\n|-supereffective|p2a: Gliscor\n|-end|p2a: Gliscor|Substitute\n|-heal|p1a: Sinistcha|228/254 tox|[from] drain|[of] p2a: Gliscor\n|\n|-heal|p1a: Sinistcha|243/254 tox|[from] item: Leftovers\n|-heal|p2a: Gliscor|95/239 tox|[from] ability: Poison Heal\n|-damage|p1a: Sinistcha|183/254 tox|[from] psn\n|upkeep\n|turn|12\n|\n|t:|1733864233\n|move|p2a: Gliscor|Protect|p2a: Gliscor\n|-singleturn|p2a: Gliscor|Protect\n|move|p1a: Sinistcha|Matcha Gotcha|p2a: Gliscor\n|-activate|p2a: Gliscor|move: Protect\n|\n|-heal|p1a: Sinistcha|198/254 tox|[from] item: Leftovers\n|-heal|p2a: Gliscor|124/239 tox|[from] ability: Poison Heal\n|-damage|p1a: Sinistcha|123/254 tox|[from] psn\n|upkeep\n|turn|13\n|\n|t:|1733864248\n|switch|p1a: Bellibolt|Bellibolt, L84, M|42/320\n|move|p2a: Gliscor|Substitute|p2a: Gliscor\n|-start|p2a: Gliscor|Substitute\n|-damage|p2a: Gliscor|65/239 tox\n|\n|-heal|p1a: Bellibolt|62/320|[from] item: Leftovers\n|-heal|p2a: Gliscor|94/239 tox|[from] ability: Poison Heal\n|upkeep\n|turn|14\n|\n|t:|1733864257\n|move|p2a: Gliscor|Earthquake|p1a: Bellibolt\n|-supereffective|p1a: Bellibolt\n|-crit|p1a: Bellibolt\n|-damage|p1a: Bellibolt|0 fnt\n|faint|p1a: Bellibolt\n|\n|-heal|p2a: Gliscor|123/239 tox|[from] ability: Poison Heal\n|upkeep\n|\n|t:|1733864267\n|switch|p1a: Dragapult|Dragapult, L77, M|262/262\n|turn|15\n|\n|t:|1733864273\n|move|p1a: Dragapult|Thunderbolt|p2a: Gliscor\n|-supereffective|p2a: Gliscor\n|-damage|p2a: Gliscor|0 fnt\n|faint|p2a: Gliscor\n|\n|upkeep\n|n|!ColorlessKai|colorlesskai\n|\n|t:|1733864293\n|switch|p2a: Flutter Mane|Flutter Mane, L74|203/203\n|turn|16\n|\n|t:|1733864305\n|switch|p1a: Duraludon|Duraludon, L82, M|249/249\n|move|p2a: Flutter Mane|Moonblast|p1a: Duraludon\n|-damage|p1a: Duraludon|95/249\n|\n|upkeep\n|turn|17\n|\n|t:|1733864312\n|move|p2a: Flutter Mane|Moonblast|p1a: Duraludon\n|-damage|p1a: Duraludon|0 fnt\n|faint|p1a: Duraludon\n|\n|upkeep\n|\n|t:|1733864323\n|switch|p1a: Sinistcha|Sinistcha-Masterpiece, L83|123/254 tox\n|turn|18\n|\n|t:|1733864328\n|move|p2a: Flutter Mane|Moonblast|p1a: Sinistcha\n|-damage|p1a: Sinistcha|0 fnt\n|faint|p1a: Sinistcha\n|\n|upkeep\n|\n|t:|1733864332\n|switch|p1a: Landorus|Landorus-Therian, L76, M|228/260 tox\n|-ability|p1a: Landorus|Intimidate|boost\n|-unboost|p2a: Flutter Mane|atk|1\n|turn|19\n|\n|t:|1733864339\n|move|p2a: Flutter Mane|Moonblast|p1a: Landorus\n|-damage|p1a: Landorus|38/260 tox\n|move|p1a: Landorus|Earthquake|p2a: Flutter Mane\n|-damage|p2a: Flutter Mane|23/203\n|\n|-heal|p1a: Landorus|54/260 tox|[from] item: Leftovers\n|-damage|p1a: Landorus|38/260 tox|[from] psn\n|upkeep\n|turn|20\n|-message|ColorlessKai forfeited.\n|\n|win|Jimbx12\n", "inputlog": ">version bfd83cad13791eb5a5a409923076391caf6fb4d4\n>start {\"formatid\":\"gen9randombattle\",\"seed\":[23351,33583,12965,20701],\"rated\":\"Rated battle\"}\n>player p1 {\"name\":\"ColorlessKai\",\"avatar\":\"parasollady\",\"rating\":1133,\"seed\":[16520,5777,32610,61010]}\n>player p2 {\"name\":\"Jimbx12\",\"avatar\":\"169\",\"rating\":1100,\"seed\":[11714,50884,41371,54796]}\n>p1 move thunderbolt\n>p2 switch 4\n>p1 move muddywater\n>p2 move earthquake\n>p1 move muddywater\n>p2 move earthquake terastallize\n>p1 switch 6\n>p2 move earthquake\n>p1 move earthquake\n>p2 move toxic\n>p1 move earthquake\n>p2 move protect\n>p1 move uturn\n>p2 move substitute\n>p1 switch 3\n>p1 move matchagotcha\n>p2 move toxic\n>p1 move matchagotcha\n>p2 move protect\n>chat \u2606ColorlessKai|This game is so trash\n>p1 move matchagotcha\n>p2 move earthquake\n>p1 move matchagotcha\n>p2 move substitute\n>p1 move matchagotcha\n>p2 move protect\n>p1 switch 6\n>p2 move substitute\n>p1 move thunderbolt\n>p2 move earthquake\n>p1 switch 5\n>p1 move thunderbolt\n>p2 move toxic\n>chat \u2606ColorlessKai|Fuck you\n>p2 switch 3\n>p1 switch 2\n>p2 move moonblast\n>p1 move stealthrock\n>p2 move moonblast\n>p1 switch 6\n>p1 move strengthsap\n>p2 move moonblast\n>p1 switch 3\n>p1 move earthquake\n>p2 move moonblast\n>forcelose p1", "uploadtime": 1733864277, "views": 1, "formatid": "gen9randombattle", "rating": null, "private": 0, "password": null}