{"id": "gen9randombattle-2259980832", "format": "[Gen 9] Random Battle", "players": ["TroubleFindsMe", "Pot2lait"], "log": "|j|\u2606TroubleFindsMe\n|j|\u2606Pot2lait\n|t:|1733787065\n|gametype|singles\n|player|p1|TroubleFindsMe|rika|1323\n|player|p2|Pot2lait|fisherman-gen4|1348\n|teamsize|p1|6\n|teamsize|p2|6\n|gen|9\n|tier|[Gen 9] Random Battle\n|rated|\n|rule|Species Clause: Limit one of each Pok\u00e9mon\n|rule|HP Percentage Mod: HP is shown in percentages\n|rule|Sleep Clause Mod: Limit one foe put to sleep\n|rule|Illusion Level Mod: Illusion disguises the Pok\u00e9mon's true level\n|\n|t:|1733787065\n|start\n|switch|p1a: Dugtrio|Dugtrio-Alola, L84, M|196/196\n|switch|p2a: Annihilape|Annihilape, L76, M|292/292\n|turn|1\n|\n|t:|1733787075\n|move|p1a: Dugtrio|Stealth Rock|p2a: Annihilape\n|-sidestart|p2: Pot2lait|move: Stealth Rock\n|move|p2a: Annihilape|Bulk Up|p2a: Annihilape\n|-boost|p2a: Annihilape|atk|1\n|-boost|p2a: Annihilape|def|1\n|\n|upkeep\n|turn|2\n|\n|t:|1733787081\n|switch|p1a: Ribombee|Ribombee, L82, F|233/233\n|move|p2a: Annihilape|Drain Punch|p1a: Ribombee\n|-resisted|p1a: Ribombee\n|-damage|p1a: Ribombee|199/233\n|\n|upkeep\n|turn|3\n|\n|t:|1733787110\n|switch|p2a: Squawkabilly|Squawkabilly-White, L89, M|291/291\n|-damage|p2a: Squawkabilly|219/291|[from] Stealth Rock\n|move|p1a: Ribombee|Quiver Dance|p1a: Ribombee\n|-boost|p1a: Ribombee|spa|1\n|-boost|p1a: Ribombee|spd|1\n|-boost|p1a: Ribombee|spe|1\n|\n|upkeep\n|turn|4\n|\n|t:|1733787123\n|move|p1a: Ribombee|Moonblast|p2a: Squawkabilly\n|-damage|p2a: Squawkabilly|39/291\n|move|p2a: Squawkabilly|Brave Bird|p1a: Ribombee\n|-supereffective|p1a: Ribombee\n|-damage|p1a: Ribombee|0 fnt\n|faint|p1a: Ribombee\n|-damage|p2a: Squawkabilly|0 fnt|[from] Recoil\n|faint|p2a: Squawkabilly\n|\n|upkeep\n|\n|t:|1733787134\n|switch|p1a: Cyclizar|Cyclizar, L83, F|252/252\n|switch|p2a: Morpeko|Morpeko, L88, M|245/245\n|turn|5\n|\n|t:|1733787154\n|move|p1a: Cyclizar|Shed Tail|p1a: Cyclizar\n|-start|p1a: Cyclizar|Substitute|[from] move: Shed Tail\n|-damage|p1a: Cyclizar|126/252\n|\n|t:|1733787178\n|switch|p1a: Falinks|Falinks, L84|246/246|[from] Shed Tail\n|move|p2a: Morpeko|Rapid Spin|p1a: Falinks\n|-activate|p1a: Falinks|move: Substitute|[damage]\n|-sideend|p2: Pot2lait|Stealth Rock|[from] move: Rapid Spin|[of] p2a: Morpeko\n|-boost|p2a: Morpeko|spe|1\n|\n|-formechange|p2a: Morpeko|Morpeko-Hangry||[from] ability: Hunger Switch\n|upkeep\n|turn|6\n|\n|t:|1733787185\n|move|p2a: Morpeko|Parting Shot|p1a: Falinks\n|-unboost|p1a: Falinks|atk|1\n|-ability|p1a: Falinks|Defiant|boost\n|-boost|p1a: Falinks|atk|2\n|-unboost|p1a: Falinks|spa|1\n|-ability|p1a: Falinks|Defiant|boost\n|-boost|p1a: Falinks|atk|2\n|\n|t:|1733787197\n|switch|p2a: Lunala|Lunala, L70|308/308|[from] Parting Shot\n|move|p1a: Falinks|No Retreat|p1a: Falinks\n|-boost|p1a: Falinks|atk|1\n|-boost|p1a: Falinks|def|1\n|-boost|p1a: Falinks|spa|1\n|-boost|p1a: Falinks|spd|1\n|-boost|p1a: Falinks|spe|1\n|-start|p1a: Falinks|move: No Retreat\n|\n|upkeep\n|turn|7\n|\n|t:|1733787206\n|-terastallize|p1a: Falinks|Dark\n|move|p1a: Falinks|Knock Off|p2a: Lunala\n|-supereffective|p2a: Lunala\n|-damage|p2a: Lunala|0 fnt\n|-enditem|p2a: Lunala|Leftovers|[from] move: Knock Off|[of] p1a: Falinks\n|faint|p2a: Lunala\n|-damage|p1a: Falinks|222/246|[from] item: Life Orb\n|\n|upkeep\n|\n|t:|1733787213\n|switch|p2a: Infernape|Infernape, L82, M|259/259\n|turn|8\n|\n|t:|1733787227\n|move|p1a: Falinks|Close Combat|p2a: Infernape\n|-damage|p2a: Infernape|0 fnt\n|-unboost|p1a: Falinks|def|1\n|-unboost|p1a: Falinks|spd|1\n|faint|p2a: Infernape\n|-damage|p1a: Falinks|198/246|[from] item: Life Orb\n|\n|upkeep\n|\n|t:|1733787232\n|switch|p2a: Annihilape|Annihilape, L76, M|292/292\n|turn|9\n|\n|t:|1733787247\n|move|p1a: Falinks|Knock Off|p2a: Annihilape\n|-damage|p2a: Annihilape|0 fnt\n|-enditem|p2a: Annihilape|Chesto Berry|[from] move: Knock Off|[of] p1a: Falinks\n|faint|p2a: Annihilape\n|-damage|p1a: Falinks|174/246|[from] item: Life Orb\n|\n|upkeep\n|\n|t:|1733787250\n|switch|p2a: Brute Bonnet|Brute Bonnet, L81|312/312\n|turn|10\n|\n|t:|1733787255\n|-terastallize|p2a: Brute Bonnet|Fighting\n|move|p1a: Falinks|Close Combat|p2a: Brute Bonnet\n|-damage|p2a: Brute Bonnet|0 fnt\n|-unboost|p1a: Falinks|def|1\n|-unboost|p1a: Falinks|spd|1\n|faint|p2a: Brute Bonnet\n|-end|p2a: Brute Bonnet|Protosynthesis|[silent]\n|-damage|p1a: Falinks|150/246|[from] item: Life Orb\n|\n|upkeep\n|\n|t:|1733787258\n|switch|p2a: Morpeko|Morpeko, L88, M|245/245\n|turn|11\n|\n|t:|1733787273\n|move|p1a: Falinks|Close Combat|p2a: Morpeko\n|-supereffective|p2a: Morpeko\n|-damage|p2a: Morpeko|0 fnt\n|-unboost|p1a: Falinks|def|1\n|-unboost|p1a: Falinks|spd|1\n|faint|p2a: Morpeko\n|-damage|p1a: Falinks|126/246|[from] item: Life Orb\n|\n|win|TroubleFindsMe\n|raw|TroubleFindsMe's rating: 1323 &rarr; <strong>1344</strong><br />(+21 for winning)\n|raw|Pot2lait's rating: 1348 &rarr; <strong>1327</strong><br />(-21 for losing)\n", "inputlog": ">version bfd83cad13791eb5a5a409923076391caf6fb4d4\n>start {\"formatid\":\"gen9randombattle\",\"seed\":[51332,3054,14106,34415],\"rated\":\"Rated battle\"}\n>player p1 {\"name\":\"TroubleFindsMe\",\"avatar\":\"rika\",\"rating\":1323,\"seed\":[56121,56106,48485,58079]}\n>player p2 {\"name\":\"Pot2lait\",\"avatar\":\"fisherman-gen4\",\"rating\":1348,\"seed\":[31084,1219,31425,61732]}\n>p1 move stealthrock\n>p2 move bulkup\n>p1 switch 6\n>p2 move drainpunch\n>p1 move quiverdance\n>p2 switch 5\n>p1 move moonblast\n>p2 move bravebird\n>p1 switch 3\n>p2 switch 3\n>p1 move shedtail\n>p2 move rapidspin\n>p1 switch 4\n>p1 move noretreat\n>p2 move partingshot\n>p2 switch 4\n>p1 move knockoff terastallize\n>p2 move moonblast\n>p2 switch 2\n>p1 move closecombat\n>p2 move closecombat\n>p2 switch 5\n>p1 move knockoff\n>p2 move rest\n>p2 switch 6\n>p1 move closecombat\n>p2 move seedbomb terastallize\n>p2 switch 4\n>p1 move closecombat\n>p2 move aurawheel", "uploadtime": 1733787275, "views": 1, "formatid": "gen9randombattle", "rating": 1327, "private": 0, "password": null}