{"id": "gen9randombattle-2260532458", "format": "[Gen 9] Random Battle", "players": ["6monkeyman", "Ninja master garra"], "log": "|j|\u26066monkeyman\n|j|\u2606Ninja master garra\n|t:|1733860760\n|gametype|singles\n|player|p1|6monkeyman|akari|\n|player|p2|Ninja master garra|101|\n|teamsize|p1|6\n|teamsize|p2|6\n|gen|9\n|tier|[Gen 9] Random Battle\n|rule|Species Clause: Limit one of each Pok\u00e9mon\n|rule|HP Percentage Mod: HP is shown in percentages\n|rule|Sleep Clause Mod: Limit one foe put to sleep\n|rule|Illusion Level Mod: Illusion disguises the Pok\u00e9mon's true level\n|\n|t:|1733860760\n|start\n|switch|p1a: Braviary|Braviary-Hisui, L85, M|326/326\n|switch|p2a: Sudowoodo|Sudowoodo, L94, M|284/284\n|turn|1\n|\n|t:|1733860784\n|move|p2a: Sudowoodo|Sucker Punch|p1a: Braviary\n|-supereffective|p1a: Braviary\n|-damage|p1a: Braviary|110/326\n|move|p1a: Braviary|Hurricane|p2a: Sudowoodo|[miss]\n|-miss|p1a: Braviary|p2a: Sudowoodo\n|\n|upkeep\n|turn|2\n|\n|t:|1733860791\n|switch|p1a: Probopass|Probopass, L92, M|260/260\n|move|p2a: Sudowoodo|Sucker Punch||[still]\n|-fail|p2a: Sudowoodo\n|\n|upkeep\n|turn|3\n|\n|t:|1733860795\n|move|p2a: Sudowoodo|Sucker Punch||[still]\n|-fail|p2a: Sudowoodo\n|move|p1a: Probopass|Iron Defense|p1a: Probopass\n|-boost|p1a: Probopass|def|2\n|\n|upkeep\n|turn|4\n|\n|t:|1733860797\n|move|p2a: Sudowoodo|Sucker Punch||[still]\n|-fail|p2a: Sudowoodo\n|move|p1a: Probopass|Iron Defense|p1a: Probopass\n|-boost|p1a: Probopass|def|2\n|\n|upkeep\n|turn|5\n|\n|t:|1733860800\n|move|p2a: Sudowoodo|Sucker Punch||[still]\n|-fail|p2a: Sudowoodo\n|move|p1a: Probopass|Iron Defense|p1a: Probopass\n|-boost|p1a: Probopass|def|2\n|\n|upkeep\n|turn|6\n|\n|t:|1733860807\n|move|p2a: Sudowoodo|Sucker Punch||[still]\n|-fail|p2a: Sudowoodo\n|move|p1a: Probopass|Iron Defense|p1a: Probopass\n|-boost|p1a: Probopass|def|0\n|\n|upkeep\n|turn|7\n|\n|t:|1733860810\n|move|p2a: Sudowoodo|Sucker Punch||[still]\n|-fail|p2a: Sudowoodo\n|move|p1a: Probopass|Iron Defense|p1a: Probopass\n|-boost|p1a: Probopass|def|0\n|\n|upkeep\n|turn|8\n|\n|t:|1733860812\n|move|p2a: Sudowoodo|Sucker Punch||[still]\n|-fail|p2a: Sudowoodo\n|move|p1a: Probopass|Iron Defense|p1a: Probopass\n|-boost|p1a: Probopass|def|0\n|\n|upkeep\n|turn|9\n|\n|t:|1733860821\n|switch|p2a: Arboliva|Arboliva, L91, F|288/288\n|move|p1a: Probopass|Flash Cannon|p2a: Arboliva\n|-damage|p2a: Arboliva|218/288\n|\n|upkeep\n|turn|10\n|\n|t:|1733860827\n|move|p2a: Arboliva|Protect|p2a: Arboliva\n|-singleturn|p2a: Arboliva|Protect\n|move|p1a: Probopass|Body Press|p2a: Arboliva\n|-activate|p2a: Arboliva|move: Protect\n|\n|upkeep\n|turn|11\n|\n|t:|1733860832\n|move|p1a: Probopass|Body Press|p2a: Arboliva\n|-supereffective|p2a: Arboliva\n|-crit|p2a: Arboliva\n|-damage|p2a: Arboliva|0 fnt\n|faint|p2a: Arboliva\n|\n|upkeep\n|\n|t:|1733860835\n|switch|p2a: Gurdurr|Gurdurr, L85, F|283/283\n|turn|12\n|\n|t:|1733860840\n|-terastallize|p1a: Probopass|Fighting\n|move|p2a: Gurdurr|Mach Punch|p1a: Probopass\n|-damage|p1a: Probopass|253/260\n|move|p1a: Probopass|Body Press|p2a: Gurdurr\n|-damage|p2a: Gurdurr|0 fnt\n|faint|p2a: Gurdurr\n|\n|-heal|p1a: Probopass|260/260|[from] item: Leftovers\n|upkeep\n|\n|t:|1733860849\n|switch|p2a: Sudowoodo|Sudowoodo, L94, M|284/284\n|turn|13\n|\n|t:|1733860854\n|move|p1a: Probopass|Body Press|p2a: Sudowoodo\n|-supereffective|p2a: Sudowoodo\n|-damage|p2a: Sudowoodo|0 fnt\n|faint|p2a: Sudowoodo\n|\n|upkeep\n|\n|t:|1733860857\n|switch|p2a: Duraludon|Duraludon, L82, M|249/249\n|turn|14\n|\n|t:|1733860861\n|move|p2a: Duraludon|Draco Meteor|p1a: Probopass\n|-damage|p1a: Probopass|176/260\n|-unboost|p2a: Duraludon|spa|2\n|move|p1a: Probopass|Body Press|p2a: Duraludon\n|-supereffective|p2a: Duraludon\n|-crit|p2a: Duraludon\n|-damage|p2a: Duraludon|0 fnt\n|faint|p2a: Duraludon\n|\n|-heal|p1a: Probopass|192/260|[from] item: Leftovers\n|upkeep\n|\n|t:|1733860867\n|switch|p2a: Forretress|Forretress, L84, M|263/263\n|turn|15\n|\n|t:|1733860873\n|move|p1a: Probopass|Body Press|p2a: Forretress\n|-ability|p2a: Forretress|Sturdy\n|-damage|p2a: Forretress|1/263\n|move|p2a: Forretress|Body Press|p1a: Probopass\n|-damage|p1a: Probopass|180/260\n|\n|-heal|p1a: Probopass|196/260|[from] item: Leftovers\n|-heal|p2a: Forretress|17/263|[from] item: Leftovers\n|upkeep\n|turn|16\n|\n|t:|1733860882\n|move|p1a: Probopass|Body Press|p2a: Forretress\n|-damage|p2a: Forretress|0 fnt\n|faint|p2a: Forretress\n|\n|-heal|p1a: Probopass|212/260|[from] item: Leftovers\n|upkeep\n|\n|t:|1733860884\n|switch|p2a: Gyarados|Gyarados, L79, F|280/280\n|turn|17\n|\n|t:|1733860890\n|move|p2a: Gyarados|Temper Flare|p1a: Probopass\n|-damage|p1a: Probopass|202/260\n|move|p1a: Probopass|Body Press|p2a: Gyarados\n|-resisted|p2a: Gyarados\n|-damage|p2a: Gyarados|0 fnt\n|faint|p2a: Gyarados\n|\n|win|6monkeyman\n|l|\u2606Ninja master garra\n|player|p2|\n", "inputlog": ">version bfd83cad13791eb5a5a409923076391caf6fb4d4\n>start {\"formatid\":\"gen9randombattle\",\"seed\":[53882,3781,51829,15623]}\n>player p1 {\"name\":\"6monkeyman\",\"avatar\":\"akari\",\"rating\":0,\"seed\":[18348,2593,20395,65029]}\n>player p2 {\"name\":\"Ninja master garra\",\"avatar\":\"101\",\"rating\":0,\"seed\":[38289,16862,58365,64009]}\n>p1 move hurricane\n>p2 move suckerpunch\n>p1 switch 2\n>p2 move suckerpunch\n>p1 move irondefense\n>p2 move suckerpunch\n>p1 move irondefense\n>p2 move suckerpunch\n>p1 move irondefense\n>p2 move suckerpunch\n>p1 move irondefense\n>p2 move suckerpunch\n>p1 move irondefense\n>p2 move suckerpunch\n>p1 move irondefense\n>p2 move suckerpunch\n>p1 move flashcannon\n>p2 switch 3\n>p1 move bodypress\n>p2 move protect\n>p1 move bodypress\n>p2 move hypervoice\n>p2 switch 4\n>p1 move bodypress terastallize\n>p2 move machpunch\n>p2 switch 3\n>p1 move bodypress\n>p2 move woodhammer\n>p2 switch 2\n>p1 move bodypress\n>p2 move dracometeor\n>p2 switch 5\n>p1 move bodypress\n>p2 move bodypress\n>p1 move bodypress\n>p2 move spikes\n>p2 switch 6\n>p1 move bodypress\n>p2 move temperflare", "uploadtime": 1733860895, "views": 2, "formatid": "gen9randombattle", "rating": null, "private": 0, "password": null}