{"id": "gen9randombattle-2151790645", "format": "[Gen 9] Random Battle", "players": ["Flashybee", "teres bahji"], "log": "|badge|p1|silver|gen9randombattle|30-1\n|html|<div class=\"broadcast-red\"><strong>This battle is required to be public due to one or more player having a season medal.</strong><br />During the public phase, you can discuss the state of the ladder <a href=\"/seasondiscussion\">in a special chatroom.</a></div>\n|uhtml|medal-msg|<div class=\"broadcast-blue\">Curious what those medals under the avatar are? PS now has Ladder Seasons! For more information, check out the <a href=\"https://www.smogon.com/forums/threads/3740067/\">thread on Smogon.</a></div>\n|raw|<div class=\"broadcast-blue\"><strong>This battle is required to be public due to a player having a name starting with 'medal'.</div>\n|j|\u2606Flashybee\n|j|\u2606teres bahji\n|t:|1719607002\n|gametype|singles\n|player|p1|Flashybee|266|2388\n|player|p2|teres bahji|#rbtt7teamrayquazaf|2384\n|teamsize|p1|6\n|teamsize|p2|6\n|gen|9\n|tier|[Gen 9] Random Battle\n|rated|\n|rule|Species Clause: Limit one of each Pok\u00e9mon\n|rule|HP Percentage Mod: HP is shown in percentages\n|rule|Sleep Clause Mod: Limit one foe put to sleep\n|rule|Illusion Level Mod: Illusion disguises the Pok\u00e9mon's true level\n|\n|t:|1719607002\n|start\n|switch|p1a: Ursaring|Ursaring, L84, F|288/288\n|switch|p2a: Haxorus|Haxorus, L77, M|244/244\n|-ability|p2a: Haxorus|Mold Breaker\n|turn|1\n|\n|t:|1719607019\n|switch|p2a: Swampert|Swampert, L83, F|302/302\n|move|p1a: Ursaring|Body Slam|p2a: Swampert\n|-damage|p2a: Swampert|179/302\n|\n|-heal|p2a: Swampert|197/302|[from] item: Leftovers\n|upkeep\n|turn|2\n|\n|t:|1719607028\n|move|p2a: Swampert|Knock Off|p1a: Ursaring\n|-damage|p1a: Ursaring|229/288\n|-enditem|p1a: Ursaring|Eviolite|[from] move: Knock Off|[of] p2a: Swampert\n|move|p1a: Ursaring|Body Slam|p2a: Swampert\n|-damage|p2a: Swampert|85/302\n|\n|-heal|p2a: Swampert|103/302|[from] item: Leftovers\n|upkeep\n|turn|3\n|\n|t:|1719607031\n|move|p2a: Swampert|Stealth Rock|p1a: Ursaring\n|-sidestart|p1: Flashybee|move: Stealth Rock\n|move|p1a: Ursaring|Body Slam|p2a: Swampert\n|-damage|p2a: Swampert|0 fnt\n|faint|p2a: Swampert\n|\n|upkeep\n|j| Accadere \u2601@!\n|\n|t:|1719607043\n|switch|p2a: Haxorus|Haxorus, L77, M|244/244\n|-ability|p2a: Haxorus|Mold Breaker\n|turn|4\n|inactive|Battle timer is ON: inactive players will automatically lose when time's up. (requested by teres bahji)\n|l| Accadere \u2601\n|inactive|Flashybee has 120 seconds left.\n|j| Accadere \u2601@!\n|\n|t:|1719607099\n|move|p2a: Haxorus|Dragon Dance|p2a: Haxorus\n|-boost|p2a: Haxorus|atk|1\n|-boost|p2a: Haxorus|spe|1\n|move|p1a: Ursaring|Body Slam|p2a: Haxorus\n|-damage|p2a: Haxorus|115/244\n|-status|p2a: Haxorus|par\n|-enditem|p2a: Haxorus|Lum Berry|[eat]\n|-curestatus|p2a: Haxorus|par|[msg]\n|\n|upkeep\n|turn|5\n|\n|t:|1719607125\n|move|p2a: Haxorus|Outrage|p1a: Ursaring\n|-damage|p1a: Ursaring|0 fnt\n|faint|p1a: Ursaring\n|\n|upkeep\n|inactive|Flashybee has 120 seconds left.\n|inactive|Flashybee has 90 seconds left.\n|\n|t:|1719607177\n|switch|p1a: Arceus|Arceus-Electric, L70|284/284\n|-damage|p1a: Arceus|249/284|[from] Stealth Rock\n|turn|6\n|\n|t:|1719607182\n|move|p2a: Haxorus|Outrage|p1a: Arceus|[from]lockedmove\n|-damage|p1a: Arceus|23/284\n|-start|p2a: Haxorus|confusion|[fatigue]\n|move|p1a: Arceus|Ice Beam|p2a: Haxorus\n|-supereffective|p2a: Haxorus\n|-damage|p2a: Haxorus|0 fnt\n|faint|p2a: Haxorus\n|\n|upkeep\n|\n|t:|1719607189\n|switch|p2a: Flareon|Flareon, L90, F|263/263\n|turn|7\n|inactive|Flashybee has 90 seconds left.\n|\n|t:|1719607208\n|move|p2a: Flareon|Quick Attack|p1a: Arceus\n|-damage|p1a: Arceus|0 fnt\n|faint|p1a: Arceus\n|\n|-status|p2a: Flareon|tox|[from] item: Toxic Orb\n|upkeep\n|inactive|Flashybee has 90 seconds left.\n|\n|t:|1719607221\n|switch|p1a: Lycanroc|Lycanroc-Dusk, L80, M|251/251\n|-damage|p1a: Lycanroc|220/251|[from] Stealth Rock\n|turn|8\n|inactive|Flashybee has 90 seconds left.\n|\n|t:|1719607228\n|switch|p2a: Groudon|Groudon, L72|263/263\n|-weather|SunnyDay|[from] ability: Drought|[of] p2a: Groudon\n|move|p1a: Lycanroc|Stone Edge|p2a: Groudon|[miss]\n|-miss|p1a: Lycanroc|p2a: Groudon\n|\n|-weather|SunnyDay|[upkeep]\n|upkeep\n|turn|9\n|inactive|Flashybee has 90 seconds left.\n|\n|t:|1719607240\n|switch|p1a: Vaporeon|Vaporeon, L86, F|364/364\n|-damage|p1a: Vaporeon|319/364|[from] Stealth Rock\n|move|p2a: Groudon|Thunder Wave|p1a: Vaporeon\n|-status|p1a: Vaporeon|par\n|\n|-weather|SunnyDay|[upkeep]\n|-heal|p1a: Vaporeon|341/364 par|[from] item: Leftovers\n|upkeep\n|turn|10\n|\n|t:|1719607244\n|switch|p2a: Phione|Phione, L90|290/290\n|move|p1a: Vaporeon|Scald|p2a: Phione\n|-resisted|p2a: Phione\n|-damage|p2a: Phione|267/290\n|\n|-weather|SunnyDay|[upkeep]\n|-heal|p2a: Phione|285/290|[from] item: Leftovers\n|-heal|p1a: Vaporeon|363/364 par|[from] item: Leftovers\n|upkeep\n|turn|11\n|\n|t:|1719607249\n|move|p2a: Phione|Take Heart|p2a: Phione\n|-boost|p2a: Phione|spa|1\n|-boost|p2a: Phione|spd|1\n|cant|p1a: Vaporeon|par\n|\n|-weather|SunnyDay|[upkeep]\n|-heal|p2a: Phione|290/290|[from] item: Leftovers\n|-heal|p1a: Vaporeon|364/364 par|[from] item: Leftovers\n|upkeep\n|turn|12\n|\n|t:|1719607253\n|move|p2a: Phione|Take Heart|p2a: Phione\n|-boost|p2a: Phione|spa|1\n|-boost|p2a: Phione|spd|1\n|move|p1a: Vaporeon|Flip Turn|p2a: Phione\n|-resisted|p2a: Phione\n|-damage|p2a: Phione|278/290\n|inactive|Flashybee has 120 seconds left.\n|\n|t:|1719607260\n|switch|p1a: Flareon|Flareon, L90, M|263/263|[from] Flip Turn\n|-damage|p1a: Flareon|198/263|[from] Stealth Rock\n|\n|-weather|none\n|-heal|p2a: Phione|290/290|[from] item: Leftovers\n|-status|p1a: Flareon|tox|[from] item: Toxic Orb\n|upkeep\n|turn|13\n|\n|t:|1719607277\n|-terastallize|p1a: Flareon|Normal\n|move|p2a: Phione|Scald|p1a: Flareon\n|-damage|p1a: Flareon|68/263 tox\n|move|p1a: Flareon|Facade|p2a: Phione\n|-damage|p2a: Phione|0 fnt\n|faint|p2a: Phione\n|\n|-damage|p1a: Flareon|52/263 tox|[from] psn\n|upkeep\n|\n|t:|1719607292\n|switch|p2a: Groudon|Groudon, L72|263/263\n|-weather|SunnyDay|[from] ability: Drought|[of] p2a: Groudon\n|turn|14\n|\n|t:|1719607307\n|move|p2a: Groudon|Heat Crash|p1a: Flareon\n|-damage|p1a: Flareon|0 fnt\n|faint|p1a: Flareon\n|\n|-weather|SunnyDay|[upkeep]\n|upkeep\n|\n|t:|1719607313\n|switch|p1a: Vaporeon|Vaporeon, L86, F|364/364 par\n|-damage|p1a: Vaporeon|319/364 par|[from] Stealth Rock\n|turn|15\n|\n|t:|1719607318\n|switch|p2a: Flareon|Flareon, L90, F|263/263 tox\n|cant|p1a: Vaporeon|par\n|\n|-weather|SunnyDay|[upkeep]\n|-heal|p1a: Vaporeon|341/364 par|[from] item: Leftovers\n|-damage|p2a: Flareon|247/263 tox|[from] psn\n|upkeep\n|turn|16\n|\n|t:|1719607325\n|-terastallize|p2a: Flareon|Normal\n|move|p1a: Vaporeon|Protect|p1a: Vaporeon\n|-singleturn|p1a: Vaporeon|Protect\n|move|p2a: Flareon|Facade|p1a: Vaporeon\n|-activate|p1a: Vaporeon|move: Protect\n|\n|-weather|SunnyDay|[upkeep]\n|-heal|p1a: Vaporeon|363/364 par|[from] item: Leftovers\n|-damage|p2a: Flareon|215/263 tox|[from] psn\n|upkeep\n|turn|17\n|\n|t:|1719607337\n|move|p2a: Flareon|Facade|p1a: Vaporeon\n|-damage|p1a: Vaporeon|0 fnt\n|faint|p1a: Vaporeon\n|\n|-weather|SunnyDay|[upkeep]\n|-damage|p2a: Flareon|167/263 tox|[from] psn\n|upkeep\n|\n|t:|1719607341\n|switch|p1a: Lycanroc|Lycanroc-Dusk, L80, M|220/251\n|-damage|p1a: Lycanroc|189/251|[from] Stealth Rock\n|turn|18\n|\n|t:|1719607356\n|move|p2a: Flareon|Quick Attack|p1a: Lycanroc\n|-resisted|p1a: Lycanroc\n|-damage|p1a: Lycanroc|129/251\n|move|p1a: Lycanroc|Close Combat|p2a: Flareon\n|-supereffective|p2a: Flareon\n|-damage|p2a: Flareon|0 fnt\n|-unboost|p1a: Lycanroc|def|1\n|-unboost|p1a: Lycanroc|spd|1\n|faint|p2a: Flareon\n|-damage|p1a: Lycanroc|104/251|[from] item: Life Orb\n|\n|-weather|none\n|upkeep\n|\n|t:|1719607360\n|switch|p2a: Ditto|Ditto, L87|225/225\n|-transform|p2a: Ditto|p1a: Lycanroc|[from] ability: Imposter\n|turn|19\n|l| Accadere \u2601\n|\n|t:|1719607364\n|move|p2a: Ditto|Close Combat|p1a: Lycanroc\n|-supereffective|p1a: Lycanroc\n|-damage|p1a: Lycanroc|0 fnt\n|-unboost|p2a: Ditto|def|1\n|-unboost|p2a: Ditto|spd|1\n|faint|p1a: Lycanroc\n|\n|upkeep\n|\n|t:|1719607365\n|switch|p1a: Rabsca|Rabsca, L91, F|284/284\n|turn|20\n|j| Accadere \u2601@!\n|inactive|Flashybee has 120 seconds left.\n|\n|t:|1719607397\n|switch|p2a: Groudon|Groudon, L72|263/263\n|-weather|SunnyDay|[from] ability: Drought|[of] p2a: Groudon\n|move|p1a: Rabsca|Trick Room|p1a: Rabsca\n|-fieldstart|move: Trick Room|[of] p1a: Rabsca\n|\n|-weather|SunnyDay|[upkeep]\n|upkeep\n|turn|21\n|\n|t:|1719607404\n|move|p1a: Rabsca|Psychic|p2a: Groudon\n|-damage|p2a: Groudon|121/263\n|-unboost|p2a: Groudon|spd|1\n|move|p2a: Groudon|Heat Crash|p1a: Rabsca\n|-supereffective|p1a: Rabsca\n|-damage|p1a: Rabsca|26/284\n|\n|-weather|SunnyDay|[upkeep]\n|-heal|p2a: Groudon|137/263|[from] item: Leftovers\n|upkeep\n|turn|22\n|inactive|Flashybee has 120 seconds left.\n|inactive|teres bahji has 120 seconds left.\n|\n|t:|1719607436\n|switch|p2a: Ditto|Ditto, L87|225/225\n|-transform|p2a: Ditto|p1a: Rabsca|[from] ability: Imposter\n|move|p1a: Rabsca|Bug Buzz|p2a: Ditto\n|-supereffective|p2a: Ditto\n|-damage|p2a: Ditto|15/225\n|\n|-weather|SunnyDay|[upkeep]\n|upkeep\n|turn|23\n|inactive|Flashybee has 120 seconds left.\n|\n|t:|1719607447\n|move|p1a: Rabsca|Bug Buzz|p2a: Ditto\n|-supereffective|p2a: Ditto\n|-damage|p2a: Ditto|0 fnt\n|faint|p2a: Ditto\n|\n|-weather|SunnyDay|[upkeep]\n|upkeep\n|\n|t:|1719607448\n|switch|p2a: Groudon|Groudon, L72|137/263\n|turn|24\n|inactive|Flashybee has 120 seconds left.\n|inactive|Flashybee has 90 seconds left.\n|inactive|teres bahji has 120 seconds left.\n|inactive|Flashybee has 60 seconds left.\n|inactive|Flashybee has 30 seconds left.\n|\n|t:|1719607554\n|move|p1a: Rabsca|Psychic|p2a: Groudon\n|-damage|p2a: Groudon|4/263\n|move|p2a: Groudon|Heat Crash|p1a: Rabsca\n|-supereffective|p1a: Rabsca\n|-damage|p1a: Rabsca|0 fnt\n|faint|p1a: Rabsca\n|\n|win|teres bahji\n|inactive|Flashybee has 30 seconds left this turn.\n|raw|Flashybee's rating: 2388 &rarr; <strong>2368</strong><br />(-20 for losing)\n|raw|teres bahji's rating: 2384 &rarr; <strong>2404</strong><br />(+20 for winning)\n|c|\u2606Flashybee|gg\n", "inputlog": ">version 021bb6b4147d783a3aa9da22896c4e1e173f1b61\n>start {\"formatid\":\"gen9randombattle\",\"seed\":[15706,1839,7469,35286],\"rated\":\"Rated battle\"}\n>player p1 {\"name\":\"Flashybee\",\"avatar\":\"266\",\"rating\":2388,\"seed\":[13093,29835,684,52544]}\n>player p2 {\"name\":\"teres bahji\",\"avatar\":\"#rbtt7teamrayquazaf\",\"rating\":2384,\"seed\":[41199,25106,49930,2031]}\n>p1 move bodyslam\n>p2 switch 4\n>p1 move bodyslam\n>p2 move knockoff\n>p1 move bodyslam\n>p2 move stealthrock\n>p2 switch 4\n>p1 move bodyslam\n>p2 move dragondance\n>p1 move bodyslam\n>p2 move outrage\n>p1 switch 4\n>p1 move icebeam\n>p2 move outrage\n>p2 switch 5\n>p1 move judgment\n>p2 move quickattack\n>p1 switch 2\n>p1 move stoneedge\n>p2 switch 6\n>p1 switch 6\n>p2 move thunderwave\n>p1 move scald\n>p2 switch 3\n>p1 move flipturn\n>p2 move takeheart\n>p1 move flipturn\n>p2 move takeheart\n>p1 switch 3\n>p1 move facade terastallize\n>p2 move scald\n>p2 switch 3\n>p1 move flareblitz\n>p2 move heatcrash\n>p1 switch 3\n>p1 move scald\n>p2 switch 6\n>p1 move protect\n>p2 move facade terastallize\n>p1 move flipturn\n>p2 move facade\n>p1 switch 6\n>p1 move closecombat\n>p2 move quickattack\n>p2 switch 2\n>p1 move closecombat\n>p2 move closecombat\n>p1 switch 5\n>p1 move trickroom\n>p2 switch 6\n>p1 move psychic\n>p2 move heatcrash\n>p1 move bugbuzz\n>p2 switch 6\n>p1 move bugbuzz\n>p2 move bugbuzz\n>p2 switch 6\n>p1 move psychic\n>p2 move heatcrash", "uploadtime": 1719607560, "views": 193, "formatid": "gen9randombattle", "rating": 2368, "private": 0, "password": null}