{"id": "gen9randombattle-2260716619", "format": "[Gen 9] Random Battle", "players": ["arrogantgamer", "evilpask"], "log": "|j|\u2606arrogantgamer\n|j|\u2606evilpask\n|t:|1733882218\n|gametype|singles\n|player|p1|arrogantgamer|cynthia-gen4|1344\n|player|p2|evilpask|crasherwake|1295\n|teamsize|p1|6\n|teamsize|p2|6\n|gen|9\n|tier|[Gen 9] Random Battle\n|rated|\n|rule|Species Clause: Limit one of each Pok\u00e9mon\n|rule|HP Percentage Mod: HP is shown in percentages\n|rule|Sleep Clause Mod: Limit one foe put to sleep\n|rule|Illusion Level Mod: Illusion disguises the Pok\u00e9mon's true level\n|\n|t:|1733882218\n|start\n|switch|p1a: Regieleki|Regieleki, L79|256/256\n|switch|p2a: Coalossal|Coalossal, L89, F|341/341\n|turn|1\n|inactive|Battle timer is ON: inactive players will automatically lose when time's up. (requested by arrogantgamer)\n|\n|t:|1733882229\n|move|p1a: Regieleki|Volt Switch|p2a: Coalossal\n|-damage|p2a: Coalossal|251/341\n|\n|t:|1733882232\n|switch|p1a: Great Tusk|Great Tusk, L77|304/304|[from] Volt Switch\n|move|p2a: Coalossal|Flamethrower|p1a: Great Tusk\n|-damage|p1a: Great Tusk|163/304\n|\n|upkeep\n|turn|2\n|\n|t:|1733882242\n|switch|p2a: Milotic|Milotic, L83, F|293/293\n|move|p1a: Great Tusk|Headlong Rush|p2a: Milotic\n|-damage|p2a: Milotic|89/293\n|-unboost|p1a: Great Tusk|def|1\n|-unboost|p1a: Great Tusk|spd|1\n|\n|-heal|p2a: Milotic|107/293|[from] item: Leftovers\n|upkeep\n|turn|3\n|\n|t:|1733882255\n|-end|p1a: Great Tusk|Protosynthesis|[silent]\n|switch|p1a: Regieleki|Regieleki, L79|256/256\n|move|p2a: Milotic|Scald|p1a: Regieleki\n|-damage|p1a: Regieleki|114/256\n|\n|-heal|p2a: Milotic|125/293|[from] item: Leftovers\n|upkeep\n|turn|4\n|\n|t:|1733882267\n|-terastallize|p2a: Milotic|Dragon\n|move|p1a: Regieleki|Volt Switch|p2a: Milotic\n|-resisted|p2a: Milotic\n|-crit|p2a: Milotic\n|-damage|p2a: Milotic|59/293\n|\n|t:|1733882274\n|switch|p1a: Trevenant|Trevenant, L88, F|293/293|[from] Volt Switch\n|move|p2a: Milotic|Scald|p1a: Trevenant\n|-resisted|p1a: Trevenant\n|-damage|p1a: Trevenant|248/293\n|\n|-heal|p2a: Milotic|77/293|[from] item: Leftovers\n|upkeep\n|turn|5\n|\n|t:|1733882278\n|move|p2a: Milotic|Recover|p2a: Milotic\n|-heal|p2a: Milotic|224/293\n|move|p1a: Trevenant|Poltergeist|p2a: Milotic\n|-activate|p2a: Milotic|move: Poltergeist|Leftovers\n|-damage|p2a: Milotic|73/293\n|\n|-heal|p2a: Milotic|91/293|[from] item: Leftovers\n|upkeep\n|turn|6\n|\n|t:|1733882290\n|move|p2a: Milotic|Ice Beam|p1a: Trevenant\n|-supereffective|p1a: Trevenant\n|-damage|p1a: Trevenant|128/293\n|-enditem|p1a: Trevenant|Sitrus Berry|[eat]\n|-heal|p1a: Trevenant|201/293|[from] item: Sitrus Berry\n|move|p1a: Trevenant|Toxic|p2a: Milotic\n|-status|p2a: Milotic|tox\n|\n|-heal|p2a: Milotic|109/293 tox|[from] item: Leftovers\n|-damage|p2a: Milotic|91/293 tox|[from] psn\n|-item|p1a: Trevenant|Sitrus Berry|[from] ability: Harvest\n|upkeep\n|turn|7\n|\n|t:|1733882302\n|move|p1a: Trevenant|Protect|p1a: Trevenant\n|-singleturn|p1a: Trevenant|Protect\n|move|p2a: Milotic|Ice Beam|p1a: Trevenant\n|-activate|p1a: Trevenant|move: Protect\n|\n|-heal|p2a: Milotic|109/293 tox|[from] item: Leftovers\n|-damage|p2a: Milotic|73/293 tox|[from] psn\n|upkeep\n|turn|8\n|\n|t:|1733882318\n|switch|p1a: Copperajah|Copperajah, L86, M|350/350\n|move|p2a: Milotic|Ice Beam|p1a: Copperajah\n|-resisted|p1a: Copperajah\n|-damage|p1a: Copperajah|316/350\n|\n|-heal|p2a: Milotic|91/293 tox|[from] item: Leftovers\n|-damage|p2a: Milotic|37/293 tox|[from] psn\n|upkeep\n|turn|9\n|\n|t:|1733882330\n|switch|p1a: Trevenant|Trevenant, L88, F|201/293\n|move|p2a: Milotic|Scald|p1a: Trevenant\n|-resisted|p1a: Trevenant\n|-damage|p1a: Trevenant|157/293\n|\n|-heal|p2a: Milotic|55/293 tox|[from] item: Leftovers\n|-damage|p2a: Milotic|0 fnt|[from] psn\n|faint|p2a: Milotic\n|upkeep\n|\n|t:|1733882336\n|switch|p2a: Skeledirge|Skeledirge, L79, F|294/294\n|turn|10\n|\n|t:|1733882346\n|move|p2a: Skeledirge|Flame Charge|p1a: Trevenant\n|-supereffective|p1a: Trevenant\n|-damage|p1a: Trevenant|77/293\n|-boost|p2a: Skeledirge|spe|1\n|-enditem|p1a: Trevenant|Sitrus Berry|[eat]\n|-heal|p1a: Trevenant|150/293|[from] item: Sitrus Berry\n|move|p1a: Trevenant|Poltergeist|p2a: Skeledirge\n|-activate|p2a: Skeledirge|move: Poltergeist|Heavy-Duty Boots\n|-supereffective|p2a: Skeledirge\n|-damage|p2a: Skeledirge|18/294\n|\n|upkeep\n|turn|11\n|\n|t:|1733882358\n|move|p1a: Trevenant|Protect|p1a: Trevenant\n|-singleturn|p1a: Trevenant|Protect\n|move|p2a: Skeledirge|Torch Song|p1a: Trevenant\n|-activate|p1a: Trevenant|move: Protect\n|\n|upkeep\n|turn|12\n|\n|t:|1733882375\n|-terastallize|p1a: Trevenant|Fighting\n|move|p2a: Skeledirge|Torch Song|p1a: Trevenant\n|-damage|p1a: Trevenant|68/293\n|-boost|p2a: Skeledirge|spa|1\n|move|p1a: Trevenant|Poltergeist|p2a: Skeledirge\n|-activate|p2a: Skeledirge|move: Poltergeist|Heavy-Duty Boots\n|-supereffective|p2a: Skeledirge\n|-damage|p2a: Skeledirge|0 fnt\n|faint|p2a: Skeledirge\n|\n|-item|p1a: Trevenant|Sitrus Berry|[from] ability: Harvest\n|upkeep\n|-enditem|p1a: Trevenant|Sitrus Berry|[eat]\n|-heal|p1a: Trevenant|141/293|[from] item: Sitrus Berry\n|\n|t:|1733882382\n|switch|p2a: Dedenne|Dedenne, L88, F|261/261\n|turn|13\n|\n|t:|1733882396\n|switch|p1a: Copperajah|Copperajah, L86, M|316/350\n|move|p2a: Dedenne|Dazzling Gleam|p1a: Copperajah\n|-resisted|p1a: Copperajah\n|-damage|p1a: Copperajah|266/350\n|\n|upkeep\n|turn|14\n|\n|t:|1733882406\n|move|p2a: Dedenne|Nuzzle|p1a: Copperajah\n|-crit|p1a: Copperajah\n|-damage|p1a: Copperajah|239/350\n|-status|p1a: Copperajah|par\n|cant|p1a: Copperajah|par\n|\n|upkeep\n|turn|15\n|\n|t:|1733882413\n|move|p2a: Dedenne|U-turn|p1a: Copperajah\n|-resisted|p1a: Copperajah\n|-damage|p1a: Copperajah|219/350 par\n|\n|t:|1733882418\n|switch|p2a: Coalossal|Coalossal, L89, F|251/341|[from] U-turn\n|move|p1a: Copperajah|Heavy Slam|p2a: Coalossal\n|-damage|p2a: Coalossal|100/341\n|\n|upkeep\n|turn|16\n|\n|t:|1733882427\n|move|p2a: Coalossal|Flamethrower|p1a: Copperajah\n|-supereffective|p1a: Copperajah\n|-damage|p1a: Copperajah|1/350 par\n|cant|p1a: Copperajah|par\n|\n|upkeep\n|turn|17\n|\n|t:|1733882437\n|move|p2a: Coalossal|Flamethrower|p1a: Copperajah\n|-supereffective|p1a: Copperajah\n|-crit|p1a: Copperajah\n|-damage|p1a: Copperajah|0 fnt\n|faint|p1a: Copperajah\n|\n|upkeep\n|\n|t:|1733882444\n|switch|p1a: Regieleki|Regieleki, L79|114/256\n|turn|18\n|\n|t:|1733882448\n|move|p1a: Regieleki|Thunderbolt|p2a: Coalossal\n|-damage|p2a: Coalossal|0 fnt\n|faint|p2a: Coalossal\n|\n|upkeep\n|\n|t:|1733882456\n|switch|p2a: Dedenne|Dedenne, L88, F|261/261\n|turn|19\n|\n|t:|1733882463\n|switch|p1a: Great Tusk|Great Tusk, L77|163/304\n|move|p2a: Dedenne|Dazzling Gleam|p1a: Great Tusk\n|-supereffective|p1a: Great Tusk\n|-damage|p1a: Great Tusk|0 fnt\n|faint|p1a: Great Tusk\n|-end|p1a: Great Tusk|Protosynthesis|[silent]\n|\n|upkeep\n|\n|t:|1733882486\n|switch|p1a: Regieleki|Regieleki, L79|114/256\n|turn|20\n|\n|t:|1733882491\n|move|p1a: Regieleki|Explosion|p2a: Dedenne\n|-damage|p2a: Dedenne|58/261\n|-enditem|p2a: Dedenne|Sitrus Berry|[eat]\n|-heal|p2a: Dedenne|123/261|[from] item: Sitrus Berry\n|-heal|p2a: Dedenne|210/261|[from] ability: Cheek Pouch\n|faint|p1a: Regieleki\n|move|p2a: Dedenne|Dazzling Gleam|p1: Regieleki|[notarget]\n|-fail|p2a: Dedenne\n|\n|upkeep\n|\n|t:|1733882502\n|switch|p1a: Iron Boulder|Iron Boulder, L77|265/265\n|-enditem|p1a: Iron Boulder|Booster Energy\n|-activate|p1a: Iron Boulder|ability: Quark Drive|[fromitem]\n|-start|p1a: Iron Boulder|quarkdrivespe\n|turn|21\n|\n|t:|1733882523\n|move|p1a: Iron Boulder|Mighty Cleave|p2a: Dedenne\n|-damage|p2a: Dedenne|84/261\n|move|p2a: Dedenne|U-turn|p1a: Iron Boulder\n|-supereffective|p1a: Iron Boulder\n|-damage|p1a: Iron Boulder|173/265\n|\n|t:|1733882530\n|switch|p2a: Cinccino|Cinccino, L83, M|260/260|[from] U-turn\n|\n|upkeep\n|turn|22\n|\n|t:|1733882537\n|move|p1a: Iron Boulder|Close Combat|p2a: Cinccino\n|-supereffective|p2a: Cinccino\n|-damage|p2a: Cinccino|52/260\n|-unboost|p1a: Iron Boulder|def|1\n|-unboost|p1a: Iron Boulder|spd|1\n|move|p2a: Cinccino|Bullet Seed|p1a: Iron Boulder\n|-supereffective|p1a: Iron Boulder\n|-crit|p1a: Iron Boulder\n|-damage|p1a: Iron Boulder|39/265\n|-supereffective|p1a: Iron Boulder\n|-damage|p1a: Iron Boulder|0 fnt\n|faint|p1a: Iron Boulder\n|-end|p1a: Iron Boulder|Quark Drive|[silent]\n|-hitcount|p1: Iron Boulder|2\n|\n|upkeep\n|\n|t:|1733882554\n|switch|p1a: Trevenant|Trevenant, L88, F, tera:Fighting|141/293\n|turn|23\n|\n|t:|1733882566\n|move|p2a: Cinccino|U-turn|p1a: Trevenant\n|-resisted|p1a: Trevenant\n|-damage|p1a: Trevenant|116/293\n|\n|t:|1733882569\n|switch|p2a: Dedenne|Dedenne, L88, F|84/261|[from] U-turn\n|move|p1a: Trevenant|Poltergeist||[still]\n|-fail|p1a: Trevenant\n|\n|-item|p1a: Trevenant|Sitrus Berry|[from] ability: Harvest\n|upkeep\n|-enditem|p1a: Trevenant|Sitrus Berry|[eat]\n|-heal|p1a: Trevenant|189/293|[from] item: Sitrus Berry\n|turn|24\n|\n|t:|1733882581\n|move|p1a: Trevenant|Protect|p1a: Trevenant\n|-singleturn|p1a: Trevenant|Protect\n|move|p2a: Dedenne|Dazzling Gleam|p1a: Trevenant\n|-activate|p1a: Trevenant|move: Protect\n|\n|-item|p1a: Trevenant|Sitrus Berry|[from] ability: Harvest\n|upkeep\n|turn|25\n|\n|t:|1733882593\n|move|p2a: Dedenne|Dazzling Gleam|p1a: Trevenant\n|-supereffective|p1a: Trevenant\n|-damage|p1a: Trevenant|25/293\n|-enditem|p1a: Trevenant|Sitrus Berry|[eat]\n|-heal|p1a: Trevenant|98/293|[from] item: Sitrus Berry\n|move|p1a: Trevenant|Toxic|p2a: Dedenne\n|-status|p2a: Dedenne|tox\n|\n|-damage|p2a: Dedenne|68/261 tox|[from] psn\n|-item|p1a: Trevenant|Sitrus Berry|[from] ability: Harvest\n|upkeep\n|-enditem|p1a: Trevenant|Sitrus Berry|[eat]\n|-heal|p1a: Trevenant|171/293|[from] item: Sitrus Berry\n|turn|26\n|\n|t:|1733882608\n|move|p1a: Trevenant|Protect|p1a: Trevenant\n|-singleturn|p1a: Trevenant|Protect\n|move|p2a: Dedenne|Nuzzle|p1a: Trevenant\n|-activate|p1a: Trevenant|move: Protect\n|\n|-damage|p2a: Dedenne|36/261 tox|[from] psn\n|-item|p1a: Trevenant|Sitrus Berry|[from] ability: Harvest\n|upkeep\n|turn|27\n|\n|t:|1733882618\n|move|p2a: Dedenne|Nuzzle|p1a: Trevenant\n|-damage|p1a: Trevenant|153/293\n|-status|p1a: Trevenant|par\n|move|p1a: Trevenant|Drain Punch|p2a: Dedenne\n|-resisted|p2a: Dedenne\n|-damage|p2a: Dedenne|0 fnt\n|-heal|p1a: Trevenant|171/293 par|[from] drain|[of] p2a: Dedenne\n|faint|p2a: Dedenne\n|\n|upkeep\n|\n|t:|1733882621\n|switch|p2a: Cinccino|Cinccino, L83, M|52/260\n|turn|28\n|\n|t:|1733882631\n|move|p2a: Cinccino|Tail Slap|p1a: Trevenant\n|-damage|p1a: Trevenant|134/293 par\n|-enditem|p1a: Trevenant|Sitrus Berry|[eat]\n|-heal|p1a: Trevenant|207/293 par|[from] item: Sitrus Berry\n|-damage|p1a: Trevenant|162/293 par\n|-damage|p1a: Trevenant|122/293 par\n|-damage|p1a: Trevenant|83/293 par\n|-hitcount|p1a: Trevenant|4\n|move|p1a: Trevenant|Drain Punch|p2a: Cinccino\n|-supereffective|p2a: Cinccino\n|-damage|p2a: Cinccino|0 fnt\n|-heal|p1a: Trevenant|109/293 par|[from] drain|[of] p2a: Cinccino\n|faint|p2a: Cinccino\n|\n|-item|p1a: Trevenant|Sitrus Berry|[from] ability: Harvest\n|upkeep\n|-enditem|p1a: Trevenant|Sitrus Berry|[eat]\n|-heal|p1a: Trevenant|182/293 par|[from] item: Sitrus Berry\n|\n|t:|1733882635\n|switch|p2a: Cloyster|Cloyster, L80, F|211/211\n|turn|29\n|\n|t:|1733882656\n|move|p2a: Cloyster|Shell Smash|p2a: Cloyster\n|-unboost|p2a: Cloyster|def|1\n|-unboost|p2a: Cloyster|spd|1\n|-boost|p2a: Cloyster|atk|2\n|-boost|p2a: Cloyster|spa|2\n|-boost|p2a: Cloyster|spe|2\n|-enditem|p2a: Cloyster|White Herb\n|-clearnegativeboost|p2a: Cloyster|[silent]\n|cant|p1a: Trevenant|par\n|\n|upkeep\n|turn|30\n|\n|t:|1733882667\n|move|p2a: Cloyster|Drill Run|p1a: Trevenant|[miss]\n|-miss|p2a: Cloyster|p1a: Trevenant\n|move|p1a: Trevenant|Toxic|p2a: Cloyster|[miss]\n|-miss|p1a: Trevenant|p2a: Cloyster\n|\n|upkeep\n|turn|31\n|\n|t:|1733882675\n|move|p2a: Cloyster|Shell Smash|p2a: Cloyster\n|-unboost|p2a: Cloyster|def|1\n|-unboost|p2a: Cloyster|spd|1\n|-boost|p2a: Cloyster|atk|2\n|-boost|p2a: Cloyster|spa|2\n|-boost|p2a: Cloyster|spe|2\n|cant|p1a: Trevenant|par\n|\n|-item|p1a: Trevenant|Sitrus Berry|[from] ability: Harvest\n|upkeep\n|turn|32\n|\n|t:|1733882686\n|move|p2a: Cloyster|Drill Run|p1a: Trevenant|[miss]\n|-miss|p2a: Cloyster|p1a: Trevenant\n|move|p1a: Trevenant|Drain Punch|p2a: Cloyster\n|-supereffective|p2a: Cloyster\n|-damage|p2a: Cloyster|53/211\n|-heal|p1a: Trevenant|261/293 par|[from] drain|[of] p2a: Cloyster\n|\n|upkeep\n|turn|33\n|\n|t:|1733882694\n|move|p2a: Cloyster|Drill Run|p1a: Trevenant\n|-damage|p1a: Trevenant|109/293 par\n|-enditem|p1a: Trevenant|Sitrus Berry|[eat]\n|-heal|p1a: Trevenant|182/293 par|[from] item: Sitrus Berry\n|move|p1a: Trevenant|Toxic|p2a: Cloyster\n|-status|p2a: Cloyster|tox\n|\n|-damage|p2a: Cloyster|40/211 tox|[from] psn\n|-item|p1a: Trevenant|Sitrus Berry|[from] ability: Harvest\n|upkeep\n|turn|34\n|\n|t:|1733882705\n|move|p1a: Trevenant|Protect|p1a: Trevenant\n|-singleturn|p1a: Trevenant|Protect\n|move|p2a: Cloyster|Shell Smash|p2a: Cloyster\n|-unboost|p2a: Cloyster|def|1\n|-unboost|p2a: Cloyster|spd|1\n|-boost|p2a: Cloyster|atk|2\n|-boost|p2a: Cloyster|spa|2\n|-boost|p2a: Cloyster|spe|2\n|\n|-damage|p2a: Cloyster|14/211 tox|[from] psn\n|upkeep\n|turn|35\n|c|\u2606evilpask|genuinely fuck this game\n|-message|evilpask forfeited.\n|\n|win|arrogantgamer\n|raw|arrogantgamer's rating: 1344 &rarr; <strong>1361</strong><br />(+17 for winning)\n|raw|evilpask's rating: 1295 &rarr; <strong>1274</strong><br />(-21 for losing)\n|l|\u2606evilpask\n|player|p2|\n", "inputlog": ">version bfd83cad13791eb5a5a409923076391caf6fb4d4\n>start {\"formatid\":\"gen9randombattle\",\"seed\":[18126,23865,55977,24755],\"rated\":\"Rated battle\"}\n>player p1 {\"name\":\"arrogantgamer\",\"avatar\":\"cynthia-gen4\",\"rating\":1344,\"seed\":[5314,2933,4539,58282]}\n>player p2 {\"name\":\"evilpask\",\"avatar\":\"crasherwake\",\"rating\":1295,\"seed\":[16229,62141,55108,16326]}\n>p1 move voltswitch\n>p2 move flamethrower\n>p1 switch 3\n>p1 move headlongrush\n>p2 switch 4\n>p1 switch 3\n>p2 move scald\n>p1 move voltswitch\n>p2 move scald terastallize\n>p1 switch 2\n>p1 move poltergeist\n>p2 move recover\n>p1 move toxic\n>p2 move icebeam\n>p1 move protect\n>p2 move icebeam\n>p1 switch 5\n>p2 move icebeam\n>p1 switch 5\n>p2 move scald\n>p2 switch 6\n>p1 move poltergeist\n>p2 move flamecharge\n>p1 move protect\n>p2 move torchsong\n>p1 move poltergeist terastallize\n>p2 move torchsong\n>p2 switch 2\n>p1 switch 5\n>p2 move dazzlinggleam\n>p1 move heavyslam\n>p2 move nuzzle\n>p1 move heavyslam\n>p2 move uturn\n>p2 switch 4\n>p1 move heavyslam\n>p2 move flamethrower\n>p1 move heavyslam\n>p2 move flamethrower\n>p1 switch 2\n>p1 move thunderbolt\n>p2 move flamethrower\n>p2 switch 4\n>p1 switch 3\n>p2 move dazzlinggleam\n>p1 switch 3\n>p1 move explosion\n>p2 move dazzlinggleam\n>p1 switch 6\n>p1 move mightycleave\n>p2 move uturn\n>p2 switch 3\n>p1 move closecombat\n>p2 move bulletseed\n>p1 switch 5\n>p1 move poltergeist\n>p2 move uturn\n>p2 switch 3\n>p1 move protect\n>p2 move dazzlinggleam\n>p1 move toxic\n>p2 move dazzlinggleam\n>p1 move protect\n>p2 move nuzzle\n>p1 move drainpunch\n>p2 move nuzzle\n>p2 switch 3\n>p1 move drainpunch\n>p2 move tailslap\n>p2 switch 5\n>p1 move toxic\n>p2 move shellsmash\n>p1 move toxic\n>p2 move drillrun\n>p1 move toxic\n>p2 move shellsmash\n>p1 move drainpunch\n>p2 move drillrun\n>p1 move toxic\n>p2 move drillrun\n>p1 move protect\n>p2 move shellsmash\n>chat \u2606evilpask|genuinely fuck this game\n>forcelose p2", "uploadtime": 1733882812, "views": 1, "formatid": "gen9randombattle", "rating": 1274, "private": 0, "password": null}