{"id": "gen9randombattle-2260326156", "format": "[Gen 9] Random Battle", "players": ["Nexela", "ponkjim"], "log": "|j|\u2606Nexela\n|j|\u2606ponkjim\n|t:|1733840195\n|gametype|singles\n|player|p1|Nexela|ghetsis|1359\n|player|p2|ponkjim|ingo|1319\n|teamsize|p1|6\n|teamsize|p2|6\n|gen|9\n|tier|[Gen 9] Random Battle\n|rated|\n|rule|Species Clause: Limit one of each Pok\u00e9mon\n|rule|HP Percentage Mod: HP is shown in percentages\n|rule|Sleep Clause Mod: Limit one foe put to sleep\n|rule|Illusion Level Mod: Illusion disguises the Pok\u00e9mon's true level\n|\n|t:|1733840195\n|start\n|switch|p1a: Scyther|Scyther, L82, F|249/249\n|switch|p2a: Deoxys|Deoxys-Speed, L82|216/216\n|-ability|p2a: Deoxys|Pressure\n|turn|1\n|\n|t:|1733840227\n|switch|p2a: Enamorus|Enamorus, L79, F|247/247\n|move|p1a: Scyther|U-turn|p2a: Enamorus\n|-resisted|p2a: Enamorus\n|-damage|p2a: Enamorus|225/247\n|\n|t:|1733840243\n|switch|p1a: Illumise|Illumise, L91, F|266/266|[from] U-turn\n|\n|-heal|p2a: Enamorus|240/247|[from] item: Leftovers\n|upkeep\n|turn|2\n|\n|t:|1733840270\n|move|p1a: Illumise|Thunder Wave|p2a: Enamorus\n|-status|p2a: Enamorus|par\n|move|p2a: Enamorus|Taunt|p1a: Illumise\n|-start|p1a: Illumise|move: Taunt\n|\n|-heal|p2a: Enamorus|247/247 par|[from] item: Leftovers\n|upkeep\n|turn|3\n|\n|t:|1733840279\n|switch|p1a: Glastrier|Glastrier, L86|311/311\n|move|p2a: Enamorus|Superpower|p1a: Glastrier\n|-supereffective|p1a: Glastrier\n|-damage|p1a: Glastrier|183/311\n|-boost|p2a: Enamorus|atk|1\n|-boost|p2a: Enamorus|def|1\n|\n|upkeep\n|turn|4\n|\n|t:|1733840291\n|move|p2a: Enamorus|Superpower|p1a: Glastrier\n|-supereffective|p1a: Glastrier\n|-damage|p1a: Glastrier|1/311\n|-boost|p2a: Enamorus|atk|1\n|-boost|p2a: Enamorus|def|1\n|move|p1a: Glastrier|Heavy Slam|p2a: Enamorus\n|-supereffective|p2a: Enamorus\n|-damage|p2a: Enamorus|13/247 par\n|\n|-heal|p2a: Enamorus|28/247 par|[from] item: Leftovers\n|upkeep\n|turn|5\n|\n|t:|1733840305\n|switch|p1a: Scyther|Scyther, L82, F|249/249\n|move|p2a: Enamorus|Play Rough|p1a: Scyther\n|-damage|p1a: Scyther|36/249\n|\n|-heal|p2a: Enamorus|43/247 par|[from] item: Leftovers\n|upkeep\n|turn|6\n|\n|t:|1733840318\n|move|p1a: Scyther|Dual Wingbeat|p2a: Enamorus\n|-damage|p2a: Enamorus|4/247 par\n|-damage|p2a: Enamorus|0 fnt\n|faint|p2a: Enamorus\n|-hitcount|p2: Enamorus|2\n|\n|upkeep\n|\n|t:|1733840321\n|switch|p2a: Cinderace|Cinderace, L77, F|249/249\n|turn|7\n|\n|t:|1733840334\n|switch|p1a: Glastrier|Glastrier, L86|1/311\n|move|p2a: Cinderace|Pyro Ball|p1a: Glastrier\n|-supereffective|p1a: Glastrier\n|-damage|p1a: Glastrier|0 fnt\n|faint|p1a: Glastrier\n|\n|upkeep\n|\n|t:|1733840344\n|switch|p1a: Illumise|Illumise, L91, F|266/266\n|turn|8\n|\n|t:|1733840347\n|move|p1a: Illumise|Thunder Wave|p2a: Cinderace\n|-status|p2a: Cinderace|par\n|move|p2a: Cinderace|Pyro Ball|p1a: Illumise\n|-supereffective|p1a: Illumise\n|-damage|p1a: Illumise|0 fnt\n|faint|p1a: Illumise\n|\n|upkeep\n|\n|t:|1733840353\n|switch|p1a: Tauros|Tauros, L82, M|257/257\n|turn|9\n|\n|t:|1733840360\n|switch|p2a: Glaceon|Glaceon, L94, M|275/275\n|move|p1a: Tauros|Body Slam|p2a: Glaceon\n|-damage|p2a: Glaceon|161/275\n|\n|upkeep\n|turn|10\n|\n|t:|1733840366\n|move|p1a: Tauros|Close Combat|p2a: Glaceon\n|-supereffective|p2a: Glaceon\n|-damage|p2a: Glaceon|0 fnt\n|-unboost|p1a: Tauros|def|1\n|-unboost|p1a: Tauros|spd|1\n|faint|p2a: Glaceon\n|-damage|p1a: Tauros|232/257|[from] item: Life Orb\n|\n|upkeep\n|\n|t:|1733840409\n|switch|p2a: Deoxys|Deoxys-Speed, L82|216/216\n|-ability|p2a: Deoxys|Pressure\n|turn|11\n|\n|t:|1733840425\n|switch|p1a: Scyther|Scyther, L82, F|36/249\n|move|p2a: Deoxys|Focus Blast|p1a: Scyther\n|-resisted|p1a: Scyther\n|-damage|p1a: Scyther|10/249\n|-damage|p2a: Deoxys|195/216|[from] item: Life Orb\n|\n|upkeep\n|turn|12\n|\n|t:|1733840433\n|move|p2a: Deoxys|Dark Pulse|p1a: Scyther\n|-damage|p1a: Scyther|0 fnt\n|faint|p1a: Scyther\n|-damage|p2a: Deoxys|174/216|[from] item: Life Orb\n|\n|upkeep\n|\n|t:|1733840435\n|switch|p1a: Tauros|Tauros, L82, M|232/257\n|turn|13\n|\n|t:|1733840440\n|move|p2a: Deoxys|Focus Blast|p1a: Tauros\n|-supereffective|p1a: Tauros\n|-damage|p1a: Tauros|0 fnt\n|faint|p1a: Tauros\n|-damage|p2a: Deoxys|153/216|[from] item: Life Orb\n|\n|upkeep\n|\n|t:|1733840446\n|switch|p1a: Walking Wake|Walking Wake, L79|286/286\n|turn|14\n|\n|t:|1733840457\n|switch|p2a: Grumpig|Grumpig, L92, F|297/297\n|move|p1a: Walking Wake|Sunny Day|p1a: Walking Wake\n|-weather|SunnyDay\n|-activate|p1a: Walking Wake|ability: Protosynthesis\n|-start|p1a: Walking Wake|protosynthesisspa\n|\n|-weather|SunnyDay|[upkeep]\n|upkeep\n|turn|15\n|\n|t:|1733840478\n|-terastallize|p1a: Walking Wake|Fire\n|move|p1a: Walking Wake|Hydro Steam|p2a: Grumpig\n|-damage|p2a: Grumpig|129/297\n|-damage|p1a: Walking Wake|258/286|[from] item: Life Orb\n|move|p2a: Grumpig|Psyshock|p1a: Walking Wake\n|-damage|p1a: Walking Wake|113/286\n|\n|-weather|SunnyDay|[upkeep]\n|upkeep\n|turn|16\n|\n|t:|1733840486\n|move|p1a: Walking Wake|Hydro Steam|p2a: Grumpig\n|-damage|p2a: Grumpig|0 fnt\n|faint|p2a: Grumpig\n|-damage|p1a: Walking Wake|85/286|[from] item: Life Orb\n|\n|-weather|SunnyDay|[upkeep]\n|upkeep\n|\n|t:|1733840517\n|switch|p2a: Deoxys|Deoxys-Speed, L82|153/216\n|-ability|p2a: Deoxys|Pressure\n|turn|17\n|\n|t:|1733840523\n|move|p2a: Deoxys|Dark Pulse|p1a: Walking Wake\n|-damage|p1a: Walking Wake|4/286\n|-damage|p2a: Deoxys|132/216|[from] item: Life Orb\n|move|p1a: Walking Wake|Hydro Steam|p2a: Deoxys\n|-damage|p2a: Deoxys|0 fnt\n|faint|p2a: Deoxys\n|-damage|p1a: Walking Wake|0 fnt|[from] item: Life Orb\n|faint|p1a: Walking Wake\n|-end|p1a: Walking Wake|Protosynthesis|[silent]\n|\n|-weather|SunnyDay|[upkeep]\n|upkeep\n|\n|t:|1733840535\n|switch|p2a: Cinderace|Cinderace, L77, F|249/249 par\n|switch|p1a: Maushold|Maushold-Four, L76|238/238\n|turn|18\n|\n|t:|1733840541\n|move|p1a: Maushold|Bite|p2a: Cinderace\n|-crit|p2a: Cinderace\n|-damage|p2a: Cinderace|163/249 par\n|cant|p2a: Cinderace|par\n|\n|-weather|none\n|upkeep\n|turn|19\n|\n|t:|1733840544\n|move|p1a: Maushold|Population Bomb|p2a: Cinderace\n|-damage|p2a: Cinderace|138/249 par\n|-damage|p2a: Cinderace|111/249 par\n|-damage|p2a: Cinderace|83/249 par\n|-damage|p2a: Cinderace|56/249 par\n|-damage|p2a: Cinderace|31/249 par\n|-damage|p2a: Cinderace|4/249 par\n|-damage|p2a: Cinderace|0 fnt\n|faint|p2a: Cinderace\n|-hitcount|p2: Cinderace|7\n|\n|upkeep\n|\n|t:|1733840550\n|switch|p2a: Iron Valiant|Iron Valiant, L78|244/244\n|turn|20\n|\n|t:|1733840560\n|move|p2a: Iron Valiant|Close Combat|p1a: Maushold\n|-supereffective|p1a: Maushold\n|-damage|p1a: Maushold|0 fnt\n|-unboost|p2a: Iron Valiant|def|1\n|-unboost|p2a: Iron Valiant|spd|1\n|faint|p1a: Maushold\n|-damage|p2a: Iron Valiant|220/244|[from] item: Life Orb\n|\n|win|ponkjim\n|raw|Nexela's rating: 1359 &rarr; <strong>1337</strong><br />(-22 for losing)\n|raw|ponkjim's rating: 1319 &rarr; <strong>1341</strong><br />(+22 for winning)\n", "inputlog": ">version bfd83cad13791eb5a5a409923076391caf6fb4d4\n>start {\"formatid\":\"gen9randombattle\",\"seed\":[34928,107,44430,49142],\"rated\":\"Rated battle\"}\n>player p1 {\"name\":\"Nexela\",\"avatar\":\"ghetsis\",\"rating\":1359,\"seed\":[59753,29453,15123,49533]}\n>player p2 {\"name\":\"ponkjim\",\"avatar\":\"ingo\",\"rating\":1319,\"seed\":[41295,53102,30659,46218]}\n>p1 move uturn\n>p2 switch 3\n>p1 switch 3\n>p1 move thunderwave\n>p2 move taunt\n>p1 switch 5\n>p2 move superpower\n>p1 move heavyslam\n>p2 move superpower\n>p1 switch 3\n>p2 move playrough\n>p1 move dualwingbeat\n>p2 move playrough\n>p2 switch 6\n>p1 switch 3\n>p2 move pyroball\n>p1 switch 5\n>p1 move thunderwave\n>p2 move pyroball\n>p1 switch 2\n>p1 move bodyslam\n>p2 switch 5\n>p1 move closecombat\n>p2 move wish\n>p2 switch 3\n>p1 switch 3\n>p2 move focusblast\n>p1 move uturn\n>p2 move darkpulse\n>p1 switch 3\n>p1 move throatchop\n>p2 move focusblast\n>p1 switch 6\n>p1 move sunnyday\n>p2 switch 2\n>p1 move hydrosteam terastallize\n>p2 move psyshock\n>p1 move hydrosteam\n>p2 move psyshock\n>p2 switch 2\n>p1 move hydrosteam\n>p2 move darkpulse\n>p1 switch 4\n>p2 switch 5\n>p1 move bite\n>p2 move highjumpkick\n>p1 move populationbomb\n>p2 move highjumpkick\n>p2 switch 4\n>p1 move populationbomb\n>p2 move closecombat", "uploadtime": 1733840564, "views": 1, "formatid": "gen9randombattle", "rating": 1337, "private": 0, "password": null}