{"id": "gen9randombattle-2260364734", "format": "[Gen 9] Random Battle", "players": ["joihfxc", "Lootlake07"], "log": "|j|\u2606joihfxc\n|j|\u2606Lootlake07\n|t:|1733844345\n|gametype|singles\n|player|p1|joihfxc|169|1044\n|player|p2|Lootlake07|101|1022\n|teamsize|p1|6\n|teamsize|p2|6\n|gen|9\n|tier|[Gen 9] Random Battle\n|rated|\n|rule|Species Clause: Limit one of each Pok\u00e9mon\n|rule|HP Percentage Mod: HP is shown in percentages\n|rule|Sleep Clause Mod: Limit one foe put to sleep\n|rule|Illusion Level Mod: Illusion disguises the Pok\u00e9mon's true level\n|\n|t:|1733844345\n|start\n|switch|p1a: Diancie|Diancie, L82|216/216\n|switch|p2a: Salamence|Salamence, L77, F|273/273\n|-ability|p2a: Salamence|Intimidate|boost\n|-fail|p1a: Diancie|unboost|[from] ability: Clear Body|[of] p1a: Diancie\n|turn|1\n|inactive|Battle timer is ON: inactive players will automatically lose when time's up. (requested by Lootlake07)\n|inactive|joihfxc has 120 seconds left.\n|\n|t:|1733844377\n|switch|p2a: Dunsparce|Dunsparce, L86, F|312/312\n|move|p1a: Diancie|Diamond Storm|p2a: Dunsparce\n|-damage|p2a: Dunsparce|231/312\n|\n|upkeep\n|turn|2\n|\n|t:|1733844399\n|switch|p1a: Kricketune|Kricketune, L99, M|312/312\n|move|p2a: Dunsparce|Coil|p2a: Dunsparce\n|-boost|p2a: Dunsparce|atk|1\n|-boost|p2a: Dunsparce|def|1\n|-boost|p2a: Dunsparce|accuracy|1\n|\n|upkeep\n|turn|3\n|\n|t:|1733844411\n|move|p1a: Kricketune|Sticky Web|p2a: Dunsparce\n|-sidestart|p2: Lootlake07|move: Sticky Web\n|move|p2a: Dunsparce|Body Slam|p1a: Kricketune\n|-damage|p1a: Kricketune|180/312\n|\n|upkeep\n|turn|4\n|\n|t:|1733844416\n|move|p1a: Kricketune|Knock Off|p2a: Dunsparce\n|-damage|p2a: Dunsparce|187/312\n|-enditem|p2a: Dunsparce|Eviolite|[from] move: Knock Off|[of] p1a: Kricketune\n|move|p2a: Dunsparce|Coil|p2a: Dunsparce\n|-boost|p2a: Dunsparce|atk|1\n|-boost|p2a: Dunsparce|def|1\n|-boost|p2a: Dunsparce|accuracy|1\n|\n|upkeep\n|turn|5\n|\n|t:|1733844418\n|move|p1a: Kricketune|Taunt|p2a: Dunsparce\n|-start|p2a: Dunsparce|move: Taunt\n|move|p2a: Dunsparce|Body Slam|p1a: Kricketune\n|-damage|p1a: Kricketune|0 fnt\n|faint|p1a: Kricketune\n|\n|upkeep\n|\n|t:|1733844421\n|switch|p1a: Vileplume|Vileplume, L85, M|266/266\n|turn|6\n|\n|t:|1733844424\n|move|p1a: Vileplume|Sludge Bomb|p2a: Dunsparce\n|-damage|p2a: Dunsparce|61/312\n|move|p2a: Dunsparce|Body Slam|p1a: Vileplume\n|-damage|p1a: Vileplume|112/266\n|\n|-heal|p1a: Vileplume|128/266|[from] item: Leftovers\n|upkeep\n|turn|7\n|\n|t:|1733844427\n|move|p1a: Vileplume|Giga Drain|p2a: Dunsparce\n|-damage|p2a: Dunsparce|0 fnt\n|-heal|p1a: Vileplume|159/266|[from] drain|[of] p2a: Dunsparce\n|faint|p2a: Dunsparce\n|\n|-heal|p1a: Vileplume|175/266|[from] item: Leftovers\n|upkeep\n|\n|t:|1733844436\n|switch|p2a: Komala|Komala, L89, M|260/260\n|-activate|p2a: Komala|move: Sticky Web\n|-unboost|p2a: Komala|spe|1\n|-ability|p2a: Komala|Comatose\n|turn|8\n|\n|t:|1733844455\n|move|p1a: Vileplume|Sludge Bomb|p2a: Komala\n|-damage|p2a: Komala|190/260\n|move|p2a: Komala|Rapid Spin|p1a: Vileplume\n|-damage|p1a: Vileplume|109/266\n|-boost|p2a: Komala|spe|1\n|-sideend|p2: Lootlake07|Sticky Web|[from] move: Rapid Spin|[of] p2a: Komala\n|\n|-heal|p1a: Vileplume|125/266|[from] item: Leftovers\n|upkeep\n|turn|9\n|inactive|Lootlake07 has 120 seconds left.\n|\n|t:|1733844487\n|move|p2a: Komala|Body Slam|p1a: Vileplume\n|-damage|p1a: Vileplume|0 fnt\n|faint|p1a: Vileplume\n|\n|upkeep\n|\n|t:|1733844495\n|switch|p1a: Bombirdier|Bombirdier, L85, M|258/258\n|turn|10\n|\n|t:|1733844509\n|move|p1a: Bombirdier|Brave Bird|p2a: Komala\n|-damage|p2a: Komala|0 fnt\n|faint|p2a: Komala\n|-damage|p1a: Bombirdier|195/258|[from] Recoil\n|\n|upkeep\n|inactive|Lootlake07 has 120 seconds left.\n|\n|t:|1733844522\n|switch|p2a: Arbok|Arbok, L87, M|246/246\n|-ability|p2a: Arbok|Intimidate|boost\n|-unboost|p1a: Bombirdier|atk|1\n|turn|11\n|\n|t:|1733844528\n|switch|p1a: Lucario|Lucario, L84, M|255/255\n|move|p2a: Arbok|Coil|p2a: Arbok\n|-boost|p2a: Arbok|atk|1\n|-boost|p2a: Arbok|def|1\n|-boost|p2a: Arbok|accuracy|1\n|\n|upkeep\n|turn|12\n|\n|t:|1733844541\n|move|p1a: Lucario|Meteor Mash|p2a: Arbok\n|-damage|p2a: Arbok|149/246\n|-damage|p1a: Lucario|230/255|[from] item: Life Orb\n|move|p2a: Arbok|Coil|p2a: Arbok\n|-boost|p2a: Arbok|atk|1\n|-boost|p2a: Arbok|def|1\n|-boost|p2a: Arbok|accuracy|1\n|\n|upkeep\n|turn|13\n|\n|t:|1733844544\n|move|p1a: Lucario|Meteor Mash|p2a: Arbok\n|-damage|p2a: Arbok|66/246\n|-damage|p1a: Lucario|205/255|[from] item: Life Orb\n|move|p2a: Arbok|Earthquake|p1a: Lucario\n|-supereffective|p1a: Lucario\n|-damage|p1a: Lucario|0 fnt\n|faint|p1a: Lucario\n|-damage|p2a: Arbok|42/246|[from] item: Life Orb\n|\n|upkeep\n|\n|t:|1733844550\n|switch|p1a: Bombirdier|Bombirdier, L85, M|195/258\n|turn|14\n|\n|t:|1733844554\n|move|p1a: Bombirdier|Sucker Punch|p2a: Arbok\n|-damage|p2a: Arbok|0 fnt\n|faint|p2a: Arbok\n|\n|upkeep\n|\n|t:|1733844566\n|switch|p2a: Salamence|Salamence, L77, F|273/273\n|-ability|p2a: Salamence|Intimidate|boost\n|-unboost|p1a: Bombirdier|atk|1\n|turn|15\n|\n|t:|1733844577\n|switch|p2a: Entei|Entei, L78|307/307\n|switch|p1a: Diancie|Diancie, L82|216/216\n|\n|upkeep\n|turn|16\n|\n|t:|1733844586\n|move|p2a: Entei|Stomping Tantrum|p1a: Diancie\n|-supereffective|p1a: Diancie\n|-damage|p1a: Diancie|106/216\n|move|p1a: Diancie|Diamond Storm|p2a: Entei\n|-supereffective|p2a: Entei\n|-damage|p2a: Entei|67/307\n|-boost|p1a: Diancie|def|2\n|\n|upkeep\n|turn|17\n|\n|t:|1733844590\n|move|p2a: Entei|Stomping Tantrum|p1a: Diancie\n|-supereffective|p1a: Diancie\n|-damage|p1a: Diancie|52/216\n|move|p1a: Diancie|Diamond Storm|p2a: Entei\n|-supereffective|p2a: Entei\n|-damage|p2a: Entei|0 fnt\n|-boost|p1a: Diancie|def|2\n|faint|p2a: Entei\n|\n|upkeep\n|\n|t:|1733844592\n|switch|p2a: Darkrai|Darkrai, L77|234/234\n|turn|18\n|\n|t:|1733844598\n|move|p2a: Darkrai|Hypnosis|p1a: Diancie\n|-status|p1a: Diancie|slp|[from] move: Hypnosis\n|cant|p1a: Diancie|slp\n|\n|-damage|p1a: Diancie|25/216 slp|[from] ability: Bad Dreams|[of] p2a: Darkrai\n|upkeep\n|turn|19\n|\n|t:|1733844601\n|switch|p1a: Bombirdier|Bombirdier, L85, M|195/258\n|move|p2a: Darkrai|Nasty Plot|p2a: Darkrai\n|-boost|p2a: Darkrai|spa|2\n|\n|upkeep\n|turn|20\n|\n|t:|1733844604\n|move|p2a: Darkrai|Sludge Bomb|p1a: Bombirdier\n|-damage|p1a: Bombirdier|22/258\n|-status|p1a: Bombirdier|psn\n|-damage|p2a: Darkrai|211/234|[from] item: Life Orb\n|move|p1a: Bombirdier|Brave Bird|p2a: Darkrai\n|-damage|p2a: Darkrai|0 fnt\n|faint|p2a: Darkrai\n|-damage|p1a: Bombirdier|0 fnt|[from] Recoil\n|faint|p1a: Bombirdier\n|\n|upkeep\n|\n|t:|1733844607\n|switch|p2a: Salamence|Salamence, L77, F|273/273\n|switch|p1a: Stonjourner|Stonjourner, L91, M|330/330\n|-ability|p2a: Salamence|Intimidate|boost\n|-unboost|p1a: Stonjourner|atk|1\n|turn|21\n|\n|t:|1733844611\n|-terastallize|p2a: Salamence|Dragon\n|move|p2a: Salamence|Dragon Dance|p2a: Salamence\n|-boost|p2a: Salamence|atk|1\n|-boost|p2a: Salamence|spe|1\n|move|p1a: Stonjourner|Rock Polish|p1a: Stonjourner\n|-boost|p1a: Stonjourner|spe|2\n|\n|upkeep\n|turn|22\n|\n|t:|1733844615\n|move|p1a: Stonjourner|Stone Edge|p2a: Salamence\n|-damage|p2a: Salamence|124/273\n|-damage|p1a: Stonjourner|297/330|[from] item: Life Orb\n|move|p2a: Salamence|Dragon Dance|p2a: Salamence\n|-boost|p2a: Salamence|atk|1\n|-boost|p2a: Salamence|spe|1\n|\n|upkeep\n|turn|23\n|\n|t:|1733844618\n|move|p2a: Salamence|Outrage|p1a: Stonjourner\n|-damage|p1a: Stonjourner|73/330\n|move|p1a: Stonjourner|Stone Edge|p2a: Salamence\n|-crit|p2a: Salamence\n|-damage|p2a: Salamence|0 fnt\n|faint|p2a: Salamence\n|-damage|p1a: Stonjourner|40/330|[from] item: Life Orb\n|\n|win|joihfxc\n|raw|joihfxc's rating: 1044 &rarr; <strong>1075</strong><br />(+31 for winning)\n|raw|Lootlake07's rating: 1022 &rarr; <strong>1010</strong><br />(-12 for losing)\n|l|\u2606Lootlake07\n|player|p2|\n", "inputlog": ">version bfd83cad13791eb5a5a409923076391caf6fb4d4\n>start {\"formatid\":\"gen9randombattle\",\"seed\":[4713,2478,20198,13065],\"rated\":\"Rated battle\"}\n>player p1 {\"name\":\"joihfxc\",\"avatar\":\"169\",\"rating\":1044,\"seed\":[59206,60822,3336,33625]}\n>player p2 {\"name\":\"Lootlake07\",\"avatar\":\"101\",\"rating\":1022,\"seed\":[61635,3817,7556,21587]}\n>p1 move diamondstorm\n>p2 switch 2\n>p1 switch 5\n>p2 move coil\n>p1 move stickyweb\n>p2 move bodyslam\n>p1 move knockoff\n>p2 move coil\n>p1 move taunt\n>p2 move bodyslam\n>p1 switch 2\n>p1 move sludgebomb\n>p2 move bodyslam\n>p1 move gigadrain\n>p2 move bodyslam\n>p2 switch 3\n>p1 move sludgebomb\n>p2 move rapidspin\n>p1 move strengthsap\n>p2 move bodyslam\n>p1 switch 6\n>p1 move bravebird\n>p2 move bodyslam\n>p2 switch 4\n>p1 switch 3\n>p2 move coil\n>p1 move meteormash\n>p2 move coil\n>p1 move meteormash\n>p2 move earthquake\n>p1 switch 3\n>p1 move suckerpunch\n>p2 move gunkshot\n>p2 switch 2\n>p1 switch 5\n>p2 switch 6\n>p1 move diamondstorm\n>p2 move stompingtantrum\n>p1 move diamondstorm\n>p2 move stompingtantrum\n>p2 switch 5\n>p1 move moonblast\n>p2 move hypnosis\n>p1 switch 5\n>p2 move nastyplot\n>p1 move bravebird\n>p2 move sludgebomb\n>p1 switch 4\n>p2 switch 6\n>p1 move rockpolish\n>p2 move dragondance terastallize\n>p1 move stoneedge\n>p2 move dragondance\n>p1 move stoneedge\n>p2 move outrage", "uploadtime": 1733844633, "views": 1, "formatid": "gen9randombattle", "rating": 1010, "private": 0, "password": null}