{"id": "gen9randombattle-2260796160", "format": "[Gen 9] Random Battle", "players": ["ufigwfhiwfbwo", "giakhanh"], "log": "|j|\u2606ufigwfhiwfbwo\n|j|\u2606giakhanh\n|t:|1733893518\n|gametype|singles\n|player|p1|ufigwfhiwfbwo|1|1102\n|player|p2|giakhanh|hilbert|1092\n|teamsize|p1|6\n|teamsize|p2|6\n|gen|9\n|tier|[Gen 9] Random Battle\n|rated|\n|rule|Species Clause: Limit one of each Pok\u00e9mon\n|rule|HP Percentage Mod: HP is shown in percentages\n|rule|Sleep Clause Mod: Limit one foe put to sleep\n|rule|Illusion Level Mod: Illusion disguises the Pok\u00e9mon's true level\n|\n|t:|1733893518\n|start\n|switch|p1a: Hypno|Hypno, L95, M|315/315\n|switch|p2a: Ogerpon|Ogerpon, L80, F|259/259\n|turn|1\n|\n|t:|1733893572\n|switch|p2a: Klefki|Klefki, L84, F|233/233\n|move|p1a: Hypno|Encore||[still]\n|-fail|p1a: Hypno\n|\n|upkeep\n|turn|2\n|\n|t:|1733893587\n|switch|p1a: Infernape|Infernape, L82, M|259/259\n|move|p2a: Klefki|Thunder Wave|p1a: Infernape\n|-status|p1a: Infernape|par\n|\n|upkeep\n|turn|3\n|\n|t:|1733893594\n|switch|p2a: Swanna|Swanna, L88, F|275/275\n|move|p1a: Infernape|Overheat|p2a: Swanna\n|-resisted|p2a: Swanna\n|-damage|p2a: Swanna|171/275\n|-unboost|p1a: Infernape|spa|2\n|-damage|p1a: Infernape|234/259 par|[from] item: Life Orb\n|\n|upkeep\n|turn|4\n|\n|t:|1733893619\n|switch|p1a: Lanturn|Lanturn, L89, F|367/367\n|move|p2a: Swanna|Hydro Pump|p1a: Lanturn\n|-resisted|p1a: Lanturn\n|-damage|p1a: Lanturn|304/367\n|\n|-heal|p1a: Lanturn|326/367|[from] item: Leftovers\n|upkeep\n|turn|5\n|inactive|Battle timer is ON: inactive players will automatically lose when time's up. (requested by ufigwfhiwfbwo)\n|\n|t:|1733893664\n|switch|p2a: Sceptile|Sceptile, L87, F|264/264\n|move|p1a: Lanturn|Volt Switch|p2a: Sceptile\n|-resisted|p2a: Sceptile\n|-damage|p2a: Sceptile|231/264\n|\n|t:|1733893690\n|switch|p1a: Lucario|Lucario, L84, M|255/255|[from] Volt Switch\n|\n|-heal|p2a: Sceptile|247/264|[from] item: Leftovers\n|upkeep\n|turn|6\n|\n|t:|1733893707\n|switch|p2a: Armarouge|Armarouge, L80, F|267/267\n|move|p1a: Lucario|Nasty Plot|p1a: Lucario\n|-boost|p1a: Lucario|spa|2\n|\n|upkeep\n|turn|7\n|\n|t:|1733893720\n|switch|p1a: Lanturn|Lanturn, L89, F|326/367\n|move|p2a: Armarouge|Armor Cannon|p1a: Lanturn\n|-resisted|p1a: Lanturn\n|-damage|p1a: Lanturn|257/367\n|-unboost|p2a: Armarouge|def|1\n|-unboost|p2a: Armarouge|spd|1\n|\n|-heal|p1a: Lanturn|279/367|[from] item: Leftovers\n|upkeep\n|turn|8\n|inactive|giakhanh has 120 seconds left.\n|inactive|giakhanh has 90 seconds left.\n|\n|t:|1733893782\n|switch|p2a: Sceptile|Sceptile, L87, F|247/264\n|move|p1a: Lanturn|Scald|p2a: Sceptile\n|-resisted|p2a: Sceptile\n|-damage|p2a: Sceptile|205/264\n|-status|p2a: Sceptile|brn\n|\n|-heal|p2a: Sceptile|221/264 brn|[from] item: Leftovers\n|-heal|p1a: Lanturn|301/367|[from] item: Leftovers\n|-damage|p2a: Sceptile|205/264 brn|[from] brn\n|upkeep\n|turn|9\n|\n|t:|1733893787\n|move|p2a: Sceptile|Leech Seed|p1a: Lanturn\n|-start|p1a: Lanturn|move: Leech Seed\n|move|p1a: Lanturn|Volt Switch|p2a: Sceptile\n|-resisted|p2a: Sceptile\n|-damage|p2a: Sceptile|172/264 brn\n|\n|t:|1733893792\n|switch|p1a: Hypno|Hypno, L95, M|315/315|[from] Volt Switch\n|\n|-heal|p2a: Sceptile|188/264 brn|[from] item: Leftovers\n|-damage|p2a: Sceptile|172/264 brn|[from] brn\n|upkeep\n|turn|10\n|\n|t:|1733893801\n|switch|p2a: Klefki|Klefki, L84, F|233/233\n|move|p1a: Hypno|Psychic Noise|p2a: Klefki\n|-resisted|p2a: Klefki\n|-damage|p2a: Klefki|191/233\n|-start|p2a: Klefki|move: Heal Block\n|\n|upkeep\n|turn|11\n|inactive|giakhanh has 90 seconds left.\n|inactive|giakhanh has 60 seconds left.\n|inactive|giakhanh has 30 seconds left.\n|inactive|giakhanh has 20 seconds left.\n|inactive|giakhanh has 15 seconds left.\n|inactive|giakhanh has 10 seconds left.\n|inactive|giakhanh has 5 seconds left.\n|-message|giakhanh lost due to inactivity.\n|\n|win|ufigwfhiwfbwo\n|raw|ufigwfhiwfbwo's rating: 1073 &rarr; <strong>1104</strong><br />(+31 for winning)\n|raw|giakhanh's rating: 1092 &rarr; <strong>1067</strong><br />(-25 for losing)\n|l|\u2606giakhanh\n|player|p2|\n", "inputlog": ">version bfd83cad13791eb5a5a409923076391caf6fb4d4\n>start {\"formatid\":\"gen9randombattle\",\"seed\":[27692,52351,25690,8520],\"rated\":\"Rated battle\"}\n>player p1 {\"name\":\"ufigwfhiwfbwo\",\"avatar\":\"1\",\"rating\":1102,\"seed\":[11690,5499,34451,46777]}\n>player p2 {\"name\":\"giakhanh\",\"avatar\":\"hilbert\",\"rating\":1092,\"seed\":[63370,22804,38496,2567]}\n>p1 move encore\n>p2 switch 5\n>p1 switch 6\n>p2 move thunderwave\n>p1 move overheat\n>p2 switch 3\n>p1 switch 4\n>p2 move hydropump\n>p1 move voltswitch\n>p2 switch 6\n>p1 switch 3\n>p1 move nastyplot\n>p2 switch 2\n>p1 switch 3\n>p2 move armorcannon\n>p1 move scald\n>p2 switch 2\n>p1 move voltswitch\n>p2 move leechseed\n>p1 switch 6\n>p1 move psychicnoise\n>p2 switch 3\n>forcelose p2", "uploadtime": 1733894012, "views": 1, "formatid": "gen9randombattle", "rating": 1067, "private": 0, "password": null}