{"id": "gen9randombattle-2260421192", "format": "[Gen 9] Random Battle", "players": ["FrozenKiller17", "moonisded"], "log": "|j|\u2606FrozenKiller17\n|j|\u2606moonisded\n|t:|1733849977\n|gametype|singles\n|player|p1|FrozenKiller17|265|\n|player|p2|moonisded|hilbert-wonderlauncher|\n|teamsize|p1|6\n|teamsize|p2|6\n|gen|9\n|tier|[Gen 9] Random Battle\n|rule|Species Clause: Limit one of each Pok\u00e9mon\n|rule|HP Percentage Mod: HP is shown in percentages\n|rule|Sleep Clause Mod: Limit one foe put to sleep\n|rule|Illusion Level Mod: Illusion disguises the Pok\u00e9mon's true level\n|\n|t:|1733849977\n|start\n|switch|p1a: Gholdengo|Gholdengo, L77|261/261\n|switch|p2a: Iron Bundle|Iron Bundle, L77|213/213\n|turn|1\n|\n|t:|1733850008\n|-end|p2a: Iron Bundle|Quark Drive|[silent]\n|switch|p2a: Mudsdale|Mudsdale, L84, F|305/305\n|move|p1a: Gholdengo|Make It Rain|p2a: Mudsdale\n|-damage|p2a: Mudsdale|157/305\n|-unboost|p1a: Gholdengo|spa|1\n|-ability|p2a: Mudsdale|Stamina|boost\n|-boost|p2a: Mudsdale|def|1\n|\n|-heal|p2a: Mudsdale|176/305|[from] item: Leftovers\n|upkeep\n|turn|2\n|\n|t:|1733850035\n|move|p1a: Gholdengo|Shadow Ball|p2a: Mudsdale\n|-crit|p2a: Mudsdale\n|-damage|p2a: Mudsdale|31/305\n|-unboost|p2a: Mudsdale|spd|1\n|-ability|p2a: Mudsdale|Stamina|boost\n|-boost|p2a: Mudsdale|def|1\n|move|p2a: Mudsdale|Earthquake|p1a: Gholdengo\n|-supereffective|p1a: Gholdengo\n|-damage|p1a: Gholdengo|7/261\n|\n|-heal|p1a: Gholdengo|23/261|[from] item: Leftovers\n|-heal|p2a: Mudsdale|50/305|[from] item: Leftovers\n|upkeep\n|turn|3\n|\n|t:|1733850049\n|move|p1a: Gholdengo|Make It Rain|p2a: Mudsdale\n|-damage|p2a: Mudsdale|0 fnt\n|-unboost|p1a: Gholdengo|spa|1\n|faint|p2a: Mudsdale\n|\n|-heal|p1a: Gholdengo|39/261|[from] item: Leftovers\n|upkeep\n|\n|t:|1733850061\n|switch|p2a: Jolteon|Jolteon, L84, M|246/246\n|turn|4\n|\n|t:|1733850082\n|move|p2a: Jolteon|Alluring Voice|p1a: Gholdengo\n|-resisted|p1a: Gholdengo\n|-damage|p1a: Gholdengo|0 fnt\n|faint|p1a: Gholdengo\n|\n|upkeep\n|\n|t:|1733850092\n|switch|p1a: Rhyperior|Rhyperior, L82, F|323/323\n|turn|5\n|\n|t:|1733850103\n|switch|p2a: Iron Bundle|Iron Bundle, L77|213/213\n|move|p1a: Rhyperior|Stone Edge|p2a: Iron Bundle\n|-supereffective|p2a: Iron Bundle\n|-damage|p2a: Iron Bundle|0 fnt\n|faint|p2a: Iron Bundle\n|-end|p2a: Iron Bundle|Quark Drive|[silent]\n|\n|upkeep\n|\n|t:|1733850158\n|switch|p2a: Dudunsparce|Dudunsparce, L83, M|343/343\n|turn|6\n|\n|t:|1733850170\n|-terastallize|p2a: Dudunsparce|Ground\n|move|p2a: Dudunsparce|Glare|p1a: Rhyperior\n|-status|p1a: Rhyperior|par\n|move|p1a: Rhyperior|Stone Edge|p2a: Dudunsparce\n|-resisted|p2a: Dudunsparce\n|-damage|p2a: Dudunsparce|274/343\n|\n|-heal|p2a: Dudunsparce|295/343|[from] item: Leftovers\n|upkeep\n|turn|7\n|\n|t:|1733850183\n|move|p2a: Dudunsparce|Earthquake|p1a: Rhyperior\n|-supereffective|p1a: Rhyperior\n|-damage|p1a: Rhyperior|193/323 par\n|-enditem|p1a: Rhyperior|Weakness Policy\n|-boost|p1a: Rhyperior|atk|2|[from] item: Weakness Policy\n|-boost|p1a: Rhyperior|spa|2|[from] item: Weakness Policy\n|cant|p1a: Rhyperior|par\n|\n|-heal|p2a: Dudunsparce|316/343|[from] item: Leftovers\n|upkeep\n|turn|8\n|\n|t:|1733850199\n|switch|p1a: Arbok|Arbok, L87, M|246/246\n|-ability|p1a: Arbok|Intimidate|boost\n|-unboost|p2a: Dudunsparce|atk|1\n|move|p2a: Dudunsparce|Earthquake|p1a: Arbok\n|-supereffective|p1a: Arbok\n|-damage|p1a: Arbok|88/246\n|\n|-heal|p1a: Arbok|103/246|[from] item: Leftovers\n|-heal|p2a: Dudunsparce|337/343|[from] item: Leftovers\n|upkeep\n|turn|9\n|\n|t:|1733850222\n|move|p1a: Arbok|Trailblaze|p2a: Dudunsparce\n|-supereffective|p2a: Dudunsparce\n|-damage|p2a: Dudunsparce|251/343\n|-boost|p1a: Arbok|spe|1\n|move|p2a: Dudunsparce|Earthquake|p1a: Arbok\n|-supereffective|p1a: Arbok\n|-damage|p1a: Arbok|0 fnt\n|faint|p1a: Arbok\n|\n|-heal|p2a: Dudunsparce|272/343|[from] item: Leftovers\n|upkeep\n|\n|t:|1733850236\n|switch|p1a: Sinistcha|Sinistcha-Masterpiece, L83|254/254\n|turn|10\n|\n|t:|1733850270\n|switch|p2a: Jolteon|Jolteon, L84, M|246/246\n|move|p1a: Sinistcha|Strength Sap|p2a: Jolteon\n|-unboost|p2a: Jolteon|atk|1\n|\n|upkeep\n|turn|11\n|\n|t:|1733850286\n|move|p2a: Jolteon|Shadow Ball|p1a: Sinistcha\n|-supereffective|p1a: Sinistcha\n|-damage|p1a: Sinistcha|48/254\n|move|p1a: Sinistcha|Matcha Gotcha|p2a: Jolteon\n|-damage|p2a: Jolteon|150/246\n|-heal|p1a: Sinistcha|96/254|[from] drain|[of] p2a: Jolteon\n|\n|-heal|p1a: Sinistcha|111/254|[from] item: Leftovers\n|upkeep\n|turn|12\n|\n|t:|1733850314\n|move|p2a: Jolteon|Shadow Ball|p1a: Sinistcha\n|-supereffective|p1a: Sinistcha\n|-damage|p1a: Sinistcha|0 fnt\n|faint|p1a: Sinistcha\n|\n|upkeep\n|\n|t:|1733850321\n|switch|p1a: Lurantis|Lurantis, L87, M|264/264\n|turn|13\n|\n|t:|1733850335\n|switch|p2a: Overqwil|Overqwil, L82, F|274/274\n|-ability|p2a: Overqwil|Intimidate|boost\n|-boost|p1a: Lurantis|atk|1\n|move|p1a: Lurantis|Superpower|p2a: Overqwil\n|-damage|p2a: Overqwil|126/274\n|-boost|p1a: Lurantis|atk|1\n|-boost|p1a: Lurantis|def|1\n|\n|upkeep\n|turn|14\n|\n|t:|1733850351\n|move|p2a: Overqwil|Gunk Shot|p1a: Lurantis\n|-supereffective|p1a: Lurantis\n|-damage|p1a: Lurantis|102/264\n|-status|p1a: Lurantis|psn\n|move|p1a: Lurantis|Knock Off|p2a: Overqwil\n|-resisted|p2a: Overqwil\n|-damage|p2a: Overqwil|46/274\n|-enditem|p2a: Overqwil|Loaded Dice|[from] move: Knock Off|[of] p1a: Lurantis\n|\n|-damage|p1a: Lurantis|69/264 psn|[from] psn\n|upkeep\n|turn|15\n|\n|t:|1733850366\n|switch|p1a: Rhyperior|Rhyperior, L82, F|193/323 par\n|move|p2a: Overqwil|Gunk Shot|p1a: Rhyperior\n|-resisted|p1a: Rhyperior\n|-damage|p1a: Rhyperior|167/323 par\n|\n|upkeep\n|turn|16\n|\n|t:|1733850377\n|switch|p2a: Dudunsparce|Dudunsparce, L83, M, tera:Ground|272/343\n|move|p1a: Rhyperior|Stone Edge|p2a: Dudunsparce\n|-resisted|p2a: Dudunsparce\n|-damage|p2a: Dudunsparce|202/343\n|\n|-heal|p2a: Dudunsparce|223/343|[from] item: Leftovers\n|upkeep\n|turn|17\n|\n|t:|1733850391\n|move|p2a: Dudunsparce|Earthquake|p1a: Rhyperior\n|-supereffective|p1a: Rhyperior\n|-damage|p1a: Rhyperior|41/323 par\n|move|p1a: Rhyperior|Earthquake|p2a: Dudunsparce\n|-damage|p2a: Dudunsparce|82/343\n|\n|-heal|p2a: Dudunsparce|103/343|[from] item: Leftovers\n|upkeep\n|turn|18\n|\n|t:|1733850434\n|move|p2a: Dudunsparce|Earthquake|p1a: Rhyperior\n|-supereffective|p1a: Rhyperior\n|-damage|p1a: Rhyperior|0 fnt\n|faint|p1a: Rhyperior\n|\n|-heal|p2a: Dudunsparce|124/343|[from] item: Leftovers\n|upkeep\n|\n|t:|1733850442\n|switch|p1a: Ditto|Ditto, L87|225/225\n|-transform|p1a: Ditto|p2a: Dudunsparce|[from] ability: Imposter\n|turn|19\n|\n|t:|1733850463\n|switch|p2a: Electrode|Electrode, L92|260/260\n|move|p1a: Ditto|Earthquake|p2a: Electrode\n|-supereffective|p2a: Electrode\n|-damage|p2a: Electrode|90/260\n|\n|upkeep\n|turn|20\n|\n|t:|1733850477\n|move|p2a: Electrode|Volt Switch|p1a: Ditto\n|-damage|p1a: Ditto|140/225\n|\n|t:|1733850487\n|switch|p2a: Jolteon|Jolteon, L84, M|150/246|[from] Volt Switch\n|move|p1a: Ditto|Earthquake|p2a: Jolteon\n|-supereffective|p2a: Jolteon\n|-damage|p2a: Jolteon|0 fnt\n|faint|p2a: Jolteon\n|\n|upkeep\n|\n|t:|1733850499\n|switch|p2a: Overqwil|Overqwil, L82, F|46/274\n|-ability|p2a: Overqwil|Intimidate|boost\n|-unboost|p1a: Ditto|atk|1\n|turn|21\n|\n|t:|1733850507\n|move|p1a: Ditto|Earthquake|p2a: Overqwil\n|-supereffective|p2a: Overqwil\n|-damage|p2a: Overqwil|0 fnt\n|faint|p2a: Overqwil\n|\n|upkeep\n|\n|t:|1733850523\n|switch|p2a: Electrode|Electrode, L92|90/260\n|turn|22\n|\n|t:|1733850535\n|move|p2a: Electrode|Volt Switch|p1a: Ditto\n|-damage|p1a: Ditto|59/225\n|\n|t:|1733850542\n|switch|p2a: Dudunsparce|Dudunsparce, L83, M, tera:Ground|124/343|[from] Volt Switch\n|move|p1a: Ditto|Earthquake|p2a: Dudunsparce\n|-damage|p2a: Dudunsparce|66/343\n|\n|-heal|p2a: Dudunsparce|87/343|[from] item: Leftovers\n|upkeep\n|turn|23\n|\n|t:|1733850554\n|switch|p1a: Lurantis|Lurantis, L87, M|69/264 psn\n|move|p2a: Dudunsparce|Roost|p2a: Dudunsparce\n|-heal|p2a: Dudunsparce|259/343\n|\n|-heal|p2a: Dudunsparce|280/343|[from] item: Leftovers\n|-damage|p1a: Lurantis|36/264 psn|[from] psn\n|upkeep\n|turn|24\n|\n|t:|1733850572\n|move|p2a: Dudunsparce|Earthquake|p1a: Lurantis\n|-resisted|p1a: Lurantis\n|-damage|p1a: Lurantis|0 fnt\n|faint|p1a: Lurantis\n|\n|-heal|p2a: Dudunsparce|301/343|[from] item: Leftovers\n|upkeep\n|\n|t:|1733850580\n|switch|p1a: Ditto|Ditto, L87|59/225\n|-transform|p1a: Ditto|p2a: Dudunsparce|[from] ability: Imposter\n|turn|25\n|\n|t:|1733850588\n|move|p1a: Ditto|Roost|p1a: Ditto\n|-heal|p1a: Ditto|172/225\n|-singleturn|p1a: Ditto|move: Roost\n|move|p2a: Dudunsparce|Earthquake|p1a: Ditto\n|-damage|p1a: Ditto|52/225\n|\n|-heal|p2a: Dudunsparce|322/343|[from] item: Leftovers\n|upkeep\n|turn|26\n|\n|t:|1733850597\n|move|p1a: Ditto|Roost|p1a: Ditto\n|-heal|p1a: Ditto|165/225\n|-singleturn|p1a: Ditto|move: Roost\n|move|p2a: Dudunsparce|Earthquake|p1a: Ditto\n|-damage|p1a: Ditto|42/225\n|\n|-heal|p2a: Dudunsparce|343/343|[from] item: Leftovers\n|upkeep\n|turn|27\n|\n|t:|1733850609\n|-terastallize|p1a: Ditto|Flying\n|move|p1a: Ditto|Roost|p1a: Ditto\n|-heal|p1a: Ditto|155/225\n|-hint|If a Terastallized Pokemon uses Roost, it remains Flying-type.\n|move|p2a: Dudunsparce|Earthquake|p1a: Ditto\n|-immune|p1a: Ditto\n|\n|upkeep\n|turn|28\n|\n|t:|1733850619\n|move|p1a: Ditto|Roost|p1a: Ditto\n|-heal|p1a: Ditto|225/225\n|-hint|If a Terastallized Pokemon uses Roost, it remains Flying-type.\n|move|p2a: Dudunsparce|Headbutt|p1a: Ditto\n|-damage|p1a: Ditto|138/225\n|\n|upkeep\n|turn|29\n|\n|t:|1733850626\n|move|p1a: Ditto|Roost|p1a: Ditto\n|-heal|p1a: Ditto|225/225\n|-hint|If a Terastallized Pokemon uses Roost, it remains Flying-type.\n|move|p2a: Dudunsparce|Headbutt|p1a: Ditto\n|-damage|p1a: Ditto|149/225\n|\n|upkeep\n|turn|30\n|\n|t:|1733850634\n|-activate|p1a: Ditto|move: Struggle\n|move|p1a: Ditto|Struggle|p2a: Dudunsparce\n|-damage|p2a: Dudunsparce|301/343\n|-damage|p1a: Ditto|93/225|[from] recoil\n|move|p2a: Dudunsparce|Headbutt|p1a: Ditto\n|-damage|p1a: Ditto|9/225\n|\n|-heal|p2a: Dudunsparce|322/343|[from] item: Leftovers\n|upkeep\n|turn|31\n|\n|t:|1733850646\n|switch|p2a: Electrode|Electrode, L92|90/260\n|-activate|p1a: Ditto|move: Struggle\n|move|p1a: Ditto|Struggle|p2a: Electrode\n|-damage|p2a: Electrode|46/260\n|-damage|p1a: Ditto|0 fnt|[from] recoil\n|faint|p1a: Ditto\n|\n|win|moonisded\n", "inputlog": ">version bfd83cad13791eb5a5a409923076391caf6fb4d4\n>start {\"formatid\":\"gen9randombattle\",\"seed\":[36790,60614,38745,54810]}\n>player p1 {\"name\":\"FrozenKiller17\",\"avatar\":\"265\",\"rating\":0,\"seed\":[20349,28194,44712,52918]}\n>player p2 {\"name\":\"moonisded\",\"avatar\":\"hilbert-wonderlauncher\",\"rating\":0,\"seed\":[4272,41164,59188,18812]}\n>p1 move makeitrain\n>p2 switch 6\n>p1 move shadowball\n>p2 move earthquake\n>p1 move makeitrain\n>p2 move roar\n>p2 switch 5\n>p1 move shadowball\n>p2 move alluringvoice\n>p1 switch 5\n>p1 move stoneedge\n>p2 switch 6\n>p2 switch 2\n>p1 move stoneedge\n>p2 move glare terastallize\n>p1 move rockpolish\n>p2 move earthquake\n>p1 switch 6\n>p2 move earthquake\n>p1 move trailblaze\n>p2 move earthquake\n>p1 switch 3\n>p1 move strengthsap\n>p2 switch 6\n>p1 move matchagotcha\n>p2 move shadowball\n>p1 move calmmind\n>p2 move shadowball\n>p1 switch 2\n>p1 move superpower\n>p2 switch 4\n>p1 move knockoff\n>p2 move gunkshot\n>p1 switch 6\n>p2 move gunkshot\n>p1 move stoneedge\n>p2 switch 6\n>p1 move earthquake\n>p2 move earthquake\n>p1 move megahorn\n>p2 move earthquake\n>p1 switch 4\n>p1 move earthquake\n>p2 switch 3\n>p1 move earthquake\n>p2 move voltswitch\n>p2 switch 4\n>p2 switch 6\n>p1 move earthquake\n>p2 move gunkshot\n>p2 switch 4\n>p1 move earthquake\n>p2 move voltswitch\n>p2 switch 3\n>p1 switch 6\n>p2 move roost\n>p1 move superpower\n>p2 move earthquake\n>p1 switch 6\n>p1 move roost\n>p2 move earthquake\n>p1 move roost\n>p2 move earthquake\n>p1 move roost terastallize\n>p2 move earthquake\n>p1 move roost\n>p2 move headbutt\n>p1 move roost\n>p2 move headbutt\n>p1 move struggle\n>p2 move headbutt\n>p1 move struggle\n>p2 switch 3", "uploadtime": 1733850660, "views": 11, "formatid": "gen9randombattle", "rating": null, "private": 0, "password": null}