{"id": "gen9randombattle-2195646968", "format": "[Gen 9] Random Battle", "players": ["TheArsenal1886", "MichaelderBesteVGC"], "log": "|badge|p2|bronze|gen9randombattle|100-2\n|uhtml|medal-msg|<div class=\"broadcast-blue\">Curious what those medals under the avatar are? PS now has Ladder Seasons! For more information, check out the <a href=\"https://www.smogon.com/forums/threads/3740067/\">thread on Smogon.</a></div>\n|j|\u2606TheArsenal1886\n|j|\u2606MichaelderBesteVGC\n|t:|1725608315\n|gametype|singles\n|player|p1|TheArsenal1886|bruno|2200\n|player|p2|MichaelderBesteVGC|red|2380\n|teamsize|p1|6\n|teamsize|p2|6\n|gen|9\n|tier|[Gen 9] Random Battle\n|rated|\n|rule|Species Clause: Limit one of each Pok\u00e9mon\n|rule|HP Percentage Mod: HP is shown in percentages\n|rule|Sleep Clause Mod: Limit one foe put to sleep\n|rule|Illusion Level Mod: Illusion disguises the Pok\u00e9mon's true level\n|\n|t:|1725608315\n|start\n|switch|p1a: Ogerpon|Ogerpon, L80, F|219/219\n|switch|p2a: Victreebel|Victreebel, L90, M|290/290\n|turn|1\n|inactive|Battle timer is ON: inactive players will automatically lose when time's up. (requested by TheArsenal1886)\n|inactive|MichaelderBesteVGC has 120 seconds left.\n|\n|t:|1725608384\n|move|p1a: Ogerpon|Bitter Malice|p2a: Victreebel\n|-damage|p2a: Victreebel|151/290\n|-unboost|p2a: Victreebel|atk|1\n|move|p2a: Victreebel|Swords Dance|p2a: Victreebel\n|-boost|p2a: Victreebel|atk|2\n|\n|upkeep\n|turn|2\n|\n|t:|1725608392\n|move|p1a: Ogerpon|Bitter Malice|p2a: Victreebel\n|-damage|p2a: Victreebel|7/290\n|-unboost|p2a: Victreebel|atk|1\n|move|p2a: Victreebel|Power Whip|p1a: Ogerpon|[miss]\n|-miss|p2a: Victreebel|p1a: Ogerpon\n|\n|upkeep\n|turn|3\n|\n|t:|1725608396\n|move|p2a: Victreebel|Sucker Punch|p1a: Ogerpon\n|-supereffective|p1a: Ogerpon\n|-damage|p1a: Ogerpon|0 fnt\n|replace|p1a: Zoroark|Zoroark-Hisui, L80, M\n|-end|p1a: Zoroark|Illusion\n|-hint|Illusion Level Mod is active, so this Pok\u00e9mon's true level was hidden.\n|faint|p1a: Zoroark\n|-damage|p2a: Victreebel|0 fnt|[from] item: Life Orb\n|faint|p2a: Victreebel\n|\n|upkeep\n|\n|t:|1725608404\n|switch|p1a: Ogerpon|Ogerpon, L80, F|259/259\n|switch|p2a: Basculegion|Basculegion-F, L83, F|335/335\n|turn|4\n|\n|t:|1725608410\n|switch|p2a: Exeggutor|Exeggutor-Alola, L89, F|314/314\n|-item|p1a: Ogerpon|Heavy-Duty Boots|[from] ability: Frisk|[of] p2a: Exeggutor\n|move|p1a: Ogerpon|U-turn|p2a: Exeggutor\n|-supereffective|p2a: Exeggutor\n|-damage|p2a: Exeggutor|204/314\n|\n|t:|1725608421\n|switch|p1a: Cobalion|Cobalion, L80|277/277|[from] U-turn\n|\n|upkeep\n|turn|5\n|\n|t:|1725608428\n|move|p1a: Cobalion|Swords Dance|p1a: Cobalion\n|-boost|p1a: Cobalion|atk|2\n|move|p2a: Exeggutor|Flamethrower|p1a: Cobalion\n|-supereffective|p1a: Cobalion\n|-damage|p1a: Cobalion|85/277\n|\n|-heal|p1a: Cobalion|102/277|[from] item: Leftovers\n|upkeep\n|turn|6\n|\n|t:|1725608435\n|switch|p2a: Basculegion|Basculegion-F, L83, F|335/335\n|move|p1a: Cobalion|Iron Head|p2a: Basculegion\n|-resisted|p2a: Basculegion\n|-damage|p2a: Basculegion|243/335\n|\n|-heal|p1a: Cobalion|119/277|[from] item: Leftovers\n|upkeep\n|turn|7\n|\n|t:|1725608438\n|move|p1a: Cobalion|Iron Head|p2a: Basculegion\n|-resisted|p2a: Basculegion\n|-damage|p2a: Basculegion|154/335\n|cant|p2a: Basculegion|flinch\n|\n|-heal|p1a: Cobalion|136/277|[from] item: Leftovers\n|upkeep\n|turn|8\n|\n|t:|1725608450\n|move|p1a: Cobalion|Iron Head|p2a: Basculegion\n|-resisted|p2a: Basculegion\n|-damage|p2a: Basculegion|61/335\n|move|p2a: Basculegion|Shadow Ball|p1a: Cobalion\n|-damage|p1a: Cobalion|8/277\n|\n|-heal|p1a: Cobalion|25/277|[from] item: Leftovers\n|upkeep\n|turn|9\n|\n|t:|1725608456\n|move|p1a: Cobalion|Iron Head|p2a: Basculegion\n|-resisted|p2a: Basculegion\n|-damage|p2a: Basculegion|0 fnt\n|faint|p2a: Basculegion\n|\n|-heal|p1a: Cobalion|42/277|[from] item: Leftovers\n|upkeep\n|\n|t:|1725608457\n|switch|p2a: Toxicroak|Toxicroak, L84, F|277/277\n|turn|10\n|\n|t:|1725608461\n|move|p1a: Cobalion|Iron Head|p2a: Toxicroak\n|-damage|p2a: Toxicroak|108/277\n|cant|p2a: Toxicroak|flinch\n|\n|-heal|p1a: Cobalion|59/277|[from] item: Leftovers\n|upkeep\n|turn|11\n|\n|t:|1725608466\n|move|p1a: Cobalion|Iron Head|p2a: Toxicroak\n|-damage|p2a: Toxicroak|0 fnt\n|faint|p2a: Toxicroak\n|\n|-heal|p1a: Cobalion|76/277|[from] item: Leftovers\n|upkeep\n|\n|t:|1725608467\n|switch|p2a: Registeel|Registeel, L82|265/265\n|turn|12\n|c|\u2606TheArsenal1886|sorry mike\n|\n|t:|1725608476\n|-terastallize|p2a: Registeel|Fighting\n|move|p1a: Cobalion|Taunt|p2a: Registeel\n|-start|p2a: Registeel|move: Taunt\n|cant|p2a: Registeel|move: Taunt|Thunder Wave\n|\n|-heal|p1a: Cobalion|93/277|[from] item: Leftovers\n|upkeep\n|turn|13\n|\n|t:|1725608485\n|move|p1a: Cobalion|Iron Head|p2a: Registeel\n|-damage|p2a: Registeel|163/265\n|cant|p2a: Registeel|flinch\n|\n|-heal|p1a: Cobalion|110/277|[from] item: Leftovers\n|-heal|p2a: Registeel|179/265|[from] item: Leftovers\n|upkeep\n|turn|14\n|\n|t:|1725608492\n|-terastallize|p1a: Cobalion|Fighting\n|move|p1a: Cobalion|Close Combat|p2a: Registeel\n|-damage|p2a: Registeel|0 fnt\n|-unboost|p1a: Cobalion|def|1\n|-unboost|p1a: Cobalion|spd|1\n|faint|p2a: Registeel\n|\n|-heal|p1a: Cobalion|127/277|[from] item: Leftovers\n|upkeep\n|-message|MichaelderBesteVGC forfeited.\n|\n|win|TheArsenal1886\n|raw|TheArsenal1886's rating: 2200 &rarr; <strong>2230</strong><br />(+30 for winning)\n|raw|MichaelderBesteVGC's rating: 2394 &rarr; <strong>2364</strong><br />(-30 for losing)\n|l|\u2606MichaelderBesteVGC\n|player|p2|\n", "inputlog": ">version 0cf8241dca984da66af486149691a79a2b0e79e7\n>start {\"formatid\":\"gen9randombattle\",\"seed\":[28836,57862,46382,31665],\"rated\":\"Rated battle\"}\n>player p1 {\"name\":\"TheArsenal1886\",\"avatar\":\"bruno\",\"rating\":2200,\"seed\":[46182,50773,44892,60264]}\n>player p2 {\"name\":\"MichaelderBesteVGC\",\"avatar\":\"red\",\"rating\":2380,\"seed\":[37089,3902,37900,61376]}\n>p1 move bittermalice\n>p2 move swordsdance\n>p1 move bittermalice\n>p2 move powerwhip\n>p1 move bittermalice\n>p2 move suckerpunch\n>p1 switch 6\n>p2 switch 3\n>p1 move uturn\n>p2 switch 2\n>p1 switch 2\n>p1 move swordsdance\n>p2 move flamethrower\n>p1 move ironhead\n>p2 switch 2\n>p1 move ironhead\n>p2 move shadowball\n>p1 move ironhead\n>p2 move shadowball\n>p1 move ironhead\n>p2 move flipturn\n>p2 switch 4\n>p1 move ironhead\n>p2 move closecombat\n>p1 move ironhead\n>p2 move closecombat\n>p2 switch 6\n>chat \u2606TheArsenal1886|sorry mike\n>p1 move taunt\n>p2 move thunderwave terastallize\n>p1 move ironhead\n>p2 move bodypress\n>p1 move closecombat terastallize\n>p2 move bodypress\n>forcelose p2", "uploadtime": 1725608504, "views": 163, "formatid": "gen9randombattle", "rating": 2230, "private": 0, "password": null}