{"id": "gen9randombattle-2111107204", "format": "[Gen 9] Random Battle", "players": ["SebasDB", "sylvee1"], "log": "|uhtml|medal-msg|<div class=\"broadcast-blue\">Curious what those medals under the avatar are? PS now has Ladder Seasons! For more information, check out the <a href=\"https://www.smogon.com/forums/threads/3740067/\">thread on Smogon.</a></div>\n|badge|p2|bronze|gen9randombattle|100-1\n|uhtml|medal-msg|<div class=\"broadcast-blue\">Curious what those medals under the avatar are? PS now has Ladder Seasons! For more information, check out the <a href=\"https://www.smogon.com/forums/threads/3740067/\">thread on Smogon.</a></div>\n|j|\u2606SebasDB\n|j|\u2606sylvee1\n|t:|1714030961\n|gametype|singles\n|player|p1|SebasDB|dawn|2330\n|player|p2|sylvee1|serena-masters2|2301\n|teamsize|p1|6\n|teamsize|p2|6\n|gen|9\n|tier|[Gen 9] Random Battle\n|rated|\n|rule|Species Clause: Limit one of each Pok\u00e9mon\n|rule|HP Percentage Mod: HP is shown in percentages\n|rule|Sleep Clause Mod: Limit one foe put to sleep\n|rule|Illusion Level Mod: Illusion disguises the Pok\u00e9mon's true level\n|\n|t:|1714030961\n|start\n|switch|p1a: Baxcalibur|Baxcalibur, L75, F|296/296\n|switch|p2a: Persian|Persian, L93, F|272/272\n|turn|1\n|inactive|Battle timer is ON: inactive players will automatically lose when time's up. (requested by sylvee1)\n|c|\u2606sylvee1|glhf\n|\n|t:|1714030984\n|switch|p1a: Garchomp|Garchomp, L74, F|282/282\n|move|p2a: Persian|U-turn|p1a: Garchomp\n|-damage|p1a: Garchomp|212/282\n|-damage|p2a: Persian|238/272|[from] ability: Rough Skin|[of] p1a: Garchomp\n|-damage|p2a: Persian|193/272|[from] item: Rocky Helmet|[of] p1a: Garchomp\n|c|\u2606SebasDB|u2\n|\n|t:|1714030995\n|switch|p2a: Dodrio|Dodrio, L85, M|241/241|[from] U-turn\n|\n|upkeep\n|turn|2\n|\n|t:|1714031008\n|switch|p1a: Torkoal|Torkoal, L88, F|266/266\n|-weather|SunnyDay|[from] ability: Drought|[of] p1a: Torkoal\n|move|p2a: Dodrio|Swords Dance|p2a: Dodrio\n|-boost|p2a: Dodrio|atk|2\n|\n|-weather|SunnyDay|[upkeep]\n|upkeep\n|turn|3\n|\n|t:|1714031014\n|-terastallize|p2a: Dodrio|Ground\n|move|p2a: Dodrio|Drill Run|p1a: Torkoal\n|-supereffective|p1a: Torkoal\n|-damage|p1a: Torkoal|6/266\n|move|p1a: Torkoal|Lava Plume|p2a: Dodrio\n|-crit|p2a: Dodrio\n|-damage|p2a: Dodrio|4/241\n|\n|-weather|SunnyDay|[upkeep]\n|upkeep\n|turn|4\n|\n|t:|1714031023\n|move|p2a: Dodrio|Drill Run|p1a: Torkoal\n|-supereffective|p1a: Torkoal\n|-crit|p1a: Torkoal\n|-damage|p1a: Torkoal|0 fnt\n|faint|p1a: Torkoal\n|\n|-weather|SunnyDay|[upkeep]\n|upkeep\n|\n|t:|1714031026\n|switch|p1a: Rillaboom|Rillaboom, L79, M|288/288\n|-fieldstart|move: Grassy Terrain|[from] ability: Grassy Surge|[of] p1a: Rillaboom\n|turn|5\n|\n|t:|1714031030\n|move|p1a: Rillaboom|Grassy Glide|p2a: Dodrio\n|-supereffective|p2a: Dodrio\n|-damage|p2a: Dodrio|0 fnt\n|faint|p2a: Dodrio\n|\n|-weather|SunnyDay|[upkeep]\n|upkeep\n|\n|t:|1714031033\n|switch|p2a: Ariados|Ariados, L94, F|284/284\n|turn|6\n|\n|t:|1714031036\n|switch|p1a: Garchomp|Garchomp, L74, F|212/282\n|move|p2a: Ariados|Megahorn|p1a: Garchomp\n|-damage|p1a: Garchomp|44/282\n|-damage|p2a: Ariados|249/284|[from] ability: Rough Skin|[of] p1a: Garchomp\n|-damage|p2a: Ariados|202/284|[from] item: Rocky Helmet|[of] p1a: Garchomp\n|\n|-weather|none\n|-heal|p1a: Garchomp|61/282|[from] Grassy Terrain\n|-heal|p2a: Ariados|219/284|[from] Grassy Terrain\n|upkeep\n|turn|7\n|\n|t:|1714031042\n|move|p2a: Ariados|Sucker Punch||[still]\n|-fail|p2a: Ariados\n|move|p1a: Garchomp|Stealth Rock|p2a: Ariados\n|-sidestart|p2: sylvee1|move: Stealth Rock\n|\n|-heal|p1a: Garchomp|78/282|[from] Grassy Terrain\n|-heal|p2a: Ariados|236/284|[from] Grassy Terrain\n|upkeep\n|turn|8\n|\n|t:|1714031046\n|move|p1a: Garchomp|Spikes|p2a: Ariados\n|-sidestart|p2: sylvee1|Spikes\n|move|p2a: Ariados|Megahorn|p1a: Garchomp\n|-damage|p1a: Garchomp|0 fnt\n|-damage|p2a: Ariados|201/284|[from] ability: Rough Skin|[of] p1a: Garchomp\n|-damage|p2a: Ariados|154/284|[from] item: Rocky Helmet|[of] p1a: Garchomp\n|faint|p1a: Garchomp\n|\n|-heal|p2a: Ariados|171/284|[from] Grassy Terrain\n|upkeep\n|\n|t:|1714031051\n|switch|p1a: Baxcalibur|Baxcalibur, L75, F|296/296\n|turn|9\n|\n|t:|1714031056\n|move|p1a: Baxcalibur|Dragon Dance|p1a: Baxcalibur\n|-boost|p1a: Baxcalibur|atk|1\n|-boost|p1a: Baxcalibur|spe|1\n|move|p2a: Ariados|Poison Jab|p1a: Baxcalibur\n|-damage|p1a: Baxcalibur|191/296\n|\n|-heal|p1a: Baxcalibur|209/296|[from] Grassy Terrain\n|-heal|p2a: Ariados|188/284|[from] Grassy Terrain\n|-fieldend|move: Grassy Terrain\n|upkeep\n|turn|10\n|\n|t:|1714031065\n|move|p1a: Baxcalibur|Glaive Rush|p2a: Ariados\n|-damage|p2a: Ariados|0 fnt\n|-singlemove|p1a: Baxcalibur|Glaive Rush|[silent]\n|faint|p2a: Ariados\n|\n|upkeep\n|\n|t:|1714031068\n|switch|p2a: Persian|Persian, L93, F|193/272\n|-damage|p2a: Persian|159/272|[from] Stealth Rock\n|-damage|p2a: Persian|125/272|[from] Spikes\n|turn|11\n|\n|t:|1714031073\n|switch|p1a: Rillaboom|Rillaboom, L79, M|288/288\n|-fieldstart|move: Grassy Terrain|[from] ability: Grassy Surge|[of] p1a: Rillaboom\n|move|p2a: Persian|Gunk Shot|p1a: Rillaboom\n|-supereffective|p1a: Rillaboom\n|-damage|p1a: Rillaboom|48/288\n|-status|p1a: Rillaboom|psn\n|\n|-heal|p2a: Persian|142/272|[from] Grassy Terrain\n|-heal|p1a: Rillaboom|66/288 psn|[from] Grassy Terrain\n|-damage|p1a: Rillaboom|30/288 psn|[from] psn\n|upkeep\n|turn|12\n|\n|t:|1714031082\n|switch|p2a: Hypno|Hypno, L95, M|315/315\n|-damage|p2a: Hypno|276/315|[from] Stealth Rock\n|-damage|p2a: Hypno|237/315|[from] Spikes\n|move|p1a: Rillaboom|Grassy Glide|p2a: Hypno\n|-damage|p2a: Hypno|98/315\n|\n|-heal|p2a: Hypno|117/315|[from] Grassy Terrain\n|-heal|p2a: Hypno|136/315|[from] item: Leftovers\n|-heal|p1a: Rillaboom|48/288 psn|[from] Grassy Terrain\n|-damage|p1a: Rillaboom|12/288 psn|[from] psn\n|upkeep\n|turn|13\n|\n|t:|1714031091\n|switch|p1a: Gogoat|Gogoat, L88, F|360/360\n|move|p2a: Hypno|Psychic Noise|p1a: Gogoat\n|-damage|p1a: Gogoat|269/360\n|-start|p1a: Gogoat|move: Heal Block\n|\n|-heal|p2a: Hypno|155/315|[from] Grassy Terrain\n|-heal|p2a: Hypno|174/315|[from] item: Leftovers\n|upkeep\n|turn|14\n|\n|t:|1714031095\n|move|p2a: Hypno|Thunder Wave|p1a: Gogoat\n|-status|p1a: Gogoat|par\n|cant|p1a: Gogoat|par\n|\n|-heal|p2a: Hypno|193/315|[from] Grassy Terrain\n|-heal|p2a: Hypno|212/315|[from] item: Leftovers\n|-end|p1a: Gogoat|move: Heal Block\n|upkeep\n|turn|15\n|\n|t:|1714031099\n|move|p2a: Hypno|Knock Off|p1a: Gogoat\n|-damage|p1a: Gogoat|176/360 par\n|-enditem|p1a: Gogoat|Leftovers|[from] move: Knock Off|[of] p2a: Hypno\n|move|p1a: Gogoat|Horn Leech|p2a: Hypno\n|-damage|p2a: Hypno|98/315\n|-heal|p1a: Gogoat|233/360 par|[from] drain|[of] p2a: Hypno\n|\n|-heal|p2a: Hypno|117/315|[from] Grassy Terrain\n|-heal|p2a: Hypno|136/315|[from] item: Leftovers\n|-heal|p1a: Gogoat|255/360 par|[from] Grassy Terrain\n|-fieldend|move: Grassy Terrain\n|upkeep\n|turn|16\n|\n|t:|1714031103\n|switch|p1a: Bellibolt|Bellibolt, L84, M|320/320\n|move|p2a: Hypno|Psychic Noise|p1a: Bellibolt\n|-damage|p1a: Bellibolt|233/320\n|-start|p1a: Bellibolt|move: Heal Block\n|-start|p1a: Bellibolt|Charge|Psychic Noise|[from] ability: Electromorphosis\n|\n|-heal|p2a: Hypno|155/315|[from] item: Leftovers\n|upkeep\n|turn|17\n|\n|t:|1714031108\n|move|p2a: Hypno|Psychic Noise|p1a: Bellibolt\n|-damage|p1a: Bellibolt|146/320\n|-start|p1a: Bellibolt|Charge|Psychic Noise|[from] ability: Electromorphosis\n|move|p1a: Bellibolt|Thunderbolt|p2a: Hypno\n|-damage|p2a: Hypno|7/315\n|-end|p1a: Bellibolt|Charge|[silent]\n|\n|-heal|p2a: Hypno|26/315|[from] item: Leftovers\n|-end|p1a: Bellibolt|move: Heal Block\n|upkeep\n|turn|18\n|\n|t:|1714031113\n|move|p2a: Hypno|Psychic Noise|p1a: Bellibolt\n|-damage|p1a: Bellibolt|52/320\n|-start|p1a: Bellibolt|move: Heal Block\n|-start|p1a: Bellibolt|Charge|Psychic Noise|[from] ability: Electromorphosis\n|move|p1a: Bellibolt|Thunderbolt|p2a: Hypno\n|-damage|p2a: Hypno|0 fnt\n|faint|p2a: Hypno\n|-end|p1a: Bellibolt|Charge|[silent]\n|\n|upkeep\n|\n|t:|1714031122\n|switch|p2a: Cramorant|Cramorant, L86, M|261/261\n|turn|19\n|\n|t:|1714031134\n|switch|p1a: Rillaboom|Rillaboom, L79, M|12/288 psn\n|-fieldstart|move: Grassy Terrain|[from] ability: Grassy Surge|[of] p1a: Rillaboom\n|move|p2a: Cramorant|Surf|p1a: Rillaboom\n|-formechange|p2a: Cramorant|Cramorant-Gulping|\n|-resisted|p1a: Rillaboom\n|-damage|p1a: Rillaboom|0 fnt\n|faint|p1a: Rillaboom\n|\n|upkeep\n|\n|t:|1714031138\n|switch|p1a: Baxcalibur|Baxcalibur, L75, F|209/296\n|turn|20\n|\n|t:|1714031144\n|move|p2a: Cramorant|Brave Bird|p1a: Baxcalibur\n|-damage|p1a: Baxcalibur|89/296\n|-damage|p2a: Cramorant|221/261|[from] Recoil\n|move|p1a: Baxcalibur|Dragon Dance|p1a: Baxcalibur\n|-boost|p1a: Baxcalibur|atk|1\n|-boost|p1a: Baxcalibur|spe|1\n|\n|-heal|p1a: Baxcalibur|107/296|[from] Grassy Terrain\n|upkeep\n|turn|21\n|\n|t:|1714031152\n|move|p1a: Baxcalibur|Glaive Rush|p2a: Cramorant\n|-damage|p2a: Cramorant|0 fnt\n|-singlemove|p1a: Baxcalibur|Glaive Rush|[silent]\n|-damage|p1a: Baxcalibur|33/296|[from] ability: Gulp Missile|[of] p2a: Cramorant\n|-unboost|p1a: Baxcalibur|def|1\n|-formechange|p2a: Cramorant|Cramorant|\n|faint|p2a: Cramorant\n|\n|-heal|p1a: Baxcalibur|51/296|[from] Grassy Terrain\n|upkeep\n|\n|t:|1714031160\n|switch|p2a: Persian|Persian, L93, F|142/272\n|-damage|p2a: Persian|108/272|[from] Stealth Rock\n|-damage|p2a: Persian|74/272|[from] Spikes\n|turn|22\n|\n|t:|1714031165\n|switch|p1a: Bellibolt|Bellibolt, L84, M|52/320\n|move|p2a: Persian|Double-Edge|p1a: Bellibolt\n|-damage|p1a: Bellibolt|0 fnt\n|faint|p1a: Bellibolt\n|-damage|p2a: Persian|57/272|[from] Recoil\n|\n|-heal|p2a: Persian|74/272|[from] Grassy Terrain\n|upkeep\n|\n|t:|1714031166\n|switch|p1a: Gogoat|Gogoat, L88, F|255/360 par\n|turn|23\n|\n|t:|1714031172\n|move|p2a: Persian|Double-Edge|p1a: Gogoat\n|-damage|p1a: Gogoat|44/360 par\n|-damage|p2a: Persian|4/272|[from] Recoil\n|move|p1a: Gogoat|Horn Leech|p2a: Persian\n|-damage|p2a: Persian|0 fnt\n|-heal|p1a: Gogoat|46/360 par|[from] drain|[of] p2a: Persian\n|faint|p2a: Persian\n|\n|-heal|p1a: Gogoat|68/360 par|[from] Grassy Terrain\n|-fieldend|move: Grassy Terrain\n|upkeep\n|\n|t:|1714031175\n|switch|p2a: Drednaw|Drednaw, L80, M|275/275\n|-damage|p2a: Drednaw|241/275|[from] Stealth Rock\n|-damage|p2a: Drednaw|207/275|[from] Spikes\n|turn|24\n|\n|t:|1714031180\n|move|p2a: Drednaw|Crunch|p1a: Gogoat\n|-damage|p1a: Gogoat|0 fnt\n|faint|p1a: Gogoat\n|\n|upkeep\n|\n|t:|1714031183\n|switch|p1a: Baxcalibur|Baxcalibur, L75, F|51/296\n|turn|25\n|\n|t:|1714031188\n|-terastallize|p1a: Baxcalibur|Ground\n|move|p1a: Baxcalibur|Earthquake|p2a: Drednaw\n|-supereffective|p2a: Drednaw\n|-damage|p2a: Drednaw|0 fnt\n|faint|p2a: Drednaw\n|\n|win|SebasDB\n|raw|SebasDB's rating: 2330 &rarr; <strong>2348</strong><br />(+18 for winning)\n|raw|sylvee1's rating: 2301 &rarr; <strong>2283</strong><br />(-18 for losing)\n|c|\u2606sylvee1|gg\n|c|\u2606SebasDB|gg\n|l|\u2606SebasDB\n|player|p1|\n", "inputlog": ">version 56c3b69fcd3b113ffc796eb8c36c032ea017d75b\n>start {\"formatid\":\"gen9randombattle\",\"seed\":[61227,30919,20614,55955],\"rated\":\"Rated battle\"}\n>player p1 {\"name\":\"SebasDB\",\"avatar\":\"dawn\",\"rating\":2330,\"seed\":[64605,53489,541,9201]}\n>player p2 {\"name\":\"sylvee1\",\"avatar\":\"serena-masters2\",\"rating\":2301,\"seed\":[59928,26915,55751,34085]}\n>chat \u2606sylvee1|glhf\n>p1 switch 3\n>p2 move uturn\n>chat \u2606SebasDB|u2\n>p2 switch 3\n>p1 switch 5\n>p2 move swordsdance\n>p1 move lavaplume\n>p2 move drillrun terastallize\n>p1 move lavaplume\n>p2 move drillrun\n>p1 switch 4\n>p1 move grassyglide\n>p2 move bravebird\n>p2 switch 5\n>p1 switch 5\n>p2 move megahorn\n>p1 move stealthrock\n>p2 move suckerpunch\n>p1 move spikes\n>p2 move megahorn\n>p1 switch 3\n>p1 move dragondance\n>p2 move poisonjab\n>p1 move glaiverush\n>p2 move poisonjab\n>p2 switch 3\n>p1 switch 5\n>p2 move gunkshot\n>p1 move grassyglide\n>p2 switch 6\n>p1 switch 6\n>p2 move psychicnoise\n>p1 move bulkup\n>p2 move thunderwave\n>p1 move hornleech\n>p2 move knockoff\n>p1 switch 2\n>p2 move psychicnoise\n>p1 move thunderbolt\n>p2 move psychicnoise\n>p1 move thunderbolt\n>p2 move psychicnoise\n>p2 switch 4\n>p1 switch 6\n>p2 move surf\n>p1 switch 5\n>p1 move dragondance\n>p2 move bravebird\n>p1 move glaiverush\n>p2 move surf\n>p2 switch 6\n>p1 switch 6\n>p2 move doubleedge\n>p1 switch 2\n>p1 move hornleech\n>p2 move doubleedge\n>p2 switch 2\n>p1 move hornleech\n>p2 move crunch\n>p1 switch 6\n>p1 move earthquake terastallize\n>p2 move crunch", "uploadtime": 1714031201, "views": 244, "formatid": "gen9randombattle", "rating": 2283, "private": 0, "password": null}