{"id": "gen9randombattle-2259981145", "format": "[Gen 9] Random Battle", "players": ["pankeyxd", "bellenguer2"], "log": "|j|\u2606pankeyxd\n|j|\u2606bellenguer2\n|t:|1733787099\n|gametype|singles\n|player|p1|pankeyxd|pokekid|1585\n|player|p2|bellenguer2|dawn|1619\n|teamsize|p1|6\n|teamsize|p2|6\n|gen|9\n|tier|[Gen 9] Random Battle\n|rated|\n|rule|Species Clause: Limit one of each Pok\u00e9mon\n|rule|HP Percentage Mod: HP is shown in percentages\n|rule|Sleep Clause Mod: Limit one foe put to sleep\n|rule|Illusion Level Mod: Illusion disguises the Pok\u00e9mon's true level\n|\n|t:|1733787099\n|start\n|switch|p1a: Palkia|Palkia-Origin, L72|249/249\n|switch|p2a: Wigglytuff|Wigglytuff, L96, F|424/424\n|-ability|p1a: Palkia|Pressure\n|turn|1\n|\n|t:|1733787109\n|move|p1a: Palkia|Thunder Wave|p2a: Wigglytuff|[miss]\n|-miss|p1a: Palkia|p2a: Wigglytuff\n|move|p2a: Wigglytuff|Alluring Voice|p1a: Palkia\n|-supereffective|p1a: Palkia\n|-damage|p1a: Palkia|57/249\n|\n|upkeep\n|turn|2\n|\n|t:|1733787123\n|switch|p1a: Vespiquen|Vespiquen, L98, F|296/296\n|-ability|p1a: Vespiquen|Pressure\n|move|p2a: Wigglytuff|Protect||[still]\n|-fail|p2a: Wigglytuff\n|\n|upkeep\n|turn|3\n|\n|t:|1733787147\n|switch|p2a: Chi-Yu|Chi-Yu, L77|211/211\n|-ability|p2a: Chi-Yu|Beads of Ruin\n|move|p1a: Vespiquen|Toxic|p2a: Chi-Yu\n|-status|p2a: Chi-Yu|tox\n|\n|-damage|p2a: Chi-Yu|198/211 tox|[from] psn\n|upkeep\n|turn|4\n|\n|t:|1733787179\n|move|p2a: Chi-Yu|Nasty Plot|p2a: Chi-Yu\n|-boost|p2a: Chi-Yu|spa|2\n|move|p1a: Vespiquen|Air Slash|p2a: Chi-Yu\n|-damage|p2a: Chi-Yu|123/211 tox\n|\n|-damage|p2a: Chi-Yu|97/211 tox|[from] psn\n|upkeep\n|turn|5\n|\n|t:|1733787206\n|move|p2a: Chi-Yu|Fire Blast|p1a: Vespiquen\n|-supereffective|p1a: Vespiquen\n|-damage|p1a: Vespiquen|0 fnt\n|faint|p1a: Vespiquen\n|\n|-damage|p2a: Chi-Yu|58/211 tox|[from] psn\n|upkeep\n|\n|t:|1733787220\n|switch|p1a: Luvdisc|Luvdisc, M|247/247\n|turn|6\n|\n|t:|1733787235\n|move|p1a: Luvdisc|Surf|p2a: Chi-Yu\n|-supereffective|p2a: Chi-Yu\n|-damage|p2a: Chi-Yu|0 fnt\n|faint|p2a: Chi-Yu\n|\n|upkeep\n|\n|t:|1733787249\n|switch|p2a: Raichu|Raichu-Alola, L87, F|246/246\n|turn|7\n|\n|t:|1733787263\n|move|p1a: Luvdisc|Substitute|p1a: Luvdisc\n|-start|p1a: Luvdisc|Substitute\n|-damage|p1a: Luvdisc|186/247\n|move|p2a: Raichu|Thunderbolt|p1a: Luvdisc\n|-supereffective|p1a: Luvdisc\n|-end|p1a: Luvdisc|Substitute\n|\n|upkeep\n|turn|8\n|\n|t:|1733787277\n|switch|p1a: Lokix|Lokix, L82, F|251/251\n|switch|p2a: Clodsire|Clodsire, L81, F|343/343\n|\n|upkeep\n|turn|9\n|\n|t:|1733787283\n|move|p1a: Lokix|Knock Off|p2a: Clodsire\n|-damage|p2a: Clodsire|214/343\n|-enditem|p2a: Clodsire|Leftovers|[from] move: Knock Off|[of] p1a: Lokix\n|move|p2a: Clodsire|Gunk Shot|p1a: Lokix|[miss]\n|-miss|p2a: Clodsire|p1a: Lokix\n|\n|upkeep\n|turn|10\n|\n|t:|1733787321\n|move|p1a: Lokix|U-turn|p2a: Clodsire\n|-resisted|p2a: Clodsire\n|-damage|p2a: Clodsire|88/343\n|\n|t:|1733787325\n|switch|p1a: Luvdisc|Luvdisc, M|186/247|[from] U-turn\n|move|p2a: Clodsire|Recover|p2a: Clodsire\n|-heal|p2a: Clodsire|260/343\n|\n|upkeep\n|turn|11\n|\n|t:|1733787370\n|move|p1a: Luvdisc|Substitute|p1a: Luvdisc\n|-start|p1a: Luvdisc|Substitute\n|-damage|p1a: Luvdisc|125/247\n|move|p2a: Clodsire|Earthquake|p1a: Luvdisc\n|-end|p1a: Luvdisc|Substitute\n|\n|upkeep\n|turn|12\n|\n|t:|1733787383\n|move|p1a: Luvdisc|Whirlpool|p2a: Clodsire\n|-supereffective|p2a: Clodsire\n|-damage|p2a: Clodsire|198/343\n|-activate|p2a: Clodsire|move: Whirlpool|[of] p1a: Luvdisc\n|move|p2a: Clodsire|Earthquake|p1a: Luvdisc\n|-damage|p1a: Luvdisc|20/247\n|\n|-damage|p2a: Clodsire|156/343|[from] move: Whirlpool|[partiallytrapped]\n|upkeep\n|turn|13\n|\n|t:|1733787389\n|move|p1a: Luvdisc|Endeavor|p2a: Clodsire\n|-damage|p2a: Clodsire|20/343\n|move|p2a: Clodsire|Earthquake|p1a: Luvdisc\n|-damage|p1a: Luvdisc|0 fnt\n|faint|p1a: Luvdisc\n|\n|-end|p2a: Clodsire|Whirlpool|[partiallytrapped]|[silent]\n|upkeep\n|\n|t:|1733787398\n|switch|p1a: Lokix|Lokix, L82, F|251/251\n|turn|14\n|inactive|Battle timer is ON: inactive players will automatically lose when time's up. (requested by bellenguer2)\n|\n|t:|1733787432\n|move|p1a: Lokix|U-turn|p2a: Clodsire\n|-resisted|p2a: Clodsire\n|-damage|p2a: Clodsire|0 fnt\n|faint|p2a: Clodsire\n|\n|t:|1733787435\n|switch|p1a: Hypno|Hypno, L95, M|315/315|[from] U-turn\n|\n|upkeep\n|\n|t:|1733787454\n|switch|p2a: Basculegion|Basculegion-F, L83, F|335/335\n|turn|15\n|inactive|pankeyxd has 120 seconds left.\n|\n|t:|1733787489\n|move|p1a: Hypno|Knock Off|p2a: Basculegion\n|-supereffective|p2a: Basculegion\n|-damage|p2a: Basculegion|151/335\n|-enditem|p2a: Basculegion|Choice Specs|[from] move: Knock Off|[of] p1a: Hypno\n|move|p2a: Basculegion|Shadow Ball|p1a: Hypno\n|-supereffective|p1a: Hypno\n|-damage|p1a: Hypno|151/315\n|\n|-heal|p1a: Hypno|170/315|[from] item: Leftovers\n|upkeep\n|turn|16\n|inactive|pankeyxd has 120 seconds left.\n|\n|t:|1733787507\n|switch|p1a: Lokix|Lokix, L82, F|251/251\n|move|p2a: Basculegion|Flip Turn|p1a: Lokix\n|-damage|p1a: Lokix|167/251\n|\n|t:|1733787517\n|switch|p2a: Wigglytuff|Wigglytuff, L96, F|424/424|[from] Flip Turn\n|\n|upkeep\n|turn|17\n|inactive|pankeyxd has 120 seconds left.\n|\n|t:|1733787527\n|move|p1a: Lokix|U-turn|p2a: Wigglytuff\n|-resisted|p2a: Wigglytuff\n|-damage|p2a: Wigglytuff|298/424\n|\n|t:|1733787531\n|switch|p1a: Hypno|Hypno, L95, M|170/315|[from] U-turn\n|move|p2a: Wigglytuff|Alluring Voice|p1a: Hypno\n|-damage|p1a: Hypno|95/315\n|\n|-heal|p1a: Hypno|114/315|[from] item: Leftovers\n|-heal|p2a: Wigglytuff|324/424|[from] item: Leftovers\n|upkeep\n|turn|18\n|inactive|bellenguer2 has 120 seconds left.\n|\n|t:|1733787577\n|move|p1a: Hypno|Toxic|p2a: Wigglytuff\n|-status|p2a: Wigglytuff|tox\n|move|p2a: Wigglytuff|Alluring Voice|p1a: Hypno\n|-damage|p1a: Hypno|38/315\n|\n|-heal|p1a: Hypno|57/315|[from] item: Leftovers\n|-heal|p2a: Wigglytuff|350/424 tox|[from] item: Leftovers\n|-damage|p2a: Wigglytuff|324/424 tox|[from] psn\n|upkeep\n|turn|19\n|inactive|pankeyxd has 120 seconds left.\n|\n|t:|1733787609\n|switch|p2a: Raichu|Raichu-Alola, L87, F|246/246\n|move|p1a: Hypno|Psychic Noise|p2a: Raichu\n|-resisted|p2a: Raichu\n|-damage|p2a: Raichu|203/246\n|-start|p2a: Raichu|move: Heal Block\n|\n|-heal|p1a: Hypno|76/315|[from] item: Leftovers\n|upkeep\n|turn|20\n|inactive|pankeyxd has 120 seconds left.\n|\n|t:|1733787619\n|move|p2a: Raichu|Thunderbolt|p1a: Hypno\n|-damage|p1a: Hypno|0 fnt\n|faint|p1a: Hypno\n|\n|-end|p2a: Raichu|move: Heal Block\n|upkeep\n|inactive|pankeyxd has 120 seconds left.\n|\n|t:|1733787625\n|switch|p1a: Lokix|Lokix, L82, F|167/251\n|turn|21\n|inactive|pankeyxd has 120 seconds left.\n|\n|t:|1733787641\n|switch|p2a: Wigglytuff|Wigglytuff, L96, F|324/424 tox\n|move|p1a: Lokix|First Impression|p2a: Wigglytuff\n|-resisted|p2a: Wigglytuff\n|-damage|p2a: Wigglytuff|158/424 tox\n|\n|-heal|p2a: Wigglytuff|184/424 tox|[from] item: Leftovers\n|-damage|p2a: Wigglytuff|158/424 tox|[from] psn\n|upkeep\n|turn|22\n|inactive|pankeyxd has 120 seconds left.\n|\n|t:|1733787648\n|move|p1a: Lokix|Knock Off|p2a: Wigglytuff\n|-resisted|p2a: Wigglytuff\n|-damage|p2a: Wigglytuff|14/424 tox\n|-enditem|p2a: Wigglytuff|Leftovers|[from] move: Knock Off|[of] p1a: Lokix\n|move|p2a: Wigglytuff|Alluring Voice|p1a: Lokix\n|-supereffective|p1a: Lokix\n|-damage|p1a: Lokix|0 fnt\n|faint|p1a: Lokix\n|\n|-damage|p2a: Wigglytuff|0 fnt|[from] psn\n|faint|p2a: Wigglytuff\n|upkeep\n|inactive|pankeyxd has 120 seconds left.\n|inactive|pankeyxd has 90 seconds left.\n|\n|t:|1733787690\n|switch|p1a: Palkia|Palkia-Origin, L72|57/249\n|switch|p2a: Raichu|Raichu-Alola, L87, F|203/246\n|-ability|p1a: Palkia|Pressure\n|turn|23\n|inactive|pankeyxd has 90 seconds left.\n|inactive|pankeyxd has 60 seconds left.\n|\n|t:|1733787740\n|switch|p1a: Miraidon|Miraidon, L65|238/238\n|-fieldstart|move: Electric Terrain|[from] ability: Hadron Engine|[of] p1a: Miraidon\n|move|p2a: Raichu|Alluring Voice|p1a: Miraidon\n|-supereffective|p1a: Miraidon\n|-damage|p1a: Miraidon|58/238\n|\n|-heal|p1a: Miraidon|72/238|[from] item: Leftovers\n|upkeep\n|turn|24\n|inactive|pankeyxd has 60 seconds left.\n|-message|pankeyxd forfeited.\n|\n|win|bellenguer2\n|raw|pankeyxd's rating: 1585 &rarr; <strong>1567</strong><br />(-18 for losing)\n|raw|bellenguer2's rating: 1619 &rarr; <strong>1637</strong><br />(+18 for winning)\n|l|\u2606pankeyxd\n|player|p1|\n", "inputlog": ">version bfd83cad13791eb5a5a409923076391caf6fb4d4\n>start {\"formatid\":\"gen9randombattle\",\"seed\":[54577,10677,63763,5530],\"rated\":\"Rated battle\"}\n>player p1 {\"name\":\"pankeyxd\",\"avatar\":\"pokekid\",\"rating\":1585,\"seed\":[37565,26072,53558,29590]}\n>player p2 {\"name\":\"bellenguer2\",\"avatar\":\"dawn\",\"rating\":1619,\"seed\":[8874,57440,52189,5112]}\n>p1 move thunderwave\n>p2 move alluringvoice\n>p1 switch 4\n>p2 move protect\n>p1 move toxic\n>p2 switch 5\n>p1 move airslash\n>p2 move nastyplot\n>p1 move airslash\n>p2 move fireblast\n>p1 switch 2\n>p1 move surf\n>p2 move darkpulse\n>p2 switch 4\n>p1 move substitute\n>p2 move thunderbolt\n>p1 switch 6\n>p2 switch 2\n>p1 move knockoff\n>p2 move gunkshot\n>p1 move uturn\n>p2 move recover\n>p1 switch 6\n>p1 move substitute\n>p2 move earthquake\n>p1 move whirlpool\n>p2 move earthquake\n>p1 move endeavor\n>p2 move earthquake\n>p1 switch 6\n>p1 move uturn\n>p2 move recover\n>p1 switch 5\n>p2 switch 3\n>p1 move knockoff\n>p2 move shadowball\n>p1 switch 5\n>p2 move flipturn\n>p2 switch 5\n>p1 move uturn\n>p2 move alluringvoice\n>p1 switch 5\n>p1 move toxic\n>p2 move alluringvoice\n>p1 move psychicnoise\n>p2 switch 2\n>p1 move knockoff\n>p2 move thunderbolt\n>p1 switch 5\n>p1 move firstimpression\n>p2 switch 2\n>p1 move knockoff\n>p2 move alluringvoice\n>p1 switch 4\n>p2 switch 2\n>p1 switch 3\n>p2 move alluringvoice\n>forcelose p1", "uploadtime": 1733787756, "views": 2, "formatid": "gen9randombattle", "rating": 1567, "private": 0, "password": null}