{"id": "gen9randombattle-2259960901", "format": "[Gen 9] Random Battle", "players": ["Tareko", "daddysgotthepoopy"], "log": "|j|\u2606Tareko\n|j|\u2606daddysgotthepoopy\n|t:|1733784613\n|gametype|singles\n|player|p1|Tareko|veteran|1303\n|player|p2|daddysgotthepoopy|265|1286\n|teamsize|p1|6\n|teamsize|p2|6\n|gen|9\n|tier|[Gen 9] Random Battle\n|rated|\n|rule|Species Clause: Limit one of each Pok\u00e9mon\n|rule|HP Percentage Mod: HP is shown in percentages\n|rule|Sleep Clause Mod: Limit one foe put to sleep\n|rule|Illusion Level Mod: Illusion disguises the Pok\u00e9mon's true level\n|\n|t:|1733784613\n|start\n|switch|p1a: Leafeon|Leafeon, L88, F|258/258\n|switch|p2a: Gliscor|Gliscor, L76, F|239/239\n|turn|1\n|inactive|Battle timer is ON: inactive players will automatically lose when time's up. (requested by daddysgotthepoopy)\n|\n|t:|1733784623\n|move|p1a: Leafeon|Substitute|p1a: Leafeon\n|-start|p1a: Leafeon|Substitute\n|-damage|p1a: Leafeon|194/258\n|move|p2a: Gliscor|Toxic||[still]\n|-fail|p2a: Gliscor\n|\n|-heal|p1a: Leafeon|210/258|[from] item: Leftovers\n|-status|p2a: Gliscor|tox|[from] item: Toxic Orb\n|upkeep\n|turn|2\n|\n|t:|1733784647\n|switch|p2a: Exeggutor|Exeggutor, L89, M|312/312\n|move|p1a: Leafeon|Swords Dance|p1a: Leafeon\n|-boost|p1a: Leafeon|atk|2\n|\n|-heal|p1a: Leafeon|226/258|[from] item: Leftovers\n|upkeep\n|turn|3\n|\n|t:|1733784652\n|move|p1a: Leafeon|Swords Dance|p1a: Leafeon\n|-boost|p1a: Leafeon|atk|2\n|move|p2a: Exeggutor|Psychic Noise|p1a: Leafeon\n|-damage|p1a: Leafeon|105/258\n|-start|p1a: Leafeon|move: Heal Block\n|\n|upkeep\n|turn|4\n|\n|t:|1733784659\n|-terastallize|p2a: Exeggutor|Steel\n|move|p1a: Leafeon|Double-Edge|p2a: Exeggutor\n|-resisted|p2a: Exeggutor\n|-damage|p2a: Exeggutor|175/312\n|-damage|p1a: Leafeon|60/258|[from] Recoil\n|move|p2a: Exeggutor|Psychic Noise|p1a: Leafeon\n|-damage|p1a: Leafeon|0 fnt\n|faint|p1a: Leafeon\n|\n|upkeep\n|\n|t:|1733784664\n|switch|p1a: Tsareena|Tsareena, L87, F|267/267\n|turn|5\n|\n|t:|1733784672\n|move|p2a: Exeggutor|Protect|p2a: Exeggutor\n|-singleturn|p2a: Exeggutor|Protect\n|move|p1a: Tsareena|High Jump Kick|p2a: Exeggutor\n|-activate|p2a: Exeggutor|move: Protect\n|-damage|p1a: Tsareena|134/267|[from] highjumpkick\n|\n|upkeep\n|turn|6\n|\n|t:|1733784679\n|switch|p2a: Luvdisc|Luvdisc, M|247/247\n|move|p1a: Tsareena|High Jump Kick|p2a: Luvdisc\n|-damage|p2a: Luvdisc|100/247\n|\n|upkeep\n|turn|7\n|\n|t:|1733784691\n|move|p2a: Luvdisc|Substitute|p2a: Luvdisc\n|-start|p2a: Luvdisc|Substitute\n|-damage|p2a: Luvdisc|39/247\n|move|p1a: Tsareena|High Jump Kick|p2a: Luvdisc\n|-end|p2a: Luvdisc|Substitute\n|\n|upkeep\n|turn|8\n|\n|t:|1733784698\n|move|p2a: Luvdisc|Endeavor|p1a: Tsareena\n|-damage|p1a: Tsareena|39/267\n|move|p1a: Tsareena|High Jump Kick|p2a: Luvdisc\n|-damage|p2a: Luvdisc|0 fnt\n|faint|p2a: Luvdisc\n|\n|upkeep\n|\n|t:|1733784710\n|switch|p2a: Gliscor|Gliscor, L76, F|239/239 tox\n|turn|9\n|\n|t:|1733784716\n|move|p2a: Gliscor|Protect|p2a: Gliscor\n|-singleturn|p2a: Gliscor|Protect\n|move|p1a: Tsareena|Power Whip|p2a: Gliscor\n|-activate|p2a: Gliscor|move: Protect\n|\n|upkeep\n|turn|10\n|\n|t:|1733784722\n|move|p2a: Gliscor|Earthquake|p1a: Tsareena\n|-resisted|p1a: Tsareena\n|-damage|p1a: Tsareena|2/267\n|move|p1a: Tsareena|Power Whip|p2a: Gliscor\n|-damage|p2a: Gliscor|100/239 tox\n|\n|-heal|p2a: Gliscor|129/239 tox|[from] ability: Poison Heal\n|upkeep\n|turn|11\n|\n|t:|1733784729\n|move|p2a: Gliscor|Protect|p2a: Gliscor\n|-singleturn|p2a: Gliscor|Protect\n|move|p1a: Tsareena|Power Whip|p2a: Gliscor\n|-activate|p2a: Gliscor|move: Protect\n|\n|-heal|p2a: Gliscor|158/239 tox|[from] ability: Poison Heal\n|upkeep\n|turn|12\n|\n|t:|1733784734\n|move|p2a: Gliscor|Substitute|p2a: Gliscor\n|-start|p2a: Gliscor|Substitute\n|-damage|p2a: Gliscor|99/239 tox\n|move|p1a: Tsareena|Power Whip|p2a: Gliscor\n|-end|p2a: Gliscor|Substitute\n|\n|-heal|p2a: Gliscor|128/239 tox|[from] ability: Poison Heal\n|upkeep\n|turn|13\n|\n|t:|1733784741\n|move|p2a: Gliscor|Protect|p2a: Gliscor\n|-singleturn|p2a: Gliscor|Protect\n|move|p1a: Tsareena|Synthesis|p1a: Tsareena\n|-heal|p1a: Tsareena|135/267\n|\n|-heal|p2a: Gliscor|157/239 tox|[from] ability: Poison Heal\n|upkeep\n|turn|14\n|\n|t:|1733784744\n|move|p2a: Gliscor|Toxic|p1a: Tsareena\n|-status|p1a: Tsareena|tox\n|move|p1a: Tsareena|Power Whip|p2a: Gliscor\n|-damage|p2a: Gliscor|21/239 tox\n|\n|-heal|p2a: Gliscor|50/239 tox|[from] ability: Poison Heal\n|-damage|p1a: Tsareena|119/267 tox|[from] psn\n|upkeep\n|turn|15\n|\n|t:|1733784749\n|move|p2a: Gliscor|Protect|p2a: Gliscor\n|-singleturn|p2a: Gliscor|Protect\n|move|p1a: Tsareena|Synthesis|p1a: Tsareena\n|-heal|p1a: Tsareena|252/267 tox\n|\n|-heal|p2a: Gliscor|79/239 tox|[from] ability: Poison Heal\n|-damage|p1a: Tsareena|220/267 tox|[from] psn\n|upkeep\n|turn|16\n|\n|t:|1733784754\n|move|p2a: Gliscor|Substitute|p2a: Gliscor\n|-start|p2a: Gliscor|Substitute\n|-damage|p2a: Gliscor|20/239 tox\n|move|p1a: Tsareena|Power Whip|p2a: Gliscor\n|-end|p2a: Gliscor|Substitute\n|\n|-heal|p2a: Gliscor|49/239 tox|[from] ability: Poison Heal\n|-damage|p1a: Tsareena|172/267 tox|[from] psn\n|upkeep\n|turn|17\n|\n|t:|1733784763\n|switch|p1a: Qwilfish|Qwilfish-Hisui, L83, M|244/244\n|-ability|p1a: Qwilfish|Intimidate|boost\n|-unboost|p2a: Gliscor|atk|1\n|move|p2a: Gliscor|Protect||[still]\n|-fail|p2a: Gliscor\n|\n|-heal|p2a: Gliscor|78/239 tox|[from] ability: Poison Heal\n|upkeep\n|turn|18\n|\n|t:|1733784771\n|move|p2a: Gliscor|Protect|p2a: Gliscor\n|-singleturn|p2a: Gliscor|Protect\n|move|p1a: Qwilfish|Taunt|p2a: Gliscor\n|-activate|p2a: Gliscor|move: Protect\n|\n|-heal|p2a: Gliscor|107/239 tox|[from] ability: Poison Heal\n|upkeep\n|turn|19\n|\n|t:|1733784779\n|move|p1a: Qwilfish|Taunt|p2a: Gliscor\n|-start|p2a: Gliscor|move: Taunt\n|move|p2a: Gliscor|Earthquake|p1a: Qwilfish\n|-supereffective|p1a: Qwilfish\n|-damage|p1a: Qwilfish|160/244\n|\n|-heal|p2a: Gliscor|136/239 tox|[from] ability: Poison Heal\n|upkeep\n|turn|20\n|\n|t:|1733784791\n|switch|p2a: Exeggutor|Exeggutor, L89, M, tera:Steel|175/312\n|move|p1a: Qwilfish|Crunch|p2a: Exeggutor\n|-damage|p2a: Exeggutor|99/312\n|-enditem|p2a: Exeggutor|Sitrus Berry|[eat]\n|-heal|p2a: Exeggutor|177/312|[from] item: Sitrus Berry\n|\n|upkeep\n|turn|21\n|\n|t:|1733784803\n|move|p1a: Qwilfish|Crunch|p2a: Exeggutor\n|-damage|p2a: Exeggutor|95/312\n|-unboost|p2a: Exeggutor|def|1\n|move|p2a: Exeggutor|Leech Seed|p1a: Qwilfish\n|-start|p1a: Qwilfish|move: Leech Seed\n|\n|-damage|p1a: Qwilfish|130/244|[from] Leech Seed|[of] p2a: Exeggutor\n|-heal|p2a: Exeggutor|125/312|[silent]\n|upkeep\n|turn|22\n|\n|t:|1733784814\n|switch|p1a: Tsareena|Tsareena, L87, F|172/267 tox\n|move|p2a: Exeggutor|Protect||[still]\n|-fail|p2a: Exeggutor\n|\n|-damage|p1a: Tsareena|156/267 tox|[from] psn\n|-item|p2a: Exeggutor|Sitrus Berry|[from] ability: Harvest\n|upkeep\n|-enditem|p2a: Exeggutor|Sitrus Berry|[eat]\n|-heal|p2a: Exeggutor|203/312|[from] item: Sitrus Berry\n|turn|23\n|\n|t:|1733784820\n|move|p2a: Exeggutor|Protect|p2a: Exeggutor\n|-singleturn|p2a: Exeggutor|Protect\n|move|p1a: Tsareena|High Jump Kick|p2a: Exeggutor\n|-activate|p2a: Exeggutor|move: Protect\n|-damage|p1a: Tsareena|23/267 tox|[from] highjumpkick\n|\n|-damage|p1a: Tsareena|0 fnt|[from] psn\n|faint|p1a: Tsareena\n|-item|p2a: Exeggutor|Sitrus Berry|[from] ability: Harvest\n|upkeep\n|\n|t:|1733784824\n|switch|p1a: Qwilfish|Qwilfish-Hisui, L83, M|130/244\n|-ability|p1a: Qwilfish|Intimidate|boost\n|-unboost|p2a: Exeggutor|atk|1\n|turn|24\n|\n|t:|1733784831\n|switch|p2a: Gliscor|Gliscor, L76, F|136/239 tox\n|move|p1a: Qwilfish|Taunt|p2a: Gliscor\n|-start|p2a: Gliscor|move: Taunt\n|\n|-heal|p2a: Gliscor|165/239 tox|[from] ability: Poison Heal\n|upkeep\n|turn|25\n|\n|t:|1733784835\n|move|p1a: Qwilfish|Crunch|p2a: Gliscor\n|-damage|p2a: Gliscor|96/239 tox\n|move|p2a: Gliscor|Earthquake|p1a: Qwilfish\n|-supereffective|p1a: Qwilfish\n|-damage|p1a: Qwilfish|2/244\n|\n|-heal|p2a: Gliscor|125/239 tox|[from] ability: Poison Heal\n|upkeep\n|turn|26\n|\n|t:|1733784842\n|move|p1a: Qwilfish|Crunch|p2a: Gliscor\n|-damage|p2a: Gliscor|55/239 tox\n|move|p2a: Gliscor|Earthquake|p1a: Qwilfish\n|-supereffective|p1a: Qwilfish\n|-damage|p1a: Qwilfish|0 fnt\n|faint|p1a: Qwilfish\n|\n|-heal|p2a: Gliscor|84/239 tox|[from] ability: Poison Heal\n|-end|p2a: Gliscor|move: Taunt\n|upkeep\n|\n|t:|1733784853\n|switch|p1a: Gurdurr|Gurdurr, L85, F|283/283\n|turn|27\n|inactive|daddysgotthepoopy has 120 seconds left.\n|\n|t:|1733784888\n|move|p2a: Gliscor|Toxic|p1a: Gurdurr\n|-status|p1a: Gurdurr|tox\n|move|p1a: Gurdurr|Knock Off|p2a: Gliscor\n|-damage|p2a: Gliscor|0 fnt\n|-enditem|p2a: Gliscor|Toxic Orb|[from] move: Knock Off|[of] p1a: Gurdurr\n|faint|p2a: Gliscor\n|\n|-damage|p1a: Gurdurr|266/283 tox|[from] psn\n|upkeep\n|\n|t:|1733784904\n|switch|p2a: Exeggutor|Exeggutor, L89, M, tera:Steel|203/312\n|turn|28\n|\n|t:|1733784910\n|move|p2a: Exeggutor|Substitute|p2a: Exeggutor\n|-start|p2a: Exeggutor|Substitute\n|-damage|p2a: Exeggutor|125/312\n|-enditem|p2a: Exeggutor|Sitrus Berry|[eat]\n|-heal|p2a: Exeggutor|203/312|[from] item: Sitrus Berry\n|move|p1a: Gurdurr|Drain Punch|p2a: Exeggutor\n|-supereffective|p2a: Exeggutor\n|-end|p2a: Exeggutor|Substitute\n|-heal|p1a: Gurdurr|283/283 tox|[from] drain|[of] p2a: Exeggutor\n|\n|-damage|p1a: Gurdurr|249/283 tox|[from] psn\n|-item|p2a: Exeggutor|Sitrus Berry|[from] ability: Harvest\n|upkeep\n|turn|29\n|inactive|daddysgotthepoopy has 120 seconds left.\n|\n|t:|1733784926\n|move|p2a: Exeggutor|Protect|p2a: Exeggutor\n|-singleturn|p2a: Exeggutor|Protect\n|move|p1a: Gurdurr|Drain Punch|p2a: Exeggutor\n|-activate|p2a: Exeggutor|move: Protect\n|\n|-damage|p1a: Gurdurr|198/283 tox|[from] psn\n|upkeep\n|turn|30\n|\n|t:|1733784939\n|move|p2a: Exeggutor|Substitute|p2a: Exeggutor\n|-start|p2a: Exeggutor|Substitute\n|-damage|p2a: Exeggutor|125/312\n|-enditem|p2a: Exeggutor|Sitrus Berry|[eat]\n|-heal|p2a: Exeggutor|203/312|[from] item: Sitrus Berry\n|move|p1a: Gurdurr|Drain Punch|p2a: Exeggutor\n|-supereffective|p2a: Exeggutor\n|-end|p2a: Exeggutor|Substitute\n|-heal|p1a: Gurdurr|237/283 tox|[from] drain|[of] p2a: Exeggutor\n|\n|-damage|p1a: Gurdurr|169/283 tox|[from] psn\n|upkeep\n|turn|31\n|\n|t:|1733784949\n|switch|p1a: Gouging Fire|Gouging Fire, L74|277/277\n|move|p2a: Exeggutor|Substitute|p2a: Exeggutor\n|-start|p2a: Exeggutor|Substitute\n|-damage|p2a: Exeggutor|125/312\n|\n|-item|p2a: Exeggutor|Sitrus Berry|[from] ability: Harvest\n|upkeep\n|-enditem|p2a: Exeggutor|Sitrus Berry|[eat]\n|-heal|p2a: Exeggutor|203/312|[from] item: Sitrus Berry\n|turn|32\n|inactive|Tareko has 120 seconds left.\n|c|\u2606Tareko|you are pathetic...and boring...lame, a bad tryhard..dont know where to stop. This is not fun anymore\n|-message|Tareko forfeited.\n|\n|win|daddysgotthepoopy\n|raw|Tareko's rating: 1303 &rarr; <strong>1282</strong><br />(-21 for losing)\n|raw|daddysgotthepoopy's rating: 1286 &rarr; <strong>1312</strong><br />(+26 for winning)\n|l|\u2606Tareko\n|player|p1|\n", "inputlog": ">version bfd83cad13791eb5a5a409923076391caf6fb4d4\n>start {\"formatid\":\"gen9randombattle\",\"seed\":[27174,12320,58632,53466],\"rated\":\"Rated battle\"}\n>player p1 {\"name\":\"Tareko\",\"avatar\":\"veteran\",\"rating\":1303,\"seed\":[43937,34860,45283,5439]}\n>player p2 {\"name\":\"daddysgotthepoopy\",\"avatar\":\"265\",\"rating\":1286,\"seed\":[34294,5866,64722,26825]}\n>p1 move substitute\n>p2 move toxic\n>p1 move swordsdance\n>p2 switch 3\n>p1 move swordsdance\n>p2 move psychicnoise\n>p1 move doubleedge\n>p2 move psychicnoise terastallize\n>p1 switch 2\n>p1 move highjumpkick\n>p2 move protect\n>p1 move highjumpkick\n>p2 switch 6\n>p1 move highjumpkick\n>p2 move substitute\n>p1 move highjumpkick\n>p2 move endeavor\n>p2 switch 3\n>p1 move powerwhip\n>p2 move protect\n>p1 move powerwhip\n>p2 move earthquake\n>p1 move powerwhip\n>p2 move protect\n>p1 move powerwhip\n>p2 move substitute\n>p1 move synthesis\n>p2 move protect\n>p1 move powerwhip\n>p2 move toxic\n>p1 move synthesis\n>p2 move protect\n>p1 move powerwhip\n>p2 move substitute\n>p1 switch 4\n>p2 move protect\n>p1 move taunt\n>p2 move protect\n>p1 move taunt\n>p2 move earthquake\n>p1 move crunch\n>p2 switch 6\n>p1 move crunch\n>p2 move leechseed\n>p1 switch 4\n>p2 move protect\n>p1 move highjumpkick\n>p2 move protect\n>p1 switch 4\n>p1 move taunt\n>p2 switch 6\n>p1 move crunch\n>p2 move earthquake\n>p1 move crunch\n>p2 move earthquake\n>p1 switch 3\n>p1 move knockoff\n>p2 move toxic\n>p2 switch 6\n>p1 move drainpunch\n>p2 move substitute\n>p1 move drainpunch\n>p2 move protect\n>p1 move drainpunch\n>p2 move substitute\n>p1 switch 6\n>p2 move substitute\n>chat \u2606Tareko|you are pathetic...and boring...lame, a bad tryhard..dont know where to stop. This is not fun anymore\n>forcelose p1", "uploadtime": 1733785023, "views": 1, "formatid": "gen9randombattle", "rating": 1282, "private": 0, "password": null}