{"id": "gen9randombattle-2260770864", "format": "[Gen 9] Random Battle", "players": ["Clack Volley", "HasyP"], "log": "|j|\u2606Clack Volley\n|j|\u2606HasyP\n|t:|1733889548\n|gametype|singles\n|player|p1|Clack Volley|gambler|1626\n|player|p2|HasyP|dawn|1619\n|teamsize|p1|6\n|teamsize|p2|6\n|gen|9\n|tier|[Gen 9] Random Battle\n|rated|\n|rule|Species Clause: Limit one of each Pok\u00e9mon\n|rule|HP Percentage Mod: HP is shown in percentages\n|rule|Sleep Clause Mod: Limit one foe put to sleep\n|rule|Illusion Level Mod: Illusion disguises the Pok\u00e9mon's true level\n|\n|t:|1733889548\n|start\n|switch|p1a: Gliscor|Gliscor, L76, F|239/239\n|switch|p2a: Krookodile|Krookodile, L80, M|283/283\n|-ability|p2a: Krookodile|Intimidate|boost\n|-unboost|p1a: Gliscor|atk|1\n|turn|1\n|inactive|Battle timer is ON: inactive players will automatically lose when time's up. (requested by HasyP)\n|\n|t:|1733889568\n|move|p2a: Krookodile|Knock Off|p1a: Gliscor\n|-damage|p1a: Gliscor|98/239\n|-enditem|p1a: Gliscor|Toxic Orb|[from] move: Knock Off|[of] p2a: Krookodile\n|move|p1a: Gliscor|Toxic|p2a: Krookodile\n|-status|p2a: Krookodile|tox\n|\n|-damage|p2a: Krookodile|266/283 tox|[from] psn\n|upkeep\n|turn|2\n|\n|t:|1733889577\n|move|p1a: Gliscor|Protect|p1a: Gliscor\n|-singleturn|p1a: Gliscor|Protect\n|move|p2a: Krookodile|Knock Off|p1a: Gliscor\n|-activate|p1a: Gliscor|move: Protect\n|\n|-damage|p2a: Krookodile|232/283 tox|[from] psn\n|upkeep\n|turn|3\n|\n|t:|1733889583\n|move|p2a: Krookodile|Knock Off|p1a: Gliscor\n|-damage|p1a: Gliscor|2/239\n|move|p1a: Gliscor|Earthquake|p2a: Krookodile\n|-damage|p2a: Krookodile|165/283 tox\n|\n|-damage|p2a: Krookodile|114/283 tox|[from] psn\n|upkeep\n|turn|4\n|\n|t:|1733889592\n|switch|p2a: Qwilfish|Qwilfish, L86, F|252/252\n|-ability|p2a: Qwilfish|Intimidate|boost\n|-unboost|p1a: Gliscor|atk|1\n|move|p1a: Gliscor|Earthquake|p2a: Qwilfish\n|-supereffective|p2a: Qwilfish\n|-damage|p2a: Qwilfish|172/252\n|\n|-heal|p2a: Qwilfish|187/252|[from] item: Leftovers\n|upkeep\n|turn|5\n|\n|t:|1733889598\n|move|p2a: Qwilfish|Waterfall|p1a: Gliscor\n|-supereffective|p1a: Gliscor\n|-damage|p1a: Gliscor|0 fnt\n|faint|p1a: Gliscor\n|\n|-heal|p2a: Qwilfish|202/252|[from] item: Leftovers\n|upkeep\n|\n|t:|1733889604\n|switch|p1a: Regieleki|Regieleki, L79|256/256\n|turn|6\n|\n|t:|1733889616\n|switch|p1a: Arboliva|Arboliva, L91, F|288/288\n|move|p2a: Qwilfish|Toxic Spikes|p1a: Arboliva\n|-sidestart|p1: Clack Volley|move: Toxic Spikes\n|\n|-heal|p2a: Qwilfish|217/252|[from] item: Leftovers\n|upkeep\n|turn|7\n|\n|t:|1733889624\n|move|p2a: Qwilfish|Gunk Shot|p1a: Arboliva\n|-supereffective|p1a: Arboliva\n|-damage|p1a: Arboliva|48/288\n|-enditem|p1a: Arboliva|Sitrus Berry|[eat]\n|-heal|p1a: Arboliva|120/288|[from] item: Sitrus Berry\n|move|p1a: Arboliva|Hyper Voice|p2a: Qwilfish\n|-damage|p2a: Qwilfish|31/252\n|\n|-heal|p2a: Qwilfish|46/252|[from] item: Leftovers\n|upkeep\n|turn|8\n|\n|t:|1733889631\n|move|p2a: Qwilfish|Gunk Shot|p1a: Arboliva\n|-supereffective|p1a: Arboliva\n|-damage|p1a: Arboliva|0 fnt\n|faint|p1a: Arboliva\n|\n|-heal|p2a: Qwilfish|61/252|[from] item: Leftovers\n|upkeep\n|\n|t:|1733889635\n|switch|p1a: Komala|Komala, L89, M|260/260\n|-ability|p1a: Komala|Comatose\n|turn|9\n|\n|t:|1733889641\n|move|p1a: Komala|Body Slam|p2a: Qwilfish\n|-damage|p2a: Qwilfish|0 fnt\n|faint|p2a: Qwilfish\n|\n|upkeep\n|\n|t:|1733889665\n|switch|p2a: Mewtwo|Mewtwo, L72|272/272\n|-ability|p2a: Mewtwo|Unnerve\n|turn|10\n|\n|t:|1733889674\n|move|p1a: Komala|Body Slam|p2a: Mewtwo\n|-damage|p2a: Mewtwo|130/272\n|move|p2a: Mewtwo|Nasty Plot|p2a: Mewtwo\n|-boost|p2a: Mewtwo|spa|2\n|\n|upkeep\n|turn|11\n|\n|t:|1733889692\n|move|p1a: Komala|Body Slam|p2a: Mewtwo\n|-damage|p2a: Mewtwo|0 fnt\n|faint|p2a: Mewtwo\n|\n|upkeep\n|\n|t:|1733889703\n|switch|p2a: Cramorant|Cramorant, L86, M|261/261\n|turn|12\n|\n|t:|1733889707\n|move|p1a: Komala|Body Slam|p2a: Cramorant\n|-damage|p2a: Cramorant|104/261\n|move|p2a: Cramorant|Brave Bird|p1a: Komala\n|-damage|p1a: Komala|127/260\n|-damage|p2a: Cramorant|60/261|[from] Recoil\n|\n|upkeep\n|turn|13\n|\n|t:|1733889718\n|move|p1a: Komala|Body Slam|p2a: Cramorant\n|-damage|p2a: Cramorant|0 fnt\n|faint|p2a: Cramorant\n|\n|upkeep\n|\n|t:|1733889726\n|switch|p2a: Krookodile|Krookodile, L80, M|114/283 tox\n|-ability|p2a: Krookodile|Intimidate|boost\n|-unboost|p1a: Komala|atk|1\n|turn|14\n|\n|t:|1733889730\n|move|p1a: Komala|Body Slam|p2a: Krookodile\n|-damage|p2a: Krookodile|20/283 tox\n|move|p2a: Krookodile|Knock Off|p1a: Komala\n|-damage|p1a: Komala|0 fnt\n|-enditem|p1a: Komala|Choice Scarf|[from] move: Knock Off|[of] p2a: Krookodile\n|faint|p1a: Komala\n|\n|-damage|p2a: Krookodile|3/283 tox|[from] psn\n|upkeep\n|\n|t:|1733889733\n|switch|p1a: Regieleki|Regieleki, L79|256/256\n|-status|p1a: Regieleki|psn\n|turn|15\n|\n|t:|1733889736\n|move|p1a: Regieleki|Rapid Spin|p2a: Krookodile\n|-damage|p2a: Krookodile|0 fnt\n|-boost|p1a: Regieleki|spe|1\n|-sideend|p1: Clack Volley|Toxic Spikes|[from] move: Rapid Spin|[of] p1a: Regieleki\n|faint|p2a: Krookodile\n|\n|-damage|p1a: Regieleki|224/256 psn|[from] psn\n|upkeep\n|\n|t:|1733889741\n|switch|p2a: Illumise|Illumise, L91, F|266/266\n|turn|16\n|\n|t:|1733889746\n|move|p2a: Illumise|Encore|p1a: Regieleki\n|-start|p1a: Regieleki|Encore\n|move|p1a: Regieleki|Rapid Spin|p2a: Illumise\n|-damage|p2a: Illumise|230/266\n|-boost|p1a: Regieleki|spe|1\n|\n|-damage|p1a: Regieleki|192/256 psn|[from] psn\n|upkeep\n|turn|17\n|\n|t:|1733889756\n|switch|p1a: Luvdisc|Luvdisc, F|247/247\n|move|p2a: Illumise|Bug Buzz|p1a: Luvdisc\n|-damage|p1a: Luvdisc|148/247\n|\n|upkeep\n|turn|18\n|\n|t:|1733889765\n|switch|p1a: Regieleki|Regieleki, L79|192/256 psn\n|move|p2a: Illumise|Bug Buzz|p1a: Regieleki\n|-damage|p1a: Regieleki|62/256 psn\n|\n|-damage|p1a: Regieleki|30/256 psn|[from] psn\n|upkeep\n|turn|19\n|\n|t:|1733889782\n|move|p2a: Illumise|Roost|p2a: Illumise\n|-heal|p2a: Illumise|266/266\n|-singleturn|p2a: Illumise|move: Roost\n|move|p1a: Regieleki|Thunderbolt|p2a: Illumise\n|-damage|p2a: Illumise|140/266\n|\n|-damage|p1a: Regieleki|0 fnt|[from] psn\n|faint|p1a: Regieleki\n|upkeep\n|\n|t:|1733889785\n|switch|p1a: Luvdisc|Luvdisc, F|148/247\n|turn|20\n|\n|t:|1733889795\n|move|p1a: Luvdisc|Surf|p2a: Illumise\n|-crit|p2a: Illumise\n|-damage|p2a: Illumise|31/266\n|move|p2a: Illumise|Bug Buzz|p1a: Luvdisc\n|-damage|p1a: Luvdisc|48/247\n|\n|upkeep\n|turn|21\n|\n|t:|1733889802\n|move|p2a: Illumise|Roost|p2a: Illumise\n|-heal|p2a: Illumise|164/266\n|-singleturn|p2a: Illumise|move: Roost\n|move|p1a: Luvdisc|Surf|p2a: Illumise\n|-damage|p2a: Illumise|92/266\n|\n|upkeep\n|turn|22\n|\n|t:|1733889807\n|move|p1a: Luvdisc|Surf|p2a: Illumise\n|-damage|p2a: Illumise|25/266\n|move|p2a: Illumise|Bug Buzz|p1a: Luvdisc\n|-damage|p1a: Luvdisc|0 fnt\n|faint|p1a: Luvdisc\n|\n|upkeep\n|\n|t:|1733889813\n|switch|p1a: Iron Valiant|Iron Valiant, L78|244/244\n|turn|23\n|\n|t:|1733889818\n|-terastallize|p1a: Iron Valiant|Dark\n|move|p2a: Illumise|Thunder Wave|p1a: Iron Valiant\n|-hint|Since gen 7, Dark is immune to Prankster moves.\n|-immune|p1a: Iron Valiant\n|move|p1a: Iron Valiant|Swords Dance|p1a: Iron Valiant\n|-boost|p1a: Iron Valiant|atk|2\n|\n|upkeep\n|turn|24\n|\n|t:|1733889829\n|move|p1a: Iron Valiant|Knock Off|p2a: Illumise\n|-damage|p2a: Illumise|0 fnt\n|-enditem|p2a: Illumise|Heavy-Duty Boots|[from] move: Knock Off|[of] p1a: Iron Valiant\n|faint|p2a: Illumise\n|-damage|p1a: Iron Valiant|220/244|[from] item: Life Orb\n|\n|upkeep\n|\n|t:|1733889834\n|switch|p2a: Necrozma|Necrozma, L80|286/286\n|turn|25\n|\n|t:|1733889854\n|-terastallize|p2a: Necrozma|Ground\n|move|p1a: Iron Valiant|Knock Off|p2a: Necrozma\n|-damage|p2a: Necrozma|0 fnt\n|-enditem|p2a: Necrozma|Leftovers|[from] move: Knock Off|[of] p1a: Iron Valiant\n|faint|p2a: Necrozma\n|-damage|p1a: Iron Valiant|196/244|[from] item: Life Orb\n|\n|win|Clack Volley\n|raw|Clack Volley's rating: 1626 &rarr; <strong>1646</strong><br />(+20 for winning)\n|raw|HasyP's rating: 1619 &rarr; <strong>1599</strong><br />(-20 for losing)\n", "inputlog": ">version bfd83cad13791eb5a5a409923076391caf6fb4d4\n>start {\"formatid\":\"gen9randombattle\",\"seed\":[10934,12638,15051,48981],\"rated\":\"Rated battle\"}\n>player p1 {\"name\":\"Clack Volley\",\"avatar\":\"gambler\",\"rating\":1626,\"seed\":[29811,9423,34194,59822]}\n>player p2 {\"name\":\"HasyP\",\"avatar\":\"dawn\",\"rating\":1619,\"seed\":[42600,55704,26135,41382]}\n>p1 move toxic\n>p2 move knockoff\n>p1 move protect\n>p2 move knockoff\n>p1 move earthquake\n>p2 move knockoff\n>p1 move earthquake\n>p2 switch 3\n>p1 move earthquake\n>p2 move waterfall\n>p1 switch 2\n>p1 switch 6\n>p2 move toxicspikes\n>p1 move hypervoice\n>p2 move gunkshot\n>p1 move hypervoice\n>p2 move gunkshot\n>p1 switch 5\n>p1 move bodyslam\n>p2 move destinybond\n>p2 switch 2\n>p1 move bodyslam\n>p2 move nastyplot\n>p1 move bodyslam\n>p2 move psystrike\n>p2 switch 5\n>p1 move bodyslam\n>p2 move bravebird\n>p1 move bodyslam\n>p2 move surf\n>p2 switch 3\n>p1 move bodyslam\n>p2 move knockoff\n>p1 switch 6\n>p1 move rapidspin\n>p2 move knockoff\n>p2 switch 4\n>p1 move thunderbolt\n>p2 move encore\n>p1 switch 4\n>p2 move bugbuzz\n>p1 switch 4\n>p2 move bugbuzz\n>p1 move thunderbolt\n>p2 move roost\n>p1 switch 4\n>p1 move surf\n>p2 move bugbuzz\n>p1 move surf\n>p2 move roost\n>p1 move surf\n>p2 move bugbuzz\n>p1 switch 3\n>p1 move swordsdance terastallize\n>p2 move thunderwave\n>p1 move knockoff\n>p2 move bugbuzz\n>p2 switch 6\n>p1 move knockoff\n>p2 move earthpower terastallize", "uploadtime": 1733889856, "views": 12, "formatid": "gen9randombattle", "rating": 1599, "private": 0, "password": null}