{"id": "gen9randombattle-2260864580", "format": "[Gen 9] Random Battle", "players": ["SonicSplasher", "MangoMyke"], "log": "|j|\u2606SonicSplasher\n|j|\u2606MangoMyke\n|t:|1733906795\n|gametype|singles\n|player|p1|SonicSplasher|unknown|1072\n|player|p2|MangoMyke|170|1019\n|teamsize|p1|6\n|teamsize|p2|6\n|gen|9\n|tier|[Gen 9] Random Battle\n|rated|\n|rule|Species Clause: Limit one of each Pok\u00e9mon\n|rule|HP Percentage Mod: HP is shown in percentages\n|rule|Sleep Clause Mod: Limit one foe put to sleep\n|rule|Illusion Level Mod: Illusion disguises the Pok\u00e9mon's true level\n|\n|t:|1733906795\n|start\n|switch|p1a: Flutter Mane|Flutter Mane, L74|203/203\n|switch|p2a: Umbreon|Umbreon, L84, M|297/297\n|turn|1\n|\n|t:|1733906837\n|move|p1a: Flutter Mane|Moonblast|p2a: Umbreon\n|-supereffective|p2a: Umbreon\n|-damage|p2a: Umbreon|115/297\n|-damage|p1a: Flutter Mane|183/203|[from] item: Life Orb\n|move|p2a: Umbreon|Toxic|p1a: Flutter Mane\n|-status|p1a: Flutter Mane|tox\n|\n|-heal|p2a: Umbreon|133/297|[from] item: Leftovers\n|-damage|p1a: Flutter Mane|171/203 tox|[from] psn\n|upkeep\n|turn|2\n|\n|t:|1733906860\n|move|p2a: Umbreon|Protect|p2a: Umbreon\n|-singleturn|p2a: Umbreon|Protect\n|move|p1a: Flutter Mane|Moonblast|p2a: Umbreon\n|-activate|p2a: Umbreon|move: Protect\n|\n|-heal|p2a: Umbreon|151/297|[from] item: Leftovers\n|-damage|p1a: Flutter Mane|147/203 tox|[from] psn\n|upkeep\n|turn|3\n|\n|t:|1733906876\n|move|p1a: Flutter Mane|Calm Mind|p1a: Flutter Mane\n|-boost|p1a: Flutter Mane|spa|1\n|-boost|p1a: Flutter Mane|spd|1\n|move|p2a: Umbreon|Wish|p2a: Umbreon\n|\n|-heal|p2a: Umbreon|169/297|[from] item: Leftovers\n|-damage|p1a: Flutter Mane|111/203 tox|[from] psn\n|upkeep\n|turn|4\n|\n|t:|1733906884\n|move|p1a: Flutter Mane|Moonblast|p2a: Umbreon\n|-supereffective|p2a: Umbreon\n|-damage|p2a: Umbreon|0 fnt\n|faint|p2a: Umbreon\n|-damage|p1a: Flutter Mane|91/203 tox|[from] item: Life Orb\n|\n|-damage|p1a: Flutter Mane|43/203 tox|[from] psn\n|upkeep\n|\n|t:|1733906905\n|switch|p2a: Solgaleo|Solgaleo, L74|325/325\n|turn|5\n|\n|t:|1733906931\n|-terastallize|p1a: Flutter Mane|Ghost\n|-terastallize|p2a: Solgaleo|Water\n|move|p1a: Flutter Mane|Shadow Ball|p2a: Solgaleo\n|-damage|p2a: Solgaleo|88/325\n|-damage|p1a: Flutter Mane|23/203 tox|[from] item: Life Orb\n|move|p2a: Solgaleo|Sunsteel Strike|p1a: Flutter Mane\n|-damage|p1a: Flutter Mane|0 fnt\n|faint|p1a: Flutter Mane\n|-end|p1a: Flutter Mane|Protosynthesis|[silent]\n|\n|-heal|p2a: Solgaleo|108/325|[from] item: Leftovers\n|upkeep\n|\n|t:|1733906965\n|switch|p1a: Shiftry|Shiftry, L89, M|305/305\n|turn|6\n|\n|t:|1733906978\n|move|p1a: Shiftry|Leaf Blade|p2a: Solgaleo\n|-supereffective|p2a: Solgaleo\n|-damage|p2a: Solgaleo|0 fnt\n|faint|p2a: Solgaleo\n|-damage|p1a: Shiftry|275/305|[from] item: Life Orb\n|\n|upkeep\n|\n|t:|1733906990\n|switch|p2a: Gumshoos|Gumshoos, L95, M|321/321\n|turn|7\n|\n|t:|1733907014\n|move|p1a: Shiftry|Swords Dance|p1a: Shiftry\n|-boost|p1a: Shiftry|atk|2\n|move|p2a: Gumshoos|U-turn|p1a: Shiftry\n|-supereffective|p1a: Shiftry\n|-damage|p1a: Shiftry|0 fnt\n|faint|p1a: Shiftry\n|\n|t:|1733907025\n|switch|p2a: Dusknoir|Dusknoir, L89, M|225/225|[from] U-turn\n|\n|upkeep\n|\n|t:|1733907040\n|switch|p1a: Kingambit|Kingambit, L74, M|270/270\n|-activate|p1a: Kingambit|ability: Supreme Overlord\n|-start|p1a: Kingambit|fallen2|[silent]\n|turn|8\n|\n|t:|1733907080\n|-singleturn|p2a: Dusknoir|move: Focus Punch\n|move|p1a: Kingambit|Kowtow Cleave|p2a: Dusknoir\n|-supereffective|p2a: Dusknoir\n|-damage|p2a: Dusknoir|69/225\n|cant|p2a: Dusknoir|Focus Punch|Focus Punch\n|\n|-heal|p2a: Dusknoir|83/225|[from] item: Leftovers\n|upkeep\n|turn|9\n|\n|t:|1733907101\n|-singleturn|p2a: Dusknoir|move: Focus Punch\n|move|p1a: Kingambit|Sucker Punch|p2a: Dusknoir\n|-supereffective|p2a: Dusknoir\n|-damage|p2a: Dusknoir|0 fnt\n|faint|p2a: Dusknoir\n|\n|upkeep\n|\n|t:|1733907117\n|switch|p2a: Gumshoos|Gumshoos, L95, M|321/321\n|turn|10\n|\n|t:|1733907125\n|move|p2a: Gumshoos|Earthquake|p1a: Kingambit\n|-supereffective|p1a: Kingambit\n|-damage|p1a: Kingambit|0 fnt\n|faint|p1a: Kingambit\n|-end|p1a: Kingambit|fallen2|[silent]\n|\n|upkeep\n|\n|t:|1733907138\n|switch|p1a: Tauros|Tauros, L82, M|257/257\n|turn|11\n|\n|t:|1733907148\n|move|p1a: Tauros|Close Combat|p2a: Gumshoos\n|-supereffective|p2a: Gumshoos\n|-damage|p2a: Gumshoos|61/321\n|-unboost|p1a: Tauros|def|1\n|-unboost|p1a: Tauros|spd|1\n|-damage|p1a: Tauros|232/257|[from] item: Life Orb\n|move|p2a: Gumshoos|Earthquake|p1a: Tauros\n|-damage|p1a: Tauros|0 fnt\n|faint|p1a: Tauros\n|\n|upkeep\n|\n|t:|1733907159\n|switch|p1a: Magmortar|Magmortar, L88, F|275/275\n|turn|12\n|\n|t:|1733907166\n|move|p1a: Magmortar|Focus Blast|p2a: Gumshoos\n|-supereffective|p2a: Gumshoos\n|-damage|p2a: Gumshoos|0 fnt\n|faint|p2a: Gumshoos\n|\n|upkeep\n|\n|t:|1733907170\n|switch|p2a: Dunsparce|Dunsparce, L86, F|312/312\n|turn|13\n|\n|t:|1733907175\n|move|p1a: Magmortar|Focus Blast|p2a: Dunsparce|[miss]\n|-miss|p1a: Magmortar|p2a: Dunsparce\n|move|p2a: Dunsparce|Earthquake|p1a: Magmortar\n|-supereffective|p1a: Magmortar\n|-damage|p1a: Magmortar|139/275\n|\n|upkeep\n|turn|14\n|\n|t:|1733907186\n|move|p1a: Magmortar|Focus Blast|p2a: Dunsparce|[miss]\n|-miss|p1a: Magmortar|p2a: Dunsparce\n|move|p2a: Dunsparce|Earthquake|p1a: Magmortar\n|-supereffective|p1a: Magmortar\n|-damage|p1a: Magmortar|0 fnt\n|faint|p1a: Magmortar\n|\n|upkeep\n|\n|t:|1733907195\n|switch|p1a: Metagross|Metagross, L79|256/256\n|turn|15\n|\n|t:|1733907204\n|move|p1a: Metagross|Knock Off|p2a: Dunsparce\n|-damage|p2a: Dunsparce|216/312\n|-enditem|p2a: Dunsparce|Eviolite|[from] move: Knock Off|[of] p1a: Metagross\n|move|p2a: Dunsparce|Earthquake|p1a: Metagross\n|-supereffective|p1a: Metagross\n|-damage|p1a: Metagross|166/256\n|\n|upkeep\n|turn|16\n|\n|t:|1733907221\n|move|p1a: Metagross|Knock Off|p2a: Dunsparce\n|-damage|p2a: Dunsparce|124/312\n|move|p2a: Dunsparce|Earthquake|p1a: Metagross\n|-supereffective|p1a: Metagross\n|-damage|p1a: Metagross|72/256\n|\n|upkeep\n|turn|17\n|\n|t:|1733907232\n|move|p1a: Metagross|Knock Off|p2a: Dunsparce\n|-damage|p2a: Dunsparce|38/312\n|move|p2a: Dunsparce|Earthquake|p1a: Metagross\n|-supereffective|p1a: Metagross\n|-damage|p1a: Metagross|0 fnt\n|faint|p1a: Metagross\n|\n|win|MangoMyke\n|raw|SonicSplasher's rating: 1072 &rarr; <strong>1048</strong><br />(-24 for losing)\n|raw|MangoMyke's rating: 1019 &rarr; <strong>1062</strong><br />(+43 for winning)\n|l|\u2606SonicSplasher\n|player|p1|\n", "inputlog": ">version bfd83cad13791eb5a5a409923076391caf6fb4d4\n>start {\"formatid\":\"gen9randombattle\",\"seed\":[51967,28644,17422,56291],\"rated\":\"Rated battle\"}\n>player p1 {\"name\":\"SonicSplasher\",\"avatar\":\"unknown\",\"rating\":1072,\"seed\":[64116,9900,3074,12615]}\n>player p2 {\"name\":\"MangoMyke\",\"avatar\":\"170\",\"rating\":1019,\"seed\":[7917,25896,62766,36625]}\n>p1 move moonblast\n>p2 move toxic\n>p1 move moonblast\n>p2 move protect\n>p1 move calmmind\n>p2 move wish\n>p1 move moonblast\n>p2 move foulplay\n>p2 switch 6\n>p1 move shadowball terastallize\n>p2 move sunsteelstrike terastallize\n>p1 switch 3\n>p1 move leafblade\n>p2 move closecombat\n>p2 switch 2\n>p1 move swordsdance\n>p2 move uturn\n>p2 switch 4\n>p1 switch 4\n>p1 move kowtowcleave\n>p2 move focuspunch\n>p1 move suckerpunch\n>p2 move focuspunch\n>p2 switch 4\n>p1 move swordsdance\n>p2 move earthquake\n>p1 switch 5\n>p1 move closecombat\n>p2 move earthquake\n>p1 switch 6\n>p1 move focusblast\n>p2 move earthquake\n>p2 switch 3\n>p1 move focusblast\n>p2 move earthquake\n>p1 move focusblast\n>p2 move earthquake\n>p1 switch 2\n>p1 move knockoff\n>p2 move earthquake\n>p1 move knockoff\n>p2 move earthquake\n>p1 move knockoff\n>p2 move earthquake", "uploadtime": 1733907255, "views": 7, "formatid": "gen9randombattle", "rating": 1048, "private": 0, "password": null}