{"id": "gen9randombattle-2216803721", "format": "[Gen 9] Random Battle", "players": ["Node", "rl4t boris"], "log": "|j|\u2606Node\n|j|\u2606rl4t boris\n|t:|1728175125\n|gametype|singles\n|player|p1|Node|#agplviblackpink|2262\n|player|p2|rl4t boris|265|2365\n|teamsize|p1|6\n|teamsize|p2|6\n|gen|9\n|tier|[Gen 9] Random Battle\n|rated|\n|rule|Species Clause: Limit one of each Pok\u00e9mon\n|rule|HP Percentage Mod: HP is shown in percentages\n|rule|Sleep Clause Mod: Limit one foe put to sleep\n|rule|Illusion Level Mod: Illusion disguises the Pok\u00e9mon's true level\n|\n|t:|1728175125\n|start\n|switch|p1a: Arbok|Arbok, L87, M|246/246\n|switch|p2a: Meganium|Meganium, L90, M|290/290\n|-ability|p1a: Arbok|Intimidate|boost\n|-unboost|p2a: Meganium|atk|1\n|turn|1\n|inactive|Battle timer is ON: inactive players will automatically lose when time's up. (requested by rl4t boris)\n|\n|t:|1728175142\n|move|p2a: Meganium|Knock Off|p1a: Arbok\n|-damage|p1a: Arbok|193/246\n|-enditem|p1a: Arbok|Life Orb|[from] move: Knock Off|[of] p2a: Meganium\n|move|p1a: Arbok|Gunk Shot|p2a: Meganium\n|-supereffective|p2a: Meganium\n|-crit|p2a: Meganium\n|-damage|p2a: Meganium|0 fnt\n|faint|p2a: Meganium\n|\n|upkeep\n|\n|t:|1728175152\n|switch|p2a: Iron Crown|Iron Crown, L79|272/272\n|turn|2\n|\n|t:|1728175158\n|switch|p1a: Heatran|Heatran, L79, F|273/273\n|-item|p1a: Heatran|Air Balloon\n|move|p2a: Iron Crown|Calm Mind|p2a: Iron Crown\n|-boost|p2a: Iron Crown|spa|1\n|-boost|p2a: Iron Crown|spd|1\n|\n|upkeep\n|turn|3\n|\n|t:|1728175163\n|move|p2a: Iron Crown|Calm Mind|p2a: Iron Crown\n|-boost|p2a: Iron Crown|spa|1\n|-boost|p2a: Iron Crown|spd|1\n|move|p1a: Heatran|Stealth Rock|p2a: Iron Crown\n|-sidestart|p2: rl4t boris|move: Stealth Rock\n|\n|upkeep\n|turn|4\n|\n|t:|1728175167\n|switch|p1a: Illumise|Illumise, L91, F|266/266\n|move|p2a: Iron Crown|Focus Blast|p1a: Illumise|[miss]\n|-miss|p2a: Iron Crown|p1a: Illumise\n|\n|upkeep\n|turn|5\n|\n|t:|1728175173\n|move|p1a: Illumise|Encore|p2a: Iron Crown\n|-start|p2a: Iron Crown|Encore\n|move|p2a: Iron Crown|Focus Blast|p1a: Illumise\n|-resisted|p1a: Illumise\n|-damage|p1a: Illumise|186/266\n|\n|upkeep\n|turn|6\n|\n|t:|1728175179\n|-end|p2a: Iron Crown|Quark Drive|[silent]\n|switch|p2a: Groudon|Groudon, L72|263/263\n|-damage|p2a: Groudon|247/263|[from] Stealth Rock\n|-weather|SunnyDay|[from] ability: Drought|[of] p2a: Groudon\n|move|p1a: Illumise|Roost|p1a: Illumise\n|-heal|p1a: Illumise|266/266\n|-singleturn|p1a: Illumise|move: Roost\n|\n|-weather|SunnyDay|[upkeep]\n|-heal|p2a: Groudon|263/263|[from] item: Leftovers\n|upkeep\n|turn|7\n|\n|t:|1728175193\n|switch|p1a: Heatran|Heatran, L79, F|273/273\n|-item|p1a: Heatran|Air Balloon\n|switch|p2a: Regieleki|Regieleki, L79|256/256\n|-damage|p2a: Regieleki|224/256|[from] Stealth Rock\n|\n|-weather|SunnyDay|[upkeep]\n|upkeep\n|turn|8\n|\n|t:|1728175203\n|switch|p1a: Giratina|Giratina, L75|349/349\n|-ability|p1a: Giratina|Pressure\n|move|p2a: Regieleki|Volt Switch|p1a: Giratina\n|-resisted|p1a: Giratina\n|-damage|p1a: Giratina|304/349\n|\n|t:|1728175209\n|switch|p2a: Lokix|Lokix, L82, F|251/251|[from] Volt Switch\n|-damage|p2a: Lokix|189/251|[from] Stealth Rock\n|\n|-weather|SunnyDay|[upkeep]\n|-heal|p1a: Giratina|325/349|[from] item: Leftovers\n|upkeep\n|turn|9\n|\n|t:|1728175222\n|switch|p1a: Arbok|Arbok, L87, M|193/246\n|-ability|p1a: Arbok|Intimidate|boost\n|-unboost|p2a: Lokix|atk|1\n|move|p2a: Lokix|Swords Dance|p2a: Lokix\n|-boost|p2a: Lokix|atk|2\n|\n|-weather|SunnyDay|[upkeep]\n|upkeep\n|turn|10\n|\n|t:|1728175242\n|move|p2a: Lokix|Swords Dance|p2a: Lokix\n|-boost|p2a: Lokix|atk|2\n|move|p1a: Arbok|Gunk Shot|p2a: Lokix|[miss]\n|-miss|p1a: Arbok|p2a: Lokix\n|\n|-weather|none\n|upkeep\n|turn|11\n|c|\u2606Node|why\n|\n|t:|1728175256\n|move|p2a: Lokix|Leech Life|p1a: Arbok\n|-resisted|p1a: Arbok\n|-damage|p1a: Arbok|0 fnt\n|-heal|p2a: Lokix|251/251|[from] drain|[of] p1a: Arbok\n|faint|p1a: Arbok\n|-damage|p2a: Lokix|226/251|[from] item: Life Orb\n|\n|upkeep\n|c|\u2606rl4t boris|idk\n|\n|t:|1728175278\n|switch|p1a: Chesnaught|Chesnaught, L84, F|285/285\n|turn|12\n|\n|t:|1728175300\n|-terastallize|p2a: Lokix|Dark\n|move|p2a: Lokix|Knock Off|p1a: Chesnaught\n|-resisted|p1a: Chesnaught\n|-damage|p1a: Chesnaught|0 fnt\n|-enditem|p1a: Chesnaught|Leftovers|[from] move: Knock Off|[of] p2a: Lokix\n|faint|p1a: Chesnaught\n|-damage|p2a: Lokix|201/251|[from] item: Life Orb\n|\n|upkeep\n|inactive|Node has 120 seconds left.\n|\n|t:|1728175334\n|switch|p1a: Giratina|Giratina, L75|325/349\n|-ability|p1a: Giratina|Pressure\n|turn|13\n|\n|t:|1728175341\n|-terastallize|p1a: Giratina|Fairy\n|move|p2a: Lokix|Knock Off|p1a: Giratina\n|-resisted|p1a: Giratina\n|-damage|p1a: Giratina|0 fnt\n|-enditem|p1a: Giratina|Leftovers|[from] move: Knock Off|[of] p2a: Lokix\n|faint|p1a: Giratina\n|-damage|p2a: Lokix|176/251|[from] item: Life Orb\n|\n|upkeep\n|\n|t:|1728175347\n|switch|p1a: Dugtrio|Dugtrio-Alola, L84, M|196/196\n|turn|14\n|\n|t:|1728175359\n|move|p1a: Dugtrio|Earthquake|p2a: Lokix\n|-damage|p2a: Lokix|15/251\n|-damage|p1a: Dugtrio|177/196|[from] item: Life Orb\n|move|p2a: Lokix|Leech Life|p1a: Dugtrio\n|-resisted|p1a: Dugtrio\n|-crit|p1a: Dugtrio\n|-damage|p1a: Dugtrio|0 fnt\n|-heal|p2a: Lokix|104/251|[from] drain|[of] p1a: Dugtrio\n|-ability|p1a: Dugtrio|Tangling Hair\n|-unboost|p2a: Lokix|spe|1\n|faint|p1a: Dugtrio\n|-damage|p2a: Lokix|79/251|[from] item: Life Orb\n|\n|upkeep\n|\n|t:|1728175369\n|switch|p1a: Illumise|Illumise, L91, F|266/266\n|turn|15\n|\n|t:|1728175371\n|move|p2a: Lokix|Sucker Punch|p1a: Illumise\n|-damage|p1a: Illumise|0 fnt\n|faint|p1a: Illumise\n|-damage|p2a: Lokix|54/251|[from] item: Life Orb\n|\n|upkeep\n|\n|t:|1728175373\n|switch|p1a: Heatran|Heatran, L79, F|273/273\n|-item|p1a: Heatran|Air Balloon\n|turn|16\n|\n|t:|1728175377\n|move|p2a: Lokix|Sucker Punch|p1a: Heatran\n|-damage|p1a: Heatran|3/273\n|-enditem|p1a: Heatran|Air Balloon\n|-damage|p2a: Lokix|29/251|[from] item: Life Orb\n|move|p1a: Heatran|Lava Plume|p2a: Lokix\n|-damage|p2a: Lokix|0 fnt\n|faint|p2a: Lokix\n|\n|upkeep\n|\n|t:|1728175379\n|switch|p2a: Regieleki|Regieleki, L79|224/256\n|-damage|p2a: Regieleki|192/256|[from] Stealth Rock\n|turn|17\n|-message|Node forfeited.\n|\n|win|rl4t boris\n|raw|Node's rating: 2262 &rarr; <strong>2248</strong><br />(-14 for losing)\n|raw|rl4t boris's rating: 2365 &rarr; <strong>2379</strong><br />(+14 for winning)\n|l|\u2606Node\n|player|p1|\n", "inputlog": ">version 86ae7daf8e420bb3f6c82a6a988ddcc1b1aa7e58\n>start {\"formatid\":\"gen9randombattle\",\"seed\":[11707,5993,61571,34878],\"rated\":\"Rated battle\"}\n>player p1 {\"name\":\"Node\",\"avatar\":\"#agplviblackpink\",\"rating\":2262,\"seed\":[41193,3327,4286,33140]}\n>player p2 {\"name\":\"rl4t boris\",\"avatar\":\"265\",\"rating\":2365,\"seed\":[12415,45076,11987,49605]}\n>p1 move gunkshot\n>p2 move knockoff\n>p2 switch 5\n>p1 switch 6\n>p2 move calmmind\n>p1 move stealthrock\n>p2 move calmmind\n>p1 switch 4\n>p2 move focusblast\n>p1 move encore\n>p2 move tachyoncutter\n>p1 move roost\n>p2 switch 3\n>p1 switch 4\n>p2 switch 2\n>p1 switch 3\n>p2 move voltswitch\n>p2 switch 4\n>p1 switch 6\n>p2 move swordsdance\n>p1 move gunkshot\n>p2 move swordsdance\n>chat \u2606Node|why\n>p1 move gunkshot\n>p2 move leechlife\n>chat \u2606rl4t boris|idk\n>p1 switch 2\n>p1 move bodypress\n>p2 move knockoff terastallize\n>p1 switch 6\n>p1 move dragontail terastallize\n>p2 move knockoff\n>p1 switch 5\n>p1 move earthquake\n>p2 move leechlife\n>p1 switch 4\n>p1 move bugbuzz\n>p2 move suckerpunch\n>p1 switch 3\n>p1 move lavaplume\n>p2 move suckerpunch\n>p2 switch 4\n>forcelose p1", "uploadtime": 1728175386, "views": 72, "formatid": "gen9randombattle", "rating": 2248, "private": 0, "password": null}