{"id": "gen9randombattle-2260355839", "format": "[Gen 9] Random Battle", "players": ["Gloriousplays", "useemstohavefun"], "log": "|badge|p1|bronze|gen9doublesou|100-3\n|uhtml|medal-msg|<div class=\"broadcast-blue\">Curious what those medals under the avatar are? PS now has Ladder Seasons! For more information, check out the <a href=\"https://www.smogon.com/forums/threads/3740067/\">thread on Smogon.</a></div>\n|badge|p2|bronze|gen9randombattle|100-3\n|uhtml|medal-msg|<div class=\"broadcast-blue\">Curious what those medals under the avatar are? PS now has Ladder Seasons! For more information, check out the <a href=\"https://www.smogon.com/forums/threads/3740067/\">thread on Smogon.</a></div>\n|j|\u2606Gloriousplays\n|j|\u2606useemstohavefun\n|t:|1733843421\n|gametype|singles\n|player|p1|Gloriousplays|ash|2266\n|player|p2|useemstohavefun|thorton|2292\n|teamsize|p1|6\n|teamsize|p2|6\n|gen|9\n|tier|[Gen 9] Random Battle\n|rated|\n|rule|Species Clause: Limit one of each Pok\u00e9mon\n|rule|HP Percentage Mod: HP is shown in percentages\n|rule|Sleep Clause Mod: Limit one foe put to sleep\n|rule|Illusion Level Mod: Illusion disguises the Pok\u00e9mon's true level\n|\n|t:|1733843421\n|start\n|switch|p1a: Palossand|Palossand, L89, M|296/296\n|switch|p2a: Salazzle|Salazzle, L83, F|249/249\n|turn|1\n|inactive|Battle timer is ON: inactive players will automatically lose when time's up. (requested by useemstohavefun)\n|j| TheArsenal1886\n|\n|t:|1733843444\n|switch|p2a: Vikavolt|Vikavolt, L83, M|263/263\n|move|p1a: Palossand|Earth Power|p2a: Vikavolt\n|-immune|p2a: Vikavolt|[from] ability: Levitate\n|\n|upkeep\n|turn|2\n|\n|t:|1733843452\n|move|p2a: Vikavolt|Sticky Web|p1a: Palossand\n|-sidestart|p1: Gloriousplays|move: Sticky Web\n|move|p1a: Palossand|Shadow Ball|p2a: Vikavolt\n|-damage|p2a: Vikavolt|148/263\n|\n|upkeep\n|turn|3\n|\n|t:|1733843458\n|move|p2a: Vikavolt|Energy Ball|p1a: Palossand\n|-supereffective|p1a: Palossand\n|-damage|p1a: Palossand|98/296\n|move|p1a: Palossand|Shadow Ball|p2a: Vikavolt\n|-damage|p2a: Vikavolt|46/263\n|\n|-heal|p1a: Palossand|116/296|[from] item: Leftovers\n|upkeep\n|turn|4\n|\n|t:|1733843462\n|switch|p1a: Probopass|Probopass, L92, M|260/260\n|-activate|p1a: Probopass|move: Sticky Web\n|-unboost|p1a: Probopass|spe|1\n|move|p2a: Vikavolt|Energy Ball|p1a: Probopass\n|-damage|p1a: Probopass|208/260\n|\n|-heal|p1a: Probopass|224/260|[from] item: Leftovers\n|upkeep\n|turn|5\n|\n|t:|1733843475\n|move|p2a: Vikavolt|Discharge|p1a: Probopass\n|-damage|p1a: Probopass|160/260\n|-status|p1a: Probopass|par\n|move|p1a: Probopass|Iron Defense|p1a: Probopass\n|-boost|p1a: Probopass|def|2\n|\n|-heal|p1a: Probopass|176/260 par|[from] item: Leftovers\n|upkeep\n|turn|6\n|\n|t:|1733843481\n|move|p2a: Vikavolt|Discharge|p1a: Probopass\n|-damage|p1a: Probopass|109/260 par\n|cant|p1a: Probopass|par\n|\n|-heal|p1a: Probopass|125/260 par|[from] item: Leftovers\n|upkeep\n|turn|7\n|\n|t:|1733843485\n|move|p2a: Vikavolt|Discharge|p1a: Probopass\n|-damage|p1a: Probopass|52/260 par\n|cant|p1a: Probopass|par\n|\n|-heal|p1a: Probopass|68/260 par|[from] item: Leftovers\n|upkeep\n|turn|8\n|\n|t:|1733843491\n|move|p2a: Vikavolt|Discharge|p1a: Probopass\n|-damage|p1a: Probopass|0 fnt\n|faint|p1a: Probopass\n|\n|upkeep\n|\n|t:|1733843502\n|switch|p1a: Iron Bundle|Iron Bundle, L77|213/213\n|-activate|p1a: Iron Bundle|move: Sticky Web\n|-unboost|p1a: Iron Bundle|spe|1\n|turn|9\n|\n|t:|1733843516\n|move|p1a: Iron Bundle|Freeze-Dry|p2a: Vikavolt\n|-damage|p2a: Vikavolt|0 fnt\n|faint|p2a: Vikavolt\n|\n|upkeep\n|\n|t:|1733843523\n|switch|p2a: Chi-Yu|Chi-Yu, L77|211/211\n|-ability|p2a: Chi-Yu|Beads of Ruin\n|turn|10\n|l|\u2606Gloriousplays\n|inactive|Gloriousplays disconnected and has a minute to reconnect!\n|player|p1|\n|j|\u2606Gloriousplays\n|inactive|Gloriousplays reconnected and has 105 seconds left.\n|player|p1|Gloriousplays|ash|\n|\n|t:|1733843578\n|-end|p1a: Iron Bundle|Quark Drive|[silent]\n|switch|p1a: Ting-Lu|Ting-Lu, L78|370/370\n|-activate|p1a: Ting-Lu|move: Sticky Web\n|-unboost|p1a: Ting-Lu|spe|1\n|-ability|p1a: Ting-Lu|Vessel of Ruin\n|move|p2a: Chi-Yu|Nasty Plot|p2a: Chi-Yu\n|-boost|p2a: Chi-Yu|spa|2\n|\n|upkeep\n|turn|11\n|\n|t:|1733843589\n|-terastallize|p2a: Chi-Yu|Fire\n|move|p2a: Chi-Yu|Fire Blast|p1a: Ting-Lu|[miss]\n|-miss|p2a: Chi-Yu|p1a: Ting-Lu\n|move|p1a: Ting-Lu|Earthquake|p2a: Chi-Yu\n|-supereffective|p2a: Chi-Yu\n|-damage|p2a: Chi-Yu|0 fnt\n|faint|p2a: Chi-Yu\n|\n|upkeep\n|\n|t:|1733843596\n|switch|p2a: Empoleon|Empoleon, L84, F|278/278\n|turn|12\n|inactive|Gloriousplays has 90 seconds left.\n|\n|t:|1733843632\n|switch|p1a: Plusle|Plusle, L95, F|268/268\n|-activate|p1a: Plusle|move: Sticky Web\n|-unboost|p1a: Plusle|spe|1\n|move|p2a: Empoleon|Surf|p1a: Plusle\n|-damage|p1a: Plusle|166/268\n|\n|upkeep\n|turn|13\n|inactive|useemstohavefun has 120 seconds left.\n|\n|t:|1733843666\n|switch|p2a: Houndstone|Houndstone, L86, F|264/264\n|move|p1a: Plusle|Thunderbolt|p2a: Houndstone\n|-damage|p2a: Houndstone|177/264\n|-damage|p1a: Plusle|140/268|[from] item: Life Orb\n|\n|upkeep\n|turn|14\n|inactive|Gloriousplays has 90 seconds left.\n|\n|t:|1733843703\n|switch|p1a: Ting-Lu|Ting-Lu, L78|370/370\n|-activate|p1a: Ting-Lu|move: Sticky Web\n|-unboost|p1a: Ting-Lu|spe|1\n|-ability|p1a: Ting-Lu|Vessel of Ruin\n|move|p2a: Houndstone|Poltergeist|p1a: Ting-Lu\n|-activate|p1a: Ting-Lu|move: Poltergeist|Leftovers\n|-resisted|p1a: Ting-Lu\n|-damage|p1a: Ting-Lu|322/370\n|\n|-heal|p1a: Ting-Lu|345/370|[from] item: Leftovers\n|upkeep\n|turn|15\n|\n|t:|1733843716\n|move|p2a: Houndstone|Play Rough|p1a: Ting-Lu\n|-supereffective|p1a: Ting-Lu\n|-crit|p1a: Ting-Lu\n|-damage|p1a: Ting-Lu|185/370\n|move|p1a: Ting-Lu|Stealth Rock|p2a: Houndstone\n|-sidestart|p2: useemstohavefun|move: Stealth Rock\n|\n|-heal|p1a: Ting-Lu|208/370|[from] item: Leftovers\n|upkeep\n|turn|16\n|\n|t:|1733843738\n|switch|p1a: Iron Bundle|Iron Bundle, L77|213/213\n|-activate|p1a: Iron Bundle|move: Sticky Web\n|-unboost|p1a: Iron Bundle|spe|1\n|move|p2a: Houndstone|Play Rough|p1a: Iron Bundle\n|-damage|p1a: Iron Bundle|147/213\n|\n|-heal|p1a: Iron Bundle|160/213|[from] item: Leftovers\n|upkeep\n|turn|17\n|\n|t:|1733843753\n|switch|p2a: Empoleon|Empoleon, L84, F|278/278\n|-damage|p2a: Empoleon|261/278|[from] Stealth Rock\n|move|p1a: Iron Bundle|Hydro Pump|p2a: Empoleon\n|-resisted|p2a: Empoleon\n|-damage|p2a: Empoleon|209/278\n|\n|-heal|p1a: Iron Bundle|173/213|[from] item: Leftovers\n|-heal|p2a: Empoleon|226/278|[from] item: Leftovers\n|upkeep\n|turn|18\n|inactive|Gloriousplays has 60 seconds left.\n|\n|t:|1733843792\n|move|p1a: Iron Bundle|Substitute|p1a: Iron Bundle\n|-start|p1a: Iron Bundle|Substitute\n|-damage|p1a: Iron Bundle|120/213\n|move|p2a: Empoleon|Knock Off|p1a: Iron Bundle\n|-end|p1a: Iron Bundle|Substitute\n|\n|-heal|p1a: Iron Bundle|133/213|[from] item: Leftovers\n|-heal|p2a: Empoleon|243/278|[from] item: Leftovers\n|upkeep\n|turn|19\n|\n|t:|1733843801\n|move|p1a: Iron Bundle|Freeze-Dry|p2a: Empoleon\n|-damage|p2a: Empoleon|177/278\n|move|p2a: Empoleon|Knock Off|p1a: Iron Bundle\n|-damage|p1a: Iron Bundle|76/213\n|-enditem|p1a: Iron Bundle|Leftovers|[from] move: Knock Off|[of] p2a: Empoleon\n|\n|-heal|p2a: Empoleon|194/278|[from] item: Leftovers\n|upkeep\n|turn|20\n|\n|t:|1733843806\n|-end|p1a: Iron Bundle|Quark Drive|[silent]\n|switch|p1a: Palossand|Palossand, L89, M|116/296\n|-activate|p1a: Palossand|move: Sticky Web\n|-unboost|p1a: Palossand|spe|1\n|move|p2a: Empoleon|Roost|p2a: Empoleon\n|-heal|p2a: Empoleon|278/278\n|-singleturn|p2a: Empoleon|move: Roost\n|\n|-heal|p1a: Palossand|134/296|[from] item: Leftovers\n|upkeep\n|turn|21\n|inactive|Gloriousplays has 60 seconds left.\n|\n|t:|1733843849\n|-terastallize|p1a: Palossand|Water\n|move|p2a: Empoleon|Surf|p1a: Palossand\n|-resisted|p1a: Palossand\n|-damage|p1a: Palossand|76/296\n|-ability|p1a: Palossand|Water Compaction|boost\n|-boost|p1a: Palossand|def|2\n|move|p1a: Palossand|Earth Power|p2a: Empoleon\n|-supereffective|p2a: Empoleon\n|-damage|p2a: Empoleon|80/278\n|\n|-heal|p2a: Empoleon|97/278|[from] item: Leftovers\n|-heal|p1a: Palossand|94/296|[from] item: Leftovers\n|upkeep\n|turn|22\n|\n|t:|1733843859\n|move|p2a: Empoleon|Knock Off|p1a: Palossand\n|-damage|p1a: Palossand|68/296\n|-enditem|p1a: Palossand|Leftovers|[from] move: Knock Off|[of] p2a: Empoleon\n|move|p1a: Palossand|Shore Up|p1a: Palossand\n|-heal|p1a: Palossand|216/296\n|\n|-heal|p2a: Empoleon|114/278|[from] item: Leftovers\n|upkeep\n|turn|23\n|inactive|Gloriousplays has 60 seconds left.\n|\n|t:|1733843879\n|switch|p2a: Reuniclus|Reuniclus, L88, F|337/337\n|move|p1a: Palossand|Shore Up|p1a: Palossand\n|-heal|p1a: Palossand|296/296\n|\n|upkeep\n|turn|24\n|\n|t:|1733843884\n|move|p2a: Reuniclus|Calm Mind|p2a: Reuniclus\n|-boost|p2a: Reuniclus|spa|1\n|-boost|p2a: Reuniclus|spd|1\n|move|p1a: Palossand|Shadow Ball|p2a: Reuniclus\n|-supereffective|p2a: Reuniclus\n|-damage|p2a: Reuniclus|203/337\n|\n|upkeep\n|turn|25\n|\n|t:|1733843889\n|move|p2a: Reuniclus|Calm Mind|p2a: Reuniclus\n|-boost|p2a: Reuniclus|spa|1\n|-boost|p2a: Reuniclus|spd|1\n|move|p1a: Palossand|Shadow Ball|p2a: Reuniclus\n|-supereffective|p2a: Reuniclus\n|-damage|p2a: Reuniclus|111/337\n|\n|upkeep\n|turn|26\n|\n|t:|1733843891\n|switch|p1a: Ting-Lu|Ting-Lu, L78|208/370\n|-activate|p1a: Ting-Lu|move: Sticky Web\n|-unboost|p1a: Ting-Lu|spe|1\n|-ability|p1a: Ting-Lu|Vessel of Ruin\n|move|p2a: Reuniclus|Recover|p2a: Reuniclus\n|-heal|p2a: Reuniclus|280/337\n|\n|-heal|p1a: Ting-Lu|231/370|[from] item: Leftovers\n|upkeep\n|turn|27\n|\n|t:|1733843895\n|move|p2a: Reuniclus|Focus Blast|p1a: Ting-Lu\n|-supereffective|p1a: Ting-Lu\n|-damage|p1a: Ting-Lu|0 fnt\n|faint|p1a: Ting-Lu\n|\n|upkeep\n|\n|t:|1733843899\n|switch|p1a: Latios|Latios, L78, M|253/253\n|turn|28\n|\n|t:|1733843905\n|move|p1a: Latios|Calm Mind|p1a: Latios\n|-boost|p1a: Latios|spa|1\n|-boost|p1a: Latios|spd|1\n|move|p2a: Reuniclus|Psyshock|p1a: Latios\n|-resisted|p1a: Latios\n|-damage|p1a: Latios|97/253\n|\n|upkeep\n|turn|29\n|inactive|Gloriousplays has 90 seconds left.\n|\n|t:|1733843933\n|move|p1a: Latios|Draco Meteor|p2a: Reuniclus\n|-damage|p2a: Reuniclus|157/337\n|-unboost|p1a: Latios|spa|2\n|move|p2a: Reuniclus|Recover|p2a: Reuniclus\n|-heal|p2a: Reuniclus|326/337\n|\n|upkeep\n|turn|30\n|\n|t:|1733843937\n|move|p1a: Latios|Recover|p1a: Latios\n|-heal|p1a: Latios|224/253\n|move|p2a: Reuniclus|Psyshock|p1a: Latios\n|-resisted|p1a: Latios\n|-damage|p1a: Latios|47/253\n|\n|upkeep\n|turn|31\n|\n|t:|1733843940\n|move|p1a: Latios|Recover|p1a: Latios\n|-heal|p1a: Latios|174/253\n|move|p2a: Reuniclus|Psyshock|p1a: Latios\n|-resisted|p1a: Latios\n|-damage|p1a: Latios|18/253\n|\n|upkeep\n|turn|32\n|\n|t:|1733843945\n|move|p1a: Latios|Recover|p1a: Latios\n|-heal|p1a: Latios|145/253\n|move|p2a: Reuniclus|Psyshock|p1a: Latios\n|-resisted|p1a: Latios\n|-damage|p1a: Latios|0 fnt\n|faint|p1a: Latios\n|\n|upkeep\n|\n|t:|1733843947\n|switch|p1a: Iron Bundle|Iron Bundle, L77|76/213\n|-activate|p1a: Iron Bundle|move: Sticky Web\n|-unboost|p1a: Iron Bundle|spe|1\n|turn|33\n|\n|t:|1733843951\n|move|p1a: Iron Bundle|Substitute|p1a: Iron Bundle\n|-start|p1a: Iron Bundle|Substitute\n|-damage|p1a: Iron Bundle|23/213\n|move|p2a: Reuniclus|Psyshock|p1a: Iron Bundle\n|-end|p1a: Iron Bundle|Substitute\n|\n|upkeep\n|turn|34\n|\n|t:|1733843953\n|move|p1a: Iron Bundle|Encore|p2a: Reuniclus\n|-start|p2a: Reuniclus|Encore\n|move|p2a: Reuniclus|Psyshock|p1a: Iron Bundle\n|-damage|p1a: Iron Bundle|0 fnt\n|faint|p1a: Iron Bundle\n|-end|p1a: Iron Bundle|Quark Drive|[silent]\n|\n|upkeep\n|\n|t:|1733843957\n|switch|p1a: Palossand|Palossand, L89, M, tera:Water|296/296\n|-activate|p1a: Palossand|move: Sticky Web\n|-unboost|p1a: Palossand|spe|1\n|turn|35\n|\n|t:|1733843960\n|move|p2a: Reuniclus|Psyshock|p1a: Palossand\n|-damage|p1a: Palossand|69/296\n|move|p1a: Palossand|Shadow Ball|p2a: Reuniclus\n|-supereffective|p2a: Reuniclus\n|-damage|p2a: Reuniclus|230/337\n|-unboost|p2a: Reuniclus|spd|1\n|\n|upkeep\n|turn|36\n|-message|Gloriousplays forfeited.\n|\n|win|useemstohavefun\n|raw|Gloriousplays's rating: 2283 &rarr; <strong>2264</strong><br />(-19 for losing)\n|raw|useemstohavefun's rating: 2292 &rarr; <strong>2311</strong><br />(+19 for winning)\n|l|\u2606Gloriousplays\n|player|p1|\n", "inputlog": ">version bfd83cad13791eb5a5a409923076391caf6fb4d4\n>start {\"formatid\":\"gen9randombattle\",\"seed\":[53452,60196,150,41017],\"rated\":\"Rated battle\"}\n>player p1 {\"name\":\"Gloriousplays\",\"avatar\":\"ash\",\"rating\":2266,\"seed\":[63241,7276,65342,46904]}\n>player p2 {\"name\":\"useemstohavefun\",\"avatar\":\"thorton\",\"rating\":2292,\"seed\":[37562,19676,55705,7919]}\n>p1 move earthpower\n>p2 switch 2\n>p1 move shadowball\n>p2 move stickyweb\n>p1 move shadowball\n>p2 move energyball\n>p1 switch 6\n>p2 move energyball\n>p1 move irondefense\n>p2 move discharge\n>p1 move bodypress\n>p2 move discharge\n>p1 move bodypress\n>p2 move discharge\n>p1 move bodypress\n>p2 move discharge\n>p1 switch 3\n>p1 move freezedry\n>p2 move discharge\n>p2 switch 6\n>p1 switch 4\n>p2 move nastyplot\n>p1 move earthquake\n>p2 move fireblast terastallize\n>p2 switch 4\n>p1 switch 2\n>p2 move surf\n>p1 move thunderbolt\n>p2 switch 5\n>p1 switch 2\n>p2 move poltergeist\n>p1 move stealthrock\n>p2 move playrough\n>p1 switch 4\n>p2 move playrough\n>p1 move hydropump\n>p2 switch 5\n>p1 move substitute\n>p2 move knockoff\n>p1 move freezedry\n>p2 move knockoff\n>p1 switch 6\n>p2 move roost\n>p1 move earthpower terastallize\n>p2 move surf\n>p1 move shoreup\n>p2 move knockoff\n>p1 move shoreup\n>p2 switch 3\n>p1 move shadowball\n>p2 move calmmind\n>p1 move shadowball\n>p2 move calmmind\n>p1 switch 4\n>p2 move recover\n>p1 move payback\n>p2 move focusblast\n>p1 switch 5\n>p1 move calmmind\n>p2 move psyshock\n>p1 move dracometeor\n>p2 move recover\n>p1 move recover\n>p2 move psyshock\n>p1 move recover\n>p2 move psyshock\n>p1 move recover\n>p2 move psyshock\n>p1 switch 6\n>p1 move substitute\n>p2 move psyshock\n>p1 move encore\n>p2 move psyshock\n>p1 switch 4\n>p1 move shadowball\n>p2 move psyshock\n>forcelose p1", "uploadtime": 1733843971, "views": 2, "formatid": "gen9randombattle", "rating": 2264, "private": 0, "password": null}