{"id": "gen9randombattle-2259807217", "format": "[Gen 9] Random Battle", "players": ["ToxicWyvern", "dobodonbo"], "log": "|j|\u2606ToxicWyvern\n|j|\u2606dobodonbo\n|t:|1733768653\n|gametype|singles\n|player|p1|ToxicWyvern|ethan|1544\n|player|p2|dobodonbo|crasherwake|1592\n|teamsize|p1|6\n|teamsize|p2|6\n|gen|9\n|tier|[Gen 9] Random Battle\n|rated|\n|rule|Species Clause: Limit one of each Pok\u00e9mon\n|rule|HP Percentage Mod: HP is shown in percentages\n|rule|Sleep Clause Mod: Limit one foe put to sleep\n|rule|Illusion Level Mod: Illusion disguises the Pok\u00e9mon's true level\n|\n|t:|1733768653\n|start\n|switch|p1a: Hippowdon|Hippowdon, L82, M|311/311\n|switch|p2a: Rillaboom|Rillaboom, L79, M|288/288\n|-fieldstart|move: Grassy Terrain|[from] ability: Grassy Surge|[of] p2a: Rillaboom\n|-weather|Sandstorm|[from] ability: Sand Stream|[of] p1a: Hippowdon\n|turn|1\n|inactive|Battle timer is ON: inactive players will automatically lose when time's up. (requested by dobodonbo)\n|\n|t:|1733768662\n|switch|p1a: Tropius|Tropius, L91, F|328/328\n|move|p2a: Rillaboom|Knock Off|p1a: Tropius\n|-damage|p1a: Tropius|216/328\n|-enditem|p1a: Tropius|Sitrus Berry|[from] move: Knock Off|[of] p2a: Rillaboom\n|\n|-weather|Sandstorm|[upkeep]\n|-damage|p2a: Rillaboom|270/288|[from] Sandstorm\n|-damage|p1a: Tropius|196/328|[from] Sandstorm\n|-heal|p2a: Rillaboom|288/288|[from] Grassy Terrain\n|upkeep\n|turn|2\n|\n|t:|1733768678\n|switch|p2a: Ambipom|Ambipom, L84, M|263/263\n|move|p1a: Tropius|Air Slash|p2a: Ambipom\n|-damage|p2a: Ambipom|179/263\n|\n|-weather|Sandstorm|[upkeep]\n|-damage|p2a: Ambipom|163/263|[from] Sandstorm\n|-damage|p1a: Tropius|176/328|[from] Sandstorm\n|-heal|p2a: Ambipom|179/263|[from] Grassy Terrain\n|upkeep\n|turn|3\n|\n|t:|1733768691\n|move|p1a: Tropius|Protect|p1a: Tropius\n|-singleturn|p1a: Tropius|Protect\n|move|p2a: Ambipom|Fake Out|p1a: Tropius\n|-activate|p1a: Tropius|move: Protect\n|\n|-weather|Sandstorm|[upkeep]\n|-damage|p2a: Ambipom|163/263|[from] Sandstorm\n|-damage|p1a: Tropius|156/328|[from] Sandstorm\n|-heal|p2a: Ambipom|179/263|[from] Grassy Terrain\n|upkeep\n|turn|4\n|\n|t:|1733768696\n|move|p2a: Ambipom|Double-Edge|p1a: Tropius\n|-damage|p1a: Tropius|0 fnt\n|faint|p1a: Tropius\n|-damage|p2a: Ambipom|128/263|[from] Recoil\n|\n|-weather|Sandstorm|[upkeep]\n|-damage|p2a: Ambipom|112/263|[from] Sandstorm\n|-heal|p2a: Ambipom|128/263|[from] Grassy Terrain\n|upkeep\n|\n|t:|1733768706\n|switch|p1a: Hippowdon|Hippowdon, L82, M|311/311\n|turn|5\n|inactive|dobodonbo has 120 seconds left.\n|\n|t:|1733768736\n|move|p2a: Ambipom|Knock Off|p1a: Hippowdon\n|-damage|p1a: Hippowdon|253/311\n|-damage|p2a: Ambipom|85/263|[from] item: Rocky Helmet|[of] p1a: Hippowdon\n|-enditem|p1a: Hippowdon|Rocky Helmet|[from] move: Knock Off|[of] p2a: Ambipom\n|move|p1a: Hippowdon|Stealth Rock|p2a: Ambipom\n|-sidestart|p2: dobodonbo|move: Stealth Rock\n|\n|-weather|none\n|-heal|p2a: Ambipom|101/263|[from] Grassy Terrain\n|-heal|p1a: Hippowdon|272/311|[from] Grassy Terrain\n|-fieldend|move: Grassy Terrain\n|upkeep\n|turn|6\n|\n|t:|1733768743\n|move|p2a: Ambipom|U-turn|p1a: Hippowdon\n|-damage|p1a: Hippowdon|228/311\n|\n|t:|1733768746\n|switch|p2a: Forretress|Forretress, L84, F|263/263|[from] U-turn\n|-damage|p2a: Forretress|231/263|[from] Stealth Rock\n|move|p1a: Hippowdon|Earthquake|p2a: Forretress\n|-damage|p2a: Forretress|147/263\n|\n|-heal|p2a: Forretress|163/263|[from] item: Leftovers\n|upkeep\n|turn|7\n|\n|t:|1733768757\n|switch|p1a: Giratina|Giratina, L75|349/349\n|-ability|p1a: Giratina|Pressure\n|move|p2a: Forretress|Rapid Spin|p1a: Giratina\n|-immune|p1a: Giratina\n|\n|-heal|p2a: Forretress|179/263|[from] item: Leftovers\n|upkeep\n|turn|8\n|\n|t:|1733768762\n|move|p2a: Forretress|Toxic Spikes|p1a: Giratina\n|-sidestart|p1: ToxicWyvern|move: Toxic Spikes\n|move|p1a: Giratina|Dragon Tail|p2a: Forretress\n|-resisted|p2a: Forretress\n|-damage|p2a: Forretress|161/263\n|drag|p2a: Ambipom|Ambipom, L84, M|101/263\n|-damage|p2a: Ambipom|69/263|[from] Stealth Rock\n|\n|upkeep\n|turn|9\n|\n|t:|1733768768\n|move|p2a: Ambipom|Knock Off|p1a: Giratina\n|-supereffective|p1a: Giratina\n|-damage|p1a: Giratina|217/349\n|-enditem|p1a: Giratina|Leftovers|[from] move: Knock Off|[of] p2a: Ambipom\n|move|p1a: Giratina|Dragon Tail|p2a: Ambipom\n|-damage|p2a: Ambipom|6/263\n|drag|p2a: Rillaboom|Rillaboom, L79, M|288/288\n|-damage|p2a: Rillaboom|252/288|[from] Stealth Rock\n|-fieldstart|move: Grassy Terrain|[from] ability: Grassy Surge|[of] p2a: Rillaboom\n|\n|-heal|p2a: Rillaboom|270/288|[from] Grassy Terrain\n|-heal|p1a: Giratina|238/349|[from] Grassy Terrain\n|upkeep\n|turn|10\n|\n|t:|1733768773\n|move|p2a: Rillaboom|U-turn|p1a: Giratina\n|-resisted|p1a: Giratina\n|-damage|p1a: Giratina|204/349\n|\n|t:|1733768777\n|switch|p2a: Forretress|Forretress, L84, F|161/263|[from] U-turn\n|-damage|p2a: Forretress|129/263|[from] Stealth Rock\n|move|p1a: Giratina|Rest|p1a: Giratina\n|-status|p1a: Giratina|slp|[from] move: Rest\n|-heal|p1a: Giratina|349/349 slp|[silent]\n|\n|-heal|p2a: Forretress|145/263|[from] Grassy Terrain\n|-heal|p2a: Forretress|161/263|[from] item: Leftovers\n|upkeep\n|turn|11\n|\n|t:|1733768779\n|cant|p1a: Giratina|slp\n|move|p1a: Giratina|Sleep Talk|p1a: Giratina\n|move|p1a: Giratina|Dragon Tail|p2a: Forretress|[from]move: Sleep Talk|[miss]\n|-miss|p1a: Giratina|p2a: Forretress\n|move|p2a: Forretress|Toxic Spikes|p1a: Giratina\n|-sidestart|p1: ToxicWyvern|move: Toxic Spikes\n|\n|-heal|p2a: Forretress|177/263|[from] Grassy Terrain\n|-heal|p2a: Forretress|193/263|[from] item: Leftovers\n|upkeep\n|turn|12\n|\n|t:|1733768793\n|cant|p1a: Giratina|slp\n|move|p1a: Giratina|Sleep Talk|p1a: Giratina\n|move|p1a: Giratina|Dragon Tail|p2a: Forretress|[from]move: Sleep Talk\n|-resisted|p2a: Forretress\n|-damage|p2a: Forretress|175/263\n|drag|p2a: Ambipom|Ambipom, L84, M|6/263\n|-damage|p2a: Ambipom|0 fnt|[from] Stealth Rock\n|faint|p2a: Ambipom\n|\n|upkeep\n|inactive|dobodonbo has 120 seconds left.\n|\n|t:|1733768828\n|switch|p2a: Whiscash|Whiscash, L88, M|337/337\n|-damage|p2a: Whiscash|316/337|[from] Stealth Rock\n|turn|13\n|\n|t:|1733768849\n|move|p2a: Whiscash|Stealth Rock|p1a: Giratina\n|-sidestart|p1: ToxicWyvern|move: Stealth Rock\n|-curestatus|p1a: Giratina|slp|[msg]\n|move|p1a: Giratina|Dragon Tail|p2a: Whiscash\n|-damage|p2a: Whiscash|262/337\n|drag|p2a: Plusle|Plusle, L95, M|268/268\n|-damage|p2a: Plusle|235/268|[from] Stealth Rock\n|\n|-heal|p2a: Plusle|251/268|[from] Grassy Terrain\n|-fieldend|move: Grassy Terrain\n|upkeep\n|turn|14\n|\n|t:|1733768862\n|move|p2a: Plusle|Encore|p1a: Giratina\n|-start|p1a: Giratina|Encore\n|move|p1a: Giratina|Dragon Tail|p2a: Plusle\n|-damage|p2a: Plusle|167/268\n|drag|p2a: Eiscue|Eiscue, L88, M|274/274\n|-damage|p2a: Eiscue|206/274|[from] Stealth Rock\n|\n|upkeep\n|turn|15\n|\n|t:|1733768868\n|move|p2a: Eiscue|Belly Drum|p2a: Eiscue\n|-damage|p2a: Eiscue|69/274\n|-setboost|p2a: Eiscue|atk|6|[from] move: Belly Drum\n|-enditem|p2a: Eiscue|Sitrus Berry|[eat]\n|-heal|p2a: Eiscue|137/274|[from] item: Sitrus Berry\n|move|p1a: Giratina|Dragon Tail|p2a: Eiscue\n|-activate|p2a: Eiscue|ability: Ice Face\n|-damage|p2a: Eiscue|137/274\n|detailschange|p2a: Eiscue|Eiscue-Noice, L88, M\n|drag|p2a: Whiscash|Whiscash, L88, M|262/337\n|-damage|p2a: Whiscash|241/337|[from] Stealth Rock\n|\n|-heal|p2a: Whiscash|262/337|[from] item: Leftovers\n|upkeep\n|turn|16\n|\n|t:|1733768873\n|move|p2a: Whiscash|Spikes|p1a: Giratina\n|-sidestart|p1: ToxicWyvern|Spikes\n|move|p1a: Giratina|Dragon Tail|p2a: Whiscash\n|-damage|p2a: Whiscash|199/337\n|drag|p2a: Rillaboom|Rillaboom, L79, M|270/288\n|-damage|p2a: Rillaboom|234/288|[from] Stealth Rock\n|-fieldstart|move: Grassy Terrain|[from] ability: Grassy Surge|[of] p2a: Rillaboom\n|\n|-heal|p2a: Rillaboom|252/288|[from] Grassy Terrain\n|-end|p1a: Giratina|Encore\n|upkeep\n|turn|17\n|\n|t:|1733768876\n|move|p2a: Rillaboom|Knock Off|p1a: Giratina\n|-supereffective|p1a: Giratina\n|-damage|p1a: Giratina|225/349\n|move|p1a: Giratina|Shadow Ball|p2a: Rillaboom\n|-damage|p2a: Rillaboom|162/288\n|-unboost|p2a: Rillaboom|spd|1\n|\n|-heal|p2a: Rillaboom|180/288|[from] Grassy Terrain\n|-heal|p1a: Giratina|246/349|[from] Grassy Terrain\n|upkeep\n|turn|18\n|\n|t:|1733768882\n|move|p2a: Rillaboom|Knock Off|p1a: Giratina\n|-supereffective|p1a: Giratina\n|-damage|p1a: Giratina|114/349\n|move|p1a: Giratina|Rest|p1a: Giratina\n|-status|p1a: Giratina|slp|[from] move: Rest\n|-heal|p1a: Giratina|349/349 slp|[silent]\n|\n|-heal|p2a: Rillaboom|198/288|[from] Grassy Terrain\n|upkeep\n|turn|19\n|-message|dobodonbo forfeited.\n|\n|win|ToxicWyvern\n|raw|ToxicWyvern's rating: 1544 &rarr; <strong>1568</strong><br />(+24 for winning)\n|raw|dobodonbo's rating: 1615 &rarr; <strong>1591</strong><br />(-24 for losing)\n|l|\u2606dobodonbo\n|player|p2|\n", "inputlog": ">version bfd83cad13791eb5a5a409923076391caf6fb4d4\n>start {\"formatid\":\"gen9randombattle\",\"seed\":[62346,52660,3315,57376],\"rated\":\"Rated battle\"}\n>player p1 {\"name\":\"ToxicWyvern\",\"avatar\":\"ethan\",\"rating\":1544,\"seed\":[18697,49844,12571,26708]}\n>player p2 {\"name\":\"dobodonbo\",\"avatar\":\"crasherwake\",\"rating\":1592,\"seed\":[64754,18497,15455,47417]}\n>p1 switch 2\n>p2 move knockoff\n>p1 move airslash\n>p2 switch 4\n>p1 move protect\n>p2 move fakeout\n>p1 move airslash\n>p2 move doubleedge\n>p1 switch 2\n>p1 move stealthrock\n>p2 move knockoff\n>p1 move earthquake\n>p2 move uturn\n>p2 switch 3\n>p1 switch 5\n>p2 move rapidspin\n>p1 move dragontail\n>p2 move toxicspikes\n>p1 move dragontail\n>p2 move knockoff\n>p1 move rest\n>p2 move uturn\n>p2 switch 3\n>p1 move sleeptalk\n>p2 move toxicspikes\n>p1 move sleeptalk\n>p2 move ironhead\n>p2 switch 6\n>p1 move dragontail\n>p2 move stealthrock\n>p1 move shadowball\n>p2 move encore\n>p1 move dragontail\n>p2 move bellydrum\n>p1 move dragontail\n>p2 move spikes\n>p1 move shadowball\n>p2 move knockoff\n>p1 move rest\n>p2 move knockoff\n>forcelose p2", "uploadtime": 1733768893, "views": 1, "formatid": "gen9randombattle", "rating": 1568, "private": 0, "password": null}