{"id": "gen9randombattle-2260442107", "format": "[Gen 9] Random Battle", "players": ["Random Rat 3", "edu candy ^_^"], "log": "|j|\u2606Random Rat 3\n|j|\u2606edu candy ^_^\n|t:|1733852002\n|gametype|singles\n|player|p1|Random Rat 3|unknown|1470\n|player|p2|edu candy ^_^|schoolkid-gen4|1439\n|teamsize|p1|6\n|teamsize|p2|6\n|gen|9\n|tier|[Gen 9] Random Battle\n|rated|\n|rule|Species Clause: Limit one of each Pok\u00e9mon\n|rule|HP Percentage Mod: HP is shown in percentages\n|rule|Sleep Clause Mod: Limit one foe put to sleep\n|rule|Illusion Level Mod: Illusion disguises the Pok\u00e9mon's true level\n|\n|t:|1733852002\n|start\n|switch|p1a: Dialga|Dialga-Origin, L73|266/266\n|switch|p2a: Registeel|Registeel, L81|262/262\n|-ability|p1a: Dialga|Pressure\n|turn|1\n|\n|t:|1733852013\n|switch|p1a: Spectrier|Spectrier, L75|274/274\n|move|p2a: Registeel|Iron Defense|p2a: Registeel\n|-boost|p2a: Registeel|def|2\n|\n|upkeep\n|turn|2\n|\n|t:|1733852017\n|move|p1a: Spectrier|Will-O-Wisp|p2a: Registeel\n|-status|p2a: Registeel|brn\n|move|p2a: Registeel|Iron Head|p1a: Spectrier\n|-damage|p1a: Spectrier|225/274\n|\n|-damage|p2a: Registeel|246/262 brn|[from] brn\n|upkeep\n|turn|3\n|\n|t:|1733852024\n|switch|p1a: Vikavolt|Vikavolt, L83, M|263/263\n|switch|p2a: Indeedee|Indeedee, L84, M|238/238\n|-fieldstart|move: Psychic Terrain|[from] ability: Psychic Surge|[of] p2a: Indeedee\n|\n|upkeep\n|turn|4\n|\n|t:|1733852031\n|move|p2a: Indeedee|Expanding Force|p1a: Vikavolt\n|-damage|p1a: Vikavolt|74/263\n|move|p1a: Vikavolt|Sticky Web|p2a: Indeedee\n|-sidestart|p2: edu candy ^_^|move: Sticky Web\n|\n|upkeep\n|turn|5\n|\n|t:|1733852043\n|switch|p1a: Deoxys|Deoxys-Defense, L84|221/221\n|-ability|p1a: Deoxys|Pressure\n|move|p2a: Indeedee|Expanding Force|p1a: Deoxys\n|-resisted|p1a: Deoxys\n|-damage|p1a: Deoxys|162/221\n|\n|upkeep\n|turn|6\n|\n|t:|1733852062\n|move|p2a: Indeedee|Expanding Force|p1a: Deoxys\n|-resisted|p1a: Deoxys\n|-damage|p1a: Deoxys|110/221\n|move|p1a: Deoxys|Stealth Rock|p2a: Indeedee\n|-sidestart|p2: edu candy ^_^|move: Stealth Rock\n|\n|upkeep\n|turn|7\n|\n|t:|1733852065\n|move|p2a: Indeedee|Expanding Force|p1a: Deoxys\n|-resisted|p1a: Deoxys\n|-damage|p1a: Deoxys|52/221\n|move|p1a: Deoxys|Recover|p1a: Deoxys\n|-heal|p1a: Deoxys|163/221\n|\n|-fieldend|move: Psychic Terrain\n|upkeep\n|turn|8\n|\n|t:|1733852072\n|switch|p2a: Tropius|Tropius, L91, M|328/328\n|-damage|p2a: Tropius|246/328|[from] Stealth Rock\n|move|p1a: Deoxys|Knock Off|p2a: Tropius\n|-damage|p2a: Tropius|197/328\n|-enditem|p2a: Tropius|Sitrus Berry|[from] move: Knock Off|[of] p1a: Deoxys\n|\n|upkeep\n|turn|9\n|\n|t:|1733852082\n|move|p1a: Deoxys|Psychic Noise|p2a: Tropius\n|-damage|p2a: Tropius|137/328\n|-start|p2a: Tropius|move: Heal Block\n|move|p2a: Tropius|Dragon Dance|p2a: Tropius\n|-boost|p2a: Tropius|atk|1\n|-boost|p2a: Tropius|spe|1\n|\n|upkeep\n|turn|10\n|\n|t:|1733852097\n|switch|p1a: Dedenne|Dedenne, L88, M|261/261\n|move|p2a: Tropius|Leaf Blade|p1a: Dedenne\n|-damage|p1a: Dedenne|108/261\n|-enditem|p1a: Dedenne|Sitrus Berry|[eat]\n|-heal|p1a: Dedenne|173/261|[from] item: Sitrus Berry\n|-heal|p1a: Dedenne|260/261|[from] ability: Cheek Pouch\n|\n|-end|p2a: Tropius|move: Heal Block\n|upkeep\n|turn|11\n|\n|t:|1733852107\n|-terastallize|p2a: Tropius|Ground\n|move|p1a: Dedenne|Thunderbolt|p2a: Tropius\n|-immune|p2a: Tropius\n|move|p2a: Tropius|Dragon Dance|p2a: Tropius\n|-boost|p2a: Tropius|atk|1\n|-boost|p2a: Tropius|spe|1\n|\n|upkeep\n|turn|12\n|\n|t:|1733852117\n|move|p2a: Tropius|Earthquake|p1a: Dedenne\n|-supereffective|p1a: Dedenne\n|-damage|p1a: Dedenne|0 fnt\n|faint|p1a: Dedenne\n|\n|upkeep\n|\n|t:|1733852124\n|switch|p1a: Gyarados|Gyarados, L79, F|280/280\n|-ability|p1a: Gyarados|Intimidate|boost\n|-unboost|p2a: Tropius|atk|1\n|turn|13\n|\n|t:|1733852127\n|move|p2a: Tropius|Leaf Blade|p1a: Gyarados\n|-damage|p1a: Gyarados|144/280\n|move|p1a: Gyarados|Waterfall|p2a: Tropius\n|-supereffective|p2a: Tropius\n|-damage|p2a: Tropius|0 fnt\n|faint|p2a: Tropius\n|\n|upkeep\n|\n|t:|1733852137\n|switch|p2a: Deoxys|Deoxys-Defense, L84|221/221\n|-activate|p2a: Deoxys|move: Sticky Web\n|-unboost|p2a: Deoxys|spe|1\n|-damage|p2a: Deoxys|194/221|[from] Stealth Rock\n|-ability|p2a: Deoxys|Pressure\n|turn|14\n|\n|t:|1733852150\n|switch|p1a: Deoxys|Deoxys-Defense, L84|163/221\n|-ability|p1a: Deoxys|Pressure\n|move|p2a: Deoxys|Cosmic Power|p2a: Deoxys\n|-boost|p2a: Deoxys|def|1\n|-boost|p2a: Deoxys|spd|1\n|\n|-heal|p2a: Deoxys|207/221|[from] item: Leftovers\n|upkeep\n|turn|15\n|\n|t:|1733852155\n|move|p1a: Deoxys|Knock Off|p2a: Deoxys\n|-supereffective|p2a: Deoxys\n|-damage|p2a: Deoxys|157/221\n|-enditem|p2a: Deoxys|Leftovers|[from] move: Knock Off|[of] p1a: Deoxys\n|move|p2a: Deoxys|Cosmic Power|p2a: Deoxys\n|-boost|p2a: Deoxys|def|1\n|-boost|p2a: Deoxys|spd|1\n|\n|upkeep\n|turn|16\n|\n|t:|1733852169\n|switch|p1a: Vikavolt|Vikavolt, L83, M|74/263\n|move|p2a: Deoxys|Recover|p2a: Deoxys\n|-heal|p2a: Deoxys|221/221\n|\n|upkeep\n|turn|17\n|\n|t:|1733852176\n|move|p2a: Deoxys|Cosmic Power|p2a: Deoxys\n|-boost|p2a: Deoxys|def|1\n|-boost|p2a: Deoxys|spd|1\n|move|p1a: Vikavolt|Bug Buzz|p2a: Deoxys\n|-supereffective|p2a: Deoxys\n|-damage|p2a: Deoxys|161/221\n|\n|upkeep\n|turn|18\n|\n|t:|1733852184\n|move|p2a: Deoxys|Cosmic Power|p2a: Deoxys\n|-boost|p2a: Deoxys|def|1\n|-boost|p2a: Deoxys|spd|1\n|move|p1a: Vikavolt|Discharge|p2a: Deoxys\n|-damage|p2a: Deoxys|136/221\n|-status|p2a: Deoxys|par\n|\n|upkeep\n|turn|19\n|\n|t:|1733852191\n|move|p1a: Vikavolt|Bug Buzz|p2a: Deoxys\n|-supereffective|p2a: Deoxys\n|-damage|p2a: Deoxys|82/221 par\n|move|p2a: Deoxys|Recover|p2a: Deoxys\n|-heal|p2a: Deoxys|193/221 par\n|\n|upkeep\n|turn|20\n|\n|t:|1733852194\n|move|p1a: Vikavolt|Bug Buzz|p2a: Deoxys\n|-supereffective|p2a: Deoxys\n|-damage|p2a: Deoxys|139/221 par\n|move|p2a: Deoxys|Stored Power|p1a: Vikavolt\n|-damage|p1a: Vikavolt|0 fnt\n|faint|p1a: Vikavolt\n|\n|upkeep\n|\n|t:|1733852210\n|switch|p1a: Deoxys|Deoxys-Defense, L84|163/221\n|-ability|p1a: Deoxys|Pressure\n|turn|21\n|\n|t:|1733852212\n|move|p1a: Deoxys|Psychic Noise|p2a: Deoxys\n|-resisted|p2a: Deoxys\n|-damage|p2a: Deoxys|133/221 par\n|-start|p2a: Deoxys|move: Heal Block\n|cant|p2a: Deoxys|move: Heal Block|Recover\n|\n|upkeep\n|turn|22\n|\n|t:|1733852218\n|move|p1a: Deoxys|Knock Off|p2a: Deoxys\n|-supereffective|p2a: Deoxys\n|-damage|p2a: Deoxys|117/221 par\n|move|p2a: Deoxys|Stored Power|p1a: Deoxys\n|-resisted|p1a: Deoxys\n|-damage|p1a: Deoxys|120/221\n|\n|-end|p2a: Deoxys|move: Heal Block\n|upkeep\n|turn|23\n|\n|t:|1733852224\n|move|p1a: Deoxys|Recover|p1a: Deoxys\n|-heal|p1a: Deoxys|221/221\n|move|p2a: Deoxys|Cosmic Power|p2a: Deoxys\n|-boost|p2a: Deoxys|def|1\n|-boost|p2a: Deoxys|spd|1\n|\n|upkeep\n|turn|24\n|\n|t:|1733852226\n|move|p1a: Deoxys|Psychic Noise|p2a: Deoxys\n|-resisted|p2a: Deoxys\n|-damage|p2a: Deoxys|111/221 par\n|-start|p2a: Deoxys|move: Heal Block\n|cant|p2a: Deoxys|move: Heal Block|Recover\n|\n|upkeep\n|turn|25\n|\n|t:|1733852230\n|move|p1a: Deoxys|Knock Off|p2a: Deoxys\n|-supereffective|p2a: Deoxys\n|-damage|p2a: Deoxys|97/221 par\n|cant|p2a: Deoxys|par\n|\n|-end|p2a: Deoxys|move: Heal Block\n|upkeep\n|turn|26\n|\n|t:|1733852232\n|move|p1a: Deoxys|Knock Off|p2a: Deoxys\n|-supereffective|p2a: Deoxys\n|-damage|p2a: Deoxys|83/221 par\n|move|p2a: Deoxys|Stored Power|p1a: Deoxys\n|-resisted|p1a: Deoxys\n|-damage|p1a: Deoxys|167/221\n|\n|upkeep\n|turn|27\n|\n|t:|1733852236\n|move|p1a: Deoxys|Psychic Noise|p2a: Deoxys\n|-resisted|p2a: Deoxys\n|-damage|p2a: Deoxys|77/221 par\n|-start|p2a: Deoxys|move: Heal Block\n|cant|p2a: Deoxys|move: Heal Block|Recover\n|\n|upkeep\n|turn|28\n|\n|t:|1733852239\n|move|p1a: Deoxys|Knock Off|p2a: Deoxys\n|-supereffective|p2a: Deoxys\n|-damage|p2a: Deoxys|65/221 par\n|move|p2a: Deoxys|Stored Power|p1a: Deoxys\n|-resisted|p1a: Deoxys\n|-damage|p1a: Deoxys|115/221\n|\n|-end|p2a: Deoxys|move: Heal Block\n|upkeep\n|turn|29\n|\n|t:|1733852242\n|move|p1a: Deoxys|Psychic Noise|p2a: Deoxys\n|-resisted|p2a: Deoxys\n|-damage|p2a: Deoxys|59/221 par\n|-start|p2a: Deoxys|move: Heal Block\n|cant|p2a: Deoxys|move: Heal Block|Recover\n|\n|upkeep\n|turn|30\n|\n|t:|1733852245\n|move|p1a: Deoxys|Recover|p1a: Deoxys\n|-heal|p1a: Deoxys|221/221\n|move|p2a: Deoxys|Cosmic Power|p2a: Deoxys\n|-boost|p2a: Deoxys|def|1\n|-boost|p2a: Deoxys|spd|1\n|\n|-end|p2a: Deoxys|move: Heal Block\n|upkeep\n|turn|31\n|\n|t:|1733852249\n|move|p1a: Deoxys|Psychic Noise|p2a: Deoxys\n|-resisted|p2a: Deoxys\n|-crit|p2a: Deoxys\n|-damage|p2a: Deoxys|30/221 par\n|-start|p2a: Deoxys|move: Heal Block\n|move|p2a: Deoxys|Stored Power|p1a: Deoxys\n|-resisted|p1a: Deoxys\n|-damage|p1a: Deoxys|152/221\n|\n|upkeep\n|turn|32\n|\n|t:|1733852252\n|move|p1a: Deoxys|Knock Off|p2a: Deoxys\n|-supereffective|p2a: Deoxys\n|-damage|p2a: Deoxys|18/221 par\n|move|p2a: Deoxys|Night Shade|p1a: Deoxys\n|-damage|p1a: Deoxys|68/221\n|\n|-end|p2a: Deoxys|move: Heal Block\n|upkeep\n|turn|33\n|\n|t:|1733852278\n|move|p1a: Deoxys|Psychic Noise|p2a: Deoxys\n|-resisted|p2a: Deoxys\n|-damage|p2a: Deoxys|13/221 par\n|-start|p2a: Deoxys|move: Heal Block\n|cant|p2a: Deoxys|move: Heal Block|Recover\n|\n|upkeep\n|turn|34\n|\n|t:|1733852284\n|move|p1a: Deoxys|Recover|p1a: Deoxys\n|-heal|p1a: Deoxys|179/221\n|move|p2a: Deoxys|Stored Power|p1a: Deoxys\n|-resisted|p1a: Deoxys\n|-damage|p1a: Deoxys|109/221\n|\n|-end|p2a: Deoxys|move: Heal Block\n|upkeep\n|turn|35\n|\n|t:|1733852289\n|move|p1a: Deoxys|Psychic Noise|p2a: Deoxys\n|-resisted|p2a: Deoxys\n|-damage|p2a: Deoxys|8/221 par\n|-start|p2a: Deoxys|move: Heal Block\n|move|p2a: Deoxys|Stored Power|p1a: Deoxys\n|-resisted|p1a: Deoxys\n|-damage|p1a: Deoxys|37/221\n|\n|upkeep\n|turn|36\n|\n|t:|1733852293\n|move|p1a: Deoxys|Knock Off|p2a: Deoxys\n|-supereffective|p2a: Deoxys\n|-damage|p2a: Deoxys|0 fnt\n|faint|p2a: Deoxys\n|\n|upkeep\n|\n|t:|1733852299\n|switch|p2a: Skarmory|Skarmory, L80, F|235/235\n|-damage|p2a: Skarmory|206/235|[from] Stealth Rock\n|turn|37\n|\n|t:|1733852314\n|move|p1a: Deoxys|Knock Off|p2a: Skarmory\n|-damage|p2a: Skarmory|170/235\n|-damage|p1a: Deoxys|1/221|[from] item: Rocky Helmet|[of] p2a: Skarmory\n|-enditem|p2a: Skarmory|Rocky Helmet|[from] move: Knock Off|[of] p1a: Deoxys\n|move|p2a: Skarmory|Brave Bird|p1a: Deoxys\n|-damage|p1a: Deoxys|0 fnt\n|-damage|p2a: Skarmory|131/235|[from] item: Rocky Helmet|[of] p1a: Deoxys\n|faint|p1a: Deoxys\n|-damage|p2a: Skarmory|130/235|[from] Recoil\n|\n|upkeep\n|\n|t:|1733852319\n|switch|p1a: Gyarados|Gyarados, L79, F|144/280\n|-ability|p1a: Gyarados|Intimidate|boost\n|-unboost|p2a: Skarmory|atk|1\n|turn|38\n|\n|t:|1733852324\n|move|p1a: Gyarados|Dragon Dance|p1a: Gyarados\n|-boost|p1a: Gyarados|atk|1\n|-boost|p1a: Gyarados|spe|1\n|move|p2a: Skarmory|Roost|p2a: Skarmory\n|-heal|p2a: Skarmory|235/235\n|-singleturn|p2a: Skarmory|move: Roost\n|\n|upkeep\n|turn|39\n|\n|t:|1733852327\n|move|p1a: Gyarados|Waterfall|p2a: Skarmory\n|-damage|p2a: Skarmory|135/235\n|move|p2a: Skarmory|Whirlwind|p1a: Gyarados\n|drag|p1a: Spectrier|Spectrier, L75|225/274\n|\n|upkeep\n|turn|40\n|\n|t:|1733852335\n|switch|p2a: Indeedee|Indeedee, L84, M|238/238\n|-activate|p2a: Indeedee|move: Sticky Web\n|-unboost|p2a: Indeedee|spe|1\n|-damage|p2a: Indeedee|209/238|[from] Stealth Rock\n|-fieldstart|move: Psychic Terrain|[from] ability: Psychic Surge|[of] p2a: Indeedee\n|move|p1a: Spectrier|Will-O-Wisp|p2a: Indeedee\n|-status|p2a: Indeedee|brn\n|\n|-damage|p2a: Indeedee|195/238 brn|[from] brn\n|upkeep\n|turn|41\n|\n|t:|1733852341\n|switch|p1a: Dialga|Dialga-Origin, L73|266/266\n|-ability|p1a: Dialga|Pressure\n|move|p2a: Indeedee|Expanding Force|p1a: Dialga\n|-resisted|p1a: Dialga\n|-damage|p1a: Dialga|194/266\n|\n|-damage|p2a: Indeedee|181/238 brn|[from] brn\n|upkeep\n|turn|42\n|\n|t:|1733852360\n|move|p2a: Indeedee|Expanding Force|p1a: Dialga\n|-resisted|p1a: Dialga\n|-damage|p1a: Dialga|121/266\n|move|p1a: Dialga|Flash Cannon|p2a: Indeedee\n|-damage|p2a: Indeedee|67/238 brn\n|\n|-damage|p2a: Indeedee|53/238 brn|[from] brn\n|upkeep\n|turn|43\n|\n|t:|1733852364\n|move|p2a: Indeedee|Expanding Force|p1a: Dialga\n|-resisted|p1a: Dialga\n|-damage|p1a: Dialga|38/266\n|move|p1a: Dialga|Flash Cannon|p2a: Indeedee\n|-damage|p2a: Indeedee|0 fnt\n|faint|p2a: Indeedee\n|\n|upkeep\n|\n|t:|1733852371\n|switch|p2a: Terrakion|Terrakion, L79|273/273\n|-activate|p2a: Terrakion|move: Sticky Web\n|-unboost|p2a: Terrakion|spe|1\n|-damage|p2a: Terrakion|256/273|[from] Stealth Rock\n|turn|44\n|\n|t:|1733852376\n|move|p1a: Dialga|Flash Cannon|p2a: Terrakion\n|-supereffective|p2a: Terrakion\n|-damage|p2a: Terrakion|4/273\n|move|p2a: Terrakion|Earthquake|p1a: Dialga\n|-supereffective|p1a: Dialga\n|-damage|p1a: Dialga|0 fnt\n|faint|p1a: Dialga\n|\n|-fieldend|move: Psychic Terrain\n|upkeep\n|\n|t:|1733852382\n|switch|p1a: Spectrier|Spectrier, L75|225/274\n|turn|45\n|\n|t:|1733852386\n|move|p1a: Spectrier|Shadow Ball|p2a: Terrakion\n|-damage|p2a: Terrakion|0 fnt\n|faint|p2a: Terrakion\n|-ability|p1a: Spectrier|Grim Neigh|boost\n|-boost|p1a: Spectrier|spa|1\n|-damage|p1a: Spectrier|198/274|[from] item: Life Orb\n|\n|upkeep\n|\n|t:|1733852393\n|switch|p2a: Registeel|Registeel, L81|246/262 brn\n|-activate|p2a: Registeel|move: Sticky Web\n|-fail|p2a: Registeel|unboost|[from] ability: Clear Body|[of] p2a: Registeel\n|-damage|p2a: Registeel|230/262 brn|[from] Stealth Rock\n|turn|46\n|\n|t:|1733852411\n|move|p1a: Spectrier|Nasty Plot|p1a: Spectrier\n|-boost|p1a: Spectrier|spa|2\n|move|p2a: Registeel|Rest|p2a: Registeel\n|-status|p2a: Registeel|slp|[from] move: Rest\n|-heal|p2a: Registeel|262/262 slp|[silent]\n|-enditem|p2a: Registeel|Chesto Berry|[eat]\n|-curestatus|p2a: Registeel|slp|[msg]\n|\n|upkeep\n|turn|47\n|\n|t:|1733852419\n|move|p1a: Spectrier|Shadow Ball|p2a: Registeel\n|-damage|p2a: Registeel|70/262\n|-damage|p1a: Spectrier|171/274|[from] item: Life Orb\n|move|p2a: Registeel|Iron Head|p1a: Spectrier\n|-damage|p1a: Spectrier|71/274\n|\n|upkeep\n|turn|48\n|\n|t:|1733852427\n|move|p1a: Spectrier|Shadow Ball|p2a: Registeel\n|-damage|p2a: Registeel|0 fnt\n|faint|p2a: Registeel\n|-ability|p1a: Spectrier|Grim Neigh|boost\n|-boost|p1a: Spectrier|spa|1\n|-damage|p1a: Spectrier|44/274|[from] item: Life Orb\n|\n|upkeep\n|\n|t:|1733852430\n|switch|p2a: Skarmory|Skarmory, L80, F|135/235\n|-damage|p2a: Skarmory|106/235|[from] Stealth Rock\n|turn|49\n|\n|t:|1733852433\n|move|p1a: Spectrier|Shadow Ball|p2a: Skarmory\n|-damage|p2a: Skarmory|0 fnt\n|faint|p2a: Skarmory\n|-damage|p1a: Spectrier|17/274|[from] item: Life Orb\n|\n|win|Random Rat 3\n|raw|Random Rat 3's rating: 1470 &rarr; <strong>1488</strong><br />(+18 for winning)\n|raw|edu candy ^_^'s rating: 1439 &rarr; <strong>1421</strong><br />(-18 for losing)\n", "inputlog": ">version bfd83cad13791eb5a5a409923076391caf6fb4d4\n>start {\"formatid\":\"gen9randombattle\",\"seed\":[55164,64931,1066,16824],\"rated\":\"Rated battle\"}\n>player p1 {\"name\":\"Random Rat 3\",\"avatar\":\"unknown\",\"rating\":1470,\"seed\":[33828,33773,19051,34157]}\n>player p2 {\"name\":\"edu candy ^_^\",\"avatar\":\"schoolkid-gen4\",\"rating\":1439,\"seed\":[16856,22090,17858,27151]}\n>p1 switch 5\n>p2 move irondefense\n>p1 move willowisp\n>p2 move ironhead\n>p1 switch 6\n>p2 switch 4\n>p1 move stickyweb\n>p2 move expandingforce\n>p1 switch 3\n>p2 move expandingforce\n>p1 move stealthrock\n>p2 move expandingforce\n>p1 move recover\n>p2 move expandingforce\n>p1 move knockoff\n>p2 switch 5\n>p1 move psychicnoise\n>p2 move dragondance\n>p1 switch 4\n>p2 move leafblade\n>p1 move thunderbolt\n>p2 move dragondance terastallize\n>p1 move dazzlinggleam\n>p2 move earthquake\n>p1 switch 2\n>p1 move waterfall\n>p2 move leafblade\n>p2 switch 6\n>p1 switch 4\n>p2 move cosmicpower\n>p1 move knockoff\n>p2 move cosmicpower\n>p1 switch 3\n>p2 move recover\n>p1 move bugbuzz\n>p2 move cosmicpower\n>p1 move discharge\n>p2 move cosmicpower\n>p1 move bugbuzz\n>p2 move recover\n>p1 move bugbuzz\n>p2 move storedpower\n>p1 switch 3\n>p1 move psychicnoise\n>p2 move recover\n>p1 move knockoff\n>p2 move storedpower\n>p1 move recover\n>p2 move cosmicpower\n>p1 move psychicnoise\n>p2 move recover\n>p1 move knockoff\n>p2 move storedpower\n>p1 move knockoff\n>p2 move storedpower\n>p1 move psychicnoise\n>p2 move recover\n>p1 move knockoff\n>p2 move storedpower\n>p1 move psychicnoise\n>p2 move recover\n>p1 move recover\n>p2 move cosmicpower\n>p1 move psychicnoise\n>p2 move storedpower\n>p1 move knockoff\n>p2 move nightshade\n>p1 move psychicnoise\n>p2 move recover\n>p1 move recover\n>p2 move storedpower\n>p1 move psychicnoise\n>p2 move storedpower\n>p1 move knockoff\n>p2 move storedpower\n>p2 switch 3\n>p1 move knockoff\n>p2 move bravebird\n>p1 switch 4\n>p1 move dragondance\n>p2 move roost\n>p1 move waterfall\n>p2 move whirlwind\n>p1 move willowisp\n>p2 switch 5\n>p1 switch 5\n>p2 move expandingforce\n>p1 move flashcannon\n>p2 move expandingforce\n>p1 move flashcannon\n>p2 move expandingforce\n>p2 switch 2\n>p1 move flashcannon\n>p2 move earthquake\n>p1 switch 5\n>p1 move shadowball\n>p2 move earthquake\n>p2 switch 4\n>p1 move nastyplot\n>p2 move rest\n>p1 move shadowball\n>p2 move ironhead\n>p1 move shadowball\n>p2 move ironhead\n>p2 switch 5\n>p1 move shadowball\n>p2 move roost", "uploadtime": 1733852437, "views": 2, "formatid": "gen9randombattle", "rating": 1421, "private": 0, "password": null}