{"id": "gen9randombattle-2260837332", "format": "[Gen 9] Random Battle", "players": ["HeadLessAlex18", "56i645i5s"], "log": "|j|\u2606HeadLessAlex18\n|j|\u260656i645i5s\n|t:|1733901390\n|gametype|singles\n|player|p1|HeadLessAlex18|2|1173\n|player|p2|56i645i5s|2|1106\n|teamsize|p1|6\n|teamsize|p2|6\n|gen|9\n|tier|[Gen 9] Random Battle\n|rated|\n|rule|Species Clause: Limit one of each Pok\u00e9mon\n|rule|HP Percentage Mod: HP is shown in percentages\n|rule|Sleep Clause Mod: Limit one foe put to sleep\n|rule|Illusion Level Mod: Illusion disguises the Pok\u00e9mon's true level\n|\n|t:|1733901390\n|start\n|switch|p1a: Thundurus|Thundurus, L80, M|258/258\n|switch|p2a: Toucannon|Toucannon, L88, M|284/284\n|turn|1\n|inactive|Battle timer is ON: inactive players will automatically lose when time's up. (requested by 56i645i5s)\n|\n|t:|1733901441\n|switch|p2a: Sudowoodo|Sudowoodo, L94, M|284/284\n|move|p1a: Thundurus|Nasty Plot|p1a: Thundurus\n|-boost|p1a: Thundurus|spa|2\n|\n|upkeep\n|turn|2\n|\n|t:|1733901450\n|move|p1a: Thundurus|Grass Knot|p2a: Sudowoodo\n|-supereffective|p2a: Sudowoodo\n|-damage|p2a: Sudowoodo|64/284\n|move|p2a: Sudowoodo|Head Smash|p1a: Thundurus|[miss]\n|-miss|p2a: Sudowoodo|p1a: Thundurus\n|\n|-heal|p2a: Sudowoodo|81/284|[from] item: Leftovers\n|upkeep\n|turn|3\n|\n|t:|1733901457\n|move|p2a: Sudowoodo|Sucker Punch|p1a: Thundurus\n|-damage|p1a: Thundurus|183/258\n|move|p1a: Thundurus|Grass Knot|p2a: Sudowoodo\n|-supereffective|p2a: Sudowoodo\n|-damage|p2a: Sudowoodo|0 fnt\n|faint|p2a: Sudowoodo\n|\n|upkeep\n|\n|t:|1733901463\n|switch|p2a: Baxcalibur|Baxcalibur, L75, F|295/295\n|turn|4\n|\n|t:|1733901469\n|move|p2a: Baxcalibur|Ice Shard|p1a: Thundurus\n|-supereffective|p1a: Thundurus\n|-damage|p1a: Thundurus|7/258\n|move|p1a: Thundurus|Thunderbolt|p2a: Baxcalibur\n|-resisted|p2a: Baxcalibur\n|-damage|p2a: Baxcalibur|175/295\n|\n|upkeep\n|turn|5\n|\n|t:|1733901475\n|move|p2a: Baxcalibur|Ice Shard|p1a: Thundurus\n|-supereffective|p1a: Thundurus\n|-damage|p1a: Thundurus|0 fnt\n|faint|p1a: Thundurus\n|\n|upkeep\n|\n|t:|1733901494\n|switch|p1a: Munkidori|Munkidori, L79, M|269/269\n|turn|6\n|\n|t:|1733901522\n|switch|p2a: Carbink|Carbink, L90|236/236\n|move|p1a: Munkidori|Nasty Plot|p1a: Munkidori\n|-boost|p1a: Munkidori|spa|2\n|\n|upkeep\n|turn|7\n|\n|t:|1733901533\n|move|p1a: Munkidori|Sludge Wave|p2a: Carbink\n|-damage|p2a: Carbink|44/236\n|-damage|p1a: Munkidori|243/269|[from] item: Life Orb\n|move|p2a: Carbink|Moonblast|p1a: Munkidori\n|-resisted|p1a: Munkidori\n|-damage|p1a: Munkidori|204/269\n|\n|upkeep\n|turn|8\n|\n|t:|1733901542\n|move|p1a: Munkidori|Nasty Plot|p1a: Munkidori\n|-boost|p1a: Munkidori|spa|2\n|move|p2a: Carbink|Rest|p2a: Carbink\n|-status|p2a: Carbink|slp|[from] move: Rest\n|-heal|p2a: Carbink|236/236 slp|[silent]\n|-enditem|p2a: Carbink|Chesto Berry|[eat]\n|-curestatus|p2a: Carbink|slp|[msg]\n|\n|upkeep\n|turn|9\n|\n|t:|1733901552\n|move|p1a: Munkidori|Sludge Wave|p2a: Carbink\n|-damage|p2a: Carbink|0 fnt\n|faint|p2a: Carbink\n|-damage|p1a: Munkidori|178/269|[from] item: Life Orb\n|\n|upkeep\n|\n|t:|1733901561\n|switch|p2a: Volcarona|Volcarona, L77, M|257/257\n|turn|10\n|\n|t:|1733901572\n|-terastallize|p2a: Volcarona|Steel\n|move|p1a: Munkidori|Sludge Wave|p2a: Volcarona\n|-immune|p2a: Volcarona\n|move|p2a: Volcarona|Quiver Dance|p2a: Volcarona\n|-boost|p2a: Volcarona|spa|1\n|-boost|p2a: Volcarona|spd|1\n|-boost|p2a: Volcarona|spe|1\n|\n|upkeep\n|turn|11\n|\n|t:|1733901585\n|move|p2a: Volcarona|Fire Blast|p1a: Munkidori|[miss]\n|-miss|p2a: Volcarona|p1a: Munkidori\n|move|p1a: Munkidori|Focus Blast|p2a: Volcarona|[miss]\n|-miss|p1a: Munkidori|p2a: Volcarona\n|\n|upkeep\n|turn|12\n|\n|t:|1733901591\n|move|p2a: Volcarona|Fire Blast|p1a: Munkidori\n|-damage|p1a: Munkidori|0 fnt\n|faint|p1a: Munkidori\n|\n|upkeep\n|\n|t:|1733901603\n|switch|p1a: Toedscruel|Toedscruel, L87, M|281/281\n|turn|13\n|\n|t:|1733901629\n|-terastallize|p1a: Toedscruel|Water\n|move|p2a: Volcarona|Fire Blast|p1a: Toedscruel\n|-resisted|p1a: Toedscruel\n|-damage|p1a: Toedscruel|215/281\n|move|p1a: Toedscruel|Spore|p2a: Volcarona\n|-status|p2a: Volcarona|slp|[from] move: Spore\n|\n|-heal|p1a: Toedscruel|232/281|[from] item: Leftovers\n|upkeep\n|turn|14\n|\n|t:|1733901654\n|cant|p2a: Volcarona|slp\n|move|p1a: Toedscruel|Earth Power|p2a: Volcarona\n|-supereffective|p2a: Volcarona\n|-damage|p2a: Volcarona|141/257 slp\n|\n|-heal|p1a: Toedscruel|249/281|[from] item: Leftovers\n|upkeep\n|turn|15\n|\n|t:|1733901662\n|cant|p2a: Volcarona|slp\n|move|p1a: Toedscruel|Earth Power|p2a: Volcarona\n|-supereffective|p2a: Volcarona\n|-damage|p2a: Volcarona|37/257 slp\n|\n|-heal|p1a: Toedscruel|266/281|[from] item: Leftovers\n|upkeep\n|turn|16\n|\n|t:|1733901668\n|cant|p2a: Volcarona|slp\n|move|p1a: Toedscruel|Earth Power|p2a: Volcarona\n|-supereffective|p2a: Volcarona\n|-damage|p2a: Volcarona|0 fnt\n|faint|p2a: Volcarona\n|\n|-heal|p1a: Toedscruel|281/281|[from] item: Leftovers\n|upkeep\n|\n|t:|1733901672\n|switch|p2a: Toucannon|Toucannon, L88, M|284/284\n|turn|17\n|\n|t:|1733901690\n|move|p2a: Toucannon|Bullet Seed|p1a: Toedscruel\n|-supereffective|p1a: Toedscruel\n|-damage|p1a: Toedscruel|221/281\n|-supereffective|p1a: Toedscruel\n|-damage|p1a: Toedscruel|167/281\n|-supereffective|p1a: Toedscruel\n|-damage|p1a: Toedscruel|115/281\n|-supereffective|p1a: Toedscruel\n|-damage|p1a: Toedscruel|57/281\n|-supereffective|p1a: Toedscruel\n|-damage|p1a: Toedscruel|5/281\n|-hitcount|p1a: Toedscruel|5\n|move|p1a: Toedscruel|Spore|p2a: Toucannon\n|-status|p2a: Toucannon|slp|[from] move: Spore\n|\n|-heal|p1a: Toedscruel|22/281|[from] item: Leftovers\n|upkeep\n|turn|18\n|\n|t:|1733901716\n|-singleturn|p2a: Toucannon|move: Beak Blast\n|move|p1a: Toedscruel|Rapid Spin|p2a: Toucannon\n|-damage|p2a: Toucannon|253/284 slp\n|-status|p1a: Toedscruel|brn\n|-boost|p1a: Toedscruel|spe|1\n|cant|p2a: Toucannon|slp\n|\n|-heal|p1a: Toedscruel|39/281 brn|[from] item: Leftovers\n|-damage|p1a: Toedscruel|22/281 brn|[from] brn\n|upkeep\n|turn|19\n|-message|HeadLessAlex18 forfeited.\n|\n|win|56i645i5s\n|raw|HeadLessAlex18's rating: 1173 &rarr; <strong>1143</strong><br />(-30 for losing)\n|raw|56i645i5s's rating: 1106 &rarr; <strong>1136</strong><br />(+30 for winning)\n|l|\u2606HeadLessAlex18\n|player|p1|\n", "inputlog": ">version bfd83cad13791eb5a5a409923076391caf6fb4d4\n>start {\"formatid\":\"gen9randombattle\",\"seed\":[5334,27168,26430,63204],\"rated\":\"Rated battle\"}\n>player p1 {\"name\":\"HeadLessAlex18\",\"avatar\":\"2\",\"rating\":1173,\"seed\":[14949,39221,46840,437]}\n>player p2 {\"name\":\"56i645i5s\",\"avatar\":\"2\",\"rating\":1106,\"seed\":[53951,23152,64442,38111]}\n>p1 move nastyplot\n>p2 switch 5\n>p1 move grassknot\n>p2 move headsmash\n>p1 move grassknot\n>p2 move suckerpunch\n>p2 switch 3\n>p1 move thunderbolt\n>p2 move iceshard\n>p1 move thunderbolt\n>p2 move iceshard\n>p1 switch 3\n>p1 move nastyplot\n>p2 switch 6\n>p1 move sludgewave\n>p2 move moonblast\n>p1 move nastyplot\n>p2 move rest\n>p1 move sludgewave\n>p2 move bodypress\n>p2 switch 4\n>p1 move sludgewave\n>p2 move quiverdance terastallize\n>p1 move focusblast\n>p2 move fireblast\n>p1 move focusblast\n>p2 move fireblast\n>p1 switch 2\n>p1 move spore terastallize\n>p2 move fireblast\n>p1 move earthpower\n>p2 move quiverdance\n>p1 move earthpower\n>p2 move gigadrain\n>p1 move earthpower\n>p2 move gigadrain\n>p2 switch 5\n>p1 move spore\n>p2 move bulletseed\n>p1 move rapidspin\n>p2 move beakblast\n>forcelose p1", "uploadtime": 1733901726, "views": 1, "formatid": "gen9randombattle", "rating": 1136, "private": 0, "password": null}