{"id": "gen9randombattle-2260625465", "format": "[Gen 9] Random Battle", "players": ["Jonjo619", "Gasp6"], "log": "|j|\u2606Jonjo619\n|j|\u2606Gasp6\n|t:|1733870778\n|gametype|singles\n|player|p1|Jonjo619|blaine|\n|player|p2|Gasp6|169|\n|teamsize|p1|6\n|teamsize|p2|6\n|gen|9\n|tier|[Gen 9] Random Battle\n|rule|Species Clause: Limit one of each Pok\u00e9mon\n|rule|HP Percentage Mod: HP is shown in percentages\n|rule|Sleep Clause Mod: Limit one foe put to sleep\n|rule|Illusion Level Mod: Illusion disguises the Pok\u00e9mon's true level\n|\n|t:|1733870778\n|start\n|switch|p1a: Munkidori|Munkidori, L79, M|269/269\n|switch|p2a: Tornadus|Tornadus, L82, M|264/264\n|turn|1\n|\n|t:|1733870800\n|move|p1a: Munkidori|Fake Out|p2a: Tornadus\n|-crit|p2a: Tornadus\n|-damage|p2a: Tornadus|228/264\n|cant|p2a: Tornadus|flinch\n|\n|upkeep\n|turn|2\n|\n|t:|1733870813\n|move|p2a: Tornadus|Knock Off|p1a: Munkidori\n|-supereffective|p1a: Munkidori\n|-damage|p1a: Munkidori|91/269\n|-enditem|p1a: Munkidori|Assault Vest|[from] move: Knock Off|[of] p2a: Tornadus\n|move|p1a: Munkidori|Sludge Wave|p2a: Tornadus\n|-damage|p2a: Tornadus|104/264\n|\n|upkeep\n|turn|3\n|\n|t:|1733870868\n|-terastallize|p1a: Munkidori|Dark\n|move|p2a: Tornadus|Knock Off|p1a: Munkidori\n|-resisted|p1a: Munkidori\n|-damage|p1a: Munkidori|59/269\n|move|p1a: Munkidori|Sludge Wave|p2a: Tornadus\n|-damage|p2a: Tornadus|0 fnt\n|faint|p2a: Tornadus\n|\n|upkeep\n|\n|t:|1733870897\n|switch|p2a: Scream Tail|Scream Tail, L84|330/330\n|turn|4\n|\n|t:|1733870918\n|move|p2a: Scream Tail|Play Rough|p1a: Munkidori\n|-supereffective|p1a: Munkidori\n|-damage|p1a: Munkidori|0 fnt\n|faint|p1a: Munkidori\n|\n|upkeep\n|\n|t:|1733870923\n|switch|p1a: Regigigas|Regigigas, L84|322/322\n|-start|p1a: Regigigas|ability: Slow Start\n|turn|5\n|\n|t:|1733870930\n|move|p2a: Scream Tail|Play Rough|p1a: Regigigas\n|-crit|p1a: Regigigas\n|-damage|p1a: Regigigas|223/322\n|move|p1a: Regigigas|Knock Off|p2a: Scream Tail\n|-damage|p2a: Scream Tail|281/330\n|-enditem|p2a: Scream Tail|Leftovers|[from] move: Knock Off|[of] p1a: Regigigas\n|\n|-heal|p1a: Regigigas|243/322|[from] item: Leftovers\n|upkeep\n|turn|6\n|\n|t:|1733870942\n|move|p2a: Scream Tail|Play Rough|p1a: Regigigas\n|-damage|p1a: Regigigas|182/322\n|move|p1a: Regigigas|Body Slam|p2a: Scream Tail\n|-damage|p2a: Scream Tail|218/330\n|\n|-heal|p1a: Regigigas|202/322|[from] item: Leftovers\n|upkeep\n|turn|7\n|\n|t:|1733870958\n|move|p2a: Scream Tail|Play Rough|p1a: Regigigas\n|-crit|p1a: Regigigas\n|-damage|p1a: Regigigas|115/322\n|move|p1a: Regigigas|Rest|p1a: Regigigas\n|-status|p1a: Regigigas|slp|[from] move: Rest\n|-heal|p1a: Regigigas|322/322 slp|[silent]\n|\n|upkeep\n|turn|8\n|\n|t:|1733870967\n|move|p2a: Scream Tail|Encore|p1a: Regigigas\n|-start|p1a: Regigigas|Encore\n|cant|p1a: Regigigas|slp\n|\n|upkeep\n|turn|9\n|\n|t:|1733870976\n|-end|p2a: Scream Tail|Protosynthesis|[silent]\n|switch|p2a: Minior|Minior-Violet, L79|224/224\n|-formechange|p2a: Minior|Minior-Meteor||[from] ability: Shields Down\n|cant|p1a: Regigigas|slp\n|\n|-end|p1a: Regigigas|Slow Start\n|upkeep\n|turn|10\n|\n|t:|1733870985\n|-curestatus|p1a: Regigigas|slp|[msg]\n|move|p1a: Regigigas|Rest|p1a: Regigigas\n|-fail|p1a: Regigigas|heal\n|move|p2a: Minior|Shell Smash|p2a: Minior\n|-unboost|p2a: Minior|def|1\n|-unboost|p2a: Minior|spd|1\n|-boost|p2a: Minior|atk|2\n|-boost|p2a: Minior|spa|2\n|-boost|p2a: Minior|spe|2\n|-enditem|p2a: Minior|White Herb\n|-clearnegativeboost|p2a: Minior|[silent]\n|\n|-end|p1a: Regigigas|Encore\n|upkeep\n|turn|11\n|\n|t:|1733871005\n|move|p2a: Minior|Acrobatics|p1a: Regigigas\n|-damage|p1a: Regigigas|201/322\n|move|p1a: Regigigas|Rest|p1a: Regigigas\n|-status|p1a: Regigigas|slp|[from] move: Rest\n|-heal|p1a: Regigigas|322/322 slp|[silent]\n|\n|upkeep\n|turn|12\n|\n|t:|1733871013\n|move|p2a: Minior|Shell Smash|p2a: Minior\n|-unboost|p2a: Minior|def|1\n|-unboost|p2a: Minior|spd|1\n|-boost|p2a: Minior|atk|2\n|-boost|p2a: Minior|spa|2\n|-boost|p2a: Minior|spe|2\n|cant|p1a: Regigigas|slp\n|move|p1a: Regigigas|Sleep Talk|p1a: Regigigas\n|move|p1a: Regigigas|Rest||[from]move: Sleep Talk|[still]\n|-fail|p1a: Regigigas\n|\n|upkeep\n|turn|13\n|\n|t:|1733871029\n|move|p2a: Minior|Acrobatics|p1a: Regigigas\n|-damage|p1a: Regigigas|129/322 slp\n|cant|p1a: Regigigas|slp\n|move|p1a: Regigigas|Sleep Talk|p1a: Regigigas\n|move|p1a: Regigigas|Body Slam|p2a: Minior|[from]move: Sleep Talk\n|-resisted|p2a: Minior\n|-damage|p2a: Minior|123/224\n|\n|-heal|p1a: Regigigas|149/322 slp|[from] item: Leftovers\n|upkeep\n|turn|14\n|\n|t:|1733871043\n|move|p2a: Minior|Acrobatics|p1a: Regigigas\n|-damage|p1a: Regigigas|0 fnt\n|faint|p1a: Regigigas\n|-end|p1a: Regigigas|Slow Start|[silent]\n|\n|upkeep\n|\n|t:|1733871044\n|switch|p1a: Weezing|Weezing-Galar, L86, F|252/252\n|turn|15\n|\n|t:|1733871054\n|move|p2a: Minior|Acrobatics|p1a: Weezing\n|-damage|p1a: Weezing|74/252\n|move|p1a: Weezing|Strange Steam|p2a: Minior\n|-damage|p2a: Minior|0 fnt\n|faint|p2a: Minior\n|\n|-heal|p1a: Weezing|89/252|[from] item: Leftovers\n|upkeep\n|\n|t:|1733871090\n|switch|p2a: Hariyama|Hariyama, L87, M|392/392\n|turn|16\n|\n|t:|1733871116\n|-terastallize|p2a: Hariyama|Steel\n|move|p1a: Weezing|Strange Steam|p2a: Hariyama\n|-resisted|p2a: Hariyama\n|-damage|p2a: Hariyama|353/392\n|move|p2a: Hariyama|Heavy Slam|p1a: Weezing\n|-supereffective|p1a: Weezing\n|-damage|p1a: Weezing|0 fnt\n|faint|p1a: Weezing\n|\n|upkeep\n|\n|t:|1733871131\n|switch|p1a: Hydrapple|Hydrapple, L83, F|312/312\n|turn|17\n|\n|t:|1733871136\n|move|p2a: Hariyama|Knock Off|p1a: Hydrapple\n|-damage|p1a: Hydrapple|235/312\n|-enditem|p1a: Hydrapple|Choice Specs|[from] move: Knock Off|[of] p2a: Hariyama\n|move|p1a: Hydrapple|Earth Power|p2a: Hariyama\n|-supereffective|p2a: Hariyama\n|-damage|p2a: Hariyama|235/392\n|\n|upkeep\n|turn|18\n|\n|t:|1733871185\n|move|p2a: Hariyama|Heavy Slam|p1a: Hydrapple\n|-damage|p1a: Hydrapple|160/312\n|move|p1a: Hydrapple|Earth Power|p2a: Hariyama\n|-supereffective|p2a: Hariyama\n|-damage|p2a: Hariyama|111/392\n|\n|upkeep\n|turn|19\n|\n|t:|1733871194\n|move|p2a: Hariyama|Close Combat|p1a: Hydrapple\n|-damage|p1a: Hydrapple|22/312\n|-unboost|p2a: Hariyama|def|1\n|-unboost|p2a: Hariyama|spd|1\n|move|p1a: Hydrapple|Earth Power|p2a: Hariyama\n|-supereffective|p2a: Hariyama\n|-damage|p2a: Hariyama|0 fnt\n|faint|p2a: Hariyama\n|\n|upkeep\n|\n|t:|1733871211\n|switch|p2a: Scream Tail|Scream Tail, L84|218/330\n|turn|20\n|\n|t:|1733871253\n|move|p2a: Scream Tail|Play Rough|p1a: Hydrapple|[miss]\n|-miss|p2a: Scream Tail|p1a: Hydrapple\n|move|p1a: Hydrapple|Leaf Storm|p2a: Scream Tail\n|-damage|p2a: Scream Tail|97/330\n|-unboost|p1a: Hydrapple|spa|2\n|\n|upkeep\n|turn|21\n|\n|t:|1733871261\n|move|p2a: Scream Tail|Play Rough|p1a: Hydrapple\n|-supereffective|p1a: Hydrapple\n|-damage|p1a: Hydrapple|0 fnt\n|faint|p1a: Hydrapple\n|\n|upkeep\n|\n|t:|1733871266\n|switch|p1a: Decidueye|Decidueye, L88, F|281/281\n|turn|22\n|\n|t:|1733871271\n|move|p1a: Decidueye|Shadow Sneak|p2a: Scream Tail\n|-supereffective|p2a: Scream Tail\n|-damage|p2a: Scream Tail|0 fnt\n|faint|p2a: Scream Tail\n|-end|p2a: Scream Tail|Protosynthesis|[silent]\n|-damage|p1a: Decidueye|253/281|[from] item: Life Orb\n|\n|upkeep\n|\n|t:|1733871277\n|switch|p2a: Zarude|Zarude, L78|292/292\n|turn|23\n|\n|t:|1733871298\n|move|p1a: Decidueye|Shadow Sneak|p2a: Zarude\n|-resisted|p2a: Zarude\n|-damage|p2a: Zarude|262/292\n|-damage|p1a: Decidueye|225/281|[from] item: Life Orb\n|move|p2a: Zarude|Knock Off|p1a: Decidueye\n|-supereffective|p1a: Decidueye\n|-damage|p1a: Decidueye|0 fnt\n|-enditem|p1a: Decidueye|Life Orb|[from] move: Knock Off|[of] p2a: Zarude\n|faint|p1a: Decidueye\n|\n|upkeep\n|\n|t:|1733871300\n|switch|p1a: Tatsugiri|Tatsugiri-Stretchy, L87, F|260/260\n|turn|24\n|\n|t:|1733871310\n|move|p2a: Zarude|Knock Off|p1a: Tatsugiri\n|-damage|p1a: Tatsugiri|53/260\n|-enditem|p1a: Tatsugiri|Life Orb|[from] move: Knock Off|[of] p2a: Zarude\n|move|p1a: Tatsugiri|Draco Meteor|p2a: Zarude\n|-damage|p2a: Zarude|90/292\n|-unboost|p1a: Tatsugiri|spa|2\n|\n|upkeep\n|turn|25\n|\n|t:|1733871319\n|move|p2a: Zarude|Knock Off|p1a: Tatsugiri\n|-damage|p1a: Tatsugiri|0 fnt\n|faint|p1a: Tatsugiri\n|\n|win|Gasp6\n|l|\u2606Jonjo619\n|player|p1|\n|l|\u2606Gasp6\n|player|p2|\n|j|\u2606Gasp6\n|player|p2|Gasp6|169|\n", "inputlog": ">version bfd83cad13791eb5a5a409923076391caf6fb4d4\n>start {\"formatid\":\"gen9randombattle\",\"seed\":[40670,7244,31470,15726]}\n>player p1 {\"name\":\"Jonjo619\",\"avatar\":\"blaine\",\"rating\":0,\"seed\":[38185,50921,43482,33955]}\n>player p2 {\"name\":\"Gasp6\",\"avatar\":\"169\",\"rating\":0,\"seed\":[56444,51113,55798,21847]}\n>p1 move fakeout\n>p2 move knockoff\n>p1 move sludgewave\n>p2 move knockoff\n>p1 move sludgewave terastallize\n>p2 move knockoff\n>p2 switch 4\n>p1 move sludgewave\n>p2 move playrough\n>p1 switch 6\n>p1 move knockoff\n>p2 move playrough\n>p1 move bodyslam\n>p2 move playrough\n>p1 move rest\n>p2 move playrough\n>p1 move sleeptalk\n>p2 move encore\n>p1 move rest\n>p2 switch 2\n>p1 move rest\n>p2 move shellsmash\n>p1 move rest\n>p2 move acrobatics\n>p1 move sleeptalk\n>p2 move shellsmash\n>p1 move sleeptalk\n>p2 move acrobatics\n>p1 move sleeptalk\n>p2 move acrobatics\n>p1 switch 3\n>p1 move strangesteam\n>p2 move acrobatics\n>p2 switch 6\n>p1 move strangesteam\n>p2 move heavyslam terastallize\n>p1 switch 4\n>p1 move earthpower\n>p2 move knockoff\n>p1 move earthpower\n>p2 move heavyslam\n>p1 move earthpower\n>p2 move closecombat\n>p2 switch 2\n>p1 move leafstorm\n>p2 move playrough\n>p1 move leafstorm\n>p2 move playrough\n>p1 switch 2\n>p1 move shadowsneak\n>p2 move wish\n>p2 switch 5\n>p1 move shadowsneak\n>p2 move knockoff\n>p1 switch 5\n>p1 move dracometeor\n>p2 move knockoff\n>p1 move dracometeor\n>p2 move knockoff", "uploadtime": 1733871340, "views": 2, "formatid": "gen9randombattle", "rating": null, "private": 0, "password": null}