{"id": "gen9randombattle-2260682612", "format": "[Gen 9] Random Battle", "players": ["Micael Lopes", "caspernopants"], "log": "|j|\u2606Micael Lopes\n|j|\u2606caspernopants\n|t:|1733877889\n|gametype|singles\n|player|p1|Micael Lopes|benga|1950\n|player|p2|caspernopants|janitor|1988\n|teamsize|p1|6\n|teamsize|p2|6\n|gen|9\n|tier|[Gen 9] Random Battle\n|rated|\n|rule|Species Clause: Limit one of each Pok\u00e9mon\n|rule|HP Percentage Mod: HP is shown in percentages\n|rule|Sleep Clause Mod: Limit one foe put to sleep\n|rule|Illusion Level Mod: Illusion disguises the Pok\u00e9mon's true level\n|\n|t:|1733877889\n|start\n|switch|p1a: Braviary|Braviary, L85, M|309/309\n|switch|p2a: Gastrodon|Gastrodon-East, L86, M|331/331\n|turn|1\n|inactive|Battle timer is ON: inactive players will automatically lose when time's up. (requested by Micael Lopes)\n|inactive|Micael Lopes has 120 seconds left.\n|inactive|Micael Lopes has 90 seconds left.\n|\n|t:|1733877951\n|switch|p1a: Regigigas|Regigigas, L84|322/322\n|-start|p1a: Regigigas|ability: Slow Start\n|move|p2a: Gastrodon|Stealth Rock|p1a: Regigigas\n|-sidestart|p1: Micael Lopes|move: Stealth Rock\n|\n|upkeep\n|turn|2\n|inactive|caspernopants has 120 seconds left.\n|\n|t:|1733877993\n|switch|p2a: Uxie|Uxie, L83|260/260\n|move|p1a: Regigigas|Body Slam|p2a: Uxie\n|-crit|p2a: Uxie\n|-damage|p2a: Uxie|190/260\n|\n|-heal|p2a: Uxie|206/260|[from] item: Leftovers\n|upkeep\n|turn|3\n|\n|t:|1733877999\n|move|p2a: Uxie|Knock Off|p1a: Regigigas\n|-damage|p1a: Regigigas|273/322\n|-enditem|p1a: Regigigas|Leftovers|[from] move: Knock Off|[of] p2a: Uxie\n|move|p1a: Regigigas|Knock Off|p2a: Uxie\n|-supereffective|p2a: Uxie\n|-damage|p2a: Uxie|126/260\n|-enditem|p2a: Uxie|Leftovers|[from] move: Knock Off|[of] p1a: Regigigas\n|\n|upkeep\n|turn|4\n|inactive|caspernopants has 120 seconds left.\n|\n|t:|1733878006\n|move|p2a: Uxie|Encore|p1a: Regigigas\n|-start|p1a: Regigigas|Encore\n|move|p1a: Regigigas|Knock Off|p2a: Uxie\n|-supereffective|p2a: Uxie\n|-damage|p2a: Uxie|78/260\n|\n|upkeep\n|turn|5\n|\n|t:|1733878009\n|switch|p2a: Coalossal|Coalossal, L89, M|341/341\n|move|p1a: Regigigas|Knock Off|p2a: Coalossal\n|-damage|p2a: Coalossal|304/341\n|-enditem|p2a: Coalossal|Heavy-Duty Boots|[from] move: Knock Off|[of] p1a: Regigigas\n|\n|upkeep\n|turn|6\n|\n|t:|1733878016\n|move|p1a: Regigigas|Knock Off|p2a: Coalossal\n|-crit|p2a: Coalossal\n|-damage|p2a: Coalossal|267/341\n|move|p2a: Coalossal|Spikes|p1a: Regigigas\n|-sidestart|p1: Micael Lopes|Spikes\n|\n|-end|p1a: Regigigas|Encore\n|-end|p1a: Regigigas|Slow Start\n|upkeep\n|turn|7\n|\n|t:|1733878026\n|move|p1a: Regigigas|Body Slam|p2a: Coalossal\n|-resisted|p2a: Coalossal\n|-damage|p2a: Coalossal|219/341\n|-status|p2a: Coalossal|par\n|-status|p1a: Regigigas|brn|[from] ability: Flame Body|[of] p2a: Coalossal\n|move|p2a: Coalossal|Rapid Spin|p1a: Regigigas\n|-damage|p1a: Regigigas|242/322 brn\n|-boost|p2a: Coalossal|spe|1\n|\n|-damage|p1a: Regigigas|222/322 brn|[from] brn\n|upkeep\n|turn|8\n|\n|t:|1733878033\n|move|p1a: Regigigas|Rest|p1a: Regigigas\n|-status|p1a: Regigigas|slp|[from] move: Rest\n|-heal|p1a: Regigigas|322/322 slp|[silent]\n|move|p2a: Coalossal|Spikes|p1a: Regigigas\n|-sidestart|p1: Micael Lopes|Spikes\n|\n|upkeep\n|turn|9\n|\n|t:|1733878043\n|cant|p1a: Regigigas|slp\n|move|p1a: Regigigas|Sleep Talk|p1a: Regigigas\n|move|p1a: Regigigas|Body Slam|p2a: Coalossal|[from]move: Sleep Talk\n|-resisted|p2a: Coalossal\n|-damage|p2a: Coalossal|167/341 par\n|move|p2a: Coalossal|Rapid Spin|p1a: Regigigas\n|-damage|p1a: Regigigas|292/322 slp\n|-boost|p2a: Coalossal|spe|1\n|\n|upkeep\n|turn|10\n|\n|t:|1733878046\n|cant|p1a: Regigigas|slp\n|move|p1a: Regigigas|Sleep Talk|p1a: Regigigas\n|move|p1a: Regigigas|Rest||[from]move: Sleep Talk|[still]\n|-fail|p1a: Regigigas\n|cant|p2a: Coalossal|par\n|\n|upkeep\n|turn|11\n|\n|t:|1733878051\n|-curestatus|p1a: Regigigas|slp|[msg]\n|move|p1a: Regigigas|Body Slam|p2a: Coalossal\n|-resisted|p2a: Coalossal\n|-damage|p2a: Coalossal|119/341 par\n|move|p2a: Coalossal|Spikes|p1a: Regigigas\n|-sidestart|p1: Micael Lopes|Spikes\n|\n|upkeep\n|turn|12\n|\n|t:|1733878056\n|move|p1a: Regigigas|Body Slam|p2a: Coalossal\n|-resisted|p2a: Coalossal\n|-damage|p2a: Coalossal|69/341 par\n|move|p2a: Coalossal|Rapid Spin|p1a: Regigigas\n|-damage|p1a: Regigigas|260/322\n|-boost|p2a: Coalossal|spe|1\n|\n|upkeep\n|turn|13\n|\n|t:|1733878059\n|move|p1a: Regigigas|Body Slam|p2a: Coalossal\n|-resisted|p2a: Coalossal\n|-crit|p2a: Coalossal\n|-damage|p2a: Coalossal|0 fnt\n|faint|p2a: Coalossal\n|\n|upkeep\n|\n|t:|1733878064\n|switch|p2a: Bellibolt|Bellibolt, L84, F|320/320\n|turn|14\n|\n|t:|1733878068\n|move|p1a: Regigigas|Knock Off|p2a: Bellibolt\n|-damage|p2a: Bellibolt|219/320\n|-start|p2a: Bellibolt|Charge|Knock Off|[from] ability: Electromorphosis\n|-enditem|p2a: Bellibolt|Leftovers|[from] move: Knock Off|[of] p1a: Regigigas\n|move|p2a: Bellibolt|Toxic|p1a: Regigigas\n|-status|p1a: Regigigas|tox\n|\n|-damage|p1a: Regigigas|240/322 tox|[from] psn\n|upkeep\n|turn|15\n|\n|t:|1733878073\n|move|p1a: Regigigas|Rest|p1a: Regigigas\n|-status|p1a: Regigigas|slp|[from] move: Rest\n|-heal|p1a: Regigigas|322/322 slp|[silent]\n|move|p2a: Bellibolt|Thunderbolt|p1a: Regigigas\n|-damage|p1a: Regigigas|169/322 slp\n|-end|p2a: Bellibolt|Charge|[silent]\n|\n|upkeep\n|turn|16\n|\n|t:|1733878098\n|cant|p1a: Regigigas|slp\n|move|p2a: Bellibolt|Muddy Water|p1a: Regigigas\n|-crit|p1a: Regigigas\n|-damage|p1a: Regigigas|82/322 slp\n|\n|upkeep\n|turn|17\n|\n|t:|1733878102\n|cant|p1a: Regigigas|slp\n|move|p2a: Bellibolt|Muddy Water|p1a: Regigigas\n|-damage|p1a: Regigigas|29/322 slp\n|-unboost|p1a: Regigigas|accuracy|1\n|\n|upkeep\n|turn|18\n|\n|t:|1733878107\n|-curestatus|p1a: Regigigas|slp|[msg]\n|move|p1a: Regigigas|Rest|p1a: Regigigas\n|-status|p1a: Regigigas|slp|[from] move: Rest\n|-heal|p1a: Regigigas|322/322 slp|[silent]\n|move|p2a: Bellibolt|Toxic||[still]\n|-fail|p2a: Bellibolt\n|\n|upkeep\n|turn|19\n|\n|t:|1733878120\n|cant|p1a: Regigigas|slp\n|move|p1a: Regigigas|Sleep Talk|p1a: Regigigas\n|move|p1a: Regigigas|Knock Off|p2a: Bellibolt|[from]move: Sleep Talk|[miss]\n|-miss|p1a: Regigigas|p2a: Bellibolt\n|move|p2a: Bellibolt|Muddy Water|p1a: Regigigas\n|-damage|p1a: Regigigas|266/322 slp\n|\n|upkeep\n|turn|20\n|\n|t:|1733878128\n|cant|p1a: Regigigas|slp\n|move|p1a: Regigigas|Sleep Talk|p1a: Regigigas\n|move|p1a: Regigigas|Body Slam|p2a: Bellibolt|[from]move: Sleep Talk\n|-damage|p2a: Bellibolt|77/320\n|-start|p2a: Bellibolt|Charge|Body Slam|[from] ability: Electromorphosis\n|move|p2a: Bellibolt|Muddy Water|p1a: Regigigas\n|-damage|p1a: Regigigas|210/322 slp\n|\n|upkeep\n|turn|21\n|\n|t:|1733878138\n|-curestatus|p1a: Regigigas|slp|[msg]\n|move|p1a: Regigigas|Body Slam|p2a: Bellibolt\n|-damage|p2a: Bellibolt|0 fnt\n|faint|p2a: Bellibolt\n|\n|upkeep\n|\n|t:|1733878145\n|switch|p2a: Comfey|Comfey, L85, M|225/225\n|turn|22\n|\n|t:|1733878154\n|move|p2a: Comfey|Calm Mind|p2a: Comfey\n|-boost|p2a: Comfey|spa|1\n|-boost|p2a: Comfey|spd|1\n|move|p1a: Regigigas|Body Slam|p2a: Comfey|[miss]\n|-miss|p1a: Regigigas|p2a: Comfey\n|\n|upkeep\n|turn|23\n|\n|t:|1733878159\n|move|p2a: Comfey|Calm Mind|p2a: Comfey\n|-boost|p2a: Comfey|spa|1\n|-boost|p2a: Comfey|spd|1\n|move|p1a: Regigigas|Body Slam|p2a: Comfey\n|-crit|p2a: Comfey\n|-damage|p2a: Comfey|12/225\n|\n|-heal|p2a: Comfey|26/225|[from] item: Leftovers\n|upkeep\n|turn|24\n|\n|t:|1733878162\n|move|p2a: Comfey|Draining Kiss|p1a: Regigigas\n|-damage|p1a: Regigigas|120/322\n|-heal|p2a: Comfey|94/225|[from] drain|[of] p1a: Regigigas\n|move|p1a: Regigigas|Body Slam|p2a: Comfey\n|-damage|p2a: Comfey|0 fnt\n|faint|p2a: Comfey\n|\n|upkeep\n|\n|t:|1733878167\n|switch|p2a: Gastrodon|Gastrodon-East, L86, M|331/331\n|turn|25\n|\n|t:|1733878174\n|switch|p2a: Misdreavus|Misdreavus, L90, M|254/254\n|move|p1a: Regigigas|Knock Off|p2a: Misdreavus|[miss]\n|-miss|p1a: Regigigas|p2a: Misdreavus\n|\n|upkeep\n|turn|26\n|\n|t:|1733878181\n|move|p1a: Regigigas|Knock Off|p2a: Misdreavus\n|-supereffective|p2a: Misdreavus\n|-damage|p2a: Misdreavus|70/254\n|-enditem|p2a: Misdreavus|Eviolite|[from] move: Knock Off|[of] p1a: Regigigas\n|move|p2a: Misdreavus|Calm Mind|p2a: Misdreavus\n|-boost|p2a: Misdreavus|spa|1\n|-boost|p2a: Misdreavus|spd|1\n|\n|upkeep\n|turn|27\n|\n|t:|1733878184\n|-terastallize|p2a: Misdreavus|Fairy\n|move|p1a: Regigigas|Knock Off|p2a: Misdreavus\n|-resisted|p2a: Misdreavus\n|-damage|p2a: Misdreavus|25/254\n|move|p2a: Misdreavus|Draining Kiss|p1a: Regigigas\n|-damage|p1a: Regigigas|39/322\n|-heal|p2a: Misdreavus|86/254|[from] drain|[of] p1a: Regigigas\n|\n|upkeep\n|turn|28\n|\n|t:|1733878189\n|move|p1a: Regigigas|Rest|p1a: Regigigas\n|-status|p1a: Regigigas|slp|[from] move: Rest\n|-heal|p1a: Regigigas|322/322 slp|[silent]\n|move|p2a: Misdreavus|Draining Kiss|p1a: Regigigas\n|-damage|p1a: Regigigas|243/322 slp\n|-heal|p2a: Misdreavus|145/254|[from] drain|[of] p1a: Regigigas\n|\n|upkeep\n|turn|29\n|\n|t:|1733878192\n|cant|p1a: Regigigas|slp\n|move|p1a: Regigigas|Sleep Talk|p1a: Regigigas\n|move|p1a: Regigigas|Body Slam|p2a: Misdreavus|[from]move: Sleep Talk\n|-damage|p2a: Misdreavus|0 fnt\n|faint|p2a: Misdreavus\n|\n|upkeep\n|\n|t:|1733878195\n|switch|p2a: Uxie|Uxie, L83|78/260\n|turn|30\n|\n|t:|1733878197\n|cant|p1a: Regigigas|slp\n|move|p1a: Regigigas|Sleep Talk|p1a: Regigigas\n|move|p1a: Regigigas|Knock Off|p2a: Uxie|[from]move: Sleep Talk\n|-supereffective|p2a: Uxie\n|-damage|p2a: Uxie|0 fnt\n|faint|p2a: Uxie\n|\n|upkeep\n|\n|t:|1733878202\n|switch|p2a: Gastrodon|Gastrodon-East, L86, M|331/331\n|turn|31\n|-message|caspernopants forfeited.\n|\n|win|Micael Lopes\n|raw|Micael Lopes's rating: 1950 &rarr; <strong>1972</strong><br />(+22 for winning)\n|raw|caspernopants's rating: 1988 &rarr; <strong>1966</strong><br />(-22 for losing)\n|l|\u2606caspernopants\n|player|p2|\n|c|\u2606Micael Lopes|**__Sexy game.__**\n", "inputlog": ">version bfd83cad13791eb5a5a409923076391caf6fb4d4\n>start {\"formatid\":\"gen9randombattle\",\"seed\":[21841,13218,27400,51075],\"rated\":\"Rated battle\"}\n>player p1 {\"name\":\"Micael Lopes\",\"avatar\":\"benga\",\"rating\":1950,\"seed\":[65019,21725,24255,26482]}\n>player p2 {\"name\":\"caspernopants\",\"avatar\":\"janitor\",\"rating\":1988,\"seed\":[14186,17178,55894,54342]}\n>p1 switch 5\n>p2 move stealthrock\n>p1 move bodyslam\n>p2 switch 3\n>p1 move knockoff\n>p2 move knockoff\n>p1 move bodyslam\n>p2 move encore\n>p1 move knockoff\n>p2 switch 5\n>p1 move knockoff\n>p2 move spikes\n>p1 move bodyslam\n>p2 move rapidspin\n>p1 move rest\n>p2 move spikes\n>p1 move sleeptalk\n>p2 move rapidspin\n>p1 move sleeptalk\n>p2 move rapidspin\n>p1 move bodyslam\n>p2 move spikes\n>p1 move bodyslam\n>p2 move rapidspin\n>p1 move bodyslam\n>p2 move rapidspin\n>p2 switch 4\n>p1 move knockoff\n>p2 move toxic\n>p1 move rest\n>p2 move thunderbolt\n>p1 move rest\n>p2 move muddywater\n>p1 move rest\n>p2 move muddywater\n>p1 move rest\n>p2 move toxic\n>p1 move sleeptalk\n>p2 move muddywater\n>p1 move sleeptalk\n>p2 move muddywater\n>p1 move bodyslam\n>p2 move slackoff\n>p2 switch 2\n>p1 move bodyslam\n>p2 move calmmind\n>p1 move bodyslam\n>p2 move calmmind\n>p1 move bodyslam\n>p2 move drainingkiss\n>p2 switch 3\n>p1 move knockoff\n>p2 switch 6\n>p1 move knockoff\n>p2 move calmmind\n>p1 move knockoff\n>p2 move drainingkiss terastallize\n>p1 move rest\n>p2 move drainingkiss\n>p1 move sleeptalk\n>p2 move calmmind\n>p2 switch 5\n>p1 move sleeptalk\n>p2 move encore\n>p2 switch 6\n>forcelose p2", "uploadtime": 1733878212, "views": 9, "formatid": "gen9randombattle", "rating": 1966, "private": 0, "password": null}