{"id": "gen9randombattle-2129049739", "format": "[Gen 9] Random Battle", "players": ["Delta 2777", "MichaelderBeste2"], "log": "|badge|p1|gold|gen9randombattle|3-1\n|uhtml|medal-msg|<div class=\"broadcast-blue\">Curious what those medals under the avatar are? PS now has Ladder Seasons! For more information, check out the <a href=\"https://www.smogon.com/forums/threads/3740067/\">thread on Smogon.</a></div>\n|badge|p2|gold|gen9randombattle|3-1\n|uhtml|medal-msg|<div class=\"broadcast-blue\">Curious what those medals under the avatar are? PS now has Ladder Seasons! For more information, check out the <a href=\"https://www.smogon.com/forums/threads/3740067/\">thread on Smogon.</a></div>\n|j|\u2606Delta 2777\n|j|\u2606MichaelderBeste2\n|t:|1716487078\n|gametype|singles\n|player|p1|Delta 2777|265|2489\n|player|p2|MichaelderBeste2|#scl1platoon|2459\n|teamsize|p1|6\n|teamsize|p2|6\n|gen|9\n|tier|[Gen 9] Random Battle\n|rated|\n|rule|Species Clause: Limit one of each Pok\u00e9mon\n|rule|HP Percentage Mod: HP is shown in percentages\n|rule|Sleep Clause Mod: Limit one foe put to sleep\n|rule|Illusion Level Mod: Illusion disguises the Pok\u00e9mon's true level\n|\n|t:|1716487078\n|start\n|switch|p1a: Slaking|Slaking, L84, M|389/389\n|switch|p2a: Arceus|Arceus-Dragon, L71|288/288\n|turn|1\n|inactive|Battle timer is ON: inactive players will automatically lose when time's up. (requested by Delta 2777)\n|inactive|Delta 2777 has 120 seconds left.\n|\n|t:|1716487119\n|move|p1a: Slaking|Giga Impact|p2a: Arceus\n|-damage|p2a: Arceus|0 fnt\n|-mustrecharge|p1a: Slaking\n|faint|p2a: Arceus\n|\n|upkeep\n|\n|t:|1716487126\n|switch|p2a: Pyroar|Pyroar, L88, M|295/295\n|-ability|p2a: Pyroar|Unnerve\n|turn|2\n|\n|t:|1716487129\n|move|p2a: Pyroar|Will-O-Wisp|p1a: Slaking\n|-status|p1a: Slaking|brn\n|cant|p1a: Slaking|recharge\n|\n|-damage|p1a: Slaking|365/389 brn|[from] brn\n|upkeep\n|turn|3\n|\n|t:|1716487139\n|move|p2a: Pyroar|Fire Blast|p1a: Slaking\n|-damage|p1a: Slaking|175/389 brn\n|move|p1a: Slaking|Giga Impact|p2a: Pyroar\n|-damage|p2a: Pyroar|83/295\n|-mustrecharge|p1a: Slaking\n|\n|-damage|p1a: Slaking|151/389 brn|[from] brn\n|upkeep\n|turn|4\n|\n|t:|1716487168\n|move|p2a: Pyroar|Hyper Voice|p1a: Slaking\n|-damage|p1a: Slaking|0 fnt\n|faint|p1a: Slaking\n|\n|upkeep\n|\n|t:|1716487180\n|switch|p1a: Hatterene|Hatterene, L85, F|236/236\n|turn|5\n|inactive|MichaelderBeste2 has 120 seconds left.\n|\n|t:|1716487201\n|move|p2a: Pyroar|Fire Blast|p1a: Hatterene\n|-damage|p1a: Hatterene|154/236\n|move|p1a: Hatterene|Psychic Noise|p2a: Pyroar\n|-damage|p2a: Pyroar|0 fnt\n|faint|p2a: Pyroar\n|\n|upkeep\n|inactive|MichaelderBeste2 has 120 seconds left.\n|\n|t:|1716487211\n|switch|p2a: Toxtricity|Toxtricity, L82, F|257/257\n|turn|6\n|\n|t:|1716487229\n|switch|p1a: Necrozma|Necrozma, L81|290/290\n|move|p2a: Toxtricity|Gunk Shot|p1a: Necrozma\n|-damage|p1a: Necrozma|182/290\n|\n|upkeep\n|turn|7\n|\n|t:|1716487242\n|switch|p2a: Whimsicott|Whimsicott, L85, F|241/241\n|move|p1a: Necrozma|Dragon Dance|p1a: Necrozma\n|-boost|p1a: Necrozma|atk|1\n|-boost|p1a: Necrozma|spe|1\n|\n|upkeep\n|turn|8\n|\n|t:|1716487250\n|move|p1a: Necrozma|Photon Geyser|p2a: Whimsicott\n|-damage|p2a: Whimsicott|42/241\n|-damage|p1a: Necrozma|153/290|[from] item: Life Orb\n|move|p2a: Whimsicott|Moonblast|p1a: Necrozma\n|-damage|p1a: Necrozma|63/290\n|\n|-heal|p2a: Whimsicott|57/241|[from] item: Leftovers\n|upkeep\n|turn|9\n|\n|t:|1716487261\n|move|p2a: Whimsicott|Stun Spore|p1a: Necrozma\n|-status|p1a: Necrozma|par\n|move|p1a: Necrozma|Photon Geyser|p2a: Whimsicott\n|-damage|p2a: Whimsicott|0 fnt\n|faint|p2a: Whimsicott\n|-damage|p1a: Necrozma|34/290 par|[from] item: Life Orb\n|\n|upkeep\n|\n|t:|1716487264\n|switch|p2a: Yanmega|Yanmega, L82, M|275/275\n|turn|10\n|\n|t:|1716487269\n|move|p2a: Yanmega|Bug Buzz|p1a: Necrozma\n|-supereffective|p1a: Necrozma\n|-damage|p1a: Necrozma|0 fnt\n|faint|p1a: Necrozma\n|\n|-ability|p2a: Yanmega|Speed Boost|boost\n|-boost|p2a: Yanmega|spe|1\n|upkeep\n|\n|t:|1716487282\n|switch|p1a: Hatterene|Hatterene, L85, F|154/236\n|turn|11\n|\n|t:|1716487286\n|move|p2a: Yanmega|Air Slash|p1a: Hatterene\n|-damage|p1a: Hatterene|106/236\n|cant|p1a: Hatterene|flinch\n|\n|-ability|p2a: Yanmega|Speed Boost|boost\n|-boost|p2a: Yanmega|spe|1\n|upkeep\n|turn|12\n|\n|t:|1716487289\n|move|p2a: Yanmega|Air Slash|p1a: Hatterene\n|-damage|p1a: Hatterene|54/236\n|move|p1a: Hatterene|Mystical Fire|p2a: Yanmega\n|-supereffective|p2a: Yanmega\n|-damage|p2a: Yanmega|59/275\n|-unboost|p2a: Yanmega|spa|1\n|\n|-ability|p2a: Yanmega|Speed Boost|boost\n|-boost|p2a: Yanmega|spe|1\n|upkeep\n|turn|13\n|\n|t:|1716487295\n|move|p2a: Yanmega|Air Slash|p1a: Hatterene\n|-damage|p1a: Hatterene|21/236\n|move|p1a: Hatterene|Draining Kiss|p2a: Yanmega\n|-damage|p2a: Yanmega|0 fnt\n|-heal|p1a: Hatterene|65/236|[from] drain|[of] p2a: Yanmega\n|faint|p2a: Yanmega\n|\n|upkeep\n|j| sheffieldboys2\n|\n|t:|1716487307\n|switch|p2a: Conkeldurr|Conkeldurr, L80, M|299/299\n|turn|14\n|\n|t:|1716487320\n|move|p2a: Conkeldurr|Knock Off|p1a: Hatterene\n|-damage|p1a: Hatterene|0 fnt\n|-enditem|p1a: Hatterene|Assault Vest|[from] move: Knock Off|[of] p2a: Conkeldurr\n|faint|p1a: Hatterene\n|\n|-status|p2a: Conkeldurr|brn|[from] item: Flame Orb\n|upkeep\n|\n|t:|1716487328\n|switch|p1a: Houndstone|Houndstone, L86, M|264/264\n|turn|15\n|\n|t:|1716487332\n|move|p1a: Houndstone|Poltergeist|p2a: Conkeldurr\n|-activate|p2a: Conkeldurr|move: Poltergeist|Flame Orb\n|-damage|p2a: Conkeldurr|181/299 brn\n|move|p2a: Conkeldurr|Knock Off|p1a: Houndstone\n|-supereffective|p1a: Houndstone\n|-crit|p1a: Houndstone\n|-damage|p1a: Houndstone|83/264\n|-enditem|p1a: Houndstone|Leftovers|[from] move: Knock Off|[of] p2a: Conkeldurr\n|\n|-damage|p2a: Conkeldurr|163/299 brn|[from] brn\n|upkeep\n|turn|16\n|\n|t:|1716487339\n|move|p1a: Houndstone|Poltergeist|p2a: Conkeldurr\n|-activate|p2a: Conkeldurr|move: Poltergeist|Flame Orb\n|-damage|p2a: Conkeldurr|34/299 brn\n|move|p2a: Conkeldurr|Knock Off|p1a: Houndstone\n|-supereffective|p1a: Houndstone\n|-damage|p1a: Houndstone|0 fnt\n|faint|p1a: Houndstone\n|\n|-damage|p2a: Conkeldurr|16/299 brn|[from] brn\n|upkeep\n|\n|t:|1716487355\n|switch|p1a: Sableye|Sableye, L90, M|236/236\n|turn|17\n|inactive|MichaelderBeste2 has 120 seconds left.\n|\n|t:|1716487404\n|move|p1a: Sableye|Knock Off|p2a: Conkeldurr\n|-resisted|p2a: Conkeldurr\n|-damage|p2a: Conkeldurr|0 fnt\n|-enditem|p2a: Conkeldurr|Flame Orb|[from] move: Knock Off|[of] p1a: Sableye\n|faint|p2a: Conkeldurr\n|\n|upkeep\n|\n|t:|1716487405\n|switch|p2a: Toxtricity|Toxtricity, L82, F|257/257\n|turn|18\n|\n|t:|1716487418\n|move|p2a: Toxtricity|Overdrive|p1a: Sableye\n|-damage|p1a: Sableye|91/236\n|-enditem|p2a: Toxtricity|Throat Spray\n|-boost|p2a: Toxtricity|spa|1|[from] item: Throat Spray\n|move|p1a: Sableye|Knock Off|p2a: Toxtricity\n|-damage|p2a: Toxtricity|184/257\n|\n|-heal|p1a: Sableye|105/236|[from] item: Leftovers\n|upkeep\n|turn|19\n|inactive|MichaelderBeste2 has 120 seconds left.\n|\n|t:|1716487435\n|move|p1a: Sableye|Taunt|p2a: Toxtricity\n|-start|p2a: Toxtricity|move: Taunt\n|move|p2a: Toxtricity|Overdrive|p1a: Sableye\n|-damage|p1a: Sableye|0 fnt\n|faint|p1a: Sableye\n|\n|upkeep\n|\n|t:|1716487440\n|switch|p1a: Haxorus|Haxorus, L77, M|244/244\n|-ability|p1a: Haxorus|Mold Breaker\n|turn|20\n|\n|t:|1716487451\n|-terastallize|p1a: Haxorus|Steel\n|-terastallize|p2a: Toxtricity|Normal\n|move|p1a: Haxorus|Earthquake|p2a: Toxtricity\n|-damage|p2a: Toxtricity|85/257\n|move|p2a: Toxtricity|Boomburst|p1a: Haxorus\n|-resisted|p1a: Haxorus\n|-damage|p1a: Haxorus|46/244\n|\n|upkeep\n|turn|21\n|\n|t:|1716487459\n|move|p1a: Haxorus|Earthquake|p2a: Toxtricity\n|-damage|p2a: Toxtricity|0 fnt\n|faint|p2a: Toxtricity\n|\n|win|Delta 2777\n|raw|Delta 2777's rating: 2489 &rarr; <strong>2507</strong><br />(+18 for winning)\n|raw|MichaelderBeste2's rating: 2459 &rarr; <strong>2441</strong><br />(-18 for losing)\n|l|\u2606MichaelderBeste2\n|player|p2|\n|l| sheffieldboys2\n|l|\u2606Delta 2777\n|player|p1|\n|j|\u2606Delta 2777\n|player|p1|Delta 2777|265|\n", "inputlog": ">version 7158ead19aeac8750849df2840eabb6dbec77df6\n>start {\"formatid\":\"gen9randombattle\",\"seed\":[54545,64749,37812,16846],\"rated\":\"Rated battle\"}\n>player p1 {\"name\":\"Delta 2777\",\"avatar\":\"265\",\"rating\":2489,\"seed\":[27223,38102,36057,63712]}\n>player p2 {\"name\":\"MichaelderBeste2\",\"avatar\":\"#scl1platoon\",\"rating\":2459,\"seed\":[496,57424,44717,65001]}\n>p1 move gigaimpact\n>p2 move gunkshot\n>p2 switch 6\n>p1 move recharge\n>p2 move willowisp\n>p1 move gigaimpact\n>p2 move fireblast\n>p1 move recharge\n>p2 move hypervoice\n>p1 switch 6\n>p1 move psychicnoise\n>p2 move fireblast\n>p2 switch 3\n>p1 switch 3\n>p2 move gunkshot\n>p1 move dragondance\n>p2 switch 2\n>p1 move photongeyser\n>p2 move moonblast\n>p1 move photongeyser\n>p2 move stunspore\n>p2 switch 5\n>p1 move photongeyser\n>p2 move bugbuzz\n>p1 switch 3\n>p1 move mysticalfire\n>p2 move airslash\n>p1 move mysticalfire\n>p2 move airslash\n>p1 move drainingkiss\n>p2 move airslash\n>p2 switch 4\n>p1 move psychicnoise\n>p2 move knockoff\n>p1 switch 4\n>p1 move poltergeist\n>p2 move knockoff\n>p1 move poltergeist\n>p2 move knockoff\n>p1 switch 5\n>p1 move knockoff\n>p2 move knockoff\n>p2 switch 2\n>p1 move knockoff\n>p2 move overdrive\n>p1 move taunt\n>p2 move overdrive\n>p1 switch 2\n>p1 move earthquake terastallize\n>p2 move boomburst terastallize\n>p1 move earthquake\n>p2 move boomburst", "uploadtime": 1716487531, "views": 231, "formatid": "gen9randombattle", "rating": 2441, "private": 0, "password": null}