{"id": "gen9randombattle-2260106533", "format": "[Gen 9] Random Battle", "players": ["l3ague0fShadows", "Master Matmart"], "log": "|j|\u2606l3ague0fShadows\n|j|\u2606Master Matmart\n|t:|1733803342\n|gametype|singles\n|player|p1|l3ague0fShadows|266|1736\n|player|p2|Master Matmart|flannery|1688\n|teamsize|p1|6\n|teamsize|p2|6\n|gen|9\n|tier|[Gen 9] Random Battle\n|rated|\n|rule|Species Clause: Limit one of each Pok\u00e9mon\n|rule|HP Percentage Mod: HP is shown in percentages\n|rule|Sleep Clause Mod: Limit one foe put to sleep\n|rule|Illusion Level Mod: Illusion disguises the Pok\u00e9mon's true level\n|\n|t:|1733803342\n|start\n|switch|p1a: Abomasnow|Abomasnow, L85, M|291/291\n|switch|p2a: Greedent|Greedent, L86, F|347/347\n|-weather|Snow|[from] ability: Snow Warning|[of] p1a: Abomasnow\n|turn|1\n|inactive|Battle timer is ON: inactive players will automatically lose when time's up. (requested by l3ague0fShadows)\n|\n|t:|1733803356\n|move|p1a: Abomasnow|Aurora Veil|p1a: Abomasnow\n|-sidestart|p1: l3ague0fShadows|move: Aurora Veil\n|move|p2a: Greedent|Swords Dance|p2a: Greedent\n|-boost|p2a: Greedent|atk|2\n|\n|-weather|Snow|[upkeep]\n|upkeep\n|turn|2\n|\n|t:|1733803368\n|move|p1a: Abomasnow|Blizzard|p2a: Greedent\n|-damage|p2a: Greedent|229/347\n|-status|p2a: Greedent|frz\n|cant|p2a: Greedent|frz\n|\n|-weather|Snow|[upkeep]\n|upkeep\n|turn|3\n|\n|t:|1733803384\n|move|p1a: Abomasnow|Blizzard|p2a: Greedent\n|-damage|p2a: Greedent|99/347 frz\n|-enditem|p2a: Greedent|Sitrus Berry|[eat]\n|-heal|p2a: Greedent|185/347 frz|[from] item: Sitrus Berry\n|-heal|p2a: Greedent|300/347 frz|[from] ability: Cheek Pouch\n|cant|p2a: Greedent|frz\n|\n|-weather|Snow|[upkeep]\n|upkeep\n|turn|4\n|\n|t:|1733803392\n|move|p1a: Abomasnow|Blizzard|p2a: Greedent\n|-damage|p2a: Greedent|182/347 frz\n|cant|p2a: Greedent|frz\n|\n|-weather|Snow|[upkeep]\n|upkeep\n|turn|5\n|\n|t:|1733803398\n|move|p1a: Abomasnow|Blizzard|p2a: Greedent\n|-damage|p2a: Greedent|55/347 frz\n|cant|p2a: Greedent|frz\n|\n|-weather|none\n|upkeep\n|turn|6\n|c|\u2606Master Matmart|lol\n|\n|t:|1733803404\n|move|p1a: Abomasnow|Ice Shard|p2a: Greedent\n|-damage|p2a: Greedent|16/347 frz\n|cant|p2a: Greedent|frz\n|\n|upkeep\n|turn|7\n|\n|t:|1733803410\n|move|p1a: Abomasnow|Ice Shard|p2a: Greedent\n|-crit|p2a: Greedent\n|-damage|p2a: Greedent|0 fnt\n|faint|p2a: Greedent\n|\n|upkeep\n|inactive|Master Matmart has 120 seconds left.\n|\n|t:|1733803468\n|switch|p2a: Tinkaton|Tinkaton, L82, F|274/274\n|-ability|p2a: Tinkaton|Mold Breaker\n|turn|8\n|\n|t:|1733803480\n|switch|p1a: Milotic|Milotic, L83, F|293/293\n|move|p2a: Tinkaton|Stealth Rock|p1a: Milotic\n|-sidestart|p1: l3ague0fShadows|move: Stealth Rock\n|\n|-sideend|p1: l3ague0fShadows|move: Aurora Veil\n|upkeep\n|turn|9\n|\n|t:|1733803496\n|switch|p2a: Oranguru|Oranguru, L92, F|315/315\n|move|p1a: Milotic|Scald|p2a: Oranguru\n|-damage|p2a: Oranguru|245/315\n|\n|upkeep\n|turn|10\n|\n|t:|1733803510\n|switch|p1a: Eelektross|Eelektross, L87, M|290/290\n|-damage|p1a: Eelektross|254/290|[from] Stealth Rock\n|move|p2a: Oranguru|Nasty Plot|p2a: Oranguru\n|-boost|p2a: Oranguru|spa|2\n|\n|upkeep\n|turn|11\n|\n|t:|1733803519\n|move|p2a: Oranguru|Hyper Voice|p1a: Eelektross\n|-damage|p1a: Eelektross|62/290\n|-damage|p2a: Oranguru|214/315|[from] item: Life Orb\n|move|p1a: Eelektross|Knock Off|p2a: Oranguru\n|-supereffective|p2a: Oranguru\n|-damage|p2a: Oranguru|56/315\n|-enditem|p2a: Oranguru|Life Orb|[from] move: Knock Off|[of] p1a: Eelektross\n|\n|upkeep\n|turn|12\n|\n|t:|1733803529\n|move|p2a: Oranguru|Hyper Voice|p1a: Eelektross\n|-damage|p1a: Eelektross|0 fnt\n|faint|p1a: Eelektross\n|\n|upkeep\n|\n|t:|1733803542\n|switch|p1a: Milotic|Milotic, L83, F|293/293\n|-damage|p1a: Milotic|257/293|[from] Stealth Rock\n|turn|13\n|\n|t:|1733803561\n|move|p1a: Milotic|Scald|p2a: Oranguru\n|-damage|p2a: Oranguru|0 fnt\n|faint|p2a: Oranguru\n|\n|-heal|p1a: Milotic|275/293|[from] item: Leftovers\n|upkeep\n|inactive|Master Matmart has 120 seconds left.\n|\n|t:|1733803586\n|switch|p2a: Haxorus|Haxorus, L77, M|244/244\n|-ability|p2a: Haxorus|Mold Breaker\n|turn|14\n|\n|t:|1733803591\n|-terastallize|p2a: Haxorus|Steel\n|move|p2a: Haxorus|Dragon Dance|p2a: Haxorus\n|-boost|p2a: Haxorus|atk|1\n|-boost|p2a: Haxorus|spe|1\n|move|p1a: Milotic|Ice Beam|p2a: Haxorus\n|-resisted|p2a: Haxorus\n|-damage|p2a: Haxorus|203/244\n|\n|-heal|p1a: Milotic|293/293|[from] item: Leftovers\n|upkeep\n|turn|15\n|\n|t:|1733803596\n|move|p2a: Haxorus|Dragon Dance|p2a: Haxorus\n|-boost|p2a: Haxorus|atk|1\n|-boost|p2a: Haxorus|spe|1\n|move|p1a: Milotic|Dragon Tail|p2a: Haxorus\n|-resisted|p2a: Haxorus\n|-damage|p2a: Haxorus|188/244\n|drag|p2a: Misdreavus|Misdreavus, L90, F|254/254\n|\n|upkeep\n|turn|16\n|\n|t:|1733803612\n|switch|p2a: Klawf|Klawf, L90, F|272/272\n|switch|p1a: Abomasnow|Abomasnow, L85, M|291/291\n|-damage|p1a: Abomasnow|219/291|[from] Stealth Rock\n|-weather|Snow|[from] ability: Snow Warning|[of] p1a: Abomasnow\n|\n|-weather|Snow|[upkeep]\n|upkeep\n|turn|17\n|\n|t:|1733803619\n|move|p2a: Klawf|Stone Edge|p1a: Abomasnow|[miss]\n|-miss|p2a: Klawf|p1a: Abomasnow\n|move|p1a: Abomasnow|Aurora Veil|p1a: Abomasnow\n|-sidestart|p1: l3ague0fShadows|move: Aurora Veil\n|\n|-weather|Snow|[upkeep]\n|upkeep\n|turn|18\n|\n|t:|1733803623\n|switch|p2a: Misdreavus|Misdreavus, L90, F|254/254\n|move|p1a: Abomasnow|Earthquake|p2a: Misdreavus\n|-immune|p2a: Misdreavus|[from] ability: Levitate\n|\n|-weather|Snow|[upkeep]\n|upkeep\n|turn|19\n|\n|t:|1733803639\n|switch|p1a: Toucannon|Toucannon, L88, F|284/284\n|move|p2a: Misdreavus|Will-O-Wisp|p1a: Toucannon\n|-status|p1a: Toucannon|brn\n|\n|-weather|Snow|[upkeep]\n|-damage|p1a: Toucannon|267/284 brn|[from] brn\n|upkeep\n|turn|20\n|\n|t:|1733803657\n|switch|p2a: Klawf|Klawf, L90, F|272/272\n|switch|p1a: Koraidon|Koraidon, L64|235/235\n|-damage|p1a: Koraidon|221/235|[from] Stealth Rock\n|-weather|SunnyDay|[from] ability: Orichalcum Pulse|[of] p1a: Koraidon\n|-activate|p1a: Koraidon|Orichalcum Pulse|[source]\n|\n|-weather|SunnyDay|[upkeep]\n|upkeep\n|turn|21\n|\n|t:|1733803667\n|switch|p2a: Misdreavus|Misdreavus, L90, F|254/254\n|move|p1a: Koraidon|U-turn|p2a: Misdreavus\n|-resisted|p2a: Misdreavus\n|-damage|p2a: Misdreavus|225/254\n|\n|t:|1733803680\n|switch|p1a: Milotic|Milotic, L83, F|293/293|[from] U-turn\n|-damage|p1a: Milotic|257/293|[from] Stealth Rock\n|\n|-weather|SunnyDay|[upkeep]\n|-heal|p1a: Milotic|275/293|[from] item: Leftovers\n|upkeep\n|turn|22\n|\n|t:|1733803706\n|move|p2a: Misdreavus|Will-O-Wisp|p1a: Milotic\n|-status|p1a: Milotic|brn\n|move|p1a: Milotic|Ice Beam|p2a: Misdreavus\n|-damage|p2a: Misdreavus|183/254\n|\n|-weather|SunnyDay|[upkeep]\n|-heal|p1a: Milotic|293/293 brn|[from] item: Leftovers\n|-damage|p1a: Milotic|275/293 brn|[from] brn\n|upkeep\n|turn|23\n|\n|t:|1733803714\n|move|p2a: Misdreavus|Calm Mind|p2a: Misdreavus\n|-boost|p2a: Misdreavus|spa|1\n|-boost|p2a: Misdreavus|spd|1\n|move|p1a: Milotic|Dragon Tail|p2a: Misdreavus|[miss]\n|-miss|p1a: Milotic|p2a: Misdreavus\n|\n|-weather|SunnyDay|[upkeep]\n|-heal|p1a: Milotic|293/293 brn|[from] item: Leftovers\n|-damage|p1a: Milotic|275/293 brn|[from] brn\n|upkeep\n|turn|24\n|\n|t:|1733803724\n|move|p2a: Misdreavus|Draining Kiss|p1a: Milotic\n|-damage|p1a: Milotic|254/293 brn\n|-heal|p2a: Misdreavus|199/254|[from] drain|[of] p1a: Milotic\n|move|p1a: Milotic|Dragon Tail|p2a: Misdreavus\n|-damage|p2a: Misdreavus|188/254\n|drag|p2a: Haxorus|Haxorus, L77, M, tera:Steel|188/244\n|-ability|p2a: Haxorus|Mold Breaker\n|\n|-weather|none\n|-heal|p1a: Milotic|272/293 brn|[from] item: Leftovers\n|-damage|p1a: Milotic|254/293 brn|[from] brn\n|-sideend|p1: l3ague0fShadows|move: Aurora Veil\n|upkeep\n|turn|25\n|\n|t:|1733803733\n|move|p2a: Haxorus|Outrage|p1a: Milotic\n|-damage|p1a: Milotic|89/293 brn\n|move|p1a: Milotic|Scald|p2a: Haxorus\n|-damage|p2a: Haxorus|76/244\n|\n|-heal|p1a: Milotic|107/293 brn|[from] item: Leftovers\n|-damage|p1a: Milotic|89/293 brn|[from] brn\n|upkeep\n|turn|26\n|\n|t:|1733803744\n|switch|p1a: Toucannon|Toucannon, L88, F|267/284 brn\n|move|p2a: Haxorus|Outrage|p1a: Toucannon|[from]lockedmove\n|-damage|p1a: Toucannon|96/284 brn\n|\n|-damage|p1a: Toucannon|79/284 brn|[from] brn\n|upkeep\n|turn|27\n|\n|t:|1733803754\n|-singleturn|p1a: Toucannon|move: Beak Blast\n|move|p2a: Haxorus|Outrage|p1a: Toucannon|[from]lockedmove\n|-damage|p1a: Toucannon|0 fnt\n|-status|p2a: Haxorus|brn\n|-enditem|p2a: Haxorus|Lum Berry|[eat]\n|-curestatus|p2a: Haxorus|brn|[msg]\n|faint|p1a: Toucannon\n|-start|p2a: Haxorus|confusion|[fatigue]\n|\n|upkeep\n|\n|t:|1733803778\n|switch|p1a: Koraidon|Koraidon, L64|221/235\n|-damage|p1a: Koraidon|207/235|[from] Stealth Rock\n|-weather|SunnyDay|[from] ability: Orichalcum Pulse|[of] p1a: Koraidon\n|-activate|p1a: Koraidon|Orichalcum Pulse|[source]\n|turn|28\n|\n|t:|1733803788\n|move|p1a: Koraidon|Flare Blitz|p2a: Haxorus\n|-supereffective|p2a: Haxorus\n|-damage|p2a: Haxorus|0 fnt\n|faint|p2a: Haxorus\n|-damage|p1a: Koraidon|182/235|[from] Recoil\n|\n|-weather|SunnyDay|[upkeep]\n|upkeep\n|\n|t:|1733803794\n|switch|p2a: Misdreavus|Misdreavus, L90, F|188/254\n|turn|29\n|\n|t:|1733803798\n|-terastallize|p1a: Koraidon|Fire\n|move|p1a: Koraidon|Flare Blitz|p2a: Misdreavus\n|-damage|p2a: Misdreavus|0 fnt\n|faint|p2a: Misdreavus\n|-damage|p1a: Koraidon|120/235|[from] Recoil\n|\n|-weather|SunnyDay|[upkeep]\n|upkeep\n|\n|t:|1733803806\n|switch|p2a: Tinkaton|Tinkaton, L82, F|274/274\n|-ability|p2a: Tinkaton|Mold Breaker\n|turn|30\n|\n|t:|1733803812\n|move|p1a: Koraidon|Flare Blitz|p2a: Tinkaton\n|-supereffective|p2a: Tinkaton\n|-damage|p2a: Tinkaton|0 fnt\n|faint|p2a: Tinkaton\n|-damage|p1a: Koraidon|30/235|[from] Recoil\n|\n|-weather|SunnyDay|[upkeep]\n|upkeep\n|\n|t:|1733803815\n|switch|p2a: Klawf|Klawf, L90, F|272/272\n|turn|31\n|\n|t:|1733803820\n|switch|p1a: Milotic|Milotic, L83, F|89/293 brn\n|-damage|p1a: Milotic|53/293 brn|[from] Stealth Rock\n|move|p2a: Klawf|Stone Edge|p1a: Milotic\n|-damage|p1a: Milotic|0 fnt\n|faint|p1a: Milotic\n|\n|-weather|SunnyDay|[upkeep]\n|upkeep\n|\n|t:|1733803830\n|switch|p1a: Koraidon|Koraidon, L64, tera:Fire|30/235\n|-damage|p1a: Koraidon|0 fnt|[from] Stealth Rock\n|faint|p1a: Koraidon\n|\n|t:|1733803833\n|switch|p1a: Abomasnow|Abomasnow, L85, M|219/291\n|-damage|p1a: Abomasnow|147/291|[from] Stealth Rock\n|-weather|Snow|[from] ability: Snow Warning|[of] p1a: Abomasnow\n|turn|32\n|\n|t:|1733803841\n|move|p1a: Abomasnow|Ice Shard|p2a: Klawf\n|-damage|p2a: Klawf|238/272\n|move|p2a: Klawf|Stone Edge|p1a: Abomasnow\n|-supereffective|p1a: Abomasnow\n|-damage|p1a: Abomasnow|0 fnt\n|faint|p1a: Abomasnow\n|\n|-weather|Snow|[upkeep]\n|upkeep\n|\n|t:|1733803846\n|switch|p1a: Mewtwo|Mewtwo, L72|272/272\n|-ability|p1a: Mewtwo|Unnerve\n|-damage|p1a: Mewtwo|238/272|[from] Stealth Rock\n|turn|33\n|\n|t:|1733803852\n|move|p2a: Klawf|Stone Edge|p1a: Mewtwo\n|-damage|p1a: Mewtwo|88/272\n|move|p1a: Mewtwo|Nasty Plot|p1a: Mewtwo\n|-boost|p1a: Mewtwo|spa|2\n|\n|-weather|Snow|[upkeep]\n|upkeep\n|turn|34\n|\n|t:|1733803857\n|move|p2a: Klawf|Stone Edge|p1a: Mewtwo\n|-damage|p1a: Mewtwo|0 fnt\n|faint|p1a: Mewtwo\n|\n|win|Master Matmart\n|raw|l3ague0fShadows's rating: 1736 &rarr; <strong>1713</strong><br />(-23 for losing)\n|raw|Master Matmart's rating: 1688 &rarr; <strong>1711</strong><br />(+23 for winning)\n|c|\u2606Master Matmart|KLWAF\n", "inputlog": ">version bfd83cad13791eb5a5a409923076391caf6fb4d4\n>start {\"formatid\":\"gen9randombattle\",\"seed\":[37028,50756,59961,51249],\"rated\":\"Rated battle\"}\n>player p1 {\"name\":\"l3ague0fShadows\",\"avatar\":\"266\",\"rating\":1736,\"seed\":[58404,55060,57177,47407]}\n>player p2 {\"name\":\"Master Matmart\",\"avatar\":\"flannery\",\"rating\":1688,\"seed\":[26488,55176,420,9836]}\n>p1 move auroraveil\n>p2 move swordsdance\n>p1 move blizzard\n>p2 move knockoff\n>p1 move blizzard\n>p2 move knockoff\n>p1 move blizzard\n>p2 move bodyslam\n>p1 move blizzard\n>p2 move bodyslam\n>chat \u2606Master Matmart|lol\n>p1 move iceshard\n>p2 move bodyslam\n>p1 move iceshard\n>p2 move bodyslam\n>p2 switch 4\n>p1 switch 3\n>p2 move stealthrock\n>p1 move scald\n>p2 switch 3\n>p1 switch 4\n>p2 move nastyplot\n>p1 move knockoff\n>p2 move hypervoice\n>p1 move uturn\n>p2 move hypervoice\n>p1 switch 4\n>p1 move scald\n>p2 move thunderbolt\n>p2 switch 6\n>p1 move icebeam\n>p2 move dragondance terastallize\n>p1 move dragontail\n>p2 move dragondance\n>p1 switch 3\n>p2 switch 5\n>p1 move auroraveil\n>p2 move stoneedge\n>p1 move earthquake\n>p2 switch 5\n>p1 switch 2\n>p2 move willowisp\n>p1 switch 6\n>p2 switch 5\n>p1 move uturn\n>p2 switch 5\n>p1 switch 3\n>p1 move icebeam\n>p2 move willowisp\n>p1 move dragontail\n>p2 move calmmind\n>p1 move dragontail\n>p2 move drainingkiss\n>p1 move scald\n>p2 move outrage\n>p1 switch 6\n>p2 move outrage\n>p1 move beakblast\n>p2 move outrage\n>p1 switch 3\n>p1 move flareblitz\n>p2 move outrage\n>p2 switch 2\n>p1 move flareblitz terastallize\n>p2 move willowisp\n>p2 switch 3\n>p1 move flareblitz\n>p2 move gigatonhammer\n>p2 switch 5\n>p1 switch 6\n>p2 move stoneedge\n>p1 switch 6\n>p1 switch 2\n>p1 move iceshard\n>p2 move stoneedge\n>p1 switch 5\n>p1 move nastyplot\n>p2 move stoneedge\n>p1 move psystrike\n>p2 move stoneedge", "uploadtime": 1733803864, "views": 44, "formatid": "gen9randombattle", "rating": 1711, "private": 0, "password": null}