{"id": "gen9randombattle-2174863944", "format": "[Gen 9] Random Battle", "players": ["kandkad", "ezws"], "log": "|badge|p1|silver|gen9randombattle|30-2\n|uhtml|medal-msg|<div class=\"broadcast-blue\">Curious what those medals under the avatar are? PS now has Ladder Seasons! For more information, check out the <a href=\"https://www.smogon.com/forums/threads/3740067/\">thread on Smogon.</a></div>\n|badge|p2|silver|gen9randombattle|30-2\n|uhtml|medal-msg|<div class=\"broadcast-blue\">Curious what those medals under the avatar are? PS now has Ladder Seasons! For more information, check out the <a href=\"https://www.smogon.com/forums/threads/3740067/\">thread on Smogon.</a></div>\n|j|\u203dkandkad\n|j|\u2606ezws\n|t:|1722977416\n|gametype|singles\n|player|p1|kandkad|clemont|2475\n|player|p2|ezws|lucas|2507\n|teamsize|p1|6\n|teamsize|p2|6\n|gen|9\n|tier|[Gen 9] Random Battle\n|rated|\n|rule|Species Clause: Limit one of each Pok\u00e9mon\n|rule|HP Percentage Mod: HP is shown in percentages\n|rule|Sleep Clause Mod: Limit one foe put to sleep\n|rule|Illusion Level Mod: Illusion disguises the Pok\u00e9mon's true level\n|\n|t:|1722977416\n|start\n|switch|p1a: Zekrom|Zekrom, L71|259/259\n|switch|p2a: Farigiraf|Farigiraf, L91, F|366/366\n|-ability|p1a: Zekrom|Teravolt\n|turn|1\n|inactive|Battle timer is ON: inactive players will automatically lose when time's up. (requested by kandkad)\n|inactive|ezws has 120 seconds left.\n|j| TiltAccount2\n|inactive|ezws has 90 seconds left.\n|\n|t:|1722977489\n|move|p1a: Zekrom|Dragon Dance|p1a: Zekrom\n|-boost|p1a: Zekrom|atk|1\n|-boost|p1a: Zekrom|spe|1\n|move|p2a: Farigiraf|Psychic Noise|p1a: Zekrom\n|-damage|p1a: Zekrom|145/259\n|-start|p1a: Zekrom|move: Heal Block\n|\n|upkeep\n|turn|2\n|\n|t:|1722977503\n|move|p1a: Zekrom|Bolt Strike|p2a: Farigiraf\n|-damage|p2a: Farigiraf|114/366\n|move|p2a: Farigiraf|Psychic Noise|p1a: Zekrom\n|-damage|p1a: Zekrom|25/259\n|\n|-heal|p2a: Farigiraf|136/366|[from] item: Leftovers\n|-end|p1a: Zekrom|move: Heal Block\n|upkeep\n|turn|3\n|\n|t:|1722977529\n|move|p1a: Zekrom|Outrage|p2a: Farigiraf\n|-damage|p2a: Farigiraf|0 fnt\n|faint|p2a: Farigiraf\n|\n|-heal|p1a: Zekrom|41/259|[from] item: Leftovers\n|upkeep\n|inactive|ezws has 120 seconds left.\n|\n|t:|1722977544\n|switch|p2a: Probopass|Probopass, L92, F|260/260\n|-item|p2a: Probopass|Air Balloon\n|turn|4\n|\n|t:|1722977547\n|move|p1a: Zekrom|Outrage|p2a: Probopass|[from]lockedmove\n|-resisted|p2a: Probopass\n|-damage|p2a: Probopass|202/260\n|-enditem|p2a: Probopass|Air Balloon\n|move|p2a: Probopass|Stealth Rock|p1a: Zekrom\n|-sidestart|p1: kandkad|move: Stealth Rock\n|\n|-heal|p1a: Zekrom|57/259|[from] item: Leftovers\n|upkeep\n|turn|5\n|\n|t:|1722977554\n|move|p1a: Zekrom|Outrage|p2a: Probopass|[from]lockedmove\n|-resisted|p2a: Probopass\n|-damage|p2a: Probopass|142/260\n|-start|p1a: Zekrom|confusion|[fatigue]\n|move|p2a: Probopass|Body Press|p1a: Zekrom\n|-damage|p1a: Zekrom|0 fnt\n|faint|p1a: Zekrom\n|\n|upkeep\n|\n|t:|1722977572\n|switch|p1a: Sceptile|Sceptile, L87, F|264/264\n|-damage|p1a: Sceptile|231/264|[from] Stealth Rock\n|turn|6\n|\n|t:|1722977578\n|switch|p2a: Lurantis|Lurantis, L87, F|264/264\n|move|p1a: Sceptile|Earthquake|p2a: Lurantis\n|-resisted|p2a: Lurantis\n|-damage|p2a: Lurantis|221/264\n|-damage|p1a: Sceptile|205/264|[from] item: Life Orb\n|\n|upkeep\n|turn|7\n|\n|t:|1722977595\n|move|p1a: Sceptile|Focus Blast|p2a: Lurantis|[miss]\n|-miss|p1a: Sceptile|p2a: Lurantis\n|move|p2a: Lurantis|Superpower|p1a: Sceptile\n|-damage|p1a: Sceptile|99/264\n|-boost|p2a: Lurantis|atk|1\n|-boost|p2a: Lurantis|def|1\n|\n|upkeep\n|turn|8\n|\n|t:|1722977598\n|move|p1a: Sceptile|Focus Blast|p2a: Lurantis|[miss]\n|-miss|p1a: Sceptile|p2a: Lurantis\n|move|p2a: Lurantis|Superpower|p1a: Sceptile\n|-damage|p1a: Sceptile|0 fnt\n|-boost|p2a: Lurantis|atk|1\n|-boost|p2a: Lurantis|def|1\n|faint|p1a: Sceptile\n|\n|upkeep\n|\n|t:|1722977604\n|switch|p1a: Gardevoir|Gardevoir, L83, M|249/249\n|-damage|p1a: Gardevoir|218/249|[from] Stealth Rock\n|-ability|p1a: Gardevoir|Contrary|[from] ability: Trace|[of] p2a: Lurantis\n|turn|9\n|inactive|ezws has 120 seconds left.\n|\n|t:|1722977649\n|move|p1a: Gardevoir|Mystical Fire|p2a: Lurantis\n|-supereffective|p2a: Lurantis\n|-crit|p2a: Lurantis\n|-damage|p2a: Lurantis|93/264\n|-boost|p2a: Lurantis|spa|1\n|move|p2a: Lurantis|Leaf Storm|p1a: Gardevoir\n|-damage|p1a: Gardevoir|73/249\n|-boost|p2a: Lurantis|spa|2\n|\n|upkeep\n|turn|10\n|inactive|ezws has 90 seconds left.\n|\n|t:|1722977675\n|move|p1a: Gardevoir|Mystical Fire|p2a: Lurantis\n|-supereffective|p2a: Lurantis\n|-damage|p2a: Lurantis|11/264\n|-boost|p2a: Lurantis|spa|1\n|move|p2a: Lurantis|Leech Life|p1a: Gardevoir\n|-damage|p1a: Gardevoir|0 fnt\n|-heal|p2a: Lurantis|48/264|[from] drain|[of] p1a: Gardevoir\n|faint|p1a: Gardevoir\n|\n|upkeep\n|\n|t:|1722977682\n|switch|p1a: Dudunsparce|Dudunsparce, L82, M|339/339\n|-damage|p1a: Dudunsparce|297/339|[from] Stealth Rock\n|turn|11\n|inactive|ezws has 90 seconds left.\n|\n|t:|1722977722\n|move|p1a: Dudunsparce|Boomburst|p2a: Lurantis\n|-damage|p2a: Lurantis|0 fnt\n|faint|p2a: Lurantis\n|\n|-heal|p1a: Dudunsparce|318/339|[from] item: Leftovers\n|upkeep\n|inactive|ezws has 60 seconds left.\n|\n|t:|1722977751\n|switch|p2a: Lycanroc|Lycanroc-Midnight, L89, F|296/296\n|turn|12\n|\n|t:|1722977759\n|switch|p1a: Arbok|Arbok, L87, F|246/246\n|-damage|p1a: Arbok|216/246|[from] Stealth Rock\n|-ability|p1a: Arbok|Intimidate|boost\n|-unboost|p2a: Lycanroc|atk|1\n|move|p2a: Lycanroc|Swords Dance|p2a: Lycanroc\n|-boost|p2a: Lycanroc|atk|2\n|\n|-heal|p1a: Arbok|231/246|[from] item: Leftovers\n|upkeep\n|turn|13\n|inactive|ezws has 60 seconds left.\n|\n|t:|1722977778\n|move|p2a: Lycanroc|Stone Edge|p1a: Arbok\n|-damage|p1a: Arbok|0 fnt\n|faint|p1a: Arbok\n|-damage|p2a: Lycanroc|267/296|[from] item: Life Orb\n|\n|upkeep\n|\n|t:|1722977780\n|switch|p1a: Regidrago|Regidrago, L77|435/435\n|-damage|p1a: Regidrago|381/435|[from] Stealth Rock\n|turn|14\n|inactive|ezws has 60 seconds left.\n|\n|t:|1722977796\n|-terastallize|p2a: Lycanroc|Fighting\n|-terastallize|p1a: Regidrago|Steel\n|move|p2a: Lycanroc|Close Combat|p1a: Regidrago\n|-supereffective|p1a: Regidrago\n|-damage|p1a: Regidrago|0 fnt\n|-unboost|p2a: Lycanroc|def|1\n|-unboost|p2a: Lycanroc|spd|1\n|faint|p1a: Regidrago\n|-damage|p2a: Lycanroc|238/296|[from] item: Life Orb\n|\n|upkeep\n|-message|kandkad forfeited.\n|\n|win|ezws\n|raw|kandkad's rating: 2475 &rarr; <strong>2457</strong><br />(-18 for losing)\n|raw|ezws's rating: 2507 &rarr; <strong>2525</strong><br />(+18 for winning)\n|l|\u203dkandkad\n|player|p1|\n", "inputlog": ">version 645aa3833dc4d492fc8695bcaa26b087252171ab\n>start {\"formatid\":\"gen9randombattle\",\"seed\":[18402,3497,8541,16024],\"rated\":\"Rated battle\"}\n>player p1 {\"name\":\"kandkad\",\"avatar\":\"clemont\",\"rating\":2475,\"seed\":[7587,57551,32394,4004]}\n>player p2 {\"name\":\"ezws\",\"avatar\":\"lucas\",\"rating\":2507,\"seed\":[35081,16700,19692,23139]}\n>p1 move dragondance\n>p2 move psychicnoise\n>p1 move boltstrike\n>p2 move psychicnoise\n>p1 move outrage\n>p2 move psychicnoise\n>p2 switch 5\n>p1 move outrage\n>p2 move stealthrock\n>p1 move outrage\n>p2 move bodypress\n>p1 switch 5\n>p1 move earthquake\n>p2 switch 3\n>p1 move focusblast\n>p2 move superpower\n>p1 move focusblast\n>p2 move superpower\n>p1 switch 4\n>p1 move mysticalfire\n>p2 move leafstorm\n>p1 move mysticalfire\n>p2 move leechlife\n>p1 switch 6\n>p1 move boomburst\n>p2 move knockoff\n>p2 switch 2\n>p1 switch 3\n>p2 move swordsdance\n>p1 move trailblaze\n>p2 move stoneedge\n>p1 switch 2\n>p1 move dragondance terastallize\n>p2 move closecombat terastallize\n>forcelose p1", "uploadtime": 1722977810, "views": 157, "formatid": "gen9randombattle", "rating": 2457, "private": 0, "password": null}