{"id": "gen9randombattle-2260394998", "format": "[Gen 9] Random Battle", "players": ["Enoque08", "sgtscoobydoo"], "log": "|j|\u2606Enoque08\n|j|\u2606sgtscoobydoo\n|t:|1733847403\n|gametype|singles\n|player|p1|Enoque08|ghetsis-gen5bw|1951\n|player|p2|sgtscoobydoo|backersf|1991\n|teamsize|p1|6\n|teamsize|p2|6\n|gen|9\n|tier|[Gen 9] Random Battle\n|rated|\n|rule|Species Clause: Limit one of each Pok\u00e9mon\n|rule|HP Percentage Mod: HP is shown in percentages\n|rule|Sleep Clause Mod: Limit one foe put to sleep\n|rule|Illusion Level Mod: Illusion disguises the Pok\u00e9mon's true level\n|\n|t:|1733847403\n|start\n|switch|p1a: Revavroom|Revavroom, L79, F|256/256\n|switch|p2a: Glalie|Glalie, L96, M|309/309\n|turn|1\n|inactive|Battle timer is ON: inactive players will automatically lose when time's up. (requested by Enoque08)\n|\n|t:|1733847416\n|switch|p1a: Scovillain|Scovillain, L91, M|266/266\n|move|p2a: Glalie|Earthquake|p1a: Scovillain\n|-crit|p1a: Scovillain\n|-damage|p1a: Scovillain|139/266\n|\n|upkeep\n|turn|2\n|\n|t:|1733847439\n|switch|p2a: Wyrdeer|Wyrdeer, L87, M|321/321\n|-ability|p2a: Wyrdeer|Intimidate|boost\n|-unboost|p1a: Scovillain|atk|1\n|move|p1a: Scovillain|Sunny Day|p1a: Scovillain\n|-weather|SunnyDay\n|\n|-weather|SunnyDay|[upkeep]\n|upkeep\n|turn|3\n|\n|t:|1733847449\n|move|p1a: Scovillain|Fire Blast|p2a: Wyrdeer\n|-damage|p2a: Wyrdeer|170/321\n|move|p2a: Wyrdeer|Earthquake|p1a: Scovillain\n|-damage|p1a: Scovillain|40/266\n|\n|-weather|SunnyDay|[upkeep]\n|upkeep\n|turn|4\n|\n|t:|1733847457\n|move|p1a: Scovillain|Fire Blast|p2a: Wyrdeer\n|-damage|p2a: Wyrdeer|22/321\n|move|p2a: Wyrdeer|Psychic Noise|p1a: Scovillain\n|-damage|p1a: Scovillain|0 fnt\n|faint|p1a: Scovillain\n|\n|-weather|SunnyDay|[upkeep]\n|upkeep\n|\n|t:|1733847466\n|switch|p1a: Barraskewda|Barraskewda, L81, M|231/231\n|turn|5\n|\n|t:|1733847478\n|switch|p2a: Amoonguss|Amoonguss, L82, M|321/321\n|move|p1a: Barraskewda|Flip Turn|p2a: Amoonguss\n|-resisted|p2a: Amoonguss\n|-crit|p2a: Amoonguss\n|-damage|p2a: Amoonguss|273/321\n|-damage|p1a: Barraskewda|193/231|[from] item: Rocky Helmet|[of] p2a: Amoonguss\n|\n|t:|1733847485\n|switch|p1a: Dusknoir|Dusknoir, L89, F|225/225|[from] Flip Turn\n|-item|p2a: Amoonguss|Rocky Helmet|[from] ability: Frisk|[of] p1a: Dusknoir\n|\n|-weather|SunnyDay|[upkeep]\n|upkeep\n|turn|6\n|\n|t:|1733847494\n|move|p1a: Dusknoir|Substitute|p1a: Dusknoir\n|-start|p1a: Dusknoir|Substitute\n|-damage|p1a: Dusknoir|169/225\n|move|p2a: Amoonguss|Toxic||[still]\n|-fail|p2a: Amoonguss\n|\n|-weather|none\n|-heal|p1a: Dusknoir|183/225|[from] item: Leftovers\n|upkeep\n|turn|7\n|\n|t:|1733847503\n|move|p1a: Dusknoir|Poltergeist|p2a: Amoonguss\n|-activate|p2a: Amoonguss|move: Poltergeist|Rocky Helmet\n|-damage|p2a: Amoonguss|110/321\n|move|p2a: Amoonguss|Giga Drain|p1a: Dusknoir\n|-activate|p1a: Dusknoir|move: Substitute|[damage]\n|-heal|p2a: Amoonguss|132/321|[from] drain|[of] p1a: Dusknoir\n|\n|-heal|p1a: Dusknoir|197/225|[from] item: Leftovers\n|upkeep\n|turn|8\n|\n|t:|1733847512\n|switch|p2a: Wyrdeer|Wyrdeer, L87, M|22/321\n|-ability|p2a: Wyrdeer|Intimidate|boost\n|-immune|p1a: Dusknoir\n|move|p1a: Dusknoir|Poltergeist|p2a: Wyrdeer\n|-immune|p2a: Wyrdeer\n|\n|-heal|p1a: Dusknoir|211/225|[from] item: Leftovers\n|upkeep\n|turn|9\n|\n|t:|1733847530\n|switch|p1a: Barraskewda|Barraskewda, L81, M|193/231\n|move|p2a: Wyrdeer|Earthquake|p1a: Barraskewda\n|-damage|p1a: Barraskewda|92/231\n|\n|upkeep\n|turn|10\n|\n|t:|1733847539\n|switch|p2a: Jirachi|Jirachi, L80|291/291\n|move|p1a: Barraskewda|Psychic Fangs|p2a: Jirachi\n|-resisted|p2a: Jirachi\n|-damage|p2a: Jirachi|269/291\n|\n|upkeep\n|turn|11\n|\n|t:|1733847546\n|switch|p1a: Dusknoir|Dusknoir, L89, F|211/225\n|-item|p2a: Jirachi|Assault Vest|[from] ability: Frisk|[of] p1a: Dusknoir\n|move|p2a: Jirachi|U-turn|p1a: Dusknoir\n|-resisted|p1a: Dusknoir\n|-damage|p1a: Dusknoir|194/225\n|\n|t:|1733847553\n|switch|p2a: Ditto|Ditto, L87|225/225|[from] U-turn\n|-transform|p2a: Ditto|p1a: Dusknoir|[from] ability: Imposter\n|-item|p1a: Dusknoir|Leftovers|[from] ability: Frisk|[of] p2a: Ditto\n|\n|-heal|p1a: Dusknoir|208/225|[from] item: Leftovers\n|upkeep\n|turn|12\n|\n|t:|1733847567\n|switch|p1a: Cacturne|Cacturne, L92, F|278/278\n|move|p2a: Ditto|Poltergeist|p1a: Cacturne\n|-activate|p1a: Cacturne|move: Poltergeist|Life Orb\n|-resisted|p1a: Cacturne\n|-damage|p1a: Cacturne|206/278\n|\n|upkeep\n|turn|13\n|\n|t:|1733847582\n|switch|p2a: Amoonguss|Amoonguss, L82, M|239/321\n|move|p1a: Cacturne|Knock Off|p2a: Amoonguss\n|-damage|p2a: Amoonguss|9/321\n|-damage|p1a: Cacturne|160/278|[from] item: Rocky Helmet|[of] p2a: Amoonguss\n|-enditem|p2a: Amoonguss|Rocky Helmet|[from] move: Knock Off|[of] p1a: Cacturne\n|-damage|p1a: Cacturne|133/278|[from] item: Life Orb\n|\n|upkeep\n|turn|14\n|\n|t:|1733847602\n|switch|p2a: Stonjourner|Stonjourner, L91, F|330/330\n|move|p1a: Cacturne|Knock Off|p2a: Stonjourner\n|-damage|p2a: Stonjourner|220/330\n|-enditem|p2a: Stonjourner|Life Orb|[from] move: Knock Off|[of] p1a: Cacturne\n|-damage|p1a: Cacturne|106/278|[from] item: Life Orb\n|\n|upkeep\n|turn|15\n|\n|t:|1733847618\n|move|p1a: Cacturne|Sucker Punch|p2a: Stonjourner\n|-damage|p2a: Stonjourner|126/330\n|-damage|p1a: Cacturne|79/278|[from] item: Life Orb\n|move|p2a: Stonjourner|Heat Crash|p1a: Cacturne\n|-supereffective|p1a: Cacturne\n|-damage|p1a: Cacturne|0 fnt\n|faint|p1a: Cacturne\n|\n|upkeep\n|\n|t:|1733847621\n|switch|p1a: Barraskewda|Barraskewda, L81, M|92/231\n|turn|16\n|\n|t:|1733847631\n|switch|p2a: Jirachi|Jirachi, L80|269/291\n|move|p1a: Barraskewda|Flip Turn|p2a: Jirachi\n|-damage|p2a: Jirachi|175/291\n|\n|t:|1733847635\n|switch|p1a: Dusknoir|Dusknoir, L89, F|208/225|[from] Flip Turn\n|-item|p2a: Jirachi|Assault Vest|[from] ability: Frisk|[of] p1a: Dusknoir\n|\n|-heal|p1a: Dusknoir|222/225|[from] item: Leftovers\n|upkeep\n|turn|17\n|\n|t:|1733847649\n|move|p2a: Jirachi|U-turn|p1a: Dusknoir\n|-resisted|p1a: Dusknoir\n|-damage|p1a: Dusknoir|205/225\n|\n|t:|1733847652\n|switch|p2a: Wyrdeer|Wyrdeer, L87, M|22/321|[from] U-turn\n|-ability|p2a: Wyrdeer|Intimidate|boost\n|-unboost|p1a: Dusknoir|atk|1\n|move|p1a: Dusknoir|Substitute|p1a: Dusknoir\n|-start|p1a: Dusknoir|Substitute\n|-damage|p1a: Dusknoir|149/225\n|\n|-heal|p1a: Dusknoir|163/225|[from] item: Leftovers\n|upkeep\n|turn|18\n|\n|t:|1733847662\n|-singleturn|p1a: Dusknoir|move: Focus Punch\n|move|p2a: Wyrdeer|Psychic Noise|p1a: Dusknoir\n|-damage|p1a: Dusknoir|97/225\n|-start|p1a: Dusknoir|move: Heal Block\n|cant|p1a: Dusknoir|Focus Punch|Focus Punch\n|\n|upkeep\n|turn|19\n|\n|t:|1733847674\n|switch|p1a: Barraskewda|Barraskewda, L81, M|92/231\n|move|p2a: Wyrdeer|Psychic Noise|p1a: Barraskewda\n|-damage|p1a: Barraskewda|0 fnt\n|faint|p1a: Barraskewda\n|\n|upkeep\n|\n|t:|1733847679\n|switch|p1a: Carbink|Carbink, L90|236/236\n|turn|20\n|\n|t:|1733847693\n|switch|p2a: Glalie|Glalie, L96, M|309/309\n|move|p1a: Carbink|Rock Polish|p1a: Carbink\n|-boost|p1a: Carbink|spe|2\n|\n|upkeep\n|turn|21\n|\n|t:|1733847701\n|move|p1a: Carbink|Iron Defense|p1a: Carbink\n|-boost|p1a: Carbink|def|2\n|move|p2a: Glalie|Taunt|p1a: Carbink\n|-start|p1a: Carbink|move: Taunt\n|\n|upkeep\n|turn|22\n|\n|t:|1733847714\n|move|p1a: Carbink|Body Press|p2a: Glalie\n|-supereffective|p2a: Glalie\n|-damage|p2a: Glalie|0 fnt\n|faint|p2a: Glalie\n|\n|upkeep\n|inactive|sgtscoobydoo has 120 seconds left.\n|\n|t:|1733847741\n|switch|p2a: Amoonguss|Amoonguss, L82, M|116/321\n|turn|23\n|\n|t:|1733847748\n|switch|p2a: Wyrdeer|Wyrdeer, L87, M|22/321\n|-ability|p2a: Wyrdeer|Intimidate|boost\n|-fail|p1a: Carbink|unboost|[from] ability: Clear Body|[of] p1a: Carbink\n|move|p1a: Carbink|Body Press|p2a: Wyrdeer\n|-damage|p2a: Wyrdeer|0 fnt\n|faint|p2a: Wyrdeer\n|\n|upkeep\n|\n|t:|1733847756\n|switch|p2a: Amoonguss|Amoonguss, L82, M|223/321\n|turn|24\n|\n|t:|1733847761\n|move|p1a: Carbink|Body Press|p2a: Amoonguss\n|-resisted|p2a: Amoonguss\n|-damage|p2a: Amoonguss|109/321\n|move|p2a: Amoonguss|Spore|p1a: Carbink\n|-status|p1a: Carbink|slp|[from] move: Spore\n|\n|-end|p1a: Carbink|move: Taunt\n|upkeep\n|turn|25\n|\n|t:|1733847769\n|-terastallize|p1a: Carbink|Fighting\n|cant|p1a: Carbink|slp\n|move|p2a: Amoonguss|Giga Drain|p1a: Carbink\n|-damage|p1a: Carbink|197/236 slp\n|-heal|p2a: Amoonguss|129/321|[from] drain|[of] p1a: Carbink\n|\n|-heal|p1a: Carbink|211/236 slp|[from] item: Leftovers\n|upkeep\n|turn|26\n|\n|t:|1733847785\n|-curestatus|p1a: Carbink|slp|[msg]\n|move|p1a: Carbink|Body Press|p2a: Amoonguss\n|-resisted|p2a: Amoonguss\n|-damage|p2a: Amoonguss|0 fnt\n|faint|p2a: Amoonguss\n|\n|-heal|p1a: Carbink|225/236|[from] item: Leftovers\n|upkeep\n|\n|t:|1733847795\n|switch|p2a: Ditto|Ditto, L87|225/225\n|-transform|p2a: Ditto|p1a: Carbink|[from] ability: Imposter\n|-start|p2a: Ditto|typechange|Rock/Fairy|[silent]\n|turn|27\n|\n|t:|1733847805\n|move|p2a: Ditto|Moonblast|p1a: Carbink\n|-supereffective|p1a: Carbink\n|-damage|p1a: Carbink|141/236\n|move|p1a: Carbink|Body Press|p2a: Ditto\n|-damage|p2a: Ditto|146/225\n|\n|-heal|p1a: Carbink|155/236|[from] item: Leftovers\n|upkeep\n|turn|28\n|\n|t:|1733847813\n|move|p2a: Ditto|Moonblast|p1a: Carbink\n|-supereffective|p1a: Carbink\n|-damage|p1a: Carbink|75/236\n|move|p1a: Carbink|Body Press|p2a: Ditto\n|-damage|p2a: Ditto|65/225\n|\n|-heal|p1a: Carbink|89/236|[from] item: Leftovers\n|upkeep\n|turn|29\n|\n|t:|1733847821\n|move|p2a: Ditto|Moonblast|p1a: Carbink\n|-supereffective|p1a: Carbink\n|-damage|p1a: Carbink|5/236\n|move|p1a: Carbink|Body Press|p2a: Ditto\n|-damage|p2a: Ditto|0 fnt\n|faint|p2a: Ditto\n|\n|-heal|p1a: Carbink|19/236|[from] item: Leftovers\n|upkeep\n|\n|t:|1733847829\n|switch|p2a: Jirachi|Jirachi, L80|175/291\n|turn|30\n|\n|t:|1733847835\n|move|p1a: Carbink|Body Press|p2a: Jirachi\n|-damage|p2a: Jirachi|0 fnt\n|faint|p2a: Jirachi\n|\n|-heal|p1a: Carbink|33/236|[from] item: Leftovers\n|upkeep\n|-message|sgtscoobydoo forfeited.\n|\n|win|Enoque08\n|raw|Enoque08's rating: 1951 &rarr; <strong>1973</strong><br />(+22 for winning)\n|raw|sgtscoobydoo's rating: 1991 &rarr; <strong>1969</strong><br />(-22 for losing)\n|l|\u2606sgtscoobydoo\n|player|p2|\n", "inputlog": ">version bfd83cad13791eb5a5a409923076391caf6fb4d4\n>start {\"formatid\":\"gen9randombattle\",\"seed\":[49611,64632,52607,23753],\"rated\":\"Rated battle\"}\n>player p1 {\"name\":\"Enoque08\",\"avatar\":\"ghetsis-gen5bw\",\"rating\":1951,\"seed\":[18448,42353,65084,1451]}\n>player p2 {\"name\":\"sgtscoobydoo\",\"avatar\":\"backersf\",\"rating\":1991,\"seed\":[26713,20399,24434,1755]}\n>p1 switch 3\n>p2 move earthquake\n>p1 move sunnyday\n>p2 switch 6\n>p1 move fireblast\n>p2 move earthquake\n>p1 move fireblast\n>p2 move psychicnoise\n>p1 switch 2\n>p1 move flipturn\n>p2 switch 5\n>p1 switch 4\n>p1 move substitute\n>p2 move toxic\n>p1 move poltergeist\n>p2 move gigadrain\n>p1 move poltergeist\n>p2 switch 5\n>p1 switch 4\n>p2 move earthquake\n>p1 move psychicfangs\n>p2 switch 2\n>p1 switch 4\n>p2 move uturn\n>p2 switch 3\n>p1 switch 6\n>p2 move poltergeist\n>p1 move knockoff\n>p2 switch 5\n>p1 move knockoff\n>p2 switch 4\n>p1 move suckerpunch\n>p2 move heatcrash\n>p1 switch 4\n>p1 move flipturn\n>p2 switch 3\n>p1 switch 6\n>p1 move substitute\n>p2 move uturn\n>p2 switch 2\n>p1 move focuspunch\n>p2 move psychicnoise\n>p1 switch 6\n>p2 move psychicnoise\n>p1 switch 5\n>p1 move rockpolish\n>p2 switch 6\n>p1 move irondefense\n>p2 move taunt\n>p1 move bodypress\n>p2 move freezedry\n>p2 switch 4\n>p1 move bodypress\n>p2 switch 6\n>p2 switch 6\n>p1 move bodypress\n>p2 move spore\n>p1 move bodypress terastallize\n>p2 move gigadrain\n>p1 move bodypress\n>p2 move gigadrain\n>p2 switch 5\n>p1 move bodypress\n>p2 move moonblast\n>p1 move bodypress\n>p2 move moonblast\n>p1 move bodypress\n>p2 move moonblast\n>p2 switch 2\n>p1 move bodypress\n>p2 move bodyslam\n>forcelose p2", "uploadtime": 1733847843, "views": 7, "formatid": "gen9randombattle", "rating": 1969, "private": 0, "password": null}