{"id": "gen9randombattle-2260679520", "format": "[Gen 9] Random Battle", "players": ["RhoSigma", "Yes Indubitably"], "log": "|j|\u2606RhoSigma\n|j|\u2606Yes Indubitably\n|t:|1733877507\n|gametype|singles\n|player|p1|RhoSigma|1|2107\n|player|p2|Yes Indubitably|unknown|2136\n|teamsize|p1|6\n|teamsize|p2|6\n|gen|9\n|tier|[Gen 9] Random Battle\n|rated|\n|rule|Species Clause: Limit one of each Pok\u00e9mon\n|rule|HP Percentage Mod: HP is shown in percentages\n|rule|Sleep Clause Mod: Limit one foe put to sleep\n|rule|Illusion Level Mod: Illusion disguises the Pok\u00e9mon's true level\n|\n|t:|1733877507\n|start\n|switch|p1a: Lurantis|Lurantis, L87, M|264/264\n|switch|p2a: Lycanroc|Lycanroc-Midnight, L89, F|296/296\n|turn|1\n|inactive|Battle timer is ON: inactive players will automatically lose when time's up. (requested by Yes Indubitably)\n|\n|t:|1733877527\n|switch|p2a: Zebstrika|Zebstrika, L87, F|272/272\n|move|p1a: Lurantis|Superpower|p2a: Zebstrika\n|-damage|p2a: Zebstrika|144/272\n|-boost|p1a: Lurantis|atk|1\n|-boost|p1a: Lurantis|def|1\n|\n|upkeep\n|turn|2\n|\n|t:|1733877544\n|switch|p2a: Sableye|Sableye, L89, M|234/234\n|move|p1a: Lurantis|Superpower|p2a: Sableye\n|-immune|p2a: Sableye\n|\n|upkeep\n|turn|3\n|\n|t:|1733877550\n|switch|p1a: Morpeko|Morpeko, L88, F|245/245\n|move|p2a: Sableye|Encore|p1a: Morpeko\n|-hint|Since gen 7, Dark is immune to Prankster moves.\n|-immune|p1a: Morpeko\n|\n|-formechange|p1a: Morpeko|Morpeko-Hangry||[from] ability: Hunger Switch\n|upkeep\n|turn|4\n|\n|t:|1733877563\n|switch|p2a: Sylveon|Sylveon, L85, F|300/300\n|move|p1a: Morpeko|Aura Wheel|p2a: Sylveon\n|-resisted|p2a: Sylveon\n|-damage|p2a: Sylveon|226/300\n|-boost|p1a: Morpeko|spe|1\n|\n|-heal|p2a: Sylveon|244/300|[from] item: Leftovers\n|-formechange|p1a: Morpeko|Morpeko||[from] ability: Hunger Switch\n|upkeep\n|turn|5\n|\n|t:|1733877580\n|move|p1a: Morpeko|Aura Wheel|p2a: Sylveon\n|-damage|p2a: Sylveon|90/300\n|-boost|p1a: Morpeko|spe|1\n|move|p2a: Sylveon|Hyper Voice|p1a: Morpeko\n|-supereffective|p1a: Morpeko\n|-damage|p1a: Morpeko|0 fnt\n|faint|p1a: Morpeko\n|\n|-heal|p2a: Sylveon|108/300|[from] item: Leftovers\n|upkeep\n|\n|t:|1733877587\n|switch|p1a: Iron Moth|Iron Moth, L78|253/253\n|turn|6\n|\n|t:|1733877592\n|move|p2a: Sylveon|Protect|p2a: Sylveon\n|-singleturn|p2a: Sylveon|Protect\n|move|p1a: Iron Moth|Sludge Wave|p2a: Sylveon\n|-activate|p2a: Sylveon|move: Protect\n|\n|-heal|p2a: Sylveon|126/300|[from] item: Leftovers\n|upkeep\n|turn|7\n|\n|t:|1733877606\n|switch|p2a: Lycanroc|Lycanroc-Midnight, L89, F|296/296\n|move|p1a: Iron Moth|Sludge Wave|p2a: Lycanroc\n|-resisted|p2a: Lycanroc\n|-damage|p2a: Lycanroc|208/296\n|\n|upkeep\n|turn|8\n|\n|t:|1733877614\n|-end|p1a: Iron Moth|Quark Drive|[silent]\n|switch|p1a: Spiritomb|Spiritomb, L89, F|234/234\n|move|p2a: Lycanroc|Stone Edge|p1a: Spiritomb\n|-damage|p1a: Spiritomb|96/234\n|-damage|p2a: Lycanroc|179/296|[from] item: Life Orb\n|\n|-heal|p1a: Spiritomb|110/234|[from] item: Leftovers\n|upkeep\n|turn|9\n|\n|t:|1733877627\n|switch|p1a: Arboliva|Arboliva, L91, F|288/288\n|move|p2a: Lycanroc|Stone Edge|p1a: Arboliva\n|-damage|p1a: Arboliva|128/288\n|-enditem|p1a: Arboliva|Sitrus Berry|[eat]\n|-heal|p1a: Arboliva|200/288|[from] item: Sitrus Berry\n|-damage|p2a: Lycanroc|150/296|[from] item: Life Orb\n|\n|-item|p1a: Arboliva|Sitrus Berry|[from] ability: Harvest\n|upkeep\n|turn|10\n|\n|t:|1733877639\n|move|p2a: Lycanroc|Close Combat|p1a: Arboliva\n|-supereffective|p1a: Arboliva\n|-damage|p1a: Arboliva|0 fnt\n|-unboost|p2a: Lycanroc|def|1\n|-unboost|p2a: Lycanroc|spd|1\n|faint|p1a: Arboliva\n|-damage|p2a: Lycanroc|121/296|[from] item: Life Orb\n|\n|upkeep\n|\n|t:|1733877645\n|switch|p1a: Palkia|Palkia-Origin, L72|249/249\n|-ability|p1a: Palkia|Pressure\n|turn|11\n|inactive|Yes Indubitably has 120 seconds left.\n|\n|t:|1733877676\n|switch|p2a: Kingdra|Kingdra, L84, F|263/263\n|move|p1a: Palkia|Hydro Pump|p2a: Kingdra|[miss]\n|-miss|p1a: Palkia|p2a: Kingdra\n|\n|upkeep\n|turn|12\n|inactive|Yes Indubitably has 120 seconds left.\n|\n|t:|1733877696\n|-terastallize|p2a: Kingdra|Steel\n|move|p1a: Palkia|Spacial Rend|p2a: Kingdra\n|-resisted|p2a: Kingdra\n|-damage|p2a: Kingdra|200/263\n|move|p2a: Kingdra|Dragon Dance|p2a: Kingdra\n|-boost|p2a: Kingdra|atk|1\n|-boost|p2a: Kingdra|spe|1\n|\n|upkeep\n|turn|13\n|\n|t:|1733877704\n|-terastallize|p1a: Palkia|Water\n|move|p2a: Kingdra|Outrage|p1a: Palkia\n|-damage|p1a: Palkia|45/249\n|move|p1a: Palkia|Thunder Wave|p2a: Kingdra\n|-status|p2a: Kingdra|par\n|-enditem|p2a: Kingdra|Lum Berry|[eat]\n|-curestatus|p2a: Kingdra|par|[msg]\n|\n|upkeep\n|turn|14\n|inactive|Yes Indubitably has 120 seconds left.\n|\n|t:|1733877714\n|move|p2a: Kingdra|Outrage|p1a: Palkia|[from]lockedmove\n|-damage|p1a: Palkia|0 fnt\n|faint|p1a: Palkia\n|-start|p2a: Kingdra|confusion|[fatigue]\n|\n|upkeep\n|\n|t:|1733877716\n|switch|p1a: Lurantis|Lurantis, L87, M|264/264\n|turn|15\n|\n|t:|1733877724\n|switch|p2a: Sableye|Sableye, L89, M|234/234\n|move|p1a: Lurantis|Superpower|p2a: Sableye\n|-immune|p2a: Sableye\n|\n|upkeep\n|turn|16\n|\n|t:|1733877731\n|move|p2a: Sableye|Knock Off|p1a: Lurantis\n|-damage|p1a: Lurantis|180/264\n|-enditem|p1a: Lurantis|Leftovers|[from] move: Knock Off|[of] p2a: Sableye\n|move|p1a: Lurantis|Leaf Storm|p2a: Sableye\n|-damage|p2a: Sableye|95/234\n|-boost|p1a: Lurantis|spa|2\n|\n|-heal|p2a: Sableye|109/234|[from] item: Leftovers\n|upkeep\n|turn|17\n|\n|t:|1733877741\n|move|p2a: Sableye|Encore|p1a: Lurantis\n|-start|p1a: Lurantis|Encore\n|move|p1a: Lurantis|Leaf Storm|p2a: Sableye\n|-damage|p2a: Sableye|0 fnt\n|-boost|p1a: Lurantis|spa|2\n|faint|p2a: Sableye\n|\n|upkeep\n|\n|t:|1733877745\n|switch|p2a: Zebstrika|Zebstrika, L87, F|144/272\n|turn|18\n|\n|t:|1733877750\n|switch|p1a: Spiritomb|Spiritomb, L89, F|110/234\n|move|p2a: Zebstrika|Supercell Slam|p1a: Spiritomb\n|-damage|p1a: Spiritomb|0 fnt\n|faint|p1a: Spiritomb\n|-damage|p2a: Zebstrika|117/272|[from] item: Life Orb\n|\n|upkeep\n|\n|t:|1733877753\n|switch|p1a: Lurantis|Lurantis, L87, M|180/264\n|turn|19\n|\n|t:|1733877756\n|move|p2a: Zebstrika|Overheat|p1a: Lurantis\n|-supereffective|p1a: Lurantis\n|-damage|p1a: Lurantis|0 fnt\n|-unboost|p2a: Zebstrika|spa|2\n|faint|p1a: Lurantis\n|-damage|p2a: Zebstrika|90/272|[from] item: Life Orb\n|\n|upkeep\n|\n|t:|1733877758\n|switch|p1a: Iron Moth|Iron Moth, L78|253/253\n|turn|20\n|\n|t:|1733877761\n|move|p2a: Zebstrika|High Horsepower|p1a: Iron Moth\n|-supereffective|p1a: Iron Moth\n|-damage|p1a: Iron Moth|0 fnt\n|faint|p1a: Iron Moth\n|-end|p1a: Iron Moth|Quark Drive|[silent]\n|-damage|p2a: Zebstrika|63/272|[from] item: Life Orb\n|\n|win|Yes Indubitably\n|raw|RhoSigma's rating: 2107 &rarr; <strong>2089</strong><br />(-18 for losing)\n|raw|Yes Indubitably's rating: 2136 &rarr; <strong>2154</strong><br />(+18 for winning)\n|c|\u2606RhoSigma|gg\n|l|\u2606RhoSigma\n|player|p1|\n", "inputlog": ">version bfd83cad13791eb5a5a409923076391caf6fb4d4\n>start {\"formatid\":\"gen9randombattle\",\"seed\":[52684,9858,35965,13511],\"rated\":\"Rated battle\"}\n>player p1 {\"name\":\"RhoSigma\",\"avatar\":\"1\",\"rating\":2107,\"seed\":[20064,35776,9827,1498]}\n>player p2 {\"name\":\"Yes Indubitably\",\"avatar\":\"unknown\",\"rating\":2136,\"seed\":[36006,40426,47480,7723]}\n>p1 move superpower\n>p2 switch 5\n>p1 move superpower\n>p2 switch 6\n>p1 switch 5\n>p2 move encore\n>p1 move aurawheel\n>p2 switch 4\n>p1 move aurawheel\n>p2 move hypervoice\n>p1 switch 4\n>p1 move sludgewave\n>p2 move protect\n>p1 move sludgewave\n>p2 switch 5\n>p1 switch 6\n>p2 move stoneedge\n>p1 switch 2\n>p2 move stoneedge\n>p1 move hypervoice\n>p2 move closecombat\n>p1 switch 3\n>p1 move hydropump\n>p2 switch 2\n>p1 move spacialrend\n>p2 move dragondance terastallize\n>p1 move thunderwave terastallize\n>p2 move outrage\n>p1 move hydropump\n>p2 move outrage\n>p1 switch 5\n>p1 move superpower\n>p2 switch 4\n>p1 move leafstorm\n>p2 move knockoff\n>p1 move knockoff\n>p2 move encore\n>p2 switch 6\n>p1 switch 2\n>p2 move supercellslam\n>p1 switch 2\n>p1 move superpower\n>p2 move overheat\n>p1 switch 6\n>p1 move fierydance\n>p2 move highhorsepower", "uploadtime": 1733877765, "views": 1, "formatid": "gen9randombattle", "rating": 2089, "private": 0, "password": null}