{"id": "gen9randombattle-2260327421", "format": "[Gen 9] Random Battle", "players": ["VectorAMV", "laurelin"], "log": "|j|\u2606VectorAMV\n|j|\u2606laurelin\n|t:|1733840339\n|gametype|singles\n|player|p1|VectorAMV|nate|1617\n|player|p2|laurelin|lady-gen4|1634\n|teamsize|p1|6\n|teamsize|p2|6\n|gen|9\n|tier|[Gen 9] Random Battle\n|rated|\n|rule|Species Clause: Limit one of each Pok\u00e9mon\n|rule|HP Percentage Mod: HP is shown in percentages\n|rule|Sleep Clause Mod: Limit one foe put to sleep\n|rule|Illusion Level Mod: Illusion disguises the Pok\u00e9mon's true level\n|\n|t:|1733840339\n|start\n|switch|p1a: Deoxys|Deoxys-Defense, L84|221/221\n|switch|p2a: Uxie|Uxie, L83|260/260\n|-ability|p1a: Deoxys|Pressure\n|turn|1\n|inactive|Battle timer is ON: inactive players will automatically lose when time's up. (requested by laurelin)\n|\n|t:|1733840349\n|move|p2a: Uxie|Stealth Rock|p1a: Deoxys\n|-sidestart|p1: VectorAMV|move: Stealth Rock\n|move|p1a: Deoxys|Cosmic Power|p1a: Deoxys\n|-boost|p1a: Deoxys|def|1\n|-boost|p1a: Deoxys|spd|1\n|\n|upkeep\n|turn|2\n|\n|t:|1733840354\n|move|p2a: Uxie|Yawn|p1a: Deoxys\n|-start|p1a: Deoxys|move: Yawn|[of] p2a: Uxie\n|move|p1a: Deoxys|Cosmic Power|p1a: Deoxys\n|-boost|p1a: Deoxys|def|1\n|-boost|p1a: Deoxys|spd|1\n|\n|upkeep\n|turn|3\n|\n|t:|1733840368\n|move|p2a: Uxie|Psychic Noise|p1a: Deoxys\n|-resisted|p1a: Deoxys\n|-damage|p1a: Deoxys|211/221\n|-start|p1a: Deoxys|move: Heal Block\n|move|p1a: Deoxys|Night Shade|p2a: Uxie\n|-damage|p2a: Uxie|176/260\n|\n|-heal|p2a: Uxie|192/260|[from] item: Leftovers\n|-end|p1a: Deoxys|move: Yawn|[silent]\n|-status|p1a: Deoxys|slp\n|upkeep\n|turn|4\n|\n|t:|1733840392\n|move|p2a: Uxie|U-turn|p1a: Deoxys\n|-supereffective|p1a: Deoxys\n|-damage|p1a: Deoxys|183/221 slp\n|\n|t:|1733840397\n|switch|p2a: Emboar|Emboar, L84, M|322/322|[from] U-turn\n|cant|p1a: Deoxys|slp\n|\n|-end|p1a: Deoxys|move: Heal Block\n|upkeep\n|turn|5\n|\n|t:|1733840411\n|-curestatus|p1a: Deoxys|slp|[msg]\n|move|p1a: Deoxys|Night Shade|p2a: Emboar\n|-damage|p2a: Emboar|238/322\n|move|p2a: Emboar|Bulk Up|p2a: Emboar\n|-boost|p2a: Emboar|atk|1\n|-boost|p2a: Emboar|def|1\n|\n|-heal|p1a: Deoxys|196/221|[from] item: Leftovers\n|-heal|p2a: Emboar|258/322|[from] item: Leftovers\n|upkeep\n|turn|6\n|\n|t:|1733840419\n|move|p1a: Deoxys|Cosmic Power|p1a: Deoxys\n|-boost|p1a: Deoxys|def|1\n|-boost|p1a: Deoxys|spd|1\n|move|p2a: Emboar|Trailblaze|p1a: Deoxys\n|-damage|p1a: Deoxys|181/221\n|-boost|p2a: Emboar|spe|1\n|\n|-heal|p2a: Emboar|278/322|[from] item: Leftovers\n|-heal|p1a: Deoxys|194/221|[from] item: Leftovers\n|upkeep\n|turn|7\n|\n|t:|1733840429\n|move|p2a: Emboar|Bulk Up|p2a: Emboar\n|-boost|p2a: Emboar|atk|1\n|-boost|p2a: Emboar|def|1\n|move|p1a: Deoxys|Stored Power|p2a: Emboar\n|-supereffective|p2a: Emboar\n|-damage|p2a: Emboar|2/322\n|\n|-heal|p2a: Emboar|22/322|[from] item: Leftovers\n|-heal|p1a: Deoxys|207/221|[from] item: Leftovers\n|upkeep\n|turn|8\n|\n|t:|1733840439\n|move|p2a: Emboar|Flare Blitz|p1a: Deoxys\n|-damage|p1a: Deoxys|110/221\n|-damage|p2a: Emboar|0 fnt|[from] Recoil\n|faint|p2a: Emboar\n|move|p1a: Deoxys|Night Shade|p2: Emboar|[notarget]\n|-fail|p1a: Deoxys\n|\n|-heal|p1a: Deoxys|123/221|[from] item: Leftovers\n|upkeep\n|\n|t:|1733840451\n|switch|p2a: Uxie|Uxie, L83|192/260\n|turn|9\n|\n|t:|1733840457\n|move|p2a: Uxie|Psychic Noise|p1a: Deoxys\n|-resisted|p1a: Deoxys\n|-damage|p1a: Deoxys|115/221\n|-start|p1a: Deoxys|move: Heal Block\n|move|p1a: Deoxys|Stored Power|p2a: Uxie\n|-resisted|p2a: Uxie\n|-damage|p2a: Uxie|152/260\n|\n|-heal|p2a: Uxie|168/260|[from] item: Leftovers\n|upkeep\n|turn|10\n|\n|t:|1733840467\n|move|p2a: Uxie|Yawn|p1a: Deoxys\n|-start|p1a: Deoxys|move: Yawn|[of] p2a: Uxie\n|move|p1a: Deoxys|Cosmic Power|p1a: Deoxys\n|-boost|p1a: Deoxys|def|1\n|-boost|p1a: Deoxys|spd|1\n|\n|-heal|p2a: Uxie|184/260|[from] item: Leftovers\n|-end|p1a: Deoxys|move: Heal Block\n|upkeep\n|turn|11\n|\n|t:|1733840476\n|move|p2a: Uxie|Psychic Noise|p1a: Deoxys\n|-resisted|p1a: Deoxys\n|-damage|p1a: Deoxys|109/221\n|-start|p1a: Deoxys|move: Heal Block\n|move|p1a: Deoxys|Cosmic Power|p1a: Deoxys\n|-boost|p1a: Deoxys|def|1\n|-boost|p1a: Deoxys|spd|1\n|\n|-heal|p2a: Uxie|200/260|[from] item: Leftovers\n|-end|p1a: Deoxys|move: Yawn|[silent]\n|-status|p1a: Deoxys|slp\n|upkeep\n|turn|12\n|\n|t:|1733840500\n|move|p2a: Uxie|U-turn|p1a: Deoxys\n|-supereffective|p1a: Deoxys\n|-damage|p1a: Deoxys|93/221 slp\n|\n|t:|1733840504\n|switch|p2a: Bronzong|Bronzong, L88|261/261|[from] U-turn\n|cant|p1a: Deoxys|slp\n|\n|-end|p1a: Deoxys|move: Heal Block\n|upkeep\n|turn|13\n|\n|t:|1733840510\n|cant|p1a: Deoxys|slp\n|move|p2a: Bronzong|Psychic Noise|p1a: Deoxys\n|-resisted|p1a: Deoxys\n|-damage|p1a: Deoxys|86/221 slp\n|-start|p1a: Deoxys|move: Heal Block\n|\n|upkeep\n|turn|14\n|\n|t:|1733840516\n|-curestatus|p1a: Deoxys|slp|[msg]\n|move|p1a: Deoxys|Night Shade|p2a: Bronzong\n|-damage|p2a: Bronzong|177/261\n|move|p2a: Bronzong|Iron Defense|p2a: Bronzong\n|-boost|p2a: Bronzong|def|2\n|\n|-end|p1a: Deoxys|move: Heal Block\n|upkeep\n|turn|15\n|\n|t:|1733840522\n|move|p1a: Deoxys|Recover|p1a: Deoxys\n|-heal|p1a: Deoxys|197/221\n|move|p2a: Bronzong|Psychic Noise|p1a: Deoxys\n|-resisted|p1a: Deoxys\n|-damage|p1a: Deoxys|191/221\n|-start|p1a: Deoxys|move: Heal Block\n|\n|upkeep\n|turn|16\n|\n|t:|1733840527\n|move|p1a: Deoxys|Cosmic Power|p1a: Deoxys\n|-boost|p1a: Deoxys|def|1\n|-boost|p1a: Deoxys|spd|1\n|move|p2a: Bronzong|Iron Defense|p2a: Bronzong\n|-boost|p2a: Bronzong|def|2\n|\n|-end|p1a: Deoxys|move: Heal Block\n|upkeep\n|turn|17\n|\n|t:|1733840539\n|move|p1a: Deoxys|Night Shade|p2a: Bronzong\n|-damage|p2a: Bronzong|93/261\n|move|p2a: Bronzong|Iron Defense|p2a: Bronzong\n|-boost|p2a: Bronzong|def|2\n|\n|-heal|p1a: Deoxys|204/221|[from] item: Leftovers\n|upkeep\n|turn|18\n|\n|t:|1733840551\n|move|p1a: Deoxys|Night Shade|p2a: Bronzong\n|-damage|p2a: Bronzong|9/261\n|move|p2a: Bronzong|Rest|p2a: Bronzong\n|-status|p2a: Bronzong|slp|[from] move: Rest\n|-heal|p2a: Bronzong|261/261 slp|[silent]\n|-enditem|p2a: Bronzong|Chesto Berry|[eat]\n|-curestatus|p2a: Bronzong|slp|[msg]\n|\n|-heal|p1a: Deoxys|217/221|[from] item: Leftovers\n|upkeep\n|turn|19\n|\n|t:|1733840571\n|move|p1a: Deoxys|Night Shade|p2a: Bronzong\n|-damage|p2a: Bronzong|177/261\n|move|p2a: Bronzong|Psychic Noise|p1a: Deoxys\n|-resisted|p1a: Deoxys\n|-damage|p1a: Deoxys|211/221\n|-start|p1a: Deoxys|move: Heal Block\n|\n|upkeep\n|turn|20\n|\n|t:|1733840583\n|move|p1a: Deoxys|Night Shade|p2a: Bronzong\n|-damage|p2a: Bronzong|93/261\n|move|p2a: Bronzong|Iron Defense|p2a: Bronzong\n|-boost|p2a: Bronzong|def|0\n|\n|-end|p1a: Deoxys|move: Heal Block\n|upkeep\n|turn|21\n|\n|t:|1733840596\n|move|p1a: Deoxys|Night Shade|p2a: Bronzong\n|-damage|p2a: Bronzong|9/261\n|move|p2a: Bronzong|Rest|p2a: Bronzong\n|-status|p2a: Bronzong|slp|[from] move: Rest\n|-heal|p2a: Bronzong|261/261 slp|[silent]\n|\n|-heal|p1a: Deoxys|221/221|[from] item: Leftovers\n|upkeep\n|turn|22\n|-message|laurelin forfeited.\n|\n|win|VectorAMV\n|raw|VectorAMV's rating: 1617 &rarr; <strong>1638</strong><br />(+21 for winning)\n|raw|laurelin's rating: 1634 &rarr; <strong>1613</strong><br />(-21 for losing)\n|l|\u2606laurelin\n|player|p2|\n", "inputlog": ">version bfd83cad13791eb5a5a409923076391caf6fb4d4\n>start {\"formatid\":\"gen9randombattle\",\"seed\":[45533,9887,11353,52672],\"rated\":\"Rated battle\"}\n>player p1 {\"name\":\"VectorAMV\",\"avatar\":\"nate\",\"rating\":1617,\"seed\":[28316,56174,62073,12641]}\n>player p2 {\"name\":\"laurelin\",\"avatar\":\"lady-gen4\",\"rating\":1634,\"seed\":[25783,23518,14288,44221]}\n>p1 move cosmicpower\n>p2 move stealthrock\n>p1 move cosmicpower\n>p2 move yawn\n>p1 move nightshade\n>p2 move psychicnoise\n>p1 move nightshade\n>p2 move uturn\n>p2 switch 4\n>p1 move nightshade\n>p2 move bulkup\n>p1 move cosmicpower\n>p2 move trailblaze\n>p1 move storedpower\n>p2 move bulkup\n>p1 move nightshade\n>p2 move flareblitz\n>p2 switch 4\n>p1 move storedpower\n>p2 move psychicnoise\n>p1 move cosmicpower\n>p2 move yawn\n>p1 move cosmicpower\n>p2 move psychicnoise\n>p1 move cosmicpower\n>p2 move uturn\n>p2 switch 2\n>p1 move recover\n>p2 move psychicnoise\n>p1 move nightshade\n>p2 move irondefense\n>p1 move recover\n>p2 move psychicnoise\n>p1 move cosmicpower\n>p2 move irondefense\n>p1 move nightshade\n>p2 move irondefense\n>p1 move nightshade\n>p2 move rest\n>p1 move nightshade\n>p2 move psychicnoise\n>p1 move nightshade\n>p2 move irondefense\n>p1 move nightshade\n>p2 move rest\n>forcelose p2", "uploadtime": 1733840637, "views": 1, "formatid": "gen9randombattle", "rating": 1613, "private": 0, "password": null}