{"id": "gen9randombattle-2210142615", "format": "[Gen 9] Random Battle", "players": ["R3LT Star Wheel", "R3LT Petros"], "log": "|badge|p1|silver|gen9randombattle|30-2\n|uhtml|medal-msg|<div class=\"broadcast-blue\">Curious what those medals under the avatar are? PS now has Ladder Seasons! For more information, check out the <a href=\"https://www.smogon.com/forums/threads/3740067/\">thread on Smogon.</a></div>\n|j|\u2606R3LT Star Wheel\n|j|\u2606R3LT Petros\n|t:|1727360772\n|gametype|singles\n|player|p1|R3LT Star Wheel|darach-caitlin|2463\n|player|p2|R3LT Petros|#rbtt6teammewtwo|2300\n|teamsize|p1|6\n|teamsize|p2|6\n|gen|9\n|tier|[Gen 9] Random Battle\n|rated|\n|rule|Species Clause: Limit one of each Pok\u00e9mon\n|rule|HP Percentage Mod: HP is shown in percentages\n|rule|Sleep Clause Mod: Limit one foe put to sleep\n|rule|Illusion Level Mod: Illusion disguises the Pok\u00e9mon's true level\n|\n|t:|1727360772\n|start\n|switch|p1a: Azumarill|Azumarill, L82, M|298/298\n|switch|p2a: Qwilfish|Qwilfish, L86, F|252/252\n|-ability|p2a: Qwilfish|Intimidate|boost\n|-unboost|p1a: Azumarill|atk|1\n|turn|1\n|inactive|Battle timer is ON: inactive players will automatically lose when time's up. (requested by R3LT Star Wheel)\n|inactive|R3LT Petros also wants the timer to be on.\n|c|\u2606R3LT Star Wheel|time for revenge :)\n|c|\u2606R3LT Petros|...\n|inactive|R3LT Star Wheel has 120 seconds left.\n|inactive|R3LT Petros has 120 seconds left.\n|\n|t:|1727360808\n|switch|p1a: Trevenant|Trevenant, L88, F|293/293\n|move|p2a: Qwilfish|Waterfall|p1a: Trevenant\n|-resisted|p1a: Trevenant\n|-damage|p1a: Trevenant|247/293\n|\n|upkeep\n|turn|2\n|j| jorn lande\n|\n|t:|1727360830\n|move|p2a: Qwilfish|Gunk Shot|p1a: Trevenant\n|-damage|p1a: Trevenant|109/293\n|move|p1a: Trevenant|Will-O-Wisp|p2a: Qwilfish\n|-status|p2a: Qwilfish|brn\n|\n|-damage|p2a: Qwilfish|237/252 brn|[from] brn\n|upkeep\n|turn|3\n|inactive|R3LT Petros has 120 seconds left.\n|\n|t:|1727360854\n|move|p2a: Qwilfish|Gunk Shot|p1a: Trevenant\n|-damage|p1a: Trevenant|33/293\n|-status|p1a: Trevenant|psn\n|move|p1a: Trevenant|Horn Leech|p2a: Qwilfish\n|-damage|p2a: Qwilfish|116/252 brn\n|-heal|p1a: Trevenant|94/293 psn|[from] drain|[of] p2a: Qwilfish\n|-damage|p1a: Trevenant|65/293 psn|[from] item: Life Orb\n|\n|-heal|p2a: Qwilfish|131/252 brn|[from] item: Leftovers\n|-damage|p1a: Trevenant|29/293 psn|[from] psn\n|-damage|p2a: Qwilfish|116/252 brn|[from] brn\n|upkeep\n|turn|4\n|\n|t:|1727360875\n|-curestatus|p1a: Trevenant|psn|[from] ability: Natural Cure\n|switch|p1a: Ambipom|Ambipom, L84, M|263/263\n|move|p2a: Qwilfish|Gunk Shot|p1a: Ambipom\n|-damage|p1a: Ambipom|184/263\n|\n|-heal|p2a: Qwilfish|131/252 brn|[from] item: Leftovers\n|-damage|p2a: Qwilfish|116/252 brn|[from] brn\n|upkeep\n|turn|5\n|inactive|R3LT Petros has 120 seconds left.\n|\n|t:|1727360890\n|switch|p2a: Brambleghast|Brambleghast, L88, M|240/240\n|move|p1a: Ambipom|Fake Out|p2a: Brambleghast\n|-immune|p2a: Brambleghast\n|\n|upkeep\n|turn|6\n|inactive|R3LT Petros has 120 seconds left.\n|\n|t:|1727360908\n|move|p1a: Ambipom|U-turn|p2a: Brambleghast\n|-damage|p2a: Brambleghast|186/240\n|\n|t:|1727360910\n|switch|p1a: Leavanny|Leavanny, L86, F|269/269|[from] U-turn\n|move|p2a: Brambleghast|Power Whip|p1a: Leavanny\n|-resisted|p1a: Leavanny\n|-damage|p1a: Leavanny|224/269\n|\n|-heal|p2a: Brambleghast|201/240|[from] item: Leftovers\n|upkeep\n|turn|7\n|inactive|R3LT Petros has 120 seconds left.\n|\n|t:|1727360922\n|move|p2a: Brambleghast|Poltergeist|p1a: Leavanny\n|-activate|p1a: Leavanny|move: Poltergeist|Heavy-Duty Boots\n|-damage|p1a: Leavanny|67/269\n|move|p1a: Leavanny|Lunge|p2a: Brambleghast\n|-damage|p2a: Brambleghast|36/240\n|-unboost|p2a: Brambleghast|atk|1\n|\n|-heal|p2a: Brambleghast|51/240|[from] item: Leftovers\n|upkeep\n|turn|8\n|\n|t:|1727360932\n|switch|p1a: Ambipom|Ambipom, L84, M|184/263\n|move|p2a: Brambleghast|Poltergeist|p1a: Ambipom\n|-immune|p1a: Ambipom\n|\n|-heal|p2a: Brambleghast|66/240|[from] item: Leftovers\n|upkeep\n|turn|9\n|\n|t:|1727360937\n|switch|p2a: Qwilfish|Qwilfish, L86, F|116/252 brn\n|-ability|p2a: Qwilfish|Intimidate|boost\n|-unboost|p1a: Ambipom|atk|1\n|move|p1a: Ambipom|Knock Off|p2a: Qwilfish\n|-damage|p2a: Qwilfish|69/252 brn\n|-enditem|p2a: Qwilfish|Leftovers|[from] move: Knock Off|[of] p1a: Ambipom\n|\n|-damage|p2a: Qwilfish|54/252 brn|[from] brn\n|upkeep\n|turn|10\n|inactive|R3LT Petros has 120 seconds left.\n|\n|t:|1727360986\n|switch|p2a: Dunsparce|Dunsparce, L86, M|312/312\n|move|p1a: Ambipom|Double-Edge|p2a: Dunsparce\n|-damage|p2a: Dunsparce|228/312\n|-damage|p1a: Ambipom|156/263|[from] Recoil\n|\n|upkeep\n|turn|11\n|inactive|R3LT Petros has 90 seconds left.\n|\n|t:|1727361012\n|move|p1a: Ambipom|U-turn|p2a: Dunsparce\n|-damage|p2a: Dunsparce|204/312\n|\n|t:|1727361015\n|switch|p1a: Trevenant|Trevenant, L88, F|29/293|[from] U-turn\n|move|p2a: Dunsparce|Earthquake|p1a: Trevenant\n|-resisted|p1a: Trevenant\n|-damage|p1a: Trevenant|0 fnt\n|faint|p1a: Trevenant\n|\n|upkeep\n|\n|t:|1727361018\n|switch|p1a: Leavanny|Leavanny, L86, F|67/269\n|turn|12\n|\n|t:|1727361026\n|move|p1a: Leavanny|Sticky Web|p2a: Dunsparce\n|-sidestart|p2: R3LT Petros|move: Sticky Web\n|move|p2a: Dunsparce|Body Slam|p1a: Leavanny\n|-crit|p1a: Leavanny\n|-damage|p1a: Leavanny|0 fnt\n|faint|p1a: Leavanny\n|\n|upkeep\n|\n|t:|1727361034\n|switch|p1a: Pelipper|Pelipper, L86, M|243/243\n|-weather|RainDance|[from] ability: Drizzle|[of] p1a: Pelipper\n|turn|13\n|j| IcyPenguin604\n|inactive|R3LT Petros has 90 seconds left.\n|\n|t:|1727361061\n|switch|p2a: Qwilfish|Qwilfish, L86, F|54/252 brn\n|-activate|p2a: Qwilfish|move: Sticky Web\n|-unboost|p2a: Qwilfish|spe|1\n|-ability|p2a: Qwilfish|Intimidate|boost\n|-unboost|p1a: Pelipper|atk|1\n|move|p1a: Pelipper|Hydro Pump|p2a: Qwilfish\n|-resisted|p2a: Qwilfish\n|-damage|p2a: Qwilfish|0 fnt\n|faint|p2a: Qwilfish\n|\n|-weather|RainDance|[upkeep]\n|upkeep\n|inactive|R3LT Petros has 90 seconds left.\n|\n|t:|1727361095\n|switch|p2a: Galvantula|Galvantula, L82, F|249/249\n|turn|14\n|inactive|R3LT Star Wheel has 120 seconds left.\n|\n|t:|1727361135\n|switch|p1a: Grumpig|Grumpig, L92, F|297/297\n|move|p2a: Galvantula|Thunder|p1a: Grumpig\n|-damage|p1a: Grumpig|210/297\n|\n|-weather|RainDance|[upkeep]\n|-heal|p1a: Grumpig|228/297|[from] item: Leftovers\n|upkeep\n|turn|15\n|inactive|R3LT Petros has 60 seconds left.\n|inactive|R3LT Star Wheel has 90 seconds left.\n|\n|t:|1727361167\n|move|p2a: Galvantula|Sticky Web|p1a: Grumpig\n|-sidestart|p1: R3LT Star Wheel|move: Sticky Web\n|move|p1a: Grumpig|Psyshock|p2a: Galvantula\n|-damage|p2a: Galvantula|111/249\n|\n|-weather|RainDance|[upkeep]\n|-heal|p1a: Grumpig|246/297|[from] item: Leftovers\n|upkeep\n|turn|16\n|inactive|R3LT Petros has 60 seconds left.\n|\n|t:|1727361197\n|switch|p2a: Crawdaunt|Crawdaunt, L84, M|243/243\n|-activate|p2a: Crawdaunt|move: Sticky Web\n|-unboost|p2a: Crawdaunt|spe|1\n|move|p1a: Grumpig|Psyshock|p2a: Crawdaunt\n|-immune|p2a: Crawdaunt\n|\n|-weather|RainDance|[upkeep]\n|-heal|p1a: Grumpig|264/297|[from] item: Leftovers\n|upkeep\n|turn|17\n|inactive|R3LT Star Wheel has 90 seconds left.\n|\n|t:|1727361233\n|-terastallize|p1a: Grumpig|Fairy\n|move|p1a: Grumpig|Dazzling Gleam|p2a: Crawdaunt\n|-supereffective|p2a: Crawdaunt\n|-damage|p2a: Crawdaunt|0 fnt\n|faint|p2a: Crawdaunt\n|\n|-weather|none\n|-heal|p1a: Grumpig|282/297|[from] item: Leftovers\n|upkeep\n|\n|t:|1727361247\n|switch|p2a: Dunsparce|Dunsparce, L86, M|204/312\n|-activate|p2a: Dunsparce|move: Sticky Web\n|-unboost|p2a: Dunsparce|spe|1\n|turn|18\n|\n|t:|1727361256\n|switch|p1a: Pelipper|Pelipper, L86, M|243/243\n|-weather|RainDance|[from] ability: Drizzle|[of] p1a: Pelipper\n|move|p2a: Dunsparce|Body Slam|p1a: Pelipper\n|-damage|p1a: Pelipper|174/243\n|-status|p1a: Pelipper|par\n|\n|-weather|RainDance|[upkeep]\n|upkeep\n|turn|19\n|inactive|R3LT Star Wheel has 90 seconds left.\n|inactive|R3LT Petros has 30 seconds left.\n|inactive|R3LT Petros has 20 seconds left.\n|\n|t:|1727361287\n|switch|p2a: Brambleghast|Brambleghast, L88, M|66/240\n|-activate|p2a: Brambleghast|move: Sticky Web\n|-unboost|p2a: Brambleghast|spe|1\n|move|p1a: Pelipper|Weather Ball|p2a: Brambleghast\n|-resisted|p2a: Brambleghast\n|-damage|p2a: Brambleghast|0 fnt\n|faint|p2a: Brambleghast\n|\n|-weather|RainDance|[upkeep]\n|upkeep\n|inactive|R3LT Petros has 25 seconds left this turn.\n|inactive|R3LT Petros has 20 seconds left.\n|\n|t:|1727361293\n|switch|p2a: Galvantula|Galvantula, L82, F|111/249\n|turn|20\n|inactive|R3LT Petros has 30 seconds left this turn.\n|inactive|R3LT Petros has 20 seconds left.\n|\n|t:|1727361304\n|switch|p1a: Grumpig|Grumpig, L92, F, tera:Fairy|282/297\n|-activate|p1a: Grumpig|move: Sticky Web\n|-unboost|p1a: Grumpig|spe|1\n|move|p2a: Galvantula|Thunder|p1a: Grumpig\n|-damage|p1a: Grumpig|203/297\n|-status|p1a: Grumpig|par\n|\n|-weather|RainDance|[upkeep]\n|-heal|p1a: Grumpig|221/297 par|[from] item: Leftovers\n|upkeep\n|turn|21\n|inactive|R3LT Petros has 30 seconds left this turn.\n|inactive|R3LT Petros has 20 seconds left.\n|\n|t:|1727361316\n|switch|p2a: Dunsparce|Dunsparce, L86, M|204/312\n|-activate|p2a: Dunsparce|move: Sticky Web\n|-unboost|p2a: Dunsparce|spe|1\n|move|p1a: Grumpig|Nasty Plot|p1a: Grumpig\n|-boost|p1a: Grumpig|spa|2\n|\n|-weather|RainDance|[upkeep]\n|-heal|p1a: Grumpig|239/297 par|[from] item: Leftovers\n|upkeep\n|turn|22\n|inactive|R3LT Petros has 30 seconds left this turn.\n|inactive|R3LT Petros has 20 seconds left.\n|\n|t:|1727361328\n|move|p2a: Dunsparce|Body Slam|p1a: Grumpig\n|-damage|p1a: Grumpig|154/297 par\n|cant|p1a: Grumpig|par\n|\n|-weather|none\n|-heal|p1a: Grumpig|172/297 par|[from] item: Leftovers\n|upkeep\n|turn|23\n|inactive|R3LT Petros has 30 seconds left this turn.\n|inactive|R3LT Star Wheel has 120 seconds left.\n|\n|t:|1727361336\n|switch|p1a: Pelipper|Pelipper, L86, M|174/243 par\n|-weather|RainDance|[from] ability: Drizzle|[of] p1a: Pelipper\n|move|p2a: Dunsparce|Body Slam|p1a: Pelipper\n|-damage|p1a: Pelipper|107/243 par\n|\n|-weather|RainDance|[upkeep]\n|upkeep\n|turn|24\n|inactive|R3LT Petros has 30 seconds left.\n|\n|t:|1727361356\n|move|p2a: Dunsparce|Body Slam|p1a: Pelipper\n|-damage|p1a: Pelipper|38/243 par\n|move|p1a: Pelipper|Hydro Pump|p2a: Dunsparce\n|-damage|p2a: Dunsparce|0 fnt\n|faint|p2a: Dunsparce\n|\n|-weather|RainDance|[upkeep]\n|upkeep\n|inactive|R3LT Petros has 30 seconds left this turn.\n|inactive|R3LT Petros has 20 seconds left.\n|inactive|R3LT Petros has 15 seconds left.\n|inactive|R3LT Petros has 10 seconds left.\n|\n|t:|1727361377\n|switch|p2a: Galvantula|Galvantula, L82, F|111/249\n|turn|25\n|inactive|R3LT Petros has 20 seconds left this turn.\n|inactive|R3LT Petros has 15 seconds left.\n|inactive|R3LT Star Wheel has 120 seconds left.\n|\n|t:|1727361409\n|switch|p1a: Grumpig|Grumpig, L92, F, tera:Fairy|172/297 par\n|-activate|p1a: Grumpig|move: Sticky Web\n|-unboost|p1a: Grumpig|spe|1\n|move|p2a: Galvantula|Giga Drain|p1a: Grumpig\n|-damage|p1a: Grumpig|135/297 par\n|-heal|p2a: Galvantula|130/249|[from] drain|[of] p1a: Grumpig\n|\n|-weather|RainDance|[upkeep]\n|-heal|p1a: Grumpig|153/297 par|[from] item: Leftovers\n|upkeep\n|turn|26\n|inactive|R3LT Petros has 25 seconds left this turn.\n|inactive|R3LT Petros has 20 seconds left.\n|\n|t:|1727361417\n|move|p2a: Galvantula|Thunder|p1a: Grumpig\n|-crit|p1a: Grumpig\n|-damage|p1a: Grumpig|24/297 par\n|move|p1a: Grumpig|Dazzling Gleam|p2a: Galvantula\n|-damage|p2a: Galvantula|9/249\n|\n|-weather|RainDance|[upkeep]\n|-heal|p1a: Grumpig|42/297 par|[from] item: Leftovers\n|upkeep\n|turn|27\n|inactive|R3LT Petros has 30 seconds left this turn.\n|\n|t:|1727361425\n|move|p2a: Galvantula|Thunder|p1a: Grumpig\n|-damage|p1a: Grumpig|0 fnt\n|faint|p1a: Grumpig\n|\n|-weather|none\n|upkeep\n|inactive|R3LT Petros has 30 seconds left this turn.\n|\n|t:|1727361430\n|switch|p1a: Ambipom|Ambipom, L84, M|156/263\n|-activate|p1a: Ambipom|move: Sticky Web\n|-unboost|p1a: Ambipom|spe|1\n|turn|28\n|inactive|R3LT Petros has 30 seconds left.\n|\n|t:|1727361445\n|move|p1a: Ambipom|Fake Out|p2a: Galvantula\n|-damage|p2a: Galvantula|0 fnt\n|faint|p2a: Galvantula\n|\n|upkeep\n|\n|t:|1727361447\n|switch|p2a: Thundurus|Thundurus-Therian, L80, M|258/258\n|turn|29\n|inactive|R3LT Petros has 30 seconds left.\n|\n|t:|1727361463\n|switch|p1a: Pelipper|Pelipper, L86, M|38/243 par\n|-weather|RainDance|[from] ability: Drizzle|[of] p1a: Pelipper\n|move|p2a: Thundurus|Nasty Plot|p2a: Thundurus\n|-boost|p2a: Thundurus|spa|2\n|\n|-weather|RainDance|[upkeep]\n|upkeep\n|turn|30\n|inactive|R3LT Petros has 30 seconds left.\n|\n|t:|1727361475\n|move|p2a: Thundurus|Thunderbolt|p1a: Pelipper\n|-supereffective|p1a: Pelipper\n|-damage|p1a: Pelipper|0 fnt\n|faint|p1a: Pelipper\n|\n|-weather|RainDance|[upkeep]\n|upkeep\n|\n|t:|1727361478\n|switch|p1a: Ambipom|Ambipom, L84, M|156/263\n|-activate|p1a: Ambipom|move: Sticky Web\n|-unboost|p1a: Ambipom|spe|1\n|turn|31\n|\n|t:|1727361481\n|move|p1a: Ambipom|Fake Out|p2a: Thundurus\n|-damage|p2a: Thundurus|153/258\n|cant|p2a: Thundurus|flinch\n|\n|-weather|RainDance|[upkeep]\n|upkeep\n|turn|32\n|\n|t:|1727361484\n|move|p2a: Thundurus|Thunderbolt|p1a: Ambipom\n|-damage|p1a: Ambipom|0 fnt\n|faint|p1a: Ambipom\n|\n|-weather|RainDance|[upkeep]\n|upkeep\n|\n|t:|1727361486\n|switch|p1a: Azumarill|Azumarill, L82, M|298/298\n|-activate|p1a: Azumarill|move: Sticky Web\n|-unboost|p1a: Azumarill|spe|1\n|turn|33\n|\n|t:|1727361489\n|move|p1a: Azumarill|Aqua Jet|p2a: Thundurus\n|-damage|p2a: Thundurus|65/258\n|move|p2a: Thundurus|Thunderbolt|p1a: Azumarill\n|-supereffective|p1a: Azumarill\n|-damage|p1a: Azumarill|0 fnt\n|faint|p1a: Azumarill\n|\n|win|R3LT Petros\n|raw|R3LT Star Wheel's rating: 2463 &rarr; <strong>2434</strong><br />(-29 for losing)\n|raw|R3LT Petros's rating: 2300 &rarr; <strong>2329</strong><br />(+29 for winning)\n|l|\u2606R3LT Star Wheel\n|player|p1|\n|c|\u2606R3LT Petros|GG\n|l| jorn lande\n", "inputlog": ">version d155b4937d18dfffda2dee3f1f762535b4a408ed\n>start {\"formatid\":\"gen9randombattle\",\"seed\":[64467,8699,23169,17220],\"rated\":\"Rated battle\"}\n>player p1 {\"name\":\"R3LT Star Wheel\",\"avatar\":\"darach-caitlin\",\"rating\":2463,\"seed\":[16247,63763,57693,49391]}\n>player p2 {\"name\":\"R3LT Petros\",\"avatar\":\"#rbtt6teammewtwo\",\"rating\":2300,\"seed\":[35920,8698,57347,2707]}\n>chat \u2606R3LT Star Wheel|time for revenge :)\n>chat \u2606R3LT Petros|...\n>p1 switch 2\n>p2 move waterfall\n>p1 move willowisp\n>p2 move gunkshot\n>p1 move hornleech\n>p2 move gunkshot\n>p1 switch 5\n>p2 move gunkshot\n>p1 move fakeout\n>p2 switch 4\n>p1 move uturn\n>p2 move powerwhip\n>p1 switch 4\n>p1 move lunge\n>p2 move poltergeist\n>p1 switch 4\n>p2 move poltergeist\n>p1 move knockoff\n>p2 switch 4\n>p1 move doubleedge\n>p2 switch 3\n>p1 move uturn\n>p2 move earthquake\n>p1 switch 5\n>p1 switch 4\n>p1 move stickyweb\n>p2 move bodyslam\n>p1 switch 3\n>p1 move hydropump\n>p2 switch 3\n>p2 switch 6\n>p1 switch 6\n>p2 move thunder\n>p1 move psyshock\n>p2 move stickyweb\n>p1 move psyshock\n>p2 switch 2\n>p1 move dazzlinggleam terastallize\n>p2 move crabhammer\n>p2 switch 3\n>p1 switch 6\n>p2 move bodyslam\n>p1 move weatherball\n>p2 switch 4\n>p2 switch 2\n>p1 switch 6\n>p2 move thunder\n>p1 move nastyplot\n>p2 switch 4\n>p1 move dazzlinggleam\n>p2 move bodyslam\n>p1 switch 6\n>p2 move bodyslam\n>p1 move hydropump\n>p2 move bodyslam\n>p2 switch 4\n>p1 switch 6\n>p2 move gigadrain\n>p1 move dazzlinggleam\n>p2 move thunder\n>p1 move dazzlinggleam\n>p2 move thunder\n>p1 switch 5\n>p1 move fakeout\n>p2 move thunder\n>p2 switch 5\n>p1 switch 6\n>p2 move nastyplot\n>p1 move weatherball\n>p2 move thunderbolt\n>p1 switch 6\n>p1 move fakeout\n>p2 move thunderbolt\n>p1 move doubleedge\n>p2 move thunderbolt\n>p1 switch 2\n>p1 move aquajet\n>p2 move thunderbolt", "uploadtime": 1727361508, "views": 89, "formatid": "gen9randombattle", "rating": 2329, "private": 0, "password": null}