{"id": "gen9randombattle-2260516792", "format": "[Gen 9] Random Battle", "players": ["FakerOddie", "VMCookie"], "log": "|j|\u2606FakerOddie\n|j|\u2606VMCookie\n|t:|1733859223\n|gametype|singles\n|player|p1|FakerOddie|marley|\n|player|p2|VMCookie|hilda|\n|teamsize|p1|6\n|teamsize|p2|6\n|gen|9\n|tier|[Gen 9] Random Battle\n|rule|Species Clause: Limit one of each Pok\u00e9mon\n|rule|HP Percentage Mod: HP is shown in percentages\n|rule|Sleep Clause Mod: Limit one foe put to sleep\n|rule|Illusion Level Mod: Illusion disguises the Pok\u00e9mon's true level\n|\n|t:|1733859223\n|start\n|switch|p1a: Groudon|Groudon, L72|263/263\n|switch|p2a: Eiscue|Eiscue, L88, M|274/274\n|-weather|SunnyDay|[from] ability: Drought|[of] p1a: Groudon\n|turn|1\n|\n|t:|1733859237\n|move|p1a: Groudon|Swords Dance|p1a: Groudon\n|-boost|p1a: Groudon|atk|2\n|move|p2a: Eiscue|Liquidation|p1a: Groudon\n|-supereffective|p1a: Groudon\n|-damage|p1a: Groudon|221/263\n|\n|-weather|SunnyDay|[upkeep]\n|-heal|p1a: Groudon|237/263|[from] item: Leftovers\n|upkeep\n|turn|2\n|\n|t:|1733859253\n|switch|p2a: Dragapult|Dragapult, L77, F|262/262\n|move|p1a: Groudon|Swords Dance|p1a: Groudon\n|-boost|p1a: Groudon|atk|2\n|\n|-weather|SunnyDay|[upkeep]\n|-heal|p1a: Groudon|253/263|[from] item: Leftovers\n|upkeep\n|turn|3\n|\n|t:|1733859266\n|move|p2a: Dragapult|Draco Meteor|p1a: Groudon\n|-crit|p1a: Groudon\n|-damage|p1a: Groudon|0 fnt\n|-unboost|p2a: Dragapult|spa|2\n|faint|p1a: Groudon\n|\n|-weather|SunnyDay|[upkeep]\n|upkeep\n|\n|t:|1733859281\n|switch|p1a: Hawlucha|Hawlucha, L80, M|256/256\n|turn|4\n|\n|t:|1733859292\n|move|p2a: Dragapult|Draco Meteor|p1a: Hawlucha|[miss]\n|-miss|p2a: Dragapult|p1a: Hawlucha\n|move|p1a: Hawlucha|Swords Dance|p1a: Hawlucha\n|-boost|p1a: Hawlucha|atk|2\n|\n|-weather|SunnyDay|[upkeep]\n|upkeep\n|turn|5\n|\n|t:|1733859298\n|move|p2a: Dragapult|Draco Meteor|p1a: Hawlucha\n|-damage|p1a: Hawlucha|145/256\n|-unboost|p2a: Dragapult|spa|2\n|move|p1a: Hawlucha|Close Combat|p2a: Dragapult\n|-immune|p2a: Dragapult\n|\n|-weather|none\n|upkeep\n|turn|6\n|\n|t:|1733859311\n|move|p2a: Dragapult|Draco Meteor|p1a: Hawlucha\n|-damage|p1a: Hawlucha|69/256\n|-unboost|p2a: Dragapult|spa|2\n|move|p1a: Hawlucha|Brave Bird|p2a: Dragapult\n|-damage|p2a: Dragapult|0 fnt\n|faint|p2a: Dragapult\n|-damage|p1a: Hawlucha|0 fnt|[from] Recoil\n|faint|p1a: Hawlucha\n|\n|upkeep\n|\n|t:|1733859326\n|switch|p2a: Girafarig|Girafarig, L89, F|269/269\n|switch|p1a: Sableye|Sableye, L89, M|234/234\n|turn|7\n|\n|t:|1733859347\n|move|p2a: Girafarig|Dazzling Gleam|p1a: Sableye\n|-supereffective|p1a: Sableye\n|-damage|p1a: Sableye|82/234\n|move|p1a: Sableye|Knock Off|p2a: Girafarig\n|-supereffective|p2a: Girafarig\n|-damage|p2a: Girafarig|119/269\n|-enditem|p2a: Girafarig|Eviolite|[from] move: Knock Off|[of] p1a: Sableye\n|\n|-heal|p1a: Sableye|96/234|[from] item: Leftovers\n|upkeep\n|turn|8\n|\n|t:|1733859358\n|move|p1a: Sableye|Recover|p1a: Sableye\n|-heal|p1a: Sableye|213/234\n|move|p2a: Girafarig|Dazzling Gleam|p1a: Sableye\n|-supereffective|p1a: Sableye\n|-damage|p1a: Sableye|77/234\n|\n|-heal|p1a: Sableye|91/234|[from] item: Leftovers\n|upkeep\n|turn|9\n|\n|t:|1733859372\n|move|p1a: Sableye|Recover|p1a: Sableye\n|-heal|p1a: Sableye|208/234\n|move|p2a: Girafarig|Dazzling Gleam|p1a: Sableye\n|-supereffective|p1a: Sableye\n|-damage|p1a: Sableye|76/234\n|\n|-heal|p1a: Sableye|90/234|[from] item: Leftovers\n|upkeep\n|turn|10\n|\n|t:|1733859388\n|switch|p1a: Scream Tail|Scream Tail, L84|330/330\n|move|p2a: Girafarig|Psyshock|p1a: Scream Tail\n|-resisted|p1a: Scream Tail\n|-damage|p1a: Scream Tail|288/330\n|\n|-heal|p1a: Scream Tail|308/330|[from] item: Leftovers\n|upkeep\n|turn|11\n|\n|t:|1733859403\n|move|p1a: Scream Tail|Dazzling Gleam|p2a: Girafarig\n|-damage|p2a: Girafarig|49/269\n|move|p2a: Girafarig|Thunderbolt|p1a: Scream Tail\n|-damage|p1a: Scream Tail|251/330\n|\n|-heal|p1a: Scream Tail|271/330|[from] item: Leftovers\n|upkeep\n|turn|12\n|\n|t:|1733859449\n|switch|p2a: Sandslash|Sandslash-Alola, L88, F|275/275\n|move|p1a: Scream Tail|Dazzling Gleam|p2a: Sandslash\n|-resisted|p2a: Sandslash\n|-damage|p2a: Sandslash|239/275\n|\n|-heal|p1a: Scream Tail|291/330|[from] item: Leftovers\n|upkeep\n|turn|13\n|\n|t:|1733859458\n|move|p1a: Scream Tail|Thunder Wave|p2a: Sandslash\n|-status|p2a: Sandslash|par\n|move|p2a: Sandslash|Swords Dance|p2a: Sandslash\n|-boost|p2a: Sandslash|atk|2\n|\n|-heal|p1a: Scream Tail|311/330|[from] item: Leftovers\n|upkeep\n|turn|14\n|\n|t:|1733859468\n|-end|p1a: Scream Tail|Protosynthesis|[silent]\n|switch|p1a: Sableye|Sableye, L89, M|90/234\n|move|p2a: Sandslash|Swords Dance|p2a: Sandslash\n|-boost|p2a: Sandslash|atk|2\n|\n|-heal|p1a: Sableye|104/234|[from] item: Leftovers\n|upkeep\n|turn|15\n|\n|t:|1733859481\n|move|p1a: Sableye|Knock Off|p2a: Sandslash\n|-damage|p2a: Sandslash|161/275 par\n|-enditem|p2a: Sandslash|Life Orb|[from] move: Knock Off|[of] p1a: Sableye\n|move|p2a: Sandslash|Knock Off|p1a: Sableye\n|-damage|p1a: Sableye|0 fnt\n|-enditem|p1a: Sableye|Leftovers|[from] move: Knock Off|[of] p2a: Sandslash\n|faint|p1a: Sableye\n|\n|upkeep\n|\n|t:|1733859492\n|switch|p1a: Flamigo|Flamigo, L82, F|269/269\n|turn|16\n|\n|t:|1733859503\n|-terastallize|p1a: Flamigo|Fighting\n|move|p1a: Flamigo|Close Combat|p2a: Sandslash\n|-supereffective|p2a: Sandslash\n|-damage|p2a: Sandslash|0 fnt\n|-unboost|p1a: Flamigo|def|1\n|-unboost|p1a: Flamigo|spd|1\n|faint|p2a: Sandslash\n|\n|upkeep\n|\n|t:|1733859535\n|switch|p2a: Girafarig|Girafarig, L89, F|49/269\n|turn|17\n|\n|t:|1733859540\n|move|p1a: Flamigo|Close Combat|p2a: Girafarig\n|-damage|p2a: Girafarig|0 fnt\n|-unboost|p1a: Flamigo|def|1\n|-unboost|p1a: Flamigo|spd|1\n|faint|p2a: Girafarig\n|\n|upkeep\n|\n|t:|1733859547\n|switch|p2a: Eiscue|Eiscue, L88, M|274/274\n|turn|18\n|\n|t:|1733859569\n|move|p1a: Flamigo|Close Combat|p2a: Eiscue\n|-activate|p2a: Eiscue|ability: Ice Face\n|-damage|p2a: Eiscue|274/274\n|-unboost|p1a: Flamigo|def|1\n|-unboost|p1a: Flamigo|spd|1\n|detailschange|p2a: Eiscue|Eiscue-Noice, L88, M\n|move|p2a: Eiscue|Ice Spinner|p1a: Flamigo\n|-damage|p1a: Flamigo|50/269\n|\n|upkeep\n|turn|19\n|\n|t:|1733859584\n|-terastallize|p2a: Eiscue|Electric\n|move|p1a: Flamigo|Close Combat|p2a: Eiscue\n|-damage|p2a: Eiscue|48/274\n|-unboost|p1a: Flamigo|def|1\n|-unboost|p1a: Flamigo|spd|1\n|-enditem|p2a: Eiscue|Sitrus Berry|[eat]\n|-heal|p2a: Eiscue|116/274|[from] item: Sitrus Berry\n|move|p2a: Eiscue|Tera Blast|p1a: Flamigo|[anim] Tera Blast Electric\n|-damage|p1a: Flamigo|0 fnt\n|faint|p1a: Flamigo\n|\n|upkeep\n|\n|t:|1733859596\n|switch|p1a: Scream Tail|Scream Tail, L84|311/330\n|turn|20\n|\n|t:|1733859600\n|move|p2a: Eiscue|Tera Blast|p1a: Scream Tail|[anim] Tera Blast Electric\n|-damage|p1a: Scream Tail|244/330\n|move|p1a: Scream Tail|Dazzling Gleam|p2a: Eiscue\n|-damage|p2a: Eiscue|25/274\n|\n|-heal|p1a: Scream Tail|264/330|[from] item: Leftovers\n|upkeep\n|turn|21\n|\n|t:|1733859608\n|move|p2a: Eiscue|Liquidation|p1a: Scream Tail\n|-damage|p1a: Scream Tail|209/330\n|move|p1a: Scream Tail|Wish|p1a: Scream Tail\n|\n|-heal|p1a: Scream Tail|229/330|[from] item: Leftovers\n|upkeep\n|turn|22\n|\n|t:|1733859618\n|move|p2a: Eiscue|Belly Drum||[still]\n|-fail|p2a: Eiscue\n|move|p1a: Scream Tail|Dazzling Gleam|p2a: Eiscue\n|-damage|p2a: Eiscue|0 fnt\n|faint|p2a: Eiscue\n|\n|-heal|p1a: Scream Tail|330/330|[from] move: Wish|[wisher] Scream Tail\n|upkeep\n|\n|t:|1733859629\n|switch|p2a: Rhyperior|Rhyperior, L82, F|323/323\n|turn|23\n|\n|t:|1733859638\n|move|p1a: Scream Tail|Wish|p1a: Scream Tail\n|move|p2a: Rhyperior|Earthquake|p1a: Scream Tail\n|-damage|p1a: Scream Tail|215/330\n|\n|-heal|p1a: Scream Tail|235/330|[from] item: Leftovers\n|upkeep\n|turn|24\n|\n|t:|1733859644\n|move|p1a: Scream Tail|Dazzling Gleam|p2a: Rhyperior\n|-damage|p2a: Rhyperior|233/323\n|move|p2a: Rhyperior|Ice Punch|p1a: Scream Tail\n|-damage|p1a: Scream Tail|173/330\n|\n|-heal|p1a: Scream Tail|330/330|[from] move: Wish|[wisher] Scream Tail\n|upkeep\n|turn|25\n|\n|t:|1733859655\n|move|p1a: Scream Tail|Wish|p1a: Scream Tail\n|move|p2a: Rhyperior|Rock Polish|p2a: Rhyperior\n|-boost|p2a: Rhyperior|spe|2\n|\n|upkeep\n|turn|26\n|\n|t:|1733859660\n|move|p1a: Scream Tail|Protect|p1a: Scream Tail\n|-singleturn|p1a: Scream Tail|Protect\n|move|p2a: Rhyperior|Stone Edge|p1a: Scream Tail\n|-activate|p1a: Scream Tail|move: Protect\n|\n|upkeep\n|turn|27\n|\n|t:|1733859665\n|move|p1a: Scream Tail|Dazzling Gleam|p2a: Rhyperior\n|-damage|p2a: Rhyperior|136/323\n|move|p2a: Rhyperior|Rock Polish|p2a: Rhyperior\n|-boost|p2a: Rhyperior|spe|2\n|\n|upkeep\n|turn|28\n|\n|t:|1733859672\n|move|p2a: Rhyperior|Stone Edge|p1a: Scream Tail\n|-damage|p1a: Scream Tail|207/330\n|move|p1a: Scream Tail|Dazzling Gleam|p2a: Rhyperior\n|-damage|p2a: Rhyperior|39/323\n|\n|-heal|p1a: Scream Tail|227/330|[from] item: Leftovers\n|upkeep\n|turn|29\n|\n|t:|1733859680\n|move|p2a: Rhyperior|Earthquake|p1a: Scream Tail\n|-damage|p1a: Scream Tail|94/330\n|move|p1a: Scream Tail|Wish|p1a: Scream Tail\n|\n|-heal|p1a: Scream Tail|114/330|[from] item: Leftovers\n|upkeep\n|turn|30\n|\n|t:|1733859685\n|move|p1a: Scream Tail|Protect|p1a: Scream Tail\n|-singleturn|p1a: Scream Tail|Protect\n|move|p2a: Rhyperior|Earthquake|p1a: Scream Tail\n|-activate|p1a: Scream Tail|move: Protect\n|\n|-heal|p1a: Scream Tail|279/330|[from] move: Wish|[wisher] Scream Tail\n|-heal|p1a: Scream Tail|299/330|[from] item: Leftovers\n|upkeep\n|turn|31\n|\n|t:|1733859699\n|move|p2a: Rhyperior|Earthquake|p1a: Scream Tail\n|-damage|p1a: Scream Tail|185/330\n|move|p1a: Scream Tail|Dazzling Gleam|p2a: Rhyperior\n|-damage|p2a: Rhyperior|0 fnt\n|faint|p2a: Rhyperior\n|\n|-heal|p1a: Scream Tail|205/330|[from] item: Leftovers\n|upkeep\n|\n|t:|1733859707\n|switch|p2a: Ogerpon|Ogerpon-Wellspring, L76, F|247/247\n|turn|32\n|\n|t:|1733859717\n|move|p1a: Scream Tail|Wish|p1a: Scream Tail\n|move|p2a: Ogerpon|Wood Hammer|p1a: Scream Tail\n|-damage|p1a: Scream Tail|69/330\n|-damage|p2a: Ogerpon|202/247|[from] Recoil\n|\n|-heal|p1a: Scream Tail|89/330|[from] item: Leftovers\n|upkeep\n|turn|33\n|\n|t:|1733859726\n|move|p1a: Scream Tail|Protect|p1a: Scream Tail\n|-singleturn|p1a: Scream Tail|Protect\n|move|p2a: Ogerpon|Spikes|p1a: Scream Tail\n|-sidestart|p1: FakerOddie|Spikes\n|\n|-heal|p1a: Scream Tail|254/330|[from] move: Wish|[wisher] Scream Tail\n|-heal|p1a: Scream Tail|274/330|[from] item: Leftovers\n|upkeep\n|turn|34\n|\n|t:|1733859737\n|move|p1a: Scream Tail|Dazzling Gleam|p2a: Ogerpon\n|-damage|p2a: Ogerpon|136/247\n|move|p2a: Ogerpon|Ivy Cudgel|p1a: Scream Tail|[anim] Ivy Cudgel Water\n|-damage|p1a: Scream Tail|169/330\n|\n|-heal|p1a: Scream Tail|189/330|[from] item: Leftovers\n|upkeep\n|turn|35\n|\n|t:|1733859746\n|move|p1a: Scream Tail|Thunder Wave|p2a: Ogerpon\n|-status|p2a: Ogerpon|par\n|move|p2a: Ogerpon|Wood Hammer|p1a: Scream Tail\n|-damage|p1a: Scream Tail|53/330\n|-damage|p2a: Ogerpon|91/247 par|[from] Recoil\n|\n|-heal|p1a: Scream Tail|73/330|[from] item: Leftovers\n|upkeep\n|turn|36\n|\n|t:|1733859754\n|move|p1a: Scream Tail|Protect|p1a: Scream Tail\n|-singleturn|p1a: Scream Tail|Protect\n|move|p2a: Ogerpon|Synthesis|p2a: Ogerpon\n|-heal|p2a: Ogerpon|214/247 par\n|\n|-heal|p1a: Scream Tail|93/330|[from] item: Leftovers\n|upkeep\n|turn|37\n|\n|t:|1733859761\n|move|p1a: Scream Tail|Dazzling Gleam|p2a: Ogerpon\n|-crit|p2a: Ogerpon\n|-damage|p2a: Ogerpon|111/247 par\n|move|p2a: Ogerpon|Wood Hammer|p1a: Scream Tail\n|-damage|p1a: Scream Tail|0 fnt\n|faint|p1a: Scream Tail\n|-end|p1a: Scream Tail|Protosynthesis|[silent]\n|-damage|p2a: Ogerpon|80/247 par|[from] Recoil\n|\n|upkeep\n|\n|t:|1733859769\n|switch|p1a: Kleavor|Kleavor, L78, M|237/237\n|turn|38\n|\n|t:|1733859783\n|move|p1a: Kleavor|Stone Axe|p2a: Ogerpon\n|-damage|p2a: Ogerpon|0 fnt\n|-sidestart|p2: VMCookie|move: Stealth Rock\n|faint|p2a: Ogerpon\n|\n|win|FakerOddie\n|l|\u2606FakerOddie\n|player|p1|\n", "inputlog": ">version bfd83cad13791eb5a5a409923076391caf6fb4d4\n>start {\"formatid\":\"gen9randombattle\",\"seed\":[46695,40728,16247,28982]}\n>player p1 {\"name\":\"FakerOddie\",\"avatar\":\"marley\",\"rating\":0,\"seed\":[18971,43656,4366,20745]}\n>player p2 {\"name\":\"VMCookie\",\"avatar\":\"hilda\",\"rating\":0,\"seed\":[8609,26514,65391,43058]}\n>p1 move swordsdance\n>p2 move liquidation\n>p1 move swordsdance\n>p2 switch 2\n>p1 move heatcrash\n>p2 move dracometeor\n>p1 switch 2\n>p1 move swordsdance\n>p2 move dracometeor\n>p1 move closecombat\n>p2 move dracometeor\n>p1 move bravebird\n>p2 move dracometeor\n>p1 switch 5\n>p2 switch 4\n>p1 move knockoff\n>p2 move dazzlinggleam\n>p1 move recover\n>p2 move dazzlinggleam\n>p1 move recover\n>p2 move dazzlinggleam\n>p1 switch 3\n>p2 move psyshock\n>p1 move dazzlinggleam\n>p2 move thunderbolt\n>p1 move dazzlinggleam\n>p2 switch 3\n>p1 move thunderwave\n>p2 move swordsdance\n>p1 switch 3\n>p2 move swordsdance\n>p1 move knockoff\n>p2 move knockoff\n>p1 switch 6\n>p1 move closecombat terastallize\n>p2 move swordsdance\n>p2 switch 3\n>p1 move closecombat\n>p2 move psyshock\n>p2 switch 2\n>p1 move closecombat\n>p2 move icespinner\n>p1 move closecombat\n>p2 move terablast terastallize\n>p1 switch 3\n>p1 move dazzlinggleam\n>p2 move terablast\n>p1 move wish\n>p2 move liquidation\n>p1 move dazzlinggleam\n>p2 move bellydrum\n>p2 switch 5\n>p1 move wish\n>p2 move earthquake\n>p1 move dazzlinggleam\n>p2 move icepunch\n>p1 move wish\n>p2 move rockpolish\n>p1 move protect\n>p2 move stoneedge\n>p1 move dazzlinggleam\n>p2 move rockpolish\n>p1 move dazzlinggleam\n>p2 move stoneedge\n>p1 move wish\n>p2 move earthquake\n>p1 move protect\n>p2 move earthquake\n>p1 move dazzlinggleam\n>p2 move earthquake\n>p2 switch 6\n>p1 move wish\n>p2 move woodhammer\n>p1 move protect\n>p2 move spikes\n>p1 move dazzlinggleam\n>p2 move ivycudgel\n>p1 move thunderwave\n>p2 move woodhammer\n>p1 move protect\n>p2 move synthesis\n>p1 move dazzlinggleam\n>p2 move woodhammer\n>p1 switch 4\n>p1 move stoneaxe\n>p2 move synthesis", "uploadtime": 1733859791, "views": 2, "formatid": "gen9randombattle", "rating": null, "private": 0, "password": null}