{"id": "gen9randombattle-2260272449", "format": "[Gen 9] Random Battle", "players": ["paintpaintp", "julencues11"], "log": "|j|\u2606paintpaintp\n|j|\u2606julencues11\n|t:|1733833274\n|gametype|singles\n|player|p1|paintpaintp|fisherman-gen4|1465\n|player|p2|julencues11|wattson|1491\n|teamsize|p1|6\n|teamsize|p2|6\n|gen|9\n|tier|[Gen 9] Random Battle\n|rated|\n|rule|Species Clause: Limit one of each Pok\u00e9mon\n|rule|HP Percentage Mod: HP is shown in percentages\n|rule|Sleep Clause Mod: Limit one foe put to sleep\n|rule|Illusion Level Mod: Illusion disguises the Pok\u00e9mon's true level\n|\n|t:|1733833274\n|start\n|switch|p1a: Pincurchin|Pincurchin, F|258/258\n|switch|p2a: Skeledirge|Skeledirge, L79, F|294/294\n|-fieldstart|move: Electric Terrain|[from] ability: Electric Surge|[of] p1a: Pincurchin\n|turn|1\n|\n|t:|1733833286\n|move|p2a: Skeledirge|Flame Charge|p1a: Pincurchin\n|-crit|p1a: Pincurchin\n|-damage|p1a: Pincurchin|209/258\n|-boost|p2a: Skeledirge|spe|1\n|move|p1a: Pincurchin|Liquidation|p2a: Skeledirge\n|-supereffective|p2a: Skeledirge\n|-damage|p2a: Skeledirge|138/294\n|\n|-heal|p1a: Pincurchin|225/258|[from] item: Leftovers\n|upkeep\n|turn|2\n|\n|t:|1733833296\n|move|p2a: Skeledirge|Torch Song|p1a: Pincurchin\n|-damage|p1a: Pincurchin|152/258\n|-boost|p2a: Skeledirge|spa|1\n|move|p1a: Pincurchin|Liquidation|p2a: Skeledirge\n|-supereffective|p2a: Skeledirge\n|-damage|p2a: Skeledirge|0 fnt\n|faint|p2a: Skeledirge\n|\n|-heal|p1a: Pincurchin|168/258|[from] item: Leftovers\n|upkeep\n|\n|t:|1733833301\n|switch|p2a: Great Tusk|Great Tusk, L77|304/304\n|-enditem|p2a: Great Tusk|Booster Energy\n|-activate|p2a: Great Tusk|ability: Protosynthesis|[fromitem]\n|-start|p2a: Great Tusk|protosynthesisatk\n|turn|3\n|inactive|Battle timer is ON: inactive players will automatically lose when time's up. (requested by julencues11)\n|\n|t:|1733833328\n|switch|p1a: Swanna|Swanna, L88, M|275/275\n|move|p2a: Great Tusk|Bulk Up|p2a: Great Tusk\n|-boost|p2a: Great Tusk|atk|1\n|-boost|p2a: Great Tusk|def|1\n|\n|upkeep\n|turn|4\n|\n|t:|1733833334\n|move|p1a: Swanna|Hydro Pump|p2a: Great Tusk|[miss]\n|-miss|p1a: Swanna|p2a: Great Tusk\n|move|p2a: Great Tusk|Stone Edge|p1a: Swanna\n|-supereffective|p1a: Swanna\n|-damage|p1a: Swanna|0 fnt\n|faint|p1a: Swanna\n|\n|upkeep\n|\n|t:|1733833347\n|switch|p1a: Keldeo|Keldeo-Resolute, L79|273/273\n|turn|5\n|\n|t:|1733833353\n|-terastallize|p2a: Great Tusk|Steel\n|move|p1a: Keldeo|Hydro Pump|p2a: Great Tusk|[miss]\n|-miss|p1a: Keldeo|p2a: Great Tusk\n|move|p2a: Great Tusk|Earthquake|p1a: Keldeo\n|-damage|p1a: Keldeo|29/273\n|\n|-fieldend|move: Electric Terrain\n|upkeep\n|turn|6\n|\n|t:|1733833358\n|move|p1a: Keldeo|Hydro Pump|p2a: Great Tusk|[miss]\n|-miss|p1a: Keldeo|p2a: Great Tusk\n|move|p2a: Great Tusk|Earthquake|p1a: Keldeo\n|-damage|p1a: Keldeo|0 fnt\n|faint|p1a: Keldeo\n|\n|upkeep\n|\n|t:|1733833362\n|switch|p1a: Mamoswine|Mamoswine, L81, F|311/311\n|turn|7\n|\n|t:|1733833369\n|move|p2a: Great Tusk|Close Combat|p1a: Mamoswine\n|-supereffective|p1a: Mamoswine\n|-damage|p1a: Mamoswine|0 fnt\n|-unboost|p2a: Great Tusk|def|1\n|-unboost|p2a: Great Tusk|spd|1\n|faint|p1a: Mamoswine\n|\n|upkeep\n|\n|t:|1733833375\n|switch|p1a: Pawmot|Pawmot, L80, F|243/243\n|turn|8\n|\n|t:|1733833378\n|move|p1a: Pawmot|Close Combat|p2a: Great Tusk\n|-supereffective|p2a: Great Tusk\n|-damage|p2a: Great Tusk|31/304\n|-unboost|p1a: Pawmot|def|1\n|-unboost|p1a: Pawmot|spd|1\n|-damage|p1a: Pawmot|219/243|[from] item: Life Orb\n|move|p2a: Great Tusk|Earthquake|p1a: Pawmot\n|-supereffective|p1a: Pawmot\n|-damage|p1a: Pawmot|0 fnt\n|faint|p1a: Pawmot\n|\n|upkeep\n|\n|t:|1733833381\n|switch|p1a: Dachsbun|Dachsbun, L92, F|254/254\n|turn|9\n|\n|t:|1733833385\n|move|p1a: Dachsbun|Body Press|p2a: Great Tusk\n|-supereffective|p2a: Great Tusk\n|-damage|p2a: Great Tusk|0 fnt\n|faint|p2a: Great Tusk\n|-end|p2a: Great Tusk|Protosynthesis|[silent]\n|\n|upkeep\n|\n|t:|1733833389\n|switch|p2a: Golurk|Golurk, L87|297/297\n|turn|10\n|\n|t:|1733833394\n|move|p1a: Dachsbun|Wish|p1a: Dachsbun\n|move|p2a: Golurk|Poltergeist|p1a: Dachsbun\n|-activate|p1a: Dachsbun|move: Poltergeist|Leftovers\n|-damage|p1a: Dachsbun|108/254\n|-damage|p2a: Golurk|268/297|[from] item: Life Orb\n|\n|-heal|p1a: Dachsbun|123/254|[from] item: Leftovers\n|upkeep\n|turn|11\n|\n|t:|1733833401\n|switch|p1a: Pincurchin|Pincurchin, F|168/258\n|-fieldstart|move: Electric Terrain|[from] ability: Electric Surge|[of] p1a: Pincurchin\n|move|p2a: Golurk|Stealth Rock|p1a: Pincurchin\n|-sidestart|p1: paintpaintp|move: Stealth Rock\n|\n|-heal|p1a: Pincurchin|258/258|[from] move: Wish|[wisher] Dachsbun\n|upkeep\n|turn|12\n|\n|t:|1733833408\n|-terastallize|p1a: Pincurchin|Grass\n|move|p2a: Golurk|Earthquake|p1a: Pincurchin\n|-resisted|p1a: Pincurchin\n|-damage|p1a: Pincurchin|189/258\n|-damage|p2a: Golurk|239/297|[from] item: Life Orb\n|move|p1a: Pincurchin|Curse|p1a: Pincurchin\n|-unboost|p1a: Pincurchin|spe|1\n|-boost|p1a: Pincurchin|atk|1\n|-boost|p1a: Pincurchin|def|1\n|\n|-heal|p1a: Pincurchin|205/258|[from] item: Leftovers\n|upkeep\n|turn|13\n|\n|t:|1733833419\n|switch|p2a: Kyurem|Kyurem-White, L73|303/303\n|-ability|p2a: Kyurem|Turboblaze\n|move|p1a: Pincurchin|Curse|p1a: Pincurchin\n|-unboost|p1a: Pincurchin|spe|1\n|-boost|p1a: Pincurchin|atk|1\n|-boost|p1a: Pincurchin|def|1\n|\n|-heal|p1a: Pincurchin|221/258|[from] item: Leftovers\n|upkeep\n|turn|14\n|\n|t:|1733833425\n|move|p2a: Kyurem|Ice Beam|p1a: Pincurchin\n|-supereffective|p1a: Pincurchin\n|-damage|p1a: Pincurchin|0 fnt\n|faint|p1a: Pincurchin\n|\n|upkeep\n|-message|paintpaintp forfeited.\n|\n|win|julencues11\n|raw|paintpaintp's rating: 1465 &rarr; <strong>1446</strong><br />(-19 for losing)\n|raw|julencues11's rating: 1491 &rarr; <strong>1510</strong><br />(+19 for winning)\n|l|\u2606paintpaintp\n|player|p1|\n", "inputlog": ">version bfd83cad13791eb5a5a409923076391caf6fb4d4\n>start {\"formatid\":\"gen9randombattle\",\"seed\":[59968,18632,30799,37114],\"rated\":\"Rated battle\"}\n>player p1 {\"name\":\"paintpaintp\",\"avatar\":\"fisherman-gen4\",\"rating\":1465,\"seed\":[42019,8386,33786,19909]}\n>player p2 {\"name\":\"julencues11\",\"avatar\":\"wattson\",\"rating\":1491,\"seed\":[34782,49927,30922,39673]}\n>p1 move liquidation\n>p2 move flamecharge\n>p1 move liquidation\n>p2 move torchsong\n>p2 switch 4\n>p1 switch 6\n>p2 move bulkup\n>p1 move hydropump\n>p2 move stoneedge\n>p1 switch 3\n>p1 move hydropump\n>p2 move earthquake terastallize\n>p1 move hydropump\n>p2 move earthquake\n>p1 switch 5\n>p1 move earthquake\n>p2 move closecombat\n>p1 switch 4\n>p1 move closecombat\n>p2 move earthquake\n>p1 switch 2\n>p1 move bodypress\n>p2 move earthquake\n>p2 switch 5\n>p1 move wish\n>p2 move poltergeist\n>p1 switch 6\n>p2 move stealthrock\n>p1 move curse terastallize\n>p2 move earthquake\n>p1 move curse\n>p2 switch 3\n>p1 move zingzap\n>p2 move icebeam\n>forcelose p1", "uploadtime": 1733833433, "views": 1, "formatid": "gen9randombattle", "rating": 1446, "private": 0, "password": null}