{"id": "gen9randombattle-2260512762", "format": "[Gen 9] Random Battle", "players": ["Alex604", "Palomo20fps"], "log": "|j|\u2606Alex604\n|j|\u2606Palomo20fps\n|t:|1733858821\n|gametype|singles\n|player|p1|Alex604|steven|\n|player|p2|Palomo20fps|ethan|\n|teamsize|p1|6\n|teamsize|p2|6\n|gen|9\n|tier|[Gen 9] Random Battle\n|rule|Species Clause: Limit one of each Pok\u00e9mon\n|rule|HP Percentage Mod: HP is shown in percentages\n|rule|Sleep Clause Mod: Limit one foe put to sleep\n|rule|Illusion Level Mod: Illusion disguises the Pok\u00e9mon's true level\n|\n|t:|1733858821\n|start\n|switch|p1a: Noivern|Noivern, L82, F|274/274\n|switch|p2a: Virizion|Virizion, L82|283/283\n|turn|1\n|\n|t:|1733858835\n|-terastallize|p2a: Virizion|Rock\n|move|p1a: Noivern|Flamethrower|p2a: Virizion\n|-resisted|p2a: Virizion\n|-damage|p2a: Virizion|259/283\n|move|p2a: Virizion|Stone Edge|p1a: Noivern\n|-supereffective|p1a: Noivern\n|-damage|p1a: Noivern|0 fnt\n|faint|p1a: Noivern\n|-damage|p2a: Virizion|231/283|[from] item: Life Orb\n|\n|upkeep\n|\n|t:|1733858861\n|switch|p1a: Wugtrio|Wugtrio, L91, M|212/212\n|turn|2\n|\n|t:|1733858870\n|move|p1a: Wugtrio|Liquidation|p2a: Virizion\n|-supereffective|p2a: Virizion\n|-damage|p2a: Virizion|0 fnt\n|faint|p2a: Virizion\n|\n|upkeep\n|\n|t:|1733858878\n|switch|p2a: Arboliva|Arboliva, L91, F|288/288\n|turn|3\n|\n|t:|1733858882\n|switch|p1a: Swalot|Swalot, L90, M|326/326\n|move|p2a: Arboliva|Leech Seed|p1a: Swalot\n|-start|p1a: Swalot|move: Leech Seed\n|\n|-damage|p1a: Swalot|286/326|[from] Leech Seed|[of] p2a: Arboliva\n|-damage|p2a: Arboliva|248/288|[from] ability: Liquid Ooze|[of] p1a: Swalot\n|upkeep\n|turn|4\n|\n|t:|1733858897\n|move|p1a: Swalot|Knock Off|p2a: Arboliva\n|-damage|p2a: Arboliva|186/288\n|-enditem|p2a: Arboliva|Sitrus Berry|[from] move: Knock Off|[of] p1a: Swalot\n|move|p2a: Arboliva|Substitute|p2a: Arboliva\n|-start|p2a: Arboliva|Substitute\n|-damage|p2a: Arboliva|114/288\n|\n|-heal|p1a: Swalot|306/326|[from] item: Leftovers\n|-damage|p1a: Swalot|266/326|[from] Leech Seed|[of] p2a: Arboliva\n|-damage|p2a: Arboliva|74/288|[from] ability: Liquid Ooze|[of] p1a: Swalot\n|upkeep\n|turn|5\n|\n|t:|1733858940\n|switch|p2a: Toxapex|Toxapex, L82, M|216/216\n|move|p1a: Swalot|Gunk Shot|p2a: Toxapex\n|-resisted|p2a: Toxapex\n|-damage|p2a: Toxapex|177/216\n|\n|-heal|p1a: Swalot|286/326|[from] item: Leftovers\n|-damage|p1a: Swalot|246/326|[from] Leech Seed|[of] p2a: Toxapex\n|-damage|p2a: Toxapex|137/216|[from] ability: Liquid Ooze|[of] p1a: Swalot\n|upkeep\n|turn|6\n|\n|t:|1733858956\n|move|p1a: Swalot|Knock Off|p2a: Toxapex\n|-damage|p2a: Toxapex|96/216\n|-damage|p1a: Swalot|192/326|[from] item: Rocky Helmet|[of] p2a: Toxapex\n|-enditem|p2a: Toxapex|Rocky Helmet|[from] move: Knock Off|[of] p1a: Swalot\n|move|p2a: Toxapex|Liquidation|p1a: Swalot\n|-crit|p1a: Swalot\n|-damage|p1a: Swalot|105/326\n|\n|-heal|p1a: Swalot|125/326|[from] item: Leftovers\n|-damage|p1a: Swalot|85/326|[from] Leech Seed|[of] p2a: Toxapex\n|-damage|p2a: Toxapex|56/216|[from] ability: Liquid Ooze|[of] p1a: Swalot\n|upkeep\n|turn|7\n|\n|t:|1733858976\n|move|p1a: Swalot|Earthquake|p2a: Toxapex\n|-supereffective|p2a: Toxapex\n|-damage|p2a: Toxapex|0 fnt\n|faint|p2a: Toxapex\n|\n|-heal|p1a: Swalot|105/326|[from] item: Leftovers\n|upkeep\n|\n|t:|1733858992\n|switch|p2a: Mewtwo|Mewtwo, L72|272/272\n|-ability|p2a: Mewtwo|Unnerve\n|turn|8\n|\n|t:|1733859001\n|-terastallize|p1a: Swalot|Dark\n|move|p2a: Mewtwo|Psystrike|p1a: Swalot\n|-immune|p1a: Swalot\n|move|p1a: Swalot|Knock Off|p2a: Mewtwo\n|-supereffective|p2a: Mewtwo\n|-damage|p2a: Mewtwo|60/272\n|-enditem|p2a: Mewtwo|Life Orb|[from] move: Knock Off|[of] p1a: Swalot\n|\n|-heal|p1a: Swalot|125/326|[from] item: Leftovers\n|-damage|p1a: Swalot|85/326|[from] Leech Seed|[of] p2a: Mewtwo\n|-damage|p2a: Mewtwo|20/272|[from] ability: Liquid Ooze|[of] p1a: Swalot\n|upkeep\n|turn|9\n|\n|t:|1733859017\n|switch|p2a: Plusle|Plusle, L95, F|268/268\n|move|p1a: Swalot|Knock Off|p2a: Plusle\n|-damage|p2a: Plusle|132/268\n|-enditem|p2a: Plusle|Life Orb|[from] move: Knock Off|[of] p1a: Swalot\n|\n|-heal|p1a: Swalot|105/326|[from] item: Leftovers\n|-damage|p1a: Swalot|65/326|[from] Leech Seed|[of] p2a: Plusle\n|-damage|p2a: Plusle|92/268|[from] ability: Liquid Ooze|[of] p1a: Swalot\n|upkeep\n|turn|10\n|\n|t:|1733859029\n|move|p2a: Plusle|Thunderbolt|p1a: Swalot\n|-damage|p1a: Swalot|0 fnt\n|faint|p1a: Swalot\n|\n|upkeep\n|\n|t:|1733859037\n|switch|p1a: Froslass|Froslass, L87, F|263/263\n|turn|11\n|\n|t:|1733859066\n|move|p1a: Froslass|Triple Axel|p2a: Plusle\n|-damage|p2a: Plusle|61/268\n|-damage|p2a: Plusle|7/268\n|-damage|p2a: Plusle|0 fnt\n|faint|p2a: Plusle\n|-hitcount|p2: Plusle|3\n|\n|upkeep\n|\n|t:|1733859078\n|switch|p2a: Arboliva|Arboliva, L91, F|74/288\n|turn|12\n|\n|t:|1733859081\n|move|p2a: Arboliva|Protect|p2a: Arboliva\n|-singleturn|p2a: Arboliva|Protect\n|move|p1a: Froslass|Triple Axel|p2a: Arboliva\n|-activate|p2a: Arboliva|move: Protect\n|\n|upkeep\n|turn|13\n|\n|t:|1733859088\n|move|p1a: Froslass|Triple Axel|p2a: Arboliva\n|-supereffective|p2a: Arboliva\n|-damage|p2a: Arboliva|36/288\n|-supereffective|p2a: Arboliva\n|-damage|p2a: Arboliva|0 fnt\n|faint|p2a: Arboliva\n|-hitcount|p2: Arboliva|2\n|\n|upkeep\n|\n|t:|1733859096\n|switch|p2a: Mewtwo|Mewtwo, L72|20/272\n|-ability|p2a: Mewtwo|Unnerve\n|turn|14\n|\n|t:|1733859105\n|move|p1a: Froslass|Triple Axel|p2a: Mewtwo\n|-damage|p2a: Mewtwo|0 fnt\n|faint|p2a: Mewtwo\n|-hitcount|p2: Mewtwo|1\n|\n|upkeep\n|\n|t:|1733859111\n|switch|p2a: Chien-Pao|Chien-Pao, L72|234/234\n|-ability|p2a: Chien-Pao|Sword of Ruin\n|turn|15\n|\n|t:|1733859120\n|move|p1a: Froslass|Destiny Bond|p1a: Froslass\n|-singlemove|p1a: Froslass|Destiny Bond\n|move|p2a: Chien-Pao|Crunch|p1a: Froslass\n|-supereffective|p1a: Froslass\n|-damage|p1a: Froslass|0 fnt\n|faint|p1a: Froslass\n|-activate|p1a: Froslass|move: Destiny Bond\n|faint|p2a: Chien-Pao\n|\n|win|Alex604\n|l|\u2606Palomo20fps\n|player|p2|\n", "inputlog": ">version bfd83cad13791eb5a5a409923076391caf6fb4d4\n>start {\"formatid\":\"gen9randombattle\",\"seed\":[34768,2059,53617,26990]}\n>player p1 {\"name\":\"Alex604\",\"avatar\":\"steven\",\"rating\":0,\"seed\":[6113,45254,27749,64745]}\n>player p2 {\"name\":\"Palomo20fps\",\"avatar\":\"ethan\",\"rating\":0,\"seed\":[47511,17987,3284,23623]}\n>p1 move flamethrower\n>p2 move stoneedge terastallize\n>p1 switch 2\n>p1 move liquidation\n>p2 move leafblade\n>p2 switch 3\n>p1 switch 6\n>p2 move leechseed\n>p1 move knockoff\n>p2 move substitute\n>p1 move gunkshot\n>p2 switch 2\n>p1 move knockoff\n>p2 move liquidation\n>p1 move earthquake\n>p2 move recover\n>p2 switch 4\n>p1 move knockoff terastallize\n>p2 move psystrike\n>p1 move knockoff\n>p2 switch 5\n>p1 move earthquake\n>p2 move thunderbolt\n>p1 switch 5\n>p1 move tripleaxel\n>p2 move thunderbolt\n>p2 switch 2\n>p1 move tripleaxel\n>p2 move protect\n>p1 move tripleaxel\n>p2 move substitute\n>p2 switch 5\n>p1 move tripleaxel\n>p2 move darkpulse\n>p2 switch 6\n>p1 move destinybond\n>p2 move crunch", "uploadtime": 1733859131, "views": 2, "formatid": "gen9randombattle", "rating": null, "private": 0, "password": null}