{"id": "gen9randombattle-2260513023", "format": "[Gen 9] Random Battle", "players": ["uberman100%", "MintyLynx"], "log": "|j|\u203duberman100%\n|j|\u2606MintyLynx\n|t:|1733858847\n|gametype|singles\n|player|p1|uberman100%|101|1200\n|player|p2|MintyLynx|266|1215\n|teamsize|p1|6\n|teamsize|p2|6\n|gen|9\n|tier|[Gen 9] Random Battle\n|rated|\n|rule|Species Clause: Limit one of each Pok\u00e9mon\n|rule|HP Percentage Mod: HP is shown in percentages\n|rule|Sleep Clause Mod: Limit one foe put to sleep\n|rule|Illusion Level Mod: Illusion disguises the Pok\u00e9mon's true level\n|\n|t:|1733858847\n|start\n|switch|p1a: Ogerpon|Ogerpon-Wellspring, L76, F|247/247\n|switch|p2a: Krookodile|Krookodile, L80, F|283/283\n|-ability|p2a: Krookodile|Intimidate|boost\n|-unboost|p1a: Ogerpon|atk|1\n|turn|1\n|\n|t:|1733858859\n|move|p1a: Ogerpon|Ivy Cudgel|p2a: Krookodile|[anim] Ivy Cudgel Water\n|-supereffective|p2a: Krookodile\n|-damage|p2a: Krookodile|95/283\n|move|p2a: Krookodile|Gunk Shot|p1a: Ogerpon|[miss]\n|-miss|p2a: Krookodile|p1a: Ogerpon\n|\n|upkeep\n|turn|2\n|inactive|Battle timer is ON: inactive players will automatically lose when time's up. (requested by MintyLynx)\n|c|\u2606MintyLynx|im done with this game\n|\n|t:|1733858873\n|move|p1a: Ogerpon|Ivy Cudgel|p2a: Krookodile|[anim] Ivy Cudgel Water\n|-supereffective|p2a: Krookodile\n|-damage|p2a: Krookodile|0 fnt\n|faint|p2a: Krookodile\n|\n|upkeep\n|\n|t:|1733858882\n|switch|p2a: Palkia|Palkia-Origin, L72|249/249\n|-ability|p2a: Palkia|Pressure\n|turn|3\n|\n|t:|1733858888\n|move|p2a: Palkia|Spacial Rend|p1a: Ogerpon\n|-damage|p1a: Ogerpon|99/247\n|move|p1a: Ogerpon|Spikes|p2a: Palkia\n|-sidestart|p2: MintyLynx|Spikes\n|\n|upkeep\n|turn|4\n|\n|t:|1733858894\n|move|p2a: Palkia|Spacial Rend|p1a: Ogerpon\n|-damage|p1a: Ogerpon|0 fnt\n|faint|p1a: Ogerpon\n|\n|upkeep\n|\n|t:|1733858903\n|switch|p1a: Torterra|Torterra, L78, F|276/276\n|turn|5\n|\n|t:|1733858914\n|move|p2a: Palkia|Fire Blast|p1a: Torterra\n|-supereffective|p1a: Torterra\n|-damage|p1a: Torterra|86/276\n|move|p1a: Torterra|Shell Smash|p1a: Torterra\n|-unboost|p1a: Torterra|def|1\n|-unboost|p1a: Torterra|spd|1\n|-boost|p1a: Torterra|atk|2\n|-boost|p1a: Torterra|spa|2\n|-boost|p1a: Torterra|spe|2\n|\n|upkeep\n|turn|6\n|\n|t:|1733858930\n|move|p1a: Torterra|Bullet Seed|p2a: Palkia\n|-damage|p2a: Palkia|165/249\n|-damage|p2a: Palkia|86/249\n|-damage|p2a: Palkia|7/249\n|-damage|p2a: Palkia|0 fnt\n|faint|p2a: Palkia\n|-hitcount|p2: Palkia|4\n|\n|upkeep\n|\n|t:|1733858942\n|switch|p2a: Rayquaza|Rayquaza, L72|270/270\n|-ability|p2a: Rayquaza|Air Lock\n|turn|7\n|\n|t:|1733858948\n|move|p1a: Torterra|Rock Blast|p2a: Rayquaza\n|-supereffective|p2a: Rayquaza\n|-damage|p2a: Rayquaza|184/270\n|-supereffective|p2a: Rayquaza\n|-damage|p2a: Rayquaza|104/270\n|-supereffective|p2a: Rayquaza\n|-damage|p2a: Rayquaza|22/270\n|-supereffective|p2a: Rayquaza\n|-damage|p2a: Rayquaza|0 fnt\n|faint|p2a: Rayquaza\n|-hitcount|p2: Rayquaza|4\n|\n|upkeep\n|\n|t:|1733858954\n|switch|p2a: Floatzel|Floatzel, L85, F|283/283\n|-damage|p2a: Floatzel|248/283|[from] Spikes\n|turn|8\n|\n|t:|1733858963\n|-terastallize|p2a: Floatzel|Steel\n|move|p1a: Torterra|Bullet Seed|p2a: Floatzel\n|-resisted|p2a: Floatzel\n|-damage|p2a: Floatzel|194/283\n|-resisted|p2a: Floatzel\n|-damage|p2a: Floatzel|138/283\n|-resisted|p2a: Floatzel\n|-damage|p2a: Floatzel|84/283\n|-resisted|p2a: Floatzel\n|-damage|p2a: Floatzel|33/283\n|-resisted|p2a: Floatzel\n|-crit|p2a: Floatzel\n|-damage|p2a: Floatzel|0 fnt\n|faint|p2a: Floatzel\n|-hitcount|p2: Floatzel|5\n|\n|upkeep\n|\n|t:|1733858975\n|switch|p2a: Stonjourner|Stonjourner, L91, F|330/330\n|-damage|p2a: Stonjourner|289/330|[from] Spikes\n|turn|9\n|\n|t:|1733858980\n|move|p1a: Torterra|Bullet Seed|p2a: Stonjourner\n|-supereffective|p2a: Stonjourner\n|-damage|p2a: Stonjourner|193/330\n|-supereffective|p2a: Stonjourner\n|-damage|p2a: Stonjourner|101/330\n|-supereffective|p2a: Stonjourner\n|-damage|p2a: Stonjourner|0 fnt\n|faint|p2a: Stonjourner\n|-hitcount|p2: Stonjourner|3\n|\n|upkeep\n|-message|MintyLynx forfeited.\n|\n|win|uberman100%\n|raw|uberman100%'s rating: 1200 &rarr; <strong>1226</strong><br />(+26 for winning)\n|raw|MintyLynx's rating: 1215 &rarr; <strong>1189</strong><br />(-26 for losing)\n|l|\u2606MintyLynx\n|player|p2|\n", "inputlog": ">version bfd83cad13791eb5a5a409923076391caf6fb4d4\n>start {\"formatid\":\"gen9randombattle\",\"seed\":[10942,49441,31148,52075],\"rated\":\"Rated battle\"}\n>player p1 {\"name\":\"uberman100%\",\"avatar\":\"101\",\"rating\":1200,\"seed\":[50248,1323,45087,10292]}\n>player p2 {\"name\":\"MintyLynx\",\"avatar\":\"266\",\"rating\":1215,\"seed\":[59666,23830,31261,44391]}\n>p1 move ivycudgel\n>p2 move gunkshot\n>chat \u2606MintyLynx|im done with this game\n>p1 move ivycudgel\n>p2 move gunkshot\n>p2 switch 2\n>p1 move spikes\n>p2 move spacialrend\n>p1 move spikes\n>p2 move spacialrend\n>p1 switch 2\n>p1 move shellsmash\n>p2 move fireblast\n>p1 move bulletseed\n>p2 move spacialrend\n>p2 switch 3\n>p1 move rockblast\n>p2 move scaleshot\n>p2 switch 5\n>p1 move bulletseed\n>p2 move icespinner terastallize\n>p2 switch 6\n>p1 move bulletseed\n>p2 move heatcrash\n>forcelose p2", "uploadtime": 1733858992, "views": 1, "formatid": "gen9randombattle", "rating": 1189, "private": 0, "password": null}