{"id": "gen9randombattle-2167639714", "format": "[Gen 9] Random Battle", "players": ["20 Million GXE", "LizarDune"], "log": "|badge|p1|silver|gen9randombattle|30-2\n|uhtml|medal-msg|<div class=\"broadcast-blue\">Curious what those medals under the avatar are? PS now has Ladder Seasons! For more information, check out the <a href=\"https://www.smogon.com/forums/threads/3740067/\">thread on Smogon.</a></div>\n|j|\u260620 Million GXE\n|j|\u2606LizarDune\n|t:|1721971070\n|gametype|singles\n|player|p1|20 Million GXE|turo-ai|2417\n|player|p2|LizarDune|musician|2347\n|teamsize|p1|6\n|teamsize|p2|6\n|gen|9\n|tier|[Gen 9] Random Battle\n|rated|\n|rule|Species Clause: Limit one of each Pok\u00e9mon\n|rule|HP Percentage Mod: HP is shown in percentages\n|rule|Sleep Clause Mod: Limit one foe put to sleep\n|rule|Illusion Level Mod: Illusion disguises the Pok\u00e9mon's true level\n|\n|t:|1721971070\n|start\n|switch|p1a: Arceus|Arceus-Dark, L71|288/288\n|switch|p2a: Arboliva|Arboliva, L91, F|290/290\n|turn|1\n|inactive|Battle timer is ON: inactive players will automatically lose when time's up. (requested by LizarDune)\n|inactive|20 Million GXE also wants the timer to be on.\n|inactive|LizarDune has 120 seconds left.\n|\n|t:|1721971110\n|switch|p2a: Klefki|Klefki, L84, F|233/233\n|move|p1a: Arceus|Calm Mind|p1a: Arceus\n|-boost|p1a: Arceus|spa|1\n|-boost|p1a: Arceus|spd|1\n|\n|upkeep\n|turn|2\n|\n|t:|1721971117\n|switch|p1a: Granbull|Granbull, L88, F|302/302\n|-ability|p1a: Granbull|Intimidate|boost\n|-unboost|p2a: Klefki|atk|1\n|move|p2a: Klefki|Spikes|p1a: Granbull\n|-sidestart|p1: 20 Million GXE|Spikes\n|\n|upkeep\n|turn|3\n|j| rain of stars\n|inactive|LizarDune has 120 seconds left.\n|j| Petrocky712\n|\n|t:|1721971164\n|move|p2a: Klefki|Magnet Rise|p2a: Klefki\n|-start|p2a: Klefki|Magnet Rise\n|move|p1a: Granbull|Earthquake|p2a: Klefki\n|-immune|p2a: Klefki\n|\n|upkeep\n|turn|4\n|\n|t:|1721971171\n|move|p2a: Klefki|Spikes|p1a: Granbull\n|-sidestart|p1: 20 Million GXE|Spikes\n|move|p1a: Granbull|Thunder Wave|p2a: Klefki\n|-status|p2a: Klefki|par\n|\n|upkeep\n|turn|5\n|\n|t:|1721971179\n|move|p2a: Klefki|Spikes|p1a: Granbull\n|-sidestart|p1: 20 Million GXE|Spikes\n|move|p1a: Granbull|Roar|p2a: Klefki\n|drag|p2a: Jirachi|Jirachi, L80|291/291\n|\n|upkeep\n|turn|6\n|j| Referrals\n|\n|t:|1721971197\n|switch|p1a: Leafeon|Leafeon, L88, F|258/258\n|-damage|p1a: Leafeon|194/258|[from] Spikes\n|move|p2a: Jirachi|Iron Head|p1a: Leafeon\n|-damage|p1a: Leafeon|136/258\n|\n|-heal|p1a: Leafeon|152/258|[from] item: Leftovers\n|upkeep\n|turn|7\n|inactive|LizarDune has 120 seconds left.\n|\n|t:|1721971218\n|switch|p2a: Arboliva|Arboliva, L91, F|290/290\n|move|p1a: Leafeon|Swords Dance|p1a: Leafeon\n|-boost|p1a: Leafeon|atk|2\n|\n|-heal|p1a: Leafeon|168/258|[from] item: Leftovers\n|upkeep\n|turn|8\n|\n|t:|1721971223\n|move|p1a: Leafeon|Knock Off|p2a: Arboliva\n|-damage|p2a: Arboliva|143/290\n|-fieldstart|move: Grassy Terrain|[from] ability: Seed Sower|[of] p2a: Arboliva\n|-enditem|p2a: Arboliva|Leftovers|[from] move: Knock Off|[of] p1a: Leafeon\n|move|p2a: Arboliva|Hyper Voice|p1a: Leafeon\n|-damage|p1a: Leafeon|0 fnt\n|faint|p1a: Leafeon\n|\n|-heal|p2a: Arboliva|161/290|[from] Grassy Terrain\n|upkeep\n|\n|t:|1721971238\n|switch|p1a: Arceus|Arceus-Dark, L71|288/288\n|-damage|p1a: Arceus|216/288|[from] Spikes\n|turn|9\n|\n|t:|1721971256\n|switch|p2a: Klefki|Klefki, L84, F|233/233 par\n|move|p1a: Arceus|Calm Mind|p1a: Arceus\n|-boost|p1a: Arceus|spa|1\n|-boost|p1a: Arceus|spd|1\n|\n|-heal|p1a: Arceus|234/288|[from] Grassy Terrain\n|upkeep\n|turn|10\n|\n|t:|1721971262\n|move|p1a: Arceus|Calm Mind|p1a: Arceus\n|-boost|p1a: Arceus|spa|1\n|-boost|p1a: Arceus|spd|1\n|move|p2a: Klefki|Play Rough|p1a: Arceus|[miss]\n|-miss|p2a: Klefki|p1a: Arceus\n|\n|-heal|p1a: Arceus|252/288|[from] Grassy Terrain\n|upkeep\n|turn|11\n|\n|t:|1721971269\n|move|p1a: Arceus|Calm Mind|p1a: Arceus\n|-boost|p1a: Arceus|spa|1\n|-boost|p1a: Arceus|spd|1\n|move|p2a: Klefki|Play Rough|p1a: Arceus\n|-supereffective|p1a: Arceus\n|-damage|p1a: Arceus|108/288\n|\n|-heal|p1a: Arceus|126/288|[from] Grassy Terrain\n|upkeep\n|turn|12\n|\n|t:|1721971271\n|move|p1a: Arceus|Recover|p1a: Arceus\n|-heal|p1a: Arceus|270/288\n|move|p2a: Klefki|Play Rough|p1a: Arceus\n|-supereffective|p1a: Arceus\n|-damage|p1a: Arceus|120/288\n|-unboost|p1a: Arceus|atk|1\n|\n|-heal|p1a: Arceus|138/288|[from] Grassy Terrain\n|-fieldend|move: Grassy Terrain\n|upkeep\n|turn|13\n|\n|t:|1721971276\n|move|p1a: Arceus|Recover|p1a: Arceus\n|-heal|p1a: Arceus|282/288\n|move|p2a: Klefki|Play Rough|p1a: Arceus\n|-supereffective|p1a: Arceus\n|-damage|p1a: Arceus|136/288\n|-unboost|p1a: Arceus|atk|1\n|\n|upkeep\n|turn|14\n|\n|t:|1721971286\n|move|p1a: Arceus|Recover|p1a: Arceus\n|-heal|p1a: Arceus|280/288\n|move|p2a: Klefki|Play Rough|p1a: Arceus\n|-supereffective|p1a: Arceus\n|-damage|p1a: Arceus|134/288\n|\n|upkeep\n|turn|15\n|c| Petrocky712|Hello\n|\n|t:|1721971291\n|move|p1a: Arceus|Recover|p1a: Arceus\n|-heal|p1a: Arceus|278/288\n|move|p2a: Klefki|Play Rough|p1a: Arceus\n|-supereffective|p1a: Arceus\n|-damage|p1a: Arceus|134/288\n|-unboost|p1a: Arceus|atk|1\n|\n|upkeep\n|turn|16\n|c|\u2606LizarDune|Hello\n|\n|t:|1721971300\n|move|p1a: Arceus|Recover|p1a: Arceus\n|-heal|p1a: Arceus|278/288\n|move|p2a: Klefki|Play Rough|p1a: Arceus\n|-supereffective|p1a: Arceus\n|-damage|p1a: Arceus|116/288\n|\n|upkeep\n|turn|17\n|\n|t:|1721971304\n|move|p1a: Arceus|Recover|p1a: Arceus\n|-heal|p1a: Arceus|260/288\n|move|p2a: Klefki|Play Rough|p1a: Arceus|[miss]\n|-miss|p2a: Klefki|p1a: Arceus\n|\n|upkeep\n|turn|18\n|\n|t:|1721971307\n|move|p1a: Arceus|Judgment|p2a: Klefki\n|-resisted|p2a: Klefki\n|-damage|p2a: Klefki|104/233 par\n|move|p2a: Klefki|Play Rough|p1a: Arceus\n|-supereffective|p1a: Arceus\n|-damage|p1a: Arceus|96/288\n|\n|-heal|p2a: Klefki|118/233 par|[from] item: Leftovers\n|upkeep\n|turn|19\n|\n|t:|1721971314\n|move|p1a: Arceus|Judgment|p2a: Klefki\n|-resisted|p2a: Klefki\n|-damage|p2a: Klefki|0 fnt\n|faint|p2a: Klefki\n|\n|upkeep\n|c| Petrocky712|How are you?\n|inactive|LizarDune has 120 seconds left.\n|c|\u2606LizarDune|Fine, assuming I play this correctly\n|\n|t:|1721971352\n|switch|p2a: Rhyperior|Rhyperior, L83, F|327/327\n|turn|20\n|inactive|LizarDune has 120 seconds left.\n|\n|t:|1721971365\n|move|p1a: Arceus|Judgment|p2a: Rhyperior\n|-crit|p2a: Rhyperior\n|-damage|p2a: Rhyperior|0 fnt\n|faint|p2a: Rhyperior\n|\n|upkeep\n|c|\u2606LizarDune|No longer fine\n|\n|t:|1721971389\n|switch|p2a: Tornadus|Tornadus, L82, M|264/264\n|turn|21\n|c| Referrals|big oof\n|\n|t:|1721971406\n|-terastallize|p1a: Arceus|Poison\n|move|p2a: Tornadus|Bleakwind Storm|p1a: Arceus|[miss]\n|-miss|p2a: Tornadus|p1a: Arceus\n|move|p1a: Arceus|Recover|p1a: Arceus\n|-heal|p1a: Arceus|240/288\n|\n|upkeep\n|turn|22\n|\n|t:|1721971410\n|move|p2a: Tornadus|Bleakwind Storm|p1a: Arceus\n|-damage|p1a: Arceus|195/288\n|-unboost|p1a: Arceus|spe|1\n|move|p1a: Arceus|Judgment|p2a: Tornadus\n|-damage|p2a: Tornadus|0 fnt\n|faint|p2a: Tornadus\n|\n|upkeep\n|c| Petrocky712|Oh, that isn't no cool\n|\n|t:|1721971426\n|switch|p2a: Jirachi|Jirachi, L80|291/291\n|turn|23\n|c|\u2606LizarDune|Just need 2 flinches in a row. Surely that will happen\n|inactive|LizarDune has 90 seconds left.\n|c| Referrals|surely...\n|\n|t:|1721971454\n|-terastallize|p2a: Jirachi|Water\n|move|p2a: Jirachi|Iron Head|p1a: Arceus\n|-damage|p1a: Arceus|125/288\n|move|p1a: Arceus|Judgment|p2a: Jirachi\n|-damage|p2a: Jirachi|14/291\n|\n|-heal|p2a: Jirachi|32/291|[from] item: Leftovers\n|upkeep\n|turn|24\n|c|\u2606LizarDune|Need a single flinch. Surely that will happen\n|j| zest242\n|\n|t:|1721971465\n|move|p2a: Jirachi|Iron Head|p1a: Arceus\n|-damage|p1a: Arceus|52/288\n|cant|p1a: Arceus|flinch\n|\n|-heal|p2a: Jirachi|50/291|[from] item: Leftovers\n|upkeep\n|turn|25\n|\n|t:|1721971469\n|move|p2a: Jirachi|Iron Head|p1a: Arceus\n|-damage|p1a: Arceus|0 fnt\n|faint|p1a: Arceus\n|\n|-heal|p2a: Jirachi|68/291|[from] item: Leftovers\n|upkeep\n|\n|t:|1721971474\n|switch|p1a: Eiscue|Eiscue, L87, F|272/272\n|-damage|p1a: Eiscue|204/272|[from] Spikes\n|turn|26\n|\n|t:|1721971503\n|switch|p2a: Sableye|Sableye, L90, M|236/236\n|move|p1a: Eiscue|Belly Drum|p1a: Eiscue\n|-damage|p1a: Eiscue|68/272\n|-setboost|p1a: Eiscue|atk|6|[from] move: Belly Drum\n|-enditem|p1a: Eiscue|Sitrus Berry|[eat]\n|-heal|p1a: Eiscue|136/272|[from] item: Sitrus Berry\n|\n|upkeep\n|turn|27\n|\n|t:|1721971510\n|move|p2a: Sableye|Will-O-Wisp|p1a: Eiscue\n|-status|p1a: Eiscue|brn\n|move|p1a: Eiscue|Ice Spinner|p2a: Sableye\n|-damage|p2a: Sableye|68/236\n|\n|-heal|p2a: Sableye|82/236|[from] item: Leftovers\n|-damage|p1a: Eiscue|119/272 brn|[from] brn\n|upkeep\n|turn|28\n|\n|t:|1721971522\n|move|p2a: Sableye|Recover|p2a: Sableye\n|-heal|p2a: Sableye|200/236\n|move|p1a: Eiscue|Ice Spinner|p2a: Sableye\n|-damage|p2a: Sableye|27/236\n|\n|-heal|p2a: Sableye|41/236|[from] item: Leftovers\n|-damage|p1a: Eiscue|102/272 brn|[from] brn\n|upkeep\n|turn|29\n|\n|t:|1721971525\n|move|p2a: Sableye|Recover|p2a: Sableye\n|-heal|p2a: Sableye|159/236\n|move|p1a: Eiscue|Ice Spinner|p2a: Sableye\n|-damage|p2a: Sableye|0 fnt\n|faint|p2a: Sableye\n|\n|-damage|p1a: Eiscue|85/272 brn|[from] brn\n|upkeep\n|\n|t:|1721971528\n|switch|p2a: Jirachi|Jirachi, L80, tera:Water|68/291\n|turn|30\n|\n|t:|1721971531\n|move|p2a: Jirachi|Protect|p2a: Jirachi\n|-singleturn|p2a: Jirachi|Protect\n|move|p1a: Eiscue|Ice Spinner|p2a: Jirachi\n|-activate|p2a: Jirachi|move: Protect\n|\n|-heal|p2a: Jirachi|86/291|[from] item: Leftovers\n|-damage|p1a: Eiscue|68/272 brn|[from] brn\n|upkeep\n|turn|31\n|inactive|LizarDune has 120 seconds left.\n|c| Referrals|hold up\n|c| Referrals|let jirachi cook\n|c|\u2606LizarDune|This will work\n|\n|t:|1721971564\n|move|p2a: Jirachi|Wish|p2a: Jirachi\n|move|p1a: Eiscue|Ice Spinner|p2a: Jirachi\n|-resisted|p2a: Jirachi\n|-crit|p2a: Jirachi\n|-damage|p2a: Jirachi|0 fnt\n|faint|p2a: Jirachi\n|\n|-damage|p1a: Eiscue|51/272 brn|[from] brn\n|upkeep\n|c|\u2606LizarDune|Fuck me\n|c| rain of stars|didnt work\n|\n|t:|1721971571\n|switch|p2a: Arboliva|Arboliva, L91, F|161/290\n|turn|32\n|c|\u260620 Million GXE|sorry\n|c| Referrals|famous last words\n|\n|t:|1721971579\n|move|p1a: Eiscue|Ice Spinner|p2a: Arboliva\n|-supereffective|p2a: Arboliva\n|-damage|p2a: Arboliva|0 fnt\n|-fieldstart|move: Grassy Terrain|[from] ability: Seed Sower|[of] p2a: Arboliva\n|-fieldend|move: Grassy Terrain\n|faint|p2a: Arboliva\n|\n|win|20 Million GXE\n|raw|20 Million GXE's rating: 2417 &rarr; <strong>2433</strong><br />(+16 for winning)\n|raw|LizarDune's rating: 2347 &rarr; <strong>2331</strong><br />(-16 for losing)\n|c|\u2606LizarDune|gg\n|l|\u2606LizarDune\n|player|p2|\n|l| Referrals\n|c| Petrocky712|GG\n|l|\u260620 Million GXE\n|player|p1|\n", "inputlog": ">version e8361dfa7636e84b87e7a2c993580ab47c51022d\n>start {\"formatid\":\"gen9randombattle\",\"seed\":[37653,31548,15810,6793],\"rated\":\"Rated battle\"}\n>player p1 {\"name\":\"20 Million GXE\",\"avatar\":\"turo-ai\",\"rating\":2417,\"seed\":[11072,49718,51213,15990]}\n>player p2 {\"name\":\"LizarDune\",\"avatar\":\"musician\",\"rating\":2347,\"seed\":[21209,28160,11484,45798]}\n>p1 move calmmind\n>p2 switch 5\n>p1 switch 5\n>p2 move spikes\n>p1 move earthquake\n>p2 move magnetrise\n>p1 move thunderwave\n>p2 move spikes\n>p1 move roar\n>p2 move spikes\n>p1 switch 2\n>p2 move ironhead\n>p1 move swordsdance\n>p2 switch 5\n>p1 move knockoff\n>p2 move hypervoice\n>p1 switch 5\n>p1 move calmmind\n>p2 switch 4\n>p1 move calmmind\n>p2 move playrough\n>p1 move calmmind\n>p2 move playrough\n>p1 move recover\n>p2 move playrough\n>p1 move recover\n>p2 move playrough\n>p1 move recover\n>p2 move playrough\n>chat  Petrocky712|Hello \n>p1 move recover\n>p2 move playrough\n>chat \u2606LizarDune|Hello\n>p1 move recover\n>p2 move playrough\n>p1 move recover\n>p2 move playrough\n>p1 move judgment\n>p2 move playrough\n>p1 move judgment\n>p2 move playrough\n>chat  Petrocky712|How are you?\n>chat \u2606LizarDune|Fine, assuming I play this correctly\n>p2 switch 6\n>p1 move judgment\n>p2 move megahorn\n>chat \u2606LizarDune|No longer fine\n>p2 switch 2\n>chat  Referrals|big oof\n>p1 move recover terastallize\n>p2 move bleakwindstorm\n>p1 move judgment\n>p2 move bleakwindstorm\n>chat  Petrocky712|Oh, that isn't no cool\n>p2 switch 5\n>chat \u2606LizarDune|Just need 2 flinches in a row. Surely that will happen\n>chat  Referrals|surely...\n>p1 move judgment\n>p2 move ironhead terastallize\n>chat \u2606LizarDune|Need a single flinch. Surely that will happen\n>p1 move judgment\n>p2 move ironhead\n>p1 move judgment\n>p2 move ironhead\n>p1 switch 3\n>p1 move bellydrum\n>p2 switch 3\n>p1 move icespinner\n>p2 move willowisp\n>p1 move icespinner\n>p2 move recover\n>p1 move icespinner\n>p2 move recover\n>p2 switch 3\n>p1 move icespinner\n>p2 move protect\n>chat  Referrals|hold up\n>chat  Referrals|let jirachi cook\n>chat \u2606LizarDune|This will work\n>p1 move icespinner\n>p2 move wish\n>chat \u2606LizarDune|Fuck me\n>chat  rain of stars|didnt work\n>p2 switch 4\n>chat \u260620 Million GXE|sorry\n>chat  Referrals|famous last words\n>p1 move icespinner\n>p2 move strengthsap", "uploadtime": 1721971666, "views": 162, "formatid": "gen9randombattle", "rating": 2331, "private": 0, "password": null}