{"id": "gen9randombattle-2260392749", "format": "[Gen 9] Random Battle", "players": ["yanderegirly", "swagstar7"], "log": "|j|\u2606yanderegirly\n|j|\u2606swagstar7\n|t:|1733847177\n|gametype|singles\n|player|p1|yanderegirly|lusamine-nihilego|1434\n|player|p2|swagstar7|1|1413\n|teamsize|p1|6\n|teamsize|p2|6\n|gen|9\n|tier|[Gen 9] Random Battle\n|rated|\n|rule|Species Clause: Limit one of each Pok\u00e9mon\n|rule|HP Percentage Mod: HP is shown in percentages\n|rule|Sleep Clause Mod: Limit one foe put to sleep\n|rule|Illusion Level Mod: Illusion disguises the Pok\u00e9mon's true level\n|\n|t:|1733847177\n|start\n|switch|p1a: Delibird|Delibird, M|252/252\n|switch|p2a: Miraidon|Miraidon, L65|238/238\n|-fieldstart|move: Electric Terrain|[from] ability: Hadron Engine|[of] p2a: Miraidon\n|turn|1\n|inactive|Battle timer is ON: inactive players will automatically lose when time's up. (requested by yanderegirly)\n|\n|t:|1733847190\n|-terastallize|p1a: Delibird|Ice\n|move|p2a: Miraidon|Volt Switch|p1a: Delibird\n|-damage|p1a: Delibird|39/252\n|\n|t:|1733847199\n|switch|p2a: Gurdurr|Gurdurr, L85, M|283/283|[from] Volt Switch\n|move|p1a: Delibird|Ice Spinner|p2a: Gurdurr\n|-damage|p2a: Gurdurr|179/283\n|-fieldend|move: Electric Terrain\n|\n|upkeep\n|turn|2\n|\n|t:|1733847211\n|switch|p1a: Sylveon|Sylveon, L85, F|300/300\n|move|p2a: Gurdurr|Mach Punch|p1a: Sylveon\n|-resisted|p1a: Sylveon\n|-damage|p1a: Sylveon|271/300\n|\n|-heal|p1a: Sylveon|289/300|[from] item: Leftovers\n|upkeep\n|turn|3\n|\n|t:|1733847220\n|switch|p2a: Quagsire|Quagsire, L84, M|297/297\n|move|p1a: Sylveon|Calm Mind|p1a: Sylveon\n|-boost|p1a: Sylveon|spa|1\n|-boost|p1a: Sylveon|spd|1\n|\n|-heal|p1a: Sylveon|300/300|[from] item: Leftovers\n|upkeep\n|turn|4\n|\n|t:|1733847232\n|move|p1a: Sylveon|Protect|p1a: Sylveon\n|-singleturn|p1a: Sylveon|Protect\n|move|p2a: Quagsire|Spikes|p1a: Sylveon\n|-sidestart|p1: yanderegirly|Spikes\n|\n|upkeep\n|turn|5\n|\n|t:|1733847244\n|switch|p1a: Delibird|Delibird, M, tera:Ice|39/252\n|move|p2a: Quagsire|Spikes|p1a: Delibird\n|-sidestart|p1: yanderegirly|Spikes\n|\n|upkeep\n|turn|6\n|\n|t:|1733847248\n|move|p1a: Delibird|Ice Spinner|p2a: Quagsire\n|-damage|p2a: Quagsire|147/297\n|move|p2a: Quagsire|Earthquake|p1a: Delibird\n|-damage|p1a: Delibird|0 fnt\n|faint|p1a: Delibird\n|\n|-heal|p2a: Quagsire|165/297|[from] item: Leftovers\n|upkeep\n|\n|t:|1733847274\n|switch|p1a: Orthworm|Orthworm, L88, M|266/266\n|-damage|p1a: Orthworm|222/266|[from] Spikes\n|turn|7\n|\n|t:|1733847277\n|move|p1a: Orthworm|Stealth Rock|p2a: Quagsire\n|-sidestart|p2: swagstar7|move: Stealth Rock\n|move|p2a: Quagsire|Spikes|p1a: Orthworm\n|-sidestart|p1: yanderegirly|Spikes\n|\n|-heal|p1a: Orthworm|238/266|[from] item: Leftovers\n|-heal|p2a: Quagsire|183/297|[from] item: Leftovers\n|upkeep\n|turn|8\n|\n|t:|1733847287\n|switch|p2a: Gurdurr|Gurdurr, L85, M|179/283\n|-damage|p2a: Gurdurr|162/283|[from] Stealth Rock\n|move|p1a: Orthworm|Shed Tail|p1a: Orthworm\n|-start|p1a: Orthworm|Substitute|[from] move: Shed Tail\n|-damage|p1a: Orthworm|105/266\n|inactive|yanderegirly has 120 seconds left.\n|\n|t:|1733847325\n|switch|p1a: Malamar|Malamar, L82, M|275/275|[from] Shed Tail\n|-damage|p1a: Malamar|207/275|[from] Spikes\n|\n|-heal|p1a: Malamar|224/275|[from] item: Leftovers\n|upkeep\n|turn|9\n|\n|t:|1733847331\n|move|p1a: Malamar|Superpower|p2a: Gurdurr\n|-damage|p2a: Gurdurr|114/283\n|-boost|p1a: Malamar|atk|1\n|-boost|p1a: Malamar|def|1\n|move|p2a: Gurdurr|Drain Punch|p1a: Malamar\n|-activate|p1a: Malamar|move: Substitute|[damage]\n|-heal|p2a: Gurdurr|142/283|[from] drain|[of] p1a: Malamar\n|\n|-heal|p1a: Malamar|241/275|[from] item: Leftovers\n|upkeep\n|turn|10\n|\n|t:|1733847338\n|move|p1a: Malamar|Superpower|p2a: Gurdurr\n|-damage|p2a: Gurdurr|57/283\n|-boost|p1a: Malamar|atk|1\n|-boost|p1a: Malamar|def|1\n|move|p2a: Gurdurr|Drain Punch|p1a: Malamar\n|-end|p1a: Malamar|Substitute\n|-heal|p2a: Gurdurr|63/283|[from] drain|[of] p1a: Malamar\n|\n|-heal|p1a: Malamar|258/275|[from] item: Leftovers\n|upkeep\n|turn|11\n|\n|t:|1733847352\n|move|p2a: Gurdurr|Mach Punch|p1a: Malamar\n|-damage|p1a: Malamar|233/275\n|move|p1a: Malamar|Superpower|p2a: Gurdurr\n|-damage|p2a: Gurdurr|0 fnt\n|-boost|p1a: Malamar|atk|1\n|-boost|p1a: Malamar|def|1\n|faint|p2a: Gurdurr\n|\n|-heal|p1a: Malamar|250/275|[from] item: Leftovers\n|upkeep\n|\n|t:|1733847355\n|switch|p2a: Quagsire|Quagsire, L84, M|183/297\n|-damage|p2a: Quagsire|165/297|[from] Stealth Rock\n|turn|12\n|\n|t:|1733847360\n|move|p1a: Malamar|Knock Off|p2a: Quagsire\n|-damage|p2a: Quagsire|77/297\n|-enditem|p2a: Quagsire|Leftovers|[from] move: Knock Off|[of] p1a: Malamar\n|move|p2a: Quagsire|Recover|p2a: Quagsire\n|-heal|p2a: Quagsire|226/297\n|\n|-heal|p1a: Malamar|267/275|[from] item: Leftovers\n|upkeep\n|turn|13\n|\n|t:|1733847366\n|move|p1a: Malamar|Superpower|p2a: Quagsire\n|-damage|p2a: Quagsire|142/297\n|-boost|p1a: Malamar|atk|1\n|-boost|p1a: Malamar|def|1\n|move|p2a: Quagsire|Recover|p2a: Quagsire\n|-heal|p2a: Quagsire|291/297\n|\n|-heal|p1a: Malamar|275/275|[from] item: Leftovers\n|upkeep\n|turn|14\n|\n|t:|1733847374\n|switch|p1a: Orthworm|Orthworm, L88, M|105/266\n|-damage|p1a: Orthworm|39/266|[from] Spikes\n|move|p2a: Quagsire|Earthquake|p1a: Orthworm\n|-heal|p1a: Orthworm|105/266|[from] ability: Earth Eater|[of] p2a: Quagsire\n|\n|-heal|p1a: Orthworm|121/266|[from] item: Leftovers\n|upkeep\n|turn|15\n|\n|t:|1733847393\n|move|p1a: Orthworm|Shed Tail|p1a: Orthworm\n|-fail|p1a: Orthworm|move: Shed Tail|[weak]\n|move|p2a: Quagsire|Ice Beam|p1a: Orthworm\n|-resisted|p1a: Orthworm\n|-damage|p1a: Orthworm|87/266\n|\n|-heal|p1a: Orthworm|103/266|[from] item: Leftovers\n|upkeep\n|turn|16\n|\n|t:|1733847403\n|switch|p2a: Hitmonlee|Hitmonlee, L85, M|224/224\n|-damage|p2a: Hitmonlee|210/224|[from] Stealth Rock\n|move|p1a: Orthworm|Body Press|p2a: Hitmonlee\n|-damage|p2a: Hitmonlee|98/224\n|\n|-heal|p1a: Orthworm|119/266|[from] item: Leftovers\n|upkeep\n|turn|17\n|\n|t:|1733847413\n|switch|p1a: Latios|Latios, L78, M|253/253\n|move|p2a: Hitmonlee|Close Combat|p1a: Latios\n|-resisted|p1a: Latios\n|-damage|p1a: Latios|164/253\n|-unboost|p2a: Hitmonlee|def|1\n|-unboost|p2a: Hitmonlee|spd|1\n|-enditem|p2a: Hitmonlee|White Herb\n|-clearnegativeboost|p2a: Hitmonlee|[silent]\n|\n|upkeep\n|turn|18\n|\n|t:|1733847423\n|switch|p1a: Mightyena|Mightyena, L95, F|287/287\n|-damage|p1a: Mightyena|216/287|[from] Spikes\n|-ability|p1a: Mightyena|Intimidate|boost\n|-unboost|p2a: Hitmonlee|atk|1\n|move|p2a: Hitmonlee|Knock Off|p1a: Mightyena\n|-resisted|p1a: Mightyena\n|-damage|p1a: Mightyena|188/287\n|-enditem|p1a: Mightyena|Assault Vest|[from] move: Knock Off|[of] p2a: Hitmonlee\n|\n|upkeep\n|turn|19\n|\n|t:|1733847431\n|move|p2a: Hitmonlee|Close Combat|p1a: Mightyena\n|-supereffective|p1a: Mightyena\n|-damage|p1a: Mightyena|0 fnt\n|-unboost|p2a: Hitmonlee|def|1\n|-unboost|p2a: Hitmonlee|spd|1\n|faint|p1a: Mightyena\n|\n|upkeep\n|\n|t:|1733847445\n|switch|p1a: Malamar|Malamar, L82, M|275/275\n|-damage|p1a: Malamar|207/275|[from] Spikes\n|turn|20\n|\n|t:|1733847452\n|move|p2a: Hitmonlee|Close Combat|p1a: Malamar\n|-damage|p1a: Malamar|104/275\n|-unboost|p2a: Hitmonlee|def|1\n|-unboost|p2a: Hitmonlee|spd|1\n|move|p1a: Malamar|Superpower|p2a: Hitmonlee\n|-damage|p2a: Hitmonlee|0 fnt\n|-boost|p1a: Malamar|atk|1\n|-boost|p1a: Malamar|def|1\n|faint|p2a: Hitmonlee\n|\n|-heal|p1a: Malamar|121/275|[from] item: Leftovers\n|upkeep\n|\n|t:|1733847460\n|switch|p2a: Miraidon|Miraidon, L65|238/238\n|-damage|p2a: Miraidon|209/238|[from] Stealth Rock\n|-fieldstart|move: Electric Terrain|[from] ability: Hadron Engine|[of] p2a: Miraidon\n|turn|21\n|\n|t:|1733847464\n|move|p2a: Miraidon|Electro Drift|p1a: Malamar\n|-damage|p1a: Malamar|0 fnt\n|faint|p1a: Malamar\n|\n|upkeep\n|\n|t:|1733847469\n|switch|p1a: Latios|Latios, L78, M|164/253\n|turn|22\n|\n|t:|1733847472\n|switch|p2a: Quagsire|Quagsire, L84, M|291/297\n|-damage|p2a: Quagsire|273/297|[from] Stealth Rock\n|move|p1a: Latios|Draco Meteor|p2a: Quagsire\n|-damage|p2a: Quagsire|65/297\n|-unboost|p1a: Latios|spa|2\n|\n|upkeep\n|turn|23\n|\n|t:|1733847477\n|move|p1a: Latios|Luster Purge|p2a: Quagsire\n|-damage|p2a: Quagsire|0 fnt\n|faint|p2a: Quagsire\n|\n|upkeep\n|\n|t:|1733847482\n|switch|p2a: Braviary|Braviary-Hisui, L85, M|326/326\n|turn|24\n|\n|t:|1733847486\n|switch|p1a: Orthworm|Orthworm, L88, M|119/266\n|-damage|p1a: Orthworm|53/266|[from] Spikes\n|move|p2a: Braviary|Esper Wing|p1a: Orthworm\n|-resisted|p1a: Orthworm\n|-crit|p1a: Orthworm\n|-damage|p1a: Orthworm|0 fnt\n|-boost|p2a: Braviary|spe|1\n|faint|p1a: Orthworm\n|\n|upkeep\n|\n|t:|1733847489\n|switch|p1a: Sylveon|Sylveon, L85, F|300/300\n|-damage|p1a: Sylveon|225/300|[from] Spikes\n|turn|25\n|\n|t:|1733847496\n|move|p2a: Braviary|Hurricane|p1a: Sylveon|[miss]\n|-miss|p2a: Braviary|p1a: Sylveon\n|move|p1a: Sylveon|Calm Mind|p1a: Sylveon\n|-boost|p1a: Sylveon|spa|1\n|-boost|p1a: Sylveon|spd|1\n|\n|-heal|p1a: Sylveon|243/300|[from] item: Leftovers\n|-fieldend|move: Electric Terrain\n|upkeep\n|turn|26\n|\n|t:|1733847505\n|move|p2a: Braviary|Hurricane|p1a: Sylveon|[miss]\n|-miss|p2a: Braviary|p1a: Sylveon\n|move|p1a: Sylveon|Calm Mind|p1a: Sylveon\n|-boost|p1a: Sylveon|spa|1\n|-boost|p1a: Sylveon|spd|1\n|\n|-heal|p1a: Sylveon|261/300|[from] item: Leftovers\n|upkeep\n|turn|27\n|\n|t:|1733847511\n|move|p2a: Braviary|Hurricane|p1a: Sylveon\n|-damage|p1a: Sylveon|212/300\n|move|p1a: Sylveon|Wish|p1a: Sylveon\n|\n|-heal|p1a: Sylveon|230/300|[from] item: Leftovers\n|upkeep\n|turn|28\n|\n|t:|1733847522\n|switch|p2a: Miraidon|Miraidon, L65|209/238\n|-damage|p2a: Miraidon|180/238|[from] Stealth Rock\n|-fieldstart|move: Electric Terrain|[from] ability: Hadron Engine|[of] p2a: Miraidon\n|move|p1a: Sylveon|Calm Mind|p1a: Sylveon\n|-boost|p1a: Sylveon|spa|1\n|-boost|p1a: Sylveon|spd|1\n|\n|-heal|p1a: Sylveon|300/300|[from] move: Wish|[wisher] Sylveon\n|upkeep\n|turn|29\n|\n|t:|1733847538\n|move|p2a: Miraidon|Volt Switch|p1a: Sylveon\n|-damage|p1a: Sylveon|255/300\n|\n|t:|1733847540\n|switch|p2a: Vespiquen|Vespiquen, L98, F|296/296|[from] Volt Switch\n|-ability|p2a: Vespiquen|Pressure\n|move|p1a: Sylveon|Hyper Voice|p2a: Vespiquen\n|-damage|p2a: Vespiquen|47/296\n|\n|-heal|p1a: Sylveon|273/300|[from] item: Leftovers\n|upkeep\n|turn|30\n|-message|swagstar7 forfeited.\n|\n|win|yanderegirly\n|raw|yanderegirly's rating: 1434 &rarr; <strong>1453</strong><br />(+19 for winning)\n|raw|swagstar7's rating: 1413 &rarr; <strong>1394</strong><br />(-19 for losing)\n|l|\u2606swagstar7\n|player|p2|\n", "inputlog": ">version bfd83cad13791eb5a5a409923076391caf6fb4d4\n>start {\"formatid\":\"gen9randombattle\",\"seed\":[30758,30155,62445,30535],\"rated\":\"Rated battle\"}\n>player p1 {\"name\":\"yanderegirly\",\"avatar\":\"lusamine-nihilego\",\"rating\":1434,\"seed\":[23061,31476,59307,37231]}\n>player p2 {\"name\":\"swagstar7\",\"avatar\":\"1\",\"rating\":1413,\"seed\":[43146,21457,8642,25646]}\n>p1 move icespinner terastallize\n>p2 move voltswitch\n>p2 switch 2\n>p1 switch 5\n>p2 move machpunch\n>p1 move calmmind\n>p2 switch 6\n>p1 move protect\n>p2 move spikes\n>p1 switch 5\n>p2 move spikes\n>p1 move icespinner\n>p2 move earthquake\n>p1 switch 6\n>p1 move stealthrock\n>p2 move spikes\n>p1 move shedtail\n>p2 switch 6\n>p1 switch 2\n>p1 move superpower\n>p2 move drainpunch\n>p1 move superpower\n>p2 move drainpunch\n>p1 move superpower\n>p2 move machpunch\n>p2 switch 6\n>p1 move knockoff\n>p2 move recover\n>p1 move superpower\n>p2 move recover\n>p1 switch 2\n>p2 move earthquake\n>p1 move shedtail\n>p2 move icebeam\n>p1 move bodypress\n>p2 switch 3\n>p1 switch 4\n>p2 move closecombat\n>p1 switch 3\n>p2 move knockoff\n>p1 move playrough\n>p2 move closecombat\n>p1 switch 2\n>p1 move superpower\n>p2 move closecombat\n>p2 switch 2\n>p1 move rest\n>p2 move electrodrift\n>p1 switch 3\n>p1 move dracometeor\n>p2 switch 3\n>p1 move lusterpurge\n>p2 move icebeam\n>p2 switch 4\n>p1 switch 4\n>p2 move esperwing\n>p1 switch 5\n>p1 move calmmind\n>p2 move hurricane\n>p1 move calmmind\n>p2 move hurricane\n>p1 move wish\n>p2 move hurricane\n>p1 move calmmind\n>p2 switch 3\n>p1 move hypervoice\n>p2 move voltswitch\n>p2 switch 5\n>forcelose p2", "uploadtime": 1733847550, "views": 1, "formatid": "gen9randombattle", "rating": 1394, "private": 0, "password": null}