{"id": "gen9randombattle-2256914054", "format": "[Gen 9] Random Battle", "players": ["kandkad", "bobbybs"], "log": "|badge|p1|gold|gen9randombattle|3-3\n|uhtml|medal-msg|<div class=\"broadcast-blue\">Curious what those medals under the avatar are? PS now has Ladder Seasons! For more information, check out the <a href=\"https://www.smogon.com/forums/threads/3740067/\">thread on Smogon.</a></div>\n|badge|p2|gold|gen9randombattle|3-3\n|uhtml|medal-msg|<div class=\"broadcast-blue\">Curious what those medals under the avatar are? PS now has Ladder Seasons! For more information, check out the <a href=\"https://www.smogon.com/forums/threads/3740067/\">thread on Smogon.</a></div>\n|j|\u2606kandkad\n|j|\u2606bobbybs\n|t:|1733358383\n|gametype|singles\n|player|p1|kandkad|wulfric|2482\n|player|p2|bobbybs|266|2492\n|teamsize|p1|6\n|teamsize|p2|6\n|gen|9\n|tier|[Gen 9] Random Battle\n|rated|\n|rule|Species Clause: Limit one of each Pok\u00e9mon\n|rule|HP Percentage Mod: HP is shown in percentages\n|rule|Sleep Clause Mod: Limit one foe put to sleep\n|rule|Illusion Level Mod: Illusion disguises the Pok\u00e9mon's true level\n|\n|t:|1733358383\n|start\n|switch|p1a: Wyrdeer|Wyrdeer, L87, M|321/321\n|switch|p2a: Iron Leaves|Iron Leaves, L80|275/275\n|-ability|p1a: Wyrdeer|Intimidate|boost\n|-unboost|p2a: Iron Leaves|atk|1\n|turn|1\n|inactive|Battle timer is ON: inactive players will automatically lose when time's up. (requested by kandkad)\n|\n|t:|1733358400\n|-end|p2a: Iron Leaves|Quark Drive|[silent]\n|switch|p2a: Morpeko|Morpeko, L88, F|245/245\n|move|p1a: Wyrdeer|Thunder Wave|p2a: Morpeko\n|-immune|p2a: Morpeko\n|\n|-formechange|p2a: Morpeko|Morpeko-Hangry||[from] ability: Hunger Switch\n|upkeep\n|turn|2\n|\n|t:|1733358409\n|switch|p1a: Tauros|Tauros-Paldea-Combat, L82, M|257/257\n|-ability|p1a: Tauros|Intimidate|boost\n|-unboost|p2a: Morpeko|atk|1\n|move|p2a: Morpeko|Aura Wheel|p1a: Tauros\n|-resisted|p1a: Tauros\n|-damage|p1a: Tauros|218/257\n|-boost|p2a: Morpeko|spe|1\n|\n|-formechange|p2a: Morpeko|Morpeko||[from] ability: Hunger Switch\n|upkeep\n|turn|3\n|\n|t:|1733358424\n|move|p2a: Morpeko|Parting Shot|p1a: Tauros\n|-unboost|p1a: Tauros|atk|1\n|-unboost|p1a: Tauros|spa|1\n|\n|t:|1733358429\n|switch|p2a: Pecharunt|Pecharunt, L77|262/262|[from] Parting Shot\n|move|p1a: Tauros|Close Combat|p2a: Pecharunt\n|-immune|p2a: Pecharunt\n|\n|upkeep\n|turn|4\n|\n|t:|1733358442\n|switch|p1a: Goodra|Goodra-Hisui, L82, M|265/265\n|move|p2a: Pecharunt|Malignant Chain|p1a: Goodra\n|-immune|p1a: Goodra\n|\n|upkeep\n|turn|5\n|\n|t:|1733358465\n|switch|p2a: Arceus|Arceus-Psychic, L69|280/280\n|move|p1a: Goodra|Draco Meteor|p2a: Arceus\n|-damage|p2a: Arceus|142/280\n|-unboost|p1a: Goodra|spa|2\n|\n|upkeep\n|turn|6\n|\n|t:|1733358473\n|move|p2a: Arceus|Recover|p2a: Arceus\n|-heal|p2a: Arceus|280/280\n|move|p1a: Goodra|Dragon Tail|p2a: Arceus\n|-damage|p2a: Arceus|217/280\n|drag|p2a: Pecharunt|Pecharunt, L77|262/262\n|\n|upkeep\n|turn|7\n|\n|t:|1733358492\n|move|p2a: Pecharunt|Nasty Plot|p2a: Pecharunt\n|-boost|p2a: Pecharunt|spa|2\n|move|p1a: Goodra|Earthquake|p2a: Pecharunt\n|-supereffective|p2a: Pecharunt\n|-damage|p2a: Pecharunt|170/262\n|\n|-heal|p2a: Pecharunt|186/262|[from] item: Leftovers\n|upkeep\n|turn|8\n|\n|t:|1733358508\n|move|p2a: Pecharunt|Shadow Ball|p1a: Goodra\n|-damage|p1a: Goodra|202/265\n|move|p1a: Goodra|Dragon Tail|p2a: Pecharunt\n|-damage|p2a: Pecharunt|147/262\n|drag|p2a: Morpeko|Morpeko, L88, F|245/245\n|\n|-formechange|p2a: Morpeko|Morpeko-Hangry||[from] ability: Hunger Switch\n|upkeep\n|turn|9\n|\n|t:|1733358519\n|switch|p1a: Tauros|Tauros-Paldea-Combat, L82, M|218/257\n|-ability|p1a: Tauros|Intimidate|boost\n|-unboost|p2a: Morpeko|atk|1\n|move|p2a: Morpeko|Parting Shot|p1a: Tauros\n|-unboost|p1a: Tauros|atk|1\n|-unboost|p1a: Tauros|spa|1\n|inactive|bobbybs has 120 seconds left.\n|\n|t:|1733358534\n|switch|p2a: Pecharunt|Pecharunt, L77|147/262|[from] Parting Shot\n|\n|-heal|p2a: Pecharunt|163/262|[from] item: Leftovers\n|upkeep\n|turn|10\n|inactive|bobbybs has 120 seconds left.\n|\n|t:|1733358543\n|switch|p1a: Wyrdeer|Wyrdeer, L87, M|321/321\n|-ability|p1a: Wyrdeer|Intimidate|boost\n|-unboost|p2a: Pecharunt|atk|1\n|move|p2a: Pecharunt|Recover|p2a: Pecharunt\n|-heal|p2a: Pecharunt|262/262\n|\n|upkeep\n|turn|11\n|\n|t:|1733358553\n|move|p2a: Pecharunt|Malignant Chain|p1a: Wyrdeer\n|-damage|p1a: Wyrdeer|231/321\n|move|p1a: Wyrdeer|Thunder Wave|p2a: Pecharunt\n|-status|p2a: Pecharunt|par\n|\n|-heal|p1a: Wyrdeer|251/321|[from] item: Leftovers\n|upkeep\n|turn|12\n|inactive|bobbybs has 120 seconds left.\n|\n|t:|1733358571\n|move|p1a: Wyrdeer|Psychic Noise|p2a: Pecharunt\n|-supereffective|p2a: Pecharunt\n|-damage|p2a: Pecharunt|74/262 par\n|-start|p2a: Pecharunt|move: Heal Block\n|cant|p2a: Pecharunt|par\n|\n|-heal|p1a: Wyrdeer|271/321|[from] item: Leftovers\n|upkeep\n|turn|13\n|\n|t:|1733358579\n|move|p1a: Wyrdeer|Earthquake|p2a: Pecharunt\n|-supereffective|p2a: Pecharunt\n|-damage|p2a: Pecharunt|0 fnt\n|faint|p2a: Pecharunt\n|\n|-heal|p1a: Wyrdeer|291/321|[from] item: Leftovers\n|upkeep\n|inactive|bobbybs has 120 seconds left.\n|\n|t:|1733358591\n|switch|p2a: Iron Leaves|Iron Leaves, L80|275/275\n|turn|14\n|inactive|bobbybs has 120 seconds left.\n|\n|t:|1733358605\n|switch|p1a: Tauros|Tauros-Paldea-Combat, L82, M|218/257\n|-ability|p1a: Tauros|Intimidate|boost\n|-unboost|p2a: Iron Leaves|atk|1\n|move|p2a: Iron Leaves|Megahorn|p1a: Tauros\n|-resisted|p1a: Tauros\n|-damage|p1a: Tauros|170/257\n|\n|upkeep\n|turn|15\n|\n|t:|1733358613\n|-end|p2a: Iron Leaves|Quark Drive|[silent]\n|switch|p2a: Morpeko|Morpeko, L88, F|245/245\n|move|p1a: Tauros|Throat Chop|p2a: Morpeko\n|-resisted|p2a: Morpeko\n|-damage|p2a: Morpeko|193/245\n|-start|p2a: Morpeko|Throat Chop|[silent]\n|\n|-formechange|p2a: Morpeko|Morpeko-Hangry||[from] ability: Hunger Switch\n|upkeep\n|turn|16\n|\n|t:|1733358622\n|move|p2a: Morpeko|Aura Wheel|p1a: Tauros\n|-resisted|p1a: Tauros\n|-damage|p1a: Tauros|111/257\n|-boost|p2a: Morpeko|spe|1\n|move|p1a: Tauros|Throat Chop|p2a: Morpeko\n|-resisted|p2a: Morpeko\n|-damage|p2a: Morpeko|136/245\n|\n|-end|p2a: Morpeko|Throat Chop|[silent]\n|-formechange|p2a: Morpeko|Morpeko||[from] ability: Hunger Switch\n|upkeep\n|turn|17\n|\n|t:|1733358626\n|switch|p1a: Mamoswine|Mamoswine, L81, M|311/311\n|move|p2a: Morpeko|Aura Wheel|p1a: Mamoswine\n|-immune|p1a: Mamoswine\n|\n|-formechange|p2a: Morpeko|Morpeko-Hangry||[from] ability: Hunger Switch\n|upkeep\n|turn|18\n|\n|t:|1733358636\n|move|p2a: Morpeko|Aura Wheel|p1a: Mamoswine\n|-damage|p1a: Mamoswine|172/311\n|-boost|p2a: Morpeko|spe|1\n|move|p1a: Mamoswine|Icicle Crash|p2a: Morpeko\n|-crit|p2a: Morpeko\n|-damage|p2a: Morpeko|0 fnt\n|faint|p2a: Morpeko\n|\n|upkeep\n|\n|t:|1733358637\n|switch|p2a: Iron Leaves|Iron Leaves, L80|275/275\n|turn|19\n|\n|t:|1733358653\n|switch|p1a: Wyrdeer|Wyrdeer, L87, M|291/321\n|-ability|p1a: Wyrdeer|Intimidate|boost\n|-unboost|p2a: Iron Leaves|atk|1\n|move|p2a: Iron Leaves|Close Combat|p1a: Wyrdeer\n|-crit|p1a: Wyrdeer\n|-damage|p1a: Wyrdeer|37/321\n|-unboost|p2a: Iron Leaves|def|1\n|-unboost|p2a: Iron Leaves|spd|1\n|\n|-heal|p1a: Wyrdeer|57/321|[from] item: Leftovers\n|upkeep\n|turn|20\n|\n|t:|1733358660\n|move|p2a: Iron Leaves|Close Combat|p1a: Wyrdeer\n|-damage|p1a: Wyrdeer|0 fnt\n|-unboost|p2a: Iron Leaves|def|1\n|-unboost|p2a: Iron Leaves|spd|1\n|faint|p1a: Wyrdeer\n|\n|upkeep\n|\n|t:|1733358662\n|switch|p1a: Gallade|Gallade, L81, M|243/243\n|turn|21\n|\n|t:|1733358672\n|-end|p2a: Iron Leaves|Quark Drive|[silent]\n|switch|p2a: Vivillon|Vivillon-Savanna, L84, F|272/272\n|move|p1a: Gallade|Agility|p1a: Gallade\n|-boost|p1a: Gallade|spe|2\n|\n|upkeep\n|turn|22\n|\n|t:|1733358685\n|switch|p1a: Goodra|Goodra-Hisui, L82, M|202/265\n|move|p2a: Vivillon|Sleep Powder|p1a: Goodra\n|-ability|p1a: Goodra|Sap Sipper|boost\n|-boost|p1a: Goodra|atk|1\n|\n|upkeep\n|turn|23\n|inactive|bobbybs has 120 seconds left.\n|\n|t:|1733358725\n|-terastallize|p2a: Vivillon|Ground\n|move|p2a: Vivillon|Tera Blast|p1a: Goodra|[anim] Tera Blast Ground\n|-supereffective|p1a: Goodra\n|-damage|p1a: Goodra|128/265\n|move|p1a: Goodra|Heavy Slam|p2a: Vivillon\n|-damage|p2a: Vivillon|0 fnt\n|faint|p2a: Vivillon\n|\n|upkeep\n|\n|t:|1733358740\n|switch|p2a: Arceus|Arceus-Psychic, L69|217/280\n|turn|24\n|\n|t:|1733358746\n|move|p2a: Arceus|Body Press|p1a: Goodra\n|-supereffective|p1a: Goodra\n|-damage|p1a: Goodra|46/265\n|move|p1a: Goodra|Dragon Tail|p2a: Arceus|[miss]\n|-miss|p1a: Goodra|p2a: Arceus\n|\n|upkeep\n|turn|25\n|\n|t:|1733358753\n|switch|p1a: Gallade|Gallade, L81, M|243/243\n|move|p2a: Arceus|Body Press|p1a: Gallade\n|-resisted|p1a: Gallade\n|-damage|p1a: Gallade|211/243\n|\n|upkeep\n|turn|26\n|inactive|bobbybs has 120 seconds left.\n|inactive|bobbybs has 90 seconds left.\n|\n|t:|1733358813\n|switch|p2a: Iron Leaves|Iron Leaves, L80|275/275\n|move|p1a: Gallade|Agility|p1a: Gallade\n|-boost|p1a: Gallade|spe|2\n|\n|upkeep\n|turn|27\n|\n|t:|1733358819\n|-terastallize|p1a: Gallade|Dark\n|move|p1a: Gallade|Night Slash|p2a: Iron Leaves\n|-supereffective|p2a: Iron Leaves\n|-damage|p2a: Iron Leaves|0 fnt\n|faint|p2a: Iron Leaves\n|-end|p2a: Iron Leaves|Quark Drive|[silent]\n|-damage|p1a: Gallade|187/243|[from] item: Life Orb\n|\n|upkeep\n|\n|t:|1733358822\n|switch|p2a: Regidrago|Regidrago, L77|435/435\n|turn|28\n|\n|t:|1733358827\n|move|p1a: Gallade|Sacred Sword|p2a: Regidrago\n|-damage|p2a: Regidrago|102/435\n|-damage|p1a: Gallade|163/243|[from] item: Life Orb\n|move|p2a: Regidrago|Outrage|p1a: Gallade\n|-damage|p1a: Gallade|0 fnt\n|faint|p1a: Gallade\n|\n|upkeep\n|\n|t:|1733358851\n|switch|p1a: Tauros|Tauros-Paldea-Combat, L82, M|111/257\n|-ability|p1a: Tauros|Intimidate|boost\n|-unboost|p2a: Regidrago|atk|1\n|turn|29\n|\n|t:|1733358855\n|move|p1a: Tauros|Throat Chop|p2a: Regidrago\n|-damage|p2a: Regidrago|0 fnt\n|faint|p2a: Regidrago\n|\n|upkeep\n|\n|t:|1733358857\n|switch|p2a: Arceus|Arceus-Psychic, L69|217/280\n|turn|30\n|\n|t:|1733358861\n|move|p1a: Tauros|Throat Chop|p2a: Arceus\n|-supereffective|p2a: Arceus\n|-damage|p2a: Arceus|51/280\n|-start|p2a: Arceus|Throat Chop|[silent]\n|move|p2a: Arceus|Cosmic Power|p2a: Arceus\n|-boost|p2a: Arceus|def|1\n|-boost|p2a: Arceus|spd|1\n|\n|upkeep\n|turn|31\n|\n|t:|1733358864\n|move|p1a: Tauros|Throat Chop|p2a: Arceus\n|-supereffective|p2a: Arceus\n|-damage|p2a: Arceus|0 fnt\n|faint|p2a: Arceus\n|\n|win|kandkad\n|raw|kandkad's rating: 2482 &rarr; <strong>2503</strong><br />(+21 for winning)\n|raw|bobbybs's rating: 2492 &rarr; <strong>2471</strong><br />(-21 for losing)\n", "inputlog": ">version f27bf860d389bcfdfe10192499dbd80f1998dac7\n>start {\"formatid\":\"gen9randombattle\",\"seed\":[16754,23306,50379,23238],\"rated\":\"Rated battle\"}\n>player p1 {\"name\":\"kandkad\",\"avatar\":\"wulfric\",\"rating\":2482,\"seed\":[60047,27200,43704,26739]}\n>player p2 {\"name\":\"bobbybs\",\"avatar\":\"266\",\"rating\":2492,\"seed\":[28636,29811,19091,20922]}\n>p1 move thunderwave\n>p2 switch 2\n>p1 switch 6\n>p2 move aurawheel\n>p1 move closecombat\n>p2 move partingshot\n>p2 switch 5\n>p1 switch 5\n>p2 move malignantchain\n>p1 move dracometeor\n>p2 switch 3\n>p1 move dragontail\n>p2 move recover\n>p1 move earthquake\n>p2 move nastyplot\n>p1 move dragontail\n>p2 move shadowball\n>p1 switch 5\n>p2 move partingshot\n>p2 switch 5\n>p1 switch 6\n>p2 move recover\n>p1 move thunderwave\n>p2 move malignantchain\n>p1 move psychicnoise\n>p2 move malignantchain\n>p1 move earthquake\n>p2 move malignantchain\n>p2 switch 2\n>p1 switch 6\n>p2 move megahorn\n>p1 move throatchop\n>p2 switch 5\n>p1 move throatchop\n>p2 move aurawheel\n>p1 switch 3\n>p2 move aurawheel\n>p1 move iciclecrash\n>p2 move aurawheel\n>p2 switch 5\n>p1 switch 6\n>p2 move closecombat\n>p1 move bodyslam\n>p2 move closecombat\n>p1 switch 2\n>p1 move agility\n>p2 switch 6\n>p1 switch 5\n>p2 move sleeppowder\n>p1 move heavyslam\n>p2 move terablast terastallize\n>p2 switch 3\n>p1 move dragontail\n>p2 move bodypress\n>p1 switch 5\n>p2 move bodypress\n>p1 move agility\n>p2 switch 6\n>p1 move nightslash terastallize\n>p2 move psyblade\n>p2 switch 4\n>p1 move sacredsword\n>p2 move outrage\n>p1 switch 3\n>p1 move throatchop\n>p2 move outrage\n>p2 switch 6\n>p1 move throatchop\n>p2 move cosmicpower\n>p1 move throatchop\n>p2 move storedpower", "uploadtime": 1733358872, "views": 7, "formatid": "gen9randombattle", "rating": 2471, "private": 0, "password": null}