{"id": "gen9randombattle-2217274962", "format": "[Gen 9] Random Battle", "players": ["70to90gxe", "RL4T Impeckable"], "log": "|badge|p1|silver|gen9randombattle|30-3\n|badge|p1|gold|gen9ou|3-3\n|badge|p1|bronze|gen9nu|100-3\n|uhtml|medal-msg|<div class=\"broadcast-blue\">Curious what those medals under the avatar are? PS now has Ladder Seasons! For more information, check out the <a href=\"https://www.smogon.com/forums/threads/3740067/\">thread on Smogon.</a></div>\n|badge|p2|silver|gen9randombattle|30-3\n|uhtml|medal-msg|<div class=\"broadcast-blue\">Curious what those medals under the avatar are? PS now has Ladder Seasons! For more information, check out the <a href=\"https://www.smogon.com/forums/threads/3740067/\">thread on Smogon.</a></div>\n|raw|<div class=\"broadcast-blue\"><strong>This battle is required to be public due to a player having a name starting with 'rl4t'.</div>\n|j|\u260670to90gxe\n|j|\u2606RL4T Impeckable\n|t:|1728241634\n|gametype|singles\n|player|p1|70to90gxe|#scl4terrors|2479\n|player|p2|RL4T Impeckable|#rbtt7teamhoopaf|2478\n|teamsize|p1|6\n|teamsize|p2|6\n|gen|9\n|tier|[Gen 9] Random Battle\n|rated|\n|rule|Species Clause: Limit one of each Pok\u00e9mon\n|rule|HP Percentage Mod: HP is shown in percentages\n|rule|Sleep Clause Mod: Limit one foe put to sleep\n|rule|Illusion Level Mod: Illusion disguises the Pok\u00e9mon's true level\n|\n|t:|1728241634\n|start\n|switch|p1a: Snorlax|Snorlax, L82, M|397/397\n|switch|p2a: Chi-Yu|Chi-Yu, L77|211/211\n|-ability|p2a: Chi-Yu|Beads of Ruin\n|turn|1\n|inactive|Battle timer is ON: inactive players will automatically lose when time's up. (requested by RL4T Impeckable)\n|inactive|70to90gxe has 120 seconds left.\n|inactive|RL4T Impeckable has 120 seconds left.\n|\n|t:|1728241693\n|switch|p2a: Dusknoir|Dusknoir, L89, F|225/225\n|-item|p1a: Snorlax|Leftovers|[from] ability: Frisk|[of] p2a: Dusknoir\n|move|p1a: Snorlax|Body Slam|p2a: Dusknoir\n|-immune|p2a: Dusknoir\n|\n|upkeep\n|turn|2\n|\n|t:|1728241707\n|move|p2a: Dusknoir|Will-O-Wisp|p1a: Snorlax\n|-status|p1a: Snorlax|brn\n|move|p1a: Snorlax|Curse|p1a: Snorlax\n|-unboost|p1a: Snorlax|spe|1\n|-boost|p1a: Snorlax|atk|1\n|-boost|p1a: Snorlax|def|1\n|\n|-damage|p1a: Snorlax|373/397 brn|[from] brn\n|upkeep\n|turn|3\n|\n|t:|1728241713\n|switch|p2a: Chesnaught|Chesnaught, L84, F|285/285\n|move|p1a: Snorlax|Body Slam|p2a: Chesnaught\n|-damage|p2a: Chesnaught|228/285\n|\n|-heal|p2a: Chesnaught|245/285|[from] item: Leftovers\n|-heal|p1a: Snorlax|397/397 brn|[from] item: Leftovers\n|-damage|p1a: Snorlax|373/397 brn|[from] brn\n|upkeep\n|turn|4\n|\n|t:|1728241716\n|switch|p1a: Flutter Mane|Flutter Mane, L74|203/203\n|move|p2a: Chesnaught|Iron Defense|p2a: Chesnaught\n|-boost|p2a: Chesnaught|def|2\n|\n|-heal|p2a: Chesnaught|262/285|[from] item: Leftovers\n|upkeep\n|turn|5\n|\n|t:|1728241744\n|-terastallize|p2a: Chesnaught|Steel\n|move|p1a: Flutter Mane|Shadow Ball|p2a: Chesnaught\n|-immune|p2a: Chesnaught|[from] ability: Bulletproof\n|move|p2a: Chesnaught|Trailblaze|p1a: Flutter Mane\n|-damage|p1a: Flutter Mane|113/203\n|-boost|p2a: Chesnaught|spe|1\n|\n|-heal|p2a: Chesnaught|279/285|[from] item: Leftovers\n|upkeep\n|turn|6\n|inactive|RL4T Impeckable has 120 seconds left.\n|inactive|70to90gxe has 120 seconds left.\n|\n|t:|1728241792\n|-end|p1a: Flutter Mane|Protosynthesis|[silent]\n|switch|p1a: Probopass|Probopass, L92, M|260/260\n|move|p2a: Chesnaught|Trailblaze|p1a: Probopass\n|-damage|p1a: Probopass|223/260\n|-boost|p2a: Chesnaught|spe|1\n|\n|-heal|p2a: Chesnaught|285/285|[from] item: Leftovers\n|-heal|p1a: Probopass|239/260|[from] item: Leftovers\n|upkeep\n|turn|7\n|inactive|RL4T Impeckable has 120 seconds left.\n|\n|t:|1728241808\n|switch|p1a: Flutter Mane|Flutter Mane, L74|113/203\n|move|p2a: Chesnaught|Body Press|p1a: Flutter Mane\n|-immune|p1a: Flutter Mane\n|\n|upkeep\n|turn|8\n|\n|t:|1728241815\n|move|p2a: Chesnaught|Trailblaze|p1a: Flutter Mane\n|-damage|p1a: Flutter Mane|17/203\n|-boost|p2a: Chesnaught|spe|1\n|move|p1a: Flutter Mane|Mystical Fire|p2a: Chesnaught\n|-supereffective|p2a: Chesnaught\n|-damage|p2a: Chesnaught|93/285\n|-unboost|p2a: Chesnaught|spa|1\n|\n|-heal|p2a: Chesnaught|110/285|[from] item: Leftovers\n|upkeep\n|turn|9\n|inactive|RL4T Impeckable has 120 seconds left.\n|\n|t:|1728241824\n|move|p2a: Chesnaught|Trailblaze|p1a: Flutter Mane\n|-damage|p1a: Flutter Mane|0 fnt\n|-boost|p2a: Chesnaught|spe|1\n|faint|p1a: Flutter Mane\n|-end|p1a: Flutter Mane|Protosynthesis|[silent]\n|\n|-heal|p2a: Chesnaught|127/285|[from] item: Leftovers\n|upkeep\n|\n|t:|1728241826\n|switch|p1a: Sandy Shocks|Sandy Shocks, L80|267/267\n|turn|10\n|inactive|RL4T Impeckable has 120 seconds left.\n|\n|t:|1728241843\n|switch|p2a: Rotom|Rotom-Frost, L87|229/229\n|move|p1a: Sandy Shocks|Earth Power|p2a: Rotom\n|-immune|p2a: Rotom|[from] ability: Levitate\n|\n|upkeep\n|turn|11\n|inactive|RL4T Impeckable has 120 seconds left.\n|\n|t:|1728241857\n|move|p1a: Sandy Shocks|Volt Switch|p2a: Rotom\n|-resisted|p2a: Rotom\n|-damage|p2a: Rotom|195/229\n|\n|t:|1728241858\n|-end|p1a: Sandy Shocks|Protosynthesis|[silent]\n|switch|p1a: Snorlax|Snorlax, L82, M|373/397 brn|[from] Volt Switch\n|move|p2a: Rotom|Nasty Plot|p2a: Rotom\n|-boost|p2a: Rotom|spa|2\n|\n|-heal|p1a: Snorlax|397/397 brn|[from] item: Leftovers\n|-damage|p1a: Snorlax|373/397 brn|[from] brn\n|upkeep\n|turn|12\n|inactive|RL4T Impeckable has 120 seconds left.\n|\n|t:|1728241874\n|move|p2a: Rotom|Thunderbolt|p1a: Snorlax\n|-damage|p1a: Snorlax|174/397 brn\n|move|p1a: Snorlax|Body Slam|p2a: Rotom\n|-damage|p2a: Rotom|159/229\n|\n|-heal|p1a: Snorlax|198/397 brn|[from] item: Leftovers\n|-damage|p1a: Snorlax|174/397 brn|[from] brn\n|upkeep\n|turn|13\n|\n|t:|1728241880\n|move|p2a: Rotom|Thunderbolt|p1a: Snorlax\n|-damage|p1a: Snorlax|0 fnt\n|faint|p1a: Snorlax\n|\n|upkeep\n|\n|t:|1728241892\n|switch|p1a: Probopass|Probopass, L92, M|239/260\n|turn|14\n|inactive|RL4T Impeckable has 120 seconds left.\n|\n|t:|1728241921\n|move|p2a: Rotom|Will-O-Wisp|p1a: Probopass\n|-status|p1a: Probopass|brn\n|move|p1a: Probopass|Body Press|p2a: Rotom\n|-supereffective|p2a: Rotom\n|-damage|p2a: Rotom|77/229\n|\n|-heal|p1a: Probopass|255/260 brn|[from] item: Leftovers\n|-damage|p1a: Probopass|239/260 brn|[from] brn\n|upkeep\n|turn|15\n|inactive|RL4T Impeckable has 120 seconds left.\n|\n|t:|1728241927\n|move|p2a: Rotom|Thunderbolt|p1a: Probopass\n|-damage|p1a: Probopass|106/260 brn\n|move|p1a: Probopass|Power Gem|p2a: Rotom\n|-supereffective|p2a: Rotom\n|-damage|p2a: Rotom|0 fnt\n|faint|p2a: Rotom\n|\n|-heal|p1a: Probopass|122/260 brn|[from] item: Leftovers\n|-damage|p1a: Probopass|106/260 brn|[from] brn\n|upkeep\n|inactive|RL4T Impeckable has 120 seconds left.\n|\n|t:|1728241960\n|switch|p2a: Chi-Yu|Chi-Yu, L77|211/211\n|-ability|p2a: Chi-Yu|Beads of Ruin\n|turn|16\n|inactive|RL4T Impeckable has 90 seconds left.\n|\n|t:|1728241979\n|move|p2a: Chi-Yu|Overheat|p1a: Probopass\n|-damage|p1a: Probopass|0 fnt\n|-unboost|p2a: Chi-Yu|spa|2\n|faint|p1a: Probopass\n|\n|upkeep\n|\n|t:|1728241982\n|switch|p1a: Luxray|Luxray, L88, M|284/284\n|turn|17\n|inactive|RL4T Impeckable has 90 seconds left.\n|inactive|RL4T Impeckable has 60 seconds left.\n|\n|t:|1728242029\n|move|p2a: Chi-Yu|Overheat|p1a: Luxray\n|-damage|p1a: Luxray|181/284\n|-unboost|p2a: Chi-Yu|spa|2\n|move|p1a: Luxray|Trailblaze|p2a: Chi-Yu\n|-resisted|p2a: Chi-Yu\n|-damage|p2a: Chi-Yu|185/211\n|-boost|p1a: Luxray|spe|1\n|\n|-status|p1a: Luxray|brn|[from] item: Flame Orb\n|upkeep\n|turn|18\n|inactive|RL4T Impeckable has 60 seconds left.\n|\n|t:|1728242043\n|switch|p2a: Chesnaught|Chesnaught, L84, F, tera:Steel|127/285\n|move|p1a: Luxray|Supercell Slam|p2a: Chesnaught\n|-damage|p2a: Chesnaught|0 fnt\n|faint|p2a: Chesnaught\n|\n|-damage|p1a: Luxray|164/284 brn|[from] brn\n|upkeep\n|inactive|RL4T Impeckable has 60 seconds left.\n|\n|t:|1728242067\n|switch|p2a: Chi-Yu|Chi-Yu, L77|185/211\n|-ability|p2a: Chi-Yu|Beads of Ruin\n|turn|19\n|\n|t:|1728242074\n|move|p2a: Chi-Yu|Overheat|p1a: Luxray\n|-damage|p1a: Luxray|0 fnt\n|-unboost|p2a: Chi-Yu|spa|2\n|faint|p1a: Luxray\n|\n|upkeep\n|\n|t:|1728242077\n|switch|p1a: Mimikyu|Mimikyu, L79, M|216/216\n|turn|20\n|inactive|RL4T Impeckable has 60 seconds left.\n|\n|t:|1728242100\n|switch|p2a: Torterra|Torterra, L78, F|276/276\n|move|p1a: Mimikyu|Swords Dance|p1a: Mimikyu\n|-boost|p1a: Mimikyu|atk|2\n|\n|upkeep\n|turn|21\n|inactive|70to90gxe has 120 seconds left.\n|\n|t:|1728242155\n|-terastallize|p1a: Mimikyu|Fairy\n|move|p1a: Mimikyu|Play Rough|p2a: Torterra\n|-damage|p2a: Torterra|16/276\n|-damage|p1a: Mimikyu|195/216|[from] item: Life Orb\n|move|p2a: Torterra|Bullet Seed|p1a: Mimikyu\n|-activate|p1a: Mimikyu|ability: Disguise\n|-damage|p1a: Mimikyu|195/216\n|detailschange|p1a: Mimikyu|Mimikyu-Busted, L79, M, tera:Fairy\n|-damage|p1a: Mimikyu|168/216|[from] pokemon: Mimikyu-Busted\n|-damage|p1a: Mimikyu|123/216\n|-damage|p1a: Mimikyu|75/216\n|-damage|p1a: Mimikyu|29/216\n|-hitcount|p1a: Mimikyu|4\n|\n|upkeep\n|turn|22\n|inactive|RL4T Impeckable has 60 seconds left.\n|\n|t:|1728242165\n|move|p1a: Mimikyu|Shadow Sneak|p2a: Torterra\n|-damage|p2a: Torterra|0 fnt\n|faint|p2a: Torterra\n|-damage|p1a: Mimikyu|8/216|[from] item: Life Orb\n|\n|upkeep\n|inactive|RL4T Impeckable has 60 seconds left.\n|\n|t:|1728242171\n|switch|p2a: Chi-Yu|Chi-Yu, L77|185/211\n|-ability|p2a: Chi-Yu|Beads of Ruin\n|turn|23\n|inactive|RL4T Impeckable has 60 seconds left.\n|\n|t:|1728242183\n|move|p1a: Mimikyu|Shadow Sneak|p2a: Chi-Yu\n|-resisted|p2a: Chi-Yu\n|-damage|p2a: Chi-Yu|128/211\n|-damage|p1a: Mimikyu|0 fnt|[from] item: Life Orb\n|faint|p1a: Mimikyu\n|move|p2a: Chi-Yu|Dark Pulse|p1: Mimikyu|[notarget]\n|-fail|p2a: Chi-Yu\n|\n|upkeep\n|\n|t:|1728242186\n|switch|p1a: Sandy Shocks|Sandy Shocks, L80|267/267\n|turn|24\n|\n|t:|1728242190\n|move|p2a: Chi-Yu|Dark Pulse|p1a: Sandy Shocks\n|-damage|p1a: Sandy Shocks|125/267\n|move|p1a: Sandy Shocks|Earth Power|p2a: Chi-Yu\n|-supereffective|p2a: Chi-Yu\n|-damage|p2a: Chi-Yu|0 fnt\n|faint|p2a: Chi-Yu\n|\n|upkeep\n|\n|t:|1728242195\n|switch|p2a: Dusknoir|Dusknoir, L89, F|225/225\n|-item|p1a: Sandy Shocks|Heavy-Duty Boots|[from] ability: Frisk|[of] p2a: Dusknoir\n|turn|25\n|\n|t:|1728242196\n|move|p1a: Sandy Shocks|Thunderbolt|p2a: Dusknoir\n|-damage|p2a: Dusknoir|147/225\n|move|p2a: Dusknoir|Earthquake|p1a: Sandy Shocks\n|-supereffective|p1a: Sandy Shocks\n|-damage|p1a: Sandy Shocks|0 fnt\n|faint|p1a: Sandy Shocks\n|-end|p1a: Sandy Shocks|Protosynthesis|[silent]\n|\n|win|RL4T Impeckable\n|raw|70to90gxe's rating: 2479 &rarr; <strong>2459</strong><br />(-20 for losing)\n|raw|RL4T Impeckable's rating: 2478 &rarr; <strong>2498</strong><br />(+20 for winning)\n|l|\u260670to90gxe\n|player|p1|\n", "inputlog": ">version 86ae7daf8e420bb3f6c82a6a988ddcc1b1aa7e58\n>start {\"formatid\":\"gen9randombattle\",\"seed\":[35164,6633,13075,4688],\"rated\":\"Rated battle\"}\n>player p1 {\"name\":\"70to90gxe\",\"avatar\":\"#scl4terrors\",\"rating\":2479,\"seed\":[59207,64533,26194,24787]}\n>player p2 {\"name\":\"RL4T Impeckable\",\"avatar\":\"#rbtt7teamhoopaf\",\"rating\":2478,\"seed\":[3864,38800,15229,43601]}\n>p1 move bodyslam\n>p2 switch 4\n>p1 move curse\n>p2 move willowisp\n>p1 move bodyslam\n>p2 switch 2\n>p1 switch 6\n>p2 move irondefense\n>p1 move shadowball\n>p2 move trailblaze terastallize\n>p1 switch 4\n>p2 move trailblaze\n>p1 switch 4\n>p2 move bodypress\n>p1 move mysticalfire\n>p2 move trailblaze\n>p1 move mysticalfire\n>p2 move trailblaze\n>p1 switch 3\n>p1 move earthpower\n>p2 switch 5\n>p1 move voltswitch\n>p2 move nastyplot\n>p1 switch 6\n>p1 move bodyslam\n>p2 move thunderbolt\n>p1 move bodyslam\n>p2 move thunderbolt\n>p1 switch 4\n>p1 move bodypress\n>p2 move willowisp\n>p1 move powergem\n>p2 move thunderbolt\n>p2 switch 4\n>p1 move powergem\n>p2 move overheat\n>p1 switch 2\n>p1 move trailblaze\n>p2 move overheat\n>p1 move supercellslam\n>p2 switch 5\n>p2 switch 5\n>p1 move facade\n>p2 move overheat\n>p1 switch 5\n>p1 move swordsdance\n>p2 switch 3\n>p1 move playrough terastallize\n>p2 move bulletseed\n>p1 move shadowsneak\n>p2 move bulletseed\n>p2 switch 3\n>p1 move shadowsneak\n>p2 move darkpulse\n>p1 switch 6\n>p1 move earthpower\n>p2 move darkpulse\n>p2 switch 2\n>p1 move thunderbolt\n>p2 move earthquake", "uploadtime": 1728242203, "views": 129, "formatid": "gen9randombattle", "rating": 2459, "private": 0, "password": null}