{"id": "gen9randombattle-2104463263", "format": "[Gen 9] Random Battle", "players": ["Qiuescent", "now you lose"], "log": "|uhtml|medal-msg|<div class=\"broadcast-blue\">Curious what those medals under the avatar are? PS now has Ladder Seasons! For more information, check out the <a href=\"https://www.smogon.com/forums/threads/3740067/\">thread on Smogon.</a></div>\n|badge|p2|bronze|gen9randombattle|100-1\n|uhtml|medal-msg|<div class=\"broadcast-blue\">Curious what those medals under the avatar are? PS now has Ladder Seasons! For more information, check out the <a href=\"https://www.smogon.com/forums/threads/3740067/\">thread on Smogon.</a></div>\n|j|\u203dQiuescent\n|j|\u2606now you lose\n|t:|1713247301\n|gametype|singles\n|player|p1|Qiuescent|2|2279\n|player|p2|now you lose|chili|2363\n|teamsize|p1|6\n|teamsize|p2|6\n|gen|9\n|tier|[Gen 9] Random Battle\n|rated|\n|rule|Species Clause: Limit one of each Pok\u00e9mon\n|rule|HP Percentage Mod: HP is shown in percentages\n|rule|Sleep Clause Mod: Limit one foe put to sleep\n|rule|Illusion Level Mod: Illusion disguises the Pok\u00e9mon's true level\n|\n|t:|1713247301\n|start\n|switch|p1a: Espeon|Espeon, L84, M|246/246\n|switch|p2a: Iron Boulder|Iron Boulder, L77|265/265\n|turn|1\n|\n|t:|1713247327\n|-end|p2a: Iron Boulder|Quark Drive|[silent]\n|switch|p2a: Cacturne|Cacturne, L92, F|278/278\n|move|p1a: Espeon|Shadow Ball|p2a: Cacturne\n|-resisted|p2a: Cacturne\n|-damage|p2a: Cacturne|218/278\n|-damage|p1a: Espeon|222/246|[from] item: Life Orb\n|\n|upkeep\n|turn|2\n|inactive|Battle timer is ON: inactive players will automatically lose when time's up. (requested by now you lose)\n|\n|t:|1713247332\n|switch|p1a: Hydrapple|Hydrapple, L83, F|312/312\n|move|p2a: Cacturne|Sucker Punch||[still]\n|-fail|p2a: Cacturne\n|\n|upkeep\n|turn|3\n|\n|t:|1713247336\n|move|p2a: Cacturne|Toxic Spikes|p1a: Hydrapple\n|-sidestart|p1: Qiuescent|move: Toxic Spikes\n|move|p1a: Hydrapple|Draco Meteor|p2a: Cacturne\n|-damage|p2a: Cacturne|0 fnt\n|-unboost|p1a: Hydrapple|spa|2\n|faint|p2a: Cacturne\n|\n|upkeep\n|\n|t:|1713247345\n|switch|p2a: Ninetales|Ninetales-Alola, L79, M|245/245\n|-weather|Snow|[from] ability: Snow Warning|[of] p2a: Ninetales\n|turn|4\n|\n|t:|1713247350\n|switch|p1a: Porygon2|Porygon2, L82|274/274\n|-status|p1a: Porygon2|psn\n|-ability|p1a: Porygon2|Download|boost\n|-boost|p1a: Porygon2|atk|1\n|move|p2a: Ninetales|Nasty Plot|p2a: Ninetales\n|-boost|p2a: Ninetales|spa|2\n|\n|-weather|Snow|[upkeep]\n|-damage|p1a: Porygon2|240/274 psn|[from] psn\n|upkeep\n|turn|5\n|\n|t:|1713247355\n|move|p2a: Ninetales|Blizzard|p1a: Porygon2\n|-damage|p1a: Porygon2|116/274 psn\n|move|p1a: Porygon2|Thunder Wave|p2a: Ninetales\n|-status|p2a: Ninetales|par\n|\n|-weather|Snow|[upkeep]\n|-damage|p1a: Porygon2|82/274 psn|[from] psn\n|upkeep\n|turn|6\n|\n|t:|1713247358\n|move|p1a: Porygon2|Recover|p1a: Porygon2\n|-heal|p1a: Porygon2|219/274 psn\n|move|p2a: Ninetales|Blizzard|p1a: Porygon2\n|-damage|p1a: Porygon2|101/274 psn\n|\n|-weather|Snow|[upkeep]\n|-damage|p1a: Porygon2|67/274 psn|[from] psn\n|upkeep\n|turn|7\n|\n|t:|1713247362\n|move|p1a: Porygon2|Recover|p1a: Porygon2\n|-heal|p1a: Porygon2|204/274 psn\n|move|p2a: Ninetales|Nasty Plot|p2a: Ninetales\n|-boost|p2a: Ninetales|spa|2\n|\n|-weather|Snow|[upkeep]\n|-damage|p1a: Porygon2|170/274 psn|[from] psn\n|upkeep\n|turn|8\n|\n|t:|1713247365\n|move|p1a: Porygon2|Tera Blast|p2a: Ninetales\n|-damage|p2a: Ninetales|166/245 par\n|move|p2a: Ninetales|Blizzard|p1a: Porygon2\n|-damage|p1a: Porygon2|0 fnt\n|faint|p1a: Porygon2\n|\n|-weather|none\n|upkeep\n|\n|t:|1713247376\n|switch|p1a: Urshifu|Urshifu, L74, F|270/270\n|-status|p1a: Urshifu|psn\n|turn|9\n|\n|t:|1713247380\n|move|p1a: Urshifu|Close Combat|p2a: Ninetales\n|-damage|p2a: Ninetales|0 fnt\n|-unboost|p1a: Urshifu|def|1\n|-unboost|p1a: Urshifu|spd|1\n|faint|p2a: Ninetales\n|\n|-damage|p1a: Urshifu|237/270 psn|[from] psn\n|upkeep\n|\n|t:|1713247388\n|switch|p2a: Misdreavus|Misdreavus, L90, F|254/254\n|turn|10\n|\n|t:|1713247394\n|switch|p1a: Lanturn|Lanturn, L89, M|367/367\n|move|p2a: Misdreavus|Calm Mind|p2a: Misdreavus\n|-boost|p2a: Misdreavus|spa|1\n|-boost|p2a: Misdreavus|spd|1\n|\n|upkeep\n|turn|11\n|\n|t:|1713247402\n|move|p2a: Misdreavus|Calm Mind|p2a: Misdreavus\n|-boost|p2a: Misdreavus|spa|1\n|-boost|p2a: Misdreavus|spd|1\n|move|p1a: Lanturn|Thunder Wave|p2a: Misdreavus\n|-status|p2a: Misdreavus|par\n|\n|upkeep\n|turn|12\n|\n|t:|1713247405\n|move|p1a: Lanturn|Volt Switch|p2a: Misdreavus\n|-damage|p2a: Misdreavus|230/254 par\n|\n|t:|1713247407\n|switch|p1a: Rhydon|Rhydon, L85, F|317/317|[from] Volt Switch\n|-status|p1a: Rhydon|psn\n|move|p2a: Misdreavus|Calm Mind|p2a: Misdreavus\n|-boost|p2a: Misdreavus|spa|1\n|-boost|p2a: Misdreavus|spd|1\n|\n|-damage|p1a: Rhydon|278/317 psn|[from] psn\n|upkeep\n|turn|13\n|\n|t:|1713247413\n|move|p1a: Rhydon|Stone Edge|p2a: Misdreavus\n|-crit|p2a: Misdreavus\n|-damage|p2a: Misdreavus|65/254 par\n|move|p2a: Misdreavus|Will-O-Wisp|p1a: Rhydon|[miss]\n|-miss|p2a: Misdreavus|p1a: Rhydon\n|\n|-damage|p1a: Rhydon|239/317 psn|[from] psn\n|upkeep\n|turn|14\n|\n|t:|1713247418\n|move|p1a: Rhydon|Stone Edge|p2a: Misdreavus|[miss]\n|-miss|p1a: Rhydon|p2a: Misdreavus\n|move|p2a: Misdreavus|Draining Kiss|p1a: Rhydon\n|-damage|p1a: Rhydon|144/317 psn\n|-heal|p2a: Misdreavus|136/254 par|[from] drain|[of] p1a: Rhydon\n|\n|-damage|p1a: Rhydon|105/317 psn|[from] psn\n|upkeep\n|turn|15\n|\n|t:|1713247427\n|move|p1a: Rhydon|Stone Edge|p2a: Misdreavus\n|-crit|p2a: Misdreavus\n|-damage|p2a: Misdreavus|0 fnt\n|faint|p2a: Misdreavus\n|\n|-damage|p1a: Rhydon|66/317 psn|[from] psn\n|upkeep\n|\n|t:|1713247438\n|switch|p2a: Tropius|Tropius, L91, F|328/328\n|turn|16\n|\n|t:|1713247445\n|move|p2a: Tropius|Substitute|p2a: Tropius\n|-start|p2a: Tropius|Substitute\n|-damage|p2a: Tropius|246/328\n|move|p1a: Rhydon|Megahorn|p2a: Tropius\n|-end|p2a: Tropius|Substitute\n|\n|-damage|p1a: Rhydon|27/317 psn|[from] psn\n|upkeep\n|turn|17\n|\n|t:|1713247459\n|move|p2a: Tropius|Substitute|p2a: Tropius\n|-start|p2a: Tropius|Substitute\n|-damage|p2a: Tropius|164/328\n|-enditem|p2a: Tropius|Sitrus Berry|[eat]\n|-heal|p2a: Tropius|246/328|[from] item: Sitrus Berry\n|move|p1a: Rhydon|Megahorn|p2a: Tropius\n|-end|p2a: Tropius|Substitute\n|\n|-damage|p1a: Rhydon|0 fnt|[from] psn\n|faint|p1a: Rhydon\n|-item|p2a: Tropius|Sitrus Berry|[from] ability: Harvest\n|upkeep\n|\n|t:|1713247462\n|switch|p1a: Espeon|Espeon, L84, M|222/246\n|-status|p1a: Espeon|psn\n|turn|18\n|\n|t:|1713247465\n|move|p1a: Espeon|Calm Mind|p1a: Espeon\n|-boost|p1a: Espeon|spa|1\n|-boost|p1a: Espeon|spd|1\n|move|p2a: Tropius|Air Slash|p1a: Espeon\n|-crit|p1a: Espeon\n|-damage|p1a: Espeon|123/246 psn\n|\n|-damage|p1a: Espeon|93/246 psn|[from] psn\n|upkeep\n|turn|19\n|\n|t:|1713247470\n|switch|p2a: Wugtrio|Wugtrio, L91, F|212/212\n|move|p1a: Espeon|Morning Sun|p1a: Espeon\n|-heal|p1a: Espeon|216/246 psn\n|\n|-damage|p1a: Espeon|186/246 psn|[from] psn\n|upkeep\n|turn|20\n|\n|t:|1713247475\n|switch|p2a: Tropius|Tropius, L91, F|246/328\n|switch|p1a: Hydrapple|Hydrapple, L83, F|312/312\n|-status|p1a: Hydrapple|psn\n|\n|-damage|p1a: Hydrapple|273/312 psn|[from] psn\n|upkeep\n|turn|21\n|\n|t:|1713247483\n|switch|p1a: Espeon|Espeon, L84, M|186/246 psn\n|move|p2a: Tropius|Substitute|p2a: Tropius\n|-start|p2a: Tropius|Substitute\n|-damage|p2a: Tropius|164/328\n|-enditem|p2a: Tropius|Sitrus Berry|[eat]\n|-heal|p2a: Tropius|246/328|[from] item: Sitrus Berry\n|\n|-damage|p1a: Espeon|156/246 psn|[from] psn\n|-item|p2a: Tropius|Sitrus Berry|[from] ability: Harvest\n|upkeep\n|turn|22\n|\n|t:|1713247486\n|move|p1a: Espeon|Calm Mind|p1a: Espeon\n|-boost|p1a: Espeon|spa|1\n|-boost|p1a: Espeon|spd|1\n|move|p2a: Tropius|Air Slash|p1a: Espeon\n|-damage|p1a: Espeon|105/246 psn\n|\n|-damage|p1a: Espeon|75/246 psn|[from] psn\n|upkeep\n|turn|23\n|\n|t:|1713247489\n|move|p1a: Espeon|Morning Sun|p1a: Espeon\n|-heal|p1a: Espeon|198/246 psn\n|move|p2a: Tropius|Air Slash|p1a: Espeon\n|-damage|p1a: Espeon|150/246 psn\n|\n|-damage|p1a: Espeon|120/246 psn|[from] psn\n|upkeep\n|turn|24\n|\n|t:|1713247494\n|move|p1a: Espeon|Calm Mind|p1a: Espeon\n|-boost|p1a: Espeon|spa|1\n|-boost|p1a: Espeon|spd|1\n|move|p2a: Tropius|Air Slash|p1a: Espeon\n|-damage|p1a: Espeon|84/246 psn\n|\n|-damage|p1a: Espeon|54/246 psn|[from] psn\n|upkeep\n|turn|25\n|\n|t:|1713247497\n|switch|p2a: Wugtrio|Wugtrio, L91, F|212/212\n|move|p1a: Espeon|Morning Sun|p1a: Espeon\n|-heal|p1a: Espeon|177/246 psn\n|\n|-damage|p1a: Espeon|147/246 psn|[from] psn\n|upkeep\n|turn|26\n|\n|t:|1713247500\n|switch|p1a: Lanturn|Lanturn, L89, M|367/367\n|move|p2a: Wugtrio|Liquidation|p1a: Lanturn\n|-resisted|p1a: Lanturn\n|-damage|p1a: Lanturn|262/367\n|\n|upkeep\n|turn|27\n|\n|t:|1713247505\n|switch|p2a: Tropius|Tropius, L91, F|246/328\n|move|p1a: Lanturn|Thunder Wave|p2a: Tropius\n|-status|p2a: Tropius|par\n|\n|upkeep\n|turn|28\n|\n|t:|1713247516\n|move|p1a: Lanturn|Volt Switch|p2a: Tropius\n|-damage|p2a: Tropius|180/328 par\n|\n|t:|1713247520\n|switch|p1a: Espeon|Espeon, L84, M|147/246 psn|[from] Volt Switch\n|move|p2a: Tropius|Air Slash|p1a: Espeon\n|-damage|p1a: Espeon|74/246 psn\n|\n|-damage|p1a: Espeon|44/246 psn|[from] psn\n|upkeep\n|turn|29\n|\n|t:|1713247526\n|move|p1a: Espeon|Morning Sun|p1a: Espeon\n|-heal|p1a: Espeon|167/246 psn\n|cant|p2a: Tropius|par\n|\n|-damage|p1a: Espeon|137/246 psn|[from] psn\n|upkeep\n|turn|30\n|\n|t:|1713247529\n|move|p1a: Espeon|Psychic|p2a: Tropius\n|-damage|p2a: Tropius|20/328 par\n|-enditem|p2a: Tropius|Sitrus Berry|[eat]\n|-heal|p2a: Tropius|102/328 par|[from] item: Sitrus Berry\n|-damage|p1a: Espeon|113/246 psn|[from] item: Life Orb\n|move|p2a: Tropius|Air Slash|p1a: Espeon\n|-damage|p1a: Espeon|41/246 psn\n|\n|-damage|p1a: Espeon|11/246 psn|[from] psn\n|-item|p2a: Tropius|Sitrus Berry|[from] ability: Harvest\n|upkeep\n|-enditem|p2a: Tropius|Sitrus Berry|[eat]\n|-heal|p2a: Tropius|184/328 par|[from] item: Sitrus Berry\n|turn|31\n|\n|t:|1713247532\n|move|p1a: Espeon|Morning Sun|p1a: Espeon\n|-heal|p1a: Espeon|134/246 psn\n|move|p2a: Tropius|Air Slash|p1a: Espeon\n|-damage|p1a: Espeon|68/246 psn\n|\n|-damage|p1a: Espeon|38/246 psn|[from] psn\n|upkeep\n|turn|32\n|\n|t:|1713247536\n|move|p1a: Espeon|Morning Sun|p1a: Espeon\n|-heal|p1a: Espeon|161/246 psn\n|move|p2a: Tropius|Air Slash|p1a: Espeon\n|-damage|p1a: Espeon|94/246 psn\n|\n|-damage|p1a: Espeon|64/246 psn|[from] psn\n|upkeep\n|turn|33\n|\n|t:|1713247541\n|move|p1a: Espeon|Morning Sun|p1a: Espeon\n|-heal|p1a: Espeon|187/246 psn\n|cant|p2a: Tropius|par\n|\n|-damage|p1a: Espeon|157/246 psn|[from] psn\n|-item|p2a: Tropius|Sitrus Berry|[from] ability: Harvest\n|upkeep\n|turn|34\n|\n|t:|1713247545\n|move|p1a: Espeon|Psychic|p2a: Tropius\n|-damage|p2a: Tropius|44/328 par\n|-enditem|p2a: Tropius|Sitrus Berry|[eat]\n|-heal|p2a: Tropius|126/328 par|[from] item: Sitrus Berry\n|-damage|p1a: Espeon|133/246 psn|[from] item: Life Orb\n|move|p2a: Tropius|Air Slash|p1a: Espeon\n|-damage|p1a: Espeon|58/246 psn\n|\n|-damage|p1a: Espeon|28/246 psn|[from] psn\n|upkeep\n|turn|35\n|\n|t:|1713247550\n|move|p1a: Espeon|Morning Sun|p1a: Espeon\n|-heal|p1a: Espeon|151/246 psn\n|cant|p2a: Tropius|par\n|\n|-damage|p1a: Espeon|121/246 psn|[from] psn\n|upkeep\n|turn|36\n|\n|t:|1713247554\n|move|p1a: Espeon|Psychic|p2a: Tropius\n|-damage|p2a: Tropius|0 fnt\n|faint|p2a: Tropius\n|-damage|p1a: Espeon|97/246 psn|[from] item: Life Orb\n|\n|-damage|p1a: Espeon|67/246 psn|[from] psn\n|upkeep\n|\n|t:|1713247555\n|switch|p2a: Iron Boulder|Iron Boulder, L77|265/265\n|turn|37\n|\n|t:|1713247561\n|-terastallize|p2a: Iron Boulder|Fighting\n|move|p2a: Iron Boulder|Swords Dance|p2a: Iron Boulder\n|-boost|p2a: Iron Boulder|atk|2\n|move|p1a: Espeon|Shadow Ball|p2a: Iron Boulder\n|-damage|p2a: Iron Boulder|186/265\n|-damage|p1a: Espeon|43/246 psn|[from] item: Life Orb\n|\n|-damage|p1a: Espeon|13/246 psn|[from] psn\n|upkeep\n|turn|38\n|\n|t:|1713247565\n|move|p2a: Iron Boulder|Mighty Cleave|p1a: Espeon\n|-crit|p1a: Espeon\n|-damage|p1a: Espeon|0 fnt\n|faint|p1a: Espeon\n|-damage|p2a: Iron Boulder|160/265|[from] item: Life Orb\n|\n|upkeep\n|\n|t:|1713247568\n|switch|p1a: Urshifu|Urshifu, L74, F|237/270 psn\n|turn|39\n|\n|t:|1713247572\n|-terastallize|p1a: Urshifu|Poison\n|move|p2a: Iron Boulder|Close Combat|p1a: Urshifu\n|-resisted|p1a: Urshifu\n|-damage|p1a: Urshifu|65/270 psn\n|-unboost|p2a: Iron Boulder|def|1\n|-unboost|p2a: Iron Boulder|spd|1\n|-damage|p2a: Iron Boulder|134/265|[from] item: Life Orb\n|move|p1a: Urshifu|Close Combat|p2a: Iron Boulder\n|-damage|p2a: Iron Boulder|0 fnt\n|-unboost|p1a: Urshifu|def|1\n|-unboost|p1a: Urshifu|spd|1\n|faint|p2a: Iron Boulder\n|-end|p2a: Iron Boulder|Quark Drive|[silent]\n|\n|-damage|p1a: Urshifu|32/270 psn|[from] psn\n|upkeep\n|-message|now you lose forfeited.\n|\n|win|Qiuescent\n|raw|Qiuescent's rating: 2279 &rarr; <strong>2304</strong><br />(+25 for winning)\n|raw|now you lose's rating: 2363 &rarr; <strong>2338</strong><br />(-25 for losing)\n|l|\u2606now you lose\n|player|p2|\n", "inputlog": ">version 94cb14e6e593f9434fd234bef139544825d280b8\n>start {\"formatid\":\"gen9randombattle\",\"seed\":[7263,7390,50132,2219],\"rated\":\"Rated battle\"}\n>player p1 {\"name\":\"Qiuescent\",\"avatar\":\"2\",\"rating\":2279,\"seed\":[39068,29339,37043,14144]}\n>player p2 {\"name\":\"now you lose\",\"avatar\":\"chili\",\"rating\":2363,\"seed\":[2686,5449,56521,36891]}\n>p1 move shadowball\n>p2 switch 5\n>p1 switch 5\n>p2 move suckerpunch\n>p1 move dracometeor\n>p2 move toxicspikes\n>p2 switch 4\n>p1 switch 6\n>p2 move nastyplot\n>p1 move thunderwave\n>p2 move blizzard\n>p1 move recover\n>p2 move blizzard\n>p1 move recover\n>p2 move nastyplot\n>p1 move terablast\n>p2 move blizzard\n>p1 switch 2\n>p1 move closecombat\n>p2 move moonblast\n>p2 switch 3\n>p1 switch 3\n>p2 move calmmind\n>p1 move thunderwave\n>p2 move calmmind\n>p1 move voltswitch\n>p2 move calmmind\n>p1 switch 4\n>p1 move stoneedge\n>p2 move willowisp\n>p1 move stoneedge\n>p2 move drainingkiss\n>p1 move stoneedge\n>p2 move drainingkiss\n>p2 switch 2\n>p1 move megahorn\n>p2 move substitute\n>p1 move megahorn\n>p2 move substitute\n>p1 switch 5\n>p1 move calmmind\n>p2 move airslash\n>p1 move morningsun\n>p2 switch 6\n>p1 switch 6\n>p2 switch 6\n>p1 switch 6\n>p2 move substitute\n>p1 move calmmind\n>p2 move airslash\n>p1 move morningsun\n>p2 move airslash\n>p1 move calmmind\n>p2 move airslash\n>p1 move morningsun\n>p2 switch 6\n>p1 switch 4\n>p2 move liquidation\n>p1 move thunderwave\n>p2 switch 6\n>p1 move voltswitch\n>p2 move airslash\n>p1 switch 4\n>p1 move morningsun\n>p2 move substitute\n>p1 move psychic\n>p2 move airslash\n>p1 move morningsun\n>p2 move airslash\n>p1 move morningsun\n>p2 move airslash\n>p1 move morningsun\n>p2 move airslash\n>p1 move psychic\n>p2 move airslash\n>p1 move morningsun\n>p2 move airslash\n>p1 move psychic\n>p2 move airslash\n>p2 switch 5\n>p1 move shadowball\n>p2 move swordsdance terastallize\n>p1 move psychic\n>p2 move mightycleave\n>p1 switch 3\n>p1 move closecombat terastallize\n>p2 move closecombat\n>forcelose p2", "uploadtime": 1713247579, "views": 260, "formatid": "gen9randombattle", "rating": 2304, "private": 0, "password": null}