{"id": "gen9randombattle-2260803986", "format": "[Gen 9] Random Battle", "players": ["Hyper Betlog", "Ferriclovescats"], "log": "|j|\u2606Hyper Betlog\n|j|\u2606Ferriclovescats\n|t:|1733894912\n|gametype|singles\n|player|p1|Hyper Betlog|linebacker|1150\n|player|p2|Ferriclovescats|scientistf|1100\n|teamsize|p1|6\n|teamsize|p2|6\n|gen|9\n|tier|[Gen 9] Random Battle\n|rated|\n|rule|Species Clause: Limit one of each Pok\u00e9mon\n|rule|HP Percentage Mod: HP is shown in percentages\n|rule|Sleep Clause Mod: Limit one foe put to sleep\n|rule|Illusion Level Mod: Illusion disguises the Pok\u00e9mon's true level\n|\n|t:|1733894912\n|start\n|switch|p1a: Rabsca|Rabsca, L91, M|284/284\n|switch|p2a: Mewtwo|Mewtwo, L72|272/272\n|-ability|p2a: Mewtwo|Unnerve\n|turn|1\n|\n|t:|1733894930\n|move|p2a: Mewtwo|Fire Blast|p1a: Rabsca\n|-supereffective|p1a: Rabsca\n|-damage|p1a: Rabsca|115/284\n|-damage|p2a: Mewtwo|245/272|[from] item: Life Orb\n|move|p1a: Rabsca|Bug Buzz|p2a: Mewtwo\n|-supereffective|p2a: Mewtwo\n|-damage|p2a: Mewtwo|0 fnt\n|faint|p2a: Mewtwo\n|\n|upkeep\n|\n|t:|1733894941\n|switch|p2a: Dragapult|Dragapult, L77, M|262/262\n|turn|2\n|inactive|Battle timer is ON: inactive players will automatically lose when time's up. (requested by Hyper Betlog)\n|\n|t:|1733894962\n|move|p2a: Dragapult|Will-O-Wisp|p1a: Rabsca\n|-status|p1a: Rabsca|brn\n|-activate|p1a: Rabsca|ability: Synchronize\n|-status|p2a: Dragapult|brn\n|move|p1a: Rabsca|Bug Buzz|p2a: Dragapult\n|-resisted|p2a: Dragapult\n|-crit|p2a: Dragapult\n|-damage|p2a: Dragapult|148/262 brn\n|\n|-damage|p2a: Dragapult|132/262 brn|[from] brn\n|-damage|p1a: Rabsca|98/284 brn|[from] brn\n|upkeep\n|turn|3\n|\n|t:|1733894977\n|move|p2a: Dragapult|U-turn|p1a: Rabsca\n|-supereffective|p1a: Rabsca\n|-damage|p1a: Rabsca|51/284 brn\n|\n|t:|1733894980\n|switch|p2a: Blissey|Blissey, L84, F|566/566|[from] U-turn\n|move|p1a: Rabsca|Bug Buzz|p2a: Blissey\n|-damage|p2a: Blissey|467/566\n|\n|-heal|p2a: Blissey|502/566|[from] item: Leftovers\n|-damage|p1a: Rabsca|34/284 brn|[from] brn\n|upkeep\n|turn|4\n|\n|t:|1733895008\n|switch|p1a: Diancie|Diancie, L82|216/216\n|move|p2a: Blissey|Seismic Toss|p1a: Diancie\n|-damage|p1a: Diancie|132/216\n|\n|-heal|p2a: Blissey|537/566|[from] item: Leftovers\n|-heal|p1a: Diancie|145/216|[from] item: Leftovers\n|upkeep\n|turn|5\n|\n|t:|1733895022\n|move|p2a: Blissey|Heal Bell|p2a: Blissey\n|-activate|p2a: Blissey|move: Heal Bell\n|-curestatus|p2: Dragapult|brn|[msg]\n|move|p1a: Diancie|Diamond Storm|p2a: Blissey\n|-damage|p2a: Blissey|245/566\n|\n|-heal|p2a: Blissey|280/566|[from] item: Leftovers\n|-heal|p1a: Diancie|158/216|[from] item: Leftovers\n|upkeep\n|turn|6\n|\n|t:|1733895034\n|move|p2a: Blissey|Soft-Boiled|p2a: Blissey\n|-heal|p2a: Blissey|563/566\n|move|p1a: Diancie|Diamond Storm|p2a: Blissey\n|-damage|p2a: Blissey|248/566\n|-boost|p1a: Diancie|def|2\n|\n|-heal|p2a: Blissey|283/566|[from] item: Leftovers\n|-heal|p1a: Diancie|171/216|[from] item: Leftovers\n|upkeep\n|turn|7\n|\n|t:|1733895048\n|move|p2a: Blissey|Soft-Boiled|p2a: Blissey\n|-heal|p2a: Blissey|566/566\n|move|p1a: Diancie|Calm Mind|p1a: Diancie\n|-boost|p1a: Diancie|spa|1\n|-boost|p1a: Diancie|spd|1\n|\n|-heal|p1a: Diancie|184/216|[from] item: Leftovers\n|upkeep\n|turn|8\n|\n|t:|1733895065\n|switch|p2a: Meloetta|Meloetta, L82|298/298\n|move|p1a: Diancie|Diamond Storm|p2a: Meloetta\n|-damage|p2a: Meloetta|186/298\n|-boost|p1a: Diancie|def|2\n|\n|-heal|p1a: Diancie|197/216|[from] item: Leftovers\n|upkeep\n|turn|9\n|\n|t:|1733895075\n|move|p2a: Meloetta|Triple Axel|p1a: Diancie\n|-damage|p1a: Diancie|193/216\n|-damage|p1a: Diancie|185/216\n|-damage|p1a: Diancie|173/216\n|-hitcount|p1a: Diancie|3\n|-damage|p2a: Meloetta|157/298|[from] item: Life Orb\n|move|p1a: Diancie|Calm Mind|p1a: Diancie\n|-boost|p1a: Diancie|spa|1\n|-boost|p1a: Diancie|spd|1\n|\n|-heal|p1a: Diancie|186/216|[from] item: Leftovers\n|upkeep\n|turn|10\n|\n|t:|1733895088\n|move|p2a: Meloetta|Knock Off|p1a: Diancie\n|-resisted|p1a: Diancie\n|-damage|p1a: Diancie|178/216\n|-enditem|p1a: Diancie|Leftovers|[from] move: Knock Off|[of] p2a: Meloetta\n|-damage|p2a: Meloetta|128/298|[from] item: Life Orb\n|move|p1a: Diancie|Draining Kiss|p2a: Meloetta\n|-damage|p2a: Meloetta|53/298\n|-heal|p1a: Diancie|216/216|[from] drain|[of] p2a: Meloetta\n|\n|upkeep\n|turn|11\n|\n|t:|1733895105\n|move|p2a: Meloetta|Relic Song|p1a: Diancie\n|-resisted|p1a: Diancie\n|-damage|p1a: Diancie|197/216\n|-status|p1a: Diancie|slp|[from] move: Relic Song\n|-formechange|p2a: Meloetta|Meloetta-Pirouette|[msg]\n|-damage|p2a: Meloetta|24/298|[from] item: Life Orb\n|cant|p1a: Diancie|slp\n|\n|upkeep\n|turn|12\n|\n|t:|1733895116\n|switch|p2a: Milotic|Milotic, L83, M|293/293\n|cant|p1a: Diancie|slp\n|\n|upkeep\n|turn|13\n|\n|t:|1733895126\n|move|p2a: Milotic|Ice Beam|p1a: Diancie\n|-damage|p1a: Diancie|172/216 slp\n|cant|p1a: Diancie|slp\n|\n|upkeep\n|turn|14\n|\n|t:|1733895131\n|move|p2a: Milotic|Scald|p1a: Diancie\n|-supereffective|p1a: Diancie\n|-damage|p1a: Diancie|116/216 slp\n|-curestatus|p1a: Diancie|slp|[msg]\n|move|p1a: Diancie|Calm Mind|p1a: Diancie\n|-boost|p1a: Diancie|spa|1\n|-boost|p1a: Diancie|spd|1\n|\n|upkeep\n|turn|15\n|\n|t:|1733895149\n|-terastallize|p1a: Diancie|Water\n|move|p2a: Milotic|Scald|p1a: Diancie\n|-resisted|p1a: Diancie\n|-damage|p1a: Diancie|104/216\n|move|p1a: Diancie|Draining Kiss|p2a: Milotic\n|-damage|p2a: Milotic|196/293\n|-heal|p1a: Diancie|177/216|[from] drain|[of] p2a: Milotic\n|\n|-heal|p2a: Milotic|214/293|[from] item: Leftovers\n|upkeep\n|turn|16\n|\n|t:|1733895163\n|move|p2a: Milotic|Flip Turn|p1a: Diancie\n|-resisted|p1a: Diancie\n|-damage|p1a: Diancie|171/216\n|\n|t:|1733895170\n|switch|p2a: Dragapult|Dragapult, L77, M|132/262|[from] Flip Turn\n|move|p1a: Diancie|Calm Mind|p1a: Diancie\n|-boost|p1a: Diancie|spa|1\n|-boost|p1a: Diancie|spd|1\n|\n|upkeep\n|turn|17\n|\n|t:|1733895182\n|move|p2a: Dragapult|Hex|p1a: Diancie\n|-damage|p1a: Diancie|156/216\n|move|p1a: Diancie|Diamond Storm|p2a: Dragapult\n|-damage|p2a: Dragapult|0 fnt\n|-boost|p1a: Diancie|def|2\n|faint|p2a: Dragapult\n|\n|upkeep\n|\n|t:|1733895195\n|switch|p2a: Blissey|Blissey, L84, F|566/566\n|turn|18\n|\n|t:|1733895201\n|move|p2a: Blissey|Thunder Wave|p1a: Diancie\n|-status|p1a: Diancie|par\n|move|p1a: Diancie|Diamond Storm|p2a: Blissey\n|-damage|p2a: Blissey|274/566\n|\n|-heal|p2a: Blissey|309/566|[from] item: Leftovers\n|upkeep\n|turn|19\n|\n|t:|1733895209\n|move|p2a: Blissey|Heal Bell||[still]\n|-activate|p2a: Blissey|move: Heal Bell\n|-fail|p2a: Blissey\n|cant|p1a: Diancie|par\n|\n|-heal|p2a: Blissey|344/566|[from] item: Leftovers\n|upkeep\n|turn|20\n|\n|t:|1733895217\n|move|p2a: Blissey|Heal Bell||[still]\n|-activate|p2a: Blissey|move: Heal Bell\n|-fail|p2a: Blissey\n|move|p1a: Diancie|Calm Mind|p1a: Diancie\n|-boost|p1a: Diancie|spa|1\n|-boost|p1a: Diancie|spd|1\n|\n|-heal|p2a: Blissey|379/566|[from] item: Leftovers\n|upkeep\n|turn|21\n|\n|t:|1733895225\n|move|p2a: Blissey|Heal Bell||[still]\n|-activate|p2a: Blissey|move: Heal Bell\n|-fail|p2a: Blissey\n|move|p1a: Diancie|Calm Mind|p1a: Diancie\n|-boost|p1a: Diancie|spa|1\n|-boost|p1a: Diancie|spd|1\n|\n|-heal|p2a: Blissey|414/566|[from] item: Leftovers\n|upkeep\n|turn|22\n|\n|t:|1733895234\n|move|p2a: Blissey|Thunder Wave|p1a: Diancie\n|-fail|p1a: Diancie|par\n|cant|p1a: Diancie|par\n|\n|-heal|p2a: Blissey|449/566|[from] item: Leftovers\n|upkeep\n|turn|23\n|\n|t:|1733895257\n|move|p2a: Blissey|Seismic Toss|p1a: Diancie\n|-damage|p1a: Diancie|72/216 par\n|move|p1a: Diancie|Draining Kiss|p2a: Blissey\n|-damage|p2a: Blissey|299/566\n|-heal|p1a: Diancie|185/216 par|[from] drain|[of] p2a: Blissey\n|\n|-heal|p2a: Blissey|334/566|[from] item: Leftovers\n|upkeep\n|turn|24\n|\n|t:|1733895265\n|move|p2a: Blissey|Heal Bell||[still]\n|-activate|p2a: Blissey|move: Heal Bell\n|-fail|p2a: Blissey\n|move|p1a: Diancie|Draining Kiss|p2a: Blissey\n|-damage|p2a: Blissey|183/566\n|-heal|p1a: Diancie|216/216 par|[from] drain|[of] p2a: Blissey\n|\n|-heal|p2a: Blissey|218/566|[from] item: Leftovers\n|upkeep\n|turn|25\n|\n|t:|1733895276\n|switch|p2a: Vivillon|Vivillon-High Plains, L84, M|272/272\n|cant|p1a: Diancie|par\n|\n|upkeep\n|turn|26\n|\n|t:|1733895302\n|move|p2a: Vivillon|Hurricane|p1a: Diancie\n|-damage|p1a: Diancie|195/216 par\n|cant|p1a: Diancie|par\n|\n|upkeep\n|turn|27\n|\n|t:|1733895308\n|move|p2a: Vivillon|Sleep Powder||[still]\n|-fail|p2a: Vivillon\n|move|p1a: Diancie|Diamond Storm|p2a: Vivillon\n|-supereffective|p2a: Vivillon\n|-damage|p2a: Vivillon|0 fnt\n|faint|p2a: Vivillon\n|\n|upkeep\n|\n|t:|1733895315\n|switch|p2a: Milotic|Milotic, L83, M|214/293\n|turn|28\n|\n|t:|1733895324\n|move|p2a: Milotic|Ice Beam|p1a: Diancie\n|-resisted|p1a: Diancie\n|-damage|p1a: Diancie|190/216 par\n|move|p1a: Diancie|Draining Kiss|p2a: Milotic\n|-damage|p2a: Milotic|64/293\n|-heal|p1a: Diancie|216/216 par|[from] drain|[of] p2a: Milotic\n|\n|-heal|p2a: Milotic|82/293|[from] item: Leftovers\n|upkeep\n|turn|29\n|\n|t:|1733895339\n|move|p2a: Milotic|Ice Beam|p1a: Diancie\n|-resisted|p1a: Diancie\n|-damage|p1a: Diancie|210/216 par\n|move|p1a: Diancie|Earth Power|p2a: Milotic\n|-damage|p2a: Milotic|0 fnt\n|faint|p2a: Milotic\n|\n|upkeep\n|\n|t:|1733895345\n|switch|p2a: Meloetta|Meloetta, L82|24/298\n|turn|30\n|\n|t:|1733895351\n|move|p2a: Meloetta|Close Combat|p1a: Diancie\n|-damage|p1a: Diancie|194/216 par\n|-unboost|p2a: Meloetta|def|1\n|-unboost|p2a: Meloetta|spd|1\n|-damage|p2a: Meloetta|0 fnt|[from] item: Life Orb\n|faint|p2a: Meloetta\n|move|p1a: Diancie|Earth Power|p2: Meloetta|[notarget]\n|-fail|p1a: Diancie\n|\n|upkeep\n|\n|t:|1733895360\n|switch|p2a: Blissey|Blissey, L84, F|218/566\n|turn|31\n|\n|t:|1733895369\n|move|p2a: Blissey|Soft-Boiled|p2a: Blissey\n|-heal|p2a: Blissey|501/566\n|move|p1a: Diancie|Diamond Storm|p2a: Blissey\n|-damage|p2a: Blissey|173/566\n|\n|-heal|p2a: Blissey|208/566|[from] item: Leftovers\n|upkeep\n|turn|32\n|\n|t:|1733895377\n|move|p2a: Blissey|Seismic Toss|p1a: Diancie\n|-damage|p1a: Diancie|110/216 par\n|cant|p1a: Diancie|par\n|\n|-heal|p2a: Blissey|243/566|[from] item: Leftovers\n|upkeep\n|turn|33\n|\n|t:|1733895396\n|move|p2a: Blissey|Soft-Boiled|p2a: Blissey\n|-heal|p2a: Blissey|526/566\n|cant|p1a: Diancie|par\n|\n|-heal|p2a: Blissey|561/566|[from] item: Leftovers\n|upkeep\n|turn|34\n|\n|t:|1733895405\n|move|p2a: Blissey|Seismic Toss|p1a: Diancie\n|-damage|p1a: Diancie|26/216 par\n|move|p1a: Diancie|Draining Kiss|p2a: Blissey\n|-damage|p2a: Blissey|405/566\n|-heal|p1a: Diancie|143/216 par|[from] drain|[of] p2a: Blissey\n|\n|-heal|p2a: Blissey|440/566|[from] item: Leftovers\n|upkeep\n|turn|35\n|\n|t:|1733895414\n|move|p2a: Blissey|Seismic Toss|p1a: Diancie\n|-damage|p1a: Diancie|59/216 par\n|move|p1a: Diancie|Draining Kiss|p2a: Blissey\n|-damage|p2a: Blissey|295/566\n|-heal|p1a: Diancie|168/216 par|[from] drain|[of] p2a: Blissey\n|\n|-heal|p2a: Blissey|330/566|[from] item: Leftovers\n|upkeep\n|turn|36\n|\n|t:|1733895424\n|move|p2a: Blissey|Thunder Wave|p1a: Diancie\n|-fail|p1a: Diancie|par\n|move|p1a: Diancie|Draining Kiss|p2a: Blissey\n|-damage|p2a: Blissey|177/566\n|-heal|p1a: Diancie|216/216 par|[from] drain|[of] p2a: Blissey\n|\n|-heal|p2a: Blissey|212/566|[from] item: Leftovers\n|upkeep\n|turn|37\n|\n|t:|1733895442\n|move|p2a: Blissey|Seismic Toss|p1a: Diancie\n|-damage|p1a: Diancie|132/216 par\n|move|p1a: Diancie|Earth Power|p2a: Blissey\n|-damage|p2a: Blissey|29/566\n|\n|-heal|p2a: Blissey|64/566|[from] item: Leftovers\n|upkeep\n|turn|38\n|\n|t:|1733895452\n|move|p2a: Blissey|Seismic Toss|p1a: Diancie\n|-damage|p1a: Diancie|48/216 par\n|cant|p1a: Diancie|par\n|\n|-heal|p2a: Blissey|99/566|[from] item: Leftovers\n|upkeep\n|turn|39\n|\n|t:|1733895459\n|move|p2a: Blissey|Seismic Toss|p1a: Diancie\n|-damage|p1a: Diancie|0 fnt\n|faint|p1a: Diancie\n|\n|-heal|p2a: Blissey|134/566|[from] item: Leftovers\n|upkeep\n|\n|t:|1733895463\n|switch|p1a: Rabsca|Rabsca, L91, M|34/284 brn\n|turn|40\n|\n|t:|1733895468\n|move|p2a: Blissey|Soft-Boiled|p2a: Blissey\n|-heal|p2a: Blissey|417/566\n|move|p1a: Rabsca|Revival Blessing|p1a: Rabsca\n|\n|t:|1733895492\n|-heal|p1: Diancie|108/216|[from] move: Revival Blessing\n|\n|-heal|p2a: Blissey|452/566|[from] item: Leftovers\n|-damage|p1a: Rabsca|17/284 brn|[from] brn\n|upkeep\n|turn|41\n|\n|t:|1733895499\n|move|p2a: Blissey|Seismic Toss|p1a: Rabsca\n|-damage|p1a: Rabsca|0 fnt\n|faint|p1a: Rabsca\n|\n|-heal|p2a: Blissey|487/566|[from] item: Leftovers\n|upkeep\n|\n|t:|1733895513\n|switch|p1a: Diancie|Diancie, L82|108/216\n|turn|42\n|\n|t:|1733895517\n|move|p2a: Blissey|Seismic Toss|p1a: Diancie\n|-damage|p1a: Diancie|24/216\n|move|p1a: Diancie|Diamond Storm|p2a: Blissey\n|-damage|p2a: Blissey|168/566\n|\n|-heal|p2a: Blissey|203/566|[from] item: Leftovers\n|upkeep\n|turn|43\n|\n|t:|1733895525\n|move|p2a: Blissey|Seismic Toss|p1a: Diancie\n|-damage|p1a: Diancie|0 fnt\n|faint|p1a: Diancie\n|\n|-heal|p2a: Blissey|238/566|[from] item: Leftovers\n|upkeep\n|\n|t:|1733895537\n|switch|p1a: Slowbro|Slowbro, L85, M|300/300\n|turn|44\n|\n|t:|1733895541\n|move|p2a: Blissey|Thunder Wave|p1a: Slowbro\n|-status|p1a: Slowbro|par\n|cant|p1a: Slowbro|par\n|\n|-heal|p2a: Blissey|273/566|[from] item: Leftovers\n|upkeep\n|turn|45\n|\n|t:|1733895547\n|move|p2a: Blissey|Soft-Boiled|p2a: Blissey\n|-heal|p2a: Blissey|556/566\n|move|p1a: Slowbro|Psychic Noise|p2a: Blissey\n|-damage|p2a: Blissey|496/566\n|-start|p2a: Blissey|move: Heal Block\n|\n|upkeep\n|turn|46\n|\n|t:|1733895555\n|move|p2a: Blissey|Seismic Toss|p1a: Slowbro\n|-damage|p1a: Slowbro|216/300 par\n|move|p1a: Slowbro|Body Press|p2a: Blissey\n|-supereffective|p2a: Blissey\n|-damage|p2a: Blissey|104/566\n|\n|-end|p2a: Blissey|move: Heal Block\n|upkeep\n|turn|47\n|\n|t:|1733895563\n|move|p2a: Blissey|Soft-Boiled|p2a: Blissey\n|-heal|p2a: Blissey|387/566\n|move|p1a: Slowbro|Body Press|p2a: Blissey\n|-supereffective|p2a: Blissey\n|-damage|p2a: Blissey|0 fnt\n|faint|p2a: Blissey\n|\n|win|Hyper Betlog\n|raw|Hyper Betlog's rating: 1080 &rarr; <strong>1110</strong><br />(+30 for winning)\n|raw|Ferriclovescats's rating: 1100 &rarr; <strong>1074</strong><br />(-26 for losing)\n|l|\u2606Hyper Betlog\n|player|p1|\n", "inputlog": ">version bfd83cad13791eb5a5a409923076391caf6fb4d4\n>start {\"formatid\":\"gen9randombattle\",\"seed\":[28895,7933,45066,64071],\"rated\":\"Rated battle\"}\n>player p1 {\"name\":\"Hyper Betlog\",\"avatar\":\"linebacker\",\"rating\":1150,\"seed\":[26364,45415,6300,44341]}\n>player p2 {\"name\":\"Ferriclovescats\",\"avatar\":\"scientistf\",\"rating\":1100,\"seed\":[59730,53760,64270,41812]}\n>p1 move bugbuzz\n>p2 move fireblast\n>p2 switch 4\n>p1 move bugbuzz\n>p2 move willowisp\n>p1 move bugbuzz\n>p2 move uturn\n>p2 switch 5\n>p1 switch 6\n>p2 move seismictoss\n>p1 move diamondstorm\n>p2 move healbell\n>p1 move diamondstorm\n>p2 move softboiled\n>p1 move calmmind\n>p2 move softboiled\n>p1 move diamondstorm\n>p2 switch 3\n>p1 move calmmind\n>p2 move tripleaxel\n>p1 move drainingkiss\n>p2 move knockoff\n>p1 move calmmind\n>p2 move relicsong\n>p1 move calmmind\n>p2 switch 2\n>p1 move calmmind\n>p2 move icebeam\n>p1 move calmmind\n>p2 move scald\n>p1 move drainingkiss terastallize\n>p2 move scald\n>p1 move calmmind\n>p2 move flipturn\n>p2 switch 5\n>p1 move diamondstorm\n>p2 move hex\n>p2 switch 3\n>p1 move diamondstorm\n>p2 move thunderwave\n>p1 move calmmind\n>p2 move healbell\n>p1 move calmmind\n>p2 move healbell\n>p1 move calmmind\n>p2 move healbell\n>p1 move drainingkiss\n>p2 move thunderwave\n>p1 move drainingkiss\n>p2 move seismictoss\n>p1 move drainingkiss\n>p2 move healbell\n>p1 move diamondstorm\n>p2 switch 6\n>p1 move diamondstorm\n>p2 move hurricane\n>p1 move diamondstorm\n>p2 move sleeppowder\n>p2 switch 5\n>p1 move drainingkiss\n>p2 move icebeam\n>p1 move earthpower\n>p2 move icebeam\n>p2 switch 2\n>p1 move earthpower\n>p2 move closecombat\n>p2 switch 6\n>p1 move diamondstorm\n>p2 move softboiled\n>p1 move earthpower\n>p2 move seismictoss\n>p1 move drainingkiss\n>p2 move softboiled\n>p1 move drainingkiss\n>p2 move seismictoss\n>p1 move drainingkiss\n>p2 move seismictoss\n>p1 move drainingkiss\n>p2 move thunderwave\n>p1 move earthpower\n>p2 move seismictoss\n>p1 move drainingkiss\n>p2 move seismictoss\n>p1 move drainingkiss\n>p2 move seismictoss\n>p1 switch 6\n>p1 move revivalblessing\n>p2 move softboiled\n>p1 switch 6\n>p1 move bugbuzz\n>p2 move seismictoss\n>p1 switch 6\n>p1 move diamondstorm\n>p2 move seismictoss\n>p1 move drainingkiss\n>p2 move seismictoss\n>p1 switch 5\n>p1 move psychicnoise\n>p2 move thunderwave\n>p1 move psychicnoise\n>p2 move softboiled\n>p1 move bodypress\n>p2 move seismictoss\n>p1 move bodypress\n>p2 move softboiled", "uploadtime": 1733895580, "views": 1, "formatid": "gen9randombattle", "rating": 1074, "private": 0, "password": null}