{"id": "gen9randombattle-2260500130", "format": "[Gen 9] Random Battle", "players": ["SuperKx10", "Kilup"], "log": "|j|\u2606SuperKx10\n|j|\u2606Kilup\n|t:|1733857591\n|gametype|singles\n|player|p1|SuperKx10|gentleman-gen4|1284\n|player|p2|Kilup|266|1283\n|teamsize|p1|6\n|teamsize|p2|6\n|gen|9\n|tier|[Gen 9] Random Battle\n|rated|\n|rule|Species Clause: Limit one of each Pok\u00e9mon\n|rule|HP Percentage Mod: HP is shown in percentages\n|rule|Sleep Clause Mod: Limit one foe put to sleep\n|rule|Illusion Level Mod: Illusion disguises the Pok\u00e9mon's true level\n|\n|t:|1733857591\n|start\n|switch|p1a: Arcanine|Arcanine-Hisui, L80, M|283/283\n|switch|p2a: Okidogi|Okidogi, L77, M|262/262\n|turn|1\n|inactive|Battle timer is ON: inactive players will automatically lose when time's up. (requested by SuperKx10)\n|\n|t:|1733857607\n|switch|p1a: Houndstone|Houndstone, L86, M|264/264\n|move|p2a: Okidogi|Bulk Up|p2a: Okidogi\n|-boost|p2a: Okidogi|atk|1\n|-boost|p2a: Okidogi|def|1\n|\n|upkeep\n|turn|2\n|\n|t:|1733857615\n|move|p2a: Okidogi|Knock Off|p1a: Houndstone\n|-supereffective|p1a: Houndstone\n|-damage|p1a: Houndstone|164/264\n|-enditem|p1a: Houndstone|Assault Vest|[from] move: Knock Off|[of] p2a: Okidogi\n|move|p1a: Houndstone|Poltergeist|p2a: Okidogi\n|-activate|p2a: Okidogi|move: Poltergeist|Leftovers\n|-damage|p2a: Okidogi|192/262\n|\n|-heal|p2a: Okidogi|208/262|[from] item: Leftovers\n|upkeep\n|turn|3\n|inactive|SuperKx10 has 120 seconds left.\n|\n|t:|1733857645\n|move|p2a: Okidogi|Bulk Up|p2a: Okidogi\n|-boost|p2a: Okidogi|atk|1\n|-boost|p2a: Okidogi|def|1\n|move|p1a: Houndstone|Poltergeist|p2a: Okidogi\n|-activate|p2a: Okidogi|move: Poltergeist|Leftovers\n|-damage|p2a: Okidogi|153/262\n|\n|-heal|p2a: Okidogi|169/262|[from] item: Leftovers\n|upkeep\n|turn|4\n|\n|t:|1733857654\n|move|p2a: Okidogi|Knock Off|p1a: Houndstone\n|-supereffective|p1a: Houndstone\n|-damage|p1a: Houndstone|73/264\n|-status|p1a: Houndstone|tox|[from] ability: Toxic Chain|[of] p2a: Okidogi\n|move|p1a: Houndstone|Poltergeist|p2a: Okidogi\n|-activate|p2a: Okidogi|move: Poltergeist|Leftovers\n|-damage|p2a: Okidogi|108/262\n|\n|-heal|p2a: Okidogi|124/262|[from] item: Leftovers\n|-damage|p1a: Houndstone|57/264 tox|[from] psn\n|upkeep\n|turn|5\n|\n|t:|1733857672\n|move|p1a: Houndstone|Shadow Sneak|p2a: Okidogi\n|-damage|p2a: Okidogi|102/262\n|move|p2a: Okidogi|Knock Off|p1a: Houndstone\n|-supereffective|p1a: Houndstone\n|-damage|p1a: Houndstone|0 fnt\n|faint|p1a: Houndstone\n|\n|-heal|p2a: Okidogi|118/262|[from] item: Leftovers\n|upkeep\n|\n|t:|1733857674\n|switch|p1a: Espeon|Espeon, L84, M|246/246\n|turn|6\n|\n|t:|1733857683\n|-terastallize|p2a: Okidogi|Dark\n|move|p1a: Espeon|Psychic|p2a: Okidogi\n|-immune|p2a: Okidogi\n|move|p2a: Okidogi|Knock Off|p1a: Espeon\n|-supereffective|p1a: Espeon\n|-damage|p1a: Espeon|0 fnt\n|-enditem|p1a: Espeon|Life Orb|[from] move: Knock Off|[of] p2a: Okidogi\n|faint|p1a: Espeon\n|\n|-heal|p2a: Okidogi|134/262|[from] item: Leftovers\n|upkeep\n|inactive|SuperKx10 has 120 seconds left.\n|\n|t:|1733857711\n|switch|p1a: Virizion|Virizion, L82|283/283\n|turn|7\n|\n|t:|1733857720\n|move|p1a: Virizion|Close Combat|p2a: Okidogi\n|-supereffective|p2a: Okidogi\n|-damage|p2a: Okidogi|1/262\n|-unboost|p1a: Virizion|def|1\n|-unboost|p1a: Virizion|spd|1\n|-damage|p1a: Virizion|255/283|[from] item: Life Orb\n|move|p2a: Okidogi|Gunk Shot|p1a: Virizion\n|-supereffective|p1a: Virizion\n|-damage|p1a: Virizion|0 fnt\n|faint|p1a: Virizion\n|\n|-heal|p2a: Okidogi|17/262|[from] item: Leftovers\n|upkeep\n|\n|t:|1733857727\n|switch|p1a: Arcanine|Arcanine-Hisui, L80, M|283/283\n|turn|8\n|\n|t:|1733857737\n|move|p1a: Arcanine|Flare Blitz|p2a: Okidogi\n|-damage|p2a: Okidogi|0 fnt\n|faint|p2a: Okidogi\n|\n|upkeep\n|\n|t:|1733857761\n|switch|p2a: Reuniclus|Reuniclus, L88, F|337/337\n|turn|9\n|\n|t:|1733857778\n|switch|p1a: Goodra|Goodra-Hisui, L82, M|265/265\n|move|p2a: Reuniclus|Calm Mind|p2a: Reuniclus\n|-boost|p2a: Reuniclus|spa|1\n|-boost|p2a: Reuniclus|spd|1\n|\n|upkeep\n|turn|10\n|\n|t:|1733857785\n|move|p1a: Goodra|Knock Off|p2a: Reuniclus\n|-supereffective|p2a: Reuniclus\n|-damage|p2a: Reuniclus|197/337\n|-enditem|p2a: Reuniclus|Life Orb|[from] move: Knock Off|[of] p1a: Goodra\n|move|p2a: Reuniclus|Focus Blast|p1a: Goodra\n|-supereffective|p1a: Goodra\n|-damage|p1a: Goodra|103/265\n|\n|upkeep\n|turn|11\n|\n|t:|1733857796\n|move|p1a: Goodra|Heavy Slam|p2a: Reuniclus\n|-damage|p2a: Reuniclus|73/337\n|move|p2a: Reuniclus|Focus Blast|p1a: Goodra\n|-supereffective|p1a: Goodra\n|-damage|p1a: Goodra|0 fnt\n|faint|p1a: Goodra\n|\n|upkeep\n|\n|t:|1733857799\n|switch|p1a: Arcanine|Arcanine-Hisui, L80, M|283/283\n|turn|12\n|\n|t:|1733857806\n|move|p1a: Arcanine|Flare Blitz|p2a: Reuniclus\n|-damage|p2a: Reuniclus|0 fnt\n|faint|p2a: Reuniclus\n|\n|upkeep\n|\n|t:|1733857815\n|switch|p2a: Giratina|Giratina-Origin, L72|335/335\n|turn|13\n|\n|t:|1733857827\n|switch|p1a: Dunsparce|Dunsparce, L86, F|312/312\n|move|p2a: Giratina|Dragon Tail|p1a: Dunsparce\n|-damage|p1a: Dunsparce|257/312\n|drag|p1a: Arcanine|Arcanine-Hisui, L80, M|283/283\n|\n|upkeep\n|turn|14\n|\n|t:|1733857851\n|move|p1a: Arcanine|Head Smash|p2a: Giratina\n|-damage|p2a: Giratina|148/335\n|move|p2a: Giratina|Draco Meteor|p1a: Arcanine\n|-crit|p1a: Arcanine\n|-damage|p1a: Arcanine|52/283\n|-unboost|p2a: Giratina|spa|2\n|\n|upkeep\n|turn|15\n|\n|t:|1733857863\n|move|p1a: Arcanine|Head Smash|p2a: Giratina\n|-damage|p2a: Giratina|0 fnt\n|faint|p2a: Giratina\n|\n|upkeep\n|\n|t:|1733857868\n|switch|p2a: Pachirisu|Pachirisu, L96, M|271/271\n|turn|16\n|\n|t:|1733857873\n|move|p1a: Arcanine|Head Smash|p2a: Pachirisu\n|-damage|p2a: Pachirisu|99/271\n|move|p2a: Pachirisu|Discharge|p1a: Arcanine\n|-damage|p1a: Arcanine|0 fnt\n|faint|p1a: Arcanine\n|\n|upkeep\n|\n|t:|1733857876\n|switch|p1a: Dunsparce|Dunsparce, L86, F|257/312\n|turn|17\n|\n|t:|1733857883\n|move|p2a: Pachirisu|Super Fang|p1a: Dunsparce\n|-damage|p1a: Dunsparce|129/312\n|move|p1a: Dunsparce|Earthquake|p2a: Pachirisu\n|-supereffective|p2a: Pachirisu\n|-damage|p2a: Pachirisu|0 fnt\n|faint|p2a: Pachirisu\n|\n|upkeep\n|\n|t:|1733857890\n|switch|p2a: Hatterene|Hatterene, L85, F|236/236\n|turn|18\n|\n|t:|1733857900\n|move|p1a: Dunsparce|Roost|p1a: Dunsparce\n|-heal|p1a: Dunsparce|285/312\n|-singleturn|p1a: Dunsparce|move: Roost\n|move|p2a: Hatterene|Psyshock|p1a: Dunsparce\n|-damage|p1a: Dunsparce|198/312\n|\n|upkeep\n|turn|19\n|\n|t:|1733857907\n|move|p1a: Dunsparce|Body Slam|p2a: Hatterene\n|-damage|p2a: Hatterene|172/236\n|move|p2a: Hatterene|Calm Mind|p2a: Hatterene\n|-boost|p2a: Hatterene|spa|1\n|-boost|p2a: Hatterene|spd|1\n|\n|-heal|p2a: Hatterene|186/236|[from] item: Leftovers\n|upkeep\n|turn|20\n|\n|t:|1733857914\n|move|p1a: Dunsparce|Coil|p1a: Dunsparce\n|-boost|p1a: Dunsparce|atk|1\n|-boost|p1a: Dunsparce|def|1\n|-boost|p1a: Dunsparce|accuracy|1\n|move|p2a: Hatterene|Calm Mind|p2a: Hatterene\n|-boost|p2a: Hatterene|spa|1\n|-boost|p2a: Hatterene|spd|1\n|\n|-heal|p2a: Hatterene|200/236|[from] item: Leftovers\n|upkeep\n|turn|21\n|\n|t:|1733857923\n|move|p1a: Dunsparce|Body Slam|p2a: Hatterene\n|-damage|p2a: Hatterene|101/236\n|-status|p2a: Hatterene|par\n|cant|p2a: Hatterene|par\n|\n|-heal|p2a: Hatterene|115/236 par|[from] item: Leftovers\n|upkeep\n|turn|22\n|\n|t:|1733857930\n|move|p1a: Dunsparce|Body Slam|p2a: Hatterene\n|-damage|p2a: Hatterene|12/236 par\n|cant|p2a: Hatterene|par\n|\n|-heal|p2a: Hatterene|26/236 par|[from] item: Leftovers\n|upkeep\n|turn|23\n|\n|t:|1733857937\n|move|p1a: Dunsparce|Body Slam|p2a: Hatterene\n|-damage|p2a: Hatterene|0 fnt\n|faint|p2a: Hatterene\n|\n|upkeep\n|\n|t:|1733857943\n|switch|p2a: Spidops|Spidops, L96, M|271/271\n|turn|24\n|\n|t:|1733857952\n|move|p1a: Dunsparce|Body Slam|p2a: Spidops\n|-damage|p2a: Spidops|183/271\n|move|p2a: Spidops|Knock Off|p1a: Dunsparce\n|-damage|p1a: Dunsparce|159/312\n|-enditem|p1a: Dunsparce|Eviolite|[from] move: Knock Off|[of] p2a: Spidops\n|\n|upkeep\n|turn|25\n|\n|t:|1733857960\n|move|p1a: Dunsparce|Coil|p1a: Dunsparce\n|-boost|p1a: Dunsparce|atk|1\n|-boost|p1a: Dunsparce|def|1\n|-boost|p1a: Dunsparce|accuracy|1\n|move|p2a: Spidops|Knock Off|p1a: Dunsparce\n|-damage|p1a: Dunsparce|127/312\n|\n|upkeep\n|turn|26\n|\n|t:|1733857967\n|move|p1a: Dunsparce|Roost|p1a: Dunsparce\n|-heal|p1a: Dunsparce|283/312\n|-singleturn|p1a: Dunsparce|move: Roost\n|move|p2a: Spidops|Knock Off|p1a: Dunsparce\n|-damage|p1a: Dunsparce|252/312\n|\n|upkeep\n|turn|27\n|-message|Kilup forfeited.\n|\n|win|SuperKx10\n|raw|SuperKx10's rating: 1284 &rarr; <strong>1309</strong><br />(+25 for winning)\n|raw|Kilup's rating: 1283 &rarr; <strong>1258</strong><br />(-25 for losing)\n|l|\u2606Kilup\n|player|p2|\n", "inputlog": ">version bfd83cad13791eb5a5a409923076391caf6fb4d4\n>start {\"formatid\":\"gen9randombattle\",\"seed\":[25740,61173,37860,27674],\"rated\":\"Rated battle\"}\n>player p1 {\"name\":\"SuperKx10\",\"avatar\":\"gentleman-gen4\",\"rating\":1284,\"seed\":[34028,38591,5169,26984]}\n>player p2 {\"name\":\"Kilup\",\"avatar\":\"266\",\"rating\":1283,\"seed\":[62322,63240,54478,10312]}\n>p1 switch 4\n>p2 move bulkup\n>p1 move poltergeist\n>p2 move knockoff\n>p1 move poltergeist\n>p2 move bulkup\n>p1 move poltergeist\n>p2 move knockoff\n>p1 move shadowsneak\n>p2 move knockoff\n>p1 switch 2\n>p1 move psychic\n>p2 move knockoff terastallize\n>p1 switch 5\n>p1 move closecombat\n>p2 move gunkshot\n>p1 switch 4\n>p1 move flareblitz\n>p2 move drainpunch\n>p2 switch 6\n>p1 switch 6\n>p2 move calmmind\n>p1 move knockoff\n>p2 move focusblast\n>p1 move heavyslam\n>p2 move focusblast\n>p1 switch 6\n>p1 move flareblitz\n>p2 move recover\n>p2 switch 2\n>p1 switch 3\n>p2 move dragontail\n>p1 move headsmash\n>p2 move dracometeor\n>p1 move headsmash\n>p2 move dragontail\n>p2 switch 3\n>p1 move headsmash\n>p2 move discharge\n>p1 switch 3\n>p1 move earthquake\n>p2 move superfang\n>p2 switch 5\n>p1 move roost\n>p2 move psyshock\n>p1 move bodyslam\n>p2 move calmmind\n>p1 move coil\n>p2 move calmmind\n>p1 move bodyslam\n>p2 move mysticalfire\n>p1 move bodyslam\n>p2 move drainingkiss\n>p1 move bodyslam\n>p2 move drainingkiss\n>p2 switch 4\n>p1 move bodyslam\n>p2 move knockoff\n>p1 move coil\n>p2 move knockoff\n>p1 move roost\n>p2 move knockoff\n>forcelose p2", "uploadtime": 1733857982, "views": 5, "formatid": "gen9randombattle", "rating": 1258, "private": 0, "password": null}