{"id": "gen9randombattle-2260864135", "format": "[Gen 9] Random Battle", "players": ["xi the emperor", "Sitan10"], "log": "|j|\u2606xi the emperor\n|j|\u2606Sitan10\n|t:|1733906710\n|gametype|singles\n|player|p1|xi the emperor|170|2002\n|player|p2|Sitan10|102|1994\n|teamsize|p1|6\n|teamsize|p2|6\n|gen|9\n|tier|[Gen 9] Random Battle\n|rated|\n|rule|Species Clause: Limit one of each Pok\u00e9mon\n|rule|HP Percentage Mod: HP is shown in percentages\n|rule|Sleep Clause Mod: Limit one foe put to sleep\n|rule|Illusion Level Mod: Illusion disguises the Pok\u00e9mon's true level\n|\n|t:|1733906710\n|start\n|switch|p1a: Hippowdon|Hippowdon, L82, M|311/311\n|switch|p2a: Reshiram|Reshiram, L76|277/277\n|-ability|p2a: Reshiram|Turboblaze\n|-weather|Sandstorm|[from] ability: Sand Stream|[of] p1a: Hippowdon\n|turn|1\n|\n|t:|1733906732\n|switch|p2a: Bronzong|Bronzong, L88|261/261\n|move|p1a: Hippowdon|Curse|p1a: Hippowdon\n|-unboost|p1a: Hippowdon|spe|1\n|-boost|p1a: Hippowdon|atk|1\n|-boost|p1a: Hippowdon|def|1\n|\n|-weather|Sandstorm|[upkeep]\n|upkeep\n|turn|2\n|n|\u203dxi the emperor|xitheemperor\n|inactive|Battle timer is ON: inactive players will automatically lose when time's up. (requested by xi the emperor)\n|\n|t:|1733906794\n|switch|p1a: Wo-Chien|Wo-Chien, L83|277/277\n|-ability|p1a: Wo-Chien|Tablets of Ruin\n|move|p2a: Bronzong|Hypnosis|p1a: Wo-Chien\n|-status|p1a: Wo-Chien|slp|[from] move: Hypnosis\n|\n|-weather|Sandstorm|[upkeep]\n|-damage|p1a: Wo-Chien|260/277 slp|[from] Sandstorm\n|-heal|p1a: Wo-Chien|277/277 slp|[from] item: Leftovers\n|upkeep\n|turn|3\n|\n|t:|1733906804\n|switch|p2a: Slither Wing|Slither Wing, L81|270/270\n|cant|p1a: Wo-Chien|slp\n|\n|-weather|Sandstorm|[upkeep]\n|-damage|p2a: Slither Wing|254/270|[from] Sandstorm\n|-damage|p1a: Wo-Chien|260/277 slp|[from] Sandstorm\n|-heal|p1a: Wo-Chien|277/277 slp|[from] item: Leftovers\n|upkeep\n|turn|4\n|\n|t:|1733906808\n|switch|p1a: Hippowdon|Hippowdon, L82, M|311/311\n|move|p2a: Slither Wing|U-turn|p1a: Hippowdon\n|-damage|p1a: Hippowdon|244/311\n|\n|t:|1733906815\n|-end|p2a: Slither Wing|Protosynthesis|[silent]\n|switch|p2a: Suicune|Suicune, L82|298/298|[from] U-turn\n|-ability|p2a: Suicune|Pressure\n|\n|-weather|Sandstorm|[upkeep]\n|-damage|p2a: Suicune|280/298|[from] Sandstorm\n|-heal|p2a: Suicune|298/298|[from] item: Leftovers\n|-heal|p1a: Hippowdon|263/311|[from] item: Leftovers\n|upkeep\n|turn|5\n|\n|t:|1733906820\n|switch|p1a: Miraidon|Miraidon, L65|238/238\n|-fieldstart|move: Electric Terrain|[from] ability: Hadron Engine|[of] p1a: Miraidon\n|move|p2a: Suicune|Substitute|p2a: Suicune\n|-start|p2a: Suicune|Substitute\n|-damage|p2a: Suicune|224/298\n|\n|-weather|none\n|-heal|p2a: Suicune|242/298|[from] item: Leftovers\n|upkeep\n|turn|6\n|\n|t:|1733906825\n|move|p1a: Miraidon|Electro Drift|p2a: Suicune\n|-supereffective|p2a: Suicune\n|-end|p2a: Suicune|Substitute\n|move|p2a: Suicune|Ice Beam|p1a: Miraidon\n|-supereffective|p1a: Miraidon\n|-damage|p1a: Miraidon|122/238\n|\n|-heal|p2a: Suicune|260/298|[from] item: Leftovers\n|upkeep\n|turn|7\n|\n|t:|1733906830\n|switch|p2a: Vileplume|Vileplume, L85, M|266/266\n|move|p1a: Miraidon|Electro Drift|p2a: Vileplume\n|-resisted|p2a: Vileplume\n|-damage|p2a: Vileplume|155/266\n|\n|-heal|p2a: Vileplume|171/266|[from] item: Leftovers\n|upkeep\n|turn|8\n|\n|t:|1733906849\n|switch|p1a: Arcanine|Arcanine-Hisui, L80, F|283/283\n|move|p2a: Vileplume|Strength Sap|p1a: Arcanine\n|-unboost|p1a: Arcanine|atk|1\n|-heal|p2a: Vileplume|266/266\n|\n|upkeep\n|turn|9\n|\n|t:|1733906862\n|move|p1a: Arcanine|Head Smash|p2a: Vileplume\n|-damage|p2a: Vileplume|92/266\n|move|p2a: Vileplume|Strength Sap|p1a: Arcanine\n|-unboost|p1a: Arcanine|atk|1\n|-heal|p2a: Vileplume|245/266\n|\n|-heal|p2a: Vileplume|261/266|[from] item: Leftovers\n|-fieldend|move: Electric Terrain\n|upkeep\n|turn|10\n|\n|t:|1733906871\n|switch|p1a: Hoopa|Hoopa, L85|275/275\n|move|p2a: Vileplume|Giga Drain|p1a: Hoopa\n|-damage|p1a: Hoopa|203/275\n|-heal|p2a: Vileplume|266/266|[from] drain|[of] p1a: Hoopa\n|\n|upkeep\n|turn|11\n|\n|t:|1733906878\n|switch|p2a: Suicune|Suicune, L82|260/298\n|-ability|p2a: Suicune|Pressure\n|move|p1a: Hoopa|Nasty Plot|p1a: Hoopa\n|-boost|p1a: Hoopa|spa|2\n|\n|-heal|p2a: Suicune|278/298|[from] item: Leftovers\n|upkeep\n|turn|12\n|\n|t:|1733906891\n|move|p2a: Suicune|Scald|p1a: Hoopa\n|-crit|p1a: Hoopa\n|-damage|p1a: Hoopa|113/275\n|move|p1a: Hoopa|Shadow Ball|p2a: Suicune\n|-damage|p2a: Suicune|0 fnt\n|faint|p2a: Suicune\n|-damage|p1a: Hoopa|86/275|[from] item: Life Orb\n|\n|upkeep\n|\n|t:|1733906897\n|switch|p2a: Slither Wing|Slither Wing, L81|254/270\n|turn|13\n|\n|t:|1733906912\n|move|p2a: Slither Wing|U-turn|p1a: Hoopa\n|-damage|p1a: Hoopa|0 fnt\n|faint|p1a: Hoopa\n|\n|t:|1733906922\n|-end|p2a: Slither Wing|Protosynthesis|[silent]\n|switch|p2a: Bronzong|Bronzong, L88|261/261|[from] U-turn\n|\n|upkeep\n|\n|t:|1733906927\n|switch|p1a: Arcanine|Arcanine-Hisui, L80, F|283/283\n|turn|14\n|\n|t:|1733906941\n|-terastallize|p2a: Bronzong|Electric\n|move|p1a: Arcanine|Head Smash|p2a: Bronzong\n|-damage|p2a: Bronzong|75/261\n|move|p2a: Bronzong|Earthquake|p1a: Arcanine\n|-supereffective|p1a: Arcanine\n|-damage|p1a: Arcanine|0 fnt\n|faint|p1a: Arcanine\n|\n|-heal|p2a: Bronzong|91/261|[from] item: Leftovers\n|upkeep\n|\n|t:|1733906951\n|switch|p1a: Wo-Chien|Wo-Chien, L83|277/277 slp\n|-ability|p1a: Wo-Chien|Tablets of Ruin\n|turn|15\n|\n|t:|1733906956\n|switch|p2a: Slither Wing|Slither Wing, L81|254/270\n|-curestatus|p1a: Wo-Chien|slp|[msg]\n|move|p1a: Wo-Chien|Knock Off|p2a: Slither Wing\n|-resisted|p2a: Slither Wing\n|-damage|p2a: Slither Wing|205/270\n|-enditem|p2a: Slither Wing|Heavy-Duty Boots|[from] move: Knock Off|[of] p1a: Wo-Chien\n|\n|upkeep\n|turn|16\n|\n|t:|1733906972\n|switch|p1a: Hippowdon|Hippowdon, L82, M|263/311\n|-weather|Sandstorm|[from] ability: Sand Stream|[of] p1a: Hippowdon\n|move|p2a: Slither Wing|U-turn|p1a: Hippowdon\n|-damage|p1a: Hippowdon|196/311\n|\n|t:|1733906978\n|-end|p2a: Slither Wing|Protosynthesis|[silent]\n|switch|p2a: Vileplume|Vileplume, L85, M|266/266|[from] U-turn\n|\n|-weather|Sandstorm|[upkeep]\n|-damage|p2a: Vileplume|250/266|[from] Sandstorm\n|-heal|p2a: Vileplume|266/266|[from] item: Leftovers\n|-heal|p1a: Hippowdon|215/311|[from] item: Leftovers\n|upkeep\n|turn|17\n|\n|t:|1733906988\n|switch|p1a: Wo-Chien|Wo-Chien, L83|277/277\n|-ability|p1a: Wo-Chien|Tablets of Ruin\n|move|p2a: Vileplume|Sludge Bomb|p1a: Wo-Chien\n|-supereffective|p1a: Wo-Chien\n|-damage|p1a: Wo-Chien|119/277\n|\n|-weather|Sandstorm|[upkeep]\n|-damage|p1a: Wo-Chien|102/277|[from] Sandstorm\n|-damage|p2a: Vileplume|250/266|[from] Sandstorm\n|-heal|p1a: Wo-Chien|119/277|[from] item: Leftovers\n|-heal|p2a: Vileplume|266/266|[from] item: Leftovers\n|upkeep\n|turn|18\n|\n|t:|1733906996\n|switch|p2a: Slither Wing|Slither Wing, L81|205/270\n|move|p1a: Wo-Chien|Knock Off|p2a: Slither Wing\n|-resisted|p2a: Slither Wing\n|-damage|p2a: Slither Wing|172/270\n|\n|-weather|Sandstorm|[upkeep]\n|-damage|p2a: Slither Wing|156/270|[from] Sandstorm\n|-damage|p1a: Wo-Chien|102/277|[from] Sandstorm\n|-heal|p1a: Wo-Chien|119/277|[from] item: Leftovers\n|upkeep\n|turn|19\n|\n|t:|1733907003\n|switch|p1a: Hippowdon|Hippowdon, L82, M|215/311\n|move|p2a: Slither Wing|U-turn|p1a: Hippowdon\n|-damage|p1a: Hippowdon|146/311\n|\n|t:|1733907018\n|-end|p2a: Slither Wing|Protosynthesis|[silent]\n|switch|p2a: Vileplume|Vileplume, L85, M|266/266|[from] U-turn\n|\n|-weather|Sandstorm|[upkeep]\n|-damage|p2a: Vileplume|250/266|[from] Sandstorm\n|-heal|p2a: Vileplume|266/266|[from] item: Leftovers\n|-heal|p1a: Hippowdon|165/311|[from] item: Leftovers\n|upkeep\n|turn|20\n|\n|t:|1733907037\n|switch|p1a: Miraidon|Miraidon, L65|122/238\n|-fieldstart|move: Electric Terrain|[from] ability: Hadron Engine|[of] p1a: Miraidon\n|move|p2a: Vileplume|Giga Drain|p1a: Miraidon\n|-resisted|p1a: Miraidon\n|-damage|p1a: Miraidon|77/238\n|\n|-weather|none\n|upkeep\n|turn|21\n|\n|t:|1733907044\n|move|p1a: Miraidon|Overheat|p2a: Vileplume\n|-supereffective|p2a: Vileplume\n|-damage|p2a: Vileplume|0 fnt\n|-unboost|p1a: Miraidon|spa|2\n|faint|p2a: Vileplume\n|\n|upkeep\n|\n|t:|1733907050\n|switch|p2a: Reshiram|Reshiram, L76|277/277\n|-ability|p2a: Reshiram|Turboblaze\n|turn|22\n|\n|t:|1733907057\n|switch|p1a: Hippowdon|Hippowdon, L82, M|165/311\n|-weather|Sandstorm|[from] ability: Sand Stream|[of] p1a: Hippowdon\n|move|p2a: Reshiram|Dragon Dance|p2a: Reshiram\n|-boost|p2a: Reshiram|atk|1\n|-boost|p2a: Reshiram|spe|1\n|\n|-weather|Sandstorm|[upkeep]\n|-damage|p2a: Reshiram|260/277|[from] Sandstorm\n|-heal|p1a: Hippowdon|184/311|[from] item: Leftovers\n|upkeep\n|turn|23\n|\n|t:|1733907066\n|-terastallize|p1a: Hippowdon|Rock\n|move|p2a: Reshiram|Outrage|p1a: Hippowdon\n|-damage|p1a: Hippowdon|36/311\n|move|p1a: Hippowdon|Earthquake|p2a: Reshiram\n|-supereffective|p2a: Reshiram\n|-damage|p2a: Reshiram|38/277\n|\n|-weather|Sandstorm|[upkeep]\n|-damage|p2a: Reshiram|21/277|[from] Sandstorm\n|-heal|p1a: Hippowdon|55/311|[from] item: Leftovers\n|upkeep\n|turn|24\n|\n|t:|1733907073\n|switch|p1a: Jirachi|Jirachi, L80|291/291\n|move|p2a: Reshiram|Outrage|p1a: Jirachi|[from]lockedmove\n|-resisted|p1a: Jirachi\n|-damage|p1a: Jirachi|209/291\n|\n|-weather|Sandstorm|[upkeep]\n|-damage|p2a: Reshiram|4/277|[from] Sandstorm\n|-heal|p1a: Jirachi|227/291|[from] item: Leftovers\n|-fieldend|move: Electric Terrain\n|upkeep\n|turn|25\n|\n|t:|1733907076\n|move|p1a: Jirachi|Protect|p1a: Jirachi\n|-singleturn|p1a: Jirachi|Protect\n|move|p2a: Reshiram|Outrage|p1a: Jirachi|[from]lockedmove\n|-activate|p1a: Jirachi|move: Protect\n|-start|p2a: Reshiram|confusion|[fatigue]\n|\n|-weather|Sandstorm|[upkeep]\n|-damage|p2a: Reshiram|0 fnt|[from] Sandstorm\n|faint|p2a: Reshiram\n|-heal|p1a: Jirachi|245/291|[from] item: Leftovers\n|upkeep\n|\n|t:|1733907085\n|switch|p2a: Bronzong|Bronzong, L88, tera:Electric|91/261\n|turn|26\n|\n|t:|1733907097\n|switch|p1a: Hippowdon|Hippowdon, L82, M, tera:Rock|55/311\n|move|p2a: Bronzong|Earthquake|p1a: Hippowdon\n|-supereffective|p1a: Hippowdon\n|-damage|p1a: Hippowdon|0 fnt\n|faint|p1a: Hippowdon\n|\n|-weather|none\n|-heal|p2a: Bronzong|107/261|[from] item: Leftovers\n|upkeep\n|\n|t:|1733907100\n|switch|p1a: Wo-Chien|Wo-Chien, L83|119/277\n|-ability|p1a: Wo-Chien|Tablets of Ruin\n|turn|27\n|\n|t:|1733907107\n|switch|p2a: Slither Wing|Slither Wing, L81|156/270\n|move|p1a: Wo-Chien|Leech Seed|p2a: Slither Wing\n|-start|p2a: Slither Wing|move: Leech Seed\n|\n|-heal|p1a: Wo-Chien|136/277|[from] item: Leftovers\n|-damage|p2a: Slither Wing|123/270|[from] Leech Seed|[of] p1a: Wo-Chien\n|-heal|p1a: Wo-Chien|169/277|[silent]\n|upkeep\n|turn|28\n|\n|t:|1733907119\n|move|p1a: Wo-Chien|Protect|p1a: Wo-Chien\n|-singleturn|p1a: Wo-Chien|Protect\n|move|p2a: Slither Wing|U-turn|p1a: Wo-Chien\n|-activate|p1a: Wo-Chien|move: Protect\n|\n|-heal|p1a: Wo-Chien|186/277|[from] item: Leftovers\n|-damage|p2a: Slither Wing|90/270|[from] Leech Seed|[of] p1a: Wo-Chien\n|-heal|p1a: Wo-Chien|219/277|[silent]\n|upkeep\n|turn|29\n|\n|t:|1733907122\n|switch|p1a: Jirachi|Jirachi, L80|245/291\n|move|p2a: Slither Wing|Morning Sun|p2a: Slither Wing\n|-heal|p2a: Slither Wing|225/270\n|\n|-heal|p1a: Jirachi|263/291|[from] item: Leftovers\n|-damage|p2a: Slither Wing|192/270|[from] Leech Seed|[of] p1a: Jirachi\n|-heal|p1a: Jirachi|291/291|[silent]\n|upkeep\n|turn|30\n|\n|t:|1733907129\n|-end|p2a: Slither Wing|Protosynthesis|[silent]\n|switch|p2a: Bronzong|Bronzong, L88, tera:Electric|107/261\n|move|p1a: Jirachi|Body Slam|p2a: Bronzong\n|-damage|p2a: Bronzong|60/261\n|\n|-heal|p2a: Bronzong|76/261|[from] item: Leftovers\n|upkeep\n|turn|31\n|\n|t:|1733907134\n|switch|p1a: Wo-Chien|Wo-Chien, L83|219/277\n|-ability|p1a: Wo-Chien|Tablets of Ruin\n|move|p2a: Bronzong|Hypnosis|p1a: Wo-Chien\n|-status|p1a: Wo-Chien|slp|[from] move: Hypnosis\n|\n|-heal|p1a: Wo-Chien|236/277 slp|[from] item: Leftovers\n|-heal|p2a: Bronzong|92/261|[from] item: Leftovers\n|upkeep\n|turn|32\n|\n|t:|1733907141\n|switch|p2a: Slither Wing|Slither Wing, L81|192/270\n|cant|p1a: Wo-Chien|slp\n|\n|-heal|p1a: Wo-Chien|253/277 slp|[from] item: Leftovers\n|upkeep\n|turn|33\n|\n|t:|1733907144\n|switch|p1a: Jirachi|Jirachi, L80|291/291\n|move|p2a: Slither Wing|U-turn|p1a: Jirachi\n|-damage|p1a: Jirachi|200/291\n|\n|t:|1733907148\n|-end|p2a: Slither Wing|Protosynthesis|[silent]\n|switch|p2a: Arbok|Arbok, L87, F|246/246|[from] U-turn\n|-ability|p2a: Arbok|Intimidate|boost\n|-unboost|p1a: Jirachi|atk|1\n|\n|-heal|p1a: Jirachi|218/291|[from] item: Leftovers\n|upkeep\n|turn|34\n|\n|t:|1733907172\n|switch|p2a: Bronzong|Bronzong, L88, tera:Electric|92/261\n|move|p1a: Jirachi|Body Slam|p2a: Bronzong\n|-crit|p2a: Bronzong\n|-damage|p2a: Bronzong|21/261\n|\n|-heal|p1a: Jirachi|236/291|[from] item: Leftovers\n|-heal|p2a: Bronzong|37/261|[from] item: Leftovers\n|upkeep\n|turn|35\n|\n|t:|1733907191\n|switch|p2a: Arbok|Arbok, L87, F|246/246\n|-ability|p2a: Arbok|Intimidate|boost\n|-unboost|p1a: Jirachi|atk|1\n|move|p1a: Jirachi|Iron Head|p2a: Arbok\n|-damage|p2a: Arbok|197/246\n|\n|-heal|p1a: Jirachi|254/291|[from] item: Leftovers\n|upkeep\n|turn|36\n|\n|t:|1733907196\n|move|p1a: Jirachi|Body Slam|p2a: Arbok\n|-damage|p2a: Arbok|162/246\n|move|p2a: Arbok|Glare|p1a: Jirachi\n|-status|p1a: Jirachi|par\n|\n|-heal|p1a: Jirachi|272/291 par|[from] item: Leftovers\n|upkeep\n|turn|37\n|\n|t:|1733907206\n|switch|p2a: Slither Wing|Slither Wing, L81|192/270\n|cant|p1a: Jirachi|par\n|\n|-heal|p1a: Jirachi|290/291 par|[from] item: Leftovers\n|upkeep\n|turn|38\n|\n|t:|1733907214\n|move|p2a: Slither Wing|U-turn|p1a: Jirachi\n|-damage|p1a: Jirachi|203/291 par\n|\n|t:|1733907216\n|-end|p2a: Slither Wing|Protosynthesis|[silent]\n|switch|p2a: Bronzong|Bronzong, L88, tera:Electric|37/261|[from] U-turn\n|move|p1a: Jirachi|Body Slam|p2a: Bronzong\n|-damage|p2a: Bronzong|15/261\n|\n|-heal|p2a: Bronzong|31/261|[from] item: Leftovers\n|-heal|p1a: Jirachi|221/291 par|[from] item: Leftovers\n|upkeep\n|turn|39\n|\n|t:|1733907220\n|move|p2a: Bronzong|Earthquake|p1a: Jirachi\n|-supereffective|p1a: Jirachi\n|-damage|p1a: Jirachi|89/291 par\n|cant|p1a: Jirachi|par\n|\n|-heal|p2a: Bronzong|47/261|[from] item: Leftovers\n|-heal|p1a: Jirachi|107/291 par|[from] item: Leftovers\n|upkeep\n|turn|40\n|\n|t:|1733907223\n|switch|p1a: Wo-Chien|Wo-Chien, L83|253/277 slp\n|-ability|p1a: Wo-Chien|Tablets of Ruin\n|move|p2a: Bronzong|Earthquake|p1a: Wo-Chien\n|-resisted|p1a: Wo-Chien\n|-damage|p1a: Wo-Chien|229/277 slp\n|\n|-heal|p1a: Wo-Chien|246/277 slp|[from] item: Leftovers\n|-heal|p2a: Bronzong|63/261|[from] item: Leftovers\n|upkeep\n|turn|41\n|\n|t:|1733907230\n|switch|p2a: Slither Wing|Slither Wing, L81|192/270\n|cant|p1a: Wo-Chien|slp\n|\n|-heal|p1a: Wo-Chien|263/277 slp|[from] item: Leftovers\n|upkeep\n|turn|42\n|\n|t:|1733907234\n|switch|p1a: Jirachi|Jirachi, L80|107/291 par\n|move|p2a: Slither Wing|U-turn|p1a: Jirachi\n|-damage|p1a: Jirachi|14/291 par\n|\n|t:|1733907237\n|-end|p2a: Slither Wing|Protosynthesis|[silent]\n|switch|p2a: Bronzong|Bronzong, L88, tera:Electric|63/261|[from] U-turn\n|\n|-heal|p2a: Bronzong|79/261|[from] item: Leftovers\n|-heal|p1a: Jirachi|32/291 par|[from] item: Leftovers\n|upkeep\n|turn|43\n|\n|t:|1733907243\n|switch|p1a: Wo-Chien|Wo-Chien, L83|263/277 slp\n|-ability|p1a: Wo-Chien|Tablets of Ruin\n|move|p2a: Bronzong|Earthquake|p1a: Wo-Chien\n|-resisted|p1a: Wo-Chien\n|-damage|p1a: Wo-Chien|237/277 slp\n|\n|-heal|p1a: Wo-Chien|254/277 slp|[from] item: Leftovers\n|-heal|p2a: Bronzong|95/261|[from] item: Leftovers\n|upkeep\n|turn|44\n|\n|t:|1733907246\n|switch|p2a: Slither Wing|Slither Wing, L81|192/270\n|cant|p1a: Wo-Chien|slp\n|\n|-heal|p1a: Wo-Chien|271/277 slp|[from] item: Leftovers\n|upkeep\n|turn|45\n|\n|t:|1733907249\n|-curestatus|p1a: Wo-Chien|slp|[msg]\n|move|p1a: Wo-Chien|Protect|p1a: Wo-Chien\n|-singleturn|p1a: Wo-Chien|Protect\n|move|p2a: Slither Wing|U-turn|p1a: Wo-Chien\n|-activate|p1a: Wo-Chien|move: Protect\n|\n|-heal|p1a: Wo-Chien|277/277|[from] item: Leftovers\n|upkeep\n|turn|46\n|\n|t:|1733907252\n|switch|p1a: Jirachi|Jirachi, L80|32/291 par\n|move|p2a: Slither Wing|U-turn|p1a: Jirachi\n|-damage|p1a: Jirachi|0 fnt\n|faint|p1a: Jirachi\n|\n|t:|1733907255\n|-end|p2a: Slither Wing|Protosynthesis|[silent]\n|switch|p2a: Arbok|Arbok, L87, F|162/246|[from] U-turn\n|\n|upkeep\n|\n|t:|1733907269\n|switch|p1a: Miraidon|Miraidon, L65|77/238\n|-fieldstart|move: Electric Terrain|[from] ability: Hadron Engine|[of] p1a: Miraidon\n|turn|47\n|\n|t:|1733907272\n|move|p2a: Arbok|Sucker Punch|p1a: Miraidon\n|-damage|p1a: Miraidon|0 fnt\n|faint|p1a: Miraidon\n|-damage|p2a: Arbok|138/246|[from] item: Life Orb\n|\n|upkeep\n|\n|t:|1733907275\n|switch|p1a: Wo-Chien|Wo-Chien, L83|277/277\n|-ability|p1a: Wo-Chien|Tablets of Ruin\n|turn|48\n|\n|t:|1733907284\n|move|p2a: Arbok|Glare|p1a: Wo-Chien\n|-status|p1a: Wo-Chien|par\n|cant|p1a: Wo-Chien|par\n|\n|upkeep\n|turn|49\n|-message|xi the emperor forfeited.\n|\n|win|Sitan10\n|raw|xi the emperor's rating: 1984 &rarr; <strong>1965</strong><br />(-19 for losing)\n|raw|Sitan10's rating: 1994 &rarr; <strong>2013</strong><br />(+19 for winning)\n|l|\u203dxi the emperor\n|player|p1|\n", "inputlog": ">version bfd83cad13791eb5a5a409923076391caf6fb4d4\n>start {\"formatid\":\"gen9randombattle\",\"seed\":[2752,64443,65371,1655],\"rated\":\"Rated battle\"}\n>player p1 {\"name\":\"xi the emperor\",\"avatar\":\"170\",\"rating\":2002,\"seed\":[40999,27068,10227,1491]}\n>player p2 {\"name\":\"Sitan10\",\"avatar\":\"102\",\"rating\":1994,\"seed\":[13341,47380,4086,3766]}\n>p1 move curse\n>p2 switch 3\n>p1 switch 3\n>p2 move hypnosis\n>p1 move knockoff\n>p2 switch 6\n>p1 switch 3\n>p2 move uturn\n>p2 switch 5\n>p1 switch 6\n>p2 move substitute\n>p1 move electrodrift\n>p2 move icebeam\n>p1 move electrodrift\n>p2 switch 4\n>p1 switch 4\n>p2 move strengthsap\n>p1 move headsmash\n>p2 move strengthsap\n>p1 switch 2\n>p2 move gigadrain\n>p1 move nastyplot\n>p2 switch 4\n>p1 move shadowball\n>p2 move scald\n>p2 switch 5\n>p1 move psyshock\n>p2 move uturn\n>p2 switch 6\n>p1 switch 2\n>p1 move headsmash\n>p2 move earthquake terastallize\n>p1 switch 3\n>p1 move knockoff\n>p2 switch 6\n>p1 switch 6\n>p2 move uturn\n>p2 switch 4\n>p1 switch 6\n>p2 move sludgebomb\n>p1 move knockoff\n>p2 switch 4\n>p1 switch 6\n>p2 move uturn\n>p2 switch 4\n>p1 switch 4\n>p2 move gigadrain\n>p1 move overheat\n>p2 move strengthsap\n>p2 switch 3\n>p1 switch 4\n>p2 move dragondance\n>p1 move earthquake terastallize\n>p2 move outrage\n>p1 switch 5\n>p2 move outrage\n>p1 move protect\n>p2 move outrage\n>p2 switch 6\n>p1 switch 5\n>p2 move earthquake\n>p1 switch 6\n>p1 move leechseed\n>p2 switch 4\n>p1 move protect\n>p2 move uturn\n>p1 switch 5\n>p2 move morningsun\n>p1 move bodyslam\n>p2 switch 4\n>p1 switch 5\n>p2 move hypnosis\n>p1 move leechseed\n>p2 switch 4\n>p1 switch 5\n>p2 move uturn\n>p2 switch 2\n>p1 move bodyslam\n>p2 switch 4\n>p1 move ironhead\n>p2 switch 4\n>p1 move bodyslam\n>p2 move glare\n>p1 move bodyslam\n>p2 switch 2\n>p1 move bodyslam\n>p2 move uturn\n>p2 switch 4\n>p1 move wish\n>p2 move earthquake\n>p1 switch 5\n>p2 move earthquake\n>p1 move leechseed\n>p2 switch 4\n>p1 switch 5\n>p2 move uturn\n>p2 switch 4\n>p1 switch 5\n>p2 move earthquake\n>p1 move leechseed\n>p2 switch 4\n>p1 move protect\n>p2 move uturn\n>p1 switch 5\n>p2 move uturn\n>p2 switch 2\n>p1 switch 4\n>p1 move electrodrift\n>p2 move suckerpunch\n>p1 switch 5\n>p1 move leechseed\n>p2 move glare\n>forcelose p1", "uploadtime": 1733907308, "views": 1, "formatid": "gen9randombattle", "rating": 1965, "private": 0, "password": null}