{"id": "gen9randombattle-2186494357", "format": "[Gen 9] Random Battle", "players": ["alybrasil", "JayClaw"], "log": "|j|\u2606alybrasil\n|j|\u2606JayClaw\n|t:|1724458885\n|gametype|singles\n|player|p1|alybrasil|byron|2264\n|player|p2|JayClaw|red|2239\n|teamsize|p1|6\n|teamsize|p2|6\n|gen|9\n|tier|[Gen 9] Random Battle\n|rated|\n|rule|Species Clause: Limit one of each Pok\u00e9mon\n|rule|HP Percentage Mod: HP is shown in percentages\n|rule|Sleep Clause Mod: Limit one foe put to sleep\n|rule|Illusion Level Mod: Illusion disguises the Pok\u00e9mon's true level\n|\n|t:|1724458885\n|start\n|switch|p1a: Jolteon|Jolteon, L84, F|246/246\n|switch|p2a: Articuno|Articuno-Galar, L84|288/288\n|turn|1\n|inactive|Battle timer is ON: inactive players will automatically lose when time's up. (requested by alybrasil)\n|\n|t:|1724458907\n|switch|p2a: Ursaluna|Ursaluna, L79, F|335/335\n|move|p1a: Jolteon|Volt Switch|p2a: Ursaluna\n|-immune|p2a: Ursaluna\n|\n|-status|p2a: Ursaluna|brn|[from] item: Flame Orb\n|upkeep\n|turn|2\n|\n|t:|1724458921\n|switch|p1a: Ludicolo|Ludicolo, L90, F|290/290\n|move|p2a: Ursaluna|Headlong Rush|p1a: Ludicolo\n|-resisted|p1a: Ludicolo\n|-damage|p1a: Ludicolo|173/290\n|-unboost|p2a: Ursaluna|def|1\n|-unboost|p2a: Ursaluna|spd|1\n|\n|-damage|p2a: Ursaluna|315/335 brn|[from] brn\n|upkeep\n|turn|3\n|\n|t:|1724458940\n|switch|p2a: Articuno|Articuno-Galar, L84|288/288\n|move|p1a: Ludicolo|Ice Beam|p2a: Articuno\n|-supereffective|p2a: Articuno\n|-damage|p2a: Articuno|112/288\n|\n|upkeep\n|turn|4\n|\n|t:|1724458947\n|switch|p1a: Klefki|Klefki, L84, M|233/233\n|move|p2a: Articuno|Recover|p2a: Articuno\n|-heal|p2a: Articuno|256/288\n|\n|upkeep\n|turn|5\n|\n|t:|1724458954\n|switch|p2a: Ursaluna|Ursaluna, L79, F|315/335 brn\n|move|p1a: Klefki|Spikes|p2a: Ursaluna\n|-sidestart|p2: JayClaw|Spikes\n|\n|-damage|p2a: Ursaluna|295/335 brn|[from] brn\n|upkeep\n|turn|6\n|\n|t:|1724458962\n|move|p1a: Klefki|Spikes|p2a: Ursaluna\n|-sidestart|p2: JayClaw|Spikes\n|move|p2a: Ursaluna|Facade|p1a: Klefki\n|-resisted|p1a: Klefki\n|-damage|p1a: Klefki|112/233\n|\n|-heal|p1a: Klefki|126/233|[from] item: Leftovers\n|-damage|p2a: Ursaluna|275/335 brn|[from] brn\n|upkeep\n|turn|7\n|\n|t:|1724458968\n|switch|p1a: Ludicolo|Ludicolo, L90, F|173/290\n|move|p2a: Ursaluna|Facade|p1a: Ludicolo\n|-damage|p1a: Ludicolo|0 fnt\n|faint|p1a: Ludicolo\n|\n|-damage|p2a: Ursaluna|255/335 brn|[from] brn\n|upkeep\n|\n|t:|1724458982\n|switch|p1a: Typhlosion|Typhlosion, L84, F|267/267\n|turn|8\n|inactive|JayClaw has 120 seconds left.\n|\n|t:|1724459019\n|switch|p1a: Klefki|Klefki, L84, M|126/233\n|move|p2a: Ursaluna|Facade|p1a: Klefki\n|-resisted|p1a: Klefki\n|-damage|p1a: Klefki|0 fnt\n|faint|p1a: Klefki\n|\n|-damage|p2a: Ursaluna|235/335 brn|[from] brn\n|upkeep\n|\n|t:|1724459028\n|switch|p1a: Typhlosion|Typhlosion, L84, F|267/267\n|turn|9\n|\n|t:|1724459038\n|-terastallize|p1a: Typhlosion|Fire\n|move|p1a: Typhlosion|Eruption|p2a: Ursaluna\n|-damage|p2a: Ursaluna|0 fnt\n|faint|p2a: Ursaluna\n|\n|upkeep\n|\n|t:|1724459046\n|switch|p2a: Articuno|Articuno-Galar, L84|256/288\n|turn|10\n|\n|t:|1724459054\n|switch|p1a: Jolteon|Jolteon, L84, F|246/246\n|move|p2a: Articuno|Freezing Glare|p1a: Jolteon\n|-damage|p1a: Jolteon|144/246\n|\n|upkeep\n|turn|11\n|\n|t:|1724459062\n|switch|p2a: Crabominable|Crabominable, L90, F|321/321\n|-damage|p2a: Crabominable|268/321|[from] Spikes\n|move|p1a: Jolteon|Thunderbolt|p2a: Crabominable\n|-damage|p2a: Crabominable|144/321\n|\n|upkeep\n|turn|12\n|\n|t:|1724459073\n|switch|p1a: Mudsdale|Mudsdale, L84, F|305/305\n|move|p2a: Crabominable|Drain Punch|p1a: Mudsdale\n|-damage|p1a: Mudsdale|187/305\n|-heal|p2a: Crabominable|203/321|[from] drain|[of] p1a: Mudsdale\n|-ability|p1a: Mudsdale|Stamina|boost\n|-boost|p1a: Mudsdale|def|1\n|\n|-heal|p1a: Mudsdale|206/305|[from] item: Leftovers\n|upkeep\n|turn|13\n|\n|t:|1724459079\n|move|p2a: Crabominable|Ice Hammer|p1a: Mudsdale\n|-supereffective|p1a: Mudsdale\n|-damage|p1a: Mudsdale|0 fnt\n|-unboost|p2a: Crabominable|spe|1\n|faint|p1a: Mudsdale\n|\n|upkeep\n|\n|t:|1724459084\n|switch|p1a: Typhlosion|Typhlosion, L84, F, tera:Fire|267/267\n|turn|14\n|\n|t:|1724459092\n|move|p1a: Typhlosion|Eruption|p2a: Crabominable\n|-supereffective|p2a: Crabominable\n|-damage|p2a: Crabominable|0 fnt\n|faint|p2a: Crabominable\n|\n|upkeep\n|\n|t:|1724459097\n|switch|p2a: Articuno|Articuno-Galar, L84|256/288\n|turn|15\n|\n|t:|1724459101\n|switch|p1a: Jolteon|Jolteon, L84, F|144/246\n|move|p2a: Articuno|Freezing Glare|p1a: Jolteon\n|-damage|p1a: Jolteon|36/246\n|\n|upkeep\n|turn|16\n|\n|t:|1724459108\n|switch|p2a: Hitmonchan|Hitmonchan, L87, M|229/229\n|-damage|p2a: Hitmonchan|191/229|[from] Spikes\n|move|p1a: Jolteon|Thunderbolt|p2a: Hitmonchan\n|-damage|p2a: Hitmonchan|67/229\n|\n|upkeep\n|turn|17\n|\n|t:|1724459124\n|switch|p1a: Typhlosion|Typhlosion, L84, F, tera:Fire|267/267\n|move|p2a: Hitmonchan|Ice Punch|p1a: Typhlosion\n|-resisted|p1a: Typhlosion\n|-damage|p1a: Typhlosion|214/267\n|-damage|p2a: Hitmonchan|45/229|[from] item: Life Orb\n|\n|upkeep\n|turn|18\n|\n|t:|1724459133\n|move|p1a: Typhlosion|Fire Blast|p2a: Hitmonchan\n|-damage|p2a: Hitmonchan|0 fnt\n|faint|p2a: Hitmonchan\n|\n|upkeep\n|\n|t:|1724459136\n|switch|p2a: Articuno|Articuno-Galar, L84|256/288\n|turn|19\n|\n|t:|1724459146\n|move|p1a: Typhlosion|Fire Blast|p2a: Articuno\n|-damage|p2a: Articuno|92/288\n|move|p2a: Articuno|Calm Mind|p2a: Articuno\n|-boost|p2a: Articuno|spa|1\n|-boost|p2a: Articuno|spd|1\n|\n|upkeep\n|turn|20\n|\n|t:|1724459154\n|move|p1a: Typhlosion|Fire Blast|p2a: Articuno|[miss]\n|-miss|p1a: Typhlosion|p2a: Articuno\n|move|p2a: Articuno|Recover|p2a: Articuno\n|-heal|p2a: Articuno|236/288\n|\n|upkeep\n|turn|21\n|\n|t:|1724459160\n|switch|p1a: Glastrier|Glastrier, L86|312/312\n|move|p2a: Articuno|Calm Mind|p2a: Articuno\n|-boost|p2a: Articuno|spa|1\n|-boost|p2a: Articuno|spd|1\n|\n|upkeep\n|turn|22\n|j| FloSoup\n|\n|t:|1724459169\n|switch|p2a: Avalugg|Avalugg, L88, F|310/310\n|move|p1a: Glastrier|Close Combat|p2a: Avalugg\n|-supereffective|p2a: Avalugg\n|-damage|p2a: Avalugg|182/310\n|-unboost|p1a: Glastrier|def|1\n|-unboost|p1a: Glastrier|spd|1\n|\n|upkeep\n|turn|23\n|\n|t:|1724459185\n|move|p1a: Glastrier|Swords Dance|p1a: Glastrier\n|-boost|p1a: Glastrier|atk|2\n|move|p2a: Avalugg|Rapid Spin|p1a: Glastrier\n|-damage|p1a: Glastrier|265/312\n|-boost|p2a: Avalugg|spe|1\n|-sideend|p2: JayClaw|Spikes|[from] move: Rapid Spin|[of] p2a: Avalugg\n|\n|upkeep\n|turn|24\n|\n|t:|1724459194\n|move|p2a: Avalugg|Recover|p2a: Avalugg\n|-heal|p2a: Avalugg|310/310\n|move|p1a: Glastrier|Close Combat|p2a: Avalugg\n|-supereffective|p2a: Avalugg\n|-damage|p2a: Avalugg|50/310\n|-unboost|p1a: Glastrier|def|1\n|-unboost|p1a: Glastrier|spd|1\n|\n|upkeep\n|turn|25\n|\n|t:|1724459204\n|move|p2a: Avalugg|Body Press|p1a: Glastrier\n|-supereffective|p1a: Glastrier\n|-damage|p1a: Glastrier|0 fnt\n|faint|p1a: Glastrier\n|\n|upkeep\n|\n|t:|1724459209\n|switch|p1a: Jolteon|Jolteon, L84, F|36/246\n|turn|26\n|\n|t:|1724459214\n|move|p1a: Jolteon|Thunderbolt|p2a: Avalugg\n|-damage|p2a: Avalugg|0 fnt\n|faint|p2a: Avalugg\n|\n|upkeep\n|\n|t:|1724459220\n|switch|p2a: Polteageist|Polteageist, L79|224/224\n|turn|27\n|\n|t:|1724459224\n|move|p1a: Jolteon|Thunderbolt|p2a: Polteageist\n|-damage|p2a: Polteageist|79/224\n|move|p2a: Polteageist|Shell Smash|p2a: Polteageist\n|-unboost|p2a: Polteageist|def|1\n|-unboost|p2a: Polteageist|spd|1\n|-boost|p2a: Polteageist|atk|2\n|-boost|p2a: Polteageist|spa|2\n|-boost|p2a: Polteageist|spe|2\n|-enditem|p2a: Polteageist|White Herb\n|-clearnegativeboost|p2a: Polteageist|[silent]\n|\n|upkeep\n|turn|28\n|\n|t:|1724459231\n|move|p2a: Polteageist|Shadow Ball|p1a: Jolteon\n|-damage|p1a: Jolteon|0 fnt\n|faint|p1a: Jolteon\n|\n|upkeep\n|\n|t:|1724459234\n|switch|p1a: Typhlosion|Typhlosion, L84, F, tera:Fire|214/267\n|turn|29\n|\n|t:|1724459241\n|move|p1a: Typhlosion|Fire Blast|p2a: Polteageist\n|-crit|p2a: Polteageist\n|-damage|p2a: Polteageist|0 fnt\n|faint|p2a: Polteageist\n|\n|upkeep\n|\n|t:|1724459246\n|switch|p2a: Articuno|Articuno-Galar, L84|236/288\n|turn|30\n|\n|t:|1724459256\n|move|p1a: Typhlosion|Fire Blast|p2a: Articuno|[miss]\n|-miss|p1a: Typhlosion|p2a: Articuno\n|move|p2a: Articuno|Recover|p2a: Articuno\n|-heal|p2a: Articuno|288/288\n|\n|upkeep\n|turn|31\n|\n|t:|1724459263\n|move|p1a: Typhlosion|Fire Blast|p2a: Articuno\n|-damage|p2a: Articuno|136/288\n|move|p2a: Articuno|Recover|p2a: Articuno\n|-heal|p2a: Articuno|280/288\n|\n|upkeep\n|turn|32\n|\n|t:|1724459270\n|move|p1a: Typhlosion|Fire Blast|p2a: Articuno\n|-damage|p2a: Articuno|120/288\n|move|p2a: Articuno|Recover|p2a: Articuno\n|-heal|p2a: Articuno|264/288\n|\n|upkeep\n|turn|33\n|\n|t:|1724459276\n|move|p1a: Typhlosion|Fire Blast|p2a: Articuno\n|-damage|p2a: Articuno|96/288\n|move|p2a: Articuno|Recover|p2a: Articuno\n|-heal|p2a: Articuno|240/288\n|\n|upkeep\n|turn|34\n|c|\u2606alybrasil|100% skill\n|\n|t:|1724459289\n|-activate|p1a: Typhlosion|move: Struggle\n|move|p1a: Typhlosion|Struggle|p2a: Articuno\n|-damage|p2a: Articuno|214/288\n|-damage|p1a: Typhlosion|147/267|[from] recoil\n|move|p2a: Articuno|Calm Mind|p2a: Articuno\n|-boost|p2a: Articuno|spa|1\n|-boost|p2a: Articuno|spd|1\n|\n|upkeep\n|turn|35\n|\n|t:|1724459298\n|-activate|p1a: Typhlosion|move: Struggle\n|move|p1a: Typhlosion|Struggle|p2a: Articuno\n|-damage|p2a: Articuno|189/288\n|-damage|p1a: Typhlosion|80/267|[from] recoil\n|move|p2a: Articuno|Freezing Glare|p1a: Typhlosion\n|-damage|p1a: Typhlosion|0 fnt\n|faint|p1a: Typhlosion\n|\n|win|JayClaw\n|raw|alybrasil's rating: 2264 &rarr; <strong>2243</strong><br />(-21 for losing)\n|raw|JayClaw's rating: 2239 &rarr; <strong>2260</strong><br />(+21 for winning)\n", "inputlog": ">version a6a2f2a487895f29234d9cd1d12543c6ed6a5e66\n>start {\"formatid\":\"gen9randombattle\",\"seed\":[42527,61321,4166,35012],\"rated\":\"Rated battle\"}\n>player p1 {\"name\":\"alybrasil\",\"avatar\":\"byron\",\"rating\":2264,\"seed\":[17800,31798,55925,58803]}\n>player p2 {\"name\":\"JayClaw\",\"avatar\":\"red\",\"rating\":2239,\"seed\":[35285,46066,62603,58815]}\n>p1 move voltswitch\n>p2 switch 6\n>p1 switch 4\n>p2 move headlongrush\n>p1 move icebeam\n>p2 switch 6\n>p1 switch 3\n>p2 move recover\n>p1 move spikes\n>p2 switch 6\n>p1 move spikes\n>p2 move facade\n>p1 switch 3\n>p2 move facade\n>p1 switch 2\n>p1 switch 3\n>p2 move facade\n>p1 switch 3\n>p1 move eruption terastallize\n>p2 move facade\n>p2 switch 6\n>p1 switch 4\n>p2 move freezingglare\n>p1 move thunderbolt\n>p2 switch 4\n>p1 switch 6\n>p2 move drainpunch\n>p1 move stealthrock\n>p2 move icehammer\n>p1 switch 4\n>p1 move eruption\n>p2 move drainpunch\n>p2 switch 4\n>p1 switch 6\n>p2 move freezingglare\n>p1 move thunderbolt\n>p2 switch 3\n>p1 switch 6\n>p2 move icepunch\n>p1 move fireblast\n>p2 move closecombat\n>p2 switch 3\n>p1 move fireblast\n>p2 move calmmind\n>p1 move fireblast\n>p2 move recover\n>p1 switch 5\n>p2 move calmmind\n>p1 move closecombat\n>p2 switch 2\n>p1 move swordsdance\n>p2 move rapidspin\n>p1 move closecombat\n>p2 move recover\n>p1 move closecombat\n>p2 move bodypress\n>p1 switch 6\n>p1 move thunderbolt\n>p2 move rapidspin\n>p2 switch 5\n>p1 move thunderbolt\n>p2 move shellsmash\n>p1 move thunderbolt\n>p2 move shadowball\n>p1 switch 5\n>p1 move fireblast\n>p2 move shadowball\n>p2 switch 2\n>p1 move fireblast\n>p2 move recover\n>p1 move fireblast\n>p2 move recover\n>p1 move fireblast\n>p2 move recover\n>p1 move fireblast\n>p2 move recover\n>chat \u2606alybrasil|100% skill\n>p1 move struggle\n>p2 move calmmind\n>p1 move struggle\n>p2 move freezingglare", "uploadtime": 1724459311, "views": 115, "formatid": "gen9randombattle", "rating": 2243, "private": 0, "password": null}