{"id": "gen9randombattle-2259915231", "format": "[Gen 9] Random Battle", "players": ["teosaucedo", "Andras14"], "log": "|j|\u2606teosaucedo\n|j|\u2606Andras14\n|t:|1733779526\n|gametype|singles\n|player|p1|teosaucedo|170|1309\n|player|p2|Andras14|harlequin|1317\n|teamsize|p1|6\n|teamsize|p2|6\n|gen|9\n|tier|[Gen 9] Random Battle\n|rated|\n|rule|Species Clause: Limit one of each Pok\u00e9mon\n|rule|HP Percentage Mod: HP is shown in percentages\n|rule|Sleep Clause Mod: Limit one foe put to sleep\n|rule|Illusion Level Mod: Illusion disguises the Pok\u00e9mon's true level\n|\n|t:|1733779526\n|start\n|switch|p1a: Minun|Minun, L95, F|268/268\n|switch|p2a: Maushold|Maushold, L76|238/238\n|turn|1\n|inactive|Battle timer is ON: inactive players will automatically lose when time's up. (requested by Andras14)\n|\n|t:|1733779545\n|switch|p1a: Torkoal|Torkoal, L88, F|266/266\n|-weather|SunnyDay|[from] ability: Drought|[of] p1a: Torkoal\n|move|p2a: Maushold|Tidy Up|p2a: Maushold\n|-boost|p2a: Maushold|atk|1\n|-boost|p2a: Maushold|spe|1\n|\n|-weather|SunnyDay|[upkeep]\n|upkeep\n|turn|2\n|\n|t:|1733779563\n|-terastallize|p2a: Maushold|Normal\n|move|p2a: Maushold|Population Bomb|p1a: Torkoal\n|-damage|p1a: Torkoal|234/266\n|-damage|p1a: Torkoal|204/266\n|-damage|p1a: Torkoal|174/266\n|-damage|p1a: Torkoal|142/266\n|-damage|p1a: Torkoal|108/266\n|-damage|p1a: Torkoal|76/266\n|-damage|p1a: Torkoal|48/266\n|-damage|p1a: Torkoal|18/266\n|-damage|p1a: Torkoal|0 fnt\n|faint|p1a: Torkoal\n|-hitcount|p1: Torkoal|9\n|\n|-weather|SunnyDay|[upkeep]\n|upkeep\n|\n|t:|1733779578\n|switch|p1a: Minun|Minun, L95, F|268/268\n|turn|3\n|\n|t:|1733779582\n|move|p2a: Maushold|Population Bomb|p1a: Minun\n|-damage|p1a: Minun|214/268\n|-damage|p1a: Minun|156/268\n|-damage|p1a: Minun|100/268\n|-damage|p1a: Minun|46/268\n|-damage|p1a: Minun|0 fnt\n|faint|p1a: Minun\n|-hitcount|p1: Minun|5\n|\n|-weather|SunnyDay|[upkeep]\n|upkeep\n|\n|t:|1733779589\n|switch|p1a: Regice|Regice, L88|284/284\n|turn|4\n|\n|t:|1733779596\n|move|p2a: Maushold|Population Bomb|p1a: Regice\n|-damage|p1a: Regice|242/284\n|-damage|p1a: Regice|202/284\n|-damage|p1a: Regice|160/284\n|-damage|p1a: Regice|118/284\n|-damage|p1a: Regice|78/284\n|-damage|p1a: Regice|36/284\n|-damage|p1a: Regice|0 fnt\n|faint|p1a: Regice\n|-hitcount|p1: Regice|7\n|\n|-weather|SunnyDay|[upkeep]\n|upkeep\n|\n|t:|1733779599\n|switch|p1a: Whiscash|Whiscash, L88, F|337/337\n|turn|5\n|\n|t:|1733779611\n|-terastallize|p1a: Whiscash|Steel\n|move|p2a: Maushold|Population Bomb|p1a: Whiscash\n|-resisted|p1a: Whiscash\n|-crit|p1a: Whiscash\n|-damage|p1a: Whiscash|301/337\n|-resisted|p1a: Whiscash\n|-damage|p1a: Whiscash|275/337\n|-resisted|p1a: Whiscash\n|-damage|p1a: Whiscash|248/337\n|-resisted|p1a: Whiscash\n|-damage|p1a: Whiscash|225/337\n|-resisted|p1a: Whiscash\n|-damage|p1a: Whiscash|200/337\n|-resisted|p1a: Whiscash\n|-damage|p1a: Whiscash|175/337\n|-resisted|p1a: Whiscash\n|-crit|p1a: Whiscash\n|-damage|p1a: Whiscash|139/337\n|-resisted|p1a: Whiscash\n|-damage|p1a: Whiscash|115/337\n|-resisted|p1a: Whiscash\n|-damage|p1a: Whiscash|90/337\n|-resisted|p1a: Whiscash\n|-damage|p1a: Whiscash|66/337\n|-hitcount|p1a: Whiscash|10\n|move|p1a: Whiscash|Dragon Dance|p1a: Whiscash\n|-boost|p1a: Whiscash|atk|1\n|-boost|p1a: Whiscash|spe|1\n|\n|-weather|none\n|upkeep\n|turn|6\n|\n|t:|1733779635\n|move|p2a: Maushold|Population Bomb|p1a: Whiscash\n|-resisted|p1a: Whiscash\n|-damage|p1a: Whiscash|44/337\n|-resisted|p1a: Whiscash\n|-damage|p1a: Whiscash|21/337\n|-resisted|p1a: Whiscash\n|-damage|p1a: Whiscash|0 fnt\n|faint|p1a: Whiscash\n|-hitcount|p1: Whiscash|3\n|\n|upkeep\n|\n|t:|1733779641\n|switch|p1a: Ogerpon|Ogerpon-Wellspring, L76, F|247/247\n|turn|7\n|\n|t:|1733779646\n|move|p2a: Maushold|Population Bomb|p1a: Ogerpon\n|-damage|p1a: Ogerpon|197/247\n|-damage|p1a: Ogerpon|143/247\n|-damage|p1a: Ogerpon|91/247\n|-damage|p1a: Ogerpon|43/247\n|-damage|p1a: Ogerpon|0 fnt\n|faint|p1a: Ogerpon\n|-hitcount|p1: Ogerpon|5\n|\n|upkeep\n|\n|t:|1733779648\n|switch|p1a: Hydreigon|Hydreigon, L79, M|275/275\n|turn|8\n|\n|t:|1733779658\n|move|p2a: Maushold|Population Bomb|p1a: Hydreigon\n|-damage|p1a: Hydreigon|231/275\n|-damage|p1a: Hydreigon|183/275\n|-damage|p1a: Hydreigon|133/275\n|-damage|p1a: Hydreigon|89/275\n|-damage|p1a: Hydreigon|45/275\n|-damage|p1a: Hydreigon|0 fnt\n|faint|p1a: Hydreigon\n|-hitcount|p1: Hydreigon|6\n|\n|win|Andras14\n|raw|teosaucedo's rating: 1309 &rarr; <strong>1289</strong><br />(-20 for losing)\n|raw|Andras14's rating: 1317 &rarr; <strong>1337</strong><br />(+20 for winning)\n|l|\u2606teosaucedo\n|player|p1|\n", "inputlog": ">version bfd83cad13791eb5a5a409923076391caf6fb4d4\n>start {\"formatid\":\"gen9randombattle\",\"seed\":[14209,23709,64392,50687],\"rated\":\"Rated battle\"}\n>player p1 {\"name\":\"teosaucedo\",\"avatar\":\"170\",\"rating\":1309,\"seed\":[47168,38923,51096,53370]}\n>player p2 {\"name\":\"Andras14\",\"avatar\":\"harlequin\",\"rating\":1317,\"seed\":[7073,26299,26982,63532]}\n>p1 switch 4\n>p2 move tidyup\n>p1 move lavaplume\n>p2 move populationbomb terastallize\n>p1 switch 4\n>p1 move thunderbolt\n>p2 move populationbomb\n>p1 switch 2\n>p1 move thunderbolt\n>p2 move populationbomb\n>p1 switch 3\n>p1 move dragondance terastallize\n>p2 move populationbomb\n>p1 move liquidation\n>p2 move populationbomb\n>p1 switch 5\n>p1 move ivycudgel\n>p2 move populationbomb\n>p1 switch 6\n>p1 move dracometeor\n>p2 move populationbomb", "uploadtime": 1733779669, "views": 1, "formatid": "gen9randombattle", "rating": 1289, "private": 0, "password": null}