{"id": "gen9randombattle-2259933165", "format": "[Gen 9] Random Battle", "players": ["Fkdi3goo6", "Joselunga"], "log": "|j|\u2606Fkdi3goo6\n|j|\u2606Joselunga\n|t:|1733781469\n|gametype|singles\n|player|p1|Fkdi3goo6|1|\n|player|p2|Joselunga|falkner|\n|teamsize|p1|6\n|teamsize|p2|6\n|gen|9\n|tier|[Gen 9] Random Battle\n|rule|Species Clause: Limit one of each Pok\u00e9mon\n|rule|HP Percentage Mod: HP is shown in percentages\n|rule|Sleep Clause Mod: Limit one foe put to sleep\n|rule|Illusion Level Mod: Illusion disguises the Pok\u00e9mon's true level\n|\n|t:|1733781469\n|start\n|switch|p1a: Hawlucha|Hawlucha, L80, M|256/256\n|switch|p2a: Ariados|Ariados, L95, M|287/287\n|turn|1\n|\n|t:|1733781496\n|move|p1a: Hawlucha|Swords Dance|p1a: Hawlucha\n|-boost|p1a: Hawlucha|atk|2\n|move|p2a: Ariados|Toxic Spikes|p1a: Hawlucha\n|-sidestart|p1: Fkdi3goo6|move: Toxic Spikes\n|\n|upkeep\n|turn|2\n|\n|t:|1733781506\n|move|p1a: Hawlucha|Swords Dance|p1a: Hawlucha\n|-boost|p1a: Hawlucha|atk|2\n|move|p2a: Ariados|Sticky Web|p1a: Hawlucha\n|-sidestart|p1: Fkdi3goo6|move: Sticky Web\n|\n|upkeep\n|turn|3\n|\n|t:|1733781510\n|move|p1a: Hawlucha|Brave Bird|p2a: Ariados\n|-supereffective|p2a: Ariados\n|-enditem|p2a: Ariados|Focus Sash\n|-damage|p2a: Ariados|1/287\n|-damage|p1a: Hawlucha|162/256|[from] Recoil\n|move|p2a: Ariados|Poison Jab|p1a: Hawlucha\n|-damage|p1a: Hawlucha|41/256\n|-status|p1a: Hawlucha|psn\n|\n|-damage|p1a: Hawlucha|9/256 psn|[from] psn\n|upkeep\n|turn|4\n|\n|t:|1733781529\n|move|p1a: Hawlucha|Brave Bird|p2a: Ariados\n|-supereffective|p2a: Ariados\n|-damage|p2a: Ariados|0 fnt\n|faint|p2a: Ariados\n|-damage|p1a: Hawlucha|8/256 psn|[from] Recoil\n|\n|-damage|p1a: Hawlucha|0 fnt|[from] psn\n|faint|p1a: Hawlucha\n|upkeep\n|\n|t:|1733781550\n|switch|p1a: Honchkrow|Honchkrow, L86, F|312/312\n|switch|p2a: Ambipom|Ambipom, L84, M|263/263\n|turn|5\n|\n|t:|1733781565\n|move|p2a: Ambipom|Fake Out|p1a: Honchkrow\n|-damage|p1a: Honchkrow|197/312\n|cant|p1a: Honchkrow|flinch\n|\n|upkeep\n|turn|6\n|\n|t:|1733781572\n|move|p2a: Ambipom|U-turn|p1a: Honchkrow\n|-damage|p1a: Honchkrow|125/312\n|\n|t:|1733781585\n|switch|p2a: Ludicolo|Ludicolo, L90, M|290/290|[from] U-turn\n|move|p1a: Honchkrow|Thunder Wave|p2a: Ludicolo\n|-status|p2a: Ludicolo|par\n|\n|upkeep\n|turn|7\n|\n|t:|1733781596\n|move|p1a: Honchkrow|Lash Out|p2a: Ludicolo\n|-damage|p2a: Ludicolo|184/290 par\n|move|p2a: Ludicolo|Ice Beam|p1a: Honchkrow\n|-supereffective|p1a: Honchkrow\n|-damage|p1a: Honchkrow|0 fnt\n|faint|p1a: Honchkrow\n|-damage|p2a: Ludicolo|155/290 par|[from] item: Life Orb\n|\n|upkeep\n|\n|t:|1733781612\n|switch|p1a: Chesnaught|Chesnaught, L84, F|285/285\n|-status|p1a: Chesnaught|psn\n|-activate|p1a: Chesnaught|move: Sticky Web\n|-unboost|p1a: Chesnaught|spe|1\n|turn|8\n|\n|t:|1733781633\n|move|p1a: Chesnaught|Wood Hammer|p2a: Ludicolo\n|-damage|p2a: Ludicolo|0 fnt\n|faint|p2a: Ludicolo\n|-damage|p1a: Chesnaught|234/285 psn|[from] Recoil\n|\n|-heal|p1a: Chesnaught|251/285 psn|[from] item: Leftovers\n|-damage|p1a: Chesnaught|216/285 psn|[from] psn\n|upkeep\n|\n|t:|1733781637\n|switch|p2a: Mesprit|Mesprit, L85|275/275\n|turn|9\n|\n|t:|1733781655\n|switch|p1a: Pachirisu|Pachirisu, L96, M|271/271\n|move|p2a: Mesprit|Psychic Noise|p1a: Pachirisu\n|-damage|p1a: Pachirisu|196/271\n|-start|p1a: Pachirisu|move: Heal Block\n|\n|upkeep\n|turn|10\n|\n|t:|1733781667\n|move|p1a: Pachirisu|Super Fang|p2a: Mesprit\n|-damage|p2a: Mesprit|138/275\n|move|p2a: Mesprit|Psychic Noise|p1a: Pachirisu\n|-damage|p1a: Pachirisu|121/271\n|\n|-end|p1a: Pachirisu|move: Heal Block\n|upkeep\n|turn|11\n|\n|t:|1733781686\n|move|p1a: Pachirisu|U-turn|p2a: Mesprit\n|-supereffective|p2a: Mesprit\n|-damage|p2a: Mesprit|68/275\n|\n|t:|1733781710\n|switch|p1a: Whiscash|Whiscash, L88, M|337/337|[from] U-turn\n|-status|p1a: Whiscash|psn\n|-activate|p1a: Whiscash|move: Sticky Web\n|-unboost|p1a: Whiscash|spe|1\n|move|p2a: Mesprit|Ice Beam|p1a: Whiscash\n|-damage|p1a: Whiscash|261/337 psn\n|\n|-heal|p1a: Whiscash|282/337 psn|[from] item: Leftovers\n|-damage|p1a: Whiscash|240/337 psn|[from] psn\n|upkeep\n|turn|12\n|\n|t:|1733781717\n|move|p2a: Mesprit|U-turn|p1a: Whiscash\n|-damage|p1a: Whiscash|178/337 psn\n|\n|t:|1733781725\n|switch|p2a: Ambipom|Ambipom, L84, M|263/263|[from] U-turn\n|move|p1a: Whiscash|Ice Beam|p2a: Ambipom\n|-damage|p2a: Ambipom|193/263\n|\n|-heal|p1a: Whiscash|199/337 psn|[from] item: Leftovers\n|-damage|p1a: Whiscash|157/337 psn|[from] psn\n|upkeep\n|turn|13\n|\n|t:|1733781738\n|move|p2a: Ambipom|Fake Out|p1a: Whiscash\n|-damage|p1a: Whiscash|72/337 psn\n|cant|p1a: Whiscash|flinch\n|\n|-heal|p1a: Whiscash|93/337 psn|[from] item: Leftovers\n|-damage|p1a: Whiscash|51/337 psn|[from] psn\n|upkeep\n|turn|14\n|\n|t:|1733781745\n|move|p2a: Ambipom|Knock Off|p1a: Whiscash\n|-damage|p1a: Whiscash|0 fnt\n|-enditem|p1a: Whiscash|Leftovers|[from] move: Knock Off|[of] p2a: Ambipom\n|faint|p1a: Whiscash\n|\n|upkeep\n|\n|t:|1733781754\n|switch|p1a: Rampardos|Rampardos, L90, F|321/321\n|-status|p1a: Rampardos|psn\n|-activate|p1a: Rampardos|move: Sticky Web\n|-unboost|p1a: Rampardos|spe|1\n|turn|15\n|inactive|Battle timer is ON: inactive players will automatically lose when time's up. (requested by Fkdi3goo6)\n|\n|t:|1733781782\n|switch|p2a: Mesprit|Mesprit, L85|68/275\n|move|p1a: Rampardos|Head Smash|p2a: Mesprit\n|-damage|p2a: Mesprit|0 fnt\n|faint|p2a: Mesprit\n|-damage|p1a: Rampardos|287/321 psn|[from] Recoil\n|\n|-damage|p1a: Rampardos|247/321 psn|[from] psn\n|upkeep\n|\n|t:|1733781784\n|switch|p2a: Iron Treads|Iron Treads, L77|265/265\n|turn|16\n|\n|t:|1733781796\n|move|p2a: Iron Treads|Earthquake|p1a: Rampardos\n|-supereffective|p1a: Rampardos\n|-damage|p1a: Rampardos|19/321 psn\n|move|p1a: Rampardos|Head Smash|p2a: Iron Treads\n|-resisted|p2a: Iron Treads\n|-damage|p2a: Iron Treads|200/265\n|-damage|p1a: Rampardos|0 fnt|[from] Recoil\n|faint|p1a: Rampardos\n|\n|upkeep\n|\n|t:|1733781809\n|switch|p1a: Chesnaught|Chesnaught, L84, F|216/285 psn\n|-activate|p1a: Chesnaught|move: Sticky Web\n|-unboost|p1a: Chesnaught|spe|1\n|turn|17\n|\n|t:|1733781820\n|move|p2a: Iron Treads|Volt Switch|p1a: Chesnaught\n|-resisted|p1a: Chesnaught\n|-damage|p1a: Chesnaught|198/285 psn\n|\n|t:|1733781824\n|-end|p2a: Iron Treads|Quark Drive|[silent]\n|switch|p2a: Ambipom|Ambipom, L84, M|193/263|[from] Volt Switch\n|move|p1a: Chesnaught|Body Press|p2a: Ambipom\n|-supereffective|p2a: Ambipom\n|-damage|p2a: Ambipom|0 fnt\n|faint|p2a: Ambipom\n|\n|-heal|p1a: Chesnaught|215/285 psn|[from] item: Leftovers\n|-damage|p1a: Chesnaught|180/285 psn|[from] psn\n|upkeep\n|\n|t:|1733781826\n|switch|p2a: Cloyster|Cloyster, L80, F|211/211\n|turn|18\n|c|\u2606Fkdi3goo6|Aun se leer cambios\n|c|\u2606Fkdi3goo6|Lokete\n|inactive|Fkdi3goo6 has 270 seconds left.\n|\n|t:|1733781857\n|move|p2a: Cloyster|Icicle Spear|p1a: Chesnaught\n|-supereffective|p1a: Chesnaught\n|-damage|p1a: Chesnaught|142/285 psn\n|-supereffective|p1a: Chesnaught\n|-damage|p1a: Chesnaught|104/285 psn\n|-supereffective|p1a: Chesnaught\n|-damage|p1a: Chesnaught|62/285 psn\n|-supereffective|p1a: Chesnaught\n|-damage|p1a: Chesnaught|24/285 psn\n|-supereffective|p1a: Chesnaught\n|-damage|p1a: Chesnaught|0 fnt\n|faint|p1a: Chesnaught\n|-hitcount|p1: Chesnaught|5\n|\n|upkeep\n|inactive|Fkdi3goo6 has 270 seconds left.\n|c|\u2606Joselunga|Tranqui loquete\n|\n|t:|1733781869\n|switch|p1a: Pachirisu|Pachirisu, L96, M|121/271\n|turn|19\n|\n|t:|1733781878\n|-terastallize|p2a: Cloyster|Ice\n|move|p1a: Pachirisu|Discharge|p2a: Cloyster\n|-damage|p2a: Cloyster|106/211\n|-status|p2a: Cloyster|par\n|move|p2a: Cloyster|Rock Blast|p1a: Pachirisu\n|-damage|p1a: Pachirisu|105/271\n|-damage|p1a: Pachirisu|87/271\n|-damage|p1a: Pachirisu|71/271\n|-damage|p1a: Pachirisu|54/271\n|-damage|p1a: Pachirisu|37/271\n|-hitcount|p1a: Pachirisu|5\n|\n|upkeep\n|turn|20\n|\n|t:|1733781892\n|move|p1a: Pachirisu|Discharge|p2a: Cloyster\n|-damage|p2a: Cloyster|0 fnt\n|faint|p2a: Cloyster\n|\n|upkeep\n|\n|t:|1733781896\n|switch|p2a: Iron Treads|Iron Treads, L77|200/265\n|turn|21\n|\n|t:|1733781901\n|-terastallize|p1a: Pachirisu|Flying\n|move|p1a: Pachirisu|Super Fang|p2a: Iron Treads\n|-damage|p2a: Iron Treads|100/265\n|move|p2a: Iron Treads|Iron Head|p1a: Pachirisu\n|-damage|p1a: Pachirisu|0 fnt\n|faint|p1a: Pachirisu\n|\n|win|Joselunga\n|l|\u2606Fkdi3goo6\n|player|p1|\n|c|\u2606Joselunga|Casi jefe\n", "inputlog": ">version bfd83cad13791eb5a5a409923076391caf6fb4d4\n>start {\"formatid\":\"gen9randombattle\",\"seed\":[44137,57149,35124,11996]}\n>player p1 {\"name\":\"Fkdi3goo6\",\"avatar\":\"1\",\"rating\":0,\"seed\":[7238,1132,45172,54136]}\n>player p2 {\"name\":\"Joselunga\",\"avatar\":\"falkner\",\"rating\":0,\"seed\":[33202,1863,1819,26743]}\n>p1 move swordsdance\n>p2 move toxicspikes\n>p1 move swordsdance\n>p2 move stickyweb\n>p1 move bravebird\n>p2 move poisonjab\n>p1 move bravebird\n>p2 move poisonjab\n>p1 switch 5\n>p2 switch 5\n>p1 move thunderwave\n>p2 move fakeout\n>p1 move thunderwave\n>p2 move uturn\n>p2 switch 3\n>p1 move lashout\n>p2 move icebeam\n>p1 switch 4\n>p1 move woodhammer\n>p2 move icebeam\n>p2 switch 2\n>p1 switch 2\n>p2 move psychicnoise\n>p1 move superfang\n>p2 move psychicnoise\n>p1 move uturn\n>p2 move icebeam\n>p1 switch 6\n>p1 move icebeam\n>p2 move uturn\n>p2 switch 3\n>p1 move stealthrock\n>p2 move fakeout\n>p1 move stealthrock\n>p2 move knockoff\n>p1 switch 3\n>p1 move headsmash\n>p2 switch 3\n>p2 switch 4\n>p1 move headsmash\n>p2 move earthquake\n>p1 switch 2\n>p1 move bodypress\n>p2 move voltswitch\n>p2 switch 3\n>p2 switch 6\n>chat \u2606Fkdi3goo6|Aun se leer cambios\n>chat \u2606Fkdi3goo6|Lokete\n>p1 move synthesis\n>p2 move iciclespear\n>chat \u2606Joselunga|Tranqui loquete\n>p1 switch 6\n>p1 move discharge\n>p2 move rockblast terastallize\n>p1 move discharge\n>p2 move rockblast\n>p2 switch 3\n>p1 move superfang terastallize\n>p2 move ironhead", "uploadtime": 1733782415, "views": 1, "formatid": "gen9randombattle", "rating": null, "private": 0, "password": null}