{"id": "gen9randombattle-2260642279", "format": "[Gen 9] Random Battle", "players": ["tiolocodj", "rougeless"], "log": "|j|\u2606tiolocodj\n|j|\u2606rougeless\n|t:|1733872817\n|gametype|singles\n|player|p1|tiolocodj|courtney|1340\n|player|p2|rougeless|gladion|1299\n|teamsize|p1|6\n|teamsize|p2|6\n|gen|9\n|tier|[Gen 9] Random Battle\n|rated|\n|rule|Species Clause: Limit one of each Pok\u00e9mon\n|rule|HP Percentage Mod: HP is shown in percentages\n|rule|Sleep Clause Mod: Limit one foe put to sleep\n|rule|Illusion Level Mod: Illusion disguises the Pok\u00e9mon's true level\n|\n|t:|1733872817\n|start\n|switch|p1a: Illumise|Illumise, L91, F|266/266\n|switch|p2a: Vespiquen|Vespiquen, L98, F|296/296\n|-ability|p2a: Vespiquen|Pressure\n|turn|1\n|inactive|Battle timer is ON: inactive players will automatically lose when time's up. (requested by tiolocodj)\n|\n|t:|1733872834\n|move|p1a: Illumise|Thunder Wave|p2a: Vespiquen\n|-status|p2a: Vespiquen|par\n|move|p2a: Vespiquen|Hurricane|p1a: Illumise\n|-supereffective|p1a: Illumise\n|-damage|p1a: Illumise|0 fnt\n|faint|p1a: Illumise\n|\n|upkeep\n|\n|t:|1733872851\n|switch|p1a: Mamoswine|Mamoswine, L81, F|311/311\n|turn|2\n|\n|t:|1733872868\n|move|p1a: Mamoswine|Stealth Rock|p2a: Vespiquen\n|-sidestart|p2: rougeless|move: Stealth Rock\n|move|p2a: Vespiquen|Toxic Spikes|p1a: Mamoswine\n|-sidestart|p1: tiolocodj|move: Toxic Spikes\n|\n|upkeep\n|turn|3\n|\n|t:|1733872876\n|switch|p2a: Orthworm|Orthworm, L88, F|266/266\n|-damage|p2a: Orthworm|250/266|[from] Stealth Rock\n|move|p1a: Mamoswine|Icicle Crash|p2a: Orthworm\n|-resisted|p2a: Orthworm\n|-damage|p2a: Orthworm|208/266\n|-damage|p1a: Mamoswine|280/311|[from] item: Life Orb\n|\n|upkeep\n|turn|4\n|\n|t:|1733872893\n|switch|p1a: Grafaiai|Grafaiai, L86, M|249/249\n|-sideend|p1: tiolocodj|move: Toxic Spikes|[of] p1a: Grafaiai\n|move|p2a: Orthworm|Coil|p2a: Orthworm\n|-boost|p2a: Orthworm|atk|1\n|-boost|p2a: Orthworm|def|1\n|-boost|p2a: Orthworm|accuracy|1\n|\n|upkeep\n|turn|5\n|\n|t:|1733872900\n|move|p1a: Grafaiai|Knock Off|p2a: Orthworm\n|-damage|p2a: Orthworm|169/266\n|-enditem|p2a: Orthworm|Chesto Berry|[from] move: Knock Off|[of] p1a: Grafaiai\n|-damage|p1a: Grafaiai|225/249|[from] item: Life Orb\n|move|p2a: Orthworm|Body Press|p1a: Grafaiai\n|-damage|p1a: Grafaiai|72/249\n|\n|upkeep\n|turn|6\n|\n|t:|1733872919\n|move|p1a: Grafaiai|Low Kick|p2a: Orthworm\n|-supereffective|p2a: Orthworm\n|-damage|p2a: Orthworm|73/266\n|-damage|p1a: Grafaiai|48/249|[from] item: Life Orb\n|move|p2a: Orthworm|Body Press|p1a: Grafaiai\n|-damage|p1a: Grafaiai|0 fnt\n|faint|p1a: Grafaiai\n|\n|upkeep\n|\n|t:|1733872933\n|switch|p1a: Rampardos|Rampardos, L90, F, shiny|321/321\n|turn|7\n|c|\u2606tiolocodj|YOOOOOOO\n|\n|t:|1733872950\n|move|p1a: Rampardos|Fire Punch|p2a: Orthworm\n|-supereffective|p2a: Orthworm\n|-damage|p2a: Orthworm|0 fnt\n|faint|p2a: Orthworm\n|\n|upkeep\n|\n|t:|1733872961\n|switch|p2a: Heracross|Heracross, L80, M|259/259\n|-damage|p2a: Heracross|227/259|[from] Stealth Rock\n|turn|8\n|\n|t:|1733872968\n|move|p1a: Rampardos|Fire Punch|p2a: Heracross\n|-supereffective|p2a: Heracross\n|-damage|p2a: Heracross|0 fnt\n|faint|p2a: Heracross\n|\n|upkeep\n|\n|t:|1733872977\n|switch|p2a: Typhlosion|Typhlosion-Hisui, L83, F|257/257\n|-damage|p2a: Typhlosion|193/257|[from] Stealth Rock\n|turn|9\n|\n|t:|1733872988\n|switch|p1a: Donphan|Donphan, L84, M|288/288\n|move|p2a: Typhlosion|Eruption|p1a: Donphan\n|-damage|p1a: Donphan|164/288\n|\n|upkeep\n|turn|10\n|\n|t:|1733872997\n|switch|p2a: Vespiquen|Vespiquen, L98, F|296/296 par\n|-ability|p2a: Vespiquen|Pressure\n|move|p1a: Donphan|Knock Off|p2a: Vespiquen\n|-damage|p2a: Vespiquen|232/296 par\n|-enditem|p2a: Vespiquen|Heavy-Duty Boots|[from] move: Knock Off|[of] p1a: Donphan\n|\n|upkeep\n|turn|11\n|\n|t:|1733873013\n|move|p1a: Donphan|Ice Shard|p2a: Vespiquen\n|-supereffective|p2a: Vespiquen\n|-damage|p2a: Vespiquen|180/296 par\n|move|p2a: Vespiquen|Hurricane|p1a: Donphan|[miss]\n|-miss|p2a: Vespiquen|p1a: Donphan\n|\n|upkeep\n|turn|12\n|\n|t:|1733873019\n|move|p1a: Donphan|Ice Shard|p2a: Vespiquen\n|-supereffective|p2a: Vespiquen\n|-damage|p2a: Vespiquen|124/296 par\n|cant|p2a: Vespiquen|par\n|\n|upkeep\n|turn|13\n|\n|t:|1733873030\n|move|p1a: Donphan|Rapid Spin|p2a: Vespiquen\n|-damage|p2a: Vespiquen|91/296 par\n|-boost|p1a: Donphan|spe|1\n|cant|p2a: Vespiquen|par\n|\n|upkeep\n|turn|14\n|\n|t:|1733873037\n|move|p1a: Donphan|Ice Shard|p2a: Vespiquen\n|-supereffective|p2a: Vespiquen\n|-damage|p2a: Vespiquen|35/296 par\n|move|p2a: Vespiquen|Roost|p2a: Vespiquen\n|-heal|p2a: Vespiquen|183/296 par\n|-singleturn|p2a: Vespiquen|move: Roost\n|\n|upkeep\n|turn|15\n|\n|t:|1733873045\n|move|p1a: Donphan|Ice Shard|p2a: Vespiquen\n|-supereffective|p2a: Vespiquen\n|-damage|p2a: Vespiquen|135/296 par\n|cant|p2a: Vespiquen|par\n|\n|upkeep\n|turn|16\n|-message|rougeless forfeited.\n|\n|win|tiolocodj\n|raw|tiolocodj's rating: 1340 &rarr; <strong>1358</strong><br />(+18 for winning)\n|raw|rougeless's rating: 1299 &rarr; <strong>1277</strong><br />(-22 for losing)\n|l|\u2606rougeless\n|player|p2|\n", "inputlog": ">version bfd83cad13791eb5a5a409923076391caf6fb4d4\n>start {\"formatid\":\"gen9randombattle\",\"seed\":[56011,19000,51904,20365],\"rated\":\"Rated battle\"}\n>player p1 {\"name\":\"tiolocodj\",\"avatar\":\"courtney\",\"rating\":1340,\"seed\":[20775,6801,62798,21815]}\n>player p2 {\"name\":\"rougeless\",\"avatar\":\"gladion\",\"rating\":1299,\"seed\":[7297,5295,59599,5347]}\n>p1 move thunderwave\n>p2 move hurricane\n>p1 switch 6\n>p1 move stealthrock\n>p2 move toxicspikes\n>p1 move iciclecrash\n>p2 switch 3\n>p1 switch 2\n>p2 move coil\n>p1 move knockoff\n>p2 move bodypress\n>p1 move lowkick\n>p2 move bodypress\n>p1 switch 3\n>chat \u2606tiolocodj|YOOOOOOO\n>p1 move firepunch\n>p2 move rest\n>p2 switch 2\n>p1 move firepunch\n>p2 move trailblaze\n>p2 switch 5\n>p1 switch 4\n>p2 move eruption\n>p1 move knockoff\n>p2 switch 3\n>p1 move iceshard\n>p2 move hurricane\n>p1 move iceshard\n>p2 move roost\n>p1 move rapidspin\n>p2 move roost\n>p1 move iceshard\n>p2 move roost\n>p1 move iceshard\n>p2 move hurricane\n>forcelose p2", "uploadtime": 1733873054, "views": 1, "formatid": "gen9randombattle", "rating": 1277, "private": 0, "password": null}