{"id": "gen9randombattle-2006902023", "format": "[Gen 9] Random Battle", "players": ["Wakandius_PMSD", "pokeblade\u2606101"], "log": "|j|\u2606Wakandius_PMSD\n|j|\u2606pokeblade\u2606101\n|t:|1701977946\n|gametype|singles\n|player|p1|Wakandius_PMSD|101|2189\n|player|p2|pokeblade\u2606101|#helpstaffxmas|2364\n|teamsize|p1|6\n|teamsize|p2|6\n|gen|9\n|tier|[Gen 9] Random Battle\n|rated|\n|rule|Species Clause: Limit one of each Pok\u00e9mon\n|rule|HP Percentage Mod: HP is shown in percentages\n|rule|Sleep Clause Mod: Limit one foe put to sleep\n|rule|Illusion Level Mod: Illusion disguises the Pok\u00e9mon's true level\n|\n|t:|1701977946\n|start\n|switch|p1a: Giratina|Giratina-Origin, L72|335/335\n|switch|p2a: Magnezone|Magnezone, L85|258/258\n|turn|1\n|inactive|Battle timer is ON: inactive players will automatically lose when time's up. (requested by Wakandius_PMSD)\n|c|\u2606Wakandius_PMSD|dang n1 my man gl\n|\n|t:|1701977970\n|move|p2a: Magnezone|Volt Switch|p1a: Giratina\n|-resisted|p1a: Giratina\n|-damage|p1a: Giratina|281/335\n|\n|t:|1701977974\n|switch|p2a: Persian|Persian-Alola, L86, F|252/252|[from] Volt Switch\n|move|p1a: Giratina|Poltergeist|p2a: Persian\n|-activate|p2a: Persian|move: Poltergeist|Leftovers\n|-resisted|p2a: Persian\n|-damage|p2a: Persian|213/252\n|\n|-heal|p2a: Persian|228/252|[from] item: Leftovers\n|upkeep\n|turn|2\n|\n|t:|1701977989\n|switch|p1a: Tyranitar|Tyranitar, L79, F|288/288\n|-weather|Sandstorm|[from] ability: Sand Stream|[of] p1a: Tyranitar\n|move|p2a: Persian|Dark Pulse|p1a: Tyranitar\n|-resisted|p1a: Tyranitar\n|-damage|p1a: Tyranitar|263/288\n|\n|-weather|Sandstorm|[upkeep]\n|-damage|p2a: Persian|213/252|[from] Sandstorm\n|-heal|p2a: Persian|228/252|[from] item: Leftovers\n|-heal|p1a: Tyranitar|281/288|[from] item: Leftovers\n|upkeep\n|turn|3\n|\n|t:|1701978012\n|move|p2a: Persian|Hypnosis|p1a: Tyranitar\n|-status|p1a: Tyranitar|slp|[from] move: Hypnosis\n|cant|p1a: Tyranitar|slp\n|\n|-weather|Sandstorm|[upkeep]\n|-damage|p2a: Persian|213/252|[from] Sandstorm\n|-heal|p2a: Persian|228/252|[from] item: Leftovers\n|-heal|p1a: Tyranitar|288/288 slp|[from] item: Leftovers\n|upkeep\n|turn|4\n|\n|t:|1701978021\n|switch|p2a: Koraidon|Koraidon, L64|235/235\n|-weather|SunnyDay|[from] ability: Orichalcum Pulse|[of] p2a: Koraidon\n|-activate|p2a: Koraidon|Orichalcum Pulse|[source]\n|cant|p1a: Tyranitar|slp\n|\n|-weather|SunnyDay|[upkeep]\n|upkeep\n|turn|5\n|\n|t:|1701978039\n|switch|p1a: Amoonguss|Amoonguss, L82, F|321/321\n|move|p2a: Koraidon|Swords Dance|p2a: Koraidon\n|-boost|p2a: Koraidon|atk|2\n|\n|-weather|SunnyDay|[upkeep]\n|upkeep\n|turn|6\n|\n|t:|1701978053\n|switch|p1a: Tyranitar|Tyranitar, L79, F|288/288 slp\n|-weather|Sandstorm|[from] ability: Sand Stream|[of] p1a: Tyranitar\n|move|p2a: Koraidon|Scale Shot|p1a: Tyranitar\n|-damage|p1a: Tyranitar|249/288 slp\n|-damage|p1a: Tyranitar|213/288 slp\n|-damage|p1a: Tyranitar|174/288 slp\n|-damage|p1a: Tyranitar|137/288 slp\n|-damage|p1a: Tyranitar|101/288 slp\n|-hitcount|p1a: Tyranitar|5\n|-unboost|p2a: Koraidon|def|1\n|-boost|p2a: Koraidon|spe|1\n|\n|-weather|Sandstorm|[upkeep]\n|-damage|p2a: Koraidon|221/235|[from] Sandstorm\n|-heal|p1a: Tyranitar|119/288 slp|[from] item: Leftovers\n|upkeep\n|turn|7\n|inactive|Wakandius_PMSD has 120 seconds left.\n|\n|t:|1701978087\n|move|p2a: Koraidon|Collision Course|p1a: Tyranitar\n|-supereffective|p1a: Tyranitar\n|-damage|p1a: Tyranitar|0 fnt\n|faint|p1a: Tyranitar\n|\n|-weather|Sandstorm|[upkeep]\n|-damage|p2a: Koraidon|207/235|[from] Sandstorm\n|upkeep\n|\n|t:|1701978104\n|switch|p1a: Amoonguss|Amoonguss, L82, F|321/321\n|turn|8\n|\n|t:|1701978119\n|-terastallize|p1a: Amoonguss|Water\n|move|p2a: Koraidon|Flare Blitz|p1a: Amoonguss\n|-resisted|p1a: Amoonguss\n|-damage|p1a: Amoonguss|239/321\n|-damage|p2a: Koraidon|168/235|[from] item: Rocky Helmet|[of] p1a: Amoonguss\n|-damage|p2a: Koraidon|141/235|[from] Recoil\n|move|p1a: Amoonguss|Spore|p2a: Koraidon\n|-status|p2a: Koraidon|slp|[from] move: Spore\n|\n|-weather|Sandstorm|[upkeep]\n|-damage|p2a: Koraidon|127/235 slp|[from] Sandstorm\n|-damage|p1a: Amoonguss|219/321|[from] Sandstorm\n|upkeep\n|turn|9\n|\n|t:|1701978136\n|switch|p2a: Glimmora|Glimmora, L76, M|251/251\n|move|p1a: Amoonguss|Sludge Bomb|p2a: Glimmora\n|-resisted|p2a: Glimmora\n|-damage|p2a: Glimmora|240/251\n|\n|-weather|Sandstorm|[upkeep]\n|-damage|p1a: Amoonguss|199/321|[from] Sandstorm\n|upkeep\n|turn|10\n|\n|t:|1701978157\n|switch|p1a: Giratina|Giratina-Origin, L72|281/335\n|move|p2a: Glimmora|Mortal Spin|p1a: Giratina\n|-resisted|p1a: Giratina\n|-damage|p1a: Giratina|272/335\n|-status|p1a: Giratina|psn\n|\n|-weather|none\n|-damage|p1a: Giratina|231/335 psn|[from] psn\n|upkeep\n|turn|11\n|\n|t:|1701978175\n|switch|p2a: Persian|Persian-Alola, L86, F|228/252\n|move|p1a: Giratina|Earthquake|p2a: Persian\n|-damage|p2a: Persian|185/252\n|\n|-heal|p2a: Persian|200/252|[from] item: Leftovers\n|-damage|p1a: Giratina|190/335 psn|[from] psn\n|upkeep\n|turn|12\n|\n|t:|1701978186\n|switch|p1a: Mabosstiff|Mabosstiff, L85, F|275/275\n|move|p2a: Persian|Dark Pulse|p1a: Mabosstiff\n|-resisted|p1a: Mabosstiff\n|-damage|p1a: Mabosstiff|228/275\n|\n|-heal|p2a: Persian|215/252|[from] item: Leftovers\n|upkeep\n|turn|13\n|inactive|Wakandius_PMSD has 90 seconds left.\n|\n|t:|1701978213\n|move|p2a: Persian|Hypnosis|p1a: Mabosstiff\n|-status|p1a: Mabosstiff|slp|[from] move: Hypnosis\n|cant|p1a: Mabosstiff|slp\n|\n|-heal|p2a: Persian|230/252|[from] item: Leftovers\n|upkeep\n|turn|14\n|\n|t:|1701978225\n|switch|p1a: Amoonguss|Amoonguss, L82, F, tera:Water|306/321\n|move|p2a: Persian|Nasty Plot|p2a: Persian\n|-boost|p2a: Persian|spa|2\n|\n|-heal|p2a: Persian|245/252|[from] item: Leftovers\n|upkeep\n|turn|15\n|\n|t:|1701978232\n|switch|p2a: Glimmora|Glimmora, L76, M|240/251\n|move|p1a: Amoonguss|Toxic|p2a: Glimmora\n|-immune|p2a: Glimmora\n|\n|upkeep\n|turn|16\n|inactive|Wakandius_PMSD has 90 seconds left.\n|\n|t:|1701978240\n|move|p2a: Glimmora|Sludge Wave|p1a: Amoonguss\n|-damage|p1a: Amoonguss|194/321\n|move|p1a: Amoonguss|Giga Drain|p2a: Glimmora\n|-crit|p2a: Glimmora\n|-damage|p2a: Glimmora|158/251\n|-heal|p1a: Amoonguss|235/321|[from] drain|[of] p2a: Glimmora\n|\n|upkeep\n|turn|17\n|\n|t:|1701978247\n|switch|p1a: Giratina|Giratina-Origin, L72|190/335 psn\n|move|p2a: Glimmora|Sludge Wave|p1a: Giratina\n|-resisted|p1a: Giratina\n|-damage|p1a: Giratina|133/335 psn\n|\n|-damage|p1a: Giratina|92/335 psn|[from] psn\n|upkeep\n|turn|18\n|\n|t:|1701978254\n|switch|p2a: Magnezone|Magnezone, L85|258/258\n|move|p1a: Giratina|Draco Meteor|p2a: Magnezone\n|-resisted|p2a: Magnezone\n|-damage|p2a: Magnezone|186/258\n|-unboost|p1a: Giratina|spa|2\n|\n|-damage|p1a: Giratina|51/335 psn|[from] psn\n|upkeep\n|turn|19\n|\n|t:|1701978264\n|move|p2a: Magnezone|Volt Switch|p1a: Giratina\n|-resisted|p1a: Giratina\n|-damage|p1a: Giratina|0 fnt\n|faint|p1a: Giratina\n|\n|t:|1701978279\n|switch|p2a: Persian|Persian-Alola, L86, F|245/252|[from] Volt Switch\n|\n|-heal|p2a: Persian|252/252|[from] item: Leftovers\n|upkeep\n|\n|t:|1701978288\n|switch|p1a: Amoonguss|Amoonguss, L82, F, tera:Water|321/321\n|turn|20\n|\n|t:|1701978293\n|switch|p2a: Magnezone|Magnezone, L85|186/258\n|move|p1a: Amoonguss|Toxic|p2a: Magnezone\n|-immune|p2a: Magnezone\n|\n|upkeep\n|turn|21\n|inactive|Wakandius_PMSD has 120 seconds left.\n|\n|t:|1701978309\n|switch|p1a: Mabosstiff|Mabosstiff, L85, F|228/275 slp\n|move|p2a: Magnezone|Thunderbolt|p1a: Mabosstiff\n|-damage|p1a: Mabosstiff|92/275 slp\n|\n|upkeep\n|turn|22\n|inactive|Wakandius_PMSD has 120 seconds left.\n|\n|t:|1701978320\n|move|p2a: Magnezone|Thunderbolt|p1a: Mabosstiff\n|-damage|p1a: Mabosstiff|0 fnt\n|faint|p1a: Mabosstiff\n|\n|upkeep\n|\n|t:|1701978324\n|switch|p1a: Ogerpon|Ogerpon-Hearthflame, L75, F|243/243\n|-ability|p1a: Ogerpon|Mold Breaker\n|turn|23\n|\n|t:|1701978339\n|move|p2a: Magnezone|Thunderbolt|p1a: Ogerpon\n|-resisted|p1a: Ogerpon\n|-damage|p1a: Ogerpon|177/243\n|move|p1a: Ogerpon|Swords Dance|p1a: Ogerpon\n|-boost|p1a: Ogerpon|atk|2\n|\n|upkeep\n|turn|24\n|\n|t:|1701978352\n|move|p2a: Magnezone|Thunderbolt|p1a: Ogerpon\n|-resisted|p1a: Ogerpon\n|-damage|p1a: Ogerpon|115/243\n|move|p1a: Ogerpon|Ivy Cudgel|p2a: Magnezone|[anim] Ivy Cudgel Fire\n|-supereffective|p2a: Magnezone\n|-damage|p2a: Magnezone|0 fnt\n|faint|p2a: Magnezone\n|\n|upkeep\n|\n|t:|1701978360\n|switch|p2a: Persian|Persian-Alola, L86, F|252/252\n|turn|25\n|\n|t:|1701978369\n|move|p2a: Persian|Power Gem|p1a: Ogerpon\n|-supereffective|p1a: Ogerpon\n|-damage|p1a: Ogerpon|3/243\n|move|p1a: Ogerpon|Ivy Cudgel|p2a: Persian|[anim] Ivy Cudgel Fire\n|-damage|p2a: Persian|0 fnt\n|faint|p2a: Persian\n|\n|upkeep\n|\n|t:|1701978380\n|switch|p2a: Giratina|Giratina, L74|344/344\n|-ability|p2a: Giratina|Pressure\n|turn|26\n|\n|t:|1701978403\n|move|p1a: Ogerpon|Knock Off|p2a: Giratina\n|-supereffective|p2a: Giratina\n|-damage|p2a: Giratina|60/344\n|-enditem|p2a: Giratina|Leftovers|[from] move: Knock Off|[of] p1a: Ogerpon\n|move|p2a: Giratina|Dragon Pulse|p1a: Ogerpon\n|-damage|p1a: Ogerpon|0 fnt\n|faint|p1a: Ogerpon\n|\n|upkeep\n|\n|t:|1701978416\n|switch|p1a: Polteageist|Polteageist, L79|224/224\n|turn|27\n|inactive|pokeblade\u2606101 has 120 seconds left.\n|\n|t:|1701978448\n|move|p2a: Giratina|Dragon Pulse|p1a: Polteageist\n|-damage|p1a: Polteageist|166/224\n|move|p1a: Polteageist|Shell Smash|p1a: Polteageist\n|-unboost|p1a: Polteageist|def|1\n|-unboost|p1a: Polteageist|spd|1\n|-boost|p1a: Polteageist|atk|2\n|-boost|p1a: Polteageist|spa|2\n|-boost|p1a: Polteageist|spe|2\n|-enditem|p1a: Polteageist|White Herb\n|-clearnegativeboost|p1a: Polteageist|[silent]\n|\n|upkeep\n|turn|28\n|inactive|pokeblade\u2606101 has 120 seconds left.\n|inactive|Wakandius_PMSD has 120 seconds left.\n|\n|t:|1701978493\n|move|p1a: Polteageist|Shell Smash|p1a: Polteageist\n|-unboost|p1a: Polteageist|def|1\n|-unboost|p1a: Polteageist|spd|1\n|-boost|p1a: Polteageist|atk|2\n|-boost|p1a: Polteageist|spa|2\n|-boost|p1a: Polteageist|spe|2\n|move|p2a: Giratina|Dragon Pulse|p1a: Polteageist\n|-damage|p1a: Polteageist|79/224\n|\n|upkeep\n|turn|29\n|\n|t:|1701978501\n|switch|p2a: Koraidon|Koraidon, L64|127/235 slp\n|-weather|SunnyDay|[from] ability: Orichalcum Pulse|[of] p2a: Koraidon\n|-activate|p2a: Koraidon|Orichalcum Pulse|[source]\n|move|p1a: Polteageist|Giga Drain|p2a: Koraidon\n|-resisted|p2a: Koraidon\n|-damage|p2a: Koraidon|24/235 slp\n|-heal|p1a: Polteageist|131/224|[from] drain|[of] p2a: Koraidon\n|\n|-weather|SunnyDay|[upkeep]\n|upkeep\n|turn|30\n|\n|t:|1701978510\n|move|p1a: Polteageist|Giga Drain|p2a: Koraidon\n|-resisted|p2a: Koraidon\n|-damage|p2a: Koraidon|0 fnt\n|-heal|p1a: Polteageist|143/224|[from] drain|[of] p2a: Koraidon\n|faint|p2a: Koraidon\n|\n|-weather|SunnyDay|[upkeep]\n|upkeep\n|\n|t:|1701978512\n|switch|p2a: Seviper|Seviper, L93, M|287/287\n|turn|31\n|inactive|Wakandius_PMSD has 120 seconds left.\n|\n|t:|1701978532\n|move|p1a: Polteageist|Shadow Ball|p2a: Seviper\n|-damage|p2a: Seviper|0 fnt\n|faint|p2a: Seviper\n|\n|-weather|SunnyDay|[upkeep]\n|upkeep\n|c|\u2606pokeblade\u2606101|gg btw\n|c|\u2606Wakandius_PMSD|gg\n|-message|pokeblade\u2606101 forfeited.\n|\n|win|Wakandius_PMSD\n|raw|Wakandius_PMSD's rating: 2189 &rarr; <strong>2218</strong><br />(+29 for winning)\n|raw|pokeblade\u2606101's rating: 2364 &rarr; <strong>2335</strong><br />(-29 for losing)\n|l|\u2606pokeblade\u2606101\n", "inputlog": ">version 2ada402f225975da7a16ef47c10f19a4b7931380\n>start {\"formatid\":\"gen9randombattle\",\"seed\":[23920,9396,51753,62942],\"rated\":\"Rated battle\"}\n>player p1 {\"name\":\"Wakandius_PMSD\",\"avatar\":\"101\",\"rating\":2189,\"seed\":[45160,61681,25129,28610]}\n>player p2 {\"name\":\"pokeblade\u2606101\",\"avatar\":\"#helpstaffxmas\",\"rating\":2364,\"seed\":[25700,10163,33419,52909]}\n>chat \u2606Wakandius_PMSD|dang n1 my man gl\n>p1 move poltergeist\n>p2 move voltswitch\n>p2 switch 3\n>p1 switch 6\n>p2 move darkpulse\n>p1 move knockoff\n>p2 move hypnosis\n>p1 move knockoff\n>p2 switch 6\n>p1 switch 4\n>p2 move swordsdance\n>p1 switch 4\n>p2 move scaleshot\n>p1 move stoneedge\n>p2 move collisioncourse\n>p1 switch 4\n>p1 move spore terastallize\n>p2 move flareblitz\n>p1 move sludgebomb\n>p2 switch 2\n>p1 switch 6\n>p2 move mortalspin\n>p1 move earthquake\n>p2 switch 6\n>p1 switch 3\n>p2 move darkpulse\n>p1 move wildcharge\n>p2 move hypnosis\n>p1 switch 6\n>p2 move nastyplot\n>p1 move toxic\n>p2 switch 6\n>p1 move gigadrain\n>p2 move sludgewave\n>p1 switch 3\n>p2 move sludgewave\n>p1 move dracometeor\n>p2 switch 3\n>p1 move dracometeor\n>p2 move voltswitch\n>p2 switch 6\n>p1 switch 3\n>p1 move toxic\n>p2 switch 6\n>p1 switch 6\n>p2 move thunderbolt\n>p1 move firefang\n>p2 move thunderbolt\n>p1 switch 2\n>p1 move swordsdance\n>p2 move thunderbolt\n>p1 move ivycudgel\n>p2 move thunderbolt\n>p2 switch 6\n>p1 move ivycudgel\n>p2 move powergem\n>p2 switch 5\n>p1 move knockoff\n>p2 move dragonpulse\n>p1 switch 5\n>p1 move shellsmash\n>p2 move dragonpulse\n>p1 move shellsmash\n>p2 move dragonpulse\n>p1 move gigadrain\n>p2 switch 2\n>p1 move gigadrain\n>p2 move scaleshot\n>p2 switch 4\n>p1 move shadowball\n>p2 move flamethrower\n>chat \u2606pokeblade\u2606101|gg btw\n>chat \u2606Wakandius_PMSD|gg\n>forcelose p2", "uploadtime": 1701978544, "views": 274, "formatid": "gen9randombattle", "rating": 2218, "private": 0, "password": null}