{"id": "gen9randombattle-2260744419", "format": "[Gen 9] Random Battle", "players": ["randomnamegoes", "clyde's kid"], "log": "|j|\u2606randomnamegoes\n|j|\u2606clyde's kid\n|t:|1733885886\n|gametype|singles\n|player|p1|randomnamegoes|benga|\n|player|p2|clyde's kid|2|\n|teamsize|p1|6\n|teamsize|p2|6\n|gen|9\n|tier|[Gen 9] Random Battle\n|rule|Species Clause: Limit one of each Pok\u00e9mon\n|rule|HP Percentage Mod: HP is shown in percentages\n|rule|Sleep Clause Mod: Limit one foe put to sleep\n|rule|Illusion Level Mod: Illusion disguises the Pok\u00e9mon's true level\n|\n|t:|1733885886\n|start\n|switch|p1a: Arbok|Arbok, L87, F|246/246\n|switch|p2a: Wugtrio|Wugtrio, L91, F|212/212\n|-ability|p1a: Arbok|Intimidate|boost\n|-unboost|p2a: Wugtrio|atk|1\n|turn|1\n|\n|t:|1733885906\n|move|p2a: Wugtrio|Liquidation|p1a: Arbok\n|-damage|p1a: Arbok|132/246\n|move|p1a: Arbok|Toxic Spikes|p2a: Wugtrio\n|-sidestart|p2: clyde's kid|move: Toxic Spikes\n|\n|upkeep\n|turn|2\n|\n|t:|1733885930\n|move|p2a: Wugtrio|Liquidation|p1a: Arbok\n|-damage|p1a: Arbok|8/246\n|move|p1a: Arbok|Gunk Shot|p2a: Wugtrio\n|-damage|p2a: Wugtrio|46/212\n|\n|upkeep\n|turn|3\n|\n|t:|1733885936\n|move|p1a: Arbok|Sucker Punch|p2a: Wugtrio\n|-damage|p2a: Wugtrio|0 fnt\n|-ability|p2a: Wugtrio|Gooey\n|-unboost|p1a: Arbok|spe|1\n|faint|p2a: Wugtrio\n|\n|upkeep\n|\n|t:|1733885941\n|switch|p2a: Glimmora|Glimmora, L75, F|248/248\n|-sideend|p2: clyde's kid|move: Toxic Spikes|[of] p2a: Glimmora\n|turn|4\n|\n|t:|1733885957\n|move|p2a: Glimmora|Earth Power|p1a: Arbok\n|-supereffective|p1a: Arbok\n|-damage|p1a: Arbok|0 fnt\n|faint|p1a: Arbok\n|\n|upkeep\n|\n|t:|1733885972\n|switch|p1a: Gurdurr|Gurdurr, L85, F|283/283\n|turn|5\n|\n|t:|1733885982\n|move|p2a: Glimmora|Stealth Rock|p1a: Gurdurr\n|-sidestart|p1: randomnamegoes|move: Stealth Rock\n|move|p1a: Gurdurr|Knock Off|p2a: Glimmora\n|-damage|p2a: Glimmora|165/248\n|-activate|p2a: Glimmora|ability: Toxic Debris\n|-sidestart|p1: randomnamegoes|move: Toxic Spikes\n|-enditem|p2a: Glimmora|Heavy-Duty Boots|[from] move: Knock Off|[of] p1a: Gurdurr\n|\n|upkeep\n|turn|6\n|\n|t:|1733886008\n|move|p2a: Glimmora|Sludge Wave|p1a: Gurdurr\n|-damage|p1a: Gurdurr|186/283\n|move|p1a: Gurdurr|Drain Punch|p2a: Glimmora\n|-damage|p2a: Glimmora|75/248\n|-heal|p1a: Gurdurr|231/283|[from] drain|[of] p2a: Glimmora\n|-activate|p2a: Glimmora|ability: Toxic Debris\n|-sidestart|p1: randomnamegoes|move: Toxic Spikes\n|\n|upkeep\n|turn|7\n|\n|t:|1733886030\n|move|p2a: Glimmora|Sludge Wave|p1a: Gurdurr\n|-damage|p1a: Gurdurr|129/283\n|move|p1a: Gurdurr|Drain Punch|p2a: Glimmora\n|-damage|p2a: Glimmora|0 fnt\n|-heal|p1a: Gurdurr|167/283|[from] drain|[of] p2a: Glimmora\n|faint|p2a: Glimmora\n|\n|upkeep\n|\n|t:|1733886058\n|switch|p2a: Crabominable|Crabominable, L90, M|321/321\n|turn|8\n|\n|t:|1733886068\n|move|p2a: Crabominable|Knock Off|p1a: Gurdurr\n|-resisted|p1a: Gurdurr\n|-damage|p1a: Gurdurr|135/283\n|-enditem|p1a: Gurdurr|Eviolite|[from] move: Knock Off|[of] p2a: Crabominable\n|move|p1a: Gurdurr|Defog|p2a: Crabominable\n|-unboost|p2a: Crabominable|evasion|1\n|-sideend|p1: randomnamegoes|Toxic Spikes|[from] move: Defog|[of] p1a: Gurdurr\n|-sideend|p1: randomnamegoes|Stealth Rock|[from] move: Defog|[of] p1a: Gurdurr\n|\n|upkeep\n|turn|9\n|\n|t:|1733886073\n|move|p2a: Crabominable|Drain Punch|p1a: Gurdurr\n|-damage|p1a: Gurdurr|0 fnt\n|faint|p1a: Gurdurr\n|\n|upkeep\n|c|\u2606clyde's kid|rip\n|\n|t:|1733886111\n|switch|p1a: Barraskewda|Barraskewda, L81, F|231/231\n|turn|10\n|\n|t:|1733886122\n|move|p1a: Barraskewda|Flip Turn|p2a: Crabominable\n|-damage|p2a: Crabominable|215/321\n|\n|t:|1733886125\n|switch|p1a: Mightyena|Mightyena, L95, M|287/287|[from] Flip Turn\n|-ability|p1a: Mightyena|Intimidate|boost\n|-unboost|p2a: Crabominable|atk|1\n|move|p2a: Crabominable|Ice Hammer|p1a: Mightyena\n|-damage|p1a: Mightyena|157/287\n|-unboost|p2a: Crabominable|spe|1\n|\n|-heal|p1a: Mightyena|174/287|[from] item: Leftovers\n|upkeep\n|turn|11\n|\n|t:|1733886145\n|switch|p2a: Morpeko|Morpeko, L88, M|245/245\n|move|p1a: Mightyena|Crunch|p2a: Morpeko\n|-resisted|p2a: Morpeko\n|-damage|p2a: Morpeko|182/245\n|\n|-heal|p1a: Mightyena|191/287|[from] item: Leftovers\n|-formechange|p2a: Morpeko|Morpeko-Hangry||[from] ability: Hunger Switch\n|upkeep\n|turn|12\n|\n|t:|1733886160\n|switch|p2a: Zangoose|Zangoose, L85, M|263/263\n|move|p1a: Mightyena|Taunt|p2a: Zangoose\n|-start|p2a: Zangoose|move: Taunt\n|\n|-heal|p1a: Mightyena|208/287|[from] item: Leftovers\n|-status|p2a: Zangoose|tox|[from] item: Toxic Orb\n|upkeep\n|turn|13\n|\n|t:|1733886176\n|switch|p1a: Toedscruel|Toedscruel, L87, M|281/281\n|move|p2a: Zangoose|Facade|p1a: Toedscruel\n|-damage|p1a: Toedscruel|0 fnt\n|faint|p1a: Toedscruel\n|\n|-damage|p2a: Zangoose|247/263 tox|[from] psn\n|upkeep\n|\n|t:|1733886179\n|switch|p1a: Mightyena|Mightyena, L95, M|208/287\n|-ability|p1a: Mightyena|Intimidate|boost\n|-unboost|p2a: Zangoose|atk|1\n|turn|14\n|\n|t:|1733886193\n|move|p2a: Zangoose|Close Combat|p1a: Mightyena\n|-supereffective|p1a: Mightyena\n|-damage|p1a: Mightyena|4/287\n|-unboost|p2a: Zangoose|def|1\n|-unboost|p2a: Zangoose|spd|1\n|move|p1a: Mightyena|Crunch|p2a: Zangoose\n|-damage|p2a: Zangoose|36/263 tox\n|-unboost|p2a: Zangoose|def|1\n|\n|-heal|p1a: Mightyena|21/287|[from] item: Leftovers\n|-damage|p2a: Zangoose|4/263 tox|[from] psn\n|-end|p2a: Zangoose|move: Taunt\n|upkeep\n|turn|15\n|\n|t:|1733886204\n|move|p1a: Mightyena|Sucker Punch|p2a: Zangoose\n|-damage|p2a: Zangoose|0 fnt\n|faint|p2a: Zangoose\n|\n|-heal|p1a: Mightyena|38/287|[from] item: Leftovers\n|upkeep\n|\n|t:|1733886207\n|switch|p2a: Eternatus|Eternatus, L69|308/308\n|-ability|p2a: Eternatus|Pressure\n|turn|16\n|\n|t:|1733886218\n|move|p2a: Eternatus|Sludge Bomb|p1a: Mightyena\n|-damage|p1a: Mightyena|0 fnt\n|faint|p1a: Mightyena\n|\n|upkeep\n|\n|t:|1733886230\n|switch|p1a: Toxtricity|Toxtricity, L82, M|257/257\n|turn|17\n|\n|t:|1733886254\n|-terastallize|p2a: Eternatus|Dragon\n|-terastallize|p1a: Toxtricity|Normal\n|move|p2a: Eternatus|Dynamax Cannon|p1a: Toxtricity\n|-damage|p1a: Toxtricity|91/257\n|move|p1a: Toxtricity|Boomburst|p2a: Eternatus\n|-damage|p2a: Eternatus|86/308\n|-enditem|p1a: Toxtricity|Throat Spray\n|-boost|p1a: Toxtricity|spa|1|[from] item: Throat Spray\n|\n|upkeep\n|turn|18\n|\n|t:|1733886265\n|move|p2a: Eternatus|Dynamax Cannon|p1a: Toxtricity\n|-damage|p1a: Toxtricity|0 fnt\n|faint|p1a: Toxtricity\n|\n|upkeep\n|\n|t:|1733886267\n|switch|p1a: Barraskewda|Barraskewda, L81, F|231/231\n|turn|19\n|\n|t:|1733886307\n|switch|p2a: Crabominable|Crabominable, L90, M|215/321\n|move|p1a: Barraskewda|Close Combat|p2a: Crabominable\n|-supereffective|p2a: Crabominable\n|-damage|p2a: Crabominable|0 fnt\n|-unboost|p1a: Barraskewda|def|1\n|-unboost|p1a: Barraskewda|spd|1\n|faint|p2a: Crabominable\n|\n|upkeep\n|\n|t:|1733886311\n|switch|p2a: Morpeko|Morpeko, L88, M|182/245\n|turn|20\n|\n|t:|1733886320\n|move|p1a: Barraskewda|Close Combat|p2a: Morpeko\n|-supereffective|p2a: Morpeko\n|-damage|p2a: Morpeko|0 fnt\n|-unboost|p1a: Barraskewda|def|1\n|-unboost|p1a: Barraskewda|spd|1\n|faint|p2a: Morpeko\n|\n|upkeep\n|\n|t:|1733886323\n|switch|p2a: Eternatus|Eternatus, L69, tera:Dragon|86/308\n|-ability|p2a: Eternatus|Pressure\n|turn|21\n|\n|t:|1733886328\n|move|p1a: Barraskewda|Close Combat|p2a: Eternatus\n|-damage|p2a: Eternatus|0 fnt\n|-unboost|p1a: Barraskewda|def|1\n|-unboost|p1a: Barraskewda|spd|1\n|-damage|p1a: Barraskewda|193/231|[from] item: Rocky Helmet|[of] p2a: Eternatus\n|faint|p2a: Eternatus\n|\n|win|randomnamegoes\n|c|\u2606clyde's kid|why is this fish so annoying\n|l|\u2606clyde's kid\n|player|p2|\n", "inputlog": ">version bfd83cad13791eb5a5a409923076391caf6fb4d4\n>start {\"formatid\":\"gen9randombattle\",\"seed\":[48554,833,8589,34335]}\n>player p1 {\"name\":\"randomnamegoes\",\"avatar\":\"benga\",\"rating\":0,\"seed\":[12524,15269,34598,38407]}\n>player p2 {\"name\":\"clyde's kid\",\"avatar\":\"2\",\"rating\":0,\"seed\":[19574,60885,59396,9046]}\n>p1 move toxicspikes\n>p2 move liquidation\n>p1 move gunkshot\n>p2 move liquidation\n>p1 move suckerpunch\n>p2 move liquidation\n>p2 switch 4\n>p1 move earthquake\n>p2 move earthpower\n>p1 switch 4\n>p1 move knockoff\n>p2 move stealthrock\n>p1 move drainpunch\n>p2 move sludgewave\n>p1 move drainpunch\n>p2 move sludgewave\n>p2 switch 6\n>p1 move defog\n>p2 move knockoff\n>p1 move drainpunch\n>p2 move drainpunch\n>chat \u2606clyde's kid|rip\n>p1 switch 6\n>p1 move flipturn\n>p2 move icehammer\n>p1 switch 2\n>p1 move crunch\n>p2 switch 3\n>p1 move taunt\n>p2 switch 5\n>p1 switch 5\n>p2 move facade\n>p1 switch 5\n>p1 move crunch\n>p2 move closecombat\n>p1 move suckerpunch\n>p2 move knockoff\n>p2 switch 2\n>p1 move crunch\n>p2 move sludgebomb\n>p1 switch 3\n>p1 move boomburst terastallize\n>p2 move dynamaxcannon terastallize\n>p1 move boomburst\n>p2 move dynamaxcannon\n>p1 switch 2\n>p1 move closecombat\n>p2 switch 3\n>p2 switch 5\n>p1 move closecombat\n>p2 move aurawheel\n>p2 switch 3\n>p1 move closecombat\n>p2 move dynamaxcannon", "uploadtime": 1733886539, "views": 7, "formatid": "gen9randombattle", "rating": null, "private": 0, "password": null}