{"id": "gen9randombattle-2120239722", "format": "[Gen 9] Random Battle", "players": ["pingpingwuqi", "egakecleons"], "log": "|j|\u2606pingpingwuqi\n|j|\u2606egakecleons\n|t:|1715146938\n|gametype|singles\n|player|p1|pingpingwuqi|red|2240\n|player|p2|egakecleons|2|2210\n|teamsize|p1|6\n|teamsize|p2|6\n|gen|9\n|tier|[Gen 9] Random Battle\n|rated|\n|rule|Species Clause: Limit one of each Pok\u00e9mon\n|rule|HP Percentage Mod: HP is shown in percentages\n|rule|Sleep Clause Mod: Limit one foe put to sleep\n|rule|Illusion Level Mod: Illusion disguises the Pok\u00e9mon's true level\n|\n|t:|1715146938\n|start\n|switch|p1a: Haxorus|Haxorus, L77, M|244/244\n|switch|p2a: Magearna|Magearna, L77|250/250\n|-ability|p1a: Haxorus|Mold Breaker\n|turn|1\n|\n|t:|1715146960\n|switch|p1a: Iron Treads|Iron Treads, L77|265/265\n|switch|p2a: Gurdurr|Gurdurr, L85, F|283/283\n|\n|upkeep\n|turn|2\n|\n|t:|1715146965\n|move|p1a: Iron Treads|Stealth Rock|p2a: Gurdurr\n|-sidestart|p2: egakecleons|move: Stealth Rock\n|move|p2a: Gurdurr|Knock Off|p1a: Iron Treads\n|-damage|p1a: Iron Treads|203/265\n|-enditem|p1a: Iron Treads|Leftovers|[from] move: Knock Off|[of] p2a: Gurdurr\n|\n|upkeep\n|turn|3\n|\n|t:|1715146977\n|-end|p1a: Iron Treads|Quark Drive|[silent]\n|switch|p1a: Glimmora|Glimmora, L76, M|251/251\n|move|p2a: Gurdurr|Knock Off|p1a: Glimmora\n|-damage|p1a: Glimmora|176/251\n|-activate|p1a: Glimmora|ability: Toxic Debris\n|-sidestart|p2: egakecleons|move: Toxic Spikes\n|-enditem|p1a: Glimmora|Assault Vest|[from] move: Knock Off|[of] p2a: Gurdurr\n|\n|upkeep\n|turn|4\n|\n|t:|1715146988\n|move|p1a: Glimmora|Sludge Wave|p2a: Gurdurr\n|-damage|p2a: Gurdurr|175/283\n|move|p2a: Gurdurr|Bulk Up|p2a: Gurdurr\n|-boost|p2a: Gurdurr|atk|1\n|-boost|p2a: Gurdurr|def|1\n|\n|upkeep\n|turn|5\n|\n|t:|1715146993\n|move|p1a: Glimmora|Sludge Wave|p2a: Gurdurr\n|-damage|p2a: Gurdurr|78/283\n|move|p2a: Gurdurr|Drain Punch|p1a: Glimmora\n|-crit|p1a: Glimmora\n|-damage|p1a: Glimmora|0 fnt\n|-heal|p2a: Gurdurr|166/283|[from] drain|[of] p1a: Glimmora\n|-activate|p1a: Glimmora|ability: Toxic Debris\n|-sidestart|p2: egakecleons|move: Toxic Spikes\n|faint|p1a: Glimmora\n|\n|upkeep\n|\n|t:|1715147000\n|switch|p1a: Serperior|Serperior, L80, F|251/251\n|turn|6\n|\n|t:|1715147007\n|move|p1a: Serperior|Leaf Storm|p2a: Gurdurr\n|-damage|p2a: Gurdurr|60/283\n|-boost|p1a: Serperior|spa|2\n|move|p2a: Gurdurr|Drain Punch|p1a: Serperior\n|-damage|p1a: Serperior|130/251\n|-heal|p2a: Gurdurr|121/283|[from] drain|[of] p1a: Serperior\n|\n|-heal|p1a: Serperior|145/251|[from] item: Leftovers\n|upkeep\n|turn|7\n|\n|t:|1715147026\n|-terastallize|p1a: Serperior|Stellar\n|-terastallize|p2a: Gurdurr|Steel\n|move|p1a: Serperior|Tera Blast|p2a: Gurdurr|[anim] Tera Blast Stellar\n|-supereffective|p2a: Gurdurr\n|-damage|p2a: Gurdurr|0 fnt\n|-boost|p1a: Serperior|atk|1\n|-boost|p1a: Serperior|spa|1\n|faint|p2a: Gurdurr\n|\n|-heal|p1a: Serperior|160/251|[from] item: Leftovers\n|upkeep\n|\n|t:|1715147047\n|switch|p2a: Avalugg|Avalugg, L87, F|307/307\n|turn|8\n|\n|t:|1715147055\n|move|p1a: Serperior|Tera Blast|p2a: Avalugg|[anim] Tera Blast Stellar\n|-damage|p2a: Avalugg|106/307\n|-boost|p1a: Serperior|atk|1\n|-boost|p1a: Serperior|spa|1\n|move|p2a: Avalugg|Avalanche|p1a: Serperior\n|-supereffective|p1a: Serperior\n|-damage|p1a: Serperior|0 fnt\n|faint|p1a: Serperior\n|\n|upkeep\n|\n|t:|1715147065\n|switch|p1a: Iron Treads|Iron Treads, L77|203/265\n|turn|9\n|\n|t:|1715147086\n|move|p1a: Iron Treads|Iron Head|p2a: Avalugg\n|-supereffective|p2a: Avalugg\n|-damage|p2a: Avalugg|16/307\n|cant|p2a: Avalugg|flinch\n|\n|upkeep\n|turn|10\n|\n|t:|1715147091\n|move|p1a: Iron Treads|Iron Head|p2a: Avalugg\n|-supereffective|p2a: Avalugg\n|-damage|p2a: Avalugg|0 fnt\n|faint|p2a: Avalugg\n|\n|upkeep\n|\n|t:|1715147095\n|switch|p2a: Qwilfish|Qwilfish, L86, M|252/252\n|-damage|p2a: Qwilfish|221/252|[from] Stealth Rock\n|-sideend|p2: egakecleons|move: Toxic Spikes|[of] p2a: Qwilfish\n|-ability|p2a: Qwilfish|Intimidate|boost\n|-unboost|p1a: Iron Treads|atk|1\n|turn|11\n|\n|t:|1715147105\n|switch|p2a: Decidueye|Decidueye, L88, F|281/281\n|-damage|p2a: Decidueye|246/281|[from] Stealth Rock\n|move|p1a: Iron Treads|Earthquake|p2a: Decidueye\n|-resisted|p2a: Decidueye\n|-damage|p2a: Decidueye|212/281\n|\n|upkeep\n|turn|12\n|\n|t:|1715147116\n|switch|p2a: Qwilfish|Qwilfish, L86, M|221/252\n|-damage|p2a: Qwilfish|190/252|[from] Stealth Rock\n|-ability|p2a: Qwilfish|Intimidate|boost\n|-unboost|p1a: Iron Treads|atk|1\n|move|p1a: Iron Treads|Knock Off|p2a: Qwilfish\n|-damage|p2a: Qwilfish|159/252\n|-enditem|p2a: Qwilfish|Leftovers|[from] move: Knock Off|[of] p1a: Iron Treads\n|\n|upkeep\n|turn|13\n|\n|t:|1715147124\n|-end|p1a: Iron Treads|Quark Drive|[silent]\n|switch|p1a: Vaporeon|Vaporeon, L86, F|364/364\n|move|p2a: Qwilfish|Spikes|p1a: Vaporeon\n|-sidestart|p1: pingpingwuqi|Spikes\n|\n|upkeep\n|turn|14\n|\n|t:|1715147129\n|move|p2a: Qwilfish|Toxic Spikes|p1a: Vaporeon\n|-sidestart|p1: pingpingwuqi|move: Toxic Spikes\n|move|p1a: Vaporeon|Wish|p1a: Vaporeon\n|\n|upkeep\n|turn|15\n|\n|t:|1715147136\n|switch|p1a: Iron Treads|Iron Treads, L77|203/265\n|-damage|p1a: Iron Treads|170/265|[from] Spikes\n|move|p2a: Qwilfish|Spikes|p1a: Iron Treads\n|-sidestart|p1: pingpingwuqi|Spikes\n|\n|-heal|p1a: Iron Treads|265/265|[from] move: Wish|[wisher] Vaporeon\n|upkeep\n|turn|16\n|\n|t:|1715147141\n|switch|p2a: Decidueye|Decidueye, L88, F|212/281\n|-damage|p2a: Decidueye|177/281|[from] Stealth Rock\n|move|p1a: Iron Treads|Earthquake|p2a: Decidueye\n|-resisted|p2a: Decidueye\n|-damage|p2a: Decidueye|127/281\n|\n|upkeep\n|turn|17\n|\n|t:|1715147147\n|move|p1a: Iron Treads|Knock Off|p2a: Decidueye\n|-supereffective|p2a: Decidueye\n|-damage|p2a: Decidueye|0 fnt\n|-enditem|p2a: Decidueye|Life Orb|[from] move: Knock Off|[of] p1a: Iron Treads\n|faint|p2a: Decidueye\n|\n|upkeep\n|\n|t:|1715147156\n|switch|p2a: Palossand|Palossand, L89, F|296/296\n|-damage|p2a: Palossand|278/296|[from] Stealth Rock\n|turn|18\n|\n|t:|1715147164\n|-end|p1a: Iron Treads|Quark Drive|[silent]\n|switch|p1a: Haxorus|Haxorus, L77, M|244/244\n|-damage|p1a: Haxorus|204/244|[from] Spikes\n|-status|p1a: Haxorus|psn\n|-ability|p1a: Haxorus|Mold Breaker\n|move|p2a: Palossand|Earth Power|p1a: Haxorus\n|-damage|p1a: Haxorus|68/244 psn\n|\n|-heal|p2a: Palossand|296/296|[from] item: Leftovers\n|-damage|p1a: Haxorus|38/244 psn|[from] psn\n|upkeep\n|turn|19\n|\n|t:|1715147178\n|move|p1a: Haxorus|Scale Shot|p2a: Palossand\n|-damage|p2a: Palossand|269/296\n|-damage|p2a: Palossand|244/296\n|-damage|p2a: Palossand|220/296\n|-crit|p2a: Palossand\n|-damage|p2a: Palossand|184/296\n|-damage|p2a: Palossand|159/296\n|-hitcount|p2a: Palossand|5\n|-unboost|p1a: Haxorus|def|1\n|-boost|p1a: Haxorus|spe|1\n|move|p2a: Palossand|Shore Up|p2a: Palossand\n|-heal|p2a: Palossand|296/296\n|\n|-damage|p1a: Haxorus|8/244 psn|[from] psn\n|upkeep\n|turn|20\n|\n|t:|1715147186\n|move|p1a: Haxorus|Scale Shot|p2a: Palossand\n|-damage|p2a: Palossand|269/296\n|-damage|p2a: Palossand|245/296\n|-damage|p2a: Palossand|218/296\n|-damage|p2a: Palossand|194/296\n|-damage|p2a: Palossand|167/296\n|-hitcount|p2a: Palossand|5\n|-unboost|p1a: Haxorus|def|1\n|-boost|p1a: Haxorus|spe|1\n|move|p2a: Palossand|Shore Up|p2a: Palossand\n|-heal|p2a: Palossand|296/296\n|\n|-damage|p1a: Haxorus|0 fnt|[from] psn\n|faint|p1a: Haxorus\n|upkeep\n|\n|t:|1715147190\n|switch|p1a: Vaporeon|Vaporeon, L86, F|364/364\n|-damage|p1a: Vaporeon|304/364|[from] Spikes\n|-status|p1a: Vaporeon|psn\n|turn|21\n|\n|t:|1715147201\n|switch|p2a: Qwilfish|Qwilfish, L86, M|159/252\n|-damage|p2a: Qwilfish|128/252|[from] Stealth Rock\n|-ability|p2a: Qwilfish|Intimidate|boost\n|-unboost|p1a: Vaporeon|atk|1\n|move|p1a: Vaporeon|Scald|p2a: Qwilfish\n|-resisted|p2a: Qwilfish\n|-damage|p2a: Qwilfish|61/252\n|\n|-heal|p1a: Vaporeon|326/364 psn|[from] item: Leftovers\n|-damage|p1a: Vaporeon|281/364 psn|[from] psn\n|upkeep\n|turn|22\n|\n|t:|1715147210\n|switch|p1a: Iron Treads|Iron Treads, L77|265/265\n|-damage|p1a: Iron Treads|221/265|[from] Spikes\n|move|p2a: Qwilfish|Gunk Shot|p1a: Iron Treads\n|-immune|p1a: Iron Treads\n|\n|upkeep\n|turn|23\n|\n|t:|1715147215\n|switch|p2a: Palossand|Palossand, L89, F|296/296\n|-damage|p2a: Palossand|278/296|[from] Stealth Rock\n|move|p1a: Iron Treads|Earthquake|p2a: Palossand\n|-damage|p2a: Palossand|203/296\n|\n|-heal|p2a: Palossand|221/296|[from] item: Leftovers\n|upkeep\n|turn|24\n|\n|t:|1715147224\n|move|p1a: Iron Treads|Knock Off|p2a: Palossand\n|-supereffective|p2a: Palossand\n|-damage|p2a: Palossand|121/296\n|-enditem|p2a: Palossand|Leftovers|[from] move: Knock Off|[of] p1a: Iron Treads\n|move|p2a: Palossand|Shore Up|p2a: Palossand\n|-heal|p2a: Palossand|269/296\n|\n|upkeep\n|turn|25\n|\n|t:|1715147248\n|-end|p1a: Iron Treads|Quark Drive|[silent]\n|switch|p1a: Rhydon|Rhydon, L85, M|317/317\n|-damage|p1a: Rhydon|265/317|[from] Spikes\n|-status|p1a: Rhydon|psn\n|move|p2a: Palossand|Earth Power|p1a: Rhydon\n|-supereffective|p1a: Rhydon\n|-damage|p1a: Rhydon|49/317 psn\n|-unboost|p1a: Rhydon|spd|1\n|\n|-damage|p1a: Rhydon|10/317 psn|[from] psn\n|upkeep\n|turn|26\n|\n|t:|1715147259\n|move|p1a: Rhydon|Earthquake|p2a: Palossand\n|-damage|p2a: Palossand|155/296\n|move|p2a: Palossand|Shore Up|p2a: Palossand\n|-heal|p2a: Palossand|296/296\n|\n|-damage|p1a: Rhydon|0 fnt|[from] psn\n|faint|p1a: Rhydon\n|upkeep\n|\n|t:|1715147262\n|switch|p1a: Vaporeon|Vaporeon, L86, F|281/364 psn\n|-damage|p1a: Vaporeon|221/364 psn|[from] Spikes\n|turn|27\n|\n|t:|1715147266\n|move|p1a: Vaporeon|Scald|p2a: Palossand\n|-supereffective|p2a: Palossand\n|-damage|p2a: Palossand|96/296\n|-status|p2a: Palossand|brn\n|-ability|p2a: Palossand|Water Compaction|boost\n|-boost|p2a: Palossand|def|2\n|move|p2a: Palossand|Earth Power|p1a: Vaporeon\n|-crit|p1a: Vaporeon\n|-damage|p1a: Vaporeon|67/364 psn\n|\n|-heal|p1a: Vaporeon|89/364 psn|[from] item: Leftovers\n|-damage|p1a: Vaporeon|44/364 psn|[from] psn\n|-damage|p2a: Palossand|78/296 brn|[from] brn\n|upkeep\n|turn|28\n|\n|t:|1715147317\n|switch|p2a: Magearna|Magearna, L77|250/250\n|-damage|p2a: Magearna|235/250|[from] Stealth Rock\n|move|p1a: Vaporeon|Scald|p2a: Magearna\n|-damage|p2a: Magearna|151/250\n|\n|-heal|p1a: Vaporeon|66/364 psn|[from] item: Leftovers\n|-heal|p2a: Magearna|166/250|[from] item: Leftovers\n|-damage|p1a: Vaporeon|21/364 psn|[from] psn\n|upkeep\n|turn|29\n|\n|t:|1715147331\n|move|p1a: Vaporeon|Wish|p1a: Vaporeon\n|move|p2a: Magearna|Flash Cannon|p1a: Vaporeon\n|-resisted|p1a: Vaporeon\n|-damage|p1a: Vaporeon|0 fnt\n|faint|p1a: Vaporeon\n|-ability|p2a: Magearna|Soul-Heart|boost\n|-boost|p2a: Magearna|spa|1\n|\n|-heal|p2a: Magearna|181/250|[from] item: Leftovers\n|upkeep\n|\n|t:|1715147333\n|switch|p1a: Iron Treads|Iron Treads, L77|221/265\n|-damage|p1a: Iron Treads|177/265|[from] Spikes\n|turn|30\n|\n|t:|1715147338\n|move|p1a: Iron Treads|Earthquake|p2a: Magearna\n|-supereffective|p2a: Magearna\n|-damage|p2a: Magearna|0 fnt\n|faint|p2a: Magearna\n|\n|-heal|p1a: Iron Treads|265/265|[from] move: Wish|[wisher] Vaporeon\n|upkeep\n|\n|t:|1715147341\n|switch|p2a: Qwilfish|Qwilfish, L86, M|61/252\n|-damage|p2a: Qwilfish|30/252|[from] Stealth Rock\n|-ability|p2a: Qwilfish|Intimidate|boost\n|-unboost|p1a: Iron Treads|atk|1\n|turn|31\n|\n|t:|1715147345\n|move|p1a: Iron Treads|Earthquake|p2a: Qwilfish\n|-supereffective|p2a: Qwilfish\n|-damage|p2a: Qwilfish|0 fnt\n|faint|p2a: Qwilfish\n|\n|upkeep\n|\n|t:|1715147347\n|switch|p2a: Palossand|Palossand, L89, F|78/296 brn\n|-damage|p2a: Palossand|60/296 brn|[from] Stealth Rock\n|turn|32\n|\n|t:|1715147351\n|move|p1a: Iron Treads|Earthquake|p2a: Palossand\n|-damage|p2a: Palossand|8/296 brn\n|move|p2a: Palossand|Shore Up|p2a: Palossand\n|-heal|p2a: Palossand|156/296 brn\n|\n|-damage|p2a: Palossand|138/296 brn|[from] brn\n|upkeep\n|turn|33\n|\n|t:|1715147359\n|move|p1a: Iron Treads|Earthquake|p2a: Palossand\n|-damage|p2a: Palossand|81/296 brn\n|move|p2a: Palossand|Shore Up|p2a: Palossand\n|-heal|p2a: Palossand|229/296 brn\n|\n|-damage|p2a: Palossand|211/296 brn|[from] brn\n|upkeep\n|turn|34\n|\n|t:|1715147361\n|move|p1a: Iron Treads|Earthquake|p2a: Palossand\n|-damage|p2a: Palossand|154/296 brn\n|move|p2a: Palossand|Shore Up|p2a: Palossand\n|-heal|p2a: Palossand|296/296 brn\n|\n|-damage|p2a: Palossand|278/296 brn|[from] brn\n|upkeep\n|turn|35\n|\n|t:|1715147364\n|move|p1a: Iron Treads|Earthquake|p2a: Palossand\n|-damage|p2a: Palossand|226/296 brn\n|move|p2a: Palossand|Earth Power|p1a: Iron Treads\n|-supereffective|p1a: Iron Treads\n|-damage|p1a: Iron Treads|0 fnt\n|faint|p1a: Iron Treads\n|-end|p1a: Iron Treads|Quark Drive|[silent]\n|\n|win|egakecleons\n|raw|pingpingwuqi's rating: 2240 &rarr; <strong>2218</strong><br />(-22 for losing)\n|raw|egakecleons's rating: 2210 &rarr; <strong>2232</strong><br />(+22 for winning)\n|l|\u2606pingpingwuqi\n|player|p1|\n", "inputlog": ">version d87f45fad9b955c6072adc425367687e8a017379\n>start {\"formatid\":\"gen9randombattle\",\"seed\":[59923,55526,29223,22090],\"rated\":\"Rated battle\"}\n>player p1 {\"name\":\"pingpingwuqi\",\"avatar\":\"red\",\"rating\":2240,\"seed\":[31981,46443,46054,60598]}\n>player p2 {\"name\":\"egakecleons\",\"avatar\":\"2\",\"rating\":2210,\"seed\":[23142,45646,52915,32040]}\n>p1 switch 6\n>p2 switch 6\n>p1 move stealthrock\n>p2 move knockoff\n>p1 switch 3\n>p2 move knockoff\n>p1 move sludgewave\n>p2 move bulkup\n>p1 move sludgewave\n>p2 move drainpunch\n>p1 switch 2\n>p1 move leafstorm\n>p2 move drainpunch\n>p1 move terablast terastallize\n>p2 move drainpunch terastallize\n>p2 switch 2\n>p1 move terablast\n>p2 move avalanche\n>p1 switch 3\n>p1 move ironhead\n>p2 move rapidspin\n>p1 move ironhead\n>p2 move rapidspin\n>p2 switch 5\n>p1 move earthquake\n>p2 switch 3\n>p1 move knockoff\n>p2 switch 3\n>p1 switch 5\n>p2 move spikes\n>p1 move wish\n>p2 move toxicspikes\n>p1 switch 5\n>p2 move spikes\n>p1 move earthquake\n>p2 switch 3\n>p1 move knockoff\n>p2 move roost\n>p2 switch 4\n>p1 switch 6\n>p2 move earthpower\n>p1 move scaleshot\n>p2 move shoreup\n>p1 move scaleshot\n>p2 move shoreup\n>p1 switch 5\n>p1 move scald\n>p2 switch 3\n>p1 switch 6\n>p2 move gunkshot\n>p1 move earthquake\n>p2 switch 3\n>p1 move knockoff\n>p2 move shoreup\n>p1 switch 4\n>p2 move earthpower\n>p1 move earthquake\n>p2 move shoreup\n>p1 switch 6\n>p1 move scald\n>p2 move earthpower\n>p1 move scald\n>p2 switch 6\n>p1 move wish\n>p2 move flashcannon\n>p1 switch 4\n>p1 move earthquake\n>p2 move fleurcannon\n>p2 switch 3\n>p1 move earthquake\n>p2 move waterfall\n>p2 switch 6\n>p1 move earthquake\n>p2 move shoreup\n>p1 move earthquake\n>p2 move shoreup\n>p1 move earthquake\n>p2 move shoreup\n>p1 move earthquake\n>p2 move earthpower", "uploadtime": 1715147401, "views": 212, "formatid": "gen9randombattle", "rating": 2218, "private": 0, "password": null}