{"id": "gen9randombattle-2260267415", "format": "[Gen 9] Random Battle", "players": ["Venom15", "kingprolol"], "log": "|j|\u2606Venom15\n|j|\u2606kingprolol\n|t:|1733832526\n|gametype|singles\n|player|p1|Venom15|alder|1817\n|player|p2|kingprolol|2|1845\n|teamsize|p1|6\n|teamsize|p2|6\n|gen|9\n|tier|[Gen 9] Random Battle\n|rated|\n|rule|Species Clause: Limit one of each Pok\u00e9mon\n|rule|HP Percentage Mod: HP is shown in percentages\n|rule|Sleep Clause Mod: Limit one foe put to sleep\n|rule|Illusion Level Mod: Illusion disguises the Pok\u00e9mon's true level\n|\n|t:|1733832526\n|start\n|switch|p1a: Dipplin|Dipplin, L88, F|284/284\n|switch|p2a: Blaziken|Blaziken, L76, M|247/247\n|turn|1\n|inactive|Battle timer is ON: inactive players will automatically lose when time's up. (requested by Venom15)\n|\n|t:|1733832555\n|move|p2a: Blaziken|Swords Dance|p2a: Blaziken\n|-boost|p2a: Blaziken|atk|2\n|move|p1a: Dipplin|Dragon Tail|p2a: Blaziken\n|-damage|p2a: Blaziken|169/247\n|drag|p2a: Chandelure|Chandelure, L83, M|235/235\n|\n|upkeep\n|turn|2\n|c|\u2606Venom15|My brother\n|\n|t:|1733832568\n|move|p2a: Chandelure|Fire Blast|p1a: Dipplin\n|-damage|p1a: Dipplin|178/284\n|move|p1a: Dipplin|Dragon Tail|p2a: Chandelure\n|-damage|p2a: Chandelure|168/235\n|drag|p2a: Dunsparce|Dunsparce, L86, F|312/312\n|\n|upkeep\n|turn|3\n|\n|t:|1733832580\n|switch|p1a: Mamoswine|Mamoswine, L81, F|311/311\n|move|p2a: Dunsparce|Body Slam|p1a: Mamoswine\n|-damage|p1a: Mamoswine|223/311\n|-status|p1a: Mamoswine|par\n|\n|upkeep\n|turn|4\n|\n|t:|1733832588\n|switch|p2a: Azumarill|Azumarill, L82, F|298/298\n|move|p1a: Mamoswine|Knock Off|p2a: Azumarill\n|-resisted|p2a: Azumarill\n|-damage|p2a: Azumarill|232/298\n|-enditem|p2a: Azumarill|Choice Band|[from] move: Knock Off|[of] p1a: Mamoswine\n|\n|upkeep\n|turn|5\n|\n|t:|1733832613\n|switch|p1a: Azumarill|Azumarill, L82, F|298/298\n|move|p2a: Azumarill|Play Rough|p1a: Azumarill\n|-damage|p1a: Azumarill|178/298\n|\n|upkeep\n|turn|6\n|\n|t:|1733832617\n|switch|p2a: Archaludon|Archaludon, L78, M|268/268\n|move|p1a: Azumarill|Liquidation|p2a: Archaludon\n|-resisted|p2a: Archaludon\n|-damage|p2a: Archaludon|202/268\n|-ability|p2a: Archaludon|Stamina|boost\n|-boost|p2a: Archaludon|def|1\n|\n|upkeep\n|turn|7\n|\n|t:|1733832635\n|switch|p1a: Mamoswine|Mamoswine, L81, F|223/311 par\n|move|p2a: Archaludon|Swords Dance|p2a: Archaludon\n|-boost|p2a: Archaludon|atk|2\n|\n|upkeep\n|turn|8\n|\n|t:|1733832651\n|switch|p1a: Arcanine|Arcanine-Hisui, L80, M|283/283\n|move|p2a: Archaludon|Iron Head|p1a: Arcanine\n|-damage|p1a: Arcanine|94/283\n|\n|upkeep\n|turn|9\n|\n|t:|1733832664\n|switch|p2a: Chandelure|Chandelure, L83, M|168/235\n|move|p1a: Arcanine|Close Combat|p2a: Chandelure\n|-immune|p2a: Chandelure\n|\n|upkeep\n|turn|10\n|\n|t:|1733832670\n|switch|p1a: Azumarill|Azumarill, L82, F|178/298\n|switch|p2a: Azumarill|Azumarill, L82, F|232/298\n|\n|upkeep\n|turn|11\n|\n|t:|1733832673\n|move|p1a: Azumarill|Play Rough|p2a: Azumarill\n|-damage|p2a: Azumarill|39/298\n|move|p2a: Azumarill|Play Rough|p1a: Azumarill\n|-damage|p1a: Azumarill|51/298\n|\n|upkeep\n|turn|12\n|\n|t:|1733832681\n|move|p1a: Azumarill|Play Rough|p2a: Azumarill\n|-damage|p2a: Azumarill|0 fnt\n|faint|p2a: Azumarill\n|\n|upkeep\n|\n|t:|1733832692\n|switch|p2a: Drifblim|Drifblim, L86, F|396/396\n|turn|13\n|\n|t:|1733832701\n|move|p2a: Drifblim|Shadow Ball|p1a: Azumarill\n|-damage|p1a: Azumarill|0 fnt\n|faint|p1a: Azumarill\n|\n|upkeep\n|c|\u2606Venom15|Bro I have got 4 banded mons\n|\n|t:|1733832720\n|switch|p1a: Houndoom|Houndoom, L87, F|272/272\n|turn|14\n|\n|t:|1733832726\n|switch|p2a: Blaziken|Blaziken, L76, M|169/247\n|move|p1a: Houndoom|Dark Pulse|p2a: Blaziken\n|-resisted|p2a: Blaziken\n|-damage|p2a: Blaziken|109/247\n|\n|upkeep\n|turn|15\n|\n|t:|1733832732\n|move|p1a: Houndoom|Sludge Bomb|p2a: Blaziken\n|-damage|p2a: Blaziken|18/247\n|-status|p2a: Blaziken|psn\n|move|p2a: Blaziken|Swords Dance|p2a: Blaziken\n|-boost|p2a: Blaziken|atk|2\n|\n|-damage|p2a: Blaziken|0 fnt|[from] psn\n|faint|p2a: Blaziken\n|upkeep\n|\n|t:|1733832741\n|switch|p2a: Dunsparce|Dunsparce, L86, F|312/312\n|turn|16\n|\n|t:|1733832751\n|switch|p1a: Mamoswine|Mamoswine, L81, F|223/311 par\n|move|p2a: Dunsparce|Body Slam|p1a: Mamoswine\n|-damage|p1a: Mamoswine|144/311 par\n|\n|upkeep\n|turn|17\n|\n|t:|1733832768\n|move|p2a: Dunsparce|Coil|p2a: Dunsparce\n|-boost|p2a: Dunsparce|atk|1\n|-boost|p2a: Dunsparce|def|1\n|-boost|p2a: Dunsparce|accuracy|1\n|move|p1a: Mamoswine|Knock Off|p2a: Dunsparce\n|-damage|p2a: Dunsparce|251/312\n|-enditem|p2a: Dunsparce|Eviolite|[from] move: Knock Off|[of] p1a: Mamoswine\n|\n|upkeep\n|turn|18\n|\n|t:|1733832775\n|switch|p1a: Dipplin|Dipplin, L88, F|178/284\n|move|p2a: Dunsparce|Coil|p2a: Dunsparce\n|-boost|p2a: Dunsparce|atk|1\n|-boost|p2a: Dunsparce|def|1\n|-boost|p2a: Dunsparce|accuracy|1\n|\n|upkeep\n|turn|19\n|\n|t:|1733832778\n|move|p2a: Dunsparce|Body Slam|p1a: Dipplin\n|-damage|p1a: Dipplin|103/284\n|move|p1a: Dipplin|Dragon Tail|p2a: Dunsparce\n|-damage|p2a: Dunsparce|217/312\n|drag|p2a: Drifblim|Drifblim, L86, F|396/396\n|\n|upkeep\n|turn|20\n|\n|t:|1733832784\n|switch|p1a: Houndoom|Houndoom, L87, F|272/272\n|move|p2a: Drifblim|Air Slash|p1a: Houndoom\n|-crit|p1a: Houndoom\n|-damage|p1a: Houndoom|154/272\n|\n|upkeep\n|turn|21\n|\n|t:|1733832795\n|switch|p2a: Archaludon|Archaludon, L78, M|202/268\n|move|p1a: Houndoom|Dark Pulse|p2a: Archaludon\n|-damage|p2a: Archaludon|57/268\n|-ability|p2a: Archaludon|Stamina|boost\n|-boost|p2a: Archaludon|def|1\n|\n|upkeep\n|turn|22\n|\n|t:|1733832802\n|move|p1a: Houndoom|Dark Pulse|p2a: Archaludon\n|-damage|p2a: Archaludon|0 fnt\n|faint|p2a: Archaludon\n|\n|upkeep\n|\n|t:|1733832804\n|switch|p2a: Dunsparce|Dunsparce, L86, F|217/312\n|turn|23\n|\n|t:|1733832807\n|move|p1a: Houndoom|Dark Pulse|p2a: Dunsparce\n|-damage|p2a: Dunsparce|88/312\n|move|p2a: Dunsparce|Body Slam|p1a: Houndoom\n|-damage|p1a: Houndoom|57/272\n|\n|upkeep\n|turn|24\n|\n|t:|1733832811\n|move|p1a: Houndoom|Dark Pulse|p2a: Dunsparce\n|-damage|p2a: Dunsparce|0 fnt\n|faint|p2a: Dunsparce\n|\n|upkeep\n|\n|t:|1733832829\n|switch|p2a: Chandelure|Chandelure, L83, M|168/235\n|turn|25\n|\n|t:|1733832835\n|-terastallize|p2a: Chandelure|Fire\n|move|p1a: Houndoom|Dark Pulse|p2a: Chandelure\n|-damage|p2a: Chandelure|66/235\n|move|p2a: Chandelure|Fire Blast|p1a: Houndoom\n|-start|p1a: Houndoom|ability: Flash Fire\n|\n|upkeep\n|turn|26\n|l|\u2606kingprolol\n|inactive|kingprolol disconnected and has a minute to reconnect!\n|player|p2|\n|inactive|kingprolol has 30 seconds to reconnect!\n|inactive|kingprolol has 20 seconds to reconnect!\n|inactive|kingprolol has 15 seconds to reconnect!\n|inactive|kingprolol has 10 seconds to reconnect!\n|inactive|kingprolol has 5 seconds to reconnect!\n|-message|kingprolol lost due to inactivity.\n|\n|win|Venom15\n|raw|Venom15's rating: 1817 &rarr; <strong>1839</strong><br />(+22 for winning)\n|raw|kingprolol's rating: 1845 &rarr; <strong>1823</strong><br />(-22 for losing)\n", "inputlog": ">version bfd83cad13791eb5a5a409923076391caf6fb4d4\n>start {\"formatid\":\"gen9randombattle\",\"seed\":[9148,62951,22099,58311],\"rated\":\"Rated battle\"}\n>player p1 {\"name\":\"Venom15\",\"avatar\":\"alder\",\"rating\":1817,\"seed\":[7948,632,49283,32969]}\n>player p2 {\"name\":\"kingprolol\",\"avatar\":\"2\",\"rating\":1845,\"seed\":[36917,43520,64737,56528]}\n>p1 move dragontail\n>p2 move swordsdance\n>chat \u2606Venom15|My brother\n>p1 move dragontail\n>p2 move fireblast\n>p1 switch 5\n>p2 move bodyslam\n>p1 move knockoff\n>p2 switch 6\n>p1 switch 3\n>p2 move playrough\n>p1 move liquidation\n>p2 switch 5\n>p1 switch 3\n>p2 move swordsdance\n>p1 switch 4\n>p2 move ironhead\n>p1 move closecombat\n>p2 switch 3\n>p1 switch 3\n>p2 switch 5\n>p1 move playrough\n>p2 move playrough\n>p1 move playrough\n>p2 move playrough\n>p2 switch 4\n>p1 move playrough\n>p2 move shadowball\n>chat \u2606Venom15|Bro I have got 4 banded mons\n>p1 switch 2\n>p1 move darkpulse\n>p2 switch 2\n>p1 move sludgebomb\n>p2 move swordsdance\n>p2 switch 6\n>p1 switch 4\n>p2 move bodyslam\n>p1 move knockoff\n>p2 move coil\n>p1 switch 5\n>p2 move coil\n>p1 move dragontail\n>p2 move bodyslam\n>p1 switch 4\n>p2 move airslash\n>p1 move darkpulse\n>p2 switch 3\n>p1 move darkpulse\n>p2 move earthquake\n>p2 switch 2\n>p1 move darkpulse\n>p2 move bodyslam\n>p1 move darkpulse\n>p2 move bodyslam\n>p2 switch 5\n>p1 move darkpulse\n>p2 move fireblast terastallize\n>forcelose p2", "uploadtime": 1733832904, "views": 12, "formatid": "gen9randombattle", "rating": 1823, "private": 0, "password": null}