{"id": "gen9randombattle-2260718666", "format": "[Gen 9] Random Battle", "players": ["Oh didufghA", "Ninjakhanhh"], "log": "|j|\u2606Oh didufghA\n|j|\u2606Ninjakhanhh\n|t:|1733882489\n|gametype|singles\n|player|p1|Oh didufghA|102|1419\n|player|p2|Ninjakhanhh|102|1439\n|teamsize|p1|6\n|teamsize|p2|6\n|gen|9\n|tier|[Gen 9] Random Battle\n|rated|\n|rule|Species Clause: Limit one of each Pok\u00e9mon\n|rule|HP Percentage Mod: HP is shown in percentages\n|rule|Sleep Clause Mod: Limit one foe put to sleep\n|rule|Illusion Level Mod: Illusion disguises the Pok\u00e9mon's true level\n|\n|t:|1733882489\n|start\n|switch|p1a: Umbreon|Umbreon, L84, M|297/297\n|switch|p2a: Miraidon|Miraidon, L65|238/238\n|-fieldstart|move: Electric Terrain|[from] ability: Hadron Engine|[of] p2a: Miraidon\n|turn|1\n|inactive|Battle timer is ON: inactive players will automatically lose when time's up. (requested by Ninjakhanhh)\n|\n|t:|1733882498\n|move|p2a: Miraidon|Substitute|p2a: Miraidon\n|-start|p2a: Miraidon|Substitute\n|-damage|p2a: Miraidon|179/238\n|move|p1a: Umbreon|Toxic||[still]\n|-fail|p1a: Umbreon\n|\n|-heal|p2a: Miraidon|193/238|[from] item: Leftovers\n|upkeep\n|turn|2\n|\n|t:|1733882505\n|switch|p1a: Ting-Lu|Ting-Lu, L78|370/370\n|-ability|p1a: Ting-Lu|Vessel of Ruin\n|move|p2a: Miraidon|Calm Mind|p2a: Miraidon\n|-boost|p2a: Miraidon|spa|1\n|-boost|p2a: Miraidon|spd|1\n|\n|-heal|p2a: Miraidon|207/238|[from] item: Leftovers\n|upkeep\n|turn|3\n|\n|t:|1733882532\n|move|p2a: Miraidon|Draco Meteor|p1a: Ting-Lu\n|-damage|p1a: Ting-Lu|183/370\n|-unboost|p2a: Miraidon|spa|2\n|move|p1a: Ting-Lu|Whirlwind|p2a: Miraidon\n|drag|p2a: Slowking|Slowking-Galar, L85, M|300/300\n|\n|-heal|p1a: Ting-Lu|206/370|[from] item: Leftovers\n|upkeep\n|turn|4\n|inactive|Ninjakhanhh has 120 seconds left.\n|\n|t:|1733882553\n|move|p1a: Ting-Lu|Earthquake|p2a: Slowking\n|-supereffective|p2a: Slowking\n|-damage|p2a: Slowking|64/300\n|move|p2a: Slowking|Sludge Bomb|p1a: Ting-Lu\n|-resisted|p1a: Ting-Lu\n|-damage|p1a: Ting-Lu|156/370\n|\n|-heal|p1a: Ting-Lu|179/370|[from] item: Leftovers\n|-heal|p2a: Slowking|82/300|[from] item: Leftovers\n|upkeep\n|turn|5\n|inactive|Ninjakhanhh has 120 seconds left.\n|\n|t:|1733882573\n|switch|p2a: Sinistcha|Sinistcha-Masterpiece, L83|254/254\n|move|p1a: Ting-Lu|Earthquake|p2a: Sinistcha\n|-resisted|p2a: Sinistcha\n|-damage|p2a: Sinistcha|209/254\n|\n|-heal|p2a: Sinistcha|224/254|[from] item: Leftovers\n|-heal|p1a: Ting-Lu|202/370|[from] item: Leftovers\n|-fieldend|move: Electric Terrain\n|upkeep\n|turn|6\n|\n|t:|1733882585\n|switch|p1a: Umbreon|Umbreon, L84, M|297/297\n|move|p2a: Sinistcha|Matcha Gotcha|p1a: Umbreon\n|-damage|p1a: Umbreon|228/297\n|-heal|p2a: Sinistcha|254/254|[from] drain|[of] p1a: Umbreon\n|\n|-heal|p1a: Umbreon|246/297|[from] item: Leftovers\n|upkeep\n|turn|7\n|\n|t:|1733882608\n|-terastallize|p2a: Sinistcha|Steel\n|move|p2a: Sinistcha|Calm Mind|p2a: Sinistcha\n|-boost|p2a: Sinistcha|spa|1\n|-boost|p2a: Sinistcha|spd|1\n|move|p1a: Umbreon|Foul Play|p2a: Sinistcha\n|-damage|p2a: Sinistcha|214/254\n|\n|-heal|p2a: Sinistcha|229/254|[from] item: Leftovers\n|-heal|p1a: Umbreon|264/297|[from] item: Leftovers\n|upkeep\n|turn|8\n|\n|t:|1733882620\n|switch|p1a: Chesnaught|Chesnaught, L84, F|285/285\n|move|p2a: Sinistcha|Calm Mind|p2a: Sinistcha\n|-boost|p2a: Sinistcha|spa|1\n|-boost|p2a: Sinistcha|spd|1\n|\n|-heal|p2a: Sinistcha|244/254|[from] item: Leftovers\n|upkeep\n|turn|9\n|\n|t:|1733882637\n|move|p2a: Sinistcha|Shadow Ball|p1a: Chesnaught\n|-immune|p1a: Chesnaught|[from] ability: Bulletproof\n|move|p1a: Chesnaught|Body Press|p2a: Sinistcha\n|-supereffective|p2a: Sinistcha\n|-damage|p2a: Sinistcha|70/254\n|\n|-heal|p2a: Sinistcha|85/254|[from] item: Leftovers\n|upkeep\n|turn|10\n|\n|t:|1733882642\n|move|p2a: Sinistcha|Strength Sap|p1a: Chesnaught\n|-unboost|p1a: Chesnaught|atk|1\n|-heal|p2a: Sinistcha|254/254\n|move|p1a: Chesnaught|Body Press|p2a: Sinistcha\n|-supereffective|p2a: Sinistcha\n|-damage|p2a: Sinistcha|86/254\n|\n|-heal|p2a: Sinistcha|101/254|[from] item: Leftovers\n|upkeep\n|turn|11\n|inactive|Ninjakhanhh has 120 seconds left.\n|\n|t:|1733882654\n|move|p2a: Sinistcha|Matcha Gotcha|p1a: Chesnaught\n|-resisted|p1a: Chesnaught\n|-damage|p1a: Chesnaught|183/285\n|-heal|p2a: Sinistcha|152/254|[from] drain|[of] p1a: Chesnaught\n|move|p1a: Chesnaught|Body Press|p2a: Sinistcha\n|-supereffective|p2a: Sinistcha\n|-damage|p2a: Sinistcha|0 fnt\n|faint|p2a: Sinistcha\n|\n|upkeep\n|\n|t:|1733882665\n|switch|p2a: Veluza|Veluza, L85, F|292/292\n|turn|12\n|\n|t:|1733882673\n|switch|p1a: Umbreon|Umbreon, L84, M|264/297\n|move|p2a: Veluza|Fillet Away|p2a: Veluza\n|-boost|p2a: Veluza|atk|2\n|-boost|p2a: Veluza|spa|2\n|-boost|p2a: Veluza|spe|2\n|-damage|p2a: Veluza|146/292\n|-enditem|p2a: Veluza|Sitrus Berry|[eat]\n|-heal|p2a: Veluza|219/292|[from] item: Sitrus Berry\n|\n|-heal|p1a: Umbreon|282/297|[from] item: Leftovers\n|upkeep\n|turn|13\n|inactive|Ninjakhanhh has 120 seconds left.\n|\n|t:|1733882681\n|move|p2a: Veluza|Aqua Cutter|p1a: Umbreon\n|-damage|p1a: Umbreon|71/297\n|move|p1a: Umbreon|Foul Play|p2a: Veluza\n|-supereffective|p2a: Veluza\n|-damage|p2a: Veluza|0 fnt\n|faint|p2a: Veluza\n|\n|-heal|p1a: Umbreon|89/297|[from] item: Leftovers\n|upkeep\n|inactive|Ninjakhanhh has 120 seconds left.\n|\n|t:|1733882694\n|switch|p2a: Miraidon|Miraidon, L65|207/238\n|-fieldstart|move: Electric Terrain|[from] ability: Hadron Engine|[of] p2a: Miraidon\n|turn|14\n|inactive|Ninjakhanhh has 120 seconds left.\n|\n|t:|1733882707\n|switch|p1a: Ting-Lu|Ting-Lu, L78|202/370\n|-ability|p1a: Ting-Lu|Vessel of Ruin\n|move|p2a: Miraidon|Draco Meteor|p1a: Ting-Lu\n|-damage|p1a: Ting-Lu|84/370\n|-unboost|p2a: Miraidon|spa|2\n|\n|-heal|p2a: Miraidon|221/238|[from] item: Leftovers\n|-heal|p1a: Ting-Lu|107/370|[from] item: Leftovers\n|upkeep\n|turn|15\n|inactive|Ninjakhanhh has 120 seconds left.\n|\n|t:|1733882722\n|switch|p2a: Spiritomb|Spiritomb, L89, M|234/234\n|move|p1a: Ting-Lu|Stealth Rock|p2a: Spiritomb\n|-sidestart|p2: Ninjakhanhh|move: Stealth Rock\n|\n|-heal|p1a: Ting-Lu|130/370|[from] item: Leftovers\n|upkeep\n|turn|16\n|inactive|Ninjakhanhh has 120 seconds left.\n|\n|t:|1733882729\n|switch|p1a: Umbreon|Umbreon, L84, M|89/297\n|move|p2a: Spiritomb|Toxic|p1a: Umbreon\n|-status|p1a: Umbreon|tox\n|-activate|p1a: Umbreon|ability: Synchronize\n|-status|p2a: Spiritomb|tox\n|\n|-heal|p1a: Umbreon|107/297 tox|[from] item: Leftovers\n|-damage|p1a: Umbreon|89/297 tox|[from] psn\n|-damage|p2a: Spiritomb|220/234 tox|[from] psn\n|upkeep\n|turn|17\n|inactive|Ninjakhanhh has 120 seconds left.\n|\n|t:|1733882744\n|switch|p2a: Volcarona|Volcarona, L77, M|257/257\n|move|p1a: Umbreon|Wish|p1a: Umbreon\n|\n|-heal|p1a: Umbreon|107/297 tox|[from] item: Leftovers\n|-damage|p1a: Umbreon|71/297 tox|[from] psn\n|upkeep\n|turn|18\n|\n|t:|1733882751\n|move|p2a: Volcarona|Quiver Dance|p2a: Volcarona\n|-boost|p2a: Volcarona|spa|1\n|-boost|p2a: Volcarona|spd|1\n|-boost|p2a: Volcarona|spe|1\n|move|p1a: Umbreon|Toxic|p2a: Volcarona\n|-status|p2a: Volcarona|tox\n|\n|-heal|p1a: Umbreon|219/297 tox|[from] move: Wish|[wisher] Umbreon\n|-heal|p1a: Umbreon|237/297 tox|[from] item: Leftovers\n|-damage|p2a: Volcarona|241/257 tox|[from] psn\n|-damage|p1a: Umbreon|183/297 tox|[from] psn\n|-fieldend|move: Electric Terrain\n|upkeep\n|turn|19\n|\n|t:|1733882756\n|move|p2a: Volcarona|Bug Buzz|p1a: Umbreon\n|-supereffective|p1a: Umbreon\n|-damage|p1a: Umbreon|0 fnt\n|faint|p1a: Umbreon\n|\n|-damage|p2a: Volcarona|209/257 tox|[from] psn\n|upkeep\n|\n|t:|1733882766\n|switch|p1a: Dusknoir|Dusknoir, L89, F|225/225\n|-item|p2a: Volcarona|Heavy-Duty Boots|[from] ability: Frisk|[of] p1a: Dusknoir\n|turn|20\n|\n|t:|1733882774\n|move|p2a: Volcarona|Fire Blast|p1a: Dusknoir\n|-damage|p1a: Dusknoir|105/225\n|move|p1a: Dusknoir|Poltergeist|p2a: Volcarona\n|-activate|p2a: Volcarona|move: Poltergeist|Heavy-Duty Boots\n|-damage|p2a: Volcarona|43/257 tox\n|\n|-heal|p1a: Dusknoir|119/225|[from] item: Leftovers\n|-damage|p2a: Volcarona|0 fnt|[from] psn\n|faint|p2a: Volcarona\n|upkeep\n|\n|t:|1733882787\n|switch|p2a: Spiritomb|Spiritomb, L89, M|220/234 tox\n|-damage|p2a: Spiritomb|191/234 tox|[from] Stealth Rock\n|turn|21\n|\n|t:|1733882796\n|move|p1a: Dusknoir|Poltergeist|p2a: Spiritomb\n|-activate|p2a: Spiritomb|move: Poltergeist|Leftovers\n|-damage|p2a: Spiritomb|80/234 tox\n|move|p2a: Spiritomb|Poltergeist|p1a: Dusknoir|[miss]\n|-miss|p2a: Spiritomb|p1a: Dusknoir\n|\n|-heal|p1a: Dusknoir|133/225|[from] item: Leftovers\n|-heal|p2a: Spiritomb|94/234 tox|[from] item: Leftovers\n|-damage|p2a: Spiritomb|80/234 tox|[from] psn\n|upkeep\n|turn|22\n|\n|t:|1733882805\n|move|p2a: Spiritomb|Sucker Punch|p1a: Dusknoir\n|-supereffective|p1a: Dusknoir\n|-damage|p1a: Dusknoir|17/225\n|move|p1a: Dusknoir|Poltergeist|p2a: Spiritomb\n|-activate|p2a: Spiritomb|move: Poltergeist|Leftovers\n|-damage|p2a: Spiritomb|0 fnt\n|faint|p2a: Spiritomb\n|\n|-heal|p1a: Dusknoir|31/225|[from] item: Leftovers\n|upkeep\n|\n|t:|1733882817\n|switch|p2a: Miraidon|Miraidon, L65|221/238\n|-damage|p2a: Miraidon|192/238|[from] Stealth Rock\n|-fieldstart|move: Electric Terrain|[from] ability: Hadron Engine|[of] p2a: Miraidon\n|turn|23\n|\n|t:|1733882827\n|move|p1a: Dusknoir|Shadow Sneak|p2a: Miraidon\n|-damage|p2a: Miraidon|138/238\n|move|p2a: Miraidon|Substitute|p2a: Miraidon\n|-start|p2a: Miraidon|Substitute\n|-damage|p2a: Miraidon|79/238\n|\n|-heal|p2a: Miraidon|93/238|[from] item: Leftovers\n|-heal|p1a: Dusknoir|45/225|[from] item: Leftovers\n|upkeep\n|turn|24\n|\n|t:|1733882838\n|move|p1a: Dusknoir|Shadow Sneak|p2a: Miraidon\n|-activate|p2a: Miraidon|move: Substitute|[damage]\n|move|p2a: Miraidon|Calm Mind|p2a: Miraidon\n|-boost|p2a: Miraidon|spa|1\n|-boost|p2a: Miraidon|spd|1\n|\n|-heal|p2a: Miraidon|107/238|[from] item: Leftovers\n|-heal|p1a: Dusknoir|59/225|[from] item: Leftovers\n|upkeep\n|turn|25\n|\n|t:|1733882843\n|move|p1a: Dusknoir|Shadow Sneak|p2a: Miraidon\n|-end|p2a: Miraidon|Substitute\n|move|p2a: Miraidon|Electro Drift|p1a: Dusknoir\n|-damage|p1a: Dusknoir|0 fnt\n|faint|p1a: Dusknoir\n|\n|-heal|p2a: Miraidon|121/238|[from] item: Leftovers\n|upkeep\n|\n|t:|1733882850\n|switch|p1a: Dedenne|Dedenne, L88, F|261/261\n|turn|26\n|\n|t:|1733882860\n|move|p1a: Dedenne|Dazzling Gleam|p2a: Miraidon\n|-supereffective|p2a: Miraidon\n|-damage|p2a: Miraidon|0 fnt\n|faint|p2a: Miraidon\n|\n|upkeep\n|\n|t:|1733882863\n|switch|p2a: Slowking|Slowking-Galar, L85, M|182/300\n|-damage|p2a: Slowking|145/300|[from] Stealth Rock\n|turn|27\n|-message|Ninjakhanhh forfeited.\n|\n|win|Oh didufghA\n|raw|Oh didufghA's rating: 1419 &rarr; <strong>1440</strong><br />(+21 for winning)\n|raw|Ninjakhanhh's rating: 1439 &rarr; <strong>1418</strong><br />(-21 for losing)\n|l|\u2606Ninjakhanhh\n|player|p2|\n", "inputlog": ">version bfd83cad13791eb5a5a409923076391caf6fb4d4\n>start {\"formatid\":\"gen9randombattle\",\"seed\":[1849,41775,31858,58368],\"rated\":\"Rated battle\"}\n>player p1 {\"name\":\"Oh didufghA\",\"avatar\":\"102\",\"rating\":1419,\"seed\":[61241,46473,56149,6789]}\n>player p2 {\"name\":\"Ninjakhanhh\",\"avatar\":\"102\",\"rating\":1439,\"seed\":[16415,56333,48805,24871]}\n>p1 move toxic\n>p2 move substitute\n>p1 switch 6\n>p2 move calmmind\n>p1 move whirlwind\n>p2 move dracometeor\n>p1 move earthquake\n>p2 move sludgebomb\n>p1 move earthquake\n>p2 switch 4\n>p1 switch 6\n>p2 move matchagotcha\n>p1 move foulplay\n>p2 move calmmind terastallize\n>p1 switch 2\n>p2 move calmmind\n>p1 move bodypress\n>p2 move shadowball\n>p1 move bodypress\n>p2 move strengthsap\n>p1 move bodypress\n>p2 move matchagotcha\n>p2 switch 3\n>p1 switch 2\n>p2 move filletaway\n>p1 move foulplay\n>p2 move aquacutter\n>p2 switch 6\n>p1 switch 6\n>p2 move dracometeor\n>p1 move stealthrock\n>p2 switch 5\n>p1 switch 6\n>p2 move toxic\n>p1 move wish\n>p2 switch 2\n>p1 move toxic\n>p2 move quiverdance\n>p1 move wish\n>p2 move bugbuzz\n>p1 switch 4\n>p1 move poltergeist\n>p2 move fireblast\n>p2 switch 2\n>p1 move poltergeist\n>p2 move poltergeist\n>p1 move poltergeist\n>p2 move suckerpunch\n>p2 switch 5\n>p1 move shadowsneak\n>p2 move substitute\n>p1 move shadowsneak\n>p2 move calmmind\n>p1 move shadowsneak\n>p2 move electrodrift\n>p1 switch 3\n>p1 move dazzlinggleam\n>p2 move electrodrift\n>p2 switch 4\n>forcelose p2", "uploadtime": 1733882872, "views": 1, "formatid": "gen9randombattle", "rating": 1418, "private": 0, "password": null}