{"id": "gen9randombattle-2253379332", "format": "[Gen 9] Random Battle", "players": ["wanted fame=got it", "AikonZ_Test"], "log": "|j|\u2606wanted fame=got it\n|j|\u2606AikonZ_Test\n|t:|1732885732\n|gametype|singles\n|player|p1|wanted fame=got it|elesa-masters|2280\n|player|p2|AikonZ_Test|veteran|2247\n|teamsize|p1|6\n|teamsize|p2|6\n|gen|9\n|tier|[Gen 9] Random Battle\n|rated|\n|rule|Species Clause: Limit one of each Pok\u00e9mon\n|rule|HP Percentage Mod: HP is shown in percentages\n|rule|Sleep Clause Mod: Limit one foe put to sleep\n|rule|Illusion Level Mod: Illusion disguises the Pok\u00e9mon's true level\n|\n|t:|1732885732\n|start\n|switch|p1a: Ampharos|Ampharos, L88, F|302/302\n|switch|p2a: Haxorus|Haxorus, L77, F|244/244\n|-ability|p2a: Haxorus|Mold Breaker\n|turn|1\n|inactive|Battle timer is ON: inactive players will automatically lose when time's up. (requested by wanted fame=got it)\n|\n|t:|1732885755\n|switch|p2a: Quagsire|Quagsire, L84, F|297/297\n|move|p1a: Ampharos|Dazzling Gleam|p2a: Quagsire\n|-damage|p2a: Quagsire|172/297\n|-damage|p1a: Ampharos|272/302|[from] item: Life Orb\n|\n|-heal|p2a: Quagsire|190/297|[from] item: Leftovers\n|upkeep\n|turn|2\n|inactive|wanted fame=got it has 120 seconds left.\n|\n|t:|1732885805\n|switch|p1a: Ludicolo|Ludicolo, L90, M|290/290\n|move|p2a: Quagsire|Toxic|p1a: Ludicolo\n|-status|p1a: Ludicolo|tox\n|\n|-heal|p2a: Quagsire|208/297|[from] item: Leftovers\n|-damage|p1a: Ludicolo|272/290 tox|[from] psn\n|upkeep\n|turn|3\n|\n|t:|1732885814\n|switch|p2a: Dialga|Dialga, L73|266/266\n|-ability|p2a: Dialga|Pressure\n|move|p1a: Ludicolo|Ice Beam|p2a: Dialga\n|-damage|p2a: Dialga|152/266\n|\n|-heal|p2a: Dialga|168/266|[from] item: Leftovers\n|-damage|p1a: Ludicolo|236/290 tox|[from] psn\n|upkeep\n|turn|4\n|\n|t:|1732885834\n|switch|p1a: Toedscruel|Toedscruel, L87, F|281/281\n|move|p2a: Dialga|Stealth Rock|p1a: Toedscruel\n|-sidestart|p1: wanted fame=got it|move: Stealth Rock\n|\n|-heal|p2a: Dialga|184/266|[from] item: Leftovers\n|upkeep\n|turn|5\n|\n|t:|1732885851\n|switch|p2a: Haxorus|Haxorus, L77, F|244/244\n|-ability|p2a: Haxorus|Mold Breaker\n|move|p1a: Toedscruel|Knock Off|p2a: Haxorus\n|-damage|p2a: Haxorus|180/244\n|-enditem|p2a: Haxorus|Loaded Dice|[from] move: Knock Off|[of] p1a: Toedscruel\n|\n|upkeep\n|turn|6\n|\n|t:|1732885863\n|move|p1a: Toedscruel|Earth Power|p2a: Haxorus\n|-damage|p2a: Haxorus|72/244\n|move|p2a: Haxorus|Swords Dance|p2a: Haxorus\n|-boost|p2a: Haxorus|atk|2\n|\n|upkeep\n|turn|7\n|\n|t:|1732885873\n|move|p1a: Toedscruel|Earth Power|p2a: Haxorus\n|-damage|p2a: Haxorus|0 fnt\n|faint|p2a: Haxorus\n|\n|upkeep\n|\n|t:|1732885893\n|switch|p2a: Salazzle|Salazzle, L83, F|249/249\n|turn|8\n|inactive|wanted fame=got it has 120 seconds left.\n|\n|t:|1732885908\n|-terastallize|p2a: Salazzle|Grass\n|move|p2a: Salazzle|Nasty Plot|p2a: Salazzle\n|-boost|p2a: Salazzle|spa|2\n|move|p1a: Toedscruel|Earth Power|p2a: Salazzle\n|-resisted|p2a: Salazzle\n|-damage|p2a: Salazzle|195/249\n|\n|upkeep\n|turn|9\n|inactive|wanted fame=got it has 120 seconds left.\n|\n|t:|1732885936\n|switch|p1a: Tentacruel|Tentacruel, L84, F|272/272\n|-damage|p1a: Tentacruel|238/272|[from] Stealth Rock\n|move|p2a: Salazzle|Nasty Plot|p2a: Salazzle\n|-boost|p2a: Salazzle|spa|2\n|\n|-heal|p1a: Tentacruel|255/272|[from] item: Leftovers\n|upkeep\n|turn|10\n|\n|t:|1732885949\n|move|p2a: Salazzle|Tera Blast|p1a: Tentacruel|[anim] Tera Blast Grass\n|-damage|p1a: Tentacruel|39/272\n|move|p1a: Tentacruel|Rapid Spin|p2a: Salazzle\n|-damage|p2a: Salazzle|154/249\n|-boost|p1a: Tentacruel|spe|1\n|-sideend|p1: wanted fame=got it|Stealth Rock|[from] move: Rapid Spin|[of] p1a: Tentacruel\n|\n|-heal|p1a: Tentacruel|56/272|[from] item: Leftovers\n|upkeep\n|turn|11\n|\n|t:|1732885959\n|switch|p2a: Dialga|Dialga, L73|184/266\n|-ability|p2a: Dialga|Pressure\n|move|p1a: Tentacruel|Sludge Bomb|p2a: Dialga\n|-immune|p2a: Dialga\n|\n|-heal|p1a: Tentacruel|73/272|[from] item: Leftovers\n|-heal|p2a: Dialga|200/266|[from] item: Leftovers\n|upkeep\n|turn|12\n|inactive|wanted fame=got it has 120 seconds left.\n|\n|t:|1732885967\n|switch|p1a: Toedscruel|Toedscruel, L87, F|281/281\n|move|p2a: Dialga|Fire Blast|p1a: Toedscruel\n|-supereffective|p1a: Toedscruel\n|-crit|p1a: Toedscruel\n|-damage|p1a: Toedscruel|103/281\n|-status|p1a: Toedscruel|brn\n|\n|-heal|p1a: Toedscruel|120/281 brn|[from] item: Leftovers\n|-heal|p2a: Dialga|216/266|[from] item: Leftovers\n|-damage|p1a: Toedscruel|103/281 brn|[from] brn\n|upkeep\n|turn|13\n|\n|t:|1732885972\n|switch|p2a: Salazzle|Salazzle, L83, F, tera:Grass|154/249\n|move|p1a: Toedscruel|Earth Power|p2a: Salazzle\n|-resisted|p2a: Salazzle\n|-damage|p2a: Salazzle|95/249\n|\n|-heal|p1a: Toedscruel|120/281 brn|[from] item: Leftovers\n|-damage|p1a: Toedscruel|103/281 brn|[from] brn\n|upkeep\n|turn|14\n|\n|t:|1732885981\n|switch|p1a: Typhlosion|Typhlosion, L84, M|267/267\n|move|p2a: Salazzle|Nasty Plot|p2a: Salazzle\n|-boost|p2a: Salazzle|spa|2\n|\n|upkeep\n|turn|15\n|\n|t:|1732885997\n|move|p1a: Typhlosion|Eruption|p2a: Salazzle\n|-supereffective|p2a: Salazzle\n|-damage|p2a: Salazzle|0 fnt\n|faint|p2a: Salazzle\n|\n|upkeep\n|\n|t:|1732886012\n|switch|p2a: Quagsire|Quagsire, L84, F|208/297\n|turn|16\n|\n|t:|1732886023\n|switch|p1a: Toedscruel|Toedscruel, L87, F|103/281 brn\n|move|p2a: Quagsire|Earthquake|p1a: Toedscruel\n|-resisted|p1a: Toedscruel\n|-damage|p1a: Toedscruel|46/281 brn\n|\n|-heal|p1a: Toedscruel|63/281 brn|[from] item: Leftovers\n|-heal|p2a: Quagsire|226/297|[from] item: Leftovers\n|-damage|p1a: Toedscruel|46/281 brn|[from] brn\n|upkeep\n|turn|17\n|\n|t:|1732886038\n|switch|p2a: Deoxys|Deoxys-Speed, L82|216/216\n|-ability|p2a: Deoxys|Pressure\n|move|p1a: Toedscruel|Giga Drain|p2a: Deoxys\n|-damage|p2a: Deoxys|138/216\n|-heal|p1a: Toedscruel|85/281 brn|[from] drain|[of] p2a: Deoxys\n|\n|-heal|p1a: Toedscruel|102/281 brn|[from] item: Leftovers\n|-damage|p1a: Toedscruel|85/281 brn|[from] brn\n|upkeep\n|turn|18\n|inactive|wanted fame=got it has 120 seconds left.\n|\n|t:|1732886069\n|move|p2a: Deoxys|Psycho Boost|p1a: Toedscruel\n|-damage|p1a: Toedscruel|0 fnt\n|-unboost|p2a: Deoxys|spa|2\n|faint|p1a: Toedscruel\n|-damage|p2a: Deoxys|117/216|[from] item: Life Orb\n|\n|upkeep\n|inactive|wanted fame=got it has 120 seconds left.\n|\n|t:|1732886095\n|switch|p1a: Ampharos|Ampharos, L88, F|272/302\n|turn|19\n|\n|t:|1732886101\n|switch|p2a: Dialga|Dialga, L73|216/266\n|-ability|p2a: Dialga|Pressure\n|move|p1a: Ampharos|Dazzling Gleam|p2a: Dialga\n|-damage|p2a: Dialga|122/266\n|-damage|p1a: Ampharos|242/302|[from] item: Life Orb\n|\n|-heal|p2a: Dialga|138/266|[from] item: Leftovers\n|upkeep\n|turn|20\n|\n|t:|1732886107\n|move|p2a: Dialga|Stealth Rock|p1a: Ampharos\n|-sidestart|p1: wanted fame=got it|move: Stealth Rock\n|move|p1a: Ampharos|Focus Blast|p2a: Dialga|[miss]\n|-miss|p1a: Ampharos|p2a: Dialga\n|\n|-heal|p2a: Dialga|154/266|[from] item: Leftovers\n|upkeep\n|turn|21\n|\n|t:|1732886130\n|move|p2a: Dialga|Draco Meteor|p1a: Ampharos\n|-damage|p1a: Ampharos|101/302\n|-unboost|p2a: Dialga|spa|2\n|move|p1a: Ampharos|Focus Blast|p2a: Dialga\n|-supereffective|p2a: Dialga\n|-damage|p2a: Dialga|0 fnt\n|faint|p2a: Dialga\n|-damage|p1a: Ampharos|71/302|[from] item: Life Orb\n|\n|upkeep\n|inactive|AikonZ_Test has 120 seconds left.\n|\n|t:|1732886146\n|switch|p2a: Deoxys|Deoxys-Speed, L82|117/216\n|-ability|p2a: Deoxys|Pressure\n|turn|22\n|\n|t:|1732886153\n|switch|p2a: Plusle|Plusle, L95, M|268/268\n|move|p1a: Ampharos|Thunderbolt|p2a: Plusle\n|-ability|p2a: Plusle|Lightning Rod|boost\n|-boost|p2a: Plusle|spa|1\n|\n|upkeep\n|turn|23\n|\n|t:|1732886165\n|switch|p1a: Tentacruel|Tentacruel, L84, F|73/272\n|-damage|p1a: Tentacruel|39/272|[from] Stealth Rock\n|move|p2a: Plusle|Thunderbolt|p1a: Tentacruel\n|-supereffective|p1a: Tentacruel\n|-damage|p1a: Tentacruel|0 fnt\n|faint|p1a: Tentacruel\n|-damage|p2a: Plusle|242/268|[from] item: Life Orb\n|\n|upkeep\n|inactive|wanted fame=got it has 120 seconds left.\n|\n|t:|1732886190\n|switch|p1a: Typhlosion|Typhlosion, L84, M|267/267\n|-damage|p1a: Typhlosion|201/267|[from] Stealth Rock\n|turn|24\n|inactive|AikonZ_Test has 120 seconds left.\n|\n|t:|1732886236\n|move|p1a: Typhlosion|Eruption|p2a: Plusle\n|-damage|p2a: Plusle|116/268\n|move|p2a: Plusle|Thunderbolt|p1a: Typhlosion\n|-damage|p1a: Typhlosion|0 fnt\n|faint|p1a: Typhlosion\n|-damage|p2a: Plusle|90/268|[from] item: Life Orb\n|\n|upkeep\n|\n|t:|1732886243\n|switch|p1a: Cinccino|Cinccino, L83, M|260/260\n|-damage|p1a: Cinccino|228/260|[from] Stealth Rock\n|turn|25\n|inactive|AikonZ_Test has 90 seconds left.\n|\n|t:|1732886268\n|move|p1a: Cinccino|Bullet Seed|p2a: Plusle\n|-damage|p2a: Plusle|54/268\n|-damage|p2a: Plusle|18/268\n|-damage|p2a: Plusle|0 fnt\n|faint|p2a: Plusle\n|-hitcount|p2: Plusle|3\n|\n|upkeep\n|\n|t:|1732886270\n|switch|p2a: Deoxys|Deoxys-Speed, L82|117/216\n|-ability|p2a: Deoxys|Pressure\n|turn|26\n|inactive|AikonZ_Test has 90 seconds left.\n|inactive|wanted fame=got it has 120 seconds left.\n|\n|t:|1732886302\n|-terastallize|p1a: Cinccino|Grass\n|move|p2a: Deoxys|Psycho Boost|p1a: Cinccino\n|-damage|p1a: Cinccino|0 fnt\n|-unboost|p2a: Deoxys|spa|2\n|faint|p1a: Cinccino\n|-damage|p2a: Deoxys|96/216|[from] item: Life Orb\n|\n|upkeep\n|\n|t:|1732886306\n|switch|p1a: Ludicolo|Ludicolo, L90, M|236/290 tox\n|-damage|p1a: Ludicolo|200/290 tox|[from] Stealth Rock\n|turn|27\n|inactive|AikonZ_Test has 90 seconds left.\n|\n|t:|1732886324\n|switch|p2a: Quagsire|Quagsire, L84, F|226/297\n|move|p1a: Ludicolo|Giga Drain|p2a: Quagsire\n|-supereffective|p2a: Quagsire\n|-damage|p2a: Quagsire|0 fnt\n|-heal|p1a: Ludicolo|290/290 tox|[from] drain|[of] p2a: Quagsire\n|faint|p2a: Quagsire\n|\n|-damage|p1a: Ludicolo|272/290 tox|[from] psn\n|upkeep\n|inactive|AikonZ_Test has 90 seconds left.\n|\n|t:|1732886330\n|switch|p2a: Deoxys|Deoxys-Speed, L82|96/216\n|-ability|p2a: Deoxys|Pressure\n|turn|28\n|\n|t:|1732886336\n|move|p2a: Deoxys|Dark Pulse|p1a: Ludicolo\n|-damage|p1a: Ludicolo|210/290 tox\n|-damage|p2a: Deoxys|75/216|[from] item: Life Orb\n|move|p1a: Ludicolo|Giga Drain|p2a: Deoxys\n|-damage|p2a: Deoxys|0 fnt\n|-heal|p1a: Ludicolo|248/290 tox|[from] drain|[of] p2a: Deoxys\n|faint|p2a: Deoxys\n|\n|win|wanted fame=got it\n|raw|wanted fame=got it's rating: 2280 &rarr; <strong>2298</strong><br />(+18 for winning)\n|raw|AikonZ_Test's rating: 2247 &rarr; <strong>2229</strong><br />(-18 for losing)\n|l|\u2606AikonZ_Test\n|player|p2|\n", "inputlog": ">version b107d77f5c90bd6555267ae244a6264823309ead\n>start {\"formatid\":\"gen9randombattle\",\"seed\":[28912,41480,48856,50894],\"rated\":\"Rated battle\"}\n>player p1 {\"name\":\"wanted fame=got it\",\"avatar\":\"elesa-masters\",\"rating\":2280,\"seed\":[44729,16783,22908,37829]}\n>player p2 {\"name\":\"AikonZ_Test\",\"avatar\":\"veteran\",\"rating\":2247,\"seed\":[44476,50207,24610,10932]}\n>p1 move dazzlinggleam\n>p2 switch 2\n>p1 switch 2\n>p2 move toxic\n>p1 move icebeam\n>p2 switch 5\n>p1 switch 4\n>p2 move stealthrock\n>p1 move knockoff\n>p2 switch 2\n>p1 move earthpower\n>p2 move swordsdance\n>p1 move earthpower\n>p2 move scaleshot\n>p2 switch 4\n>p1 move earthpower\n>p2 move nastyplot terastallize\n>p1 switch 3\n>p2 move nastyplot\n>p1 move rapidspin\n>p2 move terablast\n>p1 move sludgebomb\n>p2 switch 2\n>p1 switch 3\n>p2 move fireblast\n>p1 move earthpower\n>p2 switch 2\n>p1 switch 5\n>p2 move nastyplot\n>p1 move eruption\n>p2 move sludgewave\n>p2 switch 5\n>p1 switch 5\n>p2 move earthquake\n>p1 move gigadrain\n>p2 switch 6\n>p1 move earthpower\n>p2 move psychoboost\n>p1 switch 2\n>p1 move dazzlinggleam\n>p2 switch 2\n>p1 move focusblast\n>p2 move stealthrock\n>p1 move focusblast\n>p2 move dracometeor\n>p2 switch 2\n>p1 move thunderbolt\n>p2 switch 3\n>p1 switch 3\n>p2 move thunderbolt\n>p1 switch 5\n>p1 move eruption\n>p2 move thunderbolt\n>p1 switch 6\n>p1 move bulletseed\n>p2 move thunderbolt\n>p2 switch 3\n>p1 move tidyup terastallize\n>p2 move psychoboost\n>p1 switch 4\n>p1 move gigadrain\n>p2 switch 6\n>p2 switch 6\n>p1 move gigadrain\n>p2 move darkpulse", "uploadtime": 1732886428, "views": 13, "formatid": "gen9randombattle", "rating": 2229, "private": 0, "password": null}