{"id": "gen9randombattle-2260682007", "format": "[Gen 9] Random Battle", "players": ["Huyyvv", "Shittyhuman"], "log": "|j|\u2606Huyyvv\n|j|\u2606Shittyhuman\n|t:|1733877814\n|gametype|singles\n|player|p1|Huyyvv|veteranf|1319\n|player|p2|Shittyhuman|cynthia-gen4|1323\n|teamsize|p1|6\n|teamsize|p2|6\n|gen|9\n|tier|[Gen 9] Random Battle\n|rated|\n|rule|Species Clause: Limit one of each Pok\u00e9mon\n|rule|HP Percentage Mod: HP is shown in percentages\n|rule|Sleep Clause Mod: Limit one foe put to sleep\n|rule|Illusion Level Mod: Illusion disguises the Pok\u00e9mon's true level\n|\n|t:|1733877814\n|start\n|switch|p1a: Mabosstiff|Mabosstiff, L86, F|278/278\n|switch|p2a: Registeel|Registeel, L81|262/262\n|turn|1\n|inactive|Battle timer is ON: inactive players will automatically lose when time's up. (requested by Shittyhuman)\n|inactive|Huyyvv also wants the timer to be on.\n|\n|t:|1733877829\n|switch|p1a: Annihilape|Annihilape, L76, M|292/292\n|move|p2a: Registeel|Stealth Rock|p1a: Annihilape\n|-sidestart|p1: Huyyvv|move: Stealth Rock\n|\n|upkeep\n|turn|2\n|\n|t:|1733877835\n|switch|p2a: Pyroar|Pyroar, L88, F|295/295\n|-ability|p2a: Pyroar|Unnerve\n|move|p1a: Annihilape|Bulk Up|p1a: Annihilape\n|-boost|p1a: Annihilape|atk|1\n|-boost|p1a: Annihilape|def|1\n|\n|upkeep\n|turn|3\n|\n|t:|1733877844\n|move|p2a: Pyroar|Will-O-Wisp|p1a: Annihilape\n|-status|p1a: Annihilape|brn\n|move|p1a: Annihilape|Bulk Up|p1a: Annihilape\n|-boost|p1a: Annihilape|atk|1\n|-boost|p1a: Annihilape|def|1\n|\n|-damage|p1a: Annihilape|274/292 brn|[from] brn\n|upkeep\n|turn|4\n|\n|t:|1733877853\n|move|p2a: Pyroar|Dark Pulse|p1a: Annihilape\n|-damage|p1a: Annihilape|204/292 brn\n|move|p1a: Annihilape|Bulk Up|p1a: Annihilape\n|-boost|p1a: Annihilape|atk|1\n|-boost|p1a: Annihilape|def|1\n|\n|-heal|p1a: Annihilape|222/292 brn|[from] item: Leftovers\n|-damage|p1a: Annihilape|204/292 brn|[from] brn\n|upkeep\n|turn|5\n|\n|t:|1733877862\n|move|p2a: Pyroar|Fire Blast|p1a: Annihilape\n|-damage|p1a: Annihilape|51/292 brn\n|move|p1a: Annihilape|Bulk Up|p1a: Annihilape\n|-boost|p1a: Annihilape|atk|1\n|-boost|p1a: Annihilape|def|1\n|\n|-heal|p1a: Annihilape|69/292 brn|[from] item: Leftovers\n|-damage|p1a: Annihilape|51/292 brn|[from] brn\n|upkeep\n|turn|6\n|\n|t:|1733877868\n|move|p2a: Pyroar|Fire Blast|p1a: Annihilape\n|-damage|p1a: Annihilape|0 fnt\n|faint|p1a: Annihilape\n|\n|upkeep\n|\n|t:|1733877877\n|switch|p1a: Golduck|Golduck, L90, F|290/290\n|-damage|p1a: Golduck|254/290|[from] Stealth Rock\n|-ability|p1a: Golduck|Cloud Nine\n|turn|7\n|\n|t:|1733877887\n|switch|p2a: Registeel|Registeel, L81|262/262\n|move|p1a: Golduck|Nasty Plot|p1a: Golduck\n|-boost|p1a: Golduck|spa|2\n|\n|-heal|p1a: Golduck|272/290|[from] item: Leftovers\n|upkeep\n|turn|8\n|\n|t:|1733877894\n|move|p1a: Golduck|Hydro Pump|p2a: Registeel\n|-damage|p2a: Registeel|99/262\n|move|p2a: Registeel|Thunder Wave|p1a: Golduck\n|-status|p1a: Golduck|par\n|\n|-heal|p2a: Registeel|115/262|[from] item: Leftovers\n|-heal|p1a: Golduck|290/290 par|[from] item: Leftovers\n|upkeep\n|turn|9\n|\n|t:|1733877904\n|move|p2a: Registeel|Iron Head|p1a: Golduck\n|-resisted|p1a: Golduck\n|-damage|p1a: Golduck|258/290 par\n|cant|p1a: Golduck|par\n|\n|-heal|p2a: Registeel|131/262|[from] item: Leftovers\n|-heal|p1a: Golduck|276/290 par|[from] item: Leftovers\n|upkeep\n|turn|10\n|\n|t:|1733877914\n|move|p2a: Registeel|Iron Head|p1a: Golduck\n|-resisted|p1a: Golduck\n|-damage|p1a: Golduck|242/290 par\n|cant|p1a: Golduck|flinch\n|\n|-heal|p2a: Registeel|147/262|[from] item: Leftovers\n|-heal|p1a: Golduck|260/290 par|[from] item: Leftovers\n|upkeep\n|turn|11\n|\n|t:|1733877922\n|move|p2a: Registeel|Iron Head|p1a: Golduck\n|-resisted|p1a: Golduck\n|-damage|p1a: Golduck|224/290 par\n|move|p1a: Golduck|Hydro Pump|p2a: Registeel|[miss]\n|-miss|p1a: Golduck|p2a: Registeel\n|\n|-heal|p2a: Registeel|163/262|[from] item: Leftovers\n|-heal|p1a: Golduck|242/290 par|[from] item: Leftovers\n|upkeep\n|turn|12\n|c|\u2606Huyyvv|I swear\n|\n|t:|1733877935\n|move|p2a: Registeel|Iron Head|p1a: Golduck\n|-resisted|p1a: Golduck\n|-damage|p1a: Golduck|209/290 par\n|cant|p1a: Golduck|flinch\n|\n|-heal|p2a: Registeel|179/262|[from] item: Leftovers\n|-heal|p1a: Golduck|227/290 par|[from] item: Leftovers\n|upkeep\n|turn|13\n|c|\u2606Huyyvv|We are going to be here all day\n|c|\u2606Shittyhuman|You have to get passed iron flinch, para and hydropump inaccuracy\n|c|\u2606Shittyhuman|This is ALL calculated\n|\n|t:|1733877964\n|move|p2a: Registeel|Iron Head|p1a: Golduck\n|-resisted|p1a: Golduck\n|-damage|p1a: Golduck|191/290 par\n|cant|p1a: Golduck|flinch\n|\n|-heal|p2a: Registeel|195/262|[from] item: Leftovers\n|-heal|p1a: Golduck|209/290 par|[from] item: Leftovers\n|upkeep\n|turn|14\n|\n|t:|1733877972\n|move|p2a: Registeel|Iron Head|p1a: Golduck\n|-resisted|p1a: Golduck\n|-damage|p1a: Golduck|175/290 par\n|cant|p1a: Golduck|flinch\n|\n|-heal|p2a: Registeel|211/262|[from] item: Leftovers\n|-heal|p1a: Golduck|193/290 par|[from] item: Leftovers\n|upkeep\n|turn|15\n|\n|t:|1733877980\n|move|p2a: Registeel|Iron Head|p1a: Golduck\n|-resisted|p1a: Golduck\n|-damage|p1a: Golduck|157/290 par\n|cant|p1a: Golduck|flinch\n|\n|-heal|p2a: Registeel|227/262|[from] item: Leftovers\n|-heal|p1a: Golduck|175/290 par|[from] item: Leftovers\n|upkeep\n|turn|16\n|\n|t:|1733877987\n|move|p2a: Registeel|Iron Head|p1a: Golduck\n|-resisted|p1a: Golduck\n|-damage|p1a: Golduck|143/290 par\n|move|p1a: Golduck|Hydro Pump|p2a: Registeel\n|-damage|p2a: Registeel|58/262\n|\n|-heal|p2a: Registeel|74/262|[from] item: Leftovers\n|-heal|p1a: Golduck|161/290 par|[from] item: Leftovers\n|upkeep\n|turn|17\n|c|\u2606Huyyvv|Please\n|c|\u2606Huyyvv|I swear\n|\n|t:|1733878005\n|move|p2a: Registeel|Iron Head|p1a: Golduck\n|-resisted|p1a: Golduck\n|-damage|p1a: Golduck|130/290 par\n|move|p1a: Golduck|Hydro Pump|p2a: Registeel\n|-damage|p2a: Registeel|0 fnt\n|faint|p2a: Registeel\n|\n|-heal|p1a: Golduck|148/290 par|[from] item: Leftovers\n|upkeep\n|\n|t:|1733878015\n|switch|p2a: Leafeon|Leafeon, L88, F|258/258\n|turn|18\n|c|\u2606Shittyhuman|damn\n|\n|t:|1733878022\n|move|p2a: Leafeon|Swords Dance|p2a: Leafeon\n|-boost|p2a: Leafeon|atk|2\n|cant|p1a: Golduck|par\n|\n|-heal|p1a: Golduck|166/290 par|[from] item: Leftovers\n|upkeep\n|turn|19\n|c|\u2606Shittyhuman|LOL\n|c|\u2606Huyyvv|I cwnt\n|c|\u2606Shittyhuman|NEVER PUNISHED\n|c|\u2606Huyyvv|Cant\n|c|\u2606Huyyvv|i had ice beam\n|\n|t:|1733878047\n|move|p2a: Leafeon|Leaf Blade|p1a: Golduck\n|-supereffective|p1a: Golduck\n|-damage|p1a: Golduck|0 fnt\n|faint|p1a: Golduck\n|\n|upkeep\n|\n|t:|1733878056\n|switch|p1a: Bombirdier|Bombirdier, L85, F|258/258\n|-damage|p1a: Bombirdier|194/258|[from] Stealth Rock\n|turn|20\n|\n|t:|1733878073\n|move|p2a: Leafeon|Knock Off|p1a: Bombirdier\n|-resisted|p1a: Bombirdier\n|-damage|p1a: Bombirdier|112/258\n|-enditem|p1a: Bombirdier|Choice Band|[from] move: Knock Off|[of] p2a: Leafeon\n|move|p1a: Bombirdier|Brave Bird|p2a: Leafeon\n|-supereffective|p2a: Leafeon\n|-damage|p2a: Leafeon|70/258\n|-damage|p1a: Bombirdier|50/258|[from] Recoil\n|\n|-heal|p2a: Leafeon|86/258|[from] item: Leftovers\n|upkeep\n|turn|21\n|c|\u2606Shittyhuman|HUGE KNOCK OFF\n|\n|t:|1733878089\n|move|p2a: Leafeon|Leaf Blade|p1a: Bombirdier\n|-resisted|p1a: Bombirdier\n|-damage|p1a: Bombirdier|0 fnt\n|faint|p1a: Bombirdier\n|\n|-heal|p2a: Leafeon|102/258|[from] item: Leftovers\n|upkeep\n|\n|t:|1733878094\n|switch|p1a: Drifblim|Drifblim, L86, F|398/398\n|turn|22\n|\n|t:|1733878100\n|move|p2a: Leafeon|Knock Off|p1a: Drifblim\n|-supereffective|p1a: Drifblim\n|-damage|p1a: Drifblim|0 fnt\n|-damage|p2a: Leafeon|38/258|[from] ability: Aftermath|[of] p1a: Drifblim\n|-enditem|p1a: Drifblim|Heavy-Duty Boots|[from] move: Knock Off|[of] p2a: Leafeon\n|faint|p1a: Drifblim\n|\n|-heal|p2a: Leafeon|54/258|[from] item: Leftovers\n|upkeep\n|\n|t:|1733878109\n|switch|p1a: Mabosstiff|Mabosstiff, L86, F|278/278\n|-damage|p1a: Mabosstiff|244/278|[from] Stealth Rock\n|turn|23\n|\n|t:|1733878117\n|move|p1a: Mabosstiff|Crunch|p2a: Leafeon\n|-damage|p2a: Leafeon|0 fnt\n|faint|p2a: Leafeon\n|\n|upkeep\n|\n|t:|1733878129\n|switch|p2a: Pyroar|Pyroar, L88, F|295/295\n|-ability|p2a: Pyroar|Unnerve\n|turn|24\n|\n|t:|1733878135\n|switch|p1a: Sandy Shocks|Sandy Shocks, L80|267/267\n|-damage|p1a: Sandy Shocks|251/267|[from] Stealth Rock\n|move|p2a: Pyroar|Will-O-Wisp|p1a: Sandy Shocks|[miss]\n|-miss|p2a: Pyroar|p1a: Sandy Shocks\n|\n|-heal|p1a: Sandy Shocks|267/267|[from] item: Leftovers\n|upkeep\n|turn|25\n|\n|t:|1733878145\n|move|p2a: Pyroar|Dark Pulse|p1a: Sandy Shocks\n|-damage|p1a: Sandy Shocks|192/267\n|cant|p1a: Sandy Shocks|flinch\n|\n|-heal|p1a: Sandy Shocks|208/267|[from] item: Leftovers\n|upkeep\n|turn|26\n|c|\u2606Shittyhuman|LOL\n|\n|t:|1733878154\n|switch|p2a: Rayquaza|Rayquaza, L72|270/270\n|-ability|p2a: Rayquaza|Air Lock\n|move|p1a: Sandy Shocks|Earth Power|p2a: Rayquaza\n|-immune|p2a: Rayquaza\n|\n|-heal|p1a: Sandy Shocks|224/267|[from] item: Leftovers\n|upkeep\n|turn|27\n|\n|t:|1733878167\n|move|p1a: Sandy Shocks|Thunder Wave|p2a: Rayquaza\n|-status|p2a: Rayquaza|par\n|cant|p2a: Rayquaza|par\n|\n|-heal|p1a: Sandy Shocks|240/267|[from] item: Leftovers\n|upkeep\n|turn|28\n|c|\u2606Shittyhuman|Damn\n|\n|t:|1733878176\n|-end|p1a: Sandy Shocks|Protosynthesis|[silent]\n|switch|p1a: Mabosstiff|Mabosstiff, L86, F|244/278\n|-damage|p1a: Mabosstiff|210/278|[from] Stealth Rock\n|move|p2a: Rayquaza|Swords Dance|p2a: Rayquaza\n|-boost|p2a: Rayquaza|atk|2\n|\n|upkeep\n|turn|29\n|c|\u2606Huyyvv|How the tables turn\n|\n|t:|1733878185\n|-terastallize|p1a: Mabosstiff|Fairy\n|-terastallize|p2a: Rayquaza|Normal\n|move|p2a: Rayquaza|Extreme Speed|p1a: Mabosstiff\n|-damage|p1a: Mabosstiff|54/278\n|move|p1a: Mabosstiff|Play Rough|p2a: Rayquaza\n|-damage|p2a: Rayquaza|137/270 par\n|\n|upkeep\n|turn|30\n|c|\u2606Shittyhuman|:3\n|\n|t:|1733878195\n|move|p2a: Rayquaza|Extreme Speed|p1a: Mabosstiff\n|-damage|p1a: Mabosstiff|0 fnt\n|faint|p1a: Mabosstiff\n|\n|upkeep\n|\n|t:|1733878199\n|switch|p1a: Sandy Shocks|Sandy Shocks, L80|240/267\n|-damage|p1a: Sandy Shocks|224/267|[from] Stealth Rock\n|turn|31\n|\n|t:|1733878207\n|move|p1a: Sandy Shocks|Earth Power|p2a: Rayquaza\n|-damage|p2a: Rayquaza|20/270 par\n|cant|p2a: Rayquaza|par\n|\n|-heal|p1a: Sandy Shocks|240/267|[from] item: Leftovers\n|upkeep\n|turn|32\n|c|\u2606Shittyhuman|\"Hi squidward\"\n|\n|t:|1733878216\n|cant|p2a: Rayquaza|par\n|move|p1a: Sandy Shocks|Thunderbolt|p2a: Rayquaza\n|-damage|p2a: Rayquaza|0 fnt\n|faint|p2a: Rayquaza\n|\n|-heal|p1a: Sandy Shocks|256/267|[from] item: Leftovers\n|upkeep\n|\n|t:|1733878220\n|switch|p2a: Iron Bundle|Iron Bundle, L77|213/213\n|turn|33\n|\n|t:|1733878226\n|move|p2a: Iron Bundle|Hydro Pump|p1a: Sandy Shocks\n|-supereffective|p1a: Sandy Shocks\n|-damage|p1a: Sandy Shocks|0 fnt\n|faint|p1a: Sandy Shocks\n|-end|p1a: Sandy Shocks|Protosynthesis|[silent]\n|\n|win|Shittyhuman\n|raw|Huyyvv's rating: 1319 &rarr; <strong>1299</strong><br />(-20 for losing)\n|raw|Shittyhuman's rating: 1323 &rarr; <strong>1343</strong><br />(+20 for winning)\n|c|\u2606Shittyhuman|gg\n", "inputlog": ">version bfd83cad13791eb5a5a409923076391caf6fb4d4\n>start {\"formatid\":\"gen9randombattle\",\"seed\":[28460,13506,8774,7886],\"rated\":\"Rated battle\"}\n>player p1 {\"name\":\"Huyyvv\",\"avatar\":\"veteranf\",\"rating\":1319,\"seed\":[8277,3552,5932,62349]}\n>player p2 {\"name\":\"Shittyhuman\",\"avatar\":\"cynthia-gen4\",\"rating\":1323,\"seed\":[77,59537,47013,37687]}\n>p1 switch 4\n>p2 move stealthrock\n>p1 move bulkup\n>p2 switch 2\n>p1 move bulkup\n>p2 move willowisp\n>p1 move bulkup\n>p2 move darkpulse\n>p1 move bulkup\n>p2 move fireblast\n>p1 move drainpunch\n>p2 move fireblast\n>p1 switch 5\n>p1 move nastyplot\n>p2 switch 2\n>p1 move hydropump\n>p2 move thunderwave\n>p1 move hydropump\n>p2 move ironhead\n>p1 move hydropump\n>p2 move ironhead\n>p1 move hydropump\n>p2 move ironhead\n>chat \u2606Huyyvv|I swear \n>p1 move hydropump\n>p2 move ironhead\n>chat \u2606Huyyvv|We are going to be here all day\n>chat \u2606Shittyhuman|You have to get passed iron flinch, para and hydropump inaccuracy\n>chat \u2606Shittyhuman|This is ALL calculated\n>p1 move hydropump\n>p2 move ironhead\n>p1 move hydropump\n>p2 move ironhead\n>p1 move hydropump\n>p2 move ironhead\n>p1 move hydropump\n>p2 move ironhead\n>chat \u2606Huyyvv|Please \n>chat \u2606Huyyvv|I swear \n>p1 move hydropump\n>p2 move ironhead\n>p2 switch 6\n>chat \u2606Shittyhuman|damn\n>p1 move icebeam\n>p2 move swordsdance\n>chat \u2606Shittyhuman|LOL\n>chat \u2606Huyyvv|I cwnt\n>chat \u2606Shittyhuman|NEVER PUNISHED\n>chat \u2606Huyyvv|Cant\n>chat \u2606Huyyvv|i had ice beam\n>p1 move icebeam\n>p2 move leafblade\n>p1 switch 2\n>p1 move bravebird\n>p2 move knockoff\n>chat \u2606Shittyhuman|HUGE KNOCK OFF\n>p1 move bravebird\n>p2 move leafblade\n>p1 switch 3\n>p1 move defog\n>p2 move knockoff\n>p1 switch 4\n>p1 move crunch\n>p2 move leafblade\n>p2 switch 2\n>p1 switch 6\n>p2 move willowisp\n>p1 move thunderwave\n>p2 move darkpulse\n>chat \u2606Shittyhuman|LOL\n>p1 move earthpower\n>p2 switch 4\n>p1 move thunderwave\n>p2 move swordsdance\n>chat \u2606Shittyhuman|Damn\n>p1 switch 6\n>p2 move swordsdance\n>chat \u2606Huyyvv|How the tables turn \n>p1 move playrough terastallize\n>p2 move extremespeed terastallize\n>chat \u2606Shittyhuman|:3\n>p1 move playrough\n>p2 move extremespeed\n>p1 switch 6\n>p1 move earthpower\n>p2 move earthquake\n>chat \u2606Shittyhuman|\"Hi squidward\"\n>p1 move thunderbolt\n>p2 move extremespeed\n>p2 switch 5\n>p1 move thunderbolt\n>p2 move hydropump", "uploadtime": 1733878233, "views": 1, "formatid": "gen9randombattle", "rating": 1299, "private": 0, "password": null}