{"id": "gen9randombattle-2260514248", "format": "[Gen 9] Random Battle", "players": ["BigBossJnack", "mkap"], "log": "|j|\u2606BigBossJnack\n|j|\u2606mkap\n|t:|1733858965\n|gametype|singles\n|player|p1|BigBossJnack|169|1960\n|player|p2|mkap|lusamine-nihilego|1947\n|teamsize|p1|6\n|teamsize|p2|6\n|gen|9\n|tier|[Gen 9] Random Battle\n|rated|\n|rule|Species Clause: Limit one of each Pok\u00e9mon\n|rule|HP Percentage Mod: HP is shown in percentages\n|rule|Sleep Clause Mod: Limit one foe put to sleep\n|rule|Illusion Level Mod: Illusion disguises the Pok\u00e9mon's true level\n|\n|t:|1733858965\n|start\n|switch|p1a: Grafaiai|Grafaiai, L86, M|249/249\n|switch|p2a: Serperior|Serperior, L79, F|248/248\n|turn|1\n|\n|t:|1733858980\n|switch|p2a: Iron Treads|Iron Treads, L77|265/265\n|move|p1a: Grafaiai|Gunk Shot|p2a: Iron Treads\n|-immune|p2a: Iron Treads\n|\n|upkeep\n|turn|2\n|\n|t:|1733858988\n|move|p1a: Grafaiai|Parting Shot|p2a: Iron Treads\n|-unboost|p2a: Iron Treads|atk|1\n|-unboost|p2a: Iron Treads|spa|1\n|\n|t:|1733858992\n|switch|p1a: Mudsdale|Mudsdale, L84, M|305/305|[from] Parting Shot\n|move|p2a: Iron Treads|Earthquake|p1a: Mudsdale\n|-damage|p1a: Mudsdale|241/305\n|-ability|p1a: Mudsdale|Stamina|boost\n|-boost|p1a: Mudsdale|def|1\n|\n|-heal|p1a: Mudsdale|260/305|[from] item: Leftovers\n|upkeep\n|turn|3\n|\n|t:|1733859001\n|-end|p2a: Iron Treads|Quark Drive|[silent]\n|switch|p2a: Serperior|Serperior, L79, F|248/248\n|move|p1a: Mudsdale|Heavy Slam|p2a: Serperior\n|-damage|p2a: Serperior|151/248\n|\n|-heal|p2a: Serperior|166/248|[from] item: Leftovers\n|-heal|p1a: Mudsdale|279/305|[from] item: Leftovers\n|upkeep\n|turn|4\n|\n|t:|1733859026\n|switch|p1a: Arboliva|Arboliva, L91, M|288/288\n|move|p2a: Serperior|Leech Seed|p1a: Arboliva\n|-immune|p1a: Arboliva\n|\n|-heal|p2a: Serperior|181/248|[from] item: Leftovers\n|upkeep\n|turn|5\n|\n|t:|1733859032\n|move|p2a: Serperior|Leaf Storm|p1a: Arboliva\n|-resisted|p1a: Arboliva\n|-damage|p1a: Arboliva|250/288\n|-boost|p2a: Serperior|spa|2\n|move|p1a: Arboliva|Hyper Voice|p2a: Serperior\n|-damage|p2a: Serperior|37/248\n|\n|-heal|p2a: Serperior|52/248|[from] item: Leftovers\n|upkeep\n|turn|6\n|\n|t:|1733859039\n|move|p1a: Arboliva|Protect|p1a: Arboliva\n|-singleturn|p1a: Arboliva|Protect\n|move|p2a: Serperior|Leaf Storm|p1a: Arboliva\n|-activate|p1a: Arboliva|move: Protect\n|\n|-heal|p2a: Serperior|67/248|[from] item: Leftovers\n|upkeep\n|turn|7\n|\n|t:|1733859043\n|move|p2a: Serperior|Leaf Storm|p1a: Arboliva|[miss]\n|-miss|p2a: Serperior|p1a: Arboliva\n|move|p1a: Arboliva|Hyper Voice|p2a: Serperior\n|-damage|p2a: Serperior|0 fnt\n|faint|p2a: Serperior\n|\n|upkeep\n|\n|t:|1733859046\n|switch|p2a: Froslass|Froslass, L87, F|263/263\n|turn|8\n|\n|t:|1733859052\n|move|p2a: Froslass|Triple Axel|p1a: Arboliva\n|-supereffective|p1a: Arboliva\n|-damage|p1a: Arboliva|212/288\n|-supereffective|p1a: Arboliva\n|-damage|p1a: Arboliva|144/288\n|-enditem|p1a: Arboliva|Sitrus Berry|[eat]\n|-heal|p1a: Arboliva|216/288|[from] item: Sitrus Berry\n|-supereffective|p1a: Arboliva\n|-damage|p1a: Arboliva|118/288\n|-hitcount|p1a: Arboliva|3\n|move|p1a: Arboliva|Leech Seed|p2a: Froslass\n|-start|p2a: Froslass|move: Leech Seed\n|\n|-damage|p2a: Froslass|231/263|[from] Leech Seed|[of] p1a: Arboliva\n|-heal|p1a: Arboliva|150/288|[silent]\n|upkeep\n|turn|9\n|\n|t:|1733859062\n|move|p1a: Arboliva|Protect|p1a: Arboliva\n|-singleturn|p1a: Arboliva|Protect\n|move|p2a: Froslass|Taunt|p1a: Arboliva\n|-activate|p1a: Arboliva|move: Protect\n|\n|-damage|p2a: Froslass|199/263|[from] Leech Seed|[of] p1a: Arboliva\n|-heal|p1a: Arboliva|182/288|[silent]\n|-item|p1a: Arboliva|Sitrus Berry|[from] ability: Harvest\n|upkeep\n|turn|10\n|\n|t:|1733859069\n|switch|p1a: Gurdurr|Gurdurr, L85, F|283/283\n|move|p2a: Froslass|Triple Axel|p1a: Gurdurr\n|-damage|p1a: Gurdurr|268/283\n|-damage|p1a: Gurdurr|240/283\n|-damage|p1a: Gurdurr|200/283\n|-hitcount|p1a: Gurdurr|3\n|\n|-damage|p2a: Froslass|167/263|[from] Leech Seed|[of] p1a: Gurdurr\n|-heal|p1a: Gurdurr|232/283|[silent]\n|upkeep\n|turn|11\n|\n|t:|1733859073\n|switch|p2a: Indeedee|Indeedee, L84, M|238/238\n|-fieldstart|move: Psychic Terrain|[from] ability: Psychic Surge|[of] p2a: Indeedee\n|move|p1a: Gurdurr|Knock Off|p2a: Indeedee\n|-supereffective|p2a: Indeedee\n|-damage|p2a: Indeedee|42/238\n|-enditem|p2a: Indeedee|Life Orb|[from] move: Knock Off|[of] p1a: Gurdurr\n|\n|upkeep\n|turn|12\n|\n|t:|1733859098\n|-terastallize|p1a: Gurdurr|Steel\n|move|p2a: Indeedee|Expanding Force|p1a: Gurdurr\n|-resisted|p1a: Gurdurr\n|-damage|p1a: Gurdurr|152/283\n|move|p1a: Gurdurr|Drain Punch|p2a: Indeedee\n|-damage|p2a: Indeedee|0 fnt\n|-heal|p1a: Gurdurr|173/283|[from] drain|[of] p2a: Indeedee\n|faint|p2a: Indeedee\n|\n|upkeep\n|\n|t:|1733859119\n|switch|p2a: Sandslash|Sandslash, L88, M|275/275\n|turn|13\n|\n|t:|1733859137\n|switch|p1a: Arboliva|Arboliva, L91, M|182/288\n|move|p2a: Sandslash|Swords Dance|p2a: Sandslash\n|-boost|p2a: Sandslash|atk|2\n|\n|upkeep\n|turn|14\n|\n|t:|1733859185\n|-terastallize|p2a: Sandslash|Dragon\n|move|p2a: Sandslash|Swords Dance|p2a: Sandslash\n|-boost|p2a: Sandslash|atk|2\n|move|p1a: Arboliva|Leech Seed|p2a: Sandslash\n|-start|p2a: Sandslash|move: Leech Seed\n|\n|-damage|p2a: Sandslash|241/275|[from] Leech Seed|[of] p1a: Arboliva\n|-heal|p1a: Arboliva|216/288|[silent]\n|upkeep\n|turn|15\n|\n|t:|1733859193\n|move|p1a: Arboliva|Protect|p1a: Arboliva\n|-singleturn|p1a: Arboliva|Protect\n|move|p2a: Sandslash|Rapid Spin|p1a: Arboliva\n|-activate|p1a: Arboliva|move: Protect\n|\n|-heal|p2a: Sandslash|258/275|[from] item: Leftovers\n|-damage|p2a: Sandslash|224/275|[from] Leech Seed|[of] p1a: Arboliva\n|-heal|p1a: Arboliva|250/288|[silent]\n|-fieldend|move: Psychic Terrain\n|upkeep\n|turn|16\n|\n|t:|1733859199\n|move|p2a: Sandslash|Rapid Spin|p1a: Arboliva\n|-damage|p1a: Arboliva|142/288\n|-boost|p2a: Sandslash|spe|1\n|-end|p2a: Sandslash|Leech Seed|[from] move: Rapid Spin|[of] p2a: Sandslash\n|-enditem|p1a: Arboliva|Sitrus Berry|[eat]\n|-heal|p1a: Arboliva|214/288|[from] item: Sitrus Berry\n|move|p1a: Arboliva|Substitute|p1a: Arboliva\n|-start|p1a: Arboliva|Substitute\n|-damage|p1a: Arboliva|142/288\n|\n|-heal|p2a: Sandslash|241/275|[from] item: Leftovers\n|upkeep\n|turn|17\n|\n|t:|1733859205\n|move|p2a: Sandslash|Earthquake|p1a: Arboliva\n|-resisted|p1a: Arboliva\n|-end|p1a: Arboliva|Substitute\n|move|p1a: Arboliva|Hyper Voice|p2a: Sandslash\n|-crit|p2a: Sandslash\n|-damage|p2a: Sandslash|0 fnt\n|faint|p2a: Sandslash\n|\n|upkeep\n|\n|t:|1733859214\n|switch|p2a: Froslass|Froslass, L87, F|167/263\n|turn|18\n|\n|t:|1733859217\n|move|p1a: Arboliva|Protect|p1a: Arboliva\n|-singleturn|p1a: Arboliva|Protect\n|move|p2a: Froslass|Triple Axel|p1a: Arboliva\n|-activate|p1a: Arboliva|move: Protect\n|\n|upkeep\n|turn|19\n|\n|t:|1733859225\n|switch|p1a: Gurdurr|Gurdurr, L85, F, tera:Steel|173/283\n|move|p2a: Froslass|Triple Axel|p1a: Gurdurr\n|-resisted|p1a: Gurdurr\n|-damage|p1a: Gurdurr|167/283\n|-resisted|p1a: Gurdurr\n|-damage|p1a: Gurdurr|154/283\n|-resisted|p1a: Gurdurr\n|-damage|p1a: Gurdurr|135/283\n|-hitcount|p1a: Gurdurr|3\n|\n|upkeep\n|turn|20\n|\n|t:|1733859232\n|move|p2a: Froslass|Poltergeist|p1a: Gurdurr\n|-activate|p1a: Gurdurr|move: Poltergeist|Eviolite\n|-crit|p1a: Gurdurr\n|-damage|p1a: Gurdurr|27/283\n|move|p1a: Gurdurr|Knock Off|p2a: Froslass\n|-supereffective|p2a: Froslass\n|-damage|p2a: Froslass|0 fnt\n|-start|p1a: Gurdurr|Disable|Knock Off|[from] ability: Cursed Body|[of] p2a: Froslass\n|-enditem|p2a: Froslass|Wide Lens|[from] move: Knock Off|[of] p1a: Gurdurr\n|faint|p2a: Froslass\n|\n|upkeep\n|\n|t:|1733859238\n|switch|p2a: Arceus|Arceus-Dark, L71|288/288\n|turn|21\n|\n|t:|1733859246\n|move|p1a: Gurdurr|Mach Punch|p2a: Arceus\n|-supereffective|p2a: Arceus\n|-damage|p2a: Arceus|204/288\n|move|p2a: Arceus|Judgment|p1a: Gurdurr\n|-damage|p1a: Gurdurr|0 fnt\n|faint|p1a: Gurdurr\n|\n|upkeep\n|\n|t:|1733859249\n|switch|p1a: Dachsbun|Dachsbun, L92, F|254/254\n|turn|22\n|\n|t:|1733859253\n|switch|p2a: Iron Treads|Iron Treads, L77|265/265\n|move|p1a: Dachsbun|Body Press|p2a: Iron Treads\n|-supereffective|p2a: Iron Treads\n|-damage|p2a: Iron Treads|139/265\n|\n|-heal|p2a: Iron Treads|155/265|[from] item: Leftovers\n|upkeep\n|turn|23\n|\n|t:|1733859258\n|switch|p1a: Mudsdale|Mudsdale, L84, M|279/305\n|move|p2a: Iron Treads|Iron Head|p1a: Mudsdale\n|-damage|p1a: Mudsdale|210/305\n|-ability|p1a: Mudsdale|Stamina|boost\n|-boost|p1a: Mudsdale|def|1\n|\n|-heal|p2a: Iron Treads|171/265|[from] item: Leftovers\n|-heal|p1a: Mudsdale|229/305|[from] item: Leftovers\n|upkeep\n|turn|24\n|\n|t:|1733859261\n|move|p2a: Iron Treads|Stealth Rock|p1a: Mudsdale\n|-sidestart|p1: BigBossJnack|move: Stealth Rock\n|move|p1a: Mudsdale|Earthquake|p2a: Iron Treads\n|-supereffective|p2a: Iron Treads\n|-damage|p2a: Iron Treads|0 fnt\n|faint|p2a: Iron Treads\n|-end|p2a: Iron Treads|Quark Drive|[silent]\n|\n|-heal|p1a: Mudsdale|248/305|[from] item: Leftovers\n|upkeep\n|\n|t:|1733859263\n|switch|p2a: Arceus|Arceus-Dark, L71|204/288\n|turn|25\n|\n|t:|1733859266\n|move|p2a: Arceus|Calm Mind|p2a: Arceus\n|-boost|p2a: Arceus|spa|1\n|-boost|p2a: Arceus|spd|1\n|move|p1a: Mudsdale|Earthquake|p2a: Arceus\n|-damage|p2a: Arceus|74/288\n|\n|-heal|p1a: Mudsdale|267/305|[from] item: Leftovers\n|upkeep\n|turn|26\n|\n|t:|1733859271\n|move|p2a: Arceus|Recover|p2a: Arceus\n|-heal|p2a: Arceus|218/288\n|move|p1a: Mudsdale|Earthquake|p2a: Arceus\n|-damage|p2a: Arceus|95/288\n|\n|-heal|p1a: Mudsdale|286/305|[from] item: Leftovers\n|upkeep\n|turn|27\n|\n|t:|1733859274\n|switch|p1a: Dachsbun|Dachsbun, L92, F|254/254\n|-damage|p1a: Dachsbun|223/254|[from] Stealth Rock\n|move|p2a: Arceus|Recover|p2a: Arceus\n|-heal|p2a: Arceus|239/288\n|\n|-heal|p1a: Dachsbun|238/254|[from] item: Leftovers\n|upkeep\n|turn|28\n|\n|t:|1733859278\n|move|p1a: Dachsbun|Play Rough|p2a: Arceus\n|-supereffective|p2a: Arceus\n|-damage|p2a: Arceus|65/288\n|move|p2a: Arceus|Dazzling Gleam|p1a: Dachsbun\n|-damage|p1a: Dachsbun|170/254\n|\n|-heal|p1a: Dachsbun|185/254|[from] item: Leftovers\n|upkeep\n|turn|29\n|-message|mkap forfeited.\n|\n|win|BigBossJnack\n|raw|BigBossJnack's rating: 1960 &rarr; <strong>1979</strong><br />(+19 for winning)\n|raw|mkap's rating: 1947 &rarr; <strong>1928</strong><br />(-19 for losing)\n|l|\u2606mkap\n|player|p2|\n", "inputlog": ">version bfd83cad13791eb5a5a409923076391caf6fb4d4\n>start {\"formatid\":\"gen9randombattle\",\"seed\":[16635,290,31413,62597],\"rated\":\"Rated battle\"}\n>player p1 {\"name\":\"BigBossJnack\",\"avatar\":\"169\",\"rating\":1960,\"seed\":[21021,39047,59154,18105]}\n>player p2 {\"name\":\"mkap\",\"avatar\":\"lusamine-nihilego\",\"rating\":1947,\"seed\":[53311,30178,8538,42112]}\n>p1 move gunkshot\n>p2 switch 5\n>p1 move partingshot\n>p2 move earthquake\n>p1 switch 5\n>p1 move heavyslam\n>p2 switch 5\n>p1 switch 3\n>p2 move leechseed\n>p1 move hypervoice\n>p2 move leafstorm\n>p1 move protect\n>p2 move leafstorm\n>p1 move hypervoice\n>p2 move leafstorm\n>p2 switch 4\n>p1 move leechseed\n>p2 move tripleaxel\n>p1 move protect\n>p2 move taunt\n>p1 switch 2\n>p2 move tripleaxel\n>p1 move knockoff\n>p2 switch 2\n>p1 move drainpunch terastallize\n>p2 move expandingforce\n>p2 switch 3\n>p1 switch 2\n>p2 move swordsdance\n>p1 move leechseed\n>p2 move swordsdance terastallize\n>p1 move protect\n>p2 move rapidspin\n>p1 move substitute\n>p2 move rapidspin\n>p1 move hypervoice\n>p2 move earthquake\n>p2 switch 2\n>p1 move protect\n>p2 move tripleaxel\n>p1 switch 2\n>p2 move tripleaxel\n>p1 move knockoff\n>p2 move poltergeist\n>p2 switch 6\n>p1 move machpunch\n>p2 move judgment\n>p1 switch 6\n>p1 move bodypress\n>p2 switch 5\n>p1 switch 3\n>p2 move ironhead\n>p1 move earthquake\n>p2 move stealthrock\n>p2 switch 5\n>p1 move earthquake\n>p2 move calmmind\n>p1 move earthquake\n>p2 move recover\n>p1 switch 3\n>p2 move recover\n>p1 move playrough\n>p2 move dazzlinggleam\n>forcelose p2", "uploadtime": 1733859288, "views": 12, "formatid": "gen9randombattle", "rating": 1928, "private": 0, "password": null}