{"id": "gen9randombattle-2260888977", "format": "[Gen 9] Random Battle", "players": ["jaimeunodostres", "geledektetapcantik"], "log": "|j|\u2606jaimeunodostres\n|j|\u2606geledektetapcantik\n|t:|1733911422\n|gametype|singles\n|player|p1|jaimeunodostres|1|1463\n|player|p2|geledektetapcantik|170|1414\n|teamsize|p1|6\n|teamsize|p2|6\n|gen|9\n|tier|[Gen 9] Random Battle\n|rated|\n|rule|Species Clause: Limit one of each Pok\u00e9mon\n|rule|HP Percentage Mod: HP is shown in percentages\n|rule|Sleep Clause Mod: Limit one foe put to sleep\n|rule|Illusion Level Mod: Illusion disguises the Pok\u00e9mon's true level\n|\n|t:|1733911422\n|start\n|switch|p1a: Swanna|Swanna, L88, F|275/275\n|switch|p2a: Iron Moth|Iron Moth, L78|253/253\n|turn|1\n|inactive|Battle timer is ON: inactive players will automatically lose when time's up. (requested by geledektetapcantik)\n|\n|t:|1733911433\n|-end|p2a: Iron Moth|Quark Drive|[silent]\n|switch|p2a: Vaporeon|Vaporeon, L86, M|364/364\n|move|p1a: Swanna|Hydro Pump|p2a: Vaporeon\n|-immune|p2a: Vaporeon|[from] ability: Water Absorb\n|\n|upkeep\n|turn|2\n|\n|t:|1733911439\n|move|p1a: Swanna|Brave Bird|p2a: Vaporeon\n|-damage|p2a: Vaporeon|208/364\n|-damage|p1a: Swanna|224/275|[from] Recoil\n|move|p2a: Vaporeon|Scald|p1a: Swanna\n|-resisted|p1a: Swanna\n|-damage|p1a: Swanna|165/275\n|\n|-heal|p2a: Vaporeon|230/364|[from] item: Leftovers\n|upkeep\n|turn|3\n|\n|t:|1733911449\n|move|p1a: Swanna|Brave Bird|p2a: Vaporeon\n|-damage|p2a: Vaporeon|64/364\n|-damage|p1a: Swanna|110/275|[from] Recoil\n|move|p2a: Vaporeon|Wish|p2a: Vaporeon\n|\n|-heal|p2a: Vaporeon|86/364|[from] item: Leftovers\n|upkeep\n|turn|4\n|\n|t:|1733911455\n|move|p2a: Vaporeon|Protect|p2a: Vaporeon\n|-singleturn|p2a: Vaporeon|Protect\n|move|p1a: Swanna|Roost|p1a: Swanna\n|-heal|p1a: Swanna|248/275\n|-singleturn|p1a: Swanna|move: Roost\n|\n|-heal|p2a: Vaporeon|268/364|[from] move: Wish|[wisher] Vaporeon\n|-heal|p2a: Vaporeon|290/364|[from] item: Leftovers\n|upkeep\n|turn|5\n|\n|t:|1733911460\n|move|p1a: Swanna|Brave Bird|p2a: Vaporeon\n|-damage|p2a: Vaporeon|110/364\n|-damage|p1a: Swanna|189/275|[from] Recoil\n|move|p2a: Vaporeon|Calm Mind|p2a: Vaporeon\n|-boost|p2a: Vaporeon|spa|1\n|-boost|p2a: Vaporeon|spd|1\n|\n|-heal|p2a: Vaporeon|132/364|[from] item: Leftovers\n|upkeep\n|turn|6\n|\n|t:|1733911465\n|move|p2a: Vaporeon|Protect|p2a: Vaporeon\n|-singleturn|p2a: Vaporeon|Protect\n|move|p1a: Swanna|Brave Bird|p2a: Vaporeon\n|-activate|p2a: Vaporeon|move: Protect\n|\n|-heal|p2a: Vaporeon|154/364|[from] item: Leftovers\n|upkeep\n|turn|7\n|\n|t:|1733911478\n|move|p2a: Vaporeon|Protect||[still]\n|-fail|p2a: Vaporeon\n|move|p1a: Swanna|Brave Bird|p2a: Vaporeon\n|-damage|p2a: Vaporeon|0 fnt\n|faint|p2a: Vaporeon\n|-damage|p1a: Swanna|138/275|[from] Recoil\n|\n|upkeep\n|\n|t:|1733911489\n|switch|p2a: Azelf|Azelf, L82|257/257\n|turn|8\n|\n|t:|1733911501\n|switch|p1a: Brute Bonnet|Brute Bonnet, L81|312/312\n|move|p2a: Azelf|Nasty Plot|p2a: Azelf\n|-boost|p2a: Azelf|spa|2\n|\n|upkeep\n|turn|9\n|\n|t:|1733911508\n|move|p2a: Azelf|Fire Blast|p1a: Brute Bonnet\n|-supereffective|p1a: Brute Bonnet\n|-damage|p1a: Brute Bonnet|0 fnt\n|faint|p1a: Brute Bonnet\n|-end|p1a: Brute Bonnet|Protosynthesis|[silent]\n|-damage|p2a: Azelf|232/257|[from] item: Life Orb\n|\n|upkeep\n|\n|t:|1733911522\n|switch|p1a: Ampharos|Ampharos, L88, M|302/302\n|turn|10\n|\n|t:|1733911527\n|move|p2a: Azelf|Psyshock|p1a: Ampharos\n|-damage|p1a: Ampharos|41/302\n|-damage|p2a: Azelf|207/257|[from] item: Life Orb\n|move|p1a: Ampharos|Dragon Tail|p2a: Azelf\n|-damage|p2a: Azelf|162/257\n|drag|p2a: Feraligatr|Feraligatr, L79, M|264/264\n|\n|upkeep\n|turn|11\n|\n|t:|1733911541\n|move|p2a: Feraligatr|Liquidation|p1a: Ampharos\n|-damage|p1a: Ampharos|0 fnt\n|-status|p2a: Feraligatr|par|[from] ability: Static|[of] p1a: Ampharos\n|faint|p1a: Ampharos\n|\n|upkeep\n|\n|t:|1733911550\n|switch|p1a: Lokix|Lokix, L82, M|251/251\n|turn|12\n|\n|t:|1733911562\n|move|p1a: Lokix|First Impression|p2a: Feraligatr\n|-damage|p2a: Feraligatr|152/264 par\n|move|p2a: Feraligatr|Liquidation|p1a: Lokix\n|-damage|p1a: Lokix|98/251\n|\n|upkeep\n|turn|13\n|\n|t:|1733911568\n|move|p1a: Lokix|Knock Off|p2a: Feraligatr\n|-damage|p2a: Feraligatr|53/264 par\n|-enditem|p2a: Feraligatr|Life Orb|[from] move: Knock Off|[of] p1a: Lokix\n|cant|p2a: Feraligatr|par\n|\n|upkeep\n|turn|14\n|\n|t:|1733911574\n|move|p1a: Lokix|Knock Off|p2a: Feraligatr\n|-damage|p2a: Feraligatr|0 fnt\n|faint|p2a: Feraligatr\n|\n|upkeep\n|\n|t:|1733911588\n|switch|p2a: Iron Moth|Iron Moth, L78|253/253\n|turn|15\n|\n|t:|1733911592\n|move|p2a: Iron Moth|Fire Blast|p1a: Lokix\n|-supereffective|p1a: Lokix\n|-damage|p1a: Lokix|0 fnt\n|faint|p1a: Lokix\n|\n|upkeep\n|\n|t:|1733911596\n|switch|p1a: Swanna|Swanna, L88, F|138/275\n|turn|16\n|\n|t:|1733911602\n|-end|p2a: Iron Moth|Quark Drive|[silent]\n|switch|p2a: Azelf|Azelf, L82|162/257\n|move|p1a: Swanna|Hydro Pump|p2a: Azelf\n|-damage|p2a: Azelf|15/257\n|\n|upkeep\n|turn|17\n|\n|t:|1733911608\n|move|p2a: Azelf|Psyshock|p1a: Swanna\n|-damage|p1a: Swanna|0 fnt\n|faint|p1a: Swanna\n|-damage|p2a: Azelf|0 fnt|[from] item: Life Orb\n|faint|p2a: Azelf\n|\n|upkeep\n|\n|t:|1733911618\n|switch|p2a: Necrozma|Necrozma-Dawn-Wings, L76|272/272\n|switch|p1a: Hitmontop|Hitmontop, L88, M|231/231\n|-ability|p1a: Hitmontop|Intimidate|boost\n|-unboost|p2a: Necrozma|atk|1\n|turn|18\n|\n|t:|1733911625\n|move|p1a: Hitmontop|Sucker Punch||[still]\n|-fail|p1a: Hitmontop\n|move|p2a: Necrozma|Dragon Dance|p2a: Necrozma\n|-boost|p2a: Necrozma|atk|1\n|-boost|p2a: Necrozma|spe|1\n|\n|upkeep\n|turn|19\n|\n|t:|1733911629\n|move|p1a: Hitmontop|Sucker Punch||[still]\n|-fail|p1a: Hitmontop\n|move|p2a: Necrozma|Dragon Dance|p2a: Necrozma\n|-boost|p2a: Necrozma|atk|1\n|-boost|p2a: Necrozma|spe|1\n|\n|upkeep\n|turn|20\n|\n|t:|1733911650\n|move|p1a: Hitmontop|Sucker Punch||[still]\n|-fail|p1a: Hitmontop\n|move|p2a: Necrozma|Dragon Dance|p2a: Necrozma\n|-boost|p2a: Necrozma|atk|1\n|-boost|p2a: Necrozma|spe|1\n|\n|upkeep\n|turn|21\n|\n|t:|1733911658\n|switch|p1a: Delibird|Delibird, M|252/252\n|move|p2a: Necrozma|Dragon Dance|p2a: Necrozma\n|-boost|p2a: Necrozma|atk|1\n|-boost|p2a: Necrozma|spe|1\n|\n|upkeep\n|turn|22\n|\n|t:|1733911666\n|move|p2a: Necrozma|Photon Geyser|p1a: Delibird\n|-damage|p1a: Delibird|0 fnt\n|faint|p1a: Delibird\n|-damage|p2a: Necrozma|245/272|[from] item: Life Orb\n|\n|upkeep\n|\n|t:|1733911670\n|switch|p1a: Hitmontop|Hitmontop, L88, M|231/231\n|-ability|p1a: Hitmontop|Intimidate|boost\n|-unboost|p2a: Necrozma|atk|1\n|turn|23\n|c|\u2606geledektetapcantik|dhuar memek\n|\n|t:|1733911678\n|-terastallize|p2a: Necrozma|Fighting\n|move|p1a: Hitmontop|Sucker Punch|p2a: Necrozma\n|-resisted|p2a: Necrozma\n|-damage|p2a: Necrozma|206/272\n|move|p2a: Necrozma|Photon Geyser|p1a: Hitmontop\n|-supereffective|p1a: Hitmontop\n|-damage|p1a: Hitmontop|0 fnt\n|faint|p1a: Hitmontop\n|-damage|p2a: Necrozma|179/272|[from] item: Life Orb\n|\n|win|geledektetapcantik\n", "inputlog": ">version bfd83cad13791eb5a5a409923076391caf6fb4d4\n>start {\"formatid\":\"gen9randombattle\",\"seed\":[48643,31395,22812,12668],\"rated\":\"Rated battle\"}\n>player p1 {\"name\":\"jaimeunodostres\",\"avatar\":\"1\",\"rating\":1463,\"seed\":[23023,35135,24094,33328]}\n>player p2 {\"name\":\"geledektetapcantik\",\"avatar\":\"170\",\"rating\":1414,\"seed\":[38987,30444,25121,28155]}\n>p1 move hydropump\n>p2 switch 5\n>p1 move bravebird\n>p2 move scald\n>p1 move bravebird\n>p2 move wish\n>p1 move roost\n>p2 move protect\n>p1 move bravebird\n>p2 move calmmind\n>p1 move bravebird\n>p2 move protect\n>p1 move bravebird\n>p2 move protect\n>p2 switch 6\n>p1 switch 3\n>p2 move nastyplot\n>p1 move spore\n>p2 move fireblast\n>p1 switch 5\n>p1 move dragontail\n>p2 move psyshock\n>p1 move thunderbolt\n>p2 move liquidation\n>p1 switch 6\n>p1 move firstimpression\n>p2 move liquidation\n>p1 move knockoff\n>p2 move liquidation\n>p1 move knockoff\n>p2 move crunch\n>p2 switch 5\n>p1 move knockoff\n>p2 move fireblast\n>p1 switch 3\n>p1 move hydropump\n>p2 switch 3\n>p1 move bravebird\n>p2 move psyshock\n>p1 switch 2\n>p2 switch 4\n>p1 move suckerpunch\n>p2 move dragondance\n>p1 move suckerpunch\n>p2 move dragondance\n>p1 move suckerpunch\n>p2 move dragondance\n>p1 switch 4\n>p2 move dragondance\n>p1 move bravebird\n>p2 move photongeyser\n>p1 switch 4\n>chat \u2606geledektetapcantik|dhuar memek\n>p1 move suckerpunch\n>p2 move photongeyser terastallize", "uploadtime": 1733911673, "views": 1, "formatid": "gen9randombattle", "rating": null, "private": 0, "password": null}