{"id": "gen9randombattle-2260732766", "format": "[Gen 9] Random Battle", "players": ["Valenteddi", "folkhippie"], "log": "|j|\u2606Valenteddi\n|j|\u2606folkhippie\n|t:|1733884345\n|gametype|singles\n|player|p1|Valenteddi|alec-anime|1702\n|player|p2|folkhippie|gentleman-gen4dp|1723\n|teamsize|p1|6\n|teamsize|p2|6\n|gen|9\n|tier|[Gen 9] Random Battle\n|rated|\n|rule|Species Clause: Limit one of each Pok\u00e9mon\n|rule|HP Percentage Mod: HP is shown in percentages\n|rule|Sleep Clause Mod: Limit one foe put to sleep\n|rule|Illusion Level Mod: Illusion disguises the Pok\u00e9mon's true level\n|\n|t:|1733884345\n|start\n|switch|p1a: Amoonguss|Amoonguss, L82, F|321/321\n|switch|p2a: Sudowoodo|Sudowoodo, L94, F|284/284\n|turn|1\n|\n|t:|1733884358\n|move|p2a: Sudowoodo|Stealth Rock|p1a: Amoonguss\n|-sidestart|p1: Valenteddi|move: Stealth Rock\n|move|p1a: Amoonguss|Giga Drain|p2a: Sudowoodo\n|-supereffective|p2a: Sudowoodo\n|-damage|p2a: Sudowoodo|134/284\n|\n|-heal|p2a: Sudowoodo|151/284|[from] item: Leftovers\n|upkeep\n|turn|2\n|\n|t:|1733884362\n|move|p2a: Sudowoodo|Head Smash|p1a: Amoonguss|[miss]\n|-miss|p2a: Sudowoodo|p1a: Amoonguss\n|move|p1a: Amoonguss|Giga Drain|p2a: Sudowoodo\n|-supereffective|p2a: Sudowoodo\n|-damage|p2a: Sudowoodo|0 fnt\n|faint|p2a: Sudowoodo\n|\n|upkeep\n|\n|t:|1733884370\n|switch|p2a: Heatran|Heatran, L79, M|273/273\n|turn|3\n|\n|t:|1733884387\n|switch|p1a: Greedent|Greedent, L86, M|347/347\n|-damage|p1a: Greedent|304/347|[from] Stealth Rock\n|move|p2a: Heatran|Lava Plume|p1a: Greedent\n|-damage|p1a: Greedent|196/347\n|\n|upkeep\n|turn|4\n|\n|t:|1733884394\n|switch|p2a: Kilowattrel|Kilowattrel, L83, F|252/252\n|move|p1a: Greedent|Earthquake|p2a: Kilowattrel\n|-immune|p2a: Kilowattrel\n|\n|upkeep\n|turn|5\n|\n|t:|1733884401\n|move|p2a: Kilowattrel|Hurricane|p1a: Greedent\n|-damage|p1a: Greedent|49/347\n|-enditem|p1a: Greedent|Sitrus Berry|[eat]\n|-heal|p1a: Greedent|135/347|[from] item: Sitrus Berry\n|-heal|p1a: Greedent|250/347|[from] ability: Cheek Pouch\n|move|p1a: Greedent|Swords Dance|p1a: Greedent\n|-boost|p1a: Greedent|atk|2\n|\n|upkeep\n|turn|6\n|\n|t:|1733884409\n|move|p2a: Kilowattrel|Hurricane|p1a: Greedent\n|-damage|p1a: Greedent|106/347\n|-start|p1a: Greedent|confusion\n|-activate|p1a: Greedent|confusion\n|-damage|p1a: Greedent|55/347|[from] confusion\n|\n|upkeep\n|turn|7\n|\n|t:|1733884417\n|move|p2a: Kilowattrel|Thunderbolt|p1a: Greedent\n|-damage|p1a: Greedent|0 fnt\n|faint|p1a: Greedent\n|\n|upkeep\n|\n|t:|1733884425\n|switch|p1a: Mesprit|Mesprit, L85|275/275\n|-damage|p1a: Mesprit|241/275|[from] Stealth Rock\n|turn|8\n|\n|t:|1733884437\n|move|p2a: Kilowattrel|Thunder Wave|p1a: Mesprit\n|-status|p1a: Mesprit|par\n|cant|p1a: Mesprit|par\n|\n|upkeep\n|turn|9\n|\n|t:|1733884442\n|switch|p2a: Heatran|Heatran, L79, M|273/273\n|cant|p1a: Mesprit|par\n|\n|upkeep\n|turn|10\n|\n|t:|1733884459\n|switch|p2a: Kilowattrel|Kilowattrel, L83, F|252/252\n|switch|p1a: Iron Hands|Iron Hands, L79|373/373\n|-damage|p1a: Iron Hands|350/373|[from] Stealth Rock\n|\n|-heal|p1a: Iron Hands|373/373|[from] item: Leftovers\n|upkeep\n|turn|11\n|\n|t:|1733884470\n|move|p2a: Kilowattrel|Hurricane|p1a: Iron Hands\n|-damage|p1a: Iron Hands|211/373\n|move|p1a: Iron Hands|Swords Dance|p1a: Iron Hands\n|-boost|p1a: Iron Hands|atk|2\n|\n|-heal|p1a: Iron Hands|234/373|[from] item: Leftovers\n|upkeep\n|turn|12\n|\n|t:|1733884474\n|move|p2a: Kilowattrel|Hurricane|p1a: Iron Hands\n|-damage|p1a: Iron Hands|71/373\n|move|p1a: Iron Hands|Ice Punch|p2a: Kilowattrel\n|-supereffective|p2a: Kilowattrel\n|-damage|p2a: Kilowattrel|0 fnt\n|faint|p2a: Kilowattrel\n|\n|-heal|p1a: Iron Hands|94/373|[from] item: Leftovers\n|upkeep\n|\n|t:|1733884484\n|switch|p2a: Quaquaval|Quaquaval, L79, M|264/264\n|turn|13\n|\n|t:|1733884501\n|-end|p1a: Iron Hands|Quark Drive|[silent]\n|switch|p1a: Amoonguss|Amoonguss, L82, F|321/321\n|-damage|p1a: Amoonguss|281/321|[from] Stealth Rock\n|move|p2a: Quaquaval|Aqua Step|p1a: Amoonguss\n|-resisted|p1a: Amoonguss\n|-damage|p1a: Amoonguss|207/321\n|-boost|p2a: Quaquaval|spe|1\n|-damage|p2a: Quaquaval|220/264|[from] item: Rocky Helmet|[of] p1a: Amoonguss\n|-damage|p2a: Quaquaval|194/264|[from] item: Life Orb\n|\n|upkeep\n|turn|14\n|\n|t:|1733884508\n|switch|p2a: Heatran|Heatran, L79, M|273/273\n|move|p1a: Amoonguss|Spore|p2a: Heatran\n|-status|p2a: Heatran|slp|[from] move: Spore\n|\n|upkeep\n|turn|15\n|\n|t:|1733884512\n|switch|p1a: Iron Hands|Iron Hands, L79|94/373\n|-damage|p1a: Iron Hands|71/373|[from] Stealth Rock\n|cant|p2a: Heatran|slp\n|\n|-heal|p1a: Iron Hands|94/373|[from] item: Leftovers\n|upkeep\n|turn|16\n|\n|t:|1733884518\n|switch|p2a: Mabosstiff|Mabosstiff, L86, M|278/278\n|move|p1a: Iron Hands|Drain Punch|p2a: Mabosstiff\n|-supereffective|p2a: Mabosstiff\n|-damage|p2a: Mabosstiff|110/278\n|-heal|p1a: Iron Hands|178/373|[from] drain|[of] p2a: Mabosstiff\n|\n|-heal|p1a: Iron Hands|201/373|[from] item: Leftovers\n|upkeep\n|turn|17\n|\n|t:|1733884525\n|move|p2a: Mabosstiff|Play Rough|p1a: Iron Hands\n|-supereffective|p1a: Iron Hands\n|-damage|p1a: Iron Hands|59/373\n|move|p1a: Iron Hands|Drain Punch|p2a: Mabosstiff\n|-supereffective|p2a: Mabosstiff\n|-damage|p2a: Mabosstiff|0 fnt\n|-heal|p1a: Iron Hands|114/373|[from] drain|[of] p2a: Mabosstiff\n|faint|p2a: Mabosstiff\n|\n|-heal|p1a: Iron Hands|137/373|[from] item: Leftovers\n|upkeep\n|\n|t:|1733884530\n|switch|p2a: Palkia|Palkia, L75|259/259\n|-ability|p2a: Palkia|Pressure\n|turn|18\n|\n|t:|1733884537\n|-end|p1a: Iron Hands|Quark Drive|[silent]\n|switch|p1a: Mesprit|Mesprit, L85|241/275 par\n|-damage|p1a: Mesprit|207/275 par|[from] Stealth Rock\n|move|p2a: Palkia|Spacial Rend|p1a: Mesprit\n|-damage|p1a: Mesprit|57/275 par\n|\n|upkeep\n|turn|19\n|\n|t:|1733884542\n|move|p2a: Palkia|Spacial Rend|p1a: Mesprit\n|-damage|p1a: Mesprit|0 fnt\n|faint|p1a: Mesprit\n|\n|upkeep\n|\n|t:|1733884544\n|switch|p1a: Amoonguss|Amoonguss, L82, F|314/321\n|-damage|p1a: Amoonguss|274/321|[from] Stealth Rock\n|turn|20\n|\n|t:|1733884549\n|switch|p2a: Heatran|Heatran, L79, M|273/273 slp\n|move|p1a: Amoonguss|Toxic||[still]\n|-fail|p1a: Amoonguss\n|\n|upkeep\n|turn|21\n|\n|t:|1733884552\n|switch|p1a: Medicham|Medicham, L86, F|243/243\n|-damage|p1a: Medicham|228/243|[from] Stealth Rock\n|cant|p2a: Heatran|slp\n|\n|upkeep\n|turn|22\n|\n|t:|1733884558\n|switch|p2a: Palkia|Palkia, L75|259/259\n|-ability|p2a: Palkia|Pressure\n|move|p1a: Medicham|Close Combat|p2a: Palkia\n|-damage|p2a: Palkia|0 fnt\n|-unboost|p1a: Medicham|def|1\n|-unboost|p1a: Medicham|spd|1\n|faint|p2a: Palkia\n|\n|upkeep\n|\n|t:|1733884562\n|switch|p2a: Quaquaval|Quaquaval, L79, M|194/264\n|turn|23\n|\n|t:|1733884567\n|-terastallize|p1a: Medicham|Fighting\n|move|p1a: Medicham|Close Combat|p2a: Quaquaval\n|-damage|p2a: Quaquaval|0 fnt\n|-unboost|p1a: Medicham|def|1\n|-unboost|p1a: Medicham|spd|1\n|faint|p2a: Quaquaval\n|\n|upkeep\n|-message|folkhippie forfeited.\n|\n|win|Valenteddi\n|raw|Valenteddi's rating: 1702 &rarr; <strong>1723</strong><br />(+21 for winning)\n|raw|folkhippie's rating: 1723 &rarr; <strong>1702</strong><br />(-21 for losing)\n|l|\u2606folkhippie\n|player|p2|\n", "inputlog": ">version bfd83cad13791eb5a5a409923076391caf6fb4d4\n>start {\"formatid\":\"gen9randombattle\",\"seed\":[56271,31172,2982,32504],\"rated\":\"Rated battle\"}\n>player p1 {\"name\":\"Valenteddi\",\"avatar\":\"alec-anime\",\"rating\":1702,\"seed\":[14165,19681,49125,59847]}\n>player p2 {\"name\":\"folkhippie\",\"avatar\":\"gentleman-gen4dp\",\"rating\":1723,\"seed\":[55079,45814,43059,61494]}\n>p1 move gigadrain\n>p2 move stealthrock\n>p1 move gigadrain\n>p2 move headsmash\n>p2 switch 2\n>p1 switch 2\n>p2 move lavaplume\n>p1 move earthquake\n>p2 switch 6\n>p1 move swordsdance\n>p2 move hurricane\n>p1 move doubleedge\n>p2 move hurricane\n>p1 move doubleedge\n>p2 move thunderbolt\n>p1 switch 6\n>p1 move icebeam\n>p2 move thunderwave\n>p1 move icebeam\n>p2 switch 6\n>p1 switch 3\n>p2 switch 6\n>p1 move swordsdance\n>p2 move hurricane\n>p1 move icepunch\n>p2 move hurricane\n>p2 switch 4\n>p1 switch 2\n>p2 move aquastep\n>p1 move spore\n>p2 switch 6\n>p1 switch 2\n>p2 move lavaplume\n>p1 move drainpunch\n>p2 switch 3\n>p1 move drainpunch\n>p2 move playrough\n>p2 switch 5\n>p1 switch 3\n>p2 move spacialrend\n>p1 move dazzlinggleam\n>p2 move spacialrend\n>p1 switch 2\n>p1 move toxic\n>p2 switch 3\n>p1 switch 5\n>p2 move lavaplume\n>p1 move closecombat\n>p2 switch 3\n>p2 switch 6\n>p1 move closecombat terastallize\n>p2 move aquastep\n>forcelose p2", "uploadtime": 1733884575, "views": 4, "formatid": "gen9randombattle", "rating": 1702, "private": 0, "password": null}