{"id": "gen9randombattle-2259902641", "format": "[Gen 9] Random Battle", "players": ["Kandayo", "Papi Draieul"], "log": "|j|\u2606Kandayo\n|j|\u2606Papi Draieul\n|t:|1733778195\n|gametype|singles\n|player|p1|Kandayo|gambler|2124\n|player|p2|Papi Draieul|169|2092\n|teamsize|p1|6\n|teamsize|p2|6\n|gen|9\n|tier|[Gen 9] Random Battle\n|rated|\n|rule|Species Clause: Limit one of each Pok\u00e9mon\n|rule|HP Percentage Mod: HP is shown in percentages\n|rule|Sleep Clause Mod: Limit one foe put to sleep\n|rule|Illusion Level Mod: Illusion disguises the Pok\u00e9mon's true level\n|\n|t:|1733778195\n|start\n|switch|p1a: Golurk|Golurk, L87|297/297\n|switch|p2a: Klefki|Klefki, L84, F|233/233\n|turn|1\n|inactive|Battle timer is ON: inactive players will automatically lose when time's up. (requested by Kandayo)\n|\n|t:|1733778218\n|move|p2a: Klefki|Magnet Rise|p2a: Klefki\n|-start|p2a: Klefki|Magnet Rise\n|move|p1a: Golurk|Poltergeist|p2a: Klefki\n|-activate|p2a: Klefki|move: Poltergeist|Leftovers\n|-damage|p2a: Klefki|1/233\n|\n|-heal|p2a: Klefki|15/233|[from] item: Leftovers\n|upkeep\n|turn|2\n|\n|t:|1733778223\n|move|p2a: Klefki|Spikes|p1a: Golurk\n|-sidestart|p1: Kandayo|Spikes\n|move|p1a: Golurk|Poltergeist|p2a: Klefki\n|-activate|p2a: Klefki|move: Poltergeist|Leftovers\n|-damage|p2a: Klefki|0 fnt\n|faint|p2a: Klefki\n|\n|upkeep\n|inactive|Papi Draieul has 120 seconds left.\n|\n|t:|1733778257\n|switch|p2a: Palkia|Palkia-Origin, L72|249/249\n|-ability|p2a: Palkia|Pressure\n|turn|3\n|\n|t:|1733778269\n|move|p2a: Palkia|Hydro Pump|p1a: Golurk\n|-supereffective|p1a: Golurk\n|-damage|p1a: Golurk|15/297\n|move|p1a: Golurk|Poltergeist|p2a: Palkia\n|-activate|p2a: Palkia|move: Poltergeist|Lustrous Globe\n|-damage|p2a: Palkia|32/249\n|\n|upkeep\n|turn|4\n|\n|t:|1733778281\n|move|p2a: Palkia|Hydro Pump|p1a: Golurk\n|-supereffective|p1a: Golurk\n|-damage|p1a: Golurk|0 fnt\n|faint|p1a: Golurk\n|\n|upkeep\n|inactive|Kandayo has 120 seconds left.\n|\n|t:|1733778314\n|switch|p1a: Falinks|Falinks, L84|246/246\n|-damage|p1a: Falinks|216/246|[from] Spikes\n|turn|5\n|\n|t:|1733778321\n|move|p2a: Palkia|Draco Meteor|p1a: Falinks\n|-damage|p1a: Falinks|0 fnt\n|-unboost|p2a: Palkia|spa|2\n|faint|p1a: Falinks\n|\n|upkeep\n|inactive|Kandayo has 120 seconds left.\n|\n|t:|1733778344\n|switch|p1a: Excadrill|Excadrill, L79, M|303/303\n|-damage|p1a: Excadrill|266/303|[from] Spikes\n|-ability|p1a: Excadrill|Mold Breaker\n|turn|6\n|\n|t:|1733778350\n|move|p2a: Palkia|Hydro Pump|p1a: Excadrill\n|-supereffective|p1a: Excadrill\n|-damage|p1a: Excadrill|60/303\n|move|p1a: Excadrill|Rapid Spin|p2a: Palkia\n|-damage|p2a: Palkia|0 fnt\n|-boost|p1a: Excadrill|spe|1\n|-sideend|p1: Kandayo|Spikes|[from] move: Rapid Spin|[of] p1a: Excadrill\n|faint|p2a: Palkia\n|\n|-heal|p1a: Excadrill|78/303|[from] item: Leftovers\n|upkeep\n|\n|t:|1733778371\n|switch|p2a: Virizion|Virizion, L82|283/283\n|turn|7\n|\n|t:|1733778384\n|move|p1a: Excadrill|Iron Head|p2a: Virizion\n|-damage|p2a: Virizion|174/283\n|cant|p2a: Virizion|flinch\n|\n|-heal|p1a: Excadrill|96/303|[from] item: Leftovers\n|upkeep\n|turn|8\n|\n|t:|1733778395\n|move|p1a: Excadrill|Iron Head|p2a: Virizion\n|-damage|p2a: Virizion|53/283\n|move|p2a: Virizion|Leaf Blade|p1a: Excadrill\n|-damage|p1a: Excadrill|0 fnt\n|faint|p1a: Excadrill\n|-damage|p2a: Virizion|25/283|[from] item: Life Orb\n|\n|upkeep\n|\n|t:|1733778406\n|switch|p1a: Dragonite|Dragonite, L74, M|257/257\n|turn|9\n|\n|t:|1733778424\n|move|p2a: Virizion|Stone Edge|p1a: Dragonite\n|-supereffective|p1a: Dragonite\n|-damage|p1a: Dragonite|171/257\n|-damage|p2a: Virizion|0 fnt|[from] item: Life Orb\n|faint|p2a: Virizion\n|move|p1a: Dragonite|Dragon Dance|p1a: Dragonite\n|-boost|p1a: Dragonite|atk|1\n|-boost|p1a: Dragonite|spe|1\n|\n|upkeep\n|\n|t:|1733778437\n|switch|p2a: Charizard|Charizard, L85, M|271/271\n|turn|10\n|\n|t:|1733778440\n|move|p1a: Dragonite|Outrage|p2a: Charizard\n|-damage|p2a: Charizard|69/271\n|move|p2a: Charizard|Will-O-Wisp|p1a: Dragonite\n|-status|p1a: Dragonite|brn\n|\n|-damage|p1a: Dragonite|155/257 brn|[from] brn\n|upkeep\n|turn|11\n|\n|t:|1733778446\n|move|p1a: Dragonite|Outrage|p2a: Charizard|[from]lockedmove\n|-damage|p2a: Charizard|0 fnt\n|faint|p2a: Charizard\n|-start|p1a: Dragonite|confusion|[fatigue]\n|\n|-damage|p1a: Dragonite|139/257 brn|[from] brn\n|upkeep\n|\n|t:|1733778455\n|switch|p2a: Jirachi|Jirachi, L80|291/291\n|turn|12\n|\n|t:|1733778461\n|-activate|p1a: Dragonite|confusion\n|move|p1a: Dragonite|Earthquake|p2a: Jirachi\n|-supereffective|p2a: Jirachi\n|-damage|p2a: Jirachi|181/291\n|move|p2a: Jirachi|Iron Head|p1a: Dragonite\n|-damage|p1a: Dragonite|58/257 brn\n|\n|-heal|p2a: Jirachi|199/291|[from] item: Leftovers\n|-damage|p1a: Dragonite|42/257 brn|[from] brn\n|upkeep\n|turn|13\n|\n|t:|1733778468\n|-activate|p1a: Dragonite|confusion\n|move|p1a: Dragonite|Earthquake|p2a: Jirachi\n|-supereffective|p2a: Jirachi\n|-damage|p2a: Jirachi|89/291\n|move|p2a: Jirachi|Wish|p2a: Jirachi\n|\n|-heal|p2a: Jirachi|107/291|[from] item: Leftovers\n|-damage|p1a: Dragonite|26/257 brn|[from] brn\n|upkeep\n|turn|14\n|\n|t:|1733778480\n|switch|p1a: Toxapex|Toxapex, L82, F|216/216\n|move|p2a: Jirachi|Protect||[still]\n|-fail|p2a: Jirachi\n|\n|-heal|p2a: Jirachi|252/291|[from] move: Wish|[wisher] Jirachi\n|-heal|p2a: Jirachi|270/291|[from] item: Leftovers\n|upkeep\n|turn|15\n|\n|t:|1733778492\n|move|p2a: Jirachi|U-turn|p1a: Toxapex\n|-resisted|p1a: Toxapex\n|-damage|p1a: Toxapex|199/216\n|\n|t:|1733778494\n|switch|p2a: Manaphy|Manaphy, L78|284/284|[from] U-turn\n|move|p1a: Toxapex|Toxic Spikes|p2a: Manaphy\n|-sidestart|p2: Papi Draieul|move: Toxic Spikes\n|\n|-heal|p1a: Toxapex|212/216|[from] item: Leftovers\n|upkeep\n|turn|16\n|\n|t:|1733778503\n|move|p2a: Manaphy|Tail Glow|p2a: Manaphy\n|-boost|p2a: Manaphy|spa|3\n|move|p1a: Toxapex|Haze|p1a: Toxapex\n|-clearallboost\n|\n|-heal|p1a: Toxapex|216/216|[from] item: Leftovers\n|upkeep\n|turn|17\n|\n|t:|1733778517\n|move|p2a: Manaphy|Tail Glow|p2a: Manaphy\n|-boost|p2a: Manaphy|spa|3\n|move|p1a: Toxapex|Liquidation|p2a: Manaphy\n|-resisted|p2a: Manaphy\n|-damage|p2a: Manaphy|254/284\n|\n|-heal|p2a: Manaphy|271/284|[from] item: Leftovers\n|upkeep\n|turn|18\n|\n|t:|1733778520\n|move|p2a: Manaphy|Energy Ball|p1a: Toxapex\n|-damage|p1a: Toxapex|117/216\n|move|p1a: Toxapex|Haze|p1a: Toxapex\n|-clearallboost\n|\n|-heal|p2a: Manaphy|284/284|[from] item: Leftovers\n|-heal|p1a: Toxapex|130/216|[from] item: Leftovers\n|upkeep\n|turn|19\n|\n|t:|1733778526\n|move|p2a: Manaphy|Energy Ball|p1a: Toxapex\n|-damage|p1a: Toxapex|93/216\n|move|p1a: Toxapex|Recover|p1a: Toxapex\n|-heal|p1a: Toxapex|201/216\n|\n|-heal|p1a: Toxapex|214/216|[from] item: Leftovers\n|upkeep\n|turn|20\n|\n|t:|1733778534\n|move|p2a: Manaphy|Tail Glow|p2a: Manaphy\n|-boost|p2a: Manaphy|spa|3\n|move|p1a: Toxapex|Haze|p1a: Toxapex\n|-clearallboost\n|\n|-heal|p1a: Toxapex|216/216|[from] item: Leftovers\n|upkeep\n|turn|21\n|\n|t:|1733778538\n|move|p2a: Manaphy|Tail Glow|p2a: Manaphy\n|-boost|p2a: Manaphy|spa|3\n|move|p1a: Toxapex|Toxic Spikes|p2a: Manaphy\n|-sidestart|p2: Papi Draieul|move: Toxic Spikes\n|\n|upkeep\n|turn|22\n|\n|t:|1733778546\n|move|p2a: Manaphy|Energy Ball|p1a: Toxapex\n|-damage|p1a: Toxapex|123/216\n|move|p1a: Toxapex|Haze|p1a: Toxapex\n|-clearallboost\n|\n|-heal|p1a: Toxapex|136/216|[from] item: Leftovers\n|upkeep\n|turn|23\n|\n|t:|1733778553\n|move|p2a: Manaphy|Energy Ball|p1a: Toxapex\n|-damage|p1a: Toxapex|94/216\n|move|p1a: Toxapex|Recover|p1a: Toxapex\n|-heal|p1a: Toxapex|202/216\n|\n|-heal|p1a: Toxapex|215/216|[from] item: Leftovers\n|upkeep\n|turn|24\n|\n|t:|1733778559\n|move|p2a: Manaphy|Tail Glow|p2a: Manaphy\n|-boost|p2a: Manaphy|spa|3\n|move|p1a: Toxapex|Liquidation|p2a: Manaphy\n|-resisted|p2a: Manaphy\n|-damage|p2a: Manaphy|254/284\n|\n|-heal|p2a: Manaphy|271/284|[from] item: Leftovers\n|-heal|p1a: Toxapex|216/216|[from] item: Leftovers\n|upkeep\n|turn|25\n|\n|t:|1733778562\n|move|p2a: Manaphy|Energy Ball|p1a: Toxapex\n|-damage|p1a: Toxapex|120/216\n|move|p1a: Toxapex|Haze|p1a: Toxapex\n|-clearallboost\n|\n|-heal|p2a: Manaphy|284/284|[from] item: Leftovers\n|-heal|p1a: Toxapex|133/216|[from] item: Leftovers\n|upkeep\n|turn|26\n|\n|t:|1733778569\n|move|p2a: Manaphy|Tail Glow|p2a: Manaphy\n|-boost|p2a: Manaphy|spa|3\n|move|p1a: Toxapex|Recover|p1a: Toxapex\n|-heal|p1a: Toxapex|216/216\n|\n|upkeep\n|turn|27\n|\n|t:|1733778573\n|move|p2a: Manaphy|Energy Ball|p1a: Toxapex\n|-damage|p1a: Toxapex|113/216\n|move|p1a: Toxapex|Haze|p1a: Toxapex\n|-clearallboost\n|\n|-heal|p1a: Toxapex|126/216|[from] item: Leftovers\n|upkeep\n|turn|28\n|\n|t:|1733778582\n|move|p2a: Manaphy|Energy Ball|p1a: Toxapex\n|-crit|p1a: Toxapex\n|-damage|p1a: Toxapex|66/216\n|move|p1a: Toxapex|Recover|p1a: Toxapex\n|-heal|p1a: Toxapex|174/216\n|\n|-heal|p1a: Toxapex|187/216|[from] item: Leftovers\n|upkeep\n|turn|29\n|\n|t:|1733778589\n|move|p2a: Manaphy|Tail Glow|p2a: Manaphy\n|-boost|p2a: Manaphy|spa|3\n|move|p1a: Toxapex|Haze|p1a: Toxapex\n|-clearallboost\n|\n|-heal|p1a: Toxapex|200/216|[from] item: Leftovers\n|upkeep\n|turn|30\n|\n|t:|1733778595\n|move|p2a: Manaphy|Ice Beam|p1a: Toxapex\n|-resisted|p1a: Toxapex\n|-damage|p1a: Toxapex|179/216\n|move|p1a: Toxapex|Haze|p1a: Toxapex\n|-clearallboost\n|\n|-heal|p1a: Toxapex|192/216|[from] item: Leftovers\n|upkeep\n|turn|31\n|\n|t:|1733778600\n|move|p2a: Manaphy|Tail Glow|p2a: Manaphy\n|-boost|p2a: Manaphy|spa|3\n|move|p1a: Toxapex|Liquidation|p2a: Manaphy\n|-resisted|p2a: Manaphy\n|-damage|p2a: Manaphy|252/284\n|\n|-heal|p2a: Manaphy|269/284|[from] item: Leftovers\n|-heal|p1a: Toxapex|205/216|[from] item: Leftovers\n|upkeep\n|turn|32\n|\n|t:|1733778605\n|move|p2a: Manaphy|Energy Ball|p1a: Toxapex\n|-damage|p1a: Toxapex|112/216\n|move|p1a: Toxapex|Haze|p1a: Toxapex\n|-clearallboost\n|\n|-heal|p2a: Manaphy|284/284|[from] item: Leftovers\n|-heal|p1a: Toxapex|125/216|[from] item: Leftovers\n|upkeep\n|turn|33\n|\n|t:|1733778609\n|move|p2a: Manaphy|Tail Glow|p2a: Manaphy\n|-boost|p2a: Manaphy|spa|3\n|move|p1a: Toxapex|Recover|p1a: Toxapex\n|-heal|p1a: Toxapex|216/216\n|\n|upkeep\n|turn|34\n|\n|t:|1733778614\n|move|p2a: Manaphy|Energy Ball|p1a: Toxapex\n|-damage|p1a: Toxapex|125/216\n|move|p1a: Toxapex|Haze|p1a: Toxapex\n|-clearallboost\n|\n|-heal|p1a: Toxapex|138/216|[from] item: Leftovers\n|upkeep\n|turn|35\n|\n|t:|1733778622\n|move|p2a: Manaphy|Tail Glow|p2a: Manaphy\n|-boost|p2a: Manaphy|spa|3\n|move|p1a: Toxapex|Recover|p1a: Toxapex\n|-heal|p1a: Toxapex|216/216\n|\n|upkeep\n|turn|36\n|\n|t:|1733778627\n|move|p2a: Manaphy|Energy Ball|p1a: Toxapex\n|-damage|p1a: Toxapex|108/216\n|move|p1a: Toxapex|Haze|p1a: Toxapex\n|-clearallboost\n|\n|-heal|p1a: Toxapex|121/216|[from] item: Leftovers\n|upkeep\n|turn|37\n|\n|t:|1733778633\n|move|p2a: Manaphy|Energy Ball|p1a: Toxapex\n|-damage|p1a: Toxapex|82/216\n|move|p1a: Toxapex|Haze|p1a: Toxapex\n|-clearallboost\n|\n|-heal|p1a: Toxapex|95/216|[from] item: Leftovers\n|upkeep\n|turn|38\n|\n|t:|1733778638\n|move|p2a: Manaphy|Tail Glow|p2a: Manaphy\n|-boost|p2a: Manaphy|spa|3\n|move|p1a: Toxapex|Recover|p1a: Toxapex\n|-heal|p1a: Toxapex|203/216\n|\n|-heal|p1a: Toxapex|216/216|[from] item: Leftovers\n|upkeep\n|turn|39\n|\n|t:|1733778642\n|move|p2a: Manaphy|Energy Ball|p1a: Toxapex\n|-damage|p1a: Toxapex|110/216\n|-unboost|p1a: Toxapex|spd|1\n|move|p1a: Toxapex|Haze|p1a: Toxapex\n|-clearallboost\n|\n|-heal|p1a: Toxapex|123/216|[from] item: Leftovers\n|upkeep\n|turn|40\n|\n|t:|1733778650\n|move|p2a: Manaphy|Tail Glow|p2a: Manaphy\n|-boost|p2a: Manaphy|spa|3\n|move|p1a: Toxapex|Haze|p1a: Toxapex\n|-clearallboost\n|\n|-heal|p1a: Toxapex|136/216|[from] item: Leftovers\n|upkeep\n|turn|41\n|\n|t:|1733778655\n|move|p2a: Manaphy|Energy Ball|p1a: Toxapex\n|-damage|p1a: Toxapex|96/216\n|-unboost|p1a: Toxapex|spd|1\n|move|p1a: Toxapex|Haze|p1a: Toxapex\n|-clearallboost\n|\n|-heal|p1a: Toxapex|109/216|[from] item: Leftovers\n|upkeep\n|turn|42\n|\n|t:|1733778660\n|move|p2a: Manaphy|Tail Glow|p2a: Manaphy\n|-boost|p2a: Manaphy|spa|3\n|move|p1a: Toxapex|Haze|p1a: Toxapex\n|-clearallboost\n|\n|-heal|p1a: Toxapex|122/216|[from] item: Leftovers\n|upkeep\n|turn|43\n|\n|t:|1733778665\n|move|p2a: Manaphy|Energy Ball|p1a: Toxapex\n|-damage|p1a: Toxapex|84/216\n|move|p1a: Toxapex|Haze|p1a: Toxapex\n|-clearallboost\n|\n|-heal|p1a: Toxapex|97/216|[from] item: Leftovers\n|upkeep\n|turn|44\n|\n|t:|1733778674\n|move|p2a: Manaphy|Hydro Pump|p1a: Toxapex|[miss]\n|-miss|p2a: Manaphy|p1a: Toxapex\n|move|p1a: Toxapex|Haze|p1a: Toxapex\n|-clearallboost\n|\n|-heal|p1a: Toxapex|110/216|[from] item: Leftovers\n|upkeep\n|turn|45\n|\n|t:|1733778677\n|move|p2a: Manaphy|Hydro Pump|p1a: Toxapex|[miss]\n|-miss|p2a: Manaphy|p1a: Toxapex\n|move|p1a: Toxapex|Haze|p1a: Toxapex\n|-clearallboost\n|\n|-heal|p1a: Toxapex|123/216|[from] item: Leftovers\n|upkeep\n|turn|46\n|\n|t:|1733778681\n|move|p2a: Manaphy|Tail Glow|p2a: Manaphy\n|-boost|p2a: Manaphy|spa|3\n|move|p1a: Toxapex|Haze|p1a: Toxapex\n|-clearallboost\n|\n|-heal|p1a: Toxapex|136/216|[from] item: Leftovers\n|upkeep\n|turn|47\n|\n|t:|1733778687\n|move|p2a: Manaphy|Ice Beam|p1a: Toxapex\n|-resisted|p1a: Toxapex\n|-damage|p1a: Toxapex|116/216\n|move|p1a: Toxapex|Haze|p1a: Toxapex\n|-clearallboost\n|\n|-heal|p1a: Toxapex|129/216|[from] item: Leftovers\n|upkeep\n|turn|48\n|\n|t:|1733778692\n|move|p2a: Manaphy|Ice Beam|p1a: Toxapex\n|-resisted|p1a: Toxapex\n|-damage|p1a: Toxapex|110/216\n|move|p1a: Toxapex|Toxic Spikes||[still]\n|-fail|p1a: Toxapex\n|\n|-heal|p1a: Toxapex|123/216|[from] item: Leftovers\n|upkeep\n|turn|49\n|\n|t:|1733778698\n|move|p2a: Manaphy|Ice Beam|p1a: Toxapex\n|-resisted|p1a: Toxapex\n|-damage|p1a: Toxapex|103/216\n|move|p1a: Toxapex|Haze|p1a: Toxapex\n|-clearallboost\n|\n|-heal|p1a: Toxapex|116/216|[from] item: Leftovers\n|upkeep\n|turn|50\n|\n|t:|1733778702\n|switch|p1a: Dragonite|Dragonite, L74, M|26/257 brn\n|move|p2a: Manaphy|Ice Beam|p1a: Dragonite\n|-supereffective|p1a: Dragonite\n|-damage|p1a: Dragonite|0 fnt\n|faint|p1a: Dragonite\n|\n|upkeep\n|\n|t:|1733778708\n|switch|p1a: Zamazenta|Zamazenta, L71|248/248\n|-ability|p1a: Zamazenta|Dauntless Shield|boost\n|-boost|p1a: Zamazenta|def|1\n|turn|51\n|\n|t:|1733778726\n|move|p1a: Zamazenta|Close Combat|p2a: Manaphy\n|-damage|p2a: Manaphy|115/284\n|-unboost|p1a: Zamazenta|def|1\n|-unboost|p1a: Zamazenta|spd|1\n|move|p2a: Manaphy|Tail Glow|p2a: Manaphy\n|-boost|p2a: Manaphy|spa|3\n|\n|-heal|p2a: Manaphy|132/284|[from] item: Leftovers\n|upkeep\n|turn|52\n|\n|t:|1733778733\n|move|p1a: Zamazenta|Close Combat|p2a: Manaphy\n|-damage|p2a: Manaphy|0 fnt\n|-unboost|p1a: Zamazenta|def|1\n|-unboost|p1a: Zamazenta|spd|1\n|faint|p2a: Manaphy\n|\n|upkeep\n|\n|t:|1733778736\n|switch|p2a: Jirachi|Jirachi, L80|270/291\n|turn|53\n|\n|t:|1733778742\n|switch|p1a: Toxapex|Toxapex, L82, F|188/216\n|move|p2a: Jirachi|Iron Head|p1a: Toxapex\n|-resisted|p1a: Toxapex\n|-damage|p1a: Toxapex|163/216\n|\n|-heal|p2a: Jirachi|288/291|[from] item: Leftovers\n|-heal|p1a: Toxapex|176/216|[from] item: Leftovers\n|upkeep\n|turn|54\n|\n|t:|1733778746\n|move|p2a: Jirachi|Iron Head|p1a: Toxapex\n|-resisted|p1a: Toxapex\n|-damage|p1a: Toxapex|149/216\n|move|p1a: Toxapex|Liquidation|p2a: Jirachi\n|-crit|p2a: Jirachi\n|-damage|p2a: Jirachi|201/291\n|\n|-heal|p2a: Jirachi|219/291|[from] item: Leftovers\n|-heal|p1a: Toxapex|162/216|[from] item: Leftovers\n|upkeep\n|turn|55\n|\n|t:|1733778753\n|move|p2a: Jirachi|Iron Head|p1a: Toxapex\n|-resisted|p1a: Toxapex\n|-damage|p1a: Toxapex|135/216\n|cant|p1a: Toxapex|flinch\n|\n|-heal|p2a: Jirachi|237/291|[from] item: Leftovers\n|-heal|p1a: Toxapex|148/216|[from] item: Leftovers\n|upkeep\n|turn|56\n|\n|t:|1733778758\n|move|p2a: Jirachi|Iron Head|p1a: Toxapex\n|-resisted|p1a: Toxapex\n|-damage|p1a: Toxapex|121/216\n|cant|p1a: Toxapex|flinch\n|\n|-heal|p2a: Jirachi|255/291|[from] item: Leftovers\n|-heal|p1a: Toxapex|134/216|[from] item: Leftovers\n|upkeep\n|turn|57\n|\n|t:|1733778763\n|move|p2a: Jirachi|Iron Head|p1a: Toxapex\n|-resisted|p1a: Toxapex\n|-damage|p1a: Toxapex|110/216\n|cant|p1a: Toxapex|flinch\n|\n|-heal|p2a: Jirachi|273/291|[from] item: Leftovers\n|-heal|p1a: Toxapex|123/216|[from] item: Leftovers\n|upkeep\n|turn|58\n|\n|t:|1733778768\n|move|p2a: Jirachi|Iron Head|p1a: Toxapex\n|-resisted|p1a: Toxapex\n|-damage|p1a: Toxapex|96/216\n|move|p1a: Toxapex|Liquidation|p2a: Jirachi\n|-damage|p2a: Jirachi|209/291\n|\n|-heal|p2a: Jirachi|227/291|[from] item: Leftovers\n|-heal|p1a: Toxapex|109/216|[from] item: Leftovers\n|upkeep\n|turn|59\n|\n|t:|1733778774\n|move|p2a: Jirachi|Iron Head|p1a: Toxapex\n|-resisted|p1a: Toxapex\n|-damage|p1a: Toxapex|81/216\n|cant|p1a: Toxapex|flinch\n|\n|-heal|p2a: Jirachi|245/291|[from] item: Leftovers\n|-heal|p1a: Toxapex|94/216|[from] item: Leftovers\n|upkeep\n|turn|60\n|\n|t:|1733778779\n|move|p2a: Jirachi|Iron Head|p1a: Toxapex\n|-resisted|p1a: Toxapex\n|-damage|p1a: Toxapex|69/216\n|cant|p1a: Toxapex|flinch\n|\n|-heal|p2a: Jirachi|263/291|[from] item: Leftovers\n|-heal|p1a: Toxapex|82/216|[from] item: Leftovers\n|upkeep\n|turn|61\n|\n|t:|1733778783\n|move|p2a: Jirachi|Iron Head|p1a: Toxapex\n|-resisted|p1a: Toxapex\n|-damage|p1a: Toxapex|54/216\n|move|p1a: Toxapex|Recover|p1a: Toxapex\n|-heal|p1a: Toxapex|162/216\n|\n|-heal|p2a: Jirachi|281/291|[from] item: Leftovers\n|-heal|p1a: Toxapex|175/216|[from] item: Leftovers\n|upkeep\n|turn|62\n|-message|Papi Draieul forfeited.\n|\n|win|Kandayo\n|raw|Kandayo's rating: 2124 &rarr; <strong>2142</strong><br />(+18 for winning)\n|raw|Papi Draieul's rating: 2092 &rarr; <strong>2074</strong><br />(-18 for losing)\n|l|\u2606Papi Draieul\n|player|p2|\n", "inputlog": ">version bfd83cad13791eb5a5a409923076391caf6fb4d4\n>start {\"formatid\":\"gen9randombattle\",\"seed\":[21844,26832,49240,5497],\"rated\":\"Rated battle\"}\n>player p1 {\"name\":\"Kandayo\",\"avatar\":\"gambler\",\"rating\":2124,\"seed\":[24345,52431,49191,12625]}\n>player p2 {\"name\":\"Papi Draieul\",\"avatar\":\"169\",\"rating\":2092,\"seed\":[52778,18458,44221,21401]}\n>p1 move poltergeist\n>p2 move magnetrise\n>p1 move poltergeist\n>p2 move spikes\n>p2 switch 3\n>p1 move poltergeist\n>p2 move hydropump\n>p1 move poltergeist\n>p2 move hydropump\n>p1 switch 3\n>p1 move knockoff\n>p2 move dracometeor\n>p1 switch 5\n>p1 move rapidspin\n>p2 move hydropump\n>p2 switch 5\n>p1 move ironhead\n>p2 move leafblade\n>p1 move ironhead\n>p2 move leafblade\n>p1 switch 4\n>p1 move dragondance\n>p2 move stoneedge\n>p2 switch 2\n>p1 move outrage\n>p2 move willowisp\n>p1 move outrage\n>p2 move hurricane\n>p2 switch 4\n>p1 move earthquake\n>p2 move ironhead\n>p1 move earthquake\n>p2 move wish\n>p1 switch 2\n>p2 move protect\n>p1 move toxicspikes\n>p2 move uturn\n>p2 switch 6\n>p1 move haze\n>p2 move tailglow\n>p1 move liquidation\n>p2 move tailglow\n>p1 move haze\n>p2 move energyball\n>p1 move recover\n>p2 move energyball\n>p1 move haze\n>p2 move tailglow\n>p1 move toxicspikes\n>p2 move tailglow\n>p1 move haze\n>p2 move energyball\n>p1 move recover\n>p2 move energyball\n>p1 move liquidation\n>p2 move tailglow\n>p1 move haze\n>p2 move energyball\n>p1 move recover\n>p2 move tailglow\n>p1 move haze\n>p2 move energyball\n>p1 move recover\n>p2 move energyball\n>p1 move haze\n>p2 move tailglow\n>p1 move haze\n>p2 move icebeam\n>p1 move liquidation\n>p2 move tailglow\n>p1 move haze\n>p2 move energyball\n>p1 move recover\n>p2 move tailglow\n>p1 move haze\n>p2 move energyball\n>p1 move recover\n>p2 move tailglow\n>p1 move haze\n>p2 move energyball\n>p1 move haze\n>p2 move energyball\n>p1 move recover\n>p2 move tailglow\n>p1 move haze\n>p2 move energyball\n>p1 move haze\n>p2 move tailglow\n>p1 move haze\n>p2 move energyball\n>p1 move haze\n>p2 move tailglow\n>p1 move haze\n>p2 move energyball\n>p1 move haze\n>p2 move hydropump\n>p1 move haze\n>p2 move hydropump\n>p1 move haze\n>p2 move tailglow\n>p1 move haze\n>p2 move icebeam\n>p1 move toxicspikes\n>p2 move icebeam\n>p1 move haze\n>p2 move icebeam\n>p1 switch 2\n>p2 move icebeam\n>p1 switch 6\n>p1 move closecombat\n>p2 move tailglow\n>p1 move closecombat\n>p2 move hydropump\n>p2 switch 6\n>p1 switch 2\n>p2 move ironhead\n>p1 move liquidation\n>p2 move ironhead\n>p1 move liquidation\n>p2 move ironhead\n>p1 move liquidation\n>p2 move ironhead\n>p1 move liquidation\n>p2 move ironhead\n>p1 move liquidation\n>p2 move ironhead\n>p1 move liquidation\n>p2 move ironhead\n>p1 move recover\n>p2 move ironhead\n>p1 move recover\n>p2 move ironhead\n>forcelose p2", "uploadtime": 1733778794, "views": 1, "formatid": "gen9randombattle", "rating": 2074, "private": 0, "password": null}