{"id": "gen9randombattle-2152924422", "format": "[Gen 9] Random Battle", "players": ["xox11108", "utah jasmine fo"], "log": "|badge|p1|bronze|gen9randombattle|100-1\n|html|<div class=\"broadcast-red\"><strong>This battle is required to be public due to one or more player having a season medal.</strong><br />During the public phase, you can discuss the state of the ladder <a href=\"/seasondiscussion\">in a special chatroom.</a></div>\n|uhtml|medal-msg|<div class=\"broadcast-blue\">Curious what those medals under the avatar are? PS now has Ladder Seasons! For more information, check out the <a href=\"https://www.smogon.com/forums/threads/3740067/\">thread on Smogon.</a></div>\n|badge|p2|gold|gen9randombattle|3-1\n|uhtml|medal-msg|<div class=\"broadcast-blue\">Curious what those medals under the avatar are? PS now has Ladder Seasons! For more information, check out the <a href=\"https://www.smogon.com/forums/threads/3740067/\">thread on Smogon.</a></div>\n|raw|<div class=\"broadcast-blue\"><strong>This battle is required to be public due to a player having a name starting with 'medal'.</div>\n|j|\u203dxox11108\n|j|\u2606utah jasmine fo\n|t:|1719788040\n|gametype|singles\n|player|p1|xox11108|hilbert|2413\n|player|p2|utah jasmine fo|102|2521\n|teamsize|p1|6\n|teamsize|p2|6\n|gen|9\n|tier|[Gen 9] Random Battle\n|rated|\n|rule|Species Clause: Limit one of each Pok\u00e9mon\n|rule|HP Percentage Mod: HP is shown in percentages\n|rule|Sleep Clause Mod: Limit one foe put to sleep\n|rule|Illusion Level Mod: Illusion disguises the Pok\u00e9mon's true level\n|\n|t:|1719788040\n|start\n|switch|p1a: Cinderace|Cinderace, L77, M|249/249\n|switch|p2a: Arceus|Arceus-Ice, L72|291/291\n|turn|1\n|inactive|Battle timer is ON: inactive players will automatically lose when time's up. (requested by xox11108)\n|inactive|utah jasmine fo has 120 seconds left.\n|inactive|utah jasmine fo has 90 seconds left.\n|\n|t:|1719788101\n|switch|p2a: Eternatus|Eternatus, L69|308/308\n|-ability|p2a: Eternatus|Pressure\n|move|p1a: Cinderace|Gunk Shot|p2a: Eternatus|[miss]\n|-start|p1a: Cinderace|typechange|Poison|[from] ability: Libero\n|-miss|p1a: Cinderace|p2a: Eternatus\n|\n|upkeep\n|turn|2\n|\n|t:|1719788110\n|switch|p1a: Vileplume|Vileplume, L86, F|269/269\n|move|p2a: Eternatus|Toxic Spikes|p1a: Vileplume\n|-sidestart|p1: xox11108|move: Toxic Spikes\n|\n|upkeep\n|turn|3\n|\n|t:|1719788129\n|move|p2a: Eternatus|Flamethrower|p1a: Vileplume\n|-supereffective|p1a: Vileplume\n|-damage|p1a: Vileplume|153/269\n|move|p1a: Vileplume|Leech Seed|p2a: Eternatus\n|-start|p2a: Eternatus|move: Leech Seed\n|\n|-heal|p1a: Vileplume|169/269|[from] item: Leftovers\n|-damage|p2a: Eternatus|270/308|[from] Leech Seed|[of] p1a: Vileplume\n|-heal|p1a: Vileplume|207/269|[silent]\n|upkeep\n|turn|4\n|\n|t:|1719788141\n|switch|p2a: Fezandipiti|Fezandipiti, L82, M|278/278\n|move|p1a: Vileplume|Sludge Bomb|p2a: Fezandipiti\n|-damage|p2a: Fezandipiti|190/278\n|\n|-heal|p2a: Fezandipiti|207/278|[from] item: Leftovers\n|-heal|p1a: Vileplume|223/269|[from] item: Leftovers\n|upkeep\n|turn|5\n|\n|t:|1719788150\n|switch|p1a: Articuno|Articuno, L86|295/295\n|-ability|p1a: Articuno|Pressure\n|move|p2a: Fezandipiti|Gunk Shot|p1a: Articuno|[miss]\n|-miss|p2a: Fezandipiti|p1a: Articuno\n|\n|-heal|p2a: Fezandipiti|224/278|[from] item: Leftovers\n|upkeep\n|turn|6\n|\n|t:|1719788156\n|switch|p1a: Vileplume|Vileplume, L86, F|223/269\n|-sideend|p1: xox11108|move: Toxic Spikes|[of] p1a: Vileplume\n|move|p2a: Fezandipiti|Beat Up|p1a: Vileplume\n|-damage|p1a: Vileplume|214/269\n|-damage|p1a: Vileplume|201/269\n|-damage|p1a: Vileplume|193/269\n|-damage|p1a: Vileplume|184/269\n|-damage|p1a: Vileplume|177/269\n|-damage|p1a: Vileplume|166/269\n|-hitcount|p1a: Vileplume|6\n|\n|-heal|p2a: Fezandipiti|241/278|[from] item: Leftovers\n|-heal|p1a: Vileplume|182/269|[from] item: Leftovers\n|upkeep\n|turn|7\n|\n|t:|1719788163\n|move|p2a: Fezandipiti|Gunk Shot|p1a: Vileplume\n|-damage|p1a: Vileplume|71/269\n|move|p1a: Vileplume|Strength Sap|p2a: Fezandipiti\n|-unboost|p2a: Fezandipiti|atk|1\n|-heal|p1a: Vileplume|267/269\n|\n|-heal|p2a: Fezandipiti|258/278|[from] item: Leftovers\n|-heal|p1a: Vileplume|269/269|[from] item: Leftovers\n|upkeep\n|turn|8\n|\n|t:|1719788180\n|switch|p2a: Eternatus|Eternatus, L69|270/308\n|-ability|p2a: Eternatus|Pressure\n|switch|p1a: Zangoose|Zangoose, L86, F|266/266\n|\n|-status|p1a: Zangoose|tox|[from] item: Toxic Orb\n|upkeep\n|turn|9\n|\n|t:|1719788191\n|switch|p2a: Sceptile|Sceptile, L87, M|264/264\n|-terastallize|p1a: Zangoose|Normal\n|move|p1a: Zangoose|Facade|p2a: Sceptile\n|-damage|p2a: Sceptile|0 fnt\n|faint|p2a: Sceptile\n|\n|-damage|p1a: Zangoose|250/266 tox|[from] psn\n|upkeep\n|\n|t:|1719788195\n|switch|p2a: Dedenne|Dedenne, L88, F|261/261\n|turn|10\n|\n|t:|1719788198\n|move|p2a: Dedenne|Super Fang|p1a: Zangoose\n|-damage|p1a: Zangoose|125/266 tox\n|move|p1a: Zangoose|Facade|p2a: Dedenne\n|-damage|p2a: Dedenne|0 fnt\n|faint|p2a: Dedenne\n|\n|-damage|p1a: Zangoose|93/266 tox|[from] psn\n|upkeep\n|\n|t:|1719788207\n|switch|p2a: Roaring Moon|Roaring Moon, L72|270/270\n|turn|11\n|\n|t:|1719788215\n|move|p1a: Zangoose|Quick Attack|p2a: Roaring Moon\n|-damage|p2a: Roaring Moon|126/270\n|move|p2a: Roaring Moon|Knock Off|p1a: Zangoose\n|-damage|p1a: Zangoose|0 fnt\n|-enditem|p1a: Zangoose|Toxic Orb|[from] move: Knock Off|[of] p2a: Roaring Moon\n|faint|p1a: Zangoose\n|\n|upkeep\n|\n|t:|1719788220\n|switch|p1a: Urshifu|Urshifu, L74, F|270/270\n|turn|12\n|\n|t:|1719788230\n|-end|p2a: Roaring Moon|Protosynthesis|[silent]\n|switch|p2a: Eternatus|Eternatus, L69|270/308\n|-ability|p2a: Eternatus|Pressure\n|move|p1a: Urshifu|U-turn|p2a: Eternatus\n|-resisted|p2a: Eternatus\n|-damage|p2a: Eternatus|242/308\n|-damage|p1a: Urshifu|225/270|[from] item: Rocky Helmet|[of] p2a: Eternatus\n|\n|t:|1719788236\n|switch|p1a: Articuno|Articuno, L86|295/295|[from] U-turn\n|-ability|p1a: Articuno|Pressure\n|\n|upkeep\n|turn|13\n|\n|t:|1719788242\n|switch|p2a: Fezandipiti|Fezandipiti, L82, M|258/278\n|move|p1a: Articuno|Brave Bird|p2a: Fezandipiti\n|-damage|p2a: Fezandipiti|131/278\n|-damage|p1a: Articuno|253/295|[from] Recoil\n|\n|-heal|p2a: Fezandipiti|148/278|[from] item: Leftovers\n|upkeep\n|turn|14\n|\n|t:|1719788261\n|move|p2a: Fezandipiti|Roost|p2a: Fezandipiti\n|-heal|p2a: Fezandipiti|278/278\n|-singleturn|p2a: Fezandipiti|move: Roost\n|move|p1a: Articuno|Brave Bird|p2a: Fezandipiti\n|-damage|p2a: Fezandipiti|154/278\n|-damage|p1a: Articuno|212/295|[from] Recoil\n|\n|-heal|p2a: Fezandipiti|171/278|[from] item: Leftovers\n|upkeep\n|turn|15\n|\n|t:|1719788279\n|switch|p1a: Vileplume|Vileplume, L86, F|269/269\n|move|p2a: Fezandipiti|Beat Up|p1a: Vileplume\n|-damage|p1a: Vileplume|259/269\n|-damage|p1a: Vileplume|247/269\n|-damage|p1a: Vileplume|235/269\n|-damage|p1a: Vileplume|226/269\n|-hitcount|p1a: Vileplume|4\n|\n|-heal|p2a: Fezandipiti|188/278|[from] item: Leftovers\n|-heal|p1a: Vileplume|242/269|[from] item: Leftovers\n|upkeep\n|turn|16\n|\n|t:|1719788288\n|move|p2a: Fezandipiti|Gunk Shot|p1a: Vileplume|[miss]\n|-miss|p2a: Fezandipiti|p1a: Vileplume\n|move|p1a: Vileplume|Strength Sap|p2a: Fezandipiti\n|-unboost|p2a: Fezandipiti|atk|1\n|-heal|p1a: Vileplume|269/269\n|\n|-heal|p2a: Fezandipiti|205/278|[from] item: Leftovers\n|upkeep\n|turn|17\n|\n|t:|1719788293\n|switch|p2a: Eternatus|Eternatus, L69|242/308\n|-ability|p2a: Eternatus|Pressure\n|move|p1a: Vileplume|Sludge Bomb|p2a: Eternatus\n|-resisted|p2a: Eternatus\n|-damage|p2a: Eternatus|176/308\n|\n|upkeep\n|turn|18\n|\n|t:|1719788299\n|move|p2a: Eternatus|Recover|p2a: Eternatus\n|-heal|p2a: Eternatus|308/308\n|move|p1a: Vileplume|Leech Seed|p2a: Eternatus\n|-start|p2a: Eternatus|move: Leech Seed\n|\n|-damage|p2a: Eternatus|270/308|[from] Leech Seed|[of] p1a: Vileplume\n|upkeep\n|turn|19\n|\n|t:|1719788305\n|switch|p2a: Fezandipiti|Fezandipiti, L82, M|205/278\n|move|p1a: Vileplume|Sludge Bomb|p2a: Fezandipiti\n|-damage|p2a: Fezandipiti|117/278\n|\n|-heal|p2a: Fezandipiti|134/278|[from] item: Leftovers\n|upkeep\n|turn|20\n|\n|t:|1719788322\n|move|p2a: Fezandipiti|Roost|p2a: Fezandipiti\n|-heal|p2a: Fezandipiti|273/278\n|-singleturn|p2a: Fezandipiti|move: Roost\n|move|p1a: Vileplume|Sludge Bomb|p2a: Fezandipiti\n|-damage|p2a: Fezandipiti|185/278\n|\n|-heal|p2a: Fezandipiti|202/278|[from] item: Leftovers\n|upkeep\n|turn|21\n|\n|t:|1719788326\n|move|p2a: Fezandipiti|Gunk Shot|p1a: Vileplume\n|-damage|p1a: Vileplume|154/269\n|move|p1a: Vileplume|Sludge Bomb|p2a: Fezandipiti\n|-damage|p2a: Fezandipiti|109/278\n|\n|-heal|p2a: Fezandipiti|126/278|[from] item: Leftovers\n|-heal|p1a: Vileplume|170/269|[from] item: Leftovers\n|upkeep\n|turn|22\n|\n|t:|1719788334\n|switch|p2a: Eternatus|Eternatus, L69|270/308\n|-ability|p2a: Eternatus|Pressure\n|move|p1a: Vileplume|Strength Sap|p2a: Eternatus\n|-unboost|p2a: Eternatus|atk|1\n|-heal|p1a: Vileplume|269/269\n|\n|upkeep\n|turn|23\n|\n|t:|1719788337\n|move|p2a: Eternatus|Flamethrower|p1a: Vileplume\n|-supereffective|p1a: Vileplume\n|-damage|p1a: Vileplume|151/269\n|move|p1a: Vileplume|Leech Seed|p2a: Eternatus\n|-start|p2a: Eternatus|move: Leech Seed\n|\n|-heal|p1a: Vileplume|167/269|[from] item: Leftovers\n|-damage|p2a: Eternatus|232/308|[from] Leech Seed|[of] p1a: Vileplume\n|-heal|p1a: Vileplume|205/269|[silent]\n|upkeep\n|turn|24\n|\n|t:|1719788343\n|switch|p2a: Fezandipiti|Fezandipiti, L82, M|126/278\n|move|p1a: Vileplume|Sludge Bomb|p2a: Fezandipiti\n|-damage|p2a: Fezandipiti|45/278\n|\n|-heal|p2a: Fezandipiti|62/278|[from] item: Leftovers\n|-heal|p1a: Vileplume|221/269|[from] item: Leftovers\n|upkeep\n|turn|25\n|\n|t:|1719788351\n|move|p2a: Fezandipiti|Roost|p2a: Fezandipiti\n|-heal|p2a: Fezandipiti|201/278\n|-singleturn|p2a: Fezandipiti|move: Roost\n|move|p1a: Vileplume|Strength Sap|p2a: Fezandipiti\n|-unboost|p2a: Fezandipiti|atk|1\n|-heal|p1a: Vileplume|269/269\n|\n|-heal|p2a: Fezandipiti|218/278|[from] item: Leftovers\n|upkeep\n|turn|26\n|\n|t:|1719788368\n|switch|p2a: Eternatus|Eternatus, L69|232/308\n|-ability|p2a: Eternatus|Pressure\n|move|p1a: Vileplume|Leech Seed|p2a: Eternatus\n|-start|p2a: Eternatus|move: Leech Seed\n|\n|-damage|p2a: Eternatus|194/308|[from] Leech Seed|[of] p1a: Vileplume\n|upkeep\n|turn|27\n|\n|t:|1719788375\n|move|p2a: Eternatus|Recover|p2a: Eternatus\n|-heal|p2a: Eternatus|308/308\n|move|p1a: Vileplume|Sludge Bomb|p2a: Eternatus\n|-resisted|p2a: Eternatus\n|-damage|p2a: Eternatus|241/308\n|\n|-damage|p2a: Eternatus|203/308|[from] Leech Seed|[of] p1a: Vileplume\n|upkeep\n|turn|28\n|\n|t:|1719788384\n|switch|p2a: Fezandipiti|Fezandipiti, L82, M|218/278\n|move|p1a: Vileplume|Sludge Bomb|p2a: Fezandipiti\n|-damage|p2a: Fezandipiti|130/278\n|\n|-heal|p2a: Fezandipiti|147/278|[from] item: Leftovers\n|upkeep\n|turn|29\n|\n|t:|1719788389\n|move|p2a: Fezandipiti|Roost|p2a: Fezandipiti\n|-heal|p2a: Fezandipiti|278/278\n|-singleturn|p2a: Fezandipiti|move: Roost\n|move|p1a: Vileplume|Leech Seed|p2a: Fezandipiti\n|-start|p2a: Fezandipiti|move: Leech Seed\n|\n|-damage|p2a: Fezandipiti|244/278|[from] Leech Seed|[of] p1a: Vileplume\n|upkeep\n|turn|30\n|\n|t:|1719788398\n|switch|p2a: Eternatus|Eternatus, L69|203/308\n|-ability|p2a: Eternatus|Pressure\n|move|p1a: Vileplume|Leech Seed|p2a: Eternatus\n|-start|p2a: Eternatus|move: Leech Seed\n|\n|-damage|p2a: Eternatus|165/308|[from] Leech Seed|[of] p1a: Vileplume\n|upkeep\n|turn|31\n|\n|t:|1719788411\n|move|p2a: Eternatus|Recover|p2a: Eternatus\n|-heal|p2a: Eternatus|308/308\n|move|p1a: Vileplume|Sludge Bomb|p2a: Eternatus\n|-resisted|p2a: Eternatus\n|-damage|p2a: Eternatus|245/308\n|\n|-damage|p2a: Eternatus|207/308|[from] Leech Seed|[of] p1a: Vileplume\n|upkeep\n|turn|32\n|\n|t:|1719788416\n|switch|p2a: Fezandipiti|Fezandipiti, L82, M|244/278\n|move|p1a: Vileplume|Sludge Bomb|p2a: Fezandipiti\n|-damage|p2a: Fezandipiti|151/278\n|\n|-heal|p2a: Fezandipiti|168/278|[from] item: Leftovers\n|upkeep\n|turn|33\n|\n|t:|1719788421\n|switch|p2a: Eternatus|Eternatus, L69|207/308\n|-ability|p2a: Eternatus|Pressure\n|move|p1a: Vileplume|Leech Seed|p2a: Eternatus|[miss]\n|-miss|p1a: Vileplume|p2a: Eternatus\n|\n|upkeep\n|turn|34\n|\n|t:|1719788435\n|switch|p1a: Politoed|Politoed, L88, F|302/302\n|-weather|RainDance|[from] ability: Drizzle|[of] p1a: Politoed\n|move|p2a: Eternatus|Flamethrower|p1a: Politoed\n|-resisted|p1a: Politoed\n|-damage|p1a: Politoed|289/302\n|\n|-weather|RainDance|[upkeep]\n|-heal|p1a: Politoed|302/302|[from] item: Leftovers\n|upkeep\n|turn|35\n|\n|t:|1719788443\n|switch|p2a: Arceus|Arceus-Ice, L72|291/291\n|move|p1a: Politoed|Ice Beam|p2a: Arceus\n|-resisted|p2a: Arceus\n|-damage|p2a: Arceus|258/291\n|\n|-weather|RainDance|[upkeep]\n|upkeep\n|turn|36\n|\n|t:|1719788446\n|move|p2a: Arceus|Thunderbolt|p1a: Politoed\n|-supereffective|p1a: Politoed\n|-damage|p1a: Politoed|196/302\n|move|p1a: Politoed|Encore|p2a: Arceus\n|-start|p2a: Arceus|Encore\n|\n|-weather|RainDance|[upkeep]\n|-heal|p1a: Politoed|214/302|[from] item: Leftovers\n|upkeep\n|turn|37\n|\n|t:|1719788452\n|switch|p1a: Vileplume|Vileplume, L86, F|269/269\n|move|p2a: Arceus|Thunderbolt|p1a: Vileplume\n|-resisted|p1a: Vileplume\n|-damage|p1a: Vileplume|245/269\n|\n|-weather|RainDance|[upkeep]\n|-heal|p1a: Vileplume|261/269|[from] item: Leftovers\n|upkeep\n|turn|38\n|\n|t:|1719788459\n|switch|p2a: Eternatus|Eternatus, L69|207/308\n|-ability|p2a: Eternatus|Pressure\n|switch|p1a: Articuno|Articuno, L86|212/295\n|-ability|p1a: Articuno|Pressure\n|\n|-weather|none\n|upkeep\n|turn|39\n|\n|t:|1719788467\n|switch|p2a: Fezandipiti|Fezandipiti, L82, M|168/278\n|move|p1a: Articuno|Brave Bird|p2a: Fezandipiti\n|-damage|p2a: Fezandipiti|47/278\n|-damage|p1a: Articuno|172/295|[from] Recoil\n|\n|-heal|p2a: Fezandipiti|64/278|[from] item: Leftovers\n|upkeep\n|turn|40\n|\n|t:|1719788472\n|switch|p1a: Cinderace|Cinderace, L77, M|249/249\n|move|p2a: Fezandipiti|Roost|p2a: Fezandipiti\n|-heal|p2a: Fezandipiti|203/278\n|-singleturn|p2a: Fezandipiti|move: Roost\n|\n|-heal|p2a: Fezandipiti|220/278|[from] item: Leftovers\n|upkeep\n|turn|41\n|\n|t:|1719788475\n|switch|p2a: Eternatus|Eternatus, L69|207/308\n|-ability|p2a: Eternatus|Pressure\n|move|p1a: Cinderace|Pyro Ball|p2a: Eternatus\n|-resisted|p2a: Eternatus\n|-damage|p2a: Eternatus|95/308\n|\n|upkeep\n|turn|42\n|\n|t:|1719788489\n|move|p1a: Cinderace|Pyro Ball|p2a: Eternatus\n|-resisted|p2a: Eternatus\n|-damage|p2a: Eternatus|0 fnt\n|faint|p2a: Eternatus\n|\n|upkeep\n|\n|t:|1719788495\n|switch|p2a: Roaring Moon|Roaring Moon, L72|126/270\n|turn|43\n|\n|t:|1719788502\n|switch|p1a: Vileplume|Vileplume, L86, F|261/269\n|move|p2a: Roaring Moon|Outrage|p1a: Vileplume\n|-crit|p1a: Vileplume\n|-damage|p1a: Vileplume|0 fnt\n|-status|p2a: Roaring Moon|slp|[from] ability: Effect Spore|[of] p1a: Vileplume\n|faint|p1a: Vileplume\n|\n|upkeep\n|\n|t:|1719788507\n|switch|p1a: Urshifu|Urshifu, L74, F|225/270\n|turn|44\n|\n|t:|1719788518\n|move|p1a: Urshifu|Close Combat|p2a: Roaring Moon\n|-supereffective|p2a: Roaring Moon\n|-damage|p2a: Roaring Moon|0 fnt\n|-unboost|p1a: Urshifu|def|1\n|-unboost|p1a: Urshifu|spd|1\n|faint|p2a: Roaring Moon\n|-end|p2a: Roaring Moon|Protosynthesis|[silent]\n|\n|upkeep\n|\n|t:|1719788523\n|switch|p2a: Fezandipiti|Fezandipiti, L82, M|220/278\n|turn|45\n|\n|t:|1719788531\n|switch|p1a: Articuno|Articuno, L86|172/295\n|-ability|p1a: Articuno|Pressure\n|move|p2a: Fezandipiti|Play Rough|p1a: Articuno\n|-damage|p1a: Articuno|100/295\n|\n|-heal|p2a: Fezandipiti|237/278|[from] item: Leftovers\n|upkeep\n|turn|46\n|\n|t:|1719788540\n|switch|p1a: Politoed|Politoed, L88, F|214/302\n|-weather|RainDance|[from] ability: Drizzle|[of] p1a: Politoed\n|move|p2a: Fezandipiti|Gunk Shot|p1a: Politoed|[miss]\n|-miss|p2a: Fezandipiti|p1a: Politoed\n|\n|-weather|RainDance|[upkeep]\n|-heal|p2a: Fezandipiti|254/278|[from] item: Leftovers\n|-heal|p1a: Politoed|232/302|[from] item: Leftovers\n|upkeep\n|turn|47\n|\n|t:|1719788549\n|move|p2a: Fezandipiti|Play Rough|p1a: Politoed\n|-damage|p1a: Politoed|145/302\n|move|p1a: Politoed|Hydro Pump|p2a: Fezandipiti\n|-damage|p2a: Fezandipiti|112/278\n|\n|-weather|RainDance|[upkeep]\n|-heal|p2a: Fezandipiti|129/278|[from] item: Leftovers\n|-heal|p1a: Politoed|163/302|[from] item: Leftovers\n|upkeep\n|turn|48\n|\n|t:|1719788556\n|move|p2a: Fezandipiti|Play Rough|p1a: Politoed\n|-damage|p1a: Politoed|69/302\n|move|p1a: Politoed|Hydro Pump|p2a: Fezandipiti\n|-damage|p2a: Fezandipiti|0 fnt\n|faint|p2a: Fezandipiti\n|\n|-weather|RainDance|[upkeep]\n|-heal|p1a: Politoed|87/302|[from] item: Leftovers\n|upkeep\n|\n|t:|1719788562\n|switch|p2a: Arceus|Arceus-Ice, L72|258/291\n|turn|49\n|\n|t:|1719788565\n|move|p2a: Arceus|Thunderbolt|p1a: Politoed\n|-supereffective|p1a: Politoed\n|-damage|p1a: Politoed|0 fnt\n|faint|p1a: Politoed\n|\n|-weather|RainDance|[upkeep]\n|upkeep\n|\n|t:|1719788568\n|switch|p1a: Urshifu|Urshifu, L74, F|225/270\n|turn|50\n|\n|t:|1719788576\n|-terastallize|p2a: Arceus|Electric\n|move|p1a: Urshifu|Wicked Blow|p2a: Arceus\n|-crit|p2a: Arceus\n|-damage|p2a: Arceus|146/291\n|move|p2a: Arceus|Recover|p2a: Arceus\n|-heal|p2a: Arceus|291/291\n|\n|-weather|none\n|upkeep\n|turn|51\n|\n|t:|1719788580\n|move|p1a: Urshifu|Wicked Blow|p2a: Arceus\n|-crit|p2a: Arceus\n|-damage|p2a: Arceus|182/291\n|move|p2a: Arceus|Calm Mind|p2a: Arceus\n|-boost|p2a: Arceus|spa|1\n|-boost|p2a: Arceus|spd|1\n|\n|upkeep\n|turn|52\n|\n|t:|1719788585\n|switch|p1a: Cinderace|Cinderace, L77, M|249/249\n|move|p2a: Arceus|Recover|p2a: Arceus\n|-heal|p2a: Arceus|291/291\n|\n|upkeep\n|turn|53\n|\n|t:|1719788590\n|move|p1a: Cinderace|High Jump Kick|p2a: Arceus\n|-start|p1a: Cinderace|typechange|Fighting|[from] ability: Libero\n|-damage|p2a: Arceus|117/291\n|move|p2a: Arceus|Thunderbolt|p1a: Cinderace\n|-damage|p1a: Cinderace|89/249\n|\n|upkeep\n|turn|54\n|\n|t:|1719788597\n|move|p1a: Cinderace|High Jump Kick|p2a: Arceus\n|-damage|p2a: Arceus|0 fnt\n|faint|p2a: Arceus\n|\n|win|xox11108\n|raw|xox11108's rating: 2413 &rarr; <strong>2439</strong><br />(+26 for winning)\n|raw|utah jasmine fo's rating: 2521 &rarr; <strong>2495</strong><br />(-26 for losing)\n", "inputlog": ">version 021bb6b4147d783a3aa9da22896c4e1e173f1b61\n>start {\"formatid\":\"gen9randombattle\",\"seed\":[17401,28747,16280,23757],\"rated\":\"Rated battle\"}\n>player p1 {\"name\":\"xox11108\",\"avatar\":\"hilbert\",\"rating\":2413,\"seed\":[7742,29541,39771,62348]}\n>player p2 {\"name\":\"utah jasmine fo\",\"avatar\":\"102\",\"rating\":2521,\"seed\":[33801,51236,41522,62439]}\n>p1 move gunkshot\n>p2 switch 2\n>p1 switch 6\n>p2 move toxicspikes\n>p1 move leechseed\n>p2 move flamethrower\n>p1 move sludgebomb\n>p2 switch 4\n>p1 switch 5\n>p2 move gunkshot\n>p1 switch 5\n>p2 move beatup\n>p1 move strengthsap\n>p2 move gunkshot\n>p1 switch 4\n>p2 switch 4\n>p1 move facade terastallize\n>p2 switch 3\n>p2 switch 5\n>p1 move facade\n>p2 move superfang\n>p2 switch 6\n>p1 move quickattack\n>p2 move knockoff\n>p1 switch 2\n>p1 move uturn\n>p2 switch 3\n>p1 switch 5\n>p1 move bravebird\n>p2 switch 4\n>p1 move bravebird\n>p2 move roost\n>p1 switch 4\n>p2 move beatup\n>p1 move strengthsap\n>p2 move gunkshot\n>p1 move sludgebomb\n>p2 switch 4\n>p1 move leechseed\n>p2 move recover\n>p1 move sludgebomb\n>p2 switch 4\n>p1 move sludgebomb\n>p2 move roost\n>p1 move sludgebomb\n>p2 move gunkshot\n>p1 move strengthsap\n>p2 switch 4\n>p1 move leechseed\n>p2 move flamethrower\n>p1 move sludgebomb\n>p2 switch 4\n>p1 move strengthsap\n>p2 move roost\n>p1 move leechseed\n>p2 switch 4\n>p1 move sludgebomb\n>p2 move recover\n>p1 move sludgebomb\n>p2 switch 4\n>p1 move leechseed\n>p2 move roost\n>p1 move leechseed\n>p2 switch 4\n>p1 move sludgebomb\n>p2 move recover\n>p1 move sludgebomb\n>p2 switch 4\n>p1 move leechseed\n>p2 switch 4\n>p1 switch 3\n>p2 move flamethrower\n>p1 move icebeam\n>p2 switch 2\n>p1 move encore\n>p2 move thunderbolt\n>p1 switch 3\n>p2 move thunderbolt\n>p1 switch 4\n>p2 switch 2\n>p1 move bravebird\n>p2 switch 4\n>p1 switch 6\n>p2 move roost\n>p1 move pyroball\n>p2 switch 4\n>p1 move pyroball\n>p2 move recover\n>p2 switch 3\n>p1 switch 4\n>p2 move outrage\n>p1 switch 5\n>p1 move closecombat\n>p2 move outrage\n>p2 switch 4\n>p1 switch 6\n>p2 move playrough\n>p1 switch 3\n>p2 move gunkshot\n>p1 move hydropump\n>p2 move playrough\n>p1 move hydropump\n>p2 move playrough\n>p2 switch 2\n>p1 move encore\n>p2 move thunderbolt\n>p1 switch 6\n>p1 move wickedblow\n>p2 move recover terastallize\n>p1 move wickedblow\n>p2 move calmmind\n>p1 switch 4\n>p2 move recover\n>p1 move highjumpkick\n>p2 move thunderbolt\n>p1 move highjumpkick\n>p2 move recover", "uploadtime": 1719788599, "views": 180, "formatid": "gen9randombattle", "rating": 2439, "private": 0, "password": null}