{"id": "gen9randombattle-2162347919", "format": "[Gen 9] Random Battle", "players": ["LocalMetagross", "unoslime"], "log": "|j|\u2606LocalMetagross\n|j|\u2606unoslime\n|t:|1721192087\n|gametype|singles\n|player|p1|LocalMetagross|akari|2203\n|player|p2|unoslime|101|2250\n|teamsize|p1|6\n|teamsize|p2|6\n|gen|9\n|tier|[Gen 9] Random Battle\n|rated|\n|rule|Species Clause: Limit one of each Pok\u00e9mon\n|rule|HP Percentage Mod: HP is shown in percentages\n|rule|Sleep Clause Mod: Limit one foe put to sleep\n|rule|Illusion Level Mod: Illusion disguises the Pok\u00e9mon's true level\n|\n|t:|1721192087\n|start\n|switch|p1a: Cramorant|Cramorant, L86, F|261/261\n|switch|p2a: Misdreavus|Misdreavus, L90, M|254/254\n|turn|1\n|inactive|Battle timer is ON: inactive players will automatically lose when time's up. (requested by LocalMetagross)\n|inactive|unoslime has 120 seconds left.\n|\n|t:|1721192122\n|switch|p1a: Houndoom|Houndoom, L86, M|269/269\n|move|p2a: Misdreavus|Will-O-Wisp|p1a: Houndoom\n|-start|p1a: Houndoom|ability: Flash Fire\n|\n|upkeep\n|turn|2\n|\n|t:|1721192137\n|switch|p2a: Poliwrath|Poliwrath, L88, M|302/302\n|move|p1a: Houndoom|Nasty Plot|p1a: Houndoom\n|-boost|p1a: Houndoom|spa|2\n|\n|upkeep\n|turn|3\n|\n|t:|1721192155\n|-end|p1a: Houndoom|ability: Flash Fire|[silent]\n|switch|p1a: Cramorant|Cramorant, L86, F|261/261\n|move|p2a: Poliwrath|Rain Dance|p2a: Poliwrath\n|-weather|RainDance\n|\n|-weather|RainDance|[upkeep]\n|upkeep\n|turn|4\n|\n|t:|1721192168\n|move|p2a: Poliwrath|Knock Off|p1a: Cramorant\n|-damage|p1a: Cramorant|121/261\n|-enditem|p1a: Cramorant|Heavy-Duty Boots|[from] move: Knock Off|[of] p2a: Poliwrath\n|-damage|p2a: Poliwrath|272/302|[from] item: Life Orb\n|move|p1a: Cramorant|Brave Bird|p2a: Poliwrath\n|-supereffective|p2a: Poliwrath\n|-damage|p2a: Poliwrath|44/302\n|-damage|p1a: Cramorant|46/261|[from] Recoil\n|\n|-weather|RainDance|[upkeep]\n|upkeep\n|turn|5\n|\n|t:|1721192186\n|move|p2a: Poliwrath|Liquidation|p1a: Cramorant\n|-resisted|p1a: Cramorant\n|-damage|p1a: Cramorant|0 fnt\n|faint|p1a: Cramorant\n|-damage|p2a: Poliwrath|14/302|[from] item: Life Orb\n|\n|-weather|RainDance|[upkeep]\n|upkeep\n|\n|t:|1721192196\n|switch|p1a: Spiritomb|Spiritomb, L90, M|236/236\n|turn|6\n|j| OfManITaste\n|j| foierzoig\n|\n|t:|1721192223\n|switch|p2a: Furret|Furret, L93, M|309/309\n|-item|p1a: Spiritomb|Leftovers|[from] ability: Frisk|[of] p2a: Furret|[identify]\n|move|p1a: Spiritomb|Sucker Punch||[still]\n|-fail|p1a: Spiritomb\n|\n|-weather|RainDance|[upkeep]\n|upkeep\n|turn|7\n|\n|t:|1721192235\n|switch|p2a: Alcremie|Alcremie-Salted-Cream, L90, F|263/263\n|move|p1a: Spiritomb|Toxic|p2a: Alcremie\n|-status|p2a: Alcremie|tox\n|\n|-weather|none\n|-damage|p2a: Alcremie|247/263 tox|[from] psn\n|upkeep\n|turn|8\n|\n|t:|1721192250\n|move|p2a: Alcremie|Calm Mind|p2a: Alcremie\n|-boost|p2a: Alcremie|spa|1\n|-boost|p2a: Alcremie|spd|1\n|move|p1a: Spiritomb|Poltergeist|p2a: Alcremie\n|-activate|p2a: Alcremie|move: Poltergeist|Leftovers\n|-damage|p2a: Alcremie|106/263 tox\n|\n|-heal|p2a: Alcremie|122/263 tox|[from] item: Leftovers\n|-damage|p2a: Alcremie|90/263 tox|[from] psn\n|upkeep\n|turn|9\n|\n|t:|1721192262\n|switch|p1a: Toxtricity|Toxtricity, L82, F|257/257\n|move|p2a: Alcremie|Alluring Voice|p1a: Toxtricity\n|-resisted|p1a: Toxtricity\n|-damage|p1a: Toxtricity|212/257\n|\n|-heal|p2a: Alcremie|106/263 tox|[from] item: Leftovers\n|-damage|p2a: Alcremie|58/263 tox|[from] psn\n|upkeep\n|turn|10\n|\n|t:|1721192272\n|move|p1a: Toxtricity|Boomburst|p2a: Alcremie\n|-damage|p2a: Alcremie|0 fnt\n|faint|p2a: Alcremie\n|-enditem|p1a: Toxtricity|Throat Spray\n|-boost|p1a: Toxtricity|spa|1|[from] item: Throat Spray\n|\n|upkeep\n|inactive|unoslime has 120 seconds left.\n|\n|t:|1721192309\n|switch|p2a: Furret|Furret, L93, M|309/309\n|turn|11\n|\n|t:|1721192323\n|switch|p1a: Spiritomb|Spiritomb, L90, M|236/236\n|move|p2a: Furret|Double-Edge|p1a: Spiritomb\n|-immune|p1a: Spiritomb\n|\n|upkeep\n|turn|12\n|\n|t:|1721192333\n|switch|p2a: Duraludon|Duraludon, L82, F|249/249\n|move|p1a: Spiritomb|Toxic|p2a: Duraludon\n|-immune|p2a: Duraludon\n|\n|upkeep\n|turn|13\n|\n|t:|1721192343\n|switch|p1a: Keldeo|Keldeo-Resolute, L79|273/273\n|move|p2a: Duraludon|Flash Cannon|p1a: Keldeo\n|-resisted|p1a: Keldeo\n|-damage|p1a: Keldeo|226/273\n|\n|upkeep\n|turn|14\n|inactive|unoslime has 120 seconds left.\n|\n|t:|1721192359\n|switch|p2a: Misdreavus|Misdreavus, L90, M|254/254\n|move|p1a: Keldeo|Flip Turn|p2a: Misdreavus\n|-damage|p2a: Misdreavus|218/254\n|\n|t:|1721192374\n|switch|p1a: Heracross|Heracross, L80, M|259/259|[from] Flip Turn\n|\n|-status|p1a: Heracross|brn|[from] item: Flame Orb\n|upkeep\n|turn|15\n|inactive|unoslime has 120 seconds left.\n|\n|t:|1721192398\n|move|p2a: Misdreavus|Calm Mind|p2a: Misdreavus\n|-boost|p2a: Misdreavus|spa|1\n|-boost|p2a: Misdreavus|spd|1\n|move|p1a: Heracross|Trailblaze|p2a: Misdreavus\n|-damage|p2a: Misdreavus|167/254\n|-boost|p1a: Heracross|spe|1\n|\n|-damage|p1a: Heracross|243/259 brn|[from] brn\n|upkeep\n|turn|16\n|\n|t:|1721192408\n|-terastallize|p2a: Misdreavus|Fairy\n|move|p1a: Heracross|Knock Off|p2a: Misdreavus\n|-resisted|p2a: Misdreavus\n|-damage|p2a: Misdreavus|117/254\n|-enditem|p2a: Misdreavus|Eviolite|[from] move: Knock Off|[of] p1a: Heracross\n|move|p2a: Misdreavus|Draining Kiss|p1a: Heracross\n|-supereffective|p1a: Heracross\n|-damage|p1a: Heracross|61/259 brn\n|-heal|p2a: Misdreavus|254/254|[from] drain|[of] p1a: Heracross\n|\n|-damage|p1a: Heracross|45/259 brn|[from] brn\n|upkeep\n|turn|17\n|\n|t:|1721192425\n|switch|p2a: Duraludon|Duraludon, L82, F|249/249\n|-terastallize|p1a: Heracross|Normal\n|move|p1a: Heracross|Facade|p2a: Duraludon\n|-resisted|p2a: Duraludon\n|-damage|p2a: Duraludon|176/249\n|\n|-damage|p1a: Heracross|29/259 brn|[from] brn\n|upkeep\n|turn|18\n|\n|t:|1721192442\n|switch|p2a: Misdreavus|Misdreavus, L90, M, tera:Fairy|254/254\n|move|p1a: Heracross|Close Combat|p2a: Misdreavus\n|-resisted|p2a: Misdreavus\n|-damage|p2a: Misdreavus|117/254\n|-unboost|p1a: Heracross|def|1\n|-unboost|p1a: Heracross|spd|1\n|\n|-damage|p1a: Heracross|13/259 brn|[from] brn\n|upkeep\n|turn|19\n|\n|t:|1721192456\n|move|p1a: Heracross|Close Combat|p2a: Misdreavus\n|-resisted|p2a: Misdreavus\n|-damage|p2a: Misdreavus|0 fnt\n|-unboost|p1a: Heracross|def|1\n|-unboost|p1a: Heracross|spd|1\n|faint|p2a: Misdreavus\n|\n|-damage|p1a: Heracross|0 fnt|[from] brn\n|faint|p1a: Heracross\n|upkeep\n|\n|t:|1721192471\n|switch|p2a: Pawmot|Pawmot, L80, F|243/243\n|switch|p1a: Keldeo|Keldeo-Resolute, L79|226/273\n|turn|20\n|\n|t:|1721192491\n|move|p1a: Keldeo|Hydro Pump|p2a: Pawmot\n|-damage|p2a: Pawmot|0 fnt\n|faint|p2a: Pawmot\n|\n|upkeep\n|\n|t:|1721192506\n|switch|p2a: Duraludon|Duraludon, L82, F|176/249\n|turn|21\n|\n|t:|1721192527\n|move|p1a: Keldeo|Hydro Pump|p2a: Duraludon\n|-resisted|p2a: Duraludon\n|-crit|p2a: Duraludon\n|-damage|p2a: Duraludon|22/249\n|move|p2a: Duraludon|Iron Defense|p2a: Duraludon\n|-boost|p2a: Duraludon|def|2\n|\n|upkeep\n|turn|22\n|\n|t:|1721192538\n|move|p1a: Keldeo|Hydro Pump|p2a: Duraludon\n|-resisted|p2a: Duraludon\n|-damage|p2a: Duraludon|0 fnt\n|faint|p2a: Duraludon\n|\n|upkeep\n|\n|t:|1721192546\n|switch|p2a: Furret|Furret, L93, M|309/309\n|-item|p1a: Keldeo|Choice Specs|[from] ability: Frisk|[of] p2a: Furret|[identify]\n|turn|23\n|\n|t:|1721192552\n|move|p2a: Furret|Tidy Up|p2a: Furret\n|-boost|p2a: Furret|atk|1\n|-boost|p2a: Furret|spe|1\n|move|p1a: Keldeo|Hydro Pump|p2a: Furret\n|-damage|p2a: Furret|45/309\n|\n|upkeep\n|turn|24\n|inactive|unoslime has 120 seconds left.\n|-message|unoslime forfeited.\n|\n|win|LocalMetagross\n|raw|LocalMetagross's rating: 2203 &rarr; <strong>2226</strong><br />(+23 for winning)\n|raw|unoslime's rating: 2250 &rarr; <strong>2227</strong><br />(-23 for losing)\n|l|\u2606unoslime\n|player|p2|\n|l| OfManITaste\n", "inputlog": ">version 6541fcea21d467a9da79bdf33e2760bc1c0cf786\n>start {\"formatid\":\"gen9randombattle\",\"seed\":[20705,16274,44937,1352],\"rated\":\"Rated battle\"}\n>player p1 {\"name\":\"LocalMetagross\",\"avatar\":\"akari\",\"rating\":2203,\"seed\":[8064,29702,13664,5243]}\n>player p2 {\"name\":\"unoslime\",\"avatar\":\"101\",\"rating\":2250,\"seed\":[21898,42131,20016,47260]}\n>p1 switch 4\n>p2 move willowisp\n>p1 move nastyplot\n>p2 switch 2\n>p1 switch 4\n>p2 move raindance\n>p1 move bravebird\n>p2 move knockoff\n>p1 move roost\n>p2 move liquidation\n>p1 switch 2\n>p1 move suckerpunch\n>p2 switch 3\n>p1 move toxic\n>p2 switch 5\n>p1 move poltergeist\n>p2 move calmmind\n>p1 switch 5\n>p2 move alluringvoice\n>p1 move boomburst\n>p2 move psychic\n>p2 switch 5\n>p1 switch 5\n>p2 move doubleedge\n>p1 move toxic\n>p2 switch 4\n>p1 switch 3\n>p2 move flashcannon\n>p1 move flipturn\n>p2 switch 2\n>p1 switch 6\n>p1 move trailblaze\n>p2 move calmmind\n>p1 move knockoff\n>p2 move drainingkiss terastallize\n>p1 move facade terastallize\n>p2 switch 2\n>p1 move closecombat\n>p2 switch 2\n>p1 move closecombat\n>p2 move drainingkiss\n>p1 switch 6\n>p2 switch 6\n>p1 move hydropump\n>p2 move doubleshock\n>p2 switch 2\n>p1 move hydropump\n>p2 move irondefense\n>p1 move hydropump\n>p2 move bodypress\n>p2 switch 4\n>p1 move hydropump\n>p2 move tidyup\n>forcelose p2", "uploadtime": 1721192568, "views": 157, "formatid": "gen9randombattle", "rating": 2226, "private": 0, "password": null}