{"id": "gen9randombattle-2260653773", "format": "[Gen 9] Random Battle", "players": ["AnonymousBW", "Squigly_stiff"], "log": "|j|\u2606AnonymousBW\n|j|\u2606Squigly_stiff\n|t:|1733874253\n|gametype|singles\n|player|p1|AnonymousBW|lucas|1551\n|player|p2|Squigly_stiff|roxie|1525\n|teamsize|p1|6\n|teamsize|p2|6\n|gen|9\n|tier|[Gen 9] Random Battle\n|rated|\n|rule|Species Clause: Limit one of each Pok\u00e9mon\n|rule|HP Percentage Mod: HP is shown in percentages\n|rule|Sleep Clause Mod: Limit one foe put to sleep\n|rule|Illusion Level Mod: Illusion disguises the Pok\u00e9mon's true level\n|\n|t:|1733874253\n|start\n|switch|p1a: Excadrill|Excadrill, L79, M|303/303\n|switch|p2a: Greninja|Greninja, L80, M|246/246\n|-ability|p1a: Excadrill|Mold Breaker\n|turn|1\n|\n|t:|1733874261\n|move|p2a: Greninja|Hydro Pump|p1a: Excadrill\n|-supereffective|p1a: Excadrill\n|-damage|p1a: Excadrill|0 fnt\n|faint|p1a: Excadrill\n|-ability|p2a: Greninja|Battle Bond|boost\n|-boost|p2a: Greninja|atk|1\n|-boost|p2a: Greninja|spa|1\n|-boost|p2a: Greninja|spe|1\n|-activate|p2a: Greninja|ability: Battle Bond\n|-damage|p2a: Greninja|222/246|[from] item: Life Orb\n|\n|upkeep\n|\n|t:|1733874272\n|switch|p1a: Gumshoos|Gumshoos, L95, F|321/321\n|turn|2\n|\n|t:|1733874357\n|move|p2a: Greninja|Hydro Pump|p1a: Gumshoos\n|-damage|p1a: Gumshoos|79/321\n|-damage|p2a: Greninja|198/246|[from] item: Life Orb\n|move|p1a: Gumshoos|Double-Edge|p2a: Greninja\n|-damage|p2a: Greninja|0 fnt\n|faint|p2a: Greninja\n|-damage|p1a: Gumshoos|14/321|[from] Recoil\n|\n|upkeep\n|\n|t:|1733874379\n|switch|p2a: Infernape|Infernape, L82, F|259/259\n|turn|3\n|\n|t:|1733874386\n|move|p2a: Infernape|Close Combat|p1a: Gumshoos\n|-supereffective|p1a: Gumshoos\n|-damage|p1a: Gumshoos|0 fnt\n|-unboost|p2a: Infernape|def|1\n|-unboost|p2a: Infernape|spd|1\n|faint|p1a: Gumshoos\n|-damage|p2a: Infernape|234/259|[from] item: Life Orb\n|\n|upkeep\n|\n|t:|1733874391\n|switch|p1a: Blastoise|Blastoise, L80, F|258/258\n|turn|4\n|\n|t:|1733874398\n|switch|p2a: Smeargle|Smeargle, L95, M|258/258\n|move|p1a: Blastoise|Shell Smash|p1a: Blastoise\n|-unboost|p1a: Blastoise|def|1\n|-unboost|p1a: Blastoise|spd|1\n|-boost|p1a: Blastoise|atk|2\n|-boost|p1a: Blastoise|spa|2\n|-boost|p1a: Blastoise|spe|2\n|-enditem|p1a: Blastoise|White Herb\n|-clearnegativeboost|p1a: Blastoise|[silent]\n|\n|upkeep\n|turn|5\n|\n|t:|1733874402\n|move|p1a: Blastoise|Hydro Pump|p2a: Smeargle\n|-enditem|p2a: Smeargle|Focus Sash\n|-damage|p2a: Smeargle|1/258\n|move|p2a: Smeargle|Spore|p1a: Blastoise\n|-status|p1a: Blastoise|slp|[from] move: Spore\n|\n|upkeep\n|turn|6\n|\n|t:|1733874424\n|cant|p1a: Blastoise|slp\n|move|p2a: Smeargle|Sticky Web|p1a: Blastoise\n|-sidestart|p1: AnonymousBW|move: Sticky Web\n|\n|upkeep\n|turn|7\n|\n|t:|1733874434\n|switch|p2a: Gothitelle|Gothitelle, L90, F|272/272\n|cant|p1a: Blastoise|slp\n|\n|upkeep\n|turn|8\n|\n|t:|1733874439\n|-curestatus|p1a: Blastoise|slp|[msg]\n|move|p1a: Blastoise|Earthquake|p2a: Gothitelle\n|-damage|p2a: Gothitelle|161/272\n|move|p2a: Gothitelle|Trick|p1a: Blastoise\n|-activate|p2a: Gothitelle|move: Trick|[of] p1a: Blastoise\n|-item|p1a: Blastoise|Choice Scarf|[from] move: Trick\n|-enditem|p2a: Gothitelle|Choice Scarf|[silent]|[from] move: Trick\n|\n|upkeep\n|turn|9\n|\n|t:|1733874453\n|switch|p2a: Salamence|Salamence, L77, F|273/273\n|-ability|p2a: Salamence|Intimidate|boost\n|-unboost|p1a: Blastoise|atk|1\n|move|p1a: Blastoise|Hydro Pump|p2a: Salamence|[miss]\n|-miss|p1a: Blastoise|p2a: Salamence\n|\n|upkeep\n|turn|10\n|\n|t:|1733874465\n|move|p1a: Blastoise|Hydro Pump|p2a: Salamence\n|-resisted|p2a: Salamence\n|-damage|p2a: Salamence|161/273\n|move|p2a: Salamence|Dragon Dance|p2a: Salamence\n|-boost|p2a: Salamence|atk|1\n|-boost|p2a: Salamence|spe|1\n|\n|upkeep\n|turn|11\n|\n|t:|1733874477\n|move|p1a: Blastoise|Hydro Pump|p2a: Salamence|[miss]\n|-miss|p1a: Blastoise|p2a: Salamence\n|move|p2a: Salamence|Dual Wingbeat|p1a: Blastoise\n|-damage|p1a: Blastoise|189/258\n|-damage|p1a: Blastoise|123/258\n|-hitcount|p1a: Blastoise|2\n|\n|upkeep\n|turn|12\n|\n|t:|1733874482\n|move|p1a: Blastoise|Hydro Pump|p2a: Salamence\n|-resisted|p2a: Salamence\n|-damage|p2a: Salamence|51/273\n|move|p2a: Salamence|Dual Wingbeat|p1a: Blastoise|[miss]\n|-miss|p2a: Salamence|p1a: Blastoise\n|\n|upkeep\n|turn|13\n|\n|t:|1733874487\n|move|p1a: Blastoise|Hydro Pump|p2a: Salamence\n|-resisted|p2a: Salamence\n|-damage|p2a: Salamence|0 fnt\n|faint|p2a: Salamence\n|\n|upkeep\n|\n|t:|1733874507\n|switch|p2a: Gothitelle|Gothitelle, L90, F|161/272\n|turn|14\n|\n|t:|1733874513\n|move|p1a: Blastoise|Hydro Pump|p2a: Gothitelle|[miss]\n|-miss|p1a: Blastoise|p2a: Gothitelle\n|move|p2a: Gothitelle|Psychic|p1a: Blastoise\n|-damage|p1a: Blastoise|27/258\n|\n|upkeep\n|turn|15\n|\n|t:|1733874518\n|move|p1a: Blastoise|Hydro Pump|p2a: Gothitelle\n|-damage|p2a: Gothitelle|0 fnt\n|faint|p2a: Gothitelle\n|\n|upkeep\n|\n|t:|1733874526\n|switch|p2a: Alcremie|Alcremie-Mint-Cream, L90, F|263/263\n|turn|16\n|\n|t:|1733874529\n|-activate|p1a: Blastoise|move: Struggle\n|move|p1a: Blastoise|Struggle|p2a: Alcremie\n|-damage|p2a: Alcremie|216/263\n|-damage|p1a: Blastoise|0 fnt|[from] recoil\n|faint|p1a: Blastoise\n|move|p2a: Alcremie|Calm Mind|p2a: Alcremie\n|-boost|p2a: Alcremie|spa|1\n|-boost|p2a: Alcremie|spd|1\n|\n|-heal|p2a: Alcremie|232/263|[from] item: Leftovers\n|upkeep\n|\n|t:|1733874542\n|switch|p1a: Alcremie|Alcremie, L90, F|263/263\n|-activate|p1a: Alcremie|move: Sticky Web\n|-unboost|p1a: Alcremie|spe|1\n|turn|17\n|\n|t:|1733874561\n|move|p2a: Alcremie|Psychic|p1a: Alcremie\n|-damage|p1a: Alcremie|167/263\n|move|p1a: Alcremie|Alluring Voice|p2a: Alcremie\n|-damage|p2a: Alcremie|174/263\n|\n|-heal|p2a: Alcremie|190/263|[from] item: Leftovers\n|-heal|p1a: Alcremie|183/263|[from] item: Leftovers\n|upkeep\n|turn|18\n|\n|t:|1733874578\n|move|p2a: Alcremie|Alluring Voice|p1a: Alcremie\n|-damage|p1a: Alcremie|57/263\n|move|p1a: Alcremie|Calm Mind|p1a: Alcremie\n|-boost|p1a: Alcremie|spa|1\n|-boost|p1a: Alcremie|spd|1\n|\n|-heal|p2a: Alcremie|206/263|[from] item: Leftovers\n|-heal|p1a: Alcremie|73/263|[from] item: Leftovers\n|upkeep\n|turn|19\n|\n|t:|1733874583\n|move|p2a: Alcremie|Psychic|p1a: Alcremie\n|-damage|p1a: Alcremie|10/263\n|move|p1a: Alcremie|Recover|p1a: Alcremie\n|-heal|p1a: Alcremie|142/263\n|\n|-heal|p2a: Alcremie|222/263|[from] item: Leftovers\n|-heal|p1a: Alcremie|158/263|[from] item: Leftovers\n|upkeep\n|turn|20\n|\n|t:|1733874601\n|move|p2a: Alcremie|Calm Mind|p2a: Alcremie\n|-boost|p2a: Alcremie|spa|1\n|-boost|p2a: Alcremie|spd|1\n|move|p1a: Alcremie|Recover|p1a: Alcremie\n|-heal|p1a: Alcremie|263/263\n|\n|-heal|p2a: Alcremie|238/263|[from] item: Leftovers\n|upkeep\n|turn|21\n|\n|t:|1733874607\n|move|p2a: Alcremie|Alluring Voice|p1a: Alcremie\n|-damage|p1a: Alcremie|155/263\n|move|p1a: Alcremie|Calm Mind|p1a: Alcremie\n|-boost|p1a: Alcremie|spa|1\n|-boost|p1a: Alcremie|spd|1\n|\n|-heal|p2a: Alcremie|254/263|[from] item: Leftovers\n|-heal|p1a: Alcremie|171/263|[from] item: Leftovers\n|upkeep\n|turn|22\n|\n|t:|1733874616\n|move|p2a: Alcremie|Alluring Voice|p1a: Alcremie\n|-damage|p1a: Alcremie|95/263\n|move|p1a: Alcremie|Calm Mind|p1a: Alcremie\n|-boost|p1a: Alcremie|spa|1\n|-boost|p1a: Alcremie|spd|1\n|\n|-heal|p2a: Alcremie|263/263|[from] item: Leftovers\n|-heal|p1a: Alcremie|111/263|[from] item: Leftovers\n|upkeep\n|turn|23\n|\n|t:|1733874624\n|move|p2a: Alcremie|Alluring Voice|p1a: Alcremie\n|-damage|p1a: Alcremie|48/263\n|move|p1a: Alcremie|Recover|p1a: Alcremie\n|-heal|p1a: Alcremie|180/263\n|\n|-heal|p1a: Alcremie|196/263|[from] item: Leftovers\n|upkeep\n|turn|24\n|\n|t:|1733874633\n|move|p2a: Alcremie|Calm Mind|p2a: Alcremie\n|-boost|p2a: Alcremie|spa|1\n|-boost|p2a: Alcremie|spd|1\n|move|p1a: Alcremie|Recover|p1a: Alcremie\n|-heal|p1a: Alcremie|263/263\n|\n|upkeep\n|turn|25\n|\n|t:|1733874636\n|move|p2a: Alcremie|Alluring Voice|p1a: Alcremie\n|-damage|p1a: Alcremie|187/263\n|move|p1a: Alcremie|Calm Mind|p1a: Alcremie\n|-boost|p1a: Alcremie|spa|1\n|-boost|p1a: Alcremie|spd|1\n|\n|-heal|p1a: Alcremie|203/263|[from] item: Leftovers\n|upkeep\n|turn|26\n|\n|t:|1733874640\n|move|p2a: Alcremie|Calm Mind|p2a: Alcremie\n|-boost|p2a: Alcremie|spa|1\n|-boost|p2a: Alcremie|spd|1\n|move|p1a: Alcremie|Alluring Voice|p2a: Alcremie\n|-damage|p2a: Alcremie|181/263\n|-start|p2a: Alcremie|confusion\n|\n|-heal|p2a: Alcremie|197/263|[from] item: Leftovers\n|-heal|p1a: Alcremie|219/263|[from] item: Leftovers\n|upkeep\n|turn|27\n|\n|t:|1733874645\n|-activate|p2a: Alcremie|confusion\n|move|p2a: Alcremie|Recover|p2a: Alcremie\n|-heal|p2a: Alcremie|263/263\n|move|p1a: Alcremie|Calm Mind|p1a: Alcremie\n|-boost|p1a: Alcremie|spa|1\n|-boost|p1a: Alcremie|spd|1\n|\n|-heal|p1a: Alcremie|235/263|[from] item: Leftovers\n|upkeep\n|turn|28\n|\n|t:|1733874653\n|-end|p2a: Alcremie|confusion\n|move|p2a: Alcremie|Alluring Voice|p1a: Alcremie\n|-damage|p1a: Alcremie|162/263\n|move|p1a: Alcremie|Calm Mind|p1a: Alcremie\n|-boost|p1a: Alcremie|spa|1\n|-boost|p1a: Alcremie|spd|1\n|\n|-heal|p1a: Alcremie|178/263|[from] item: Leftovers\n|upkeep\n|turn|29\n|\n|t:|1733874661\n|move|p2a: Alcremie|Psychic|p1a: Alcremie\n|-damage|p1a: Alcremie|131/263\n|move|p1a: Alcremie|Alluring Voice|p2a: Alcremie\n|-damage|p2a: Alcremie|157/263\n|\n|-heal|p2a: Alcremie|173/263|[from] item: Leftovers\n|-heal|p1a: Alcremie|147/263|[from] item: Leftovers\n|upkeep\n|turn|30\n|\n|t:|1733874673\n|move|p2a: Alcremie|Psychic|p1a: Alcremie\n|-damage|p1a: Alcremie|101/263\n|move|p1a: Alcremie|Alluring Voice|p2a: Alcremie\n|-damage|p2a: Alcremie|58/263\n|\n|-heal|p2a: Alcremie|74/263|[from] item: Leftovers\n|-heal|p1a: Alcremie|117/263|[from] item: Leftovers\n|upkeep\n|turn|31\n|\n|t:|1733874680\n|move|p2a: Alcremie|Psychic|p1a: Alcremie\n|-damage|p1a: Alcremie|70/263\n|move|p1a: Alcremie|Alluring Voice|p2a: Alcremie\n|-damage|p2a: Alcremie|0 fnt\n|faint|p2a: Alcremie\n|\n|-heal|p1a: Alcremie|86/263|[from] item: Leftovers\n|upkeep\n|\n|t:|1733874683\n|switch|p2a: Infernape|Infernape, L82, F|234/259\n|turn|32\n|\n|t:|1733874685\n|move|p2a: Infernape|Gunk Shot|p1a: Alcremie\n|-supereffective|p1a: Alcremie\n|-damage|p1a: Alcremie|0 fnt\n|faint|p1a: Alcremie\n|-damage|p2a: Infernape|209/259|[from] item: Life Orb\n|\n|upkeep\n|\n|t:|1733874690\n|switch|p1a: Inteleon|Inteleon, L81, M|246/246\n|-activate|p1a: Inteleon|move: Sticky Web\n|-unboost|p1a: Inteleon|spe|1\n|turn|33\n|\n|t:|1733874697\n|-terastallize|p2a: Infernape|Fighting\n|move|p2a: Infernape|Close Combat|p1a: Inteleon\n|-damage|p1a: Inteleon|0 fnt\n|-unboost|p2a: Infernape|def|1\n|-unboost|p2a: Infernape|spd|1\n|faint|p1a: Inteleon\n|-damage|p2a: Infernape|184/259|[from] item: Life Orb\n|\n|upkeep\n|\n|t:|1733874703\n|switch|p1a: Probopass|Probopass, L92, M|260/260\n|-activate|p1a: Probopass|move: Sticky Web\n|-unboost|p1a: Probopass|spe|1\n|turn|34\n|\n|t:|1733874713\n|switch|p2a: Smeargle|Smeargle, L95, M|1/258\n|-terastallize|p1a: Probopass|Fighting\n|move|p1a: Probopass|Iron Defense|p1a: Probopass\n|-boost|p1a: Probopass|def|2\n|\n|upkeep\n|turn|35\n|\n|t:|1733874718\n|move|p2a: Smeargle|Spore|p1a: Probopass\n|-status|p1a: Probopass|slp|[from] move: Spore\n|cant|p1a: Probopass|slp\n|\n|upkeep\n|turn|36\n|\n|t:|1733874721\n|switch|p2a: Infernape|Infernape, L82, F, tera:Fighting|184/259\n|cant|p1a: Probopass|slp\n|\n|upkeep\n|turn|37\n|\n|t:|1733874728\n|move|p2a: Infernape|Grass Knot|p1a: Probopass\n|-damage|p1a: Probopass|192/260 slp\n|-damage|p2a: Infernape|159/259|[from] item: Life Orb\n|-curestatus|p1a: Probopass|slp|[msg]\n|move|p1a: Probopass|Iron Defense|p1a: Probopass\n|-boost|p1a: Probopass|def|2\n|\n|-heal|p1a: Probopass|208/260|[from] item: Leftovers\n|upkeep\n|turn|38\n|\n|t:|1733874732\n|move|p2a: Infernape|Overheat|p1a: Probopass\n|-crit|p1a: Probopass\n|-damage|p1a: Probopass|33/260\n|-unboost|p2a: Infernape|spa|2\n|-damage|p2a: Infernape|134/259|[from] item: Life Orb\n|move|p1a: Probopass|Body Press|p2a: Infernape\n|-damage|p2a: Infernape|0 fnt\n|faint|p2a: Infernape\n|\n|-heal|p1a: Probopass|49/260|[from] item: Leftovers\n|upkeep\n|\n|t:|1733874743\n|switch|p2a: Smeargle|Smeargle, L95, M|1/258\n|turn|39\n|\n|t:|1733874746\n|move|p2a: Smeargle|Spore|p1a: Probopass\n|-status|p1a: Probopass|slp|[from] move: Spore\n|cant|p1a: Probopass|slp\n|\n|-heal|p1a: Probopass|65/260 slp|[from] item: Leftovers\n|upkeep\n|turn|40\n|\n|t:|1733874753\n|move|p2a: Smeargle|Ceaseless Edge|p1a: Probopass\n|-resisted|p1a: Probopass\n|-damage|p1a: Probopass|63/260 slp\n|-sidestart|p1: AnonymousBW|Spikes\n|cant|p1a: Probopass|slp\n|\n|-heal|p1a: Probopass|79/260 slp|[from] item: Leftovers\n|upkeep\n|turn|41\n|-message|Squigly_stiff forfeited.\n|\n|win|AnonymousBW\n|raw|AnonymousBW's rating: 1551 &rarr; <strong>1570</strong><br />(+19 for winning)\n|raw|Squigly_stiff's rating: 1525 &rarr; <strong>1506</strong><br />(-19 for losing)\n|l|\u2606Squigly_stiff\n|player|p2|\n", "inputlog": ">version bfd83cad13791eb5a5a409923076391caf6fb4d4\n>start {\"formatid\":\"gen9randombattle\",\"seed\":[13815,37134,37551,22067],\"rated\":\"Rated battle\"}\n>player p1 {\"name\":\"AnonymousBW\",\"avatar\":\"lucas\",\"rating\":1551,\"seed\":[4124,29783,22738,14271]}\n>player p2 {\"name\":\"Squigly_stiff\",\"avatar\":\"roxie\",\"rating\":1525,\"seed\":[57627,63174,814,6389]}\n>p1 move rapidspin\n>p2 move hydropump\n>p1 switch 5\n>p1 move doubleedge\n>p2 move hydropump\n>p2 switch 3\n>p1 move doubleedge\n>p2 move closecombat\n>p1 switch 3\n>p1 move shellsmash\n>p2 switch 2\n>p1 move hydropump\n>p2 move spore\n>p1 move earthquake\n>p2 move stickyweb\n>p1 move earthquake\n>p2 switch 5\n>p1 move earthquake\n>p2 move trick\n>p1 move hydropump\n>p2 switch 4\n>p1 move hydropump\n>p2 move dragondance\n>p1 move hydropump\n>p2 move dualwingbeat\n>p1 move hydropump\n>p2 move dualwingbeat\n>p1 move hydropump\n>p2 move outrage\n>p2 switch 4\n>p1 move hydropump\n>p2 move psychic\n>p1 move hydropump\n>p2 move psychic\n>p2 switch 6\n>p1 move struggle\n>p2 move calmmind\n>p1 switch 6\n>p1 move alluringvoice\n>p2 move psychic\n>p1 move calmmind\n>p2 move alluringvoice\n>p1 move recover\n>p2 move psychic\n>p1 move recover\n>p2 move calmmind\n>p1 move calmmind\n>p2 move alluringvoice\n>p1 move calmmind\n>p2 move alluringvoice\n>p1 move recover\n>p2 move alluringvoice\n>p1 move recover\n>p2 move calmmind\n>p1 move calmmind\n>p2 move alluringvoice\n>p1 move alluringvoice\n>p2 move calmmind\n>p1 move calmmind\n>p2 move recover\n>p1 move calmmind\n>p2 move alluringvoice\n>p1 move alluringvoice\n>p2 move psychic\n>p1 move alluringvoice\n>p2 move psychic\n>p1 move alluringvoice\n>p2 move psychic\n>p2 switch 2\n>p1 move alluringvoice\n>p2 move gunkshot\n>p1 switch 4\n>p1 move scald\n>p2 move closecombat terastallize\n>p1 switch 2\n>p1 move irondefense terastallize\n>p2 switch 5\n>p1 move bodypress\n>p2 move spore\n>p1 move irondefense\n>p2 switch 5\n>p1 move irondefense\n>p2 move grassknot\n>p1 move bodypress\n>p2 move overheat\n>p2 switch 5\n>p1 move bodypress\n>p2 move spore\n>p1 move bodypress\n>p2 move ceaselessedge\n>forcelose p2", "uploadtime": 1733874761, "views": 2, "formatid": "gen9randombattle", "rating": 1506, "private": 0, "password": null}