{"id": "gen9randombattle-2250762088", "format": "[Gen 9] Random Battle", "players": ["FIREEEE", "cacahue"], "log": "|badge|p2|bronze|gen9randombattle|100-3\n|uhtml|medal-msg|<div class=\"broadcast-blue\">Curious what those medals under the avatar are? PS now has Ladder Seasons! For more information, check out the <a href=\"https://www.smogon.com/forums/threads/3740067/\">thread on Smogon.</a></div>\n|j|\u2606FIREEEE\n|j|\u2606cacahue\n|t:|1732544538\n|gametype|singles\n|player|p1|FIREEEE|pokekid|2279\n|player|p2|cacahue|1|2328\n|teamsize|p1|6\n|teamsize|p2|6\n|gen|9\n|tier|[Gen 9] Random Battle\n|rated|\n|rule|Species Clause: Limit one of each Pok\u00e9mon\n|rule|HP Percentage Mod: HP is shown in percentages\n|rule|Sleep Clause Mod: Limit one foe put to sleep\n|rule|Illusion Level Mod: Illusion disguises the Pok\u00e9mon's true level\n|\n|t:|1732544538\n|start\n|switch|p1a: Darkrai|Darkrai, L77|234/234\n|switch|p2a: Victreebel|Victreebel, L90, F|290/290\n|turn|1\n|inactive|Battle timer is ON: inactive players will automatically lose when time's up. (requested by cacahue)\n|\n|t:|1732544557\n|move|p1a: Darkrai|Hypnosis|p2a: Victreebel\n|-status|p2a: Victreebel|slp|[from] move: Hypnosis\n|cant|p2a: Victreebel|slp\n|\n|-damage|p2a: Victreebel|254/290 slp|[from] ability: Bad Dreams|[of] p1a: Darkrai\n|upkeep\n|turn|2\n|\n|t:|1732544566\n|switch|p2a: Koraidon|Koraidon, L64|235/235\n|-weather|SunnyDay|[from] ability: Orichalcum Pulse|[of] p2a: Koraidon\n|-activate|p2a: Koraidon|Orichalcum Pulse|[source]\n|move|p1a: Darkrai|Nasty Plot|p1a: Darkrai\n|-boost|p1a: Darkrai|spa|2\n|\n|-weather|SunnyDay|[upkeep]\n|upkeep\n|turn|3\n|\n|t:|1732544580\n|move|p1a: Darkrai|Sludge Bomb|p2a: Koraidon\n|-damage|p2a: Koraidon|17/235\n|-status|p2a: Koraidon|psn\n|-damage|p1a: Darkrai|211/234|[from] item: Life Orb\n|move|p2a: Koraidon|U-turn|p1a: Darkrai\n|-supereffective|p1a: Darkrai\n|-damage|p1a: Darkrai|35/234\n|\n|t:|1732544585\n|switch|p2a: Iron Bundle|Iron Bundle, L77|213/213|[from] U-turn\n|\n|-weather|SunnyDay|[upkeep]\n|upkeep\n|turn|4\n|\n|t:|1732544598\n|switch|p1a: Sylveon|Sylveon, L85, M|300/300\n|move|p2a: Iron Bundle|Ice Beam|p1a: Sylveon\n|-damage|p1a: Sylveon|231/300\n|\n|-weather|SunnyDay|[upkeep]\n|-heal|p1a: Sylveon|249/300|[from] item: Leftovers\n|upkeep\n|turn|5\n|\n|t:|1732544606\n|-end|p2a: Iron Bundle|Quark Drive|[silent]\n|switch|p2a: Heatran|Heatran, L79, M|273/273\n|-item|p2a: Heatran|Air Balloon\n|move|p1a: Sylveon|Hyper Voice|p2a: Heatran\n|-resisted|p2a: Heatran\n|-damage|p2a: Heatran|242/273\n|-enditem|p2a: Heatran|Air Balloon\n|\n|-weather|SunnyDay|[upkeep]\n|-heal|p1a: Sylveon|267/300|[from] item: Leftovers\n|upkeep\n|turn|6\n|\n|t:|1732544630\n|switch|p1a: Manaphy|Manaphy, L78|284/284\n|move|p2a: Heatran|Stealth Rock|p1a: Manaphy\n|-sidestart|p1: FIREEEE|move: Stealth Rock\n|\n|-weather|none\n|upkeep\n|turn|7\n|\n|t:|1732544640\n|switch|p2a: Hypno|Hypno, L95, F|315/315\n|move|p1a: Manaphy|Tail Glow|p1a: Manaphy\n|-boost|p1a: Manaphy|spa|3\n|\n|upkeep\n|turn|8\n|\n|t:|1732544646\n|move|p1a: Manaphy|Surf|p2a: Hypno\n|-damage|p2a: Hypno|174/315\n|move|p2a: Hypno|Toxic|p1a: Manaphy\n|-status|p1a: Manaphy|tox\n|\n|-heal|p2a: Hypno|193/315|[from] item: Leftovers\n|-damage|p1a: Manaphy|267/284 tox|[from] psn\n|upkeep\n|turn|9\n|\n|t:|1732544650\n|move|p1a: Manaphy|Tail Glow|p1a: Manaphy\n|-boost|p1a: Manaphy|spa|3\n|move|p2a: Hypno|Psychic Noise|p1a: Manaphy\n|-damage|p1a: Manaphy|191/284 tox\n|-start|p1a: Manaphy|move: Heal Block\n|\n|-heal|p2a: Hypno|212/315|[from] item: Leftovers\n|-damage|p1a: Manaphy|157/284 tox|[from] psn\n|upkeep\n|turn|10\n|\n|t:|1732544652\n|move|p2a: Hypno|Protect|p2a: Hypno\n|-singleturn|p2a: Hypno|Protect\n|move|p1a: Manaphy|Surf|p2a: Hypno\n|-activate|p2a: Hypno|move: Protect\n|\n|-heal|p2a: Hypno|231/315|[from] item: Leftovers\n|-damage|p1a: Manaphy|106/284 tox|[from] psn\n|-end|p1a: Manaphy|move: Heal Block\n|upkeep\n|turn|11\n|\n|t:|1732544654\n|switch|p2a: Koraidon|Koraidon, L64|17/235 psn\n|-weather|SunnyDay|[from] ability: Orichalcum Pulse|[of] p2a: Koraidon\n|-activate|p2a: Koraidon|Orichalcum Pulse|[source]\n|move|p1a: Manaphy|Surf|p2a: Koraidon\n|-resisted|p2a: Koraidon\n|-damage|p2a: Koraidon|0 fnt\n|faint|p2a: Koraidon\n|\n|-weather|SunnyDay|[upkeep]\n|-heal|p1a: Manaphy|123/284 tox|[from] item: Leftovers\n|-damage|p1a: Manaphy|55/284 tox|[from] psn\n|upkeep\n|\n|t:|1732544661\n|switch|p2a: Iron Bundle|Iron Bundle, L77|213/213\n|turn|12\n|\n|t:|1732544664\n|move|p2a: Iron Bundle|Freeze-Dry|p1a: Manaphy\n|-supereffective|p1a: Manaphy\n|-damage|p1a: Manaphy|0 fnt\n|faint|p1a: Manaphy\n|\n|-weather|SunnyDay|[upkeep]\n|upkeep\n|\n|t:|1732544682\n|switch|p1a: Sylveon|Sylveon, L85, M|267/300\n|-damage|p1a: Sylveon|230/300|[from] Stealth Rock\n|turn|13\n|\n|t:|1732544688\n|-end|p2a: Iron Bundle|Quark Drive|[silent]\n|switch|p2a: Heatran|Heatran, L79, M|242/273\n|move|p1a: Sylveon|Wish|p1a: Sylveon\n|\n|-weather|SunnyDay|[upkeep]\n|-heal|p1a: Sylveon|248/300|[from] item: Leftovers\n|upkeep\n|turn|14\n|\n|t:|1732544692\n|switch|p1a: Flygon|Flygon, L82, F|265/265\n|-damage|p1a: Flygon|249/265|[from] Stealth Rock\n|move|p2a: Heatran|Heavy Slam|p1a: Flygon\n|-damage|p1a: Flygon|131/265\n|\n|-weather|SunnyDay|[upkeep]\n|-heal|p1a: Flygon|265/265|[from] move: Wish|[wisher] Sylveon\n|upkeep\n|turn|15\n|\n|t:|1732544699\n|switch|p2a: Breloom|Breloom, L82, M|233/233\n|move|p1a: Flygon|Dragon Dance|p1a: Flygon\n|-boost|p1a: Flygon|atk|1\n|-boost|p1a: Flygon|spe|1\n|\n|-weather|none\n|upkeep\n|turn|16\n|\n|t:|1732544713\n|move|p1a: Flygon|Outrage|p2a: Breloom\n|-damage|p2a: Breloom|14/233\n|move|p2a: Breloom|Rock Tomb|p1a: Flygon\n|-resisted|p1a: Flygon\n|-damage|p1a: Flygon|213/265\n|-unboost|p1a: Flygon|spe|1\n|-damage|p2a: Breloom|0 fnt|[from] item: Life Orb\n|faint|p2a: Breloom\n|\n|upkeep\n|\n|t:|1732544716\n|switch|p2a: Iron Bundle|Iron Bundle, L77|213/213\n|turn|17\n|\n|t:|1732544718\n|move|p2a: Iron Bundle|Ice Beam|p1a: Flygon\n|-supereffective|p1a: Flygon\n|-damage|p1a: Flygon|0 fnt\n|faint|p1a: Flygon\n|\n|upkeep\n|\n|t:|1732544734\n|switch|p1a: Sableye|Sableye, L90, F|236/236\n|-damage|p1a: Sableye|207/236|[from] Stealth Rock\n|turn|18\n|\n|t:|1732544743\n|-end|p2a: Iron Bundle|Quark Drive|[silent]\n|switch|p2a: Victreebel|Victreebel, L90, F|254/290 slp\n|move|p1a: Sableye|Knock Off|p2a: Victreebel\n|-damage|p2a: Victreebel|131/290 slp\n|-enditem|p2a: Victreebel|Life Orb|[from] move: Knock Off|[of] p1a: Sableye\n|\n|-heal|p1a: Sableye|221/236|[from] item: Leftovers\n|upkeep\n|turn|19\n|\n|t:|1732544750\n|-curestatus|p2a: Victreebel|slp|[msg]\n|move|p2a: Victreebel|Power Whip|p1a: Sableye|[miss]\n|-miss|p2a: Victreebel|p1a: Sableye\n|move|p1a: Sableye|Knock Off|p2a: Victreebel\n|-damage|p2a: Victreebel|55/290\n|\n|-heal|p1a: Sableye|235/236|[from] item: Leftovers\n|upkeep\n|turn|20\n|\n|t:|1732544757\n|move|p2a: Victreebel|Power Whip|p1a: Sableye\n|-damage|p1a: Sableye|78/236\n|move|p1a: Sableye|Knock Off|p2a: Victreebel\n|-damage|p2a: Victreebel|0 fnt\n|faint|p2a: Victreebel\n|\n|-heal|p1a: Sableye|92/236|[from] item: Leftovers\n|upkeep\n|c|\u2606cacahue|Nice\n|\n|t:|1732544761\n|switch|p2a: Heatran|Heatran, L79, M|242/273\n|turn|21\n|\n|t:|1732544769\n|move|p1a: Sableye|Thunder Wave|p2a: Heatran\n|-status|p2a: Heatran|par\n|move|p2a: Heatran|Heavy Slam|p1a: Sableye\n|-damage|p1a: Sableye|0 fnt\n|faint|p1a: Sableye\n|\n|upkeep\n|\n|t:|1732544778\n|switch|p1a: Veluza|Veluza, L85, M|292/292\n|-damage|p1a: Veluza|256/292|[from] Stealth Rock\n|turn|22\n|\n|t:|1732544781\n|switch|p2a: Iron Bundle|Iron Bundle, L77|213/213\n|move|p1a: Veluza|Fillet Away|p1a: Veluza\n|-boost|p1a: Veluza|atk|2\n|-boost|p1a: Veluza|spa|2\n|-boost|p1a: Veluza|spe|2\n|-damage|p1a: Veluza|110/292\n|-enditem|p1a: Veluza|Sitrus Berry|[eat]\n|-heal|p1a: Veluza|183/292|[from] item: Sitrus Berry\n|\n|upkeep\n|turn|23\n|inactive|FIREEEE has 120 seconds left.\n|inactive|FIREEEE has 90 seconds left.\n|\n|t:|1732544852\n|-terastallize|p1a: Veluza|Psychic\n|move|p1a: Veluza|Psycho Cut|p2a: Iron Bundle\n|-crit|p2a: Iron Bundle\n|-damage|p2a: Iron Bundle|0 fnt\n|faint|p2a: Iron Bundle\n|-end|p2a: Iron Bundle|Quark Drive|[silent]\n|\n|upkeep\n|-message|cacahue forfeited.\n|\n|win|FIREEEE\n|raw|FIREEEE's rating: 2279 &rarr; <strong>2302</strong><br />(+23 for winning)\n|raw|cacahue's rating: 2328 &rarr; <strong>2305</strong><br />(-23 for losing)\n|l|\u2606cacahue\n|player|p2|\n|c|\u2606FIREEEE|i didnt play that well tbh\n|l|\u2606FIREEEE\n|player|p1|\n|j|\u2606cacahue\n|player|p2|cacahue|1|\n|l|\u2606cacahue\n|player|p2|\n", "inputlog": ">version baf9aa68cbe18cf25f290680a08c9ad9c5e3e828\n>start {\"formatid\":\"gen9randombattle\",\"seed\":[13622,52520,15133,14290],\"rated\":\"Rated battle\"}\n>player p1 {\"name\":\"FIREEEE\",\"avatar\":\"pokekid\",\"rating\":2279,\"seed\":[16486,23625,42951,10426]}\n>player p2 {\"name\":\"cacahue\",\"avatar\":\"1\",\"rating\":2328,\"seed\":[907,16119,39526,43218]}\n>p1 move hypnosis\n>p2 move powerwhip\n>p1 move nastyplot\n>p2 switch 2\n>p1 move sludgebomb\n>p2 move uturn\n>p2 switch 6\n>p1 switch 6\n>p2 move icebeam\n>p1 move hypervoice\n>p2 switch 5\n>p1 switch 5\n>p2 move stealthrock\n>p1 move tailglow\n>p2 switch 4\n>p1 move surf\n>p2 move toxic\n>p1 move tailglow\n>p2 move psychicnoise\n>p1 move surf\n>p2 move protect\n>p1 move surf\n>p2 switch 6\n>p2 switch 5\n>p1 move surf\n>p2 move freezedry\n>p1 switch 5\n>p1 move wish\n>p2 switch 4\n>p1 switch 4\n>p2 move heavyslam\n>p1 move dragondance\n>p2 switch 3\n>p1 move outrage\n>p2 move rocktomb\n>p2 switch 4\n>p1 move outrage\n>p2 move icebeam\n>p1 switch 2\n>p1 move knockoff\n>p2 switch 2\n>p1 move knockoff\n>p2 move powerwhip\n>p1 move knockoff\n>p2 move powerwhip\n>chat \u2606cacahue|Nice\n>p2 switch 3\n>p1 move thunderwave\n>p2 move heavyslam\n>p1 switch 3\n>p1 move filletaway\n>p2 switch 2\n>p1 move psychocut terastallize\n>p2 move freezedry\n>forcelose p2", "uploadtime": 1732544928, "views": 17, "formatid": "gen9randombattle", "rating": 2302, "private": 0, "password": null}