{"id": "gen9randombattle-2260424931", "format": "[Gen 9] Random Battle", "players": ["Joelzzzz", "skibidigoon696969"], "log": "|j|\u2606Joelzzzz\n|j|\u2606skibidigoon696969\n|t:|1733850343\n|gametype|singles\n|player|p1|Joelzzzz|1|1011\n|player|p2|skibidigoon696969|rood|1005\n|teamsize|p1|6\n|teamsize|p2|6\n|gen|9\n|tier|[Gen 9] Random Battle\n|rated|\n|rule|Species Clause: Limit one of each Pok\u00e9mon\n|rule|HP Percentage Mod: HP is shown in percentages\n|rule|Sleep Clause Mod: Limit one foe put to sleep\n|rule|Illusion Level Mod: Illusion disguises the Pok\u00e9mon's true level\n|\n|t:|1733850343\n|start\n|switch|p1a: Delibird|Delibird, F|252/252\n|switch|p2a: Araquanid|Araquanid, L82, M|246/246\n|turn|1\n|\n|t:|1733850367\n|switch|p2a: Golem|Golem, L87, M|281/281\n|move|p1a: Delibird|Brave Bird|p2a: Golem\n|-resisted|p2a: Golem\n|-damage|p2a: Golem|239/281\n|-damage|p1a: Delibird|238/252|[from] Recoil\n|\n|upkeep\n|turn|2\n|\n|t:|1733850378\n|switch|p1a: Tatsugiri|Tatsugiri-Droopy, L87, M|260/260\n|move|p2a: Golem|Stone Edge|p1a: Tatsugiri\n|-damage|p1a: Tatsugiri|103/260\n|\n|upkeep\n|turn|3\n|\n|t:|1733850385\n|move|p1a: Tatsugiri|Hydro Pump|p2a: Golem|[miss]\n|-miss|p1a: Tatsugiri|p2a: Golem\n|move|p2a: Golem|Stone Edge|p1a: Tatsugiri\n|-damage|p1a: Tatsugiri|0 fnt\n|faint|p1a: Tatsugiri\n|\n|upkeep\n|\n|t:|1733850390\n|switch|p1a: Golurk|Golurk, L87|297/297\n|turn|4\n|\n|t:|1733850410\n|switch|p2a: Darkrai|Darkrai, L77|234/234\n|move|p1a: Golurk|Dynamic Punch|p2a: Darkrai\n|-supereffective|p2a: Darkrai\n|-damage|p2a: Darkrai|0 fnt\n|faint|p2a: Darkrai\n|\n|upkeep\n|\n|t:|1733850417\n|switch|p2a: Overqwil|Overqwil, L82, M|274/274\n|-ability|p2a: Overqwil|Intimidate|boost\n|-unboost|p1a: Golurk|atk|1\n|turn|5\n|\n|t:|1733850421\n|move|p2a: Overqwil|Crunch|p1a: Golurk\n|-supereffective|p1a: Golurk\n|-damage|p1a: Golurk|115/297\n|move|p1a: Golurk|Dynamic Punch|p2a: Overqwil\n|-damage|p2a: Overqwil|190/274\n|-start|p2a: Overqwil|confusion\n|\n|upkeep\n|turn|6\n|\n|t:|1733850432\n|-activate|p2a: Overqwil|confusion\n|move|p2a: Overqwil|Crunch|p1a: Golurk\n|-supereffective|p1a: Golurk\n|-damage|p1a: Golurk|0 fnt\n|faint|p1a: Golurk\n|\n|upkeep\n|\n|t:|1733850450\n|switch|p1a: Regirock|Regirock, L83|268/268\n|turn|7\n|\n|t:|1733850473\n|switch|p2a: Ditto|Ditto, L87|225/225\n|-transform|p2a: Ditto|p1a: Regirock|[from] ability: Imposter\n|move|p1a: Regirock|Body Press|p2a: Ditto\n|-supereffective|p2a: Ditto\n|-damage|p2a: Ditto|123/225\n|\n|upkeep\n|turn|8\n|\n|t:|1733850485\n|move|p2a: Ditto|Body Press|p1a: Regirock\n|-supereffective|p1a: Regirock\n|-damage|p1a: Regirock|162/268\n|move|p1a: Regirock|Body Press|p2a: Ditto\n|-supereffective|p2a: Ditto\n|-damage|p2a: Ditto|21/225\n|\n|-heal|p1a: Regirock|178/268|[from] item: Leftovers\n|upkeep\n|turn|9\n|\n|t:|1733850491\n|move|p2a: Ditto|Body Press|p1a: Regirock\n|-supereffective|p1a: Regirock\n|-damage|p1a: Regirock|76/268\n|move|p1a: Regirock|Body Press|p2a: Ditto\n|-supereffective|p2a: Ditto\n|-damage|p2a: Ditto|0 fnt\n|faint|p2a: Ditto\n|\n|-heal|p1a: Regirock|92/268|[from] item: Leftovers\n|upkeep\n|\n|t:|1733850500\n|switch|p2a: Golem|Golem, L87, M|239/281\n|turn|10\n|\n|t:|1733850505\n|move|p1a: Regirock|Body Press|p2a: Golem\n|-supereffective|p2a: Golem\n|-damage|p2a: Golem|105/281\n|move|p2a: Golem|Earthquake|p1a: Regirock\n|-supereffective|p1a: Regirock\n|-damage|p1a: Regirock|0 fnt\n|faint|p1a: Regirock\n|\n|upkeep\n|\n|t:|1733850510\n|switch|p1a: Dodrio|Dodrio, L86, F|243/243\n|turn|11\n|\n|t:|1733850516\n|move|p1a: Dodrio|Swords Dance|p1a: Dodrio\n|-boost|p1a: Dodrio|atk|2\n|move|p2a: Golem|Stone Edge|p1a: Dodrio\n|-supereffective|p1a: Dodrio\n|-damage|p1a: Dodrio|0 fnt\n|faint|p1a: Dodrio\n|\n|upkeep\n|\n|t:|1733850518\n|switch|p1a: Bronzong|Bronzong, L88|261/261\n|turn|12\n|\n|t:|1733850531\n|switch|p2a: Overqwil|Overqwil, L82, M|190/274\n|-ability|p2a: Overqwil|Intimidate|boost\n|-unboost|p1a: Bronzong|atk|1\n|move|p1a: Bronzong|Psychic Noise|p2a: Overqwil\n|-immune|p2a: Overqwil\n|\n|upkeep\n|turn|13\n|\n|t:|1733850538\n|move|p2a: Overqwil|Crunch|p1a: Bronzong\n|-supereffective|p1a: Bronzong\n|-crit|p1a: Bronzong\n|-damage|p1a: Bronzong|55/261\n|move|p1a: Bronzong|Iron Head|p2a: Overqwil\n|-damage|p2a: Overqwil|136/274\n|\n|-heal|p1a: Bronzong|71/261|[from] item: Leftovers\n|upkeep\n|turn|14\n|\n|t:|1733850542\n|move|p2a: Overqwil|Crunch|p1a: Bronzong\n|-supereffective|p1a: Bronzong\n|-damage|p1a: Bronzong|0 fnt\n|faint|p1a: Bronzong\n|\n|upkeep\n|\n|t:|1733850543\n|switch|p1a: Delibird|Delibird, F|238/252\n|turn|15\n|\n|t:|1733850558\n|move|p1a: Delibird|Brave Bird|p2a: Overqwil\n|-damage|p2a: Overqwil|22/274\n|-damage|p1a: Delibird|200/252|[from] Recoil\n|move|p2a: Overqwil|Gunk Shot|p1a: Delibird\n|-damage|p1a: Delibird|1/252\n|\n|upkeep\n|turn|16\n|\n|t:|1733850563\n|move|p1a: Delibird|Brave Bird|p2a: Overqwil\n|-damage|p2a: Overqwil|0 fnt\n|faint|p2a: Overqwil\n|-damage|p1a: Delibird|0 fnt|[from] Recoil\n|faint|p1a: Delibird\n|\n|win|skibidigoon696969\n|raw|Joelzzzz's rating: 1011 &rarr; <strong>1000</strong><br />(-11 for losing)\n|raw|skibidigoon696969's rating: 1005 &rarr; <strong>1045</strong><br />(+40 for winning)\n|l|\u2606skibidigoon696969\n|player|p2|\n", "inputlog": ">version bfd83cad13791eb5a5a409923076391caf6fb4d4\n>start {\"formatid\":\"gen9randombattle\",\"seed\":[26254,36748,38636,18754],\"rated\":\"Rated battle\"}\n>player p1 {\"name\":\"Joelzzzz\",\"avatar\":\"1\",\"rating\":1011,\"seed\":[59340,62711,50684,10285]}\n>player p2 {\"name\":\"skibidigoon696969\",\"avatar\":\"rood\",\"rating\":1005,\"seed\":[6321,31637,23467,2179]}\n>p1 move bravebird\n>p2 switch 4\n>p1 switch 2\n>p2 move stoneedge\n>p1 move hydropump\n>p2 move stoneedge\n>p1 switch 4\n>p1 move dynamicpunch\n>p2 switch 3\n>p2 switch 2\n>p1 move dynamicpunch\n>p2 move crunch\n>p1 move dynamicpunch\n>p2 move crunch\n>p1 switch 5\n>p1 move bodypress\n>p2 switch 6\n>p1 move bodypress\n>p2 move bodypress\n>p1 move bodypress\n>p2 move bodypress\n>p2 switch 3\n>p1 move bodypress\n>p2 move earthquake\n>p1 switch 6\n>p1 move swordsdance\n>p2 move stoneedge\n>p1 switch 3\n>p1 move psychicnoise\n>p2 switch 6\n>p1 move ironhead\n>p2 move crunch\n>p1 move bodypress\n>p2 move crunch\n>p1 switch 2\n>p1 move bravebird\n>p2 move gunkshot\n>p1 move bravebird\n>p2 move gunkshot", "uploadtime": 1733850567, "views": 1, "formatid": "gen9randombattle", "rating": 1000, "private": 0, "password": null}