{"id": "gen9randombattle-2260091368", "format": "[Gen 9] Random Battle", "players": ["Bagodoggo", "Mles249"], "log": "|j|\u2606Bagodoggo\n|j|\u2606Mles249\n|t:|1733801182\n|gametype|singles\n|player|p1|Bagodoggo|266|1059\n|player|p2|Mles249|170|1052\n|teamsize|p1|6\n|teamsize|p2|6\n|gen|9\n|tier|[Gen 9] Random Battle\n|rated|\n|rule|Species Clause: Limit one of each Pok\u00e9mon\n|rule|HP Percentage Mod: HP is shown in percentages\n|rule|Sleep Clause Mod: Limit one foe put to sleep\n|rule|Illusion Level Mod: Illusion disguises the Pok\u00e9mon's true level\n|\n|t:|1733801182\n|start\n|switch|p1a: Minun|Minun, L95, M|268/268\n|switch|p2a: Pincurchin|Pincurchin, M|258/258\n|-fieldstart|move: Electric Terrain|[from] ability: Electric Surge|[of] p2a: Pincurchin\n|turn|1\n|\n|t:|1733801221\n|switch|p2a: Comfey|Comfey, L85, F|225/225\n|move|p1a: Minun|Nasty Plot|p1a: Minun\n|-boost|p1a: Minun|spa|2\n|\n|upkeep\n|turn|2\n|\n|t:|1733801238\n|-terastallize|p2a: Comfey|Ground\n|move|p1a: Minun|Thunderbolt|p2a: Comfey\n|-immune|p2a: Comfey\n|move|p2a: Comfey|Tera Blast|p1a: Minun|[anim] Tera Blast Ground\n|-supereffective|p1a: Minun\n|-damage|p1a: Minun|124/268\n|\n|upkeep\n|turn|3\n|\n|t:|1733801259\n|move|p1a: Minun|Alluring Voice|p2a: Comfey\n|-damage|p2a: Comfey|107/225\n|-damage|p1a: Minun|98/268|[from] item: Life Orb\n|move|p2a: Comfey|Calm Mind|p2a: Comfey\n|-boost|p2a: Comfey|spa|1\n|-boost|p2a: Comfey|spd|1\n|\n|-heal|p2a: Comfey|121/225|[from] item: Leftovers\n|upkeep\n|turn|4\n|\n|t:|1733801268\n|move|p2a: Comfey|Giga Drain|p1a: Minun\n|-damage|p1a: Minun|28/268\n|-heal|p2a: Comfey|156/225|[from] drain|[of] p1a: Minun\n|move|p1a: Minun|Alluring Voice|p2a: Comfey\n|-damage|p2a: Comfey|73/225\n|-damage|p1a: Minun|2/268|[from] item: Life Orb\n|\n|-heal|p2a: Comfey|87/225|[from] item: Leftovers\n|upkeep\n|turn|5\n|\n|t:|1733801276\n|move|p2a: Comfey|Draining Kiss|p1a: Minun\n|-damage|p1a: Minun|0 fnt\n|-heal|p2a: Comfey|89/225|[from] drain|[of] p1a: Minun\n|faint|p1a: Minun\n|\n|-heal|p2a: Comfey|103/225|[from] item: Leftovers\n|-fieldend|move: Electric Terrain\n|upkeep\n|\n|t:|1733801298\n|switch|p1a: Golduck|Golduck, L90, F|290/290\n|-ability|p1a: Golduck|Cloud Nine\n|turn|6\n|\n|t:|1733801313\n|switch|p2a: Pincurchin|Pincurchin, M|258/258\n|-fieldstart|move: Electric Terrain|[from] ability: Electric Surge|[of] p2a: Pincurchin\n|move|p1a: Golduck|Flip Turn|p2a: Pincurchin\n|-damage|p2a: Pincurchin|207/258\n|\n|t:|1733801328\n|switch|p1a: Decidueye|Decidueye-Hisui, L87, F|295/295|[from] Flip Turn\n|\n|-heal|p2a: Pincurchin|223/258|[from] item: Leftovers\n|upkeep\n|turn|7\n|\n|t:|1733801365\n|switch|p2a: Mandibuzz|Mandibuzz, L85, F|326/326\n|move|p1a: Decidueye|Swords Dance|p1a: Decidueye\n|-boost|p1a: Decidueye|atk|2\n|\n|upkeep\n|turn|8\n|\n|t:|1733801376\n|move|p2a: Mandibuzz|Brave Bird|p1a: Decidueye\n|-supereffective|p1a: Decidueye\n|-damage|p1a: Decidueye|0 fnt\n|faint|p1a: Decidueye\n|-damage|p2a: Mandibuzz|229/326|[from] Recoil\n|\n|upkeep\n|\n|t:|1733801395\n|switch|p1a: Bronzong|Bronzong, L88|261/261\n|turn|9\n|\n|t:|1733801430\n|move|p2a: Mandibuzz|Foul Play|p1a: Bronzong\n|-supereffective|p1a: Bronzong\n|-damage|p1a: Bronzong|97/261\n|move|p1a: Bronzong|Stealth Rock|p2a: Mandibuzz\n|-sidestart|p2: Mles249|move: Stealth Rock\n|\n|-heal|p1a: Bronzong|113/261|[from] item: Leftovers\n|upkeep\n|turn|10\n|\n|t:|1733801439\n|switch|p1a: Duraludon|Duraludon, L82, M|249/249\n|move|p2a: Mandibuzz|Roost|p2a: Mandibuzz\n|-heal|p2a: Mandibuzz|326/326\n|-singleturn|p2a: Mandibuzz|move: Roost\n|\n|-fieldend|move: Electric Terrain\n|upkeep\n|turn|11\n|\n|t:|1733801457\n|switch|p2a: Zacian|Zacian-Crowned, L64|225/225\n|-damage|p2a: Zacian|211/225|[from] Stealth Rock\n|-ability|p2a: Zacian|Intrepid Sword|boost\n|-boost|p2a: Zacian|atk|1\n|move|p1a: Duraludon|Body Press|p2a: Zacian\n|-damage|p2a: Zacian|145/225\n|\n|upkeep\n|turn|12\n|\n|t:|1733801473\n|switch|p1a: Beartic|Beartic, L91, F|321/321\n|move|p2a: Zacian|Close Combat|p1a: Beartic\n|-supereffective|p1a: Beartic\n|-damage|p1a: Beartic|125/321\n|-unboost|p2a: Zacian|def|1\n|-unboost|p2a: Zacian|spd|1\n|\n|upkeep\n|turn|13\n|\n|t:|1733801497\n|move|p2a: Zacian|Close Combat|p1a: Beartic\n|-supereffective|p1a: Beartic\n|-damage|p1a: Beartic|0 fnt\n|-unboost|p2a: Zacian|def|1\n|-unboost|p2a: Zacian|spd|1\n|faint|p1a: Beartic\n|\n|upkeep\n|\n|t:|1733801503\n|switch|p1a: Golduck|Golduck, L90, F|290/290\n|-ability|p1a: Golduck|Cloud Nine\n|turn|14\n|inactive|Battle timer is ON: inactive players will automatically lose when time's up. (requested by Mles249)\n|\n|t:|1733801509\n|switch|p2a: Pincurchin|Pincurchin, M|223/258\n|-damage|p2a: Pincurchin|191/258|[from] Stealth Rock\n|-fieldstart|move: Electric Terrain|[from] ability: Electric Surge|[of] p2a: Pincurchin\n|move|p1a: Golduck|Grass Knot|p2a: Pincurchin\n|-damage|p2a: Pincurchin|171/258\n|\n|-heal|p2a: Pincurchin|187/258|[from] item: Leftovers\n|upkeep\n|turn|15\n|-message|Bagodoggo forfeited.\n|\n|win|Mles249\n|raw|Bagodoggo's rating: 1059 &rarr; <strong>1040</strong><br />(-19 for losing)\n|raw|Mles249's rating: 1052 &rarr; <strong>1085</strong><br />(+33 for winning)\n|l|\u2606Bagodoggo\n|player|p1|\n", "inputlog": ">version bfd83cad13791eb5a5a409923076391caf6fb4d4\n>start {\"formatid\":\"gen9randombattle\",\"seed\":[62430,43350,18357,45584],\"rated\":\"Rated battle\"}\n>player p1 {\"name\":\"Bagodoggo\",\"avatar\":\"266\",\"rating\":1059,\"seed\":[60894,16274,10494,3322]}\n>player p2 {\"name\":\"Mles249\",\"avatar\":\"170\",\"rating\":1052,\"seed\":[2146,64196,40320,27371]}\n>p1 move nastyplot\n>p2 switch 2\n>p1 move thunderbolt\n>p2 move terablast terastallize\n>p1 move alluringvoice\n>p2 move calmmind\n>p1 move alluringvoice\n>p2 move gigadrain\n>p1 move grassknot\n>p2 move drainingkiss\n>p1 switch 5\n>p1 move flipturn\n>p2 switch 2\n>p1 switch 4\n>p1 move swordsdance\n>p2 switch 5\n>p1 move triplearrows\n>p2 move bravebird\n>p1 switch 2\n>p1 move stealthrock\n>p2 move foulplay\n>p1 switch 6\n>p2 move roost\n>p1 move bodypress\n>p2 switch 3\n>p1 switch 3\n>p2 move closecombat\n>p1 move iciclecrash\n>p2 move closecombat\n>p1 switch 4\n>p1 move grassknot\n>p2 switch 5\n>forcelose p1", "uploadtime": 1733801537, "views": 32, "formatid": "gen9randombattle", "rating": 1040, "private": 0, "password": null}