{"id": "gen9randombattle-2260273733", "format": "[Gen 9] Random Battle", "players": ["enrike98", "foam_bones"], "log": "|j|\u2606enrike98\n|j|\u2606foam_bones\n|t:|1733833462\n|gametype|singles\n|player|p1|enrike98|266|1043\n|player|p2|foam_bones|169|1070\n|teamsize|p1|6\n|teamsize|p2|6\n|gen|9\n|tier|[Gen 9] Random Battle\n|rated|\n|rule|Species Clause: Limit one of each Pok\u00e9mon\n|rule|HP Percentage Mod: HP is shown in percentages\n|rule|Sleep Clause Mod: Limit one foe put to sleep\n|rule|Illusion Level Mod: Illusion disguises the Pok\u00e9mon's true level\n|\n|t:|1733833462\n|start\n|switch|p1a: Umbreon|Umbreon, L84, F|297/297\n|switch|p2a: Iron Hands|Iron Hands, L79|373/373\n|turn|1\n|\n|t:|1733833491\n|switch|p1a: Gurdurr|Gurdurr, L85, M|283/283\n|move|p2a: Iron Hands|Swords Dance|p2a: Iron Hands\n|-boost|p2a: Iron Hands|atk|2\n|\n|upkeep\n|turn|2\n|\n|t:|1733833513\n|move|p2a: Iron Hands|Drain Punch|p1a: Gurdurr\n|-damage|p1a: Gurdurr|157/283\n|move|p1a: Gurdurr|Knock Off|p2a: Iron Hands\n|-resisted|p2a: Iron Hands\n|-damage|p2a: Iron Hands|336/373\n|-enditem|p2a: Iron Hands|Leftovers|[from] move: Knock Off|[of] p1a: Gurdurr\n|\n|upkeep\n|turn|3\n|\n|t:|1733833541\n|move|p2a: Iron Hands|Drain Punch|p1a: Gurdurr\n|-crit|p1a: Gurdurr\n|-damage|p1a: Gurdurr|0 fnt\n|-heal|p2a: Iron Hands|373/373|[from] drain|[of] p1a: Gurdurr\n|faint|p1a: Gurdurr\n|\n|upkeep\n|\n|t:|1733833556\n|switch|p1a: Whiscash|Whiscash, L88, M|337/337\n|turn|4\n|\n|t:|1733833570\n|move|p1a: Whiscash|Earthquake|p2a: Iron Hands\n|-supereffective|p2a: Iron Hands\n|-damage|p2a: Iron Hands|131/373\n|-damage|p1a: Whiscash|304/337|[from] item: Life Orb\n|move|p2a: Iron Hands|Drain Punch|p1a: Whiscash\n|-damage|p1a: Whiscash|99/337\n|-heal|p2a: Iron Hands|234/373|[from] drain|[of] p1a: Whiscash\n|\n|upkeep\n|turn|5\n|\n|t:|1733833582\n|move|p1a: Whiscash|Earthquake|p2a: Iron Hands\n|-supereffective|p2a: Iron Hands\n|-damage|p2a: Iron Hands|16/373\n|-damage|p1a: Whiscash|66/337|[from] item: Life Orb\n|move|p2a: Iron Hands|Ice Punch|p1a: Whiscash\n|-damage|p1a: Whiscash|0 fnt\n|faint|p1a: Whiscash\n|\n|upkeep\n|\n|t:|1733833597\n|switch|p1a: Sneasler|Sneasler, L74, F|240/240\n|turn|6\n|\n|t:|1733833612\n|move|p1a: Sneasler|Acrobatics|p2a: Iron Hands\n|-damage|p2a: Iron Hands|0 fnt\n|faint|p2a: Iron Hands\n|-end|p2a: Iron Hands|Quark Drive|[silent]\n|\n|upkeep\n|\n|t:|1733833622\n|switch|p2a: Girafarig|Girafarig, L89, F|269/269\n|turn|7\n|\n|t:|1733833643\n|switch|p1a: Umbreon|Umbreon, L84, F|297/297\n|move|p2a: Girafarig|Nasty Plot|p2a: Girafarig\n|-boost|p2a: Girafarig|spa|2\n|\n|upkeep\n|turn|8\n|\n|t:|1733833664\n|switch|p2a: Blissey|Blissey, L84, F|566/566\n|move|p1a: Umbreon|Foul Play|p2a: Blissey\n|-damage|p2a: Blissey|536/566\n|\n|-heal|p2a: Blissey|566/566|[from] item: Leftovers\n|upkeep\n|turn|9\n|\n|t:|1733833673\n|move|p1a: Umbreon|Toxic|p2a: Blissey\n|-status|p2a: Blissey|tox\n|move|p2a: Blissey|Seismic Toss|p1a: Umbreon\n|-damage|p1a: Umbreon|213/297\n|\n|-heal|p1a: Umbreon|231/297|[from] item: Leftovers\n|-damage|p2a: Blissey|531/566 tox|[from] psn\n|upkeep\n|turn|10\n|\n|t:|1733833689\n|move|p1a: Umbreon|Wish|p1a: Umbreon\n|move|p2a: Blissey|Seismic Toss|p1a: Umbreon\n|-damage|p1a: Umbreon|147/297\n|\n|-heal|p1a: Umbreon|165/297|[from] item: Leftovers\n|-heal|p2a: Blissey|566/566 tox|[from] item: Leftovers\n|-damage|p2a: Blissey|496/566 tox|[from] psn\n|upkeep\n|turn|11\n|\n|t:|1733833698\n|move|p1a: Umbreon|Protect|p1a: Umbreon\n|-singleturn|p1a: Umbreon|Protect\n|move|p2a: Blissey|Seismic Toss|p1a: Umbreon\n|-activate|p1a: Umbreon|move: Protect\n|\n|-heal|p1a: Umbreon|297/297|[from] move: Wish|[wisher] Umbreon\n|-heal|p2a: Blissey|531/566 tox|[from] item: Leftovers\n|-damage|p2a: Blissey|426/566 tox|[from] psn\n|upkeep\n|turn|12\n|\n|t:|1733833716\n|move|p1a: Umbreon|Foul Play|p2a: Blissey\n|-crit|p2a: Blissey\n|-damage|p2a: Blissey|377/566 tox\n|move|p2a: Blissey|Stealth Rock|p1a: Umbreon\n|-sidestart|p1: enrike98|move: Stealth Rock\n|\n|-heal|p2a: Blissey|412/566 tox|[from] item: Leftovers\n|-damage|p2a: Blissey|272/566 tox|[from] psn\n|upkeep\n|turn|13\n|\n|t:|1733833727\n|move|p1a: Umbreon|Foul Play|p2a: Blissey\n|-damage|p2a: Blissey|239/566 tox\n|move|p2a: Blissey|Seismic Toss|p1a: Umbreon\n|-damage|p1a: Umbreon|213/297\n|\n|-heal|p1a: Umbreon|231/297|[from] item: Leftovers\n|-heal|p2a: Blissey|274/566 tox|[from] item: Leftovers\n|-damage|p2a: Blissey|99/566 tox|[from] psn\n|upkeep\n|turn|14\n|\n|t:|1733833739\n|move|p1a: Umbreon|Protect|p1a: Umbreon\n|-singleturn|p1a: Umbreon|Protect\n|move|p2a: Blissey|Soft-Boiled|p2a: Blissey\n|-heal|p2a: Blissey|382/566 tox\n|\n|-heal|p1a: Umbreon|249/297|[from] item: Leftovers\n|-heal|p2a: Blissey|417/566 tox|[from] item: Leftovers\n|-damage|p2a: Blissey|207/566 tox|[from] psn\n|upkeep\n|turn|15\n|\n|t:|1733833751\n|move|p1a: Umbreon|Foul Play|p2a: Blissey\n|-damage|p2a: Blissey|174/566 tox\n|move|p2a: Blissey|Soft-Boiled|p2a: Blissey\n|-heal|p2a: Blissey|457/566 tox\n|\n|-heal|p1a: Umbreon|267/297|[from] item: Leftovers\n|-heal|p2a: Blissey|492/566 tox|[from] item: Leftovers\n|-damage|p2a: Blissey|247/566 tox|[from] psn\n|upkeep\n|turn|16\n|\n|t:|1733833762\n|move|p1a: Umbreon|Foul Play|p2a: Blissey\n|-damage|p2a: Blissey|214/566 tox\n|move|p2a: Blissey|Seismic Toss|p1a: Umbreon\n|-damage|p1a: Umbreon|183/297\n|\n|-heal|p1a: Umbreon|201/297|[from] item: Leftovers\n|-heal|p2a: Blissey|249/566 tox|[from] item: Leftovers\n|-damage|p2a: Blissey|0 fnt|[from] psn\n|faint|p2a: Blissey\n|upkeep\n|\n|t:|1733833775\n|switch|p2a: Hitmonchan|Hitmonchan, L87, M|229/229\n|turn|17\n|\n|t:|1733833782\n|move|p1a: Umbreon|Protect|p1a: Umbreon\n|-singleturn|p1a: Umbreon|Protect\n|move|p2a: Hitmonchan|Swords Dance|p2a: Hitmonchan\n|-boost|p2a: Hitmonchan|atk|2\n|\n|-heal|p1a: Umbreon|219/297|[from] item: Leftovers\n|upkeep\n|turn|18\n|\n|t:|1733833793\n|-terastallize|p1a: Umbreon|Poison\n|move|p2a: Hitmonchan|Drain Punch|p1a: Umbreon\n|-resisted|p1a: Umbreon\n|-damage|p1a: Umbreon|121/297\n|move|p1a: Umbreon|Toxic|p2a: Hitmonchan\n|-status|p2a: Hitmonchan|tox\n|\n|-heal|p1a: Umbreon|139/297|[from] item: Leftovers\n|-damage|p2a: Hitmonchan|215/229 tox|[from] psn\n|upkeep\n|turn|19\n|\n|t:|1733833805\n|move|p2a: Hitmonchan|Knock Off|p1a: Umbreon\n|-damage|p1a: Umbreon|14/297\n|-enditem|p1a: Umbreon|Leftovers|[from] move: Knock Off|[of] p2a: Hitmonchan\n|move|p1a: Umbreon|Wish|p1a: Umbreon\n|\n|-heal|p2a: Hitmonchan|229/229 tox|[from] item: Leftovers\n|-damage|p2a: Hitmonchan|201/229 tox|[from] psn\n|upkeep\n|turn|20\n|\n|t:|1733833814\n|move|p1a: Umbreon|Protect|p1a: Umbreon\n|-singleturn|p1a: Umbreon|Protect\n|move|p2a: Hitmonchan|Knock Off|p1a: Umbreon\n|-activate|p1a: Umbreon|move: Protect\n|\n|-heal|p1a: Umbreon|162/297|[from] move: Wish|[wisher] Umbreon\n|-heal|p2a: Hitmonchan|215/229 tox|[from] item: Leftovers\n|-damage|p2a: Hitmonchan|173/229 tox|[from] psn\n|upkeep\n|turn|21\n|\n|t:|1733833827\n|move|p2a: Hitmonchan|Swords Dance|p2a: Hitmonchan\n|-boost|p2a: Hitmonchan|atk|2\n|move|p1a: Umbreon|Wish|p1a: Umbreon\n|\n|-heal|p2a: Hitmonchan|187/229 tox|[from] item: Leftovers\n|-damage|p2a: Hitmonchan|131/229 tox|[from] psn\n|upkeep\n|turn|22\n|\n|t:|1733833835\n|move|p1a: Umbreon|Protect|p1a: Umbreon\n|-singleturn|p1a: Umbreon|Protect\n|move|p2a: Hitmonchan|Drain Punch|p1a: Umbreon\n|-activate|p1a: Umbreon|move: Protect\n|\n|-heal|p1a: Umbreon|297/297|[from] move: Wish|[wisher] Umbreon\n|-heal|p2a: Hitmonchan|145/229 tox|[from] item: Leftovers\n|-damage|p2a: Hitmonchan|75/229 tox|[from] psn\n|upkeep\n|turn|23\n|\n|t:|1733833857\n|switch|p1a: Sneasler|Sneasler, L74, F|240/240\n|-damage|p1a: Sneasler|225/240|[from] Stealth Rock\n|move|p2a: Hitmonchan|Drain Punch|p1a: Sneasler\n|-resisted|p1a: Sneasler\n|-damage|p1a: Sneasler|0 fnt\n|-heal|p2a: Hitmonchan|188/229 tox|[from] drain|[of] p1a: Sneasler\n|faint|p1a: Sneasler\n|\n|-heal|p2a: Hitmonchan|202/229 tox|[from] item: Leftovers\n|-damage|p2a: Hitmonchan|118/229 tox|[from] psn\n|upkeep\n|\n|t:|1733833869\n|switch|p1a: Umbreon|Umbreon, L84, F, tera:Poison|297/297\n|-damage|p1a: Umbreon|260/297|[from] Stealth Rock\n|turn|24\n|\n|t:|1733833874\n|move|p1a: Umbreon|Protect|p1a: Umbreon\n|-singleturn|p1a: Umbreon|Protect\n|move|p2a: Hitmonchan|Drain Punch|p1a: Umbreon\n|-activate|p1a: Umbreon|move: Protect\n|\n|-heal|p2a: Hitmonchan|132/229 tox|[from] item: Leftovers\n|-damage|p2a: Hitmonchan|34/229 tox|[from] psn\n|upkeep\n|turn|25\n|\n|t:|1733833887\n|move|p2a: Hitmonchan|Drain Punch|p1a: Umbreon\n|-resisted|p1a: Umbreon\n|-damage|p1a: Umbreon|135/297\n|-heal|p2a: Hitmonchan|97/229 tox|[from] drain|[of] p1a: Umbreon\n|move|p1a: Umbreon|Wish|p1a: Umbreon\n|\n|-heal|p2a: Hitmonchan|111/229 tox|[from] item: Leftovers\n|-damage|p2a: Hitmonchan|0 fnt|[from] psn\n|faint|p2a: Hitmonchan\n|upkeep\n|\n|t:|1733833899\n|switch|p2a: Girafarig|Girafarig, L89, F|269/269\n|turn|26\n|\n|t:|1733833906\n|move|p1a: Umbreon|Protect|p1a: Umbreon\n|-singleturn|p1a: Umbreon|Protect\n|move|p2a: Girafarig|Psyshock|p1a: Umbreon\n|-activate|p1a: Umbreon|move: Protect\n|\n|-heal|p1a: Umbreon|283/297|[from] move: Wish|[wisher] Umbreon\n|upkeep\n|turn|27\n|\n|t:|1733833917\n|move|p2a: Girafarig|Nasty Plot|p2a: Girafarig\n|-boost|p2a: Girafarig|spa|2\n|move|p1a: Umbreon|Foul Play|p2a: Girafarig\n|-supereffective|p2a: Girafarig\n|-damage|p2a: Girafarig|149/269\n|\n|upkeep\n|turn|28\n|\n|t:|1733833953\n|move|p1a: Umbreon|Protect|p1a: Umbreon\n|-singleturn|p1a: Umbreon|Protect\n|move|p2a: Girafarig|Psyshock|p1a: Umbreon\n|-activate|p1a: Umbreon|move: Protect\n|\n|upkeep\n|turn|29\n|\n|t:|1733833961\n|move|p2a: Girafarig|Thunderbolt|p1a: Umbreon\n|-damage|p1a: Umbreon|184/297\n|move|p1a: Umbreon|Foul Play|p2a: Girafarig\n|-supereffective|p2a: Girafarig\n|-damage|p2a: Girafarig|29/269\n|\n|upkeep\n|turn|30\n|\n|t:|1733833970\n|move|p2a: Girafarig|Psyshock|p1a: Umbreon\n|-supereffective|p1a: Umbreon\n|-damage|p1a: Umbreon|0 fnt\n|faint|p1a: Umbreon\n|\n|upkeep\n|\n|t:|1733833982\n|switch|p1a: Flapple|Flapple, L88, F|266/266\n|-damage|p1a: Flapple|233/266|[from] Stealth Rock\n|turn|31\n|\n|t:|1733833988\n|move|p1a: Flapple|Sucker Punch|p2a: Girafarig\n|-supereffective|p2a: Girafarig\n|-damage|p2a: Girafarig|0 fnt\n|faint|p2a: Girafarig\n|\n|upkeep\n|\n|t:|1733834003\n|switch|p2a: Typhlosion|Typhlosion, L84, F|267/267\n|turn|32\n|\n|t:|1733834030\n|switch|p1a: Flareon|Flareon, L90, F|263/263\n|-damage|p1a: Flareon|198/263|[from] Stealth Rock\n|move|p2a: Typhlosion|Eruption|p1a: Flareon\n|-resisted|p1a: Flareon\n|-damage|p1a: Flareon|131/263\n|\n|-status|p1a: Flareon|tox|[from] item: Toxic Orb\n|upkeep\n|turn|33\n|\n|t:|1733834046\n|switch|p2a: Spectrier|Spectrier, L75|274/274\n|move|p1a: Flareon|Facade|p2a: Spectrier\n|-immune|p2a: Spectrier\n|\n|-damage|p1a: Flareon|115/263 tox|[from] psn\n|upkeep\n|turn|34\n|\n|t:|1733834061\n|move|p2a: Spectrier|Shadow Ball|p1a: Flareon\n|-damage|p1a: Flareon|36/263 tox\n|move|p1a: Flareon|Will-O-Wisp|p2a: Spectrier\n|-status|p2a: Spectrier|brn\n|\n|-damage|p1a: Flareon|4/263 tox|[from] psn\n|-damage|p2a: Spectrier|257/274 brn|[from] brn\n|upkeep\n|turn|35\n|\n|t:|1733834079\n|move|p2a: Spectrier|Nasty Plot|p2a: Spectrier\n|-boost|p2a: Spectrier|spa|2\n|move|p1a: Flareon|Flare Blitz|p2a: Spectrier\n|-damage|p2a: Spectrier|0 fnt\n|faint|p2a: Spectrier\n|-damage|p1a: Flareon|0 fnt|[from] Recoil\n|faint|p1a: Flareon\n|\n|upkeep\n|\n|t:|1733834091\n|switch|p2a: Typhlosion|Typhlosion, L84, F|267/267\n|switch|p1a: Flapple|Flapple, L88, F|233/266\n|-damage|p1a: Flapple|200/266|[from] Stealth Rock\n|turn|36\n|\n|t:|1733834101\n|move|p2a: Typhlosion|Fire Blast|p1a: Flapple\n|-damage|p1a: Flapple|44/266\n|move|p1a: Flapple|Outrage|p2a: Typhlosion\n|-damage|p2a: Typhlosion|2/267\n|\n|upkeep\n|turn|37\n|\n|t:|1733834110\n|move|p2a: Typhlosion|Fire Blast|p1a: Flapple\n|-damage|p1a: Flapple|0 fnt\n|faint|p1a: Flapple\n|\n|win|foam_bones\n|raw|enrike98's rating: 1043 &rarr; <strong>1027</strong><br />(-16 for losing)\n|raw|foam_bones's rating: 1052 &rarr; <strong>1083</strong><br />(+31 for winning)\n|l|\u2606enrike98\n|player|p1|\n", "inputlog": ">version bfd83cad13791eb5a5a409923076391caf6fb4d4\n>start {\"formatid\":\"gen9randombattle\",\"seed\":[4227,3689,64882,19134],\"rated\":\"Rated battle\"}\n>player p1 {\"name\":\"enrike98\",\"avatar\":\"266\",\"rating\":1043,\"seed\":[59717,7060,19155,45457]}\n>player p2 {\"name\":\"foam_bones\",\"avatar\":\"169\",\"rating\":1070,\"seed\":[62218,55763,16937,13084]}\n>p1 switch 4\n>p2 move swordsdance\n>p1 move knockoff\n>p2 move drainpunch\n>p1 move drainpunch\n>p2 move drainpunch\n>p1 switch 2\n>p1 move earthquake\n>p2 move drainpunch\n>p1 move earthquake\n>p2 move icepunch\n>p1 switch 5\n>p1 move acrobatics\n>p2 move wildcharge\n>p2 switch 3\n>p1 switch 4\n>p2 move nastyplot\n>p1 move foulplay\n>p2 switch 5\n>p1 move toxic\n>p2 move seismictoss\n>p1 move wish\n>p2 move seismictoss\n>p1 move protect\n>p2 move seismictoss\n>p1 move foulplay\n>p2 move stealthrock\n>p1 move foulplay\n>p2 move seismictoss\n>p1 move protect\n>p2 move softboiled\n>p1 move foulplay\n>p2 move softboiled\n>p1 move foulplay\n>p2 move seismictoss\n>p2 switch 6\n>p1 move protect\n>p2 move swordsdance\n>p1 move toxic terastallize\n>p2 move drainpunch\n>p1 move wish\n>p2 move knockoff\n>p1 move protect\n>p2 move knockoff\n>p1 move wish\n>p2 move swordsdance\n>p1 move protect\n>p2 move drainpunch\n>p1 switch 4\n>p2 move drainpunch\n>p1 switch 4\n>p1 move protect\n>p2 move drainpunch\n>p1 move wish\n>p2 move drainpunch\n>p2 switch 5\n>p1 move protect\n>p2 move psyshock\n>p1 move foulplay\n>p2 move nastyplot\n>p1 move protect\n>p2 move psyshock\n>p1 move foulplay\n>p2 move thunderbolt\n>p1 move wish\n>p2 move psyshock\n>p1 switch 3\n>p1 move suckerpunch\n>p2 move shadowball\n>p2 switch 2\n>p1 switch 6\n>p2 move eruption\n>p1 move facade\n>p2 switch 4\n>p1 move willowisp\n>p2 move shadowball\n>p1 move flareblitz\n>p2 move nastyplot\n>p1 switch 6\n>p2 switch 4\n>p1 move outrage\n>p2 move fireblast\n>p1 move outrage\n>p2 move fireblast", "uploadtime": 1733834208, "views": 1, "formatid": "gen9randombattle", "rating": 1027, "private": 0, "password": null}