{"id": "gen9randombattle-2260852309", "format": "[Gen 9] Random Battle", "players": ["Mumet", "zapp3"], "log": "|j|\u2606Mumet\n|j|\u2606zapp3\n|t:|1733904357\n|gametype|singles\n|player|p1|Mumet|n|1594\n|player|p2|zapp3|2|1563\n|teamsize|p1|6\n|teamsize|p2|6\n|gen|9\n|tier|[Gen 9] Random Battle\n|rated|\n|rule|Species Clause: Limit one of each Pok\u00e9mon\n|rule|HP Percentage Mod: HP is shown in percentages\n|rule|Sleep Clause Mod: Limit one foe put to sleep\n|rule|Illusion Level Mod: Illusion disguises the Pok\u00e9mon's true level\n|\n|t:|1733904357\n|start\n|switch|p1a: Meowscarada|Meowscarada, L78, M|247/247\n|switch|p2a: Dragalge|Dragalge, L88, M|258/258\n|turn|1\n|inactive|Battle timer is ON: inactive players will automatically lose when time's up. (requested by Mumet)\n|\n|t:|1733904367\n|move|p1a: Meowscarada|Triple Axel|p2a: Dragalge\n|-start|p1a: Meowscarada|typechange|Ice|[from] ability: Protean\n|-supereffective|p2a: Dragalge\n|-damage|p2a: Dragalge|216/258\n|-supereffective|p2a: Dragalge\n|-damage|p2a: Dragalge|142/258\n|-supereffective|p2a: Dragalge\n|-damage|p2a: Dragalge|14/258\n|-hitcount|p2a: Dragalge|3\n|move|p2a: Dragalge|Dragon Tail|p1a: Meowscarada\n|-damage|p1a: Meowscarada|149/247\n|drag|p1a: Lilligant|Lilligant-Hisui, L79, F|240/240\n|\n|upkeep\n|turn|2\n|\n|t:|1733904392\n|move|p1a: Lilligant|Leaf Blade|p2a: Dragalge\n|-resisted|p2a: Dragalge\n|-damage|p2a: Dragalge|0 fnt\n|faint|p2a: Dragalge\n|\n|upkeep\n|inactive|zapp3 has 120 seconds left.\n|\n|t:|1733904408\n|switch|p2a: Dragonite|Dragonite, L74, M|257/257\n|turn|3\n|\n|t:|1733904413\n|move|p1a: Lilligant|Sleep Powder|p2a: Dragonite\n|-status|p2a: Dragonite|slp|[from] move: Sleep Powder\n|cant|p2a: Dragonite|slp\n|\n|upkeep\n|turn|4\n|\n|t:|1733904427\n|switch|p1a: Gardevoir|Gardevoir, L83, F|249/249\n|-ability|p1a: Gardevoir|Multiscale|[from] ability: Trace|[of] p2a: Dragonite\n|cant|p2a: Dragonite|slp\n|\n|upkeep\n|turn|5\n|\n|t:|1733904437\n|-terastallize|p2a: Dragonite|Steel\n|move|p1a: Gardevoir|Moonblast|p2a: Dragonite\n|-resisted|p2a: Dragonite\n|-damage|p2a: Dragonite|216/257 slp\n|-damage|p1a: Gardevoir|225/249|[from] item: Life Orb\n|-curestatus|p2a: Dragonite|slp|[msg]\n|move|p2a: Dragonite|Dragon Dance|p2a: Dragonite\n|-boost|p2a: Dragonite|atk|1\n|-boost|p2a: Dragonite|spe|1\n|\n|upkeep\n|turn|6\n|\n|t:|1733904448\n|move|p2a: Dragonite|Iron Head|p1a: Gardevoir\n|-supereffective|p1a: Gardevoir\n|-damage|p1a: Gardevoir|0 fnt\n|faint|p1a: Gardevoir\n|\n|upkeep\n|\n|t:|1733904459\n|switch|p1a: Stonjourner|Stonjourner, L91, F|330/330\n|turn|7\n|\n|t:|1733904465\n|move|p2a: Dragonite|Iron Head|p1a: Stonjourner\n|-supereffective|p1a: Stonjourner\n|-damage|p1a: Stonjourner|172/330\n|move|p1a: Stonjourner|Earthquake|p2a: Dragonite\n|-supereffective|p2a: Dragonite\n|-crit|p2a: Dragonite\n|-damage|p2a: Dragonite|0 fnt\n|faint|p2a: Dragonite\n|-damage|p1a: Stonjourner|139/330|[from] item: Life Orb\n|\n|upkeep\n|inactive|zapp3 has 120 seconds left.\n|\n|t:|1733904491\n|switch|p2a: Galvantula|Galvantula, L82, F|249/249\n|turn|8\n|\n|t:|1733904496\n|move|p2a: Galvantula|Thunder|p1a: Stonjourner\n|-damage|p1a: Stonjourner|0 fnt\n|faint|p1a: Stonjourner\n|\n|upkeep\n|\n|t:|1733904521\n|switch|p1a: Lilligant|Lilligant-Hisui, L79, F|240/240\n|turn|9\n|inactive|zapp3 has 120 seconds left.\n|\n|t:|1733904547\n|move|p2a: Galvantula|Bug Buzz|p1a: Lilligant\n|-damage|p1a: Lilligant|131/240\n|move|p1a: Lilligant|Victory Dance|p1a: Lilligant\n|-boost|p1a: Lilligant|atk|1\n|-boost|p1a: Lilligant|def|1\n|-boost|p1a: Lilligant|spe|1\n|\n|upkeep\n|turn|10\n|\n|t:|1733904554\n|move|p1a: Lilligant|Sleep Powder|p2a: Galvantula\n|-status|p2a: Galvantula|slp|[from] move: Sleep Powder\n|cant|p2a: Galvantula|slp\n|\n|upkeep\n|turn|11\n|inactive|zapp3 has 120 seconds left.\n|\n|t:|1733904575\n|switch|p2a: Metagross|Metagross, L79|256/256\n|move|p1a: Lilligant|Leaf Blade|p2a: Metagross\n|-resisted|p2a: Metagross\n|-damage|p2a: Metagross|181/256\n|\n|upkeep\n|turn|12\n|inactive|zapp3 has 120 seconds left.\n|inactive|zapp3 has 90 seconds left.\n|\n|t:|1733904622\n|move|p1a: Lilligant|Close Combat|p2a: Metagross|[miss]\n|-miss|p1a: Lilligant|p2a: Metagross\n|move|p2a: Metagross|Heavy Slam|p1a: Lilligant\n|-damage|p1a: Lilligant|0 fnt\n|faint|p1a: Lilligant\n|\n|upkeep\n|\n|t:|1733904644\n|switch|p1a: Oricorio|Oricorio, L84, F|263/263\n|turn|13\n|inactive|zapp3 has 90 seconds left.\n|\n|t:|1733904661\n|switch|p2a: Klawf|Klawf, L90, F|272/272\n|move|p1a: Oricorio|Quiver Dance|p1a: Oricorio\n|-boost|p1a: Oricorio|spa|1\n|-boost|p1a: Oricorio|spd|1\n|-boost|p1a: Oricorio|spe|1\n|\n|upkeep\n|turn|14\n|\n|t:|1733904673\n|-terastallize|p1a: Oricorio|Ground\n|move|p1a: Oricorio|Revelation Dance|p2a: Klawf\n|-supereffective|p2a: Klawf\n|-damage|p2a: Klawf|0 fnt\n|faint|p2a: Klawf\n|\n|upkeep\n|-message|zapp3 forfeited.\n|\n|win|Mumet\n|raw|Mumet's rating: 1594 &rarr; <strong>1612</strong><br />(+18 for winning)\n|raw|zapp3's rating: 1563 &rarr; <strong>1545</strong><br />(-18 for losing)\n|l|\u2606zapp3\n|player|p2|\n", "inputlog": ">version bfd83cad13791eb5a5a409923076391caf6fb4d4\n>start {\"formatid\":\"gen9randombattle\",\"seed\":[65358,24436,59478,32348],\"rated\":\"Rated battle\"}\n>player p1 {\"name\":\"Mumet\",\"avatar\":\"n\",\"rating\":1594,\"seed\":[58101,51572,9291,8799]}\n>player p2 {\"name\":\"zapp3\",\"avatar\":\"2\",\"rating\":1563,\"seed\":[50067,28125,167,58836]}\n>p1 move tripleaxel\n>p2 move dragontail\n>p1 move leafblade\n>p2 move sludgewave\n>p2 switch 2\n>p1 move sleeppowder\n>p2 move dragondance\n>p1 switch 3\n>p2 move dragondance\n>p1 move moonblast\n>p2 move dragondance terastallize\n>p1 move mysticalfire\n>p2 move ironhead\n>p1 switch 5\n>p1 move earthquake\n>p2 move ironhead\n>p2 switch 5\n>p1 move heatcrash\n>p2 move thunder\n>p1 switch 3\n>p1 move victorydance\n>p2 move bugbuzz\n>p1 move sleeppowder\n>p2 move bugbuzz\n>p1 move leafblade\n>p2 switch 4\n>p1 move closecombat\n>p2 move heavyslam\n>p1 switch 6\n>p1 move quiverdance\n>p2 switch 6\n>p1 move revelationdance terastallize\n>p2 move stoneedge\n>forcelose p2", "uploadtime": 1733904687, "views": 1, "formatid": "gen9randombattle", "rating": 1545, "private": 0, "password": null}