{"id": "gen9randombattle-2260735470", "format": "[Gen 9] Random Battle", "players": ["dajknjaknal", "Gcff go n"], "log": "|j|\u2606dajknjaknal\n|j|\u2606Gcff go n\n|t:|1733884693\n|gametype|singles\n|player|p1|dajknjaknal|101|1000\n|player|p2|Gcff go n|265|1000\n|teamsize|p1|6\n|teamsize|p2|6\n|gen|9\n|tier|[Gen 9] Random Battle\n|rated|\n|rule|Species Clause: Limit one of each Pok\u00e9mon\n|rule|HP Percentage Mod: HP is shown in percentages\n|rule|Sleep Clause Mod: Limit one foe put to sleep\n|rule|Illusion Level Mod: Illusion disguises the Pok\u00e9mon's true level\n|\n|t:|1733884693\n|start\n|switch|p1a: Flamigo|Flamigo, L82, F|269/269\n|switch|p2a: Lugia|Lugia, L72|272/272\n|turn|1\n|\n|t:|1733884709\n|switch|p1a: Iron Hands|Iron Hands, L79|373/373\n|move|p2a: Lugia|Calm Mind|p2a: Lugia\n|-boost|p2a: Lugia|spa|1\n|-boost|p2a: Lugia|spd|1\n|\n|upkeep\n|turn|2\n|\n|t:|1733884715\n|move|p1a: Iron Hands|Fake Out|p2a: Lugia\n|-damage|p2a: Lugia|258/272\n|cant|p2a: Lugia|flinch\n|\n|upkeep\n|turn|3\n|\n|t:|1733884720\n|move|p2a: Lugia|Earth Power|p1a: Iron Hands\n|-supereffective|p1a: Iron Hands\n|-damage|p1a: Iron Hands|267/373\n|move|p1a: Iron Hands|Volt Switch|p2a: Lugia\n|-supereffective|p2a: Lugia\n|-damage|p2a: Lugia|214/272\n|\n|t:|1733884725\n|-end|p1a: Iron Hands|Quark Drive|[silent]\n|switch|p1a: Crawdaunt|Crawdaunt, L84, F|243/243|[from] Volt Switch\n|\n|upkeep\n|turn|4\n|\n|t:|1733884732\n|move|p2a: Lugia|Aeroblast|p1a: Crawdaunt\n|-damage|p1a: Crawdaunt|86/243\n|move|p1a: Crawdaunt|Knock Off|p2a: Lugia\n|-supereffective|p2a: Lugia\n|-damage|p2a: Lugia|0 fnt\n|-enditem|p2a: Lugia|Heavy-Duty Boots|[from] move: Knock Off|[of] p1a: Crawdaunt\n|faint|p2a: Lugia\n|\n|upkeep\n|\n|t:|1733884739\n|switch|p2a: Raging Bolt|Raging Bolt, L78|323/323\n|turn|5\n|\n|t:|1733884743\n|move|p2a: Raging Bolt|Thunderclap|p1a: Crawdaunt\n|-supereffective|p1a: Crawdaunt\n|-crit|p1a: Crawdaunt\n|-damage|p1a: Crawdaunt|0 fnt\n|faint|p1a: Crawdaunt\n|\n|upkeep\n|\n|t:|1733884748\n|switch|p1a: Sunflora|Sunflora, F|312/312\n|turn|6\n|\n|t:|1733884752\n|move|p2a: Raging Bolt|Calm Mind|p2a: Raging Bolt\n|-boost|p2a: Raging Bolt|spa|1\n|-boost|p2a: Raging Bolt|spd|1\n|move|p1a: Sunflora|Sunny Day|p1a: Sunflora\n|-weather|SunnyDay\n|-activate|p2a: Raging Bolt|ability: Protosynthesis\n|-start|p2a: Raging Bolt|protosynthesisspa\n|\n|-weather|SunnyDay|[upkeep]\n|upkeep\n|turn|7\n|\n|t:|1733884759\n|move|p1a: Sunflora|Earth Power|p2a: Raging Bolt\n|-supereffective|p2a: Raging Bolt\n|-damage|p2a: Raging Bolt|136/323\n|-damage|p1a: Sunflora|281/312|[from] item: Life Orb\n|move|p2a: Raging Bolt|Dragon Pulse|p1a: Sunflora\n|-damage|p1a: Sunflora|109/312\n|\n|-weather|SunnyDay|[upkeep]\n|-heal|p2a: Raging Bolt|156/323|[from] item: Leftovers\n|upkeep\n|turn|8\n|\n|t:|1733884768\n|move|p2a: Raging Bolt|Thunderclap|p1a: Sunflora\n|-resisted|p1a: Sunflora\n|-damage|p1a: Sunflora|43/312\n|move|p1a: Sunflora|Earth Power|p2a: Raging Bolt\n|-supereffective|p2a: Raging Bolt\n|-damage|p2a: Raging Bolt|0 fnt\n|faint|p2a: Raging Bolt\n|-end|p2a: Raging Bolt|Protosynthesis|[silent]\n|-damage|p1a: Sunflora|12/312|[from] item: Life Orb\n|\n|-weather|SunnyDay|[upkeep]\n|upkeep\n|\n|t:|1733884771\n|switch|p2a: Mamoswine|Mamoswine, L81, M|311/311\n|turn|9\n|\n|t:|1733884774\n|move|p2a: Mamoswine|Ice Shard|p1a: Sunflora\n|-supereffective|p1a: Sunflora\n|-crit|p1a: Sunflora\n|-damage|p1a: Sunflora|0 fnt\n|faint|p1a: Sunflora\n|-damage|p2a: Mamoswine|280/311|[from] item: Life Orb\n|\n|-weather|SunnyDay|[upkeep]\n|upkeep\n|\n|t:|1733884779\n|switch|p1a: Iron Hands|Iron Hands, L79|267/373\n|turn|10\n|\n|t:|1733884784\n|move|p2a: Mamoswine|Stealth Rock|p1a: Iron Hands\n|-sidestart|p1: dajknjaknal|move: Stealth Rock\n|move|p1a: Iron Hands|Drain Punch|p2a: Mamoswine\n|-supereffective|p2a: Mamoswine\n|-damage|p2a: Mamoswine|50/311\n|-heal|p1a: Iron Hands|373/373|[from] drain|[of] p2a: Mamoswine\n|\n|-weather|none\n|upkeep\n|turn|11\n|\n|t:|1733884789\n|move|p2a: Mamoswine|Earthquake|p1a: Iron Hands\n|-supereffective|p1a: Iron Hands\n|-damage|p1a: Iron Hands|100/373\n|-damage|p2a: Mamoswine|19/311|[from] item: Life Orb\n|move|p1a: Iron Hands|Drain Punch|p2a: Mamoswine\n|-supereffective|p2a: Mamoswine\n|-damage|p2a: Mamoswine|0 fnt\n|-heal|p1a: Iron Hands|110/373|[from] drain|[of] p2a: Mamoswine\n|faint|p2a: Mamoswine\n|\n|upkeep\n|\n|t:|1733884798\n|switch|p2a: Venomoth|Venomoth, L84, F|255/255\n|turn|12\n|\n|t:|1733884801\n|move|p1a: Iron Hands|Fake Out||[still]\n|-hint|Fake Out only works on your first turn out.\n|-fail|p1a: Iron Hands\n|move|p2a: Venomoth|Quiver Dance|p2a: Venomoth\n|-boost|p2a: Venomoth|spa|1\n|-boost|p2a: Venomoth|spd|1\n|-boost|p2a: Venomoth|spe|1\n|\n|upkeep\n|turn|13\n|\n|t:|1733884809\n|move|p2a: Venomoth|Quiver Dance|p2a: Venomoth\n|-boost|p2a: Venomoth|spa|1\n|-boost|p2a: Venomoth|spd|1\n|-boost|p2a: Venomoth|spe|1\n|move|p1a: Iron Hands|Volt Switch|p2a: Venomoth\n|-damage|p2a: Venomoth|231/255\n|\n|t:|1733884813\n|-end|p1a: Iron Hands|Quark Drive|[silent]\n|switch|p1a: Noctowl|Noctowl, L95, F|344/344|[from] Volt Switch\n|\n|upkeep\n|turn|14\n|\n|t:|1733884821\n|move|p2a: Venomoth|Sleep Powder|p1a: Noctowl\n|-status|p1a: Noctowl|slp|[from] move: Sleep Powder\n|cant|p1a: Noctowl|slp\n|\n|upkeep\n|turn|15\n|\n|t:|1733884826\n|switch|p1a: Iron Hands|Iron Hands, L79|110/373\n|-damage|p1a: Iron Hands|87/373|[from] Stealth Rock\n|move|p2a: Venomoth|Quiver Dance|p2a: Venomoth\n|-boost|p2a: Venomoth|spa|1\n|-boost|p2a: Venomoth|spd|1\n|-boost|p2a: Venomoth|spe|1\n|\n|upkeep\n|turn|16\n|\n|t:|1733884830\n|move|p1a: Iron Hands|Fake Out|p2a: Venomoth\n|-damage|p2a: Venomoth|189/255\n|cant|p2a: Venomoth|flinch\n|\n|upkeep\n|turn|17\n|\n|t:|1733884833\n|move|p2a: Venomoth|Sludge Wave|p1a: Iron Hands\n|-damage|p1a: Iron Hands|0 fnt\n|faint|p1a: Iron Hands\n|-end|p1a: Iron Hands|Quark Drive|[silent]\n|\n|upkeep\n|\n|t:|1733884836\n|switch|p1a: Flamigo|Flamigo, L82, F|269/269\n|-damage|p1a: Flamigo|236/269|[from] Stealth Rock\n|turn|18\n|\n|t:|1733884841\n|-terastallize|p1a: Flamigo|Steel\n|move|p2a: Venomoth|Sludge Wave|p1a: Flamigo\n|-immune|p1a: Flamigo\n|move|p1a: Flamigo|Brave Bird|p2a: Venomoth\n|-supereffective|p2a: Venomoth\n|-damage|p2a: Venomoth|0 fnt\n|faint|p2a: Venomoth\n|-damage|p1a: Flamigo|174/269|[from] Recoil\n|-damage|p1a: Flamigo|148/269|[from] item: Life Orb\n|\n|upkeep\n|\n|t:|1733884846\n|switch|p2a: Meloetta|Meloetta, L82|298/298\n|turn|19\n|\n|t:|1733884852\n|move|p2a: Meloetta|Close Combat|p1a: Flamigo\n|-supereffective|p1a: Flamigo\n|-crit|p1a: Flamigo\n|-damage|p1a: Flamigo|0 fnt\n|-unboost|p2a: Meloetta|def|1\n|-unboost|p2a: Meloetta|spd|1\n|faint|p1a: Flamigo\n|-damage|p2a: Meloetta|269/298|[from] item: Life Orb\n|\n|upkeep\n|\n|t:|1733884855\n|switch|p1a: Noctowl|Noctowl, L95, F|344/344 slp\n|turn|20\n|\n|t:|1733884858\n|move|p2a: Meloetta|Triple Axel|p1a: Noctowl\n|-supereffective|p1a: Noctowl\n|-damage|p1a: Noctowl|302/344 slp\n|-supereffective|p1a: Noctowl\n|-damage|p1a: Noctowl|224/344 slp\n|-supereffective|p1a: Noctowl\n|-damage|p1a: Noctowl|104/344 slp\n|-hitcount|p1a: Noctowl|3\n|-damage|p2a: Meloetta|240/298|[from] item: Life Orb\n|-curestatus|p1a: Noctowl|slp|[msg]\n|move|p1a: Noctowl|Hurricane|p2a: Meloetta|[miss]\n|-miss|p1a: Noctowl|p2a: Meloetta\n|\n|upkeep\n|turn|21\n|\n|t:|1733884866\n|move|p2a: Meloetta|Relic Song|p1a: Noctowl\n|-damage|p1a: Noctowl|7/344\n|-formechange|p2a: Meloetta|Meloetta-Pirouette|[msg]\n|-damage|p2a: Meloetta|211/298|[from] item: Life Orb\n|move|p1a: Noctowl|Hurricane|p2a: Meloetta\n|-supereffective|p2a: Meloetta\n|-damage|p2a: Meloetta|0 fnt\n|faint|p2a: Meloetta\n|\n|upkeep\n|\n|t:|1733884869\n|switch|p2a: Wo-Chien|Wo-Chien, L83|277/277\n|-ability|p2a: Wo-Chien|Tablets of Ruin\n|turn|22\n|\n|t:|1733884878\n|-terastallize|p2a: Wo-Chien|Poison\n|move|p1a: Noctowl|Roost|p1a: Noctowl\n|-heal|p1a: Noctowl|179/344\n|-singleturn|p1a: Noctowl|move: Roost\n|move|p2a: Wo-Chien|Knock Off|p1a: Noctowl\n|-damage|p1a: Noctowl|64/344\n|-enditem|p1a: Noctowl|Heavy-Duty Boots|[from] move: Knock Off|[of] p2a: Wo-Chien\n|\n|upkeep\n|turn|23\n|\n|t:|1733884886\n|move|p1a: Noctowl|Hyper Voice|p2a: Wo-Chien\n|-damage|p2a: Wo-Chien|189/277\n|move|p2a: Wo-Chien|Leech Seed|p1a: Noctowl\n|-start|p1a: Noctowl|move: Leech Seed\n|\n|-heal|p2a: Wo-Chien|206/277|[from] item: Leftovers\n|-damage|p1a: Noctowl|21/344|[from] Leech Seed|[of] p2a: Wo-Chien\n|-heal|p2a: Wo-Chien|249/277|[silent]\n|upkeep\n|turn|24\n|\n|t:|1733884896\n|move|p2a: Wo-Chien|Protect|p2a: Wo-Chien\n|-singleturn|p2a: Wo-Chien|Protect\n|move|p1a: Noctowl|Defog|p2a: Wo-Chien\n|-activate|p2a: Wo-Chien|move: Protect\n|\n|-heal|p2a: Wo-Chien|266/277|[from] item: Leftovers\n|-damage|p1a: Noctowl|0 fnt|[from] Leech Seed|[of] p2a: Wo-Chien\n|-heal|p2a: Wo-Chien|277/277|[silent]\n|faint|p1a: Noctowl\n|upkeep\n|\n|t:|1733884903\n|switch|p1a: Hatterene|Hatterene, L85, F|236/236\n|-damage|p1a: Hatterene|207/236|[from] Stealth Rock\n|turn|25\n|\n|t:|1733884909\n|move|p2a: Wo-Chien|Leech Seed|p1a: Hatterene\n|move|p1a: Hatterene|Leech Seed|p2a: Wo-Chien|[from]ability: Magic Bounce\n|-start|p2a: Wo-Chien|move: Leech Seed\n|move|p1a: Hatterene|Psychic|p2a: Wo-Chien\n|-supereffective|p2a: Wo-Chien\n|-damage|p2a: Wo-Chien|79/277\n|\n|-heal|p2a: Wo-Chien|96/277|[from] item: Leftovers\n|-damage|p2a: Wo-Chien|62/277|[from] Leech Seed|[of] p1a: Hatterene\n|-heal|p1a: Hatterene|236/236|[silent]\n|upkeep\n|turn|26\n|\n|t:|1733884920\n|move|p2a: Wo-Chien|Knock Off|p1a: Hatterene\n|-damage|p1a: Hatterene|145/236\n|-enditem|p1a: Hatterene|Assault Vest|[from] move: Knock Off|[of] p2a: Wo-Chien\n|move|p1a: Hatterene|Nuzzle|p2a: Wo-Chien\n|-crit|p2a: Wo-Chien\n|-damage|p2a: Wo-Chien|46/277\n|-status|p2a: Wo-Chien|par\n|\n|-heal|p2a: Wo-Chien|63/277 par|[from] item: Leftovers\n|-damage|p2a: Wo-Chien|29/277 par|[from] Leech Seed|[of] p1a: Hatterene\n|-heal|p1a: Hatterene|179/236|[silent]\n|upkeep\n|turn|27\n|\n|t:|1733884931\n|move|p1a: Hatterene|Mystical Fire|p2a: Wo-Chien\n|-damage|p2a: Wo-Chien|0 fnt\n|faint|p2a: Wo-Chien\n|\n|win|dajknjaknal\n|raw|dajknjaknal's rating: 1000 &rarr; <strong>1040</strong><br />(+40 for winning)\n|raw|Gcff go n's rating: 1000 &rarr; <strong>1000</strong><br />(+0 for losing)\n", "inputlog": ">version bfd83cad13791eb5a5a409923076391caf6fb4d4\n>start {\"formatid\":\"gen9randombattle\",\"seed\":[36018,53894,62262,22764],\"rated\":\"Rated battle\"}\n>player p1 {\"name\":\"dajknjaknal\",\"avatar\":\"101\",\"rating\":1000,\"seed\":[24388,1118,25535,21793]}\n>player p2 {\"name\":\"Gcff go n\",\"avatar\":\"265\",\"rating\":1000,\"seed\":[64543,30738,52943,12446]}\n>p1 switch 3\n>p2 move calmmind\n>p1 move fakeout\n>p2 move earthpower\n>p1 move voltswitch\n>p2 move earthpower\n>p1 switch 6\n>p1 move knockoff\n>p2 move aeroblast\n>p2 switch 3\n>p1 move knockoff\n>p2 move thunderclap\n>p1 switch 5\n>p1 move sunnyday\n>p2 move calmmind\n>p1 move earthpower\n>p2 move dragonpulse\n>p1 move earthpower\n>p2 move thunderclap\n>p2 switch 2\n>p1 move weatherball\n>p2 move iceshard\n>p1 switch 6\n>p1 move drainpunch\n>p2 move stealthrock\n>p1 move drainpunch\n>p2 move earthquake\n>p2 switch 6\n>p1 move fakeout\n>p2 move quiverdance\n>p1 move voltswitch\n>p2 move quiverdance\n>p1 switch 4\n>p1 move hurricane\n>p2 move sleeppowder\n>p1 switch 4\n>p2 move quiverdance\n>p1 move fakeout\n>p2 move sludgewave\n>p1 move thunderpunch\n>p2 move sludgewave\n>p1 switch 3\n>p1 move bravebird terastallize\n>p2 move sludgewave\n>p2 switch 4\n>p1 move throatchop\n>p2 move closecombat\n>p1 switch 4\n>p1 move hurricane\n>p2 move tripleaxel\n>p1 move hurricane\n>p2 move relicsong\n>p2 switch 5\n>p1 move roost\n>p2 move knockoff terastallize\n>p1 move hypervoice\n>p2 move leechseed\n>p1 move defog\n>p2 move protect\n>p1 switch 2\n>p1 move psychic\n>p2 move leechseed\n>p1 move nuzzle\n>p2 move knockoff\n>p1 move mysticalfire\n>p2 move knockoff", "uploadtime": 1733884936, "views": 5, "formatid": "gen9randombattle", "rating": 1000, "private": 0, "password": null}