{"id": "gen9randombattle-2260851155", "format": "[Gen 9] Random Battle", "players": ["Sil0e", "Mursu14"], "log": "|j|\u2606Sil0e\n|j|\u2606Mursu14\n|t:|1733904124\n|gametype|singles\n|player|p1|Sil0e|youngn|1150\n|player|p2|Mursu14|101|1177\n|teamsize|p1|6\n|teamsize|p2|6\n|gen|9\n|tier|[Gen 9] Random Battle\n|rated|\n|rule|Species Clause: Limit one of each Pok\u00e9mon\n|rule|HP Percentage Mod: HP is shown in percentages\n|rule|Sleep Clause Mod: Limit one foe put to sleep\n|rule|Illusion Level Mod: Illusion disguises the Pok\u00e9mon's true level\n|\n|t:|1733904124\n|start\n|switch|p1a: Blaziken|Blaziken, L76, F|247/247\n|switch|p2a: Piloswine|Piloswine, L85, F|309/309\n|turn|1\n|inactive|Battle timer is ON: inactive players will automatically lose when time's up. (requested by Sil0e)\n|\n|t:|1733904139\n|switch|p1a: Dusknoir|Dusknoir, L89, M|225/225\n|-item|p2a: Piloswine|Eviolite|[from] ability: Frisk|[of] p1a: Dusknoir\n|move|p2a: Piloswine|Earthquake|p1a: Dusknoir\n|-damage|p1a: Dusknoir|155/225\n|\n|-heal|p1a: Dusknoir|169/225|[from] item: Leftovers\n|upkeep\n|turn|2\n|\n|t:|1733904151\n|move|p2a: Piloswine|Icicle Crash|p1a: Dusknoir\n|-damage|p1a: Dusknoir|106/225\n|move|p1a: Dusknoir|Substitute|p1a: Dusknoir\n|-start|p1a: Dusknoir|Substitute\n|-damage|p1a: Dusknoir|50/225\n|\n|-heal|p1a: Dusknoir|64/225|[from] item: Leftovers\n|upkeep\n|turn|3\n|\n|t:|1733904159\n|-singleturn|p1a: Dusknoir|move: Focus Punch\n|move|p2a: Piloswine|Earthquake|p1a: Dusknoir\n|-end|p1a: Dusknoir|Substitute\n|move|p1a: Dusknoir|Focus Punch|p2a: Piloswine\n|-supereffective|p2a: Piloswine\n|-damage|p2a: Piloswine|125/309\n|\n|-heal|p1a: Dusknoir|78/225|[from] item: Leftovers\n|upkeep\n|turn|4\n|\n|t:|1733904173\n|move|p2a: Piloswine|Icicle Crash|p1a: Dusknoir\n|-damage|p1a: Dusknoir|17/225\n|cant|p1a: Dusknoir|flinch\n|\n|-heal|p1a: Dusknoir|31/225|[from] item: Leftovers\n|upkeep\n|turn|5\n|\n|t:|1733904181\n|move|p2a: Piloswine|Icicle Crash|p1a: Dusknoir|[miss]\n|-miss|p2a: Piloswine|p1a: Dusknoir\n|move|p1a: Dusknoir|Pain Split|p2a: Piloswine\n|-sethp|p2a: Piloswine|78/309|[from] move: Pain Split|[silent]\n|-sethp|p1a: Dusknoir|78/225|[from] move: Pain Split\n|\n|-heal|p1a: Dusknoir|92/225|[from] item: Leftovers\n|upkeep\n|turn|6\n|\n|t:|1733904189\n|move|p2a: Piloswine|Icicle Crash|p1a: Dusknoir\n|-damage|p1a: Dusknoir|22/225\n|cant|p1a: Dusknoir|flinch\n|\n|-heal|p1a: Dusknoir|36/225|[from] item: Leftovers\n|upkeep\n|turn|7\n|\n|t:|1733904206\n|move|p2a: Piloswine|Earthquake|p1a: Dusknoir\n|-damage|p1a: Dusknoir|0 fnt\n|faint|p1a: Dusknoir\n|\n|upkeep\n|\n|t:|1733904217\n|switch|p1a: Greninja|Greninja, L80, M|246/246\n|turn|8\n|\n|t:|1733904231\n|move|p2a: Piloswine|Ice Shard|p1a: Greninja\n|-resisted|p1a: Greninja\n|-damage|p1a: Greninja|218/246\n|move|p1a: Greninja|Hydro Pump|p2a: Piloswine\n|-supereffective|p2a: Piloswine\n|-damage|p2a: Piloswine|0 fnt\n|faint|p2a: Piloswine\n|-ability|p1a: Greninja|Battle Bond|boost\n|-boost|p1a: Greninja|atk|1\n|-boost|p1a: Greninja|spa|1\n|-boost|p1a: Greninja|spe|1\n|-activate|p1a: Greninja|ability: Battle Bond\n|-damage|p1a: Greninja|194/246|[from] item: Life Orb\n|\n|upkeep\n|\n|t:|1733904248\n|switch|p2a: Virizion|Virizion, L82|283/283\n|turn|9\n|\n|t:|1733904259\n|move|p1a: Greninja|Gunk Shot|p2a: Virizion\n|-supereffective|p2a: Virizion\n|-crit|p2a: Virizion\n|-damage|p2a: Virizion|0 fnt\n|faint|p2a: Virizion\n|-damage|p1a: Greninja|170/246|[from] item: Life Orb\n|\n|upkeep\n|inactive|Mursu14 has 120 seconds left.\n|\n|t:|1733904279\n|switch|p2a: Lugia|Lugia, L72|272/272\n|turn|10\n|\n|t:|1733904300\n|move|p1a: Greninja|Dark Pulse|p2a: Lugia\n|-supereffective|p2a: Lugia\n|-damage|p2a: Lugia|159/272\n|-damage|p1a: Greninja|146/246|[from] item: Life Orb\n|cant|p2a: Lugia|flinch\n|\n|upkeep\n|turn|11\n|\n|t:|1733904306\n|move|p1a: Greninja|Dark Pulse|p2a: Lugia\n|-supereffective|p2a: Lugia\n|-damage|p2a: Lugia|0 fnt\n|faint|p2a: Lugia\n|-damage|p1a: Greninja|122/246|[from] item: Life Orb\n|\n|upkeep\n|\n|t:|1733904316\n|switch|p2a: Cinderace|Cinderace, L77, M|249/249\n|turn|12\n|\n|t:|1733904326\n|-terastallize|p2a: Cinderace|Fighting\n|move|p1a: Greninja|Hydro Pump|p2a: Cinderace\n|-damage|p2a: Cinderace|0 fnt\n|faint|p2a: Cinderace\n|-damage|p1a: Greninja|98/246|[from] item: Life Orb\n|\n|upkeep\n|\n|t:|1733904334\n|switch|p2a: Phione|Phione, L91|293/293\n|turn|13\n|\n|t:|1733904344\n|move|p1a: Greninja|Dark Pulse|p2a: Phione\n|-damage|p2a: Phione|137/293\n|-damage|p1a: Greninja|74/246|[from] item: Life Orb\n|move|p2a: Phione|Scald|p1a: Greninja\n|-resisted|p1a: Greninja\n|-damage|p1a: Greninja|26/246\n|\n|-heal|p2a: Phione|155/293|[from] item: Leftovers\n|upkeep\n|turn|14\n|\n|t:|1733904354\n|move|p1a: Greninja|Dark Pulse|p2a: Phione\n|-damage|p2a: Phione|0 fnt\n|faint|p2a: Phione\n|-damage|p1a: Greninja|2/246|[from] item: Life Orb\n|\n|upkeep\n|\n|t:|1733904359\n|switch|p2a: Iron Valiant|Iron Valiant, L78|244/244\n|turn|15\n|\n|t:|1733904365\n|move|p1a: Greninja|Gunk Shot|p2a: Iron Valiant\n|-supereffective|p2a: Iron Valiant\n|-damage|p2a: Iron Valiant|0 fnt\n|faint|p2a: Iron Valiant\n|-end|p2a: Iron Valiant|Quark Drive|[silent]\n|-damage|p1a: Greninja|0 fnt|[from] item: Life Orb\n|faint|p1a: Greninja\n|\n|win|Sil0e\n|raw|Sil0e's rating: 1150 &rarr; <strong>1177</strong><br />(+27 for winning)\n|raw|Mursu14's rating: 1177 &rarr; <strong>1150</strong><br />(-27 for losing)\n", "inputlog": ">version bfd83cad13791eb5a5a409923076391caf6fb4d4\n>start {\"formatid\":\"gen9randombattle\",\"seed\":[23999,43558,2954,52529],\"rated\":\"Rated battle\"}\n>player p1 {\"name\":\"Sil0e\",\"avatar\":\"youngn\",\"rating\":1150,\"seed\":[42078,46736,5449,52925]}\n>player p2 {\"name\":\"Mursu14\",\"avatar\":\"101\",\"rating\":1177,\"seed\":[9257,38255,24069,22567]}\n>p1 switch 2\n>p2 move earthquake\n>p1 move substitute\n>p2 move iciclecrash\n>p1 move focuspunch\n>p2 move earthquake\n>p1 move poltergeist\n>p2 move iciclecrash\n>p1 move painsplit\n>p2 move iciclecrash\n>p1 move poltergeist\n>p2 move iciclecrash\n>p1 move poltergeist\n>p2 move earthquake\n>p1 switch 4\n>p1 move hydropump\n>p2 move iceshard\n>p2 switch 3\n>p1 move gunkshot\n>p2 move leafblade\n>p2 switch 4\n>p1 move darkpulse\n>p2 move earthpower\n>p1 move darkpulse\n>p2 move earthpower\n>p2 switch 5\n>p1 move hydropump\n>p2 move highjumpkick terastallize\n>p2 switch 2\n>p1 move darkpulse\n>p2 move scald\n>p1 move darkpulse\n>p2 move scald\n>p2 switch 6\n>p1 move gunkshot\n>p2 move knockoff", "uploadtime": 1733904368, "views": 1, "formatid": "gen9randombattle", "rating": 1150, "private": 0, "password": null}