{"id": "gen9randombattle-2260701319", "format": "[Gen 9] Random Battle", "players": ["FantasyWind", "natthenewt"], "log": "|j|\u203dFantasyWind\n|j|\u2606natthenewt\n|t:|1733880269\n|gametype|singles\n|player|p1|FantasyWind|hilda|1321\n|player|p2|natthenewt|blackbelt-gen4|1309\n|teamsize|p1|6\n|teamsize|p2|6\n|gen|9\n|tier|[Gen 9] Random Battle\n|rated|\n|rule|Species Clause: Limit one of each Pok\u00e9mon\n|rule|HP Percentage Mod: HP is shown in percentages\n|rule|Sleep Clause Mod: Limit one foe put to sleep\n|rule|Illusion Level Mod: Illusion disguises the Pok\u00e9mon's true level\n|\n|t:|1733880269\n|start\n|switch|p1a: Toxapex|Toxapex, L82, F|216/216\n|switch|p2a: Mamoswine|Mamoswine, L81, F|311/311\n|turn|1\n|inactive|Battle timer is ON: inactive players will automatically lose when time's up. (requested by FantasyWind)\n|\n|t:|1733880279\n|move|p2a: Mamoswine|Earthquake|p1a: Toxapex\n|-supereffective|p1a: Toxapex\n|-damage|p1a: Toxapex|0 fnt\n|faint|p1a: Toxapex\n|\n|upkeep\n|\n|t:|1733880284\n|switch|p1a: Enamorus|Enamorus-Therian, L83, F|259/259\n|turn|2\n|\n|t:|1733880308\n|switch|p2a: Mudsdale|Mudsdale, L84, M|305/305\n|move|p1a: Enamorus|Moonblast|p2a: Mudsdale\n|-damage|p2a: Mudsdale|175/305\n|-ability|p2a: Mudsdale|Stamina|boost\n|-boost|p2a: Mudsdale|def|1\n|\n|-heal|p2a: Mudsdale|194/305|[from] item: Leftovers\n|upkeep\n|turn|3\n|\n|t:|1733880327\n|move|p1a: Enamorus|Agility|p1a: Enamorus\n|-boost|p1a: Enamorus|spe|2\n|move|p2a: Mudsdale|Heavy Slam|p1a: Enamorus\n|-supereffective|p1a: Enamorus\n|-damage|p1a: Enamorus|73/259\n|-enditem|p1a: Enamorus|Weakness Policy\n|-boost|p1a: Enamorus|atk|2|[from] item: Weakness Policy\n|-boost|p1a: Enamorus|spa|2|[from] item: Weakness Policy\n|\n|-heal|p2a: Mudsdale|213/305|[from] item: Leftovers\n|upkeep\n|turn|4\n|inactive|natthenewt has 120 seconds left.\n|\n|t:|1733880343\n|switch|p2a: Corviknight|Corviknight, L80, M|288/288\n|move|p1a: Enamorus|Moonblast|p2a: Corviknight\n|-resisted|p2a: Corviknight\n|-damage|p2a: Corviknight|138/288\n|\n|upkeep\n|turn|5\n|inactive|natthenewt has 120 seconds left.\n|\n|t:|1733880354\n|switch|p2a: Bastiodon|Bastiodon, L89, F|252/252\n|move|p1a: Enamorus|Moonblast|p2a: Bastiodon\n|-resisted|p2a: Bastiodon\n|-damage|p2a: Bastiodon|165/252\n|-unboost|p2a: Bastiodon|spa|1\n|\n|upkeep\n|turn|6\n|\n|t:|1733880361\n|move|p1a: Enamorus|Earth Power|p2a: Bastiodon\n|-supereffective|p2a: Bastiodon\n|-damage|p2a: Bastiodon|0 fnt\n|faint|p2a: Bastiodon\n|\n|upkeep\n|\n|t:|1733880365\n|switch|p2a: Mamoswine|Mamoswine, L81, F|311/311\n|turn|7\n|\n|t:|1733880378\n|move|p2a: Mamoswine|Ice Shard|p1a: Enamorus\n|-supereffective|p1a: Enamorus\n|-damage|p1a: Enamorus|0 fnt\n|faint|p1a: Enamorus\n|\n|upkeep\n|\n|t:|1733880388\n|switch|p1a: Magmortar|Magmortar, L88, F|275/275\n|turn|8\n|\n|t:|1733880396\n|switch|p2a: Clawitzer|Clawitzer, L87, F|265/265\n|move|p1a: Magmortar|Knock Off|p2a: Clawitzer\n|-damage|p2a: Clawitzer|187/265\n|-enditem|p2a: Clawitzer|Assault Vest|[from] move: Knock Off|[of] p1a: Magmortar\n|\n|upkeep\n|turn|9\n|\n|t:|1733880404\n|switch|p1a: Vileplume|Vileplume, L85, F|266/266\n|move|p2a: Clawitzer|Water Pulse|p1a: Vileplume\n|-resisted|p1a: Vileplume\n|-damage|p1a: Vileplume|205/266\n|\n|-heal|p1a: Vileplume|221/266|[from] item: Leftovers\n|upkeep\n|turn|10\n|\n|t:|1733880407\n|move|p2a: Clawitzer|U-turn|p1a: Vileplume\n|-damage|p1a: Vileplume|180/266\n|\n|t:|1733880412\n|switch|p2a: Corviknight|Corviknight, L80, M|138/288|[from] U-turn\n|move|p1a: Vileplume|Sleep Powder|p2a: Corviknight\n|-status|p2a: Corviknight|slp|[from] move: Sleep Powder\n|\n|-heal|p1a: Vileplume|196/266|[from] item: Leftovers\n|upkeep\n|turn|11\n|\n|t:|1733880426\n|switch|p1a: Magmortar|Magmortar, L88, F|275/275\n|cant|p2a: Corviknight|slp\n|\n|upkeep\n|turn|12\n|\n|t:|1733880437\n|switch|p2a: Clawitzer|Clawitzer, L87, F|187/265\n|move|p1a: Magmortar|Fire Blast|p2a: Clawitzer\n|-resisted|p2a: Clawitzer\n|-damage|p2a: Clawitzer|118/265\n|\n|upkeep\n|turn|13\n|\n|t:|1733880444\n|-terastallize|p1a: Magmortar|Fighting\n|move|p1a: Magmortar|Focus Blast|p2a: Clawitzer\n|-damage|p2a: Clawitzer|0 fnt\n|faint|p2a: Clawitzer\n|\n|upkeep\n|\n|t:|1733880448\n|switch|p2a: Iron Valiant|Iron Valiant, L78|244/244\n|turn|14\n|\n|t:|1733880458\n|switch|p1a: Vileplume|Vileplume, L85, F|196/266\n|move|p2a: Iron Valiant|Spirit Break|p1a: Vileplume\n|-resisted|p1a: Vileplume\n|-damage|p1a: Vileplume|135/266\n|-unboost|p1a: Vileplume|spa|1\n|-damage|p2a: Iron Valiant|220/244|[from] item: Life Orb\n|\n|-heal|p1a: Vileplume|151/266|[from] item: Leftovers\n|upkeep\n|turn|15\n|\n|t:|1733880467\n|-end|p2a: Iron Valiant|Quark Drive|[silent]\n|switch|p2a: Corviknight|Corviknight, L80, M|138/288 slp\n|move|p1a: Vileplume|Strength Sap|p2a: Corviknight\n|-ability|p2a: Corviknight|Mirror Armor\n|-unboost|p1a: Vileplume|atk|1\n|-heal|p1a: Vileplume|266/266\n|\n|upkeep\n|turn|16\n|\n|t:|1733880471\n|switch|p1a: Magmortar|Magmortar, L88, F, tera:Fighting|275/275\n|cant|p2a: Corviknight|slp\n|\n|upkeep\n|turn|17\n|\n|t:|1733880476\n|move|p1a: Magmortar|Fire Blast|p2a: Corviknight\n|-supereffective|p2a: Corviknight\n|-damage|p2a: Corviknight|0 fnt\n|faint|p2a: Corviknight\n|\n|upkeep\n|\n|t:|1733880478\n|switch|p2a: Iron Valiant|Iron Valiant, L78|220/244\n|turn|18\n|\n|t:|1733880485\n|move|p2a: Iron Valiant|Swords Dance|p2a: Iron Valiant\n|-boost|p2a: Iron Valiant|atk|2\n|move|p1a: Magmortar|Knock Off|p2a: Iron Valiant\n|-resisted|p2a: Iron Valiant\n|-damage|p2a: Iron Valiant|200/244\n|-enditem|p2a: Iron Valiant|Life Orb|[from] move: Knock Off|[of] p1a: Magmortar\n|\n|upkeep\n|turn|19\n|\n|t:|1733880496\n|move|p2a: Iron Valiant|Spirit Break|p1a: Magmortar\n|-supereffective|p1a: Magmortar\n|-damage|p1a: Magmortar|0 fnt\n|faint|p1a: Magmortar\n|\n|upkeep\n|\n|t:|1733880498\n|switch|p1a: Vileplume|Vileplume, L85, F|266/266\n|turn|20\n|\n|t:|1733880501\n|move|p2a: Iron Valiant|Knock Off|p1a: Vileplume\n|-damage|p1a: Vileplume|104/266\n|-enditem|p1a: Vileplume|Leftovers|[from] move: Knock Off|[of] p2a: Iron Valiant\n|move|p1a: Vileplume|Sleep Powder|p2a: Iron Valiant\n|-status|p2a: Iron Valiant|slp|[from] move: Sleep Powder\n|\n|upkeep\n|turn|21\n|\n|t:|1733880514\n|-end|p2a: Iron Valiant|Quark Drive|[silent]\n|switch|p2a: Mamoswine|Mamoswine, L81, F|311/311\n|move|p1a: Vileplume|Strength Sap|p2a: Mamoswine\n|-unboost|p2a: Mamoswine|atk|1\n|-heal|p1a: Vileplume|266/266\n|\n|upkeep\n|turn|22\n|\n|t:|1733880521\n|switch|p1a: Iron Treads|Iron Treads, L77|265/265\n|move|p2a: Mamoswine|Icicle Crash|p1a: Iron Treads\n|-damage|p1a: Iron Treads|178/265\n|\n|-heal|p1a: Iron Treads|194/265|[from] item: Leftovers\n|upkeep\n|turn|23\n|\n|t:|1733880530\n|-end|p1a: Iron Treads|Quark Drive|[silent]\n|switch|p1a: Whiscash|Whiscash, L88, F|337/337\n|switch|p2a: Mudsdale|Mudsdale, L84, M|213/305\n|\n|-heal|p2a: Mudsdale|232/305|[from] item: Leftovers\n|upkeep\n|turn|24\n|\n|t:|1733880535\n|move|p1a: Whiscash|Dragon Dance|p1a: Whiscash\n|-boost|p1a: Whiscash|atk|1\n|-boost|p1a: Whiscash|spe|1\n|move|p2a: Mudsdale|Stealth Rock|p1a: Whiscash\n|-sidestart|p1: FantasyWind|move: Stealth Rock\n|\n|-heal|p2a: Mudsdale|251/305|[from] item: Leftovers\n|upkeep\n|turn|25\n|\n|t:|1733880545\n|move|p1a: Whiscash|Liquidation|p2a: Mudsdale\n|-supereffective|p2a: Mudsdale\n|-damage|p2a: Mudsdale|0 fnt\n|faint|p2a: Mudsdale\n|-damage|p1a: Whiscash|304/337|[from] item: Life Orb\n|\n|upkeep\n|-message|natthenewt forfeited.\n|\n|win|FantasyWind\n|raw|FantasyWind's rating: 1321 &rarr; <strong>1340</strong><br />(+19 for winning)\n|raw|natthenewt's rating: 1309 &rarr; <strong>1290</strong><br />(-19 for losing)\n|l|\u2606natthenewt\n|player|p2|\n", "inputlog": ">version bfd83cad13791eb5a5a409923076391caf6fb4d4\n>start {\"formatid\":\"gen9randombattle\",\"seed\":[2571,30132,3631,55504],\"rated\":\"Rated battle\"}\n>player p1 {\"name\":\"FantasyWind\",\"avatar\":\"hilda\",\"rating\":1321,\"seed\":[56831,41866,2812,63773]}\n>player p2 {\"name\":\"natthenewt\",\"avatar\":\"blackbelt-gen4\",\"rating\":1309,\"seed\":[55778,27435,36788,55985]}\n>p1 move toxic\n>p2 move earthquake\n>p1 switch 6\n>p1 move moonblast\n>p2 switch 4\n>p1 move agility\n>p2 move heavyslam\n>p1 move moonblast\n>p2 switch 5\n>p1 move moonblast\n>p2 switch 3\n>p1 move earthpower\n>p2 move bodypress\n>p2 switch 4\n>p1 move superpower\n>p2 move iceshard\n>p1 switch 2\n>p1 move knockoff\n>p2 switch 6\n>p1 switch 3\n>p2 move waterpulse\n>p1 move sleeppowder\n>p2 move uturn\n>p2 switch 3\n>p1 switch 3\n>p2 move roost\n>p1 move fireblast\n>p2 switch 3\n>p1 move focusblast terastallize\n>p2 move waterpulse\n>p2 switch 2\n>p1 switch 3\n>p2 move spiritbreak\n>p1 move strengthsap\n>p2 switch 3\n>p1 switch 3\n>p2 move roost\n>p1 move fireblast\n>p2 move roost\n>p2 switch 3\n>p1 move knockoff\n>p2 move swordsdance\n>p1 move fireblast\n>p2 move spiritbreak\n>p1 switch 3\n>p1 move sleeppowder\n>p2 move knockoff\n>p1 move strengthsap\n>p2 switch 6\n>p1 switch 4\n>p2 move iciclecrash\n>p1 switch 5\n>p2 switch 5\n>p1 move dragondance\n>p2 move stealthrock\n>p1 move liquidation\n>p2 move roar\n>forcelose p2", "uploadtime": 1733880554, "views": 1, "formatid": "gen9randombattle", "rating": 1290, "private": 0, "password": null}