{"id": "gen9randombattle-2259947136", "format": "[Gen 9] Random Battle", "players": ["Dickflix", "neighbourneighbour"], "log": "|j|\u2606Dickflix\n|j|\u2606neighbourneighbour\n|t:|1733783018\n|gametype|singles\n|player|p1|Dickflix|265|1131\n|player|p2|neighbourneighbour|101|1101\n|teamsize|p1|6\n|teamsize|p2|6\n|gen|9\n|tier|[Gen 9] Random Battle\n|rated|\n|rule|Species Clause: Limit one of each Pok\u00e9mon\n|rule|HP Percentage Mod: HP is shown in percentages\n|rule|Sleep Clause Mod: Limit one foe put to sleep\n|rule|Illusion Level Mod: Illusion disguises the Pok\u00e9mon's true level\n|\n|t:|1733783018\n|start\n|switch|p1a: Hydreigon|Hydreigon, L79, M|275/275\n|switch|p2a: Spectrier|Spectrier, L75|274/274\n|turn|1\n|\n|t:|1733783047\n|switch|p2a: Passimian|Passimian, L83, M|302/302\n|move|p1a: Hydreigon|Dark Pulse|p2a: Passimian\n|-resisted|p2a: Passimian\n|-damage|p2a: Passimian|217/302\n|\n|upkeep\n|turn|2\n|\n|t:|1733783064\n|move|p2a: Passimian|Close Combat|p1a: Hydreigon\n|-supereffective|p1a: Hydreigon\n|-damage|p1a: Hydreigon|0 fnt\n|-unboost|p2a: Passimian|def|1\n|-unboost|p2a: Passimian|spd|1\n|faint|p1a: Hydreigon\n|\n|upkeep\n|\n|t:|1733783070\n|switch|p1a: Phione|Phione, L91|293/293\n|turn|3\n|\n|t:|1733783082\n|switch|p2a: Ogerpon|Ogerpon-Cornerstone, L76, F|247/247\n|move|p1a: Phione|Ice Beam|p2a: Ogerpon\n|-supereffective|p2a: Ogerpon\n|-damage|p2a: Ogerpon|121/247\n|\n|upkeep\n|turn|4\n|\n|t:|1733783093\n|move|p2a: Ogerpon|Power Whip|p1a: Phione\n|-supereffective|p1a: Phione\n|-damage|p1a: Phione|17/293\n|move|p1a: Phione|Ice Beam|p2a: Ogerpon\n|-supereffective|p2a: Ogerpon\n|-damage|p2a: Ogerpon|0 fnt\n|faint|p2a: Ogerpon\n|\n|-heal|p1a: Phione|35/293|[from] item: Leftovers\n|upkeep\n|\n|t:|1733783100\n|switch|p2a: Spectrier|Spectrier, L75|274/274\n|turn|5\n|\n|t:|1733783105\n|move|p2a: Spectrier|Shadow Ball|p1a: Phione\n|-damage|p1a: Phione|0 fnt\n|faint|p1a: Phione\n|-ability|p2a: Spectrier|Grim Neigh|boost\n|-boost|p2a: Spectrier|spa|1\n|-damage|p2a: Spectrier|247/274|[from] item: Life Orb\n|\n|upkeep\n|\n|t:|1733783112\n|switch|p1a: Furret|Furret, L94, F|312/312\n|-item|p2a: Spectrier|Life Orb|[from] ability: Frisk|[of] p1a: Furret\n|turn|6\n|\n|t:|1733783136\n|move|p2a: Spectrier|Will-O-Wisp|p1a: Furret\n|-status|p1a: Furret|brn\n|move|p1a: Furret|Tidy Up|p1a: Furret\n|-boost|p1a: Furret|atk|1\n|-boost|p1a: Furret|spe|1\n|\n|-damage|p1a: Furret|293/312 brn|[from] brn\n|upkeep\n|turn|7\n|\n|t:|1733783150\n|move|p1a: Furret|Knock Off|p2a: Spectrier\n|-supereffective|p2a: Spectrier\n|-damage|p2a: Spectrier|53/274\n|-enditem|p2a: Spectrier|Life Orb|[from] move: Knock Off|[of] p1a: Furret\n|-damage|p1a: Furret|262/312 brn|[from] item: Life Orb\n|move|p2a: Spectrier|Nasty Plot|p2a: Spectrier\n|-boost|p2a: Spectrier|spa|2\n|\n|-damage|p1a: Furret|243/312 brn|[from] brn\n|upkeep\n|turn|8\n|\n|t:|1733783167\n|-terastallize|p2a: Spectrier|Dark\n|move|p1a: Furret|Knock Off|p2a: Spectrier\n|-resisted|p2a: Spectrier\n|-damage|p2a: Spectrier|22/274\n|-damage|p1a: Furret|212/312 brn|[from] item: Life Orb\n|move|p2a: Spectrier|Dark Pulse|p1a: Furret\n|-damage|p1a: Furret|0 fnt\n|faint|p1a: Furret\n|-ability|p2a: Spectrier|Grim Neigh|boost\n|-boost|p2a: Spectrier|spa|1\n|\n|upkeep\n|inactive|Battle timer is ON: inactive players will automatically lose when time's up. (requested by neighbourneighbour)\n|\n|t:|1733783201\n|switch|p1a: Sneasler|Sneasler, L74, M|240/240\n|turn|9\n|\n|t:|1733783224\n|move|p2a: Spectrier|Shadow Ball|p1a: Sneasler\n|-damage|p1a: Sneasler|0 fnt\n|faint|p1a: Sneasler\n|-ability|p2a: Spectrier|Grim Neigh|boost\n|-boost|p2a: Spectrier|spa|1\n|\n|upkeep\n|\n|t:|1733783244\n|switch|p1a: Altaria|Altaria, L88, F|275/275\n|turn|10\n|\n|t:|1733783268\n|move|p2a: Spectrier|Dark Pulse|p1a: Altaria\n|-damage|p1a: Altaria|0 fnt\n|faint|p1a: Altaria\n|-ability|p2a: Spectrier|Grim Neigh|boost\n|-boost|p2a: Spectrier|spa|1\n|\n|upkeep\n|l|\u2606Dickflix\n|inactive|Dickflix disconnected and has a minute to reconnect!\n|player|p1|\n|c|\u2606neighbourneighbour|ur a sh!t c*nt\n|inactive|Dickflix has 30 seconds to reconnect!\n|inactive|Dickflix has 20 seconds to reconnect!\n|inactive|Dickflix has 15 seconds to reconnect!\n|inactive|Dickflix has 10 seconds to reconnect!\n|inactive|Dickflix has 5 seconds to reconnect!\n|-message|Dickflix lost due to inactivity.\n|\n|win|neighbourneighbour\n", "inputlog": ">version bfd83cad13791eb5a5a409923076391caf6fb4d4\n>start {\"formatid\":\"gen9randombattle\",\"seed\":[53453,32195,49013,2344],\"rated\":\"Rated battle\"}\n>player p1 {\"name\":\"Dickflix\",\"avatar\":\"265\",\"rating\":1131,\"seed\":[36181,44683,40109,9781]}\n>player p2 {\"name\":\"neighbourneighbour\",\"avatar\":\"101\",\"rating\":1101,\"seed\":[44158,8317,6239,2399]}\n>p1 move darkpulse\n>p2 switch 6\n>p1 move darkpulse\n>p2 move closecombat\n>p1 switch 2\n>p1 move icebeam\n>p2 switch 2\n>p1 move icebeam\n>p2 move powerwhip\n>p2 switch 6\n>p1 move icebeam\n>p2 move shadowball\n>p1 switch 3\n>p1 move tidyup\n>p2 move willowisp\n>p1 move knockoff\n>p2 move nastyplot\n>p1 move knockoff\n>p2 move darkpulse terastallize\n>p1 switch 6\n>p1 move closecombat\n>p2 move shadowball\n>p1 switch 5\n>p1 move dragondance\n>p2 move darkpulse\n>chat \u2606neighbourneighbour|ur a sh!t c*nt\n>forcelose p1", "uploadtime": 1733783283, "views": 1, "formatid": "gen9randombattle", "rating": null, "private": 0, "password": null}