{"id": "gen9randombattle-2260801373", "format": "[Gen 9] Random Battle", "players": ["nani mila", "Maine mega"], "log": "|j|\u2606nani mila\n|j|\u2606Maine mega\n|t:|1733894442\n|gametype|singles\n|player|p1|nani mila|teammagmagruntf-gen3|1258\n|player|p2|Maine mega|2|1273\n|teamsize|p1|6\n|teamsize|p2|6\n|gen|9\n|tier|[Gen 9] Random Battle\n|rated|\n|rule|Species Clause: Limit one of each Pok\u00e9mon\n|rule|HP Percentage Mod: HP is shown in percentages\n|rule|Sleep Clause Mod: Limit one foe put to sleep\n|rule|Illusion Level Mod: Illusion disguises the Pok\u00e9mon's true level\n|\n|t:|1733894442\n|start\n|switch|p1a: Palossand|Palossand, L89, M|296/296\n|switch|p2a: Amoonguss|Amoonguss, L82, F|321/321\n|turn|1\n|\n|t:|1733894462\n|switch|p1a: Meganium|Meganium, L90, M|290/290\n|move|p2a: Amoonguss|Giga Drain|p1a: Meganium\n|-resisted|p1a: Meganium\n|-damage|p1a: Meganium|263/290\n|\n|upkeep\n|turn|2\n|\n|t:|1733894482\n|switch|p1a: Noctowl|Noctowl, L95, M|344/344\n|move|p2a: Amoonguss|Sludge Bomb|p1a: Noctowl\n|-damage|p1a: Noctowl|278/344\n|\n|upkeep\n|turn|3\n|\n|t:|1733894491\n|move|p1a: Noctowl|Hurricane|p2a: Amoonguss\n|-supereffective|p2a: Amoonguss\n|-damage|p2a: Amoonguss|27/321\n|-start|p2a: Amoonguss|confusion\n|-activate|p2a: Amoonguss|confusion\n|move|p2a: Amoonguss|Spore|p1a: Noctowl\n|-status|p1a: Noctowl|slp|[from] move: Spore\n|\n|-heal|p2a: Amoonguss|47/321|[from] item: Leftovers\n|upkeep\n|turn|4\n|\n|t:|1733894504\n|switch|p1a: Venomoth|Venomoth, L84, F|255/255\n|switch|p2a: Kleavor|Kleavor, L78, M|237/237\n|\n|upkeep\n|turn|5\n|\n|t:|1733894545\n|move|p1a: Venomoth|Sleep Powder|p2a: Kleavor\n|-status|p2a: Kleavor|slp|[from] move: Sleep Powder\n|cant|p2a: Kleavor|slp\n|\n|upkeep\n|turn|6\n|\n|t:|1733894581\n|switch|p1a: Typhlosion|Typhlosion, L84, F|267/267\n|switch|p2a: Palafin|Palafin, L77, F|281/281\n|\n|upkeep\n|turn|7\n|\n|t:|1733894591\n|switch|p1a: Meganium|Meganium, L90, M|263/290\n|move|p2a: Palafin|Flip Turn|p1a: Meganium\n|-resisted|p1a: Meganium\n|-damage|p1a: Meganium|235/290\n|\n|t:|1733894627\n|detailschange|p2a: Palafin|Palafin-Hero, L77, F\n|switch|p2a: Amoonguss|Amoonguss, L82, F|154/321|[from] Flip Turn\n|\n|-heal|p2a: Amoonguss|174/321|[from] item: Leftovers\n|upkeep\n|turn|8\n|\n|t:|1733894658\n|switch|p1a: Noctowl|Noctowl, L95, M|278/344 slp\n|move|p2a: Amoonguss|Sludge Bomb|p1a: Noctowl\n|-damage|p1a: Noctowl|211/344 slp\n|\n|-heal|p2a: Amoonguss|194/321|[from] item: Leftovers\n|upkeep\n|turn|9\n|\n|t:|1733894675\n|switch|p2a: Palafin|Palafin-Hero, L77, F|281/281\n|-activate|p2a: Palafin|ability: Zero to Hero\n|cant|p1a: Noctowl|slp\n|\n|upkeep\n|turn|10\n|\n|t:|1733894695\n|switch|p1a: Meganium|Meganium, L90, M|235/290\n|move|p2a: Palafin|Jet Punch|p1a: Meganium\n|-resisted|p1a: Meganium\n|-damage|p1a: Meganium|188/290\n|\n|upkeep\n|turn|11\n|\n|t:|1733894704\n|switch|p2a: Amoonguss|Amoonguss, L82, F|301/321\n|move|p1a: Meganium|Swords Dance|p1a: Meganium\n|-boost|p1a: Meganium|atk|2\n|\n|-heal|p2a: Amoonguss|321/321|[from] item: Leftovers\n|upkeep\n|turn|12\n|\n|t:|1733894724\n|switch|p1a: Venomoth|Venomoth, L84, F|255/255\n|move|p2a: Amoonguss|Sludge Bomb|p1a: Venomoth\n|-resisted|p1a: Venomoth\n|-damage|p1a: Venomoth|207/255\n|\n|upkeep\n|turn|13\n|\n|t:|1733894730\n|move|p1a: Venomoth|Bug Buzz|p2a: Amoonguss\n|-damage|p2a: Amoonguss|215/321\n|move|p2a: Amoonguss|Spore|p1a: Venomoth\n|-message|Sleep Clause Mod activated.\n|-hint|Sleep Clause Mod prevents players from putting more than one of their opponent's Pok\u00e9mon to sleep at a time\n|\n|-heal|p2a: Amoonguss|235/321|[from] item: Leftovers\n|upkeep\n|turn|14\n|\n|t:|1733894753\n|switch|p2a: Palafin|Palafin-Hero, L77, F|281/281\n|move|p1a: Venomoth|Sludge Wave|p2a: Palafin\n|-damage|p2a: Palafin|178/281\n|\n|upkeep\n|turn|15\n|\n|t:|1733894768\n|switch|p1a: Meganium|Meganium, L90, M|188/290\n|move|p2a: Palafin|Close Combat|p1a: Meganium\n|-crit|p1a: Meganium\n|-damage|p1a: Meganium|0 fnt\n|-unboost|p2a: Palafin|def|1\n|-unboost|p2a: Palafin|spd|1\n|faint|p1a: Meganium\n|\n|upkeep\n|\n|t:|1733894780\n|switch|p1a: Electivire|Electivire, L84, M|263/263\n|turn|16\n|\n|t:|1733894788\n|move|p1a: Electivire|Supercell Slam|p2a: Palafin\n|-supereffective|p2a: Palafin\n|-damage|p2a: Palafin|0 fnt\n|faint|p2a: Palafin\n|-damage|p1a: Electivire|237/263|[from] item: Life Orb\n|\n|upkeep\n|\n|t:|1733894791\n|switch|p2a: Groudon|Groudon, L72|263/263\n|-weather|SunnyDay|[from] ability: Drought|[of] p2a: Groudon\n|turn|17\n|inactive|Battle timer is ON: inactive players will automatically lose when time's up. (requested by Maine mega)\n|\n|t:|1733894817\n|-terastallize|p1a: Electivire|Ground\n|move|p1a: Electivire|Ice Punch|p2a: Groudon\n|-supereffective|p2a: Groudon\n|-damage|p2a: Groudon|123/263\n|-damage|p1a: Electivire|211/263|[from] item: Life Orb\n|move|p2a: Groudon|Heat Crash|p1a: Electivire\n|-damage|p1a: Electivire|63/263\n|\n|-weather|SunnyDay|[upkeep]\n|-heal|p2a: Groudon|139/263|[from] item: Leftovers\n|upkeep\n|turn|18\n|\n|t:|1733894842\n|-terastallize|p2a: Groudon|Fire\n|move|p1a: Electivire|Earthquake|p2a: Groudon\n|-supereffective|p2a: Groudon\n|-damage|p2a: Groudon|0 fnt\n|faint|p2a: Groudon\n|-damage|p1a: Electivire|37/263|[from] item: Life Orb\n|\n|-weather|SunnyDay|[upkeep]\n|upkeep\n|\n|t:|1733894849\n|switch|p2a: Mismagius|Mismagius, L86, M|243/243\n|turn|19\n|\n|t:|1733894865\n|switch|p1a: Noctowl|Noctowl, L95, M|211/344 slp\n|move|p2a: Mismagius|Tera Blast|p1a: Noctowl\n|-damage|p1a: Noctowl|156/344 slp\n|\n|-weather|SunnyDay|[upkeep]\n|upkeep\n|turn|20\n|\n|t:|1733894871\n|move|p2a: Mismagius|Substitute|p2a: Mismagius\n|-start|p2a: Mismagius|Substitute\n|-damage|p2a: Mismagius|183/243\n|cant|p1a: Noctowl|slp\n|\n|-weather|SunnyDay|[upkeep]\n|-heal|p2a: Mismagius|198/243|[from] item: Leftovers\n|upkeep\n|turn|21\n|\n|t:|1733894881\n|move|p2a: Mismagius|Nasty Plot|p2a: Mismagius\n|-boost|p2a: Mismagius|spa|2\n|-curestatus|p1a: Noctowl|slp|[msg]\n|move|p1a: Noctowl|Roost|p1a: Noctowl\n|-heal|p1a: Noctowl|328/344\n|-singleturn|p1a: Noctowl|move: Roost\n|\n|-weather|none\n|-heal|p2a: Mismagius|213/243|[from] item: Leftovers\n|upkeep\n|turn|22\n|\n|t:|1733894892\n|move|p2a: Mismagius|Tera Blast|p1a: Noctowl\n|-damage|p1a: Noctowl|232/344\n|move|p1a: Noctowl|Calm Mind|p1a: Noctowl\n|-boost|p1a: Noctowl|spa|1\n|-boost|p1a: Noctowl|spd|1\n|\n|-heal|p2a: Mismagius|228/243|[from] item: Leftovers\n|upkeep\n|turn|23\n|\n|t:|1733894909\n|move|p2a: Mismagius|Nasty Plot|p2a: Mismagius\n|-boost|p2a: Mismagius|spa|2\n|move|p1a: Noctowl|Calm Mind|p1a: Noctowl\n|-boost|p1a: Noctowl|spa|1\n|-boost|p1a: Noctowl|spd|1\n|\n|-heal|p2a: Mismagius|243/243|[from] item: Leftovers\n|upkeep\n|turn|24\n|\n|t:|1733894918\n|move|p2a: Mismagius|Nasty Plot|p2a: Mismagius\n|-boost|p2a: Mismagius|spa|2\n|move|p1a: Noctowl|Roost|p1a: Noctowl\n|-heal|p1a: Noctowl|344/344\n|-singleturn|p1a: Noctowl|move: Roost\n|\n|upkeep\n|turn|25\n|\n|t:|1733894929\n|move|p2a: Mismagius|Substitute|p2a: Mismagius\n|-fail|p2a: Mismagius|move: Substitute\n|move|p1a: Noctowl|Calm Mind|p1a: Noctowl\n|-boost|p1a: Noctowl|spa|1\n|-boost|p1a: Noctowl|spd|1\n|\n|upkeep\n|turn|26\n|\n|t:|1733894940\n|move|p2a: Mismagius|Tera Blast|p1a: Noctowl\n|-damage|p1a: Noctowl|253/344\n|move|p1a: Noctowl|Calm Mind|p1a: Noctowl\n|-boost|p1a: Noctowl|spa|1\n|-boost|p1a: Noctowl|spd|1\n|\n|upkeep\n|turn|27\n|\n|t:|1733894954\n|move|p2a: Mismagius|Tera Blast|p1a: Noctowl\n|-damage|p1a: Noctowl|186/344\n|move|p1a: Noctowl|Calm Mind|p1a: Noctowl\n|-boost|p1a: Noctowl|spa|1\n|-boost|p1a: Noctowl|spd|1\n|\n|upkeep\n|turn|28\n|\n|t:|1733894960\n|move|p2a: Mismagius|Tera Blast|p1a: Noctowl\n|-damage|p1a: Noctowl|130/344\n|move|p1a: Noctowl|Roost|p1a: Noctowl\n|-heal|p1a: Noctowl|302/344\n|-singleturn|p1a: Noctowl|move: Roost\n|\n|upkeep\n|turn|29\n|\n|t:|1733894974\n|move|p2a: Mismagius|Tera Blast|p1a: Noctowl\n|-damage|p1a: Noctowl|246/344\n|move|p1a: Noctowl|Calm Mind|p1a: Noctowl\n|-boost|p1a: Noctowl|spa|1\n|-boost|p1a: Noctowl|spd|1\n|\n|upkeep\n|turn|30\n|\n|t:|1733895003\n|move|p2a: Mismagius|Tera Blast|p1a: Noctowl\n|-damage|p1a: Noctowl|196/344\n|move|p1a: Noctowl|Roost|p1a: Noctowl\n|-heal|p1a: Noctowl|344/344\n|-singleturn|p1a: Noctowl|move: Roost\n|\n|upkeep\n|turn|31\n|\n|t:|1733895011\n|move|p2a: Mismagius|Tera Blast|p1a: Noctowl\n|-damage|p1a: Noctowl|294/344\n|move|p1a: Noctowl|Hyper Voice|p2a: Mismagius\n|-immune|p2a: Mismagius\n|\n|upkeep\n|turn|32\n|\n|t:|1733895027\n|move|p2a: Mismagius|Tera Blast|p1a: Noctowl\n|-damage|p1a: Noctowl|237/344\n|move|p1a: Noctowl|Hurricane|p2a: Mismagius|[miss]\n|-miss|p1a: Noctowl|p2a: Mismagius\n|\n|upkeep\n|turn|33\n|\n|t:|1733895033\n|move|p2a: Mismagius|Tera Blast|p1a: Noctowl\n|-damage|p1a: Noctowl|180/344\n|move|p1a: Noctowl|Roost|p1a: Noctowl\n|-heal|p1a: Noctowl|344/344\n|-singleturn|p1a: Noctowl|move: Roost\n|\n|upkeep\n|turn|34\n|inactive|Maine mega has 120 seconds left.\n|c|\u2606nani mila|???\n|\n|t:|1733895088\n|move|p2a: Mismagius|Tera Blast|p1a: Noctowl\n|-damage|p1a: Noctowl|295/344\n|move|p1a: Noctowl|Hurricane|p2a: Mismagius\n|-end|p2a: Mismagius|Substitute\n|\n|upkeep\n|turn|35\n|\n|t:|1733895106\n|move|p2a: Mismagius|Tera Blast|p1a: Noctowl\n|-damage|p1a: Noctowl|244/344\n|move|p1a: Noctowl|Hurricane|p2a: Mismagius|[miss]\n|-miss|p1a: Noctowl|p2a: Mismagius\n|\n|upkeep\n|turn|36\n|\n|t:|1733895113\n|move|p2a: Mismagius|Tera Blast|p1a: Noctowl\n|-damage|p1a: Noctowl|192/344\n|move|p1a: Noctowl|Hurricane|p2a: Mismagius\n|-damage|p2a: Mismagius|0 fnt\n|faint|p2a: Mismagius\n|\n|upkeep\n|-message|Maine mega forfeited.\n|\n|win|nani mila\n|raw|nani mila's rating: 1258 &rarr; <strong>1284</strong><br />(+26 for winning)\n|raw|Maine mega's rating: 1273 &rarr; <strong>1247</strong><br />(-26 for losing)\n|l|\u2606Maine mega\n|player|p2|\n", "inputlog": ">version bfd83cad13791eb5a5a409923076391caf6fb4d4\n>start {\"formatid\":\"gen9randombattle\",\"seed\":[19823,8372,4064,27437],\"rated\":\"Rated battle\"}\n>player p1 {\"name\":\"nani mila\",\"avatar\":\"teammagmagruntf-gen3\",\"rating\":1258,\"seed\":[37105,53084,28258,41516]}\n>player p2 {\"name\":\"Maine mega\",\"avatar\":\"2\",\"rating\":1273,\"seed\":[15492,19109,47477,24609]}\n>p1 switch 4\n>p2 move gigadrain\n>p1 switch 2\n>p2 move sludgebomb\n>p1 move hurricane\n>p2 move spore\n>p1 switch 3\n>p2 switch 3\n>p1 move sleeppowder\n>p2 move stoneaxe\n>p1 switch 5\n>p2 switch 4\n>p1 switch 2\n>p2 move flipturn\n>p2 switch 3\n>p1 switch 3\n>p2 move sludgebomb\n>p1 move roost\n>p2 switch 3\n>p1 switch 3\n>p2 move jetpunch\n>p1 move swordsdance\n>p2 switch 3\n>p1 switch 5\n>p2 move sludgebomb\n>p1 move bugbuzz\n>p2 move spore\n>p1 move sludgewave\n>p2 switch 3\n>p1 switch 5\n>p2 move closecombat\n>p1 switch 6\n>p1 move supercellslam\n>p2 move closecombat\n>p2 switch 2\n>p1 move icepunch terastallize\n>p2 move heatcrash\n>p1 move earthquake\n>p2 move heatcrash terastallize\n>p2 switch 5\n>p1 switch 3\n>p2 move terablast\n>p1 move roost\n>p2 move substitute\n>p1 move roost\n>p2 move nastyplot\n>p1 move calmmind\n>p2 move terablast\n>p1 move calmmind\n>p2 move nastyplot\n>p1 move roost\n>p2 move nastyplot\n>p1 move calmmind\n>p2 move substitute\n>p1 move calmmind\n>p2 move terablast\n>p1 move calmmind\n>p2 move terablast\n>p1 move roost\n>p2 move terablast\n>p1 move calmmind\n>p2 move terablast\n>p1 move roost\n>p2 move terablast\n>p1 move hypervoice\n>p2 move terablast\n>p1 move hurricane\n>p2 move terablast\n>p1 move roost\n>p2 move terablast\n>chat \u2606nani mila|???\n>p1 move hurricane\n>p2 move terablast\n>p1 move hurricane\n>p2 move terablast\n>p1 move hurricane\n>p2 move terablast\n>forcelose p2", "uploadtime": 1733895141, "views": 1, "formatid": "gen9randombattle", "rating": 1247, "private": 0, "password": null}