{"id": "gen9randombattle-2048095038", "format": "[Gen 9] Random Battle", "players": ["chemcoop", "pokeblade\u2606101"], "log": "|j|\u2606chemcoop\n|j|\u2606pokeblade\u2606101\n|t:|1706664563\n|gametype|singles\n|player|p1|chemcoop|#chemcoop|2255\n|player|p2|pokeblade\u2606101|#rbtt7teamchiyu|2400\n|teamsize|p1|6\n|teamsize|p2|6\n|gen|9\n|tier|[Gen 9] Random Battle\n|rated|\n|rule|Species Clause: Limit one of each Pok\u00e9mon\n|rule|HP Percentage Mod: HP is shown in percentages\n|rule|Sleep Clause Mod: Limit one foe put to sleep\n|rule|Illusion Level Mod: Illusion disguises the Pok\u00e9mon's true level\n|\n|t:|1706664563\n|start\n|switch|p1a: Samurott|Samurott-Hisui, L77, F|265/265\n|switch|p2a: Gurdurr|Gurdurr, L85, F|283/283\n|turn|1\n|\n|t:|1706664581\n|switch|p1a: Cramorant|Cramorant, L86, M|261/261\n|move|p2a: Gurdurr|Knock Off|p1a: Cramorant\n|-damage|p1a: Cramorant|166/261\n|-enditem|p1a: Cramorant|Heavy-Duty Boots|[from] move: Knock Off|[of] p2a: Gurdurr\n|\n|upkeep\n|turn|2\n|j| sudowoodashoota\n|\n|t:|1706664590\n|switch|p2a: Vaporeon|Vaporeon, L85, F|360/360\n|move|p1a: Cramorant|Surf|p2a: Vaporeon\n|-immune|p2a: Vaporeon|[from] ability: Water Absorb\n|\n|upkeep\n|turn|3\n|\n|t:|1706664615\n|switch|p1a: Samurott|Samurott-Hisui, L77, F|265/265\n|move|p2a: Vaporeon|Scald|p1a: Samurott\n|-resisted|p1a: Samurott\n|-crit|p1a: Samurott\n|-damage|p1a: Samurott|174/265\n|\n|upkeep\n|turn|4\n|\n|t:|1706664625\n|switch|p2a: Gurdurr|Gurdurr, L85, F|283/283\n|move|p1a: Samurott|Ceaseless Edge|p2a: Gurdurr\n|-resisted|p2a: Gurdurr\n|-damage|p2a: Gurdurr|234/283\n|-sidestart|p2: pokeblade\u2606101|Spikes\n|\n|upkeep\n|turn|5\n|\n|t:|1706664638\n|switch|p1a: Cramorant|Cramorant, L86, M|166/261\n|move|p2a: Gurdurr|Defog|p1a: Cramorant\n|-unboost|p1a: Cramorant|evasion|1\n|-sideend|p2: pokeblade\u2606101|Spikes|[from] move: Defog|[of] p2a: Gurdurr\n|\n|upkeep\n|turn|6\n|\n|t:|1706664644\n|move|p1a: Cramorant|Roost|p1a: Cramorant\n|-heal|p1a: Cramorant|261/261\n|-singleturn|p1a: Cramorant|move: Roost\n|move|p2a: Gurdurr|Drain Punch|p1a: Cramorant\n|-damage|p1a: Cramorant|137/261\n|-heal|p2a: Gurdurr|283/283|[from] drain|[of] p1a: Cramorant\n|\n|upkeep\n|turn|7\n|\n|t:|1706664647\n|switch|p2a: Vaporeon|Vaporeon, L85, F|360/360\n|move|p1a: Cramorant|Roost|p1a: Cramorant\n|-heal|p1a: Cramorant|261/261\n|-singleturn|p1a: Cramorant|move: Roost\n|\n|upkeep\n|turn|8\n|j| foierzoig\n|\n|t:|1706664655\n|move|p1a: Cramorant|Brave Bird|p2a: Vaporeon\n|-damage|p2a: Vaporeon|191/360\n|-damage|p1a: Cramorant|205/261|[from] Recoil\n|move|p2a: Vaporeon|Wish|p2a: Vaporeon\n|\n|-heal|p2a: Vaporeon|213/360|[from] item: Leftovers\n|upkeep\n|turn|9\n|\n|t:|1706664660\n|switch|p1a: Samurott|Samurott-Hisui, L77, F|174/265\n|move|p2a: Vaporeon|Scald|p1a: Samurott\n|-resisted|p1a: Samurott\n|-damage|p1a: Samurott|113/265\n|\n|-heal|p2a: Vaporeon|360/360|[from] move: Wish|[wisher] Vaporeon\n|upkeep\n|turn|10\n|\n|t:|1706664664\n|move|p2a: Vaporeon|Protect|p2a: Vaporeon\n|-singleturn|p2a: Vaporeon|Protect\n|move|p1a: Samurott|Ceaseless Edge|p2a: Vaporeon\n|-activate|p2a: Vaporeon|move: Protect\n|\n|upkeep\n|turn|11\n|\n|t:|1706664669\n|switch|p2a: Gurdurr|Gurdurr, L85, F|283/283\n|move|p1a: Samurott|Ceaseless Edge|p2a: Gurdurr\n|-resisted|p2a: Gurdurr\n|-damage|p2a: Gurdurr|233/283\n|-sidestart|p2: pokeblade\u2606101|Spikes\n|\n|upkeep\n|turn|12\n|\n|t:|1706664675\n|switch|p1a: Honchkrow|Honchkrow, L86, F|312/312\n|move|p2a: Gurdurr|Defog|p1a: Honchkrow\n|-unboost|p1a: Honchkrow|evasion|1\n|-sideend|p2: pokeblade\u2606101|Spikes|[from] move: Defog|[of] p2a: Gurdurr\n|\n|upkeep\n|turn|13\n|j| Shaky3\n|\n|t:|1706664680\n|switch|p2a: Stonjourner|Stonjourner, L91, M|330/330\n|move|p1a: Honchkrow|U-turn|p2a: Stonjourner\n|-damage|p2a: Stonjourner|290/330\n|\n|t:|1706664699\n|switch|p1a: Cramorant|Cramorant, L86, M|205/261|[from] U-turn\n|\n|upkeep\n|turn|14\n|\n|t:|1706664704\n|switch|p1a: Samurott|Samurott-Hisui, L77, F|113/265\n|switch|p2a: Vaporeon|Vaporeon, L85, F|360/360\n|\n|upkeep\n|turn|15\n|\n|t:|1706664709\n|move|p2a: Vaporeon|Protect|p2a: Vaporeon\n|-singleturn|p2a: Vaporeon|Protect\n|move|p1a: Samurott|Ceaseless Edge|p2a: Vaporeon\n|-activate|p2a: Vaporeon|move: Protect\n|\n|upkeep\n|turn|16\n|\n|t:|1706664715\n|switch|p2a: Gurdurr|Gurdurr, L85, F|233/283\n|move|p1a: Samurott|Ceaseless Edge|p2a: Gurdurr\n|-resisted|p2a: Gurdurr\n|-damage|p2a: Gurdurr|188/283\n|-sidestart|p2: pokeblade\u2606101|Spikes\n|\n|upkeep\n|turn|17\n|\n|t:|1706664721\n|switch|p1a: Honchkrow|Honchkrow, L86, F|312/312\n|move|p2a: Gurdurr|Defog|p1a: Honchkrow\n|-unboost|p1a: Honchkrow|evasion|1\n|-sideend|p2: pokeblade\u2606101|Spikes|[from] move: Defog|[of] p2a: Gurdurr\n|\n|upkeep\n|turn|18\n|\n|t:|1706664726\n|switch|p2a: Stonjourner|Stonjourner, L91, M|290/330\n|move|p1a: Honchkrow|U-turn|p2a: Stonjourner\n|-damage|p2a: Stonjourner|250/330\n|\n|t:|1706664728\n|switch|p1a: Slither Wing|Slither Wing, L82|274/274|[from] U-turn\n|\n|upkeep\n|turn|19\n|\n|t:|1706664733\n|switch|p2a: Arbok|Arbok, L87, M|246/246\n|-ability|p2a: Arbok|Intimidate|boost\n|-unboost|p1a: Slither Wing|atk|1\n|move|p1a: Slither Wing|Close Combat|p2a: Arbok\n|-resisted|p2a: Arbok\n|-damage|p2a: Arbok|152/246\n|-unboost|p1a: Slither Wing|def|1\n|-unboost|p1a: Slither Wing|spd|1\n|\n|upkeep\n|turn|20\n|\n|t:|1706664749\n|-end|p1a: Slither Wing|Protosynthesis|[silent]\n|switch|p1a: Samurott|Samurott-Hisui, L77, F|113/265\n|move|p2a: Arbok|Toxic Spikes|p1a: Samurott\n|-sidestart|p1: chemcoop|move: Toxic Spikes\n|\n|upkeep\n|turn|21\n|\n|t:|1706664757\n|switch|p2a: Weavile|Weavile, L79, M|240/240\n|move|p1a: Samurott|Ceaseless Edge|p2a: Weavile\n|-resisted|p2a: Weavile\n|-damage|p2a: Weavile|145/240\n|-sidestart|p2: pokeblade\u2606101|Spikes\n|\n|upkeep\n|turn|22\n|\n|t:|1706664763\n|move|p2a: Weavile|Swords Dance|p2a: Weavile\n|-boost|p2a: Weavile|atk|2\n|move|p1a: Samurott|Ceaseless Edge|p2a: Weavile\n|-resisted|p2a: Weavile\n|-damage|p2a: Weavile|49/240\n|-sidestart|p2: pokeblade\u2606101|Spikes\n|\n|upkeep\n|turn|23\n|\n|t:|1706664768\n|move|p2a: Weavile|Knock Off|p1a: Samurott\n|-resisted|p1a: Samurott\n|-damage|p1a: Samurott|0 fnt\n|-enditem|p1a: Samurott|Choice Band|[from] move: Knock Off|[of] p2a: Weavile\n|faint|p1a: Samurott\n|\n|upkeep\n|\n|t:|1706664772\n|switch|p1a: Delphox|Delphox, L84, F|263/263\n|-status|p1a: Delphox|psn\n|turn|24\n|\n|t:|1706664776\n|switch|p2a: Vaporeon|Vaporeon, L85, F|360/360\n|-damage|p2a: Vaporeon|300/360|[from] Spikes\n|move|p1a: Delphox|Grass Knot|p2a: Vaporeon\n|-supereffective|p2a: Vaporeon\n|-damage|p2a: Vaporeon|200/360\n|\n|-heal|p2a: Vaporeon|222/360|[from] item: Leftovers\n|-damage|p1a: Delphox|231/263 psn|[from] psn\n|upkeep\n|turn|25\n|\n|t:|1706664787\n|switch|p1a: Cramorant|Cramorant, L86, M|205/261\n|move|p2a: Vaporeon|Wish|p2a: Vaporeon\n|\n|-heal|p2a: Vaporeon|244/360|[from] item: Leftovers\n|upkeep\n|turn|26\n|\n|t:|1706664793\n|move|p1a: Cramorant|Brave Bird|p2a: Vaporeon\n|-damage|p2a: Vaporeon|94/360\n|-damage|p1a: Cramorant|155/261|[from] Recoil\n|move|p2a: Vaporeon|Calm Mind|p2a: Vaporeon\n|-boost|p2a: Vaporeon|spa|1\n|-boost|p2a: Vaporeon|spd|1\n|\n|-heal|p2a: Vaporeon|274/360|[from] move: Wish|[wisher] Vaporeon\n|-heal|p2a: Vaporeon|296/360|[from] item: Leftovers\n|upkeep\n|turn|27\n|\n|t:|1706664799\n|move|p1a: Cramorant|Defog|p2a: Vaporeon\n|-unboost|p2a: Vaporeon|evasion|1\n|-sideend|p2: pokeblade\u2606101|Spikes|[from] move: Defog|[of] p1a: Cramorant\n|-sideend|p1: chemcoop|Toxic Spikes|[from] move: Defog|[of] p1a: Cramorant\n|move|p2a: Vaporeon|Wish|p2a: Vaporeon\n|\n|-heal|p2a: Vaporeon|318/360|[from] item: Leftovers\n|upkeep\n|turn|28\n|\n|t:|1706664803\n|move|p1a: Cramorant|Brave Bird|p2a: Vaporeon\n|-damage|p2a: Vaporeon|164/360\n|-damage|p1a: Cramorant|104/261|[from] Recoil\n|move|p2a: Vaporeon|Scald|p1a: Cramorant\n|-resisted|p1a: Cramorant\n|-crit|p1a: Cramorant\n|-damage|p1a: Cramorant|0 fnt\n|faint|p1a: Cramorant\n|\n|-heal|p2a: Vaporeon|344/360|[from] move: Wish|[wisher] Vaporeon\n|-heal|p2a: Vaporeon|360/360|[from] item: Leftovers\n|upkeep\n|\n|t:|1706664804\n|switch|p1a: Gogoat|Gogoat, L88, M|360/360\n|turn|29\n|\n|t:|1706664826\n|switch|p2a: Frosmoth|Frosmoth, L83, M|252/252\n|move|p1a: Gogoat|Bulk Up|p1a: Gogoat\n|-boost|p1a: Gogoat|atk|1\n|-boost|p1a: Gogoat|def|1\n|\n|upkeep\n|turn|30\n|\n|t:|1706664832\n|switch|p1a: Slither Wing|Slither Wing, L82|274/274\n|move|p2a: Frosmoth|Ice Beam|p1a: Slither Wing\n|-damage|p1a: Slither Wing|180/274\n|-status|p1a: Slither Wing|frz\n|\n|upkeep\n|turn|31\n|\n|t:|1706664841\n|switch|p2a: Arbok|Arbok, L87, M|152/246\n|-ability|p2a: Arbok|Intimidate|boost\n|-unboost|p1a: Slither Wing|atk|1\n|-curestatus|p1a: Slither Wing|frz|[msg]\n|move|p1a: Slither Wing|Close Combat|p2a: Arbok\n|-resisted|p2a: Arbok\n|-damage|p2a: Arbok|68/246\n|-unboost|p1a: Slither Wing|def|1\n|-unboost|p1a: Slither Wing|spd|1\n|\n|upkeep\n|turn|32\n|\n|t:|1706664851\n|-end|p1a: Slither Wing|Protosynthesis|[silent]\n|switch|p1a: Delphox|Delphox, L84, F|231/263 psn\n|move|p2a: Arbok|Toxic Spikes|p1a: Delphox\n|-sidestart|p1: chemcoop|move: Toxic Spikes\n|\n|-damage|p1a: Delphox|199/263 psn|[from] psn\n|upkeep\n|turn|33\n|\n|t:|1706664868\n|switch|p2a: Gurdurr|Gurdurr, L85, F|188/283\n|move|p1a: Delphox|Fire Blast|p2a: Gurdurr\n|-damage|p2a: Gurdurr|61/283\n|\n|-damage|p1a: Delphox|167/263 psn|[from] psn\n|upkeep\n|turn|34\n|\n|t:|1706664875\n|switch|p1a: Gogoat|Gogoat, L88, M|360/360\n|-status|p1a: Gogoat|psn\n|move|p2a: Gurdurr|Mach Punch|p1a: Gogoat\n|-damage|p1a: Gogoat|303/360 psn\n|\n|-heal|p1a: Gogoat|325/360 psn|[from] item: Leftovers\n|-damage|p1a: Gogoat|280/360 psn|[from] psn\n|upkeep\n|turn|35\n|\n|t:|1706664883\n|switch|p2a: Frosmoth|Frosmoth, L83, M|252/252\n|move|p1a: Gogoat|Horn Leech|p2a: Frosmoth\n|-resisted|p2a: Frosmoth\n|-damage|p2a: Frosmoth|189/252\n|-heal|p1a: Gogoat|312/360 psn|[from] drain|[of] p2a: Frosmoth\n|\n|-heal|p1a: Gogoat|334/360 psn|[from] item: Leftovers\n|-damage|p1a: Gogoat|289/360 psn|[from] psn\n|upkeep\n|turn|36\n|\n|t:|1706664888\n|switch|p1a: Delphox|Delphox, L84, F|167/263 psn\n|move|p2a: Frosmoth|Hurricane|p1a: Delphox\n|-damage|p1a: Delphox|75/263 psn\n|\n|-damage|p1a: Delphox|43/263 psn|[from] psn\n|upkeep\n|turn|37\n|\n|t:|1706664898\n|switch|p2a: Gurdurr|Gurdurr, L85, F|61/283\n|move|p1a: Delphox|Fire Blast|p2a: Gurdurr\n|-damage|p2a: Gurdurr|0 fnt\n|faint|p2a: Gurdurr\n|\n|-damage|p1a: Delphox|11/263 psn|[from] psn\n|upkeep\n|\n|t:|1706664908\n|switch|p2a: Weavile|Weavile, L79, M|49/240\n|turn|38\n|\n|t:|1706664918\n|switch|p1a: Slither Wing|Slither Wing, L82|180/274\n|-status|p1a: Slither Wing|psn\n|move|p2a: Weavile|Ice Shard|p1a: Slither Wing\n|-damage|p1a: Slither Wing|132/274 psn\n|\n|-damage|p1a: Slither Wing|98/274 psn|[from] psn\n|upkeep\n|turn|39\n|\n|t:|1706664923\n|move|p2a: Weavile|Triple Axel|p1a: Slither Wing\n|-damage|p1a: Slither Wing|73/274 psn\n|-damage|p1a: Slither Wing|19/274 psn\n|-damage|p1a: Slither Wing|0 fnt\n|faint|p1a: Slither Wing\n|-end|p1a: Slither Wing|Protosynthesis|[silent]\n|-hitcount|p1: Slither Wing|3\n|\n|upkeep\n|\n|t:|1706664925\n|switch|p1a: Honchkrow|Honchkrow, L86, F|312/312\n|turn|40\n|\n|t:|1706664944\n|switch|p2a: Arbok|Arbok, L87, M|68/246\n|-ability|p2a: Arbok|Intimidate|boost\n|-unboost|p1a: Honchkrow|atk|1\n|-terastallize|p1a: Honchkrow|Dark\n|move|p1a: Honchkrow|Heat Wave|p2a: Arbok\n|-damage|p2a: Arbok|0 fnt\n|faint|p2a: Arbok\n|-ability|p1a: Honchkrow|Moxie|boost\n|-boost|p1a: Honchkrow|atk|1\n|\n|upkeep\n|\n|t:|1706664948\n|switch|p2a: Stonjourner|Stonjourner, L91, M|250/330\n|turn|41\n|\n|t:|1706664954\n|switch|p1a: Gogoat|Gogoat, L88, M|289/360 psn\n|move|p2a: Stonjourner|Heat Crash|p1a: Gogoat\n|-supereffective|p1a: Gogoat\n|-damage|p1a: Gogoat|0 fnt\n|faint|p1a: Gogoat\n|-damage|p2a: Stonjourner|217/330|[from] item: Life Orb\n|\n|upkeep\n|\n|t:|1706664956\n|switch|p1a: Delphox|Delphox, L84, F|11/263 psn\n|turn|42\n|\n|t:|1706664965\n|switch|p1a: Honchkrow|Honchkrow, L86, F, tera:Dark|312/312\n|switch|p2a: Frosmoth|Frosmoth, L83, M|189/252\n|\n|upkeep\n|turn|43\n|\n|t:|1706664981\n|move|p1a: Honchkrow|Brave Bird|p2a: Frosmoth\n|-supereffective|p2a: Frosmoth\n|-damage|p2a: Frosmoth|0 fnt\n|faint|p2a: Frosmoth\n|-ability|p1a: Honchkrow|Moxie|boost\n|-boost|p1a: Honchkrow|atk|1\n|-damage|p1a: Honchkrow|250/312|[from] Recoil\n|\n|upkeep\n|\n|t:|1706664993\n|switch|p2a: Stonjourner|Stonjourner, L91, M|217/330\n|turn|44\n|\n|t:|1706665002\n|move|p1a: Honchkrow|Sucker Punch|p2a: Stonjourner\n|-damage|p2a: Stonjourner|93/330\n|move|p2a: Stonjourner|Heat Crash|p1a: Honchkrow\n|-crit|p1a: Honchkrow\n|-damage|p1a: Honchkrow|0 fnt\n|faint|p1a: Honchkrow\n|-damage|p2a: Stonjourner|60/330|[from] item: Life Orb\n|\n|upkeep\n|\n|t:|1706665004\n|switch|p1a: Delphox|Delphox, L84, F|11/263 psn\n|turn|45\n|\n|t:|1706665008\n|move|p1a: Delphox|Psyshock|p2a: Stonjourner\n|-damage|p2a: Stonjourner|0 fnt\n|faint|p2a: Stonjourner\n|\n|-damage|p1a: Delphox|0 fnt|[from] psn\n|faint|p1a: Delphox\n|\n|win|pokeblade\u2606101\n|upkeep\n|raw|chemcoop's rating: 2255 &rarr; <strong>2243</strong><br />(-12 for losing)\n|raw|pokeblade\u2606101's rating: 2400 &rarr; <strong>2412</strong><br />(+12 for winning)\n", "inputlog": ">version 51ab69b80e10af9383edde933ca36e02e9e47e55\n>start {\"formatid\":\"gen9randombattle\",\"seed\":[27857,60357,42436,48733],\"rated\":\"Rated battle\"}\n>player p1 {\"name\":\"chemcoop\",\"avatar\":\"#chemcoop\",\"rating\":2255,\"seed\":[19921,65201,22739,7269]}\n>player p2 {\"name\":\"pokeblade\u2606101\",\"avatar\":\"#rbtt7teamchiyu\",\"rating\":2400,\"seed\":[46881,42674,33651,5266]}\n>p1 switch 3\n>p2 move knockoff\n>p1 move surf\n>p2 switch 2\n>p1 switch 3\n>p2 move scald\n>p1 move ceaselessedge\n>p2 switch 2\n>p1 switch 3\n>p2 move defog\n>p1 move roost\n>p2 move drainpunch\n>p1 move roost\n>p2 switch 2\n>p1 move bravebird\n>p2 move wish\n>p1 switch 3\n>p2 move scald\n>p1 move ceaselessedge\n>p2 move protect\n>p1 move ceaselessedge\n>p2 switch 2\n>p1 switch 2\n>p2 move defog\n>p1 move uturn\n>p2 switch 5\n>p1 switch 3\n>p1 switch 2\n>p2 switch 2\n>p1 move ceaselessedge\n>p2 move protect\n>p1 move ceaselessedge\n>p2 switch 5\n>p1 switch 3\n>p2 move defog\n>p1 move uturn\n>p2 switch 2\n>p1 switch 6\n>p1 move closecombat\n>p2 switch 3\n>p1 switch 3\n>p2 move toxicspikes\n>p1 move ceaselessedge\n>p2 switch 4\n>p1 move ceaselessedge\n>p2 move swordsdance\n>p1 move ceaselessedge\n>p2 move knockoff\n>p1 switch 4\n>p1 move grassknot\n>p2 switch 5\n>p1 switch 2\n>p2 move wish\n>p1 move bravebird\n>p2 move calmmind\n>p1 move defog\n>p2 move wish\n>p1 move bravebird\n>p2 move scald\n>p1 switch 5\n>p1 move bulkup\n>p2 switch 6\n>p1 switch 3\n>p2 move icebeam\n>p1 move closecombat\n>p2 switch 4\n>p1 switch 2\n>p2 move toxicspikes\n>p1 move fireblast\n>p2 switch 2\n>p1 switch 3\n>p2 move machpunch\n>p1 move hornleech\n>p2 switch 4\n>p1 switch 3\n>p2 move hurricane\n>p1 move fireblast\n>p2 switch 4\n>p2 switch 5\n>p1 switch 2\n>p2 move iceshard\n>p1 move wildcharge\n>p2 move tripleaxel\n>p1 switch 6\n>p1 move heatwave terastallize\n>p2 switch 2\n>p2 switch 3\n>p1 switch 3\n>p2 move heatcrash\n>p1 switch 2\n>p1 switch 3\n>p2 switch 4\n>p1 move bravebird\n>p2 move icebeam\n>p2 switch 4\n>p1 move suckerpunch\n>p2 move heatcrash\n>p1 switch 3\n>p1 move psyshock\n>p2 move heatcrash", "uploadtime": 1706665011, "views": 293, "formatid": "gen9randombattle", "rating": 2243, "private": 0, "password": null}