{"id": "gen9randombattle-2260462026", "format": "[Gen 9] Random Battle", "players": ["juuujuju", "QueinEsPisco"], "log": "|j|\u2606juuujuju\n|j|\u2606QueinEsPisco\n|t:|1733853943\n|gametype|singles\n|player|p1|juuujuju|2|1059\n|player|p2|QueinEsPisco|harlequin|1095\n|teamsize|p1|6\n|teamsize|p2|6\n|gen|9\n|tier|[Gen 9] Random Battle\n|rated|\n|rule|Species Clause: Limit one of each Pok\u00e9mon\n|rule|HP Percentage Mod: HP is shown in percentages\n|rule|Sleep Clause Mod: Limit one foe put to sleep\n|rule|Illusion Level Mod: Illusion disguises the Pok\u00e9mon's true level\n|\n|t:|1733853943\n|start\n|switch|p1a: Raichu|Raichu-Alola, L87, M|246/246\n|switch|p2a: Sneasler|Sneasler, L74, M|240/240\n|turn|1\n|\n|t:|1733853963\n|move|p1a: Raichu|Psyshock|p2a: Sneasler\n|-supereffective|p2a: Sneasler\n|-damage|p2a: Sneasler|0 fnt\n|faint|p2a: Sneasler\n|-damage|p1a: Raichu|222/246|[from] item: Life Orb\n|\n|upkeep\n|\n|t:|1733853974\n|switch|p2a: Vigoroth|Vigoroth, L85, M|275/275\n|turn|2\n|\n|t:|1733853983\n|move|p1a: Raichu|Psyshock|p2a: Vigoroth\n|-damage|p2a: Vigoroth|188/275\n|-damage|p1a: Raichu|198/246|[from] item: Life Orb\n|move|p2a: Vigoroth|Earthquake|p1a: Raichu\n|-supereffective|p1a: Raichu\n|-damage|p1a: Raichu|8/246\n|\n|upkeep\n|turn|3\n|\n|t:|1733854021\n|switch|p1a: Scrafty|Scrafty, L84, F|246/246\n|move|p2a: Vigoroth|Body Slam|p1a: Scrafty\n|-damage|p1a: Scrafty|183/246\n|-status|p1a: Scrafty|par\n|\n|-activate|p1a: Scrafty|ability: Shed Skin\n|-curestatus|p1a: Scrafty|par|[msg]\n|-heal|p1a: Scrafty|198/246|[from] item: Leftovers\n|upkeep\n|turn|4\n|\n|t:|1733854036\n|move|p2a: Vigoroth|Earthquake|p1a: Scrafty\n|-damage|p1a: Scrafty|144/246\n|move|p1a: Scrafty|Bulk Up|p1a: Scrafty\n|-boost|p1a: Scrafty|atk|1\n|-boost|p1a: Scrafty|def|1\n|\n|-heal|p1a: Scrafty|159/246|[from] item: Leftovers\n|upkeep\n|turn|5\n|\n|t:|1733854047\n|move|p2a: Vigoroth|Earthquake|p1a: Scrafty\n|-damage|p1a: Scrafty|126/246\n|move|p1a: Scrafty|Bulk Up|p1a: Scrafty\n|-boost|p1a: Scrafty|atk|1\n|-boost|p1a: Scrafty|def|1\n|\n|-heal|p1a: Scrafty|141/246|[from] item: Leftovers\n|upkeep\n|turn|6\n|\n|t:|1733854058\n|move|p2a: Vigoroth|Earthquake|p1a: Scrafty\n|-crit|p1a: Scrafty\n|-damage|p1a: Scrafty|69/246\n|move|p1a: Scrafty|Rest|p1a: Scrafty\n|-status|p1a: Scrafty|slp|[from] move: Rest\n|-heal|p1a: Scrafty|246/246 slp|[silent]\n|\n|upkeep\n|turn|7\n|\n|t:|1733854066\n|move|p2a: Vigoroth|Body Slam|p1a: Scrafty\n|-damage|p1a: Scrafty|210/246 slp\n|cant|p1a: Scrafty|slp\n|\n|-heal|p1a: Scrafty|225/246 slp|[from] item: Leftovers\n|upkeep\n|turn|8\n|\n|t:|1733854075\n|move|p2a: Vigoroth|Earthquake|p1a: Scrafty\n|-damage|p1a: Scrafty|199/246 slp\n|cant|p1a: Scrafty|slp\n|\n|-heal|p1a: Scrafty|214/246 slp|[from] item: Leftovers\n|upkeep\n|turn|9\n|\n|t:|1733854085\n|move|p2a: Vigoroth|Earthquake|p1a: Scrafty\n|-damage|p1a: Scrafty|188/246 slp\n|-curestatus|p1a: Scrafty|slp|[msg]\n|move|p1a: Scrafty|Drain Punch|p2a: Vigoroth\n|-supereffective|p2a: Vigoroth\n|-damage|p2a: Vigoroth|0 fnt\n|-heal|p1a: Scrafty|246/246|[from] drain|[of] p2a: Vigoroth\n|faint|p2a: Vigoroth\n|\n|upkeep\n|\n|t:|1733854089\n|switch|p2a: Talonflame|Talonflame, L83, F|265/265\n|turn|10\n|\n|t:|1733854103\n|move|p2a: Talonflame|Brave Bird|p1a: Scrafty\n|-supereffective|p1a: Scrafty\n|-damage|p1a: Scrafty|160/246\n|-damage|p2a: Talonflame|237/265|[from] Recoil\n|move|p1a: Scrafty|Drain Punch|p2a: Talonflame\n|-resisted|p2a: Talonflame\n|-damage|p2a: Talonflame|144/265\n|-heal|p1a: Scrafty|207/246|[from] drain|[of] p2a: Talonflame\n|-status|p1a: Scrafty|brn|[from] ability: Flame Body|[of] p2a: Talonflame\n|\n|-activate|p1a: Scrafty|ability: Shed Skin\n|-curestatus|p1a: Scrafty|brn|[msg]\n|-heal|p1a: Scrafty|222/246|[from] item: Leftovers\n|upkeep\n|turn|11\n|n|!QueinEsPisco|queinespisco\n|\n|t:|1733854127\n|move|p2a: Talonflame|Swords Dance|p2a: Talonflame\n|-boost|p2a: Talonflame|atk|2\n|move|p1a: Scrafty|Drain Punch|p2a: Talonflame\n|-resisted|p2a: Talonflame\n|-damage|p2a: Talonflame|51/265\n|-heal|p1a: Scrafty|246/246|[from] drain|[of] p2a: Talonflame\n|\n|upkeep\n|turn|12\n|\n|t:|1733854134\n|move|p2a: Talonflame|Brave Bird|p1a: Scrafty\n|-supereffective|p1a: Scrafty\n|-damage|p1a: Scrafty|52/246\n|-damage|p2a: Talonflame|0 fnt|[from] Recoil\n|faint|p2a: Talonflame\n|move|p1a: Scrafty|Drain Punch|p2: Talonflame|[notarget]\n|-fail|p1a: Scrafty\n|\n|-heal|p1a: Scrafty|67/246|[from] item: Leftovers\n|upkeep\n|\n|t:|1733854139\n|switch|p2a: Basculegion|Basculegion, L81, M|327/327\n|turn|13\n|\n|t:|1733854151\n|move|p2a: Basculegion|Wave Crash|p1a: Scrafty\n|-crit|p1a: Scrafty\n|-damage|p1a: Scrafty|0 fnt\n|faint|p1a: Scrafty\n|-damage|p2a: Basculegion|305/327|[from] Recoil\n|\n|upkeep\n|\n|t:|1733854158\n|switch|p1a: Raichu|Raichu-Alola, L87, M|8/246\n|turn|14\n|\n|t:|1733854162\n|move|p1a: Raichu|Thunderbolt|p2a: Basculegion\n|-supereffective|p2a: Basculegion\n|-damage|p2a: Basculegion|84/327\n|-damage|p1a: Raichu|0 fnt|[from] item: Life Orb\n|faint|p1a: Raichu\n|move|p2a: Basculegion|Flip Turn|p1: Raichu|[notarget]\n|-fail|p2a: Basculegion\n|\n|upkeep\n|\n|t:|1733854171\n|switch|p1a: Electrode|Electrode-Hisui, L87|246/246\n|turn|15\n|\n|t:|1733854178\n|move|p1a: Electrode|Leaf Storm|p2a: Basculegion|[miss]\n|-miss|p1a: Electrode|p2a: Basculegion\n|move|p2a: Basculegion|Shadow Ball|p1a: Electrode\n|-damage|p1a: Electrode|154/246\n|\n|upkeep\n|turn|16\n|\n|t:|1733854184\n|move|p1a: Electrode|Leaf Storm|p2a: Basculegion\n|-supereffective|p2a: Basculegion\n|-damage|p2a: Basculegion|0 fnt\n|-unboost|p1a: Electrode|spa|2\n|faint|p2a: Basculegion\n|-damage|p1a: Electrode|130/246|[from] item: Life Orb\n|\n|upkeep\n|\n|t:|1733854188\n|switch|p2a: Entei|Entei, L78|307/307\n|turn|17\n|\n|t:|1733854204\n|move|p1a: Electrode|Volt Switch|p2a: Entei\n|-damage|p2a: Entei|255/307\n|-damage|p1a: Electrode|106/246|[from] item: Life Orb\n|\n|t:|1733854212\n|switch|p1a: Qwilfish|Qwilfish, L86, F|252/252|[from] Volt Switch\n|-ability|p1a: Qwilfish|Intimidate|boost\n|-fail|p2a: Entei|unboost|Attack|[from] ability: Inner Focus|[of] p2a: Entei\n|move|p2a: Entei|Sacred Fire|p1a: Qwilfish\n|-resisted|p1a: Qwilfish\n|-damage|p1a: Qwilfish|173/252\n|\n|-heal|p1a: Qwilfish|188/252|[from] item: Leftovers\n|upkeep\n|turn|18\n|\n|t:|1733854227\n|switch|p2a: Darkrai|Darkrai, L77|234/234\n|move|p1a: Qwilfish|Waterfall|p2a: Darkrai\n|-damage|p2a: Darkrai|135/234\n|\n|-heal|p2a: Darkrai|149/234|[from] item: Leftovers\n|-heal|p1a: Qwilfish|203/252|[from] item: Leftovers\n|upkeep\n|turn|19\n|\n|t:|1733854253\n|move|p2a: Darkrai|Substitute|p2a: Darkrai\n|-start|p2a: Darkrai|Substitute\n|-damage|p2a: Darkrai|91/234\n|move|p1a: Qwilfish|Gunk Shot|p2a: Darkrai|[miss]\n|-miss|p1a: Qwilfish|p2a: Darkrai\n|\n|-heal|p2a: Darkrai|105/234|[from] item: Leftovers\n|-heal|p1a: Qwilfish|218/252|[from] item: Leftovers\n|upkeep\n|turn|20\n|\n|t:|1733854263\n|move|p2a: Darkrai|Dark Pulse|p1a: Qwilfish\n|-damage|p1a: Qwilfish|98/252\n|move|p1a: Qwilfish|Gunk Shot|p2a: Darkrai\n|-end|p2a: Darkrai|Substitute\n|\n|-heal|p2a: Darkrai|119/234|[from] item: Leftovers\n|-heal|p1a: Qwilfish|113/252|[from] item: Leftovers\n|upkeep\n|turn|21\n|\n|t:|1733854273\n|move|p2a: Darkrai|Dark Pulse|p1a: Qwilfish\n|-damage|p1a: Qwilfish|0 fnt\n|faint|p1a: Qwilfish\n|\n|-heal|p2a: Darkrai|133/234|[from] item: Leftovers\n|upkeep\n|\n|t:|1733854288\n|switch|p1a: Pecharunt|Pecharunt, L77|262/262\n|turn|22\n|\n|t:|1733854303\n|-terastallize|p1a: Pecharunt|Dark\n|move|p2a: Darkrai|Dark Pulse|p1a: Pecharunt\n|-resisted|p1a: Pecharunt\n|-damage|p1a: Pecharunt|216/262\n|move|p1a: Pecharunt|Shadow Ball|p2a: Darkrai\n|-resisted|p2a: Darkrai\n|-damage|p2a: Darkrai|100/234\n|\n|-heal|p2a: Darkrai|114/234|[from] item: Leftovers\n|upkeep\n|turn|23\n|\n|t:|1733854317\n|move|p2a: Darkrai|Sludge Bomb|p1a: Pecharunt\n|-damage|p1a: Pecharunt|140/262\n|move|p1a: Pecharunt|Parting Shot|p2a: Darkrai\n|-unboost|p2a: Darkrai|atk|1\n|-unboost|p2a: Darkrai|spa|1\n|\n|t:|1733854326\n|switch|p1a: Electrode|Electrode-Hisui, L87|106/246|[from] Parting Shot\n|\n|-heal|p2a: Darkrai|128/234|[from] item: Leftovers\n|upkeep\n|turn|24\n|\n|t:|1733854345\n|move|p1a: Electrode|Thunder Wave|p2a: Darkrai\n|-status|p2a: Darkrai|par\n|move|p2a: Darkrai|Sludge Bomb|p1a: Electrode\n|-supereffective|p1a: Electrode\n|-damage|p1a: Electrode|4/246\n|-status|p1a: Electrode|psn\n|\n|-heal|p2a: Darkrai|142/234 par|[from] item: Leftovers\n|-damage|p1a: Electrode|0 fnt|[from] psn\n|faint|p1a: Electrode\n|upkeep\n|\n|t:|1733854355\n|switch|p1a: Pecharunt|Pecharunt, L77, tera:Dark|140/262\n|turn|25\n|\n|t:|1733854363\n|move|p1a: Pecharunt|Recover|p1a: Pecharunt\n|-heal|p1a: Pecharunt|262/262\n|cant|p2a: Darkrai|par\n|\n|-heal|p2a: Darkrai|156/234 par|[from] item: Leftovers\n|upkeep\n|turn|26\n|\n|t:|1733854369\n|move|p1a: Pecharunt|Malignant Chain|p2a: Darkrai\n|-damage|p2a: Darkrai|72/234 par\n|cant|p2a: Darkrai|par\n|\n|-heal|p2a: Darkrai|86/234 par|[from] item: Leftovers\n|upkeep\n|turn|27\n|\n|t:|1733854378\n|move|p1a: Pecharunt|Malignant Chain|p2a: Darkrai\n|-damage|p2a: Darkrai|0 fnt\n|faint|p2a: Darkrai\n|\n|upkeep\n|\n|t:|1733854380\n|switch|p2a: Entei|Entei, L78|255/307\n|turn|28\n|\n|t:|1733854412\n|-terastallize|p2a: Entei|Normal\n|move|p2a: Entei|Flare Blitz|p1a: Pecharunt\n|-damage|p1a: Pecharunt|132/262\n|-damage|p2a: Entei|204/307|[from] item: Rocky Helmet|[of] p1a: Pecharunt\n|-damage|p2a: Entei|161/307|[from] Recoil\n|move|p1a: Pecharunt|Malignant Chain|p2a: Entei\n|-damage|p2a: Entei|68/307\n|\n|upkeep\n|turn|29\n|\n|t:|1733854428\n|move|p2a: Entei|Flare Blitz|p1a: Pecharunt\n|-damage|p1a: Pecharunt|2/262\n|-damage|p2a: Entei|17/307|[from] item: Rocky Helmet|[of] p1a: Pecharunt\n|-damage|p2a: Entei|0 fnt|[from] Recoil\n|faint|p2a: Entei\n|\n|win|juuujuju\n", "inputlog": ">version bfd83cad13791eb5a5a409923076391caf6fb4d4\n>start {\"formatid\":\"gen9randombattle\",\"seed\":[39205,25160,30805,28961],\"rated\":\"Rated battle\"}\n>player p1 {\"name\":\"juuujuju\",\"avatar\":\"2\",\"rating\":1059,\"seed\":[6514,22234,25655,46803]}\n>player p2 {\"name\":\"QueinEsPisco\",\"avatar\":\"harlequin\",\"rating\":1095,\"seed\":[46075,20019,13110,19179]}\n>p1 move psyshock\n>p2 move gunkshot\n>p2 switch 5\n>p1 move psyshock\n>p2 move earthquake\n>p1 switch 6\n>p2 move bodyslam\n>p1 move bulkup\n>p2 move earthquake\n>p1 move bulkup\n>p2 move earthquake\n>p1 move rest\n>p2 move earthquake\n>p1 move drainpunch\n>p2 move bodyslam\n>p1 move drainpunch\n>p2 move earthquake\n>p1 move drainpunch\n>p2 move earthquake\n>p2 switch 4\n>p1 move drainpunch\n>p2 move bravebird\n>chat \u2606QueinEsPisco|juju you mad pussy\n>p1 move drainpunch\n>p2 move swordsdance\n>p1 move drainpunch\n>p2 move bravebird\n>p2 switch 2\n>p1 move rest\n>p2 move wavecrash\n>p1 switch 6\n>p1 move thunderbolt\n>p2 move flipturn\n>p1 switch 4\n>p1 move leafstorm\n>p2 move shadowball\n>p1 move leafstorm\n>p2 move shadowball\n>p2 switch 3\n>p1 move voltswitch\n>p2 move sacredfire\n>p1 switch 2\n>p1 move waterfall\n>p2 switch 6\n>p1 move gunkshot\n>p2 move substitute\n>p1 move gunkshot\n>p2 move darkpulse\n>p1 move gunkshot\n>p2 move darkpulse\n>p1 switch 3\n>p1 move shadowball terastallize\n>p2 move darkpulse\n>p1 move partingshot\n>p2 move sludgebomb\n>p1 switch 2\n>p1 move thunderwave\n>p2 move sludgebomb\n>p1 switch 2\n>p1 move recover\n>p2 move sludgebomb\n>p1 move malignantchain\n>p2 move sludgebomb\n>p1 move malignantchain\n>p2 move sludgebomb\n>p2 switch 6\n>p1 move malignantchain\n>p2 move flareblitz terastallize\n>p1 move recover\n>p2 move flareblitz", "uploadtime": 1733854109, "views": 1, "formatid": "gen9randombattle", "rating": null, "private": 0, "password": null}