{"id": "gen9randombattle-2259916623", "format": "[Gen 9] Random Battle", "players": ["Girlhero", "lucifer_summons"], "log": "|j|\u2606Girlhero\n|j|\u2606lucifer_summons\n|t:|1733779673\n|gametype|singles\n|player|p1|Girlhero|iris|1836\n|player|p2|lucifer_summons|ariana|1840\n|teamsize|p1|6\n|teamsize|p2|6\n|gen|9\n|tier|[Gen 9] Random Battle\n|rated|\n|rule|Species Clause: Limit one of each Pok\u00e9mon\n|rule|HP Percentage Mod: HP is shown in percentages\n|rule|Sleep Clause Mod: Limit one foe put to sleep\n|rule|Illusion Level Mod: Illusion disguises the Pok\u00e9mon's true level\n|\n|t:|1733779673\n|start\n|switch|p1a: Cacturne|Cacturne, L92, M|278/278\n|switch|p2a: Vaporeon|Vaporeon, L86, M|364/364\n|turn|1\n|inactive|Battle timer is ON: inactive players will automatically lose when time's up. (requested by lucifer_summons)\n|\n|t:|1733779693\n|switch|p2a: Sneasler|Sneasler, L74, F|240/240\n|move|p1a: Cacturne|Knock Off|p2a: Sneasler\n|-resisted|p2a: Sneasler\n|-damage|p2a: Sneasler|111/240\n|-enditem|p2a: Sneasler|Choice Band|[from] move: Knock Off|[of] p1a: Cacturne\n|-damage|p1a: Cacturne|251/278|[from] item: Life Orb\n|\n|upkeep\n|turn|2\n|\n|t:|1733779702\n|switch|p1a: Salazzle|Salazzle, L83, F|249/249\n|move|p2a: Sneasler|U-turn|p1a: Salazzle\n|-resisted|p1a: Salazzle\n|-damage|p1a: Salazzle|232/249\n|\n|t:|1733779716\n|switch|p2a: Terrakion|Terrakion, L79|273/273|[from] U-turn\n|\n|-heal|p1a: Salazzle|247/249|[from] item: Leftovers\n|upkeep\n|turn|3\n|\n|t:|1733779723\n|move|p1a: Salazzle|Protect|p1a: Salazzle\n|-singleturn|p1a: Salazzle|Protect\n|move|p2a: Terrakion|Earthquake|p1a: Salazzle\n|-activate|p1a: Salazzle|move: Protect\n|\n|-heal|p1a: Salazzle|249/249|[from] item: Leftovers\n|upkeep\n|turn|4\n|\n|t:|1733779737\n|move|p1a: Salazzle|Substitute|p1a: Salazzle\n|-start|p1a: Salazzle|Substitute\n|-damage|p1a: Salazzle|187/249\n|move|p2a: Terrakion|Stone Edge|p1a: Salazzle\n|-supereffective|p1a: Salazzle\n|-crit|p1a: Salazzle\n|-end|p1a: Salazzle|Substitute\n|-damage|p2a: Terrakion|246/273|[from] item: Life Orb\n|\n|-heal|p1a: Salazzle|202/249|[from] item: Leftovers\n|upkeep\n|turn|5\n|\n|t:|1733779745\n|switch|p1a: Alomomola|Alomomola, L87, M|429/429\n|move|p2a: Terrakion|Earthquake|p1a: Alomomola\n|-damage|p1a: Alomomola|317/429\n|-damage|p2a: Terrakion|219/273|[from] item: Life Orb\n|\n|upkeep\n|turn|6\n|\n|t:|1733779751\n|switch|p2a: Vaporeon|Vaporeon, L86, M|364/364\n|move|p1a: Alomomola|Scald|p2a: Vaporeon\n|-immune|p2a: Vaporeon|[from] ability: Water Absorb\n|\n|upkeep\n|turn|7\n|\n|t:|1733779756\n|switch|p1a: Cacturne|Cacturne, L92, M|251/278\n|move|p2a: Vaporeon|Wish|p2a: Vaporeon\n|\n|upkeep\n|turn|8\n|\n|t:|1733779759\n|switch|p2a: Sneasler|Sneasler, L74, F|111/240\n|move|p1a: Cacturne|Leaf Storm|p2a: Sneasler\n|-resisted|p2a: Sneasler\n|-damage|p2a: Sneasler|0 fnt\n|-unboost|p1a: Cacturne|spa|2\n|faint|p2a: Sneasler\n|-damage|p1a: Cacturne|224/278|[from] item: Life Orb\n|\n|upkeep\n|\n|t:|1733779763\n|switch|p2a: Ariados|Ariados, L95, F|287/287\n|turn|9\n|\n|t:|1733779769\n|switch|p1a: Salazzle|Salazzle, L83, F|202/249\n|move|p2a: Ariados|Sticky Web|p1a: Salazzle\n|-sidestart|p1: Girlhero|move: Sticky Web\n|\n|-heal|p1a: Salazzle|217/249|[from] item: Leftovers\n|upkeep\n|turn|10\n|\n|t:|1733779776\n|move|p1a: Salazzle|Toxic|p2a: Ariados\n|-status|p2a: Ariados|tox\n|move|p2a: Ariados|Knock Off|p1a: Salazzle\n|-damage|p1a: Salazzle|107/249\n|-enditem|p1a: Salazzle|Leftovers|[from] move: Knock Off|[of] p2a: Ariados\n|\n|-damage|p2a: Ariados|270/287 tox|[from] psn\n|upkeep\n|turn|11\n|\n|t:|1733779782\n|move|p1a: Salazzle|Protect|p1a: Salazzle\n|-singleturn|p1a: Salazzle|Protect\n|move|p2a: Ariados|Knock Off|p1a: Salazzle\n|-activate|p1a: Salazzle|move: Protect\n|\n|-damage|p2a: Ariados|236/287 tox|[from] psn\n|upkeep\n|turn|12\n|\n|t:|1733779789\n|move|p1a: Salazzle|Flamethrower|p2a: Ariados\n|-supereffective|p2a: Ariados\n|-damage|p2a: Ariados|0 fnt\n|faint|p2a: Ariados\n|\n|upkeep\n|\n|t:|1733779797\n|switch|p2a: Terrakion|Terrakion, L79|219/273\n|turn|13\n|\n|t:|1733779802\n|move|p1a: Salazzle|Protect|p1a: Salazzle\n|-singleturn|p1a: Salazzle|Protect\n|move|p2a: Terrakion|Earthquake|p1a: Salazzle\n|-activate|p1a: Salazzle|move: Protect\n|\n|upkeep\n|turn|14\n|\n|t:|1733779808\n|move|p1a: Salazzle|Toxic|p2a: Terrakion\n|-status|p2a: Terrakion|tox\n|move|p2a: Terrakion|Stone Edge|p1a: Salazzle\n|-supereffective|p1a: Salazzle\n|-damage|p1a: Salazzle|0 fnt\n|faint|p1a: Salazzle\n|-damage|p2a: Terrakion|192/273 tox|[from] item: Life Orb\n|\n|-damage|p2a: Terrakion|175/273 tox|[from] psn\n|upkeep\n|\n|t:|1733779820\n|switch|p1a: Scream Tail|Scream Tail, L84|330/330\n|-activate|p1a: Scream Tail|move: Sticky Web\n|-unboost|p1a: Scream Tail|spe|1\n|turn|15\n|\n|t:|1733779831\n|move|p2a: Terrakion|Earthquake|p1a: Scream Tail\n|-damage|p1a: Scream Tail|243/330\n|-damage|p2a: Terrakion|148/273 tox|[from] item: Life Orb\n|move|p1a: Scream Tail|Wish|p1a: Scream Tail\n|\n|-heal|p1a: Scream Tail|263/330|[from] item: Leftovers\n|-damage|p2a: Terrakion|114/273 tox|[from] psn\n|upkeep\n|turn|16\n|\n|t:|1733779837\n|move|p2a: Terrakion|Stone Edge|p1a: Scream Tail\n|-damage|p1a: Scream Tail|115/330\n|-damage|p2a: Terrakion|87/273 tox|[from] item: Life Orb\n|move|p1a: Scream Tail|Play Rough|p2a: Terrakion\n|-supereffective|p2a: Terrakion\n|-damage|p2a: Terrakion|0 fnt\n|faint|p2a: Terrakion\n|\n|-heal|p1a: Scream Tail|280/330|[from] move: Wish|[wisher] Scream Tail\n|-heal|p1a: Scream Tail|300/330|[from] item: Leftovers\n|upkeep\n|\n|t:|1733779856\n|switch|p2a: Kyurem|Kyurem-Black, L71|295/295\n|-ability|p2a: Kyurem|Teravolt\n|turn|17\n|\n|t:|1733779861\n|-terastallize|p2a: Kyurem|Electric\n|move|p2a: Kyurem|Dragon Dance|p2a: Kyurem\n|-boost|p2a: Kyurem|atk|1\n|-boost|p2a: Kyurem|spe|1\n|move|p1a: Scream Tail|Thunder Wave|p2a: Kyurem\n|-immune|p2a: Kyurem\n|\n|-heal|p1a: Scream Tail|320/330|[from] item: Leftovers\n|upkeep\n|turn|18\n|\n|t:|1733779867\n|move|p2a: Kyurem|Icicle Spear|p1a: Scream Tail\n|-damage|p1a: Scream Tail|280/330\n|-damage|p1a: Scream Tail|234/330\n|-damage|p1a: Scream Tail|188/330\n|-damage|p1a: Scream Tail|142/330\n|-damage|p1a: Scream Tail|97/330\n|-hitcount|p1a: Scream Tail|5\n|move|p1a: Scream Tail|Play Rough|p2a: Kyurem\n|-damage|p2a: Kyurem|223/295\n|\n|-heal|p1a: Scream Tail|117/330|[from] item: Leftovers\n|upkeep\n|turn|19\n|\n|t:|1733779872\n|-end|p1a: Scream Tail|Protosynthesis|[silent]\n|switch|p1a: Alomomola|Alomomola, L87, M|429/429\n|move|p2a: Kyurem|Dragon Dance|p2a: Kyurem\n|-boost|p2a: Kyurem|atk|1\n|-boost|p2a: Kyurem|spe|1\n|\n|upkeep\n|turn|20\n|\n|t:|1733779886\n|-terastallize|p1a: Alomomola|Steel\n|move|p2a: Kyurem|Fusion Bolt|p1a: Alomomola\n|-damage|p1a: Alomomola|174/429\n|move|p1a: Alomomola|Scald|p2a: Kyurem\n|-damage|p2a: Kyurem|165/295\n|\n|upkeep\n|turn|21\n|\n|t:|1733779895\n|switch|p1a: Cacturne|Cacturne, L92, M|224/278\n|-activate|p1a: Cacturne|move: Sticky Web\n|-unboost|p1a: Cacturne|spe|1\n|move|p2a: Kyurem|Fusion Bolt|p1a: Cacturne\n|-resisted|p1a: Cacturne\n|-damage|p1a: Cacturne|83/278\n|\n|upkeep\n|turn|22\n|\n|t:|1733779903\n|move|p1a: Cacturne|Sucker Punch|p2a: Kyurem\n|-damage|p2a: Kyurem|21/295\n|-damage|p1a: Cacturne|56/278|[from] item: Life Orb\n|move|p2a: Kyurem|Icicle Spear|p1a: Cacturne\n|-supereffective|p1a: Cacturne\n|-damage|p1a: Cacturne|0 fnt\n|faint|p1a: Cacturne\n|-hitcount|p1: Cacturne|1\n|\n|upkeep\n|\n|t:|1733779910\n|switch|p1a: Alomomola|Alomomola, L87, M, tera:Steel|317/429\n|turn|23\n|\n|t:|1733779924\n|move|p2a: Kyurem|Fusion Bolt|p1a: Alomomola\n|-damage|p1a: Alomomola|88/429\n|move|p1a: Alomomola|Scald|p2a: Kyurem\n|-damage|p2a: Kyurem|0 fnt\n|faint|p2a: Kyurem\n|\n|upkeep\n|\n|t:|1733779927\n|switch|p2a: Mamoswine|Mamoswine, L81, F|311/311\n|turn|24\n|\n|t:|1733779933\n|switch|p1a: Scream Tail|Scream Tail, L84|117/330\n|-activate|p1a: Scream Tail|move: Sticky Web\n|-unboost|p1a: Scream Tail|spe|1\n|move|p2a: Mamoswine|Earthquake|p1a: Scream Tail\n|-damage|p1a: Scream Tail|0 fnt\n|faint|p1a: Scream Tail\n|-end|p1a: Scream Tail|Protosynthesis|[silent]\n|-damage|p2a: Mamoswine|280/311|[from] item: Life Orb\n|\n|upkeep\n|\n|t:|1733779940\n|switch|p1a: Rabsca|Rabsca, L91, F|284/284\n|turn|25\n|\n|t:|1733779947\n|move|p2a: Mamoswine|Icicle Crash|p1a: Rabsca\n|-damage|p1a: Rabsca|144/284\n|-damage|p2a: Mamoswine|249/311|[from] item: Life Orb\n|cant|p1a: Rabsca|flinch\n|\n|upkeep\n|turn|26\n|\n|t:|1733779953\n|move|p2a: Mamoswine|Icicle Crash|p1a: Rabsca\n|-damage|p1a: Rabsca|10/284\n|-damage|p2a: Mamoswine|218/311|[from] item: Life Orb\n|move|p1a: Rabsca|Trick Room|p1a: Rabsca\n|-fieldstart|move: Trick Room|[of] p1a: Rabsca\n|\n|upkeep\n|turn|27\n|\n|t:|1733779971\n|move|p2a: Mamoswine|Ice Shard|p1a: Rabsca\n|-damage|p1a: Rabsca|0 fnt\n|faint|p1a: Rabsca\n|-damage|p2a: Mamoswine|187/311|[from] item: Life Orb\n|\n|upkeep\n|\n|t:|1733779977\n|switch|p1a: Thundurus|Thundurus, L80, M|258/258\n|turn|28\n|\n|t:|1733779982\n|move|p2a: Mamoswine|Icicle Crash|p1a: Thundurus\n|-supereffective|p1a: Thundurus\n|-damage|p1a: Thundurus|0 fnt\n|faint|p1a: Thundurus\n|-damage|p2a: Mamoswine|156/311|[from] item: Life Orb\n|\n|upkeep\n|\n|t:|1733779985\n|switch|p1a: Alomomola|Alomomola, L87, M, tera:Steel|231/429\n|turn|29\n|\n|t:|1733779989\n|switch|p2a: Vaporeon|Vaporeon, L86, M|364/364\n|move|p1a: Alomomola|Wish|p1a: Alomomola\n|\n|upkeep\n|turn|30\n|-message|Girlhero forfeited.\n|\n|win|lucifer_summons\n|raw|Girlhero's rating: 1836 &rarr; <strong>1816</strong><br />(-20 for losing)\n|raw|lucifer_summons's rating: 1840 &rarr; <strong>1860</strong><br />(+20 for winning)\n", "inputlog": ">version bfd83cad13791eb5a5a409923076391caf6fb4d4\n>start {\"formatid\":\"gen9randombattle\",\"seed\":[29717,41067,27551,262],\"rated\":\"Rated battle\"}\n>player p1 {\"name\":\"Girlhero\",\"avatar\":\"iris\",\"rating\":1836,\"seed\":[6464,36763,29447,13151]}\n>player p2 {\"name\":\"lucifer_summons\",\"avatar\":\"ariana\",\"rating\":1840,\"seed\":[42255,42678,51367,43627]}\n>p1 move knockoff\n>p2 switch 6\n>p1 switch 6\n>p2 move uturn\n>p2 switch 2\n>p1 move protect\n>p2 move earthquake\n>p1 move substitute\n>p2 move stoneedge\n>p1 switch 2\n>p2 move earthquake\n>p1 move scald\n>p2 switch 6\n>p1 switch 6\n>p2 move wish\n>p1 move leafstorm\n>p2 switch 2\n>p2 switch 3\n>p1 switch 2\n>p2 move stickyweb\n>p1 move toxic\n>p2 move knockoff\n>p1 move protect\n>p2 move knockoff\n>p1 move flamethrower\n>p2 move knockoff\n>p2 switch 6\n>p1 move protect\n>p2 move earthquake\n>p1 move toxic\n>p2 move stoneedge\n>p1 switch 3\n>p1 move wish\n>p2 move earthquake\n>p1 move playrough\n>p2 move stoneedge\n>p2 switch 5\n>p1 move thunderwave\n>p2 move dragondance terastallize\n>p1 move playrough\n>p2 move iciclespear\n>p1 switch 6\n>p2 move dragondance\n>p1 move scald terastallize\n>p2 move fusionbolt\n>p1 switch 2\n>p2 move fusionbolt\n>p1 move suckerpunch\n>p2 move iciclespear\n>p1 switch 2\n>p1 move scald\n>p2 move fusionbolt\n>p2 switch 4\n>p1 switch 6\n>p2 move earthquake\n>p1 switch 5\n>p1 move trickroom\n>p2 move iciclecrash\n>p1 move trickroom\n>p2 move iciclecrash\n>p1 move revivalblessing\n>p2 move iceshard\n>p1 switch 4\n>p1 move focusblast\n>p2 move iciclecrash\n>p1 switch 6\n>p1 move wish\n>p2 switch 2\n>forcelose p1", "uploadtime": 1733780012, "views": 1, "formatid": "gen9randombattle", "rating": 1816, "private": 0, "password": null}