{"id": "gen9randombattle-2260391125", "format": "[Gen 9] Random Battle", "players": ["premu", "qingxueaa"], "log": "|j|\u2606premu\n|j|\u2606qingxueaa\n|t:|1733847014\n|gametype|singles\n|player|p1|premu|infielder|1467\n|player|p2|qingxueaa|dawn|1498\n|teamsize|p1|6\n|teamsize|p2|6\n|gen|9\n|tier|[Gen 9] Random Battle\n|rated|\n|rule|Species Clause: Limit one of each Pok\u00e9mon\n|rule|HP Percentage Mod: HP is shown in percentages\n|rule|Sleep Clause Mod: Limit one foe put to sleep\n|rule|Illusion Level Mod: Illusion disguises the Pok\u00e9mon's true level\n|\n|t:|1733847014\n|start\n|switch|p1a: Jirachi|Jirachi, L80|291/291\n|switch|p2a: Basculin|Basculin, L86, F|261/261\n|turn|1\n|inactive|Battle timer is ON: inactive players will automatically lose when time's up. (requested by premu)\n|\n|t:|1733847037\n|move|p1a: Jirachi|Protect|p1a: Jirachi\n|-singleturn|p1a: Jirachi|Protect\n|move|p2a: Basculin|Flip Turn|p1a: Jirachi\n|-activate|p1a: Jirachi|move: Protect\n|\n|upkeep\n|turn|2\n|\n|t:|1733847040\n|switch|p1a: Lapras|Lapras, L87, F|367/367\n|move|p2a: Basculin|Flip Turn|p1a: Lapras\n|-immune|p1a: Lapras|[from] ability: Water Absorb\n|\n|upkeep\n|turn|3\n|\n|t:|1733847047\n|switch|p2a: Uxie|Uxie, L83|260/260\n|move|p1a: Lapras|Dragon Dance|p1a: Lapras\n|-boost|p1a: Lapras|atk|1\n|-boost|p1a: Lapras|spe|1\n|\n|upkeep\n|turn|4\n|\n|t:|1733847057\n|move|p1a: Lapras|Dragon Dance|p1a: Lapras\n|-boost|p1a: Lapras|atk|1\n|-boost|p1a: Lapras|spe|1\n|move|p2a: Uxie|Thunder Wave|p1a: Lapras\n|-status|p1a: Lapras|par\n|\n|upkeep\n|turn|5\n|\n|t:|1733847059\n|move|p2a: Uxie|Encore|p1a: Lapras\n|-start|p1a: Lapras|Encore\n|move|p1a: Lapras|Dragon Dance|p1a: Lapras\n|-boost|p1a: Lapras|atk|1\n|-boost|p1a: Lapras|spe|1\n|\n|upkeep\n|turn|6\n|\n|t:|1733847063\n|move|p2a: Uxie|Knock Off|p1a: Lapras\n|-damage|p1a: Lapras|304/367 par\n|-enditem|p1a: Lapras|Loaded Dice|[from] move: Knock Off|[of] p2a: Uxie\n|move|p1a: Lapras|Dragon Dance|p1a: Lapras\n|-boost|p1a: Lapras|atk|1\n|-boost|p1a: Lapras|spe|1\n|\n|upkeep\n|turn|7\n|\n|t:|1733847066\n|move|p1a: Lapras|Dragon Dance|p1a: Lapras\n|-boost|p1a: Lapras|atk|1\n|-boost|p1a: Lapras|spe|1\n|move|p2a: Uxie|Psychic Noise|p1a: Lapras\n|-damage|p1a: Lapras|249/367 par\n|-start|p1a: Lapras|move: Heal Block\n|\n|-end|p1a: Lapras|Encore\n|upkeep\n|turn|8\n|\n|t:|1733847073\n|cant|p1a: Lapras|par\n|move|p2a: Uxie|Psychic Noise|p1a: Lapras\n|-damage|p1a: Lapras|189/367 par\n|\n|-end|p1a: Lapras|move: Heal Block\n|upkeep\n|turn|9\n|\n|t:|1733847080\n|move|p1a: Lapras|Waterfall|p2a: Uxie\n|-damage|p2a: Uxie|59/260\n|move|p2a: Uxie|Psychic Noise|p1a: Lapras\n|-crit|p1a: Lapras\n|-damage|p1a: Lapras|99/367 par\n|-start|p1a: Lapras|move: Heal Block\n|\n|-heal|p2a: Uxie|75/260|[from] item: Leftovers\n|upkeep\n|turn|10\n|\n|t:|1733847088\n|cant|p1a: Lapras|par\n|move|p2a: Uxie|Psychic Noise|p1a: Lapras\n|-damage|p1a: Lapras|44/367 par\n|\n|-heal|p2a: Uxie|91/260|[from] item: Leftovers\n|-end|p1a: Lapras|move: Heal Block\n|upkeep\n|turn|11\n|\n|t:|1733847091\n|cant|p1a: Lapras|par\n|move|p2a: Uxie|Psychic Noise|p1a: Lapras\n|-damage|p1a: Lapras|0 fnt\n|faint|p1a: Lapras\n|\n|-heal|p2a: Uxie|107/260|[from] item: Leftovers\n|upkeep\n|c|\u2606premu|fucking shit game\n|\n|t:|1733847102\n|switch|p1a: Jirachi|Jirachi, L80|291/291\n|turn|12\n|\n|t:|1733847109\n|move|p1a: Jirachi|Iron Head|p2a: Uxie\n|-damage|p2a: Uxie|47/260\n|cant|p2a: Uxie|flinch\n|\n|-heal|p2a: Uxie|63/260|[from] item: Leftovers\n|upkeep\n|turn|13\n|\n|t:|1733847114\n|move|p1a: Jirachi|Iron Head|p2a: Uxie\n|-damage|p2a: Uxie|5/260\n|move|p2a: Uxie|Knock Off|p1a: Jirachi\n|-supereffective|p1a: Jirachi\n|-damage|p1a: Jirachi|179/291\n|-enditem|p1a: Jirachi|Leftovers|[from] move: Knock Off|[of] p2a: Uxie\n|\n|-heal|p2a: Uxie|21/260|[from] item: Leftovers\n|upkeep\n|turn|14\n|\n|t:|1733847126\n|move|p1a: Jirachi|Iron Head|p2a: Uxie\n|-damage|p2a: Uxie|0 fnt\n|faint|p2a: Uxie\n|\n|upkeep\n|\n|t:|1733847130\n|switch|p2a: Wugtrio|Wugtrio, L91, M|212/212\n|turn|15\n|\n|t:|1733847140\n|move|p2a: Wugtrio|Throat Chop|p1a: Jirachi\n|-supereffective|p1a: Jirachi\n|-damage|p1a: Jirachi|0 fnt\n|faint|p1a: Jirachi\n|\n|upkeep\n|\n|t:|1733847143\n|switch|p1a: Great Tusk|Great Tusk, L77|304/304\n|turn|16\n|\n|t:|1733847151\n|switch|p2a: Basculin|Basculin, L86, F|261/261\n|move|p1a: Great Tusk|Rapid Spin|p2a: Basculin\n|-damage|p2a: Basculin|212/261\n|-boost|p1a: Great Tusk|spe|1\n|\n|upkeep\n|turn|17\n|\n|t:|1733847159\n|-terastallize|p1a: Great Tusk|Steel\n|move|p1a: Great Tusk|Rapid Spin|p2a: Basculin\n|-damage|p2a: Basculin|167/261\n|-boost|p1a: Great Tusk|spe|1\n|move|p2a: Basculin|Wave Crash|p1a: Great Tusk\n|-damage|p1a: Great Tusk|96/304\n|-damage|p2a: Basculin|98/261|[from] Recoil\n|\n|-heal|p1a: Great Tusk|115/304|[from] item: Leftovers\n|upkeep\n|turn|18\n|\n|t:|1733847165\n|move|p1a: Great Tusk|Earthquake|p2a: Basculin\n|-damage|p2a: Basculin|0 fnt\n|faint|p2a: Basculin\n|\n|-heal|p1a: Great Tusk|134/304|[from] item: Leftovers\n|upkeep\n|\n|t:|1733847172\n|switch|p2a: Gouging Fire|Gouging Fire, L74|277/277\n|turn|19\n|\n|t:|1733847182\n|-terastallize|p2a: Gouging Fire|Fairy\n|move|p1a: Great Tusk|Earthquake|p2a: Gouging Fire\n|-damage|p2a: Gouging Fire|184/277\n|move|p2a: Gouging Fire|Heat Crash|p1a: Great Tusk\n|-supereffective|p1a: Great Tusk\n|-damage|p1a: Great Tusk|74/304\n|\n|-heal|p1a: Great Tusk|93/304|[from] item: Leftovers\n|upkeep\n|turn|20\n|\n|t:|1733847198\n|move|p1a: Great Tusk|Bulk Up|p1a: Great Tusk\n|-boost|p1a: Great Tusk|atk|1\n|-boost|p1a: Great Tusk|def|1\n|move|p2a: Gouging Fire|Morning Sun|p2a: Gouging Fire\n|-heal|p2a: Gouging Fire|277/277\n|\n|-heal|p1a: Great Tusk|112/304|[from] item: Leftovers\n|upkeep\n|turn|21\n|\n|t:|1733847205\n|-end|p2a: Gouging Fire|Protosynthesis|[silent]\n|switch|p2a: Calyrex|Calyrex, L93|337/337\n|-ability|p2a: Calyrex|Unnerve\n|move|p1a: Great Tusk|Bulk Up|p1a: Great Tusk\n|-boost|p1a: Great Tusk|atk|1\n|-boost|p1a: Great Tusk|def|1\n|\n|-heal|p1a: Great Tusk|131/304|[from] item: Leftovers\n|upkeep\n|turn|22\n|\n|t:|1733847213\n|move|p1a: Great Tusk|Earthquake|p2a: Calyrex\n|-resisted|p2a: Calyrex\n|-damage|p2a: Calyrex|225/337\n|move|p2a: Calyrex|Encore|p1a: Great Tusk\n|-start|p1a: Great Tusk|Encore\n|\n|-heal|p1a: Great Tusk|150/304|[from] item: Leftovers\n|-heal|p2a: Calyrex|246/337|[from] item: Leftovers\n|upkeep\n|turn|23\n|\n|t:|1733847218\n|move|p1a: Great Tusk|Earthquake|p2a: Calyrex\n|-resisted|p2a: Calyrex\n|-damage|p2a: Calyrex|129/337\n|move|p2a: Calyrex|Giga Drain|p1a: Great Tusk\n|-resisted|p1a: Great Tusk\n|-damage|p1a: Great Tusk|83/304\n|-heal|p2a: Calyrex|163/337|[from] drain|[of] p1a: Great Tusk\n|\n|-heal|p1a: Great Tusk|102/304|[from] item: Leftovers\n|-heal|p2a: Calyrex|184/337|[from] item: Leftovers\n|upkeep\n|turn|24\n|\n|t:|1733847223\n|move|p1a: Great Tusk|Earthquake|p2a: Calyrex\n|-resisted|p2a: Calyrex\n|-crit|p2a: Calyrex\n|-damage|p2a: Calyrex|28/337\n|move|p2a: Calyrex|Giga Drain|p1a: Great Tusk\n|-resisted|p1a: Great Tusk\n|-damage|p1a: Great Tusk|42/304\n|-heal|p2a: Calyrex|58/337|[from] drain|[of] p1a: Great Tusk\n|\n|-heal|p1a: Great Tusk|61/304|[from] item: Leftovers\n|-heal|p2a: Calyrex|79/337|[from] item: Leftovers\n|upkeep\n|turn|25\n|\n|t:|1733847227\n|move|p1a: Great Tusk|Earthquake|p2a: Calyrex\n|-resisted|p2a: Calyrex\n|-damage|p2a: Calyrex|0 fnt\n|faint|p2a: Calyrex\n|\n|-heal|p1a: Great Tusk|80/304|[from] item: Leftovers\n|-end|p1a: Great Tusk|Encore\n|upkeep\n|-message|qingxueaa forfeited.\n|\n|win|premu\n", "inputlog": ">version bfd83cad13791eb5a5a409923076391caf6fb4d4\n>start {\"formatid\":\"gen9randombattle\",\"seed\":[61231,9698,44189,23216],\"rated\":\"Rated battle\"}\n>player p1 {\"name\":\"premu\",\"avatar\":\"infielder\",\"rating\":1467,\"seed\":[45697,55910,34984,56626]}\n>player p2 {\"name\":\"qingxueaa\",\"avatar\":\"dawn\",\"rating\":1498,\"seed\":[6176,22005,64977,62692]}\n>p1 move protect\n>p2 move flipturn\n>p1 switch 5\n>p2 move flipturn\n>p1 move dragondance\n>p2 switch 4\n>p1 move dragondance\n>p2 move thunderwave\n>p1 move dragondance\n>p2 move encore\n>p1 move dragondance\n>p2 move knockoff\n>p1 move dragondance\n>p2 move psychicnoise\n>p1 move waterfall\n>p2 move psychicnoise\n>p1 move waterfall\n>p2 move psychicnoise\n>p1 move waterfall\n>p2 move psychicnoise\n>p1 move waterfall\n>p2 move psychicnoise\n>chat \u2606premu|fucking shit game \n>p1 switch 5\n>p1 move ironhead\n>p2 move knockoff\n>p1 move ironhead\n>p2 move knockoff\n>p1 move ironhead\n>p2 move thunderwave\n>p2 switch 2\n>p1 move ironhead\n>p2 move throatchop\n>p1 switch 4\n>p1 move rapidspin\n>p2 switch 4\n>p1 move rapidspin terastallize\n>p2 move wavecrash\n>p1 move earthquake\n>p2 move wavecrash\n>p2 switch 3\n>p1 move earthquake\n>p2 move heatcrash terastallize\n>p1 move bulkup\n>p2 move morningsun\n>p1 move bulkup\n>p2 switch 6\n>p1 move earthquake\n>p2 move encore\n>p1 move earthquake\n>p2 move gigadrain\n>p1 move earthquake\n>p2 move gigadrain\n>p1 move earthquake\n>p2 move gigadrain\n>forcelose p2", "uploadtime": 1733847099, "views": 1, "formatid": "gen9randombattle", "rating": null, "private": 0, "password": null}