{"id": "gen9randombattle-2096318613", "format": "[Gen 9] Random Battle", "players": ["Boris Huang - YT", "Aqua"], "log": "|uhtml|medal-msg|<div class=\"broadcast-blue\">Curious what those medals under the avatar are? PS now has Ladder Seasons! For more information, check out the <a href=\"https://www.smogon.com/forums/threads/3740067/\">thread on Smogon.</a></div>\n|badge|p2|bronze|gen9randombattle|100-1\n|uhtml|medal-msg|<div class=\"broadcast-blue\">Curious what those medals under the avatar are? PS now has Ladder Seasons! For more information, check out the <a href=\"https://www.smogon.com/forums/threads/3740067/\">thread on Smogon.</a></div>\n|j|\u2606Boris Huang - YT\n|j|\u2606Aqua\n|t:|1712280620\n|gametype|singles\n|player|p1|Boris Huang - YT|170|2266\n|player|p2|Aqua|#rbtt7teamdarkraif|2296\n|teamsize|p1|6\n|teamsize|p2|6\n|gen|9\n|tier|[Gen 9] Random Battle\n|rated|\n|rule|Species Clause: Limit one of each Pok\u00e9mon\n|rule|HP Percentage Mod: HP is shown in percentages\n|rule|Sleep Clause Mod: Limit one foe put to sleep\n|rule|Illusion Level Mod: Illusion disguises the Pok\u00e9mon's true level\n|\n|t:|1712280620\n|start\n|switch|p1a: Iron Crown|Iron Crown, L79|272/272\n|switch|p2a: Iron Boulder|Iron Boulder, L77|265/265\n|turn|1\n|inactive|Battle timer is ON: inactive players will automatically lose when time's up. (requested by Boris Huang - YT)\n|j| pfkkekrkrk\n|c|\u2606Boris Huang - YT|in\n|c|\u2606Aqua|long time no see friend\n|inactive|Aqua has 120 seconds left.\n|c|\u2606Boris Huang - YT|woah nice little badge ya got there :eyes\n|c|\u2606Aqua|it's like a ghost\n|\n|t:|1712280669\n|-end|p2a: Iron Boulder|Quark Drive|[silent]\n|switch|p2a: Meowstic|Meowstic, L89, M|277/277\n|move|p1a: Iron Crown|Volt Switch|p2a: Meowstic\n|-damage|p2a: Meowstic|221/277\n|c|\u2606Aqua|it vanishes then reappears\n|\n|t:|1712280675\n|-end|p1a: Iron Crown|Quark Drive|[silent]\n|switch|p1a: Zarude|Zarude-Dada, L78|292/292|[from] Volt Switch\n|\n|upkeep\n|turn|2\n|\n|t:|1712280687\n|move|p2a: Meowstic|Reflect|p2a: Meowstic\n|-sidestart|p2: Aqua|Reflect\n|move|p1a: Zarude|Knock Off|p2a: Meowstic\n|-supereffective|p2a: Meowstic\n|-damage|p2a: Meowstic|107/277\n|-enditem|p2a: Meowstic|Light Clay|[from] move: Knock Off|[of] p1a: Zarude\n|\n|upkeep\n|turn|3\n|\n|t:|1712280697\n|move|p2a: Meowstic|Alluring Voice|p1a: Zarude\n|-supereffective|p1a: Zarude\n|-damage|p1a: Zarude|178/292\n|move|p1a: Zarude|Knock Off|p2a: Meowstic\n|-supereffective|p2a: Meowstic\n|-damage|p2a: Meowstic|31/277\n|\n|-heal|p1a: Zarude|196/292|[from] item: Leftovers\n|upkeep\n|turn|4\n|\n|t:|1712280703\n|switch|p2a: Zapdos|Zapdos, L78|268/268\n|move|p1a: Zarude|Synthesis|p1a: Zarude\n|-heal|p1a: Zarude|292/292\n|\n|upkeep\n|turn|5\n|\n|t:|1712280710\n|switch|p1a: Clodsire|Clodsire, L81, F|343/343\n|move|p2a: Zapdos|U-turn|p1a: Clodsire\n|-resisted|p1a: Clodsire\n|-damage|p1a: Clodsire|316/343\n|c|\u2606Boris Huang - YT|im just playing cuz i want one\n|\n|t:|1712280724\n|switch|p2a: Donphan|Donphan, L84, M|288/288|[from] U-turn\n|\n|-heal|p1a: Clodsire|337/343|[from] item: Leftovers\n|upkeep\n|turn|6\n|c|\u2606Aqua|ez\n|\n|t:|1712280731\n|switch|p1a: Zarude|Zarude-Dada, L78|292/292\n|move|p2a: Donphan|Stealth Rock|p1a: Zarude\n|-sidestart|p1: Boris Huang - YT|move: Stealth Rock\n|\n|upkeep\n|turn|7\n|\n|t:|1712280747\n|switch|p1a: Inteleon|Inteleon, L81, F|246/246\n|-damage|p1a: Inteleon|216/246|[from] Stealth Rock\n|move|p2a: Donphan|Ice Spinner|p1a: Inteleon\n|-resisted|p1a: Inteleon\n|-damage|p1a: Inteleon|175/246\n|\n|upkeep\n|turn|8\n|inactive|Aqua has 120 seconds left.\n|\n|t:|1712280783\n|move|p1a: Inteleon|Hydro Pump|p2a: Donphan|[miss]\n|-miss|p1a: Inteleon|p2a: Donphan\n|move|p2a: Donphan|Earthquake|p1a: Inteleon\n|-damage|p1a: Inteleon|4/246\n|\n|upkeep\n|turn|9\n|inactive|Aqua has 120 seconds left.\n|\n|t:|1712280795\n|move|p1a: Inteleon|Hydro Pump|p2a: Donphan\n|-supereffective|p2a: Donphan\n|-ability|p2a: Donphan|Sturdy\n|-damage|p2a: Donphan|1/288\n|move|p2a: Donphan|Earthquake|p1a: Inteleon\n|-damage|p1a: Inteleon|0 fnt\n|faint|p1a: Inteleon\n|\n|-heal|p2a: Donphan|19/288|[from] item: Leftovers\n|-sideend|p2: Aqua|Reflect\n|upkeep\n|\n|t:|1712280802\n|switch|p1a: Zarude|Zarude-Dada, L78|292/292\n|-damage|p1a: Zarude|256/292|[from] Stealth Rock\n|turn|10\n|inactive|Aqua has 120 seconds left.\n|\n|t:|1712280826\n|move|p1a: Zarude|Swords Dance|p1a: Zarude\n|-boost|p1a: Zarude|atk|2\n|move|p2a: Donphan|Ice Spinner|p1a: Zarude\n|-supereffective|p1a: Zarude\n|-damage|p1a: Zarude|138/292\n|\n|-heal|p1a: Zarude|156/292|[from] item: Leftovers\n|-heal|p2a: Donphan|37/288|[from] item: Leftovers\n|upkeep\n|turn|11\n|\n|t:|1712280832\n|move|p1a: Zarude|Knock Off|p2a: Donphan\n|-damage|p2a: Donphan|0 fnt\n|-enditem|p2a: Donphan|Leftovers|[from] move: Knock Off|[of] p1a: Zarude\n|faint|p2a: Donphan\n|\n|-heal|p1a: Zarude|174/292|[from] item: Leftovers\n|upkeep\n|\n|t:|1712280841\n|switch|p2a: Iron Boulder|Iron Boulder, L77|265/265\n|turn|12\n|\n|t:|1712280860\n|-terastallize|p1a: Zarude|Grass\n|move|p2a: Iron Boulder|Close Combat|p1a: Zarude\n|-damage|p1a: Zarude|79/292\n|-unboost|p2a: Iron Boulder|def|1\n|-unboost|p2a: Iron Boulder|spd|1\n|-damage|p2a: Iron Boulder|239/265|[from] item: Life Orb\n|move|p1a: Zarude|Power Whip|p2a: Iron Boulder\n|-supereffective|p2a: Iron Boulder\n|-damage|p2a: Iron Boulder|0 fnt\n|faint|p2a: Iron Boulder\n|-end|p2a: Iron Boulder|Quark Drive|[silent]\n|\n|-heal|p1a: Zarude|97/292|[from] item: Leftovers\n|upkeep\n|\n|t:|1712280868\n|switch|p2a: Shaymin|Shaymin-Sky, L73|266/266\n|turn|13\n|\n|t:|1712280873\n|switch|p1a: Iron Crown|Iron Crown, L79|272/272\n|-damage|p1a: Iron Crown|255/272|[from] Stealth Rock\n|move|p2a: Shaymin|Air Slash|p1a: Iron Crown\n|-resisted|p1a: Iron Crown\n|-crit|p1a: Iron Crown\n|-damage|p1a: Iron Crown|177/272\n|\n|upkeep\n|turn|14\n|\n|t:|1712280891\n|switch|p2a: Zapdos|Zapdos, L78|268/268\n|move|p1a: Iron Crown|Psyshock|p2a: Zapdos\n|-damage|p2a: Zapdos|165/268\n|\n|upkeep\n|turn|15\n|\n|t:|1712280898\n|-end|p1a: Iron Crown|Quark Drive|[silent]\n|switch|p1a: Iron Thorns|Iron Thorns, L83|302/302\n|-damage|p1a: Iron Thorns|265/302|[from] Stealth Rock\n|-enditem|p1a: Iron Thorns|Booster Energy\n|-activate|p1a: Iron Thorns|ability: Quark Drive|[fromitem]\n|-start|p1a: Iron Thorns|quarkdriveatk\n|move|p2a: Zapdos|Roost|p2a: Zapdos\n|-heal|p2a: Zapdos|268/268\n|-singleturn|p2a: Zapdos|move: Roost\n|\n|upkeep\n|turn|16\n|\n|t:|1712280906\n|move|p2a: Zapdos|U-turn|p1a: Iron Thorns\n|-damage|p1a: Iron Thorns|232/302\n|\n|t:|1712280916\n|switch|p2a: Meowstic|Meowstic, L89, M|31/277|[from] U-turn\n|move|p1a: Iron Thorns|Dragon Dance|p1a: Iron Thorns\n|-boost|p1a: Iron Thorns|atk|1\n|-boost|p1a: Iron Thorns|spe|1\n|\n|upkeep\n|turn|17\n|\n|t:|1712280921\n|move|p2a: Meowstic|Reflect|p2a: Meowstic\n|-sidestart|p2: Aqua|Reflect\n|move|p1a: Iron Thorns|Dragon Dance|p1a: Iron Thorns\n|-boost|p1a: Iron Thorns|atk|1\n|-boost|p1a: Iron Thorns|spe|1\n|\n|upkeep\n|turn|18\n|\n|t:|1712280932\n|move|p1a: Iron Thorns|Earthquake|p2a: Meowstic\n|-damage|p2a: Meowstic|0 fnt\n|faint|p2a: Meowstic\n|\n|upkeep\n|\n|t:|1712280947\n|switch|p2a: Shaymin|Shaymin-Sky, L73|266/266\n|turn|19\n|\n|t:|1712280952\n|-terastallize|p2a: Shaymin|Grass\n|move|p1a: Iron Thorns|Wild Charge|p2a: Shaymin\n|-resisted|p2a: Shaymin\n|-damage|p2a: Shaymin|169/266\n|-damage|p1a: Iron Thorns|208/302|[from] Recoil\n|move|p2a: Shaymin|Earth Power|p1a: Iron Thorns\n|-supereffective|p1a: Iron Thorns\n|-damage|p1a: Iron Thorns|0 fnt\n|faint|p1a: Iron Thorns\n|-end|p1a: Iron Thorns|Quark Drive|[silent]\n|\n|upkeep\n|\n|t:|1712280963\n|switch|p1a: Clodsire|Clodsire, L81, F|337/343\n|-damage|p1a: Clodsire|316/343|[from] Stealth Rock\n|turn|20\n|\n|t:|1712280984\n|switch|p2a: Maushold|Maushold-Four, L76|238/238\n|move|p1a: Clodsire|Toxic|p2a: Maushold\n|-status|p2a: Maushold|tox\n|\n|-heal|p1a: Clodsire|337/343|[from] item: Leftovers\n|-damage|p2a: Maushold|224/238 tox|[from] psn\n|upkeep\n|turn|21\n|\n|t:|1712280996\n|move|p2a: Maushold|Population Bomb|p1a: Clodsire\n|-damage|p1a: Clodsire|304/343\n|-damage|p1a: Clodsire|274/343\n|-damage|p1a: Clodsire|244/343\n|-damage|p1a: Clodsire|214/343\n|-damage|p1a: Clodsire|181/343\n|-damage|p1a: Clodsire|148/343\n|-damage|p1a: Clodsire|120/343\n|-damage|p1a: Clodsire|92/343\n|-damage|p1a: Clodsire|62/343\n|-damage|p1a: Clodsire|28/343\n|-hitcount|p1a: Clodsire|10\n|move|p1a: Clodsire|Earthquake|p2a: Maushold\n|-damage|p2a: Maushold|167/238 tox\n|\n|-heal|p1a: Clodsire|49/343|[from] item: Leftovers\n|-damage|p2a: Maushold|139/238 tox|[from] psn\n|-sideend|p2: Aqua|Reflect\n|upkeep\n|turn|22\n|\n|t:|1712281010\n|move|p2a: Maushold|Population Bomb|p1a: Clodsire\n|-damage|p1a: Clodsire|21/343\n|-damage|p1a: Clodsire|0 fnt\n|faint|p1a: Clodsire\n|-hitcount|p1: Clodsire|2\n|\n|-damage|p2a: Maushold|97/238 tox|[from] psn\n|upkeep\n|\n|t:|1712281037\n|switch|p1a: Iron Crown|Iron Crown, L79|177/272\n|-damage|p1a: Iron Crown|160/272|[from] Stealth Rock\n|turn|23\n|\n|t:|1712281046\n|switch|p2a: Zapdos|Zapdos, L78|268/268\n|move|p1a: Iron Crown|Psyshock|p2a: Zapdos\n|-crit|p2a: Zapdos\n|-damage|p2a: Zapdos|120/268\n|\n|upkeep\n|turn|24\n|inactive|Boris Huang - YT has 120 seconds left.\n|\n|t:|1712281076\n|move|p1a: Iron Crown|Psyshock|p2a: Zapdos\n|-damage|p2a: Zapdos|29/268\n|move|p2a: Zapdos|Roost|p2a: Zapdos\n|-heal|p2a: Zapdos|163/268\n|-singleturn|p2a: Zapdos|move: Roost\n|\n|upkeep\n|turn|25\n|\n|t:|1712281084\n|move|p1a: Iron Crown|Psyshock|p2a: Zapdos\n|-damage|p2a: Zapdos|72/268\n|move|p2a: Zapdos|Roost|p2a: Zapdos\n|-heal|p2a: Zapdos|206/268\n|-singleturn|p2a: Zapdos|move: Roost\n|\n|upkeep\n|turn|26\n|\n|t:|1712281088\n|move|p1a: Iron Crown|Psyshock|p2a: Zapdos\n|-damage|p2a: Zapdos|110/268\n|move|p2a: Zapdos|Roost|p2a: Zapdos\n|-heal|p2a: Zapdos|244/268\n|-singleturn|p2a: Zapdos|move: Roost\n|\n|upkeep\n|turn|27\n|\n|t:|1712281091\n|move|p1a: Iron Crown|Psyshock|p2a: Zapdos\n|-damage|p2a: Zapdos|153/268\n|move|p2a: Zapdos|Discharge|p1a: Iron Crown\n|-damage|p1a: Iron Crown|75/272\n|\n|upkeep\n|turn|28\n|\n|t:|1712281099\n|move|p1a: Iron Crown|Psyshock|p2a: Zapdos\n|-damage|p2a: Zapdos|47/268\n|move|p2a: Zapdos|Roost|p2a: Zapdos\n|-heal|p2a: Zapdos|181/268\n|-singleturn|p2a: Zapdos|move: Roost\n|\n|upkeep\n|turn|29\n|\n|t:|1712281104\n|move|p1a: Iron Crown|Psyshock|p2a: Zapdos\n|-damage|p2a: Zapdos|90/268\n|move|p2a: Zapdos|Roost|p2a: Zapdos\n|-heal|p2a: Zapdos|224/268\n|-singleturn|p2a: Zapdos|move: Roost\n|\n|upkeep\n|turn|30\n|\n|t:|1712281107\n|move|p1a: Iron Crown|Psyshock|p2a: Zapdos\n|-crit|p2a: Zapdos\n|-damage|p2a: Zapdos|73/268\n|move|p2a: Zapdos|Roost|p2a: Zapdos\n|-heal|p2a: Zapdos|207/268\n|-singleturn|p2a: Zapdos|move: Roost\n|\n|upkeep\n|turn|31\n|\n|t:|1712281110\n|move|p1a: Iron Crown|Psyshock|p2a: Zapdos\n|-damage|p2a: Zapdos|107/268\n|move|p2a: Zapdos|Roost|p2a: Zapdos\n|-heal|p2a: Zapdos|241/268\n|-singleturn|p2a: Zapdos|move: Roost\n|\n|upkeep\n|turn|32\n|\n|t:|1712281112\n|move|p1a: Iron Crown|Psyshock|p2a: Zapdos\n|-damage|p2a: Zapdos|138/268\n|move|p2a: Zapdos|Discharge|p1a: Iron Crown\n|-damage|p1a: Iron Crown|0 fnt\n|faint|p1a: Iron Crown\n|-end|p1a: Iron Crown|Quark Drive|[silent]\n|\n|upkeep\n|\n|t:|1712281117\n|switch|p1a: Zarude|Zarude-Dada, L78, tera:Grass|97/292\n|-damage|p1a: Zarude|61/292|[from] Stealth Rock\n|turn|33\n|\n|t:|1712281131\n|move|p1a: Zarude|Knock Off|p2a: Zapdos\n|-damage|p2a: Zapdos|18/268\n|-enditem|p2a: Zapdos|Heavy-Duty Boots|[from] move: Knock Off|[of] p1a: Zarude\n|move|p2a: Zapdos|U-turn|p1a: Zarude\n|-supereffective|p1a: Zarude\n|-damage|p1a: Zarude|0 fnt\n|faint|p1a: Zarude\n|\n|t:|1712281139\n|switch|p2a: Shaymin|Shaymin-Sky, L73, tera:Grass|169/266|[from] U-turn\n|\n|upkeep\n|\n|t:|1712281142\n|switch|p1a: Rillaboom|Rillaboom, L79, M|288/288\n|-damage|p1a: Rillaboom|252/288|[from] Stealth Rock\n|-fieldstart|move: Grassy Terrain|[from] ability: Grassy Surge|[of] p1a: Rillaboom\n|turn|34\n|\n|t:|1712281145\n|move|p1a: Rillaboom|Grassy Glide|p2a: Shaymin\n|-resisted|p2a: Shaymin\n|-damage|p2a: Shaymin|85/266\n|move|p2a: Shaymin|Air Slash|p1a: Rillaboom\n|-supereffective|p1a: Rillaboom\n|-damage|p1a: Rillaboom|0 fnt\n|faint|p1a: Rillaboom\n|\n|win|Aqua\n|raw|Boris Huang - YT's rating: 2266 &rarr; <strong>2248</strong><br />(-18 for losing)\n|raw|Aqua's rating: 2296 &rarr; <strong>2314</strong><br />(+18 for winning)\n|c|\u2606Boris Huang - YT|gg\n|c|\u2606Aqua|gg\n|l|\u2606Boris Huang - YT\n|player|p1|\n", "inputlog": ">version 5e6884075e425dc5b64255756e621f094dcccacd\n>start {\"formatid\":\"gen9randombattle\",\"seed\":[2033,5117,1570,36175],\"rated\":\"Rated battle\"}\n>player p1 {\"name\":\"Boris Huang - YT\",\"avatar\":\"170\",\"rating\":2266,\"seed\":[45321,34879,39903,52973]}\n>player p2 {\"name\":\"Aqua\",\"avatar\":\"#rbtt7teamdarkraif\",\"rating\":2296,\"seed\":[53098,55486,51210,47485]}\n>chat \u2606Boris Huang - YT|in\n>chat \u2606Aqua|long time no see friend\n>chat \u2606Boris Huang - YT|woah nice little badge ya got there :eyes\n>chat \u2606Aqua|it's like a ghost\n>p1 move voltswitch\n>p2 switch 6\n>chat \u2606Aqua|it vanishes then reappears\n>p1 switch 6\n>p1 move knockoff\n>p2 move reflect\n>p1 move knockoff\n>p2 move alluringvoice\n>p1 move synthesis\n>p2 switch 4\n>p1 switch 2\n>p2 move uturn\n>chat \u2606Boris Huang - YT|im just playing cuz i want one\n>p2 switch 5\n>chat \u2606Aqua|ez\n>p1 switch 2\n>p2 move stealthrock\n>p1 switch 3\n>p2 move icespinner\n>p1 move hydropump\n>p2 move earthquake\n>p1 move hydropump\n>p2 move earthquake\n>p1 switch 3\n>p1 move swordsdance\n>p2 move icespinner\n>p1 move knockoff\n>p2 move icespinner\n>p2 switch 6\n>p1 move powerwhip terastallize\n>p2 move closecombat\n>p2 switch 2\n>p1 switch 6\n>p2 move airslash\n>p1 move psyshock\n>p2 switch 5\n>p1 switch 4\n>p2 move roost\n>p1 move dragondance\n>p2 move uturn\n>p2 switch 4\n>p1 move dragondance\n>p2 move reflect\n>p1 move earthquake\n>p2 move psychicnoise\n>p2 switch 5\n>p1 move wildcharge\n>p2 move earthpower terastallize\n>p1 switch 2\n>p1 move toxic\n>p2 switch 3\n>p1 move earthquake\n>p2 move populationbomb\n>p1 move recover\n>p2 move populationbomb\n>p1 switch 4\n>p1 move psyshock\n>p2 switch 4\n>p1 move psyshock\n>p2 move roost\n>p1 move psyshock\n>p2 move roost\n>p1 move psyshock\n>p2 move roost\n>p1 move psyshock\n>p2 move discharge\n>p1 move psyshock\n>p2 move roost\n>p1 move psyshock\n>p2 move roost\n>p1 move psyshock\n>p2 move roost\n>p1 move psyshock\n>p2 move roost\n>p1 move psyshock\n>p2 move discharge\n>p1 switch 6\n>p1 move knockoff\n>p2 move uturn\n>p2 switch 3\n>p1 switch 5\n>p1 move grassyglide\n>p2 move airslash", "uploadtime": 1712281157, "views": 249, "formatid": "gen9randombattle", "rating": 2248, "private": 0, "password": null}