{"id": "gen9randombattle-2108081019", "format": "[Gen 9] Random Battle", "players": ["Lost_in_sky_light", "sylvee1"], "log": "|uhtml|medal-msg|<div class=\"broadcast-blue\">Curious what those medals under the avatar are? PS now has Ladder Seasons! For more information, check out the <a href=\"https://www.smogon.com/forums/threads/3740067/\">thread on Smogon.</a></div>\n|uhtml|medal-msg|<div class=\"broadcast-blue\">Curious what those medals under the avatar are? PS now has Ladder Seasons! For more information, check out the <a href=\"https://www.smogon.com/forums/threads/3740067/\">thread on Smogon.</a></div>\n|j|\u2606Lost_in_sky_light\n|j|\u2606sylvee1\n|t:|1713664660\n|gametype|singles\n|player|p1|Lost_in_sky_light|dawn|2242\n|player|p2|sylvee1|serena-masters2|2178\n|teamsize|p1|6\n|teamsize|p2|6\n|gen|9\n|tier|[Gen 9] Random Battle\n|rated|\n|rule|Species Clause: Limit one of each Pok\u00e9mon\n|rule|HP Percentage Mod: HP is shown in percentages\n|rule|Sleep Clause Mod: Limit one foe put to sleep\n|rule|Illusion Level Mod: Illusion disguises the Pok\u00e9mon's true level\n|\n|t:|1713664660\n|start\n|switch|p1a: Crawdaunt|Crawdaunt, L84, M|243/243\n|switch|p2a: Sawsbuck|Sawsbuck-Winter, L88, F|284/284\n|turn|1\n|inactive|Battle timer is ON: inactive players will automatically lose when time's up. (requested by sylvee1)\n|\n|t:|1713664684\n|switch|p1a: Dunsparce|Dunsparce, L86, F|312/312\n|move|p2a: Sawsbuck|Horn Leech|p1a: Dunsparce\n|-damage|p1a: Dunsparce|226/312\n|-damage|p2a: Sawsbuck|256/284|[from] item: Life Orb\n|\n|upkeep\n|turn|2\n|\n|t:|1713664696\n|switch|p2a: Regieleki|Regieleki, L78|253/253\n|move|p1a: Dunsparce|Body Slam|p2a: Regieleki\n|-damage|p2a: Regieleki|136/253\n|\n|upkeep\n|turn|3\n|\n|t:|1713664702\n|move|p2a: Regieleki|Volt Switch|p1a: Dunsparce\n|-damage|p1a: Dunsparce|147/312\n|\n|t:|1713664709\n|switch|p2a: Golurk|Golurk, L87|297/297|[from] Volt Switch\n|move|p1a: Dunsparce|Roost|p1a: Dunsparce\n|-heal|p1a: Dunsparce|303/312\n|-singleturn|p1a: Dunsparce|move: Roost\n|\n|upkeep\n|turn|4\n|\n|t:|1713664726\n|switch|p1a: Toxapex|Toxapex, L82, M|216/216\n|move|p2a: Golurk|Dynamic Punch|p1a: Toxapex\n|-resisted|p1a: Toxapex\n|-damage|p1a: Toxapex|169/216\n|-start|p1a: Toxapex|confusion\n|\n|-heal|p1a: Toxapex|182/216|[from] item: Leftovers\n|upkeep\n|turn|5\n|\n|t:|1713664733\n|switch|p2a: Regieleki|Regieleki, L78|136/253\n|-activate|p1a: Toxapex|confusion\n|move|p1a: Toxapex|Toxic|p2a: Regieleki\n|-status|p2a: Regieleki|tox\n|\n|-heal|p1a: Toxapex|195/216|[from] item: Leftovers\n|-damage|p2a: Regieleki|121/253 tox|[from] psn\n|upkeep\n|turn|6\n|\n|t:|1713664755\n|switch|p1a: Archaludon|Archaludon, L78, M|268/268\n|move|p2a: Regieleki|Thunderbolt|p1a: Archaludon\n|-resisted|p1a: Archaludon\n|-damage|p1a: Archaludon|184/268\n|-ability|p1a: Archaludon|Stamina|boost\n|-boost|p1a: Archaludon|def|1\n|\n|-damage|p2a: Regieleki|91/253 tox|[from] psn\n|upkeep\n|turn|7\n|\n|t:|1713664769\n|move|p2a: Regieleki|Volt Switch|p1a: Archaludon\n|-resisted|p1a: Archaludon\n|-damage|p1a: Archaludon|110/268\n|-ability|p1a: Archaludon|Stamina|boost\n|-boost|p1a: Archaludon|def|1\n|\n|t:|1713664780\n|switch|p2a: Iron Jugulis|Iron Jugulis, L78|275/275|[from] Volt Switch\n|move|p1a: Archaludon|Draco Meteor|p2a: Iron Jugulis\n|-damage|p2a: Iron Jugulis|29/275\n|-unboost|p1a: Archaludon|spa|2\n|\n|upkeep\n|turn|8\n|\n|t:|1713664792\n|move|p2a: Iron Jugulis|Dark Pulse|p1a: Archaludon\n|-damage|p1a: Archaludon|0 fnt\n|faint|p1a: Archaludon\n|\n|upkeep\n|\n|t:|1713664808\n|switch|p1a: Crawdaunt|Crawdaunt, L84, M|243/243\n|turn|9\n|\n|t:|1713664813\n|move|p1a: Crawdaunt|Aqua Jet|p2a: Iron Jugulis\n|-damage|p2a: Iron Jugulis|0 fnt\n|faint|p2a: Iron Jugulis\n|-end|p2a: Iron Jugulis|Quark Drive|[silent]\n|-damage|p1a: Crawdaunt|219/243|[from] item: Life Orb\n|\n|upkeep\n|\n|t:|1713664831\n|switch|p2a: Sawsbuck|Sawsbuck-Winter, L88, F|256/284\n|turn|10\n|\n|t:|1713664835\n|switch|p1a: Dunsparce|Dunsparce, L86, F|303/312\n|move|p2a: Sawsbuck|Swords Dance|p2a: Sawsbuck\n|-boost|p2a: Sawsbuck|atk|2\n|\n|upkeep\n|turn|11\n|\n|t:|1713664840\n|move|p2a: Sawsbuck|Headbutt|p1a: Dunsparce\n|-crit|p1a: Dunsparce\n|-damage|p1a: Dunsparce|60/312\n|-damage|p2a: Sawsbuck|228/284|[from] item: Life Orb\n|cant|p1a: Dunsparce|flinch\n|\n|upkeep\n|turn|12\n|\n|t:|1713664848\n|-terastallize|p1a: Dunsparce|Ghost\n|move|p2a: Sawsbuck|Horn Leech|p1a: Dunsparce\n|-damage|p1a: Dunsparce|0 fnt\n|-heal|p2a: Sawsbuck|258/284|[from] drain|[of] p1a: Dunsparce\n|faint|p1a: Dunsparce\n|-damage|p2a: Sawsbuck|230/284|[from] item: Life Orb\n|\n|upkeep\n|\n|t:|1713664852\n|switch|p1a: Miraidon|Miraidon, L65|238/238\n|-fieldstart|move: Electric Terrain|[from] ability: Hadron Engine|[of] p1a: Miraidon\n|turn|13\n|\n|t:|1713664857\n|move|p2a: Sawsbuck|High Horsepower|p1a: Miraidon\n|-supereffective|p1a: Miraidon\n|-damage|p1a: Miraidon|0 fnt\n|faint|p1a: Miraidon\n|-damage|p2a: Sawsbuck|202/284|[from] item: Life Orb\n|\n|upkeep\n|\n|t:|1713664861\n|switch|p1a: Lugia|Lugia, L72|272/272\n|turn|14\n|\n|t:|1713664866\n|-terastallize|p2a: Sawsbuck|Normal\n|move|p2a: Sawsbuck|Headbutt|p1a: Lugia\n|-damage|p1a: Lugia|152/272\n|-damage|p2a: Sawsbuck|174/284|[from] item: Life Orb\n|cant|p1a: Lugia|flinch\n|\n|upkeep\n|turn|15\n|inactive|Lost_in_sky_light has 120 seconds left.\n|\n|t:|1713664913\n|move|p2a: Sawsbuck|Headbutt|p1a: Lugia\n|-damage|p1a: Lugia|0 fnt\n|faint|p1a: Lugia\n|-damage|p2a: Sawsbuck|146/284|[from] item: Life Orb\n|\n|upkeep\n|c|\u2606Lost_in_sky_light|gg\n|-message|Lost_in_sky_light forfeited.\n|\n|win|sylvee1\n|raw|Lost_in_sky_light's rating: 2242 &rarr; <strong>2218</strong><br />(-24 for losing)\n|raw|sylvee1's rating: 2178 &rarr; <strong>2202</strong><br />(+24 for winning)\n|l|\u2606Lost_in_sky_light\n|player|p1|\n|c|\u2606sylvee1|gg\n", "inputlog": ">version 353afcba8edc3ce061b3a30b18dec61a8b98d08c\n>start {\"formatid\":\"gen9randombattle\",\"seed\":[47151,47625,60565,15648],\"rated\":\"Rated battle\"}\n>player p1 {\"name\":\"Lost_in_sky_light\",\"avatar\":\"dawn\",\"rating\":2242,\"seed\":[6601,47132,54475,60114]}\n>player p2 {\"name\":\"sylvee1\",\"avatar\":\"serena-masters2\",\"rating\":2178,\"seed\":[25984,20788,14850,2669]}\n>p1 switch 2\n>p2 move hornleech\n>p1 move bodyslam\n>p2 switch 5\n>p1 move roost\n>p2 move voltswitch\n>p2 switch 4\n>p1 switch 3\n>p2 move dynamicpunch\n>p1 move toxic\n>p2 switch 4\n>p1 switch 5\n>p2 move thunderbolt\n>p1 move dracometeor\n>p2 move voltswitch\n>p2 switch 3\n>p1 move dracometeor\n>p2 move darkpulse\n>p1 switch 2\n>p1 move aquajet\n>p2 move darkpulse\n>p2 switch 5\n>p1 switch 3\n>p2 move swordsdance\n>p1 move bodyslam\n>p2 move headbutt\n>p1 move bodyslam terastallize\n>p2 move hornleech\n>p1 switch 4\n>p1 move dracometeor\n>p2 move highhorsepower\n>p1 switch 6\n>p1 move aeroblast\n>p2 move headbutt terastallize\n>p1 move aeroblast\n>p2 move headbutt\n>chat \u2606Lost_in_sky_light|gg\n>forcelose p1", "uploadtime": 1713664947, "views": 236, "formatid": "gen9randombattle", "rating": 2202, "private": 0, "password": null}