{"id": "gen9randombattle-2259991897", "format": "[Gen 9] Random Battle", "players": ["bslack", "testgerbfyebruce"], "log": "|j|\u2606bslack\n|j|\u2606testgerbfyebruce\n|t:|1733788436\n|gametype|singles\n|player|p1|bslack|brock|1844\n|player|p2|testgerbfyebruce|169|1868\n|teamsize|p1|6\n|teamsize|p2|6\n|gen|9\n|tier|[Gen 9] Random Battle\n|rated|\n|rule|Species Clause: Limit one of each Pok\u00e9mon\n|rule|HP Percentage Mod: HP is shown in percentages\n|rule|Sleep Clause Mod: Limit one foe put to sleep\n|rule|Illusion Level Mod: Illusion disguises the Pok\u00e9mon's true level\n|\n|t:|1733788436\n|start\n|switch|p1a: Decidueye|Decidueye, L88, F|281/281\n|switch|p2a: Fezandipiti|Fezandipiti, L82, M|278/278\n|turn|1\n|inactive|Battle timer is ON: inactive players will automatically lose when time's up. (requested by bslack)\n|\n|t:|1733788454\n|switch|p1a: Goodra|Goodra-Hisui, L82, M|265/265\n|move|p2a: Fezandipiti|Gunk Shot|p1a: Goodra\n|-immune|p1a: Goodra\n|\n|upkeep\n|turn|2\n|\n|t:|1733788465\n|switch|p2a: Whiscash|Whiscash, L88, M|337/337\n|move|p1a: Goodra|Heavy Slam|p2a: Whiscash\n|-resisted|p2a: Whiscash\n|-damage|p2a: Whiscash|272/337\n|\n|upkeep\n|turn|3\n|\n|t:|1733788482\n|switch|p2a: Fezandipiti|Fezandipiti, L82, M|278/278\n|switch|p1a: Ninetales|Ninetales-Alola, L78, M|242/242\n|-weather|Snow|[from] ability: Snow Warning|[of] p1a: Ninetales\n|\n|-weather|Snow|[upkeep]\n|upkeep\n|turn|4\n|\n|t:|1733788500\n|move|p1a: Ninetales|Aurora Veil|p1a: Ninetales\n|-sidestart|p1: bslack|move: Aurora Veil\n|move|p2a: Fezandipiti|Swords Dance|p2a: Fezandipiti\n|-boost|p2a: Fezandipiti|atk|2\n|\n|-weather|Snow|[upkeep]\n|upkeep\n|turn|5\n|inactive|testgerbfyebruce has 120 seconds left.\n|\n|t:|1733788532\n|switch|p1a: Goodra|Goodra-Hisui, L82, M|265/265\n|switch|p2a: Milotic|Milotic, L83, F|293/293\n|\n|-weather|Snow|[upkeep]\n|upkeep\n|turn|6\n|\n|t:|1733788540\n|move|p2a: Milotic|Scald|p1a: Goodra\n|-resisted|p1a: Goodra\n|-damage|p1a: Goodra|256/265\n|move|p1a: Goodra|Dragon Tail|p2a: Milotic\n|-damage|p2a: Milotic|227/293\n|drag|p2a: Whiscash|Whiscash, L88, M|272/337\n|\n|-weather|Snow|[upkeep]\n|upkeep\n|turn|7\n|\n|t:|1733788553\n|switch|p2a: Milotic|Milotic, L83, F|227/293\n|move|p1a: Goodra|Draco Meteor|p2a: Milotic\n|-damage|p2a: Milotic|115/293\n|-unboost|p1a: Goodra|spa|2\n|\n|-weather|none\n|-heal|p2a: Milotic|133/293|[from] item: Leftovers\n|upkeep\n|turn|8\n|\n|t:|1733788564\n|move|p2a: Milotic|Recover|p2a: Milotic\n|-heal|p2a: Milotic|280/293\n|move|p1a: Goodra|Hydro Pump|p2a: Milotic\n|-resisted|p2a: Milotic\n|-damage|p2a: Milotic|265/293\n|\n|-heal|p2a: Milotic|283/293|[from] item: Leftovers\n|upkeep\n|turn|9\n|\n|t:|1733788583\n|switch|p1a: Tsareena|Tsareena, L87, F|267/267\n|move|p2a: Milotic|Scald|p1a: Tsareena\n|-resisted|p1a: Tsareena\n|-damage|p1a: Tsareena|248/267\n|\n|-heal|p2a: Milotic|293/293|[from] item: Leftovers\n|upkeep\n|turn|10\n|\n|t:|1733788598\n|switch|p2a: Victreebel|Victreebel, L90, F|290/290\n|move|p1a: Tsareena|Power Whip|p2a: Victreebel|[miss]\n|-miss|p1a: Tsareena|p2a: Victreebel\n|\n|upkeep\n|turn|11\n|\n|t:|1733788613\n|switch|p2a: Milotic|Milotic, L83, F|293/293\n|switch|p1a: Salazzle|Salazzle, L83, F|249/249\n|\n|-sideend|p1: bslack|move: Aurora Veil\n|upkeep\n|turn|12\n|\n|t:|1733788624\n|switch|p1a: Tsareena|Tsareena, L87, F|248/267\n|move|p2a: Milotic|Scald|p1a: Tsareena\n|-resisted|p1a: Tsareena\n|-damage|p1a: Tsareena|212/267\n|\n|upkeep\n|turn|13\n|\n|t:|1733788634\n|switch|p2a: Victreebel|Victreebel, L90, F|290/290\n|move|p1a: Tsareena|U-turn|p2a: Victreebel\n|-damage|p2a: Victreebel|215/290\n|\n|t:|1733788639\n|switch|p1a: Salazzle|Salazzle, L83, F|249/249|[from] U-turn\n|\n|upkeep\n|turn|14\n|\n|t:|1733788653\n|move|p1a: Salazzle|Substitute|p1a: Salazzle\n|-start|p1a: Salazzle|Substitute\n|-damage|p1a: Salazzle|187/249\n|move|p2a: Victreebel|Power Whip|p1a: Salazzle\n|-resisted|p1a: Salazzle\n|-end|p1a: Salazzle|Substitute\n|-damage|p2a: Victreebel|186/290|[from] item: Life Orb\n|\n|-heal|p1a: Salazzle|202/249|[from] item: Leftovers\n|upkeep\n|turn|15\n|\n|t:|1733788662\n|move|p1a: Salazzle|Flamethrower|p2a: Victreebel\n|-supereffective|p2a: Victreebel\n|-damage|p2a: Victreebel|0 fnt\n|faint|p2a: Victreebel\n|\n|-heal|p1a: Salazzle|217/249|[from] item: Leftovers\n|upkeep\n|\n|t:|1733788665\n|switch|p2a: Milotic|Milotic, L83, F|293/293\n|turn|16\n|\n|t:|1733788674\n|switch|p1a: Tsareena|Tsareena, L87, F|212/267\n|switch|p2a: Fezandipiti|Fezandipiti, L82, M|278/278\n|\n|upkeep\n|turn|17\n|\n|t:|1733788684\n|switch|p1a: Goodra|Goodra-Hisui, L82, M|256/265\n|move|p2a: Fezandipiti|Swords Dance|p2a: Fezandipiti\n|-boost|p2a: Fezandipiti|atk|2\n|\n|upkeep\n|turn|18\n|\n|t:|1733788690\n|-terastallize|p2a: Fezandipiti|Ground\n|move|p2a: Fezandipiti|Tera Blast|p1a: Goodra|[anim] Tera Blast Ground\n|-supereffective|p1a: Goodra\n|-damage|p1a: Goodra|0 fnt\n|faint|p1a: Goodra\n|\n|upkeep\n|\n|t:|1733788698\n|switch|p1a: Ninetales|Ninetales-Alola, L78, M|242/242\n|-weather|Snow|[from] ability: Snow Warning|[of] p1a: Ninetales\n|turn|19\n|inactive|testgerbfyebruce has 120 seconds left.\n|\n|t:|1733788728\n|move|p1a: Ninetales|Blizzard|p2a: Fezandipiti\n|-supereffective|p2a: Fezandipiti\n|-damage|p2a: Fezandipiti|140/278\n|-status|p2a: Fezandipiti|frz\n|-curestatus|p2a: Fezandipiti|frz|[msg]\n|move|p2a: Fezandipiti|Gunk Shot|p1a: Ninetales|[miss]\n|-miss|p2a: Fezandipiti|p1a: Ninetales\n|\n|-weather|Snow|[upkeep]\n|-heal|p2a: Fezandipiti|157/278|[from] item: Leftovers\n|upkeep\n|turn|20\n|\n|t:|1733788741\n|move|p1a: Ninetales|Blizzard|p2a: Fezandipiti\n|-supereffective|p2a: Fezandipiti\n|-crit|p2a: Fezandipiti\n|-damage|p2a: Fezandipiti|0 fnt\n|faint|p2a: Fezandipiti\n|\n|-weather|Snow|[upkeep]\n|upkeep\n|c|\u2606testgerbfyebruce|?\n|c|\u2606testgerbfyebruce|?\n|c|\u2606testgerbfyebruce|?\n|inactive|testgerbfyebruce has 120 seconds left.\n|c|\u2606bslack|That was so unlucky damn\n|c|\u2606testgerbfyebruce|Discerned the set\n|c|\u2606testgerbfyebruce|got you to expose mons\n|c|\u2606testgerbfyebruce|setup for break\n|inactive|testgerbfyebruce has 90 seconds left.\n|c|\u2606testgerbfyebruce|haxxed to dearh\n|c|\u2606testgerbfyebruce|\ud83d\udc80\ud83d\udc80\ud83d\udc80\n|inactive|testgerbfyebruce has 60 seconds left.\n|c|\u2606bslack|I had tera steel tsareena in the back\n|c|\u2606testgerbfyebruce|I wouldn\u2019t have stayed in\n|c|\u2606testgerbfyebruce|I\u2019m not stupid\n|inactive|testgerbfyebruce has 30 seconds left.\n|c|\u2606bslack|Idk man\n|inactive|testgerbfyebruce has 20 seconds left.\n|\n|t:|1733788855\n|switch|p2a: Metagross|Metagross, L79|256/256\n|turn|21\n|inactive|testgerbfyebruce has 30 seconds left this turn.\n|\n|t:|1733788862\n|move|p1a: Ninetales|Aurora Veil|p1a: Ninetales\n|-sidestart|p1: bslack|move: Aurora Veil\n|move|p2a: Metagross|Heavy Slam|p1a: Ninetales\n|-supereffective|p1a: Ninetales\n|-damage|p1a: Ninetales|0 fnt\n|faint|p1a: Ninetales\n|\n|-weather|Snow|[upkeep]\n|upkeep\n|\n|t:|1733788868\n|switch|p1a: Salazzle|Salazzle, L83, F|217/249\n|turn|22\n|\n|t:|1733788882\n|move|p1a: Salazzle|Substitute|p1a: Salazzle\n|-start|p1a: Salazzle|Substitute\n|-damage|p1a: Salazzle|155/249\n|move|p2a: Metagross|Psychic Fangs|p1a: Salazzle\n|-sideend|p1: bslack|move: Aurora Veil\n|-supereffective|p1a: Salazzle\n|-end|p1a: Salazzle|Substitute\n|\n|-weather|Snow|[upkeep]\n|-heal|p1a: Salazzle|170/249|[from] item: Leftovers\n|upkeep\n|turn|23\n|\n|t:|1733788894\n|switch|p1a: Decidueye|Decidueye, L88, F|281/281\n|move|p2a: Metagross|Agility|p2a: Metagross\n|-boost|p2a: Metagross|spe|2\n|\n|-weather|none\n|upkeep\n|turn|24\n|inactive|testgerbfyebruce has 30 seconds left.\n|inactive|testgerbfyebruce has 20 seconds left.\n|inactive|testgerbfyebruce has 15 seconds left.\n|inactive|testgerbfyebruce has 10 seconds left.\n|inactive|testgerbfyebruce has 5 seconds left.\n|\n|t:|1733788943\n|move|p2a: Metagross|Psychic Fangs|p1a: Decidueye\n|-damage|p1a: Decidueye|179/281\n|move|p1a: Decidueye|Leaf Storm|p2a: Metagross\n|-resisted|p2a: Metagross\n|-damage|p2a: Metagross|178/256\n|-unboost|p1a: Decidueye|spa|2\n|\n|upkeep\n|turn|25\n|inactive|testgerbfyebruce has 15 seconds left this turn.\n|inactive|testgerbfyebruce has 10 seconds left.\n|\n|t:|1733788956\n|move|p2a: Metagross|Heavy Slam|p1a: Decidueye\n|-damage|p1a: Decidueye|8/281\n|move|p1a: Decidueye|Leaf Storm|p2a: Metagross\n|-resisted|p2a: Metagross\n|-damage|p2a: Metagross|113/256\n|-unboost|p1a: Decidueye|spa|2\n|\n|upkeep\n|turn|26\n|inactive|testgerbfyebruce has 20 seconds left this turn.\n|\n|t:|1733788968\n|move|p2a: Metagross|Psychic Fangs|p1a: Decidueye\n|-damage|p1a: Decidueye|0 fnt\n|faint|p1a: Decidueye\n|\n|upkeep\n|inactive|testgerbfyebruce has 25 seconds left this turn.\n|\n|t:|1733788980\n|switch|p1a: Slowbro|Slowbro, L85, M|300/300\n|turn|27\n|inactive|testgerbfyebruce has 30 seconds left.\n|inactive|testgerbfyebruce has 20 seconds left.\n|\n|t:|1733788995\n|switch|p2a: Milotic|Milotic, L83, F|293/293\n|move|p1a: Slowbro|Iron Defense|p1a: Slowbro\n|-boost|p1a: Slowbro|def|2\n|\n|upkeep\n|turn|28\n|inactive|testgerbfyebruce has 30 seconds left this turn.\n|\n|t:|1733789003\n|move|p2a: Milotic|Haze|p2a: Milotic\n|-clearallboost\n|move|p1a: Slowbro|Body Press|p2a: Milotic\n|-damage|p2a: Milotic|227/293\n|\n|-heal|p2a: Milotic|245/293|[from] item: Leftovers\n|upkeep\n|turn|29\n|\n|t:|1733789016\n|move|p2a: Milotic|Scald|p1a: Slowbro\n|-resisted|p1a: Slowbro\n|-damage|p1a: Slowbro|258/300\n|move|p1a: Slowbro|Iron Defense|p1a: Slowbro\n|-boost|p1a: Slowbro|def|2\n|\n|-heal|p2a: Milotic|263/293|[from] item: Leftovers\n|-heal|p1a: Slowbro|276/300|[from] item: Leftovers\n|upkeep\n|turn|30\n|\n|t:|1733789030\n|switch|p1a: Tsareena|Tsareena, L87, F|212/267\n|move|p2a: Milotic|Scald|p1a: Tsareena\n|-resisted|p1a: Tsareena\n|-damage|p1a: Tsareena|175/267\n|-status|p1a: Tsareena|brn\n|\n|-heal|p2a: Milotic|281/293|[from] item: Leftovers\n|-damage|p1a: Tsareena|159/267 brn|[from] brn\n|upkeep\n|turn|31\n|\n|t:|1733789040\n|switch|p2a: Metagross|Metagross, L79|113/256\n|move|p1a: Tsareena|Power Whip|p2a: Metagross\n|-resisted|p2a: Metagross\n|-damage|p2a: Metagross|84/256\n|\n|-damage|p1a: Tsareena|143/267 brn|[from] brn\n|upkeep\n|turn|32\n|\n|t:|1733789048\n|move|p1a: Tsareena|High Jump Kick|p2a: Metagross\n|-damage|p2a: Metagross|42/256\n|move|p2a: Metagross|Psychic Fangs|p1a: Tsareena\n|-crit|p1a: Tsareena\n|-damage|p1a: Tsareena|7/267 brn\n|\n|-damage|p1a: Tsareena|0 fnt|[from] brn\n|faint|p1a: Tsareena\n|upkeep\n|\n|t:|1733789057\n|switch|p1a: Salazzle|Salazzle, L83, F|170/249\n|turn|33\n|\n|t:|1733789062\n|move|p1a: Salazzle|Flamethrower|p2a: Metagross\n|-supereffective|p2a: Metagross\n|-damage|p2a: Metagross|0 fnt\n|faint|p2a: Metagross\n|\n|-heal|p1a: Salazzle|185/249|[from] item: Leftovers\n|upkeep\n|\n|t:|1733789066\n|switch|p2a: Gallade|Gallade, L81, M|243/243\n|turn|34\n|inactive|testgerbfyebruce has 90 seconds left.\n|\n|t:|1733789082\n|move|p1a: Salazzle|Protect|p1a: Salazzle\n|-singleturn|p1a: Salazzle|Protect\n|move|p2a: Gallade|Psycho Cut|p1a: Salazzle\n|-activate|p1a: Salazzle|move: Protect\n|\n|-heal|p1a: Salazzle|200/249|[from] item: Leftovers\n|upkeep\n|turn|35\n|\n|t:|1733789088\n|switch|p1a: Slowbro|Slowbro, L85, M|300/300\n|move|p2a: Gallade|Psycho Cut|p1a: Slowbro\n|-resisted|p1a: Slowbro\n|-damage|p1a: Slowbro|246/300\n|\n|-heal|p1a: Slowbro|264/300|[from] item: Leftovers\n|upkeep\n|turn|36\n|\n|t:|1733789096\n|switch|p2a: Milotic|Milotic, L83, F|281/293\n|move|p1a: Slowbro|Iron Defense|p1a: Slowbro\n|-boost|p1a: Slowbro|def|2\n|\n|-heal|p2a: Milotic|293/293|[from] item: Leftovers\n|-heal|p1a: Slowbro|282/300|[from] item: Leftovers\n|upkeep\n|turn|37\n|\n|t:|1733789108\n|move|p2a: Milotic|Haze|p2a: Milotic\n|-clearallboost\n|move|p1a: Slowbro|Scald|p2a: Milotic\n|-resisted|p2a: Milotic\n|-damage|p2a: Milotic|257/293\n|\n|-heal|p2a: Milotic|275/293|[from] item: Leftovers\n|-heal|p1a: Slowbro|300/300|[from] item: Leftovers\n|upkeep\n|turn|38\n|\n|t:|1733789116\n|move|p2a: Milotic|Scald|p1a: Slowbro\n|-resisted|p1a: Slowbro\n|-damage|p1a: Slowbro|255/300\n|move|p1a: Slowbro|Iron Defense|p1a: Slowbro\n|-boost|p1a: Slowbro|def|2\n|\n|-heal|p2a: Milotic|293/293|[from] item: Leftovers\n|-heal|p1a: Slowbro|273/300|[from] item: Leftovers\n|upkeep\n|turn|39\n|\n|t:|1733789125\n|move|p2a: Milotic|Scald|p1a: Slowbro\n|-resisted|p1a: Slowbro\n|-damage|p1a: Slowbro|225/300\n|move|p1a: Slowbro|Iron Defense|p1a: Slowbro\n|-boost|p1a: Slowbro|def|2\n|\n|-heal|p1a: Slowbro|243/300|[from] item: Leftovers\n|upkeep\n|turn|40\n|\n|t:|1733789132\n|move|p2a: Milotic|Haze|p2a: Milotic\n|-clearallboost\n|move|p1a: Slowbro|Body Press|p2a: Milotic\n|-damage|p2a: Milotic|218/293\n|\n|-heal|p2a: Milotic|236/293|[from] item: Leftovers\n|-heal|p1a: Slowbro|261/300|[from] item: Leftovers\n|upkeep\n|turn|41\n|\n|t:|1733789140\n|move|p2a: Milotic|Scald|p1a: Slowbro\n|-resisted|p1a: Slowbro\n|-damage|p1a: Slowbro|217/300\n|move|p1a: Slowbro|Iron Defense|p1a: Slowbro\n|-boost|p1a: Slowbro|def|2\n|\n|-heal|p2a: Milotic|254/293|[from] item: Leftovers\n|-heal|p1a: Slowbro|235/300|[from] item: Leftovers\n|upkeep\n|turn|42\n|\n|t:|1733789148\n|move|p2a: Milotic|Haze|p2a: Milotic\n|-clearallboost\n|move|p1a: Slowbro|Iron Defense|p1a: Slowbro\n|-boost|p1a: Slowbro|def|2\n|\n|-heal|p2a: Milotic|272/293|[from] item: Leftovers\n|-heal|p1a: Slowbro|253/300|[from] item: Leftovers\n|upkeep\n|turn|43\n|\n|t:|1733789156\n|move|p2a: Milotic|Scald|p1a: Slowbro\n|-resisted|p1a: Slowbro\n|-damage|p1a: Slowbro|205/300\n|-status|p1a: Slowbro|brn\n|move|p1a: Slowbro|Iron Defense|p1a: Slowbro\n|-boost|p1a: Slowbro|def|2\n|\n|-heal|p2a: Milotic|290/293|[from] item: Leftovers\n|-heal|p1a: Slowbro|223/300 brn|[from] item: Leftovers\n|-damage|p1a: Slowbro|205/300 brn|[from] brn\n|upkeep\n|turn|44\n|\n|t:|1733789168\n|move|p2a: Milotic|Haze|p2a: Milotic\n|-clearallboost\n|move|p1a: Slowbro|Slack Off|p1a: Slowbro\n|-heal|p1a: Slowbro|300/300 brn\n|\n|-heal|p2a: Milotic|293/293|[from] item: Leftovers\n|-damage|p1a: Slowbro|282/300 brn|[from] brn\n|upkeep\n|turn|45\n|\n|t:|1733789176\n|move|p2a: Milotic|Scald|p1a: Slowbro\n|-resisted|p1a: Slowbro\n|-damage|p1a: Slowbro|240/300 brn\n|move|p1a: Slowbro|Iron Defense|p1a: Slowbro\n|-boost|p1a: Slowbro|def|2\n|\n|-heal|p1a: Slowbro|258/300 brn|[from] item: Leftovers\n|-damage|p1a: Slowbro|240/300 brn|[from] brn\n|upkeep\n|turn|46\n|\n|t:|1733789187\n|move|p2a: Milotic|Scald|p1a: Slowbro\n|-resisted|p1a: Slowbro\n|-damage|p1a: Slowbro|195/300 brn\n|move|p1a: Slowbro|Iron Defense|p1a: Slowbro\n|-boost|p1a: Slowbro|def|2\n|\n|-heal|p1a: Slowbro|213/300 brn|[from] item: Leftovers\n|-damage|p1a: Slowbro|195/300 brn|[from] brn\n|upkeep\n|turn|47\n|\n|t:|1733789195\n|switch|p1a: Salazzle|Salazzle, L83, F|200/249\n|move|p2a: Milotic|Haze|p2a: Milotic\n|-clearallboost\n|\n|-heal|p1a: Salazzle|215/249|[from] item: Leftovers\n|upkeep\n|turn|48\n|\n|t:|1733789208\n|move|p1a: Salazzle|Substitute|p1a: Salazzle\n|-start|p1a: Salazzle|Substitute\n|-damage|p1a: Salazzle|153/249\n|move|p2a: Milotic|Scald|p1a: Salazzle\n|-supereffective|p1a: Salazzle\n|-end|p1a: Salazzle|Substitute\n|\n|-heal|p1a: Salazzle|168/249|[from] item: Leftovers\n|upkeep\n|turn|49\n|\n|t:|1733789223\n|-terastallize|p1a: Salazzle|Grass\n|move|p1a: Salazzle|Toxic|p2a: Milotic\n|-status|p2a: Milotic|tox\n|move|p2a: Milotic|Ice Beam|p1a: Salazzle\n|-supereffective|p1a: Salazzle\n|-damage|p1a: Salazzle|6/249\n|-status|p1a: Salazzle|frz\n|\n|-heal|p1a: Salazzle|21/249 frz|[from] item: Leftovers\n|-damage|p2a: Milotic|275/293 tox|[from] psn\n|upkeep\n|turn|50\n|c|\u2606testgerbfyebruce|Picked every turn wrong\n|\n|t:|1733789240\n|cant|p1a: Salazzle|frz\n|move|p2a: Milotic|Scald|p1a: Salazzle\n|-resisted|p1a: Salazzle\n|-damage|p1a: Salazzle|0 fnt\n|faint|p1a: Salazzle\n|\n|-heal|p2a: Milotic|293/293 tox|[from] item: Leftovers\n|-damage|p2a: Milotic|257/293 tox|[from] psn\n|upkeep\n|c|\u2606bslack|gg\n|-message|bslack forfeited.\n|\n|win|testgerbfyebruce\n|raw|bslack's rating: 1844 &rarr; <strong>1825</strong><br />(-19 for losing)\n|raw|testgerbfyebruce's rating: 1868 &rarr; <strong>1887</strong><br />(+19 for winning)\n|l|\u2606bslack\n|player|p1|\n", "inputlog": ">version bfd83cad13791eb5a5a409923076391caf6fb4d4\n>start {\"formatid\":\"gen9randombattle\",\"seed\":[37934,61054,32791,6964],\"rated\":\"Rated battle\"}\n>player p1 {\"name\":\"bslack\",\"avatar\":\"brock\",\"rating\":1844,\"seed\":[62339,45645,42498,13707]}\n>player p2 {\"name\":\"testgerbfyebruce\",\"avatar\":\"169\",\"rating\":1868,\"seed\":[20104,12211,31993,28299]}\n>p1 switch 2\n>p2 move gunkshot\n>p1 move heavyslam\n>p2 switch 5\n>p1 switch 3\n>p2 switch 5\n>p1 move auroraveil\n>p2 move swordsdance\n>p1 switch 3\n>p2 switch 2\n>p1 move dragontail\n>p2 move scald\n>p1 move dracometeor\n>p2 switch 5\n>p1 move hydropump\n>p2 move recover\n>p1 switch 5\n>p2 move scald\n>p1 move powerwhip\n>p2 switch 4\n>p1 switch 6\n>p2 switch 4\n>p1 switch 6\n>p2 move scald\n>p1 move uturn\n>p2 switch 4\n>p1 switch 6\n>p1 move substitute\n>p2 move powerwhip\n>p1 move flamethrower\n>p2 move powerwhip\n>p2 switch 4\n>p1 switch 6\n>p2 switch 2\n>p1 switch 5\n>p2 move swordsdance\n>p1 move heavyslam\n>p2 move terablast terastallize\n>p1 switch 3\n>p1 move blizzard\n>p2 move gunkshot\n>p1 move blizzard\n>p2 move gunkshot\n>chat \u2606testgerbfyebruce|?\n>chat \u2606testgerbfyebruce|?\n>chat \u2606testgerbfyebruce|?\n>chat \u2606bslack|That was so unlucky damn \n>chat \u2606testgerbfyebruce|Discerned the set\n>chat \u2606testgerbfyebruce|got you to expose mons \n>chat \u2606testgerbfyebruce|setup for break\n>chat \u2606testgerbfyebruce|haxxed to dearh\n>chat \u2606testgerbfyebruce|\ud83d\udc80\ud83d\udc80\ud83d\udc80\n>chat \u2606bslack|I had tera steel tsareena in the back\n>chat \u2606testgerbfyebruce|I wouldn\u2019t have stayed in\n>chat \u2606testgerbfyebruce|I\u2019m not stupid \n>chat \u2606bslack|Idk man \n>p2 switch 3\n>p1 move auroraveil\n>p2 move heavyslam\n>p1 switch 6\n>p1 move substitute\n>p2 move psychicfangs\n>p1 switch 2\n>p2 move agility\n>p1 move leafstorm\n>p2 move psychicfangs\n>p1 move leafstorm\n>p2 move heavyslam\n>p1 move spiritshackle\n>p2 move psychicfangs\n>p1 switch 4\n>p1 move irondefense\n>p2 switch 2\n>p1 move bodypress\n>p2 move haze\n>p1 move irondefense\n>p2 move scald\n>p1 switch 5\n>p2 move scald\n>p1 move powerwhip\n>p2 switch 2\n>p1 move highjumpkick\n>p2 move psychicfangs\n>p1 switch 2\n>p1 move flamethrower\n>p2 move psychicfangs\n>p2 switch 6\n>p1 move protect\n>p2 move psychocut\n>p1 switch 5\n>p2 move psychocut\n>p1 move irondefense\n>p2 switch 2\n>p1 move scald\n>p2 move haze\n>p1 move irondefense\n>p2 move scald\n>p1 move irondefense\n>p2 move scald\n>p1 move bodypress\n>p2 move haze\n>p1 move irondefense\n>p2 move scald\n>p1 move irondefense\n>p2 move haze\n>p1 move irondefense\n>p2 move scald\n>p1 move slackoff\n>p2 move haze\n>p1 move irondefense\n>p2 move scald\n>p1 move irondefense\n>p2 move scald\n>p1 switch 5\n>p2 move haze\n>p1 move substitute\n>p2 move scald\n>p1 move toxic terastallize\n>p2 move icebeam\n>chat \u2606testgerbfyebruce|Picked every turn wrong \n>p1 move protect\n>p2 move scald\n>chat \u2606bslack|gg\n>forcelose p1", "uploadtime": 1733789256, "views": 1, "formatid": "gen9randombattle", "rating": 1825, "private": 0, "password": null}