{"id": "gen9randombattle-2027017526", "format": "[Gen 9] Random Battle", "players": ["roire", "V-Creative"], "log": "|j|\u2606roire\n|j|\u2606V-Creative\n|t:|1704386318\n|gametype|singles\n|player|p1|roire|2|2254\n|player|p2|V-Creative|firebreather-gen2|2305\n|teamsize|p1|6\n|teamsize|p2|6\n|gen|9\n|tier|[Gen 9] Random Battle\n|rated|\n|rule|Species Clause: Limit one of each Pok\u00e9mon\n|rule|HP Percentage Mod: HP is shown in percentages\n|rule|Sleep Clause Mod: Limit one foe put to sleep\n|rule|Illusion Level Mod: Illusion disguises the Pok\u00e9mon's true level\n|\n|t:|1704386318\n|start\n|switch|p1a: Pecharunt|Pecharunt, L78|265/265\n|switch|p2a: Typhlosion|Typhlosion, L84, F|267/267\n|turn|1\n|\n|t:|1704386337\n|switch|p1a: Muk|Muk, L87, F|324/324\n|move|p2a: Typhlosion|Eruption|p1a: Muk\n|-damage|p1a: Muk|225/324\n|\n|upkeep\n|turn|2\n|inactive|Battle timer is ON: inactive players will automatically lose when time's up. (requested by roire)\n|\n|t:|1704386363\n|move|p2a: Typhlosion|Eruption|p1a: Muk\n|-damage|p1a: Muk|120/324\n|move|p1a: Muk|Knock Off|p2a: Typhlosion\n|-damage|p2a: Typhlosion|179/267\n|-enditem|p2a: Typhlosion|Choice Scarf|[from] move: Knock Off|[of] p1a: Muk\n|\n|upkeep\n|turn|3\n|\n|t:|1704386374\n|move|p2a: Typhlosion|Scorching Sands|p1a: Muk\n|-supereffective|p1a: Muk\n|-damage|p1a: Muk|54/324\n|-status|p1a: Muk|brn\n|move|p1a: Muk|Poison Jab|p2a: Typhlosion\n|-damage|p2a: Typhlosion|128/267\n|-status|p2a: Typhlosion|psn\n|\n|-damage|p2a: Typhlosion|95/267 psn|[from] psn\n|-damage|p1a: Muk|34/324 brn|[from] brn\n|upkeep\n|turn|4\n|\n|t:|1704386383\n|switch|p1a: Enamorus|Enamorus-Therian, L83, F|259/259\n|move|p2a: Typhlosion|Scorching Sands|p1a: Enamorus\n|-immune|p1a: Enamorus\n|\n|-damage|p2a: Typhlosion|62/267 psn|[from] psn\n|upkeep\n|turn|5\n|\n|t:|1704386392\n|switch|p1a: Muk|Muk, L87, F|34/324 brn\n|move|p2a: Typhlosion|Fire Blast|p1a: Muk\n|-damage|p1a: Muk|0 fnt\n|faint|p1a: Muk\n|\n|-damage|p2a: Typhlosion|29/267 psn|[from] psn\n|upkeep\n|\n|t:|1704386401\n|switch|p1a: Dragonite|Dragonite, L74, F|257/257\n|turn|6\n|\n|t:|1704386408\n|move|p2a: Typhlosion|Fire Blast|p1a: Dragonite|[miss]\n|-miss|p2a: Typhlosion|p1a: Dragonite\n|move|p1a: Dragonite|Dragon Dance|p1a: Dragonite\n|-boost|p1a: Dragonite|atk|1\n|-boost|p1a: Dragonite|spe|1\n|\n|-damage|p2a: Typhlosion|0 fnt|[from] psn\n|faint|p2a: Typhlosion\n|upkeep\n|\n|t:|1704386415\n|switch|p2a: Clawitzer|Clawitzer, L86, M|262/262\n|turn|7\n|\n|t:|1704386421\n|move|p1a: Dragonite|Outrage|p2a: Clawitzer\n|-damage|p2a: Clawitzer|91/262\n|move|p2a: Clawitzer|U-turn|p1a: Dragonite\n|-resisted|p1a: Dragonite\n|-damage|p1a: Dragonite|246/257\n|inactive|V-Creative has 120 seconds left.\n|\n|t:|1704386460\n|switch|p2a: Comfey|Comfey, L86, M|228/228|[from] U-turn\n|\n|upkeep\n|turn|8\n|inactive|V-Creative has 120 seconds left.\n|\n|t:|1704386467\n|move|p2a: Comfey|Draining Kiss|p1a: Dragonite\n|-supereffective|p1a: Dragonite\n|-damage|p1a: Dragonite|154/257\n|move|p1a: Dragonite|Outrage|p2a: Comfey|[from]lockedmove\n|-immune|p2a: Comfey\n|\n|upkeep\n|turn|9\n|\n|t:|1704386480\n|-terastallize|p1a: Dragonite|Steel\n|move|p1a: Dragonite|Dragon Dance|p1a: Dragonite\n|-boost|p1a: Dragonite|atk|1\n|-boost|p1a: Dragonite|spe|1\n|move|p2a: Comfey|Calm Mind|p2a: Comfey\n|-boost|p2a: Comfey|spa|1\n|-boost|p2a: Comfey|spd|1\n|\n|upkeep\n|turn|10\n|\n|t:|1704386489\n|move|p1a: Dragonite|Iron Head|p2a: Comfey\n|-supereffective|p2a: Comfey\n|-damage|p2a: Comfey|0 fnt\n|faint|p2a: Comfey\n|\n|upkeep\n|\n|t:|1704386508\n|switch|p2a: Clawitzer|Clawitzer, L86, M|91/262\n|turn|11\n|\n|t:|1704386515\n|move|p1a: Dragonite|Earthquake|p2a: Clawitzer\n|-damage|p2a: Clawitzer|0 fnt\n|faint|p2a: Clawitzer\n|\n|upkeep\n|c|\u2606roire|gg\n|inactive|V-Creative has 120 seconds left.\n|\n|t:|1704386532\n|switch|p2a: Kingambit|Kingambit, L74, F|270/270\n|-activate|p2a: Kingambit|ability: Supreme Overlord\n|-start|p2a: Kingambit|fallen3|[silent]\n|turn|12\n|\n|t:|1704386536\n|-end|p2a: Kingambit|fallen3|[silent]\n|switch|p2a: Vivillon|Vivillon-Tundra, L86, F|278/278\n|move|p1a: Dragonite|Earthquake|p2a: Vivillon\n|-immune|p2a: Vivillon\n|\n|upkeep\n|turn|13\n|\n|t:|1704386545\n|move|p1a: Dragonite|Iron Head|p2a: Vivillon\n|-damage|p2a: Vivillon|50/278\n|move|p2a: Vivillon|Hurricane|p1a: Dragonite|[miss]\n|-miss|p2a: Vivillon|p1a: Dragonite\n|\n|upkeep\n|turn|14\n|\n|t:|1704386549\n|move|p1a: Dragonite|Iron Head|p2a: Vivillon\n|-damage|p2a: Vivillon|0 fnt\n|faint|p2a: Vivillon\n|\n|upkeep\n|\n|t:|1704386552\n|switch|p2a: Minun|Minun, L93, M|262/262\n|turn|15\n|\n|t:|1704386556\n|move|p1a: Dragonite|Earthquake|p2a: Minun\n|-supereffective|p2a: Minun\n|-damage|p2a: Minun|0 fnt\n|faint|p2a: Minun\n|\n|upkeep\n|\n|t:|1704386560\n|switch|p2a: Kingambit|Kingambit, L74, F|270/270\n|-activate|p2a: Kingambit|ability: Supreme Overlord\n|-start|p2a: Kingambit|fallen5|[silent]\n|turn|16\n|\n|t:|1704386568\n|move|p1a: Dragonite|Outrage|p2a: Kingambit\n|-resisted|p2a: Kingambit\n|-damage|p2a: Kingambit|160/270\n|move|p2a: Kingambit|Kowtow Cleave|p1a: Dragonite\n|-damage|p1a: Dragonite|3/257\n|\n|-heal|p2a: Kingambit|176/270|[from] item: Leftovers\n|upkeep\n|turn|17\n|\n|t:|1704386578\n|move|p1a: Dragonite|Outrage|p2a: Kingambit|[from]lockedmove\n|-resisted|p2a: Kingambit\n|-damage|p2a: Kingambit|72/270\n|move|p2a: Kingambit|Swords Dance|p2a: Kingambit\n|-boost|p2a: Kingambit|atk|2\n|\n|-heal|p2a: Kingambit|88/270|[from] item: Leftovers\n|upkeep\n|turn|18\n|\n|t:|1704386585\n|move|p2a: Kingambit|Sucker Punch|p1a: Dragonite\n|-damage|p1a: Dragonite|0 fnt\n|faint|p1a: Dragonite\n|\n|-heal|p2a: Kingambit|104/270|[from] item: Leftovers\n|upkeep\n|\n|t:|1704386606\n|switch|p1a: Enamorus|Enamorus-Therian, L83, F|259/259\n|turn|19\n|\n|t:|1704386628\n|switch|p1a: Exeggutor|Exeggutor-Alola, L89, M|314/314\n|-item|p2a: Kingambit|Leftovers|[from] ability: Frisk|[of] p1a: Exeggutor|[identify]\n|move|p2a: Kingambit|Iron Head|p1a: Exeggutor\n|-damage|p1a: Exeggutor|49/314\n|\n|-heal|p2a: Kingambit|120/270|[from] item: Leftovers\n|upkeep\n|turn|20\n|\n|t:|1704386638\n|move|p2a: Kingambit|Sucker Punch|p1a: Exeggutor\n|-damage|p1a: Exeggutor|0 fnt\n|faint|p1a: Exeggutor\n|\n|-heal|p2a: Kingambit|136/270|[from] item: Leftovers\n|upkeep\n|\n|t:|1704386640\n|switch|p1a: Enamorus|Enamorus-Therian, L83, F|259/259\n|turn|21\n|\n|t:|1704386656\n|-terastallize|p2a: Kingambit|Flying\n|move|p1a: Enamorus|Earth Power|p2a: Kingambit\n|-immune|p2a: Kingambit\n|move|p2a: Kingambit|Iron Head|p1a: Enamorus\n|-supereffective|p1a: Enamorus\n|-crit|p1a: Enamorus\n|-damage|p1a: Enamorus|0 fnt\n|faint|p1a: Enamorus\n|\n|-heal|p2a: Kingambit|152/270|[from] item: Leftovers\n|upkeep\n|\n|t:|1704386682\n|switch|p1a: Pecharunt|Pecharunt, L78|265/265\n|turn|22\n|\n|t:|1704386693\n|move|p2a: Kingambit|Sucker Punch|p1a: Pecharunt\n|-supereffective|p1a: Pecharunt\n|-damage|p1a: Pecharunt|0 fnt\n|faint|p1a: Pecharunt\n|\n|-heal|p2a: Kingambit|168/270|[from] item: Leftovers\n|upkeep\n|\n|t:|1704386695\n|switch|p1a: Hitmonchan|Hitmonchan, L87, M|229/229\n|turn|23\n|\n|t:|1704386700\n|move|p1a: Hitmonchan|Swords Dance|p1a: Hitmonchan\n|-boost|p1a: Hitmonchan|atk|2\n|move|p2a: Kingambit|Iron Head|p1a: Hitmonchan\n|-damage|p1a: Hitmonchan|0 fnt\n|faint|p1a: Hitmonchan\n|\n|win|V-Creative\n|raw|roire's rating: 2254 &rarr; <strong>2237</strong><br />(-17 for losing)\n|raw|V-Creative's rating: 2305 &rarr; <strong>2322</strong><br />(+17 for winning)\n|l|\u2606roire\n|c|\u2606V-Creative|gg huh?\n", "inputlog": ">version b2405e112a340cd171b76bf5b01f5f9054c165b0\n>start {\"formatid\":\"gen9randombattle\",\"seed\":[5356,59457,57268,22679],\"rated\":\"Rated battle\"}\n>player p1 {\"name\":\"roire\",\"avatar\":\"2\",\"rating\":2254,\"seed\":[25907,58596,61497,63398]}\n>player p2 {\"name\":\"V-Creative\",\"avatar\":\"firebreather-gen2\",\"rating\":2305,\"seed\":[2060,45075,29027,49741]}\n>p1 switch 2\n>p2 move eruption\n>p1 move knockoff\n>p2 move eruption\n>p1 move poisonjab\n>p2 move scorchingsands\n>p1 switch 5\n>p2 move scorchingsands\n>p1 switch 5\n>p2 move fireblast\n>p1 switch 3\n>p1 move dragondance\n>p2 move fireblast\n>p2 switch 5\n>p1 move outrage\n>p2 move uturn\n>p2 switch 2\n>p1 move outrage\n>p2 move drainingkiss\n>p1 move dragondance terastallize\n>p2 move calmmind\n>p1 move ironhead\n>p2 move storedpower\n>p2 switch 2\n>p1 move earthquake\n>p2 move aurasphere\n>chat \u2606roire|gg\n>p2 switch 3\n>p1 move earthquake\n>p2 switch 4\n>p1 move ironhead\n>p2 move hurricane\n>p1 move ironhead\n>p2 move hurricane\n>p2 switch 6\n>p1 move earthquake\n>p2 move thunderbolt\n>p2 switch 4\n>p1 move outrage\n>p2 move kowtowcleave\n>p1 move outrage\n>p2 move swordsdance\n>p1 move outrage\n>p2 move suckerpunch\n>p1 switch 5\n>p1 switch 6\n>p2 move ironhead\n>p1 move flamethrower\n>p2 move suckerpunch\n>p1 switch 6\n>p1 move earthpower\n>p2 move ironhead terastallize\n>p1 switch 2\n>p1 move malignantchain\n>p2 move suckerpunch\n>p1 switch 4\n>p1 move swordsdance\n>p2 move ironhead", "uploadtime": 1704386712, "views": 252, "formatid": "gen9randombattle", "rating": 2237, "private": 0, "password": null}