{"id": "gen9randombattle-2260318432", "format": "[Gen 9] Random Battle", "players": ["SONROlegends15", "piojogadordepokemo"], "log": "|j|\u2606SONROlegends15\n|j|\u2606piojogadordepokemo\n|t:|1733839296\n|gametype|singles\n|player|p1|SONROlegends15|101|1022\n|player|p2|piojogadordepokemo|unknown|1031\n|teamsize|p1|6\n|teamsize|p2|6\n|gen|9\n|tier|[Gen 9] Random Battle\n|rated|\n|rule|Species Clause: Limit one of each Pok\u00e9mon\n|rule|HP Percentage Mod: HP is shown in percentages\n|rule|Sleep Clause Mod: Limit one foe put to sleep\n|rule|Illusion Level Mod: Illusion disguises the Pok\u00e9mon's true level\n|\n|t:|1733839296\n|start\n|switch|p1a: Ceruledge|Ceruledge, L78, M|245/245\n|switch|p2a: Mudsdale|Mudsdale, L84, F|305/305\n|turn|1\n|\n|t:|1733839309\n|switch|p1a: Mandibuzz|Mandibuzz, L85, F|326/326\n|move|p2a: Mudsdale|Stealth Rock|p1a: Mandibuzz\n|-sidestart|p1: SONROlegends15|move: Stealth Rock\n|\n|upkeep\n|turn|2\n|\n|t:|1733839333\n|move|p1a: Mandibuzz|Foul Play|p2a: Mudsdale\n|-crit|p2a: Mudsdale\n|-damage|p2a: Mudsdale|119/305\n|-ability|p2a: Mudsdale|Stamina|boost\n|-boost|p2a: Mudsdale|def|1\n|move|p2a: Mudsdale|Stone Edge|p1a: Mandibuzz|[miss]\n|-miss|p2a: Mudsdale|p1a: Mandibuzz\n|\n|-heal|p2a: Mudsdale|138/305|[from] item: Leftovers\n|upkeep\n|turn|3\n|\n|t:|1733839364\n|-terastallize|p2a: Mudsdale|Steel\n|move|p1a: Mandibuzz|Foul Play|p2a: Mudsdale\n|-damage|p2a: Mudsdale|68/305\n|-ability|p2a: Mudsdale|Stamina|boost\n|-boost|p2a: Mudsdale|def|1\n|move|p2a: Mudsdale|Stone Edge|p1a: Mandibuzz\n|-supereffective|p1a: Mandibuzz\n|-crit|p1a: Mandibuzz\n|-damage|p1a: Mandibuzz|88/326\n|\n|-heal|p2a: Mudsdale|87/305|[from] item: Leftovers\n|upkeep\n|turn|4\n|\n|t:|1733839375\n|move|p1a: Mandibuzz|U-turn|p2a: Mudsdale\n|-resisted|p2a: Mudsdale\n|-damage|p2a: Mudsdale|78/305\n|-ability|p2a: Mudsdale|Stamina|boost\n|-boost|p2a: Mudsdale|def|1\n|\n|t:|1733839384\n|switch|p1a: Flygon|Flygon, L82, M|265/265|[from] U-turn\n|-damage|p1a: Flygon|249/265|[from] Stealth Rock\n|move|p2a: Mudsdale|Heavy Slam|p1a: Flygon\n|-damage|p1a: Flygon|89/265\n|\n|-heal|p2a: Mudsdale|97/305|[from] item: Leftovers\n|upkeep\n|turn|5\n|\n|t:|1733839407\n|move|p1a: Flygon|Stone Edge|p2a: Mudsdale\n|-resisted|p2a: Mudsdale\n|-damage|p2a: Mudsdale|80/305\n|-ability|p2a: Mudsdale|Stamina|boost\n|-boost|p2a: Mudsdale|def|1\n|move|p2a: Mudsdale|Heavy Slam|p1a: Flygon\n|-damage|p1a: Flygon|0 fnt\n|faint|p1a: Flygon\n|\n|-heal|p2a: Mudsdale|99/305|[from] item: Leftovers\n|upkeep\n|\n|t:|1733839420\n|switch|p1a: Ceruledge|Ceruledge, L78, M|245/245\n|turn|6\n|\n|t:|1733839427\n|move|p1a: Ceruledge|Bitter Blade|p2a: Mudsdale\n|-supereffective|p2a: Mudsdale\n|-damage|p2a: Mudsdale|37/305\n|-ability|p2a: Mudsdale|Stamina|boost\n|-boost|p2a: Mudsdale|def|1\n|move|p2a: Mudsdale|Earthquake|p1a: Ceruledge\n|-supereffective|p1a: Ceruledge\n|-damage|p1a: Ceruledge|0 fnt\n|faint|p1a: Ceruledge\n|\n|-heal|p2a: Mudsdale|56/305|[from] item: Leftovers\n|upkeep\n|\n|t:|1733839438\n|switch|p1a: Vivillon|Vivillon-High Plains, L84, F|272/272\n|turn|7\n|\n|t:|1733839447\n|move|p1a: Vivillon|Tera Blast|p2a: Mudsdale\n|-resisted|p2a: Mudsdale\n|-crit|p2a: Mudsdale\n|-damage|p2a: Mudsdale|15/305\n|-ability|p2a: Mudsdale|Stamina|boost\n|-boost|p2a: Mudsdale|def|1\n|move|p2a: Mudsdale|Stone Edge|p1a: Vivillon\n|-supereffective|p1a: Vivillon\n|-damage|p1a: Vivillon|0 fnt\n|faint|p1a: Vivillon\n|\n|-heal|p2a: Mudsdale|34/305|[from] item: Leftovers\n|upkeep\n|\n|t:|1733839458\n|switch|p1a: Muk|Muk-Alola, L82, M|306/306\n|-damage|p1a: Muk|268/306|[from] Stealth Rock\n|turn|8\n|\n|t:|1733839467\n|move|p1a: Muk|Shadow Sneak|p2a: Mudsdale\n|-damage|p2a: Mudsdale|27/305\n|move|p2a: Mudsdale|Earthquake|p1a: Muk\n|-supereffective|p1a: Muk\n|-damage|p1a: Muk|0 fnt\n|faint|p1a: Muk\n|\n|-heal|p2a: Mudsdale|46/305|[from] item: Leftovers\n|upkeep\n|\n|t:|1733839475\n|switch|p1a: Mandibuzz|Mandibuzz, L85, F|88/326\n|turn|9\n|\n|t:|1733839480\n|move|p1a: Mandibuzz|Foul Play|p2a: Mudsdale\n|-damage|p2a: Mudsdale|16/305\n|move|p2a: Mudsdale|Stone Edge|p1a: Mandibuzz\n|-supereffective|p1a: Mandibuzz\n|-damage|p1a: Mandibuzz|0 fnt\n|faint|p1a: Mandibuzz\n|\n|-heal|p2a: Mudsdale|35/305|[from] item: Leftovers\n|upkeep\n|\n|t:|1733839488\n|switch|p1a: Plusle|Plusle, L95, M|268/268\n|-damage|p1a: Plusle|235/268|[from] Stealth Rock\n|turn|10\n|\n|t:|1733839494\n|move|p1a: Plusle|Nasty Plot|p1a: Plusle\n|-boost|p1a: Plusle|spa|2\n|move|p2a: Mudsdale|Earthquake|p1a: Plusle\n|-supereffective|p1a: Plusle\n|-damage|p1a: Plusle|0 fnt\n|faint|p1a: Plusle\n|\n|win|piojogadordepokemo\n|raw|SONROlegends15's rating: 1022 &rarr; <strong>1009</strong><br />(-13 for losing)\n|raw|piojogadordepokemo's rating: 1031 &rarr; <strong>1065</strong><br />(+34 for winning)\n", "inputlog": ">version bfd83cad13791eb5a5a409923076391caf6fb4d4\n>start {\"formatid\":\"gen9randombattle\",\"seed\":[34700,58084,12638,53872],\"rated\":\"Rated battle\"}\n>player p1 {\"name\":\"SONROlegends15\",\"avatar\":\"101\",\"rating\":1022,\"seed\":[37996,55259,8628,15444]}\n>player p2 {\"name\":\"piojogadordepokemo\",\"avatar\":\"unknown\",\"rating\":1031,\"seed\":[25561,50654,19028,59458]}\n>p1 switch 3\n>p2 move stealthrock\n>p1 move foulplay\n>p2 move stoneedge\n>p1 move foulplay\n>p2 move stoneedge terastallize\n>p1 move uturn\n>p2 move heavyslam\n>p1 switch 5\n>p1 move stoneedge\n>p2 move heavyslam\n>p1 switch 3\n>p1 move bitterblade\n>p2 move earthquake\n>p1 switch 6\n>p1 move terablast\n>p2 move stoneedge\n>p1 switch 4\n>p1 move shadowsneak\n>p2 move earthquake\n>p1 switch 5\n>p1 move foulplay\n>p2 move stoneedge\n>p1 switch 2\n>p1 move nastyplot\n>p2 move earthquake", "uploadtime": 1733839503, "views": 25, "formatid": "gen9randombattle", "rating": 1009, "private": 0, "password": null}