{"id": "gen9randombattle-2260519566", "format": "[Gen 9] Random Battle", "players": ["Flanagan7", "gflee"], "log": "|j|\u2606Flanagan7\n|j|\u2606gflee\n|t:|1733859500\n|gametype|singles\n|player|p1|Flanagan7|lucas-gen4pt|1415\n|player|p2|gflee|101|1451\n|teamsize|p1|6\n|teamsize|p2|6\n|gen|9\n|tier|[Gen 9] Random Battle\n|rated|\n|rule|Species Clause: Limit one of each Pok\u00e9mon\n|rule|HP Percentage Mod: HP is shown in percentages\n|rule|Sleep Clause Mod: Limit one foe put to sleep\n|rule|Illusion Level Mod: Illusion disguises the Pok\u00e9mon's true level\n|\n|t:|1733859500\n|start\n|switch|p1a: Polteageist|Polteageist, L79|224/224\n|switch|p2a: Volcanion|Volcanion, L79|256/256\n|turn|1\n|inactive|Battle timer is ON: inactive players will automatically lose when time's up. (requested by Flanagan7)\n|l|\u2606Flanagan7\n|inactive|Flanagan7 disconnected and has a minute to reconnect!\n|player|p1|\n|j|\u2606Flanagan7\n|inactive|Flanagan7 reconnected and has 140 seconds left.\n|player|p1|Flanagan7|lucas-gen4pt|\n|\n|t:|1733859517\n|move|p2a: Volcanion|Steam Eruption|p1a: Polteageist\n|-damage|p1a: Polteageist|116/224\n|move|p1a: Polteageist|Shell Smash|p1a: Polteageist\n|-unboost|p1a: Polteageist|def|1\n|-unboost|p1a: Polteageist|spd|1\n|-boost|p1a: Polteageist|atk|2\n|-boost|p1a: Polteageist|spa|2\n|-boost|p1a: Polteageist|spe|2\n|-enditem|p1a: Polteageist|White Herb\n|-clearnegativeboost|p1a: Polteageist|[silent]\n|\n|upkeep\n|turn|2\n|\n|t:|1733859527\n|move|p1a: Polteageist|Shadow Ball|p2a: Volcanion\n|-damage|p2a: Volcanion|40/256\n|move|p2a: Volcanion|Haze|p2a: Volcanion\n|-clearallboost\n|\n|upkeep\n|turn|3\n|\n|t:|1733859535\n|move|p1a: Polteageist|Shell Smash|p1a: Polteageist\n|-unboost|p1a: Polteageist|def|1\n|-unboost|p1a: Polteageist|spd|1\n|-boost|p1a: Polteageist|atk|2\n|-boost|p1a: Polteageist|spa|2\n|-boost|p1a: Polteageist|spe|2\n|move|p2a: Volcanion|Steam Eruption|p1a: Polteageist\n|-damage|p1a: Polteageist|0 fnt\n|faint|p1a: Polteageist\n|\n|upkeep\n|\n|t:|1733859538\n|switch|p1a: Galvantula|Galvantula, L82, M|249/249\n|turn|4\n|c|\u2606gflee|Lol\n|\n|t:|1733859552\n|move|p1a: Galvantula|Giga Drain|p2a: Volcanion\n|-damage|p2a: Volcanion|0 fnt\n|faint|p2a: Volcanion\n|\n|upkeep\n|\n|t:|1733859558\n|switch|p2a: Kleavor|Kleavor, L78, M|237/237\n|turn|5\n|\n|t:|1733859563\n|switch|p1a: Bronzong|Bronzong, L88|261/261\n|move|p2a: Kleavor|Stone Axe|p1a: Bronzong\n|-resisted|p1a: Bronzong\n|-damage|p1a: Bronzong|192/261\n|-sidestart|p1: Flanagan7|move: Stealth Rock\n|\n|-heal|p1a: Bronzong|208/261|[from] item: Leftovers\n|upkeep\n|turn|6\n|\n|t:|1733859574\n|switch|p2a: Dragapult|Dragapult, L77, M|262/262\n|move|p1a: Bronzong|Iron Head|p2a: Dragapult\n|-damage|p2a: Dragapult|147/262\n|\n|-heal|p1a: Bronzong|224/261|[from] item: Leftovers\n|upkeep\n|turn|7\n|\n|t:|1733859584\n|move|p2a: Dragapult|Will-O-Wisp|p1a: Bronzong\n|-status|p1a: Bronzong|brn\n|move|p1a: Bronzong|Hypnosis|p2a: Dragapult\n|-status|p2a: Dragapult|slp|[from] move: Hypnosis\n|\n|-heal|p1a: Bronzong|240/261 brn|[from] item: Leftovers\n|-damage|p1a: Bronzong|224/261 brn|[from] brn\n|upkeep\n|turn|8\n|\n|t:|1733859594\n|cant|p2a: Dragapult|slp\n|move|p1a: Bronzong|Psychic Noise|p2a: Dragapult\n|-damage|p2a: Dragapult|59/262 slp\n|-start|p2a: Dragapult|move: Heal Block\n|\n|-heal|p1a: Bronzong|240/261 brn|[from] item: Leftovers\n|-damage|p1a: Bronzong|224/261 brn|[from] brn\n|upkeep\n|turn|9\n|\n|t:|1733859604\n|cant|p2a: Dragapult|slp\n|move|p1a: Bronzong|Psychic Noise|p2a: Dragapult\n|-damage|p2a: Dragapult|0 fnt\n|faint|p2a: Dragapult\n|\n|-heal|p1a: Bronzong|240/261 brn|[from] item: Leftovers\n|-damage|p1a: Bronzong|224/261 brn|[from] brn\n|upkeep\n|\n|t:|1733859622\n|switch|p2a: Kingambit|Kingambit, L74, M|270/270\n|-activate|p2a: Kingambit|ability: Supreme Overlord\n|-start|p2a: Kingambit|fallen2|[silent]\n|turn|10\n|\n|t:|1733859629\n|move|p2a: Kingambit|Kowtow Cleave|p1a: Bronzong\n|-supereffective|p1a: Bronzong\n|-damage|p1a: Bronzong|44/261 brn\n|move|p1a: Bronzong|Hypnosis|p2a: Kingambit|[miss]\n|-miss|p1a: Bronzong|p2a: Kingambit\n|\n|-heal|p1a: Bronzong|60/261 brn|[from] item: Leftovers\n|-damage|p1a: Bronzong|44/261 brn|[from] brn\n|upkeep\n|turn|11\n|\n|t:|1733859639\n|switch|p1a: Dachsbun|Dachsbun, L92, M|254/254\n|-damage|p1a: Dachsbun|223/254|[from] Stealth Rock\n|move|p2a: Kingambit|Kowtow Cleave|p1a: Dachsbun\n|-resisted|p1a: Dachsbun\n|-damage|p1a: Dachsbun|181/254\n|\n|-heal|p1a: Dachsbun|196/254|[from] item: Leftovers\n|upkeep\n|turn|12\n|\n|t:|1733859649\n|-terastallize|p2a: Kingambit|Flying\n|move|p1a: Dachsbun|Body Press|p2a: Kingambit\n|-resisted|p2a: Kingambit\n|-damage|p2a: Kingambit|235/270\n|move|p2a: Kingambit|Swords Dance|p2a: Kingambit\n|-boost|p2a: Kingambit|atk|2\n|\n|-heal|p1a: Dachsbun|211/254|[from] item: Leftovers\n|-heal|p2a: Kingambit|251/270|[from] item: Leftovers\n|upkeep\n|turn|13\n|\n|t:|1733859661\n|move|p1a: Dachsbun|Play Rough|p2a: Kingambit\n|-damage|p2a: Kingambit|170/270\n|move|p2a: Kingambit|Iron Head|p1a: Dachsbun\n|-supereffective|p1a: Dachsbun\n|-damage|p1a: Dachsbun|0 fnt\n|faint|p1a: Dachsbun\n|\n|-heal|p2a: Kingambit|186/270|[from] item: Leftovers\n|upkeep\n|\n|t:|1733859664\n|switch|p1a: Galvantula|Galvantula, L82, M|249/249\n|turn|14\n|\n|t:|1733859674\n|move|p2a: Kingambit|Sucker Punch||[still]\n|-fail|p2a: Kingambit\n|move|p1a: Galvantula|Sticky Web|p2a: Kingambit\n|-sidestart|p2: gflee|move: Sticky Web\n|\n|-heal|p2a: Kingambit|202/270|[from] item: Leftovers\n|upkeep\n|turn|15\n|\n|t:|1733859681\n|move|p2a: Kingambit|Sucker Punch||[still]\n|-fail|p2a: Kingambit\n|move|p1a: Galvantula|Sticky Web||[still]\n|-fail|p1a: Galvantula\n|\n|-heal|p2a: Kingambit|218/270|[from] item: Leftovers\n|upkeep\n|turn|16\n|\n|t:|1733859689\n|move|p2a: Kingambit|Sucker Punch|p1a: Galvantula\n|-damage|p1a: Galvantula|8/249\n|move|p1a: Galvantula|Thunder|p2a: Kingambit\n|-supereffective|p2a: Kingambit\n|-damage|p2a: Kingambit|0 fnt\n|faint|p2a: Kingambit\n|-end|p2a: Kingambit|fallen2|[silent]\n|\n|upkeep\n|\n|t:|1733859700\n|switch|p2a: Salamence|Salamence, L77, M|273/273\n|-ability|p2a: Salamence|Intimidate|boost\n|-unboost|p1a: Galvantula|atk|1\n|turn|17\n|\n|t:|1733859706\n|move|p1a: Galvantula|Thunder|p2a: Salamence\n|-damage|p2a: Salamence|155/273\n|move|p2a: Salamence|Dragon Dance|p2a: Salamence\n|-boost|p2a: Salamence|atk|1\n|-boost|p2a: Salamence|spe|1\n|\n|upkeep\n|turn|18\n|\n|t:|1733859714\n|move|p2a: Salamence|Earthquake|p1a: Galvantula\n|-damage|p1a: Galvantula|0 fnt\n|faint|p1a: Galvantula\n|\n|upkeep\n|\n|t:|1733859719\n|switch|p1a: Excadrill|Excadrill, L79, M|303/303\n|-damage|p1a: Excadrill|294/303|[from] Stealth Rock\n|-ability|p1a: Excadrill|Mold Breaker\n|turn|19\n|\n|t:|1733859727\n|move|p2a: Salamence|Dual Wingbeat|p1a: Excadrill\n|-resisted|p1a: Excadrill\n|-damage|p1a: Excadrill|245/303\n|-resisted|p1a: Excadrill\n|-damage|p1a: Excadrill|194/303\n|-hitcount|p1a: Excadrill|2\n|move|p1a: Excadrill|Rapid Spin|p2a: Salamence\n|-damage|p2a: Salamence|106/273\n|-boost|p1a: Excadrill|spe|1\n|-sideend|p1: Flanagan7|Stealth Rock|[from] move: Rapid Spin|[of] p1a: Excadrill\n|\n|upkeep\n|turn|20\n|\n|t:|1733859738\n|move|p2a: Salamence|Earthquake|p1a: Excadrill\n|-supereffective|p1a: Excadrill\n|-damage|p1a: Excadrill|0 fnt\n|faint|p1a: Excadrill\n|\n|upkeep\n|\n|t:|1733859741\n|switch|p1a: Porygon-Z|Porygon-Z, L83|277/277\n|turn|21\n|\n|t:|1733859748\n|move|p2a: Salamence|Outrage|p1a: Porygon-Z\n|-damage|p1a: Porygon-Z|48/277\n|move|p1a: Porygon-Z|Shadow Ball|p2a: Salamence\n|-crit|p2a: Salamence\n|-damage|p2a: Salamence|0 fnt\n|faint|p2a: Salamence\n|\n|upkeep\n|\n|t:|1733859761\n|switch|p2a: Poliwrath|Poliwrath, L88, F|302/302\n|-activate|p2a: Poliwrath|move: Sticky Web\n|-unboost|p2a: Poliwrath|spe|1\n|turn|22\n|\n|t:|1733859768\n|switch|p1a: Bronzong|Bronzong, L88|44/261 brn\n|move|p2a: Poliwrath|Liquidation|p1a: Bronzong\n|-damage|p1a: Bronzong|0 fnt\n|faint|p1a: Bronzong\n|\n|upkeep\n|\n|t:|1733859770\n|switch|p1a: Porygon-Z|Porygon-Z, L83|48/277\n|turn|23\n|\n|t:|1733859780\n|-terastallize|p1a: Porygon-Z|Ghost\n|move|p1a: Porygon-Z|Trick|p2a: Poliwrath\n|-activate|p1a: Porygon-Z|move: Trick|[of] p2a: Poliwrath\n|-item|p2a: Poliwrath|Choice Scarf|[from] move: Trick\n|-item|p1a: Porygon-Z|Assault Vest|[from] move: Trick\n|move|p2a: Poliwrath|Close Combat|p1a: Porygon-Z\n|-immune|p1a: Porygon-Z\n|\n|upkeep\n|turn|24\n|\n|t:|1733859788\n|switch|p2a: Kleavor|Kleavor, L78, M|237/237\n|-activate|p2a: Kleavor|move: Sticky Web\n|-unboost|p2a: Kleavor|spe|1\n|move|p1a: Porygon-Z|Shadow Ball|p2a: Kleavor\n|-damage|p2a: Kleavor|61/237\n|\n|upkeep\n|turn|25\n|\n|t:|1733859797\n|move|p1a: Porygon-Z|Shadow Ball|p2a: Kleavor\n|-damage|p2a: Kleavor|0 fnt\n|faint|p2a: Kleavor\n|\n|upkeep\n|c|\u2606gflee|K bro lol\n|\n|t:|1733859805\n|switch|p2a: Poliwrath|Poliwrath, L88, F|302/302\n|-activate|p2a: Poliwrath|move: Sticky Web\n|-unboost|p2a: Poliwrath|spe|1\n|turn|26\n|\n|t:|1733859820\n|move|p1a: Porygon-Z|Thunderbolt|p2a: Poliwrath\n|-supereffective|p2a: Poliwrath\n|-damage|p2a: Poliwrath|140/302\n|-status|p2a: Poliwrath|par\n|cant|p2a: Poliwrath|par\n|\n|upkeep\n|turn|27\n|c|\u2606gflee|Wow lmao\n|\n|t:|1733859830\n|move|p1a: Porygon-Z|Thunderbolt|p2a: Poliwrath\n|-supereffective|p2a: Poliwrath\n|-damage|p2a: Poliwrath|0 fnt\n|faint|p2a: Poliwrath\n|\n|win|Flanagan7\n|raw|Flanagan7's rating: 1415 &rarr; <strong>1437</strong><br />(+22 for winning)\n|raw|gflee's rating: 1451 &rarr; <strong>1429</strong><br />(-22 for losing)\n|l|\u2606Flanagan7\n|player|p1|\n|c|\u2606gflee|Rng God\n|j|\u2606Flanagan7\n|player|p1|Flanagan7|lucas-gen4pt|\n", "inputlog": ">version bfd83cad13791eb5a5a409923076391caf6fb4d4\n>start {\"formatid\":\"gen9randombattle\",\"seed\":[34773,35504,58549,59585],\"rated\":\"Rated battle\"}\n>player p1 {\"name\":\"Flanagan7\",\"avatar\":\"lucas-gen4pt\",\"rating\":1415,\"seed\":[52845,63472,39832,1236]}\n>player p2 {\"name\":\"gflee\",\"avatar\":\"101\",\"rating\":1451,\"seed\":[12608,52834,19637,9720]}\n>p1 move shellsmash\n>p2 move steameruption\n>p1 move shadowball\n>p2 move haze\n>p1 move shellsmash\n>p2 move steameruption\n>p1 switch 2\n>chat \u2606gflee|Lol\n>p1 move gigadrain\n>p2 move flamethrower\n>p2 switch 5\n>p1 switch 3\n>p2 move stoneaxe\n>p1 move ironhead\n>p2 switch 3\n>p1 move hypnosis\n>p2 move willowisp\n>p1 move psychicnoise\n>p2 move hex\n>p1 move psychicnoise\n>p2 move hex\n>p2 switch 6\n>p1 move hypnosis\n>p2 move kowtowcleave\n>p1 switch 6\n>p2 move kowtowcleave\n>p1 move bodypress\n>p2 move swordsdance terastallize\n>p1 move playrough\n>p2 move ironhead\n>p1 switch 3\n>p1 move stickyweb\n>p2 move suckerpunch\n>p1 move stickyweb\n>p2 move suckerpunch\n>p1 move thunder\n>p2 move suckerpunch\n>p2 switch 2\n>p1 move thunder\n>p2 move dragondance\n>p1 move thunder\n>p2 move earthquake\n>p1 switch 4\n>p1 move rapidspin\n>p2 move dualwingbeat\n>p1 move rapidspin\n>p2 move earthquake\n>p1 switch 5\n>p1 move shadowball\n>p2 move outrage\n>p2 switch 4\n>p1 switch 6\n>p2 move liquidation\n>p1 switch 6\n>p1 move trick terastallize\n>p2 move closecombat\n>p1 move shadowball\n>p2 switch 3\n>p1 move shadowball\n>p2 move xscissor\n>chat \u2606gflee|K bro lol\n>p2 switch 3\n>p1 move thunderbolt\n>p2 move knockoff\n>chat \u2606gflee|Wow lmao \n>p1 move thunderbolt\n>p2 move knockoff", "uploadtime": 1733859963, "views": 1, "formatid": "gen9randombattle", "rating": 1429, "private": 0, "password": null}