{"id": "gen9randombattle-2157935855", "format": "[Gen 9] Random Battle", "players": ["canyousparechange", "yuri supremacy"], "log": "|j|\u2606canyousparechange\n|j|\u2606yuri supremacy\n|t:|1720542465\n|gametype|singles\n|player|p1|canyousparechange|li|2183\n|player|p2|yuri supremacy|leaf-masters|2224\n|teamsize|p1|6\n|teamsize|p2|6\n|gen|9\n|tier|[Gen 9] Random Battle\n|rated|\n|rule|Species Clause: Limit one of each Pok\u00e9mon\n|rule|HP Percentage Mod: HP is shown in percentages\n|rule|Sleep Clause Mod: Limit one foe put to sleep\n|rule|Illusion Level Mod: Illusion disguises the Pok\u00e9mon's true level\n|\n|t:|1720542465\n|start\n|switch|p1a: Skeledirge|Skeledirge, L79, F|294/294\n|switch|p2a: Dugtrio|Dugtrio, L84, M|196/196\n|turn|1\n|inactive|Battle timer is ON: inactive players will automatically lose when time's up. (requested by yuri supremacy)\n|\n|t:|1720542473\n|switch|p1a: Azelf|Azelf, L82|257/257\n|move|p2a: Dugtrio|Earthquake|p1a: Azelf\n|-immune|p1a: Azelf|[from] ability: Levitate\n|\n|upkeep\n|turn|2\n|\n|t:|1720542484\n|move|p2a: Dugtrio|Sucker Punch|p1a: Azelf\n|-supereffective|p1a: Azelf\n|-damage|p1a: Azelf|131/257\n|move|p1a: Azelf|Psychic|p2a: Dugtrio\n|-damage|p2a: Dugtrio|19/196\n|-damage|p1a: Azelf|106/257|[from] item: Life Orb\n|\n|upkeep\n|turn|3\n|\n|t:|1720542493\n|move|p2a: Dugtrio|Stone Edge|p1a: Azelf\n|-damage|p1a: Azelf|25/257\n|move|p1a: Azelf|Psychic|p2a: Dugtrio\n|-damage|p2a: Dugtrio|0 fnt\n|faint|p2a: Dugtrio\n|-damage|p1a: Azelf|0 fnt|[from] item: Life Orb\n|faint|p1a: Azelf\n|\n|upkeep\n|\n|t:|1720542501\n|switch|p2a: Gallade|Gallade, L82, M|246/246\n|switch|p1a: Skeledirge|Skeledirge, L79, F|294/294\n|turn|4\n|\n|t:|1720542507\n|move|p2a: Gallade|Night Slash|p1a: Skeledirge\n|-supereffective|p1a: Skeledirge\n|-damage|p1a: Skeledirge|89/294\n|-damage|p2a: Gallade|222/246|[from] item: Life Orb\n|move|p1a: Skeledirge|Will-O-Wisp|p2a: Gallade\n|-status|p2a: Gallade|brn\n|\n|-damage|p2a: Gallade|207/246 brn|[from] brn\n|upkeep\n|turn|5\n|\n|t:|1720542524\n|switch|p1a: Zekrom|Zekrom, L71|259/259\n|-ability|p1a: Zekrom|Teravolt\n|move|p2a: Gallade|Night Slash|p1a: Zekrom\n|-crit|p1a: Zekrom\n|-damage|p1a: Zekrom|177/259\n|-damage|p2a: Gallade|183/246 brn|[from] item: Life Orb\n|\n|-heal|p1a: Zekrom|193/259|[from] item: Leftovers\n|-damage|p2a: Gallade|168/246 brn|[from] brn\n|upkeep\n|turn|6\n|\n|t:|1720542527\n|move|p2a: Gallade|Sacred Sword|p1a: Zekrom\n|-damage|p1a: Zekrom|93/259\n|-damage|p2a: Gallade|144/246 brn|[from] item: Life Orb\n|move|p1a: Zekrom|Dragon Dance|p1a: Zekrom\n|-boost|p1a: Zekrom|atk|1\n|-boost|p1a: Zekrom|spe|1\n|\n|-heal|p1a: Zekrom|109/259|[from] item: Leftovers\n|-damage|p2a: Gallade|129/246 brn|[from] brn\n|upkeep\n|turn|7\n|\n|t:|1720542537\n|move|p1a: Zekrom|Bolt Strike|p2a: Gallade\n|-damage|p2a: Gallade|0 fnt\n|faint|p2a: Gallade\n|\n|-heal|p1a: Zekrom|125/259|[from] item: Leftovers\n|upkeep\n|\n|t:|1720542539\n|switch|p2a: Krookodile|Krookodile, L80, M|283/283\n|-ability|p2a: Krookodile|Intimidate|boost\n|-unboost|p1a: Zekrom|atk|1\n|turn|8\n|\n|t:|1720542561\n|move|p1a: Zekrom|Outrage|p2a: Krookodile\n|-damage|p2a: Krookodile|132/283\n|move|p2a: Krookodile|Earthquake|p1a: Zekrom\n|-supereffective|p1a: Zekrom\n|-damage|p1a: Zekrom|0 fnt\n|faint|p1a: Zekrom\n|-damage|p2a: Krookodile|104/283|[from] item: Life Orb\n|\n|upkeep\n|\n|t:|1720542566\n|switch|p1a: Mienshao|Mienshao, L83, F|244/244\n|turn|9\n|\n|t:|1720542570\n|switch|p2a: Tsareena|Tsareena, L87, F|267/267\n|move|p1a: Mienshao|U-turn|p2a: Tsareena\n|-supereffective|p2a: Tsareena\n|-damage|p2a: Tsareena|155/267\n|\n|t:|1720542581\n|switch|p1a: Toxapex|Toxapex, L82, M|216/216|[from] U-turn\n|\n|upkeep\n|turn|10\n|\n|t:|1720542588\n|switch|p2a: Krookodile|Krookodile, L80, M|104/283\n|-ability|p2a: Krookodile|Intimidate|boost\n|-unboost|p1a: Toxapex|atk|1\n|move|p1a: Toxapex|Toxic|p2a: Krookodile\n|-status|p2a: Krookodile|tox\n|\n|-damage|p2a: Krookodile|87/283 tox|[from] psn\n|upkeep\n|turn|11\n|\n|t:|1720542605\n|switch|p1a: Mienshao|Mienshao, L83, F|244/244\n|move|p2a: Krookodile|Stealth Rock|p1a: Mienshao\n|-sidestart|p1: canyousparechange|move: Stealth Rock\n|\n|-damage|p2a: Krookodile|53/283 tox|[from] psn\n|upkeep\n|turn|12\n|\n|t:|1720542613\n|switch|p2a: Tsareena|Tsareena, L87, F|155/267\n|move|p1a: Mienshao|Fake Out||[still]\n|cant|p2a: Tsareena|ability: Queenly Majesty|Fake Out|[of] p1a: Mienshao\n|\n|upkeep\n|turn|13\n|\n|t:|1720542617\n|move|p1a: Mienshao|Knock Off|p2a: Tsareena\n|-damage|p2a: Tsareena|82/267\n|-enditem|p2a: Tsareena|Assault Vest|[from] move: Knock Off|[of] p1a: Mienshao\n|move|p2a: Tsareena|Knock Off|p1a: Mienshao\n|-resisted|p1a: Mienshao\n|-damage|p1a: Mienshao|182/244\n|-enditem|p1a: Mienshao|Assault Vest|[from] move: Knock Off|[of] p2a: Tsareena\n|\n|upkeep\n|turn|14\n|\n|t:|1720542621\n|move|p1a: Mienshao|U-turn|p2a: Tsareena\n|-supereffective|p2a: Tsareena\n|-damage|p2a: Tsareena|0 fnt\n|faint|p2a: Tsareena\n|\n|t:|1720542627\n|switch|p1a: Meowstic|Meowstic-F, L89, F|277/277|[from] U-turn\n|-damage|p1a: Meowstic|243/277|[from] Stealth Rock\n|\n|upkeep\n|\n|t:|1720542630\n|switch|p2a: Lokix|Lokix, L82, F|251/251\n|turn|15\n|\n|t:|1720542634\n|switch|p1a: Toxapex|Toxapex, L82, M|216/216\n|-damage|p1a: Toxapex|189/216|[from] Stealth Rock\n|-terastallize|p2a: Lokix|Bug\n|move|p2a: Lokix|First Impression|p1a: Toxapex\n|-resisted|p1a: Toxapex\n|-damage|p1a: Toxapex|85/216\n|\n|-heal|p1a: Toxapex|98/216|[from] item: Leftovers\n|upkeep\n|turn|16\n|\n|t:|1720542643\n|move|p2a: Lokix|Knock Off|p1a: Toxapex\n|-damage|p1a: Toxapex|34/216\n|-enditem|p1a: Toxapex|Leftovers|[from] move: Knock Off|[of] p2a: Lokix\n|move|p1a: Toxapex|Recover|p1a: Toxapex\n|-heal|p1a: Toxapex|142/216\n|\n|upkeep\n|turn|17\n|\n|t:|1720542645\n|move|p2a: Lokix|U-turn|p1a: Toxapex\n|-resisted|p1a: Toxapex\n|-damage|p1a: Toxapex|62/216\n|\n|t:|1720542647\n|switch|p2a: Lapras|Lapras, L88, M|372/372|[from] U-turn\n|move|p1a: Toxapex|Recover|p1a: Toxapex\n|-heal|p1a: Toxapex|170/216\n|\n|upkeep\n|turn|18\n|\n|t:|1720542653\n|move|p2a: Lapras|Freeze-Dry|p1a: Toxapex\n|-supereffective|p1a: Toxapex\n|-damage|p1a: Toxapex|72/216\n|move|p1a: Toxapex|Toxic|p2a: Lapras\n|-status|p2a: Lapras|tox\n|\n|-damage|p2a: Lapras|349/372 tox|[from] psn\n|upkeep\n|turn|19\n|inactive|canyousparechange has 120 seconds left.\n|\n|t:|1720542687\n|-terastallize|p1a: Toxapex|Fairy\n|move|p2a: Lapras|Earthquake|p1a: Toxapex\n|-damage|p1a: Toxapex|28/216\n|move|p1a: Toxapex|Recover|p1a: Toxapex\n|-heal|p1a: Toxapex|136/216\n|\n|-damage|p2a: Lapras|303/372 tox|[from] psn\n|upkeep\n|turn|20\n|inactive|canyousparechange has 120 seconds left.\n|inactive|yuri supremacy has 120 seconds left.\n|\n|t:|1720542729\n|switch|p1a: Meowstic|Meowstic-F, L89, F|243/277\n|-damage|p1a: Meowstic|209/277|[from] Stealth Rock\n|move|p2a: Lapras|Waterfall|p1a: Meowstic\n|-damage|p1a: Meowstic|113/277\n|\n|-damage|p2a: Lapras|234/372 tox|[from] psn\n|upkeep\n|turn|21\n|inactive|canyousparechange has 120 seconds left.\n|\n|t:|1720542746\n|move|p1a: Meowstic|Thunderbolt|p2a: Lapras\n|-supereffective|p2a: Lapras\n|-damage|p2a: Lapras|75/372 tox\n|-damage|p1a: Meowstic|86/277|[from] item: Life Orb\n|move|p2a: Lapras|Waterfall|p1a: Meowstic\n|-damage|p1a: Meowstic|0 fnt\n|faint|p1a: Meowstic\n|\n|-damage|p2a: Lapras|0 fnt|[from] psn\n|faint|p2a: Lapras\n|upkeep\n|inactive|canyousparechange has 120 seconds left.\n|\n|t:|1720542754\n|switch|p1a: Mienshao|Mienshao, L83, F|244/244\n|switch|p2a: Lokix|Lokix, L82, F, tera:Bug|251/251\n|-damage|p1a: Mienshao|229/244|[from] Stealth Rock\n|turn|22\n|inactive|yuri supremacy has 120 seconds left.\n|\n|t:|1720542768\n|move|p1a: Mienshao|Fake Out|p2a: Lokix\n|-damage|p2a: Lokix|212/251\n|cant|p2a: Lokix|flinch\n|\n|upkeep\n|turn|23\n|\n|t:|1720542770\n|move|p1a: Mienshao|Knock Off|p2a: Lokix\n|-damage|p2a: Lokix|124/251\n|-enditem|p2a: Lokix|Silver Powder|[from] move: Knock Off|[of] p1a: Mienshao\n|move|p2a: Lokix|U-turn|p1a: Mienshao\n|-resisted|p1a: Mienshao\n|-damage|p1a: Mienshao|87/244\n|-message|yuri supremacy forfeited.\n|\n|win|canyousparechange\n|raw|canyousparechange's rating: 2183 &rarr; <strong>2205</strong><br />(+22 for winning)\n|raw|yuri supremacy's rating: 2224 &rarr; <strong>2202</strong><br />(-22 for losing)\n|l|\u2606yuri supremacy\n|player|p2|\n", "inputlog": ">version 708131a49d80c5074b5d7130220aa0cc60fe6fba\n>start {\"formatid\":\"gen9randombattle\",\"seed\":[10530,6642,42910,1994],\"rated\":\"Rated battle\"}\n>player p1 {\"name\":\"canyousparechange\",\"avatar\":\"li\",\"rating\":2183,\"seed\":[24921,4382,8015,52051]}\n>player p2 {\"name\":\"yuri supremacy\",\"avatar\":\"leaf-masters\",\"rating\":2224,\"seed\":[52968,53957,6849,49736]}\n>p1 switch 3\n>p2 move earthquake\n>p1 move psychic\n>p2 move suckerpunch\n>p1 move psychic\n>p2 move stoneedge\n>p1 switch 3\n>p2 switch 3\n>p1 move willowisp\n>p2 move nightslash\n>p1 switch 2\n>p2 move nightslash\n>p1 move dragondance\n>p2 move sacredsword\n>p1 move boltstrike\n>p2 move sacredsword\n>p2 switch 6\n>p1 move outrage\n>p2 move earthquake\n>p1 switch 6\n>p1 move uturn\n>p2 switch 4\n>p1 switch 5\n>p1 move toxic\n>p2 switch 4\n>p1 switch 5\n>p2 move stealthrock\n>p1 move fakeout\n>p2 switch 4\n>p1 move knockoff\n>p2 move knockoff\n>p1 move uturn\n>p2 move powerwhip\n>p1 switch 4\n>p2 switch 5\n>p1 switch 5\n>p2 move firstimpression terastallize\n>p1 move recover\n>p2 move knockoff\n>p1 move recover\n>p2 move uturn\n>p2 switch 2\n>p1 move toxic\n>p2 move freezedry\n>p1 move recover terastallize\n>p2 move earthquake\n>p1 switch 5\n>p2 move waterfall\n>p1 move thunderbolt\n>p2 move waterfall\n>p1 switch 4\n>p2 switch 2\n>p1 move fakeout\n>p2 move firstimpression\n>p1 move knockoff\n>p2 move uturn\n>forcelose p2", "uploadtime": 1720542779, "views": 159, "formatid": "gen9randombattle", "rating": 2202, "private": 0, "password": null}