{"id": "gen9randombattle-2260846155", "format": "[Gen 9] Random Battle", "players": ["RoboWahbit", "FGR RNDM Q3"], "log": "|j|\u2606RoboWahbit\n|j|\u2606FGR RNDM Q3\n|t:|1733903135\n|gametype|singles\n|player|p1|RoboWahbit|101|1105\n|player|p2|FGR RNDM Q3|101|1101\n|teamsize|p1|6\n|teamsize|p2|6\n|gen|9\n|tier|[Gen 9] Random Battle\n|rated|\n|rule|Species Clause: Limit one of each Pok\u00e9mon\n|rule|HP Percentage Mod: HP is shown in percentages\n|rule|Sleep Clause Mod: Limit one foe put to sleep\n|rule|Illusion Level Mod: Illusion disguises the Pok\u00e9mon's true level\n|\n|t:|1733903135\n|start\n|switch|p1a: Pachirisu|Pachirisu, L96, F|271/271\n|switch|p2a: Torkoal|Torkoal, L88, F|266/266\n|-weather|SunnyDay|[from] ability: Drought|[of] p2a: Torkoal\n|turn|1\n|inactive|Battle timer is ON: inactive players will automatically lose when time's up. (requested by FGR RNDM Q3)\n|c|\u2606RoboWahbit|hf\n|inactive|RoboWahbit also wants the timer to be on.\n|\n|t:|1733903150\n|switch|p2a: Clodsire|Clodsire, L81, F|343/343\n|move|p1a: Pachirisu|Super Fang|p2a: Clodsire\n|-damage|p2a: Clodsire|172/343\n|\n|-weather|SunnyDay|[upkeep]\n|-heal|p2a: Clodsire|193/343|[from] item: Leftovers\n|upkeep\n|turn|2\n|\n|t:|1733903155\n|move|p1a: Pachirisu|Super Fang|p2a: Clodsire|[miss]\n|-miss|p1a: Pachirisu|p2a: Clodsire\n|move|p2a: Clodsire|Recover|p2a: Clodsire\n|-heal|p2a: Clodsire|343/343\n|\n|-weather|SunnyDay|[upkeep]\n|upkeep\n|turn|3\n|\n|t:|1733903160\n|move|p1a: Pachirisu|Discharge|p2a: Clodsire\n|-immune|p2a: Clodsire\n|move|p2a: Clodsire|Stealth Rock|p1a: Pachirisu\n|-sidestart|p1: RoboWahbit|move: Stealth Rock\n|\n|-weather|SunnyDay|[upkeep]\n|upkeep\n|turn|4\n|\n|t:|1733903166\n|switch|p1a: Tentacruel|Tentacruel, L84, F|272/272\n|-damage|p1a: Tentacruel|238/272|[from] Stealth Rock\n|move|p2a: Clodsire|Toxic|p1a: Tentacruel\n|-immune|p1a: Tentacruel\n|\n|-weather|SunnyDay|[upkeep]\n|-heal|p1a: Tentacruel|255/272|[from] item: Leftovers\n|upkeep\n|turn|5\n|\n|t:|1733903171\n|move|p1a: Tentacruel|Rapid Spin|p2a: Clodsire\n|-damage|p2a: Clodsire|308/343\n|-boost|p1a: Tentacruel|spe|1\n|-sideend|p1: RoboWahbit|Stealth Rock|[from] move: Rapid Spin|[of] p1a: Tentacruel\n|move|p2a: Clodsire|Earthquake|p1a: Tentacruel\n|-supereffective|p1a: Tentacruel\n|-damage|p1a: Tentacruel|61/272\n|\n|-weather|none\n|-heal|p1a: Tentacruel|78/272|[from] item: Leftovers\n|-heal|p2a: Clodsire|329/343|[from] item: Leftovers\n|upkeep\n|turn|6\n|\n|t:|1733903188\n|move|p1a: Tentacruel|Surf|p2a: Clodsire\n|-supereffective|p2a: Clodsire\n|-damage|p2a: Clodsire|167/343\n|move|p2a: Clodsire|Stealth Rock|p1a: Tentacruel\n|-sidestart|p1: RoboWahbit|move: Stealth Rock\n|\n|-heal|p1a: Tentacruel|95/272|[from] item: Leftovers\n|-heal|p2a: Clodsire|188/343|[from] item: Leftovers\n|upkeep\n|turn|7\n|\n|t:|1733903195\n|switch|p2a: Banette|Banette, L93, M|270/270\n|-item|p1a: Tentacruel|Leftovers|[from] ability: Frisk|[of] p2a: Banette\n|move|p1a: Tentacruel|Rapid Spin|p2a: Banette\n|-immune|p2a: Banette\n|\n|-heal|p1a: Tentacruel|112/272|[from] item: Leftovers\n|upkeep\n|turn|8\n|\n|t:|1733903203\n|move|p1a: Tentacruel|Rapid Spin|p2a: Banette\n|-immune|p2a: Banette\n|move|p2a: Banette|Thunder Wave|p1a: Tentacruel\n|-status|p1a: Tentacruel|par\n|\n|-heal|p1a: Tentacruel|129/272 par|[from] item: Leftovers\n|upkeep\n|turn|9\n|\n|t:|1733903208\n|move|p2a: Banette|Poltergeist|p1a: Tentacruel|[miss]\n|-miss|p2a: Banette|p1a: Tentacruel\n|move|p1a: Tentacruel|Rapid Spin|p2a: Banette\n|-immune|p2a: Banette\n|\n|-heal|p1a: Tentacruel|146/272 par|[from] item: Leftovers\n|upkeep\n|turn|10\n|\n|t:|1733903210\n|switch|p1a: Grimmsnarl|Grimmsnarl, L83, M|293/293\n|-damage|p1a: Grimmsnarl|257/293|[from] Stealth Rock\n|move|p2a: Banette|Poltergeist|p1a: Grimmsnarl\n|-activate|p1a: Grimmsnarl|move: Poltergeist|Light Clay\n|-resisted|p1a: Grimmsnarl\n|-damage|p1a: Grimmsnarl|119/293\n|-damage|p2a: Banette|243/270|[from] item: Life Orb\n|\n|upkeep\n|turn|11\n|\n|t:|1733903218\n|move|p1a: Grimmsnarl|Reflect|p1a: Grimmsnarl\n|-sidestart|p1: RoboWahbit|Reflect\n|move|p2a: Banette|Gunk Shot|p1a: Grimmsnarl\n|-supereffective|p1a: Grimmsnarl\n|-damage|p1a: Grimmsnarl|0 fnt\n|faint|p1a: Grimmsnarl\n|-damage|p2a: Banette|216/270|[from] item: Life Orb\n|\n|upkeep\n|\n|t:|1733903218\n|switch|p1a: Crawdaunt|Crawdaunt, L84, M|243/243\n|-damage|p1a: Crawdaunt|213/243|[from] Stealth Rock\n|turn|12\n|\n|t:|1733903232\n|move|p2a: Banette|Thunder Wave|p1a: Crawdaunt\n|-status|p1a: Crawdaunt|par\n|move|p1a: Crawdaunt|Knock Off|p2a: Banette\n|-supereffective|p2a: Banette\n|-damage|p2a: Banette|0 fnt\n|-enditem|p2a: Banette|Life Orb|[from] move: Knock Off|[of] p1a: Crawdaunt\n|faint|p2a: Banette\n|-damage|p1a: Crawdaunt|189/243 par|[from] item: Life Orb\n|\n|upkeep\n|\n|t:|1733903242\n|switch|p2a: Vikavolt|Vikavolt, L83, F|263/263\n|turn|13\n|\n|t:|1733903246\n|switch|p1a: Pachirisu|Pachirisu, L96, F|271/271\n|move|p2a: Vikavolt|Volt Switch|p1a: Pachirisu\n|-immune|p1a: Pachirisu|[from] ability: Volt Absorb\n|\n|upkeep\n|turn|14\n|\n|t:|1733903251\n|switch|p2a: Clodsire|Clodsire, L81, F|188/343\n|move|p1a: Pachirisu|Super Fang|p2a: Clodsire\n|-damage|p2a: Clodsire|94/343\n|\n|-heal|p2a: Clodsire|115/343|[from] item: Leftovers\n|upkeep\n|turn|15\n|\n|t:|1733903255\n|switch|p1a: Tentacruel|Tentacruel, L84, F|146/272 par\n|-damage|p1a: Tentacruel|112/272 par|[from] Stealth Rock\n|move|p2a: Clodsire|Recover|p2a: Clodsire\n|-heal|p2a: Clodsire|287/343\n|\n|-heal|p1a: Tentacruel|129/272 par|[from] item: Leftovers\n|-heal|p2a: Clodsire|308/343|[from] item: Leftovers\n|upkeep\n|turn|16\n|\n|t:|1733903262\n|move|p1a: Tentacruel|Rapid Spin|p2a: Clodsire\n|-damage|p2a: Clodsire|271/343\n|-boost|p1a: Tentacruel|spe|1\n|-sideend|p1: RoboWahbit|Stealth Rock|[from] move: Rapid Spin|[of] p1a: Tentacruel\n|move|p2a: Clodsire|Earthquake|p1a: Tentacruel\n|-supereffective|p1a: Tentacruel\n|-damage|p1a: Tentacruel|18/272 par\n|\n|-heal|p1a: Tentacruel|35/272 par|[from] item: Leftovers\n|-heal|p2a: Clodsire|292/343|[from] item: Leftovers\n|upkeep\n|turn|17\n|\n|t:|1733903276\n|switch|p2a: Basculin|Basculin, L86, M|261/261\n|move|p1a: Tentacruel|Surf|p2a: Basculin\n|-resisted|p2a: Basculin\n|-damage|p2a: Basculin|207/261\n|\n|-heal|p1a: Tentacruel|52/272 par|[from] item: Leftovers\n|upkeep\n|turn|18\n|\n|t:|1733903281\n|move|p2a: Basculin|Double-Edge|p1a: Tentacruel\n|-damage|p1a: Tentacruel|0 fnt\n|faint|p1a: Tentacruel\n|-damage|p2a: Basculin|190/261|[from] Recoil\n|\n|-sideend|p1: RoboWahbit|Reflect\n|upkeep\n|\n|t:|1733903281\n|switch|p1a: Magcargo|Magcargo, L95, F|268/268\n|turn|19\n|\n|t:|1733903288\n|switch|p2a: Clodsire|Clodsire, L81, F|292/343\n|move|p1a: Magcargo|Lava Plume|p2a: Clodsire\n|-damage|p2a: Clodsire|202/343\n|\n|-heal|p2a: Clodsire|223/343|[from] item: Leftovers\n|upkeep\n|turn|20\n|\n|t:|1733903295\n|switch|p1a: Rillaboom|Rillaboom, L79, F|288/288\n|-fieldstart|move: Grassy Terrain|[from] ability: Grassy Surge|[of] p1a: Rillaboom\n|move|p2a: Clodsire|Toxic|p1a: Rillaboom\n|-status|p1a: Rillaboom|tox\n|\n|-heal|p2a: Clodsire|244/343|[from] Grassy Terrain\n|-heal|p2a: Clodsire|265/343|[from] item: Leftovers\n|-damage|p1a: Rillaboom|270/288 tox|[from] psn\n|upkeep\n|turn|21\n|\n|t:|1733903305\n|switch|p2a: Torkoal|Torkoal, L88, F|266/266\n|-weather|SunnyDay|[from] ability: Drought|[of] p2a: Torkoal\n|move|p1a: Rillaboom|Swords Dance|p1a: Rillaboom\n|-boost|p1a: Rillaboom|atk|2\n|\n|-weather|SunnyDay|[upkeep]\n|-heal|p1a: Rillaboom|288/288 tox|[from] Grassy Terrain\n|-damage|p1a: Rillaboom|252/288 tox|[from] psn\n|upkeep\n|turn|22\n|\n|t:|1733903317\n|move|p1a: Rillaboom|High Horsepower|p2a: Torkoal\n|-supereffective|p2a: Torkoal\n|-damage|p2a: Torkoal|14/266\n|-damage|p1a: Rillaboom|224/288 tox|[from] item: Life Orb\n|move|p2a: Torkoal|Lava Plume|p1a: Rillaboom\n|-supereffective|p1a: Rillaboom\n|-damage|p1a: Rillaboom|0 fnt\n|faint|p1a: Rillaboom\n|\n|-weather|SunnyDay|[upkeep]\n|-heal|p2a: Torkoal|30/266|[from] Grassy Terrain\n|upkeep\n|\n|t:|1733903317\n|switch|p1a: Magcargo|Magcargo, L95, F|268/268\n|turn|23\n|\n|t:|1733903331\n|move|p1a: Magcargo|Lava Plume|p2a: Torkoal\n|-resisted|p2a: Torkoal\n|-damage|p2a: Torkoal|0 fnt\n|faint|p2a: Torkoal\n|\n|-weather|SunnyDay|[upkeep]\n|upkeep\n|\n|t:|1733903339\n|switch|p2a: Clodsire|Clodsire, L81, F|265/343\n|turn|24\n|\n|t:|1733903346\n|move|p1a: Magcargo|Lava Plume|p2a: Clodsire\n|-damage|p2a: Clodsire|129/343\n|move|p2a: Clodsire|Earthquake|p1a: Magcargo\n|-supereffective|p1a: Magcargo\n|-damage|p1a: Magcargo|156/268\n|\n|-weather|SunnyDay|[upkeep]\n|-heal|p1a: Magcargo|172/268|[from] Grassy Terrain\n|-heal|p2a: Clodsire|150/343|[from] Grassy Terrain\n|-heal|p2a: Clodsire|171/343|[from] item: Leftovers\n|-fieldend|move: Grassy Terrain\n|upkeep\n|turn|25\n|\n|t:|1733903354\n|move|p1a: Magcargo|Lava Plume|p2a: Clodsire\n|-damage|p2a: Clodsire|38/343\n|-status|p2a: Clodsire|brn\n|move|p2a: Clodsire|Recover|p2a: Clodsire\n|-heal|p2a: Clodsire|210/343 brn\n|\n|-weather|none\n|-heal|p2a: Clodsire|231/343 brn|[from] item: Leftovers\n|-damage|p2a: Clodsire|210/343 brn|[from] brn\n|upkeep\n|turn|26\n|\n|t:|1733903360\n|move|p1a: Magcargo|Stealth Rock|p2a: Clodsire\n|-sidestart|p2: FGR RNDM Q3|move: Stealth Rock\n|move|p2a: Clodsire|Recover|p2a: Clodsire\n|-heal|p2a: Clodsire|343/343 brn\n|\n|-damage|p2a: Clodsire|322/343 brn|[from] brn\n|upkeep\n|turn|27\n|\n|t:|1733903363\n|move|p1a: Magcargo|Recover|p1a: Magcargo\n|-heal|p1a: Magcargo|268/268\n|move|p2a: Clodsire|Toxic|p1a: Magcargo\n|-status|p1a: Magcargo|tox\n|\n|-heal|p2a: Clodsire|343/343 brn|[from] item: Leftovers\n|-damage|p1a: Magcargo|252/268 tox|[from] psn\n|-damage|p2a: Clodsire|322/343 brn|[from] brn\n|upkeep\n|turn|28\n|\n|t:|1733903367\n|move|p1a: Magcargo|Lava Plume|p2a: Clodsire\n|-damage|p2a: Clodsire|234/343 brn\n|move|p2a: Clodsire|Stealth Rock|p1a: Magcargo\n|-sidestart|p1: RoboWahbit|move: Stealth Rock\n|\n|-heal|p2a: Clodsire|255/343 brn|[from] item: Leftovers\n|-damage|p1a: Magcargo|220/268 tox|[from] psn\n|-damage|p2a: Clodsire|234/343 brn|[from] brn\n|upkeep\n|turn|29\n|\n|t:|1733903372\n|switch|p1a: Crawdaunt|Crawdaunt, L84, M|189/243 par\n|-damage|p1a: Crawdaunt|159/243 par|[from] Stealth Rock\n|move|p2a: Clodsire|Earthquake|p1a: Crawdaunt\n|-damage|p1a: Crawdaunt|114/243 par\n|\n|-heal|p2a: Clodsire|255/343 brn|[from] item: Leftovers\n|-damage|p2a: Clodsire|234/343 brn|[from] brn\n|upkeep\n|turn|30\n|\n|t:|1733903386\n|switch|p2a: Basculin|Basculin, L86, M|190/261\n|-damage|p2a: Basculin|158/261|[from] Stealth Rock\n|cant|p1a: Crawdaunt|par\n|\n|upkeep\n|turn|31\n|\n|t:|1733903393\n|move|p2a: Basculin|Double-Edge|p1a: Crawdaunt\n|-damage|p1a: Crawdaunt|0 fnt\n|faint|p1a: Crawdaunt\n|-damage|p2a: Basculin|120/261|[from] Recoil\n|\n|upkeep\n|\n|t:|1733903393\n|switch|p1a: Magcargo|Magcargo, L95, F|220/268 tox\n|turn|32\n|\n|t:|1733903400\n|switch|p2a: Clodsire|Clodsire, L81, F|234/343 brn\n|-damage|p2a: Clodsire|213/343 brn|[from] Stealth Rock\n|move|p1a: Magcargo|Lava Plume|p2a: Clodsire\n|-damage|p2a: Clodsire|123/343 brn\n|\n|-heal|p2a: Clodsire|144/343 brn|[from] item: Leftovers\n|-damage|p1a: Magcargo|204/268 tox|[from] psn\n|-damage|p2a: Clodsire|123/343 brn|[from] brn\n|upkeep\n|turn|33\n|\n|t:|1733903406\n|move|p1a: Magcargo|Lava Plume|p2a: Clodsire\n|-damage|p2a: Clodsire|27/343 brn\n|move|p2a: Clodsire|Recover|p2a: Clodsire\n|-heal|p2a: Clodsire|199/343 brn\n|\n|-heal|p2a: Clodsire|220/343 brn|[from] item: Leftovers\n|-damage|p1a: Magcargo|172/268 tox|[from] psn\n|-damage|p2a: Clodsire|199/343 brn|[from] brn\n|upkeep\n|turn|34\n|\n|t:|1733903408\n|move|p1a: Magcargo|Recover|p1a: Magcargo\n|-heal|p1a: Magcargo|268/268 tox\n|move|p2a: Clodsire|Recover|p2a: Clodsire\n|-heal|p2a: Clodsire|343/343 brn\n|\n|-damage|p1a: Magcargo|220/268 tox|[from] psn\n|-damage|p2a: Clodsire|322/343 brn|[from] brn\n|upkeep\n|turn|35\n|\n|t:|1733903412\n|switch|p1a: Pachirisu|Pachirisu, L96, F|271/271\n|switch|p2a: Basculin|Basculin, L86, M|120/261\n|-damage|p2a: Basculin|88/261|[from] Stealth Rock\n|\n|upkeep\n|turn|36\n|\n|t:|1733903432\n|switch|p2a: Clodsire|Clodsire, L81, F|322/343 brn\n|-damage|p2a: Clodsire|301/343 brn|[from] Stealth Rock\n|move|p1a: Pachirisu|Discharge|p2a: Clodsire\n|-immune|p2a: Clodsire\n|\n|-heal|p2a: Clodsire|322/343 brn|[from] item: Leftovers\n|-damage|p2a: Clodsire|301/343 brn|[from] brn\n|upkeep\n|turn|37\n|\n|t:|1733903437\n|move|p1a: Pachirisu|Super Fang|p2a: Clodsire\n|-damage|p2a: Clodsire|151/343 brn\n|move|p2a: Clodsire|Toxic|p1a: Pachirisu\n|-status|p1a: Pachirisu|tox\n|\n|-heal|p2a: Clodsire|172/343 brn|[from] item: Leftovers\n|-damage|p1a: Pachirisu|255/271 tox|[from] psn\n|-damage|p2a: Clodsire|151/343 brn|[from] brn\n|upkeep\n|turn|38\n|\n|t:|1733903441\n|move|p1a: Pachirisu|Super Fang|p2a: Clodsire|[miss]\n|-miss|p1a: Pachirisu|p2a: Clodsire\n|move|p2a: Clodsire|Recover|p2a: Clodsire\n|-heal|p2a: Clodsire|323/343 brn\n|\n|-heal|p2a: Clodsire|343/343 brn|[from] item: Leftovers\n|-damage|p1a: Pachirisu|223/271 tox|[from] psn\n|-damage|p2a: Clodsire|322/343 brn|[from] brn\n|upkeep\n|turn|39\n|\n|t:|1733903446\n|move|p1a: Pachirisu|U-turn|p2a: Clodsire\n|-resisted|p2a: Clodsire\n|-damage|p2a: Clodsire|298/343 brn\n|\n|t:|1733903446\n|switch|p1a: Magcargo|Magcargo, L95, F|220/268 tox|[from] U-turn\n|move|p2a: Clodsire|Earthquake|p1a: Magcargo\n|-supereffective|p1a: Magcargo\n|-damage|p1a: Magcargo|110/268 tox\n|\n|-heal|p2a: Clodsire|319/343 brn|[from] item: Leftovers\n|-damage|p1a: Magcargo|94/268 tox|[from] psn\n|-damage|p2a: Clodsire|298/343 brn|[from] brn\n|upkeep\n|turn|40\n|\n|t:|1733903457\n|move|p1a: Magcargo|Recover|p1a: Magcargo\n|-heal|p1a: Magcargo|228/268 tox\n|move|p2a: Clodsire|Earthquake|p1a: Magcargo\n|-supereffective|p1a: Magcargo\n|-damage|p1a: Magcargo|120/268 tox\n|\n|-heal|p2a: Clodsire|319/343 brn|[from] item: Leftovers\n|-damage|p1a: Magcargo|88/268 tox|[from] psn\n|-damage|p2a: Clodsire|298/343 brn|[from] brn\n|upkeep\n|turn|41\n|\n|t:|1733903466\n|move|p1a: Magcargo|Recover|p1a: Magcargo\n|-heal|p1a: Magcargo|222/268 tox\n|move|p2a: Clodsire|Recover|p2a: Clodsire\n|-heal|p2a: Clodsire|343/343 brn\n|\n|-damage|p1a: Magcargo|174/268 tox|[from] psn\n|-damage|p2a: Clodsire|322/343 brn|[from] brn\n|upkeep\n|turn|42\n|\n|t:|1733903469\n|move|p1a: Magcargo|Lava Plume|p2a: Clodsire\n|-damage|p2a: Clodsire|222/343 brn\n|move|p2a: Clodsire|Earthquake|p1a: Magcargo\n|-supereffective|p1a: Magcargo\n|-damage|p1a: Magcargo|64/268 tox\n|\n|-heal|p2a: Clodsire|243/343 brn|[from] item: Leftovers\n|-damage|p1a: Magcargo|0 fnt|[from] psn\n|faint|p1a: Magcargo\n|-damage|p2a: Clodsire|222/343 brn|[from] brn\n|upkeep\n|\n|t:|1733903469\n|switch|p1a: Pachirisu|Pachirisu, L96, F|223/271 tox\n|turn|43\n|\n|t:|1733903474\n|-terastallize|p1a: Pachirisu|Flying\n|move|p1a: Pachirisu|Super Fang|p2a: Clodsire\n|-damage|p2a: Clodsire|111/343 brn\n|move|p2a: Clodsire|Earthquake|p1a: Pachirisu\n|-immune|p1a: Pachirisu\n|\n|-heal|p2a: Clodsire|132/343 brn|[from] item: Leftovers\n|-damage|p1a: Pachirisu|207/271 tox|[from] psn\n|-damage|p2a: Clodsire|111/343 brn|[from] brn\n|upkeep\n|turn|44\n|\n|t:|1733903481\n|move|p1a: Pachirisu|Super Fang|p2a: Clodsire\n|-damage|p2a: Clodsire|56/343 brn\n|move|p2a: Clodsire|Earthquake|p1a: Pachirisu\n|-immune|p1a: Pachirisu\n|\n|-heal|p2a: Clodsire|77/343 brn|[from] item: Leftovers\n|-damage|p1a: Pachirisu|175/271 tox|[from] psn\n|-damage|p2a: Clodsire|56/343 brn|[from] brn\n|upkeep\n|turn|45\n|\n|t:|1733903485\n|move|p1a: Pachirisu|Super Fang|p2a: Clodsire\n|-damage|p2a: Clodsire|28/343 brn\n|move|p2a: Clodsire|Earthquake|p1a: Pachirisu\n|-immune|p1a: Pachirisu\n|\n|-heal|p2a: Clodsire|49/343 brn|[from] item: Leftovers\n|-damage|p1a: Pachirisu|127/271 tox|[from] psn\n|-damage|p2a: Clodsire|28/343 brn|[from] brn\n|upkeep\n|turn|46\n|\n|t:|1733903489\n|move|p1a: Pachirisu|U-turn|p2a: Clodsire\n|-resisted|p2a: Clodsire\n|-damage|p2a: Clodsire|2/343 brn\n|move|p2a: Clodsire|Earthquake|p1a: Pachirisu\n|-immune|p1a: Pachirisu\n|\n|-heal|p2a: Clodsire|23/343 brn|[from] item: Leftovers\n|-damage|p1a: Pachirisu|63/271 tox|[from] psn\n|-damage|p2a: Clodsire|2/343 brn|[from] brn\n|upkeep\n|turn|47\n|\n|t:|1733903495\n|move|p1a: Pachirisu|U-turn|p2a: Clodsire\n|-resisted|p2a: Clodsire\n|-damage|p2a: Clodsire|0 fnt\n|faint|p2a: Clodsire\n|\n|-damage|p1a: Pachirisu|0 fnt|[from] psn\n|faint|p1a: Pachirisu\n|\n|win|FGR RNDM Q3\n|upkeep\n|raw|RoboWahbit's rating: 1105 &rarr; <strong>1080</strong><br />(-25 for losing)\n|raw|FGR RNDM Q3's rating: 1101 &rarr; <strong>1126</strong><br />(+25 for winning)\n|c|\u2606RoboWahbit|gg\n", "inputlog": ">version bfd83cad13791eb5a5a409923076391caf6fb4d4\n>start {\"formatid\":\"gen9randombattle\",\"seed\":[59333,46669,4960,43773],\"rated\":\"Rated battle\"}\n>player p1 {\"name\":\"RoboWahbit\",\"avatar\":\"101\",\"rating\":1105,\"seed\":[62857,53561,45260,22411]}\n>player p2 {\"name\":\"FGR RNDM Q3\",\"avatar\":\"101\",\"rating\":1101,\"seed\":[37702,20984,17269,53336]}\n>chat \u2606RoboWahbit|hf\n>p1 move superfang\n>p2 switch 5\n>p1 move superfang\n>p2 move recover\n>p1 move discharge\n>p2 move stealthrock\n>p1 switch 6\n>p2 move toxic\n>p1 move rapidspin\n>p2 move earthquake\n>p1 move surf\n>p2 move stealthrock\n>p1 move rapidspin\n>p2 switch 6\n>p1 move rapidspin\n>p2 move thunderwave\n>p1 move rapidspin\n>p2 move poltergeist\n>p1 switch 4\n>p2 move poltergeist\n>p1 move reflect\n>p2 move gunkshot\n>p1 switch 2\n>p1 move knockoff\n>p2 move thunderwave\n>p2 switch 4\n>p1 switch 6\n>p2 move voltswitch\n>p1 move superfang\n>p2 switch 6\n>p1 switch 4\n>p2 move recover\n>p1 move rapidspin\n>p2 move earthquake\n>p1 move surf\n>p2 switch 3\n>p1 move rapidspin\n>p2 move doubleedge\n>p1 switch 5\n>p1 move lavaplume\n>p2 switch 3\n>p1 switch 3\n>p2 move toxic\n>p1 move swordsdance\n>p2 switch 5\n>p1 move highhorsepower\n>p2 move lavaplume\n>p1 switch 3\n>p1 move lavaplume\n>p2 move solarbeam\n>p2 switch 5\n>p1 move lavaplume\n>p2 move earthquake\n>p1 move lavaplume\n>p2 move recover\n>p1 move stealthrock\n>p2 move recover\n>p1 move recover\n>p2 move toxic\n>p1 move lavaplume\n>p2 move stealthrock\n>p1 switch 6\n>p2 move earthquake\n>p1 move knockoff\n>p2 switch 3\n>p1 move knockoff\n>p2 move doubleedge\n>p1 switch 6\n>p1 move lavaplume\n>p2 switch 3\n>p1 move lavaplume\n>p2 move recover\n>p1 move recover\n>p2 move recover\n>p1 switch 4\n>p2 switch 3\n>p1 move discharge\n>p2 switch 3\n>p1 move superfang\n>p2 move toxic\n>p1 move superfang\n>p2 move recover\n>p1 move uturn\n>p2 move earthquake\n>p1 switch 4\n>p1 move recover\n>p2 move earthquake\n>p1 move recover\n>p2 move recover\n>p1 move lavaplume\n>p2 move earthquake\n>p1 switch 4\n>p1 move superfang terastallize\n>p2 move earthquake\n>p1 move superfang\n>p2 move earthquake\n>p1 move superfang\n>p2 move earthquake\n>p1 move uturn\n>p2 move earthquake\n>p1 move uturn\n>p2 move earthquake", "uploadtime": 1733903495, "views": 1, "formatid": "gen9randombattle", "rating": 1080, "private": 0, "password": null}