{"id": "gen9randombattle-2176173110", "format": "[Gen 9] Random Battle", "players": ["PTKmoekyuun", "xceloh"], "log": "|badge|p1|silver|gen9randombattle|30-2\n|uhtml|medal-msg|<div class=\"broadcast-blue\">Curious what those medals under the avatar are? PS now has Ladder Seasons! For more information, check out the <a href=\"https://www.smogon.com/forums/threads/3740067/\">thread on Smogon.</a></div>\n|badge|p2|silver|gen9randombattle|30-2\n|uhtml|medal-msg|<div class=\"broadcast-blue\">Curious what those medals under the avatar are? PS now has Ladder Seasons! For more information, check out the <a href=\"https://www.smogon.com/forums/threads/3740067/\">thread on Smogon.</a></div>\n|j|\u2606PTKmoekyuun\n|j|\u2606xceloh\n|t:|1723142864\n|gametype|singles\n|player|p1|PTKmoekyuun|169|2465\n|player|p2|xceloh|boarder-gen2|2468\n|teamsize|p1|6\n|teamsize|p2|6\n|gen|9\n|tier|[Gen 9] Random Battle\n|rated|\n|rule|Species Clause: Limit one of each Pok\u00e9mon\n|rule|HP Percentage Mod: HP is shown in percentages\n|rule|Sleep Clause Mod: Limit one foe put to sleep\n|rule|Illusion Level Mod: Illusion disguises the Pok\u00e9mon's true level\n|\n|t:|1723142864\n|start\n|switch|p1a: Toxtricity|Toxtricity, L82, F|257/257\n|switch|p2a: Giratina|Giratina-Origin, L72|335/335\n|turn|1\n|c|\u2606xceloh|hf\n|j| Rangels\n|inactive|Battle timer is ON: inactive players will automatically lose when time's up. (requested by xceloh)\n|\n|t:|1723142890\n|switch|p1a: Ursaluna|Ursaluna-Bloodmoon, L79, M|308/308\n|move|p2a: Giratina|Draco Meteor|p1a: Ursaluna\n|-damage|p1a: Ursaluna|113/308\n|-unboost|p2a: Giratina|spa|2\n|\n|-heal|p1a: Ursaluna|132/308|[from] item: Leftovers\n|upkeep\n|turn|2\n|inactive|xceloh has 120 seconds left.\n|\n|t:|1723142930\n|switch|p2a: Sylveon|Sylveon, L85, F|300/300\n|move|p1a: Ursaluna|Moonlight|p1a: Ursaluna\n|-heal|p1a: Ursaluna|286/308\n|\n|-heal|p1a: Ursaluna|305/308|[from] item: Leftovers\n|upkeep\n|turn|3\n|\n|t:|1723142942\n|switch|p1a: Iron Crown|Iron Crown, L79|272/272\n|move|p2a: Sylveon|Hyper Voice|p1a: Iron Crown\n|-resisted|p1a: Iron Crown\n|-damage|p1a: Iron Crown|218/272\n|\n|-heal|p1a: Iron Crown|235/272|[from] item: Leftovers\n|upkeep\n|turn|4\n|\n|t:|1723142953\n|switch|p2a: Slowbro|Slowbro, L85, F|300/300\n|move|p1a: Iron Crown|Calm Mind|p1a: Iron Crown\n|-boost|p1a: Iron Crown|spa|1\n|-boost|p1a: Iron Crown|spd|1\n|\n|-heal|p1a: Iron Crown|252/272|[from] item: Leftovers\n|upkeep\n|turn|5\n|\n|t:|1723142969\n|-end|p1a: Iron Crown|Quark Drive|[silent]\n|switch|p1a: Shiftry|Shiftry, L89, M|305/305\n|move|p2a: Slowbro|Scald|p1a: Shiftry\n|-resisted|p1a: Shiftry\n|-crit|p1a: Shiftry\n|-damage|p1a: Shiftry|217/305\n|\n|upkeep\n|turn|6\n|inactive|xceloh has 120 seconds left.\n|c| Rangels|mamahuevo\n|\n|t:|1723142998\n|switch|p2a: Sylveon|Sylveon, L85, F|300/300\n|move|p1a: Shiftry|Knock Off|p2a: Sylveon\n|-resisted|p2a: Sylveon\n|-damage|p2a: Sylveon|222/300\n|-enditem|p2a: Sylveon|Leftovers|[from] move: Knock Off|[of] p1a: Shiftry\n|\n|upkeep\n|turn|7\n|c|\u2606PTKmoekyuun|mamahuevo tu :3\n|\n|t:|1723143015\n|switch|p1a: Iron Crown|Iron Crown, L79|252/272\n|switch|p2a: Slowbro|Slowbro, L85, F|300/300\n|\n|-heal|p1a: Iron Crown|269/272|[from] item: Leftovers\n|upkeep\n|turn|8\n|\n|t:|1723143025\n|-end|p1a: Iron Crown|Quark Drive|[silent]\n|switch|p1a: Shiftry|Shiftry, L89, M|217/305\n|move|p2a: Slowbro|Scald|p1a: Shiftry\n|-resisted|p1a: Shiftry\n|-damage|p1a: Shiftry|166/305\n|\n|upkeep\n|turn|9\n|\n|t:|1723143030\n|switch|p2a: Sylveon|Sylveon, L85, F|222/300\n|move|p1a: Shiftry|Leaf Storm|p2a: Sylveon\n|-damage|p2a: Sylveon|122/300\n|-unboost|p1a: Shiftry|spa|2\n|\n|upkeep\n|turn|10\n|\n|t:|1723143034\n|switch|p1a: Tinkaton|Tinkaton, L82, F|274/274\n|-ability|p1a: Tinkaton|Mold Breaker\n|move|p2a: Sylveon|Wish|p2a: Sylveon\n|\n|upkeep\n|turn|11\n|\n|t:|1723143044\n|move|p2a: Sylveon|Protect|p2a: Sylveon\n|-singleturn|p2a: Sylveon|Protect\n|move|p1a: Tinkaton|Knock Off|p2a: Sylveon\n|-activate|p2a: Sylveon|move: Protect\n|\n|-heal|p2a: Sylveon|272/300|[from] move: Wish|[wisher] Sylveon\n|upkeep\n|turn|12\n|\n|t:|1723143053\n|switch|p2a: Slowbro|Slowbro, L85, F|300/300\n|move|p1a: Tinkaton|Knock Off|p2a: Slowbro\n|-supereffective|p2a: Slowbro\n|-damage|p2a: Slowbro|202/300\n|-damage|p1a: Tinkaton|229/274|[from] item: Rocky Helmet|[of] p2a: Slowbro\n|-enditem|p2a: Slowbro|Rocky Helmet|[from] move: Knock Off|[of] p1a: Tinkaton\n|\n|-heal|p1a: Tinkaton|246/274|[from] item: Leftovers\n|upkeep\n|turn|13\n|\n|t:|1723143059\n|switch|p1a: Shiftry|Shiftry, L89, M|166/305\n|move|p2a: Slowbro|Scald|p1a: Shiftry\n|-resisted|p1a: Shiftry\n|-damage|p1a: Shiftry|109/305\n|\n|upkeep\n|turn|14\n|\n|t:|1723143067\n|switch|p1a: Toxtricity|Toxtricity, L82, F|257/257\n|switch|p2a: Sylveon|Sylveon, L85, F|272/300\n|\n|upkeep\n|turn|15\n|\n|t:|1723143072\n|switch|p2a: Giratina|Giratina-Origin, L72|335/335\n|move|p1a: Toxtricity|Gunk Shot|p2a: Giratina|[miss]\n|-miss|p1a: Toxtricity|p2a: Giratina\n|\n|upkeep\n|turn|16\n|\n|t:|1723143077\n|switch|p1a: Ursaluna|Ursaluna-Bloodmoon, L79, M|305/308\n|move|p2a: Giratina|Will-O-Wisp|p1a: Ursaluna\n|-status|p1a: Ursaluna|brn\n|\n|-heal|p1a: Ursaluna|308/308 brn|[from] item: Leftovers\n|-damage|p1a: Ursaluna|289/308 brn|[from] brn\n|upkeep\n|turn|17\n|\n|t:|1723143095\n|move|p2a: Giratina|Draco Meteor|p1a: Ursaluna\n|-damage|p1a: Ursaluna|94/308 brn\n|-unboost|p2a: Giratina|spa|2\n|move|p1a: Ursaluna|Blood Moon|p2a: Giratina\n|-damage|p2a: Giratina|145/335\n|\n|-heal|p1a: Ursaluna|113/308 brn|[from] item: Leftovers\n|-damage|p1a: Ursaluna|94/308 brn|[from] brn\n|upkeep\n|turn|18\n|\n|t:|1723143108\n|switch|p2a: Slowbro|Slowbro, L85, F|300/300\n|move|p1a: Ursaluna|Moonlight|p1a: Ursaluna\n|-heal|p1a: Ursaluna|248/308 brn\n|\n|-heal|p1a: Ursaluna|267/308 brn|[from] item: Leftovers\n|-damage|p1a: Ursaluna|248/308 brn|[from] brn\n|upkeep\n|turn|19\n|\n|t:|1723143112\n|switch|p1a: Shiftry|Shiftry, L89, M|109/305\n|move|p2a: Slowbro|Scald|p1a: Shiftry\n|-resisted|p1a: Shiftry\n|-damage|p1a: Shiftry|49/305\n|\n|upkeep\n|turn|20\n|\n|t:|1723143117\n|switch|p1a: Toxtricity|Toxtricity, L82, F|257/257\n|switch|p2a: Sylveon|Sylveon, L85, F|272/300\n|\n|upkeep\n|turn|21\n|\n|t:|1723143124\n|switch|p2a: Giratina|Giratina-Origin, L72|145/335\n|move|p1a: Toxtricity|Gunk Shot|p2a: Giratina\n|-resisted|p2a: Giratina\n|-damage|p2a: Giratina|85/335\n|\n|upkeep\n|turn|22\n|\n|t:|1723143137\n|switch|p1a: Tinkaton|Tinkaton, L82, F|246/274\n|-ability|p1a: Tinkaton|Mold Breaker\n|move|p2a: Giratina|Draco Meteor|p1a: Tinkaton\n|-immune|p1a: Tinkaton\n|\n|-heal|p1a: Tinkaton|263/274|[from] item: Leftovers\n|upkeep\n|turn|23\n|\n|t:|1723143144\n|switch|p1a: Shiftry|Shiftry, L89, M|49/305\n|switch|p2a: Slowbro|Slowbro, L85, F|300/300\n|\n|upkeep\n|turn|24\n|\n|t:|1723143156\n|switch|p2a: Sylveon|Sylveon, L85, F|272/300\n|move|p1a: Shiftry|Leaf Storm|p2a: Sylveon\n|-damage|p2a: Sylveon|175/300\n|-unboost|p1a: Shiftry|spa|2\n|\n|upkeep\n|turn|25\n|\n|t:|1723143160\n|switch|p1a: Toxtricity|Toxtricity, L82, F|257/257\n|move|p2a: Sylveon|Wish|p2a: Sylveon\n|\n|upkeep\n|turn|26\n|\n|t:|1723143171\n|switch|p2a: Giratina|Giratina-Origin, L72|85/335\n|move|p1a: Toxtricity|Shift Gear|p1a: Toxtricity\n|-boost|p1a: Toxtricity|spe|2\n|-boost|p1a: Toxtricity|atk|1\n|\n|-heal|p2a: Giratina|235/335|[from] move: Wish|[wisher] Sylveon\n|upkeep\n|turn|27\n|\n|t:|1723143198\n|move|p1a: Toxtricity|Gunk Shot|p2a: Giratina\n|-resisted|p2a: Giratina\n|-damage|p2a: Giratina|139/335\n|move|p2a: Giratina|Draco Meteor|p1a: Toxtricity\n|-damage|p1a: Toxtricity|68/257\n|-unboost|p2a: Giratina|spa|2\n|\n|upkeep\n|turn|28\n|inactive|PTKmoekyuun has 120 seconds left.\n|\n|t:|1723143215\n|move|p1a: Toxtricity|Overdrive|p2a: Giratina\n|-resisted|p2a: Giratina\n|-damage|p2a: Giratina|76/335\n|-enditem|p1a: Toxtricity|Throat Spray\n|-boost|p1a: Toxtricity|spa|1|[from] item: Throat Spray\n|move|p2a: Giratina|Draco Meteor|p1a: Toxtricity\n|-damage|p1a: Toxtricity|0 fnt\n|-unboost|p2a: Giratina|spa|2\n|faint|p1a: Toxtricity\n|\n|upkeep\n|inactive|PTKmoekyuun has 120 seconds left.\n|\n|t:|1723143222\n|switch|p1a: Iron Crown|Iron Crown, L79|269/272\n|turn|29\n|\n|t:|1723143228\n|switch|p2a: Slowbro|Slowbro, L85, F|300/300\n|move|p1a: Iron Crown|Tachyon Cutter|p2a: Slowbro\n|-resisted|p2a: Slowbro\n|-damage|p2a: Slowbro|273/300\n|-resisted|p2a: Slowbro\n|-damage|p2a: Slowbro|241/300\n|-hitcount|p2a: Slowbro|2\n|\n|-heal|p1a: Iron Crown|272/272|[from] item: Leftovers\n|upkeep\n|turn|30\n|\n|t:|1723143232\n|move|p1a: Iron Crown|Calm Mind|p1a: Iron Crown\n|-boost|p1a: Iron Crown|spa|1\n|-boost|p1a: Iron Crown|spd|1\n|move|p2a: Slowbro|Scald|p1a: Iron Crown\n|-damage|p1a: Iron Crown|220/272\n|-status|p1a: Iron Crown|brn\n|\n|-heal|p1a: Iron Crown|237/272 brn|[from] item: Leftovers\n|-damage|p1a: Iron Crown|220/272 brn|[from] brn\n|upkeep\n|turn|31\n|\n|t:|1723143237\n|move|p1a: Iron Crown|Calm Mind|p1a: Iron Crown\n|-boost|p1a: Iron Crown|spa|1\n|-boost|p1a: Iron Crown|spd|1\n|move|p2a: Slowbro|Calm Mind|p2a: Slowbro\n|-boost|p2a: Slowbro|spa|1\n|-boost|p2a: Slowbro|spd|1\n|\n|-heal|p1a: Iron Crown|237/272 brn|[from] item: Leftovers\n|-damage|p1a: Iron Crown|220/272 brn|[from] brn\n|upkeep\n|turn|32\n|\n|t:|1723143239\n|move|p1a: Iron Crown|Calm Mind|p1a: Iron Crown\n|-boost|p1a: Iron Crown|spa|1\n|-boost|p1a: Iron Crown|spd|1\n|move|p2a: Slowbro|Calm Mind|p2a: Slowbro\n|-boost|p2a: Slowbro|spa|1\n|-boost|p2a: Slowbro|spd|1\n|\n|-heal|p1a: Iron Crown|237/272 brn|[from] item: Leftovers\n|-damage|p1a: Iron Crown|220/272 brn|[from] brn\n|upkeep\n|turn|33\n|\n|t:|1723143247\n|move|p1a: Iron Crown|Calm Mind|p1a: Iron Crown\n|-boost|p1a: Iron Crown|spa|1\n|-boost|p1a: Iron Crown|spd|1\n|move|p2a: Slowbro|Calm Mind|p2a: Slowbro\n|-boost|p2a: Slowbro|spa|1\n|-boost|p2a: Slowbro|spd|1\n|\n|-heal|p1a: Iron Crown|237/272 brn|[from] item: Leftovers\n|-damage|p1a: Iron Crown|220/272 brn|[from] brn\n|upkeep\n|turn|34\n|\n|t:|1723143258\n|move|p1a: Iron Crown|Calm Mind|p1a: Iron Crown\n|-boost|p1a: Iron Crown|spa|1\n|-boost|p1a: Iron Crown|spd|1\n|move|p2a: Slowbro|Scald|p1a: Iron Crown\n|-damage|p1a: Iron Crown|165/272 brn\n|\n|-heal|p1a: Iron Crown|182/272 brn|[from] item: Leftovers\n|-damage|p1a: Iron Crown|165/272 brn|[from] brn\n|upkeep\n|turn|35\n|\n|t:|1723143262\n|move|p1a: Iron Crown|Psyshock|p2a: Slowbro\n|-resisted|p2a: Slowbro\n|-damage|p2a: Slowbro|102/300\n|move|p2a: Slowbro|Scald|p1a: Iron Crown\n|-damage|p1a: Iron Crown|104/272 brn\n|\n|-heal|p1a: Iron Crown|121/272 brn|[from] item: Leftovers\n|-damage|p1a: Iron Crown|104/272 brn|[from] brn\n|upkeep\n|turn|36\n|\n|t:|1723143267\n|switch|p2a: Dondozo|Dondozo, L78, M|362/362\n|move|p1a: Iron Crown|Psyshock|p2a: Dondozo\n|-damage|p2a: Dondozo|278/362\n|\n|-heal|p1a: Iron Crown|121/272 brn|[from] item: Leftovers\n|-heal|p2a: Dondozo|300/362|[from] item: Leftovers\n|-damage|p1a: Iron Crown|104/272 brn|[from] brn\n|upkeep\n|turn|37\n|\n|t:|1723143273\n|-terastallize|p1a: Iron Crown|Fighting\n|move|p1a: Iron Crown|Focus Blast|p2a: Dondozo\n|-damage|p2a: Dondozo|114/362\n|-unboost|p2a: Dondozo|spd|1\n|move|p2a: Dondozo|Wave Crash|p1a: Iron Crown\n|-damage|p1a: Iron Crown|0 fnt\n|faint|p1a: Iron Crown\n|-end|p1a: Iron Crown|Quark Drive|[silent]\n|-damage|p2a: Dondozo|80/362|[from] Recoil\n|\n|-heal|p2a: Dondozo|102/362|[from] item: Leftovers\n|upkeep\n|-message|PTKmoekyuun forfeited.\n|\n|win|xceloh\n|raw|PTKmoekyuun's rating: 2465 &rarr; <strong>2445</strong><br />(-20 for losing)\n|raw|xceloh's rating: 2468 &rarr; <strong>2488</strong><br />(+20 for winning)\n", "inputlog": ">version 645aa3833dc4d492fc8695bcaa26b087252171ab\n>start {\"formatid\":\"gen9randombattle\",\"seed\":[62542,63722,12860,3779],\"rated\":\"Rated battle\"}\n>player p1 {\"name\":\"PTKmoekyuun\",\"avatar\":\"169\",\"rating\":2465,\"seed\":[14658,21621,16324,36222]}\n>player p2 {\"name\":\"xceloh\",\"avatar\":\"boarder-gen2\",\"rating\":2468,\"seed\":[17,62345,42163,61247]}\n>chat \u2606xceloh|hf\n>p1 switch 5\n>p2 move dracometeor\n>p1 move moonlight\n>p2 switch 4\n>p1 switch 3\n>p2 move hypervoice\n>p1 move calmmind\n>p2 switch 5\n>p1 switch 4\n>p2 move scald\n>chat  Rangels|mamahuevo \n>p1 move knockoff\n>p2 switch 5\n>chat \u2606PTKmoekyuun|mamahuevo tu :3\n>p1 switch 4\n>p2 switch 5\n>p1 switch 4\n>p2 move scald\n>p1 move leafstorm\n>p2 switch 5\n>p1 switch 6\n>p2 move wish\n>p1 move knockoff\n>p2 move protect\n>p1 move knockoff\n>p2 switch 5\n>p1 switch 6\n>p2 move scald\n>p1 switch 5\n>p2 switch 5\n>p1 move gunkshot\n>p2 switch 4\n>p1 switch 3\n>p2 move willowisp\n>p1 move bloodmoon\n>p2 move dracometeor\n>p1 move moonlight\n>p2 switch 5\n>p1 switch 5\n>p2 move scald\n>p1 switch 3\n>p2 switch 4\n>p1 move gunkshot\n>p2 switch 5\n>p1 switch 6\n>p2 move dracometeor\n>p1 switch 3\n>p2 switch 4\n>p1 move leafstorm\n>p2 switch 5\n>p1 switch 6\n>p2 move wish\n>p1 move shiftgear\n>p2 switch 4\n>p1 move gunkshot\n>p2 move dracometeor\n>p1 move overdrive\n>p2 move dracometeor\n>p1 switch 4\n>p1 move tachyoncutter\n>p2 switch 5\n>p1 move calmmind\n>p2 move scald\n>p1 move calmmind\n>p2 move calmmind\n>p1 move calmmind\n>p2 move calmmind\n>p1 move calmmind\n>p2 move calmmind\n>p1 move calmmind\n>p2 move scald\n>p1 move psyshock\n>p2 move scald\n>p1 move psyshock\n>p2 switch 6\n>p1 move focusblast terastallize\n>p2 move wavecrash\n>forcelose p1", "uploadtime": 1723143284, "views": 134, "formatid": "gen9randombattle", "rating": 2445, "private": 0, "password": null}