{"id": "gen9randombattle-2260380362", "format": "[Gen 9] Random Battle", "players": ["dedededje", "dirknah"], "log": "|j|\u2606dedededje\n|j|\u2606dirknah\n|t:|1733845926\n|gametype|singles\n|player|p1|dedededje|169|1070\n|player|p2|dirknah|camper|1052\n|teamsize|p1|6\n|teamsize|p2|6\n|gen|9\n|tier|[Gen 9] Random Battle\n|rated|\n|rule|Species Clause: Limit one of each Pok\u00e9mon\n|rule|HP Percentage Mod: HP is shown in percentages\n|rule|Sleep Clause Mod: Limit one foe put to sleep\n|rule|Illusion Level Mod: Illusion disguises the Pok\u00e9mon's true level\n|\n|t:|1733845926\n|start\n|switch|p1a: Revavroom|Revavroom, L79, F|256/256\n|switch|p2a: Hawlucha|Hawlucha, L80, F|256/256\n|turn|1\n|inactive|Battle timer is ON: inactive players will automatically lose when time's up. (requested by dirknah)\n|\n|t:|1733845955\n|switch|p1a: Arbok|Arbok, L87, F|246/246\n|-ability|p1a: Arbok|Intimidate|boost\n|-unboost|p2a: Hawlucha|atk|1\n|-enditem|p2a: Hawlucha|White Herb\n|-clearnegativeboost|p2a: Hawlucha|[silent]\n|move|p2a: Hawlucha|Swords Dance|p2a: Hawlucha\n|-boost|p2a: Hawlucha|atk|2\n|\n|upkeep\n|turn|2\n|\n|t:|1733845971\n|move|p2a: Hawlucha|Acrobatics|p1a: Arbok\n|-damage|p1a: Arbok|0 fnt\n|faint|p1a: Arbok\n|\n|upkeep\n|\n|t:|1733845979\n|switch|p1a: Houndstone|Houndstone, L86, F|264/264\n|turn|3\n|\n|t:|1733845991\n|move|p2a: Hawlucha|Acrobatics|p1a: Houndstone\n|-damage|p1a: Houndstone|167/264\n|move|p1a: Houndstone|Play Rough|p2a: Hawlucha\n|-supereffective|p2a: Hawlucha\n|-damage|p2a: Hawlucha|94/256\n|\n|upkeep\n|turn|4\n|\n|t:|1733846009\n|switch|p2a: Klefki|Klefki, L84, M|233/233\n|move|p1a: Houndstone|Play Rough|p2a: Klefki\n|-resisted|p2a: Klefki\n|-damage|p2a: Klefki|200/233\n|\n|-heal|p2a: Klefki|214/233|[from] item: Leftovers\n|upkeep\n|turn|5\n|\n|t:|1733846023\n|switch|p1a: Ursaluna|Ursaluna, L79, M|335/335\n|move|p2a: Klefki|Thunder Wave|p1a: Ursaluna\n|-immune|p1a: Ursaluna\n|\n|-heal|p2a: Klefki|228/233|[from] item: Leftovers\n|-status|p1a: Ursaluna|brn|[from] item: Flame Orb\n|upkeep\n|turn|6\n|\n|t:|1733846048\n|switch|p2a: Cacturne|Cacturne, L92, M|278/278\n|move|p1a: Ursaluna|Facade|p2a: Cacturne\n|-damage|p2a: Cacturne|0 fnt\n|faint|p2a: Cacturne\n|\n|-damage|p1a: Ursaluna|315/335 brn|[from] brn\n|upkeep\n|inactive|dirknah has 120 seconds left.\n|\n|t:|1733846058\n|switch|p2a: Luvdisc|Luvdisc, F|247/247\n|turn|7\n|inactive|dirknah has 120 seconds left.\n|\n|t:|1733846069\n|switch|p1a: Sinistcha|Sinistcha, L83|254/254\n|move|p2a: Luvdisc|Surf|p1a: Sinistcha\n|-resisted|p1a: Sinistcha\n|-damage|p1a: Sinistcha|212/254\n|\n|-heal|p1a: Sinistcha|227/254|[from] item: Leftovers\n|upkeep\n|turn|8\n|inactive|dirknah has 120 seconds left.\n|\n|t:|1733846091\n|switch|p2a: Klefki|Klefki, L84, M|228/233\n|switch|p1a: Ursaluna|Ursaluna, L79, M|315/335 brn\n|\n|-heal|p2a: Klefki|233/233|[from] item: Leftovers\n|-damage|p1a: Ursaluna|295/335 brn|[from] brn\n|upkeep\n|turn|9\n|\n|t:|1733846117\n|switch|p2a: Luvdisc|Luvdisc, F|247/247\n|move|p1a: Ursaluna|Headlong Rush|p2a: Luvdisc\n|-damage|p2a: Luvdisc|0 fnt\n|-unboost|p1a: Ursaluna|def|1\n|-unboost|p1a: Ursaluna|spd|1\n|faint|p2a: Luvdisc\n|\n|-damage|p1a: Ursaluna|275/335 brn|[from] brn\n|upkeep\n|-message|dirknah forfeited.\n|\n|win|dedededje\n|raw|dedededje's rating: 1070 &rarr; <strong>1098</strong><br />(+28 for winning)\n|raw|dirknah's rating: 1052 &rarr; <strong>1035</strong><br />(-17 for losing)\n|l|\u2606dirknah\n|player|p2|\n", "inputlog": ">version bfd83cad13791eb5a5a409923076391caf6fb4d4\n>start {\"formatid\":\"gen9randombattle\",\"seed\":[52869,61687,33094,8246],\"rated\":\"Rated battle\"}\n>player p1 {\"name\":\"dedededje\",\"avatar\":\"169\",\"rating\":1070,\"seed\":[22392,15506,43908,37169]}\n>player p2 {\"name\":\"dirknah\",\"avatar\":\"camper\",\"rating\":1052,\"seed\":[39408,61645,30576,28775]}\n>p1 switch 5\n>p2 move swordsdance\n>p1 move glare\n>p2 move acrobatics\n>p1 switch 2\n>p1 move playrough\n>p2 move acrobatics\n>p1 move playrough\n>p2 switch 3\n>p1 switch 3\n>p2 move thunderwave\n>p1 move facade\n>p2 switch 2\n>p2 switch 6\n>p1 switch 4\n>p2 move surf\n>p1 switch 4\n>p2 switch 2\n>p1 move headlongrush\n>p2 switch 2\n>forcelose p2", "uploadtime": 1733846226, "views": 1, "formatid": "gen9randombattle", "rating": 1035, "private": 0, "password": null}