{"id": "gen9randombattle-2260299653", "format": "[Gen 9] Random Battle", "players": ["jdavedog", "Eggcognito"], "log": "|j|\u2606jdavedog\n|j|\u2606Eggcognito\n|t:|1733837028\n|gametype|singles\n|player|p1|jdavedog|169|1596\n|player|p2|Eggcognito|veteran|1637\n|teamsize|p1|6\n|teamsize|p2|6\n|gen|9\n|tier|[Gen 9] Random Battle\n|rated|\n|rule|Species Clause: Limit one of each Pok\u00e9mon\n|rule|HP Percentage Mod: HP is shown in percentages\n|rule|Sleep Clause Mod: Limit one foe put to sleep\n|rule|Illusion Level Mod: Illusion disguises the Pok\u00e9mon's true level\n|\n|t:|1733837028\n|start\n|switch|p1a: Sylveon|Sylveon, L85, F|300/300\n|switch|p2a: Araquanid|Araquanid, L82, F|246/246\n|turn|1\n|inactive|Battle timer is ON: inactive players will automatically lose when time's up. (requested by jdavedog)\n|inactive|jdavedog has 120 seconds left.\n|inactive|jdavedog has 90 seconds left.\n|\n|t:|1733837091\n|switch|p1a: Drednaw|Drednaw, L81, F|278/278\n|move|p2a: Araquanid|Sticky Web|p1a: Drednaw\n|-sidestart|p1: jdavedog|move: Sticky Web\n|\n|upkeep\n|turn|2\n|inactive|Eggcognito has 120 seconds left.\n|\n|t:|1733837122\n|switch|p2a: Regieleki|Regieleki, L79|256/256\n|move|p1a: Drednaw|Shell Smash|p1a: Drednaw\n|-unboost|p1a: Drednaw|def|1\n|-unboost|p1a: Drednaw|spd|1\n|-boost|p1a: Drednaw|atk|2\n|-boost|p1a: Drednaw|spa|2\n|-boost|p1a: Drednaw|spe|2\n|-enditem|p1a: Drednaw|White Herb\n|-clearnegativeboost|p1a: Drednaw|[silent]\n|\n|upkeep\n|turn|3\n|inactive|Eggcognito has 120 seconds left.\n|inactive|jdavedog has 120 seconds left.\n|inactive|jdavedog has 90 seconds left.\n|\n|t:|1733837188\n|-terastallize|p1a: Drednaw|Ground\n|move|p2a: Regieleki|Volt Switch|p1a: Drednaw\n|-immune|p1a: Drednaw\n|move|p1a: Drednaw|Earthquake|p2a: Regieleki\n|-supereffective|p2a: Regieleki\n|-damage|p2a: Regieleki|0 fnt\n|faint|p2a: Regieleki\n|\n|upkeep\n|\n|t:|1733837203\n|switch|p2a: Araquanid|Araquanid, L82, F|246/246\n|turn|4\n|\n|t:|1733837208\n|-terastallize|p2a: Araquanid|Steel\n|move|p1a: Drednaw|Stone Edge|p2a: Araquanid|[miss]\n|-miss|p1a: Drednaw|p2a: Araquanid\n|move|p2a: Araquanid|Hydro Pump|p1a: Drednaw\n|-supereffective|p1a: Drednaw\n|-damage|p1a: Drednaw|0 fnt\n|faint|p1a: Drednaw\n|\n|upkeep\n|\n|t:|1733837223\n|switch|p1a: Mudsdale|Mudsdale, L84, F|305/305\n|-activate|p1a: Mudsdale|move: Sticky Web\n|-unboost|p1a: Mudsdale|spe|1\n|turn|5\n|inactive|Eggcognito has 120 seconds left.\n|\n|t:|1733837231\n|switch|p2a: Landorus|Landorus, L75, M|257/257\n|move|p1a: Mudsdale|Earthquake|p2a: Landorus\n|-immune|p2a: Landorus\n|\n|upkeep\n|turn|6\n|\n|t:|1733837238\n|move|p2a: Landorus|Nasty Plot|p2a: Landorus\n|-boost|p2a: Landorus|spa|2\n|move|p1a: Mudsdale|Stealth Rock|p2a: Landorus\n|-sidestart|p2: Eggcognito|move: Stealth Rock\n|\n|upkeep\n|turn|7\n|\n|t:|1733837244\n|move|p2a: Landorus|Earth Power|p1a: Mudsdale\n|-damage|p1a: Mudsdale|7/305\n|-ability|p1a: Mudsdale|Stamina|boost\n|-boost|p1a: Mudsdale|def|1\n|move|p1a: Mudsdale|Roar|p2a: Landorus\n|drag|p2a: Talonflame|Talonflame, L83, M|265/265\n|\n|-heal|p1a: Mudsdale|26/305|[from] item: Leftovers\n|upkeep\n|turn|8\n|inactive|jdavedog has 120 seconds left.\n|\n|t:|1733837254\n|move|p2a: Talonflame|Brave Bird|p1a: Mudsdale\n|-damage|p1a: Mudsdale|0 fnt\n|faint|p1a: Mudsdale\n|-damage|p2a: Talonflame|256/265|[from] Recoil\n|\n|upkeep\n|inactive|jdavedog has 90 seconds left.\n|c|\u2606jdavedog|how do i have 4 fire weakneseses left\n|c|\u2606jdavedog|rng is weak with me today\n|\n|t:|1733837307\n|switch|p1a: Sylveon|Sylveon, L85, F|300/300\n|-activate|p1a: Sylveon|move: Sticky Web\n|-unboost|p1a: Sylveon|spe|1\n|turn|9\n|c|\u2606Eggcognito|That's randbats \ud83d\ude43\n|inactive|Eggcognito has 120 seconds left.\n|\n|t:|1733837345\n|move|p2a: Talonflame|U-turn|p1a: Sylveon\n|-resisted|p1a: Sylveon\n|-damage|p1a: Sylveon|274/300\n|\n|t:|1733837347\n|switch|p2a: Duraludon|Duraludon, L82, M|249/249|[from] U-turn\n|-damage|p2a: Duraludon|234/249|[from] Stealth Rock\n|move|p1a: Sylveon|Hyper Voice|p2a: Duraludon\n|-damage|p2a: Duraludon|107/249\n|\n|-heal|p1a: Sylveon|292/300|[from] item: Leftovers\n|upkeep\n|turn|10\n|inactive|Eggcognito has 120 seconds left.\n|\n|t:|1733837358\n|move|p2a: Duraludon|Thunder Wave|p1a: Sylveon\n|-status|p1a: Sylveon|par\n|move|p1a: Sylveon|Hyper Voice|p2a: Duraludon\n|-damage|p2a: Duraludon|0 fnt\n|faint|p2a: Duraludon\n|\n|-heal|p1a: Sylveon|300/300 par|[from] item: Leftovers\n|upkeep\n|inactive|Eggcognito has 120 seconds left.\n|\n|t:|1733837368\n|switch|p2a: Araquanid|Araquanid, L82, F, tera:Steel|246/246\n|turn|11\n|\n|t:|1733837375\n|move|p2a: Araquanid|Liquidation|p1a: Sylveon\n|-damage|p1a: Sylveon|125/300 par\n|-unboost|p1a: Sylveon|def|1\n|move|p1a: Sylveon|Hyper Voice|p2a: Araquanid\n|-resisted|p2a: Araquanid\n|-damage|p2a: Araquanid|198/246\n|\n|-heal|p1a: Sylveon|143/300 par|[from] item: Leftovers\n|upkeep\n|turn|12\n|\n|t:|1733837386\n|switch|p1a: Kricketune|Kricketune, L99, F|312/312\n|move|p2a: Araquanid|Liquidation|p1a: Kricketune\n|-damage|p1a: Kricketune|143/312\n|\n|upkeep\n|turn|13\n|inactive|jdavedog has 90 seconds left.\n|\n|t:|1733837406\n|move|p1a: Kricketune|Knock Off|p2a: Araquanid\n|-damage|p2a: Araquanid|118/246\n|-enditem|p2a: Araquanid|Heavy-Duty Boots|[from] move: Knock Off|[of] p1a: Kricketune\n|move|p2a: Araquanid|Liquidation|p1a: Kricketune\n|-crit|p1a: Kricketune\n|-damage|p1a: Kricketune|0 fnt\n|faint|p1a: Kricketune\n|\n|upkeep\n|\n|t:|1733837418\n|switch|p1a: Vileplume|Vileplume, L85, F|266/266\n|-activate|p1a: Vileplume|move: Sticky Web\n|-unboost|p1a: Vileplume|spe|1\n|turn|14\n|\n|t:|1733837424\n|move|p2a: Araquanid|Leech Life|p1a: Vileplume\n|-damage|p1a: Vileplume|205/266\n|-heal|p2a: Araquanid|149/246|[from] drain|[of] p1a: Vileplume\n|-status|p2a: Araquanid|par|[from] ability: Effect Spore|[of] p1a: Vileplume\n|move|p1a: Vileplume|Leech Seed|p2a: Araquanid\n|-start|p2a: Araquanid|move: Leech Seed\n|\n|-heal|p1a: Vileplume|221/266|[from] item: Leftovers\n|-damage|p2a: Araquanid|119/246 par|[from] Leech Seed|[of] p1a: Vileplume\n|-heal|p1a: Vileplume|251/266|[silent]\n|upkeep\n|turn|15\n|inactive|jdavedog has 90 seconds left.\n|\n|t:|1733837440\n|move|p1a: Vileplume|Sludge Bomb|p2a: Araquanid\n|-immune|p2a: Araquanid\n|move|p2a: Araquanid|Leech Life|p1a: Vileplume\n|-damage|p1a: Vileplume|181/266\n|-heal|p2a: Araquanid|154/246 par|[from] drain|[of] p1a: Vileplume\n|\n|-heal|p1a: Vileplume|197/266|[from] item: Leftovers\n|-damage|p2a: Araquanid|124/246 par|[from] Leech Seed|[of] p1a: Vileplume\n|-heal|p1a: Vileplume|227/266|[silent]\n|upkeep\n|turn|16\n|inactive|jdavedog has 90 seconds left.\n|\n|t:|1733837449\n|move|p1a: Vileplume|Giga Drain|p2a: Araquanid\n|-resisted|p2a: Araquanid\n|-damage|p2a: Araquanid|90/246 par\n|-heal|p1a: Vileplume|244/266|[from] drain|[of] p2a: Araquanid\n|move|p2a: Araquanid|Leech Life|p1a: Vileplume\n|-damage|p1a: Vileplume|177/266\n|-heal|p2a: Araquanid|124/246 par|[from] drain|[of] p1a: Vileplume\n|\n|-heal|p1a: Vileplume|193/266|[from] item: Leftovers\n|-damage|p2a: Araquanid|94/246 par|[from] Leech Seed|[of] p1a: Vileplume\n|-heal|p1a: Vileplume|223/266|[silent]\n|upkeep\n|turn|17\n|inactive|jdavedog has 90 seconds left.\n|\n|t:|1733837461\n|move|p1a: Vileplume|Strength Sap|p2a: Araquanid\n|-unboost|p2a: Araquanid|atk|1\n|-heal|p1a: Vileplume|266/266\n|move|p2a: Araquanid|Leech Life|p1a: Vileplume\n|-damage|p1a: Vileplume|224/266\n|-heal|p2a: Araquanid|115/246 par|[from] drain|[of] p1a: Vileplume\n|\n|-heal|p1a: Vileplume|240/266|[from] item: Leftovers\n|-damage|p2a: Araquanid|85/246 par|[from] Leech Seed|[of] p1a: Vileplume\n|-heal|p1a: Vileplume|266/266|[silent]\n|upkeep\n|turn|18\n|inactive|jdavedog has 90 seconds left.\n|\n|t:|1733837472\n|move|p1a: Vileplume|Sludge Bomb|p2a: Araquanid\n|-immune|p2a: Araquanid\n|move|p2a: Araquanid|Liquidation|p1a: Vileplume\n|-resisted|p1a: Vileplume\n|-damage|p1a: Vileplume|220/266\n|\n|-heal|p1a: Vileplume|236/266|[from] item: Leftovers\n|-damage|p2a: Araquanid|55/246 par|[from] Leech Seed|[of] p1a: Vileplume\n|-heal|p1a: Vileplume|266/266|[silent]\n|upkeep\n|turn|19\n|inactive|jdavedog has 90 seconds left.\n|\n|t:|1733837482\n|move|p1a: Vileplume|Sludge Bomb|p2a: Araquanid\n|-immune|p2a: Araquanid\n|move|p2a: Araquanid|Liquidation|p1a: Vileplume\n|-resisted|p1a: Vileplume\n|-damage|p1a: Vileplume|219/266\n|\n|-heal|p1a: Vileplume|235/266|[from] item: Leftovers\n|-damage|p2a: Araquanid|25/246 par|[from] Leech Seed|[of] p1a: Vileplume\n|-heal|p1a: Vileplume|265/266|[silent]\n|upkeep\n|turn|20\n|inactive|jdavedog has 90 seconds left.\n|\n|t:|1733837494\n|move|p1a: Vileplume|Sludge Bomb|p2a: Araquanid\n|-immune|p2a: Araquanid\n|move|p2a: Araquanid|Liquidation|p1a: Vileplume\n|-resisted|p1a: Vileplume\n|-damage|p1a: Vileplume|217/266\n|\n|-heal|p1a: Vileplume|233/266|[from] item: Leftovers\n|-damage|p2a: Araquanid|0 fnt|[from] Leech Seed|[of] p1a: Vileplume\n|-heal|p1a: Vileplume|258/266|[silent]\n|faint|p2a: Araquanid\n|upkeep\n|\n|t:|1733837509\n|switch|p2a: Talonflame|Talonflame, L83, M|256/265\n|turn|21\n|\n|t:|1733837514\n|move|p2a: Talonflame|Brave Bird|p1a: Vileplume\n|-supereffective|p1a: Vileplume\n|-damage|p1a: Vileplume|42/266\n|-damage|p2a: Talonflame|185/265|[from] Recoil\n|move|p1a: Vileplume|Strength Sap|p2a: Talonflame\n|-unboost|p2a: Talonflame|atk|1\n|-heal|p1a: Vileplume|224/266\n|\n|-heal|p1a: Vileplume|240/266|[from] item: Leftovers\n|upkeep\n|turn|22\n|\n|t:|1733837525\n|move|p2a: Talonflame|Brave Bird|p1a: Vileplume\n|-supereffective|p1a: Vileplume\n|-damage|p1a: Vileplume|94/266\n|-status|p2a: Talonflame|par|[from] ability: Effect Spore|[of] p1a: Vileplume\n|-damage|p2a: Talonflame|137/265 par|[from] Recoil\n|move|p1a: Vileplume|Strength Sap|p2a: Talonflame\n|-unboost|p2a: Talonflame|atk|1\n|-heal|p1a: Vileplume|215/266\n|\n|-heal|p1a: Vileplume|231/266|[from] item: Leftovers\n|upkeep\n|turn|23\n|\n|t:|1733837536\n|move|p2a: Talonflame|Overheat|p1a: Vileplume\n|-supereffective|p1a: Vileplume\n|-damage|p1a: Vileplume|15/266\n|-unboost|p2a: Talonflame|spa|2\n|move|p1a: Vileplume|Leech Seed|p2a: Talonflame\n|-start|p2a: Talonflame|move: Leech Seed\n|\n|-heal|p1a: Vileplume|31/266|[from] item: Leftovers\n|-damage|p2a: Talonflame|104/265 par|[from] Leech Seed|[of] p1a: Vileplume\n|-heal|p1a: Vileplume|64/266|[silent]\n|upkeep\n|turn|24\n|\n|t:|1733837548\n|move|p2a: Talonflame|Brave Bird|p1a: Vileplume\n|-supereffective|p1a: Vileplume\n|-damage|p1a: Vileplume|0 fnt\n|faint|p1a: Vileplume\n|-damage|p2a: Talonflame|83/265 par|[from] Recoil\n|\n|upkeep\n|\n|t:|1733837557\n|switch|p1a: Frosmoth|Frosmoth, L82, M|249/249\n|turn|25\n|\n|t:|1733837565\n|move|p1a: Frosmoth|Quiver Dance|p1a: Frosmoth\n|-boost|p1a: Frosmoth|spa|1\n|-boost|p1a: Frosmoth|spd|1\n|-boost|p1a: Frosmoth|spe|1\n|move|p2a: Talonflame|Overheat|p1a: Frosmoth\n|-supereffective|p1a: Frosmoth\n|-damage|p1a: Frosmoth|169/249\n|-unboost|p2a: Talonflame|spa|2\n|\n|-damage|p2a: Talonflame|50/265 par|[from] Leech Seed|[of] p1a: Frosmoth\n|-heal|p1a: Frosmoth|202/249|[silent]\n|upkeep\n|turn|26\n|\n|t:|1733837575\n|move|p1a: Frosmoth|Quiver Dance|p1a: Frosmoth\n|-boost|p1a: Frosmoth|spa|1\n|-boost|p1a: Frosmoth|spd|1\n|-boost|p1a: Frosmoth|spe|1\n|move|p2a: Talonflame|Brave Bird|p1a: Frosmoth\n|-supereffective|p1a: Frosmoth\n|-damage|p1a: Frosmoth|58/249\n|-damage|p2a: Talonflame|2/265 par|[from] Recoil\n|\n|-damage|p2a: Talonflame|0 fnt|[from] Leech Seed|[of] p1a: Frosmoth\n|-heal|p1a: Frosmoth|60/249|[silent]\n|faint|p2a: Talonflame\n|upkeep\n|\n|t:|1733837577\n|switch|p2a: Espathra|Espathra, L80, M|283/283\n|-damage|p2a: Espathra|248/283|[from] Stealth Rock\n|turn|27\n|inactive|jdavedog has 120 seconds left.\n|\n|t:|1733837592\n|move|p2a: Espathra|Protect|p2a: Espathra\n|-singleturn|p2a: Espathra|Protect\n|move|p1a: Frosmoth|Giga Drain|p2a: Espathra\n|-activate|p2a: Espathra|move: Protect\n|\n|-heal|p2a: Espathra|265/283|[from] item: Leftovers\n|-ability|p2a: Espathra|Speed Boost|boost\n|-boost|p2a: Espathra|spe|1\n|upkeep\n|turn|28\n|\n|t:|1733837602\n|move|p2a: Espathra|Calm Mind|p2a: Espathra\n|-boost|p2a: Espathra|spa|1\n|-boost|p2a: Espathra|spd|1\n|move|p1a: Frosmoth|Giga Drain|p2a: Espathra\n|-damage|p2a: Espathra|162/283\n|-heal|p1a: Frosmoth|112/249|[from] drain|[of] p2a: Espathra\n|\n|-heal|p2a: Espathra|179/283|[from] item: Leftovers\n|-ability|p2a: Espathra|Speed Boost|boost\n|-boost|p2a: Espathra|spe|1\n|upkeep\n|turn|29\n|inactive|jdavedog has 120 seconds left.\n|c|\u2606jdavedog|having the para go off on talonflame would have been real convenient\n|\n|t:|1733837623\n|move|p2a: Espathra|Protect|p2a: Espathra\n|-singleturn|p2a: Espathra|Protect\n|move|p1a: Frosmoth|Ice Beam|p2a: Espathra\n|-activate|p2a: Espathra|move: Protect\n|\n|-heal|p2a: Espathra|196/283|[from] item: Leftovers\n|-ability|p2a: Espathra|Speed Boost|boost\n|-boost|p2a: Espathra|spe|1\n|upkeep\n|turn|30\n|c|\u2606Eggcognito|That's just Pokemon \ud83e\udee0\n|\n|t:|1733837638\n|move|p2a: Espathra|Stored Power|p1a: Frosmoth\n|-damage|p1a: Frosmoth|62/249\n|move|p1a: Frosmoth|Ice Beam|p2a: Espathra\n|-damage|p2a: Espathra|0 fnt\n|faint|p2a: Espathra\n|\n|upkeep\n|\n|t:|1733837641\n|switch|p2a: Landorus|Landorus, L75, M|257/257\n|-damage|p2a: Landorus|225/257|[from] Stealth Rock\n|turn|31\n|c|\u2606Eggcognito|Rip me\n|c|\u2606Eggcognito|gg!\n|c|\u2606jdavedog|son of a bitch\n|c|\u2606Eggcognito|That's just me\n|\n|t:|1733837658\n|move|p1a: Frosmoth|Ice Beam|p2a: Landorus\n|-supereffective|p2a: Landorus\n|-damage|p2a: Landorus|0 fnt\n|faint|p2a: Landorus\n|\n|win|jdavedog\n|raw|jdavedog's rating: 1596 &rarr; <strong>1618</strong><br />(+22 for winning)\n|raw|Eggcognito's rating: 1637 &rarr; <strong>1615</strong><br />(-22 for losing)\n|c|\u2606jdavedog|gg\n", "inputlog": ">version bfd83cad13791eb5a5a409923076391caf6fb4d4\n>start {\"formatid\":\"gen9randombattle\",\"seed\":[63374,55163,37297,60754],\"rated\":\"Rated battle\"}\n>player p1 {\"name\":\"jdavedog\",\"avatar\":\"169\",\"rating\":1596,\"seed\":[23335,33349,4702,44072]}\n>player p2 {\"name\":\"Eggcognito\",\"avatar\":\"veteran\",\"rating\":1637,\"seed\":[64789,26815,14207,42479]}\n>p1 switch 5\n>p2 move stickyweb\n>p1 move shellsmash\n>p2 switch 4\n>p1 move earthquake terastallize\n>p2 move voltswitch\n>p2 switch 4\n>p1 move stoneedge\n>p2 move hydropump terastallize\n>p1 switch 4\n>p1 move earthquake\n>p2 switch 2\n>p1 move stealthrock\n>p2 move nastyplot\n>p1 move roar\n>p2 move earthpower\n>p1 move heavyslam\n>p2 move bravebird\n>chat \u2606jdavedog|how do i have 4 fire weakneseses left\n>chat \u2606jdavedog|rng is weak with me today\n>p1 switch 5\n>chat \u2606Eggcognito|That's randbats \ud83d\ude43\n>p1 move hypervoice\n>p2 move uturn\n>p2 switch 6\n>p1 move hypervoice\n>p2 move thunderwave\n>p2 switch 2\n>p1 move hypervoice\n>p2 move liquidation\n>p1 switch 2\n>p2 move liquidation\n>p1 move knockoff\n>p2 move liquidation\n>p1 switch 6\n>p1 move leechseed\n>p2 move leechlife\n>p1 move sludgebomb\n>p2 move leechlife\n>p1 move gigadrain\n>p2 move leechlife\n>p1 move strengthsap\n>p2 move leechlife\n>p1 move sludgebomb\n>p2 move liquidation\n>p1 move sludgebomb\n>p2 move liquidation\n>p1 move sludgebomb\n>p2 move liquidation\n>p2 switch 6\n>p1 move strengthsap\n>p2 move bravebird\n>p1 move strengthsap\n>p2 move bravebird\n>p1 move leechseed\n>p2 move overheat\n>p1 move strengthsap\n>p2 move bravebird\n>p1 switch 3\n>p1 move quiverdance\n>p2 move overheat\n>p1 move quiverdance\n>p2 move bravebird\n>p2 switch 5\n>p1 move gigadrain\n>p2 move protect\n>p1 move gigadrain\n>p2 move calmmind\n>chat \u2606jdavedog|having the para go off on talonflame would have been real convenient\n>p1 move icebeam\n>p2 move protect\n>chat \u2606Eggcognito|That's just Pokemon \ud83e\udee0\n>p1 move icebeam\n>p2 move storedpower\n>p2 switch 3\n>chat \u2606Eggcognito|Rip me \n>chat \u2606Eggcognito|gg!\n>chat \u2606jdavedog|son of a bitch\n>chat \u2606Eggcognito|That's just me\n>p1 move icebeam\n>p2 move sludgewave", "uploadtime": 1733837652, "views": 10, "formatid": "gen9randombattle", "rating": 1615, "private": 0, "password": null}