{"id": "gen9randombattle-2259909842", "format": "[Gen 9] Random Battle", "players": ["Sorelooser", "steelixprismgx"], "log": "|j|\u2606Sorelooser\n|j|\u2606steelixprismgx\n|t:|1733778964\n|gametype|singles\n|player|p1|Sorelooser|170|1782\n|player|p2|steelixprismgx|colress|1846\n|teamsize|p1|6\n|teamsize|p2|6\n|gen|9\n|tier|[Gen 9] Random Battle\n|rated|\n|rule|Species Clause: Limit one of each Pok\u00e9mon\n|rule|HP Percentage Mod: HP is shown in percentages\n|rule|Sleep Clause Mod: Limit one foe put to sleep\n|rule|Illusion Level Mod: Illusion disguises the Pok\u00e9mon's true level\n|\n|t:|1733778964\n|start\n|switch|p1a: Greedent|Greedent, L86, M|347/347\n|switch|p2a: Cobalion|Cobalion, L80|277/277\n|turn|1\n|inactive|Battle timer is ON: inactive players will automatically lose when time's up. (requested by steelixprismgx)\n|\n|t:|1733778987\n|move|p2a: Cobalion|Calm Mind|p2a: Cobalion\n|-boost|p2a: Cobalion|spa|1\n|-boost|p2a: Cobalion|spd|1\n|move|p1a: Greedent|Earthquake|p2a: Cobalion\n|-supereffective|p2a: Cobalion\n|-damage|p2a: Cobalion|163/277\n|\n|-heal|p2a: Cobalion|180/277|[from] item: Leftovers\n|upkeep\n|turn|2\n|l|\u2606Sorelooser\n|inactive|Sorelooser disconnected and has a minute to reconnect!\n|player|p1|\n|c|\u2606steelixprismgx|what?\n|j|\u2606Sorelooser\n|inactive|Sorelooser reconnected and has 125 seconds left.\n|player|p1|Sorelooser|170|\n|inactive|Sorelooser has 120 seconds left.\n|\n|t:|1733779034\n|move|p2a: Cobalion|Vacuum Wave|p1a: Greedent\n|-supereffective|p1a: Greedent\n|-damage|p1a: Greedent|233/347\n|move|p1a: Greedent|Earthquake|p2a: Cobalion\n|-supereffective|p2a: Cobalion\n|-damage|p2a: Cobalion|60/277\n|\n|-heal|p2a: Cobalion|77/277|[from] item: Leftovers\n|upkeep\n|turn|3\n|\n|t:|1733779040\n|move|p2a: Cobalion|Aura Sphere|p1a: Greedent\n|-supereffective|p1a: Greedent\n|-damage|p1a: Greedent|0 fnt\n|faint|p1a: Greedent\n|\n|-heal|p2a: Cobalion|94/277|[from] item: Leftovers\n|upkeep\n|\n|t:|1733779051\n|switch|p1a: Krookodile|Krookodile, L80, F|283/283\n|-ability|p1a: Krookodile|Intimidate|boost\n|-unboost|p2a: Cobalion|atk|1\n|turn|4\n|\n|t:|1733779057\n|move|p1a: Krookodile|Earthquake|p2a: Cobalion\n|-supereffective|p2a: Cobalion\n|-damage|p2a: Cobalion|0 fnt\n|faint|p2a: Cobalion\n|\n|upkeep\n|\n|t:|1733779078\n|switch|p2a: Bombirdier|Bombirdier, L85, F|258/258\n|turn|5\n|\n|t:|1733779092\n|switch|p1a: Zamazenta|Zamazenta, L71|248/248\n|-ability|p1a: Zamazenta|Dauntless Shield|boost\n|-boost|p1a: Zamazenta|def|1\n|move|p2a: Bombirdier|Brave Bird|p1a: Zamazenta\n|-supereffective|p1a: Zamazenta\n|-crit|p1a: Zamazenta\n|-damage|p1a: Zamazenta|0 fnt\n|faint|p1a: Zamazenta\n|-damage|p2a: Bombirdier|176/258|[from] Recoil\n|\n|upkeep\n|\n|t:|1733779095\n|switch|p1a: Iron Crown|Iron Crown, L78|268/268\n|turn|6\n|c|\u2606steelixprismgx|HAHAHAHAHA no way\n|\n|t:|1733779110\n|switch|p2a: Poliwrath|Poliwrath, L88, F|302/302\n|move|p1a: Iron Crown|Calm Mind|p1a: Iron Crown\n|-boost|p1a: Iron Crown|spa|1\n|-boost|p1a: Iron Crown|spd|1\n|\n|upkeep\n|turn|7\n|\n|t:|1733779128\n|move|p1a: Iron Crown|Psyshock|p2a: Poliwrath\n|-supereffective|p2a: Poliwrath\n|-damage|p2a: Poliwrath|50/302\n|move|p2a: Poliwrath|Rain Dance|p2a: Poliwrath\n|-weather|RainDance\n|\n|-weather|RainDance|[upkeep]\n|upkeep\n|turn|8\n|\n|t:|1733779142\n|move|p2a: Poliwrath|Knock Off|p1a: Iron Crown\n|-supereffective|p1a: Iron Crown\n|-damage|p1a: Iron Crown|83/268\n|-enditem|p1a: Iron Crown|Leftovers|[from] move: Knock Off|[of] p2a: Poliwrath\n|-damage|p2a: Poliwrath|20/302|[from] item: Life Orb\n|move|p1a: Iron Crown|Tachyon Cutter|p2a: Poliwrath\n|-resisted|p2a: Poliwrath\n|-damage|p2a: Poliwrath|0 fnt\n|faint|p2a: Poliwrath\n|-hitcount|p2: Poliwrath|1\n|\n|-weather|RainDance|[upkeep]\n|upkeep\n|\n|t:|1733779147\n|switch|p2a: Azumarill|Azumarill, L82, F|298/298\n|turn|9\n|\n|t:|1733779162\n|move|p2a: Azumarill|Aqua Jet|p1a: Iron Crown\n|-damage|p1a: Iron Crown|0 fnt\n|faint|p1a: Iron Crown\n|-end|p1a: Iron Crown|Quark Drive|[silent]\n|\n|-weather|RainDance|[upkeep]\n|upkeep\n|\n|t:|1733779166\n|switch|p1a: Krookodile|Krookodile, L80, F|283/283\n|-ability|p1a: Krookodile|Intimidate|boost\n|-unboost|p2a: Azumarill|atk|1\n|turn|10\n|\n|t:|1733779172\n|switch|p2a: Bastiodon|Bastiodon, L89, F|252/252\n|move|p1a: Krookodile|Gunk Shot|p2a: Bastiodon\n|-immune|p2a: Bastiodon\n|\n|-weather|RainDance|[upkeep]\n|upkeep\n|turn|11\n|\n|t:|1733779185\n|switch|p1a: Flutter Mane|Flutter Mane, L74|203/203\n|move|p2a: Bastiodon|Body Press|p1a: Flutter Mane\n|-immune|p1a: Flutter Mane\n|\n|-weather|none\n|upkeep\n|turn|12\n|\n|t:|1733779199\n|move|p1a: Flutter Mane|Calm Mind|p1a: Flutter Mane\n|-boost|p1a: Flutter Mane|spa|1\n|-boost|p1a: Flutter Mane|spd|1\n|move|p2a: Bastiodon|Foul Play|p1a: Flutter Mane\n|-damage|p1a: Flutter Mane|153/203\n|\n|upkeep\n|turn|13\n|\n|t:|1733779203\n|move|p1a: Flutter Mane|Calm Mind|p1a: Flutter Mane\n|-boost|p1a: Flutter Mane|spa|1\n|-boost|p1a: Flutter Mane|spd|1\n|move|p2a: Bastiodon|Foul Play|p1a: Flutter Mane\n|-damage|p1a: Flutter Mane|105/203\n|\n|upkeep\n|turn|14\n|\n|t:|1733779205\n|move|p1a: Flutter Mane|Shadow Ball|p2a: Bastiodon\n|-damage|p2a: Bastiodon|112/252\n|-damage|p1a: Flutter Mane|85/203|[from] item: Life Orb\n|move|p2a: Bastiodon|Foul Play|p1a: Flutter Mane\n|-damage|p1a: Flutter Mane|39/203\n|\n|upkeep\n|turn|15\n|\n|t:|1733779211\n|move|p1a: Flutter Mane|Shadow Ball|p2a: Bastiodon\n|-damage|p2a: Bastiodon|0 fnt\n|faint|p2a: Bastiodon\n|-damage|p1a: Flutter Mane|19/203|[from] item: Life Orb\n|\n|upkeep\n|\n|t:|1733779219\n|switch|p2a: Bombirdier|Bombirdier, L85, F|176/258\n|turn|16\n|\n|t:|1733779230\n|move|p2a: Bombirdier|U-turn|p1a: Flutter Mane\n|-resisted|p1a: Flutter Mane\n|-damage|p1a: Flutter Mane|0 fnt\n|faint|p1a: Flutter Mane\n|-end|p1a: Flutter Mane|Protosynthesis|[silent]\n|\n|t:|1733779234\n|switch|p2a: Farigiraf|Farigiraf, L91, F|366/366|[from] U-turn\n|\n|upkeep\n|\n|t:|1733779237\n|switch|p1a: Krookodile|Krookodile, L80, F|283/283\n|-ability|p1a: Krookodile|Intimidate|boost\n|-unboost|p2a: Farigiraf|atk|1\n|turn|17\n|\n|t:|1733779247\n|move|p1a: Krookodile|Knock Off|p2a: Farigiraf\n|-supereffective|p2a: Farigiraf\n|-damage|p2a: Farigiraf|126/366\n|-enditem|p2a: Farigiraf|Leftovers|[from] move: Knock Off|[of] p1a: Krookodile\n|move|p2a: Farigiraf|Hyper Voice|p1a: Krookodile\n|-damage|p1a: Krookodile|135/283\n|\n|upkeep\n|turn|18\n|\n|t:|1733779251\n|move|p2a: Farigiraf|Protect|p2a: Farigiraf\n|-singleturn|p2a: Farigiraf|Protect\n|move|p1a: Krookodile|Knock Off|p2a: Farigiraf\n|-activate|p2a: Farigiraf|move: Protect\n|\n|upkeep\n|turn|19\n|\n|t:|1733779253\n|move|p1a: Krookodile|Knock Off|p2a: Farigiraf\n|-supereffective|p2a: Farigiraf\n|-damage|p2a: Farigiraf|0 fnt\n|faint|p2a: Farigiraf\n|\n|upkeep\n|\n|t:|1733779255\n|switch|p2a: Azumarill|Azumarill, L82, F|298/298\n|turn|20\n|\n|t:|1733779259\n|move|p2a: Azumarill|Aqua Jet|p1a: Krookodile\n|-supereffective|p1a: Krookodile\n|-damage|p1a: Krookodile|0 fnt\n|faint|p1a: Krookodile\n|\n|upkeep\n|\n|t:|1733779261\n|switch|p1a: Falinks|Falinks, L84|246/246\n|turn|21\n|\n|t:|1733779266\n|switch|p2a: Bombirdier|Bombirdier, L85, F|176/258\n|move|p1a: Falinks|No Retreat|p1a: Falinks\n|-boost|p1a: Falinks|atk|1\n|-boost|p1a: Falinks|def|1\n|-boost|p1a: Falinks|spa|1\n|-boost|p1a: Falinks|spd|1\n|-boost|p1a: Falinks|spe|1\n|-start|p1a: Falinks|move: No Retreat\n|\n|upkeep\n|turn|22\n|\n|t:|1733779271\n|-terastallize|p1a: Falinks|Steel\n|move|p2a: Bombirdier|Brave Bird|p1a: Falinks\n|-resisted|p1a: Falinks\n|-damage|p1a: Falinks|202/246\n|-damage|p2a: Bombirdier|161/258|[from] Recoil\n|move|p1a: Falinks|Close Combat|p2a: Bombirdier\n|-damage|p2a: Bombirdier|0 fnt\n|-unboost|p1a: Falinks|def|1\n|-unboost|p1a: Falinks|spd|1\n|faint|p2a: Bombirdier\n|-damage|p1a: Falinks|178/246|[from] item: Life Orb\n|\n|upkeep\n|\n|t:|1733779275\n|switch|p2a: Azumarill|Azumarill, L82, F|298/298\n|turn|23\n|\n|t:|1733779290\n|move|p1a: Falinks|Iron Head|p2a: Azumarill\n|-damage|p2a: Azumarill|121/298\n|-damage|p1a: Falinks|154/246|[from] item: Life Orb\n|move|p2a: Azumarill|Liquidation|p1a: Falinks\n|-damage|p1a: Falinks|12/246\n|\n|upkeep\n|turn|24\n|\n|t:|1733779304\n|-terastallize|p2a: Azumarill|Water\n|move|p1a: Falinks|Iron Head|p2a: Azumarill\n|-resisted|p2a: Azumarill\n|-damage|p2a: Azumarill|29/298\n|-damage|p1a: Falinks|0 fnt|[from] item: Life Orb\n|faint|p1a: Falinks\n|\n|win|steelixprismgx\n|raw|Sorelooser's rating: 1782 &rarr; <strong>1766</strong><br />(-16 for losing)\n|raw|steelixprismgx's rating: 1846 &rarr; <strong>1862</strong><br />(+16 for winning)\n|c|\u2606steelixprismgx|gg\n|c|\u2606Sorelooser|Gg\n|l|\u2606Sorelooser\n|player|p1|\n", "inputlog": ">version bfd83cad13791eb5a5a409923076391caf6fb4d4\n>start {\"formatid\":\"gen9randombattle\",\"seed\":[37411,16609,25958,51184],\"rated\":\"Rated battle\"}\n>player p1 {\"name\":\"Sorelooser\",\"avatar\":\"170\",\"rating\":1782,\"seed\":[21745,44571,26338,64906]}\n>player p2 {\"name\":\"steelixprismgx\",\"avatar\":\"colress\",\"rating\":1846,\"seed\":[7502,3090,26594,26148]}\n>p1 move earthquake\n>p2 move calmmind\n>chat \u2606steelixprismgx|what?\n>p1 move earthquake\n>p2 move vacuumwave\n>p1 move earthquake\n>p2 move aurasphere\n>p1 switch 6\n>p1 move earthquake\n>p2 move aurasphere\n>p2 switch 5\n>p1 switch 3\n>p2 move bravebird\n>p1 switch 2\n>chat \u2606steelixprismgx|HAHAHAHAHA no way\n>p1 move calmmind\n>p2 switch 6\n>p1 move psyshock\n>p2 move raindance\n>p1 move tachyoncutter\n>p2 move knockoff\n>p2 switch 2\n>p1 move tachyoncutter\n>p2 move aquajet\n>p1 switch 3\n>p1 move gunkshot\n>p2 switch 4\n>p1 switch 5\n>p2 move bodypress\n>p1 move calmmind\n>p2 move foulplay\n>p1 move calmmind\n>p2 move foulplay\n>p1 move shadowball\n>p2 move foulplay\n>p1 move shadowball\n>p2 move foulplay\n>p2 switch 6\n>p1 move calmmind\n>p2 move uturn\n>p2 switch 3\n>p1 switch 5\n>p1 move knockoff\n>p2 move hypervoice\n>p1 move knockoff\n>p2 move protect\n>p1 move knockoff\n>p2 move hypervoice\n>p2 switch 4\n>p1 move knockoff\n>p2 move aquajet\n>p1 switch 4\n>p1 move noretreat\n>p2 switch 3\n>p1 move closecombat terastallize\n>p2 move bravebird\n>p2 switch 3\n>p1 move ironhead\n>p2 move liquidation\n>p1 move ironhead\n>p2 move liquidation terastallize", "uploadtime": 1733779321, "views": 3, "formatid": "gen9randombattle", "rating": 1766, "private": 0, "password": null}