{"id": "gen9randombattle-2211422570", "format": "[Gen 9] Random Battle", "players": ["Triceradattilo", "r3lt michi"], "log": "|badge|p1|bronze|gen9randombattle|100-2\n|html|<div class=\"broadcast-red\"><strong>This battle is required to be public due to one or more player having a season medal.</strong><br />During the public phase, you can discuss the state of the ladder <a href=\"/seasondiscussion\">in a special chatroom.</a></div>\n|uhtml|medal-msg|<div class=\"broadcast-blue\">Curious what those medals under the avatar are? PS now has Ladder Seasons! For more information, check out the <a href=\"https://www.smogon.com/forums/threads/3740067/\">thread on Smogon.</a></div>\n|raw|<div class=\"broadcast-blue\"><strong>This battle is required to be public due to a player having a name starting with 'medal'.</div>\n|j|\u2606Triceradattilo\n|j|\u2606r3lt michi\n|t:|1727514286\n|gametype|singles\n|player|p1|Triceradattilo|benga|2355\n|player|p2|r3lt michi|169|2263\n|teamsize|p1|6\n|teamsize|p2|6\n|gen|9\n|tier|[Gen 9] Random Battle\n|rated|\n|rule|Species Clause: Limit one of each Pok\u00e9mon\n|rule|HP Percentage Mod: HP is shown in percentages\n|rule|Sleep Clause Mod: Limit one foe put to sleep\n|rule|Illusion Level Mod: Illusion disguises the Pok\u00e9mon's true level\n|\n|t:|1727514286\n|start\n|switch|p1a: Gastrodon|Gastrodon, L86, F|331/331\n|switch|p2a: Morpeko|Morpeko, L88, F|245/245\n|turn|1\n|inactive|Battle timer is ON: inactive players will automatically lose when time's up. (requested by r3lt michi)\n|inactive|Triceradattilo also wants the timer to be on.\n|\n|t:|1727514308\n|move|p2a: Morpeko|Parting Shot|p1a: Gastrodon\n|-unboost|p1a: Gastrodon|atk|1\n|-unboost|p1a: Gastrodon|spa|1\n|\n|t:|1727514310\n|switch|p2a: Rillaboom|Rillaboom, L79, F|288/288|[from] Parting Shot\n|-fieldstart|move: Grassy Terrain|[from] ability: Grassy Surge|[of] p2a: Rillaboom\n|move|p1a: Gastrodon|Earthquake|p2a: Rillaboom\n|-resisted|p2a: Rillaboom\n|-crit|p2a: Rillaboom\n|-damage|p2a: Rillaboom|252/288\n|\n|-heal|p2a: Rillaboom|270/288|[from] Grassy Terrain\n|upkeep\n|turn|2\n|\n|t:|1727514314\n|switch|p1a: Bombirdier|Bombirdier, L85, M|258/258\n|move|p2a: Rillaboom|Knock Off|p1a: Bombirdier\n|-resisted|p1a: Bombirdier\n|-damage|p1a: Bombirdier|197/258\n|-enditem|p1a: Bombirdier|Heavy-Duty Boots|[from] move: Knock Off|[of] p2a: Rillaboom\n|\n|-heal|p2a: Rillaboom|288/288|[from] Grassy Terrain\n|upkeep\n|turn|3\n|\n|t:|1727514321\n|switch|p2a: Morpeko|Morpeko, L88, F|245/245\n|move|p1a: Bombirdier|Knock Off|p2a: Morpeko\n|-resisted|p2a: Morpeko\n|-damage|p2a: Morpeko|175/245\n|-enditem|p2a: Morpeko|Heavy-Duty Boots|[from] move: Knock Off|[of] p1a: Bombirdier\n|\n|-heal|p2a: Morpeko|190/245|[from] Grassy Terrain\n|-formechange|p2a: Morpeko|Morpeko-Hangry||[from] ability: Hunger Switch\n|upkeep\n|turn|4\n|\n|t:|1727514326\n|switch|p1a: Camerupt|Camerupt, L91, F|275/275\n|move|p2a: Morpeko|Aura Wheel|p1a: Camerupt\n|-damage|p1a: Camerupt|139/275\n|-boost|p2a: Morpeko|spe|1\n|\n|-heal|p2a: Morpeko|205/245|[from] Grassy Terrain\n|-heal|p1a: Camerupt|156/275|[from] Grassy Terrain\n|-heal|p1a: Camerupt|173/275|[from] item: Leftovers\n|-formechange|p2a: Morpeko|Morpeko||[from] ability: Hunger Switch\n|upkeep\n|turn|5\n|\n|t:|1727514332\n|move|p2a: Morpeko|Parting Shot|p1a: Camerupt\n|-unboost|p1a: Camerupt|atk|1\n|-unboost|p1a: Camerupt|spa|1\n|\n|t:|1727514335\n|switch|p2a: Tauros|Tauros-Paldea-Aqua, L81, M|254/254|[from] Parting Shot\n|-ability|p2a: Tauros|Intimidate|boost\n|-unboost|p1a: Camerupt|atk|1\n|move|p1a: Camerupt|Stealth Rock|p2a: Tauros\n|-sidestart|p2: r3lt michi|move: Stealth Rock\n|\n|-heal|p1a: Camerupt|190/275|[from] Grassy Terrain\n|-heal|p1a: Camerupt|207/275|[from] item: Leftovers\n|-fieldend|move: Grassy Terrain\n|upkeep\n|turn|6\n|\n|t:|1727514340\n|switch|p1a: Altaria|Altaria, L88, M|275/275\n|move|p2a: Tauros|Bulk Up|p2a: Tauros\n|-boost|p2a: Tauros|atk|1\n|-boost|p2a: Tauros|def|1\n|\n|upkeep\n|turn|7\n|\n|t:|1727514352\n|switch|p2a: Kleavor|Kleavor, L78, F|237/237\n|-damage|p2a: Kleavor|178/237|[from] Stealth Rock\n|move|p1a: Altaria|Dragon Dance|p1a: Altaria\n|-boost|p1a: Altaria|atk|1\n|-boost|p1a: Altaria|spe|1\n|\n|upkeep\n|turn|8\n|\n|t:|1727514359\n|-terastallize|p1a: Altaria|Steel\n|move|p1a: Altaria|Dragon Dance|p1a: Altaria\n|-boost|p1a: Altaria|atk|1\n|-boost|p1a: Altaria|spe|1\n|move|p2a: Kleavor|Stone Axe|p1a: Altaria\n|-resisted|p1a: Altaria\n|-damage|p1a: Altaria|224/275\n|-sidestart|p1: Triceradattilo|move: Stealth Rock\n|\n|upkeep\n|turn|9\n|\n|t:|1727514366\n|switch|p2a: Tauros|Tauros-Paldea-Aqua, L81, M|254/254\n|-damage|p2a: Tauros|239/254|[from] Stealth Rock\n|-ability|p2a: Tauros|Intimidate|boost\n|-unboost|p1a: Altaria|atk|1\n|move|p1a: Altaria|Brave Bird|p2a: Tauros\n|-supereffective|p2a: Tauros\n|-damage|p2a: Tauros|0 fnt\n|faint|p2a: Tauros\n|-damage|p1a: Altaria|145/275|[from] Recoil\n|\n|upkeep\n|j| ChrisLarro\n|\n|t:|1727514375\n|switch|p2a: Rillaboom|Rillaboom, L79, F|288/288\n|-damage|p2a: Rillaboom|252/288|[from] Stealth Rock\n|-fieldstart|move: Grassy Terrain|[from] ability: Grassy Surge|[of] p2a: Rillaboom\n|turn|10\n|\n|t:|1727514379\n|switch|p2a: Luvdisc|Luvdisc, M|247/247\n|move|p1a: Altaria|Brave Bird|p2a: Luvdisc\n|-damage|p2a: Luvdisc|63/247\n|-damage|p1a: Altaria|84/275|[from] Recoil\n|\n|-heal|p1a: Altaria|101/275|[from] Grassy Terrain\n|-heal|p2a: Luvdisc|78/247|[from] Grassy Terrain\n|upkeep\n|turn|11\n|\n|t:|1727514383\n|move|p1a: Altaria|Brave Bird|p2a: Luvdisc\n|-damage|p2a: Luvdisc|0 fnt\n|faint|p2a: Luvdisc\n|-damage|p1a: Altaria|75/275|[from] Recoil\n|\n|-heal|p1a: Altaria|92/275|[from] Grassy Terrain\n|upkeep\n|\n|t:|1727514390\n|switch|p2a: Morpeko|Morpeko, L88, F|205/245\n|-damage|p2a: Morpeko|175/245|[from] Stealth Rock\n|turn|12\n|\n|t:|1727514394\n|move|p1a: Altaria|Roost|p1a: Altaria\n|-heal|p1a: Altaria|230/275\n|move|p2a: Morpeko|Aura Wheel|p1a: Altaria\n|-damage|p1a: Altaria|115/275\n|-boost|p2a: Morpeko|spe|1\n|\n|-heal|p1a: Altaria|132/275|[from] Grassy Terrain\n|-heal|p2a: Morpeko|190/245|[from] Grassy Terrain\n|-formechange|p2a: Morpeko|Morpeko-Hangry||[from] ability: Hunger Switch\n|upkeep\n|turn|13\n|\n|t:|1727514400\n|move|p1a: Altaria|Roost|p1a: Altaria\n|-heal|p1a: Altaria|270/275\n|move|p2a: Morpeko|Aura Wheel|p1a: Altaria\n|-damage|p1a: Altaria|143/275\n|-boost|p2a: Morpeko|spe|1\n|\n|-heal|p2a: Morpeko|205/245|[from] Grassy Terrain\n|-heal|p1a: Altaria|160/275|[from] Grassy Terrain\n|-formechange|p2a: Morpeko|Morpeko||[from] ability: Hunger Switch\n|upkeep\n|turn|14\n|\n|t:|1727514403\n|move|p2a: Morpeko|Aura Wheel|p1a: Altaria\n|-damage|p1a: Altaria|40/275\n|-boost|p2a: Morpeko|spe|1\n|move|p1a: Altaria|Roost|p1a: Altaria\n|-heal|p1a: Altaria|178/275\n|\n|-heal|p2a: Morpeko|220/245|[from] Grassy Terrain\n|-heal|p1a: Altaria|195/275|[from] Grassy Terrain\n|-fieldend|move: Grassy Terrain\n|-formechange|p2a: Morpeko|Morpeko-Hangry||[from] ability: Hunger Switch\n|upkeep\n|turn|15\n|\n|t:|1727514407\n|move|p2a: Morpeko|Aura Wheel|p1a: Altaria\n|-damage|p1a: Altaria|77/275\n|-boost|p2a: Morpeko|spe|1\n|move|p1a: Altaria|Earthquake|p2a: Morpeko\n|-supereffective|p2a: Morpeko\n|-damage|p2a: Morpeko|0 fnt\n|faint|p2a: Morpeko\n|\n|upkeep\n|\n|t:|1727514415\n|switch|p2a: Rillaboom|Rillaboom, L79, F|252/288\n|-damage|p2a: Rillaboom|216/288|[from] Stealth Rock\n|-fieldstart|move: Grassy Terrain|[from] ability: Grassy Surge|[of] p2a: Rillaboom\n|turn|16\n|\n|t:|1727514424\n|-terastallize|p2a: Rillaboom|Grass\n|move|p2a: Rillaboom|Grassy Glide|p1a: Altaria\n|-resisted|p1a: Altaria\n|-damage|p1a: Altaria|3/275\n|move|p1a: Altaria|Brave Bird|p2a: Rillaboom\n|-supereffective|p2a: Rillaboom\n|-damage|p2a: Rillaboom|0 fnt\n|faint|p2a: Rillaboom\n|-damage|p1a: Altaria|0 fnt|[from] Recoil\n|faint|p1a: Altaria\n|\n|upkeep\n|\n|t:|1727514434\n|switch|p1a: Bombirdier|Bombirdier, L85, M|197/258\n|switch|p2a: Kleavor|Kleavor, L78, F|178/237\n|-damage|p2a: Kleavor|119/237|[from] Stealth Rock\n|-damage|p1a: Bombirdier|133/258|[from] Stealth Rock\n|turn|17\n|\n|t:|1727514438\n|move|p2a: Kleavor|X-Scissor|p1a: Bombirdier\n|-damage|p1a: Bombirdier|0 fnt\n|faint|p1a: Bombirdier\n|\n|-heal|p2a: Kleavor|133/237|[from] Grassy Terrain\n|upkeep\n|\n|t:|1727514441\n|switch|p1a: Camerupt|Camerupt, L91, F|207/275\n|-damage|p1a: Camerupt|173/275|[from] Stealth Rock\n|turn|18\n|\n|t:|1727514443\n|move|p2a: Kleavor|X-Scissor|p1a: Camerupt\n|-resisted|p1a: Camerupt\n|-damage|p1a: Camerupt|92/275\n|move|p1a: Camerupt|Overheat|p2a: Kleavor\n|-damage|p2a: Kleavor|0 fnt\n|-unboost|p1a: Camerupt|spa|2\n|faint|p2a: Kleavor\n|\n|-heal|p1a: Camerupt|109/275|[from] Grassy Terrain\n|-heal|p1a: Camerupt|126/275|[from] item: Leftovers\n|upkeep\n|\n|t:|1727514445\n|switch|p2a: Frosmoth|Frosmoth, L82, F|249/249\n|turn|19\n|\n|t:|1727514447\n|switch|p1a: Perrserker|Perrserker, L89, F|269/269\n|-damage|p1a: Perrserker|253/269|[from] Stealth Rock\n|move|p2a: Frosmoth|Quiver Dance|p2a: Frosmoth\n|-boost|p2a: Frosmoth|spa|1\n|-boost|p2a: Frosmoth|spd|1\n|-boost|p2a: Frosmoth|spe|1\n|\n|-heal|p1a: Perrserker|269/269|[from] Grassy Terrain\n|upkeep\n|turn|20\n|\n|t:|1727514450\n|move|p2a: Frosmoth|Ice Beam|p1a: Perrserker\n|-resisted|p1a: Perrserker\n|-damage|p1a: Perrserker|173/269\n|move|p1a: Perrserker|Iron Head|p2a: Frosmoth\n|-supereffective|p2a: Frosmoth\n|-damage|p2a: Frosmoth|0 fnt\n|faint|p2a: Frosmoth\n|\n|win|Triceradattilo\n|raw|Triceradattilo's rating: 2355 &rarr; <strong>2370</strong><br />(+15 for winning)\n|raw|r3lt michi's rating: 2263 &rarr; <strong>2248</strong><br />(-15 for losing)\n|l|\u2606r3lt michi\n|player|p2|\n|l| ChrisLarro\n", "inputlog": ">version 69ff0b2f47ddc97367302b06f7f2ae172fb214dd\n>start {\"formatid\":\"gen9randombattle\",\"seed\":[2429,47559,49394,14796],\"rated\":\"Rated battle\"}\n>player p1 {\"name\":\"Triceradattilo\",\"avatar\":\"benga\",\"rating\":2355,\"seed\":[22883,43801,30371,9429]}\n>player p2 {\"name\":\"r3lt michi\",\"avatar\":\"169\",\"rating\":2263,\"seed\":[45099,33807,32609,18487]}\n>p1 move earthquake\n>p2 move partingshot\n>p2 switch 4\n>p1 switch 2\n>p2 move knockoff\n>p1 move knockoff\n>p2 switch 4\n>p1 switch 5\n>p2 move aurawheel\n>p1 move stealthrock\n>p2 move partingshot\n>p2 switch 5\n>p1 switch 3\n>p2 move bulkup\n>p1 move dragondance\n>p2 switch 6\n>p1 move dragondance terastallize\n>p2 move stoneaxe\n>p1 move bravebird\n>p2 switch 6\n>p2 switch 4\n>p1 move bravebird\n>p2 switch 3\n>p1 move bravebird\n>p2 move whirlpool\n>p2 switch 5\n>p1 move roost\n>p2 move aurawheel\n>p1 move roost\n>p2 move aurawheel\n>p1 move roost\n>p2 move aurawheel\n>p1 move earthquake\n>p2 move aurawheel\n>p2 switch 3\n>p1 move bravebird\n>p2 move grassyglide terastallize\n>p1 switch 5\n>p2 switch 6\n>p1 move knockoff\n>p2 move xscissor\n>p1 switch 3\n>p1 move overheat\n>p2 move xscissor\n>p2 switch 2\n>p1 switch 6\n>p2 move quiverdance\n>p1 move ironhead\n>p2 move icebeam", "uploadtime": 1727514496, "views": 80, "formatid": "gen9randombattle", "rating": 2248, "private": 0, "password": null}