{"id": "gen9randombattle-2259989069", "format": "[Gen 9] Random Battle", "players": ["Suhith", "thundermick"], "log": "|j|\u2606Suhith\n|j|\u2606thundermick\n|t:|1733788086\n|gametype|singles\n|player|p1|Suhith|swimmerf|1053\n|player|p2|thundermick|2|1069\n|teamsize|p1|6\n|teamsize|p2|6\n|gen|9\n|tier|[Gen 9] Random Battle\n|rated|\n|rule|Species Clause: Limit one of each Pok\u00e9mon\n|rule|HP Percentage Mod: HP is shown in percentages\n|rule|Sleep Clause Mod: Limit one foe put to sleep\n|rule|Illusion Level Mod: Illusion disguises the Pok\u00e9mon's true level\n|\n|t:|1733788086\n|start\n|switch|p1a: Espathra|Espathra, L80, F|283/283\n|switch|p2a: Raging Bolt|Raging Bolt, L78|323/323\n|turn|1\n|inactive|Battle timer is ON: inactive players will automatically lose when time's up. (requested by Suhith)\n|\n|t:|1733788111\n|move|p1a: Espathra|Calm Mind|p1a: Espathra\n|-boost|p1a: Espathra|spa|1\n|-boost|p1a: Espathra|spd|1\n|move|p2a: Raging Bolt|Calm Mind|p2a: Raging Bolt\n|-boost|p2a: Raging Bolt|spa|1\n|-boost|p2a: Raging Bolt|spd|1\n|\n|-ability|p1a: Espathra|Speed Boost|boost\n|-boost|p1a: Espathra|spe|1\n|upkeep\n|turn|2\n|\n|t:|1733788119\n|move|p1a: Espathra|Dazzling Gleam|p2a: Raging Bolt\n|-supereffective|p2a: Raging Bolt\n|-damage|p2a: Raging Bolt|197/323\n|move|p2a: Raging Bolt|Calm Mind|p2a: Raging Bolt\n|-boost|p2a: Raging Bolt|spa|1\n|-boost|p2a: Raging Bolt|spd|1\n|\n|-heal|p2a: Raging Bolt|217/323|[from] item: Leftovers\n|-ability|p1a: Espathra|Speed Boost|boost\n|-boost|p1a: Espathra|spe|1\n|upkeep\n|turn|3\n|inactive|thundermick has 120 seconds left.\n|\n|t:|1733788159\n|move|p1a: Espathra|Dazzling Gleam|p2a: Raging Bolt\n|-supereffective|p2a: Raging Bolt\n|-damage|p2a: Raging Bolt|131/323\n|move|p2a: Raging Bolt|Thunderbolt|p1a: Espathra\n|-damage|p1a: Espathra|91/283\n|\n|-heal|p1a: Espathra|108/283|[from] item: Leftovers\n|-heal|p2a: Raging Bolt|151/323|[from] item: Leftovers\n|-ability|p1a: Espathra|Speed Boost|boost\n|-boost|p1a: Espathra|spe|1\n|upkeep\n|turn|4\n|\n|t:|1733788170\n|move|p2a: Raging Bolt|Thunderclap||[still]\n|-fail|p2a: Raging Bolt\n|move|p1a: Espathra|Roost|p1a: Espathra\n|-heal|p1a: Espathra|250/283\n|-singleturn|p1a: Espathra|move: Roost\n|\n|-heal|p1a: Espathra|267/283|[from] item: Leftovers\n|-heal|p2a: Raging Bolt|171/323|[from] item: Leftovers\n|-ability|p1a: Espathra|Speed Boost|boost\n|-boost|p1a: Espathra|spe|1\n|upkeep\n|turn|5\n|\n|t:|1733788181\n|move|p1a: Espathra|Calm Mind|p1a: Espathra\n|-boost|p1a: Espathra|spa|1\n|-boost|p1a: Espathra|spd|1\n|move|p2a: Raging Bolt|Thunderbolt|p1a: Espathra\n|-damage|p1a: Espathra|128/283\n|-status|p1a: Espathra|par\n|\n|-heal|p1a: Espathra|145/283 par|[from] item: Leftovers\n|-heal|p2a: Raging Bolt|191/323|[from] item: Leftovers\n|-ability|p1a: Espathra|Speed Boost|boost\n|-boost|p1a: Espathra|spe|1\n|upkeep\n|turn|6\n|\n|t:|1733788192\n|move|p1a: Espathra|Dazzling Gleam|p2a: Raging Bolt\n|-supereffective|p2a: Raging Bolt\n|-damage|p2a: Raging Bolt|71/323\n|move|p2a: Raging Bolt|Thunderbolt|p1a: Espathra\n|-damage|p1a: Espathra|4/283 par\n|\n|-heal|p1a: Espathra|21/283 par|[from] item: Leftovers\n|-heal|p2a: Raging Bolt|91/323|[from] item: Leftovers\n|-ability|p1a: Espathra|Speed Boost|boost\n|-boost|p1a: Espathra|spe|1\n|upkeep\n|turn|7\n|\n|t:|1733788202\n|move|p1a: Espathra|Dazzling Gleam|p2a: Raging Bolt\n|-supereffective|p2a: Raging Bolt\n|-crit|p2a: Raging Bolt\n|-damage|p2a: Raging Bolt|0 fnt\n|faint|p2a: Raging Bolt\n|-end|p2a: Raging Bolt|Protosynthesis|[silent]\n|\n|-heal|p1a: Espathra|38/283 par|[from] item: Leftovers\n|upkeep\n|\n|t:|1733788217\n|switch|p2a: Lurantis|Lurantis, L87, F|264/264\n|turn|8\n|\n|t:|1733788223\n|move|p1a: Espathra|Roost|p1a: Espathra\n|-heal|p1a: Espathra|180/283 par\n|-singleturn|p1a: Espathra|move: Roost\n|move|p2a: Lurantis|Leech Life|p1a: Espathra\n|-supereffective|p1a: Espathra\n|-damage|p1a: Espathra|8/283 par\n|\n|-heal|p1a: Espathra|25/283 par|[from] item: Leftovers\n|upkeep\n|turn|9\n|inactive|thundermick has 120 seconds left.\n|\n|t:|1733788230\n|move|p1a: Espathra|Stored Power|p2a: Lurantis\n|-damage|p2a: Lurantis|0 fnt\n|faint|p2a: Lurantis\n|\n|-heal|p1a: Espathra|42/283 par|[from] item: Leftovers\n|upkeep\n|inactive|thundermick has 120 seconds left.\n|\n|t:|1733788242\n|switch|p2a: Espathra|Espathra, L80, F|283/283\n|turn|10\n|\n|t:|1733788249\n|move|p1a: Espathra|Dazzling Gleam|p2a: Espathra\n|-damage|p2a: Espathra|124/283\n|move|p2a: Espathra|U-turn|p1a: Espathra\n|-supereffective|p1a: Espathra\n|-damage|p1a: Espathra|0 fnt\n|faint|p1a: Espathra\n|\n|t:|1733788258\n|switch|p2a: Raichu|Raichu, L88, M|249/249|[from] U-turn\n|\n|upkeep\n|inactive|Suhith has 120 seconds left.\n|\n|t:|1733788292\n|switch|p1a: Probopass|Probopass, L92, M|260/260\n|turn|11\n|\n|t:|1733788306\n|-terastallize|p2a: Raichu|Water\n|move|p2a: Raichu|Surf|p1a: Probopass\n|-supereffective|p1a: Probopass\n|-damage|p1a: Probopass|138/260\n|move|p1a: Probopass|Iron Defense|p1a: Probopass\n|-boost|p1a: Probopass|def|2\n|\n|-heal|p1a: Probopass|154/260|[from] item: Leftovers\n|upkeep\n|turn|12\n|inactive|thundermick has 120 seconds left.\n|\n|t:|1733788336\n|move|p2a: Raichu|Grass Knot|p1a: Probopass\n|-damage|p1a: Probopass|104/260\n|move|p1a: Probopass|Body Press|p2a: Raichu\n|-damage|p2a: Raichu|11/249\n|\n|-heal|p1a: Probopass|120/260|[from] item: Leftovers\n|upkeep\n|turn|13\n|inactive|thundermick has 120 seconds left.\n|\n|t:|1733788345\n|move|p2a: Raichu|Surf|p1a: Probopass\n|-supereffective|p1a: Probopass\n|-damage|p1a: Probopass|0 fnt\n|faint|p1a: Probopass\n|\n|upkeep\n|\n|t:|1733788359\n|switch|p1a: Klefki|Klefki, L84, F|233/233\n|turn|14\n|\n|t:|1733788365\n|move|p2a: Raichu|Surf|p1a: Klefki\n|-damage|p1a: Klefki|137/233\n|move|p1a: Klefki|Play Rough|p2a: Raichu\n|-damage|p2a: Raichu|0 fnt\n|faint|p2a: Raichu\n|\n|-heal|p1a: Klefki|151/233|[from] item: Leftovers\n|upkeep\n|\n|t:|1733788380\n|switch|p2a: Dewgong|Dewgong, L94, M|322/322\n|turn|15\n|inactive|thundermick has 120 seconds left.\n|\n|t:|1733788404\n|move|p1a: Klefki|Thunder Wave|p2a: Dewgong\n|-status|p2a: Dewgong|par\n|move|p2a: Dewgong|Flip Turn|p1a: Klefki\n|-damage|p1a: Klefki|87/233\n|\n|t:|1733788418\n|switch|p2a: Palafin|Palafin, L77, M|281/281|[from] Flip Turn\n|\n|-heal|p1a: Klefki|101/233|[from] item: Leftovers\n|upkeep\n|turn|16\n|\n|t:|1733788433\n|move|p2a: Palafin|Jet Punch|p1a: Klefki\n|-damage|p1a: Klefki|59/233\n|move|p1a: Klefki|Thunder Wave|p2a: Palafin\n|-status|p2a: Palafin|par\n|\n|-heal|p1a: Klefki|73/233|[from] item: Leftovers\n|upkeep\n|turn|17\n|\n|t:|1733788440\n|move|p1a: Klefki|Spikes|p2a: Palafin\n|-sidestart|p2: thundermick|Spikes\n|move|p2a: Palafin|Bulk Up|p2a: Palafin\n|-boost|p2a: Palafin|atk|1\n|-boost|p2a: Palafin|def|1\n|\n|-heal|p1a: Klefki|87/233|[from] item: Leftovers\n|upkeep\n|turn|18\n|inactive|thundermick has 120 seconds left.\n|\n|t:|1733788447\n|move|p1a: Klefki|Spikes|p2a: Palafin\n|-sidestart|p2: thundermick|Spikes\n|move|p2a: Palafin|Bulk Up|p2a: Palafin\n|-boost|p2a: Palafin|atk|1\n|-boost|p2a: Palafin|def|1\n|\n|-heal|p1a: Klefki|101/233|[from] item: Leftovers\n|upkeep\n|turn|19\n|\n|t:|1733788455\n|move|p1a: Klefki|Play Rough|p2a: Palafin\n|-damage|p2a: Palafin|224/281 par\n|cant|p2a: Palafin|par\n|\n|-heal|p1a: Klefki|115/233|[from] item: Leftovers\n|-heal|p2a: Palafin|241/281 par|[from] item: Leftovers\n|upkeep\n|turn|20\n|\n|t:|1733788463\n|move|p1a: Klefki|Play Rough|p2a: Palafin\n|-damage|p2a: Palafin|186/281 par\n|move|p2a: Palafin|Bulk Up|p2a: Palafin\n|-boost|p2a: Palafin|atk|1\n|-boost|p2a: Palafin|def|1\n|\n|-heal|p1a: Klefki|129/233|[from] item: Leftovers\n|-heal|p2a: Palafin|203/281 par|[from] item: Leftovers\n|upkeep\n|turn|21\n|\n|t:|1733788472\n|move|p1a: Klefki|Play Rough|p2a: Palafin\n|-damage|p2a: Palafin|164/281 par\n|move|p2a: Palafin|Bulk Up|p2a: Palafin\n|-boost|p2a: Palafin|atk|1\n|-boost|p2a: Palafin|def|1\n|\n|-heal|p1a: Klefki|143/233|[from] item: Leftovers\n|-heal|p2a: Palafin|181/281 par|[from] item: Leftovers\n|upkeep\n|turn|22\n|\n|t:|1733788487\n|switch|p1a: Poliwrath|Poliwrath, L88, F|302/302\n|cant|p2a: Palafin|par\n|\n|-heal|p2a: Palafin|198/281 par|[from] item: Leftovers\n|upkeep\n|turn|23\n|\n|t:|1733788502\n|move|p1a: Poliwrath|Knock Off|p2a: Palafin\n|-damage|p2a: Palafin|156/281 par\n|-enditem|p2a: Palafin|Leftovers|[from] move: Knock Off|[of] p1a: Poliwrath\n|-damage|p1a: Poliwrath|272/302|[from] item: Life Orb\n|move|p2a: Palafin|Drain Punch|p1a: Poliwrath\n|-crit|p1a: Poliwrath\n|-damage|p1a: Poliwrath|123/302\n|-heal|p2a: Palafin|231/281 par|[from] drain|[of] p1a: Poliwrath\n|\n|upkeep\n|turn|24\n|\n|t:|1733788511\n|move|p1a: Poliwrath|Close Combat|p2a: Palafin\n|-damage|p2a: Palafin|148/281 par\n|-unboost|p1a: Poliwrath|def|1\n|-unboost|p1a: Poliwrath|spd|1\n|-damage|p1a: Poliwrath|93/302|[from] item: Life Orb\n|move|p2a: Palafin|Drain Punch|p1a: Poliwrath\n|-damage|p1a: Poliwrath|0 fnt\n|-heal|p2a: Palafin|195/281 par|[from] drain|[of] p1a: Poliwrath\n|faint|p1a: Poliwrath\n|\n|upkeep\n|\n|t:|1733788522\n|switch|p1a: Blastoise|Blastoise, L80, F|258/258\n|turn|25\n|\n|t:|1733788525\n|move|p1a: Blastoise|Shell Smash|p1a: Blastoise\n|-unboost|p1a: Blastoise|def|1\n|-unboost|p1a: Blastoise|spd|1\n|-boost|p1a: Blastoise|atk|2\n|-boost|p1a: Blastoise|spa|2\n|-boost|p1a: Blastoise|spe|2\n|-enditem|p1a: Blastoise|White Herb\n|-clearnegativeboost|p1a: Blastoise|[silent]\n|move|p2a: Palafin|Drain Punch|p1a: Blastoise\n|-damage|p1a: Blastoise|167/258\n|-heal|p2a: Palafin|241/281 par|[from] drain|[of] p1a: Blastoise\n|\n|upkeep\n|turn|26\n|\n|t:|1733788539\n|move|p1a: Blastoise|Hydro Pump|p2a: Palafin\n|-resisted|p2a: Palafin\n|-damage|p2a: Palafin|106/281 par\n|move|p2a: Palafin|Drain Punch|p1a: Blastoise\n|-damage|p1a: Blastoise|70/258\n|-heal|p2a: Palafin|155/281 par|[from] drain|[of] p1a: Blastoise\n|\n|upkeep\n|turn|27\n|\n|t:|1733788546\n|move|p1a: Blastoise|Hydro Pump|p2a: Palafin\n|-resisted|p2a: Palafin\n|-damage|p2a: Palafin|0 fnt\n|faint|p2a: Palafin\n|\n|upkeep\n|\n|t:|1733788561\n|switch|p2a: Dewgong|Dewgong, L94, M|322/322 par\n|turn|28\n|\n|t:|1733788580\n|move|p1a: Blastoise|Earthquake|p2a: Dewgong\n|-damage|p2a: Dewgong|217/322 par\n|move|p2a: Dewgong|Triple Axel|p1a: Blastoise\n|-resisted|p1a: Blastoise\n|-damage|p1a: Blastoise|60/258\n|-resisted|p1a: Blastoise\n|-damage|p1a: Blastoise|42/258\n|-resisted|p1a: Blastoise\n|-damage|p1a: Blastoise|14/258\n|-hitcount|p1a: Blastoise|3\n|\n|upkeep\n|turn|29\n|\n|t:|1733788589\n|move|p1a: Blastoise|Hydro Pump|p2a: Dewgong\n|-resisted|p2a: Dewgong\n|-damage|p2a: Dewgong|100/322 par\n|move|p2a: Dewgong|Triple Axel|p1a: Blastoise\n|-resisted|p1a: Blastoise\n|-damage|p1a: Blastoise|5/258\n|-resisted|p1a: Blastoise\n|-damage|p1a: Blastoise|0 fnt\n|faint|p1a: Blastoise\n|-hitcount|p1: Blastoise|2\n|\n|upkeep\n|\n|t:|1733788599\n|switch|p1a: Klefki|Klefki, L84, F|143/233\n|turn|30\n|\n|t:|1733788610\n|move|p1a: Klefki|Play Rough|p2a: Dewgong\n|-damage|p2a: Dewgong|13/322 par\n|move|p2a: Dewgong|Surf|p1a: Klefki\n|-damage|p1a: Klefki|43/233\n|\n|-heal|p1a: Klefki|57/233|[from] item: Leftovers\n|upkeep\n|turn|31\n|\n|t:|1733788619\n|move|p1a: Klefki|Play Rough|p2a: Dewgong\n|-damage|p2a: Dewgong|0 fnt\n|faint|p2a: Dewgong\n|\n|-heal|p1a: Klefki|71/233|[from] item: Leftovers\n|upkeep\n|\n|t:|1733788625\n|switch|p2a: Espathra|Espathra, L80, F|124/283\n|-damage|p2a: Espathra|77/283|[from] Spikes\n|turn|32\n|\n|t:|1733788639\n|move|p2a: Espathra|Lumina Crash|p1a: Klefki\n|-resisted|p1a: Klefki\n|-damage|p1a: Klefki|11/233\n|-unboost|p1a: Klefki|spd|2\n|move|p1a: Klefki|Play Rough|p2a: Espathra\n|-damage|p2a: Espathra|0 fnt\n|faint|p2a: Espathra\n|\n|win|Suhith\n|raw|Suhith's rating: 1053 &rarr; <strong>1087</strong><br />(+34 for winning)\n|raw|thundermick's rating: 1069 &rarr; <strong>1048</strong><br />(-21 for losing)\n|l|\u2606thundermick\n|player|p2|\n", "inputlog": ">version bfd83cad13791eb5a5a409923076391caf6fb4d4\n>start {\"formatid\":\"gen9randombattle\",\"seed\":[50922,35454,17616,8874],\"rated\":\"Rated battle\"}\n>player p1 {\"name\":\"Suhith\",\"avatar\":\"swimmerf\",\"rating\":1053,\"seed\":[36916,1858,4735,20133]}\n>player p2 {\"name\":\"thundermick\",\"avatar\":\"2\",\"rating\":1069,\"seed\":[6252,56922,43286,55052]}\n>p1 move calmmind\n>p2 move calmmind\n>p1 move dazzlinggleam\n>p2 move calmmind\n>p1 move dazzlinggleam\n>p2 move thunderbolt\n>p1 move roost\n>p2 move thunderclap\n>p1 move calmmind\n>p2 move thunderbolt\n>p1 move dazzlinggleam\n>p2 move thunderbolt\n>p1 move dazzlinggleam\n>p2 move thunderbolt\n>p2 switch 2\n>p1 move roost\n>p2 move leechlife\n>p1 move storedpower\n>p2 move leechlife\n>p2 switch 4\n>p1 move dazzlinggleam\n>p2 move uturn\n>p2 switch 3\n>p1 switch 5\n>p1 move irondefense\n>p2 move surf terastallize\n>p1 move bodypress\n>p2 move grassknot\n>p1 move flashcannon\n>p2 move surf\n>p1 switch 6\n>p1 move playrough\n>p2 move surf\n>p2 switch 5\n>p1 move thunderwave\n>p2 move flipturn\n>p2 switch 6\n>p1 move thunderwave\n>p2 move jetpunch\n>p1 move spikes\n>p2 move bulkup\n>p1 move spikes\n>p2 move bulkup\n>p1 move playrough\n>p2 move bulkup\n>p1 move playrough\n>p2 move bulkup\n>p1 move playrough\n>p2 move bulkup\n>p1 switch 4\n>p2 move drainpunch\n>p1 move knockoff\n>p2 move drainpunch\n>p1 move closecombat\n>p2 move drainpunch\n>p1 switch 2\n>p1 move shellsmash\n>p2 move drainpunch\n>p1 move hydropump\n>p2 move drainpunch\n>p1 move hydropump\n>p2 move drainpunch\n>p2 switch 6\n>p1 move earthquake\n>p2 move tripleaxel\n>p1 move hydropump\n>p2 move tripleaxel\n>p1 switch 4\n>p1 move playrough\n>p2 move surf\n>p1 move playrough\n>p2 move surf\n>p2 switch 3\n>p1 move playrough\n>p2 move luminacrash", "uploadtime": 1733788664, "views": 3, "formatid": "gen9randombattle", "rating": 1048, "private": 0, "password": null}