{"id": "gen9randombattle-2259987673", "format": "[Gen 9] Random Battle", "players": ["CJMamba24", "PowerOutage273"], "log": "|j|\u2606CJMamba24\n|j|\u2606PowerOutage273\n|t:|1733787910\n|gametype|singles\n|player|p1|CJMamba24|2|1656\n|player|p2|PowerOutage273|volkner|1706\n|teamsize|p1|6\n|teamsize|p2|6\n|gen|9\n|tier|[Gen 9] Random Battle\n|rated|\n|rule|Species Clause: Limit one of each Pok\u00e9mon\n|rule|HP Percentage Mod: HP is shown in percentages\n|rule|Sleep Clause Mod: Limit one foe put to sleep\n|rule|Illusion Level Mod: Illusion disguises the Pok\u00e9mon's true level\n|\n|t:|1733787910\n|start\n|switch|p1a: Bruxish|Bruxish, L85, M|254/254\n|switch|p2a: Regigigas|Regigigas, L84|322/322\n|-start|p2a: Regigigas|ability: Slow Start\n|turn|1\n|inactive|Battle timer is ON: inactive players will automatically lose when time's up. (requested by CJMamba24)\n|inactive|PowerOutage273 also wants the timer to be on.\n|\n|t:|1733787930\n|move|p2a: Regigigas|Protect|p2a: Regigigas\n|-singleturn|p2a: Regigigas|Protect\n|move|p1a: Bruxish|Flip Turn|p2a: Regigigas\n|-activate|p2a: Regigigas|move: Protect\n|\n|upkeep\n|turn|2\n|\n|t:|1733787936\n|move|p1a: Bruxish|Flip Turn|p2a: Regigigas\n|-damage|p2a: Regigigas|262/322\n|\n|t:|1733787938\n|switch|p1a: Qwilfish|Qwilfish, L86, M|252/252|[from] Flip Turn\n|-ability|p1a: Qwilfish|Intimidate|boost\n|-unboost|p2a: Regigigas|atk|1\n|move|p2a: Regigigas|Substitute|p2a: Regigigas\n|-start|p2a: Regigigas|Substitute\n|-damage|p2a: Regigigas|182/322\n|\n|-heal|p2a: Regigigas|202/322|[from] item: Leftovers\n|upkeep\n|turn|3\n|\n|t:|1733787946\n|move|p1a: Qwilfish|Toxic Spikes|p2a: Regigigas\n|-sidestart|p2: PowerOutage273|move: Toxic Spikes\n|move|p2a: Regigigas|Body Slam|p1a: Qwilfish\n|-damage|p1a: Qwilfish|207/252\n|\n|-heal|p1a: Qwilfish|222/252|[from] item: Leftovers\n|-heal|p2a: Regigigas|222/322|[from] item: Leftovers\n|upkeep\n|turn|4\n|\n|t:|1733787953\n|move|p1a: Qwilfish|Gunk Shot|p2a: Regigigas|[miss]\n|-miss|p1a: Qwilfish|p2a: Regigigas\n|move|p2a: Regigigas|Body Slam|p1a: Qwilfish\n|-damage|p1a: Qwilfish|179/252\n|\n|-heal|p1a: Qwilfish|194/252|[from] item: Leftovers\n|-heal|p2a: Regigigas|242/322|[from] item: Leftovers\n|upkeep\n|turn|5\n|\n|t:|1733787955\n|move|p1a: Qwilfish|Spikes|p2a: Regigigas\n|-sidestart|p2: PowerOutage273|Spikes\n|move|p2a: Regigigas|Body Slam|p1a: Qwilfish\n|-damage|p1a: Qwilfish|148/252\n|-status|p1a: Qwilfish|par\n|\n|-heal|p2a: Regigigas|262/322|[from] item: Leftovers\n|-heal|p1a: Qwilfish|163/252 par|[from] item: Leftovers\n|-end|p2a: Regigigas|Slow Start\n|upkeep\n|turn|6\n|\n|t:|1733787963\n|switch|p1a: Bruxish|Bruxish, L85, M|254/254\n|move|p2a: Regigigas|Knock Off|p1a: Bruxish\n|-supereffective|p1a: Bruxish\n|-damage|p1a: Bruxish|98/254\n|-enditem|p1a: Bruxish|Choice Scarf|[from] move: Knock Off|[of] p2a: Regigigas\n|\n|-heal|p2a: Regigigas|282/322|[from] item: Leftovers\n|upkeep\n|turn|7\n|\n|t:|1733787978\n|switch|p1a: Qwilfish|Qwilfish, L86, M|163/252 par\n|-ability|p1a: Qwilfish|Intimidate|boost\n|-immune|p2a: Regigigas\n|move|p2a: Regigigas|Body Slam|p1a: Qwilfish\n|-damage|p1a: Qwilfish|67/252 par\n|\n|-heal|p2a: Regigigas|302/322|[from] item: Leftovers\n|-heal|p1a: Qwilfish|82/252 par|[from] item: Leftovers\n|upkeep\n|turn|8\n|\n|t:|1733787987\n|switch|p1a: Solgaleo|Solgaleo, L74|325/325\n|move|p2a: Regigigas|Body Slam|p1a: Solgaleo\n|-resisted|p1a: Solgaleo\n|-damage|p1a: Solgaleo|284/325\n|-status|p1a: Solgaleo|par\n|\n|-heal|p2a: Regigigas|322/322|[from] item: Leftovers\n|upkeep\n|turn|9\n|\n|t:|1733787995\n|move|p2a: Regigigas|Knock Off|p1a: Solgaleo\n|-supereffective|p1a: Solgaleo\n|-damage|p1a: Solgaleo|148/325 par\n|-enditem|p1a: Solgaleo|Weakness Policy\n|-boost|p1a: Solgaleo|atk|2|[from] item: Weakness Policy\n|-boost|p1a: Solgaleo|spa|2|[from] item: Weakness Policy\n|move|p1a: Solgaleo|Flame Charge|p2a: Regigigas\n|-activate|p2a: Regigigas|move: Substitute|[damage]\n|-boost|p1a: Solgaleo|spe|1\n|\n|upkeep\n|turn|10\n|\n|t:|1733788004\n|move|p2a: Regigigas|Knock Off|p1a: Solgaleo\n|-supereffective|p1a: Solgaleo\n|-damage|p1a: Solgaleo|50/325 par\n|move|p1a: Solgaleo|Sunsteel Strike|p2a: Regigigas\n|-end|p2a: Regigigas|Substitute\n|\n|upkeep\n|turn|11\n|\n|t:|1733788014\n|move|p2a: Regigigas|Substitute|p2a: Regigigas\n|-start|p2a: Regigigas|Substitute\n|-damage|p2a: Regigigas|242/322\n|move|p1a: Solgaleo|Sunsteel Strike|p2a: Regigigas\n|-end|p2a: Regigigas|Substitute\n|\n|-heal|p2a: Regigigas|262/322|[from] item: Leftovers\n|upkeep\n|turn|12\n|\n|t:|1733788019\n|move|p2a: Regigigas|Substitute|p2a: Regigigas\n|-start|p2a: Regigigas|Substitute\n|-damage|p2a: Regigigas|182/322\n|move|p1a: Solgaleo|Sunsteel Strike|p2a: Regigigas\n|-end|p2a: Regigigas|Substitute\n|\n|-heal|p2a: Regigigas|202/322|[from] item: Leftovers\n|upkeep\n|turn|13\n|\n|t:|1733788023\n|move|p2a: Regigigas|Substitute|p2a: Regigigas\n|-start|p2a: Regigigas|Substitute\n|-damage|p2a: Regigigas|122/322\n|cant|p1a: Solgaleo|par\n|\n|-heal|p2a: Regigigas|142/322|[from] item: Leftovers\n|upkeep\n|turn|14\n|\n|t:|1733788029\n|move|p2a: Regigigas|Knock Off|p1a: Solgaleo\n|-supereffective|p1a: Solgaleo\n|-damage|p1a: Solgaleo|0 fnt\n|faint|p1a: Solgaleo\n|\n|-heal|p2a: Regigigas|162/322|[from] item: Leftovers\n|upkeep\n|\n|t:|1733788035\n|switch|p1a: Porygon2|Porygon2, L82|274/274\n|-ability|p1a: Porygon2|Download|boost\n|-boost|p1a: Porygon2|spa|1\n|turn|15\n|\n|t:|1733788043\n|move|p2a: Regigigas|Knock Off|p1a: Porygon2\n|-damage|p1a: Porygon2|226/274\n|-enditem|p1a: Porygon2|Eviolite|[from] move: Knock Off|[of] p2a: Regigigas\n|move|p1a: Porygon2|Tri Attack|p2a: Regigigas\n|-end|p2a: Regigigas|Substitute\n|\n|-heal|p2a: Regigigas|182/322|[from] item: Leftovers\n|upkeep\n|turn|16\n|\n|t:|1733788049\n|move|p2a: Regigigas|Body Slam|p1a: Porygon2\n|-damage|p1a: Porygon2|139/274\n|-status|p1a: Porygon2|par\n|cant|p1a: Porygon2|par\n|\n|-heal|p2a: Regigigas|202/322|[from] item: Leftovers\n|upkeep\n|turn|17\n|-message|CJMamba24 forfeited.\n|\n|win|PowerOutage273\n|raw|CJMamba24's rating: 1656 &rarr; <strong>1639</strong><br />(-17 for losing)\n|raw|PowerOutage273's rating: 1706 &rarr; <strong>1723</strong><br />(+17 for winning)\n|l|\u2606CJMamba24\n|player|p1|\n", "inputlog": ">version bfd83cad13791eb5a5a409923076391caf6fb4d4\n>start {\"formatid\":\"gen9randombattle\",\"seed\":[20781,12328,31054,38563],\"rated\":\"Rated battle\"}\n>player p1 {\"name\":\"CJMamba24\",\"avatar\":\"2\",\"rating\":1656,\"seed\":[55074,31930,28582,915]}\n>player p2 {\"name\":\"PowerOutage273\",\"avatar\":\"volkner\",\"rating\":1706,\"seed\":[65103,8980,19430,37347]}\n>p1 move flipturn\n>p2 move protect\n>p1 move flipturn\n>p2 move substitute\n>p1 switch 3\n>p1 move toxicspikes\n>p2 move bodyslam\n>p1 move gunkshot\n>p2 move bodyslam\n>p1 move spikes\n>p2 move bodyslam\n>p1 switch 3\n>p2 move knockoff\n>p1 switch 3\n>p2 move bodyslam\n>p1 switch 5\n>p2 move bodyslam\n>p1 move flamecharge\n>p2 move knockoff\n>p1 move sunsteelstrike\n>p2 move knockoff\n>p1 move sunsteelstrike\n>p2 move substitute\n>p1 move sunsteelstrike\n>p2 move substitute\n>p1 move sunsteelstrike\n>p2 move substitute\n>p1 move sunsteelstrike\n>p2 move knockoff\n>p1 switch 6\n>p1 move triattack\n>p2 move knockoff\n>p1 move triattack\n>p2 move bodyslam\n>forcelose p1", "uploadtime": 1733788056, "views": 1, "formatid": "gen9randombattle", "rating": 1639, "private": 0, "password": null}