{"id": "gen9randombattle-2260881623", "format": "[Gen 9] Random Battle", "players": ["Shin Rocketeer", "PowerZink"], "log": "|j|\u2606Shin Rocketeer\n|j|\u2606PowerZink\n|t:|1733910045\n|gametype|singles\n|player|p1|Shin Rocketeer|proton|1397\n|player|p2|PowerZink|ethan|1396\n|teamsize|p1|6\n|teamsize|p2|6\n|gen|9\n|tier|[Gen 9] Random Battle\n|rated|\n|rule|Species Clause: Limit one of each Pok\u00e9mon\n|rule|HP Percentage Mod: HP is shown in percentages\n|rule|Sleep Clause Mod: Limit one foe put to sleep\n|rule|Illusion Level Mod: Illusion disguises the Pok\u00e9mon's true level\n|\n|t:|1733910045\n|start\n|switch|p1a: Klawf|Klawf, L90, F|272/272\n|switch|p2a: Scizor|Scizor, L79, M|240/240\n|turn|1\n|\n|t:|1733910068\n|move|p1a: Klawf|High Horsepower|p2a: Scizor\n|-damage|p2a: Scizor|162/240\n|move|p2a: Scizor|Close Combat|p1a: Klawf\n|-supereffective|p1a: Klawf\n|-crit|p1a: Klawf\n|-damage|p1a: Klawf|42/272\n|-unboost|p2a: Scizor|def|1\n|-unboost|p2a: Scizor|spd|1\n|-ability|p1a: Klawf|Anger Shell|boost\n|-boost|p1a: Klawf|atk|1\n|-boost|p1a: Klawf|spa|1\n|-boost|p1a: Klawf|spe|1\n|-unboost|p1a: Klawf|def|1\n|-unboost|p1a: Klawf|spd|1\n|-enditem|p1a: Klawf|Sitrus Berry|[eat]\n|-heal|p1a: Klawf|110/272|[from] item: Sitrus Berry\n|\n|-heal|p2a: Scizor|177/240|[from] item: Leftovers\n|upkeep\n|turn|2\n|\n|t:|1733910078\n|move|p2a: Scizor|Bullet Punch|p1a: Klawf\n|-supereffective|p1a: Klawf\n|-damage|p1a: Klawf|0 fnt\n|faint|p1a: Klawf\n|\n|-heal|p2a: Scizor|192/240|[from] item: Leftovers\n|upkeep\n|\n|t:|1733910087\n|switch|p1a: Rabsca|Rabsca, L91, M|284/284\n|turn|3\n|\n|t:|1733910091\n|move|p2a: Scizor|U-turn|p1a: Rabsca\n|-supereffective|p1a: Rabsca\n|-damage|p1a: Rabsca|138/284\n|\n|t:|1733910097\n|switch|p2a: Banette|Banette, L93, M|270/270|[from] U-turn\n|-item|p1a: Rabsca|Heavy-Duty Boots|[from] ability: Frisk|[of] p2a: Banette\n|move|p1a: Rabsca|Revival Blessing|p1a: Rabsca\n|\n|t:|1733910101\n|-heal|p1: Klawf|136/272|[from] move: Revival Blessing\n|\n|upkeep\n|turn|4\n|\n|t:|1733910108\n|move|p2a: Banette|Poltergeist|p1a: Rabsca\n|-activate|p1a: Rabsca|move: Poltergeist|Heavy-Duty Boots\n|-supereffective|p1a: Rabsca\n|-damage|p1a: Rabsca|0 fnt\n|faint|p1a: Rabsca\n|-damage|p2a: Banette|243/270|[from] item: Life Orb\n|\n|upkeep\n|\n|t:|1733910112\n|switch|p1a: Noctowl|Noctowl, L95, F|344/344\n|turn|5\n|\n|t:|1733910126\n|switch|p2a: Clawitzer|Clawitzer, L87, F|265/265\n|move|p1a: Noctowl|Nasty Plot|p1a: Noctowl\n|-boost|p1a: Noctowl|spa|2\n|\n|upkeep\n|turn|6\n|\n|t:|1733910131\n|move|p1a: Noctowl|Hyper Voice|p2a: Clawitzer\n|-damage|p2a: Clawitzer|114/265\n|move|p2a: Clawitzer|Water Pulse|p1a: Noctowl\n|-damage|p1a: Noctowl|251/344\n|\n|upkeep\n|turn|7\n|\n|t:|1733910150\n|move|p1a: Noctowl|Hyper Voice|p2a: Clawitzer\n|-damage|p2a: Clawitzer|0 fnt\n|faint|p2a: Clawitzer\n|\n|upkeep\n|\n|t:|1733910167\n|switch|p2a: Scizor|Scizor, L79, M|192/240\n|turn|8\n|\n|t:|1733910174\n|move|p2a: Scizor|Bullet Punch|p1a: Noctowl\n|-damage|p1a: Noctowl|157/344\n|move|p1a: Noctowl|Hurricane|p2a: Scizor|[miss]\n|-miss|p1a: Noctowl|p2a: Scizor\n|\n|-heal|p2a: Scizor|207/240|[from] item: Leftovers\n|upkeep\n|turn|9\n|\n|t:|1733910179\n|move|p2a: Scizor|Bullet Punch|p1a: Noctowl\n|-damage|p1a: Noctowl|67/344\n|move|p1a: Noctowl|Roost|p1a: Noctowl\n|-heal|p1a: Noctowl|239/344\n|-singleturn|p1a: Noctowl|move: Roost\n|\n|-heal|p2a: Scizor|222/240|[from] item: Leftovers\n|upkeep\n|turn|10\n|\n|t:|1733910184\n|move|p1a: Noctowl|Hurricane|p2a: Scizor\n|-damage|p2a: Scizor|0 fnt\n|faint|p2a: Scizor\n|\n|upkeep\n|\n|t:|1733910187\n|switch|p2a: Whimsicott|Whimsicott, L85, M|241/241\n|turn|11\n|\n|t:|1733910192\n|-terastallize|p2a: Whimsicott|Steel\n|move|p2a: Whimsicott|Encore|p1a: Noctowl\n|-start|p1a: Noctowl|Encore\n|move|p1a: Noctowl|Hurricane|p2a: Whimsicott|[miss]\n|-miss|p1a: Noctowl|p2a: Whimsicott\n|\n|upkeep\n|turn|12\n|\n|t:|1733910205\n|switch|p1a: Ditto|Ditto, L87|225/225\n|-transform|p1a: Ditto|p2a: Whimsicott|[from] ability: Imposter\n|move|p2a: Whimsicott|Substitute|p2a: Whimsicott\n|-start|p2a: Whimsicott|Substitute\n|-damage|p2a: Whimsicott|181/241\n|\n|-heal|p2a: Whimsicott|196/241|[from] item: Leftovers\n|upkeep\n|-start|p1a: Ditto|typechange|Grass/Fairy|[silent]\n|turn|13\n|\n|t:|1733910218\n|move|p1a: Ditto|Encore|p2a: Whimsicott\n|-start|p2a: Whimsicott|Encore\n|move|p2a: Whimsicott|Substitute|p2a: Whimsicott\n|-fail|p2a: Whimsicott|move: Substitute\n|\n|-heal|p2a: Whimsicott|211/241|[from] item: Leftovers\n|upkeep\n|turn|14\n|\n|t:|1733910232\n|switch|p1a: Rhydon|Rhydon, L85, M|317/317\n|switch|p2a: Araquanid|Araquanid, L82, F|246/246\n|\n|upkeep\n|turn|15\n|\n|t:|1733910240\n|switch|p1a: Pincurchin|Pincurchin, F|258/258\n|-fieldstart|move: Electric Terrain|[from] ability: Electric Surge|[of] p1a: Pincurchin\n|move|p2a: Araquanid|Liquidation|p1a: Pincurchin\n|-damage|p1a: Pincurchin|147/258\n|-unboost|p1a: Pincurchin|def|1\n|\n|-heal|p1a: Pincurchin|163/258|[from] item: Leftovers\n|upkeep\n|turn|16\n|\n|t:|1733910265\n|switch|p2a: Incineroar|Incineroar, L82, M|290/290\n|-ability|p2a: Incineroar|Intimidate|boost\n|-unboost|p1a: Pincurchin|atk|1\n|move|p1a: Pincurchin|Thunderbolt|p2a: Incineroar\n|-damage|p2a: Incineroar|115/290\n|\n|-heal|p1a: Pincurchin|179/258|[from] item: Leftovers\n|upkeep\n|turn|17\n|\n|t:|1733910281\n|switch|p1a: Klawf|Klawf, L90, F|136/272\n|move|p2a: Incineroar|Parting Shot|p1a: Klawf\n|-unboost|p1a: Klawf|atk|1\n|-unboost|p1a: Klawf|spa|1\n|\n|t:|1733910284\n|switch|p2a: Araquanid|Araquanid, L82, F|246/246|[from] Parting Shot\n|\n|upkeep\n|turn|18\n|\n|t:|1733910293\n|move|p1a: Klawf|Knock Off|p2a: Araquanid\n|-damage|p2a: Araquanid|195/246\n|-enditem|p2a: Araquanid|Heavy-Duty Boots|[from] move: Knock Off|[of] p1a: Klawf\n|move|p2a: Araquanid|Liquidation|p1a: Klawf\n|-supereffective|p1a: Klawf\n|-damage|p1a: Klawf|0 fnt\n|faint|p1a: Klawf\n|\n|upkeep\n|\n|t:|1733910301\n|switch|p1a: Ditto|Ditto, L87|225/225\n|-transform|p1a: Ditto|p2a: Araquanid|[from] ability: Imposter\n|turn|19\n|\n|t:|1733910304\n|switch|p2a: Banette|Banette, L93, M|243/270\n|-item|p1a: Ditto|Choice Scarf|[from] ability: Frisk|[of] p2a: Banette\n|move|p1a: Ditto|Sticky Web|p2a: Banette\n|-sidestart|p2: PowerZink|move: Sticky Web\n|\n|-fieldend|move: Electric Terrain\n|upkeep\n|turn|20\n|\n|t:|1733910316\n|switch|p1a: Pincurchin|Pincurchin, F|179/258\n|-fieldstart|move: Electric Terrain|[from] ability: Electric Surge|[of] p1a: Pincurchin\n|move|p2a: Banette|Swords Dance|p2a: Banette\n|-boost|p2a: Banette|atk|2\n|\n|-heal|p1a: Pincurchin|195/258|[from] item: Leftovers\n|upkeep\n|turn|21\n|\n|t:|1733910321\n|move|p2a: Banette|Poltergeist|p1a: Pincurchin\n|-activate|p1a: Pincurchin|move: Poltergeist|Leftovers\n|-damage|p1a: Pincurchin|0 fnt\n|faint|p1a: Pincurchin\n|-damage|p2a: Banette|216/270|[from] item: Life Orb\n|\n|upkeep\n|\n|t:|1733910326\n|switch|p1a: Ditto|Ditto, L87|225/225\n|-transform|p1a: Ditto|p2a: Banette|[from] ability: Imposter\n|-item|p2a: Banette|Life Orb|[from] ability: Frisk|[of] p1a: Ditto\n|turn|22\n|\n|t:|1733910330\n|switch|p2a: Incineroar|Incineroar, L82, M|115/290\n|-ability|p2a: Incineroar|Intimidate|boost\n|-unboost|p1a: Ditto|atk|1\n|move|p1a: Ditto|Poltergeist|p2a: Incineroar\n|-activate|p2a: Incineroar|move: Poltergeist|Heavy-Duty Boots\n|-resisted|p2a: Incineroar\n|-damage|p2a: Incineroar|10/290\n|\n|upkeep\n|turn|23\n|\n|t:|1733910338\n|move|p1a: Ditto|Poltergeist|p2a: Incineroar\n|-activate|p2a: Incineroar|move: Poltergeist|Heavy-Duty Boots\n|-resisted|p2a: Incineroar\n|-damage|p2a: Incineroar|0 fnt\n|faint|p2a: Incineroar\n|\n|upkeep\n|\n|t:|1733910346\n|switch|p2a: Banette|Banette, L93, M|216/270\n|-activate|p2a: Banette|move: Sticky Web\n|-unboost|p2a: Banette|spe|1\n|-item|p1a: Ditto|Choice Scarf|[from] ability: Frisk|[of] p2a: Banette\n|turn|24\n|\n|t:|1733910348\n|move|p2a: Banette|Shadow Sneak|p1a: Ditto\n|-supereffective|p1a: Ditto\n|-damage|p1a: Ditto|38/225\n|-damage|p2a: Banette|189/270|[from] item: Life Orb\n|move|p1a: Ditto|Poltergeist|p2a: Banette\n|-activate|p2a: Banette|move: Poltergeist|Life Orb\n|-supereffective|p2a: Banette\n|-damage|p2a: Banette|0 fnt\n|faint|p2a: Banette\n|\n|-fieldend|move: Electric Terrain\n|upkeep\n|-message|PowerZink forfeited.\n|\n|win|Shin Rocketeer\n|raw|Shin Rocketeer's rating: 1397 &rarr; <strong>1417</strong><br />(+20 for winning)\n|raw|PowerZink's rating: 1396 &rarr; <strong>1376</strong><br />(-20 for losing)\n|l|\u2606PowerZink\n|player|p2|\n", "inputlog": ">version bfd83cad13791eb5a5a409923076391caf6fb4d4\n>start {\"formatid\":\"gen9randombattle\",\"seed\":[32585,4776,35263,16281],\"rated\":\"Rated battle\"}\n>player p1 {\"name\":\"Shin Rocketeer\",\"avatar\":\"proton\",\"rating\":1397,\"seed\":[4282,6356,26358,65073]}\n>player p2 {\"name\":\"PowerZink\",\"avatar\":\"ethan\",\"rating\":1396,\"seed\":[55759,1767,52525,58409]}\n>p1 move highhorsepower\n>p2 move closecombat\n>p1 move highhorsepower\n>p2 move bulletpunch\n>p1 switch 6\n>p1 move revivalblessing\n>p2 move uturn\n>p2 switch 3\n>p1 switch 6\n>p1 move bugbuzz\n>p2 move poltergeist\n>p1 switch 5\n>p1 move nastyplot\n>p2 switch 6\n>p1 move hypervoice\n>p2 move waterpulse\n>p1 move hypervoice\n>p2 move waterpulse\n>p2 switch 3\n>p1 move hurricane\n>p2 move bulletpunch\n>p1 move roost\n>p2 move bulletpunch\n>p1 move hurricane\n>p2 move uturn\n>p2 switch 5\n>p1 move hurricane\n>p2 move encore terastallize\n>p1 switch 4\n>p2 move substitute\n>p1 move encore\n>p2 move moonblast\n>p1 switch 2\n>p2 switch 4\n>p1 switch 3\n>p2 move liquidation\n>p1 move thunderbolt\n>p2 switch 2\n>p1 switch 6\n>p2 move partingshot\n>p2 switch 2\n>p1 move knockoff\n>p2 move liquidation\n>p1 switch 2\n>p1 move stickyweb\n>p2 switch 6\n>p1 switch 6\n>p2 move swordsdance\n>p1 move scald\n>p2 move poltergeist\n>p1 switch 6\n>p1 move poltergeist\n>p2 switch 2\n>p1 move poltergeist\n>p2 move partingshot\n>p2 switch 2\n>p1 move poltergeist\n>p2 move shadowsneak\n>forcelose p2", "uploadtime": 1733910354, "views": 1, "formatid": "gen9randombattle", "rating": 1376, "private": 0, "password": null}