{"id": "gen9randombattle-2246995589", "format": "[Gen 9] Random Battle", "players": ["Qiuescent", "reed flame shadow"], "log": "|j|\u203dQiuescent\n|j|\u2606reed flame shadow\n|t:|1732036288\n|gametype|singles\n|player|p1|Qiuescent|1|2177\n|player|p2|reed flame shadow|1|2273\n|teamsize|p1|6\n|teamsize|p2|6\n|gen|9\n|tier|[Gen 9] Random Battle\n|rated|\n|rule|Species Clause: Limit one of each Pok\u00e9mon\n|rule|HP Percentage Mod: HP is shown in percentages\n|rule|Sleep Clause Mod: Limit one foe put to sleep\n|rule|Illusion Level Mod: Illusion disguises the Pok\u00e9mon's true level\n|\n|t:|1732036288\n|start\n|switch|p1a: Dachsbun|Dachsbun, L92, M|254/254\n|switch|p2a: Cetitan|Cetitan, L82, F|413/413\n|turn|1\n|\n|t:|1732036313\n|switch|p2a: Milotic|Milotic, L83, M|293/293\n|move|p1a: Dachsbun|Play Rough|p2a: Milotic\n|-damage|p2a: Milotic|191/293\n|\n|-heal|p2a: Milotic|209/293|[from] item: Leftovers\n|upkeep\n|turn|2\n|inactive|Battle timer is ON: inactive players will automatically lose when time's up. (requested by reed flame shadow)\n|\n|t:|1732036323\n|switch|p1a: Chansey|Chansey, L85, F|564/564\n|move|p2a: Milotic|Recover|p2a: Milotic\n|-heal|p2a: Milotic|293/293\n|\n|upkeep\n|turn|3\n|\n|t:|1732036340\n|switch|p2a: Toucannon|Toucannon, L88, F|284/284\n|move|p1a: Chansey|Stealth Rock|p2a: Toucannon\n|-sidestart|p2: reed flame shadow|move: Stealth Rock\n|\n|upkeep\n|turn|4\n|\n|t:|1732036344\n|-singleturn|p2a: Toucannon|move: Beak Blast\n|move|p1a: Chansey|Thunder Wave|p2a: Toucannon\n|-status|p2a: Toucannon|par\n|move|p2a: Toucannon|Beak Blast|p1a: Chansey\n|-damage|p1a: Chansey|221/564\n|\n|upkeep\n|turn|5\n|\n|t:|1732036361\n|-singleturn|p2a: Toucannon|move: Beak Blast\n|move|p1a: Chansey|Soft-Boiled|p1a: Chansey\n|-heal|p1a: Chansey|503/564\n|move|p2a: Toucannon|Beak Blast|p1a: Chansey\n|-damage|p1a: Chansey|209/564\n|\n|upkeep\n|turn|6\n|\n|t:|1732036368\n|-singleturn|p2a: Toucannon|move: Beak Blast\n|move|p1a: Chansey|Soft-Boiled|p1a: Chansey\n|-heal|p1a: Chansey|491/564\n|move|p2a: Toucannon|Beak Blast|p1a: Chansey\n|-damage|p1a: Chansey|148/564\n|\n|upkeep\n|turn|7\n|\n|t:|1732036375\n|switch|p1a: Dachsbun|Dachsbun, L92, M|254/254\n|-singleturn|p2a: Toucannon|move: Beak Blast\n|move|p2a: Toucannon|Beak Blast|p1a: Dachsbun\n|-damage|p1a: Dachsbun|151/254\n|\n|-heal|p1a: Dachsbun|166/254|[from] item: Leftovers\n|upkeep\n|turn|8\n|\n|t:|1732036381\n|move|p1a: Dachsbun|Wish|p1a: Dachsbun\n|move|p2a: Toucannon|Boomburst|p1a: Dachsbun\n|-damage|p1a: Dachsbun|42/254\n|\n|-heal|p1a: Dachsbun|57/254|[from] item: Leftovers\n|upkeep\n|turn|9\n|\n|t:|1732036393\n|-singleturn|p2a: Toucannon|move: Beak Blast\n|move|p1a: Dachsbun|Protect|p1a: Dachsbun\n|-singleturn|p1a: Dachsbun|Protect\n|move|p2a: Toucannon|Beak Blast|p1a: Dachsbun\n|-activate|p1a: Dachsbun|move: Protect\n|\n|-heal|p1a: Dachsbun|184/254|[from] move: Wish|[wisher] Dachsbun\n|-heal|p1a: Dachsbun|199/254|[from] item: Leftovers\n|upkeep\n|turn|10\n|\n|t:|1732036401\n|move|p1a: Dachsbun|Wish|p1a: Dachsbun\n|move|p2a: Toucannon|Knock Off|p1a: Dachsbun\n|-resisted|p1a: Dachsbun\n|-damage|p1a: Dachsbun|169/254\n|-enditem|p1a: Dachsbun|Leftovers|[from] move: Knock Off|[of] p2a: Toucannon\n|\n|upkeep\n|turn|11\n|\n|t:|1732036405\n|-singleturn|p2a: Toucannon|move: Beak Blast\n|move|p1a: Dachsbun|Protect|p1a: Dachsbun\n|-singleturn|p1a: Dachsbun|Protect\n|cant|p2a: Toucannon|par\n|\n|-heal|p1a: Dachsbun|254/254|[from] move: Wish|[wisher] Dachsbun\n|upkeep\n|turn|12\n|\n|t:|1732036410\n|move|p1a: Dachsbun|Wish|p1a: Dachsbun\n|move|p2a: Toucannon|Boomburst|p1a: Dachsbun\n|-damage|p1a: Dachsbun|133/254\n|\n|upkeep\n|turn|13\n|\n|t:|1732036421\n|switch|p2a: Milotic|Milotic, L83, M|293/293\n|-damage|p2a: Milotic|257/293|[from] Stealth Rock\n|move|p1a: Dachsbun|Protect||[still]\n|-fail|p1a: Dachsbun\n|\n|-heal|p1a: Dachsbun|254/254|[from] move: Wish|[wisher] Dachsbun\n|-heal|p2a: Milotic|275/293|[from] item: Leftovers\n|upkeep\n|turn|14\n|\n|t:|1732036427\n|switch|p1a: Illumise|Illumise, L91, F|266/266\n|move|p2a: Milotic|Scald|p1a: Illumise\n|-damage|p1a: Illumise|179/266\n|-status|p1a: Illumise|brn\n|\n|-heal|p2a: Milotic|293/293|[from] item: Leftovers\n|-damage|p1a: Illumise|163/266 brn|[from] brn\n|upkeep\n|turn|15\n|\n|t:|1732036434\n|move|p1a: Illumise|Thunder Wave|p2a: Milotic\n|-status|p2a: Milotic|par\n|move|p2a: Milotic|Scald|p1a: Illumise\n|-damage|p1a: Illumise|79/266 brn\n|\n|-damage|p1a: Illumise|63/266 brn|[from] brn\n|upkeep\n|turn|16\n|\n|t:|1732036444\n|switch|p2a: Toucannon|Toucannon, L88, F|284/284 par\n|move|p1a: Illumise|Roost|p1a: Illumise\n|-heal|p1a: Illumise|196/266 brn\n|-singleturn|p1a: Illumise|move: Roost\n|\n|-damage|p1a: Illumise|180/266 brn|[from] brn\n|upkeep\n|turn|17\n|\n|t:|1732036452\n|switch|p1a: Dachsbun|Dachsbun, L92, M|254/254\n|move|p2a: Toucannon|Boomburst|p1a: Dachsbun\n|-damage|p1a: Dachsbun|131/254\n|\n|upkeep\n|turn|18\n|\n|t:|1732036463\n|move|p1a: Dachsbun|Wish|p1a: Dachsbun\n|cant|p2a: Toucannon|par\n|\n|upkeep\n|turn|19\n|\n|t:|1732036473\n|move|p1a: Dachsbun|Protect|p1a: Dachsbun\n|-singleturn|p1a: Dachsbun|Protect\n|move|p2a: Toucannon|Knock Off|p1a: Dachsbun\n|-activate|p1a: Dachsbun|move: Protect\n|\n|-heal|p1a: Dachsbun|254/254|[from] move: Wish|[wisher] Dachsbun\n|upkeep\n|turn|20\n|\n|t:|1732036476\n|-singleturn|p2a: Toucannon|move: Beak Blast\n|move|p1a: Dachsbun|Wish|p1a: Dachsbun\n|move|p2a: Toucannon|Beak Blast|p1a: Dachsbun\n|-damage|p1a: Dachsbun|154/254\n|\n|upkeep\n|turn|21\n|\n|t:|1732036504\n|-singleturn|p2a: Toucannon|move: Beak Blast\n|move|p1a: Dachsbun|Protect|p1a: Dachsbun\n|-singleturn|p1a: Dachsbun|Protect\n|cant|p2a: Toucannon|par\n|\n|-heal|p1a: Dachsbun|254/254|[from] move: Wish|[wisher] Dachsbun\n|upkeep\n|turn|22\n|\n|t:|1732036509\n|move|p1a: Dachsbun|Wish|p1a: Dachsbun\n|move|p2a: Toucannon|Boomburst|p1a: Dachsbun\n|-damage|p1a: Dachsbun|116/254\n|\n|upkeep\n|turn|23\n|\n|t:|1732036514\n|-singleturn|p2a: Toucannon|move: Beak Blast\n|move|p1a: Dachsbun|Protect|p1a: Dachsbun\n|-singleturn|p1a: Dachsbun|Protect\n|move|p2a: Toucannon|Beak Blast|p1a: Dachsbun\n|-activate|p1a: Dachsbun|move: Protect\n|\n|-heal|p1a: Dachsbun|243/254|[from] move: Wish|[wisher] Dachsbun\n|upkeep\n|turn|24\n|\n|t:|1732036521\n|move|p1a: Dachsbun|Wish|p1a: Dachsbun\n|move|p2a: Toucannon|Boomburst|p1a: Dachsbun\n|-damage|p1a: Dachsbun|99/254\n|\n|upkeep\n|turn|25\n|\n|t:|1732036528\n|move|p1a: Dachsbun|Protect|p1a: Dachsbun\n|-singleturn|p1a: Dachsbun|Protect\n|move|p2a: Toucannon|Knock Off|p1a: Dachsbun\n|-activate|p1a: Dachsbun|move: Protect\n|\n|-heal|p1a: Dachsbun|226/254|[from] move: Wish|[wisher] Dachsbun\n|upkeep\n|turn|26\n|\n|t:|1732036530\n|move|p1a: Dachsbun|Wish|p1a: Dachsbun\n|move|p2a: Toucannon|Boomburst|p1a: Dachsbun\n|-damage|p1a: Dachsbun|85/254\n|\n|upkeep\n|turn|27\n|\n|t:|1732036535\n|move|p1a: Dachsbun|Protect|p1a: Dachsbun\n|-singleturn|p1a: Dachsbun|Protect\n|move|p2a: Toucannon|Knock Off|p1a: Dachsbun\n|-activate|p1a: Dachsbun|move: Protect\n|\n|-heal|p1a: Dachsbun|212/254|[from] move: Wish|[wisher] Dachsbun\n|upkeep\n|turn|28\n|\n|t:|1732036537\n|move|p1a: Dachsbun|Wish|p1a: Dachsbun\n|move|p2a: Toucannon|Boomburst|p1a: Dachsbun\n|-damage|p1a: Dachsbun|86/254\n|\n|upkeep\n|turn|29\n|\n|t:|1732036542\n|move|p1a: Dachsbun|Protect|p1a: Dachsbun\n|-singleturn|p1a: Dachsbun|Protect\n|move|p2a: Toucannon|Knock Off|p1a: Dachsbun\n|-activate|p1a: Dachsbun|move: Protect\n|\n|-heal|p1a: Dachsbun|213/254|[from] move: Wish|[wisher] Dachsbun\n|upkeep\n|turn|30\n|\n|t:|1732036544\n|move|p1a: Dachsbun|Wish|p1a: Dachsbun\n|move|p2a: Toucannon|Boomburst|p1a: Dachsbun\n|-damage|p1a: Dachsbun|84/254\n|\n|upkeep\n|turn|31\n|\n|t:|1732036547\n|move|p1a: Dachsbun|Protect|p1a: Dachsbun\n|-singleturn|p1a: Dachsbun|Protect\n|cant|p2a: Toucannon|par\n|\n|-heal|p1a: Dachsbun|211/254|[from] move: Wish|[wisher] Dachsbun\n|upkeep\n|turn|32\n|\n|t:|1732036550\n|move|p1a: Dachsbun|Wish|p1a: Dachsbun\n|cant|p2a: Toucannon|par\n|\n|upkeep\n|turn|33\n|\n|t:|1732036557\n|switch|p1a: Snorlax|Snorlax, L82, M|397/397\n|-singleturn|p2a: Toucannon|move: Beak Blast\n|move|p2a: Toucannon|Beak Blast|p1a: Snorlax\n|-damage|p1a: Snorlax|213/397\n|\n|-heal|p1a: Snorlax|340/397|[from] move: Wish|[wisher] Dachsbun\n|-heal|p1a: Snorlax|364/397|[from] item: Leftovers\n|upkeep\n|turn|34\n|\n|t:|1732036577\n|switch|p2a: Chesnaught|Chesnaught, L84, M|285/285\n|-damage|p2a: Chesnaught|268/285|[from] Stealth Rock\n|move|p1a: Snorlax|Curse|p1a: Snorlax\n|-unboost|p1a: Snorlax|spe|1\n|-boost|p1a: Snorlax|atk|1\n|-boost|p1a: Snorlax|def|1\n|\n|-heal|p2a: Chesnaught|285/285|[from] item: Leftovers\n|-heal|p1a: Snorlax|388/397|[from] item: Leftovers\n|upkeep\n|turn|35\n|\n|t:|1732036583\n|switch|p1a: Illumise|Illumise, L91, F|180/266 brn\n|move|p2a: Chesnaught|Iron Defense|p2a: Chesnaught\n|-boost|p2a: Chesnaught|def|2\n|\n|-damage|p1a: Illumise|164/266 brn|[from] brn\n|upkeep\n|turn|36\n|\n|t:|1732036586\n|switch|p2a: Toucannon|Toucannon, L88, F|284/284 par\n|move|p1a: Illumise|Encore||[still]\n|-fail|p1a: Illumise\n|\n|-damage|p1a: Illumise|148/266 brn|[from] brn\n|upkeep\n|turn|37\n|\n|t:|1732036589\n|switch|p1a: Dachsbun|Dachsbun, L92, M|211/254\n|-singleturn|p2a: Toucannon|move: Beak Blast\n|move|p2a: Toucannon|Beak Blast|p1a: Dachsbun\n|-damage|p1a: Dachsbun|99/254\n|\n|upkeep\n|turn|38\n|\n|t:|1732036594\n|move|p1a: Dachsbun|Protect|p1a: Dachsbun\n|-singleturn|p1a: Dachsbun|Protect\n|cant|p2a: Toucannon|par\n|\n|upkeep\n|turn|39\n|\n|t:|1732036598\n|move|p1a: Dachsbun|Wish|p1a: Dachsbun\n|cant|p2a: Toucannon|par\n|\n|upkeep\n|turn|40\n|\n|t:|1732036605\n|move|p1a: Dachsbun|Protect|p1a: Dachsbun\n|-singleturn|p1a: Dachsbun|Protect\n|move|p2a: Toucannon|Knock Off|p1a: Dachsbun\n|-activate|p1a: Dachsbun|move: Protect\n|\n|-heal|p1a: Dachsbun|226/254|[from] move: Wish|[wisher] Dachsbun\n|upkeep\n|turn|41\n|\n|t:|1732036609\n|move|p1a: Dachsbun|Wish|p1a: Dachsbun\n|move|p2a: Toucannon|Boomburst|p1a: Dachsbun\n|-damage|p1a: Dachsbun|100/254\n|\n|upkeep\n|turn|42\n|\n|t:|1732036621\n|move|p1a: Dachsbun|Protect|p1a: Dachsbun\n|-singleturn|p1a: Dachsbun|Protect\n|cant|p2a: Toucannon|par\n|\n|-heal|p1a: Dachsbun|227/254|[from] move: Wish|[wisher] Dachsbun\n|upkeep\n|turn|43\n|\n|t:|1732036623\n|move|p1a: Dachsbun|Wish|p1a: Dachsbun\n|move|p2a: Toucannon|Boomburst|p1a: Dachsbun\n|-damage|p1a: Dachsbun|85/254\n|\n|upkeep\n|turn|44\n|\n|t:|1732036627\n|move|p1a: Dachsbun|Protect|p1a: Dachsbun\n|-singleturn|p1a: Dachsbun|Protect\n|move|p2a: Toucannon|Knock Off|p1a: Dachsbun\n|-activate|p1a: Dachsbun|move: Protect\n|\n|-heal|p1a: Dachsbun|212/254|[from] move: Wish|[wisher] Dachsbun\n|upkeep\n|turn|45\n|\n|t:|1732036630\n|move|p1a: Dachsbun|Wish|p1a: Dachsbun\n|cant|p2a: Toucannon|par\n|\n|upkeep\n|turn|46\n|\n|t:|1732036634\n|switch|p1a: Snorlax|Snorlax, L82, M|388/397\n|-singleturn|p2a: Toucannon|move: Beak Blast\n|move|p2a: Toucannon|Beak Blast|p1a: Snorlax\n|-damage|p1a: Snorlax|225/397\n|\n|-heal|p1a: Snorlax|352/397|[from] move: Wish|[wisher] Dachsbun\n|-heal|p1a: Snorlax|376/397|[from] item: Leftovers\n|upkeep\n|turn|47\n|\n|t:|1732036646\n|-singleturn|p2a: Toucannon|move: Beak Blast\n|move|p1a: Snorlax|Curse|p1a: Snorlax\n|-unboost|p1a: Snorlax|spe|1\n|-boost|p1a: Snorlax|atk|1\n|-boost|p1a: Snorlax|def|1\n|move|p2a: Toucannon|Beak Blast|p1a: Snorlax\n|-damage|p1a: Snorlax|253/397\n|\n|-heal|p1a: Snorlax|277/397|[from] item: Leftovers\n|upkeep\n|turn|48\n|\n|t:|1732036650\n|switch|p2a: Chesnaught|Chesnaught, L84, M|285/285\n|-damage|p2a: Chesnaught|268/285|[from] Stealth Rock\n|move|p1a: Snorlax|Body Slam|p2a: Chesnaught\n|-damage|p2a: Chesnaught|166/285\n|-status|p2a: Chesnaught|par\n|\n|-heal|p2a: Chesnaught|183/285 par|[from] item: Leftovers\n|-heal|p1a: Snorlax|301/397|[from] item: Leftovers\n|upkeep\n|turn|49\n|\n|t:|1732036659\n|switch|p1a: Gardevoir|Gardevoir, L83, F|249/249\n|-ability|p1a: Gardevoir|Bulletproof|[from] ability: Trace|[of] p2a: Chesnaught\n|move|p2a: Chesnaught|Iron Defense|p2a: Chesnaught\n|-boost|p2a: Chesnaught|def|2\n|\n|-heal|p2a: Chesnaught|200/285 par|[from] item: Leftovers\n|upkeep\n|turn|50\n|\n|t:|1732036664\n|switch|p2a: Milotic|Milotic, L83, M|293/293 par\n|-damage|p2a: Milotic|257/293 par|[from] Stealth Rock\n|move|p1a: Gardevoir|Calm Mind|p1a: Gardevoir\n|-boost|p1a: Gardevoir|spa|1\n|-boost|p1a: Gardevoir|spd|1\n|\n|-heal|p2a: Milotic|275/293 par|[from] item: Leftovers\n|upkeep\n|turn|51\n|\n|t:|1732036669\n|move|p1a: Gardevoir|Moonblast|p2a: Milotic\n|-damage|p2a: Milotic|90/293 par\n|-damage|p1a: Gardevoir|225/249|[from] item: Life Orb\n|move|p2a: Milotic|Haze|p2a: Milotic\n|-clearallboost\n|\n|-heal|p2a: Milotic|108/293 par|[from] item: Leftovers\n|upkeep\n|turn|52\n|\n|t:|1732036677\n|move|p1a: Gardevoir|Calm Mind|p1a: Gardevoir\n|-boost|p1a: Gardevoir|spa|1\n|-boost|p1a: Gardevoir|spd|1\n|move|p2a: Milotic|Scald|p1a: Gardevoir\n|-damage|p1a: Gardevoir|180/249\n|-status|p1a: Gardevoir|brn\n|\n|-heal|p2a: Milotic|126/293 par|[from] item: Leftovers\n|-damage|p1a: Gardevoir|165/249 brn|[from] brn\n|upkeep\n|turn|53\n|\n|t:|1732036684\n|move|p1a: Gardevoir|Psychic|p2a: Milotic\n|-damage|p2a: Milotic|0 fnt\n|faint|p2a: Milotic\n|-damage|p1a: Gardevoir|141/249 brn|[from] item: Life Orb\n|\n|-damage|p1a: Gardevoir|126/249 brn|[from] brn\n|upkeep\n|\n|t:|1732036692\n|switch|p2a: Cetitan|Cetitan, L82, F|413/413\n|-damage|p2a: Cetitan|310/413|[from] Stealth Rock\n|turn|54\n|\n|t:|1732036697\n|move|p2a: Cetitan|Ice Shard|p1a: Gardevoir\n|-damage|p1a: Gardevoir|55/249 brn\n|-damage|p2a: Cetitan|269/413|[from] item: Life Orb\n|move|p1a: Gardevoir|Focus Blast|p2a: Cetitan\n|-supereffective|p2a: Cetitan\n|-damage|p2a: Cetitan|0 fnt\n|faint|p2a: Cetitan\n|-damage|p1a: Gardevoir|31/249 brn|[from] item: Life Orb\n|\n|-damage|p1a: Gardevoir|16/249 brn|[from] brn\n|upkeep\n|\n|t:|1732036704\n|switch|p2a: Dipplin|Dipplin, L88, F|284/284\n|-damage|p2a: Dipplin|249/284|[from] Stealth Rock\n|turn|55\n|\n|t:|1732036707\n|move|p2a: Dipplin|Sucker Punch|p1a: Gardevoir\n|-damage|p1a: Gardevoir|0 fnt\n|faint|p1a: Gardevoir\n|\n|upkeep\n|\n|t:|1732036712\n|switch|p1a: Chansey|Chansey, L85, F|148/564\n|turn|56\n|\n|t:|1732036716\n|switch|p2a: Toucannon|Toucannon, L88, F|284/284 par\n|move|p1a: Chansey|Soft-Boiled|p1a: Chansey\n|-heal|p1a: Chansey|430/564\n|\n|upkeep\n|turn|57\n|\n|t:|1732036722\n|switch|p1a: Snorlax|Snorlax, L82, M|301/397\n|-singleturn|p2a: Toucannon|move: Beak Blast\n|move|p2a: Toucannon|Beak Blast|p1a: Snorlax\n|-damage|p1a: Snorlax|114/397\n|\n|-heal|p1a: Snorlax|138/397|[from] item: Leftovers\n|upkeep\n|turn|58\n|\n|t:|1732036727\n|-singleturn|p2a: Toucannon|move: Beak Blast\n|move|p1a: Snorlax|Body Slam|p2a: Toucannon\n|-damage|p2a: Toucannon|190/284 par\n|-status|p1a: Snorlax|brn\n|move|p2a: Toucannon|Beak Blast|p1a: Snorlax\n|-damage|p1a: Snorlax|0 fnt\n|faint|p1a: Snorlax\n|\n|upkeep\n|\n|t:|1732036730\n|switch|p1a: Houndoom|Houndoom, L87, M|272/272\n|turn|59\n|\n|t:|1732036749\n|switch|p2a: Dipplin|Dipplin, L88, F|249/284\n|-damage|p2a: Dipplin|214/284|[from] Stealth Rock\n|move|p1a: Houndoom|Fire Blast|p2a: Dipplin\n|-crit|p2a: Dipplin\n|-damage|p2a: Dipplin|76/284\n|\n|upkeep\n|turn|60\n|\n|t:|1732036756\n|move|p1a: Houndoom|Sludge Bomb|p2a: Dipplin\n|-supereffective|p2a: Dipplin\n|-damage|p2a: Dipplin|0 fnt\n|faint|p2a: Dipplin\n|\n|upkeep\n|\n|t:|1732036761\n|switch|p2a: Hoopa|Hoopa-Unbound, L80|259/259\n|-damage|p2a: Hoopa|227/259|[from] Stealth Rock\n|turn|61\n|\n|t:|1732036765\n|switch|p1a: Dachsbun|Dachsbun, L92, M|212/254\n|move|p2a: Hoopa|Drain Punch|p1a: Dachsbun\n|-resisted|p1a: Dachsbun\n|-damage|p1a: Dachsbun|168/254\n|-heal|p2a: Hoopa|249/259|[from] drain|[of] p1a: Dachsbun\n|\n|upkeep\n|turn|62\n|\n|t:|1732036769\n|switch|p2a: Toucannon|Toucannon, L88, F|190/284 par\n|move|p1a: Dachsbun|Play Rough|p2a: Toucannon\n|-damage|p2a: Toucannon|85/284 par\n|\n|upkeep\n|turn|63\n|\n|t:|1732036776\n|switch|p1a: Illumise|Illumise, L91, F|148/266 brn\n|-singleturn|p2a: Toucannon|move: Beak Blast\n|cant|p2a: Toucannon|par\n|\n|-damage|p1a: Illumise|132/266 brn|[from] brn\n|upkeep\n|turn|64\n|\n|t:|1732036781\n|-singleturn|p2a: Toucannon|move: Beak Blast\n|move|p1a: Illumise|Bug Buzz|p2a: Toucannon\n|-resisted|p2a: Toucannon\n|-damage|p2a: Toucannon|36/284 par\n|move|p2a: Toucannon|Beak Blast|p1a: Illumise\n|-supereffective|p1a: Illumise\n|-damage|p1a: Illumise|0 fnt\n|faint|p1a: Illumise\n|\n|upkeep\n|\n|t:|1732036783\n|switch|p1a: Houndoom|Houndoom, L87, M|272/272\n|turn|65\n|\n|t:|1732036787\n|-singleturn|p2a: Toucannon|move: Beak Blast\n|move|p1a: Houndoom|Dark Pulse|p2a: Toucannon\n|-damage|p2a: Toucannon|0 fnt\n|faint|p2a: Toucannon\n|\n|upkeep\n|\n|t:|1732036790\n|switch|p2a: Hoopa|Hoopa-Unbound, L80|249/259\n|-damage|p2a: Hoopa|217/259|[from] Stealth Rock\n|turn|66\n|\n|t:|1732036799\n|switch|p1a: Chansey|Chansey, L85, F|430/564\n|move|p2a: Hoopa|Gunk Shot|p1a: Chansey\n|-damage|p1a: Chansey|8/564\n|-status|p1a: Chansey|psn\n|\n|-damage|p1a: Chansey|0 fnt|[from] psn\n|faint|p1a: Chansey\n|upkeep\n|\n|t:|1732036801\n|switch|p1a: Dachsbun|Dachsbun, L92, M|168/254\n|turn|67\n|\n|t:|1732036804\n|move|p1a: Dachsbun|Play Rough|p2a: Hoopa\n|-supereffective|p2a: Hoopa\n|-damage|p2a: Hoopa|0 fnt\n|faint|p2a: Hoopa\n|\n|upkeep\n|l|\u2606reed flame shadow\n|inactive|reed flame shadow disconnected and has a minute to reconnect!\n|player|p2|\n|inactive|reed flame shadow has 30 seconds to reconnect!\n|inactive|reed flame shadow has 20 seconds to reconnect!\n|inactive|reed flame shadow has 15 seconds to reconnect!\n|inactive|reed flame shadow has 10 seconds to reconnect!\n|inactive|reed flame shadow has 5 seconds to reconnect!\n|-message|reed flame shadow lost due to inactivity.\n|\n|win|Qiuescent\n|raw|Qiuescent's rating: 2177 &rarr; <strong>2202</strong><br />(+25 for winning)\n|raw|reed flame shadow's rating: 2273 &rarr; <strong>2248</strong><br />(-25 for losing)\n", "inputlog": ">version baf9aa68cbe18cf25f290680a08c9ad9c5e3e828\n>start {\"formatid\":\"gen9randombattle\",\"seed\":[8414,50308,55487,47509],\"rated\":\"Rated battle\"}\n>player p1 {\"name\":\"Qiuescent\",\"avatar\":\"1\",\"rating\":2177,\"seed\":[13074,14653,53972,47313]}\n>player p2 {\"name\":\"reed flame shadow\",\"avatar\":\"1\",\"rating\":2273,\"seed\":[31559,37923,34792,62139]}\n>p1 move playrough\n>p2 switch 4\n>p1 switch 2\n>p2 move recover\n>p1 move stealthrock\n>p2 switch 5\n>p1 move thunderwave\n>p2 move beakblast\n>p1 move softboiled\n>p2 move beakblast\n>p1 move softboiled\n>p2 move beakblast\n>p1 switch 2\n>p2 move beakblast\n>p1 move wish\n>p2 move boomburst\n>p1 move protect\n>p2 move beakblast\n>p1 move wish\n>p2 move knockoff\n>p1 move protect\n>p2 move beakblast\n>p1 move wish\n>p2 move boomburst\n>p1 move protect\n>p2 switch 5\n>p1 switch 6\n>p2 move scald\n>p1 move thunderwave\n>p2 move scald\n>p1 move roost\n>p2 switch 5\n>p1 switch 6\n>p2 move boomburst\n>p1 move wish\n>p2 move boomburst\n>p1 move protect\n>p2 move knockoff\n>p1 move wish\n>p2 move beakblast\n>p1 move protect\n>p2 move beakblast\n>p1 move wish\n>p2 move boomburst\n>p1 move protect\n>p2 move beakblast\n>p1 move wish\n>p2 move boomburst\n>p1 move protect\n>p2 move knockoff\n>p1 move wish\n>p2 move boomburst\n>p1 move protect\n>p2 move knockoff\n>p1 move wish\n>p2 move boomburst\n>p1 move protect\n>p2 move knockoff\n>p1 move wish\n>p2 move boomburst\n>p1 move protect\n>p2 move knockoff\n>p1 move wish\n>p2 move boomburst\n>p1 switch 3\n>p2 move beakblast\n>p1 move curse\n>p2 switch 6\n>p1 switch 6\n>p2 move irondefense\n>p1 move encore\n>p2 switch 6\n>p1 switch 3\n>p2 move beakblast\n>p1 move protect\n>p2 move boomburst\n>p1 move wish\n>p2 move boomburst\n>p1 move protect\n>p2 move knockoff\n>p1 move wish\n>p2 move boomburst\n>p1 move protect\n>p2 move knockoff\n>p1 move wish\n>p2 move boomburst\n>p1 move protect\n>p2 move knockoff\n>p1 move wish\n>p2 move boomburst\n>p1 switch 6\n>p2 move beakblast\n>p1 move curse\n>p2 move beakblast\n>p1 move bodyslam\n>p2 switch 6\n>p1 switch 4\n>p2 move irondefense\n>p1 move calmmind\n>p2 switch 5\n>p1 move moonblast\n>p2 move haze\n>p1 move calmmind\n>p2 move scald\n>p1 move psychic\n>p2 move scald\n>p2 switch 4\n>p1 move focusblast\n>p2 move iceshard\n>p2 switch 3\n>p1 move moonblast\n>p2 move suckerpunch\n>p1 switch 2\n>p1 move softboiled\n>p2 switch 6\n>p1 switch 4\n>p2 move beakblast\n>p1 move bodyslam\n>p2 move beakblast\n>p1 switch 5\n>p1 move fireblast\n>p2 switch 6\n>p1 move sludgebomb\n>p2 move dragonpulse\n>p2 switch 2\n>p1 switch 6\n>p2 move drainpunch\n>p1 move playrough\n>p2 switch 6\n>p1 switch 3\n>p2 move beakblast\n>p1 move bugbuzz\n>p2 move beakblast\n>p1 switch 6\n>p1 move darkpulse\n>p2 move beakblast\n>p2 switch 6\n>p1 switch 4\n>p2 move gunkshot\n>p1 switch 3\n>p1 move playrough\n>p2 move gunkshot\n>forcelose p2", "uploadtime": 1732036876, "views": 23, "formatid": "gen9randombattle", "rating": 2202, "private": 0, "password": null}