{"id": "gen9randombattle-2201558789", "format": "[Gen 9] Random Battle", "players": ["joivoaujofpajp", "Rblt G"], "log": "|raw|<div class=\"broadcast-blue\"><strong>This battle is required to be public due to a player having a name starting with 'rblt'.</div>\n|j|\u2606joivoaujofpajp\n|j|\u2606Rblt G\n|t:|1726331465\n|gametype|singles\n|player|p1|joivoaujofpajp|101|2229\n|player|p2|Rblt G|ash-kalos|2294\n|teamsize|p1|6\n|teamsize|p2|6\n|gen|9\n|tier|[Gen 9] Random Battle\n|rated|\n|rule|Species Clause: Limit one of each Pok\u00e9mon\n|rule|HP Percentage Mod: HP is shown in percentages\n|rule|Sleep Clause Mod: Limit one foe put to sleep\n|rule|Illusion Level Mod: Illusion disguises the Pok\u00e9mon's true level\n|\n|t:|1726331465\n|start\n|switch|p1a: Gouging Fire|Gouging Fire, L74|277/277\n|switch|p2a: Scovillain|Scovillain, L91, F|266/266\n|turn|1\n|\n|t:|1726331488\n|move|p2a: Scovillain|Leech Seed|p1a: Gouging Fire\n|-start|p1a: Gouging Fire|move: Leech Seed\n|move|p1a: Gouging Fire|Dragon Dance|p1a: Gouging Fire\n|-boost|p1a: Gouging Fire|atk|1\n|-boost|p1a: Gouging Fire|spe|1\n|\n|-damage|p1a: Gouging Fire|243/277|[from] Leech Seed|[of] p2a: Scovillain\n|upkeep\n|turn|2\n|\n|t:|1726331497\n|move|p1a: Gouging Fire|Heat Crash|p2a: Scovillain\n|-damage|p2a: Scovillain|58/266\n|move|p2a: Scovillain|Substitute|p2a: Scovillain\n|-fail|p2a: Scovillain|move: Substitute|[weak]\n|\n|-heal|p2a: Scovillain|74/266|[from] item: Leftovers\n|-damage|p1a: Gouging Fire|209/277|[from] Leech Seed|[of] p2a: Scovillain\n|-heal|p2a: Scovillain|108/266|[silent]\n|upkeep\n|turn|3\n|inactive|Battle timer is ON: inactive players will automatically lose when time's up. (requested by joivoaujofpajp)\n|\n|t:|1726331538\n|move|p2a: Scovillain|Protect|p2a: Scovillain\n|-singleturn|p2a: Scovillain|Protect\n|move|p1a: Gouging Fire|Dragon Dance|p1a: Gouging Fire\n|-boost|p1a: Gouging Fire|atk|1\n|-boost|p1a: Gouging Fire|spe|1\n|\n|-heal|p2a: Scovillain|124/266|[from] item: Leftovers\n|-damage|p1a: Gouging Fire|175/277|[from] Leech Seed|[of] p2a: Scovillain\n|-heal|p2a: Scovillain|158/266|[silent]\n|upkeep\n|turn|4\n|\n|t:|1726331549\n|switch|p2a: Coalossal|Coalossal, L89, M|341/341\n|move|p1a: Gouging Fire|Heat Crash|p2a: Coalossal\n|-resisted|p2a: Coalossal\n|-damage|p2a: Coalossal|327/341\n|\n|-damage|p1a: Gouging Fire|141/277|[from] Leech Seed|[of] p2a: Coalossal\n|-heal|p2a: Coalossal|341/341|[silent]\n|upkeep\n|turn|5\n|\n|t:|1726331556\n|-terastallize|p2a: Coalossal|Ghost\n|move|p1a: Gouging Fire|Earthquake|p2a: Coalossal\n|-damage|p2a: Coalossal|242/341\n|move|p2a: Coalossal|Stone Edge|p1a: Gouging Fire\n|-supereffective|p1a: Gouging Fire\n|-damage|p1a: Gouging Fire|0 fnt\n|faint|p1a: Gouging Fire\n|-end|p1a: Gouging Fire|Protosynthesis|[silent]\n|\n|upkeep\n|\n|t:|1726331566\n|switch|p1a: Mabosstiff|Mabosstiff, L86, M|278/278\n|turn|6\n|\n|t:|1726331571\n|switch|p2a: Urshifu|Urshifu, L74, M|270/270\n|move|p1a: Mabosstiff|Crunch|p2a: Urshifu\n|-resisted|p2a: Urshifu\n|-damage|p2a: Urshifu|221/270\n|\n|upkeep\n|turn|7\n|\n|t:|1726331584\n|switch|p1a: Talonflame|Talonflame, L84, M|268/268\n|move|p2a: Urshifu|Swords Dance|p2a: Urshifu\n|-boost|p2a: Urshifu|atk|2\n|\n|upkeep\n|turn|8\n|\n|t:|1726331608\n|switch|p2a: Coalossal|Coalossal, L89, M, tera:Ghost|242/341\n|move|p1a: Talonflame|Brave Bird|p2a: Coalossal\n|-crit|p2a: Coalossal\n|-damage|p2a: Coalossal|107/341\n|-damage|p1a: Talonflame|223/268|[from] Recoil\n|\n|upkeep\n|turn|9\n|inactive|joivoaujofpajp has 120 seconds left.\n|\n|t:|1726331647\n|switch|p1a: Mabosstiff|Mabosstiff, L86, M|278/278\n|move|p2a: Coalossal|Stone Edge|p1a: Mabosstiff\n|-crit|p1a: Mabosstiff\n|-damage|p1a: Mabosstiff|125/278\n|\n|upkeep\n|turn|10\n|inactive|joivoaujofpajp has 120 seconds left.\n|\n|t:|1726331668\n|move|p1a: Mabosstiff|Crunch|p2a: Coalossal\n|-supereffective|p2a: Coalossal\n|-damage|p2a: Coalossal|0 fnt\n|-status|p1a: Mabosstiff|brn|[from] ability: Flame Body|[of] p2a: Coalossal\n|faint|p2a: Coalossal\n|\n|-damage|p1a: Mabosstiff|108/278 brn|[from] brn\n|upkeep\n|\n|t:|1726331671\n|switch|p2a: Palafin|Palafin, L77, M|281/281\n|turn|11\n|\n|t:|1726331677\n|move|p1a: Mabosstiff|Crunch|p2a: Palafin\n|-damage|p2a: Palafin|220/281\n|move|p2a: Palafin|Flip Turn|p1a: Mabosstiff\n|-damage|p1a: Mabosstiff|44/278 brn\n|inactive|Rblt G has 120 seconds left.\n|\n|t:|1726331711\n|detailschange|p2a: Palafin|Palafin-Hero, L77, M\n|switch|p2a: Dugtrio|Dugtrio, L84, M|196/196|[from] Flip Turn\n|\n|-damage|p1a: Mabosstiff|27/278 brn|[from] brn\n|upkeep\n|turn|12\n|\n|t:|1726331717\n|move|p2a: Dugtrio|Sucker Punch|p1a: Mabosstiff\n|-resisted|p1a: Mabosstiff\n|-damage|p1a: Mabosstiff|0 fnt\n|faint|p1a: Mabosstiff\n|\n|upkeep\n|\n|t:|1726331735\n|switch|p1a: Sandslash|Sandslash-Alola, L88, F|275/275\n|turn|13\n|inactive|Rblt G has 120 seconds left.\n|\n|t:|1726331769\n|switch|p2a: Scovillain|Scovillain, L91, F|158/266\n|move|p1a: Sandslash|Spikes|p2a: Scovillain\n|-sidestart|p2: Rblt G|Spikes\n|\n|-heal|p2a: Scovillain|174/266|[from] item: Leftovers\n|upkeep\n|turn|14\n|\n|t:|1726331780\n|switch|p1a: Chimecho|Chimecho, L94, F|293/293\n|move|p2a: Scovillain|Substitute|p2a: Scovillain\n|-start|p2a: Scovillain|Substitute\n|-damage|p2a: Scovillain|108/266\n|\n|-heal|p2a: Scovillain|124/266|[from] item: Leftovers\n|upkeep\n|turn|15\n|inactive|Rblt G has 120 seconds left.\n|\n|t:|1726331805\n|move|p2a: Scovillain|Protect|p2a: Scovillain\n|-singleturn|p2a: Scovillain|Protect\n|move|p1a: Chimecho|Dazzling Gleam|p2a: Scovillain\n|-activate|p2a: Scovillain|move: Protect\n|\n|-heal|p2a: Scovillain|140/266|[from] item: Leftovers\n|upkeep\n|turn|16\n|\n|t:|1726331810\n|move|p2a: Scovillain|Leech Seed|p1a: Chimecho\n|-start|p1a: Chimecho|move: Leech Seed\n|move|p1a: Chimecho|Psychic Noise|p2a: Scovillain\n|-damage|p2a: Scovillain|26/266\n|-start|p2a: Scovillain|move: Heal Block\n|\n|-damage|p1a: Chimecho|257/293|[from] Leech Seed|[of] p2a: Scovillain\n|upkeep\n|turn|17\n|inactive|Rblt G has 120 seconds left.\n|\n|t:|1726331837\n|move|p2a: Scovillain|Protect|p2a: Scovillain\n|-singleturn|p2a: Scovillain|Protect\n|move|p1a: Chimecho|Dazzling Gleam|p2a: Scovillain\n|-activate|p2a: Scovillain|move: Protect\n|\n|-heal|p1a: Chimecho|275/293|[from] item: Leftovers\n|-damage|p1a: Chimecho|239/293|[from] Leech Seed|[of] p2a: Scovillain\n|-end|p2a: Scovillain|move: Heal Block\n|upkeep\n|turn|18\n|\n|t:|1726331841\n|move|p2a: Scovillain|Flamethrower|p1a: Chimecho\n|-damage|p1a: Chimecho|137/293\n|move|p1a: Chimecho|Dazzling Gleam|p2a: Scovillain\n|-resisted|p2a: Scovillain\n|-activate|p2a: Scovillain|move: Substitute|[damage]\n|\n|-heal|p2a: Scovillain|42/266|[from] item: Leftovers\n|-heal|p1a: Chimecho|155/293|[from] item: Leftovers\n|-damage|p1a: Chimecho|119/293|[from] Leech Seed|[of] p2a: Scovillain\n|-heal|p2a: Scovillain|78/266|[silent]\n|upkeep\n|turn|19\n|\n|t:|1726331848\n|switch|p1a: Talonflame|Talonflame, L84, M|223/268\n|move|p2a: Scovillain|Protect||[still]\n|-fail|p2a: Scovillain\n|\n|-heal|p2a: Scovillain|94/266|[from] item: Leftovers\n|upkeep\n|turn|20\n|\n|t:|1726331857\n|move|p2a: Scovillain|Protect|p2a: Scovillain\n|-singleturn|p2a: Scovillain|Protect\n|move|p1a: Talonflame|Brave Bird|p2a: Scovillain\n|-activate|p2a: Scovillain|move: Protect\n|\n|-heal|p2a: Scovillain|110/266|[from] item: Leftovers\n|upkeep\n|turn|21\n|\n|t:|1726331862\n|move|p1a: Talonflame|Brave Bird|p2a: Scovillain\n|-supereffective|p2a: Scovillain\n|-end|p2a: Scovillain|Substitute\n|-damage|p1a: Talonflame|214/268|[from] Recoil|[of] p2a: Scovillain\n|move|p2a: Scovillain|Leech Seed|p1a: Talonflame\n|-start|p1a: Talonflame|move: Leech Seed\n|\n|-heal|p2a: Scovillain|126/266|[from] item: Leftovers\n|-damage|p1a: Talonflame|181/268|[from] Leech Seed|[of] p2a: Scovillain\n|-heal|p2a: Scovillain|159/266|[silent]\n|upkeep\n|turn|22\n|\n|t:|1726331876\n|switch|p1a: Chimecho|Chimecho, L94, F|119/293\n|move|p2a: Scovillain|Protect||[still]\n|-fail|p2a: Scovillain\n|\n|-heal|p2a: Scovillain|175/266|[from] item: Leftovers\n|-heal|p1a: Chimecho|137/293|[from] item: Leftovers\n|upkeep\n|turn|23\n|\n|t:|1726331883\n|move|p2a: Scovillain|Flamethrower|p1a: Chimecho\n|-damage|p1a: Chimecho|31/293\n|move|p1a: Chimecho|Recover|p1a: Chimecho\n|-heal|p1a: Chimecho|178/293\n|\n|-heal|p2a: Scovillain|191/266|[from] item: Leftovers\n|-heal|p1a: Chimecho|196/293|[from] item: Leftovers\n|upkeep\n|turn|24\n|\n|t:|1726331890\n|move|p2a: Scovillain|Leech Seed|p1a: Chimecho\n|-start|p1a: Chimecho|move: Leech Seed\n|move|p1a: Chimecho|Calm Mind|p1a: Chimecho\n|-boost|p1a: Chimecho|spa|1\n|-boost|p1a: Chimecho|spd|1\n|\n|-heal|p2a: Scovillain|207/266|[from] item: Leftovers\n|-heal|p1a: Chimecho|214/293|[from] item: Leftovers\n|-damage|p1a: Chimecho|178/293|[from] Leech Seed|[of] p2a: Scovillain\n|-heal|p2a: Scovillain|243/266|[silent]\n|upkeep\n|turn|25\n|\n|t:|1726331902\n|switch|p2a: Gothitelle|Gothitelle, L90, M|272/272\n|-damage|p2a: Gothitelle|238/272|[from] Spikes\n|move|p1a: Chimecho|Calm Mind|p1a: Chimecho\n|-boost|p1a: Chimecho|spa|1\n|-boost|p1a: Chimecho|spd|1\n|\n|-heal|p1a: Chimecho|196/293|[from] item: Leftovers\n|-heal|p2a: Gothitelle|255/272|[from] item: Leftovers\n|-damage|p1a: Chimecho|160/293|[from] Leech Seed|[of] p2a: Gothitelle\n|-heal|p2a: Gothitelle|272/272|[silent]\n|upkeep\n|turn|26\n|\n|t:|1726331907\n|move|p1a: Chimecho|Recover|p1a: Chimecho\n|-heal|p1a: Chimecho|293/293\n|move|p2a: Gothitelle|Calm Mind|p2a: Gothitelle\n|-boost|p2a: Gothitelle|spa|1\n|-boost|p2a: Gothitelle|spd|1\n|\n|-damage|p1a: Chimecho|257/293|[from] Leech Seed|[of] p2a: Gothitelle\n|upkeep\n|turn|27\n|\n|t:|1726331919\n|move|p1a: Chimecho|Recover|p1a: Chimecho\n|-heal|p1a: Chimecho|293/293\n|move|p2a: Gothitelle|Calm Mind|p2a: Gothitelle\n|-boost|p2a: Gothitelle|spa|1\n|-boost|p2a: Gothitelle|spd|1\n|\n|-damage|p1a: Chimecho|257/293|[from] Leech Seed|[of] p2a: Gothitelle\n|upkeep\n|turn|28\n|\n|t:|1726331923\n|move|p1a: Chimecho|Calm Mind|p1a: Chimecho\n|-boost|p1a: Chimecho|spa|1\n|-boost|p1a: Chimecho|spd|1\n|move|p2a: Gothitelle|Psychic Noise|p1a: Chimecho\n|-resisted|p1a: Chimecho\n|-damage|p1a: Chimecho|228/293\n|-start|p1a: Chimecho|move: Heal Block\n|\n|-damage|p1a: Chimecho|192/293|[from] Leech Seed|[of] p2a: Gothitelle\n|upkeep\n|turn|29\n|\n|t:|1726331925\n|move|p1a: Chimecho|Calm Mind|p1a: Chimecho\n|-boost|p1a: Chimecho|spa|1\n|-boost|p1a: Chimecho|spd|1\n|move|p2a: Gothitelle|Calm Mind|p2a: Gothitelle\n|-boost|p2a: Gothitelle|spa|1\n|-boost|p2a: Gothitelle|spd|1\n|\n|-damage|p1a: Chimecho|156/293|[from] Leech Seed|[of] p2a: Gothitelle\n|-end|p1a: Chimecho|move: Heal Block\n|upkeep\n|turn|30\n|\n|t:|1726331930\n|move|p1a: Chimecho|Psychic Noise|p2a: Gothitelle\n|-resisted|p2a: Gothitelle\n|-damage|p2a: Gothitelle|229/272\n|-start|p2a: Gothitelle|move: Heal Block\n|move|p2a: Gothitelle|Psychic Noise|p1a: Chimecho\n|-resisted|p1a: Chimecho\n|-damage|p1a: Chimecho|125/293\n|-start|p1a: Chimecho|move: Heal Block\n|\n|-damage|p1a: Chimecho|89/293|[from] Leech Seed|[of] p2a: Gothitelle\n|upkeep\n|turn|31\n|\n|t:|1726331933\n|move|p1a: Chimecho|Dazzling Gleam|p2a: Gothitelle\n|-damage|p2a: Gothitelle|166/272\n|move|p2a: Gothitelle|Calm Mind|p2a: Gothitelle\n|-boost|p2a: Gothitelle|spa|1\n|-boost|p2a: Gothitelle|spd|1\n|\n|-damage|p1a: Chimecho|53/293|[from] Leech Seed|[of] p2a: Gothitelle\n|-end|p1a: Chimecho|move: Heal Block\n|-end|p2a: Gothitelle|move: Heal Block\n|upkeep\n|turn|32\n|\n|t:|1726331938\n|move|p1a: Chimecho|Dazzling Gleam|p2a: Gothitelle\n|-damage|p2a: Gothitelle|107/272\n|move|p2a: Gothitelle|Dark Pulse|p1a: Chimecho\n|-supereffective|p1a: Chimecho\n|-damage|p1a: Chimecho|0 fnt\n|faint|p1a: Chimecho\n|\n|-heal|p2a: Gothitelle|124/272|[from] item: Leftovers\n|upkeep\n|\n|t:|1726331953\n|switch|p1a: Sandslash|Sandslash-Alola, L88, F|275/275\n|turn|33\n|\n|t:|1726331959\n|move|p2a: Gothitelle|Focus Blast|p1a: Sandslash\n|-supereffective|p1a: Sandslash\n|-damage|p1a: Sandslash|0 fnt\n|faint|p1a: Sandslash\n|\n|-heal|p2a: Gothitelle|141/272|[from] item: Leftovers\n|upkeep\n|\n|t:|1726331965\n|switch|p1a: Bruxish|Bruxish, L85, F|254/254\n|turn|34\n|\n|t:|1726331970\n|move|p1a: Bruxish|Crunch|p2a: Gothitelle\n|-supereffective|p2a: Gothitelle\n|-crit|p2a: Gothitelle\n|-damage|p2a: Gothitelle|0 fnt\n|faint|p2a: Gothitelle\n|-damage|p1a: Bruxish|229/254|[from] item: Life Orb\n|\n|upkeep\n|\n|t:|1726331982\n|switch|p2a: Scovillain|Scovillain, L91, F|243/266\n|-damage|p2a: Scovillain|210/266|[from] Spikes\n|turn|35\n|\n|t:|1726331988\n|move|p1a: Bruxish|Psychic Fangs|p2a: Scovillain\n|-damage|p2a: Scovillain|2/266\n|-damage|p1a: Bruxish|204/254|[from] item: Life Orb\n|move|p2a: Scovillain|Leech Seed|p1a: Bruxish\n|-start|p1a: Bruxish|move: Leech Seed\n|\n|-heal|p2a: Scovillain|18/266|[from] item: Leftovers\n|-damage|p1a: Bruxish|173/254|[from] Leech Seed|[of] p2a: Scovillain\n|-heal|p2a: Scovillain|49/266|[silent]\n|upkeep\n|turn|36\n|\n|t:|1726331996\n|switch|p1a: Talonflame|Talonflame, L84, M|181/268\n|move|p2a: Scovillain|Protect||[still]\n|-fail|p2a: Scovillain\n|\n|-heal|p2a: Scovillain|65/266|[from] item: Leftovers\n|upkeep\n|turn|37\n|\n|t:|1726332000\n|move|p2a: Scovillain|Protect|p2a: Scovillain\n|-singleturn|p2a: Scovillain|Protect\n|move|p1a: Talonflame|Brave Bird|p2a: Scovillain\n|-activate|p2a: Scovillain|move: Protect\n|\n|-heal|p2a: Scovillain|81/266|[from] item: Leftovers\n|upkeep\n|turn|38\n|\n|t:|1726332006\n|move|p1a: Talonflame|Brave Bird|p2a: Scovillain\n|-supereffective|p2a: Scovillain\n|-crit|p2a: Scovillain\n|-damage|p2a: Scovillain|0 fnt\n|faint|p2a: Scovillain\n|-damage|p1a: Talonflame|154/268|[from] Recoil\n|\n|upkeep\n|\n|t:|1726332012\n|switch|p2a: Palafin|Palafin-Hero, L77, M|220/281\n|-damage|p2a: Palafin|185/281|[from] Spikes\n|-activate|p2a: Palafin|ability: Zero to Hero\n|turn|39\n|\n|t:|1726332018\n|switch|p1a: Bruxish|Bruxish, L85, F|173/254\n|move|p2a: Palafin|Flip Turn|p1a: Bruxish\n|-resisted|p1a: Bruxish\n|-damage|p1a: Bruxish|110/254\n|\n|t:|1726332022\n|switch|p2a: Dugtrio|Dugtrio, L84, M|196/196|[from] Flip Turn\n|-damage|p2a: Dugtrio|172/196|[from] Spikes\n|\n|upkeep\n|turn|40\n|\n|t:|1726332028\n|move|p2a: Dugtrio|Earthquake|p1a: Bruxish\n|-crit|p1a: Bruxish\n|-damage|p1a: Bruxish|0 fnt\n|faint|p1a: Bruxish\n|\n|upkeep\n|-message|joivoaujofpajp forfeited.\n|\n|win|Rblt G\n|raw|joivoaujofpajp's rating: 2229 &rarr; <strong>2212</strong><br />(-17 for losing)\n|raw|Rblt G's rating: 2282 &rarr; <strong>2299</strong><br />(+17 for winning)\n|l|\u2606joivoaujofpajp\n|player|p1|\n", "inputlog": ">version abcf08933808d3fb39dbc2b54a8665d830b47482\n>start {\"formatid\":\"gen9randombattle\",\"seed\":[32259,11348,56386,60941],\"rated\":\"Rated battle\"}\n>player p1 {\"name\":\"joivoaujofpajp\",\"avatar\":\"101\",\"rating\":2229,\"seed\":[17578,61890,43095,51135]}\n>player p2 {\"name\":\"Rblt G\",\"avatar\":\"ash-kalos\",\"rating\":2294,\"seed\":[62765,38790,8282,19265]}\n>p1 move dragondance\n>p2 move leechseed\n>p1 move heatcrash\n>p2 move substitute\n>p1 move dragondance\n>p2 move protect\n>p1 move heatcrash\n>p2 switch 5\n>p1 move earthquake\n>p2 move stoneedge terastallize\n>p1 switch 4\n>p1 move crunch\n>p2 switch 2\n>p1 switch 2\n>p2 move swordsdance\n>p1 move bravebird\n>p2 switch 2\n>p1 switch 2\n>p2 move stoneedge\n>p1 move crunch\n>p2 move willowisp\n>p2 switch 4\n>p1 move crunch\n>p2 move flipturn\n>p2 switch 6\n>p1 move crunch\n>p2 move suckerpunch\n>p1 switch 6\n>p1 move spikes\n>p2 switch 5\n>p1 switch 3\n>p2 move substitute\n>p1 move dazzlinggleam\n>p2 move protect\n>p1 move psychicnoise\n>p2 move leechseed\n>p1 move dazzlinggleam\n>p2 move protect\n>p1 move dazzlinggleam\n>p2 move flamethrower\n>p1 switch 2\n>p2 move protect\n>p1 move bravebird\n>p2 move protect\n>p1 move bravebird\n>p2 move leechseed\n>p1 switch 2\n>p2 move protect\n>p1 move recover\n>p2 move flamethrower\n>p1 move calmmind\n>p2 move leechseed\n>p1 move calmmind\n>p2 switch 3\n>p1 move recover\n>p2 move calmmind\n>p1 move recover\n>p2 move calmmind\n>p1 move calmmind\n>p2 move psychicnoise\n>p1 move calmmind\n>p2 move calmmind\n>p1 move psychicnoise\n>p2 move psychicnoise\n>p1 move dazzlinggleam\n>p2 move calmmind\n>p1 move dazzlinggleam\n>p2 move darkpulse\n>p1 switch 3\n>p1 move tripleaxel\n>p2 move focusblast\n>p1 switch 5\n>p1 move crunch\n>p2 move darkpulse\n>p2 switch 3\n>p1 move psychicfangs\n>p2 move leechseed\n>p1 switch 2\n>p2 move protect\n>p1 move bravebird\n>p2 move protect\n>p1 move bravebird\n>p2 move flamethrower\n>p2 switch 6\n>p1 switch 2\n>p2 move flipturn\n>p2 switch 5\n>p1 move swordsdance\n>p2 move earthquake\n>forcelose p1", "uploadtime": 1726332041, "views": 88, "formatid": "gen9randombattle", "rating": 2212, "private": 0, "password": null}