{"id": "gen9randombattle-2260795427", "format": "[Gen 9] Random Battle", "players": ["ufigwfhiwfbwo", "CXHGZRW"], "log": "|j|\u2606ufigwfhiwfbwo\n|j|\u2606CXHGZRW\n|t:|1733893393\n|gametype|singles\n|player|p1|ufigwfhiwfbwo|1|1102\n|player|p2|CXHGZRW|265|1071\n|teamsize|p1|6\n|teamsize|p2|6\n|gen|9\n|tier|[Gen 9] Random Battle\n|rated|\n|rule|Species Clause: Limit one of each Pok\u00e9mon\n|rule|HP Percentage Mod: HP is shown in percentages\n|rule|Sleep Clause Mod: Limit one foe put to sleep\n|rule|Illusion Level Mod: Illusion disguises the Pok\u00e9mon's true level\n|\n|t:|1733893393\n|start\n|switch|p1a: Electrode|Electrode, L92|260/260\n|switch|p2a: Lucario|Lucario, L84, M|255/255\n|turn|1\n|\n|t:|1733893447\n|move|p1a: Electrode|Volt Switch|p2a: Lucario\n|-damage|p2a: Lucario|138/255\n|-damage|p1a: Electrode|234/260|[from] item: Life Orb\n|\n|t:|1733893454\n|switch|p1a: Mudsdale|Mudsdale, L84, M|305/305|[from] Volt Switch\n|move|p2a: Lucario|Swords Dance|p2a: Lucario\n|-boost|p2a: Lucario|atk|2\n|\n|upkeep\n|turn|2\n|\n|t:|1733893538\n|move|p2a: Lucario|Meteor Mash|p1a: Mudsdale\n|-damage|p1a: Mudsdale|55/305\n|-boost|p2a: Lucario|atk|1\n|-ability|p1a: Mudsdale|Stamina|boost\n|-boost|p1a: Mudsdale|def|1\n|-damage|p2a: Lucario|113/255|[from] item: Life Orb\n|move|p1a: Mudsdale|Stealth Rock|p2a: Lucario\n|-sidestart|p2: CXHGZRW|move: Stealth Rock\n|\n|-heal|p1a: Mudsdale|74/305|[from] item: Leftovers\n|upkeep\n|turn|3\n|\n|t:|1733893549\n|-terastallize|p2a: Lucario|Normal\n|move|p2a: Lucario|Extreme Speed|p1a: Mudsdale\n|-damage|p1a: Mudsdale|0 fnt\n|faint|p1a: Mudsdale\n|-damage|p2a: Lucario|88/255|[from] item: Life Orb\n|\n|upkeep\n|\n|t:|1733893564\n|switch|p1a: Tinkaton|Tinkaton, L82, F|274/274\n|-ability|p1a: Tinkaton|Mold Breaker\n|turn|4\n|\n|t:|1733893629\n|move|p1a: Tinkaton|Gigaton Hammer|p2a: Lucario\n|-damage|p2a: Lucario|0 fnt\n|faint|p2a: Lucario\n|\n|upkeep\n|\n|t:|1733893641\n|switch|p2a: Klefki|Klefki, L84, F|233/233\n|-damage|p2a: Klefki|219/233|[from] Stealth Rock\n|turn|5\n|\n|t:|1733893650\n|switch|p1a: Rhyperior|Rhyperior, L82, M|323/323\n|move|p2a: Klefki|Thunder Wave|p1a: Rhyperior\n|-immune|p1a: Rhyperior\n|\n|-heal|p2a: Klefki|233/233|[from] item: Leftovers\n|upkeep\n|turn|6\n|\n|t:|1733893654\n|move|p2a: Klefki|Magnet Rise|p2a: Klefki\n|-start|p2a: Klefki|Magnet Rise\n|move|p1a: Rhyperior|Rock Polish|p1a: Rhyperior\n|-boost|p1a: Rhyperior|spe|2\n|\n|upkeep\n|turn|7\n|\n|t:|1733893668\n|move|p1a: Rhyperior|Ice Punch|p2a: Klefki\n|-resisted|p2a: Klefki\n|-damage|p2a: Klefki|198/233\n|move|p2a: Klefki|Play Rough|p1a: Rhyperior\n|-damage|p1a: Rhyperior|263/323\n|\n|-heal|p2a: Klefki|212/233|[from] item: Leftovers\n|upkeep\n|turn|8\n|\n|t:|1733893672\n|switch|p1a: Electrode|Electrode, L92|234/260\n|move|p2a: Klefki|Spikes|p1a: Electrode\n|-sidestart|p1: ufigwfhiwfbwo|Spikes\n|\n|-heal|p2a: Klefki|226/233|[from] item: Leftovers\n|upkeep\n|turn|9\n|\n|t:|1733893679\n|move|p2a: Klefki|Spikes|p1a: Electrode\n|-sidestart|p1: ufigwfhiwfbwo|Spikes\n|move|p1a: Electrode|Thunderbolt|p2a: Klefki\n|-damage|p2a: Klefki|93/233\n|-damage|p1a: Electrode|208/260|[from] item: Life Orb\n|\n|-heal|p2a: Klefki|107/233|[from] item: Leftovers\n|upkeep\n|turn|10\n|\n|t:|1733893684\n|move|p1a: Electrode|Thunderbolt|p2a: Klefki\n|-damage|p2a: Klefki|0 fnt\n|faint|p2a: Klefki\n|-damage|p1a: Electrode|182/260|[from] item: Life Orb\n|\n|upkeep\n|\n|t:|1733893688\n|switch|p2a: Klawf|Klawf, L90, M|272/272\n|-damage|p2a: Klawf|238/272|[from] Stealth Rock\n|turn|11\n|\n|t:|1733893703\n|move|p1a: Electrode|Taunt|p2a: Klawf\n|-start|p2a: Klawf|move: Taunt\n|move|p2a: Klawf|High Horsepower|p1a: Electrode\n|-supereffective|p1a: Electrode\n|-damage|p1a: Electrode|0 fnt\n|faint|p1a: Electrode\n|-damage|p2a: Klawf|211/272|[from] item: Life Orb\n|\n|upkeep\n|\n|t:|1733893706\n|switch|p1a: Rhyperior|Rhyperior, L82, M|263/323\n|-damage|p1a: Rhyperior|210/323|[from] Spikes\n|turn|12\n|\n|t:|1733893810\n|-terastallize|p1a: Rhyperior|Ground\n|move|p2a: Klawf|Crabhammer|p1a: Rhyperior\n|-supereffective|p1a: Rhyperior\n|-damage|p1a: Rhyperior|85/323\n|-enditem|p1a: Rhyperior|Weakness Policy\n|-boost|p1a: Rhyperior|atk|2|[from] item: Weakness Policy\n|-boost|p1a: Rhyperior|spa|2|[from] item: Weakness Policy\n|-damage|p2a: Klawf|184/272|[from] item: Life Orb\n|move|p1a: Rhyperior|Rock Polish|p1a: Rhyperior\n|-boost|p1a: Rhyperior|spe|2\n|\n|upkeep\n|turn|13\n|\n|t:|1733893834\n|move|p1a: Rhyperior|Earthquake|p2a: Klawf\n|-supereffective|p2a: Klawf\n|-damage|p2a: Klawf|0 fnt\n|faint|p2a: Klawf\n|\n|upkeep\n|inactive|Battle timer is ON: inactive players will automatically lose when time's up. (requested by ufigwfhiwfbwo)\n|inactive|CXHGZRW has 120 seconds left.\n|inactive|CXHGZRW has 90 seconds left.\n|inactive|CXHGZRW has 60 seconds left.\n|inactive|CXHGZRW has 30 seconds left.\n|inactive|CXHGZRW has 20 seconds left.\n|\n|t:|1733894013\n|switch|p2a: Oranguru|Oranguru, L92, F|315/315\n|-damage|p2a: Oranguru|276/315|[from] Stealth Rock\n|turn|14\n|\n|t:|1733894026\n|move|p1a: Rhyperior|Earthquake|p2a: Oranguru\n|-crit|p2a: Oranguru\n|-damage|p2a: Oranguru|0 fnt\n|faint|p2a: Oranguru\n|\n|upkeep\n|\n|t:|1733894045\n|switch|p2a: Farigiraf|Farigiraf, L91, M|366/366\n|-damage|p2a: Farigiraf|321/366|[from] Stealth Rock\n|turn|15\n|\n|t:|1733894049\n|move|p1a: Rhyperior|Earthquake|p2a: Farigiraf\n|-damage|p2a: Farigiraf|0 fnt\n|faint|p2a: Farigiraf\n|\n|upkeep\n|\n|t:|1733894052\n|switch|p2a: Vespiquen|Vespiquen, L98, F|296/296\n|-ability|p2a: Vespiquen|Pressure\n|turn|16\n|\n|t:|1733894056\n|move|p1a: Rhyperior|Ice Punch|p2a: Vespiquen\n|-supereffective|p2a: Vespiquen\n|-damage|p2a: Vespiquen|90/296\n|move|p2a: Vespiquen|Hurricane|p1a: Rhyperior|[miss]\n|-miss|p2a: Vespiquen|p1a: Rhyperior\n|\n|upkeep\n|turn|17\n|-message|CXHGZRW forfeited.\n|\n|win|ufigwfhiwfbwo\n|raw|ufigwfhiwfbwo's rating: 1104 &rarr; <strong>1127</strong><br />(+23 for winning)\n|raw|CXHGZRW's rating: 1071 &rarr; <strong>1052</strong><br />(-19 for losing)\n|l|\u2606CXHGZRW\n|player|p2|\n", "inputlog": ">version bfd83cad13791eb5a5a409923076391caf6fb4d4\n>start {\"formatid\":\"gen9randombattle\",\"seed\":[24671,49266,22307,21274],\"rated\":\"Rated battle\"}\n>player p1 {\"name\":\"ufigwfhiwfbwo\",\"avatar\":\"1\",\"rating\":1102,\"seed\":[24051,43657,2639,23179]}\n>player p2 {\"name\":\"CXHGZRW\",\"avatar\":\"265\",\"rating\":1071,\"seed\":[53231,22914,42793,59231]}\n>p1 move voltswitch\n>p2 move swordsdance\n>p1 switch 6\n>p1 move stealthrock\n>p2 move meteormash\n>p1 move earthquake\n>p2 move extremespeed terastallize\n>p1 switch 5\n>p1 move gigatonhammer\n>p2 move meteormash\n>p2 switch 5\n>p1 switch 2\n>p2 move thunderwave\n>p1 move rockpolish\n>p2 move magnetrise\n>p1 move icepunch\n>p2 move playrough\n>p1 switch 6\n>p2 move spikes\n>p1 move thunderbolt\n>p2 move spikes\n>p1 move thunderbolt\n>p2 move playrough\n>p2 switch 4\n>p1 move taunt\n>p2 move highhorsepower\n>p1 switch 6\n>p1 move rockpolish terastallize\n>p2 move crabhammer\n>p1 move earthquake\n>p2 move crabhammer\n>p2 switch 2\n>p1 move earthquake\n>p2 move psychic\n>p2 switch 3\n>p1 move earthquake\n>p2 move hypervoice\n>p2 switch 6\n>p1 move icepunch\n>p2 move hurricane\n>forcelose p2", "uploadtime": 1733894102, "views": 1, "formatid": "gen9randombattle", "rating": 1052, "private": 0, "password": null}