{"id": "gen9randombattle-2165957450", "format": "[Gen 9] Random Battle", "players": ["withalladat", "kfc_jayd"], "log": "|j|\u2606withalladat\n|j|\u2606kfc_jayd\n|t:|1721740559\n|gametype|singles\n|player|p1|withalladat|266|2246\n|player|p2|kfc_jayd|265|2212\n|teamsize|p1|6\n|teamsize|p2|6\n|gen|9\n|tier|[Gen 9] Random Battle\n|rated|\n|rule|Species Clause: Limit one of each Pok\u00e9mon\n|rule|HP Percentage Mod: HP is shown in percentages\n|rule|Sleep Clause Mod: Limit one foe put to sleep\n|rule|Illusion Level Mod: Illusion disguises the Pok\u00e9mon's true level\n|\n|t:|1721740559\n|start\n|switch|p1a: Orthworm|Orthworm, L88, M|266/266\n|switch|p2a: Tornadus|Tornadus, L82, M|263/263\n|turn|1\n|inactive|Battle timer is ON: inactive players will automatically lose when time's up. (requested by withalladat)\n|\n|t:|1721740586\n|switch|p1a: Mismagius|Mismagius, L86, M|243/243\n|move|p2a: Tornadus|Heat Wave|p1a: Mismagius\n|-damage|p1a: Mismagius|148/243\n|\n|upkeep\n|turn|2\n|inactive|kfc_jayd has 120 seconds left.\n|inactive|kfc_jayd has 90 seconds left.\n|\n|t:|1721740647\n|switch|p2a: Ogerpon|Ogerpon, L80, F|259/259\n|move|p1a: Mismagius|Nasty Plot|p1a: Mismagius\n|-boost|p1a: Mismagius|spa|2\n|\n|upkeep\n|turn|3\n|\n|t:|1721740663\n|move|p1a: Mismagius|Mystical Fire|p2a: Ogerpon\n|-supereffective|p2a: Ogerpon\n|-damage|p2a: Ogerpon|0 fnt\n|faint|p2a: Ogerpon\n|-damage|p1a: Mismagius|124/243|[from] item: Life Orb\n|\n|upkeep\n|inactive|kfc_jayd has 90 seconds left.\n|\n|t:|1721740696\n|switch|p2a: Mightyena|Mightyena, L95, F|287/287\n|-ability|p2a: Mightyena|Intimidate|boost\n|-unboost|p1a: Mismagius|atk|1\n|turn|4\n|\n|t:|1721740718\n|-terastallize|p1a: Mismagius|Fairy\n|move|p1a: Mismagius|Dazzling Gleam|p2a: Mightyena\n|-supereffective|p2a: Mightyena\n|-damage|p2a: Mightyena|0 fnt\n|faint|p2a: Mightyena\n|-damage|p1a: Mismagius|100/243|[from] item: Life Orb\n|\n|upkeep\n|inactive|kfc_jayd has 60 seconds left.\n|\n|t:|1721740748\n|switch|p2a: Sudowoodo|Sudowoodo, L94, M|284/284\n|turn|5\n|\n|t:|1721740759\n|move|p1a: Mismagius|Shadow Ball|p2a: Sudowoodo\n|-damage|p2a: Sudowoodo|14/284\n|-damage|p1a: Mismagius|76/243|[from] item: Life Orb\n|move|p2a: Sudowoodo|Wood Hammer|p1a: Mismagius\n|-damage|p1a: Mismagius|0 fnt\n|faint|p1a: Mismagius\n|\n|upkeep\n|\n|t:|1721740778\n|switch|p1a: Orthworm|Orthworm, L88, M|266/266\n|turn|6\n|\n|t:|1721740782\n|switch|p2a: Tornadus|Tornadus, L82, M|263/263\n|move|p1a: Orthworm|Body Press|p2a: Tornadus\n|-resisted|p2a: Tornadus\n|-damage|p2a: Tornadus|209/263\n|\n|upkeep\n|turn|7\n|\n|t:|1721740794\n|switch|p1a: Samurott|Samurott, L88, M|310/310\n|move|p2a: Tornadus|Heat Wave|p1a: Samurott\n|-resisted|p1a: Samurott\n|-damage|p1a: Samurott|248/310\n|\n|upkeep\n|turn|8\n|\n|t:|1721740804\n|switch|p2a: Sudowoodo|Sudowoodo, L94, M|14/284\n|move|p1a: Samurott|Knock Off|p2a: Sudowoodo\n|-damage|p2a: Sudowoodo|0 fnt\n|-enditem|p2a: Sudowoodo|Choice Band|[from] move: Knock Off|[of] p1a: Samurott\n|faint|p2a: Sudowoodo\n|-damage|p1a: Samurott|217/310|[from] item: Life Orb\n|\n|upkeep\n|inactive|kfc_jayd has 60 seconds left.\n|\n|t:|1721740826\n|switch|p2a: Gallade|Gallade, L82, M|246/246\n|turn|9\n|inactive|kfc_jayd has 60 seconds left.\n|inactive|kfc_jayd has 30 seconds left.\n|inactive|kfc_jayd has 20 seconds left.\n|\n|t:|1721740873\n|-terastallize|p2a: Gallade|Fighting\n|move|p2a: Gallade|Sacred Sword|p1a: Samurott\n|-crit|p1a: Samurott\n|-damage|p1a: Samurott|0 fnt\n|faint|p1a: Samurott\n|-damage|p2a: Gallade|222/246|[from] item: Life Orb\n|\n|upkeep\n|inactive|kfc_jayd has 25 seconds left this turn.\n|inactive|withalladat has 120 seconds left.\n|\n|t:|1721740905\n|switch|p1a: Toucannon|Toucannon, L88, F|284/284\n|turn|10\n|inactive|kfc_jayd has 30 seconds left.\n|inactive|kfc_jayd has 20 seconds left.\n|\n|t:|1721740923\n|-singleturn|p1a: Toucannon|move: Beak Blast\n|move|p2a: Gallade|Sacred Sword|p1a: Toucannon\n|-damage|p1a: Toucannon|1/284\n|-status|p2a: Gallade|brn\n|-damage|p2a: Gallade|198/246 brn|[from] item: Life Orb\n|move|p1a: Toucannon|Beak Blast|p2a: Gallade\n|-supereffective|p2a: Gallade\n|-damage|p2a: Gallade|0 fnt\n|faint|p2a: Gallade\n|\n|upkeep\n|inactive|kfc_jayd has 25 seconds left this turn.\n|inactive|kfc_jayd has 20 seconds left.\n|\n|t:|1721740933\n|switch|p2a: Tornadus|Tornadus, L82, M|209/263\n|turn|11\n|inactive|kfc_jayd has 30 seconds left this turn.\n|inactive|kfc_jayd has 20 seconds left.\n|c|\u2606withalladat|that not killing is lowest roll btw\n|inactive|withalladat has 120 seconds left.\n|inactive|kfc_jayd has 15 seconds left.\n|inactive|kfc_jayd has 10 seconds left.\n|\n|t:|1721740958\n|-singleturn|p1a: Toucannon|move: Beak Blast\n|move|p2a: Tornadus|Heat Wave|p1a: Toucannon\n|-damage|p1a: Toucannon|0 fnt\n|faint|p1a: Toucannon\n|\n|upkeep\n|inactive|kfc_jayd has 15 seconds left this turn.\n|\n|t:|1721740963\n|switch|p1a: Barraskewda|Barraskewda, L81, F|231/231\n|turn|12\n|inactive|kfc_jayd has 25 seconds left this turn.\n|inactive|kfc_jayd has 20 seconds left.\n|\n|t:|1721740972\n|move|p1a: Barraskewda|Flip Turn|p2a: Tornadus\n|-damage|p2a: Tornadus|88/263\n|inactive|kfc_jayd has 25 seconds left this turn.\n|\n|t:|1721740975\n|switch|p1a: Mudsdale|Mudsdale, L84, M|305/305|[from] Flip Turn\n|move|p2a: Tornadus|Heat Wave|p1a: Mudsdale\n|-damage|p1a: Mudsdale|187/305\n|-ability|p1a: Mudsdale|Stamina|boost\n|-boost|p1a: Mudsdale|def|1\n|\n|-heal|p1a: Mudsdale|206/305|[from] item: Leftovers\n|upkeep\n|turn|13\n|inactive|kfc_jayd has 30 seconds left.\n|\n|t:|1721740983\n|move|p2a: Tornadus|Heat Wave|p1a: Mudsdale\n|-damage|p1a: Mudsdale|96/305\n|-ability|p1a: Mudsdale|Stamina|boost\n|-boost|p1a: Mudsdale|def|1\n|move|p1a: Mudsdale|Heavy Slam|p2a: Tornadus\n|-damage|p2a: Tornadus|0 fnt\n|faint|p2a: Tornadus\n|\n|-heal|p1a: Mudsdale|115/305|[from] item: Leftovers\n|upkeep\n|\n|t:|1721740987\n|switch|p2a: Great Tusk|Great Tusk, L77|304/304\n|-enditem|p2a: Great Tusk|Booster Energy\n|-activate|p2a: Great Tusk|ability: Protosynthesis|[fromitem]\n|-start|p2a: Great Tusk|protosynthesisatk\n|turn|14\n|inactive|kfc_jayd has 30 seconds left.\n|\n|t:|1721741012\n|move|p2a: Great Tusk|Bulk Up|p2a: Great Tusk\n|-boost|p2a: Great Tusk|atk|1\n|-boost|p2a: Great Tusk|def|1\n|move|p1a: Mudsdale|Body Press|p2a: Great Tusk\n|-damage|p2a: Great Tusk|242/304\n|\n|-heal|p1a: Mudsdale|134/305|[from] item: Leftovers\n|upkeep\n|turn|15\n|inactive|kfc_jayd has 30 seconds left.\n|\n|t:|1721741024\n|move|p2a: Great Tusk|Bulk Up|p2a: Great Tusk\n|-boost|p2a: Great Tusk|atk|1\n|-boost|p2a: Great Tusk|def|1\n|move|p1a: Mudsdale|Body Press|p2a: Great Tusk\n|-damage|p2a: Great Tusk|196/304\n|\n|-heal|p1a: Mudsdale|153/305|[from] item: Leftovers\n|upkeep\n|turn|16\n|\n|t:|1721741034\n|move|p2a: Great Tusk|Bulk Up|p2a: Great Tusk\n|-boost|p2a: Great Tusk|atk|1\n|-boost|p2a: Great Tusk|def|1\n|move|p1a: Mudsdale|Body Press|p2a: Great Tusk\n|-damage|p2a: Great Tusk|158/304\n|\n|-heal|p1a: Mudsdale|172/305|[from] item: Leftovers\n|upkeep\n|turn|17\n|\n|t:|1721741041\n|move|p2a: Great Tusk|Bulk Up|p2a: Great Tusk\n|-boost|p2a: Great Tusk|atk|1\n|-boost|p2a: Great Tusk|def|1\n|move|p1a: Mudsdale|Body Press|p2a: Great Tusk\n|-damage|p2a: Great Tusk|125/304\n|\n|-heal|p1a: Mudsdale|191/305|[from] item: Leftovers\n|upkeep\n|turn|18\n|\n|t:|1721741045\n|move|p2a: Great Tusk|Earthquake|p1a: Mudsdale\n|-damage|p1a: Mudsdale|0 fnt\n|faint|p1a: Mudsdale\n|\n|upkeep\n|\n|t:|1721741048\n|switch|p1a: Orthworm|Orthworm, L88, M|266/266\n|turn|19\n|inactive|kfc_jayd has 60 seconds left.\n|\n|t:|1721741061\n|move|p2a: Great Tusk|Close Combat|p1a: Orthworm\n|-supereffective|p1a: Orthworm\n|-damage|p1a: Orthworm|0 fnt\n|-unboost|p2a: Great Tusk|def|1\n|-unboost|p2a: Great Tusk|spd|1\n|faint|p1a: Orthworm\n|\n|upkeep\n|\n|t:|1721741064\n|switch|p1a: Barraskewda|Barraskewda, L81, F|231/231\n|turn|20\n|\n|t:|1721741069\n|move|p1a: Barraskewda|Waterfall|p2a: Great Tusk\n|-supereffective|p2a: Great Tusk\n|-damage|p2a: Great Tusk|33/304\n|move|p2a: Great Tusk|Close Combat|p1a: Barraskewda\n|-damage|p1a: Barraskewda|0 fnt\n|-unboost|p2a: Great Tusk|def|1\n|-unboost|p2a: Great Tusk|spd|1\n|faint|p1a: Barraskewda\n|\n|win|kfc_jayd\n|raw|withalladat's rating: 2246 &rarr; <strong>2224</strong><br />(-22 for losing)\n|raw|kfc_jayd's rating: 2212 &rarr; <strong>2234</strong><br />(+22 for winning)\n|l|\u2606withalladat\n|player|p1|\n", "inputlog": ">version 40a00717927414d2de8ab728c68cc0cdfbe4c28f\n>start {\"formatid\":\"gen9randombattle\",\"seed\":[53422,19483,47834,21160],\"rated\":\"Rated battle\"}\n>player p1 {\"name\":\"withalladat\",\"avatar\":\"266\",\"rating\":2246,\"seed\":[8039,35991,11544,20590]}\n>player p2 {\"name\":\"kfc_jayd\",\"avatar\":\"265\",\"rating\":2212,\"seed\":[47991,46617,51189,10704]}\n>p1 switch 3\n>p2 move heatwave\n>p1 move nastyplot\n>p2 switch 4\n>p1 move mysticalfire\n>p2 move ivycudgel\n>p2 switch 5\n>p1 move dazzlinggleam terastallize\n>p2 move crunch\n>p2 switch 3\n>p1 move shadowball\n>p2 move woodhammer\n>p1 switch 3\n>p1 move bodypress\n>p2 switch 4\n>p1 switch 5\n>p2 move heatwave\n>p1 move knockoff\n>p2 switch 4\n>p2 switch 6\n>p1 move knockoff\n>p2 move sacredsword terastallize\n>p1 switch 6\n>p1 move beakblast\n>p2 move sacredsword\n>p2 switch 4\n>chat \u2606withalladat|that not killing is lowest roll btw\n>p1 move beakblast\n>p2 move heatwave\n>p1 switch 2\n>p1 move flipturn\n>p2 move heatwave\n>p1 switch 4\n>p1 move heavyslam\n>p2 move heatwave\n>p2 switch 2\n>p1 move bodypress\n>p2 move bulkup\n>p1 move bodypress\n>p2 move bulkup\n>p1 move bodypress\n>p2 move bulkup\n>p1 move bodypress\n>p2 move bulkup\n>p1 move bodypress\n>p2 move earthquake\n>p1 switch 5\n>p1 move bodypress\n>p2 move closecombat\n>p1 switch 4\n>p1 move waterfall\n>p2 move closecombat", "uploadtime": 1721741081, "views": 150, "formatid": "gen9randombattle", "rating": 2224, "private": 0, "password": null}