{"id": "gen9randombattle-2260346840", "format": "[Gen 9] Random Battle", "players": ["ikkkdawdaw", "coolcats111"], "log": "|j|\u2606ikkkdawdaw\n|j|\u2606coolcats111\n|t:|1733842477\n|gametype|singles\n|player|p1|ikkkdawdaw|265|1000\n|player|p2|coolcats111|red|1022\n|teamsize|p1|6\n|teamsize|p2|6\n|gen|9\n|tier|[Gen 9] Random Battle\n|rated|\n|rule|Species Clause: Limit one of each Pok\u00e9mon\n|rule|HP Percentage Mod: HP is shown in percentages\n|rule|Sleep Clause Mod: Limit one foe put to sleep\n|rule|Illusion Level Mod: Illusion disguises the Pok\u00e9mon's true level\n|\n|t:|1733842477\n|start\n|switch|p1a: Dipplin|Dipplin, L88, M|284/284\n|switch|p2a: Oricorio|Oricorio, L84, F|263/263\n|turn|1\n|\n|t:|1733842489\n|switch|p1a: Minior|Minior, L79|224/224\n|-formechange|p1a: Minior|Minior-Meteor||[from] ability: Shields Down\n|move|p2a: Oricorio|Quiver Dance|p2a: Oricorio\n|-boost|p2a: Oricorio|spa|1\n|-boost|p2a: Oricorio|spd|1\n|-boost|p2a: Oricorio|spe|1\n|\n|upkeep\n|turn|2\n|inactive|Battle timer is ON: inactive players will automatically lose when time's up. (requested by ikkkdawdaw)\n|\n|t:|1733842524\n|-terastallize|p2a: Oricorio|Ground\n|move|p2a: Oricorio|Hurricane|p1a: Minior\n|-resisted|p1a: Minior\n|-damage|p1a: Minior|141/224\n|move|p1a: Minior|Shell Smash|p1a: Minior\n|-unboost|p1a: Minior|def|1\n|-unboost|p1a: Minior|spd|1\n|-boost|p1a: Minior|atk|2\n|-boost|p1a: Minior|spa|2\n|-boost|p1a: Minior|spe|2\n|-enditem|p1a: Minior|White Herb\n|-clearnegativeboost|p1a: Minior|[silent]\n|\n|upkeep\n|turn|3\n|\n|t:|1733842541\n|move|p2a: Oricorio|Hurricane|p1a: Minior\n|-resisted|p1a: Minior\n|-damage|p1a: Minior|54/224\n|move|p1a: Minior|Acrobatics|p2a: Oricorio\n|-damage|p2a: Oricorio|83/263\n|\n|-formechange|p1a: Minior|Minior||[from] ability: Shields Down\n|upkeep\n|turn|4\n|\n|t:|1733842552\n|move|p1a: Minior|Acrobatics|p2a: Oricorio\n|-damage|p2a: Oricorio|0 fnt\n|faint|p2a: Oricorio\n|\n|upkeep\n|\n|t:|1733842560\n|switch|p2a: Cresselia|Cresselia, L80, F|323/323\n|turn|5\n|\n|t:|1733842571\n|move|p1a: Minior|Earthquake|p2a: Cresselia\n|-immune|p2a: Cresselia|[from] ability: Levitate\n|move|p2a: Cresselia|Psyshock|p1a: Minior\n|-damage|p1a: Minior|0 fnt\n|faint|p1a: Minior\n|\n|upkeep\n|\n|t:|1733842580\n|switch|p1a: Ariados|Ariados, L95, F|287/287\n|turn|6\n|\n|t:|1733842590\n|move|p2a: Cresselia|Calm Mind|p2a: Cresselia\n|-boost|p2a: Cresselia|spa|1\n|-boost|p2a: Cresselia|spd|1\n|move|p1a: Ariados|Poison Jab|p2a: Cresselia\n|-damage|p2a: Cresselia|227/323\n|\n|-heal|p2a: Cresselia|247/323|[from] item: Leftovers\n|upkeep\n|turn|7\n|inactive|ikkkdawdaw has 120 seconds left.\n|\n|t:|1733842632\n|-terastallize|p1a: Ariados|Ghost\n|move|p2a: Cresselia|Calm Mind|p2a: Cresselia\n|-boost|p2a: Cresselia|spa|1\n|-boost|p2a: Cresselia|spd|1\n|move|p1a: Ariados|Knock Off|p2a: Cresselia\n|-supereffective|p2a: Cresselia\n|-damage|p2a: Cresselia|97/323\n|-enditem|p2a: Cresselia|Leftovers|[from] move: Knock Off|[of] p1a: Ariados\n|\n|upkeep\n|turn|8\n|\n|t:|1733842650\n|move|p2a: Cresselia|Psyshock|p1a: Ariados\n|-damage|p1a: Ariados|149/287\n|move|p1a: Ariados|Knock Off|p2a: Cresselia\n|-supereffective|p2a: Cresselia\n|-damage|p2a: Cresselia|0 fnt\n|faint|p2a: Cresselia\n|\n|upkeep\n|\n|t:|1733842664\n|switch|p2a: Roaring Moon|Roaring Moon, L72|270/270\n|turn|9\n|\n|t:|1733842673\n|move|p2a: Roaring Moon|Knock Off|p1a: Ariados\n|-supereffective|p1a: Ariados\n|-damage|p1a: Ariados|0 fnt\n|-enditem|p1a: Ariados|Heavy-Duty Boots|[from] move: Knock Off|[of] p2a: Roaring Moon\n|faint|p1a: Ariados\n|\n|upkeep\n|inactive|ikkkdawdaw has 120 seconds left.\n|\n|t:|1733842690\n|switch|p1a: Reshiram|Reshiram, L76|277/277\n|-ability|p1a: Reshiram|Turboblaze\n|turn|10\n|inactive|ikkkdawdaw has 120 seconds left.\n|\n|t:|1733842701\n|move|p2a: Roaring Moon|Outrage|p1a: Reshiram\n|-supereffective|p1a: Reshiram\n|-damage|p1a: Reshiram|35/277\n|move|p1a: Reshiram|Draco Meteor|p2a: Roaring Moon\n|-supereffective|p2a: Roaring Moon\n|-damage|p2a: Roaring Moon|0 fnt\n|-unboost|p1a: Reshiram|spa|2\n|faint|p2a: Roaring Moon\n|-end|p2a: Roaring Moon|Protosynthesis|[silent]\n|\n|upkeep\n|\n|t:|1733842710\n|switch|p2a: Raging Bolt|Raging Bolt, L78|323/323\n|turn|11\n|\n|t:|1733842719\n|move|p1a: Reshiram|Draco Meteor|p2a: Raging Bolt\n|-supereffective|p2a: Raging Bolt\n|-damage|p2a: Raging Bolt|203/323\n|-unboost|p1a: Reshiram|spa|2\n|move|p2a: Raging Bolt|Volt Switch|p1a: Reshiram\n|-resisted|p1a: Reshiram\n|-damage|p1a: Reshiram|0 fnt\n|faint|p1a: Reshiram\n|\n|t:|1733842733\n|-end|p2a: Raging Bolt|Protosynthesis|[silent]\n|switch|p2a: Regirock|Regirock, L83|268/268|[from] Volt Switch\n|\n|upkeep\n|inactive|ikkkdawdaw has 120 seconds left.\n|\n|t:|1733842774\n|switch|p1a: Ludicolo|Ludicolo, L90, F|290/290\n|turn|12\n|\n|t:|1733842795\n|move|p1a: Ludicolo|Giga Drain|p2a: Regirock\n|-supereffective|p2a: Regirock\n|-damage|p2a: Regirock|70/268\n|-damage|p1a: Ludicolo|261/290|[from] item: Life Orb\n|move|p2a: Regirock|Iron Defense|p2a: Regirock\n|-boost|p2a: Regirock|def|2\n|\n|-heal|p2a: Regirock|86/268|[from] item: Leftovers\n|upkeep\n|turn|13\n|\n|t:|1733842811\n|switch|p2a: Reuniclus|Reuniclus, L88, F|337/337\n|move|p1a: Ludicolo|Giga Drain|p2a: Reuniclus\n|-damage|p2a: Reuniclus|230/337\n|-heal|p1a: Ludicolo|290/290|[from] drain|[of] p2a: Reuniclus\n|-damage|p1a: Ludicolo|261/290|[from] item: Life Orb\n|\n|upkeep\n|turn|14\n|inactive|coolcats111 has 120 seconds left.\n|\n|t:|1733842829\n|move|p1a: Ludicolo|Rain Dance|p1a: Ludicolo\n|-weather|RainDance\n|move|p2a: Reuniclus|Calm Mind|p2a: Reuniclus\n|-boost|p2a: Reuniclus|spa|1\n|-boost|p2a: Reuniclus|spd|1\n|\n|-weather|RainDance|[upkeep]\n|upkeep\n|turn|15\n|\n|t:|1733842838\n|move|p1a: Ludicolo|Hydro Pump|p2a: Reuniclus\n|-damage|p2a: Reuniclus|77/337\n|-damage|p1a: Ludicolo|232/290|[from] item: Life Orb\n|move|p2a: Reuniclus|Psyshock|p1a: Ludicolo\n|-damage|p1a: Ludicolo|0 fnt\n|faint|p1a: Ludicolo\n|\n|-weather|RainDance|[upkeep]\n|upkeep\n|\n|t:|1733842842\n|switch|p1a: Registeel|Registeel, L81|262/262\n|turn|16\n|\n|t:|1733842852\n|move|p1a: Registeel|Iron Head|p2a: Reuniclus\n|-damage|p2a: Reuniclus|7/337\n|move|p2a: Reuniclus|Focus Blast|p1a: Registeel\n|-supereffective|p1a: Registeel\n|-damage|p1a: Registeel|0 fnt\n|faint|p1a: Registeel\n|\n|-weather|RainDance|[upkeep]\n|upkeep\n|\n|t:|1733842855\n|switch|p1a: Dipplin|Dipplin, L88, M|284/284\n|turn|17\n|\n|t:|1733842863\n|move|p1a: Dipplin|Sucker Punch|p2a: Reuniclus\n|-supereffective|p2a: Reuniclus\n|-damage|p2a: Reuniclus|0 fnt\n|faint|p2a: Reuniclus\n|\n|-weather|RainDance|[upkeep]\n|upkeep\n|\n|t:|1733842873\n|switch|p2a: Raging Bolt|Raging Bolt, L78|203/323\n|turn|18\n|\n|t:|1733842887\n|move|p2a: Raging Bolt|Draco Meteor|p1a: Dipplin\n|-supereffective|p1a: Dipplin\n|-damage|p1a: Dipplin|72/284\n|-unboost|p2a: Raging Bolt|spa|2\n|move|p1a: Dipplin|Dragon Pulse|p2a: Raging Bolt\n|-supereffective|p2a: Raging Bolt\n|-damage|p2a: Raging Bolt|51/323\n|\n|-weather|none\n|upkeep\n|turn|19\n|\n|t:|1733842898\n|move|p1a: Dipplin|Sucker Punch|p2a: Raging Bolt\n|-damage|p2a: Raging Bolt|5/323\n|move|p2a: Raging Bolt|Draco Meteor|p1a: Dipplin|[miss]\n|-miss|p2a: Raging Bolt|p1a: Dipplin\n|\n|upkeep\n|turn|20\n|\n|t:|1733842907\n|-end|p2a: Raging Bolt|Protosynthesis|[silent]\n|switch|p2a: Regirock|Regirock, L83|86/268\n|move|p1a: Dipplin|Sucker Punch||[still]\n|-fail|p1a: Dipplin\n|\n|-heal|p2a: Regirock|102/268|[from] item: Leftovers\n|upkeep\n|turn|21\n|\n|t:|1733842915\n|move|p2a: Regirock|Body Press|p1a: Dipplin\n|-damage|p1a: Dipplin|17/284\n|move|p1a: Dipplin|Giga Drain|p2a: Regirock\n|-supereffective|p2a: Regirock\n|-damage|p2a: Regirock|0 fnt\n|-heal|p1a: Dipplin|68/284|[from] drain|[of] p2a: Regirock\n|faint|p2a: Regirock\n|\n|upkeep\n|\n|t:|1733842923\n|switch|p2a: Raging Bolt|Raging Bolt, L78|5/323\n|turn|22\n|\n|t:|1733842938\n|move|p1a: Dipplin|Sucker Punch|p2a: Raging Bolt\n|-damage|p2a: Raging Bolt|0 fnt\n|faint|p2a: Raging Bolt\n|-end|p2a: Raging Bolt|Protosynthesis|[silent]\n|\n|win|ikkkdawdaw\n|raw|ikkkdawdaw's rating: 1000 &rarr; <strong>1043</strong><br />(+43 for winning)\n|raw|coolcats111's rating: 1022 &rarr; <strong>1008</strong><br />(-14 for losing)\n", "inputlog": ">version bfd83cad13791eb5a5a409923076391caf6fb4d4\n>start {\"formatid\":\"gen9randombattle\",\"seed\":[3905,6330,64909,21551],\"rated\":\"Rated battle\"}\n>player p1 {\"name\":\"ikkkdawdaw\",\"avatar\":\"265\",\"rating\":1000,\"seed\":[55414,13090,2650,43496]}\n>player p2 {\"name\":\"coolcats111\",\"avatar\":\"red\",\"rating\":1022,\"seed\":[53996,70,16486,43124]}\n>p1 switch 5\n>p2 move quiverdance\n>p1 move shellsmash\n>p2 move hurricane terastallize\n>p1 move acrobatics\n>p2 move hurricane\n>p1 move acrobatics\n>p2 move hurricane\n>p2 switch 6\n>p1 move earthquake\n>p2 move psyshock\n>p1 switch 2\n>p1 move poisonjab\n>p2 move calmmind\n>p1 move knockoff terastallize\n>p2 move calmmind\n>p1 move knockoff\n>p2 move psyshock\n>p2 switch 2\n>p1 move megahorn\n>p2 move knockoff\n>p1 switch 4\n>p1 move dracometeor\n>p2 move outrage\n>p2 switch 5\n>p1 move dracometeor\n>p2 move voltswitch\n>p2 switch 4\n>p1 switch 3\n>p1 move gigadrain\n>p2 move irondefense\n>p1 move gigadrain\n>p2 switch 3\n>p1 move raindance\n>p2 move calmmind\n>p1 move hydropump\n>p2 move psyshock\n>p1 switch 6\n>p1 move ironhead\n>p2 move focusblast\n>p1 switch 5\n>p1 move suckerpunch\n>p2 move psyshock\n>p2 switch 4\n>p1 move dragonpulse\n>p2 move dracometeor\n>p1 move suckerpunch\n>p2 move dracometeor\n>p1 move suckerpunch\n>p2 switch 3\n>p1 move gigadrain\n>p2 move bodypress\n>p2 switch 3\n>p1 move suckerpunch\n>p2 move dracometeor", "uploadtime": 1733842940, "views": 2, "formatid": "gen9randombattle", "rating": 1008, "private": 0, "password": null}