{"id": "gen9randombattle-2206155901", "format": "[Gen 9] Random Battle", "players": ["RB2T paysa", "rb2t l"], "log": "|badge|p1|silver|gen9randombattle|30-2\n|uhtml|medal-msg|<div class=\"broadcast-blue\">Curious what those medals under the avatar are? PS now has Ladder Seasons! For more information, check out the <a href=\"https://www.smogon.com/forums/threads/3740067/\">thread on Smogon.</a></div>\n|badge|p2|bronze|gen9randombattle|100-2\n|uhtml|medal-msg|<div class=\"broadcast-blue\">Curious what those medals under the avatar are? PS now has Ladder Seasons! For more information, check out the <a href=\"https://www.smogon.com/forums/threads/3740067/\">thread on Smogon.</a></div>\n|raw|<div class=\"broadcast-blue\"><strong>This battle is required to be public due to a player having a name starting with 'rb2t'.</div>\n|j|\u2606RB2T paysa\n|j|\u2606rb2t l\n|t:|1726870082\n|gametype|singles\n|player|p1|RB2T paysa|viola-masters|2381\n|player|p2|rb2t l|2|2358\n|teamsize|p1|6\n|teamsize|p2|6\n|gen|9\n|tier|[Gen 9] Random Battle\n|rated|\n|rule|Species Clause: Limit one of each Pok\u00e9mon\n|rule|HP Percentage Mod: HP is shown in percentages\n|rule|Sleep Clause Mod: Limit one foe put to sleep\n|rule|Illusion Level Mod: Illusion disguises the Pok\u00e9mon's true level\n|\n|t:|1726870082\n|start\n|switch|p1a: Armarouge|Armarouge, L80, M|267/267\n|switch|p2a: Hawlucha|Hawlucha, L80, F|256/256\n|turn|1\n|inactive|Battle timer is ON: inactive players will automatically lose when time's up. (requested by RB2T paysa)\n|inactive|rb2t l also wants the timer to be on.\n|\n|t:|1726870103\n|switch|p2a: Arcanine|Arcanine, L84, M|288/288\n|-ability|p2a: Arcanine|Intimidate|boost\n|-unboost|p1a: Armarouge|atk|1\n|move|p1a: Armarouge|Armor Cannon|p2a: Arcanine\n|-resisted|p2a: Arcanine\n|-damage|p2a: Arcanine|171/288\n|-unboost|p1a: Armarouge|def|1\n|-unboost|p1a: Armarouge|spd|1\n|\n|upkeep\n|turn|2\n|\n|t:|1726870124\n|move|p2a: Arcanine|Morning Sun|p2a: Arcanine\n|-heal|p2a: Arcanine|288/288\n|move|p1a: Armarouge|Armor Cannon|p2a: Arcanine\n|-resisted|p2a: Arcanine\n|-damage|p2a: Arcanine|173/288\n|-unboost|p1a: Armarouge|def|1\n|-unboost|p1a: Armarouge|spd|1\n|\n|upkeep\n|turn|3\n|\n|t:|1726870128\n|switch|p1a: Donphan|Donphan, L84, M|288/288\n|move|p2a: Arcanine|Morning Sun|p2a: Arcanine\n|-heal|p2a: Arcanine|288/288\n|\n|upkeep\n|turn|4\n|inactive|rb2t l has 120 seconds left.\n|\n|t:|1726870161\n|switch|p2a: Golduck|Golduck, L90, M|290/290\n|-ability|p2a: Golduck|Cloud Nine\n|switch|p1a: Armarouge|Armarouge, L80, M|267/267\n|\n|upkeep\n|turn|5\n|\n|t:|1726870177\n|switch|p1a: Arceus|Arceus-Bug, L73|295/295\n|move|p2a: Golduck|Flip Turn|p1a: Arceus\n|-damage|p1a: Arceus|241/295\n|inactive|rb2t l has 120 seconds left.\n|\n|t:|1726870188\n|switch|p2a: Hariyama|Hariyama, L87, F|392/392|[from] Flip Turn\n|\n|-status|p2a: Hariyama|brn|[from] item: Flame Orb\n|upkeep\n|turn|6\n|inactive|rb2t l has 120 seconds left.\n|inactive|RB2T paysa has 120 seconds left.\n|inactive|RB2T paysa has 90 seconds left.\n|\n|t:|1726870248\n|move|p1a: Arceus|Judgment|p2a: Hariyama\n|-resisted|p2a: Hariyama\n|-crit|p2a: Hariyama\n|-damage|p2a: Hariyama|288/392 brn\n|move|p2a: Hariyama|Facade|p1a: Arceus\n|-damage|p1a: Arceus|73/295\n|\n|-damage|p2a: Hariyama|264/392 brn|[from] brn\n|upkeep\n|turn|7\n|inactive|rb2t l has 120 seconds left.\n|inactive|RB2T paysa has 90 seconds left.\n|\n|t:|1726870264\n|switch|p2a: Hawlucha|Hawlucha, L80, F|256/256\n|move|p1a: Arceus|Recover|p1a: Arceus\n|-heal|p1a: Arceus|221/295\n|\n|upkeep\n|turn|8\n|inactive|RB2T paysa has 90 seconds left.\n|inactive|rb2t l has 120 seconds left.\n|\n|t:|1726870276\n|switch|p1a: Mesprit|Mesprit, L85|275/275\n|move|p2a: Hawlucha|Brave Bird|p1a: Mesprit\n|-damage|p1a: Mesprit|176/275\n|-damage|p2a: Hawlucha|223/256|[from] Recoil\n|\n|upkeep\n|turn|9\n|inactive|rb2t l has 120 seconds left.\n|\n|t:|1726870287\n|switch|p2a: Morpeko|Morpeko, L88, F|245/245\n|move|p1a: Mesprit|U-turn|p2a: Morpeko\n|-supereffective|p2a: Morpeko\n|-damage|p2a: Morpeko|105/245\n|inactive|RB2T paysa has 90 seconds left.\n|\n|t:|1726870303\n|switch|p1a: Donphan|Donphan, L84, M|288/288|[from] U-turn\n|\n|-formechange|p2a: Morpeko|Morpeko-Hangry||[from] ability: Hunger Switch\n|upkeep\n|turn|10\n|inactive|RB2T paysa has 90 seconds left.\n|\n|t:|1726870317\n|move|p2a: Morpeko|Parting Shot|p1a: Donphan\n|-unboost|p1a: Donphan|atk|1\n|-unboost|p1a: Donphan|spa|1\n|\n|t:|1726870325\n|switch|p2a: Golduck|Golduck, L90, M|290/290|[from] Parting Shot\n|-ability|p2a: Golduck|Cloud Nine\n|move|p1a: Donphan|Stealth Rock|p2a: Golduck\n|-sidestart|p2: rb2t l|move: Stealth Rock\n|\n|upkeep\n|turn|11\n|\n|t:|1726870333\n|switch|p1a: Arceus|Arceus-Bug, L73|221/295\n|move|p2a: Golduck|Hydro Pump|p1a: Arceus|[miss]\n|-miss|p2a: Golduck|p1a: Arceus\n|\n|upkeep\n|turn|12\n|\n|t:|1726870357\n|switch|p2a: Arcanine|Arcanine, L84, M|288/288\n|-ability|p2a: Arcanine|Intimidate|boost\n|-unboost|p1a: Arceus|atk|1\n|move|p1a: Arceus|Judgment|p2a: Arcanine\n|-resisted|p2a: Arcanine\n|-crit|p2a: Arcanine\n|-damage|p2a: Arcanine|201/288\n|\n|upkeep\n|turn|13\n|\n|t:|1726870370\n|switch|p1a: Armarouge|Armarouge, L80, M|267/267\n|move|p2a: Arcanine|Flare Blitz|p1a: Armarouge\n|-resisted|p1a: Armarouge\n|-damage|p1a: Armarouge|204/267\n|-ability|p1a: Armarouge|Weak Armor|boost\n|-unboost|p1a: Armarouge|def|1\n|-boost|p1a: Armarouge|spe|2\n|-damage|p2a: Arcanine|180/288|[from] Recoil\n|\n|upkeep\n|turn|14\n|j| PKV Pokevin\n|\n|t:|1726870381\n|move|p1a: Armarouge|Focus Blast|p2a: Arcanine\n|-damage|p2a: Arcanine|29/288\n|move|p2a: Arcanine|Morning Sun|p2a: Arcanine\n|-heal|p2a: Arcanine|173/288\n|\n|upkeep\n|turn|15\n|\n|t:|1726870392\n|move|p1a: Armarouge|Focus Blast|p2a: Arcanine|[miss]\n|-miss|p1a: Armarouge|p2a: Arcanine\n|move|p2a: Arcanine|Morning Sun|p2a: Arcanine\n|-heal|p2a: Arcanine|288/288\n|\n|upkeep\n|turn|16\n|\n|t:|1726870402\n|move|p1a: Armarouge|Focus Blast|p2a: Arcanine\n|-damage|p2a: Arcanine|139/288\n|move|p2a: Arcanine|Flare Blitz|p1a: Armarouge\n|-resisted|p1a: Armarouge\n|-damage|p1a: Armarouge|113/267\n|-ability|p1a: Armarouge|Weak Armor|boost\n|-unboost|p1a: Armarouge|def|1\n|-boost|p1a: Armarouge|spe|2\n|-damage|p2a: Arcanine|109/288|[from] Recoil\n|\n|upkeep\n|turn|17\n|\n|t:|1726870431\n|switch|p1a: Arceus|Arceus-Bug, L73|221/295\n|move|p2a: Arcanine|Morning Sun|p2a: Arcanine\n|-heal|p2a: Arcanine|253/288\n|\n|upkeep\n|turn|18\n|l| PKV Pokevin\n|j| PKV Pokevin\n|inactive|RB2T paysa has 120 seconds left.\n|\n|t:|1726870450\n|switch|p1a: Armarouge|Armarouge, L80, M|113/267\n|move|p2a: Arcanine|Flare Blitz|p1a: Armarouge\n|-resisted|p1a: Armarouge\n|-damage|p1a: Armarouge|41/267\n|-ability|p1a: Armarouge|Weak Armor|boost\n|-unboost|p1a: Armarouge|def|1\n|-boost|p1a: Armarouge|spe|2\n|-damage|p2a: Arcanine|229/288|[from] Recoil\n|\n|upkeep\n|turn|19\n|\n|t:|1726870459\n|move|p1a: Armarouge|Armor Cannon|p2a: Arcanine\n|-resisted|p2a: Arcanine\n|-damage|p2a: Arcanine|119/288\n|-unboost|p1a: Armarouge|def|1\n|-unboost|p1a: Armarouge|spd|1\n|move|p2a: Arcanine|Morning Sun|p2a: Arcanine\n|-heal|p2a: Arcanine|263/288\n|\n|upkeep\n|turn|20\n|\n|t:|1726870467\n|move|p1a: Armarouge|Armor Cannon|p2a: Arcanine\n|-resisted|p2a: Arcanine\n|-damage|p2a: Arcanine|149/288\n|-unboost|p1a: Armarouge|def|1\n|-unboost|p1a: Armarouge|spd|1\n|move|p2a: Arcanine|Flare Blitz|p1a: Armarouge\n|-resisted|p1a: Armarouge\n|-damage|p1a: Armarouge|0 fnt\n|faint|p1a: Armarouge\n|-damage|p2a: Arcanine|135/288|[from] Recoil\n|\n|upkeep\n|\n|t:|1726870486\n|switch|p1a: Donphan|Donphan, L84, M|288/288\n|turn|21\n|\n|t:|1726870511\n|switch|p2a: Golduck|Golduck, L90, M|290/290\n|-damage|p2a: Golduck|254/290|[from] Stealth Rock\n|-ability|p2a: Golduck|Cloud Nine\n|move|p1a: Donphan|Earthquake|p2a: Golduck\n|-damage|p2a: Golduck|116/290\n|\n|upkeep\n|turn|22\n|\n|t:|1726870521\n|switch|p1a: Arceus|Arceus-Bug, L73|221/295\n|move|p2a: Golduck|Hydro Pump|p1a: Arceus\n|-damage|p1a: Arceus|37/295\n|\n|upkeep\n|turn|23\n|l| PKV Pokevin\n|inactive|rb2t l has 120 seconds left.\n|\n|t:|1726870551\n|switch|p2a: Hawlucha|Hawlucha, L80, F|223/256\n|-damage|p2a: Hawlucha|191/256|[from] Stealth Rock\n|move|p1a: Arceus|Recover|p1a: Arceus\n|-heal|p1a: Arceus|185/295\n|\n|upkeep\n|turn|24\n|j| PKV Pokevin\n|\n|t:|1726870567\n|switch|p1a: Donphan|Donphan, L84, M|288/288\n|move|p2a: Hawlucha|Brave Bird|p1a: Donphan\n|-damage|p1a: Donphan|201/288\n|-damage|p2a: Hawlucha|162/256|[from] Recoil\n|\n|-heal|p1a: Donphan|219/288|[from] item: Leftovers\n|upkeep\n|turn|25\n|j| bodi 69\n|\n|t:|1726870587\n|switch|p2a: Arcanine|Arcanine, L84, M|135/288\n|-ability|p2a: Arcanine|Intimidate|boost\n|-unboost|p1a: Donphan|atk|1\n|move|p1a: Donphan|Ice Spinner|p2a: Arcanine\n|-resisted|p2a: Arcanine\n|-damage|p2a: Arcanine|111/288\n|\n|-heal|p1a: Donphan|237/288|[from] item: Leftovers\n|upkeep\n|turn|26\n|\n|t:|1726870605\n|-terastallize|p2a: Arcanine|Fighting\n|move|p2a: Arcanine|Morning Sun|p2a: Arcanine\n|-heal|p2a: Arcanine|255/288\n|move|p1a: Donphan|Earthquake|p2a: Arcanine\n|-damage|p2a: Arcanine|170/288\n|\n|-heal|p1a: Donphan|255/288|[from] item: Leftovers\n|upkeep\n|turn|27\n|\n|t:|1726870626\n|move|p2a: Arcanine|Flare Blitz|p1a: Donphan\n|-damage|p1a: Donphan|153/288\n|-damage|p2a: Arcanine|136/288|[from] Recoil\n|move|p1a: Donphan|Earthquake|p2a: Arcanine\n|-damage|p2a: Arcanine|48/288\n|\n|-heal|p1a: Donphan|171/288|[from] item: Leftovers\n|upkeep\n|turn|28\n|\n|t:|1726870633\n|switch|p1a: Mesprit|Mesprit, L85|176/275\n|move|p2a: Arcanine|Morning Sun|p2a: Arcanine\n|-heal|p2a: Arcanine|192/288\n|\n|upkeep\n|turn|29\n|inactive|rb2t l has 120 seconds left.\n|\n|t:|1726870649\n|switch|p2a: Hariyama|Hariyama, L87, F|264/392 brn\n|-damage|p2a: Hariyama|240/392 brn|[from] Stealth Rock\n|move|p1a: Mesprit|U-turn|p2a: Hariyama\n|-resisted|p2a: Hariyama\n|-damage|p2a: Hariyama|204/392 brn\n|inactive|RB2T paysa has 120 seconds left.\n|l| bodi 69\n|\n|t:|1726870680\n|switch|p1a: Arceus|Arceus-Bug, L73|185/295|[from] U-turn\n|\n|-damage|p2a: Hariyama|180/392 brn|[from] brn\n|upkeep\n|turn|30\n|inactive|RB2T paysa has 120 seconds left.\n|\n|t:|1726870692\n|switch|p2a: Arcanine|Arcanine, L84, M, tera:Fighting|192/288\n|-ability|p2a: Arcanine|Intimidate|boost\n|-unboost|p1a: Arceus|atk|1\n|move|p1a: Arceus|Recover|p1a: Arceus\n|-heal|p1a: Arceus|295/295\n|\n|upkeep\n|turn|31\n|inactive|RB2T paysa has 120 seconds left.\n|\n|t:|1726870709\n|move|p1a: Arceus|Judgment|p2a: Arcanine\n|-resisted|p2a: Arcanine\n|-damage|p2a: Arcanine|135/288\n|move|p2a: Arcanine|Flare Blitz|p1a: Arceus\n|-supereffective|p1a: Arceus\n|-damage|p1a: Arceus|31/295\n|-status|p1a: Arceus|brn\n|-damage|p2a: Arcanine|48/288|[from] Recoil\n|\n|-damage|p1a: Arceus|13/295 brn|[from] brn\n|upkeep\n|turn|32\n|\n|t:|1726870715\n|move|p1a: Arceus|Judgment|p2a: Arcanine\n|-resisted|p2a: Arcanine\n|-damage|p2a: Arcanine|0 fnt\n|faint|p2a: Arcanine\n|\n|-damage|p1a: Arceus|0 fnt|[from] brn\n|faint|p1a: Arceus\n|upkeep\n|inactive|RB2T paysa has 120 seconds left.\n|\n|t:|1726870733\n|switch|p1a: Donphan|Donphan, L84, M|171/288\n|switch|p2a: Morpeko|Morpeko, L88, F|105/245\n|turn|33\n|inactive|RB2T paysa has 120 seconds left.\n|\n|t:|1726870751\n|move|p2a: Morpeko|Parting Shot|p1a: Donphan\n|-unboost|p1a: Donphan|atk|1\n|-unboost|p1a: Donphan|spa|1\n|\n|t:|1726870755\n|switch|p2a: Hawlucha|Hawlucha, L80, F|162/256|[from] Parting Shot\n|-damage|p2a: Hawlucha|130/256|[from] Stealth Rock\n|move|p1a: Donphan|Knock Off|p2a: Hawlucha\n|-resisted|p2a: Hawlucha\n|-damage|p2a: Hawlucha|98/256\n|-enditem|p2a: Hawlucha|White Herb|[from] move: Knock Off|[of] p1a: Donphan\n|\n|-heal|p1a: Donphan|189/288|[from] item: Leftovers\n|upkeep\n|turn|34\n|\n|t:|1726870766\n|move|p2a: Hawlucha|Encore|p1a: Donphan\n|-start|p1a: Donphan|Encore\n|move|p1a: Donphan|Knock Off|p2a: Hawlucha\n|-resisted|p2a: Hawlucha\n|-damage|p2a: Hawlucha|77/256\n|\n|-heal|p1a: Donphan|207/288|[from] item: Leftovers\n|upkeep\n|turn|35\n|inactive|RB2T paysa has 120 seconds left.\n|j| RB2T Star Wheel\n|\n|t:|1726870803\n|switch|p1a: Mesprit|Mesprit, L85|176/275\n|move|p2a: Hawlucha|Swords Dance|p2a: Hawlucha\n|-boost|p2a: Hawlucha|atk|2\n|\n|upkeep\n|turn|36\n|inactive|RB2T paysa has 90 seconds left.\n|\n|t:|1726870833\n|switch|p1a: Terapagos|Terapagos, L76, F|262/262\n|-activate|p1a: Terapagos|ability: Tera Shift\n|detailschange|p1a: Terapagos|Terapagos-Terastal, L76, F\n|-heal|p1a: Terapagos|269/269|[silent]\n|move|p2a: Hawlucha|Brave Bird|p1a: Terapagos\n|-activate|p1a: Terapagos|ability: Tera Shell\n|-resisted|p1a: Terapagos\n|-damage|p1a: Terapagos|168/269\n|-damage|p2a: Hawlucha|44/256|[from] Recoil\n|\n|upkeep\n|turn|37\n|c|\u2606RB2T paysa|ah ffs\n|inactive|RB2T paysa has 90 seconds left.\n|c|\u2606RB2T paysa|i forgot the ability\n|\n|t:|1726870866\n|move|p2a: Hawlucha|Close Combat|p1a: Terapagos\n|-supereffective|p1a: Terapagos\n|-damage|p1a: Terapagos|0 fnt\n|-unboost|p2a: Hawlucha|def|1\n|-unboost|p2a: Hawlucha|spd|1\n|faint|p1a: Terapagos\n|\n|upkeep\n|\n|t:|1726870870\n|switch|p1a: Donphan|Donphan, L84, M|207/288\n|turn|38\n|\n|t:|1726870884\n|move|p2a: Hawlucha|Close Combat|p1a: Donphan\n|-crit|p1a: Donphan\n|-damage|p1a: Donphan|0 fnt\n|-unboost|p2a: Hawlucha|def|1\n|-unboost|p2a: Hawlucha|spd|1\n|faint|p1a: Donphan\n|\n|upkeep\n|inactive|RB2T paysa has 60 seconds left.\n|\n|t:|1726870914\n|switch|p1a: Kyurem|Kyurem-Black, L71|295/295\n|-ability|p1a: Kyurem|Teravolt\n|turn|39\n|\n|t:|1726870938\n|-terastallize|p1a: Kyurem|Electric\n|move|p2a: Hawlucha|Close Combat|p1a: Kyurem\n|-damage|p1a: Kyurem|61/295\n|-unboost|p2a: Hawlucha|def|1\n|-unboost|p2a: Hawlucha|spd|1\n|move|p1a: Kyurem|Scale Shot|p2a: Hawlucha\n|-damage|p2a: Hawlucha|0 fnt\n|faint|p2a: Hawlucha\n|-hitcount|p2: Hawlucha|1\n|-unboost|p1a: Kyurem|def|1\n|-boost|p1a: Kyurem|spe|1\n|\n|upkeep\n|\n|t:|1726870948\n|switch|p2a: Terapagos|Terapagos, L76, F|262/262\n|-activate|p2a: Terapagos|ability: Tera Shift\n|detailschange|p2a: Terapagos|Terapagos-Terastal, L76, F\n|-heal|p2a: Terapagos|269/269|[silent]\n|-damage|p2a: Terapagos|236/269|[from] Stealth Rock\n|turn|40\n|inactive|RB2T paysa has 60 seconds left.\n|\n|t:|1726870980\n|switch|p1a: Mesprit|Mesprit, L85|176/275\n|move|p2a: Terapagos|Tera Starstorm|p1a: Mesprit\n|-damage|p1a: Mesprit|107/275\n|\n|upkeep\n|turn|41\n|\n|t:|1726871001\n|move|p1a: Mesprit|Psychic Noise|p2a: Terapagos\n|-damage|p2a: Terapagos|155/269\n|-start|p2a: Terapagos|move: Heal Block\n|move|p2a: Terapagos|Tera Starstorm|p1a: Mesprit\n|-damage|p1a: Mesprit|41/275\n|\n|upkeep\n|turn|42\n|inactive|rb2t l has 120 seconds left.\n|\n|t:|1726871021\n|switch|p2a: Hariyama|Hariyama, L87, F|180/392 brn\n|-damage|p2a: Hariyama|156/392 brn|[from] Stealth Rock\n|move|p1a: Mesprit|Ice Beam|p2a: Hariyama\n|-damage|p2a: Hariyama|71/392 brn\n|\n|-damage|p2a: Hariyama|47/392 brn|[from] brn\n|upkeep\n|turn|43\n|inactive|RB2T paysa has 30 seconds left.\n|inactive|rb2t l has 120 seconds left.\n|\n|t:|1726871051\n|move|p1a: Mesprit|Knock Off|p2a: Hariyama\n|-resisted|p2a: Hariyama\n|-damage|p2a: Hariyama|0 fnt\n|-enditem|p2a: Hariyama|Flame Orb|[from] move: Knock Off|[of] p1a: Mesprit\n|faint|p2a: Hariyama\n|\n|upkeep\n|inactive|RB2T paysa has 30 seconds left this turn.\n|\n|t:|1726871054\n|switch|p2a: Morpeko|Morpeko, L88, F|105/245\n|turn|44\n|\n|t:|1726871058\n|move|p2a: Morpeko|Aura Wheel|p1a: Mesprit\n|-damage|p1a: Mesprit|0 fnt\n|-boost|p2a: Morpeko|spe|1\n|faint|p1a: Mesprit\n|\n|-formechange|p2a: Morpeko|Morpeko-Hangry||[from] ability: Hunger Switch\n|upkeep\n|\n|t:|1726871060\n|switch|p1a: Kyurem|Kyurem-Black, L71, tera:Electric|61/295\n|-ability|p1a: Kyurem|Teravolt\n|turn|45\n|c|\u2606RB2T paysa|gg\n|\n|t:|1726871068\n|move|p2a: Morpeko|Aura Wheel|p1a: Kyurem\n|-damage|p1a: Kyurem|0 fnt\n|-boost|p2a: Morpeko|spe|1\n|faint|p1a: Kyurem\n|\n|win|rb2t l\n|raw|RB2T paysa's rating: 2398 &rarr; <strong>2376</strong><br />(-22 for losing)\n|raw|rb2t l's rating: 2358 &rarr; <strong>2380</strong><br />(+22 for winning)\n|c|\u2606rb2t l|gg\n|l| PKV Pokevin\n", "inputlog": ">version ddf5848a381b6afa3b8db755b9bdef59b522c4eb\n>start {\"formatid\":\"gen9randombattle\",\"seed\":[21142,49407,44649,18238],\"rated\":\"Rated battle\"}\n>player p1 {\"name\":\"RB2T paysa\",\"avatar\":\"viola-masters\",\"rating\":2381,\"seed\":[3808,55154,7050,43736]}\n>player p2 {\"name\":\"rb2t l\",\"avatar\":\"2\",\"rating\":2358,\"seed\":[59697,2204,52325,24877]}\n>p1 move armorcannon\n>p2 switch 5\n>p1 move armorcannon\n>p2 move morningsun\n>p1 switch 6\n>p2 move morningsun\n>p1 switch 6\n>p2 switch 3\n>p1 switch 2\n>p2 move flipturn\n>p2 switch 2\n>p1 move judgment\n>p2 move facade\n>p1 move recover\n>p2 switch 5\n>p1 switch 5\n>p2 move bravebird\n>p1 move uturn\n>p2 switch 4\n>p1 switch 6\n>p1 move stealthrock\n>p2 move partingshot\n>p2 switch 2\n>p1 switch 5\n>p2 move hydropump\n>p1 move judgment\n>p2 switch 3\n>p1 switch 2\n>p2 move flareblitz\n>p1 move focusblast\n>p2 move morningsun\n>p1 move focusblast\n>p2 move morningsun\n>p1 move focusblast\n>p2 move flareblitz\n>p1 switch 2\n>p2 move morningsun\n>p1 switch 2\n>p2 move flareblitz\n>p1 move armorcannon\n>p2 move morningsun\n>p1 move armorcannon\n>p2 move flareblitz\n>p1 switch 5\n>p1 move earthquake\n>p2 switch 3\n>p1 switch 2\n>p2 move hydropump\n>p1 move recover\n>p2 switch 4\n>p1 switch 2\n>p2 move bravebird\n>p1 move icespinner\n>p2 switch 3\n>p1 move earthquake\n>p2 move morningsun terastallize\n>p1 move earthquake\n>p2 move flareblitz\n>p1 switch 6\n>p2 move morningsun\n>p1 move uturn\n>p2 switch 5\n>p1 switch 2\n>p1 move recover\n>p2 switch 5\n>p1 move judgment\n>p2 move flareblitz\n>p1 move judgment\n>p2 move flareblitz\n>p1 switch 6\n>p2 switch 2\n>p1 move knockoff\n>p2 move partingshot\n>p2 switch 3\n>p1 move icespinner\n>p2 move encore\n>p1 switch 2\n>p2 move swordsdance\n>p1 switch 3\n>p2 move bravebird\n>chat \u2606RB2T paysa|ah ffs\n>chat \u2606RB2T paysa|i forgot the ability\n>p1 move terastarstorm\n>p2 move closecombat\n>p1 switch 2\n>p1 move icespinner\n>p2 move closecombat\n>p1 switch 4\n>p1 move scaleshot terastallize\n>p2 move closecombat\n>p2 switch 6\n>p1 switch 3\n>p2 move terastarstorm\n>p1 move psychicnoise\n>p2 move terastarstorm\n>p1 move icebeam\n>p2 switch 5\n>p1 move knockoff\n>p2 move headlongrush\n>p2 switch 3\n>p1 move uturn\n>p2 move aurawheel\n>p1 switch 3\n>chat \u2606RB2T paysa|gg\n>p1 move iciclespear\n>p2 move aurawheel", "uploadtime": 1726871075, "views": 85, "formatid": "gen9randombattle", "rating": 2376, "private": 0, "password": null}