{"id": "gen9randombattle-2260856609", "format": "[Gen 9] Random Battle", "players": ["Brxne", "maciejjjj"], "log": "|j|\u2606Brxne\n|j|\u2606maciejjjj\n|t:|1733905231\n|gametype|singles\n|player|p1|Brxne|101|1481\n|player|p2|maciejjjj|2|1532\n|teamsize|p1|6\n|teamsize|p2|6\n|gen|9\n|tier|[Gen 9] Random Battle\n|rated|\n|rule|Species Clause: Limit one of each Pok\u00e9mon\n|rule|HP Percentage Mod: HP is shown in percentages\n|rule|Sleep Clause Mod: Limit one foe put to sleep\n|rule|Illusion Level Mod: Illusion disguises the Pok\u00e9mon's true level\n|\n|t:|1733905231\n|start\n|switch|p1a: Sneasler|Sneasler, L74, M|240/240\n|switch|p2a: Toedscruel|Toedscruel, L87, F|281/281\n|turn|1\n|inactive|Battle timer is ON: inactive players will automatically lose when time's up. (requested by maciejjjj)\n|\n|t:|1733905248\n|switch|p2a: Dondozo|Dondozo, L78, F|362/362\n|move|p1a: Sneasler|Swords Dance|p1a: Sneasler\n|-boost|p1a: Sneasler|atk|2\n|\n|upkeep\n|turn|2\n|\n|t:|1733905255\n|move|p1a: Sneasler|Close Combat|p2a: Dondozo\n|-damage|p2a: Dondozo|256/362\n|-unboost|p1a: Sneasler|def|1\n|-unboost|p1a: Sneasler|spd|1\n|-enditem|p1a: Sneasler|White Herb\n|-clearnegativeboost|p1a: Sneasler|[silent]\n|move|p2a: Dondozo|Curse|p2a: Dondozo\n|-unboost|p2a: Dondozo|spe|1\n|-boost|p2a: Dondozo|atk|1\n|-boost|p2a: Dondozo|def|1\n|\n|-heal|p2a: Dondozo|278/362|[from] item: Leftovers\n|upkeep\n|turn|3\n|\n|t:|1733905267\n|move|p1a: Sneasler|Swords Dance|p1a: Sneasler\n|-boost|p1a: Sneasler|atk|2\n|move|p2a: Dondozo|Curse|p2a: Dondozo\n|-unboost|p2a: Dondozo|spe|1\n|-boost|p2a: Dondozo|atk|1\n|-boost|p2a: Dondozo|def|1\n|\n|-heal|p2a: Dondozo|300/362|[from] item: Leftovers\n|upkeep\n|turn|4\n|\n|t:|1733905273\n|move|p1a: Sneasler|Gunk Shot|p2a: Dondozo\n|-damage|p2a: Dondozo|242/362\n|move|p2a: Dondozo|Curse|p2a: Dondozo\n|-unboost|p2a: Dondozo|spe|1\n|-boost|p2a: Dondozo|atk|1\n|-boost|p2a: Dondozo|def|1\n|\n|-heal|p2a: Dondozo|264/362|[from] item: Leftovers\n|upkeep\n|turn|5\n|\n|t:|1733905300\n|move|p1a: Sneasler|Swords Dance|p1a: Sneasler\n|-boost|p1a: Sneasler|atk|2\n|move|p2a: Dondozo|Wave Crash|p1a: Sneasler\n|-damage|p1a: Sneasler|0 fnt\n|faint|p1a: Sneasler\n|-damage|p2a: Dondozo|185/362|[from] Recoil\n|\n|-heal|p2a: Dondozo|207/362|[from] item: Leftovers\n|upkeep\n|\n|t:|1733905305\n|switch|p1a: Flapple|Flapple, L88, M|266/266\n|turn|6\n|c|\u2606maciejjjj|yo, check out ! dt unaware\n|c|\u2606maciejjjj|without spaces\n|inactive|maciejjjj has 120 seconds left.\n|\n|t:|1733905343\n|-terastallize|p2a: Dondozo|Fairy\n|move|p1a: Flapple|Dragon Dance|p1a: Flapple\n|-boost|p1a: Flapple|atk|1\n|-boost|p1a: Flapple|spe|1\n|move|p2a: Dondozo|Wave Crash|p1a: Flapple\n|-resisted|p1a: Flapple\n|-damage|p1a: Flapple|197/266\n|-damage|p2a: Dondozo|184/362|[from] Recoil\n|\n|-heal|p2a: Dondozo|206/362|[from] item: Leftovers\n|upkeep\n|turn|7\n|inactive|maciejjjj has 120 seconds left.\n|\n|t:|1733905356\n|move|p1a: Flapple|Grav Apple|p2a: Dondozo\n|-damage|p2a: Dondozo|151/362\n|-unboost|p2a: Dondozo|def|1\n|move|p2a: Dondozo|Rest|p2a: Dondozo\n|-status|p2a: Dondozo|slp|[from] move: Rest\n|-heal|p2a: Dondozo|362/362 slp|[silent]\n|\n|upkeep\n|turn|8\n|\n|t:|1733905364\n|move|p1a: Flapple|Dragon Dance|p1a: Flapple\n|-boost|p1a: Flapple|atk|1\n|-boost|p1a: Flapple|spe|1\n|cant|p2a: Dondozo|slp\n|move|p2a: Dondozo|Sleep Talk|p2a: Dondozo\n|move|p2a: Dondozo|Wave Crash|p1a: Flapple|[from]move: Sleep Talk\n|-resisted|p1a: Flapple\n|-damage|p1a: Flapple|128/266\n|-damage|p2a: Dondozo|339/362 slp|[from] Recoil\n|\n|-heal|p2a: Dondozo|361/362 slp|[from] item: Leftovers\n|upkeep\n|turn|9\n|\n|t:|1733905373\n|move|p1a: Flapple|Dragon Dance|p1a: Flapple\n|-boost|p1a: Flapple|atk|1\n|-boost|p1a: Flapple|spe|1\n|cant|p2a: Dondozo|slp\n|move|p2a: Dondozo|Sleep Talk|p2a: Dondozo\n|move|p2a: Dondozo|Rest||[from]move: Sleep Talk|[still]\n|-fail|p2a: Dondozo\n|\n|-heal|p2a: Dondozo|362/362 slp|[from] item: Leftovers\n|upkeep\n|turn|10\n|\n|t:|1733905382\n|move|p1a: Flapple|Grav Apple|p2a: Dondozo\n|-damage|p2a: Dondozo|298/362 slp\n|-unboost|p2a: Dondozo|def|1\n|-curestatus|p2a: Dondozo|slp|[msg]\n|move|p2a: Dondozo|Wave Crash|p1a: Flapple\n|-resisted|p1a: Flapple\n|-damage|p1a: Flapple|52/266\n|-damage|p2a: Dondozo|273/362|[from] Recoil\n|\n|-heal|p2a: Dondozo|295/362|[from] item: Leftovers\n|upkeep\n|turn|11\n|\n|t:|1733905390\n|move|p1a: Flapple|Grav Apple|p2a: Dondozo\n|-damage|p2a: Dondozo|211/362\n|-unboost|p2a: Dondozo|def|1\n|move|p2a: Dondozo|Wave Crash|p1a: Flapple\n|-resisted|p1a: Flapple\n|-damage|p1a: Flapple|0 fnt\n|faint|p1a: Flapple\n|-damage|p2a: Dondozo|194/362|[from] Recoil\n|\n|-heal|p2a: Dondozo|216/362|[from] item: Leftovers\n|upkeep\n|-message|Brxne forfeited.\n|\n|win|maciejjjj\n|raw|Brxne's rating: 1481 &rarr; <strong>1464</strong><br />(-17 for losing)\n|raw|maciejjjj's rating: 1532 &rarr; <strong>1549</strong><br />(+17 for winning)\n|l|\u2606Brxne\n|player|p1|\n", "inputlog": ">version bfd83cad13791eb5a5a409923076391caf6fb4d4\n>start {\"formatid\":\"gen9randombattle\",\"seed\":[46763,32958,61845,8658],\"rated\":\"Rated battle\"}\n>player p1 {\"name\":\"Brxne\",\"avatar\":\"101\",\"rating\":1481,\"seed\":[35834,14247,1234,10988]}\n>player p2 {\"name\":\"maciejjjj\",\"avatar\":\"2\",\"rating\":1532,\"seed\":[47978,60616,22966,4137]}\n>p1 move swordsdance\n>p2 switch 6\n>p1 move closecombat\n>p2 move curse\n>p1 move swordsdance\n>p2 move curse\n>p1 move gunkshot\n>p2 move curse\n>p1 move swordsdance\n>p2 move wavecrash\n>p1 switch 4\n>chat \u2606maciejjjj|yo, check out ! dt unaware\n>chat \u2606maciejjjj|without spaces \n>p1 move dragondance\n>p2 move wavecrash terastallize\n>p1 move gravapple\n>p2 move rest\n>p1 move dragondance\n>p2 move sleeptalk\n>p1 move dragondance\n>p2 move sleeptalk\n>p1 move gravapple\n>p2 move wavecrash\n>p1 move gravapple\n>p2 move wavecrash\n>forcelose p1", "uploadtime": 1733905414, "views": 9, "formatid": "gen9randombattle", "rating": 1464, "private": 0, "password": null}