{"id": "gen9randombattle-2260884624", "format": "[Gen 9] Random Battle", "players": ["tza803", "Andybrick95"], "log": "|j|\u2606tza803\n|j|\u2606Andybrick95\n|t:|1733910598\n|gametype|singles\n|player|p1|tza803|2|1418\n|player|p2|Andybrick95|gambler|1419\n|teamsize|p1|6\n|teamsize|p2|6\n|gen|9\n|tier|[Gen 9] Random Battle\n|rated|\n|rule|Species Clause: Limit one of each Pok\u00e9mon\n|rule|HP Percentage Mod: HP is shown in percentages\n|rule|Sleep Clause Mod: Limit one foe put to sleep\n|rule|Illusion Level Mod: Illusion disguises the Pok\u00e9mon's true level\n|\n|t:|1733910598\n|start\n|switch|p1a: Glalie|Glalie, L96, M|309/309\n|switch|p2a: Banette|Banette, L93, F|270/270\n|turn|1\n|inactive|Battle timer is ON: inactive players will automatically lose when time's up. (requested by tza803)\n|c|\u2606Andybrick95|glhf\n|\n|t:|1733910616\n|move|p1a: Glalie|Taunt|p2a: Banette\n|-start|p2a: Banette|move: Taunt\n|cant|p2a: Banette|move: Taunt|Swords Dance\n|\n|upkeep\n|turn|2\n|\n|t:|1733910626\n|move|p1a: Glalie|Freeze-Dry|p2a: Banette\n|-damage|p2a: Banette|173/270\n|-start|p1a: Glalie|Disable|Freeze-Dry|[from] ability: Cursed Body|[of] p2a: Banette\n|move|p2a: Banette|Gunk Shot|p1a: Glalie|[miss]\n|-miss|p2a: Banette|p1a: Glalie\n|\n|upkeep\n|turn|3\n|\n|t:|1733910642\n|move|p1a: Glalie|Spikes|p2a: Banette\n|-sidestart|p2: Andybrick95|Spikes\n|move|p2a: Banette|Gunk Shot|p1a: Glalie\n|-damage|p1a: Glalie|150/309\n|-status|p1a: Glalie|psn\n|-damage|p2a: Banette|146/270|[from] item: Life Orb\n|\n|-damage|p1a: Glalie|112/309 psn|[from] psn\n|-end|p2a: Banette|move: Taunt\n|upkeep\n|turn|4\n|\n|t:|1733910652\n|move|p1a: Glalie|Earthquake|p2a: Banette\n|-damage|p2a: Banette|59/270\n|move|p2a: Banette|Swords Dance|p2a: Banette\n|-boost|p2a: Banette|atk|2\n|\n|-damage|p1a: Glalie|74/309 psn|[from] psn\n|upkeep\n|turn|5\n|\n|t:|1733910655\n|move|p2a: Banette|Shadow Sneak|p1a: Glalie\n|-damage|p1a: Glalie|0 fnt\n|faint|p1a: Glalie\n|-damage|p2a: Banette|32/270|[from] item: Life Orb\n|\n|upkeep\n|\n|t:|1733910665\n|switch|p1a: Grafaiai|Grafaiai, L86, F|249/249\n|turn|6\n|\n|t:|1733910673\n|move|p1a: Grafaiai|Swords Dance|p1a: Grafaiai\n|-boost|p1a: Grafaiai|atk|2\n|move|p2a: Banette|Poltergeist|p1a: Grafaiai\n|-immune|p1a: Grafaiai\n|\n|upkeep\n|turn|7\n|\n|t:|1733910681\n|move|p1a: Grafaiai|Knock Off|p2a: Banette\n|-supereffective|p2a: Banette\n|-damage|p2a: Banette|0 fnt\n|-enditem|p2a: Banette|Life Orb|[from] move: Knock Off|[of] p1a: Grafaiai\n|faint|p2a: Banette\n|-damage|p1a: Grafaiai|225/249|[from] item: Life Orb\n|\n|upkeep\n|c|\u2606Andybrick95|oh right lol\n|\n|t:|1733910691\n|switch|p2a: Mabosstiff|Mabosstiff, L86, F|278/278\n|-damage|p2a: Mabosstiff|244/278|[from] Spikes\n|turn|8\n|\n|t:|1733910702\n|move|p2a: Mabosstiff|Psychic Fangs|p1a: Grafaiai\n|-supereffective|p1a: Grafaiai\n|-damage|p1a: Grafaiai|47/249\n|move|p1a: Grafaiai|Low Kick|p2a: Mabosstiff\n|-supereffective|p2a: Mabosstiff\n|-damage|p2a: Mabosstiff|0 fnt\n|faint|p2a: Mabosstiff\n|-damage|p1a: Grafaiai|23/249|[from] item: Life Orb\n|\n|upkeep\n|\n|t:|1733910716\n|switch|p2a: Cinccino|Cinccino, L83, F|260/260\n|-damage|p2a: Cinccino|228/260|[from] Spikes\n|turn|9\n|\n|t:|1733910724\n|move|p2a: Cinccino|Tail Slap|p1a: Grafaiai\n|-damage|p1a: Grafaiai|0 fnt\n|faint|p1a: Grafaiai\n|-hitcount|p1: Grafaiai|1\n|\n|upkeep\n|\n|t:|1733910739\n|switch|p1a: Drifblim|Drifblim, L86, M|396/396\n|turn|10\n|\n|t:|1733910745\n|move|p2a: Cinccino|Triple Axel|p1a: Drifblim|[miss]\n|-miss|p2a: Cinccino|p1a: Drifblim\n|move|p1a: Drifblim|Calm Mind|p1a: Drifblim\n|-boost|p1a: Drifblim|spa|1\n|-boost|p1a: Drifblim|spd|1\n|\n|upkeep\n|turn|11\n|\n|t:|1733910750\n|-terastallize|p1a: Drifblim|Ghost\n|move|p2a: Cinccino|Triple Axel|p1a: Drifblim\n|-damage|p1a: Drifblim|366/396\n|-damage|p1a: Drifblim|305/396\n|-damage|p1a: Drifblim|208/396\n|-hitcount|p1a: Drifblim|3\n|move|p1a: Drifblim|Calm Mind|p1a: Drifblim\n|-boost|p1a: Drifblim|spa|1\n|-boost|p1a: Drifblim|spd|1\n|\n|upkeep\n|turn|12\n|\n|t:|1733910762\n|switch|p2a: Chansey|Chansey, L85, F|564/564\n|-damage|p2a: Chansey|494/564|[from] Spikes\n|move|p1a: Drifblim|Strength Sap|p2a: Chansey\n|-unboost|p2a: Chansey|atk|1\n|-heal|p1a: Drifblim|221/396\n|\n|upkeep\n|turn|13\n|\n|t:|1733910775\n|move|p1a: Drifblim|Air Slash|p2a: Chansey\n|-damage|p2a: Chansey|406/564\n|move|p2a: Chansey|Stealth Rock|p1a: Drifblim\n|-sidestart|p1: tza803|move: Stealth Rock\n|\n|upkeep\n|turn|14\n|\n|t:|1733910779\n|move|p1a: Drifblim|Air Slash|p2a: Chansey\n|-damage|p2a: Chansey|313/564\n|move|p2a: Chansey|Thunder Wave|p1a: Drifblim\n|-status|p1a: Drifblim|par\n|\n|upkeep\n|turn|15\n|\n|t:|1733910788\n|switch|p2a: Skuntank|Skuntank, L84, M|310/310\n|-damage|p2a: Skuntank|272/310|[from] Spikes\n|move|p1a: Drifblim|Air Slash|p2a: Skuntank|[miss]\n|-miss|p1a: Drifblim|p2a: Skuntank\n|\n|-heal|p2a: Skuntank|291/310|[from] item: Leftovers\n|upkeep\n|turn|16\n|\n|t:|1733910800\n|move|p2a: Skuntank|Knock Off|p1a: Drifblim\n|-supereffective|p1a: Drifblim\n|-damage|p1a: Drifblim|0 fnt\n|-enditem|p1a: Drifblim|Sitrus Berry|[from] move: Knock Off|[of] p2a: Skuntank\n|faint|p1a: Drifblim\n|\n|-heal|p2a: Skuntank|310/310|[from] item: Leftovers\n|upkeep\n|\n|t:|1733910808\n|switch|p1a: Volcanion|Volcanion, L79|255/255\n|-damage|p1a: Volcanion|192/255|[from] Stealth Rock\n|turn|17\n|\n|t:|1733910817\n|move|p2a: Skuntank|Knock Off|p1a: Volcanion\n|-damage|p1a: Volcanion|113/255\n|-enditem|p1a: Volcanion|Choice Specs|[from] move: Knock Off|[of] p2a: Skuntank\n|move|p1a: Volcanion|Earth Power|p2a: Skuntank\n|-supereffective|p2a: Skuntank\n|-damage|p2a: Skuntank|140/310\n|\n|-heal|p2a: Skuntank|159/310|[from] item: Leftovers\n|upkeep\n|turn|18\n|\n|t:|1733910836\n|switch|p2a: Chansey|Chansey, L85, F|313/564\n|-damage|p2a: Chansey|243/564|[from] Spikes\n|switch|p1a: Mabosstiff|Mabosstiff, L86, M|278/278\n|-damage|p1a: Mabosstiff|244/278|[from] Stealth Rock\n|\n|upkeep\n|turn|19\n|\n|t:|1733910843\n|switch|p2a: Skuntank|Skuntank, L84, M|159/310\n|-damage|p2a: Skuntank|121/310|[from] Spikes\n|move|p1a: Mabosstiff|Crunch|p2a: Skuntank\n|-resisted|p2a: Skuntank\n|-damage|p2a: Skuntank|0 fnt\n|-damage|p1a: Mabosstiff|175/278|[from] ability: Aftermath|[of] p2a: Skuntank\n|faint|p2a: Skuntank\n|\n|upkeep\n|\n|t:|1733910852\n|switch|p2a: Dragalge|Dragalge, L88, F|258/258\n|-damage|p2a: Dragalge|226/258|[from] Spikes\n|turn|20\n|\n|t:|1733910869\n|move|p1a: Mabosstiff|Crunch|p2a: Dragalge\n|-damage|p2a: Dragalge|91/258\n|move|p2a: Dragalge|Sludge Wave|p1a: Mabosstiff\n|-damage|p1a: Mabosstiff|0 fnt\n|faint|p1a: Mabosstiff\n|\n|upkeep\n|\n|t:|1733910878\n|switch|p1a: Ampharos|Ampharos, L88, M|302/302\n|-damage|p1a: Ampharos|265/302|[from] Stealth Rock\n|turn|21\n|\n|t:|1733910886\n|move|p1a: Ampharos|Thunderbolt|p2a: Dragalge\n|-resisted|p2a: Dragalge\n|-damage|p2a: Dragalge|30/258\n|-damage|p1a: Ampharos|235/302|[from] item: Life Orb\n|move|p2a: Dragalge|Sludge Wave|p1a: Ampharos\n|-damage|p1a: Ampharos|17/302\n|\n|upkeep\n|turn|22\n|\n|t:|1733910890\n|move|p1a: Ampharos|Thunderbolt|p2a: Dragalge\n|-resisted|p2a: Dragalge\n|-damage|p2a: Dragalge|0 fnt\n|faint|p2a: Dragalge\n|-damage|p1a: Ampharos|0 fnt|[from] item: Life Orb\n|faint|p1a: Ampharos\n|\n|upkeep\n|\n|t:|1733910895\n|switch|p1a: Volcanion|Volcanion, L79|113/255\n|switch|p2a: Chansey|Chansey, L85, F|243/564\n|-damage|p1a: Volcanion|50/255|[from] Stealth Rock\n|-damage|p2a: Chansey|173/564|[from] Spikes\n|turn|23\n|\n|t:|1733910904\n|move|p1a: Volcanion|Steam Eruption|p2a: Chansey\n|-damage|p2a: Chansey|92/564\n|move|p2a: Chansey|Seismic Toss|p1a: Volcanion\n|-damage|p1a: Volcanion|0 fnt\n|faint|p1a: Volcanion\n|\n|win|Andybrick95\n|raw|tza803's rating: 1418 &rarr; <strong>1398</strong><br />(-20 for losing)\n|raw|Andybrick95's rating: 1419 &rarr; <strong>1439</strong><br />(+20 for winning)\n", "inputlog": ">version bfd83cad13791eb5a5a409923076391caf6fb4d4\n>start {\"formatid\":\"gen9randombattle\",\"seed\":[63233,2738,24003,6340],\"rated\":\"Rated battle\"}\n>player p1 {\"name\":\"tza803\",\"avatar\":\"2\",\"rating\":1418,\"seed\":[41756,39709,30205,44382]}\n>player p2 {\"name\":\"Andybrick95\",\"avatar\":\"gambler\",\"rating\":1419,\"seed\":[59434,49488,37202,53767]}\n>chat \u2606Andybrick95|glhf\n>p1 move taunt\n>p2 move swordsdance\n>p1 move freezedry\n>p2 move gunkshot\n>p1 move spikes\n>p2 move gunkshot\n>p1 move earthquake\n>p2 move swordsdance\n>p1 move earthquake\n>p2 move shadowsneak\n>p1 switch 3\n>p1 move swordsdance\n>p2 move poltergeist\n>p1 move knockoff\n>p2 move gunkshot\n>chat \u2606Andybrick95|oh right lol\n>p2 switch 5\n>p1 move lowkick\n>p2 move psychicfangs\n>p2 switch 6\n>p1 move gunkshot\n>p2 move tailslap\n>p1 switch 4\n>p1 move calmmind\n>p2 move tripleaxel\n>p1 move calmmind terastallize\n>p2 move tripleaxel\n>p1 move strengthsap\n>p2 switch 3\n>p1 move airslash\n>p2 move stealthrock\n>p1 move airslash\n>p2 move thunderwave\n>p1 move airslash\n>p2 switch 2\n>p1 move strengthsap\n>p2 move knockoff\n>p1 switch 2\n>p1 move earthpower\n>p2 move knockoff\n>p1 switch 6\n>p2 switch 2\n>p1 move crunch\n>p2 switch 2\n>p2 switch 4\n>p1 move crunch\n>p2 move sludgewave\n>p1 switch 5\n>p1 move thunderbolt\n>p2 move sludgewave\n>p1 move thunderbolt\n>p2 move sludgewave\n>p1 switch 6\n>p2 switch 2\n>p1 move steameruption\n>p2 move seismictoss", "uploadtime": 1733910907, "views": 2, "formatid": "gen9randombattle", "rating": 1398, "private": 0, "password": null}