{"id": "gen9randombattle-2259937312", "format": "[Gen 9] Random Battle", "players": ["RNG = LOSE", "my2ndtimeplaying"], "log": "|j|\u2606RNG = LOSE\n|j|\u2606my2ndtimeplaying\n|t:|1733781928\n|gametype|singles\n|player|p1|RNG = LOSE|az|1703\n|player|p2|my2ndtimeplaying|ninjaboy|1682\n|teamsize|p1|6\n|teamsize|p2|6\n|gen|9\n|tier|[Gen 9] Random Battle\n|rated|\n|rule|Species Clause: Limit one of each Pok\u00e9mon\n|rule|HP Percentage Mod: HP is shown in percentages\n|rule|Sleep Clause Mod: Limit one foe put to sleep\n|rule|Illusion Level Mod: Illusion disguises the Pok\u00e9mon's true level\n|\n|t:|1733781928\n|start\n|switch|p1a: Iron Valiant|Iron Valiant, L78|244/244\n|switch|p2a: Bellossom|Bellossom, L84, F|263/263\n|turn|1\n|inactive|Battle timer is ON: inactive players will automatically lose when time's up. (requested by RNG = LOSE)\n|\n|t:|1733781946\n|-end|p1a: Iron Valiant|Quark Drive|[silent]\n|switch|p1a: Grafaiai|Grafaiai, L86, M|249/249\n|move|p2a: Bellossom|Quiver Dance|p2a: Bellossom\n|-boost|p2a: Bellossom|spa|1\n|-boost|p2a: Bellossom|spd|1\n|-boost|p2a: Bellossom|spe|1\n|\n|upkeep\n|turn|2\n|\n|t:|1733781970\n|move|p1a: Grafaiai|Gunk Shot|p2a: Bellossom\n|-supereffective|p2a: Bellossom\n|-damage|p2a: Bellossom|0 fnt\n|faint|p2a: Bellossom\n|-damage|p1a: Grafaiai|225/249|[from] item: Life Orb\n|\n|upkeep\n|inactive|my2ndtimeplaying has 120 seconds left.\n|\n|t:|1733782008\n|switch|p2a: Cinderace|Cinderace, L77, M|249/249\n|turn|3\n|\n|t:|1733782017\n|switch|p1a: Archaludon|Archaludon, L78, M|268/268\n|move|p2a: Cinderace|U-turn|p1a: Archaludon\n|-start|p2a: Cinderace|typechange|Bug|[from] ability: Libero\n|-resisted|p1a: Archaludon\n|-damage|p1a: Archaludon|225/268\n|-ability|p1a: Archaludon|Stamina|boost\n|-boost|p1a: Archaludon|def|1\n|\n|t:|1733782030\n|switch|p2a: Iron Valiant|Iron Valiant, L78|244/244|[from] U-turn\n|\n|-heal|p1a: Archaludon|241/268|[from] item: Leftovers\n|upkeep\n|turn|4\n|\n|t:|1733782039\n|move|p2a: Iron Valiant|Swords Dance|p2a: Iron Valiant\n|-boost|p2a: Iron Valiant|atk|2\n|move|p1a: Archaludon|Thunder Wave|p2a: Iron Valiant\n|-status|p2a: Iron Valiant|par\n|\n|-heal|p1a: Archaludon|257/268|[from] item: Leftovers\n|upkeep\n|turn|5\n|\n|t:|1733782049\n|move|p1a: Archaludon|Flash Cannon|p2a: Iron Valiant\n|-supereffective|p2a: Iron Valiant\n|-damage|p2a: Iron Valiant|0 fnt\n|faint|p2a: Iron Valiant\n|-end|p2a: Iron Valiant|Quark Drive|[silent]\n|\n|-heal|p1a: Archaludon|268/268|[from] item: Leftovers\n|upkeep\n|\n|t:|1733782063\n|switch|p2a: Toedscruel|Toedscruel, L87, M|281/281\n|turn|6\n|\n|t:|1733782069\n|move|p1a: Archaludon|Body Press|p2a: Toedscruel\n|-damage|p2a: Toedscruel|170/281\n|move|p2a: Toedscruel|Spore|p1a: Archaludon\n|-status|p1a: Archaludon|slp|[from] move: Spore\n|\n|-heal|p2a: Toedscruel|187/281|[from] item: Leftovers\n|upkeep\n|turn|7\n|inactive|my2ndtimeplaying has 120 seconds left.\n|\n|t:|1733782078\n|switch|p1a: Porygon2|Porygon2, L82|274/274\n|-ability|p1a: Porygon2|Download|boost\n|-boost|p1a: Porygon2|atk|1\n|move|p2a: Toedscruel|Earth Power|p1a: Porygon2\n|-damage|p1a: Porygon2|216/274\n|\n|-heal|p2a: Toedscruel|204/281|[from] item: Leftovers\n|upkeep\n|turn|8\n|inactive|my2ndtimeplaying has 120 seconds left.\n|\n|t:|1733782092\n|move|p2a: Toedscruel|Giga Drain|p1a: Porygon2\n|-damage|p1a: Porygon2|167/274\n|-heal|p2a: Toedscruel|229/281|[from] drain|[of] p1a: Porygon2\n|move|p1a: Porygon2|Ice Beam|p2a: Toedscruel\n|-supereffective|p2a: Toedscruel\n|-damage|p2a: Toedscruel|37/281\n|\n|-heal|p2a: Toedscruel|54/281|[from] item: Leftovers\n|upkeep\n|turn|9\n|inactive|my2ndtimeplaying has 120 seconds left.\n|\n|t:|1733782108\n|switch|p2a: Cinderace|Cinderace, L77, M|249/249\n|move|p1a: Porygon2|Recover|p1a: Porygon2\n|-heal|p1a: Porygon2|274/274\n|\n|upkeep\n|turn|10\n|inactive|my2ndtimeplaying has 120 seconds left.\n|\n|t:|1733782119\n|-terastallize|p1a: Porygon2|Ghost\n|move|p2a: Cinderace|High Jump Kick|p1a: Porygon2\n|-start|p2a: Cinderace|typechange|Fighting|[from] ability: Libero\n|-immune|p1a: Porygon2\n|-damage|p2a: Cinderace|125/249|[from] highjumpkick\n|move|p1a: Porygon2|Tri Attack|p2a: Cinderace\n|-damage|p2a: Cinderace|28/249\n|\n|upkeep\n|turn|11\n|inactive|my2ndtimeplaying has 120 seconds left.\n|c|\u2606my2ndtimeplaying|Ugh. Im predictable\n|c|\u2606RNG = LOSE|Yes\n|c|\u2606RNG = LOSE|But that\u2019s how you get better\n|inactive|RNG = LOSE has 120 seconds left.\n|\n|t:|1733782154\n|switch|p2a: Mimikyu|Mimikyu, L79, M|216/216\n|move|p1a: Porygon2|Tri Attack|p2a: Mimikyu\n|-immune|p2a: Mimikyu\n|\n|upkeep\n|turn|12\n|inactive|RNG = LOSE has 120 seconds left.\n|\n|t:|1733782166\n|switch|p1a: Grafaiai|Grafaiai, L86, M|225/249\n|move|p2a: Mimikyu|Swords Dance|p2a: Mimikyu\n|-boost|p2a: Mimikyu|atk|2\n|\n|upkeep\n|turn|13\n|\n|t:|1733782176\n|move|p1a: Grafaiai|Gunk Shot|p2a: Mimikyu\n|-activate|p2a: Mimikyu|ability: Disguise\n|-damage|p2a: Mimikyu|216/216\n|detailschange|p2a: Mimikyu|Mimikyu-Busted, L79, M\n|-damage|p2a: Mimikyu|189/216|[from] pokemon: Mimikyu-Busted\n|-damage|p1a: Grafaiai|201/249|[from] item: Life Orb\n|move|p2a: Mimikyu|Play Rough|p1a: Grafaiai\n|-resisted|p1a: Grafaiai\n|-damage|p1a: Grafaiai|71/249\n|-damage|p2a: Mimikyu|168/216|[from] item: Life Orb\n|\n|upkeep\n|turn|14\n|inactive|my2ndtimeplaying has 120 seconds left.\n|\n|t:|1733782195\n|move|p1a: Grafaiai|Gunk Shot|p2a: Mimikyu\n|-damage|p2a: Mimikyu|0 fnt\n|faint|p2a: Mimikyu\n|-damage|p1a: Grafaiai|47/249|[from] item: Life Orb\n|\n|upkeep\n|-message|my2ndtimeplaying forfeited.\n|\n|win|RNG = LOSE\n|raw|RNG = LOSE's rating: 1703 &rarr; <strong>1722</strong><br />(+19 for winning)\n|raw|my2ndtimeplaying's rating: 1682 &rarr; <strong>1663</strong><br />(-19 for losing)\n|l|\u2606my2ndtimeplaying\n|player|p2|\n", "inputlog": ">version bfd83cad13791eb5a5a409923076391caf6fb4d4\n>start {\"formatid\":\"gen9randombattle\",\"seed\":[4072,11565,1947,57343],\"rated\":\"Rated battle\"}\n>player p1 {\"name\":\"RNG = LOSE\",\"avatar\":\"az\",\"rating\":1703,\"seed\":[16321,14399,59072,48094]}\n>player p2 {\"name\":\"my2ndtimeplaying\",\"avatar\":\"ninjaboy\",\"rating\":1682,\"seed\":[3424,34905,39744,17605]}\n>p1 switch 2\n>p2 move quiverdance\n>p1 move gunkshot\n>p2 move terablast\n>p2 switch 5\n>p1 switch 6\n>p2 move uturn\n>p2 switch 2\n>p1 move thunderwave\n>p2 move swordsdance\n>p1 move flashcannon\n>p2 move spiritbreak\n>p2 switch 3\n>p1 move bodypress\n>p2 move spore\n>p1 switch 5\n>p2 move earthpower\n>p1 move icebeam\n>p2 move gigadrain\n>p1 move recover\n>p2 switch 2\n>p1 move triattack terastallize\n>p2 move highjumpkick\n>chat \u2606my2ndtimeplaying|Ugh. Im predictable\n>chat \u2606RNG = LOSE|Yes\n>chat \u2606RNG = LOSE|But that\u2019s how you get better\n>p1 move triattack\n>p2 switch 6\n>p1 switch 6\n>p2 move swordsdance\n>p1 move gunkshot\n>p2 move playrough\n>p1 move gunkshot\n>p2 move drainpunch\n>forcelose p2", "uploadtime": 1733782213, "views": 1, "formatid": "gen9randombattle", "rating": 1663, "private": 0, "password": null}