{"id": "gen9randombattle-2260604651", "format": "[Gen 9] Random Battle", "players": ["Poscidion", "Astrousz"], "log": "|j|\u203dPoscidion\n|j|\u2606Astrousz\n|t:|1733868353\n|gametype|singles\n|player|p1|Poscidion|102|1548\n|player|p2|Astrousz|veteran|1551\n|teamsize|p1|6\n|teamsize|p2|6\n|gen|9\n|tier|[Gen 9] Random Battle\n|rated|\n|rule|Species Clause: Limit one of each Pok\u00e9mon\n|rule|HP Percentage Mod: HP is shown in percentages\n|rule|Sleep Clause Mod: Limit one foe put to sleep\n|rule|Illusion Level Mod: Illusion disguises the Pok\u00e9mon's true level\n|\n|t:|1733868353\n|start\n|switch|p1a: Glimmora|Glimmora, L75, F|248/248\n|switch|p2a: Vivillon|Vivillon-Archipelago, L84, F|272/272\n|turn|1\n|inactive|Battle timer is ON: inactive players will automatically lose when time's up. (requested by Poscidion)\n|\n|t:|1733868379\n|move|p2a: Vivillon|Sleep Powder|p1a: Glimmora\n|-status|p1a: Glimmora|slp|[from] move: Sleep Powder\n|cant|p1a: Glimmora|slp\n|\n|upkeep\n|turn|2\n|\n|t:|1733868386\n|switch|p1a: Blissey|Blissey, L84, F|566/566\n|move|p2a: Vivillon|Quiver Dance|p2a: Vivillon\n|-boost|p2a: Vivillon|spa|1\n|-boost|p2a: Vivillon|spd|1\n|-boost|p2a: Vivillon|spe|1\n|\n|upkeep\n|turn|3\n|\n|t:|1733868394\n|move|p2a: Vivillon|Quiver Dance|p2a: Vivillon\n|-boost|p2a: Vivillon|spa|1\n|-boost|p2a: Vivillon|spd|1\n|-boost|p2a: Vivillon|spe|1\n|move|p1a: Blissey|Thunder Wave|p2a: Vivillon\n|-status|p2a: Vivillon|par\n|\n|upkeep\n|turn|4\n|\n|t:|1733868402\n|cant|p2a: Vivillon|par\n|move|p1a: Blissey|Heal Bell|p1a: Blissey\n|-activate|p1a: Blissey|move: Heal Bell\n|-curestatus|p1: Glimmora|slp|[msg]\n|\n|upkeep\n|turn|5\n|\n|t:|1733868405\n|move|p2a: Vivillon|Quiver Dance|p2a: Vivillon\n|-boost|p2a: Vivillon|spa|1\n|-boost|p2a: Vivillon|spd|1\n|-boost|p2a: Vivillon|spe|1\n|move|p1a: Blissey|Seismic Toss|p2a: Vivillon\n|-damage|p2a: Vivillon|188/272 par\n|\n|upkeep\n|turn|6\n|\n|t:|1733868411\n|move|p2a: Vivillon|Sleep Powder|p1a: Blissey\n|-status|p1a: Blissey|slp|[from] move: Sleep Powder\n|cant|p1a: Blissey|slp\n|\n|upkeep\n|turn|7\n|\n|t:|1733868416\n|-curestatus|p1a: Blissey|slp|[from] ability: Natural Cure\n|switch|p1a: Glimmora|Glimmora, L75, F|248/248\n|move|p2a: Vivillon|Hurricane|p1a: Glimmora\n|-resisted|p1a: Glimmora\n|-damage|p1a: Glimmora|97/248\n|\n|upkeep\n|turn|8\n|\n|t:|1733868423\n|move|p2a: Vivillon|Hurricane|p1a: Glimmora\n|-resisted|p1a: Glimmora\n|-damage|p1a: Glimmora|0 fnt\n|faint|p1a: Glimmora\n|\n|upkeep\n|\n|t:|1733868434\n|switch|p1a: Blissey|Blissey, L84, F|566/566\n|turn|9\n|\n|t:|1733868437\n|move|p2a: Vivillon|Sleep Powder|p1a: Blissey\n|-status|p1a: Blissey|slp|[from] move: Sleep Powder\n|cant|p1a: Blissey|slp\n|\n|upkeep\n|turn|10\n|\n|t:|1733868441\n|-curestatus|p1a: Blissey|slp|[from] ability: Natural Cure\n|switch|p1a: Kleavor|Kleavor, L78, F|237/237\n|move|p2a: Vivillon|Quiver Dance|p2a: Vivillon\n|-boost|p2a: Vivillon|spa|1\n|-boost|p2a: Vivillon|spd|1\n|-boost|p2a: Vivillon|spe|1\n|\n|upkeep\n|turn|11\n|\n|t:|1733868445\n|cant|p2a: Vivillon|par\n|move|p1a: Kleavor|Stone Axe|p2a: Vivillon\n|-supereffective|p2a: Vivillon\n|-damage|p2a: Vivillon|0 fnt\n|-sidestart|p2: Astrousz|move: Stealth Rock\n|faint|p2a: Vivillon\n|\n|upkeep\n|\n|t:|1733868450\n|switch|p2a: Basculin|Basculin, L86, M|261/261\n|-damage|p2a: Basculin|229/261|[from] Stealth Rock\n|turn|12\n|\n|t:|1733868456\n|switch|p1a: Dachsbun|Dachsbun, L92, F|254/254\n|move|p2a: Basculin|Wave Crash|p1a: Dachsbun\n|-damage|p1a: Dachsbun|62/254\n|-damage|p2a: Basculin|166/261|[from] Recoil\n|\n|-heal|p1a: Dachsbun|77/254|[from] item: Leftovers\n|upkeep\n|turn|13\n|\n|t:|1733868463\n|move|p1a: Dachsbun|Protect|p1a: Dachsbun\n|-singleturn|p1a: Dachsbun|Protect\n|move|p2a: Basculin|Wave Crash|p1a: Dachsbun\n|-activate|p1a: Dachsbun|move: Protect\n|\n|-heal|p1a: Dachsbun|92/254|[from] item: Leftovers\n|upkeep\n|turn|14\n|\n|t:|1733868471\n|move|p1a: Dachsbun|Wish|p1a: Dachsbun\n|move|p2a: Basculin|Wave Crash|p1a: Dachsbun\n|-damage|p1a: Dachsbun|0 fnt\n|faint|p1a: Dachsbun\n|-damage|p2a: Basculin|136/261|[from] Recoil\n|\n|upkeep\n|\n|t:|1733868499\n|switch|p1a: Kingambit|Kingambit, L74, F|270/270\n|-activate|p1a: Kingambit|ability: Supreme Overlord\n|-start|p1a: Kingambit|fallen2|[silent]\n|turn|15\n|\n|t:|1733868510\n|move|p1a: Kingambit|Sucker Punch|p2a: Basculin\n|-damage|p2a: Basculin|30/261\n|move|p2a: Basculin|Wave Crash|p1a: Kingambit\n|-damage|p1a: Kingambit|24/270\n|-damage|p2a: Basculin|0 fnt|[from] Recoil\n|faint|p2a: Basculin\n|\n|-heal|p1a: Kingambit|151/270|[from] move: Wish|[wisher] Dachsbun\n|-heal|p1a: Kingambit|167/270|[from] item: Leftovers\n|upkeep\n|\n|t:|1733868527\n|switch|p2a: Raichu|Raichu, L88, F|249/249\n|-damage|p2a: Raichu|218/249|[from] Stealth Rock\n|turn|16\n|\n|t:|1733868538\n|-end|p1a: Kingambit|fallen2|[silent]\n|switch|p1a: Ting-Lu|Ting-Lu, L78|370/370\n|-ability|p1a: Ting-Lu|Vessel of Ruin\n|move|p2a: Raichu|Thunderbolt|p1a: Ting-Lu\n|-immune|p1a: Ting-Lu\n|\n|upkeep\n|turn|17\n|\n|t:|1733868544\n|move|p2a: Raichu|Grass Knot|p1a: Ting-Lu\n|-supereffective|p1a: Ting-Lu\n|-damage|p1a: Ting-Lu|208/370\n|move|p1a: Ting-Lu|Earthquake|p2a: Raichu\n|-supereffective|p2a: Raichu\n|-damage|p2a: Raichu|0 fnt\n|faint|p2a: Raichu\n|\n|-heal|p1a: Ting-Lu|231/370|[from] item: Leftovers\n|upkeep\n|\n|t:|1733868548\n|switch|p2a: Wigglytuff|Wigglytuff, L96, F|424/424\n|-damage|p2a: Wigglytuff|371/424|[from] Stealth Rock\n|turn|18\n|\n|t:|1733868554\n|switch|p1a: Blissey|Blissey, L84, F|566/566\n|move|p2a: Wigglytuff|Dazzling Gleam|p1a: Blissey\n|-damage|p1a: Blissey|499/566\n|\n|-heal|p1a: Blissey|534/566|[from] item: Leftovers\n|-heal|p2a: Wigglytuff|397/424|[from] item: Leftovers\n|upkeep\n|turn|19\n|\n|t:|1733868558\n|move|p2a: Wigglytuff|Thunder Wave|p1a: Blissey\n|-status|p1a: Blissey|par\n|move|p1a: Blissey|Thunder Wave|p2a: Wigglytuff\n|-status|p2a: Wigglytuff|par\n|\n|-heal|p1a: Blissey|566/566 par|[from] item: Leftovers\n|-heal|p2a: Wigglytuff|423/424 par|[from] item: Leftovers\n|upkeep\n|turn|20\n|\n|t:|1733868565\n|switch|p2a: Deoxys|Deoxys-Attack, L72|191/191\n|-damage|p2a: Deoxys|168/191|[from] Stealth Rock\n|-ability|p2a: Deoxys|Pressure\n|move|p1a: Blissey|Heal Bell|p1a: Blissey\n|-activate|p1a: Blissey|move: Heal Bell\n|-curestatus|p1a: Blissey|par|[msg]\n|\n|upkeep\n|turn|21\n|\n|t:|1733868576\n|-terastallize|p1a: Blissey|Fairy\n|move|p2a: Deoxys|Superpower|p1a: Blissey\n|-resisted|p1a: Blissey\n|-damage|p1a: Blissey|366/566\n|-unboost|p2a: Deoxys|atk|1\n|-unboost|p2a: Deoxys|def|1\n|-damage|p2a: Deoxys|149/191|[from] item: Life Orb\n|move|p1a: Blissey|Thunder Wave|p2a: Deoxys\n|-status|p2a: Deoxys|par\n|\n|-heal|p1a: Blissey|401/566|[from] item: Leftovers\n|upkeep\n|turn|22\n|l|\u2606Astrousz\n|inactive|Astrousz disconnected and has a minute to reconnect!\n|player|p2|\n|inactive|Astrousz has 30 seconds to reconnect!\n|inactive|Astrousz has 20 seconds to reconnect!\n|inactive|Astrousz has 15 seconds to reconnect!\n|inactive|Astrousz has 10 seconds to reconnect!\n|inactive|Astrousz has 5 seconds to reconnect!\n|-message|Astrousz lost due to inactivity.\n|\n|win|Poscidion\n|raw|Poscidion's rating: 1548 &rarr; <strong>1568</strong><br />(+20 for winning)\n|raw|Astrousz's rating: 1551 &rarr; <strong>1531</strong><br />(-20 for losing)\n", "inputlog": ">version bfd83cad13791eb5a5a409923076391caf6fb4d4\n>start {\"formatid\":\"gen9randombattle\",\"seed\":[7734,5475,61636,1727],\"rated\":\"Rated battle\"}\n>player p1 {\"name\":\"Poscidion\",\"avatar\":\"102\",\"rating\":1548,\"seed\":[31197,15408,18694,23043]}\n>player p2 {\"name\":\"Astrousz\",\"avatar\":\"veteran\",\"rating\":1551,\"seed\":[45774,16561,36345,52710]}\n>p1 move meteorbeam\n>p2 move sleeppowder\n>p1 switch 2\n>p2 move quiverdance\n>p1 move thunderwave\n>p2 move quiverdance\n>p1 move healbell\n>p2 move quiverdance\n>p1 move seismictoss\n>p2 move quiverdance\n>p1 move seismictoss\n>p2 move sleeppowder\n>p1 switch 2\n>p2 move hurricane\n>p1 move meteorbeam\n>p2 move hurricane\n>p1 switch 2\n>p1 move seismictoss\n>p2 move sleeppowder\n>p1 switch 6\n>p2 move quiverdance\n>p1 move stoneaxe\n>p2 move sleeppowder\n>p2 switch 5\n>p1 switch 4\n>p2 move wavecrash\n>p1 move protect\n>p2 move wavecrash\n>p1 move wish\n>p2 move wavecrash\n>p1 switch 3\n>p1 move suckerpunch\n>p2 move wavecrash\n>p2 switch 3\n>p1 switch 5\n>p2 move thunderbolt\n>p1 move earthquake\n>p2 move grassknot\n>p2 switch 2\n>p1 switch 6\n>p2 move dazzlinggleam\n>p1 move thunderwave\n>p2 move thunderwave\n>p1 move healbell\n>p2 switch 6\n>p1 move thunderwave terastallize\n>p2 move superpower\n>forcelose p2", "uploadtime": 1733868669, "views": 1, "formatid": "gen9randombattle", "rating": 1531, "private": 0, "password": null}