{"id": "gen9randombattle-2125662278", "format": "[Gen 9] Random Battle", "players": ["Qiuescent", "FuguPineapple"], "log": "|j|\u203dQiuescent\n|j|\u2606FuguPineapple\n|t:|1716058584\n|gametype|singles\n|player|p1|Qiuescent|102|2208\n|player|p2|FuguPineapple|benga|2260\n|teamsize|p1|6\n|teamsize|p2|6\n|gen|9\n|tier|[Gen 9] Random Battle\n|rated|\n|rule|Species Clause: Limit one of each Pok\u00e9mon\n|rule|HP Percentage Mod: HP is shown in percentages\n|rule|Sleep Clause Mod: Limit one foe put to sleep\n|rule|Illusion Level Mod: Illusion disguises the Pok\u00e9mon's true level\n|\n|t:|1716058584\n|start\n|switch|p1a: Latias|Latias, L79, F|256/256\n|switch|p2a: Chesnaught|Chesnaught, L84, F|285/285\n|turn|1\n|\n|t:|1716058594\n|switch|p2a: Magearna|Magearna-Original, L77|250/250\n|move|p1a: Latias|Calm Mind|p1a: Latias\n|-boost|p1a: Latias|spa|1\n|-boost|p1a: Latias|spd|1\n|\n|upkeep\n|turn|2\n|\n|t:|1716058603\n|move|p1a: Latias|Calm Mind|p1a: Latias\n|-boost|p1a: Latias|spa|1\n|-boost|p1a: Latias|spd|1\n|move|p2a: Magearna|Shift Gear|p2a: Magearna\n|-boost|p2a: Magearna|spe|2\n|-boost|p2a: Magearna|atk|1\n|\n|upkeep\n|turn|3\n|\n|t:|1716058607\n|move|p2a: Magearna|Calm Mind|p2a: Magearna\n|-boost|p2a: Magearna|spa|1\n|-boost|p2a: Magearna|spd|1\n|move|p1a: Latias|Calm Mind|p1a: Latias\n|-boost|p1a: Latias|spa|1\n|-boost|p1a: Latias|spd|1\n|\n|upkeep\n|turn|4\n|\n|t:|1716058610\n|-terastallize|p1a: Latias|Steel\n|move|p2a: Magearna|Calm Mind|p2a: Magearna\n|-boost|p2a: Magearna|spa|1\n|-boost|p2a: Magearna|spd|1\n|move|p1a: Latias|Calm Mind|p1a: Latias\n|-boost|p1a: Latias|spa|1\n|-boost|p1a: Latias|spd|1\n|\n|upkeep\n|turn|5\n|\n|t:|1716058621\n|switch|p2a: Dedenne|Dedenne, L88, M|261/261\n|move|p1a: Latias|Psyshock|p2a: Dedenne\n|-damage|p2a: Dedenne|0 fnt\n|faint|p2a: Dedenne\n|\n|upkeep\n|\n|t:|1716058630\n|switch|p2a: Chesnaught|Chesnaught, L84, F|285/285\n|turn|6\n|\n|t:|1716058636\n|-terastallize|p2a: Chesnaught|Steel\n|move|p1a: Latias|Psyshock|p2a: Chesnaught\n|-resisted|p2a: Chesnaught\n|-damage|p2a: Chesnaught|162/285\n|move|p2a: Chesnaught|Trailblaze|p1a: Latias\n|-resisted|p1a: Latias\n|-damage|p1a: Latias|226/256\n|-boost|p2a: Chesnaught|spe|1\n|\n|-heal|p2a: Chesnaught|179/285|[from] item: Leftovers\n|upkeep\n|turn|7\n|\n|t:|1716058642\n|move|p2a: Chesnaught|Synthesis|p2a: Chesnaught\n|-heal|p2a: Chesnaught|285/285\n|move|p1a: Latias|Draco Meteor|p2a: Chesnaught\n|-resisted|p2a: Chesnaught\n|-damage|p2a: Chesnaught|17/285\n|-unboost|p1a: Latias|spa|2\n|\n|-heal|p2a: Chesnaught|34/285|[from] item: Leftovers\n|upkeep\n|turn|8\n|\n|t:|1716058647\n|switch|p1a: Scovillain|Scovillain, L91, F|266/266\n|move|p2a: Chesnaught|Synthesis|p2a: Chesnaught\n|-heal|p2a: Chesnaught|176/285\n|\n|-heal|p2a: Chesnaught|193/285|[from] item: Leftovers\n|upkeep\n|turn|9\n|\n|t:|1716058653\n|switch|p2a: Mesprit|Mesprit, L85|275/275\n|move|p1a: Scovillain|Fire Blast|p2a: Mesprit\n|-damage|p2a: Mesprit|187/275\n|\n|upkeep\n|turn|10\n|inactive|Battle timer is ON: inactive players will automatically lose when time's up. (requested by FuguPineapple)\n|\n|t:|1716058662\n|switch|p1a: Vespiquen|Vespiquen, L98, F|296/296\n|-ability|p1a: Vespiquen|Pressure\n|move|p2a: Mesprit|Psychic Noise|p1a: Vespiquen\n|-damage|p1a: Vespiquen|226/296\n|-start|p1a: Vespiquen|move: Heal Block\n|\n|upkeep\n|turn|11\n|\n|t:|1716058666\n|move|p2a: Mesprit|U-turn|p1a: Vespiquen\n|-resisted|p1a: Vespiquen\n|-damage|p1a: Vespiquen|205/296\n|\n|t:|1716058672\n|switch|p2a: Magearna|Magearna-Original, L77|250/250|[from] U-turn\n|move|p1a: Vespiquen|Spikes|p2a: Magearna\n|-sidestart|p2: FuguPineapple|Spikes\n|\n|-end|p1a: Vespiquen|move: Heal Block\n|upkeep\n|turn|12\n|\n|t:|1716058678\n|switch|p1a: Latias|Latias, L79, F, tera:Steel|226/256\n|move|p2a: Magearna|Fleur Cannon|p1a: Latias\n|-resisted|p1a: Latias\n|-damage|p1a: Latias|170/256\n|-unboost|p2a: Magearna|spa|2\n|\n|upkeep\n|turn|13\n|\n|t:|1716058682\n|switch|p2a: Chesnaught|Chesnaught, L84, F, tera:Steel|193/285\n|-damage|p2a: Chesnaught|158/285|[from] Spikes\n|move|p1a: Latias|Recover|p1a: Latias\n|-heal|p1a: Latias|256/256\n|\n|-heal|p2a: Chesnaught|175/285|[from] item: Leftovers\n|upkeep\n|turn|14\n|\n|t:|1716058692\n|switch|p1a: Bellibolt|Bellibolt, L84, F|320/320\n|move|p2a: Chesnaught|Body Press|p1a: Bellibolt\n|-damage|p1a: Bellibolt|229/320\n|-start|p1a: Bellibolt|Charge|Body Press|[from] ability: Electromorphosis\n|\n|-heal|p2a: Chesnaught|192/285|[from] item: Leftovers\n|-heal|p1a: Bellibolt|249/320|[from] item: Leftovers\n|upkeep\n|turn|15\n|\n|t:|1716058697\n|switch|p2a: Mesprit|Mesprit, L85|187/275\n|move|p1a: Bellibolt|Volt Switch|p2a: Mesprit\n|-damage|p2a: Mesprit|102/275\n|-end|p1a: Bellibolt|Charge|[silent]\n|\n|t:|1716058703\n|switch|p1a: Dewgong|Dewgong, L93, M|318/318|[from] Volt Switch\n|\n|upkeep\n|turn|16\n|\n|t:|1716058708\n|move|p2a: Mesprit|Drain Punch|p1a: Dewgong\n|-supereffective|p1a: Dewgong\n|-damage|p1a: Dewgong|210/318\n|-heal|p2a: Mesprit|156/275|[from] drain|[of] p1a: Dewgong\n|move|p1a: Dewgong|Knock Off|p2a: Mesprit\n|-supereffective|p2a: Mesprit\n|-damage|p2a: Mesprit|50/275\n|-enditem|p2a: Mesprit|Assault Vest|[from] move: Knock Off|[of] p1a: Dewgong\n|\n|upkeep\n|turn|17\n|\n|t:|1716058716\n|switch|p1a: Vespiquen|Vespiquen, L98, F|205/296\n|-ability|p1a: Vespiquen|Pressure\n|move|p2a: Mesprit|Drain Punch|p1a: Vespiquen\n|-resisted|p1a: Vespiquen\n|-damage|p1a: Vespiquen|194/296\n|-heal|p2a: Mesprit|56/275|[from] drain|[of] p1a: Vespiquen\n|\n|upkeep\n|turn|18\n|\n|t:|1716058719\n|move|p2a: Mesprit|Thunderbolt|p1a: Vespiquen\n|-supereffective|p1a: Vespiquen\n|-damage|p1a: Vespiquen|94/296\n|move|p1a: Vespiquen|Air Slash|p2a: Mesprit\n|-damage|p2a: Mesprit|0 fnt\n|faint|p2a: Mesprit\n|\n|upkeep\n|\n|t:|1716058726\n|switch|p2a: Magearna|Magearna-Original, L77|250/250\n|-damage|p2a: Magearna|219/250|[from] Spikes\n|turn|19\n|\n|t:|1716058732\n|switch|p1a: Latias|Latias, L79, F, tera:Steel|256/256\n|move|p2a: Magearna|Calm Mind|p2a: Magearna\n|-boost|p2a: Magearna|spa|1\n|-boost|p2a: Magearna|spd|1\n|\n|-heal|p2a: Magearna|234/250|[from] item: Leftovers\n|upkeep\n|turn|20\n|\n|t:|1716058738\n|move|p1a: Latias|Calm Mind|p1a: Latias\n|-boost|p1a: Latias|spa|1\n|-boost|p1a: Latias|spd|1\n|move|p2a: Magearna|Shift Gear|p2a: Magearna\n|-boost|p2a: Magearna|spe|2\n|-boost|p2a: Magearna|atk|1\n|\n|-heal|p2a: Magearna|249/250|[from] item: Leftovers\n|upkeep\n|turn|21\n|\n|t:|1716058741\n|move|p2a: Magearna|Calm Mind|p2a: Magearna\n|-boost|p2a: Magearna|spa|1\n|-boost|p2a: Magearna|spd|1\n|move|p1a: Latias|Calm Mind|p1a: Latias\n|-boost|p1a: Latias|spa|1\n|-boost|p1a: Latias|spd|1\n|\n|-heal|p2a: Magearna|250/250|[from] item: Leftovers\n|upkeep\n|turn|22\n|-message|FuguPineapple forfeited.\n|\n|win|Qiuescent\n|raw|Qiuescent's rating: 2208 &rarr; <strong>2231</strong><br />(+23 for winning)\n|raw|FuguPineapple's rating: 2260 &rarr; <strong>2237</strong><br />(-23 for losing)\n|l|\u2606FuguPineapple\n|player|p2|\n", "inputlog": ">version 2ded14125c4c0e1fd5607e578b22e89c0909dca0\n>start {\"formatid\":\"gen9randombattle\",\"seed\":[53723,45485,8846,45080],\"rated\":\"Rated battle\"}\n>player p1 {\"name\":\"Qiuescent\",\"avatar\":\"102\",\"rating\":2208,\"seed\":[30808,32464,12450,23138]}\n>player p2 {\"name\":\"FuguPineapple\",\"avatar\":\"benga\",\"rating\":2260,\"seed\":[58570,15755,15819,56357]}\n>p1 move calmmind\n>p2 switch 5\n>p1 move calmmind\n>p2 move shiftgear\n>p1 move calmmind\n>p2 move calmmind\n>p1 move calmmind terastallize\n>p2 move calmmind\n>p1 move psyshock\n>p2 switch 3\n>p2 switch 5\n>p1 move psyshock\n>p2 move trailblaze terastallize\n>p1 move dracometeor\n>p2 move synthesis\n>p1 switch 2\n>p2 move synthesis\n>p1 move fireblast\n>p2 switch 2\n>p1 switch 3\n>p2 move psychicnoise\n>p1 move spikes\n>p2 move uturn\n>p2 switch 3\n>p1 switch 2\n>p2 move fleurcannon\n>p1 move recover\n>p2 switch 2\n>p1 switch 6\n>p2 move bodypress\n>p1 move voltswitch\n>p2 switch 3\n>p1 switch 4\n>p1 move knockoff\n>p2 move drainpunch\n>p1 switch 2\n>p2 move drainpunch\n>p1 move airslash\n>p2 move thunderbolt\n>p2 switch 2\n>p1 switch 6\n>p2 move calmmind\n>p1 move calmmind\n>p2 move shiftgear\n>p1 move calmmind\n>p2 move calmmind\n>forcelose p2", "uploadtime": 1716058748, "views": 209, "formatid": "gen9randombattle", "rating": 2231, "private": 0, "password": null}