{"id": "gen9randombattle-2260689374", "format": "[Gen 9] Random Battle", "players": ["SeghettoLipe", "sdfkjlkljsdf"], "log": "|j|\u2606SeghettoLipe\n|j|\u2606sdfkjlkljsdf\n|t:|1733878747\n|gametype|singles\n|player|p1|SeghettoLipe|psychic-gen4|1062\n|player|p2|sdfkjlkljsdf|dawn-gen4pt|1006\n|teamsize|p1|6\n|teamsize|p2|6\n|gen|9\n|tier|[Gen 9] Random Battle\n|rated|\n|rule|Species Clause: Limit one of each Pok\u00e9mon\n|rule|HP Percentage Mod: HP is shown in percentages\n|rule|Sleep Clause Mod: Limit one foe put to sleep\n|rule|Illusion Level Mod: Illusion disguises the Pok\u00e9mon's true level\n|\n|t:|1733878747\n|start\n|switch|p1a: Arbok|Arbok, L87, F|246/246\n|switch|p2a: Dragonite|Dragonite, L74, F|257/257\n|-ability|p1a: Arbok|Intimidate|boost\n|-unboost|p2a: Dragonite|atk|1\n|turn|1\n|inactive|Battle timer is ON: inactive players will automatically lose when time's up. (requested by sdfkjlkljsdf)\n|\n|t:|1733878764\n|switch|p2a: Dondozo|Dondozo, L78, M|362/362\n|move|p1a: Arbok|Gunk Shot|p2a: Dondozo\n|-damage|p2a: Dondozo|247/362\n|\n|-heal|p2a: Dondozo|269/362|[from] item: Leftovers\n|upkeep\n|turn|2\n|\n|t:|1733878790\n|move|p1a: Arbok|Coil|p1a: Arbok\n|-boost|p1a: Arbok|atk|1\n|-boost|p1a: Arbok|def|1\n|-boost|p1a: Arbok|accuracy|1\n|move|p2a: Dondozo|Curse|p2a: Dondozo\n|-unboost|p2a: Dondozo|spe|1\n|-boost|p2a: Dondozo|atk|1\n|-boost|p2a: Dondozo|def|1\n|\n|-heal|p2a: Dondozo|291/362|[from] item: Leftovers\n|upkeep\n|turn|3\n|\n|t:|1733878802\n|move|p1a: Arbok|Gunk Shot|p2a: Dondozo|[miss]\n|-miss|p1a: Arbok|p2a: Dondozo\n|move|p2a: Dondozo|Curse|p2a: Dondozo\n|-unboost|p2a: Dondozo|spe|1\n|-boost|p2a: Dondozo|atk|1\n|-boost|p2a: Dondozo|def|1\n|\n|-heal|p2a: Dondozo|313/362|[from] item: Leftovers\n|upkeep\n|turn|4\n|inactive|SeghettoLipe has 120 seconds left.\n|\n|t:|1733878818\n|move|p1a: Arbok|Gunk Shot|p2a: Dondozo\n|-damage|p2a: Dondozo|256/362\n|move|p2a: Dondozo|Curse|p2a: Dondozo\n|-unboost|p2a: Dondozo|spe|1\n|-boost|p2a: Dondozo|atk|1\n|-boost|p2a: Dondozo|def|1\n|\n|-heal|p2a: Dondozo|278/362|[from] item: Leftovers\n|upkeep\n|turn|5\n|inactive|SeghettoLipe has 120 seconds left.\n|\n|t:|1733878829\n|move|p1a: Arbok|Gunk Shot|p2a: Dondozo\n|-damage|p2a: Dondozo|233/362\n|move|p2a: Dondozo|Curse|p2a: Dondozo\n|-unboost|p2a: Dondozo|spe|1\n|-boost|p2a: Dondozo|atk|1\n|-boost|p2a: Dondozo|def|1\n|\n|-heal|p2a: Dondozo|255/362|[from] item: Leftovers\n|upkeep\n|turn|6\n|inactive|SeghettoLipe has 120 seconds left.\n|\n|t:|1733878840\n|move|p1a: Arbok|Coil|p1a: Arbok\n|-boost|p1a: Arbok|atk|1\n|-boost|p1a: Arbok|def|1\n|-boost|p1a: Arbok|accuracy|1\n|move|p2a: Dondozo|Curse|p2a: Dondozo\n|-unboost|p2a: Dondozo|spe|1\n|-boost|p2a: Dondozo|atk|1\n|-boost|p2a: Dondozo|def|1\n|\n|-heal|p2a: Dondozo|277/362|[from] item: Leftovers\n|upkeep\n|turn|7\n|inactive|SeghettoLipe has 120 seconds left.\n|\n|t:|1733878850\n|move|p1a: Arbok|Gunk Shot|p2a: Dondozo\n|-damage|p2a: Dondozo|246/362\n|move|p2a: Dondozo|Curse|p2a: Dondozo\n|-unboost|p2a: Dondozo|spe|1\n|-boost|p2a: Dondozo|atk|1\n|-boost|p2a: Dondozo|def|1\n|\n|-heal|p2a: Dondozo|268/362|[from] item: Leftovers\n|upkeep\n|turn|8\n|inactive|SeghettoLipe has 120 seconds left.\n|\n|t:|1733878862\n|move|p1a: Arbok|Trailblaze|p2a: Dondozo\n|-supereffective|p2a: Dondozo\n|-damage|p2a: Dondozo|250/362\n|-boost|p1a: Arbok|spe|1\n|move|p2a: Dondozo|Wave Crash|p1a: Arbok\n|-damage|p1a: Arbok|0 fnt\n|faint|p1a: Arbok\n|-damage|p2a: Dondozo|169/362|[from] Recoil\n|\n|-heal|p2a: Dondozo|191/362|[from] item: Leftovers\n|upkeep\n|inactive|SeghettoLipe has 120 seconds left.\n|\n|t:|1733878881\n|switch|p1a: Hydrapple|Hydrapple, L83, M|312/312\n|turn|9\n|\n|t:|1733878888\n|switch|p2a: Noctowl|Noctowl, L95, M|344/344\n|move|p1a: Hydrapple|Leaf Storm|p2a: Noctowl\n|-resisted|p2a: Noctowl\n|-damage|p2a: Noctowl|248/344\n|-unboost|p1a: Hydrapple|spa|2\n|\n|upkeep\n|turn|10\n|inactive|SeghettoLipe has 120 seconds left.\n|\n|t:|1733878901\n|switch|p1a: Electivire|Electivire, L84, F|263/263\n|move|p2a: Noctowl|Nasty Plot|p2a: Noctowl\n|-boost|p2a: Noctowl|spa|2\n|\n|upkeep\n|turn|11\n|inactive|SeghettoLipe has 120 seconds left.\n|\n|t:|1733878912\n|move|p1a: Electivire|Ice Punch|p2a: Noctowl\n|-supereffective|p2a: Noctowl\n|-crit|p2a: Noctowl\n|-damage|p2a: Noctowl|0 fnt\n|faint|p2a: Noctowl\n|-damage|p1a: Electivire|237/263|[from] item: Life Orb\n|\n|upkeep\n|\n|t:|1733878920\n|switch|p2a: Arbok|Arbok, L87, M|246/246\n|-ability|p2a: Arbok|Intimidate|boost\n|-unboost|p1a: Electivire|atk|1\n|turn|12\n|\n|t:|1733878927\n|move|p1a: Electivire|Flamethrower|p2a: Arbok\n|-damage|p2a: Arbok|160/246\n|-damage|p1a: Electivire|211/263|[from] item: Life Orb\n|move|p2a: Arbok|Earthquake|p1a: Electivire\n|-supereffective|p1a: Electivire\n|-damage|p1a: Electivire|0 fnt\n|faint|p1a: Electivire\n|-damage|p2a: Arbok|136/246|[from] item: Life Orb\n|\n|upkeep\n|inactive|SeghettoLipe has 120 seconds left.\n|\n|t:|1733878958\n|switch|p1a: Azumarill|Azumarill, L82, F|298/298\n|turn|13\n|\n|t:|1733878977\n|move|p2a: Arbok|Gunk Shot|p1a: Azumarill|[miss]\n|-miss|p2a: Arbok|p1a: Azumarill\n|move|p1a: Azumarill|Liquidation|p2a: Arbok\n|-damage|p2a: Arbok|0 fnt\n|faint|p2a: Arbok\n|\n|upkeep\n|\n|t:|1733878987\n|switch|p2a: Exeggutor|Exeggutor, L89, M|312/312\n|turn|14\n|\n|t:|1733878993\n|switch|p1a: Delibird|Delibird, M|252/252\n|move|p2a: Exeggutor|Substitute|p2a: Exeggutor\n|-start|p2a: Exeggutor|Substitute\n|-damage|p2a: Exeggutor|234/312\n|\n|upkeep\n|turn|15\n|\n|t:|1733879007\n|-terastallize|p2a: Exeggutor|Steel\n|move|p1a: Delibird|Spikes|p2a: Exeggutor\n|-sidestart|p2: sdfkjlkljsdf|Spikes\n|move|p2a: Exeggutor|Calm Mind|p2a: Exeggutor\n|-boost|p2a: Exeggutor|spa|1\n|-boost|p2a: Exeggutor|spd|1\n|\n|upkeep\n|turn|16\n|\n|t:|1733879016\n|move|p1a: Delibird|Spikes|p2a: Exeggutor\n|-sidestart|p2: sdfkjlkljsdf|Spikes\n|move|p2a: Exeggutor|Calm Mind|p2a: Exeggutor\n|-boost|p2a: Exeggutor|spa|1\n|-boost|p2a: Exeggutor|spd|1\n|\n|upkeep\n|turn|17\n|\n|t:|1733879026\n|move|p1a: Delibird|Ice Spinner|p2a: Exeggutor\n|-resisted|p2a: Exeggutor\n|-activate|p2a: Exeggutor|move: Substitute|[damage]\n|move|p2a: Exeggutor|Psyshock|p1a: Delibird\n|-damage|p1a: Delibird|0 fnt\n|faint|p1a: Delibird\n|\n|upkeep\n|\n|t:|1733879037\n|switch|p1a: Klefki|Klefki, L84, M|233/233\n|turn|18\n|\n|t:|1733879048\n|move|p1a: Klefki|Dazzling Gleam|p2a: Exeggutor\n|-resisted|p2a: Exeggutor\n|-end|p2a: Exeggutor|Substitute\n|move|p2a: Exeggutor|Calm Mind|p2a: Exeggutor\n|-boost|p2a: Exeggutor|spa|1\n|-boost|p2a: Exeggutor|spd|1\n|\n|upkeep\n|turn|19\n|\n|t:|1733879056\n|move|p1a: Klefki|Thunder Wave|p2a: Exeggutor\n|-status|p2a: Exeggutor|par\n|move|p2a: Exeggutor|Substitute|p2a: Exeggutor\n|-start|p2a: Exeggutor|Substitute\n|-damage|p2a: Exeggutor|156/312 par\n|-enditem|p2a: Exeggutor|Sitrus Berry|[eat]\n|-heal|p2a: Exeggutor|234/312 par|[from] item: Sitrus Berry\n|\n|-item|p2a: Exeggutor|Sitrus Berry|[from] ability: Harvest\n|upkeep\n|turn|20\n|inactive|SeghettoLipe has 120 seconds left.\n|\n|t:|1733879073\n|move|p1a: Klefki|Foul Play|p2a: Exeggutor\n|-activate|p2a: Exeggutor|move: Substitute|[damage]\n|move|p2a: Exeggutor|Calm Mind|p2a: Exeggutor\n|-boost|p2a: Exeggutor|spa|1\n|-boost|p2a: Exeggutor|spd|1\n|\n|upkeep\n|turn|21\n|\n|t:|1733879081\n|move|p1a: Klefki|Thunder Wave||[still]\n|-fail|p1a: Klefki\n|move|p2a: Exeggutor|Psyshock|p1a: Klefki\n|-resisted|p1a: Klefki\n|-damage|p1a: Klefki|61/233\n|\n|-heal|p1a: Klefki|75/233|[from] item: Leftovers\n|upkeep\n|turn|22\n|\n|t:|1733879089\n|move|p1a: Klefki|Dazzling Gleam|p2a: Exeggutor\n|-resisted|p2a: Exeggutor\n|-activate|p2a: Exeggutor|move: Substitute|[damage]\n|move|p2a: Exeggutor|Psyshock|p1a: Klefki\n|-resisted|p1a: Klefki\n|-damage|p1a: Klefki|0 fnt\n|faint|p1a: Klefki\n|\n|upkeep\n|inactive|SeghettoLipe has 120 seconds left.\n|\n|t:|1733879100\n|switch|p1a: Hydrapple|Hydrapple, L83, M|312/312\n|turn|23\n|\n|t:|1733879104\n|move|p1a: Hydrapple|Earth Power|p2a: Exeggutor\n|-supereffective|p2a: Exeggutor\n|-end|p2a: Exeggutor|Substitute\n|move|p2a: Exeggutor|Psyshock|p1a: Hydrapple\n|-damage|p1a: Hydrapple|30/312\n|\n|upkeep\n|turn|24\n|\n|t:|1733879112\n|move|p1a: Hydrapple|Earth Power|p2a: Exeggutor\n|-supereffective|p2a: Exeggutor\n|-damage|p2a: Exeggutor|150/312 par\n|-enditem|p2a: Exeggutor|Sitrus Berry|[eat]\n|-heal|p2a: Exeggutor|228/312 par|[from] item: Sitrus Berry\n|move|p2a: Exeggutor|Psyshock|p1a: Hydrapple\n|-damage|p1a: Hydrapple|0 fnt\n|faint|p1a: Hydrapple\n|\n|upkeep\n|\n|t:|1733879131\n|switch|p1a: Azumarill|Azumarill, L82, F|298/298\n|turn|25\n|\n|t:|1733879136\n|move|p1a: Azumarill|Superpower|p2a: Exeggutor\n|-supereffective|p2a: Exeggutor\n|-damage|p2a: Exeggutor|0 fnt\n|-unboost|p1a: Azumarill|atk|1\n|-unboost|p1a: Azumarill|def|1\n|faint|p2a: Exeggutor\n|\n|upkeep\n|\n|t:|1733879144\n|switch|p2a: Dragonite|Dragonite, L74, F|257/257\n|turn|26\n|\n|t:|1733879149\n|move|p2a: Dragonite|Dragon Dance|p2a: Dragonite\n|-boost|p2a: Dragonite|atk|1\n|-boost|p2a: Dragonite|spe|1\n|move|p1a: Azumarill|Superpower|p2a: Dragonite\n|-resisted|p2a: Dragonite\n|-damage|p2a: Dragonite|233/257\n|-unboost|p1a: Azumarill|atk|1\n|-unboost|p1a: Azumarill|def|1\n|\n|upkeep\n|turn|27\n|\n|t:|1733879159\n|move|p2a: Dragonite|Dragon Dance|p2a: Dragonite\n|-boost|p2a: Dragonite|atk|1\n|-boost|p2a: Dragonite|spe|1\n|move|p1a: Azumarill|Superpower|p2a: Dragonite\n|-resisted|p2a: Dragonite\n|-damage|p2a: Dragonite|193/257\n|-unboost|p1a: Azumarill|atk|1\n|-unboost|p1a: Azumarill|def|1\n|\n|upkeep\n|turn|28\n|\n|t:|1733879168\n|move|p2a: Dragonite|Earthquake|p1a: Azumarill\n|-damage|p1a: Azumarill|0 fnt\n|faint|p1a: Azumarill\n|\n|win|sdfkjlkljsdf\n|raw|SeghettoLipe's rating: 1062 &rarr; <strong>1040</strong><br />(-22 for losing)\n|raw|sdfkjlkljsdf's rating: 1006 &rarr; <strong>1051</strong><br />(+45 for winning)\n", "inputlog": ">version bfd83cad13791eb5a5a409923076391caf6fb4d4\n>start {\"formatid\":\"gen9randombattle\",\"seed\":[33994,25526,60949,47954],\"rated\":\"Rated battle\"}\n>player p1 {\"name\":\"SeghettoLipe\",\"avatar\":\"psychic-gen4\",\"rating\":1062,\"seed\":[4431,29735,34246,33453]}\n>player p2 {\"name\":\"sdfkjlkljsdf\",\"avatar\":\"dawn-gen4pt\",\"rating\":1006,\"seed\":[16494,65326,17528,29569]}\n>p1 move gunkshot\n>p2 switch 5\n>p1 move coil\n>p2 move curse\n>p1 move gunkshot\n>p2 move curse\n>p1 move gunkshot\n>p2 move curse\n>p1 move gunkshot\n>p2 move curse\n>p1 move coil\n>p2 move curse\n>p1 move gunkshot\n>p2 move curse\n>p1 move trailblaze\n>p2 move wavecrash\n>p1 switch 2\n>p1 move leafstorm\n>p2 switch 2\n>p1 switch 3\n>p2 move nastyplot\n>p1 move icepunch\n>p2 move hypervoice\n>p2 switch 6\n>p1 move flamethrower\n>p2 move earthquake\n>p1 switch 6\n>p1 move liquidation\n>p2 move gunkshot\n>p2 switch 3\n>p1 switch 5\n>p2 move substitute\n>p1 move spikes\n>p2 move calmmind terastallize\n>p1 move spikes\n>p2 move calmmind\n>p1 move icespinner\n>p2 move psyshock\n>p1 switch 4\n>p1 move dazzlinggleam\n>p2 move calmmind\n>p1 move thunderwave\n>p2 move substitute\n>p1 move foulplay\n>p2 move calmmind\n>p1 move thunderwave\n>p2 move psyshock\n>p1 move dazzlinggleam\n>p2 move psyshock\n>p1 switch 3\n>p1 move earthpower\n>p2 move psyshock\n>p1 move earthpower\n>p2 move psyshock\n>p1 switch 5\n>p1 move superpower\n>p2 move gigadrain\n>p2 switch 5\n>p1 move superpower\n>p2 move dragondance\n>p1 move superpower\n>p2 move dragondance\n>p1 move superpower\n>p2 move earthquake", "uploadtime": 1733879172, "views": 1, "formatid": "gen9randombattle", "rating": 1040, "private": 0, "password": null}