{"id": "gen9randombattle-2104959118", "format": "[Gen 9] Random Battle", "players": ["ijhijh", "pokeblade\u2606101"], "log": "|uhtml|medal-msg|<div class=\"broadcast-blue\">Curious what those medals under the avatar are? PS now has Ladder Seasons! For more information, check out the <a href=\"https://www.smogon.com/forums/threads/3740067/\">thread on Smogon.</a></div>\n|badge|p2|silver|gen9randombattle|30-1\n|uhtml|medal-msg|<div class=\"broadcast-blue\">Curious what those medals under the avatar are? PS now has Ladder Seasons! For more information, check out the <a href=\"https://www.smogon.com/forums/threads/3740067/\">thread on Smogon.</a></div>\n|j|\u2606ijhijh\n|j|\u2606pokeblade\u2606101\n|t:|1713298943\n|gametype|singles\n|player|p1|ijhijh|265|2276\n|player|p2|pokeblade\u2606101|#rbtt7teamchiyu|2442\n|teamsize|p1|6\n|teamsize|p2|6\n|gen|9\n|tier|[Gen 9] Random Battle\n|rated|\n|rule|Species Clause: Limit one of each Pok\u00e9mon\n|rule|HP Percentage Mod: HP is shown in percentages\n|rule|Sleep Clause Mod: Limit one foe put to sleep\n|rule|Illusion Level Mod: Illusion disguises the Pok\u00e9mon's true level\n|\n|t:|1713298943\n|start\n|switch|p1a: Honchkrow|Honchkrow, L86, F|312/312\n|switch|p2a: Bruxish|Bruxish, L85, M|254/254\n|turn|1\n|\n|t:|1713298953\n|switch|p2a: Toxapex|Toxapex, L82, F|216/216\n|move|p1a: Honchkrow|U-turn|p2a: Toxapex\n|-resisted|p2a: Toxapex\n|-damage|p2a: Toxapex|194/216\n|-damage|p1a: Honchkrow|260/312|[from] item: Rocky Helmet|[of] p2a: Toxapex\n|\n|t:|1713298991\n|switch|p1a: Flutter Mane|Flutter Mane, L74|203/203|[from] U-turn\n|\n|upkeep\n|turn|2\n|\n|t:|1713299007\n|move|p1a: Flutter Mane|Psyshock|p2a: Toxapex\n|-supereffective|p2a: Toxapex\n|-damage|p2a: Toxapex|84/216\n|move|p2a: Toxapex|Toxic|p1a: Flutter Mane\n|-status|p1a: Flutter Mane|tox\n|\n|-damage|p1a: Flutter Mane|191/203 tox|[from] psn\n|upkeep\n|turn|3\n|\n|t:|1713299016\n|-end|p1a: Flutter Mane|Protosynthesis|[silent]\n|switch|p1a: Mabosstiff|Mabosstiff, L85, M|275/275\n|switch|p2a: Trevenant|Trevenant, L88, M|293/293\n|\n|upkeep\n|turn|4\n|\n|t:|1713299019\n|move|p2a: Trevenant|Protect|p2a: Trevenant\n|-singleturn|p2a: Trevenant|Protect\n|move|p1a: Mabosstiff|Crunch|p2a: Trevenant\n|-activate|p2a: Trevenant|move: Protect\n|\n|upkeep\n|turn|5\n|\n|t:|1713299021\n|switch|p2a: Iron Hands|Iron Hands, L79|373/373\n|move|p1a: Mabosstiff|Crunch|p2a: Iron Hands\n|-resisted|p2a: Iron Hands\n|-damage|p2a: Iron Hands|286/373\n|\n|upkeep\n|turn|6\n|\n|t:|1713299039\n|switch|p1a: Alcremie|Alcremie-Mint-Cream, L90, F|263/263\n|move|p2a: Iron Hands|Thunder Punch|p1a: Alcremie\n|-damage|p1a: Alcremie|164/263\n|\n|-heal|p1a: Alcremie|180/263|[from] item: Leftovers\n|upkeep\n|turn|7\n|\n|t:|1713299089\n|-end|p2a: Iron Hands|Quark Drive|[silent]\n|switch|p2a: Toxapex|Toxapex, L82, F|156/216\n|move|p1a: Alcremie|Calm Mind|p1a: Alcremie\n|-boost|p1a: Alcremie|spa|1\n|-boost|p1a: Alcremie|spd|1\n|\n|-heal|p1a: Alcremie|196/263|[from] item: Leftovers\n|upkeep\n|turn|8\n|\n|t:|1713299106\n|switch|p2a: Trevenant|Trevenant, L88, M|293/293\n|-terastallize|p1a: Alcremie|Poison\n|move|p1a: Alcremie|Psyshock|p2a: Trevenant\n|-damage|p2a: Trevenant|173/293\n|\n|-heal|p1a: Alcremie|212/263|[from] item: Leftovers\n|upkeep\n|turn|9\n|\n|t:|1713299114\n|move|p1a: Alcremie|Alluring Voice|p2a: Trevenant\n|-damage|p2a: Trevenant|10/293\n|-enditem|p2a: Trevenant|Sitrus Berry|[eat]\n|-heal|p2a: Trevenant|83/293|[from] item: Sitrus Berry\n|move|p2a: Trevenant|Poltergeist|p1a: Alcremie\n|-activate|p1a: Alcremie|move: Poltergeist|Leftovers\n|-damage|p1a: Alcremie|65/263\n|\n|-heal|p1a: Alcremie|81/263|[from] item: Leftovers\n|upkeep\n|turn|10\n|\n|t:|1713299129\n|move|p1a: Alcremie|Recover|p1a: Alcremie\n|-heal|p1a: Alcremie|213/263\n|move|p2a: Trevenant|Poltergeist|p1a: Alcremie\n|-activate|p1a: Alcremie|move: Poltergeist|Leftovers\n|-damage|p1a: Alcremie|77/263\n|\n|-heal|p1a: Alcremie|93/263|[from] item: Leftovers\n|-item|p2a: Trevenant|Sitrus Berry|[from] ability: Harvest\n|upkeep\n|-enditem|p2a: Trevenant|Sitrus Berry|[eat]\n|-heal|p2a: Trevenant|156/293|[from] item: Sitrus Berry\n|turn|11\n|\n|t:|1713299133\n|move|p1a: Alcremie|Alluring Voice|p2a: Trevenant\n|-damage|p2a: Trevenant|0 fnt\n|faint|p2a: Trevenant\n|\n|-heal|p1a: Alcremie|109/263|[from] item: Leftovers\n|upkeep\n|\n|t:|1713299136\n|switch|p2a: Bruxish|Bruxish, L85, M|254/254\n|turn|12\n|\n|t:|1713299149\n|switch|p1a: Blastoise|Blastoise, L80, F|258/258\n|move|p2a: Bruxish|Wave Crash|p1a: Blastoise\n|-resisted|p1a: Blastoise\n|-damage|p1a: Blastoise|176/258\n|-damage|p2a: Bruxish|227/254|[from] Recoil\n|-damage|p2a: Bruxish|202/254|[from] item: Life Orb\n|\n|upkeep\n|turn|13\n|j| Teres bahji\n|\n|t:|1713299173\n|move|p2a: Bruxish|Psychic Fangs|p1a: Blastoise\n|-damage|p1a: Blastoise|0 fnt\n|faint|p1a: Blastoise\n|-damage|p2a: Bruxish|177/254|[from] item: Life Orb\n|\n|upkeep\n|\n|t:|1713299178\n|switch|p1a: Mabosstiff|Mabosstiff, L85, M|275/275\n|turn|14\n|\n|t:|1713299231\n|switch|p2a: Toxapex|Toxapex, L82, F|216/216\n|move|p1a: Mabosstiff|Retaliate|p2a: Toxapex\n|-damage|p2a: Toxapex|42/216\n|-damage|p1a: Mabosstiff|230/275|[from] item: Rocky Helmet|[of] p2a: Toxapex\n|\n|upkeep\n|turn|15\n|\n|t:|1713299248\n|switch|p1a: Flutter Mane|Flutter Mane, L74|191/203 tox\n|switch|p2a: Calyrex|Calyrex-Ice, L72|263/263\n|-ability|p2a: Calyrex|As One\n|-ability|p2a: Calyrex|Unnerve\n|\n|-damage|p1a: Flutter Mane|179/203 tox|[from] psn\n|upkeep\n|turn|16\n|\n|t:|1713299297\n|move|p1a: Flutter Mane|Shadow Ball|p2a: Calyrex\n|-supereffective|p2a: Calyrex\n|-damage|p2a: Calyrex|53/263\n|-enditem|p2a: Calyrex|Weakness Policy\n|-boost|p2a: Calyrex|atk|2|[from] item: Weakness Policy\n|-boost|p2a: Calyrex|spa|2|[from] item: Weakness Policy\n|move|p2a: Calyrex|Glacial Lance|p1a: Flutter Mane\n|-damage|p1a: Flutter Mane|0 fnt\n|faint|p1a: Flutter Mane\n|-end|p1a: Flutter Mane|Protosynthesis|[silent]\n|-ability|p2a: Calyrex|Chilling Neigh|boost\n|-boost|p2a: Calyrex|atk|1\n|\n|upkeep\n|\n|t:|1713299305\n|switch|p1a: Mabosstiff|Mabosstiff, L85, M|230/275\n|turn|17\n|\n|t:|1713299308\n|move|p1a: Mabosstiff|Crunch|p2a: Calyrex\n|-supereffective|p2a: Calyrex\n|-damage|p2a: Calyrex|0 fnt\n|faint|p2a: Calyrex\n|\n|upkeep\n|\n|t:|1713299311\n|switch|p2a: Iron Hands|Iron Hands, L79|286/373\n|turn|18\n|\n|t:|1713299335\n|switch|p1a: Honchkrow|Honchkrow, L86, F|260/312\n|move|p2a: Iron Hands|Thunder Punch|p1a: Honchkrow\n|-supereffective|p1a: Honchkrow\n|-damage|p1a: Honchkrow|0 fnt\n|faint|p1a: Honchkrow\n|\n|upkeep\n|\n|t:|1713299337\n|switch|p1a: Alcremie|Alcremie-Mint-Cream, L90, F, tera:Poison|109/263\n|turn|19\n|\n|t:|1713299408\n|-end|p2a: Iron Hands|Quark Drive|[silent]\n|switch|p2a: Bruxish|Bruxish, L85, M|177/254\n|move|p1a: Alcremie|Recover|p1a: Alcremie\n|-heal|p1a: Alcremie|241/263\n|\n|-heal|p1a: Alcremie|257/263|[from] item: Leftovers\n|upkeep\n|turn|20\n|\n|t:|1713299416\n|switch|p1a: Mabosstiff|Mabosstiff, L85, M|230/275\n|move|p2a: Bruxish|Wave Crash|p1a: Mabosstiff\n|-damage|p1a: Mabosstiff|47/275\n|-damage|p2a: Bruxish|117/254|[from] Recoil\n|-damage|p2a: Bruxish|92/254|[from] item: Life Orb\n|\n|upkeep\n|turn|21\n|\n|t:|1713299430\n|move|p1a: Mabosstiff|Crunch|p2a: Bruxish\n|-supereffective|p2a: Bruxish\n|-damage|p2a: Bruxish|0 fnt\n|faint|p2a: Bruxish\n|\n|upkeep\n|\n|t:|1713299449\n|switch|p2a: Iron Hands|Iron Hands, L79|286/373\n|turn|22\n|\n|t:|1713299452\n|switch|p1a: Alcremie|Alcremie-Mint-Cream, L90, F, tera:Poison|257/263\n|-terastallize|p2a: Iron Hands|Electric\n|move|p2a: Iron Hands|Thunder Punch|p1a: Alcremie\n|-damage|p1a: Alcremie|117/263\n|\n|-heal|p1a: Alcremie|133/263|[from] item: Leftovers\n|upkeep\n|turn|23\n|\n|t:|1713299483\n|move|p1a: Alcremie|Alluring Voice|p2a: Iron Hands\n|-damage|p2a: Iron Hands|198/373\n|move|p2a: Iron Hands|Thunder Punch|p1a: Alcremie\n|-damage|p1a: Alcremie|5/263\n|-status|p1a: Alcremie|par\n|\n|-heal|p1a: Alcremie|21/263 par|[from] item: Leftovers\n|upkeep\n|turn|24\n|\n|t:|1713299589\n|move|p2a: Iron Hands|Thunder Punch|p1a: Alcremie\n|-damage|p1a: Alcremie|0 fnt\n|faint|p1a: Alcremie\n|\n|upkeep\n|\n|t:|1713299665\n|switch|p1a: Mabosstiff|Mabosstiff, L85, M|47/275\n|turn|25\n|\n|t:|1713299672\n|move|p1a: Mabosstiff|Crunch|p2a: Iron Hands\n|-damage|p2a: Iron Hands|96/373\n|move|p2a: Iron Hands|Ice Punch|p1a: Mabosstiff\n|-damage|p1a: Mabosstiff|0 fnt\n|faint|p1a: Mabosstiff\n|\n|upkeep\n|\n|t:|1713299675\n|switch|p1a: Polteageist|Polteageist, L79|224/224\n|turn|26\n|\n|t:|1713299680\n|move|p1a: Polteageist|Shell Smash|p1a: Polteageist\n|-unboost|p1a: Polteageist|def|1\n|-unboost|p1a: Polteageist|spd|1\n|-boost|p1a: Polteageist|atk|2\n|-boost|p1a: Polteageist|spa|2\n|-boost|p1a: Polteageist|spe|2\n|-enditem|p1a: Polteageist|White Herb\n|-clearnegativeboost|p1a: Polteageist|[silent]\n|move|p2a: Iron Hands|Thunder Punch|p1a: Polteageist\n|-damage|p1a: Polteageist|62/224\n|\n|upkeep\n|turn|27\n|\n|t:|1713299714\n|move|p1a: Polteageist|Strength Sap|p2a: Iron Hands\n|-unboost|p2a: Iron Hands|atk|1\n|-heal|p1a: Polteageist|224/224\n|move|p2a: Iron Hands|Thunder Punch|p1a: Polteageist\n|-damage|p1a: Polteageist|104/224\n|-start|p2a: Iron Hands|Disable|Thunder Punch|[from] ability: Cursed Body|[of] p1a: Polteageist\n|\n|upkeep\n|turn|28\n|\n|t:|1713299770\n|move|p1a: Polteageist|Strength Sap|p2a: Iron Hands\n|-unboost|p2a: Iron Hands|atk|1\n|-heal|p1a: Polteageist|224/224\n|move|p2a: Iron Hands|Ice Punch|p1a: Polteageist\n|-damage|p1a: Polteageist|184/224\n|-status|p1a: Polteageist|frz\n|\n|upkeep\n|turn|29\n|\n|t:|1713299775\n|-end|p2a: Iron Hands|Quark Drive|[silent]\n|switch|p2a: Toxapex|Toxapex, L82, F|114/216\n|-curestatus|p1a: Polteageist|frz|[msg]\n|move|p1a: Polteageist|Shadow Ball|p2a: Toxapex\n|-damage|p2a: Toxapex|0 fnt\n|faint|p2a: Toxapex\n|\n|upkeep\n|c|\u2606pokeblade\u2606101|my only chance\n|\n|t:|1713299805\n|switch|p2a: Thundurus|Thundurus-Therian, L80, M|258/258\n|turn|30\n|\n|t:|1713299810\n|move|p1a: Polteageist|Stored Power|p2a: Thundurus\n|-damage|p2a: Thundurus|23/258\n|move|p2a: Thundurus|Thunderbolt|p1a: Polteageist\n|-damage|p1a: Polteageist|75/224\n|\n|upkeep\n|turn|31\n|-message|pokeblade\u2606101 forfeited.\n|\n|win|ijhijh\n|raw|ijhijh's rating: 2276 &rarr; <strong>2304</strong><br />(+28 for winning)\n|raw|pokeblade\u2606101's rating: 2427 &rarr; <strong>2399</strong><br />(-28 for losing)\n|l|\u2606pokeblade\u2606101\n|player|p2|\n|l|\u2606ijhijh\n|player|p1|\n|j|+Aqua\n", "inputlog": ">version 94cb14e6e593f9434fd234bef139544825d280b8\n>start {\"formatid\":\"gen9randombattle\",\"seed\":[39196,50583,11814,51512],\"rated\":\"Rated battle\"}\n>player p1 {\"name\":\"ijhijh\",\"avatar\":\"265\",\"rating\":2276,\"seed\":[14852,46393,22655,20019]}\n>player p2 {\"name\":\"pokeblade\u2606101\",\"avatar\":\"#rbtt7teamchiyu\",\"rating\":2442,\"seed\":[41296,5591,57886,16590]}\n>p1 move uturn\n>p2 switch 6\n>p1 switch 5\n>p1 move psyshock\n>p2 move toxic\n>p1 switch 4\n>p2 switch 3\n>p1 move crunch\n>p2 move protect\n>p1 move crunch\n>p2 switch 2\n>p1 switch 2\n>p2 move thunderpunch\n>p1 move calmmind\n>p2 switch 3\n>p1 move psyshock terastallize\n>p2 switch 2\n>p1 move alluringvoice\n>p2 move poltergeist\n>p1 move recover\n>p2 move poltergeist\n>p1 move alluringvoice\n>p2 move poltergeist\n>p2 switch 6\n>p1 switch 6\n>p2 move wavecrash\n>p1 move hydropump\n>p2 move psychicfangs\n>p1 switch 2\n>p1 move retaliate\n>p2 switch 2\n>p1 switch 4\n>p2 switch 4\n>p1 move shadowball\n>p2 move glaciallance\n>p1 switch 4\n>p1 move crunch\n>p2 move closecombat\n>p2 switch 3\n>p1 switch 5\n>p2 move thunderpunch\n>p1 switch 6\n>p1 move recover\n>p2 switch 2\n>p1 switch 5\n>p2 move wavecrash\n>p1 move crunch\n>p2 move wavecrash\n>p2 switch 2\n>p1 switch 5\n>p2 move thunderpunch terastallize\n>p1 move alluringvoice\n>p2 move thunderpunch\n>p1 move alluringvoice\n>p2 move thunderpunch\n>p1 switch 5\n>p1 move crunch\n>p2 move icepunch\n>p1 switch 3\n>p1 move shellsmash\n>p2 move thunderpunch\n>p1 move strengthsap\n>p2 move thunderpunch\n>p1 move strengthsap\n>p2 move icepunch\n>p1 move shadowball\n>p2 switch 4\n>chat \u2606pokeblade\u2606101|my only chance\n>p2 switch 5\n>p1 move storedpower\n>p2 move thunderbolt\n>forcelose p2", "uploadtime": 1713300801, "views": 243, "formatid": "gen9randombattle", "rating": 2304, "private": 0, "password": null}