{"id": "gen9randombattle-2260380272", "format": "[Gen 9] Random Battle", "players": ["pokeffi", "hero549"], "log": "|j|\u2606pokeffi\n|j|\u2606hero549\n|t:|1733845917\n|gametype|singles\n|player|p1|pokeffi|waiter-gen4dp|1325\n|player|p2|hero549|eusine|1338\n|teamsize|p1|6\n|teamsize|p2|6\n|gen|9\n|tier|[Gen 9] Random Battle\n|rated|\n|rule|Species Clause: Limit one of each Pok\u00e9mon\n|rule|HP Percentage Mod: HP is shown in percentages\n|rule|Sleep Clause Mod: Limit one foe put to sleep\n|rule|Illusion Level Mod: Illusion disguises the Pok\u00e9mon's true level\n|\n|t:|1733845917\n|start\n|switch|p1a: Tyranitar|Tyranitar, L79, F|288/288\n|switch|p2a: Volcanion|Volcanion, L79|255/255\n|-weather|Sandstorm|[from] ability: Sand Stream|[of] p1a: Tyranitar\n|turn|1\n|\n|t:|1733845936\n|move|p2a: Volcanion|Steam Eruption|p1a: Tyranitar\n|-supereffective|p1a: Tyranitar\n|-damage|p1a: Tyranitar|132/288\n|move|p1a: Tyranitar|Stone Edge|p2a: Volcanion\n|-supereffective|p2a: Volcanion\n|-damage|p2a: Volcanion|67/255\n|\n|-weather|Sandstorm|[upkeep]\n|-damage|p2a: Volcanion|52/255|[from] Sandstorm\n|-heal|p1a: Tyranitar|150/288|[from] item: Leftovers\n|upkeep\n|turn|2\n|\n|t:|1733845951\n|switch|p1a: Vaporeon|Vaporeon, L86, F|364/364\n|move|p2a: Volcanion|Steam Eruption|p1a: Vaporeon\n|-immune|p1a: Vaporeon|[from] ability: Water Absorb\n|\n|-weather|Sandstorm|[upkeep]\n|-damage|p1a: Vaporeon|342/364|[from] Sandstorm\n|-damage|p2a: Volcanion|37/255|[from] Sandstorm\n|-heal|p1a: Vaporeon|364/364|[from] item: Leftovers\n|upkeep\n|turn|3\n|\n|t:|1733845969\n|switch|p2a: Fezandipiti|Fezandipiti, L82, M|278/278\n|move|p1a: Vaporeon|Calm Mind|p1a: Vaporeon\n|-boost|p1a: Vaporeon|spa|1\n|-boost|p1a: Vaporeon|spd|1\n|\n|-weather|Sandstorm|[upkeep]\n|-damage|p2a: Fezandipiti|261/278|[from] Sandstorm\n|-damage|p1a: Vaporeon|342/364|[from] Sandstorm\n|-heal|p1a: Vaporeon|364/364|[from] item: Leftovers\n|upkeep\n|turn|4\n|\n|t:|1733846003\n|-terastallize|p1a: Vaporeon|Poison\n|move|p2a: Fezandipiti|Beat Up|p1a: Vaporeon\n|-damage|p1a: Vaporeon|351/364\n|-crit|p1a: Vaporeon\n|-damage|p1a: Vaporeon|340/364\n|-damage|p1a: Vaporeon|327/364\n|-damage|p1a: Vaporeon|314/364\n|-damage|p1a: Vaporeon|300/364\n|-damage|p1a: Vaporeon|291/364\n|-hitcount|p1a: Vaporeon|6\n|move|p1a: Vaporeon|Scald|p2a: Fezandipiti\n|-damage|p2a: Fezandipiti|188/278\n|\n|-weather|Sandstorm|[upkeep]\n|-damage|p2a: Fezandipiti|171/278|[from] Sandstorm\n|-damage|p1a: Vaporeon|269/364|[from] Sandstorm\n|-heal|p1a: Vaporeon|291/364|[from] item: Leftovers\n|upkeep\n|turn|5\n|\n|t:|1733846023\n|move|p2a: Fezandipiti|U-turn|p1a: Vaporeon\n|-resisted|p1a: Vaporeon\n|-damage|p1a: Vaporeon|264/364\n|\n|t:|1733846028\n|switch|p2a: Mew|Mew, L82|298/298|[from] U-turn\n|move|p1a: Vaporeon|Wish|p1a: Vaporeon\n|\n|-weather|none\n|-heal|p1a: Vaporeon|286/364|[from] item: Leftovers\n|upkeep\n|turn|6\n|\n|t:|1733846039\n|switch|p1a: Tyranitar|Tyranitar, L79, F|150/288\n|-weather|Sandstorm|[from] ability: Sand Stream|[of] p1a: Tyranitar\n|move|p2a: Mew|Swords Dance|p2a: Mew\n|-boost|p2a: Mew|atk|2\n|\n|-weather|Sandstorm|[upkeep]\n|-damage|p2a: Mew|280/298|[from] Sandstorm\n|-heal|p1a: Tyranitar|288/288|[from] move: Wish|[wisher] Vaporeon\n|upkeep\n|turn|7\n|\n|t:|1733846056\n|move|p2a: Mew|Close Combat|p1a: Tyranitar\n|-supereffective|p1a: Tyranitar\n|-damage|p1a: Tyranitar|0 fnt\n|-unboost|p2a: Mew|def|1\n|-unboost|p2a: Mew|spd|1\n|faint|p1a: Tyranitar\n|-damage|p2a: Mew|251/298|[from] item: Life Orb\n|\n|-weather|Sandstorm|[upkeep]\n|-damage|p2a: Mew|233/298|[from] Sandstorm\n|upkeep\n|\n|t:|1733846078\n|switch|p1a: Basculegion|Basculegion, L81, M|327/327\n|turn|8\n|\n|t:|1733846086\n|move|p2a: Mew|Knock Off|p1a: Basculegion\n|-supereffective|p1a: Basculegion\n|-damage|p1a: Basculegion|0 fnt\n|-enditem|p1a: Basculegion|Assault Vest|[from] move: Knock Off|[of] p2a: Mew\n|faint|p1a: Basculegion\n|-damage|p2a: Mew|204/298|[from] item: Life Orb\n|\n|-weather|Sandstorm|[upkeep]\n|-damage|p2a: Mew|186/298|[from] Sandstorm\n|upkeep\n|-message|pokeffi forfeited.\n|\n|win|hero549\n|raw|pokeffi's rating: 1325 &rarr; <strong>1306</strong><br />(-19 for losing)\n|raw|hero549's rating: 1338 &rarr; <strong>1357</strong><br />(+19 for winning)\n|l|\u2606pokeffi\n|player|p1|\n", "inputlog": ">version bfd83cad13791eb5a5a409923076391caf6fb4d4\n>start {\"formatid\":\"gen9randombattle\",\"seed\":[41825,42039,2987,53420],\"rated\":\"Rated battle\"}\n>player p1 {\"name\":\"pokeffi\",\"avatar\":\"waiter-gen4dp\",\"rating\":1325,\"seed\":[9083,17512,16937,25797]}\n>player p2 {\"name\":\"hero549\",\"avatar\":\"eusine\",\"rating\":1338,\"seed\":[31353,48829,2497,22516]}\n>p1 move stoneedge\n>p2 move steameruption\n>p1 switch 6\n>p2 move steameruption\n>p1 move calmmind\n>p2 switch 3\n>p1 move scald terastallize\n>p2 move beatup\n>p1 move wish\n>p2 move uturn\n>p2 switch 5\n>p1 switch 6\n>p2 move swordsdance\n>p1 move knockoff\n>p2 move closecombat\n>p1 switch 2\n>p1 move shadowball\n>p2 move knockoff\n>forcelose p1", "uploadtime": 1733846186, "views": 2, "formatid": "gen9randombattle", "rating": 1306, "private": 0, "password": null}