{"id": "gen9randombattle-2260780290", "format": "[Gen 9] Random Battle", "players": ["xinyazhili", "Zara home 001"], "log": "|j|\u2606xinyazhili\n|j|\u2606Zara home 001\n|t:|1733890950\n|gametype|singles\n|player|p1|xinyazhili|170|\n|player|p2|Zara home 001|266|\n|teamsize|p1|6\n|teamsize|p2|6\n|gen|9\n|tier|[Gen 9] Random Battle\n|rule|Species Clause: Limit one of each Pok\u00e9mon\n|rule|HP Percentage Mod: HP is shown in percentages\n|rule|Sleep Clause Mod: Limit one foe put to sleep\n|rule|Illusion Level Mod: Illusion disguises the Pok\u00e9mon's true level\n|\n|t:|1733890950\n|start\n|switch|p1a: Sawsbuck|Sawsbuck-Winter, L88, F|284/284\n|switch|p2a: Forretress|Forretress, L84, F|263/263\n|turn|1\n|inactive|Battle timer is ON: inactive players will automatically lose when time's up. (requested by xinyazhili)\n|\n|t:|1733890958\n|move|p1a: Sawsbuck|Swords Dance|p1a: Sawsbuck\n|-boost|p1a: Sawsbuck|atk|2\n|move|p2a: Forretress|Toxic Spikes|p1a: Sawsbuck\n|-sidestart|p1: xinyazhili|move: Toxic Spikes\n|\n|upkeep\n|turn|2\n|\n|t:|1733890961\n|move|p1a: Sawsbuck|Horn Leech|p2a: Forretress\n|-resisted|p2a: Forretress\n|-damage|p2a: Forretress|220/263\n|-damage|p1a: Sawsbuck|256/284|[from] item: Life Orb\n|move|p2a: Forretress|Toxic Spikes|p1a: Sawsbuck\n|-sidestart|p1: xinyazhili|move: Toxic Spikes\n|\n|-heal|p2a: Forretress|236/263|[from] item: Leftovers\n|upkeep\n|turn|3\n|\n|t:|1733890964\n|move|p1a: Sawsbuck|High Horsepower|p2a: Forretress\n|-damage|p2a: Forretress|94/263\n|-damage|p1a: Sawsbuck|228/284|[from] item: Life Orb\n|move|p2a: Forretress|Volt Switch|p1a: Sawsbuck\n|-resisted|p1a: Sawsbuck\n|-damage|p1a: Sawsbuck|207/284\n|\n|t:|1733890974\n|switch|p2a: Zarude|Zarude, L78|292/292|[from] Volt Switch\n|\n|upkeep\n|turn|4\n|\n|t:|1733890980\n|move|p2a: Zarude|Close Combat|p1a: Sawsbuck\n|-supereffective|p1a: Sawsbuck\n|-damage|p1a: Sawsbuck|0 fnt\n|-unboost|p2a: Zarude|def|1\n|-unboost|p2a: Zarude|spd|1\n|faint|p1a: Sawsbuck\n|\n|upkeep\n|\n|t:|1733890985\n|switch|p1a: Pecharunt|Pecharunt, L77|262/262\n|-sideend|p1: xinyazhili|move: Toxic Spikes|[of] p1a: Pecharunt\n|turn|5\n|\n|t:|1733890990\n|switch|p2a: Forretress|Forretress, L84, F|94/263\n|move|p1a: Pecharunt|Shadow Ball|p2a: Forretress\n|-damage|p2a: Forretress|10/263\n|\n|-heal|p2a: Forretress|26/263|[from] item: Leftovers\n|upkeep\n|turn|6\n|\n|t:|1733890993\n|move|p1a: Pecharunt|Shadow Ball|p2a: Forretress\n|-damage|p2a: Forretress|0 fnt\n|faint|p2a: Forretress\n|\n|upkeep\n|\n|t:|1733890997\n|switch|p2a: Zarude|Zarude, L78|292/292\n|turn|7\n|\n|t:|1733891015\n|-terastallize|p1a: Pecharunt|Dark\n|move|p2a: Zarude|Knock Off|p1a: Pecharunt\n|-resisted|p1a: Pecharunt\n|-damage|p1a: Pecharunt|224/262\n|-enditem|p1a: Pecharunt|Leftovers|[from] move: Knock Off|[of] p2a: Zarude\n|move|p1a: Pecharunt|Malignant Chain|p2a: Zarude\n|-supereffective|p2a: Zarude\n|-damage|p2a: Zarude|110/292\n|\n|upkeep\n|turn|8\n|\n|t:|1733891023\n|switch|p2a: Annihilape|Annihilape, L76, M|292/292\n|move|p1a: Pecharunt|Malignant Chain|p2a: Annihilape\n|-resisted|p2a: Annihilape\n|-damage|p2a: Annihilape|250/292\n|\n|-heal|p2a: Annihilape|268/292|[from] item: Leftovers\n|upkeep\n|turn|9\n|\n|t:|1733891030\n|switch|p1a: Spiritomb|Spiritomb, L89, M|234/234\n|move|p2a: Annihilape|Drain Punch|p1a: Spiritomb\n|-immune|p1a: Spiritomb\n|\n|-heal|p2a: Annihilape|286/292|[from] item: Leftovers\n|upkeep\n|turn|10\n|\n|t:|1733891038\n|switch|p2a: Araquanid|Araquanid, L82, F|246/246\n|move|p1a: Spiritomb|Poltergeist|p2a: Araquanid\n|-activate|p2a: Araquanid|move: Poltergeist|Heavy-Duty Boots\n|-damage|p2a: Araquanid|45/246\n|\n|upkeep\n|turn|11\n|\n|t:|1733891043\n|move|p2a: Araquanid|Sticky Web|p1a: Spiritomb\n|-sidestart|p1: xinyazhili|move: Sticky Web\n|move|p1a: Spiritomb|Poltergeist|p2a: Araquanid\n|-activate|p2a: Araquanid|move: Poltergeist|Heavy-Duty Boots\n|-damage|p2a: Araquanid|0 fnt\n|faint|p2a: Araquanid\n|\n|upkeep\n|\n|t:|1733891046\n|switch|p2a: Deoxys|Deoxys-Attack, L72|191/191\n|-ability|p2a: Deoxys|Pressure\n|turn|12\n|\n|t:|1733891049\n|switch|p2a: Zarude|Zarude, L78|110/292\n|move|p1a: Spiritomb|Poltergeist|p2a: Zarude\n|-activate|p2a: Zarude|move: Poltergeist|Choice Scarf\n|-resisted|p2a: Zarude\n|-damage|p2a: Zarude|18/292\n|\n|upkeep\n|turn|13\n|\n|t:|1733891055\n|switch|p1a: Pecharunt|Pecharunt, L77, tera:Dark|224/262\n|-activate|p1a: Pecharunt|move: Sticky Web\n|-unboost|p1a: Pecharunt|spe|1\n|move|p2a: Zarude|Power Whip|p1a: Pecharunt\n|-damage|p1a: Pecharunt|130/262\n|\n|upkeep\n|turn|14\n|\n|t:|1733891060\n|move|p2a: Zarude|Power Whip|p1a: Pecharunt\n|-damage|p1a: Pecharunt|37/262\n|move|p1a: Pecharunt|Recover|p1a: Pecharunt\n|-heal|p1a: Pecharunt|168/262\n|\n|upkeep\n|turn|15\n|\n|t:|1733891063\n|move|p2a: Zarude|Power Whip|p1a: Pecharunt|[miss]\n|-miss|p2a: Zarude|p1a: Pecharunt\n|move|p1a: Pecharunt|Recover|p1a: Pecharunt\n|-heal|p1a: Pecharunt|262/262\n|\n|upkeep\n|turn|16\n|\n|t:|1733891066\n|move|p2a: Zarude|Power Whip|p1a: Pecharunt\n|-damage|p1a: Pecharunt|168/262\n|move|p1a: Pecharunt|Malignant Chain|p2a: Zarude\n|-supereffective|p2a: Zarude\n|-damage|p2a: Zarude|0 fnt\n|faint|p2a: Zarude\n|\n|upkeep\n|\n|t:|1733891069\n|switch|p2a: Annihilape|Annihilape, L76, M|286/292\n|turn|17\n|\n|t:|1733891074\n|-terastallize|p2a: Annihilape|Water\n|move|p2a: Annihilape|Bulk Up|p2a: Annihilape\n|-boost|p2a: Annihilape|atk|1\n|-boost|p2a: Annihilape|def|1\n|move|p1a: Pecharunt|Shadow Ball|p2a: Annihilape\n|-damage|p2a: Annihilape|210/292\n|\n|-heal|p2a: Annihilape|228/292|[from] item: Leftovers\n|upkeep\n|turn|18\n|\n|t:|1733891077\n|move|p2a: Annihilape|Drain Punch|p1a: Pecharunt\n|-supereffective|p1a: Pecharunt\n|-damage|p1a: Pecharunt|10/262\n|-heal|p2a: Annihilape|292/292|[from] drain|[of] p1a: Pecharunt\n|move|p1a: Pecharunt|Parting Shot|p2a: Annihilape\n|-unboost|p2a: Annihilape|atk|1\n|-ability|p2a: Annihilape|Defiant|boost\n|-boost|p2a: Annihilape|atk|2\n|-unboost|p2a: Annihilape|spa|1\n|-ability|p2a: Annihilape|Defiant|boost\n|-boost|p2a: Annihilape|atk|2\n|\n|t:|1733891083\n|switch|p1a: Abomasnow|Abomasnow, L85, F|291/291|[from] Parting Shot\n|-activate|p1a: Abomasnow|move: Sticky Web\n|-unboost|p1a: Abomasnow|spe|1\n|-weather|Snow|[from] ability: Snow Warning|[of] p1a: Abomasnow\n|\n|-weather|Snow|[upkeep]\n|upkeep\n|turn|19\n|\n|t:|1733891094\n|move|p2a: Annihilape|Rage Fist|p1a: Abomasnow\n|-damage|p1a: Abomasnow|0 fnt\n|faint|p1a: Abomasnow\n|\n|-weather|Snow|[upkeep]\n|upkeep\n|\n|t:|1733891097\n|switch|p1a: Minior|Minior, L79|224/224\n|-formechange|p1a: Minior|Minior-Meteor||[from] ability: Shields Down\n|turn|20\n|\n|t:|1733891103\n|move|p2a: Annihilape|Rage Fist|p1a: Minior\n|-damage|p1a: Minior|0 fnt\n|faint|p1a: Minior\n|\n|-weather|Snow|[upkeep]\n|upkeep\n|\n|t:|1733891111\n|switch|p1a: Seviper|Seviper, L93, M|287/287\n|-activate|p1a: Seviper|move: Sticky Web\n|-unboost|p1a: Seviper|spe|1\n|turn|21\n|\n|t:|1733891118\n|move|p2a: Annihilape|Rage Fist|p1a: Seviper\n|-damage|p1a: Seviper|0 fnt\n|faint|p1a: Seviper\n|\n|-weather|Snow|[upkeep]\n|upkeep\n|\n|t:|1733891121\n|switch|p1a: Spiritomb|Spiritomb, L89, M|234/234\n|-activate|p1a: Spiritomb|move: Sticky Web\n|-unboost|p1a: Spiritomb|spe|1\n|turn|22\n|\n|t:|1733891129\n|move|p2a: Annihilape|Rage Fist|p1a: Spiritomb\n|-damage|p1a: Spiritomb|0 fnt\n|faint|p1a: Spiritomb\n|\n|-weather|none\n|upkeep\n|-message|xinyazhili forfeited.\n|\n|win|Zara home 001\n|l|\u2606xinyazhili\n|player|p1|\n", "inputlog": ">version bfd83cad13791eb5a5a409923076391caf6fb4d4\n>start {\"formatid\":\"gen9randombattle\",\"seed\":[64150,60447,9812,9823]}\n>player p1 {\"name\":\"xinyazhili\",\"avatar\":\"170\",\"rating\":0,\"seed\":[57046,35768,43610,35311]}\n>player p2 {\"name\":\"Zara home 001\",\"avatar\":\"266\",\"rating\":0,\"seed\":[7796,1724,109,60949]}\n>p1 move swordsdance\n>p2 move toxicspikes\n>p1 move hornleech\n>p2 move toxicspikes\n>p1 move highhorsepower\n>p2 move voltswitch\n>p2 switch 3\n>p1 move doubleedge\n>p2 move closecombat\n>p1 switch 4\n>p1 move shadowball\n>p2 switch 3\n>p1 move shadowball\n>p2 move ironhead\n>p2 switch 3\n>p1 move malignantchain terastallize\n>p2 move knockoff\n>p1 move malignantchain\n>p2 switch 2\n>p1 switch 6\n>p2 move drainpunch\n>p1 move poltergeist\n>p2 switch 4\n>p1 move poltergeist\n>p2 move stickyweb\n>p2 switch 6\n>p1 move poltergeist\n>p2 switch 2\n>p1 switch 6\n>p2 move powerwhip\n>p1 move recover\n>p2 move powerwhip\n>p1 move recover\n>p2 move powerwhip\n>p1 move malignantchain\n>p2 move powerwhip\n>p2 switch 4\n>p1 move shadowball\n>p2 move bulkup terastallize\n>p1 move partingshot\n>p2 move drainpunch\n>p1 switch 3\n>p1 move auroraveil\n>p2 move ragefist\n>p1 switch 2\n>p1 move shellsmash\n>p2 move ragefist\n>p1 switch 5\n>p1 move glare\n>p2 move ragefist\n>p1 switch 6\n>p1 move foulplay\n>p2 move ragefist\n>forcelose p1", "uploadtime": 1733891139, "views": 27, "formatid": "gen9randombattle", "rating": null, "private": 0, "password": null}