{"id": "gen9randombattle-2225151519", "format": "[Gen 9] Random Battle", "players": ["jokicstepback", "Kirbo6464"], "log": "|badge|p1|bronze|gen9randombattle|100-3\n|uhtml|medal-msg|<div class=\"broadcast-blue\">Curious what those medals under the avatar are? PS now has Ladder Seasons! For more information, check out the <a href=\"https://www.smogon.com/forums/threads/3740067/\">thread on Smogon.</a></div>\n|j|\u2606jokicstepback\n|j|\u2606Kirbo6464\n|t:|1729192362\n|gametype|singles\n|player|p1|jokicstepback|janitor|2293\n|player|p2|Kirbo6464|n|2243\n|teamsize|p1|6\n|teamsize|p2|6\n|gen|9\n|tier|[Gen 9] Random Battle\n|rated|\n|rule|Species Clause: Limit one of each Pok\u00e9mon\n|rule|HP Percentage Mod: HP is shown in percentages\n|rule|Sleep Clause Mod: Limit one foe put to sleep\n|rule|Illusion Level Mod: Illusion disguises the Pok\u00e9mon's true level\n|\n|t:|1729192362\n|start\n|switch|p1a: Illumise|Illumise, L91, F|266/266\n|switch|p2a: Fezandipiti|Fezandipiti, L82, M|278/278\n|turn|1\n|inactive|Battle timer is ON: inactive players will automatically lose when time's up. (requested by Kirbo6464)\n|\n|t:|1729192374\n|move|p1a: Illumise|Thunder Wave|p2a: Fezandipiti\n|-status|p2a: Fezandipiti|par\n|move|p2a: Fezandipiti|Play Rough|p1a: Illumise\n|-damage|p1a: Illumise|184/266\n|\n|upkeep\n|turn|2\n|\n|t:|1729192379\n|switch|p1a: Empoleon|Empoleon, L84, F|278/278\n|move|p2a: Fezandipiti|U-turn|p1a: Empoleon\n|-resisted|p1a: Empoleon\n|-damage|p1a: Empoleon|257/278\n|\n|t:|1729192391\n|switch|p2a: Zapdos|Zapdos-Galar, L77|265/265|[from] U-turn\n|\n|-heal|p1a: Empoleon|274/278|[from] item: Leftovers\n|upkeep\n|turn|3\n|\n|t:|1729192396\n|switch|p1a: Illumise|Illumise, L91, F|184/266\n|move|p2a: Zapdos|Close Combat|p1a: Illumise\n|-resisted|p1a: Illumise\n|-damage|p1a: Illumise|96/266\n|-unboost|p2a: Zapdos|def|1\n|-unboost|p2a: Zapdos|spd|1\n|-damage|p2a: Zapdos|239/265|[from] item: Life Orb\n|\n|upkeep\n|turn|4\n|\n|t:|1729192399\n|switch|p2a: Fezandipiti|Fezandipiti, L82, M|278/278 par\n|move|p1a: Illumise|Thunder Wave|p2a: Fezandipiti\n|-fail|p2a: Fezandipiti|par\n|\n|upkeep\n|turn|5\n|\n|t:|1729192403\n|move|p1a: Illumise|Roost|p1a: Illumise\n|-heal|p1a: Illumise|229/266\n|-singleturn|p1a: Illumise|move: Roost\n|move|p2a: Fezandipiti|U-turn|p1a: Illumise\n|-damage|p1a: Illumise|181/266\n|\n|t:|1729192405\n|switch|p2a: Zapdos|Zapdos-Galar, L77|239/265|[from] U-turn\n|\n|upkeep\n|turn|6\n|\n|t:|1729192407\n|switch|p2a: Fezandipiti|Fezandipiti, L82, M|278/278 par\n|move|p1a: Illumise|Thunder Wave|p2a: Fezandipiti\n|-fail|p2a: Fezandipiti|par\n|\n|upkeep\n|turn|7\n|\n|t:|1729192414\n|switch|p1a: Magearna|Magearna-Original, L77|250/250\n|cant|p2a: Fezandipiti|par\n|\n|upkeep\n|turn|8\n|\n|t:|1729192421\n|switch|p2a: Ceruledge|Ceruledge, L78, F|245/245\n|move|p1a: Magearna|Flash Cannon|p2a: Ceruledge\n|-resisted|p2a: Ceruledge\n|-damage|p2a: Ceruledge|180/245\n|\n|upkeep\n|turn|9\n|\n|t:|1729192430\n|switch|p1a: Illumise|Illumise, L91, F|181/266\n|move|p2a: Ceruledge|Bitter Blade|p1a: Illumise\n|-supereffective|p1a: Illumise\n|-damage|p1a: Illumise|0 fnt\n|-heal|p2a: Ceruledge|245/245|[from] drain|[of] p1a: Illumise\n|faint|p1a: Illumise\n|\n|upkeep\n|\n|t:|1729192439\n|switch|p1a: Oinkologne|Oinkologne, L92, M|352/352\n|turn|10\n|\n|t:|1729192447\n|switch|p2a: Zapdos|Zapdos-Galar, L77|239/265\n|move|p1a: Oinkologne|Curse|p1a: Oinkologne\n|-unboost|p1a: Oinkologne|spe|1\n|-boost|p1a: Oinkologne|atk|1\n|-boost|p1a: Oinkologne|def|1\n|\n|upkeep\n|turn|11\n|\n|t:|1729192451\n|move|p2a: Zapdos|Bulk Up|p2a: Zapdos\n|-boost|p2a: Zapdos|atk|1\n|-boost|p2a: Zapdos|def|1\n|move|p1a: Oinkologne|Body Slam|p2a: Zapdos\n|-damage|p2a: Zapdos|121/265\n|\n|upkeep\n|turn|12\n|\n|t:|1729192461\n|switch|p1a: Tornadus|Tornadus, L82, M|264/264\n|move|p2a: Zapdos|Close Combat|p1a: Tornadus\n|-resisted|p1a: Tornadus\n|-damage|p1a: Tornadus|115/264\n|-unboost|p2a: Zapdos|def|1\n|-unboost|p2a: Zapdos|spd|1\n|-damage|p2a: Zapdos|95/265|[from] item: Life Orb\n|\n|upkeep\n|turn|13\n|\n|t:|1729192468\n|switch|p2a: Fezandipiti|Fezandipiti, L82, M|278/278 par\n|move|p1a: Tornadus|Bleakwind Storm|p2a: Fezandipiti\n|-crit|p2a: Fezandipiti\n|-damage|p2a: Fezandipiti|130/278 par\n|-unboost|p2a: Fezandipiti|spe|1\n|\n|-heal|p2a: Fezandipiti|147/278 par|[from] item: Leftovers\n|upkeep\n|turn|14\n|\n|t:|1729192474\n|move|p1a: Tornadus|Nasty Plot|p1a: Tornadus\n|-boost|p1a: Tornadus|spa|2\n|move|p2a: Fezandipiti|Roost|p2a: Fezandipiti\n|-heal|p2a: Fezandipiti|278/278 par\n|-singleturn|p2a: Fezandipiti|move: Roost\n|\n|upkeep\n|turn|15\n|\n|t:|1729192476\n|move|p1a: Tornadus|Bleakwind Storm|p2a: Fezandipiti\n|-damage|p2a: Fezandipiti|71/278 par\n|cant|p2a: Fezandipiti|par\n|\n|-heal|p2a: Fezandipiti|88/278 par|[from] item: Leftovers\n|upkeep\n|turn|16\n|\n|t:|1729192479\n|move|p1a: Tornadus|Bleakwind Storm|p2a: Fezandipiti|[miss]\n|-miss|p1a: Tornadus|p2a: Fezandipiti\n|cant|p2a: Fezandipiti|par\n|\n|-heal|p2a: Fezandipiti|105/278 par|[from] item: Leftovers\n|upkeep\n|turn|17\n|\n|t:|1729192482\n|move|p1a: Tornadus|Bleakwind Storm|p2a: Fezandipiti\n|-damage|p2a: Fezandipiti|0 fnt\n|faint|p2a: Fezandipiti\n|\n|upkeep\n|\n|t:|1729192488\n|switch|p2a: Espeon|Espeon, L84, F|246/246\n|turn|18\n|\n|t:|1729192491\n|switch|p1a: Empoleon|Empoleon, L84, F|274/278\n|move|p2a: Espeon|Psychic|p1a: Empoleon\n|-resisted|p1a: Empoleon\n|-damage|p1a: Empoleon|205/278\n|-damage|p2a: Espeon|222/246|[from] item: Life Orb\n|\n|-heal|p1a: Empoleon|222/278|[from] item: Leftovers\n|upkeep\n|turn|19\n|\n|t:|1729192495\n|move|p2a: Espeon|Calm Mind|p2a: Espeon\n|-boost|p2a: Espeon|spa|1\n|-boost|p2a: Espeon|spd|1\n|move|p1a: Empoleon|Surf|p2a: Espeon\n|-damage|p2a: Espeon|155/246\n|\n|-heal|p1a: Empoleon|239/278|[from] item: Leftovers\n|upkeep\n|turn|20\n|\n|t:|1729192498\n|move|p2a: Espeon|Morning Sun|p2a: Espeon\n|-heal|p2a: Espeon|246/246\n|move|p1a: Empoleon|Knock Off|p2a: Espeon\n|-supereffective|p2a: Espeon\n|-damage|p2a: Espeon|94/246\n|-enditem|p2a: Espeon|Life Orb|[from] move: Knock Off|[of] p1a: Empoleon\n|\n|-heal|p1a: Empoleon|256/278|[from] item: Leftovers\n|upkeep\n|turn|21\n|\n|t:|1729192503\n|move|p2a: Espeon|Morning Sun|p2a: Espeon\n|-heal|p2a: Espeon|217/246\n|move|p1a: Empoleon|Knock Off|p2a: Espeon\n|-supereffective|p2a: Espeon\n|-damage|p2a: Espeon|107/246\n|\n|-heal|p1a: Empoleon|273/278|[from] item: Leftovers\n|upkeep\n|turn|22\n|\n|t:|1729192510\n|switch|p2a: Zapdos|Zapdos-Galar, L77|95/265\n|move|p1a: Empoleon|Surf|p2a: Zapdos\n|-damage|p2a: Zapdos|0 fnt\n|faint|p2a: Zapdos\n|\n|-heal|p1a: Empoleon|278/278|[from] item: Leftovers\n|upkeep\n|\n|t:|1729192514\n|switch|p2a: Dusknoir|Dusknoir, L89, M|225/225\n|-item|p1a: Empoleon|Leftovers|[from] ability: Frisk|[of] p2a: Dusknoir\n|turn|23\n|\n|t:|1729192521\n|move|p1a: Empoleon|Knock Off|p2a: Dusknoir\n|-supereffective|p2a: Dusknoir\n|-damage|p2a: Dusknoir|139/225\n|-enditem|p2a: Dusknoir|Leftovers|[from] move: Knock Off|[of] p1a: Empoleon\n|move|p2a: Dusknoir|Earthquake|p1a: Empoleon\n|-supereffective|p1a: Empoleon\n|-damage|p1a: Empoleon|108/278\n|\n|-heal|p1a: Empoleon|125/278|[from] item: Leftovers\n|upkeep\n|turn|24\n|\n|t:|1729192528\n|switch|p2a: Ceruledge|Ceruledge, L78, F|245/245\n|move|p1a: Empoleon|Surf|p2a: Ceruledge\n|-supereffective|p2a: Ceruledge\n|-crit|p2a: Ceruledge\n|-damage|p2a: Ceruledge|0 fnt\n|faint|p2a: Ceruledge\n|\n|-heal|p1a: Empoleon|142/278|[from] item: Leftovers\n|upkeep\n|-message|Kirbo6464 forfeited.\n|\n|win|jokicstepback\n|raw|jokicstepback's rating: 2293 &rarr; <strong>2310</strong><br />(+17 for winning)\n|raw|Kirbo6464's rating: 2243 &rarr; <strong>2226</strong><br />(-17 for losing)\n|l|\u2606Kirbo6464\n|player|p2|\n|c|\u2606jokicstepback|?\n", "inputlog": ">version 24b5ea12b3dbe77b1f0aa07975a48e3bd4b94ca5\n>start {\"formatid\":\"gen9randombattle\",\"seed\":[28098,35246,24975,43166],\"rated\":\"Rated battle\"}\n>player p1 {\"name\":\"jokicstepback\",\"avatar\":\"janitor\",\"rating\":2293,\"seed\":[7025,45809,60394,64934]}\n>player p2 {\"name\":\"Kirbo6464\",\"avatar\":\"n\",\"rating\":2243,\"seed\":[35068,40249,47891,37908]}\n>p1 move thunderwave\n>p2 move playrough\n>p1 switch 4\n>p2 move uturn\n>p2 switch 4\n>p1 switch 4\n>p2 move closecombat\n>p1 move thunderwave\n>p2 switch 4\n>p1 move roost\n>p2 move uturn\n>p2 switch 4\n>p1 move thunderwave\n>p2 switch 4\n>p1 switch 6\n>p2 move uturn\n>p1 move flashcannon\n>p2 switch 5\n>p1 switch 6\n>p2 move bitterblade\n>p1 switch 3\n>p1 move curse\n>p2 switch 4\n>p1 move bodyslam\n>p2 move bulkup\n>p1 switch 2\n>p2 move closecombat\n>p1 move bleakwindstorm\n>p2 switch 5\n>p1 move nastyplot\n>p2 move roost\n>p1 move bleakwindstorm\n>p2 move gunkshot\n>p1 move bleakwindstorm\n>p2 move gunkshot\n>p1 move bleakwindstorm\n>p2 move gunkshot\n>p2 switch 6\n>p1 switch 4\n>p2 move psychic\n>p1 move surf\n>p2 move calmmind\n>p1 move knockoff\n>p2 move morningsun\n>p1 move knockoff\n>p2 move morningsun\n>p1 move surf\n>p2 switch 5\n>p2 switch 2\n>p1 move knockoff\n>p2 move earthquake\n>p1 move surf\n>p2 switch 4\n>forcelose p2", "uploadtime": 1729192535, "views": 56, "formatid": "gen9randombattle", "rating": 2226, "private": 0, "password": null}