{"id": "gen9randombattle-2259936475", "format": "[Gen 9] Random Battle", "players": ["BigManPina", "Titaaa"], "log": "|j|\u2606BigManPina\n|j|\u2606Titaaa\n|t:|1733781837\n|gametype|singles\n|player|p1|BigManPina|2|\n|player|p2|Titaaa|2|\n|teamsize|p1|6\n|teamsize|p2|6\n|gen|9\n|tier|[Gen 9] Random Battle\n|rule|Species Clause: Limit one of each Pok\u00e9mon\n|rule|HP Percentage Mod: HP is shown in percentages\n|rule|Sleep Clause Mod: Limit one foe put to sleep\n|rule|Illusion Level Mod: Illusion disguises the Pok\u00e9mon's true level\n|\n|t:|1733781837\n|start\n|switch|p1a: Ogerpon|Ogerpon-Cornerstone, L76, F|247/247\n|switch|p2a: Tauros|Tauros-Paldea-Aqua, L81, M|252/252\n|turn|1\n|\n|t:|1733781868\n|switch|p1a: Staraptor|Staraptor, L79, F|263/263\n|move|p2a: Tauros|Close Combat|p1a: Staraptor\n|-damage|p1a: Staraptor|112/263\n|-unboost|p2a: Tauros|def|1\n|-unboost|p2a: Tauros|spd|1\n|\n|upkeep\n|turn|2\n|\n|t:|1733781885\n|move|p2a: Tauros|Substitute|p2a: Tauros\n|-start|p2a: Tauros|Substitute\n|-damage|p2a: Tauros|189/252\n|move|p1a: Staraptor|Brave Bird|p2a: Tauros\n|-supereffective|p2a: Tauros\n|-end|p2a: Tauros|Substitute\n|-damage|p1a: Staraptor|91/263|[from] Recoil|[of] p2a: Tauros\n|\n|upkeep\n|turn|3\n|\n|t:|1733781908\n|switch|p1a: Seviper|Seviper, L93, F|287/287\n|move|p2a: Tauros|Close Combat|p1a: Seviper\n|-resisted|p1a: Seviper\n|-damage|p1a: Seviper|206/287\n|-unboost|p2a: Tauros|def|1\n|-unboost|p2a: Tauros|spd|1\n|\n|-heal|p1a: Seviper|223/287|[from] item: Leftovers\n|upkeep\n|turn|4\n|\n|t:|1733781921\n|move|p2a: Tauros|Liquidation|p1a: Seviper\n|-damage|p1a: Seviper|121/287\n|-unboost|p1a: Seviper|def|1\n|move|p1a: Seviper|Swords Dance|p1a: Seviper\n|-boost|p1a: Seviper|atk|2\n|\n|-heal|p1a: Seviper|138/287|[from] item: Leftovers\n|upkeep\n|turn|5\n|\n|t:|1733781932\n|move|p2a: Tauros|Substitute|p2a: Tauros\n|-start|p2a: Tauros|Substitute\n|-damage|p2a: Tauros|126/252\n|-enditem|p2a: Tauros|Sitrus Berry|[eat]\n|-heal|p2a: Tauros|189/252|[from] item: Sitrus Berry\n|move|p1a: Seviper|Trailblaze|p2a: Tauros\n|-supereffective|p2a: Tauros\n|-damage|p2a: Tauros|0 fnt\n|-boost|p1a: Seviper|spe|1\n|faint|p2a: Tauros\n|\n|-heal|p1a: Seviper|155/287|[from] item: Leftovers\n|upkeep\n|\n|t:|1733781947\n|switch|p2a: Gengar|Gengar, L81, M|230/230\n|turn|6\n|\n|t:|1733781956\n|move|p1a: Seviper|Earthquake|p2a: Gengar\n|-supereffective|p2a: Gengar\n|-damage|p2a: Gengar|0 fnt\n|faint|p2a: Gengar\n|\n|-heal|p1a: Seviper|172/287|[from] item: Leftovers\n|upkeep\n|\n|t:|1733781962\n|switch|p2a: Tsareena|Tsareena, L87, F|267/267\n|turn|7\n|\n|t:|1733781969\n|move|p1a: Seviper|Gunk Shot|p2a: Tsareena\n|-supereffective|p2a: Tsareena\n|-damage|p2a: Tsareena|0 fnt\n|faint|p2a: Tsareena\n|\n|-heal|p1a: Seviper|189/287|[from] item: Leftovers\n|upkeep\n|\n|t:|1733781975\n|switch|p2a: Cinccino|Cinccino, L83, F|260/260\n|turn|8\n|\n|t:|1733781981\n|-terastallize|p1a: Seviper|Ground\n|move|p1a: Seviper|Earthquake|p2a: Cinccino\n|-damage|p2a: Cinccino|0 fnt\n|faint|p2a: Cinccino\n|\n|-heal|p1a: Seviper|206/287|[from] item: Leftovers\n|upkeep\n|\n|t:|1733781987\n|switch|p2a: Keldeo|Keldeo-Resolute, L79|273/273\n|turn|9\n|\n|t:|1733782000\n|move|p1a: Seviper|Earthquake|p2a: Keldeo\n|-damage|p2a: Keldeo|0 fnt\n|faint|p2a: Keldeo\n|\n|-heal|p1a: Seviper|223/287|[from] item: Leftovers\n|upkeep\n|\n|t:|1733782007\n|switch|p2a: Persian|Persian, L92, M|269/269\n|turn|10\n|\n|t:|1733782011\n|move|p2a: Persian|Fake Out|p1a: Seviper\n|-damage|p1a: Seviper|96/287\n|cant|p1a: Seviper|flinch\n|\n|-heal|p1a: Seviper|113/287|[from] item: Leftovers\n|upkeep\n|turn|11\n|\n|t:|1733782020\n|move|p2a: Persian|Knock Off|p1a: Seviper\n|-crit|p1a: Seviper\n|-damage|p1a: Seviper|0 fnt\n|-enditem|p1a: Seviper|Leftovers|[from] move: Knock Off|[of] p2a: Persian\n|faint|p1a: Seviper\n|\n|upkeep\n|\n|t:|1733782046\n|switch|p1a: Staraptor|Staraptor, L79, F|91/263\n|turn|12\n|\n|t:|1733782051\n|move|p2a: Persian|Fake Out||[still]\n|-hint|Fake Out only works on your first turn out.\n|-fail|p2a: Persian\n|move|p1a: Staraptor|Close Combat|p2a: Persian\n|-supereffective|p2a: Persian\n|-damage|p2a: Persian|0 fnt\n|-unboost|p1a: Staraptor|def|1\n|-unboost|p1a: Staraptor|spd|1\n|faint|p2a: Persian\n|\n|win|BigManPina\n", "inputlog": ">version bfd83cad13791eb5a5a409923076391caf6fb4d4\n>start {\"formatid\":\"gen9randombattle\",\"seed\":[41772,17628,53368,5467]}\n>player p1 {\"name\":\"BigManPina\",\"avatar\":\"2\",\"rating\":0,\"seed\":[13604,57796,45425,34305]}\n>player p2 {\"name\":\"Titaaa\",\"avatar\":\"2\",\"rating\":0,\"seed\":[12455,26026,581,27772]}\n>p1 switch 5\n>p2 move closecombat\n>p1 move bravebird\n>p2 move substitute\n>p1 switch 3\n>p2 move closecombat\n>p1 move swordsdance\n>p2 move liquidation\n>p1 move trailblaze\n>p2 move substitute\n>p2 switch 2\n>p1 move earthquake\n>p2 move focusblast\n>p2 switch 4\n>p1 move gunkshot\n>p2 move synthesis\n>p2 switch 3\n>p1 move earthquake terastallize\n>p2 move tripleaxel\n>p2 switch 5\n>p1 move earthquake\n>p2 move hydropump\n>p2 switch 6\n>p1 move earthquake\n>p2 move fakeout\n>p1 move earthquake\n>p2 move knockoff\n>p1 switch 3\n>p1 move closecombat\n>p2 move fakeout", "uploadtime": 1733782063, "views": 8, "formatid": "gen9randombattle", "rating": null, "private": 0, "password": null}