{"id": "gen9randombattle-2260638058", "format": "[Gen 9] Random Battle", "players": ["NRU_ Blackout", "yeeeyt"], "log": "|j|\u2606NRU_ Blackout\n|j|\u2606yeeeyt\n|t:|1733872291\n|gametype|singles\n|player|p1|NRU_ Blackout|169|1495\n|player|p2|yeeeyt|170|1499\n|teamsize|p1|6\n|teamsize|p2|6\n|gen|9\n|tier|[Gen 9] Random Battle\n|rated|\n|rule|Species Clause: Limit one of each Pok\u00e9mon\n|rule|HP Percentage Mod: HP is shown in percentages\n|rule|Sleep Clause Mod: Limit one foe put to sleep\n|rule|Illusion Level Mod: Illusion disguises the Pok\u00e9mon's true level\n|\n|t:|1733872291\n|start\n|switch|p1a: Giratina|Giratina, L75|349/349\n|switch|p2a: Glalie|Glalie, L96, F|309/309\n|-ability|p1a: Giratina|Pressure\n|turn|1\n|inactive|Battle timer is ON: inactive players will automatically lose when time's up. (requested by yeeeyt)\n|\n|t:|1733872317\n|move|p2a: Glalie|Spikes|p1a: Giratina\n|-sidestart|p1: NRU_ Blackout|Spikes\n|move|p1a: Giratina|Dragon Pulse|p2a: Glalie\n|-damage|p2a: Glalie|239/309\n|\n|upkeep\n|turn|2\n|\n|t:|1733872322\n|move|p2a: Glalie|Spikes|p1a: Giratina\n|-sidestart|p1: NRU_ Blackout|Spikes\n|move|p1a: Giratina|Dragon Pulse|p2a: Glalie\n|-damage|p2a: Glalie|173/309\n|\n|upkeep\n|turn|3\n|\n|t:|1733872329\n|move|p2a: Glalie|Spikes|p1a: Giratina\n|-sidestart|p1: NRU_ Blackout|Spikes\n|move|p1a: Giratina|Dragon Pulse|p2a: Glalie\n|-damage|p2a: Glalie|101/309\n|\n|upkeep\n|turn|4\n|\n|t:|1733872339\n|switch|p2a: Hatterene|Hatterene, L85, F|236/236\n|move|p1a: Giratina|Dragon Pulse|p2a: Hatterene\n|-immune|p2a: Hatterene\n|\n|upkeep\n|turn|5\n|inactive|NRU_ Blackout has 120 seconds left.\n|\n|t:|1733872371\n|switch|p1a: Gogoat|Gogoat, L88, F|360/360\n|-damage|p1a: Gogoat|270/360|[from] Spikes\n|move|p2a: Hatterene|Nuzzle|p1a: Gogoat\n|-resisted|p1a: Gogoat\n|-damage|p1a: Gogoat|261/360\n|-status|p1a: Gogoat|par\n|\n|-heal|p1a: Gogoat|283/360 par|[from] item: Leftovers\n|upkeep\n|turn|6\n|\n|t:|1733872384\n|switch|p2a: Hitmonchan|Hitmonchan, L87, M|229/229\n|move|p1a: Gogoat|Horn Leech|p2a: Hitmonchan\n|-damage|p2a: Hitmonchan|132/229\n|-heal|p1a: Gogoat|332/360 par|[from] drain|[of] p2a: Hitmonchan\n|\n|-heal|p2a: Hitmonchan|146/229|[from] item: Leftovers\n|-heal|p1a: Gogoat|354/360 par|[from] item: Leftovers\n|upkeep\n|turn|7\n|\n|t:|1733872392\n|move|p2a: Hitmonchan|Bulk Up|p2a: Hitmonchan\n|-boost|p2a: Hitmonchan|atk|1\n|-boost|p2a: Hitmonchan|def|1\n|move|p1a: Gogoat|Horn Leech|p2a: Hitmonchan\n|-damage|p2a: Hitmonchan|88/229\n|-heal|p1a: Gogoat|360/360 par|[from] drain|[of] p2a: Hitmonchan\n|\n|-heal|p2a: Hitmonchan|102/229|[from] item: Leftovers\n|upkeep\n|turn|8\n|\n|t:|1733872403\n|move|p2a: Hitmonchan|Bulk Up|p2a: Hitmonchan\n|-boost|p2a: Hitmonchan|atk|1\n|-boost|p2a: Hitmonchan|def|1\n|move|p1a: Gogoat|Bulk Up|p1a: Gogoat\n|-boost|p1a: Gogoat|atk|1\n|-boost|p1a: Gogoat|def|1\n|\n|-heal|p2a: Hitmonchan|116/229|[from] item: Leftovers\n|upkeep\n|turn|9\n|\n|t:|1733872408\n|move|p2a: Hitmonchan|Poison Jab|p1a: Gogoat\n|-supereffective|p1a: Gogoat\n|-crit|p1a: Gogoat\n|-damage|p1a: Gogoat|0 fnt\n|faint|p1a: Gogoat\n|\n|-heal|p2a: Hitmonchan|130/229|[from] item: Leftovers\n|upkeep\n|\n|t:|1733872415\n|switch|p1a: Gliscor|Gliscor, L76, M|239/239\n|turn|10\n|\n|t:|1733872421\n|move|p1a: Gliscor|Protect|p1a: Gliscor\n|-singleturn|p1a: Gliscor|Protect\n|move|p2a: Hitmonchan|Knock Off|p1a: Gliscor\n|-activate|p1a: Gliscor|move: Protect\n|\n|-heal|p2a: Hitmonchan|144/229|[from] item: Leftovers\n|-status|p1a: Gliscor|tox|[from] item: Toxic Orb\n|upkeep\n|turn|11\n|\n|t:|1733872429\n|move|p1a: Gliscor|Toxic|p2a: Hitmonchan\n|-status|p2a: Hitmonchan|tox\n|move|p2a: Hitmonchan|Knock Off|p1a: Gliscor\n|-damage|p1a: Gliscor|119/239 tox\n|-enditem|p1a: Gliscor|Toxic Orb|[from] move: Knock Off|[of] p2a: Hitmonchan\n|\n|-heal|p2a: Hitmonchan|158/229 tox|[from] item: Leftovers\n|-heal|p1a: Gliscor|148/239 tox|[from] ability: Poison Heal\n|-damage|p2a: Hitmonchan|144/229 tox|[from] psn\n|upkeep\n|turn|12\n|\n|t:|1733872438\n|switch|p2a: Whimsicott|Whimsicott, L85, M|241/241\n|move|p1a: Gliscor|Protect||[still]\n|-fail|p1a: Gliscor\n|\n|-heal|p1a: Gliscor|177/239 tox|[from] ability: Poison Heal\n|upkeep\n|turn|13\n|\n|t:|1733872453\n|switch|p1a: Scovillain|Scovillain, L91, F|266/266\n|-damage|p1a: Scovillain|200/266|[from] Spikes\n|move|p2a: Whimsicott|Encore||[still]\n|-fail|p2a: Whimsicott\n|\n|-heal|p1a: Scovillain|216/266|[from] item: Leftovers\n|upkeep\n|turn|14\n|\n|t:|1733872463\n|switch|p2a: Glalie|Glalie, L96, F|101/309\n|move|p1a: Scovillain|Flamethrower|p2a: Glalie\n|-supereffective|p2a: Glalie\n|-damage|p2a: Glalie|0 fnt\n|faint|p2a: Glalie\n|\n|-heal|p1a: Scovillain|232/266|[from] item: Leftovers\n|upkeep\n|\n|t:|1733872477\n|switch|p2a: Tentacruel|Tentacruel, L84, M|272/272\n|turn|15\n|\n|t:|1733872483\n|switch|p1a: Giratina|Giratina, L75|349/349\n|-damage|p1a: Giratina|262/349|[from] Spikes\n|-ability|p1a: Giratina|Pressure\n|move|p2a: Tentacruel|Sludge Bomb|p1a: Giratina\n|-resisted|p1a: Giratina\n|-damage|p1a: Giratina|228/349\n|\n|-heal|p1a: Giratina|249/349|[from] item: Leftovers\n|upkeep\n|turn|16\n|inactive|NRU_ Blackout has 120 seconds left.\n|\n|t:|1733872517\n|move|p2a: Tentacruel|Toxic Spikes|p1a: Giratina\n|-sidestart|p1: NRU_ Blackout|move: Toxic Spikes\n|move|p1a: Giratina|Dragon Pulse|p2a: Tentacruel\n|-damage|p2a: Tentacruel|212/272\n|\n|-heal|p2a: Tentacruel|229/272|[from] item: Leftovers\n|-heal|p1a: Giratina|270/349|[from] item: Leftovers\n|upkeep\n|turn|17\n|inactive|NRU_ Blackout has 120 seconds left.\n|\n|t:|1733872529\n|switch|p2a: Hatterene|Hatterene, L85, F|236/236\n|switch|p1a: Hariyama|Hariyama, L87, M|392/392\n|-damage|p1a: Hariyama|294/392|[from] Spikes\n|-status|p1a: Hariyama|psn\n|\n|-damage|p1a: Hariyama|245/392 psn|[from] psn\n|upkeep\n|turn|18\n|inactive|NRU_ Blackout has 120 seconds left.\n|\n|t:|1733872542\n|move|p1a: Hariyama|Facade|p2a: Hatterene\n|-damage|p2a: Hatterene|50/236\n|move|p2a: Hatterene|Draining Kiss|p1a: Hariyama\n|-supereffective|p1a: Hariyama\n|-damage|p1a: Hariyama|65/392 psn\n|-heal|p2a: Hatterene|185/236|[from] drain|[of] p1a: Hariyama\n|\n|-damage|p1a: Hariyama|16/392 psn|[from] psn\n|upkeep\n|turn|19\n|\n|t:|1733872555\n|switch|p2a: Hitmonchan|Hitmonchan, L87, M|144/229 tox\n|move|p1a: Hariyama|Facade|p2a: Hitmonchan\n|-damage|p2a: Hitmonchan|0 fnt\n|faint|p2a: Hitmonchan\n|\n|-damage|p1a: Hariyama|0 fnt|[from] psn\n|faint|p1a: Hariyama\n|upkeep\n|inactive|NRU_ Blackout has 120 seconds left.\n|\n|t:|1733872573\n|switch|p2a: Tentacruel|Tentacruel, L84, M|229/272\n|switch|p1a: Gliscor|Gliscor, L76, M|177/239 tox\n|turn|20\n|inactive|NRU_ Blackout has 120 seconds left.\n|\n|t:|1733872591\n|switch|p2a: Hatterene|Hatterene, L85, F|185/236\n|-terastallize|p1a: Gliscor|Water\n|move|p1a: Gliscor|Earthquake|p2a: Hatterene\n|-damage|p2a: Hatterene|109/236\n|\n|-heal|p1a: Gliscor|206/239 tox|[from] ability: Poison Heal\n|upkeep\n|turn|21\n|inactive|NRU_ Blackout has 120 seconds left.\n|\n|t:|1733872617\n|move|p1a: Gliscor|Knock Off|p2a: Hatterene\n|-damage|p2a: Hatterene|59/236\n|-enditem|p2a: Hatterene|Assault Vest|[from] move: Knock Off|[of] p1a: Gliscor\n|move|p2a: Hatterene|Draining Kiss|p1a: Gliscor\n|-damage|p1a: Gliscor|119/239 tox\n|-heal|p2a: Hatterene|124/236|[from] drain|[of] p1a: Gliscor\n|\n|-heal|p1a: Gliscor|148/239 tox|[from] ability: Poison Heal\n|upkeep\n|turn|22\n|\n|t:|1733872629\n|move|p1a: Gliscor|Earthquake|p2a: Hatterene\n|-damage|p2a: Hatterene|42/236\n|move|p2a: Hatterene|Draining Kiss|p1a: Gliscor\n|-damage|p1a: Gliscor|66/239 tox\n|-heal|p2a: Hatterene|104/236|[from] drain|[of] p1a: Gliscor\n|\n|-heal|p1a: Gliscor|95/239 tox|[from] ability: Poison Heal\n|upkeep\n|turn|23\n|\n|t:|1733872636\n|move|p1a: Gliscor|Protect|p1a: Gliscor\n|-singleturn|p1a: Gliscor|Protect\n|move|p2a: Hatterene|Draining Kiss|p1a: Gliscor\n|-activate|p1a: Gliscor|move: Protect\n|\n|-heal|p1a: Gliscor|124/239 tox|[from] ability: Poison Heal\n|upkeep\n|turn|24\n|inactive|NRU_ Blackout has 120 seconds left.\n|\n|t:|1733872653\n|switch|p1a: Scovillain|Scovillain, L91, F|232/266\n|-damage|p1a: Scovillain|166/266|[from] Spikes\n|-status|p1a: Scovillain|psn\n|move|p2a: Hatterene|Draining Kiss|p1a: Scovillain\n|-resisted|p1a: Scovillain\n|-damage|p1a: Scovillain|126/266 psn\n|-heal|p2a: Hatterene|134/236|[from] drain|[of] p1a: Scovillain\n|\n|-heal|p1a: Scovillain|142/266 psn|[from] item: Leftovers\n|-damage|p1a: Scovillain|109/266 psn|[from] psn\n|upkeep\n|turn|25\n|\n|t:|1733872671\n|switch|p2a: Tentacruel|Tentacruel, L84, M|229/272\n|move|p1a: Scovillain|Flamethrower|p2a: Tentacruel\n|-resisted|p2a: Tentacruel\n|-damage|p2a: Tentacruel|181/272\n|\n|-heal|p2a: Tentacruel|198/272|[from] item: Leftovers\n|-heal|p1a: Scovillain|125/266 psn|[from] item: Leftovers\n|-damage|p1a: Scovillain|92/266 psn|[from] psn\n|upkeep\n|turn|26\n|\n|t:|1733872680\n|move|p2a: Tentacruel|Toxic Spikes|p1a: Scovillain\n|-sidestart|p1: NRU_ Blackout|move: Toxic Spikes\n|move|p1a: Scovillain|Leech Seed|p2a: Tentacruel|[miss]\n|-miss|p1a: Scovillain|p2a: Tentacruel\n|\n|-heal|p2a: Tentacruel|215/272|[from] item: Leftovers\n|-heal|p1a: Scovillain|108/266 psn|[from] item: Leftovers\n|-damage|p1a: Scovillain|75/266 psn|[from] psn\n|upkeep\n|turn|27\n|\n|t:|1733872693\n|move|p2a: Tentacruel|Sludge Bomb|p1a: Scovillain\n|-supereffective|p1a: Scovillain\n|-damage|p1a: Scovillain|0 fnt\n|faint|p1a: Scovillain\n|\n|-heal|p2a: Tentacruel|232/272|[from] item: Leftovers\n|upkeep\n|\n|t:|1733872704\n|switch|p1a: Dialga|Dialga, L73|266/266\n|-damage|p1a: Dialga|200/266|[from] Spikes\n|-ability|p1a: Dialga|Pressure\n|turn|28\n|\n|t:|1733872713\n|switch|p2a: Whimsicott|Whimsicott, L85, M|241/241\n|move|p1a: Dialga|Dragon Tail|p2a: Whimsicott\n|-immune|p2a: Whimsicott\n|\n|upkeep\n|turn|29\n|\n|t:|1733872724\n|switch|p1a: Giratina|Giratina, L75|270/349\n|-damage|p1a: Giratina|183/349|[from] Spikes\n|-status|p1a: Giratina|tox\n|-ability|p1a: Giratina|Pressure\n|move|p2a: Whimsicott|Encore||[still]\n|-fail|p2a: Whimsicott\n|\n|-heal|p1a: Giratina|204/349 tox|[from] item: Leftovers\n|-damage|p1a: Giratina|183/349 tox|[from] psn\n|upkeep\n|turn|30\n|inactive|NRU_ Blackout has 90 seconds left.\n|\n|t:|1733872766\n|switch|p1a: Dialga|Dialga, L73|200/266\n|-damage|p1a: Dialga|134/266|[from] Spikes\n|-ability|p1a: Dialga|Pressure\n|move|p2a: Whimsicott|Substitute|p2a: Whimsicott\n|-start|p2a: Whimsicott|Substitute\n|-damage|p2a: Whimsicott|181/241\n|\n|-heal|p2a: Whimsicott|196/241|[from] item: Leftovers\n|upkeep\n|turn|31\n|\n|t:|1733872777\n|move|p2a: Whimsicott|Moonblast|p1a: Dialga\n|-damage|p1a: Dialga|70/266\n|move|p1a: Dialga|Heavy Slam|p2a: Whimsicott\n|-supereffective|p2a: Whimsicott\n|-end|p2a: Whimsicott|Substitute\n|\n|-heal|p2a: Whimsicott|211/241|[from] item: Leftovers\n|upkeep\n|turn|32\n|\n|t:|1733872803\n|move|p2a: Whimsicott|Substitute|p2a: Whimsicott\n|-start|p2a: Whimsicott|Substitute\n|-damage|p2a: Whimsicott|151/241\n|move|p1a: Dialga|Heavy Slam|p2a: Whimsicott\n|-supereffective|p2a: Whimsicott\n|-end|p2a: Whimsicott|Substitute\n|\n|-heal|p2a: Whimsicott|166/241|[from] item: Leftovers\n|upkeep\n|turn|33\n|\n|t:|1733872807\n|switch|p2a: Arcanine|Arcanine, L84, F|288/288\n|-ability|p2a: Arcanine|Intimidate|boost\n|-unboost|p1a: Dialga|atk|1\n|move|p1a: Dialga|Heavy Slam|p2a: Arcanine\n|-resisted|p2a: Arcanine\n|-damage|p2a: Arcanine|252/288\n|\n|upkeep\n|turn|34\n|-message|NRU_ Blackout forfeited.\n|\n|win|yeeeyt\n|raw|NRU_ Blackout's rating: 1495 &rarr; <strong>1475</strong><br />(-20 for losing)\n|raw|yeeeyt's rating: 1499 &rarr; <strong>1519</strong><br />(+20 for winning)\n|l|\u2606NRU_ Blackout\n|player|p1|\n|c|\u2606yeeeyt|ggs wp\n", "inputlog": ">version bfd83cad13791eb5a5a409923076391caf6fb4d4\n>start {\"formatid\":\"gen9randombattle\",\"seed\":[2302,11335,27667,51233],\"rated\":\"Rated battle\"}\n>player p1 {\"name\":\"NRU_ Blackout\",\"avatar\":\"169\",\"rating\":1495,\"seed\":[62589,49056,27385,32838]}\n>player p2 {\"name\":\"yeeeyt\",\"avatar\":\"170\",\"rating\":1499,\"seed\":[21867,4480,5553,27118]}\n>p1 move dragonpulse\n>p2 move spikes\n>p1 move dragonpulse\n>p2 move spikes\n>p1 move dragonpulse\n>p2 move spikes\n>p1 move dragonpulse\n>p2 switch 6\n>p1 switch 4\n>p2 move nuzzle\n>p1 move hornleech\n>p2 switch 3\n>p1 move hornleech\n>p2 move bulkup\n>p1 move bulkup\n>p2 move bulkup\n>p1 move bulkup\n>p2 move poisonjab\n>p1 switch 2\n>p1 move protect\n>p2 move knockoff\n>p1 move toxic\n>p2 move knockoff\n>p1 move protect\n>p2 switch 2\n>p1 switch 5\n>p2 move encore\n>p1 move flamethrower\n>p2 switch 6\n>p2 switch 5\n>p1 switch 4\n>p2 move sludgebomb\n>p1 move dragonpulse\n>p2 move toxicspikes\n>p1 switch 6\n>p2 switch 3\n>p1 move facade\n>p2 move drainingkiss\n>p1 move facade\n>p2 switch 2\n>p1 switch 5\n>p2 switch 3\n>p1 move earthquake terastallize\n>p2 switch 2\n>p1 move knockoff\n>p2 move drainingkiss\n>p1 move earthquake\n>p2 move drainingkiss\n>p1 move protect\n>p2 move drainingkiss\n>p1 switch 4\n>p2 move drainingkiss\n>p1 move flamethrower\n>p2 switch 2\n>p1 move leechseed\n>p2 move toxicspikes\n>p1 move leechseed\n>p2 move sludgebomb\n>p1 switch 3\n>p1 move dragontail\n>p2 switch 6\n>p1 switch 6\n>p2 move encore\n>p1 switch 6\n>p2 move substitute\n>p1 move heavyslam\n>p2 move moonblast\n>p1 move heavyslam\n>p2 move substitute\n>p1 move heavyslam\n>p2 switch 4\n>forcelose p1", "uploadtime": 1733872822, "views": 1, "formatid": "gen9randombattle", "rating": 1475, "private": 0, "password": null}