{"id": "gen9randombattle-2260269755", "format": "[Gen 9] Random Battle", "players": ["dustp07", "KSS5885"], "log": "|j|\u2606dustp07\n|j|\u2606KSS5885\n|t:|1733832869\n|gametype|singles\n|player|p1|dustp07|170|\n|player|p2|KSS5885|fisherman-gen4|\n|teamsize|p1|6\n|teamsize|p2|6\n|gen|9\n|tier|[Gen 9] Random Battle\n|rule|Species Clause: Limit one of each Pok\u00e9mon\n|rule|HP Percentage Mod: HP is shown in percentages\n|rule|Sleep Clause Mod: Limit one foe put to sleep\n|rule|Illusion Level Mod: Illusion disguises the Pok\u00e9mon's true level\n|\n|t:|1733832869\n|start\n|switch|p1a: Giratina|Giratina, L75|349/349\n|switch|p2a: Gallade|Gallade, L81, M|243/243\n|-ability|p1a: Giratina|Pressure\n|turn|1\n|l|\u2606KSS5885\n|player|p2|\n|inactive|Battle timer is ON: inactive players will automatically lose when time's up. (requested by dustp07)\n|j|\u2606KSS5885\n|inactive|KSS5885 reconnected and has 300 seconds left.\n|player|p2|KSS5885|fisherman-gen4|\n|\n|t:|1733832928\n|move|p2a: Gallade|Night Slash|p1a: Giratina\n|-supereffective|p1a: Giratina\n|-damage|p1a: Giratina|195/349\n|move|p1a: Giratina|Dragon Tail|p2a: Gallade\n|-damage|p2a: Gallade|168/243\n|drag|p2a: Skeledirge|Skeledirge, L79, M|294/294\n|\n|upkeep\n|turn|2\n|\n|t:|1733832955\n|move|p1a: Giratina|Shadow Ball|p2a: Skeledirge\n|-supereffective|p2a: Skeledirge\n|-damage|p2a: Skeledirge|124/294\n|move|p2a: Skeledirge|Shadow Ball|p1a: Giratina\n|-supereffective|p1a: Giratina\n|-damage|p1a: Giratina|57/349\n|\n|upkeep\n|turn|3\n|\n|t:|1733832967\n|move|p1a: Giratina|Shadow Ball|p2a: Skeledirge\n|-supereffective|p2a: Skeledirge\n|-damage|p2a: Skeledirge|0 fnt\n|faint|p2a: Skeledirge\n|\n|upkeep\n|\n|t:|1733832971\n|switch|p2a: Gallade|Gallade, L81, M|168/243\n|turn|4\n|\n|t:|1733832978\n|move|p2a: Gallade|Night Slash|p1a: Giratina\n|-supereffective|p1a: Giratina\n|-damage|p1a: Giratina|0 fnt\n|faint|p1a: Giratina\n|\n|upkeep\n|\n|t:|1733832990\n|switch|p1a: Banette|Banette, L93, F|270/270\n|turn|5\n|\n|t:|1733833004\n|-terastallize|p2a: Gallade|Dark\n|move|p1a: Banette|Shadow Sneak|p2a: Gallade\n|-resisted|p2a: Gallade\n|-damage|p2a: Gallade|115/243\n|-damage|p1a: Banette|243/270|[from] item: Life Orb\n|move|p2a: Gallade|Night Slash|p1a: Banette\n|-supereffective|p1a: Banette\n|-damage|p1a: Banette|0 fnt\n|faint|p1a: Banette\n|\n|upkeep\n|\n|t:|1733833015\n|switch|p1a: Cinderace|Cinderace, L77, M|249/249\n|turn|6\n|\n|t:|1733833025\n|move|p2a: Gallade|Night Slash|p1a: Cinderace\n|-damage|p1a: Cinderace|99/249\n|move|p1a: Cinderace|U-turn|p2a: Gallade\n|-start|p1a: Cinderace|typechange|Bug|[from] ability: Libero\n|-supereffective|p2a: Gallade\n|-damage|p2a: Gallade|0 fnt\n|faint|p2a: Gallade\n|inactive|dustp07 has 270 seconds left.\n|\n|t:|1733833045\n|switch|p1a: Persian|Persian, L92, M|269/269|[from] U-turn\n|\n|upkeep\n|\n|t:|1733833051\n|switch|p2a: Flamigo|Flamigo, L82, F|269/269\n|turn|7\n|inactive|dustp07 has 270 seconds left.\n|\n|t:|1733833073\n|-terastallize|p1a: Persian|Poison\n|move|p1a: Persian|Gunk Shot|p2a: Flamigo\n|-damage|p2a: Flamigo|52/269\n|move|p2a: Flamigo|Close Combat|p1a: Persian\n|-resisted|p1a: Persian\n|-damage|p1a: Persian|150/269\n|-unboost|p2a: Flamigo|def|1\n|-unboost|p2a: Flamigo|spd|1\n|\n|upkeep\n|turn|8\n|inactive|dustp07 has 270 seconds left.\n|\n|t:|1733833083\n|switch|p2a: Dewgong|Dewgong, L94, F|322/322\n|move|p1a: Persian|Gunk Shot|p2a: Dewgong|[miss]\n|-miss|p1a: Persian|p2a: Dewgong\n|\n|upkeep\n|turn|9\n|inactive|dustp07 has 270 seconds left.\n|\n|t:|1733833091\n|move|p1a: Persian|Gunk Shot|p2a: Dewgong\n|-damage|p2a: Dewgong|138/322\n|move|p2a: Dewgong|Triple Axel|p1a: Persian\n|-damage|p1a: Persian|125/269\n|-damage|p1a: Persian|70/269\n|-hitcount|p1a: Persian|2\n|\n|upkeep\n|turn|10\n|\n|t:|1733833100\n|move|p1a: Persian|Gunk Shot|p2a: Dewgong\n|-damage|p2a: Dewgong|0 fnt\n|faint|p2a: Dewgong\n|\n|upkeep\n|\n|t:|1733833104\n|switch|p2a: Walking Wake|Walking Wake, L79|286/286\n|turn|11\n|\n|t:|1733833115\n|move|p1a: Persian|Gunk Shot|p2a: Walking Wake\n|-damage|p2a: Walking Wake|105/286\n|move|p2a: Walking Wake|Hydro Steam|p1a: Persian\n|-damage|p1a: Persian|0 fnt\n|faint|p1a: Persian\n|-damage|p2a: Walking Wake|77/286|[from] item: Life Orb\n|\n|upkeep\n|\n|t:|1733833128\n|switch|p1a: Cinderace|Cinderace, L77, M|99/249\n|turn|12\n|\n|t:|1733833137\n|move|p1a: Cinderace|Gunk Shot|p2a: Walking Wake\n|-start|p1a: Cinderace|typechange|Poison|[from] ability: Libero\n|-damage|p2a: Walking Wake|0 fnt\n|faint|p2a: Walking Wake\n|-end|p2a: Walking Wake|Protosynthesis|[silent]\n|\n|upkeep\n|\n|t:|1733833148\n|switch|p2a: Flamigo|Flamigo, L82, F|52/269\n|turn|13\n|\n|t:|1733833159\n|move|p1a: Cinderace|Gunk Shot|p2a: Flamigo|[miss]\n|-miss|p1a: Cinderace|p2a: Flamigo\n|move|p2a: Flamigo|Close Combat|p1a: Cinderace\n|-resisted|p1a: Cinderace\n|-damage|p1a: Cinderace|0 fnt\n|-unboost|p2a: Flamigo|def|1\n|-unboost|p2a: Flamigo|spd|1\n|faint|p1a: Cinderace\n|\n|upkeep\n|\n|t:|1733833167\n|switch|p1a: Sandaconda|Sandaconda, L84, M|258/258\n|turn|14\n|\n|t:|1733833179\n|move|p2a: Flamigo|Close Combat|p1a: Sandaconda\n|-damage|p1a: Sandaconda|93/258\n|-unboost|p2a: Flamigo|def|1\n|-unboost|p2a: Flamigo|spd|1\n|move|p1a: Sandaconda|Stone Edge|p2a: Flamigo\n|-damage|p2a: Flamigo|0 fnt\n|faint|p2a: Flamigo\n|\n|-heal|p1a: Sandaconda|109/258|[from] item: Leftovers\n|upkeep\n|\n|t:|1733833182\n|switch|p2a: Diancie|Diancie, L82|216/216\n|turn|15\n|\n|t:|1733833195\n|move|p1a: Sandaconda|Rest|p1a: Sandaconda\n|-status|p1a: Sandaconda|slp|[from] move: Rest\n|-heal|p1a: Sandaconda|258/258 slp|[silent]\n|move|p2a: Diancie|Draining Kiss|p1a: Sandaconda\n|-damage|p1a: Sandaconda|192/258 slp\n|\n|-heal|p1a: Sandaconda|208/258 slp|[from] item: Leftovers\n|upkeep\n|turn|16\n|\n|t:|1733833205\n|cant|p1a: Sandaconda|slp\n|move|p2a: Diancie|Calm Mind|p2a: Diancie\n|-boost|p2a: Diancie|spa|1\n|-boost|p2a: Diancie|spd|1\n|\n|-heal|p1a: Sandaconda|224/258 slp|[from] item: Leftovers\n|upkeep\n|turn|17\n|\n|t:|1733833208\n|cant|p1a: Sandaconda|slp\n|move|p2a: Diancie|Calm Mind|p2a: Diancie\n|-boost|p2a: Diancie|spa|1\n|-boost|p2a: Diancie|spd|1\n|\n|-activate|p1a: Sandaconda|ability: Shed Skin\n|-curestatus|p1a: Sandaconda|slp|[msg]\n|-heal|p1a: Sandaconda|240/258|[from] item: Leftovers\n|upkeep\n|turn|18\n|\n|t:|1733833215\n|move|p1a: Sandaconda|Coil|p1a: Sandaconda\n|-boost|p1a: Sandaconda|atk|1\n|-boost|p1a: Sandaconda|def|1\n|-boost|p1a: Sandaconda|accuracy|1\n|move|p2a: Diancie|Diamond Storm|p1a: Sandaconda\n|-resisted|p1a: Sandaconda\n|-damage|p1a: Sandaconda|216/258\n|\n|-heal|p1a: Sandaconda|232/258|[from] item: Leftovers\n|upkeep\n|turn|19\n|\n|t:|1733833226\n|move|p1a: Sandaconda|Earthquake|p2a: Diancie\n|-supereffective|p2a: Diancie\n|-damage|p2a: Diancie|0 fnt\n|faint|p2a: Diancie\n|\n|win|dustp07\n|l|\u2606KSS5885\n|player|p2|\n", "inputlog": ">version bfd83cad13791eb5a5a409923076391caf6fb4d4\n>start {\"formatid\":\"gen9randombattle\",\"seed\":[49048,30844,9485,51742]}\n>player p1 {\"name\":\"dustp07\",\"avatar\":\"170\",\"rating\":0,\"seed\":[1544,18928,49748,19718]}\n>player p2 {\"name\":\"KSS5885\",\"avatar\":\"fisherman-gen4\",\"rating\":0,\"seed\":[26868,2041,35011,17245]}\n>p1 move dragontail\n>p2 move nightslash\n>p1 move shadowball\n>p2 move shadowball\n>p1 move shadowball\n>p2 move slackoff\n>p2 switch 2\n>p1 move rest\n>p2 move nightslash\n>p1 switch 4\n>p1 move shadowsneak\n>p2 move nightslash terastallize\n>p1 switch 3\n>p1 move uturn\n>p2 move nightslash\n>p1 switch 6\n>p2 switch 5\n>p1 move gunkshot terastallize\n>p2 move closecombat\n>p1 move gunkshot\n>p2 switch 6\n>p1 move gunkshot\n>p2 move tripleaxel\n>p1 move gunkshot\n>p2 move tripleaxel\n>p2 switch 4\n>p1 move gunkshot\n>p2 move hydrosteam\n>p1 switch 6\n>p1 move gunkshot\n>p2 move hydrosteam\n>p2 switch 6\n>p1 move gunkshot\n>p2 move closecombat\n>p1 switch 5\n>p1 move stoneedge\n>p2 move closecombat\n>p2 switch 3\n>p1 move rest\n>p2 move drainingkiss\n>p1 move coil\n>p2 move calmmind\n>p1 move coil\n>p2 move calmmind\n>p1 move coil\n>p2 move diamondstorm\n>p1 move earthquake\n>p2 move drainingkiss", "uploadtime": 1733833234, "views": 1, "formatid": "gen9randombattle", "rating": null, "private": 0, "password": null}