{"id": "gen9randombattle-2260773956", "format": "[Gen 9] Random Battle", "players": ["katanaking90210", "Alsemanche"], "log": "|j|\u2606katanaking90210\n|j|\u2606Alsemanche\n|t:|1733890004\n|gametype|singles\n|player|p1|katanaking90210|raihan|1858\n|player|p2|Alsemanche|2|1834\n|teamsize|p1|6\n|teamsize|p2|6\n|gen|9\n|tier|[Gen 9] Random Battle\n|rated|\n|rule|Species Clause: Limit one of each Pok\u00e9mon\n|rule|HP Percentage Mod: HP is shown in percentages\n|rule|Sleep Clause Mod: Limit one foe put to sleep\n|rule|Illusion Level Mod: Illusion disguises the Pok\u00e9mon's true level\n|\n|t:|1733890004\n|start\n|switch|p1a: Exeggutor|Exeggutor-Alola, L89, F|314/314\n|switch|p2a: Golem|Golem-Alola, L93, M|300/300\n|turn|1\n|inactive|Battle timer is ON: inactive players will automatically lose when time's up. (requested by katanaking90210)\n|\n|t:|1733890024\n|switch|p2a: Bombirdier|Bombirdier, L85, M|258/258\n|move|p1a: Exeggutor|Draco Meteor|p2a: Bombirdier\n|-damage|p2a: Bombirdier|59/258\n|-unboost|p1a: Exeggutor|spa|2\n|\n|upkeep\n|turn|2\n|inactive|katanaking90210 has 120 seconds left.\n|\n|t:|1733890070\n|move|p2a: Bombirdier|Knock Off|p1a: Exeggutor\n|-damage|p1a: Exeggutor|154/314\n|-enditem|p1a: Exeggutor|Sitrus Berry|[from] move: Knock Off|[of] p2a: Bombirdier\n|move|p1a: Exeggutor|Wood Hammer|p2a: Bombirdier\n|-resisted|p2a: Bombirdier\n|-damage|p2a: Bombirdier|0 fnt\n|faint|p2a: Bombirdier\n|-damage|p1a: Exeggutor|135/314|[from] Recoil\n|\n|upkeep\n|\n|t:|1733890083\n|switch|p2a: Dudunsparce|Dudunsparce-Three-Segment, L83, F|343/343\n|turn|3\n|\n|t:|1733890096\n|move|p2a: Dudunsparce|Headbutt|p1a: Exeggutor\n|-damage|p1a: Exeggutor|60/314\n|move|p1a: Exeggutor|Wood Hammer|p2a: Dudunsparce\n|-damage|p2a: Dudunsparce|187/343\n|-damage|p1a: Exeggutor|9/314|[from] Recoil\n|\n|-heal|p2a: Dudunsparce|208/343|[from] item: Leftovers\n|upkeep\n|turn|4\n|\n|t:|1733890104\n|move|p2a: Dudunsparce|Roost|p2a: Dudunsparce\n|-heal|p2a: Dudunsparce|343/343\n|-singleturn|p2a: Dudunsparce|move: Roost\n|move|p1a: Exeggutor|Wood Hammer|p2a: Dudunsparce\n|-damage|p2a: Dudunsparce|169/343\n|-damage|p1a: Exeggutor|0 fnt|[from] Recoil\n|faint|p1a: Exeggutor\n|\n|-heal|p2a: Dudunsparce|190/343|[from] item: Leftovers\n|upkeep\n|\n|t:|1733890112\n|switch|p1a: Smeargle|Smeargle, L95, F|258/258\n|turn|5\n|inactive|katanaking90210 has 120 seconds left.\n|\n|t:|1733890120\n|move|p1a: Smeargle|Spore|p2a: Dudunsparce\n|-status|p2a: Dudunsparce|slp|[from] move: Spore\n|cant|p2a: Dudunsparce|slp\n|\n|-heal|p2a: Dudunsparce|211/343 slp|[from] item: Leftovers\n|upkeep\n|turn|6\n|\n|t:|1733890129\n|switch|p2a: Porygon-Z|Porygon-Z, L83|277/277\n|-ability|p2a: Porygon-Z|Download|boost\n|-boost|p2a: Porygon-Z|atk|1\n|move|p1a: Smeargle|Sticky Web|p2a: Porygon-Z\n|-sidestart|p2: Alsemanche|move: Sticky Web\n|\n|upkeep\n|turn|7\n|\n|t:|1733890142\n|move|p2a: Porygon-Z|Nasty Plot|p2a: Porygon-Z\n|-boost|p2a: Porygon-Z|spa|2\n|move|p1a: Smeargle|Stealth Rock|p2a: Porygon-Z\n|-sidestart|p2: Alsemanche|move: Stealth Rock\n|\n|upkeep\n|turn|8\n|\n|t:|1733890146\n|move|p2a: Porygon-Z|Tri Attack|p1a: Smeargle\n|-enditem|p1a: Smeargle|Focus Sash\n|-damage|p1a: Smeargle|1/258\n|-damage|p2a: Porygon-Z|250/277|[from] item: Life Orb\n|move|p1a: Smeargle|Ceaseless Edge|p2a: Porygon-Z\n|-damage|p2a: Porygon-Z|222/277\n|-sidestart|p2: Alsemanche|Spikes\n|\n|upkeep\n|turn|9\n|\n|t:|1733890154\n|move|p2a: Porygon-Z|Tri Attack|p1a: Smeargle\n|-damage|p1a: Smeargle|0 fnt\n|faint|p1a: Smeargle\n|-damage|p2a: Porygon-Z|195/277|[from] item: Life Orb\n|\n|upkeep\n|\n|t:|1733890181\n|switch|p1a: Quagsire|Quagsire, L84, M|297/297\n|turn|10\n|\n|t:|1733890187\n|move|p2a: Porygon-Z|Tri Attack|p1a: Quagsire\n|-damage|p1a: Quagsire|114/297\n|-damage|p2a: Porygon-Z|168/277|[from] item: Life Orb\n|move|p1a: Quagsire|Toxic|p2a: Porygon-Z\n|-status|p2a: Porygon-Z|tox\n|\n|-heal|p1a: Quagsire|132/297|[from] item: Leftovers\n|-damage|p2a: Porygon-Z|151/277 tox|[from] psn\n|upkeep\n|turn|11\n|\n|t:|1733890196\n|move|p2a: Porygon-Z|Tri Attack|p1a: Quagsire\n|-damage|p1a: Quagsire|0 fnt\n|faint|p1a: Quagsire\n|-damage|p2a: Porygon-Z|124/277 tox|[from] item: Life Orb\n|\n|-damage|p2a: Porygon-Z|90/277 tox|[from] psn\n|upkeep\n|\n|t:|1733890203\n|switch|p1a: Plusle|Plusle, L95, M|268/268\n|turn|12\n|\n|t:|1733890213\n|move|p1a: Plusle|Thunderbolt|p2a: Porygon-Z\n|-damage|p2a: Porygon-Z|0 fnt\n|faint|p2a: Porygon-Z\n|-damage|p1a: Plusle|242/268|[from] item: Life Orb\n|\n|upkeep\n|\n|t:|1733890224\n|switch|p2a: Houndstone|Houndstone, L86, M|264/264\n|-activate|p2a: Houndstone|move: Sticky Web\n|-unboost|p2a: Houndstone|spe|1\n|-damage|p2a: Houndstone|231/264|[from] Stealth Rock\n|-damage|p2a: Houndstone|198/264|[from] Spikes\n|turn|13\n|\n|t:|1733890243\n|move|p1a: Plusle|Thunderbolt|p2a: Houndstone\n|-damage|p2a: Houndstone|116/264\n|-damage|p1a: Plusle|216/268|[from] item: Life Orb\n|move|p2a: Houndstone|Poltergeist|p1a: Plusle\n|-activate|p1a: Plusle|move: Poltergeist|Life Orb\n|-damage|p1a: Plusle|30/268\n|\n|upkeep\n|turn|14\n|\n|t:|1733890249\n|move|p2a: Houndstone|Shadow Sneak|p1a: Plusle\n|-damage|p1a: Plusle|0 fnt\n|faint|p1a: Plusle\n|\n|upkeep\n|\n|t:|1733890255\n|switch|p1a: Zamazenta|Zamazenta-Crowned, L68|238/238\n|-ability|p1a: Zamazenta|Dauntless Shield|boost\n|-boost|p1a: Zamazenta|def|1\n|turn|15\n|\n|t:|1733890260\n|move|p1a: Zamazenta|Iron Defense|p1a: Zamazenta\n|-boost|p1a: Zamazenta|def|2\n|move|p2a: Houndstone|Body Press|p1a: Zamazenta\n|-supereffective|p1a: Zamazenta\n|-damage|p1a: Zamazenta|194/238\n|\n|upkeep\n|turn|16\n|\n|t:|1733890289\n|move|p1a: Zamazenta|Crunch|p2a: Houndstone\n|-supereffective|p2a: Houndstone\n|-damage|p2a: Houndstone|75/264\n|move|p2a: Houndstone|Body Press|p1a: Zamazenta\n|-supereffective|p1a: Zamazenta\n|-crit|p1a: Zamazenta\n|-damage|p1a: Zamazenta|34/238\n|\n|upkeep\n|turn|17\n|\n|t:|1733890302\n|move|p1a: Zamazenta|Crunch|p2a: Houndstone\n|-supereffective|p2a: Houndstone\n|-damage|p2a: Houndstone|36/264\n|move|p2a: Houndstone|Body Press|p1a: Zamazenta\n|-supereffective|p1a: Zamazenta\n|-damage|p1a: Zamazenta|0 fnt\n|faint|p1a: Zamazenta\n|\n|upkeep\n|\n|t:|1733890309\n|switch|p1a: Electivire|Electivire, L84, F|263/263\n|turn|18\n|\n|t:|1733890320\n|move|p2a: Houndstone|Shadow Sneak|p1a: Electivire\n|-damage|p1a: Electivire|211/263\n|move|p1a: Electivire|Earthquake|p2a: Houndstone\n|-damage|p2a: Houndstone|0 fnt\n|faint|p2a: Houndstone\n|-damage|p1a: Electivire|185/263|[from] item: Life Orb\n|\n|upkeep\n|\n|t:|1733890347\n|switch|p2a: Tsareena|Tsareena, L87, F|267/267\n|-activate|p2a: Tsareena|move: Sticky Web\n|-unboost|p2a: Tsareena|spe|1\n|-damage|p2a: Tsareena|234/267|[from] Stealth Rock\n|-damage|p2a: Tsareena|201/267|[from] Spikes\n|turn|19\n|\n|t:|1733890364\n|move|p1a: Electivire|Bulk Up|p1a: Electivire\n|-boost|p1a: Electivire|atk|1\n|-boost|p1a: Electivire|def|1\n|move|p2a: Tsareena|Knock Off|p1a: Electivire\n|-damage|p1a: Electivire|110/263\n|-enditem|p1a: Electivire|Life Orb|[from] move: Knock Off|[of] p2a: Tsareena\n|\n|upkeep\n|turn|20\n|inactive|katanaking90210 has 120 seconds left.\n|\n|t:|1733890382\n|move|p1a: Electivire|Ice Punch|p2a: Tsareena\n|-supereffective|p2a: Tsareena\n|-damage|p2a: Tsareena|27/267\n|-status|p2a: Tsareena|frz\n|cant|p2a: Tsareena|frz\n|\n|upkeep\n|turn|21\n|c|\u2606katanaking90210|oh my god\n|inactive|katanaking90210 has 120 seconds left.\n|\n|t:|1733890400\n|move|p1a: Electivire|Earthquake|p2a: Tsareena\n|-resisted|p2a: Tsareena\n|-damage|p2a: Tsareena|0 fnt\n|faint|p2a: Tsareena\n|\n|upkeep\n|\n|t:|1733890404\n|switch|p2a: Golem|Golem-Alola, L93, M|300/300\n|-activate|p2a: Golem|move: Sticky Web\n|-unboost|p2a: Golem|spe|1\n|-damage|p2a: Golem|263/300|[from] Stealth Rock\n|-damage|p2a: Golem|226/300|[from] Spikes\n|turn|22\n|inactive|katanaking90210 has 120 seconds left.\n|inactive|katanaking90210 has 90 seconds left.\n|\n|t:|1733890449\n|-terastallize|p1a: Electivire|Ground\n|-terastallize|p2a: Golem|Grass\n|move|p1a: Electivire|Earthquake|p2a: Golem\n|-resisted|p2a: Golem\n|-damage|p2a: Golem|163/300\n|move|p2a: Golem|Earthquake|p1a: Electivire\n|-damage|p1a: Electivire|9/263\n|-damage|p2a: Golem|133/300|[from] item: Life Orb\n|\n|upkeep\n|turn|23\n|\n|t:|1733890460\n|move|p1a: Electivire|Ice Punch|p2a: Golem\n|-supereffective|p2a: Golem\n|-damage|p2a: Golem|0 fnt\n|faint|p2a: Golem\n|\n|upkeep\n|\n|t:|1733890462\n|switch|p2a: Dudunsparce|Dudunsparce-Three-Segment, L83, F|211/343 slp\n|-activate|p2a: Dudunsparce|move: Sticky Web\n|-unboost|p2a: Dudunsparce|spe|1\n|-damage|p2a: Dudunsparce|169/343 slp|[from] Stealth Rock\n|-damage|p2a: Dudunsparce|127/343 slp|[from] Spikes\n|turn|24\n|\n|t:|1733890469\n|move|p1a: Electivire|Earthquake|p2a: Dudunsparce\n|-damage|p2a: Dudunsparce|0 fnt\n|faint|p2a: Dudunsparce\n|\n|win|katanaking90210\n|raw|katanaking90210's rating: 1858 &rarr; <strong>1877</strong><br />(+19 for winning)\n|raw|Alsemanche's rating: 1834 &rarr; <strong>1815</strong><br />(-19 for losing)\n|l|\u2606Alsemanche\n|player|p2|\n", "inputlog": ">version bfd83cad13791eb5a5a409923076391caf6fb4d4\n>start {\"formatid\":\"gen9randombattle\",\"seed\":[9413,46682,42292,44312],\"rated\":\"Rated battle\"}\n>player p1 {\"name\":\"katanaking90210\",\"avatar\":\"raihan\",\"rating\":1858,\"seed\":[33641,19888,18832,1056]}\n>player p2 {\"name\":\"Alsemanche\",\"avatar\":\"2\",\"rating\":1834,\"seed\":[63497,30840,60787,16487]}\n>p1 move dracometeor\n>p2 switch 5\n>p1 move woodhammer\n>p2 move knockoff\n>p2 switch 6\n>p1 move woodhammer\n>p2 move headbutt\n>p1 move woodhammer\n>p2 move roost\n>p1 switch 6\n>p1 move spore\n>p2 move glare\n>p1 move stickyweb\n>p2 switch 3\n>p1 move stealthrock\n>p2 move nastyplot\n>p1 move ceaselessedge\n>p2 move triattack\n>p1 move ceaselessedge\n>p2 move triattack\n>p1 switch 5\n>p1 move toxic\n>p2 move triattack\n>p1 move recover\n>p2 move triattack\n>p1 switch 3\n>p1 move thunderbolt\n>p2 move triattack\n>p2 switch 4\n>p1 move thunderbolt\n>p2 move poltergeist\n>p1 move thunderbolt\n>p2 move shadowsneak\n>p1 switch 4\n>p1 move irondefense\n>p2 move bodypress\n>p1 move crunch\n>p2 move bodypress\n>p1 move crunch\n>p2 move bodypress\n>p1 switch 2\n>p1 move earthquake\n>p2 move shadowsneak\n>p2 switch 2\n>p1 move bulkup\n>p2 move knockoff\n>p1 move icepunch\n>p2 move knockoff\n>chat \u2606katanaking90210|oh my god\n>p1 move earthquake\n>p2 move knockoff\n>p2 switch 5\n>p1 move earthquake terastallize\n>p2 move earthquake terastallize\n>p1 move icepunch\n>p2 move earthquake\n>p2 switch 3\n>p1 move earthquake\n>p2 move headbutt", "uploadtime": 1733890484, "views": 12, "formatid": "gen9randombattle", "rating": 1815, "private": 0, "password": null}