{"id": "gen9randombattle-2197897300", "format": "[Gen 9] Random Battle", "players": ["RBLT MDB2", "sasha thumper"], "log": "|j|\u2606RBLT MDB2\n|j|\u2606sasha thumper\n|t:|1725897120\n|gametype|singles\n|player|p1|RBLT MDB2|red|2227\n|player|p2|sasha thumper|erika-gen1|2295\n|teamsize|p1|6\n|teamsize|p2|6\n|gen|9\n|tier|[Gen 9] Random Battle\n|rated|\n|rule|Species Clause: Limit one of each Pok\u00e9mon\n|rule|HP Percentage Mod: HP is shown in percentages\n|rule|Sleep Clause Mod: Limit one foe put to sleep\n|rule|Illusion Level Mod: Illusion disguises the Pok\u00e9mon's true level\n|\n|t:|1725897120\n|start\n|switch|p1a: Torterra|Torterra, L78, M|276/276\n|switch|p2a: Infernape|Infernape, L82, F|259/259\n|turn|1\n|inactive|Battle timer is ON: inactive players will automatically lose when time's up. (requested by sasha thumper)\n|j| RBLT Destined\n|\n|t:|1725897138\n|switch|p1a: Entei|Entei, L78|307/307\n|move|p2a: Infernape|Flare Blitz|p1a: Entei\n|-resisted|p1a: Entei\n|-damage|p1a: Entei|202/307\n|-damage|p2a: Infernape|224/259|[from] Recoil\n|\n|upkeep\n|turn|2\n|j| RBLT Star Wheel\n|\n|t:|1725897155\n|move|p2a: Infernape|Flare Blitz|p1a: Entei\n|-resisted|p1a: Entei\n|-damage|p1a: Entei|93/307\n|-damage|p2a: Infernape|188/259|[from] Recoil\n|move|p1a: Entei|Sacred Fire|p2a: Infernape\n|-resisted|p2a: Infernape\n|-damage|p2a: Infernape|90/259\n|\n|upkeep\n|turn|3\n|j| LTX Nemosse\n|\n|t:|1725897168\n|move|p2a: Infernape|Flare Blitz|p1a: Entei\n|-resisted|p1a: Entei\n|-damage|p1a: Entei|0 fnt\n|faint|p1a: Entei\n|-damage|p2a: Infernape|59/259|[from] Recoil\n|\n|upkeep\n|\n|t:|1725897170\n|switch|p1a: Tauros|Tauros-Paldea-Combat, L83, M|260/260\n|-ability|p1a: Tauros|Intimidate|boost\n|-unboost|p2a: Infernape|atk|1\n|turn|4\n|\n|t:|1725897177\n|switch|p2a: Volbeat|Volbeat, L90, M|263/263\n|move|p1a: Tauros|Earthquake|p2a: Volbeat\n|-resisted|p2a: Volbeat\n|-damage|p2a: Volbeat|205/263\n|\n|upkeep\n|turn|5\n|\n|t:|1725897189\n|switch|p1a: Vikavolt|Vikavolt, L83, F|263/263\n|move|p2a: Volbeat|Lunge|p1a: Vikavolt\n|-damage|p1a: Vikavolt|184/263\n|-unboost|p1a: Vikavolt|atk|1\n|\n|upkeep\n|turn|6\n|\n|t:|1725897210\n|switch|p2a: Klefki|Klefki, L84, F|233/233\n|move|p1a: Vikavolt|Sticky Web|p2a: Klefki\n|-sidestart|p2: sasha thumper|move: Sticky Web\n|\n|upkeep\n|turn|7\n|\n|t:|1725897216\n|move|p2a: Klefki|Spikes|p1a: Vikavolt\n|-sidestart|p1: RBLT MDB2|Spikes\n|move|p1a: Vikavolt|Discharge|p2a: Klefki\n|-damage|p2a: Klefki|106/233\n|\n|-heal|p2a: Klefki|120/233|[from] item: Leftovers\n|upkeep\n|turn|8\n|inactive|sasha thumper has 120 seconds left.\n|\n|t:|1725897248\n|move|p2a: Klefki|Dazzling Gleam|p1a: Vikavolt\n|-damage|p1a: Vikavolt|103/263\n|move|p1a: Vikavolt|Discharge|p2a: Klefki\n|-damage|p2a: Klefki|5/233\n|\n|-heal|p2a: Klefki|19/233|[from] item: Leftovers\n|upkeep\n|turn|9\n|inactive|sasha thumper has 120 seconds left.\n|\n|t:|1725897254\n|move|p2a: Klefki|Dazzling Gleam|p1a: Vikavolt\n|-damage|p1a: Vikavolt|21/263\n|move|p1a: Vikavolt|Discharge|p2a: Klefki\n|-damage|p2a: Klefki|0 fnt\n|faint|p2a: Klefki\n|\n|upkeep\n|inactive|sasha thumper has 120 seconds left.\n|\n|t:|1725897261\n|switch|p2a: Volbeat|Volbeat, L90, M|205/263\n|turn|10\n|\n|t:|1725897270\n|switch|p1a: Solgaleo|Solgaleo, L74|325/325\n|-damage|p1a: Solgaleo|285/325|[from] Spikes\n|move|p2a: Volbeat|Lunge|p1a: Solgaleo\n|-damage|p1a: Solgaleo|200/325\n|-damage|p2a: Volbeat|162/263|[from] item: Rocky Helmet|[of] p1a: Solgaleo\n|\n|upkeep\n|turn|11\n|\n|t:|1725897289\n|move|p2a: Volbeat|Roost|p2a: Volbeat\n|-heal|p2a: Volbeat|263/263\n|-singleturn|p2a: Volbeat|move: Roost\n|move|p1a: Solgaleo|Flare Blitz|p2a: Volbeat\n|-supereffective|p2a: Volbeat\n|-damage|p2a: Volbeat|87/263\n|-damage|p1a: Solgaleo|142/325|[from] Recoil\n|\n|upkeep\n|turn|12\n|\n|t:|1725897300\n|move|p2a: Volbeat|Roost|p2a: Volbeat\n|-heal|p2a: Volbeat|219/263\n|-singleturn|p2a: Volbeat|move: Roost\n|move|p1a: Solgaleo|Morning Sun|p1a: Solgaleo\n|-heal|p1a: Solgaleo|304/325\n|\n|upkeep\n|turn|13\n|\n|t:|1725897306\n|move|p2a: Volbeat|Encore|p1a: Solgaleo\n|-start|p1a: Solgaleo|Encore\n|move|p1a: Solgaleo|Morning Sun|p1a: Solgaleo\n|-heal|p1a: Solgaleo|325/325\n|\n|upkeep\n|turn|14\n|\n|t:|1725897311\n|move|p2a: Volbeat|Thunder Wave|p1a: Solgaleo\n|-status|p1a: Solgaleo|par\n|move|p1a: Solgaleo|Morning Sun|p1a: Solgaleo\n|-fail|p1a: Solgaleo|heal\n|\n|upkeep\n|turn|15\n|\n|t:|1725897321\n|move|p2a: Volbeat|Lunge|p1a: Solgaleo\n|-damage|p1a: Solgaleo|247/325 par\n|-damage|p2a: Volbeat|176/263|[from] item: Rocky Helmet|[of] p1a: Solgaleo\n|cant|p1a: Solgaleo|par\n|\n|-end|p1a: Solgaleo|Encore\n|upkeep\n|turn|16\n|\n|t:|1725897328\n|switch|p1a: Tauros|Tauros-Paldea-Combat, L83, M|260/260\n|-damage|p1a: Tauros|228/260|[from] Spikes\n|-ability|p1a: Tauros|Intimidate|boost\n|-unboost|p2a: Volbeat|atk|1\n|move|p2a: Volbeat|Encore||[still]\n|-fail|p2a: Volbeat\n|\n|upkeep\n|turn|17\n|\n|t:|1725897336\n|move|p2a: Volbeat|Thunder Wave|p1a: Tauros\n|-status|p1a: Tauros|par\n|move|p1a: Tauros|Stone Edge|p2a: Volbeat\n|-supereffective|p2a: Volbeat\n|-damage|p2a: Volbeat|0 fnt\n|faint|p2a: Volbeat\n|\n|upkeep\n|inactive|sasha thumper has 120 seconds left.\n|\n|t:|1725897377\n|switch|p2a: Arceus|Arceus-Grass, L72, shiny|292/292\n|-activate|p2a: Arceus|move: Sticky Web\n|-unboost|p2a: Arceus|spe|1\n|turn|18\n|\n|t:|1725897386\n|switch|p1a: Hitmontop|Hitmontop, L88, M|231/231\n|-damage|p1a: Hitmontop|203/231|[from] Spikes\n|move|p2a: Arceus|Calm Mind|p2a: Arceus\n|-boost|p2a: Arceus|spa|1\n|-boost|p2a: Arceus|spd|1\n|\n|-heal|p1a: Hitmontop|217/231|[from] item: Leftovers\n|upkeep\n|turn|19\n|\n|t:|1725897394\n|move|p1a: Hitmontop|Triple Axel|p2a: Arceus\n|-supereffective|p2a: Arceus\n|-damage|p2a: Arceus|246/292\n|-hitcount|p2a: Arceus|1\n|move|p2a: Arceus|Judgment|p1a: Hitmontop\n|-damage|p1a: Hitmontop|75/231\n|\n|-heal|p1a: Hitmontop|89/231|[from] item: Leftovers\n|upkeep\n|turn|20\n|inactive|sasha thumper has 120 seconds left.\n|\n|t:|1725897435\n|switch|p2a: Dudunsparce|Dudunsparce, L82, F|339/339\n|-activate|p2a: Dudunsparce|move: Sticky Web\n|-unboost|p2a: Dudunsparce|spe|1\n|move|p1a: Hitmontop|Triple Axel|p2a: Dudunsparce\n|-damage|p2a: Dudunsparce|315/339\n|-damage|p2a: Dudunsparce|259/339\n|-damage|p2a: Dudunsparce|178/339\n|-hitcount|p2a: Dudunsparce|3\n|\n|-heal|p1a: Hitmontop|103/231|[from] item: Leftovers\n|-heal|p2a: Dudunsparce|199/339|[from] item: Leftovers\n|upkeep\n|turn|21\n|inactive|sasha thumper has 90 seconds left.\n|j| Mcthelegit\n|\n|t:|1725897465\n|-terastallize|p2a: Dudunsparce|Fairy\n|move|p1a: Hitmontop|Close Combat|p2a: Dudunsparce\n|-resisted|p2a: Dudunsparce\n|-damage|p2a: Dudunsparce|118/339\n|-unboost|p1a: Hitmontop|def|1\n|-unboost|p1a: Hitmontop|spd|1\n|move|p2a: Dudunsparce|Boomburst|p1a: Hitmontop\n|-damage|p1a: Hitmontop|0 fnt\n|faint|p1a: Hitmontop\n|\n|-heal|p2a: Dudunsparce|139/339|[from] item: Leftovers\n|upkeep\n|\n|t:|1725897487\n|switch|p1a: Solgaleo|Solgaleo, L74|247/325 par\n|-damage|p1a: Solgaleo|207/325 par|[from] Spikes\n|turn|22\n|inactive|sasha thumper has 90 seconds left.\n|\n|t:|1725897503\n|move|p1a: Solgaleo|Sunsteel Strike|p2a: Dudunsparce\n|-supereffective|p2a: Dudunsparce\n|-damage|p2a: Dudunsparce|0 fnt\n|faint|p2a: Dudunsparce\n|\n|upkeep\n|l| Mcthelegit\n|\n|t:|1725897509\n|switch|p2a: Infernape|Infernape, L82, F|59/259\n|-activate|p2a: Infernape|move: Sticky Web\n|-unboost|p2a: Infernape|spe|1\n|turn|23\n|\n|t:|1725897517\n|-terastallize|p1a: Solgaleo|Water\n|move|p2a: Infernape|Flare Blitz|p1a: Solgaleo\n|-resisted|p1a: Solgaleo\n|-damage|p1a: Solgaleo|78/325 par\n|-damage|p2a: Infernape|16/259|[from] item: Rocky Helmet|[of] p1a: Solgaleo\n|-damage|p2a: Infernape|0 fnt|[from] Recoil\n|faint|p2a: Infernape\n|move|p1a: Solgaleo|Morning Sun|p1a: Solgaleo\n|-heal|p1a: Solgaleo|240/325 par\n|\n|upkeep\n|\n|t:|1725897527\n|switch|p2a: Arceus|Arceus-Grass, L72, shiny|246/292\n|-activate|p2a: Arceus|move: Sticky Web\n|-unboost|p2a: Arceus|spe|1\n|turn|24\n|inactive|sasha thumper has 90 seconds left.\n|\n|t:|1725897533\n|move|p2a: Arceus|Judgment|p1a: Solgaleo\n|-supereffective|p1a: Solgaleo\n|-damage|p1a: Solgaleo|0 fnt\n|faint|p1a: Solgaleo\n|\n|upkeep\n|\n|t:|1725897536\n|switch|p1a: Tauros|Tauros-Paldea-Combat, L83, M|228/260 par\n|-damage|p1a: Tauros|196/260 par|[from] Spikes\n|-ability|p1a: Tauros|Intimidate|boost\n|-unboost|p2a: Arceus|atk|1\n|turn|25\n|\n|t:|1725897545\n|move|p2a: Arceus|Judgment|p1a: Tauros\n|-damage|p1a: Tauros|69/260 par\n|cant|p1a: Tauros|par\n|\n|upkeep\n|turn|26\n|\n|t:|1725897549\n|move|p2a: Arceus|Judgment|p1a: Tauros\n|-damage|p1a: Tauros|0 fnt\n|faint|p1a: Tauros\n|\n|upkeep\n|\n|t:|1725897551\n|switch|p1a: Torterra|Torterra, L78, M|276/276\n|-damage|p1a: Torterra|242/276|[from] Spikes\n|turn|27\n|\n|t:|1725897554\n|move|p2a: Arceus|Ice Beam|p1a: Torterra\n|-supereffective|p1a: Torterra\n|-damage|p1a: Torterra|14/276\n|move|p1a: Torterra|Rock Blast|p2a: Arceus\n|-damage|p2a: Arceus|231/292\n|-damage|p2a: Arceus|214/292\n|-damage|p2a: Arceus|198/292\n|-damage|p2a: Arceus|180/292\n|-hitcount|p2a: Arceus|4\n|\n|upkeep\n|turn|28\n|-message|RBLT MDB2 forfeited.\n|\n|win|sasha thumper\n|raw|RBLT MDB2's rating: 2243 &rarr; <strong>2226</strong><br />(-17 for losing)\n|raw|sasha thumper's rating: 2295 &rarr; <strong>2312</strong><br />(+17 for winning)\n|l|\u2606RBLT MDB2\n|player|p1|\n|l|\u2606sasha thumper\n|player|p2|\n|l| LTX Nemosse\n|l| RBLT Star Wheel\n|j| papascrumpets\n|l| papascrumpets\n|j|\u2606sasha thumper\n|player|p2|sasha thumper|erika-gen1|\n|l|\u2606sasha thumper\n|player|p2|\n", "inputlog": ">version a7fd1c1c07600285a1536454bc1aca0abecfa22c\n>start {\"formatid\":\"gen9randombattle\",\"seed\":[36635,14479,50506,36875],\"rated\":\"Rated battle\"}\n>player p1 {\"name\":\"RBLT MDB2\",\"avatar\":\"red\",\"rating\":2227,\"seed\":[7186,1884,32706,27063]}\n>player p2 {\"name\":\"sasha thumper\",\"avatar\":\"erika-gen1\",\"rating\":2295,\"seed\":[43214,61313,28754,46780]}\n>p1 switch 4\n>p2 move flareblitz\n>p1 move sacredfire\n>p2 move flareblitz\n>p1 move sacredfire\n>p2 move flareblitz\n>p1 switch 6\n>p1 move earthquake\n>p2 switch 5\n>p1 switch 3\n>p2 move lunge\n>p1 move stickyweb\n>p2 switch 2\n>p1 move discharge\n>p2 move spikes\n>p1 move discharge\n>p2 move dazzlinggleam\n>p1 move discharge\n>p2 move dazzlinggleam\n>p2 switch 2\n>p1 switch 2\n>p2 move lunge\n>p1 move flareblitz\n>p2 move roost\n>p1 move morningsun\n>p2 move roost\n>p1 move flareblitz\n>p2 move encore\n>p1 move morningsun\n>p2 move thunderwave\n>p1 move morningsun\n>p2 move lunge\n>p1 switch 3\n>p2 move encore\n>p1 move stoneedge\n>p2 move thunderwave\n>p2 switch 4\n>p1 switch 5\n>p2 move calmmind\n>p1 move tripleaxel\n>p2 move judgment\n>p1 move tripleaxel\n>p2 switch 6\n>p1 move closecombat\n>p2 move boomburst terastallize\n>p1 switch 3\n>p1 move sunsteelstrike\n>p2 move earthpower\n>p2 switch 5\n>p1 move morningsun terastallize\n>p2 move flareblitz\n>p2 switch 6\n>p1 move flareblitz\n>p2 move judgment\n>p1 switch 5\n>p1 move closecombat\n>p2 move judgment\n>p1 move closecombat\n>p2 move judgment\n>p1 switch 4\n>p1 move rockblast\n>p2 move icebeam\n>forcelose p1", "uploadtime": 1725897576, "views": 118, "formatid": "gen9randombattle", "rating": 2226, "private": 0, "password": null}