{"id": "gen9randombattle-2216851547", "format": "[Gen 9] Random Battle", "players": ["RL4T Pig", "rl4t betathunder"], "log": "|raw|<div class=\"broadcast-blue\"><strong>This battle is required to be public due to a player having a name starting with 'rl4t'.</div>\n|j|\u2606RL4T Pig\n|j|\u2606rl4t betathunder\n|t:|1728181142\n|gametype|singles\n|player|p1|RL4T Pig|lucas|2207\n|player|p2|rl4t betathunder|#rbtt7teamrayquaza|2246\n|teamsize|p1|6\n|teamsize|p2|6\n|gen|9\n|tier|[Gen 9] Random Battle\n|rated|\n|rule|Species Clause: Limit one of each Pok\u00e9mon\n|rule|HP Percentage Mod: HP is shown in percentages\n|rule|Sleep Clause Mod: Limit one foe put to sleep\n|rule|Illusion Level Mod: Illusion disguises the Pok\u00e9mon's true level\n|\n|t:|1728181142\n|start\n|switch|p1a: Kingambit|Kingambit, L74, M|270/270\n|switch|p2a: Suicune|Suicune, L82|298/298\n|-ability|p2a: Suicune|Pressure\n|turn|1\n|inactive|Battle timer is ON: inactive players will automatically lose when time's up. (requested by rl4t betathunder)\n|inactive|RL4T Pig has 120 seconds left.\n|c|\u2606RL4T Pig|hf\n|\n|t:|1728181199\n|-end|p1a: Kingambit|fallenundefined|[silent]\n|switch|p1a: Grimmsnarl|Grimmsnarl, L83, M|293/293\n|move|p2a: Suicune|Scald|p1a: Grimmsnarl\n|-damage|p1a: Grimmsnarl|208/293\n|-status|p1a: Grimmsnarl|brn\n|\n|-damage|p1a: Grimmsnarl|190/293 brn|[from] brn\n|upkeep\n|turn|2\n|\n|t:|1728181228\n|switch|p2a: Hatterene|Hatterene, L85, F|236/236\n|move|p1a: Grimmsnarl|Thunder Wave|p2a: Hatterene\n|move|p2a: Hatterene|Thunder Wave||[from]ability: Magic Bounce|[still]\n|-fail|p2a: Hatterene\n|\n|-damage|p1a: Grimmsnarl|172/293 brn|[from] brn\n|upkeep\n|turn|3\n|\n|t:|1728181239\n|switch|p1a: Flareon|Flareon, L90, M|263/263\n|move|p2a: Hatterene|Mystical Fire|p1a: Flareon\n|-resisted|p1a: Flareon\n|-damage|p1a: Flareon|232/263\n|-unboost|p1a: Flareon|spa|1\n|\n|-status|p1a: Flareon|tox|[from] item: Toxic Orb\n|upkeep\n|turn|4\n|\n|t:|1728181260\n|switch|p2a: Arcanine|Arcanine-Hisui, L82, M|290/290\n|move|p1a: Flareon|Facade|p2a: Arcanine\n|-resisted|p2a: Arcanine\n|-damage|p2a: Arcanine|175/290\n|\n|-damage|p1a: Flareon|216/263 tox|[from] psn\n|upkeep\n|turn|5\n|inactive|RL4T Pig has 120 seconds left.\n|\n|t:|1728181295\n|move|p2a: Arcanine|Head Smash|p1a: Flareon\n|-supereffective|p1a: Flareon\n|-damage|p1a: Flareon|0 fnt\n|faint|p1a: Flareon\n|\n|upkeep\n|inactive|RL4T Pig has 90 seconds left.\n|\n|t:|1728181329\n|switch|p1a: Grimmsnarl|Grimmsnarl, L83, M|172/293 brn\n|turn|6\n|\n|t:|1728181333\n|move|p1a: Grimmsnarl|Reflect|p1a: Grimmsnarl\n|-sidestart|p1: RL4T Pig|Reflect\n|move|p2a: Arcanine|Head Smash|p1a: Grimmsnarl\n|-damage|p1a: Grimmsnarl|10/293 brn\n|\n|-damage|p1a: Grimmsnarl|0 fnt|[from] brn\n|faint|p1a: Grimmsnarl\n|upkeep\n|inactive|RL4T Pig has 90 seconds left.\n|\n|t:|1728181367\n|switch|p1a: Kingambit|Kingambit, L74, M|270/270\n|-activate|p1a: Kingambit|ability: Supreme Overlord\n|-start|p1a: Kingambit|fallen2|[silent]\n|turn|7\n|\n|t:|1728181374\n|switch|p2a: Palafin|Palafin, L77, M|281/281\n|move|p1a: Kingambit|Swords Dance|p1a: Kingambit\n|-boost|p1a: Kingambit|atk|2\n|\n|upkeep\n|turn|8\n|\n|t:|1728181384\n|move|p2a: Palafin|Bulk Up|p2a: Palafin\n|-boost|p2a: Palafin|atk|1\n|-boost|p2a: Palafin|def|1\n|move|p1a: Kingambit|Kowtow Cleave|p2a: Palafin\n|-damage|p2a: Palafin|107/281\n|\n|-heal|p2a: Palafin|124/281|[from] item: Leftovers\n|upkeep\n|turn|9\n|\n|t:|1728181398\n|-terastallize|p1a: Kingambit|Dark\n|move|p2a: Palafin|Close Combat|p1a: Kingambit\n|-supereffective|p1a: Kingambit\n|-damage|p1a: Kingambit|194/270\n|-unboost|p2a: Palafin|def|1\n|-unboost|p2a: Palafin|spd|1\n|move|p1a: Kingambit|Kowtow Cleave|p2a: Palafin\n|-damage|p2a: Palafin|0 fnt\n|faint|p2a: Palafin\n|\n|-heal|p1a: Kingambit|210/270|[from] item: Leftovers\n|upkeep\n|\n|t:|1728181404\n|switch|p2a: Suicune|Suicune, L82|298/298\n|-ability|p2a: Suicune|Pressure\n|turn|10\n|\n|t:|1728181409\n|move|p2a: Suicune|Scald|p1a: Kingambit\n|-damage|p1a: Kingambit|122/270\n|move|p1a: Kingambit|Kowtow Cleave|p2a: Suicune\n|-damage|p2a: Suicune|58/298\n|\n|-heal|p2a: Suicune|76/298|[from] item: Leftovers\n|-heal|p1a: Kingambit|138/270|[from] item: Leftovers\n|upkeep\n|turn|11\n|\n|t:|1728181415\n|move|p2a: Suicune|Scald|p1a: Kingambit\n|-damage|p1a: Kingambit|51/270\n|-status|p1a: Kingambit|brn\n|move|p1a: Kingambit|Kowtow Cleave|p2a: Suicune\n|-damage|p2a: Suicune|0 fnt\n|faint|p2a: Suicune\n|\n|-heal|p1a: Kingambit|67/270 brn|[from] item: Leftovers\n|-damage|p1a: Kingambit|51/270 brn|[from] brn\n|upkeep\n|\n|t:|1728181426\n|switch|p2a: Arcanine|Arcanine-Hisui, L82, M|175/290\n|turn|12\n|\n|t:|1728181432\n|move|p2a: Arcanine|Extreme Speed|p1a: Kingambit\n|-damage|p1a: Kingambit|9/270 brn\n|move|p1a: Kingambit|Sucker Punch||[still]\n|-fail|p1a: Kingambit\n|\n|-heal|p1a: Kingambit|25/270 brn|[from] item: Leftovers\n|-damage|p1a: Kingambit|9/270 brn|[from] brn\n|upkeep\n|turn|13\n|inactive|RL4T Pig has 120 seconds left.\n|\n|t:|1728181442\n|-end|p1a: Kingambit|fallen2|[silent]\n|switch|p1a: Glastrier|Glastrier, L86|312/312\n|move|p2a: Arcanine|Extreme Speed|p1a: Glastrier\n|-damage|p1a: Glastrier|278/312\n|\n|-sideend|p1: RL4T Pig|Reflect\n|upkeep\n|turn|14\n|\n|t:|1728181450\n|switch|p2a: Hatterene|Hatterene, L85, F|236/236\n|move|p1a: Glastrier|Swords Dance|p1a: Glastrier\n|-boost|p1a: Glastrier|atk|2\n|\n|upkeep\n|turn|15\n|\n|t:|1728181454\n|move|p1a: Glastrier|Heavy Slam|p2a: Hatterene\n|-supereffective|p2a: Hatterene\n|-damage|p2a: Hatterene|0 fnt\n|faint|p2a: Hatterene\n|-ability|p1a: Glastrier|Chilling Neigh|boost\n|-boost|p1a: Glastrier|atk|1\n|\n|upkeep\n|\n|t:|1728181457\n|switch|p2a: Arcanine|Arcanine-Hisui, L82, M|175/290\n|turn|16\n|\n|t:|1728181459\n|switch|p1a: Kingambit|Kingambit, L74, M, tera:Dark|9/270 brn\n|-activate|p1a: Kingambit|ability: Supreme Overlord\n|-start|p1a: Kingambit|fallen2|[silent]\n|move|p2a: Arcanine|Flare Blitz|p1a: Kingambit\n|-damage|p1a: Kingambit|0 fnt\n|faint|p1a: Kingambit\n|-end|p1a: Kingambit|fallen2|[silent]\n|\n|upkeep\n|\n|t:|1728181463\n|switch|p1a: Salamence|Salamence, L77, M|273/273\n|-ability|p1a: Salamence|Intimidate|boost\n|-unboost|p2a: Arcanine|atk|1\n|turn|17\n|\n|t:|1728181468\n|switch|p2a: Hoopa|Hoopa, L85|275/275\n|move|p1a: Salamence|Dragon Dance|p1a: Salamence\n|-boost|p1a: Salamence|atk|1\n|-boost|p1a: Salamence|spe|1\n|\n|upkeep\n|turn|18\n|inactive|RL4T Pig has 120 seconds left.\n|\n|t:|1728181506\n|move|p1a: Salamence|Outrage|p2a: Hoopa\n|-damage|p2a: Hoopa|23/275\n|move|p2a: Hoopa|Shadow Ball|p1a: Salamence\n|-damage|p1a: Salamence|120/273\n|\n|upkeep\n|turn|19\n|\n|t:|1728181509\n|move|p1a: Salamence|Outrage|p2a: Hoopa|[from]lockedmove\n|-damage|p2a: Hoopa|0 fnt\n|faint|p2a: Hoopa\n|\n|upkeep\n|\n|t:|1728181512\n|switch|p2a: Arcanine|Arcanine-Hisui, L82, M|175/290\n|turn|20\n|\n|t:|1728181518\n|move|p1a: Salamence|Outrage|p2a: Arcanine|[from]lockedmove\n|-damage|p2a: Arcanine|0 fnt\n|faint|p2a: Arcanine\n|-start|p1a: Salamence|confusion|[fatigue]\n|\n|upkeep\n|\n|t:|1728181521\n|switch|p2a: Brambleghast|Brambleghast, L88, F|240/240\n|turn|21\n|\n|t:|1728181527\n|-terastallize|p2a: Brambleghast|Steel\n|-activate|p1a: Salamence|confusion\n|move|p1a: Salamence|Dual Wingbeat|p2a: Brambleghast\n|-resisted|p2a: Brambleghast\n|-damage|p2a: Brambleghast|203/240\n|-resisted|p2a: Brambleghast\n|-crit|p2a: Brambleghast\n|-damage|p2a: Brambleghast|149/240\n|-hitcount|p2a: Brambleghast|2\n|move|p2a: Brambleghast|Poltergeist|p1a: Salamence|[miss]\n|-miss|p2a: Brambleghast|p1a: Salamence\n|\n|-heal|p2a: Brambleghast|164/240|[from] item: Leftovers\n|upkeep\n|turn|22\n|\n|t:|1728181534\n|switch|p1a: Farigiraf|Farigiraf, L91, M|366/366\n|move|p2a: Brambleghast|Poltergeist|p1a: Farigiraf\n|-immune|p1a: Farigiraf\n|\n|-heal|p2a: Brambleghast|179/240|[from] item: Leftovers\n|upkeep\n|turn|23\n|-message|rl4t betathunder forfeited.\n|\n|win|RL4T Pig\n|raw|RL4T Pig's rating: 2207 &rarr; <strong>2229</strong><br />(+22 for winning)\n|raw|rl4t betathunder's rating: 2246 &rarr; <strong>2224</strong><br />(-22 for losing)\n|l|\u2606rl4t betathunder\n|player|p2|\n|c|\u2606RL4T Pig|that was a really good one\n", "inputlog": ">version 86ae7daf8e420bb3f6c82a6a988ddcc1b1aa7e58\n>start {\"formatid\":\"gen9randombattle\",\"seed\":[2399,12731,60721,30364],\"rated\":\"Rated battle\"}\n>player p1 {\"name\":\"RL4T Pig\",\"avatar\":\"lucas\",\"rating\":2207,\"seed\":[48964,33029,13135,17075]}\n>player p2 {\"name\":\"rl4t betathunder\",\"avatar\":\"#rbtt7teamrayquaza\",\"rating\":2246,\"seed\":[11675,30293,29876,4533]}\n>chat \u2606RL4T Pig|hf\n>p1 switch 6\n>p2 move scald\n>p1 move thunderwave\n>p2 switch 2\n>p1 switch 2\n>p2 move mysticalfire\n>p1 move facade\n>p2 switch 4\n>p1 move facade\n>p2 move headsmash\n>p1 switch 2\n>p1 move reflect\n>p2 move headsmash\n>p1 switch 6\n>p1 move swordsdance\n>p2 switch 6\n>p1 move kowtowcleave\n>p2 move bulkup\n>p1 move kowtowcleave terastallize\n>p2 move closecombat\n>p2 switch 2\n>p1 move kowtowcleave\n>p2 move scald\n>p1 move kowtowcleave\n>p2 move scald\n>p2 switch 6\n>p1 move suckerpunch\n>p2 move extremespeed\n>p1 switch 4\n>p2 move extremespeed\n>p1 move swordsdance\n>p2 switch 4\n>p1 move heavyslam\n>p2 move nuzzle\n>p2 switch 4\n>p1 switch 4\n>p2 move flareblitz\n>p1 switch 5\n>p1 move dragondance\n>p2 switch 5\n>p1 move outrage\n>p2 move shadowball\n>p1 move outrage\n>p2 move shadowball\n>p2 switch 5\n>p1 move outrage\n>p2 move headsmash\n>p2 switch 3\n>p1 move dualwingbeat\n>p2 move poltergeist terastallize\n>p1 switch 3\n>p2 move poltergeist\n>forcelose p2", "uploadtime": 1728181586, "views": 81, "formatid": "gen9randombattle", "rating": 2224, "private": 0, "password": null}