{"id": "gen9randombattle-2259953886", "format": "[Gen 9] Random Battle", "players": ["ikwilkaas12346", "Beauty Nova"], "log": "|j|\u2606ikwilkaas12346\n|j|\u2606Beauty Nova\n|t:|1733783792\n|gametype|singles\n|player|p1|ikwilkaas12346|hiker-gen4|1336\n|player|p2|Beauty Nova|beauty-gen6xy|1347\n|teamsize|p1|6\n|teamsize|p2|6\n|gen|9\n|tier|[Gen 9] Random Battle\n|rated|\n|rule|Species Clause: Limit one of each Pok\u00e9mon\n|rule|HP Percentage Mod: HP is shown in percentages\n|rule|Sleep Clause Mod: Limit one foe put to sleep\n|rule|Illusion Level Mod: Illusion disguises the Pok\u00e9mon's true level\n|\n|t:|1733783792\n|start\n|switch|p1a: Eiscue|Eiscue, L88, M|274/274\n|switch|p2a: Corviknight|Corviknight, L80, M|288/288\n|turn|1\n|inactive|Battle timer is ON: inactive players will automatically lose when time's up. (requested by ikwilkaas12346)\n|\n|t:|1733783826\n|switch|p2a: Glimmora|Glimmora, L75, M|248/248\n|move|p1a: Eiscue|Belly Drum|p1a: Eiscue\n|-damage|p1a: Eiscue|137/274\n|-setboost|p1a: Eiscue|atk|6|[from] move: Belly Drum\n|-enditem|p1a: Eiscue|Sitrus Berry|[eat]\n|-heal|p1a: Eiscue|205/274|[from] item: Sitrus Berry\n|\n|upkeep\n|turn|2\n|inactive|ikwilkaas12346 has 120 seconds left.\n|\n|t:|1733783861\n|move|p2a: Glimmora|Meteor Beam||[still]\n|-prepare|p2a: Glimmora|Meteor Beam\n|-boost|p2a: Glimmora|spa|1\n|-enditem|p2a: Glimmora|Power Herb\n|-anim|p2a: Glimmora|Meteor Beam|p1a: Eiscue\n|-supereffective|p1a: Eiscue\n|-damage|p1a: Eiscue|0 fnt\n|faint|p1a: Eiscue\n|\n|upkeep\n|inactive|ikwilkaas12346 has 120 seconds left.\n|\n|t:|1733783869\n|switch|p1a: Ditto|Ditto, L87|225/225\n|-transform|p1a: Ditto|p2a: Glimmora|[from] ability: Imposter\n|turn|3\n|\n|t:|1733783880\n|-terastallize|p2a: Glimmora|Grass\n|move|p1a: Ditto|Earth Power|p2a: Glimmora\n|-resisted|p2a: Glimmora\n|-damage|p2a: Glimmora|183/248\n|move|p2a: Glimmora|Earth Power|p1a: Ditto\n|-supereffective|p1a: Ditto\n|-damage|p1a: Ditto|0 fnt\n|faint|p1a: Ditto\n|\n|upkeep\n|\n|t:|1733783885\n|switch|p1a: Cryogonal|Cryogonal, L89|287/287\n|turn|4\n|\n|t:|1733783894\n|move|p1a: Cryogonal|Freeze-Dry|p2a: Glimmora\n|-supereffective|p2a: Glimmora\n|-damage|p2a: Glimmora|0 fnt\n|faint|p2a: Glimmora\n|\n|upkeep\n|\n|t:|1733783897\n|switch|p2a: Corviknight|Corviknight, L80, M|288/288\n|turn|5\n|\n|t:|1733783902\n|switch|p1a: Arceus|Arceus-Fire, L72|291/291\n|move|p2a: Corviknight|U-turn|p1a: Arceus\n|-resisted|p1a: Arceus\n|-damage|p1a: Arceus|270/291\n|\n|t:|1733783913\n|switch|p2a: Annihilape|Annihilape, L76, M|292/292|[from] U-turn\n|\n|upkeep\n|turn|6\n|\n|t:|1733783923\n|move|p1a: Arceus|Dragon Dance|p1a: Arceus\n|-boost|p1a: Arceus|atk|1\n|-boost|p1a: Arceus|spe|1\n|move|p2a: Annihilape|Bulk Up|p2a: Annihilape\n|-boost|p2a: Annihilape|atk|1\n|-boost|p2a: Annihilape|def|1\n|\n|upkeep\n|turn|7\n|\n|t:|1733783932\n|move|p1a: Arceus|Flare Blitz|p2a: Annihilape\n|-crit|p2a: Annihilape\n|-damage|p2a: Annihilape|0 fnt\n|faint|p2a: Annihilape\n|-damage|p1a: Arceus|174/291|[from] Recoil\n|\n|upkeep\n|\n|t:|1733783942\n|switch|p2a: Slaking|Slaking, L84, F|389/389\n|turn|8\n|\n|t:|1733783949\n|switch|p1a: Pecharunt|Pecharunt, L77|262/262\n|move|p2a: Slaking|Earthquake|p1a: Pecharunt\n|-supereffective|p1a: Pecharunt\n|-damage|p1a: Pecharunt|52/262\n|\n|-heal|p1a: Pecharunt|68/262|[from] item: Leftovers\n|upkeep\n|turn|9\n|\n|t:|1733783957\n|switch|p2a: Orthworm|Orthworm, L88, M|266/266\n|move|p1a: Pecharunt|Malignant Chain|p2a: Orthworm\n|-immune|p2a: Orthworm\n|\n|-heal|p1a: Pecharunt|84/262|[from] item: Leftovers\n|upkeep\n|turn|10\n|\n|t:|1733783963\n|switch|p1a: Arceus|Arceus-Fire, L72|174/291\n|move|p2a: Orthworm|Stealth Rock|p1a: Arceus\n|-sidestart|p1: ikwilkaas12346|move: Stealth Rock\n|\n|upkeep\n|turn|11\n|\n|t:|1733783972\n|switch|p2a: Scyther|Scyther, L82, M|249/249\n|move|p1a: Arceus|Flare Blitz|p2a: Scyther\n|-supereffective|p2a: Scyther\n|-damage|p2a: Scyther|0 fnt\n|faint|p2a: Scyther\n|-damage|p1a: Arceus|92/291|[from] Recoil\n|\n|upkeep\n|\n|t:|1733783978\n|switch|p2a: Slaking|Slaking, L84, F|389/389\n|turn|12\n|\n|t:|1733783989\n|switch|p1a: Cryogonal|Cryogonal, L89|287/287\n|move|p2a: Slaking|Giga Impact|p1a: Cryogonal\n|-damage|p1a: Cryogonal|0 fnt\n|-mustrecharge|p2a: Slaking\n|faint|p1a: Cryogonal\n|\n|upkeep\n|\n|t:|1733783994\n|switch|p1a: Pecharunt|Pecharunt, L77|84/262\n|-damage|p1a: Pecharunt|52/262|[from] Stealth Rock\n|turn|13\n|\n|t:|1733784000\n|cant|p2a: Slaking|recharge\n|move|p1a: Pecharunt|Recover|p1a: Pecharunt\n|-heal|p1a: Pecharunt|183/262\n|\n|-heal|p1a: Pecharunt|199/262|[from] item: Leftovers\n|upkeep\n|turn|14\n|\n|t:|1733784009\n|move|p2a: Slaking|Giga Impact|p1a: Pecharunt\n|-immune|p1a: Pecharunt\n|move|p1a: Pecharunt|Malignant Chain|p2a: Slaking\n|-damage|p2a: Slaking|295/389\n|\n|-heal|p1a: Pecharunt|215/262|[from] item: Leftovers\n|upkeep\n|turn|15\n|\n|t:|1733784018\n|switch|p2a: Orthworm|Orthworm, L88, M|266/266\n|move|p1a: Pecharunt|Shadow Ball|p2a: Orthworm\n|-damage|p2a: Orthworm|179/266\n|\n|-heal|p1a: Pecharunt|231/262|[from] item: Leftovers\n|upkeep\n|turn|16\n|\n|t:|1733784036\n|-terastallize|p1a: Pecharunt|Dark\n|move|p1a: Pecharunt|Shadow Ball|p2a: Orthworm\n|-damage|p2a: Orthworm|88/266\n|move|p2a: Orthworm|Body Press|p1a: Pecharunt\n|-supereffective|p1a: Pecharunt\n|-damage|p1a: Pecharunt|111/262\n|\n|-heal|p1a: Pecharunt|127/262|[from] item: Leftovers\n|upkeep\n|turn|17\n|\n|t:|1733784045\n|move|p1a: Pecharunt|Shadow Ball|p2a: Orthworm\n|-damage|p2a: Orthworm|1/266\n|move|p2a: Orthworm|Body Press|p1a: Pecharunt\n|-supereffective|p1a: Pecharunt\n|-damage|p1a: Pecharunt|3/262\n|\n|-heal|p1a: Pecharunt|19/262|[from] item: Leftovers\n|upkeep\n|turn|18\n|\n|t:|1733784048\n|move|p1a: Pecharunt|Shadow Ball|p2a: Orthworm\n|-damage|p2a: Orthworm|0 fnt\n|faint|p2a: Orthworm\n|\n|-heal|p1a: Pecharunt|35/262|[from] item: Leftovers\n|upkeep\n|\n|t:|1733784050\n|switch|p2a: Slaking|Slaking, L84, F|295/389\n|turn|19\n|\n|t:|1733784054\n|move|p2a: Slaking|Earthquake|p1a: Pecharunt\n|-damage|p1a: Pecharunt|0 fnt\n|faint|p1a: Pecharunt\n|\n|upkeep\n|\n|t:|1733784059\n|switch|p1a: Hitmontop|Hitmontop, L88, M|231/231\n|-damage|p1a: Hitmontop|217/231|[from] Stealth Rock\n|-ability|p1a: Hitmontop|Intimidate|boost\n|-unboost|p2a: Slaking|atk|1\n|turn|20\n|\n|t:|1733784062\n|switch|p2a: Corviknight|Corviknight, L80, M|288/288\n|move|p1a: Hitmontop|Close Combat|p2a: Corviknight\n|-damage|p2a: Corviknight|95/288\n|-unboost|p1a: Hitmontop|def|1\n|-unboost|p1a: Hitmontop|spd|1\n|-damage|p1a: Hitmontop|179/231|[from] item: Rocky Helmet|[of] p2a: Corviknight\n|\n|upkeep\n|turn|21\n|\n|t:|1733784072\n|move|p1a: Hitmontop|Close Combat|p2a: Corviknight\n|-damage|p2a: Corviknight|0 fnt\n|-unboost|p1a: Hitmontop|def|1\n|-unboost|p1a: Hitmontop|spd|1\n|-damage|p1a: Hitmontop|141/231|[from] item: Rocky Helmet|[of] p2a: Corviknight\n|faint|p2a: Corviknight\n|\n|upkeep\n|\n|t:|1733784075\n|switch|p2a: Slaking|Slaking, L84, F|295/389\n|turn|22\n|\n|t:|1733784086\n|move|p2a: Slaking|Earthquake|p1a: Hitmontop\n|-damage|p1a: Hitmontop|0 fnt\n|faint|p1a: Hitmontop\n|\n|upkeep\n|\n|t:|1733784089\n|switch|p1a: Arceus|Arceus-Fire, L72|92/291\n|-damage|p1a: Arceus|20/291|[from] Stealth Rock\n|turn|23\n|\n|t:|1733784094\n|cant|p2a: Slaking|ability: Truant\n|move|p1a: Arceus|Flare Blitz|p2a: Slaking\n|-damage|p2a: Slaking|174/389\n|-damage|p1a: Arceus|0 fnt|[from] Recoil\n|faint|p1a: Arceus\n|\n|win|Beauty Nova\n|raw|ikwilkaas12346's rating: 1336 &rarr; <strong>1317</strong><br />(-19 for losing)\n|raw|Beauty Nova's rating: 1347 &rarr; <strong>1366</strong><br />(+19 for winning)\n|c|\u2606Beauty Nova|gg\n|l|\u2606ikwilkaas12346\n|player|p1|\n", "inputlog": ">version bfd83cad13791eb5a5a409923076391caf6fb4d4\n>start {\"formatid\":\"gen9randombattle\",\"seed\":[13259,310,7217,25306],\"rated\":\"Rated battle\"}\n>player p1 {\"name\":\"ikwilkaas12346\",\"avatar\":\"hiker-gen4\",\"rating\":1336,\"seed\":[58864,18227,21824,39362]}\n>player p2 {\"name\":\"Beauty Nova\",\"avatar\":\"beauty-gen6xy\",\"rating\":1347,\"seed\":[61050,26983,1815,26030]}\n>p1 move bellydrum\n>p2 switch 3\n>p1 move liquidation\n>p2 move meteorbeam\n>p1 switch 2\n>p1 move earthpower\n>p2 move earthpower terastallize\n>p1 switch 3\n>p1 move freezedry\n>p2 move sludgewave\n>p2 switch 3\n>p1 switch 4\n>p2 move uturn\n>p2 switch 6\n>p1 move dragondance\n>p2 move bulkup\n>p1 move flareblitz\n>p2 move bulkup\n>p2 switch 5\n>p1 switch 6\n>p2 move earthquake\n>p1 move malignantchain\n>p2 switch 2\n>p1 switch 6\n>p2 move stealthrock\n>p1 move flareblitz\n>p2 switch 4\n>p2 switch 2\n>p1 switch 4\n>p2 move gigaimpact\n>p1 switch 6\n>p1 move recover\n>p2 move recharge\n>p1 move malignantchain\n>p2 move gigaimpact\n>p1 move shadowball\n>p2 switch 4\n>p1 move shadowball terastallize\n>p2 move bodypress\n>p1 move shadowball\n>p2 move bodypress\n>p1 move shadowball\n>p2 move rest\n>p2 switch 4\n>p1 move partingshot\n>p2 move earthquake\n>p1 switch 5\n>p1 move closecombat\n>p2 switch 6\n>p1 move closecombat\n>p2 move bravebird\n>p2 switch 6\n>p1 move closecombat\n>p2 move earthquake\n>p1 switch 4\n>p1 move flareblitz\n>p2 move earthquake", "uploadtime": 1733784102, "views": 2, "formatid": "gen9randombattle", "rating": 1317, "private": 0, "password": null}