{"id": "gen9randombattle-2259912684", "format": "[Gen 9] Random Battle", "players": ["juanmii2002", "Andras14"], "log": "|j|\u2606juanmii2002\n|j|\u2606Andras14\n|t:|1733779258\n|gametype|singles\n|player|p1|juanmii2002|2|\n|player|p2|Andras14|harlequin|\n|teamsize|p1|6\n|teamsize|p2|6\n|gen|9\n|tier|[Gen 9] Random Battle\n|rule|Species Clause: Limit one of each Pok\u00e9mon\n|rule|HP Percentage Mod: HP is shown in percentages\n|rule|Sleep Clause Mod: Limit one foe put to sleep\n|rule|Illusion Level Mod: Illusion disguises the Pok\u00e9mon's true level\n|\n|t:|1733779258\n|start\n|switch|p1a: Chesnaught|Chesnaught, L84, F|285/285\n|switch|p2a: Slowbro|Slowbro, L85, M|300/300\n|turn|1\n|inactive|Battle timer is ON: inactive players will automatically lose when time's up. (requested by Andras14)\n|\n|t:|1733779267\n|move|p1a: Chesnaught|Wood Hammer|p2a: Slowbro\n|-supereffective|p2a: Slowbro\n|-damage|p2a: Slowbro|66/300\n|-damage|p1a: Chesnaught|208/285|[from] Recoil\n|move|p2a: Slowbro|Fire Blast|p1a: Chesnaught\n|-supereffective|p1a: Chesnaught\n|-damage|p1a: Chesnaught|34/285\n|\n|upkeep\n|turn|2\n|\n|t:|1733779277\n|switch|p2a: Appletun|Appletun, L92, M|352/352\n|move|p1a: Chesnaught|Wood Hammer|p2a: Appletun\n|-resisted|p2a: Appletun\n|-damage|p2a: Appletun|321/352\n|-damage|p1a: Chesnaught|24/285|[from] Recoil\n|\n|-heal|p2a: Appletun|343/352|[from] item: Leftovers\n|upkeep\n|turn|3\n|\n|t:|1733779288\n|move|p1a: Chesnaught|Synthesis|p1a: Chesnaught\n|-heal|p1a: Chesnaught|166/285\n|move|p2a: Appletun|Draco Meteor|p1a: Chesnaught\n|-damage|p1a: Chesnaught|0 fnt\n|-unboost|p2a: Appletun|spa|2\n|faint|p1a: Chesnaught\n|\n|-heal|p2a: Appletun|352/352|[from] item: Leftovers\n|upkeep\n|\n|t:|1733779303\n|switch|p1a: Gardevoir|Gardevoir, L83, F|249/249\n|-ability|p1a: Gardevoir|Thick Fat|[from] ability: Trace|[of] p2a: Appletun\n|turn|4\n|\n|t:|1733779313\n|move|p1a: Gardevoir|Calm Mind|p1a: Gardevoir\n|-boost|p1a: Gardevoir|spa|1\n|-boost|p1a: Gardevoir|spd|1\n|move|p2a: Appletun|Leech Seed|p1a: Gardevoir\n|-start|p1a: Gardevoir|move: Leech Seed\n|\n|-damage|p1a: Gardevoir|218/249|[from] Leech Seed|[of] p2a: Appletun\n|upkeep\n|turn|5\n|\n|t:|1733779323\n|switch|p2a: Slowbro|Slowbro, L85, M|166/300\n|move|p1a: Gardevoir|Moonblast|p2a: Slowbro\n|-damage|p2a: Slowbro|1/300\n|-damage|p1a: Gardevoir|194/249|[from] item: Life Orb\n|\n|-damage|p1a: Gardevoir|163/249|[from] Leech Seed|[of] p2a: Slowbro\n|-heal|p2a: Slowbro|32/300|[silent]\n|upkeep\n|turn|6\n|\n|t:|1733779333\n|switch|p2a: Kingambit|Kingambit, L74, M|270/270\n|move|p1a: Gardevoir|Moonblast|p2a: Kingambit\n|-damage|p2a: Kingambit|0 fnt\n|faint|p2a: Kingambit\n|-end|p2a: Kingambit|fallenundefined|[silent]\n|-damage|p1a: Gardevoir|139/249|[from] item: Life Orb\n|\n|upkeep\n|\n|t:|1733779347\n|switch|p2a: Munkidori|Munkidori, L79, M|269/269\n|turn|7\n|\n|t:|1733779358\n|switch|p2a: Slowbro|Slowbro, L85, M|132/300\n|move|p1a: Gardevoir|Psyshock|p2a: Slowbro\n|-resisted|p2a: Slowbro\n|-damage|p2a: Slowbro|48/300\n|-damage|p1a: Gardevoir|115/249|[from] item: Life Orb\n|\n|-damage|p1a: Gardevoir|84/249|[from] Leech Seed|[of] p2a: Slowbro\n|-heal|p2a: Slowbro|79/300|[silent]\n|upkeep\n|turn|8\n|\n|t:|1733779371\n|switch|p2a: Munkidori|Munkidori, L79, M|269/269\n|move|p1a: Gardevoir|Moonblast|p2a: Munkidori\n|-resisted|p2a: Munkidori\n|-damage|p2a: Munkidori|143/269\n|-damage|p1a: Gardevoir|60/249|[from] item: Life Orb\n|\n|-damage|p1a: Gardevoir|29/249|[from] Leech Seed|[of] p2a: Munkidori\n|-heal|p2a: Munkidori|174/269|[silent]\n|upkeep\n|turn|9\n|\n|t:|1733779382\n|move|p2a: Munkidori|Sludge Wave|p1a: Gardevoir\n|-supereffective|p1a: Gardevoir\n|-damage|p1a: Gardevoir|0 fnt\n|faint|p1a: Gardevoir\n|-damage|p2a: Munkidori|148/269|[from] item: Life Orb\n|\n|upkeep\n|\n|t:|1733779390\n|switch|p1a: Wugtrio|Wugtrio, L91, M|212/212\n|turn|10\n|\n|t:|1733779402\n|switch|p2a: Scrafty|Scrafty, L84, F|246/246\n|-ability|p2a: Scrafty|Intimidate|boost\n|-unboost|p1a: Wugtrio|atk|1\n|-terastallize|p1a: Wugtrio|Dark\n|move|p1a: Wugtrio|Throat Chop|p2a: Scrafty\n|-resisted|p2a: Scrafty\n|-damage|p2a: Scrafty|226/246\n|-start|p2a: Scrafty|Throat Chop|[silent]\n|\n|upkeep\n|turn|11\n|\n|t:|1733779413\n|switch|p1a: Swalot|Swalot, L90, F|326/326\n|move|p2a: Scrafty|Knock Off|p1a: Swalot\n|-damage|p1a: Swalot|200/326\n|-enditem|p1a: Swalot|Leftovers|[from] move: Knock Off|[of] p2a: Scrafty\n|-damage|p2a: Scrafty|202/246|[from] item: Life Orb\n|\n|-end|p2a: Scrafty|Throat Chop|[silent]\n|upkeep\n|turn|12\n|\n|t:|1733779424\n|switch|p2a: Munkidori|Munkidori, L79, M|148/269\n|move|p1a: Swalot|Gunk Shot|p2a: Munkidori\n|-resisted|p2a: Munkidori\n|-damage|p2a: Munkidori|70/269\n|\n|upkeep\n|turn|13\n|\n|t:|1733779431\n|move|p2a: Munkidori|Psyshock|p1a: Swalot\n|-supereffective|p1a: Swalot\n|-damage|p1a: Swalot|0 fnt\n|faint|p1a: Swalot\n|-damage|p2a: Munkidori|44/269|[from] item: Life Orb\n|\n|upkeep\n|\n|t:|1733779435\n|switch|p1a: Keldeo|Keldeo-Resolute, L79|273/273\n|turn|14\n|\n|t:|1733779439\n|move|p1a: Keldeo|Hydro Pump|p2a: Munkidori\n|-damage|p2a: Munkidori|0 fnt\n|faint|p2a: Munkidori\n|\n|upkeep\n|\n|t:|1733779445\n|switch|p2a: Appletun|Appletun, L92, M|352/352\n|turn|15\n|\n|t:|1733779455\n|switch|p1a: Palossand|Palossand, L89, M|296/296\n|move|p2a: Appletun|Apple Acid|p1a: Palossand\n|-supereffective|p1a: Palossand\n|-damage|p1a: Palossand|62/296\n|-unboost|p1a: Palossand|spd|1\n|\n|-heal|p1a: Palossand|80/296|[from] item: Leftovers\n|upkeep\n|turn|16\n|\n|t:|1733779467\n|move|p1a: Palossand|Shadow Ball|p2a: Appletun\n|-damage|p2a: Appletun|264/352\n|move|p2a: Appletun|Apple Acid|p1a: Palossand\n|-supereffective|p1a: Palossand\n|-damage|p1a: Palossand|0 fnt\n|faint|p1a: Palossand\n|\n|-heal|p2a: Appletun|286/352|[from] item: Leftovers\n|upkeep\n|\n|t:|1733779470\n|switch|p1a: Wugtrio|Wugtrio, L91, M, tera:Dark|212/212\n|turn|17\n|\n|t:|1733779481\n|move|p1a: Wugtrio|Stomping Tantrum|p2a: Appletun\n|-resisted|p2a: Appletun\n|-damage|p2a: Appletun|237/352\n|move|p2a: Appletun|Leech Seed|p1a: Wugtrio\n|-start|p1a: Wugtrio|move: Leech Seed\n|\n|-heal|p2a: Appletun|259/352|[from] item: Leftovers\n|-damage|p1a: Wugtrio|186/212|[from] Leech Seed|[of] p2a: Appletun\n|-heal|p2a: Appletun|285/352|[silent]\n|upkeep\n|turn|18\n|\n|t:|1733779490\n|switch|p1a: Keldeo|Keldeo-Resolute, L79|273/273\n|move|p2a: Appletun|Leech Seed|p1a: Keldeo\n|-start|p1a: Keldeo|move: Leech Seed\n|\n|-heal|p2a: Appletun|307/352|[from] item: Leftovers\n|-damage|p1a: Keldeo|239/273|[from] Leech Seed|[of] p2a: Appletun\n|-heal|p2a: Appletun|341/352|[silent]\n|upkeep\n|turn|19\n|\n|t:|1733779501\n|move|p1a: Keldeo|Secret Sword|p2a: Appletun\n|-damage|p2a: Appletun|202/352\n|move|p2a: Appletun|Apple Acid|p1a: Keldeo\n|-supereffective|p1a: Keldeo\n|-damage|p1a: Keldeo|5/273\n|-unboost|p1a: Keldeo|spd|1\n|\n|-heal|p2a: Appletun|224/352|[from] item: Leftovers\n|-damage|p1a: Keldeo|0 fnt|[from] Leech Seed|[of] p2a: Appletun\n|-heal|p2a: Appletun|229/352|[silent]\n|faint|p1a: Keldeo\n|upkeep\n|-message|juanmii2002 forfeited.\n|\n|win|Andras14\n|l|\u2606juanmii2002\n|player|p1|\n", "inputlog": ">version bfd83cad13791eb5a5a409923076391caf6fb4d4\n>start {\"formatid\":\"gen9randombattle\",\"seed\":[30461,24603,12867,40638]}\n>player p1 {\"name\":\"juanmii2002\",\"avatar\":\"2\",\"rating\":0,\"seed\":[55869,35252,62254,58988]}\n>player p2 {\"name\":\"Andras14\",\"avatar\":\"harlequin\",\"rating\":0,\"seed\":[16300,5412,18189,19128]}\n>p1 move woodhammer\n>p2 move fireblast\n>p1 move woodhammer\n>p2 switch 3\n>p1 move synthesis\n>p2 move dracometeor\n>p1 switch 6\n>p1 move calmmind\n>p2 move leechseed\n>p1 move moonblast\n>p2 switch 3\n>p1 move moonblast\n>p2 switch 5\n>p2 switch 6\n>p1 move psyshock\n>p2 switch 5\n>p1 move moonblast\n>p2 switch 5\n>p1 move moonblast\n>p2 move sludgewave\n>p1 switch 2\n>p1 move throatchop terastallize\n>p2 switch 2\n>p1 switch 4\n>p2 move knockoff\n>p1 move gunkshot\n>p2 switch 2\n>p1 move earthquake\n>p2 move psyshock\n>p1 switch 3\n>p1 move hydropump\n>p2 move psyshock\n>p2 switch 3\n>p1 switch 5\n>p2 move appleacid\n>p1 move shadowball\n>p2 move appleacid\n>p1 switch 4\n>p1 move stompingtantrum\n>p2 move leechseed\n>p1 switch 5\n>p2 move leechseed\n>p1 move secretsword\n>p2 move appleacid\n>forcelose p1", "uploadtime": 1733779514, "views": 1, "formatid": "gen9randombattle", "rating": null, "private": 0, "password": null}