{"id": "gen9randombattle-2133503302", "format": "[Gen 9] Random Battle", "players": ["Kickasser", "dcenoris"], "log": "|badge|p2|bronze|gen9randombattle|100-1\n|uhtml|medal-msg|<div class=\"broadcast-blue\">Curious what those medals under the avatar are? PS now has Ladder Seasons! For more information, check out the <a href=\"https://www.smogon.com/forums/threads/3740067/\">thread on Smogon.</a></div>\n|j|\u2606Kickasser\n|j|\u2606dcenoris\n|t:|1717074353\n|gametype|singles\n|player|p1|Kickasser|acetrainer-gen3jp|2305\n|player|p2|dcenoris|lucas|2359\n|teamsize|p1|6\n|teamsize|p2|6\n|gen|9\n|tier|[Gen 9] Random Battle\n|rated|\n|rule|Species Clause: Limit one of each Pok\u00e9mon\n|rule|HP Percentage Mod: HP is shown in percentages\n|rule|Sleep Clause Mod: Limit one foe put to sleep\n|rule|Illusion Level Mod: Illusion disguises the Pok\u00e9mon's true level\n|\n|t:|1717074353\n|start\n|switch|p1a: Falinks|Falinks, L85|249/249\n|switch|p2a: Victreebel|Victreebel, L90, F|290/290\n|turn|1\n|\n|t:|1717074365\n|switch|p1a: Moltres|Moltres, L81|278/278\n|move|p2a: Victreebel|Sunny Day|p2a: Victreebel\n|-weather|SunnyDay\n|\n|-weather|SunnyDay|[upkeep]\n|upkeep\n|turn|2\n|\n|t:|1717074377\n|switch|p2a: Carbink|Carbink, L90|236/236\n|move|p1a: Moltres|Brave Bird|p2a: Carbink\n|-resisted|p2a: Carbink\n|-damage|p2a: Carbink|197/236\n|-damage|p1a: Moltres|265/278|[from] Recoil\n|\n|-weather|SunnyDay|[upkeep]\n|upkeep\n|turn|3\n|\n|t:|1717074389\n|move|p1a: Moltres|U-turn|p2a: Carbink\n|-resisted|p2a: Carbink\n|-damage|p2a: Carbink|182/236\n|\n|t:|1717074394\n|switch|p1a: Falinks|Falinks, L85|249/249|[from] U-turn\n|move|p2a: Carbink|Moonblast|p1a: Falinks\n|-supereffective|p1a: Falinks\n|-damage|p1a: Falinks|51/249\n|\n|-weather|SunnyDay|[upkeep]\n|upkeep\n|turn|4\n|\n|t:|1717074400\n|switch|p2a: Victreebel|Victreebel, L90, F|290/290\n|move|p1a: Falinks|Iron Head|p2a: Victreebel\n|-damage|p2a: Victreebel|195/290\n|-damage|p1a: Falinks|27/249|[from] item: Life Orb\n|\n|-weather|SunnyDay|[upkeep]\n|upkeep\n|turn|5\n|\n|t:|1717074403\n|switch|p1a: Moltres|Moltres, L81|265/278\n|move|p2a: Victreebel|Sludge Wave|p1a: Moltres\n|-damage|p1a: Moltres|100/278\n|-damage|p2a: Victreebel|166/290|[from] item: Life Orb\n|\n|-weather|none\n|upkeep\n|turn|6\n|\n|t:|1717074419\n|switch|p2a: Carbink|Carbink, L90|182/236\n|move|p1a: Moltres|Roost|p1a: Moltres\n|-heal|p1a: Moltres|239/278\n|-singleturn|p1a: Moltres|move: Roost\n|\n|upkeep\n|turn|7\n|\n|t:|1717074423\n|move|p1a: Moltres|U-turn|p2a: Carbink\n|-resisted|p2a: Carbink\n|-damage|p2a: Carbink|168/236\n|\n|t:|1717074424\n|switch|p1a: Falinks|Falinks, L85|27/249|[from] U-turn\n|move|p2a: Carbink|Moonblast|p1a: Falinks\n|-supereffective|p1a: Falinks\n|-damage|p1a: Falinks|0 fnt\n|faint|p1a: Falinks\n|\n|upkeep\n|\n|t:|1717074428\n|switch|p1a: Glalie|Glalie, L96, M|309/309\n|turn|8\n|\n|t:|1717074433\n|move|p1a: Glalie|Earthquake|p2a: Carbink\n|-supereffective|p2a: Carbink\n|-damage|p2a: Carbink|66/236\n|move|p2a: Carbink|Iron Defense|p2a: Carbink\n|-boost|p2a: Carbink|def|2\n|\n|upkeep\n|turn|9\n|\n|t:|1717074450\n|move|p1a: Glalie|Freeze-Dry|p2a: Carbink\n|-damage|p2a: Carbink|15/236\n|move|p2a: Carbink|Rest|p2a: Carbink\n|-status|p2a: Carbink|slp|[from] move: Rest\n|-heal|p2a: Carbink|236/236 slp|[silent]\n|-enditem|p2a: Carbink|Chesto Berry|[eat]\n|-curestatus|p2a: Carbink|slp|[msg]\n|\n|upkeep\n|turn|10\n|\n|t:|1717074457\n|switch|p1a: Weezing|Weezing-Galar, L86, M|252/252\n|move|p2a: Carbink|Body Press|p1a: Weezing\n|-resisted|p1a: Weezing\n|-damage|p1a: Weezing|214/252\n|\n|-heal|p1a: Weezing|229/252|[from] item: Leftovers\n|upkeep\n|turn|11\n|\n|t:|1717074462\n|move|p1a: Weezing|Gunk Shot|p2a: Carbink\n|-damage|p2a: Carbink|194/236\n|-status|p2a: Carbink|psn\n|move|p2a: Carbink|Moonblast|p1a: Weezing\n|-resisted|p1a: Weezing\n|-damage|p1a: Weezing|189/252\n|\n|-heal|p1a: Weezing|204/252|[from] item: Leftovers\n|-damage|p2a: Carbink|165/236 psn|[from] psn\n|upkeep\n|turn|12\n|\n|t:|1717074467\n|switch|p1a: Glalie|Glalie, L96, M|309/309\n|move|p2a: Carbink|Moonblast|p1a: Glalie\n|-crit|p1a: Glalie\n|-damage|p1a: Glalie|215/309\n|\n|-damage|p2a: Carbink|136/236 psn|[from] psn\n|upkeep\n|turn|13\n|j| Max Schrbr\n|\n|t:|1717074477\n|switch|p1a: Moltres|Moltres, L81|239/278\n|move|p2a: Carbink|Body Press|p1a: Moltres\n|-resisted|p1a: Moltres\n|-damage|p1a: Moltres|143/278\n|\n|-damage|p2a: Carbink|107/236 psn|[from] psn\n|upkeep\n|turn|14\n|\n|t:|1717074480\n|move|p1a: Moltres|U-turn|p2a: Carbink\n|-resisted|p2a: Carbink\n|-damage|p2a: Carbink|100/236 psn\n|\n|t:|1717074483\n|switch|p1a: Weezing|Weezing-Galar, L86, M|204/252|[from] U-turn\n|move|p2a: Carbink|Rest|p2a: Carbink\n|-status|p2a: Carbink|slp|[from] move: Rest\n|-heal|p2a: Carbink|236/236 slp|[silent]\n|\n|-heal|p1a: Weezing|219/252|[from] item: Leftovers\n|upkeep\n|turn|15\n|\n|t:|1717074487\n|switch|p1a: Glalie|Glalie, L96, M|215/309\n|cant|p2a: Carbink|slp\n|\n|upkeep\n|turn|16\n|\n|t:|1717074489\n|move|p1a: Glalie|Spikes|p2a: Carbink\n|-sidestart|p2: dcenoris|Spikes\n|cant|p2a: Carbink|slp\n|\n|upkeep\n|turn|17\n|\n|t:|1717074492\n|switch|p1a: Weezing|Weezing-Galar, L86, M|219/252\n|-curestatus|p2a: Carbink|slp|[msg]\n|move|p2a: Carbink|Moonblast|p1a: Weezing\n|-resisted|p1a: Weezing\n|-damage|p1a: Weezing|177/252\n|-unboost|p1a: Weezing|spa|1\n|\n|-heal|p1a: Weezing|192/252|[from] item: Leftovers\n|upkeep\n|turn|18\n|\n|t:|1717074497\n|move|p1a: Weezing|Gunk Shot|p2a: Carbink|[miss]\n|-miss|p1a: Weezing|p2a: Carbink\n|move|p2a: Carbink|Moonblast|p1a: Weezing\n|-resisted|p1a: Weezing\n|-damage|p1a: Weezing|152/252\n|-unboost|p1a: Weezing|spa|1\n|\n|-heal|p1a: Weezing|167/252|[from] item: Leftovers\n|upkeep\n|turn|19\n|\n|t:|1717074505\n|move|p1a: Weezing|Gunk Shot|p2a: Carbink\n|-damage|p2a: Carbink|199/236\n|-status|p2a: Carbink|psn\n|move|p2a: Carbink|Moonblast|p1a: Weezing\n|-resisted|p1a: Weezing\n|-damage|p1a: Weezing|123/252\n|\n|-heal|p1a: Weezing|138/252|[from] item: Leftovers\n|-damage|p2a: Carbink|170/236 psn|[from] psn\n|upkeep\n|turn|20\n|\n|t:|1717074509\n|switch|p1a: Moltres|Moltres, L81|143/278\n|move|p2a: Carbink|Moonblast|p1a: Moltres\n|-resisted|p1a: Moltres\n|-damage|p1a: Moltres|104/278\n|-unboost|p1a: Moltres|spa|1\n|\n|-damage|p2a: Carbink|141/236 psn|[from] psn\n|upkeep\n|turn|21\n|\n|t:|1717074514\n|move|p1a: Moltres|U-turn|p2a: Carbink\n|-resisted|p2a: Carbink\n|-damage|p2a: Carbink|134/236 psn\n|\n|t:|1717074516\n|switch|p1a: Weezing|Weezing-Galar, L86, M|138/252|[from] U-turn\n|move|p2a: Carbink|Rest|p2a: Carbink\n|-status|p2a: Carbink|slp|[from] move: Rest\n|-heal|p2a: Carbink|236/236 slp|[silent]\n|\n|-heal|p1a: Weezing|153/252|[from] item: Leftovers\n|upkeep\n|turn|22\n|\n|t:|1717074519\n|switch|p1a: Deoxys|Deoxys, L74|196/196\n|-ability|p1a: Deoxys|Pressure\n|cant|p2a: Carbink|slp\n|\n|upkeep\n|turn|23\n|\n|t:|1717074522\n|move|p1a: Deoxys|Psycho Boost|p2a: Carbink\n|-damage|p2a: Carbink|100/236 slp\n|-unboost|p1a: Deoxys|spa|2\n|-damage|p1a: Deoxys|177/196|[from] item: Life Orb\n|cant|p2a: Carbink|slp\n|\n|upkeep\n|turn|24\n|\n|t:|1717074526\n|switch|p1a: Weezing|Weezing-Galar, L86, M|153/252\n|-curestatus|p2a: Carbink|slp|[msg]\n|move|p2a: Carbink|Rest|p2a: Carbink\n|-status|p2a: Carbink|slp|[from] move: Rest\n|-heal|p2a: Carbink|236/236 slp|[silent]\n|\n|-heal|p1a: Weezing|168/252|[from] item: Leftovers\n|upkeep\n|turn|25\n|\n|t:|1717074529\n|switch|p1a: Deoxys|Deoxys, L74|177/196\n|-ability|p1a: Deoxys|Pressure\n|cant|p2a: Carbink|slp\n|\n|upkeep\n|turn|26\n|\n|t:|1717074531\n|move|p1a: Deoxys|Psycho Boost|p2a: Carbink\n|-damage|p2a: Carbink|100/236 slp\n|-unboost|p1a: Deoxys|spa|2\n|-damage|p1a: Deoxys|158/196|[from] item: Life Orb\n|cant|p2a: Carbink|slp\n|\n|upkeep\n|turn|27\n|\n|t:|1717074534\n|switch|p1a: Weezing|Weezing-Galar, L86, M|168/252\n|-curestatus|p2a: Carbink|slp|[msg]\n|move|p2a: Carbink|Rest|p2a: Carbink\n|-status|p2a: Carbink|slp|[from] move: Rest\n|-heal|p2a: Carbink|236/236 slp|[silent]\n|\n|-heal|p1a: Weezing|183/252|[from] item: Leftovers\n|upkeep\n|turn|28\n|\n|t:|1717074538\n|switch|p1a: Deoxys|Deoxys, L74|158/196\n|-ability|p1a: Deoxys|Pressure\n|cant|p2a: Carbink|slp\n|\n|upkeep\n|turn|29\n|\n|t:|1717074540\n|move|p1a: Deoxys|Psycho Boost|p2a: Carbink\n|-damage|p2a: Carbink|115/236 slp\n|-unboost|p1a: Deoxys|spa|2\n|-damage|p1a: Deoxys|139/196|[from] item: Life Orb\n|cant|p2a: Carbink|slp\n|\n|upkeep\n|turn|30\n|\n|t:|1717074547\n|switch|p1a: Moltres|Moltres, L81|104/278\n|-curestatus|p2a: Carbink|slp|[msg]\n|move|p2a: Carbink|Moonblast|p1a: Moltres\n|-resisted|p1a: Moltres\n|-damage|p1a: Moltres|64/278\n|\n|upkeep\n|turn|31\n|\n|t:|1717074550\n|move|p1a: Moltres|U-turn|p2a: Carbink\n|-resisted|p2a: Carbink\n|-damage|p2a: Carbink|108/236\n|\n|t:|1717074552\n|switch|p1a: Weezing|Weezing-Galar, L86, M|183/252|[from] U-turn\n|move|p2a: Carbink|Body Press|p1a: Weezing\n|-resisted|p1a: Weezing\n|-damage|p1a: Weezing|146/252\n|\n|-heal|p1a: Weezing|161/252|[from] item: Leftovers\n|upkeep\n|turn|32\n|\n|t:|1717074554\n|move|p1a: Weezing|Strange Steam|p2a: Carbink\n|-damage|p2a: Carbink|48/236\n|-start|p2a: Carbink|confusion\n|-activate|p2a: Carbink|confusion\n|-damage|p2a: Carbink|42/236|[from] confusion\n|\n|-heal|p1a: Weezing|176/252|[from] item: Leftovers\n|upkeep\n|turn|33\n|\n|t:|1717074559\n|switch|p2a: Tentacruel|Tentacruel, L84, F|272/272\n|-damage|p2a: Tentacruel|238/272|[from] Spikes\n|move|p1a: Weezing|Strange Steam|p2a: Tentacruel\n|-resisted|p2a: Tentacruel\n|-damage|p2a: Tentacruel|205/272\n|-start|p2a: Tentacruel|confusion\n|\n|-heal|p2a: Tentacruel|222/272|[from] item: Leftovers\n|-heal|p1a: Weezing|191/252|[from] item: Leftovers\n|upkeep\n|turn|34\n|\n|t:|1717074573\n|switch|p1a: Glalie|Glalie, L96, M|215/309\n|-activate|p2a: Tentacruel|confusion\n|move|p2a: Tentacruel|Rapid Spin|p1a: Glalie\n|-damage|p1a: Glalie|187/309\n|-boost|p2a: Tentacruel|spe|1\n|-sideend|p2: dcenoris|Spikes|[from] move: Rapid Spin|[of] p2a: Tentacruel\n|\n|-heal|p2a: Tentacruel|239/272|[from] item: Leftovers\n|upkeep\n|turn|35\n|\n|t:|1717074578\n|switch|p2a: Chien-Pao|Chien-Pao, L72|234/234\n|-ability|p2a: Chien-Pao|Sword of Ruin\n|move|p1a: Glalie|Freeze-Dry|p2a: Chien-Pao\n|-resisted|p2a: Chien-Pao\n|-damage|p2a: Chien-Pao|172/234\n|\n|upkeep\n|turn|36\n|\n|t:|1717074592\n|switch|p1a: Weezing|Weezing-Galar, L86, M|191/252\n|move|p2a: Chien-Pao|Icicle Crash|p1a: Weezing\n|-damage|p1a: Weezing|77/252\n|\n|-heal|p1a: Weezing|92/252|[from] item: Leftovers\n|upkeep\n|turn|37\n|\n|t:|1717074601\n|switch|p1a: Glalie|Glalie, L96, M|187/309\n|move|p2a: Chien-Pao|Icicle Crash|p1a: Glalie\n|-resisted|p1a: Glalie\n|-damage|p1a: Glalie|118/309\n|\n|upkeep\n|turn|38\n|\n|t:|1717074607\n|move|p2a: Chien-Pao|Icicle Crash|p1a: Glalie\n|-resisted|p1a: Glalie\n|-damage|p1a: Glalie|47/309\n|move|p1a: Glalie|Spikes|p2a: Chien-Pao\n|-sidestart|p2: dcenoris|Spikes\n|\n|upkeep\n|turn|39\n|\n|t:|1717074609\n|move|p2a: Chien-Pao|Icicle Crash|p1a: Glalie\n|-resisted|p1a: Glalie\n|-damage|p1a: Glalie|0 fnt\n|faint|p1a: Glalie\n|\n|upkeep\n|\n|t:|1717074611\n|switch|p1a: Deoxys|Deoxys, L74|139/196\n|-ability|p1a: Deoxys|Pressure\n|turn|40\n|\n|t:|1717074615\n|switch|p2a: Carbink|Carbink, L90|42/236\n|-damage|p2a: Carbink|13/236|[from] Spikes\n|move|p1a: Deoxys|Superpower|p2a: Carbink\n|-damage|p2a: Carbink|0 fnt\n|-unboost|p1a: Deoxys|atk|1\n|-unboost|p1a: Deoxys|def|1\n|faint|p2a: Carbink\n|-damage|p1a: Deoxys|120/196|[from] item: Life Orb\n|\n|upkeep\n|\n|t:|1717074622\n|switch|p2a: Dipplin|Dipplin, L88, F|284/284\n|-damage|p2a: Dipplin|249/284|[from] Spikes\n|turn|41\n|\n|t:|1717074628\n|switch|p1a: Weezing|Weezing-Galar, L86, M|92/252\n|move|p2a: Dipplin|Giga Drain|p1a: Weezing\n|-resisted|p1a: Weezing\n|-damage|p1a: Weezing|45/252\n|-heal|p2a: Dipplin|273/284|[from] drain|[of] p1a: Weezing\n|\n|-heal|p1a: Weezing|60/252|[from] item: Leftovers\n|upkeep\n|turn|42\n|\n|t:|1717074635\n|switch|p1a: Deoxys|Deoxys, L74|120/196\n|-ability|p1a: Deoxys|Pressure\n|switch|p2a: Tentacruel|Tentacruel, L84, F|239/272\n|-damage|p2a: Tentacruel|205/272|[from] Spikes\n|\n|-heal|p2a: Tentacruel|222/272|[from] item: Leftovers\n|upkeep\n|turn|43\n|\n|t:|1717074641\n|switch|p2a: Victreebel|Victreebel, L90, F|166/290\n|-damage|p2a: Victreebel|130/290|[from] Spikes\n|move|p1a: Deoxys|Psycho Boost|p2a: Victreebel\n|-supereffective|p2a: Victreebel\n|-damage|p2a: Victreebel|0 fnt\n|-unboost|p1a: Deoxys|spa|2\n|faint|p2a: Victreebel\n|-damage|p1a: Deoxys|101/196|[from] item: Life Orb\n|\n|upkeep\n|\n|t:|1717074644\n|switch|p2a: Dipplin|Dipplin, L88, F|273/284\n|-damage|p2a: Dipplin|238/284|[from] Spikes\n|turn|44\n|\n|t:|1717074648\n|switch|p1a: Weezing|Weezing-Galar, L86, M|60/252\n|move|p2a: Dipplin|Giga Drain|p1a: Weezing\n|-resisted|p1a: Weezing\n|-damage|p1a: Weezing|12/252\n|-heal|p2a: Dipplin|262/284|[from] drain|[of] p1a: Weezing\n|\n|-heal|p1a: Weezing|27/252|[from] item: Leftovers\n|upkeep\n|turn|45\n|\n|t:|1717074652\n|switch|p2a: Tentacruel|Tentacruel, L84, F|222/272\n|-damage|p2a: Tentacruel|188/272|[from] Spikes\n|move|p1a: Weezing|Gunk Shot|p2a: Tentacruel\n|-resisted|p2a: Tentacruel\n|-damage|p2a: Tentacruel|107/272\n|\n|-heal|p2a: Tentacruel|124/272|[from] item: Leftovers\n|-heal|p1a: Weezing|42/252|[from] item: Leftovers\n|upkeep\n|turn|46\n|\n|t:|1717074657\n|switch|p1a: Dodrio|Dodrio, L86, M|243/243\n|move|p2a: Tentacruel|Rapid Spin|p1a: Dodrio\n|-damage|p1a: Dodrio|209/243\n|-boost|p2a: Tentacruel|spe|1\n|-sideend|p2: dcenoris|Spikes|[from] move: Rapid Spin|[of] p2a: Tentacruel\n|\n|-heal|p2a: Tentacruel|141/272|[from] item: Leftovers\n|upkeep\n|turn|47\n|\n|t:|1717074664\n|move|p2a: Tentacruel|Sludge Bomb|p1a: Dodrio\n|-damage|p1a: Dodrio|104/243\n|move|p1a: Dodrio|Brave Bird|p2a: Tentacruel\n|-damage|p2a: Tentacruel|0 fnt\n|faint|p2a: Tentacruel\n|-damage|p1a: Dodrio|57/243|[from] Recoil\n|\n|upkeep\n|\n|t:|1717074674\n|switch|p2a: Chien-Pao|Chien-Pao, L72|172/234\n|-ability|p2a: Chien-Pao|Sword of Ruin\n|turn|48\n|\n|t:|1717074694\n|move|p2a: Chien-Pao|Ice Shard|p1a: Dodrio\n|-supereffective|p1a: Dodrio\n|-damage|p1a: Dodrio|0 fnt\n|faint|p1a: Dodrio\n|\n|upkeep\n|\n|t:|1717074699\n|switch|p1a: Moltres|Moltres, L81|64/278\n|turn|49\n|\n|t:|1717074703\n|-terastallize|p1a: Moltres|Steel\n|move|p2a: Chien-Pao|Ice Shard|p1a: Moltres\n|-resisted|p1a: Moltres\n|-crit|p1a: Moltres\n|-damage|p1a: Moltres|4/278\n|move|p1a: Moltres|Roost|p1a: Moltres\n|-heal|p1a: Moltres|143/278\n|\n|upkeep\n|turn|50\n|\n|t:|1717074710\n|switch|p2a: Dipplin|Dipplin, L88, F|262/284\n|move|p1a: Moltres|Roost|p1a: Moltres\n|-heal|p1a: Moltres|278/278\n|\n|upkeep\n|turn|51\n|\n|t:|1717074716\n|move|p1a: Moltres|Brave Bird|p2a: Dipplin\n|-supereffective|p2a: Dipplin\n|-damage|p2a: Dipplin|140/284\n|-damage|p1a: Moltres|238/278|[from] Recoil\n|move|p2a: Dipplin|Recover|p2a: Dipplin\n|-heal|p2a: Dipplin|282/284\n|\n|upkeep\n|turn|52\n|\n|t:|1717074719\n|move|p1a: Moltres|Fire Blast|p2a: Dipplin|[miss]\n|-miss|p1a: Moltres|p2a: Dipplin\n|move|p2a: Dipplin|Dragon Pulse|p1a: Moltres\n|-resisted|p1a: Moltres\n|-damage|p1a: Moltres|189/278\n|\n|upkeep\n|turn|53\n|\n|t:|1717074722\n|move|p1a: Moltres|Fire Blast|p2a: Dipplin\n|-damage|p2a: Dipplin|185/284\n|move|p2a: Dipplin|Dragon Pulse|p1a: Moltres\n|-resisted|p1a: Moltres\n|-damage|p1a: Moltres|136/278\n|\n|upkeep\n|turn|54\n|\n|t:|1717074725\n|move|p1a: Moltres|Roost|p1a: Moltres\n|-heal|p1a: Moltres|275/278\n|move|p2a: Dipplin|Recover|p2a: Dipplin\n|-heal|p2a: Dipplin|284/284\n|\n|upkeep\n|turn|55\n|\n|t:|1717074727\n|move|p1a: Moltres|Fire Blast|p2a: Dipplin\n|-damage|p2a: Dipplin|184/284\n|move|p2a: Dipplin|Dragon Pulse|p1a: Moltres\n|-resisted|p1a: Moltres\n|-damage|p1a: Moltres|227/278\n|\n|upkeep\n|turn|56\n|\n|t:|1717074730\n|move|p1a: Moltres|Fire Blast|p2a: Dipplin\n|-damage|p2a: Dipplin|94/284\n|move|p2a: Dipplin|Recover|p2a: Dipplin\n|-heal|p2a: Dipplin|236/284\n|\n|upkeep\n|turn|57\n|\n|t:|1717074733\n|move|p1a: Moltres|Fire Blast|p2a: Dipplin\n|-damage|p2a: Dipplin|137/284\n|move|p2a: Dipplin|Recover|p2a: Dipplin\n|-heal|p2a: Dipplin|279/284\n|\n|upkeep\n|turn|58\n|\n|t:|1717074737\n|move|p1a: Moltres|Fire Blast|p2a: Dipplin|[miss]\n|-miss|p1a: Moltres|p2a: Dipplin\n|move|p2a: Dipplin|Dragon Pulse|p1a: Moltres\n|-resisted|p1a: Moltres\n|-damage|p1a: Moltres|179/278\n|\n|upkeep\n|turn|59\n|\n|t:|1717074740\n|move|p1a: Moltres|Brave Bird|p2a: Dipplin\n|-supereffective|p2a: Dipplin\n|-damage|p2a: Dipplin|147/284\n|-damage|p1a: Moltres|135/278|[from] Recoil\n|move|p2a: Dipplin|Dragon Pulse|p1a: Moltres\n|-resisted|p1a: Moltres\n|-damage|p1a: Moltres|79/278\n|\n|upkeep\n|turn|60\n|\n|t:|1717074742\n|move|p1a: Moltres|Roost|p1a: Moltres\n|-heal|p1a: Moltres|218/278\n|move|p2a: Dipplin|Recover|p2a: Dipplin\n|-heal|p2a: Dipplin|284/284\n|\n|upkeep\n|turn|61\n|\n|t:|1717074744\n|move|p1a: Moltres|Brave Bird|p2a: Dipplin\n|-supereffective|p2a: Dipplin\n|-damage|p2a: Dipplin|158/284\n|-damage|p1a: Moltres|176/278|[from] Recoil\n|move|p2a: Dipplin|Dragon Pulse|p1a: Moltres\n|-resisted|p1a: Moltres\n|-crit|p1a: Moltres\n|-damage|p1a: Moltres|95/278\n|\n|upkeep\n|turn|62\n|\n|t:|1717074747\n|move|p1a: Moltres|Roost|p1a: Moltres\n|-heal|p1a: Moltres|234/278\n|move|p2a: Dipplin|Recover|p2a: Dipplin\n|-heal|p2a: Dipplin|284/284\n|\n|upkeep\n|turn|63\n|\n|t:|1717074749\n|move|p1a: Moltres|Brave Bird|p2a: Dipplin\n|-supereffective|p2a: Dipplin\n|-damage|p2a: Dipplin|140/284\n|-damage|p1a: Moltres|186/278|[from] Recoil\n|move|p2a: Dipplin|Dragon Pulse|p1a: Moltres\n|-resisted|p1a: Moltres\n|-crit|p1a: Moltres\n|-damage|p1a: Moltres|111/278\n|\n|upkeep\n|turn|64\n|\n|t:|1717074751\n|move|p1a: Moltres|Roost|p1a: Moltres\n|-heal|p1a: Moltres|250/278\n|move|p2a: Dipplin|Recover|p2a: Dipplin\n|-heal|p2a: Dipplin|282/284\n|\n|upkeep\n|turn|65\n|\n|t:|1717074754\n|move|p1a: Moltres|Brave Bird|p2a: Dipplin\n|-supereffective|p2a: Dipplin\n|-damage|p2a: Dipplin|142/284\n|-damage|p1a: Moltres|204/278|[from] Recoil\n|move|p2a: Dipplin|Dragon Pulse|p1a: Moltres\n|-resisted|p1a: Moltres\n|-damage|p1a: Moltres|151/278\n|\n|upkeep\n|turn|66\n|\n|t:|1717074757\n|move|p1a: Moltres|Roost|p1a: Moltres\n|-heal|p1a: Moltres|278/278\n|move|p2a: Dipplin|Recover|p2a: Dipplin\n|-heal|p2a: Dipplin|284/284\n|\n|upkeep\n|turn|67\n|\n|t:|1717074765\n|move|p1a: Moltres|Brave Bird|p2a: Dipplin\n|-supereffective|p2a: Dipplin\n|-damage|p2a: Dipplin|162/284\n|-damage|p1a: Moltres|238/278|[from] Recoil\n|move|p2a: Dipplin|Dragon Pulse|p1a: Moltres\n|-resisted|p1a: Moltres\n|-damage|p1a: Moltres|188/278\n|\n|upkeep\n|turn|68\n|\n|t:|1717074774\n|move|p1a: Moltres|U-turn|p2a: Dipplin\n|-supereffective|p2a: Dipplin\n|-damage|p2a: Dipplin|104/284\n|\n|t:|1717074777\n|switch|p1a: Weezing|Weezing-Galar, L86, M|42/252|[from] U-turn\n|move|p2a: Dipplin|Dragon Pulse|p1a: Weezing\n|-immune|p1a: Weezing\n|\n|-heal|p1a: Weezing|57/252|[from] item: Leftovers\n|upkeep\n|turn|69\n|\n|t:|1717074781\n|move|p1a: Weezing|Strange Steam|p2a: Dipplin\n|-supereffective|p2a: Dipplin\n|-damage|p2a: Dipplin|0 fnt\n|faint|p2a: Dipplin\n|\n|-heal|p1a: Weezing|72/252|[from] item: Leftovers\n|upkeep\n|\n|t:|1717074789\n|switch|p2a: Chien-Pao|Chien-Pao, L72|172/234\n|-ability|p2a: Chien-Pao|Sword of Ruin\n|turn|70\n|\n|t:|1717074802\n|move|p2a: Chien-Pao|Icicle Crash|p1a: Weezing\n|-crit|p1a: Weezing\n|-damage|p1a: Weezing|0 fnt\n|faint|p1a: Weezing\n|\n|upkeep\n|\n|t:|1717074805\n|switch|p1a: Deoxys|Deoxys, L74|101/196\n|-ability|p1a: Deoxys|Pressure\n|turn|71\n|\n|t:|1717074811\n|move|p1a: Deoxys|Superpower|p2a: Chien-Pao\n|-supereffective|p2a: Chien-Pao\n|-damage|p2a: Chien-Pao|0 fnt\n|-unboost|p1a: Deoxys|atk|1\n|-unboost|p1a: Deoxys|def|1\n|faint|p2a: Chien-Pao\n|-damage|p1a: Deoxys|82/196|[from] item: Life Orb\n|\n|upkeep\n|\n|t:|1717074815\n|switch|p2a: Feraligatr|Feraligatr, L80, M|267/267\n|turn|72\n|\n|t:|1717074822\n|move|p1a: Deoxys|Psycho Boost|p2a: Feraligatr\n|-damage|p2a: Feraligatr|47/267\n|-unboost|p1a: Deoxys|spa|2\n|-damage|p1a: Deoxys|63/196|[from] item: Life Orb\n|move|p2a: Feraligatr|Dragon Dance|p2a: Feraligatr\n|-boost|p2a: Feraligatr|atk|1\n|-boost|p2a: Feraligatr|spe|1\n|\n|upkeep\n|turn|73\n|\n|t:|1717074827\n|switch|p1a: Moltres|Moltres, L81, tera:Steel|188/278\n|move|p2a: Feraligatr|Liquidation|p1a: Moltres\n|-damage|p1a: Moltres|0 fnt\n|faint|p1a: Moltres\n|\n|upkeep\n|\n|t:|1717074830\n|switch|p1a: Deoxys|Deoxys, L74|63/196\n|-ability|p1a: Deoxys|Pressure\n|turn|74\n|\n|t:|1717074832\n|move|p1a: Deoxys|Extreme Speed|p2a: Feraligatr\n|-damage|p2a: Feraligatr|0 fnt\n|faint|p2a: Feraligatr\n|-damage|p1a: Deoxys|44/196|[from] item: Life Orb\n|\n|win|Kickasser\n|raw|Kickasser's rating: 2278 &rarr; <strong>2303</strong><br />(+25 for winning)\n|raw|dcenoris's rating: 2359 &rarr; <strong>2334</strong><br />(-25 for losing)\n|l|\u2606dcenoris\n|player|p2|\n|l|\u2606Kickasser\n|player|p1|\n", "inputlog": ">version 82ceab39522df80d6289bc3fb83a311a02ed08de\n>start {\"formatid\":\"gen9randombattle\",\"seed\":[39371,59735,64563,1985],\"rated\":\"Rated battle\"}\n>player p1 {\"name\":\"Kickasser\",\"avatar\":\"acetrainer-gen3jp\",\"rating\":2305,\"seed\":[28052,883,53586,28963]}\n>player p2 {\"name\":\"dcenoris\",\"avatar\":\"lucas\",\"rating\":2359,\"seed\":[40040,5804,64560,64194]}\n>p1 switch 2\n>p2 move sunnyday\n>p1 move bravebird\n>p2 switch 4\n>p1 move uturn\n>p2 move moonblast\n>p1 switch 2\n>p1 move ironhead\n>p2 switch 4\n>p1 switch 2\n>p2 move sludgewave\n>p1 move roost\n>p2 switch 4\n>p1 move uturn\n>p2 move moonblast\n>p1 switch 2\n>p1 switch 5\n>p1 move earthquake\n>p2 move irondefense\n>p1 move freezedry\n>p2 move rest\n>p1 switch 6\n>p2 move bodypress\n>p1 move gunkshot\n>p2 move moonblast\n>p1 switch 6\n>p2 move moonblast\n>p1 switch 2\n>p2 move bodypress\n>p1 move uturn\n>p2 move rest\n>p1 switch 6\n>p1 switch 2\n>p2 move moonblast\n>p1 move spikes\n>p2 move bodypress\n>p1 switch 2\n>p2 move moonblast\n>p1 move gunkshot\n>p2 move moonblast\n>p1 move gunkshot\n>p2 move moonblast\n>p1 switch 6\n>p2 move moonblast\n>p1 move uturn\n>p2 move rest\n>p1 switch 6\n>p1 switch 3\n>p2 move irondefense\n>p1 move psychoboost\n>p2 move moonblast\n>p1 switch 3\n>p2 move rest\n>p1 switch 3\n>p2 move moonblast\n>p1 move psychoboost\n>p2 move moonblast\n>p1 switch 3\n>p2 move rest\n>p1 switch 3\n>p2 move moonblast\n>p1 move psychoboost\n>p2 move moonblast\n>p1 switch 6\n>p2 move moonblast\n>p1 move uturn\n>p2 move bodypress\n>p1 switch 3\n>p1 move strangesteam\n>p2 move moonblast\n>p1 move strangesteam\n>p2 switch 5\n>p1 switch 2\n>p2 move rapidspin\n>p1 move freezedry\n>p2 switch 2\n>p1 switch 2\n>p2 move iciclecrash\n>p1 switch 2\n>p2 move iciclecrash\n>p1 move spikes\n>p2 move iciclecrash\n>p1 move spikes\n>p2 move iciclecrash\n>p1 switch 6\n>p1 move superpower\n>p2 switch 5\n>p2 switch 3\n>p1 switch 2\n>p2 move gigadrain\n>p1 switch 2\n>p2 switch 2\n>p1 move psychoboost\n>p2 switch 4\n>p2 switch 2\n>p1 switch 2\n>p2 move gigadrain\n>p1 move gunkshot\n>p2 switch 4\n>p1 switch 4\n>p2 move rapidspin\n>p1 move bravebird\n>p2 move sludgebomb\n>p2 switch 5\n>p1 move bravebird\n>p2 move iceshard\n>p1 switch 3\n>p1 move roost terastallize\n>p2 move iceshard\n>p1 move roost\n>p2 switch 4\n>p1 move bravebird\n>p2 move recover\n>p1 move fireblast\n>p2 move dragonpulse\n>p1 move fireblast\n>p2 move dragonpulse\n>p1 move roost\n>p2 move recover\n>p1 move fireblast\n>p2 move dragonpulse\n>p1 move fireblast\n>p2 move recover\n>p1 move fireblast\n>p2 move recover\n>p1 move fireblast\n>p2 move dragonpulse\n>p1 move bravebird\n>p2 move dragonpulse\n>p1 move roost\n>p2 move recover\n>p1 move bravebird\n>p2 move dragonpulse\n>p1 move roost\n>p2 move recover\n>p1 move bravebird\n>p2 move dragonpulse\n>p1 move roost\n>p2 move recover\n>p1 move bravebird\n>p2 move dragonpulse\n>p1 move roost\n>p2 move recover\n>p1 move bravebird\n>p2 move dragonpulse\n>p1 move uturn\n>p2 move dragonpulse\n>p1 switch 4\n>p1 move strangesteam\n>p2 move gigadrain\n>p2 switch 4\n>p1 move strangesteam\n>p2 move iciclecrash\n>p1 switch 2\n>p1 move superpower\n>p2 move iciclecrash\n>p2 switch 6\n>p1 move psychoboost\n>p2 move dragondance\n>p1 switch 4\n>p2 move liquidation\n>p1 switch 4\n>p1 move extremespeed\n>p2 move liquidation", "uploadtime": 1717075230, "views": 200, "formatid": "gen9randombattle", "rating": 2303, "private": 0, "password": null}