{"id": "gen9randombattle-2260680514", "format": "[Gen 9] Random Battle", "players": ["m00njunk", "RegularZebra"], "log": "|j|\u2606m00njunk\n|j|\u2606RegularZebra\n|t:|1733877633\n|gametype|singles\n|player|p1|m00njunk|guitarist|1491\n|player|p2|RegularZebra|chuck|1494\n|teamsize|p1|6\n|teamsize|p2|6\n|gen|9\n|tier|[Gen 9] Random Battle\n|rated|\n|rule|Species Clause: Limit one of each Pok\u00e9mon\n|rule|HP Percentage Mod: HP is shown in percentages\n|rule|Sleep Clause Mod: Limit one foe put to sleep\n|rule|Illusion Level Mod: Illusion disguises the Pok\u00e9mon's true level\n|\n|t:|1733877633\n|start\n|switch|p1a: Piloswine|Piloswine, L85, F|309/309\n|switch|p2a: Toedscruel|Toedscruel, L87, M|281/281\n|turn|1\n|\n|t:|1733877650\n|switch|p2a: Glaceon|Glaceon, L94, F|275/275\n|move|p1a: Piloswine|Ice Shard|p2a: Glaceon\n|-resisted|p2a: Glaceon\n|-damage|p2a: Glaceon|258/275\n|\n|upkeep\n|turn|2\n|\n|t:|1733877657\n|move|p2a: Glaceon|Freeze-Dry|p1a: Piloswine\n|-damage|p1a: Piloswine|258/309\n|move|p1a: Piloswine|Stealth Rock|p2a: Glaceon\n|-sidestart|p2: RegularZebra|move: Stealth Rock\n|\n|upkeep\n|turn|3\n|\n|t:|1733877672\n|switch|p1a: Umbreon|Umbreon, L84, M|297/297\n|move|p2a: Glaceon|Freeze-Dry|p1a: Umbreon\n|-damage|p1a: Umbreon|210/297\n|-status|p1a: Umbreon|frz\n|\n|-heal|p1a: Umbreon|228/297 frz|[from] item: Leftovers\n|upkeep\n|turn|4\n|\n|t:|1733877688\n|switch|p2a: Koraidon|Koraidon, L64|235/235\n|-damage|p2a: Koraidon|221/235|[from] Stealth Rock\n|-weather|SunnyDay|[from] ability: Orichalcum Pulse|[of] p2a: Koraidon\n|-activate|p2a: Koraidon|Orichalcum Pulse|[source]\n|cant|p1a: Umbreon|frz\n|\n|-weather|SunnyDay|[upkeep]\n|-heal|p1a: Umbreon|246/297 frz|[from] item: Leftovers\n|upkeep\n|turn|5\n|\n|t:|1733877705\n|switch|p1a: Quagsire|Quagsire, L84, F|297/297\n|move|p2a: Koraidon|Flare Blitz|p1a: Quagsire\n|-resisted|p1a: Quagsire\n|-damage|p1a: Quagsire|203/297\n|-damage|p2a: Koraidon|190/235|[from] Recoil\n|\n|-weather|SunnyDay|[upkeep]\n|-heal|p1a: Quagsire|221/297|[from] item: Leftovers\n|upkeep\n|turn|6\n|\n|t:|1733877718\n|switch|p2a: Toedscruel|Toedscruel, L87, M|281/281\n|-damage|p2a: Toedscruel|264/281|[from] Stealth Rock\n|move|p1a: Quagsire|Ice Beam|p2a: Toedscruel\n|-supereffective|p2a: Toedscruel\n|-damage|p2a: Toedscruel|172/281\n|\n|-weather|SunnyDay|[upkeep]\n|-heal|p1a: Quagsire|239/297|[from] item: Leftovers\n|upkeep\n|turn|7\n|\n|t:|1733877747\n|switch|p1a: Umbreon|Umbreon, L84, M|246/297 frz\n|move|p2a: Toedscruel|Rapid Spin|p1a: Umbreon\n|-damage|p1a: Umbreon|219/297 frz\n|-boost|p2a: Toedscruel|spe|1\n|-sideend|p2: RegularZebra|Stealth Rock|[from] move: Rapid Spin|[of] p2a: Toedscruel\n|\n|-weather|SunnyDay|[upkeep]\n|-heal|p1a: Umbreon|237/297 frz|[from] item: Leftovers\n|upkeep\n|turn|8\n|\n|t:|1733877764\n|move|p2a: Toedscruel|Knock Off|p1a: Umbreon\n|-resisted|p1a: Umbreon\n|-damage|p1a: Umbreon|212/297 frz\n|-enditem|p1a: Umbreon|Leftovers|[from] move: Knock Off|[of] p2a: Toedscruel\n|cant|p1a: Umbreon|frz\n|\n|-weather|none\n|upkeep\n|turn|9\n|\n|t:|1733877771\n|switch|p2a: Koraidon|Koraidon, L64|190/235\n|-weather|SunnyDay|[from] ability: Orichalcum Pulse|[of] p2a: Koraidon\n|-activate|p2a: Koraidon|Orichalcum Pulse|[source]\n|cant|p1a: Umbreon|frz\n|\n|-weather|SunnyDay|[upkeep]\n|upkeep\n|turn|10\n|\n|t:|1733877797\n|switch|p1a: Quagsire|Quagsire, L84, F|239/297\n|move|p2a: Koraidon|Close Combat|p1a: Quagsire\n|-damage|p1a: Quagsire|49/297\n|-unboost|p2a: Koraidon|def|1\n|-unboost|p2a: Koraidon|spd|1\n|\n|-weather|SunnyDay|[upkeep]\n|-heal|p1a: Quagsire|67/297|[from] item: Leftovers\n|upkeep\n|turn|11\n|\n|t:|1733877807\n|move|p2a: Koraidon|Close Combat|p1a: Quagsire\n|-damage|p1a: Quagsire|0 fnt\n|-unboost|p2a: Koraidon|def|1\n|-unboost|p2a: Koraidon|spd|1\n|faint|p1a: Quagsire\n|\n|-weather|SunnyDay|[upkeep]\n|upkeep\n|\n|t:|1733877815\n|switch|p1a: Piloswine|Piloswine, L85, F|258/309\n|turn|12\n|\n|t:|1733877823\n|switch|p2a: Ho-Oh|Ho-Oh, L71|268/268\n|move|p1a: Piloswine|Ice Shard|p2a: Ho-Oh\n|-damage|p2a: Ho-Oh|216/268\n|\n|-weather|SunnyDay|[upkeep]\n|upkeep\n|turn|13\n|\n|t:|1733877836\n|switch|p1a: Baxcalibur|Baxcalibur, L75, F|295/295\n|move|p2a: Ho-Oh|Sacred Fire|p1a: Baxcalibur\n|-damage|p1a: Baxcalibur|133/295\n|-ability|p1a: Baxcalibur|Thermal Exchange|boost\n|-boost|p1a: Baxcalibur|atk|1\n|\n|-weather|none\n|upkeep\n|turn|14\n|\n|t:|1733877851\n|move|p1a: Baxcalibur|Ice Shard|p2a: Ho-Oh\n|-damage|p2a: Ho-Oh|102/268\n|move|p2a: Ho-Oh|Sacred Fire|p1a: Baxcalibur\n|-damage|p1a: Baxcalibur|25/295\n|-ability|p1a: Baxcalibur|Thermal Exchange|boost\n|-boost|p1a: Baxcalibur|atk|1\n|\n|upkeep\n|turn|15\n|\n|t:|1733877870\n|-terastallize|p2a: Ho-Oh|Steel\n|move|p1a: Baxcalibur|Ice Shard|p2a: Ho-Oh\n|-resisted|p2a: Ho-Oh\n|-damage|p2a: Ho-Oh|25/268\n|move|p2a: Ho-Oh|Recover|p2a: Ho-Oh\n|-heal|p2a: Ho-Oh|159/268\n|\n|upkeep\n|turn|16\n|\n|t:|1733877879\n|move|p1a: Baxcalibur|Ice Shard|p2a: Ho-Oh\n|-resisted|p2a: Ho-Oh\n|-damage|p2a: Ho-Oh|78/268\n|move|p2a: Ho-Oh|Sacred Fire|p1a: Baxcalibur\n|-damage|p1a: Baxcalibur|0 fnt\n|faint|p1a: Baxcalibur\n|\n|upkeep\n|\n|t:|1733877890\n|switch|p1a: Umbreon|Umbreon, L84, M|212/297 frz\n|turn|17\n|\n|t:|1733877895\n|switch|p2a: Koraidon|Koraidon, L64|190/235\n|-weather|SunnyDay|[from] ability: Orichalcum Pulse|[of] p2a: Koraidon\n|-activate|p2a: Koraidon|Orichalcum Pulse|[source]\n|cant|p1a: Umbreon|frz\n|\n|-weather|SunnyDay|[upkeep]\n|upkeep\n|turn|18\n|\n|t:|1733877903\n|-terastallize|p1a: Umbreon|Poison\n|move|p2a: Koraidon|Flare Blitz|p1a: Umbreon\n|-crit|p1a: Umbreon\n|-damage|p1a: Umbreon|0 fnt\n|faint|p1a: Umbreon\n|-damage|p2a: Koraidon|120/235|[from] Recoil\n|\n|-weather|SunnyDay|[upkeep]\n|upkeep\n|\n|t:|1733877914\n|switch|p1a: Spidops|Spidops, L96, M|271/271\n|turn|19\n|c|\u2606m00njunk|gg\n|\n|t:|1733877920\n|switch|p1a: Dragalge|Dragalge, L88, M|258/258\n|move|p2a: Koraidon|Flare Blitz|p1a: Dragalge\n|-resisted|p1a: Dragalge\n|-damage|p1a: Dragalge|167/258\n|-damage|p2a: Koraidon|90/235|[from] Recoil\n|\n|-weather|SunnyDay|[upkeep]\n|upkeep\n|turn|20\n|\n|t:|1733877937\n|switch|p2a: Ho-Oh|Ho-Oh, L71, tera:Steel|167/268\n|move|p1a: Dragalge|Focus Blast|p2a: Ho-Oh|[miss]\n|-miss|p1a: Dragalge|p2a: Ho-Oh\n|\n|-weather|SunnyDay|[upkeep]\n|upkeep\n|turn|21\n|c|\u2606m00njunk|holy shit\n|\n|t:|1733877950\n|move|p2a: Ho-Oh|Brave Bird|p1a: Dragalge\n|-damage|p1a: Dragalge|50/258\n|-damage|p2a: Ho-Oh|128/268|[from] Recoil\n|move|p1a: Dragalge|Focus Blast|p2a: Ho-Oh|[miss]\n|-miss|p1a: Dragalge|p2a: Ho-Oh\n|\n|-weather|none\n|upkeep\n|turn|22\n|c|\u2606RegularZebra|Focus blast PLEASE\n|c|\u2606m00njunk|are you actually kidding me\n|\n|t:|1733877975\n|move|p2a: Ho-Oh|Brave Bird|p1a: Dragalge\n|-damage|p1a: Dragalge|0 fnt\n|faint|p1a: Dragalge\n|-damage|p2a: Ho-Oh|111/268|[from] Recoil\n|\n|upkeep\n|\n|t:|1733877981\n|switch|p1a: Piloswine|Piloswine, L85, F|258/309\n|turn|23\n|c|\u2606RegularZebra|Did you like, piss off a ghost or something\n|c|\u2606RegularZebra|Are you cursed\n|\n|t:|1733877991\n|move|p2a: Ho-Oh|Sacred Fire|p1a: Piloswine\n|-supereffective|p1a: Piloswine\n|-damage|p1a: Piloswine|186/309\n|move|p1a: Piloswine|Earthquake|p2a: Ho-Oh\n|-supereffective|p2a: Ho-Oh\n|-crit|p2a: Ho-Oh\n|-damage|p2a: Ho-Oh|0 fnt\n|faint|p2a: Ho-Oh\n|\n|upkeep\n|c|\u2606m00njunk|honestly though\n|\n|t:|1733878003\n|switch|p2a: Glaceon|Glaceon, L94, F|258/275\n|turn|24\n|\n|t:|1733878015\n|move|p2a: Glaceon|Freeze-Dry|p1a: Piloswine\n|-damage|p1a: Piloswine|135/309\n|move|p1a: Piloswine|Earthquake|p2a: Glaceon\n|-damage|p2a: Glaceon|176/275\n|\n|upkeep\n|turn|25\n|\n|t:|1733878025\n|move|p2a: Glaceon|Wish|p2a: Glaceon\n|move|p1a: Piloswine|Earthquake|p2a: Glaceon\n|-damage|p2a: Glaceon|97/275\n|\n|upkeep\n|turn|26\n|\n|t:|1733878030\n|move|p2a: Glaceon|Freeze-Dry|p1a: Piloswine\n|-damage|p1a: Piloswine|86/309\n|move|p1a: Piloswine|Stealth Rock|p2a: Glaceon\n|-sidestart|p2: RegularZebra|move: Stealth Rock\n|\n|-heal|p2a: Glaceon|234/275|[from] move: Wish|[wisher] Glaceon\n|upkeep\n|turn|27\n|\n|t:|1733878038\n|switch|p1a: Spidops|Spidops, L96, M|271/271\n|move|p2a: Glaceon|Freeze-Dry|p1a: Spidops\n|-damage|p1a: Spidops|163/271\n|-status|p1a: Spidops|frz\n|\n|upkeep\n|turn|28\n|c|\u2606RegularZebra|WHAT\n|c|\u2606m00njunk|i\n|c|\u2606m00njunk|i dont evwn know anymore\n|\n|t:|1733878063\n|move|p2a: Glaceon|Freeze-Dry|p1a: Spidops\n|-damage|p1a: Spidops|69/271 frz\n|-curestatus|p1a: Spidops|frz|[msg]\n|move|p1a: Spidops|Knock Off|p2a: Glaceon\n|-damage|p2a: Glaceon|173/275\n|-enditem|p2a: Glaceon|Heavy-Duty Boots|[from] move: Knock Off|[of] p1a: Spidops\n|\n|upkeep\n|turn|29\n|\n|t:|1733878072\n|move|p2a: Glaceon|Freeze-Dry|p1a: Spidops\n|-damage|p1a: Spidops|0 fnt\n|faint|p1a: Spidops\n|\n|upkeep\n|\n|t:|1733878080\n|switch|p1a: Piloswine|Piloswine, L85, F|86/309\n|turn|30\n|c|\u2606RegularZebra|ggs, sorry about your ghost curse\n|c|\u2606m00njunk|gonna go call a priest\n|\n|t:|1733878095\n|move|p2a: Glaceon|Freeze-Dry|p1a: Piloswine\n|-damage|p1a: Piloswine|31/309\n|move|p1a: Piloswine|Earthquake|p2a: Glaceon\n|-damage|p2a: Glaceon|88/275\n|\n|upkeep\n|turn|31\n|\n|t:|1733878104\n|move|p2a: Glaceon|Freeze-Dry|p1a: Piloswine\n|-damage|p1a: Piloswine|0 fnt\n|faint|p1a: Piloswine\n|\n|win|RegularZebra\n|raw|m00njunk's rating: 1491 &rarr; <strong>1471</strong><br />(-20 for losing)\n|raw|RegularZebra's rating: 1494 &rarr; <strong>1514</strong><br />(+20 for winning)\n|c|\u2606RegularZebra|I think that's a good game for me to end on\n|c|\u2606RegularZebra|Ain't gettin' luckier than that\n|c|\u2606m00njunk|lmao\n|c|\u2606m00njunk|real\n", "inputlog": ">version bfd83cad13791eb5a5a409923076391caf6fb4d4\n>start {\"formatid\":\"gen9randombattle\",\"seed\":[44656,14548,44886,11337],\"rated\":\"Rated battle\"}\n>player p1 {\"name\":\"m00njunk\",\"avatar\":\"guitarist\",\"rating\":1491,\"seed\":[42364,6804,62662,17791]}\n>player p2 {\"name\":\"RegularZebra\",\"avatar\":\"chuck\",\"rating\":1494,\"seed\":[50217,53525,60452,36902]}\n>p1 move iceshard\n>p2 switch 3\n>p1 move stealthrock\n>p2 move freezedry\n>p1 switch 3\n>p2 move freezedry\n>p1 move wish\n>p2 switch 5\n>p1 switch 5\n>p2 move flareblitz\n>p1 move icebeam\n>p2 switch 3\n>p1 switch 5\n>p2 move rapidspin\n>p1 move toxic\n>p2 move knockoff\n>p1 move toxic\n>p2 switch 3\n>p1 switch 5\n>p2 move closecombat\n>p1 move recover\n>p2 move closecombat\n>p1 switch 3\n>p1 move iceshard\n>p2 switch 2\n>p1 switch 2\n>p2 move sacredfire\n>p1 move iceshard\n>p2 move sacredfire\n>p1 move iceshard\n>p2 move recover terastallize\n>p1 move iceshard\n>p2 move sacredfire\n>p1 switch 5\n>p1 move protect\n>p2 switch 2\n>p1 move toxic terastallize\n>p2 move flareblitz\n>p1 switch 4\n>chat \u2606m00njunk|gg\n>p1 switch 6\n>p2 move flareblitz\n>p1 move focusblast\n>p2 switch 2\n>chat \u2606m00njunk|holy shit\n>p1 move focusblast\n>p2 move bravebird\n>chat \u2606RegularZebra|Focus blast PLEASE\n>chat \u2606m00njunk|are you actually kidding me\n>p1 move focusblast\n>p2 move bravebird\n>p1 switch 2\n>chat \u2606RegularZebra|Did you like, piss off a ghost or something\n>chat \u2606RegularZebra|Are you cursed\n>p1 move earthquake\n>p2 move sacredfire\n>chat \u2606m00njunk|honestly though\n>p2 switch 5\n>p1 move earthquake\n>p2 move freezedry\n>p1 move earthquake\n>p2 move wish\n>p1 move stealthrock\n>p2 move freezedry\n>p1 switch 6\n>p2 move freezedry\n>chat \u2606RegularZebra|WHAT\n>chat \u2606m00njunk|i\n>chat \u2606m00njunk|i dont evwn know anymore\n>p1 move knockoff\n>p2 move freezedry\n>p1 move knockoff\n>p2 move freezedry\n>p1 switch 6\n>chat \u2606RegularZebra|ggs, sorry about your ghost curse\n>chat \u2606m00njunk|gonna go call a priest\n>p1 move earthquake\n>p2 move freezedry\n>p1 move earthquake\n>p2 move freezedry", "uploadtime": 1733878111, "views": 1, "formatid": "gen9randombattle", "rating": 1471, "private": 0, "password": null}