{"id": "gen9randombattle-2260583374", "format": "[Gen 9] Random Battle", "players": ["rawkfemboy", "Xustinho23"], "log": "|j|\u203drawkfemboy\n|j|\u2606Xustinho23\n|t:|1733866034\n|gametype|singles\n|player|p1|rawkfemboy|waitress|1139\n|player|p2|Xustinho23|169|1113\n|teamsize|p1|6\n|teamsize|p2|6\n|gen|9\n|tier|[Gen 9] Random Battle\n|rated|\n|rule|Species Clause: Limit one of each Pok\u00e9mon\n|rule|HP Percentage Mod: HP is shown in percentages\n|rule|Sleep Clause Mod: Limit one foe put to sleep\n|rule|Illusion Level Mod: Illusion disguises the Pok\u00e9mon's true level\n|\n|t:|1733866034\n|start\n|switch|p1a: Arboliva|Arboliva, L91, M|290/290\n|switch|p2a: Komala|Komala, L89, F|260/260\n|-ability|p2a: Komala|Comatose\n|turn|1\n|inactive|Battle timer is ON: inactive players will automatically lose when time's up. (requested by Xustinho23)\n|\n|t:|1733866052\n|move|p2a: Komala|Double-Edge|p1a: Arboliva\n|-damage|p1a: Arboliva|136/290\n|-fieldstart|move: Grassy Terrain|[from] ability: Seed Sower|[of] p1a: Arboliva\n|-damage|p2a: Komala|209/260|[from] Recoil\n|move|p1a: Arboliva|Energy Ball|p2a: Komala\n|-damage|p2a: Komala|62/260\n|\n|-heal|p2a: Komala|78/260|[from] Grassy Terrain\n|-heal|p1a: Arboliva|154/290|[from] Grassy Terrain\n|-heal|p1a: Arboliva|172/290|[from] item: Leftovers\n|upkeep\n|turn|2\n|\n|t:|1733866064\n|move|p2a: Komala|Double-Edge|p1a: Arboliva\n|-damage|p1a: Arboliva|36/290\n|-damage|p2a: Komala|33/260|[from] Recoil\n|move|p1a: Arboliva|Strength Sap|p2a: Komala\n|-unboost|p2a: Komala|atk|1\n|-heal|p1a: Arboliva|290/290\n|\n|-heal|p2a: Komala|49/260|[from] Grassy Terrain\n|upkeep\n|turn|3\n|\n|t:|1733866075\n|move|p2a: Komala|Double-Edge|p1a: Arboliva\n|-damage|p1a: Arboliva|190/290\n|-damage|p2a: Komala|16/260|[from] Recoil\n|move|p1a: Arboliva|Hyper Voice|p2a: Komala\n|-damage|p2a: Komala|0 fnt\n|faint|p2a: Komala\n|\n|-heal|p1a: Arboliva|208/290|[from] Grassy Terrain\n|-heal|p1a: Arboliva|226/290|[from] item: Leftovers\n|upkeep\n|\n|t:|1733866086\n|switch|p2a: Heracross|Heracross, L80, F|259/259\n|turn|4\n|\n|t:|1733866093\n|-terastallize|p1a: Arboliva|Ground\n|move|p2a: Heracross|Megahorn|p1a: Arboliva\n|-damage|p1a: Arboliva|99/290\n|move|p1a: Arboliva|Earth Power|p2a: Heracross\n|-resisted|p2a: Heracross\n|-damage|p2a: Heracross|196/259\n|-unboost|p2a: Heracross|spd|1\n|\n|-heal|p2a: Heracross|212/259|[from] Grassy Terrain\n|-heal|p1a: Arboliva|117/290|[from] Grassy Terrain\n|-heal|p1a: Arboliva|135/290|[from] item: Leftovers\n|upkeep\n|turn|5\n|\n|t:|1733866106\n|move|p2a: Heracross|Megahorn|p1a: Arboliva\n|-damage|p1a: Arboliva|8/290\n|move|p1a: Arboliva|Strength Sap|p2a: Heracross\n|-unboost|p2a: Heracross|atk|1\n|-heal|p1a: Arboliva|254/290\n|\n|-heal|p2a: Heracross|228/259|[from] Grassy Terrain\n|-heal|p1a: Arboliva|272/290|[from] Grassy Terrain\n|-heal|p1a: Arboliva|290/290|[from] item: Leftovers\n|-fieldend|move: Grassy Terrain\n|upkeep\n|turn|6\n|\n|t:|1733866117\n|switch|p2a: Magearna|Magearna, L77|250/250\n|move|p1a: Arboliva|Hyper Voice|p2a: Magearna\n|-resisted|p2a: Magearna\n|-damage|p2a: Magearna|196/250\n|\n|-heal|p2a: Magearna|211/250|[from] item: Leftovers\n|upkeep\n|turn|7\n|\n|t:|1733866130\n|move|p2a: Magearna|Pain Split|p1a: Arboliva\n|-sethp|p1a: Arboliva|250/290|[from] move: Pain Split|[silent]\n|-sethp|p2a: Magearna|250/250|[from] move: Pain Split\n|move|p1a: Arboliva|Earth Power|p2a: Magearna\n|-supereffective|p2a: Magearna\n|-damage|p2a: Magearna|8/250\n|\n|-heal|p2a: Magearna|23/250|[from] item: Leftovers\n|-heal|p1a: Arboliva|268/290|[from] item: Leftovers\n|upkeep\n|turn|8\n|\n|t:|1733866140\n|move|p2a: Magearna|Pain Split|p1a: Arboliva\n|-sethp|p1a: Arboliva|145/290|[from] move: Pain Split|[silent]\n|-sethp|p2a: Magearna|145/250|[from] move: Pain Split\n|move|p1a: Arboliva|Earth Power|p2a: Magearna\n|-supereffective|p2a: Magearna\n|-damage|p2a: Magearna|0 fnt\n|faint|p2a: Magearna\n|\n|-heal|p1a: Arboliva|163/290|[from] item: Leftovers\n|upkeep\n|\n|t:|1733866147\n|switch|p2a: Pawmot|Pawmot, L80, F|243/243\n|turn|9\n|\n|t:|1733866168\n|move|p2a: Pawmot|Close Combat|p1a: Arboliva\n|-damage|p1a: Arboliva|14/290\n|-unboost|p2a: Pawmot|def|1\n|-unboost|p2a: Pawmot|spd|1\n|-fieldstart|move: Grassy Terrain|[from] ability: Seed Sower|[of] p1a: Arboliva\n|-damage|p2a: Pawmot|219/243|[from] item: Life Orb\n|move|p1a: Arboliva|Strength Sap|p2a: Pawmot\n|-unboost|p2a: Pawmot|atk|1\n|-heal|p1a: Arboliva|244/290\n|\n|-heal|p2a: Pawmot|234/243|[from] Grassy Terrain\n|-heal|p1a: Arboliva|262/290|[from] Grassy Terrain\n|-heal|p1a: Arboliva|280/290|[from] item: Leftovers\n|upkeep\n|turn|10\n|-message|Xustinho23 forfeited.\n|\n|win|rawkfemboy\n|raw|rawkfemboy's rating: 1139 &rarr; <strong>1162</strong><br />(+23 for winning)\n|raw|Xustinho23's rating: 1113 &rarr; <strong>1090</strong><br />(-23 for losing)\n|l|\u2606Xustinho23\n|player|p2|\n", "inputlog": ">version bfd83cad13791eb5a5a409923076391caf6fb4d4\n>start {\"formatid\":\"gen9randombattle\",\"seed\":[22802,49886,7356,51615],\"rated\":\"Rated battle\"}\n>player p1 {\"name\":\"rawkfemboy\",\"avatar\":\"waitress\",\"rating\":1139,\"seed\":[45631,13442,62338,9256]}\n>player p2 {\"name\":\"Xustinho23\",\"avatar\":\"169\",\"rating\":1113,\"seed\":[286,45026,6638,23815]}\n>p1 move energyball\n>p2 move doubleedge\n>p1 move strengthsap\n>p2 move doubleedge\n>p1 move hypervoice\n>p2 move doubleedge\n>p2 switch 5\n>p1 move earthpower terastallize\n>p2 move megahorn\n>p1 move strengthsap\n>p2 move megahorn\n>p1 move hypervoice\n>p2 switch 6\n>p1 move earthpower\n>p2 move painsplit\n>p1 move earthpower\n>p2 move painsplit\n>p2 switch 2\n>p1 move strengthsap\n>p2 move closecombat\n>forcelose p2", "uploadtime": 1733866196, "views": 18, "formatid": "gen9randombattle", "rating": 1090, "private": 0, "password": null}