{"id": "gen9randombattle-2260841033", "format": "[Gen 9] Random Battle", "players": ["Mursu14", "arcueid76"], "log": "|j|\u2606Mursu14\n|j|\u2606arcueid76\n|t:|1733902133\n|gametype|singles\n|player|p1|Mursu14|101|1199\n|player|p2|arcueid76|elesa|1155\n|teamsize|p1|6\n|teamsize|p2|6\n|gen|9\n|tier|[Gen 9] Random Battle\n|rated|\n|rule|Species Clause: Limit one of each Pok\u00e9mon\n|rule|HP Percentage Mod: HP is shown in percentages\n|rule|Sleep Clause Mod: Limit one foe put to sleep\n|rule|Illusion Level Mod: Illusion disguises the Pok\u00e9mon's true level\n|\n|t:|1733902133\n|start\n|switch|p1a: Furret|Furret, L94, F|312/312\n|switch|p2a: Solgaleo|Solgaleo, L74|325/325\n|-item|p2a: Solgaleo|Leftovers|[from] ability: Frisk|[of] p1a: Furret\n|turn|1\n|\n|t:|1733902154\n|switch|p2a: Ceruledge|Ceruledge, L78, F|245/245\n|move|p1a: Furret|Knock Off|p2a: Ceruledge\n|-supereffective|p2a: Ceruledge\n|-damage|p2a: Ceruledge|45/245\n|-ability|p2a: Ceruledge|Weak Armor|boost\n|-unboost|p2a: Ceruledge|def|1\n|-boost|p2a: Ceruledge|spe|2\n|-enditem|p2a: Ceruledge|Heavy-Duty Boots|[from] move: Knock Off|[of] p1a: Furret\n|-damage|p1a: Furret|281/312|[from] item: Life Orb\n|\n|upkeep\n|turn|2\n|\n|t:|1733902168\n|move|p2a: Ceruledge|Close Combat|p1a: Furret\n|-supereffective|p1a: Furret\n|-damage|p1a: Furret|77/312\n|-unboost|p2a: Ceruledge|def|1\n|-unboost|p2a: Ceruledge|spd|1\n|move|p1a: Furret|Knock Off|p2a: Ceruledge\n|-supereffective|p2a: Ceruledge\n|-damage|p2a: Ceruledge|0 fnt\n|faint|p2a: Ceruledge\n|-damage|p1a: Furret|46/312|[from] item: Life Orb\n|\n|upkeep\n|\n|t:|1733902184\n|switch|p2a: Cresselia|Cresselia, L80, F|323/323\n|turn|3\n|\n|t:|1733902188\n|move|p1a: Furret|Knock Off|p2a: Cresselia\n|-supereffective|p2a: Cresselia\n|-damage|p2a: Cresselia|170/323\n|-enditem|p2a: Cresselia|Leftovers|[from] move: Knock Off|[of] p1a: Furret\n|-damage|p1a: Furret|15/312|[from] item: Life Orb\n|move|p2a: Cresselia|Calm Mind|p2a: Cresselia\n|-boost|p2a: Cresselia|spa|1\n|-boost|p2a: Cresselia|spd|1\n|\n|upkeep\n|turn|4\n|\n|t:|1733902199\n|move|p1a: Furret|Double-Edge|p2a: Cresselia\n|-damage|p2a: Cresselia|13/323\n|-damage|p1a: Furret|0 fnt|[from] Recoil\n|faint|p1a: Furret\n|move|p2a: Cresselia|Moonlight|p2a: Cresselia\n|-heal|p2a: Cresselia|174/323\n|\n|upkeep\n|inactive|Battle timer is ON: inactive players will automatically lose when time's up. (requested by arcueid76)\n|\n|t:|1733902221\n|switch|p1a: Sawsbuck|Sawsbuck-Winter, L88, M|284/284\n|turn|5\n|\n|t:|1733902232\n|move|p1a: Sawsbuck|Swords Dance|p1a: Sawsbuck\n|-boost|p1a: Sawsbuck|atk|2\n|move|p2a: Cresselia|Calm Mind|p2a: Cresselia\n|-boost|p2a: Cresselia|spa|1\n|-boost|p2a: Cresselia|spd|1\n|\n|upkeep\n|turn|6\n|\n|t:|1733902241\n|move|p1a: Sawsbuck|Double-Edge|p2a: Cresselia\n|-damage|p2a: Cresselia|0 fnt\n|faint|p2a: Cresselia\n|-damage|p1a: Sawsbuck|227/284|[from] Recoil\n|-damage|p1a: Sawsbuck|199/284|[from] item: Life Orb\n|\n|upkeep\n|\n|t:|1733902250\n|switch|p2a: Solgaleo|Solgaleo, L74|325/325\n|turn|7\n|\n|t:|1733902258\n|move|p1a: Sawsbuck|High Horsepower|p2a: Solgaleo\n|-supereffective|p2a: Solgaleo\n|-damage|p2a: Solgaleo|0 fnt\n|faint|p2a: Solgaleo\n|-damage|p1a: Sawsbuck|171/284|[from] item: Life Orb\n|\n|upkeep\n|\n|t:|1733902266\n|switch|p2a: Ditto|Ditto, L87|225/225\n|-transform|p2a: Ditto|p1a: Sawsbuck|[from] ability: Imposter\n|turn|8\n|\n|t:|1733902291\n|move|p2a: Ditto|Double-Edge|p1a: Sawsbuck\n|-damage|p1a: Sawsbuck|0 fnt\n|faint|p1a: Sawsbuck\n|-damage|p2a: Ditto|169/225|[from] Recoil\n|\n|upkeep\n|inactive|Mursu14 has 120 seconds left.\n|\n|t:|1733902305\n|switch|p1a: Eternatus|Eternatus, L69|308/308\n|-ability|p1a: Eternatus|Pressure\n|turn|9\n|inactive|Mursu14 has 120 seconds left.\n|\n|t:|1733902317\n|switch|p2a: Mudsdale|Mudsdale, L84, M|305/305\n|move|p1a: Eternatus|Fire Blast|p2a: Mudsdale\n|-damage|p2a: Mudsdale|231/305\n|-ability|p2a: Mudsdale|Stamina|boost\n|-boost|p2a: Mudsdale|def|1\n|\n|-heal|p2a: Mudsdale|250/305|[from] item: Leftovers\n|upkeep\n|turn|10\n|inactive|Mursu14 has 120 seconds left.\n|\n|t:|1733902331\n|-terastallize|p1a: Eternatus|Dragon\n|move|p1a: Eternatus|Dynamax Cannon|p2a: Mudsdale\n|-damage|p2a: Mudsdale|102/305\n|-ability|p2a: Mudsdale|Stamina|boost\n|-boost|p2a: Mudsdale|def|1\n|move|p2a: Mudsdale|Earthquake|p1a: Eternatus\n|-damage|p1a: Eternatus|164/308\n|\n|-heal|p1a: Eternatus|183/308|[from] item: Leftovers\n|-heal|p2a: Mudsdale|121/305|[from] item: Leftovers\n|upkeep\n|turn|11\n|inactive|Mursu14 has 120 seconds left.\n|\n|t:|1733902359\n|move|p1a: Eternatus|Dynamax Cannon|p2a: Mudsdale\n|-damage|p2a: Mudsdale|0 fnt\n|faint|p2a: Mudsdale\n|\n|-heal|p1a: Eternatus|202/308|[from] item: Leftovers\n|upkeep\n|\n|t:|1733902368\n|switch|p2a: Ditto|Ditto, L87|169/225\n|-transform|p2a: Ditto|p1a: Eternatus|[from] ability: Imposter\n|-ability|p2a: Ditto|Pressure\n|-start|p2a: Ditto|typechange|Poison/Dragon|[silent]\n|turn|12\n|inactive|Mursu14 has 120 seconds left.\n|\n|t:|1733902388\n|move|p2a: Ditto|Dynamax Cannon|p1a: Eternatus\n|-supereffective|p1a: Eternatus\n|-damage|p1a: Eternatus|0 fnt\n|faint|p1a: Eternatus\n|\n|upkeep\n|\n|t:|1733902406\n|switch|p1a: Stonjourner|Stonjourner, L91, M|330/330\n|turn|13\n|\n|t:|1733902412\n|switch|p2a: Shaymin|Shaymin, L82|298/298\n|move|p1a: Stonjourner|Earthquake|p2a: Shaymin\n|-resisted|p2a: Shaymin\n|-damage|p2a: Shaymin|238/298\n|-damage|p1a: Stonjourner|297/330|[from] item: Life Orb\n|\n|-heal|p2a: Shaymin|256/298|[from] item: Leftovers\n|upkeep\n|turn|14\n|inactive|Mursu14 has 120 seconds left.\n|\n|t:|1733902425\n|switch|p1a: Chesnaught|Chesnaught, L84, M|285/285\n|move|p2a: Shaymin|Seed Flare|p1a: Chesnaught|[miss]\n|-miss|p2a: Shaymin|p1a: Chesnaught\n|\n|-heal|p2a: Shaymin|274/298|[from] item: Leftovers\n|upkeep\n|turn|15\n|inactive|Mursu14 has 120 seconds left.\n|\n|t:|1733902440\n|move|p2a: Shaymin|Air Slash|p1a: Chesnaught\n|-supereffective|p1a: Chesnaught\n|-damage|p1a: Chesnaught|61/285\n|move|p1a: Chesnaught|Iron Defense|p1a: Chesnaught\n|-boost|p1a: Chesnaught|def|2\n|\n|-heal|p2a: Shaymin|292/298|[from] item: Leftovers\n|-heal|p1a: Chesnaught|78/285|[from] item: Leftovers\n|upkeep\n|turn|16\n|\n|t:|1733902449\n|switch|p1a: Munkidori|Munkidori, L79, M|269/269\n|move|p2a: Shaymin|Air Slash|p1a: Munkidori\n|-damage|p1a: Munkidori|232/269\n|\n|-heal|p2a: Shaymin|298/298|[from] item: Leftovers\n|upkeep\n|turn|17\n|\n|t:|1733902458\n|move|p1a: Munkidori|Fake Out|p2a: Shaymin\n|-damage|p2a: Shaymin|278/298\n|-status|p2a: Shaymin|tox|[from] ability: Toxic Chain|[of] p1a: Munkidori\n|cant|p2a: Shaymin|flinch\n|\n|-heal|p2a: Shaymin|296/298 tox|[from] item: Leftovers\n|-damage|p2a: Shaymin|278/298 tox|[from] psn\n|upkeep\n|turn|18\n|\n|t:|1733902468\n|move|p1a: Munkidori|Sludge Wave|p2a: Shaymin\n|-supereffective|p2a: Shaymin\n|-damage|p2a: Shaymin|84/298 tox\n|move|p2a: Shaymin|Earth Power|p1a: Munkidori\n|-supereffective|p1a: Munkidori\n|-damage|p1a: Munkidori|144/269\n|\n|-heal|p2a: Shaymin|102/298 tox|[from] item: Leftovers\n|-damage|p2a: Shaymin|66/298 tox|[from] psn\n|upkeep\n|turn|19\n|\n|t:|1733902478\n|move|p1a: Munkidori|Sludge Wave|p2a: Shaymin\n|-supereffective|p2a: Shaymin\n|-damage|p2a: Shaymin|0 fnt\n|faint|p2a: Shaymin\n|\n|upkeep\n|\n|t:|1733902484\n|switch|p2a: Ditto|Ditto, L87|169/225\n|-transform|p2a: Ditto|p1a: Munkidori|[from] ability: Imposter\n|turn|20\n|\n|t:|1733902500\n|switch|p1a: Chesnaught|Chesnaught, L84, M|78/285\n|move|p2a: Ditto|Psychic Noise|p1a: Chesnaught\n|-supereffective|p1a: Chesnaught\n|-damage|p1a: Chesnaught|0 fnt\n|faint|p1a: Chesnaught\n|\n|upkeep\n|\n|t:|1733902507\n|switch|p1a: Munkidori|Munkidori, L79, M|144/269\n|turn|21\n|\n|t:|1733902511\n|move|p1a: Munkidori|Fake Out|p2a: Ditto\n|-damage|p2a: Ditto|143/225\n|cant|p2a: Ditto|flinch\n|\n|upkeep\n|turn|22\n|\n|t:|1733902517\n|move|p2a: Ditto|Psychic Noise|p1a: Munkidori\n|-damage|p1a: Munkidori|80/269\n|-start|p1a: Munkidori|move: Heal Block\n|move|p1a: Munkidori|U-turn|p2a: Ditto\n|-damage|p2a: Ditto|98/225\n|\n|t:|1733902524\n|switch|p1a: Stonjourner|Stonjourner, L91, M|297/330|[from] U-turn\n|\n|upkeep\n|turn|23\n|\n|t:|1733902532\n|move|p2a: Ditto|Psychic Noise|p1a: Stonjourner\n|-crit|p1a: Stonjourner\n|-damage|p1a: Stonjourner|0 fnt\n|faint|p1a: Stonjourner\n|\n|upkeep\n|\n|t:|1733902537\n|switch|p1a: Munkidori|Munkidori, L79, M|80/269\n|turn|24\n|\n|t:|1733902541\n|move|p1a: Munkidori|Fake Out|p2a: Ditto\n|-damage|p2a: Ditto|72/225\n|cant|p2a: Ditto|flinch\n|\n|upkeep\n|turn|25\n|\n|t:|1733902548\n|move|p2a: Ditto|Psychic Noise|p1a: Munkidori\n|-damage|p1a: Munkidori|10/269\n|-start|p1a: Munkidori|move: Heal Block\n|move|p1a: Munkidori|U-turn|p2a: Ditto\n|-damage|p2a: Ditto|23/225\n|\n|upkeep\n|turn|26\n|\n|t:|1733902556\n|move|p2a: Ditto|Psychic Noise|p1a: Munkidori\n|-damage|p1a: Munkidori|0 fnt\n|faint|p1a: Munkidori\n|\n|win|arcueid76\n|raw|Mursu14's rating: 1199 &rarr; <strong>1171</strong><br />(-28 for losing)\n|raw|arcueid76's rating: 1155 &rarr; <strong>1183</strong><br />(+28 for winning)\n|l|\u2606Mursu14\n|player|p1|\n|l|\u2606arcueid76\n|player|p2|\n|j|\u2606arcueid76\n|player|p2|arcueid76|elesa|\n", "inputlog": ">version bfd83cad13791eb5a5a409923076391caf6fb4d4\n>start {\"formatid\":\"gen9randombattle\",\"seed\":[29836,747,59560,10438],\"rated\":\"Rated battle\"}\n>player p1 {\"name\":\"Mursu14\",\"avatar\":\"101\",\"rating\":1199,\"seed\":[43892,15297,44515,33305]}\n>player p2 {\"name\":\"arcueid76\",\"avatar\":\"elesa\",\"rating\":1155,\"seed\":[10695,36386,64471,34851]}\n>p1 move knockoff\n>p2 switch 2\n>p1 move knockoff\n>p2 move closecombat\n>p2 switch 5\n>p1 move knockoff\n>p2 move calmmind\n>p1 move doubleedge\n>p2 move moonlight\n>p1 switch 3\n>p1 move swordsdance\n>p2 move calmmind\n>p1 move doubleedge\n>p2 move psyshock\n>p2 switch 2\n>p1 move highhorsepower\n>p2 move flareblitz\n>p2 switch 3\n>p1 move doubleedge\n>p2 move doubleedge\n>p1 switch 2\n>p1 move fireblast\n>p2 switch 6\n>p1 move dynamaxcannon terastallize\n>p2 move earthquake\n>p1 move dynamaxcannon\n>p2 move earthquake\n>p2 switch 6\n>p1 move dynamaxcannon\n>p2 move dynamaxcannon\n>p1 switch 5\n>p1 move earthquake\n>p2 switch 4\n>p1 switch 6\n>p2 move seedflare\n>p1 move irondefense\n>p2 move airslash\n>p1 switch 4\n>p2 move airslash\n>p1 move fakeout\n>p2 move earthpower\n>p1 move sludgewave\n>p2 move earthpower\n>p1 move sludgewave\n>p2 move earthpower\n>p2 switch 4\n>p1 switch 4\n>p2 move psychicnoise\n>p1 switch 4\n>p1 move fakeout\n>p2 move psychicnoise\n>p1 move uturn\n>p2 move psychicnoise\n>p1 switch 6\n>p1 move earthquake\n>p2 move psychicnoise\n>p1 switch 6\n>p1 move fakeout\n>p2 move psychicnoise\n>p1 move uturn\n>p2 move psychicnoise\n>p1 move uturn\n>p2 move psychicnoise", "uploadtime": 1733902618, "views": 5, "formatid": "gen9randombattle", "rating": 1171, "private": 0, "password": null}