{"id": "gen9randombattle-2260550334", "format": "[Gen 9] Random Battle", "players": ["Cubielubie", "shinozua"], "log": "|j|\u2606Cubielubie\n|j|\u2606shinozua\n|t:|1733862603\n|gametype|singles\n|player|p1|Cubielubie|2|1976\n|player|p2|shinozua|101|1947\n|teamsize|p1|6\n|teamsize|p2|6\n|gen|9\n|tier|[Gen 9] Random Battle\n|rated|\n|rule|Species Clause: Limit one of each Pok\u00e9mon\n|rule|HP Percentage Mod: HP is shown in percentages\n|rule|Sleep Clause Mod: Limit one foe put to sleep\n|rule|Illusion Level Mod: Illusion disguises the Pok\u00e9mon's true level\n|\n|t:|1733862603\n|start\n|switch|p1a: Gengar|Gengar, L81, F|230/230\n|switch|p2a: Eiscue|Eiscue, L88, F|274/274\n|turn|1\n|\n|t:|1733862668\n|switch|p2a: Seviper|Seviper, L93, M|287/287\n|move|p1a: Gengar|Sludge Wave|p2a: Seviper\n|-resisted|p2a: Seviper\n|-damage|p2a: Seviper|197/287\n|-damage|p1a: Gengar|207/230|[from] item: Life Orb\n|\n|upkeep\n|turn|2\n|\n|t:|1733862680\n|switch|p1a: Floatzel|Floatzel, L85, F|283/283\n|move|p2a: Seviper|Knock Off|p1a: Floatzel\n|-damage|p1a: Floatzel|130/283\n|-enditem|p1a: Floatzel|Choice Band|[from] move: Knock Off|[of] p2a: Seviper\n|-damage|p2a: Seviper|169/287|[from] item: Life Orb\n|\n|upkeep\n|turn|3\n|\n|t:|1733862721\n|move|p1a: Floatzel|Wave Crash|p2a: Seviper\n|-damage|p2a: Seviper|10/287\n|-damage|p1a: Floatzel|78/283|[from] Recoil\n|move|p2a: Seviper|Giga Drain|p1a: Floatzel\n|-supereffective|p1a: Floatzel\n|-damage|p1a: Floatzel|0 fnt\n|-heal|p2a: Seviper|49/287|[from] drain|[of] p1a: Floatzel\n|faint|p1a: Floatzel\n|-damage|p2a: Seviper|21/287|[from] item: Life Orb\n|\n|upkeep\n|\n|t:|1733862736\n|switch|p1a: Passimian|Passimian, L83, F|302/302\n|turn|4\n|\n|t:|1733862752\n|move|p1a: Passimian|Drain Punch|p2a: Seviper\n|-resisted|p2a: Seviper\n|-damage|p2a: Seviper|0 fnt\n|faint|p2a: Seviper\n|\n|upkeep\n|\n|t:|1733862796\n|switch|p2a: Meowstic|Meowstic, L89, M|277/277\n|turn|5\n|\n|t:|1733862815\n|switch|p1a: Slowking|Slowking-Galar, L85, M|300/300\n|move|p2a: Meowstic|Psychic Noise|p1a: Slowking\n|-damage|p1a: Slowking|240/300\n|-start|p1a: Slowking|move: Heal Block\n|\n|upkeep\n|turn|6\n|\n|t:|1733862853\n|switch|p2a: Ting-Lu|Ting-Lu, L78|370/370\n|-ability|p2a: Ting-Lu|Vessel of Ruin\n|move|p1a: Slowking|Toxic Spikes|p2a: Ting-Lu\n|-sidestart|p2: shinozua|move: Toxic Spikes\n|\n|-end|p1a: Slowking|move: Heal Block\n|upkeep\n|turn|7\n|\n|t:|1733862889\n|switch|p1a: Passimian|Passimian, L83, F|302/302\n|move|p2a: Ting-Lu|Stealth Rock|p1a: Passimian\n|-sidestart|p1: Cubielubie|move: Stealth Rock\n|\n|upkeep\n|turn|8\n|\n|t:|1733862903\n|switch|p2a: Oricorio|Oricorio-Sensu, L85, M|266/266\n|move|p1a: Passimian|Drain Punch|p2a: Oricorio\n|-immune|p2a: Oricorio\n|\n|upkeep\n|turn|9\n|\n|t:|1733862927\n|move|p2a: Oricorio|Hurricane|p1a: Passimian|[miss]\n|-miss|p2a: Oricorio|p1a: Passimian\n|move|p1a: Passimian|Knock Off|p2a: Oricorio\n|-supereffective|p2a: Oricorio\n|-damage|p2a: Oricorio|78/266\n|-enditem|p2a: Oricorio|Heavy-Duty Boots|[from] move: Knock Off|[of] p1a: Passimian\n|\n|upkeep\n|turn|10\n|\n|t:|1733862946\n|move|p2a: Oricorio|Roost|p2a: Oricorio\n|-heal|p2a: Oricorio|211/266\n|-singleturn|p2a: Oricorio|move: Roost\n|move|p1a: Passimian|Knock Off|p2a: Oricorio\n|-supereffective|p2a: Oricorio\n|-damage|p2a: Oricorio|91/266\n|\n|upkeep\n|turn|11\n|\n|t:|1733862961\n|move|p2a: Oricorio|Hurricane|p1a: Passimian|[miss]\n|-miss|p2a: Oricorio|p1a: Passimian\n|move|p1a: Passimian|Knock Off|p2a: Oricorio\n|-supereffective|p2a: Oricorio\n|-damage|p2a: Oricorio|0 fnt\n|faint|p2a: Oricorio\n|\n|upkeep\n|\n|t:|1733862982\n|switch|p2a: Meowstic|Meowstic, L89, M|277/277\n|-status|p2a: Meowstic|psn\n|turn|12\n|\n|t:|1733862989\n|switch|p1a: Slowking|Slowking-Galar, L85, M|300/300\n|-damage|p1a: Slowking|263/300|[from] Stealth Rock\n|move|p2a: Meowstic|Yawn|p1a: Slowking\n|-start|p1a: Slowking|move: Yawn|[of] p2a: Meowstic\n|\n|-heal|p1a: Slowking|281/300|[from] item: Leftovers\n|-damage|p2a: Meowstic|243/277 psn|[from] psn\n|upkeep\n|turn|13\n|\n|t:|1733862999\n|switch|p1a: Porygon-Z|Porygon-Z, L83|277/277\n|-damage|p1a: Porygon-Z|243/277|[from] Stealth Rock\n|move|p2a: Meowstic|Thunder Wave|p1a: Porygon-Z|[miss]\n|-miss|p2a: Meowstic|p1a: Porygon-Z\n|\n|-heal|p2a: Meowstic|260/277 psn|[from] item: Leftovers\n|-damage|p2a: Meowstic|226/277 psn|[from] psn\n|upkeep\n|turn|14\n|\n|t:|1733863031\n|switch|p2a: Ting-Lu|Ting-Lu, L78|370/370\n|-status|p2a: Ting-Lu|psn\n|-ability|p2a: Ting-Lu|Vessel of Ruin\n|move|p1a: Porygon-Z|Tera Blast|p2a: Ting-Lu\n|-damage|p2a: Ting-Lu|211/370 psn\n|-damage|p1a: Porygon-Z|216/277|[from] item: Life Orb\n|\n|-heal|p2a: Ting-Lu|234/370 psn|[from] item: Leftovers\n|-damage|p2a: Ting-Lu|188/370 psn|[from] psn\n|upkeep\n|turn|15\n|\n|t:|1733863054\n|switch|p1a: Passimian|Passimian, L83, F|302/302\n|-damage|p1a: Passimian|284/302|[from] Stealth Rock\n|move|p2a: Ting-Lu|Payback|p1a: Passimian\n|-resisted|p1a: Passimian\n|-crit|p1a: Passimian\n|-damage|p1a: Passimian|248/302\n|\n|-heal|p1a: Passimian|266/302|[from] item: Leftovers\n|-heal|p2a: Ting-Lu|211/370 psn|[from] item: Leftovers\n|-damage|p2a: Ting-Lu|165/370 psn|[from] psn\n|upkeep\n|turn|16\n|\n|t:|1733863057\n|move|p1a: Passimian|Drain Punch|p2a: Ting-Lu\n|-supereffective|p2a: Ting-Lu\n|-damage|p2a: Ting-Lu|9/370 psn\n|-heal|p1a: Passimian|302/302|[from] drain|[of] p2a: Ting-Lu\n|move|p2a: Ting-Lu|Ruination|p1a: Passimian\n|-damage|p1a: Passimian|151/302\n|\n|-heal|p1a: Passimian|169/302|[from] item: Leftovers\n|-heal|p2a: Ting-Lu|32/370 psn|[from] item: Leftovers\n|-damage|p2a: Ting-Lu|0 fnt|[from] psn\n|faint|p2a: Ting-Lu\n|upkeep\n|\n|t:|1733863081\n|switch|p2a: Meowstic|Meowstic, L89, M|226/277 psn\n|turn|17\n|\n|t:|1733863095\n|switch|p1a: Slowking|Slowking-Galar, L85, M|300/300\n|-damage|p1a: Slowking|263/300|[from] Stealth Rock\n|move|p2a: Meowstic|Psychic Noise|p1a: Slowking\n|-damage|p1a: Slowking|199/300\n|-start|p1a: Slowking|move: Heal Block\n|\n|-heal|p2a: Meowstic|243/277 psn|[from] item: Leftovers\n|-damage|p2a: Meowstic|209/277 psn|[from] psn\n|upkeep\n|turn|18\n|\n|t:|1733863152\n|move|p2a: Meowstic|Psychic Noise|p1a: Slowking\n|-damage|p1a: Slowking|129/300\n|move|p1a: Slowking|Sludge Bomb|p2a: Meowstic\n|-damage|p2a: Meowstic|101/277 psn\n|\n|-heal|p2a: Meowstic|118/277 psn|[from] item: Leftovers\n|-damage|p2a: Meowstic|84/277 psn|[from] psn\n|-end|p1a: Slowking|move: Heal Block\n|upkeep\n|turn|19\n|\n|t:|1733863161\n|move|p2a: Meowstic|Psychic Noise|p1a: Slowking\n|-damage|p1a: Slowking|59/300\n|-start|p1a: Slowking|move: Heal Block\n|cant|p1a: Slowking|move: Heal Block|Slack Off\n|\n|-heal|p2a: Meowstic|101/277 psn|[from] item: Leftovers\n|-damage|p2a: Meowstic|67/277 psn|[from] psn\n|upkeep\n|turn|20\n|\n|t:|1733863169\n|switch|p1a: Porygon-Z|Porygon-Z, L83|216/277\n|-damage|p1a: Porygon-Z|182/277|[from] Stealth Rock\n|move|p2a: Meowstic|Psychic Noise|p1a: Porygon-Z\n|-crit|p1a: Porygon-Z\n|-damage|p1a: Porygon-Z|38/277\n|-start|p1a: Porygon-Z|move: Heal Block\n|\n|-heal|p2a: Meowstic|84/277 psn|[from] item: Leftovers\n|-damage|p2a: Meowstic|50/277 psn|[from] psn\n|upkeep\n|turn|21\n|\n|t:|1733863182\n|switch|p1a: Slowking|Slowking-Galar, L85, M|159/300\n|-damage|p1a: Slowking|122/300|[from] Stealth Rock\n|move|p2a: Meowstic|Psychic Noise|p1a: Slowking\n|-damage|p1a: Slowking|55/300\n|-start|p1a: Slowking|move: Heal Block\n|\n|-heal|p2a: Meowstic|67/277 psn|[from] item: Leftovers\n|-damage|p2a: Meowstic|33/277 psn|[from] psn\n|upkeep\n|turn|22\n|\n|t:|1733863203\n|switch|p1a: Porygon-Z|Porygon-Z, L83|38/277\n|-damage|p1a: Porygon-Z|4/277|[from] Stealth Rock\n|move|p2a: Meowstic|Psychic Noise|p1a: Porygon-Z\n|-damage|p1a: Porygon-Z|0 fnt\n|faint|p1a: Porygon-Z\n|\n|-heal|p2a: Meowstic|50/277 psn|[from] item: Leftovers\n|-damage|p2a: Meowstic|16/277 psn|[from] psn\n|upkeep\n|\n|t:|1733863208\n|switch|p1a: Mimikyu|Mimikyu, L79, M|216/216\n|-damage|p1a: Mimikyu|189/216|[from] Stealth Rock\n|turn|23\n|\n|t:|1733863219\n|move|p2a: Meowstic|Thunder Wave|p1a: Mimikyu\n|-status|p1a: Mimikyu|par\n|move|p1a: Mimikyu|Shadow Sneak|p2a: Meowstic\n|-supereffective|p2a: Meowstic\n|-damage|p2a: Meowstic|0 fnt\n|faint|p2a: Meowstic\n|-damage|p1a: Mimikyu|168/216 par|[from] item: Life Orb\n|\n|upkeep\n|\n|t:|1733863250\n|switch|p2a: Eiscue|Eiscue, L88, F|274/274\n|-status|p2a: Eiscue|psn\n|turn|24\n|\n|t:|1733863267\n|switch|p1a: Gengar|Gengar, L81, F|207/230\n|-damage|p1a: Gengar|179/230|[from] Stealth Rock\n|move|p2a: Eiscue|Belly Drum|p2a: Eiscue\n|-damage|p2a: Eiscue|137/274 psn\n|-setboost|p2a: Eiscue|atk|6|[from] move: Belly Drum\n|-enditem|p2a: Eiscue|Sitrus Berry|[eat]\n|-heal|p2a: Eiscue|205/274 psn|[from] item: Sitrus Berry\n|\n|-damage|p2a: Eiscue|171/274 psn|[from] psn\n|upkeep\n|turn|25\n|\n|t:|1733863289\n|move|p1a: Gengar|Encore|p2a: Eiscue\n|-start|p2a: Eiscue|Encore\n|move|p2a: Eiscue|Belly Drum||[still]\n|-fail|p2a: Eiscue\n|\n|-damage|p2a: Eiscue|137/274 psn|[from] psn\n|upkeep\n|turn|26\n|\n|t:|1733863310\n|move|p1a: Gengar|Sludge Wave|p2a: Eiscue\n|-damage|p2a: Eiscue|3/274 psn\n|-damage|p1a: Gengar|156/230|[from] item: Life Orb\n|move|p2a: Eiscue|Belly Drum||[still]\n|-fail|p2a: Eiscue\n|\n|-damage|p2a: Eiscue|0 fnt|[from] psn\n|faint|p2a: Eiscue\n|upkeep\n|\n|t:|1733863314\n|switch|p2a: Incineroar|Incineroar, L82, F|290/290\n|-ability|p2a: Incineroar|Intimidate|boost\n|-unboost|p1a: Gengar|atk|1\n|turn|27\n|\n|t:|1733863318\n|move|p1a: Gengar|Sludge Wave|p2a: Incineroar\n|-damage|p2a: Incineroar|134/290\n|-damage|p1a: Gengar|133/230|[from] item: Life Orb\n|move|p2a: Incineroar|Knock Off|p1a: Gengar\n|-supereffective|p1a: Gengar\n|-damage|p1a: Gengar|0 fnt\n|-start|p2a: Incineroar|Disable|Knock Off|[from] ability: Cursed Body|[of] p1a: Gengar\n|-enditem|p1a: Gengar|Life Orb|[from] move: Knock Off|[of] p2a: Incineroar\n|faint|p1a: Gengar\n|\n|upkeep\n|\n|t:|1733863326\n|switch|p1a: Passimian|Passimian, L83, F|169/302\n|-damage|p1a: Passimian|151/302|[from] Stealth Rock\n|turn|28\n|\n|t:|1733863331\n|move|p1a: Passimian|Drain Punch|p2a: Incineroar\n|-supereffective|p2a: Incineroar\n|-damage|p2a: Incineroar|0 fnt\n|-heal|p1a: Passimian|218/302|[from] drain|[of] p2a: Incineroar\n|faint|p2a: Incineroar\n|\n|win|Cubielubie\n|raw|Cubielubie's rating: 1976 &rarr; <strong>1994</strong><br />(+18 for winning)\n|raw|shinozua's rating: 1947 &rarr; <strong>1929</strong><br />(-18 for losing)\n|l|\u2606shinozua\n|player|p2|\n|j|\u2606shinozua\n|player|p2|shinozua|101|\n|l|\u2606shinozua\n|player|p2|\n", "inputlog": ">version bfd83cad13791eb5a5a409923076391caf6fb4d4\n>start {\"formatid\":\"gen9randombattle\",\"seed\":[47368,54840,54357,28904],\"rated\":\"Rated battle\"}\n>player p1 {\"name\":\"Cubielubie\",\"avatar\":\"2\",\"rating\":1976,\"seed\":[55949,47947,39140,53251]}\n>player p2 {\"name\":\"shinozua\",\"avatar\":\"101\",\"rating\":1947,\"seed\":[31042,23057,12221,60673]}\n>p1 move sludgewave\n>p2 switch 4\n>p1 switch 2\n>p2 move knockoff\n>p1 move wavecrash\n>p2 move gigadrain\n>p1 switch 5\n>p1 move drainpunch\n>p2 move gunkshot\n>p2 switch 5\n>p1 switch 6\n>p2 move psychicnoise\n>p1 move toxicspikes\n>p2 switch 6\n>p1 switch 6\n>p2 move stealthrock\n>p1 move drainpunch\n>p2 switch 3\n>p1 move knockoff\n>p2 move hurricane\n>p1 move knockoff\n>p2 move roost\n>p1 move knockoff\n>p2 move hurricane\n>p2 switch 6\n>p1 switch 6\n>p2 move yawn\n>p1 switch 4\n>p2 move thunderwave\n>p1 move terablast\n>p2 switch 3\n>p1 switch 6\n>p2 move payback\n>p1 move drainpunch\n>p2 move ruination\n>p2 switch 3\n>p1 switch 4\n>p2 move psychicnoise\n>p1 move sludgebomb\n>p2 move psychicnoise\n>p1 move slackoff\n>p2 move psychicnoise\n>p1 switch 6\n>p2 move psychicnoise\n>p1 switch 6\n>p2 move psychicnoise\n>p1 switch 6\n>p2 move psychicnoise\n>p1 switch 3\n>p1 move shadowsneak\n>p2 move thunderwave\n>p2 switch 4\n>p1 switch 2\n>p2 move bellydrum\n>p1 move encore\n>p2 move ironhead\n>p1 move sludgewave\n>p2 move bellydrum\n>p2 switch 2\n>p1 move sludgewave\n>p2 move knockoff\n>p1 switch 4\n>p1 move drainpunch\n>p2 move closecombat", "uploadtime": 1733863360, "views": 2, "formatid": "gen9randombattle", "rating": 1929, "private": 0, "password": null}