{"id": "gen9randombattle-2259956917", "format": "[Gen 9] Random Battle", "players": ["UmbreonSolitario", "EL NEGRO 0SCUR0"], "log": "|j|\u2606UmbreonSolitario\n|j|\u2606EL NEGRO 0SCUR0\n|t:|1733784144\n|gametype|singles\n|player|p1|UmbreonSolitario|101|1979\n|player|p2|EL NEGRO 0SCUR0|hoopster|2010\n|teamsize|p1|6\n|teamsize|p2|6\n|gen|9\n|tier|[Gen 9] Random Battle\n|rated|\n|rule|Species Clause: Limit one of each Pok\u00e9mon\n|rule|HP Percentage Mod: HP is shown in percentages\n|rule|Sleep Clause Mod: Limit one foe put to sleep\n|rule|Illusion Level Mod: Illusion disguises the Pok\u00e9mon's true level\n|\n|t:|1733784144\n|start\n|switch|p1a: Staraptor|Staraptor, L79, F|263/263\n|switch|p2a: Revavroom|Revavroom, L79, F|256/256\n|turn|1\n|\n|t:|1733784189\n|move|p1a: Staraptor|Close Combat|p2a: Revavroom\n|-damage|p2a: Revavroom|124/256\n|-unboost|p1a: Staraptor|def|1\n|-unboost|p1a: Staraptor|spd|1\n|move|p2a: Revavroom|Shift Gear|p2a: Revavroom\n|-boost|p2a: Revavroom|spe|2\n|-boost|p2a: Revavroom|atk|1\n|\n|upkeep\n|turn|2\n|inactive|Battle timer is ON: inactive players will automatically lose when time's up. (requested by EL NEGRO 0SCUR0)\n|\n|t:|1733784199\n|switch|p1a: Garganacl|Garganacl, L80, M|291/291\n|move|p2a: Revavroom|Gunk Shot|p1a: Garganacl|[miss]\n|-miss|p2a: Revavroom|p1a: Garganacl\n|\n|upkeep\n|turn|3\n|\n|t:|1733784211\n|move|p2a: Revavroom|Iron Head|p1a: Garganacl\n|-supereffective|p1a: Garganacl\n|-damage|p1a: Garganacl|47/291\n|-damage|p2a: Revavroom|99/256|[from] item: Life Orb\n|move|p1a: Garganacl|Earthquake|p2a: Revavroom\n|-supereffective|p2a: Revavroom\n|-damage|p2a: Revavroom|0 fnt\n|faint|p2a: Revavroom\n|\n|-heal|p1a: Garganacl|65/291|[from] item: Leftovers\n|upkeep\n|\n|t:|1733784219\n|switch|p2a: Luvdisc|Luvdisc, F|247/247\n|turn|4\n|\n|t:|1733784232\n|switch|p1a: Rotom|Rotom-Mow, L86|226/226\n|move|p2a: Luvdisc|Surf|p1a: Rotom\n|-resisted|p1a: Rotom\n|-damage|p1a: Rotom|193/226\n|\n|upkeep\n|turn|5\n|\n|t:|1733784240\n|switch|p2a: Blissey|Blissey, L84, F|566/566\n|move|p1a: Rotom|Leaf Storm|p2a: Blissey\n|-damage|p2a: Blissey|460/566\n|-unboost|p1a: Rotom|spa|2\n|\n|-heal|p2a: Blissey|495/566|[from] item: Leftovers\n|upkeep\n|turn|6\n|\n|t:|1733784245\n|switch|p1a: Garganacl|Garganacl, L80, M|65/291\n|move|p2a: Blissey|Stealth Rock|p1a: Garganacl\n|-sidestart|p1: UmbreonSolitario|move: Stealth Rock\n|\n|-heal|p2a: Blissey|530/566|[from] item: Leftovers\n|-heal|p1a: Garganacl|83/291|[from] item: Leftovers\n|upkeep\n|turn|7\n|\n|t:|1733784255\n|move|p2a: Blissey|Seismic Toss|p1a: Garganacl\n|-damage|p1a: Garganacl|0 fnt\n|faint|p1a: Garganacl\n|\n|-heal|p2a: Blissey|565/566|[from] item: Leftovers\n|upkeep\n|\n|t:|1733784263\n|switch|p1a: Staraptor|Staraptor, L79, F|263/263\n|-damage|p1a: Staraptor|198/263|[from] Stealth Rock\n|turn|8\n|\n|t:|1733784271\n|switch|p2a: Golurk|Golurk, L87|297/297\n|move|p1a: Staraptor|U-turn|p2a: Golurk\n|-resisted|p2a: Golurk\n|-damage|p2a: Golurk|255/297\n|\n|t:|1733784276\n|switch|p1a: Rotom|Rotom-Mow, L86|193/226|[from] U-turn\n|-damage|p1a: Rotom|165/226|[from] Stealth Rock\n|\n|upkeep\n|turn|9\n|\n|t:|1733784282\n|switch|p2a: Blissey|Blissey, L84, F|565/566\n|move|p1a: Rotom|Trick|p2a: Blissey\n|-activate|p1a: Rotom|move: Trick|[of] p2a: Blissey\n|-item|p2a: Blissey|Choice Scarf|[from] move: Trick\n|-item|p1a: Rotom|Leftovers|[from] move: Trick\n|\n|-heal|p1a: Rotom|179/226|[from] item: Leftovers\n|upkeep\n|turn|10\n|\n|t:|1733784287\n|switch|p1a: Hatterene|Hatterene, L85, F|236/236\n|-damage|p1a: Hatterene|207/236|[from] Stealth Rock\n|move|p2a: Blissey|Seismic Toss|p1a: Hatterene\n|-damage|p1a: Hatterene|123/236\n|\n|upkeep\n|turn|11\n|\n|t:|1733784293\n|move|p2a: Blissey|Seismic Toss|p1a: Hatterene\n|-damage|p1a: Hatterene|39/236\n|move|p1a: Hatterene|Nuzzle|p2a: Blissey\n|-damage|p2a: Blissey|525/566\n|-status|p2a: Blissey|par\n|\n|upkeep\n|turn|12\n|\n|t:|1733784298\n|move|p2a: Blissey|Seismic Toss|p1a: Hatterene\n|-damage|p1a: Hatterene|0 fnt\n|faint|p1a: Hatterene\n|\n|upkeep\n|\n|t:|1733784301\n|switch|p1a: Salamence|Salamence, L77, F|273/273\n|-ability|p1a: Salamence|Intimidate|boost\n|-unboost|p2a: Blissey|atk|1\n|turn|13\n|\n|t:|1733784305\n|-curestatus|p2a: Blissey|par|[from] ability: Natural Cure\n|switch|p2a: Illumise|Illumise, L91, F|266/266\n|move|p1a: Salamence|Dragon Dance|p1a: Salamence\n|-boost|p1a: Salamence|atk|1\n|-boost|p1a: Salamence|spe|1\n|\n|upkeep\n|turn|14\n|\n|t:|1733784310\n|switch|p1a: Lycanroc|Lycanroc-Midnight, L89, F|296/296\n|-damage|p1a: Lycanroc|259/296|[from] Stealth Rock\n|move|p2a: Illumise|Encore||[still]\n|-fail|p2a: Illumise\n|\n|upkeep\n|turn|15\n|\n|t:|1733784315\n|switch|p2a: Luvdisc|Luvdisc, F|247/247\n|move|p1a: Lycanroc|Stone Edge|p2a: Luvdisc\n|-damage|p2a: Luvdisc|29/247\n|-damage|p1a: Lycanroc|230/296|[from] item: Life Orb\n|\n|upkeep\n|turn|16\n|\n|t:|1733784327\n|move|p2a: Luvdisc|Endeavor|p1a: Lycanroc\n|-damage|p1a: Lycanroc|29/296\n|move|p1a: Lycanroc|Stone Edge|p2a: Luvdisc\n|-damage|p2a: Luvdisc|0 fnt\n|faint|p2a: Luvdisc\n|-damage|p1a: Lycanroc|0 fnt|[from] item: Life Orb\n|faint|p1a: Lycanroc\n|\n|upkeep\n|\n|t:|1733784338\n|switch|p2a: Blissey|Blissey, L84, F|525/566\n|switch|p1a: Staraptor|Staraptor, L79, F|198/263\n|-damage|p1a: Staraptor|133/263|[from] Stealth Rock\n|turn|17\n|\n|t:|1733784346\n|move|p2a: Blissey|Seismic Toss|p1a: Staraptor\n|-damage|p1a: Staraptor|49/263\n|move|p1a: Staraptor|Brave Bird|p2a: Blissey\n|-damage|p2a: Blissey|0 fnt\n|faint|p2a: Blissey\n|-damage|p1a: Staraptor|0 fnt|[from] Recoil\n|faint|p1a: Staraptor\n|\n|upkeep\n|\n|t:|1733784352\n|switch|p1a: Rotom|Rotom-Mow, L86|179/226\n|switch|p2a: Illumise|Illumise, L91, F|266/266\n|-damage|p1a: Rotom|151/226|[from] Stealth Rock\n|turn|18\n|\n|t:|1733784356\n|move|p2a: Illumise|Bug Buzz|p1a: Rotom\n|-supereffective|p1a: Rotom\n|-damage|p1a: Rotom|0 fnt\n|faint|p1a: Rotom\n|\n|upkeep\n|\n|t:|1733784359\n|switch|p1a: Salamence|Salamence, L77, F|273/273\n|-ability|p1a: Salamence|Intimidate|boost\n|-unboost|p2a: Illumise|atk|1\n|turn|19\n|\n|t:|1733784363\n|move|p2a: Illumise|Thunder Wave|p1a: Salamence\n|-status|p1a: Salamence|par\n|cant|p1a: Salamence|par\n|\n|upkeep\n|turn|20\n|\n|t:|1733784367\n|move|p2a: Illumise|Bug Buzz|p1a: Salamence\n|-resisted|p1a: Salamence\n|-damage|p1a: Salamence|221/273 par\n|move|p1a: Salamence|Dual Wingbeat|p2a: Illumise\n|-supereffective|p2a: Illumise\n|-damage|p2a: Illumise|164/266\n|-supereffective|p2a: Illumise\n|-damage|p2a: Illumise|74/266\n|-hitcount|p2a: Illumise|2\n|\n|upkeep\n|turn|21\n|\n|t:|1733784374\n|move|p2a: Illumise|Encore|p1a: Salamence\n|-start|p1a: Salamence|Encore\n|move|p1a: Salamence|Dual Wingbeat|p2a: Illumise\n|-supereffective|p2a: Illumise\n|-damage|p2a: Illumise|0 fnt\n|faint|p2a: Illumise\n|-hitcount|p2: Illumise|1\n|\n|upkeep\n|\n|t:|1733784379\n|switch|p2a: Cetitan|Cetitan, L82, M|412/412\n|turn|22\n|\n|t:|1733784381\n|move|p2a: Cetitan|Ice Spinner|p1a: Salamence\n|-supereffective|p1a: Salamence\n|-damage|p1a: Salamence|0 fnt\n|faint|p1a: Salamence\n|\n|win|EL NEGRO 0SCUR0\n|raw|UmbreonSolitario's rating: 1979 &rarr; <strong>1961</strong><br />(-18 for losing)\n|raw|EL NEGRO 0SCUR0's rating: 2010 &rarr; <strong>2028</strong><br />(+18 for winning)\n|l|\u2606UmbreonSolitario\n|player|p1|\n", "inputlog": ">version bfd83cad13791eb5a5a409923076391caf6fb4d4\n>start {\"formatid\":\"gen9randombattle\",\"seed\":[57569,44636,59995,45044],\"rated\":\"Rated battle\"}\n>player p1 {\"name\":\"UmbreonSolitario\",\"avatar\":\"101\",\"rating\":1979,\"seed\":[54214,29451,31164,39345]}\n>player p2 {\"name\":\"EL NEGRO 0SCUR0\",\"avatar\":\"hoopster\",\"rating\":2010,\"seed\":[4587,15297,8075,30716]}\n>p1 move closecombat\n>p2 move shiftgear\n>p1 switch 5\n>p2 move gunkshot\n>p1 move earthquake\n>p2 move ironhead\n>p2 switch 4\n>p1 switch 4\n>p2 move surf\n>p1 move leafstorm\n>p2 switch 5\n>p1 switch 4\n>p2 move stealthrock\n>p1 move recover\n>p2 move seismictoss\n>p1 switch 5\n>p1 move uturn\n>p2 switch 6\n>p1 switch 4\n>p1 move trick\n>p2 switch 6\n>p1 switch 6\n>p2 move seismictoss\n>p1 move nuzzle\n>p2 move seismictoss\n>p1 move psychic\n>p2 move seismictoss\n>p1 switch 3\n>p1 move dragondance\n>p2 switch 2\n>p1 switch 2\n>p2 move encore\n>p1 move stoneedge\n>p2 switch 5\n>p1 move stoneedge\n>p2 move endeavor\n>p1 switch 4\n>p2 switch 2\n>p1 move bravebird\n>p2 move seismictoss\n>p1 switch 6\n>p2 switch 5\n>p1 move thunderbolt\n>p2 move bugbuzz\n>p1 switch 2\n>p1 move dualwingbeat\n>p2 move thunderwave\n>p1 move dualwingbeat\n>p2 move bugbuzz\n>p1 move dualwingbeat\n>p2 move encore\n>p2 switch 3\n>p1 move dualwingbeat\n>p2 move icespinner", "uploadtime": 1733784387, "views": 1, "formatid": "gen9randombattle", "rating": 1961, "private": 0, "password": null}