{"id": "gen9randombattle-2143806522", "format": "[Gen 9] Random Battle", "players": ["SomeTaxEvader", "Guimd33"], "log": "|badge|p2|bronze|gen9randombattle|100-1\n|uhtml|medal-msg|<div class=\"broadcast-blue\">Curious what those medals under the avatar are? PS now has Ladder Seasons! For more information, check out the <a href=\"https://www.smogon.com/forums/threads/3740067/\">thread on Smogon.</a></div>\n|j|\u2606SomeTaxEvader\n|j|\u2606Guimd33\n|t:|1718462418\n|gametype|singles\n|player|p1|SomeTaxEvader|ninjaboy|2238\n|player|p2|Guimd33|pokekid|2383\n|teamsize|p1|6\n|teamsize|p2|6\n|gen|9\n|tier|[Gen 9] Random Battle\n|rated|\n|rule|Species Clause: Limit one of each Pok\u00e9mon\n|rule|HP Percentage Mod: HP is shown in percentages\n|rule|Sleep Clause Mod: Limit one foe put to sleep\n|rule|Illusion Level Mod: Illusion disguises the Pok\u00e9mon's true level\n|\n|t:|1718462418\n|start\n|switch|p1a: Greedent|Greedent, L86, M|347/347\n|switch|p2a: Heatran|Heatran, L79, M|273/273\n|-item|p2a: Heatran|Air Balloon\n|turn|1\n|inactive|Battle timer is ON: inactive players will automatically lose when time's up. (requested by Guimd33)\n|\n|t:|1718462445\n|switch|p1a: Swalot|Swalot, L90, M|326/326\n|move|p2a: Heatran|Stealth Rock|p1a: Swalot\n|-sidestart|p1: SomeTaxEvader|move: Stealth Rock\n|\n|upkeep\n|turn|2\n|\n|t:|1718462455\n|move|p2a: Heatran|Earth Power|p1a: Swalot\n|-supereffective|p1a: Swalot\n|-damage|p1a: Swalot|194/326\n|move|p1a: Swalot|Knock Off|p2a: Heatran\n|-damage|p2a: Heatran|210/273\n|-enditem|p2a: Heatran|Air Balloon\n|\n|-heal|p1a: Swalot|214/326|[from] item: Leftovers\n|upkeep\n|turn|3\n|\n|t:|1718462462\n|move|p2a: Heatran|Earth Power|p1a: Swalot\n|-supereffective|p1a: Swalot\n|-crit|p1a: Swalot\n|-damage|p1a: Swalot|0 fnt\n|faint|p1a: Swalot\n|\n|upkeep\n|c|\u2606SomeTaxEvader|lmfao\n|c|\u2606SomeTaxEvader|lucky\n|\n|t:|1718462471\n|switch|p1a: Groudon|Groudon, L72|263/263\n|-damage|p1a: Groudon|247/263|[from] Stealth Rock\n|-weather|SunnyDay|[from] ability: Drought|[of] p1a: Groudon\n|turn|4\n|\n|t:|1718462495\n|switch|p2a: Moltres|Moltres-Galar, L79|271/271\n|move|p1a: Groudon|Precipice Blades|p2a: Moltres\n|-immune|p2a: Moltres\n|\n|-weather|SunnyDay|[upkeep]\n|-heal|p1a: Groudon|263/263|[from] item: Leftovers\n|upkeep\n|turn|5\n|\n|t:|1718462508\n|move|p2a: Moltres|Nasty Plot|p2a: Moltres\n|-boost|p2a: Moltres|spa|2\n|move|p1a: Groudon|Heat Crash|p2a: Moltres\n|-damage|p2a: Moltres|139/271\n|\n|-weather|SunnyDay|[upkeep]\n|upkeep\n|turn|6\n|\n|t:|1718462518\n|move|p2a: Moltres|Fiery Wrath|p1a: Groudon\n|-damage|p1a: Groudon|74/263\n|move|p1a: Groudon|Stone Edge|p2a: Moltres\n|-supereffective|p2a: Moltres\n|-damage|p2a: Moltres|0 fnt\n|faint|p2a: Moltres\n|\n|-weather|SunnyDay|[upkeep]\n|-heal|p1a: Groudon|90/263|[from] item: Leftovers\n|upkeep\n|\n|t:|1718462529\n|switch|p2a: Thundurus|Thundurus, L80, M|258/258\n|turn|7\n|\n|t:|1718462536\n|switch|p1a: Wo-Chien|Wo-Chien, L83|277/277\n|-damage|p1a: Wo-Chien|243/277|[from] Stealth Rock\n|-ability|p1a: Wo-Chien|Tablets of Ruin\n|move|p2a: Thundurus|Grass Knot|p1a: Wo-Chien\n|-resisted|p1a: Wo-Chien\n|-damage|p1a: Wo-Chien|222/277\n|\n|-weather|SunnyDay|[upkeep]\n|-heal|p1a: Wo-Chien|239/277|[from] item: Leftovers\n|upkeep\n|turn|8\n|\n|t:|1718462543\n|switch|p2a: Perrserker|Perrserker, L89, M|269/269\n|move|p1a: Wo-Chien|Knock Off|p2a: Perrserker\n|-damage|p2a: Perrserker|191/269\n|-enditem|p2a: Perrserker|Choice Band|[from] move: Knock Off|[of] p1a: Wo-Chien\n|\n|-weather|none\n|-heal|p1a: Wo-Chien|256/277|[from] item: Leftovers\n|upkeep\n|turn|9\n|\n|t:|1718462554\n|move|p1a: Wo-Chien|Stun Spore|p2a: Perrserker\n|-status|p2a: Perrserker|par\n|move|p2a: Perrserker|U-turn|p1a: Wo-Chien\n|-supereffective|p1a: Wo-Chien\n|-crit|p1a: Wo-Chien\n|-damage|p1a: Wo-Chien|0 fnt\n|faint|p1a: Wo-Chien\n|\n|t:|1718462568\n|switch|p2a: Keldeo|Keldeo-Resolute, L79|273/273|[from] U-turn\n|\n|upkeep\n|\n|t:|1718462577\n|switch|p1a: Spiritomb|Spiritomb, L90, M|236/236\n|-damage|p1a: Spiritomb|207/236|[from] Stealth Rock\n|turn|10\n|\n|t:|1718462585\n|move|p2a: Keldeo|Hydro Pump|p1a: Spiritomb\n|-damage|p1a: Spiritomb|78/236\n|-damage|p2a: Keldeo|246/273|[from] item: Life Orb\n|move|p1a: Spiritomb|Poltergeist|p2a: Keldeo\n|-activate|p2a: Keldeo|move: Poltergeist|Life Orb\n|-damage|p2a: Keldeo|105/273\n|\n|-heal|p1a: Spiritomb|92/236|[from] item: Leftovers\n|upkeep\n|turn|11\n|\n|t:|1718462602\n|move|p2a: Keldeo|Hydro Pump|p1a: Spiritomb\n|-damage|p1a: Spiritomb|0 fnt\n|faint|p1a: Spiritomb\n|-damage|p2a: Keldeo|78/273|[from] item: Life Orb\n|\n|upkeep\n|\n|t:|1718462609\n|switch|p1a: Greedent|Greedent, L86, M|347/347\n|-damage|p1a: Greedent|304/347|[from] Stealth Rock\n|turn|12\n|\n|t:|1718462618\n|move|p2a: Keldeo|Secret Sword|p1a: Greedent\n|-supereffective|p1a: Greedent\n|-damage|p1a: Greedent|70/347\n|-enditem|p1a: Greedent|Sitrus Berry|[eat]\n|-heal|p1a: Greedent|156/347|[from] item: Sitrus Berry\n|-heal|p1a: Greedent|271/347|[from] ability: Cheek Pouch\n|-damage|p2a: Keldeo|51/273|[from] item: Life Orb\n|move|p1a: Greedent|Body Slam|p2a: Keldeo\n|-damage|p2a: Keldeo|0 fnt\n|faint|p2a: Keldeo\n|\n|upkeep\n|\n|t:|1718462624\n|switch|p2a: Perrserker|Perrserker, L89, M|191/269 par\n|turn|13\n|\n|t:|1718462628\n|move|p1a: Greedent|Swords Dance|p1a: Greedent\n|-boost|p1a: Greedent|atk|2\n|move|p2a: Perrserker|Close Combat|p1a: Greedent\n|-supereffective|p1a: Greedent\n|-damage|p1a: Greedent|39/347\n|-unboost|p2a: Perrserker|def|1\n|-unboost|p2a: Perrserker|spd|1\n|\n|upkeep\n|turn|14\n|\n|t:|1718462632\n|move|p1a: Greedent|Body Slam|p2a: Perrserker\n|-resisted|p2a: Perrserker\n|-damage|p2a: Perrserker|75/269 par\n|move|p2a: Perrserker|U-turn|p1a: Greedent\n|-damage|p1a: Greedent|0 fnt\n|faint|p1a: Greedent\n|\n|t:|1718462636\n|switch|p2a: Thundurus|Thundurus, L80, M|258/258|[from] U-turn\n|\n|upkeep\n|\n|t:|1718462643\n|switch|p1a: Galvantula|Galvantula, L82, F|249/249\n|turn|15\n|\n|t:|1718462649\n|move|p1a: Galvantula|Thunder|p2a: Thundurus|[miss]\n|-miss|p1a: Galvantula|p2a: Thundurus\n|move|p2a: Thundurus|Knock Off|p1a: Galvantula\n|-damage|p1a: Galvantula|150/249\n|-enditem|p1a: Galvantula|Heavy-Duty Boots|[from] move: Knock Off|[of] p2a: Thundurus\n|\n|upkeep\n|turn|16\n|c|\u2606SomeTaxEvader|hahaha\n|\n|t:|1718462658\n|switch|p2a: Perrserker|Perrserker, L89, M|75/269 par\n|move|p1a: Galvantula|Thunder|p2a: Perrserker\n|-damage|p2a: Perrserker|0 fnt\n|faint|p2a: Perrserker\n|\n|upkeep\n|\n|t:|1718462660\n|switch|p2a: Heatran|Heatran, L79, M|210/273\n|turn|17\n|c|\u2606SomeTaxEvader|bg\n|inactive|SomeTaxEvader has 120 seconds left.\n|inactive|SomeTaxEvader has 90 seconds left.\n|\n|t:|1718462749\n|-terastallize|p1a: Galvantula|Electric\n|move|p1a: Galvantula|Thunder|p2a: Heatran\n|-damage|p2a: Heatran|78/273\n|-status|p2a: Heatran|par\n|move|p2a: Heatran|Lava Plume|p1a: Galvantula\n|-damage|p1a: Galvantula|26/249\n|\n|upkeep\n|turn|18\n|inactive|Guimd33 has 120 seconds left.\n|\n|t:|1718462793\n|move|p1a: Galvantula|Thunder|p2a: Heatran|[miss]\n|-miss|p1a: Galvantula|p2a: Heatran\n|cant|p2a: Heatran|par\n|\n|upkeep\n|turn|19\n|\n|t:|1718462802\n|move|p1a: Galvantula|Thunder|p2a: Heatran\n|-damage|p2a: Heatran|0 fnt\n|faint|p2a: Heatran\n|\n|upkeep\n|\n|t:|1718462806\n|switch|p2a: Thundurus|Thundurus, L80, M|258/258\n|turn|20\n|\n|t:|1718462816\n|move|p1a: Galvantula|Thunder|p2a: Thundurus\n|-damage|p2a: Thundurus|106/258\n|move|p2a: Thundurus|Knock Off|p1a: Galvantula\n|-damage|p1a: Galvantula|0 fnt\n|faint|p1a: Galvantula\n|\n|upkeep\n|\n|t:|1718462820\n|switch|p1a: Groudon|Groudon, L72|90/263\n|-damage|p1a: Groudon|74/263|[from] Stealth Rock\n|-weather|SunnyDay|[from] ability: Drought|[of] p1a: Groudon\n|turn|21\n|\n|t:|1718462827\n|move|p2a: Thundurus|Grass Knot|p1a: Groudon\n|-supereffective|p1a: Groudon\n|-damage|p1a: Groudon|0 fnt\n|faint|p1a: Groudon\n|\n|win|Guimd33\n|raw|SomeTaxEvader's rating: 2238 &rarr; <strong>2226</strong><br />(-12 for losing)\n|raw|Guimd33's rating: 2383 &rarr; <strong>2395</strong><br />(+12 for winning)\n|l|\u2606Guimd33\n|player|p2|\n", "inputlog": ">version e046c5ea766451ca9500a73fe72ec774e92e6f7e\n>start {\"formatid\":\"gen9randombattle\",\"seed\":[28659,40367,2498,64474],\"rated\":\"Rated battle\"}\n>player p1 {\"name\":\"SomeTaxEvader\",\"avatar\":\"ninjaboy\",\"rating\":2238,\"seed\":[37335,12505,62760,60385]}\n>player p2 {\"name\":\"Guimd33\",\"avatar\":\"pokekid\",\"rating\":2383,\"seed\":[18640,1622,14536,13250]}\n>p1 switch 2\n>p2 move stealthrock\n>p1 move knockoff\n>p2 move earthpower\n>p1 move toxicspikes\n>p2 move earthpower\n>chat \u2606SomeTaxEvader|lmfao\n>chat \u2606SomeTaxEvader|lucky\n>p1 switch 5\n>p1 move precipiceblades\n>p2 switch 6\n>p1 move heatcrash\n>p2 move nastyplot\n>p1 move stoneedge\n>p2 move fierywrath\n>p2 switch 4\n>p1 switch 4\n>p2 move grassknot\n>p1 move knockoff\n>p2 switch 3\n>p1 move stunspore\n>p2 move uturn\n>p2 switch 2\n>p1 switch 6\n>p1 move poltergeist\n>p2 move hydropump\n>p1 move poltergeist\n>p2 move hydropump\n>p1 switch 2\n>p1 move bodyslam\n>p2 move secretsword\n>p2 switch 2\n>p1 move swordsdance\n>p2 move closecombat\n>p1 move bodyslam\n>p2 move uturn\n>p2 switch 3\n>p1 switch 3\n>p1 move thunder\n>p2 move knockoff\n>chat \u2606SomeTaxEvader|hahaha\n>p1 move thunder\n>p2 switch 3\n>p2 switch 6\n>chat \u2606SomeTaxEvader|bg\n>p1 move thunder terastallize\n>p2 move lavaplume\n>p1 move thunder\n>p2 move lavaplume\n>p1 move thunder\n>p2 move lavaplume\n>p2 switch 3\n>p1 move thunder\n>p2 move knockoff\n>p1 switch 4\n>p1 move heatcrash\n>p2 move grassknot", "uploadtime": 1718462888, "views": 180, "formatid": "gen9randombattle", "rating": 2226, "private": 0, "password": null}