{"id": "gen9randombattle-2259915240", "format": "[Gen 9] Random Battle", "players": ["scp-keter-682", "solitariosinnombre"], "log": "|j|\u2606scp-keter-682\n|j|\u203dsolitariosinnombre\n|t:|1733779527\n|gametype|singles\n|player|p1|scp-keter-682|gentleman-gen4|\n|player|p2|solitariosinnombre|n|\n|teamsize|p1|6\n|teamsize|p2|6\n|gen|9\n|tier|[Gen 9] Random Battle\n|rule|Species Clause: Limit one of each Pok\u00e9mon\n|rule|HP Percentage Mod: HP is shown in percentages\n|rule|Sleep Clause Mod: Limit one foe put to sleep\n|rule|Illusion Level Mod: Illusion disguises the Pok\u00e9mon's true level\n|\n|t:|1733779527\n|start\n|switch|p1a: Qwilfish|Qwilfish-Hisui, L83, M|244/244\n|switch|p2a: Meowscarada|Meowscarada, L78, M|247/247\n|-ability|p1a: Qwilfish|Intimidate|boost\n|-unboost|p2a: Meowscarada|atk|1\n|turn|1\n|\n|t:|1733779575\n|switch|p2a: Coalossal|Coalossal, L89, M|341/341\n|move|p1a: Qwilfish|Toxic Spikes|p2a: Coalossal\n|-sidestart|p2: solitariosinnombre|move: Toxic Spikes\n|\n|upkeep\n|turn|2\n|\n|t:|1733779586\n|move|p1a: Qwilfish|Toxic Spikes|p2a: Coalossal\n|-sidestart|p2: solitariosinnombre|move: Toxic Spikes\n|move|p2a: Coalossal|Flamethrower|p1a: Qwilfish\n|-damage|p1a: Qwilfish|165/244\n|\n|upkeep\n|turn|3\n|\n|t:|1733779596\n|move|p1a: Qwilfish|Toxic Spikes||[still]\n|-fail|p1a: Qwilfish\n|move|p2a: Coalossal|Flamethrower|p1a: Qwilfish\n|-damage|p1a: Qwilfish|77/244\n|\n|upkeep\n|turn|4\n|\n|t:|1733779626\n|move|p1a: Qwilfish|Gunk Shot|p2a: Coalossal\n|-resisted|p2a: Coalossal\n|-damage|p2a: Coalossal|298/341\n|-status|p2a: Coalossal|psn\n|move|p2a: Coalossal|Flamethrower|p1a: Qwilfish\n|-damage|p1a: Qwilfish|0 fnt\n|faint|p1a: Qwilfish\n|\n|-damage|p2a: Coalossal|256/341 psn|[from] psn\n|upkeep\n|\n|t:|1733779655\n|switch|p1a: Electrode|Electrode, L92|260/260\n|turn|5\n|\n|t:|1733779696\n|move|p1a: Electrode|Volt Switch|p2a: Coalossal\n|-damage|p2a: Coalossal|180/341 psn\n|\n|t:|1733779699\n|switch|p1a: Kommo-o|Kommo-o, L78, F|245/245|[from] Volt Switch\n|move|p2a: Coalossal|Stone Edge|p1a: Kommo-o\n|-resisted|p1a: Kommo-o\n|-damage|p1a: Kommo-o|206/245\n|\n|-damage|p2a: Coalossal|138/341 psn|[from] psn\n|upkeep\n|turn|6\n|\n|t:|1733779732\n|switch|p2a: Skuntank|Skuntank, L84, M|310/310\n|-sideend|p2: solitariosinnombre|move: Toxic Spikes|[of] p2a: Skuntank\n|move|p1a: Kommo-o|Iron Head|p2a: Skuntank\n|-damage|p2a: Skuntank|248/310\n|\n|upkeep\n|turn|7\n|\n|t:|1733779752\n|switch|p1a: Krookodile|Krookodile, L80, F|283/283\n|-ability|p1a: Krookodile|Intimidate|boost\n|-unboost|p2a: Skuntank|atk|1\n|move|p2a: Skuntank|Gunk Shot|p1a: Krookodile|[miss]\n|-miss|p2a: Skuntank|p1a: Krookodile\n|\n|upkeep\n|turn|8\n|\n|t:|1733779781\n|switch|p2a: Tsareena|Tsareena, L87, F|267/267\n|move|p1a: Krookodile|Earthquake|p2a: Tsareena\n|-resisted|p2a: Tsareena\n|-damage|p2a: Tsareena|206/267\n|-damage|p1a: Krookodile|255/283|[from] item: Life Orb\n|\n|upkeep\n|turn|9\n|\n|t:|1733779807\n|-terastallize|p1a: Krookodile|Poison\n|move|p2a: Tsareena|Triple Axel|p1a: Krookodile\n|-damage|p1a: Krookodile|235/283\n|-damage|p1a: Krookodile|192/283\n|-damage|p1a: Krookodile|135/283\n|-hitcount|p1a: Krookodile|3\n|move|p1a: Krookodile|Gunk Shot|p2a: Tsareena\n|-supereffective|p2a: Tsareena\n|-damage|p2a: Tsareena|0 fnt\n|faint|p2a: Tsareena\n|-damage|p1a: Krookodile|107/283|[from] item: Life Orb\n|\n|upkeep\n|\n|t:|1733779843\n|switch|p2a: Meowscarada|Meowscarada, L78, M|247/247\n|turn|10\n|\n|t:|1733779848\n|move|p2a: Meowscarada|Knock Off|p1a: Krookodile\n|-start|p2a: Meowscarada|typechange|Dark|[from] ability: Protean\n|-damage|p1a: Krookodile|0 fnt\n|-enditem|p1a: Krookodile|Life Orb|[from] move: Knock Off|[of] p2a: Meowscarada\n|faint|p1a: Krookodile\n|\n|upkeep\n|\n|t:|1733779880\n|switch|p1a: Electrode|Electrode, L92|260/260\n|turn|11\n|\n|t:|1733779909\n|switch|p2a: Coalossal|Coalossal, L89, M|138/341 psn\n|move|p1a: Electrode|Thunder Wave||[still]\n|-fail|p1a: Electrode\n|\n|-damage|p2a: Coalossal|96/341 psn|[from] psn\n|upkeep\n|turn|12\n|\n|t:|1733779922\n|move|p1a: Electrode|Volt Switch|p2a: Coalossal\n|-damage|p2a: Coalossal|21/341 psn\n|\n|t:|1733779931\n|switch|p1a: Garchomp|Garchomp, L74, F|282/282|[from] Volt Switch\n|move|p2a: Coalossal|Flamethrower|p1a: Garchomp\n|-resisted|p1a: Garchomp\n|-damage|p1a: Garchomp|226/282\n|\n|-damage|p2a: Coalossal|0 fnt|[from] psn\n|faint|p2a: Coalossal\n|upkeep\n|\n|t:|1733779968\n|switch|p2a: Meowscarada|Meowscarada, L78, M|247/247\n|turn|13\n|\n|t:|1733779985\n|move|p2a: Meowscarada|Flower Trick|p1a: Garchomp\n|-start|p2a: Meowscarada|typechange|Grass|[from] ability: Protean\n|-crit|p1a: Garchomp\n|-damage|p1a: Garchomp|108/282\n|move|p1a: Garchomp|Dragon Tail|p2a: Meowscarada\n|-damage|p2a: Meowscarada|172/247\n|drag|p2a: Skuntank|Skuntank, L84, M|248/310\n|\n|upkeep\n|turn|14\n|\n|t:|1733780011\n|switch|p2a: Kyogre|Kyogre, L71|259/259\n|-weather|RainDance|[from] ability: Drizzle|[of] p2a: Kyogre\n|move|p1a: Garchomp|Outrage|p2a: Kyogre\n|-damage|p2a: Kyogre|111/259\n|\n|-weather|RainDance|[upkeep]\n|-heal|p2a: Kyogre|127/259|[from] item: Leftovers\n|upkeep\n|turn|15\n|\n|t:|1733780031\n|switch|p2a: Skuntank|Skuntank, L84, M|248/310\n|move|p1a: Garchomp|Outrage|p2a: Skuntank|[from]lockedmove\n|-damage|p2a: Skuntank|103/310\n|-start|p1a: Garchomp|confusion|[fatigue]\n|\n|-weather|RainDance|[upkeep]\n|upkeep\n|turn|16\n|\n|t:|1733780043\n|-activate|p1a: Garchomp|confusion\n|move|p1a: Garchomp|Outrage|p2a: Skuntank\n|-crit|p2a: Skuntank\n|-damage|p2a: Skuntank|0 fnt\n|-damage|p1a: Garchomp|38/282|[from] ability: Aftermath|[of] p2a: Skuntank\n|faint|p2a: Skuntank\n|\n|-weather|RainDance|[upkeep]\n|upkeep\n|\n|t:|1733780061\n|switch|p2a: Meowscarada|Meowscarada, L78, M|172/247\n|turn|17\n|\n|t:|1733780083\n|move|p2a: Meowscarada|Knock Off|p1a: Garchomp\n|-start|p2a: Meowscarada|typechange|Dark|[from] ability: Protean\n|-damage|p1a: Garchomp|0 fnt\n|-damage|p2a: Meowscarada|142/247|[from] ability: Rough Skin|[of] p1a: Garchomp\n|-damage|p2a: Meowscarada|101/247|[from] item: Rocky Helmet|[of] p1a: Garchomp\n|-enditem|p1a: Garchomp|Rocky Helmet|[from] move: Knock Off|[of] p2a: Meowscarada\n|faint|p1a: Garchomp\n|\n|-weather|RainDance|[upkeep]\n|upkeep\n|\n|t:|1733780098\n|switch|p1a: Electrode|Electrode, L92|260/260\n|turn|18\n|\n|t:|1733780128\n|move|p1a: Electrode|Thunder Wave|p2a: Meowscarada|[miss]\n|-miss|p1a: Electrode|p2a: Meowscarada\n|move|p2a: Meowscarada|Knock Off|p1a: Electrode\n|-damage|p1a: Electrode|149/260\n|-status|p2a: Meowscarada|par|[from] ability: Static|[of] p1a: Electrode\n|-enditem|p1a: Electrode|Heavy-Duty Boots|[from] move: Knock Off|[of] p2a: Meowscarada\n|\n|-weather|none\n|upkeep\n|turn|19\n|\n|t:|1733780142\n|move|p1a: Electrode|Volt Switch|p2a: Meowscarada\n|-damage|p2a: Meowscarada|10/247 par\n|\n|t:|1733780148\n|switch|p1a: Kommo-o|Kommo-o, L78, F|206/245|[from] Volt Switch\n|cant|p2a: Meowscarada|par\n|\n|upkeep\n|turn|20\n|\n|t:|1733780158\n|move|p1a: Kommo-o|Scale Shot|p2a: Meowscarada\n|-damage|p2a: Meowscarada|0 fnt\n|faint|p2a: Meowscarada\n|-hitcount|p2: Meowscarada|1\n|-unboost|p1a: Kommo-o|def|1\n|-boost|p1a: Kommo-o|spe|1\n|\n|upkeep\n|\n|t:|1733780179\n|switch|p2a: Giratina|Giratina-Origin, L72|335/335\n|turn|21\n|\n|t:|1733780190\n|-terastallize|p2a: Giratina|Ghost\n|move|p1a: Kommo-o|Scale Shot|p2a: Giratina\n|-damage|p2a: Giratina|307/335\n|-damage|p2a: Giratina|277/335\n|-damage|p2a: Giratina|247/335\n|-damage|p2a: Giratina|217/335\n|-hitcount|p2a: Giratina|4\n|-unboost|p1a: Kommo-o|def|1\n|-boost|p1a: Kommo-o|spe|1\n|move|p2a: Giratina|Draco Meteor|p1a: Kommo-o\n|-supereffective|p1a: Kommo-o\n|-damage|p1a: Kommo-o|0 fnt\n|-unboost|p2a: Giratina|spa|2\n|faint|p1a: Kommo-o\n|\n|upkeep\n|\n|t:|1733780220\n|switch|p1a: Delphox|Delphox, L84, M|263/263\n|turn|22\n|\n|t:|1733780270\n|move|p1a: Delphox|Fire Blast|p2a: Giratina\n|-damage|p2a: Giratina|69/335\n|move|p2a: Giratina|Poltergeist|p1a: Delphox\n|-activate|p1a: Delphox|move: Poltergeist|Heavy-Duty Boots\n|-supereffective|p1a: Delphox\n|-damage|p1a: Delphox|0 fnt\n|faint|p1a: Delphox\n|\n|upkeep\n|\n|t:|1733780285\n|switch|p1a: Electrode|Electrode, L92|149/260\n|turn|23\n|\n|t:|1733780302\n|move|p2a: Giratina|Shadow Sneak|p1a: Electrode\n|-damage|p1a: Electrode|83/260\n|move|p1a: Electrode|Thunderbolt|p2a: Giratina\n|-damage|p2a: Giratina|0 fnt\n|faint|p2a: Giratina\n|\n|upkeep\n|\n|t:|1733780309\n|switch|p2a: Kyogre|Kyogre, L71|127/259\n|-weather|RainDance|[from] ability: Drizzle|[of] p2a: Kyogre\n|turn|24\n|\n|t:|1733780321\n|move|p1a: Electrode|Thunderbolt|p2a: Kyogre\n|-supereffective|p2a: Kyogre\n|-damage|p2a: Kyogre|0 fnt\n|faint|p2a: Kyogre\n|\n|win|scp-keter-682\n", "inputlog": ">version bfd83cad13791eb5a5a409923076391caf6fb4d4\n>start {\"formatid\":\"gen9randombattle\",\"seed\":[60654,31417,59884,56117]}\n>player p1 {\"name\":\"scp-keter-682\",\"avatar\":\"gentleman-gen4\",\"rating\":0,\"seed\":[63137,9177,63611,53811]}\n>player p2 {\"name\":\"solitariosinnombre\",\"avatar\":\"n\",\"rating\":0,\"seed\":[46141,60599,36075,43884]}\n>p1 move toxicspikes\n>p2 switch 4\n>p1 move toxicspikes\n>p2 move flamethrower\n>p1 move toxicspikes\n>p2 move flamethrower\n>p1 move gunkshot\n>p2 move flamethrower\n>p1 switch 6\n>p1 move voltswitch\n>p2 move stoneedge\n>p1 switch 2\n>p1 move ironhead\n>p2 switch 2\n>p1 switch 3\n>p2 move gunkshot\n>p1 move earthquake\n>p2 switch 6\n>p1 move gunkshot terastallize\n>p2 move tripleaxel\n>p2 switch 4\n>p1 move gunkshot\n>p2 move knockoff\n>p1 switch 2\n>p1 move thunderwave\n>p2 switch 2\n>p1 move voltswitch\n>p2 move flamethrower\n>p1 switch 4\n>p2 switch 2\n>p1 move dragontail\n>p2 move flowertrick\n>p1 move outrage\n>p2 switch 5\n>p1 move outrage\n>p2 switch 5\n>p1 move outrage\n>p2 move knockoff\n>p2 switch 6\n>p1 move outrage\n>p2 move knockoff\n>p1 switch 4\n>p1 move thunderwave\n>p2 move knockoff\n>p1 move voltswitch\n>p2 move flowertrick\n>p1 switch 3\n>p1 move scaleshot\n>p2 move knockoff\n>p2 switch 3\n>p1 move scaleshot\n>p2 move dracometeor terastallize\n>p1 switch 5\n>p1 move fireblast\n>p2 move poltergeist\n>p1 switch 3\n>p1 move thunderbolt\n>p2 move shadowsneak\n>p2 switch 5\n>p1 move thunderbolt\n>p2 move originpulse", "uploadtime": 1733780326, "views": 8, "formatid": "gen9randombattle", "rating": null, "private": 0, "password": null}