{"id": "gen9randombattle-2260348975", "format": "[Gen 9] Random Battle", "players": ["Ina Mandelbrot", "Magikarpitalism"], "log": "|j|\u2606Ina Mandelbrot\n|j|\u2606Magikarpitalism\n|t:|1733842700\n|gametype|singles\n|player|p1|Ina Mandelbrot|battlegirl|2154\n|player|p2|Magikarpitalism|adaman|2190\n|teamsize|p1|6\n|teamsize|p2|6\n|gen|9\n|tier|[Gen 9] Random Battle\n|rated|\n|rule|Species Clause: Limit one of each Pok\u00e9mon\n|rule|HP Percentage Mod: HP is shown in percentages\n|rule|Sleep Clause Mod: Limit one foe put to sleep\n|rule|Illusion Level Mod: Illusion disguises the Pok\u00e9mon's true level\n|\n|t:|1733842700\n|start\n|switch|p1a: Misdreavus|Misdreavus, L90, F|254/254\n|switch|p2a: Lanturn|Lanturn, L89, F|367/367\n|turn|1\n|inactive|Battle timer is ON: inactive players will automatically lose when time's up. (requested by Ina Mandelbrot)\n|inactive|Magikarpitalism has 120 seconds left.\n|\n|t:|1733842737\n|move|p1a: Misdreavus|Will-O-Wisp|p2a: Lanturn\n|-status|p2a: Lanturn|brn\n|move|p2a: Lanturn|Thunder Wave|p1a: Misdreavus\n|-status|p1a: Misdreavus|par\n|\n|-damage|p2a: Lanturn|345/367 brn|[from] brn\n|upkeep\n|turn|2\n|\n|t:|1733842749\n|move|p2a: Lanturn|Thunderbolt|p1a: Misdreavus\n|-damage|p1a: Misdreavus|196/254 par\n|move|p1a: Misdreavus|Calm Mind|p1a: Misdreavus\n|-boost|p1a: Misdreavus|spa|1\n|-boost|p1a: Misdreavus|spd|1\n|\n|-damage|p2a: Lanturn|323/367 brn|[from] brn\n|upkeep\n|turn|3\n|\n|t:|1733842755\n|move|p2a: Lanturn|Volt Switch|p1a: Misdreavus\n|-damage|p1a: Misdreavus|169/254 par\n|inactive|Magikarpitalism has 120 seconds left.\n|\n|t:|1733842790\n|switch|p2a: Pachirisu|Pachirisu, L96, F|271/271|[from] Volt Switch\n|cant|p1a: Misdreavus|par\n|\n|upkeep\n|turn|4\n|inactive|Magikarpitalism has 120 seconds left.\n|\n|t:|1733842803\n|switch|p1a: Ting-Lu|Ting-Lu, L78|370/370\n|-ability|p1a: Ting-Lu|Vessel of Ruin\n|move|p2a: Pachirisu|Thunderbolt|p1a: Ting-Lu\n|-immune|p1a: Ting-Lu\n|\n|upkeep\n|turn|5\n|\n|t:|1733842805\n|move|p2a: Pachirisu|U-turn|p1a: Ting-Lu\n|-supereffective|p1a: Ting-Lu\n|-damage|p1a: Ting-Lu|308/370\n|\n|t:|1733842808\n|switch|p2a: Decidueye|Decidueye, L88, F|281/281|[from] U-turn\n|move|p1a: Ting-Lu|Earthquake|p2a: Decidueye\n|-resisted|p2a: Decidueye\n|-crit|p2a: Decidueye\n|-damage|p2a: Decidueye|198/281\n|\n|-heal|p1a: Ting-Lu|331/370|[from] item: Leftovers\n|upkeep\n|turn|6\n|\n|t:|1733842815\n|switch|p1a: Porygon-Z|Porygon-Z, L83|277/277\n|move|p2a: Decidueye|Leaf Storm|p1a: Porygon-Z\n|-damage|p1a: Porygon-Z|109/277\n|-unboost|p2a: Decidueye|spa|2\n|\n|upkeep\n|turn|7\n|\n|t:|1733842826\n|move|p1a: Porygon-Z|Shadow Ball|p2a: Decidueye\n|-supereffective|p2a: Decidueye\n|-damage|p2a: Decidueye|78/281\n|move|p2a: Decidueye|Knock Off|p1a: Porygon-Z\n|-damage|p1a: Porygon-Z|12/277\n|-enditem|p1a: Porygon-Z|Choice Scarf|[from] move: Knock Off|[of] p2a: Decidueye\n|\n|upkeep\n|turn|8\n|\n|t:|1733842833\n|switch|p2a: Pachirisu|Pachirisu, L96, F|271/271\n|move|p1a: Porygon-Z|Ice Beam|p2a: Pachirisu\n|-damage|p2a: Pachirisu|221/271\n|\n|upkeep\n|turn|9\n|\n|t:|1733842841\n|switch|p1a: Misdreavus|Misdreavus, L90, F|169/254 par\n|move|p2a: Pachirisu|U-turn|p1a: Misdreavus\n|-resisted|p1a: Misdreavus\n|-damage|p1a: Misdreavus|153/254 par\n|inactive|Magikarpitalism has 120 seconds left.\n|\n|t:|1733842882\n|switch|p2a: Decidueye|Decidueye, L88, F|78/281|[from] U-turn\n|\n|upkeep\n|turn|10\n|\n|t:|1733842891\n|move|p2a: Decidueye|Knock Off|p1a: Misdreavus\n|-supereffective|p1a: Misdreavus\n|-damage|p1a: Misdreavus|17/254 par\n|-enditem|p1a: Misdreavus|Eviolite|[from] move: Knock Off|[of] p2a: Decidueye\n|move|p1a: Misdreavus|Will-O-Wisp|p2a: Decidueye\n|-status|p2a: Decidueye|brn\n|\n|-damage|p2a: Decidueye|61/281 brn|[from] brn\n|upkeep\n|turn|11\n|\n|t:|1733842899\n|move|p2a: Decidueye|Knock Off|p1a: Misdreavus\n|-supereffective|p1a: Misdreavus\n|-crit|p1a: Misdreavus\n|-damage|p1a: Misdreavus|0 fnt\n|faint|p1a: Misdreavus\n|\n|-damage|p2a: Decidueye|44/281 brn|[from] brn\n|upkeep\n|\n|t:|1733842909\n|switch|p1a: Porygon-Z|Porygon-Z, L83|12/277\n|turn|12\n|inactive|Magikarpitalism has 120 seconds left.\n|inactive|Magikarpitalism has 90 seconds left.\n|\n|t:|1733842968\n|switch|p2a: Pachirisu|Pachirisu, L96, F|221/271\n|move|p1a: Porygon-Z|Shadow Ball|p2a: Pachirisu\n|-damage|p2a: Pachirisu|179/271\n|\n|upkeep\n|turn|13\n|\n|t:|1733842973\n|switch|p1a: Dedenne|Dedenne, L88, F|261/261\n|move|p2a: Pachirisu|U-turn|p1a: Dedenne\n|-resisted|p1a: Dedenne\n|-damage|p1a: Dedenne|235/261\n|\n|t:|1733842978\n|switch|p2a: Lanturn|Lanturn, L89, F|323/367 brn|[from] U-turn\n|\n|-damage|p2a: Lanturn|301/367 brn|[from] brn\n|upkeep\n|turn|14\n|\n|t:|1733842981\n|move|p1a: Dedenne|Super Fang|p2a: Lanturn\n|-damage|p2a: Lanturn|151/367 brn\n|move|p2a: Lanturn|Scald|p1a: Dedenne\n|-damage|p1a: Dedenne|148/261\n|-status|p1a: Dedenne|brn\n|\n|-damage|p1a: Dedenne|132/261 brn|[from] brn\n|-damage|p2a: Lanturn|129/367 brn|[from] brn\n|upkeep\n|turn|15\n|\n|t:|1733842989\n|move|p1a: Dedenne|Dazzling Gleam|p2a: Lanturn\n|-damage|p2a: Lanturn|42/367 brn\n|move|p2a: Lanturn|Scald|p1a: Dedenne\n|-damage|p1a: Dedenne|36/261 brn\n|-enditem|p1a: Dedenne|Sitrus Berry|[eat]\n|-heal|p1a: Dedenne|101/261 brn|[from] item: Sitrus Berry\n|-heal|p1a: Dedenne|188/261 brn|[from] ability: Cheek Pouch\n|\n|-damage|p1a: Dedenne|172/261 brn|[from] brn\n|-damage|p2a: Lanturn|20/367 brn|[from] brn\n|upkeep\n|turn|16\n|inactive|Magikarpitalism has 120 seconds left.\n|\n|t:|1733842998\n|switch|p2a: Registeel|Registeel, L81|262/262\n|move|p1a: Dedenne|Dazzling Gleam|p2a: Registeel\n|-resisted|p2a: Registeel\n|-damage|p2a: Registeel|233/262\n|\n|-damage|p1a: Dedenne|156/261 brn|[from] brn\n|upkeep\n|turn|17\n|inactive|Magikarpitalism has 120 seconds left.\n|\n|t:|1733843011\n|move|p1a: Dedenne|Super Fang|p2a: Registeel|[miss]\n|-miss|p1a: Dedenne|p2a: Registeel\n|move|p2a: Registeel|Iron Defense|p2a: Registeel\n|-boost|p2a: Registeel|def|2\n|\n|-damage|p1a: Dedenne|140/261 brn|[from] brn\n|upkeep\n|turn|18\n|\n|t:|1733843016\n|move|p1a: Dedenne|Super Fang|p2a: Registeel\n|-damage|p2a: Registeel|117/262\n|move|p2a: Registeel|Iron Head|p1a: Dedenne\n|-damage|p1a: Dedenne|53/261 brn\n|\n|-damage|p1a: Dedenne|37/261 brn|[from] brn\n|upkeep\n|turn|19\n|\n|t:|1733843041\n|move|p1a: Dedenne|Nuzzle|p2a: Registeel\n|-damage|p2a: Registeel|114/262\n|-status|p2a: Registeel|par\n|move|p2a: Registeel|Rest|p2a: Registeel\n|-status|p2a: Registeel|slp|[from] move: Rest\n|-heal|p2a: Registeel|262/262 slp|[silent]\n|-enditem|p2a: Registeel|Chesto Berry|[eat]\n|-curestatus|p2a: Registeel|slp|[msg]\n|\n|-damage|p1a: Dedenne|21/261 brn|[from] brn\n|upkeep\n|turn|20\n|\n|t:|1733843047\n|move|p1a: Dedenne|Super Fang|p2a: Registeel\n|-damage|p2a: Registeel|131/262\n|move|p2a: Registeel|Body Press|p1a: Dedenne\n|-resisted|p1a: Dedenne\n|-damage|p1a: Dedenne|0 fnt\n|faint|p1a: Dedenne\n|\n|upkeep\n|inactive|Ina Mandelbrot has 120 seconds left.\n|\n|t:|1733843095\n|switch|p1a: Ting-Lu|Ting-Lu, L78|331/370\n|-ability|p1a: Ting-Lu|Vessel of Ruin\n|turn|21\n|\n|t:|1733843110\n|-terastallize|p1a: Ting-Lu|Poison\n|move|p2a: Registeel|Body Press|p1a: Ting-Lu\n|-resisted|p1a: Ting-Lu\n|-damage|p1a: Ting-Lu|266/370\n|move|p1a: Ting-Lu|Whirlwind|p2a: Registeel\n|drag|p2a: Decidueye|Decidueye, L88, F|44/281 brn\n|\n|-heal|p1a: Ting-Lu|289/370|[from] item: Leftovers\n|-damage|p2a: Decidueye|27/281 brn|[from] brn\n|upkeep\n|turn|22\n|\n|t:|1733843120\n|move|p2a: Decidueye|Knock Off|p1a: Ting-Lu\n|-damage|p1a: Ting-Lu|256/370\n|-enditem|p1a: Ting-Lu|Leftovers|[from] move: Knock Off|[of] p2a: Decidueye\n|move|p1a: Ting-Lu|Stealth Rock|p2a: Decidueye\n|-sidestart|p2: Magikarpitalism|move: Stealth Rock\n|\n|-damage|p2a: Decidueye|10/281 brn|[from] brn\n|upkeep\n|turn|23\n|\n|t:|1733843125\n|move|p2a: Decidueye|Defog|p1a: Ting-Lu\n|-unboost|p1a: Ting-Lu|evasion|1\n|-sideend|p2: Magikarpitalism|Stealth Rock|[from] move: Defog|[of] p2a: Decidueye\n|move|p1a: Ting-Lu|Stealth Rock|p2a: Decidueye\n|-sidestart|p2: Magikarpitalism|move: Stealth Rock\n|\n|-damage|p2a: Decidueye|0 fnt|[from] brn\n|faint|p2a: Decidueye\n|upkeep\n|\n|t:|1733843130\n|switch|p2a: Calyrex|Calyrex, L93|337/337\n|-ability|p2a: Calyrex|Unnerve\n|-damage|p2a: Calyrex|295/337|[from] Stealth Rock\n|turn|24\n|\n|t:|1733843135\n|switch|p1a: Froslass|Froslass, L87, F|263/263\n|move|p2a: Calyrex|Leech Seed|p1a: Froslass\n|-start|p1a: Froslass|move: Leech Seed\n|\n|-heal|p2a: Calyrex|316/337|[from] item: Leftovers\n|-damage|p1a: Froslass|231/263|[from] Leech Seed|[of] p2a: Calyrex\n|-heal|p2a: Calyrex|337/337|[silent]\n|upkeep\n|turn|25\n|\n|t:|1733843142\n|switch|p1a: Porygon-Z|Porygon-Z, L83|12/277\n|switch|p2a: Registeel|Registeel, L81|131/262\n|-damage|p2a: Registeel|115/262|[from] Stealth Rock\n|\n|upkeep\n|turn|26\n|\n|t:|1733843158\n|move|p1a: Porygon-Z|Shadow Ball|p2a: Registeel\n|-damage|p2a: Registeel|66/262\n|move|p2a: Registeel|Iron Head|p1a: Porygon-Z\n|-damage|p1a: Porygon-Z|0 fnt\n|faint|p1a: Porygon-Z\n|\n|upkeep\n|inactive|Ina Mandelbrot has 120 seconds left.\n|\n|t:|1733843179\n|switch|p1a: Ting-Lu|Ting-Lu, L78, tera:Poison|256/370\n|-ability|p1a: Ting-Lu|Vessel of Ruin\n|turn|27\n|\n|t:|1733843184\n|move|p2a: Registeel|Iron Head|p1a: Ting-Lu\n|-damage|p1a: Ting-Lu|202/370\n|move|p1a: Ting-Lu|Earthquake|p2a: Registeel\n|-supereffective|p2a: Registeel\n|-damage|p2a: Registeel|0 fnt\n|faint|p2a: Registeel\n|\n|upkeep\n|\n|t:|1733843189\n|switch|p2a: Calyrex|Calyrex, L93|337/337\n|-ability|p2a: Calyrex|Unnerve\n|-damage|p2a: Calyrex|295/337|[from] Stealth Rock\n|turn|28\n|\n|t:|1733843192\n|switch|p1a: Dachsbun|Dachsbun, L92, F|254/254\n|move|p2a: Calyrex|Psychic|p1a: Dachsbun\n|-damage|p1a: Dachsbun|160/254\n|\n|-heal|p1a: Dachsbun|175/254|[from] item: Leftovers\n|-heal|p2a: Calyrex|316/337|[from] item: Leftovers\n|upkeep\n|turn|29\n|\n|t:|1733843197\n|move|p1a: Dachsbun|Wish|p1a: Dachsbun\n|move|p2a: Calyrex|Leech Seed|p1a: Dachsbun\n|-start|p1a: Dachsbun|move: Leech Seed\n|\n|-heal|p1a: Dachsbun|190/254|[from] item: Leftovers\n|-heal|p2a: Calyrex|337/337|[from] item: Leftovers\n|-damage|p1a: Dachsbun|159/254|[from] Leech Seed|[of] p2a: Calyrex\n|upkeep\n|turn|30\n|\n|t:|1733843202\n|switch|p1a: Froslass|Froslass, L87, F|231/263\n|move|p2a: Calyrex|Calm Mind|p2a: Calyrex\n|-boost|p2a: Calyrex|spa|1\n|-boost|p2a: Calyrex|spd|1\n|\n|-heal|p1a: Froslass|263/263|[from] move: Wish|[wisher] Dachsbun\n|upkeep\n|turn|31\n|\n|t:|1733843207\n|-terastallize|p2a: Calyrex|Steel\n|move|p1a: Froslass|Poltergeist|p2a: Calyrex\n|-activate|p2a: Calyrex|move: Poltergeist|Leftovers\n|-damage|p2a: Calyrex|234/337\n|move|p2a: Calyrex|Psychic|p1a: Froslass\n|-damage|p1a: Froslass|86/263\n|\n|-heal|p2a: Calyrex|255/337|[from] item: Leftovers\n|upkeep\n|turn|32\n|inactive|Ina Mandelbrot has 120 seconds left.\n|\n|t:|1733843240\n|switch|p1a: Ting-Lu|Ting-Lu, L78, tera:Poison|202/370\n|-ability|p1a: Ting-Lu|Vessel of Ruin\n|move|p2a: Calyrex|Leech Seed|p1a: Ting-Lu|[miss]\n|-miss|p2a: Calyrex|p1a: Ting-Lu\n|\n|-heal|p2a: Calyrex|276/337|[from] item: Leftovers\n|upkeep\n|turn|33\n|inactive|Ina Mandelbrot has 120 seconds left.\n|\n|t:|1733843264\n|move|p2a: Calyrex|Psychic|p1a: Ting-Lu\n|-supereffective|p1a: Ting-Lu\n|-damage|p1a: Ting-Lu|0 fnt\n|faint|p1a: Ting-Lu\n|\n|-heal|p2a: Calyrex|297/337|[from] item: Leftovers\n|upkeep\n|\n|t:|1733843267\n|switch|p1a: Dachsbun|Dachsbun, L92, F|159/254\n|turn|34\n|\n|t:|1733843272\n|move|p1a: Dachsbun|Stomping Tantrum|p2a: Calyrex\n|-supereffective|p2a: Calyrex\n|-damage|p2a: Calyrex|185/337\n|move|p2a: Calyrex|Leech Seed|p1a: Dachsbun|[miss]\n|-miss|p2a: Calyrex|p1a: Dachsbun\n|\n|-heal|p1a: Dachsbun|174/254|[from] item: Leftovers\n|-heal|p2a: Calyrex|206/337|[from] item: Leftovers\n|upkeep\n|turn|35\n|\n|t:|1733843278\n|move|p1a: Dachsbun|Stomping Tantrum|p2a: Calyrex\n|-supereffective|p2a: Calyrex\n|-damage|p2a: Calyrex|104/337\n|move|p2a: Calyrex|Leech Seed|p1a: Dachsbun\n|-start|p1a: Dachsbun|move: Leech Seed\n|\n|-heal|p1a: Dachsbun|189/254|[from] item: Leftovers\n|-heal|p2a: Calyrex|125/337|[from] item: Leftovers\n|-damage|p1a: Dachsbun|158/254|[from] Leech Seed|[of] p2a: Calyrex\n|-heal|p2a: Calyrex|156/337|[silent]\n|upkeep\n|turn|36\n|\n|t:|1733843296\n|move|p1a: Dachsbun|Stomping Tantrum|p2a: Calyrex\n|-supereffective|p2a: Calyrex\n|-damage|p2a: Calyrex|42/337\n|move|p2a: Calyrex|Giga Drain|p1a: Dachsbun\n|-damage|p1a: Dachsbun|43/254\n|-heal|p2a: Calyrex|100/337|[from] drain|[of] p1a: Dachsbun\n|\n|-heal|p1a: Dachsbun|58/254|[from] item: Leftovers\n|-heal|p2a: Calyrex|121/337|[from] item: Leftovers\n|-damage|p1a: Dachsbun|27/254|[from] Leech Seed|[of] p2a: Calyrex\n|-heal|p2a: Calyrex|152/337|[silent]\n|upkeep\n|turn|37\n|\n|t:|1733843301\n|move|p1a: Dachsbun|Stomping Tantrum|p2a: Calyrex\n|-supereffective|p2a: Calyrex\n|-damage|p2a: Calyrex|36/337\n|move|p2a: Calyrex|Calm Mind|p2a: Calyrex\n|-boost|p2a: Calyrex|spa|1\n|-boost|p2a: Calyrex|spd|1\n|\n|-heal|p1a: Dachsbun|42/254|[from] item: Leftovers\n|-heal|p2a: Calyrex|57/337|[from] item: Leftovers\n|-damage|p1a: Dachsbun|11/254|[from] Leech Seed|[of] p2a: Calyrex\n|-heal|p2a: Calyrex|88/337|[silent]\n|upkeep\n|turn|38\n|\n|t:|1733843305\n|move|p1a: Dachsbun|Stomping Tantrum|p2a: Calyrex\n|-supereffective|p2a: Calyrex\n|-damage|p2a: Calyrex|0 fnt\n|faint|p2a: Calyrex\n|\n|-heal|p1a: Dachsbun|26/254|[from] item: Leftovers\n|upkeep\n|\n|t:|1733843309\n|switch|p2a: Pachirisu|Pachirisu, L96, F|179/271\n|-damage|p2a: Pachirisu|146/271|[from] Stealth Rock\n|turn|39\n|\n|t:|1733843316\n|move|p2a: Pachirisu|Thunderbolt|p1a: Dachsbun\n|-damage|p1a: Dachsbun|0 fnt\n|faint|p1a: Dachsbun\n|\n|upkeep\n|\n|t:|1733843318\n|switch|p1a: Froslass|Froslass, L87, F|86/263\n|turn|40\n|\n|t:|1733843323\n|move|p1a: Froslass|Triple Axel|p2a: Pachirisu\n|-damage|p2a: Pachirisu|124/271\n|-damage|p2a: Pachirisu|82/271\n|-damage|p2a: Pachirisu|24/271\n|-hitcount|p2a: Pachirisu|3\n|move|p2a: Pachirisu|Nuzzle|p1a: Froslass\n|-damage|p1a: Froslass|67/263\n|-status|p1a: Froslass|par\n|\n|upkeep\n|turn|41\n|\n|t:|1733843331\n|move|p2a: Pachirisu|Thunderbolt|p1a: Froslass\n|-damage|p1a: Froslass|0 fnt\n|-start|p2a: Pachirisu|Disable|Thunderbolt|[from] ability: Cursed Body|[of] p1a: Froslass\n|faint|p1a: Froslass\n|\n|win|Magikarpitalism\n|raw|Ina Mandelbrot's rating: 2154 &rarr; <strong>2136</strong><br />(-18 for losing)\n|raw|Magikarpitalism's rating: 2190 &rarr; <strong>2208</strong><br />(+18 for winning)\n", "inputlog": ">version bfd83cad13791eb5a5a409923076391caf6fb4d4\n>start {\"formatid\":\"gen9randombattle\",\"seed\":[40410,7654,37329,52617],\"rated\":\"Rated battle\"}\n>player p1 {\"name\":\"Ina Mandelbrot\",\"avatar\":\"battlegirl\",\"rating\":2154,\"seed\":[33845,26274,43827,27538]}\n>player p2 {\"name\":\"Magikarpitalism\",\"avatar\":\"adaman\",\"rating\":2190,\"seed\":[20540,64748,46576,17061]}\n>p1 move willowisp\n>p2 move thunderwave\n>p1 move calmmind\n>p2 move thunderbolt\n>p1 move drainingkiss\n>p2 move voltswitch\n>p2 switch 4\n>p1 switch 5\n>p2 move thunderbolt\n>p1 move earthquake\n>p2 move uturn\n>p2 switch 5\n>p1 switch 4\n>p2 move leafstorm\n>p1 move shadowball\n>p2 move knockoff\n>p1 move icebeam\n>p2 switch 5\n>p1 switch 5\n>p2 move uturn\n>p2 switch 5\n>p1 move willowisp\n>p2 move knockoff\n>p1 move shadowball\n>p2 move knockoff\n>p1 switch 5\n>p1 move shadowball\n>p2 switch 5\n>p1 switch 6\n>p2 move uturn\n>p2 switch 4\n>p1 move superfang\n>p2 move scald\n>p1 move dazzlinggleam\n>p2 move scald\n>p1 move dazzlinggleam\n>p2 switch 3\n>p1 move superfang\n>p2 move irondefense\n>p1 move superfang\n>p2 move ironhead\n>p1 move nuzzle\n>p2 move rest\n>p1 move superfang\n>p2 move bodypress\n>p1 switch 4\n>p1 move whirlwind terastallize\n>p2 move bodypress\n>p1 move stealthrock\n>p2 move knockoff\n>p1 move stealthrock\n>p2 move defog\n>p2 switch 6\n>p1 switch 2\n>p2 move leechseed\n>p1 switch 6\n>p2 switch 5\n>p1 move shadowball\n>p2 move ironhead\n>p1 switch 2\n>p1 move earthquake\n>p2 move ironhead\n>p2 switch 5\n>p1 switch 3\n>p2 move psychic\n>p1 move wish\n>p2 move leechseed\n>p1 switch 6\n>p2 move calmmind\n>p1 move poltergeist\n>p2 move psychic terastallize\n>p1 switch 3\n>p2 move leechseed\n>p1 move earthquake\n>p2 move psychic\n>p1 switch 6\n>p1 move stompingtantrum\n>p2 move leechseed\n>p1 move stompingtantrum\n>p2 move leechseed\n>p1 move stompingtantrum\n>p2 move gigadrain\n>p1 move stompingtantrum\n>p2 move calmmind\n>p1 move stompingtantrum\n>p2 move gigadrain\n>p2 switch 4\n>p1 move wish\n>p2 move thunderbolt\n>p1 switch 3\n>p1 move tripleaxel\n>p2 move nuzzle\n>p1 move poltergeist\n>p2 move thunderbolt", "uploadtime": 1733843333, "views": 1, "formatid": "gen9randombattle", "rating": 2136, "private": 0, "password": null}