{"id": "gen9randombattle-2132402735", "format": "[Gen 9] Random Battle", "players": ["stareal", "ezws"], "log": "|badge|p1|bronze|gen9randombattle|100-1\n|html|<div class=\"broadcast-red\"><strong>This battle is required to be public due to one or more player having a season medal.</strong><br />During the public phase, you can discuss the state of the ladder <a href=\"/seasondiscussion\">in a special chatroom.</a></div>\n|uhtml|medal-msg|<div class=\"broadcast-blue\">Curious what those medals under the avatar are? PS now has Ladder Seasons! For more information, check out the <a href=\"https://www.smogon.com/forums/threads/3740067/\">thread on Smogon.</a></div>\n|badge|p2|silver|gen9randombattle|30-1\n|uhtml|medal-msg|<div class=\"broadcast-blue\">Curious what those medals under the avatar are? PS now has Ladder Seasons! For more information, check out the <a href=\"https://www.smogon.com/forums/threads/3740067/\">thread on Smogon.</a></div>\n|raw|<div class=\"broadcast-blue\"><strong>This battle is required to be public due to a player having a name starting with 'medal'.</div>\n|j|\u2606stareal\n|j|\u2606ezws\n|t:|1716928677\n|gametype|singles\n|player|p1|stareal|#wcop2024uk2|2370\n|player|p2|ezws|youngster-gen4dp|2423\n|teamsize|p1|6\n|teamsize|p2|6\n|gen|9\n|tier|[Gen 9] Random Battle\n|rated|\n|rule|Species Clause: Limit one of each Pok\u00e9mon\n|rule|HP Percentage Mod: HP is shown in percentages\n|rule|Sleep Clause Mod: Limit one foe put to sleep\n|rule|Illusion Level Mod: Illusion disguises the Pok\u00e9mon's true level\n|\n|t:|1716928677\n|start\n|switch|p1a: Venusaur|Venusaur, L84, M|272/272\n|switch|p2a: Mudsdale|Mudsdale, L84, F|305/305\n|turn|1\n|inactive|Battle timer is ON: inactive players will automatically lose when time's up. (requested by stareal)\n|inactive|stareal has 120 seconds left.\n|inactive|ezws has 120 seconds left.\n|\n|t:|1716928732\n|switch|p2a: Rabsca|Rabsca, L91, F|284/284\n|move|p1a: Venusaur|Knock Off|p2a: Rabsca\n|-supereffective|p2a: Rabsca\n|-damage|p2a: Rabsca|172/284\n|-enditem|p2a: Rabsca|Heavy-Duty Boots|[from] move: Knock Off|[of] p1a: Venusaur\n|\n|upkeep\n|turn|2\n|\n|t:|1716928745\n|switch|p1a: Articuno|Articuno, L86|295/295\n|-ability|p1a: Articuno|Pressure\n|move|p2a: Rabsca|Trick Room|p2a: Rabsca\n|-fieldstart|move: Trick Room|[of] p2a: Rabsca\n|\n|upkeep\n|turn|3\n|j| VolcTest1\n|inactive|ezws has 120 seconds left.\n|\n|t:|1716928778\n|switch|p2a: Volcanion|Volcanion, L79|256/256\n|move|p1a: Articuno|Freeze-Dry|p2a: Volcanion\n|-damage|p2a: Volcanion|169/256\n|\n|upkeep\n|turn|4\n|inactive|ezws has 120 seconds left.\n|\n|t:|1716928803\n|switch|p1a: Tatsugiri|Tatsugiri-Stretchy, L86, M|257/257\n|move|p2a: Volcanion|Flamethrower|p1a: Tatsugiri\n|-resisted|p1a: Tatsugiri\n|-damage|p1a: Tatsugiri|233/257\n|\n|upkeep\n|turn|5\n|inactive|ezws has 120 seconds left.\n|\n|t:|1716928814\n|switch|p2a: Basculegion|Basculegion, L81, M|327/327\n|move|p1a: Tatsugiri|Draco Meteor|p2a: Basculegion\n|-crit|p2a: Basculegion\n|-damage|p2a: Basculegion|113/327\n|-unboost|p1a: Tatsugiri|spa|2\n|\n|upkeep\n|turn|6\n|inactive|stareal has 120 seconds left.\n|\n|t:|1716928850\n|switch|p1a: Articuno|Articuno, L86|295/295\n|-ability|p1a: Articuno|Pressure\n|move|p2a: Basculegion|Shadow Ball|p1a: Articuno\n|-damage|p1a: Articuno|223/295\n|-unboost|p1a: Articuno|spd|1\n|\n|-fieldend|move: Trick Room\n|upkeep\n|turn|7\n|\n|t:|1716928863\n|switch|p2a: Cinderace|Cinderace, L77, F|249/249\n|move|p1a: Articuno|Freeze-Dry|p2a: Cinderace\n|-resisted|p2a: Cinderace\n|-damage|p2a: Cinderace|205/249\n|\n|upkeep\n|turn|8\n|\n|t:|1716928873\n|switch|p1a: Hippowdon|Hippowdon, L82, M|311/311\n|-weather|Sandstorm|[from] ability: Sand Stream|[of] p1a: Hippowdon\n|move|p2a: Cinderace|U-turn|p1a: Hippowdon\n|-start|p2a: Cinderace|typechange|Bug|[from] ability: Libero\n|-crit|p1a: Hippowdon\n|-damage|p1a: Hippowdon|185/311\n|-damage|p2a: Cinderace|164/249|[from] item: Rocky Helmet|[of] p1a: Hippowdon\n|\n|t:|1716928882\n|switch|p2a: Basculegion|Basculegion, L81, M|113/327|[from] U-turn\n|\n|-weather|Sandstorm|[upkeep]\n|-damage|p2a: Basculegion|93/327|[from] Sandstorm\n|upkeep\n|turn|9\n|inactive|stareal has 120 seconds left.\n|inactive|ezws has 120 seconds left.\n|inactive|stareal has 90 seconds left.\n|\n|t:|1716928931\n|switch|p1a: Articuno|Articuno, L86|223/295\n|-ability|p1a: Articuno|Pressure\n|move|p2a: Basculegion|Shadow Ball|p1a: Articuno\n|-damage|p1a: Articuno|157/295\n|\n|-weather|Sandstorm|[upkeep]\n|-damage|p1a: Articuno|139/295|[from] Sandstorm\n|-damage|p2a: Basculegion|73/327|[from] Sandstorm\n|upkeep\n|turn|10\n|\n|t:|1716928941\n|move|p1a: Articuno|Roost|p1a: Articuno\n|-heal|p1a: Articuno|287/295\n|-singleturn|p1a: Articuno|move: Roost\n|move|p2a: Basculegion|Flip Turn|p1a: Articuno\n|-damage|p1a: Articuno|209/295\n|\n|t:|1716928946\n|switch|p2a: Cinderace|Cinderace, L77, F|164/249|[from] Flip Turn\n|\n|-weather|Sandstorm|[upkeep]\n|-damage|p2a: Cinderace|149/249|[from] Sandstorm\n|-damage|p1a: Articuno|191/295|[from] Sandstorm\n|upkeep\n|turn|11\n|inactive|stareal has 90 seconds left.\n|\n|t:|1716928960\n|switch|p1a: Venusaur|Venusaur, L84, M|272/272\n|move|p2a: Cinderace|Pyro Ball|p1a: Venusaur|[miss]\n|-miss|p2a: Cinderace|p1a: Venusaur\n|\n|-weather|Sandstorm|[upkeep]\n|-damage|p2a: Cinderace|134/249|[from] Sandstorm\n|-damage|p1a: Venusaur|255/272|[from] Sandstorm\n|-heal|p1a: Venusaur|272/272|[from] item: Leftovers\n|upkeep\n|turn|12\n|\n|t:|1716928964\n|switch|p1a: Tatsugiri|Tatsugiri-Stretchy, L86, M|233/257\n|move|p2a: Cinderace|Pyro Ball|p1a: Tatsugiri\n|-resisted|p1a: Tatsugiri\n|-damage|p1a: Tatsugiri|178/257\n|\n|-weather|none\n|upkeep\n|turn|13\n|\n|t:|1716928992\n|switch|p2a: Basculegion|Basculegion, L81, M|73/327\n|move|p1a: Tatsugiri|Nasty Plot|p1a: Tatsugiri\n|-boost|p1a: Tatsugiri|spa|2\n|\n|upkeep\n|turn|14\n|inactive|stareal has 90 seconds left.\n|inactive|stareal has 60 seconds left.\n|\n|t:|1716929066\n|move|p1a: Tatsugiri|Surf|p2a: Basculegion\n|-resisted|p2a: Basculegion\n|-damage|p2a: Basculegion|0 fnt\n|faint|p2a: Basculegion\n|\n|upkeep\n|\n|t:|1716929076\n|switch|p2a: Cinderace|Cinderace, L77, F|134/249\n|turn|15\n|\n|t:|1716929091\n|switch|p1a: Venusaur|Venusaur, L84, M|272/272\n|move|p2a: Cinderace|High Jump Kick|p1a: Venusaur|[miss]\n|-start|p2a: Cinderace|typechange|Fighting|[from] ability: Libero\n|-miss|p2a: Cinderace|p1a: Venusaur\n|-damage|p2a: Cinderace|10/249|[from] highjumpkick\n|\n|upkeep\n|turn|16\n|c|\u2606ezws|\ud83d\ude02\n|\n|t:|1716929109\n|switch|p2a: Rabsca|Rabsca, L91, F|172/284\n|switch|p1a: Hippowdon|Hippowdon, L82, M|185/311\n|-weather|Sandstorm|[from] ability: Sand Stream|[of] p1a: Hippowdon\n|\n|-weather|Sandstorm|[upkeep]\n|-damage|p2a: Rabsca|155/284|[from] Sandstorm\n|upkeep\n|turn|17\n|inactive|stareal has 60 seconds left.\n|c|\u2606stareal|u should see my last 4 gams\n|inactive|stareal has 30 seconds left.\n|inactive|stareal has 20 seconds left.\n|\n|t:|1716929160\n|move|p1a: Hippowdon|Stealth Rock|p2a: Rabsca\n|-sidestart|p2: ezws|move: Stealth Rock\n|move|p2a: Rabsca|Trick Room|p2a: Rabsca\n|-fieldstart|move: Trick Room|[of] p2a: Rabsca\n|\n|-weather|Sandstorm|[upkeep]\n|-damage|p2a: Rabsca|138/284|[from] Sandstorm\n|upkeep\n|turn|18\n|inactive|stareal has 30 seconds left this turn.\n|\n|t:|1716929166\n|switch|p1a: Dialga|Dialga, L74|270/270\n|-ability|p1a: Dialga|Pressure\n|move|p2a: Rabsca|Bug Buzz|p1a: Dialga\n|-resisted|p1a: Dialga\n|-damage|p1a: Dialga|207/270\n|\n|-weather|Sandstorm|[upkeep]\n|-damage|p2a: Rabsca|121/284|[from] Sandstorm\n|-heal|p1a: Dialga|223/270|[from] item: Leftovers\n|upkeep\n|turn|19\n|inactive|stareal has 30 seconds left.\n|\n|t:|1716929173\n|move|p2a: Rabsca|Earth Power|p1a: Dialga\n|-supereffective|p1a: Dialga\n|-damage|p1a: Dialga|53/270\n|-unboost|p1a: Dialga|spd|1\n|move|p1a: Dialga|Heavy Slam|p2a: Rabsca\n|-damage|p2a: Rabsca|19/284\n|\n|-weather|Sandstorm|[upkeep]\n|-damage|p2a: Rabsca|2/284|[from] Sandstorm\n|-heal|p1a: Dialga|69/270|[from] item: Leftovers\n|upkeep\n|turn|20\n|\n|t:|1716929181\n|move|p2a: Rabsca|Bug Buzz|p1a: Dialga\n|-resisted|p1a: Dialga\n|-damage|p1a: Dialga|0 fnt\n|faint|p1a: Dialga\n|\n|-weather|none\n|upkeep\n|\n|t:|1716929183\n|switch|p1a: Articuno|Articuno, L86|191/295\n|-ability|p1a: Articuno|Pressure\n|turn|21\n|\n|t:|1716929193\n|move|p2a: Rabsca|Revival Blessing|p2a: Rabsca\n|\n|t:|1716929198\n|-heal|p2: Basculegion|163/327|[from] move: Revival Blessing\n|move|p1a: Articuno|Roost|p1a: Articuno\n|-heal|p1a: Articuno|295/295\n|-singleturn|p1a: Articuno|move: Roost\n|\n|-fieldend|move: Trick Room\n|upkeep\n|turn|22\n|inactive|stareal has 60 seconds left.\n|\n|t:|1716929208\n|move|p1a: Articuno|Freeze-Dry|p2a: Rabsca\n|-damage|p2a: Rabsca|0 fnt\n|faint|p2a: Rabsca\n|\n|upkeep\n|\n|t:|1716929236\n|switch|p2a: Klawf|Klawf, L90, M|272/272\n|-damage|p2a: Klawf|238/272|[from] Stealth Rock\n|turn|23\n|inactive|stareal has 60 seconds left.\n|\n|t:|1716929271\n|switch|p1a: Hippowdon|Hippowdon, L82, M|185/311\n|-weather|Sandstorm|[from] ability: Sand Stream|[of] p1a: Hippowdon\n|move|p2a: Klawf|Stone Edge|p1a: Hippowdon\n|-resisted|p1a: Hippowdon\n|-damage|p1a: Hippowdon|137/311\n|\n|-weather|Sandstorm|[upkeep]\n|upkeep\n|turn|24\n|\n|t:|1716929282\n|-terastallize|p1a: Hippowdon|Dragon\n|move|p2a: Klawf|Swords Dance|p2a: Klawf\n|-boost|p2a: Klawf|atk|2\n|move|p1a: Hippowdon|Slack Off|p1a: Hippowdon\n|-heal|p1a: Hippowdon|293/311\n|\n|-weather|Sandstorm|[upkeep]\n|-damage|p1a: Hippowdon|274/311|[from] Sandstorm\n|upkeep\n|turn|25\n|\n|t:|1716929295\n|switch|p1a: Articuno|Articuno, L86|295/295\n|-ability|p1a: Articuno|Pressure\n|move|p2a: Klawf|Stone Edge|p1a: Articuno\n|-supereffective|p1a: Articuno\n|-crit|p1a: Articuno\n|-damage|p1a: Articuno|0 fnt\n|faint|p1a: Articuno\n|\n|-weather|Sandstorm|[upkeep]\n|upkeep\n|\n|t:|1716929299\n|switch|p1a: Tatsugiri|Tatsugiri-Stretchy, L86, M|178/257\n|turn|26\n|\n|t:|1716929306\n|-terastallize|p2a: Klawf|Dark\n|move|p1a: Tatsugiri|Surf|p2a: Klawf\n|-damage|p2a: Klawf|90/272\n|-ability|p2a: Klawf|Anger Shell|boost\n|-boost|p2a: Klawf|atk|1\n|-boost|p2a: Klawf|spa|1\n|-boost|p2a: Klawf|spe|1\n|-unboost|p2a: Klawf|def|1\n|-unboost|p2a: Klawf|spd|1\n|move|p2a: Klawf|Knock Off|p1a: Tatsugiri\n|-damage|p1a: Tatsugiri|0 fnt\n|-enditem|p1a: Tatsugiri|Heavy-Duty Boots|[from] move: Knock Off|[of] p2a: Klawf\n|faint|p1a: Tatsugiri\n|\n|-weather|Sandstorm|[upkeep]\n|-damage|p2a: Klawf|73/272|[from] Sandstorm\n|upkeep\n|\n|t:|1716929309\n|switch|p1a: Hippowdon|Hippowdon, L82, M, tera:Dragon|274/311\n|turn|27\n|\n|t:|1716929313\n|move|p2a: Klawf|Stone Edge|p1a: Hippowdon\n|-damage|p1a: Hippowdon|12/311\n|move|p1a: Hippowdon|Earthquake|p2a: Klawf\n|-damage|p2a: Klawf|0 fnt\n|faint|p2a: Klawf\n|\n|-weather|none\n|upkeep\n|\n|t:|1716929320\n|switch|p2a: Volcanion|Volcanion, L79|169/256\n|turn|28\n|\n|t:|1716929328\n|move|p2a: Volcanion|Flamethrower|p1a: Hippowdon\n|-resisted|p1a: Hippowdon\n|-damage|p1a: Hippowdon|0 fnt\n|faint|p1a: Hippowdon\n|\n|upkeep\n|\n|t:|1716929336\n|switch|p1a: Venusaur|Venusaur, L84, M|272/272\n|turn|29\n|\n|t:|1716929342\n|move|p1a: Venusaur|Earth Power|p2a: Volcanion\n|-supereffective|p2a: Volcanion\n|-damage|p2a: Volcanion|33/256\n|move|p2a: Volcanion|Flamethrower|p1a: Venusaur\n|-supereffective|p1a: Venusaur\n|-damage|p1a: Venusaur|66/272\n|-status|p1a: Venusaur|brn\n|\n|-heal|p1a: Venusaur|83/272 brn|[from] item: Leftovers\n|-damage|p1a: Venusaur|66/272 brn|[from] brn\n|upkeep\n|turn|30\n|\n|t:|1716929355\n|switch|p2a: Cinderace|Cinderace, L77, F|10/249\n|-damage|p2a: Cinderace|0 fnt|[from] Stealth Rock\n|faint|p2a: Cinderace\n|move|p1a: Venusaur|Earth Power|p2: Cinderace|[notarget]\n|-fail|p1a: Venusaur\n|\n|-heal|p1a: Venusaur|83/272 brn|[from] item: Leftovers\n|-damage|p1a: Venusaur|66/272 brn|[from] brn\n|upkeep\n|inactive|ezws has 120 seconds left.\n|inactive|ezws has 90 seconds left.\n|\n|t:|1716929437\n|switch|p2a: Mudsdale|Mudsdale, L84, F|305/305\n|-damage|p2a: Mudsdale|286/305|[from] Stealth Rock\n|turn|31\n|inactive|stareal has 90 seconds left.\n|-message|stareal forfeited.\n|\n|win|ezws\n|raw|stareal's rating: 2343 &rarr; <strong>2328</strong><br />(-15 for losing)\n|raw|ezws's rating: 2423 &rarr; <strong>2438</strong><br />(+15 for winning)\n|l|\u2606stareal\n|player|p1|\n", "inputlog": ">version 7158ead19aeac8750849df2840eabb6dbec77df6\n>start {\"formatid\":\"gen9randombattle\",\"seed\":[64545,19647,4659,14479],\"rated\":\"Rated battle\"}\n>player p1 {\"name\":\"stareal\",\"avatar\":\"#wcop2024uk2\",\"rating\":2370,\"seed\":[12731,368,53506,2072]}\n>player p2 {\"name\":\"ezws\",\"avatar\":\"youngster-gen4dp\",\"rating\":2423,\"seed\":[12100,23318,2684,19895]}\n>p1 move knockoff\n>p2 switch 3\n>p1 switch 2\n>p2 move trickroom\n>p1 move freezedry\n>p2 switch 6\n>p1 switch 5\n>p2 move flamethrower\n>p1 move dracometeor\n>p2 switch 4\n>p1 switch 5\n>p2 move shadowball\n>p1 move freezedry\n>p2 switch 2\n>p1 switch 3\n>p2 move uturn\n>p2 switch 2\n>p1 switch 3\n>p2 move shadowball\n>p1 move roost\n>p2 move flipturn\n>p2 switch 2\n>p1 switch 2\n>p2 move pyroball\n>p1 switch 5\n>p2 move pyroball\n>p1 move nastyplot\n>p2 switch 2\n>p1 move surf\n>p2 move shadowball\n>p2 switch 2\n>p1 switch 5\n>p2 move highjumpkick\n>chat \u2606ezws|\ud83d\ude02\n>p1 switch 3\n>p2 switch 6\n>chat \u2606stareal|u should see my last 4 gams\n>p1 move stealthrock\n>p2 move trickroom\n>p1 switch 6\n>p2 move bugbuzz\n>p1 move heavyslam\n>p2 move earthpower\n>p1 move heavyslam\n>p2 move bugbuzz\n>p1 switch 2\n>p1 move roost\n>p2 move revivalblessing\n>p2 switch 2\n>p1 move freezedry\n>p2 move trickroom\n>p2 switch 5\n>p1 switch 6\n>p2 move stoneedge\n>p1 move slackoff terastallize\n>p2 move swordsdance\n>p1 switch 6\n>p2 move stoneedge\n>p1 switch 5\n>p1 move surf\n>p2 move knockoff terastallize\n>p1 switch 6\n>p1 move earthquake\n>p2 move stoneedge\n>p2 switch 4\n>p1 move earthquake\n>p2 move flamethrower\n>p1 switch 3\n>p1 move earthpower\n>p2 move flamethrower\n>p1 move earthpower\n>p2 switch 6\n>p2 switch 3\n>forcelose p1", "uploadtime": 1716929455, "views": 238, "formatid": "gen9randombattle", "rating": 2328, "private": 0, "password": null}