{"id": "gen9randombattle-2260522422", "format": "[Gen 9] Random Battle", "players": ["Fossil pterosaur", "ballpit13"], "log": "|j|\u2606Fossil pterosaur\n|j|\u2606ballpit13\n|t:|1733859781\n|gametype|singles\n|player|p1|Fossil pterosaur|bugcatcher-gen4dp|1502\n|player|p2|ballpit13|rancher|1457\n|teamsize|p1|6\n|teamsize|p2|6\n|gen|9\n|tier|[Gen 9] Random Battle\n|rated|\n|rule|Species Clause: Limit one of each Pok\u00e9mon\n|rule|HP Percentage Mod: HP is shown in percentages\n|rule|Sleep Clause Mod: Limit one foe put to sleep\n|rule|Illusion Level Mod: Illusion disguises the Pok\u00e9mon's true level\n|\n|t:|1733859781\n|start\n|switch|p1a: Passimian|Passimian, L83, F|302/302\n|switch|p2a: Kricketune|Kricketune, L99, F|311/311\n|turn|1\n|inactive|Battle timer is ON: inactive players will automatically lose when time's up. (requested by ballpit13)\n|inactive|Fossil pterosaur also wants the timer to be on.\n|\n|t:|1733859796\n|move|p1a: Passimian|Knock Off|p2a: Kricketune\n|-damage|p2a: Kricketune|213/311\n|-enditem|p2a: Kricketune|Focus Sash|[from] move: Knock Off|[of] p1a: Passimian\n|move|p2a: Kricketune|Taunt|p1a: Passimian\n|-start|p1a: Passimian|move: Taunt\n|\n|upkeep\n|turn|2\n|\n|t:|1733859805\n|switch|p1a: Braviary|Braviary, L85, M|309/309\n|move|p2a: Kricketune|Knock Off|p1a: Braviary\n|-damage|p1a: Braviary|215/309\n|-enditem|p1a: Braviary|Heavy-Duty Boots|[from] move: Knock Off|[of] p2a: Kricketune\n|\n|upkeep\n|turn|3\n|\n|t:|1733859812\n|move|p2a: Kricketune|Sticky Web|p1a: Braviary\n|-sidestart|p1: Fossil pterosaur|move: Sticky Web\n|move|p1a: Braviary|Brave Bird|p2a: Kricketune\n|-supereffective|p2a: Kricketune\n|-damage|p2a: Kricketune|0 fnt\n|faint|p2a: Kricketune\n|-damage|p1a: Braviary|145/309|[from] Recoil\n|\n|upkeep\n|\n|t:|1733859820\n|switch|p2a: Regice|Regice, L88|284/284\n|turn|4\n|\n|t:|1733859822\n|move|p1a: Braviary|Roost|p1a: Braviary\n|-heal|p1a: Braviary|300/309\n|-singleturn|p1a: Braviary|move: Roost\n|move|p2a: Regice|Ice Beam|p1a: Braviary\n|-damage|p1a: Braviary|179/309\n|\n|upkeep\n|turn|5\n|\n|t:|1733859830\n|move|p1a: Braviary|Bulk Up|p1a: Braviary\n|-boost|p1a: Braviary|atk|1\n|-boost|p1a: Braviary|def|1\n|move|p2a: Regice|Ice Beam|p1a: Braviary\n|-supereffective|p1a: Braviary\n|-damage|p1a: Braviary|0 fnt\n|faint|p1a: Braviary\n|\n|upkeep\n|\n|t:|1733859836\n|switch|p1a: Passimian|Passimian, L83, F|302/302\n|-activate|p1a: Passimian|move: Sticky Web\n|-unboost|p1a: Passimian|spe|1\n|-ability|p1a: Passimian|Defiant|boost\n|-boost|p1a: Passimian|atk|2\n|turn|6\n|\n|t:|1733859842\n|move|p1a: Passimian|Close Combat|p2a: Regice\n|-supereffective|p2a: Regice\n|-damage|p2a: Regice|0 fnt\n|-unboost|p1a: Passimian|def|1\n|-unboost|p1a: Passimian|spd|1\n|faint|p2a: Regice\n|\n|upkeep\n|\n|t:|1733859851\n|switch|p2a: Oricorio|Oricorio-Sensu, L85, M|266/266\n|turn|7\n|\n|t:|1733859860\n|switch|p1a: Staraptor|Staraptor, L79, M|263/263\n|move|p2a: Oricorio|Quiver Dance|p2a: Oricorio\n|-boost|p2a: Oricorio|spa|1\n|-boost|p2a: Oricorio|spd|1\n|-boost|p2a: Oricorio|spe|1\n|\n|upkeep\n|turn|8\n|\n|t:|1733859863\n|move|p2a: Oricorio|Hurricane|p1a: Staraptor\n|-damage|p1a: Staraptor|0 fnt\n|faint|p1a: Staraptor\n|\n|upkeep\n|\n|t:|1733859867\n|switch|p1a: Orthworm|Orthworm, L88, F|266/266\n|-activate|p1a: Orthworm|move: Sticky Web\n|-unboost|p1a: Orthworm|spe|1\n|turn|9\n|\n|t:|1733859870\n|move|p2a: Oricorio|Revelation Dance|p1a: Orthworm\n|-crit|p1a: Orthworm\n|-damage|p1a: Orthworm|0 fnt\n|faint|p1a: Orthworm\n|\n|upkeep\n|\n|t:|1733859873\n|switch|p1a: Torkoal|Torkoal, L88, F|266/266\n|-weather|SunnyDay|[from] ability: Drought|[of] p1a: Torkoal\n|turn|10\n|\n|t:|1733859876\n|move|p2a: Oricorio|Revelation Dance|p1a: Torkoal\n|-damage|p1a: Torkoal|89/266\n|move|p1a: Torkoal|Yawn|p2a: Oricorio\n|-start|p2a: Oricorio|move: Yawn|[of] p1a: Torkoal\n|\n|-weather|SunnyDay|[upkeep]\n|upkeep\n|turn|11\n|\n|t:|1733859879\n|move|p2a: Oricorio|Revelation Dance|p1a: Torkoal\n|-damage|p1a: Torkoal|0 fnt\n|faint|p1a: Torkoal\n|\n|-weather|SunnyDay|[upkeep]\n|-end|p2a: Oricorio|move: Yawn|[silent]\n|-status|p2a: Oricorio|slp\n|upkeep\n|\n|t:|1733859882\n|switch|p1a: Passimian|Passimian, L83, F|302/302\n|-activate|p1a: Passimian|move: Sticky Web\n|-unboost|p1a: Passimian|spe|1\n|-ability|p1a: Passimian|Defiant|boost\n|-boost|p1a: Passimian|atk|2\n|turn|12\n|\n|t:|1733859885\n|cant|p2a: Oricorio|slp\n|move|p1a: Passimian|Knock Off|p2a: Oricorio\n|-supereffective|p2a: Oricorio\n|-damage|p2a: Oricorio|0 fnt\n|-enditem|p2a: Oricorio|Heavy-Duty Boots|[from] move: Knock Off|[of] p1a: Passimian\n|faint|p2a: Oricorio\n|\n|-weather|SunnyDay|[upkeep]\n|upkeep\n|\n|t:|1733859888\n|switch|p2a: Dipplin|Dipplin, L88, M|284/284\n|turn|13\n|\n|t:|1733859892\n|move|p1a: Passimian|Knock Off|p2a: Dipplin\n|-damage|p2a: Dipplin|198/284\n|-activate|p2a: Dipplin|ability: Sticky Hold\n|move|p2a: Dipplin|Dragon Pulse|p1a: Passimian\n|-damage|p1a: Passimian|169/302\n|\n|-weather|SunnyDay|[upkeep]\n|upkeep\n|turn|14\n|\n|t:|1733859896\n|switch|p1a: Hippowdon|Hippowdon, L82, M|311/311\n|-activate|p1a: Hippowdon|move: Sticky Web\n|-unboost|p1a: Hippowdon|spe|1\n|-weather|Sandstorm|[from] ability: Sand Stream|[of] p1a: Hippowdon\n|move|p2a: Dipplin|Giga Drain|p1a: Hippowdon\n|-supereffective|p1a: Hippowdon\n|-damage|p1a: Hippowdon|111/311\n|-heal|p2a: Dipplin|284/284|[from] drain|[of] p1a: Hippowdon\n|\n|-weather|Sandstorm|[upkeep]\n|-damage|p2a: Dipplin|267/284|[from] Sandstorm\n|-heal|p1a: Hippowdon|130/311|[from] item: Leftovers\n|upkeep\n|turn|15\n|\n|t:|1733859901\n|move|p2a: Dipplin|Giga Drain|p1a: Hippowdon\n|-supereffective|p1a: Hippowdon\n|-damage|p1a: Hippowdon|0 fnt\n|-heal|p2a: Dipplin|284/284|[from] drain|[of] p1a: Hippowdon\n|faint|p1a: Hippowdon\n|\n|-weather|Sandstorm|[upkeep]\n|-damage|p2a: Dipplin|267/284|[from] Sandstorm\n|upkeep\n|\n|t:|1733859903\n|switch|p1a: Passimian|Passimian, L83, F|169/302\n|-activate|p1a: Passimian|move: Sticky Web\n|-unboost|p1a: Passimian|spe|1\n|-ability|p1a: Passimian|Defiant|boost\n|-boost|p1a: Passimian|atk|2\n|turn|16\n|\n|t:|1733859905\n|-terastallize|p1a: Passimian|Fighting\n|move|p1a: Passimian|Close Combat|p2a: Dipplin\n|-crit|p2a: Dipplin\n|-damage|p2a: Dipplin|0 fnt\n|-unboost|p1a: Passimian|def|1\n|-unboost|p1a: Passimian|spd|1\n|faint|p2a: Dipplin\n|\n|-weather|Sandstorm|[upkeep]\n|-damage|p1a: Passimian|151/302|[from] Sandstorm\n|upkeep\n|\n|t:|1733859914\n|switch|p2a: Gallade|Gallade, L81, M|243/243\n|turn|17\n|\n|t:|1733859916\n|move|p1a: Passimian|Close Combat|p2a: Gallade\n|-resisted|p2a: Gallade\n|-damage|p2a: Gallade|0 fnt\n|-unboost|p1a: Passimian|def|1\n|-unboost|p1a: Passimian|spd|1\n|faint|p2a: Gallade\n|\n|-weather|Sandstorm|[upkeep]\n|-damage|p1a: Passimian|133/302|[from] Sandstorm\n|upkeep\n|\n|t:|1733859920\n|switch|p2a: Bronzong|Bronzong, L88|261/261\n|turn|18\n|\n|t:|1733859923\n|move|p1a: Passimian|Close Combat|p2a: Bronzong\n|-damage|p2a: Bronzong|0 fnt\n|-unboost|p1a: Passimian|def|1\n|-unboost|p1a: Passimian|spd|1\n|faint|p2a: Bronzong\n|\n|win|Fossil pterosaur\n|raw|Fossil pterosaur's rating: 1502 &rarr; <strong>1519</strong><br />(+17 for winning)\n|raw|ballpit13's rating: 1457 &rarr; <strong>1440</strong><br />(-17 for losing)\n", "inputlog": ">version bfd83cad13791eb5a5a409923076391caf6fb4d4\n>start {\"formatid\":\"gen9randombattle\",\"seed\":[51940,54833,4201,42433],\"rated\":\"Rated battle\"}\n>player p1 {\"name\":\"Fossil pterosaur\",\"avatar\":\"bugcatcher-gen4dp\",\"rating\":1502,\"seed\":[33163,23724,7300,31308]}\n>player p2 {\"name\":\"ballpit13\",\"avatar\":\"rancher\",\"rating\":1457,\"seed\":[11694,36752,36575,31092]}\n>p1 move knockoff\n>p2 move taunt\n>p1 switch 3\n>p2 move knockoff\n>p1 move bravebird\n>p2 move stickyweb\n>p2 switch 3\n>p1 move roost\n>p2 move icebeam\n>p1 move bulkup\n>p2 move icebeam\n>p1 switch 3\n>p1 move closecombat\n>p2 move icebeam\n>p2 switch 5\n>p1 switch 4\n>p2 move quiverdance\n>p1 move bravebird\n>p2 move hurricane\n>p1 switch 6\n>p1 move irontail\n>p2 move revelationdance\n>p1 switch 5\n>p1 move yawn\n>p2 move revelationdance\n>p1 move lavaplume\n>p2 move revelationdance\n>p1 switch 4\n>p1 move knockoff\n>p2 move hurricane\n>p2 switch 6\n>p1 move knockoff\n>p2 move dragonpulse\n>p1 switch 2\n>p2 move gigadrain\n>p1 move stoneedge\n>p2 move gigadrain\n>p1 switch 2\n>p1 move closecombat terastallize\n>p2 move gigadrain\n>p2 switch 4\n>p1 move closecombat\n>p2 move psychocut\n>p2 switch 2\n>p1 move closecombat\n>p2 move psychicnoise", "uploadtime": 1733859926, "views": 10, "formatid": "gen9randombattle", "rating": 1440, "private": 0, "password": null}