{"id": "gen9randombattle-2260913861", "format": "[Gen 9] Random Battle", "players": ["Flowey Hugo", "98Grandmaster205"], "log": "|j|\u2606Flowey Hugo\n|j|\u260698Grandmaster205\n|t:|1733915823\n|gametype|singles\n|player|p1|Flowey Hugo|roxie|1146\n|player|p2|98Grandmaster205|101|1096\n|teamsize|p1|6\n|teamsize|p2|6\n|gen|9\n|tier|[Gen 9] Random Battle\n|rated|\n|rule|Species Clause: Limit one of each Pok\u00e9mon\n|rule|HP Percentage Mod: HP is shown in percentages\n|rule|Sleep Clause Mod: Limit one foe put to sleep\n|rule|Illusion Level Mod: Illusion disguises the Pok\u00e9mon's true level\n|\n|t:|1733915823\n|start\n|switch|p1a: Magnezone|Magnezone, L85|258/258\n|switch|p2a: Wo-Chien|Wo-Chien, L83|277/277\n|-ability|p2a: Wo-Chien|Tablets of Ruin\n|turn|1\n|\n|t:|1733915848\n|switch|p1a: Passimian|Passimian, L83, F|302/302\n|move|p2a: Wo-Chien|Leech Seed|p1a: Passimian\n|-start|p1a: Passimian|move: Leech Seed\n|\n|-damage|p1a: Passimian|265/302|[from] Leech Seed|[of] p2a: Wo-Chien\n|upkeep\n|turn|2\n|inactive|Battle timer is ON: inactive players will automatically lose when time's up. (requested by Flowey Hugo)\n|\n|t:|1733915867\n|move|p2a: Wo-Chien|Protect|p2a: Wo-Chien\n|-singleturn|p2a: Wo-Chien|Protect\n|move|p1a: Passimian|Close Combat|p2a: Wo-Chien\n|-activate|p2a: Wo-Chien|move: Protect\n|\n|-damage|p1a: Passimian|228/302|[from] Leech Seed|[of] p2a: Wo-Chien\n|upkeep\n|turn|3\n|\n|t:|1733915876\n|switch|p2a: Uxie|Uxie, L83|260/260\n|move|p1a: Passimian|Close Combat|p2a: Uxie\n|-resisted|p2a: Uxie\n|-damage|p2a: Uxie|204/260\n|-unboost|p1a: Passimian|def|1\n|-unboost|p1a: Passimian|spd|1\n|\n|-heal|p2a: Uxie|220/260|[from] item: Leftovers\n|-damage|p1a: Passimian|191/302|[from] Leech Seed|[of] p2a: Uxie\n|-heal|p2a: Uxie|257/260|[silent]\n|upkeep\n|turn|4\n|\n|t:|1733915893\n|switch|p1a: Mandibuzz|Mandibuzz, L85, F|326/326\n|move|p2a: Uxie|Psychic Noise|p1a: Mandibuzz\n|-immune|p1a: Mandibuzz\n|\n|-heal|p2a: Uxie|260/260|[from] item: Leftovers\n|upkeep\n|turn|5\n|\n|t:|1733915903\n|move|p2a: Uxie|U-turn|p1a: Mandibuzz\n|-damage|p1a: Mandibuzz|289/326\n|\n|t:|1733915908\n|switch|p2a: Magnezone|Magnezone, L85|258/258|[from] U-turn\n|move|p1a: Mandibuzz|Foul Play|p2a: Magnezone\n|-damage|p2a: Magnezone|207/258\n|\n|-heal|p2a: Magnezone|223/258|[from] item: Leftovers\n|upkeep\n|turn|6\n|\n|t:|1733915937\n|switch|p1a: Archaludon|Archaludon, L78, M|268/268\n|move|p2a: Magnezone|Iron Defense|p2a: Magnezone\n|-boost|p2a: Magnezone|def|2\n|\n|-heal|p2a: Magnezone|239/258|[from] item: Leftovers\n|upkeep\n|turn|7\n|inactive|Flowey Hugo has 120 seconds left.\n|\n|t:|1733915953\n|move|p1a: Archaludon|Body Press|p2a: Magnezone\n|-supereffective|p2a: Magnezone\n|-damage|p2a: Magnezone|191/258\n|move|p2a: Magnezone|Body Press|p1a: Archaludon\n|-supereffective|p1a: Archaludon\n|-damage|p1a: Archaludon|50/268\n|-ability|p1a: Archaludon|Stamina|boost\n|-boost|p1a: Archaludon|def|1\n|\n|-heal|p2a: Magnezone|207/258|[from] item: Leftovers\n|upkeep\n|turn|8\n|inactive|Flowey Hugo has 120 seconds left.\n|\n|t:|1733915965\n|move|p1a: Archaludon|Draco Meteor|p2a: Magnezone\n|-resisted|p2a: Magnezone\n|-damage|p2a: Magnezone|133/258\n|-unboost|p1a: Archaludon|spa|2\n|move|p2a: Magnezone|Body Press|p1a: Archaludon\n|-supereffective|p1a: Archaludon\n|-damage|p1a: Archaludon|0 fnt\n|faint|p1a: Archaludon\n|\n|-heal|p2a: Magnezone|149/258|[from] item: Leftovers\n|upkeep\n|inactive|Flowey Hugo has 120 seconds left.\n|\n|t:|1733915980\n|switch|p1a: Chimecho|Chimecho, L93, F|290/290\n|turn|9\n|inactive|Flowey Hugo has 120 seconds left.\n|\n|t:|1733915991\n|switch|p2a: Wo-Chien|Wo-Chien, L83|277/277\n|-ability|p2a: Wo-Chien|Tablets of Ruin\n|move|p1a: Chimecho|Psychic Noise|p2a: Wo-Chien\n|-immune|p2a: Wo-Chien\n|\n|upkeep\n|turn|10\n|inactive|Flowey Hugo has 120 seconds left.\n|\n|t:|1733916004\n|switch|p1a: Passimian|Passimian, L83, F|191/302\n|move|p2a: Wo-Chien|Leech Seed|p1a: Passimian\n|-start|p1a: Passimian|move: Leech Seed\n|\n|-damage|p1a: Passimian|154/302|[from] Leech Seed|[of] p2a: Wo-Chien\n|upkeep\n|turn|11\n|inactive|Flowey Hugo has 120 seconds left.\n|\n|t:|1733916014\n|switch|p1a: Staraptor|Staraptor, L79, M|263/263\n|move|p2a: Wo-Chien|Protect||[still]\n|-fail|p2a: Wo-Chien\n|\n|upkeep\n|turn|12\n|\n|t:|1733916033\n|move|p2a: Wo-Chien|Protect|p2a: Wo-Chien\n|-singleturn|p2a: Wo-Chien|Protect\n|move|p1a: Staraptor|Brave Bird|p2a: Wo-Chien\n|-activate|p2a: Wo-Chien|move: Protect\n|\n|upkeep\n|turn|13\n|\n|t:|1733916041\n|switch|p2a: Magnezone|Magnezone, L85|149/258\n|move|p1a: Staraptor|Brave Bird|p2a: Magnezone\n|-resisted|p2a: Magnezone\n|-damage|p2a: Magnezone|99/258\n|-damage|p1a: Staraptor|246/263|[from] Recoil\n|\n|-heal|p2a: Magnezone|115/258|[from] item: Leftovers\n|upkeep\n|turn|14\n|\n|t:|1733916054\n|switch|p1a: Passimian|Passimian, L83, F|154/302\n|move|p2a: Magnezone|Thunderbolt|p1a: Passimian\n|-damage|p1a: Passimian|0 fnt\n|faint|p1a: Passimian\n|\n|-heal|p2a: Magnezone|131/258|[from] item: Leftovers\n|upkeep\n|\n|t:|1733916067\n|switch|p1a: Magnezone|Magnezone, L85|258/258\n|turn|15\n|\n|t:|1733916075\n|move|p2a: Magnezone|Body Press|p1a: Magnezone\n|-supereffective|p1a: Magnezone\n|-damage|p1a: Magnezone|156/258\n|move|p1a: Magnezone|Mirror Coat||[still]\n|-fail|p1a: Magnezone\n|\n|-heal|p2a: Magnezone|147/258|[from] item: Leftovers\n|upkeep\n|turn|16\n|\n|t:|1733916094\n|move|p2a: Magnezone|Body Press|p1a: Magnezone\n|-supereffective|p1a: Magnezone\n|-damage|p1a: Magnezone|42/258\n|move|p1a: Magnezone|Flash Cannon|p2a: Magnezone\n|-resisted|p2a: Magnezone\n|-damage|p2a: Magnezone|111/258\n|\n|-heal|p2a: Magnezone|127/258|[from] item: Leftovers\n|upkeep\n|turn|17\n|\n|t:|1733916104\n|move|p2a: Magnezone|Body Press|p1a: Magnezone\n|-supereffective|p1a: Magnezone\n|-damage|p1a: Magnezone|0 fnt\n|faint|p1a: Magnezone\n|\n|-heal|p2a: Magnezone|143/258|[from] item: Leftovers\n|upkeep\n|\n|t:|1733916114\n|switch|p1a: Chimecho|Chimecho, L93, F|290/290\n|turn|18\n|\n|t:|1733916123\n|switch|p2a: Wo-Chien|Wo-Chien, L83|277/277\n|-ability|p2a: Wo-Chien|Tablets of Ruin\n|move|p1a: Chimecho|Knock Off|p2a: Wo-Chien\n|-resisted|p2a: Wo-Chien\n|-damage|p2a: Wo-Chien|259/277\n|-enditem|p2a: Wo-Chien|Leftovers|[from] move: Knock Off|[of] p1a: Chimecho\n|\n|upkeep\n|turn|19\n|\n|t:|1733916137\n|switch|p1a: Staraptor|Staraptor, L79, M|246/263\n|move|p2a: Wo-Chien|Leech Seed|p1a: Staraptor\n|-start|p1a: Staraptor|move: Leech Seed\n|\n|-damage|p1a: Staraptor|214/263|[from] Leech Seed|[of] p2a: Wo-Chien\n|-heal|p2a: Wo-Chien|277/277|[silent]\n|upkeep\n|turn|20\n|\n|t:|1733916148\n|move|p2a: Wo-Chien|Protect|p2a: Wo-Chien\n|-singleturn|p2a: Wo-Chien|Protect\n|move|p1a: Staraptor|Brave Bird|p2a: Wo-Chien\n|-activate|p2a: Wo-Chien|move: Protect\n|\n|-damage|p1a: Staraptor|182/263|[from] Leech Seed|[of] p2a: Wo-Chien\n|upkeep\n|turn|21\n|\n|t:|1733916163\n|switch|p2a: Magnezone|Magnezone, L85|143/258\n|move|p1a: Staraptor|Brave Bird|p2a: Magnezone\n|-resisted|p2a: Magnezone\n|-damage|p2a: Magnezone|98/258\n|-damage|p1a: Staraptor|167/263|[from] Recoil\n|\n|-heal|p2a: Magnezone|114/258|[from] item: Leftovers\n|-damage|p1a: Staraptor|135/263|[from] Leech Seed|[of] p2a: Magnezone\n|-heal|p2a: Magnezone|146/258|[silent]\n|upkeep\n|turn|22\n|\n|t:|1733916176\n|switch|p1a: Chimecho|Chimecho, L93, F|290/290\n|move|p2a: Magnezone|Thunderbolt|p1a: Chimecho\n|-damage|p1a: Chimecho|169/290\n|\n|-heal|p1a: Chimecho|187/290|[from] item: Leftovers\n|-heal|p2a: Magnezone|162/258|[from] item: Leftovers\n|upkeep\n|turn|23\n|\n|t:|1733916204\n|switch|p2a: Wo-Chien|Wo-Chien, L83|277/277\n|-ability|p2a: Wo-Chien|Tablets of Ruin\n|move|p1a: Chimecho|Thunder Wave|p2a: Wo-Chien|[miss]\n|-miss|p1a: Chimecho|p2a: Wo-Chien\n|\n|-heal|p1a: Chimecho|205/290|[from] item: Leftovers\n|upkeep\n|turn|24\n|\n|t:|1733916214\n|move|p1a: Chimecho|Thunder Wave|p2a: Wo-Chien\n|-status|p2a: Wo-Chien|par\n|cant|p2a: Wo-Chien|par\n|\n|-heal|p1a: Chimecho|223/290|[from] item: Leftovers\n|upkeep\n|turn|25\n|\n|t:|1733916223\n|switch|p1a: Mandibuzz|Mandibuzz, L85, F|289/326\n|move|p2a: Wo-Chien|Knock Off|p1a: Mandibuzz\n|-resisted|p1a: Mandibuzz\n|-damage|p1a: Mandibuzz|253/326\n|-enditem|p1a: Mandibuzz|Heavy-Duty Boots|[from] move: Knock Off|[of] p2a: Wo-Chien\n|\n|upkeep\n|turn|26\n|\n|t:|1733916237\n|switch|p1a: Staraptor|Staraptor, L79, M|135/263\n|switch|p2a: Magnezone|Magnezone, L85|162/258\n|\n|-heal|p2a: Magnezone|178/258|[from] item: Leftovers\n|upkeep\n|turn|27\n|\n|t:|1733916248\n|switch|p2a: Uxie|Uxie, L83|260/260\n|move|p1a: Staraptor|Close Combat|p2a: Uxie\n|-resisted|p2a: Uxie\n|-damage|p2a: Uxie|211/260\n|-unboost|p1a: Staraptor|def|1\n|-unboost|p1a: Staraptor|spd|1\n|\n|-heal|p2a: Uxie|227/260|[from] item: Leftovers\n|upkeep\n|turn|28\n|\n|t:|1733916260\n|switch|p1a: Mandibuzz|Mandibuzz, L85, F|253/326\n|move|p2a: Uxie|Yawn|p1a: Mandibuzz\n|-start|p1a: Mandibuzz|move: Yawn|[of] p2a: Uxie\n|\n|-heal|p2a: Uxie|243/260|[from] item: Leftovers\n|upkeep\n|turn|29\n|\n|t:|1733916268\n|move|p2a: Uxie|U-turn|p1a: Mandibuzz\n|-damage|p1a: Mandibuzz|220/326\n|\n|t:|1733916277\n|switch|p2a: Wo-Chien|Wo-Chien, L83|277/277 par|[from] U-turn\n|-ability|p2a: Wo-Chien|Tablets of Ruin\n|move|p1a: Mandibuzz|Toxic||[still]\n|-fail|p1a: Mandibuzz\n|\n|-end|p1a: Mandibuzz|move: Yawn|[silent]\n|-status|p1a: Mandibuzz|slp\n|upkeep\n|turn|30\n|\n|t:|1733916289\n|switch|p1a: Staraptor|Staraptor, L79, M|135/263\n|move|p2a: Wo-Chien|Leech Seed|p1a: Staraptor\n|-start|p1a: Staraptor|move: Leech Seed\n|\n|-damage|p1a: Staraptor|103/263|[from] Leech Seed|[of] p2a: Wo-Chien\n|upkeep\n|turn|31\n|\n|t:|1733916301\n|move|p1a: Staraptor|Double-Edge|p2a: Wo-Chien\n|-damage|p2a: Wo-Chien|115/277 par\n|-damage|p1a: Staraptor|50/263|[from] Recoil\n|move|p2a: Wo-Chien|Knock Off|p1a: Staraptor\n|-damage|p1a: Staraptor|0 fnt\n|-enditem|p1a: Staraptor|Choice Band|[from] move: Knock Off|[of] p2a: Wo-Chien\n|faint|p1a: Staraptor\n|\n|upkeep\n|\n|t:|1733916312\n|switch|p1a: Mandibuzz|Mandibuzz, L85, F|220/326 slp\n|turn|32\n|\n|t:|1733916319\n|cant|p1a: Mandibuzz|slp\n|cant|p2a: Wo-Chien|par\n|\n|upkeep\n|turn|33\n|\n|t:|1733916324\n|cant|p1a: Mandibuzz|slp\n|move|p2a: Wo-Chien|Leech Seed|p1a: Mandibuzz\n|-start|p1a: Mandibuzz|move: Leech Seed\n|\n|-damage|p1a: Mandibuzz|180/326 slp|[from] Leech Seed|[of] p2a: Wo-Chien\n|-heal|p2a: Wo-Chien|155/277 par|[silent]\n|upkeep\n|turn|34\n|\n|t:|1733916331\n|switch|p2a: Magnezone|Magnezone, L85|178/258\n|-curestatus|p1a: Mandibuzz|slp|[msg]\n|move|p1a: Mandibuzz|Foul Play|p2a: Magnezone\n|-damage|p2a: Magnezone|129/258\n|\n|-heal|p2a: Magnezone|145/258|[from] item: Leftovers\n|-damage|p1a: Mandibuzz|140/326|[from] Leech Seed|[of] p2a: Magnezone\n|-heal|p2a: Magnezone|185/258|[silent]\n|upkeep\n|turn|35\n|\n|t:|1733916350\n|move|p1a: Mandibuzz|Roost|p1a: Mandibuzz\n|-heal|p1a: Mandibuzz|303/326\n|-singleturn|p1a: Mandibuzz|move: Roost\n|move|p2a: Magnezone|Thunderbolt|p1a: Mandibuzz\n|-damage|p1a: Mandibuzz|194/326\n|\n|-heal|p2a: Magnezone|201/258|[from] item: Leftovers\n|-damage|p1a: Mandibuzz|154/326|[from] Leech Seed|[of] p2a: Magnezone\n|-heal|p2a: Magnezone|241/258|[silent]\n|upkeep\n|turn|36\n|inactive|Flowey Hugo has 120 seconds left.\n|\n|t:|1733916396\n|move|p1a: Mandibuzz|Roost|p1a: Mandibuzz\n|-heal|p1a: Mandibuzz|317/326\n|-singleturn|p1a: Mandibuzz|move: Roost\n|move|p2a: Magnezone|Thunderbolt|p1a: Mandibuzz\n|-damage|p1a: Mandibuzz|200/326\n|\n|-heal|p2a: Magnezone|257/258|[from] item: Leftovers\n|-damage|p1a: Mandibuzz|160/326|[from] Leech Seed|[of] p2a: Magnezone\n|-heal|p2a: Magnezone|258/258|[silent]\n|upkeep\n|turn|37\n|\n|t:|1733916418\n|move|p1a: Mandibuzz|Roost|p1a: Mandibuzz\n|-heal|p1a: Mandibuzz|323/326\n|-singleturn|p1a: Mandibuzz|move: Roost\n|move|p2a: Magnezone|Body Press|p1a: Mandibuzz\n|-supereffective|p1a: Mandibuzz\n|-damage|p1a: Mandibuzz|217/326\n|\n|-damage|p1a: Mandibuzz|177/326|[from] Leech Seed|[of] p2a: Magnezone\n|upkeep\n|turn|38\n|\n|t:|1733916428\n|move|p1a: Mandibuzz|Roost|p1a: Mandibuzz\n|-heal|p1a: Mandibuzz|326/326\n|-singleturn|p1a: Mandibuzz|move: Roost\n|move|p2a: Magnezone|Iron Defense|p2a: Magnezone\n|-boost|p2a: Magnezone|def|2\n|\n|-damage|p1a: Mandibuzz|286/326|[from] Leech Seed|[of] p2a: Magnezone\n|upkeep\n|turn|39\n|\n|t:|1733916453\n|move|p1a: Mandibuzz|Defog|p2a: Magnezone\n|-unboost|p2a: Magnezone|evasion|1\n|move|p2a: Magnezone|Thunderbolt|p1a: Mandibuzz\n|-supereffective|p1a: Mandibuzz\n|-damage|p1a: Mandibuzz|50/326\n|\n|-damage|p1a: Mandibuzz|10/326|[from] Leech Seed|[of] p2a: Magnezone\n|upkeep\n|turn|40\n|\n|t:|1733916465\n|move|p1a: Mandibuzz|Roost|p1a: Mandibuzz\n|-heal|p1a: Mandibuzz|173/326\n|-singleturn|p1a: Mandibuzz|move: Roost\n|move|p2a: Magnezone|Body Press|p1a: Mandibuzz\n|-supereffective|p1a: Mandibuzz\n|-damage|p1a: Mandibuzz|0 fnt\n|faint|p1a: Mandibuzz\n|\n|upkeep\n|\n|t:|1733916475\n|switch|p1a: Chimecho|Chimecho, L93, F|223/290\n|turn|41\n|\n|t:|1733916487\n|-terastallize|p1a: Chimecho|Steel\n|move|p1a: Chimecho|Knock Off|p2a: Magnezone\n|-damage|p2a: Magnezone|235/258\n|-enditem|p2a: Magnezone|Leftovers|[from] move: Knock Off|[of] p1a: Chimecho\n|move|p2a: Magnezone|Thunderbolt|p1a: Chimecho\n|-damage|p1a: Chimecho|106/290\n|\n|-heal|p1a: Chimecho|124/290|[from] item: Leftovers\n|upkeep\n|turn|42\n|\n|t:|1733916500\n|move|p1a: Chimecho|Recover|p1a: Chimecho\n|-heal|p1a: Chimecho|269/290\n|move|p2a: Magnezone|Body Press|p1a: Chimecho\n|-supereffective|p1a: Chimecho\n|-damage|p1a: Chimecho|0 fnt\n|faint|p1a: Chimecho\n|\n|win|98Grandmaster205\n|raw|Flowey Hugo's rating: 1146 &rarr; <strong>1117</strong><br />(-29 for losing)\n|raw|98Grandmaster205's rating: 1096 &rarr; <strong>1125</strong><br />(+29 for winning)\n|l|\u2606Flowey Hugo\n|player|p1|\n", "inputlog": ">version bfd83cad13791eb5a5a409923076391caf6fb4d4\n>start {\"formatid\":\"gen9randombattle\",\"seed\":[39142,11137,39229,32185],\"rated\":\"Rated battle\"}\n>player p1 {\"name\":\"Flowey Hugo\",\"avatar\":\"roxie\",\"rating\":1146,\"seed\":[53378,18281,19435,64521]}\n>player p2 {\"name\":\"98Grandmaster205\",\"avatar\":\"101\",\"rating\":1096,\"seed\":[31557,19888,12935,530]}\n>p1 switch 3\n>p2 move leechseed\n>p1 move closecombat\n>p2 move protect\n>p1 move closecombat\n>p2 switch 5\n>p1 switch 2\n>p2 move psychicnoise\n>p1 move foulplay\n>p2 move uturn\n>p2 switch 4\n>p1 switch 4\n>p2 move irondefense\n>p1 move bodypress\n>p2 move bodypress\n>p1 move dracometeor\n>p2 move bodypress\n>p1 switch 5\n>p1 move psychicnoise\n>p2 switch 5\n>p1 switch 2\n>p2 move leechseed\n>p1 switch 6\n>p2 move protect\n>p1 move bravebird\n>p2 move protect\n>p1 move bravebird\n>p2 switch 5\n>p1 switch 6\n>p2 move thunderbolt\n>p1 switch 3\n>p1 move mirrorcoat\n>p2 move bodypress\n>p1 move flashcannon\n>p2 move bodypress\n>p1 move mirrorcoat\n>p2 move bodypress\n>p1 switch 2\n>p1 move knockoff\n>p2 switch 5\n>p1 switch 6\n>p2 move leechseed\n>p1 move bravebird\n>p2 move protect\n>p1 move bravebird\n>p2 switch 5\n>p1 switch 6\n>p2 move thunderbolt\n>p1 move thunderwave\n>p2 switch 5\n>p1 move thunderwave\n>p2 move leechseed\n>p1 switch 4\n>p2 move knockoff\n>p1 switch 6\n>p2 switch 5\n>p1 move closecombat\n>p2 switch 4\n>p1 switch 6\n>p2 move yawn\n>p1 move toxic\n>p2 move uturn\n>p2 switch 5\n>p1 switch 6\n>p2 move leechseed\n>p1 move doubleedge\n>p2 move knockoff\n>p1 switch 6\n>p1 move foulplay\n>p2 move leechseed\n>p1 move foulplay\n>p2 move leechseed\n>p1 move foulplay\n>p2 switch 4\n>p1 move roost\n>p2 move thunderbolt\n>p1 move roost\n>p2 move thunderbolt\n>p1 move roost\n>p2 move bodypress\n>p1 move roost\n>p2 move irondefense\n>p1 move defog\n>p2 move thunderbolt\n>p1 move roost\n>p2 move bodypress\n>p1 switch 4\n>p1 move knockoff terastallize\n>p2 move thunderbolt\n>p1 move recover\n>p2 move bodypress", "uploadtime": 1733916510, "views": 3, "formatid": "gen9randombattle", "rating": 1117, "private": 0, "password": null}