{"id": "gen9randombattle-2259776976", "format": "[Gen 9] Random Battle", "players": ["EveryMatchIsRigged", "Miotaru"], "log": "|j|\u2606EveryMatchIsRigged\n|j|\u2606Miotaru\n|t:|1733765666\n|gametype|singles\n|player|p1|EveryMatchIsRigged|acetrainerf|1336\n|player|p2|Miotaru|clerkf|1379\n|teamsize|p1|6\n|teamsize|p2|6\n|gen|9\n|tier|[Gen 9] Random Battle\n|rated|\n|rule|Species Clause: Limit one of each Pok\u00e9mon\n|rule|HP Percentage Mod: HP is shown in percentages\n|rule|Sleep Clause Mod: Limit one foe put to sleep\n|rule|Illusion Level Mod: Illusion disguises the Pok\u00e9mon's true level\n|\n|t:|1733765666\n|start\n|switch|p1a: Slaking|Slaking, L84, M|389/389\n|switch|p2a: Sneasler|Sneasler, L74, F|240/240\n|turn|1\n|inactive|Battle timer is ON: inactive players will automatically lose when time's up. (requested by EveryMatchIsRigged)\n|\n|t:|1733765676\n|-terastallize|p1a: Slaking|Ghost\n|move|p2a: Sneasler|Swords Dance|p2a: Sneasler\n|-boost|p2a: Sneasler|atk|2\n|move|p1a: Slaking|Earthquake|p2a: Sneasler\n|-supereffective|p2a: Sneasler\n|-damage|p2a: Sneasler|0 fnt\n|faint|p2a: Sneasler\n|\n|upkeep\n|\n|t:|1733765687\n|switch|p2a: Mabosstiff|Mabosstiff, L86, M|278/278\n|turn|2\n|\n|t:|1733765694\n|switch|p1a: Granbull|Granbull, L88, M|302/302\n|-ability|p1a: Granbull|Intimidate|boost\n|-unboost|p2a: Mabosstiff|atk|1\n|move|p2a: Mabosstiff|Crunch|p1a: Granbull\n|-resisted|p1a: Granbull\n|-damage|p1a: Granbull|199/302\n|\n|-heal|p1a: Granbull|217/302|[from] item: Leftovers\n|upkeep\n|turn|3\n|\n|t:|1733765703\n|switch|p2a: Iron Crown|Iron Crown, L78|268/268\n|move|p1a: Granbull|Thunder Wave|p2a: Iron Crown\n|-status|p2a: Iron Crown|par\n|\n|-heal|p1a: Granbull|235/302|[from] item: Leftovers\n|upkeep\n|turn|4\n|\n|t:|1733765721\n|move|p1a: Granbull|Earthquake|p2a: Iron Crown\n|-supereffective|p2a: Iron Crown\n|-damage|p2a: Iron Crown|84/268 par\n|move|p2a: Iron Crown|Psyshock|p1a: Granbull\n|-damage|p1a: Granbull|142/302\n|\n|-heal|p1a: Granbull|160/302|[from] item: Leftovers\n|-heal|p2a: Iron Crown|100/268 par|[from] item: Leftovers\n|upkeep\n|turn|5\n|\n|t:|1733765729\n|move|p1a: Granbull|Earthquake|p2a: Iron Crown\n|-supereffective|p2a: Iron Crown\n|-damage|p2a: Iron Crown|0 fnt\n|faint|p2a: Iron Crown\n|-end|p2a: Iron Crown|Quark Drive|[silent]\n|\n|-heal|p1a: Granbull|178/302|[from] item: Leftovers\n|upkeep\n|\n|t:|1733765736\n|switch|p2a: Mabosstiff|Mabosstiff, L86, M|278/278\n|turn|6\n|\n|t:|1733765742\n|switch|p1a: Zarude|Zarude-Dada, L78|292/292\n|move|p2a: Mabosstiff|Psychic Fangs|p1a: Zarude\n|-immune|p1a: Zarude\n|\n|upkeep\n|turn|7\n|\n|t:|1733765776\n|switch|p2a: Chansey|Chansey, L85, F|564/564\n|move|p1a: Zarude|U-turn|p2a: Chansey\n|-damage|p2a: Chansey|438/564\n|\n|t:|1733765783\n|switch|p1a: Slaking|Slaking, L84, M, tera:Ghost|389/389|[from] U-turn\n|\n|upkeep\n|turn|8\n|\n|t:|1733765791\n|move|p1a: Slaking|Double-Edge|p2a: Chansey\n|-damage|p2a: Chansey|0 fnt\n|faint|p2a: Chansey\n|-damage|p1a: Slaking|244/389|[from] Recoil\n|\n|upkeep\n|\n|t:|1733765798\n|switch|p2a: Klawf|Klawf, L90, M|272/272\n|turn|9\n|\n|t:|1733765800\n|switch|p1a: Granbull|Granbull, L88, M|178/302\n|-ability|p1a: Granbull|Intimidate|boost\n|-unboost|p2a: Klawf|atk|1\n|move|p2a: Klawf|Swords Dance|p2a: Klawf\n|-boost|p2a: Klawf|atk|2\n|\n|-heal|p1a: Granbull|196/302|[from] item: Leftovers\n|upkeep\n|turn|10\n|\n|t:|1733765810\n|move|p2a: Klawf|Crabhammer|p1a: Granbull\n|-crit|p1a: Granbull\n|-damage|p1a: Granbull|0 fnt\n|faint|p1a: Granbull\n|\n|upkeep\n|\n|t:|1733765819\n|switch|p1a: Zarude|Zarude-Dada, L78|292/292\n|turn|11\n|\n|t:|1733765829\n|switch|p2a: Mabosstiff|Mabosstiff, L86, M|278/278\n|move|p1a: Zarude|Power Whip|p2a: Mabosstiff\n|-damage|p2a: Mabosstiff|161/278\n|\n|upkeep\n|turn|12\n|inactive|EveryMatchIsRigged has 120 seconds left.\n|\n|t:|1733765864\n|switch|p1a: Arceus|Arceus-Fairy, L69|280/280\n|move|p2a: Mabosstiff|Crunch|p1a: Arceus\n|-resisted|p1a: Arceus\n|-damage|p1a: Arceus|127/280\n|\n|upkeep\n|turn|13\n|\n|t:|1733765875\n|move|p1a: Arceus|Judgment|p2a: Mabosstiff\n|-supereffective|p2a: Mabosstiff\n|-damage|p2a: Mabosstiff|0 fnt\n|faint|p2a: Mabosstiff\n|\n|upkeep\n|\n|t:|1733765878\n|switch|p2a: Delibird|Delibird, M|252/252\n|turn|14\n|\n|t:|1733765883\n|move|p2a: Delibird|Brave Bird|p1a: Arceus\n|-damage|p1a: Arceus|0 fnt\n|faint|p1a: Arceus\n|-damage|p2a: Delibird|210/252|[from] Recoil\n|\n|upkeep\n|\n|t:|1733765889\n|switch|p1a: Plusle|Plusle, L95, M|268/268\n|turn|15\n|\n|t:|1733765893\n|move|p1a: Plusle|Thunderbolt|p2a: Delibird\n|-supereffective|p2a: Delibird\n|-crit|p2a: Delibird\n|-damage|p2a: Delibird|0 fnt\n|faint|p2a: Delibird\n|-damage|p1a: Plusle|242/268|[from] item: Life Orb\n|\n|upkeep\n|\n|t:|1733765895\n|switch|p2a: Klawf|Klawf, L90, M|272/272\n|turn|16\n|\n|t:|1733765901\n|move|p1a: Plusle|Nasty Plot|p1a: Plusle\n|-boost|p1a: Plusle|spa|2\n|move|p2a: Klawf|Swords Dance|p2a: Klawf\n|-boost|p2a: Klawf|atk|2\n|\n|upkeep\n|turn|17\n|\n|t:|1733765909\n|-terastallize|p2a: Klawf|Dark\n|move|p1a: Plusle|Thunderbolt|p2a: Klawf\n|-damage|p2a: Klawf|0 fnt\n|faint|p2a: Klawf\n|-damage|p1a: Plusle|216/268|[from] item: Life Orb\n|\n|win|EveryMatchIsRigged\n|raw|EveryMatchIsRigged's rating: 1336 &rarr; <strong>1358</strong><br />(+22 for winning)\n|raw|Miotaru's rating: 1379 &rarr; <strong>1357</strong><br />(-22 for losing)\n|l|\u2606Miotaru\n|player|p2|\n", "inputlog": ">version bfd83cad13791eb5a5a409923076391caf6fb4d4\n>start {\"formatid\":\"gen9randombattle\",\"seed\":[14941,8308,27502,2148],\"rated\":\"Rated battle\"}\n>player p1 {\"name\":\"EveryMatchIsRigged\",\"avatar\":\"acetrainerf\",\"rating\":1336,\"seed\":[562,60235,62136,6721]}\n>player p2 {\"name\":\"Miotaru\",\"avatar\":\"clerkf\",\"rating\":1379,\"seed\":[40724,9422,32402,27061]}\n>p1 move earthquake terastallize\n>p2 move swordsdance\n>p2 switch 3\n>p1 switch 3\n>p2 move crunch\n>p1 move thunderwave\n>p2 switch 6\n>p1 move earthquake\n>p2 move psyshock\n>p1 move earthquake\n>p2 move psyshock\n>p2 switch 6\n>p1 switch 5\n>p2 move psychicfangs\n>p1 move uturn\n>p2 switch 4\n>p1 switch 3\n>p1 move doubleedge\n>p2 move thunderwave\n>p2 switch 5\n>p1 switch 5\n>p2 move swordsdance\n>p1 move thunderwave\n>p2 move crabhammer\n>p1 switch 3\n>p1 move powerwhip\n>p2 switch 4\n>p1 switch 4\n>p2 move crunch\n>p1 move judgment\n>p2 move crunch\n>p2 switch 2\n>p1 move calmmind\n>p2 move bravebird\n>p1 switch 6\n>p1 move thunderbolt\n>p2 move drillrun\n>p2 switch 4\n>p1 move nastyplot\n>p2 move swordsdance\n>p1 move thunderbolt\n>p2 move knockoff terastallize", "uploadtime": 1733765917, "views": 2, "formatid": "gen9randombattle", "rating": 1357, "private": 0, "password": null}