{"id": "gen9randombattle-2260451348", "format": "[Gen 9] Random Battle", "players": ["Wisesupertaco", "kaikesantos008"], "log": "|j|\u2606Wisesupertaco\n|j|\u2606kaikesantos008\n|t:|1733852891\n|gametype|singles\n|player|p1|Wisesupertaco|aaron|1258\n|player|p2|kaikesantos008|hilbert|1206\n|teamsize|p1|6\n|teamsize|p2|6\n|gen|9\n|tier|[Gen 9] Random Battle\n|rated|\n|rule|Species Clause: Limit one of each Pok\u00e9mon\n|rule|HP Percentage Mod: HP is shown in percentages\n|rule|Sleep Clause Mod: Limit one foe put to sleep\n|rule|Illusion Level Mod: Illusion disguises the Pok\u00e9mon's true level\n|\n|t:|1733852891\n|start\n|switch|p1a: Houndoom|Houndoom, L87, M|272/272\n|switch|p2a: Terapagos|Terapagos, L76, F|262/262\n|-activate|p2a: Terapagos|ability: Tera Shift\n|detailschange|p2a: Terapagos|Terapagos-Terastal, L76, F\n|-heal|p2a: Terapagos|269/269|[silent]\n|turn|1\n|\n|t:|1733852913\n|move|p1a: Houndoom|Dark Pulse|p2a: Terapagos\n|-activate|p2a: Terapagos|ability: Tera Shell\n|-resisted|p2a: Terapagos\n|-damage|p2a: Terapagos|226/269\n|move|p2a: Terapagos|Rapid Spin|p1a: Houndoom\n|-damage|p1a: Houndoom|215/272\n|-boost|p2a: Terapagos|spe|1\n|\n|upkeep\n|turn|2\n|inactive|Battle timer is ON: inactive players will automatically lose when time's up. (requested by kaikesantos008)\n|\n|t:|1733852926\n|move|p2a: Terapagos|Calm Mind|p2a: Terapagos\n|-boost|p2a: Terapagos|spa|1\n|-boost|p2a: Terapagos|spd|1\n|move|p1a: Houndoom|Nasty Plot|p1a: Houndoom\n|-boost|p1a: Houndoom|spa|2\n|\n|upkeep\n|turn|3\n|\n|t:|1733852933\n|-terastallize|p1a: Houndoom|Dark\n|move|p2a: Terapagos|Tera Starstorm|p1a: Houndoom\n|-damage|p1a: Houndoom|43/272\n|move|p1a: Houndoom|Dark Pulse|p2a: Terapagos\n|-damage|p2a: Terapagos|74/269\n|\n|upkeep\n|turn|4\n|\n|t:|1733852943\n|-terastallize|p2a: Terapagos|Stellar\n|detailschange|p2a: Terapagos|Terapagos-Stellar, L76, F, tera:Stellar\n|-heal|p2a: Terapagos|173/368|[silent]\n|move|p2a: Terapagos|Tera Starstorm|p1a: Houndoom\n|-supereffective|p1a: Houndoom\n|-damage|p1a: Houndoom|0 fnt\n|faint|p1a: Houndoom\n|\n|upkeep\n|\n|t:|1733852964\n|switch|p1a: Volbeat|Volbeat, L90, M|263/263\n|turn|5\n|\n|t:|1733852971\n|move|p1a: Volbeat|Thunder Wave|p2a: Terapagos\n|-status|p2a: Terapagos|par\n|cant|p2a: Terapagos|par\n|\n|upkeep\n|turn|6\n|\n|t:|1733852978\n|move|p1a: Volbeat|Lunge|p2a: Terapagos\n|-damage|p2a: Terapagos|97/368 par\n|-unboost|p2a: Terapagos|atk|1\n|cant|p2a: Terapagos|par\n|\n|upkeep\n|turn|7\n|\n|t:|1733852984\n|move|p1a: Volbeat|Lunge|p2a: Terapagos\n|-crit|p2a: Terapagos\n|-damage|p2a: Terapagos|0 fnt\n|faint|p2a: Terapagos\n|\n|upkeep\n|\n|t:|1733853011\n|switch|p2a: Wigglytuff|Wigglytuff, L96, M|424/424\n|turn|8\n|\n|t:|1733853015\n|move|p1a: Volbeat|Thunder Wave|p2a: Wigglytuff\n|-status|p2a: Wigglytuff|par\n|move|p2a: Wigglytuff|Thunder Wave|p1a: Volbeat\n|-status|p1a: Volbeat|par\n|\n|upkeep\n|turn|9\n|\n|t:|1733853023\n|move|p1a: Volbeat|Encore|p2a: Wigglytuff\n|-start|p2a: Wigglytuff|Encore\n|move|p2a: Wigglytuff|Thunder Wave|p1a: Volbeat\n|-fail|p1a: Volbeat|par\n|\n|upkeep\n|turn|10\n|\n|t:|1733853030\n|switch|p1a: Ampharos|Ampharos, L88, M|302/302\n|switch|p2a: Luxray|Luxray, L88, F|283/283\n|\n|-status|p2a: Luxray|brn|[from] item: Flame Orb\n|upkeep\n|turn|11\n|\n|t:|1733853045\n|move|p2a: Luxray|Throat Chop|p1a: Ampharos\n|-damage|p1a: Ampharos|202/302\n|-start|p1a: Ampharos|Throat Chop|[silent]\n|move|p1a: Ampharos|Dragon Tail|p2a: Luxray\n|-damage|p2a: Luxray|240/283 brn\n|drag|p2a: Eiscue|Eiscue, L88, F|274/274\n|\n|upkeep\n|turn|12\n|\n|t:|1733853055\n|move|p1a: Ampharos|Discharge|p2a: Eiscue\n|-damage|p2a: Eiscue|178/274\n|-status|p2a: Eiscue|par\n|move|p2a: Eiscue|Belly Drum|p2a: Eiscue\n|-damage|p2a: Eiscue|41/274 par\n|-setboost|p2a: Eiscue|atk|6|[from] move: Belly Drum\n|-enditem|p2a: Eiscue|Sitrus Berry|[eat]\n|-heal|p2a: Eiscue|109/274 par|[from] item: Sitrus Berry\n|\n|-end|p1a: Ampharos|Throat Chop|[silent]\n|upkeep\n|turn|13\n|\n|t:|1733853067\n|move|p2a: Eiscue|Ice Spinner|p1a: Ampharos\n|-damage|p1a: Ampharos|0 fnt\n|faint|p1a: Ampharos\n|\n|upkeep\n|\n|t:|1733853076\n|switch|p1a: Torkoal|Torkoal, L88, M|266/266\n|-weather|SunnyDay|[from] ability: Drought|[of] p1a: Torkoal\n|turn|14\n|\n|t:|1733853087\n|move|p1a: Torkoal|Lava Plume|p2a: Eiscue\n|-supereffective|p2a: Eiscue\n|-damage|p2a: Eiscue|0 fnt\n|faint|p2a: Eiscue\n|\n|-weather|SunnyDay|[upkeep]\n|upkeep\n|\n|t:|1733853096\n|switch|p2a: Wigglytuff|Wigglytuff, L96, M|424/424 par\n|turn|15\n|\n|t:|1733853108\n|move|p1a: Torkoal|Rapid Spin|p2a: Wigglytuff\n|-damage|p2a: Wigglytuff|379/424 par\n|-boost|p1a: Torkoal|spe|1\n|move|p2a: Wigglytuff|Dazzling Gleam|p1a: Torkoal\n|-resisted|p1a: Torkoal\n|-damage|p1a: Torkoal|209/266\n|\n|-weather|SunnyDay|[upkeep]\n|-heal|p2a: Wigglytuff|405/424 par|[from] item: Leftovers\n|upkeep\n|turn|16\n|\n|t:|1733853115\n|move|p1a: Torkoal|Solar Beam||[still]\n|-prepare|p1a: Torkoal|Solar Beam\n|-anim|p1a: Torkoal|Solar Beam|p2a: Wigglytuff\n|-damage|p2a: Wigglytuff|287/424 par\n|move|p2a: Wigglytuff|Thunder Wave|p1a: Torkoal\n|-status|p1a: Torkoal|par\n|\n|-weather|SunnyDay|[upkeep]\n|-heal|p2a: Wigglytuff|313/424 par|[from] item: Leftovers\n|upkeep\n|turn|17\n|\n|t:|1733853125\n|move|p2a: Wigglytuff|Wish|p2a: Wigglytuff\n|cant|p1a: Torkoal|par\n|\n|-weather|SunnyDay|[upkeep]\n|-heal|p2a: Wigglytuff|339/424 par|[from] item: Leftovers\n|upkeep\n|turn|18\n|\n|t:|1733853132\n|move|p2a: Wigglytuff|Dazzling Gleam|p1a: Torkoal\n|-resisted|p1a: Torkoal\n|-damage|p1a: Torkoal|157/266 par\n|move|p1a: Torkoal|Stealth Rock|p2a: Wigglytuff\n|-sidestart|p2: kaikesantos008|move: Stealth Rock\n|\n|-weather|none\n|-heal|p2a: Wigglytuff|424/424 par|[from] move: Wish|[wisher] Wigglytuff\n|upkeep\n|turn|19\n|\n|t:|1733853141\n|move|p2a: Wigglytuff|Dazzling Gleam|p1a: Torkoal\n|-resisted|p1a: Torkoal\n|-damage|p1a: Torkoal|105/266 par\n|move|p1a: Torkoal|Rapid Spin|p2a: Wigglytuff\n|-damage|p2a: Wigglytuff|371/424 par\n|-boost|p1a: Torkoal|spe|1\n|\n|-heal|p2a: Wigglytuff|397/424 par|[from] item: Leftovers\n|upkeep\n|turn|20\n|\n|t:|1733853151\n|cant|p1a: Torkoal|par\n|cant|p2a: Wigglytuff|par\n|\n|-heal|p2a: Wigglytuff|423/424 par|[from] item: Leftovers\n|upkeep\n|turn|21\n|\n|t:|1733853158\n|switch|p2a: Luxray|Luxray, L88, F|240/283 brn\n|-damage|p2a: Luxray|205/283 brn|[from] Stealth Rock\n|move|p1a: Torkoal|Rapid Spin|p2a: Luxray\n|-damage|p2a: Luxray|165/283 brn\n|-boost|p1a: Torkoal|spe|1\n|\n|-damage|p2a: Luxray|148/283 brn|[from] brn\n|upkeep\n|turn|22\n|\n|t:|1733853163\n|switch|p2a: Wigglytuff|Wigglytuff, L96, M|423/424 par\n|-damage|p2a: Wigglytuff|370/424 par|[from] Stealth Rock\n|move|p1a: Torkoal|Lava Plume|p2a: Wigglytuff\n|-damage|p2a: Wigglytuff|267/424 par\n|\n|-heal|p2a: Wigglytuff|293/424 par|[from] item: Leftovers\n|upkeep\n|turn|23\n|\n|t:|1733853175\n|move|p1a: Torkoal|Lava Plume|p2a: Wigglytuff\n|-damage|p2a: Wigglytuff|188/424 par\n|move|p2a: Wigglytuff|Dazzling Gleam|p1a: Torkoal\n|-resisted|p1a: Torkoal\n|-damage|p1a: Torkoal|47/266 par\n|\n|-heal|p2a: Wigglytuff|214/424 par|[from] item: Leftovers\n|upkeep\n|turn|24\n|\n|t:|1733853185\n|move|p1a: Torkoal|Lava Plume|p2a: Wigglytuff\n|-damage|p2a: Wigglytuff|100/424 par\n|move|p2a: Wigglytuff|Dazzling Gleam|p1a: Torkoal\n|-resisted|p1a: Torkoal\n|-damage|p1a: Torkoal|0 fnt\n|faint|p1a: Torkoal\n|\n|-heal|p2a: Wigglytuff|126/424 par|[from] item: Leftovers\n|upkeep\n|\n|t:|1733853190\n|switch|p1a: Darkrai|Darkrai, L77|234/234\n|turn|25\n|\n|t:|1733853197\n|switch|p1a: Volbeat|Volbeat, L90, M|263/263 par\n|move|p2a: Wigglytuff|Dazzling Gleam|p1a: Volbeat\n|-damage|p1a: Volbeat|167/263 par\n|\n|-heal|p2a: Wigglytuff|152/424 par|[from] item: Leftovers\n|upkeep\n|turn|26\n|\n|t:|1733853206\n|move|p1a: Volbeat|Lunge|p2a: Wigglytuff\n|-resisted|p2a: Wigglytuff\n|-damage|p2a: Wigglytuff|96/424 par\n|-unboost|p2a: Wigglytuff|atk|1\n|-ability|p2a: Wigglytuff|Competitive|boost\n|-boost|p2a: Wigglytuff|spa|2\n|move|p2a: Wigglytuff|Wish|p2a: Wigglytuff\n|\n|-heal|p2a: Wigglytuff|122/424 par|[from] item: Leftovers\n|upkeep\n|turn|27\n|\n|t:|1733853215\n|cant|p1a: Volbeat|par\n|cant|p2a: Wigglytuff|par\n|\n|-heal|p2a: Wigglytuff|334/424 par|[from] move: Wish|[wisher] Wigglytuff\n|-heal|p2a: Wigglytuff|360/424 par|[from] item: Leftovers\n|upkeep\n|turn|28\n|\n|t:|1733853224\n|move|p1a: Volbeat|Encore|p2a: Wigglytuff\n|-start|p2a: Wigglytuff|Encore\n|move|p2a: Wigglytuff|Wish|p2a: Wigglytuff\n|\n|-heal|p2a: Wigglytuff|386/424 par|[from] item: Leftovers\n|upkeep\n|turn|29\n|\n|t:|1733853231\n|switch|p1a: Darkrai|Darkrai, L77|234/234\n|move|p2a: Wigglytuff|Wish||[still]\n|-fail|p2a: Wigglytuff\n|\n|-heal|p2a: Wigglytuff|424/424 par|[from] move: Wish|[wisher] Wigglytuff\n|upkeep\n|turn|30\n|\n|t:|1733853239\n|move|p1a: Darkrai|Substitute|p1a: Darkrai\n|-start|p1a: Darkrai|Substitute\n|-damage|p1a: Darkrai|176/234\n|move|p2a: Wigglytuff|Wish|p2a: Wigglytuff\n|\n|-heal|p1a: Darkrai|190/234|[from] item: Leftovers\n|-end|p2a: Wigglytuff|Encore\n|upkeep\n|turn|31\n|\n|t:|1733853247\n|move|p1a: Darkrai|Nasty Plot|p1a: Darkrai\n|-boost|p1a: Darkrai|spa|2\n|cant|p2a: Wigglytuff|par\n|\n|-heal|p1a: Darkrai|204/234|[from] item: Leftovers\n|upkeep\n|turn|32\n|l|\u2606Wisesupertaco\n|inactive|Wisesupertaco disconnected and has a minute to reconnect!\n|player|p1|\n|inactive|Wisesupertaco has 30 seconds to reconnect!\n|inactive|Wisesupertaco has 20 seconds to reconnect!\n|inactive|Wisesupertaco has 15 seconds to reconnect!\n|inactive|Wisesupertaco has 10 seconds to reconnect!\n|inactive|Wisesupertaco has 5 seconds to reconnect!\n|-message|Wisesupertaco lost due to inactivity.\n|\n|win|kaikesantos008\n|raw|Wisesupertaco's rating: 1258 &rarr; <strong>1229</strong><br />(-29 for losing)\n|raw|kaikesantos008's rating: 1206 &rarr; <strong>1235</strong><br />(+29 for winning)\n|j|\u2606Wisesupertaco\n|player|p1|Wisesupertaco|aaron|\n", "inputlog": ">version bfd83cad13791eb5a5a409923076391caf6fb4d4\n>start {\"formatid\":\"gen9randombattle\",\"seed\":[2079,18636,3264,54225],\"rated\":\"Rated battle\"}\n>player p1 {\"name\":\"Wisesupertaco\",\"avatar\":\"aaron\",\"rating\":1258,\"seed\":[24110,22991,12740,29392]}\n>player p2 {\"name\":\"kaikesantos008\",\"avatar\":\"hilbert\",\"rating\":1206,\"seed\":[51481,117,54908,31603]}\n>p1 move darkpulse\n>p2 move rapidspin\n>p1 move nastyplot\n>p2 move calmmind\n>p1 move darkpulse terastallize\n>p2 move terastarstorm\n>p1 move darkpulse\n>p2 move terastarstorm terastallize\n>p1 switch 6\n>p1 move thunderwave\n>p2 move terastarstorm\n>p1 move lunge\n>p2 move rapidspin\n>p1 move lunge\n>p2 move terastarstorm\n>p2 switch 3\n>p1 move thunderwave\n>p2 move thunderwave\n>p1 move encore\n>p2 move wish\n>p1 switch 3\n>p2 switch 6\n>p1 move dragontail\n>p2 move throatchop\n>p1 move discharge\n>p2 move bellydrum\n>p1 move dragontail\n>p2 move icespinner\n>p1 switch 5\n>p1 move lavaplume\n>p2 move liquidation\n>p2 switch 6\n>p1 move rapidspin\n>p2 move dazzlinggleam\n>p1 move solarbeam\n>p2 move thunderwave\n>p1 move stealthrock\n>p2 move wish\n>p1 move stealthrock\n>p2 move dazzlinggleam\n>p1 move rapidspin\n>p2 move dazzlinggleam\n>p1 move rapidspin\n>p2 move dazzlinggleam\n>p1 move rapidspin\n>p2 switch 4\n>p1 move lavaplume\n>p2 switch 4\n>p1 move lavaplume\n>p2 move dazzlinggleam\n>p1 move lavaplume\n>p2 move dazzlinggleam\n>p1 switch 4\n>p1 switch 3\n>p2 move dazzlinggleam\n>p1 move lunge\n>p2 move wish\n>p1 move encore\n>p2 move dazzlinggleam\n>p1 move encore\n>p2 move dazzlinggleam\n>p1 switch 3\n>p2 move wish\n>p1 move substitute\n>p2 move wish\n>p1 move nastyplot\n>p2 move dazzlinggleam\n>forcelose p1", "uploadtime": 1733853406, "views": 1, "formatid": "gen9randombattle", "rating": 1229, "private": 0, "password": null}