{"id": "gen9randombattle-2151135902", "format": "[Gen 9] Random Battle", "players": ["Vitoran", "stareal"], "log": "|badge|p1|silver|gen9randombattle|30-1\n|html|<div class=\"broadcast-red\"><strong>This battle is required to be public due to one or more player having a season medal.</strong><br />During the public phase, you can discuss the state of the ladder <a href=\"/seasondiscussion\">in a special chatroom.</a></div>\n|uhtml|medal-msg|<div class=\"broadcast-blue\">Curious what those medals under the avatar are? PS now has Ladder Seasons! For more information, check out the <a href=\"https://www.smogon.com/forums/threads/3740067/\">thread on Smogon.</a></div>\n|badge|p2|bronze|gen9randombattle|100-1\n|uhtml|medal-msg|<div class=\"broadcast-blue\">Curious what those medals under the avatar are? PS now has Ladder Seasons! For more information, check out the <a href=\"https://www.smogon.com/forums/threads/3740067/\">thread on Smogon.</a></div>\n|raw|<div class=\"broadcast-blue\"><strong>This battle is required to be public due to a player having a name starting with 'medal'.</div>\n|j|\u2606Vitoran\n|j|\u2606stareal\n|t:|1719513339\n|gametype|singles\n|player|p1|Vitoran|nemona-v|2426\n|player|p2|stareal|#psplxtournaments|2334\n|teamsize|p1|6\n|teamsize|p2|6\n|gen|9\n|tier|[Gen 9] Random Battle\n|rated|\n|rule|Species Clause: Limit one of each Pok\u00e9mon\n|rule|HP Percentage Mod: HP is shown in percentages\n|rule|Sleep Clause Mod: Limit one foe put to sleep\n|rule|Illusion Level Mod: Illusion disguises the Pok\u00e9mon's true level\n|\n|t:|1719513339\n|start\n|switch|p1a: Iron Valiant|Iron Valiant, L79|247/247\n|switch|p2a: Luxray|Luxray, L88, F|284/284\n|-ability|p2a: Luxray|Intimidate|boost\n|-unboost|p1a: Iron Valiant|atk|1\n|turn|1\n|inactive|Battle timer is ON: inactive players will automatically lose when time's up. (requested by stareal)\n|inactive|Vitoran also wants the timer to be on.\n|c|\u2606Vitoran|glhf\n|c|\u2606stareal|hf\n|\n|t:|1719513367\n|-end|p1a: Iron Valiant|Quark Drive|[silent]\n|switch|p1a: Vileplume|Vileplume, L86, M|269/269\n|move|p2a: Luxray|Volt Switch|p1a: Vileplume\n|-resisted|p1a: Vileplume\n|-damage|p1a: Vileplume|231/269\n|\n|t:|1719513385\n|switch|p2a: Mamoswine|Mamoswine, L81, F|311/311|[from] Volt Switch\n|\n|-heal|p1a: Vileplume|247/269|[from] item: Leftovers\n|upkeep\n|turn|2\n|inactive|Vitoran has 120 seconds left.\n|\n|t:|1719513440\n|switch|p1a: Grumpig|Grumpig, L92, M|297/297\n|move|p2a: Mamoswine|Earthquake|p1a: Grumpig\n|-damage|p1a: Grumpig|77/297\n|\n|-heal|p1a: Grumpig|95/297|[from] item: Leftovers\n|upkeep\n|turn|3\n|j| Medasus\n|j| paysa\n|inactive|stareal has 120 seconds left.\n|\n|t:|1719513461\n|switch|p1a: Gogoat|Gogoat, L88, M|360/360\n|move|p2a: Mamoswine|Earthquake|p1a: Gogoat\n|-resisted|p1a: Gogoat\n|-damage|p1a: Gogoat|250/360\n|\n|-heal|p1a: Gogoat|272/360|[from] item: Leftovers\n|upkeep\n|turn|4\n|\n|t:|1719513467\n|switch|p2a: Appletun|Appletun, L92, F|352/352\n|move|p1a: Gogoat|Bulk Up|p1a: Gogoat\n|-boost|p1a: Gogoat|atk|1\n|-boost|p1a: Gogoat|def|1\n|\n|-heal|p1a: Gogoat|294/360|[from] item: Leftovers\n|upkeep\n|turn|5\n|l| Medasus\n|\n|t:|1719513476\n|move|p1a: Gogoat|Bulk Up|p1a: Gogoat\n|-boost|p1a: Gogoat|atk|1\n|-boost|p1a: Gogoat|def|1\n|move|p2a: Appletun|Dragon Pulse|p1a: Gogoat\n|-damage|p1a: Gogoat|186/360\n|\n|-heal|p1a: Gogoat|208/360|[from] item: Leftovers\n|upkeep\n|turn|6\n|\n|t:|1719513481\n|switch|p2a: Gengar|Gengar, L81, F|230/230\n|move|p1a: Gogoat|Bulk Up|p1a: Gogoat\n|-boost|p1a: Gogoat|atk|1\n|-boost|p1a: Gogoat|def|1\n|\n|-heal|p1a: Gogoat|230/360|[from] item: Leftovers\n|upkeep\n|turn|7\n|inactive|Vitoran has 120 seconds left.\n|\n|t:|1719513511\n|-terastallize|p1a: Gogoat|Ground\n|move|p2a: Gengar|Sludge Wave|p1a: Gogoat\n|-resisted|p1a: Gogoat\n|-damage|p1a: Gogoat|136/360\n|-status|p1a: Gogoat|psn\n|move|p1a: Gogoat|Milk Drink|p1a: Gogoat\n|-heal|p1a: Gogoat|316/360 psn\n|\n|-heal|p1a: Gogoat|338/360 psn|[from] item: Leftovers\n|-damage|p1a: Gogoat|293/360 psn|[from] psn\n|upkeep\n|turn|8\n|\n|t:|1719513526\n|switch|p2a: Appletun|Appletun, L92, F|352/352\n|move|p1a: Gogoat|Bulk Up|p1a: Gogoat\n|-boost|p1a: Gogoat|atk|1\n|-boost|p1a: Gogoat|def|1\n|\n|-heal|p1a: Gogoat|315/360 psn|[from] item: Leftovers\n|-damage|p1a: Gogoat|270/360 psn|[from] psn\n|upkeep\n|turn|9\n|\n|t:|1719513546\n|move|p1a: Gogoat|Bulk Up|p1a: Gogoat\n|-boost|p1a: Gogoat|atk|1\n|-boost|p1a: Gogoat|def|1\n|move|p2a: Appletun|Dragon Pulse|p1a: Gogoat\n|-damage|p1a: Gogoat|159/360 psn\n|\n|-heal|p1a: Gogoat|181/360 psn|[from] item: Leftovers\n|-damage|p1a: Gogoat|136/360 psn|[from] psn\n|upkeep\n|turn|10\n|\n|t:|1719513559\n|move|p1a: Gogoat|Milk Drink|p1a: Gogoat\n|-heal|p1a: Gogoat|316/360 psn\n|move|p2a: Appletun|Dragon Pulse|p1a: Gogoat\n|-damage|p1a: Gogoat|211/360 psn\n|\n|-heal|p1a: Gogoat|233/360 psn|[from] item: Leftovers\n|-damage|p1a: Gogoat|188/360 psn|[from] psn\n|upkeep\n|turn|11\n|\n|t:|1719513564\n|move|p1a: Gogoat|Milk Drink|p1a: Gogoat\n|-heal|p1a: Gogoat|360/360 psn\n|move|p2a: Appletun|Dragon Pulse|p1a: Gogoat\n|-damage|p1a: Gogoat|254/360 psn\n|\n|-heal|p1a: Gogoat|276/360 psn|[from] item: Leftovers\n|-damage|p1a: Gogoat|231/360 psn|[from] psn\n|upkeep\n|turn|12\n|\n|t:|1719513568\n|move|p1a: Gogoat|Earthquake|p2a: Appletun\n|-resisted|p2a: Appletun\n|-damage|p2a: Appletun|163/352\n|move|p2a: Appletun|Recover|p2a: Appletun\n|-heal|p2a: Appletun|339/352\n|\n|-heal|p1a: Gogoat|253/360 psn|[from] item: Leftovers\n|-heal|p2a: Appletun|352/352|[from] item: Leftovers\n|-damage|p1a: Gogoat|208/360 psn|[from] psn\n|upkeep\n|turn|13\n|\n|t:|1719513573\n|move|p1a: Gogoat|Bulk Up|p1a: Gogoat\n|-boost|p1a: Gogoat|atk|1\n|-boost|p1a: Gogoat|def|1\n|move|p2a: Appletun|Dragon Pulse|p1a: Gogoat\n|-damage|p1a: Gogoat|94/360 psn\n|\n|-heal|p1a: Gogoat|116/360 psn|[from] item: Leftovers\n|-damage|p1a: Gogoat|71/360 psn|[from] psn\n|upkeep\n|turn|14\n|\n|t:|1719513580\n|move|p1a: Gogoat|Milk Drink|p1a: Gogoat\n|-heal|p1a: Gogoat|251/360 psn\n|move|p2a: Appletun|Dragon Pulse|p1a: Gogoat\n|-damage|p1a: Gogoat|137/360 psn\n|\n|-heal|p1a: Gogoat|159/360 psn|[from] item: Leftovers\n|-damage|p1a: Gogoat|114/360 psn|[from] psn\n|upkeep\n|turn|15\n|\n|t:|1719513584\n|move|p1a: Gogoat|Milk Drink|p1a: Gogoat\n|-heal|p1a: Gogoat|294/360 psn\n|move|p2a: Appletun|Dragon Pulse|p1a: Gogoat\n|-damage|p1a: Gogoat|191/360 psn\n|\n|-heal|p1a: Gogoat|213/360 psn|[from] item: Leftovers\n|-damage|p1a: Gogoat|168/360 psn|[from] psn\n|upkeep\n|turn|16\n|\n|t:|1719513589\n|move|p1a: Gogoat|Milk Drink|p1a: Gogoat\n|-heal|p1a: Gogoat|348/360 psn\n|move|p2a: Appletun|Dragon Pulse|p1a: Gogoat\n|-damage|p1a: Gogoat|236/360 psn\n|\n|-heal|p1a: Gogoat|258/360 psn|[from] item: Leftovers\n|-damage|p1a: Gogoat|213/360 psn|[from] psn\n|upkeep\n|turn|17\n|\n|t:|1719513593\n|move|p1a: Gogoat|Horn Leech|p2a: Appletun\n|-resisted|p2a: Appletun\n|-damage|p2a: Appletun|261/352\n|-heal|p1a: Gogoat|259/360 psn|[from] drain|[of] p2a: Appletun\n|move|p2a: Appletun|Dragon Pulse|p1a: Gogoat\n|-damage|p1a: Gogoat|157/360 psn\n|\n|-heal|p1a: Gogoat|179/360 psn|[from] item: Leftovers\n|-heal|p2a: Appletun|283/352|[from] item: Leftovers\n|-damage|p1a: Gogoat|134/360 psn|[from] psn\n|upkeep\n|turn|18\n|\n|t:|1719513597\n|move|p1a: Gogoat|Milk Drink|p1a: Gogoat\n|-heal|p1a: Gogoat|314/360 psn\n|move|p2a: Appletun|Dragon Pulse|p1a: Gogoat\n|-damage|p1a: Gogoat|208/360 psn\n|\n|-heal|p1a: Gogoat|230/360 psn|[from] item: Leftovers\n|-heal|p2a: Appletun|305/352|[from] item: Leftovers\n|-damage|p1a: Gogoat|185/360 psn|[from] psn\n|upkeep\n|turn|19\n|\n|t:|1719513599\n|move|p1a: Gogoat|Earthquake|p2a: Appletun\n|-resisted|p2a: Appletun\n|-damage|p2a: Appletun|71/352\n|move|p2a: Appletun|Dragon Pulse|p1a: Gogoat\n|-damage|p1a: Gogoat|79/360 psn\n|\n|-heal|p1a: Gogoat|101/360 psn|[from] item: Leftovers\n|-heal|p2a: Appletun|93/352|[from] item: Leftovers\n|-damage|p1a: Gogoat|56/360 psn|[from] psn\n|upkeep\n|turn|20\n|\n|t:|1719513606\n|move|p1a: Gogoat|Milk Drink|p1a: Gogoat\n|-heal|p1a: Gogoat|236/360 psn\n|move|p2a: Appletun|Dragon Pulse|p1a: Gogoat\n|-damage|p1a: Gogoat|116/360 psn\n|\n|-heal|p1a: Gogoat|138/360 psn|[from] item: Leftovers\n|-heal|p2a: Appletun|115/352|[from] item: Leftovers\n|-damage|p1a: Gogoat|93/360 psn|[from] psn\n|upkeep\n|turn|21\n|\n|t:|1719513609\n|move|p1a: Gogoat|Earthquake|p2a: Appletun\n|-resisted|p2a: Appletun\n|-damage|p2a: Appletun|0 fnt\n|faint|p2a: Appletun\n|\n|-heal|p1a: Gogoat|115/360 psn|[from] item: Leftovers\n|-damage|p1a: Gogoat|70/360 psn|[from] psn\n|upkeep\n|\n|t:|1719513625\n|switch|p2a: Gengar|Gengar, L81, F|230/230\n|turn|22\n|c|\u2606Vitoran|guess the mu doesnt look too fair if you dont get that 10%\n|\n|t:|1719513636\n|move|p2a: Gengar|Sludge Wave|p1a: Gogoat\n|-resisted|p1a: Gogoat\n|-damage|p1a: Gogoat|0 fnt\n|faint|p1a: Gogoat\n|\n|upkeep\n|c|\u2606stareal|i was fine\n|c|\u2606Vitoran|in that case i take it back, bad 10 % >:(\n|inactive|Vitoran has 120 seconds left.\n|\n|t:|1719513673\n|switch|p1a: Iron Valiant|Iron Valiant, L79|247/247\n|turn|23\n|\n|t:|1719513685\n|switch|p2a: Luxray|Luxray, L88, F|284/284\n|-ability|p2a: Luxray|Intimidate|boost\n|-unboost|p1a: Iron Valiant|atk|1\n|move|p1a: Iron Valiant|Knock Off|p2a: Luxray\n|-damage|p2a: Luxray|214/284\n|-enditem|p2a: Luxray|Assault Vest|[from] move: Knock Off|[of] p1a: Iron Valiant\n|-damage|p1a: Iron Valiant|223/247|[from] item: Life Orb\n|\n|upkeep\n|turn|24\n|inactive|Vitoran has 120 seconds left.\n|\n|t:|1719513697\n|-end|p1a: Iron Valiant|Quark Drive|[silent]\n|switch|p1a: Vileplume|Vileplume, L86, M|247/269\n|move|p2a: Luxray|Volt Switch|p1a: Vileplume\n|-resisted|p1a: Vileplume\n|-damage|p1a: Vileplume|211/269\n|\n|t:|1719513709\n|switch|p2a: Mamoswine|Mamoswine, L81, F|311/311|[from] Volt Switch\n|\n|-heal|p1a: Vileplume|227/269|[from] item: Leftovers\n|upkeep\n|turn|25\n|\n|t:|1719513716\n|switch|p1a: Grumpig|Grumpig, L92, M|95/297\n|move|p2a: Mamoswine|Icicle Crash|p1a: Grumpig\n|-damage|p1a: Grumpig|0 fnt\n|faint|p1a: Grumpig\n|\n|upkeep\n|\n|t:|1719513724\n|switch|p1a: Iron Valiant|Iron Valiant, L79|223/247\n|turn|26\n|\n|t:|1719513733\n|switch|p2a: Luxray|Luxray, L88, F|214/284\n|-ability|p2a: Luxray|Intimidate|boost\n|-unboost|p1a: Iron Valiant|atk|1\n|move|p1a: Iron Valiant|Close Combat|p2a: Luxray\n|-damage|p2a: Luxray|85/284\n|-unboost|p1a: Iron Valiant|def|1\n|-unboost|p1a: Iron Valiant|spd|1\n|-damage|p1a: Iron Valiant|199/247|[from] item: Life Orb\n|\n|upkeep\n|turn|27\n|\n|t:|1719513740\n|move|p1a: Iron Valiant|Close Combat|p2a: Luxray\n|-damage|p2a: Luxray|0 fnt\n|-unboost|p1a: Iron Valiant|def|1\n|-unboost|p1a: Iron Valiant|spd|1\n|faint|p2a: Luxray\n|-damage|p1a: Iron Valiant|175/247|[from] item: Life Orb\n|\n|upkeep\n|\n|t:|1719513744\n|switch|p2a: Gengar|Gengar, L81, F|230/230\n|turn|28\n|\n|t:|1719513754\n|-end|p1a: Iron Valiant|Quark Drive|[silent]\n|switch|p1a: Archaludon|Archaludon, L78, M|268/268\n|move|p2a: Gengar|Sludge Wave|p1a: Archaludon\n|-immune|p1a: Archaludon\n|\n|upkeep\n|turn|29\n|inactive|stareal has 120 seconds left.\n|\n|t:|1719513789\n|switch|p2a: Sandy Shocks|Sandy Shocks, L80|267/267\n|move|p1a: Archaludon|Flash Cannon|p2a: Sandy Shocks\n|-resisted|p2a: Sandy Shocks\n|-damage|p2a: Sandy Shocks|219/267\n|\n|-heal|p2a: Sandy Shocks|235/267|[from] item: Leftovers\n|upkeep\n|turn|30\n|inactive|stareal has 120 seconds left.\n|\n|t:|1719513810\n|switch|p1a: Vileplume|Vileplume, L86, M|227/269\n|move|p2a: Sandy Shocks|Thunder Wave|p1a: Vileplume\n|-status|p1a: Vileplume|par\n|\n|-heal|p2a: Sandy Shocks|251/267|[from] item: Leftovers\n|-heal|p1a: Vileplume|243/269 par|[from] item: Leftovers\n|upkeep\n|turn|31\n|\n|t:|1719513818\n|move|p2a: Sandy Shocks|Spikes|p1a: Vileplume\n|-sidestart|p1: Vitoran|Spikes\n|move|p1a: Vileplume|Sleep Powder|p2a: Sandy Shocks\n|-status|p2a: Sandy Shocks|slp|[from] move: Sleep Powder\n|\n|-heal|p2a: Sandy Shocks|267/267 slp|[from] item: Leftovers\n|-heal|p1a: Vileplume|259/269 par|[from] item: Leftovers\n|upkeep\n|turn|32\n|\n|t:|1719513835\n|-end|p2a: Sandy Shocks|Protosynthesis|[silent]\n|switch|p2a: Gengar|Gengar, L81, F|230/230\n|move|p1a: Vileplume|Giga Drain|p2a: Gengar\n|-resisted|p2a: Gengar\n|-crit|p2a: Gengar\n|-damage|p2a: Gengar|146/230\n|-heal|p1a: Vileplume|269/269 par|[from] drain|[of] p2a: Gengar\n|\n|upkeep\n|turn|33\n|inactive|stareal has 120 seconds left.\n|\n|t:|1719513862\n|move|p2a: Gengar|Shadow Ball|p1a: Vileplume\n|-damage|p1a: Vileplume|125/269 par\n|move|p1a: Vileplume|Giga Drain|p2a: Gengar\n|-resisted|p2a: Gengar\n|-damage|p2a: Gengar|95/230\n|-heal|p1a: Vileplume|151/269 par|[from] drain|[of] p2a: Gengar\n|\n|-heal|p1a: Vileplume|167/269 par|[from] item: Leftovers\n|upkeep\n|turn|34\n|\n|t:|1719513867\n|switch|p1a: Girafarig|Girafarig, L89, M|269/269\n|-damage|p1a: Girafarig|236/269|[from] Spikes\n|move|p2a: Gengar|Shadow Ball|p1a: Girafarig\n|-immune|p1a: Girafarig\n|\n|upkeep\n|turn|35\n|\n|t:|1719513880\n|switch|p2a: Mamoswine|Mamoswine, L81, F|311/311\n|move|p1a: Girafarig|Nasty Plot|p1a: Girafarig\n|-boost|p1a: Girafarig|spa|2\n|\n|upkeep\n|turn|36\n|\n|t:|1719513887\n|move|p1a: Girafarig|Psyshock|p2a: Mamoswine\n|-damage|p2a: Mamoswine|115/311\n|move|p2a: Mamoswine|Knock Off|p1a: Girafarig\n|-supereffective|p1a: Girafarig\n|-damage|p1a: Girafarig|56/269\n|-enditem|p1a: Girafarig|Eviolite|[from] move: Knock Off|[of] p2a: Mamoswine\n|\n|upkeep\n|turn|37\n|inactive|stareal has 120 seconds left.\n|\n|t:|1719513897\n|move|p1a: Girafarig|Psyshock|p2a: Mamoswine\n|-damage|p2a: Mamoswine|0 fnt\n|faint|p2a: Mamoswine\n|\n|upkeep\n|\n|t:|1719513900\n|switch|p2a: Gengar|Gengar, L81, F|95/230\n|turn|38\n|\n|t:|1719513905\n|move|p2a: Gengar|Sludge Wave|p1a: Girafarig\n|-damage|p1a: Girafarig|0 fnt\n|faint|p1a: Girafarig\n|\n|upkeep\n|\n|t:|1719513909\n|switch|p1a: Iron Valiant|Iron Valiant, L79|175/247\n|-damage|p1a: Iron Valiant|145/247|[from] Spikes\n|turn|39\n|\n|t:|1719513919\n|-terastallize|p2a: Gengar|Fighting\n|move|p1a: Iron Valiant|Knock Off|p2a: Gengar\n|-resisted|p2a: Gengar\n|-damage|p2a: Gengar|26/230\n|-start|p1a: Iron Valiant|Disable|Knock Off|[from] ability: Cursed Body|[of] p2a: Gengar\n|-enditem|p2a: Gengar|Choice Specs|[from] move: Knock Off|[of] p1a: Iron Valiant\n|-damage|p1a: Iron Valiant|121/247|[from] item: Life Orb\n|move|p2a: Gengar|Sludge Wave|p1a: Iron Valiant\n|-supereffective|p1a: Iron Valiant\n|-damage|p1a: Iron Valiant|0 fnt\n|faint|p1a: Iron Valiant\n|-end|p1a: Iron Valiant|Quark Drive|[silent]\n|\n|upkeep\n|\n|t:|1719513926\n|switch|p1a: Archaludon|Archaludon, L78, M|268/268\n|-damage|p1a: Archaludon|235/268|[from] Spikes\n|turn|40\n|\n|t:|1719513942\n|move|p1a: Archaludon|Flash Cannon|p2a: Gengar\n|-damage|p2a: Gengar|0 fnt\n|faint|p2a: Gengar\n|\n|upkeep\n|\n|t:|1719513948\n|switch|p2a: Sandy Shocks|Sandy Shocks, L80|267/267 slp\n|turn|41\n|\n|t:|1719513952\n|switch|p1a: Vileplume|Vileplume, L86, M|167/269 par\n|-damage|p1a: Vileplume|134/269 par|[from] Spikes\n|cant|p2a: Sandy Shocks|slp\n|\n|-heal|p1a: Vileplume|150/269 par|[from] item: Leftovers\n|upkeep\n|turn|42\n|\n|t:|1719513959\n|cant|p2a: Sandy Shocks|slp\n|move|p1a: Vileplume|Giga Drain|p2a: Sandy Shocks\n|-supereffective|p2a: Sandy Shocks\n|-damage|p2a: Sandy Shocks|73/267 slp\n|-heal|p1a: Vileplume|247/269 par|[from] drain|[of] p2a: Sandy Shocks\n|\n|-heal|p2a: Sandy Shocks|89/267 slp|[from] item: Leftovers\n|-heal|p1a: Vileplume|263/269 par|[from] item: Leftovers\n|upkeep\n|turn|43\n|\n|t:|1719513964\n|cant|p2a: Sandy Shocks|slp\n|move|p1a: Vileplume|Giga Drain|p2a: Sandy Shocks\n|-supereffective|p2a: Sandy Shocks\n|-damage|p2a: Sandy Shocks|0 fnt\n|-heal|p1a: Vileplume|269/269 par|[from] drain|[of] p2a: Sandy Shocks\n|faint|p2a: Sandy Shocks\n|-end|p2a: Sandy Shocks|Protosynthesis|[silent]\n|\n|upkeep\n|\n|t:|1719513967\n|switch|p2a: Poliwrath|Poliwrath, L88, F|302/302\n|turn|44\n|\n|t:|1719513972\n|move|p2a: Poliwrath|Bulk Up|p2a: Poliwrath\n|-boost|p2a: Poliwrath|atk|1\n|-boost|p2a: Poliwrath|def|1\n|cant|p1a: Vileplume|par\n|\n|upkeep\n|turn|45\n|\n|t:|1719513979\n|move|p2a: Poliwrath|Liquidation|p1a: Vileplume\n|-resisted|p1a: Vileplume\n|-damage|p1a: Vileplume|192/269 par\n|-status|p2a: Poliwrath|psn|[from] ability: Effect Spore|[of] p1a: Vileplume\n|move|p1a: Vileplume|Giga Drain|p2a: Poliwrath\n|-supereffective|p2a: Poliwrath\n|-damage|p2a: Poliwrath|126/302 psn\n|-heal|p1a: Vileplume|269/269 par|[from] drain|[of] p2a: Poliwrath\n|\n|-heal|p2a: Poliwrath|144/302 psn|[from] item: Leftovers\n|-damage|p2a: Poliwrath|107/302 psn|[from] psn\n|upkeep\n|turn|46\n|\n|t:|1719513983\n|move|p2a: Poliwrath|Bulk Up|p2a: Poliwrath\n|-boost|p2a: Poliwrath|atk|1\n|-boost|p2a: Poliwrath|def|1\n|move|p1a: Vileplume|Giga Drain|p2a: Poliwrath\n|-supereffective|p2a: Poliwrath\n|-damage|p2a: Poliwrath|0 fnt\n|faint|p2a: Poliwrath\n|\n|win|Vitoran\n|raw|Vitoran's rating: 2426 &rarr; <strong>2439</strong><br />(+13 for winning)\n|raw|stareal's rating: 2307 &rarr; <strong>2294</strong><br />(-13 for losing)\n|c|\u2606Vitoran|gg\n|c|\u2606stareal|gg\n|l|\u2606stareal\n|player|p2|\n", "inputlog": ">version 021bb6b4147d783a3aa9da22896c4e1e173f1b61\n>start {\"formatid\":\"gen9randombattle\",\"seed\":[45352,61428,57235,59999],\"rated\":\"Rated battle\"}\n>player p1 {\"name\":\"Vitoran\",\"avatar\":\"nemona-v\",\"rating\":2426,\"seed\":[1983,26041,7833,56258]}\n>player p2 {\"name\":\"stareal\",\"avatar\":\"#psplxtournaments\",\"rating\":2334,\"seed\":[59531,58375,47267,9333]}\n>chat \u2606Vitoran|glhf\n>chat \u2606stareal|hf\n>p1 switch 6\n>p2 move voltswitch\n>p2 switch 3\n>p1 switch 2\n>p2 move earthquake\n>p1 switch 3\n>p2 move earthquake\n>p1 move bulkup\n>p2 switch 6\n>p1 move bulkup\n>p2 move dragonpulse\n>p1 move bulkup\n>p2 switch 4\n>p1 move milkdrink terastallize\n>p2 move sludgewave\n>p1 move bulkup\n>p2 switch 4\n>p1 move bulkup\n>p2 move dragonpulse\n>p1 move milkdrink\n>p2 move dragonpulse\n>p1 move milkdrink\n>p2 move dragonpulse\n>p1 move earthquake\n>p2 move recover\n>p1 move bulkup\n>p2 move dragonpulse\n>p1 move milkdrink\n>p2 move dragonpulse\n>p1 move milkdrink\n>p2 move dragonpulse\n>p1 move milkdrink\n>p2 move dragonpulse\n>p1 move hornleech\n>p2 move dragonpulse\n>p1 move milkdrink\n>p2 move dragonpulse\n>p1 move earthquake\n>p2 move dragonpulse\n>p1 move milkdrink\n>p2 move dragonpulse\n>p1 move earthquake\n>p2 move recover\n>p2 switch 4\n>chat \u2606Vitoran|guess the mu doesnt look too fair if you dont get that 10%\n>p1 move hornleech\n>p2 move sludgewave\n>chat \u2606stareal|i was fine \n>chat \u2606Vitoran|in that case i take it back, bad 10 % >:(\n>p1 switch 6\n>p1 move knockoff\n>p2 switch 3\n>p1 switch 2\n>p2 move voltswitch\n>p2 switch 6\n>p1 switch 3\n>p2 move iciclecrash\n>p1 switch 2\n>p1 move closecombat\n>p2 switch 6\n>p1 move closecombat\n>p2 move voltswitch\n>p2 switch 3\n>p1 switch 5\n>p2 move sludgewave\n>p1 move flashcannon\n>p2 switch 2\n>p1 switch 3\n>p2 move thunderwave\n>p1 move sleeppowder\n>p2 move spikes\n>p1 move gigadrain\n>p2 switch 2\n>p1 move gigadrain\n>p2 move shadowball\n>p1 switch 4\n>p2 move shadowball\n>p1 move nastyplot\n>p2 switch 6\n>p1 move psyshock\n>p2 move knockoff\n>p1 move psyshock\n>p2 move knockoff\n>p2 switch 6\n>p1 move psyshock\n>p2 move sludgewave\n>p1 switch 5\n>p1 move knockoff\n>p2 move sludgewave terastallize\n>p1 switch 3\n>p1 move flashcannon\n>p2 move focusblast\n>p2 switch 2\n>p1 switch 4\n>p2 move earthpower\n>p1 move gigadrain\n>p2 move earthpower\n>p1 move gigadrain\n>p2 move earthpower\n>p2 switch 5\n>p1 move gigadrain\n>p2 move bulkup\n>p1 move gigadrain\n>p2 move liquidation\n>p1 move gigadrain\n>p2 move bulkup", "uploadtime": 1719513989, "views": 177, "formatid": "gen9randombattle", "rating": 2294, "private": 0, "password": null}