{"id": "gen9randombattle-2223952225", "format": "[Gen 9] Random Battle", "players": ["Qiuescent", "barretjd"], "log": "|j|\u203dQiuescent\n|j|\u2606barretjd\n|t:|1729054140\n|gametype|singles\n|player|p1|Qiuescent|266|2285\n|player|p2|barretjd|102|2241\n|teamsize|p1|6\n|teamsize|p2|6\n|gen|9\n|tier|[Gen 9] Random Battle\n|rated|\n|rule|Species Clause: Limit one of each Pok\u00e9mon\n|rule|HP Percentage Mod: HP is shown in percentages\n|rule|Sleep Clause Mod: Limit one foe put to sleep\n|rule|Illusion Level Mod: Illusion disguises the Pok\u00e9mon's true level\n|\n|t:|1729054140\n|start\n|switch|p1a: Breloom|Breloom, L82, F|233/233\n|switch|p2a: Pecharunt|Pecharunt, L77|262/262\n|turn|1\n|\n|t:|1729054151\n|switch|p1a: Muk|Muk-Alola, L82, M|306/306\n|move|p2a: Pecharunt|Malignant Chain|p1a: Muk\n|-resisted|p1a: Muk\n|-damage|p1a: Muk|280/306\n|\n|upkeep\n|turn|2\n|\n|t:|1729054168\n|switch|p2a: Bellibolt|Bellibolt, L84, F|320/320\n|move|p1a: Muk|Knock Off|p2a: Bellibolt\n|-damage|p2a: Bellibolt|220/320\n|-start|p2a: Bellibolt|Charge|Knock Off|[from] ability: Electromorphosis\n|-status|p2a: Bellibolt|psn|[from] ability: Poison Touch|[of] p1a: Muk\n|-enditem|p2a: Bellibolt|Leftovers|[from] move: Knock Off|[of] p1a: Muk\n|\n|-damage|p2a: Bellibolt|180/320 psn|[from] psn\n|upkeep\n|turn|3\n|\n|t:|1729054176\n|switch|p1a: Kricketune|Kricketune, L99, F|312/312\n|move|p2a: Bellibolt|Volt Switch|p1a: Kricketune\n|-damage|p1a: Kricketune|117/312\n|-end|p2a: Bellibolt|Charge|[silent]\n|inactive|Battle timer is ON: inactive players will automatically lose when time's up. (requested by Qiuescent)\n|\n|t:|1729054206\n|switch|p2a: Weavile|Weavile, L79, F|240/240|[from] Volt Switch\n|\n|upkeep\n|turn|4\n|\n|t:|1729054209\n|switch|p1a: Coalossal|Coalossal, L89, F|341/341\n|move|p2a: Weavile|Knock Off|p1a: Coalossal\n|-damage|p1a: Coalossal|263/341\n|-status|p2a: Weavile|brn|[from] ability: Flame Body|[of] p1a: Coalossal\n|-enditem|p1a: Coalossal|Heavy-Duty Boots|[from] move: Knock Off|[of] p2a: Weavile\n|\n|-damage|p2a: Weavile|225/240 brn|[from] brn\n|upkeep\n|turn|5\n|\n|t:|1729054223\n|switch|p2a: Bellibolt|Bellibolt, L84, F|180/320 psn\n|move|p1a: Coalossal|Spikes|p2a: Bellibolt\n|-sidestart|p2: barretjd|Spikes\n|\n|-damage|p2a: Bellibolt|140/320 psn|[from] psn\n|upkeep\n|turn|6\n|\n|t:|1729054228\n|switch|p1a: Kricketune|Kricketune, L99, F|117/312\n|move|p2a: Bellibolt|Slack Off|p2a: Bellibolt\n|-heal|p2a: Bellibolt|300/320 psn\n|\n|-damage|p2a: Bellibolt|260/320 psn|[from] psn\n|upkeep\n|turn|7\n|\n|t:|1729054234\n|move|p1a: Kricketune|Sticky Web|p2a: Bellibolt\n|-sidestart|p2: barretjd|move: Sticky Web\n|move|p2a: Bellibolt|Thunderbolt|p1a: Kricketune\n|-damage|p1a: Kricketune|3/312\n|\n|-damage|p2a: Bellibolt|220/320 psn|[from] psn\n|upkeep\n|turn|8\n|\n|t:|1729054241\n|move|p1a: Kricketune|Pounce|p2a: Bellibolt\n|-damage|p2a: Bellibolt|124/320 psn\n|-unboost|p2a: Bellibolt|spe|1\n|-start|p2a: Bellibolt|Charge|Pounce|[from] ability: Electromorphosis\n|move|p2a: Bellibolt|Slack Off|p2a: Bellibolt\n|-heal|p2a: Bellibolt|284/320 psn\n|\n|-damage|p2a: Bellibolt|244/320 psn|[from] psn\n|upkeep\n|turn|9\n|\n|t:|1729054256\n|move|p1a: Kricketune|Pounce|p2a: Bellibolt\n|-damage|p2a: Bellibolt|145/320 psn\n|-unboost|p2a: Bellibolt|spe|1\n|-start|p2a: Bellibolt|Charge|Pounce|[from] ability: Electromorphosis\n|move|p2a: Bellibolt|Volt Switch|p1a: Kricketune\n|-damage|p1a: Kricketune|0 fnt\n|faint|p1a: Kricketune\n|-end|p2a: Bellibolt|Charge|[silent]\n|\n|t:|1729054275\n|switch|p2a: Weavile|Weavile, L79, F|225/240 brn|[from] Volt Switch\n|\n|-damage|p2a: Weavile|210/240 brn|[from] brn\n|upkeep\n|\n|t:|1729054285\n|switch|p1a: Coalossal|Coalossal, L89, F|263/341\n|turn|10\n|\n|t:|1729054305\n|switch|p2a: Pecharunt|Pecharunt, L77|262/262\n|-damage|p2a: Pecharunt|230/262|[from] Spikes\n|-activate|p2a: Pecharunt|move: Sticky Web\n|-unboost|p2a: Pecharunt|spe|1\n|move|p1a: Coalossal|Spikes|p2a: Pecharunt\n|-sidestart|p2: barretjd|Spikes\n|\n|-heal|p2a: Pecharunt|246/262|[from] item: Leftovers\n|upkeep\n|turn|11\n|inactive|barretjd has 120 seconds left.\n|\n|t:|1729054322\n|switch|p2a: Iron Moth|Iron Moth, L78|253/253\n|switch|p1a: Muk|Muk-Alola, L82, M|280/306\n|\n|upkeep\n|turn|12\n|\n|t:|1729054327\n|move|p2a: Iron Moth|Fire Blast|p1a: Muk|[miss]\n|-miss|p2a: Iron Moth|p1a: Muk\n|move|p1a: Muk|Knock Off|p2a: Iron Moth\n|-damage|p2a: Iron Moth|117/253\n|-enditem|p2a: Iron Moth|Heavy-Duty Boots|[from] move: Knock Off|[of] p1a: Muk\n|\n|upkeep\n|turn|13\n|\n|t:|1729054336\n|move|p2a: Iron Moth|Morning Sun|p2a: Iron Moth\n|-heal|p2a: Iron Moth|243/253\n|move|p1a: Muk|Knock Off|p2a: Iron Moth\n|-damage|p2a: Iron Moth|140/253\n|\n|upkeep\n|turn|14\n|\n|t:|1729054339\n|switch|p1a: Coalossal|Coalossal, L89, F|263/341\n|move|p2a: Iron Moth|Fire Blast|p1a: Coalossal\n|-resisted|p1a: Coalossal\n|-damage|p1a: Coalossal|229/341\n|\n|upkeep\n|turn|15\n|\n|t:|1729054354\n|-end|p2a: Iron Moth|Quark Drive|[silent]\n|switch|p2a: Breloom|Breloom, L82, M|233/233\n|-damage|p2a: Breloom|195/233|[from] Spikes\n|-activate|p2a: Breloom|move: Sticky Web\n|-unboost|p2a: Breloom|spe|1\n|move|p1a: Coalossal|Stone Edge|p2a: Breloom\n|-resisted|p2a: Breloom\n|-damage|p2a: Breloom|142/233\n|\n|upkeep\n|turn|16\n|\n|t:|1729054362\n|switch|p1a: Uxie|Uxie, L83|260/260\n|move|p2a: Breloom|Bullet Seed|p1a: Uxie\n|-damage|p1a: Uxie|216/260\n|-damage|p1a: Uxie|172/260\n|-hitcount|p1a: Uxie|2\n|-damage|p2a: Breloom|119/233|[from] item: Life Orb\n|\n|-heal|p1a: Uxie|188/260|[from] item: Leftovers\n|upkeep\n|turn|17\n|\n|t:|1729054374\n|switch|p2a: Weavile|Weavile, L79, F|210/240 brn\n|move|p1a: Uxie|Psychic Noise|p2a: Weavile\n|-immune|p2a: Weavile\n|\n|-heal|p1a: Uxie|204/260|[from] item: Leftovers\n|-damage|p2a: Weavile|195/240 brn|[from] brn\n|upkeep\n|turn|18\n|\n|t:|1729054380\n|switch|p1a: Coalossal|Coalossal, L89, F|229/341\n|move|p2a: Weavile|Swords Dance|p2a: Weavile\n|-boost|p2a: Weavile|atk|2\n|\n|-damage|p2a: Weavile|180/240 brn|[from] brn\n|upkeep\n|turn|19\n|\n|t:|1729054389\n|switch|p2a: Pecharunt|Pecharunt, L77|246/262\n|-damage|p2a: Pecharunt|203/262|[from] Spikes\n|-activate|p2a: Pecharunt|move: Sticky Web\n|-unboost|p2a: Pecharunt|spe|1\n|move|p1a: Coalossal|Overheat|p2a: Pecharunt|[miss]\n|-miss|p1a: Coalossal|p2a: Pecharunt\n|\n|-heal|p2a: Pecharunt|219/262|[from] item: Leftovers\n|upkeep\n|turn|20\n|\n|t:|1729054398\n|switch|p2a: Breloom|Breloom, L82, M|119/233\n|-damage|p2a: Breloom|81/233|[from] Spikes\n|-activate|p2a: Breloom|move: Sticky Web\n|-unboost|p2a: Breloom|spe|1\n|switch|p1a: Muk|Muk-Alola, L82, M|280/306\n|\n|upkeep\n|turn|21\n|\n|t:|1729054405\n|move|p1a: Muk|Poison Jab|p2a: Breloom\n|-supereffective|p2a: Breloom\n|-crit|p2a: Breloom\n|-damage|p2a: Breloom|0 fnt\n|faint|p2a: Breloom\n|\n|upkeep\n|\n|t:|1729054412\n|switch|p2a: Iron Moth|Iron Moth, L78|140/253\n|-damage|p2a: Iron Moth|98/253|[from] Spikes\n|-activate|p2a: Iron Moth|move: Sticky Web\n|-unboost|p2a: Iron Moth|spe|1\n|turn|22\n|\n|t:|1729054416\n|switch|p1a: Coalossal|Coalossal, L89, F|229/341\n|move|p2a: Iron Moth|Morning Sun|p2a: Iron Moth\n|-heal|p2a: Iron Moth|224/253\n|\n|upkeep\n|turn|23\n|\n|t:|1729054432\n|move|p2a: Iron Moth|Energy Ball|p1a: Coalossal\n|-damage|p1a: Coalossal|159/341\n|-unboost|p1a: Coalossal|spd|1\n|move|p1a: Coalossal|Stone Edge|p2a: Iron Moth\n|-supereffective|p2a: Iron Moth\n|-damage|p2a: Iron Moth|0 fnt\n|faint|p2a: Iron Moth\n|-end|p2a: Iron Moth|Quark Drive|[silent]\n|\n|upkeep\n|\n|t:|1729054437\n|switch|p2a: Azelf|Azelf, L82|257/257\n|turn|24\n|\n|t:|1729054440\n|move|p2a: Azelf|Dazzling Gleam|p1a: Coalossal\n|-resisted|p1a: Coalossal\n|-damage|p1a: Coalossal|85/341\n|move|p1a: Coalossal|Overheat|p2a: Azelf\n|-damage|p2a: Azelf|98/257\n|-unboost|p1a: Coalossal|spa|2\n|\n|upkeep\n|turn|25\n|-message|barretjd forfeited.\n|\n|win|Qiuescent\n|raw|Qiuescent's rating: 2285 &rarr; <strong>2302</strong><br />(+17 for winning)\n|raw|barretjd's rating: 2241 &rarr; <strong>2224</strong><br />(-17 for losing)\n|l|\u2606barretjd\n|player|p2|\n", "inputlog": ">version 24b5ea12b3dbe77b1f0aa07975a48e3bd4b94ca5\n>start {\"formatid\":\"gen9randombattle\",\"seed\":[5536,10309,6532,12206],\"rated\":\"Rated battle\"}\n>player p1 {\"name\":\"Qiuescent\",\"avatar\":\"266\",\"rating\":2285,\"seed\":[6553,53432,13629,34744]}\n>player p2 {\"name\":\"barretjd\",\"avatar\":\"102\",\"rating\":2241,\"seed\":[9784,40530,20442,32255]}\n>p1 switch 3\n>p2 move malignantchain\n>p1 move knockoff\n>p2 switch 5\n>p1 switch 4\n>p2 move voltswitch\n>p2 switch 6\n>p1 switch 6\n>p2 move knockoff\n>p1 move spikes\n>p2 switch 6\n>p1 switch 6\n>p2 move slackoff\n>p1 move stickyweb\n>p2 move thunderbolt\n>p1 move pounce\n>p2 move slackoff\n>p1 move pounce\n>p2 move voltswitch\n>p2 switch 6\n>p1 switch 6\n>p1 move spikes\n>p2 switch 5\n>p1 switch 4\n>p2 switch 2\n>p1 move knockoff\n>p2 move fireblast\n>p1 move knockoff\n>p2 move morningsun\n>p1 switch 4\n>p2 move fireblast\n>p1 move stoneedge\n>p2 switch 3\n>p1 switch 5\n>p2 move bulletseed\n>p1 move psychicnoise\n>p2 switch 5\n>p1 switch 5\n>p2 move swordsdance\n>p1 move overheat\n>p2 switch 2\n>p1 switch 4\n>p2 switch 5\n>p1 move poisonjab\n>p2 move rocktomb\n>p2 switch 3\n>p1 switch 4\n>p2 move morningsun\n>p1 move stoneedge\n>p2 move energyball\n>p2 switch 4\n>p1 move overheat\n>p2 move dazzlinggleam\n>forcelose p2", "uploadtime": 1729054450, "views": 58, "formatid": "gen9randombattle", "rating": 2224, "private": 0, "password": null}