{"id": "gen9randombattle-2052204451", "format": "[Gen 9] Random Battle", "players": ["Bagel the cat", "samuelayers"], "log": "|j|\u2606Bagel the cat\n|j|\u2606samuelayers\n|t:|1707140580\n|gametype|singles\n|player|p1|Bagel the cat|102|2187\n|player|p2|samuelayers|gentleman-gen4dp|2300\n|teamsize|p1|6\n|teamsize|p2|6\n|gen|9\n|tier|[Gen 9] Random Battle\n|rated|\n|rule|Species Clause: Limit one of each Pok\u00e9mon\n|rule|HP Percentage Mod: HP is shown in percentages\n|rule|Sleep Clause Mod: Limit one foe put to sleep\n|rule|Illusion Level Mod: Illusion disguises the Pok\u00e9mon's true level\n|\n|t:|1707140580\n|start\n|switch|p1a: Ludicolo|Ludicolo, L90, M|290/290\n|switch|p2a: Regigigas|Regigigas, L84|322/322\n|-start|p2a: Regigigas|ability: Slow Start\n|turn|1\n|inactive|Battle timer is ON: inactive players will automatically lose when time's up. (requested by samuelayers)\n|\n|t:|1707140598\n|move|p2a: Regigigas|Protect|p2a: Regigigas\n|-singleturn|p2a: Regigigas|Protect\n|move|p1a: Ludicolo|Rain Dance|p1a: Ludicolo\n|-weather|RainDance\n|\n|-weather|RainDance|[upkeep]\n|upkeep\n|turn|2\n|\n|t:|1707140603\n|-end|p2a: Regigigas|Slow Start|[silent]\n|switch|p2a: Volcanion|Volcanion, L79|256/256\n|move|p1a: Ludicolo|Hydro Pump|p2a: Volcanion\n|-immune|p2a: Volcanion|[from] ability: Water Absorb\n|\n|-weather|RainDance|[upkeep]\n|upkeep\n|turn|3\n|\n|t:|1707140610\n|move|p1a: Ludicolo|Giga Drain|p2a: Volcanion\n|-damage|p2a: Volcanion|143/256\n|-damage|p1a: Ludicolo|261/290|[from] item: Life Orb\n|move|p2a: Volcanion|Steam Eruption|p1a: Ludicolo\n|-resisted|p1a: Ludicolo\n|-damage|p1a: Ludicolo|217/290\n|\n|-weather|RainDance|[upkeep]\n|upkeep\n|turn|4\n|\n|t:|1707140616\n|switch|p2a: Ho-Oh|Ho-Oh, L71|268/268\n|move|p1a: Ludicolo|Giga Drain|p2a: Ho-Oh\n|-resisted|p2a: Ho-Oh\n|-damage|p2a: Ho-Oh|249/268\n|-heal|p1a: Ludicolo|227/290|[from] drain|[of] p2a: Ho-Oh\n|-damage|p1a: Ludicolo|198/290|[from] item: Life Orb\n|\n|-weather|RainDance|[upkeep]\n|upkeep\n|turn|5\n|\n|t:|1707140623\n|switch|p2a: Volcanion|Volcanion, L79|143/256\n|move|p1a: Ludicolo|Giga Drain|p2a: Volcanion\n|-damage|p2a: Volcanion|18/256\n|-heal|p1a: Ludicolo|261/290|[from] drain|[of] p2a: Volcanion\n|-damage|p1a: Ludicolo|232/290|[from] item: Life Orb\n|\n|-weather|none\n|upkeep\n|turn|6\n|\n|t:|1707140638\n|switch|p2a: Ho-Oh|Ho-Oh, L71|268/268\n|move|p1a: Ludicolo|Rain Dance|p1a: Ludicolo\n|-weather|RainDance\n|\n|-weather|RainDance|[upkeep]\n|upkeep\n|turn|7\n|\n|t:|1707140648\n|move|p1a: Ludicolo|Hydro Pump|p2a: Ho-Oh\n|-supereffective|p2a: Ho-Oh\n|-damage|p2a: Ho-Oh|0 fnt\n|faint|p2a: Ho-Oh\n|-damage|p1a: Ludicolo|203/290|[from] item: Life Orb\n|\n|-weather|RainDance|[upkeep]\n|upkeep\n|\n|t:|1707140651\n|switch|p2a: Oranguru|Oranguru, L92, M|315/315\n|turn|8\n|c|\u2606Bagel the cat|Literally what are you doing\n|c|\u2606Bagel the cat|who do you think i am\n|\n|t:|1707140660\n|move|p1a: Ludicolo|Giga Drain|p2a: Oranguru\n|-damage|p2a: Oranguru|228/315\n|-heal|p1a: Ludicolo|247/290|[from] drain|[of] p2a: Oranguru\n|-damage|p1a: Ludicolo|218/290|[from] item: Life Orb\n|move|p2a: Oranguru|Hyper Voice|p1a: Ludicolo\n|-damage|p1a: Ludicolo|89/290\n|-damage|p2a: Oranguru|197/315|[from] item: Life Orb\n|\n|-weather|RainDance|[upkeep]\n|upkeep\n|turn|9\n|\n|t:|1707140663\n|move|p1a: Ludicolo|Giga Drain|p2a: Oranguru\n|-damage|p2a: Oranguru|114/315\n|-heal|p1a: Ludicolo|131/290|[from] drain|[of] p2a: Oranguru\n|-damage|p1a: Ludicolo|102/290|[from] item: Life Orb\n|move|p2a: Oranguru|Hyper Voice|p1a: Ludicolo\n|-damage|p1a: Ludicolo|0 fnt\n|faint|p1a: Ludicolo\n|-damage|p2a: Oranguru|83/315|[from] item: Life Orb\n|\n|-weather|RainDance|[upkeep]\n|upkeep\n|\n|t:|1707140673\n|switch|p1a: Chimecho|Chimecho, L94, M|293/293\n|turn|10\n|\n|t:|1707140684\n|move|p1a: Chimecho|Knock Off|p2a: Oranguru\n|-supereffective|p2a: Oranguru\n|-damage|p2a: Oranguru|0 fnt\n|-enditem|p2a: Oranguru|Life Orb|[from] move: Knock Off|[of] p1a: Chimecho\n|faint|p2a: Oranguru\n|\n|-weather|none\n|upkeep\n|\n|t:|1707140686\n|switch|p2a: Darkrai|Darkrai, L76|231/231\n|turn|11\n|\n|t:|1707140692\n|move|p2a: Darkrai|Substitute|p2a: Darkrai\n|-start|p2a: Darkrai|Substitute\n|-damage|p2a: Darkrai|174/231\n|move|p1a: Chimecho|Encore|p2a: Darkrai\n|-start|p2a: Darkrai|Encore\n|\n|-heal|p2a: Darkrai|188/231|[from] item: Leftovers\n|upkeep\n|turn|12\n|\n|t:|1707140700\n|switch|p1a: Iron Boulder|Iron Boulder, L77|265/265\n|move|p2a: Darkrai|Substitute|p2a: Darkrai\n|-fail|p2a: Darkrai|move: Substitute\n|\n|-heal|p2a: Darkrai|202/231|[from] item: Leftovers\n|upkeep\n|turn|13\n|\n|t:|1707140715\n|move|p1a: Iron Boulder|Close Combat|p2a: Darkrai\n|-supereffective|p2a: Darkrai\n|-end|p2a: Darkrai|Substitute\n|-unboost|p1a: Iron Boulder|def|1\n|-unboost|p1a: Iron Boulder|spd|1\n|-damage|p1a: Iron Boulder|239/265|[from] item: Life Orb\n|move|p2a: Darkrai|Substitute|p2a: Darkrai\n|-start|p2a: Darkrai|Substitute\n|-damage|p2a: Darkrai|145/231\n|\n|-heal|p2a: Darkrai|159/231|[from] item: Leftovers\n|upkeep\n|turn|14\n|\n|t:|1707140720\n|move|p1a: Iron Boulder|Zen Headbutt|p2a: Darkrai\n|-immune|p2a: Darkrai\n|move|p2a: Darkrai|Substitute|p2a: Darkrai\n|-fail|p2a: Darkrai|move: Substitute\n|\n|-heal|p2a: Darkrai|173/231|[from] item: Leftovers\n|-end|p2a: Darkrai|Encore\n|upkeep\n|turn|15\n|\n|t:|1707140727\n|move|p1a: Iron Boulder|Mighty Cleave|p2a: Darkrai\n|-end|p2a: Darkrai|Substitute\n|-damage|p1a: Iron Boulder|213/265|[from] item: Life Orb\n|move|p2a: Darkrai|Dark Pulse|p1a: Iron Boulder\n|-supereffective|p1a: Iron Boulder\n|-damage|p1a: Iron Boulder|0 fnt\n|faint|p1a: Iron Boulder\n|-end|p1a: Iron Boulder|Quark Drive|[silent]\n|\n|-heal|p2a: Darkrai|187/231|[from] item: Leftovers\n|upkeep\n|\n|t:|1707140730\n|switch|p1a: Decidueye|Decidueye-Hisui, L88, M|298/298\n|turn|16\n|\n|t:|1707140733\n|switch|p2a: Weezing|Weezing, L88, F|258/258\n|move|p1a: Decidueye|Triple Arrows|p2a: Weezing\n|-resisted|p2a: Weezing\n|-crit|p2a: Weezing\n|-damage|p2a: Weezing|186/258\n|\n|-heal|p2a: Weezing|202/258|[from] item: Leftovers\n|upkeep\n|turn|17\n|\n|t:|1707140740\n|switch|p1a: Palossand|Palossand, L88, F|293/293\n|move|p2a: Weezing|Gunk Shot|p1a: Palossand\n|-resisted|p1a: Palossand\n|-damage|p1a: Palossand|267/293\n|-status|p1a: Palossand|psn\n|\n|-heal|p2a: Weezing|218/258|[from] item: Leftovers\n|-heal|p1a: Palossand|285/293 psn|[from] item: Leftovers\n|-damage|p1a: Palossand|249/293 psn|[from] psn\n|upkeep\n|turn|18\n|\n|t:|1707140743\n|move|p2a: Weezing|Toxic Spikes|p1a: Palossand\n|-sidestart|p1: Bagel the cat|move: Toxic Spikes\n|move|p1a: Palossand|Stealth Rock|p2a: Weezing\n|-sidestart|p2: samuelayers|move: Stealth Rock\n|\n|-heal|p2a: Weezing|234/258|[from] item: Leftovers\n|-heal|p1a: Palossand|267/293 psn|[from] item: Leftovers\n|-damage|p1a: Palossand|231/293 psn|[from] psn\n|upkeep\n|turn|19\n|\n|t:|1707140753\n|move|p2a: Weezing|Toxic Spikes|p1a: Palossand\n|-sidestart|p1: Bagel the cat|move: Toxic Spikes\n|move|p1a: Palossand|Shadow Ball|p2a: Weezing\n|-damage|p2a: Weezing|119/258\n|\n|-heal|p2a: Weezing|135/258|[from] item: Leftovers\n|-heal|p1a: Palossand|249/293 psn|[from] item: Leftovers\n|-damage|p1a: Palossand|213/293 psn|[from] psn\n|upkeep\n|turn|20\n|\n|t:|1707140758\n|move|p2a: Weezing|Pain Split|p1a: Palossand\n|-sethp|p1a: Palossand|174/293 psn|[from] move: Pain Split|[silent]\n|-sethp|p2a: Weezing|174/258|[from] move: Pain Split\n|move|p1a: Palossand|Shadow Ball|p2a: Weezing\n|-damage|p2a: Weezing|69/258\n|\n|-heal|p2a: Weezing|85/258|[from] item: Leftovers\n|-heal|p1a: Palossand|192/293 psn|[from] item: Leftovers\n|-damage|p1a: Palossand|156/293 psn|[from] psn\n|upkeep\n|turn|21\n|\n|t:|1707140760\n|move|p2a: Weezing|Pain Split|p1a: Palossand\n|-sethp|p1a: Palossand|120/293 psn|[from] move: Pain Split|[silent]\n|-sethp|p2a: Weezing|120/258|[from] move: Pain Split\n|move|p1a: Palossand|Shadow Ball|p2a: Weezing\n|-damage|p2a: Weezing|17/258\n|\n|-heal|p2a: Weezing|33/258|[from] item: Leftovers\n|-heal|p1a: Palossand|138/293 psn|[from] item: Leftovers\n|-damage|p1a: Palossand|102/293 psn|[from] psn\n|upkeep\n|turn|22\n|\n|t:|1707140763\n|move|p2a: Weezing|Pain Split|p1a: Palossand\n|-sethp|p1a: Palossand|67/293 psn|[from] move: Pain Split|[silent]\n|-sethp|p2a: Weezing|67/258|[from] move: Pain Split\n|move|p1a: Palossand|Shadow Ball|p2a: Weezing\n|-damage|p2a: Weezing|0 fnt\n|faint|p2a: Weezing\n|\n|-heal|p1a: Palossand|85/293 psn|[from] item: Leftovers\n|-damage|p1a: Palossand|49/293 psn|[from] psn\n|upkeep\n|\n|t:|1707140768\n|switch|p2a: Darkrai|Darkrai, L76|187/231\n|-damage|p2a: Darkrai|159/231|[from] Stealth Rock\n|turn|23\n|\n|t:|1707140771\n|move|p2a: Darkrai|Dark Pulse|p1a: Palossand\n|-supereffective|p1a: Palossand\n|-damage|p1a: Palossand|0 fnt\n|faint|p1a: Palossand\n|\n|-heal|p2a: Darkrai|173/231|[from] item: Leftovers\n|upkeep\n|\n|t:|1707140774\n|switch|p1a: Pawmot|Pawmot, L80, M|243/243\n|-status|p1a: Pawmot|tox\n|turn|24\n|\n|t:|1707140784\n|move|p2a: Darkrai|Substitute|p2a: Darkrai\n|-start|p2a: Darkrai|Substitute\n|-damage|p2a: Darkrai|116/231\n|move|p1a: Pawmot|Revival Blessing|p1a: Pawmot\n|\n|t:|1707140787\n|-heal|p1: Iron Boulder|132/265|[from] move: Revival Blessing\n|\n|-heal|p2a: Darkrai|130/231|[from] item: Leftovers\n|-damage|p1a: Pawmot|228/243 tox|[from] psn\n|upkeep\n|turn|25\n|\n|t:|1707140793\n|move|p2a: Darkrai|Sludge Bomb|p1a: Pawmot\n|-damage|p1a: Pawmot|130/243 tox\n|move|p1a: Pawmot|Thunder Punch|p2a: Darkrai\n|-end|p2a: Darkrai|Substitute\n|-damage|p1a: Pawmot|106/243 tox|[from] item: Life Orb\n|\n|-heal|p2a: Darkrai|144/231|[from] item: Leftovers\n|-damage|p1a: Pawmot|76/243 tox|[from] psn\n|upkeep\n|turn|26\n|\n|t:|1707140796\n|move|p2a: Darkrai|Sludge Bomb|p1a: Pawmot\n|-crit|p1a: Pawmot\n|-damage|p1a: Pawmot|0 fnt\n|faint|p1a: Pawmot\n|\n|-heal|p2a: Darkrai|158/231|[from] item: Leftovers\n|upkeep\n|\n|t:|1707140799\n|switch|p1a: Decidueye|Decidueye-Hisui, L88, M|298/298\n|-status|p1a: Decidueye|tox\n|turn|27\n|\n|t:|1707140805\n|move|p2a: Darkrai|Substitute|p2a: Darkrai\n|-start|p2a: Darkrai|Substitute\n|-damage|p2a: Darkrai|101/231\n|move|p1a: Decidueye|Triple Arrows|p2a: Darkrai\n|-supereffective|p2a: Darkrai\n|-end|p2a: Darkrai|Substitute\n|\n|-heal|p2a: Darkrai|115/231|[from] item: Leftovers\n|-damage|p1a: Decidueye|280/298 tox|[from] psn\n|upkeep\n|turn|28\n|\n|t:|1707140817\n|move|p2a: Darkrai|Substitute|p2a: Darkrai\n|-start|p2a: Darkrai|Substitute\n|-damage|p2a: Darkrai|58/231\n|move|p1a: Decidueye|Triple Arrows|p2a: Darkrai\n|-supereffective|p2a: Darkrai\n|-end|p2a: Darkrai|Substitute\n|\n|-heal|p2a: Darkrai|72/231|[from] item: Leftovers\n|-heal|p1a: Decidueye|298/298 tox|[from] item: Leftovers\n|-damage|p1a: Decidueye|262/298 tox|[from] psn\n|upkeep\n|turn|29\n|\n|t:|1707140824\n|switch|p2a: Volcanion|Volcanion, L79|18/256\n|move|p1a: Decidueye|Triple Arrows|p2a: Volcanion\n|-crit|p2a: Volcanion\n|-damage|p2a: Volcanion|0 fnt\n|faint|p2a: Volcanion\n|\n|-heal|p1a: Decidueye|280/298 tox|[from] item: Leftovers\n|-damage|p1a: Decidueye|226/298 tox|[from] psn\n|upkeep\n|\n|t:|1707140828\n|switch|p2a: Darkrai|Darkrai, L76|72/231\n|-damage|p2a: Darkrai|44/231|[from] Stealth Rock\n|turn|30\n|\n|t:|1707140834\n|-terastallize|p1a: Decidueye|Steel\n|move|p2a: Darkrai|Sludge Bomb|p1a: Decidueye\n|-immune|p1a: Decidueye\n|move|p1a: Decidueye|Triple Arrows|p2a: Darkrai\n|-supereffective|p2a: Darkrai\n|-damage|p2a: Darkrai|0 fnt\n|faint|p2a: Darkrai\n|\n|-heal|p1a: Decidueye|244/298 tox|[from] item: Leftovers\n|-damage|p1a: Decidueye|172/298 tox|[from] psn\n|upkeep\n|\n|t:|1707140837\n|switch|p2a: Regigigas|Regigigas, L84|322/322\n|-damage|p2a: Regigigas|282/322|[from] Stealth Rock\n|-start|p2a: Regigigas|ability: Slow Start\n|turn|31\n|\n|t:|1707140840\n|move|p2a: Regigigas|Protect|p2a: Regigigas\n|-singleturn|p2a: Regigigas|Protect\n|move|p1a: Decidueye|Triple Arrows|p2a: Regigigas\n|-activate|p2a: Regigigas|move: Protect\n|\n|-heal|p1a: Decidueye|190/298 tox|[from] item: Leftovers\n|-heal|p2a: Regigigas|302/322|[from] item: Leftovers\n|-damage|p1a: Decidueye|100/298 tox|[from] psn\n|upkeep\n|turn|32\n|\n|t:|1707140850\n|move|p1a: Decidueye|Triple Arrows|p2a: Regigigas\n|-supereffective|p2a: Regigigas\n|-damage|p2a: Regigigas|110/322\n|move|p2a: Regigigas|Substitute|p2a: Regigigas\n|-start|p2a: Regigigas|Substitute\n|-damage|p2a: Regigigas|30/322\n|\n|-heal|p1a: Decidueye|118/298 tox|[from] item: Leftovers\n|-heal|p2a: Regigigas|50/322|[from] item: Leftovers\n|-damage|p1a: Decidueye|10/298 tox|[from] psn\n|upkeep\n|turn|33\n|\n|t:|1707140856\n|move|p2a: Regigigas|Protect|p2a: Regigigas\n|-singleturn|p2a: Regigigas|Protect\n|move|p1a: Decidueye|Roost|p1a: Decidueye\n|-heal|p1a: Decidueye|159/298 tox\n|\n|-heal|p1a: Decidueye|177/298 tox|[from] item: Leftovers\n|-heal|p2a: Regigigas|70/322|[from] item: Leftovers\n|-damage|p1a: Decidueye|51/298 tox|[from] psn\n|upkeep\n|turn|34\n|\n|t:|1707140873\n|-terastallize|p2a: Regigigas|Poison\n|move|p2a: Regigigas|Protect|p2a: Regigigas\n|-singleturn|p2a: Regigigas|Protect\n|move|p1a: Decidueye|Triple Arrows|p2a: Regigigas\n|-activate|p2a: Regigigas|move: Protect\n|\n|-heal|p1a: Decidueye|69/298 tox|[from] item: Leftovers\n|-heal|p2a: Regigigas|90/322|[from] item: Leftovers\n|-damage|p1a: Decidueye|0 fnt|[from] psn\n|faint|p1a: Decidueye\n|upkeep\n|c|\u2606Bagel the cat|Lmfao\n|\n|t:|1707140882\n|switch|p1a: Chimecho|Chimecho, L94, M|293/293\n|turn|35\n|\n|t:|1707140885\n|move|p1a: Chimecho|Psychic Noise|p2a: Regigigas\n|-supereffective|p2a: Regigigas\n|-damage|p2a: Regigigas|0 fnt\n|faint|p2a: Regigigas\n|-end|p2a: Regigigas|Slow Start|[silent]\n|\n|win|Bagel the cat\n|raw|Bagel the cat's rating: 2187 &rarr; <strong>2213</strong><br />(+26 for winning)\n|raw|samuelayers's rating: 2300 &rarr; <strong>2274</strong><br />(-26 for losing)\n|l|\u2606samuelayers\n|player|p2|\n|l|\u2606Bagel the cat\n|player|p1|\n|j|\u2606Bagel the cat\n|player|p1|Bagel the cat|102\n", "inputlog": ">version c3361b0219007f8fd6f732fdd85361722010e2fc\n>start {\"formatid\":\"gen9randombattle\",\"seed\":[40622,6726,27392,36623],\"rated\":\"Rated battle\"}\n>player p1 {\"name\":\"Bagel the cat\",\"avatar\":\"102\",\"rating\":2187,\"seed\":[38809,32396,62205,21334]}\n>player p2 {\"name\":\"samuelayers\",\"avatar\":\"gentleman-gen4dp\",\"rating\":2300,\"seed\":[9831,701,52750,35684]}\n>p1 move raindance\n>p2 move protect\n>p1 move hydropump\n>p2 switch 6\n>p1 move gigadrain\n>p2 move steameruption\n>p1 move gigadrain\n>p2 switch 4\n>p1 move gigadrain\n>p2 switch 4\n>p1 move raindance\n>p2 switch 4\n>p1 move hydropump\n>p2 move bravebird\n>p2 switch 5\n>chat \u2606Bagel the cat|Literally what are you doing\n>chat \u2606Bagel the cat|who do you think i am\n>p1 move gigadrain\n>p2 move hypervoice\n>p1 move gigadrain\n>p2 move hypervoice\n>p1 switch 2\n>p1 move knockoff\n>p2 move hypervoice\n>p2 switch 3\n>p1 move encore\n>p2 move substitute\n>p1 switch 6\n>p2 move substitute\n>p1 move closecombat\n>p2 move substitute\n>p1 move zenheadbutt\n>p2 move substitute\n>p1 move mightycleave\n>p2 move darkpulse\n>p1 switch 3\n>p1 move triplearrows\n>p2 switch 2\n>p1 switch 5\n>p2 move gunkshot\n>p1 move stealthrock\n>p2 move toxicspikes\n>p1 move shadowball\n>p2 move toxicspikes\n>p1 move shadowball\n>p2 move painsplit\n>p1 move shadowball\n>p2 move painsplit\n>p1 move shadowball\n>p2 move painsplit\n>p2 switch 2\n>p1 move earthpower\n>p2 move darkpulse\n>p1 switch 4\n>p1 move revivalblessing\n>p2 move substitute\n>p1 switch 3\n>p1 move thunderpunch\n>p2 move sludgebomb\n>p1 move thunderpunch\n>p2 move sludgebomb\n>p1 switch 5\n>p1 move triplearrows\n>p2 move substitute\n>p1 move triplearrows\n>p2 move substitute\n>p1 move triplearrows\n>p2 switch 4\n>p2 switch 4\n>p1 move triplearrows terastallize\n>p2 move sludgebomb\n>p2 switch 6\n>p1 move triplearrows\n>p2 move protect\n>p1 move triplearrows\n>p2 move substitute\n>p1 move roost\n>p2 move protect\n>p1 move triplearrows\n>p2 move protect terastallize\n>chat \u2606Bagel the cat|Lmfao\n>p1 switch 6\n>p1 move psychicnoise\n>p2 move knockoff", "uploadtime": 1707141020, "views": 266, "formatid": "gen9randombattle", "rating": 2213, "private": 0, "password": null}