{"id": "gen9randombattle-2260757622", "format": "[Gen 9] Random Battle", "players": ["dude93", "BV21BEST"], "log": "|j|\u2606dude93\n|j|\u2606BV21BEST\n|t:|1733887698\n|gametype|singles\n|player|p1|dude93|volkner|1399\n|player|p2|BV21BEST|102|1337\n|teamsize|p1|6\n|teamsize|p2|6\n|gen|9\n|tier|[Gen 9] Random Battle\n|rated|\n|rule|Species Clause: Limit one of each Pok\u00e9mon\n|rule|HP Percentage Mod: HP is shown in percentages\n|rule|Sleep Clause Mod: Limit one foe put to sleep\n|rule|Illusion Level Mod: Illusion disguises the Pok\u00e9mon's true level\n|\n|t:|1733887698\n|start\n|switch|p1a: Appletun|Appletun, L92, F|352/352\n|switch|p2a: Heatran|Heatran, L79, M|273/273\n|-item|p2a: Heatran|Air Balloon\n|turn|1\n|inactive|Battle timer is ON: inactive players will automatically lose when time's up. (requested by BV21BEST)\n|inactive|dude93 also wants the timer to be on.\n|inactive|dude93 has 120 seconds left.\n|\n|t:|1733887738\n|switch|p1a: Pachirisu|Pachirisu, L96, M|271/271\n|move|p2a: Heatran|Stealth Rock|p1a: Pachirisu\n|-sidestart|p1: dude93|move: Stealth Rock\n|\n|upkeep\n|turn|2\n|\n|t:|1733887754\n|switch|p2a: Toedscruel|Toedscruel, L87, F|281/281\n|move|p1a: Pachirisu|U-turn|p2a: Toedscruel\n|-supereffective|p2a: Toedscruel\n|-damage|p2a: Toedscruel|191/281\n|\n|t:|1733887779\n|switch|p1a: Pelipper|Pelipper, L86, F|243/243|[from] U-turn\n|-damage|p1a: Pelipper|183/243|[from] Stealth Rock\n|-weather|RainDance|[from] ability: Drizzle|[of] p1a: Pelipper\n|\n|-weather|RainDance|[upkeep]\n|-heal|p2a: Toedscruel|208/281|[from] item: Leftovers\n|upkeep\n|turn|3\n|\n|t:|1733887797\n|move|p2a: Toedscruel|Giga Drain|p1a: Pelipper\n|-damage|p1a: Pelipper|92/243\n|-heal|p2a: Toedscruel|254/281|[from] drain|[of] p1a: Pelipper\n|move|p1a: Pelipper|Hurricane|p2a: Toedscruel\n|-supereffective|p2a: Toedscruel\n|-damage|p2a: Toedscruel|0 fnt\n|faint|p2a: Toedscruel\n|\n|-weather|RainDance|[upkeep]\n|upkeep\n|\n|t:|1733887806\n|switch|p2a: Heatran|Heatran, L79, M|273/273\n|-item|p2a: Heatran|Air Balloon\n|turn|4\n|inactive|dude93 has 120 seconds left.\n|\n|t:|1733887837\n|move|p2a: Heatran|Flash Cannon|p1a: Pelipper\n|-resisted|p1a: Pelipper\n|-damage|p1a: Pelipper|37/243\n|move|p1a: Pelipper|Hurricane|p2a: Heatran\n|-resisted|p2a: Heatran\n|-damage|p2a: Heatran|196/273\n|-enditem|p2a: Heatran|Air Balloon\n|\n|-weather|RainDance|[upkeep]\n|upkeep\n|turn|5\n|inactive|dude93 has 120 seconds left.\n|\n|t:|1733887848\n|move|p2a: Heatran|Flash Cannon|p1a: Pelipper\n|-resisted|p1a: Pelipper\n|-damage|p1a: Pelipper|0 fnt\n|faint|p1a: Pelipper\n|\n|-weather|RainDance|[upkeep]\n|upkeep\n|inactive|dude93 has 120 seconds left.\n|\n|t:|1733887857\n|switch|p1a: Mudsdale|Mudsdale, L84, M|305/305\n|-damage|p1a: Mudsdale|286/305|[from] Stealth Rock\n|turn|6\n|\n|t:|1733887878\n|switch|p2a: Poliwrath|Poliwrath, L88, F|302/302\n|move|p1a: Mudsdale|Stealth Rock|p2a: Poliwrath\n|-sidestart|p2: BV21BEST|move: Stealth Rock\n|\n|-weather|none\n|-heal|p1a: Mudsdale|305/305|[from] item: Leftovers\n|upkeep\n|turn|7\n|inactive|dude93 has 120 seconds left.\n|\n|t:|1733887910\n|switch|p1a: Dragalge|Dragalge, L88, M|258/258\n|-damage|p1a: Dragalge|226/258|[from] Stealth Rock\n|move|p2a: Poliwrath|Liquidation|p1a: Dragalge\n|-resisted|p1a: Dragalge\n|-damage|p1a: Dragalge|168/258\n|-damage|p2a: Poliwrath|272/302|[from] item: Life Orb\n|\n|-heal|p1a: Dragalge|184/258|[from] item: Leftovers\n|upkeep\n|turn|8\n|\n|t:|1733887925\n|move|p2a: Poliwrath|Knock Off|p1a: Dragalge\n|-damage|p1a: Dragalge|100/258\n|-enditem|p1a: Dragalge|Leftovers|[from] move: Knock Off|[of] p2a: Poliwrath\n|-damage|p2a: Poliwrath|242/302|[from] item: Life Orb\n|move|p1a: Dragalge|Sludge Wave|p2a: Poliwrath\n|-damage|p2a: Poliwrath|112/302\n|\n|upkeep\n|turn|9\n|\n|t:|1733887939\n|switch|p2a: Heatran|Heatran, L79, M|196/273\n|-damage|p2a: Heatran|162/273|[from] Stealth Rock\n|move|p1a: Dragalge|Draco Meteor|p2a: Heatran\n|-resisted|p2a: Heatran\n|-damage|p2a: Heatran|77/273\n|-unboost|p1a: Dragalge|spa|2\n|\n|upkeep\n|turn|10\n|\n|t:|1733887951\n|switch|p1a: Mudsdale|Mudsdale, L84, M|305/305\n|-damage|p1a: Mudsdale|286/305|[from] Stealth Rock\n|move|p2a: Heatran|Earth Power|p1a: Mudsdale\n|-damage|p1a: Mudsdale|218/305\n|-ability|p1a: Mudsdale|Stamina|boost\n|-boost|p1a: Mudsdale|def|1\n|\n|-heal|p1a: Mudsdale|237/305|[from] item: Leftovers\n|upkeep\n|turn|11\n|\n|t:|1733887970\n|-terastallize|p2a: Heatran|Flying\n|move|p2a: Heatran|Magma Storm|p1a: Mudsdale\n|-damage|p1a: Mudsdale|117/305\n|-activate|p1a: Mudsdale|move: Magma Storm|[of] p2a: Heatran\n|-ability|p1a: Mudsdale|Stamina|boost\n|-boost|p1a: Mudsdale|def|1\n|move|p1a: Mudsdale|Roar|p2a: Heatran\n|drag|p2a: Poliwrath|Poliwrath, L88, F|112/302\n|-damage|p2a: Poliwrath|94/302|[from] Stealth Rock\n|\n|-heal|p1a: Mudsdale|136/305|[from] item: Leftovers\n|-end|p1a: Mudsdale|Magma Storm|[partiallytrapped]|[silent]\n|upkeep\n|turn|12\n|inactive|BV21BEST has 120 seconds left.\n|inactive|dude93 has 90 seconds left.\n|\n|t:|1733888006\n|switch|p1a: Appletun|Appletun, L92, F|352/352\n|-damage|p1a: Appletun|308/352|[from] Stealth Rock\n|move|p2a: Poliwrath|Liquidation|p1a: Appletun\n|-resisted|p1a: Appletun\n|-damage|p1a: Appletun|278/352\n|-damage|p2a: Poliwrath|64/302|[from] item: Life Orb\n|\n|-heal|p1a: Appletun|300/352|[from] item: Leftovers\n|upkeep\n|turn|13\n|inactive|dude93 has 90 seconds left.\n|\n|t:|1733888034\n|switch|p2a: Sableye|Sableye, L89, M|234/234\n|-damage|p2a: Sableye|205/234|[from] Stealth Rock\n|-terastallize|p1a: Appletun|Steel\n|move|p1a: Appletun|Dragon Pulse|p2a: Sableye\n|-damage|p2a: Sableye|82/234\n|\n|-heal|p2a: Sableye|96/234|[from] item: Leftovers\n|-heal|p1a: Appletun|322/352|[from] item: Leftovers\n|upkeep\n|turn|14\n|inactive|dude93 has 60 seconds left.\n|\n|t:|1733888056\n|switch|p1a: Dragalge|Dragalge, L88, M|100/258\n|-damage|p1a: Dragalge|68/258|[from] Stealth Rock\n|move|p2a: Sableye|Thunder Wave|p1a: Dragalge\n|-status|p1a: Dragalge|par\n|\n|-heal|p2a: Sableye|110/234|[from] item: Leftovers\n|upkeep\n|turn|15\n|\n|t:|1733888067\n|move|p2a: Sableye|Knock Off|p1a: Dragalge\n|-crit|p1a: Dragalge\n|-damage|p1a: Dragalge|0 fnt\n|faint|p1a: Dragalge\n|\n|-heal|p2a: Sableye|124/234|[from] item: Leftovers\n|upkeep\n|inactive|dude93 has 60 seconds left.\n|\n|t:|1733888095\n|switch|p1a: Pachirisu|Pachirisu, L96, M|271/271\n|-damage|p1a: Pachirisu|238/271|[from] Stealth Rock\n|turn|16\n|\n|t:|1733888103\n|switch|p2a: Pincurchin|Pincurchin, M|258/258\n|-damage|p2a: Pincurchin|226/258|[from] Stealth Rock\n|-fieldstart|move: Electric Terrain|[from] ability: Electric Surge|[of] p2a: Pincurchin\n|move|p1a: Pachirisu|Nuzzle|p2a: Pincurchin\n|-resisted|p2a: Pincurchin\n|-damage|p2a: Pincurchin|217/258\n|\n|-heal|p2a: Pincurchin|233/258|[from] item: Leftovers\n|upkeep\n|turn|17\n|inactive|dude93 has 60 seconds left.\n|\n|t:|1733888119\n|move|p1a: Pachirisu|Super Fang|p2a: Pincurchin\n|-damage|p2a: Pincurchin|117/258\n|move|p2a: Pincurchin|Spikes|p1a: Pachirisu\n|-sidestart|p1: dude93|Spikes\n|\n|-heal|p2a: Pincurchin|133/258|[from] item: Leftovers\n|upkeep\n|turn|18\n|\n|t:|1733888128\n|move|p1a: Pachirisu|Super Fang|p2a: Pincurchin\n|-damage|p2a: Pincurchin|67/258\n|move|p2a: Pincurchin|Scald|p1a: Pachirisu\n|-damage|p1a: Pachirisu|196/271\n|\n|-heal|p2a: Pincurchin|83/258|[from] item: Leftovers\n|upkeep\n|turn|19\n|inactive|dude93 has 60 seconds left.\n|inactive|BV21BEST has 120 seconds left.\n|\n|t:|1733888139\n|move|p1a: Pachirisu|Super Fang|p2a: Pincurchin\n|-damage|p2a: Pincurchin|42/258\n|move|p2a: Pincurchin|Recover|p2a: Pincurchin\n|-heal|p2a: Pincurchin|171/258\n|\n|-heal|p2a: Pincurchin|187/258|[from] item: Leftovers\n|upkeep\n|turn|20\n|inactive|dude93 has 60 seconds left.\n|\n|t:|1733888147\n|move|p1a: Pachirisu|Super Fang|p2a: Pincurchin\n|-damage|p2a: Pincurchin|94/258\n|move|p2a: Pincurchin|Scald|p1a: Pachirisu\n|-damage|p1a: Pachirisu|152/271\n|\n|-heal|p2a: Pincurchin|110/258|[from] item: Leftovers\n|-fieldend|move: Electric Terrain\n|upkeep\n|turn|21\n|\n|t:|1733888156\n|move|p1a: Pachirisu|U-turn|p2a: Pincurchin\n|-damage|p2a: Pincurchin|81/258\n|inactive|dude93 has 60 seconds left.\n|\n|t:|1733888173\n|switch|p1a: Appletun|Appletun, L92, F, tera:Steel|322/352|[from] U-turn\n|-damage|p1a: Appletun|300/352|[from] Stealth Rock\n|-damage|p1a: Appletun|256/352|[from] Spikes\n|move|p2a: Pincurchin|Scald|p1a: Appletun\n|-damage|p1a: Appletun|186/352\n|\n|-heal|p1a: Appletun|208/352|[from] item: Leftovers\n|-heal|p2a: Pincurchin|97/258|[from] item: Leftovers\n|upkeep\n|turn|22\n|inactive|dude93 has 60 seconds left.\n|\n|t:|1733888194\n|switch|p2a: Heatran|Heatran, L79, M, tera:Flying|77/273\n|-damage|p2a: Heatran|9/273|[from] Stealth Rock\n|move|p1a: Appletun|Leech Seed|p2a: Heatran\n|-start|p2a: Heatran|move: Leech Seed\n|\n|-heal|p1a: Appletun|230/352|[from] item: Leftovers\n|-damage|p2a: Heatran|0 fnt|[from] Leech Seed|[of] p1a: Appletun\n|-heal|p1a: Appletun|239/352|[silent]\n|faint|p2a: Heatran\n|upkeep\n|inactive|BV21BEST has 120 seconds left.\n|\n|t:|1733888208\n|switch|p2a: Sableye|Sableye, L89, M|124/234\n|-damage|p2a: Sableye|95/234|[from] Stealth Rock\n|turn|23\n|inactive|dude93 has 60 seconds left.\n|inactive|BV21BEST has 120 seconds left.\n|\n|t:|1733888227\n|move|p2a: Sableye|Knock Off|p1a: Appletun\n|-damage|p1a: Appletun|145/352\n|-enditem|p1a: Appletun|Leftovers|[from] move: Knock Off|[of] p2a: Sableye\n|move|p1a: Appletun|Leech Seed|p2a: Sableye\n|-start|p2a: Sableye|move: Leech Seed\n|\n|-heal|p2a: Sableye|109/234|[from] item: Leftovers\n|-damage|p2a: Sableye|80/234|[from] Leech Seed|[of] p1a: Appletun\n|-heal|p1a: Appletun|174/352|[silent]\n|upkeep\n|turn|24\n|\n|t:|1733888235\n|move|p2a: Sableye|Encore|p1a: Appletun\n|-start|p1a: Appletun|Encore\n|move|p1a: Appletun|Leech Seed||[still]\n|-fail|p1a: Appletun\n|\n|-heal|p2a: Sableye|94/234|[from] item: Leftovers\n|-damage|p2a: Sableye|65/234|[from] Leech Seed|[of] p1a: Appletun\n|-heal|p1a: Appletun|203/352|[silent]\n|upkeep\n|turn|25\n|inactive|dude93 has 60 seconds left.\n|inactive|BV21BEST has 120 seconds left.\n|\n|t:|1733888257\n|switch|p1a: Mudsdale|Mudsdale, L84, M|136/305\n|-damage|p1a: Mudsdale|117/305|[from] Stealth Rock\n|-damage|p1a: Mudsdale|79/305|[from] Spikes\n|move|p2a: Sableye|Knock Off|p1a: Mudsdale\n|-damage|p1a: Mudsdale|0 fnt\n|-enditem|p1a: Mudsdale|Leftovers|[from] move: Knock Off|[of] p2a: Sableye\n|faint|p1a: Mudsdale\n|\n|-heal|p2a: Sableye|79/234|[from] item: Leftovers\n|upkeep\n|inactive|dude93 has 60 seconds left.\n|\n|t:|1733888271\n|switch|p1a: Pachirisu|Pachirisu, L96, M|152/271\n|-damage|p1a: Pachirisu|119/271|[from] Stealth Rock\n|-damage|p1a: Pachirisu|86/271|[from] Spikes\n|turn|26\n|inactive|dude93 has 60 seconds left.\n|\n|t:|1733888279\n|move|p1a: Pachirisu|U-turn|p2a: Sableye\n|-damage|p2a: Sableye|39/234\n|inactive|dude93 has 60 seconds left.\n|\n|t:|1733888284\n|switch|p1a: Appletun|Appletun, L92, F, tera:Steel|203/352|[from] U-turn\n|-damage|p1a: Appletun|181/352|[from] Stealth Rock\n|-damage|p1a: Appletun|137/352|[from] Spikes\n|move|p2a: Sableye|Knock Off|p1a: Appletun\n|-damage|p1a: Appletun|70/352\n|\n|-heal|p2a: Sableye|53/234|[from] item: Leftovers\n|-damage|p2a: Sableye|24/234|[from] Leech Seed|[of] p1a: Appletun\n|-heal|p1a: Appletun|99/352|[silent]\n|upkeep\n|turn|27\n|\n|t:|1733888302\n|switch|p2a: Poliwrath|Poliwrath, L88, F|64/302\n|-damage|p2a: Poliwrath|46/302|[from] Stealth Rock\n|move|p1a: Appletun|Recover|p1a: Appletun\n|-heal|p1a: Appletun|275/352\n|\n|upkeep\n|turn|28\n|inactive|dude93 has 60 seconds left.\n|\n|t:|1733888318\n|move|p2a: Poliwrath|Close Combat|p1a: Appletun\n|-supereffective|p1a: Appletun\n|-damage|p1a: Appletun|0 fnt\n|-unboost|p2a: Poliwrath|def|1\n|-unboost|p2a: Poliwrath|spd|1\n|faint|p1a: Appletun\n|-damage|p2a: Poliwrath|16/302|[from] item: Life Orb\n|\n|upkeep\n|inactive|dude93 has 60 seconds left.\n|\n|t:|1733888329\n|switch|p1a: Pachirisu|Pachirisu, L96, M|86/271\n|-damage|p1a: Pachirisu|53/271|[from] Stealth Rock\n|-damage|p1a: Pachirisu|20/271|[from] Spikes\n|turn|29\n|inactive|dude93 has 60 seconds left.\n|\n|t:|1733888343\n|switch|p2a: Pincurchin|Pincurchin, M|97/258\n|-damage|p2a: Pincurchin|65/258|[from] Stealth Rock\n|-fieldstart|move: Electric Terrain|[from] ability: Electric Surge|[of] p2a: Pincurchin\n|move|p1a: Pachirisu|Thunderbolt|p2a: Pincurchin\n|-resisted|p2a: Pincurchin\n|-damage|p2a: Pincurchin|22/258\n|\n|-heal|p2a: Pincurchin|38/258|[from] item: Leftovers\n|upkeep\n|turn|30\n|\n|t:|1733888353\n|move|p1a: Pachirisu|Thunderbolt|p2a: Pincurchin\n|-resisted|p2a: Pincurchin\n|-damage|p2a: Pincurchin|0 fnt\n|faint|p2a: Pincurchin\n|\n|upkeep\n|\n|t:|1733888360\n|switch|p2a: Sableye|Sableye, L89, M|24/234\n|-damage|p2a: Sableye|0 fnt|[from] Stealth Rock\n|faint|p2a: Sableye\n|\n|t:|1733888364\n|switch|p2a: Poliwrath|Poliwrath, L88, F|16/302\n|-damage|p2a: Poliwrath|0 fnt|[from] Stealth Rock\n|faint|p2a: Poliwrath\n|\n|t:|1733888368\n|switch|p2a: Raikou|Raikou, L81|278/278\n|-damage|p2a: Raikou|244/278|[from] Stealth Rock\n|-ability|p2a: Raikou|Pressure\n|turn|31\n|inactive|dude93 has 60 seconds left.\n|\n|t:|1733888408\n|move|p1a: Pachirisu|Super Fang|p2a: Raikou\n|-damage|p2a: Raikou|122/278\n|move|p2a: Raikou|Shadow Ball|p1a: Pachirisu\n|-damage|p1a: Pachirisu|0 fnt\n|faint|p1a: Pachirisu\n|\n|-heal|p2a: Raikou|139/278|[from] item: Leftovers\n|upkeep\n|\n|t:|1733888413\n|switch|p1a: Kingambit|Kingambit, L74, F|270/270\n|-damage|p1a: Kingambit|254/270|[from] Stealth Rock\n|-damage|p1a: Kingambit|221/270|[from] Spikes\n|-activate|p1a: Kingambit|ability: Supreme Overlord\n|-start|p1a: Kingambit|fallen5|[silent]\n|turn|32\n|inactive|dude93 has 60 seconds left.\n|\n|t:|1733888426\n|move|p2a: Raikou|Calm Mind|p2a: Raikou\n|-boost|p2a: Raikou|spa|1\n|-boost|p2a: Raikou|spd|1\n|move|p1a: Kingambit|Kowtow Cleave|p2a: Raikou\n|-damage|p2a: Raikou|0 fnt\n|faint|p2a: Raikou\n|\n|win|dude93\n|raw|dude93's rating: 1399 &rarr; <strong>1415</strong><br />(+16 for winning)\n|raw|BV21BEST's rating: 1337 &rarr; <strong>1321</strong><br />(-16 for losing)\n|l|\u2606BV21BEST\n|player|p2|\n", "inputlog": ">version bfd83cad13791eb5a5a409923076391caf6fb4d4\n>start {\"formatid\":\"gen9randombattle\",\"seed\":[8493,23572,54263,48068],\"rated\":\"Rated battle\"}\n>player p1 {\"name\":\"dude93\",\"avatar\":\"volkner\",\"rating\":1399,\"seed\":[15241,38090,25313,4342]}\n>player p2 {\"name\":\"BV21BEST\",\"avatar\":\"102\",\"rating\":1337,\"seed\":[31782,55309,15478,17014]}\n>p1 switch 5\n>p2 move stealthrock\n>p1 move uturn\n>p2 switch 6\n>p1 switch 4\n>p1 move hurricane\n>p2 move gigadrain\n>p2 switch 6\n>p1 move hurricane\n>p2 move flashcannon\n>p1 move hurricane\n>p2 move flashcannon\n>p1 switch 2\n>p1 move stealthrock\n>p2 switch 4\n>p1 switch 3\n>p2 move liquidation\n>p1 move sludgewave\n>p2 move knockoff\n>p1 move dracometeor\n>p2 switch 4\n>p1 switch 3\n>p2 move earthpower\n>p1 move roar\n>p2 move magmastorm terastallize\n>p1 switch 5\n>p2 move liquidation\n>p1 move dragonpulse terastallize\n>p2 switch 3\n>p1 switch 3\n>p2 move thunderwave\n>p1 move toxicspikes\n>p2 move knockoff\n>p1 switch 4\n>p1 move nuzzle\n>p2 switch 5\n>p1 move superfang\n>p2 move spikes\n>p1 move superfang\n>p2 move scald\n>p1 move superfang\n>p2 move recover\n>p1 move superfang\n>p2 move scald\n>p1 move uturn\n>p2 move scald\n>p1 switch 3\n>p1 move leechseed\n>p2 switch 4\n>p2 switch 5\n>p1 move leechseed\n>p2 move knockoff\n>p1 move recover\n>p2 move encore\n>p1 switch 5\n>p2 move knockoff\n>p1 switch 3\n>p1 move uturn\n>p2 move knockoff\n>p1 switch 5\n>p1 move recover\n>p2 switch 3\n>p1 move appleacid\n>p2 move closecombat\n>p1 switch 5\n>p1 move thunderbolt\n>p2 switch 4\n>p1 move thunderbolt\n>p2 move recover\n>p2 switch 3\n>p2 switch 4\n>p2 switch 2\n>p1 move superfang\n>p2 move shadowball\n>p1 switch 6\n>p1 move kowtowcleave\n>p2 move calmmind", "uploadtime": 1733888434, "views": 8, "formatid": "gen9randombattle", "rating": 1321, "private": 0, "password": null}