{"id": "gen9randombattle-2260652424", "format": "[Gen 9] Random Battle", "players": ["Stef50S", "Katapusan"], "log": "|j|\u2606Stef50S\n|j|\u2606Katapusan\n|t:|1733874085\n|gametype|singles\n|player|p1|Stef50S|1|1571\n|player|p2|Katapusan|fisherman-gen4|1524\n|teamsize|p1|6\n|teamsize|p2|6\n|gen|9\n|tier|[Gen 9] Random Battle\n|rated|\n|rule|Species Clause: Limit one of each Pok\u00e9mon\n|rule|HP Percentage Mod: HP is shown in percentages\n|rule|Sleep Clause Mod: Limit one foe put to sleep\n|rule|Illusion Level Mod: Illusion disguises the Pok\u00e9mon's true level\n|\n|t:|1733874085\n|start\n|switch|p1a: Flareon|Flareon, L90, M|263/263\n|switch|p2a: Whimsicott|Whimsicott, L85, M|241/241\n|turn|1\n|inactive|Battle timer is ON: inactive players will automatically lose when time's up. (requested by Katapusan)\n|\n|t:|1733874105\n|move|p2a: Whimsicott|U-turn|p1a: Flareon\n|-resisted|p1a: Flareon\n|-damage|p1a: Flareon|238/263\n|\n|t:|1733874106\n|switch|p2a: Altaria|Altaria, L88, M|275/275|[from] U-turn\n|move|p1a: Flareon|Trailblaze|p2a: Altaria\n|-resisted|p2a: Altaria\n|-damage|p2a: Altaria|263/275\n|-boost|p1a: Flareon|spe|1\n|\n|-status|p1a: Flareon|tox|[from] item: Toxic Orb\n|upkeep\n|turn|2\n|\n|t:|1733874118\n|move|p1a: Flareon|Facade|p2a: Altaria\n|-damage|p2a: Altaria|49/275\n|move|p2a: Altaria|Earthquake|p1a: Flareon\n|-supereffective|p1a: Flareon\n|-damage|p1a: Flareon|92/263 tox\n|\n|-damage|p1a: Flareon|76/263 tox|[from] psn\n|upkeep\n|turn|3\n|\n|t:|1733874126\n|switch|p2a: Metagross|Metagross, L79|256/256\n|move|p1a: Flareon|Quick Attack|p2a: Metagross\n|-resisted|p2a: Metagross\n|-damage|p2a: Metagross|232/256\n|\n|-damage|p1a: Flareon|44/263 tox|[from] psn\n|upkeep\n|turn|4\n|\n|t:|1733874135\n|switch|p2a: Altaria|Altaria, L88, M|49/275\n|move|p1a: Flareon|Flare Blitz|p2a: Altaria\n|-resisted|p2a: Altaria\n|-damage|p2a: Altaria|0 fnt\n|faint|p2a: Altaria\n|-damage|p1a: Flareon|28/263 tox|[from] Recoil\n|\n|-damage|p1a: Flareon|0 fnt|[from] psn\n|faint|p1a: Flareon\n|upkeep\n|\n|t:|1733874158\n|switch|p2a: Whimsicott|Whimsicott, L85, M|241/241\n|switch|p1a: Spiritomb|Spiritomb, L89, M|234/234\n|turn|5\n|\n|t:|1733874171\n|move|p2a: Whimsicott|Moonblast|p1a: Spiritomb\n|-supereffective|p1a: Spiritomb\n|-damage|p1a: Spiritomb|102/234\n|move|p1a: Spiritomb|Poltergeist|p2a: Whimsicott\n|-activate|p2a: Whimsicott|move: Poltergeist|Heavy-Duty Boots\n|-damage|p2a: Whimsicott|46/241\n|\n|upkeep\n|turn|6\n|\n|t:|1733874191\n|switch|p1a: Scream Tail|Scream Tail, L84|330/330\n|move|p2a: Whimsicott|Moonblast|p1a: Scream Tail\n|-damage|p1a: Scream Tail|255/330\n|-unboost|p1a: Scream Tail|spa|1\n|\n|-heal|p1a: Scream Tail|275/330|[from] item: Leftovers\n|upkeep\n|turn|7\n|\n|t:|1733874206\n|move|p2a: Whimsicott|Stun Spore|p1a: Scream Tail\n|-status|p1a: Scream Tail|par\n|move|p1a: Scream Tail|Thunder Wave|p2a: Whimsicott\n|-status|p2a: Whimsicott|par\n|\n|-heal|p1a: Scream Tail|295/330 par|[from] item: Leftovers\n|upkeep\n|turn|8\n|\n|t:|1733874213\n|switch|p2a: Metagross|Metagross, L79|232/256\n|move|p1a: Scream Tail|Play Rough|p2a: Metagross\n|-resisted|p2a: Metagross\n|-damage|p2a: Metagross|204/256\n|\n|-heal|p1a: Scream Tail|315/330 par|[from] item: Leftovers\n|upkeep\n|turn|9\n|\n|t:|1733874232\n|-end|p1a: Scream Tail|Protosynthesis|[silent]\n|switch|p1a: Ting-Lu|Ting-Lu, L78|370/370\n|-ability|p1a: Ting-Lu|Vessel of Ruin\n|-terastallize|p2a: Metagross|Ground\n|move|p2a: Metagross|Agility|p2a: Metagross\n|-boost|p2a: Metagross|spe|2\n|\n|upkeep\n|turn|10\n|inactive|Stef50S has 120 seconds left.\n|\n|t:|1733874251\n|move|p2a: Metagross|Knock Off|p1a: Ting-Lu\n|-resisted|p1a: Ting-Lu\n|-damage|p1a: Ting-Lu|336/370\n|-enditem|p1a: Ting-Lu|Leftovers|[from] move: Knock Off|[of] p2a: Metagross\n|move|p1a: Ting-Lu|Stealth Rock|p2a: Metagross\n|-sidestart|p2: Katapusan|move: Stealth Rock\n|\n|upkeep\n|turn|11\n|\n|t:|1733874257\n|move|p2a: Metagross|Earthquake|p1a: Ting-Lu\n|-damage|p1a: Ting-Lu|236/370\n|move|p1a: Ting-Lu|Spikes|p2a: Metagross\n|-sidestart|p2: Katapusan|Spikes\n|\n|upkeep\n|turn|12\n|\n|t:|1733874264\n|move|p2a: Metagross|Earthquake|p1a: Ting-Lu\n|-damage|p1a: Ting-Lu|133/370\n|move|p1a: Ting-Lu|Spikes|p2a: Metagross\n|-sidestart|p2: Katapusan|Spikes\n|\n|upkeep\n|turn|13\n|\n|t:|1733874273\n|move|p2a: Metagross|Earthquake|p1a: Ting-Lu\n|-damage|p1a: Ting-Lu|28/370\n|move|p1a: Ting-Lu|Earthquake|p2a: Metagross\n|-damage|p2a: Metagross|119/256\n|\n|upkeep\n|turn|14\n|\n|t:|1733874280\n|move|p2a: Metagross|Earthquake|p1a: Ting-Lu\n|-damage|p1a: Ting-Lu|0 fnt\n|faint|p1a: Ting-Lu\n|\n|upkeep\n|\n|t:|1733874286\n|switch|p1a: Spiritomb|Spiritomb, L89, M|102/234\n|turn|15\n|\n|t:|1733874297\n|move|p1a: Spiritomb|Shadow Sneak|p2a: Metagross\n|-damage|p2a: Metagross|62/256\n|move|p2a: Metagross|Heavy Slam|p1a: Spiritomb\n|-damage|p1a: Spiritomb|0 fnt\n|faint|p1a: Spiritomb\n|\n|upkeep\n|\n|t:|1733874306\n|switch|p1a: Sandaconda|Sandaconda, L84, F|258/258\n|turn|16\n|\n|t:|1733874311\n|move|p2a: Metagross|Knock Off|p1a: Sandaconda\n|-damage|p1a: Sandaconda|201/258\n|-enditem|p1a: Sandaconda|Leftovers|[from] move: Knock Off|[of] p2a: Metagross\n|move|p1a: Sandaconda|Coil|p1a: Sandaconda\n|-boost|p1a: Sandaconda|atk|1\n|-boost|p1a: Sandaconda|def|1\n|-boost|p1a: Sandaconda|accuracy|1\n|\n|upkeep\n|turn|17\n|\n|t:|1733874322\n|switch|p2a: Whimsicott|Whimsicott, L85, M|46/241 par\n|move|p1a: Sandaconda|Coil|p1a: Sandaconda\n|-boost|p1a: Sandaconda|atk|1\n|-boost|p1a: Sandaconda|def|1\n|-boost|p1a: Sandaconda|accuracy|1\n|\n|upkeep\n|turn|18\n|\n|t:|1733874329\n|cant|p2a: Whimsicott|par\n|move|p1a: Sandaconda|Stone Edge|p2a: Whimsicott\n|-damage|p2a: Whimsicott|0 fnt\n|faint|p2a: Whimsicott\n|\n|upkeep\n|\n|t:|1733874338\n|switch|p2a: Donphan|Donphan, L84, M|288/288\n|-damage|p2a: Donphan|270/288|[from] Stealth Rock\n|-damage|p2a: Donphan|222/288|[from] Spikes\n|turn|19\n|\n|t:|1733874344\n|move|p1a: Sandaconda|Earthquake|p2a: Donphan\n|-damage|p2a: Donphan|45/288\n|move|p2a: Donphan|Rapid Spin|p1a: Sandaconda\n|-damage|p1a: Sandaconda|184/258\n|-boost|p2a: Donphan|spe|1\n|-sideend|p2: Katapusan|Spikes|[from] move: Rapid Spin|[of] p2a: Donphan\n|-sideend|p2: Katapusan|Stealth Rock|[from] move: Rapid Spin|[of] p2a: Donphan\n|\n|-heal|p2a: Donphan|63/288|[from] item: Leftovers\n|upkeep\n|turn|20\n|\n|t:|1733874354\n|move|p2a: Donphan|Earthquake|p1a: Sandaconda\n|-damage|p1a: Sandaconda|139/258\n|move|p1a: Sandaconda|Earthquake|p2a: Donphan\n|-damage|p2a: Donphan|0 fnt\n|faint|p2a: Donphan\n|\n|upkeep\n|\n|t:|1733874357\n|switch|p2a: Raichu|Raichu-Alola, L87, M|246/246\n|turn|21\n|\n|t:|1733874373\n|move|p2a: Raichu|Grass Knot|p1a: Sandaconda\n|-supereffective|p1a: Sandaconda\n|-damage|p1a: Sandaconda|0 fnt\n|faint|p1a: Sandaconda\n|\n|upkeep\n|\n|t:|1733874382\n|switch|p1a: Scream Tail|Scream Tail, L84|315/330 par\n|turn|22\n|\n|t:|1733874386\n|switch|p2a: Magcargo|Magcargo, L95, F|268/268\n|cant|p1a: Scream Tail|par\n|\n|-heal|p1a: Scream Tail|330/330 par|[from] item: Leftovers\n|upkeep\n|turn|23\n|\n|t:|1733874396\n|-end|p1a: Scream Tail|Protosynthesis|[silent]\n|switch|p1a: Regigigas|Regigigas, L84|322/322\n|-start|p1a: Regigigas|ability: Slow Start\n|move|p2a: Magcargo|Lava Plume|p1a: Regigigas\n|-damage|p1a: Regigigas|241/322\n|-status|p1a: Regigigas|brn\n|\n|-heal|p1a: Regigigas|261/322 brn|[from] item: Leftovers\n|-damage|p1a: Regigigas|241/322 brn|[from] brn\n|upkeep\n|turn|24\n|\n|t:|1733874408\n|switch|p2a: Raichu|Raichu-Alola, L87, M|246/246\n|move|p1a: Regigigas|Rest|p1a: Regigigas\n|-status|p1a: Regigigas|slp|[from] move: Rest\n|-heal|p1a: Regigigas|322/322 slp|[silent]\n|\n|upkeep\n|turn|25\n|\n|t:|1733874417\n|move|p2a: Raichu|Thunderbolt|p1a: Regigigas\n|-damage|p1a: Regigigas|198/322 slp\n|cant|p1a: Regigigas|slp\n|move|p1a: Regigigas|Sleep Talk|p1a: Regigigas\n|move|p1a: Regigigas|Rest||[from]move: Sleep Talk|[still]\n|-fail|p1a: Regigigas\n|\n|-heal|p1a: Regigigas|218/322 slp|[from] item: Leftovers\n|upkeep\n|turn|26\n|\n|t:|1733874425\n|move|p2a: Raichu|Thunderbolt|p1a: Regigigas\n|-crit|p1a: Regigigas\n|-damage|p1a: Regigigas|35/322 slp\n|cant|p1a: Regigigas|slp\n|move|p1a: Regigigas|Sleep Talk|p1a: Regigigas\n|move|p1a: Regigigas|Knock Off|p2a: Raichu|[from]move: Sleep Talk\n|-supereffective|p2a: Raichu\n|-damage|p2a: Raichu|110/246\n|-enditem|p2a: Raichu|Choice Specs|[from] move: Knock Off|[of] p1a: Regigigas\n|\n|-heal|p1a: Regigigas|55/322 slp|[from] item: Leftovers\n|upkeep\n|turn|27\n|\n|t:|1733874449\n|move|p2a: Raichu|Alluring Voice|p1a: Regigigas\n|-damage|p1a: Regigigas|8/322 slp\n|-curestatus|p1a: Regigigas|slp|[msg]\n|move|p1a: Regigigas|Rest|p1a: Regigigas\n|-status|p1a: Regigigas|slp|[from] move: Rest\n|-heal|p1a: Regigigas|322/322 slp|[silent]\n|\n|upkeep\n|turn|28\n|\n|t:|1733874462\n|move|p2a: Raichu|Thunderbolt|p1a: Regigigas\n|-damage|p1a: Regigigas|235/322 slp\n|cant|p1a: Regigigas|slp\n|move|p1a: Regigigas|Sleep Talk|p1a: Regigigas\n|move|p1a: Regigigas|Rest||[from]move: Sleep Talk|[still]\n|-fail|p1a: Regigigas\n|\n|-heal|p1a: Regigigas|255/322 slp|[from] item: Leftovers\n|-end|p1a: Regigigas|Slow Start\n|upkeep\n|turn|29\n|\n|t:|1733874471\n|move|p2a: Raichu|Thunderbolt|p1a: Regigigas\n|-damage|p1a: Regigigas|179/322 slp\n|cant|p1a: Regigigas|slp\n|move|p1a: Regigigas|Sleep Talk|p1a: Regigigas\n|move|p1a: Regigigas|Rest||[from]move: Sleep Talk|[still]\n|-fail|p1a: Regigigas\n|\n|-heal|p1a: Regigigas|199/322 slp|[from] item: Leftovers\n|upkeep\n|turn|30\n|\n|t:|1733874480\n|move|p2a: Raichu|Psyshock|p1a: Regigigas\n|-damage|p1a: Regigigas|120/322 slp\n|-curestatus|p1a: Regigigas|slp|[msg]\n|move|p1a: Regigigas|Body Slam|p2a: Raichu\n|-damage|p2a: Raichu|0 fnt\n|faint|p2a: Raichu\n|\n|-heal|p1a: Regigigas|140/322|[from] item: Leftovers\n|upkeep\n|\n|t:|1733874485\n|switch|p2a: Magcargo|Magcargo, L95, F|268/268\n|turn|31\n|\n|t:|1733874492\n|move|p1a: Regigigas|Knock Off|p2a: Magcargo\n|-damage|p2a: Magcargo|194/268\n|-enditem|p2a: Magcargo|Heavy-Duty Boots|[from] move: Knock Off|[of] p1a: Regigigas\n|move|p2a: Magcargo|Lava Plume|p1a: Regigigas\n|-damage|p1a: Regigigas|52/322\n|\n|-heal|p1a: Regigigas|72/322|[from] item: Leftovers\n|upkeep\n|turn|32\n|\n|t:|1733874502\n|move|p1a: Regigigas|Rest|p1a: Regigigas\n|-status|p1a: Regigigas|slp|[from] move: Rest\n|-heal|p1a: Regigigas|322/322 slp|[silent]\n|move|p2a: Magcargo|Lava Plume|p1a: Regigigas\n|-damage|p1a: Regigigas|234/322 slp\n|\n|-heal|p1a: Regigigas|254/322 slp|[from] item: Leftovers\n|upkeep\n|turn|33\n|\n|t:|1733874510\n|cant|p1a: Regigigas|slp\n|move|p1a: Regigigas|Sleep Talk|p1a: Regigigas\n|move|p1a: Regigigas|Body Slam|p2a: Magcargo|[from]move: Sleep Talk\n|-resisted|p2a: Magcargo\n|-damage|p2a: Magcargo|143/268\n|move|p2a: Magcargo|Lava Plume|p1a: Regigigas\n|-damage|p1a: Regigigas|175/322 slp\n|\n|-heal|p1a: Regigigas|195/322 slp|[from] item: Leftovers\n|upkeep\n|turn|34\n|\n|t:|1733874519\n|cant|p1a: Regigigas|slp\n|move|p1a: Regigigas|Sleep Talk|p1a: Regigigas\n|move|p1a: Regigigas|Body Slam|p2a: Magcargo|[from]move: Sleep Talk\n|-resisted|p2a: Magcargo\n|-damage|p2a: Magcargo|98/268\n|-status|p2a: Magcargo|par\n|move|p2a: Magcargo|Power Gem|p1a: Regigigas\n|-damage|p1a: Regigigas|116/322 slp\n|\n|-heal|p1a: Regigigas|136/322 slp|[from] item: Leftovers\n|upkeep\n|turn|35\n|\n|t:|1733874530\n|-curestatus|p1a: Regigigas|slp|[msg]\n|move|p1a: Regigigas|Rest|p1a: Regigigas\n|-status|p1a: Regigigas|slp|[from] move: Rest\n|-heal|p1a: Regigigas|322/322 slp|[silent]\n|move|p2a: Magcargo|Recover|p2a: Magcargo\n|-heal|p2a: Magcargo|232/268 par\n|\n|upkeep\n|turn|36\n|\n|t:|1733874543\n|cant|p1a: Regigigas|slp\n|move|p1a: Regigigas|Sleep Talk|p1a: Regigigas\n|move|p1a: Regigigas|Rest||[from]move: Sleep Talk|[still]\n|-fail|p1a: Regigigas\n|move|p2a: Magcargo|Lava Plume|p1a: Regigigas\n|-damage|p1a: Regigigas|235/322 slp\n|\n|-heal|p1a: Regigigas|255/322 slp|[from] item: Leftovers\n|upkeep\n|turn|37\n|\n|t:|1733874553\n|cant|p1a: Regigigas|slp\n|move|p1a: Regigigas|Sleep Talk|p1a: Regigigas\n|move|p1a: Regigigas|Rest||[from]move: Sleep Talk|[still]\n|-fail|p1a: Regigigas\n|move|p2a: Magcargo|Lava Plume|p1a: Regigigas\n|-damage|p1a: Regigigas|164/322 slp\n|\n|-heal|p1a: Regigigas|184/322 slp|[from] item: Leftovers\n|upkeep\n|turn|38\n|\n|t:|1733874578\n|-curestatus|p1a: Regigigas|slp|[msg]\n|move|p1a: Regigigas|Knock Off|p2a: Magcargo\n|-damage|p2a: Magcargo|185/268 par\n|move|p2a: Magcargo|Power Gem|p1a: Regigigas\n|-damage|p1a: Regigigas|102/322\n|\n|-heal|p1a: Regigigas|122/322|[from] item: Leftovers\n|upkeep\n|turn|39\n|\n|t:|1733874586\n|move|p1a: Regigigas|Body Slam|p2a: Magcargo\n|-resisted|p2a: Magcargo\n|-damage|p2a: Magcargo|137/268 par\n|-status|p1a: Regigigas|brn|[from] ability: Flame Body|[of] p2a: Magcargo\n|cant|p2a: Magcargo|par\n|\n|-heal|p1a: Regigigas|142/322 brn|[from] item: Leftovers\n|-damage|p1a: Regigigas|122/322 brn|[from] brn\n|upkeep\n|turn|40\n|inactive|Stef50S has 120 seconds left.\n|\n|t:|1733874631\n|move|p1a: Regigigas|Rest|p1a: Regigigas\n|-status|p1a: Regigigas|slp|[from] move: Rest\n|-heal|p1a: Regigigas|322/322 slp|[silent]\n|cant|p2a: Magcargo|par\n|\n|upkeep\n|turn|41\n|\n|t:|1733874637\n|cant|p1a: Regigigas|slp\n|move|p1a: Regigigas|Sleep Talk|p1a: Regigigas\n|move|p1a: Regigigas|Knock Off|p2a: Magcargo|[from]move: Sleep Talk\n|-damage|p2a: Magcargo|87/268 par\n|move|p2a: Magcargo|Recover|p2a: Magcargo\n|-heal|p2a: Magcargo|221/268 par\n|\n|upkeep\n|turn|42\n|\n|t:|1733874645\n|cant|p1a: Regigigas|slp\n|move|p1a: Regigigas|Sleep Talk|p1a: Regigigas\n|move|p1a: Regigigas|Rest||[from]move: Sleep Talk|[still]\n|-fail|p1a: Regigigas\n|move|p2a: Magcargo|Lava Plume|p1a: Regigigas\n|-damage|p1a: Regigigas|238/322 slp\n|\n|-heal|p1a: Regigigas|258/322 slp|[from] item: Leftovers\n|upkeep\n|turn|43\n|\n|t:|1733874656\n|-curestatus|p1a: Regigigas|slp|[msg]\n|move|p1a: Regigigas|Body Slam|p2a: Magcargo\n|-resisted|p2a: Magcargo\n|-damage|p2a: Magcargo|177/268 par\n|move|p2a: Magcargo|Power Gem|p1a: Regigigas\n|-damage|p1a: Regigigas|167/322\n|\n|-heal|p1a: Regigigas|187/322|[from] item: Leftovers\n|upkeep\n|turn|44\n|\n|t:|1733874664\n|move|p1a: Regigigas|Body Slam|p2a: Magcargo\n|-resisted|p2a: Magcargo\n|-damage|p2a: Magcargo|131/268 par\n|move|p2a: Magcargo|Power Gem|p1a: Regigigas\n|-damage|p1a: Regigigas|102/322\n|\n|-heal|p1a: Regigigas|122/322|[from] item: Leftovers\n|upkeep\n|turn|45\n|inactive|Stef50S has 120 seconds left.\n|\n|t:|1733874681\n|move|p1a: Regigigas|Body Slam|p2a: Magcargo\n|-resisted|p2a: Magcargo\n|-damage|p2a: Magcargo|84/268 par\n|-status|p1a: Regigigas|brn|[from] ability: Flame Body|[of] p2a: Magcargo\n|move|p2a: Magcargo|Power Gem|p1a: Regigigas\n|-crit|p1a: Regigigas\n|-damage|p1a: Regigigas|0 fnt\n|faint|p1a: Regigigas\n|-end|p1a: Regigigas|Slow Start|[silent]\n|\n|upkeep\n|inactive|Stef50S has 120 seconds left.\n|\n|t:|1733874689\n|switch|p1a: Scream Tail|Scream Tail, L84|330/330 par\n|turn|46\n|\n|t:|1733874697\n|move|p1a: Scream Tail|Play Rough|p2a: Magcargo\n|-resisted|p2a: Magcargo\n|-damage|p2a: Magcargo|59/268 par\n|move|p2a: Magcargo|Recover|p2a: Magcargo\n|-heal|p2a: Magcargo|193/268 par\n|\n|upkeep\n|turn|47\n|inactive|Stef50S has 120 seconds left.\n|\n|t:|1733874716\n|move|p1a: Scream Tail|Play Rough|p2a: Magcargo\n|-resisted|p2a: Magcargo\n|-damage|p2a: Magcargo|168/268 par\n|-unboost|p2a: Magcargo|atk|1\n|move|p2a: Magcargo|Lava Plume|p1a: Scream Tail\n|-damage|p1a: Scream Tail|246/330 par\n|\n|-heal|p1a: Scream Tail|266/330 par|[from] item: Leftovers\n|upkeep\n|turn|48\n|\n|t:|1733874724\n|move|p1a: Scream Tail|Play Rough|p2a: Magcargo\n|-resisted|p2a: Magcargo\n|-damage|p2a: Magcargo|142/268 par\n|cant|p2a: Magcargo|par\n|\n|-heal|p1a: Scream Tail|286/330 par|[from] item: Leftovers\n|upkeep\n|turn|49\n|\n|t:|1733874731\n|cant|p1a: Scream Tail|par\n|move|p2a: Magcargo|Power Gem|p1a: Scream Tail\n|-damage|p1a: Scream Tail|207/330 par\n|\n|-heal|p1a: Scream Tail|227/330 par|[from] item: Leftovers\n|upkeep\n|turn|50\n|\n|t:|1733874738\n|move|p1a: Scream Tail|Play Rough|p2a: Magcargo\n|-resisted|p2a: Magcargo\n|-damage|p2a: Magcargo|118/268 par\n|move|p2a: Magcargo|Power Gem|p1a: Scream Tail\n|-damage|p1a: Scream Tail|148/330 par\n|\n|-heal|p1a: Scream Tail|168/330 par|[from] item: Leftovers\n|upkeep\n|turn|51\n|\n|t:|1733874748\n|move|p1a: Scream Tail|Wish|p1a: Scream Tail\n|cant|p2a: Magcargo|par\n|\n|-heal|p1a: Scream Tail|188/330 par|[from] item: Leftovers\n|upkeep\n|turn|52\n|\n|t:|1733874752\n|switch|p2a: Metagross|Metagross, L79, tera:Ground|62/256\n|cant|p1a: Scream Tail|par\n|\n|-heal|p1a: Scream Tail|330/330 par|[from] move: Wish|[wisher] Scream Tail\n|upkeep\n|turn|53\n|\n|t:|1733874762\n|move|p2a: Metagross|Heavy Slam|p1a: Scream Tail\n|-supereffective|p1a: Scream Tail\n|-damage|p1a: Scream Tail|40/330 par\n|move|p1a: Scream Tail|Play Rough|p2a: Metagross\n|-damage|p2a: Metagross|5/256\n|\n|-heal|p1a: Scream Tail|60/330 par|[from] item: Leftovers\n|upkeep\n|turn|54\n|\n|t:|1733874769\n|move|p2a: Metagross|Heavy Slam|p1a: Scream Tail\n|-supereffective|p1a: Scream Tail\n|-crit|p1a: Scream Tail\n|-damage|p1a: Scream Tail|0 fnt\n|faint|p1a: Scream Tail\n|-end|p1a: Scream Tail|Protosynthesis|[silent]\n|\n|win|Katapusan\n|raw|Stef50S's rating: 1571 &rarr; <strong>1548</strong><br />(-23 for losing)\n|raw|Katapusan's rating: 1524 &rarr; <strong>1547</strong><br />(+23 for winning)\n|c|\u2606Katapusan|Gg\n|l|\u2606Stef50S\n|player|p1|\n", "inputlog": ">version bfd83cad13791eb5a5a409923076391caf6fb4d4\n>start {\"formatid\":\"gen9randombattle\",\"seed\":[50699,40504,16238,13666],\"rated\":\"Rated battle\"}\n>player p1 {\"name\":\"Stef50S\",\"avatar\":\"1\",\"rating\":1571,\"seed\":[47880,49057,39374,12391]}\n>player p2 {\"name\":\"Katapusan\",\"avatar\":\"fisherman-gen4\",\"rating\":1524,\"seed\":[15256,2325,2386,61009]}\n>p1 move trailblaze\n>p2 move uturn\n>p2 switch 5\n>p1 move facade\n>p2 move earthquake\n>p1 move quickattack\n>p2 switch 6\n>p1 move flareblitz\n>p2 switch 6\n>p1 switch 6\n>p2 switch 5\n>p1 move poltergeist\n>p2 move moonblast\n>p1 switch 4\n>p2 move moonblast\n>p1 move thunderwave\n>p2 move stunspore\n>p1 move playrough\n>p2 switch 6\n>p1 switch 5\n>p2 move agility terastallize\n>p1 move stealthrock\n>p2 move knockoff\n>p1 move spikes\n>p2 move earthquake\n>p1 move spikes\n>p2 move earthquake\n>p1 move earthquake\n>p2 move earthquake\n>p1 move spikes\n>p2 move earthquake\n>p1 switch 4\n>p1 move shadowsneak\n>p2 move heavyslam\n>p1 switch 3\n>p1 move coil\n>p2 move knockoff\n>p1 move coil\n>p2 switch 6\n>p1 move stoneedge\n>p2 move stunspore\n>p2 switch 3\n>p1 move earthquake\n>p2 move rapidspin\n>p1 move earthquake\n>p2 move earthquake\n>p2 switch 2\n>p1 move earthquake\n>p2 move grassknot\n>p1 switch 5\n>p1 move protect\n>p2 switch 4\n>p1 switch 2\n>p2 move lavaplume\n>p1 move rest\n>p2 switch 4\n>p1 move sleeptalk\n>p2 move thunderbolt\n>p1 move sleeptalk\n>p2 move thunderbolt\n>p1 move rest\n>p2 move alluringvoice\n>p1 move sleeptalk\n>p2 move thunderbolt\n>p1 move sleeptalk\n>p2 move thunderbolt\n>p1 move bodyslam\n>p2 move psyshock\n>p2 switch 4\n>p1 move knockoff\n>p2 move lavaplume\n>p1 move rest\n>p2 move lavaplume\n>p1 move sleeptalk\n>p2 move lavaplume\n>p1 move sleeptalk\n>p2 move powergem\n>p1 move rest\n>p2 move recover\n>p1 move sleeptalk\n>p2 move lavaplume\n>p1 move sleeptalk\n>p2 move lavaplume\n>p1 move knockoff\n>p2 move powergem\n>p1 move bodyslam\n>p2 move powergem\n>p1 move rest\n>p2 move recover\n>p1 move sleeptalk\n>p2 move recover\n>p1 move sleeptalk\n>p2 move lavaplume\n>p1 move bodyslam\n>p2 move powergem\n>p1 move bodyslam\n>p2 move powergem\n>p1 move bodyslam\n>p2 move powergem\n>p1 switch 2\n>p1 move playrough\n>p2 move recover\n>p1 move playrough\n>p2 move lavaplume\n>p1 move playrough\n>p2 move powergem\n>p1 move playrough\n>p2 move powergem\n>p1 move playrough\n>p2 move powergem\n>p1 move wish\n>p2 move powergem\n>p1 move playrough\n>p2 switch 6\n>p1 move playrough\n>p2 move heavyslam\n>p1 move playrough\n>p2 move heavyslam", "uploadtime": 1733874780, "views": 1, "formatid": "gen9randombattle", "rating": 1547, "private": 0, "password": null}