{"id": "gen9randombattle-2260785133", "format": "[Gen 9] Random Battle", "players": ["Coo1313", "I have aut"], "log": "|j|\u2606Coo1313\n|j|\u2606I have aut\n|t:|1733891699\n|gametype|singles\n|player|p1|Coo1313|#ndplivgalarianphoenix|1775\n|player|p2|I have aut|1|1805\n|teamsize|p1|6\n|teamsize|p2|6\n|gen|9\n|tier|[Gen 9] Random Battle\n|rated|\n|rule|Species Clause: Limit one of each Pok\u00e9mon\n|rule|HP Percentage Mod: HP is shown in percentages\n|rule|Sleep Clause Mod: Limit one foe put to sleep\n|rule|Illusion Level Mod: Illusion disguises the Pok\u00e9mon's true level\n|\n|t:|1733891699\n|start\n|switch|p1a: Politoed|Politoed, L88, F|302/302\n|switch|p2a: Kyurem|Kyurem, L77|319/319\n|-ability|p2a: Kyurem|Pressure\n|-weather|RainDance|[from] ability: Drizzle|[of] p1a: Politoed\n|turn|1\n|\n|t:|1733891714\n|switch|p1a: Flareon|Flareon, L90, M|263/263\n|move|p2a: Kyurem|Freeze-Dry|p1a: Flareon\n|-resisted|p1a: Flareon\n|-damage|p1a: Flareon|231/263\n|\n|-weather|RainDance|[upkeep]\n|-status|p1a: Flareon|tox|[from] item: Toxic Orb\n|upkeep\n|turn|2\n|\n|t:|1733891733\n|move|p2a: Kyurem|Outrage|p1a: Flareon\n|-damage|p1a: Flareon|74/263 tox\n|move|p1a: Flareon|Trailblaze|p2a: Kyurem\n|-resisted|p2a: Kyurem\n|-damage|p2a: Kyurem|275/319\n|-boost|p1a: Flareon|spe|1\n|\n|-weather|RainDance|[upkeep]\n|-damage|p1a: Flareon|58/263 tox|[from] psn\n|upkeep\n|turn|3\n|\n|t:|1733891738\n|move|p1a: Flareon|Facade|p2a: Kyurem\n|-damage|p2a: Kyurem|25/319\n|move|p2a: Kyurem|Outrage|p1a: Flareon|[from]lockedmove\n|-damage|p1a: Flareon|0 fnt\n|faint|p1a: Flareon\n|-start|p2a: Kyurem|confusion|[fatigue]\n|\n|-weather|RainDance|[upkeep]\n|upkeep\n|\n|t:|1733891744\n|switch|p1a: Grimmsnarl|Grimmsnarl, L83, M|293/293\n|turn|4\n|\n|t:|1733891755\n|switch|p2a: Golduck|Golduck, L90, M|290/290\n|-ability|p2a: Golduck|Cloud Nine\n|move|p1a: Grimmsnarl|Light Screen|p1a: Grimmsnarl\n|-sidestart|p1: Coo1313|move: Light Screen\n|\n|-weather|RainDance|[upkeep]\n|upkeep\n|turn|5\n|\n|t:|1733891769\n|switch|p2a: Cinccino|Cinccino, L83, M|260/260\n|move|p1a: Grimmsnarl|Reflect|p1a: Grimmsnarl\n|-sidestart|p1: Coo1313|Reflect\n|\n|-weather|none\n|upkeep\n|turn|6\n|\n|t:|1733891774\n|move|p2a: Cinccino|Tidy Up|p2a: Cinccino\n|-boost|p2a: Cinccino|atk|1\n|-boost|p2a: Cinccino|spe|1\n|move|p1a: Grimmsnarl|Spirit Break|p2a: Cinccino\n|-damage|p2a: Cinccino|127/260\n|-unboost|p2a: Cinccino|spa|1\n|\n|upkeep\n|turn|7\n|\n|t:|1733891780\n|move|p1a: Grimmsnarl|Parting Shot|p2a: Cinccino\n|-unboost|p2a: Cinccino|atk|1\n|-unboost|p2a: Cinccino|spa|1\n|\n|t:|1733891785\n|switch|p1a: Politoed|Politoed, L88, F|302/302|[from] Parting Shot\n|-weather|RainDance|[from] ability: Drizzle|[of] p1a: Politoed\n|move|p2a: Cinccino|Tail Slap|p1a: Politoed\n|-damage|p1a: Politoed|282/302\n|-damage|p1a: Politoed|259/302\n|-damage|p1a: Politoed|238/302\n|-damage|p1a: Politoed|216/302\n|-crit|p1a: Politoed\n|-damage|p1a: Politoed|147/302\n|-hitcount|p1a: Politoed|5\n|\n|-weather|RainDance|[upkeep]\n|-heal|p1a: Politoed|165/302|[from] item: Leftovers\n|upkeep\n|turn|8\n|\n|t:|1733891793\n|move|p2a: Cinccino|Bullet Seed|p1a: Politoed\n|-supereffective|p1a: Politoed\n|-damage|p1a: Politoed|138/302\n|-supereffective|p1a: Politoed\n|-damage|p1a: Politoed|108/302\n|-supereffective|p1a: Politoed\n|-damage|p1a: Politoed|82/302\n|-supereffective|p1a: Politoed\n|-damage|p1a: Politoed|56/302\n|-hitcount|p1a: Politoed|4\n|move|p1a: Politoed|Hydro Pump|p2a: Cinccino\n|-damage|p2a: Cinccino|0 fnt\n|faint|p2a: Cinccino\n|\n|-weather|RainDance|[upkeep]\n|-heal|p1a: Politoed|74/302|[from] item: Leftovers\n|upkeep\n|\n|t:|1733891815\n|switch|p2a: Kyurem|Kyurem, L77|25/319\n|-ability|p2a: Kyurem|Pressure\n|turn|9\n|\n|t:|1733891819\n|move|p2a: Kyurem|Freeze-Dry|p1a: Politoed\n|-supereffective|p1a: Politoed\n|-damage|p1a: Politoed|10/302\n|move|p1a: Politoed|Ice Beam|p2a: Kyurem\n|-crit|p2a: Kyurem\n|-damage|p2a: Kyurem|0 fnt\n|faint|p2a: Kyurem\n|\n|-weather|RainDance|[upkeep]\n|-heal|p1a: Politoed|28/302|[from] item: Leftovers\n|upkeep\n|\n|t:|1733891822\n|switch|p2a: Galvantula|Galvantula, L82, F, shiny|249/249\n|turn|10\n|\n|t:|1733891826\n|move|p2a: Galvantula|Thunder|p1a: Politoed\n|-supereffective|p1a: Politoed\n|-crit|p1a: Politoed\n|-damage|p1a: Politoed|0 fnt\n|faint|p1a: Politoed\n|\n|-weather|RainDance|[upkeep]\n|upkeep\n|\n|t:|1733891832\n|switch|p1a: Jolteon|Jolteon, L84, F|246/246\n|turn|11\n|\n|t:|1733891836\n|move|p1a: Jolteon|Calm Mind|p1a: Jolteon\n|-boost|p1a: Jolteon|spa|1\n|-boost|p1a: Jolteon|spd|1\n|move|p2a: Galvantula|Sticky Web|p1a: Jolteon\n|-sidestart|p1: Coo1313|move: Sticky Web\n|\n|-weather|none\n|-sideend|p1: Coo1313|move: Light Screen\n|upkeep\n|turn|12\n|\n|t:|1733891843\n|move|p1a: Jolteon|Shadow Ball|p2a: Galvantula\n|-damage|p2a: Galvantula|88/249\n|-damage|p1a: Jolteon|222/246|[from] item: Life Orb\n|move|p2a: Galvantula|Bug Buzz|p1a: Jolteon\n|-damage|p1a: Jolteon|159/246\n|\n|-sideend|p1: Coo1313|Reflect\n|upkeep\n|turn|13\n|\n|t:|1733891849\n|move|p1a: Jolteon|Shadow Ball|p2a: Galvantula\n|-damage|p2a: Galvantula|0 fnt\n|faint|p2a: Galvantula\n|-damage|p1a: Jolteon|135/246|[from] item: Life Orb\n|\n|upkeep\n|\n|t:|1733891851\n|switch|p2a: Slither Wing|Slither Wing, L81|270/270\n|turn|14\n|\n|t:|1733891855\n|-terastallize|p2a: Slither Wing|Bug\n|move|p2a: Slither Wing|First Impression|p1a: Jolteon\n|-damage|p1a: Jolteon|0 fnt\n|faint|p1a: Jolteon\n|-damage|p2a: Slither Wing|243/270|[from] item: Life Orb\n|\n|upkeep\n|\n|t:|1733891861\n|switch|p1a: Grimmsnarl|Grimmsnarl, L83, M|293/293\n|-activate|p1a: Grimmsnarl|move: Sticky Web\n|-unboost|p1a: Grimmsnarl|spe|1\n|turn|15\n|\n|t:|1733891865\n|-end|p2a: Slither Wing|Protosynthesis|[silent]\n|switch|p2a: Golduck|Golduck, L90, M|290/290\n|-ability|p2a: Golduck|Cloud Nine\n|move|p1a: Grimmsnarl|Reflect|p1a: Grimmsnarl\n|-sidestart|p1: Coo1313|Reflect\n|\n|upkeep\n|turn|16\n|\n|t:|1733891869\n|move|p1a: Grimmsnarl|Light Screen|p1a: Grimmsnarl\n|-sidestart|p1: Coo1313|move: Light Screen\n|move|p2a: Golduck|Hydro Pump|p1a: Grimmsnarl|[miss]\n|-miss|p2a: Golduck|p1a: Grimmsnarl\n|\n|upkeep\n|turn|17\n|\n|t:|1733891872\n|move|p2a: Golduck|Hydro Pump|p1a: Grimmsnarl\n|-crit|p1a: Grimmsnarl\n|-damage|p1a: Grimmsnarl|0 fnt\n|faint|p1a: Grimmsnarl\n|\n|upkeep\n|\n|t:|1733891876\n|switch|p1a: Gallade|Gallade, L81, M|243/243\n|-activate|p1a: Gallade|move: Sticky Web\n|-unboost|p1a: Gallade|spe|1\n|turn|18\n|\n|t:|1733891884\n|switch|p2a: Houndstone|Houndstone, L86, F|264/264\n|move|p1a: Gallade|Sacred Sword|p2a: Houndstone\n|-immune|p2a: Houndstone\n|\n|upkeep\n|turn|19\n|\n|t:|1733891890\n|switch|p1a: Scream Tail|Scream Tail, L84|330/330\n|-activate|p1a: Scream Tail|move: Sticky Web\n|-unboost|p1a: Scream Tail|spe|1\n|move|p2a: Houndstone|Poltergeist|p1a: Scream Tail\n|-activate|p1a: Scream Tail|move: Poltergeist|Leftovers\n|-supereffective|p1a: Scream Tail\n|-damage|p1a: Scream Tail|221/330\n|\n|-heal|p1a: Scream Tail|241/330|[from] item: Leftovers\n|upkeep\n|turn|20\n|\n|t:|1733891906\n|-terastallize|p1a: Scream Tail|Poison\n|move|p2a: Houndstone|Poltergeist|p1a: Scream Tail\n|-activate|p1a: Scream Tail|move: Poltergeist|Leftovers\n|-damage|p1a: Scream Tail|182/330\n|move|p1a: Scream Tail|Dazzling Gleam|p2a: Houndstone\n|-damage|p2a: Houndstone|210/264\n|\n|-heal|p2a: Houndstone|226/264|[from] item: Leftovers\n|-heal|p1a: Scream Tail|202/330|[from] item: Leftovers\n|upkeep\n|turn|21\n|\n|t:|1733891929\n|move|p2a: Houndstone|Poltergeist|p1a: Scream Tail\n|-activate|p1a: Scream Tail|move: Poltergeist|Leftovers\n|-damage|p1a: Scream Tail|144/330\n|move|p1a: Scream Tail|Wish|p1a: Scream Tail\n|\n|-heal|p2a: Houndstone|242/264|[from] item: Leftovers\n|-heal|p1a: Scream Tail|164/330|[from] item: Leftovers\n|upkeep\n|turn|22\n|\n|t:|1733891932\n|move|p2a: Houndstone|Poltergeist|p1a: Scream Tail\n|-activate|p1a: Scream Tail|move: Poltergeist|Leftovers\n|-damage|p1a: Scream Tail|108/330\n|move|p1a: Scream Tail|Dazzling Gleam|p2a: Houndstone\n|-damage|p2a: Houndstone|181/264\n|\n|-heal|p1a: Scream Tail|273/330|[from] move: Wish|[wisher] Scream Tail\n|-heal|p2a: Houndstone|197/264|[from] item: Leftovers\n|-heal|p1a: Scream Tail|293/330|[from] item: Leftovers\n|-sideend|p1: Coo1313|Reflect\n|upkeep\n|turn|23\n|\n|t:|1733891940\n|move|p2a: Houndstone|Poltergeist|p1a: Scream Tail\n|-activate|p1a: Scream Tail|move: Poltergeist|Leftovers\n|-damage|p1a: Scream Tail|184/330\n|move|p1a: Scream Tail|Wish|p1a: Scream Tail\n|\n|-heal|p2a: Houndstone|213/264|[from] item: Leftovers\n|-heal|p1a: Scream Tail|204/330|[from] item: Leftovers\n|-sideend|p1: Coo1313|move: Light Screen\n|upkeep\n|turn|24\n|\n|t:|1733891948\n|move|p1a: Scream Tail|Protect|p1a: Scream Tail\n|-singleturn|p1a: Scream Tail|Protect\n|move|p2a: Houndstone|Roar|p1a: Scream Tail\n|-end|p1a: Scream Tail|Protosynthesis|[silent]\n|drag|p1a: Gallade|Gallade, L81, M|243/243\n|-activate|p1a: Gallade|move: Sticky Web\n|-unboost|p1a: Gallade|spe|1\n|\n|-heal|p2a: Houndstone|229/264|[from] item: Leftovers\n|upkeep\n|turn|25\n|\n|t:|1733891951\n|move|p1a: Gallade|Night Slash|p2a: Houndstone\n|-supereffective|p2a: Houndstone\n|-damage|p2a: Houndstone|156/264\n|move|p2a: Houndstone|Poltergeist|p1a: Gallade\n|-activate|p1a: Gallade|move: Poltergeist|Choice Scarf\n|-supereffective|p1a: Gallade\n|-damage|p1a: Gallade|0 fnt\n|faint|p1a: Gallade\n|\n|-heal|p2a: Houndstone|172/264|[from] item: Leftovers\n|upkeep\n|\n|t:|1733891954\n|switch|p1a: Scream Tail|Scream Tail, L84, tera:Poison|204/330\n|-activate|p1a: Scream Tail|move: Sticky Web\n|-unboost|p1a: Scream Tail|spe|1\n|turn|26\n|\n|t:|1733891966\n|move|p2a: Houndstone|Poltergeist|p1a: Scream Tail\n|-activate|p1a: Scream Tail|move: Poltergeist|Leftovers\n|-damage|p1a: Scream Tail|95/330\n|move|p1a: Scream Tail|Wish|p1a: Scream Tail\n|\n|-heal|p2a: Houndstone|188/264|[from] item: Leftovers\n|-heal|p1a: Scream Tail|115/330|[from] item: Leftovers\n|upkeep\n|turn|27\n|\n|t:|1733891975\n|move|p1a: Scream Tail|Protect|p1a: Scream Tail\n|-singleturn|p1a: Scream Tail|Protect\n|move|p2a: Houndstone|Shadow Sneak|p1a: Scream Tail\n|-activate|p1a: Scream Tail|move: Protect\n|\n|-heal|p1a: Scream Tail|280/330|[from] move: Wish|[wisher] Scream Tail\n|-heal|p2a: Houndstone|204/264|[from] item: Leftovers\n|-heal|p1a: Scream Tail|300/330|[from] item: Leftovers\n|upkeep\n|turn|28\n|\n|t:|1733891980\n|move|p2a: Houndstone|Shadow Sneak|p1a: Scream Tail\n|-damage|p1a: Scream Tail|261/330\n|move|p1a: Scream Tail|Wish|p1a: Scream Tail\n|\n|-heal|p2a: Houndstone|220/264|[from] item: Leftovers\n|-heal|p1a: Scream Tail|281/330|[from] item: Leftovers\n|upkeep\n|turn|29\n|\n|t:|1733891983\n|move|p2a: Houndstone|Shadow Sneak|p1a: Scream Tail\n|-damage|p1a: Scream Tail|241/330\n|move|p1a: Scream Tail|Dazzling Gleam|p2a: Houndstone\n|-damage|p2a: Houndstone|165/264\n|\n|-heal|p1a: Scream Tail|330/330|[from] move: Wish|[wisher] Scream Tail\n|-heal|p2a: Houndstone|181/264|[from] item: Leftovers\n|upkeep\n|turn|30\n|\n|t:|1733891987\n|move|p2a: Houndstone|Shadow Sneak|p1a: Scream Tail\n|-damage|p1a: Scream Tail|284/330\n|move|p1a: Scream Tail|Dazzling Gleam|p2a: Houndstone\n|-damage|p2a: Houndstone|120/264\n|\n|-heal|p2a: Houndstone|136/264|[from] item: Leftovers\n|-heal|p1a: Scream Tail|304/330|[from] item: Leftovers\n|upkeep\n|turn|31\n|\n|t:|1733891992\n|move|p2a: Houndstone|Body Press|p1a: Scream Tail\n|-resisted|p1a: Scream Tail\n|-damage|p1a: Scream Tail|276/330\n|move|p1a: Scream Tail|Dazzling Gleam|p2a: Houndstone\n|-damage|p2a: Houndstone|82/264\n|\n|-heal|p2a: Houndstone|98/264|[from] item: Leftovers\n|-heal|p1a: Scream Tail|296/330|[from] item: Leftovers\n|upkeep\n|turn|32\n|\n|t:|1733891994\n|move|p2a: Houndstone|Poltergeist|p1a: Scream Tail\n|-activate|p1a: Scream Tail|move: Poltergeist|Leftovers\n|-damage|p1a: Scream Tail|179/330\n|move|p1a: Scream Tail|Dazzling Gleam|p2a: Houndstone\n|-damage|p2a: Houndstone|38/264\n|\n|-heal|p2a: Houndstone|54/264|[from] item: Leftovers\n|-heal|p1a: Scream Tail|199/330|[from] item: Leftovers\n|upkeep\n|turn|33\n|\n|t:|1733891997\n|move|p2a: Houndstone|Shadow Sneak|p1a: Scream Tail\n|-damage|p1a: Scream Tail|154/330\n|move|p1a: Scream Tail|Wish|p1a: Scream Tail\n|\n|-heal|p2a: Houndstone|70/264|[from] item: Leftovers\n|-heal|p1a: Scream Tail|174/330|[from] item: Leftovers\n|upkeep\n|turn|34\n|\n|t:|1733892002\n|move|p2a: Houndstone|Shadow Sneak|p1a: Scream Tail\n|-damage|p1a: Scream Tail|131/330\n|move|p1a: Scream Tail|Dazzling Gleam|p2a: Houndstone\n|-damage|p2a: Houndstone|12/264\n|\n|-heal|p1a: Scream Tail|296/330|[from] move: Wish|[wisher] Scream Tail\n|-heal|p2a: Houndstone|28/264|[from] item: Leftovers\n|-heal|p1a: Scream Tail|316/330|[from] item: Leftovers\n|upkeep\n|turn|35\n|\n|t:|1733892006\n|move|p2a: Houndstone|Shadow Sneak|p1a: Scream Tail\n|-damage|p1a: Scream Tail|271/330\n|move|p1a: Scream Tail|Dazzling Gleam|p2a: Houndstone\n|-damage|p2a: Houndstone|0 fnt\n|faint|p2a: Houndstone\n|\n|-heal|p1a: Scream Tail|291/330|[from] item: Leftovers\n|upkeep\n|\n|t:|1733892015\n|switch|p2a: Golduck|Golduck, L90, M|290/290\n|-ability|p2a: Golduck|Cloud Nine\n|turn|36\n|\n|t:|1733892018\n|move|p2a: Golduck|Hydro Pump|p1a: Scream Tail\n|-damage|p1a: Scream Tail|131/330\n|move|p1a: Scream Tail|Encore|p2a: Golduck\n|-start|p2a: Golduck|Encore\n|\n|-heal|p1a: Scream Tail|151/330|[from] item: Leftovers\n|upkeep\n|turn|37\n|\n|t:|1733892021\n|move|p1a: Scream Tail|Protect|p1a: Scream Tail\n|-singleturn|p1a: Scream Tail|Protect\n|move|p2a: Golduck|Hydro Pump|p1a: Scream Tail\n|-activate|p1a: Scream Tail|move: Protect\n|\n|-heal|p1a: Scream Tail|171/330|[from] item: Leftovers\n|upkeep\n|turn|38\n|\n|t:|1733892023\n|move|p2a: Golduck|Hydro Pump|p1a: Scream Tail|[miss]\n|-miss|p2a: Golduck|p1a: Scream Tail\n|move|p1a: Scream Tail|Wish|p1a: Scream Tail\n|\n|-heal|p1a: Scream Tail|191/330|[from] item: Leftovers\n|upkeep\n|turn|39\n|\n|t:|1733892026\n|move|p1a: Scream Tail|Protect|p1a: Scream Tail\n|-singleturn|p1a: Scream Tail|Protect\n|move|p2a: Golduck|Hydro Pump|p1a: Scream Tail\n|-activate|p1a: Scream Tail|move: Protect\n|\n|-heal|p1a: Scream Tail|330/330|[from] move: Wish|[wisher] Scream Tail\n|-end|p2a: Golduck|Encore\n|upkeep\n|turn|40\n|\n|t:|1733892031\n|move|p2a: Golduck|Hydro Pump|p1a: Scream Tail\n|-damage|p1a: Scream Tail|179/330\n|move|p1a: Scream Tail|Encore|p2a: Golduck\n|-start|p2a: Golduck|Encore\n|\n|-heal|p1a: Scream Tail|199/330|[from] item: Leftovers\n|upkeep\n|turn|41\n|\n|t:|1733892037\n|switch|p2a: Slither Wing|Slither Wing, L81, tera:Bug|243/270\n|move|p1a: Scream Tail|Protect||[still]\n|-fail|p1a: Scream Tail\n|\n|-heal|p1a: Scream Tail|219/330|[from] item: Leftovers\n|upkeep\n|turn|42\n|\n|t:|1733892050\n|move|p2a: Slither Wing|First Impression|p1a: Scream Tail\n|-resisted|p1a: Scream Tail\n|-damage|p1a: Scream Tail|122/330\n|-damage|p2a: Slither Wing|216/270|[from] item: Life Orb\n|move|p1a: Scream Tail|Wish|p1a: Scream Tail\n|\n|-heal|p1a: Scream Tail|142/330|[from] item: Leftovers\n|upkeep\n|turn|43\n|\n|t:|1733892059\n|move|p1a: Scream Tail|Protect|p1a: Scream Tail\n|-singleturn|p1a: Scream Tail|Protect\n|move|p2a: Slither Wing|Flare Blitz|p1a: Scream Tail\n|-activate|p1a: Scream Tail|move: Protect\n|\n|-heal|p1a: Scream Tail|307/330|[from] move: Wish|[wisher] Scream Tail\n|-heal|p1a: Scream Tail|327/330|[from] item: Leftovers\n|upkeep\n|turn|44\n|\n|t:|1733892066\n|move|p2a: Slither Wing|Flare Blitz|p1a: Scream Tail\n|-damage|p1a: Scream Tail|206/330\n|-status|p1a: Scream Tail|brn\n|-damage|p2a: Slither Wing|176/270|[from] Recoil\n|-damage|p2a: Slither Wing|149/270|[from] item: Life Orb\n|move|p1a: Scream Tail|Dazzling Gleam|p2a: Slither Wing\n|-damage|p2a: Slither Wing|95/270\n|\n|-heal|p1a: Scream Tail|226/330 brn|[from] item: Leftovers\n|-damage|p1a: Scream Tail|206/330 brn|[from] brn\n|upkeep\n|turn|45\n|\n|t:|1733892073\n|-end|p2a: Slither Wing|Protosynthesis|[silent]\n|switch|p2a: Golduck|Golduck, L90, M|290/290\n|-ability|p2a: Golduck|Cloud Nine\n|move|p1a: Scream Tail|Wish|p1a: Scream Tail\n|\n|-heal|p1a: Scream Tail|226/330 brn|[from] item: Leftovers\n|-damage|p1a: Scream Tail|206/330 brn|[from] brn\n|upkeep\n|turn|46\n|\n|t:|1733892080\n|move|p1a: Scream Tail|Protect|p1a: Scream Tail\n|-singleturn|p1a: Scream Tail|Protect\n|move|p2a: Golduck|Ice Beam|p1a: Scream Tail\n|-activate|p1a: Scream Tail|move: Protect\n|\n|-heal|p1a: Scream Tail|330/330 brn|[from] move: Wish|[wisher] Scream Tail\n|-damage|p1a: Scream Tail|310/330 brn|[from] brn\n|upkeep\n|turn|47\n|\n|t:|1733892083\n|move|p2a: Golduck|Ice Beam|p1a: Scream Tail\n|-damage|p1a: Scream Tail|228/330 brn\n|move|p1a: Scream Tail|Dazzling Gleam|p2a: Golduck\n|-damage|p2a: Golduck|220/290\n|\n|-heal|p1a: Scream Tail|248/330 brn|[from] item: Leftovers\n|-damage|p1a: Scream Tail|228/330 brn|[from] brn\n|upkeep\n|turn|48\n|\n|t:|1733892087\n|move|p2a: Golduck|Ice Beam|p1a: Scream Tail\n|-damage|p1a: Scream Tail|144/330 brn\n|move|p1a: Scream Tail|Wish|p1a: Scream Tail\n|\n|-heal|p1a: Scream Tail|164/330 brn|[from] item: Leftovers\n|-damage|p1a: Scream Tail|144/330 brn|[from] brn\n|upkeep\n|turn|49\n|\n|t:|1733892094\n|switch|p2a: Slither Wing|Slither Wing, L81, tera:Bug|95/270\n|move|p1a: Scream Tail|Protect||[still]\n|-fail|p1a: Scream Tail\n|\n|-heal|p1a: Scream Tail|309/330 brn|[from] move: Wish|[wisher] Scream Tail\n|-heal|p1a: Scream Tail|329/330 brn|[from] item: Leftovers\n|-damage|p1a: Scream Tail|309/330 brn|[from] brn\n|upkeep\n|turn|50\n|\n|t:|1733892098\n|move|p2a: Slither Wing|First Impression|p1a: Scream Tail\n|-resisted|p1a: Scream Tail\n|-damage|p1a: Scream Tail|218/330 brn\n|-damage|p2a: Slither Wing|68/270|[from] item: Life Orb\n|move|p1a: Scream Tail|Dazzling Gleam|p2a: Slither Wing\n|-damage|p2a: Slither Wing|10/270\n|\n|-heal|p1a: Scream Tail|238/330 brn|[from] item: Leftovers\n|-damage|p1a: Scream Tail|218/330 brn|[from] brn\n|upkeep\n|turn|51\n|\n|t:|1733892103\n|-end|p2a: Slither Wing|Protosynthesis|[silent]\n|switch|p2a: Golduck|Golduck, L90, M|220/290\n|-ability|p2a: Golduck|Cloud Nine\n|move|p1a: Scream Tail|Wish|p1a: Scream Tail\n|\n|-heal|p1a: Scream Tail|238/330 brn|[from] item: Leftovers\n|-damage|p1a: Scream Tail|218/330 brn|[from] brn\n|upkeep\n|turn|52\n|\n|t:|1733892110\n|move|p2a: Golduck|Hydro Pump|p1a: Scream Tail\n|-damage|p1a: Scream Tail|50/330 brn\n|move|p1a: Scream Tail|Dazzling Gleam|p2a: Golduck\n|-damage|p2a: Golduck|151/290\n|\n|-heal|p1a: Scream Tail|215/330 brn|[from] move: Wish|[wisher] Scream Tail\n|-heal|p1a: Scream Tail|235/330 brn|[from] item: Leftovers\n|-damage|p1a: Scream Tail|215/330 brn|[from] brn\n|upkeep\n|turn|53\n|\n|t:|1733892114\n|switch|p2a: Slither Wing|Slither Wing, L81, tera:Bug|10/270\n|move|p1a: Scream Tail|Wish|p1a: Scream Tail\n|\n|-heal|p1a: Scream Tail|235/330 brn|[from] item: Leftovers\n|-damage|p1a: Scream Tail|215/330 brn|[from] brn\n|upkeep\n|turn|54\n|\n|t:|1733892123\n|move|p2a: Slither Wing|First Impression|p1a: Scream Tail\n|-resisted|p1a: Scream Tail\n|-damage|p1a: Scream Tail|120/330 brn\n|-damage|p2a: Slither Wing|0 fnt|[from] item: Life Orb\n|faint|p2a: Slither Wing\n|-end|p2a: Slither Wing|Protosynthesis|[silent]\n|move|p1a: Scream Tail|Dazzling Gleam|p2: Slither Wing|[notarget]\n|-fail|p1a: Scream Tail\n|\n|-heal|p1a: Scream Tail|285/330 brn|[from] move: Wish|[wisher] Scream Tail\n|-heal|p1a: Scream Tail|305/330 brn|[from] item: Leftovers\n|-damage|p1a: Scream Tail|285/330 brn|[from] brn\n|upkeep\n|\n|t:|1733892128\n|switch|p2a: Golduck|Golduck, L90, M|151/290\n|-ability|p2a: Golduck|Cloud Nine\n|turn|55\n|\n|t:|1733892131\n|move|p2a: Golduck|Ice Beam|p1a: Scream Tail\n|-damage|p1a: Scream Tail|201/330 brn\n|move|p1a: Scream Tail|Dazzling Gleam|p2a: Golduck\n|-damage|p2a: Golduck|85/290\n|\n|-heal|p1a: Scream Tail|221/330 brn|[from] item: Leftovers\n|-damage|p1a: Scream Tail|201/330 brn|[from] brn\n|upkeep\n|turn|56\n|\n|t:|1733892135\n|move|p2a: Golduck|Ice Beam|p1a: Scream Tail\n|-damage|p1a: Scream Tail|109/330 brn\n|move|p1a: Scream Tail|Wish|p1a: Scream Tail\n|\n|-heal|p1a: Scream Tail|129/330 brn|[from] item: Leftovers\n|-damage|p1a: Scream Tail|109/330 brn|[from] brn\n|upkeep\n|turn|57\n|c|\u2606I have aut|Scream tail is broken\n|c|\u2606I have aut|Wp to you\n|c|\u2606I have aut|even though I had no counters\n|c|\u2606I have aut|salty but you deserve the win\n|\n|t:|1733892177\n|move|p1a: Scream Tail|Protect|p1a: Scream Tail\n|-singleturn|p1a: Scream Tail|Protect\n|move|p2a: Golduck|Ice Beam|p1a: Scream Tail\n|-activate|p1a: Scream Tail|move: Protect\n|\n|-heal|p1a: Scream Tail|274/330 brn|[from] move: Wish|[wisher] Scream Tail\n|-heal|p1a: Scream Tail|294/330 brn|[from] item: Leftovers\n|-damage|p1a: Scream Tail|274/330 brn|[from] brn\n|upkeep\n|turn|58\n|c|\u2606Coo1313|Mon is broken i agree\n|c|\u2606Coo1313|I didnt play well got bailed by it\n|c|\u2606I have aut|What is this 1v3\n|\n|t:|1733892190\n|move|p2a: Golduck|Ice Beam|p1a: Scream Tail\n|-damage|p1a: Scream Tail|187/330 brn\n|move|p1a: Scream Tail|Dazzling Gleam|p2a: Golduck\n|-damage|p2a: Golduck|27/290\n|\n|-heal|p1a: Scream Tail|207/330 brn|[from] item: Leftovers\n|-damage|p1a: Scream Tail|187/330 brn|[from] brn\n|upkeep\n|turn|59\n|c|\u2606I have aut|best randbats Pok\u00e9mon imo\n|c|\u2606I have aut|both of its defenses are so good\n|c|\u2606Coo1313|Irs definrily up there\n|c|\u2606I have aut|and the thunder wave set is even worse\n|c|\u2606Coo1313|Yeah\n|c|\u2606I have aut|Wp to you\n|c|\u2606I have aut|I played that the best I could\n|c|\u2606Coo1313|I dint play well but ty u2\n|\n|t:|1733892250\n|move|p2a: Golduck|Ice Beam|p1a: Scream Tail\n|-damage|p1a: Scream Tail|93/330 brn\n|move|p1a: Scream Tail|Dazzling Gleam|p2a: Golduck\n|-damage|p2a: Golduck|0 fnt\n|faint|p2a: Golduck\n|\n|win|Coo1313\n|raw|Coo1313's rating: 1775 &rarr; <strong>1797</strong><br />(+22 for winning)\n|raw|I have aut's rating: 1805 &rarr; <strong>1783</strong><br />(-22 for losing)\n|c|\u2606I have aut|Ggs\n|c|\u2606Coo1313|Ggs\n|l|\u2606I have aut\n|player|p2|\n", "inputlog": ">version bfd83cad13791eb5a5a409923076391caf6fb4d4\n>start {\"formatid\":\"gen9randombattle\",\"seed\":[20031,25682,10890,62029],\"rated\":\"Rated battle\"}\n>player p1 {\"name\":\"Coo1313\",\"avatar\":\"#ndplivgalarianphoenix\",\"rating\":1775,\"seed\":[41075,23467,24383,10750]}\n>player p2 {\"name\":\"I have aut\",\"avatar\":\"1\",\"rating\":1805,\"seed\":[53450,20792,59461,27376]}\n>p1 switch 6\n>p2 move freezedry\n>p1 move trailblaze\n>p2 move outrage\n>p1 move facade\n>p2 move outrage\n>p1 switch 3\n>p1 move lightscreen\n>p2 switch 4\n>p1 move reflect\n>p2 switch 6\n>p1 move spiritbreak\n>p2 move tidyup\n>p1 move partingshot\n>p2 move tailslap\n>p1 switch 6\n>p1 move hydropump\n>p2 move bulletseed\n>p2 switch 4\n>p1 move icebeam\n>p2 move freezedry\n>p2 switch 3\n>p1 move hydropump\n>p2 move thunder\n>p1 switch 5\n>p1 move calmmind\n>p2 move stickyweb\n>p1 move shadowball\n>p2 move bugbuzz\n>p1 move shadowball\n>p2 move bugbuzz\n>p2 switch 2\n>p1 move alluringvoice\n>p2 move firstimpression terastallize\n>p1 switch 6\n>p1 move reflect\n>p2 switch 6\n>p1 move lightscreen\n>p2 move hydropump\n>p1 move spiritbreak\n>p2 move hydropump\n>p1 switch 2\n>p1 move sacredsword\n>p2 switch 5\n>p1 switch 4\n>p2 move poltergeist\n>p1 move dazzlinggleam terastallize\n>p2 move poltergeist\n>p1 move wish\n>p2 move poltergeist\n>p1 move dazzlinggleam\n>p2 move poltergeist\n>p1 move wish\n>p2 move poltergeist\n>p1 move protect\n>p2 move roar\n>p1 move nightslash\n>p2 move poltergeist\n>p1 switch 4\n>p1 move wish\n>p2 move poltergeist\n>p1 move protect\n>p2 move shadowsneak\n>p1 move wish\n>p2 move shadowsneak\n>p1 move dazzlinggleam\n>p2 move shadowsneak\n>p1 move dazzlinggleam\n>p2 move shadowsneak\n>p1 move dazzlinggleam\n>p2 move bodypress\n>p1 move dazzlinggleam\n>p2 move poltergeist\n>p1 move wish\n>p2 move shadowsneak\n>p1 move dazzlinggleam\n>p2 move shadowsneak\n>p1 move dazzlinggleam\n>p2 move shadowsneak\n>p2 switch 5\n>p1 move encore\n>p2 move hydropump\n>p1 move protect\n>p2 move hydropump\n>p1 move wish\n>p2 move hydropump\n>p1 move protect\n>p2 move hydropump\n>p1 move encore\n>p2 move hydropump\n>p1 move protect\n>p2 switch 6\n>p1 move wish\n>p2 move firstimpression\n>p1 move protect\n>p2 move flareblitz\n>p1 move dazzlinggleam\n>p2 move flareblitz\n>p1 move wish\n>p2 switch 6\n>p1 move protect\n>p2 move icebeam\n>p1 move dazzlinggleam\n>p2 move icebeam\n>p1 move wish\n>p2 move icebeam\n>p1 move protect\n>p2 switch 6\n>p1 move dazzlinggleam\n>p2 move firstimpression\n>p1 move wish\n>p2 switch 6\n>p1 move dazzlinggleam\n>p2 move hydropump\n>p1 move wish\n>p2 switch 6\n>p1 move dazzlinggleam\n>p2 move firstimpression\n>p2 switch 6\n>p1 move dazzlinggleam\n>p2 move icebeam\n>p1 move wish\n>p2 move icebeam\n>chat \u2606I have aut|Scream tail is broken \n>chat \u2606I have aut|Wp to you \n>chat \u2606I have aut|even though I had no counters \n>chat \u2606I have aut|salty but you deserve the win\n>p1 move protect\n>p2 move icebeam\n>chat \u2606Coo1313|Mon is broken i agree \n>chat \u2606Coo1313|I didnt play well got bailed by it\n>chat \u2606I have aut|What is this 1v3 \n>p1 move dazzlinggleam\n>p2 move icebeam\n>chat \u2606I have aut|best randbats Pok\u00e9mon imo \n>chat \u2606I have aut|both of its defenses are so good \n>chat \u2606Coo1313|Irs definrily up there\n>chat \u2606I have aut|and the thunder wave set is even worse \n>chat \u2606Coo1313|Yeah \n>chat \u2606I have aut|Wp to you \n>chat \u2606I have aut|I played that the best I could \n>chat \u2606Coo1313|I dint play well but ty u2 \n>p1 move dazzlinggleam\n>p2 move icebeam", "uploadtime": 1733892262, "views": 29, "formatid": "gen9randombattle", "rating": 1783, "private": 0, "password": null}