{"id": "gen9randombattle-2260381123", "format": "[Gen 9] Random Battle", "players": ["PikeADV", "Scolopendre"], "log": "|j|\u2606PikeADV\n|j|\u2606Scolopendre\n|t:|1733846002\n|gametype|singles\n|player|p1|PikeADV|2|1927\n|player|p2|Scolopendre|265|1996\n|teamsize|p1|6\n|teamsize|p2|6\n|gen|9\n|tier|[Gen 9] Random Battle\n|rated|\n|rule|Species Clause: Limit one of each Pok\u00e9mon\n|rule|HP Percentage Mod: HP is shown in percentages\n|rule|Sleep Clause Mod: Limit one foe put to sleep\n|rule|Illusion Level Mod: Illusion disguises the Pok\u00e9mon's true level\n|\n|t:|1733846002\n|start\n|switch|p1a: Delphox|Delphox, L84, M|263/263\n|switch|p2a: Deoxys|Deoxys, L74|196/196\n|-ability|p2a: Deoxys|Pressure\n|turn|1\n|inactive|Battle timer is ON: inactive players will automatically lose when time's up. (requested by PikeADV)\n|\n|t:|1733846014\n|move|p2a: Deoxys|Knock Off|p1a: Delphox\n|-supereffective|p1a: Delphox\n|-damage|p1a: Delphox|34/263\n|-enditem|p1a: Delphox|Heavy-Duty Boots|[from] move: Knock Off|[of] p2a: Deoxys\n|-damage|p2a: Deoxys|177/196|[from] item: Life Orb\n|move|p1a: Delphox|Fire Blast|p2a: Deoxys\n|-crit|p2a: Deoxys\n|-damage|p2a: Deoxys|0 fnt\n|faint|p2a: Deoxys\n|\n|upkeep\n|\n|t:|1733846026\n|switch|p2a: Grafaiai|Grafaiai, L86, F|249/249\n|turn|2\n|\n|t:|1733846032\n|switch|p1a: Furret|Furret, L94, F|312/312\n|-item|p2a: Grafaiai|Assault Vest|[from] ability: Frisk|[of] p1a: Furret\n|move|p2a: Grafaiai|Knock Off|p1a: Furret\n|-damage|p1a: Furret|227/312\n|-status|p1a: Furret|psn|[from] ability: Poison Touch|[of] p2a: Grafaiai\n|-enditem|p1a: Furret|Life Orb|[from] move: Knock Off|[of] p2a: Grafaiai\n|\n|-damage|p1a: Furret|188/312 psn|[from] psn\n|upkeep\n|turn|3\n|\n|t:|1733846048\n|move|p2a: Grafaiai|U-turn|p1a: Furret\n|-damage|p1a: Furret|126/312 psn\n|\n|t:|1733846051\n|switch|p2a: Illumise|Illumise, L91, F|266/266|[from] U-turn\n|move|p1a: Furret|Knock Off|p2a: Illumise\n|-damage|p2a: Illumise|193/266\n|-enditem|p2a: Illumise|Heavy-Duty Boots|[from] move: Knock Off|[of] p1a: Furret\n|\n|-damage|p1a: Furret|87/312 psn|[from] psn\n|upkeep\n|turn|4\n|\n|t:|1733846062\n|move|p2a: Illumise|Encore|p1a: Furret\n|-start|p1a: Furret|Encore\n|move|p1a: Furret|Knock Off|p2a: Illumise\n|-damage|p2a: Illumise|142/266\n|\n|-damage|p1a: Furret|48/312 psn|[from] psn\n|upkeep\n|turn|5\n|\n|t:|1733846068\n|switch|p1a: Urshifu|Urshifu, L74, M|270/270\n|move|p2a: Illumise|Roost|p2a: Illumise\n|-heal|p2a: Illumise|266/266\n|-singleturn|p2a: Illumise|move: Roost\n|\n|upkeep\n|turn|6\n|\n|t:|1733846078\n|move|p2a: Illumise|Bug Buzz|p1a: Urshifu\n|-damage|p1a: Urshifu|125/270\n|move|p1a: Urshifu|Swords Dance|p1a: Urshifu\n|-boost|p1a: Urshifu|atk|2\n|\n|upkeep\n|turn|7\n|\n|t:|1733846087\n|-terastallize|p1a: Urshifu|Poison\n|move|p2a: Illumise|Bug Buzz|p1a: Urshifu\n|-resisted|p1a: Urshifu\n|-damage|p1a: Urshifu|61/270\n|move|p1a: Urshifu|Wicked Blow|p2a: Illumise\n|-crit|p2a: Illumise\n|-damage|p2a: Illumise|0 fnt\n|faint|p2a: Illumise\n|-damage|p1a: Urshifu|34/270|[from] item: Life Orb\n|\n|upkeep\n|\n|t:|1733846109\n|switch|p2a: Grafaiai|Grafaiai, L86, F|249/249\n|turn|8\n|\n|t:|1733846114\n|move|p2a: Grafaiai|Knock Off|p1a: Urshifu\n|-damage|p1a: Urshifu|0 fnt\n|-enditem|p1a: Urshifu|Life Orb|[from] move: Knock Off|[of] p2a: Grafaiai\n|faint|p1a: Urshifu\n|\n|upkeep\n|\n|t:|1733846122\n|switch|p1a: Medicham|Medicham, L86, F|243/243\n|turn|9\n|\n|t:|1733846143\n|move|p2a: Grafaiai|U-turn|p1a: Medicham\n|-damage|p1a: Medicham|183/243\n|-status|p1a: Medicham|psn|[from] ability: Poison Touch|[of] p2a: Grafaiai\n|\n|t:|1733846147\n|switch|p2a: Clodsire|Clodsire, L81, F|343/343|[from] U-turn\n|move|p1a: Medicham|Zen Headbutt|p2a: Clodsire|[miss]\n|-miss|p1a: Medicham|p2a: Clodsire\n|\n|-damage|p1a: Medicham|153/243 psn|[from] psn\n|upkeep\n|turn|10\n|\n|t:|1733846156\n|move|p1a: Medicham|Zen Headbutt|p2a: Clodsire\n|-supereffective|p2a: Clodsire\n|-damage|p2a: Clodsire|0 fnt\n|faint|p2a: Clodsire\n|\n|-damage|p1a: Medicham|123/243 psn|[from] psn\n|upkeep\n|\n|t:|1733846161\n|switch|p2a: Walking Wake|Walking Wake, L79|286/286\n|turn|11\n|\n|t:|1733846168\n|switch|p1a: Furret|Furret, L94, F|48/312 psn\n|-item|p2a: Walking Wake|Life Orb|[from] ability: Frisk|[of] p1a: Furret\n|move|p2a: Walking Wake|Sunny Day|p2a: Walking Wake\n|-weather|SunnyDay\n|-activate|p2a: Walking Wake|ability: Protosynthesis\n|-start|p2a: Walking Wake|protosynthesisspa\n|\n|-weather|SunnyDay|[upkeep]\n|-damage|p1a: Furret|9/312 psn|[from] psn\n|upkeep\n|turn|12\n|\n|t:|1733846172\n|move|p1a: Furret|Knock Off|p2a: Walking Wake\n|-damage|p2a: Walking Wake|214/286\n|-enditem|p2a: Walking Wake|Life Orb|[from] move: Knock Off|[of] p1a: Furret\n|move|p2a: Walking Wake|Hydro Steam|p1a: Furret\n|-damage|p1a: Furret|0 fnt\n|faint|p1a: Furret\n|\n|-weather|SunnyDay|[upkeep]\n|upkeep\n|\n|t:|1733846181\n|switch|p1a: Delphox|Delphox, L84, M|34/263\n|turn|13\n|\n|t:|1733846184\n|move|p1a: Delphox|Psyshock|p2a: Walking Wake\n|-damage|p2a: Walking Wake|108/286\n|move|p2a: Walking Wake|Hydro Steam|p1a: Delphox\n|-supereffective|p1a: Delphox\n|-damage|p1a: Delphox|0 fnt\n|faint|p1a: Delphox\n|\n|-weather|SunnyDay|[upkeep]\n|upkeep\n|\n|t:|1733846195\n|switch|p1a: Medicham|Medicham, L86, F|123/243 psn\n|turn|14\n|\n|t:|1733846201\n|move|p2a: Walking Wake|Hydro Steam|p1a: Medicham\n|-damage|p1a: Medicham|0 fnt\n|faint|p1a: Medicham\n|\n|-weather|SunnyDay|[upkeep]\n|upkeep\n|\n|t:|1733846203\n|switch|p1a: Groudon|Groudon, L72|263/263\n|turn|15\n|\n|t:|1733846208\n|move|p2a: Walking Wake|Hydro Steam|p1a: Groudon\n|-supereffective|p1a: Groudon\n|-damage|p1a: Groudon|0 fnt\n|faint|p1a: Groudon\n|\n|-weather|none\n|-end|p2a: Walking Wake|Protosynthesis\n|upkeep\n|\n|t:|1733846210\n|switch|p1a: Beartic|Beartic, L91, M|321/321\n|turn|16\n|\n|t:|1733846215\n|move|p2a: Walking Wake|Flamethrower|p1a: Beartic\n|-supereffective|p1a: Beartic\n|-damage|p1a: Beartic|179/321\n|move|p1a: Beartic|Snowscape|p1a: Beartic\n|-weather|Snow\n|\n|-weather|Snow|[upkeep]\n|upkeep\n|turn|17\n|\n|t:|1733846229\n|-terastallize|p2a: Walking Wake|Fire\n|move|p1a: Beartic|Icicle Crash|p2a: Walking Wake\n|-resisted|p2a: Walking Wake\n|-damage|p2a: Walking Wake|44/286\n|move|p2a: Walking Wake|Sunny Day|p2a: Walking Wake\n|-weather|SunnyDay\n|-activate|p2a: Walking Wake|ability: Protosynthesis\n|-start|p2a: Walking Wake|protosynthesisspa\n|\n|-weather|SunnyDay|[upkeep]\n|upkeep\n|turn|18\n|\n|t:|1733846237\n|move|p2a: Walking Wake|Flamethrower|p1a: Beartic\n|-supereffective|p1a: Beartic\n|-damage|p1a: Beartic|0 fnt\n|faint|p1a: Beartic\n|\n|win|Scolopendre\n|raw|PikeADV's rating: 1927 &rarr; <strong>1911</strong><br />(-16 for losing)\n|raw|Scolopendre's rating: 1996 &rarr; <strong>2012</strong><br />(+16 for winning)\n|l|\u2606PikeADV\n|player|p1|\n", "inputlog": ">version bfd83cad13791eb5a5a409923076391caf6fb4d4\n>start {\"formatid\":\"gen9randombattle\",\"seed\":[46255,57938,20001,63901],\"rated\":\"Rated battle\"}\n>player p1 {\"name\":\"PikeADV\",\"avatar\":\"2\",\"rating\":1927,\"seed\":[31192,51584,1764,28535]}\n>player p2 {\"name\":\"Scolopendre\",\"avatar\":\"265\",\"rating\":1996,\"seed\":[40887,60156,15725,14394]}\n>p1 move fireblast\n>p2 move knockoff\n>p2 switch 2\n>p1 switch 5\n>p2 move knockoff\n>p1 move knockoff\n>p2 move uturn\n>p2 switch 5\n>p1 move doubleedge\n>p2 move encore\n>p1 switch 2\n>p2 move roost\n>p1 move swordsdance\n>p2 move bugbuzz\n>p1 move wickedblow terastallize\n>p2 move bugbuzz\n>p2 switch 5\n>p1 move wickedblow\n>p2 move knockoff\n>p1 switch 6\n>p1 move zenheadbutt\n>p2 move uturn\n>p2 switch 3\n>p1 move zenheadbutt\n>p2 move earthquake\n>p2 switch 6\n>p1 switch 2\n>p2 move sunnyday\n>p1 move knockoff\n>p2 move hydrosteam\n>p1 switch 5\n>p1 move psyshock\n>p2 move hydrosteam\n>p1 switch 2\n>p1 move zenheadbutt\n>p2 move hydrosteam\n>p1 switch 4\n>p1 move precipiceblades\n>p2 move hydrosteam\n>p1 switch 3\n>p1 move snowscape\n>p2 move flamethrower\n>p1 move iciclecrash\n>p2 move sunnyday terastallize\n>p1 move earthquake\n>p2 move flamethrower", "uploadtime": 1733846245, "views": 1, "formatid": "gen9randombattle", "rating": 1911, "private": 0, "password": null}