{"id": "gen9randombattle-2260681926", "format": "[Gen 9] Random Battle", "players": ["MunchyAxolotls", "daphne fruit"], "log": "|j|\u203dMunchyAxolotls\n|j|\u203ddaphne fruit\n|t:|1733877804\n|gametype|singles\n|player|p1|MunchyAxolotls|lillie-masters2|2095\n|player|p2|daphne fruit|unknown|2121\n|teamsize|p1|6\n|teamsize|p2|6\n|gen|9\n|tier|[Gen 9] Random Battle\n|rated|\n|rule|Species Clause: Limit one of each Pok\u00e9mon\n|rule|HP Percentage Mod: HP is shown in percentages\n|rule|Sleep Clause Mod: Limit one foe put to sleep\n|rule|Illusion Level Mod: Illusion disguises the Pok\u00e9mon's true level\n|\n|t:|1733877804\n|start\n|switch|p1a: Giratina|Giratina-Origin, L72|335/335\n|switch|p2a: Basculegion|Basculegion-F, L83, F|335/335\n|turn|1\n|inactive|Battle timer is ON: inactive players will automatically lose when time's up. (requested by MunchyAxolotls)\n|\n|t:|1733877825\n|switch|p1a: Noctowl|Noctowl, L95, M|344/344\n|move|p2a: Basculegion|Flip Turn|p1a: Noctowl\n|-damage|p1a: Noctowl|238/344\n|\n|t:|1733877832\n|switch|p2a: Azelf|Azelf, L82|257/257|[from] Flip Turn\n|\n|upkeep\n|turn|2\n|\n|t:|1733877839\n|move|p2a: Azelf|Psyshock|p1a: Noctowl\n|-damage|p1a: Noctowl|37/344\n|move|p1a: Noctowl|Roost|p1a: Noctowl\n|-heal|p1a: Noctowl|209/344\n|-singleturn|p1a: Noctowl|move: Roost\n|\n|upkeep\n|turn|3\n|\n|t:|1733877845\n|switch|p1a: Scrafty|Scrafty, L84, F|246/246\n|-ability|p1a: Scrafty|Intimidate|boost\n|-unboost|p2a: Azelf|atk|1\n|move|p2a: Azelf|Psyshock|p1a: Scrafty\n|-immune|p1a: Scrafty\n|\n|upkeep\n|turn|4\n|\n|t:|1733877848\n|switch|p2a: Toucannon|Toucannon, L88, M|284/284\n|move|p1a: Scrafty|Dragon Dance|p1a: Scrafty\n|-boost|p1a: Scrafty|atk|1\n|-boost|p1a: Scrafty|spe|1\n|\n|upkeep\n|turn|5\n|\n|t:|1733877853\n|switch|p1a: Swalot|Swalot, L90, F|326/326\n|-singleturn|p2a: Toucannon|move: Beak Blast\n|move|p2a: Toucannon|Beak Blast|p1a: Swalot\n|-damage|p1a: Swalot|200/326\n|\n|-heal|p1a: Swalot|220/326|[from] item: Leftovers\n|upkeep\n|turn|6\n|\n|t:|1733877860\n|-singleturn|p2a: Toucannon|move: Beak Blast\n|move|p1a: Swalot|Sludge Bomb|p2a: Toucannon\n|-damage|p2a: Toucannon|190/284\n|-status|p2a: Toucannon|psn\n|move|p2a: Toucannon|Beak Blast|p1a: Swalot\n|-damage|p1a: Swalot|79/326\n|\n|-heal|p1a: Swalot|99/326|[from] item: Leftovers\n|-damage|p2a: Toucannon|155/284 psn|[from] psn\n|upkeep\n|turn|7\n|\n|t:|1733877866\n|move|p2a: Toucannon|Boomburst|p1a: Swalot\n|-damage|p1a: Swalot|0 fnt\n|faint|p1a: Swalot\n|\n|-damage|p2a: Toucannon|120/284 psn|[from] psn\n|upkeep\n|\n|t:|1733877874\n|switch|p1a: Noctowl|Noctowl, L95, M|209/344\n|turn|8\n|\n|t:|1733877877\n|switch|p2a: Basculegion|Basculegion-F, L83, F|335/335\n|move|p1a: Noctowl|Hurricane|p2a: Basculegion\n|-damage|p2a: Basculegion|229/335\n|\n|upkeep\n|turn|9\n|\n|t:|1733877884\n|move|p1a: Noctowl|Roost|p1a: Noctowl\n|-heal|p1a: Noctowl|344/344\n|-singleturn|p1a: Noctowl|move: Roost\n|move|p2a: Basculegion|Flip Turn|p1a: Noctowl\n|-damage|p1a: Noctowl|230/344\n|\n|t:|1733877888\n|switch|p2a: Cinderace|Cinderace, L77, M|249/249|[from] Flip Turn\n|\n|upkeep\n|turn|10\n|\n|t:|1733877894\n|switch|p1a: Carbink|Carbink, L90|236/236\n|move|p2a: Cinderace|U-turn|p1a: Carbink\n|-start|p2a: Cinderace|typechange|Bug|[from] ability: Libero\n|-resisted|p1a: Carbink\n|-damage|p1a: Carbink|213/236\n|\n|t:|1733877898\n|switch|p2a: Basculegion|Basculegion-F, L83, F|229/335|[from] U-turn\n|\n|-heal|p1a: Carbink|227/236|[from] item: Leftovers\n|upkeep\n|turn|11\n|\n|t:|1733877905\n|switch|p1a: Giratina|Giratina-Origin, L72|335/335\n|move|p2a: Basculegion|Hydro Pump|p1a: Giratina\n|-resisted|p1a: Giratina\n|-damage|p1a: Giratina|252/335\n|\n|upkeep\n|turn|12\n|\n|t:|1733877911\n|move|p2a: Basculegion|Flip Turn|p1a: Giratina\n|-resisted|p1a: Giratina\n|-damage|p1a: Giratina|209/335\n|\n|t:|1733877915\n|switch|p2a: Toucannon|Toucannon, L88, M|120/284 psn|[from] Flip Turn\n|move|p1a: Giratina|Draco Meteor|p2a: Toucannon\n|-damage|p2a: Toucannon|0 fnt\n|-unboost|p1a: Giratina|spa|2\n|faint|p2a: Toucannon\n|\n|upkeep\n|\n|t:|1733877926\n|switch|p2a: Crabominable|Crabominable, L90, M|321/321\n|turn|13\n|\n|t:|1733877939\n|move|p1a: Giratina|Poltergeist|p2a: Crabominable\n|-activate|p2a: Crabominable|move: Poltergeist|Choice Band\n|-damage|p2a: Crabominable|201/321\n|move|p2a: Crabominable|Ice Hammer|p1a: Giratina\n|-supereffective|p1a: Giratina\n|-damage|p1a: Giratina|0 fnt\n|-unboost|p2a: Crabominable|spe|1\n|faint|p1a: Giratina\n|\n|upkeep\n|\n|t:|1733877953\n|switch|p1a: Golurk|Golurk, L87|297/297\n|turn|14\n|\n|t:|1733877960\n|move|p1a: Golurk|Poltergeist|p2a: Crabominable\n|-activate|p2a: Crabominable|move: Poltergeist|Choice Band\n|-damage|p2a: Crabominable|0 fnt\n|faint|p2a: Crabominable\n|\n|upkeep\n|\n|t:|1733877971\n|switch|p2a: Cinderace|Cinderace, L77, M|249/249\n|turn|15\n|\n|t:|1733877978\n|move|p2a: Cinderace|Court Change||[still]\n|-start|p2a: Cinderace|typechange|Normal|[from] ability: Libero\n|-swapsideconditions\n|-fail|p2a: Cinderace\n|move|p1a: Golurk|Poltergeist|p2a: Cinderace\n|-immune|p2a: Cinderace\n|\n|upkeep\n|turn|16\n|\n|t:|1733877988\n|move|p2a: Cinderace|Pyro Ball|p1a: Golurk\n|-damage|p1a: Golurk|206/297\n|move|p1a: Golurk|Poltergeist|p2a: Cinderace\n|-immune|p2a: Cinderace\n|\n|upkeep\n|turn|17\n|\n|t:|1733877993\n|switch|p1a: Carbink|Carbink, L90|227/236\n|move|p2a: Cinderace|High Jump Kick|p1a: Carbink\n|-damage|p1a: Carbink|172/236\n|\n|-heal|p1a: Carbink|186/236|[from] item: Leftovers\n|upkeep\n|turn|18\n|\n|t:|1733878003\n|move|p2a: Cinderace|U-turn|p1a: Carbink\n|-resisted|p1a: Carbink\n|-damage|p1a: Carbink|172/236\n|\n|t:|1733878006\n|switch|p2a: Basculegion|Basculegion-F, L83, F|229/335|[from] U-turn\n|move|p1a: Carbink|Moonblast|p2a: Basculegion\n|-damage|p2a: Basculegion|169/335\n|\n|-heal|p1a: Carbink|186/236|[from] item: Leftovers\n|upkeep\n|turn|19\n|\n|t:|1733878013\n|switch|p1a: Noctowl|Noctowl, L95, M|230/344\n|move|p2a: Basculegion|Hydro Pump|p1a: Noctowl\n|-damage|p1a: Noctowl|98/344\n|\n|upkeep\n|turn|20\n|\n|t:|1733878019\n|move|p1a: Noctowl|Roost|p1a: Noctowl\n|-heal|p1a: Noctowl|270/344\n|-singleturn|p1a: Noctowl|move: Roost\n|move|p2a: Basculegion|Wave Crash|p1a: Noctowl\n|-crit|p1a: Noctowl\n|-damage|p1a: Noctowl|0 fnt\n|faint|p1a: Noctowl\n|-damage|p2a: Basculegion|80/335|[from] Recoil\n|\n|upkeep\n|\n|t:|1733878027\n|switch|p1a: Scrafty|Scrafty, L84, F|246/246\n|-ability|p1a: Scrafty|Intimidate|boost\n|-unboost|p2a: Basculegion|atk|1\n|turn|21\n|\n|t:|1733878033\n|move|p2a: Basculegion|Flip Turn|p1a: Scrafty\n|-damage|p1a: Scrafty|204/246\n|\n|t:|1733878036\n|switch|p2a: Scovillain|Scovillain, L91, M|266/266|[from] Flip Turn\n|move|p1a: Scrafty|Dragon Dance|p1a: Scrafty\n|-boost|p1a: Scrafty|atk|1\n|-boost|p1a: Scrafty|spe|1\n|\n|upkeep\n|turn|22\n|\n|t:|1733878047\n|move|p1a: Scrafty|Close Combat|p2a: Scovillain\n|-damage|p2a: Scovillain|16/266\n|-unboost|p1a: Scrafty|def|1\n|-unboost|p1a: Scrafty|spd|1\n|-damage|p1a: Scrafty|180/246|[from] item: Life Orb\n|move|p2a: Scovillain|Sunny Day|p2a: Scovillain\n|-weather|SunnyDay\n|\n|-weather|SunnyDay|[upkeep]\n|upkeep\n|turn|23\n|\n|t:|1733878068\n|switch|p1a: Golurk|Golurk, L87|206/297\n|move|p2a: Scovillain|Fire Blast|p1a: Golurk\n|-damage|p1a: Golurk|0 fnt\n|faint|p1a: Golurk\n|\n|-weather|SunnyDay|[upkeep]\n|upkeep\n|\n|t:|1733878070\n|switch|p1a: Carbink|Carbink, L90|186/236\n|turn|24\n|\n|t:|1733878075\n|move|p2a: Scovillain|Energy Ball|p1a: Carbink\n|-supereffective|p1a: Carbink\n|-damage|p1a: Carbink|46/236\n|move|p1a: Carbink|Moonblast|p2a: Scovillain\n|-resisted|p2a: Scovillain\n|-crit|p2a: Scovillain\n|-damage|p2a: Scovillain|0 fnt\n|faint|p2a: Scovillain\n|\n|-weather|SunnyDay|[upkeep]\n|-heal|p1a: Carbink|60/236|[from] item: Leftovers\n|upkeep\n|\n|t:|1733878089\n|switch|p2a: Cinderace|Cinderace, L77, M|249/249\n|turn|25\n|\n|t:|1733878108\n|move|p2a: Cinderace|Pyro Ball|p1a: Carbink\n|-resisted|p1a: Carbink\n|-damage|p1a: Carbink|6/236\n|-status|p1a: Carbink|brn\n|move|p1a: Carbink|Rock Polish|p1a: Carbink\n|-boost|p1a: Carbink|spe|2\n|\n|-weather|SunnyDay|[upkeep]\n|-heal|p1a: Carbink|20/236 brn|[from] item: Leftovers\n|-damage|p1a: Carbink|6/236 brn|[from] brn\n|upkeep\n|turn|26\n|\n|t:|1733878116\n|move|p1a: Carbink|Body Press|p2a: Cinderace\n|-damage|p2a: Cinderace|190/249\n|move|p2a: Cinderace|U-turn|p1a: Carbink\n|-start|p2a: Cinderace|typechange|Bug|[from] ability: Libero\n|-resisted|p1a: Carbink\n|-damage|p1a: Carbink|0 fnt\n|faint|p1a: Carbink\n|\n|t:|1733878124\n|switch|p2a: Basculegion|Basculegion-F, L83, F|80/335|[from] U-turn\n|\n|-weather|none\n|upkeep\n|\n|t:|1733878126\n|switch|p1a: Scrafty|Scrafty, L84, F|180/246\n|-ability|p1a: Scrafty|Intimidate|boost\n|-unboost|p2a: Basculegion|atk|1\n|turn|27\n|\n|t:|1733878131\n|move|p2a: Basculegion|Hydro Pump|p1a: Scrafty\n|-damage|p1a: Scrafty|40/246\n|move|p1a: Scrafty|Dragon Dance|p1a: Scrafty\n|-boost|p1a: Scrafty|atk|1\n|-boost|p1a: Scrafty|spe|1\n|\n|upkeep\n|turn|28\n|\n|t:|1733878137\n|move|p1a: Scrafty|Knock Off|p2a: Basculegion\n|-supereffective|p2a: Basculegion\n|-damage|p2a: Basculegion|0 fnt\n|-enditem|p2a: Basculegion|Assault Vest|[from] move: Knock Off|[of] p1a: Scrafty\n|faint|p2a: Basculegion\n|-damage|p1a: Scrafty|16/246|[from] item: Life Orb\n|\n|upkeep\n|\n|t:|1733878140\n|switch|p2a: Cinderace|Cinderace, L77, M|190/249\n|turn|29\n|\n|t:|1733878143\n|move|p2a: Cinderace|U-turn|p1a: Scrafty\n|-start|p2a: Cinderace|typechange|Bug|[from] ability: Libero\n|-damage|p1a: Scrafty|0 fnt\n|faint|p1a: Scrafty\n|\n|win|daphne fruit\n|raw|MunchyAxolotls's rating: 2095 &rarr; <strong>2075</strong><br />(-20 for losing)\n|raw|daphne fruit's rating: 2099 &rarr; <strong>2119</strong><br />(+20 for winning)\n|l|\u203dMunchyAxolotls\n|player|p1|\n", "inputlog": ">version bfd83cad13791eb5a5a409923076391caf6fb4d4\n>start {\"formatid\":\"gen9randombattle\",\"seed\":[12084,53985,19127,20193],\"rated\":\"Rated battle\"}\n>player p1 {\"name\":\"MunchyAxolotls\",\"avatar\":\"lillie-masters2\",\"rating\":2095,\"seed\":[8671,41638,54800,62371]}\n>player p2 {\"name\":\"daphne fruit\",\"avatar\":\"unknown\",\"rating\":2121,\"seed\":[54300,64002,21147,48138]}\n>p1 switch 6\n>p2 move flipturn\n>p2 switch 5\n>p1 move roost\n>p2 move psyshock\n>p1 switch 4\n>p2 move psyshock\n>p1 move dragondance\n>p2 switch 4\n>p1 switch 5\n>p2 move beakblast\n>p1 move sludgebomb\n>p2 move beakblast\n>p1 move painsplit\n>p2 move boomburst\n>p1 switch 4\n>p1 move hurricane\n>p2 switch 5\n>p1 move roost\n>p2 move flipturn\n>p2 switch 2\n>p1 switch 3\n>p2 move uturn\n>p2 switch 2\n>p1 switch 6\n>p2 move hydropump\n>p1 move dracometeor\n>p2 move flipturn\n>p2 switch 5\n>p2 switch 6\n>p1 move poltergeist\n>p2 move icehammer\n>p1 switch 2\n>p1 move poltergeist\n>p2 move icehammer\n>p2 switch 2\n>p1 move poltergeist\n>p2 move courtchange\n>p1 move poltergeist\n>p2 move pyroball\n>p1 switch 6\n>p2 move highjumpkick\n>p1 move moonblast\n>p2 move uturn\n>p2 switch 5\n>p1 switch 3\n>p2 move hydropump\n>p1 move roost\n>p2 move wavecrash\n>p1 switch 5\n>p1 move dragondance\n>p2 move flipturn\n>p2 switch 3\n>p1 move closecombat\n>p2 move sunnyday\n>p1 switch 6\n>p2 move fireblast\n>p1 switch 3\n>p1 move moonblast\n>p2 move energyball\n>p2 switch 5\n>p1 move rockpolish\n>p2 move pyroball\n>p1 move bodypress\n>p2 move uturn\n>p2 switch 3\n>p1 switch 6\n>p1 move dragondance\n>p2 move hydropump\n>p1 move knockoff\n>p2 move flipturn\n>p2 switch 3\n>p1 move knockoff\n>p2 move uturn", "uploadtime": 1733878157, "views": 1, "formatid": "gen9randombattle", "rating": 2075, "private": 0, "password": null}