{"id": "gen9randombattle-2143598660", "format": "[Gen 9] Random Battle", "players": ["papadopes", "scarletspaceship"], "log": "|badge|p1|bronze|gen9randombattle|100-1\n|uhtml|medal-msg|<div class=\"broadcast-blue\">Curious what those medals under the avatar are? PS now has Ladder Seasons! For more information, check out the <a href=\"https://www.smogon.com/forums/threads/3740067/\">thread on Smogon.</a></div>\n|badge|p2|bronze|gen9randombattle|100-1\n|uhtml|medal-msg|<div class=\"broadcast-blue\">Curious what those medals under the avatar are? PS now has Ladder Seasons! For more information, check out the <a href=\"https://www.smogon.com/forums/threads/3740067/\">thread on Smogon.</a></div>\n|j|\u2606papadopes\n|j|\u2606scarletspaceship\n|t:|1718423798\n|gametype|singles\n|player|p1|papadopes|102|2280\n|player|p2|scarletspaceship|palmer|2326\n|teamsize|p1|6\n|teamsize|p2|6\n|gen|9\n|tier|[Gen 9] Random Battle\n|rated|\n|rule|Species Clause: Limit one of each Pok\u00e9mon\n|rule|HP Percentage Mod: HP is shown in percentages\n|rule|Sleep Clause Mod: Limit one foe put to sleep\n|rule|Illusion Level Mod: Illusion disguises the Pok\u00e9mon's true level\n|\n|t:|1718423798\n|start\n|switch|p1a: Glalie|Glalie, L96, M|309/309\n|switch|p2a: Honchkrow|Honchkrow, L86, M|312/312\n|turn|1\n|inactive|Battle timer is ON: inactive players will automatically lose when time's up. (requested by papadopes)\n|inactive|scarletspaceship has 120 seconds left.\n|\n|t:|1718423877\n|move|p1a: Glalie|Spikes|p2a: Honchkrow\n|-sidestart|p2: scarletspaceship|Spikes\n|move|p2a: Honchkrow|Heat Wave|p1a: Glalie\n|-supereffective|p1a: Glalie\n|-damage|p1a: Glalie|161/309\n|\n|upkeep\n|turn|2\n|\n|t:|1718423887\n|move|p1a: Glalie|Freeze-Dry|p2a: Honchkrow\n|-supereffective|p2a: Honchkrow\n|-damage|p2a: Honchkrow|94/312\n|-status|p2a: Honchkrow|frz\n|cant|p2a: Honchkrow|frz\n|\n|upkeep\n|turn|3\n|j| Nicophobia\n|c|\u2606scarletspaceship|heat wave should thaw :/ boo\n|\n|t:|1718423912\n|-curestatus|p2a: Honchkrow|frz|[msg]\n|move|p2a: Honchkrow|Sucker Punch|p1a: Glalie\n|-damage|p1a: Glalie|73/309\n|move|p1a: Glalie|Freeze-Dry|p2a: Honchkrow\n|-supereffective|p2a: Honchkrow\n|-damage|p2a: Honchkrow|0 fnt\n|faint|p2a: Honchkrow\n|\n|upkeep\n|c| Nicophobia|Luck\n|inactive|scarletspaceship has 120 seconds left.\n|c|\u2606scarletspaceship|the freeze was luck\n|c|\u2606scarletspaceship|looks like we're both lucky tonight\n|\n|t:|1718423942\n|switch|p2a: Raichu|Raichu, L88, F|249/249\n|-damage|p2a: Raichu|218/249|[from] Spikes\n|turn|4\n|j| fyas\n|inactive|scarletspaceship has 90 seconds left.\n|\n|t:|1718423969\n|switch|p1a: Lanturn|Lanturn, L89, M|367/367\n|move|p2a: Raichu|Thunderbolt|p1a: Lanturn\n|-immune|p1a: Lanturn|[from] ability: Volt Absorb\n|\n|upkeep\n|turn|5\n|c| fyas|my mouth is fucking agape\n|\n|t:|1718423978\n|switch|p2a: Rayquaza|Rayquaza, L72|270/270\n|-ability|p2a: Rayquaza|Air Lock\n|move|p1a: Lanturn|Scald|p2a: Rayquaza\n|-resisted|p2a: Rayquaza\n|-damage|p2a: Rayquaza|227/270\n|-status|p2a: Rayquaza|brn\n|\n|-damage|p2a: Rayquaza|211/270 brn|[from] brn\n|upkeep\n|turn|6\n|\n|t:|1718423985\n|move|p2a: Rayquaza|Swords Dance|p2a: Rayquaza\n|-boost|p2a: Rayquaza|atk|2\n|move|p1a: Lanturn|Ice Beam|p2a: Rayquaza\n|-supereffective|p2a: Rayquaza\n|-crit|p2a: Rayquaza\n|-damage|p2a: Rayquaza|0 fnt\n|faint|p2a: Rayquaza\n|\n|upkeep\n|c| fyas|MY MOUTH IS AGAPE\n|c| Nicophobia|Luck 2.0\n|inactive|scarletspaceship has 90 seconds left.\n|\n|t:|1718424024\n|switch|p2a: Dachsbun|Dachsbun, L91, F|252/252\n|-damage|p2a: Dachsbun|221/252|[from] Spikes\n|turn|7\n|\n|t:|1718424031\n|move|p2a: Dachsbun|Play Rough|p1a: Lanturn\n|-damage|p1a: Lanturn|247/367\n|move|p1a: Lanturn|Thunder Wave|p2a: Dachsbun\n|-status|p2a: Dachsbun|par\n|\n|-heal|p1a: Lanturn|269/367|[from] item: Leftovers\n|-heal|p2a: Dachsbun|236/252 par|[from] item: Leftovers\n|upkeep\n|turn|8\n|\n|t:|1718424035\n|switch|p1a: Ariados|Ariados, L94, F|284/284\n|move|p2a: Dachsbun|Play Rough|p1a: Ariados\n|-resisted|p1a: Ariados\n|-damage|p1a: Ariados|230/284\n|\n|-heal|p2a: Dachsbun|251/252 par|[from] item: Leftovers\n|upkeep\n|turn|9\n|inactive|scarletspaceship has 90 seconds left.\n|\n|t:|1718424052\n|switch|p2a: Hippowdon|Hippowdon, L82, F|311/311\n|-damage|p2a: Hippowdon|273/311|[from] Spikes\n|-weather|Sandstorm|[from] ability: Sand Stream|[of] p2a: Hippowdon\n|move|p1a: Ariados|Sticky Web|p2a: Hippowdon\n|-sidestart|p2: scarletspaceship|move: Sticky Web\n|\n|-weather|Sandstorm|[upkeep]\n|-damage|p1a: Ariados|213/284|[from] Sandstorm\n|-heal|p2a: Hippowdon|292/311|[from] item: Leftovers\n|upkeep\n|turn|10\n|\n|t:|1718424064\n|switch|p1a: Ninetales|Ninetales, L85, M|263/263\n|-weather|SunnyDay|[from] ability: Drought|[of] p1a: Ninetales\n|move|p2a: Hippowdon|Stealth Rock|p1a: Ninetales\n|-sidestart|p1: papadopes|move: Stealth Rock\n|\n|-weather|SunnyDay|[upkeep]\n|-heal|p2a: Hippowdon|311/311|[from] item: Leftovers\n|upkeep\n|turn|11\n|inactive|scarletspaceship has 90 seconds left.\n|\n|t:|1718424076\n|move|p1a: Ninetales|Solar Beam||[still]\n|-prepare|p1a: Ninetales|Solar Beam\n|-anim|p1a: Ninetales|Solar Beam|p2a: Hippowdon\n|-supereffective|p2a: Hippowdon\n|-damage|p2a: Hippowdon|133/311\n|move|p2a: Hippowdon|Earthquake|p1a: Ninetales\n|-supereffective|p1a: Ninetales\n|-damage|p1a: Ninetales|0 fnt\n|faint|p1a: Ninetales\n|\n|-weather|SunnyDay|[upkeep]\n|-heal|p2a: Hippowdon|152/311|[from] item: Leftovers\n|upkeep\n|\n|t:|1718424080\n|switch|p1a: Glalie|Glalie, L96, M|73/309\n|turn|12\n|\n|t:|1718424087\n|switch|p2a: Dachsbun|Dachsbun, L91, F|251/252 par\n|-damage|p2a: Dachsbun|220/252 par|[from] Spikes\n|-activate|p2a: Dachsbun|move: Sticky Web\n|-unboost|p2a: Dachsbun|spe|1\n|move|p1a: Glalie|Freeze-Dry|p2a: Dachsbun\n|-crit|p2a: Dachsbun\n|-damage|p2a: Dachsbun|94/252 par\n|\n|-weather|SunnyDay|[upkeep]\n|-heal|p2a: Dachsbun|109/252 par|[from] item: Leftovers\n|upkeep\n|turn|13\n|c| fyas|the amount of trading going on is insane\n|\n|t:|1718424099\n|move|p1a: Glalie|Spikes|p2a: Dachsbun\n|-sidestart|p2: scarletspaceship|Spikes\n|move|p2a: Dachsbun|Wish|p2a: Dachsbun\n|\n|-weather|SunnyDay|[upkeep]\n|-heal|p2a: Dachsbun|124/252 par|[from] item: Leftovers\n|upkeep\n|turn|14\n|\n|t:|1718424107\n|move|p1a: Glalie|Spikes|p2a: Dachsbun\n|-sidestart|p2: scarletspaceship|Spikes\n|cant|p2a: Dachsbun|par\n|\n|-weather|none\n|-heal|p2a: Dachsbun|250/252 par|[from] move: Wish|[wisher] Dachsbun\n|-heal|p2a: Dachsbun|252/252 par|[from] item: Leftovers\n|upkeep\n|turn|15\n|\n|t:|1718424112\n|move|p1a: Glalie|Freeze-Dry|p2a: Dachsbun\n|-damage|p2a: Dachsbun|170/252 par\n|cant|p2a: Dachsbun|par\n|\n|-heal|p2a: Dachsbun|185/252 par|[from] item: Leftovers\n|upkeep\n|turn|16\n|\n|t:|1718424116\n|move|p1a: Glalie|Freeze-Dry|p2a: Dachsbun\n|-damage|p2a: Dachsbun|101/252 par\n|move|p2a: Dachsbun|Wish|p2a: Dachsbun\n|\n|-heal|p2a: Dachsbun|116/252 par|[from] item: Leftovers\n|upkeep\n|turn|17\n|\n|t:|1718424122\n|move|p2a: Dachsbun|Protect|p2a: Dachsbun\n|-singleturn|p2a: Dachsbun|Protect\n|move|p1a: Glalie|Freeze-Dry|p2a: Dachsbun\n|-activate|p2a: Dachsbun|move: Protect\n|\n|-heal|p2a: Dachsbun|242/252 par|[from] move: Wish|[wisher] Dachsbun\n|-heal|p2a: Dachsbun|252/252 par|[from] item: Leftovers\n|upkeep\n|turn|18\n|\n|t:|1718424127\n|move|p1a: Glalie|Freeze-Dry|p2a: Dachsbun\n|-damage|p2a: Dachsbun|173/252 par\n|move|p2a: Dachsbun|Body Press|p1a: Glalie\n|-supereffective|p1a: Glalie\n|-damage|p1a: Glalie|0 fnt\n|faint|p1a: Glalie\n|\n|-heal|p2a: Dachsbun|188/252 par|[from] item: Leftovers\n|upkeep\n|\n|t:|1718424128\n|switch|p1a: Ariados|Ariados, L94, F|213/284\n|turn|19\n|inactive|scarletspaceship has 120 seconds left.\n|c| Nicophobia|.....\n|\n|t:|1718424170\n|cant|p2a: Dachsbun|par\n|move|p1a: Ariados|Poison Jab|p2a: Dachsbun\n|-supereffective|p2a: Dachsbun\n|-damage|p2a: Dachsbun|50/252 par\n|\n|-heal|p2a: Dachsbun|65/252 par|[from] item: Leftovers\n|upkeep\n|turn|20\n|\n|t:|1718424176\n|move|p1a: Ariados|Poison Jab|p2a: Dachsbun\n|-supereffective|p2a: Dachsbun\n|-damage|p2a: Dachsbun|0 fnt\n|faint|p2a: Dachsbun\n|\n|upkeep\n|\n|t:|1718424180\n|switch|p2a: Rabsca|Rabsca, L91, M|284/284\n|turn|21\n|\n|t:|1718424197\n|-terastallize|p2a: Rabsca|Steel\n|move|p1a: Ariados|Megahorn|p2a: Rabsca\n|-resisted|p2a: Rabsca\n|-damage|p2a: Rabsca|213/284\n|move|p2a: Rabsca|Trick Room|p2a: Rabsca\n|-fieldstart|move: Trick Room|[of] p2a: Rabsca\n|\n|upkeep\n|turn|22\n|\n|t:|1718424219\n|-terastallize|p1a: Ariados|Steel\n|move|p2a: Rabsca|Psychic|p1a: Ariados\n|-resisted|p1a: Ariados\n|-damage|p1a: Ariados|145/284\n|move|p1a: Ariados|Megahorn|p2a: Rabsca\n|-resisted|p2a: Rabsca\n|-damage|p2a: Rabsca|145/284\n|\n|upkeep\n|turn|23\n|\n|t:|1718424238\n|switch|p1a: Luvdisc|Luvdisc, M|247/247\n|move|p2a: Rabsca|Revival Blessing|p2a: Rabsca\n|\n|t:|1718424249\n|-heal|p2: Rayquaza|135/270|[from] move: Revival Blessing\n|\n|upkeep\n|turn|24\n|j| oi0oio0\n|\n|t:|1718424259\n|move|p2a: Rabsca|Bug Buzz|p1a: Luvdisc\n|-damage|p1a: Luvdisc|102/247\n|move|p1a: Luvdisc|Substitute|p1a: Luvdisc\n|-start|p1a: Luvdisc|Substitute\n|-damage|p1a: Luvdisc|41/247\n|\n|upkeep\n|turn|25\n|\n|t:|1718424265\n|move|p2a: Rabsca|Bug Buzz|p1a: Luvdisc\n|-crit|p1a: Luvdisc\n|-damage|p1a: Luvdisc|0 fnt\n|faint|p1a: Luvdisc\n|\n|-fieldend|move: Trick Room\n|upkeep\n|\n|t:|1718424267\n|switch|p1a: Lanturn|Lanturn, L89, M|269/367\n|-damage|p1a: Lanturn|224/367|[from] Stealth Rock\n|turn|26\n|c| fyas|BUG BUZZ GOES THROUGH SUBSTITUTE THE PLAYYYYS\n|\n|t:|1718424274\n|move|p1a: Lanturn|Thunderbolt|p2a: Rabsca\n|-damage|p2a: Rabsca|72/284\n|move|p2a: Rabsca|Psychic|p1a: Lanturn\n|-damage|p1a: Lanturn|97/367\n|\n|-heal|p1a: Lanturn|119/367|[from] item: Leftovers\n|upkeep\n|turn|27\n|\n|t:|1718424284\n|move|p1a: Lanturn|Scald|p2a: Rabsca\n|-damage|p2a: Rabsca|6/284\n|-status|p2a: Rabsca|brn\n|-activate|p2a: Rabsca|ability: Synchronize\n|-status|p1a: Lanturn|brn\n|move|p2a: Rabsca|Psychic|p1a: Lanturn\n|-damage|p1a: Lanturn|0 fnt\n|faint|p1a: Lanturn\n|\n|-damage|p2a: Rabsca|0 fnt|[from] brn\n|faint|p2a: Rabsca\n|upkeep\n|\n|t:|1718424297\n|switch|p1a: Cyclizar|Cyclizar, L83, F|252/252\n|switch|p2a: Hippowdon|Hippowdon, L82, F|152/311\n|-damage|p2a: Hippowdon|75/311|[from] Spikes\n|-activate|p2a: Hippowdon|move: Sticky Web\n|-unboost|p2a: Hippowdon|spe|1\n|-weather|Sandstorm|[from] ability: Sand Stream|[of] p2a: Hippowdon\n|turn|28\n|c| fyas|damn this is looking like an even game now\n|c| Nicophobia|Oooo\n|c| Nicophobia|Cycli regen\n|\n|t:|1718424312\n|move|p1a: Cyclizar|Draco Meteor|p2a: Hippowdon\n|-damage|p2a: Hippowdon|0 fnt\n|-unboost|p1a: Cyclizar|spa|2\n|faint|p2a: Hippowdon\n|\n|-weather|Sandstorm|[upkeep]\n|-damage|p1a: Cyclizar|237/252|[from] Sandstorm\n|upkeep\n|\n|t:|1718424320\n|switch|p2a: Raichu|Raichu, L88, F|218/249\n|-damage|p2a: Raichu|156/249|[from] Spikes\n|-activate|p2a: Raichu|move: Sticky Web\n|-unboost|p2a: Raichu|spe|1\n|turn|29\n|\n|t:|1718424327\n|move|p1a: Cyclizar|Shed Tail|p1a: Cyclizar\n|-start|p1a: Cyclizar|Substitute|[from] move: Shed Tail\n|-damage|p1a: Cyclizar|111/252\n|\n|t:|1718424329\n|switch|p1a: Ariados|Ariados, L94, F, tera:Steel|145/284|[from] Shed Tail\n|move|p2a: Raichu|Thunderbolt|p1a: Ariados\n|-end|p1a: Ariados|Substitute\n|-damage|p2a: Raichu|132/249|[from] item: Life Orb\n|\n|-weather|Sandstorm|[upkeep]\n|-damage|p2a: Raichu|117/249|[from] Sandstorm\n|upkeep\n|turn|30\n|\n|t:|1718424335\n|move|p2a: Raichu|Thunderbolt|p1a: Ariados\n|-damage|p1a: Ariados|16/284\n|-damage|p2a: Raichu|93/249|[from] item: Life Orb\n|move|p1a: Ariados|Poison Jab|p2a: Raichu\n|-damage|p2a: Raichu|0 fnt\n|faint|p2a: Raichu\n|\n|-weather|Sandstorm|[upkeep]\n|upkeep\n|\n|t:|1718424340\n|switch|p2a: Rayquaza|Rayquaza, L72|135/270\n|-ability|p2a: Rayquaza|Air Lock\n|turn|31\n|c| Nicophobia|Ggs\n|c| Nicophobia|Cycli faster\n|c| fyas|damn\n|inactive|scarletspaceship has 120 seconds left.\n|\n|t:|1718424374\n|move|p2a: Rayquaza|Swords Dance|p2a: Rayquaza\n|-boost|p2a: Rayquaza|atk|2\n|move|p1a: Ariados|Poison Jab|p2a: Rayquaza\n|-damage|p2a: Rayquaza|30/270\n|\n|-weather|Sandstorm|[upkeep]\n|upkeep\n|turn|32\n|\n|t:|1718424379\n|move|p2a: Rayquaza|Extreme Speed|p1a: Ariados\n|-resisted|p1a: Ariados\n|-damage|p1a: Ariados|0 fnt\n|faint|p1a: Ariados\n|\n|-weather|none\n|upkeep\n|c| fyas|doesnt rayq have\n|c| Nicophobia|Oooooh Es\n|c| fyas|yeah\n|c|\u2606papadopes|Ggs i lost\n|\n|t:|1718424387\n|switch|p1a: Cyclizar|Cyclizar, L83, F|195/252\n|turn|33\n|c|\u2606scarletspaceship|gg\n|c| fyas|we'll see\n|\n|t:|1718424391\n|move|p2a: Rayquaza|Extreme Speed|p1a: Cyclizar\n|-damage|p1a: Cyclizar|40/252\n|move|p1a: Cyclizar|Draco Meteor|p2a: Rayquaza\n|-supereffective|p2a: Rayquaza\n|-damage|p2a: Rayquaza|0 fnt\n|-unboost|p1a: Cyclizar|spa|2\n|faint|p2a: Rayquaza\n|\n|win|papadopes\n|raw|papadopes's rating: 2280 &rarr; <strong>2303</strong><br />(+23 for winning)\n|raw|scarletspaceship's rating: 2326 &rarr; <strong>2303</strong><br />(-23 for losing)\n|c| fyas|oh gg\n|c| Nicophobia|Ooooooo\n|c| Nicophobia|This wa sa good game\n|c|\u2606scarletspaceship|excellent game\n|c| fyas|my ass thought ray for sure had scale shot\n|c|\u2606scarletspaceship|no scale shot\n|c|\u2606papadopes|Ggs\n|c| fyas|gggg\n|c| Nicophobia|ES\n|c| Nicophobia|Gg\n|l| fyas\n|l|\u2606scarletspaceship\n|player|p2|\n|l|\u2606papadopes\n|player|p1|\n|j|\u2606papadopes\n|player|p1|papadopes|102|\n", "inputlog": ">version e046c5ea766451ca9500a73fe72ec774e92e6f7e\n>start {\"formatid\":\"gen9randombattle\",\"seed\":[32239,50809,19410,49150],\"rated\":\"Rated battle\"}\n>player p1 {\"name\":\"papadopes\",\"avatar\":\"102\",\"rating\":2280,\"seed\":[19809,31396,46486,64200]}\n>player p2 {\"name\":\"scarletspaceship\",\"avatar\":\"palmer\",\"rating\":2326,\"seed\":[60356,22454,3716,13263]}\n>p1 move spikes\n>p2 move heatwave\n>p1 move freezedry\n>p2 move heatwave\n>chat \u2606scarletspaceship|heat wave should thaw :/ boo\n>p1 move freezedry\n>p2 move suckerpunch\n>chat  Nicophobia|Luck\n>chat \u2606scarletspaceship|the freeze was luck\n>chat \u2606scarletspaceship|looks like we're both lucky tonight\n>p2 switch 4\n>p1 switch 3\n>p2 move thunderbolt\n>chat  fyas|my mouth is fucking agape\n>p1 move scald\n>p2 switch 3\n>p1 move icebeam\n>p2 move swordsdance\n>chat  fyas|MY MOUTH IS AGAPE\n>chat  Nicophobia|Luck 2.0\n>p2 switch 2\n>p1 move thunderwave\n>p2 move playrough\n>p1 switch 5\n>p2 move playrough\n>p1 move stickyweb\n>p2 switch 6\n>p1 switch 2\n>p2 move stealthrock\n>p1 move solarbeam\n>p2 move earthquake\n>p1 switch 3\n>p1 move freezedry\n>p2 switch 6\n>chat  fyas|the amount of trading going on is insane\n>p1 move spikes\n>p2 move wish\n>p1 move spikes\n>p2 move bodypress\n>p1 move freezedry\n>p2 move bodypress\n>p1 move freezedry\n>p2 move wish\n>p1 move freezedry\n>p2 move protect\n>p1 move freezedry\n>p2 move bodypress\n>p1 switch 2\n>chat  Nicophobia|.....\n>p1 move poisonjab\n>p2 move protect\n>p1 move poisonjab\n>p2 move playrough\n>p2 switch 5\n>p1 move megahorn\n>p2 move trickroom terastallize\n>p1 move megahorn terastallize\n>p2 move psychic\n>p1 switch 4\n>p2 move revivalblessing\n>p2 switch 2\n>p1 move substitute\n>p2 move bugbuzz\n>p1 move surf\n>p2 move bugbuzz\n>p1 switch 5\n>chat  fyas|BUG BUZZ GOES THROUGH SUBSTITUTE THE PLAYYYYS\n>p1 move thunderbolt\n>p2 move psychic\n>p1 move scald\n>p2 move psychic\n>p1 switch 6\n>p2 switch 6\n>chat  fyas|damn this is looking like an even game now\n>chat  Nicophobia|Oooo\n>chat  Nicophobia|Cycli regen\n>p1 move dracometeor\n>p2 move slackoff\n>p2 switch 3\n>p1 move shedtail\n>p2 move thunderbolt\n>p1 switch 4\n>p1 move poisonjab\n>p2 move thunderbolt\n>p2 switch 2\n>chat  Nicophobia|Ggs\n>chat  Nicophobia|Cycli faster\n>chat  fyas|damn\n>p1 move poisonjab\n>p2 move swordsdance\n>p1 move poisonjab\n>p2 move extremespeed\n>chat  fyas|doesnt rayq have\n>chat  Nicophobia|Oooooh Es\n>chat  fyas|yeah\n>chat \u2606papadopes|Ggs i lost\n>p1 switch 4\n>chat \u2606scarletspaceship|gg\n>chat  fyas|we'll see\n>p1 move dracometeor\n>p2 move extremespeed", "uploadtime": 1718424410, "views": 185, "formatid": "gen9randombattle", "rating": 2303, "private": 0, "password": null}