{"id": "gen9randombattle-2260420659", "format": "[Gen 9] Random Battle", "players": ["spicybaby", "Per3"], "log": "|j|\u2606spicybaby\n|j|\u2606Per3\n|t:|1733849926\n|gametype|singles\n|player|p1|spicybaby|caitlin|1228\n|player|p2|Per3|265|1191\n|teamsize|p1|6\n|teamsize|p2|6\n|gen|9\n|tier|[Gen 9] Random Battle\n|rated|\n|rule|Species Clause: Limit one of each Pok\u00e9mon\n|rule|HP Percentage Mod: HP is shown in percentages\n|rule|Sleep Clause Mod: Limit one foe put to sleep\n|rule|Illusion Level Mod: Illusion disguises the Pok\u00e9mon's true level\n|\n|t:|1733849926\n|start\n|switch|p1a: Basculegion|Basculegion-F, L83, F|335/335\n|switch|p2a: Volbeat|Volbeat, L90, M|263/263\n|turn|1\n|\n|t:|1733849971\n|move|p2a: Volbeat|Thunder Wave|p1a: Basculegion\n|-status|p1a: Basculegion|par\n|cant|p1a: Basculegion|par\n|\n|upkeep\n|turn|2\n|\n|t:|1733849988\n|switch|p2a: Plusle|Plusle, L95, M|268/268\n|move|p1a: Basculegion|Wave Crash|p2a: Plusle\n|-damage|p2a: Plusle|26/268\n|-damage|p1a: Basculegion|255/335 par|[from] Recoil\n|\n|upkeep\n|turn|3\n|\n|t:|1733849998\n|move|p2a: Plusle|Thunderbolt|p1a: Basculegion\n|-supereffective|p1a: Basculegion\n|-damage|p1a: Basculegion|21/335 par\n|-damage|p2a: Plusle|0 fnt|[from] item: Life Orb\n|faint|p2a: Plusle\n|move|p1a: Basculegion|Flip Turn|p2: Plusle|[notarget]\n|-fail|p1a: Basculegion\n|\n|upkeep\n|\n|t:|1733850011\n|switch|p2a: Volbeat|Volbeat, L90, M|263/263\n|turn|4\n|\n|t:|1733850017\n|move|p2a: Volbeat|Lunge|p1a: Basculegion\n|-resisted|p1a: Basculegion\n|-damage|p1a: Basculegion|0 fnt\n|faint|p1a: Basculegion\n|\n|upkeep\n|\n|t:|1733850028\n|switch|p1a: Cryogonal|Cryogonal, L89|287/287\n|turn|5\n|\n|t:|1733850043\n|move|p2a: Volbeat|Thunder Wave|p1a: Cryogonal\n|-status|p1a: Cryogonal|par\n|move|p1a: Cryogonal|Ice Beam|p2a: Volbeat\n|-damage|p2a: Volbeat|169/263\n|\n|upkeep\n|turn|6\n|\n|t:|1733850063\n|switch|p2a: Iron Boulder|Iron Boulder, L77|265/265\n|move|p1a: Cryogonal|Ice Beam|p2a: Iron Boulder\n|-damage|p2a: Iron Boulder|166/265\n|-status|p2a: Iron Boulder|frz\n|\n|upkeep\n|turn|7\n|\n|t:|1733850077\n|switch|p1a: Shiftry|Shiftry, L89, M|305/305\n|-curestatus|p2a: Iron Boulder|frz|[msg]\n|move|p2a: Iron Boulder|Swords Dance|p2a: Iron Boulder\n|-boost|p2a: Iron Boulder|atk|2\n|\n|upkeep\n|turn|8\n|\n|t:|1733850089\n|-terastallize|p2a: Iron Boulder|Fighting\n|move|p2a: Iron Boulder|Close Combat|p1a: Shiftry\n|-supereffective|p1a: Shiftry\n|-damage|p1a: Shiftry|0 fnt\n|-unboost|p2a: Iron Boulder|def|1\n|-unboost|p2a: Iron Boulder|spd|1\n|faint|p1a: Shiftry\n|-damage|p2a: Iron Boulder|140/265|[from] item: Life Orb\n|\n|upkeep\n|\n|t:|1733850111\n|switch|p1a: Scrafty|Scrafty, L84, F|246/246\n|-ability|p1a: Scrafty|Intimidate|boost\n|-unboost|p2a: Iron Boulder|atk|1\n|turn|9\n|\n|t:|1733850120\n|-terastallize|p1a: Scrafty|Poison\n|move|p2a: Iron Boulder|Close Combat|p1a: Scrafty\n|-resisted|p1a: Scrafty\n|-damage|p1a: Scrafty|146/246\n|-unboost|p2a: Iron Boulder|def|1\n|-unboost|p2a: Iron Boulder|spd|1\n|-damage|p2a: Iron Boulder|114/265|[from] item: Life Orb\n|move|p1a: Scrafty|Dragon Dance|p1a: Scrafty\n|-boost|p1a: Scrafty|atk|1\n|-boost|p1a: Scrafty|spe|1\n|\n|upkeep\n|turn|10\n|\n|t:|1733850132\n|move|p2a: Iron Boulder|Mighty Cleave|p1a: Scrafty\n|-damage|p1a: Scrafty|2/246\n|-damage|p2a: Iron Boulder|88/265|[from] item: Life Orb\n|move|p1a: Scrafty|Dragon Dance|p1a: Scrafty\n|-boost|p1a: Scrafty|atk|1\n|-boost|p1a: Scrafty|spe|1\n|\n|upkeep\n|turn|11\n|\n|t:|1733850149\n|-end|p2a: Iron Boulder|Quark Drive|[silent]\n|switch|p2a: Grumpig|Grumpig, L92, M|297/297\n|move|p1a: Scrafty|Poison Jab|p2a: Grumpig\n|-damage|p2a: Grumpig|46/297\n|-status|p2a: Grumpig|psn\n|-damage|p1a: Scrafty|0 fnt|[from] item: Life Orb\n|faint|p1a: Scrafty\n|\n|-damage|p2a: Grumpig|9/297 psn|[from] psn\n|upkeep\n|\n|t:|1733850157\n|switch|p1a: Cryogonal|Cryogonal, L89|287/287 par\n|turn|12\n|\n|t:|1733850172\n|move|p2a: Grumpig|Trick|p1a: Cryogonal\n|-activate|p2a: Grumpig|move: Trick|[of] p1a: Cryogonal\n|-item|p1a: Cryogonal|Choice Scarf|[from] move: Trick\n|-item|p2a: Grumpig|Heavy-Duty Boots|[from] move: Trick\n|move|p1a: Cryogonal|Ice Beam|p2a: Grumpig\n|-damage|p2a: Grumpig|0 fnt\n|faint|p2a: Grumpig\n|\n|upkeep\n|\n|t:|1733850188\n|switch|p2a: Blissey|Blissey, L84, F|566/566\n|turn|13\n|\n|t:|1733850193\n|move|p1a: Cryogonal|Ice Beam|p2a: Blissey\n|-damage|p2a: Blissey|485/566\n|-status|p2a: Blissey|frz\n|-curestatus|p2a: Blissey|frz|[msg]\n|move|p2a: Blissey|Stealth Rock|p1a: Cryogonal\n|-sidestart|p1: spicybaby|move: Stealth Rock\n|\n|-heal|p2a: Blissey|520/566|[from] item: Leftovers\n|upkeep\n|turn|14\n|l|\u2606spicybaby\n|player|p1|\n|inactive|Battle timer is ON: inactive players will automatically lose when time's up. (requested by Per3)\n|inactive|spicybaby has 30 seconds to reconnect!\n|inactive|spicybaby has 20 seconds to reconnect!\n|inactive|spicybaby has 15 seconds to reconnect!\n|inactive|spicybaby has 10 seconds to reconnect!\n|inactive|spicybaby has 5 seconds to reconnect!\n|-message|spicybaby lost due to inactivity.\n|\n|win|Per3\n|raw|spicybaby's rating: 1228 &rarr; <strong>1200</strong><br />(-28 for losing)\n|raw|Per3's rating: 1191 &rarr; <strong>1219</strong><br />(+28 for winning)\n", "inputlog": ">version bfd83cad13791eb5a5a409923076391caf6fb4d4\n>start {\"formatid\":\"gen9randombattle\",\"seed\":[21936,33103,36413,37224],\"rated\":\"Rated battle\"}\n>player p1 {\"name\":\"spicybaby\",\"avatar\":\"caitlin\",\"rating\":1228,\"seed\":[4641,16150,5385,15571]}\n>player p2 {\"name\":\"Per3\",\"avatar\":\"265\",\"rating\":1191,\"seed\":[31745,44523,6709,31564]}\n>p1 move wavecrash\n>p2 move thunderwave\n>p1 move wavecrash\n>p2 switch 4\n>p1 move flipturn\n>p2 move thunderbolt\n>p2 switch 4\n>p1 move wavecrash\n>p2 move lunge\n>p1 switch 3\n>p1 move icebeam\n>p2 move thunderwave\n>p1 move icebeam\n>p2 switch 2\n>p1 switch 6\n>p2 move swordsdance\n>p1 move knockoff\n>p2 move closecombat terastallize\n>p1 switch 2\n>p1 move dragondance terastallize\n>p2 move closecombat\n>p1 move dragondance\n>p2 move mightycleave\n>p1 move poisonjab\n>p2 switch 5\n>p1 switch 6\n>p1 move icebeam\n>p2 move trick\n>p2 switch 6\n>p1 move icebeam\n>p2 move stealthrock\n>forcelose p1", "uploadtime": 1733850325, "views": 7, "formatid": "gen9randombattle", "rating": 1200, "private": 0, "password": null}