{"id": "gen9randombattle-2259777323", "format": "[Gen 9] Random Battle", "players": ["JJISLIT", "fidi7cudsj jtke"], "log": "|j|\u2606JJISLIT\n|j|\u203dfidi7cudsj jtke\n|t:|1733765701\n|gametype|singles\n|player|p1|JJISLIT|li|1044\n|player|p2|fidi7cudsj jtke|266|1040\n|teamsize|p1|6\n|teamsize|p2|6\n|gen|9\n|tier|[Gen 9] Random Battle\n|rated|\n|rule|Species Clause: Limit one of each Pok\u00e9mon\n|rule|HP Percentage Mod: HP is shown in percentages\n|rule|Sleep Clause Mod: Limit one foe put to sleep\n|rule|Illusion Level Mod: Illusion disguises the Pok\u00e9mon's true level\n|\n|t:|1733765701\n|start\n|switch|p1a: Ambipom|Ambipom, L84, F|263/263\n|switch|p2a: Delibird|Delibird, M|252/252\n|turn|1\n|inactive|Battle timer is ON: inactive players will automatically lose when time's up. (requested by fidi7cudsj jtke)\n|c|\u2606JJISLIT|Hello what's ur name\n|\n|t:|1733765716\n|move|p1a: Ambipom|Fake Out|p2a: Delibird\n|-damage|p2a: Delibird|141/252\n|cant|p2a: Delibird|flinch\n|\n|upkeep\n|turn|2\n|\n|t:|1733765722\n|move|p1a: Ambipom|Double-Edge|p2a: Delibird\n|-damage|p2a: Delibird|0 fnt\n|faint|p2a: Delibird\n|-damage|p1a: Ambipom|216/263|[from] Recoil\n|\n|upkeep\n|\n|t:|1733765725\n|switch|p2a: Eiscue|Eiscue, L88, F|272/272\n|turn|3\n|c|\u2606JJISLIT|SORRYYYYYYYYYYYY\n|c|\u2606JJISLIT|IM TOO GOOD.\n|\n|t:|1733765741\n|move|p1a: Ambipom|Fake Out||[still]\n|-hint|Fake Out only works on your first turn out.\n|-fail|p1a: Ambipom\n|move|p2a: Eiscue|Belly Drum|p2a: Eiscue\n|-damage|p2a: Eiscue|136/272\n|-setboost|p2a: Eiscue|atk|6|[from] move: Belly Drum\n|\n|upkeep\n|turn|4\n|\n|t:|1733765750\n|move|p1a: Ambipom|Fake Out||[still]\n|-hint|Fake Out only works on your first turn out.\n|-fail|p1a: Ambipom\n|move|p2a: Eiscue|Substitute|p2a: Eiscue\n|-start|p2a: Eiscue|Substitute\n|-damage|p2a: Eiscue|68/272\n|-enditem|p2a: Eiscue|Salac Berry|[eat]\n|-boost|p2a: Eiscue|spe|1|[from] item: Salac Berry\n|\n|upkeep\n|turn|5\n|\n|t:|1733765760\n|move|p1a: Ambipom|Low Kick|p2a: Eiscue\n|-supereffective|p2a: Eiscue\n|-end|p2a: Eiscue|Substitute\n|move|p2a: Eiscue|Ice Spinner|p1a: Ambipom\n|-damage|p1a: Ambipom|0 fnt\n|faint|p1a: Ambipom\n|\n|upkeep\n|\n|t:|1733765769\n|switch|p1a: Delphox|Delphox, L84, M|263/263\n|turn|6\n|\n|t:|1733765775\n|move|p1a: Delphox|Fire Blast|p2a: Eiscue\n|-supereffective|p2a: Eiscue\n|-damage|p2a: Eiscue|0 fnt\n|faint|p2a: Eiscue\n|\n|upkeep\n|\n|t:|1733765778\n|switch|p2a: Umbreon|Umbreon, L84, F|297/297\n|turn|7\n|c|\u2606JJISLIT|SOOOOOOOOO SORRY YOU THOUGHT YOU WAS GONNA WIN LITTL EBOY\n|\n|t:|1733765798\n|-terastallize|p1a: Delphox|Grass\n|move|p1a: Delphox|Psyshock|p2a: Umbreon\n|-immune|p2a: Umbreon\n|move|p2a: Umbreon|Toxic|p1a: Delphox\n|-status|p1a: Delphox|tox\n|\n|-damage|p1a: Delphox|247/263 tox|[from] psn\n|upkeep\n|turn|8\n|c|\u2606JJISLIT|HELLOOOOOOOOOOOOOO\n|c|\u2606JJISLIT|SORRYYYYYYY IM GONNA WIN!\n|inactive|fidi7cudsj jtke has 120 seconds left.\n|\n|t:|1733765844\n|move|p1a: Delphox|Fire Blast|p2a: Umbreon\n|-damage|p2a: Umbreon|191/297\n|move|p2a: Umbreon|Wish|p2a: Umbreon\n|\n|-heal|p2a: Umbreon|209/297|[from] item: Leftovers\n|-damage|p1a: Delphox|215/263 tox|[from] psn\n|upkeep\n|turn|9\n|\n|t:|1733765859\n|move|p1a: Delphox|Grass Knot|p2a: Umbreon\n|-damage|p2a: Umbreon|151/297\n|move|p2a: Umbreon|Foul Play|p1a: Delphox\n|-damage|p1a: Delphox|148/263 tox\n|\n|-heal|p2a: Umbreon|297/297|[from] move: Wish|[wisher] Umbreon\n|-damage|p1a: Delphox|100/263 tox|[from] psn\n|upkeep\n|turn|10\n|inactive|fidi7cudsj jtke has 120 seconds left.\n|inactive|JJISLIT has 120 seconds left.\n|\n|t:|1733765888\n|switch|p1a: Chansey|Chansey, L85, F|564/564\n|move|p2a: Umbreon|Wish|p2a: Umbreon\n|\n|upkeep\n|turn|11\n|inactive|fidi7cudsj jtke has 120 seconds left.\n|c|\u2606JJISLIT|okay im sorry...\n|\n|t:|1733765912\n|move|p2a: Umbreon|Protect|p2a: Umbreon\n|-singleturn|p2a: Umbreon|Protect\n|move|p1a: Chansey|Seismic Toss|p2a: Umbreon\n|-activate|p2a: Umbreon|move: Protect\n|\n|upkeep\n|turn|12\n|c|\u2606JJISLIT|dont report\n|\n|t:|1733765922\n|move|p2a: Umbreon|Wish|p2a: Umbreon\n|move|p1a: Chansey|Seismic Toss|p2a: Umbreon\n|-damage|p2a: Umbreon|212/297\n|\n|-heal|p2a: Umbreon|230/297|[from] item: Leftovers\n|upkeep\n|turn|13\n|\n|t:|1733765928\n|switch|p2a: Rillaboom|Rillaboom, L79, F|288/288\n|-fieldstart|move: Grassy Terrain|[from] ability: Grassy Surge|[of] p2a: Rillaboom\n|move|p1a: Chansey|Seismic Toss|p2a: Rillaboom\n|-damage|p2a: Rillaboom|203/288\n|\n|-heal|p2a: Rillaboom|288/288|[from] move: Wish|[wisher] Umbreon\n|upkeep\n|turn|14\n|\n|t:|1733765939\n|move|p2a: Rillaboom|Wood Hammer|p1a: Chansey\n|-damage|p1a: Chansey|0 fnt\n|faint|p1a: Chansey\n|-damage|p2a: Rillaboom|102/288|[from] Recoil\n|\n|-heal|p2a: Rillaboom|120/288|[from] Grassy Terrain\n|upkeep\n|\n|t:|1733765947\n|switch|p1a: Magmortar|Magmortar, L88, M|275/275\n|turn|15\n|\n|t:|1733765958\n|move|p1a: Magmortar|Fire Blast|p2a: Rillaboom\n|-supereffective|p2a: Rillaboom\n|-damage|p2a: Rillaboom|0 fnt\n|faint|p2a: Rillaboom\n|\n|upkeep\n|\n|t:|1733765960\n|switch|p2a: Swanna|Swanna, L88, F|275/275\n|turn|16\n|\n|t:|1733765965\n|move|p2a: Swanna|Hydro Pump|p1a: Magmortar|[miss]\n|-miss|p2a: Swanna|p1a: Magmortar\n|move|p1a: Magmortar|Thunderbolt|p2a: Swanna\n|-supereffective|p2a: Swanna\n|-damage|p2a: Swanna|0 fnt\n|faint|p2a: Swanna\n|\n|upkeep\n|\n|t:|1733765969\n|switch|p2a: Farigiraf|Farigiraf, L91, F|366/366\n|turn|17\n|\n|t:|1733765976\n|move|p1a: Magmortar|Focus Blast|p2a: Farigiraf|[miss]\n|-miss|p1a: Magmortar|p2a: Farigiraf\n|move|p2a: Farigiraf|Wish|p2a: Farigiraf\n|\n|-fieldend|move: Grassy Terrain\n|upkeep\n|turn|18\n|-message|fidi7cudsj jtke forfeited.\n|\n|win|JJISLIT\n", "inputlog": ">version bfd83cad13791eb5a5a409923076391caf6fb4d4\n>start {\"formatid\":\"gen9randombattle\",\"seed\":[45912,23131,1968,24041],\"rated\":\"Rated battle\"}\n>player p1 {\"name\":\"JJISLIT\",\"avatar\":\"li\",\"rating\":1044,\"seed\":[36955,647,34358,923]}\n>player p2 {\"name\":\"fidi7cudsj jtke\",\"avatar\":\"266\",\"rating\":1040,\"seed\":[23319,27976,41282,31738]}\n>chat \u2606JJISLIT|Hello what's ur name\n>p1 move fakeout\n>p2 move spikes\n>p1 move doubleedge\n>p2 move spikes\n>p2 switch 3\n>chat \u2606JJISLIT|SORRYYYYYYYYYYYY\n>chat \u2606JJISLIT|IM TOO GOOD.\n>p1 move fakeout\n>p2 move bellydrum\n>p1 move fakeout\n>p2 move substitute\n>p1 move lowkick\n>p2 move icespinner\n>p1 switch 3\n>p1 move fireblast\n>p2 move terablast\n>p2 switch 5\n>chat \u2606JJISLIT|SOOOOOOOOO SORRY YOU THOUGHT YOU WAS GONNA WIN LITTL EBOY\n>p1 move psyshock terastallize\n>p2 move toxic\n>chat \u2606JJISLIT|HELLOOOOOOOOOOOOOO\n>chat \u2606JJISLIT|SORRYYYYYYY IM GONNA WIN!\n>p1 move fireblast\n>p2 move wish\n>p1 move grassknot\n>p2 move foulplay\n>p1 switch 6\n>p2 move wish\n>chat \u2606JJISLIT|okay im sorry...\n>p1 move seismictoss\n>p2 move protect\n>chat \u2606JJISLIT|dont report\n>p1 move seismictoss\n>p2 move wish\n>p1 move seismictoss\n>p2 switch 6\n>p1 move seismictoss\n>p2 move woodhammer\n>p1 switch 4\n>p1 move fireblast\n>p2 move woodhammer\n>p2 switch 2\n>p1 move thunderbolt\n>p2 move hydropump\n>p2 switch 4\n>p1 move focusblast\n>p2 move wish\n>forcelose p2", "uploadtime": 1733765837, "views": 1, "formatid": "gen9randombattle", "rating": null, "private": 0, "password": null}