{"id": "gen9randombattle-2260455694", "format": "[Gen 9] Random Battle", "players": ["OnixcauseImSturdy", "Mattattac"], "log": "|j|\u2606OnixcauseImSturdy\n|j|\u203dMattattac\n|t:|1733853317\n|gametype|singles\n|player|p1|OnixcauseImSturdy|169|1640\n|player|p2|Mattattac|nate|1685\n|teamsize|p1|6\n|teamsize|p2|6\n|gen|9\n|tier|[Gen 9] Random Battle\n|rated|\n|rule|Species Clause: Limit one of each Pok\u00e9mon\n|rule|HP Percentage Mod: HP is shown in percentages\n|rule|Sleep Clause Mod: Limit one foe put to sleep\n|rule|Illusion Level Mod: Illusion disguises the Pok\u00e9mon's true level\n|\n|t:|1733853317\n|start\n|switch|p1a: Iron Thorns|Iron Thorns, L83|302/302\n|switch|p2a: Heracross|Heracross, L80, F|259/259\n|turn|1\n|inactive|Battle timer is ON: inactive players will automatically lose when time's up. (requested by Mattattac)\n|\n|t:|1733853339\n|-end|p1a: Iron Thorns|Quark Drive|[silent]\n|switch|p1a: Palkia|Palkia, L75|259/259\n|-ability|p1a: Palkia|Pressure\n|move|p2a: Heracross|Earthquake|p1a: Palkia\n|-damage|p1a: Palkia|143/259\n|\n|upkeep\n|turn|2\n|\n|t:|1733853353\n|switch|p2a: Chandelure|Chandelure, L83, F|235/235\n|move|p1a: Palkia|Spacial Rend|p2a: Chandelure\n|-damage|p2a: Chandelure|120/235\n|\n|upkeep\n|turn|3\n|\n|t:|1733853376\n|move|p1a: Palkia|Spacial Rend|p2a: Chandelure\n|-damage|p2a: Chandelure|0 fnt\n|faint|p2a: Chandelure\n|\n|upkeep\n|\n|t:|1733853384\n|switch|p2a: Meowstic|Meowstic, L89, M|277/277\n|turn|4\n|\n|t:|1733853400\n|move|p2a: Meowstic|Light Screen|p2a: Meowstic\n|-sidestart|p2: Mattattac|move: Light Screen\n|move|p1a: Palkia|Spacial Rend|p2a: Meowstic|[miss]\n|-miss|p1a: Palkia|p2a: Meowstic\n|\n|upkeep\n|turn|5\n|\n|t:|1733853408\n|switch|p1a: Farigiraf|Farigiraf, L91, M|366/366\n|move|p2a: Meowstic|Reflect|p2a: Meowstic\n|-sidestart|p2: Mattattac|Reflect\n|\n|upkeep\n|turn|6\n|\n|t:|1733853416\n|move|p2a: Meowstic|Thunder Wave|p1a: Farigiraf\n|-status|p1a: Farigiraf|par\n|move|p1a: Farigiraf|Hyper Voice|p2a: Meowstic\n|-damage|p2a: Meowstic|215/277\n|\n|upkeep\n|turn|7\n|\n|t:|1733853428\n|switch|p2a: Heracross|Heracross, L80, F|259/259\n|cant|p1a: Farigiraf|par\n|\n|upkeep\n|turn|8\n|\n|t:|1733853433\n|move|p2a: Heracross|Megahorn|p1a: Farigiraf\n|-supereffective|p1a: Farigiraf\n|-damage|p1a: Farigiraf|0 fnt\n|faint|p1a: Farigiraf\n|-ability|p2a: Heracross|Moxie|boost\n|-boost|p2a: Heracross|atk|1\n|\n|upkeep\n|\n|t:|1733853446\n|switch|p1a: Sneasler|Sneasler, L74, F|240/240\n|turn|9\n|\n|t:|1733853468\n|move|p1a: Sneasler|Dire Claw|p2a: Heracross\n|-damage|p2a: Heracross|184/259\n|move|p2a: Heracross|Megahorn|p1a: Sneasler\n|-resisted|p1a: Sneasler\n|-damage|p1a: Sneasler|121/240\n|\n|upkeep\n|turn|10\n|\n|t:|1733853473\n|move|p1a: Sneasler|Dire Claw|p2a: Heracross\n|-crit|p2a: Heracross\n|-damage|p2a: Heracross|0 fnt\n|faint|p2a: Heracross\n|\n|upkeep\n|\n|t:|1733853484\n|switch|p2a: Meowstic|Meowstic, L89, M|215/277\n|turn|11\n|inactive|OnixcauseImSturdy has 120 seconds left.\n|\n|t:|1733853527\n|switch|p1a: Araquanid|Araquanid, L82, F|246/246\n|move|p2a: Meowstic|Psychic Noise|p1a: Araquanid\n|-damage|p1a: Araquanid|189/246\n|-start|p1a: Araquanid|move: Heal Block\n|\n|-sideend|p2: Mattattac|move: Light Screen\n|upkeep\n|turn|12\n|n|\u2606Mattattac|mattattac\n|\n|t:|1733853537\n|switch|p2a: Glalie|Glalie, L96, M|309/309\n|move|p1a: Araquanid|Sticky Web|p2a: Glalie\n|-sidestart|p2: Mattattac|move: Sticky Web\n|\n|-end|p1a: Araquanid|move: Heal Block\n|-sideend|p2: Mattattac|Reflect\n|upkeep\n|turn|13\n|inactive|OnixcauseImSturdy has 120 seconds left.\n|\n|t:|1733853570\n|move|p2a: Glalie|Spikes|p1a: Araquanid\n|-sidestart|p1: OnixcauseImSturdy|Spikes\n|move|p1a: Araquanid|Leech Life|p2a: Glalie\n|-damage|p2a: Glalie|252/309\n|-heal|p1a: Araquanid|218/246|[from] drain|[of] p2a: Glalie\n|\n|upkeep\n|turn|14\n|\n|t:|1733853577\n|switch|p1a: Iron Thorns|Iron Thorns, L83|302/302\n|-damage|p1a: Iron Thorns|265/302|[from] Spikes\n|move|p2a: Glalie|Spikes|p1a: Iron Thorns\n|-sidestart|p1: OnixcauseImSturdy|Spikes\n|\n|upkeep\n|turn|15\n|\n|t:|1733853588\n|switch|p2a: Meowstic|Meowstic, L89, M|215/277\n|-activate|p2a: Meowstic|move: Sticky Web\n|-unboost|p2a: Meowstic|spe|1\n|move|p1a: Iron Thorns|Stone Edge|p2a: Meowstic\n|-damage|p2a: Meowstic|79/277\n|\n|upkeep\n|turn|16\n|inactive|OnixcauseImSturdy has 120 seconds left.\n|\n|t:|1733853595\n|move|p2a: Meowstic|Reflect|p2a: Meowstic\n|-sidestart|p2: Mattattac|Reflect\n|move|p1a: Iron Thorns|Stone Edge|p2a: Meowstic|[miss]\n|-miss|p1a: Iron Thorns|p2a: Meowstic\n|\n|upkeep\n|turn|17\n|\n|t:|1733853598\n|move|p2a: Meowstic|Light Screen|p2a: Meowstic\n|-sidestart|p2: Mattattac|move: Light Screen\n|move|p1a: Iron Thorns|Stone Edge|p2a: Meowstic|[miss]\n|-miss|p1a: Iron Thorns|p2a: Meowstic\n|\n|upkeep\n|turn|18\n|\n|t:|1733853603\n|move|p1a: Iron Thorns|Stone Edge|p2a: Meowstic\n|-crit|p2a: Meowstic\n|-damage|p2a: Meowstic|0 fnt\n|faint|p2a: Meowstic\n|\n|upkeep\n|\n|t:|1733853607\n|switch|p2a: Glalie|Glalie, L96, M|252/309\n|turn|19\n|inactive|OnixcauseImSturdy has 120 seconds left.\n|inactive|OnixcauseImSturdy has 90 seconds left.\n|inactive|OnixcauseImSturdy has 60 seconds left.\n|\n|t:|1733853699\n|-terastallize|p1a: Iron Thorns|Flying\n|move|p1a: Iron Thorns|Stone Edge|p2a: Glalie\n|-supereffective|p2a: Glalie\n|-crit|p2a: Glalie\n|-damage|p2a: Glalie|0 fnt\n|faint|p2a: Glalie\n|\n|upkeep\n|\n|t:|1733853718\n|switch|p2a: Ursaring|Ursaring, L84, F|288/288\n|-activate|p2a: Ursaring|move: Sticky Web\n|-unboost|p2a: Ursaring|spe|1\n|turn|20\n|\n|t:|1733853726\n|-end|p1a: Iron Thorns|Quark Drive|[silent]\n|switch|p1a: Sneasler|Sneasler, L74, F|121/240\n|-damage|p1a: Sneasler|81/240|[from] Spikes\n|move|p2a: Ursaring|Body Slam|p1a: Sneasler\n|-damage|p1a: Sneasler|0 fnt\n|faint|p1a: Sneasler\n|\n|upkeep\n|\n|t:|1733853730\n|switch|p1a: Palkia|Palkia, L75|143/259\n|-damage|p1a: Palkia|100/259|[from] Spikes\n|-ability|p1a: Palkia|Pressure\n|turn|21\n|\n|t:|1733853736\n|move|p1a: Palkia|Draco Meteor|p2a: Ursaring\n|-damage|p2a: Ursaring|229/288\n|-unboost|p1a: Palkia|spa|2\n|move|p2a: Ursaring|Body Slam|p1a: Palkia\n|-damage|p1a: Palkia|0 fnt\n|faint|p1a: Palkia\n|\n|upkeep\n|\n|t:|1733853747\n|switch|p1a: Araquanid|Araquanid, L82, F|218/246\n|turn|22\n|\n|t:|1733853770\n|move|p1a: Araquanid|Leech Life|p2a: Ursaring\n|-damage|p2a: Ursaring|206/288\n|-heal|p1a: Araquanid|230/246|[from] drain|[of] p2a: Ursaring\n|move|p2a: Ursaring|Body Slam|p1a: Araquanid\n|-damage|p1a: Araquanid|119/246\n|-status|p1a: Araquanid|par\n|\n|upkeep\n|turn|23\n|\n|t:|1733853781\n|move|p2a: Ursaring|Body Slam|p1a: Araquanid\n|-damage|p1a: Araquanid|11/246 par\n|move|p1a: Araquanid|Leech Life|p2a: Ursaring\n|-damage|p2a: Ursaring|181/288\n|-heal|p1a: Araquanid|24/246 par|[from] drain|[of] p2a: Ursaring\n|\n|-sideend|p2: Mattattac|Reflect\n|upkeep\n|turn|24\n|\n|t:|1733853788\n|move|p2a: Ursaring|Rest|p2a: Ursaring\n|-status|p2a: Ursaring|slp|[from] move: Rest\n|-heal|p2a: Ursaring|288/288 slp|[silent]\n|move|p1a: Araquanid|Leech Life|p2a: Ursaring\n|-damage|p2a: Ursaring|242/288 slp\n|-heal|p1a: Araquanid|47/246 par|[from] drain|[of] p2a: Ursaring\n|\n|-sideend|p2: Mattattac|move: Light Screen\n|upkeep\n|turn|25\n|\n|t:|1733853792\n|cant|p2a: Ursaring|slp\n|move|p2a: Ursaring|Sleep Talk|p2a: Ursaring\n|move|p2a: Ursaring|Body Slam|p1a: Araquanid|[from]move: Sleep Talk\n|-damage|p1a: Araquanid|0 fnt\n|faint|p1a: Araquanid\n|\n|upkeep\n|inactive|OnixcauseImSturdy has 90 seconds left.\n|\n|t:|1733853799\n|switch|p1a: Staraptor|Staraptor, L79, M|263/263\n|turn|26\n|\n|t:|1733853808\n|-terastallize|p2a: Ursaring|Ghost\n|move|p1a: Staraptor|U-turn|p2a: Ursaring\n|-resisted|p2a: Ursaring\n|-damage|p2a: Ursaring|213/288 slp\n|\n|t:|1733853809\n|switch|p1a: Iron Thorns|Iron Thorns, L83, tera:Flying|265/302|[from] U-turn\n|cant|p2a: Ursaring|slp\n|move|p2a: Ursaring|Sleep Talk|p2a: Ursaring\n|move|p2a: Ursaring|Body Slam|p1a: Iron Thorns|[from]move: Sleep Talk\n|-damage|p1a: Iron Thorns|111/302\n|\n|upkeep\n|turn|27\n|\n|t:|1733853823\n|move|p1a: Iron Thorns|Wild Charge|p2a: Ursaring\n|-damage|p2a: Ursaring|122/288 slp\n|-damage|p1a: Iron Thorns|88/302|[from] Recoil\n|-curestatus|p2a: Ursaring|slp|[msg]\n|move|p2a: Ursaring|Rest|p2a: Ursaring\n|-status|p2a: Ursaring|slp|[from] move: Rest\n|-heal|p2a: Ursaring|288/288 slp|[silent]\n|\n|upkeep\n|turn|28\n|\n|t:|1733853829\n|-end|p1a: Iron Thorns|Quark Drive|[silent]\n|switch|p1a: Staraptor|Staraptor, L79, M|263/263\n|cant|p2a: Ursaring|slp\n|move|p2a: Ursaring|Sleep Talk|p2a: Ursaring\n|move|p2a: Ursaring|Rest||[from]move: Sleep Talk|[still]\n|-fail|p2a: Ursaring\n|\n|upkeep\n|turn|29\n|\n|t:|1733853835\n|move|p1a: Staraptor|Brave Bird|p2a: Ursaring\n|-damage|p2a: Ursaring|113/288 slp\n|-damage|p1a: Staraptor|205/263|[from] Recoil\n|cant|p2a: Ursaring|slp\n|move|p2a: Ursaring|Sleep Talk|p2a: Ursaring\n|move|p2a: Ursaring|Earthquake|p1a: Staraptor|[from]move: Sleep Talk\n|-immune|p1a: Staraptor\n|\n|upkeep\n|turn|30\n|\n|t:|1733853846\n|switch|p2a: Gumshoos|Gumshoos, L95, M|321/321\n|-activate|p2a: Gumshoos|move: Sticky Web\n|-unboost|p2a: Gumshoos|spe|1\n|move|p1a: Staraptor|Brave Bird|p2a: Gumshoos\n|-damage|p2a: Gumshoos|36/321\n|-damage|p1a: Staraptor|111/263|[from] Recoil\n|\n|upkeep\n|turn|31\n|\n|t:|1733853849\n|move|p1a: Staraptor|Brave Bird|p2a: Gumshoos\n|-damage|p2a: Gumshoos|0 fnt\n|faint|p2a: Gumshoos\n|-damage|p1a: Staraptor|99/263|[from] Recoil\n|\n|upkeep\n|\n|t:|1733853852\n|switch|p2a: Ursaring|Ursaring, L84, F, tera:Ghost|113/288 slp\n|-activate|p2a: Ursaring|move: Sticky Web\n|-unboost|p2a: Ursaring|spe|1\n|turn|32\n|\n|t:|1733853872\n|move|p1a: Staraptor|Brave Bird|p2a: Ursaring\n|-damage|p2a: Ursaring|0 fnt\n|faint|p2a: Ursaring\n|-damage|p1a: Staraptor|62/263|[from] Recoil\n|\n|win|OnixcauseImSturdy\n|raw|OnixcauseImSturdy's rating: 1640 &rarr; <strong>1663</strong><br />(+23 for winning)\n|raw|Mattattac's rating: 1685 &rarr; <strong>1662</strong><br />(-23 for losing)\n", "inputlog": ">version bfd83cad13791eb5a5a409923076391caf6fb4d4\n>start {\"formatid\":\"gen9randombattle\",\"seed\":[10540,55590,20553,6096],\"rated\":\"Rated battle\"}\n>player p1 {\"name\":\"OnixcauseImSturdy\",\"avatar\":\"169\",\"rating\":1640,\"seed\":[4606,25086,1884,1046]}\n>player p2 {\"name\":\"Mattattac\",\"avatar\":\"nate\",\"rating\":1685,\"seed\":[61215,388,26750,60991]}\n>p1 switch 6\n>p2 move earthquake\n>p1 move spacialrend\n>p2 switch 2\n>p1 move spacialrend\n>p2 move shadowball\n>p2 switch 4\n>p1 move spacialrend\n>p2 move lightscreen\n>p1 switch 5\n>p2 move reflect\n>p1 move hypervoice\n>p2 move thunderwave\n>p1 move futuresight\n>p2 switch 2\n>p1 move futuresight\n>p2 move megahorn\n>p1 switch 3\n>p1 move direclaw\n>p2 move megahorn\n>p1 move direclaw\n>p2 move megahorn\n>p2 switch 2\n>p1 switch 4\n>p2 move psychicnoise\n>p1 move stickyweb\n>p2 switch 5\n>p1 move leechlife\n>p2 move spikes\n>p1 switch 6\n>p2 move spikes\n>p1 move stoneedge\n>p2 switch 5\n>p1 move stoneedge\n>p2 move reflect\n>p1 move stoneedge\n>p2 move lightscreen\n>p1 move stoneedge\n>p2 move psychicnoise\n>p2 switch 5\n>p1 move stoneedge terastallize\n>p2 move earthquake\n>p2 switch 6\n>p1 switch 4\n>p2 move bodyslam\n>p1 switch 5\n>p1 move dracometeor\n>p2 move bodyslam\n>p1 switch 6\n>p1 move leechlife\n>p2 move bodyslam\n>p1 move leechlife\n>p2 move bodyslam\n>p1 move leechlife\n>p2 move rest\n>p1 move liquidation\n>p2 move sleeptalk\n>p1 switch 2\n>p1 move uturn\n>p2 move sleeptalk terastallize\n>p1 switch 4\n>p1 move wildcharge\n>p2 move rest\n>p1 switch 4\n>p2 move sleeptalk\n>p1 move bravebird\n>p2 move sleeptalk\n>p1 move bravebird\n>p2 switch 3\n>p1 move bravebird\n>p2 move doubleedge\n>p2 switch 3\n>p1 move bravebird\n>p2 move rest", "uploadtime": 1733853874, "views": 2, "formatid": "gen9randombattle", "rating": 1662, "private": 0, "password": null}