{"id": "gen9randombattle-2260383891", "format": "[Gen 9] Random Battle", "players": ["999ace-_-kun999", "Papayapants"], "log": "|j|\u2606999ace-_-kun999\n|j|\u2606Papayapants\n|t:|1733846276\n|gametype|singles\n|player|p1|999ace-_-kun999|169|1468\n|player|p2|Papayapants|2|1514\n|teamsize|p1|6\n|teamsize|p2|6\n|gen|9\n|tier|[Gen 9] Random Battle\n|rated|\n|rule|Species Clause: Limit one of each Pok\u00e9mon\n|rule|HP Percentage Mod: HP is shown in percentages\n|rule|Sleep Clause Mod: Limit one foe put to sleep\n|rule|Illusion Level Mod: Illusion disguises the Pok\u00e9mon's true level\n|\n|t:|1733846276\n|start\n|switch|p1a: Glimmora|Glimmora, L75, M|248/248\n|switch|p2a: Lokix|Lokix, L82, M|251/251\n|turn|1\n|inactive|Battle timer is ON: inactive players will automatically lose when time's up. (requested by Papayapants)\n|\n|t:|1733846290\n|switch|p2a: Espeon|Espeon, L84, M|246/246\n|switch|p1a: Registeel|Registeel, L81|262/262\n|\n|upkeep\n|turn|2\n|\n|t:|1733846300\n|switch|p2a: Sandy Shocks|Sandy Shocks, L80|267/267\n|move|p1a: Registeel|Iron Defense|p1a: Registeel\n|-boost|p1a: Registeel|def|2\n|\n|upkeep\n|turn|3\n|\n|t:|1733846311\n|move|p2a: Sandy Shocks|Stealth Rock|p1a: Registeel\n|-sidestart|p1: 999ace-_-kun999|move: Stealth Rock\n|move|p1a: Registeel|Body Press|p2a: Sandy Shocks\n|-damage|p2a: Sandy Shocks|109/267\n|\n|upkeep\n|turn|4\n|\n|t:|1733846320\n|move|p2a: Sandy Shocks|Earth Power|p1a: Registeel\n|-supereffective|p1a: Registeel\n|-crit|p1a: Registeel\n|-damage|p1a: Registeel|58/262\n|move|p1a: Registeel|Thunder Wave|p2a: Sandy Shocks\n|-immune|p2a: Sandy Shocks\n|\n|-heal|p1a: Registeel|74/262|[from] item: Leftovers\n|upkeep\n|turn|5\n|\n|t:|1733846327\n|switch|p1a: Lokix|Lokix, L82, M|251/251\n|-damage|p1a: Lokix|189/251|[from] Stealth Rock\n|move|p2a: Sandy Shocks|Earth Power|p1a: Lokix\n|-resisted|p1a: Lokix\n|-damage|p1a: Lokix|118/251\n|\n|upkeep\n|turn|6\n|\n|t:|1733846344\n|-end|p2a: Sandy Shocks|Protosynthesis|[silent]\n|switch|p2a: Masquerain|Masquerain, L87, M|264/264\n|-ability|p2a: Masquerain|Intimidate|boost\n|-unboost|p1a: Lokix|atk|1\n|move|p1a: Lokix|First Impression|p2a: Masquerain\n|-resisted|p2a: Masquerain\n|-damage|p2a: Masquerain|174/264\n|\n|upkeep\n|turn|7\n|\n|t:|1733846368\n|move|p1a: Lokix|U-turn|p2a: Masquerain\n|-resisted|p2a: Masquerain\n|-damage|p2a: Masquerain|106/264\n|\n|t:|1733846379\n|switch|p1a: Wigglytuff|Wigglytuff, L96, F|424/424|[from] U-turn\n|-damage|p1a: Wigglytuff|371/424|[from] Stealth Rock\n|move|p2a: Masquerain|Quiver Dance|p2a: Masquerain\n|-boost|p2a: Masquerain|spa|1\n|-boost|p2a: Masquerain|spd|1\n|-boost|p2a: Masquerain|spe|1\n|\n|-heal|p1a: Wigglytuff|397/424|[from] item: Leftovers\n|upkeep\n|turn|8\n|\n|t:|1733846384\n|move|p2a: Masquerain|Hurricane|p1a: Wigglytuff|[miss]\n|-miss|p2a: Masquerain|p1a: Wigglytuff\n|move|p1a: Wigglytuff|Wish|p1a: Wigglytuff\n|\n|-heal|p1a: Wigglytuff|423/424|[from] item: Leftovers\n|upkeep\n|turn|9\n|\n|t:|1733846389\n|switch|p1a: Registeel|Registeel, L81|74/262\n|-damage|p1a: Registeel|58/262|[from] Stealth Rock\n|move|p2a: Masquerain|Hurricane|p1a: Registeel\n|-resisted|p1a: Registeel\n|-damage|p1a: Registeel|0 fnt\n|faint|p1a: Registeel\n|\n|upkeep\n|\n|t:|1733846395\n|switch|p1a: Glimmora|Glimmora, L75, M|248/248\n|turn|10\n|\n|t:|1733846405\n|move|p2a: Masquerain|Hydro Pump|p1a: Glimmora|[miss]\n|-miss|p2a: Masquerain|p1a: Glimmora\n|move|p1a: Glimmora|Mortal Spin|p2a: Masquerain\n|-damage|p2a: Masquerain|84/264\n|-status|p2a: Masquerain|psn\n|-sideend|p1: 999ace-_-kun999|Stealth Rock|[from] move: Mortal Spin|[of] p1a: Glimmora\n|\n|-damage|p2a: Masquerain|51/264 psn|[from] psn\n|upkeep\n|turn|11\n|\n|t:|1733846413\n|switch|p1a: Wigglytuff|Wigglytuff, L96, F|423/424\n|move|p2a: Masquerain|Hydro Pump|p1a: Wigglytuff|[miss]\n|-miss|p2a: Masquerain|p1a: Wigglytuff\n|\n|-heal|p1a: Wigglytuff|424/424|[from] item: Leftovers\n|-damage|p2a: Masquerain|18/264 psn|[from] psn\n|upkeep\n|turn|12\n|\n|t:|1733846418\n|move|p2a: Masquerain|Hurricane|p1a: Wigglytuff\n|-crit|p1a: Wigglytuff\n|-damage|p1a: Wigglytuff|72/424\n|-start|p1a: Wigglytuff|confusion\n|-activate|p1a: Wigglytuff|confusion\n|move|p1a: Wigglytuff|Wish|p1a: Wigglytuff\n|\n|-heal|p1a: Wigglytuff|98/424|[from] item: Leftovers\n|-damage|p2a: Masquerain|0 fnt|[from] psn\n|faint|p2a: Masquerain\n|upkeep\n|\n|t:|1733846428\n|switch|p2a: Sandy Shocks|Sandy Shocks, L80|109/267\n|turn|13\n|\n|t:|1733846434\n|switch|p1a: Lokix|Lokix, L82, M|118/251\n|move|p2a: Sandy Shocks|Earth Power|p1a: Lokix\n|-resisted|p1a: Lokix\n|-damage|p1a: Lokix|42/251\n|\n|-heal|p1a: Lokix|251/251|[from] move: Wish|[wisher] Wigglytuff\n|upkeep\n|turn|14\n|\n|t:|1733846442\n|move|p1a: Lokix|First Impression|p2a: Sandy Shocks\n|-damage|p2a: Sandy Shocks|0 fnt\n|faint|p2a: Sandy Shocks\n|-end|p2a: Sandy Shocks|Protosynthesis|[silent]\n|\n|upkeep\n|\n|t:|1733846447\n|switch|p2a: Lokix|Lokix, L82, M|251/251\n|turn|15\n|\n|t:|1733846454\n|move|p2a: Lokix|First Impression|p1a: Lokix\n|-supereffective|p1a: Lokix\n|-damage|p1a: Lokix|0 fnt\n|faint|p1a: Lokix\n|-damage|p2a: Lokix|226/251|[from] item: Life Orb\n|\n|upkeep\n|\n|t:|1733846463\n|switch|p1a: Garganacl|Garganacl, L80, F|291/291\n|turn|16\n|\n|t:|1733846469\n|move|p2a: Lokix|Knock Off|p1a: Garganacl\n|-damage|p1a: Garganacl|182/291\n|-enditem|p1a: Garganacl|Leftovers|[from] move: Knock Off|[of] p2a: Lokix\n|-damage|p2a: Lokix|201/251|[from] item: Life Orb\n|move|p1a: Garganacl|Salt Cure|p2a: Lokix\n|-supereffective|p2a: Lokix\n|-damage|p2a: Lokix|111/251\n|-start|p2a: Lokix|Salt Cure\n|\n|-damage|p2a: Lokix|80/251|[from] Salt Cure\n|upkeep\n|turn|17\n|\n|t:|1733846484\n|switch|p2a: Excadrill|Excadrill, L79, F|303/303\n|-ability|p2a: Excadrill|Mold Breaker\n|move|p1a: Garganacl|Salt Cure|p2a: Excadrill\n|-resisted|p2a: Excadrill\n|-damage|p2a: Excadrill|290/303\n|-start|p2a: Excadrill|Salt Cure\n|\n|-damage|p2a: Excadrill|215/303|[from] Salt Cure\n|upkeep\n|turn|18\n|\n|t:|1733846491\n|move|p2a: Excadrill|Iron Head|p1a: Garganacl\n|-supereffective|p1a: Garganacl\n|-damage|p1a: Garganacl|38/291\n|move|p1a: Garganacl|Body Press|p2a: Excadrill\n|-supereffective|p2a: Excadrill\n|-damage|p2a: Excadrill|21/303\n|\n|-damage|p2a: Excadrill|0 fnt|[from] Salt Cure\n|faint|p2a: Excadrill\n|upkeep\n|\n|t:|1733846494\n|switch|p2a: Espeon|Espeon, L84, M|246/246\n|turn|19\n|\n|t:|1733846500\n|move|p2a: Espeon|Psychic|p1a: Garganacl\n|-damage|p1a: Garganacl|0 fnt\n|faint|p1a: Garganacl\n|\n|upkeep\n|\n|t:|1733846506\n|switch|p1a: Porygon2|Porygon2, L82|274/274\n|-ability|p1a: Porygon2|Download|boost\n|-boost|p1a: Porygon2|atk|1\n|turn|20\n|\n|t:|1733846514\n|switch|p2a: Lokix|Lokix, L82, M|80/251\n|move|p1a: Porygon2|Tri Attack|p2a: Lokix\n|-damage|p2a: Lokix|0 fnt\n|faint|p2a: Lokix\n|\n|upkeep\n|\n|t:|1733846516\n|switch|p2a: Reuniclus|Reuniclus, L88, F|337/337\n|turn|21\n|\n|t:|1733846530\n|move|p1a: Porygon2|Tri Attack|p2a: Reuniclus\n|-damage|p2a: Reuniclus|259/337\n|-status|p2a: Reuniclus|frz\n|cant|p2a: Reuniclus|frz\n|\n|upkeep\n|turn|22\n|\n|t:|1733846544\n|switch|p1a: Glimmora|Glimmora, L75, M|248/248\n|cant|p2a: Reuniclus|frz\n|\n|upkeep\n|turn|23\n|\n|t:|1733846552\n|switch|p2a: Espeon|Espeon, L84, M|246/246\n|-terastallize|p1a: Glimmora|Ground\n|move|p1a: Glimmora|Spikes|p2a: Espeon\n|move|p2a: Espeon|Spikes|p1a: Glimmora|[from]ability: Magic Bounce\n|-sidestart|p1: 999ace-_-kun999|Spikes\n|\n|upkeep\n|turn|24\n|\n|t:|1733846562\n|move|p2a: Espeon|Psychic|p1a: Glimmora\n|-crit|p1a: Glimmora\n|-damage|p1a: Glimmora|0 fnt\n|faint|p1a: Glimmora\n|\n|upkeep\n|\n|t:|1733846569\n|switch|p1a: Porygon2|Porygon2, L82|274/274\n|-damage|p1a: Porygon2|240/274|[from] Spikes\n|-ability|p1a: Porygon2|Download|boost\n|-boost|p1a: Porygon2|atk|1\n|turn|25\n|\n|t:|1733846576\n|switch|p2a: Reuniclus|Reuniclus, L88, F|259/337 frz\n|move|p1a: Porygon2|Tri Attack|p2a: Reuniclus\n|-damage|p2a: Reuniclus|183/337 frz\n|\n|upkeep\n|turn|26\n|\n|t:|1733846583\n|switch|p1a: Wigglytuff|Wigglytuff, L96, F|98/424\n|-damage|p1a: Wigglytuff|45/424|[from] Spikes\n|cant|p2a: Reuniclus|frz\n|\n|-heal|p1a: Wigglytuff|71/424|[from] item: Leftovers\n|upkeep\n|turn|27\n|\n|t:|1733846587\n|move|p1a: Wigglytuff|Knock Off|p2a: Reuniclus\n|-supereffective|p2a: Reuniclus\n|-damage|p2a: Reuniclus|33/337 frz\n|-enditem|p2a: Reuniclus|Life Orb|[from] move: Knock Off|[of] p1a: Wigglytuff\n|cant|p2a: Reuniclus|frz\n|\n|-heal|p1a: Wigglytuff|97/424|[from] item: Leftovers\n|upkeep\n|turn|28\n|\n|t:|1733846596\n|move|p1a: Wigglytuff|Wish|p1a: Wigglytuff\n|cant|p2a: Reuniclus|frz\n|\n|-heal|p1a: Wigglytuff|123/424|[from] item: Leftovers\n|upkeep\n|turn|29\n|\n|t:|1733846604\n|move|p1a: Wigglytuff|Knock Off|p2a: Reuniclus\n|-supereffective|p2a: Reuniclus\n|-damage|p2a: Reuniclus|0 fnt\n|faint|p2a: Reuniclus\n|\n|-heal|p1a: Wigglytuff|335/424|[from] move: Wish|[wisher] Wigglytuff\n|-heal|p1a: Wigglytuff|361/424|[from] item: Leftovers\n|upkeep\n|\n|t:|1733846607\n|switch|p2a: Espeon|Espeon, L84, M|246/246\n|turn|30\n|\n|t:|1733846612\n|move|p2a: Espeon|Psychic|p1a: Wigglytuff\n|-damage|p1a: Wigglytuff|117/424\n|move|p1a: Wigglytuff|Knock Off|p2a: Espeon\n|-supereffective|p2a: Espeon\n|-damage|p2a: Espeon|50/246\n|-enditem|p2a: Espeon|Choice Specs|[from] move: Knock Off|[of] p1a: Wigglytuff\n|\n|-heal|p1a: Wigglytuff|143/424|[from] item: Leftovers\n|upkeep\n|turn|31\n|\n|t:|1733846621\n|move|p1a: Wigglytuff|Protect|p1a: Wigglytuff\n|-singleturn|p1a: Wigglytuff|Protect\n|move|p2a: Espeon|Psychic|p1a: Wigglytuff\n|-activate|p1a: Wigglytuff|move: Protect\n|\n|-heal|p1a: Wigglytuff|169/424|[from] item: Leftovers\n|upkeep\n|turn|32\n|\n|t:|1733846631\n|move|p2a: Espeon|Psychic|p1a: Wigglytuff\n|-damage|p1a: Wigglytuff|25/424\n|move|p1a: Wigglytuff|Knock Off|p2a: Espeon\n|-supereffective|p2a: Espeon\n|-damage|p2a: Espeon|0 fnt\n|faint|p2a: Espeon\n|\n|win|999ace-_-kun999\n|raw|999ace-_-kun999's rating: 1468 &rarr; <strong>1491</strong><br />(+23 for winning)\n|raw|Papayapants's rating: 1514 &rarr; <strong>1491</strong><br />(-23 for losing)\n", "inputlog": ">version bfd83cad13791eb5a5a409923076391caf6fb4d4\n>start {\"formatid\":\"gen9randombattle\",\"seed\":[26793,22998,18973,9745],\"rated\":\"Rated battle\"}\n>player p1 {\"name\":\"999ace-_-kun999\",\"avatar\":\"169\",\"rating\":1468,\"seed\":[5829,64653,33687,48452]}\n>player p2 {\"name\":\"Papayapants\",\"avatar\":\"2\",\"rating\":1514,\"seed\":[48578,11640,39095,25164]}\n>p1 switch 5\n>p2 switch 2\n>p1 move irondefense\n>p2 switch 5\n>p1 move bodypress\n>p2 move stealthrock\n>p1 move thunderwave\n>p2 move earthpower\n>p1 switch 4\n>p2 move earthpower\n>p1 move firstimpression\n>p2 switch 6\n>p1 move uturn\n>p2 move quiverdance\n>p1 switch 3\n>p1 move wish\n>p2 move hurricane\n>p1 switch 4\n>p2 move hurricane\n>p1 switch 5\n>p1 move mortalspin\n>p2 move hydropump\n>p1 switch 4\n>p2 move hydropump\n>p1 move wish\n>p2 move hurricane\n>p2 switch 6\n>p1 switch 3\n>p2 move earthpower\n>p1 move firstimpression\n>p2 move voltswitch\n>p2 switch 2\n>p1 move uturn\n>p2 move firstimpression\n>p1 switch 2\n>p1 move saltcure\n>p2 move knockoff\n>p1 move saltcure\n>p2 switch 3\n>p1 move bodypress\n>p2 move ironhead\n>p2 switch 5\n>p1 move recover\n>p2 move psychic\n>p1 switch 6\n>p1 move triattack\n>p2 switch 3\n>p2 switch 4\n>p1 move triattack\n>p2 move calmmind\n>p1 switch 4\n>p2 move calmmind\n>p1 move spikes terastallize\n>p2 switch 3\n>p1 move mortalspin\n>p2 move psychic\n>p1 switch 4\n>p1 move triattack\n>p2 switch 3\n>p1 switch 3\n>p2 move recover\n>p1 move knockoff\n>p2 move calmmind\n>p1 move wish\n>p2 move recover\n>p1 move knockoff\n>p2 move recover\n>p2 switch 3\n>p1 move knockoff\n>p2 move psychic\n>p1 move protect\n>p2 move psychic\n>p1 move knockoff\n>p2 move psychic", "uploadtime": 1733846633, "views": 3, "formatid": "gen9randombattle", "rating": 1491, "private": 0, "password": null}