{"id": "gen9randombattle-2140306112", "format": "[Gen 9] Random Battle", "players": ["BillyFan302", "nocomment3"], "log": "|badge|p2|bronze|gen9randombattle|100-1\n|uhtml|medal-msg|<div class=\"broadcast-blue\">Curious what those medals under the avatar are? PS now has Ladder Seasons! For more information, check out the <a href=\"https://www.smogon.com/forums/threads/3740067/\">thread on Smogon.</a></div>\n|j|\u2606BillyFan302\n|j|\u2606nocomment3\n|t:|1717986780\n|gametype|singles\n|player|p1|BillyFan302|skier-gen2|2279\n|player|p2|nocomment3|102|2333\n|teamsize|p1|6\n|teamsize|p2|6\n|gen|9\n|tier|[Gen 9] Random Battle\n|rated|\n|rule|Species Clause: Limit one of each Pok\u00e9mon\n|rule|HP Percentage Mod: HP is shown in percentages\n|rule|Sleep Clause Mod: Limit one foe put to sleep\n|rule|Illusion Level Mod: Illusion disguises the Pok\u00e9mon's true level\n|\n|t:|1717986780\n|start\n|switch|p1a: Munkidori|Munkidori, L79, M|269/269\n|switch|p2a: Spidops|Spidops, L96, F|271/271\n|turn|1\n|\n|t:|1717986815\n|move|p1a: Munkidori|Nasty Plot|p1a: Munkidori\n|-boost|p1a: Munkidori|spa|2\n|move|p2a: Spidops|Sticky Web|p1a: Munkidori\n|-sidestart|p1: BillyFan302|move: Sticky Web\n|\n|upkeep\n|turn|2\n|\n|t:|1717986819\n|move|p1a: Munkidori|Psyshock|p2a: Spidops\n|-damage|p2a: Spidops|67/271\n|-damage|p1a: Munkidori|243/269|[from] item: Life Orb\n|move|p2a: Spidops|Circle Throw|p1a: Munkidori\n|-resisted|p1a: Munkidori\n|-damage|p1a: Munkidori|227/269\n|drag|p1a: Regigigas|Regigigas, L84|322/322\n|-activate|p1a: Regigigas|move: Sticky Web\n|-unboost|p1a: Regigigas|spe|1\n|-start|p1a: Regigigas|ability: Slow Start\n|\n|upkeep\n|turn|3\n|\n|t:|1717986832\n|move|p2a: Spidops|Spikes|p1a: Regigigas\n|-sidestart|p1: BillyFan302|Spikes\n|move|p1a: Regigigas|Substitute|p1a: Regigigas\n|-start|p1a: Regigigas|Substitute\n|-damage|p1a: Regigigas|242/322\n|\n|-heal|p1a: Regigigas|262/322|[from] item: Leftovers\n|upkeep\n|turn|4\n|\n|t:|1717986839\n|move|p2a: Spidops|Spikes|p1a: Regigigas\n|-sidestart|p1: BillyFan302|Spikes\n|move|p1a: Regigigas|Body Slam|p2a: Spidops\n|-damage|p2a: Spidops|6/271\n|\n|-heal|p1a: Regigigas|282/322|[from] item: Leftovers\n|upkeep\n|turn|5\n|\n|t:|1717986842\n|move|p2a: Spidops|Spikes|p1a: Regigigas\n|-sidestart|p1: BillyFan302|Spikes\n|move|p1a: Regigigas|Knock Off|p2a: Spidops\n|-damage|p2a: Spidops|0 fnt\n|-enditem|p2a: Spidops|Focus Sash|[from] move: Knock Off|[of] p1a: Regigigas\n|faint|p2a: Spidops\n|\n|-heal|p1a: Regigigas|302/322|[from] item: Leftovers\n|upkeep\n|\n|t:|1717986848\n|switch|p2a: Ursaring|Ursaring, L84, M|288/288\n|turn|6\n|\n|t:|1717986851\n|move|p1a: Regigigas|Protect|p1a: Regigigas\n|-singleturn|p1a: Regigigas|Protect\n|move|p2a: Ursaring|Body Slam|p1a: Regigigas\n|-activate|p1a: Regigigas|move: Protect\n|\n|-heal|p1a: Regigigas|322/322|[from] item: Leftovers\n|-end|p1a: Regigigas|Slow Start\n|upkeep\n|turn|7\n|\n|t:|1717986855\n|move|p1a: Regigigas|Substitute|p1a: Regigigas\n|-fail|p1a: Regigigas|move: Substitute\n|move|p2a: Ursaring|Body Slam|p1a: Regigigas\n|-end|p1a: Regigigas|Substitute\n|\n|upkeep\n|turn|8\n|\n|t:|1717986858\n|move|p1a: Regigigas|Knock Off|p2a: Ursaring\n|-damage|p2a: Ursaring|209/288\n|-enditem|p2a: Ursaring|Eviolite|[from] move: Knock Off|[of] p1a: Regigigas\n|move|p2a: Ursaring|Body Slam|p1a: Regigigas\n|-damage|p1a: Regigigas|222/322\n|\n|-heal|p1a: Regigigas|242/322|[from] item: Leftovers\n|upkeep\n|turn|9\n|\n|t:|1717986862\n|move|p1a: Regigigas|Body Slam|p2a: Ursaring\n|-damage|p2a: Ursaring|64/288\n|move|p2a: Ursaring|Body Slam|p1a: Regigigas\n|-damage|p1a: Regigigas|142/322\n|-status|p1a: Regigigas|par\n|\n|-heal|p1a: Regigigas|162/322 par|[from] item: Leftovers\n|upkeep\n|turn|10\n|\n|t:|1717986867\n|move|p2a: Ursaring|Body Slam|p1a: Regigigas\n|-damage|p1a: Regigigas|68/322 par\n|move|p1a: Regigigas|Body Slam|p2a: Ursaring\n|-damage|p2a: Ursaring|0 fnt\n|faint|p2a: Ursaring\n|\n|-heal|p1a: Regigigas|88/322 par|[from] item: Leftovers\n|upkeep\n|\n|t:|1717986873\n|switch|p2a: Mamoswine|Mamoswine, L81, M|311/311\n|turn|11\n|\n|t:|1717986875\n|move|p2a: Mamoswine|Earthquake|p1a: Regigigas\n|-damage|p1a: Regigigas|0 fnt\n|faint|p1a: Regigigas\n|-end|p1a: Regigigas|Slow Start|[silent]\n|\n|upkeep\n|\n|t:|1717986879\n|switch|p1a: Thundurus|Thundurus, L80, M|258/258\n|turn|12\n|\n|t:|1717986886\n|switch|p2a: Honchkrow|Honchkrow, L86, F|312/312\n|move|p1a: Thundurus|Thunderbolt|p2a: Honchkrow\n|-supereffective|p2a: Honchkrow\n|-damage|p2a: Honchkrow|0 fnt\n|faint|p2a: Honchkrow\n|\n|upkeep\n|\n|t:|1717986894\n|switch|p2a: Mamoswine|Mamoswine, L81, M|311/311\n|turn|13\n|\n|t:|1717986898\n|move|p1a: Thundurus|U-turn|p2a: Mamoswine\n|-damage|p2a: Mamoswine|255/311\n|\n|t:|1717986901\n|switch|p1a: Cresselia|Cresselia, L80, F|323/323|[from] U-turn\n|move|p2a: Mamoswine|Icicle Crash|p1a: Cresselia|[miss]\n|-miss|p2a: Mamoswine|p1a: Cresselia\n|\n|upkeep\n|turn|14\n|\n|t:|1717986906\n|move|p1a: Cresselia|Calm Mind|p1a: Cresselia\n|-boost|p1a: Cresselia|spa|1\n|-boost|p1a: Cresselia|spd|1\n|move|p2a: Mamoswine|Icicle Crash|p1a: Cresselia\n|-damage|p1a: Cresselia|179/323\n|\n|-heal|p1a: Cresselia|199/323|[from] item: Leftovers\n|upkeep\n|turn|15\n|\n|t:|1717986913\n|switch|p2a: Iron Leaves|Iron Leaves, L80|275/275\n|move|p1a: Cresselia|Calm Mind|p1a: Cresselia\n|-boost|p1a: Cresselia|spa|1\n|-boost|p1a: Cresselia|spd|1\n|\n|-heal|p1a: Cresselia|219/323|[from] item: Leftovers\n|upkeep\n|turn|16\n|\n|t:|1717986938\n|move|p2a: Iron Leaves|Swords Dance|p2a: Iron Leaves\n|-boost|p2a: Iron Leaves|atk|2\n|move|p1a: Cresselia|Moonlight|p1a: Cresselia\n|-heal|p1a: Cresselia|323/323\n|\n|upkeep\n|turn|17\n|\n|t:|1717986945\n|move|p2a: Iron Leaves|Leaf Blade|p1a: Cresselia\n|-damage|p1a: Cresselia|66/323\n|-damage|p2a: Iron Leaves|248/275|[from] item: Life Orb\n|move|p1a: Cresselia|Moonblast|p2a: Iron Leaves\n|-damage|p2a: Iron Leaves|163/275\n|\n|-heal|p1a: Cresselia|86/323|[from] item: Leftovers\n|upkeep\n|turn|18\n|\n|t:|1717986952\n|switch|p1a: Munkidori|Munkidori, L79, M|227/269\n|-activate|p1a: Munkidori|move: Sticky Web\n|-unboost|p1a: Munkidori|spe|1\n|-damage|p1a: Munkidori|160/269|[from] Spikes\n|move|p2a: Iron Leaves|Psyblade|p1a: Munkidori\n|-damage|p1a: Munkidori|0 fnt\n|faint|p1a: Munkidori\n|-damage|p2a: Iron Leaves|136/275|[from] item: Life Orb\n|\n|upkeep\n|\n|t:|1717986954\n|switch|p1a: Thundurus|Thundurus, L80, M|258/258\n|turn|19\n|\n|t:|1717986962\n|-end|p2a: Iron Leaves|Quark Drive|[silent]\n|switch|p2a: Mamoswine|Mamoswine, L81, M|255/311\n|move|p1a: Thundurus|Acrobatics|p2a: Mamoswine\n|-damage|p2a: Mamoswine|126/311\n|\n|upkeep\n|turn|20\n|\n|t:|1717986970\n|move|p2a: Mamoswine|Ice Shard|p1a: Thundurus\n|-supereffective|p1a: Thundurus\n|-damage|p1a: Thundurus|70/258\n|move|p1a: Thundurus|Acrobatics|p2a: Mamoswine\n|-damage|p2a: Mamoswine|0 fnt\n|faint|p2a: Mamoswine\n|\n|upkeep\n|\n|t:|1717986974\n|switch|p2a: Delphox|Delphox, L84, M|263/263\n|turn|21\n|\n|t:|1717986978\n|move|p1a: Thundurus|U-turn|p2a: Delphox\n|-damage|p2a: Delphox|205/263\n|\n|t:|1717986981\n|switch|p1a: Cresselia|Cresselia, L80, F|86/323|[from] U-turn\n|move|p2a: Delphox|Psyshock|p1a: Cresselia\n|-resisted|p1a: Cresselia\n|-damage|p1a: Cresselia|41/323\n|\n|-heal|p1a: Cresselia|61/323|[from] item: Leftovers\n|upkeep\n|turn|22\n|\n|t:|1717986989\n|move|p2a: Delphox|Fire Blast|p1a: Cresselia\n|-damage|p1a: Cresselia|0 fnt\n|faint|p1a: Cresselia\n|\n|upkeep\n|\n|t:|1717986993\n|switch|p1a: Overqwil|Overqwil, L82, M|274/274\n|-activate|p1a: Overqwil|move: Sticky Web\n|-unboost|p1a: Overqwil|spe|1\n|-damage|p1a: Overqwil|206/274|[from] Spikes\n|-ability|p1a: Overqwil|Intimidate|boost\n|-unboost|p2a: Delphox|atk|1\n|turn|23\n|\n|t:|1717986999\n|-terastallize|p1a: Overqwil|Water\n|move|p1a: Overqwil|Aqua Jet|p2a: Delphox\n|-supereffective|p2a: Delphox\n|-damage|p2a: Delphox|49/263\n|move|p2a: Delphox|Fire Blast|p1a: Overqwil|[miss]\n|-miss|p2a: Delphox|p1a: Overqwil\n|\n|upkeep\n|turn|24\n|-message|nocomment3 forfeited.\n|\n|win|BillyFan302\n|raw|BillyFan302's rating: 2279 &rarr; <strong>2302</strong><br />(+23 for winning)\n|raw|nocomment3's rating: 2333 &rarr; <strong>2310</strong><br />(-23 for losing)\n|l|\u2606nocomment3\n|player|p2|\n", "inputlog": ">version e046c5ea766451ca9500a73fe72ec774e92e6f7e\n>start {\"formatid\":\"gen9randombattle\",\"seed\":[43716,23222,48271,25346],\"rated\":\"Rated battle\"}\n>player p1 {\"name\":\"BillyFan302\",\"avatar\":\"skier-gen2\",\"rating\":2279,\"seed\":[13208,65343,17218,31874]}\n>player p2 {\"name\":\"nocomment3\",\"avatar\":\"102\",\"rating\":2333,\"seed\":[16242,54454,44119,47090]}\n>p1 move nastyplot\n>p2 move stickyweb\n>p1 move psyshock\n>p2 move circlethrow\n>p1 move substitute\n>p2 move spikes\n>p1 move bodyslam\n>p2 move spikes\n>p1 move knockoff\n>p2 move spikes\n>p2 switch 4\n>p1 move protect\n>p2 move bodyslam\n>p1 move substitute\n>p2 move bodyslam\n>p1 move knockoff\n>p2 move bodyslam\n>p1 move bodyslam\n>p2 move bodyslam\n>p1 move bodyslam\n>p2 move bodyslam\n>p2 switch 6\n>p1 move bodyslam\n>p2 move earthquake\n>p1 switch 4\n>p1 move thunderbolt\n>p2 switch 2\n>p2 switch 2\n>p1 move uturn\n>p2 move iciclecrash\n>p1 switch 6\n>p1 move calmmind\n>p2 move iciclecrash\n>p1 move calmmind\n>p2 switch 3\n>p1 move moonlight\n>p2 move swordsdance\n>p1 move moonblast\n>p2 move leafblade\n>p1 switch 5\n>p2 move psyblade\n>p1 switch 6\n>p1 move acrobatics\n>p2 switch 3\n>p1 move acrobatics\n>p2 move iceshard\n>p2 switch 5\n>p1 move uturn\n>p2 move psyshock\n>p1 switch 5\n>p1 move psyshock\n>p2 move fireblast\n>p1 switch 2\n>p1 move aquajet terastallize\n>p2 move fireblast\n>forcelose p2", "uploadtime": 1717987006, "views": 191, "formatid": "gen9randombattle", "rating": 2302, "private": 0, "password": null}