{"id": "gen9randombattle-2260491176", "format": "[Gen 9] Random Battle", "players": ["AlecrimLunar", "DestroyerMega123"], "log": "|j|\u2606AlecrimLunar\n|j|\u2606DestroyerMega123\n|t:|1733856711\n|gametype|singles\n|player|p1|AlecrimLunar|102|\n|player|p2|DestroyerMega123|266|\n|teamsize|p1|6\n|teamsize|p2|6\n|gen|9\n|tier|[Gen 9] Random Battle\n|rule|Species Clause: Limit one of each Pok\u00e9mon\n|rule|HP Percentage Mod: HP is shown in percentages\n|rule|Sleep Clause Mod: Limit one foe put to sleep\n|rule|Illusion Level Mod: Illusion disguises the Pok\u00e9mon's true level\n|\n|t:|1733856711\n|start\n|switch|p1a: Azumarill|Azumarill, L82, M|298/298\n|switch|p2a: Noivern|Noivern, L82, M|274/274\n|turn|1\n|\n|t:|1733856831\n|move|p2a: Noivern|Draco Meteor|p1a: Azumarill\n|-immune|p1a: Azumarill\n|move|p1a: Azumarill|Ice Spinner|p2a: Noivern\n|-supereffective|p2a: Noivern\n|-damage|p2a: Noivern|0 fnt\n|faint|p2a: Noivern\n|\n|upkeep\n|\n|t:|1733856847\n|switch|p2a: Dondozo|Dondozo, L78, F|362/362\n|turn|2\n|\n|t:|1733856889\n|switch|p1a: Leavanny|Leavanny, L86, M|269/269\n|move|p2a: Dondozo|Curse|p2a: Dondozo\n|-unboost|p2a: Dondozo|spe|1\n|-boost|p2a: Dondozo|atk|1\n|-boost|p2a: Dondozo|def|1\n|\n|upkeep\n|turn|3\n|\n|t:|1733856917\n|switch|p2a: Moltres|Moltres, L81|278/278\n|move|p1a: Leavanny|Leaf Blade|p2a: Moltres\n|-resisted|p2a: Moltres\n|-damage|p2a: Moltres|250/278\n|\n|upkeep\n|turn|4\n|\n|t:|1733856933\n|switch|p1a: Azumarill|Azumarill, L82, M|298/298\n|move|p2a: Moltres|Brave Bird|p1a: Azumarill\n|-damage|p1a: Azumarill|156/298\n|-damage|p2a: Moltres|203/278|[from] Recoil\n|\n|upkeep\n|turn|5\n|\n|t:|1733856954\n|switch|p2a: Dondozo|Dondozo, L78, F|362/362\n|move|p1a: Azumarill|Liquidation|p2a: Dondozo\n|-resisted|p2a: Dondozo\n|-damage|p2a: Dondozo|289/362\n|\n|-heal|p2a: Dondozo|311/362|[from] item: Leftovers\n|upkeep\n|turn|6\n|\n|t:|1733856962\n|switch|p1a: Leavanny|Leavanny, L86, M|269/269\n|move|p2a: Dondozo|Wave Crash|p1a: Leavanny\n|-resisted|p1a: Leavanny\n|-damage|p1a: Leavanny|204/269\n|-damage|p2a: Dondozo|290/362|[from] Recoil\n|\n|-heal|p2a: Dondozo|312/362|[from] item: Leftovers\n|upkeep\n|turn|7\n|\n|t:|1733856979\n|switch|p2a: Moltres|Moltres, L81|203/278\n|move|p1a: Leavanny|Leaf Blade|p2a: Moltres\n|-resisted|p2a: Moltres\n|-crit|p2a: Moltres\n|-damage|p2a: Moltres|160/278\n|\n|upkeep\n|turn|8\n|\n|t:|1733856992\n|-terastallize|p1a: Leavanny|Ghost\n|move|p1a: Leavanny|Knock Off|p2a: Moltres\n|-damage|p2a: Moltres|79/278\n|-status|p1a: Leavanny|brn|[from] ability: Flame Body|[of] p2a: Moltres\n|-enditem|p2a: Moltres|Heavy-Duty Boots|[from] move: Knock Off|[of] p1a: Leavanny\n|move|p2a: Moltres|Fire Blast|p1a: Leavanny\n|-damage|p1a: Leavanny|63/269 brn\n|\n|-damage|p1a: Leavanny|47/269 brn|[from] brn\n|upkeep\n|turn|9\n|\n|t:|1733857003\n|move|p1a: Leavanny|Knock Off|p2a: Moltres\n|-damage|p2a: Moltres|52/278\n|move|p2a: Moltres|Roost|p2a: Moltres\n|-heal|p2a: Moltres|191/278\n|-singleturn|p2a: Moltres|move: Roost\n|\n|-damage|p1a: Leavanny|31/269 brn|[from] brn\n|upkeep\n|turn|10\n|\n|t:|1733857012\n|move|p1a: Leavanny|Lunge|p2a: Moltres\n|-resisted|p2a: Moltres\n|-damage|p2a: Moltres|173/278\n|-unboost|p2a: Moltres|atk|1\n|move|p2a: Moltres|Roost|p2a: Moltres\n|-heal|p2a: Moltres|278/278\n|-singleturn|p2a: Moltres|move: Roost\n|\n|-damage|p1a: Leavanny|15/269 brn|[from] brn\n|upkeep\n|turn|11\n|\n|t:|1733857022\n|move|p1a: Leavanny|Sticky Web|p2a: Moltres\n|-sidestart|p2: DestroyerMega123|move: Sticky Web\n|move|p2a: Moltres|Roost||[still]\n|-fail|p2a: Moltres|heal\n|\n|-damage|p1a: Leavanny|0 fnt|[from] brn\n|faint|p1a: Leavanny\n|upkeep\n|\n|t:|1733857030\n|switch|p1a: Azumarill|Azumarill, L82, M|156/298\n|turn|12\n|\n|t:|1733857049\n|move|p2a: Moltres|Scorching Sands|p1a: Azumarill\n|-damage|p1a: Azumarill|97/298\n|move|p1a: Azumarill|Liquidation|p2a: Moltres\n|-supereffective|p2a: Moltres\n|-damage|p2a: Moltres|0 fnt\n|faint|p2a: Moltres\n|\n|upkeep\n|\n|t:|1733857069\n|switch|p2a: Iron Valiant|Iron Valiant, L78|244/244\n|-activate|p2a: Iron Valiant|move: Sticky Web\n|-unboost|p2a: Iron Valiant|spe|1\n|turn|13\n|\n|t:|1733857081\n|move|p2a: Iron Valiant|Knock Off|p1a: Azumarill\n|-resisted|p1a: Azumarill\n|-damage|p1a: Azumarill|42/298\n|-enditem|p1a: Azumarill|Choice Band|[from] move: Knock Off|[of] p2a: Iron Valiant\n|-damage|p2a: Iron Valiant|220/244|[from] item: Life Orb\n|move|p1a: Azumarill|Liquidation|p2a: Iron Valiant\n|-damage|p2a: Iron Valiant|105/244\n|\n|upkeep\n|turn|14\n|\n|t:|1733857093\n|move|p2a: Iron Valiant|Spirit Break|p1a: Azumarill\n|-damage|p1a: Azumarill|0 fnt\n|faint|p1a: Azumarill\n|-damage|p2a: Iron Valiant|81/244|[from] item: Life Orb\n|\n|upkeep\n|\n|t:|1733857107\n|switch|p1a: Iron Boulder|Iron Boulder, L77|265/265\n|turn|15\n|\n|t:|1733857117\n|move|p1a: Iron Boulder|Zen Headbutt|p2a: Iron Valiant\n|-supereffective|p2a: Iron Valiant\n|-damage|p2a: Iron Valiant|0 fnt\n|faint|p2a: Iron Valiant\n|-end|p2a: Iron Valiant|Quark Drive|[silent]\n|-damage|p1a: Iron Boulder|239/265|[from] item: Life Orb\n|\n|upkeep\n|\n|t:|1733857130\n|switch|p2a: Dondozo|Dondozo, L78, F|312/362\n|-activate|p2a: Dondozo|move: Sticky Web\n|-unboost|p2a: Dondozo|spe|1\n|turn|16\n|\n|t:|1733857138\n|move|p1a: Iron Boulder|Swords Dance|p1a: Iron Boulder\n|-boost|p1a: Iron Boulder|atk|2\n|move|p2a: Dondozo|Curse|p2a: Dondozo\n|-unboost|p2a: Dondozo|spe|1\n|-boost|p2a: Dondozo|atk|1\n|-boost|p2a: Dondozo|def|1\n|\n|-heal|p2a: Dondozo|334/362|[from] item: Leftovers\n|upkeep\n|turn|17\n|\n|t:|1733857148\n|move|p1a: Iron Boulder|Swords Dance|p1a: Iron Boulder\n|-boost|p1a: Iron Boulder|atk|2\n|move|p2a: Dondozo|Curse|p2a: Dondozo\n|-unboost|p2a: Dondozo|spe|1\n|-boost|p2a: Dondozo|atk|1\n|-boost|p2a: Dondozo|def|1\n|\n|-heal|p2a: Dondozo|356/362|[from] item: Leftovers\n|upkeep\n|turn|18\n|\n|t:|1733857162\n|move|p1a: Iron Boulder|Close Combat|p2a: Dondozo\n|-damage|p2a: Dondozo|312/362\n|-unboost|p1a: Iron Boulder|def|1\n|-unboost|p1a: Iron Boulder|spd|1\n|-damage|p1a: Iron Boulder|213/265|[from] item: Life Orb\n|move|p2a: Dondozo|Wave Crash|p1a: Iron Boulder\n|-supereffective|p1a: Iron Boulder\n|-damage|p1a: Iron Boulder|0 fnt\n|faint|p1a: Iron Boulder\n|-end|p1a: Iron Boulder|Quark Drive|[silent]\n|-damage|p2a: Dondozo|242/362|[from] Recoil\n|\n|-heal|p2a: Dondozo|264/362|[from] item: Leftovers\n|upkeep\n|\n|t:|1733857197\n|switch|p1a: Maushold|Maushold-Four, L76|238/238\n|turn|19\n|\n|t:|1733857209\n|-terastallize|p2a: Dondozo|Dragon\n|move|p1a: Maushold|Encore|p2a: Dondozo\n|-start|p2a: Dondozo|Encore\n|move|p2a: Dondozo|Wave Crash|p1a: Maushold\n|-damage|p1a: Maushold|0 fnt\n|faint|p1a: Maushold\n|-damage|p2a: Dondozo|185/362|[from] Recoil\n|\n|-heal|p2a: Dondozo|207/362|[from] item: Leftovers\n|upkeep\n|\n|t:|1733857219\n|switch|p1a: Dodrio|Dodrio, L86, F|243/243\n|turn|20\n|\n|t:|1733857229\n|move|p1a: Dodrio|Double-Edge|p2a: Dondozo\n|-damage|p2a: Dondozo|149/362\n|-damage|p1a: Dodrio|224/243|[from] Recoil\n|move|p2a: Dondozo|Wave Crash|p1a: Dodrio\n|-damage|p1a: Dodrio|0 fnt\n|faint|p1a: Dodrio\n|-damage|p2a: Dondozo|75/362|[from] Recoil\n|\n|-heal|p2a: Dondozo|97/362|[from] item: Leftovers\n|upkeep\n|\n|t:|1733857238\n|switch|p1a: Salazzle|Salazzle, L83, F|249/249\n|turn|21\n|\n|t:|1733857247\n|move|p1a: Salazzle|Tera Blast|p2a: Dondozo\n|-damage|p2a: Dondozo|20/362\n|move|p2a: Dondozo|Wave Crash|p1a: Salazzle\n|-supereffective|p1a: Salazzle\n|-damage|p1a: Salazzle|0 fnt\n|faint|p1a: Salazzle\n|-damage|p2a: Dondozo|0 fnt|[from] Recoil\n|faint|p2a: Dondozo\n|\n|win|DestroyerMega123\n|l|\u2606AlecrimLunar\n|player|p1|\n", "inputlog": ">version bfd83cad13791eb5a5a409923076391caf6fb4d4\n>start {\"formatid\":\"gen9randombattle\",\"seed\":[17307,51151,10522,54880]}\n>player p1 {\"name\":\"AlecrimLunar\",\"avatar\":\"102\",\"rating\":0,\"seed\":[57854,41065,18818,63100]}\n>player p2 {\"name\":\"DestroyerMega123\",\"avatar\":\"266\",\"rating\":0,\"seed\":[31906,118,5161,12432]}\n>p1 move icespinner\n>p2 move dracometeor\n>p2 switch 5\n>p1 switch 4\n>p2 move curse\n>p1 move leafblade\n>p2 switch 6\n>p1 switch 4\n>p2 move bravebird\n>p1 move liquidation\n>p2 switch 6\n>p1 switch 4\n>p2 move wavecrash\n>p1 move leafblade\n>p2 switch 6\n>p1 move knockoff terastallize\n>p2 move fireblast\n>p1 move knockoff\n>p2 move roost\n>p1 move lunge\n>p2 move roost\n>p1 move stickyweb\n>p2 move roost\n>p1 switch 4\n>p1 move liquidation\n>p2 move scorchingsands\n>p2 switch 2\n>p1 move liquidation\n>p2 move knockoff\n>p1 move icespinner\n>p2 move spiritbreak\n>p1 switch 6\n>p1 move zenheadbutt\n>p2 move closecombat\n>p2 switch 6\n>p1 move swordsdance\n>p2 move curse\n>p1 move swordsdance\n>p2 move curse\n>p1 move closecombat\n>p2 move wavecrash\n>p1 switch 5\n>p1 move encore\n>p2 move curse terastallize\n>p1 switch 2\n>p1 move doubleedge\n>p2 move wavecrash\n>p1 switch 3\n>p1 move terablast\n>p2 move wavecrash", "uploadtime": 1733857265, "views": 1, "formatid": "gen9randombattle", "rating": null, "private": 0, "password": null}