{"id": "gen9randombattle-2260272311", "format": "[Gen 9] Random Battle", "players": ["uooi", "0puy"], "log": "|j|\u2606uooi\n|j|\u26060puy\n|t:|1733833252\n|gametype|singles\n|player|p1|uooi|266|1000\n|player|p2|0puy|nate|1000\n|teamsize|p1|6\n|teamsize|p2|6\n|gen|9\n|tier|[Gen 9] Random Battle\n|rated|\n|rule|Species Clause: Limit one of each Pok\u00e9mon\n|rule|HP Percentage Mod: HP is shown in percentages\n|rule|Sleep Clause Mod: Limit one foe put to sleep\n|rule|Illusion Level Mod: Illusion disguises the Pok\u00e9mon's true level\n|\n|t:|1733833252\n|start\n|switch|p1a: Slowking|Slowking-Galar, L85, F|300/300\n|switch|p2a: Cryogonal|Cryogonal, L89|287/287\n|turn|1\n|\n|t:|1733833276\n|move|p2a: Cryogonal|Tera Blast|p1a: Slowking\n|-damage|p1a: Slowking|265/300\n|move|p1a: Slowking|Fire Blast|p2a: Cryogonal\n|-supereffective|p2a: Cryogonal\n|-damage|p2a: Cryogonal|167/287\n|-status|p2a: Cryogonal|brn\n|\n|-damage|p2a: Cryogonal|150/287 brn|[from] brn\n|upkeep\n|turn|2\n|\n|t:|1733833286\n|move|p2a: Cryogonal|Ice Beam|p1a: Slowking\n|-damage|p1a: Slowking|207/300\n|move|p1a: Slowking|Future Sight|p2a: Cryogonal\n|-start|p1a: Slowking|move: Future Sight\n|\n|-damage|p2a: Cryogonal|133/287 brn|[from] brn\n|upkeep\n|turn|3\n|\n|t:|1733833300\n|move|p2a: Cryogonal|Recover|p2a: Cryogonal\n|-heal|p2a: Cryogonal|277/287 brn\n|move|p1a: Slowking|Psychic Noise|p2a: Cryogonal\n|-damage|p2a: Cryogonal|210/287 brn\n|-start|p2a: Cryogonal|move: Heal Block\n|\n|-damage|p2a: Cryogonal|193/287 brn|[from] brn\n|upkeep\n|turn|4\n|\n|t:|1733833317\n|move|p2a: Cryogonal|Ice Beam|p1a: Slowking\n|-crit|p1a: Slowking\n|-damage|p1a: Slowking|113/300\n|-status|p1a: Slowking|frz\n|cant|p1a: Slowking|frz\n|\n|-end|p2a: Cryogonal|move: Future Sight\n|-damage|p2a: Cryogonal|90/287 brn\n|-damage|p2a: Cryogonal|73/287 brn|[from] brn\n|-end|p2a: Cryogonal|move: Heal Block\n|upkeep\n|turn|5\n|inactive|Battle timer is ON: inactive players will automatically lose when time's up. (requested by 0puy)\n|\n|t:|1733833377\n|move|p2a: Cryogonal|Recover|p2a: Cryogonal\n|-heal|p2a: Cryogonal|217/287 brn\n|-curestatus|p1a: Slowking|frz|[msg]\n|move|p1a: Slowking|Fire Blast|p2a: Cryogonal\n|-supereffective|p2a: Cryogonal\n|-damage|p2a: Cryogonal|93/287 brn\n|\n|-damage|p2a: Cryogonal|76/287 brn|[from] brn\n|upkeep\n|turn|6\n|\n|t:|1733833387\n|move|p2a: Cryogonal|Recover|p2a: Cryogonal\n|-heal|p2a: Cryogonal|220/287 brn\n|move|p1a: Slowking|Psychic Noise|p2a: Cryogonal\n|-damage|p2a: Cryogonal|162/287 brn\n|-start|p2a: Cryogonal|move: Heal Block\n|\n|-damage|p2a: Cryogonal|145/287 brn|[from] brn\n|upkeep\n|turn|7\n|\n|t:|1733833396\n|move|p2a: Cryogonal|Ice Beam|p1a: Slowking\n|-damage|p1a: Slowking|53/300\n|move|p1a: Slowking|Fire Blast|p2a: Cryogonal\n|-supereffective|p2a: Cryogonal\n|-damage|p2a: Cryogonal|25/287 brn\n|\n|-damage|p2a: Cryogonal|8/287 brn|[from] brn\n|-end|p2a: Cryogonal|move: Heal Block\n|upkeep\n|turn|8\n|\n|t:|1733833407\n|move|p2a: Cryogonal|Ice Beam|p1a: Slowking\n|-damage|p1a: Slowking|0 fnt\n|faint|p1a: Slowking\n|\n|-damage|p2a: Cryogonal|0 fnt|[from] brn\n|faint|p2a: Cryogonal\n|upkeep\n|\n|t:|1733833420\n|switch|p2a: Rampardos|Rampardos, L90, F|321/321\n|switch|p1a: Froslass|Froslass, L87, F|263/263\n|turn|9\n|\n|t:|1733833427\n|move|p1a: Froslass|Will-O-Wisp|p2a: Rampardos\n|-status|p2a: Rampardos|brn\n|move|p2a: Rampardos|Fire Punch|p1a: Froslass\n|-supereffective|p1a: Froslass\n|-damage|p1a: Froslass|88/263\n|\n|-damage|p2a: Rampardos|301/321 brn|[from] brn\n|upkeep\n|turn|10\n|\n|t:|1733833437\n|move|p1a: Froslass|Spikes|p2a: Rampardos\n|-sidestart|p2: 0puy|Spikes\n|move|p2a: Rampardos|Fire Punch|p1a: Froslass\n|-supereffective|p1a: Froslass\n|-damage|p1a: Froslass|0 fnt\n|faint|p1a: Froslass\n|\n|-damage|p2a: Rampardos|281/321 brn|[from] brn\n|upkeep\n|\n|t:|1733833447\n|switch|p1a: Kingdra|Kingdra, L84, F|263/263\n|turn|11\n|\n|t:|1733833461\n|switch|p2a: Poliwrath|Poliwrath, L88, M|302/302\n|-damage|p2a: Poliwrath|265/302|[from] Spikes\n|move|p1a: Kingdra|Wave Crash|p2a: Poliwrath\n|-heal|p2a: Poliwrath|302/302|[from] ability: Water Absorb|[of] p1a: Kingdra\n|\n|upkeep\n|turn|12\n|\n|t:|1733833469\n|switch|p2a: Oranguru|Oranguru, L92, M|315/315\n|-damage|p2a: Oranguru|276/315|[from] Spikes\n|move|p1a: Kingdra|Dragon Dance|p1a: Kingdra\n|-boost|p1a: Kingdra|atk|1\n|-boost|p1a: Kingdra|spe|1\n|\n|-heal|p2a: Oranguru|295/315|[from] item: Leftovers\n|upkeep\n|turn|13\n|\n|t:|1733833481\n|move|p1a: Kingdra|Iron Head|p2a: Oranguru\n|-damage|p2a: Oranguru|218/315\n|move|p2a: Oranguru|Thunderbolt|p1a: Kingdra\n|-damage|p1a: Kingdra|192/263\n|\n|-heal|p2a: Oranguru|237/315|[from] item: Leftovers\n|upkeep\n|turn|14\n|\n|t:|1733833488\n|move|p1a: Kingdra|Dragon Dance|p1a: Kingdra\n|-boost|p1a: Kingdra|atk|1\n|-boost|p1a: Kingdra|spe|1\n|move|p2a: Oranguru|Thunderbolt|p1a: Kingdra\n|-damage|p1a: Kingdra|124/263\n|\n|-heal|p2a: Oranguru|256/315|[from] item: Leftovers\n|upkeep\n|turn|15\n|\n|t:|1733833499\n|move|p1a: Kingdra|Outrage|p2a: Oranguru\n|-damage|p2a: Oranguru|6/315\n|move|p2a: Oranguru|Thunderbolt|p1a: Kingdra\n|-damage|p1a: Kingdra|51/263\n|\n|-heal|p2a: Oranguru|25/315|[from] item: Leftovers\n|upkeep\n|turn|16\n|\n|t:|1733833506\n|move|p1a: Kingdra|Outrage|p2a: Oranguru|[from]lockedmove\n|-damage|p2a: Oranguru|0 fnt\n|faint|p2a: Oranguru\n|\n|upkeep\n|\n|t:|1733833512\n|switch|p2a: Kingambit|Kingambit, L74, F|270/270\n|-damage|p2a: Kingambit|237/270|[from] Spikes\n|-activate|p2a: Kingambit|ability: Supreme Overlord\n|-start|p2a: Kingambit|fallen2|[silent]\n|turn|17\n|\n|t:|1733833517\n|move|p1a: Kingdra|Outrage|p2a: Kingambit|[from]lockedmove\n|-resisted|p2a: Kingambit\n|-damage|p2a: Kingambit|123/270\n|-start|p1a: Kingdra|confusion|[fatigue]\n|-enditem|p1a: Kingdra|Lum Berry|[eat]\n|-end|p1a: Kingdra|confusion\n|move|p2a: Kingambit|Iron Head|p1a: Kingdra\n|-resisted|p1a: Kingdra\n|-damage|p1a: Kingdra|3/263\n|\n|-heal|p2a: Kingambit|139/270|[from] item: Leftovers\n|upkeep\n|turn|18\n|\n|t:|1733833532\n|move|p2a: Kingambit|Sucker Punch|p1a: Kingdra\n|-damage|p1a: Kingdra|0 fnt\n|faint|p1a: Kingdra\n|\n|-heal|p2a: Kingambit|155/270|[from] item: Leftovers\n|upkeep\n|\n|t:|1733833537\n|switch|p1a: Charizard|Charizard, L85, F|271/271\n|turn|19\n|\n|t:|1733833547\n|-end|p2a: Kingambit|fallen2|[silent]\n|switch|p2a: Poliwrath|Poliwrath, L88, M|302/302\n|-damage|p2a: Poliwrath|265/302|[from] Spikes\n|move|p1a: Charizard|Flamethrower|p2a: Poliwrath\n|-resisted|p2a: Poliwrath\n|-damage|p2a: Poliwrath|219/302\n|\n|-heal|p2a: Poliwrath|237/302|[from] item: Leftovers\n|upkeep\n|turn|20\n|\n|t:|1733833566\n|-terastallize|p1a: Charizard|Dragon\n|move|p1a: Charizard|Earthquake|p2a: Poliwrath\n|-damage|p2a: Poliwrath|180/302\n|move|p2a: Poliwrath|Liquidation|p1a: Charizard\n|-resisted|p1a: Charizard\n|-damage|p1a: Charizard|219/271\n|-unboost|p1a: Charizard|def|1\n|\n|-heal|p2a: Poliwrath|198/302|[from] item: Leftovers\n|upkeep\n|turn|21\n|\n|t:|1733833575\n|move|p1a: Charizard|Hurricane|p2a: Poliwrath|[miss]\n|-miss|p1a: Charizard|p2a: Poliwrath\n|move|p2a: Poliwrath|Ice Punch|p1a: Charizard\n|-supereffective|p1a: Charizard\n|-damage|p1a: Charizard|27/271\n|\n|-heal|p2a: Poliwrath|216/302|[from] item: Leftovers\n|upkeep\n|turn|22\n|\n|t:|1733833583\n|move|p1a: Charizard|Will-O-Wisp|p2a: Poliwrath\n|-status|p2a: Poliwrath|brn\n|move|p2a: Poliwrath|Ice Punch|p1a: Charizard\n|-supereffective|p1a: Charizard\n|-damage|p1a: Charizard|0 fnt\n|faint|p1a: Charizard\n|\n|-heal|p2a: Poliwrath|234/302 brn|[from] item: Leftovers\n|-damage|p2a: Poliwrath|216/302 brn|[from] brn\n|upkeep\n|\n|t:|1733833596\n|switch|p1a: Banette|Banette, L93, F|270/270\n|-item|p2a: Poliwrath|Leftovers|[from] ability: Frisk|[of] p1a: Banette\n|turn|23\n|\n|t:|1733833612\n|move|p1a: Banette|Shadow Sneak|p2a: Poliwrath\n|-damage|p2a: Poliwrath|148/302 brn\n|-damage|p1a: Banette|243/270|[from] item: Life Orb\n|move|p2a: Poliwrath|Ice Punch|p1a: Banette\n|-damage|p1a: Banette|213/270\n|\n|-heal|p2a: Poliwrath|166/302 brn|[from] item: Leftovers\n|-damage|p2a: Poliwrath|148/302 brn|[from] brn\n|upkeep\n|turn|24\n|\n|t:|1733833621\n|move|p1a: Banette|Gunk Shot|p2a: Poliwrath\n|-damage|p2a: Poliwrath|19/302 brn\n|-damage|p1a: Banette|186/270|[from] item: Life Orb\n|move|p2a: Poliwrath|Drain Punch|p1a: Banette\n|-immune|p1a: Banette\n|\n|-heal|p2a: Poliwrath|37/302 brn|[from] item: Leftovers\n|-damage|p2a: Poliwrath|19/302 brn|[from] brn\n|upkeep\n|turn|25\n|\n|t:|1733833630\n|switch|p2a: Kingambit|Kingambit, L74, F|155/270\n|-damage|p2a: Kingambit|122/270|[from] Spikes\n|-activate|p2a: Kingambit|ability: Supreme Overlord\n|-start|p2a: Kingambit|fallen2|[silent]\n|move|p1a: Banette|Gunk Shot|p2a: Kingambit\n|-immune|p2a: Kingambit\n|\n|-heal|p2a: Kingambit|138/270|[from] item: Leftovers\n|upkeep\n|turn|26\n|\n|t:|1733833646\n|-end|p2a: Kingambit|fallen2|[silent]\n|switch|p2a: Poliwrath|Poliwrath, L88, M|19/302 brn\n|-damage|p2a: Poliwrath|0 fnt|[from] Spikes\n|faint|p2a: Poliwrath\n|move|p1a: Banette|Thunder Wave|p2: Poliwrath|[notarget]\n|-fail|p1a: Banette\n|\n|upkeep\n|\n|t:|1733833649\n|switch|p2a: Kingambit|Kingambit, L74, F|138/270\n|-damage|p2a: Kingambit|105/270|[from] Spikes\n|-activate|p2a: Kingambit|ability: Supreme Overlord\n|-start|p2a: Kingambit|fallen3|[silent]\n|turn|27\n|\n|t:|1733833663\n|move|p1a: Banette|Thunder Wave|p2a: Kingambit\n|-status|p2a: Kingambit|par\n|move|p2a: Kingambit|Kowtow Cleave|p1a: Banette\n|-supereffective|p1a: Banette\n|-damage|p1a: Banette|0 fnt\n|faint|p1a: Banette\n|\n|-heal|p2a: Kingambit|121/270 par|[from] item: Leftovers\n|upkeep\n|\n|t:|1733833671\n|switch|p1a: Pyroar|Pyroar, L88, F|295/295\n|-ability|p1a: Pyroar|Unnerve\n|turn|28\n|\n|t:|1733833685\n|move|p1a: Pyroar|Work Up|p1a: Pyroar\n|-boost|p1a: Pyroar|atk|1\n|-boost|p1a: Pyroar|spa|1\n|move|p2a: Kingambit|Kowtow Cleave|p1a: Pyroar\n|-damage|p1a: Pyroar|154/295\n|\n|-heal|p2a: Kingambit|137/270 par|[from] item: Leftovers\n|upkeep\n|turn|29\n|\n|t:|1733833692\n|move|p1a: Pyroar|Fire Blast|p2a: Kingambit\n|-supereffective|p2a: Kingambit\n|-damage|p2a: Kingambit|0 fnt\n|faint|p2a: Kingambit\n|-end|p2a: Kingambit|fallen3|[silent]\n|\n|upkeep\n|\n|t:|1733833696\n|switch|p2a: Rampardos|Rampardos, L90, F|281/321 brn\n|-damage|p2a: Rampardos|241/321 brn|[from] Spikes\n|turn|30\n|\n|t:|1733833701\n|move|p1a: Pyroar|Fire Blast|p2a: Rampardos\n|-resisted|p2a: Rampardos\n|-damage|p2a: Rampardos|97/321 brn\n|move|p2a: Rampardos|Earthquake|p1a: Pyroar\n|-supereffective|p1a: Pyroar\n|-damage|p1a: Pyroar|0 fnt\n|faint|p1a: Pyroar\n|-damage|p2a: Rampardos|65/321 brn|[from] item: Life Orb\n|\n|win|0puy\n|raw|uooi's rating: 1000 &rarr; <strong>1000</strong><br />(+0 for losing)\n|raw|0puy's rating: 1000 &rarr; <strong>1040</strong><br />(+40 for winning)\n|l|\u2606uooi\n|player|p1|\n", "inputlog": ">version bfd83cad13791eb5a5a409923076391caf6fb4d4\n>start {\"formatid\":\"gen9randombattle\",\"seed\":[49443,12839,28008,5979],\"rated\":\"Rated battle\"}\n>player p1 {\"name\":\"uooi\",\"avatar\":\"266\",\"rating\":1000,\"seed\":[29462,40094,65224,49334]}\n>player p2 {\"name\":\"0puy\",\"avatar\":\"nate\",\"rating\":1000,\"seed\":[51400,37671,20504,35284]}\n>p1 move fireblast\n>p2 move terablast\n>p1 move futuresight\n>p2 move icebeam\n>p1 move psychicnoise\n>p2 move recover\n>p1 move fireblast\n>p2 move icebeam\n>p1 move fireblast\n>p2 move recover\n>p1 move psychicnoise\n>p2 move recover\n>p1 move fireblast\n>p2 move icebeam\n>p1 move psychicnoise\n>p2 move icebeam\n>p1 switch 6\n>p2 switch 3\n>p1 move willowisp\n>p2 move firepunch\n>p1 move spikes\n>p2 move firepunch\n>p1 switch 2\n>p1 move wavecrash\n>p2 switch 6\n>p1 move dragondance\n>p2 switch 2\n>p1 move ironhead\n>p2 move thunderbolt\n>p1 move dragondance\n>p2 move thunderbolt\n>p1 move outrage\n>p2 move thunderbolt\n>p1 move outrage\n>p2 move thunderbolt\n>p2 switch 5\n>p1 move outrage\n>p2 move ironhead\n>p1 move outrage\n>p2 move suckerpunch\n>p1 switch 4\n>p1 move flamethrower\n>p2 switch 2\n>p1 move earthquake terastallize\n>p2 move liquidation\n>p1 move hurricane\n>p2 move icepunch\n>p1 move willowisp\n>p2 move icepunch\n>p1 switch 5\n>p1 move shadowsneak\n>p2 move icepunch\n>p1 move gunkshot\n>p2 move drainpunch\n>p1 move gunkshot\n>p2 switch 2\n>p1 move thunderwave\n>p2 switch 2\n>p2 switch 2\n>p1 move thunderwave\n>p2 move kowtowcleave\n>p1 switch 3\n>p1 move workup\n>p2 move kowtowcleave\n>p1 move fireblast\n>p2 move kowtowcleave\n>p2 switch 6\n>p1 move fireblast\n>p2 move earthquake", "uploadtime": 1733833935, "views": 1, "formatid": "gen9randombattle", "rating": 1000, "private": 0, "password": null}