{"id": "gen9randombattle-2201375627", "format": "[Gen 9] Random Battle", "players": ["iluvboot6", "reed flame shadow"], "log": "|j|\u2606iluvboot6\n|j|\u2606reed flame shadow\n|t:|1726306669\n|gametype|singles\n|player|p1|iluvboot6|101|2238\n|player|p2|reed flame shadow|265|2237\n|teamsize|p1|6\n|teamsize|p2|6\n|gen|9\n|tier|[Gen 9] Random Battle\n|rated|\n|rule|Species Clause: Limit one of each Pok\u00e9mon\n|rule|HP Percentage Mod: HP is shown in percentages\n|rule|Sleep Clause Mod: Limit one foe put to sleep\n|rule|Illusion Level Mod: Illusion disguises the Pok\u00e9mon's true level\n|\n|t:|1726306669\n|start\n|switch|p1a: Salazzle|Salazzle, L83, F|249/249\n|switch|p2a: Gouging Fire|Gouging Fire, L74|277/277\n|turn|1\n|inactive|Battle timer is ON: inactive players will automatically lose when time's up. (requested by reed flame shadow)\n|inactive|iluvboot6 has 120 seconds left.\n|inactive|iluvboot6 has 90 seconds left.\n|\n|t:|1726306754\n|-end|p2a: Gouging Fire|Protosynthesis|[silent]\n|switch|p2a: Basculin|Basculin-Blue-Striped, L86, M|261/261\n|move|p1a: Salazzle|Sludge Wave|p2a: Basculin\n|-damage|p2a: Basculin|98/261\n|\n|upkeep\n|turn|2\n|\n|t:|1726306763\n|move|p2a: Basculin|Aqua Jet|p1a: Salazzle\n|-supereffective|p1a: Salazzle\n|-damage|p1a: Salazzle|41/249\n|move|p1a: Salazzle|Sludge Wave|p2a: Basculin\n|-damage|p2a: Basculin|0 fnt\n|faint|p2a: Basculin\n|\n|upkeep\n|\n|t:|1726306774\n|switch|p2a: Ampharos|Ampharos, L88, M|302/302\n|turn|3\n|\n|t:|1726306790\n|switch|p1a: Dedenne|Dedenne, L88, M|261/261\n|move|p2a: Ampharos|Volt Switch|p1a: Dedenne\n|-resisted|p1a: Dedenne\n|-damage|p1a: Dedenne|201/261\n|\n|t:|1726306794\n|switch|p2a: Victreebel|Victreebel, L90, M|290/290|[from] Volt Switch\n|\n|upkeep\n|turn|4\n|inactive|iluvboot6 has 120 seconds left.\n|\n|t:|1726306831\n|switch|p1a: Salazzle|Salazzle, L83, F|41/249\n|move|p2a: Victreebel|Sludge Wave|p1a: Salazzle\n|-resisted|p1a: Salazzle\n|-damage|p1a: Salazzle|0 fnt\n|faint|p1a: Salazzle\n|-damage|p2a: Victreebel|261/290|[from] item: Life Orb\n|\n|upkeep\n|\n|t:|1726306849\n|switch|p1a: Jumpluff|Jumpluff, L87, F|271/271\n|turn|5\n|\n|t:|1726306856\n|move|p1a: Jumpluff|Acrobatics|p2a: Victreebel\n|-supereffective|p2a: Victreebel\n|-damage|p2a: Victreebel|85/290\n|move|p2a: Victreebel|Strength Sap|p1a: Jumpluff\n|-unboost|p1a: Jumpluff|atk|1\n|-heal|p2a: Victreebel|230/290\n|\n|upkeep\n|turn|6\n|inactive|iluvboot6 has 120 seconds left.\n|\n|t:|1726306863\n|move|p1a: Jumpluff|Encore|p2a: Victreebel\n|-start|p2a: Victreebel|Encore\n|move|p2a: Victreebel|Strength Sap|p1a: Jumpluff\n|-unboost|p1a: Jumpluff|atk|1\n|-heal|p2a: Victreebel|290/290\n|\n|upkeep\n|turn|7\n|\n|t:|1726306869\n|switch|p1a: Vivillon|Vivillon-High Plains, L84, F|272/272\n|switch|p2a: Ampharos|Ampharos, L88, M|302/302\n|\n|upkeep\n|turn|8\n|\n|t:|1726306875\n|move|p1a: Vivillon|Sleep Powder|p2a: Ampharos\n|-status|p2a: Ampharos|slp|[from] move: Sleep Powder\n|cant|p2a: Ampharos|slp\n|\n|upkeep\n|turn|9\n|inactive|iluvboot6 has 120 seconds left.\n|inactive|reed flame shadow has 120 seconds left.\n|\n|t:|1726306919\n|switch|p1a: Dedenne|Dedenne, L88, M|201/261\n|switch|p2a: Gouging Fire|Gouging Fire, L74|277/277\n|\n|upkeep\n|turn|10\n|inactive|reed flame shadow has 120 seconds left.\n|\n|t:|1726306931\n|-end|p2a: Gouging Fire|Protosynthesis|[silent]\n|switch|p2a: Victreebel|Victreebel, L90, M|290/290\n|move|p1a: Dedenne|Nuzzle|p2a: Victreebel\n|-resisted|p2a: Victreebel\n|-damage|p2a: Victreebel|280/290\n|-status|p2a: Victreebel|par\n|\n|upkeep\n|turn|11\n|inactive|iluvboot6 has 120 seconds left.\n|inactive|iluvboot6 has 90 seconds left.\n|\n|t:|1726306974\n|move|p1a: Dedenne|Super Fang|p2a: Victreebel\n|-damage|p2a: Victreebel|140/290 par\n|move|p2a: Victreebel|Sludge Wave|p1a: Dedenne\n|-supereffective|p1a: Dedenne\n|-damage|p1a: Dedenne|0 fnt\n|faint|p1a: Dedenne\n|-damage|p2a: Victreebel|111/290 par|[from] item: Life Orb\n|\n|upkeep\n|\n|t:|1726306986\n|switch|p1a: Jumpluff|Jumpluff, L87, F|271/271\n|turn|12\n|\n|t:|1726307000\n|-terastallize|p2a: Victreebel|Steel\n|move|p1a: Jumpluff|Acrobatics|p2a: Victreebel\n|-resisted|p2a: Victreebel\n|-damage|p2a: Victreebel|63/290 par\n|move|p2a: Victreebel|Sludge Wave|p1a: Jumpluff\n|-supereffective|p1a: Jumpluff\n|-damage|p1a: Jumpluff|0 fnt\n|faint|p1a: Jumpluff\n|-damage|p2a: Victreebel|34/290 par|[from] item: Life Orb\n|\n|upkeep\n|inactive|iluvboot6 has 60 seconds left.\n|\n|t:|1726307038\n|switch|p1a: Vivillon|Vivillon-High Plains, L84, F|272/272\n|turn|13\n|inactive|iluvboot6 has 60 seconds left.\n|\n|t:|1726307045\n|move|p1a: Vivillon|Bug Buzz|p2a: Victreebel\n|-resisted|p2a: Victreebel\n|-damage|p2a: Victreebel|0 fnt\n|faint|p2a: Victreebel\n|\n|upkeep\n|\n|t:|1726307048\n|switch|p2a: Gouging Fire|Gouging Fire, L74|277/277\n|turn|14\n|\n|t:|1726307053\n|switch|p1a: Drednaw|Drednaw, L81, M|278/278\n|move|p2a: Gouging Fire|Dragon Dance|p2a: Gouging Fire\n|-boost|p2a: Gouging Fire|atk|1\n|-boost|p2a: Gouging Fire|spe|1\n|\n|upkeep\n|turn|15\n|\n|t:|1726307062\n|move|p2a: Gouging Fire|Dragon Dance|p2a: Gouging Fire\n|-boost|p2a: Gouging Fire|atk|1\n|-boost|p2a: Gouging Fire|spe|1\n|move|p1a: Drednaw|Shell Smash|p1a: Drednaw\n|-unboost|p1a: Drednaw|def|1\n|-unboost|p1a: Drednaw|spd|1\n|-boost|p1a: Drednaw|atk|2\n|-boost|p1a: Drednaw|spa|2\n|-boost|p1a: Drednaw|spe|2\n|-enditem|p1a: Drednaw|White Herb\n|-clearnegativeboost|p1a: Drednaw|[silent]\n|\n|upkeep\n|turn|16\n|\n|t:|1726307073\n|move|p2a: Gouging Fire|Outrage|p1a: Drednaw\n|-damage|p1a: Drednaw|52/278\n|move|p1a: Drednaw|Stone Edge|p2a: Gouging Fire\n|-supereffective|p2a: Gouging Fire\n|-damage|p2a: Gouging Fire|0 fnt\n|faint|p2a: Gouging Fire\n|-end|p2a: Gouging Fire|Protosynthesis|[silent]\n|\n|upkeep\n|\n|t:|1726307082\n|switch|p2a: Virizion|Virizion, L82|283/283\n|turn|17\n|inactive|iluvboot6 has 90 seconds left.\n|\n|t:|1726307093\n|switch|p1a: Vivillon|Vivillon-High Plains, L84, F|272/272\n|move|p2a: Virizion|Leaf Blade|p1a: Vivillon\n|-resisted|p1a: Vivillon\n|-damage|p1a: Vivillon|234/272\n|-damage|p2a: Virizion|255/283|[from] item: Life Orb\n|\n|upkeep\n|turn|18\n|inactive|iluvboot6 has 90 seconds left.\n|\n|t:|1726307102\n|move|p2a: Virizion|Leaf Blade|p1a: Vivillon\n|-resisted|p1a: Vivillon\n|-damage|p1a: Vivillon|194/272\n|-damage|p2a: Virizion|227/283|[from] item: Life Orb\n|move|p1a: Vivillon|Hurricane|p2a: Virizion\n|-supereffective|p2a: Virizion\n|-damage|p2a: Virizion|0 fnt\n|faint|p2a: Virizion\n|\n|upkeep\n|\n|t:|1726307107\n|switch|p2a: Ampharos|Ampharos, L88, M|302/302 slp\n|turn|19\n|\n|t:|1726307116\n|move|p1a: Vivillon|Quiver Dance|p1a: Vivillon\n|-boost|p1a: Vivillon|spa|1\n|-boost|p1a: Vivillon|spd|1\n|-boost|p1a: Vivillon|spe|1\n|cant|p2a: Ampharos|slp\n|\n|upkeep\n|turn|20\n|\n|t:|1726307120\n|move|p1a: Vivillon|Quiver Dance|p1a: Vivillon\n|-boost|p1a: Vivillon|spa|1\n|-boost|p1a: Vivillon|spd|1\n|-boost|p1a: Vivillon|spe|1\n|cant|p2a: Ampharos|slp\n|\n|upkeep\n|turn|21\n|\n|t:|1726307128\n|move|p1a: Vivillon|Quiver Dance|p1a: Vivillon\n|-boost|p1a: Vivillon|spa|1\n|-boost|p1a: Vivillon|spd|1\n|-boost|p1a: Vivillon|spe|1\n|-curestatus|p2a: Ampharos|slp|[msg]\n|move|p2a: Ampharos|Thunderbolt|p1a: Vivillon\n|-supereffective|p1a: Vivillon\n|-damage|p1a: Vivillon|56/272\n|\n|upkeep\n|turn|22\n|inactive|iluvboot6 has 120 seconds left.\n|\n|t:|1726307138\n|move|p1a: Vivillon|Sleep Powder|p2a: Ampharos\n|-status|p2a: Ampharos|slp|[from] move: Sleep Powder\n|cant|p2a: Ampharos|slp\n|\n|upkeep\n|turn|23\n|\n|t:|1726307145\n|move|p1a: Vivillon|Bug Buzz|p2a: Ampharos\n|-damage|p2a: Ampharos|170/302 slp\n|cant|p2a: Ampharos|slp\n|\n|upkeep\n|turn|24\n|\n|t:|1726307149\n|move|p1a: Vivillon|Bug Buzz|p2a: Ampharos\n|-damage|p2a: Ampharos|38/302 slp\n|cant|p2a: Ampharos|slp\n|\n|upkeep\n|turn|25\n|\n|t:|1726307153\n|move|p1a: Vivillon|Bug Buzz|p2a: Ampharos\n|-damage|p2a: Ampharos|0 fnt\n|faint|p2a: Ampharos\n|\n|upkeep\n|\n|t:|1726307155\n|switch|p2a: Hariyama|Hariyama, L87, M|392/392\n|turn|26\n|\n|t:|1726307159\n|move|p2a: Hariyama|Fake Out|p1a: Vivillon\n|-damage|p1a: Vivillon|0 fnt\n|faint|p1a: Vivillon\n|\n|-status|p2a: Hariyama|brn|[from] item: Flame Orb\n|upkeep\n|\n|t:|1726307185\n|switch|p1a: Drednaw|Drednaw, L81, M|52/278\n|turn|27\n|\n|t:|1726307191\n|move|p1a: Drednaw|Liquidation|p2a: Hariyama\n|-damage|p2a: Hariyama|272/392 brn\n|move|p2a: Hariyama|Knock Off|p1a: Drednaw\n|-damage|p1a: Drednaw|0 fnt\n|faint|p1a: Drednaw\n|\n|-damage|p2a: Hariyama|248/392 brn|[from] brn\n|upkeep\n|\n|t:|1726307196\n|switch|p1a: Polteageist|Polteageist-Antique, L79|224/224\n|turn|28\n|\n|t:|1726307220\n|move|p1a: Polteageist|Shell Smash|p1a: Polteageist\n|-unboost|p1a: Polteageist|def|1\n|-unboost|p1a: Polteageist|spd|1\n|-boost|p1a: Polteageist|atk|2\n|-boost|p1a: Polteageist|spa|2\n|-boost|p1a: Polteageist|spe|2\n|-enditem|p1a: Polteageist|White Herb\n|-clearnegativeboost|p1a: Polteageist|[silent]\n|move|p2a: Hariyama|Knock Off|p1a: Polteageist\n|-supereffective|p1a: Polteageist\n|-damage|p1a: Polteageist|0 fnt\n|faint|p1a: Polteageist\n|\n|win|reed flame shadow\n|raw|iluvboot6's rating: 2238 &rarr; <strong>2218</strong><br />(-20 for losing)\n|raw|reed flame shadow's rating: 2237 &rarr; <strong>2257</strong><br />(+20 for winning)\n|l|\u2606iluvboot6\n|player|p1|\n", "inputlog": ">version abcf08933808d3fb39dbc2b54a8665d830b47482\n>start {\"formatid\":\"gen9randombattle\",\"seed\":[1320,48988,62353,26571],\"rated\":\"Rated battle\"}\n>player p1 {\"name\":\"iluvboot6\",\"avatar\":\"101\",\"rating\":2238,\"seed\":[62741,18723,55074,4028]}\n>player p2 {\"name\":\"reed flame shadow\",\"avatar\":\"265\",\"rating\":2237,\"seed\":[42179,22773,27003,56806]}\n>p1 move sludgewave\n>p2 switch 3\n>p1 move sludgewave\n>p2 move aquajet\n>p2 switch 5\n>p1 switch 6\n>p2 move voltswitch\n>p2 switch 6\n>p1 switch 6\n>p2 move sludgewave\n>p1 switch 2\n>p1 move acrobatics\n>p2 move strengthsap\n>p1 move encore\n>p2 move strengthsap\n>p1 switch 4\n>p2 switch 6\n>p1 move sleeppowder\n>p2 move voltswitch\n>p1 switch 6\n>p2 switch 3\n>p1 move nuzzle\n>p2 switch 6\n>p1 move superfang\n>p2 move sludgewave\n>p1 switch 4\n>p1 move acrobatics\n>p2 move sludgewave terastallize\n>p1 switch 6\n>p1 move bugbuzz\n>p2 move sleeppowder\n>p2 switch 6\n>p1 switch 3\n>p2 move dragondance\n>p1 move shellsmash\n>p2 move dragondance\n>p1 move stoneedge\n>p2 move outrage\n>p2 switch 4\n>p1 switch 3\n>p2 move leafblade\n>p1 move hurricane\n>p2 move leafblade\n>p2 switch 3\n>p1 move quiverdance\n>p2 move thunderbolt\n>p1 move quiverdance\n>p2 move thunderbolt\n>p1 move quiverdance\n>p2 move thunderbolt\n>p1 move sleeppowder\n>p2 move thunderbolt\n>p1 move bugbuzz\n>p2 move thunderbolt\n>p1 move bugbuzz\n>p2 move voltswitch\n>p1 move bugbuzz\n>p2 move thunderbolt\n>p2 switch 2\n>p1 move hurricane\n>p2 move fakeout\n>p1 switch 3\n>p1 move liquidation\n>p2 move knockoff\n>p1 switch 5\n>p1 move shellsmash\n>p2 move knockoff", "uploadtime": 1726307305, "views": 89, "formatid": "gen9randombattle", "rating": 2218, "private": 0, "password": null}