{"id": "gen9randombattle-2170804907", "format": "[Gen 9] Random Battle", "players": ["nonkey hong", "Accadere \u2601"], "log": "|j|\u2606nonkey hong\n|j|\u2606Accadere \u2601@!\n|t:|1722439135\n|gametype|singles\n|player|p1|nonkey hong|youngn|2258\n|player|p2|Accadere \u2601|touristf2|2347\n|teamsize|p1|6\n|teamsize|p2|6\n|gen|9\n|tier|[Gen 9] Random Battle\n|rated|\n|rule|Species Clause: Limit one of each Pok\u00e9mon\n|rule|HP Percentage Mod: HP is shown in percentages\n|rule|Sleep Clause Mod: Limit one foe put to sleep\n|rule|Illusion Level Mod: Illusion disguises the Pok\u00e9mon's true level\n|\n|t:|1722439135\n|start\n|switch|p1a: Dachsbun|Dachsbun, L91, M|252/252\n|switch|p2a: Tornadus|Tornadus-Therian, L79, M|254/254\n|turn|1\n|inactive|Battle timer is ON: inactive players will automatically lose when time's up. (requested by nonkey hong)\n|\n|t:|1722439149\n|move|p2a: Tornadus|Bleakwind Storm|p1a: Dachsbun\n|-damage|p1a: Dachsbun|93/252\n|move|p1a: Dachsbun|Wish|p1a: Dachsbun\n|\n|-heal|p1a: Dachsbun|108/252|[from] item: Leftovers\n|upkeep\n|turn|2\n|\n|t:|1722439155\n|switch|p2a: Stonjourner|Stonjourner, L91, M|330/330\n|move|p1a: Dachsbun|Protect||[still]\n|-fail|p1a: Dachsbun\n|\n|-heal|p1a: Dachsbun|234/252|[from] move: Wish|[wisher] Dachsbun\n|-heal|p1a: Dachsbun|249/252|[from] item: Leftovers\n|upkeep\n|turn|3\n|\n|t:|1722439170\n|move|p1a: Dachsbun|Stomping Tantrum|p2a: Stonjourner\n|-supereffective|p2a: Stonjourner\n|-damage|p2a: Stonjourner|190/330\n|move|p2a: Stonjourner|Stealth Rock|p1a: Dachsbun\n|-sidestart|p1: nonkey hong|move: Stealth Rock\n|\n|-heal|p1a: Dachsbun|252/252|[from] item: Leftovers\n|upkeep\n|turn|4\n|\n|t:|1722439191\n|switch|p2a: Mismagius|Mismagius, L86, M|243/243\n|move|p1a: Dachsbun|Stomping Tantrum|p2a: Mismagius\n|-immune|p2a: Mismagius|[from] ability: Levitate\n|\n|upkeep\n|turn|5\n|\n|t:|1722439209\n|switch|p1a: Araquanid|Araquanid, L82, F|246/246\n|move|p2a: Mismagius|Trick|p1a: Araquanid\n|-activate|p2a: Mismagius|move: Trick|[of] p1a: Araquanid\n|-item|p1a: Araquanid|Choice Specs|[from] move: Trick\n|-item|p2a: Mismagius|Heavy-Duty Boots|[from] move: Trick\n|\n|upkeep\n|turn|6\n|\n|t:|1722439217\n|switch|p2a: Stonjourner|Stonjourner, L91, M|190/330\n|move|p1a: Araquanid|Sticky Web|p2a: Stonjourner\n|-sidestart|p2: Accadere \u2601|move: Sticky Web\n|\n|upkeep\n|turn|7\n|\n|t:|1722439225\n|switch|p1a: Dachsbun|Dachsbun, L91, M|252/252\n|-damage|p1a: Dachsbun|221/252|[from] Stealth Rock\n|move|p2a: Stonjourner|Stone Edge|p1a: Dachsbun\n|-damage|p1a: Dachsbun|79/252\n|-damage|p2a: Stonjourner|157/330|[from] item: Life Orb\n|\n|-heal|p1a: Dachsbun|94/252|[from] item: Leftovers\n|upkeep\n|turn|8\n|\n|t:|1722439228\n|move|p1a: Dachsbun|Wish|p1a: Dachsbun\n|move|p2a: Stonjourner|Stone Edge|p1a: Dachsbun|[miss]\n|-miss|p2a: Stonjourner|p1a: Dachsbun\n|\n|-heal|p1a: Dachsbun|109/252|[from] item: Leftovers\n|upkeep\n|turn|9\n|\n|t:|1722439237\n|move|p1a: Dachsbun|Stomping Tantrum|p2a: Stonjourner\n|-supereffective|p2a: Stonjourner\n|-damage|p2a: Stonjourner|87/330\n|move|p2a: Stonjourner|Stone Edge|p1a: Dachsbun\n|-damage|p1a: Dachsbun|0 fnt\n|faint|p1a: Dachsbun\n|-damage|p2a: Stonjourner|54/330|[from] item: Life Orb\n|\n|upkeep\n|\n|t:|1722439258\n|switch|p1a: Entei|Entei, L78|307/307\n|-damage|p1a: Entei|231/307|[from] Stealth Rock\n|turn|10\n|\n|t:|1722439262\n|move|p1a: Entei|Stomping Tantrum|p2a: Stonjourner\n|-supereffective|p2a: Stonjourner\n|-damage|p2a: Stonjourner|0 fnt\n|faint|p2a: Stonjourner\n|\n|upkeep\n|\n|t:|1722439263\n|switch|p2a: Mismagius|Mismagius, L86, M|243/243\n|turn|11\n|\n|t:|1722439268\n|switch|p1a: Araquanid|Araquanid, L82, F|246/246\n|-damage|p1a: Araquanid|185/246|[from] Stealth Rock\n|move|p2a: Mismagius|Shadow Ball|p1a: Araquanid\n|-damage|p1a: Araquanid|119/246\n|\n|upkeep\n|turn|12\n|\n|t:|1722439278\n|move|p2a: Mismagius|Shadow Ball|p1a: Araquanid\n|-damage|p1a: Araquanid|43/246\n|move|p1a: Araquanid|Liquidation|p2a: Mismagius\n|-damage|p2a: Mismagius|77/243\n|\n|upkeep\n|turn|13\n|\n|t:|1722439281\n|move|p2a: Mismagius|Shadow Ball|p1a: Araquanid\n|-damage|p1a: Araquanid|0 fnt\n|faint|p1a: Araquanid\n|\n|upkeep\n|\n|t:|1722439286\n|switch|p1a: Chesnaught|Chesnaught, L84, M|285/285\n|-damage|p1a: Chesnaught|268/285|[from] Stealth Rock\n|turn|14\n|\n|t:|1722439294\n|move|p2a: Mismagius|Mystical Fire|p1a: Chesnaught\n|-supereffective|p1a: Chesnaught\n|-damage|p1a: Chesnaught|138/285\n|-unboost|p1a: Chesnaught|spa|1\n|move|p1a: Chesnaught|Trailblaze|p2a: Mismagius\n|-damage|p2a: Mismagius|8/243\n|-boost|p1a: Chesnaught|spe|1\n|\n|-heal|p1a: Chesnaught|155/285|[from] item: Leftovers\n|upkeep\n|turn|15\n|\n|t:|1722439312\n|switch|p2a: Tornadus|Tornadus-Therian, L79, M|254/254\n|move|p1a: Chesnaught|Trailblaze|p2a: Tornadus\n|-resisted|p2a: Tornadus\n|-damage|p2a: Tornadus|220/254\n|-boost|p1a: Chesnaught|spe|1\n|\n|-heal|p1a: Chesnaught|172/285|[from] item: Leftovers\n|upkeep\n|turn|16\n|\n|t:|1722439319\n|-terastallize|p1a: Chesnaught|Steel\n|move|p1a: Chesnaught|Iron Defense|p1a: Chesnaught\n|-boost|p1a: Chesnaught|def|2\n|move|p2a: Tornadus|Bleakwind Storm|p1a: Chesnaught|[miss]\n|-miss|p2a: Tornadus|p1a: Chesnaught\n|\n|-heal|p1a: Chesnaught|189/285|[from] item: Leftovers\n|upkeep\n|turn|17\n|\n|t:|1722439324\n|switch|p2a: Mismagius|Mismagius, L86, M|8/243\n|move|p1a: Chesnaught|Synthesis|p1a: Chesnaught\n|-heal|p1a: Chesnaught|285/285\n|\n|upkeep\n|turn|18\n|\n|t:|1722439327\n|move|p1a: Chesnaught|Trailblaze|p2a: Mismagius\n|-damage|p2a: Mismagius|0 fnt\n|-boost|p1a: Chesnaught|spe|1\n|faint|p2a: Mismagius\n|\n|upkeep\n|\n|t:|1722439328\n|switch|p2a: Tornadus|Tornadus-Therian, L79, M|254/254\n|turn|19\n|j| gman2333\n|\n|t:|1722439331\n|move|p1a: Chesnaught|Iron Defense|p1a: Chesnaught\n|-boost|p1a: Chesnaught|def|2\n|move|p2a: Tornadus|Heat Wave|p1a: Chesnaught\n|-supereffective|p1a: Chesnaught\n|-damage|p1a: Chesnaught|79/285\n|\n|-heal|p1a: Chesnaught|96/285|[from] item: Leftovers\n|upkeep\n|turn|20\n|c| gman2333|you guys suck\n|\n|t:|1722439336\n|move|p1a: Chesnaught|Synthesis|p1a: Chesnaught\n|-heal|p1a: Chesnaught|238/285\n|move|p2a: Tornadus|Heat Wave|p1a: Chesnaught\n|-supereffective|p1a: Chesnaught\n|-crit|p1a: Chesnaught\n|-damage|p1a: Chesnaught|0 fnt\n|faint|p1a: Chesnaught\n|\n|upkeep\n|c| gman2333|play me and ill sweep you\n|\n|t:|1722439348\n|switch|p1a: Blaziken|Blaziken, L76, F|247/247\n|-damage|p1a: Blaziken|217/247|[from] Stealth Rock\n|turn|21\n|\n|t:|1722439353\n|switch|p2a: Golurk|Golurk, L87|297/297\n|-activate|p2a: Golurk|move: Sticky Web\n|-unboost|p2a: Golurk|spe|1\n|move|p1a: Blaziken|Swords Dance|p1a: Blaziken\n|-boost|p1a: Blaziken|atk|2\n|\n|-ability|p1a: Blaziken|Speed Boost|boost\n|-boost|p1a: Blaziken|spe|1\n|upkeep\n|turn|22\n|c| gman2333|Monkey hong play me\n|\n|t:|1722439364\n|move|p1a: Blaziken|Flare Blitz|p2a: Golurk\n|-damage|p2a: Golurk|0 fnt\n|faint|p2a: Golurk\n|-damage|p1a: Blaziken|119/247|[from] Recoil\n|-damage|p1a: Blaziken|95/247|[from] item: Life Orb\n|\n|-ability|p1a: Blaziken|Speed Boost|boost\n|-boost|p1a: Blaziken|spe|1\n|upkeep\n|\n|t:|1722439366\n|switch|p2a: Urshifu|Urshifu-Rapid-Strike, L75, M|274/274\n|-activate|p2a: Urshifu|move: Sticky Web\n|-unboost|p2a: Urshifu|spe|1\n|turn|23\n|\n|t:|1722439370\n|move|p2a: Urshifu|Aqua Jet|p1a: Blaziken\n|-supereffective|p1a: Blaziken\n|-damage|p1a: Blaziken|0 fnt\n|faint|p1a: Blaziken\n|-damage|p2a: Urshifu|247/274|[from] item: Life Orb\n|\n|upkeep\n|\n|t:|1722439373\n|switch|p1a: Slowbro|Slowbro-Galar, L87, F|307/307\n|-damage|p1a: Slowbro|269/307|[from] Stealth Rock\n|turn|24\n|c| gman2333|I got next\n|\n|t:|1722439377\n|switch|p2a: Kingambit|Kingambit, L74, F|270/270\n|-activate|p2a: Kingambit|move: Sticky Web\n|-unboost|p2a: Kingambit|spe|1\n|-activate|p2a: Kingambit|ability: Supreme Overlord\n|-start|p2a: Kingambit|fallen3|[silent]\n|move|p1a: Slowbro|Psychic|p2a: Kingambit\n|-immune|p2a: Kingambit\n|\n|-heal|p1a: Slowbro|288/307|[from] item: Leftovers\n|upkeep\n|turn|25\n|\n|t:|1722439382\n|move|p1a: Slowbro|Earthquake|p2a: Kingambit\n|-supereffective|p2a: Kingambit\n|-damage|p2a: Kingambit|122/270\n|move|p2a: Kingambit|Kowtow Cleave|p1a: Slowbro\n|-supereffective|p1a: Slowbro\n|-damage|p1a: Slowbro|82/307\n|\n|-heal|p1a: Slowbro|101/307|[from] item: Leftovers\n|-heal|p2a: Kingambit|138/270|[from] item: Leftovers\n|upkeep\n|turn|26\n|\n|t:|1722439386\n|move|p1a: Slowbro|Slack Off|p1a: Slowbro\n|-heal|p1a: Slowbro|255/307\n|move|p2a: Kingambit|Kowtow Cleave|p1a: Slowbro\n|-supereffective|p1a: Slowbro\n|-damage|p1a: Slowbro|55/307\n|\n|-heal|p1a: Slowbro|74/307|[from] item: Leftovers\n|-heal|p2a: Kingambit|154/270|[from] item: Leftovers\n|upkeep\n|turn|27\n|\n|t:|1722439394\n|move|p1a: Slowbro|Earthquake|p2a: Kingambit\n|-supereffective|p2a: Kingambit\n|-damage|p2a: Kingambit|24/270\n|move|p2a: Kingambit|Kowtow Cleave|p1a: Slowbro\n|-supereffective|p1a: Slowbro\n|-damage|p1a: Slowbro|0 fnt\n|faint|p1a: Slowbro\n|\n|-heal|p2a: Kingambit|40/270|[from] item: Leftovers\n|upkeep\n|\n|t:|1722439396\n|switch|p1a: Entei|Entei, L78|231/307\n|-damage|p1a: Entei|155/307|[from] Stealth Rock\n|turn|28\n|c| gman2333|Ill sweep you boy\n|-message|nonkey hong forfeited.\n|\n|win|Accadere \u2601\n|raw|nonkey hong's rating: 2258 &rarr; <strong>2243</strong><br />(-15 for losing)\n|raw|Accadere \u2601's rating: 2347 &rarr; <strong>2362</strong><br />(+15 for winning)\n|l|\u2606nonkey hong\n|player|p1|\n", "inputlog": ">version 3c8c0ba6a3441824201ce9f0cf68dcc094963845\n>start {\"formatid\":\"gen9randombattle\",\"seed\":[38908,40271,35751,17877],\"rated\":\"Rated battle\"}\n>player p1 {\"name\":\"nonkey hong\",\"avatar\":\"youngn\",\"rating\":2258,\"seed\":[4215,38734,64177,7186]}\n>player p2 {\"name\":\"Accadere \u2601\",\"avatar\":\"touristf2\",\"rating\":2347,\"seed\":[38993,27738,27369,46134]}\n>p1 move wish\n>p2 move bleakwindstorm\n>p1 move protect\n>p2 switch 3\n>p1 move stompingtantrum\n>p2 move stealthrock\n>p1 move stompingtantrum\n>p2 switch 4\n>p1 switch 4\n>p2 move trick\n>p1 move stickyweb\n>p2 switch 4\n>p1 switch 4\n>p2 move stoneedge\n>p1 move wish\n>p2 move stoneedge\n>p1 move stompingtantrum\n>p2 move stoneedge\n>p1 switch 5\n>p1 move stompingtantrum\n>p2 move earthquake\n>p2 switch 4\n>p1 switch 4\n>p2 move shadowball\n>p1 move liquidation\n>p2 move shadowball\n>p1 move liquidation\n>p2 move shadowball\n>p1 switch 6\n>p1 move trailblaze\n>p2 move mysticalfire\n>p1 move trailblaze\n>p2 switch 3\n>p1 move irondefense terastallize\n>p2 move bleakwindstorm\n>p1 move synthesis\n>p2 switch 3\n>p1 move trailblaze\n>p2 move mysticalfire\n>p2 switch 3\n>p1 move irondefense\n>p2 move heatwave\n>chat  gman2333|you guys suck\n>p1 move synthesis\n>p2 move heatwave\n>chat  gman2333|play me and ill sweep you\n>p1 switch 2\n>p1 move swordsdance\n>p2 switch 6\n>chat  gman2333|Monkey hong play me \n>p1 move flareblitz\n>p2 move earthquake\n>p2 switch 2\n>p1 move closecombat\n>p2 move aquajet\n>p1 switch 3\n>chat  gman2333|I got next\n>p1 move psychic\n>p2 switch 5\n>p1 move earthquake\n>p2 move kowtowcleave\n>p1 move slackoff\n>p2 move kowtowcleave\n>p1 move earthquake\n>p2 move kowtowcleave\n>p1 switch 4\n>chat  gman2333|Ill sweep you boy\n>forcelose p1", "uploadtime": 1722439407, "views": 139, "formatid": "gen9randombattle", "rating": 2243, "private": 0, "password": null}