{"id": "gen9randombattle-2197439498", "format": "[Gen 9] Random Battle", "players": ["TriniPlayer", "Qiuescent"], "log": "|badge|p2|bronze|gen9randombattle|100-2\n|uhtml|medal-msg|<div class=\"broadcast-blue\">Curious what those medals under the avatar are? PS now has Ladder Seasons! For more information, check out the <a href=\"https://www.smogon.com/forums/threads/3740067/\">thread on Smogon.</a></div>\n|j|\u2606TriniPlayer\n|j|\u203dQiuescent\n|t:|1725835676\n|gametype|singles\n|player|p1|TriniPlayer|ingo|2236\n|player|p2|Qiuescent|170|2382\n|teamsize|p1|6\n|teamsize|p2|6\n|gen|9\n|tier|[Gen 9] Random Battle\n|rated|\n|rule|Species Clause: Limit one of each Pok\u00e9mon\n|rule|HP Percentage Mod: HP is shown in percentages\n|rule|Sleep Clause Mod: Limit one foe put to sleep\n|rule|Illusion Level Mod: Illusion disguises the Pok\u00e9mon's true level\n|\n|t:|1725835676\n|start\n|switch|p1a: Grumpig|Grumpig, L92, F|297/297\n|switch|p2a: Iron Bundle|Iron Bundle, L77|213/213\n|turn|1\n|inactive|Battle timer is ON: inactive players will automatically lose when time's up. (requested by TriniPlayer)\n|\n|t:|1725835685\n|move|p2a: Iron Bundle|Flip Turn|p1a: Grumpig\n|-damage|p1a: Grumpig|242/297\n|j| thepankler\n|\n|t:|1725835692\n|-end|p2a: Iron Bundle|Quark Drive|[silent]\n|switch|p2a: Palafin|Palafin, L77, M|281/281|[from] Flip Turn\n|move|p1a: Grumpig|Focus Blast|p2a: Palafin\n|-damage|p2a: Palafin|97/281\n|\n|-heal|p2a: Palafin|114/281|[from] item: Leftovers\n|upkeep\n|turn|2\n|\n|t:|1725835698\n|detailschange|p2a: Palafin|Palafin-Hero, L77, M\n|switch|p2a: Scream Tail|Scream Tail, L84|330/330\n|move|p1a: Grumpig|Focus Blast|p2a: Scream Tail\n|-resisted|p2a: Scream Tail\n|-damage|p2a: Scream Tail|299/330\n|\n|-heal|p2a: Scream Tail|319/330|[from] item: Leftovers\n|upkeep\n|turn|3\n|l| thepankler\n|\n|t:|1725835702\n|switch|p1a: Galvantula|Galvantula, L82, M|249/249\n|move|p2a: Scream Tail|Wish|p2a: Scream Tail\n|\n|-heal|p2a: Scream Tail|330/330|[from] item: Leftovers\n|upkeep\n|turn|4\n|\n|t:|1725835707\n|-end|p2a: Scream Tail|Protosynthesis|[silent]\n|switch|p2a: Palafin|Palafin-Hero, L77, M|114/281\n|-activate|p2a: Palafin|ability: Zero to Hero\n|move|p1a: Galvantula|Sticky Web|p2a: Palafin\n|-sidestart|p2: Qiuescent|move: Sticky Web\n|\n|-heal|p2a: Palafin|279/281|[from] move: Wish|[wisher] Scream Tail\n|-heal|p2a: Palafin|281/281|[from] item: Leftovers\n|upkeep\n|turn|5\n|\n|t:|1725835720\n|switch|p2a: Scream Tail|Scream Tail, L84|330/330\n|-activate|p2a: Scream Tail|move: Sticky Web\n|-unboost|p2a: Scream Tail|spe|1\n|move|p1a: Galvantula|Thunder|p2a: Scream Tail\n|-damage|p2a: Scream Tail|242/330\n|\n|-heal|p2a: Scream Tail|262/330|[from] item: Leftovers\n|upkeep\n|turn|6\n|\n|t:|1725835724\n|move|p2a: Scream Tail|Protect|p2a: Scream Tail\n|-singleturn|p2a: Scream Tail|Protect\n|move|p1a: Galvantula|Thunder|p2a: Scream Tail\n|-activate|p2a: Scream Tail|move: Protect\n|\n|-heal|p2a: Scream Tail|282/330|[from] item: Leftovers\n|upkeep\n|turn|7\n|\n|t:|1725835728\n|move|p1a: Galvantula|Thunder|p2a: Scream Tail|[miss]\n|-miss|p1a: Galvantula|p2a: Scream Tail\n|move|p2a: Scream Tail|Wish|p2a: Scream Tail\n|\n|-heal|p2a: Scream Tail|302/330|[from] item: Leftovers\n|upkeep\n|turn|8\n|\n|t:|1725835734\n|move|p1a: Galvantula|Thunder|p2a: Scream Tail\n|-damage|p2a: Scream Tail|220/330\n|-status|p2a: Scream Tail|par\n|move|p2a: Scream Tail|Dazzling Gleam|p1a: Galvantula\n|-damage|p1a: Galvantula|165/249\n|\n|-heal|p2a: Scream Tail|330/330 par|[from] move: Wish|[wisher] Scream Tail\n|upkeep\n|turn|9\n|\n|t:|1725835744\n|switch|p1a: Dudunsparce|Dudunsparce, L82, M|339/339\n|move|p2a: Scream Tail|Dazzling Gleam|p1a: Dudunsparce\n|-damage|p1a: Dudunsparce|272/339\n|\n|-heal|p1a: Dudunsparce|293/339|[from] item: Leftovers\n|upkeep\n|turn|10\n|\n|t:|1725835748\n|move|p1a: Dudunsparce|Headbutt|p2a: Scream Tail\n|-damage|p2a: Scream Tail|269/330 par\n|cant|p2a: Scream Tail|par\n|\n|-heal|p1a: Dudunsparce|314/339|[from] item: Leftovers\n|-heal|p2a: Scream Tail|289/330 par|[from] item: Leftovers\n|upkeep\n|turn|11\n|\n|t:|1725835751\n|move|p1a: Dudunsparce|Headbutt|p2a: Scream Tail\n|-damage|p2a: Scream Tail|220/330 par\n|move|p2a: Scream Tail|Encore|p1a: Dudunsparce\n|-start|p1a: Dudunsparce|Encore\n|\n|-heal|p1a: Dudunsparce|335/339|[from] item: Leftovers\n|-heal|p2a: Scream Tail|240/330 par|[from] item: Leftovers\n|upkeep\n|turn|12\n|j| cacapoopookpl\n|\n|t:|1725835755\n|-end|p2a: Scream Tail|Protosynthesis|[silent]\n|switch|p2a: Klawf|Klawf, L90, F|272/272\n|-activate|p2a: Klawf|move: Sticky Web\n|-unboost|p2a: Klawf|spe|1\n|move|p1a: Dudunsparce|Headbutt|p2a: Klawf\n|-resisted|p2a: Klawf\n|-damage|p2a: Klawf|245/272\n|\n|-heal|p1a: Dudunsparce|339/339|[from] item: Leftovers\n|upkeep\n|turn|13\n|\n|t:|1725835762\n|switch|p1a: Zarude|Zarude-Dada, L78|292/292\n|move|p2a: Klawf|Stealth Rock|p1a: Zarude\n|-sidestart|p1: TriniPlayer|move: Stealth Rock\n|\n|upkeep\n|turn|14\n|\n|t:|1725835782\n|switch|p2a: Cobalion|Cobalion, L80|277/277\n|-activate|p2a: Cobalion|move: Sticky Web\n|-unboost|p2a: Cobalion|spe|1\n|move|p1a: Zarude|Power Whip|p2a: Cobalion\n|-resisted|p2a: Cobalion\n|-damage|p2a: Cobalion|226/277\n|\n|-heal|p2a: Cobalion|243/277|[from] item: Leftovers\n|upkeep\n|turn|15\n|\n|t:|1725835790\n|switch|p1a: Galvantula|Galvantula, L82, M|165/249\n|move|p2a: Cobalion|Calm Mind|p2a: Cobalion\n|-boost|p2a: Cobalion|spa|1\n|-boost|p2a: Cobalion|spd|1\n|\n|-heal|p2a: Cobalion|260/277|[from] item: Leftovers\n|upkeep\n|turn|16\n|\n|t:|1725835794\n|move|p1a: Galvantula|Thunder|p2a: Cobalion\n|-damage|p2a: Cobalion|175/277\n|move|p2a: Cobalion|Flash Cannon|p1a: Galvantula\n|-resisted|p1a: Galvantula\n|-damage|p1a: Galvantula|96/249\n|\n|-heal|p2a: Cobalion|192/277|[from] item: Leftovers\n|upkeep\n|turn|17\n|\n|t:|1725835805\n|move|p1a: Galvantula|Thunder|p2a: Cobalion\n|-damage|p2a: Cobalion|96/277\n|move|p2a: Cobalion|Flash Cannon|p1a: Galvantula\n|-resisted|p1a: Galvantula\n|-crit|p1a: Galvantula\n|-damage|p1a: Galvantula|0 fnt\n|faint|p1a: Galvantula\n|\n|-heal|p2a: Cobalion|113/277|[from] item: Leftovers\n|upkeep\n|\n|t:|1725835817\n|switch|p1a: Zarude|Zarude-Dada, L78|292/292\n|-damage|p1a: Zarude|256/292|[from] Stealth Rock\n|turn|18\n|\n|t:|1725835821\n|move|p2a: Cobalion|Vacuum Wave|p1a: Zarude\n|-supereffective|p1a: Zarude\n|-damage|p1a: Zarude|140/292\n|move|p1a: Zarude|Close Combat|p2a: Cobalion\n|-supereffective|p2a: Cobalion\n|-damage|p2a: Cobalion|0 fnt\n|-unboost|p1a: Zarude|def|1\n|-unboost|p1a: Zarude|spd|1\n|faint|p2a: Cobalion\n|\n|upkeep\n|\n|t:|1725835824\n|switch|p2a: Venomoth|Venomoth, L84, F|255/255\n|turn|19\n|\n|t:|1725835827\n|switch|p1a: Dudunsparce|Dudunsparce, L82, M|339/339\n|-damage|p1a: Dudunsparce|297/339|[from] Stealth Rock\n|move|p2a: Venomoth|Quiver Dance|p2a: Venomoth\n|-boost|p2a: Venomoth|spa|1\n|-boost|p2a: Venomoth|spd|1\n|-boost|p2a: Venomoth|spe|1\n|\n|-heal|p1a: Dudunsparce|318/339|[from] item: Leftovers\n|upkeep\n|turn|20\n|\n|t:|1725835830\n|move|p2a: Venomoth|Sleep Powder|p1a: Dudunsparce|[miss]\n|-miss|p2a: Venomoth|p1a: Dudunsparce\n|move|p1a: Dudunsparce|Glare|p2a: Venomoth\n|-status|p2a: Venomoth|par\n|\n|-heal|p1a: Dudunsparce|339/339|[from] item: Leftovers\n|upkeep\n|turn|21\n|\n|t:|1725835835\n|cant|p2a: Venomoth|par\n|move|p1a: Dudunsparce|Headbutt|p2a: Venomoth\n|-damage|p2a: Venomoth|165/255 par\n|\n|upkeep\n|turn|22\n|\n|t:|1725835838\n|switch|p1a: Zarude|Zarude-Dada, L78|140/292\n|-damage|p1a: Zarude|104/292|[from] Stealth Rock\n|move|p2a: Venomoth|Sleep Powder|p1a: Zarude\n|-immune|p1a: Zarude\n|\n|upkeep\n|turn|23\n|\n|t:|1725835842\n|move|p1a: Zarude|Knock Off|p2a: Venomoth\n|-damage|p2a: Venomoth|20/255 par\n|-enditem|p2a: Venomoth|Heavy-Duty Boots|[from] move: Knock Off|[of] p1a: Zarude\n|move|p2a: Venomoth|Bug Buzz|p1a: Zarude\n|-supereffective|p1a: Zarude\n|-damage|p1a: Zarude|0 fnt\n|faint|p1a: Zarude\n|\n|upkeep\n|\n|t:|1725835850\n|switch|p1a: Grumpig|Grumpig, L92, F|242/297\n|-damage|p1a: Grumpig|205/297|[from] Stealth Rock\n|turn|24\n|\n|t:|1725835857\n|move|p1a: Grumpig|Earth Power|p2a: Venomoth\n|-damage|p2a: Venomoth|0 fnt\n|faint|p2a: Venomoth\n|\n|upkeep\n|\n|t:|1725835861\n|switch|p2a: Palafin|Palafin-Hero, L77, M|281/281\n|-activate|p2a: Palafin|move: Sticky Web\n|-unboost|p2a: Palafin|spe|1\n|turn|25\n|\n|t:|1725835865\n|move|p1a: Grumpig|Earth Power|p2a: Palafin\n|-damage|p2a: Palafin|171/281\n|move|p2a: Palafin|Bulk Up|p2a: Palafin\n|-boost|p2a: Palafin|atk|1\n|-boost|p2a: Palafin|def|1\n|\n|-heal|p2a: Palafin|188/281|[from] item: Leftovers\n|upkeep\n|turn|26\n|\n|t:|1725835868\n|move|p1a: Grumpig|Earth Power|p2a: Palafin\n|-damage|p2a: Palafin|75/281\n|move|p2a: Palafin|Bulk Up|p2a: Palafin\n|-boost|p2a: Palafin|atk|1\n|-boost|p2a: Palafin|def|1\n|\n|-heal|p2a: Palafin|92/281|[from] item: Leftovers\n|upkeep\n|turn|27\n|\n|t:|1725835877\n|switch|p1a: Dudunsparce|Dudunsparce, L82, M|339/339\n|-damage|p1a: Dudunsparce|297/339|[from] Stealth Rock\n|move|p2a: Palafin|Jet Punch|p1a: Dudunsparce\n|-damage|p1a: Dudunsparce|111/339\n|\n|-heal|p1a: Dudunsparce|132/339|[from] item: Leftovers\n|-heal|p2a: Palafin|109/281|[from] item: Leftovers\n|upkeep\n|turn|28\n|\n|t:|1725835880\n|move|p2a: Palafin|Jet Punch|p1a: Dudunsparce\n|-damage|p1a: Dudunsparce|0 fnt\n|faint|p1a: Dudunsparce\n|\n|-heal|p2a: Palafin|126/281|[from] item: Leftovers\n|upkeep\n|\n|t:|1725835883\n|switch|p1a: Manaphy|Manaphy, L78|284/284\n|-damage|p1a: Manaphy|249/284|[from] Stealth Rock\n|turn|29\n|\n|t:|1725835887\n|move|p1a: Manaphy|Energy Ball|p2a: Palafin\n|-supereffective|p2a: Palafin\n|-damage|p2a: Palafin|10/281\n|move|p2a: Palafin|Close Combat|p1a: Manaphy\n|-damage|p1a: Manaphy|59/284\n|-unboost|p2a: Palafin|def|1\n|-unboost|p2a: Palafin|spd|1\n|\n|-heal|p1a: Manaphy|76/284|[from] item: Leftovers\n|-heal|p2a: Palafin|27/281|[from] item: Leftovers\n|upkeep\n|turn|30\n|\n|t:|1725835890\n|move|p2a: Palafin|Jet Punch|p1a: Manaphy\n|-resisted|p1a: Manaphy\n|-damage|p1a: Manaphy|0 fnt\n|faint|p1a: Manaphy\n|\n|-heal|p2a: Palafin|44/281|[from] item: Leftovers\n|upkeep\n|\n|t:|1725835893\n|switch|p1a: Grumpig|Grumpig, L92, F|205/297\n|-damage|p1a: Grumpig|168/297|[from] Stealth Rock\n|turn|31\n|\n|t:|1725835896\n|move|p2a: Palafin|Jet Punch|p1a: Grumpig\n|-damage|p1a: Grumpig|0 fnt\n|faint|p1a: Grumpig\n|\n|-heal|p2a: Palafin|61/281|[from] item: Leftovers\n|upkeep\n|-message|TriniPlayer forfeited.\n|\n|win|Qiuescent\n|raw|TriniPlayer's rating: 2236 &rarr; <strong>2224</strong><br />(-12 for losing)\n|raw|Qiuescent's rating: 2382 &rarr; <strong>2394</strong><br />(+12 for winning)\n|l|\u2606TriniPlayer\n|player|p1|\n", "inputlog": ">version a7fd1c1c07600285a1536454bc1aca0abecfa22c\n>start {\"formatid\":\"gen9randombattle\",\"seed\":[26908,56535,46483,13494],\"rated\":\"Rated battle\"}\n>player p1 {\"name\":\"TriniPlayer\",\"avatar\":\"ingo\",\"rating\":2236,\"seed\":[39352,29915,33395,52591]}\n>player p2 {\"name\":\"Qiuescent\",\"avatar\":\"170\",\"rating\":2382,\"seed\":[40368,33784,24192,43004]}\n>p1 move focusblast\n>p2 move flipturn\n>p2 switch 3\n>p1 move focusblast\n>p2 switch 6\n>p1 switch 2\n>p2 move wish\n>p1 move stickyweb\n>p2 switch 6\n>p1 move thunder\n>p2 switch 6\n>p1 move thunder\n>p2 move protect\n>p1 move thunder\n>p2 move wish\n>p1 move thunder\n>p2 move dazzlinggleam\n>p1 switch 3\n>p2 move dazzlinggleam\n>p1 move headbutt\n>p2 move encore\n>p1 move headbutt\n>p2 move encore\n>p1 move headbutt\n>p2 switch 2\n>p1 switch 5\n>p2 move stealthrock\n>p1 move powerwhip\n>p2 switch 4\n>p1 switch 3\n>p2 move calmmind\n>p1 move thunder\n>p2 move flashcannon\n>p1 move thunder\n>p2 move flashcannon\n>p1 switch 3\n>p1 move closecombat\n>p2 move vacuumwave\n>p2 switch 5\n>p1 switch 5\n>p2 move quiverdance\n>p1 move glare\n>p2 move sleeppowder\n>p1 move headbutt\n>p2 move bugbuzz\n>p1 switch 5\n>p2 move sleeppowder\n>p1 move knockoff\n>p2 move bugbuzz\n>p1 switch 2\n>p1 move earthpower\n>p2 move bugbuzz\n>p2 switch 6\n>p1 move earthpower\n>p2 move bulkup\n>p1 move earthpower\n>p2 move bulkup\n>p1 switch 5\n>p2 move jetpunch\n>p1 move earthquake\n>p2 move jetpunch\n>p1 switch 4\n>p1 move energyball\n>p2 move closecombat\n>p1 move energyball\n>p2 move jetpunch\n>p1 switch 5\n>p1 move shadowball\n>p2 move jetpunch\n>forcelose p1", "uploadtime": 1725835899, "views": 105, "formatid": "gen9randombattle", "rating": 2224, "private": 0, "password": null}