{"id": "gen9randombattle-2118556577", "format": "[Gen 9] Random Battle", "players": ["Delta 2777", "pokeblade\u2606101"], "log": "|badge|p1|silver|gen9randombattle|30-1\n|uhtml|medal-msg|<div class=\"broadcast-blue\">Curious what those medals under the avatar are? PS now has Ladder Seasons! For more information, check out the <a href=\"https://www.smogon.com/forums/threads/3740067/\">thread on Smogon.</a></div>\n|badge|p2|gold|gen9randombattle|3-1\n|uhtml|medal-msg|<div class=\"broadcast-blue\">Curious what those medals under the avatar are? PS now has Ladder Seasons! For more information, check out the <a href=\"https://www.smogon.com/forums/threads/3740067/\">thread on Smogon.</a></div>\n|j|\u2606Delta 2777\n|j|\u2606pokeblade\u2606101\n|t:|1714947852\n|gametype|singles\n|player|p1|Delta 2777|169|2490\n|player|p2|pokeblade\u2606101|#rbtt7teamchiyu|2490\n|teamsize|p1|6\n|teamsize|p2|6\n|gen|9\n|tier|[Gen 9] Random Battle\n|rated|\n|rule|Species Clause: Limit one of each Pok\u00e9mon\n|rule|HP Percentage Mod: HP is shown in percentages\n|rule|Sleep Clause Mod: Limit one foe put to sleep\n|rule|Illusion Level Mod: Illusion disguises the Pok\u00e9mon's true level\n|\n|t:|1714947852\n|start\n|switch|p1a: Walking Wake|Walking Wake, L79|286/286\n|switch|p2a: Regirock|Regirock, L85|275/275\n|turn|1\n|inactive|Battle timer is ON: inactive players will automatically lose when time's up. (requested by Delta 2777)\n|inactive|pokeblade\u2606101 has 120 seconds left.\n|\n|t:|1714947908\n|switch|p2a: Snorlax|Snorlax, L82, M|397/397\n|move|p1a: Walking Wake|Hydro Steam|p2a: Snorlax\n|-damage|p2a: Snorlax|296/397\n|-damage|p1a: Walking Wake|258/286|[from] item: Life Orb\n|\n|-heal|p2a: Snorlax|320/397|[from] item: Leftovers\n|upkeep\n|turn|2\n|\n|t:|1714947915\n|-end|p1a: Walking Wake|Protosynthesis|[silent]\n|switch|p1a: Mismagius|Mismagius, L86, F|243/243\n|move|p2a: Snorlax|Body Slam|p1a: Mismagius\n|-immune|p1a: Mismagius\n|\n|-heal|p2a: Snorlax|344/397|[from] item: Leftovers\n|upkeep\n|turn|3\n|\n|t:|1714947931\n|switch|p2a: Regirock|Regirock, L85|275/275\n|move|p1a: Mismagius|Nasty Plot|p1a: Mismagius\n|-boost|p1a: Mismagius|spa|2\n|\n|upkeep\n|turn|4\n|\n|t:|1714947936\n|move|p1a: Mismagius|Substitute|p1a: Mismagius\n|-start|p1a: Mismagius|Substitute\n|-damage|p1a: Mismagius|183/243\n|move|p2a: Regirock|Stealth Rock|p1a: Mismagius\n|-sidestart|p1: Delta 2777|move: Stealth Rock\n|\n|-heal|p1a: Mismagius|198/243|[from] item: Leftovers\n|upkeep\n|turn|5\n|\n|t:|1714947947\n|switch|p2a: Clodsire|Clodsire, L81, M|343/343\n|move|p1a: Mismagius|Shadow Ball|p2a: Clodsire\n|-damage|p2a: Clodsire|247/343\n|\n|-heal|p1a: Mismagius|213/243|[from] item: Leftovers\n|-heal|p2a: Clodsire|268/343|[from] item: Leftovers\n|upkeep\n|turn|6\n|\n|t:|1714947960\n|move|p1a: Mismagius|Shadow Ball|p2a: Clodsire\n|-damage|p2a: Clodsire|174/343\n|move|p2a: Clodsire|Curse|p2a: Clodsire\n|-unboost|p2a: Clodsire|spe|1\n|-boost|p2a: Clodsire|atk|1\n|-boost|p2a: Clodsire|def|1\n|\n|-heal|p1a: Mismagius|228/243|[from] item: Leftovers\n|-heal|p2a: Clodsire|195/343|[from] item: Leftovers\n|upkeep\n|turn|7\n|j|+Aqua\n|\n|t:|1714947970\n|move|p1a: Mismagius|Shadow Ball|p2a: Clodsire\n|-damage|p2a: Clodsire|108/343\n|move|p2a: Clodsire|Recover|p2a: Clodsire\n|-heal|p2a: Clodsire|280/343\n|\n|-heal|p1a: Mismagius|243/243|[from] item: Leftovers\n|-heal|p2a: Clodsire|301/343|[from] item: Leftovers\n|upkeep\n|turn|8\n|\n|t:|1714947978\n|move|p1a: Mismagius|Shadow Ball|p2a: Clodsire\n|-damage|p2a: Clodsire|210/343\n|move|p2a: Clodsire|Gunk Shot|p1a: Mismagius\n|-resisted|p1a: Mismagius\n|-end|p1a: Mismagius|Substitute\n|\n|-heal|p2a: Clodsire|231/343|[from] item: Leftovers\n|upkeep\n|turn|9\n|\n|t:|1714947993\n|move|p1a: Mismagius|Substitute|p1a: Mismagius\n|-start|p1a: Mismagius|Substitute\n|-damage|p1a: Mismagius|183/243\n|move|p2a: Clodsire|Gunk Shot|p1a: Mismagius|[miss]\n|-miss|p2a: Clodsire|p1a: Mismagius\n|\n|-heal|p1a: Mismagius|198/243|[from] item: Leftovers\n|-heal|p2a: Clodsire|252/343|[from] item: Leftovers\n|upkeep\n|turn|10\n|\n|t:|1714947997\n|move|p1a: Mismagius|Shadow Ball|p2a: Clodsire\n|-damage|p2a: Clodsire|164/343\n|-unboost|p2a: Clodsire|spd|1\n|move|p2a: Clodsire|Gunk Shot|p1a: Mismagius\n|-resisted|p1a: Mismagius\n|-end|p1a: Mismagius|Substitute\n|\n|-heal|p1a: Mismagius|213/243|[from] item: Leftovers\n|-heal|p2a: Clodsire|185/343|[from] item: Leftovers\n|upkeep\n|turn|11\n|\n|t:|1714948009\n|move|p1a: Mismagius|Substitute|p1a: Mismagius\n|-start|p1a: Mismagius|Substitute\n|-damage|p1a: Mismagius|153/243\n|move|p2a: Clodsire|Gunk Shot|p1a: Mismagius\n|-resisted|p1a: Mismagius\n|-crit|p1a: Mismagius\n|-end|p1a: Mismagius|Substitute\n|\n|-heal|p1a: Mismagius|168/243|[from] item: Leftovers\n|-heal|p2a: Clodsire|206/343|[from] item: Leftovers\n|upkeep\n|turn|12\n|\n|t:|1714948022\n|move|p1a: Mismagius|Substitute|p1a: Mismagius\n|-start|p1a: Mismagius|Substitute\n|-damage|p1a: Mismagius|108/243\n|move|p2a: Clodsire|Gunk Shot|p1a: Mismagius\n|-resisted|p1a: Mismagius\n|-end|p1a: Mismagius|Substitute\n|\n|-heal|p1a: Mismagius|123/243|[from] item: Leftovers\n|-heal|p2a: Clodsire|227/343|[from] item: Leftovers\n|upkeep\n|turn|13\n|\n|t:|1714948029\n|move|p1a: Mismagius|Substitute|p1a: Mismagius\n|-start|p1a: Mismagius|Substitute\n|-damage|p1a: Mismagius|63/243\n|move|p2a: Clodsire|Gunk Shot|p1a: Mismagius|[miss]\n|-miss|p2a: Clodsire|p1a: Mismagius\n|\n|-heal|p1a: Mismagius|78/243|[from] item: Leftovers\n|-heal|p2a: Clodsire|248/343|[from] item: Leftovers\n|upkeep\n|turn|14\n|\n|t:|1714948036\n|move|p1a: Mismagius|Nasty Plot|p1a: Mismagius\n|-boost|p1a: Mismagius|spa|2\n|move|p2a: Clodsire|Gunk Shot|p1a: Mismagius\n|-resisted|p1a: Mismagius\n|-end|p1a: Mismagius|Substitute\n|\n|-heal|p1a: Mismagius|93/243|[from] item: Leftovers\n|-heal|p2a: Clodsire|269/343|[from] item: Leftovers\n|upkeep\n|turn|15\n|\n|t:|1714948044\n|move|p1a: Mismagius|Substitute|p1a: Mismagius\n|-start|p1a: Mismagius|Substitute\n|-damage|p1a: Mismagius|33/243\n|move|p2a: Clodsire|Gunk Shot|p1a: Mismagius\n|-resisted|p1a: Mismagius\n|-end|p1a: Mismagius|Substitute\n|\n|-heal|p1a: Mismagius|48/243|[from] item: Leftovers\n|-heal|p2a: Clodsire|290/343|[from] item: Leftovers\n|upkeep\n|turn|16\n|\n|t:|1714948054\n|switch|p2a: Regirock|Regirock, L85|275/275\n|move|p1a: Mismagius|Tera Blast|p2a: Regirock\n|-resisted|p2a: Regirock\n|-damage|p2a: Regirock|185/275\n|\n|-heal|p1a: Mismagius|63/243|[from] item: Leftovers\n|-heal|p2a: Regirock|202/275|[from] item: Leftovers\n|upkeep\n|turn|17\n|\n|t:|1714948066\n|move|p1a: Mismagius|Shadow Ball|p2a: Regirock\n|-damage|p2a: Regirock|0 fnt\n|faint|p2a: Regirock\n|\n|-heal|p1a: Mismagius|78/243|[from] item: Leftovers\n|upkeep\n|\n|t:|1714948068\n|switch|p2a: Cacturne|Cacturne, L92, F|278/278\n|turn|18\n|\n|t:|1714948079\n|move|p1a: Mismagius|Substitute|p1a: Mismagius\n|-start|p1a: Mismagius|Substitute\n|-damage|p1a: Mismagius|18/243\n|move|p2a: Cacturne|Knock Off|p1a: Mismagius\n|-supereffective|p1a: Mismagius\n|-end|p1a: Mismagius|Substitute\n|-damage|p2a: Cacturne|251/278|[from] item: Life Orb\n|\n|-heal|p1a: Mismagius|33/243|[from] item: Leftovers\n|upkeep\n|turn|19\n|\n|t:|1714948094\n|move|p2a: Cacturne|Sucker Punch|p1a: Mismagius\n|-supereffective|p1a: Mismagius\n|-damage|p1a: Mismagius|0 fnt\n|faint|p1a: Mismagius\n|-damage|p2a: Cacturne|224/278|[from] item: Life Orb\n|\n|upkeep\n|\n|t:|1714948113\n|switch|p1a: Florges|Florges-White, L85, F|271/271\n|-damage|p1a: Florges|238/271|[from] Stealth Rock\n|turn|20\n|\n|t:|1714948121\n|switch|p1a: Walking Wake|Walking Wake, L79|258/286\n|-damage|p1a: Walking Wake|223/286|[from] Stealth Rock\n|switch|p2a: Snorlax|Snorlax, L82, M|344/397\n|\n|-heal|p2a: Snorlax|368/397|[from] item: Leftovers\n|upkeep\n|turn|21\n|\n|t:|1714948139\n|move|p1a: Walking Wake|Sunny Day|p1a: Walking Wake\n|-weather|SunnyDay\n|-activate|p1a: Walking Wake|ability: Protosynthesis\n|-start|p1a: Walking Wake|protosynthesisspa\n|move|p2a: Snorlax|Body Slam|p1a: Walking Wake\n|-damage|p1a: Walking Wake|124/286\n|\n|-weather|SunnyDay|[upkeep]\n|-heal|p2a: Snorlax|392/397|[from] item: Leftovers\n|upkeep\n|turn|22\n|\n|t:|1714948150\n|move|p1a: Walking Wake|Hydro Steam|p2a: Snorlax\n|-damage|p2a: Snorlax|200/397\n|-damage|p1a: Walking Wake|96/286|[from] item: Life Orb\n|move|p2a: Snorlax|Body Slam|p1a: Walking Wake\n|-damage|p1a: Walking Wake|0 fnt\n|faint|p1a: Walking Wake\n|-end|p1a: Walking Wake|Protosynthesis|[silent]\n|\n|-weather|SunnyDay|[upkeep]\n|-heal|p2a: Snorlax|224/397|[from] item: Leftovers\n|upkeep\n|\n|t:|1714948160\n|switch|p1a: Sawsbuck|Sawsbuck-Autumn, L88, F|284/284\n|-damage|p1a: Sawsbuck|249/284|[from] Stealth Rock\n|turn|23\n|\n|t:|1714948175\n|switch|p2a: Cinderace|Cinderace, L77, M|249/249\n|move|p1a: Sawsbuck|Double-Edge|p2a: Cinderace\n|-damage|p2a: Cinderace|10/249\n|-damage|p1a: Sawsbuck|170/284|[from] Recoil\n|-damage|p1a: Sawsbuck|142/284|[from] item: Life Orb\n|\n|-weather|SunnyDay|[upkeep]\n|upkeep\n|turn|24\n|c|\u2606pokeblade\u2606101|ouchie\n|\n|t:|1714948200\n|switch|p1a: Regidrago|Regidrago, L77|435/435\n|-damage|p1a: Regidrago|381/435|[from] Stealth Rock\n|move|p2a: Cinderace|U-turn|p1a: Regidrago\n|-start|p2a: Cinderace|typechange|Bug|[from] ability: Libero\n|-damage|p1a: Regidrago|195/435\n|\n|t:|1714948207\n|switch|p2a: Delibird|Delibird, F|252/252|[from] U-turn\n|\n|-weather|SunnyDay|[upkeep]\n|upkeep\n|turn|25\n|\n|t:|1714948222\n|-terastallize|p1a: Regidrago|Dragon\n|move|p1a: Regidrago|Draco Meteor|p2a: Delibird\n|-damage|p2a: Delibird|0 fnt\n|-unboost|p1a: Regidrago|spa|2\n|faint|p2a: Delibird\n|\n|-weather|none\n|upkeep\n|\n|t:|1714948231\n|switch|p2a: Snorlax|Snorlax, L82, M|224/397\n|turn|26\n|\n|t:|1714948236\n|switch|p1a: Sawsbuck|Sawsbuck-Autumn, L88, F|142/284\n|-damage|p1a: Sawsbuck|107/284|[from] Stealth Rock\n|move|p2a: Snorlax|Body Slam|p1a: Sawsbuck\n|-damage|p1a: Sawsbuck|0 fnt\n|faint|p1a: Sawsbuck\n|\n|-heal|p2a: Snorlax|248/397|[from] item: Leftovers\n|upkeep\n|\n|t:|1714948249\n|switch|p1a: Regidrago|Regidrago, L77, tera:Dragon|195/435\n|-damage|p1a: Regidrago|141/435|[from] Stealth Rock\n|turn|27\n|\n|t:|1714948254\n|switch|p2a: Clodsire|Clodsire, L81, M|290/343\n|move|p1a: Regidrago|Outrage|p2a: Clodsire\n|-damage|p2a: Clodsire|0 fnt\n|faint|p2a: Clodsire\n|\n|upkeep\n|\n|t:|1714948263\n|switch|p2a: Cacturne|Cacturne, L92, F|224/278\n|turn|28\n|\n|t:|1714948265\n|move|p2a: Cacturne|Sucker Punch|p1a: Regidrago\n|-damage|p1a: Regidrago|0 fnt\n|faint|p1a: Regidrago\n|-damage|p2a: Cacturne|197/278|[from] item: Life Orb\n|\n|upkeep\n|\n|t:|1714948270\n|switch|p1a: Arceus|Arceus-Poison, L72|292/292\n|-damage|p1a: Arceus|256/292|[from] Stealth Rock\n|turn|29\n|\n|t:|1714948279\n|move|p1a: Arceus|Gunk Shot|p2a: Cacturne\n|-supereffective|p2a: Cacturne\n|-damage|p2a: Cacturne|0 fnt\n|faint|p2a: Cacturne\n|\n|upkeep\n|\n|t:|1714948282\n|switch|p2a: Cinderace|Cinderace, L77, M|10/249\n|turn|30\n|\n|t:|1714948294\n|move|p1a: Arceus|Extreme Speed|p2a: Cinderace\n|-damage|p2a: Cinderace|0 fnt\n|faint|p2a: Cinderace\n|\n|upkeep\n|\n|t:|1714948296\n|switch|p2a: Snorlax|Snorlax, L82, M|248/397\n|turn|31\n|\n|t:|1714948305\n|move|p1a: Arceus|Swords Dance|p1a: Arceus\n|-boost|p1a: Arceus|atk|2\n|move|p2a: Snorlax|Curse|p2a: Snorlax\n|-unboost|p2a: Snorlax|spe|1\n|-boost|p2a: Snorlax|atk|1\n|-boost|p2a: Snorlax|def|1\n|\n|-heal|p2a: Snorlax|272/397|[from] item: Leftovers\n|upkeep\n|turn|32\n|\n|t:|1714948311\n|-terastallize|p2a: Snorlax|Poison\n|move|p1a: Arceus|Gunk Shot|p2a: Snorlax\n|-resisted|p2a: Snorlax\n|-damage|p2a: Snorlax|164/397\n|move|p2a: Snorlax|Body Slam|p1a: Arceus\n|-damage|p1a: Arceus|129/292\n|\n|-heal|p2a: Snorlax|188/397|[from] item: Leftovers\n|upkeep\n|turn|33\n|\n|t:|1714948318\n|move|p1a: Arceus|Earthquake|p2a: Snorlax\n|-supereffective|p2a: Snorlax\n|-damage|p2a: Snorlax|0 fnt\n|faint|p2a: Snorlax\n|\n|win|Delta 2777\n|raw|Delta 2777's rating: 2490 &rarr; <strong>2510</strong><br />(+20 for winning)\n|raw|pokeblade\u2606101's rating: 2490 &rarr; <strong>2470</strong><br />(-20 for losing)\n|c|\u2606pokeblade\u2606101|rough\n|c|\u2606Delta 2777|gg\n|l|\u2606Delta 2777\n|player|p1|\n", "inputlog": ">version 2cc90ceb603322b9c7a55380fd27efd5fc357af5\n>start {\"formatid\":\"gen9randombattle\",\"seed\":[31650,14895,20493,24940],\"rated\":\"Rated battle\"}\n>player p1 {\"name\":\"Delta 2777\",\"avatar\":\"169\",\"rating\":2490,\"seed\":[31188,24242,18364,19718]}\n>player p2 {\"name\":\"pokeblade\u2606101\",\"avatar\":\"#rbtt7teamchiyu\",\"rating\":2490,\"seed\":[18645,44848,461,42706]}\n>p1 move hydrosteam\n>p2 switch 3\n>p1 switch 2\n>p2 move bodyslam\n>p1 move nastyplot\n>p2 switch 3\n>p1 move substitute\n>p2 move stealthrock\n>p1 move shadowball\n>p2 switch 4\n>p1 move shadowball\n>p2 move curse\n>p1 move shadowball\n>p2 move recover\n>p1 move shadowball\n>p2 move gunkshot\n>p1 move substitute\n>p2 move gunkshot\n>p1 move shadowball\n>p2 move gunkshot\n>p1 move substitute\n>p2 move gunkshot\n>p1 move substitute\n>p2 move gunkshot\n>p1 move substitute\n>p2 move gunkshot\n>p1 move nastyplot\n>p2 move gunkshot\n>p1 move substitute\n>p2 move gunkshot\n>p1 move terablast\n>p2 switch 4\n>p1 move shadowball\n>p2 move stoneedge\n>p2 switch 6\n>p1 move substitute\n>p2 move knockoff\n>p1 move terablast\n>p2 move suckerpunch\n>p1 switch 3\n>p1 switch 2\n>p2 switch 3\n>p1 move sunnyday\n>p2 move bodyslam\n>p1 move hydrosteam\n>p2 move bodyslam\n>p1 switch 6\n>p1 move doubleedge\n>p2 switch 5\n>chat \u2606pokeblade\u2606101|ouchie\n>p1 switch 4\n>p2 move uturn\n>p2 switch 2\n>p1 move dracometeor terastallize\n>p2 move icespinner\n>p2 switch 5\n>p1 switch 4\n>p2 move bodyslam\n>p1 switch 4\n>p1 move outrage\n>p2 switch 4\n>p2 switch 3\n>p1 move outrage\n>p2 move suckerpunch\n>p1 switch 5\n>p1 move gunkshot\n>p2 move knockoff\n>p2 switch 2\n>p1 move extremespeed\n>p2 move pyroball\n>p2 switch 4\n>p1 move swordsdance\n>p2 move curse\n>p1 move gunkshot\n>p2 move bodyslam terastallize\n>p1 move earthquake\n>p2 move rest", "uploadtime": 1714948332, "views": 243, "formatid": "gen9randombattle", "rating": 2470, "private": 0, "password": null}