{"id": "gen9randombattle-2181507652", "format": "[Gen 9] Random Battle", "players": ["scyther225", "slynch64"], "log": "|j|\u2606scyther225\n|j|\u2606slynch64\n|t:|1723836989\n|gametype|singles\n|player|p1|scyther225|acetrainer-gen4dp|2264\n|player|p2|slynch64|hilda|2235\n|teamsize|p1|6\n|teamsize|p2|6\n|gen|9\n|tier|[Gen 9] Random Battle\n|rated|\n|rule|Species Clause: Limit one of each Pok\u00e9mon\n|rule|HP Percentage Mod: HP is shown in percentages\n|rule|Sleep Clause Mod: Limit one foe put to sleep\n|rule|Illusion Level Mod: Illusion disguises the Pok\u00e9mon's true level\n|\n|t:|1723836989\n|start\n|switch|p1a: Bombirdier|Bombirdier, L85, F|258/258\n|switch|p2a: Bruxish|Bruxish, L85, M|254/254\n|turn|1\n|inactive|Battle timer is ON: inactive players will automatically lose when time's up. (requested by slynch64)\n|\n|t:|1723837004\n|move|p2a: Bruxish|Ice Fang|p1a: Bombirdier\n|-supereffective|p1a: Bombirdier\n|-damage|p1a: Bombirdier|68/258\n|-damage|p2a: Bruxish|229/254|[from] item: Life Orb\n|move|p1a: Bombirdier|Knock Off|p2a: Bruxish\n|-supereffective|p2a: Bruxish\n|-damage|p2a: Bruxish|0 fnt\n|-enditem|p2a: Bruxish|Life Orb|[from] move: Knock Off|[of] p1a: Bombirdier\n|faint|p2a: Bruxish\n|\n|upkeep\n|\n|t:|1723837013\n|switch|p2a: Abomasnow|Abomasnow, L85, F|291/291\n|-weather|Snow|[from] ability: Snow Warning|[of] p2a: Abomasnow\n|turn|2\n|\n|t:|1723837017\n|switch|p1a: Iron Moth|Iron Moth, L78|253/253\n|move|p2a: Abomasnow|Blizzard|p1a: Iron Moth\n|-resisted|p1a: Iron Moth\n|-damage|p1a: Iron Moth|199/253\n|\n|-weather|Snow|[upkeep]\n|upkeep\n|turn|3\n|\n|t:|1723837029\n|switch|p2a: Hitmonchan|Hitmonchan, L87, M|229/229\n|move|p1a: Iron Moth|Sludge Wave|p2a: Hitmonchan\n|-damage|p2a: Hitmonchan|129/229\n|\n|-weather|Snow|[upkeep]\n|-heal|p2a: Hitmonchan|143/229|[from] item: Leftovers\n|upkeep\n|turn|4\n|\n|t:|1723837043\n|move|p1a: Iron Moth|Fire Blast|p2a: Hitmonchan\n|-damage|p2a: Hitmonchan|25/229\n|move|p2a: Hitmonchan|Knock Off|p1a: Iron Moth\n|-damage|p1a: Iron Moth|96/253\n|-enditem|p1a: Iron Moth|Heavy-Duty Boots|[from] move: Knock Off|[of] p2a: Hitmonchan\n|\n|-weather|Snow|[upkeep]\n|-heal|p2a: Hitmonchan|39/229|[from] item: Leftovers\n|upkeep\n|turn|5\n|\n|t:|1723837049\n|move|p1a: Iron Moth|Sludge Wave|p2a: Hitmonchan\n|-damage|p2a: Hitmonchan|0 fnt\n|faint|p2a: Hitmonchan\n|\n|-weather|Snow|[upkeep]\n|upkeep\n|\n|t:|1723837053\n|switch|p2a: Dunsparce|Dunsparce, L86, M|312/312\n|turn|6\n|\n|t:|1723837062\n|move|p1a: Iron Moth|U-turn|p2a: Dunsparce\n|-damage|p2a: Dunsparce|288/312\n|\n|t:|1723837063\n|-end|p1a: Iron Moth|Quark Drive|[silent]\n|switch|p1a: Uxie|Uxie, L83|260/260|[from] U-turn\n|move|p2a: Dunsparce|Body Slam|p1a: Uxie\n|-damage|p1a: Uxie|203/260\n|-status|p1a: Uxie|par\n|\n|-weather|none\n|-heal|p1a: Uxie|219/260 par|[from] item: Leftovers\n|upkeep\n|turn|7\n|\n|t:|1723837077\n|switch|p2a: Gastrodon|Gastrodon-East, L86, M|331/331\n|move|p1a: Uxie|Stealth Rock|p2a: Gastrodon\n|-sidestart|p2: slynch64|move: Stealth Rock\n|\n|-heal|p1a: Uxie|235/260 par|[from] item: Leftovers\n|upkeep\n|turn|8\n|\n|t:|1723837082\n|move|p2a: Gastrodon|Ice Beam|p1a: Uxie\n|-damage|p1a: Uxie|185/260 par\n|move|p1a: Uxie|Yawn|p2a: Gastrodon\n|-start|p2a: Gastrodon|move: Yawn|[of] p1a: Uxie\n|\n|-heal|p1a: Uxie|201/260 par|[from] item: Leftovers\n|upkeep\n|turn|9\n|\n|t:|1723837086\n|move|p2a: Gastrodon|Ice Beam|p1a: Uxie\n|-damage|p1a: Uxie|153/260 par\n|cant|p1a: Uxie|par\n|\n|-heal|p1a: Uxie|169/260 par|[from] item: Leftovers\n|-end|p2a: Gastrodon|move: Yawn|[silent]\n|-status|p2a: Gastrodon|slp\n|upkeep\n|turn|10\n|\n|t:|1723837102\n|switch|p1a: Bombirdier|Bombirdier, L85, F|68/258\n|cant|p2a: Gastrodon|slp\n|\n|upkeep\n|turn|11\n|\n|t:|1723837107\n|switch|p2a: Abomasnow|Abomasnow, L85, F|291/291\n|-damage|p2a: Abomasnow|219/291|[from] Stealth Rock\n|-weather|Snow|[from] ability: Snow Warning|[of] p2a: Abomasnow\n|move|p1a: Bombirdier|Knock Off|p2a: Abomasnow\n|-damage|p2a: Abomasnow|132/291\n|-enditem|p2a: Abomasnow|Assault Vest|[from] move: Knock Off|[of] p1a: Bombirdier\n|\n|-weather|Snow|[upkeep]\n|upkeep\n|turn|12\n|\n|t:|1723837113\n|switch|p1a: Iron Moth|Iron Moth, L78|96/253\n|move|p2a: Abomasnow|Ice Shard|p1a: Iron Moth\n|-resisted|p1a: Iron Moth\n|-damage|p1a: Iron Moth|66/253\n|\n|-weather|Snow|[upkeep]\n|upkeep\n|turn|13\n|\n|t:|1723837118\n|move|p1a: Iron Moth|Sludge Wave|p2a: Abomasnow\n|-supereffective|p2a: Abomasnow\n|-damage|p2a: Abomasnow|0 fnt\n|faint|p2a: Abomasnow\n|\n|-weather|Snow|[upkeep]\n|upkeep\n|\n|t:|1723837119\n|switch|p2a: Dunsparce|Dunsparce, L86, M|288/312\n|-damage|p2a: Dunsparce|249/312|[from] Stealth Rock\n|turn|14\n|\n|t:|1723837124\n|move|p1a: Iron Moth|U-turn|p2a: Dunsparce\n|-damage|p2a: Dunsparce|223/312\n|\n|t:|1723837126\n|-end|p1a: Iron Moth|Quark Drive|[silent]\n|switch|p1a: Bombirdier|Bombirdier, L85, F|68/258|[from] U-turn\n|move|p2a: Dunsparce|Coil|p2a: Dunsparce\n|-boost|p2a: Dunsparce|atk|1\n|-boost|p2a: Dunsparce|def|1\n|-boost|p2a: Dunsparce|accuracy|1\n|\n|-weather|Snow|[upkeep]\n|upkeep\n|turn|15\n|\n|t:|1723837131\n|move|p1a: Bombirdier|Knock Off|p2a: Dunsparce\n|-damage|p2a: Dunsparce|169/312\n|-enditem|p2a: Dunsparce|Eviolite|[from] move: Knock Off|[of] p1a: Bombirdier\n|move|p2a: Dunsparce|Roost|p2a: Dunsparce\n|-heal|p2a: Dunsparce|312/312\n|-singleturn|p2a: Dunsparce|move: Roost\n|\n|-weather|none\n|upkeep\n|turn|16\n|\n|t:|1723837142\n|switch|p1a: Iron Moth|Iron Moth, L78|66/253\n|move|p2a: Dunsparce|Coil|p2a: Dunsparce\n|-boost|p2a: Dunsparce|atk|1\n|-boost|p2a: Dunsparce|def|1\n|-boost|p2a: Dunsparce|accuracy|1\n|\n|upkeep\n|turn|17\n|\n|t:|1723837147\n|move|p1a: Iron Moth|Sludge Wave|p2a: Dunsparce\n|-damage|p2a: Dunsparce|173/312\n|move|p2a: Dunsparce|Body Slam|p1a: Iron Moth\n|-damage|p1a: Iron Moth|0 fnt\n|faint|p1a: Iron Moth\n|-end|p1a: Iron Moth|Quark Drive|[silent]\n|\n|upkeep\n|\n|t:|1723837149\n|switch|p1a: Great Tusk|Great Tusk, L77|304/304\n|-enditem|p1a: Great Tusk|Booster Energy\n|-activate|p1a: Great Tusk|ability: Protosynthesis|[fromitem]\n|-start|p1a: Great Tusk|protosynthesisatk\n|turn|18\n|\n|t:|1723837158\n|move|p1a: Great Tusk|Bulk Up|p1a: Great Tusk\n|-boost|p1a: Great Tusk|atk|1\n|-boost|p1a: Great Tusk|def|1\n|move|p2a: Dunsparce|Body Slam|p1a: Great Tusk\n|-damage|p1a: Great Tusk|229/304\n|-status|p1a: Great Tusk|par\n|\n|upkeep\n|turn|19\n|\n|t:|1723837167\n|move|p2a: Dunsparce|Body Slam|p1a: Great Tusk\n|-damage|p1a: Great Tusk|145/304 par\n|cant|p1a: Great Tusk|par\n|\n|upkeep\n|turn|20\n|\n|t:|1723837171\n|move|p2a: Dunsparce|Body Slam|p1a: Great Tusk\n|-damage|p1a: Great Tusk|67/304 par\n|move|p1a: Great Tusk|Close Combat|p2a: Dunsparce\n|-supereffective|p2a: Dunsparce\n|-damage|p2a: Dunsparce|0 fnt\n|-unboost|p1a: Great Tusk|def|1\n|-unboost|p1a: Great Tusk|spd|1\n|faint|p2a: Dunsparce\n|\n|upkeep\n|\n|t:|1723837179\n|switch|p2a: Bronzong|Bronzong, L88|261/261\n|-damage|p2a: Bronzong|245/261|[from] Stealth Rock\n|turn|21\n|\n|t:|1723837194\n|move|p2a: Bronzong|Iron Defense|p2a: Bronzong\n|-boost|p2a: Bronzong|def|2\n|move|p1a: Great Tusk|Close Combat|p2a: Bronzong\n|-damage|p2a: Bronzong|149/261\n|-unboost|p1a: Great Tusk|def|1\n|-unboost|p1a: Great Tusk|spd|1\n|\n|-heal|p2a: Bronzong|165/261|[from] item: Leftovers\n|upkeep\n|turn|22\n|\n|t:|1723837206\n|-end|p1a: Great Tusk|Protosynthesis|[silent]\n|switch|p1a: Bombirdier|Bombirdier, L85, F|68/258\n|move|p2a: Bronzong|Body Press|p1a: Bombirdier\n|-damage|p1a: Bombirdier|0 fnt\n|faint|p1a: Bombirdier\n|\n|-heal|p2a: Bronzong|181/261|[from] item: Leftovers\n|upkeep\n|\n|t:|1723837228\n|switch|p1a: Tauros|Tauros, L82, M|257/257\n|turn|23\n|\n|t:|1723837237\n|-terastallize|p1a: Tauros|Ground\n|move|p1a: Tauros|Throat Chop|p2a: Bronzong\n|-supereffective|p2a: Bronzong\n|-damage|p2a: Bronzong|111/261\n|move|p2a: Bronzong|Body Press|p1a: Tauros\n|-damage|p1a: Tauros|116/257\n|\n|-heal|p2a: Bronzong|127/261|[from] item: Leftovers\n|upkeep\n|turn|24\n|\n|t:|1723837250\n|move|p1a: Tauros|Throat Chop|p2a: Bronzong\n|-supereffective|p2a: Bronzong\n|-damage|p2a: Bronzong|57/261\n|move|p2a: Bronzong|Body Press|p1a: Tauros\n|-damage|p1a: Tauros|0 fnt\n|faint|p1a: Tauros\n|\n|-heal|p2a: Bronzong|73/261|[from] item: Leftovers\n|upkeep\n|\n|t:|1723837257\n|switch|p1a: Uxie|Uxie, L83|169/260 par\n|turn|25\n|\n|t:|1723837259\n|move|p2a: Bronzong|Iron Head|p1a: Uxie\n|-damage|p1a: Uxie|102/260 par\n|cant|p1a: Uxie|par\n|\n|-heal|p2a: Bronzong|89/261|[from] item: Leftovers\n|-heal|p1a: Uxie|118/260 par|[from] item: Leftovers\n|upkeep\n|turn|26\n|\n|t:|1723837263\n|move|p2a: Bronzong|Iron Head|p1a: Uxie\n|-damage|p1a: Uxie|49/260 par\n|move|p1a: Uxie|Psychic Noise|p2a: Bronzong\n|-resisted|p2a: Bronzong\n|-damage|p2a: Bronzong|76/261\n|-start|p2a: Bronzong|move: Heal Block\n|\n|-heal|p1a: Uxie|65/260 par|[from] item: Leftovers\n|upkeep\n|turn|27\n|\n|t:|1723837265\n|move|p2a: Bronzong|Iron Head|p1a: Uxie\n|-damage|p1a: Uxie|0 fnt\n|faint|p1a: Uxie\n|\n|-end|p2a: Bronzong|move: Heal Block\n|upkeep\n|-message|scyther225 forfeited.\n|\n|win|slynch64\n|raw|scyther225's rating: 2264 &rarr; <strong>2242</strong><br />(-22 for losing)\n|raw|slynch64's rating: 2235 &rarr; <strong>2257</strong><br />(+22 for winning)\n|l|\u2606scyther225\n|player|p1|\n", "inputlog": ">version c8723271ab0675f5f411eb9d2dac5dec06d0ce89\n>start {\"formatid\":\"gen9randombattle\",\"seed\":[50543,6358,21822,50870],\"rated\":\"Rated battle\"}\n>player p1 {\"name\":\"scyther225\",\"avatar\":\"acetrainer-gen4dp\",\"rating\":2264,\"seed\":[18967,35969,63667,35335]}\n>player p2 {\"name\":\"slynch64\",\"avatar\":\"hilda\",\"rating\":2235,\"seed\":[8129,28028,8034,41805]}\n>p1 move knockoff\n>p2 move icefang\n>p2 switch 2\n>p1 switch 6\n>p2 move blizzard\n>p1 move sludgewave\n>p2 switch 5\n>p1 move fireblast\n>p2 move knockoff\n>p1 move sludgewave\n>p2 move rapidspin\n>p2 switch 6\n>p1 move uturn\n>p2 move bodyslam\n>p1 switch 4\n>p1 move stealthrock\n>p2 switch 3\n>p1 move yawn\n>p2 move icebeam\n>p1 move uturn\n>p2 move icebeam\n>p1 switch 6\n>p2 move icebeam\n>p1 move knockoff\n>p2 switch 5\n>p1 switch 4\n>p2 move iceshard\n>p1 move sludgewave\n>p2 move earthquake\n>p2 switch 3\n>p1 move uturn\n>p2 move coil\n>p1 switch 4\n>p1 move knockoff\n>p2 move roost\n>p1 switch 4\n>p2 move coil\n>p1 move sludgewave\n>p2 move bodyslam\n>p1 switch 3\n>p1 move bulkup\n>p2 move bodyslam\n>p1 move bulkup\n>p2 move bodyslam\n>p1 move closecombat\n>p2 move bodyslam\n>p2 switch 4\n>p1 move closecombat\n>p2 move irondefense\n>p1 switch 4\n>p2 move bodypress\n>p1 switch 2\n>p1 move throatchop terastallize\n>p2 move bodypress\n>p1 move throatchop\n>p2 move bodypress\n>p1 switch 6\n>p1 move psychicnoise\n>p2 move ironhead\n>p1 move psychicnoise\n>p2 move ironhead\n>p1 move uturn\n>p2 move ironhead\n>forcelose p1", "uploadtime": 1723837276, "views": 121, "formatid": "gen9randombattle", "rating": 2242, "private": 0, "password": null}