{"id": "gen9randombattle-2260754247", "format": "[Gen 9] Random Battle", "players": ["Rokuro222", "HunterXorus7"], "log": "|j|\u2606Rokuro222\n|j|\u2606HunterXorus7\n|t:|1733887235\n|gametype|singles\n|player|p1|Rokuro222|steven-gen6|2023\n|player|p2|HunterXorus7|elesa-masters2|2080\n|teamsize|p1|6\n|teamsize|p2|6\n|gen|9\n|tier|[Gen 9] Random Battle\n|rated|\n|rule|Species Clause: Limit one of each Pok\u00e9mon\n|rule|HP Percentage Mod: HP is shown in percentages\n|rule|Sleep Clause Mod: Limit one foe put to sleep\n|rule|Illusion Level Mod: Illusion disguises the Pok\u00e9mon's true level\n|\n|t:|1733887235\n|start\n|switch|p1a: Vikavolt|Vikavolt, L83, M|263/263\n|switch|p2a: Bruxish|Bruxish, L85, F|254/254\n|turn|1\n|inactive|Battle timer is ON: inactive players will automatically lose when time's up. (requested by Rokuro222)\n|\n|t:|1733887262\n|switch|p2a: Galvantula|Galvantula, L82, F|249/249\n|move|p1a: Vikavolt|Sticky Web|p2a: Galvantula\n|-sidestart|p2: HunterXorus7|move: Sticky Web\n|\n|upkeep\n|turn|2\n|\n|t:|1733887273\n|move|p2a: Galvantula|Sticky Web|p1a: Vikavolt\n|-sidestart|p1: Rokuro222|move: Sticky Web\n|move|p1a: Vikavolt|Bug Buzz|p2a: Galvantula\n|-damage|p2a: Galvantula|86/249\n|-unboost|p2a: Galvantula|spd|1\n|\n|upkeep\n|turn|3\n|\n|t:|1733887290\n|move|p2a: Galvantula|Bug Buzz|p1a: Vikavolt\n|-damage|p1a: Vikavolt|169/263\n|move|p1a: Vikavolt|Bug Buzz|p2a: Galvantula\n|-damage|p2a: Galvantula|0 fnt\n|faint|p2a: Galvantula\n|\n|upkeep\n|\n|t:|1733887294\n|switch|p2a: Hydreigon|Hydreigon, L79, F|275/275\n|turn|4\n|\n|t:|1733887302\n|-terastallize|p1a: Vikavolt|Electric\n|move|p2a: Hydreigon|Fire Blast|p1a: Vikavolt\n|-damage|p1a: Vikavolt|38/263\n|-damage|p2a: Hydreigon|248/275|[from] item: Life Orb\n|move|p1a: Vikavolt|Bug Buzz|p2a: Hydreigon\n|-supereffective|p2a: Hydreigon\n|-damage|p2a: Hydreigon|0 fnt\n|faint|p2a: Hydreigon\n|\n|upkeep\n|\n|t:|1733887313\n|switch|p2a: Sceptile|Sceptile, L87, M|264/264\n|-activate|p2a: Sceptile|move: Sticky Web\n|-unboost|p2a: Sceptile|spe|1\n|turn|5\n|\n|t:|1733887321\n|switch|p1a: Iron Jugulis|Iron Jugulis, L78|275/275\n|move|p2a: Sceptile|Leaf Blade|p1a: Iron Jugulis\n|-resisted|p1a: Iron Jugulis\n|-damage|p1a: Iron Jugulis|213/275\n|-damage|p2a: Sceptile|238/264|[from] item: Life Orb\n|\n|upkeep\n|turn|6\n|\n|t:|1733887331\n|-terastallize|p2a: Sceptile|Rock\n|move|p1a: Iron Jugulis|U-turn|p2a: Sceptile\n|-damage|p2a: Sceptile|191/264\n|\n|t:|1733887348\n|-end|p1a: Iron Jugulis|Quark Drive|[silent]\n|switch|p1a: Vikavolt|Vikavolt, L83, M, tera:Electric|38/263|[from] U-turn\n|move|p2a: Sceptile|Rock Slide|p1a: Vikavolt\n|-damage|p1a: Vikavolt|0 fnt\n|faint|p1a: Vikavolt\n|-damage|p2a: Sceptile|165/264|[from] item: Life Orb\n|\n|upkeep\n|\n|t:|1733887352\n|switch|p1a: Iron Jugulis|Iron Jugulis, L78|213/275\n|turn|7\n|\n|t:|1733887355\n|move|p1a: Iron Jugulis|Dark Pulse|p2a: Sceptile\n|-damage|p2a: Sceptile|29/264\n|move|p2a: Sceptile|Rock Slide|p1a: Iron Jugulis|[miss]\n|-miss|p2a: Sceptile|p1a: Iron Jugulis\n|\n|upkeep\n|turn|8\n|\n|t:|1733887359\n|move|p1a: Iron Jugulis|Dark Pulse|p2a: Sceptile\n|-damage|p2a: Sceptile|0 fnt\n|faint|p2a: Sceptile\n|\n|upkeep\n|\n|t:|1733887369\n|switch|p2a: Victreebel|Victreebel, L90, F|290/290\n|-activate|p2a: Victreebel|move: Sticky Web\n|-unboost|p2a: Victreebel|spe|1\n|turn|9\n|\n|t:|1733887380\n|move|p1a: Iron Jugulis|Dark Pulse|p2a: Victreebel\n|-damage|p2a: Victreebel|137/290\n|cant|p2a: Victreebel|flinch\n|\n|upkeep\n|turn|10\n|\n|t:|1733887384\n|move|p1a: Iron Jugulis|Dark Pulse|p2a: Victreebel\n|-damage|p2a: Victreebel|0 fnt\n|faint|p2a: Victreebel\n|\n|upkeep\n|\n|t:|1733887386\n|switch|p2a: Furret|Furret, L94, M|312/312\n|-activate|p2a: Furret|move: Sticky Web\n|-unboost|p2a: Furret|spe|1\n|-item|p1a: Iron Jugulis|Choice Specs|[from] ability: Frisk|[of] p2a: Furret\n|turn|11\n|\n|t:|1733887389\n|move|p1a: Iron Jugulis|Dark Pulse|p2a: Furret\n|-damage|p2a: Furret|159/312\n|cant|p2a: Furret|flinch\n|\n|upkeep\n|turn|12\n|\n|t:|1733887392\n|move|p1a: Iron Jugulis|Dark Pulse|p2a: Furret\n|-damage|p2a: Furret|0 fnt\n|faint|p2a: Furret\n|\n|upkeep\n|\n|t:|1733887394\n|switch|p2a: Bruxish|Bruxish, L85, F|254/254\n|-activate|p2a: Bruxish|move: Sticky Web\n|-unboost|p2a: Bruxish|spe|1\n|turn|13\n|\n|t:|1733887396\n|move|p1a: Iron Jugulis|Dark Pulse|p2a: Bruxish\n|-supereffective|p2a: Bruxish\n|-damage|p2a: Bruxish|0 fnt\n|faint|p2a: Bruxish\n|\n|win|Rokuro222\n|raw|Rokuro222's rating: 2023 &rarr; <strong>2046</strong><br />(+23 for winning)\n|raw|HunterXorus7's rating: 2080 &rarr; <strong>2057</strong><br />(-23 for losing)\n", "inputlog": ">version bfd83cad13791eb5a5a409923076391caf6fb4d4\n>start {\"formatid\":\"gen9randombattle\",\"seed\":[15691,56133,21611,35789],\"rated\":\"Rated battle\"}\n>player p1 {\"name\":\"Rokuro222\",\"avatar\":\"steven-gen6\",\"rating\":2023,\"seed\":[15196,57299,46210,58853]}\n>player p2 {\"name\":\"HunterXorus7\",\"avatar\":\"elesa-masters2\",\"rating\":2080,\"seed\":[53867,42542,17593,20023]}\n>p1 move stickyweb\n>p2 switch 4\n>p1 move bugbuzz\n>p2 move stickyweb\n>p1 move bugbuzz\n>p2 move bugbuzz\n>p2 switch 3\n>p1 move bugbuzz terastallize\n>p2 move fireblast\n>p2 switch 2\n>p1 switch 4\n>p2 move leafblade\n>p1 move uturn\n>p2 move rockslide terastallize\n>p1 switch 4\n>p1 switch 4\n>p1 move darkpulse\n>p2 move rockslide\n>p1 move darkpulse\n>p2 move rockslide\n>p2 switch 5\n>p1 move darkpulse\n>p2 move sunnyday\n>p1 move darkpulse\n>p2 move sunnyday\n>p2 switch 6\n>p1 move darkpulse\n>p2 move doubleedge\n>p1 move darkpulse\n>p2 move doubleedge\n>p2 switch 4\n>p1 move darkpulse\n>p2 move wavecrash", "uploadtime": 1733887399, "views": 7, "formatid": "gen9randombattle", "rating": 2046, "private": 0, "password": null}