{"id": "gen9randombattle-2260739463", "format": "[Gen 9] Random Battle", "players": ["wouxav", "FantasyWind"], "log": "|j|\u2606wouxav\n|j|\u203dFantasyWind\n|t:|1733885225\n|gametype|singles\n|player|p1|wouxav|swimmer-gen4dp|1502\n|player|p2|FantasyWind|hilda|1524\n|teamsize|p1|6\n|teamsize|p2|6\n|gen|9\n|tier|[Gen 9] Random Battle\n|rated|\n|rule|Species Clause: Limit one of each Pok\u00e9mon\n|rule|HP Percentage Mod: HP is shown in percentages\n|rule|Sleep Clause Mod: Limit one foe put to sleep\n|rule|Illusion Level Mod: Illusion disguises the Pok\u00e9mon's true level\n|\n|t:|1733885225\n|start\n|switch|p1a: Azelf|Azelf, L82|257/257\n|switch|p2a: Tornadus|Tornadus, L82, M|263/263\n|turn|1\n|inactive|Battle timer is ON: inactive players will automatically lose when time's up. (requested by FantasyWind)\n|\n|t:|1733885243\n|move|p1a: Azelf|Knock Off|p2a: Tornadus\n|-damage|p2a: Tornadus|130/263\n|-enditem|p2a: Tornadus|Choice Specs|[from] move: Knock Off|[of] p1a: Azelf\n|-damage|p1a: Azelf|232/257|[from] item: Life Orb\n|move|p2a: Tornadus|U-turn|p1a: Azelf\n|-supereffective|p1a: Azelf\n|-damage|p1a: Azelf|106/257\n|\n|t:|1733885252\n|switch|p2a: Iron Bundle|Iron Bundle, L77|213/213|[from] U-turn\n|\n|upkeep\n|turn|2\n|\n|t:|1733885267\n|move|p2a: Iron Bundle|Hydro Pump|p1a: Azelf\n|-damage|p1a: Azelf|0 fnt\n|faint|p1a: Azelf\n|\n|upkeep\n|\n|t:|1733885276\n|switch|p1a: Dedenne|Dedenne, L88, F|261/261\n|turn|3\n|\n|t:|1733885280\n|-end|p2a: Iron Bundle|Quark Drive|[silent]\n|switch|p2a: Piloswine|Piloswine, L85, F|309/309\n|move|p1a: Dedenne|Thunderbolt|p2a: Piloswine\n|-immune|p2a: Piloswine\n|\n|upkeep\n|turn|4\n|\n|t:|1733885284\n|move|p1a: Dedenne|Super Fang|p2a: Piloswine|[miss]\n|-miss|p1a: Dedenne|p2a: Piloswine\n|move|p2a: Piloswine|Stealth Rock|p1a: Dedenne\n|-sidestart|p1: wouxav|move: Stealth Rock\n|\n|upkeep\n|turn|5\n|\n|t:|1733885290\n|move|p1a: Dedenne|Super Fang|p2a: Piloswine\n|-damage|p2a: Piloswine|155/309\n|move|p2a: Piloswine|Earthquake|p1a: Dedenne\n|-supereffective|p1a: Dedenne\n|-damage|p1a: Dedenne|0 fnt\n|faint|p1a: Dedenne\n|\n|upkeep\n|\n|t:|1733885294\n|switch|p1a: Leafeon|Leafeon, L88, M|258/258\n|-damage|p1a: Leafeon|226/258|[from] Stealth Rock\n|turn|6\n|\n|t:|1733885298\n|-terastallize|p1a: Leafeon|Normal\n|move|p2a: Piloswine|Ice Shard|p1a: Leafeon\n|-crit|p1a: Leafeon\n|-damage|p1a: Leafeon|178/258\n|move|p1a: Leafeon|Swords Dance|p1a: Leafeon\n|-boost|p1a: Leafeon|atk|2\n|\n|upkeep\n|turn|7\n|\n|t:|1733885308\n|move|p2a: Piloswine|Ice Shard|p1a: Leafeon\n|-damage|p1a: Leafeon|144/258\n|move|p1a: Leafeon|Leaf Blade|p2a: Piloswine\n|-supereffective|p2a: Piloswine\n|-damage|p2a: Piloswine|0 fnt\n|faint|p2a: Piloswine\n|-damage|p1a: Leafeon|119/258|[from] item: Life Orb\n|\n|upkeep\n|\n|t:|1733885311\n|switch|p2a: Iron Bundle|Iron Bundle, L77|213/213\n|turn|8\n|\n|t:|1733885322\n|move|p2a: Iron Bundle|Hydro Pump|p1a: Leafeon\n|-damage|p1a: Leafeon|0 fnt\n|faint|p1a: Leafeon\n|\n|upkeep\n|\n|t:|1733885327\n|switch|p1a: Phione|Phione, L91|293/293\n|-damage|p1a: Phione|257/293|[from] Stealth Rock\n|turn|9\n|\n|t:|1733885332\n|-end|p2a: Iron Bundle|Quark Drive|[silent]\n|switch|p2a: Pawmot|Pawmot, L80, F|243/243\n|move|p1a: Phione|Take Heart|p1a: Phione\n|-boost|p1a: Phione|spa|1\n|-boost|p1a: Phione|spd|1\n|\n|-heal|p1a: Phione|275/293|[from] item: Leftovers\n|upkeep\n|turn|10\n|\n|t:|1733885347\n|move|p2a: Pawmot|Nuzzle|p1a: Phione\n|-supereffective|p1a: Phione\n|-damage|p1a: Phione|231/293\n|-status|p1a: Phione|par\n|cant|p1a: Phione|par\n|\n|-heal|p1a: Phione|249/293 par|[from] item: Leftovers\n|upkeep\n|turn|11\n|\n|t:|1733885353\n|move|p2a: Pawmot|Double Shock|p1a: Phione\n|-supereffective|p1a: Phione\n|-damage|p1a: Phione|0 fnt\n|-start|p2a: Pawmot|typechange|???/Fighting|[from] move: Double Shock\n|faint|p1a: Phione\n|\n|upkeep\n|-message|wouxav forfeited.\n|\n|win|FantasyWind\n|raw|wouxav's rating: 1502 &rarr; <strong>1483</strong><br />(-19 for losing)\n|raw|FantasyWind's rating: 1524 &rarr; <strong>1543</strong><br />(+19 for winning)\n|l|\u2606wouxav\n|player|p1|\n", "inputlog": ">version bfd83cad13791eb5a5a409923076391caf6fb4d4\n>start {\"formatid\":\"gen9randombattle\",\"seed\":[21767,45108,45440,23951],\"rated\":\"Rated battle\"}\n>player p1 {\"name\":\"wouxav\",\"avatar\":\"swimmer-gen4dp\",\"rating\":1502,\"seed\":[26647,30537,6237,7437]}\n>player p2 {\"name\":\"FantasyWind\",\"avatar\":\"hilda\",\"rating\":1524,\"seed\":[25575,6917,51319,11267]}\n>p1 move knockoff\n>p2 move uturn\n>p2 switch 4\n>p1 move psychic\n>p2 move hydropump\n>p1 switch 2\n>p1 move thunderbolt\n>p2 switch 3\n>p1 move superfang\n>p2 move stealthrock\n>p1 move superfang\n>p2 move earthquake\n>p1 switch 4\n>p1 move swordsdance terastallize\n>p2 move iceshard\n>p1 move leafblade\n>p2 move iceshard\n>p2 switch 3\n>p1 move leafblade\n>p2 move hydropump\n>p1 switch 5\n>p1 move takeheart\n>p2 switch 5\n>p1 move scald\n>p2 move nuzzle\n>p1 move takeheart\n>p2 move doubleshock\n>forcelose p1", "uploadtime": 1733885359, "views": 5, "formatid": "gen9randombattle", "rating": 1483, "private": 0, "password": null}