{"id": "gen9randombattle-2195206358", "format": "[Gen 9] Random Battle", "players": ["Teres bahji", "MichaelderBesteVGC"], "log": "|badge|p1|silver|gen9randombattle|30-2\n|uhtml|medal-msg|<div class=\"broadcast-blue\">Curious what those medals under the avatar are? PS now has Ladder Seasons! For more information, check out the <a href=\"https://www.smogon.com/forums/threads/3740067/\">thread on Smogon.</a></div>\n|badge|p2|silver|gen9randombattle|30-2\n|uhtml|medal-msg|<div class=\"broadcast-blue\">Curious what those medals under the avatar are? PS now has Ladder Seasons! For more information, check out the <a href=\"https://www.smogon.com/forums/threads/3740067/\">thread on Smogon.</a></div>\n|j|\u2606Teres bahji\n|j|\u2606MichaelderBesteVGC\n|t:|1725555062\n|gametype|singles\n|player|p1|Teres bahji|#rbtt7teamrayquazaf|2461\n|player|p2|MichaelderBesteVGC|red|2471\n|teamsize|p1|6\n|teamsize|p2|6\n|gen|9\n|tier|[Gen 9] Random Battle\n|rated|\n|rule|Species Clause: Limit one of each Pok\u00e9mon\n|rule|HP Percentage Mod: HP is shown in percentages\n|rule|Sleep Clause Mod: Limit one foe put to sleep\n|rule|Illusion Level Mod: Illusion disguises the Pok\u00e9mon's true level\n|\n|t:|1725555062\n|start\n|switch|p1a: Avalugg|Avalugg-Hisui, L90, F|317/317\n|switch|p2a: Lapras|Lapras, L87, F|368/368\n|turn|1\n|inactive|Battle timer is ON: inactive players will automatically lose when time's up. (requested by Teres bahji)\n|j| Delta 2777\n|inactive|MichaelderBesteVGC has 120 seconds left.\n|inactive|MichaelderBesteVGC has 90 seconds left.\n|\n|t:|1725555141\n|switch|p1a: Florges|Florges-Yellow, L85, F|271/271\n|move|p2a: Lapras|Sparkling Aria|p1a: Florges\n|-damage|p1a: Florges|208/271\n|\n|-heal|p1a: Florges|224/271|[from] item: Leftovers\n|upkeep\n|turn|2\n|\n|t:|1725555147\n|switch|p2a: Forretress|Forretress, L84, M|263/263\n|move|p1a: Florges|Moonblast|p2a: Forretress\n|-resisted|p2a: Forretress\n|-damage|p2a: Forretress|193/263\n|\n|-heal|p1a: Florges|240/271|[from] item: Leftovers\n|-heal|p2a: Forretress|209/263|[from] item: Leftovers\n|upkeep\n|turn|3\n|\n|t:|1725555162\n|switch|p1a: Misdreavus|Misdreavus, L90, M|254/254\n|move|p2a: Forretress|Toxic Spikes|p1a: Misdreavus\n|-sidestart|p1: Teres bahji|move: Toxic Spikes\n|\n|-heal|p2a: Forretress|225/263|[from] item: Leftovers\n|upkeep\n|turn|4\n|\n|t:|1725555171\n|switch|p2a: Alcremie|Alcremie-Ruby-Swirl, L90, F|263/263\n|move|p1a: Misdreavus|Will-O-Wisp|p2a: Alcremie\n|-status|p2a: Alcremie|brn\n|\n|-damage|p2a: Alcremie|247/263 brn|[from] brn\n|upkeep\n|turn|5\n|\n|t:|1725555181\n|switch|p1a: Toxtricity|Toxtricity, L82, M|257/257\n|-sideend|p1: Teres bahji|move: Toxic Spikes|[of] p1a: Toxtricity\n|move|p2a: Alcremie|Alluring Voice|p1a: Toxtricity\n|-resisted|p1a: Toxtricity\n|-damage|p1a: Toxtricity|222/257\n|\n|-heal|p2a: Alcremie|263/263 brn|[from] item: Leftovers\n|-damage|p2a: Alcremie|247/263 brn|[from] brn\n|upkeep\n|turn|6\n|\n|t:|1725555187\n|switch|p2a: Iron Thorns|Iron Thorns, L83|302/302\n|move|p1a: Toxtricity|Volt Switch|p2a: Iron Thorns\n|-resisted|p2a: Iron Thorns\n|-damage|p2a: Iron Thorns|276/302\n|\n|t:|1725555194\n|switch|p1a: Meganium|Meganium, L90, F|290/290|[from] Volt Switch\n|\n|upkeep\n|turn|7\n|\n|t:|1725555200\n|-end|p2a: Iron Thorns|Quark Drive|[silent]\n|switch|p2a: Forretress|Forretress, L84, M|225/263\n|move|p1a: Meganium|Swords Dance|p1a: Meganium\n|-boost|p1a: Meganium|atk|2\n|\n|-heal|p2a: Forretress|241/263|[from] item: Leftovers\n|upkeep\n|turn|8\n|\n|t:|1725555205\n|move|p1a: Meganium|Knock Off|p2a: Forretress\n|-damage|p2a: Forretress|111/263\n|-enditem|p2a: Forretress|Leftovers|[from] move: Knock Off|[of] p1a: Meganium\n|-damage|p1a: Meganium|261/290|[from] item: Life Orb\n|move|p2a: Forretress|Stealth Rock|p1a: Meganium\n|-sidestart|p1: Teres bahji|move: Stealth Rock\n|\n|upkeep\n|turn|9\n|\n|t:|1725555215\n|switch|p2a: Slither Wing|Slither Wing, L81|270/270\n|-enditem|p2a: Slither Wing|Booster Energy\n|-activate|p2a: Slither Wing|ability: Protosynthesis|[fromitem]\n|-start|p2a: Slither Wing|protosynthesisatk\n|move|p1a: Meganium|Earthquake|p2a: Slither Wing\n|-resisted|p2a: Slither Wing\n|-damage|p2a: Slither Wing|161/270\n|-damage|p1a: Meganium|232/290|[from] item: Life Orb\n|\n|upkeep\n|turn|10\n|\n|t:|1725555227\n|switch|p1a: Misdreavus|Misdreavus, L90, M|254/254\n|-damage|p1a: Misdreavus|223/254|[from] Stealth Rock\n|move|p2a: Slither Wing|Flame Charge|p1a: Misdreavus\n|-damage|p1a: Misdreavus|173/254\n|-boost|p2a: Slither Wing|spe|1\n|\n|upkeep\n|turn|11\n|\n|t:|1725555233\n|-end|p2a: Slither Wing|Protosynthesis|[silent]\n|switch|p2a: Alcremie|Alcremie-Ruby-Swirl, L90, F|247/263 brn\n|move|p1a: Misdreavus|Will-O-Wisp|p2a: Alcremie\n|-fail|p2a: Alcremie|brn\n|\n|-heal|p2a: Alcremie|263/263 brn|[from] item: Leftovers\n|-damage|p2a: Alcremie|247/263 brn|[from] brn\n|upkeep\n|turn|12\n|\n|t:|1725555252\n|switch|p1a: Florges|Florges-Yellow, L85, F|240/271\n|-damage|p1a: Florges|207/271|[from] Stealth Rock\n|switch|p2a: Iron Thorns|Iron Thorns, L83|276/302\n|\n|-heal|p1a: Florges|223/271|[from] item: Leftovers\n|upkeep\n|turn|13\n|\n|t:|1725555269\n|-terastallize|p1a: Florges|Ground\n|move|p1a: Florges|Tera Blast|p2a: Iron Thorns|[anim] Tera Blast Ground\n|-supereffective|p2a: Iron Thorns\n|-damage|p2a: Iron Thorns|0 fnt\n|faint|p2a: Iron Thorns\n|-end|p2a: Iron Thorns|Quark Drive|[silent]\n|\n|-heal|p1a: Florges|239/271|[from] item: Leftovers\n|upkeep\n|\n|t:|1725555286\n|switch|p2a: Decidueye|Decidueye, L88, F|281/281\n|turn|14\n|\n|t:|1725555295\n|switch|p1a: Avalugg|Avalugg-Hisui, L90, F|317/317\n|move|p2a: Decidueye|Leaf Blade|p1a: Avalugg\n|-supereffective|p1a: Avalugg\n|-damage|p1a: Avalugg|166/317\n|-damage|p2a: Decidueye|253/281|[from] item: Life Orb\n|\n|upkeep\n|turn|15\n|\n|t:|1725555314\n|switch|p2a: Lapras|Lapras, L87, F|368/368\n|move|p1a: Avalugg|Recover|p1a: Avalugg\n|-heal|p1a: Avalugg|317/317\n|\n|upkeep\n|turn|16\n|\n|t:|1725555330\n|move|p2a: Lapras|Sparkling Aria|p1a: Avalugg\n|-supereffective|p1a: Avalugg\n|-ability|p1a: Avalugg|Sturdy\n|-damage|p1a: Avalugg|1/317\n|move|p1a: Avalugg|Stone Edge|p2a: Lapras\n|-supereffective|p2a: Lapras\n|-damage|p2a: Lapras|48/368\n|\n|upkeep\n|turn|17\n|\n|t:|1725555342\n|move|p2a: Lapras|Freeze-Dry|p1a: Avalugg\n|-resisted|p1a: Avalugg\n|-damage|p1a: Avalugg|0 fnt\n|faint|p1a: Avalugg\n|\n|upkeep\n|\n|t:|1725555344\n|switch|p1a: Meganium|Meganium, L90, F|232/290\n|-damage|p1a: Meganium|196/290|[from] Stealth Rock\n|turn|18\n|\n|t:|1725555350\n|switch|p2a: Slither Wing|Slither Wing, L81|161/270\n|move|p1a: Meganium|Petal Blizzard|p2a: Slither Wing\n|-resisted|p2a: Slither Wing\n|-damage|p2a: Slither Wing|86/270\n|-damage|p1a: Meganium|167/290|[from] item: Life Orb\n|\n|upkeep\n|turn|19\n|\n|t:|1725555361\n|switch|p1a: Misdreavus|Misdreavus, L90, M|173/254\n|-damage|p1a: Misdreavus|142/254|[from] Stealth Rock\n|move|p2a: Slither Wing|Flame Charge|p1a: Misdreavus\n|-damage|p1a: Misdreavus|107/254\n|-boost|p2a: Slither Wing|spe|1\n|\n|upkeep\n|turn|20\n|\n|t:|1725555369\n|-end|p2a: Slither Wing|Protosynthesis|[silent]\n|switch|p2a: Alcremie|Alcremie-Ruby-Swirl, L90, F|247/263 brn\n|move|p1a: Misdreavus|Shadow Ball|p2a: Alcremie\n|-damage|p2a: Alcremie|178/263 brn\n|\n|-heal|p2a: Alcremie|194/263 brn|[from] item: Leftovers\n|-damage|p2a: Alcremie|178/263 brn|[from] brn\n|upkeep\n|turn|21\n|\n|t:|1725555379\n|switch|p1a: Toxtricity|Toxtricity, L82, M|222/257\n|-damage|p1a: Toxtricity|190/257|[from] Stealth Rock\n|switch|p2a: Decidueye|Decidueye, L88, F|253/281\n|\n|upkeep\n|turn|22\n|\n|t:|1725555385\n|move|p1a: Toxtricity|Sludge Wave|p2a: Decidueye\n|-damage|p2a: Decidueye|165/281\n|move|p2a: Decidueye|Swords Dance|p2a: Decidueye\n|-boost|p2a: Decidueye|atk|2\n|\n|upkeep\n|turn|23\n|l|\u2606MichaelderBesteVGC\n|inactive|MichaelderBesteVGC disconnected and has a minute to reconnect!\n|player|p2|\n|inactive|MichaelderBesteVGC has 30 seconds to reconnect!\n|inactive|MichaelderBesteVGC has 20 seconds to reconnect!\n|inactive|MichaelderBesteVGC has 15 seconds to reconnect!\n|j|\u2606MichaelderBesteVGC\n|inactive|MichaelderBesteVGC reconnected and has 95 seconds left.\n|player|p2|MichaelderBesteVGC|red|\n|\n|t:|1725555443\n|-terastallize|p2a: Decidueye|Ghost\n|move|p1a: Toxtricity|Sludge Wave|p2a: Decidueye\n|-resisted|p2a: Decidueye\n|-damage|p2a: Decidueye|114/281\n|move|p2a: Decidueye|Swords Dance|p2a: Decidueye\n|-boost|p2a: Decidueye|atk|2\n|\n|upkeep\n|turn|24\n|\n|t:|1725555461\n|switch|p1a: Misdreavus|Misdreavus, L90, M|107/254\n|-damage|p1a: Misdreavus|76/254|[from] Stealth Rock\n|move|p2a: Decidueye|Shadow Sneak|p1a: Misdreavus\n|-supereffective|p1a: Misdreavus\n|-damage|p1a: Misdreavus|0 fnt\n|faint|p1a: Misdreavus\n|-damage|p2a: Decidueye|86/281|[from] item: Life Orb\n|\n|upkeep\n|\n|t:|1725555463\n|switch|p1a: Smeargle|Smeargle, L95, M|258/258\n|-damage|p1a: Smeargle|226/258|[from] Stealth Rock\n|turn|25\n|\n|t:|1725555470\n|move|p1a: Smeargle|Spore|p2a: Decidueye\n|-status|p2a: Decidueye|slp|[from] move: Spore\n|cant|p2a: Decidueye|slp\n|\n|upkeep\n|turn|26\n|\n|t:|1725555475\n|move|p1a: Smeargle|Power Trip|p2a: Decidueye\n|-supereffective|p2a: Decidueye\n|-damage|p2a: Decidueye|64/281 slp\n|-curestatus|p2a: Decidueye|slp|[msg]\n|move|p2a: Decidueye|Leaf Blade|p1a: Smeargle\n|-damage|p1a: Smeargle|0 fnt\n|faint|p1a: Smeargle\n|-damage|p2a: Decidueye|36/281|[from] item: Life Orb\n|\n|upkeep\n|\n|t:|1725555486\n|switch|p1a: Meganium|Meganium, L90, F|167/290\n|-damage|p1a: Meganium|131/290|[from] Stealth Rock\n|turn|27\n|\n|t:|1725555491\n|move|p2a: Decidueye|Shadow Sneak|p1a: Meganium\n|-damage|p1a: Meganium|0 fnt\n|faint|p1a: Meganium\n|-damage|p2a: Decidueye|8/281|[from] item: Life Orb\n|\n|upkeep\n|\n|t:|1725555493\n|switch|p1a: Toxtricity|Toxtricity, L82, M|190/257\n|-damage|p1a: Toxtricity|158/257|[from] Stealth Rock\n|turn|28\n|\n|t:|1725555508\n|move|p2a: Decidueye|Shadow Sneak|p1a: Toxtricity\n|-damage|p1a: Toxtricity|0 fnt\n|faint|p1a: Toxtricity\n|-damage|p2a: Decidueye|0 fnt|[from] item: Life Orb\n|faint|p2a: Decidueye\n|\n|upkeep\n|\n|t:|1725555530\n|switch|p2a: Alcremie|Alcremie-Ruby-Swirl, L90, F|178/263 brn\n|switch|p1a: Florges|Florges-Yellow, L85, F, tera:Ground|239/271\n|-damage|p1a: Florges|223/271|[from] Stealth Rock\n|turn|29\n|\n|t:|1725555534\n|move|p1a: Florges|Calm Mind|p1a: Florges\n|-boost|p1a: Florges|spa|1\n|-boost|p1a: Florges|spd|1\n|move|p2a: Alcremie|Calm Mind|p2a: Alcremie\n|-boost|p2a: Alcremie|spa|1\n|-boost|p2a: Alcremie|spd|1\n|\n|-heal|p1a: Florges|239/271|[from] item: Leftovers\n|-heal|p2a: Alcremie|194/263 brn|[from] item: Leftovers\n|-damage|p2a: Alcremie|178/263 brn|[from] brn\n|upkeep\n|turn|30\n|\n|t:|1725555538\n|move|p1a: Florges|Moonblast|p2a: Alcremie\n|-damage|p2a: Alcremie|93/263 brn\n|-unboost|p2a: Alcremie|spa|1\n|move|p2a: Alcremie|Calm Mind|p2a: Alcremie\n|-boost|p2a: Alcremie|spa|1\n|-boost|p2a: Alcremie|spd|1\n|\n|-heal|p1a: Florges|255/271|[from] item: Leftovers\n|-heal|p2a: Alcremie|109/263 brn|[from] item: Leftovers\n|-damage|p2a: Alcremie|93/263 brn|[from] brn\n|upkeep\n|turn|31\n|\n|t:|1725555544\n|move|p1a: Florges|Calm Mind|p1a: Florges\n|-boost|p1a: Florges|spa|1\n|-boost|p1a: Florges|spd|1\n|move|p2a: Alcremie|Recover|p2a: Alcremie\n|-heal|p2a: Alcremie|225/263 brn\n|\n|-heal|p1a: Florges|271/271|[from] item: Leftovers\n|-heal|p2a: Alcremie|241/263 brn|[from] item: Leftovers\n|-damage|p2a: Alcremie|225/263 brn|[from] brn\n|upkeep\n|turn|32\n|\n|t:|1725555546\n|move|p1a: Florges|Moonblast|p2a: Alcremie\n|-damage|p2a: Alcremie|146/263 brn\n|-unboost|p2a: Alcremie|spa|1\n|move|p2a: Alcremie|Calm Mind|p2a: Alcremie\n|-boost|p2a: Alcremie|spa|1\n|-boost|p2a: Alcremie|spd|1\n|\n|-heal|p2a: Alcremie|162/263 brn|[from] item: Leftovers\n|-damage|p2a: Alcremie|146/263 brn|[from] brn\n|upkeep\n|turn|33\n|\n|t:|1725555550\n|move|p1a: Florges|Moonblast|p2a: Alcremie\n|-damage|p2a: Alcremie|79/263 brn\n|move|p2a: Alcremie|Calm Mind|p2a: Alcremie\n|-boost|p2a: Alcremie|spa|1\n|-boost|p2a: Alcremie|spd|1\n|\n|-heal|p2a: Alcremie|95/263 brn|[from] item: Leftovers\n|-damage|p2a: Alcremie|79/263 brn|[from] brn\n|upkeep\n|turn|34\n|\n|t:|1725555554\n|move|p1a: Florges|Calm Mind|p1a: Florges\n|-boost|p1a: Florges|spa|1\n|-boost|p1a: Florges|spd|1\n|move|p2a: Alcremie|Recover|p2a: Alcremie\n|-heal|p2a: Alcremie|211/263 brn\n|\n|-heal|p2a: Alcremie|227/263 brn|[from] item: Leftovers\n|-damage|p2a: Alcremie|211/263 brn|[from] brn\n|upkeep\n|turn|35\n|\n|t:|1725555560\n|move|p1a: Florges|Moonblast|p2a: Alcremie\n|-damage|p2a: Alcremie|135/263 brn\n|move|p2a: Alcremie|Calm Mind|p2a: Alcremie\n|-boost|p2a: Alcremie|spa|1\n|-boost|p2a: Alcremie|spd|1\n|\n|-heal|p2a: Alcremie|151/263 brn|[from] item: Leftovers\n|-damage|p2a: Alcremie|135/263 brn|[from] brn\n|upkeep\n|turn|36\n|\n|t:|1725555563\n|move|p1a: Florges|Calm Mind|p1a: Florges\n|-boost|p1a: Florges|spa|1\n|-boost|p1a: Florges|spd|1\n|move|p2a: Alcremie|Calm Mind|p2a: Alcremie\n|-boost|p2a: Alcremie|spa|1\n|-boost|p2a: Alcremie|spd|1\n|\n|-heal|p2a: Alcremie|151/263 brn|[from] item: Leftovers\n|-damage|p2a: Alcremie|135/263 brn|[from] brn\n|upkeep\n|turn|37\n|\n|t:|1725555568\n|move|p1a: Florges|Moonblast|p2a: Alcremie\n|-damage|p2a: Alcremie|71/263 brn\n|-unboost|p2a: Alcremie|spa|1\n|move|p2a: Alcremie|Alluring Voice|p1a: Florges\n|-damage|p1a: Florges|210/271\n|\n|-heal|p1a: Florges|226/271|[from] item: Leftovers\n|-heal|p2a: Alcremie|87/263 brn|[from] item: Leftovers\n|-damage|p2a: Alcremie|71/263 brn|[from] brn\n|upkeep\n|turn|38\n|\n|t:|1725555572\n|move|p1a: Florges|Moonblast|p2a: Alcremie\n|-damage|p2a: Alcremie|4/263 brn\n|move|p2a: Alcremie|Recover|p2a: Alcremie\n|-heal|p2a: Alcremie|136/263 brn\n|\n|-heal|p1a: Florges|242/271|[from] item: Leftovers\n|-heal|p2a: Alcremie|152/263 brn|[from] item: Leftovers\n|-damage|p2a: Alcremie|136/263 brn|[from] brn\n|upkeep\n|turn|39\n|\n|t:|1725555576\n|move|p1a: Florges|Moonblast|p2a: Alcremie\n|-damage|p2a: Alcremie|69/263 brn\n|move|p2a: Alcremie|Alluring Voice|p1a: Florges\n|-damage|p1a: Florges|188/271\n|\n|-heal|p1a: Florges|204/271|[from] item: Leftovers\n|-heal|p2a: Alcremie|85/263 brn|[from] item: Leftovers\n|-damage|p2a: Alcremie|69/263 brn|[from] brn\n|upkeep\n|turn|40\n|\n|t:|1725555581\n|move|p1a: Florges|Moonblast|p2a: Alcremie\n|-damage|p2a: Alcremie|5/263 brn\n|-unboost|p2a: Alcremie|spa|1\n|move|p2a: Alcremie|Recover|p2a: Alcremie\n|-heal|p2a: Alcremie|137/263 brn\n|\n|-heal|p1a: Florges|220/271|[from] item: Leftovers\n|-heal|p2a: Alcremie|153/263 brn|[from] item: Leftovers\n|-damage|p2a: Alcremie|137/263 brn|[from] brn\n|upkeep\n|turn|41\n|\n|t:|1725555586\n|move|p1a: Florges|Moonblast|p2a: Alcremie\n|-damage|p2a: Alcremie|77/263 brn\n|move|p2a: Alcremie|Alluring Voice|p1a: Florges\n|-damage|p1a: Florges|174/271\n|\n|-heal|p1a: Florges|190/271|[from] item: Leftovers\n|-heal|p2a: Alcremie|93/263 brn|[from] item: Leftovers\n|-damage|p2a: Alcremie|77/263 brn|[from] brn\n|upkeep\n|turn|42\n|\n|t:|1725555603\n|move|p1a: Florges|Moonblast|p2a: Alcremie\n|-crit|p2a: Alcremie\n|-damage|p2a: Alcremie|0 fnt\n|faint|p2a: Alcremie\n|\n|-heal|p1a: Florges|206/271|[from] item: Leftovers\n|upkeep\n|\n|t:|1725555608\n|switch|p2a: Slither Wing|Slither Wing, L81|86/270\n|turn|43\n|\n|t:|1725555613\n|move|p2a: Slither Wing|Close Combat|p1a: Florges\n|-damage|p1a: Florges|34/271\n|-unboost|p2a: Slither Wing|def|1\n|-unboost|p2a: Slither Wing|spd|1\n|move|p1a: Florges|Moonblast|p2a: Slither Wing\n|-supereffective|p2a: Slither Wing\n|-damage|p2a: Slither Wing|0 fnt\n|faint|p2a: Slither Wing\n|-end|p2a: Slither Wing|Protosynthesis|[silent]\n|\n|-heal|p1a: Florges|50/271|[from] item: Leftovers\n|upkeep\n|-message|MichaelderBesteVGC forfeited.\n|\n|win|Teres bahji\n|raw|Teres bahji's rating: 2461 &rarr; <strong>2482</strong><br />(+21 for winning)\n|raw|MichaelderBesteVGC's rating: 2471 &rarr; <strong>2450</strong><br />(-21 for losing)\n|l|\u2606MichaelderBesteVGC\n|player|p2|\n", "inputlog": ">version 0cf8241dca984da66af486149691a79a2b0e79e7\n>start {\"formatid\":\"gen9randombattle\",\"seed\":[48805,8693,40933,15770],\"rated\":\"Rated battle\"}\n>player p1 {\"name\":\"Teres bahji\",\"avatar\":\"#rbtt7teamrayquazaf\",\"rating\":2461,\"seed\":[59906,49504,49502,45284]}\n>player p2 {\"name\":\"MichaelderBesteVGC\",\"avatar\":\"red\",\"rating\":2471,\"seed\":[65424,13760,36855,28835]}\n>p1 switch 3\n>p2 move sparklingaria\n>p1 move moonblast\n>p2 switch 3\n>p1 switch 6\n>p2 move toxicspikes\n>p1 move willowisp\n>p2 switch 4\n>p1 switch 4\n>p2 move alluringvoice\n>p1 move voltswitch\n>p2 switch 6\n>p1 switch 2\n>p1 move swordsdance\n>p2 switch 4\n>p1 move knockoff\n>p2 move stealthrock\n>p1 move earthquake\n>p2 switch 2\n>p1 switch 4\n>p2 move flamecharge\n>p1 move willowisp\n>p2 switch 6\n>p1 switch 6\n>p2 switch 4\n>p1 move terablast terastallize\n>p2 move stoneedge\n>p2 switch 5\n>p1 switch 3\n>p2 move leafblade\n>p1 move recover\n>p2 switch 3\n>p1 move stoneedge\n>p2 move sparklingaria\n>p1 move stoneedge\n>p2 move freezedry\n>p1 switch 4\n>p1 move petalblizzard\n>p2 switch 6\n>p1 switch 6\n>p2 move flamecharge\n>p1 move shadowball\n>p2 switch 4\n>p1 switch 2\n>p2 switch 3\n>p1 move sludgewave\n>p2 move swordsdance\n>p1 move sludgewave\n>p2 move swordsdance terastallize\n>p1 switch 2\n>p2 move shadowsneak\n>p1 switch 5\n>p1 move spore\n>p2 move leafblade\n>p1 move powertrip\n>p2 move leafblade\n>p1 switch 6\n>p1 move petalblizzard\n>p2 move shadowsneak\n>p1 switch 2\n>p1 move overdrive\n>p2 move shadowsneak\n>p1 switch 3\n>p2 switch 3\n>p1 move calmmind\n>p2 move calmmind\n>p1 move moonblast\n>p2 move calmmind\n>p1 move calmmind\n>p2 move recover\n>p1 move moonblast\n>p2 move calmmind\n>p1 move moonblast\n>p2 move calmmind\n>p1 move calmmind\n>p2 move recover\n>p1 move moonblast\n>p2 move calmmind\n>p1 move calmmind\n>p2 move calmmind\n>p1 move moonblast\n>p2 move alluringvoice\n>p1 move moonblast\n>p2 move recover\n>p1 move moonblast\n>p2 move alluringvoice\n>p1 move moonblast\n>p2 move recover\n>p1 move moonblast\n>p2 move alluringvoice\n>p1 move moonblast\n>p2 move recover\n>p2 switch 4\n>p1 move moonblast\n>p2 move closecombat\n>forcelose p2", "uploadtime": 1725555626, "views": 159, "formatid": "gen9randombattle", "rating": 2450, "private": 0, "password": null}