{"id": "gen9randombattle-2260779771", "format": "[Gen 9] Random Battle", "players": ["ybndev", "mi1kweed"], "log": "|j|\u2606ybndev\n|j|\u2606mi1kweed\n|t:|1733890876\n|gametype|singles\n|player|p1|ybndev|crasherwake|1231\n|player|p2|mi1kweed|pokemonranger-gen4|1214\n|teamsize|p1|6\n|teamsize|p2|6\n|gen|9\n|tier|[Gen 9] Random Battle\n|rated|\n|rule|Species Clause: Limit one of each Pok\u00e9mon\n|rule|HP Percentage Mod: HP is shown in percentages\n|rule|Sleep Clause Mod: Limit one foe put to sleep\n|rule|Illusion Level Mod: Illusion disguises the Pok\u00e9mon's true level\n|\n|t:|1733890876\n|start\n|switch|p1a: Cyclizar|Cyclizar, L83, M|252/252\n|switch|p2a: Chien-Pao|Chien-Pao, L72|234/234\n|-ability|p2a: Chien-Pao|Sword of Ruin\n|turn|1\n|\n|t:|1733890896\n|switch|p1a: Houndoom|Houndoom, L87, M|272/272\n|switch|p2a: Copperajah|Copperajah, L86, M|350/350\n|\n|upkeep\n|turn|2\n|\n|t:|1733890913\n|move|p1a: Houndoom|Nasty Plot|p1a: Houndoom\n|-boost|p1a: Houndoom|spa|2\n|move|p2a: Copperajah|Earthquake|p1a: Houndoom\n|-supereffective|p1a: Houndoom\n|-crit|p1a: Houndoom\n|-damage|p1a: Houndoom|0 fnt\n|faint|p1a: Houndoom\n|\n|upkeep\n|\n|t:|1733890922\n|switch|p1a: Samurott|Samurott-Hisui, L77, F|265/265\n|turn|3\n|\n|t:|1733890930\n|move|p1a: Samurott|Ceaseless Edge|p2a: Copperajah\n|-damage|p2a: Copperajah|197/350\n|-sidestart|p2: mi1kweed|Spikes\n|-damage|p1a: Samurott|239/265|[from] item: Life Orb\n|move|p2a: Copperajah|Earthquake|p1a: Samurott\n|-damage|p1a: Samurott|70/265\n|\n|upkeep\n|turn|4\n|\n|t:|1733890943\n|move|p1a: Samurott|Ceaseless Edge|p2a: Copperajah\n|-damage|p2a: Copperajah|49/350\n|-sidestart|p2: mi1kweed|Spikes\n|-damage|p1a: Samurott|44/265|[from] item: Life Orb\n|move|p2a: Copperajah|Earthquake|p1a: Samurott\n|-damage|p1a: Samurott|0 fnt\n|faint|p1a: Samurott\n|\n|upkeep\n|\n|t:|1733890955\n|switch|p1a: Lunala|Lunala, L70|308/308\n|turn|5\n|\n|t:|1733890965\n|switch|p2a: Hypno|Hypno, L95, F|315/315\n|-damage|p2a: Hypno|263/315|[from] Spikes\n|move|p1a: Lunala|Moongeist Beam|p2a: Hypno\n|-supereffective|p2a: Hypno\n|-damage|p2a: Hypno|107/315\n|\n|-heal|p2a: Hypno|126/315|[from] item: Leftovers\n|upkeep\n|turn|6\n|\n|t:|1733890975\n|move|p2a: Hypno|Knock Off|p1a: Lunala\n|-supereffective|p1a: Lunala\n|-damage|p1a: Lunala|148/308\n|-enditem|p1a: Lunala|Leftovers|[from] move: Knock Off|[of] p2a: Hypno\n|move|p1a: Lunala|Moongeist Beam|p2a: Hypno\n|-supereffective|p2a: Hypno\n|-damage|p2a: Hypno|0 fnt\n|faint|p2a: Hypno\n|\n|upkeep\n|\n|t:|1733890984\n|switch|p2a: Chien-Pao|Chien-Pao, L72|234/234\n|-damage|p2a: Chien-Pao|195/234|[from] Spikes\n|-ability|p2a: Chien-Pao|Sword of Ruin\n|turn|7\n|\n|t:|1733890996\n|move|p2a: Chien-Pao|Icicle Crash|p1a: Lunala\n|-damage|p1a: Lunala|0 fnt\n|faint|p1a: Lunala\n|\n|upkeep\n|\n|t:|1733891000\n|switch|p1a: Cyclizar|Cyclizar, L83, M|252/252\n|turn|8\n|inactive|Battle timer is ON: inactive players will automatically lose when time's up. (requested by mi1kweed)\n|\n|t:|1733891013\n|switch|p2a: Copperajah|Copperajah, L86, M|49/350\n|-damage|p2a: Copperajah|0 fnt|[from] Spikes\n|faint|p2a: Copperajah\n|-terastallize|p1a: Cyclizar|Fairy\n|move|p1a: Cyclizar|Rapid Spin|p2: Copperajah|[notarget]\n|-fail|p1a: Cyclizar\n|\n|upkeep\n|-message|ybndev forfeited.\n|\n|win|mi1kweed\n|raw|ybndev's rating: 1231 &rarr; <strong>1205</strong><br />(-26 for losing)\n|raw|mi1kweed's rating: 1214 &rarr; <strong>1240</strong><br />(+26 for winning)\n|l|\u2606ybndev\n|player|p1|\n", "inputlog": ">version bfd83cad13791eb5a5a409923076391caf6fb4d4\n>start {\"formatid\":\"gen9randombattle\",\"seed\":[9812,61506,35523,1934],\"rated\":\"Rated battle\"}\n>player p1 {\"name\":\"ybndev\",\"avatar\":\"crasherwake\",\"rating\":1231,\"seed\":[14946,54945,51623,3965]}\n>player p2 {\"name\":\"mi1kweed\",\"avatar\":\"pokemonranger-gen4\",\"rating\":1214,\"seed\":[44243,55846,46101,29671]}\n>p1 switch 3\n>p2 switch 6\n>p1 move nastyplot\n>p2 move earthquake\n>p1 switch 2\n>p1 move ceaselessedge\n>p2 move earthquake\n>p1 move ceaselessedge\n>p2 move earthquake\n>p1 switch 6\n>p1 move moongeistbeam\n>p2 switch 3\n>p1 move moongeistbeam\n>p2 move knockoff\n>p2 switch 6\n>p1 move moonlight\n>p2 move iciclecrash\n>p1 switch 3\n>p1 move rapidspin terastallize\n>p2 switch 3\n>forcelose p1", "uploadtime": 1733891025, "views": 11, "formatid": "gen9randombattle", "rating": 1205, "private": 0, "password": null}