{"id": "gen9randombattle-2259983111", "format": "[Gen 9] Random Battle", "players": ["pballgabe13", "emangoat"], "log": "|j|\u2606pballgabe13\n|j|\u2606emangoat\n|t:|1733787341\n|gametype|singles\n|player|p1|pballgabe13|karen|\n|player|p2|emangoat|1|\n|teamsize|p1|6\n|teamsize|p2|6\n|gen|9\n|tier|[Gen 9] Random Battle\n|rule|Species Clause: Limit one of each Pok\u00e9mon\n|rule|HP Percentage Mod: HP is shown in percentages\n|rule|Sleep Clause Mod: Limit one foe put to sleep\n|rule|Illusion Level Mod: Illusion disguises the Pok\u00e9mon's true level\n|\n|t:|1733787341\n|start\n|switch|p1a: Venomoth|Venomoth, L84, F|255/255\n|switch|p2a: Slowking|Slowking, L88, F|310/310\n|turn|1\n|\n|t:|1733787360\n|move|p1a: Venomoth|Sleep Powder|p2a: Slowking\n|-status|p2a: Slowking|slp|[from] move: Sleep Powder\n|cant|p2a: Slowking|slp\n|\n|upkeep\n|turn|2\n|\n|t:|1733787366\n|move|p1a: Venomoth|Quiver Dance|p1a: Venomoth\n|-boost|p1a: Venomoth|spa|1\n|-boost|p1a: Venomoth|spd|1\n|-boost|p1a: Venomoth|spe|1\n|-curestatus|p2a: Slowking|slp|[msg]\n|move|p2a: Slowking|Future Sight|p1a: Venomoth\n|-start|p2a: Slowking|move: Future Sight\n|\n|upkeep\n|turn|3\n|\n|t:|1733787377\n|move|p1a: Venomoth|Quiver Dance|p1a: Venomoth\n|-boost|p1a: Venomoth|spa|1\n|-boost|p1a: Venomoth|spd|1\n|-boost|p1a: Venomoth|spe|1\n|move|p2a: Slowking|Future Sight||[still]\n|-fail|p2a: Slowking\n|\n|upkeep\n|turn|4\n|\n|t:|1733787385\n|-terastallize|p1a: Venomoth|Bug\n|move|p1a: Venomoth|Sleep Powder|p2a: Slowking\n|-status|p2a: Slowking|slp|[from] move: Sleep Powder\n|cant|p2a: Slowking|slp\n|\n|-end|p1a: Venomoth|move: Future Sight\n|-damage|p1a: Venomoth|176/255\n|upkeep\n|turn|5\n|\n|t:|1733787394\n|move|p1a: Venomoth|Quiver Dance|p1a: Venomoth\n|-boost|p1a: Venomoth|spa|1\n|-boost|p1a: Venomoth|spd|1\n|-boost|p1a: Venomoth|spe|1\n|-curestatus|p2a: Slowking|slp|[msg]\n|move|p2a: Slowking|Chilly Reception|p2a: Slowking\n|-weather|Snow\n|\n|t:|1733787410\n|switch|p2a: Bastiodon|Bastiodon, L89, M|252/252|[from] Chilly Reception\n|\n|-weather|Snow|[upkeep]\n|upkeep\n|turn|6\n|\n|t:|1733787418\n|move|p1a: Venomoth|Bug Buzz|p2a: Bastiodon\n|-immune|p2a: Bastiodon|[from] ability: Soundproof\n|move|p2a: Bastiodon|Body Press|p1a: Venomoth\n|-resisted|p1a: Venomoth\n|-damage|p1a: Venomoth|111/255\n|\n|-weather|Snow|[upkeep]\n|upkeep\n|turn|7\n|\n|t:|1733787427\n|move|p1a: Venomoth|Sleep Powder|p2a: Bastiodon\n|-status|p2a: Bastiodon|slp|[from] move: Sleep Powder\n|-enditem|p2a: Bastiodon|Chesto Berry|[eat]\n|-curestatus|p2a: Bastiodon|slp|[msg]\n|move|p2a: Bastiodon|Foul Play|p1a: Venomoth\n|-damage|p1a: Venomoth|60/255\n|\n|-weather|Snow|[upkeep]\n|upkeep\n|turn|8\n|\n|t:|1733787436\n|move|p1a: Venomoth|Sleep Powder|p2a: Bastiodon\n|-status|p2a: Bastiodon|slp|[from] move: Sleep Powder\n|cant|p2a: Bastiodon|slp\n|\n|-weather|Snow|[upkeep]\n|upkeep\n|turn|9\n|\n|t:|1733787447\n|switch|p1a: Gogoat|Gogoat, L88, F|360/360\n|cant|p2a: Bastiodon|slp\n|\n|-weather|none\n|upkeep\n|turn|10\n|\n|t:|1733787454\n|move|p1a: Gogoat|Bulk Up|p1a: Gogoat\n|-boost|p1a: Gogoat|atk|1\n|-boost|p1a: Gogoat|def|1\n|cant|p2a: Bastiodon|slp\n|\n|upkeep\n|turn|11\n|\n|t:|1733787460\n|move|p1a: Gogoat|Bulk Up|p1a: Gogoat\n|-boost|p1a: Gogoat|atk|1\n|-boost|p1a: Gogoat|def|1\n|-curestatus|p2a: Bastiodon|slp|[msg]\n|move|p2a: Bastiodon|Iron Defense|p2a: Bastiodon\n|-boost|p2a: Bastiodon|def|2\n|\n|upkeep\n|turn|12\n|\n|t:|1733787468\n|move|p1a: Gogoat|Horn Leech|p2a: Bastiodon\n|-damage|p2a: Bastiodon|204/252\n|move|p2a: Bastiodon|Iron Defense|p2a: Bastiodon\n|-boost|p2a: Bastiodon|def|2\n|\n|upkeep\n|turn|13\n|\n|t:|1733787475\n|move|p1a: Gogoat|Bulk Up|p1a: Gogoat\n|-boost|p1a: Gogoat|atk|1\n|-boost|p1a: Gogoat|def|1\n|move|p2a: Bastiodon|Foul Play|p1a: Gogoat\n|-damage|p1a: Gogoat|262/360\n|\n|-heal|p1a: Gogoat|284/360|[from] item: Leftovers\n|upkeep\n|turn|14\n|\n|t:|1733787483\n|move|p1a: Gogoat|Bulk Up|p1a: Gogoat\n|-boost|p1a: Gogoat|atk|1\n|-boost|p1a: Gogoat|def|1\n|move|p2a: Bastiodon|Body Press|p1a: Gogoat\n|-damage|p1a: Gogoat|156/360\n|\n|-heal|p1a: Gogoat|178/360|[from] item: Leftovers\n|upkeep\n|turn|15\n|\n|t:|1733787492\n|-terastallize|p2a: Bastiodon|Fighting\n|move|p1a: Gogoat|Milk Drink|p1a: Gogoat\n|-heal|p1a: Gogoat|358/360\n|move|p2a: Bastiodon|Body Press|p1a: Gogoat\n|-damage|p1a: Gogoat|171/360\n|\n|-heal|p1a: Gogoat|193/360|[from] item: Leftovers\n|upkeep\n|turn|16\n|\n|t:|1733787503\n|move|p1a: Gogoat|Bulk Up|p1a: Gogoat\n|-boost|p1a: Gogoat|atk|1\n|-boost|p1a: Gogoat|def|1\n|move|p2a: Bastiodon|Foul Play|p1a: Gogoat\n|-damage|p1a: Gogoat|105/360\n|\n|-heal|p1a: Gogoat|127/360|[from] item: Leftovers\n|upkeep\n|turn|17\n|\n|t:|1733787513\n|move|p1a: Gogoat|Milk Drink|p1a: Gogoat\n|-heal|p1a: Gogoat|307/360\n|move|p2a: Bastiodon|Body Press|p1a: Gogoat\n|-crit|p1a: Gogoat\n|-damage|p1a: Gogoat|0 fnt\n|faint|p1a: Gogoat\n|\n|upkeep\n|\n|t:|1733787521\n|switch|p1a: Floatzel|Floatzel, L85, F|283/283\n|turn|18\n|\n|t:|1733787525\n|move|p1a: Floatzel|Wave Crash|p2a: Bastiodon\n|-damage|p2a: Bastiodon|176/252\n|-damage|p1a: Floatzel|274/283|[from] Recoil\n|move|p2a: Bastiodon|Foul Play|p1a: Floatzel\n|-damage|p1a: Floatzel|176/283\n|\n|-heal|p1a: Floatzel|193/283|[from] item: Leftovers\n|upkeep\n|turn|19\n|\n|t:|1733787537\n|move|p1a: Floatzel|Wave Crash|p2a: Bastiodon\n|-damage|p2a: Bastiodon|151/252\n|-damage|p1a: Floatzel|185/283|[from] Recoil\n|move|p2a: Bastiodon|Body Press|p1a: Floatzel\n|-damage|p1a: Floatzel|0 fnt\n|faint|p1a: Floatzel\n|\n|upkeep\n|\n|t:|1733787548\n|switch|p1a: Mandibuzz|Mandibuzz, L85, F|326/326\n|turn|20\n|\n|t:|1733787562\n|move|p1a: Mandibuzz|Foul Play|p2a: Bastiodon\n|-resisted|p2a: Bastiodon\n|-damage|p2a: Bastiodon|146/252\n|move|p2a: Bastiodon|Body Press|p1a: Mandibuzz\n|-damage|p1a: Mandibuzz|0 fnt\n|faint|p1a: Mandibuzz\n|\n|upkeep\n|\n|t:|1733787572\n|switch|p1a: Slither Wing|Slither Wing, L81|219/219\n|turn|21\n|\n|t:|1733787579\n|move|p1a: Slither Wing|Focus Blast|p2a: Bastiodon\n|-damage|p2a: Bastiodon|65/252\n|-damage|p1a: Slither Wing|198/219|[from] item: Life Orb\n|move|p2a: Bastiodon|Body Press|p1a: Slither Wing\n|-immune|p1a: Slither Wing\n|\n|upkeep\n|turn|22\n|\n|t:|1733787587\n|move|p1a: Slither Wing|Focus Blast|p2a: Bastiodon\n|-damage|p2a: Bastiodon|0 fnt\n|faint|p2a: Bastiodon\n|-damage|p1a: Slither Wing|177/219|[from] item: Life Orb\n|\n|upkeep\n|\n|t:|1733787599\n|switch|p2a: Orthworm|Orthworm, L88, F|266/266\n|turn|23\n|\n|t:|1733787605\n|move|p1a: Slither Wing|Focus Blast|p2a: Orthworm|[miss]\n|-miss|p1a: Slither Wing|p2a: Orthworm\n|move|p2a: Orthworm|Iron Tail|p1a: Slither Wing\n|-damage|p1a: Slither Wing|35/219\n|-unboost|p1a: Slither Wing|def|1\n|replace|p1a: Zoroark|Zoroark-Hisui, L80, M\n|-end|p1a: Zoroark|Illusion\n|-hint|Illusion Level Mod is active, so this Pok\u00e9mon's true level was hidden.\n|\n|upkeep\n|turn|24\n|\n|t:|1733787620\n|move|p1a: Zoroark|Focus Blast|p2a: Orthworm|[miss]\n|-miss|p1a: Zoroark|p2a: Orthworm\n|move|p2a: Orthworm|Iron Tail|p1a: Zoroark|[miss]\n|-miss|p2a: Orthworm|p1a: Zoroark\n|\n|upkeep\n|turn|25\n|\n|t:|1733787631\n|move|p1a: Zoroark|Focus Blast|p2a: Orthworm|[miss]\n|-miss|p1a: Zoroark|p2a: Orthworm\n|move|p2a: Orthworm|Iron Tail|p1a: Zoroark|[miss]\n|-miss|p2a: Orthworm|p1a: Zoroark\n|\n|upkeep\n|turn|26\n|\n|t:|1733787637\n|move|p1a: Zoroark|Focus Blast|p2a: Orthworm\n|-supereffective|p2a: Orthworm\n|-damage|p2a: Orthworm|0 fnt\n|faint|p2a: Orthworm\n|-damage|p1a: Zoroark|14/219|[from] item: Life Orb\n|\n|upkeep\n|\n|t:|1733787645\n|switch|p2a: Virizion|Virizion, L82|283/283\n|turn|27\n|\n|t:|1733787655\n|move|p2a: Virizion|Leaf Blade|p1a: Zoroark\n|-damage|p1a: Zoroark|0 fnt\n|faint|p1a: Zoroark\n|-damage|p2a: Virizion|255/283|[from] item: Life Orb\n|\n|upkeep\n|\n|t:|1733787664\n|switch|p1a: Venomoth|Venomoth, L84, F, tera:Bug|60/255\n|turn|28\n|\n|t:|1733787669\n|move|p2a: Virizion|Close Combat|p1a: Venomoth\n|-resisted|p1a: Venomoth\n|-damage|p1a: Venomoth|0 fnt\n|-unboost|p2a: Virizion|def|1\n|-unboost|p2a: Virizion|spd|1\n|faint|p1a: Venomoth\n|-damage|p2a: Virizion|227/283|[from] item: Life Orb\n|\n|upkeep\n|\n|t:|1733787677\n|switch|p1a: Slither Wing|Slither Wing, L81|270/270\n|turn|29\n|\n|t:|1733787682\n|move|p1a: Slither Wing|U-turn|p2a: Virizion\n|-damage|p2a: Virizion|61/283\n|move|p2a: Virizion|Stone Edge|p1a: Slither Wing\n|-damage|p1a: Slither Wing|178/270\n|-damage|p2a: Virizion|33/283|[from] item: Life Orb\n|\n|upkeep\n|turn|30\n|\n|t:|1733787690\n|move|p1a: Slither Wing|U-turn|p2a: Virizion\n|-damage|p2a: Virizion|0 fnt\n|faint|p2a: Virizion\n|\n|upkeep\n|\n|t:|1733787695\n|switch|p2a: Hatterene|Hatterene, L85, F|236/236\n|turn|31\n|\n|t:|1733787698\n|move|p1a: Slither Wing|U-turn|p2a: Hatterene\n|-damage|p2a: Hatterene|149/236\n|move|p2a: Hatterene|Mystical Fire|p1a: Slither Wing\n|-supereffective|p1a: Slither Wing\n|-damage|p1a: Slither Wing|44/270\n|-unboost|p1a: Slither Wing|spa|1\n|\n|-heal|p2a: Hatterene|163/236|[from] item: Leftovers\n|upkeep\n|turn|32\n|\n|t:|1733787708\n|move|p1a: Slither Wing|U-turn|p2a: Hatterene\n|-damage|p2a: Hatterene|85/236\n|move|p2a: Hatterene|Draining Kiss|p1a: Slither Wing\n|-supereffective|p1a: Slither Wing\n|-damage|p1a: Slither Wing|0 fnt\n|-heal|p2a: Hatterene|118/236|[from] drain|[of] p1a: Slither Wing\n|faint|p1a: Slither Wing\n|-end|p1a: Slither Wing|Protosynthesis|[silent]\n|\n|win|emangoat\n", "inputlog": ">version bfd83cad13791eb5a5a409923076391caf6fb4d4\n>start {\"formatid\":\"gen9randombattle\",\"seed\":[61123,13766,59007,22047]}\n>player p1 {\"name\":\"pballgabe13\",\"avatar\":\"karen\",\"rating\":0,\"seed\":[24904,3614,42505,22748]}\n>player p2 {\"name\":\"emangoat\",\"avatar\":\"1\",\"rating\":0,\"seed\":[55567,62415,63360,10221]}\n>p1 move sleeppowder\n>p2 move futuresight\n>p1 move quiverdance\n>p2 move futuresight\n>p1 move quiverdance\n>p2 move futuresight\n>p1 move sleeppowder terastallize\n>p2 move chillyreception\n>p1 move quiverdance\n>p2 move chillyreception\n>p2 switch 5\n>p1 move bugbuzz\n>p2 move bodypress\n>p1 move sleeppowder\n>p2 move foulplay\n>p1 move sleeppowder\n>p2 move irondefense\n>p1 switch 2\n>p2 move irondefense\n>p1 move bulkup\n>p2 move irondefense\n>p1 move bulkup\n>p2 move irondefense\n>p1 move hornleech\n>p2 move irondefense\n>p1 move bulkup\n>p2 move foulplay\n>p1 move bulkup\n>p2 move bodypress\n>p1 move milkdrink\n>p2 move bodypress terastallize\n>p1 move bulkup\n>p2 move foulplay\n>p1 move milkdrink\n>p2 move bodypress\n>p1 switch 5\n>p1 move wavecrash\n>p2 move foulplay\n>p1 move wavecrash\n>p2 move bodypress\n>p1 switch 4\n>p1 move foulplay\n>p2 move bodypress\n>p1 switch 3\n>p1 move focusblast\n>p2 move bodypress\n>p1 move focusblast\n>p2 move rest\n>p2 switch 4\n>p1 move focusblast\n>p2 move irontail\n>p1 move focusblast\n>p2 move irontail\n>p1 move focusblast\n>p2 move irontail\n>p1 move focusblast\n>p2 move irontail\n>p2 switch 2\n>p1 move willowisp\n>p2 move leafblade\n>p1 switch 2\n>p1 move bugbuzz\n>p2 move closecombat\n>p1 switch 6\n>p1 move uturn\n>p2 move stoneedge\n>p1 move uturn\n>p2 move stoneedge\n>p2 switch 6\n>p1 move uturn\n>p2 move mysticalfire\n>p1 move uturn\n>p2 move drainingkiss", "uploadtime": 1733787718, "views": 2, "formatid": "gen9randombattle", "rating": null, "private": 0, "password": null}