{"id": "gen9randombattle-2260101094", "format": "[Gen 9] Random Battle", "players": ["duuhhao", "Haern23"], "log": "|badge|p2|bronze|gen9randombattle|100-3\n|uhtml|medal-msg|<div class=\"broadcast-blue\">Curious what those medals under the avatar are? PS now has Ladder Seasons! For more information, check out the <a href=\"https://www.smogon.com/forums/threads/3740067/\">thread on Smogon.</a></div>\n|j|\u2606duuhhao\n|j|\u2606Haern23\n|t:|1733802549\n|gametype|singles\n|player|p1|duuhhao|clerk-boss|2284\n|player|p2|Haern23|shadowtriad|2241\n|teamsize|p1|6\n|teamsize|p2|6\n|gen|9\n|tier|[Gen 9] Random Battle\n|rated|\n|rule|Species Clause: Limit one of each Pok\u00e9mon\n|rule|HP Percentage Mod: HP is shown in percentages\n|rule|Sleep Clause Mod: Limit one foe put to sleep\n|rule|Illusion Level Mod: Illusion disguises the Pok\u00e9mon's true level\n|\n|t:|1733802549\n|start\n|switch|p1a: Dondozo|Dondozo, L78, M|362/362\n|switch|p2a: Pawmot|Pawmot, L80, F|243/243\n|turn|1\n|inactive|Battle timer is ON: inactive players will automatically lose when time's up. (requested by Haern23)\n|\n|t:|1733802566\n|switch|p2a: Uxie|Uxie, L83|260/260\n|switch|p1a: Medicham|Medicham, L86, F|243/243\n|\n|upkeep\n|turn|2\n|\n|t:|1733802589\n|switch|p1a: Heatran|Heatran, L79, F|273/273\n|-item|p1a: Heatran|Air Balloon\n|move|p2a: Uxie|Stealth Rock|p1a: Heatran\n|-sidestart|p1: duuhhao|move: Stealth Rock\n|\n|upkeep\n|turn|3\n|\n|t:|1733802596\n|move|p2a: Uxie|Thunder Wave|p1a: Heatran\n|-status|p1a: Heatran|par\n|move|p1a: Heatran|Stealth Rock|p2a: Uxie\n|-sidestart|p2: Haern23|move: Stealth Rock\n|\n|upkeep\n|turn|4\n|\n|t:|1733802611\n|move|p2a: Uxie|U-turn|p1a: Heatran\n|-resisted|p1a: Heatran\n|-damage|p1a: Heatran|264/273 par\n|-enditem|p1a: Heatran|Air Balloon\n|\n|t:|1733802622\n|switch|p2a: Roaring Moon|Roaring Moon, L72|270/270|[from] U-turn\n|-damage|p2a: Roaring Moon|237/270|[from] Stealth Rock\n|move|p1a: Heatran|Lava Plume|p2a: Roaring Moon\n|-resisted|p2a: Roaring Moon\n|-damage|p2a: Roaring Moon|186/270\n|\n|upkeep\n|turn|5\n|\n|t:|1733802633\n|move|p2a: Roaring Moon|Knock Off|p1a: Heatran\n|-damage|p1a: Heatran|164/273 par\n|move|p1a: Heatran|Flash Cannon|p2a: Roaring Moon\n|-damage|p2a: Roaring Moon|83/270\n|-unboost|p2a: Roaring Moon|spd|1\n|\n|upkeep\n|turn|6\n|\n|t:|1733802640\n|move|p2a: Roaring Moon|Knock Off|p1a: Heatran\n|-damage|p1a: Heatran|74/273 par\n|move|p1a: Heatran|Lava Plume|p2a: Roaring Moon\n|-resisted|p2a: Roaring Moon\n|-crit|p2a: Roaring Moon\n|-damage|p2a: Roaring Moon|0 fnt\n|faint|p2a: Roaring Moon\n|-end|p2a: Roaring Moon|Protosynthesis|[silent]\n|\n|upkeep\n|\n|t:|1733802656\n|switch|p2a: Ampharos|Ampharos, L88, M|302/302\n|-damage|p2a: Ampharos|265/302|[from] Stealth Rock\n|turn|7\n|\n|t:|1733802663\n|move|p2a: Ampharos|Volt Switch|p1a: Heatran\n|-damage|p1a: Heatran|0 fnt\n|faint|p1a: Heatran\n|\n|t:|1733802668\n|switch|p2a: Uxie|Uxie, L83|260/260|[from] Volt Switch\n|-damage|p2a: Uxie|228/260|[from] Stealth Rock\n|\n|-heal|p2a: Uxie|244/260|[from] item: Leftovers\n|upkeep\n|\n|t:|1733802672\n|switch|p1a: Chi-Yu|Chi-Yu, L77|211/211\n|-ability|p1a: Chi-Yu|Beads of Ruin\n|turn|8\n|\n|t:|1733802682\n|move|p2a: Uxie|Thunder Wave|p1a: Chi-Yu\n|-status|p1a: Chi-Yu|par\n|move|p1a: Chi-Yu|Dark Pulse|p2a: Uxie\n|-supereffective|p2a: Uxie\n|-damage|p2a: Uxie|58/260\n|\n|-heal|p2a: Uxie|74/260|[from] item: Leftovers\n|upkeep\n|turn|9\n|\n|t:|1733802700\n|move|p2a: Uxie|U-turn|p1a: Chi-Yu\n|-damage|p1a: Chi-Yu|166/211 par\n|\n|t:|1733802702\n|switch|p2a: Haxorus|Haxorus, L77, M|244/244|[from] U-turn\n|-damage|p2a: Haxorus|214/244|[from] Stealth Rock\n|-ability|p2a: Haxorus|Mold Breaker\n|move|p1a: Chi-Yu|Fire Blast|p2a: Haxorus\n|-resisted|p2a: Haxorus\n|-damage|p2a: Haxorus|115/244\n|\n|upkeep\n|turn|10\n|\n|t:|1733802718\n|switch|p1a: Sylveon|Sylveon, L85, F|300/300\n|-damage|p1a: Sylveon|263/300|[from] Stealth Rock\n|move|p2a: Haxorus|Scale Shot|p1a: Sylveon\n|-immune|p1a: Sylveon\n|\n|-heal|p1a: Sylveon|281/300|[from] item: Leftovers\n|upkeep\n|turn|11\n|\n|t:|1733802726\n|move|p2a: Haxorus|Iron Head|p1a: Sylveon\n|-supereffective|p1a: Sylveon\n|-damage|p1a: Sylveon|121/300\n|cant|p1a: Sylveon|flinch\n|\n|-heal|p1a: Sylveon|139/300|[from] item: Leftovers\n|upkeep\n|turn|12\n|\n|t:|1733802733\n|switch|p1a: Dondozo|Dondozo, L78, M|362/362\n|-damage|p1a: Dondozo|317/362|[from] Stealth Rock\n|move|p2a: Haxorus|Iron Head|p1a: Dondozo\n|-resisted|p1a: Dondozo\n|-damage|p1a: Dondozo|289/362\n|\n|-heal|p1a: Dondozo|311/362|[from] item: Leftovers\n|upkeep\n|turn|13\n|\n|t:|1733802741\n|move|p2a: Haxorus|Scale Shot|p1a: Dondozo\n|-damage|p1a: Dondozo|283/362\n|-damage|p1a: Dondozo|255/362\n|-damage|p1a: Dondozo|228/362\n|-damage|p1a: Dondozo|201/362\n|-damage|p1a: Dondozo|170/362\n|-hitcount|p1a: Dondozo|5\n|-unboost|p2a: Haxorus|def|1\n|-boost|p2a: Haxorus|spe|1\n|move|p1a: Dondozo|Wave Crash|p2a: Haxorus\n|-resisted|p2a: Haxorus\n|-damage|p2a: Haxorus|60/244\n|-damage|p1a: Dondozo|152/362|[from] Recoil\n|\n|-heal|p1a: Dondozo|174/362|[from] item: Leftovers\n|upkeep\n|turn|14\n|\n|t:|1733802770\n|switch|p2a: Ampharos|Ampharos, L88, M|265/302\n|-damage|p2a: Ampharos|228/302|[from] Stealth Rock\n|move|p1a: Dondozo|Rest|p1a: Dondozo\n|-status|p1a: Dondozo|slp|[from] move: Rest\n|-heal|p1a: Dondozo|362/362 slp|[silent]\n|\n|upkeep\n|turn|15\n|inactive|duuhhao has 120 seconds left.\n|\n|t:|1733802809\n|switch|p1a: Chi-Yu|Chi-Yu, L77|166/211 par\n|-ability|p1a: Chi-Yu|Beads of Ruin\n|move|p2a: Ampharos|Thunderbolt|p1a: Chi-Yu\n|-damage|p1a: Chi-Yu|4/211 par\n|\n|upkeep\n|turn|16\n|inactive|duuhhao has 120 seconds left.\n|\n|t:|1733802817\n|move|p2a: Ampharos|Thunderbolt|p1a: Chi-Yu\n|-damage|p1a: Chi-Yu|0 fnt\n|faint|p1a: Chi-Yu\n|\n|upkeep\n|inactive|duuhhao has 120 seconds left.\n|\n|t:|1733802826\n|switch|p1a: Medicham|Medicham, L86, F|243/243\n|-damage|p1a: Medicham|228/243|[from] Stealth Rock\n|turn|17\n|\n|t:|1733802834\n|switch|p2a: Haxorus|Haxorus, L77, M|60/244\n|-damage|p2a: Haxorus|30/244|[from] Stealth Rock\n|-ability|p2a: Haxorus|Mold Breaker\n|-terastallize|p1a: Medicham|Fighting\n|move|p1a: Medicham|Close Combat|p2a: Haxorus\n|-damage|p2a: Haxorus|0 fnt\n|-unboost|p1a: Medicham|def|1\n|-unboost|p1a: Medicham|spd|1\n|faint|p2a: Haxorus\n|\n|upkeep\n|\n|t:|1733802847\n|switch|p2a: Flutter Mane|Flutter Mane, L74|203/203\n|-damage|p2a: Flutter Mane|178/203|[from] Stealth Rock\n|turn|18\n|\n|t:|1733802860\n|switch|p1a: Sylveon|Sylveon, L85, F|139/300\n|-damage|p1a: Sylveon|102/300|[from] Stealth Rock\n|move|p2a: Flutter Mane|Moonblast|p1a: Sylveon\n|-damage|p1a: Sylveon|0 fnt\n|faint|p1a: Sylveon\n|-damage|p2a: Flutter Mane|158/203|[from] item: Life Orb\n|\n|upkeep\n|\n|t:|1733802865\n|switch|p1a: Medicham|Medicham, L86, F, tera:Fighting|228/243\n|-damage|p1a: Medicham|213/243|[from] Stealth Rock\n|turn|19\n|\n|t:|1733802874\n|-end|p2a: Flutter Mane|Protosynthesis|[silent]\n|switch|p2a: Uxie|Uxie, L83|74/260\n|-damage|p2a: Uxie|42/260|[from] Stealth Rock\n|move|p1a: Medicham|Zen Headbutt|p2a: Uxie\n|-resisted|p2a: Uxie\n|-damage|p2a: Uxie|0 fnt\n|faint|p2a: Uxie\n|\n|upkeep\n|\n|t:|1733802889\n|switch|p2a: Ampharos|Ampharos, L88, M|228/302\n|-damage|p2a: Ampharos|191/302|[from] Stealth Rock\n|turn|20\n|\n|t:|1733802894\n|switch|p1a: Dondozo|Dondozo, L78, M|362/362 slp\n|-damage|p1a: Dondozo|317/362 slp|[from] Stealth Rock\n|move|p2a: Ampharos|Thunderbolt|p1a: Dondozo\n|-supereffective|p1a: Dondozo\n|-damage|p1a: Dondozo|0 fnt\n|faint|p1a: Dondozo\n|\n|upkeep\n|\n|t:|1733802901\n|switch|p1a: Stonjourner|Stonjourner, L91, F|330/330\n|-damage|p1a: Stonjourner|289/330|[from] Stealth Rock\n|turn|21\n|\n|t:|1733802915\n|move|p1a: Stonjourner|Earthquake|p2a: Ampharos\n|-supereffective|p2a: Ampharos\n|-damage|p2a: Ampharos|0 fnt\n|faint|p2a: Ampharos\n|-damage|p1a: Stonjourner|256/330|[from] item: Life Orb\n|\n|upkeep\n|inactive|Haern23 has 120 seconds left.\n|\n|t:|1733802941\n|switch|p2a: Flutter Mane|Flutter Mane, L74|158/203\n|-damage|p2a: Flutter Mane|133/203|[from] Stealth Rock\n|turn|22\n|\n|t:|1733802947\n|move|p2a: Flutter Mane|Moonblast|p1a: Stonjourner\n|-damage|p1a: Stonjourner|0 fnt\n|faint|p1a: Stonjourner\n|-damage|p2a: Flutter Mane|113/203|[from] item: Life Orb\n|\n|upkeep\n|\n|t:|1733802949\n|switch|p1a: Medicham|Medicham, L86, F, tera:Fighting|213/243\n|-damage|p1a: Medicham|198/243|[from] Stealth Rock\n|turn|23\n|\n|t:|1733802955\n|move|p1a: Medicham|Zen Headbutt|p2a: Flutter Mane\n|-damage|p2a: Flutter Mane|0 fnt\n|faint|p2a: Flutter Mane\n|-end|p2a: Flutter Mane|Protosynthesis|[silent]\n|\n|upkeep\n|\n|t:|1733802963\n|switch|p2a: Pawmot|Pawmot, L80, F|243/243\n|-damage|p2a: Pawmot|228/243|[from] Stealth Rock\n|turn|24\n|\n|t:|1733802969\n|-terastallize|p2a: Pawmot|Electric\n|move|p1a: Medicham|Zen Headbutt|p2a: Pawmot\n|-damage|p2a: Pawmot|65/243\n|move|p2a: Pawmot|Revival Blessing|p2a: Pawmot\n|\n|t:|1733802974\n|-heal|p2: Roaring Moon|135/270|[from] move: Revival Blessing\n|\n|upkeep\n|turn|25\n|-message|duuhhao forfeited.\n|\n|win|Haern23\n|raw|duuhhao's rating: 2284 &rarr; <strong>2262</strong><br />(-22 for losing)\n|raw|Haern23's rating: 2241 &rarr; <strong>2263</strong><br />(+22 for winning)\n", "inputlog": ">version bfd83cad13791eb5a5a409923076391caf6fb4d4\n>start {\"formatid\":\"gen9randombattle\",\"seed\":[45243,32543,11094,56481],\"rated\":\"Rated battle\"}\n>player p1 {\"name\":\"duuhhao\",\"avatar\":\"clerk-boss\",\"rating\":2284,\"seed\":[62144,17065,30237,11629]}\n>player p2 {\"name\":\"Haern23\",\"avatar\":\"shadowtriad\",\"rating\":2241,\"seed\":[53943,20800,6793,13363]}\n>p1 switch 4\n>p2 switch 2\n>p1 switch 3\n>p2 move stealthrock\n>p1 move stealthrock\n>p2 move thunderwave\n>p1 move lavaplume\n>p2 move uturn\n>p2 switch 6\n>p1 move flashcannon\n>p2 move knockoff\n>p1 move lavaplume\n>p2 move knockoff\n>p2 switch 4\n>p1 move lavaplume\n>p2 move voltswitch\n>p2 switch 6\n>p1 switch 2\n>p1 move darkpulse\n>p2 move thunderwave\n>p1 move fireblast\n>p2 move uturn\n>p2 switch 5\n>p1 switch 6\n>p2 move scaleshot\n>p1 move hypervoice\n>p2 move ironhead\n>p1 switch 4\n>p2 move ironhead\n>p1 move wavecrash\n>p2 move scaleshot\n>p1 move rest\n>p2 switch 6\n>p1 switch 6\n>p2 move thunderbolt\n>p1 move darkpulse\n>p2 move thunderbolt\n>p1 switch 3\n>p1 move closecombat terastallize\n>p2 switch 6\n>p2 switch 3\n>p1 switch 4\n>p2 move moonblast\n>p1 switch 4\n>p1 move zenheadbutt\n>p2 switch 5\n>p2 switch 6\n>p1 switch 6\n>p2 move thunderbolt\n>p1 switch 5\n>p1 move earthquake\n>p2 move thunderbolt\n>p2 switch 5\n>p1 move rockpolish\n>p2 move moonblast\n>p1 switch 6\n>p1 move zenheadbutt\n>p2 move moonblast\n>p2 switch 2\n>p1 move zenheadbutt\n>p2 move revivalblessing terastallize\n>p2 switch 4\n>forcelose p1", "uploadtime": 1733802980, "views": 17, "formatid": "gen9randombattle", "rating": 2262, "private": 0, "password": null}