{"id": "gen9randombattle-2260807126", "format": "[Gen 9] Random Battle", "players": ["Surfninja02", "Trainer Taki"], "log": "|j|\u2606Surfninja02\n|j|\u2606Trainer Taki\n|t:|1733895489\n|gametype|singles\n|player|p1|Surfninja02|lusamine-nihilego|1510\n|player|p2|Trainer Taki|266|1520\n|teamsize|p1|6\n|teamsize|p2|6\n|gen|9\n|tier|[Gen 9] Random Battle\n|rated|\n|rule|Species Clause: Limit one of each Pok\u00e9mon\n|rule|HP Percentage Mod: HP is shown in percentages\n|rule|Sleep Clause Mod: Limit one foe put to sleep\n|rule|Illusion Level Mod: Illusion disguises the Pok\u00e9mon's true level\n|\n|t:|1733895489\n|start\n|switch|p1a: Kingambit|Kingambit, L74, F|270/270\n|switch|p2a: Excadrill|Excadrill, L79, F|303/303\n|-ability|p2a: Excadrill|Mold Breaker\n|turn|1\n|inactive|Battle timer is ON: inactive players will automatically lose when time's up. (requested by Trainer Taki)\n|inactive|Trainer Taki has 120 seconds left.\n|\n|t:|1733895522\n|-end|p1a: Kingambit|fallenundefined|[silent]\n|switch|p1a: Corviknight|Corviknight, L80, F|288/288\n|move|p2a: Excadrill|Earthquake|p1a: Corviknight\n|-immune|p1a: Corviknight\n|\n|upkeep\n|turn|2\n|\n|t:|1733895540\n|switch|p2a: Armarouge|Armarouge, L80, F|267/267\n|move|p1a: Corviknight|Body Press|p2a: Armarouge\n|-resisted|p2a: Armarouge\n|-damage|p2a: Armarouge|243/267\n|-ability|p2a: Armarouge|Weak Armor|boost\n|-unboost|p2a: Armarouge|def|1\n|-boost|p2a: Armarouge|spe|2\n|\n|upkeep\n|turn|3\n|\n|t:|1733895558\n|switch|p1a: Rotom|Rotom-Heat, L83|219/219\n|move|p2a: Armarouge|Armor Cannon|p1a: Rotom\n|-resisted|p1a: Rotom\n|-damage|p1a: Rotom|126/219\n|-unboost|p2a: Armarouge|def|1\n|-unboost|p2a: Armarouge|spd|1\n|\n|upkeep\n|turn|4\n|inactive|Trainer Taki has 120 seconds left.\n|inactive|Surfninja02 has 120 seconds left.\n|inactive|Trainer Taki has 90 seconds left.\n|\n|t:|1733895613\n|switch|p2a: Miraidon|Miraidon, L65|238/238\n|-fieldstart|move: Electric Terrain|[from] ability: Hadron Engine|[of] p2a: Miraidon\n|switch|p1a: Hoopa|Hoopa, L85|275/275\n|\n|upkeep\n|turn|5\n|inactive|Surfninja02 has 120 seconds left.\n|inactive|Trainer Taki has 90 seconds left.\n|\n|t:|1733895649\n|move|p1a: Hoopa|Trick|p2a: Miraidon\n|-activate|p1a: Hoopa|move: Trick|[of] p2a: Miraidon\n|-item|p2a: Miraidon|Choice Scarf|[from] move: Trick\n|-item|p1a: Hoopa|Leftovers|[from] move: Trick\n|move|p2a: Miraidon|Electro Drift|p1a: Hoopa\n|-damage|p1a: Hoopa|164/275\n|\n|-heal|p1a: Hoopa|181/275|[from] item: Leftovers\n|upkeep\n|turn|6\n|inactive|Trainer Taki has 60 seconds left.\n|\n|t:|1733895667\n|move|p2a: Miraidon|Electro Drift|p1a: Hoopa\n|-damage|p1a: Hoopa|72/275\n|move|p1a: Hoopa|Shadow Ball|p2a: Miraidon\n|-damage|p2a: Miraidon|96/238\n|-unboost|p2a: Miraidon|spd|1\n|\n|-heal|p1a: Hoopa|89/275|[from] item: Leftovers\n|upkeep\n|turn|7\n|inactive|Surfninja02 has 90 seconds left.\n|\n|t:|1733895705\n|switch|p1a: Kingambit|Kingambit, L74, F|270/270\n|move|p2a: Miraidon|Electro Drift|p1a: Kingambit\n|-damage|p1a: Kingambit|92/270\n|\n|-heal|p1a: Kingambit|108/270|[from] item: Leftovers\n|upkeep\n|turn|8\n|\n|t:|1733895714\n|move|p1a: Kingambit|Sucker Punch|p2a: Miraidon\n|-damage|p2a: Miraidon|12/238\n|move|p2a: Miraidon|Electro Drift|p1a: Kingambit\n|-crit|p1a: Kingambit\n|-damage|p1a: Kingambit|0 fnt\n|faint|p1a: Kingambit\n|-end|p1a: Kingambit|fallenundefined|[silent]\n|\n|-fieldend|move: Electric Terrain\n|upkeep\n|\n|t:|1733895733\n|switch|p1a: Crabominable|Crabominable, L90, F|321/321\n|turn|9\n|\n|t:|1733895739\n|switch|p2a: Armarouge|Armarouge, L80, F|243/267\n|move|p1a: Crabominable|Knock Off|p2a: Armarouge\n|-supereffective|p2a: Armarouge\n|-damage|p2a: Armarouge|33/267\n|-ability|p2a: Armarouge|Weak Armor|boost\n|-unboost|p2a: Armarouge|def|1\n|-boost|p2a: Armarouge|spe|2\n|-enditem|p2a: Armarouge|Choice Specs|[from] move: Knock Off|[of] p1a: Crabominable\n|\n|upkeep\n|turn|10\n|\n|t:|1733895756\n|-terastallize|p1a: Crabominable|Ground\n|move|p2a: Armarouge|Armor Cannon|p1a: Crabominable\n|-damage|p1a: Crabominable|221/321\n|-unboost|p2a: Armarouge|def|1\n|-unboost|p2a: Armarouge|spd|1\n|move|p1a: Crabominable|Knock Off|p2a: Armarouge\n|-supereffective|p2a: Armarouge\n|-damage|p2a: Armarouge|0 fnt\n|faint|p2a: Armarouge\n|\n|upkeep\n|inactive|Trainer Taki has 60 seconds left.\n|\n|t:|1733895798\n|switch|p2a: Cryogonal|Cryogonal, L89|287/287\n|turn|11\n|\n|t:|1733895803\n|move|p2a: Cryogonal|Freeze-Dry|p1a: Crabominable\n|-supereffective|p1a: Crabominable\n|-damage|p1a: Crabominable|101/321\n|move|p1a: Crabominable|Drain Punch|p2a: Cryogonal\n|-supereffective|p2a: Cryogonal\n|-damage|p2a: Cryogonal|0 fnt\n|-heal|p1a: Crabominable|245/321|[from] drain|[of] p2a: Cryogonal\n|faint|p2a: Cryogonal\n|\n|upkeep\n|\n|t:|1733895811\n|switch|p2a: Miraidon|Miraidon, L65|12/238\n|-fieldstart|move: Electric Terrain|[from] ability: Hadron Engine|[of] p2a: Miraidon\n|turn|12\n|\n|t:|1733895818\n|move|p2a: Miraidon|Draco Meteor|p1a: Crabominable\n|-damage|p1a: Crabominable|139/321\n|-unboost|p2a: Miraidon|spa|2\n|move|p1a: Crabominable|Drain Punch|p2a: Miraidon\n|-damage|p2a: Miraidon|0 fnt\n|-heal|p1a: Crabominable|145/321|[from] drain|[of] p2a: Miraidon\n|faint|p2a: Miraidon\n|\n|upkeep\n|inactive|Trainer Taki has 30 seconds left.\n|inactive|Trainer Taki has 20 seconds left.\n|\n|t:|1733895859\n|switch|p2a: Appletun|Appletun, L92, F|352/352\n|turn|13\n|inactive|Trainer Taki has 30 seconds left this turn.\n|inactive|Trainer Taki has 20 seconds left.\n|inactive|Trainer Taki has 15 seconds left.\n|\n|t:|1733895874\n|-terastallize|p2a: Appletun|Steel\n|move|p1a: Crabominable|Ice Hammer|p2a: Appletun\n|-resisted|p2a: Appletun\n|-damage|p2a: Appletun|309/352\n|-unboost|p1a: Crabominable|spe|1\n|move|p2a: Appletun|Apple Acid|p1a: Crabominable\n|-supereffective|p1a: Crabominable\n|-damage|p1a: Crabominable|0 fnt\n|faint|p1a: Crabominable\n|\n|-heal|p2a: Appletun|331/352|[from] item: Leftovers\n|upkeep\n|inactive|Trainer Taki has 20 seconds left this turn.\n|\n|t:|1733895883\n|switch|p1a: Gallade|Gallade, L81, M|243/243\n|turn|14\n|inactive|Trainer Taki has 30 seconds left this turn.\n|inactive|Surfninja02 has 120 seconds left.\n|\n|t:|1733895891\n|move|p1a: Gallade|Sacred Sword|p2a: Appletun\n|-supereffective|p2a: Appletun\n|-damage|p2a: Appletun|0 fnt\n|faint|p2a: Appletun\n|\n|upkeep\n|inactive|Trainer Taki has 30 seconds left this turn.\n|\n|t:|1733895897\n|switch|p2a: Smeargle|Smeargle, L95, F|258/258\n|turn|15\n|c|\u2606Surfninja02|gg\n|inactive|Trainer Taki has 30 seconds left.\n|\n|t:|1733895907\n|move|p1a: Gallade|Sacred Sword|p2a: Smeargle\n|-supereffective|p2a: Smeargle\n|-enditem|p2a: Smeargle|Focus Sash\n|-damage|p2a: Smeargle|1/258\n|move|p2a: Smeargle|Spore|p1a: Gallade\n|-activate|p1a: Gallade|move: Electric Terrain\n|\n|upkeep\n|turn|16\n|\n|t:|1733895918\n|move|p1a: Gallade|Sacred Sword|p2a: Smeargle\n|-supereffective|p2a: Smeargle\n|-damage|p2a: Smeargle|0 fnt\n|faint|p2a: Smeargle\n|\n|-fieldend|move: Electric Terrain\n|upkeep\n|\n|t:|1733895923\n|switch|p2a: Excadrill|Excadrill, L79, F|303/303\n|-ability|p2a: Excadrill|Mold Breaker\n|turn|17\n|c|\u2606Surfninja02|sabotaged by your own pokemon\n|\n|t:|1733895929\n|move|p1a: Gallade|Sacred Sword|p2a: Excadrill\n|-supereffective|p2a: Excadrill\n|-damage|p2a: Excadrill|0 fnt\n|faint|p2a: Excadrill\n|\n|win|Surfninja02\n|raw|Surfninja02's rating: 1510 &rarr; <strong>1531</strong><br />(+21 for winning)\n|raw|Trainer Taki's rating: 1520 &rarr; <strong>1499</strong><br />(-21 for losing)\n|c|\u2606Surfninja02|so sad\n|l|\u2606Trainer Taki\n|player|p2|\n", "inputlog": ">version bfd83cad13791eb5a5a409923076391caf6fb4d4\n>start {\"formatid\":\"gen9randombattle\",\"seed\":[24887,60677,3306,1716],\"rated\":\"Rated battle\"}\n>player p1 {\"name\":\"Surfninja02\",\"avatar\":\"lusamine-nihilego\",\"rating\":1510,\"seed\":[65096,57144,17358,59589]}\n>player p2 {\"name\":\"Trainer Taki\",\"avatar\":\"266\",\"rating\":1520,\"seed\":[35396,65410,36660,24677]}\n>p1 switch 3\n>p2 move earthquake\n>p1 move bodypress\n>p2 switch 4\n>p1 switch 6\n>p2 move armorcannon\n>p1 switch 4\n>p2 switch 2\n>p1 move trick\n>p2 move electrodrift\n>p1 move shadowball\n>p2 move electrodrift\n>p1 switch 3\n>p2 move electrodrift\n>p1 move suckerpunch\n>p2 move electrodrift\n>p1 switch 5\n>p1 move knockoff\n>p2 switch 2\n>p1 move knockoff terastallize\n>p2 move armorcannon\n>p2 switch 3\n>p1 move drainpunch\n>p2 move freezedry\n>p2 switch 2\n>p1 move drainpunch\n>p2 move dracometeor\n>p2 switch 5\n>p1 move icehammer\n>p2 move appleacid terastallize\n>p1 switch 2\n>p1 move sacredsword\n>p2 move leechseed\n>p2 switch 6\n>chat \u2606Surfninja02|gg\n>p1 move sacredsword\n>p2 move spore\n>p1 move sacredsword\n>p2 move ceaselessedge\n>p2 switch 4\n>chat \u2606Surfninja02|sabotaged by your own pokemon\n>p1 move sacredsword\n>p2 move earthquake", "uploadtime": 1733895935, "views": 2, "formatid": "gen9randombattle", "rating": 1499, "private": 0, "password": null}