{"id": "gen9randombattle-2259987289", "format": "[Gen 9] Random Battle", "players": ["seepiso", "Weeket"], "log": "|j|\u2606seepiso\n|j|\u2606Weeket\n|t:|1733787862\n|gametype|singles\n|player|p1|seepiso|pokemonbreederf-gen4|1546\n|player|p2|Weeket|rosa|1542\n|teamsize|p1|6\n|teamsize|p2|6\n|gen|9\n|tier|[Gen 9] Random Battle\n|rated|\n|rule|Species Clause: Limit one of each Pok\u00e9mon\n|rule|HP Percentage Mod: HP is shown in percentages\n|rule|Sleep Clause Mod: Limit one foe put to sleep\n|rule|Illusion Level Mod: Illusion disguises the Pok\u00e9mon's true level\n|\n|t:|1733787862\n|start\n|switch|p1a: Camerupt|Camerupt, L91, M|275/275\n|switch|p2a: Probopass|Probopass, L92, F|260/260\n|turn|1\n|inactive|Battle timer is ON: inactive players will automatically lose when time's up. (requested by Weeket)\n|inactive|seepiso has 120 seconds left.\n|\n|t:|1733787897\n|switch|p2a: Walking Wake|Walking Wake, L79|286/286\n|move|p1a: Camerupt|Earthquake|p2a: Walking Wake\n|-damage|p2a: Walking Wake|159/286\n|\n|upkeep\n|turn|2\n|\n|t:|1733787920\n|switch|p1a: Kingdra|Kingdra, L84, F|263/263\n|move|p2a: Walking Wake|Flip Turn|p1a: Kingdra\n|-resisted|p1a: Kingdra\n|-damage|p1a: Kingdra|253/263\n|\n|t:|1733787933\n|-end|p2a: Walking Wake|Protosynthesis|[silent]\n|switch|p2a: Mabosstiff|Mabosstiff, L86, M|278/278|[from] Flip Turn\n|\n|upkeep\n|turn|3\n|\n|t:|1733787958\n|switch|p1a: Granbull|Granbull, L88, M|302/302\n|-ability|p1a: Granbull|Intimidate|boost\n|-unboost|p2a: Mabosstiff|atk|1\n|move|p2a: Mabosstiff|Play Rough|p1a: Granbull\n|-damage|p1a: Granbull|138/302\n|\n|-heal|p1a: Granbull|156/302|[from] item: Leftovers\n|upkeep\n|turn|4\n|\n|t:|1733787975\n|switch|p2a: Probopass|Probopass, L92, F|260/260\n|move|p1a: Granbull|Thunder Wave|p2a: Probopass\n|-status|p2a: Probopass|par\n|\n|-heal|p1a: Granbull|174/302|[from] item: Leftovers\n|upkeep\n|turn|5\n|\n|t:|1733787990\n|switch|p1a: Camerupt|Camerupt, L91, M|275/275\n|move|p2a: Probopass|Iron Defense|p2a: Probopass\n|-boost|p2a: Probopass|def|2\n|\n|upkeep\n|turn|6\n|\n|t:|1733787997\n|-terastallize|p2a: Probopass|Fighting\n|move|p2a: Probopass|Rest|p2a: Probopass\n|-fail|p2a: Probopass|heal\n|move|p1a: Camerupt|Roar|p2a: Probopass\n|drag|p2a: Darkrai|Darkrai, L77|234/234\n|\n|upkeep\n|turn|7\n|\n|t:|1733788006\n|move|p2a: Darkrai|Nasty Plot|p2a: Darkrai\n|-boost|p2a: Darkrai|spa|2\n|move|p1a: Camerupt|Stealth Rock|p2a: Darkrai\n|-sidestart|p2: Weeket|move: Stealth Rock\n|\n|upkeep\n|turn|8\n|\n|t:|1733788014\n|move|p2a: Darkrai|Sludge Bomb|p1a: Camerupt\n|-resisted|p1a: Camerupt\n|-crit|p1a: Camerupt\n|-damage|p1a: Camerupt|166/275\n|-status|p1a: Camerupt|psn\n|move|p1a: Camerupt|Roar|p2a: Darkrai\n|drag|p2a: Camerupt|Camerupt, L91, M|275/275\n|-damage|p2a: Camerupt|241/275|[from] Stealth Rock\n|\n|-heal|p2a: Camerupt|258/275|[from] item: Leftovers\n|-heal|p1a: Camerupt|183/275 psn|[from] item: Leftovers\n|-damage|p1a: Camerupt|149/275 psn|[from] psn\n|upkeep\n|turn|9\n|\n|t:|1733788022\n|move|p2a: Camerupt|Earthquake|p1a: Camerupt\n|-supereffective|p1a: Camerupt\n|-damage|p1a: Camerupt|0 fnt\n|faint|p1a: Camerupt\n|\n|-heal|p2a: Camerupt|275/275|[from] item: Leftovers\n|upkeep\n|\n|t:|1733788026\n|switch|p1a: Kingdra|Kingdra, L84, F|253/263\n|turn|10\n|\n|t:|1733788033\n|move|p1a: Kingdra|Dragon Dance|p1a: Kingdra\n|-boost|p1a: Kingdra|atk|1\n|-boost|p1a: Kingdra|spe|1\n|move|p2a: Camerupt|Stealth Rock|p1a: Kingdra\n|-sidestart|p1: seepiso|move: Stealth Rock\n|\n|upkeep\n|turn|11\n|\n|t:|1733788037\n|move|p1a: Kingdra|Dragon Dance|p1a: Kingdra\n|-boost|p1a: Kingdra|atk|1\n|-boost|p1a: Kingdra|spe|1\n|move|p2a: Camerupt|Roar|p1a: Kingdra\n|drag|p1a: Granbull|Granbull, L88, M|174/302\n|-damage|p1a: Granbull|137/302|[from] Stealth Rock\n|-ability|p1a: Granbull|Intimidate|boost\n|-unboost|p2a: Camerupt|atk|1\n|\n|-heal|p1a: Granbull|155/302|[from] item: Leftovers\n|upkeep\n|turn|12\n|\n|t:|1733788047\n|move|p1a: Granbull|Earthquake|p2a: Camerupt\n|-supereffective|p2a: Camerupt\n|-damage|p2a: Camerupt|116/275\n|move|p2a: Camerupt|Overheat|p1a: Granbull\n|-damage|p1a: Granbull|0 fnt\n|-unboost|p2a: Camerupt|spa|2\n|faint|p1a: Granbull\n|\n|-heal|p2a: Camerupt|133/275|[from] item: Leftovers\n|upkeep\n|\n|t:|1733788055\n|switch|p1a: Spectrier|Spectrier, L75|274/274\n|-damage|p1a: Spectrier|240/274|[from] Stealth Rock\n|turn|13\n|\n|t:|1733788067\n|move|p1a: Spectrier|Shadow Ball|p2a: Camerupt\n|-damage|p2a: Camerupt|12/275\n|-unboost|p2a: Camerupt|spd|1\n|-damage|p1a: Spectrier|213/274|[from] item: Life Orb\n|move|p2a: Camerupt|Roar|p1a: Spectrier\n|drag|p1a: Kingdra|Kingdra, L84, F|253/263\n|-damage|p1a: Kingdra|221/263|[from] Stealth Rock\n|\n|-heal|p2a: Camerupt|29/275|[from] item: Leftovers\n|upkeep\n|turn|14\n|\n|t:|1733788084\n|switch|p2a: Oricorio|Oricorio, L84, F|263/263\n|move|p1a: Kingdra|Wave Crash|p2a: Oricorio\n|-supereffective|p2a: Oricorio\n|-damage|p2a: Oricorio|0 fnt\n|faint|p2a: Oricorio\n|-damage|p1a: Kingdra|134/263|[from] Recoil\n|\n|upkeep\n|\n|t:|1733788091\n|switch|p2a: Mabosstiff|Mabosstiff, L86, M|278/278\n|-damage|p2a: Mabosstiff|244/278|[from] Stealth Rock\n|turn|15\n|\n|t:|1733788098\n|move|p2a: Mabosstiff|Wild Charge|p1a: Kingdra\n|-damage|p1a: Kingdra|22/263\n|-damage|p2a: Mabosstiff|216/278|[from] Recoil\n|move|p1a: Kingdra|Wave Crash|p2a: Mabosstiff\n|-damage|p2a: Mabosstiff|105/278\n|-damage|p1a: Kingdra|0 fnt|[from] Recoil\n|faint|p1a: Kingdra\n|\n|upkeep\n|\n|t:|1733788114\n|switch|p1a: Sunflora|Sunflora, F|312/312\n|-damage|p1a: Sunflora|273/312|[from] Stealth Rock\n|turn|16\n|\n|t:|1733788130\n|move|p2a: Mabosstiff|Wild Charge|p1a: Sunflora\n|-resisted|p1a: Sunflora\n|-damage|p1a: Sunflora|203/312\n|-damage|p2a: Mabosstiff|87/278|[from] Recoil\n|move|p1a: Sunflora|Sunny Day|p1a: Sunflora\n|-weather|SunnyDay\n|\n|-weather|SunnyDay|[upkeep]\n|upkeep\n|turn|17\n|\n|t:|1733788137\n|move|p1a: Sunflora|Weather Ball|p2a: Mabosstiff\n|-damage|p2a: Mabosstiff|0 fnt\n|faint|p2a: Mabosstiff\n|-damage|p1a: Sunflora|172/312|[from] item: Life Orb\n|\n|-weather|SunnyDay|[upkeep]\n|upkeep\n|\n|t:|1733788144\n|switch|p2a: Walking Wake|Walking Wake, L79|159/286\n|-damage|p2a: Walking Wake|124/286|[from] Stealth Rock\n|-activate|p2a: Walking Wake|ability: Protosynthesis\n|-start|p2a: Walking Wake|protosynthesisspa\n|turn|18\n|\n|t:|1733788153\n|move|p1a: Sunflora|Solar Beam||[still]\n|-prepare|p1a: Sunflora|Solar Beam\n|-anim|p1a: Sunflora|Solar Beam|p2a: Walking Wake\n|-damage|p2a: Walking Wake|0 fnt\n|faint|p2a: Walking Wake\n|-end|p2a: Walking Wake|Protosynthesis|[silent]\n|-damage|p1a: Sunflora|141/312|[from] item: Life Orb\n|\n|-weather|SunnyDay|[upkeep]\n|upkeep\n|\n|t:|1733788163\n|switch|p2a: Probopass|Probopass, L92, F, tera:Fighting|260/260 par\n|-damage|p2a: Probopass|244/260 par|[from] Stealth Rock\n|turn|19\n|\n|t:|1733788168\n|move|p1a: Sunflora|Weather Ball|p2a: Probopass\n|-damage|p2a: Probopass|124/260 par\n|-damage|p1a: Sunflora|110/312|[from] item: Life Orb\n|move|p2a: Probopass|Rest|p2a: Probopass\n|-status|p2a: Probopass|slp|[from] move: Rest\n|-heal|p2a: Probopass|260/260 slp|[silent]\n|-enditem|p2a: Probopass|Chesto Berry|[eat]\n|-curestatus|p2a: Probopass|slp|[msg]\n|\n|-weather|SunnyDay|[upkeep]\n|upkeep\n|turn|20\n|\n|t:|1733788179\n|move|p1a: Sunflora|Weather Ball|p2a: Probopass\n|-damage|p2a: Probopass|129/260\n|-damage|p1a: Sunflora|79/312|[from] item: Life Orb\n|move|p2a: Probopass|Iron Defense|p2a: Probopass\n|-boost|p2a: Probopass|def|2\n|\n|-weather|none\n|upkeep\n|turn|21\n|\n|t:|1733788191\n|move|p2a: Probopass|Body Press|p1a: Sunflora\n|-damage|p1a: Sunflora|0 fnt\n|faint|p1a: Sunflora\n|\n|upkeep\n|\n|t:|1733788193\n|switch|p1a: Spectrier|Spectrier, L75|213/274\n|-damage|p1a: Spectrier|179/274|[from] Stealth Rock\n|turn|22\n|\n|t:|1733788203\n|move|p1a: Spectrier|Nasty Plot|p1a: Spectrier\n|-boost|p1a: Spectrier|spa|2\n|move|p2a: Probopass|Flash Cannon|p1a: Spectrier\n|-damage|p1a: Spectrier|88/274\n|\n|upkeep\n|turn|23\n|\n|t:|1733788220\n|move|p1a: Spectrier|Shadow Ball|p2a: Probopass\n|-damage|p2a: Probopass|0 fnt\n|faint|p2a: Probopass\n|-ability|p1a: Spectrier|Grim Neigh|boost\n|-boost|p1a: Spectrier|spa|1\n|-damage|p1a: Spectrier|61/274|[from] item: Life Orb\n|\n|upkeep\n|\n|t:|1733788224\n|switch|p2a: Darkrai|Darkrai, L77|234/234\n|-damage|p2a: Darkrai|205/234|[from] Stealth Rock\n|turn|24\n|\n|t:|1733788228\n|-terastallize|p1a: Spectrier|Fighting\n|move|p1a: Spectrier|Tera Blast|p2a: Darkrai|[anim] Tera Blast Fighting\n|-supereffective|p2a: Darkrai\n|-damage|p2a: Darkrai|0 fnt\n|faint|p2a: Darkrai\n|-ability|p1a: Spectrier|Grim Neigh|boost\n|-boost|p1a: Spectrier|spa|1\n|-damage|p1a: Spectrier|34/274|[from] item: Life Orb\n|\n|upkeep\n|\n|t:|1733788238\n|switch|p2a: Camerupt|Camerupt, L91, M|29/275\n|-damage|p2a: Camerupt|0 fnt|[from] Stealth Rock\n|faint|p2a: Camerupt\n|\n|win|seepiso\n|raw|seepiso's rating: 1546 &rarr; <strong>1566</strong><br />(+20 for winning)\n|raw|Weeket's rating: 1542 &rarr; <strong>1522</strong><br />(-20 for losing)\n|l|\u2606Weeket\n|player|p2|\n", "inputlog": ">version bfd83cad13791eb5a5a409923076391caf6fb4d4\n>start {\"formatid\":\"gen9randombattle\",\"seed\":[42761,26908,11373,29360],\"rated\":\"Rated battle\"}\n>player p1 {\"name\":\"seepiso\",\"avatar\":\"pokemonbreederf-gen4\",\"rating\":1546,\"seed\":[65430,27798,8161,34704]}\n>player p2 {\"name\":\"Weeket\",\"avatar\":\"rosa\",\"rating\":1542,\"seed\":[14213,787,18653,32907]}\n>p1 move earthquake\n>p2 switch 5\n>p1 switch 5\n>p2 move flipturn\n>p2 switch 3\n>p1 switch 2\n>p2 move playrough\n>p1 move thunderwave\n>p2 switch 5\n>p1 switch 5\n>p2 move irondefense\n>p1 move roar\n>p2 move rest terastallize\n>p1 move stealthrock\n>p2 move nastyplot\n>p1 move roar\n>p2 move sludgebomb\n>p1 move earthquake\n>p2 move earthquake\n>p1 switch 2\n>p1 move dragondance\n>p2 move stealthrock\n>p1 move dragondance\n>p2 move roar\n>p1 move earthquake\n>p2 move overheat\n>p1 switch 6\n>p1 move shadowball\n>p2 move roar\n>p1 move wavecrash\n>p2 switch 4\n>p2 switch 5\n>p1 move wavecrash\n>p2 move wildcharge\n>p1 switch 3\n>p1 move sunnyday\n>p2 move wildcharge\n>p1 move weatherball\n>p2 move wildcharge\n>p2 switch 3\n>p1 move solarbeam\n>p2 move flamethrower\n>p2 switch 2\n>p1 move weatherball\n>p2 move rest\n>p1 move weatherball\n>p2 move irondefense\n>p1 move sunnyday\n>p2 move bodypress\n>p1 switch 5\n>p1 move nastyplot\n>p2 move flashcannon\n>p1 move shadowball\n>p2 move flashcannon\n>p2 switch 6\n>p1 move terablast terastallize\n>p2 move darkpulse\n>p2 switch 4", "uploadtime": 1733788242, "views": 8, "formatid": "gen9randombattle", "rating": 1522, "private": 0, "password": null}