{"id": "gen9randombattle-2260553660", "format": "[Gen 9] Random Battle", "players": ["Pinsir42", "kopro2"], "log": "|j|\u203dPinsir42\n|j|\u2606kopro2\n|t:|1733862943\n|gametype|singles\n|player|p1|Pinsir42|aromalady|1819\n|player|p2|kopro2|jupiter|1897\n|teamsize|p1|6\n|teamsize|p2|6\n|gen|9\n|tier|[Gen 9] Random Battle\n|rated|\n|rule|Species Clause: Limit one of each Pok\u00e9mon\n|rule|HP Percentage Mod: HP is shown in percentages\n|rule|Sleep Clause Mod: Limit one foe put to sleep\n|rule|Illusion Level Mod: Illusion disguises the Pok\u00e9mon's true level\n|\n|t:|1733862943\n|start\n|switch|p1a: Calyrex|Calyrex, L93, shiny|337/337\n|switch|p2a: Great Tusk|Great Tusk, L77|304/304\n|-ability|p1a: Calyrex|Unnerve\n|turn|1\n|inactive|Battle timer is ON: inactive players will automatically lose when time's up. (requested by Pinsir42)\n|c|\u2606kopro2|oh a shiny\n|\n|t:|1733862968\n|-end|p2a: Great Tusk|Protosynthesis|[silent]\n|switch|p2a: Leavanny|Leavanny, L86, F|269/269\n|move|p1a: Calyrex|Psychic|p2a: Leavanny\n|-damage|p2a: Leavanny|163/269\n|\n|upkeep\n|turn|2\n|\n|t:|1733862983\n|switch|p1a: Archaludon|Archaludon, L78, M|268/268\n|move|p2a: Leavanny|Knock Off|p1a: Archaludon\n|-damage|p1a: Archaludon|211/268\n|-ability|p1a: Archaludon|Stamina|boost\n|-boost|p1a: Archaludon|def|1\n|-enditem|p1a: Archaludon|Lum Berry|[from] move: Knock Off|[of] p2a: Leavanny\n|\n|upkeep\n|turn|3\n|inactive|kopro2 has 120 seconds left.\n|\n|t:|1733863020\n|switch|p2a: Great Tusk|Great Tusk, L77|304/304\n|move|p1a: Archaludon|Swords Dance|p1a: Archaludon\n|-boost|p1a: Archaludon|atk|2\n|\n|upkeep\n|turn|4\n|\n|t:|1733863027\n|-terastallize|p1a: Archaludon|Ground\n|move|p2a: Great Tusk|Bulk Up|p2a: Great Tusk\n|-boost|p2a: Great Tusk|atk|1\n|-boost|p2a: Great Tusk|def|1\n|move|p1a: Archaludon|Earthquake|p2a: Great Tusk\n|-crit|p2a: Great Tusk\n|-damage|p2a: Great Tusk|79/304\n|\n|-heal|p2a: Great Tusk|98/304|[from] item: Leftovers\n|upkeep\n|turn|5\n|inactive|kopro2 has 120 seconds left.\n|\n|t:|1733863042\n|move|p2a: Great Tusk|Earthquake|p1a: Archaludon\n|-damage|p1a: Archaludon|123/268\n|-ability|p1a: Archaludon|Stamina|boost\n|-boost|p1a: Archaludon|def|1\n|move|p1a: Archaludon|Earthquake|p2a: Great Tusk\n|-damage|p2a: Great Tusk|0 fnt\n|faint|p2a: Great Tusk\n|-end|p2a: Great Tusk|Protosynthesis|[silent]\n|\n|upkeep\n|\n|t:|1733863046\n|switch|p2a: Iron Moth|Iron Moth, L78|253/253\n|turn|6\n|\n|t:|1733863062\n|switch|p1a: Phione|Phione, L91|293/293\n|move|p2a: Iron Moth|Energy Ball|p1a: Phione\n|-supereffective|p1a: Phione\n|-damage|p1a: Phione|149/293\n|\n|-heal|p1a: Phione|167/293|[from] item: Leftovers\n|upkeep\n|turn|7\n|\n|t:|1733863070\n|-terastallize|p2a: Iron Moth|Grass\n|move|p2a: Iron Moth|Energy Ball|p1a: Phione\n|-supereffective|p1a: Phione\n|-damage|p1a: Phione|0 fnt\n|faint|p1a: Phione\n|\n|upkeep\n|\n|t:|1733863081\n|switch|p1a: Calyrex|Calyrex, L93, shiny|337/337\n|-ability|p1a: Calyrex|Unnerve\n|turn|8\n|\n|t:|1733863084\n|move|p2a: Iron Moth|Fire Blast|p1a: Calyrex|[miss]\n|-miss|p2a: Iron Moth|p1a: Calyrex\n|move|p1a: Calyrex|Psychic|p2a: Iron Moth\n|-damage|p2a: Iron Moth|157/253\n|\n|upkeep\n|turn|9\n|\n|t:|1733863098\n|move|p2a: Iron Moth|Fire Blast|p1a: Calyrex\n|-supereffective|p1a: Calyrex\n|-damage|p1a: Calyrex|91/337\n|move|p1a: Calyrex|Body Press|p2a: Iron Moth\n|-damage|p2a: Iron Moth|74/253\n|\n|-heal|p1a: Calyrex|112/337|[from] item: Leftovers\n|upkeep\n|turn|10\n|\n|t:|1733863106\n|move|p2a: Iron Moth|Sludge Wave|p1a: Calyrex\n|-supereffective|p1a: Calyrex\n|-damage|p1a: Calyrex|0 fnt\n|faint|p1a: Calyrex\n|\n|upkeep\n|\n|t:|1733863118\n|switch|p1a: Froslass|Froslass, L87, F|263/263\n|turn|11\n|\n|t:|1733863125\n|-end|p2a: Iron Moth|Quark Drive|[silent]\n|switch|p2a: Gurdurr|Gurdurr, L85, M|283/283\n|move|p1a: Froslass|Triple Axel|p2a: Gurdurr\n|-damage|p2a: Gurdurr|268/283\n|-damage|p2a: Gurdurr|240/283\n|-damage|p2a: Gurdurr|200/283\n|-hitcount|p2a: Gurdurr|3\n|\n|upkeep\n|turn|12\n|\n|t:|1733863138\n|switch|p1a: Archaludon|Archaludon, L78, M, tera:Ground|123/268\n|move|p2a: Gurdurr|Knock Off|p1a: Archaludon\n|-damage|p1a: Archaludon|81/268\n|-ability|p1a: Archaludon|Stamina|boost\n|-boost|p1a: Archaludon|def|1\n|\n|upkeep\n|turn|13\n|\n|t:|1733863142\n|move|p1a: Archaludon|Outrage|p2a: Gurdurr\n|-damage|p2a: Gurdurr|125/283\n|move|p2a: Gurdurr|Bulk Up|p2a: Gurdurr\n|-boost|p2a: Gurdurr|atk|1\n|-boost|p2a: Gurdurr|def|1\n|\n|upkeep\n|turn|14\n|\n|t:|1733863149\n|move|p1a: Archaludon|Outrage|p2a: Gurdurr|[from]lockedmove\n|-damage|p2a: Gurdurr|68/283\n|move|p2a: Gurdurr|Drain Punch|p1a: Archaludon\n|-damage|p1a: Archaludon|17/268\n|-heal|p2a: Gurdurr|100/283|[from] drain|[of] p1a: Archaludon\n|-ability|p1a: Archaludon|Stamina|boost\n|-boost|p1a: Archaludon|def|1\n|\n|upkeep\n|turn|15\n|\n|t:|1733863157\n|move|p2a: Gurdurr|Mach Punch|p1a: Archaludon\n|-damage|p1a: Archaludon|0 fnt\n|faint|p1a: Archaludon\n|\n|upkeep\n|\n|t:|1733863168\n|switch|p1a: Clawitzer|Clawitzer, L87, M|265/265\n|turn|16\n|\n|t:|1733863188\n|move|p2a: Gurdurr|Mach Punch|p1a: Clawitzer\n|-damage|p1a: Clawitzer|201/265\n|move|p1a: Clawitzer|Water Pulse|p2a: Gurdurr\n|-damage|p2a: Gurdurr|0 fnt\n|faint|p2a: Gurdurr\n|\n|upkeep\n|\n|t:|1733863193\n|switch|p2a: Galvantula|Galvantula, L82, M|249/249\n|turn|17\n|\n|t:|1733863201\n|switch|p1a: Zebstrika|Zebstrika, L87, M|272/272\n|move|p2a: Galvantula|Sticky Web|p1a: Zebstrika\n|-sidestart|p1: Pinsir42|move: Sticky Web\n|\n|upkeep\n|turn|18\n|inactive|kopro2 has 120 seconds left.\n|\n|t:|1733863236\n|move|p1a: Zebstrika|Overheat|p2a: Galvantula\n|-supereffective|p2a: Galvantula\n|-damage|p2a: Galvantula|0 fnt\n|-unboost|p1a: Zebstrika|spa|2\n|faint|p2a: Galvantula\n|-damage|p1a: Zebstrika|245/272|[from] item: Life Orb\n|\n|upkeep\n|\n|t:|1733863238\n|switch|p2a: Farigiraf|Farigiraf, L91, M|366/366\n|turn|19\n|\n|t:|1733863251\n|move|p1a: Zebstrika|Volt Switch|p2a: Farigiraf\n|-damage|p2a: Farigiraf|319/366\n|-damage|p1a: Zebstrika|218/272|[from] item: Life Orb\n|\n|t:|1733863255\n|switch|p1a: Clawitzer|Clawitzer, L87, M|201/265|[from] Volt Switch\n|-activate|p1a: Clawitzer|move: Sticky Web\n|-unboost|p1a: Clawitzer|spe|1\n|move|p2a: Farigiraf|Future Sight|p1a: Clawitzer\n|-start|p2a: Farigiraf|move: Future Sight\n|\n|-heal|p2a: Farigiraf|341/366|[from] item: Leftovers\n|upkeep\n|turn|20\n|\n|t:|1733863260\n|move|p2a: Farigiraf|Hyper Voice|p1a: Clawitzer\n|-damage|p1a: Clawitzer|122/265\n|move|p1a: Clawitzer|Dark Pulse|p2a: Farigiraf\n|-supereffective|p2a: Farigiraf\n|-damage|p2a: Farigiraf|95/366\n|\n|-heal|p2a: Farigiraf|117/366|[from] item: Leftovers\n|upkeep\n|turn|21\n|\n|t:|1733863278\n|move|p2a: Farigiraf|Protect|p2a: Farigiraf\n|-singleturn|p2a: Farigiraf|Protect\n|move|p1a: Clawitzer|U-turn|p2a: Farigiraf\n|-activate|p2a: Farigiraf|move: Protect\n|\n|-end|p1a: Clawitzer|move: Future Sight\n|-damage|p1a: Clawitzer|16/265\n|-heal|p2a: Farigiraf|139/366|[from] item: Leftovers\n|upkeep\n|turn|22\n|\n|t:|1733863288\n|move|p2a: Farigiraf|Hyper Voice|p1a: Clawitzer\n|-damage|p1a: Clawitzer|0 fnt\n|faint|p1a: Clawitzer\n|\n|-heal|p2a: Farigiraf|161/366|[from] item: Leftovers\n|upkeep\n|\n|t:|1733863290\n|switch|p1a: Froslass|Froslass, L87, F|263/263\n|-activate|p1a: Froslass|move: Sticky Web\n|-unboost|p1a: Froslass|spe|1\n|turn|23\n|\n|t:|1733863295\n|move|p2a: Farigiraf|Future Sight|p1a: Froslass\n|-start|p2a: Farigiraf|move: Future Sight\n|move|p1a: Froslass|Triple Axel|p2a: Farigiraf\n|-damage|p2a: Farigiraf|139/366\n|-damage|p2a: Farigiraf|94/366\n|-damage|p2a: Farigiraf|25/366\n|-hitcount|p2a: Farigiraf|3\n|\n|-heal|p2a: Farigiraf|47/366|[from] item: Leftovers\n|upkeep\n|turn|24\n|\n|t:|1733863305\n|move|p2a: Farigiraf|Wish|p2a: Farigiraf\n|move|p1a: Froslass|Triple Axel|p2a: Farigiraf\n|-damage|p2a: Farigiraf|26/366\n|-damage|p2a: Farigiraf|0 fnt\n|faint|p2a: Farigiraf\n|-hitcount|p2: Farigiraf|2\n|\n|upkeep\n|\n|t:|1733863311\n|switch|p2a: Iron Moth|Iron Moth, L78, tera:Grass|74/253\n|turn|25\n|\n|t:|1733863316\n|move|p2a: Iron Moth|Fire Blast|p1a: Froslass\n|-supereffective|p1a: Froslass\n|-damage|p1a: Froslass|0 fnt\n|-start|p2a: Iron Moth|Disable|Fire Blast|[from] ability: Cursed Body|[of] p1a: Froslass\n|faint|p1a: Froslass\n|\n|-hint|Future Sight did not hit because the target is fainted.\n|-heal|p2a: Iron Moth|253/253|[from] move: Wish|[wisher] Farigiraf\n|upkeep\n|\n|t:|1733863319\n|switch|p1a: Zebstrika|Zebstrika, L87, M|218/272\n|-activate|p1a: Zebstrika|move: Sticky Web\n|-unboost|p1a: Zebstrika|spe|1\n|turn|26\n|\n|t:|1733863325\n|move|p2a: Iron Moth|Sludge Wave|p1a: Zebstrika\n|-damage|p1a: Zebstrika|71/272\n|move|p1a: Zebstrika|Overheat|p2a: Iron Moth\n|-supereffective|p2a: Iron Moth\n|-damage|p2a: Iron Moth|48/253\n|-unboost|p1a: Zebstrika|spa|2\n|-damage|p1a: Zebstrika|44/272|[from] item: Life Orb\n|\n|upkeep\n|turn|27\n|\n|t:|1733863330\n|move|p2a: Iron Moth|Sludge Wave|p1a: Zebstrika\n|-damage|p1a: Zebstrika|0 fnt\n|faint|p1a: Zebstrika\n|\n|win|kopro2\n|raw|Pinsir42's rating: 1819 &rarr; <strong>1803</strong><br />(-16 for losing)\n|raw|kopro2's rating: 1897 &rarr; <strong>1913</strong><br />(+16 for winning)\n|l|\u203dPinsir42\n|player|p1|\n", "inputlog": ">version bfd83cad13791eb5a5a409923076391caf6fb4d4\n>start {\"formatid\":\"gen9randombattle\",\"seed\":[27318,57955,36115,27274],\"rated\":\"Rated battle\"}\n>player p1 {\"name\":\"Pinsir42\",\"avatar\":\"aromalady\",\"rating\":1819,\"seed\":[37714,64636,29503,27822]}\n>player p2 {\"name\":\"kopro2\",\"avatar\":\"jupiter\",\"rating\":1897,\"seed\":[42299,57214,48519,49442]}\n>chat \u2606kopro2|oh a shiny\n>p1 move psychic\n>p2 switch 5\n>p1 switch 5\n>p2 move knockoff\n>p1 move swordsdance\n>p2 switch 5\n>p1 move earthquake terastallize\n>p2 move bulkup\n>p1 move earthquake\n>p2 move earthquake\n>p2 switch 2\n>p1 switch 4\n>p2 move energyball\n>p1 move scald\n>p2 move energyball terastallize\n>p1 switch 5\n>p1 move psychic\n>p2 move fireblast\n>p1 move bodypress\n>p2 move fireblast\n>p1 move psychic\n>p2 move sludgewave\n>p1 switch 2\n>p1 move tripleaxel\n>p2 switch 6\n>p1 switch 4\n>p2 move knockoff\n>p1 move outrage\n>p2 move bulkup\n>p1 move outrage\n>p2 move drainpunch\n>p1 move outrage\n>p2 move machpunch\n>p1 switch 6\n>p1 move waterpulse\n>p2 move machpunch\n>p2 switch 3\n>p1 switch 3\n>p2 move stickyweb\n>p1 move overheat\n>p2 move bugbuzz\n>p2 switch 4\n>p1 move voltswitch\n>p2 move futuresight\n>p1 switch 3\n>p1 move darkpulse\n>p2 move hypervoice\n>p1 move uturn\n>p2 move protect\n>p1 move darkpulse\n>p2 move hypervoice\n>p1 switch 4\n>p1 move tripleaxel\n>p2 move futuresight\n>p1 move tripleaxel\n>p2 move wish\n>p2 switch 6\n>p1 move tripleaxel\n>p2 move fireblast\n>p1 switch 3\n>p1 move overheat\n>p2 move sludgewave\n>p1 move supercellslam\n>p2 move sludgewave", "uploadtime": 1733863343, "views": 2, "formatid": "gen9randombattle", "rating": 1803, "private": 0, "password": null}