{"id": "gen9randombattle-2260582691", "format": "[Gen 9] Random Battle", "players": ["JadenPM2005", "Currywithwurry"], "log": "|j|\u2606JadenPM2005\n|j|\u2606Currywithwurry\n|t:|1733865961\n|gametype|singles\n|player|p1|JadenPM2005|hugh|1695\n|player|p2|Currywithwurry|shadowtriad|1698\n|teamsize|p1|6\n|teamsize|p2|6\n|gen|9\n|tier|[Gen 9] Random Battle\n|rated|\n|rule|Species Clause: Limit one of each Pok\u00e9mon\n|rule|HP Percentage Mod: HP is shown in percentages\n|rule|Sleep Clause Mod: Limit one foe put to sleep\n|rule|Illusion Level Mod: Illusion disguises the Pok\u00e9mon's true level\n|\n|t:|1733865961\n|start\n|switch|p1a: Gogoat|Gogoat, L88, F|360/360\n|switch|p2a: Wyrdeer|Wyrdeer, L87, M|321/321\n|-ability|p2a: Wyrdeer|Intimidate|boost\n|-unboost|p1a: Gogoat|atk|1\n|turn|1\n|inactive|Battle timer is ON: inactive players will automatically lose when time's up. (requested by JadenPM2005)\n|\n|t:|1733865974\n|switch|p1a: Ting-Lu|Ting-Lu, L78|370/370\n|-ability|p1a: Ting-Lu|Vessel of Ruin\n|switch|p2a: Kricketune|Kricketune, L99, F|312/312\n|\n|upkeep\n|turn|2\n|\n|t:|1733865981\n|move|p2a: Kricketune|Taunt|p1a: Ting-Lu\n|-start|p1a: Ting-Lu|move: Taunt\n|cant|p1a: Ting-Lu|move: Taunt|Spikes\n|\n|upkeep\n|turn|3\n|\n|t:|1733866006\n|switch|p1a: Magmortar|Magmortar, L88, F|275/275\n|move|p2a: Kricketune|Sticky Web|p1a: Magmortar\n|-sidestart|p1: JadenPM2005|move: Sticky Web\n|\n|upkeep\n|turn|4\n|\n|t:|1733866015\n|switch|p2a: Oricorio|Oricorio, L84, F|263/263\n|move|p1a: Magmortar|Fire Blast|p2a: Oricorio|[miss]\n|-miss|p1a: Magmortar|p2a: Oricorio\n|\n|upkeep\n|turn|5\n|\n|t:|1733866022\n|switch|p2a: Zebstrika|Zebstrika, L87, F|272/272\n|move|p1a: Magmortar|Knock Off|p2a: Zebstrika\n|-damage|p2a: Zebstrika|181/272\n|-enditem|p2a: Zebstrika|Life Orb|[from] move: Knock Off|[of] p1a: Magmortar\n|\n|upkeep\n|turn|6\n|\n|t:|1733866030\n|switch|p1a: Ting-Lu|Ting-Lu, L78|370/370\n|-activate|p1a: Ting-Lu|move: Sticky Web\n|-unboost|p1a: Ting-Lu|spe|1\n|-ability|p1a: Ting-Lu|Vessel of Ruin\n|move|p2a: Zebstrika|High Horsepower|p1a: Ting-Lu\n|-damage|p1a: Ting-Lu|307/370\n|\n|-heal|p1a: Ting-Lu|330/370|[from] item: Leftovers\n|upkeep\n|turn|7\n|\n|t:|1733866041\n|switch|p2a: Kricketune|Kricketune, L99, F|312/312\n|move|p1a: Ting-Lu|Spikes|p2a: Kricketune\n|-sidestart|p2: Currywithwurry|Spikes\n|\n|-heal|p1a: Ting-Lu|353/370|[from] item: Leftovers\n|upkeep\n|turn|8\n|\n|t:|1733866060\n|switch|p1a: Magmortar|Magmortar, L88, F|275/275\n|move|p2a: Kricketune|Knock Off|p1a: Magmortar\n|-damage|p1a: Magmortar|182/275\n|-enditem|p1a: Magmortar|Heavy-Duty Boots|[from] move: Knock Off|[of] p2a: Kricketune\n|\n|upkeep\n|turn|9\n|\n|t:|1733866073\n|switch|p2a: Wyrdeer|Wyrdeer, L87, M|321/321\n|-damage|p2a: Wyrdeer|281/321|[from] Spikes\n|-ability|p2a: Wyrdeer|Intimidate|boost\n|-unboost|p1a: Magmortar|atk|1\n|move|p1a: Magmortar|Knock Off|p2a: Wyrdeer\n|-supereffective|p2a: Wyrdeer\n|-crit|p2a: Wyrdeer\n|-damage|p2a: Wyrdeer|23/321\n|-enditem|p2a: Wyrdeer|Leftovers|[from] move: Knock Off|[of] p1a: Magmortar\n|\n|upkeep\n|turn|10\n|\n|t:|1733866086\n|move|p1a: Magmortar|Knock Off|p2a: Wyrdeer\n|-supereffective|p2a: Wyrdeer\n|-damage|p2a: Wyrdeer|0 fnt\n|faint|p2a: Wyrdeer\n|\n|upkeep\n|\n|t:|1733866091\n|switch|p2a: Zebstrika|Zebstrika, L87, F|181/272\n|-damage|p2a: Zebstrika|147/272|[from] Spikes\n|turn|11\n|\n|t:|1733866119\n|switch|p2a: Kricketune|Kricketune, L99, F|312/312\n|move|p1a: Magmortar|Knock Off|p2a: Kricketune\n|-damage|p2a: Kricketune|248/312\n|-enditem|p2a: Kricketune|Heavy-Duty Boots|[from] move: Knock Off|[of] p1a: Magmortar\n|\n|upkeep\n|turn|12\n|\n|t:|1733866125\n|move|p1a: Magmortar|Fire Blast|p2a: Kricketune\n|-supereffective|p2a: Kricketune\n|-damage|p2a: Kricketune|0 fnt\n|faint|p2a: Kricketune\n|\n|upkeep\n|\n|t:|1733866128\n|switch|p2a: Oricorio|Oricorio, L84, F|263/263\n|turn|13\n|inactive|JadenPM2005 has 120 seconds left.\n|\n|t:|1733866170\n|switch|p2a: Grimmsnarl|Grimmsnarl, L83, M|293/293\n|-damage|p2a: Grimmsnarl|257/293|[from] Spikes\n|move|p1a: Magmortar|Knock Off|p2a: Grimmsnarl\n|-resisted|p2a: Grimmsnarl\n|-damage|p2a: Grimmsnarl|242/293\n|-enditem|p2a: Grimmsnarl|Light Clay|[from] move: Knock Off|[of] p1a: Magmortar\n|\n|upkeep\n|turn|14\n|-message|Currywithwurry forfeited.\n|\n|win|JadenPM2005\n|raw|JadenPM2005's rating: 1695 &rarr; <strong>1715</strong><br />(+20 for winning)\n|raw|Currywithwurry's rating: 1698 &rarr; <strong>1678</strong><br />(-20 for losing)\n|l|\u2606Currywithwurry\n|player|p2|\n", "inputlog": ">version bfd83cad13791eb5a5a409923076391caf6fb4d4\n>start {\"formatid\":\"gen9randombattle\",\"seed\":[52324,59565,33189,351],\"rated\":\"Rated battle\"}\n>player p1 {\"name\":\"JadenPM2005\",\"avatar\":\"hugh\",\"rating\":1695,\"seed\":[53057,56774,34104,51625]}\n>player p2 {\"name\":\"Currywithwurry\",\"avatar\":\"shadowtriad\",\"rating\":1698,\"seed\":[44021,7279,36833,51264]}\n>p1 switch 6\n>p2 switch 3\n>p1 move spikes\n>p2 move taunt\n>p1 switch 4\n>p2 move stickyweb\n>p1 move fireblast\n>p2 switch 4\n>p1 move knockoff\n>p2 switch 6\n>p1 switch 4\n>p2 move highhorsepower\n>p1 move spikes\n>p2 switch 4\n>p1 switch 4\n>p2 move knockoff\n>p1 move knockoff\n>p2 switch 3\n>p1 move knockoff\n>p2 move earthquake\n>p2 switch 4\n>p1 move knockoff\n>p2 switch 3\n>p1 move fireblast\n>p2 move knockoff\n>p2 switch 6\n>p1 move knockoff\n>p2 switch 2\n>forcelose p2", "uploadtime": 1733866180, "views": 8, "formatid": "gen9randombattle", "rating": 1678, "private": 0, "password": null}