{"id": "gen9randombattle-2260375751", "format": "[Gen 9] Random Battle", "players": ["SorenTheMan", "dedededje"], "log": "|j|\u2606SorenTheMan\n|j|\u2606dedededje\n|t:|1733845461\n|gametype|singles\n|player|p1|SorenTheMan|1|1000\n|player|p2|dedededje|169|1000\n|teamsize|p1|6\n|teamsize|p2|6\n|gen|9\n|tier|[Gen 9] Random Battle\n|rated|\n|rule|Species Clause: Limit one of each Pok\u00e9mon\n|rule|HP Percentage Mod: HP is shown in percentages\n|rule|Sleep Clause Mod: Limit one foe put to sleep\n|rule|Illusion Level Mod: Illusion disguises the Pok\u00e9mon's true level\n|\n|t:|1733845461\n|start\n|switch|p1a: Luvdisc|Luvdisc, M|247/247\n|switch|p2a: Empoleon|Empoleon, L84, F|278/278\n|turn|1\n|\n|t:|1733845476\n|switch|p2a: Bellossom|Bellossom, L84, M|263/263\n|move|p1a: Luvdisc|Substitute|p1a: Luvdisc\n|-start|p1a: Luvdisc|Substitute\n|-damage|p1a: Luvdisc|186/247\n|\n|upkeep\n|turn|2\n|\n|t:|1733845489\n|move|p1a: Luvdisc|Endeavor|p2a: Bellossom\n|-damage|p2a: Bellossom|186/263\n|move|p2a: Bellossom|Quiver Dance|p2a: Bellossom\n|-boost|p2a: Bellossom|spa|1\n|-boost|p2a: Bellossom|spd|1\n|-boost|p2a: Bellossom|spe|1\n|\n|-heal|p2a: Bellossom|202/263|[from] item: Leftovers\n|upkeep\n|turn|3\n|\n|t:|1733845512\n|move|p1a: Luvdisc|Endeavor|p2a: Bellossom\n|-damage|p2a: Bellossom|186/263\n|move|p2a: Bellossom|Quiver Dance|p2a: Bellossom\n|-boost|p2a: Bellossom|spa|1\n|-boost|p2a: Bellossom|spd|1\n|-boost|p2a: Bellossom|spe|1\n|\n|-heal|p2a: Bellossom|202/263|[from] item: Leftovers\n|upkeep\n|turn|4\n|\n|t:|1733845534\n|switch|p1a: Overqwil|Overqwil, L82, F|274/274\n|-ability|p1a: Overqwil|Intimidate|boost\n|-unboost|p2a: Bellossom|atk|1\n|move|p2a: Bellossom|Quiver Dance|p2a: Bellossom\n|-boost|p2a: Bellossom|spa|1\n|-boost|p2a: Bellossom|spd|1\n|-boost|p2a: Bellossom|spe|1\n|\n|-heal|p2a: Bellossom|218/263|[from] item: Leftovers\n|upkeep\n|turn|5\n|\n|t:|1733845551\n|-terastallize|p2a: Bellossom|Rock\n|move|p2a: Bellossom|Tera Blast|p1a: Overqwil|[anim] Tera Blast Rock\n|-damage|p1a: Overqwil|21/274\n|move|p1a: Overqwil|Gunk Shot|p2a: Bellossom\n|-resisted|p2a: Bellossom\n|-damage|p2a: Bellossom|152/263\n|-status|p2a: Bellossom|psn\n|\n|-heal|p2a: Bellossom|168/263 psn|[from] item: Leftovers\n|-damage|p2a: Bellossom|136/263 psn|[from] psn\n|upkeep\n|turn|6\n|\n|t:|1733845570\n|move|p2a: Bellossom|Giga Drain|p1a: Overqwil\n|-resisted|p1a: Overqwil\n|-damage|p1a: Overqwil|0 fnt\n|-heal|p2a: Bellossom|147/263 psn|[from] drain|[of] p1a: Overqwil\n|faint|p1a: Overqwil\n|\n|-heal|p2a: Bellossom|163/263 psn|[from] item: Leftovers\n|-damage|p2a: Bellossom|131/263 psn|[from] psn\n|upkeep\n|\n|t:|1733845590\n|switch|p1a: Persian|Persian, L92, F|269/269\n|turn|7\n|\n|t:|1733845608\n|move|p2a: Bellossom|Strength Sap|p1a: Persian\n|-unboost|p1a: Persian|atk|1\n|-heal|p2a: Bellossom|263/263 psn\n|move|p1a: Persian|U-turn|p2a: Bellossom\n|-damage|p2a: Bellossom|223/263 psn\n|\n|t:|1733845625\n|switch|p1a: Rhyperior|Rhyperior, L82, M|323/323|[from] U-turn\n|\n|-heal|p2a: Bellossom|239/263 psn|[from] item: Leftovers\n|-damage|p2a: Bellossom|207/263 psn|[from] psn\n|upkeep\n|turn|8\n|\n|t:|1733845648\n|move|p2a: Bellossom|Giga Drain|p1a: Rhyperior\n|-supereffective|p1a: Rhyperior\n|-damage|p1a: Rhyperior|0 fnt\n|-heal|p2a: Bellossom|263/263 psn|[from] drain|[of] p1a: Rhyperior\n|faint|p1a: Rhyperior\n|\n|-damage|p2a: Bellossom|231/263 psn|[from] psn\n|upkeep\n|\n|t:|1733845666\n|switch|p1a: Persian|Persian, L92, F|269/269\n|turn|9\n|\n|t:|1733845678\n|move|p2a: Bellossom|Giga Drain|p1a: Persian\n|-damage|p1a: Persian|74/269\n|-heal|p2a: Bellossom|263/263 psn|[from] drain|[of] p1a: Persian\n|move|p1a: Persian|Gunk Shot|p2a: Bellossom|[miss]\n|-miss|p1a: Persian|p2a: Bellossom\n|\n|-damage|p2a: Bellossom|231/263 psn|[from] psn\n|upkeep\n|turn|10\n|\n|t:|1733845690\n|move|p2a: Bellossom|Giga Drain|p1a: Persian\n|-damage|p1a: Persian|0 fnt\n|-heal|p2a: Bellossom|263/263 psn|[from] drain|[of] p1a: Persian\n|faint|p1a: Persian\n|\n|-damage|p2a: Bellossom|231/263 psn|[from] psn\n|upkeep\n|\n|t:|1733845697\n|switch|p1a: Luvdisc|Luvdisc, M|186/247\n|turn|11\n|\n|t:|1733845720\n|move|p2a: Bellossom|Giga Drain|p1a: Luvdisc\n|-supereffective|p1a: Luvdisc\n|-damage|p1a: Luvdisc|0 fnt\n|-heal|p2a: Bellossom|263/263 psn|[from] drain|[of] p1a: Luvdisc\n|faint|p1a: Luvdisc\n|\n|-damage|p2a: Bellossom|231/263 psn|[from] psn\n|upkeep\n|\n|t:|1733845727\n|switch|p1a: Quaquaval|Quaquaval, L79, F|264/264\n|turn|12\n|\n|t:|1733845751\n|move|p2a: Bellossom|Giga Drain|p1a: Quaquaval\n|-supereffective|p1a: Quaquaval\n|-damage|p1a: Quaquaval|0 fnt\n|-heal|p2a: Bellossom|263/263 psn|[from] drain|[of] p1a: Quaquaval\n|faint|p1a: Quaquaval\n|\n|-damage|p2a: Bellossom|231/263 psn|[from] psn\n|upkeep\n|\n|t:|1733845758\n|switch|p1a: Mandibuzz|Mandibuzz, L85, F|326/326\n|turn|13\n|\n|t:|1733845780\n|-terastallize|p1a: Mandibuzz|Steel\n|move|p2a: Bellossom|Tera Blast|p1a: Mandibuzz|[anim] Tera Blast Rock\n|-resisted|p1a: Mandibuzz\n|-damage|p1a: Mandibuzz|239/326\n|move|p1a: Mandibuzz|Foul Play|p2a: Bellossom\n|-damage|p2a: Bellossom|189/263 psn\n|\n|-heal|p2a: Bellossom|205/263 psn|[from] item: Leftovers\n|-damage|p2a: Bellossom|173/263 psn|[from] psn\n|upkeep\n|turn|14\n|\n|t:|1733845796\n|move|p2a: Bellossom|Giga Drain|p1a: Mandibuzz\n|-resisted|p1a: Mandibuzz\n|-damage|p1a: Mandibuzz|155/326\n|-heal|p2a: Bellossom|215/263 psn|[from] drain|[of] p1a: Mandibuzz\n|move|p1a: Mandibuzz|Foul Play|p2a: Bellossom\n|-damage|p2a: Bellossom|173/263 psn\n|\n|-heal|p2a: Bellossom|189/263 psn|[from] item: Leftovers\n|-damage|p2a: Bellossom|157/263 psn|[from] psn\n|upkeep\n|turn|15\n|\n|t:|1733845809\n|move|p2a: Bellossom|Giga Drain|p1a: Mandibuzz\n|-resisted|p1a: Mandibuzz\n|-crit|p1a: Mandibuzz\n|-damage|p1a: Mandibuzz|17/326\n|-heal|p2a: Bellossom|226/263 psn|[from] drain|[of] p1a: Mandibuzz\n|move|p1a: Mandibuzz|Foul Play|p2a: Bellossom\n|-damage|p2a: Bellossom|178/263 psn\n|\n|-heal|p2a: Bellossom|194/263 psn|[from] item: Leftovers\n|-damage|p2a: Bellossom|162/263 psn|[from] psn\n|upkeep\n|turn|16\n|\n|t:|1733845819\n|move|p2a: Bellossom|Giga Drain|p1a: Mandibuzz\n|-resisted|p1a: Mandibuzz\n|-damage|p1a: Mandibuzz|0 fnt\n|-heal|p2a: Bellossom|171/263 psn|[from] drain|[of] p1a: Mandibuzz\n|faint|p1a: Mandibuzz\n|\n|win|dedededje\n|raw|SorenTheMan's rating: 1000 &rarr; <strong>1000</strong><br />(+0 for losing)\n|raw|dedededje's rating: 1000 &rarr; <strong>1040</strong><br />(+40 for winning)\n|l|\u2606SorenTheMan\n|player|p1|\n", "inputlog": ">version bfd83cad13791eb5a5a409923076391caf6fb4d4\n>start {\"formatid\":\"gen9randombattle\",\"seed\":[7557,50823,50065,2499],\"rated\":\"Rated battle\"}\n>player p1 {\"name\":\"SorenTheMan\",\"avatar\":\"1\",\"rating\":1000,\"seed\":[3539,53355,1377,35103]}\n>player p2 {\"name\":\"dedededje\",\"avatar\":\"169\",\"rating\":1000,\"seed\":[22749,32352,34495,60140]}\n>p1 move substitute\n>p2 switch 4\n>p1 move endeavor\n>p2 move quiverdance\n>p1 move endeavor\n>p2 move quiverdance\n>p1 switch 3\n>p2 move quiverdance\n>p1 move gunkshot\n>p2 move terablast terastallize\n>p1 move crunch\n>p2 move gigadrain\n>p1 switch 2\n>p1 move uturn\n>p2 move strengthsap\n>p1 switch 6\n>p1 move icepunch\n>p2 move gigadrain\n>p1 switch 6\n>p1 move gunkshot\n>p2 move gigadrain\n>p1 move gunkshot\n>p2 move gigadrain\n>p1 switch 3\n>p1 move substitute\n>p2 move gigadrain\n>p1 switch 4\n>p1 move closecombat\n>p2 move gigadrain\n>p1 switch 5\n>p1 move foulplay terastallize\n>p2 move terablast\n>p1 move foulplay\n>p2 move gigadrain\n>p1 move foulplay\n>p2 move gigadrain\n>p1 move roost\n>p2 move gigadrain", "uploadtime": 1733845890, "views": 1, "formatid": "gen9randombattle", "rating": 1000, "private": 0, "password": null}