{"id": "gen9randombattle-2259939821", "format": "[Gen 9] Random Battle", "players": ["Phantom000333", "mailop1"], "log": "|j|\u203dPhantom000333\n|j|\u2606mailop1\n|t:|1733782207\n|gametype|singles\n|player|p1|Phantom000333|169|1398\n|player|p2|mailop1|sailor|1387\n|teamsize|p1|6\n|teamsize|p2|6\n|gen|9\n|tier|[Gen 9] Random Battle\n|rated|\n|rule|Species Clause: Limit one of each Pok\u00e9mon\n|rule|HP Percentage Mod: HP is shown in percentages\n|rule|Sleep Clause Mod: Limit one foe put to sleep\n|rule|Illusion Level Mod: Illusion disguises the Pok\u00e9mon's true level\n|\n|t:|1733782207\n|start\n|switch|p1a: Honchkrow|Honchkrow, L86, F|312/312\n|switch|p2a: Pikachu|Pikachu-Hoenn, L93, M|216/216\n|turn|1\n|inactive|Battle timer is ON: inactive players will automatically lose when time's up. (requested by Phantom000333)\n|c|\u2606mailop1|pika pi..\n|\n|t:|1733782242\n|switch|p1a: Toxtricity|Toxtricity, L82, F|257/257\n|move|p2a: Pikachu|Volt Tackle|p1a: Toxtricity\n|-resisted|p1a: Toxtricity\n|-damage|p1a: Toxtricity|123/257\n|-damage|p2a: Pikachu|172/216|[from] Recoil\n|\n|upkeep\n|turn|2\n|inactive|mailop1 has 120 seconds left.\n|inactive|Phantom000333 has 120 seconds left.\n|\n|t:|1733782285\n|-terastallize|p1a: Toxtricity|Normal\n|move|p1a: Toxtricity|Boomburst|p2a: Pikachu\n|-damage|p2a: Pikachu|0 fnt\n|faint|p2a: Pikachu\n|\n|upkeep\n|inactive|mailop1 has 90 seconds left.\n|\n|t:|1733782316\n|switch|p2a: Lokix|Lokix, L82, F|251/251\n|turn|3\n|inactive|mailop1 has 90 seconds left.\n|inactive|Phantom000333 has 120 seconds left.\n|inactive|Phantom000333 has 90 seconds left.\n|inactive|Phantom000333 has 60 seconds left.\n|inactive|Phantom000333 has 30 seconds left.\n|inactive|Phantom000333 has 20 seconds left.\n|inactive|Phantom000333 has 15 seconds left.\n|inactive|Phantom000333 has 10 seconds left.\n|\n|t:|1733782443\n|move|p2a: Lokix|Sucker Punch|p1a: Toxtricity\n|-damage|p1a: Toxtricity|10/257\n|-damage|p2a: Lokix|226/251|[from] item: Life Orb\n|move|p1a: Toxtricity|Boomburst|p2a: Lokix\n|-damage|p2a: Lokix|0 fnt\n|faint|p2a: Lokix\n|\n|upkeep\n|inactive|Phantom000333 has 15 seconds left this turn.\n|\n|t:|1733782452\n|switch|p2a: Hariyama|Hariyama, L87, F|392/392\n|turn|4\n|inactive|Phantom000333 has 25 seconds left this turn.\n|\n|t:|1733782456\n|move|p2a: Hariyama|Bullet Punch|p1a: Toxtricity\n|-damage|p1a: Toxtricity|0 fnt\n|faint|p1a: Toxtricity\n|\n|-status|p2a: Hariyama|brn|[from] item: Flame Orb\n|upkeep\n|inactive|Phantom000333 has 30 seconds left this turn.\n|\n|t:|1733782462\n|switch|p1a: Honchkrow|Honchkrow, L86, F|312/312\n|turn|5\n|\n|t:|1733782474\n|switch|p2a: Bellibolt|Bellibolt, L84, F|320/320\n|move|p1a: Honchkrow|Brave Bird|p2a: Bellibolt\n|-resisted|p2a: Bellibolt\n|-damage|p2a: Bellibolt|241/320\n|-start|p2a: Bellibolt|Charge|Brave Bird|[from] ability: Electromorphosis\n|-damage|p1a: Honchkrow|286/312|[from] Recoil\n|\n|-heal|p2a: Bellibolt|261/320|[from] item: Leftovers\n|upkeep\n|turn|6\n|\n|t:|1733782488\n|switch|p1a: Seviper|Seviper, L93, F|287/287\n|move|p2a: Bellibolt|Muddy Water|p1a: Seviper|[miss]\n|-miss|p2a: Bellibolt|p1a: Seviper\n|\n|-heal|p2a: Bellibolt|281/320|[from] item: Leftovers\n|upkeep\n|turn|7\n|inactive|Phantom000333 has 30 seconds left.\n|inactive|mailop1 has 90 seconds left.\n|\n|t:|1733782509\n|move|p1a: Seviper|Earthquake|p2a: Bellibolt\n|-supereffective|p2a: Bellibolt\n|-damage|p2a: Bellibolt|101/320\n|-start|p2a: Bellibolt|Charge|Earthquake|[from] ability: Electromorphosis\n|move|p2a: Bellibolt|Muddy Water|p1a: Seviper\n|-damage|p1a: Seviper|209/287\n|\n|-heal|p1a: Seviper|226/287|[from] item: Leftovers\n|-heal|p2a: Bellibolt|121/320|[from] item: Leftovers\n|upkeep\n|turn|8\n|inactive|Phantom000333 has 30 seconds left.\n|inactive|mailop1 has 90 seconds left.\n|\n|t:|1733782523\n|switch|p2a: Lurantis|Lurantis, L87, M|264/264\n|move|p1a: Seviper|Swords Dance|p1a: Seviper\n|-boost|p1a: Seviper|atk|2\n|\n|-heal|p1a: Seviper|243/287|[from] item: Leftovers\n|upkeep\n|turn|9\n|inactive|mailop1 has 90 seconds left.\n|\n|t:|1733782548\n|move|p1a: Seviper|Gunk Shot|p2a: Lurantis\n|-supereffective|p2a: Lurantis\n|-damage|p2a: Lurantis|0 fnt\n|faint|p2a: Lurantis\n|\n|-heal|p1a: Seviper|260/287|[from] item: Leftovers\n|upkeep\n|\n|t:|1733782559\n|switch|p2a: Typhlosion|Typhlosion, L84, M|267/267\n|turn|10\n|\n|t:|1733782566\n|-terastallize|p2a: Typhlosion|Fire\n|move|p2a: Typhlosion|Eruption|p1a: Seviper\n|-damage|p1a: Seviper|0 fnt\n|faint|p1a: Seviper\n|\n|upkeep\n|\n|t:|1733782572\n|switch|p1a: Tatsugiri|Tatsugiri-Stretchy, L87, F|260/260\n|turn|11\n|inactive|mailop1 has 90 seconds left.\n|\n|t:|1733782581\n|switch|p2a: Bellibolt|Bellibolt, L84, F|121/320\n|move|p1a: Tatsugiri|Nasty Plot|p1a: Tatsugiri\n|-boost|p1a: Tatsugiri|spa|2\n|\n|-heal|p2a: Bellibolt|141/320|[from] item: Leftovers\n|upkeep\n|turn|12\n|inactive|mailop1 has 90 seconds left.\n|\n|t:|1733782595\n|move|p1a: Tatsugiri|Draco Meteor|p2a: Bellibolt\n|-damage|p2a: Bellibolt|0 fnt\n|-unboost|p1a: Tatsugiri|spa|2\n|faint|p2a: Bellibolt\n|\n|upkeep\n|inactive|mailop1 has 90 seconds left.\n|\n|t:|1733782601\n|switch|p2a: Hariyama|Hariyama, L87, F|392/392 brn\n|turn|13\n|inactive|mailop1 has 90 seconds left.\n|\n|t:|1733782633\n|switch|p1a: Enamorus|Enamorus-Therian, L83, F|259/259\n|move|p2a: Hariyama|Facade|p1a: Enamorus\n|-damage|p1a: Enamorus|112/259\n|\n|-damage|p2a: Hariyama|368/392 brn|[from] brn\n|upkeep\n|turn|14\n|\n|t:|1733782643\n|move|p2a: Hariyama|Facade|p1a: Enamorus\n|-damage|p1a: Enamorus|0 fnt\n|faint|p1a: Enamorus\n|\n|-damage|p2a: Hariyama|344/392 brn|[from] brn\n|upkeep\n|\n|t:|1733782649\n|switch|p1a: Honchkrow|Honchkrow, L86, F|286/312\n|turn|15\n|\n|t:|1733782676\n|move|p1a: Honchkrow|Brave Bird|p2a: Hariyama\n|-supereffective|p2a: Hariyama\n|-damage|p2a: Hariyama|0 fnt\n|faint|p2a: Hariyama\n|-ability|p1a: Honchkrow|Moxie|boost\n|-boost|p1a: Honchkrow|atk|1\n|-damage|p1a: Honchkrow|172/312|[from] Recoil\n|\n|upkeep\n|\n|t:|1733782685\n|switch|p2a: Typhlosion|Typhlosion, L84, M, tera:Fire|267/267\n|turn|16\n|inactive|Phantom000333 has 90 seconds left.\n|\n|t:|1733782695\n|move|p1a: Honchkrow|Sucker Punch|p2a: Typhlosion\n|-damage|p2a: Typhlosion|120/267\n|move|p2a: Typhlosion|Eruption|p1a: Honchkrow\n|-damage|p1a: Honchkrow|36/312\n|\n|upkeep\n|turn|17\n|\n|t:|1733782714\n|move|p1a: Honchkrow|Sucker Punch|p2a: Typhlosion\n|-damage|p2a: Typhlosion|0 fnt\n|faint|p2a: Typhlosion\n|\n|win|Phantom000333\n|raw|Phantom000333's rating: 1398 &rarr; <strong>1417</strong><br />(+19 for winning)\n|raw|mailop1's rating: 1387 &rarr; <strong>1368</strong><br />(-19 for losing)\n", "inputlog": ">version bfd83cad13791eb5a5a409923076391caf6fb4d4\n>start {\"formatid\":\"gen9randombattle\",\"seed\":[27232,52874,16795,48684],\"rated\":\"Rated battle\"}\n>player p1 {\"name\":\"Phantom000333\",\"avatar\":\"169\",\"rating\":1398,\"seed\":[63026,12417,37708,26563]}\n>player p2 {\"name\":\"mailop1\",\"avatar\":\"sailor\",\"rating\":1387,\"seed\":[52515,6896,4503,86]}\n>chat \u2606mailop1|pika pi..\n>p1 switch 4\n>p2 move volttackle\n>p1 move boomburst terastallize\n>p2 move knockoff\n>p2 switch 5\n>p1 move boomburst\n>p2 move suckerpunch\n>p2 switch 2\n>p1 move boomburst\n>p2 move bulletpunch\n>p1 switch 4\n>p1 move bravebird\n>p2 switch 3\n>p1 switch 2\n>p2 move muddywater\n>p1 move earthquake\n>p2 move muddywater\n>p1 move swordsdance\n>p2 switch 6\n>p1 move gunkshot\n>p2 move leechlife\n>p2 switch 4\n>p1 move earthquake\n>p2 move eruption terastallize\n>p1 switch 6\n>p1 move nastyplot\n>p2 switch 6\n>p1 move dracometeor\n>p2 move slackoff\n>p2 switch 3\n>p1 switch 3\n>p2 move facade\n>p1 move moonblast\n>p2 move facade\n>p1 switch 2\n>p1 move bravebird\n>p2 move closecombat\n>p2 switch 6\n>p1 move suckerpunch\n>p2 move eruption\n>p1 move suckerpunch\n>p2 move eruption", "uploadtime": 1733782720, "views": 1, "formatid": "gen9randombattle", "rating": 1368, "private": 0, "password": null}