{"id": "gen9randombattle-2260629130", "format": "[Gen 9] Random Battle", "players": ["Grizzzzz", "nappycake"], "log": "|j|\u2606Grizzzzz\n|j|\u2606nappycake\n|t:|1733871215\n|gametype|singles\n|player|p1|Grizzzzz|blue|1486\n|player|p2|nappycake|265|1447\n|teamsize|p1|6\n|teamsize|p2|6\n|gen|9\n|tier|[Gen 9] Random Battle\n|rated|\n|rule|Species Clause: Limit one of each Pok\u00e9mon\n|rule|HP Percentage Mod: HP is shown in percentages\n|rule|Sleep Clause Mod: Limit one foe put to sleep\n|rule|Illusion Level Mod: Illusion disguises the Pok\u00e9mon's true level\n|\n|t:|1733871215\n|start\n|switch|p1a: Overqwil|Overqwil, L82, F|274/274\n|switch|p2a: Golurk|Golurk, L87|297/297\n|-ability|p1a: Overqwil|Intimidate|boost\n|-unboost|p2a: Golurk|atk|1\n|turn|1\n|inactive|Battle timer is ON: inactive players will automatically lose when time's up. (requested by Grizzzzz)\n|\n|t:|1733871239\n|move|p1a: Overqwil|Swords Dance|p1a: Overqwil\n|-boost|p1a: Overqwil|atk|2\n|move|p2a: Golurk|Earthquake|p1a: Overqwil\n|-supereffective|p1a: Overqwil\n|-damage|p1a: Overqwil|2/274\n|\n|upkeep\n|turn|2\n|\n|t:|1733871249\n|-terastallize|p2a: Golurk|Ground\n|move|p1a: Overqwil|Crunch|p2a: Golurk\n|-damage|p2a: Golurk|123/297\n|move|p2a: Golurk|Earthquake|p1a: Overqwil\n|-supereffective|p1a: Overqwil\n|-damage|p1a: Overqwil|0 fnt\n|faint|p1a: Overqwil\n|\n|upkeep\n|\n|t:|1733871254\n|switch|p1a: Pelipper|Pelipper, L86, F|243/243\n|-weather|RainDance|[from] ability: Drizzle|[of] p1a: Pelipper\n|turn|3\n|\n|t:|1733871259\n|switch|p2a: Cramorant|Cramorant, L86, M|261/261\n|move|p1a: Pelipper|Weather Ball|p2a: Cramorant\n|-resisted|p2a: Cramorant\n|-damage|p2a: Cramorant|150/261\n|\n|-weather|RainDance|[upkeep]\n|upkeep\n|turn|4\n|\n|t:|1733871285\n|move|p2a: Cramorant|Brave Bird|p1a: Pelipper\n|-damage|p1a: Pelipper|144/243\n|-damage|p2a: Cramorant|117/261|[from] Recoil\n|move|p1a: Pelipper|Weather Ball|p2a: Cramorant\n|-resisted|p2a: Cramorant\n|-damage|p2a: Cramorant|6/261\n|\n|-weather|RainDance|[upkeep]\n|upkeep\n|turn|5\n|\n|t:|1733871294\n|switch|p1a: Garganacl|Garganacl, L80, F|291/291\n|move|p2a: Cramorant|Brave Bird|p1a: Garganacl\n|-resisted|p1a: Garganacl\n|-damage|p1a: Garganacl|247/291\n|-damage|p2a: Cramorant|0 fnt|[from] Recoil\n|faint|p2a: Cramorant\n|\n|-weather|RainDance|[upkeep]\n|-heal|p1a: Garganacl|265/291|[from] item: Leftovers\n|upkeep\n|\n|t:|1733871300\n|switch|p2a: Golurk|Golurk, L87, tera:Ground|123/297\n|turn|6\n|inactive|Grizzzzz has 120 seconds left.\n|\n|t:|1733871334\n|-terastallize|p1a: Garganacl|Ghost\n|move|p2a: Golurk|Dynamic Punch|p1a: Garganacl\n|-immune|p1a: Garganacl\n|move|p1a: Garganacl|Stealth Rock|p2a: Golurk\n|-sidestart|p2: nappycake|move: Stealth Rock\n|\n|-weather|RainDance|[upkeep]\n|-heal|p1a: Garganacl|283/291|[from] item: Leftovers\n|upkeep\n|turn|7\n|inactive|Grizzzzz has 120 seconds left.\n|\n|t:|1733871365\n|switch|p2a: Coalossal|Coalossal, L89, F|341/341\n|move|p1a: Garganacl|Salt Cure|p2a: Coalossal\n|-supereffective|p2a: Coalossal\n|-damage|p2a: Coalossal|279/341\n|-start|p2a: Coalossal|Salt Cure\n|\n|-weather|none\n|-heal|p1a: Garganacl|291/291|[from] item: Leftovers\n|-damage|p2a: Coalossal|237/341|[from] Salt Cure\n|upkeep\n|turn|8\n|inactive|nappycake has 120 seconds left.\n|\n|t:|1733871381\n|move|p2a: Coalossal|Flamethrower|p1a: Garganacl\n|-damage|p1a: Garganacl|189/291\n|move|p1a: Garganacl|Earthquake|p2a: Coalossal\n|-supereffective|p2a: Coalossal\n|-damage|p2a: Coalossal|37/341\n|\n|-heal|p1a: Garganacl|207/291|[from] item: Leftovers\n|-damage|p2a: Coalossal|0 fnt|[from] Salt Cure\n|faint|p2a: Coalossal\n|upkeep\n|inactive|nappycake has 120 seconds left.\n|\n|t:|1733871389\n|switch|p2a: Golurk|Golurk, L87, tera:Ground|123/297\n|-damage|p2a: Golurk|105/297|[from] Stealth Rock\n|turn|9\n|\n|t:|1733871401\n|switch|p1a: Gumshoos|Gumshoos, L95, M|321/321\n|move|p2a: Golurk|Poltergeist|p1a: Gumshoos\n|-immune|p1a: Gumshoos\n|\n|upkeep\n|turn|10\n|\n|t:|1733871412\n|switch|p2a: Chimecho|Chimecho, L93, F|290/290\n|-damage|p2a: Chimecho|254/290|[from] Stealth Rock\n|move|p1a: Gumshoos|Double-Edge|p2a: Chimecho\n|-damage|p2a: Chimecho|0 fnt\n|faint|p2a: Chimecho\n|-damage|p1a: Gumshoos|237/321|[from] Recoil\n|\n|upkeep\n|\n|t:|1733871422\n|switch|p2a: Toedscruel|Toedscruel, L87, F|281/281\n|-damage|p2a: Toedscruel|264/281|[from] Stealth Rock\n|turn|11\n|\n|t:|1733871426\n|move|p1a: Gumshoos|Double-Edge|p2a: Toedscruel\n|-damage|p2a: Toedscruel|0 fnt\n|faint|p2a: Toedscruel\n|-damage|p1a: Gumshoos|150/321|[from] Recoil\n|\n|upkeep\n|\n|t:|1733871429\n|switch|p2a: Tentacruel|Tentacruel, L84, M|272/272\n|-damage|p2a: Tentacruel|238/272|[from] Stealth Rock\n|turn|12\n|\n|t:|1733871432\n|move|p2a: Tentacruel|Toxic Spikes|p1a: Gumshoos\n|-sidestart|p1: Grizzzzz|move: Toxic Spikes\n|move|p1a: Gumshoos|Double-Edge|p2a: Tentacruel\n|-damage|p2a: Tentacruel|0 fnt\n|faint|p2a: Tentacruel\n|-damage|p1a: Gumshoos|71/321|[from] Recoil\n|\n|upkeep\n|\n|t:|1733871437\n|switch|p2a: Golurk|Golurk, L87, tera:Ground|105/297\n|-damage|p2a: Golurk|87/297|[from] Stealth Rock\n|turn|13\n|\n|t:|1733871439\n|move|p2a: Golurk|Poltergeist|p1a: Gumshoos\n|-immune|p1a: Gumshoos\n|move|p1a: Gumshoos|Double-Edge|p2a: Golurk\n|-damage|p2a: Golurk|0 fnt\n|faint|p2a: Golurk\n|-damage|p1a: Gumshoos|42/321|[from] Recoil\n|\n|win|Grizzzzz\n|raw|Grizzzzz's rating: 1486 &rarr; <strong>1504</strong><br />(+18 for winning)\n|raw|nappycake's rating: 1447 &rarr; <strong>1429</strong><br />(-18 for losing)\n|c|\u2606Grizzzzz|It doesn\u2019t affect me lol\n", "inputlog": ">version bfd83cad13791eb5a5a409923076391caf6fb4d4\n>start {\"formatid\":\"gen9randombattle\",\"seed\":[40452,4052,35908,52335],\"rated\":\"Rated battle\"}\n>player p1 {\"name\":\"Grizzzzz\",\"avatar\":\"blue\",\"rating\":1486,\"seed\":[55964,29670,13293,53054]}\n>player p2 {\"name\":\"nappycake\",\"avatar\":\"265\",\"rating\":1447,\"seed\":[31423,47364,50738,50914]}\n>p1 move swordsdance\n>p2 move earthquake\n>p1 move crunch\n>p2 move earthquake terastallize\n>p1 switch 6\n>p1 move weatherball\n>p2 switch 2\n>p1 move weatherball\n>p2 move bravebird\n>p1 switch 5\n>p2 move bravebird\n>p2 switch 2\n>p1 move stealthrock terastallize\n>p2 move dynamicpunch\n>p1 move saltcure\n>p2 switch 3\n>p1 move earthquake\n>p2 move flamethrower\n>p2 switch 3\n>p1 switch 4\n>p2 move poltergeist\n>p1 move doubleedge\n>p2 switch 6\n>p2 switch 5\n>p1 move doubleedge\n>p2 move spore\n>p2 switch 4\n>p1 move doubleedge\n>p2 move toxicspikes\n>p2 switch 6\n>p1 move doubleedge\n>p2 move poltergeist", "uploadtime": 1733871453, "views": 10, "formatid": "gen9randombattle", "rating": 1429, "private": 0, "password": null}