{"id": "gen9randombattle-2260657643", "format": "[Gen 9] Random Battle", "players": ["chhihiro", "Carltonxswag"], "log": "|j|\u2606chhihiro\n|j|\u2606Carltonxswag\n|t:|1733874745\n|gametype|singles\n|player|p1|chhihiro|aaron|\n|player|p2|Carltonxswag|266|\n|teamsize|p1|6\n|teamsize|p2|6\n|gen|9\n|tier|[Gen 9] Random Battle\n|rule|Species Clause: Limit one of each Pok\u00e9mon\n|rule|HP Percentage Mod: HP is shown in percentages\n|rule|Sleep Clause Mod: Limit one foe put to sleep\n|rule|Illusion Level Mod: Illusion disguises the Pok\u00e9mon's true level\n|\n|t:|1733874745\n|start\n|switch|p1a: Dewgong|Dewgong, L94, F|322/322\n|switch|p2a: Rotom|Rotom-Wash, L82|216/216\n|turn|1\n|j| Masonesl\n|\n|t:|1733874848\n|switch|p1a: Iron Crown|Iron Crown, L78|268/268\n|move|p2a: Rotom|Thunderbolt|p1a: Iron Crown\n|-damage|p1a: Iron Crown|174/268\n|\n|-heal|p1a: Iron Crown|190/268|[from] item: Leftovers\n|upkeep\n|turn|2\n|\n|t:|1733874963\n|switch|p2a: Vaporeon|Vaporeon, L86, F|364/364\n|move|p1a: Iron Crown|Calm Mind|p1a: Iron Crown\n|-boost|p1a: Iron Crown|spa|1\n|-boost|p1a: Iron Crown|spd|1\n|\n|-heal|p1a: Iron Crown|206/268|[from] item: Leftovers\n|upkeep\n|turn|3\n|\n|t:|1733875017\n|switch|p2a: Spidops|Spidops, L96, F|271/271\n|move|p1a: Iron Crown|Psyshock|p2a: Spidops\n|-damage|p2a: Spidops|156/271\n|\n|-heal|p1a: Iron Crown|222/268|[from] item: Leftovers\n|upkeep\n|turn|4\n|\n|t:|1733875056\n|move|p1a: Iron Crown|Tachyon Cutter|p2a: Spidops\n|-damage|p2a: Spidops|86/271\n|-damage|p2a: Spidops|5/271\n|-hitcount|p2a: Spidops|2\n|move|p2a: Spidops|Sticky Web|p1a: Iron Crown\n|-sidestart|p1: chhihiro|move: Sticky Web\n|\n|-heal|p1a: Iron Crown|238/268|[from] item: Leftovers\n|upkeep\n|turn|5\n|l| Masonesl\n|\n|t:|1733875090\n|move|p1a: Iron Crown|Calm Mind|p1a: Iron Crown\n|-boost|p1a: Iron Crown|spa|1\n|-boost|p1a: Iron Crown|spd|1\n|move|p2a: Spidops|Knock Off|p1a: Iron Crown\n|-supereffective|p1a: Iron Crown\n|-damage|p1a: Iron Crown|86/268\n|-enditem|p1a: Iron Crown|Leftovers|[from] move: Knock Off|[of] p2a: Spidops\n|\n|upkeep\n|turn|6\n|c|\u2606Carltonxswag|mason?\n|\n|t:|1733875114\n|move|p1a: Iron Crown|Psyshock|p2a: Spidops\n|-damage|p2a: Spidops|0 fnt\n|faint|p2a: Spidops\n|\n|upkeep\n|c|\u2606chhihiro|bro really said bye\n|c|\u2606chhihiro|HE SAID SEE YOU LATER\n|\n|t:|1733875130\n|switch|p2a: Trevenant|Trevenant, L88, M|293/293\n|turn|7\n|\n|t:|1733875148\n|move|p1a: Iron Crown|Tachyon Cutter|p2a: Trevenant\n|-damage|p2a: Trevenant|176/293\n|-damage|p2a: Trevenant|59/293\n|-hitcount|p2a: Trevenant|2\n|move|p2a: Trevenant|Poltergeist||[still]\n|-fail|p2a: Trevenant\n|\n|upkeep\n|turn|8\n|\n|t:|1733875198\n|move|p1a: Iron Crown|Psyshock|p2a: Trevenant\n|-damage|p2a: Trevenant|0 fnt\n|faint|p2a: Trevenant\n|\n|upkeep\n|\n|t:|1733875217\n|switch|p2a: Lunala|Lunala, L70|308/308\n|turn|9\n|\n|t:|1733875266\n|move|p1a: Iron Crown|Tachyon Cutter|p2a: Lunala\n|-damage|p2a: Lunala|248/308\n|-damage|p2a: Lunala|131/308\n|-hitcount|p2a: Lunala|2\n|move|p2a: Lunala|Moongeist Beam|p1a: Iron Crown\n|-supereffective|p1a: Iron Crown\n|-damage|p1a: Iron Crown|0 fnt\n|faint|p1a: Iron Crown\n|-end|p1a: Iron Crown|Quark Drive|[silent]\n|\n|-heal|p2a: Lunala|150/308|[from] item: Leftovers\n|upkeep\n|\n|t:|1733875283\n|switch|p1a: Arceus|Arceus-Ghost, L69|280/280\n|-activate|p1a: Arceus|move: Sticky Web\n|-unboost|p1a: Arceus|spe|1\n|turn|10\n|\n|t:|1733875300\n|move|p2a: Lunala|Moongeist Beam|p1a: Arceus\n|-supereffective|p1a: Arceus\n|-damage|p1a: Arceus|80/280\n|move|p1a: Arceus|Judgment|p2a: Lunala\n|-supereffective|p2a: Lunala\n|-damage|p2a: Lunala|0 fnt\n|faint|p2a: Lunala\n|\n|upkeep\n|\n|t:|1733875315\n|switch|p2a: Flygon|Flygon, L82, F|265/265\n|turn|11\n|\n|t:|1733875330\n|move|p2a: Flygon|Dragon Dance|p2a: Flygon\n|-boost|p2a: Flygon|atk|1\n|-boost|p2a: Flygon|spe|1\n|move|p1a: Arceus|Recover|p1a: Arceus\n|-heal|p1a: Arceus|220/280\n|\n|upkeep\n|turn|12\n|\n|t:|1733875359\n|move|p2a: Flygon|Dragon Dance|p2a: Flygon\n|-boost|p2a: Flygon|atk|1\n|-boost|p2a: Flygon|spe|1\n|move|p1a: Arceus|Judgment|p2a: Flygon\n|-damage|p2a: Flygon|156/265\n|\n|upkeep\n|turn|13\n|\n|t:|1733875369\n|move|p2a: Flygon|Outrage|p1a: Arceus\n|-damage|p1a: Arceus|0 fnt\n|faint|p1a: Arceus\n|\n|upkeep\n|\n|t:|1733875390\n|switch|p1a: Tinkaton|Tinkaton, L82, F|274/274\n|-activate|p1a: Tinkaton|move: Sticky Web\n|-unboost|p1a: Tinkaton|spe|1\n|-ability|p1a: Tinkaton|Mold Breaker\n|turn|14\n|\n|t:|1733875426\n|move|p2a: Flygon|Outrage|p1a: Tinkaton|[from]lockedmove\n|-immune|p1a: Tinkaton\n|move|p1a: Tinkaton|Gigaton Hammer|p2a: Flygon\n|-damage|p2a: Flygon|0 fnt\n|faint|p2a: Flygon\n|-damage|p1a: Tinkaton|247/274|[from] item: Life Orb\n|\n|upkeep\n|\n|t:|1733875447\n|switch|p2a: Vaporeon|Vaporeon, L86, F|364/364\n|turn|15\n|\n|t:|1733875488\n|move|p2a: Vaporeon|Scald|p1a: Tinkaton\n|-damage|p1a: Tinkaton|160/274\n|move|p1a: Tinkaton|Knock Off|p2a: Vaporeon\n|-damage|p2a: Vaporeon|267/364\n|-enditem|p2a: Vaporeon|Leftovers|[from] move: Knock Off|[of] p1a: Tinkaton\n|-damage|p1a: Tinkaton|133/274|[from] item: Life Orb\n|\n|upkeep\n|turn|16\n|\n|t:|1733875498\n|move|p2a: Vaporeon|Scald|p1a: Tinkaton\n|-damage|p1a: Tinkaton|48/274\n|-status|p1a: Tinkaton|brn\n|move|p1a: Tinkaton|Play Rough|p2a: Vaporeon|[miss]\n|-miss|p1a: Tinkaton|p2a: Vaporeon\n|\n|-damage|p1a: Tinkaton|31/274 brn|[from] brn\n|upkeep\n|turn|17\n|\n|t:|1733875522\n|move|p2a: Vaporeon|Flip Turn|p1a: Tinkaton\n|-damage|p1a: Tinkaton|0 fnt\n|faint|p1a: Tinkaton\n|\n|t:|1733875528\n|switch|p2a: Rotom|Rotom-Wash, L82|216/216|[from] Flip Turn\n|\n|upkeep\n|\n|t:|1733875536\n|switch|p1a: Golurk|Golurk, L87, shiny|297/297\n|-activate|p1a: Golurk|move: Sticky Web\n|-unboost|p1a: Golurk|spe|1\n|turn|18\n|\n|t:|1733875551\n|-terastallize|p1a: Golurk|Ghost\n|move|p2a: Rotom|Hydro Pump|p1a: Golurk\n|-damage|p1a: Golurk|176/297\n|move|p1a: Golurk|Poltergeist|p2a: Rotom\n|-activate|p2a: Rotom|move: Poltergeist|Leftovers\n|-damage|p2a: Rotom|0 fnt\n|faint|p2a: Rotom\n|-damage|p1a: Golurk|147/297|[from] item: Life Orb\n|\n|upkeep\n|\n|t:|1733875565\n|switch|p2a: Vaporeon|Vaporeon, L86, F|267/364\n|turn|19\n|\n|t:|1733875572\n|move|p2a: Vaporeon|Scald|p1a: Golurk\n|-damage|p1a: Golurk|45/297\n|move|p1a: Golurk|Poltergeist||[still]\n|-fail|p1a: Golurk\n|\n|upkeep\n|turn|20\n|\n|t:|1733875586\n|move|p2a: Vaporeon|Scald|p1a: Golurk\n|-crit|p1a: Golurk\n|-damage|p1a: Golurk|0 fnt\n|faint|p1a: Golurk\n|\n|upkeep\n|\n|t:|1733875597\n|switch|p1a: Wugtrio|Wugtrio, L91, F|212/212\n|-activate|p1a: Wugtrio|move: Sticky Web\n|-unboost|p1a: Wugtrio|spe|1\n|turn|21\n|\n|t:|1733875621\n|move|p1a: Wugtrio|Stomping Tantrum|p2a: Vaporeon\n|-damage|p2a: Vaporeon|148/364\n|move|p2a: Vaporeon|Wish|p2a: Vaporeon\n|\n|upkeep\n|turn|22\n|\n|t:|1733875631\n|move|p1a: Wugtrio|Stomping Tantrum|p2a: Vaporeon\n|-damage|p2a: Vaporeon|18/364\n|move|p2a: Vaporeon|Scald|p1a: Wugtrio\n|-resisted|p1a: Wugtrio\n|-damage|p1a: Wugtrio|159/212\n|-status|p1a: Wugtrio|brn\n|\n|-heal|p2a: Vaporeon|200/364|[from] move: Wish|[wisher] Vaporeon\n|-damage|p1a: Wugtrio|146/212 brn|[from] brn\n|upkeep\n|turn|23\n|\n|t:|1733875643\n|move|p1a: Wugtrio|Stomping Tantrum|p2a: Vaporeon\n|-damage|p2a: Vaporeon|134/364\n|move|p2a: Vaporeon|Wish|p2a: Vaporeon\n|\n|-damage|p1a: Wugtrio|133/212 brn|[from] brn\n|upkeep\n|turn|24\n|\n|t:|1733875651\n|move|p1a: Wugtrio|Stomping Tantrum|p2a: Vaporeon\n|-damage|p2a: Vaporeon|70/364\n|move|p2a: Vaporeon|Wish||[still]\n|-fail|p2a: Vaporeon\n|\n|-heal|p2a: Vaporeon|252/364|[from] move: Wish|[wisher] Vaporeon\n|-damage|p1a: Wugtrio|120/212 brn|[from] brn\n|upkeep\n|turn|25\n|\n|t:|1733875663\n|move|p1a: Wugtrio|Stomping Tantrum|p2a: Vaporeon\n|-damage|p2a: Vaporeon|186/364\n|move|p2a: Vaporeon|Wish|p2a: Vaporeon\n|\n|-damage|p1a: Wugtrio|107/212 brn|[from] brn\n|upkeep\n|turn|26\n|\n|t:|1733875671\n|move|p1a: Wugtrio|Stomping Tantrum|p2a: Vaporeon\n|-damage|p2a: Vaporeon|129/364\n|move|p2a: Vaporeon|Wish||[still]\n|-fail|p2a: Vaporeon\n|\n|-heal|p2a: Vaporeon|311/364|[from] move: Wish|[wisher] Vaporeon\n|-damage|p1a: Wugtrio|94/212 brn|[from] brn\n|upkeep\n|turn|27\n|\n|t:|1733875680\n|move|p1a: Wugtrio|Stomping Tantrum|p2a: Vaporeon\n|-damage|p2a: Vaporeon|255/364\n|move|p2a: Vaporeon|Wish|p2a: Vaporeon\n|\n|-damage|p1a: Wugtrio|81/212 brn|[from] brn\n|upkeep\n|turn|28\n|\n|t:|1733875687\n|move|p1a: Wugtrio|Stomping Tantrum|p2a: Vaporeon\n|-damage|p2a: Vaporeon|192/364\n|move|p2a: Vaporeon|Wish||[still]\n|-fail|p2a: Vaporeon\n|\n|-heal|p2a: Vaporeon|364/364|[from] move: Wish|[wisher] Vaporeon\n|-damage|p1a: Wugtrio|68/212 brn|[from] brn\n|upkeep\n|turn|29\n|\n|t:|1733875696\n|move|p1a: Wugtrio|Stomping Tantrum|p2a: Vaporeon\n|-damage|p2a: Vaporeon|300/364\n|move|p2a: Vaporeon|Wish|p2a: Vaporeon\n|\n|-damage|p1a: Wugtrio|55/212 brn|[from] brn\n|upkeep\n|turn|30\n|\n|t:|1733875706\n|move|p1a: Wugtrio|Stomping Tantrum|p2a: Vaporeon\n|-damage|p2a: Vaporeon|237/364\n|move|p2a: Vaporeon|Wish||[still]\n|-fail|p2a: Vaporeon\n|\n|-heal|p2a: Vaporeon|364/364|[from] move: Wish|[wisher] Vaporeon\n|-damage|p1a: Wugtrio|42/212 brn|[from] brn\n|upkeep\n|turn|31\n|\n|t:|1733875716\n|move|p1a: Wugtrio|Stomping Tantrum|p2a: Vaporeon\n|-damage|p2a: Vaporeon|306/364\n|move|p2a: Vaporeon|Wish|p2a: Vaporeon\n|\n|-damage|p1a: Wugtrio|29/212 brn|[from] brn\n|upkeep\n|turn|32\n|\n|t:|1733875726\n|move|p1a: Wugtrio|Stomping Tantrum|p2a: Vaporeon\n|-damage|p2a: Vaporeon|247/364\n|move|p2a: Vaporeon|Scald|p1a: Wugtrio\n|-resisted|p1a: Wugtrio\n|-damage|p1a: Wugtrio|0 fnt\n|faint|p1a: Wugtrio\n|\n|-heal|p2a: Vaporeon|364/364|[from] move: Wish|[wisher] Vaporeon\n|upkeep\n|\n|t:|1733875729\n|switch|p1a: Dewgong|Dewgong, L94, F|322/322\n|turn|33\n|\n|t:|1733875741\n|move|p2a: Vaporeon|Protect|p2a: Vaporeon\n|-singleturn|p2a: Vaporeon|Protect\n|move|p1a: Dewgong|Encore|p2a: Vaporeon\n|-activate|p2a: Vaporeon|move: Protect\n|\n|upkeep\n|turn|34\n|\n|t:|1733875780\n|move|p1a: Dewgong|Ice Beam|p2a: Vaporeon\n|-resisted|p2a: Vaporeon\n|-damage|p2a: Vaporeon|319/364\n|move|p2a: Vaporeon|Scald|p1a: Dewgong\n|-resisted|p1a: Dewgong\n|-damage|p1a: Dewgong|282/322\n|\n|upkeep\n|turn|35\n|\n|t:|1733875789\n|move|p1a: Dewgong|Ice Beam|p2a: Vaporeon\n|-resisted|p2a: Vaporeon\n|-damage|p2a: Vaporeon|277/364\n|move|p2a: Vaporeon|Scald|p1a: Dewgong\n|-resisted|p1a: Dewgong\n|-damage|p1a: Dewgong|243/322\n|\n|upkeep\n|turn|36\n|\n|t:|1733875796\n|move|p1a: Dewgong|Ice Beam|p2a: Vaporeon\n|-resisted|p2a: Vaporeon\n|-damage|p2a: Vaporeon|234/364\n|move|p2a: Vaporeon|Scald|p1a: Dewgong\n|-resisted|p1a: Dewgong\n|-damage|p1a: Dewgong|201/322\n|-status|p1a: Dewgong|brn\n|\n|-damage|p1a: Dewgong|181/322 brn|[from] brn\n|upkeep\n|turn|37\n|\n|t:|1733875808\n|move|p1a: Dewgong|Ice Beam|p2a: Vaporeon\n|-resisted|p2a: Vaporeon\n|-damage|p2a: Vaporeon|191/364\n|move|p2a: Vaporeon|Scald|p1a: Dewgong\n|-resisted|p1a: Dewgong\n|-crit|p1a: Dewgong\n|-damage|p1a: Dewgong|114/322 brn\n|\n|-damage|p1a: Dewgong|94/322 brn|[from] brn\n|upkeep\n|turn|38\n|\n|t:|1733875818\n|move|p1a: Dewgong|Ice Beam|p2a: Vaporeon\n|-resisted|p2a: Vaporeon\n|-damage|p2a: Vaporeon|148/364\n|-status|p2a: Vaporeon|frz\n|-curestatus|p2a: Vaporeon|frz|[from] move: Scald\n|move|p2a: Vaporeon|Scald|p1a: Dewgong\n|-resisted|p1a: Dewgong\n|-damage|p1a: Dewgong|53/322 brn\n|\n|-damage|p1a: Dewgong|33/322 brn|[from] brn\n|upkeep\n|turn|39\n|\n|t:|1733875828\n|move|p1a: Dewgong|Ice Beam|p2a: Vaporeon\n|-resisted|p2a: Vaporeon\n|-damage|p2a: Vaporeon|103/364\n|move|p2a: Vaporeon|Scald|p1a: Dewgong\n|-resisted|p1a: Dewgong\n|-damage|p1a: Dewgong|0 fnt\n|faint|p1a: Dewgong\n|\n|win|Carltonxswag\n|l|\u2606chhihiro\n|player|p1|\n", "inputlog": ">version bfd83cad13791eb5a5a409923076391caf6fb4d4\n>start {\"formatid\":\"gen9randombattle\",\"seed\":[61653,39787,33246,63582]}\n>player p1 {\"name\":\"chhihiro\",\"avatar\":\"aaron\",\"rating\":0,\"seed\":[31070,55601,46533,29153]}\n>player p2 {\"name\":\"Carltonxswag\",\"avatar\":\"266\",\"rating\":0,\"seed\":[12291,8293,62129,12919]}\n>p1 switch 2\n>p2 move thunderbolt\n>p1 move calmmind\n>p2 switch 3\n>p1 move psyshock\n>p2 switch 5\n>p1 move tachyoncutter\n>p2 move stickyweb\n>p1 move calmmind\n>p2 move knockoff\n>chat \u2606Carltonxswag|mason?\n>p1 move psyshock\n>p2 move knockoff\n>chat \u2606chhihiro|bro really said bye\n>chat \u2606chhihiro|HE SAID SEE YOU LATER\n>p2 switch 6\n>p1 move tachyoncutter\n>p2 move poltergeist\n>p1 move psyshock\n>p2 move poltergeist\n>p2 switch 4\n>p1 move tachyoncutter\n>p2 move moongeistbeam\n>p1 switch 6\n>p1 move judgment\n>p2 move moongeistbeam\n>p2 switch 2\n>p1 move recover\n>p2 move dragondance\n>p1 move judgment\n>p2 move dragondance\n>p1 move judgment\n>p2 move outrage\n>p1 switch 4\n>p1 move gigatonhammer\n>p2 move outrage\n>p2 switch 5\n>p1 move knockoff\n>p2 move scald\n>p1 move playrough\n>p2 move scald\n>p1 move playrough\n>p2 move flipturn\n>p2 switch 3\n>p1 switch 5\n>p1 move poltergeist terastallize\n>p2 move hydropump\n>p2 switch 3\n>p1 move poltergeist\n>p2 move scald\n>p1 move earthquake\n>p2 move scald\n>p1 switch 3\n>p1 move stompingtantrum\n>p2 move wish\n>p1 move stompingtantrum\n>p2 move scald\n>p1 move stompingtantrum\n>p2 move wish\n>p1 move stompingtantrum\n>p2 move wish\n>p1 move stompingtantrum\n>p2 move wish\n>p1 move stompingtantrum\n>p2 move wish\n>p1 move stompingtantrum\n>p2 move wish\n>p1 move stompingtantrum\n>p2 move wish\n>p1 move stompingtantrum\n>p2 move wish\n>p1 move stompingtantrum\n>p2 move wish\n>p1 move stompingtantrum\n>p2 move wish\n>p1 move stompingtantrum\n>p2 move scald\n>p1 switch 2\n>p1 move encore\n>p2 move protect\n>p1 move icebeam\n>p2 move scald\n>p1 move icebeam\n>p2 move scald\n>p1 move icebeam\n>p2 move scald\n>p1 move icebeam\n>p2 move scald\n>p1 move icebeam\n>p2 move scald\n>p1 move icebeam\n>p2 move scald", "uploadtime": 1733875839, "views": 5, "formatid": "gen9randombattle", "rating": null, "private": 0, "password": null}