{"id": "gen9randombattle-2113760118", "format": "[Gen 9] Random Battle", "players": ["hirooka", "freezai"], "log": "|badge|p1|bronze|gen9randombattle|100-1\n|html|<div class=\"broadcast-red\"><strong>This battle is required to be public due to one or more player having a season medal.</strong><br />During the public phase, you can discuss the state of the ladder <a href=\"/seasondiscussion\">in a special chatroom.</a></div>\n|uhtml|medal-msg|<div class=\"broadcast-blue\">Curious what those medals under the avatar are? PS now has Ladder Seasons! For more information, check out the <a href=\"https://www.smogon.com/forums/threads/3740067/\">thread on Smogon.</a></div>\n|badge|p2|gold|gen9randombattle|3-1\n|uhtml|medal-msg|<div class=\"broadcast-blue\">Curious what those medals under the avatar are? PS now has Ladder Seasons! For more information, check out the <a href=\"https://www.smogon.com/forums/threads/3740067/\">thread on Smogon.</a></div>\n|raw|<div class=\"broadcast-blue\"><strong>This battle is required to be public due to a player having a name starting with 'medal'.</div>\n|j|\u2606hirooka\n|j|\u2606freezai\n|t:|1714360525\n|gametype|singles\n|player|p1|hirooka|dawn|2392\n|player|p2|freezai|#scl1breakers|2533\n|teamsize|p1|6\n|teamsize|p2|6\n|gen|9\n|tier|[Gen 9] Random Battle\n|rated|\n|rule|Species Clause: Limit one of each Pok\u00e9mon\n|rule|HP Percentage Mod: HP is shown in percentages\n|rule|Sleep Clause Mod: Limit one foe put to sleep\n|rule|Illusion Level Mod: Illusion disguises the Pok\u00e9mon's true level\n|\n|t:|1714360525\n|start\n|switch|p1a: Baxcalibur|Baxcalibur, L75, F|295/295\n|switch|p2a: Cinderace|Cinderace, L77, M|250/250\n|turn|1\n|inactive|Battle timer is ON: inactive players will automatically lose when time's up. (requested by freezai)\n|inactive|hirooka also wants the timer to be on.\n|\n|t:|1714360544\n|switch|p1a: Gliscor|Gliscor, L76, F|239/239\n|move|p2a: Cinderace|U-turn|p1a: Gliscor\n|-start|p2a: Cinderace|typechange|Bug|[from] ability: Libero\n|-resisted|p1a: Gliscor\n|-damage|p1a: Gliscor|212/239\n|\n|t:|1714360560\n|switch|p2a: Fezandipiti|Fezandipiti, L81, M|275/275|[from] U-turn\n|\n|-status|p1a: Gliscor|tox|[from] item: Toxic Orb\n|upkeep\n|turn|2\n|j| Node15\n|\n|t:|1714360570\n|switch|p2a: Pelipper|Pelipper, L86, F|243/243\n|-weather|RainDance|[from] ability: Drizzle|[of] p2a: Pelipper\n|move|p1a: Gliscor|Earthquake|p2a: Pelipper\n|-immune|p2a: Pelipper\n|\n|-weather|RainDance|[upkeep]\n|-heal|p1a: Gliscor|239/239 tox|[from] ability: Poison Heal\n|upkeep\n|turn|3\n|\n|t:|1714360582\n|move|p1a: Gliscor|Protect|p1a: Gliscor\n|-singleturn|p1a: Gliscor|Protect\n|move|p2a: Pelipper|Surf|p1a: Gliscor\n|-activate|p1a: Gliscor|move: Protect\n|\n|-weather|RainDance|[upkeep]\n|upkeep\n|turn|4\n|\n|t:|1714360599\n|switch|p1a: Baxcalibur|Baxcalibur, L75, F|295/295\n|move|p2a: Pelipper|Surf|p1a: Baxcalibur\n|-resisted|p1a: Baxcalibur\n|-damage|p1a: Baxcalibur|178/295\n|\n|-weather|RainDance|[upkeep]\n|upkeep\n|turn|5\n|\n|t:|1714360615\n|switch|p2a: Cinderace|Cinderace, L77, M|250/250\n|move|p1a: Baxcalibur|Icicle Spear|p2a: Cinderace\n|-resisted|p2a: Cinderace\n|-damage|p2a: Cinderace|232/250\n|-resisted|p2a: Cinderace\n|-damage|p2a: Cinderace|214/250\n|-resisted|p2a: Cinderace\n|-damage|p2a: Cinderace|196/250\n|-resisted|p2a: Cinderace\n|-damage|p2a: Cinderace|177/250\n|-hitcount|p2a: Cinderace|4\n|\n|-weather|RainDance|[upkeep]\n|upkeep\n|turn|6\n|\n|t:|1714360623\n|switch|p1a: Gliscor|Gliscor, L76, F|239/239 tox\n|move|p2a: Cinderace|U-turn|p1a: Gliscor\n|-start|p2a: Cinderace|typechange|Bug|[from] ability: Libero\n|-resisted|p1a: Gliscor\n|-damage|p1a: Gliscor|209/239 tox\n|\n|t:|1714360630\n|switch|p2a: Pelipper|Pelipper, L86, F|243/243|[from] U-turn\n|\n|-weather|none\n|-heal|p1a: Gliscor|238/239 tox|[from] ability: Poison Heal\n|upkeep\n|turn|7\n|\n|t:|1714360659\n|move|p1a: Gliscor|Protect|p1a: Gliscor\n|-singleturn|p1a: Gliscor|Protect\n|move|p2a: Pelipper|Surf|p1a: Gliscor\n|-activate|p1a: Gliscor|move: Protect\n|\n|-heal|p1a: Gliscor|239/239 tox|[from] ability: Poison Heal\n|upkeep\n|turn|8\n|\n|t:|1714360664\n|switch|p1a: Articuno|Articuno-Galar, L83|285/285\n|switch|p2a: Goodra|Goodra, L85, M|292/292\n|\n|upkeep\n|turn|9\n|\n|t:|1714360679\n|move|p1a: Articuno|Calm Mind|p1a: Articuno\n|-boost|p1a: Articuno|spa|1\n|-boost|p1a: Articuno|spd|1\n|move|p2a: Goodra|Draco Meteor|p1a: Articuno\n|-crit|p1a: Articuno\n|-damage|p1a: Articuno|65/285\n|-unboost|p2a: Goodra|spa|2\n|\n|upkeep\n|turn|10\n|inactive|hirooka has 120 seconds left.\n|\n|t:|1714360719\n|switch|p2a: Coalossal|Coalossal, L89, F|341/341\n|move|p1a: Articuno|Freezing Glare|p2a: Coalossal\n|-damage|p2a: Coalossal|188/341\n|\n|upkeep\n|turn|11\n|\n|t:|1714360726\n|switch|p1a: Sudowoodo|Sudowoodo, L93, F|281/281\n|move|p2a: Coalossal|Stealth Rock|p1a: Sudowoodo\n|-sidestart|p1: hirooka|move: Stealth Rock\n|\n|upkeep\n|turn|12\n|\n|t:|1714360750\n|move|p1a: Sudowoodo|Head Smash|p2a: Coalossal|[miss]\n|-miss|p1a: Sudowoodo|p2a: Coalossal\n|move|p2a: Coalossal|Rapid Spin|p1a: Sudowoodo\n|-resisted|p1a: Sudowoodo\n|-damage|p1a: Sudowoodo|269/281\n|-boost|p2a: Coalossal|spe|1\n|\n|upkeep\n|turn|13\n|inactive|freezai has 120 seconds left.\n|\n|t:|1714360772\n|move|p2a: Coalossal|Overheat|p1a: Sudowoodo\n|-resisted|p1a: Sudowoodo\n|-damage|p1a: Sudowoodo|190/281\n|-unboost|p2a: Coalossal|spa|2\n|move|p1a: Sudowoodo|Head Smash|p2a: Coalossal\n|-supereffective|p2a: Coalossal\n|-damage|p2a: Coalossal|0 fnt\n|faint|p2a: Coalossal\n|\n|upkeep\n|inactive|freezai has 120 seconds left.\n|\n|t:|1714360778\n|switch|p2a: Pelipper|Pelipper, L86, F|243/243\n|-weather|RainDance|[from] ability: Drizzle|[of] p2a: Pelipper\n|turn|14\n|inactive|freezai has 120 seconds left.\n|\n|t:|1714360798\n|move|p2a: Pelipper|Surf|p1a: Sudowoodo\n|-supereffective|p1a: Sudowoodo\n|-damage|p1a: Sudowoodo|0 fnt\n|faint|p1a: Sudowoodo\n|\n|-weather|RainDance|[upkeep]\n|upkeep\n|\n|t:|1714360807\n|switch|p1a: Articuno|Articuno-Galar, L83|65/285\n|turn|15\n|\n|t:|1714360810\n|move|p1a: Articuno|Hurricane|p2a: Pelipper\n|-damage|p2a: Pelipper|75/243\n|move|p2a: Pelipper|Surf|p1a: Articuno\n|-damage|p1a: Articuno|0 fnt\n|faint|p1a: Articuno\n|\n|-weather|RainDance|[upkeep]\n|upkeep\n|j| mothystew\n|\n|t:|1714360817\n|switch|p1a: Baxcalibur|Baxcalibur, L75, F|178/295\n|-damage|p1a: Baxcalibur|105/295|[from] Stealth Rock\n|turn|16\n|\n|t:|1714360820\n|switch|p2a: Fezandipiti|Fezandipiti, L81, M|275/275\n|move|p1a: Baxcalibur|Scale Shot|p2a: Fezandipiti\n|-immune|p2a: Fezandipiti\n|\n|-weather|RainDance|[upkeep]\n|upkeep\n|turn|17\n|\n|t:|1714360830\n|switch|p1a: Gliscor|Gliscor, L76, F|239/239 tox\n|-damage|p1a: Gliscor|210/239 tox|[from] Stealth Rock\n|move|p2a: Fezandipiti|Play Rough|p1a: Gliscor|[miss]\n|-miss|p2a: Fezandipiti|p1a: Gliscor\n|\n|-weather|RainDance|[upkeep]\n|-heal|p1a: Gliscor|239/239 tox|[from] ability: Poison Heal\n|upkeep\n|turn|18\n|inactive|hirooka has 120 seconds left.\n|inactive|freezai has 120 seconds left.\n|\n|t:|1714360886\n|move|p2a: Fezandipiti|Play Rough|p1a: Gliscor\n|-damage|p1a: Gliscor|148/239 tox\n|-damage|p2a: Fezandipiti|248/275|[from] item: Life Orb\n|move|p1a: Gliscor|Knock Off|p2a: Fezandipiti\n|-resisted|p2a: Fezandipiti\n|-damage|p2a: Fezandipiti|216/275\n|-enditem|p2a: Fezandipiti|Life Orb|[from] move: Knock Off|[of] p1a: Gliscor\n|\n|-weather|none\n|-heal|p1a: Gliscor|177/239 tox|[from] ability: Poison Heal\n|upkeep\n|turn|19\n|inactive|freezai has 120 seconds left.\n|\n|t:|1714360901\n|move|p2a: Fezandipiti|Play Rough|p1a: Gliscor|[miss]\n|-miss|p2a: Fezandipiti|p1a: Gliscor\n|move|p1a: Gliscor|Knock Off|p2a: Fezandipiti\n|-resisted|p2a: Fezandipiti\n|-damage|p2a: Fezandipiti|194/275\n|\n|-heal|p1a: Gliscor|206/239 tox|[from] ability: Poison Heal\n|upkeep\n|turn|20\n|inactive|freezai has 120 seconds left.\n|\n|t:|1714360909\n|move|p2a: Fezandipiti|Play Rough|p1a: Gliscor\n|-damage|p1a: Gliscor|137/239 tox\n|move|p1a: Gliscor|Knock Off|p2a: Fezandipiti\n|-resisted|p2a: Fezandipiti\n|-damage|p2a: Fezandipiti|172/275\n|\n|-heal|p1a: Gliscor|166/239 tox|[from] ability: Poison Heal\n|upkeep\n|turn|21\n|\n|t:|1714360913\n|switch|p2a: Pelipper|Pelipper, L86, F|75/243\n|-weather|RainDance|[from] ability: Drizzle|[of] p2a: Pelipper\n|move|p1a: Gliscor|Knock Off|p2a: Pelipper\n|-damage|p2a: Pelipper|22/243\n|-enditem|p2a: Pelipper|Choice Specs|[from] move: Knock Off|[of] p1a: Gliscor\n|\n|-weather|RainDance|[upkeep]\n|-heal|p1a: Gliscor|195/239 tox|[from] ability: Poison Heal\n|upkeep\n|turn|22\n|\n|t:|1714360932\n|move|p1a: Gliscor|Knock Off|p2a: Pelipper\n|-damage|p2a: Pelipper|0 fnt\n|faint|p2a: Pelipper\n|\n|-weather|RainDance|[upkeep]\n|-heal|p1a: Gliscor|224/239 tox|[from] ability: Poison Heal\n|upkeep\n|\n|t:|1714360934\n|switch|p2a: Sinistcha|Sinistcha, L83|254/254\n|turn|23\n|inactive|freezai has 120 seconds left.\n|\n|t:|1714360955\n|switch|p1a: Inteleon|Inteleon, L81, M|246/246\n|-damage|p1a: Inteleon|216/246|[from] Stealth Rock\n|-terastallize|p2a: Sinistcha|Steel\n|move|p2a: Sinistcha|Calm Mind|p2a: Sinistcha\n|-boost|p2a: Sinistcha|spa|1\n|-boost|p2a: Sinistcha|spd|1\n|\n|-weather|RainDance|[upkeep]\n|upkeep\n|turn|24\n|inactive|freezai has 120 seconds left.\n|\n|t:|1714360969\n|switch|p2a: Goodra|Goodra, L85, M|292/292\n|-terastallize|p1a: Inteleon|Water\n|move|p1a: Inteleon|Hydro Pump|p2a: Goodra|[miss]\n|-miss|p1a: Inteleon|p2a: Goodra\n|\n|-weather|RainDance|[upkeep]\n|upkeep\n|turn|25\n|\n|t:|1714360976\n|switch|p1a: Baxcalibur|Baxcalibur, L75, F|105/295\n|-damage|p1a: Baxcalibur|32/295|[from] Stealth Rock\n|move|p2a: Goodra|Draco Meteor|p1a: Baxcalibur\n|-supereffective|p1a: Baxcalibur\n|-damage|p1a: Baxcalibur|0 fnt\n|-unboost|p2a: Goodra|spa|2\n|faint|p1a: Baxcalibur\n|\n|-weather|none\n|upkeep\n|\n|t:|1714360978\n|switch|p1a: Gliscor|Gliscor, L76, F|224/239 tox\n|-damage|p1a: Gliscor|195/239 tox|[from] Stealth Rock\n|turn|26\n|\n|t:|1714360985\n|move|p1a: Gliscor|Earthquake|p2a: Goodra\n|-damage|p2a: Goodra|199/292\n|move|p2a: Goodra|Draco Meteor|p1a: Gliscor\n|-damage|p1a: Gliscor|93/239 tox\n|-unboost|p2a: Goodra|spa|2\n|\n|-heal|p1a: Gliscor|122/239 tox|[from] ability: Poison Heal\n|upkeep\n|turn|27\n|\n|t:|1714360996\n|switch|p2a: Fezandipiti|Fezandipiti, L81, M|172/275\n|move|p1a: Gliscor|Protect||[still]\n|-fail|p1a: Gliscor\n|\n|-heal|p1a: Gliscor|151/239 tox|[from] ability: Poison Heal\n|upkeep\n|turn|28\n|\n|t:|1714361001\n|move|p1a: Gliscor|Protect|p1a: Gliscor\n|-singleturn|p1a: Gliscor|Protect\n|move|p2a: Fezandipiti|Play Rough|p1a: Gliscor\n|-activate|p1a: Gliscor|move: Protect\n|\n|-heal|p1a: Gliscor|180/239 tox|[from] ability: Poison Heal\n|upkeep\n|turn|29\n|\n|t:|1714361004\n|move|p2a: Fezandipiti|Play Rough|p1a: Gliscor\n|-crit|p1a: Gliscor\n|-damage|p1a: Gliscor|63/239 tox\n|move|p1a: Gliscor|Earthquake|p2a: Fezandipiti\n|-supereffective|p2a: Fezandipiti\n|-damage|p2a: Fezandipiti|0 fnt\n|faint|p2a: Fezandipiti\n|\n|-heal|p1a: Gliscor|92/239 tox|[from] ability: Poison Heal\n|upkeep\n|\n|t:|1714361009\n|switch|p2a: Sinistcha|Sinistcha, L83, tera:Steel|254/254\n|turn|30\n|\n|t:|1714361013\n|switch|p1a: Conkeldurr|Conkeldurr, L80, M|299/299\n|-damage|p1a: Conkeldurr|281/299|[from] Stealth Rock\n|move|p2a: Sinistcha|Matcha Gotcha|p1a: Conkeldurr\n|-damage|p1a: Conkeldurr|146/299\n|\n|-status|p1a: Conkeldurr|brn|[from] item: Flame Orb\n|upkeep\n|turn|31\n|\n|t:|1714361029\n|switch|p2a: Cinderace|Cinderace, L77, M|177/250\n|move|p1a: Conkeldurr|Close Combat|p2a: Cinderace\n|-damage|p2a: Cinderace|0 fnt\n|-unboost|p1a: Conkeldurr|def|1\n|-unboost|p1a: Conkeldurr|spd|1\n|faint|p2a: Cinderace\n|\n|-damage|p1a: Conkeldurr|128/299 brn|[from] brn\n|upkeep\n|\n|t:|1714361034\n|switch|p2a: Sinistcha|Sinistcha, L83, tera:Steel|254/254\n|turn|32\n|\n|t:|1714361040\n|move|p1a: Conkeldurr|Mach Punch|p2a: Sinistcha\n|-supereffective|p2a: Sinistcha\n|-damage|p2a: Sinistcha|116/254\n|move|p2a: Sinistcha|Matcha Gotcha|p1a: Conkeldurr\n|-damage|p1a: Conkeldurr|0 fnt\n|-heal|p2a: Sinistcha|180/254|[from] drain|[of] p1a: Conkeldurr\n|faint|p1a: Conkeldurr\n|\n|-heal|p2a: Sinistcha|195/254|[from] item: Leftovers\n|upkeep\n|\n|t:|1714361045\n|switch|p1a: Inteleon|Inteleon, L81, M, tera:Water|216/246\n|-damage|p1a: Inteleon|186/246|[from] Stealth Rock\n|turn|33\n|\n|t:|1714361059\n|switch|p2a: Goodra|Goodra, L85, M|199/292\n|move|p1a: Inteleon|U-turn|p2a: Goodra\n|-damage|p2a: Goodra|152/292\n|\n|t:|1714361061\n|switch|p1a: Gliscor|Gliscor, L76, F|92/239 tox|[from] U-turn\n|-damage|p1a: Gliscor|63/239 tox|[from] Stealth Rock\n|\n|-heal|p1a: Gliscor|92/239 tox|[from] ability: Poison Heal\n|upkeep\n|turn|34\n|\n|t:|1714361066\n|move|p1a: Gliscor|Earthquake|p2a: Goodra\n|-damage|p2a: Goodra|47/292\n|move|p2a: Goodra|Draco Meteor|p1a: Gliscor\n|-damage|p1a: Gliscor|0 fnt\n|-unboost|p2a: Goodra|spa|2\n|faint|p1a: Gliscor\n|\n|upkeep\n|\n|t:|1714361069\n|switch|p1a: Inteleon|Inteleon, L81, M, tera:Water|186/246\n|-damage|p1a: Inteleon|156/246|[from] Stealth Rock\n|turn|35\n|j| randemaus\n|\n|t:|1714361086\n|move|p1a: Inteleon|Hydro Pump|p2a: Goodra\n|-resisted|p2a: Goodra\n|-damage|p2a: Goodra|0 fnt\n|faint|p2a: Goodra\n|\n|upkeep\n|\n|t:|1714361088\n|switch|p2a: Sinistcha|Sinistcha, L83, tera:Steel|195/254\n|turn|36\n|\n|t:|1714361091\n|move|p1a: Inteleon|Hydro Pump|p2a: Sinistcha\n|-crit|p2a: Sinistcha\n|-damage|p2a: Sinistcha|0 fnt\n|faint|p2a: Sinistcha\n|\n|win|hirooka\n|raw|hirooka's rating: 2407 &rarr; <strong>2434</strong><br />(+27 for winning)\n|raw|freezai's rating: 2533 &rarr; <strong>2506</strong><br />(-27 for losing)\n|l|\u2606freezai\n|player|p2|\n|c|\u2606hirooka|gg\n|l| Node15\n", "inputlog": ">version b84337b8f7878220839aa0c41b4e8e9021e31424\n>start {\"formatid\":\"gen9randombattle\",\"seed\":[39804,58425,6452,37578],\"rated\":\"Rated battle\"}\n>player p1 {\"name\":\"hirooka\",\"avatar\":\"dawn\",\"rating\":2392,\"seed\":[3652,53966,42387,19895]}\n>player p2 {\"name\":\"freezai\",\"avatar\":\"#scl1breakers\",\"rating\":2533,\"seed\":[31437,57011,37385,35904]}\n>p1 switch 5\n>p2 move uturn\n>p2 switch 6\n>p1 move earthquake\n>p2 switch 4\n>p1 move protect\n>p2 move surf\n>p1 switch 5\n>p2 move surf\n>p1 move iciclespear\n>p2 switch 6\n>p1 switch 5\n>p2 move uturn\n>p2 switch 6\n>p1 move protect\n>p2 move surf\n>p1 switch 2\n>p2 switch 5\n>p1 move calmmind\n>p2 move dracometeor\n>p1 move freezingglare\n>p2 switch 2\n>p1 switch 3\n>p2 move stealthrock\n>p1 move headsmash\n>p2 move rapidspin\n>p1 move headsmash\n>p2 move overheat\n>p2 switch 5\n>p1 move headsmash\n>p2 move surf\n>p1 switch 3\n>p1 move hurricane\n>p2 move surf\n>p1 switch 5\n>p1 move scaleshot\n>p2 switch 4\n>p1 switch 2\n>p2 move playrough\n>p1 move knockoff\n>p2 move playrough\n>p1 move knockoff\n>p2 move playrough\n>p1 move knockoff\n>p2 move playrough\n>p1 move knockoff\n>p2 switch 4\n>chat  pikaxxxu|hello\n>p1 move knockoff\n>p2 move surf\n>p2 switch 3\n>p1 switch 4\n>p2 move calmmind terastallize\n>p1 move hydropump terastallize\n>p2 switch 2\n>p1 switch 2\n>p2 move dracometeor\n>p1 switch 4\n>p1 move earthquake\n>p2 move dracometeor\n>p1 move protect\n>p2 switch 4\n>p1 move protect\n>p2 move playrough\n>p1 move earthquake\n>p2 move playrough\n>p2 switch 2\n>p1 switch 6\n>p2 move matchagotcha\n>p1 move closecombat\n>p2 switch 6\n>p2 switch 6\n>p1 move machpunch\n>p2 move matchagotcha\n>p1 switch 2\n>p1 move uturn\n>p2 switch 4\n>p1 switch 6\n>p1 move earthquake\n>p2 move dracometeor\n>p1 switch 6\n>p1 move hydropump\n>p2 move powerwhip\n>p2 switch 4\n>p1 move hydropump\n>p2 move matchagotcha", "uploadtime": 1714361101, "views": 270, "formatid": "gen9randombattle", "rating": 2434, "private": 0, "password": null}