{"id": "gen9randombattle-2260847271", "format": "[Gen 9] Random Battle", "players": ["Randoun", "Mumet"], "log": "|j|\u2606Randoun\n|j|\u2606Mumet\n|t:|1733903360\n|gametype|singles\n|player|p1|Randoun|170|1568\n|player|p2|Mumet|n|1557\n|teamsize|p1|6\n|teamsize|p2|6\n|gen|9\n|tier|[Gen 9] Random Battle\n|rated|\n|rule|Species Clause: Limit one of each Pok\u00e9mon\n|rule|HP Percentage Mod: HP is shown in percentages\n|rule|Sleep Clause Mod: Limit one foe put to sleep\n|rule|Illusion Level Mod: Illusion disguises the Pok\u00e9mon's true level\n|\n|t:|1733903360\n|start\n|switch|p1a: Blaziken|Blaziken, L76, F|247/247\n|switch|p2a: Dedenne|Dedenne, L88, M|261/261\n|turn|1\n|inactive|Battle timer is ON: inactive players will automatically lose when time's up. (requested by Mumet)\n|inactive|Mumet has 120 seconds left.\n|\n|t:|1733903407\n|move|p2a: Dedenne|U-turn|p1a: Blaziken\n|-resisted|p1a: Blaziken\n|-damage|p1a: Blaziken|235/247\n|\n|t:|1733903410\n|switch|p2a: Talonflame|Talonflame, L83, M|265/265|[from] U-turn\n|move|p1a: Blaziken|Swords Dance|p1a: Blaziken\n|-boost|p1a: Blaziken|atk|2\n|\n|-ability|p1a: Blaziken|Speed Boost|boost\n|-boost|p1a: Blaziken|spe|1\n|upkeep\n|turn|2\n|\n|t:|1733903424\n|move|p2a: Talonflame|Brave Bird|p1a: Blaziken\n|-supereffective|p1a: Blaziken\n|-damage|p1a: Blaziken|0 fnt\n|faint|p1a: Blaziken\n|-damage|p2a: Talonflame|187/265|[from] Recoil\n|\n|upkeep\n|\n|t:|1733903430\n|switch|p1a: Slowking|Slowking, L88, M|310/310\n|turn|3\n|\n|t:|1733903443\n|switch|p2a: Gogoat|Gogoat, L88, F|360/360\n|move|p1a: Slowking|Scald|p2a: Gogoat\n|-resisted|p2a: Gogoat\n|-damage|p2a: Gogoat|307/360\n|\n|-heal|p2a: Gogoat|329/360|[from] item: Leftovers\n|upkeep\n|turn|4\n|\n|t:|1733903453\n|move|p2a: Gogoat|Horn Leech|p1a: Slowking\n|-supereffective|p1a: Slowking\n|-damage|p1a: Slowking|130/310\n|-heal|p2a: Gogoat|360/360|[from] drain|[of] p1a: Slowking\n|move|p1a: Slowking|Scald|p2a: Gogoat\n|-resisted|p2a: Gogoat\n|-damage|p2a: Gogoat|313/360\n|-status|p2a: Gogoat|brn\n|\n|-heal|p2a: Gogoat|335/360 brn|[from] item: Leftovers\n|-heal|p1a: Slowking|149/310|[from] item: Leftovers\n|-damage|p2a: Gogoat|313/360 brn|[from] brn\n|upkeep\n|turn|5\n|\n|t:|1733903467\n|switch|p1a: Brambleghast|Brambleghast, L88, M|240/240\n|move|p2a: Gogoat|Bulk Up|p2a: Gogoat\n|-boost|p2a: Gogoat|atk|1\n|-boost|p2a: Gogoat|def|1\n|\n|-heal|p2a: Gogoat|335/360 brn|[from] item: Leftovers\n|-damage|p2a: Gogoat|313/360 brn|[from] brn\n|upkeep\n|turn|6\n|\n|t:|1733903483\n|switch|p2a: Dedenne|Dedenne, L88, M|219/219\n|move|p1a: Brambleghast|Spikes|p2a: Dedenne\n|-sidestart|p2: Mumet|Spikes\n|\n|upkeep\n|turn|7\n|\n|t:|1733903498\n|move|p2a: Dedenne|Poltergeist|p1a: Brambleghast\n|-activate|p1a: Brambleghast|move: Poltergeist|Leftovers\n|-supereffective|p1a: Brambleghast\n|-damage|p1a: Brambleghast|0 fnt\n|faint|p1a: Brambleghast\n|-damage|p2a: Dedenne|198/219|[from] item: Life Orb\n|\n|upkeep\n|\n|t:|1733903504\n|switch|p1a: Greedent|Greedent, L86, F|347/347\n|turn|8\n|\n|t:|1733903509\n|move|p2a: Dedenne|Will-O-Wisp|p1a: Greedent\n|-status|p1a: Greedent|brn\n|move|p1a: Greedent|Body Slam|p2a: Dedenne\n|-immune|p2a: Dedenne\n|\n|-damage|p1a: Greedent|326/347 brn|[from] brn\n|upkeep\n|turn|9\n|\n|t:|1733903518\n|move|p2a: Dedenne|Hyper Voice|p1a: Greedent\n|-damage|p1a: Greedent|169/347 brn\n|-enditem|p1a: Greedent|Sitrus Berry|[eat]\n|-heal|p1a: Greedent|255/347 brn|[from] item: Sitrus Berry\n|-heal|p1a: Greedent|347/347 brn|[from] ability: Cheek Pouch\n|-damage|p2a: Dedenne|177/219|[from] item: Life Orb\n|move|p1a: Greedent|Knock Off|p2a: Dedenne\n|-supereffective|p2a: Dedenne\n|-damage|p2a: Dedenne|85/219\n|replace|p2a: Zoroark|Zoroark-Hisui, L80, M\n|-end|p2a: Zoroark|Illusion\n|-hint|Illusion Level Mod is active, so this Pok\u00e9mon's true level was hidden.\n|-enditem|p2a: Zoroark|Life Orb|[from] move: Knock Off|[of] p1a: Greedent\n|\n|-damage|p1a: Greedent|326/347 brn|[from] brn\n|upkeep\n|turn|10\n|\n|t:|1733903534\n|move|p2a: Zoroark|Focus Blast|p1a: Greedent\n|-supereffective|p1a: Greedent\n|-damage|p1a: Greedent|118/347 brn\n|move|p1a: Greedent|Knock Off|p2a: Zoroark\n|-supereffective|p2a: Zoroark\n|-damage|p2a: Zoroark|24/219\n|\n|-damage|p1a: Greedent|97/347 brn|[from] brn\n|upkeep\n|turn|11\n|\n|t:|1733903543\n|move|p2a: Zoroark|Hyper Voice|p1a: Greedent\n|-damage|p1a: Greedent|0 fnt\n|faint|p1a: Greedent\n|\n|upkeep\n|\n|t:|1733903547\n|switch|p1a: Slither Wing|Slither Wing, L81|270/270\n|turn|12\n|\n|t:|1733903553\n|move|p2a: Zoroark|Will-O-Wisp|p1a: Slither Wing\n|-status|p1a: Slither Wing|brn\n|move|p1a: Slither Wing|U-turn|p2a: Zoroark\n|-resisted|p2a: Zoroark\n|-damage|p2a: Zoroark|0 fnt\n|faint|p2a: Zoroark\n|\n|t:|1733903558\n|-end|p1a: Slither Wing|Protosynthesis|[silent]\n|switch|p1a: Slowking|Slowking, L88, M|252/310|[from] U-turn\n|\n|-heal|p1a: Slowking|271/310|[from] item: Leftovers\n|upkeep\n|\n|t:|1733903571\n|switch|p2a: Gogoat|Gogoat, L88, F|313/360 brn\n|-damage|p2a: Gogoat|268/360 brn|[from] Spikes\n|turn|13\n|\n|t:|1733903579\n|switch|p2a: Talonflame|Talonflame, L83, M|187/265\n|move|p1a: Slowking|Psyshock|p2a: Talonflame\n|-damage|p2a: Talonflame|79/265\n|\n|-heal|p1a: Slowking|290/310|[from] item: Leftovers\n|upkeep\n|turn|14\n|\n|t:|1733903587\n|move|p2a: Talonflame|Brave Bird|p1a: Slowking\n|-damage|p1a: Slowking|167/310\n|-damage|p2a: Talonflame|38/265|[from] Recoil\n|move|p1a: Slowking|Scald|p2a: Talonflame\n|-supereffective|p2a: Talonflame\n|-damage|p2a: Talonflame|0 fnt\n|faint|p2a: Talonflame\n|\n|-heal|p1a: Slowking|186/310|[from] item: Leftovers\n|upkeep\n|\n|t:|1733903606\n|switch|p2a: Komala|Komala, L89, M|260/260\n|-damage|p2a: Komala|228/260|[from] Spikes\n|-ability|p2a: Komala|Comatose\n|turn|15\n|\n|t:|1733903612\n|move|p2a: Komala|Knock Off|p1a: Slowking\n|-supereffective|p1a: Slowking\n|-damage|p1a: Slowking|8/310\n|-enditem|p1a: Slowking|Leftovers|[from] move: Knock Off|[of] p2a: Komala\n|move|p1a: Slowking|Scald|p2a: Komala\n|-damage|p2a: Komala|146/260\n|\n|upkeep\n|turn|16\n|\n|t:|1733903622\n|switch|p2a: Dedenne|Dedenne, L88, M|261/261\n|-damage|p2a: Dedenne|229/261|[from] Spikes\n|switch|p1a: Slither Wing|Slither Wing, L81|270/270 brn\n|\n|-damage|p1a: Slither Wing|254/270 brn|[from] brn\n|upkeep\n|turn|17\n|\n|t:|1733903631\n|move|p2a: Dedenne|Dazzling Gleam|p1a: Slither Wing\n|-supereffective|p1a: Slither Wing\n|-damage|p1a: Slither Wing|96/270 brn\n|move|p1a: Slither Wing|Will-O-Wisp|p2a: Dedenne\n|-status|p2a: Dedenne|brn\n|\n|-damage|p2a: Dedenne|213/261 brn|[from] brn\n|-damage|p1a: Slither Wing|80/270 brn|[from] brn\n|upkeep\n|turn|18\n|\n|t:|1733903641\n|move|p2a: Dedenne|Thunderbolt|p1a: Slither Wing\n|-damage|p1a: Slither Wing|0 fnt\n|faint|p1a: Slither Wing\n|-end|p1a: Slither Wing|Protosynthesis|[silent]\n|\n|-damage|p2a: Dedenne|197/261 brn|[from] brn\n|upkeep\n|c|\u2606Mumet|just learned that gets willo\n|\n|t:|1733903649\n|switch|p1a: Slowking|Slowking, L88, M|111/310\n|turn|19\n|\n|t:|1733903653\n|switch|p1a: Jirachi|Jirachi, L80|291/291\n|move|p2a: Dedenne|Thunderbolt|p1a: Jirachi\n|-damage|p1a: Jirachi|201/291\n|\n|-heal|p1a: Jirachi|219/291|[from] item: Leftovers\n|-damage|p2a: Dedenne|181/261 brn|[from] brn\n|upkeep\n|turn|20\n|\n|t:|1733903664\n|move|p2a: Dedenne|Super Fang|p1a: Jirachi\n|-damage|p1a: Jirachi|110/291\n|move|p1a: Jirachi|Iron Head|p2a: Dedenne\n|-crit|p2a: Dedenne\n|-damage|p2a: Dedenne|19/261 brn\n|-enditem|p2a: Dedenne|Sitrus Berry|[eat]\n|-heal|p2a: Dedenne|84/261 brn|[from] item: Sitrus Berry\n|-heal|p2a: Dedenne|171/261 brn|[from] ability: Cheek Pouch\n|\n|-heal|p1a: Jirachi|128/291|[from] item: Leftovers\n|-damage|p2a: Dedenne|155/261 brn|[from] brn\n|upkeep\n|turn|21\n|\n|t:|1733903675\n|move|p2a: Dedenne|Thunderbolt|p1a: Jirachi\n|-damage|p1a: Jirachi|35/291\n|-status|p1a: Jirachi|par\n|move|p1a: Jirachi|Wish|p1a: Jirachi\n|\n|-heal|p1a: Jirachi|53/291 par|[from] item: Leftovers\n|-damage|p2a: Dedenne|139/261 brn|[from] brn\n|upkeep\n|turn|22\n|\n|t:|1733903683\n|move|p1a: Jirachi|Protect|p1a: Jirachi\n|-singleturn|p1a: Jirachi|Protect\n|move|p2a: Dedenne|Thunderbolt|p1a: Jirachi\n|-activate|p1a: Jirachi|move: Protect\n|\n|-heal|p1a: Jirachi|198/291 par|[from] move: Wish|[wisher] Jirachi\n|-heal|p1a: Jirachi|216/291 par|[from] item: Leftovers\n|-damage|p2a: Dedenne|123/261 brn|[from] brn\n|upkeep\n|turn|23\n|\n|t:|1733903693\n|move|p2a: Dedenne|Super Fang|p1a: Jirachi\n|-damage|p1a: Jirachi|108/291 par\n|move|p1a: Jirachi|Wish|p1a: Jirachi\n|\n|-heal|p1a: Jirachi|126/291 par|[from] item: Leftovers\n|-damage|p2a: Dedenne|107/261 brn|[from] brn\n|upkeep\n|turn|24\n|\n|t:|1733903712\n|switch|p2a: Gogoat|Gogoat, L88, F|268/360 brn\n|-damage|p2a: Gogoat|223/360 brn|[from] Spikes\n|cant|p1a: Jirachi|par\n|\n|-heal|p1a: Jirachi|271/291 par|[from] move: Wish|[wisher] Jirachi\n|-heal|p2a: Gogoat|245/360 brn|[from] item: Leftovers\n|-heal|p1a: Jirachi|289/291 par|[from] item: Leftovers\n|-damage|p2a: Gogoat|223/360 brn|[from] brn\n|upkeep\n|turn|25\n|\n|t:|1733903723\n|move|p2a: Gogoat|Milk Drink|p2a: Gogoat\n|-heal|p2a: Gogoat|360/360 brn\n|move|p1a: Jirachi|U-turn|p2a: Gogoat\n|-supereffective|p2a: Gogoat\n|-damage|p2a: Gogoat|244/360 brn\n|\n|t:|1733903726\n|switch|p1a: Slowking|Slowking, L88, M|214/310|[from] U-turn\n|\n|-heal|p2a: Gogoat|266/360 brn|[from] item: Leftovers\n|-damage|p2a: Gogoat|244/360 brn|[from] brn\n|upkeep\n|turn|26\n|\n|t:|1733903733\n|move|p2a: Gogoat|Bulk Up|p2a: Gogoat\n|-boost|p2a: Gogoat|atk|1\n|-boost|p2a: Gogoat|def|1\n|move|p1a: Slowking|Psyshock|p2a: Gogoat\n|-crit|p2a: Gogoat\n|-damage|p2a: Gogoat|75/360 brn\n|\n|-heal|p2a: Gogoat|97/360 brn|[from] item: Leftovers\n|-damage|p2a: Gogoat|75/360 brn|[from] brn\n|upkeep\n|turn|27\n|\n|t:|1733903743\n|move|p2a: Gogoat|Milk Drink|p2a: Gogoat\n|-heal|p2a: Gogoat|255/360 brn\n|move|p1a: Slowking|Psyshock|p2a: Gogoat\n|-damage|p2a: Gogoat|182/360 brn\n|\n|-heal|p2a: Gogoat|204/360 brn|[from] item: Leftovers\n|-damage|p2a: Gogoat|182/360 brn|[from] brn\n|upkeep\n|turn|28\n|\n|t:|1733903751\n|move|p2a: Gogoat|Horn Leech|p1a: Slowking\n|-supereffective|p1a: Slowking\n|-damage|p1a: Slowking|76/310\n|-heal|p2a: Gogoat|251/360 brn|[from] drain|[of] p1a: Slowking\n|move|p1a: Slowking|Psyshock|p2a: Gogoat\n|-damage|p2a: Gogoat|173/360 brn\n|\n|-heal|p2a: Gogoat|195/360 brn|[from] item: Leftovers\n|-damage|p2a: Gogoat|173/360 brn|[from] brn\n|upkeep\n|turn|29\n|\n|t:|1733903762\n|switch|p1a: Jirachi|Jirachi, L80|289/291 par\n|move|p2a: Gogoat|Milk Drink|p2a: Gogoat\n|-heal|p2a: Gogoat|353/360 brn\n|\n|-heal|p2a: Gogoat|360/360 brn|[from] item: Leftovers\n|-heal|p1a: Jirachi|291/291 par|[from] item: Leftovers\n|-damage|p2a: Gogoat|338/360 brn|[from] brn\n|upkeep\n|turn|30\n|\n|t:|1733903772\n|move|p2a: Gogoat|Bulk Up|p2a: Gogoat\n|-boost|p2a: Gogoat|atk|1\n|-boost|p2a: Gogoat|def|1\n|cant|p1a: Jirachi|par\n|\n|-heal|p2a: Gogoat|360/360 brn|[from] item: Leftovers\n|-damage|p2a: Gogoat|338/360 brn|[from] brn\n|upkeep\n|turn|31\n|\n|t:|1733903781\n|move|p2a: Gogoat|Bulk Up|p2a: Gogoat\n|-boost|p2a: Gogoat|atk|1\n|-boost|p2a: Gogoat|def|1\n|cant|p1a: Jirachi|par\n|\n|-heal|p2a: Gogoat|360/360 brn|[from] item: Leftovers\n|-damage|p2a: Gogoat|338/360 brn|[from] brn\n|upkeep\n|turn|32\n|\n|t:|1733903789\n|move|p2a: Gogoat|Earthquake|p1a: Jirachi\n|-supereffective|p1a: Jirachi\n|-damage|p1a: Jirachi|87/291 par\n|move|p1a: Jirachi|U-turn|p2a: Gogoat\n|-supereffective|p2a: Gogoat\n|-damage|p2a: Gogoat|294/360 brn\n|\n|t:|1733903794\n|switch|p1a: Slowking|Slowking, L88, M|179/310|[from] U-turn\n|\n|-heal|p2a: Gogoat|316/360 brn|[from] item: Leftovers\n|-damage|p2a: Gogoat|294/360 brn|[from] brn\n|upkeep\n|turn|33\n|\n|t:|1733903800\n|-terastallize|p1a: Slowking|Dragon\n|move|p2a: Gogoat|Horn Leech|p1a: Slowking\n|-resisted|p1a: Slowking\n|-damage|p1a: Slowking|122/310\n|-heal|p2a: Gogoat|323/360 brn|[from] drain|[of] p1a: Slowking\n|move|p1a: Slowking|Psyshock|p2a: Gogoat\n|-damage|p2a: Gogoat|274/360 brn\n|\n|-heal|p2a: Gogoat|296/360 brn|[from] item: Leftovers\n|-damage|p2a: Gogoat|274/360 brn|[from] brn\n|upkeep\n|turn|34\n|-message|Randoun forfeited.\n|\n|win|Mumet\n|raw|Randoun's rating: 1568 &rarr; <strong>1547</strong><br />(-21 for losing)\n|raw|Mumet's rating: 1557 &rarr; <strong>1578</strong><br />(+21 for winning)\n|l|\u2606Randoun\n|player|p1|\n|c|\u2606Mumet|gg\n", "inputlog": ">version bfd83cad13791eb5a5a409923076391caf6fb4d4\n>start {\"formatid\":\"gen9randombattle\",\"seed\":[56932,6228,38572,63119],\"rated\":\"Rated battle\"}\n>player p1 {\"name\":\"Randoun\",\"avatar\":\"170\",\"rating\":1568,\"seed\":[48111,23081,40563,61833]}\n>player p2 {\"name\":\"Mumet\",\"avatar\":\"n\",\"rating\":1557,\"seed\":[52631,31242,52962,40591]}\n>p1 move swordsdance\n>p2 move uturn\n>p2 switch 6\n>p1 move knockoff\n>p2 move bravebird\n>p1 switch 5\n>p1 move scald\n>p2 switch 4\n>p1 move scald\n>p2 move hornleech\n>p1 switch 2\n>p2 move bulkup\n>p1 move spikes\n>p2 switch 2\n>p1 move poltergeist\n>p2 move poltergeist\n>p1 switch 6\n>p1 move bodyslam\n>p2 move willowisp\n>p1 move knockoff\n>p2 move hypervoice\n>p1 move knockoff\n>p2 move focusblast\n>p1 move knockoff\n>p2 move hypervoice\n>p1 switch 3\n>p1 move uturn\n>p2 move willowisp\n>p1 switch 2\n>p2 switch 2\n>p1 move psyshock\n>p2 switch 4\n>p1 move scald\n>p2 move bravebird\n>p2 switch 3\n>p1 move scald\n>p2 move knockoff\n>p1 switch 2\n>p2 switch 6\n>p1 move willowisp\n>p2 move dazzlinggleam\n>p1 move closecombat\n>p2 move thunderbolt\n>chat \u2606Mumet|just learned that gets willo\n>p1 switch 2\n>p1 switch 4\n>p2 move thunderbolt\n>p1 move ironhead\n>p2 move superfang\n>p1 move wish\n>p2 move thunderbolt\n>p1 move protect\n>p2 move thunderbolt\n>p1 move wish\n>p2 move superfang\n>p1 move ironhead\n>p2 switch 4\n>p1 move uturn\n>p2 move milkdrink\n>p1 switch 4\n>p1 move psyshock\n>p2 move bulkup\n>p1 move psyshock\n>p2 move milkdrink\n>p1 move psyshock\n>p2 move hornleech\n>p1 switch 4\n>p2 move milkdrink\n>p1 move uturn\n>p2 move bulkup\n>p1 move ironhead\n>p2 move bulkup\n>p1 move uturn\n>p2 move earthquake\n>p1 switch 4\n>p1 move psyshock terastallize\n>p2 move hornleech\n>forcelose p1", "uploadtime": 1733903815, "views": 1, "formatid": "gen9randombattle", "rating": 1547, "private": 0, "password": null}