{"id": "gen9randombattle-2198748719", "format": "[Gen 9] Random Battle", "players": ["Lulugmarre", "RBLT chiefbeef1234"], "log": "|j|\u2606Lulugmarre\n|j|\u2606RBLT chiefbeef1234\n|t:|1725993469\n|gametype|singles\n|player|p1|Lulugmarre|marnie-masters2|2252\n|player|p2|RBLT chiefbeef1234|shadowtriad|2336\n|teamsize|p1|6\n|teamsize|p2|6\n|gen|9\n|tier|[Gen 9] Random Battle\n|rated|\n|rule|Species Clause: Limit one of each Pok\u00e9mon\n|rule|HP Percentage Mod: HP is shown in percentages\n|rule|Sleep Clause Mod: Limit one foe put to sleep\n|rule|Illusion Level Mod: Illusion disguises the Pok\u00e9mon's true level\n|\n|t:|1725993469\n|start\n|switch|p1a: Polteageist|Polteageist-Antique, L79|224/224\n|switch|p2a: Vikavolt|Vikavolt, L83, M|263/263\n|turn|1\n|inactive|Battle timer is ON: inactive players will automatically lose when time's up. (requested by RBLT chiefbeef1234)\n|c|\u2606Lulugmarre|hf\n|c|\u2606RBLT chiefbeef1234|Glhf\n|\n|t:|1725993481\n|move|p1a: Polteageist|Shell Smash|p1a: Polteageist\n|-unboost|p1a: Polteageist|def|1\n|-unboost|p1a: Polteageist|spd|1\n|-boost|p1a: Polteageist|atk|2\n|-boost|p1a: Polteageist|spa|2\n|-boost|p1a: Polteageist|spe|2\n|-enditem|p1a: Polteageist|White Herb\n|-clearnegativeboost|p1a: Polteageist|[silent]\n|move|p2a: Vikavolt|Discharge|p1a: Polteageist\n|-damage|p1a: Polteageist|128/224\n|-status|p1a: Polteageist|par\n|\n|upkeep\n|turn|2\n|\n|t:|1725993496\n|move|p1a: Polteageist|Stored Power|p2a: Vikavolt\n|-damage|p2a: Vikavolt|13/263\n|move|p2a: Vikavolt|Discharge|p1a: Polteageist\n|-damage|p1a: Polteageist|28/224 par\n|-start|p2a: Vikavolt|Disable|Discharge|[from] ability: Cursed Body|[of] p1a: Polteageist\n|\n|upkeep\n|turn|3\n|\n|t:|1725993505\n|move|p1a: Polteageist|Shadow Ball|p2a: Vikavolt\n|-damage|p2a: Vikavolt|0 fnt\n|faint|p2a: Vikavolt\n|\n|upkeep\n|\n|t:|1725993511\n|switch|p2a: Leafeon|Leafeon, L88, M|258/258\n|turn|4\n|\n|t:|1725993515\n|move|p2a: Leafeon|Substitute|p2a: Leafeon\n|-start|p2a: Leafeon|Substitute\n|-damage|p2a: Leafeon|194/258\n|move|p1a: Polteageist|Stored Power|p2a: Leafeon\n|-end|p2a: Leafeon|Substitute\n|\n|-heal|p2a: Leafeon|210/258|[from] item: Leftovers\n|upkeep\n|turn|5\n|\n|t:|1725993525\n|move|p2a: Leafeon|Substitute|p2a: Leafeon\n|-start|p2a: Leafeon|Substitute\n|-damage|p2a: Leafeon|146/258\n|move|p1a: Polteageist|Tera Blast|p2a: Leafeon\n|-end|p2a: Leafeon|Substitute\n|\n|-heal|p2a: Leafeon|162/258|[from] item: Leftovers\n|upkeep\n|turn|6\n|\n|t:|1725993529\n|move|p2a: Leafeon|Leaf Blade|p1a: Polteageist\n|-damage|p1a: Polteageist|0 fnt\n|faint|p1a: Polteageist\n|\n|-heal|p2a: Leafeon|178/258|[from] item: Leftovers\n|upkeep\n|\n|t:|1725993547\n|switch|p1a: Greedent|Greedent, L86, M|347/347\n|turn|7\n|\n|t:|1725993563\n|move|p2a: Leafeon|Swords Dance|p2a: Leafeon\n|-boost|p2a: Leafeon|atk|2\n|move|p1a: Greedent|Swords Dance|p1a: Greedent\n|-boost|p1a: Greedent|atk|2\n|\n|-heal|p2a: Leafeon|194/258|[from] item: Leftovers\n|upkeep\n|turn|8\n|\n|t:|1725993570\n|move|p2a: Leafeon|Swords Dance|p2a: Leafeon\n|-boost|p2a: Leafeon|atk|2\n|move|p1a: Greedent|Knock Off|p2a: Leafeon\n|-damage|p2a: Leafeon|89/258\n|-enditem|p2a: Leafeon|Leftovers|[from] move: Knock Off|[of] p1a: Greedent\n|\n|upkeep\n|turn|9\n|j| inch2_\n|\n|t:|1725993587\n|move|p2a: Leafeon|Leaf Blade|p1a: Greedent\n|-damage|p1a: Greedent|20/347\n|-enditem|p1a: Greedent|Sitrus Berry|[eat]\n|-heal|p1a: Greedent|106/347|[from] item: Sitrus Berry\n|-heal|p1a: Greedent|221/347|[from] ability: Cheek Pouch\n|move|p1a: Greedent|Double-Edge|p2a: Leafeon\n|-damage|p2a: Leafeon|0 fnt\n|faint|p2a: Leafeon\n|-damage|p1a: Greedent|192/347|[from] Recoil\n|\n|upkeep\n|\n|t:|1725993594\n|switch|p2a: Brute Bonnet|Brute Bonnet, L81|312/312\n|turn|10\n|j| gifted soul\n|\n|t:|1725993601\n|move|p2a: Brute Bonnet|Spore|p1a: Greedent\n|-status|p1a: Greedent|slp|[from] move: Spore\n|cant|p1a: Greedent|slp\n|\n|upkeep\n|turn|11\n|\n|t:|1725993607\n|move|p2a: Brute Bonnet|Crunch|p1a: Greedent\n|-damage|p1a: Greedent|98/347 slp\n|-unboost|p1a: Greedent|def|1\n|cant|p1a: Greedent|slp\n|\n|upkeep\n|turn|12\n|\n|t:|1725993621\n|switch|p1a: Bellibolt|Bellibolt, L84, M|320/320\n|move|p2a: Brute Bonnet|Crunch|p1a: Bellibolt\n|-damage|p1a: Bellibolt|220/320\n|-start|p1a: Bellibolt|Charge|Crunch|[from] ability: Electromorphosis\n|\n|-heal|p1a: Bellibolt|240/320|[from] item: Leftovers\n|upkeep\n|turn|13\n|\n|t:|1725993627\n|move|p2a: Brute Bonnet|Crunch|p1a: Bellibolt\n|-damage|p1a: Bellibolt|141/320\n|-start|p1a: Bellibolt|Charge|Crunch|[from] ability: Electromorphosis\n|move|p1a: Bellibolt|Toxic|p2a: Brute Bonnet\n|-status|p2a: Brute Bonnet|tox\n|\n|-heal|p1a: Bellibolt|161/320|[from] item: Leftovers\n|-damage|p2a: Brute Bonnet|293/312 tox|[from] psn\n|upkeep\n|turn|14\n|\n|t:|1725993632\n|move|p2a: Brute Bonnet|Crunch|p1a: Bellibolt\n|-damage|p1a: Bellibolt|58/320\n|-start|p1a: Bellibolt|Charge|Crunch|[from] ability: Electromorphosis\n|move|p1a: Bellibolt|Slack Off|p1a: Bellibolt\n|-heal|p1a: Bellibolt|218/320\n|\n|-heal|p2a: Brute Bonnet|312/312 tox|[from] item: Leftovers\n|-heal|p1a: Bellibolt|238/320|[from] item: Leftovers\n|-damage|p2a: Brute Bonnet|274/312 tox|[from] psn\n|upkeep\n|turn|15\n|\n|t:|1725993635\n|move|p2a: Brute Bonnet|Crunch|p1a: Bellibolt\n|-crit|p1a: Bellibolt\n|-damage|p1a: Bellibolt|100/320\n|-start|p1a: Bellibolt|Charge|Crunch|[from] ability: Electromorphosis\n|move|p1a: Bellibolt|Thunderbolt|p2a: Brute Bonnet\n|-resisted|p2a: Brute Bonnet\n|-damage|p2a: Brute Bonnet|178/312 tox\n|-end|p1a: Bellibolt|Charge|[silent]\n|\n|-heal|p2a: Brute Bonnet|197/312 tox|[from] item: Leftovers\n|-heal|p1a: Bellibolt|120/320|[from] item: Leftovers\n|-damage|p2a: Brute Bonnet|140/312 tox|[from] psn\n|upkeep\n|turn|16\n|\n|t:|1725993641\n|-terastallize|p2a: Brute Bonnet|Dark\n|move|p2a: Brute Bonnet|Crunch|p1a: Bellibolt\n|-damage|p1a: Bellibolt|0 fnt\n|faint|p1a: Bellibolt\n|\n|-heal|p2a: Brute Bonnet|159/312 tox|[from] item: Leftovers\n|-damage|p2a: Brute Bonnet|83/312 tox|[from] psn\n|upkeep\n|\n|t:|1725993649\n|switch|p1a: Alomomola|Alomomola, L87, M|429/429\n|turn|17\n|\n|t:|1725993654\n|-end|p2a: Brute Bonnet|Protosynthesis|[silent]\n|switch|p2a: Iron Bundle|Iron Bundle, L77|213/213\n|move|p1a: Alomomola|Protect||[still]\n|-fail|p1a: Alomomola\n|\n|upkeep\n|turn|18\n|\n|t:|1725993659\n|move|p2a: Iron Bundle|Substitute|p2a: Iron Bundle\n|-start|p2a: Iron Bundle|Substitute\n|-damage|p2a: Iron Bundle|160/213\n|move|p1a: Alomomola|Flip Turn|p2a: Iron Bundle\n|-resisted|p2a: Iron Bundle\n|-activate|p2a: Iron Bundle|move: Substitute|[damage]\n|\n|t:|1725993663\n|switch|p1a: Dusknoir|Dusknoir, L89, F|225/225|[from] Flip Turn\n|-item|p2a: Iron Bundle|Leftovers|[from] ability: Frisk|[of] p1a: Dusknoir\n|\n|-heal|p2a: Iron Bundle|173/213|[from] item: Leftovers\n|upkeep\n|turn|19\n|\n|t:|1725993666\n|move|p2a: Iron Bundle|Ice Beam|p1a: Dusknoir\n|-damage|p1a: Dusknoir|155/225\n|-status|p1a: Dusknoir|frz\n|cant|p1a: Dusknoir|frz\n|\n|-heal|p2a: Iron Bundle|186/213|[from] item: Leftovers\n|-heal|p1a: Dusknoir|169/225 frz|[from] item: Leftovers\n|upkeep\n|turn|20\n|\n|t:|1725993671\n|move|p2a: Iron Bundle|Ice Beam|p1a: Dusknoir\n|-damage|p1a: Dusknoir|105/225 frz\n|cant|p1a: Dusknoir|frz\n|\n|-heal|p2a: Iron Bundle|199/213|[from] item: Leftovers\n|-heal|p1a: Dusknoir|119/225 frz|[from] item: Leftovers\n|upkeep\n|turn|21\n|\n|t:|1725993674\n|move|p2a: Iron Bundle|Ice Beam|p1a: Dusknoir\n|-damage|p1a: Dusknoir|52/225 frz\n|cant|p1a: Dusknoir|frz\n|\n|-heal|p2a: Iron Bundle|212/213|[from] item: Leftovers\n|-heal|p1a: Dusknoir|66/225 frz|[from] item: Leftovers\n|upkeep\n|turn|22\n|-message|Lulugmarre forfeited.\n|\n|win|RBLT chiefbeef1234\n|raw|Lulugmarre's rating: 2252 &rarr; <strong>2237</strong><br />(-15 for losing)\n|raw|RBLT chiefbeef1234's rating: 2336 &rarr; <strong>2351</strong><br />(+15 for winning)\n|l|\u2606RBLT chiefbeef1234\n|player|p2|\n", "inputlog": ">version 4aaeaf600b1c44f5d740f3e60432e126c6a1bdf3\n>start {\"formatid\":\"gen9randombattle\",\"seed\":[62859,12231,12818,7246],\"rated\":\"Rated battle\"}\n>player p1 {\"name\":\"Lulugmarre\",\"avatar\":\"marnie-masters2\",\"rating\":2252,\"seed\":[13107,33057,59512,54596]}\n>player p2 {\"name\":\"RBLT chiefbeef1234\",\"avatar\":\"shadowtriad\",\"rating\":2336,\"seed\":[37801,30524,31557,18152]}\n>chat \u2606Lulugmarre|hf\n>chat \u2606RBLT chiefbeef1234|Glhf\n>p1 move shellsmash\n>p2 move discharge\n>p1 move storedpower\n>p2 move discharge\n>p1 move shadowball\n>p2 move stickyweb\n>p2 switch 4\n>p1 move storedpower\n>p2 move substitute\n>p1 move terablast\n>p2 move substitute\n>p1 move terablast\n>p2 move leafblade\n>p1 switch 3\n>p1 move swordsdance\n>p2 move swordsdance\n>p1 move knockoff\n>p2 move swordsdance\n>p1 move doubleedge\n>p2 move leafblade\n>p2 switch 6\n>p1 move doubleedge\n>p2 move spore\n>p1 move doubleedge\n>p2 move crunch\n>p1 switch 6\n>p2 move crunch\n>p1 move toxic\n>p2 move crunch\n>p1 move slackoff\n>p2 move crunch\n>p1 move thunderbolt\n>p2 move crunch\n>p1 move slackoff\n>p2 move crunch terastallize\n>p1 switch 4\n>p1 move protect\n>p2 switch 5\n>p1 move flipturn\n>p2 move substitute\n>p1 switch 5\n>p1 move earthquake\n>p2 move icebeam\n>p1 move earthquake\n>p2 move icebeam\n>p1 move earthquake\n>p2 move icebeam\n>forcelose p1", "uploadtime": 1725993697, "views": 94, "formatid": "gen9randombattle", "rating": 2237, "private": 0, "password": null}