{"id": "gen9randombattle-2260797228", "format": "[Gen 9] Random Battle", "players": ["dejsejjde", "The_Yuno"], "log": "|j|\u2606dejsejjde\n|j|\u2606The_Yuno\n|t:|1733893709\n|gametype|singles\n|player|p1|dejsejjde|1|1049\n|player|p2|The_Yuno|bellelba|1092\n|teamsize|p1|6\n|teamsize|p2|6\n|gen|9\n|tier|[Gen 9] Random Battle\n|rated|\n|rule|Species Clause: Limit one of each Pok\u00e9mon\n|rule|HP Percentage Mod: HP is shown in percentages\n|rule|Sleep Clause Mod: Limit one foe put to sleep\n|rule|Illusion Level Mod: Illusion disguises the Pok\u00e9mon's true level\n|\n|t:|1733893709\n|start\n|switch|p1a: Magnezone|Magnezone, L85|258/258\n|switch|p2a: Spidops|Spidops, L96, M|271/271\n|turn|1\n|\n|t:|1733893721\n|move|p1a: Magnezone|Volt Switch|p2a: Spidops\n|-damage|p2a: Spidops|184/271\n|\n|t:|1733893728\n|switch|p1a: Eelektross|Eelektross, L87, M|290/290|[from] Volt Switch\n|move|p2a: Spidops|Toxic Spikes|p1a: Eelektross\n|-sidestart|p1: dejsejjde|move: Toxic Spikes\n|\n|upkeep\n|turn|2\n|\n|t:|1733893741\n|move|p1a: Eelektross|Flamethrower|p2a: Spidops\n|-supereffective|p2a: Spidops\n|-damage|p2a: Spidops|60/271\n|move|p2a: Spidops|Knock Off|p1a: Eelektross\n|-damage|p1a: Eelektross|217/290\n|-enditem|p1a: Eelektross|Assault Vest|[from] move: Knock Off|[of] p2a: Spidops\n|\n|upkeep\n|turn|3\n|\n|t:|1733893754\n|switch|p2a: Trevenant|Trevenant, L88, M|293/293\n|move|p1a: Eelektross|Flamethrower|p2a: Trevenant\n|-supereffective|p2a: Trevenant\n|-damage|p2a: Trevenant|137/293\n|\n|upkeep\n|turn|4\n|\n|t:|1733893784\n|move|p2a: Trevenant|Wood Hammer|p1a: Eelektross\n|-damage|p1a: Eelektross|0 fnt\n|faint|p1a: Eelektross\n|-damage|p2a: Trevenant|65/293|[from] Recoil\n|\n|upkeep\n|\n|t:|1733893792\n|switch|p1a: Magnezone|Magnezone, L85|258/258\n|turn|5\n|\n|t:|1733893803\n|switch|p2a: Skeledirge|Skeledirge, L79, M|294/294\n|move|p1a: Magnezone|Flash Cannon|p2a: Skeledirge\n|-resisted|p2a: Skeledirge\n|-damage|p2a: Skeledirge|230/294\n|\n|upkeep\n|turn|6\n|\n|t:|1733893829\n|switch|p1a: Weezing|Weezing, L88, M|258/258\n|move|p2a: Skeledirge|Torch Song|p1a: Weezing\n|-damage|p1a: Weezing|170/258\n|-boost|p2a: Skeledirge|spa|1\n|\n|-heal|p1a: Weezing|186/258|[from] item: Leftovers\n|upkeep\n|turn|7\n|\n|t:|1733893854\n|move|p1a: Weezing|Toxic Spikes|p2a: Skeledirge\n|-sidestart|p2: The_Yuno|move: Toxic Spikes\n|move|p2a: Skeledirge|Torch Song|p1a: Weezing\n|-damage|p1a: Weezing|33/258\n|-boost|p2a: Skeledirge|spa|1\n|\n|-heal|p1a: Weezing|49/258|[from] item: Leftovers\n|upkeep\n|turn|8\n|\n|t:|1733893865\n|move|p1a: Weezing|Pain Split|p2a: Skeledirge\n|-sethp|p2a: Skeledirge|139/294|[from] move: Pain Split|[silent]\n|-sethp|p1a: Weezing|139/258|[from] move: Pain Split\n|move|p2a: Skeledirge|Hex|p1a: Weezing\n|-damage|p1a: Weezing|0 fnt\n|faint|p1a: Weezing\n|\n|upkeep\n|\n|t:|1733893872\n|switch|p1a: Feraligatr|Feraligatr, L79, F|264/264\n|-status|p1a: Feraligatr|psn\n|turn|9\n|\n|t:|1733893877\n|move|p1a: Feraligatr|Liquidation|p2a: Skeledirge\n|-supereffective|p2a: Skeledirge\n|-damage|p2a: Skeledirge|0 fnt\n|faint|p2a: Skeledirge\n|\n|-damage|p1a: Feraligatr|231/264 psn|[from] psn\n|upkeep\n|l|\u2606The_Yuno\n|player|p2|\n|inactive|Battle timer is ON: inactive players will automatically lose when time's up. (requested by dejsejjde)\n|inactive|The_Yuno has 30 seconds to reconnect!\n|inactive|The_Yuno has 20 seconds to reconnect!\n|inactive|The_Yuno has 15 seconds to reconnect!\n|inactive|The_Yuno has 10 seconds to reconnect!\n|inactive|The_Yuno has 5 seconds to reconnect!\n|-message|The_Yuno lost due to inactivity.\n|\n|win|dejsejjde\n|raw|dejsejjde's rating: 1084 &rarr; <strong>1112</strong><br />(+28 for winning)\n|raw|The_Yuno's rating: 1092 &rarr; <strong>1068</strong><br />(-24 for losing)\n", "inputlog": ">version bfd83cad13791eb5a5a409923076391caf6fb4d4\n>start {\"formatid\":\"gen9randombattle\",\"seed\":[34759,22884,11431,38104],\"rated\":\"Rated battle\"}\n>player p1 {\"name\":\"dejsejjde\",\"avatar\":\"1\",\"rating\":1049,\"seed\":[17312,12350,22247,42557]}\n>player p2 {\"name\":\"The_Yuno\",\"avatar\":\"bellelba\",\"rating\":1092,\"seed\":[6737,10678,34256,56460]}\n>p1 move voltswitch\n>p2 move toxicspikes\n>p1 switch 2\n>p1 move flamethrower\n>p2 move knockoff\n>p1 move flamethrower\n>p2 switch 3\n>p1 move flamethrower\n>p2 move woodhammer\n>p1 switch 2\n>p1 move flashcannon\n>p2 switch 4\n>p1 switch 4\n>p2 move torchsong\n>p1 move toxicspikes\n>p2 move torchsong\n>p1 move painsplit\n>p2 move hex\n>p1 switch 6\n>p1 move liquidation\n>p2 move slackoff\n>forcelose p2", "uploadtime": 1733894036, "views": 1, "formatid": "gen9randombattle", "rating": 1068, "private": 0, "password": null}