{"id": "gen9randombattle-2260851386", "format": "[Gen 9] Random Battle", "players": ["Eiiikon", "Kskskkwkesnnddnd"], "log": "|j|\u2606Eiiikon\n|j|\u2606Kskskkwkesnnddnd\n|t:|1733904174\n|gametype|singles\n|player|p1|Eiiikon|2|1000\n|player|p2|Kskskkwkesnnddnd|1|1000\n|teamsize|p1|6\n|teamsize|p2|6\n|gen|9\n|tier|[Gen 9] Random Battle\n|rated|\n|rule|Species Clause: Limit one of each Pok\u00e9mon\n|rule|HP Percentage Mod: HP is shown in percentages\n|rule|Sleep Clause Mod: Limit one foe put to sleep\n|rule|Illusion Level Mod: Illusion disguises the Pok\u00e9mon's true level\n|\n|t:|1733904174\n|start\n|switch|p1a: Overqwil|Overqwil, L82, M|274/274\n|switch|p2a: Azelf|Azelf, L82|257/257\n|-ability|p1a: Overqwil|Intimidate|boost\n|-unboost|p2a: Azelf|atk|1\n|turn|1\n|\n|t:|1733904186\n|move|p2a: Azelf|U-turn|p1a: Overqwil\n|-damage|p1a: Overqwil|235/274\n|\n|t:|1733904199\n|switch|p2a: Tyranitar|Tyranitar, L79, M|288/288|[from] U-turn\n|-weather|Sandstorm|[from] ability: Sand Stream|[of] p2a: Tyranitar\n|move|p1a: Overqwil|Crunch|p2a: Tyranitar\n|-resisted|p2a: Tyranitar\n|-damage|p2a: Tyranitar|231/288\n|\n|-weather|Sandstorm|[upkeep]\n|-damage|p1a: Overqwil|218/274|[from] Sandstorm\n|-heal|p2a: Tyranitar|249/288|[from] item: Leftovers\n|upkeep\n|turn|2\n|\n|t:|1733904217\n|switch|p1a: Rillaboom|Rillaboom, L79, F|288/288\n|-fieldstart|move: Grassy Terrain|[from] ability: Grassy Surge|[of] p1a: Rillaboom\n|move|p2a: Tyranitar|Earthquake|p1a: Rillaboom\n|-resisted|p1a: Rillaboom\n|-damage|p1a: Rillaboom|267/288\n|\n|-weather|Sandstorm|[upkeep]\n|-damage|p1a: Rillaboom|249/288|[from] Sandstorm\n|-heal|p1a: Rillaboom|267/288|[from] Grassy Terrain\n|-heal|p2a: Tyranitar|267/288|[from] Grassy Terrain\n|-heal|p2a: Tyranitar|285/288|[from] item: Leftovers\n|upkeep\n|turn|3\n|\n|t:|1733904232\n|switch|p2a: Toedscruel|Toedscruel, L87, F|281/281\n|move|p1a: Rillaboom|U-turn|p2a: Toedscruel\n|-supereffective|p2a: Toedscruel\n|-damage|p2a: Toedscruel|87/281\n|inactive|Battle timer is ON: inactive players will automatically lose when time's up. (requested by Kskskkwkesnnddnd)\n|\n|t:|1733904241\n|switch|p1a: Cinderace|Cinderace, L77, M|249/249|[from] U-turn\n|\n|-weather|Sandstorm|[upkeep]\n|-damage|p1a: Cinderace|234/249|[from] Sandstorm\n|-heal|p1a: Cinderace|249/249|[from] Grassy Terrain\n|-heal|p2a: Toedscruel|104/281|[from] Grassy Terrain\n|upkeep\n|turn|4\n|\n|t:|1733904255\n|switch|p2a: Ursaring|Ursaring, L84, M|288/288\n|move|p1a: Cinderace|U-turn|p2a: Ursaring\n|-start|p1a: Cinderace|typechange|Bug|[from] ability: Libero\n|-damage|p2a: Ursaring|209/288\n|\n|t:|1733904268\n|switch|p1a: Rillaboom|Rillaboom, L79, F|267/288|[from] U-turn\n|\n|-weather|Sandstorm|[upkeep]\n|-damage|p1a: Rillaboom|249/288|[from] Sandstorm\n|-damage|p2a: Ursaring|191/288|[from] Sandstorm\n|-heal|p1a: Rillaboom|267/288|[from] Grassy Terrain\n|-heal|p2a: Ursaring|209/288|[from] Grassy Terrain\n|upkeep\n|turn|5\n|\n|t:|1733904280\n|move|p1a: Rillaboom|Wood Hammer|p2a: Ursaring\n|-damage|p2a: Ursaring|1/288\n|-damage|p1a: Rillaboom|198/288|[from] Recoil\n|move|p2a: Ursaring|Body Slam|p1a: Rillaboom\n|-damage|p1a: Rillaboom|87/288\n|\n|-weather|none\n|-heal|p1a: Rillaboom|105/288|[from] Grassy Terrain\n|-heal|p2a: Ursaring|19/288|[from] Grassy Terrain\n|upkeep\n|turn|6\n|\n|t:|1733904294\n|switch|p2a: Toedscruel|Toedscruel, L87, F|104/281\n|move|p1a: Rillaboom|Wood Hammer|p2a: Toedscruel\n|-damage|p2a: Toedscruel|0 fnt\n|faint|p2a: Toedscruel\n|-damage|p1a: Rillaboom|71/288|[from] Recoil\n|\n|-heal|p1a: Rillaboom|89/288|[from] Grassy Terrain\n|-fieldend|move: Grassy Terrain\n|upkeep\n|\n|t:|1733904299\n|switch|p2a: Revavroom|Revavroom, L79, M|256/256\n|turn|7\n|\n|t:|1733904310\n|switch|p1a: Overqwil|Overqwil, L82, M|218/274\n|-ability|p1a: Overqwil|Intimidate|boost\n|-unboost|p2a: Revavroom|atk|1\n|move|p2a: Revavroom|Shift Gear|p2a: Revavroom\n|-boost|p2a: Revavroom|spe|2\n|-boost|p2a: Revavroom|atk|1\n|\n|upkeep\n|turn|8\n|\n|t:|1733904321\n|move|p2a: Revavroom|Shift Gear|p2a: Revavroom\n|-boost|p2a: Revavroom|spe|2\n|-boost|p2a: Revavroom|atk|1\n|move|p1a: Overqwil|Liquidation|p2a: Revavroom\n|-damage|p2a: Revavroom|152/256\n|-unboost|p2a: Revavroom|def|1\n|\n|upkeep\n|turn|9\n|\n|t:|1733904329\n|move|p2a: Revavroom|High Horsepower|p1a: Overqwil\n|-supereffective|p1a: Overqwil\n|-damage|p1a: Overqwil|0 fnt\n|faint|p1a: Overqwil\n|-damage|p2a: Revavroom|127/256|[from] item: Life Orb\n|\n|upkeep\n|\n|t:|1733904338\n|switch|p1a: Cinderace|Cinderace, L77, M|249/249\n|turn|10\n|\n|t:|1733904344\n|move|p2a: Revavroom|High Horsepower|p1a: Cinderace\n|-supereffective|p1a: Cinderace\n|-damage|p1a: Cinderace|0 fnt\n|faint|p1a: Cinderace\n|-damage|p2a: Revavroom|102/256|[from] item: Life Orb\n|\n|upkeep\n|\n|t:|1733904352\n|switch|p1a: Vaporeon|Vaporeon, L86, F|364/364\n|turn|11\n|\n|t:|1733904361\n|move|p2a: Revavroom|Gunk Shot|p1a: Vaporeon\n|-damage|p1a: Vaporeon|13/364\n|-damage|p2a: Revavroom|77/256|[from] item: Life Orb\n|move|p1a: Vaporeon|Roar|p2a: Revavroom\n|drag|p2a: Azelf|Azelf, L82|257/257\n|\n|-heal|p1a: Vaporeon|35/364|[from] item: Leftovers\n|upkeep\n|turn|12\n|\n|t:|1733904373\n|move|p2a: Azelf|Psyshock|p1a: Vaporeon\n|-damage|p1a: Vaporeon|0 fnt\n|faint|p1a: Vaporeon\n|\n|upkeep\n|\n|t:|1733904382\n|switch|p1a: Rillaboom|Rillaboom, L79, F|89/288\n|-fieldstart|move: Grassy Terrain|[from] ability: Grassy Surge|[of] p1a: Rillaboom\n|turn|13\n|\n|t:|1733904387\n|move|p2a: Azelf|Psyshock|p1a: Rillaboom\n|-damage|p1a: Rillaboom|0 fnt\n|faint|p1a: Rillaboom\n|\n|upkeep\n|\n|t:|1733904393\n|switch|p1a: Baxcalibur|Baxcalibur, L75, F|295/295\n|turn|14\n|\n|t:|1733904402\n|-terastallize|p2a: Azelf|Psychic\n|-terastallize|p1a: Baxcalibur|Dragon\n|move|p2a: Azelf|Psyshock|p1a: Baxcalibur\n|-damage|p1a: Baxcalibur|83/295\n|move|p1a: Baxcalibur|Glaive Rush|p2a: Azelf\n|-damage|p2a: Azelf|0 fnt\n|-singlemove|p1a: Baxcalibur|Glaive Rush|[silent]\n|faint|p2a: Azelf\n|\n|-heal|p1a: Baxcalibur|101/295|[from] Grassy Terrain\n|upkeep\n|\n|t:|1733904413\n|switch|p2a: Revavroom|Revavroom, L79, M|77/256\n|turn|15\n|\n|t:|1733904418\n|move|p2a: Revavroom|Iron Head|p1a: Baxcalibur\n|-damage|p1a: Baxcalibur|0 fnt\n|faint|p1a: Baxcalibur\n|-damage|p2a: Revavroom|52/256|[from] item: Life Orb\n|\n|-heal|p2a: Revavroom|68/256|[from] Grassy Terrain\n|upkeep\n|\n|t:|1733904426\n|switch|p1a: Lapras|Lapras, L87, F|367/367\n|turn|16\n|\n|t:|1733904431\n|move|p2a: Revavroom|Iron Head|p1a: Lapras\n|-damage|p1a: Lapras|250/367\n|-damage|p2a: Revavroom|43/256|[from] item: Life Orb\n|cant|p1a: Lapras|flinch\n|\n|-heal|p2a: Revavroom|59/256|[from] Grassy Terrain\n|-heal|p1a: Lapras|272/367|[from] Grassy Terrain\n|upkeep\n|turn|17\n|\n|t:|1733904442\n|move|p2a: Revavroom|Iron Head|p1a: Lapras\n|-crit|p1a: Lapras\n|-damage|p1a: Lapras|84/367\n|-damage|p2a: Revavroom|34/256|[from] item: Life Orb\n|cant|p1a: Lapras|flinch\n|\n|-heal|p2a: Revavroom|50/256|[from] Grassy Terrain\n|-heal|p1a: Lapras|106/367|[from] Grassy Terrain\n|-fieldend|move: Grassy Terrain\n|upkeep\n|turn|18\n|\n|t:|1733904455\n|move|p2a: Revavroom|Iron Head|p1a: Lapras\n|-damage|p1a: Lapras|0 fnt\n|faint|p1a: Lapras\n|-damage|p2a: Revavroom|25/256|[from] item: Life Orb\n|\n|win|Kskskkwkesnnddnd\n|raw|Eiiikon's rating: 1000 &rarr; <strong>1000</strong><br />(+0 for losing)\n|raw|Kskskkwkesnnddnd's rating: 1000 &rarr; <strong>1040</strong><br />(+40 for winning)\n", "inputlog": ">version bfd83cad13791eb5a5a409923076391caf6fb4d4\n>start {\"formatid\":\"gen9randombattle\",\"seed\":[47726,48540,58109,44865],\"rated\":\"Rated battle\"}\n>player p1 {\"name\":\"Eiiikon\",\"avatar\":\"2\",\"rating\":1000,\"seed\":[61607,61051,14567,23459]}\n>player p2 {\"name\":\"Kskskkwkesnnddnd\",\"avatar\":\"1\",\"rating\":1000,\"seed\":[1497,49333,12041,44010]}\n>p1 move crunch\n>p2 move uturn\n>p2 switch 2\n>p1 switch 2\n>p2 move earthquake\n>p1 move uturn\n>p2 switch 5\n>p1 switch 6\n>p1 move uturn\n>p2 switch 4\n>p1 switch 6\n>p1 move woodhammer\n>p2 move bodyslam\n>p1 move woodhammer\n>p2 switch 4\n>p2 switch 3\n>p1 switch 2\n>p2 move shiftgear\n>p1 move liquidation\n>p2 move shiftgear\n>p1 move liquidation\n>p2 move highhorsepower\n>p1 switch 6\n>p1 move pyroball\n>p2 move highhorsepower\n>p1 switch 3\n>p1 move roar\n>p2 move gunkshot\n>p1 move scald\n>p2 move psyshock\n>p1 switch 2\n>p1 move uturn\n>p2 move psyshock\n>p1 switch 5\n>p1 move glaiverush terastallize\n>p2 move psyshock terastallize\n>p2 switch 2\n>p1 move glaiverush\n>p2 move ironhead\n>p1 switch 4\n>p1 move dragondance\n>p2 move ironhead\n>p1 move dragondance\n>p2 move ironhead\n>p1 move dragondance\n>p2 move ironhead", "uploadtime": 1733904457, "views": 1, "formatid": "gen9randombattle", "rating": 1000, "private": 0, "password": null}