{"id": "gen9randombattle-2260601277", "format": "[Gen 9] Random Battle", "players": ["opossum fan 3", "Pizariii"], "log": "|j|\u2606opossum fan 3\n|j|\u2606Pizariii\n|t:|1733867978\n|gametype|singles\n|player|p1|opossum fan 3|dawn|1252\n|player|p2|Pizariii|fantina|1208\n|teamsize|p1|6\n|teamsize|p2|6\n|gen|9\n|tier|[Gen 9] Random Battle\n|rated|\n|rule|Species Clause: Limit one of each Pok\u00e9mon\n|rule|HP Percentage Mod: HP is shown in percentages\n|rule|Sleep Clause Mod: Limit one foe put to sleep\n|rule|Illusion Level Mod: Illusion disguises the Pok\u00e9mon's true level\n|\n|t:|1733867978\n|start\n|switch|p1a: Tyranitar|Tyranitar, L79, F|288/288\n|switch|p2a: Hariyama|Hariyama, L87, M|392/392\n|-weather|Sandstorm|[from] ability: Sand Stream|[of] p1a: Tyranitar\n|turn|1\n|\n|t:|1733867988\n|switch|p1a: Braviary|Braviary, L85, M|309/309\n|move|p2a: Hariyama|Close Combat|p1a: Braviary\n|-damage|p1a: Braviary|140/309\n|-unboost|p2a: Hariyama|def|1\n|-unboost|p2a: Hariyama|spd|1\n|\n|-weather|Sandstorm|[upkeep]\n|-damage|p1a: Braviary|121/309|[from] Sandstorm\n|-damage|p2a: Hariyama|368/392|[from] Sandstorm\n|upkeep\n|turn|2\n|\n|t:|1733868001\n|-terastallize|p2a: Hariyama|Steel\n|move|p1a: Braviary|Brave Bird|p2a: Hariyama\n|-resisted|p2a: Hariyama\n|-damage|p2a: Hariyama|227/392\n|-damage|p1a: Braviary|74/309|[from] Recoil\n|move|p2a: Hariyama|Close Combat|p1a: Braviary\n|-damage|p1a: Braviary|0 fnt\n|-unboost|p2a: Hariyama|def|1\n|-unboost|p2a: Hariyama|spd|1\n|faint|p1a: Braviary\n|\n|-weather|Sandstorm|[upkeep]\n|upkeep\n|c|\u2606Pizariii|This is already interesting\n|\n|t:|1733868039\n|switch|p1a: Scyther|Scyther, L82, F|249/249\n|turn|3\n|\n|t:|1733868045\n|move|p1a: Scyther|U-turn|p2a: Hariyama\n|-resisted|p2a: Hariyama\n|-damage|p2a: Hariyama|134/392\n|c|\u2606Pizariii|Oh?\n|c|\u2606Pizariii|U-turn?\n|\n|t:|1733868070\n|switch|p1a: Furret|Furret, L94, M|312/312|[from] U-turn\n|-item|p2a: Hariyama|Assault Vest|[from] ability: Frisk|[of] p1a: Furret\n|move|p2a: Hariyama|Knock Off|p1a: Furret\n|-damage|p1a: Furret|217/312\n|-enditem|p1a: Furret|Choice Band|[from] move: Knock Off|[of] p2a: Hariyama\n|\n|-weather|Sandstorm|[upkeep]\n|-damage|p1a: Furret|198/312|[from] Sandstorm\n|upkeep\n|turn|4\n|\n|t:|1733868083\n|switch|p2a: Conkeldurr|Conkeldurr, L80, F|299/299\n|move|p1a: Furret|Double-Edge|p2a: Conkeldurr\n|-damage|p2a: Conkeldurr|178/299\n|-damage|p1a: Furret|158/312|[from] Recoil\n|\n|-weather|Sandstorm|[upkeep]\n|-damage|p1a: Furret|139/312|[from] Sandstorm\n|-damage|p2a: Conkeldurr|160/299|[from] Sandstorm\n|-status|p2a: Conkeldurr|brn|[from] item: Flame Orb\n|upkeep\n|turn|5\n|\n|t:|1733868093\n|move|p2a: Conkeldurr|Mach Punch|p1a: Furret\n|-supereffective|p1a: Furret\n|-damage|p1a: Furret|0 fnt\n|faint|p1a: Furret\n|\n|-weather|none\n|-damage|p2a: Conkeldurr|142/299 brn|[from] brn\n|upkeep\n|c|\u2606Pizariii|Goodbye little furry tube of love\n|c|\u2606Pizariii|We will miss you\n|c|\u2606opossum fan 3|s otrue\n|c|\u2606Pizariii|Username doesn't check out\n|c|\u2606opossum fan 3|what!? why not?\n|c|\u2606Pizariii|Likes ferrets, not opossums\n|c|\u2606opossum fan 3|i sacked the ferret! opossums forever\n|c|\u2606Pizariii|Fair enough\n|\n|t:|1733868168\n|switch|p1a: Espeon|Espeon, L84, M|246/246\n|turn|6\n|\n|t:|1733868184\n|move|p1a: Espeon|Psyshock|p2a: Conkeldurr\n|-supereffective|p2a: Conkeldurr\n|-damage|p2a: Conkeldurr|0 fnt\n|faint|p2a: Conkeldurr\n|\n|upkeep\n|\n|t:|1733868196\n|switch|p2a: Persian|Persian, L92, F|269/269\n|turn|7\n|\n|t:|1733868214\n|move|p2a: Persian|Fake Out|p1a: Espeon\n|-damage|p1a: Espeon|158/246\n|cant|p1a: Espeon|flinch\n|\n|upkeep\n|turn|8\n|\n|t:|1733868217\n|move|p2a: Persian|Knock Off|p1a: Espeon\n|-supereffective|p1a: Espeon\n|-damage|p1a: Espeon|4/246\n|-enditem|p1a: Espeon|Choice Specs|[from] move: Knock Off|[of] p2a: Persian\n|move|p1a: Espeon|Psyshock|p2a: Persian\n|-damage|p2a: Persian|140/269\n|\n|upkeep\n|turn|9\n|\n|t:|1733868225\n|move|p2a: Persian|U-turn|p1a: Espeon\n|-supereffective|p1a: Espeon\n|-damage|p1a: Espeon|0 fnt\n|faint|p1a: Espeon\n|\n|t:|1733868232\n|switch|p2a: Lumineon|Lumineon, L93, M|279/279|[from] U-turn\n|\n|upkeep\n|\n|t:|1733868241\n|switch|p1a: Iron Bundle|Iron Bundle, L77|213/213\n|turn|10\n|c|\u2606Pizariii|Whar\n|\n|t:|1733868255\n|move|p1a: Iron Bundle|Freeze-Dry|p2a: Lumineon\n|-supereffective|p2a: Lumineon\n|-damage|p2a: Lumineon|141/279\n|-status|p2a: Lumineon|frz\n|cant|p2a: Lumineon|frz\n|\n|upkeep\n|turn|11\n|c|\u2606Pizariii|omfg really\n|\n|t:|1733868270\n|move|p1a: Iron Bundle|Freeze-Dry|p2a: Lumineon\n|-supereffective|p2a: Lumineon\n|-damage|p2a: Lumineon|7/279 frz\n|-curestatus|p2a: Lumineon|frz|[msg]\n|move|p2a: Lumineon|U-turn|p1a: Iron Bundle\n|-damage|p1a: Iron Bundle|172/213\n|c|\u2606Pizariii|That sucks lmao\n|\n|t:|1733868283\n|switch|p2a: Hariyama|Hariyama, L87, M, tera:Steel|134/392|[from] U-turn\n|\n|upkeep\n|turn|12\n|\n|t:|1733868313\n|-end|p1a: Iron Bundle|Quark Drive|[silent]\n|switch|p1a: Scyther|Scyther, L82, F|249/249\n|move|p2a: Hariyama|Bullet Punch|p1a: Scyther\n|-damage|p1a: Scyther|189/249\n|\n|upkeep\n|turn|13\n|\n|t:|1733868320\n|move|p1a: Scyther|Close Combat|p2a: Hariyama\n|-supereffective|p2a: Hariyama\n|-damage|p2a: Hariyama|0 fnt\n|-unboost|p1a: Scyther|def|1\n|-unboost|p1a: Scyther|spd|1\n|faint|p2a: Hariyama\n|\n|upkeep\n|c|\u2606Pizariii|Scyther gets that???\n|\n|t:|1733868337\n|switch|p2a: Comfey|Comfey, L85, F|225/225\n|turn|14\n|\n|t:|1733868352\n|switch|p1a: Iron Bundle|Iron Bundle, L77|172/213\n|move|p2a: Comfey|Calm Mind|p2a: Comfey\n|-boost|p2a: Comfey|spa|1\n|-boost|p2a: Comfey|spd|1\n|\n|upkeep\n|turn|15\n|\n|t:|1733868362\n|move|p2a: Comfey|Draining Kiss|p1a: Iron Bundle\n|-damage|p1a: Iron Bundle|64/213\n|move|p1a: Iron Bundle|Encore|p2a: Comfey\n|-start|p2a: Comfey|Encore\n|\n|upkeep\n|turn|16\n|\n|t:|1733868370\n|move|p2a: Comfey|Draining Kiss|p1a: Iron Bundle\n|-damage|p1a: Iron Bundle|0 fnt\n|faint|p1a: Iron Bundle\n|-end|p1a: Iron Bundle|Quark Drive|[silent]\n|\n|upkeep\n|\n|t:|1733868373\n|switch|p1a: Scyther|Scyther, L82, F|189/249\n|turn|17\n|\n|t:|1733868381\n|move|p2a: Comfey|Draining Kiss|p1a: Scyther\n|-damage|p1a: Scyther|104/249\n|move|p1a: Scyther|Dual Wingbeat|p2a: Comfey\n|-damage|p2a: Comfey|159/225\n|-damage|p2a: Comfey|98/225\n|-hitcount|p2a: Comfey|2\n|\n|-heal|p2a: Comfey|112/225|[from] item: Leftovers\n|upkeep\n|turn|18\n|\n|t:|1733868392\n|move|p2a: Comfey|Draining Kiss|p1a: Scyther\n|-damage|p1a: Scyther|25/249\n|-heal|p2a: Comfey|171/225|[from] drain|[of] p1a: Scyther\n|move|p1a: Scyther|Dual Wingbeat|p2a: Comfey\n|-damage|p2a: Comfey|110/225\n|-damage|p2a: Comfey|40/225\n|-hitcount|p2a: Comfey|2\n|\n|-heal|p2a: Comfey|54/225|[from] item: Leftovers\n|-end|p2a: Comfey|Encore\n|upkeep\n|turn|19\n|\n|t:|1733868403\n|move|p2a: Comfey|Draining Kiss|p1a: Scyther\n|-damage|p1a: Scyther|0 fnt\n|-heal|p2a: Comfey|73/225|[from] drain|[of] p1a: Scyther\n|faint|p1a: Scyther\n|\n|-heal|p2a: Comfey|87/225|[from] item: Leftovers\n|upkeep\n|c|\u2606opossum fan 3|gg\n|\n|t:|1733868410\n|switch|p1a: Tyranitar|Tyranitar, L79, F|288/288\n|-weather|Sandstorm|[from] ability: Sand Stream|[of] p1a: Tyranitar\n|turn|20\n|c|\u2606Pizariii|gg\n|c|\u2606Pizariii|Good fight\n|\n|t:|1733868417\n|-terastallize|p1a: Tyranitar|Rock\n|move|p2a: Comfey|Draining Kiss|p1a: Tyranitar\n|-damage|p1a: Tyranitar|240/288\n|-heal|p2a: Comfey|123/225|[from] drain|[of] p1a: Tyranitar\n|move|p1a: Tyranitar|Dragon Dance|p1a: Tyranitar\n|-boost|p1a: Tyranitar|atk|1\n|-boost|p1a: Tyranitar|spe|1\n|\n|-weather|Sandstorm|[upkeep]\n|-damage|p2a: Comfey|109/225|[from] Sandstorm\n|-heal|p2a: Comfey|123/225|[from] item: Leftovers\n|-heal|p1a: Tyranitar|258/288|[from] item: Leftovers\n|upkeep\n|turn|21\n|\n|t:|1733868429\n|move|p2a: Comfey|Synthesis|p2a: Comfey\n|-heal|p2a: Comfey|179/225\n|move|p1a: Tyranitar|Dragon Dance|p1a: Tyranitar\n|-boost|p1a: Tyranitar|atk|1\n|-boost|p1a: Tyranitar|spe|1\n|\n|-weather|Sandstorm|[upkeep]\n|-damage|p2a: Comfey|165/225|[from] Sandstorm\n|-heal|p1a: Tyranitar|276/288|[from] item: Leftovers\n|-heal|p2a: Comfey|179/225|[from] item: Leftovers\n|upkeep\n|turn|22\n|\n|t:|1733868436\n|move|p2a: Comfey|Draining Kiss|p1a: Tyranitar\n|-damage|p1a: Tyranitar|231/288\n|-heal|p2a: Comfey|213/225|[from] drain|[of] p1a: Tyranitar\n|move|p1a: Tyranitar|Stone Edge|p2a: Comfey|[miss]\n|-miss|p1a: Tyranitar|p2a: Comfey\n|\n|-weather|Sandstorm|[upkeep]\n|-damage|p2a: Comfey|199/225|[from] Sandstorm\n|-heal|p1a: Tyranitar|249/288|[from] item: Leftovers\n|-heal|p2a: Comfey|213/225|[from] item: Leftovers\n|upkeep\n|turn|23\n|\n|t:|1733868442\n|switch|p2a: Persian|Persian, L92, F|140/269\n|move|p1a: Tyranitar|Stone Edge|p2a: Persian|[miss]\n|-miss|p1a: Tyranitar|p2a: Persian\n|\n|-weather|Sandstorm|[upkeep]\n|-damage|p2a: Persian|124/269|[from] Sandstorm\n|-heal|p1a: Tyranitar|267/288|[from] item: Leftovers\n|upkeep\n|turn|24\n|\n|t:|1733868448\n|move|p1a: Tyranitar|Knock Off|p2a: Persian\n|-damage|p2a: Persian|0 fnt\n|-enditem|p2a: Persian|Silk Scarf|[from] move: Knock Off|[of] p1a: Tyranitar\n|faint|p2a: Persian\n|\n|-weather|none\n|-heal|p1a: Tyranitar|285/288|[from] item: Leftovers\n|upkeep\n|\n|t:|1733868451\n|switch|p2a: Appletun|Appletun, L92, M|352/352\n|turn|25\n|\n|t:|1733868458\n|move|p1a: Tyranitar|Ice Punch|p2a: Appletun\n|-supereffective|p2a: Appletun\n|-damage|p2a: Appletun|124/352\n|-status|p2a: Appletun|frz\n|cant|p2a: Appletun|frz\n|\n|-heal|p1a: Tyranitar|288/288|[from] item: Leftovers\n|-heal|p2a: Appletun|146/352 frz|[from] item: Leftovers\n|upkeep\n|turn|26\n|c|\u2606Pizariii|What the\n|\n|t:|1733868473\n|move|p1a: Tyranitar|Ice Punch|p2a: Appletun\n|-supereffective|p2a: Appletun\n|-damage|p2a: Appletun|0 fnt\n|faint|p2a: Appletun\n|\n|upkeep\n|c|\u2606opossum fan 3|uh\n|\n|t:|1733868478\n|switch|p2a: Lumineon|Lumineon, L93, M|7/279\n|turn|27\n|\n|t:|1733868485\n|move|p1a: Tyranitar|Knock Off|p2a: Lumineon\n|-damage|p2a: Lumineon|0 fnt\n|-enditem|p2a: Lumineon|Choice Specs|[from] move: Knock Off|[of] p1a: Tyranitar\n|faint|p2a: Lumineon\n|\n|upkeep\n|\n|t:|1733868488\n|switch|p2a: Comfey|Comfey, L85, F|213/225\n|turn|28\n|\n|t:|1733868494\n|move|p1a: Tyranitar|Stone Edge|p2a: Comfey\n|-damage|p2a: Comfey|0 fnt\n|faint|p2a: Comfey\n|\n|win|opossum fan 3\n|raw|opossum fan 3's rating: 1252 &rarr; <strong>1274</strong><br />(+22 for winning)\n|raw|Pizariii's rating: 1208 &rarr; <strong>1186</strong><br />(-22 for losing)\n|c|\u2606opossum fan 3|uh\n|c|\u2606opossum fan 3|ok well\n|c|\u2606opossum fan 3|gg\n|c|\u2606Pizariii|Bravo\n|c|\u2606Pizariii|LMAO\n|c|\u2606opossum fan 3|LOL\n", "inputlog": ">version bfd83cad13791eb5a5a409923076391caf6fb4d4\n>start {\"formatid\":\"gen9randombattle\",\"seed\":[4405,34140,388,57092],\"rated\":\"Rated battle\"}\n>player p1 {\"name\":\"opossum fan 3\",\"avatar\":\"dawn\",\"rating\":1252,\"seed\":[4830,14837,42857,59981]}\n>player p2 {\"name\":\"Pizariii\",\"avatar\":\"fantina\",\"rating\":1208,\"seed\":[40589,18219,7774,54468]}\n>p1 switch 6\n>p2 move closecombat\n>p1 move bravebird\n>p2 move closecombat terastallize\n>chat \u2606Pizariii|This is already interesting\n>p1 switch 3\n>p1 move uturn\n>p2 move knockoff\n>chat \u2606Pizariii|Oh?\n>chat \u2606Pizariii|U-turn?\n>p1 switch 4\n>p1 move doubleedge\n>p2 switch 3\n>p1 move trick\n>p2 move machpunch\n>chat \u2606Pizariii|Goodbye little furry tube of love\n>chat \u2606Pizariii|We will miss you\n>chat \u2606opossum fan 3|s otrue\n>chat \u2606Pizariii|Username doesn't check out\n>chat \u2606opossum fan 3|what!? why not?\n>chat \u2606Pizariii|Likes ferrets, not opossums\n>chat \u2606opossum fan 3|i sacked the ferret! opossums forever\n>chat \u2606Pizariii|Fair enough\n>p1 switch 2\n>p1 move psyshock\n>p2 move knockoff\n>p2 switch 6\n>p1 move psyshock\n>p2 move fakeout\n>p1 move psyshock\n>p2 move knockoff\n>p1 move psyshock\n>p2 move uturn\n>p2 switch 2\n>p1 switch 5\n>chat \u2606Pizariii|Whar\n>p1 move freezedry\n>p2 move uturn\n>chat \u2606Pizariii|omfg really\n>p1 move freezedry\n>p2 move uturn\n>chat \u2606Pizariii|That sucks lmao \n>p2 switch 3\n>p1 switch 4\n>p2 move bulletpunch\n>p1 move closecombat\n>p2 move heavyslam\n>chat \u2606Pizariii|Scyther gets that???\n>p2 switch 5\n>p1 switch 4\n>p2 move calmmind\n>p1 move encore\n>p2 move drainingkiss\n>p1 move hydropump\n>p2 move drainingkiss\n>p1 switch 4\n>p1 move dualwingbeat\n>p2 move drainingkiss\n>p1 move dualwingbeat\n>p2 move drainingkiss\n>p1 move dualwingbeat\n>p2 move drainingkiss\n>chat \u2606opossum fan 3|gg\n>p1 switch 6\n>chat \u2606Pizariii|gg\n>chat \u2606Pizariii|Good fight\n>p1 move dragondance terastallize\n>p2 move drainingkiss\n>p1 move dragondance\n>p2 move synthesis\n>p1 move stoneedge\n>p2 move drainingkiss\n>p1 move stoneedge\n>p2 switch 2\n>p1 move knockoff\n>p2 move knockoff\n>p2 switch 4\n>p1 move icepunch\n>p2 move appleacid\n>chat \u2606Pizariii|What the\n>p1 move icepunch\n>p2 move appleacid\n>chat \u2606opossum fan 3|uh\n>p2 switch 3\n>p1 move knockoff\n>p2 move hydropump\n>p2 switch 2\n>p1 move stoneedge\n>p2 move calmmind", "uploadtime": 1733868520, "views": 2, "formatid": "gen9randombattle", "rating": 1186, "private": 0, "password": null}