{"id": "gen9randombattle-2260811568", "format": "[Gen 9] Random Battle", "players": ["maniacalkiwi", "joshtosh2003"], "log": "|j|\u2606maniacalkiwi\n|j|\u2606joshtosh2003\n|t:|1733896318\n|gametype|singles\n|player|p1|maniacalkiwi|1|1188\n|player|p2|joshtosh2003|2|1231\n|teamsize|p1|6\n|teamsize|p2|6\n|gen|9\n|tier|[Gen 9] Random Battle\n|rated|\n|rule|Species Clause: Limit one of each Pok\u00e9mon\n|rule|HP Percentage Mod: HP is shown in percentages\n|rule|Sleep Clause Mod: Limit one foe put to sleep\n|rule|Illusion Level Mod: Illusion disguises the Pok\u00e9mon's true level\n|\n|t:|1733896318\n|start\n|switch|p1a: Camerupt|Camerupt, L91, F|275/275\n|switch|p2a: Empoleon|Empoleon, L84, F|278/278\n|turn|1\n|\n|t:|1733896329\n|-terastallize|p1a: Camerupt|Grass\n|move|p2a: Empoleon|Surf|p1a: Camerupt\n|-resisted|p1a: Camerupt\n|-damage|p1a: Camerupt|221/275\n|move|p1a: Camerupt|Earthquake|p2a: Empoleon\n|-supereffective|p2a: Empoleon\n|-damage|p2a: Empoleon|24/278\n|\n|-heal|p2a: Empoleon|41/278|[from] item: Leftovers\n|-heal|p1a: Camerupt|238/275|[from] item: Leftovers\n|upkeep\n|turn|2\n|\n|t:|1733896338\n|move|p2a: Empoleon|Ice Beam|p1a: Camerupt\n|-supereffective|p1a: Camerupt\n|-damage|p1a: Camerupt|136/275\n|move|p1a: Camerupt|Stealth Rock|p2a: Empoleon\n|-sidestart|p2: joshtosh2003|move: Stealth Rock\n|\n|-heal|p2a: Empoleon|58/278|[from] item: Leftovers\n|-heal|p1a: Camerupt|153/275|[from] item: Leftovers\n|upkeep\n|turn|3\n|inactive|Battle timer is ON: inactive players will automatically lose when time's up. (requested by joshtosh2003)\n|inactive|joshtosh2003 has 120 seconds left.\n|\n|t:|1733896372\n|move|p2a: Empoleon|Ice Beam|p1a: Camerupt\n|-supereffective|p1a: Camerupt\n|-damage|p1a: Camerupt|48/275\n|move|p1a: Camerupt|Earthquake|p2a: Empoleon\n|-supereffective|p2a: Empoleon\n|-damage|p2a: Empoleon|0 fnt\n|faint|p2a: Empoleon\n|\n|-heal|p1a: Camerupt|65/275|[from] item: Leftovers\n|upkeep\n|\n|t:|1733896381\n|switch|p2a: Noctowl|Noctowl, L95, F|344/344\n|turn|4\n|inactive|maniacalkiwi has 120 seconds left.\n|\n|t:|1733896412\n|switch|p1a: Drednaw|Drednaw, L81, F|278/278\n|move|p2a: Noctowl|Hurricane|p1a: Drednaw\n|-resisted|p1a: Drednaw\n|-damage|p1a: Drednaw|112/278\n|\n|upkeep\n|turn|5\n|inactive|maniacalkiwi has 120 seconds left.\n|inactive|joshtosh2003 has 120 seconds left.\n|\n|t:|1733896456\n|move|p2a: Noctowl|Hyper Voice|p1a: Drednaw\n|-resisted|p1a: Drednaw\n|-damage|p1a: Drednaw|0 fnt\n|faint|p1a: Drednaw\n|\n|upkeep\n|inactive|maniacalkiwi has 120 seconds left.\n|\n|t:|1733896471\n|switch|p1a: Bronzong|Bronzong, L88|261/261\n|turn|6\n|inactive|joshtosh2003 has 120 seconds left.\n|\n|t:|1733896484\n|switch|p2a: Hydrapple|Hydrapple, L83, F|312/312\n|-damage|p2a: Hydrapple|273/312|[from] Stealth Rock\n|move|p1a: Bronzong|Hypnosis|p2a: Hydrapple|[miss]\n|-miss|p1a: Bronzong|p2a: Hydrapple\n|\n|upkeep\n|turn|7\n|inactive|joshtosh2003 has 120 seconds left.\n|inactive|maniacalkiwi has 120 seconds left.\n|inactive|joshtosh2003 has 90 seconds left.\n|\n|t:|1733896521\n|switch|p1a: Illumise|Illumise, L91, F|266/266\n|move|p2a: Hydrapple|Earth Power|p1a: Illumise\n|-resisted|p1a: Illumise\n|-damage|p1a: Illumise|228/266\n|\n|upkeep\n|turn|8\n|inactive|joshtosh2003 has 90 seconds left.\n|\n|t:|1733896536\n|move|p1a: Illumise|Thunder Wave|p2a: Hydrapple\n|-status|p2a: Hydrapple|par\n|move|p2a: Hydrapple|Fickle Beam|p1a: Illumise|[anim] Fickle Beam All Out\n|-activate|p2a: Hydrapple|move: Fickle Beam\n|-damage|p1a: Illumise|39/266\n|\n|upkeep\n|turn|9\n|\n|t:|1733896544\n|move|p1a: Illumise|Bug Buzz|p2a: Hydrapple\n|-supereffective|p2a: Hydrapple\n|-damage|p2a: Hydrapple|139/312 par\n|move|p2a: Hydrapple|Fickle Beam|p1a: Illumise\n|-damage|p1a: Illumise|0 fnt\n|faint|p1a: Illumise\n|\n|upkeep\n|\n|t:|1733896551\n|switch|p1a: Camerupt|Camerupt, L91, F, tera:Grass|65/275\n|turn|10\n|\n|t:|1733896563\n|move|p1a: Camerupt|Overheat|p2a: Hydrapple\n|-damage|p2a: Hydrapple|6/312 par\n|-unboost|p1a: Camerupt|spa|2\n|move|p2a: Hydrapple|Fickle Beam|p1a: Camerupt\n|-damage|p1a: Camerupt|0 fnt\n|faint|p1a: Camerupt\n|\n|upkeep\n|\n|t:|1733896574\n|switch|p1a: Bronzong|Bronzong, L88|261/261\n|turn|11\n|\n|t:|1733896587\n|move|p1a: Bronzong|Iron Head|p2a: Hydrapple\n|-crit|p2a: Hydrapple\n|-damage|p2a: Hydrapple|0 fnt\n|faint|p2a: Hydrapple\n|\n|upkeep\n|inactive|joshtosh2003 has 90 seconds left.\n|\n|t:|1733896633\n|switch|p2a: Regieleki|Regieleki, L79|256/256\n|-damage|p2a: Regieleki|224/256|[from] Stealth Rock\n|turn|12\n|\n|t:|1733896638\n|move|p2a: Regieleki|Volt Switch|p1a: Bronzong\n|-damage|p1a: Bronzong|180/261\n|\n|t:|1733896642\n|switch|p2a: Dudunsparce|Dudunsparce-Three-Segment, L83, M|343/343|[from] Volt Switch\n|-damage|p2a: Dudunsparce|301/343|[from] Stealth Rock\n|move|p1a: Bronzong|Earthquake|p2a: Dudunsparce\n|-damage|p2a: Dudunsparce|223/343\n|\n|-heal|p2a: Dudunsparce|244/343|[from] item: Leftovers\n|-heal|p1a: Bronzong|196/261|[from] item: Leftovers\n|upkeep\n|turn|13\n|\n|t:|1733896652\n|move|p2a: Dudunsparce|Glare|p1a: Bronzong\n|-status|p1a: Bronzong|par\n|cant|p1a: Bronzong|par\n|\n|-heal|p2a: Dudunsparce|265/343|[from] item: Leftovers\n|-heal|p1a: Bronzong|212/261 par|[from] item: Leftovers\n|upkeep\n|turn|14\n|\n|t:|1733896657\n|move|p2a: Dudunsparce|Earthquake|p1a: Bronzong\n|-immune|p1a: Bronzong|[from] ability: Levitate\n|cant|p1a: Bronzong|par\n|\n|-heal|p2a: Dudunsparce|286/343|[from] item: Leftovers\n|-heal|p1a: Bronzong|228/261 par|[from] item: Leftovers\n|upkeep\n|turn|15\n|inactive|joshtosh2003 has 90 seconds left.\n|\n|t:|1733896679\n|move|p2a: Dudunsparce|Headbutt|p1a: Bronzong\n|-resisted|p1a: Bronzong\n|-damage|p1a: Bronzong|200/261 par\n|move|p1a: Bronzong|Iron Head|p2a: Dudunsparce\n|-damage|p2a: Dudunsparce|192/343\n|\n|-heal|p2a: Dudunsparce|213/343|[from] item: Leftovers\n|-heal|p1a: Bronzong|216/261 par|[from] item: Leftovers\n|upkeep\n|turn|16\n|\n|t:|1733896692\n|switch|p2a: Noctowl|Noctowl, L95, F|344/344\n|move|p1a: Bronzong|Iron Head|p2a: Noctowl\n|-damage|p2a: Noctowl|230/344\n|\n|-heal|p1a: Bronzong|232/261 par|[from] item: Leftovers\n|upkeep\n|turn|17\n|\n|t:|1733896703\n|move|p2a: Noctowl|Hurricane|p1a: Bronzong|[miss]\n|-miss|p2a: Noctowl|p1a: Bronzong\n|cant|p1a: Bronzong|par\n|\n|-heal|p1a: Bronzong|248/261 par|[from] item: Leftovers\n|upkeep\n|turn|18\n|\n|t:|1733896709\n|move|p2a: Noctowl|Hurricane|p1a: Bronzong|[miss]\n|-miss|p2a: Noctowl|p1a: Bronzong\n|move|p1a: Bronzong|Hypnosis|p2a: Noctowl\n|-status|p2a: Noctowl|slp|[from] move: Hypnosis\n|\n|-heal|p1a: Bronzong|261/261 par|[from] item: Leftovers\n|upkeep\n|turn|19\n|\n|t:|1733896717\n|switch|p1a: Forretress|Forretress, L84, M|263/263\n|cant|p2a: Noctowl|slp\n|\n|upkeep\n|turn|20\n|\n|t:|1733896725\n|cant|p2a: Noctowl|slp\n|move|p1a: Forretress|Volt Switch|p2a: Noctowl\n|-supereffective|p2a: Noctowl\n|-damage|p2a: Noctowl|174/344 slp\n|\n|t:|1733896737\n|switch|p1a: Bronzong|Bronzong, L88|261/261 par|[from] Volt Switch\n|\n|upkeep\n|turn|21\n|\n|t:|1733896759\n|-curestatus|p2a: Noctowl|slp|[msg]\n|move|p2a: Noctowl|Hurricane|p1a: Bronzong|[miss]\n|-miss|p2a: Noctowl|p1a: Bronzong\n|cant|p1a: Bronzong|par\n|\n|upkeep\n|turn|22\n|\n|t:|1733896770\n|move|p2a: Noctowl|Hurricane|p1a: Bronzong|[miss]\n|-miss|p2a: Noctowl|p1a: Bronzong\n|move|p1a: Bronzong|Iron Head|p2a: Noctowl\n|-damage|p2a: Noctowl|65/344\n|\n|upkeep\n|turn|23\n|\n|t:|1733896775\n|move|p2a: Noctowl|Hurricane|p1a: Bronzong\n|-resisted|p1a: Bronzong\n|-damage|p1a: Bronzong|151/261 par\n|cant|p1a: Bronzong|par\n|\n|-heal|p1a: Bronzong|167/261 par|[from] item: Leftovers\n|upkeep\n|turn|24\n|\n|t:|1733896780\n|move|p2a: Noctowl|Hurricane|p1a: Bronzong\n|-resisted|p1a: Bronzong\n|-damage|p1a: Bronzong|67/261 par\n|-start|p1a: Bronzong|confusion\n|-activate|p1a: Bronzong|confusion\n|move|p1a: Bronzong|Iron Head|p2a: Noctowl\n|-damage|p2a: Noctowl|0 fnt\n|faint|p2a: Noctowl\n|\n|-heal|p1a: Bronzong|83/261 par|[from] item: Leftovers\n|upkeep\n|\n|t:|1733896793\n|switch|p2a: Regieleki|Regieleki, L79|224/256\n|-damage|p2a: Regieleki|192/256|[from] Stealth Rock\n|turn|25\n|\n|t:|1733896798\n|move|p2a: Regieleki|Thunderbolt|p1a: Bronzong\n|-damage|p1a: Bronzong|0 fnt\n|faint|p1a: Bronzong\n|\n|upkeep\n|\n|t:|1733896809\n|switch|p1a: Rayquaza|Rayquaza, L72|270/270\n|-ability|p1a: Rayquaza|Air Lock\n|turn|26\n|inactive|joshtosh2003 has 120 seconds left.\n|\n|t:|1733896834\n|move|p2a: Regieleki|Volt Switch|p1a: Rayquaza\n|-damage|p1a: Rayquaza|156/270\n|\n|t:|1733896837\n|switch|p2a: Dudunsparce|Dudunsparce-Three-Segment, L83, M|213/343|[from] Volt Switch\n|-damage|p2a: Dudunsparce|171/343|[from] Stealth Rock\n|move|p1a: Rayquaza|Earthquake|p2a: Dudunsparce\n|-damage|p2a: Dudunsparce|60/343\n|\n|-heal|p2a: Dudunsparce|81/343|[from] item: Leftovers\n|upkeep\n|turn|27\n|\n|t:|1733896848\n|move|p1a: Rayquaza|Earthquake|p2a: Dudunsparce\n|-damage|p2a: Dudunsparce|0 fnt\n|faint|p2a: Dudunsparce\n|\n|upkeep\n|inactive|joshtosh2003 has 120 seconds left.\n|\n|t:|1733896876\n|switch|p2a: Regieleki|Regieleki, L79|192/256\n|-damage|p2a: Regieleki|160/256|[from] Stealth Rock\n|turn|28\n|inactive|joshtosh2003 has 90 seconds left.\n|\n|t:|1733896909\n|move|p2a: Regieleki|Thunderbolt|p1a: Rayquaza\n|-damage|p1a: Rayquaza|0 fnt\n|faint|p1a: Rayquaza\n|\n|upkeep\n|\n|t:|1733896915\n|switch|p1a: Forretress|Forretress, L84, M|263/263\n|turn|29\n|\n|t:|1733896922\n|move|p2a: Regieleki|Thunderbolt|p1a: Forretress\n|-damage|p1a: Forretress|83/263\n|move|p1a: Forretress|Iron Head|p2a: Regieleki\n|-resisted|p2a: Regieleki\n|-damage|p2a: Regieleki|103/256\n|\n|-heal|p1a: Forretress|99/263|[from] item: Leftovers\n|upkeep\n|turn|30\n|\n|t:|1733896932\n|move|p2a: Regieleki|Thunderbolt|p1a: Forretress\n|-damage|p1a: Forretress|0 fnt\n|faint|p1a: Forretress\n|\n|win|joshtosh2003\n|raw|maniacalkiwi's rating: 1188 &rarr; <strong>1168</strong><br />(-20 for losing)\n|raw|joshtosh2003's rating: 1254 &rarr; <strong>1274</strong><br />(+20 for winning)\n", "inputlog": ">version bfd83cad13791eb5a5a409923076391caf6fb4d4\n>start {\"formatid\":\"gen9randombattle\",\"seed\":[31899,47207,46726,41252],\"rated\":\"Rated battle\"}\n>player p1 {\"name\":\"maniacalkiwi\",\"avatar\":\"1\",\"rating\":1188,\"seed\":[56674,7527,26509,19296]}\n>player p2 {\"name\":\"joshtosh2003\",\"avatar\":\"2\",\"rating\":1231,\"seed\":[52913,37362,44232,15552]}\n>p1 move earthquake terastallize\n>p2 move surf\n>p1 move stealthrock\n>p2 move icebeam\n>p1 move earthquake\n>p2 move icebeam\n>p2 switch 5\n>p1 switch 6\n>p2 move hurricane\n>p1 move shellsmash\n>p2 move hypervoice\n>p1 switch 3\n>p1 move hypnosis\n>p2 switch 2\n>p1 switch 4\n>p2 move earthpower\n>p1 move thunderwave\n>p2 move ficklebeam\n>p1 move bugbuzz\n>p2 move ficklebeam\n>p1 switch 6\n>p1 move overheat\n>p2 move ficklebeam\n>p1 switch 4\n>p1 move ironhead\n>p2 move ficklebeam\n>p2 switch 4\n>p1 move earthquake\n>p2 move voltswitch\n>p2 switch 6\n>p1 move ironhead\n>p2 move glare\n>p1 move hypnosis\n>p2 move earthquake\n>p1 move ironhead\n>p2 move headbutt\n>p1 move ironhead\n>p2 switch 2\n>p1 move hypnosis\n>p2 move hurricane\n>p1 move hypnosis\n>p2 move hurricane\n>p1 switch 2\n>p2 move hurricane\n>p1 move voltswitch\n>p2 move hurricane\n>p1 switch 2\n>p1 move ironhead\n>p2 move hurricane\n>p1 move ironhead\n>p2 move hurricane\n>p1 move ironhead\n>p2 move hurricane\n>p1 move ironhead\n>p2 move hurricane\n>p2 switch 6\n>p1 move earthquake\n>p2 move thunderbolt\n>p1 switch 5\n>p1 move earthquake\n>p2 move voltswitch\n>p2 switch 2\n>p1 move earthquake\n>p2 move headbutt\n>p2 switch 2\n>p1 move earthquake\n>p2 move thunderbolt\n>p1 switch 2\n>p1 move ironhead\n>p2 move thunderbolt\n>p1 move ironhead\n>p2 move thunderbolt", "uploadtime": 1733896942, "views": 4, "formatid": "gen9randombattle", "rating": 1168, "private": 0, "password": null}