{"id": "gen9randombattle-2260758046", "format": "[Gen 9] Random Battle", "players": ["themasterofmasters", "Yanzuwu"], "log": "|j|\u2606themasterofmasters\n|j|\u2606Yanzuwu\n|t:|1733887760\n|gametype|singles\n|player|p1|themasterofmasters|cynthia|1366\n|player|p2|Yanzuwu|rosa|1404\n|teamsize|p1|6\n|teamsize|p2|6\n|gen|9\n|tier|[Gen 9] Random Battle\n|rated|\n|rule|Species Clause: Limit one of each Pok\u00e9mon\n|rule|HP Percentage Mod: HP is shown in percentages\n|rule|Sleep Clause Mod: Limit one foe put to sleep\n|rule|Illusion Level Mod: Illusion disguises the Pok\u00e9mon's true level\n|\n|t:|1733887760\n|start\n|switch|p1a: Hariyama|Hariyama, L87, M|392/392\n|switch|p2a: Dipplin|Dipplin, L88, M|284/284\n|turn|1\n|\n|t:|1733887776\n|move|p1a: Hariyama|Knock Off|p2a: Dipplin\n|-damage|p2a: Dipplin|236/284\n|-activate|p2a: Dipplin|ability: Sticky Hold\n|move|p2a: Dipplin|Dragon Pulse|p1a: Hariyama\n|-damage|p1a: Hariyama|304/392\n|\n|upkeep\n|turn|2\n|\n|t:|1733887783\n|move|p1a: Hariyama|Close Combat|p2a: Dipplin\n|-damage|p2a: Dipplin|145/284\n|-unboost|p1a: Hariyama|def|1\n|-unboost|p1a: Hariyama|spd|1\n|move|p2a: Dipplin|Giga Drain|p1a: Hariyama\n|-damage|p1a: Hariyama|195/392\n|-heal|p2a: Dipplin|200/284|[from] drain|[of] p1a: Hariyama\n|\n|upkeep\n|turn|3\n|\n|t:|1733887809\n|switch|p1a: Greedent|Greedent, L86, M|347/347\n|move|p2a: Dipplin|Giga Drain|p1a: Greedent\n|-damage|p1a: Greedent|259/347\n|-heal|p2a: Dipplin|244/284|[from] drain|[of] p1a: Greedent\n|\n|upkeep\n|turn|4\n|\n|t:|1733887825\n|switch|p2a: Spectrier|Spectrier, L75|274/274\n|move|p1a: Greedent|Swords Dance|p1a: Greedent\n|-boost|p1a: Greedent|atk|2\n|\n|upkeep\n|turn|5\n|\n|t:|1733887831\n|move|p2a: Spectrier|Will-O-Wisp|p1a: Greedent\n|-status|p1a: Greedent|brn\n|move|p1a: Greedent|Knock Off|p2a: Spectrier\n|-supereffective|p2a: Spectrier\n|-damage|p2a: Spectrier|59/274\n|-enditem|p2a: Spectrier|Life Orb|[from] move: Knock Off|[of] p1a: Greedent\n|\n|-damage|p1a: Greedent|238/347 brn|[from] brn\n|upkeep\n|turn|6\n|\n|t:|1733887846\n|move|p2a: Spectrier|Dark Pulse|p1a: Greedent\n|-damage|p1a: Greedent|167/347 brn\n|-enditem|p1a: Greedent|Sitrus Berry|[eat]\n|-heal|p1a: Greedent|253/347 brn|[from] item: Sitrus Berry\n|-heal|p1a: Greedent|347/347 brn|[from] ability: Cheek Pouch\n|move|p1a: Greedent|Earthquake|p2a: Spectrier\n|-damage|p2a: Spectrier|0 fnt\n|faint|p2a: Spectrier\n|\n|-damage|p1a: Greedent|326/347 brn|[from] brn\n|upkeep\n|\n|t:|1733887864\n|switch|p2a: Hoopa|Hoopa, L85|275/275\n|turn|7\n|\n|t:|1733887870\n|move|p2a: Hoopa|Trick|p1a: Greedent\n|-activate|p2a: Hoopa|move: Trick|[of] p1a: Greedent\n|-item|p1a: Greedent|Choice Scarf|[from] move: Trick\n|-enditem|p2a: Hoopa|Choice Scarf|[silent]|[from] move: Trick\n|move|p1a: Greedent|Knock Off|p2a: Hoopa\n|-supereffective|p2a: Hoopa\n|-damage|p2a: Hoopa|25/275\n|\n|-damage|p1a: Greedent|305/347 brn|[from] brn\n|upkeep\n|turn|8\n|\n|t:|1733887880\n|move|p2a: Hoopa|Focus Blast|p1a: Greedent\n|-supereffective|p1a: Greedent\n|-damage|p1a: Greedent|17/347 brn\n|-item|p2a: Hoopa|Choice Scarf|[from] ability: Magician|[of] p1a: Greedent\n|move|p1a: Greedent|Knock Off|p2a: Hoopa\n|-supereffective|p2a: Hoopa\n|-damage|p2a: Hoopa|0 fnt\n|-enditem|p2a: Hoopa|Choice Scarf|[from] move: Knock Off|[of] p1a: Greedent\n|faint|p2a: Hoopa\n|\n|-damage|p1a: Greedent|0 fnt|[from] brn\n|faint|p1a: Greedent\n|upkeep\n|\n|t:|1733887893\n|switch|p2a: Dipplin|Dipplin, L88, M|244/284\n|switch|p1a: Hariyama|Hariyama, L87, M|195/392\n|turn|9\n|\n|t:|1733887904\n|move|p1a: Hariyama|Heavy Slam|p2a: Dipplin\n|-damage|p2a: Dipplin|181/284\n|move|p2a: Dipplin|Giga Drain|p1a: Hariyama\n|-damage|p1a: Hariyama|117/392\n|-heal|p2a: Dipplin|220/284|[from] drain|[of] p1a: Hariyama\n|\n|upkeep\n|turn|10\n|\n|t:|1733887916\n|move|p1a: Hariyama|Stone Edge|p2a: Dipplin\n|-damage|p2a: Dipplin|176/284\n|move|p2a: Dipplin|Giga Drain|p1a: Hariyama\n|-damage|p1a: Hariyama|39/392\n|-heal|p2a: Dipplin|215/284|[from] drain|[of] p1a: Hariyama\n|\n|upkeep\n|turn|11\n|\n|t:|1733887922\n|move|p1a: Hariyama|Close Combat|p2a: Dipplin\n|-damage|p2a: Dipplin|122/284\n|-unboost|p1a: Hariyama|def|1\n|-unboost|p1a: Hariyama|spd|1\n|move|p2a: Dipplin|Giga Drain|p1a: Hariyama\n|-damage|p1a: Hariyama|0 fnt\n|-heal|p2a: Dipplin|142/284|[from] drain|[of] p1a: Hariyama\n|faint|p1a: Hariyama\n|\n|upkeep\n|\n|t:|1733887934\n|switch|p1a: Lokix|Lokix, L82, M|251/251\n|turn|12\n|\n|t:|1733887941\n|switch|p2a: Thundurus|Thundurus-Therian, L80, M|258/258\n|move|p1a: Lokix|First Impression|p2a: Thundurus\n|-resisted|p2a: Thundurus\n|-damage|p2a: Thundurus|126/258\n|\n|upkeep\n|turn|13\n|\n|t:|1733887957\n|switch|p1a: Misdreavus|Misdreavus, L90, M|254/254\n|move|p2a: Thundurus|Focus Blast|p1a: Misdreavus\n|-immune|p1a: Misdreavus\n|\n|upkeep\n|turn|14\n|\n|t:|1733887974\n|switch|p2a: Dipplin|Dipplin, L88, M|142/284\n|move|p1a: Misdreavus|Shadow Ball|p2a: Dipplin\n|-damage|p2a: Dipplin|78/284\n|\n|upkeep\n|turn|15\n|\n|t:|1733887981\n|move|p1a: Misdreavus|Draining Kiss|p2a: Dipplin\n|-supereffective|p2a: Dipplin\n|-damage|p2a: Dipplin|24/284\n|move|p2a: Dipplin|Recover|p2a: Dipplin\n|-heal|p2a: Dipplin|166/284\n|\n|upkeep\n|turn|16\n|\n|t:|1733887994\n|move|p1a: Misdreavus|Draining Kiss|p2a: Dipplin\n|-supereffective|p2a: Dipplin\n|-damage|p2a: Dipplin|118/284\n|move|p2a: Dipplin|Recover|p2a: Dipplin\n|-heal|p2a: Dipplin|260/284\n|\n|upkeep\n|turn|17\n|\n|t:|1733888001\n|switch|p1a: Lokix|Lokix, L82, M|251/251\n|move|p2a: Dipplin|Giga Drain|p1a: Lokix\n|-resisted|p1a: Lokix\n|-damage|p1a: Lokix|189/251\n|-heal|p2a: Dipplin|284/284|[from] drain|[of] p1a: Lokix\n|\n|upkeep\n|turn|18\n|\n|t:|1733888009\n|move|p1a: Lokix|First Impression|p2a: Dipplin\n|-supereffective|p2a: Dipplin\n|-damage|p2a: Dipplin|164/284\n|move|p2a: Dipplin|Dragon Pulse|p1a: Lokix\n|-damage|p1a: Lokix|38/251\n|\n|upkeep\n|turn|19\n|\n|t:|1733888018\n|move|p1a: Lokix|U-turn|p2a: Dipplin\n|-supereffective|p2a: Dipplin\n|-damage|p2a: Dipplin|68/284\n|\n|t:|1733888025\n|switch|p1a: Kommo-o|Kommo-o, L78, M|245/245|[from] U-turn\n|move|p2a: Dipplin|Giga Drain|p1a: Kommo-o\n|-resisted|p1a: Kommo-o\n|-damage|p1a: Kommo-o|203/245\n|-heal|p2a: Dipplin|89/284|[from] drain|[of] p1a: Kommo-o\n|\n|upkeep\n|turn|20\n|\n|t:|1733888037\n|move|p1a: Kommo-o|Clangorous Soul|p1a: Kommo-o\n|-boost|p1a: Kommo-o|atk|1\n|-boost|p1a: Kommo-o|def|1\n|-boost|p1a: Kommo-o|spa|1\n|-boost|p1a: Kommo-o|spd|1\n|-boost|p1a: Kommo-o|spe|1\n|-damage|p1a: Kommo-o|123/245\n|-enditem|p1a: Kommo-o|Throat Spray\n|-boost|p1a: Kommo-o|spa|1|[from] item: Throat Spray\n|move|p2a: Dipplin|Dragon Pulse|p1a: Kommo-o\n|-supereffective|p1a: Kommo-o\n|-damage|p1a: Kommo-o|7/245\n|\n|upkeep\n|turn|21\n|\n|t:|1733888055\n|move|p2a: Dipplin|Sucker Punch|p1a: Kommo-o\n|-resisted|p1a: Kommo-o\n|-damage|p1a: Kommo-o|0 fnt\n|faint|p1a: Kommo-o\n|\n|upkeep\n|c|\u2606themasterofmasters|no way bruh\n|c|\u2606Yanzuwu|yes way\n|\n|t:|1733888066\n|switch|p1a: Lokix|Lokix, L82, M|38/251\n|turn|22\n|\n|t:|1733888070\n|-terastallize|p1a: Lokix|Bug\n|-terastallize|p2a: Dipplin|Steel\n|move|p1a: Lokix|First Impression|p2a: Dipplin\n|-resisted|p2a: Dipplin\n|-damage|p2a: Dipplin|15/284\n|move|p2a: Dipplin|Recover|p2a: Dipplin\n|-heal|p2a: Dipplin|157/284\n|\n|upkeep\n|turn|23\n|\n|t:|1733888092\n|switch|p1a: Misdreavus|Misdreavus, L90, M|254/254\n|move|p2a: Dipplin|Giga Drain|p1a: Misdreavus\n|-damage|p1a: Misdreavus|199/254\n|-heal|p2a: Dipplin|185/284|[from] drain|[of] p1a: Misdreavus\n|\n|upkeep\n|turn|24\n|\n|t:|1733888109\n|move|p1a: Misdreavus|Calm Mind|p1a: Misdreavus\n|-boost|p1a: Misdreavus|spa|1\n|-boost|p1a: Misdreavus|spd|1\n|move|p2a: Dipplin|Dragon Pulse|p1a: Misdreavus\n|-damage|p1a: Misdreavus|153/254\n|\n|upkeep\n|turn|25\n|\n|t:|1733888128\n|switch|p2a: Typhlosion|Typhlosion, L84, M|267/267\n|move|p1a: Misdreavus|Calm Mind|p1a: Misdreavus\n|-boost|p1a: Misdreavus|spa|1\n|-boost|p1a: Misdreavus|spd|1\n|\n|upkeep\n|turn|26\n|c|\u2606themasterofmasters|diddy\n|\n|t:|1733888146\n|move|p2a: Typhlosion|Eruption|p1a: Misdreavus\n|-damage|p1a: Misdreavus|77/254\n|move|p1a: Misdreavus|Shadow Ball|p2a: Typhlosion\n|-damage|p2a: Typhlosion|74/267\n|\n|upkeep\n|turn|27\n|\n|t:|1733888154\n|move|p2a: Typhlosion|Eruption|p1a: Misdreavus\n|-damage|p1a: Misdreavus|53/254\n|move|p1a: Misdreavus|Shadow Ball|p2a: Typhlosion\n|-damage|p2a: Typhlosion|0 fnt\n|faint|p2a: Typhlosion\n|\n|upkeep\n|\n|t:|1733888174\n|switch|p2a: Thundurus|Thundurus-Therian, L80, M|126/258\n|turn|28\n|\n|t:|1733888177\n|move|p2a: Thundurus|Thunderbolt|p1a: Misdreavus\n|-damage|p1a: Misdreavus|13/254\n|move|p1a: Misdreavus|Draining Kiss|p2a: Thundurus\n|-damage|p2a: Thundurus|39/258\n|-heal|p1a: Misdreavus|78/254|[from] drain|[of] p2a: Thundurus\n|\n|upkeep\n|turn|29\n|\n|t:|1733888184\n|move|p2a: Thundurus|Thunderbolt|p1a: Misdreavus\n|-damage|p1a: Misdreavus|36/254\n|move|p1a: Misdreavus|Draining Kiss|p2a: Thundurus\n|-damage|p2a: Thundurus|0 fnt\n|-heal|p1a: Misdreavus|65/254|[from] drain|[of] p2a: Thundurus\n|faint|p2a: Thundurus\n|\n|upkeep\n|\n|t:|1733888199\n|switch|p2a: Dipplin|Dipplin, L88, M, tera:Steel|185/284\n|turn|30\n|\n|t:|1733888203\n|move|p2a: Dipplin|Sucker Punch|p1a: Misdreavus\n|-supereffective|p1a: Misdreavus\n|-damage|p1a: Misdreavus|0 fnt\n|faint|p1a: Misdreavus\n|\n|upkeep\n|\n|t:|1733888222\n|switch|p1a: Zangoose|Zangoose, L85, F|263/263\n|turn|31\n|\n|t:|1733888230\n|move|p1a: Zangoose|Swords Dance|p1a: Zangoose\n|-boost|p1a: Zangoose|atk|2\n|move|p2a: Dipplin|Giga Drain|p1a: Zangoose\n|-damage|p1a: Zangoose|160/263\n|-heal|p2a: Dipplin|237/284|[from] drain|[of] p1a: Zangoose\n|\n|-status|p1a: Zangoose|tox|[from] item: Toxic Orb\n|upkeep\n|turn|32\n|\n|t:|1733888265\n|move|p2a: Dipplin|Sucker Punch|p1a: Zangoose\n|-damage|p1a: Zangoose|103/263 tox\n|move|p1a: Zangoose|Facade|p2a: Dipplin\n|-resisted|p2a: Dipplin\n|-damage|p2a: Dipplin|87/284\n|\n|-damage|p1a: Zangoose|87/263 tox|[from] psn\n|upkeep\n|turn|33\n|\n|t:|1733888276\n|move|p2a: Dipplin|Sucker Punch|p1a: Zangoose\n|-damage|p1a: Zangoose|29/263 tox\n|move|p1a: Zangoose|Facade|p2a: Dipplin\n|-resisted|p2a: Dipplin\n|-damage|p2a: Dipplin|0 fnt\n|faint|p2a: Dipplin\n|\n|-damage|p1a: Zangoose|0 fnt|[from] psn\n|faint|p1a: Zangoose\n|upkeep\n|\n|t:|1733888285\n|switch|p1a: Lokix|Lokix, L82, M, tera:Bug|38/251\n|switch|p2a: Tatsugiri|Tatsugiri, L87, F|260/260\n|turn|34\n|c|\u2606themasterofmasters|lokix\n|c|\u2606themasterofmasters|kill ma enemies\n|c|\u2606Yanzuwu|no\n|c|\u2606themasterofmasters|and my life is yours\n|\n|t:|1733888305\n|move|p1a: Lokix|First Impression|p2a: Tatsugiri\n|-damage|p2a: Tatsugiri|68/260\n|move|p2a: Tatsugiri|Rapid Spin|p1a: Lokix\n|-damage|p1a: Lokix|10/251\n|-boost|p2a: Tatsugiri|spe|1\n|\n|upkeep\n|turn|35\n|\n|t:|1733888312\n|move|p1a: Lokix|Sucker Punch|p2a: Tatsugiri\n|-damage|p2a: Tatsugiri|0 fnt\n|faint|p2a: Tatsugiri\n|\n|win|themasterofmasters\n|raw|themasterofmasters's rating: 1366 &rarr; <strong>1388</strong><br />(+22 for winning)\n|raw|Yanzuwu's rating: 1404 &rarr; <strong>1382</strong><br />(-22 for losing)\n|c|\u2606Yanzuwu|;-;\n|c|\u2606themasterofmasters|LTS GOOOOOOOO\n|l|\u2606Yanzuwu\n|player|p2|\n", "inputlog": ">version bfd83cad13791eb5a5a409923076391caf6fb4d4\n>start {\"formatid\":\"gen9randombattle\",\"seed\":[39994,55824,31987,51114],\"rated\":\"Rated battle\"}\n>player p1 {\"name\":\"themasterofmasters\",\"avatar\":\"cynthia\",\"rating\":1366,\"seed\":[46823,56954,39446,47170]}\n>player p2 {\"name\":\"Yanzuwu\",\"avatar\":\"rosa\",\"rating\":1404,\"seed\":[5095,45860,62986,64533]}\n>p1 move knockoff\n>p2 move dragonpulse\n>p1 move closecombat\n>p2 move gigadrain\n>p1 switch 2\n>p2 move gigadrain\n>p1 move swordsdance\n>p2 switch 5\n>p1 move knockoff\n>p2 move willowisp\n>p1 move earthquake\n>p2 move darkpulse\n>p2 switch 2\n>p1 move knockoff\n>p2 move trick\n>p1 move knockoff\n>p2 move focusblast\n>p1 switch 2\n>p2 switch 5\n>p1 move heavyslam\n>p2 move gigadrain\n>p1 move stoneedge\n>p2 move gigadrain\n>p1 move closecombat\n>p2 move gigadrain\n>p1 switch 6\n>p1 move firstimpression\n>p2 switch 4\n>p1 switch 3\n>p2 move focusblast\n>p1 move shadowball\n>p2 switch 4\n>p1 move drainingkiss\n>p2 move recover\n>p1 move drainingkiss\n>p2 move recover\n>p1 switch 3\n>p2 move gigadrain\n>p1 move firstimpression\n>p2 move dragonpulse\n>p1 move uturn\n>p2 move gigadrain\n>p1 switch 5\n>p1 move clangoroussoul\n>p2 move dragonpulse\n>p1 move clangingscales\n>p2 move suckerpunch\n>chat \u2606themasterofmasters|no way bruh\n>chat \u2606Yanzuwu|yes way\n>p1 switch 5\n>p1 move firstimpression terastallize\n>p2 move recover terastallize\n>p1 switch 3\n>p2 move gigadrain\n>p1 move calmmind\n>p2 move dragonpulse\n>p1 move calmmind\n>p2 switch 6\n>chat \u2606themasterofmasters|diddy\n>p1 move shadowball\n>p2 move eruption\n>p1 move shadowball\n>p2 move eruption\n>p2 switch 4\n>p1 move drainingkiss\n>p2 move thunderbolt\n>p1 move drainingkiss\n>p2 move thunderbolt\n>p2 switch 6\n>p1 move drainingkiss\n>p2 move suckerpunch\n>p1 switch 4\n>p1 move swordsdance\n>p2 move gigadrain\n>p1 move facade\n>p2 move suckerpunch\n>p1 move facade\n>p2 move suckerpunch\n>p1 switch 3\n>p2 switch 3\n>chat \u2606themasterofmasters|lokix\n>chat \u2606themasterofmasters|kill ma enemies\n>chat \u2606Yanzuwu|no\n>chat \u2606themasterofmasters|and my life is yours\n>p1 move firstimpression\n>p2 move rapidspin\n>p1 move suckerpunch\n>p2 move rapidspin", "uploadtime": 1733888348, "views": 10, "formatid": "gen9randombattle", "rating": 1382, "private": 0, "password": null}