{"id": "gen9randombattle-2260269786", "format": "[Gen 9] Random Battle", "players": ["ARRG", "tilj1908icloudcom"], "log": "|j|\u2606ARRG\n|j|\u2606tilj1908icloudcom\n|t:|1733832873\n|gametype|singles\n|player|p1|ARRG|drayden|1310\n|player|p2|tilj1908icloudcom|266|1330\n|teamsize|p1|6\n|teamsize|p2|6\n|gen|9\n|tier|[Gen 9] Random Battle\n|rated|\n|rule|Species Clause: Limit one of each Pok\u00e9mon\n|rule|HP Percentage Mod: HP is shown in percentages\n|rule|Sleep Clause Mod: Limit one foe put to sleep\n|rule|Illusion Level Mod: Illusion disguises the Pok\u00e9mon's true level\n|\n|t:|1733832873\n|start\n|switch|p1a: Gholdengo|Gholdengo, L77|261/261\n|switch|p2a: Meganium|Meganium, L90, F|290/290\n|turn|1\n|\n|t:|1733832885\n|move|p1a: Gholdengo|Shadow Ball|p2a: Meganium\n|-damage|p2a: Meganium|208/290\n|-unboost|p2a: Meganium|spd|1\n|move|p2a: Meganium|Swords Dance|p2a: Meganium\n|-boost|p2a: Meganium|atk|2\n|\n|upkeep\n|turn|2\n|\n|t:|1733832895\n|move|p1a: Gholdengo|Shadow Ball|p2a: Meganium\n|-damage|p2a: Meganium|99/290\n|move|p2a: Meganium|Knock Off|p1a: Gholdengo\n|-supereffective|p1a: Gholdengo\n|-damage|p1a: Gholdengo|0 fnt\n|-enditem|p1a: Gholdengo|Choice Scarf|[from] move: Knock Off|[of] p2a: Meganium\n|faint|p1a: Gholdengo\n|-damage|p2a: Meganium|70/290|[from] item: Life Orb\n|\n|upkeep\n|\n|t:|1733832908\n|switch|p1a: Espeon|Espeon, L84, M|246/246\n|turn|3\n|\n|t:|1733832913\n|move|p1a: Espeon|Psychic|p2a: Meganium\n|-damage|p2a: Meganium|0 fnt\n|faint|p2a: Meganium\n|-damage|p1a: Espeon|222/246|[from] item: Life Orb\n|\n|upkeep\n|\n|t:|1733832916\n|switch|p2a: Hydreigon|Hydreigon, L79, F|275/275\n|turn|4\n|\n|t:|1733832920\n|move|p1a: Espeon|Alluring Voice|p2a: Hydreigon\n|-supereffective|p2a: Hydreigon\n|-damage|p2a: Hydreigon|0 fnt\n|faint|p2a: Hydreigon\n|-damage|p1a: Espeon|198/246|[from] item: Life Orb\n|\n|upkeep\n|\n|t:|1733832928\n|switch|p2a: Frosmoth|Frosmoth, L82, M|249/249\n|turn|5\n|\n|t:|1733832937\n|move|p1a: Espeon|Alluring Voice|p2a: Frosmoth\n|-damage|p2a: Frosmoth|205/249\n|-damage|p1a: Espeon|174/246|[from] item: Life Orb\n|move|p2a: Frosmoth|Quiver Dance|p2a: Frosmoth\n|-boost|p2a: Frosmoth|spa|1\n|-boost|p2a: Frosmoth|spd|1\n|-boost|p2a: Frosmoth|spe|1\n|\n|upkeep\n|turn|6\n|\n|t:|1733832945\n|move|p1a: Espeon|Alluring Voice|p2a: Frosmoth\n|-damage|p2a: Frosmoth|173/249\n|-damage|p1a: Espeon|150/246|[from] item: Life Orb\n|move|p2a: Frosmoth|Bug Buzz|p1a: Espeon\n|-supereffective|p1a: Espeon\n|-damage|p1a: Espeon|0 fnt\n|faint|p1a: Espeon\n|\n|upkeep\n|\n|t:|1733832955\n|switch|p1a: Gothitelle|Gothitelle, L90, F|272/272\n|turn|7\n|\n|t:|1733832961\n|-terastallize|p1a: Gothitelle|Fairy\n|move|p2a: Frosmoth|Bug Buzz|p1a: Gothitelle\n|-resisted|p1a: Gothitelle\n|-damage|p1a: Gothitelle|206/272\n|move|p1a: Gothitelle|Thunder Wave|p2a: Frosmoth\n|-status|p2a: Frosmoth|par\n|\n|-heal|p1a: Gothitelle|223/272|[from] item: Leftovers\n|upkeep\n|turn|8\n|\n|t:|1733832969\n|move|p1a: Gothitelle|Psychic Noise|p2a: Frosmoth\n|-damage|p2a: Frosmoth|143/249 par\n|-start|p2a: Frosmoth|move: Heal Block\n|cant|p2a: Frosmoth|move: Heal Block|Giga Drain\n|\n|-heal|p1a: Gothitelle|240/272|[from] item: Leftovers\n|upkeep\n|turn|9\n|\n|t:|1733832977\n|move|p1a: Gothitelle|Focus Blast|p2a: Frosmoth\n|-damage|p2a: Frosmoth|111/249 par\n|move|p2a: Frosmoth|Quiver Dance|p2a: Frosmoth\n|-boost|p2a: Frosmoth|spa|1\n|-boost|p2a: Frosmoth|spd|1\n|-boost|p2a: Frosmoth|spe|1\n|\n|-heal|p1a: Gothitelle|257/272|[from] item: Leftovers\n|-end|p2a: Frosmoth|move: Heal Block\n|upkeep\n|turn|10\n|\n|t:|1733832989\n|move|p1a: Gothitelle|Dark Pulse|p2a: Frosmoth\n|-damage|p2a: Frosmoth|95/249 par\n|move|p2a: Frosmoth|Quiver Dance|p2a: Frosmoth\n|-boost|p2a: Frosmoth|spa|1\n|-boost|p2a: Frosmoth|spd|1\n|-boost|p2a: Frosmoth|spe|1\n|\n|-heal|p1a: Gothitelle|272/272|[from] item: Leftovers\n|upkeep\n|turn|11\n|\n|t:|1733832995\n|move|p2a: Frosmoth|Giga Drain|p1a: Gothitelle\n|-damage|p1a: Gothitelle|143/272\n|-heal|p2a: Frosmoth|160/249 par|[from] drain|[of] p1a: Gothitelle\n|move|p1a: Gothitelle|Psychic Noise|p2a: Frosmoth\n|-damage|p2a: Frosmoth|141/249 par\n|-start|p2a: Frosmoth|move: Heal Block\n|\n|-heal|p1a: Gothitelle|160/272|[from] item: Leftovers\n|upkeep\n|turn|12\n|\n|t:|1733833004\n|move|p2a: Frosmoth|Ice Beam|p1a: Gothitelle\n|-damage|p1a: Gothitelle|0 fnt\n|faint|p1a: Gothitelle\n|\n|-end|p2a: Frosmoth|move: Heal Block\n|upkeep\n|\n|t:|1733833016\n|switch|p1a: Jolteon|Jolteon, L84, F|246/246\n|turn|13\n|\n|t:|1733833025\n|move|p1a: Jolteon|Thunderbolt|p2a: Frosmoth\n|-damage|p2a: Frosmoth|118/249 par\n|move|p2a: Frosmoth|Quiver Dance|p2a: Frosmoth\n|-boost|p2a: Frosmoth|spa|1\n|-boost|p2a: Frosmoth|spd|1\n|-boost|p2a: Frosmoth|spe|1\n|\n|upkeep\n|turn|14\n|\n|t:|1733833032\n|move|p1a: Jolteon|Substitute|p1a: Jolteon\n|-start|p1a: Jolteon|Substitute\n|-damage|p1a: Jolteon|185/246\n|move|p2a: Frosmoth|Giga Drain|p1a: Jolteon\n|-end|p1a: Jolteon|Substitute\n|-heal|p2a: Frosmoth|149/249 par|[from] drain|[of] p1a: Jolteon\n|\n|-heal|p1a: Jolteon|200/246|[from] item: Leftovers\n|upkeep\n|turn|15\n|\n|t:|1733833037\n|move|p1a: Jolteon|Calm Mind|p1a: Jolteon\n|-boost|p1a: Jolteon|spa|1\n|-boost|p1a: Jolteon|spd|1\n|move|p2a: Frosmoth|Giga Drain|p1a: Jolteon\n|-damage|p1a: Jolteon|79/246\n|-heal|p2a: Frosmoth|210/249 par|[from] drain|[of] p1a: Jolteon\n|\n|-heal|p1a: Jolteon|94/246|[from] item: Leftovers\n|upkeep\n|turn|16\n|\n|t:|1733833046\n|move|p1a: Jolteon|Thunderbolt|p2a: Frosmoth\n|-damage|p2a: Frosmoth|186/249 par\n|move|p2a: Frosmoth|Giga Drain|p1a: Jolteon\n|-crit|p1a: Jolteon\n|-damage|p1a: Jolteon|0 fnt\n|-heal|p2a: Frosmoth|233/249 par|[from] drain|[of] p1a: Jolteon\n|faint|p1a: Jolteon\n|\n|upkeep\n|\n|t:|1733833051\n|switch|p1a: Passimian|Passimian, L83, M|302/302\n|turn|17\n|\n|t:|1733833062\n|move|p2a: Frosmoth|Bug Buzz|p1a: Passimian\n|-resisted|p1a: Passimian\n|-damage|p1a: Passimian|73/302\n|move|p1a: Passimian|Drain Punch|p2a: Frosmoth\n|-damage|p2a: Frosmoth|113/249 par\n|-heal|p1a: Passimian|133/302|[from] drain|[of] p2a: Frosmoth\n|\n|-heal|p1a: Passimian|151/302|[from] item: Leftovers\n|upkeep\n|turn|18\n|\n|t:|1733833074\n|move|p2a: Frosmoth|Giga Drain|p1a: Passimian\n|-damage|p1a: Passimian|0 fnt\n|-heal|p2a: Frosmoth|189/249 par|[from] drain|[of] p1a: Passimian\n|faint|p1a: Passimian\n|\n|upkeep\n|\n|t:|1733833076\n|switch|p1a: Overqwil|Overqwil, L82, F|274/274\n|-ability|p1a: Overqwil|Intimidate|boost\n|-unboost|p2a: Frosmoth|atk|1\n|turn|19\n|\n|t:|1733833082\n|move|p2a: Frosmoth|Bug Buzz|p1a: Overqwil\n|-damage|p1a: Overqwil|0 fnt\n|faint|p1a: Overqwil\n|\n|win|tilj1908icloudcom\n|raw|ARRG's rating: 1310 &rarr; <strong>1291</strong><br />(-19 for losing)\n|raw|tilj1908icloudcom's rating: 1330 &rarr; <strong>1349</strong><br />(+19 for winning)\n|c|\u2606tilj1908icloudcom|gg\n|l|\u2606ARRG\n|player|p1|\n", "inputlog": ">version bfd83cad13791eb5a5a409923076391caf6fb4d4\n>start {\"formatid\":\"gen9randombattle\",\"seed\":[57849,55239,12230,11186],\"rated\":\"Rated battle\"}\n>player p1 {\"name\":\"ARRG\",\"avatar\":\"drayden\",\"rating\":1310,\"seed\":[37410,59156,34532,32112]}\n>player p2 {\"name\":\"tilj1908icloudcom\",\"avatar\":\"266\",\"rating\":1330,\"seed\":[23947,46674,29351,34877]}\n>p1 move shadowball\n>p2 move swordsdance\n>p1 move shadowball\n>p2 move knockoff\n>p1 switch 5\n>p1 move psychic\n>p2 move knockoff\n>p2 switch 2\n>p1 move alluringvoice\n>p2 move nastyplot\n>p2 switch 5\n>p1 move alluringvoice\n>p2 move quiverdance\n>p1 move alluringvoice\n>p2 move bugbuzz\n>p1 switch 2\n>p1 move thunderwave terastallize\n>p2 move bugbuzz\n>p1 move psychicnoise\n>p2 move gigadrain\n>p1 move focusblast\n>p2 move quiverdance\n>p1 move darkpulse\n>p2 move quiverdance\n>p1 move psychicnoise\n>p2 move gigadrain\n>p1 move psychicnoise\n>p2 move icebeam\n>p1 switch 3\n>p1 move thunderbolt\n>p2 move quiverdance\n>p1 move substitute\n>p2 move gigadrain\n>p1 move calmmind\n>p2 move gigadrain\n>p1 move thunderbolt\n>p2 move gigadrain\n>p1 switch 4\n>p1 move drainpunch\n>p2 move bugbuzz\n>p1 move drainpunch\n>p2 move gigadrain\n>p1 switch 6\n>p1 move scaleshot\n>p2 move bugbuzz", "uploadtime": 1733833197, "views": 1, "formatid": "gen9randombattle", "rating": 1291, "private": 0, "password": null}