{"id": "gen9randombattle-2099634595", "format": "[Gen 9] Random Battle", "players": ["Ace-Cel", "Norman2!"], "log": "|uhtml|medal-msg|<div class=\"broadcast-blue\">Curious what those medals under the avatar are? PS now has Ladder Seasons! For more information, check out the <a href=\"https://www.smogon.com/forums/threads/3740067/\">thread on Smogon.</a></div>\n|badge|p2|bronze|gen9randombattle|100-1\n|uhtml|medal-msg|<div class=\"broadcast-blue\">Curious what those medals under the avatar are? PS now has Ladder Seasons! For more information, check out the <a href=\"https://www.smogon.com/forums/threads/3740067/\">thread on Smogon.</a></div>\n|j|\u2606Ace-Cel\n|j|\u203dNorman2!\n|t:|1712682876\n|gametype|singles\n|player|p1|Ace-Cel|colress|2247\n|player|p2|Norman2!|265|2311\n|teamsize|p1|6\n|teamsize|p2|6\n|gen|9\n|tier|[Gen 9] Random Battle\n|rated|\n|rule|Species Clause: Limit one of each Pok\u00e9mon\n|rule|HP Percentage Mod: HP is shown in percentages\n|rule|Sleep Clause Mod: Limit one foe put to sleep\n|rule|Illusion Level Mod: Illusion disguises the Pok\u00e9mon's true level\n|\n|t:|1712682876\n|start\n|switch|p1a: Iron Treads|Iron Treads, L77|265/265\n|switch|p2a: Inteleon|Inteleon, L81, M|246/246\n|turn|1\n|inactive|Battle timer is ON: inactive players will automatically lose when time's up. (requested by Ace-Cel)\n|inactive|Ace-Cel has 120 seconds left.\n|\n|t:|1712682912\n|-end|p1a: Iron Treads|Quark Drive|[silent]\n|switch|p1a: Lilligant|Lilligant-Hisui, L80, F|243/243\n|move|p2a: Inteleon|Scald|p1a: Lilligant\n|-resisted|p1a: Lilligant\n|-damage|p1a: Lilligant|165/243\n|\n|upkeep\n|turn|2\n|\n|t:|1712682929\n|switch|p2a: Galvantula|Galvantula, L82, F|249/249\n|move|p1a: Lilligant|Close Combat|p2a: Galvantula\n|-resisted|p2a: Galvantula\n|-damage|p2a: Galvantula|121/249\n|-unboost|p1a: Lilligant|def|1\n|-unboost|p1a: Lilligant|spd|1\n|\n|upkeep\n|turn|3\n|\n|t:|1712682938\n|switch|p1a: Iron Treads|Iron Treads, L77|265/265\n|move|p2a: Galvantula|Sticky Web|p1a: Iron Treads\n|-sidestart|p1: Ace-Cel|move: Sticky Web\n|\n|upkeep\n|turn|4\n|\n|t:|1712682943\n|switch|p2a: Golurk|Golurk, L87|297/297\n|move|p1a: Iron Treads|Stealth Rock|p2a: Golurk\n|-sidestart|p2: Norman2!|move: Stealth Rock\n|\n|upkeep\n|turn|5\n|\n|t:|1712682962\n|-end|p1a: Iron Treads|Quark Drive|[silent]\n|switch|p1a: Wyrdeer|Wyrdeer, L87, F|321/321\n|-activate|p1a: Wyrdeer|move: Sticky Web\n|-unboost|p1a: Wyrdeer|spe|1\n|-ability|p1a: Wyrdeer|Intimidate|boost\n|-unboost|p2a: Golurk|atk|1\n|move|p2a: Golurk|Stealth Rock|p1a: Wyrdeer\n|-sidestart|p1: Ace-Cel|move: Stealth Rock\n|\n|upkeep\n|turn|6\n|\n|t:|1712682983\n|switch|p2a: Magmortar|Magmortar, L87, M|272/272\n|move|p1a: Wyrdeer|Earthquake|p2a: Magmortar\n|-supereffective|p2a: Magmortar\n|-damage|p2a: Magmortar|76/272\n|\n|upkeep\n|turn|7\n|\n|t:|1712682991\n|move|p2a: Magmortar|Knock Off|p1a: Wyrdeer\n|-supereffective|p1a: Wyrdeer\n|-damage|p1a: Wyrdeer|161/321\n|-enditem|p1a: Wyrdeer|Leftovers|[from] move: Knock Off|[of] p2a: Magmortar\n|move|p1a: Wyrdeer|Earthquake|p2a: Magmortar\n|-supereffective|p2a: Magmortar\n|-damage|p2a: Magmortar|0 fnt\n|faint|p2a: Magmortar\n|\n|upkeep\n|\n|t:|1712683010\n|switch|p2a: Inteleon|Inteleon, L81, M|246/246\n|-damage|p2a: Inteleon|216/246|[from] Stealth Rock\n|turn|8\n|\n|t:|1712683032\n|move|p2a: Inteleon|U-turn|p1a: Wyrdeer\n|-supereffective|p1a: Wyrdeer\n|-damage|p1a: Wyrdeer|63/321\n|\n|t:|1712683038\n|switch|p2a: Galvantula|Galvantula, L82, F|121/249|[from] U-turn\n|move|p1a: Wyrdeer|Thunderbolt|p2a: Galvantula\n|-resisted|p2a: Galvantula\n|-damage|p2a: Galvantula|76/249\n|\n|upkeep\n|turn|9\n|\n|t:|1712683044\n|move|p2a: Galvantula|Bug Buzz|p1a: Wyrdeer\n|-supereffective|p1a: Wyrdeer\n|-damage|p1a: Wyrdeer|0 fnt\n|faint|p1a: Wyrdeer\n|\n|upkeep\n|\n|t:|1712683066\n|switch|p1a: Sneasler|Sneasler, L75, F|244/244\n|-activate|p1a: Sneasler|move: Sticky Web\n|-unboost|p1a: Sneasler|spe|1\n|-damage|p1a: Sneasler|229/244|[from] Stealth Rock\n|-enditem|p1a: Sneasler|White Herb\n|-clearnegativeboost|p1a: Sneasler|[silent]\n|turn|10\n|\n|t:|1712683078\n|move|p1a: Sneasler|Acrobatics|p2a: Galvantula\n|-damage|p2a: Galvantula|0 fnt\n|faint|p2a: Galvantula\n|\n|upkeep\n|\n|t:|1712683093\n|switch|p2a: Golurk|Golurk, L87|297/297\n|-damage|p2a: Golurk|279/297|[from] Stealth Rock\n|turn|11\n|\n|t:|1712683107\n|-terastallize|p1a: Sneasler|Flying\n|move|p1a: Sneasler|Acrobatics|p2a: Golurk\n|-damage|p2a: Golurk|162/297\n|move|p2a: Golurk|Dynamic Punch|p1a: Sneasler\n|-resisted|p1a: Sneasler\n|-damage|p1a: Sneasler|141/244\n|-start|p1a: Sneasler|confusion\n|-damage|p2a: Golurk|133/297|[from] item: Life Orb\n|\n|upkeep\n|turn|12\n|\n|t:|1712683115\n|-activate|p1a: Sneasler|confusion\n|-damage|p1a: Sneasler|95/244|[from] confusion\n|move|p2a: Golurk|Dynamic Punch|p1a: Sneasler\n|-resisted|p1a: Sneasler\n|-damage|p1a: Sneasler|7/244\n|-damage|p2a: Golurk|104/297|[from] item: Life Orb\n|\n|upkeep\n|turn|13\n|\n|t:|1712683125\n|-activate|p1a: Sneasler|confusion\n|move|p1a: Sneasler|Acrobatics|p2a: Golurk\n|-damage|p2a: Golurk|0 fnt\n|faint|p2a: Golurk\n|\n|upkeep\n|\n|t:|1712683130\n|switch|p2a: Inteleon|Inteleon, L81, M|216/246\n|-damage|p2a: Inteleon|186/246|[from] Stealth Rock\n|turn|14\n|\n|t:|1712683140\n|-activate|p1a: Sneasler|confusion\n|move|p1a: Sneasler|Close Combat|p2a: Inteleon\n|-damage|p2a: Inteleon|24/246\n|-unboost|p1a: Sneasler|def|1\n|-unboost|p1a: Sneasler|spd|1\n|move|p2a: Inteleon|Scald|p1a: Sneasler\n|-damage|p1a: Sneasler|0 fnt\n|faint|p1a: Sneasler\n|\n|upkeep\n|inactive|Ace-Cel has 120 seconds left.\n|\n|t:|1712683170\n|switch|p1a: Sawsbuck|Sawsbuck, L88, M|284/284\n|-activate|p1a: Sawsbuck|move: Sticky Web\n|-unboost|p1a: Sawsbuck|spe|1\n|-damage|p1a: Sawsbuck|249/284|[from] Stealth Rock\n|turn|15\n|\n|t:|1712683176\n|move|p2a: Inteleon|Scald|p1a: Sawsbuck\n|-resisted|p1a: Sawsbuck\n|-damage|p1a: Sawsbuck|122/284\n|-status|p1a: Sawsbuck|brn\n|move|p1a: Sawsbuck|Horn Leech|p2a: Inteleon\n|-supereffective|p2a: Inteleon\n|-crit|p2a: Inteleon\n|-damage|p2a: Inteleon|0 fnt\n|-heal|p1a: Sawsbuck|134/284 brn|[from] drain|[of] p2a: Inteleon\n|faint|p2a: Inteleon\n|-damage|p1a: Sawsbuck|106/284 brn|[from] item: Life Orb\n|\n|-damage|p1a: Sawsbuck|89/284 brn|[from] brn\n|upkeep\n|\n|t:|1712683184\n|switch|p2a: Toxicroak|Toxicroak, L84, M|277/277\n|-damage|p2a: Toxicroak|260/277|[from] Stealth Rock\n|turn|16\n|\n|t:|1712683190\n|move|p2a: Toxicroak|Close Combat|p1a: Sawsbuck\n|-supereffective|p1a: Sawsbuck\n|-damage|p1a: Sawsbuck|0 fnt\n|-unboost|p2a: Toxicroak|def|1\n|-unboost|p2a: Toxicroak|spd|1\n|faint|p1a: Sawsbuck\n|\n|upkeep\n|\n|t:|1712683197\n|switch|p1a: Enamorus|Enamorus, L79, F|247/247\n|-damage|p1a: Enamorus|186/247|[from] Stealth Rock\n|turn|17\n|\n|t:|1712683217\n|switch|p2a: Eternatus|Eternatus, L69|308/308\n|-damage|p2a: Eternatus|270/308|[from] Stealth Rock\n|-ability|p2a: Eternatus|Pressure\n|move|p1a: Enamorus|Earth Power|p2a: Eternatus\n|-supereffective|p2a: Eternatus\n|-damage|p2a: Eternatus|110/308\n|\n|-heal|p2a: Eternatus|129/308|[from] item: Leftovers\n|-heal|p1a: Enamorus|201/247|[from] item: Leftovers\n|upkeep\n|turn|18\n|inactive|Ace-Cel has 120 seconds left.\n|\n|t:|1712683261\n|switch|p1a: Lilligant|Lilligant-Hisui, L80, F|165/243\n|-activate|p1a: Lilligant|move: Sticky Web\n|-unboost|p1a: Lilligant|spe|1\n|-damage|p1a: Lilligant|150/243|[from] Stealth Rock\n|move|p2a: Eternatus|Recover|p2a: Eternatus\n|-heal|p2a: Eternatus|283/308\n|\n|-heal|p2a: Eternatus|302/308|[from] item: Leftovers\n|upkeep\n|turn|19\n|\n|t:|1712683277\n|move|p2a: Eternatus|Sludge Bomb|p1a: Lilligant\n|-supereffective|p1a: Lilligant\n|-damage|p1a: Lilligant|0 fnt\n|faint|p1a: Lilligant\n|\n|-heal|p2a: Eternatus|308/308|[from] item: Leftovers\n|upkeep\n|\n|t:|1712683279\n|switch|p1a: Iron Treads|Iron Treads, L77|265/265\n|-activate|p1a: Iron Treads|move: Sticky Web\n|-unboost|p1a: Iron Treads|spe|1\n|-damage|p1a: Iron Treads|257/265|[from] Stealth Rock\n|turn|20\n|\n|t:|1712683288\n|-terastallize|p2a: Eternatus|Fire\n|move|p2a: Eternatus|Fire Blast|p1a: Iron Treads\n|-supereffective|p1a: Iron Treads\n|-damage|p1a: Iron Treads|0 fnt\n|faint|p1a: Iron Treads\n|-end|p1a: Iron Treads|Quark Drive|[silent]\n|\n|upkeep\n|\n|t:|1712683292\n|switch|p1a: Enamorus|Enamorus, L79, F|201/247\n|-damage|p1a: Enamorus|140/247|[from] Stealth Rock\n|turn|21\n|\n|t:|1712683295\n|move|p2a: Eternatus|Sludge Bomb|p1a: Enamorus\n|-supereffective|p1a: Enamorus\n|-damage|p1a: Enamorus|0 fnt\n|faint|p1a: Enamorus\n|\n|win|Norman2!\n|raw|Ace-Cel's rating: 2247 &rarr; <strong>2231</strong><br />(-16 for losing)\n|raw|Norman2!'s rating: 2311 &rarr; <strong>2327</strong><br />(+16 for winning)\n|l|\u2606Ace-Cel\n|player|p1|\n", "inputlog": ">version 3a5338d38dc0bb363dd203110c27f40e04e176a8\n>start {\"formatid\":\"gen9randombattle\",\"seed\":[42136,16622,13159,49945],\"rated\":\"Rated battle\"}\n>player p1 {\"name\":\"Ace-Cel\",\"avatar\":\"colress\",\"rating\":2247,\"seed\":[39367,15571,29439,49382]}\n>player p2 {\"name\":\"Norman2!\",\"avatar\":\"265\",\"rating\":2311,\"seed\":[23604,15370,24105,9173]}\n>p1 switch 5\n>p2 move scald\n>p1 move closecombat\n>p2 switch 2\n>p1 switch 5\n>p2 move stickyweb\n>p1 move stealthrock\n>p2 switch 5\n>p1 switch 6\n>p2 move stealthrock\n>p1 move earthquake\n>p2 switch 6\n>p1 move earthquake\n>p2 move knockoff\n>p2 switch 2\n>p1 move thunderbolt\n>p2 move uturn\n>p2 switch 5\n>p1 move earthquake\n>p2 move bugbuzz\n>p1 switch 4\n>p1 move acrobatics\n>p2 move thunder\n>p2 switch 6\n>p1 move acrobatics terastallize\n>p2 move dynamicpunch\n>p1 move acrobatics\n>p2 move dynamicpunch\n>p1 move acrobatics\n>p2 move dynamicpunch\n>p2 switch 5\n>p1 move closecombat\n>p2 move scald\n>p1 switch 2\n>p1 move hornleech\n>p2 move scald\n>p2 switch 3\n>p1 move highhorsepower\n>p2 move closecombat\n>p1 switch 3\n>p1 move earthpower\n>p2 switch 4\n>p1 switch 5\n>p2 move recover\n>p1 move icespinner\n>p2 move sludgebomb\n>p1 switch 6\n>p1 move rapidspin\n>p2 move fireblast terastallize\n>p1 switch 5\n>p1 move earthpower\n>p2 move sludgebomb", "uploadtime": 1712683298, "views": 243, "formatid": "gen9randombattle", "rating": 2231, "private": 0, "password": null}