{"id": "gen9randombattle-2260043734", "format": "[Gen 9] Random Battle", "players": ["Zesralemsie", "UwUKing625"], "log": "|j|\u2606Zesralemsie\n|j|\u2606UwUKing625\n|t:|1733794919\n|gametype|singles\n|player|p1|Zesralemsie|blackbelt-gen4dp|1099\n|player|p2|UwUKing625|265|1098\n|teamsize|p1|6\n|teamsize|p2|6\n|gen|9\n|tier|[Gen 9] Random Battle\n|rated|\n|rule|Species Clause: Limit one of each Pok\u00e9mon\n|rule|HP Percentage Mod: HP is shown in percentages\n|rule|Sleep Clause Mod: Limit one foe put to sleep\n|rule|Illusion Level Mod: Illusion disguises the Pok\u00e9mon's true level\n|\n|t:|1733794919\n|start\n|switch|p1a: Quagsire|Quagsire, L84, M|297/297\n|switch|p2a: Volcarona|Volcarona, L77, M|257/257\n|turn|1\n|inactive|Battle timer is ON: inactive players will automatically lose when time's up. (requested by Zesralemsie)\n|\n|t:|1733794959\n|switch|p2a: Whimsicott|Whimsicott, L85, F|241/241\n|move|p1a: Quagsire|Toxic|p2a: Whimsicott\n|-status|p2a: Whimsicott|tox\n|\n|-damage|p2a: Whimsicott|226/241 tox|[from] psn\n|upkeep\n|turn|2\n|\n|t:|1733794978\n|switch|p1a: Bellossom|Bellossom, L84, F|263/263\n|move|p2a: Whimsicott|Stun Spore|p1a: Bellossom\n|-immune|p1a: Bellossom\n|\n|-damage|p2a: Whimsicott|196/241 tox|[from] psn\n|upkeep\n|turn|3\n|\n|t:|1733794991\n|-terastallize|p1a: Bellossom|Fire\n|move|p2a: Whimsicott|U-turn|p1a: Bellossom\n|-resisted|p1a: Bellossom\n|-damage|p1a: Bellossom|245/263\n|\n|t:|1733794998\n|switch|p2a: Rhyperior|Rhyperior, L82, F|323/323|[from] U-turn\n|move|p1a: Bellossom|Quiver Dance|p1a: Bellossom\n|-boost|p1a: Bellossom|spa|1\n|-boost|p1a: Bellossom|spd|1\n|-boost|p1a: Bellossom|spe|1\n|\n|-heal|p1a: Bellossom|261/263|[from] item: Leftovers\n|upkeep\n|turn|4\n|\n|t:|1733795013\n|move|p1a: Bellossom|Giga Drain|p2a: Rhyperior\n|-supereffective|p2a: Rhyperior\n|-damage|p2a: Rhyperior|0 fnt\n|-heal|p1a: Bellossom|263/263|[from] drain|[of] p2a: Rhyperior\n|faint|p2a: Rhyperior\n|\n|upkeep\n|inactive|UwUKing625 has 120 seconds left.\n|\n|t:|1733795035\n|switch|p2a: Raikou|Raikou, L81|278/278\n|-ability|p2a: Raikou|Pressure\n|turn|5\n|inactive|UwUKing625 has 120 seconds left.\n|\n|t:|1733795047\n|move|p2a: Raikou|Scald|p1a: Bellossom\n|-supereffective|p1a: Bellossom\n|-damage|p1a: Bellossom|149/263\n|move|p1a: Bellossom|Quiver Dance|p1a: Bellossom\n|-boost|p1a: Bellossom|spa|1\n|-boost|p1a: Bellossom|spd|1\n|-boost|p1a: Bellossom|spe|1\n|\n|-heal|p1a: Bellossom|165/263|[from] item: Leftovers\n|upkeep\n|turn|6\n|inactive|UwUKing625 has 120 seconds left.\n|\n|t:|1733795057\n|move|p1a: Bellossom|Giga Drain|p2a: Raikou\n|-crit|p2a: Raikou\n|-damage|p2a: Raikou|77/278\n|-heal|p1a: Bellossom|263/263|[from] drain|[of] p2a: Raikou\n|move|p2a: Raikou|Scald|p1a: Bellossom\n|-supereffective|p1a: Bellossom\n|-damage|p1a: Bellossom|173/263\n|\n|-heal|p1a: Bellossom|189/263|[from] item: Leftovers\n|upkeep\n|turn|7\n|inactive|UwUKing625 has 120 seconds left.\n|\n|t:|1733795073\n|switch|p2a: Whimsicott|Whimsicott, L85, F|196/241 tox\n|move|p1a: Bellossom|Giga Drain|p2a: Whimsicott\n|-resisted|p2a: Whimsicott\n|-damage|p2a: Whimsicott|110/241 tox\n|-heal|p1a: Bellossom|232/263|[from] drain|[of] p2a: Whimsicott\n|\n|-heal|p1a: Bellossom|248/263|[from] item: Leftovers\n|-damage|p2a: Whimsicott|95/241 tox|[from] psn\n|upkeep\n|turn|8\n|inactive|UwUKing625 has 120 seconds left.\n|\n|t:|1733795085\n|move|p2a: Whimsicott|Stun Spore|p1a: Bellossom\n|-status|p1a: Bellossom|par\n|move|p1a: Bellossom|Tera Blast|p2a: Whimsicott|[anim] Tera Blast Fire\n|-supereffective|p2a: Whimsicott\n|-damage|p2a: Whimsicott|0 fnt\n|faint|p2a: Whimsicott\n|\n|-heal|p1a: Bellossom|263/263 par|[from] item: Leftovers\n|upkeep\n|\n|t:|1733795095\n|switch|p2a: Raikou|Raikou, L81|77/278\n|-ability|p2a: Raikou|Pressure\n|turn|9\n|\n|t:|1733795107\n|move|p2a: Raikou|Scald|p1a: Bellossom\n|-supereffective|p1a: Bellossom\n|-damage|p1a: Bellossom|185/263 par\n|cant|p1a: Bellossom|par\n|\n|-heal|p1a: Bellossom|201/263 par|[from] item: Leftovers\n|upkeep\n|turn|10\n|\n|t:|1733795115\n|move|p2a: Raikou|Scald|p1a: Bellossom\n|-supereffective|p1a: Bellossom\n|-damage|p1a: Bellossom|117/263 par\n|move|p1a: Bellossom|Giga Drain|p2a: Raikou\n|-damage|p2a: Raikou|0 fnt\n|-heal|p1a: Bellossom|156/263 par|[from] drain|[of] p2a: Raikou\n|faint|p2a: Raikou\n|\n|-heal|p1a: Bellossom|172/263 par|[from] item: Leftovers\n|upkeep\n|inactive|UwUKing625 has 120 seconds left.\n|\n|t:|1733795134\n|switch|p2a: Mightyena|Mightyena, L95, F|287/287\n|-ability|p2a: Mightyena|Intimidate|boost\n|-unboost|p1a: Bellossom|atk|1\n|turn|11\n|inactive|UwUKing625 has 120 seconds left.\n|\n|t:|1733795145\n|move|p2a: Mightyena|Crunch|p1a: Bellossom\n|-damage|p1a: Bellossom|73/263 par\n|cant|p1a: Bellossom|par\n|\n|-heal|p1a: Bellossom|89/263 par|[from] item: Leftovers\n|upkeep\n|turn|12\n|inactive|UwUKing625 has 120 seconds left.\n|\n|t:|1733795154\n|move|p2a: Mightyena|Crunch|p1a: Bellossom\n|-damage|p1a: Bellossom|0 fnt\n|faint|p1a: Bellossom\n|\n|upkeep\n|\n|t:|1733795161\n|switch|p1a: Bronzong|Bronzong, L88|261/261\n|turn|13\n|\n|t:|1733795173\n|move|p2a: Mightyena|Crunch|p1a: Bronzong\n|-supereffective|p1a: Bronzong\n|-damage|p1a: Bronzong|97/261\n|-unboost|p1a: Bronzong|def|1\n|move|p1a: Bronzong|Stealth Rock|p2a: Mightyena\n|-sidestart|p2: UwUKing625|move: Stealth Rock\n|\n|-heal|p1a: Bronzong|113/261|[from] item: Leftovers\n|upkeep\n|turn|14\n|\n|t:|1733795181\n|switch|p1a: Lumineon|Lumineon, L93, F|279/279\n|move|p2a: Mightyena|Crunch|p1a: Lumineon\n|-damage|p1a: Lumineon|183/279\n|\n|upkeep\n|turn|15\n|\n|t:|1733795190\n|move|p2a: Mightyena|Sucker Punch|p1a: Lumineon\n|-damage|p1a: Lumineon|89/279\n|move|p1a: Lumineon|Alluring Voice|p2a: Mightyena\n|-supereffective|p2a: Mightyena\n|-damage|p2a: Mightyena|157/287\n|\n|upkeep\n|turn|16\n|\n|t:|1733795200\n|switch|p1a: Volbeat|Volbeat, L90, M|263/263\n|move|p2a: Mightyena|Sucker Punch||[still]\n|-fail|p2a: Mightyena\n|\n|upkeep\n|turn|17\n|\n|t:|1733795214\n|move|p1a: Volbeat|Thunder Wave|p2a: Mightyena\n|-hint|Since gen 7, Dark is immune to Prankster moves.\n|-immune|p2a: Mightyena\n|move|p2a: Mightyena|Crunch|p1a: Volbeat\n|-damage|p1a: Volbeat|146/263\n|\n|upkeep\n|turn|18\n|\n|t:|1733795221\n|move|p1a: Volbeat|Encore|p2a: Mightyena\n|-hint|Since gen 7, Dark is immune to Prankster moves.\n|-immune|p2a: Mightyena\n|move|p2a: Mightyena|Crunch|p1a: Volbeat\n|-damage|p1a: Volbeat|34/263\n|\n|upkeep\n|turn|19\n|\n|t:|1733795227\n|move|p1a: Volbeat|U-turn|p2a: Mightyena\n|-supereffective|p2a: Mightyena\n|-damage|p2a: Mightyena|13/287\n|\n|t:|1733795237\n|switch|p1a: Quagsire|Quagsire, L84, M|297/297|[from] U-turn\n|move|p2a: Mightyena|Crunch|p1a: Quagsire\n|-damage|p1a: Quagsire|197/297\n|\n|-heal|p1a: Quagsire|215/297|[from] item: Leftovers\n|upkeep\n|turn|20\n|\n|t:|1733795250\n|move|p2a: Mightyena|Crunch|p1a: Quagsire\n|-damage|p1a: Quagsire|116/297\n|move|p1a: Quagsire|Earthquake|p2a: Mightyena\n|-damage|p2a: Mightyena|0 fnt\n|faint|p2a: Mightyena\n|\n|-heal|p1a: Quagsire|134/297|[from] item: Leftovers\n|upkeep\n|\n|t:|1733795259\n|switch|p2a: Virizion|Virizion, L82|283/283\n|-damage|p2a: Virizion|266/283|[from] Stealth Rock\n|turn|21\n|\n|t:|1733795265\n|move|p2a: Virizion|Leaf Blade|p1a: Quagsire\n|-supereffective|p1a: Quagsire\n|-damage|p1a: Quagsire|0 fnt\n|faint|p1a: Quagsire\n|-damage|p2a: Virizion|238/283|[from] item: Life Orb\n|\n|upkeep\n|\n|t:|1733795269\n|switch|p1a: Volbeat|Volbeat, L90, M|34/263\n|turn|22\n|\n|t:|1733795277\n|move|p1a: Volbeat|Thunder Wave|p2a: Virizion\n|-status|p2a: Virizion|par\n|move|p2a: Virizion|Swords Dance|p2a: Virizion\n|-boost|p2a: Virizion|atk|2\n|\n|upkeep\n|turn|23\n|\n|t:|1733795285\n|move|p1a: Volbeat|Encore|p2a: Virizion\n|-start|p2a: Virizion|Encore\n|move|p2a: Virizion|Swords Dance|p2a: Virizion\n|-boost|p2a: Virizion|atk|2\n|\n|upkeep\n|turn|24\n|\n|t:|1733795299\n|move|p1a: Volbeat|Roost|p1a: Volbeat\n|-heal|p1a: Volbeat|166/263\n|-singleturn|p1a: Volbeat|move: Roost\n|move|p2a: Virizion|Swords Dance|p2a: Virizion\n|-boost|p2a: Virizion|atk|2\n|\n|upkeep\n|turn|25\n|\n|t:|1733795305\n|move|p1a: Volbeat|U-turn|p2a: Virizion\n|-damage|p2a: Virizion|151/283 par\n|\n|t:|1733795308\n|switch|p1a: Lumineon|Lumineon, L93, F|219/219|[from] U-turn\n|cant|p2a: Virizion|par\n|\n|-end|p2a: Virizion|Encore\n|upkeep\n|turn|26\n|\n|t:|1733795328\n|move|p1a: Lumineon|Bitter Malice|p2a: Virizion\n|-damage|p2a: Virizion|45/283 par\n|-unboost|p2a: Virizion|atk|1\n|move|p2a: Virizion|Leaf Blade|p1a: Lumineon\n|-damage|p1a: Lumineon|0 fnt\n|replace|p1a: Zoroark|Zoroark-Hisui, L80, M\n|-end|p1a: Zoroark|Illusion\n|-hint|Illusion Level Mod is active, so this Pok\u00e9mon's true level was hidden.\n|faint|p1a: Zoroark\n|-damage|p2a: Virizion|17/283 par|[from] item: Life Orb\n|\n|upkeep\n|\n|t:|1733795338\n|switch|p1a: Bronzong|Bronzong, L88|113/261\n|turn|27\n|\n|t:|1733795349\n|move|p2a: Virizion|Leaf Blade|p1a: Bronzong\n|-resisted|p1a: Bronzong\n|-damage|p1a: Bronzong|0 fnt\n|faint|p1a: Bronzong\n|-damage|p2a: Virizion|0 fnt|[from] item: Life Orb\n|faint|p2a: Virizion\n|\n|upkeep\n|\n|t:|1733795357\n|switch|p2a: Volcarona|Volcarona, L77, M|257/257\n|switch|p1a: Lumineon|Lumineon, L93, F|89/279\n|turn|28\n|\n|t:|1733795370\n|-terastallize|p2a: Volcarona|Ground\n|move|p1a: Lumineon|Hydro Pump|p2a: Volcarona\n|-supereffective|p2a: Volcarona\n|-damage|p2a: Volcarona|0 fnt\n|faint|p2a: Volcarona\n|\n|win|Zesralemsie\n|raw|Zesralemsie's rating: 1099 &rarr; <strong>1124</strong><br />(+25 for winning)\n|raw|UwUKing625's rating: 1098 &rarr; <strong>1073</strong><br />(-25 for losing)\n", "inputlog": ">version bfd83cad13791eb5a5a409923076391caf6fb4d4\n>start {\"formatid\":\"gen9randombattle\",\"seed\":[19242,46557,52995,46068],\"rated\":\"Rated battle\"}\n>player p1 {\"name\":\"Zesralemsie\",\"avatar\":\"blackbelt-gen4dp\",\"rating\":1099,\"seed\":[7344,41816,30943,59862]}\n>player p2 {\"name\":\"UwUKing625\",\"avatar\":\"265\",\"rating\":1098,\"seed\":[488,46873,26610,28901]}\n>p1 move toxic\n>p2 switch 2\n>p1 switch 3\n>p2 move stunspore\n>p1 move quiverdance terastallize\n>p2 move uturn\n>p2 switch 5\n>p1 move gigadrain\n>p2 move rockpolish\n>p2 switch 6\n>p1 move quiverdance\n>p2 move scald\n>p1 move gigadrain\n>p2 move scald\n>p1 move gigadrain\n>p2 switch 5\n>p1 move terablast\n>p2 move stunspore\n>p2 switch 5\n>p1 move terablast\n>p2 move scald\n>p1 move gigadrain\n>p2 move scald\n>p2 switch 3\n>p1 move gigadrain\n>p2 move crunch\n>p1 move gigadrain\n>p2 move crunch\n>p1 switch 4\n>p1 move stealthrock\n>p2 move crunch\n>p1 switch 2\n>p2 move crunch\n>p1 move alluringvoice\n>p2 move suckerpunch\n>p1 switch 6\n>p2 move suckerpunch\n>p1 move thunderwave\n>p2 move crunch\n>p1 move encore\n>p2 move crunch\n>p1 move uturn\n>p2 move crunch\n>p1 switch 3\n>p1 move earthquake\n>p2 move crunch\n>p2 switch 4\n>p1 move toxic\n>p2 move leafblade\n>p1 switch 3\n>p1 move thunderwave\n>p2 move swordsdance\n>p1 move encore\n>p2 move swordsdance\n>p1 move roost\n>p2 move swordsdance\n>p1 move uturn\n>p2 move swordsdance\n>p1 switch 5\n>p1 move bittermalice\n>p2 move leafblade\n>p1 switch 2\n>p1 move psychicnoise\n>p2 move leafblade\n>p1 switch 6\n>p2 switch 2\n>p1 move hydropump\n>p2 move quiverdance terastallize", "uploadtime": 1733795374, "views": 4, "formatid": "gen9randombattle", "rating": 1073, "private": 0, "password": null}