{"id": "gen9randombattle-2259958004", "format": "[Gen 9] Random Battle", "players": ["steelixprismgx", "indie3539"], "log": "|j|\u2606steelixprismgx\n|j|\u2606indie3539\n|t:|1733784270\n|gametype|singles\n|player|p1|steelixprismgx|colress|1825\n|player|p2|indie3539|chili|1862\n|teamsize|p1|6\n|teamsize|p2|6\n|gen|9\n|tier|[Gen 9] Random Battle\n|rated|\n|rule|Species Clause: Limit one of each Pok\u00e9mon\n|rule|HP Percentage Mod: HP is shown in percentages\n|rule|Sleep Clause Mod: Limit one foe put to sleep\n|rule|Illusion Level Mod: Illusion disguises the Pok\u00e9mon's true level\n|\n|t:|1733784270\n|start\n|switch|p1a: Sneasler|Sneasler, L74, F|240/240\n|switch|p2a: Sableye|Sableye, L89, M|234/234\n|turn|1\n|inactive|Battle timer is ON: inactive players will automatically lose when time's up. (requested by steelixprismgx)\n|\n|t:|1733784289\n|switch|p1a: Appletun|Appletun, L92, M|352/352\n|move|p2a: Sableye|Knock Off|p1a: Appletun\n|-damage|p1a: Appletun|265/352\n|-enditem|p1a: Appletun|Leftovers|[from] move: Knock Off|[of] p2a: Sableye\n|\n|upkeep\n|turn|2\n|\n|t:|1733784318\n|switch|p2a: Reshiram|Reshiram, L76|277/277\n|-ability|p2a: Reshiram|Turboblaze\n|move|p1a: Appletun|Apple Acid|p2a: Reshiram\n|-resisted|p2a: Reshiram\n|-damage|p2a: Reshiram|253/277\n|-unboost|p2a: Reshiram|spd|1\n|\n|upkeep\n|turn|3\n|inactive|steelixprismgx has 120 seconds left.\n|\n|t:|1733784340\n|switch|p2a: Persian|Persian, L92, M|269/269\n|switch|p1a: Toxapex|Toxapex, L82, M|216/216\n|\n|upkeep\n|turn|4\n|inactive|indie3539 has 120 seconds left.\n|\n|t:|1733784363\n|move|p2a: Persian|Knock Off|p1a: Toxapex\n|-damage|p1a: Toxapex|170/216\n|-damage|p2a: Persian|225/269|[from] item: Rocky Helmet|[of] p1a: Toxapex\n|-enditem|p1a: Toxapex|Rocky Helmet|[from] move: Knock Off|[of] p2a: Persian\n|move|p1a: Toxapex|Toxic|p2a: Persian\n|-status|p2a: Persian|tox\n|\n|-damage|p2a: Persian|209/269 tox|[from] psn\n|upkeep\n|turn|5\n|inactive|indie3539 has 120 seconds left.\n|\n|t:|1733784372\n|move|p2a: Persian|U-turn|p1a: Toxapex\n|-resisted|p1a: Toxapex\n|-damage|p1a: Toxapex|154/216\n|inactive|indie3539 has 120 seconds left.\n|\n|t:|1733784401\n|switch|p2a: Golduck|Golduck, L90, F|290/290|[from] U-turn\n|-ability|p2a: Golduck|Cloud Nine\n|move|p1a: Toxapex|Liquidation|p2a: Golduck\n|-resisted|p2a: Golduck\n|-damage|p2a: Golduck|260/290\n|\n|upkeep\n|turn|6\n|\n|t:|1733784411\n|switch|p2a: Persian|Persian, L92, M|209/269 tox\n|move|p1a: Toxapex|Toxic|p2a: Persian\n|-fail|p2a: Persian|tox\n|\n|-damage|p2a: Persian|193/269 tox|[from] psn\n|upkeep\n|turn|7\n|\n|t:|1733784417\n|move|p2a: Persian|Fake Out|p1a: Toxapex\n|-damage|p1a: Toxapex|106/216\n|cant|p1a: Toxapex|flinch\n|\n|-damage|p2a: Persian|161/269 tox|[from] psn\n|upkeep\n|turn|8\n|inactive|indie3539 has 120 seconds left.\n|\n|t:|1733784430\n|switch|p1a: Skarmory|Skarmory, L80, M|235/235\n|move|p2a: Persian|Double-Edge|p1a: Skarmory\n|-resisted|p1a: Skarmory\n|-damage|p1a: Skarmory|184/235\n|-damage|p2a: Persian|144/269 tox|[from] Recoil\n|\n|-heal|p1a: Skarmory|198/235|[from] item: Leftovers\n|-damage|p2a: Persian|96/269 tox|[from] psn\n|upkeep\n|turn|9\n|inactive|indie3539 has 120 seconds left.\n|\n|t:|1733784437\n|move|p2a: Persian|U-turn|p1a: Skarmory\n|-resisted|p1a: Skarmory\n|-damage|p1a: Skarmory|190/235\n|\n|t:|1733784440\n|switch|p2a: Landorus|Landorus-Therian, L76, M|260/260|[from] U-turn\n|-ability|p2a: Landorus|Intimidate|boost\n|-unboost|p1a: Skarmory|atk|1\n|move|p1a: Skarmory|Spikes|p2a: Landorus\n|-sidestart|p2: indie3539|Spikes\n|\n|-heal|p1a: Skarmory|204/235|[from] item: Leftovers\n|upkeep\n|turn|10\n|\n|t:|1733784443\n|move|p2a: Landorus|Taunt|p1a: Skarmory\n|-start|p1a: Skarmory|move: Taunt\n|cant|p1a: Skarmory|move: Taunt|Spikes\n|\n|-heal|p1a: Skarmory|218/235|[from] item: Leftovers\n|upkeep\n|turn|11\n|\n|t:|1733784448\n|switch|p1a: Appletun|Appletun, L92, M|265/352\n|move|p2a: Landorus|Stealth Rock|p1a: Appletun\n|-sidestart|p1: steelixprismgx|move: Stealth Rock\n|\n|upkeep\n|turn|12\n|\n|t:|1733784458\n|switch|p2a: Golduck|Golduck, L90, F|260/290\n|-damage|p2a: Golduck|224/290|[from] Spikes\n|-ability|p2a: Golduck|Cloud Nine\n|move|p1a: Appletun|Draco Meteor|p2a: Golduck|[miss]\n|-miss|p1a: Appletun|p2a: Golduck\n|\n|upkeep\n|turn|13\n|\n|t:|1733784467\n|move|p2a: Golduck|Ice Beam|p1a: Appletun\n|-supereffective|p1a: Appletun\n|-damage|p1a: Appletun|73/352\n|-damage|p2a: Golduck|195/290|[from] item: Life Orb\n|move|p1a: Appletun|Apple Acid|p2a: Golduck\n|-supereffective|p2a: Golduck\n|-damage|p2a: Golduck|0 fnt\n|faint|p2a: Golduck\n|\n|upkeep\n|\n|t:|1733784477\n|switch|p2a: Persian|Persian, L92, M|96/269 tox\n|-damage|p2a: Persian|63/269 tox|[from] Spikes\n|turn|14\n|\n|t:|1733784483\n|move|p2a: Persian|U-turn|p1a: Appletun\n|-supereffective|p1a: Appletun\n|-damage|p1a: Appletun|0 fnt\n|faint|p1a: Appletun\n|\n|t:|1733784503\n|switch|p2a: Reshiram|Reshiram, L76|253/277|[from] U-turn\n|-ability|p2a: Reshiram|Turboblaze\n|\n|upkeep\n|\n|t:|1733784519\n|switch|p1a: Azelf|Azelf, L82|257/257\n|-damage|p1a: Azelf|225/257|[from] Stealth Rock\n|turn|15\n|inactive|indie3539 has 120 seconds left.\n|\n|t:|1733784550\n|switch|p2a: Persian|Persian, L92, M|63/269 tox\n|-damage|p2a: Persian|30/269 tox|[from] Spikes\n|move|p1a: Azelf|Knock Off|p2a: Persian\n|-damage|p2a: Persian|0 fnt\n|-enditem|p2a: Persian|Silk Scarf|[from] move: Knock Off|[of] p1a: Azelf\n|faint|p2a: Persian\n|\n|upkeep\n|inactive|indie3539 has 120 seconds left.\n|inactive|indie3539 has 90 seconds left.\n|\n|t:|1733784598\n|switch|p2a: Reshiram|Reshiram, L76|253/277\n|-ability|p2a: Reshiram|Turboblaze\n|turn|16\n|\n|t:|1733784603\n|move|p1a: Azelf|Knock Off|p2a: Reshiram\n|-damage|p2a: Reshiram|178/277\n|-enditem|p2a: Reshiram|Heavy-Duty Boots|[from] move: Knock Off|[of] p1a: Azelf\n|move|p2a: Reshiram|Dragon Dance|p2a: Reshiram\n|-boost|p2a: Reshiram|atk|1\n|-boost|p2a: Reshiram|spe|1\n|\n|upkeep\n|turn|17\n|\n|t:|1733784612\n|move|p2a: Reshiram|Outrage|p1a: Azelf\n|-damage|p1a: Azelf|0 fnt\n|faint|p1a: Azelf\n|\n|upkeep\n|\n|t:|1733784622\n|switch|p1a: Skarmory|Skarmory, L80, M|218/235\n|-damage|p1a: Skarmory|189/235|[from] Stealth Rock\n|turn|18\n|\n|t:|1733784626\n|move|p2a: Reshiram|Outrage|p1a: Skarmory|[from]lockedmove\n|-resisted|p1a: Skarmory\n|-damage|p1a: Skarmory|126/235\n|move|p1a: Skarmory|Brave Bird|p2a: Reshiram\n|-damage|p2a: Reshiram|78/277\n|-damage|p1a: Skarmory|93/235|[from] Recoil\n|\n|-heal|p1a: Skarmory|107/235|[from] item: Leftovers\n|upkeep\n|turn|19\n|\n|t:|1733784635\n|move|p2a: Reshiram|Outrage|p1a: Skarmory|[from]lockedmove\n|-resisted|p1a: Skarmory\n|-damage|p1a: Skarmory|42/235\n|-start|p2a: Reshiram|confusion|[fatigue]\n|move|p1a: Skarmory|Brave Bird|p2a: Reshiram\n|-damage|p2a: Reshiram|0 fnt\n|faint|p2a: Reshiram\n|-damage|p1a: Skarmory|16/235|[from] Recoil\n|\n|-heal|p1a: Skarmory|30/235|[from] item: Leftovers\n|upkeep\n|c|\u2606steelixprismgx|averted\n|\n|t:|1733784646\n|switch|p2a: Mimikyu|Mimikyu, L79, F|216/216\n|-damage|p2a: Mimikyu|189/216|[from] Spikes\n|turn|20\n|\n|t:|1733784653\n|move|p2a: Mimikyu|Shadow Sneak|p1a: Skarmory\n|-damage|p1a: Skarmory|0 fnt\n|faint|p1a: Skarmory\n|-damage|p2a: Mimikyu|168/216|[from] item: Life Orb\n|\n|upkeep\n|\n|t:|1733784658\n|switch|p1a: Toxapex|Toxapex, L82, M|178/216\n|-damage|p1a: Toxapex|151/216|[from] Stealth Rock\n|turn|21\n|\n|t:|1733784668\n|switch|p2a: Sableye|Sableye, L89, M|234/234\n|-damage|p2a: Sableye|205/234|[from] Spikes\n|move|p1a: Toxapex|Toxic|p2a: Sableye\n|-status|p2a: Sableye|tox\n|\n|-heal|p2a: Sableye|219/234 tox|[from] item: Leftovers\n|-damage|p2a: Sableye|205/234 tox|[from] psn\n|upkeep\n|turn|22\n|\n|t:|1733784678\n|switch|p1a: Cacturne|Cacturne, L92, M|278/278\n|-damage|p1a: Cacturne|244/278|[from] Stealth Rock\n|move|p2a: Sableye|Knock Off|p1a: Cacturne\n|-resisted|p1a: Cacturne\n|-damage|p1a: Cacturne|190/278\n|-enditem|p1a: Cacturne|Life Orb|[from] move: Knock Off|[of] p2a: Sableye\n|\n|-heal|p2a: Sableye|219/234 tox|[from] item: Leftovers\n|-damage|p2a: Sableye|191/234 tox|[from] psn\n|upkeep\n|turn|23\n|\n|t:|1733784694\n|switch|p2a: Landorus|Landorus-Therian, L76, M|260/260\n|-ability|p2a: Landorus|Intimidate|boost\n|-unboost|p1a: Cacturne|atk|1\n|move|p1a: Cacturne|Knock Off|p2a: Landorus\n|-damage|p2a: Landorus|164/260\n|-enditem|p2a: Landorus|Leftovers|[from] move: Knock Off|[of] p1a: Cacturne\n|\n|upkeep\n|turn|24\n|\n|t:|1733784710\n|move|p2a: Landorus|Stone Edge|p1a: Cacturne\n|-damage|p1a: Cacturne|88/278\n|move|p1a: Cacturne|Leaf Storm|p2a: Landorus\n|-damage|p2a: Landorus|0 fnt\n|-unboost|p1a: Cacturne|spa|2\n|faint|p2a: Landorus\n|\n|upkeep\n|inactive|indie3539 has 120 seconds left.\n|\n|t:|1733784736\n|switch|p2a: Mimikyu|Mimikyu, L79, F|168/216\n|-damage|p2a: Mimikyu|141/216|[from] Spikes\n|turn|25\n|\n|t:|1733784748\n|switch|p1a: Toxapex|Toxapex, L82, M|216/216\n|-damage|p1a: Toxapex|189/216|[from] Stealth Rock\n|move|p2a: Mimikyu|Play Rough|p1a: Toxapex\n|-resisted|p1a: Toxapex\n|-damage|p1a: Toxapex|154/216\n|-damage|p2a: Mimikyu|120/216|[from] item: Life Orb\n|\n|upkeep\n|turn|26\n|\n|t:|1733784754\n|switch|p2a: Sableye|Sableye, L89, M|191/234 tox\n|-damage|p2a: Sableye|162/234 tox|[from] Spikes\n|move|p1a: Toxapex|Toxic|p2a: Sableye\n|-fail|p2a: Sableye|tox\n|\n|-heal|p2a: Sableye|176/234 tox|[from] item: Leftovers\n|-damage|p2a: Sableye|162/234 tox|[from] psn\n|upkeep\n|turn|27\n|\n|t:|1733784757\n|move|p2a: Sableye|Knock Off|p1a: Toxapex\n|-damage|p1a: Toxapex|111/216\n|move|p1a: Toxapex|Liquidation|p2a: Sableye\n|-damage|p2a: Sableye|90/234 tox\n|\n|-heal|p2a: Sableye|104/234 tox|[from] item: Leftovers\n|-damage|p2a: Sableye|76/234 tox|[from] psn\n|upkeep\n|turn|28\n|inactive|indie3539 has 120 seconds left.\n|\n|t:|1733784772\n|move|p2a: Sableye|Recover|p2a: Sableye\n|-heal|p2a: Sableye|193/234 tox\n|move|p1a: Toxapex|Recover|p1a: Toxapex\n|-heal|p1a: Toxapex|216/216\n|\n|-heal|p2a: Sableye|207/234 tox|[from] item: Leftovers\n|-damage|p2a: Sableye|165/234 tox|[from] psn\n|upkeep\n|turn|29\n|\n|t:|1733784775\n|move|p2a: Sableye|Encore|p1a: Toxapex\n|-start|p1a: Toxapex|Encore\n|move|p1a: Toxapex|Recover||[still]\n|-fail|p1a: Toxapex|heal\n|\n|-heal|p2a: Sableye|179/234 tox|[from] item: Leftovers\n|-damage|p2a: Sableye|123/234 tox|[from] psn\n|upkeep\n|turn|30\n|\n|t:|1733784782\n|switch|p2a: Mimikyu|Mimikyu, L79, F|120/216\n|-damage|p2a: Mimikyu|93/216|[from] Spikes\n|switch|p1a: Cacturne|Cacturne, L92, M|88/278\n|-damage|p1a: Cacturne|54/278|[from] Stealth Rock\n|\n|upkeep\n|turn|31\n|\n|t:|1733784788\n|switch|p1a: Toxapex|Toxapex, L82, M|216/216\n|-damage|p1a: Toxapex|189/216|[from] Stealth Rock\n|move|p2a: Mimikyu|Swords Dance|p2a: Mimikyu\n|-boost|p2a: Mimikyu|atk|2\n|\n|upkeep\n|turn|32\n|\n|t:|1733784797\n|move|p2a: Mimikyu|Swords Dance|p2a: Mimikyu\n|-boost|p2a: Mimikyu|atk|2\n|move|p1a: Toxapex|Liquidation|p2a: Mimikyu\n|-activate|p2a: Mimikyu|ability: Disguise\n|-damage|p2a: Mimikyu|93/216\n|detailschange|p2a: Mimikyu|Mimikyu-Busted, L79, F\n|-damage|p2a: Mimikyu|66/216|[from] pokemon: Mimikyu-Busted\n|\n|upkeep\n|turn|33\n|\n|t:|1733784805\n|-terastallize|p2a: Mimikyu|Ghost\n|move|p2a: Mimikyu|Shadow Claw|p1a: Toxapex\n|-damage|p1a: Toxapex|0 fnt\n|faint|p1a: Toxapex\n|-damage|p2a: Mimikyu|45/216|[from] item: Life Orb\n|\n|upkeep\n|\n|t:|1733784810\n|switch|p1a: Cacturne|Cacturne, L92, M|54/278\n|-damage|p1a: Cacturne|20/278|[from] Stealth Rock\n|turn|34\n|\n|t:|1733784823\n|switch|p2a: Sableye|Sableye, L89, M|123/234 tox\n|-damage|p2a: Sableye|94/234 tox|[from] Spikes\n|move|p1a: Cacturne|Sucker Punch||[still]\n|-fail|p1a: Cacturne\n|\n|-heal|p2a: Sableye|108/234 tox|[from] item: Leftovers\n|-damage|p2a: Sableye|94/234 tox|[from] psn\n|upkeep\n|turn|35\n|\n|t:|1733784828\n|move|p2a: Sableye|Recover|p2a: Sableye\n|-heal|p2a: Sableye|211/234 tox\n|move|p1a: Cacturne|Knock Off|p2a: Sableye\n|-damage|p2a: Sableye|69/234 tox\n|-enditem|p2a: Sableye|Leftovers|[from] move: Knock Off|[of] p1a: Cacturne\n|\n|-damage|p2a: Sableye|41/234 tox|[from] psn\n|upkeep\n|turn|36\n|\n|t:|1733784842\n|move|p2a: Sableye|Recover|p2a: Sableye\n|-heal|p2a: Sableye|158/234 tox\n|move|p1a: Cacturne|Leaf Storm|p2a: Sableye|[miss]\n|-miss|p1a: Cacturne|p2a: Sableye\n|\n|-damage|p2a: Sableye|116/234 tox|[from] psn\n|upkeep\n|turn|37\n|\n|t:|1733784847\n|move|p1a: Cacturne|Leaf Storm|p2a: Sableye\n|-damage|p2a: Sableye|0 fnt\n|-unboost|p1a: Cacturne|spa|2\n|faint|p2a: Sableye\n|\n|upkeep\n|\n|t:|1733784851\n|switch|p2a: Mimikyu|Mimikyu-Busted, L79, F, tera:Ghost|45/216\n|-damage|p2a: Mimikyu|18/216|[from] Spikes\n|turn|38\n|\n|t:|1733784856\n|move|p2a: Mimikyu|Shadow Sneak|p1a: Cacturne\n|-resisted|p1a: Cacturne\n|-damage|p1a: Cacturne|0 fnt\n|faint|p1a: Cacturne\n|-damage|p2a: Mimikyu|0 fnt|[from] item: Life Orb\n|faint|p2a: Mimikyu\n|\n|win|steelixprismgx\n|raw|steelixprismgx's rating: 1845 &rarr; <strong>1866</strong><br />(+21 for winning)\n|raw|indie3539's rating: 1862 &rarr; <strong>1841</strong><br />(-21 for losing)\n|c|\u2606steelixprismgx|gg\n|c|\u2606indie3539|gg\n|l|\u2606indie3539\n|player|p2|\n", "inputlog": ">version bfd83cad13791eb5a5a409923076391caf6fb4d4\n>start {\"formatid\":\"gen9randombattle\",\"seed\":[28848,5764,32100,48668],\"rated\":\"Rated battle\"}\n>player p1 {\"name\":\"steelixprismgx\",\"avatar\":\"colress\",\"rating\":1825,\"seed\":[11295,45986,44910,56835]}\n>player p2 {\"name\":\"indie3539\",\"avatar\":\"chili\",\"rating\":1862,\"seed\":[11133,35546,10056,42169]}\n>p1 switch 3\n>p2 move knockoff\n>p1 move appleacid\n>p2 switch 6\n>p1 switch 5\n>p2 switch 4\n>p1 move toxic\n>p2 move knockoff\n>p1 move liquidation\n>p2 move uturn\n>p2 switch 5\n>p1 move toxic\n>p2 switch 5\n>p1 move liquidation\n>p2 move fakeout\n>p1 switch 2\n>p2 move doubleedge\n>p1 move spikes\n>p2 move uturn\n>p2 switch 2\n>p1 move spikes\n>p2 move taunt\n>p1 switch 5\n>p2 move stealthrock\n>p1 move dracometeor\n>p2 switch 5\n>p1 move appleacid\n>p2 move icebeam\n>p2 switch 2\n>p1 move recover\n>p2 move uturn\n>p2 switch 4\n>p1 switch 6\n>p1 move knockoff\n>p2 switch 4\n>p2 switch 4\n>p1 move knockoff\n>p2 move dragondance\n>p1 move psychic\n>p2 move outrage\n>p1 switch 5\n>p1 move bravebird\n>p2 move outrage\n>p1 move bravebird\n>p2 move outrage\n>chat \u2606steelixprismgx|averted\n>p2 switch 3\n>p1 move bravebird\n>p2 move shadowsneak\n>p1 switch 2\n>p1 move toxic\n>p2 switch 6\n>p1 switch 4\n>p2 move knockoff\n>p1 move knockoff\n>p2 switch 5\n>p1 move leafstorm\n>p2 move stoneedge\n>p2 switch 6\n>p1 switch 4\n>p2 move playrough\n>p1 move toxic\n>p2 switch 5\n>p1 move liquidation\n>p2 move knockoff\n>p1 move recover\n>p2 move recover\n>p1 move liquidation\n>p2 move encore\n>p1 switch 4\n>p2 switch 5\n>p1 switch 4\n>p2 move swordsdance\n>p1 move liquidation\n>p2 move swordsdance\n>p1 move haze\n>p2 move shadowclaw terastallize\n>p1 switch 4\n>p1 move suckerpunch\n>p2 switch 5\n>p1 move knockoff\n>p2 move recover\n>p1 move leafstorm\n>p2 move recover\n>p1 move leafstorm\n>p2 move knockoff\n>p2 switch 5\n>p1 move suckerpunch\n>p2 move shadowsneak", "uploadtime": 1733784880, "views": 4, "formatid": "gen9randombattle", "rating": 1841, "private": 0, "password": null}