{"id": "gen9randombattle-2260485308", "format": "[Gen 9] Random Battle", "players": ["wascowascowasco", "DrewAdrien12"], "log": "|j|\u2606wascowascowasco\n|j|\u2606DrewAdrien12\n|t:|1733856160\n|gametype|singles\n|player|p1|wascowascowasco|265|1219\n|player|p2|DrewAdrien12|boarder|1254\n|teamsize|p1|6\n|teamsize|p2|6\n|gen|9\n|tier|[Gen 9] Random Battle\n|rated|\n|rule|Species Clause: Limit one of each Pok\u00e9mon\n|rule|HP Percentage Mod: HP is shown in percentages\n|rule|Sleep Clause Mod: Limit one foe put to sleep\n|rule|Illusion Level Mod: Illusion disguises the Pok\u00e9mon's true level\n|\n|t:|1733856160\n|start\n|switch|p1a: Leafeon|Leafeon, L88, F|258/258\n|switch|p2a: Salamence|Salamence, L77, F|273/273\n|-ability|p2a: Salamence|Intimidate|boost\n|-unboost|p1a: Leafeon|atk|1\n|turn|1\n|inactive|Battle timer is ON: inactive players will automatically lose when time's up. (requested by DrewAdrien12)\n|inactive|wascowascowasco has 120 seconds left.\n|\n|t:|1733856207\n|switch|p1a: Rotom|Rotom-Frost, L87|229/229\n|move|p2a: Salamence|Dragon Dance|p2a: Salamence\n|-boost|p2a: Salamence|atk|1\n|-boost|p2a: Salamence|spe|1\n|\n|upkeep\n|turn|2\n|\n|t:|1733856223\n|switch|p2a: Pawmot|Pawmot, L80, M|243/243\n|move|p1a: Rotom|Will-O-Wisp|p2a: Pawmot\n|-status|p2a: Pawmot|brn\n|\n|-damage|p2a: Pawmot|228/243 brn|[from] brn\n|upkeep\n|turn|3\n|\n|t:|1733856232\n|switch|p1a: Leafeon|Leafeon, L88, F|258/258\n|move|p2a: Pawmot|Close Combat|p1a: Leafeon\n|-damage|p1a: Leafeon|215/258\n|-unboost|p2a: Pawmot|def|1\n|-unboost|p2a: Pawmot|spd|1\n|\n|-damage|p2a: Pawmot|213/243 brn|[from] brn\n|upkeep\n|turn|4\n|\n|t:|1733856244\n|switch|p2a: Eiscue|Eiscue, L88, F|274/274\n|move|p1a: Leafeon|Swords Dance|p1a: Leafeon\n|-boost|p1a: Leafeon|atk|2\n|\n|upkeep\n|turn|5\n|\n|t:|1733856274\n|-terastallize|p1a: Leafeon|Normal\n|move|p1a: Leafeon|Knock Off|p2a: Eiscue\n|-activate|p2a: Eiscue|ability: Ice Face\n|-damage|p2a: Eiscue|274/274\n|-enditem|p2a: Eiscue|Sitrus Berry|[from] move: Knock Off|[of] p1a: Leafeon\n|detailschange|p2a: Eiscue|Eiscue-Noice, L88, F\n|-damage|p1a: Leafeon|190/258|[from] item: Life Orb\n|move|p2a: Eiscue|Belly Drum|p2a: Eiscue\n|-damage|p2a: Eiscue|137/274\n|-setboost|p2a: Eiscue|atk|6|[from] move: Belly Drum\n|\n|upkeep\n|turn|6\n|inactive|wascowascowasco has 120 seconds left.\n|\n|t:|1733856292\n|move|p2a: Eiscue|Ice Spinner|p1a: Leafeon\n|-damage|p1a: Leafeon|0 fnt\n|faint|p1a: Leafeon\n|\n|upkeep\n|inactive|wascowascowasco has 120 seconds left.\n|\n|t:|1733856313\n|switch|p1a: Palkia|Palkia-Origin, L72|249/249\n|-ability|p1a: Palkia|Pressure\n|turn|7\n|\n|t:|1733856324\n|move|p2a: Eiscue|Ice Spinner|p1a: Palkia\n|-crit|p1a: Palkia\n|-damage|p1a: Palkia|0 fnt\n|faint|p1a: Palkia\n|\n|upkeep\n|\n|t:|1733856328\n|switch|p1a: Cresselia|Cresselia, L80, F|323/323\n|turn|8\n|\n|t:|1733856335\n|move|p2a: Eiscue|Ice Spinner|p1a: Cresselia\n|-damage|p1a: Cresselia|53/323\n|move|p1a: Cresselia|Moonblast|p2a: Eiscue\n|-damage|p2a: Eiscue|62/274\n|-unboost|p2a: Eiscue|spa|1\n|\n|-heal|p1a: Cresselia|73/323|[from] item: Leftovers\n|upkeep\n|turn|9\n|inactive|wascowascowasco has 120 seconds left.\n|c|\u2606wascowascowasco|due\n|\n|t:|1733856348\n|move|p2a: Eiscue|Ice Spinner|p1a: Cresselia\n|-damage|p1a: Cresselia|0 fnt\n|faint|p1a: Cresselia\n|\n|upkeep\n|\n|t:|1733856352\n|switch|p1a: Raging Bolt|Raging Bolt, L78|323/323\n|turn|10\n|\n|t:|1733856359\n|move|p2a: Eiscue|Ice Spinner|p1a: Raging Bolt\n|-supereffective|p1a: Raging Bolt\n|-damage|p1a: Raging Bolt|0 fnt\n|faint|p1a: Raging Bolt\n|-end|p1a: Raging Bolt|Protosynthesis|[silent]\n|\n|upkeep\n|\n|t:|1733856363\n|switch|p1a: Rotom|Rotom-Frost, L87|229/229\n|turn|11\n|\n|t:|1733856376\n|move|p2a: Eiscue|Zen Headbutt|p1a: Rotom\n|-damage|p1a: Rotom|58/229\n|move|p1a: Rotom|Thunderbolt|p2a: Eiscue\n|-damage|p2a: Eiscue|0 fnt\n|faint|p2a: Eiscue\n|\n|upkeep\n|\n|t:|1733856383\n|switch|p2a: Pawmot|Pawmot, L80, M|213/243 brn\n|turn|12\n|\n|t:|1733856394\n|switch|p1a: Rotom|Rotom-Frost, L87|238/238\n|move|p2a: Pawmot|Revival Blessing|p2a: Pawmot\n|-enditem|p2a: Pawmot|Leppa Berry|[eat]\n|-activate|p2a: Pawmot|item: Leppa Berry|Revival Blessing|[consumed]\n|\n|t:|1733856399\n|-heal|p2: Eiscue|137/274|[from] move: Revival Blessing\n|\n|-damage|p2a: Pawmot|198/243 brn|[from] brn\n|upkeep\n|turn|13\n|n|!wascowascowasco|wascowascowasco\n|-message|wascowascowasco forfeited.\n|\n|win|DrewAdrien12\n", "inputlog": ">version bfd83cad13791eb5a5a409923076391caf6fb4d4\n>start {\"formatid\":\"gen9randombattle\",\"seed\":[45220,33431,60990,8229],\"rated\":\"Rated battle\"}\n>player p1 {\"name\":\"wascowascowasco\",\"avatar\":\"265\",\"rating\":1219,\"seed\":[34448,41661,39916,22120]}\n>player p2 {\"name\":\"DrewAdrien12\",\"avatar\":\"boarder\",\"rating\":1254,\"seed\":[25760,12310,44952,19322]}\n>p1 switch 5\n>p2 move dragondance\n>p1 move willowisp\n>p2 switch 4\n>p1 switch 5\n>p2 move closecombat\n>p1 move swordsdance\n>p2 switch 5\n>p1 move knockoff terastallize\n>p2 move bellydrum\n>p1 move doubleedge\n>p2 move icespinner\n>p1 switch 6\n>p1 move dracometeor\n>p2 move icespinner\n>p1 switch 2\n>p1 move moonblast\n>p2 move icespinner\n>chat \u2606wascowascowasco|due\n>p1 move moonblast\n>p2 move icespinner\n>p1 switch 4\n>p1 move thunderbolt\n>p2 move icespinner\n>p1 switch 5\n>p1 move thunderbolt\n>p2 move zenheadbutt\n>p2 switch 5\n>p1 switch 3\n>p2 move revivalblessing\n>p2 switch 5\n>chat \u2606wascowascowasco|fuck you bro hahah\n>forcelose p1", "uploadtime": 1733856406, "views": 1, "formatid": "gen9randombattle", "rating": null, "private": 0, "password": null}