{"id": "gen9randombattle-2238805792", "format": "[Gen 9] Random Battle", "players": ["Dreamkos", "kukpoo"], "log": "|badge|p1|bronze|gen9randombattle|100-3\n|uhtml|medal-msg|<div class=\"broadcast-blue\">Curious what those medals under the avatar are? PS now has Ladder Seasons! For more information, check out the <a href=\"https://www.smogon.com/forums/threads/3740067/\">thread on Smogon.</a></div>\n|badge|p2|silver|gen9randombattle|30-3\n|uhtml|medal-msg|<div class=\"broadcast-blue\">Curious what those medals under the avatar are? PS now has Ladder Seasons! For more information, check out the <a href=\"https://www.smogon.com/forums/threads/3740067/\">thread on Smogon.</a></div>\n|j|\u2606Dreamkos\n|j|\u2606kukpoo\n|t:|1730926373\n|gametype|singles\n|player|p1|Dreamkos|caitlin|2348\n|player|p2|kukpoo|gambler|2361\n|teamsize|p1|6\n|teamsize|p2|6\n|gen|9\n|tier|[Gen 9] Random Battle\n|rated|\n|rule|Species Clause: Limit one of each Pok\u00e9mon\n|rule|HP Percentage Mod: HP is shown in percentages\n|rule|Sleep Clause Mod: Limit one foe put to sleep\n|rule|Illusion Level Mod: Illusion disguises the Pok\u00e9mon's true level\n|\n|t:|1730926373\n|start\n|switch|p1a: Hariyama|Hariyama, L87, M|392/392\n|switch|p2a: Morpeko|Morpeko, L88, M|245/245\n|turn|1\n|inactive|Battle timer is ON: inactive players will automatically lose when time's up. (requested by Dreamkos)\n|\n|t:|1730926387\n|move|p2a: Morpeko|Parting Shot|p1a: Hariyama\n|-unboost|p1a: Hariyama|atk|1\n|-unboost|p1a: Hariyama|spa|1\n|\n|t:|1730926402\n|switch|p2a: Palafin|Palafin, L77, M|281/281|[from] Parting Shot\n|move|p1a: Hariyama|Headlong Rush|p2a: Palafin\n|-damage|p2a: Palafin|188/281\n|-unboost|p1a: Hariyama|def|1\n|-unboost|p1a: Hariyama|spd|1\n|\n|-heal|p2a: Palafin|205/281|[from] item: Leftovers\n|upkeep\n|turn|2\n|\n|t:|1730926424\n|detailschange|p2a: Palafin|Palafin-Hero, L77, M\n|switch|p2a: Salamence|Salamence, L77, M|273/273\n|move|p1a: Hariyama|Knock Off|p2a: Salamence\n|-damage|p2a: Salamence|211/273\n|-enditem|p2a: Salamence|Heavy-Duty Boots|[from] move: Knock Off|[of] p1a: Hariyama\n|\n|upkeep\n|turn|3\n|\n|t:|1730926434\n|switch|p2a: Morpeko|Morpeko, L88, M|245/245\n|switch|p1a: Regice|Regice, L88|284/284\n|\n|-formechange|p2a: Morpeko|Morpeko-Hangry||[from] ability: Hunger Switch\n|upkeep\n|turn|4\n|\n|t:|1730926441\n|move|p2a: Morpeko|Parting Shot|p1a: Regice\n|-fail|p1a: Regice|unboost|[from] ability: Clear Body|[of] p1a: Regice\n|move|p1a: Regice|Ice Beam|p2a: Morpeko\n|-damage|p2a: Morpeko|101/245\n|\n|-formechange|p2a: Morpeko|Morpeko||[from] ability: Hunger Switch\n|upkeep\n|turn|5\n|\n|t:|1730926455\n|switch|p2a: Glalie|Glalie, L96, M|309/309\n|move|p1a: Regice|Thunderbolt|p2a: Glalie\n|-damage|p2a: Glalie|242/309\n|\n|upkeep\n|turn|6\n|\n|t:|1730926465\n|switch|p1a: Hariyama|Hariyama, L87, M|392/392\n|move|p2a: Glalie|Spikes|p1a: Hariyama\n|-sidestart|p1: Dreamkos|Spikes\n|\n|upkeep\n|turn|7\n|j| agewaegwegwgew\n|\n|t:|1730926470\n|switch|p2a: Salamence|Salamence, L77, M|211/273\n|move|p1a: Hariyama|Close Combat|p2a: Salamence\n|-resisted|p2a: Salamence\n|-damage|p2a: Salamence|124/273\n|-unboost|p1a: Hariyama|def|1\n|-unboost|p1a: Hariyama|spd|1\n|\n|upkeep\n|turn|8\n|\n|t:|1730926482\n|switch|p1a: Regice|Regice, L88|284/284\n|move|p2a: Salamence|Dual Wingbeat|p1a: Regice\n|-damage|p1a: Regice|241/284\n|-damage|p1a: Regice|201/284\n|-hitcount|p1a: Regice|2\n|\n|upkeep\n|turn|9\n|\n|t:|1730926487\n|switch|p2a: Glalie|Glalie, L96, M|242/309\n|move|p1a: Regice|Ice Beam|p2a: Glalie\n|-resisted|p2a: Glalie\n|-damage|p2a: Glalie|194/309\n|\n|upkeep\n|turn|10\n|\n|t:|1730926498\n|switch|p1a: Hariyama|Hariyama, L87, M|392/392\n|-damage|p1a: Hariyama|343/392|[from] Spikes\n|move|p2a: Glalie|Spikes|p1a: Hariyama\n|-sidestart|p1: Dreamkos|Spikes\n|\n|upkeep\n|turn|11\n|\n|t:|1730926505\n|move|p2a: Glalie|Spikes|p1a: Hariyama\n|-sidestart|p1: Dreamkos|Spikes\n|move|p1a: Hariyama|Close Combat|p2a: Glalie\n|-supereffective|p2a: Glalie\n|-damage|p2a: Glalie|0 fnt\n|-unboost|p1a: Hariyama|def|1\n|-unboost|p1a: Hariyama|spd|1\n|faint|p2a: Glalie\n|\n|upkeep\n|inactive|kukpoo has 120 seconds left.\n|\n|t:|1730926536\n|switch|p2a: Salamence|Salamence, L77, M|124/273\n|turn|12\n|\n|t:|1730926547\n|switch|p1a: Regice|Regice, L88|201/284\n|move|p2a: Salamence|Dual Wingbeat|p1a: Regice\n|-damage|p1a: Regice|164/284\n|-damage|p1a: Regice|127/284\n|-hitcount|p1a: Regice|2\n|\n|upkeep\n|turn|13\n|\n|t:|1730926558\n|switch|p2a: Plusle|Plusle, L95, F|268/268\n|move|p1a: Regice|Ice Beam|p2a: Plusle\n|-damage|p2a: Plusle|157/268\n|\n|upkeep\n|turn|14\n|\n|t:|1730926565\n|move|p2a: Plusle|Nasty Plot|p2a: Plusle\n|-boost|p2a: Plusle|spa|2\n|move|p1a: Regice|Ice Beam|p2a: Plusle\n|-crit|p2a: Plusle\n|-damage|p2a: Plusle|0 fnt\n|faint|p2a: Plusle\n|\n|upkeep\n|\n|t:|1730926584\n|switch|p2a: Palafin|Palafin-Hero, L77, M|205/281\n|-activate|p2a: Palafin|ability: Zero to Hero\n|turn|15\n|inactive|kukpoo has 120 seconds left.\n|\n|t:|1730926607\n|switch|p2a: Morpeko|Morpeko, L88, M|101/245\n|move|p1a: Regice|Thunderbolt|p2a: Morpeko\n|-resisted|p2a: Morpeko\n|-damage|p2a: Morpeko|55/245\n|\n|-formechange|p2a: Morpeko|Morpeko-Hangry||[from] ability: Hunger Switch\n|upkeep\n|turn|16\n|inactive|kukpoo has 120 seconds left.\n|\n|t:|1730926612\n|move|p2a: Morpeko|Aura Wheel|p1a: Regice\n|-damage|p1a: Regice|10/284\n|-boost|p2a: Morpeko|spe|1\n|move|p1a: Regice|Ice Beam|p2a: Morpeko\n|-damage|p2a: Morpeko|0 fnt\n|faint|p2a: Morpeko\n|\n|upkeep\n|\n|t:|1730926617\n|switch|p2a: Palafin|Palafin-Hero, L77, M|205/281\n|turn|17\n|\n|t:|1730926621\n|move|p2a: Palafin|Jet Punch|p1a: Regice\n|-damage|p1a: Regice|0 fnt\n|faint|p1a: Regice\n|\n|-heal|p2a: Palafin|222/281|[from] item: Leftovers\n|upkeep\n|\n|t:|1730926627\n|switch|p1a: Raging Bolt|Raging Bolt, L78|323/323\n|-damage|p1a: Raging Bolt|243/323|[from] Spikes\n|turn|18\n|\n|t:|1730926647\n|switch|p2a: Salamence|Salamence, L77, M|124/273\n|move|p1a: Raging Bolt|Thunderbolt|p2a: Salamence\n|-damage|p2a: Salamence|4/273\n|\n|upkeep\n|turn|19\n|\n|t:|1730926657\n|move|p1a: Raging Bolt|Thunderclap||[still]\n|-fail|p1a: Raging Bolt\n|move|p2a: Salamence|Dragon Dance|p2a: Salamence\n|-boost|p2a: Salamence|atk|1\n|-boost|p2a: Salamence|spe|1\n|\n|upkeep\n|turn|20\n|\n|t:|1730926660\n|move|p1a: Raging Bolt|Thunderclap||[still]\n|-fail|p1a: Raging Bolt\n|move|p2a: Salamence|Dragon Dance|p2a: Salamence\n|-boost|p2a: Salamence|atk|1\n|-boost|p2a: Salamence|spe|1\n|\n|upkeep\n|turn|21\n|\n|t:|1730926675\n|-terastallize|p2a: Salamence|Ground\n|move|p1a: Raging Bolt|Thunderclap|p2a: Salamence\n|-immune|p2a: Salamence\n|move|p2a: Salamence|Earthquake|p1a: Raging Bolt\n|-supereffective|p1a: Raging Bolt\n|-damage|p1a: Raging Bolt|0 fnt\n|faint|p1a: Raging Bolt\n|-end|p1a: Raging Bolt|Protosynthesis|[silent]\n|-ability|p2a: Salamence|Moxie|boost\n|-boost|p2a: Salamence|atk|1\n|\n|upkeep\n|\n|t:|1730926679\n|switch|p1a: Breloom|Breloom, L82, F|233/233\n|-damage|p1a: Breloom|175/233|[from] Spikes\n|turn|22\n|\n|t:|1730926684\n|switch|p2a: Dragapult|Dragapult, L77, F|262/262\n|move|p1a: Breloom|Mach Punch|p2a: Dragapult\n|-immune|p2a: Dragapult\n|\n|upkeep\n|turn|23\n|\n|t:|1730926700\n|move|p2a: Dragapult|Fire Blast|p1a: Breloom|[miss]\n|-miss|p2a: Dragapult|p1a: Breloom\n|move|p1a: Breloom|Rock Tomb|p2a: Dragapult\n|-damage|p2a: Dragapult|135/262\n|-damage|p1a: Breloom|152/233|[from] item: Life Orb\n|\n|upkeep\n|turn|24\n|\n|t:|1730926707\n|switch|p1a: Hariyama|Hariyama, L87, M|343/392\n|-damage|p1a: Hariyama|245/392|[from] Spikes\n|move|p2a: Dragapult|Fire Blast|p1a: Hariyama\n|-damage|p1a: Hariyama|210/392\n|-status|p1a: Hariyama|brn\n|-damage|p2a: Dragapult|109/262|[from] item: Life Orb\n|\n|-damage|p1a: Hariyama|186/392 brn|[from] brn\n|upkeep\n|turn|25\n|\n|t:|1730926717\n|switch|p2a: Palafin|Palafin-Hero, L77, M|222/281\n|move|p1a: Hariyama|Knock Off|p2a: Palafin\n|-damage|p2a: Palafin|176/281\n|-enditem|p2a: Palafin|Leftovers|[from] move: Knock Off|[of] p1a: Hariyama\n|\n|-damage|p1a: Hariyama|162/392 brn|[from] brn\n|upkeep\n|turn|26\n|\n|t:|1730926723\n|switch|p1a: Breloom|Breloom, L82, F|152/233\n|-damage|p1a: Breloom|94/233|[from] Spikes\n|move|p2a: Palafin|Bulk Up|p2a: Palafin\n|-boost|p2a: Palafin|atk|1\n|-boost|p2a: Palafin|def|1\n|\n|upkeep\n|turn|27\n|\n|t:|1730926729\n|move|p2a: Palafin|Ice Punch|p1a: Breloom\n|-supereffective|p1a: Breloom\n|-damage|p1a: Breloom|0 fnt\n|faint|p1a: Breloom\n|\n|upkeep\n|\n|t:|1730926734\n|switch|p1a: Dragalge|Dragalge, L88, M|258/258\n|-damage|p1a: Dragalge|194/258|[from] Spikes\n|turn|28\n|\n|t:|1730926753\n|-terastallize|p1a: Dragalge|Fighting\n|move|p2a: Palafin|Ice Punch|p1a: Dragalge\n|-damage|p1a: Dragalge|107/258\n|move|p1a: Dragalge|Draco Meteor|p2a: Palafin\n|-damage|p2a: Palafin|10/281\n|-unboost|p1a: Dragalge|spa|2\n|\n|-heal|p1a: Dragalge|123/258|[from] item: Leftovers\n|upkeep\n|turn|29\n|inactive|kukpoo has 120 seconds left.\n|\n|t:|1730926787\n|move|p2a: Palafin|Wave Crash|p1a: Dragalge\n|-damage|p1a: Dragalge|0 fnt\n|faint|p1a: Dragalge\n|-damage|p2a: Palafin|0 fnt|[from] Recoil\n|faint|p2a: Palafin\n|\n|upkeep\n|inactive|kukpoo has 120 seconds left.\n|\n|t:|1730926797\n|switch|p2a: Salamence|Salamence, L77, M, tera:Ground|4/273\n|switch|p1a: Gholdengo|Gholdengo, L77|261/261\n|-damage|p1a: Gholdengo|196/261|[from] Spikes\n|turn|30\n|inactive|kukpoo has 120 seconds left.\n|c|\u2606kukpoo|fuck\n|\n|t:|1730926813\n|move|p2a: Salamence|Earthquake|p1a: Gholdengo\n|-supereffective|p1a: Gholdengo\n|-damage|p1a: Gholdengo|0 fnt\n|faint|p1a: Gholdengo\n|-ability|p2a: Salamence|Moxie|boost\n|-boost|p2a: Salamence|atk|1\n|\n|upkeep\n|\n|t:|1730926816\n|switch|p1a: Hariyama|Hariyama, L87, M|162/392 brn\n|-damage|p1a: Hariyama|64/392 brn|[from] Spikes\n|turn|31\n|l| agewaegwegwgew\n|\n|t:|1730926821\n|move|p2a: Salamence|Earthquake|p1a: Hariyama\n|-damage|p1a: Hariyama|0 fnt\n|faint|p1a: Hariyama\n|\n|win|kukpoo\n|raw|Dreamkos's rating: 2348 &rarr; <strong>2329</strong><br />(-19 for losing)\n|raw|kukpoo's rating: 2361 &rarr; <strong>2380</strong><br />(+19 for winning)\n|l|\u2606Dreamkos\n|player|p1|\n", "inputlog": ">version 6cf2ed9506aaf20327444a00a9388215acbf9fb2\n>start {\"formatid\":\"gen9randombattle\",\"seed\":[690,47573,34305,7473],\"rated\":\"Rated battle\"}\n>player p1 {\"name\":\"Dreamkos\",\"avatar\":\"caitlin\",\"rating\":2348,\"seed\":[56972,48718,832,62404]}\n>player p2 {\"name\":\"kukpoo\",\"avatar\":\"gambler\",\"rating\":2361,\"seed\":[27268,37789,57910,14284]}\n>p1 move headlongrush\n>p2 move partingshot\n>p2 switch 6\n>p1 move knockoff\n>p2 switch 2\n>p1 switch 6\n>p2 switch 6\n>p1 move icebeam\n>p2 move partingshot\n>p1 move thunderbolt\n>p2 switch 5\n>p1 switch 6\n>p2 move spikes\n>p1 move closecombat\n>p2 switch 6\n>p1 switch 6\n>p2 move dualwingbeat\n>p1 move icebeam\n>p2 switch 6\n>p1 switch 6\n>p2 move spikes\n>p1 move closecombat\n>p2 move spikes\n>p2 switch 6\n>p1 switch 6\n>p2 move dualwingbeat\n>p1 move icebeam\n>p2 switch 3\n>p1 move icebeam\n>p2 move nastyplot\n>p2 switch 2\n>p1 move thunderbolt\n>p2 switch 5\n>p1 move icebeam\n>p2 move aurawheel\n>p2 switch 5\n>p1 move thunderbolt\n>p2 move jetpunch\n>p1 switch 2\n>p1 move thunderbolt\n>p2 switch 3\n>p1 move thunderclap\n>p2 move dragondance\n>p1 move thunderclap\n>p2 move dragondance\n>p1 move thunderclap\n>p2 move earthquake terastallize\n>p1 switch 4\n>p1 move machpunch\n>p2 switch 4\n>p1 move rocktomb\n>p2 move fireblast\n>p1 switch 6\n>p2 move fireblast\n>p1 move knockoff\n>p2 switch 3\n>p1 switch 6\n>p2 move bulkup\n>p1 move bulletseed\n>p2 move icepunch\n>p1 switch 3\n>p1 move dracometeor terastallize\n>p2 move icepunch\n>p1 move sludgewave\n>p2 move wavecrash\n>p1 switch 5\n>p2 switch 4\n>chat \u2606kukpoo|fuck\n>p1 move shadowball\n>p2 move earthquake\n>p1 switch 6\n>p1 move knockoff\n>p2 move earthquake", "uploadtime": 1730926999, "views": 37, "formatid": "gen9randombattle", "rating": 2329, "private": 0, "password": null}