{"id": "gen9randombattle-2259994615", "format": "[Gen 9] Random Battle", "players": ["Weonners", "memobee"], "log": "|j|\u2606Weonners\n|j|\u2606memobee\n|t:|1733788766\n|gametype|singles\n|player|p1|Weonners|aromalady|\n|player|p2|memobee|lass-gen4|\n|teamsize|p1|6\n|teamsize|p2|6\n|gen|9\n|tier|[Gen 9] Random Battle\n|rule|Species Clause: Limit one of each Pok\u00e9mon\n|rule|HP Percentage Mod: HP is shown in percentages\n|rule|Sleep Clause Mod: Limit one foe put to sleep\n|rule|Illusion Level Mod: Illusion disguises the Pok\u00e9mon's true level\n|\n|t:|1733788766\n|start\n|switch|p1a: Urshifu|Urshifu, L74, F|270/270\n|switch|p2a: Lurantis|Lurantis, L87, F|264/264\n|turn|1\n|\n|t:|1733788809\n|move|p1a: Urshifu|Wicked Blow|p2a: Lurantis\n|-crit|p2a: Lurantis\n|-damage|p2a: Lurantis|83/264\n|move|p2a: Lurantis|Leaf Storm|p1a: Urshifu\n|-damage|p1a: Urshifu|98/270\n|-boost|p2a: Lurantis|spa|2\n|\n|-heal|p2a: Lurantis|99/264|[from] item: Leftovers\n|upkeep\n|turn|2\n|\n|t:|1733788855\n|switch|p2a: Pikachu|Pikachu-Unova, L93, M|216/216\n|move|p1a: Urshifu|Wicked Blow|p2a: Pikachu\n|-crit|p2a: Pikachu\n|-damage|p2a: Pikachu|0 fnt\n|faint|p2a: Pikachu\n|\n|upkeep\n|\n|t:|1733788866\n|switch|p2a: Gliscor|Gliscor, L76, F|239/239\n|turn|3\n|\n|t:|1733788884\n|move|p2a: Gliscor|Protect|p2a: Gliscor\n|-singleturn|p2a: Gliscor|Protect\n|move|p1a: Urshifu|Wicked Blow|p2a: Gliscor\n|-crit|p2a: Gliscor\n|-damage|p2a: Gliscor|83/239\n|\n|-status|p2a: Gliscor|tox|[from] item: Toxic Orb\n|upkeep\n|turn|4\n|\n|t:|1733788906\n|switch|p2a: Spectrier|Spectrier, L75|274/274\n|move|p1a: Urshifu|Wicked Blow|p2a: Spectrier\n|-supereffective|p2a: Spectrier\n|-crit|p2a: Spectrier\n|-damage|p2a: Spectrier|0 fnt\n|faint|p2a: Spectrier\n|\n|upkeep\n|\n|t:|1733788917\n|switch|p2a: Minun|Minun, L95, M|268/268\n|turn|5\n|\n|t:|1733788936\n|-terastallize|p2a: Minun|Fairy\n|move|p2a: Minun|Alluring Voice|p1a: Urshifu\n|-supereffective|p1a: Urshifu\n|-damage|p1a: Urshifu|0 fnt\n|faint|p1a: Urshifu\n|-damage|p2a: Minun|242/268|[from] item: Life Orb\n|\n|upkeep\n|\n|t:|1733788984\n|switch|p1a: Bronzong|Bronzong, L88|261/261\n|turn|6\n|\n|t:|1733788996\n|move|p2a: Minun|Thunderbolt|p1a: Bronzong\n|-damage|p1a: Bronzong|166/261\n|-damage|p2a: Minun|216/268|[from] item: Life Orb\n|move|p1a: Bronzong|Iron Defense|p1a: Bronzong\n|-boost|p1a: Bronzong|def|2\n|\n|upkeep\n|turn|7\n|\n|t:|1733789005\n|move|p2a: Minun|Encore|p1a: Bronzong\n|-start|p1a: Bronzong|Encore\n|move|p1a: Bronzong|Iron Defense|p1a: Bronzong\n|-boost|p1a: Bronzong|def|2\n|\n|upkeep\n|turn|8\n|\n|t:|1733789011\n|move|p2a: Minun|Thunderbolt|p1a: Bronzong\n|-damage|p1a: Bronzong|69/261\n|-damage|p2a: Minun|190/268|[from] item: Life Orb\n|move|p1a: Bronzong|Iron Defense|p1a: Bronzong\n|-boost|p1a: Bronzong|def|2\n|\n|upkeep\n|turn|9\n|\n|t:|1733789019\n|move|p2a: Minun|Thunderbolt|p1a: Bronzong\n|-damage|p1a: Bronzong|0 fnt\n|faint|p1a: Bronzong\n|-damage|p2a: Minun|164/268|[from] item: Life Orb\n|\n|upkeep\n|\n|t:|1733789028\n|switch|p1a: Landorus|Landorus, L75, M|257/257\n|turn|10\n|\n|t:|1733789038\n|switch|p2a: Lurantis|Lurantis, L87, F|99/264\n|move|p1a: Landorus|Earth Power|p2a: Lurantis\n|-resisted|p2a: Lurantis\n|-damage|p2a: Lurantis|28/264\n|\n|-heal|p2a: Lurantis|44/264|[from] item: Leftovers\n|upkeep\n|turn|11\n|\n|t:|1733789068\n|move|p1a: Landorus|Psychic|p2a: Lurantis\n|-damage|p2a: Lurantis|0 fnt\n|faint|p2a: Lurantis\n|\n|upkeep\n|\n|t:|1733789087\n|switch|p2a: Gliscor|Gliscor, L76, F|83/239 tox\n|turn|12\n|\n|t:|1733789097\n|move|p1a: Landorus|Psychic|p2a: Gliscor\n|-damage|p2a: Gliscor|0 fnt\n|faint|p2a: Gliscor\n|\n|upkeep\n|\n|t:|1733789101\n|switch|p2a: Cinderace|Cinderace, L77, F|249/249\n|turn|13\n|\n|t:|1733789148\n|-terastallize|p1a: Landorus|Psychic\n|move|p2a: Cinderace|Pyro Ball|p1a: Landorus\n|-damage|p1a: Landorus|64/257\n|move|p1a: Landorus|Psychic|p2a: Cinderace\n|-damage|p2a: Cinderace|53/249\n|\n|upkeep\n|turn|14\n|\n|t:|1733789158\n|move|p2a: Cinderace|Pyro Ball|p1a: Landorus\n|-damage|p1a: Landorus|0 fnt\n|faint|p1a: Landorus\n|\n|upkeep\n|\n|t:|1733789174\n|switch|p1a: Ampharos|Ampharos, L88, M|302/302\n|turn|15\n|\n|t:|1733789182\n|move|p2a: Cinderace|Pyro Ball|p1a: Ampharos\n|-damage|p1a: Ampharos|131/302\n|-status|p1a: Ampharos|brn\n|move|p1a: Ampharos|Agility|p1a: Ampharos\n|-boost|p1a: Ampharos|spe|2\n|\n|-damage|p1a: Ampharos|113/302 brn|[from] brn\n|upkeep\n|turn|16\n|\n|t:|1733789205\n|switch|p2a: Minun|Minun, L95, M, tera:Fairy|164/268\n|move|p1a: Ampharos|Thunderbolt|p2a: Minun\n|-heal|p2a: Minun|231/268|[from] ability: Volt Absorb|[of] p1a: Ampharos\n|\n|-damage|p1a: Ampharos|95/302 brn|[from] brn\n|upkeep\n|turn|17\n|\n|t:|1733789215\n|move|p1a: Ampharos|Dazzling Gleam|p2a: Minun\n|-damage|p2a: Minun|147/268\n|-damage|p1a: Ampharos|65/302 brn|[from] item: Life Orb\n|move|p2a: Minun|Alluring Voice|p1a: Ampharos\n|-damage|p1a: Ampharos|0 fnt\n|faint|p1a: Ampharos\n|-damage|p2a: Minun|121/268|[from] item: Life Orb\n|\n|upkeep\n|\n|t:|1733789226\n|switch|p1a: Avalugg|Avalugg, L88, F|310/310\n|turn|18\n|\n|t:|1733789240\n|move|p2a: Minun|Alluring Voice|p1a: Avalugg\n|-damage|p1a: Avalugg|129/310\n|-damage|p2a: Minun|95/268|[from] item: Life Orb\n|move|p1a: Avalugg|Body Press|p2a: Minun\n|-resisted|p2a: Minun\n|-damage|p2a: Minun|32/268\n|\n|upkeep\n|turn|19\n|\n|t:|1733789256\n|move|p2a: Minun|Alluring Voice|p1a: Avalugg\n|-damage|p1a: Avalugg|0 fnt\n|faint|p1a: Avalugg\n|-damage|p2a: Minun|6/268|[from] item: Life Orb\n|\n|upkeep\n|\n|t:|1733789261\n|switch|p1a: Jirachi|Jirachi, L80|291/291\n|turn|20\n|\n|t:|1733789294\n|move|p2a: Minun|Thunderbolt|p1a: Jirachi\n|-damage|p1a: Jirachi|162/291\n|-damage|p2a: Minun|0 fnt|[from] item: Life Orb\n|faint|p2a: Minun\n|move|p1a: Jirachi|Stealth Rock|p2: Minun\n|-sidestart|p2: memobee|move: Stealth Rock\n|\n|-heal|p1a: Jirachi|180/291|[from] item: Leftovers\n|upkeep\n|\n|t:|1733789304\n|switch|p2a: Cinderace|Cinderace, L77, F|53/249\n|-damage|p2a: Cinderace|0 fnt|[from] Stealth Rock\n|faint|p2a: Cinderace\n|\n|win|Weonners\n", "inputlog": ">version bfd83cad13791eb5a5a409923076391caf6fb4d4\n>start {\"formatid\":\"gen9randombattle\",\"seed\":[6154,9626,34456,27960]}\n>player p1 {\"name\":\"Weonners\",\"avatar\":\"aromalady\",\"rating\":0,\"seed\":[49898,3533,60413,30656]}\n>player p2 {\"name\":\"memobee\",\"avatar\":\"lass-gen4\",\"rating\":0,\"seed\":[54476,30000,8792,33368]}\n>p1 move wickedblow\n>p2 move leafstorm\n>p1 move wickedblow\n>p2 switch 3\n>p2 switch 6\n>p1 move wickedblow\n>p2 move protect\n>p1 move wickedblow\n>p2 switch 5\n>p2 switch 4\n>p1 move wickedblow\n>p2 move alluringvoice terastallize\n>p1 switch 4\n>p1 move irondefense\n>p2 move thunderbolt\n>p1 move irondefense\n>p2 move encore\n>p1 move irondefense\n>p2 move thunderbolt\n>p1 move irondefense\n>p2 move thunderbolt\n>p1 switch 6\n>p1 move earthpower\n>p2 switch 3\n>p1 move psychic\n>p2 move leafstorm\n>p2 switch 5\n>p1 move psychic\n>p2 move toxic\n>p2 switch 2\n>p1 move psychic terastallize\n>p2 move pyroball\n>p1 move psychic\n>p2 move pyroball\n>p1 switch 3\n>p1 move agility\n>p2 move pyroball\n>p1 move thunderbolt\n>p2 switch 3\n>p1 move dazzlinggleam\n>p2 move alluringvoice\n>p1 switch 5\n>p1 move bodypress\n>p2 move alluringvoice\n>p1 move recover\n>p2 move alluringvoice\n>p1 switch 2\n>p1 move stealthrock\n>p2 move thunderbolt\n>p2 switch 3", "uploadtime": 1733789313, "views": 3, "formatid": "gen9randombattle", "rating": null, "private": 0, "password": null}