{"id": "gen9randombattle-2027778396", "format": "[Gen 9] Random Battle", "players": ["Accadere \u2601", "MichaelderBeste2"], "log": "|j|\u2606Accadere \u2601@!\n|j|\u2606MichaelderBeste2\n|t:|1704467440\n|gametype|singles\n|player|p1|Accadere \u2601|touristf2|2298\n|player|p2|MichaelderBeste2|#wcop2023germany|2255\n|teamsize|p1|6\n|teamsize|p2|6\n|gen|9\n|tier|[Gen 9] Random Battle\n|rated|\n|rule|Species Clause: Limit one of each Pok\u00e9mon\n|rule|HP Percentage Mod: HP is shown in percentages\n|rule|Sleep Clause Mod: Limit one foe put to sleep\n|rule|Illusion Level Mod: Illusion disguises the Pok\u00e9mon's true level\n|\n|t:|1704467440\n|start\n|switch|p1a: Camerupt|Camerupt, L90, F|272/272\n|switch|p2a: Sandslash|Sandslash-Alola, L88, F|275/275\n|turn|1\n|inactive|Battle timer is ON: inactive players will automatically lose when time's up. (requested by Accadere \u2601)\n|\n|t:|1704467467\n|move|p2a: Sandslash|Triple Axel|p1a: Camerupt\n|-damage|p1a: Camerupt|247/272\n|-hitcount|p1a: Camerupt|1\n|move|p1a: Camerupt|Lava Plume|p2a: Sandslash\n|-supereffective|p2a: Sandslash\n|-damage|p2a: Sandslash|0 fnt\n|faint|p2a: Sandslash\n|\n|-heal|p1a: Camerupt|264/272|[from] item: Leftovers\n|upkeep\n|\n|t:|1704467474\n|switch|p2a: Flygon|Flygon, L82, F|265/265\n|turn|2\n|\n|t:|1704467477\n|switch|p1a: Corviknight|Corviknight, L80, M|288/288\n|move|p2a: Flygon|Earthquake|p1a: Corviknight\n|-immune|p1a: Corviknight\n|\n|upkeep\n|turn|3\n|j| why are you fat\n|\n|t:|1704467485\n|switch|p2a: Farigiraf|Farigiraf, L92, F|370/370\n|move|p1a: Corviknight|Brave Bird|p2a: Farigiraf\n|-damage|p2a: Farigiraf|262/370\n|-damage|p1a: Corviknight|252/288|[from] Recoil\n|\n|-heal|p2a: Farigiraf|285/370|[from] item: Leftovers\n|-heal|p1a: Corviknight|270/288|[from] item: Leftovers\n|upkeep\n|turn|4\n|\n|t:|1704467489\n|move|p2a: Farigiraf|Wish|p2a: Farigiraf\n|move|p1a: Corviknight|U-turn|p2a: Farigiraf\n|-supereffective|p2a: Farigiraf\n|-damage|p2a: Farigiraf|187/370\n|\n|t:|1704467491\n|switch|p1a: Sableye|Sableye, L90, M|236/236|[from] U-turn\n|\n|-heal|p2a: Farigiraf|210/370|[from] item: Leftovers\n|upkeep\n|turn|5\n|\n|t:|1704467497\n|move|p2a: Farigiraf|Protect|p2a: Farigiraf\n|-singleturn|p2a: Farigiraf|Protect\n|move|p1a: Sableye|Knock Off|p2a: Farigiraf\n|-activate|p2a: Farigiraf|move: Protect\n|\n|-heal|p2a: Farigiraf|370/370|[from] move: Wish|[wisher] Farigiraf\n|upkeep\n|turn|6\n|\n|t:|1704467504\n|switch|p2a: Ribombee|Ribombee, L82, F|233/233\n|move|p1a: Sableye|Knock Off|p2a: Ribombee\n|-resisted|p2a: Ribombee\n|-damage|p2a: Ribombee|164/233\n|-enditem|p2a: Ribombee|Heavy-Duty Boots|[from] move: Knock Off|[of] p1a: Sableye\n|\n|upkeep\n|turn|7\n|\n|t:|1704467509\n|switch|p1a: Corviknight|Corviknight, L80, M|270/288\n|move|p2a: Ribombee|U-turn|p1a: Corviknight\n|-resisted|p1a: Corviknight\n|-damage|p1a: Corviknight|259/288\n|\n|t:|1704467514\n|switch|p2a: Farigiraf|Farigiraf, L92, F|370/370|[from] U-turn\n|\n|-heal|p1a: Corviknight|277/288|[from] item: Leftovers\n|upkeep\n|turn|8\n|\n|t:|1704467516\n|move|p2a: Farigiraf|Future Sight|p1a: Corviknight\n|-start|p2a: Farigiraf|move: Future Sight\n|move|p1a: Corviknight|U-turn|p2a: Farigiraf\n|-supereffective|p2a: Farigiraf\n|-damage|p2a: Farigiraf|276/370\n|\n|t:|1704467517\n|switch|p1a: Sableye|Sableye, L90, M|236/236|[from] U-turn\n|\n|-heal|p2a: Farigiraf|299/370|[from] item: Leftovers\n|upkeep\n|turn|9\n|\n|t:|1704467528\n|switch|p2a: Ribombee|Ribombee, L82, F|164/233\n|move|p1a: Sableye|Encore||[still]\n|-fail|p1a: Sableye\n|\n|upkeep\n|turn|10\n|j| thebottleofjam\n|\n|t:|1704467534\n|switch|p1a: Corviknight|Corviknight, L80, M|277/288\n|move|p2a: Ribombee|Stun Spore|p1a: Corviknight\n|-status|p1a: Corviknight|par\n|\n|-end|p1a: Corviknight|move: Future Sight\n|-resisted|p1a: Corviknight\n|-damage|p1a: Corviknight|190/288 par\n|-heal|p1a: Corviknight|208/288 par|[from] item: Leftovers\n|upkeep\n|turn|11\n|\n|t:|1704467539\n|move|p2a: Ribombee|U-turn|p1a: Corviknight\n|-resisted|p1a: Corviknight\n|-damage|p1a: Corviknight|196/288 par\n|\n|t:|1704467540\n|switch|p2a: Farigiraf|Farigiraf, L92, F|299/370|[from] U-turn\n|move|p1a: Corviknight|Brave Bird|p2a: Farigiraf\n|-damage|p2a: Farigiraf|185/370\n|-damage|p1a: Corviknight|158/288 par|[from] Recoil\n|\n|-heal|p2a: Farigiraf|208/370|[from] item: Leftovers\n|-heal|p1a: Corviknight|176/288 par|[from] item: Leftovers\n|upkeep\n|turn|12\n|\n|t:|1704467543\n|move|p2a: Farigiraf|Wish|p2a: Farigiraf\n|move|p1a: Corviknight|U-turn|p2a: Farigiraf\n|-supereffective|p2a: Farigiraf\n|-damage|p2a: Farigiraf|122/370\n|\n|t:|1704467551\n|switch|p1a: Mew|Mew, L82|298/298|[from] U-turn\n|\n|-heal|p2a: Farigiraf|145/370|[from] item: Leftovers\n|upkeep\n|turn|13\n|\n|t:|1704467554\n|move|p2a: Farigiraf|Protect|p2a: Farigiraf\n|-singleturn|p2a: Farigiraf|Protect\n|move|p1a: Mew|Toxic Spikes|p2a: Farigiraf\n|-sidestart|p2: MichaelderBeste2|move: Toxic Spikes\n|\n|-heal|p2a: Farigiraf|330/370|[from] move: Wish|[wisher] Farigiraf\n|-heal|p2a: Farigiraf|353/370|[from] item: Leftovers\n|upkeep\n|turn|14\n|\n|t:|1704467561\n|move|p1a: Mew|Encore|p2a: Farigiraf\n|-start|p2a: Farigiraf|Encore\n|move|p2a: Farigiraf|Protect||[still]\n|-fail|p2a: Farigiraf\n|\n|-heal|p2a: Farigiraf|370/370|[from] item: Leftovers\n|upkeep\n|turn|15\n|\n|t:|1704467562\n|move|p2a: Farigiraf|Protect|p2a: Farigiraf\n|-singleturn|p2a: Farigiraf|Protect\n|move|p1a: Mew|Toxic Spikes|p2a: Farigiraf\n|-sidestart|p2: MichaelderBeste2|move: Toxic Spikes\n|\n|upkeep\n|turn|16\n|-message|MichaelderBeste2 forfeited.\n|\n|win|Accadere \u2601\n|raw|Accadere \u2601's rating: 2298 &rarr; <strong>2316</strong><br />(+18 for winning)\n|raw|MichaelderBeste2's rating: 2255 &rarr; <strong>2237</strong><br />(-18 for losing)\n|l|\u2606MichaelderBeste2\n", "inputlog": ">version b2405e112a340cd171b76bf5b01f5f9054c165b0\n>start {\"formatid\":\"gen9randombattle\",\"seed\":[15828,30983,23671,28182],\"rated\":\"Rated battle\"}\n>player p1 {\"name\":\"Accadere \u2601\",\"avatar\":\"touristf2\",\"rating\":2298,\"seed\":[42321,3701,46847,60553]}\n>player p2 {\"name\":\"MichaelderBeste2\",\"avatar\":\"#wcop2023germany\",\"rating\":2255,\"seed\":[62176,44209,24200,48443]}\n>p1 move lavaplume\n>p2 move tripleaxel\n>p2 switch 3\n>p1 switch 6\n>p2 move earthquake\n>p1 move bravebird\n>p2 switch 5\n>p1 move uturn\n>p2 move wish\n>p1 switch 3\n>p1 move knockoff\n>p2 move protect\n>p1 move knockoff\n>p2 switch 2\n>p1 switch 3\n>p2 move uturn\n>p2 switch 2\n>p1 move uturn\n>p2 move futuresight\n>p1 switch 3\n>p1 move encore\n>p2 switch 2\n>p1 switch 3\n>p2 move stunspore\n>p1 move bravebird\n>p2 move uturn\n>p2 switch 2\n>p1 move uturn\n>p2 move wish\n>p1 switch 5\n>p1 move toxicspikes\n>p2 move protect\n>p1 move encore\n>p2 move hypervoice\n>p1 move toxicspikes\n>p2 move protect\n>forcelose p2", "uploadtime": 1704467568, "views": 289, "formatid": "gen9randombattle", "rating": 2237, "private": 0, "password": null}