{"id": "gen9randombattle-2255562562", "format": "[Gen 9] Random Battle", "players": ["CherylBush", "dcenoris"], "log": "|badge|p1|silver|gen9randombattle|30-3\n|uhtml|medal-msg|<div class=\"broadcast-blue\">Curious what those medals under the avatar are? PS now has Ladder Seasons! For more information, check out the <a href=\"https://www.smogon.com/forums/threads/3740067/\">thread on Smogon.</a></div>\n|badge|p2|silver|gen9randombattle|30-3\n|uhtml|medal-msg|<div class=\"broadcast-blue\">Curious what those medals under the avatar are? PS now has Ladder Seasons! For more information, check out the <a href=\"https://www.smogon.com/forums/threads/3740067/\">thread on Smogon.</a></div>\n|j|\u2606CherylBush\n|j|\u2606dcenoris\n|t:|1733188576\n|gametype|singles\n|player|p1|CherylBush|mallow-masters|2397\n|player|p2|dcenoris|lucas|2399\n|teamsize|p1|6\n|teamsize|p2|6\n|gen|9\n|tier|[Gen 9] Random Battle\n|rated|\n|rule|Species Clause: Limit one of each Pok\u00e9mon\n|rule|HP Percentage Mod: HP is shown in percentages\n|rule|Sleep Clause Mod: Limit one foe put to sleep\n|rule|Illusion Level Mod: Illusion disguises the Pok\u00e9mon's true level\n|\n|t:|1733188576\n|start\n|switch|p1a: Altaria|Altaria, L88, F|275/275\n|switch|p2a: Volcanion|Volcanion, L79|255/255\n|turn|1\n|inactive|Battle timer is ON: inactive players will automatically lose when time's up. (requested by dcenoris)\n|\n|t:|1733188625\n|switch|p2a: Sudowoodo|Sudowoodo, L94, F|284/284\n|move|p1a: Altaria|Brave Bird|p2a: Sudowoodo\n|-resisted|p2a: Sudowoodo\n|-damage|p2a: Sudowoodo|247/284\n|-damage|p1a: Altaria|263/275|[from] Recoil\n|\n|-heal|p2a: Sudowoodo|264/284|[from] item: Leftovers\n|upkeep\n|turn|2\n|\n|t:|1733188632\n|switch|p1a: Zamazenta|Zamazenta, L71|248/248\n|-ability|p1a: Zamazenta|Dauntless Shield|boost\n|-boost|p1a: Zamazenta|def|1\n|move|p2a: Sudowoodo|Stealth Rock|p1a: Zamazenta\n|-sidestart|p1: CherylBush|move: Stealth Rock\n|\n|-heal|p2a: Sudowoodo|281/284|[from] item: Leftovers\n|upkeep\n|turn|3\n|\n|t:|1733188638\n|switch|p2a: Ho-Oh|Ho-Oh, L71|268/268\n|move|p1a: Zamazenta|Body Press|p2a: Ho-Oh\n|-resisted|p2a: Ho-Oh\n|-damage|p2a: Ho-Oh|206/268\n|\n|upkeep\n|turn|4\n|\n|t:|1733188655\n|switch|p1a: Altaria|Altaria, L88, F|263/275\n|move|p2a: Ho-Oh|Sacred Fire|p1a: Altaria\n|-resisted|p1a: Altaria\n|-damage|p1a: Altaria|218/275\n|\n|upkeep\n|turn|5\n|\n|t:|1733188679\n|switch|p2a: Sudowoodo|Sudowoodo, L94, F|281/284\n|move|p1a: Altaria|Brave Bird|p2a: Sudowoodo\n|-resisted|p2a: Sudowoodo\n|-damage|p2a: Sudowoodo|239/284\n|-damage|p1a: Altaria|204/275|[from] Recoil\n|\n|-heal|p2a: Sudowoodo|256/284|[from] item: Leftovers\n|upkeep\n|turn|6\n|\n|t:|1733188691\n|switch|p1a: Zamazenta|Zamazenta, L71|248/248\n|-damage|p1a: Zamazenta|233/248|[from] Stealth Rock\n|move|p2a: Sudowoodo|Earthquake|p1a: Zamazenta\n|-damage|p1a: Zamazenta|146/248\n|\n|-heal|p1a: Zamazenta|161/248|[from] item: Leftovers\n|-heal|p2a: Sudowoodo|273/284|[from] item: Leftovers\n|upkeep\n|turn|7\n|\n|t:|1733188699\n|switch|p2a: Ho-Oh|Ho-Oh, L71|268/268\n|move|p1a: Zamazenta|Body Press|p2a: Ho-Oh\n|-resisted|p2a: Ho-Oh\n|-damage|p2a: Ho-Oh|223/268\n|\n|-heal|p1a: Zamazenta|176/248|[from] item: Leftovers\n|upkeep\n|turn|8\n|\n|t:|1733188702\n|switch|p1a: Altaria|Altaria, L88, F|204/275\n|move|p2a: Ho-Oh|Brave Bird|p1a: Altaria\n|-damage|p1a: Altaria|92/275\n|-damage|p2a: Ho-Oh|186/268|[from] Recoil\n|\n|upkeep\n|turn|9\n|\n|t:|1733188711\n|switch|p2a: Sudowoodo|Sudowoodo, L94, F|273/284\n|move|p1a: Altaria|Roost|p1a: Altaria\n|-heal|p1a: Altaria|230/275\n|-singleturn|p1a: Altaria|move: Roost\n|\n|-heal|p2a: Sudowoodo|284/284|[from] item: Leftovers\n|upkeep\n|turn|10\n|\n|t:|1733188716\n|switch|p1a: Zamazenta|Zamazenta, L71|176/248\n|-damage|p1a: Zamazenta|161/248|[from] Stealth Rock\n|move|p2a: Sudowoodo|Head Smash|p1a: Zamazenta|[miss]\n|-miss|p2a: Sudowoodo|p1a: Zamazenta\n|\n|-heal|p1a: Zamazenta|176/248|[from] item: Leftovers\n|upkeep\n|turn|11\n|\n|t:|1733188719\n|switch|p2a: Ho-Oh|Ho-Oh, L71|268/268\n|move|p1a: Zamazenta|Iron Defense|p1a: Zamazenta\n|-boost|p1a: Zamazenta|def|2\n|\n|-heal|p1a: Zamazenta|191/248|[from] item: Leftovers\n|upkeep\n|turn|12\n|\n|t:|1733188723\n|switch|p1a: Altaria|Altaria, L88, F|230/275\n|move|p2a: Ho-Oh|Sacred Fire|p1a: Altaria\n|-resisted|p1a: Altaria\n|-damage|p1a: Altaria|188/275\n|-status|p1a: Altaria|brn\n|\n|-damage|p1a: Altaria|171/275 brn|[from] brn\n|upkeep\n|turn|13\n|\n|t:|1733188727\n|move|p1a: Altaria|Roost|p1a: Altaria\n|-heal|p1a: Altaria|275/275 brn\n|-singleturn|p1a: Altaria|move: Roost\n|move|p2a: Ho-Oh|Brave Bird|p1a: Altaria\n|-damage|p1a: Altaria|163/275 brn\n|-damage|p2a: Ho-Oh|231/268|[from] Recoil\n|\n|-damage|p1a: Altaria|146/275 brn|[from] brn\n|upkeep\n|turn|14\n|\n|t:|1733188737\n|move|p1a: Altaria|Roost|p1a: Altaria\n|-heal|p1a: Altaria|275/275 brn\n|-singleturn|p1a: Altaria|move: Roost\n|move|p2a: Ho-Oh|Brave Bird|p1a: Altaria\n|-damage|p1a: Altaria|175/275 brn\n|-damage|p2a: Ho-Oh|198/268|[from] Recoil\n|\n|-damage|p1a: Altaria|158/275 brn|[from] brn\n|upkeep\n|turn|15\n|\n|t:|1733188746\n|move|p1a: Altaria|Roost|p1a: Altaria\n|-heal|p1a: Altaria|275/275 brn\n|-singleturn|p1a: Altaria|move: Roost\n|move|p2a: Ho-Oh|Brave Bird|p1a: Altaria\n|-crit|p1a: Altaria\n|-damage|p1a: Altaria|121/275 brn\n|-damage|p2a: Ho-Oh|147/268|[from] Recoil\n|\n|-damage|p1a: Altaria|104/275 brn|[from] brn\n|upkeep\n|turn|16\n|\n|t:|1733188764\n|move|p1a: Altaria|Roost|p1a: Altaria\n|-heal|p1a: Altaria|242/275 brn\n|-singleturn|p1a: Altaria|move: Roost\n|move|p2a: Ho-Oh|Brave Bird|p1a: Altaria\n|-damage|p1a: Altaria|125/275 brn\n|-damage|p2a: Ho-Oh|108/268|[from] Recoil\n|\n|-damage|p1a: Altaria|108/275 brn|[from] brn\n|upkeep\n|turn|17\n|\n|t:|1733188770\n|move|p1a: Altaria|Roost|p1a: Altaria\n|-heal|p1a: Altaria|246/275 brn\n|-singleturn|p1a: Altaria|move: Roost\n|move|p2a: Ho-Oh|Recover|p2a: Ho-Oh\n|-heal|p2a: Ho-Oh|242/268\n|\n|-damage|p1a: Altaria|229/275 brn|[from] brn\n|upkeep\n|turn|18\n|\n|t:|1733188774\n|-curestatus|p1a: Altaria|brn|[from] ability: Natural Cure\n|switch|p1a: Regieleki|Regieleki, L79|256/256\n|-damage|p1a: Regieleki|224/256|[from] Stealth Rock\n|move|p2a: Ho-Oh|Earthquake|p1a: Regieleki\n|-supereffective|p1a: Regieleki\n|-damage|p1a: Regieleki|30/256\n|\n|upkeep\n|turn|19\n|\n|t:|1733188781\n|move|p1a: Regieleki|Rapid Spin|p2a: Ho-Oh\n|-damage|p2a: Ho-Oh|207/268\n|-boost|p1a: Regieleki|spe|1\n|-sideend|p1: CherylBush|Stealth Rock|[from] move: Rapid Spin|[of] p1a: Regieleki\n|move|p2a: Ho-Oh|Earthquake|p1a: Regieleki\n|-supereffective|p1a: Regieleki\n|-damage|p1a: Regieleki|0 fnt\n|faint|p1a: Regieleki\n|\n|upkeep\n|\n|t:|1733188787\n|switch|p1a: Baxcalibur|Baxcalibur, L75, F|296/296\n|turn|20\n|\n|t:|1733188793\n|move|p1a: Baxcalibur|Glaive Rush|p2a: Ho-Oh\n|-damage|p2a: Ho-Oh|50/268\n|-singlemove|p1a: Baxcalibur|Glaive Rush|[silent]\n|move|p2a: Ho-Oh|Brave Bird|p1a: Baxcalibur\n|-damage|p1a: Baxcalibur|26/296\n|-damage|p2a: Ho-Oh|0 fnt|[from] Recoil\n|faint|p2a: Ho-Oh\n|\n|upkeep\n|\n|t:|1733188805\n|switch|p2a: Cetitan|Cetitan, L82, F|412/412\n|turn|21\n|\n|t:|1733188815\n|switch|p1a: Vaporeon|Vaporeon, L86, F|364/364\n|move|p2a: Cetitan|Ice Shard|p1a: Vaporeon\n|-resisted|p1a: Vaporeon\n|-damage|p1a: Vaporeon|333/364\n|\n|-heal|p1a: Vaporeon|355/364|[from] item: Leftovers\n|upkeep\n|turn|22\n|\n|t:|1733188820\n|switch|p2a: Volcanion|Volcanion, L79|255/255\n|move|p1a: Vaporeon|Scald|p2a: Volcanion\n|-immune|p2a: Volcanion|[from] ability: Water Absorb\n|\n|-heal|p1a: Vaporeon|364/364|[from] item: Leftovers\n|upkeep\n|turn|23\n|\n|t:|1733188824\n|move|p1a: Vaporeon|Wish|p1a: Vaporeon\n|move|p2a: Volcanion|Flamethrower|p1a: Vaporeon\n|-resisted|p1a: Vaporeon\n|-damage|p1a: Vaporeon|312/364\n|\n|-heal|p1a: Vaporeon|334/364|[from] item: Leftovers\n|upkeep\n|turn|24\n|\n|t:|1733188829\n|switch|p1a: Altaria|Altaria, L88, F|229/275\n|move|p2a: Volcanion|Flamethrower|p1a: Altaria\n|-resisted|p1a: Altaria\n|-damage|p1a: Altaria|187/275\n|\n|-heal|p1a: Altaria|275/275|[from] move: Wish|[wisher] Vaporeon\n|upkeep\n|turn|25\n|\n|t:|1733188837\n|switch|p2a: Sudowoodo|Sudowoodo, L94, F|284/284\n|move|p1a: Altaria|Earthquake|p2a: Sudowoodo\n|-supereffective|p2a: Sudowoodo\n|-damage|p2a: Sudowoodo|196/284\n|\n|-heal|p2a: Sudowoodo|213/284|[from] item: Leftovers\n|upkeep\n|turn|26\n|\n|t:|1733188840\n|switch|p1a: Zamazenta|Zamazenta, L71|191/248\n|move|p2a: Sudowoodo|Stealth Rock|p1a: Zamazenta\n|-sidestart|p1: CherylBush|move: Stealth Rock\n|\n|-heal|p1a: Zamazenta|206/248|[from] item: Leftovers\n|-heal|p2a: Sudowoodo|230/284|[from] item: Leftovers\n|upkeep\n|turn|27\n|\n|t:|1733188848\n|switch|p2a: Volcanion|Volcanion, L79|255/255\n|move|p1a: Zamazenta|Iron Defense|p1a: Zamazenta\n|-boost|p1a: Zamazenta|def|2\n|\n|-heal|p1a: Zamazenta|221/248|[from] item: Leftovers\n|upkeep\n|turn|28\n|\n|t:|1733188850\n|move|p1a: Zamazenta|Body Press|p2a: Volcanion\n|-damage|p2a: Volcanion|146/255\n|move|p2a: Volcanion|Steam Eruption|p1a: Zamazenta\n|-damage|p1a: Zamazenta|91/248\n|-status|p1a: Zamazenta|brn\n|\n|-heal|p1a: Zamazenta|106/248 brn|[from] item: Leftovers\n|-damage|p1a: Zamazenta|91/248 brn|[from] brn\n|upkeep\n|turn|29\n|\n|t:|1733188857\n|move|p1a: Zamazenta|Body Press|p2a: Volcanion\n|-damage|p2a: Volcanion|89/255\n|move|p2a: Volcanion|Flamethrower|p1a: Zamazenta\n|-damage|p1a: Zamazenta|0 fnt\n|faint|p1a: Zamazenta\n|\n|upkeep\n|\n|t:|1733188864\n|switch|p1a: Baxcalibur|Baxcalibur, L75, F|26/296\n|turn|30\n|\n|t:|1733188867\n|switch|p2a: Cetitan|Cetitan, L82, F|412/412\n|move|p1a: Baxcalibur|Earthquake|p2a: Cetitan\n|-damage|p2a: Cetitan|310/412\n|\n|upkeep\n|turn|31\n|\n|t:|1733188872\n|move|p1a: Baxcalibur|Glaive Rush|p2a: Cetitan\n|-crit|p2a: Cetitan\n|-damage|p2a: Cetitan|19/412\n|-singlemove|p1a: Baxcalibur|Glaive Rush|[silent]\n|-enditem|p2a: Cetitan|Sitrus Berry|[eat]\n|-heal|p2a: Cetitan|122/412|[from] item: Sitrus Berry\n|move|p2a: Cetitan|Earthquake|p1a: Baxcalibur\n|-damage|p1a: Baxcalibur|0 fnt\n|faint|p1a: Baxcalibur\n|\n|upkeep\n|\n|t:|1733188878\n|switch|p1a: Volcarona|Volcarona, L77, F|257/257\n|turn|32\n|\n|t:|1733188887\n|move|p1a: Volcarona|Quiver Dance|p1a: Volcarona\n|-boost|p1a: Volcarona|spa|1\n|-boost|p1a: Volcarona|spd|1\n|-boost|p1a: Volcarona|spe|1\n|move|p2a: Cetitan|Earthquake|p1a: Volcarona\n|-damage|p1a: Volcarona|150/257\n|\n|upkeep\n|turn|33\n|\n|t:|1733188890\n|move|p2a: Cetitan|Ice Shard|p1a: Volcarona\n|-resisted|p1a: Volcarona\n|-damage|p1a: Volcarona|118/257\n|move|p1a: Volcarona|Fiery Dance|p2a: Cetitan\n|-supereffective|p2a: Cetitan\n|-damage|p2a: Cetitan|0 fnt\n|-boost|p1a: Volcarona|spa|1\n|faint|p2a: Cetitan\n|\n|upkeep\n|\n|t:|1733188894\n|switch|p2a: Dondozo|Dondozo, L78, M|362/362\n|turn|34\n|\n|t:|1733188904\n|switch|p1a: Vaporeon|Vaporeon, L86, F|334/364\n|-damage|p1a: Vaporeon|289/364|[from] Stealth Rock\n|move|p2a: Dondozo|Wave Crash|p1a: Vaporeon\n|-heal|p1a: Vaporeon|364/364|[from] ability: Water Absorb|[of] p2a: Dondozo\n|\n|upkeep\n|turn|35\n|\n|t:|1733188913\n|switch|p2a: Volcanion|Volcanion, L79|89/255\n|move|p1a: Vaporeon|Wish|p1a: Vaporeon\n|\n|upkeep\n|turn|36\n|\n|t:|1733188919\n|switch|p1a: Altaria|Altaria, L88, F|275/275\n|move|p2a: Volcanion|Flamethrower|p1a: Altaria\n|-resisted|p1a: Altaria\n|-crit|p1a: Altaria\n|-damage|p1a: Altaria|204/275\n|\n|-heal|p1a: Altaria|275/275|[from] move: Wish|[wisher] Vaporeon\n|upkeep\n|turn|37\n|\n|t:|1733188927\n|switch|p2a: Dondozo|Dondozo, L78, M|362/362\n|move|p1a: Altaria|Earthquake|p2a: Dondozo\n|-damage|p2a: Dondozo|311/362\n|\n|-heal|p2a: Dondozo|333/362|[from] item: Leftovers\n|upkeep\n|turn|38\n|\n|t:|1733188932\n|move|p1a: Altaria|Brave Bird|p2a: Dondozo\n|-damage|p2a: Dondozo|239/362\n|-damage|p1a: Altaria|244/275|[from] Recoil\n|move|p2a: Dondozo|Wave Crash|p1a: Altaria\n|-resisted|p1a: Altaria\n|-damage|p1a: Altaria|188/275\n|-damage|p2a: Dondozo|221/362|[from] Recoil\n|\n|-heal|p2a: Dondozo|243/362|[from] item: Leftovers\n|upkeep\n|turn|39\n|\n|t:|1733188937\n|switch|p2a: Sudowoodo|Sudowoodo, L94, F|230/284\n|move|p1a: Altaria|Earthquake|p2a: Sudowoodo\n|-supereffective|p2a: Sudowoodo\n|-damage|p2a: Sudowoodo|136/284\n|\n|-heal|p2a: Sudowoodo|153/284|[from] item: Leftovers\n|upkeep\n|turn|40\n|\n|t:|1733188945\n|switch|p1a: Vaporeon|Vaporeon, L86, F|364/364\n|-damage|p1a: Vaporeon|319/364|[from] Stealth Rock\n|move|p2a: Sudowoodo|Head Smash|p1a: Vaporeon\n|-damage|p1a: Vaporeon|67/364\n|\n|-heal|p1a: Vaporeon|89/364|[from] item: Leftovers\n|-heal|p2a: Sudowoodo|170/284|[from] item: Leftovers\n|upkeep\n|turn|41\n|\n|t:|1733188952\n|-terastallize|p2a: Sudowoodo|Grass\n|move|p1a: Vaporeon|Scald|p2a: Sudowoodo\n|-resisted|p2a: Sudowoodo\n|-damage|p2a: Sudowoodo|117/284\n|move|p2a: Sudowoodo|Wood Hammer|p1a: Vaporeon\n|-supereffective|p1a: Vaporeon\n|-damage|p1a: Vaporeon|0 fnt\n|faint|p1a: Vaporeon\n|\n|-heal|p2a: Sudowoodo|134/284|[from] item: Leftovers\n|upkeep\n|\n|t:|1733188960\n|switch|p1a: Volcarona|Volcarona, L77, F|118/257\n|turn|42\n|\n|t:|1733188965\n|move|p1a: Volcarona|Fiery Dance|p2a: Sudowoodo\n|-supereffective|p2a: Sudowoodo\n|-damage|p2a: Sudowoodo|0 fnt\n|-boost|p1a: Volcarona|spa|1\n|faint|p2a: Sudowoodo\n|\n|upkeep\n|\n|t:|1733188967\n|switch|p2a: Dondozo|Dondozo, L78, M|243/362\n|turn|43\n|\n|t:|1733188970\n|-terastallize|p1a: Volcarona|Grass\n|move|p1a: Volcarona|Giga Drain|p2a: Dondozo\n|-supereffective|p2a: Dondozo\n|-damage|p2a: Dondozo|0 fnt\n|-heal|p1a: Volcarona|240/257|[from] drain|[of] p2a: Dondozo\n|faint|p2a: Dondozo\n|\n|upkeep\n|\n|t:|1733188974\n|switch|p2a: Volcanion|Volcanion, L79|89/255\n|turn|44\n|\n|t:|1733188977\n|move|p1a: Volcarona|Quiver Dance|p1a: Volcarona\n|-boost|p1a: Volcarona|spa|1\n|-boost|p1a: Volcarona|spd|1\n|-boost|p1a: Volcarona|spe|1\n|move|p2a: Volcanion|Flamethrower|p1a: Volcarona\n|-supereffective|p1a: Volcarona\n|-damage|p1a: Volcarona|96/257\n|\n|upkeep\n|turn|45\n|\n|t:|1733188980\n|move|p1a: Volcarona|Giga Drain|p2a: Volcanion\n|-damage|p2a: Volcanion|0 fnt\n|-heal|p1a: Volcarona|141/257|[from] drain|[of] p2a: Volcanion\n|faint|p2a: Volcanion\n|\n|upkeep\n|\n|t:|1733188983\n|switch|p2a: Falinks|Falinks, L84|246/246\n|turn|46\n|\n|t:|1733188985\n|move|p1a: Volcarona|Giga Drain|p2a: Falinks\n|-damage|p2a: Falinks|14/246\n|-heal|p1a: Volcarona|257/257|[from] drain|[of] p2a: Falinks\n|move|p2a: Falinks|No Retreat|p2a: Falinks\n|-boost|p2a: Falinks|atk|1\n|-boost|p2a: Falinks|def|1\n|-boost|p2a: Falinks|spa|1\n|-boost|p2a: Falinks|spd|1\n|-boost|p2a: Falinks|spe|1\n|-start|p2a: Falinks|move: No Retreat\n|\n|upkeep\n|turn|47\n|\n|t:|1733188987\n|move|p1a: Volcarona|Giga Drain|p2a: Falinks\n|-damage|p2a: Falinks|0 fnt\n|faint|p2a: Falinks\n|\n|win|CherylBush\n|raw|CherylBush's rating: 2397 &rarr; <strong>2417</strong><br />(+20 for winning)\n|raw|dcenoris's rating: 2399 &rarr; <strong>2379</strong><br />(-20 for losing)\n|l|\u2606dcenoris\n|player|p2|\n", "inputlog": ">version e48f6dfff000f7b3be093ad2254a4a3a4dfcfd29\n>start {\"formatid\":\"gen9randombattle\",\"seed\":[45125,53812,42614,56238],\"rated\":\"Rated battle\"}\n>player p1 {\"name\":\"CherylBush\",\"avatar\":\"mallow-masters\",\"rating\":2397,\"seed\":[39256,21745,14510,60499]}\n>player p2 {\"name\":\"dcenoris\",\"avatar\":\"lucas\",\"rating\":2399,\"seed\":[37815,53691,24473,65195]}\n>p1 move bravebird\n>p2 switch 3\n>p1 switch 2\n>p2 move stealthrock\n>p1 move bodypress\n>p2 switch 5\n>p1 switch 2\n>p2 move sacredfire\n>p1 move bravebird\n>p2 switch 5\n>p1 switch 2\n>p2 move earthquake\n>p1 move bodypress\n>p2 switch 5\n>p1 switch 2\n>p2 move bravebird\n>p1 move roost\n>p2 switch 5\n>p1 switch 2\n>p2 move headsmash\n>p1 move irondefense\n>p2 switch 5\n>p1 switch 2\n>p2 move sacredfire\n>p1 move roost\n>p2 move bravebird\n>p1 move roost\n>p2 move bravebird\n>p1 move roost\n>p2 move bravebird\n>p1 move roost\n>p2 move bravebird\n>p1 move roost\n>p2 move recover\n>p1 switch 3\n>p2 move earthquake\n>p1 move rapidspin\n>p2 move earthquake\n>p1 switch 5\n>p1 move glaiverush\n>p2 move bravebird\n>p2 switch 2\n>p1 switch 6\n>p2 move iceshard\n>p1 move scald\n>p2 switch 3\n>p1 move wish\n>p2 move flamethrower\n>p1 switch 3\n>p2 move flamethrower\n>p1 move earthquake\n>p2 switch 5\n>p1 switch 2\n>p2 move stealthrock\n>p1 move irondefense\n>p2 switch 5\n>p1 move bodypress\n>p2 move steameruption\n>p1 move bodypress\n>p2 move flamethrower\n>p1 switch 6\n>p1 move earthquake\n>p2 switch 3\n>p1 move glaiverush\n>p2 move earthquake\n>p1 switch 4\n>p1 move quiverdance\n>p2 move earthquake\n>p1 move fierydance\n>p2 move iceshard\n>p2 switch 6\n>p1 switch 3\n>p2 move wavecrash\n>p1 move wish\n>p2 switch 3\n>p1 switch 2\n>p2 move flamethrower\n>p1 move earthquake\n>p2 switch 3\n>p1 move bravebird\n>p2 move wavecrash\n>p1 move earthquake\n>p2 switch 5\n>p1 switch 2\n>p2 move headsmash\n>p1 move scald\n>p2 move woodhammer terastallize\n>p1 switch 3\n>p1 move fierydance\n>p2 move headsmash\n>p2 switch 5\n>p1 move gigadrain terastallize\n>p2 move wavecrash\n>p2 switch 3\n>p1 move quiverdance\n>p2 move flamethrower\n>p1 move gigadrain\n>p2 move flamethrower\n>p2 switch 4\n>p1 move gigadrain\n>p2 move noretreat\n>p1 move gigadrain\n>p2 move closecombat", "uploadtime": 1733188993, "views": 33, "formatid": "gen9randombattle", "rating": 2379, "private": 0, "password": null}