{"id": "gen9randombattle-2156071840", "format": "[Gen 9] Random Battle", "players": ["JustOut459", "MichaelderBeste2"], "log": "|badge|p1|silver|gen9randombattle|30-2\n|uhtml|medal-msg|<div class=\"broadcast-blue\">Curious what those medals under the avatar are? PS now has Ladder Seasons! For more information, check out the <a href=\"https://www.smogon.com/forums/threads/3740067/\">thread on Smogon.</a></div>\n|badge|p2|gold|gen9randombattle|3-2\n|uhtml|medal-msg|<div class=\"broadcast-blue\">Curious what those medals under the avatar are? PS now has Ladder Seasons! For more information, check out the <a href=\"https://www.smogon.com/forums/threads/3740067/\">thread on Smogon.</a></div>\n|j|\u2606JustOut459\n|j|\u2606MichaelderBeste2\n|t:|1720260244\n|gametype|singles\n|player|p1|JustOut459|#rbtt7teamogerponf|2419\n|player|p2|MichaelderBeste2|#rbtt7teamdarkrai|2579\n|teamsize|p1|6\n|teamsize|p2|6\n|gen|9\n|tier|[Gen 9] Random Battle\n|rated|\n|rule|Species Clause: Limit one of each Pok\u00e9mon\n|rule|HP Percentage Mod: HP is shown in percentages\n|rule|Sleep Clause Mod: Limit one foe put to sleep\n|rule|Illusion Level Mod: Illusion disguises the Pok\u00e9mon's true level\n|\n|t:|1720260244\n|start\n|switch|p1a: Typhlosion|Typhlosion-Hisui, L83, M|257/257\n|switch|p2a: Rabsca|Rabsca, L91, M|284/284\n|turn|1\n|inactive|Battle timer is ON: inactive players will automatically lose when time's up. (requested by JustOut459)\n|j| Accadere \u2601@!\n|j| Referrals\n|\n|t:|1720260297\n|switch|p2a: Dondozo|Dondozo, L78, M|362/362\n|move|p1a: Typhlosion|Shadow Ball|p2a: Dondozo\n|-damage|p2a: Dondozo|223/362\n|\n|-heal|p2a: Dondozo|245/362|[from] item: Leftovers\n|upkeep\n|turn|2\n|inactive|JustOut459 has 120 seconds left.\n|\n|t:|1720260328\n|switch|p1a: Kyogre|Kyogre, L71|259/259\n|-weather|RainDance|[from] ability: Drizzle|[of] p1a: Kyogre\n|switch|p2a: Brute Bonnet|Brute Bonnet, L81|312/312\n|\n|-weather|RainDance|[upkeep]\n|upkeep\n|turn|3\n|j| OfManITaste\n|inactive|JustOut459 has 120 seconds left.\n|j| Rattlechains\n|\n|t:|1720260355\n|move|p1a: Kyogre|Ice Beam|p2a: Brute Bonnet\n|-supereffective|p2a: Brute Bonnet\n|-damage|p2a: Brute Bonnet|194/312\n|move|p2a: Brute Bonnet|Spore|p1a: Kyogre\n|-status|p1a: Kyogre|slp|[from] move: Spore\n|\n|-weather|RainDance|[upkeep]\n|-heal|p2a: Brute Bonnet|213/312|[from] item: Leftovers\n|upkeep\n|turn|4\n|c| Referrals|big chip\n|inactive|JustOut459 has 90 seconds left.\n|\n|t:|1720260382\n|switch|p1a: Garganacl|Garganacl, L80, F|291/291\n|move|p2a: Brute Bonnet|Crunch|p1a: Garganacl\n|-damage|p1a: Garganacl|213/291\n|-unboost|p1a: Garganacl|def|1\n|\n|-weather|RainDance|[upkeep]\n|-heal|p2a: Brute Bonnet|232/312|[from] item: Leftovers\n|-heal|p1a: Garganacl|231/291|[from] item: Leftovers\n|upkeep\n|turn|5\n|inactive|JustOut459 has 90 seconds left.\n|\n|t:|1720260397\n|switch|p1a: Typhlosion|Typhlosion-Hisui, L83, M|257/257\n|move|p2a: Brute Bonnet|Seed Bomb|p1a: Typhlosion\n|-resisted|p1a: Typhlosion\n|-damage|p1a: Typhlosion|200/257\n|\n|-weather|RainDance|[upkeep]\n|-heal|p2a: Brute Bonnet|251/312|[from] item: Leftovers\n|upkeep\n|turn|6\n|\n|t:|1720260401\n|move|p1a: Typhlosion|Will-O-Wisp|p2a: Brute Bonnet\n|-status|p2a: Brute Bonnet|brn\n|move|p2a: Brute Bonnet|Crunch|p1a: Typhlosion\n|-supereffective|p1a: Typhlosion\n|-damage|p1a: Typhlosion|95/257\n|-unboost|p1a: Typhlosion|def|1\n|\n|-weather|none\n|-heal|p2a: Brute Bonnet|270/312 brn|[from] item: Leftovers\n|-damage|p2a: Brute Bonnet|251/312 brn|[from] brn\n|upkeep\n|turn|7\n|\n|t:|1720260412\n|switch|p1a: Garganacl|Garganacl, L80, F|231/291\n|move|p2a: Brute Bonnet|Sucker Punch||[still]\n|-fail|p2a: Brute Bonnet\n|\n|-heal|p2a: Brute Bonnet|270/312 brn|[from] item: Leftovers\n|-heal|p1a: Garganacl|249/291|[from] item: Leftovers\n|-damage|p2a: Brute Bonnet|251/312 brn|[from] brn\n|upkeep\n|turn|8\n|\n|t:|1720260417\n|move|p2a: Brute Bonnet|Seed Bomb|p1a: Garganacl\n|-supereffective|p1a: Garganacl\n|-damage|p1a: Garganacl|170/291\n|move|p1a: Garganacl|Stealth Rock|p2a: Brute Bonnet\n|-sidestart|p2: MichaelderBeste2|move: Stealth Rock\n|\n|-heal|p2a: Brute Bonnet|270/312 brn|[from] item: Leftovers\n|-heal|p1a: Garganacl|188/291|[from] item: Leftovers\n|-damage|p2a: Brute Bonnet|251/312 brn|[from] brn\n|upkeep\n|turn|9\n|\n|t:|1720260422\n|-end|p2a: Brute Bonnet|Protosynthesis|[silent]\n|switch|p2a: Copperajah|Copperajah, L86, M|350/350\n|-damage|p2a: Copperajah|329/350|[from] Stealth Rock\n|move|p1a: Garganacl|Recover|p1a: Garganacl\n|-heal|p1a: Garganacl|291/291\n|\n|upkeep\n|turn|10\n|j| ryonabot\n|inactive|JustOut459 has 120 seconds left.\n|\n|t:|1720260438\n|move|p1a: Garganacl|Protect|p1a: Garganacl\n|-singleturn|p1a: Garganacl|Protect\n|move|p2a: Copperajah|Iron Head|p1a: Garganacl\n|-activate|p1a: Garganacl|move: Protect\n|\n|upkeep\n|turn|11\n|inactive|JustOut459 has 120 seconds left.\n|j| ghostilex\n|inactive|JustOut459 has 90 seconds left.\n|inactive|JustOut459 has 60 seconds left.\n|\n|t:|1720260509\n|switch|p1a: Typhlosion|Typhlosion-Hisui, L83, M|95/257\n|move|p2a: Copperajah|Stealth Rock|p1a: Typhlosion\n|-sidestart|p1: JustOut459|move: Stealth Rock\n|\n|upkeep\n|turn|12\n|inactive|JustOut459 has 60 seconds left.\n|\n|t:|1720260524\n|switch|p2a: Brute Bonnet|Brute Bonnet, L81|251/312 brn\n|-damage|p2a: Brute Bonnet|212/312 brn|[from] Stealth Rock\n|move|p1a: Typhlosion|Fire Blast|p2a: Brute Bonnet\n|-supereffective|p2a: Brute Bonnet\n|-damage|p2a: Brute Bonnet|0 fnt\n|faint|p2a: Brute Bonnet\n|-end|p2a: Brute Bonnet|Protosynthesis|[silent]\n|\n|upkeep\n|\n|t:|1720260526\n|switch|p2a: Zebstrika|Zebstrika, L88, F|275/275\n|-damage|p2a: Zebstrika|241/275|[from] Stealth Rock\n|turn|13\n|inactive|JustOut459 has 60 seconds left.\n|\n|t:|1720260547\n|move|p2a: Zebstrika|High Horsepower|p1a: Typhlosion\n|-supereffective|p1a: Typhlosion\n|-damage|p1a: Typhlosion|0 fnt\n|faint|p1a: Typhlosion\n|-damage|p2a: Zebstrika|214/275|[from] item: Life Orb\n|\n|upkeep\n|\n|t:|1720260562\n|switch|p1a: Garganacl|Garganacl, L80, F|291/291\n|-damage|p1a: Garganacl|255/291|[from] Stealth Rock\n|turn|14\n|\n|t:|1720260569\n|move|p2a: Zebstrika|High Horsepower|p1a: Garganacl\n|-supereffective|p1a: Garganacl\n|-damage|p1a: Garganacl|112/291\n|-damage|p2a: Zebstrika|187/275|[from] item: Life Orb\n|move|p1a: Garganacl|Salt Cure|p2a: Zebstrika\n|-damage|p2a: Zebstrika|136/275\n|-start|p2a: Zebstrika|Salt Cure\n|\n|-heal|p1a: Garganacl|130/291|[from] item: Leftovers\n|-damage|p2a: Zebstrika|102/275|[from] Salt Cure\n|upkeep\n|turn|15\n|\n|t:|1720260574\n|switch|p2a: Copperajah|Copperajah, L86, M|329/350\n|-damage|p2a: Copperajah|308/350|[from] Stealth Rock\n|move|p1a: Garganacl|Recover|p1a: Garganacl\n|-heal|p1a: Garganacl|276/291\n|\n|-heal|p1a: Garganacl|291/291|[from] item: Leftovers\n|upkeep\n|turn|16\n|\n|t:|1720260585\n|-terastallize|p1a: Garganacl|Ghost\n|move|p1a: Garganacl|Salt Cure|p2a: Copperajah\n|-resisted|p2a: Copperajah\n|-damage|p2a: Copperajah|284/350\n|-start|p2a: Copperajah|Salt Cure\n|move|p2a: Copperajah|Iron Head|p1a: Garganacl\n|-damage|p1a: Garganacl|151/291\n|\n|-heal|p1a: Garganacl|169/291|[from] item: Leftovers\n|-damage|p2a: Copperajah|197/350|[from] Salt Cure\n|upkeep\n|turn|17\n|\n|t:|1720260597\n|switch|p2a: Rabsca|Rabsca, L91, M|284/284\n|move|p1a: Garganacl|Protect||[still]\n|-fail|p1a: Garganacl\n|\n|-heal|p1a: Garganacl|187/291|[from] item: Leftovers\n|upkeep\n|turn|18\n|inactive|JustOut459 has 60 seconds left.\n|\n|t:|1720260623\n|move|p1a: Garganacl|Salt Cure|p2a: Rabsca\n|-supereffective|p2a: Rabsca\n|-damage|p2a: Rabsca|206/284\n|-start|p2a: Rabsca|Salt Cure\n|move|p2a: Rabsca|Psychic|p1a: Garganacl\n|-damage|p1a: Garganacl|45/291\n|\n|-heal|p1a: Garganacl|63/291|[from] item: Leftovers\n|-damage|p2a: Rabsca|171/284|[from] Salt Cure\n|upkeep\n|turn|19\n|\n|t:|1720260630\n|move|p1a: Garganacl|Recover|p1a: Garganacl\n|-heal|p1a: Garganacl|209/291\n|move|p2a: Rabsca|Psychic|p1a: Garganacl\n|-damage|p1a: Garganacl|89/291\n|\n|-heal|p1a: Garganacl|107/291|[from] item: Leftovers\n|-damage|p2a: Rabsca|136/284|[from] Salt Cure\n|upkeep\n|turn|20\n|inactive|JustOut459 has 60 seconds left.\n|\n|t:|1720260639\n|move|p1a: Garganacl|Recover|p1a: Garganacl\n|-heal|p1a: Garganacl|253/291\n|move|p2a: Rabsca|Revival Blessing|p2a: Rabsca\n|\n|t:|1720260641\n|-heal|p2: Brute Bonnet|156/312|[from] move: Revival Blessing\n|\n|-heal|p1a: Garganacl|271/291|[from] item: Leftovers\n|-damage|p2a: Rabsca|101/284|[from] Salt Cure\n|upkeep\n|turn|21\n|inactive|JustOut459 has 60 seconds left.\n|\n|t:|1720260673\n|move|p1a: Garganacl|Salt Cure|p2a: Rabsca\n|-supereffective|p2a: Rabsca\n|-damage|p2a: Rabsca|23/284\n|move|p2a: Rabsca|Psychic|p1a: Garganacl\n|-damage|p1a: Garganacl|136/291\n|-unboost|p1a: Garganacl|spd|1\n|\n|-heal|p1a: Garganacl|154/291|[from] item: Leftovers\n|-damage|p2a: Rabsca|0 fnt|[from] Salt Cure\n|faint|p2a: Rabsca\n|upkeep\n|\n|t:|1720260683\n|switch|p2a: Brute Bonnet|Brute Bonnet, L81|156/312\n|-damage|p2a: Brute Bonnet|117/312|[from] Stealth Rock\n|turn|22\n|\n|t:|1720260694\n|move|p1a: Garganacl|Protect|p1a: Garganacl\n|-singleturn|p1a: Garganacl|Protect\n|move|p2a: Brute Bonnet|Crunch|p1a: Garganacl\n|-activate|p1a: Garganacl|move: Protect\n|\n|-heal|p2a: Brute Bonnet|136/312|[from] item: Leftovers\n|-heal|p1a: Garganacl|172/291|[from] item: Leftovers\n|upkeep\n|turn|23\n|\n|t:|1720260701\n|switch|p1a: Iron Bundle|Iron Bundle, L77|213/213\n|move|p2a: Brute Bonnet|Crunch|p1a: Iron Bundle\n|-damage|p1a: Iron Bundle|119/213\n|-unboost|p1a: Iron Bundle|def|1\n|\n|-heal|p2a: Brute Bonnet|155/312|[from] item: Leftovers\n|upkeep\n|turn|24\n|inactive|JustOut459 has 60 seconds left.\n|\n|t:|1720260727\n|-terastallize|p2a: Brute Bonnet|Poison\n|move|p1a: Iron Bundle|Ice Beam|p2a: Brute Bonnet\n|-damage|p2a: Brute Bonnet|65/312\n|move|p2a: Brute Bonnet|Crunch|p1a: Iron Bundle\n|-crit|p1a: Iron Bundle\n|-damage|p1a: Iron Bundle|0 fnt\n|faint|p1a: Iron Bundle\n|-end|p1a: Iron Bundle|Quark Drive|[silent]\n|\n|-heal|p2a: Brute Bonnet|84/312|[from] item: Leftovers\n|upkeep\n|inactive|JustOut459 has 30 seconds left.\n|j| Petros\n|inactive|JustOut459 has 20 seconds left.\n|inactive|JustOut459 has 15 seconds left.\n|inactive|JustOut459 has 10 seconds left.\n|\n|t:|1720260768\n|switch|p1a: Oranguru|Oranguru, L92, M|315/315\n|-damage|p1a: Oranguru|276/315|[from] Stealth Rock\n|turn|25\n|inactive|JustOut459 has 20 seconds left this turn.\n|inactive|JustOut459 has 15 seconds left.\n|\n|t:|1720260776\n|-end|p2a: Brute Bonnet|Protosynthesis|[silent]\n|switch|p2a: Copperajah|Copperajah, L86, M|197/350\n|-damage|p2a: Copperajah|176/350|[from] Stealth Rock\n|move|p1a: Oranguru|Hyper Voice|p2a: Copperajah\n|-resisted|p2a: Copperajah\n|-damage|p2a: Copperajah|99/350\n|-damage|p1a: Oranguru|245/315|[from] item: Life Orb\n|\n|upkeep\n|turn|26\n|inactive|JustOut459 has 25 seconds left this turn.\n|inactive|JustOut459 has 20 seconds left.\n|\n|t:|1720260785\n|move|p1a: Oranguru|Thunderbolt|p2a: Copperajah\n|-damage|p2a: Copperajah|0 fnt\n|faint|p2a: Copperajah\n|-damage|p1a: Oranguru|214/315|[from] item: Life Orb\n|\n|upkeep\n|inactive|JustOut459 has 25 seconds left this turn.\n|\n|t:|1720260787\n|switch|p2a: Dialga|Dialga-Origin, L73|266/266\n|-damage|p2a: Dialga|250/266|[from] Stealth Rock\n|-ability|p2a: Dialga|Pressure\n|turn|27\n|inactive|JustOut459 has 30 seconds left.\n|inactive|JustOut459 has 20 seconds left.\n|\n|t:|1720260805\n|move|p2a: Dialga|Flash Cannon|p1a: Oranguru\n|-damage|p1a: Oranguru|130/315\n|move|p1a: Oranguru|Focus Blast|p2a: Dialga\n|-supereffective|p2a: Dialga\n|-crit|p2a: Dialga\n|-damage|p2a: Dialga|0 fnt\n|faint|p2a: Dialga\n|-damage|p1a: Oranguru|99/315|[from] item: Life Orb\n|\n|upkeep\n|inactive|JustOut459 has 25 seconds left this turn.\n|\n|t:|1720260823\n|switch|p2a: Brute Bonnet|Brute Bonnet, L81, tera:Poison|84/312\n|-damage|p2a: Brute Bonnet|45/312|[from] Stealth Rock\n|turn|28\n|inactive|JustOut459 has 30 seconds left.\n|inactive|JustOut459 has 20 seconds left.\n|inactive|JustOut459 has 15 seconds left.\n|j| Rachel Poulin\n|inactive|JustOut459 has 10 seconds left.\n|\n|t:|1720260850\n|move|p2a: Brute Bonnet|Sucker Punch|p1a: Oranguru\n|-supereffective|p1a: Oranguru\n|-damage|p1a: Oranguru|0 fnt\n|faint|p1a: Oranguru\n|\n|-heal|p2a: Brute Bonnet|64/312|[from] item: Leftovers\n|upkeep\n|inactive|JustOut459 has 15 seconds left this turn.\n|inactive|JustOut459 has 10 seconds left.\n|inactive|JustOut459 has 5 seconds left.\n|\n|t:|1720260862\n|switch|p1a: Garganacl|Garganacl, L80, F, tera:Ghost|172/291\n|-damage|p1a: Garganacl|136/291|[from] Stealth Rock\n|turn|29\n|inactive|JustOut459 has 15 seconds left this turn.\n|\n|t:|1720260864\n|move|p1a: Garganacl|Protect|p1a: Garganacl\n|-singleturn|p1a: Garganacl|Protect\n|move|p2a: Brute Bonnet|Crunch|p1a: Garganacl\n|-activate|p1a: Garganacl|move: Protect\n|\n|-heal|p2a: Brute Bonnet|83/312|[from] item: Leftovers\n|-heal|p1a: Garganacl|154/291|[from] item: Leftovers\n|upkeep\n|turn|30\n|inactive|JustOut459 has 25 seconds left this turn.\n|inactive|JustOut459 has 20 seconds left.\n|\n|t:|1720260874\n|move|p2a: Brute Bonnet|Crunch|p1a: Garganacl\n|-supereffective|p1a: Garganacl\n|-damage|p1a: Garganacl|14/291\n|move|p1a: Garganacl|Recover|p1a: Garganacl\n|-heal|p1a: Garganacl|160/291\n|\n|-heal|p2a: Brute Bonnet|102/312|[from] item: Leftovers\n|-heal|p1a: Garganacl|178/291|[from] item: Leftovers\n|upkeep\n|turn|31\n|inactive|JustOut459 has 30 seconds left this turn.\n|\n|t:|1720260879\n|move|p1a: Garganacl|Protect|p1a: Garganacl\n|-singleturn|p1a: Garganacl|Protect\n|move|p2a: Brute Bonnet|Crunch|p1a: Garganacl\n|-activate|p1a: Garganacl|move: Protect\n|\n|-heal|p2a: Brute Bonnet|121/312|[from] item: Leftovers\n|-heal|p1a: Garganacl|196/291|[from] item: Leftovers\n|upkeep\n|turn|32\n|\n|t:|1720260883\n|move|p2a: Brute Bonnet|Crunch|p1a: Garganacl\n|-supereffective|p1a: Garganacl\n|-damage|p1a: Garganacl|50/291\n|-unboost|p1a: Garganacl|def|1\n|move|p1a: Garganacl|Salt Cure|p2a: Brute Bonnet\n|-damage|p2a: Brute Bonnet|79/312\n|-start|p2a: Brute Bonnet|Salt Cure\n|\n|-heal|p2a: Brute Bonnet|98/312|[from] item: Leftovers\n|-heal|p1a: Garganacl|68/291|[from] item: Leftovers\n|-damage|p2a: Brute Bonnet|59/312|[from] Salt Cure\n|upkeep\n|turn|33\n|inactive|JustOut459 has 30 seconds left.\n|\n|t:|1720260906\n|-end|p2a: Brute Bonnet|Protosynthesis|[silent]\n|switch|p2a: Zebstrika|Zebstrika, L88, F|102/275\n|-damage|p2a: Zebstrika|68/275|[from] Stealth Rock\n|move|p1a: Garganacl|Recover|p1a: Garganacl\n|-heal|p1a: Garganacl|214/291\n|\n|-heal|p1a: Garganacl|232/291|[from] item: Leftovers\n|upkeep\n|turn|34\n|\n|t:|1720260916\n|move|p1a: Garganacl|Protect|p1a: Garganacl\n|-singleturn|p1a: Garganacl|Protect\n|move|p2a: Zebstrika|High Horsepower|p1a: Garganacl\n|-activate|p1a: Garganacl|move: Protect\n|\n|-heal|p1a: Garganacl|250/291|[from] item: Leftovers\n|upkeep\n|turn|35\n|inactive|JustOut459 has 30 seconds left.\n|inactive|JustOut459 has 20 seconds left.\n|inactive|JustOut459 has 15 seconds left.\n|inactive|JustOut459 has 10 seconds left.\n|\n|t:|1720260955\n|switch|p1a: Kyogre|Kyogre, L71|259/259 slp\n|-damage|p1a: Kyogre|227/259 slp|[from] Stealth Rock\n|-weather|RainDance|[from] ability: Drizzle|[of] p1a: Kyogre\n|move|p2a: Zebstrika|Supercell Slam|p1a: Kyogre\n|-supereffective|p1a: Kyogre\n|-damage|p1a: Kyogre|0 fnt\n|faint|p1a: Kyogre\n|-damage|p2a: Zebstrika|41/275|[from] item: Life Orb\n|\n|-weather|RainDance|[upkeep]\n|upkeep\n|inactive|JustOut459 has 15 seconds left this turn.\n|\n|t:|1720260959\n|switch|p1a: Garganacl|Garganacl, L80, F, tera:Ghost|250/291\n|-damage|p1a: Garganacl|214/291|[from] Stealth Rock\n|turn|36\n|inactive|JustOut459 has 25 seconds left this turn.\n|inactive|JustOut459 has 20 seconds left.\n|\n|t:|1720260971\n|move|p2a: Zebstrika|Supercell Slam|p1a: Garganacl\n|-damage|p1a: Garganacl|96/291\n|-damage|p2a: Zebstrika|14/275|[from] item: Life Orb\n|move|p1a: Garganacl|Recover|p1a: Garganacl\n|-heal|p1a: Garganacl|242/291\n|\n|-weather|RainDance|[upkeep]\n|-heal|p1a: Garganacl|260/291|[from] item: Leftovers\n|upkeep\n|turn|37\n|inactive|JustOut459 has 30 seconds left this turn.\n|\n|t:|1720260988\n|move|p1a: Garganacl|Protect|p1a: Garganacl\n|-singleturn|p1a: Garganacl|Protect\n|move|p2a: Zebstrika|Volt Switch|p1a: Garganacl\n|-activate|p1a: Garganacl|move: Protect\n|\n|-weather|RainDance|[upkeep]\n|-heal|p1a: Garganacl|278/291|[from] item: Leftovers\n|upkeep\n|turn|38\n|inactive|JustOut459 has 30 seconds left.\n|inactive|JustOut459 has 20 seconds left.\n|\n|t:|1720261008\n|move|p2a: Zebstrika|Supercell Slam|p1a: Garganacl\n|-damage|p1a: Garganacl|165/291\n|-damage|p2a: Zebstrika|0 fnt|[from] item: Life Orb\n|faint|p2a: Zebstrika\n|move|p1a: Garganacl|Recover|p1a: Garganacl\n|-heal|p1a: Garganacl|291/291\n|\n|-weather|RainDance|[upkeep]\n|upkeep\n|inactive|JustOut459 has 25 seconds left this turn.\n|\n|t:|1720261019\n|switch|p2a: Dondozo|Dondozo, L78, M|245/362\n|-damage|p2a: Dondozo|200/362|[from] Stealth Rock\n|turn|39\n|inactive|JustOut459 has 30 seconds left.\n|inactive|JustOut459 has 20 seconds left.\n|inactive|JustOut459 has 15 seconds left.\n|inactive|JustOut459 has 10 seconds left.\n|\n|t:|1720261046\n|move|p1a: Garganacl|Salt Cure|p2a: Dondozo\n|-damage|p2a: Dondozo|164/362\n|-start|p2a: Dondozo|Salt Cure\n|move|p2a: Dondozo|Wave Crash|p1a: Garganacl\n|-damage|p1a: Garganacl|156/291\n|-damage|p2a: Dondozo|119/362|[from] Recoil\n|\n|-weather|none\n|-heal|p1a: Garganacl|174/291|[from] item: Leftovers\n|-heal|p2a: Dondozo|141/362|[from] item: Leftovers\n|-damage|p2a: Dondozo|51/362|[from] Salt Cure\n|upkeep\n|turn|40\n|inactive|JustOut459 has 20 seconds left this turn.\n|inactive|JustOut459 has 15 seconds left.\n|\n|t:|1720261052\n|move|p1a: Garganacl|Protect|p1a: Garganacl\n|-singleturn|p1a: Garganacl|Protect\n|move|p2a: Dondozo|Rest|p2a: Dondozo\n|-status|p2a: Dondozo|slp|[from] move: Rest\n|-heal|p2a: Dondozo|362/362 slp|[silent]\n|\n|-heal|p1a: Garganacl|192/291|[from] item: Leftovers\n|-damage|p2a: Dondozo|272/362 slp|[from] Salt Cure\n|upkeep\n|turn|41\n|inactive|JustOut459 has 25 seconds left this turn.\n|inactive|JustOut459 has 20 seconds left.\n|inactive|JustOut459 has 15 seconds left.\n|\n|t:|1720261063\n|switch|p1a: Garganacl|Garganacl, L80, F|219/219\n|-damage|p1a: Garganacl|192/219|[from] Stealth Rock\n|cant|p2a: Dondozo|slp\n|move|p2a: Dondozo|Sleep Talk|p2a: Dondozo\n|move|p2a: Dondozo|Rest||[from]move: Sleep Talk|[still]\n|-fail|p2a: Dondozo\n|\n|-heal|p2a: Dondozo|294/362 slp|[from] item: Leftovers\n|-damage|p2a: Dondozo|204/362 slp|[from] Salt Cure\n|upkeep\n|-start|p1a: Garganacl|typechange|Ghost|[silent]\n|turn|42\n|inactive|JustOut459 has 25 seconds left this turn.\n|inactive|JustOut459 has 20 seconds left.\n|inactive|JustOut459 has 15 seconds left.\n|\n|t:|1720261073\n|move|p1a: Garganacl|Hyper Voice|p2a: Dondozo\n|-damage|p2a: Dondozo|4/362 slp\n|-damage|p1a: Garganacl|171/219|[from] item: Life Orb\n|cant|p2a: Dondozo|slp\n|move|p2a: Dondozo|Sleep Talk|p2a: Dondozo\n|move|p2a: Dondozo|Wave Crash|p1a: Garganacl|[from]move: Sleep Talk\n|-damage|p1a: Garganacl|0 fnt\n|replace|p1a: Zoroark|Zoroark-Hisui, L80, F\n|-end|p1a: Zoroark|Illusion\n|-hint|Illusion Level Mod is active, so this Pok\u00e9mon's true level was hidden.\n|faint|p1a: Zoroark\n|-damage|p2a: Dondozo|0 fnt|[from] Recoil\n|faint|p2a: Dondozo\n|\n|upkeep\n|inactive|JustOut459 has 25 seconds left this turn.\n|\n|t:|1720261077\n|switch|p1a: Garganacl|Garganacl, L80, F, tera:Ghost|192/291\n|switch|p2a: Brute Bonnet|Brute Bonnet, L81, tera:Poison|59/312\n|-damage|p2a: Brute Bonnet|20/312|[from] Stealth Rock\n|-damage|p1a: Garganacl|156/291|[from] Stealth Rock\n|turn|43\n|inactive|JustOut459 has 30 seconds left.\n|\n|t:|1720261083\n|move|p1a: Garganacl|Protect|p1a: Garganacl\n|-singleturn|p1a: Garganacl|Protect\n|move|p2a: Brute Bonnet|Crunch|p1a: Garganacl\n|-activate|p1a: Garganacl|move: Protect\n|\n|-heal|p2a: Brute Bonnet|39/312|[from] item: Leftovers\n|-heal|p1a: Garganacl|174/291|[from] item: Leftovers\n|upkeep\n|turn|44\n|\n|t:|1720261085\n|move|p2a: Brute Bonnet|Crunch|p1a: Garganacl\n|-supereffective|p1a: Garganacl\n|-damage|p1a: Garganacl|18/291\n|-unboost|p1a: Garganacl|def|1\n|move|p1a: Garganacl|Salt Cure|p2a: Brute Bonnet\n|-damage|p2a: Brute Bonnet|0 fnt\n|faint|p2a: Brute Bonnet\n|-end|p2a: Brute Bonnet|Protosynthesis|[silent]\n|\n|win|JustOut459\n|raw|JustOut459's rating: 2419 &rarr; <strong>2448</strong><br />(+29 for winning)\n|raw|MichaelderBeste2's rating: 2579 &rarr; <strong>2550</strong><br />(-29 for losing)\n|c|\u2606MichaelderBeste2|gg\n|c|\u2606JustOut459|gg\n|c| Referrals|Just**Win**459\n|l| OfManITaste\n|l| Referrals\n|l| Accadere \u2601\n|l| ghostilex\n|c| Petros|salt cure's fair and balanced\n|l| Rattlechains\n|c|\u2606JustOut459|Mmm\n|c| Rachel Poulin|nice match\n|c|\u2606JustOut459|Idk if I played that correctly\n|l| Rachel Poulin\n|c|\u2606JustOut459|But Garg OP so it doesn't matter\n", "inputlog": ">version dad092f06c7b3b6af0e405b2a56d8bbd7830daed\n>start {\"formatid\":\"gen9randombattle\",\"seed\":[29486,8000,29640,6334],\"rated\":\"Rated battle\"}\n>player p1 {\"name\":\"JustOut459\",\"avatar\":\"#rbtt7teamogerponf\",\"rating\":2419,\"seed\":[25710,941,46766,53649]}\n>player p2 {\"name\":\"MichaelderBeste2\",\"avatar\":\"#rbtt7teamdarkrai\",\"rating\":2579,\"seed\":[25248,8570,64184,15677]}\n>p1 move shadowball\n>p2 switch 5\n>p1 switch 2\n>p2 switch 3\n>p1 move icebeam\n>p2 move spore\n>chat  Referrals|big chip\n>p1 switch 6\n>p2 move crunch\n>p1 switch 2\n>p2 move seedbomb\n>p1 move willowisp\n>p2 move crunch\n>p1 switch 2\n>p2 move suckerpunch\n>p1 move stealthrock\n>p2 move seedbomb\n>p1 move recover\n>p2 switch 4\n>p1 move protect\n>p2 move ironhead\n>p1 switch 2\n>p2 move stealthrock\n>p1 move fireblast\n>p2 switch 4\n>p2 switch 6\n>p1 move willowisp\n>p2 move highhorsepower\n>p1 switch 2\n>p1 move saltcure\n>p2 move highhorsepower\n>p1 move recover\n>p2 switch 4\n>p1 move saltcure terastallize\n>p2 move ironhead\n>p1 move protect\n>p2 switch 5\n>p1 move saltcure\n>p2 move psychic\n>p1 move recover\n>p2 move psychic\n>p1 move recover\n>p2 move revivalblessing\n>p2 switch 6\n>p1 move saltcure\n>p2 move psychic\n>p2 switch 6\n>p1 move protect\n>p2 move crunch\n>p1 switch 4\n>p2 move crunch\n>p1 move icebeam\n>p2 move crunch terastallize\n>p1 switch 5\n>p1 move hypervoice\n>p2 switch 5\n>p1 move thunderbolt\n>p2 move ironhead\n>p2 switch 2\n>p1 move focusblast\n>p2 move flashcannon\n>p2 switch 5\n>p1 move hypervoice\n>p2 move suckerpunch\n>p1 switch 4\n>p1 move protect\n>p2 move crunch\n>p1 move recover\n>p2 move crunch\n>p1 move protect\n>p2 move crunch\n>p1 move saltcure\n>p2 move crunch\n>p1 move recover\n>p2 switch 4\n>p1 move protect\n>p2 move highhorsepower\n>p1 switch 6\n>p2 move supercellslam\n>p1 switch 6\n>p1 move recover\n>p2 move supercellslam\n>p1 move protect\n>p2 move voltswitch\n>p1 move recover\n>p2 move supercellslam\n>p2 switch 3\n>p1 move saltcure\n>p2 move wavecrash\n>p1 move protect\n>p2 move rest\n>p1 switch 3\n>p2 move sleeptalk\n>p1 move hypervoice\n>p2 move sleeptalk\n>p1 switch 3\n>p2 switch 4\n>p1 move protect\n>p2 move crunch\n>p1 move saltcure\n>p2 move crunch", "uploadtime": 1720261147, "views": 237, "formatid": "gen9randombattle", "rating": 2448, "private": 0, "password": null}