{"id": "gen9randombattle-2260857626", "format": "[Gen 9] Random Battle", "players": ["Gntgfrfrgrfd", "zengyu0423"], "log": "|j|\u2606Gntgfrfrgrfd\n|j|\u2606zengyu0423\n|t:|1733905439\n|gametype|singles\n|player|p1|Gntgfrfrgrfd|2|1070\n|player|p2|zengyu0423|169|1088\n|teamsize|p1|6\n|teamsize|p2|6\n|gen|9\n|tier|[Gen 9] Random Battle\n|rated|\n|rule|Species Clause: Limit one of each Pok\u00e9mon\n|rule|HP Percentage Mod: HP is shown in percentages\n|rule|Sleep Clause Mod: Limit one foe put to sleep\n|rule|Illusion Level Mod: Illusion disguises the Pok\u00e9mon's true level\n|\n|t:|1733905439\n|start\n|switch|p1a: Volcanion|Volcanion, L79|256/256\n|switch|p2a: Iron Leaves|Iron Leaves, L80|275/275\n|turn|1\n|\n|t:|1733905509\n|-end|p2a: Iron Leaves|Quark Drive|[silent]\n|switch|p2a: Primarina|Primarina, L83, F|268/268\n|move|p1a: Volcanion|Flamethrower|p2a: Primarina\n|-resisted|p2a: Primarina\n|-damage|p2a: Primarina|226/268\n|\n|-heal|p2a: Primarina|242/268|[from] item: Leftovers\n|upkeep\n|turn|2\n|\n|t:|1733905522\n|switch|p1a: Slowking|Slowking, L88, F|310/310\n|move|p2a: Primarina|Psychic|p1a: Slowking\n|-resisted|p1a: Slowking\n|-damage|p1a: Slowking|282/310\n|\n|-heal|p2a: Primarina|258/268|[from] item: Leftovers\n|upkeep\n|turn|3\n|\n|t:|1733905553\n|switch|p2a: Iron Leaves|Iron Leaves, L80|275/275\n|move|p1a: Slowking|Future Sight|p2a: Iron Leaves\n|-start|p1a: Slowking|move: Future Sight\n|\n|upkeep\n|turn|4\n|\n|t:|1733905564\n|move|p2a: Iron Leaves|Leaf Blade|p1a: Slowking\n|-supereffective|p1a: Slowking\n|-damage|p1a: Slowking|0 fnt\n|faint|p1a: Slowking\n|-damage|p2a: Iron Leaves|248/275|[from] item: Life Orb\n|\n|upkeep\n|\n|t:|1733905571\n|switch|p1a: Lilligant|Lilligant, L86, F|261/261\n|turn|5\n|\n|t:|1733905589\n|move|p2a: Iron Leaves|Close Combat|p1a: Lilligant\n|-damage|p1a: Lilligant|123/261\n|-unboost|p2a: Iron Leaves|def|1\n|-unboost|p2a: Iron Leaves|spd|1\n|-damage|p2a: Iron Leaves|221/275|[from] item: Life Orb\n|move|p1a: Lilligant|Quiver Dance|p1a: Lilligant\n|-boost|p1a: Lilligant|spa|1\n|-boost|p1a: Lilligant|spd|1\n|-boost|p1a: Lilligant|spe|1\n|\n|-end|p2a: Iron Leaves|move: Future Sight\n|-resisted|p2a: Iron Leaves\n|-damage|p2a: Iron Leaves|117/275\n|upkeep\n|turn|6\n|\n|t:|1733905604\n|-terastallize|p2a: Iron Leaves|Fighting\n|move|p1a: Lilligant|Tera Blast|p2a: Iron Leaves\n|-damage|p2a: Iron Leaves|0 fnt\n|faint|p2a: Iron Leaves\n|-end|p2a: Iron Leaves|Quark Drive|[silent]\n|-damage|p1a: Lilligant|97/261|[from] item: Life Orb\n|\n|upkeep\n|\n|t:|1733905631\n|switch|p2a: Morpeko|Morpeko, L88, F|245/245\n|turn|7\n|\n|t:|1733905640\n|move|p1a: Lilligant|Giga Drain|p2a: Morpeko\n|-damage|p2a: Morpeko|0 fnt\n|-heal|p1a: Lilligant|220/261|[from] drain|[of] p2a: Morpeko\n|faint|p2a: Morpeko\n|-damage|p1a: Lilligant|194/261|[from] item: Life Orb\n|\n|upkeep\n|\n|t:|1733905649\n|switch|p2a: Frosmoth|Frosmoth, L82, M|249/249\n|turn|8\n|\n|t:|1733905656\n|-terastallize|p1a: Lilligant|Rock\n|move|p1a: Lilligant|Tera Blast|p2a: Frosmoth|[anim] Tera Blast Rock\n|-supereffective|p2a: Frosmoth\n|-damage|p2a: Frosmoth|0 fnt\n|faint|p2a: Frosmoth\n|-damage|p1a: Lilligant|168/261|[from] item: Life Orb\n|\n|upkeep\n|-message|zengyu0423 forfeited.\n|\n|win|Gntgfrfrgrfd\n|raw|Gntgfrfrgrfd's rating: 1094 &rarr; <strong>1119</strong><br />(+25 for winning)\n|raw|zengyu0423's rating: 1088 &rarr; <strong>1065</strong><br />(-23 for losing)\n|l|\u2606zengyu0423\n|player|p2|\n", "inputlog": ">version bfd83cad13791eb5a5a409923076391caf6fb4d4\n>start {\"formatid\":\"gen9randombattle\",\"seed\":[12825,4198,44250,64666],\"rated\":\"Rated battle\"}\n>player p1 {\"name\":\"Gntgfrfrgrfd\",\"avatar\":\"2\",\"rating\":1070,\"seed\":[36206,61619,14439,18760]}\n>player p2 {\"name\":\"zengyu0423\",\"avatar\":\"169\",\"rating\":1088,\"seed\":[54309,8996,48722,38097]}\n>p1 move flamethrower\n>p2 switch 3\n>p1 switch 2\n>p2 move psychic\n>p1 move futuresight\n>p2 switch 3\n>p1 move chillyreception\n>p2 move leafblade\n>p1 switch 6\n>p1 move quiverdance\n>p2 move closecombat\n>p1 move terablast\n>p2 move closecombat terastallize\n>p2 switch 5\n>p1 move gigadrain\n>p2 move knockoff\n>p2 switch 6\n>p1 move terablast terastallize\n>p2 move icebeam\n>forcelose p2", "uploadtime": 1733905685, "views": 1, "formatid": "gen9randombattle", "rating": 1065, "private": 0, "password": null}