{"id": "gen9randombattle-2260910791", "format": "[Gen 9] Random Battle", "players": ["ohmega76", "eliasmo"], "log": "|j|\u2606ohmega76\n|j|\u2606eliasmo\n|t:|1733915308\n|gametype|singles\n|player|p1|ohmega76|169|1597\n|player|p2|eliasmo|parasollady|1580\n|teamsize|p1|6\n|teamsize|p2|6\n|gen|9\n|tier|[Gen 9] Random Battle\n|rated|\n|rule|Species Clause: Limit one of each Pok\u00e9mon\n|rule|HP Percentage Mod: HP is shown in percentages\n|rule|Sleep Clause Mod: Limit one foe put to sleep\n|rule|Illusion Level Mod: Illusion disguises the Pok\u00e9mon's true level\n|\n|t:|1733915308\n|start\n|switch|p1a: Flapple|Flapple, L88, M|266/266\n|switch|p2a: Amoonguss|Amoonguss, L82, M|321/321\n|turn|1\n|inactive|Battle timer is ON: inactive players will automatically lose when time's up. (requested by eliasmo)\n|\n|t:|1733915319\n|move|p1a: Flapple|Dragon Dance|p1a: Flapple\n|-boost|p1a: Flapple|atk|1\n|-boost|p1a: Flapple|spe|1\n|move|p2a: Amoonguss|Sludge Bomb|p1a: Flapple\n|-supereffective|p1a: Flapple\n|-damage|p1a: Flapple|42/266\n|\n|upkeep\n|turn|2\n|\n|t:|1733915328\n|switch|p2a: Klefki|Klefki, L84, F|233/233\n|move|p1a: Flapple|Outrage|p2a: Klefki\n|-immune|p2a: Klefki\n|\n|upkeep\n|turn|3\n|\n|t:|1733915350\n|switch|p1a: Mudsdale|Mudsdale, L84, M|305/305\n|move|p2a: Klefki|Dazzling Gleam|p1a: Mudsdale\n|-damage|p1a: Mudsdale|235/305\n|-ability|p1a: Mudsdale|Stamina|boost\n|-boost|p1a: Mudsdale|def|1\n|\n|-heal|p1a: Mudsdale|254/305|[from] item: Leftovers\n|upkeep\n|turn|4\n|\n|t:|1733915370\n|switch|p2a: Landorus|Landorus-Therian, L76, M|260/260\n|-ability|p2a: Landorus|Intimidate|boost\n|-unboost|p1a: Mudsdale|atk|1\n|move|p1a: Mudsdale|Roar|p2a: Landorus\n|drag|p2a: Klefki|Klefki, L84, F|233/233\n|\n|-heal|p1a: Mudsdale|273/305|[from] item: Leftovers\n|upkeep\n|turn|5\n|\n|t:|1733915379\n|switch|p2a: Landorus|Landorus-Therian, L76, M|260/260\n|-ability|p2a: Landorus|Intimidate|boost\n|-unboost|p1a: Mudsdale|atk|1\n|move|p1a: Mudsdale|Earthquake|p2a: Landorus\n|-immune|p2a: Landorus\n|\n|-heal|p1a: Mudsdale|292/305|[from] item: Leftovers\n|upkeep\n|turn|6\n|\n|t:|1733915387\n|switch|p1a: Rotom|Rotom, L88|231/231\n|move|p2a: Landorus|Taunt|p1a: Rotom\n|-start|p1a: Rotom|move: Taunt\n|\n|upkeep\n|turn|7\n|\n|t:|1733915402\n|switch|p2a: Amoonguss|Amoonguss, L82, M|321/321\n|move|p1a: Rotom|Shadow Ball|p2a: Amoonguss\n|-damage|p2a: Amoonguss|222/321\n|\n|upkeep\n|turn|8\n|\n|t:|1733915413\n|switch|p1a: Pincurchin|Pincurchin, F|258/258\n|-fieldstart|move: Electric Terrain|[from] ability: Electric Surge|[of] p1a: Pincurchin\n|move|p2a: Amoonguss|Spore|p1a: Pincurchin\n|-activate|p1a: Pincurchin|move: Electric Terrain\n|\n|upkeep\n|turn|9\n|\n|t:|1733915421\n|move|p2a: Amoonguss|Stomping Tantrum|p1a: Pincurchin\n|-supereffective|p1a: Pincurchin\n|-damage|p1a: Pincurchin|104/258\n|move|p1a: Pincurchin|Spikes|p2a: Amoonguss\n|-sidestart|p2: eliasmo|Spikes\n|\n|-heal|p1a: Pincurchin|120/258|[from] item: Leftovers\n|upkeep\n|turn|10\n|\n|t:|1733915430\n|switch|p1a: Rotom|Rotom, L88|231/231\n|move|p2a: Amoonguss|Stomping Tantrum|p1a: Rotom\n|-immune|p1a: Rotom|[from] ability: Levitate\n|\n|upkeep\n|turn|11\n|\n|t:|1733915437\n|switch|p2a: Landorus|Landorus-Therian, L76, M|260/260\n|-ability|p2a: Landorus|Intimidate|boost\n|-unboost|p1a: Rotom|atk|1\n|move|p1a: Rotom|Trick|p2a: Landorus\n|-activate|p1a: Rotom|move: Trick|[of] p2a: Landorus\n|-item|p2a: Landorus|Choice Scarf|[from] move: Trick\n|-item|p1a: Rotom|Leftovers|[from] move: Trick\n|\n|upkeep\n|turn|12\n|\n|t:|1733915449\n|switch|p1a: Mudsdale|Mudsdale, L84, M|292/305\n|move|p2a: Landorus|Stealth Rock|p1a: Mudsdale\n|-sidestart|p1: ohmega76|move: Stealth Rock\n|\n|-heal|p1a: Mudsdale|305/305|[from] item: Leftovers\n|-fieldend|move: Electric Terrain\n|upkeep\n|turn|13\n|\n|t:|1733915454\n|move|p2a: Landorus|Stealth Rock||[still]\n|-fail|p2a: Landorus\n|move|p1a: Mudsdale|Earthquake|p2a: Landorus\n|-immune|p2a: Landorus\n|\n|upkeep\n|turn|14\n|\n|t:|1733915463\n|move|p2a: Landorus|Stealth Rock||[still]\n|-fail|p2a: Landorus\n|move|p1a: Mudsdale|Earthquake|p2a: Landorus\n|-immune|p2a: Landorus\n|\n|upkeep\n|turn|15\n|\n|t:|1733915476\n|switch|p2a: Klefki|Klefki, L84, F|233/233\n|-damage|p2a: Klefki|204/233|[from] Spikes\n|move|p1a: Mudsdale|Stone Edge|p2a: Klefki\n|-resisted|p2a: Klefki\n|-damage|p2a: Klefki|166/233\n|\n|-heal|p2a: Klefki|180/233|[from] item: Leftovers\n|upkeep\n|turn|16\n|\n|t:|1733915481\n|switch|p2a: Landorus|Landorus-Therian, L76, M|260/260\n|-ability|p2a: Landorus|Intimidate|boost\n|-unboost|p1a: Mudsdale|atk|1\n|move|p1a: Mudsdale|Stone Edge|p2a: Landorus\n|-damage|p2a: Landorus|192/260\n|\n|upkeep\n|turn|17\n|\n|t:|1733915489\n|switch|p1a: Rotom|Rotom, L88|231/231\n|-damage|p1a: Rotom|203/231|[from] Stealth Rock\n|move|p2a: Landorus|U-turn|p1a: Rotom\n|-resisted|p1a: Rotom\n|-damage|p1a: Rotom|174/231\n|\n|t:|1733915512\n|switch|p2a: Klefki|Klefki, L84, F|180/233|[from] U-turn\n|-damage|p2a: Klefki|151/233|[from] Spikes\n|\n|-heal|p1a: Rotom|188/231|[from] item: Leftovers\n|-heal|p2a: Klefki|165/233|[from] item: Leftovers\n|upkeep\n|turn|18\n|\n|t:|1733915517\n|move|p2a: Klefki|Spikes|p1a: Rotom\n|-sidestart|p1: ohmega76|Spikes\n|move|p1a: Rotom|Shadow Ball|p2a: Klefki\n|-damage|p2a: Klefki|80/233\n|\n|-heal|p1a: Rotom|202/231|[from] item: Leftovers\n|-heal|p2a: Klefki|94/233|[from] item: Leftovers\n|upkeep\n|turn|19\n|\n|t:|1733915524\n|move|p1a: Rotom|Thunderbolt|p2a: Klefki\n|-damage|p2a: Klefki|0 fnt\n|faint|p2a: Klefki\n|\n|-heal|p1a: Rotom|216/231|[from] item: Leftovers\n|upkeep\n|\n|t:|1733915544\n|switch|p2a: Amoonguss|Amoonguss, L82, M|321/321\n|-damage|p2a: Amoonguss|281/321|[from] Spikes\n|turn|20\n|\n|t:|1733915552\n|move|p1a: Rotom|Shadow Ball|p2a: Amoonguss\n|-damage|p2a: Amoonguss|188/321\n|-unboost|p2a: Amoonguss|spd|1\n|move|p2a: Amoonguss|Giga Drain|p1a: Rotom\n|-damage|p1a: Rotom|143/231\n|-heal|p2a: Amoonguss|225/321|[from] drain|[of] p1a: Rotom\n|\n|-heal|p1a: Rotom|157/231|[from] item: Leftovers\n|upkeep\n|turn|21\n|\n|t:|1733915561\n|switch|p1a: Pincurchin|Pincurchin, F|120/258\n|-damage|p1a: Pincurchin|88/258|[from] Stealth Rock\n|-damage|p1a: Pincurchin|56/258|[from] Spikes\n|-fieldstart|move: Electric Terrain|[from] ability: Electric Surge|[of] p1a: Pincurchin\n|switch|p2a: Squawkabilly|Squawkabilly-White, L89, M|291/291\n|\n|-heal|p1a: Pincurchin|72/258|[from] item: Leftovers\n|upkeep\n|turn|22\n|\n|t:|1733915568\n|move|p2a: Squawkabilly|Double-Edge|p1a: Pincurchin|[miss]\n|-miss|p2a: Squawkabilly|p1a: Pincurchin\n|move|p1a: Pincurchin|Recover|p1a: Pincurchin\n|-heal|p1a: Pincurchin|201/258\n|\n|-heal|p1a: Pincurchin|217/258|[from] item: Leftovers\n|upkeep\n|turn|23\n|\n|t:|1733915574\n|move|p2a: Squawkabilly|Parting Shot|p1a: Pincurchin\n|-unboost|p1a: Pincurchin|atk|1\n|-unboost|p1a: Pincurchin|spa|1\n|\n|t:|1733915578\n|switch|p2a: Landorus|Landorus-Therian, L76, M|192/260|[from] Parting Shot\n|-ability|p2a: Landorus|Intimidate|boost\n|-unboost|p1a: Pincurchin|atk|1\n|move|p1a: Pincurchin|Thunderbolt|p2a: Landorus\n|-immune|p2a: Landorus\n|\n|-heal|p1a: Pincurchin|233/258|[from] item: Leftovers\n|upkeep\n|turn|24\n|\n|t:|1733915592\n|move|p2a: Landorus|U-turn|p1a: Pincurchin\n|-damage|p1a: Pincurchin|184/258\n|\n|t:|1733915597\n|switch|p2a: Amoonguss|Amoonguss, L82, M|321/321|[from] U-turn\n|-damage|p2a: Amoonguss|281/321|[from] Spikes\n|move|p1a: Pincurchin|Scald|p2a: Amoonguss\n|-resisted|p2a: Amoonguss\n|-crit|p2a: Amoonguss\n|-damage|p2a: Amoonguss|215/321\n|\n|-heal|p1a: Pincurchin|200/258|[from] item: Leftovers\n|upkeep\n|turn|25\n|\n|t:|1733915625\n|move|p2a: Amoonguss|Giga Drain|p1a: Pincurchin\n|-damage|p1a: Pincurchin|145/258\n|-heal|p2a: Amoonguss|243/321|[from] drain|[of] p1a: Pincurchin\n|move|p1a: Pincurchin|Spikes|p2a: Amoonguss\n|-sidestart|p2: eliasmo|Spikes\n|\n|-heal|p1a: Pincurchin|161/258|[from] item: Leftovers\n|-fieldend|move: Electric Terrain\n|upkeep\n|turn|26\n|\n|t:|1733915633\n|switch|p1a: Rotom|Rotom, L88|157/231\n|-damage|p1a: Rotom|129/231|[from] Stealth Rock\n|move|p2a: Amoonguss|Spore|p1a: Rotom\n|-status|p1a: Rotom|slp|[from] move: Spore\n|\n|-heal|p1a: Rotom|143/231 slp|[from] item: Leftovers\n|upkeep\n|turn|27\n|inactive|ohmega76 has 120 seconds left.\n|\n|t:|1733915655\n|cant|p1a: Rotom|slp\n|move|p2a: Amoonguss|Giga Drain|p1a: Rotom\n|-damage|p1a: Rotom|74/231 slp\n|-heal|p2a: Amoonguss|278/321|[from] drain|[of] p1a: Rotom\n|\n|-heal|p1a: Rotom|88/231 slp|[from] item: Leftovers\n|upkeep\n|turn|28\n|\n|t:|1733915664\n|switch|p1a: Arcanine|Arcanine, L84, M|288/288\n|-ability|p1a: Arcanine|Intimidate|boost\n|-unboost|p2a: Amoonguss|atk|1\n|move|p2a: Amoonguss|Giga Drain|p1a: Arcanine\n|-resisted|p1a: Arcanine\n|-damage|p1a: Arcanine|250/288\n|-heal|p2a: Amoonguss|297/321|[from] drain|[of] p1a: Arcanine\n|\n|upkeep\n|turn|29\n|\n|t:|1733915679\n|switch|p2a: Landorus|Landorus-Therian, L76, M|192/260\n|-ability|p2a: Landorus|Intimidate|boost\n|-unboost|p1a: Arcanine|atk|1\n|move|p1a: Arcanine|Flare Blitz|p2a: Landorus\n|-damage|p2a: Landorus|98/260\n|-damage|p1a: Arcanine|219/288|[from] Recoil\n|\n|upkeep\n|turn|30\n|\n|t:|1733915694\n|switch|p1a: Rotom|Rotom, L88|88/231 slp\n|-damage|p1a: Rotom|60/231 slp|[from] Stealth Rock\n|move|p2a: Landorus|Taunt|p1a: Rotom\n|-start|p1a: Rotom|move: Taunt\n|\n|-heal|p1a: Rotom|74/231 slp|[from] item: Leftovers\n|upkeep\n|turn|31\n|\n|t:|1733915703\n|switch|p2a: Amoonguss|Amoonguss, L82, M|321/321\n|-damage|p2a: Amoonguss|268/321|[from] Spikes\n|cant|p1a: Rotom|slp\n|\n|-heal|p1a: Rotom|88/231 slp|[from] item: Leftovers\n|upkeep\n|turn|32\n|\n|t:|1733915710\n|-curestatus|p1a: Rotom|slp|[msg]\n|move|p1a: Rotom|Shadow Ball|p2a: Amoonguss\n|-damage|p2a: Amoonguss|157/321\n|-unboost|p2a: Amoonguss|spd|1\n|move|p2a: Amoonguss|Giga Drain|p1a: Rotom\n|-damage|p1a: Rotom|19/231\n|-heal|p2a: Amoonguss|192/321|[from] drain|[of] p1a: Rotom\n|\n|-heal|p1a: Rotom|33/231|[from] item: Leftovers\n|-end|p1a: Rotom|move: Taunt\n|upkeep\n|turn|33\n|\n|t:|1733915724\n|switch|p1a: Pincurchin|Pincurchin, F|161/258\n|-damage|p1a: Pincurchin|129/258|[from] Stealth Rock\n|-damage|p1a: Pincurchin|97/258|[from] Spikes\n|-fieldstart|move: Electric Terrain|[from] ability: Electric Surge|[of] p1a: Pincurchin\n|switch|p2a: Landorus|Landorus-Therian, L76, M|98/260\n|-ability|p2a: Landorus|Intimidate|boost\n|-unboost|p1a: Pincurchin|atk|1\n|\n|-heal|p1a: Pincurchin|113/258|[from] item: Leftovers\n|upkeep\n|turn|34\n|\n|t:|1733915738\n|switch|p1a: Rotom|Rotom, L88|33/231\n|-damage|p1a: Rotom|5/231|[from] Stealth Rock\n|move|p2a: Landorus|U-turn|p1a: Rotom\n|-resisted|p1a: Rotom\n|-damage|p1a: Rotom|0 fnt\n|faint|p1a: Rotom\n|\n|t:|1733915746\n|switch|p2a: Zebstrika|Zebstrika, L87, F|272/272|[from] U-turn\n|-damage|p2a: Zebstrika|227/272|[from] Spikes\n|\n|upkeep\n|inactive|ohmega76 has 120 seconds left.\n|\n|t:|1733915782\n|switch|p1a: Mudsdale|Mudsdale, L84, M|305/305\n|-damage|p1a: Mudsdale|286/305|[from] Stealth Rock\n|-damage|p1a: Mudsdale|248/305|[from] Spikes\n|turn|35\n|\n|t:|1733915788\n|switch|p2a: Landorus|Landorus-Therian, L76, M|98/260\n|-ability|p2a: Landorus|Intimidate|boost\n|-unboost|p1a: Mudsdale|atk|1\n|move|p1a: Mudsdale|Stone Edge|p2a: Landorus|[miss]\n|-miss|p1a: Mudsdale|p2a: Landorus\n|\n|-heal|p1a: Mudsdale|267/305|[from] item: Leftovers\n|upkeep\n|turn|36\n|\n|t:|1733915797\n|move|p2a: Landorus|Earthquake|p1a: Mudsdale\n|-damage|p1a: Mudsdale|153/305\n|-ability|p1a: Mudsdale|Stamina|boost\n|-boost|p1a: Mudsdale|def|1\n|move|p1a: Mudsdale|Stone Edge|p2a: Landorus|[miss]\n|-miss|p1a: Mudsdale|p2a: Landorus\n|\n|-heal|p1a: Mudsdale|172/305|[from] item: Leftovers\n|upkeep\n|turn|37\n|\n|t:|1733915809\n|move|p2a: Landorus|Earthquake|p1a: Mudsdale\n|-damage|p1a: Mudsdale|96/305\n|-ability|p1a: Mudsdale|Stamina|boost\n|-boost|p1a: Mudsdale|def|1\n|move|p1a: Mudsdale|Stone Edge|p2a: Landorus|[miss]\n|-miss|p1a: Mudsdale|p2a: Landorus\n|\n|-heal|p1a: Mudsdale|115/305|[from] item: Leftovers\n|-fieldend|move: Electric Terrain\n|upkeep\n|turn|38\n|\n|t:|1733915816\n|move|p2a: Landorus|Earthquake|p1a: Mudsdale\n|-damage|p1a: Mudsdale|63/305\n|-ability|p1a: Mudsdale|Stamina|boost\n|-boost|p1a: Mudsdale|def|1\n|move|p1a: Mudsdale|Stone Edge|p2a: Landorus|[miss]\n|-miss|p1a: Mudsdale|p2a: Landorus\n|\n|-heal|p1a: Mudsdale|82/305|[from] item: Leftovers\n|upkeep\n|turn|39\n|c|\u2606eliasmo|holy fuck\n|\n|t:|1733915824\n|move|p2a: Landorus|Earthquake|p1a: Mudsdale\n|-damage|p1a: Mudsdale|34/305\n|-ability|p1a: Mudsdale|Stamina|boost\n|-boost|p1a: Mudsdale|def|1\n|move|p1a: Mudsdale|Stone Edge|p2a: Landorus\n|-crit|p2a: Landorus\n|-damage|p2a: Landorus|0 fnt\n|faint|p2a: Landorus\n|\n|-heal|p1a: Mudsdale|53/305|[from] item: Leftovers\n|upkeep\n|\n|t:|1733915833\n|switch|p2a: Amoonguss|Amoonguss, L82, M|299/321\n|-damage|p2a: Amoonguss|246/321|[from] Spikes\n|turn|40\n|inactive|ohmega76 has 120 seconds left.\n|\n|t:|1733915867\n|switch|p1a: Pincurchin|Pincurchin, F|113/258\n|-damage|p1a: Pincurchin|81/258|[from] Stealth Rock\n|-damage|p1a: Pincurchin|49/258|[from] Spikes\n|-fieldstart|move: Electric Terrain|[from] ability: Electric Surge|[of] p1a: Pincurchin\n|move|p2a: Amoonguss|Giga Drain|p1a: Pincurchin\n|-damage|p1a: Pincurchin|0 fnt\n|-heal|p2a: Amoonguss|271/321|[from] drain|[of] p1a: Pincurchin\n|faint|p1a: Pincurchin\n|\n|upkeep\n|\n|t:|1733915871\n|switch|p1a: Arcanine|Arcanine, L84, M|219/288\n|-ability|p1a: Arcanine|Intimidate|boost\n|-unboost|p2a: Amoonguss|atk|1\n|turn|41\n|\n|t:|1733915891\n|switch|p2a: Zebstrika|Zebstrika, L87, F|227/272\n|-damage|p2a: Zebstrika|182/272|[from] Spikes\n|move|p1a: Arcanine|Flare Blitz|p2a: Zebstrika\n|-damage|p2a: Zebstrika|20/272\n|-damage|p1a: Arcanine|166/288|[from] Recoil\n|\n|upkeep\n|turn|42\n|\n|t:|1733915900\n|move|p1a: Arcanine|Extreme Speed|p2a: Zebstrika\n|-damage|p2a: Zebstrika|0 fnt\n|faint|p2a: Zebstrika\n|\n|upkeep\n|\n|t:|1733915905\n|switch|p2a: Amoonguss|Amoonguss, L82, M|321/321\n|-damage|p2a: Amoonguss|268/321|[from] Spikes\n|turn|43\n|\n|t:|1733915930\n|move|p1a: Arcanine|Flare Blitz|p2a: Amoonguss\n|-supereffective|p2a: Amoonguss\n|-damage|p2a: Amoonguss|0 fnt\n|-damage|p1a: Arcanine|118/288|[from] item: Rocky Helmet|[of] p2a: Amoonguss\n|faint|p2a: Amoonguss\n|-damage|p1a: Arcanine|30/288|[from] Recoil\n|\n|upkeep\n|\n|t:|1733915933\n|switch|p2a: Squawkabilly|Squawkabilly-White, L89, M|291/291\n|turn|44\n|\n|t:|1733915955\n|switch|p1a: Mudsdale|Mudsdale, L84, M|53/305\n|-damage|p1a: Mudsdale|34/305|[from] Stealth Rock\n|-damage|p1a: Mudsdale|0 fnt|[from] Spikes\n|faint|p1a: Mudsdale\n|move|p2a: Squawkabilly|Quick Attack|p1: Mudsdale|[notarget]\n|-fail|p2a: Squawkabilly\n|\n|-fieldend|move: Electric Terrain\n|upkeep\n|\n|t:|1733915961\n|switch|p1a: Snorlax|Snorlax, L82, M|397/397\n|-damage|p1a: Snorlax|348/397|[from] Stealth Rock\n|-damage|p1a: Snorlax|299/397|[from] Spikes\n|turn|45\n|\n|t:|1733915966\n|switch|p2a: Slither Wing|Slither Wing, L81|270/270\n|-damage|p2a: Slither Wing|225/270|[from] Spikes\n|-enditem|p2a: Slither Wing|Booster Energy\n|-activate|p2a: Slither Wing|ability: Protosynthesis|[fromitem]\n|-start|p2a: Slither Wing|protosynthesisatk\n|move|p1a: Snorlax|Body Slam|p2a: Slither Wing\n|-damage|p2a: Slither Wing|126/270\n|-status|p2a: Slither Wing|par\n|\n|-heal|p1a: Snorlax|323/397|[from] item: Leftovers\n|upkeep\n|turn|46\n|\n|t:|1733915977\n|-terastallize|p1a: Snorlax|Poison\n|move|p1a: Snorlax|Curse|p1a: Snorlax\n|-unboost|p1a: Snorlax|spe|1\n|-boost|p1a: Snorlax|atk|1\n|-boost|p1a: Snorlax|def|1\n|move|p2a: Slither Wing|Close Combat|p1a: Snorlax\n|-resisted|p1a: Snorlax\n|-damage|p1a: Snorlax|233/397\n|-unboost|p2a: Slither Wing|def|1\n|-unboost|p2a: Slither Wing|spd|1\n|\n|-heal|p1a: Snorlax|257/397|[from] item: Leftovers\n|upkeep\n|turn|47\n|\n|t:|1733915985\n|move|p2a: Slither Wing|Earthquake|p1a: Snorlax\n|-supereffective|p1a: Snorlax\n|-damage|p1a: Snorlax|65/397\n|move|p1a: Snorlax|Curse|p1a: Snorlax\n|-unboost|p1a: Snorlax|spe|1\n|-boost|p1a: Snorlax|atk|1\n|-boost|p1a: Snorlax|def|1\n|\n|-heal|p1a: Snorlax|89/397|[from] item: Leftovers\n|upkeep\n|turn|48\n|\n|t:|1733915990\n|cant|p2a: Slither Wing|par\n|move|p1a: Snorlax|Rest|p1a: Snorlax\n|-status|p1a: Snorlax|slp|[from] move: Rest\n|-heal|p1a: Snorlax|397/397 slp|[silent]\n|\n|upkeep\n|turn|49\n|\n|t:|1733915994\n|cant|p2a: Slither Wing|par\n|cant|p1a: Snorlax|slp\n|move|p1a: Snorlax|Sleep Talk|p1a: Snorlax\n|move|p1a: Snorlax|Body Slam|p2a: Slither Wing|[from]move: Sleep Talk\n|-crit|p2a: Slither Wing\n|-damage|p2a: Slither Wing|0 fnt\n|faint|p2a: Slither Wing\n|-end|p2a: Slither Wing|Protosynthesis|[silent]\n|\n|upkeep\n|\n|t:|1733915997\n|switch|p2a: Squawkabilly|Squawkabilly-White, L89, M|291/291\n|turn|50\n|\n|t:|1733916002\n|-terastallize|p2a: Squawkabilly|Normal\n|move|p2a: Squawkabilly|Double-Edge|p1a: Snorlax\n|-damage|p1a: Snorlax|209/397 slp\n|-damage|p2a: Squawkabilly|229/291|[from] Recoil\n|cant|p1a: Snorlax|slp\n|move|p1a: Snorlax|Sleep Talk|p1a: Snorlax\n|move|p1a: Snorlax|Body Slam|p2a: Squawkabilly|[from]move: Sleep Talk\n|-damage|p2a: Squawkabilly|0 fnt\n|faint|p2a: Squawkabilly\n|\n|win|ohmega76\n|raw|ohmega76's rating: 1615 &rarr; <strong>1633</strong><br />(+18 for winning)\n|raw|eliasmo's rating: 1580 &rarr; <strong>1562</strong><br />(-18 for losing)\n|c|\u2606eliasmo|misses aside that was a great game, gg\n", "inputlog": ">version bfd83cad13791eb5a5a409923076391caf6fb4d4\n>start {\"formatid\":\"gen9randombattle\",\"seed\":[42884,58859,31915,37976],\"rated\":\"Rated battle\"}\n>player p1 {\"name\":\"ohmega76\",\"avatar\":\"169\",\"rating\":1597,\"seed\":[61814,23214,45543,57832]}\n>player p2 {\"name\":\"eliasmo\",\"avatar\":\"parasollady\",\"rating\":1580,\"seed\":[33915,51189,12947,342]}\n>p1 move dragondance\n>p2 move sludgebomb\n>p1 move outrage\n>p2 switch 3\n>p1 switch 4\n>p2 move dazzlinggleam\n>p1 move roar\n>p2 switch 5\n>p1 move earthquake\n>p2 switch 5\n>p1 switch 3\n>p2 move taunt\n>p1 move shadowball\n>p2 switch 3\n>p1 switch 2\n>p2 move spore\n>p1 move spikes\n>p2 move stompingtantrum\n>p1 switch 2\n>p2 move stompingtantrum\n>p1 move trick\n>p2 switch 3\n>p1 switch 3\n>p2 move stealthrock\n>p1 move earthquake\n>p2 move stealthrock\n>p1 move earthquake\n>p2 move stealthrock\n>p1 move stoneedge\n>p2 switch 5\n>p1 move stoneedge\n>p2 switch 5\n>p1 switch 3\n>p2 move uturn\n>p2 switch 5\n>p1 move shadowball\n>p2 move spikes\n>p1 move thunderbolt\n>p2 move foulplay\n>p2 switch 3\n>p1 move shadowball\n>p2 move gigadrain\n>p1 switch 2\n>p2 switch 2\n>p1 move recover\n>p2 move doubleedge\n>p1 move thunderbolt\n>p2 move partingshot\n>p2 switch 5\n>p1 move scald\n>p2 move uturn\n>p2 switch 2\n>p1 move spikes\n>p2 move gigadrain\n>p1 switch 2\n>p2 move spore\n>p1 move shadowball\n>p2 move gigadrain\n>p1 switch 5\n>p2 move gigadrain\n>p1 move flareblitz\n>p2 switch 2\n>p1 switch 5\n>p2 move taunt\n>p1 move thunderbolt\n>p2 switch 2\n>p1 move shadowball\n>p2 move gigadrain\n>p1 switch 2\n>p2 switch 2\n>p1 switch 2\n>p2 move uturn\n>p2 switch 6\n>p1 switch 3\n>p1 move stoneedge\n>p2 switch 6\n>p1 move stoneedge\n>p2 move earthquake\n>p1 move stoneedge\n>p2 move earthquake\n>p1 move stoneedge\n>p2 move earthquake\n>chat \u2606eliasmo|holy fuck\n>p1 move stoneedge\n>p2 move earthquake\n>p2 switch 2\n>p1 switch 2\n>p2 move gigadrain\n>p1 switch 5\n>p1 move flareblitz\n>p2 switch 6\n>p1 move extremespeed\n>p2 move highhorsepower\n>p2 switch 6\n>p1 move flareblitz\n>p2 move stompingtantrum\n>p2 switch 5\n>p1 switch 2\n>p2 move quickattack\n>p1 switch 6\n>p1 move bodyslam\n>p2 switch 4\n>p1 move curse terastallize\n>p2 move closecombat\n>p1 move curse\n>p2 move earthquake\n>p1 move rest\n>p2 move earthquake\n>p1 move sleeptalk\n>p2 move earthquake\n>p2 switch 4\n>p1 move sleeptalk\n>p2 move doubleedge terastallize", "uploadtime": 1733916013, "views": 2, "formatid": "gen9randombattle", "rating": 1562, "private": 0, "password": null}