{"id": "gen9randombattle-2259929677", "format": "[Gen 9] Random Battle", "players": ["Cactusjqck", "SkillAndPatience"], "log": "|j|\u2606Cactusjqck\n|j|\u2606SkillAndPatience\n|t:|1733781092\n|gametype|singles\n|player|p1|Cactusjqck|1|1286\n|player|p2|SkillAndPatience|bugcatcher-gen4dp|1244\n|teamsize|p1|6\n|teamsize|p2|6\n|gen|9\n|tier|[Gen 9] Random Battle\n|rated|\n|rule|Species Clause: Limit one of each Pok\u00e9mon\n|rule|HP Percentage Mod: HP is shown in percentages\n|rule|Sleep Clause Mod: Limit one foe put to sleep\n|rule|Illusion Level Mod: Illusion disguises the Pok\u00e9mon's true level\n|\n|t:|1733781092\n|start\n|switch|p1a: Mewtwo|Mewtwo, L72|272/272\n|switch|p2a: Illumise|Illumise, L91, F|266/266\n|-ability|p1a: Mewtwo|Unnerve\n|turn|1\n|inactive|Battle timer is ON: inactive players will automatically lose when time's up. (requested by SkillAndPatience)\n|\n|t:|1733781105\n|move|p2a: Illumise|Thunder Wave|p1a: Mewtwo\n|-status|p1a: Mewtwo|par\n|move|p1a: Mewtwo|Fire Blast|p2a: Illumise\n|-supereffective|p2a: Illumise\n|-damage|p2a: Illumise|74/266\n|-damage|p1a: Mewtwo|245/272 par|[from] item: Life Orb\n|\n|upkeep\n|turn|2\n|\n|t:|1733781119\n|switch|p1a: Golem|Golem-Alola, L93, M|300/300\n|move|p2a: Illumise|Roost|p2a: Illumise\n|-heal|p2a: Illumise|207/266\n|-singleturn|p2a: Illumise|move: Roost\n|\n|upkeep\n|turn|3\n|\n|t:|1733781130\n|switch|p2a: Golurk|Golurk, L87|297/297\n|move|p1a: Golem|Rock Polish|p1a: Golem\n|-boost|p1a: Golem|spe|2\n|\n|upkeep\n|turn|4\n|\n|t:|1733781144\n|-terastallize|p2a: Golurk|Ground\n|move|p1a: Golem|Earthquake|p2a: Golurk\n|-damage|p2a: Golurk|155/297\n|-damage|p1a: Golem|270/300|[from] item: Life Orb\n|move|p2a: Golurk|Earthquake|p1a: Golem\n|-supereffective|p1a: Golem\n|-damage|p1a: Golem|0 fnt\n|faint|p1a: Golem\n|\n|upkeep\n|\n|t:|1733781154\n|switch|p1a: Walking Wake|Walking Wake, L79|286/286\n|turn|5\n|\n|t:|1733781161\n|switch|p2a: Exeggutor|Exeggutor, L89, M|312/312\n|move|p1a: Walking Wake|Flip Turn|p2a: Exeggutor\n|-resisted|p2a: Exeggutor\n|-damage|p2a: Exeggutor|288/312\n|\n|t:|1733781167\n|-end|p1a: Walking Wake|Protosynthesis|[silent]\n|switch|p1a: Mewtwo|Mewtwo, L72|245/272 par|[from] Flip Turn\n|-ability|p1a: Mewtwo|Unnerve\n|\n|upkeep\n|turn|6\n|\n|t:|1733781171\n|move|p2a: Exeggutor|Leech Seed|p1a: Mewtwo\n|-start|p1a: Mewtwo|move: Leech Seed\n|move|p1a: Mewtwo|Fire Blast|p2a: Exeggutor\n|-supereffective|p2a: Exeggutor\n|-damage|p2a: Exeggutor|46/312\n|-damage|p1a: Mewtwo|218/272 par|[from] item: Life Orb\n|\n|-damage|p1a: Mewtwo|184/272 par|[from] Leech Seed|[of] p2a: Exeggutor\n|-heal|p2a: Exeggutor|80/312|[silent]\n|upkeep\n|turn|7\n|\n|t:|1733781183\n|switch|p2a: Golurk|Golurk, L87, tera:Ground|155/297\n|move|p1a: Mewtwo|Fire Blast|p2a: Golurk\n|-damage|p2a: Golurk|51/297\n|-damage|p1a: Mewtwo|157/272 par|[from] item: Life Orb\n|\n|-damage|p1a: Mewtwo|123/272 par|[from] Leech Seed|[of] p2a: Golurk\n|-heal|p2a: Golurk|85/297|[silent]\n|upkeep\n|turn|8\n|\n|t:|1733781199\n|move|p2a: Golurk|Poltergeist|p1a: Mewtwo\n|-activate|p1a: Mewtwo|move: Poltergeist|Life Orb\n|-supereffective|p1a: Mewtwo\n|-damage|p1a: Mewtwo|0 fnt\n|faint|p1a: Mewtwo\n|\n|upkeep\n|\n|t:|1733781212\n|switch|p1a: Golurk|Golurk, L87|297/297\n|turn|9\n|\n|t:|1733781217\n|move|p1a: Golurk|Poltergeist|p2a: Golurk\n|-activate|p2a: Golurk|move: Poltergeist|Choice Band\n|-damage|p2a: Golurk|0 fnt\n|faint|p2a: Golurk\n|-damage|p1a: Golurk|268/297|[from] item: Life Orb\n|\n|upkeep\n|\n|t:|1733781221\n|switch|p2a: Rotom|Rotom-Wash, L82|216/216\n|turn|10\n|\n|t:|1733781234\n|-terastallize|p1a: Golurk|Ghost\n|move|p2a: Rotom|Hydro Pump|p1a: Golurk\n|-damage|p1a: Golurk|147/297\n|move|p1a: Golurk|Poltergeist|p2a: Rotom\n|-activate|p2a: Rotom|move: Poltergeist|Leftovers\n|-crit|p2a: Rotom\n|-damage|p2a: Rotom|0 fnt\n|faint|p2a: Rotom\n|-damage|p1a: Golurk|118/297|[from] item: Life Orb\n|\n|upkeep\n|\n|t:|1733781245\n|switch|p2a: Illumise|Illumise, L91, F|207/266\n|turn|11\n|\n|t:|1733781247\n|move|p2a: Illumise|Thunder Wave|p1a: Golurk\n|-status|p1a: Golurk|par\n|cant|p1a: Golurk|par\n|\n|upkeep\n|turn|12\n|\n|t:|1733781253\n|move|p2a: Illumise|Bug Buzz|p1a: Golurk\n|-resisted|p1a: Golurk\n|-damage|p1a: Golurk|73/297 par\n|move|p1a: Golurk|Poltergeist|p2a: Illumise\n|-activate|p2a: Illumise|move: Poltergeist|Heavy-Duty Boots\n|-damage|p2a: Illumise|0 fnt\n|faint|p2a: Illumise\n|-damage|p1a: Golurk|44/297 par|[from] item: Life Orb\n|\n|upkeep\n|\n|t:|1733781256\n|switch|p2a: Exeggutor|Exeggutor, L89, M|80/312\n|-enditem|p2a: Exeggutor|Sitrus Berry|[eat]\n|-heal|p2a: Exeggutor|158/312|[from] item: Sitrus Berry\n|turn|13\n|\n|t:|1733781264\n|move|p2a: Exeggutor|Sludge Bomb|p1a: Golurk\n|-resisted|p1a: Golurk\n|-damage|p1a: Golurk|0 fnt\n|faint|p1a: Golurk\n|\n|-item|p2a: Exeggutor|Sitrus Berry|[from] ability: Harvest\n|upkeep\n|\n|t:|1733781273\n|switch|p1a: Arceus|Arceus-Bug, L73|295/295\n|turn|14\n|\n|t:|1733781282\n|move|p1a: Arceus|Judgment|p2a: Exeggutor\n|-supereffective|p2a: Exeggutor\n|-damage|p2a: Exeggutor|0 fnt\n|faint|p2a: Exeggutor\n|\n|upkeep\n|\n|t:|1733781285\n|switch|p2a: Koraidon|Koraidon, L64|235/235\n|-weather|SunnyDay|[from] ability: Orichalcum Pulse|[of] p2a: Koraidon\n|-activate|p2a: Koraidon|Orichalcum Pulse|[source]\n|turn|15\n|\n|t:|1733781291\n|move|p1a: Arceus|Calm Mind|p1a: Arceus\n|-boost|p1a: Arceus|spa|1\n|-boost|p1a: Arceus|spd|1\n|move|p2a: Koraidon|Flare Blitz|p1a: Arceus\n|-supereffective|p1a: Arceus\n|-damage|p1a: Arceus|0 fnt\n|faint|p1a: Arceus\n|-damage|p2a: Koraidon|138/235|[from] Recoil\n|\n|-weather|SunnyDay|[upkeep]\n|upkeep\n|\n|t:|1733781301\n|switch|p1a: Donphan|Donphan, L84, F|288/288\n|turn|16\n|\n|t:|1733781305\n|switch|p2a: Mamoswine|Mamoswine, L81, M|311/311\n|move|p1a: Donphan|Ice Spinner|p2a: Mamoswine\n|-damage|p2a: Mamoswine|273/311\n|\n|-weather|SunnyDay|[upkeep]\n|upkeep\n|turn|17\n|\n|t:|1733781313\n|move|p2a: Mamoswine|Icicle Crash|p1a: Donphan\n|-supereffective|p1a: Donphan\n|-damage|p1a: Donphan|51/288\n|-damage|p2a: Mamoswine|242/311|[from] item: Life Orb\n|move|p1a: Donphan|Earthquake|p2a: Mamoswine\n|-damage|p2a: Mamoswine|98/311\n|\n|-weather|SunnyDay|[upkeep]\n|upkeep\n|turn|18\n|\n|t:|1733781321\n|move|p2a: Mamoswine|Ice Shard|p1a: Donphan\n|-supereffective|p1a: Donphan\n|-damage|p1a: Donphan|0 fnt\n|faint|p1a: Donphan\n|-damage|p2a: Mamoswine|67/311|[from] item: Life Orb\n|\n|-weather|SunnyDay|[upkeep]\n|upkeep\n|\n|t:|1733781327\n|switch|p1a: Walking Wake|Walking Wake, L79|286/286\n|-activate|p1a: Walking Wake|ability: Protosynthesis\n|-start|p1a: Walking Wake|protosynthesisspa\n|turn|19\n|\n|t:|1733781337\n|move|p2a: Mamoswine|Ice Shard|p1a: Walking Wake\n|-damage|p1a: Walking Wake|218/286\n|-damage|p2a: Mamoswine|36/311|[from] item: Life Orb\n|move|p1a: Walking Wake|Flamethrower|p2a: Mamoswine\n|-supereffective|p2a: Mamoswine\n|-damage|p2a: Mamoswine|0 fnt\n|faint|p2a: Mamoswine\n|\n|-weather|none\n|-end|p1a: Walking Wake|Protosynthesis\n|upkeep\n|\n|t:|1733781340\n|switch|p2a: Koraidon|Koraidon, L64|138/235\n|-weather|SunnyDay|[from] ability: Orichalcum Pulse|[of] p2a: Koraidon\n|-activate|p1a: Walking Wake|ability: Protosynthesis\n|-start|p1a: Walking Wake|protosynthesisspa\n|-activate|p2a: Koraidon|Orichalcum Pulse|[source]\n|turn|20\n|\n|t:|1733781352\n|move|p1a: Walking Wake|Flamethrower|p2a: Koraidon\n|-resisted|p2a: Koraidon\n|-damage|p2a: Koraidon|17/235\n|move|p2a: Koraidon|Outrage|p1a: Walking Wake\n|-supereffective|p1a: Walking Wake\n|-damage|p1a: Walking Wake|0 fnt\n|faint|p1a: Walking Wake\n|-end|p1a: Walking Wake|Protosynthesis|[silent]\n|\n|win|SkillAndPatience\n|raw|Cactusjqck's rating: 1286 &rarr; <strong>1258</strong><br />(-28 for losing)\n|raw|SkillAndPatience's rating: 1244 &rarr; <strong>1272</strong><br />(+28 for winning)\n|l|\u2606Cactusjqck\n|player|p1|\n|c|\u2606SkillAndPatience|GG\n|c|\u2606SkillAndPatience|super close\n", "inputlog": ">version bfd83cad13791eb5a5a409923076391caf6fb4d4\n>start {\"formatid\":\"gen9randombattle\",\"seed\":[23765,58044,62462,39675],\"rated\":\"Rated battle\"}\n>player p1 {\"name\":\"Cactusjqck\",\"avatar\":\"1\",\"rating\":1286,\"seed\":[39626,4802,49644,4040]}\n>player p2 {\"name\":\"SkillAndPatience\",\"avatar\":\"bugcatcher-gen4dp\",\"rating\":1244,\"seed\":[49941,10596,21397,52855]}\n>p1 move fireblast\n>p2 move thunderwave\n>p1 switch 4\n>p2 move roost\n>p1 move rockpolish\n>p2 switch 3\n>p1 move earthquake\n>p2 move earthquake terastallize\n>p1 switch 6\n>p1 move flipturn\n>p2 switch 2\n>p1 switch 4\n>p1 move fireblast\n>p2 move leechseed\n>p1 move fireblast\n>p2 switch 2\n>p1 move recover\n>p2 move poltergeist\n>p1 switch 2\n>p1 move poltergeist\n>p2 move poltergeist\n>p2 switch 6\n>p1 move poltergeist terastallize\n>p2 move hydropump\n>p2 switch 3\n>p1 move poltergeist\n>p2 move thunderwave\n>p1 move poltergeist\n>p2 move bugbuzz\n>p2 switch 2\n>p1 move poltergeist\n>p2 move sludgebomb\n>p1 switch 5\n>p1 move judgment\n>p2 move leechseed\n>p2 switch 5\n>p1 move calmmind\n>p2 move flareblitz\n>p1 switch 3\n>p1 move icespinner\n>p2 switch 4\n>p1 move earthquake\n>p2 move iciclecrash\n>p1 move knockoff\n>p2 move iceshard\n>p1 switch 4\n>p1 move flamethrower\n>p2 move iceshard\n>p2 switch 4\n>p1 move flamethrower\n>p2 move outrage", "uploadtime": 1733781367, "views": 1, "formatid": "gen9randombattle", "rating": 1258, "private": 0, "password": null}