{"id": "gen9randombattle-2260323906", "format": "[Gen 9] Random Battle", "players": ["Treyminator4333", "dxfhcgjhvkbj"], "log": "|j|\u2606Treyminator4333\n|j|\u2606dxfhcgjhvkbj\n|t:|1733839932\n|gametype|singles\n|player|p1|Treyminator4333|dragontamer|1076\n|player|p2|dxfhcgjhvkbj|169|1067\n|teamsize|p1|6\n|teamsize|p2|6\n|gen|9\n|tier|[Gen 9] Random Battle\n|rated|\n|rule|Species Clause: Limit one of each Pok\u00e9mon\n|rule|HP Percentage Mod: HP is shown in percentages\n|rule|Sleep Clause Mod: Limit one foe put to sleep\n|rule|Illusion Level Mod: Illusion disguises the Pok\u00e9mon's true level\n|\n|t:|1733839932\n|start\n|switch|p1a: Hitmonlee|Hitmonlee, L85, M|224/224\n|switch|p2a: Greedent|Greedent, L86, F|347/347\n|turn|1\n|\n|t:|1733839948\n|switch|p2a: Masquerain|Masquerain, L87, M|264/264\n|-ability|p2a: Masquerain|Intimidate|boost\n|-unboost|p1a: Hitmonlee|atk|1\n|-enditem|p1a: Hitmonlee|White Herb\n|-clearnegativeboost|p1a: Hitmonlee|[silent]\n|move|p1a: Hitmonlee|Close Combat|p2a: Masquerain\n|-resisted|p2a: Masquerain\n|-damage|p2a: Masquerain|214/264\n|-unboost|p1a: Hitmonlee|def|1\n|-unboost|p1a: Hitmonlee|spd|1\n|\n|upkeep\n|turn|2\n|\n|t:|1733839964\n|move|p1a: Hitmonlee|Stone Edge|p2a: Masquerain\n|-supereffective|p2a: Masquerain\n|-damage|p2a: Masquerain|0 fnt\n|faint|p2a: Masquerain\n|\n|upkeep\n|\n|t:|1733839967\n|switch|p2a: Hatterene|Hatterene, L85, F|236/236\n|turn|3\n|\n|t:|1733839988\n|move|p1a: Hitmonlee|Knock Off|p2a: Hatterene\n|-damage|p2a: Hatterene|156/236\n|-enditem|p2a: Hatterene|Leftovers|[from] move: Knock Off|[of] p1a: Hitmonlee\n|move|p2a: Hatterene|Draining Kiss|p1a: Hitmonlee\n|-supereffective|p1a: Hitmonlee\n|-damage|p1a: Hitmonlee|56/224\n|-heal|p2a: Hatterene|236/236|[from] drain|[of] p1a: Hitmonlee\n|\n|upkeep\n|turn|4\n|\n|t:|1733840000\n|move|p1a: Hitmonlee|Knock Off|p2a: Hatterene\n|-damage|p2a: Hatterene|183/236\n|move|p2a: Hatterene|Draining Kiss|p1a: Hitmonlee\n|-supereffective|p1a: Hitmonlee\n|-damage|p1a: Hitmonlee|0 fnt\n|-heal|p2a: Hatterene|225/236|[from] drain|[of] p1a: Hitmonlee\n|faint|p1a: Hitmonlee\n|\n|upkeep\n|\n|t:|1733840009\n|switch|p1a: Probopass|Probopass, L92, F|260/260\n|turn|5\n|\n|t:|1733840022\n|switch|p2a: Brute Bonnet|Brute Bonnet, L81|312/312\n|move|p1a: Probopass|Iron Defense|p1a: Probopass\n|-boost|p1a: Probopass|def|2\n|\n|upkeep\n|turn|6\n|\n|t:|1733840035\n|move|p2a: Brute Bonnet|Close Combat|p1a: Probopass\n|-supereffective|p1a: Probopass\n|-damage|p1a: Probopass|84/260\n|-unboost|p2a: Brute Bonnet|def|1\n|-unboost|p2a: Brute Bonnet|spd|1\n|move|p1a: Probopass|Body Press|p2a: Brute Bonnet\n|-supereffective|p2a: Brute Bonnet\n|-damage|p2a: Brute Bonnet|0 fnt\n|faint|p2a: Brute Bonnet\n|-end|p2a: Brute Bonnet|Protosynthesis|[silent]\n|\n|-heal|p1a: Probopass|100/260|[from] item: Leftovers\n|upkeep\n|\n|t:|1733840038\n|switch|p2a: Hatterene|Hatterene, L85, F|225/236\n|turn|7\n|\n|t:|1733840047\n|move|p1a: Probopass|Body Press|p2a: Hatterene\n|-resisted|p2a: Hatterene\n|-damage|p2a: Hatterene|181/236\n|move|p2a: Hatterene|Calm Mind|p2a: Hatterene\n|-boost|p2a: Hatterene|spa|1\n|-boost|p2a: Hatterene|spd|1\n|\n|-heal|p1a: Probopass|116/260|[from] item: Leftovers\n|upkeep\n|turn|8\n|\n|t:|1733840058\n|move|p1a: Probopass|Thunder Wave|p2a: Hatterene\n|move|p2a: Hatterene|Thunder Wave|p1a: Probopass|[from]ability: Magic Bounce\n|-status|p1a: Probopass|par\n|move|p2a: Hatterene|Calm Mind|p2a: Hatterene\n|-boost|p2a: Hatterene|spa|1\n|-boost|p2a: Hatterene|spd|1\n|\n|-heal|p1a: Probopass|132/260 par|[from] item: Leftovers\n|upkeep\n|turn|9\n|\n|t:|1733840067\n|move|p2a: Hatterene|Calm Mind|p2a: Hatterene\n|-boost|p2a: Hatterene|spa|1\n|-boost|p2a: Hatterene|spd|1\n|move|p1a: Probopass|Power Gem|p2a: Hatterene\n|-damage|p2a: Hatterene|153/236\n|\n|-heal|p1a: Probopass|148/260 par|[from] item: Leftovers\n|upkeep\n|turn|10\n|\n|t:|1733840073\n|move|p2a: Hatterene|Calm Mind|p2a: Hatterene\n|-boost|p2a: Hatterene|spa|1\n|-boost|p2a: Hatterene|spd|1\n|move|p1a: Probopass|Iron Defense|p1a: Probopass\n|-boost|p1a: Probopass|def|2\n|\n|-heal|p1a: Probopass|164/260 par|[from] item: Leftovers\n|upkeep\n|turn|11\n|\n|t:|1733840080\n|move|p2a: Hatterene|Draining Kiss|p1a: Probopass\n|-resisted|p1a: Probopass\n|-damage|p1a: Probopass|94/260 par\n|-heal|p2a: Hatterene|206/236|[from] drain|[of] p1a: Probopass\n|cant|p1a: Probopass|par\n|\n|-heal|p1a: Probopass|110/260 par|[from] item: Leftovers\n|upkeep\n|turn|12\n|\n|t:|1733840087\n|move|p2a: Hatterene|Mystical Fire|p1a: Probopass\n|-damage|p1a: Probopass|0 fnt\n|faint|p1a: Probopass\n|\n|upkeep\n|\n|t:|1733840096\n|switch|p1a: Mienshao|Mienshao, L83, M|244/244\n|turn|13\n|\n|t:|1733840111\n|move|p1a: Mienshao|Triple Axel|p2a: Hatterene\n|-damage|p2a: Hatterene|185/236\n|-damage|p2a: Hatterene|145/236\n|-damage|p2a: Hatterene|83/236\n|-hitcount|p2a: Hatterene|3\n|-damage|p1a: Mienshao|220/244|[from] item: Life Orb\n|move|p2a: Hatterene|Draining Kiss|p1a: Mienshao\n|-supereffective|p1a: Mienshao\n|-damage|p1a: Mienshao|0 fnt\n|-heal|p2a: Hatterene|236/236|[from] drain|[of] p1a: Mienshao\n|faint|p1a: Mienshao\n|\n|upkeep\n|inactive|Battle timer is ON: inactive players will automatically lose when time's up. (requested by dxfhcgjhvkbj)\n|\n|t:|1733840124\n|switch|p1a: Swanna|Swanna, L88, M|275/275\n|turn|14\n|\n|t:|1733840134\n|move|p1a: Swanna|Defog|p2a: Hatterene\n|move|p2a: Hatterene|Defog|p1a: Swanna|[from]ability: Magic Bounce\n|-unboost|p1a: Swanna|evasion|1\n|move|p2a: Hatterene|Draining Kiss|p1a: Swanna\n|-damage|p1a: Swanna|26/275\n|\n|upkeep\n|turn|15\n|-message|Treyminator4333 forfeited.\n|\n|win|dxfhcgjhvkbj\n|raw|Treyminator4333's rating: 1076 &rarr; <strong>1056</strong><br />(-20 for losing)\n|raw|dxfhcgjhvkbj's rating: 1094 &rarr; <strong>1119</strong><br />(+25 for winning)\n", "inputlog": ">version bfd83cad13791eb5a5a409923076391caf6fb4d4\n>start {\"formatid\":\"gen9randombattle\",\"seed\":[3418,62093,33917,37550],\"rated\":\"Rated battle\"}\n>player p1 {\"name\":\"Treyminator4333\",\"avatar\":\"dragontamer\",\"rating\":1076,\"seed\":[42254,43685,26186,23782]}\n>player p2 {\"name\":\"dxfhcgjhvkbj\",\"avatar\":\"169\",\"rating\":1067,\"seed\":[60265,56970,59466,16735]}\n>p1 move closecombat\n>p2 switch 2\n>p1 move stoneedge\n>p2 move hurricane\n>p2 switch 5\n>p1 move knockoff\n>p2 move drainingkiss\n>p1 move knockoff\n>p2 move drainingkiss\n>p1 switch 3\n>p1 move irondefense\n>p2 switch 6\n>p1 move bodypress\n>p2 move closecombat\n>p2 switch 6\n>p1 move bodypress\n>p2 move calmmind\n>p1 move thunderwave\n>p2 move calmmind\n>p1 move powergem\n>p2 move calmmind\n>p1 move irondefense\n>p2 move calmmind\n>p1 move bodypress\n>p2 move drainingkiss\n>p1 move bodypress\n>p2 move mysticalfire\n>p1 switch 2\n>p1 move tripleaxel\n>p2 move drainingkiss\n>p1 switch 4\n>p1 move defog\n>p2 move drainingkiss\n>forcelose p1", "uploadtime": 1733840146, "views": 1, "formatid": "gen9randombattle", "rating": 1056, "private": 0, "password": null}