{"id": "gen9randombattle-2260524048", "format": "[Gen 9] Random Battle", "players": ["jdoskxjyy", "DaniKuro"], "log": "|j|\u2606jdoskxjyy\n|j|\u2606DaniKuro\n|t:|1733859935\n|gametype|singles\n|player|p1|jdoskxjyy|169|1117\n|player|p2|DaniKuro|266|1143\n|teamsize|p1|6\n|teamsize|p2|6\n|gen|9\n|tier|[Gen 9] Random Battle\n|rated|\n|rule|Species Clause: Limit one of each Pok\u00e9mon\n|rule|HP Percentage Mod: HP is shown in percentages\n|rule|Sleep Clause Mod: Limit one foe put to sleep\n|rule|Illusion Level Mod: Illusion disguises the Pok\u00e9mon's true level\n|\n|t:|1733859935\n|start\n|switch|p1a: Kingdra|Kingdra, L84, M|263/263\n|switch|p2a: Meowscarada|Meowscarada, L78, F|247/247\n|turn|1\n|\n|t:|1733859946\n|move|p2a: Meowscarada|Flower Trick|p1a: Kingdra\n|-start|p2a: Meowscarada|typechange|Grass|[from] ability: Protean\n|-crit|p1a: Kingdra\n|-damage|p1a: Kingdra|106/263\n|move|p1a: Kingdra|Rain Dance|p1a: Kingdra\n|-weather|RainDance\n|\n|-weather|RainDance|[upkeep]\n|upkeep\n|turn|2\n|\n|t:|1733859955\n|move|p1a: Kingdra|Hurricane|p2a: Meowscarada\n|-supereffective|p2a: Meowscarada\n|-damage|p2a: Meowscarada|0 fnt\n|faint|p2a: Meowscarada\n|-damage|p1a: Kingdra|80/263|[from] item: Life Orb\n|\n|-weather|RainDance|[upkeep]\n|upkeep\n|\n|t:|1733859964\n|switch|p2a: Talonflame|Talonflame, L83, M|265/265\n|turn|3\n|\n|t:|1733859968\n|move|p1a: Kingdra|Wave Crash|p2a: Talonflame\n|-supereffective|p2a: Talonflame\n|-damage|p2a: Talonflame|0 fnt\n|faint|p2a: Talonflame\n|-damage|p1a: Kingdra|0 fnt|[from] Recoil\n|faint|p1a: Kingdra\n|\n|-weather|RainDance|[upkeep]\n|upkeep\n|\n|t:|1733859973\n|switch|p2a: Seviper|Seviper, L93, M|287/287\n|switch|p1a: Galvantula|Galvantula, L82, F|249/249\n|turn|4\n|\n|t:|1733859979\n|move|p1a: Galvantula|Sticky Web|p2a: Seviper\n|-sidestart|p2: DaniKuro|move: Sticky Web\n|move|p2a: Seviper|Glare|p1a: Galvantula\n|-immune|p1a: Galvantula\n|\n|-weather|RainDance|[upkeep]\n|upkeep\n|turn|5\n|\n|t:|1733859983\n|move|p1a: Galvantula|Thunder|p2a: Seviper\n|-damage|p2a: Seviper|158/287\n|move|p2a: Seviper|Knock Off|p1a: Galvantula\n|-damage|p1a: Galvantula|87/249\n|-enditem|p1a: Galvantula|Heavy-Duty Boots|[from] move: Knock Off|[of] p2a: Seviper\n|-damage|p2a: Seviper|130/287|[from] item: Life Orb\n|\n|-weather|none\n|upkeep\n|turn|6\n|\n|t:|1733859987\n|move|p1a: Galvantula|Thunder|p2a: Seviper\n|-damage|p2a: Seviper|0 fnt\n|faint|p2a: Seviper\n|\n|upkeep\n|\n|t:|1733859990\n|switch|p2a: Samurott|Samurott-Hisui, L77, M|265/265\n|-activate|p2a: Samurott|move: Sticky Web\n|-unboost|p2a: Samurott|spe|1\n|turn|7\n|\n|t:|1733859996\n|move|p1a: Galvantula|Thunder|p2a: Samurott\n|-supereffective|p2a: Samurott\n|-damage|p2a: Samurott|0 fnt\n|faint|p2a: Samurott\n|\n|upkeep\n|\n|t:|1733859999\n|switch|p2a: Golduck|Golduck, L90, M|290/290\n|-activate|p2a: Golduck|move: Sticky Web\n|-unboost|p2a: Golduck|spe|1\n|-ability|p2a: Golduck|Cloud Nine\n|turn|8\n|\n|t:|1733860002\n|move|p1a: Galvantula|Thunder|p2a: Golduck\n|-supereffective|p2a: Golduck\n|-damage|p2a: Golduck|68/290\n|-status|p2a: Golduck|par\n|move|p2a: Golduck|Ice Beam|p1a: Galvantula\n|-damage|p1a: Galvantula|0 fnt\n|faint|p1a: Galvantula\n|-damage|p2a: Golduck|39/290 par|[from] item: Life Orb\n|\n|upkeep\n|\n|t:|1733860005\n|switch|p1a: Ursaring|Ursaring, L84, M|288/288\n|turn|9\n|\n|t:|1733860007\n|move|p1a: Ursaring|Swords Dance|p1a: Ursaring\n|-boost|p1a: Ursaring|atk|2\n|move|p2a: Golduck|Ice Beam|p1a: Ursaring\n|-damage|p1a: Ursaring|172/288\n|-damage|p2a: Golduck|10/290 par|[from] item: Life Orb\n|\n|-status|p1a: Ursaring|tox|[from] item: Toxic Orb\n|upkeep\n|turn|10\n|\n|t:|1733860009\n|move|p1a: Ursaring|Facade|p2a: Golduck\n|-damage|p2a: Golduck|0 fnt\n|faint|p2a: Golduck\n|\n|-damage|p1a: Ursaring|154/288 tox|[from] psn\n|upkeep\n|\n|t:|1733860010\n|switch|p2a: Duraludon|Duraludon, L82, M|249/249\n|-activate|p2a: Duraludon|move: Sticky Web\n|-unboost|p2a: Duraludon|spe|1\n|turn|11\n|\n|t:|1733860013\n|move|p1a: Ursaring|Close Combat|p2a: Duraludon\n|-supereffective|p2a: Duraludon\n|-damage|p2a: Duraludon|23/249\n|-unboost|p1a: Ursaring|def|1\n|-unboost|p1a: Ursaring|spd|1\n|move|p2a: Duraludon|Dragon Tail|p1a: Ursaring\n|-damage|p1a: Ursaring|58/288 tox\n|drag|p1a: Crawdaunt|Crawdaunt, L84, F|243/243\n|\n|upkeep\n|turn|12\n|\n|t:|1733860017\n|move|p1a: Crawdaunt|Knock Off|p2a: Duraludon\n|-damage|p2a: Duraludon|0 fnt\n|-enditem|p2a: Duraludon|Eviolite|[from] move: Knock Off|[of] p1a: Crawdaunt\n|faint|p2a: Duraludon\n|-damage|p1a: Crawdaunt|219/243|[from] item: Life Orb\n|\n|win|jdoskxjyy\n|raw|jdoskxjyy's rating: 1117 &rarr; <strong>1144</strong><br />(+27 for winning)\n|raw|DaniKuro's rating: 1143 &rarr; <strong>1116</strong><br />(-27 for losing)\n|l|\u2606DaniKuro\n|player|p2|\n", "inputlog": ">version bfd83cad13791eb5a5a409923076391caf6fb4d4\n>start {\"formatid\":\"gen9randombattle\",\"seed\":[2802,25337,8192,49419],\"rated\":\"Rated battle\"}\n>player p1 {\"name\":\"jdoskxjyy\",\"avatar\":\"169\",\"rating\":1117,\"seed\":[30342,55818,28499,22782]}\n>player p2 {\"name\":\"DaniKuro\",\"avatar\":\"266\",\"rating\":1143,\"seed\":[28752,16863,10559,43241]}\n>p1 move raindance\n>p2 move flowertrick\n>p1 move hurricane\n>p2 move flowertrick\n>p2 switch 5\n>p1 move wavecrash\n>p2 move bravebird\n>p1 switch 3\n>p2 switch 6\n>p1 move stickyweb\n>p2 move glare\n>p1 move thunder\n>p2 move knockoff\n>p1 move thunder\n>p2 move knockoff\n>p2 switch 4\n>p1 move thunder\n>p2 move ceaselessedge\n>p2 switch 2\n>p1 move thunder\n>p2 move icebeam\n>p1 switch 2\n>p1 move swordsdance\n>p2 move icebeam\n>p1 move facade\n>p2 move icebeam\n>p2 switch 3\n>p1 move closecombat\n>p2 move dragontail\n>p1 move knockoff\n>p2 move dragontail", "uploadtime": 1733860024, "views": 1, "formatid": "gen9randombattle", "rating": 1116, "private": 0, "password": null}