{"id": "gen9randombattle-2260822329", "format": "[Gen 9] Random Battle", "players": ["chelios919", "afos"], "log": "|j|\u2606chelios919\n|j|\u2606afos\n|t:|1733898378\n|gametype|singles\n|player|p1|chelios919|fisherman-gen4|1740\n|player|p2|afos|artist|1797\n|teamsize|p1|6\n|teamsize|p2|6\n|gen|9\n|tier|[Gen 9] Random Battle\n|rated|\n|rule|Species Clause: Limit one of each Pok\u00e9mon\n|rule|HP Percentage Mod: HP is shown in percentages\n|rule|Sleep Clause Mod: Limit one foe put to sleep\n|rule|Illusion Level Mod: Illusion disguises the Pok\u00e9mon's true level\n|\n|t:|1733898378\n|start\n|switch|p1a: Vikavolt|Vikavolt, L83, F|263/263\n|switch|p2a: Iron Moth|Iron Moth, L78|253/253\n|turn|1\n|inactive|Battle timer is ON: inactive players will automatically lose when time's up. (requested by afos)\n|inactive|chelios919 also wants the timer to be on.\n|\n|t:|1733898400\n|switch|p1a: Dachsbun|Dachsbun, L92, M|254/254\n|move|p2a: Iron Moth|Fiery Dance|p1a: Dachsbun\n|-ability|p1a: Dachsbun|Well-Baked Body|boost\n|-boost|p1a: Dachsbun|def|2\n|\n|upkeep\n|turn|2\n|\n|t:|1733898426\n|-end|p2a: Iron Moth|Quark Drive|[silent]\n|switch|p2a: Hatterene|Hatterene, L85, F|236/236\n|move|p1a: Dachsbun|Wish|p1a: Dachsbun\n|\n|upkeep\n|turn|3\n|\n|t:|1733898443\n|move|p1a: Dachsbun|Play Rough|p2a: Hatterene|[miss]\n|-miss|p1a: Dachsbun|p2a: Hatterene\n|move|p2a: Hatterene|Psychic|p1a: Dachsbun\n|-damage|p1a: Dachsbun|125/254\n|\n|-heal|p1a: Dachsbun|252/254|[from] move: Wish|[wisher] Dachsbun\n|-heal|p1a: Dachsbun|254/254|[from] item: Leftovers\n|upkeep\n|turn|4\n|\n|t:|1733898460\n|move|p1a: Dachsbun|Protect|p1a: Dachsbun\n|-singleturn|p1a: Dachsbun|Protect\n|move|p2a: Hatterene|Psychic|p1a: Dachsbun\n|-activate|p1a: Dachsbun|move: Protect\n|\n|upkeep\n|turn|5\n|\n|t:|1733898469\n|switch|p1a: Krookodile|Krookodile, L80, M|283/283\n|-ability|p1a: Krookodile|Intimidate|boost\n|-unboost|p2a: Hatterene|atk|1\n|move|p2a: Hatterene|Psychic|p1a: Krookodile\n|-immune|p1a: Krookodile\n|\n|upkeep\n|turn|6\n|\n|t:|1733898478\n|switch|p1a: Rotom|Rotom-Fan, L86|226/226\n|switch|p2a: Ting-Lu|Ting-Lu, L78|370/370\n|-ability|p2a: Ting-Lu|Vessel of Ruin\n|\n|upkeep\n|turn|7\n|\n|t:|1733898503\n|switch|p2a: Hatterene|Hatterene, L85, F|236/236\n|move|p1a: Rotom|Will-O-Wisp|p2a: Hatterene\n|move|p2a: Hatterene|Will-O-Wisp|p1a: Rotom|[from]ability: Magic Bounce\n|-status|p1a: Rotom|brn\n|\n|-damage|p1a: Rotom|212/226 brn|[from] brn\n|upkeep\n|turn|8\n|\n|t:|1733898517\n|move|p1a: Rotom|Nasty Plot|p1a: Rotom\n|-boost|p1a: Rotom|spa|2\n|move|p2a: Hatterene|Draining Kiss|p1a: Rotom\n|-damage|p1a: Rotom|154/226 brn\n|\n|-damage|p1a: Rotom|140/226 brn|[from] brn\n|upkeep\n|turn|9\n|\n|t:|1733898528\n|switch|p2a: Ting-Lu|Ting-Lu, L78|370/370\n|-ability|p2a: Ting-Lu|Vessel of Ruin\n|move|p1a: Rotom|Air Slash|p2a: Ting-Lu|[miss]\n|-miss|p1a: Rotom|p2a: Ting-Lu\n|\n|-damage|p1a: Rotom|126/226 brn|[from] brn\n|upkeep\n|turn|10\n|\n|t:|1733898537\n|move|p1a: Rotom|Will-O-Wisp|p2a: Ting-Lu\n|-status|p2a: Ting-Lu|brn\n|move|p2a: Ting-Lu|Ruination|p1a: Rotom\n|-damage|p1a: Rotom|63/226 brn\n|\n|-damage|p1a: Rotom|49/226 brn|[from] brn\n|-damage|p2a: Ting-Lu|347/370 brn|[from] brn\n|upkeep\n|turn|11\n|\n|t:|1733898548\n|move|p1a: Rotom|Air Slash|p2a: Ting-Lu\n|-damage|p2a: Ting-Lu|242/370 brn\n|cant|p2a: Ting-Lu|flinch\n|\n|-damage|p1a: Rotom|35/226 brn|[from] brn\n|-damage|p2a: Ting-Lu|219/370 brn|[from] brn\n|upkeep\n|turn|12\n|\n|t:|1733898566\n|move|p1a: Rotom|Air Slash|p2a: Ting-Lu\n|-damage|p2a: Ting-Lu|120/370 brn\n|move|p2a: Ting-Lu|Payback|p1a: Rotom\n|-crit|p1a: Rotom\n|-damage|p1a: Rotom|0 fnt\n|faint|p1a: Rotom\n|\n|-damage|p2a: Ting-Lu|97/370 brn|[from] brn\n|upkeep\n|\n|t:|1733898574\n|switch|p1a: Dachsbun|Dachsbun, L92, M|254/254\n|turn|13\n|\n|t:|1733898584\n|switch|p2a: Hatterene|Hatterene, L85, F|236/236\n|move|p1a: Dachsbun|Play Rough|p2a: Hatterene|[miss]\n|-miss|p1a: Dachsbun|p2a: Hatterene\n|\n|upkeep\n|turn|14\n|\n|t:|1733898598\n|move|p1a: Dachsbun|Protect|p1a: Dachsbun\n|-singleturn|p1a: Dachsbun|Protect\n|move|p2a: Hatterene|Calm Mind|p2a: Hatterene\n|-boost|p2a: Hatterene|spa|1\n|-boost|p2a: Hatterene|spd|1\n|\n|upkeep\n|turn|15\n|\n|t:|1733898604\n|move|p1a: Dachsbun|Play Rough|p2a: Hatterene\n|-damage|p2a: Hatterene|140/236\n|move|p2a: Hatterene|Draining Kiss|p1a: Dachsbun\n|-damage|p1a: Dachsbun|151/254\n|-heal|p2a: Hatterene|217/236|[from] drain|[of] p1a: Dachsbun\n|\n|-heal|p1a: Dachsbun|166/254|[from] item: Leftovers\n|-heal|p2a: Hatterene|231/236|[from] item: Leftovers\n|upkeep\n|turn|16\n|\n|t:|1733898612\n|move|p1a: Dachsbun|Play Rough|p2a: Hatterene\n|-damage|p2a: Hatterene|132/236\n|move|p2a: Hatterene|Draining Kiss|p1a: Dachsbun\n|-damage|p1a: Dachsbun|60/254\n|-heal|p2a: Hatterene|212/236|[from] drain|[of] p1a: Dachsbun\n|\n|-heal|p1a: Dachsbun|75/254|[from] item: Leftovers\n|-heal|p2a: Hatterene|226/236|[from] item: Leftovers\n|upkeep\n|turn|17\n|\n|t:|1733898618\n|switch|p1a: Salazzle|Salazzle, L83, F|249/249\n|move|p2a: Hatterene|Draining Kiss|p1a: Salazzle\n|-resisted|p1a: Salazzle\n|-crit|p1a: Salazzle\n|-damage|p1a: Salazzle|198/249\n|-heal|p2a: Hatterene|236/236|[from] drain|[of] p1a: Salazzle\n|\n|upkeep\n|turn|18\n|\n|t:|1733898625\n|-terastallize|p1a: Salazzle|Grass\n|move|p1a: Salazzle|Nasty Plot|p1a: Salazzle\n|-boost|p1a: Salazzle|spa|2\n|move|p2a: Hatterene|Psychic|p1a: Salazzle\n|-damage|p1a: Salazzle|0 fnt\n|faint|p1a: Salazzle\n|\n|upkeep\n|-message|chelios919 forfeited.\n|\n|win|afos\n|raw|chelios919's rating: 1740 &rarr; <strong>1723</strong><br />(-17 for losing)\n|raw|afos's rating: 1797 &rarr; <strong>1814</strong><br />(+17 for winning)\n|l|\u2606chelios919\n|player|p1|\n", "inputlog": ">version bfd83cad13791eb5a5a409923076391caf6fb4d4\n>start {\"formatid\":\"gen9randombattle\",\"seed\":[55495,26809,23507,48333],\"rated\":\"Rated battle\"}\n>player p1 {\"name\":\"chelios919\",\"avatar\":\"fisherman-gen4\",\"rating\":1740,\"seed\":[52990,52602,30276,12932]}\n>player p2 {\"name\":\"afos\",\"avatar\":\"artist\",\"rating\":1797,\"seed\":[10666,24783,49845,59732]}\n>p1 switch 2\n>p2 move fierydance\n>p1 move wish\n>p2 switch 3\n>p1 move playrough\n>p2 move psychic\n>p1 move protect\n>p2 move psychic\n>p1 switch 6\n>p2 move psychic\n>p1 switch 4\n>p2 switch 2\n>p1 move willowisp\n>p2 switch 2\n>p1 move nastyplot\n>p2 move drainingkiss\n>p1 move airslash\n>p2 switch 2\n>p1 move willowisp\n>p2 move ruination\n>p1 move airslash\n>p2 move payback\n>p1 move airslash\n>p2 move payback\n>p1 switch 6\n>p1 move playrough\n>p2 switch 2\n>p1 move protect\n>p2 move calmmind\n>p1 move playrough\n>p2 move drainingkiss\n>p1 move playrough\n>p2 move drainingkiss\n>p1 switch 3\n>p2 move drainingkiss\n>p1 move nastyplot terastallize\n>p2 move psychic\n>forcelose p1", "uploadtime": 1733898634, "views": 3, "formatid": "gen9randombattle", "rating": 1723, "private": 0, "password": null}