{"id": "gen9randombattle-2054262169", "format": "[Gen 9] Random Battle", "players": ["pokeblade\u2606101", "supergriefer101"], "log": "|j|\u2606pokeblade\u2606101\n|j|\u2606supergriefer101\n|t:|1707349127\n|gametype|singles\n|player|p1|pokeblade\u2606101|#rbtt7teamchiyu|2286\n|player|p2|supergriefer101|102|2248\n|teamsize|p1|6\n|teamsize|p2|6\n|gen|9\n|tier|[Gen 9] Random Battle\n|rated|\n|rule|Species Clause: Limit one of each Pok\u00e9mon\n|rule|HP Percentage Mod: HP is shown in percentages\n|rule|Sleep Clause Mod: Limit one foe put to sleep\n|rule|Illusion Level Mod: Illusion disguises the Pok\u00e9mon's true level\n|\n|t:|1707349127\n|start\n|switch|p1a: Virizion|Virizion, L82|283/283\n|switch|p2a: Tauros|Tauros-Paldea-Combat, L84, M|263/263\n|-ability|p2a: Tauros|Intimidate|boost\n|-unboost|p1a: Virizion|atk|1\n|turn|1\n|j| enyao\n|l| enyao\n|\n|t:|1707349155\n|move|p1a: Virizion|Swords Dance|p1a: Virizion\n|-boost|p1a: Virizion|atk|2\n|move|p2a: Tauros|Bulk Up|p2a: Tauros\n|-boost|p2a: Tauros|atk|1\n|-boost|p2a: Tauros|def|1\n|\n|upkeep\n|turn|2\n|\n|t:|1707349164\n|move|p1a: Virizion|Close Combat|p2a: Tauros\n|-damage|p2a: Tauros|123/263\n|-unboost|p1a: Virizion|def|1\n|-unboost|p1a: Virizion|spd|1\n|-damage|p1a: Virizion|255/283|[from] item: Life Orb\n|move|p2a: Tauros|Close Combat|p1a: Virizion\n|-damage|p1a: Virizion|0 fnt\n|-unboost|p2a: Tauros|def|1\n|-unboost|p2a: Tauros|spd|1\n|faint|p1a: Virizion\n|-damage|p2a: Tauros|97/263|[from] item: Life Orb\n|\n|upkeep\n|\n|t:|1707349172\n|switch|p1a: Ambipom|Ambipom, L84, M|263/263\n|turn|3\n|\n|t:|1707349179\n|switch|p2a: Regirock|Regirock, L86|278/278\n|move|p1a: Ambipom|Double-Edge|p2a: Regirock\n|-resisted|p2a: Regirock\n|-damage|p2a: Regirock|237/278\n|-damage|p1a: Ambipom|249/263|[from] Recoil\n|\n|upkeep\n|turn|4\n|\n|t:|1707349185\n|move|p1a: Ambipom|U-turn|p2a: Regirock\n|-damage|p2a: Regirock|213/278\n|\n|t:|1707349194\n|switch|p1a: Iron Jugulis|Iron Jugulis, L78|275/275|[from] U-turn\n|move|p2a: Regirock|Thunder Wave|p1a: Iron Jugulis\n|-status|p1a: Iron Jugulis|par\n|\n|upkeep\n|turn|5\n|\n|t:|1707349202\n|switch|p2a: Swampert|Swampert, L83, M|302/302\n|move|p1a: Iron Jugulis|Hydro Pump|p2a: Swampert\n|-damage|p2a: Swampert|223/302\n|\n|-heal|p2a: Swampert|241/302|[from] item: Leftovers\n|upkeep\n|turn|6\n|\n|t:|1707349208\n|-end|p1a: Iron Jugulis|Quark Drive|[silent]\n|switch|p1a: Blissey|Blissey, L84, F|566/566\n|move|p2a: Swampert|Stealth Rock|p1a: Blissey\n|-sidestart|p1: pokeblade\u2606101|move: Stealth Rock\n|\n|-heal|p2a: Swampert|259/302|[from] item: Leftovers\n|upkeep\n|turn|7\n|\n|t:|1707349213\n|move|p2a: Swampert|Earthquake|p1a: Blissey\n|-damage|p1a: Blissey|220/566\n|move|p1a: Blissey|Stealth Rock|p2a: Swampert\n|-sidestart|p2: supergriefer101|move: Stealth Rock\n|\n|-heal|p2a: Swampert|277/302|[from] item: Leftovers\n|-heal|p1a: Blissey|255/566|[from] item: Leftovers\n|upkeep\n|turn|8\n|\n|t:|1707349218\n|switch|p1a: Iron Jugulis|Iron Jugulis, L78|275/275 par\n|-damage|p1a: Iron Jugulis|207/275 par|[from] Stealth Rock\n|move|p2a: Swampert|Earthquake|p1a: Iron Jugulis\n|-immune|p1a: Iron Jugulis\n|\n|-heal|p2a: Swampert|295/302|[from] item: Leftovers\n|upkeep\n|turn|9\n|\n|t:|1707349221\n|move|p1a: Iron Jugulis|Dark Pulse|p2a: Swampert\n|-damage|p2a: Swampert|208/302\n|move|p2a: Swampert|Ice Beam|p1a: Iron Jugulis\n|-supereffective|p1a: Iron Jugulis\n|-damage|p1a: Iron Jugulis|79/275 par\n|\n|-heal|p2a: Swampert|226/302|[from] item: Leftovers\n|upkeep\n|turn|10\n|\n|t:|1707349228\n|switch|p2a: Shiftry|Shiftry, L89, F|305/305\n|-damage|p2a: Shiftry|267/305|[from] Stealth Rock\n|move|p1a: Iron Jugulis|Dark Pulse|p2a: Shiftry\n|-resisted|p2a: Shiftry\n|-damage|p2a: Shiftry|216/305\n|\n|upkeep\n|turn|11\n|\n|t:|1707349236\n|-end|p1a: Iron Jugulis|Quark Drive|[silent]\n|switch|p1a: Ambipom|Ambipom, L84, M|249/263\n|-damage|p1a: Ambipom|217/263|[from] Stealth Rock\n|move|p2a: Shiftry|Tailwind|p2a: Shiftry\n|-sidestart|p2: supergriefer101|move: Tailwind\n|-ability|p2a: Shiftry|Wind Rider|boost\n|-boost|p2a: Shiftry|atk|1\n|\n|upkeep\n|turn|12\n|\n|t:|1707349239\n|move|p1a: Ambipom|Fake Out|p2a: Shiftry\n|-crit|p2a: Shiftry\n|-damage|p2a: Shiftry|81/305\n|cant|p2a: Shiftry|flinch\n|\n|upkeep\n|turn|13\n|\n|t:|1707349246\n|switch|p1a: Blissey|Blissey, L84, F|255/566\n|-damage|p1a: Blissey|185/566|[from] Stealth Rock\n|move|p2a: Shiftry|Knock Off|p1a: Blissey\n|-crit|p1a: Blissey\n|-damage|p1a: Blissey|0 fnt\n|-enditem|p1a: Blissey|Leftovers|[from] move: Knock Off|[of] p2a: Shiftry\n|faint|p1a: Blissey\n|-damage|p2a: Shiftry|51/305|[from] item: Life Orb\n|\n|upkeep\n|\n|t:|1707349249\n|switch|p1a: Ambipom|Ambipom, L84, M|217/263\n|-damage|p1a: Ambipom|185/263|[from] Stealth Rock\n|turn|14\n|\n|t:|1707349252\n|switch|p2a: Regirock|Regirock, L86|213/278\n|-damage|p2a: Regirock|179/278|[from] Stealth Rock\n|move|p1a: Ambipom|U-turn|p2a: Regirock\n|-damage|p2a: Regirock|152/278\n|\n|t:|1707349256\n|switch|p1a: Heatran|Heatran, L79, M|273/273|[from] U-turn\n|-damage|p1a: Heatran|239/273|[from] Stealth Rock\n|\n|-sideend|p2: supergriefer101|move: Tailwind\n|upkeep\n|turn|15\n|j| Shaky3\n|\n|t:|1707349269\n|switch|p2a: Swampert|Swampert, L83, M|226/302\n|-damage|p2a: Swampert|208/302|[from] Stealth Rock\n|move|p1a: Heatran|Flash Cannon|p2a: Swampert\n|-resisted|p2a: Swampert\n|-damage|p2a: Swampert|160/302\n|\n|-heal|p2a: Swampert|178/302|[from] item: Leftovers\n|upkeep\n|turn|16\n|\n|t:|1707349278\n|move|p1a: Heatran|Flash Cannon|p2a: Swampert\n|-resisted|p2a: Swampert\n|-damage|p2a: Swampert|135/302\n|move|p2a: Swampert|Ice Beam|p1a: Heatran\n|-resisted|p1a: Heatran\n|-damage|p1a: Heatran|226/273\n|\n|-heal|p2a: Swampert|153/302|[from] item: Leftovers\n|upkeep\n|turn|17\n|\n|t:|1707349282\n|switch|p1a: Iron Jugulis|Iron Jugulis, L78|79/275 par\n|-damage|p1a: Iron Jugulis|11/275 par|[from] Stealth Rock\n|move|p2a: Swampert|Ice Beam|p1a: Iron Jugulis\n|-supereffective|p1a: Iron Jugulis\n|-damage|p1a: Iron Jugulis|0 fnt\n|faint|p1a: Iron Jugulis\n|-end|p1a: Iron Jugulis|Quark Drive|[silent]\n|\n|-heal|p2a: Swampert|171/302|[from] item: Leftovers\n|upkeep\n|\n|t:|1707349285\n|switch|p1a: Ambipom|Ambipom, L84, M|185/263\n|-damage|p1a: Ambipom|153/263|[from] Stealth Rock\n|turn|18\n|\n|t:|1707349292\n|move|p1a: Ambipom|Knock Off|p2a: Swampert\n|-damage|p2a: Swampert|106/302\n|-enditem|p2a: Swampert|Leftovers|[from] move: Knock Off|[of] p1a: Ambipom\n|move|p2a: Swampert|Earthquake|p1a: Ambipom\n|-damage|p1a: Ambipom|0 fnt\n|faint|p1a: Ambipom\n|\n|upkeep\n|\n|t:|1707349297\n|switch|p1a: Heatran|Heatran, L79, M|226/273\n|-damage|p1a: Heatran|192/273|[from] Stealth Rock\n|turn|19\n|\n|t:|1707349301\n|move|p1a: Heatran|Lava Plume|p2a: Swampert\n|-resisted|p2a: Swampert\n|-damage|p2a: Swampert|56/302\n|-status|p2a: Swampert|brn\n|move|p2a: Swampert|Roar|p1a: Heatran\n|drag|p1a: Polteageist|Polteageist-Antique, L79|224/224\n|-damage|p1a: Polteageist|196/224|[from] Stealth Rock\n|\n|-damage|p2a: Swampert|38/302 brn|[from] brn\n|upkeep\n|turn|20\n|\n|t:|1707349307\n|switch|p1a: Heatran|Heatran, L79, M|192/273\n|-damage|p1a: Heatran|158/273|[from] Stealth Rock\n|move|p2a: Swampert|Roar|p1a: Heatran\n|drag|p1a: Polteageist|Polteageist-Antique, L79|196/224\n|-damage|p1a: Polteageist|168/224|[from] Stealth Rock\n|\n|-damage|p2a: Swampert|20/302 brn|[from] brn\n|upkeep\n|turn|21\n|\n|t:|1707349312\n|move|p1a: Polteageist|Strength Sap|p2a: Swampert\n|-unboost|p2a: Swampert|atk|1\n|-heal|p1a: Polteageist|224/224\n|move|p2a: Swampert|Roar|p1a: Polteageist\n|drag|p1a: Heatran|Heatran, L79, M|158/273\n|-damage|p1a: Heatran|124/273|[from] Stealth Rock\n|\n|-damage|p2a: Swampert|2/302 brn|[from] brn\n|upkeep\n|turn|22\n|\n|t:|1707349319\n|move|p1a: Heatran|Flash Cannon|p2a: Swampert\n|-resisted|p2a: Swampert\n|-damage|p2a: Swampert|0 fnt\n|faint|p2a: Swampert\n|\n|upkeep\n|\n|t:|1707349352\n|switch|p2a: Shiftry|Shiftry, L89, F|51/305\n|-damage|p2a: Shiftry|13/305|[from] Stealth Rock\n|turn|23\n|c|\u2606supergriefer101|oh is this scarfed\n|c|\u2606supergriefer101|lol\n|\n|t:|1707349362\n|move|p1a: Heatran|Flash Cannon|p2a: Shiftry\n|-damage|p2a: Shiftry|0 fnt\n|faint|p2a: Shiftry\n|\n|upkeep\n|\n|t:|1707349368\n|switch|p2a: Phione|Phione, L90|290/290\n|-damage|p2a: Phione|254/290|[from] Stealth Rock\n|turn|24\n|\n|t:|1707349377\n|switch|p1a: Polteageist|Polteageist-Antique, L79|224/224\n|-damage|p1a: Polteageist|196/224|[from] Stealth Rock\n|move|p2a: Phione|Take Heart|p2a: Phione\n|-boost|p2a: Phione|spa|1\n|-boost|p2a: Phione|spd|1\n|\n|-heal|p2a: Phione|272/290|[from] item: Leftovers\n|upkeep\n|turn|25\n|\n|t:|1707349381\n|move|p2a: Phione|Scald|p1a: Polteageist\n|-damage|p1a: Polteageist|78/224\n|-status|p1a: Polteageist|brn\n|move|p1a: Polteageist|Shell Smash|p1a: Polteageist\n|-unboost|p1a: Polteageist|def|1\n|-unboost|p1a: Polteageist|spd|1\n|-boost|p1a: Polteageist|atk|2\n|-boost|p1a: Polteageist|spa|2\n|-boost|p1a: Polteageist|spe|2\n|-enditem|p1a: Polteageist|White Herb\n|-clearnegativeboost|p1a: Polteageist|[silent]\n|\n|-heal|p2a: Phione|290/290|[from] item: Leftovers\n|-damage|p1a: Polteageist|64/224 brn|[from] brn\n|upkeep\n|turn|26\n|\n|t:|1707349389\n|-terastallize|p2a: Phione|Grass\n|move|p1a: Polteageist|Strength Sap|p2a: Phione\n|-unboost|p2a: Phione|atk|1\n|-heal|p1a: Polteageist|213/224 brn\n|move|p2a: Phione|Scald|p1a: Polteageist\n|-damage|p1a: Polteageist|98/224 brn\n|-start|p2a: Phione|Disable|Scald|[from] ability: Cursed Body|[of] p1a: Polteageist\n|\n|-damage|p1a: Polteageist|84/224 brn|[from] brn\n|upkeep\n|turn|27\n|\n|t:|1707349397\n|-terastallize|p1a: Polteageist|Psychic\n|move|p1a: Polteageist|Stored Power|p2a: Phione\n|-damage|p2a: Phione|62/290\n|move|p2a: Phione|Ice Beam|p1a: Polteageist\n|-damage|p1a: Polteageist|0 fnt\n|faint|p1a: Polteageist\n|\n|-heal|p2a: Phione|80/290|[from] item: Leftovers\n|upkeep\n|\n|t:|1707349409\n|switch|p1a: Heatran|Heatran, L79, M|124/273\n|-damage|p1a: Heatran|90/273|[from] Stealth Rock\n|turn|28\n|c|\u2606pokeblade\u2606101|damn\n|\n|t:|1707349417\n|move|p1a: Heatran|Flash Cannon|p2a: Phione\n|-damage|p2a: Phione|20/290\n|-unboost|p2a: Phione|spd|1\n|move|p2a: Phione|Grass Knot|p1a: Heatran\n|-resisted|p1a: Heatran\n|-damage|p1a: Heatran|49/273\n|\n|-heal|p2a: Phione|38/290|[from] item: Leftovers\n|upkeep\n|turn|29\n|\n|t:|1707349422\n|move|p1a: Heatran|Flash Cannon|p2a: Phione\n|-damage|p2a: Phione|0 fnt\n|faint|p2a: Phione\n|\n|upkeep\n|c|\u2606supergriefer101|u might win\n|c|\u2606supergriefer101|idk if this kills\n|\n|t:|1707349437\n|switch|p2a: Tauros|Tauros-Paldea-Combat, L84, M|97/263\n|-damage|p2a: Tauros|81/263|[from] Stealth Rock\n|-ability|p2a: Tauros|Intimidate|boost\n|-unboost|p1a: Heatran|atk|1\n|turn|30\n|\n|t:|1707349442\n|move|p1a: Heatran|Flash Cannon|p2a: Tauros\n|-damage|p2a: Tauros|0 fnt\n|faint|p2a: Tauros\n|\n|upkeep\n|\n|t:|1707349444\n|switch|p2a: Regirock|Regirock, L86|152/278\n|-damage|p2a: Regirock|118/278|[from] Stealth Rock\n|turn|31\n|\n|t:|1707349446\n|move|p1a: Heatran|Flash Cannon|p2a: Regirock\n|-supereffective|p2a: Regirock\n|-damage|p2a: Regirock|0 fnt\n|faint|p2a: Regirock\n|\n|upkeep\n|\n|t:|1707349448\n|switch|p2a: Yanmega|Yanmega, L82, F|275/275\n|-damage|p2a: Yanmega|138/275|[from] Stealth Rock\n|turn|32\n|c|\u2606pokeblade\u2606101|lol\n|c|\u2606supergriefer101|its a roll i think\n|c|\u2606pokeblade\u2606101|this is a roll in your favour\n|\n|t:|1707349464\n|move|p1a: Heatran|Flash Cannon|p2a: Yanmega\n|-crit|p2a: Yanmega\n|-damage|p2a: Yanmega|0 fnt\n|faint|p2a: Yanmega\n|\n|win|pokeblade\u2606101\n|raw|pokeblade\u2606101's rating: 2286 &rarr; <strong>2304</strong><br />(+18 for winning)\n|raw|supergriefer101's rating: 2248 &rarr; <strong>2230</strong><br />(-18 for losing)\n|c|\u2606supergriefer101|ya\n|c|\u2606supergriefer101|LMAO\n|c|\u2606pokeblade\u2606101|oml\n|c|\u2606supergriefer101|gg\n", "inputlog": ">version 3c31c0fa45f6e7960912a41a53961f1af98ec26e\n>start {\"formatid\":\"gen9randombattle\",\"seed\":[41760,31316,48321,44572],\"rated\":\"Rated battle\"}\n>player p1 {\"name\":\"pokeblade\u2606101\",\"avatar\":\"#rbtt7teamchiyu\",\"rating\":2286,\"seed\":[34168,63683,30680,23909]}\n>player p2 {\"name\":\"supergriefer101\",\"avatar\":\"102\",\"rating\":2248,\"seed\":[35449,12229,14561,53721]}\n>p1 move swordsdance\n>p2 move bulkup\n>p1 move closecombat\n>p2 move closecombat\n>p1 switch 3\n>p1 move doubleedge\n>p2 switch 6\n>p1 move uturn\n>p2 move thunderwave\n>p1 switch 2\n>p1 move hydropump\n>p2 switch 4\n>p1 switch 5\n>p2 move stealthrock\n>p1 move stealthrock\n>p2 move earthquake\n>p1 switch 5\n>p2 move earthquake\n>p1 move darkpulse\n>p2 move icebeam\n>p1 move darkpulse\n>p2 switch 2\n>p1 switch 2\n>p2 move tailwind\n>p1 move fakeout\n>p2 move lowkick\n>p1 switch 5\n>p2 move knockoff\n>p1 switch 5\n>p1 move uturn\n>p2 switch 4\n>p1 switch 6\n>p1 move flashcannon\n>p2 switch 2\n>p1 move flashcannon\n>p2 move icebeam\n>p1 switch 2\n>p2 move icebeam\n>p1 switch 6\n>p1 move knockoff\n>p2 move earthquake\n>p1 switch 2\n>p1 move lavaplume\n>p2 move roar\n>p1 switch 4\n>p2 move roar\n>p1 move strengthsap\n>p2 move roar\n>p1 move flashcannon\n>p2 move earthquake\n>p2 switch 4\n>chat \u2606supergriefer101|oh is this scarfed\n>chat \u2606supergriefer101|lol\n>p1 move flashcannon\n>p2 move tailwind\n>p2 switch 5\n>p1 switch 4\n>p2 move takeheart\n>p1 move shellsmash\n>p2 move scald\n>p1 move strengthsap\n>p2 move scald terastallize\n>p1 move storedpower terastallize\n>p2 move icebeam\n>p1 switch 4\n>chat \u2606pokeblade\u2606101|damn\n>p1 move flashcannon\n>p2 move grassknot\n>p1 move flashcannon\n>p2 move grassknot\n>chat \u2606supergriefer101|u might win\n>chat \u2606supergriefer101|idk if this kills\n>p2 switch 6\n>p1 move flashcannon\n>p2 move closecombat\n>p2 switch 2\n>p1 move flashcannon\n>p2 move bodypress\n>p2 switch 3\n>chat \u2606pokeblade\u2606101|lol\n>chat \u2606supergriefer101|its a roll i think\n>chat \u2606pokeblade\u2606101|this is a roll in your favour \n>p1 move flashcannon\n>p2 move bugbuzz", "uploadtime": 1707349471, "views": 274, "formatid": "gen9randombattle", "rating": 2230, "private": 0, "password": null}