{"id": "gen9randombattle-2260318112", "format": "[Gen 9] Random Battle", "players": ["jermaineparker", "IburstU"], "log": "|j|\u2606jermaineparker\n|j|\u2606IburstU\n|t:|1733839259\n|gametype|singles\n|player|p1|jermaineparker|ballguy|1331\n|player|p2|IburstU|1|1374\n|teamsize|p1|6\n|teamsize|p2|6\n|gen|9\n|tier|[Gen 9] Random Battle\n|rated|\n|rule|Species Clause: Limit one of each Pok\u00e9mon\n|rule|HP Percentage Mod: HP is shown in percentages\n|rule|Sleep Clause Mod: Limit one foe put to sleep\n|rule|Illusion Level Mod: Illusion disguises the Pok\u00e9mon's true level\n|\n|t:|1733839259\n|start\n|switch|p1a: Terapagos|Terapagos, L76, M|262/262\n|switch|p2a: Ogerpon|Ogerpon-Cornerstone, L76, F|247/247\n|-activate|p1a: Terapagos|ability: Tera Shift\n|detailschange|p1a: Terapagos|Terapagos-Terastal, L76, M\n|-heal|p1a: Terapagos|269/269|[silent]\n|turn|1\n|inactive|Battle timer is ON: inactive players will automatically lose when time's up. (requested by jermaineparker)\n|inactive|jermaineparker has 120 seconds left.\n|inactive|IburstU has 120 seconds left.\n|\n|t:|1733839302\n|switch|p2a: Forretress|Forretress, L84, M|263/263\n|switch|p1a: Espathra|Espathra, L80, M|283/283\n|\n|upkeep\n|turn|2\n|\n|t:|1733839315\n|move|p1a: Espathra|Lumina Crash|p2a: Forretress\n|-resisted|p2a: Forretress\n|-damage|p2a: Forretress|177/263\n|-unboost|p2a: Forretress|spd|2\n|move|p2a: Forretress|Stealth Rock|p1a: Espathra\n|-sidestart|p1: jermaineparker|move: Stealth Rock\n|\n|-heal|p2a: Forretress|193/263|[from] item: Leftovers\n|-ability|p1a: Espathra|Speed Boost|boost\n|-boost|p1a: Espathra|spe|1\n|upkeep\n|turn|3\n|\n|t:|1733839325\n|move|p1a: Espathra|Lumina Crash|p2a: Forretress\n|-resisted|p2a: Forretress\n|-damage|p2a: Forretress|40/263\n|-unboost|p2a: Forretress|spd|2\n|move|p2a: Forretress|Toxic Spikes|p1a: Espathra\n|-sidestart|p1: jermaineparker|move: Toxic Spikes\n|\n|-heal|p2a: Forretress|56/263|[from] item: Leftovers\n|-ability|p1a: Espathra|Speed Boost|boost\n|-boost|p1a: Espathra|spe|1\n|upkeep\n|turn|4\n|\n|t:|1733839343\n|move|p1a: Espathra|Lumina Crash|p2a: Forretress\n|-resisted|p2a: Forretress\n|-damage|p2a: Forretress|0 fnt\n|faint|p2a: Forretress\n|\n|-ability|p1a: Espathra|Speed Boost|boost\n|-boost|p1a: Espathra|spe|1\n|upkeep\n|\n|t:|1733839351\n|switch|p2a: Sudowoodo|Sudowoodo, L94, F|284/284\n|turn|5\n|\n|t:|1733839361\n|move|p2a: Sudowoodo|Sucker Punch|p1a: Espathra\n|-supereffective|p1a: Espathra\n|-damage|p1a: Espathra|21/283\n|move|p1a: Espathra|Lumina Crash|p2a: Sudowoodo\n|-damage|p2a: Sudowoodo|139/284\n|-unboost|p2a: Sudowoodo|spd|2\n|\n|-ability|p1a: Espathra|Speed Boost|boost\n|-boost|p1a: Espathra|spe|1\n|upkeep\n|turn|6\n|\n|t:|1733839373\n|move|p2a: Sudowoodo|Sucker Punch|p1a: Espathra\n|-supereffective|p1a: Espathra\n|-damage|p1a: Espathra|0 fnt\n|faint|p1a: Espathra\n|\n|upkeep\n|\n|t:|1733839378\n|switch|p1a: Terapagos|Terapagos-Terastal, L76, M|269/269\n|turn|7\n|\n|t:|1733839389\n|switch|p2a: Tropius|Tropius, L91, F|328/328\n|move|p1a: Terapagos|Rapid Spin|p2a: Tropius\n|-damage|p2a: Tropius|288/328\n|-boost|p1a: Terapagos|spe|1\n|-sideend|p1: jermaineparker|Toxic Spikes|[from] move: Rapid Spin|[of] p1a: Terapagos\n|-sideend|p1: jermaineparker|Stealth Rock|[from] move: Rapid Spin|[of] p1a: Terapagos\n|\n|upkeep\n|turn|8\n|\n|t:|1733839397\n|switch|p1a: Cloyster|Cloyster, L80, M|211/211\n|move|p2a: Tropius|Dragon Dance|p2a: Tropius\n|-boost|p2a: Tropius|atk|1\n|-boost|p2a: Tropius|spe|1\n|\n|upkeep\n|turn|9\n|\n|t:|1733839405\n|move|p2a: Tropius|Leaf Blade|p1a: Cloyster\n|-supereffective|p1a: Cloyster\n|-damage|p1a: Cloyster|47/211\n|move|p1a: Cloyster|Shell Smash|p1a: Cloyster\n|-unboost|p1a: Cloyster|def|1\n|-unboost|p1a: Cloyster|spd|1\n|-boost|p1a: Cloyster|atk|2\n|-boost|p1a: Cloyster|spa|2\n|-boost|p1a: Cloyster|spe|2\n|-enditem|p1a: Cloyster|White Herb\n|-clearnegativeboost|p1a: Cloyster|[silent]\n|\n|upkeep\n|turn|10\n|\n|t:|1733839412\n|move|p1a: Cloyster|Icicle Spear|p2a: Tropius\n|-supereffective|p2a: Tropius\n|-damage|p2a: Tropius|108/328\n|-enditem|p2a: Tropius|Sitrus Berry|[eat]\n|-heal|p2a: Tropius|190/328|[from] item: Sitrus Berry\n|-supereffective|p2a: Tropius\n|-damage|p2a: Tropius|0 fnt\n|faint|p2a: Tropius\n|-hitcount|p2: Tropius|2\n|\n|upkeep\n|\n|t:|1733839415\n|switch|p2a: Sudowoodo|Sudowoodo, L94, F|139/284\n|turn|11\n|\n|t:|1733839431\n|move|p2a: Sudowoodo|Sucker Punch||[still]\n|-fail|p2a: Sudowoodo\n|move|p1a: Cloyster|Shell Smash|p1a: Cloyster\n|-unboost|p1a: Cloyster|def|1\n|-unboost|p1a: Cloyster|spd|1\n|-boost|p1a: Cloyster|atk|2\n|-boost|p1a: Cloyster|spa|2\n|-boost|p1a: Cloyster|spe|2\n|\n|upkeep\n|turn|12\n|\n|t:|1733839436\n|move|p2a: Sudowoodo|Sucker Punch||[still]\n|-fail|p2a: Sudowoodo\n|move|p1a: Cloyster|Shell Smash|p1a: Cloyster\n|-unboost|p1a: Cloyster|def|1\n|-unboost|p1a: Cloyster|spd|1\n|-boost|p1a: Cloyster|atk|2\n|-boost|p1a: Cloyster|spa|2\n|-boost|p1a: Cloyster|spe|2\n|\n|upkeep\n|turn|13\n|\n|t:|1733839440\n|move|p2a: Sudowoodo|Sucker Punch||[still]\n|-fail|p2a: Sudowoodo\n|move|p1a: Cloyster|Shell Smash|p1a: Cloyster\n|-unboost|p1a: Cloyster|def|1\n|-unboost|p1a: Cloyster|spd|1\n|-boost|p1a: Cloyster|atk|0\n|-boost|p1a: Cloyster|spa|0\n|-boost|p1a: Cloyster|spe|0\n|\n|upkeep\n|turn|14\n|\n|t:|1733839444\n|move|p2a: Sudowoodo|Sucker Punch||[still]\n|-fail|p2a: Sudowoodo\n|move|p1a: Cloyster|Shell Smash|p1a: Cloyster\n|-unboost|p1a: Cloyster|def|1\n|-unboost|p1a: Cloyster|spd|1\n|-boost|p1a: Cloyster|atk|0\n|-boost|p1a: Cloyster|spa|0\n|-boost|p1a: Cloyster|spe|0\n|\n|upkeep\n|turn|15\n|\n|t:|1733839448\n|move|p2a: Sudowoodo|Sucker Punch||[still]\n|-fail|p2a: Sudowoodo\n|move|p1a: Cloyster|Shell Smash|p1a: Cloyster\n|-unboost|p1a: Cloyster|def|1\n|-unboost|p1a: Cloyster|spd|1\n|-boost|p1a: Cloyster|atk|0\n|-boost|p1a: Cloyster|spa|0\n|-boost|p1a: Cloyster|spe|0\n|\n|upkeep\n|turn|16\n|\n|t:|1733839451\n|move|p2a: Sudowoodo|Sucker Punch||[still]\n|-fail|p2a: Sudowoodo\n|move|p1a: Cloyster|Shell Smash|p1a: Cloyster\n|-unboost|p1a: Cloyster|def|1\n|-unboost|p1a: Cloyster|spd|1\n|-boost|p1a: Cloyster|atk|0\n|-boost|p1a: Cloyster|spa|0\n|-boost|p1a: Cloyster|spe|0\n|\n|upkeep\n|turn|17\n|\n|t:|1733839454\n|move|p1a: Cloyster|Icicle Spear|p2a: Sudowoodo\n|-damage|p2a: Sudowoodo|69/284\n|-damage|p2a: Sudowoodo|0 fnt\n|faint|p2a: Sudowoodo\n|-hitcount|p2: Sudowoodo|2\n|\n|upkeep\n|\n|t:|1733839467\n|switch|p2a: Ogerpon|Ogerpon-Cornerstone, L76, F|247/247\n|turn|18\n|\n|t:|1733839473\n|-terastallize|p2a: Ogerpon|Rock\n|detailschange|p2a: Ogerpon|Ogerpon-Cornerstone-Tera, L76, F, tera:Rock\n|-ability|p2a: Ogerpon|Embody Aspect (Cornerstone)|boost\n|-boost|p2a: Ogerpon|def|1\n|move|p1a: Cloyster|Icicle Spear|p2a: Ogerpon\n|-damage|p2a: Ogerpon|175/247\n|-damage|p2a: Ogerpon|96/247\n|-damage|p2a: Ogerpon|21/247\n|-damage|p2a: Ogerpon|0 fnt\n|faint|p2a: Ogerpon\n|-hitcount|p2: Ogerpon|4\n|\n|upkeep\n|\n|t:|1733839481\n|switch|p2a: Enamorus|Enamorus, L79, F|247/247\n|turn|19\n|\n|t:|1733839483\n|move|p1a: Cloyster|Icicle Spear|p2a: Enamorus\n|-supereffective|p2a: Enamorus\n|-damage|p2a: Enamorus|0 fnt\n|faint|p2a: Enamorus\n|-hitcount|p2: Enamorus|1\n|\n|upkeep\n|\n|t:|1733839485\n|switch|p2a: Furret|Furret, L94, M|312/312\n|turn|20\n|-message|IburstU forfeited.\n|\n|win|jermaineparker\n|raw|jermaineparker's rating: 1331 &rarr; <strong>1353</strong><br />(+22 for winning)\n|raw|IburstU's rating: 1374 &rarr; <strong>1352</strong><br />(-22 for losing)\n|l|\u2606IburstU\n|player|p2|\n", "inputlog": ">version bfd83cad13791eb5a5a409923076391caf6fb4d4\n>start {\"formatid\":\"gen9randombattle\",\"seed\":[35981,49880,45014,48582],\"rated\":\"Rated battle\"}\n>player p1 {\"name\":\"jermaineparker\",\"avatar\":\"ballguy\",\"rating\":1331,\"seed\":[33815,2428,1477,30625]}\n>player p2 {\"name\":\"IburstU\",\"avatar\":\"1\",\"rating\":1374,\"seed\":[22435,63586,38028,2880]}\n>p1 switch 2\n>p2 switch 5\n>p1 move luminacrash\n>p2 move stealthrock\n>p1 move luminacrash\n>p2 move toxicspikes\n>p1 move luminacrash\n>p2 move toxicspikes\n>p2 switch 2\n>p1 move luminacrash\n>p2 move suckerpunch\n>p1 move luminacrash\n>p2 move suckerpunch\n>p1 switch 2\n>p1 move rapidspin\n>p2 switch 6\n>p1 switch 6\n>p2 move dragondance\n>p1 move shellsmash\n>p2 move leafblade\n>p1 move iciclespear\n>p2 move leafblade\n>p2 switch 6\n>p1 move shellsmash\n>p2 move suckerpunch\n>p1 move shellsmash\n>p2 move suckerpunch\n>p1 move shellsmash\n>p2 move suckerpunch\n>p1 move shellsmash\n>p2 move suckerpunch\n>p1 move shellsmash\n>p2 move suckerpunch\n>p1 move shellsmash\n>p2 move suckerpunch\n>p1 move iciclespear\n>p2 move struggle\n>p2 switch 5\n>p1 move iciclespear\n>p2 move ivycudgel terastallize\n>p2 switch 3\n>p1 move iciclespear\n>p2 move mysticalfire\n>p2 switch 4\n>forcelose p2", "uploadtime": 1733839491, "views": 2, "formatid": "gen9randombattle", "rating": 1352, "private": 0, "password": null}