{"id": "gen9randombattle-2260726565", "format": "[Gen 9] Random Battle", "players": ["thunderphoenix256", "Rouge101"], "log": "|j|\u2606thunderphoenix256\n|j|\u2606Rouge101\n|t:|1733883533\n|gametype|singles\n|player|p1|thunderphoenix256|102|\n|player|p2|Rouge101|fisherman|\n|teamsize|p1|6\n|teamsize|p2|6\n|gen|9\n|tier|[Gen 9] Random Battle\n|rule|Species Clause: Limit one of each Pok\u00e9mon\n|rule|HP Percentage Mod: HP is shown in percentages\n|rule|Sleep Clause Mod: Limit one foe put to sleep\n|rule|Illusion Level Mod: Illusion disguises the Pok\u00e9mon's true level\n|\n|t:|1733883533\n|start\n|switch|p1a: Hitmonlee|Hitmonlee, L85, M|224/224\n|switch|p2a: Illumise|Illumise, L91, F|266/266\n|turn|1\n|j| Bu11seye\n|\n|t:|1733883591\n|move|p2a: Illumise|Thunder Wave|p1a: Hitmonlee\n|-status|p1a: Hitmonlee|par\n|move|p1a: Hitmonlee|Swords Dance|p1a: Hitmonlee\n|-boost|p1a: Hitmonlee|atk|2\n|\n|upkeep\n|turn|2\n|inactive|Battle timer is ON: inactive players will automatically lose when time's up. (requested by Rouge101)\n|\n|t:|1733883609\n|move|p2a: Illumise|Bug Buzz|p1a: Hitmonlee\n|-resisted|p1a: Hitmonlee\n|-damage|p1a: Hitmonlee|189/224 par\n|move|p1a: Hitmonlee|Poison Jab|p2a: Illumise\n|-damage|p2a: Illumise|109/266\n|\n|upkeep\n|turn|3\n|\n|t:|1733883616\n|move|p2a: Illumise|Encore|p1a: Hitmonlee\n|-start|p1a: Hitmonlee|Encore\n|move|p1a: Hitmonlee|Poison Jab|p2a: Illumise\n|-damage|p2a: Illumise|0 fnt\n|faint|p2a: Illumise\n|\n|upkeep\n|\n|t:|1733883627\n|switch|p2a: Swalot|Swalot, L90, M|326/326\n|turn|4\n|inactive|thunderphoenix256 has 270 seconds left.\n|\n|t:|1733883678\n|switch|p1a: Maushold|Maushold-Four, L76|238/238\n|move|p2a: Swalot|Earthquake|p1a: Maushold\n|-damage|p1a: Maushold|149/238\n|\n|upkeep\n|turn|5\n|inactive|thunderphoenix256 has 240 seconds left.\n|l| Bu11seye\n|\n|t:|1733883713\n|move|p1a: Maushold|Tidy Up|p1a: Maushold\n|-boost|p1a: Maushold|atk|1\n|-boost|p1a: Maushold|spe|1\n|move|p2a: Swalot|Knock Off|p1a: Maushold\n|-damage|p1a: Maushold|69/238\n|-enditem|p1a: Maushold|Wide Lens|[from] move: Knock Off|[of] p2a: Swalot\n|\n|upkeep\n|turn|6\n|j| Bu11seye\n|\n|t:|1733883734\n|move|p1a: Maushold|Population Bomb|p2a: Swalot\n|-damage|p2a: Swalot|293/326\n|-damage|p2a: Swalot|259/326\n|-hitcount|p2a: Swalot|2\n|move|p2a: Swalot|Earthquake|p1a: Maushold\n|-damage|p1a: Maushold|0 fnt\n|faint|p1a: Maushold\n|\n|-heal|p2a: Swalot|279/326|[from] item: Leftovers\n|upkeep\n|c| Bu11seye|2 hit is rough\n|inactive|thunderphoenix256 has 210 seconds left.\n|c|\u2606thunderphoenix256|that was... underwhelming\n|\n|t:|1733883777\n|switch|p1a: Hitmonlee|Hitmonlee, L85, M|189/224 par\n|turn|7\n|\n|t:|1733883784\n|move|p2a: Swalot|Swords Dance|p2a: Swalot\n|-boost|p2a: Swalot|atk|2\n|move|p1a: Hitmonlee|Swords Dance|p1a: Hitmonlee\n|-boost|p1a: Hitmonlee|atk|2\n|\n|-heal|p2a: Swalot|299/326|[from] item: Leftovers\n|upkeep\n|turn|8\n|\n|t:|1733883791\n|move|p2a: Swalot|Swords Dance|p2a: Swalot\n|-boost|p2a: Swalot|atk|2\n|move|p1a: Hitmonlee|Knock Off|p2a: Swalot\n|-damage|p2a: Swalot|138/326\n|-enditem|p2a: Swalot|Leftovers|[from] move: Knock Off|[of] p1a: Hitmonlee\n|\n|upkeep\n|turn|9\n|\n|t:|1733883810\n|move|p2a: Swalot|Earthquake|p1a: Hitmonlee\n|-damage|p1a: Hitmonlee|0 fnt\n|faint|p1a: Hitmonlee\n|\n|upkeep\n|inactive|thunderphoenix256 has 180 seconds left.\n|\n|t:|1733883831\n|switch|p1a: Venomoth|Venomoth, L84, M|255/255\n|turn|10\n|\n|t:|1733883837\n|move|p1a: Venomoth|Sleep Powder|p2a: Swalot\n|-status|p2a: Swalot|slp|[from] move: Sleep Powder\n|cant|p2a: Swalot|slp\n|\n|upkeep\n|turn|11\n|\n|t:|1733883843\n|move|p1a: Venomoth|Quiver Dance|p1a: Venomoth\n|-boost|p1a: Venomoth|spa|1\n|-boost|p1a: Venomoth|spd|1\n|-boost|p1a: Venomoth|spe|1\n|cant|p2a: Swalot|slp\n|\n|upkeep\n|turn|12\n|\n|t:|1733883851\n|move|p1a: Venomoth|Quiver Dance|p1a: Venomoth\n|-boost|p1a: Venomoth|spa|1\n|-boost|p1a: Venomoth|spd|1\n|-boost|p1a: Venomoth|spe|1\n|cant|p2a: Swalot|slp\n|\n|upkeep\n|turn|13\n|\n|t:|1733883861\n|move|p1a: Venomoth|Bug Buzz|p2a: Swalot\n|-resisted|p2a: Swalot\n|-damage|p2a: Swalot|0 fnt\n|faint|p2a: Swalot\n|\n|upkeep\n|c| Bu11seye|is this a counter sweep?\n|inactive|Rouge101 has 270 seconds left.\n|\n|t:|1733883894\n|switch|p2a: Metagross|Metagross, L79|256/256\n|turn|14\n|c|\u2606thunderphoenix256|that remains to be seen\n|inactive|thunderphoenix256 has 210 seconds left.\n|c|\u2606thunderphoenix256|probably not lol\n|c|\u2606thunderphoenix256|actually\n|\n|t:|1733883917\n|-terastallize|p1a: Venomoth|Steel\n|move|p1a: Venomoth|Bug Buzz|p2a: Metagross\n|-damage|p2a: Metagross|57/256\n|move|p2a: Metagross|Psychic Fangs|p1a: Venomoth\n|-resisted|p1a: Venomoth\n|-damage|p1a: Venomoth|184/255\n|\n|upkeep\n|turn|15\n|c|\u2606thunderphoenix256|hehehe\n|c|\u2606Rouge101|Nice\n|\n|t:|1733883934\n|move|p1a: Venomoth|Bug Buzz|p2a: Metagross\n|-damage|p2a: Metagross|0 fnt\n|faint|p2a: Metagross\n|\n|upkeep\n|c| Bu11seye|nicee\n|c|\u2606thunderphoenix256|thank you :D\n|inactive|Rouge101 has 270 seconds left.\n|\n|t:|1733883954\n|switch|p2a: Quaquaval|Quaquaval, L79, M|264/264\n|turn|16\n|\n|t:|1733883974\n|move|p1a: Venomoth|Sludge Wave|p2a: Quaquaval\n|-damage|p2a: Quaquaval|30/264\n|move|p2a: Quaquaval|Close Combat|p1a: Venomoth\n|-supereffective|p1a: Venomoth\n|-crit|p1a: Venomoth\n|-damage|p1a: Venomoth|0 fnt\n|-unboost|p2a: Quaquaval|def|1\n|-unboost|p2a: Quaquaval|spd|1\n|faint|p1a: Venomoth\n|-ability|p2a: Quaquaval|Moxie|boost\n|-boost|p2a: Quaquaval|atk|1\n|\n|upkeep\n|inactive|thunderphoenix256 has 180 seconds left.\n|\n|t:|1733884012\n|switch|p1a: Wigglytuff|Wigglytuff, L96, M|424/424\n|turn|17\n|c|\u2606thunderphoenix256|now THIS might be a reverse sweep :O\n|inactive|thunderphoenix256 has 150 seconds left.\n|l| Bu11seye\n|\n|t:|1733884037\n|move|p2a: Quaquaval|Close Combat|p1a: Wigglytuff\n|-damage|p1a: Wigglytuff|40/424\n|-unboost|p2a: Quaquaval|def|1\n|-unboost|p2a: Quaquaval|spd|1\n|move|p1a: Wigglytuff|Dazzling Gleam|p2a: Quaquaval\n|-supereffective|p2a: Quaquaval\n|-damage|p2a: Quaquaval|0 fnt\n|faint|p2a: Quaquaval\n|\n|-heal|p1a: Wigglytuff|66/424|[from] item: Leftovers\n|upkeep\n|\n|t:|1733884046\n|switch|p2a: Pikachu|Pikachu-Hoenn, L93, M|216/216\n|turn|18\n|c|\u2606thunderphoenix256|omg thank u wigglytuff\n|inactive|thunderphoenix256 has 150 seconds left.\n|\n|t:|1733884068\n|move|p2a: Pikachu|Surf|p1a: Wigglytuff\n|-damage|p1a: Wigglytuff|0 fnt\n|faint|p1a: Wigglytuff\n|\n|upkeep\n|\n|t:|1733884072\n|switch|p1a: Ogerpon|Ogerpon, L80, F|259/259\n|turn|19\n|inactive|thunderphoenix256 has 150 seconds left.\n|\n|t:|1733884084\n|move|p1a: Ogerpon|Knock Off|p2a: Pikachu\n|-damage|p2a: Pikachu|110/216\n|-enditem|p2a: Pikachu|Light Ball|[from] move: Knock Off|[of] p1a: Ogerpon\n|move|p2a: Pikachu|Volt Switch|p1a: Ogerpon\n|-resisted|p1a: Ogerpon\n|-damage|p1a: Ogerpon|231/259\n|\n|t:|1733884088\n|switch|p2a: Bellossom|Bellossom, L84, F|263/263|[from] Volt Switch\n|\n|upkeep\n|turn|20\n|\n|t:|1733884101\n|move|p1a: Ogerpon|Knock Off|p2a: Bellossom\n|-damage|p2a: Bellossom|189/263\n|-enditem|p2a: Bellossom|Leftovers|[from] move: Knock Off|[of] p1a: Ogerpon\n|move|p2a: Bellossom|Sludge Bomb|p1a: Ogerpon\n|-supereffective|p1a: Ogerpon\n|-damage|p1a: Ogerpon|105/259\n|-status|p1a: Ogerpon|psn\n|\n|-damage|p1a: Ogerpon|73/259 psn|[from] psn\n|upkeep\n|turn|21\n|inactive|thunderphoenix256 has 150 seconds left.\n|\n|t:|1733884126\n|switch|p1a: Tyranitar|Tyranitar, L79, M|288/288\n|-weather|Sandstorm|[from] ability: Sand Stream|[of] p1a: Tyranitar\n|move|p2a: Bellossom|Sludge Bomb|p1a: Tyranitar\n|-resisted|p1a: Tyranitar\n|-damage|p1a: Tyranitar|270/288\n|\n|-weather|Sandstorm|[upkeep]\n|-damage|p2a: Bellossom|173/263|[from] Sandstorm\n|-heal|p1a: Tyranitar|288/288|[from] item: Leftovers\n|upkeep\n|turn|22\n|\n|t:|1733884145\n|move|p1a: Tyranitar|Ice Punch|p2a: Bellossom\n|-supereffective|p2a: Bellossom\n|-damage|p2a: Bellossom|59/263\n|move|p2a: Bellossom|Giga Drain|p1a: Tyranitar\n|-supereffective|p1a: Tyranitar\n|-damage|p1a: Tyranitar|184/288\n|-heal|p2a: Bellossom|111/263|[from] drain|[of] p1a: Tyranitar\n|\n|-weather|Sandstorm|[upkeep]\n|-damage|p2a: Bellossom|95/263|[from] Sandstorm\n|-heal|p1a: Tyranitar|202/288|[from] item: Leftovers\n|upkeep\n|turn|23\n|\n|t:|1733884156\n|move|p1a: Tyranitar|Ice Punch|p2a: Bellossom\n|-supereffective|p2a: Bellossom\n|-damage|p2a: Bellossom|0 fnt\n|faint|p2a: Bellossom\n|\n|-weather|Sandstorm|[upkeep]\n|-heal|p1a: Tyranitar|220/288|[from] item: Leftovers\n|upkeep\n|\n|t:|1733884158\n|switch|p2a: Pikachu|Pikachu-Hoenn, L93, M|110/216\n|turn|24\n|\n|t:|1733884170\n|-terastallize|p2a: Pikachu|Water\n|move|p2a: Pikachu|Surf|p1a: Tyranitar\n|-supereffective|p1a: Tyranitar\n|-crit|p1a: Tyranitar\n|-damage|p1a: Tyranitar|86/288\n|move|p1a: Tyranitar|Ice Punch|p2a: Pikachu\n|-resisted|p2a: Pikachu\n|-damage|p2a: Pikachu|67/216\n|\n|-weather|Sandstorm|[upkeep]\n|-damage|p2a: Pikachu|54/216|[from] Sandstorm\n|-heal|p1a: Tyranitar|104/288|[from] item: Leftovers\n|upkeep\n|turn|25\n|\n|t:|1733884181\n|move|p2a: Pikachu|Surf|p1a: Tyranitar\n|-supereffective|p1a: Tyranitar\n|-damage|p1a: Tyranitar|8/288\n|move|p1a: Tyranitar|Knock Off|p2a: Pikachu\n|-damage|p2a: Pikachu|0 fnt\n|faint|p2a: Pikachu\n|\n|win|thunderphoenix256\n|c|\u2606thunderphoenix256|gg\n", "inputlog": ">version bfd83cad13791eb5a5a409923076391caf6fb4d4\n>start {\"formatid\":\"gen9randombattle\",\"seed\":[63581,1524,52021,57143]}\n>player p1 {\"name\":\"thunderphoenix256\",\"avatar\":\"102\",\"rating\":0,\"seed\":[62672,20751,901,57694]}\n>player p2 {\"name\":\"Rouge101\",\"avatar\":\"fisherman\",\"rating\":0,\"seed\":[63016,16387,40277,53728]}\n>p1 move swordsdance\n>p2 move thunderwave\n>p1 move poisonjab\n>p2 move bugbuzz\n>p1 move poisonjab\n>p2 move encore\n>p2 switch 3\n>p1 switch 4\n>p2 move earthquake\n>p1 move tidyup\n>p2 move knockoff\n>p1 move populationbomb\n>p2 move earthquake\n>chat  Bu11seye|2 hit is rough\n>chat \u2606thunderphoenix256|that was... underwhelming\n>p1 switch 4\n>p1 move swordsdance\n>p2 move swordsdance\n>p1 move knockoff\n>p2 move swordsdance\n>p1 move knockoff\n>p2 move earthquake\n>p1 switch 3\n>p1 move sleeppowder\n>p2 move knockoff\n>p1 move quiverdance\n>p2 move knockoff\n>p1 move quiverdance\n>p2 move earthquake\n>p1 move bugbuzz\n>p2 move earthquake\n>chat  Bu11seye|is this a counter sweep?\n>p2 switch 4\n>chat \u2606thunderphoenix256|that remains to be seen\n>chat \u2606thunderphoenix256|probably not lol\n>chat \u2606thunderphoenix256|actually\n>p1 move bugbuzz terastallize\n>p2 move psychicfangs\n>chat \u2606thunderphoenix256|hehehe\n>chat \u2606Rouge101|Nice\n>p1 move bugbuzz\n>p2 move earthquake\n>chat  Bu11seye|nicee\n>chat \u2606thunderphoenix256|thank you :D\n>p2 switch 6\n>p1 move sludgewave\n>p2 move closecombat\n>p1 switch 2\n>chat \u2606thunderphoenix256|now THIS might be a reverse sweep :O\n>p1 move dazzlinggleam\n>p2 move closecombat\n>p2 switch 2\n>chat \u2606thunderphoenix256|omg thank u wigglytuff\n>p1 move knockoff\n>p2 move surf\n>p1 switch 5\n>p1 move knockoff\n>p2 move voltswitch\n>p2 switch 5\n>p1 move knockoff\n>p2 move sludgebomb\n>p1 switch 6\n>p2 move sludgebomb\n>p1 move icepunch\n>p2 move gigadrain\n>p1 move icepunch\n>p2 move gigadrain\n>p2 switch 5\n>p1 move icepunch\n>p2 move surf terastallize\n>p1 move knockoff\n>p2 move surf", "uploadtime": 1733884191, "views": 4, "formatid": "gen9randombattle", "rating": null, "private": 0, "password": null}