{"id": "gen9randombattle-2260535450", "format": "[Gen 9] Random Battle", "players": ["Storm_king13270", "twinss23"], "log": "|j|\u2606Storm_king13270\n|j|\u2606twinss23\n|t:|1733861067\n|gametype|singles\n|player|p1|Storm_king13270|riley|\n|player|p2|twinss23|waiter|\n|teamsize|p1|6\n|teamsize|p2|6\n|gen|9\n|tier|[Gen 9] Random Battle\n|rule|Species Clause: Limit one of each Pok\u00e9mon\n|rule|HP Percentage Mod: HP is shown in percentages\n|rule|Sleep Clause Mod: Limit one foe put to sleep\n|rule|Illusion Level Mod: Illusion disguises the Pok\u00e9mon's true level\n|\n|t:|1733861067\n|start\n|switch|p1a: Thundurus|Thundurus, L80, M|258/258\n|switch|p2a: Lugia|Lugia, L72|272/272\n|turn|1\n|\n|t:|1733861087\n|switch|p2a: Umbreon|Umbreon, L84, F|297/297\n|move|p1a: Thundurus|Taunt|p2a: Umbreon\n|-hint|Since gen 7, Dark is immune to Prankster moves.\n|-immune|p2a: Umbreon\n|\n|upkeep\n|turn|2\n|\n|t:|1733861113\n|move|p1a: Thundurus|Focus Blast|p2a: Umbreon|[miss]\n|-miss|p1a: Thundurus|p2a: Umbreon\n|move|p2a: Umbreon|Toxic|p1a: Thundurus\n|-status|p1a: Thundurus|tox\n|\n|-damage|p1a: Thundurus|242/258 tox|[from] psn\n|upkeep\n|turn|3\n|\n|t:|1733861119\n|move|p1a: Thundurus|Focus Blast|p2a: Umbreon\n|-supereffective|p2a: Umbreon\n|-damage|p2a: Umbreon|143/297\n|move|p2a: Umbreon|Foul Play|p1a: Thundurus\n|-damage|p1a: Thundurus|107/258 tox\n|\n|-heal|p2a: Umbreon|161/297|[from] item: Leftovers\n|-damage|p1a: Thundurus|75/258 tox|[from] psn\n|upkeep\n|turn|4\n|\n|t:|1733861131\n|move|p1a: Thundurus|Acrobatics|p2a: Umbreon\n|-damage|p2a: Umbreon|55/297\n|move|p2a: Umbreon|Wish|p2a: Umbreon\n|\n|-heal|p2a: Umbreon|73/297|[from] item: Leftovers\n|-damage|p1a: Thundurus|27/258 tox|[from] psn\n|upkeep\n|turn|5\n|\n|t:|1733861139\n|move|p2a: Umbreon|Protect|p2a: Umbreon\n|-singleturn|p2a: Umbreon|Protect\n|move|p1a: Thundurus|Acrobatics|p2a: Umbreon\n|-activate|p2a: Umbreon|move: Protect\n|\n|-heal|p2a: Umbreon|221/297|[from] move: Wish|[wisher] Umbreon\n|-heal|p2a: Umbreon|239/297|[from] item: Leftovers\n|-damage|p1a: Thundurus|0 fnt|[from] psn\n|faint|p1a: Thundurus\n|upkeep\n|\n|t:|1733861153\n|switch|p1a: Braviary|Braviary, L85, M|309/309\n|turn|6\n|\n|t:|1733861156\n|move|p1a: Braviary|Bulk Up|p1a: Braviary\n|-boost|p1a: Braviary|atk|1\n|-boost|p1a: Braviary|def|1\n|move|p2a: Umbreon|Foul Play|p1a: Braviary\n|-damage|p1a: Braviary|170/309\n|\n|-heal|p2a: Umbreon|257/297|[from] item: Leftovers\n|upkeep\n|turn|7\n|\n|t:|1733861166\n|move|p1a: Braviary|Close Combat|p2a: Umbreon\n|-supereffective|p2a: Umbreon\n|-damage|p2a: Umbreon|0 fnt\n|-unboost|p1a: Braviary|def|1\n|-unboost|p1a: Braviary|spd|1\n|faint|p2a: Umbreon\n|\n|upkeep\n|\n|t:|1733861173\n|switch|p2a: Mimikyu|Mimikyu, L79, F|216/216\n|turn|8\n|\n|t:|1733861180\n|move|p2a: Mimikyu|Swords Dance|p2a: Mimikyu\n|-boost|p2a: Mimikyu|atk|2\n|move|p1a: Braviary|Roost|p1a: Braviary\n|-heal|p1a: Braviary|309/309\n|-singleturn|p1a: Braviary|move: Roost\n|\n|upkeep\n|turn|9\n|\n|t:|1733861200\n|switch|p1a: Tinkaton|Tinkaton, L82, F|274/274\n|-ability|p1a: Tinkaton|Mold Breaker\n|move|p2a: Mimikyu|Swords Dance|p2a: Mimikyu\n|-boost|p2a: Mimikyu|atk|2\n|\n|upkeep\n|turn|10\n|\n|t:|1733861206\n|move|p1a: Tinkaton|Encore|p2a: Mimikyu\n|-start|p2a: Mimikyu|Encore\n|move|p2a: Mimikyu|Swords Dance|p2a: Mimikyu\n|-boost|p2a: Mimikyu|atk|2\n|\n|upkeep\n|turn|11\n|\n|t:|1733861217\n|move|p1a: Tinkaton|Thunder Wave|p2a: Mimikyu\n|-status|p2a: Mimikyu|par\n|move|p2a: Mimikyu|Swords Dance|p2a: Mimikyu\n|-boost|p2a: Mimikyu|atk|0\n|\n|upkeep\n|turn|12\n|\n|t:|1733861225\n|switch|p2a: Lugia|Lugia, L72|272/272\n|move|p1a: Tinkaton|Play Rough|p2a: Lugia\n|-damage|p2a: Lugia|203/272\n|\n|upkeep\n|turn|13\n|\n|t:|1733861232\n|move|p1a: Tinkaton|Thunder Wave|p2a: Lugia\n|-status|p2a: Lugia|par\n|move|p2a: Lugia|Earth Power|p1a: Tinkaton\n|-supereffective|p1a: Tinkaton\n|-damage|p1a: Tinkaton|196/274\n|\n|-heal|p1a: Tinkaton|213/274|[from] item: Leftovers\n|upkeep\n|turn|14\n|\n|t:|1733861245\n|switch|p1a: Braviary|Braviary, L85, M|309/309\n|move|p2a: Lugia|Earth Power|p1a: Braviary\n|-immune|p1a: Braviary\n|\n|upkeep\n|turn|15\n|\n|t:|1733861254\n|move|p1a: Braviary|Bulk Up|p1a: Braviary\n|-boost|p1a: Braviary|atk|1\n|-boost|p1a: Braviary|def|1\n|cant|p2a: Lugia|par\n|\n|upkeep\n|turn|16\n|\n|t:|1733861259\n|move|p1a: Braviary|Bulk Up|p1a: Braviary\n|-boost|p1a: Braviary|atk|1\n|-boost|p1a: Braviary|def|1\n|move|p2a: Lugia|Aeroblast|p1a: Braviary\n|-damage|p1a: Braviary|233/309\n|\n|upkeep\n|turn|17\n|\n|t:|1733861268\n|move|p1a: Braviary|Brave Bird|p2a: Lugia\n|-damage|p2a: Lugia|0 fnt\n|faint|p2a: Lugia\n|-damage|p1a: Braviary|166/309|[from] Recoil\n|\n|upkeep\n|\n|t:|1733861275\n|switch|p2a: Mimikyu|Mimikyu, L79, F|216/216 par\n|turn|18\n|\n|t:|1733861282\n|move|p1a: Braviary|Brave Bird|p2a: Mimikyu\n|-activate|p2a: Mimikyu|ability: Disguise\n|-damage|p2a: Mimikyu|216/216 par\n|detailschange|p2a: Mimikyu|Mimikyu-Busted, L79, F\n|-damage|p2a: Mimikyu|189/216 par|[from] pokemon: Mimikyu-Busted\n|move|p2a: Mimikyu|Drain Punch|p1a: Braviary\n|-damage|p1a: Braviary|134/309\n|-heal|p2a: Mimikyu|205/216 par|[from] drain|[of] p1a: Braviary\n|-damage|p2a: Mimikyu|184/216 par|[from] item: Life Orb\n|\n|upkeep\n|turn|19\n|\n|t:|1733861302\n|move|p1a: Braviary|Roost|p1a: Braviary\n|-heal|p1a: Braviary|289/309\n|-singleturn|p1a: Braviary|move: Roost\n|cant|p2a: Mimikyu|par\n|\n|upkeep\n|turn|20\n|\n|t:|1733861311\n|move|p1a: Braviary|Brave Bird|p2a: Mimikyu\n|-damage|p2a: Mimikyu|0 fnt\n|faint|p2a: Mimikyu\n|-damage|p1a: Braviary|228/309|[from] Recoil\n|\n|upkeep\n|\n|t:|1733861316\n|switch|p2a: Scyther|Scyther, L82, M|249/249\n|turn|21\n|\n|t:|1733861327\n|move|p2a: Scyther|Dual Wingbeat|p1a: Braviary\n|-damage|p1a: Braviary|192/309\n|-damage|p1a: Braviary|153/309\n|-hitcount|p1a: Braviary|2\n|move|p1a: Braviary|Brave Bird|p2a: Scyther\n|-supereffective|p2a: Scyther\n|-damage|p2a: Scyther|0 fnt\n|faint|p2a: Scyther\n|-damage|p1a: Braviary|71/309|[from] Recoil\n|\n|upkeep\n|\n|t:|1733861342\n|switch|p2a: Grimmsnarl|Grimmsnarl, L83, M|293/293\n|turn|22\n|\n|t:|1733861346\n|move|p2a: Grimmsnarl|Taunt|p1a: Braviary\n|-start|p1a: Braviary|move: Taunt\n|cant|p1a: Braviary|move: Taunt|Roost\n|\n|upkeep\n|turn|23\n|\n|t:|1733861352\n|move|p2a: Grimmsnarl|Sucker Punch|p1a: Braviary\n|-damage|p1a: Braviary|26/309\n|move|p1a: Braviary|Close Combat|p2a: Grimmsnarl\n|-damage|p2a: Grimmsnarl|50/293\n|-unboost|p1a: Braviary|def|1\n|-unboost|p1a: Braviary|spd|1\n|\n|-heal|p2a: Grimmsnarl|68/293|[from] item: Leftovers\n|upkeep\n|turn|24\n|\n|t:|1733861368\n|switch|p1a: Tinkaton|Tinkaton, L82, F|213/274\n|-ability|p1a: Tinkaton|Mold Breaker\n|move|p2a: Grimmsnarl|Sucker Punch||[still]\n|-fail|p2a: Grimmsnarl\n|\n|-heal|p1a: Tinkaton|230/274|[from] item: Leftovers\n|-heal|p2a: Grimmsnarl|86/293|[from] item: Leftovers\n|upkeep\n|turn|25\n|\n|t:|1733861378\n|move|p2a: Grimmsnarl|Parting Shot|p1a: Tinkaton\n|-unboost|p1a: Tinkaton|atk|1\n|-unboost|p1a: Tinkaton|spa|1\n|\n|t:|1733861381\n|switch|p2a: Amoonguss|Amoonguss, L82, M|321/321|[from] Parting Shot\n|move|p1a: Tinkaton|Thunder Wave|p2a: Amoonguss\n|-status|p2a: Amoonguss|par\n|\n|-heal|p1a: Tinkaton|247/274|[from] item: Leftovers\n|upkeep\n|turn|26\n|\n|t:|1733861392\n|move|p1a: Tinkaton|Gigaton Hammer|p2a: Amoonguss\n|-damage|p2a: Amoonguss|215/321 par\n|move|p2a: Amoonguss|Spore|p1a: Tinkaton\n|-status|p1a: Tinkaton|slp|[from] move: Spore\n|\n|-heal|p1a: Tinkaton|264/274 slp|[from] item: Leftovers\n|upkeep\n|turn|27\n|\n|t:|1733861431\n|switch|p1a: Wyrdeer|Wyrdeer, L87, F|321/321\n|-ability|p1a: Wyrdeer|Intimidate|boost\n|-unboost|p2a: Amoonguss|atk|1\n|switch|p2a: Grimmsnarl|Grimmsnarl, L83, M|86/293\n|\n|-heal|p2a: Grimmsnarl|104/293|[from] item: Leftovers\n|upkeep\n|turn|28\n|\n|t:|1733861448\n|move|p2a: Grimmsnarl|Parting Shot|p1a: Wyrdeer\n|-unboost|p1a: Wyrdeer|atk|1\n|-unboost|p1a: Wyrdeer|spa|1\n|\n|t:|1733861451\n|switch|p2a: Amoonguss|Amoonguss, L82, M|321/321 par|[from] Parting Shot\n|move|p1a: Wyrdeer|Body Slam|p2a: Amoonguss\n|-damage|p2a: Amoonguss|234/321 par\n|-damage|p1a: Wyrdeer|268/321|[from] item: Rocky Helmet|[of] p2a: Amoonguss\n|\n|upkeep\n|turn|29\n|\n|t:|1733861461\n|switch|p2a: Grimmsnarl|Grimmsnarl, L83, M|104/293\n|move|p1a: Wyrdeer|Psychic Noise|p2a: Grimmsnarl\n|-immune|p2a: Grimmsnarl\n|\n|-heal|p2a: Grimmsnarl|122/293|[from] item: Leftovers\n|upkeep\n|turn|30\n|\n|t:|1733861476\n|move|p2a: Grimmsnarl|Sucker Punch|p1a: Wyrdeer\n|-supereffective|p1a: Wyrdeer\n|-damage|p1a: Wyrdeer|58/321\n|move|p1a: Wyrdeer|Earthquake|p2a: Grimmsnarl\n|-damage|p2a: Grimmsnarl|55/293\n|\n|-heal|p2a: Grimmsnarl|73/293|[from] item: Leftovers\n|upkeep\n|turn|31\n|\n|t:|1733861482\n|move|p2a: Grimmsnarl|Parting Shot|p1a: Wyrdeer\n|-unboost|p1a: Wyrdeer|atk|1\n|-unboost|p1a: Wyrdeer|spa|1\n|\n|t:|1733861484\n|switch|p2a: Amoonguss|Amoonguss, L82, M|321/321 par|[from] Parting Shot\n|move|p1a: Wyrdeer|Psychic Noise|p2a: Amoonguss\n|-supereffective|p2a: Amoonguss\n|-crit|p2a: Amoonguss\n|-damage|p2a: Amoonguss|3/321 par\n|-start|p2a: Amoonguss|move: Heal Block\n|\n|upkeep\n|turn|32\n|\n|t:|1733861501\n|switch|p2a: Grimmsnarl|Grimmsnarl, L83, M|73/293\n|move|p1a: Wyrdeer|Thunderbolt|p2a: Grimmsnarl\n|-damage|p2a: Grimmsnarl|35/293\n|-status|p2a: Grimmsnarl|par\n|\n|-heal|p2a: Grimmsnarl|53/293 par|[from] item: Leftovers\n|upkeep\n|turn|33\n|\n|t:|1733861509\n|cant|p2a: Grimmsnarl|par\n|move|p1a: Wyrdeer|Earthquake|p2a: Grimmsnarl\n|-damage|p2a: Grimmsnarl|0 fnt\n|faint|p2a: Grimmsnarl\n|\n|upkeep\n|\n|t:|1733861512\n|switch|p2a: Amoonguss|Amoonguss, L82, M|110/321 par\n|turn|34\n|\n|t:|1733861516\n|move|p1a: Wyrdeer|Psychic Noise|p2a: Amoonguss\n|-supereffective|p2a: Amoonguss\n|-damage|p2a: Amoonguss|18/321 par\n|-start|p2a: Amoonguss|move: Heal Block\n|cant|p2a: Amoonguss|move: Heal Block|Giga Drain\n|\n|upkeep\n|turn|35\n|\n|t:|1733861525\n|move|p1a: Wyrdeer|Psychic Noise|p2a: Amoonguss\n|-supereffective|p2a: Amoonguss\n|-damage|p2a: Amoonguss|0 fnt\n|faint|p2a: Amoonguss\n|\n|win|Storm_king13270\n|l|\u2606twinss23\n|player|p2|\n", "inputlog": ">version bfd83cad13791eb5a5a409923076391caf6fb4d4\n>start {\"formatid\":\"gen9randombattle\",\"seed\":[53090,13009,54867,14133]}\n>player p1 {\"name\":\"Storm_king13270\",\"avatar\":\"riley\",\"rating\":0,\"seed\":[27829,20963,54245,51493]}\n>player p2 {\"name\":\"twinss23\",\"avatar\":\"waiter\",\"rating\":0,\"seed\":[31086,28239,56367,52121]}\n>p1 move taunt\n>p2 switch 3\n>p1 move focusblast\n>p2 move toxic\n>p1 move focusblast\n>p2 move foulplay\n>p1 move acrobatics\n>p2 move wish\n>p1 move acrobatics\n>p2 move protect\n>p1 switch 2\n>p1 move bulkup\n>p2 move foulplay\n>p1 move closecombat\n>p2 move foulplay\n>p2 switch 6\n>p1 move roost\n>p2 move swordsdance\n>p1 switch 5\n>p2 move swordsdance\n>p1 move encore\n>p2 move drainpunch\n>p1 move thunderwave\n>p2 move swordsdance\n>p1 move playrough\n>p2 switch 3\n>p1 move thunderwave\n>p2 move earthpower\n>p1 switch 5\n>p2 move earthpower\n>p1 move bulkup\n>p2 move aeroblast\n>p1 move bulkup\n>p2 move aeroblast\n>p1 move bravebird\n>p2 move aeroblast\n>p2 switch 3\n>p1 move bravebird\n>p2 move drainpunch\n>p1 move roost\n>p2 move drainpunch\n>p1 move bravebird\n>p2 move drainpunch\n>p2 switch 5\n>p1 move bravebird\n>p2 move dualwingbeat\n>p2 switch 4\n>p1 move roost\n>p2 move taunt\n>p1 move closecombat\n>p2 move suckerpunch\n>p1 switch 5\n>p2 move suckerpunch\n>p1 move thunderwave\n>p2 move partingshot\n>p2 switch 2\n>p1 move gigatonhammer\n>p2 move spore\n>p1 switch 6\n>p2 switch 2\n>p1 move bodyslam\n>p2 move partingshot\n>p2 switch 2\n>p1 move psychicnoise\n>p2 switch 2\n>p1 move earthquake\n>p2 move suckerpunch\n>p1 move psychicnoise\n>p2 move partingshot\n>p2 switch 2\n>p1 move thunderbolt\n>p2 switch 2\n>p1 move earthquake\n>p2 move suckerpunch\n>p2 switch 2\n>p1 move psychicnoise\n>p2 move gigadrain\n>p1 move psychicnoise\n>p2 move sludgebomb", "uploadtime": 1733861533, "views": 2, "formatid": "gen9randombattle", "rating": null, "private": 0, "password": null}