{"id": "gen9randombattle-2052297295", "format": "[Gen 9] Random Battle", "players": ["chemcoop", "Lost_in_sky_light"], "log": "|j|\u2606chemcoop\n|j|\u2606Lost_in_sky_light\n|t:|1707148988\n|gametype|singles\n|player|p1|chemcoop|#chemcoop|2272\n|player|p2|Lost_in_sky_light|dawn|2202\n|teamsize|p1|6\n|teamsize|p2|6\n|gen|9\n|tier|[Gen 9] Random Battle\n|rated|\n|rule|Species Clause: Limit one of each Pok\u00e9mon\n|rule|HP Percentage Mod: HP is shown in percentages\n|rule|Sleep Clause Mod: Limit one foe put to sleep\n|rule|Illusion Level Mod: Illusion disguises the Pok\u00e9mon's true level\n|\n|t:|1707148988\n|start\n|switch|p1a: Trevenant|Trevenant, L88, F|293/293\n|switch|p2a: Rampardos|Rampardos, L90, F|321/321\n|turn|1\n|\n|t:|1707149000\n|switch|p2a: Zangoose|Zangoose, L86, F|266/266\n|move|p1a: Trevenant|Poltergeist|p2a: Zangoose\n|-immune|p2a: Zangoose\n|\n|-status|p2a: Zangoose|tox|[from] item: Toxic Orb\n|upkeep\n|turn|2\n|\n|t:|1707149007\n|move|p1a: Trevenant|Protect|p1a: Trevenant\n|-singleturn|p1a: Trevenant|Protect\n|move|p2a: Zangoose|Knock Off|p1a: Trevenant\n|-activate|p1a: Trevenant|move: Protect\n|\n|-damage|p2a: Zangoose|250/266 tox|[from] psn\n|upkeep\n|turn|3\n|\n|t:|1707149012\n|switch|p1a: Garganacl|Garganacl, L81, F|295/295\n|move|p2a: Zangoose|Knock Off|p1a: Garganacl\n|-damage|p1a: Garganacl|194/295\n|-enditem|p1a: Garganacl|Leftovers|[from] move: Knock Off|[of] p2a: Zangoose\n|\n|-damage|p2a: Zangoose|218/266 tox|[from] psn\n|upkeep\n|turn|4\n|\n|t:|1707149018\n|move|p2a: Zangoose|Close Combat|p1a: Garganacl\n|-supereffective|p1a: Garganacl\n|-damage|p1a: Garganacl|0 fnt\n|-unboost|p2a: Zangoose|def|1\n|-unboost|p2a: Zangoose|spd|1\n|faint|p1a: Garganacl\n|\n|-damage|p2a: Zangoose|170/266 tox|[from] psn\n|upkeep\n|\n|t:|1707149021\n|switch|p1a: Passimian|Passimian, L83, M|302/302\n|turn|5\n|\n|t:|1707149025\n|switch|p2a: Hypno|Hypno, L95, F|315/315\n|move|p1a: Passimian|Bulk Up|p1a: Passimian\n|-boost|p1a: Passimian|atk|1\n|-boost|p1a: Passimian|def|1\n|\n|upkeep\n|turn|6\n|\n|t:|1707149031\n|switch|p1a: Trevenant|Trevenant, L88, F|293/293\n|move|p2a: Hypno|Psychic Noise|p1a: Trevenant\n|-damage|p1a: Trevenant|211/293\n|-start|p1a: Trevenant|move: Heal Block\n|\n|upkeep\n|turn|7\n|j| Zenhmaster\n|\n|t:|1707149037\n|move|p2a: Hypno|Toxic|p1a: Trevenant\n|-status|p1a: Trevenant|tox\n|move|p1a: Trevenant|Poltergeist|p2a: Hypno\n|-activate|p2a: Hypno|move: Poltergeist|Leftovers\n|-supereffective|p2a: Hypno\n|-damage|p2a: Hypno|0 fnt\n|faint|p2a: Hypno\n|\n|-damage|p1a: Trevenant|193/293 tox|[from] psn\n|-end|p1a: Trevenant|move: Heal Block\n|upkeep\n|\n|t:|1707149042\n|switch|p2a: Zangoose|Zangoose, L86, F|170/266 tox\n|turn|8\n|\n|t:|1707149044\n|move|p1a: Trevenant|Protect|p1a: Trevenant\n|-singleturn|p1a: Trevenant|Protect\n|move|p2a: Zangoose|Knock Off|p1a: Trevenant\n|-activate|p1a: Trevenant|move: Protect\n|\n|-damage|p2a: Zangoose|154/266 tox|[from] psn\n|-damage|p1a: Trevenant|157/293 tox|[from] psn\n|upkeep\n|turn|9\n|\n|t:|1707149053\n|-terastallize|p1a: Trevenant|Dark\n|move|p2a: Zangoose|Knock Off|p1a: Trevenant\n|-resisted|p1a: Trevenant\n|-damage|p1a: Trevenant|92/293 tox\n|-enditem|p1a: Trevenant|Sitrus Berry|[from] move: Knock Off|[of] p2a: Zangoose\n|move|p1a: Trevenant|Drain Punch|p2a: Zangoose\n|-supereffective|p2a: Zangoose\n|-damage|p2a: Zangoose|0 fnt\n|-heal|p1a: Trevenant|169/293 tox|[from] drain|[of] p2a: Zangoose\n|faint|p2a: Zangoose\n|\n|-damage|p1a: Trevenant|115/293 tox|[from] psn\n|upkeep\n|\n|t:|1707149061\n|switch|p2a: Delibird|Delibird, F|252/252\n|turn|10\n|\n|t:|1707149066\n|switch|p1a: Armarouge|Armarouge, L81, M|270/270\n|move|p2a: Delibird|Brave Bird|p1a: Armarouge\n|-damage|p1a: Armarouge|159/270\n|-ability|p1a: Armarouge|Weak Armor|boost\n|-unboost|p1a: Armarouge|def|1\n|-boost|p1a: Armarouge|spe|2\n|-damage|p2a: Delibird|215/252|[from] Recoil\n|\n|upkeep\n|turn|11\n|\n|t:|1707149073\n|switch|p2a: Clawitzer|Clawitzer, L86, M|262/262\n|move|p1a: Armarouge|Armor Cannon|p2a: Clawitzer\n|-resisted|p2a: Clawitzer\n|-damage|p2a: Clawitzer|163/262\n|-unboost|p1a: Armarouge|def|1\n|-unboost|p1a: Armarouge|spd|1\n|\n|upkeep\n|turn|12\n|\n|t:|1707149077\n|switch|p1a: Goodra|Goodra, L85, M|292/292\n|move|p2a: Clawitzer|Water Pulse|p1a: Goodra\n|-resisted|p1a: Goodra\n|-damage|p1a: Goodra|252/292\n|-start|p1a: Goodra|confusion\n|\n|upkeep\n|turn|13\n|\n|t:|1707149081\n|switch|p2a: Delibird|Delibird, F|215/252\n|-activate|p1a: Goodra|confusion\n|-damage|p1a: Goodra|215/292|[from] confusion\n|\n|upkeep\n|turn|14\n|c|\u2606chemcoop|nice\n|\n|t:|1707149088\n|switch|p1a: Armarouge|Armarouge, L81, M|159/270\n|move|p2a: Delibird|Freeze-Dry|p1a: Armarouge\n|-resisted|p1a: Armarouge\n|-damage|p1a: Armarouge|114/270\n|-status|p1a: Armarouge|frz\n|\n|upkeep\n|turn|15\n|\n|t:|1707149096\n|move|p2a: Delibird|Freeze-Dry|p1a: Armarouge\n|-resisted|p1a: Armarouge\n|-damage|p1a: Armarouge|73/270 frz\n|cant|p1a: Armarouge|frz\n|\n|upkeep\n|turn|16\n|\n|t:|1707149099\n|move|p2a: Delibird|Brave Bird|p1a: Armarouge\n|-damage|p1a: Armarouge|0 fnt\n|faint|p1a: Armarouge\n|-damage|p2a: Delibird|191/252|[from] Recoil\n|\n|upkeep\n|\n|t:|1707149107\n|switch|p1a: Golurk|Golurk, L87|297/297\n|turn|17\n|\n|t:|1707149109\n|move|p2a: Delibird|Freeze-Dry|p1a: Golurk\n|-supereffective|p1a: Golurk\n|-damage|p1a: Golurk|139/297\n|move|p1a: Golurk|Poltergeist|p2a: Delibird\n|-activate|p2a: Delibird|move: Poltergeist|Heavy-Duty Boots\n|-damage|p2a: Delibird|0 fnt\n|faint|p2a: Delibird\n|\n|upkeep\n|\n|t:|1707149116\n|switch|p2a: Clawitzer|Clawitzer, L86, M|163/262\n|turn|18\n|\n|t:|1707149123\n|switch|p1a: Goodra|Goodra, L85, M|215/292\n|move|p2a: Clawitzer|Dark Pulse|p1a: Goodra\n|-damage|p1a: Goodra|153/292\n|\n|upkeep\n|turn|19\n|\n|t:|1707149128\n|switch|p2a: Rampardos|Rampardos, L90, F|321/321\n|move|p1a: Goodra|Power Whip|p2a: Rampardos\n|-supereffective|p2a: Rampardos\n|-damage|p2a: Rampardos|99/321\n|\n|upkeep\n|turn|20\n|\n|t:|1707149135\n|switch|p1a: Golurk|Golurk, L87|139/297\n|move|p2a: Rampardos|Rock Slide|p1a: Golurk\n|-resisted|p1a: Golurk\n|-damage|p1a: Golurk|45/297\n|\n|upkeep\n|turn|21\n|\n|t:|1707149139\n|move|p2a: Rampardos|Rock Slide|p1a: Golurk\n|-resisted|p1a: Golurk\n|-damage|p1a: Golurk|0 fnt\n|faint|p1a: Golurk\n|\n|upkeep\n|\n|t:|1707149140\n|switch|p1a: Passimian|Passimian, L83, M|302/302\n|turn|22\n|\n|t:|1707149145\n|switch|p2a: Clawitzer|Clawitzer, L86, M|163/262\n|move|p1a: Passimian|Drain Punch|p2a: Clawitzer\n|-damage|p2a: Clawitzer|66/262\n|\n|upkeep\n|turn|23\n|\n|t:|1707149151\n|move|p1a: Passimian|Drain Punch|p2a: Clawitzer\n|-damage|p2a: Clawitzer|0 fnt\n|faint|p2a: Clawitzer\n|\n|upkeep\n|\n|t:|1707149154\n|switch|p2a: Rampardos|Rampardos, L90, F|99/321\n|turn|24\n|\n|t:|1707149158\n|switch|p1a: Trevenant|Trevenant, L88, F, tera:Dark|115/293 tox\n|move|p2a: Rampardos|Zen Headbutt|p1a: Trevenant\n|-immune|p1a: Trevenant\n|\n|-damage|p1a: Trevenant|97/293 tox|[from] psn\n|upkeep\n|turn|25\n|\n|t:|1707149162\n|switch|p2a: Stonjourner|Stonjourner, L91, F|330/330\n|move|p1a: Trevenant|Poltergeist|p2a: Stonjourner\n|-activate|p2a: Stonjourner|move: Poltergeist|Life Orb\n|-damage|p2a: Stonjourner|228/330\n|\n|-damage|p1a: Trevenant|61/293 tox|[from] psn\n|upkeep\n|turn|26\n|\n|t:|1707149171\n|switch|p1a: Passimian|Passimian, L83, M|302/302\n|move|p2a: Stonjourner|Heat Crash|p1a: Passimian\n|-damage|p1a: Passimian|155/302\n|-damage|p2a: Stonjourner|195/330|[from] item: Life Orb\n|\n|-heal|p1a: Passimian|173/302|[from] item: Leftovers\n|upkeep\n|turn|27\n|\n|t:|1707149176\n|-terastallize|p2a: Stonjourner|Ground\n|move|p1a: Passimian|Drain Punch|p2a: Stonjourner\n|-damage|p2a: Stonjourner|134/330\n|-heal|p1a: Passimian|204/302|[from] drain|[of] p2a: Stonjourner\n|move|p2a: Stonjourner|Earthquake|p1a: Passimian\n|-damage|p1a: Passimian|4/302\n|-damage|p2a: Stonjourner|101/330|[from] item: Life Orb\n|\n|-heal|p1a: Passimian|22/302|[from] item: Leftovers\n|upkeep\n|turn|28\n|\n|t:|1707149185\n|move|p1a: Passimian|Drain Punch|p2a: Stonjourner\n|-damage|p2a: Stonjourner|38/330\n|-heal|p1a: Passimian|54/302|[from] drain|[of] p2a: Stonjourner\n|move|p2a: Stonjourner|Earthquake|p1a: Passimian\n|-damage|p1a: Passimian|0 fnt\n|faint|p1a: Passimian\n|-damage|p2a: Stonjourner|5/330|[from] item: Life Orb\n|\n|upkeep\n|\n|t:|1707149189\n|switch|p1a: Goodra|Goodra, L85, M|153/292\n|turn|29\n|\n|t:|1707149193\n|move|p1a: Goodra|Knock Off|p2a: Stonjourner\n|-damage|p2a: Stonjourner|0 fnt\n|-enditem|p2a: Stonjourner|Life Orb|[from] move: Knock Off|[of] p1a: Goodra\n|faint|p2a: Stonjourner\n|\n|upkeep\n|inactive|Battle timer is ON: inactive players will automatically lose when time's up. (requested by chemcoop)\n|\n|t:|1707149229\n|switch|p2a: Rampardos|Rampardos, L90, F|99/321\n|turn|30\n|c|\u2606Lost_in_sky_light|gg wp\n|c| Zenhmaster|gg\n|j| KingZuko\n|c| Zenhmaster|Battle?\n|\n|t:|1707149259\n|move|p2a: Rampardos|Rock Slide|p1a: Goodra\n|-damage|p1a: Goodra|0 fnt\n|faint|p1a: Goodra\n|\n|upkeep\n|\n|t:|1707149262\n|switch|p1a: Trevenant|Trevenant, L88, F, tera:Dark|61/293 tox\n|turn|31\n|\n|t:|1707149263\n|move|p2a: Rampardos|Rock Slide|p1a: Trevenant\n|-damage|p1a: Trevenant|0 fnt\n|faint|p1a: Trevenant\n|\n|win|Lost_in_sky_light\n|raw|chemcoop's rating: 2272 &rarr; <strong>2248</strong><br />(-24 for losing)\n|raw|Lost_in_sky_light's rating: 2202 &rarr; <strong>2226</strong><br />(+24 for winning)\n|l|\u2606chemcoop\n|player|p1|\n", "inputlog": ">version f7febc1e180278a4fad948cfe1d20c95eaa9a53c\n>start {\"formatid\":\"gen9randombattle\",\"seed\":[11673,58089,58089,25079],\"rated\":\"Rated battle\"}\n>player p1 {\"name\":\"chemcoop\",\"avatar\":\"#chemcoop\",\"rating\":2272,\"seed\":[16778,5082,42985,58624]}\n>player p2 {\"name\":\"Lost_in_sky_light\",\"avatar\":\"dawn\",\"rating\":2202,\"seed\":[58863,12732,64224,4124]}\n>p1 move poltergeist\n>p2 switch 4\n>p1 move protect\n>p2 move knockoff\n>p1 switch 5\n>p2 move knockoff\n>p1 move stealthrock\n>p2 move closecombat\n>p1 switch 6\n>p1 move bulkup\n>p2 switch 3\n>p1 switch 5\n>p2 move psychicnoise\n>p1 move poltergeist\n>p2 move toxic\n>p2 switch 3\n>p1 move protect\n>p2 move knockoff\n>p1 move drainpunch terastallize\n>p2 move knockoff\n>p2 switch 5\n>p1 switch 4\n>p2 move bravebird\n>p1 move armorcannon\n>p2 switch 6\n>p1 switch 2\n>p2 move waterpulse\n>p1 move thunderbolt\n>p2 switch 6\n>chat \u2606chemcoop|nice\n>p1 switch 2\n>p2 move freezedry\n>p1 move energyball\n>p2 move freezedry\n>p1 move armorcannon\n>p2 move bravebird\n>p1 switch 3\n>p1 move poltergeist\n>p2 move freezedry\n>p2 switch 6\n>p1 switch 2\n>p2 move darkpulse\n>p1 move powerwhip\n>p2 switch 4\n>p1 switch 2\n>p2 move rockslide\n>p1 move earthquake\n>p2 move rockslide\n>p1 switch 5\n>p1 move drainpunch\n>p2 switch 4\n>p1 move drainpunch\n>p2 move waterpulse\n>p2 switch 4\n>p1 switch 4\n>p2 move zenheadbutt\n>p1 move poltergeist\n>p2 switch 2\n>p1 switch 4\n>p2 move heatcrash\n>p1 move drainpunch\n>p2 move earthquake terastallize\n>p1 move drainpunch\n>p2 move earthquake\n>p1 switch 2\n>p1 move knockoff\n>p2 move earthquake\n>p2 switch 2\n>chat \u2606Lost_in_sky_light|gg wp\n>chat  Zenhmaster|gg\n>chat  Zenhmaster|Battle?\n>p1 move dracometeor\n>p2 move rockslide\n>p1 switch 4\n>p1 move drainpunch\n>p2 move rockslide", "uploadtime": 1707149265, "views": 257, "formatid": "gen9randombattle", "rating": 2226, "private": 0, "password": null}