{"id": "gen9randombattle-2244656846", "format": "[Gen 9] Random Battle", "players": ["rampantasain", "Iceman8911"], "log": "|j|\u2606rampantasain\n|j|\u2606Iceman8911\n|t:|1731705616\n|gametype|singles\n|player|p1|rampantasain|266|2272\n|player|p2|Iceman8911|plasmagrunt|2230\n|teamsize|p1|6\n|teamsize|p2|6\n|gen|9\n|tier|[Gen 9] Random Battle\n|rated|\n|rule|Species Clause: Limit one of each Pok\u00e9mon\n|rule|HP Percentage Mod: HP is shown in percentages\n|rule|Sleep Clause Mod: Limit one foe put to sleep\n|rule|Illusion Level Mod: Illusion disguises the Pok\u00e9mon's true level\n|\n|t:|1731705616\n|start\n|switch|p1a: Froslass|Froslass, L87, F|263/263\n|switch|p2a: Toxapex|Toxapex, L82, F|216/216\n|turn|1\n|inactive|Battle timer is ON: inactive players will automatically lose when time's up. (requested by rampantasain)\n|inactive|Iceman8911 also wants the timer to be on.\n|\n|t:|1731705628\n|move|p1a: Froslass|Taunt|p2a: Toxapex\n|-start|p2a: Toxapex|move: Taunt\n|cant|p2a: Toxapex|move: Taunt|Toxic Spikes\n|\n|upkeep\n|turn|2\n|\n|t:|1731705633\n|move|p1a: Froslass|Poltergeist|p2a: Toxapex\n|-activate|p2a: Toxapex|move: Poltergeist|Leftovers\n|-damage|p2a: Toxapex|141/216\n|move|p2a: Toxapex|Liquidation|p1a: Froslass\n|-damage|p1a: Froslass|194/263\n|\n|-heal|p2a: Toxapex|154/216|[from] item: Leftovers\n|upkeep\n|turn|3\n|\n|t:|1731705637\n|move|p1a: Froslass|Poltergeist|p2a: Toxapex\n|-activate|p2a: Toxapex|move: Poltergeist|Leftovers\n|-damage|p2a: Toxapex|84/216\n|move|p2a: Toxapex|Liquidation|p1a: Froslass\n|-damage|p1a: Froslass|122/263\n|\n|-heal|p2a: Toxapex|97/216|[from] item: Leftovers\n|-end|p2a: Toxapex|move: Taunt\n|upkeep\n|turn|4\n|\n|t:|1731705640\n|move|p1a: Froslass|Taunt|p2a: Toxapex\n|-start|p2a: Toxapex|move: Taunt\n|move|p2a: Toxapex|Liquidation|p1a: Froslass\n|-damage|p1a: Froslass|52/263\n|\n|-heal|p2a: Toxapex|110/216|[from] item: Leftovers\n|upkeep\n|turn|5\n|\n|t:|1731705647\n|switch|p2a: Incineroar|Incineroar, L82, M|290/290\n|-ability|p2a: Incineroar|Intimidate|boost\n|-unboost|p1a: Froslass|atk|1\n|move|p1a: Froslass|Poltergeist|p2a: Incineroar\n|-activate|p2a: Incineroar|move: Poltergeist|Heavy-Duty Boots\n|-resisted|p2a: Incineroar\n|-damage|p2a: Incineroar|254/290\n|\n|upkeep\n|turn|6\n|\n|t:|1731705651\n|switch|p2a: Toxapex|Toxapex, L82, F|182/216\n|move|p1a: Froslass|Destiny Bond|p1a: Froslass\n|-singlemove|p1a: Froslass|Destiny Bond\n|\n|-heal|p2a: Toxapex|195/216|[from] item: Leftovers\n|upkeep\n|turn|7\n|\n|t:|1731705654\n|move|p1a: Froslass|Taunt|p2a: Toxapex\n|-start|p2a: Toxapex|move: Taunt\n|move|p2a: Toxapex|Liquidation|p1a: Froslass\n|-damage|p1a: Froslass|0 fnt\n|-start|p2a: Toxapex|Disable|Liquidation|[from] ability: Cursed Body|[of] p1a: Froslass\n|faint|p1a: Froslass\n|\n|-heal|p2a: Toxapex|208/216|[from] item: Leftovers\n|upkeep\n|\n|t:|1731705659\n|switch|p1a: Overqwil|Overqwil, L82, F|274/274\n|-ability|p1a: Overqwil|Intimidate|boost\n|-unboost|p2a: Toxapex|atk|1\n|turn|8\n|\n|t:|1731705669\n|switch|p2a: Incineroar|Incineroar, L82, M|254/290\n|-ability|p2a: Incineroar|Intimidate|boost\n|-unboost|p1a: Overqwil|atk|1\n|move|p1a: Overqwil|Swords Dance|p1a: Overqwil\n|-boost|p1a: Overqwil|atk|2\n|\n|upkeep\n|turn|9\n|\n|t:|1731705677\n|switch|p2a: Toxapex|Toxapex, L82, F|216/216\n|move|p1a: Overqwil|Gunk Shot|p2a: Toxapex\n|-resisted|p2a: Toxapex\n|-damage|p2a: Toxapex|122/216\n|-damage|p1a: Overqwil|247/274|[from] item: Life Orb\n|\n|-heal|p2a: Toxapex|135/216|[from] item: Leftovers\n|upkeep\n|turn|10\n|\n|t:|1731705685\n|switch|p2a: Incineroar|Incineroar, L82, M|254/290\n|-ability|p2a: Incineroar|Intimidate|boost\n|-unboost|p1a: Overqwil|atk|1\n|move|p1a: Overqwil|Swords Dance|p1a: Overqwil\n|-boost|p1a: Overqwil|atk|2\n|\n|upkeep\n|turn|11\n|\n|t:|1731705691\n|move|p1a: Overqwil|Liquidation|p2a: Incineroar\n|-supereffective|p2a: Incineroar\n|-damage|p2a: Incineroar|0 fnt\n|faint|p2a: Incineroar\n|-damage|p1a: Overqwil|220/274|[from] item: Life Orb\n|\n|upkeep\n|\n|t:|1731705695\n|switch|p2a: Hitmontop|Hitmontop, L88, M|231/231\n|-ability|p2a: Hitmontop|Intimidate|boost\n|-unboost|p1a: Overqwil|atk|1\n|turn|12\n|\n|t:|1731705699\n|move|p1a: Overqwil|Gunk Shot|p2a: Hitmontop\n|-damage|p2a: Hitmontop|9/231\n|-damage|p1a: Overqwil|193/274|[from] item: Life Orb\n|move|p2a: Hitmontop|Rapid Spin|p1a: Overqwil\n|-damage|p1a: Overqwil|156/274\n|-boost|p2a: Hitmontop|spe|1\n|\n|upkeep\n|turn|13\n|\n|t:|1731705704\n|switch|p1a: Tyranitar|Tyranitar, L79, M|288/288\n|-weather|Sandstorm|[from] ability: Sand Stream|[of] p1a: Tyranitar\n|move|p2a: Hitmontop|Earthquake|p1a: Tyranitar\n|-supereffective|p1a: Tyranitar\n|-crit|p1a: Tyranitar\n|-damage|p1a: Tyranitar|94/288\n|\n|-weather|Sandstorm|[upkeep]\n|-damage|p2a: Hitmontop|0 fnt|[from] Sandstorm\n|faint|p2a: Hitmontop\n|upkeep\n|\n|t:|1731705716\n|switch|p2a: Vileplume|Vileplume, L86, F|269/269\n|turn|14\n|\n|t:|1731705720\n|move|p1a: Tyranitar|Knock Off|p2a: Vileplume\n|-damage|p2a: Vileplume|140/269\n|-enditem|p2a: Vileplume|Leftovers|[from] move: Knock Off|[of] p1a: Tyranitar\n|move|p2a: Vileplume|Giga Drain|p1a: Tyranitar\n|-supereffective|p1a: Tyranitar\n|-damage|p1a: Tyranitar|16/288\n|-heal|p2a: Vileplume|179/269|[from] drain|[of] p1a: Tyranitar\n|\n|-weather|Sandstorm|[upkeep]\n|-damage|p2a: Vileplume|163/269|[from] Sandstorm\n|upkeep\n|turn|15\n|\n|t:|1731705725\n|switch|p1a: Magnezone|Magnezone, L85|258/258\n|move|p2a: Vileplume|Strength Sap|p1a: Magnezone\n|-unboost|p1a: Magnezone|atk|1\n|-heal|p2a: Vileplume|269/269\n|\n|-weather|Sandstorm|[upkeep]\n|-damage|p2a: Vileplume|253/269|[from] Sandstorm\n|upkeep\n|turn|16\n|\n|t:|1731705728\n|move|p1a: Magnezone|Flash Cannon|p2a: Vileplume\n|-damage|p2a: Vileplume|139/269\n|move|p2a: Vileplume|Leech Seed|p1a: Magnezone\n|-start|p1a: Magnezone|move: Leech Seed\n|\n|-weather|Sandstorm|[upkeep]\n|-damage|p2a: Vileplume|123/269|[from] Sandstorm\n|-damage|p1a: Magnezone|226/258|[from] Leech Seed|[of] p2a: Vileplume\n|-heal|p2a: Vileplume|155/269|[silent]\n|upkeep\n|turn|17\n|\n|t:|1731705734\n|move|p1a: Magnezone|Volt Switch|p2a: Vileplume\n|-resisted|p2a: Vileplume\n|-damage|p2a: Vileplume|112/269\n|\n|t:|1731705735\n|switch|p1a: Tyranitar|Tyranitar, L79, M|16/288|[from] Volt Switch\n|move|p2a: Vileplume|Strength Sap|p1a: Tyranitar\n|-unboost|p1a: Tyranitar|atk|1\n|-heal|p2a: Vileplume|269/269\n|\n|-weather|none\n|upkeep\n|turn|18\n|\n|t:|1731705741\n|move|p1a: Tyranitar|Ice Beam|p2a: Vileplume\n|-supereffective|p2a: Vileplume\n|-damage|p2a: Vileplume|167/269\n|-status|p2a: Vileplume|frz\n|cant|p2a: Vileplume|frz\n|\n|upkeep\n|turn|19\n|\n|t:|1731705747\n|move|p1a: Tyranitar|Knock Off|p2a: Vileplume\n|-damage|p2a: Vileplume|115/269 frz\n|cant|p2a: Vileplume|frz\n|\n|upkeep\n|turn|20\n|\n|t:|1731705751\n|move|p1a: Tyranitar|Knock Off|p2a: Vileplume\n|-damage|p2a: Vileplume|66/269 frz\n|cant|p2a: Vileplume|frz\n|\n|upkeep\n|turn|21\n|\n|t:|1731705755\n|move|p1a: Tyranitar|Ice Beam|p2a: Vileplume\n|-supereffective|p2a: Vileplume\n|-damage|p2a: Vileplume|0 fnt\n|faint|p2a: Vileplume\n|\n|upkeep\n|\n|t:|1731705762\n|switch|p2a: Toxapex|Toxapex, L82, F|207/216\n|turn|22\n|\n|t:|1731705764\n|move|p1a: Tyranitar|Knock Off|p2a: Toxapex\n|-damage|p2a: Toxapex|152/216\n|-enditem|p2a: Toxapex|Leftovers|[from] move: Knock Off|[of] p1a: Tyranitar\n|move|p2a: Toxapex|Liquidation|p1a: Tyranitar\n|-supereffective|p1a: Tyranitar\n|-damage|p1a: Tyranitar|0 fnt\n|faint|p1a: Tyranitar\n|\n|upkeep\n|\n|t:|1731705767\n|switch|p1a: Magnezone|Magnezone, L85|226/258\n|turn|23\n|\n|t:|1731705769\n|switch|p2a: Ursaluna|Ursaluna, L79, M|335/335\n|move|p1a: Magnezone|Flash Cannon|p2a: Ursaluna\n|-damage|p2a: Ursaluna|215/335\n|-unboost|p2a: Ursaluna|spd|1\n|\n|-status|p2a: Ursaluna|brn|[from] item: Flame Orb\n|upkeep\n|turn|24\n|\n|t:|1731705775\n|switch|p1a: Heracross|Heracross, L80, M|259/259\n|move|p2a: Ursaluna|Headlong Rush|p1a: Heracross\n|-resisted|p1a: Heracross\n|-damage|p1a: Heracross|132/259\n|-unboost|p2a: Ursaluna|def|1\n|-unboost|p2a: Ursaluna|spd|1\n|\n|-damage|p2a: Ursaluna|195/335 brn|[from] brn\n|upkeep\n|turn|25\n|\n|t:|1731705783\n|switch|p1a: Magnezone|Magnezone, L85|226/258\n|switch|p2a: Toxapex|Toxapex, L82, F|216/216\n|\n|upkeep\n|turn|26\n|\n|t:|1731705790\n|move|p1a: Magnezone|Flash Cannon|p2a: Toxapex\n|-resisted|p2a: Toxapex\n|-damage|p2a: Toxapex|176/216\n|move|p2a: Toxapex|Liquidation|p1a: Magnezone\n|-damage|p1a: Magnezone|171/258\n|\n|upkeep\n|turn|27\n|\n|t:|1731705797\n|move|p1a: Magnezone|Flash Cannon|p2a: Toxapex\n|-resisted|p2a: Toxapex\n|-damage|p2a: Toxapex|140/216\n|move|p2a: Toxapex|Liquidation|p1a: Magnezone\n|-damage|p1a: Magnezone|122/258\n|\n|upkeep\n|turn|28\n|\n|t:|1731705802\n|switch|p2a: Ursaluna|Ursaluna, L79, M|195/335 brn\n|move|p1a: Magnezone|Flash Cannon|p2a: Ursaluna\n|-damage|p2a: Ursaluna|60/335 brn\n|\n|-damage|p2a: Ursaluna|40/335 brn|[from] brn\n|upkeep\n|turn|29\n|\n|t:|1731705806\n|switch|p2a: Toxapex|Toxapex, L82, F|212/216\n|move|p1a: Magnezone|Flash Cannon|p2a: Toxapex\n|-resisted|p2a: Toxapex\n|-damage|p2a: Toxapex|175/216\n|-unboost|p2a: Toxapex|spd|1\n|\n|upkeep\n|turn|30\n|\n|t:|1731705809\n|move|p1a: Magnezone|Thunderbolt|p2a: Toxapex\n|-supereffective|p2a: Toxapex\n|-damage|p2a: Toxapex|0 fnt\n|faint|p2a: Toxapex\n|\n|upkeep\n|-message|Iceman8911 forfeited.\n|\n|win|rampantasain\n|raw|rampantasain's rating: 2272 &rarr; <strong>2290</strong><br />(+18 for winning)\n|raw|Iceman8911's rating: 2230 &rarr; <strong>2212</strong><br />(-18 for losing)\n|l|\u2606Iceman8911\n|player|p2|\n|l|\u2606rampantasain\n|player|p1|\n|j|\u2606Iceman8911\n|player|p2|Iceman8911|plasmagrunt|\n", "inputlog": ">version 48604a2341c6e7bec58958c0f00ddbd3a745b6d0\n>start {\"formatid\":\"gen9randombattle\",\"seed\":[4798,2494,59085,30617],\"rated\":\"Rated battle\"}\n>player p1 {\"name\":\"rampantasain\",\"avatar\":\"266\",\"rating\":2272,\"seed\":[56076,57717,30320,3555]}\n>player p2 {\"name\":\"Iceman8911\",\"avatar\":\"plasmagrunt\",\"rating\":2230,\"seed\":[12211,42215,37200,64925]}\n>p1 move taunt\n>p2 move toxicspikes\n>p1 move poltergeist\n>p2 move liquidation\n>p1 move poltergeist\n>p2 move liquidation\n>p1 move taunt\n>p2 move liquidation\n>p1 move poltergeist\n>p2 switch 5\n>p1 move destinybond\n>p2 switch 5\n>p1 move taunt\n>p2 move liquidation\n>p1 switch 3\n>p1 move swordsdance\n>p2 switch 5\n>p1 move gunkshot\n>p2 switch 5\n>p1 move swordsdance\n>p2 switch 5\n>p1 move liquidation\n>p2 move flareblitz\n>p2 switch 4\n>p1 move gunkshot\n>p2 move rapidspin\n>p1 switch 2\n>p2 move earthquake\n>p2 switch 3\n>p1 move knockoff\n>p2 move gigadrain\n>p1 switch 4\n>p2 move strengthsap\n>p1 move flashcannon\n>p2 move leechseed\n>p1 move voltswitch\n>p2 move strengthsap\n>p1 switch 4\n>p1 move icebeam\n>p2 move leechseed\n>p1 move knockoff\n>p2 move gigadrain\n>p1 move knockoff\n>p2 move gigadrain\n>p1 move icebeam\n>p2 move gigadrain\n>p2 switch 5\n>p1 move knockoff\n>p2 move liquidation\n>p1 switch 4\n>p1 move flashcannon\n>p2 switch 2\n>p1 switch 5\n>p2 move headlongrush\n>p1 switch 5\n>p2 switch 2\n>p1 move flashcannon\n>p2 move liquidation\n>p1 move flashcannon\n>p2 move liquidation\n>p1 move flashcannon\n>p2 switch 2\n>p1 move flashcannon\n>p2 switch 2\n>p1 move thunderbolt\n>p2 move liquidation\n>forcelose p2", "uploadtime": 1731705836, "views": 26, "formatid": "gen9randombattle", "rating": 2212, "private": 0, "password": null}