{"id": "gen9randombattle-2168873169", "format": "[Gen 9] Random Battle", "players": ["MichaelderBesteVGC", "mfssonsofbitches"], "log": "|badge|p1|silver|gen9randombattle|30-2\n|uhtml|medal-msg|<div class=\"broadcast-blue\">Curious what those medals under the avatar are? PS now has Ladder Seasons! For more information, check out the <a href=\"https://www.smogon.com/forums/threads/3740067/\">thread on Smogon.</a></div>\n|badge|p2|bronze|gen9randombattle|100-2\n|uhtml|medal-msg|<div class=\"broadcast-blue\">Curious what those medals under the avatar are? PS now has Ladder Seasons! For more information, check out the <a href=\"https://www.smogon.com/forums/threads/3740067/\">thread on Smogon.</a></div>\n|j|\u2606MichaelderBesteVGC\n|j|\u2606mfssonsofbitches\n|t:|1722165970\n|gametype|singles\n|player|p1|MichaelderBesteVGC|#wcop2021germany|2419\n|player|p2|mfssonsofbitches|102|2353\n|teamsize|p1|6\n|teamsize|p2|6\n|gen|9\n|tier|[Gen 9] Random Battle\n|rated|\n|rule|Species Clause: Limit one of each Pok\u00e9mon\n|rule|HP Percentage Mod: HP is shown in percentages\n|rule|Sleep Clause Mod: Limit one foe put to sleep\n|rule|Illusion Level Mod: Illusion disguises the Pok\u00e9mon's true level\n|\n|t:|1722165970\n|start\n|switch|p1a: Lycanroc|Lycanroc-Dusk, L80, M|251/251\n|switch|p2a: Spidops|Spidops, L96, F|271/271\n|turn|1\n|c|\u2606mfssonsofbitches|oh hi\n|c|\u2606mfssonsofbitches|glhf\n|\n|t:|1722165993\n|move|p1a: Lycanroc|Stone Edge|p2a: Spidops\n|-supereffective|p2a: Spidops\n|-damage|p2a: Spidops|6/271\n|-damage|p1a: Lycanroc|226/251|[from] item: Life Orb\n|move|p2a: Spidops|Sticky Web|p1a: Lycanroc\n|-sidestart|p1: MichaelderBesteVGC|move: Sticky Web\n|\n|upkeep\n|turn|2\n|\n|t:|1722165998\n|move|p1a: Lycanroc|Psychic Fangs|p2a: Spidops\n|-damage|p2a: Spidops|0 fnt\n|faint|p2a: Spidops\n|-damage|p1a: Lycanroc|201/251|[from] item: Life Orb\n|\n|upkeep\n|\n|t:|1722166017\n|switch|p2a: Deoxys|Deoxys-Defense, L86|226/226\n|-ability|p2a: Deoxys|Pressure\n|turn|3\n|\n|t:|1722166023\n|move|p1a: Lycanroc|Swords Dance|p1a: Lycanroc\n|-boost|p1a: Lycanroc|atk|2\n|move|p2a: Deoxys|Cosmic Power|p2a: Deoxys\n|-boost|p2a: Deoxys|def|1\n|-boost|p2a: Deoxys|spd|1\n|\n|upkeep\n|turn|4\n|j| sheffieldboys2\n|\n|t:|1722166038\n|move|p1a: Lycanroc|Stone Edge|p2a: Deoxys|[miss]\n|-miss|p1a: Lycanroc|p2a: Deoxys\n|move|p2a: Deoxys|Night Shade|p1a: Lycanroc\n|-damage|p1a: Lycanroc|115/251\n|\n|upkeep\n|turn|5\n|\n|t:|1722166045\n|move|p1a: Lycanroc|Stone Edge|p2a: Deoxys\n|-damage|p2a: Deoxys|100/226\n|-damage|p1a: Lycanroc|90/251|[from] item: Life Orb\n|move|p2a: Deoxys|Night Shade|p1a: Lycanroc\n|-damage|p1a: Lycanroc|4/251\n|\n|-heal|p2a: Deoxys|114/226|[from] item: Leftovers\n|upkeep\n|turn|6\n|\n|t:|1722166050\n|move|p1a: Lycanroc|Stone Edge|p2a: Deoxys\n|-damage|p2a: Deoxys|0 fnt\n|faint|p2a: Deoxys\n|-damage|p1a: Lycanroc|0 fnt|[from] item: Life Orb\n|faint|p1a: Lycanroc\n|\n|upkeep\n|\n|t:|1722166062\n|switch|p1a: Jumpluff|Jumpluff, L87, M|271/271\n|switch|p2a: Dewgong|Dewgong, L93, F|318/318\n|turn|7\n|\n|t:|1722166073\n|switch|p2a: Vigoroth|Vigoroth, L85, M|275/275\n|move|p1a: Jumpluff|Sleep Powder|p2a: Vigoroth|[miss]\n|-miss|p1a: Jumpluff|p2a: Vigoroth\n|\n|upkeep\n|turn|8\n|j| Loudthump\n|\n|t:|1722166080\n|move|p1a: Jumpluff|U-turn|p2a: Vigoroth\n|-damage|p2a: Vigoroth|252/275\n|\n|t:|1722166081\n|switch|p1a: Grafaiai|Grafaiai, L86, F|249/249|[from] U-turn\n|move|p2a: Vigoroth|Body Slam|p1a: Grafaiai\n|-damage|p1a: Grafaiai|155/249\n|\n|upkeep\n|turn|9\n|\n|t:|1722166093\n|move|p1a: Grafaiai|Knock Off|p2a: Vigoroth\n|-crit|p2a: Vigoroth\n|-damage|p2a: Vigoroth|177/275\n|-enditem|p2a: Vigoroth|Eviolite|[from] move: Knock Off|[of] p1a: Grafaiai\n|move|p2a: Vigoroth|Earthquake|p1a: Grafaiai\n|-supereffective|p1a: Grafaiai\n|-damage|p1a: Grafaiai|0 fnt\n|faint|p1a: Grafaiai\n|\n|upkeep\n|\n|t:|1722166097\n|switch|p1a: Gothitelle|Gothitelle, L90, M|272/272\n|-activate|p1a: Gothitelle|move: Sticky Web\n|-unboost|p1a: Gothitelle|spe|1\n|turn|10\n|\n|t:|1722166102\n|move|p2a: Vigoroth|Body Slam|p1a: Gothitelle\n|-crit|p1a: Gothitelle\n|-damage|p1a: Gothitelle|170/272\n|move|p1a: Gothitelle|Focus Blast|p2a: Vigoroth|[miss]\n|-miss|p1a: Gothitelle|p2a: Vigoroth\n|\n|-heal|p1a: Gothitelle|187/272|[from] item: Leftovers\n|upkeep\n|turn|11\n|\n|t:|1722166112\n|move|p2a: Vigoroth|Body Slam|p1a: Gothitelle\n|-damage|p1a: Gothitelle|115/272\n|move|p1a: Gothitelle|Focus Blast|p2a: Vigoroth\n|-supereffective|p2a: Vigoroth\n|-damage|p2a: Vigoroth|0 fnt\n|faint|p2a: Vigoroth\n|\n|-heal|p1a: Gothitelle|132/272|[from] item: Leftovers\n|upkeep\n|\n|t:|1722166146\n|switch|p2a: Dewgong|Dewgong, L93, F|318/318\n|turn|12\n|l| Loudthump\n|\n|t:|1722166158\n|move|p2a: Dewgong|Knock Off|p1a: Gothitelle\n|-supereffective|p1a: Gothitelle\n|-damage|p1a: Gothitelle|4/272\n|-enditem|p1a: Gothitelle|Leftovers|[from] move: Knock Off|[of] p2a: Dewgong\n|move|p1a: Gothitelle|Focus Blast|p2a: Dewgong\n|-supereffective|p2a: Dewgong\n|-damage|p2a: Dewgong|208/318\n|\n|upkeep\n|turn|13\n|\n|t:|1722166164\n|move|p2a: Dewgong|Surf|p1a: Gothitelle\n|-damage|p1a: Gothitelle|0 fnt\n|faint|p1a: Gothitelle\n|\n|upkeep\n|\n|t:|1722166165\n|switch|p1a: Jumpluff|Jumpluff, L87, M|271/271\n|turn|14\n|\n|t:|1722166168\n|move|p1a: Jumpluff|Sleep Powder|p2a: Dewgong\n|-status|p2a: Dewgong|slp|[from] move: Sleep Powder\n|cant|p2a: Dewgong|slp\n|\n|upkeep\n|turn|15\n|\n|t:|1722166175\n|move|p1a: Jumpluff|U-turn|p2a: Dewgong\n|-damage|p2a: Dewgong|170/318 slp\n|\n|t:|1722166177\n|switch|p1a: Mamoswine|Mamoswine, L81, F|311/311|[from] U-turn\n|-activate|p1a: Mamoswine|move: Sticky Web\n|-unboost|p1a: Mamoswine|spe|1\n|cant|p2a: Dewgong|slp\n|\n|upkeep\n|turn|16\n|\n|t:|1722166181\n|-curestatus|p2a: Dewgong|slp|[msg]\n|move|p2a: Dewgong|Surf|p1a: Mamoswine\n|-supereffective|p1a: Mamoswine\n|-damage|p1a: Mamoswine|71/311\n|move|p1a: Mamoswine|Earthquake|p2a: Dewgong\n|-damage|p2a: Dewgong|0 fnt\n|faint|p2a: Dewgong\n|\n|upkeep\n|\n|t:|1722166193\n|switch|p2a: Drifblim|Drifblim, L86, F|396/396\n|turn|17\n|\n|t:|1722166203\n|switch|p1a: Jumpluff|Jumpluff, L87, M|271/271\n|move|p2a: Drifblim|Calm Mind|p2a: Drifblim\n|-boost|p2a: Drifblim|spa|1\n|-boost|p2a: Drifblim|spd|1\n|\n|upkeep\n|turn|18\n|\n|t:|1722166206\n|move|p1a: Jumpluff|Sleep Powder|p2a: Drifblim\n|-status|p2a: Drifblim|slp|[from] move: Sleep Powder\n|cant|p2a: Drifblim|slp\n|\n|upkeep\n|turn|19\n|\n|t:|1722166213\n|move|p1a: Jumpluff|Acrobatics|p2a: Drifblim\n|-damage|p2a: Drifblim|278/396 slp\n|cant|p2a: Drifblim|slp\n|\n|upkeep\n|turn|20\n|\n|t:|1722166219\n|move|p1a: Jumpluff|U-turn|p2a: Drifblim\n|-resisted|p2a: Drifblim\n|-damage|p2a: Drifblim|264/396 slp\n|\n|t:|1722166221\n|switch|p1a: Mamoswine|Mamoswine, L81, F|71/311|[from] U-turn\n|-activate|p1a: Mamoswine|move: Sticky Web\n|-unboost|p1a: Mamoswine|spe|1\n|-curestatus|p2a: Drifblim|slp|[msg]\n|move|p2a: Drifblim|Calm Mind|p2a: Drifblim\n|-boost|p2a: Drifblim|spa|1\n|-boost|p2a: Drifblim|spd|1\n|\n|upkeep\n|turn|21\n|\n|t:|1722166245\n|switch|p1a: Jumpluff|Jumpluff, L87, M|271/271\n|-terastallize|p2a: Drifblim|Fairy\n|move|p2a: Drifblim|Shadow Ball|p1a: Jumpluff\n|-damage|p1a: Jumpluff|112/271\n|\n|upkeep\n|turn|22\n|\n|t:|1722166253\n|move|p1a: Jumpluff|Sleep Powder|p2a: Drifblim\n|-status|p2a: Drifblim|slp|[from] move: Sleep Powder\n|cant|p2a: Drifblim|slp\n|\n|upkeep\n|turn|23\n|\n|t:|1722166260\n|move|p1a: Jumpluff|U-turn|p2a: Drifblim\n|-resisted|p2a: Drifblim\n|-damage|p2a: Drifblim|235/396 slp\n|\n|t:|1722166262\n|switch|p1a: Mamoswine|Mamoswine, L81, F|71/311|[from] U-turn\n|-activate|p1a: Mamoswine|move: Sticky Web\n|-unboost|p1a: Mamoswine|spe|1\n|-curestatus|p2a: Drifblim|slp|[msg]\n|move|p2a: Drifblim|Air Slash|p1a: Mamoswine\n|-damage|p1a: Mamoswine|0 fnt\n|faint|p1a: Mamoswine\n|\n|upkeep\n|\n|t:|1722166266\n|switch|p1a: Jumpluff|Jumpluff, L87, M|112/271\n|turn|24\n|\n|t:|1722166271\n|move|p1a: Jumpluff|Sleep Powder|p2a: Drifblim\n|-status|p2a: Drifblim|slp|[from] move: Sleep Powder\n|cant|p2a: Drifblim|slp\n|\n|upkeep\n|turn|25\n|\n|t:|1722166273\n|move|p1a: Jumpluff|U-turn|p2a: Drifblim\n|-resisted|p2a: Drifblim\n|-damage|p2a: Drifblim|210/396 slp\n|\n|t:|1722166274\n|switch|p1a: Iron Leaves|Iron Leaves, L80|275/275|[from] U-turn\n|-activate|p1a: Iron Leaves|move: Sticky Web\n|-unboost|p1a: Iron Leaves|spe|1\n|cant|p2a: Drifblim|slp\n|\n|upkeep\n|turn|26\n|\n|t:|1722166278\n|cant|p2a: Drifblim|slp\n|move|p1a: Iron Leaves|Leaf Blade|p2a: Drifblim\n|-damage|p2a: Drifblim|0 fnt\n|faint|p2a: Drifblim\n|\n|upkeep\n|\n|t:|1722166280\n|switch|p2a: Dragapult|Dragapult, L77, M|262/262\n|turn|27\n|\n|t:|1722166309\n|move|p2a: Dragapult|Dragon Darts|p1a: Iron Leaves\n|-damage|p1a: Iron Leaves|197/275\n|-anim|p2a: Dragapult|Dragon Darts|p1a: Iron Leaves\n|-damage|p1a: Iron Leaves|123/275\n|-damage|p2a: Dragapult|236/262|[from] item: Life Orb\n|move|p1a: Iron Leaves|Leaf Blade|p2a: Dragapult\n|-resisted|p2a: Dragapult\n|-damage|p2a: Dragapult|132/262\n|\n|upkeep\n|turn|28\n|\n|t:|1722166319\n|move|p2a: Dragapult|Dragon Darts|p1a: Iron Leaves\n|-damage|p1a: Iron Leaves|55/275\n|-anim|p2a: Dragapult|Dragon Darts|p1a: Iron Leaves\n|-damage|p1a: Iron Leaves|0 fnt\n|faint|p1a: Iron Leaves\n|-end|p1a: Iron Leaves|Quark Drive|[silent]\n|-damage|p2a: Dragapult|106/262|[from] item: Life Orb\n|\n|upkeep\n|\n|t:|1722166321\n|switch|p1a: Jumpluff|Jumpluff, L87, M|112/271\n|turn|29\n|\n|t:|1722166325\n|-terastallize|p1a: Jumpluff|Steel\n|move|p2a: Dragapult|Fire Blast|p1a: Jumpluff\n|-supereffective|p1a: Jumpluff\n|-damage|p1a: Jumpluff|0 fnt\n|faint|p1a: Jumpluff\n|-damage|p2a: Dragapult|80/262|[from] item: Life Orb\n|\n|win|mfssonsofbitches\n|raw|MichaelderBesteVGC's rating: 2437 &rarr; <strong>2412</strong><br />(-25 for losing)\n|raw|mfssonsofbitches's rating: 2353 &rarr; <strong>2378</strong><br />(+25 for winning)\n|c|\u2606mfssonsofbitches|ggwp\n", "inputlog": ">version 3c8c0ba6a3441824201ce9f0cf68dcc094963845\n>start {\"formatid\":\"gen9randombattle\",\"seed\":[64279,36393,25485,37143],\"rated\":\"Rated battle\"}\n>player p1 {\"name\":\"MichaelderBesteVGC\",\"avatar\":\"#wcop2021germany\",\"rating\":2419,\"seed\":[49325,43846,10263,15452]}\n>player p2 {\"name\":\"mfssonsofbitches\",\"avatar\":\"102\",\"rating\":2353,\"seed\":[47423,32400,12234,8337]}\n>chat \u2606mfssonsofbitches|oh hi\n>chat \u2606mfssonsofbitches|glhf\n>p1 move stoneedge\n>p2 move stickyweb\n>p1 move psychicfangs\n>p2 move uturn\n>p2 switch 2\n>p1 move swordsdance\n>p2 move cosmicpower\n>p1 move stoneedge\n>p2 move nightshade\n>p1 move stoneedge\n>p2 move nightshade\n>p1 move stoneedge\n>p2 move recover\n>p1 switch 2\n>p2 switch 6\n>p1 move sleeppowder\n>p2 switch 4\n>p1 move uturn\n>p2 move bodyslam\n>p1 switch 6\n>p1 move knockoff\n>p2 move earthquake\n>p1 switch 3\n>p1 move focusblast\n>p2 move bodyslam\n>p1 move focusblast\n>p2 move bodyslam\n>p2 switch 4\n>p1 move focusblast\n>p2 move knockoff\n>p1 move focusblast\n>p2 move surf\n>p1 switch 6\n>p1 move sleeppowder\n>p2 move tripleaxel\n>p1 move uturn\n>p2 move tripleaxel\n>p1 switch 5\n>p1 move earthquake\n>p2 move surf\n>p2 switch 3\n>p1 switch 5\n>p2 move calmmind\n>p1 move sleeppowder\n>p2 move airslash\n>p1 move acrobatics\n>p2 move shadowball\n>p1 move uturn\n>p2 move calmmind\n>p1 switch 5\n>p1 switch 5\n>p2 move shadowball terastallize\n>p1 move sleeppowder\n>p2 move strengthsap\n>p1 move uturn\n>p2 move airslash\n>p1 switch 5\n>p1 switch 5\n>p1 move sleeppowder\n>p2 move shadowball\n>p1 move uturn\n>p2 move shadowball\n>p1 switch 4\n>p1 move leafblade\n>p2 move shadowball\n>p2 switch 5\n>p1 move leafblade\n>p2 move dragondarts\n>p1 move leafblade\n>p2 move dragondarts\n>p1 switch 4\n>p1 move strengthsap terastallize\n>p2 move fireblast", "uploadtime": 1722166331, "views": 191, "formatid": "gen9randombattle", "rating": 2378, "private": 0, "password": null}