{"id": "gen9randombattle-2260267535", "format": "[Gen 9] Random Battle", "players": ["Gabiteguy", "pocket elves"], "log": "|j|\u2606Gabiteguy\n|j|\u2606pocket elves\n|t:|1733832543\n|gametype|singles\n|player|p1|Gabiteguy|101|1359\n|player|p2|pocket elves|cyclist|1316\n|teamsize|p1|6\n|teamsize|p2|6\n|gen|9\n|tier|[Gen 9] Random Battle\n|rated|\n|rule|Species Clause: Limit one of each Pok\u00e9mon\n|rule|HP Percentage Mod: HP is shown in percentages\n|rule|Sleep Clause Mod: Limit one foe put to sleep\n|rule|Illusion Level Mod: Illusion disguises the Pok\u00e9mon's true level\n|\n|t:|1733832543\n|start\n|switch|p1a: Gastrodon|Gastrodon, L86, M|331/331\n|switch|p2a: Scream Tail|Scream Tail, L84|330/330\n|turn|1\n|inactive|Battle timer is ON: inactive players will automatically lose when time's up. (requested by Gabiteguy)\n|inactive|pocket elves has 120 seconds left.\n|\n|t:|1733832599\n|-end|p2a: Scream Tail|Protosynthesis|[silent]\n|switch|p2a: Electrode|Electrode-Hisui, L87|246/246\n|move|p1a: Gastrodon|Spikes|p2a: Electrode\n|-sidestart|p2: pocket elves|Spikes\n|\n|upkeep\n|turn|2\n|\n|t:|1733832615\n|switch|p1a: Bronzong|Bronzong, L88|261/261\n|move|p2a: Electrode|Leaf Storm|p1a: Bronzong\n|-resisted|p1a: Bronzong\n|-damage|p1a: Bronzong|199/261\n|-unboost|p2a: Electrode|spa|2\n|-damage|p2a: Electrode|222/246|[from] item: Life Orb\n|\n|upkeep\n|turn|3\n|\n|t:|1733832623\n|move|p2a: Electrode|Volt Switch|p1a: Bronzong\n|-damage|p1a: Bronzong|163/261\n|-damage|p2a: Electrode|198/246|[from] item: Life Orb\n|\n|t:|1733832629\n|switch|p2a: Plusle|Plusle, L95, F|268/268|[from] Volt Switch\n|-damage|p2a: Plusle|235/268|[from] Spikes\n|move|p1a: Bronzong|Iron Defense|p1a: Bronzong\n|-boost|p1a: Bronzong|def|2\n|\n|upkeep\n|turn|4\n|\n|t:|1733832649\n|move|p2a: Plusle|Thunderbolt|p1a: Bronzong\n|-damage|p1a: Bronzong|42/261\n|-damage|p2a: Plusle|209/268|[from] item: Life Orb\n|move|p1a: Bronzong|Body Press|p2a: Plusle\n|-damage|p2a: Plusle|0 fnt\n|faint|p2a: Plusle\n|\n|upkeep\n|\n|t:|1733832659\n|switch|p2a: Electrode|Electrode-Hisui, L87|198/246\n|-damage|p2a: Electrode|168/246|[from] Spikes\n|turn|5\n|\n|t:|1733832666\n|move|p2a: Electrode|Volt Switch|p1a: Bronzong\n|-damage|p1a: Bronzong|0 fnt\n|faint|p1a: Bronzong\n|-damage|p2a: Electrode|144/246|[from] item: Life Orb\n|\n|t:|1733832674\n|switch|p2a: Braviary|Braviary-Hisui, L85, M|326/326|[from] Volt Switch\n|\n|upkeep\n|\n|t:|1733832681\n|switch|p1a: Klefki|Klefki, L84, M|233/233\n|turn|6\n|\n|t:|1733832694\n|move|p1a: Klefki|Thunder Wave|p2a: Braviary|[miss]\n|-miss|p1a: Klefki|p2a: Braviary\n|move|p2a: Braviary|U-turn|p1a: Klefki\n|-resisted|p1a: Klefki\n|-damage|p1a: Klefki|213/233\n|\n|t:|1733832698\n|switch|p2a: Electrode|Electrode-Hisui, L87|144/246|[from] U-turn\n|-damage|p2a: Electrode|114/246|[from] Spikes\n|\n|-heal|p1a: Klefki|227/233|[from] item: Leftovers\n|upkeep\n|turn|7\n|inactive|Gabiteguy has 120 seconds left.\n|\n|t:|1733832741\n|move|p1a: Klefki|Spikes|p2a: Electrode\n|-sidestart|p2: pocket elves|Spikes\n|move|p2a: Electrode|Thunder Wave|p1a: Klefki|[miss]\n|-miss|p2a: Electrode|p1a: Klefki\n|\n|-heal|p1a: Klefki|233/233|[from] item: Leftovers\n|upkeep\n|turn|8\n|\n|t:|1733832755\n|move|p2a: Electrode|Thunder Wave|p1a: Klefki\n|-status|p1a: Klefki|par\n|move|p1a: Klefki|Dazzling Gleam|p2a: Electrode\n|-damage|p2a: Electrode|41/246\n|\n|upkeep\n|turn|9\n|\n|t:|1733832761\n|move|p2a: Electrode|Thunderbolt|p1a: Klefki\n|-damage|p1a: Klefki|120/233 par\n|-damage|p2a: Electrode|17/246|[from] item: Life Orb\n|move|p1a: Klefki|Dazzling Gleam|p2a: Electrode\n|-damage|p2a: Electrode|0 fnt\n|faint|p2a: Electrode\n|\n|-heal|p1a: Klefki|134/233 par|[from] item: Leftovers\n|upkeep\n|\n|t:|1733832772\n|switch|p2a: Lycanroc|Lycanroc, L86, F|269/269\n|-damage|p2a: Lycanroc|225/269|[from] Spikes\n|turn|10\n|\n|t:|1733832776\n|move|p1a: Klefki|Thunder Wave|p2a: Lycanroc|[miss]\n|-miss|p1a: Klefki|p2a: Lycanroc\n|move|p2a: Lycanroc|Taunt|p1a: Klefki\n|-start|p1a: Klefki|move: Taunt\n|\n|-heal|p1a: Klefki|148/233 par|[from] item: Leftovers\n|upkeep\n|turn|11\n|\n|t:|1733832783\n|move|p2a: Lycanroc|Swords Dance|p2a: Lycanroc\n|-boost|p2a: Lycanroc|atk|2\n|move|p1a: Klefki|Foul Play|p2a: Lycanroc\n|-damage|p2a: Lycanroc|28/269\n|\n|-heal|p1a: Klefki|162/233 par|[from] item: Leftovers\n|upkeep\n|turn|12\n|\n|t:|1733832791\n|move|p2a: Lycanroc|Close Combat|p1a: Klefki\n|-damage|p1a: Klefki|0 fnt\n|-unboost|p2a: Lycanroc|def|1\n|-unboost|p2a: Lycanroc|spd|1\n|faint|p1a: Klefki\n|-damage|p2a: Lycanroc|2/269|[from] item: Life Orb\n|\n|upkeep\n|\n|t:|1733832808\n|switch|p1a: Gastrodon|Gastrodon, L86, M|331/331\n|turn|13\n|\n|t:|1733832816\n|move|p2a: Lycanroc|Close Combat|p1a: Gastrodon\n|-damage|p1a: Gastrodon|22/331\n|-unboost|p2a: Lycanroc|def|1\n|-unboost|p2a: Lycanroc|spd|1\n|-damage|p2a: Lycanroc|0 fnt|[from] item: Life Orb\n|faint|p2a: Lycanroc\n|move|p1a: Gastrodon|Recover|p1a: Gastrodon\n|-heal|p1a: Gastrodon|188/331\n|\n|-heal|p1a: Gastrodon|208/331|[from] item: Leftovers\n|upkeep\n|\n|t:|1733832823\n|switch|p2a: Persian|Persian, L92, M|269/269\n|-damage|p2a: Persian|225/269|[from] Spikes\n|turn|14\n|\n|t:|1733832832\n|move|p2a: Persian|Fake Out|p1a: Gastrodon\n|-damage|p1a: Gastrodon|118/331\n|cant|p1a: Gastrodon|flinch\n|\n|-heal|p1a: Gastrodon|138/331|[from] item: Leftovers\n|upkeep\n|turn|15\n|\n|t:|1733832835\n|move|p2a: Persian|Double-Edge|p1a: Gastrodon\n|-crit|p1a: Gastrodon\n|-damage|p1a: Gastrodon|0 fnt\n|faint|p1a: Gastrodon\n|-damage|p2a: Persian|179/269|[from] Recoil\n|\n|upkeep\n|\n|t:|1733832843\n|switch|p1a: Falinks|Falinks, L84|246/246\n|turn|16\n|\n|t:|1733832849\n|move|p2a: Persian|Double-Edge|p1a: Falinks\n|-damage|p1a: Falinks|110/246\n|-damage|p2a: Persian|134/269|[from] Recoil\n|move|p1a: Falinks|No Retreat|p1a: Falinks\n|-boost|p1a: Falinks|atk|1\n|-boost|p1a: Falinks|def|1\n|-boost|p1a: Falinks|spa|1\n|-boost|p1a: Falinks|spd|1\n|-boost|p1a: Falinks|spe|1\n|-start|p1a: Falinks|move: No Retreat\n|\n|upkeep\n|turn|17\n|\n|t:|1733832854\n|move|p2a: Persian|Double-Edge|p1a: Falinks\n|-damage|p1a: Falinks|26/246\n|-damage|p2a: Persian|106/269|[from] Recoil\n|move|p1a: Falinks|Iron Head|p2a: Persian\n|-damage|p2a: Persian|0 fnt\n|faint|p2a: Persian\n|-damage|p1a: Falinks|2/246|[from] item: Life Orb\n|\n|upkeep\n|\n|t:|1733832875\n|switch|p2a: Scream Tail|Scream Tail, L84|330/330\n|-damage|p2a: Scream Tail|275/330|[from] Spikes\n|turn|18\n|\n|t:|1733832881\n|-terastallize|p2a: Scream Tail|Steel\n|move|p1a: Falinks|Iron Head|p2a: Scream Tail\n|-resisted|p2a: Scream Tail\n|-damage|p2a: Scream Tail|226/330\n|-damage|p1a: Falinks|0 fnt|[from] item: Life Orb\n|faint|p1a: Falinks\n|move|p2a: Scream Tail|Dazzling Gleam|p1: Falinks|[notarget]\n|-fail|p2a: Scream Tail\n|\n|-heal|p2a: Scream Tail|246/330|[from] item: Leftovers\n|upkeep\n|\n|t:|1733832887\n|switch|p1a: Greedent|Greedent, L86, M|347/347\n|turn|19\n|\n|t:|1733832913\n|move|p2a: Scream Tail|Thunder Wave|p1a: Greedent|[miss]\n|-miss|p2a: Scream Tail|p1a: Greedent\n|move|p1a: Greedent|Swords Dance|p1a: Greedent\n|-boost|p1a: Greedent|atk|2\n|\n|-heal|p2a: Scream Tail|266/330|[from] item: Leftovers\n|upkeep\n|turn|20\n|\n|t:|1733832929\n|move|p2a: Scream Tail|Thunder Wave|p1a: Greedent\n|-status|p1a: Greedent|par\n|move|p1a: Greedent|Earthquake|p2a: Scream Tail\n|-supereffective|p2a: Scream Tail\n|-damage|p2a: Scream Tail|20/330\n|\n|-heal|p2a: Scream Tail|40/330|[from] item: Leftovers\n|upkeep\n|turn|21\n|c|\u2606pocket elves|fat cheeked bastard about to whipe me\n|\n|t:|1733832937\n|move|p2a: Scream Tail|Wish|p2a: Scream Tail\n|move|p1a: Greedent|Earthquake|p2a: Scream Tail\n|-supereffective|p2a: Scream Tail\n|-damage|p2a: Scream Tail|0 fnt\n|faint|p2a: Scream Tail\n|-end|p2a: Scream Tail|Protosynthesis|[silent]\n|\n|upkeep\n|\n|t:|1733832940\n|switch|p2a: Braviary|Braviary-Hisui, L85, M|326/326\n|turn|22\n|\n|t:|1733832948\n|move|p2a: Braviary|Esper Wing|p1a: Greedent\n|-damage|p1a: Greedent|179/347 par\n|-boost|p2a: Braviary|spe|1\n|move|p1a: Greedent|Knock Off|p2a: Braviary\n|-supereffective|p2a: Braviary\n|-damage|p2a: Braviary|0 fnt\n|-enditem|p2a: Braviary|Choice Specs|[from] move: Knock Off|[of] p1a: Greedent\n|faint|p2a: Braviary\n|\n|win|Gabiteguy\n", "inputlog": ">version bfd83cad13791eb5a5a409923076391caf6fb4d4\n>start {\"formatid\":\"gen9randombattle\",\"seed\":[37655,44007,26947,41933],\"rated\":\"Rated battle\"}\n>player p1 {\"name\":\"Gabiteguy\",\"avatar\":\"101\",\"rating\":1359,\"seed\":[44810,59355,23136,63370]}\n>player p2 {\"name\":\"pocket elves\",\"avatar\":\"cyclist\",\"rating\":1316,\"seed\":[59512,15396,50542,45262]}\n>p1 move spikes\n>p2 switch 2\n>p1 switch 4\n>p2 move leafstorm\n>p1 move irondefense\n>p2 move voltswitch\n>p2 switch 5\n>p1 move bodypress\n>p2 move thunderbolt\n>p2 switch 5\n>p1 move rest\n>p2 move voltswitch\n>p2 switch 3\n>p1 switch 6\n>p1 move thunderwave\n>p2 move uturn\n>p2 switch 3\n>p1 move spikes\n>p2 move thunderwave\n>p1 move dazzlinggleam\n>p2 move thunderwave\n>p1 move dazzlinggleam\n>p2 move thunderbolt\n>p2 switch 6\n>p1 move thunderwave\n>p2 move taunt\n>p1 move foulplay\n>p2 move swordsdance\n>p1 move foulplay\n>p2 move closecombat\n>p1 switch 4\n>p1 move recover\n>p2 move closecombat\n>p2 switch 4\n>p1 move spikes\n>p2 move fakeout\n>p1 move recover\n>p2 move doubleedge\n>p1 switch 5\n>p1 move noretreat\n>p2 move doubleedge\n>p1 move ironhead\n>p2 move doubleedge\n>p2 switch 2\n>p1 move ironhead\n>p2 move dazzlinggleam terastallize\n>p1 switch 2\n>p1 move swordsdance\n>p2 move thunderwave\n>p1 move earthquake\n>p2 move thunderwave\n>chat \u2606pocket elves|fat cheeked bastard about to whipe me\n>p1 move earthquake\n>p2 move wish\n>p2 switch 3\n>p1 move knockoff\n>p2 move esperwing", "uploadtime": 1733832935, "views": 1, "formatid": "gen9randombattle", "rating": null, "private": 0, "password": null}