{"id": "gen9randombattle-2216530521", "format": "[Gen 9] Random Battle", "players": ["freebobby2020", "RL4T beefchief123"], "log": "|badge|p2|bronze|gen9randombattle|100-3\n|uhtml|medal-msg|<div class=\"broadcast-blue\">Curious what those medals under the avatar are? PS now has Ladder Seasons! For more information, check out the <a href=\"https://www.smogon.com/forums/threads/3740067/\">thread on Smogon.</a></div>\n|raw|<div class=\"broadcast-blue\"><strong>This battle is required to be public due to a player having a name starting with 'rl4t'.</div>\n|j|\u2606freebobby2020\n|j|\u2606RL4T beefchief123\n|t:|1728143760\n|gametype|singles\n|player|p1|freebobby2020|266|2258\n|player|p2|RL4T beefchief123|kimonogirl|2245\n|teamsize|p1|6\n|teamsize|p2|6\n|gen|9\n|tier|[Gen 9] Random Battle\n|rated|\n|rule|Species Clause: Limit one of each Pok\u00e9mon\n|rule|HP Percentage Mod: HP is shown in percentages\n|rule|Sleep Clause Mod: Limit one foe put to sleep\n|rule|Illusion Level Mod: Illusion disguises the Pok\u00e9mon's true level\n|\n|t:|1728143760\n|start\n|switch|p1a: Hoopa|Hoopa, L85|275/275\n|switch|p2a: Corviknight|Corviknight, L80, M|288/288\n|-ability|p2a: Corviknight|Pressure\n|turn|1\n|inactive|Battle timer is ON: inactive players will automatically lose when time's up. (requested by RL4T beefchief123)\n|inactive|RL4T beefchief123 has 120 seconds left.\n|\n|t:|1728143802\n|move|p1a: Hoopa|Shadow Ball|p2a: Corviknight\n|-crit|p2a: Corviknight\n|-damage|p2a: Corviknight|46/288\n|-unboost|p2a: Corviknight|spd|1\n|-damage|p1a: Hoopa|248/275|[from] item: Life Orb\n|move|p2a: Corviknight|Brave Bird|p1a: Hoopa\n|-damage|p1a: Hoopa|100/275\n|-damage|p2a: Corviknight|0 fnt|[from] Recoil\n|faint|p2a: Corviknight\n|\n|upkeep\n|\n|t:|1728143807\n|switch|p2a: Mabosstiff|Mabosstiff, L86, F|278/278\n|turn|2\n|\n|t:|1728143828\n|move|p2a: Mabosstiff|Crunch|p1a: Hoopa\n|-supereffective|p1a: Hoopa\n|-damage|p1a: Hoopa|0 fnt\n|faint|p1a: Hoopa\n|\n|upkeep\n|\n|t:|1728143835\n|switch|p1a: Galvantula|Galvantula, L82, F|249/249\n|turn|3\n|\n|t:|1728143844\n|move|p1a: Galvantula|Sticky Web|p2a: Mabosstiff\n|-sidestart|p2: RL4T beefchief123|move: Sticky Web\n|move|p2a: Mabosstiff|Crunch|p1a: Galvantula\n|-damage|p1a: Galvantula|44/249\n|-unboost|p1a: Galvantula|def|1\n|\n|upkeep\n|turn|4\n|\n|t:|1728143860\n|switch|p2a: Regice|Regice, L88|284/284\n|move|p1a: Galvantula|Bug Buzz|p2a: Regice\n|-damage|p2a: Regice|235/284\n|\n|upkeep\n|turn|5\n|\n|t:|1728143871\n|move|p1a: Galvantula|Thunder|p2a: Regice\n|-damage|p2a: Regice|180/284\n|-status|p2a: Regice|par\n|move|p2a: Regice|Ice Beam|p1a: Galvantula\n|-damage|p1a: Galvantula|0 fnt\n|faint|p1a: Galvantula\n|\n|upkeep\n|\n|t:|1728143893\n|switch|p1a: Mewtwo|Mewtwo, L72|272/272\n|-ability|p1a: Mewtwo|Unnerve\n|turn|6\n|\n|t:|1728143896\n|move|p1a: Mewtwo|Nasty Plot|p1a: Mewtwo\n|-boost|p1a: Mewtwo|spa|2\n|move|p2a: Regice|Thunder Wave|p1a: Mewtwo\n|-status|p1a: Mewtwo|par\n|\n|upkeep\n|turn|7\n|inactive|freebobby2020 has 120 seconds left.\n|\n|t:|1728143932\n|cant|p1a: Mewtwo|par\n|move|p2a: Regice|Ice Beam|p1a: Mewtwo\n|-damage|p1a: Mewtwo|157/272 par\n|\n|upkeep\n|turn|8\n|\n|t:|1728143935\n|move|p1a: Mewtwo|Psystrike|p2a: Regice\n|-damage|p2a: Regice|0 fnt\n|faint|p2a: Regice\n|-damage|p1a: Mewtwo|130/272 par|[from] item: Life Orb\n|\n|upkeep\n|\n|t:|1728143938\n|switch|p2a: Mabosstiff|Mabosstiff, L86, F|278/278\n|-activate|p2a: Mabosstiff|move: Sticky Web\n|-unboost|p2a: Mabosstiff|spe|1\n|turn|9\n|inactive|freebobby2020 has 120 seconds left.\n|\n|t:|1728143954\n|move|p2a: Mabosstiff|Crunch|p1a: Mewtwo\n|-supereffective|p1a: Mewtwo\n|-damage|p1a: Mewtwo|0 fnt\n|faint|p1a: Mewtwo\n|\n|upkeep\n|inactive|freebobby2020 has 120 seconds left.\n|\n|t:|1728143960\n|switch|p1a: Alcremie|Alcremie-Rainbow-Swirl, L90, F|263/263\n|turn|10\n|\n|t:|1728143972\n|switch|p2a: Decidueye|Decidueye-Hisui, L87, M|295/295\n|-activate|p2a: Decidueye|move: Sticky Web\n|-unboost|p2a: Decidueye|spe|1\n|move|p1a: Alcremie|Calm Mind|p1a: Alcremie\n|-boost|p1a: Alcremie|spa|1\n|-boost|p1a: Alcremie|spd|1\n|\n|upkeep\n|turn|11\n|\n|t:|1728143982\n|-terastallize|p2a: Decidueye|Steel\n|move|p1a: Alcremie|Alluring Voice|p2a: Decidueye\n|-resisted|p2a: Decidueye\n|-damage|p2a: Decidueye|220/295\n|move|p2a: Decidueye|Leaf Blade|p1a: Alcremie\n|-damage|p1a: Alcremie|143/263\n|\n|-heal|p1a: Alcremie|159/263|[from] item: Leftovers\n|-heal|p2a: Decidueye|238/295|[from] item: Leftovers\n|upkeep\n|turn|12\n|\n|t:|1728143991\n|-terastallize|p1a: Alcremie|Ground\n|move|p1a: Alcremie|Tera Blast|p2a: Decidueye|[anim] Tera Blast Ground\n|-supereffective|p2a: Decidueye\n|-damage|p2a: Decidueye|0 fnt\n|faint|p2a: Decidueye\n|\n|-heal|p1a: Alcremie|175/263|[from] item: Leftovers\n|upkeep\n|\n|t:|1728143998\n|switch|p2a: Lunala|Lunala, L70|308/308\n|-activate|p2a: Lunala|move: Sticky Web\n|-unboost|p2a: Lunala|spe|1\n|turn|13\n|\n|t:|1728144010\n|switch|p1a: Wo-Chien|Wo-Chien, L83|277/277\n|-ability|p1a: Wo-Chien|Tablets of Ruin\n|move|p2a: Lunala|Calm Mind|p2a: Lunala\n|-boost|p2a: Lunala|spa|1\n|-boost|p2a: Lunala|spd|1\n|\n|upkeep\n|turn|14\n|\n|t:|1728144014\n|switch|p2a: Garchomp|Garchomp, L74, F|282/282\n|-activate|p2a: Garchomp|move: Sticky Web\n|-unboost|p2a: Garchomp|spe|1\n|move|p1a: Wo-Chien|Knock Off|p2a: Garchomp\n|-damage|p2a: Garchomp|180/282\n|-damage|p1a: Wo-Chien|243/277|[from] ability: Rough Skin|[of] p2a: Garchomp\n|-damage|p1a: Wo-Chien|197/277|[from] item: Rocky Helmet|[of] p2a: Garchomp\n|-enditem|p2a: Garchomp|Rocky Helmet|[from] move: Knock Off|[of] p1a: Wo-Chien\n|\n|-heal|p1a: Wo-Chien|214/277|[from] item: Leftovers\n|upkeep\n|turn|15\n|\n|t:|1728144022\n|switch|p1a: Arboliva|Arboliva, L91, F|288/288\n|move|p2a: Garchomp|Stealth Rock|p1a: Arboliva\n|-sidestart|p1: freebobby2020|move: Stealth Rock\n|\n|upkeep\n|turn|16\n|\n|t:|1728144028\n|move|p2a: Garchomp|Outrage|p1a: Arboliva\n|-damage|p1a: Arboliva|176/288\n|move|p1a: Arboliva|Substitute|p1a: Arboliva\n|-start|p1a: Arboliva|Substitute\n|-damage|p1a: Arboliva|104/288\n|-enditem|p1a: Arboliva|Sitrus Berry|[eat]\n|-heal|p1a: Arboliva|176/288|[from] item: Sitrus Berry\n|\n|upkeep\n|turn|17\n|\n|t:|1728144035\n|move|p2a: Garchomp|Outrage|p1a: Arboliva|[from]lockedmove\n|-end|p1a: Arboliva|Substitute\n|-start|p2a: Garchomp|confusion|[fatigue]\n|move|p1a: Arboliva|Leech Seed|p2a: Garchomp\n|-start|p2a: Garchomp|move: Leech Seed\n|\n|-damage|p2a: Garchomp|145/282|[from] Leech Seed|[of] p1a: Arboliva\n|-heal|p1a: Arboliva|211/288|[silent]\n|-item|p1a: Arboliva|Sitrus Berry|[from] ability: Harvest\n|upkeep\n|turn|18\n|\n|t:|1728144039\n|switch|p2a: Mabosstiff|Mabosstiff, L86, F|278/278\n|-activate|p2a: Mabosstiff|move: Sticky Web\n|-unboost|p2a: Mabosstiff|spe|1\n|move|p1a: Arboliva|Substitute|p1a: Arboliva\n|-start|p1a: Arboliva|Substitute\n|-damage|p1a: Arboliva|139/288\n|-enditem|p1a: Arboliva|Sitrus Berry|[eat]\n|-heal|p1a: Arboliva|211/288|[from] item: Sitrus Berry\n|\n|upkeep\n|turn|19\n|\n|t:|1728144044\n|move|p1a: Arboliva|Protect|p1a: Arboliva\n|-singleturn|p1a: Arboliva|Protect\n|move|p2a: Mabosstiff|Crunch|p1a: Arboliva\n|-activate|p1a: Arboliva|move: Protect\n|\n|upkeep\n|turn|20\n|\n|t:|1728144062\n|move|p2a: Mabosstiff|Crunch|p1a: Arboliva\n|-end|p1a: Arboliva|Substitute\n|move|p1a: Arboliva|Leech Seed|p2a: Mabosstiff\n|-start|p2a: Mabosstiff|move: Leech Seed\n|\n|-damage|p2a: Mabosstiff|244/278|[from] Leech Seed|[of] p1a: Arboliva\n|-heal|p1a: Arboliva|245/288|[silent]\n|upkeep\n|turn|21\n|\n|t:|1728144067\n|move|p2a: Mabosstiff|Crunch|p1a: Arboliva\n|-damage|p1a: Arboliva|98/288\n|move|p1a: Arboliva|Substitute|p1a: Arboliva\n|-start|p1a: Arboliva|Substitute\n|-damage|p1a: Arboliva|26/288\n|\n|-damage|p2a: Mabosstiff|210/278|[from] Leech Seed|[of] p1a: Arboliva\n|-heal|p1a: Arboliva|60/288|[silent]\n|-item|p1a: Arboliva|Sitrus Berry|[from] ability: Harvest\n|upkeep\n|-enditem|p1a: Arboliva|Sitrus Berry|[eat]\n|-heal|p1a: Arboliva|132/288|[from] item: Sitrus Berry\n|turn|22\n|-message|RL4T beefchief123 forfeited.\n|\n|win|freebobby2020\n|raw|freebobby2020's rating: 2258 &rarr; <strong>2277</strong><br />(+19 for winning)\n|raw|RL4T beefchief123's rating: 2245 &rarr; <strong>2226</strong><br />(-19 for losing)\n|l|\u2606RL4T beefchief123\n|player|p2|\n|l|\u2606freebobby2020\n|player|p1|\n", "inputlog": ">version 86ae7daf8e420bb3f6c82a6a988ddcc1b1aa7e58\n>start {\"formatid\":\"gen9randombattle\",\"seed\":[24490,36996,49390,25164],\"rated\":\"Rated battle\"}\n>player p1 {\"name\":\"freebobby2020\",\"avatar\":\"266\",\"rating\":2258,\"seed\":[33665,44782,49143,19026]}\n>player p2 {\"name\":\"RL4T beefchief123\",\"avatar\":\"kimonogirl\",\"rating\":2245,\"seed\":[27204,27140,56036,39801]}\n>p1 move shadowball\n>p2 move bravebird\n>p2 switch 6\n>p1 move focusblast\n>p2 move crunch\n>p1 switch 2\n>p1 move stickyweb\n>p2 move crunch\n>p1 move bugbuzz\n>p2 switch 3\n>p1 move thunder\n>p2 move icebeam\n>p1 switch 6\n>p1 move nastyplot\n>p2 move thunderwave\n>p1 move psystrike\n>p2 move icebeam\n>p1 move psystrike\n>p2 move icebeam\n>p2 switch 3\n>p1 move aurasphere\n>p2 move crunch\n>p1 switch 5\n>p1 move calmmind\n>p2 switch 2\n>p1 move alluringvoice\n>p2 move leafblade terastallize\n>p1 move terablast terastallize\n>p2 move leafblade\n>p2 switch 4\n>p1 switch 3\n>p2 move calmmind\n>p1 move knockoff\n>p2 switch 5\n>p1 switch 4\n>p2 move stealthrock\n>p1 move substitute\n>p2 move outrage\n>p1 move leechseed\n>p2 move outrage\n>p1 move substitute\n>p2 switch 2\n>p1 move protect\n>p2 move crunch\n>p1 move leechseed\n>p2 move crunch\n>p1 move substitute\n>p2 move crunch\n>forcelose p2", "uploadtime": 1728144086, "views": 70, "formatid": "gen9randombattle", "rating": 2226, "private": 0, "password": null}