{"id": "gen9randombattle-2259956699", "format": "[Gen 9] Random Battle", "players": ["BigBossJnack", "Chalminee"], "log": "|j|\u2606BigBossJnack\n|j|\u2606Chalminee\n|t:|1733784119\n|gametype|singles\n|player|p1|BigBossJnack|102|2062\n|player|p2|Chalminee|bellepa|2036\n|teamsize|p1|6\n|teamsize|p2|6\n|gen|9\n|tier|[Gen 9] Random Battle\n|rated|\n|rule|Species Clause: Limit one of each Pok\u00e9mon\n|rule|HP Percentage Mod: HP is shown in percentages\n|rule|Sleep Clause Mod: Limit one foe put to sleep\n|rule|Illusion Level Mod: Illusion disguises the Pok\u00e9mon's true level\n|\n|t:|1733784119\n|start\n|switch|p1a: Giratina|Giratina-Origin, L72|335/335\n|switch|p2a: Cryogonal|Cryogonal, L89|287/287\n|turn|1\n|\n|t:|1733784131\n|switch|p1a: Slither Wing|Slither Wing, L81|270/270\n|-enditem|p1a: Slither Wing|Booster Energy\n|-activate|p1a: Slither Wing|ability: Protosynthesis|[fromitem]\n|-start|p1a: Slither Wing|protosynthesisatk\n|move|p2a: Cryogonal|Ice Beam|p1a: Slither Wing\n|-damage|p1a: Slither Wing|180/270\n|\n|upkeep\n|turn|2\n|\n|t:|1733784143\n|switch|p2a: Palossand|Palossand, L89, F|296/296\n|move|p1a: Slither Wing|Bulk Up|p1a: Slither Wing\n|-boost|p1a: Slither Wing|atk|1\n|-boost|p1a: Slither Wing|def|1\n|\n|upkeep\n|turn|3\n|\n|t:|1733784155\n|move|p1a: Slither Wing|Leech Life|p2a: Palossand\n|-resisted|p2a: Palossand\n|-damage|p2a: Palossand|223/296\n|-heal|p1a: Slither Wing|217/270|[from] drain|[of] p2a: Palossand\n|move|p2a: Palossand|Earth Power|p1a: Slither Wing\n|-resisted|p1a: Slither Wing\n|-damage|p1a: Slither Wing|166/270\n|\n|-heal|p2a: Palossand|241/296|[from] item: Leftovers\n|upkeep\n|turn|4\n|\n|t:|1733784171\n|move|p1a: Slither Wing|Bulk Up|p1a: Slither Wing\n|-boost|p1a: Slither Wing|atk|1\n|-boost|p1a: Slither Wing|def|1\n|move|p2a: Palossand|Shadow Ball|p1a: Slither Wing\n|-damage|p1a: Slither Wing|76/270\n|-unboost|p1a: Slither Wing|spd|1\n|\n|-heal|p2a: Palossand|259/296|[from] item: Leftovers\n|upkeep\n|turn|5\n|\n|t:|1733784177\n|move|p1a: Slither Wing|Leech Life|p2a: Palossand\n|-resisted|p2a: Palossand\n|-damage|p2a: Palossand|157/296\n|-heal|p1a: Slither Wing|127/270|[from] drain|[of] p2a: Palossand\n|move|p2a: Palossand|Shadow Ball|p1a: Slither Wing\n|-damage|p1a: Slither Wing|0 fnt\n|faint|p1a: Slither Wing\n|-end|p1a: Slither Wing|Protosynthesis|[silent]\n|\n|-heal|p2a: Palossand|175/296|[from] item: Leftovers\n|upkeep\n|\n|t:|1733784181\n|switch|p1a: Houndoom|Houndoom, L87, M|272/272\n|turn|6\n|\n|t:|1733784193\n|move|p1a: Houndoom|Dark Pulse|p2a: Palossand\n|-supereffective|p2a: Palossand\n|-damage|p2a: Palossand|0 fnt\n|faint|p2a: Palossand\n|\n|upkeep\n|\n|t:|1733784213\n|switch|p2a: Heatran|Heatran, L79, F|273/273\n|-item|p2a: Heatran|Air Balloon\n|turn|7\n|\n|t:|1733784217\n|move|p1a: Houndoom|Dark Pulse|p2a: Heatran\n|-damage|p2a: Heatran|183/273\n|-enditem|p2a: Heatran|Air Balloon\n|cant|p2a: Heatran|flinch\n|\n|upkeep\n|turn|8\n|\n|t:|1733784223\n|switch|p1a: Altaria|Altaria, L88, M|275/275\n|move|p2a: Heatran|Earth Power|p1a: Altaria\n|-immune|p1a: Altaria\n|\n|upkeep\n|turn|9\n|c|\u2606Chalminee|try once not twice\n|\n|t:|1733784239\n|switch|p1a: Houndoom|Houndoom, L87, M|272/272\n|switch|p2a: Cryogonal|Cryogonal, L89|287/287\n|\n|upkeep\n|turn|10\n|\n|t:|1733784249\n|switch|p2a: Heatran|Heatran, L79, F|183/273\n|move|p1a: Houndoom|Dark Pulse|p2a: Heatran\n|-damage|p2a: Heatran|87/273\n|\n|upkeep\n|turn|11\n|\n|t:|1733784254\n|move|p1a: Houndoom|Dark Pulse|p2a: Heatran\n|-damage|p2a: Heatran|0 fnt\n|faint|p2a: Heatran\n|\n|upkeep\n|\n|t:|1733784268\n|switch|p2a: Dragonite|Dragonite, L74, M|257/257\n|turn|12\n|\n|t:|1733784278\n|move|p1a: Houndoom|Dark Pulse|p2a: Dragonite\n|-damage|p2a: Dragonite|209/257\n|move|p2a: Dragonite|Dragon Dance|p2a: Dragonite\n|-boost|p2a: Dragonite|atk|1\n|-boost|p2a: Dragonite|spe|1\n|\n|upkeep\n|turn|13\n|\n|t:|1733784288\n|move|p2a: Dragonite|Earthquake|p1a: Houndoom\n|-supereffective|p1a: Houndoom\n|-damage|p1a: Houndoom|0 fnt\n|faint|p1a: Houndoom\n|\n|upkeep\n|\n|t:|1733784290\n|switch|p1a: Hypno|Hypno, L95, M|315/315\n|turn|14\n|\n|t:|1733784312\n|move|p2a: Dragonite|Outrage|p1a: Hypno\n|-damage|p1a: Hypno|98/315\n|move|p1a: Hypno|Toxic|p2a: Dragonite\n|-status|p2a: Dragonite|tox\n|\n|-heal|p1a: Hypno|117/315|[from] item: Leftovers\n|-damage|p2a: Dragonite|193/257 tox|[from] psn\n|upkeep\n|turn|15\n|\n|t:|1733784317\n|move|p1a: Hypno|Protect|p1a: Hypno\n|-singleturn|p1a: Hypno|Protect\n|move|p2a: Dragonite|Outrage|p1a: Hypno|[from]lockedmove\n|-activate|p1a: Hypno|move: Protect\n|\n|-heal|p1a: Hypno|136/315|[from] item: Leftovers\n|-damage|p2a: Dragonite|161/257 tox|[from] psn\n|upkeep\n|turn|16\n|\n|t:|1733784334\n|switch|p1a: Armarouge|Armarouge, L80, M|267/267\n|move|p2a: Dragonite|Outrage|p1a: Armarouge\n|-damage|p1a: Armarouge|93/267\n|-ability|p1a: Armarouge|Weak Armor|boost\n|-unboost|p1a: Armarouge|def|1\n|-boost|p1a: Armarouge|spe|2\n|\n|-damage|p2a: Dragonite|113/257 tox|[from] psn\n|upkeep\n|turn|17\n|\n|t:|1733784344\n|move|p1a: Armarouge|Meteor Beam||[still]\n|-prepare|p1a: Armarouge|Meteor Beam\n|-boost|p1a: Armarouge|spa|1\n|-enditem|p1a: Armarouge|Power Herb\n|-anim|p1a: Armarouge|Meteor Beam|p2a: Dragonite\n|-supereffective|p2a: Dragonite\n|-damage|p2a: Dragonite|0 fnt\n|faint|p2a: Dragonite\n|\n|upkeep\n|\n|t:|1733784361\n|switch|p2a: Solgaleo|Solgaleo, L74|325/325\n|turn|18\n|\n|t:|1733784369\n|move|p1a: Armarouge|Energy Ball|p2a: Solgaleo\n|-resisted|p2a: Solgaleo\n|-damage|p2a: Solgaleo|260/325\n|move|p2a: Solgaleo|Psychic|p1a: Armarouge\n|-resisted|p1a: Armarouge\n|-damage|p1a: Armarouge|44/267\n|-unboost|p1a: Armarouge|spd|1\n|\n|upkeep\n|turn|19\n|\n|t:|1733784375\n|move|p1a: Armarouge|Armor Cannon|p2a: Solgaleo\n|-supereffective|p2a: Solgaleo\n|-damage|p2a: Solgaleo|0 fnt\n|-unboost|p1a: Armarouge|def|1\n|-unboost|p1a: Armarouge|spd|1\n|faint|p2a: Solgaleo\n|\n|upkeep\n|\n|t:|1733784380\n|switch|p2a: Cryogonal|Cryogonal, L89|287/287\n|turn|20\n|\n|t:|1733784385\n|move|p1a: Armarouge|Armor Cannon|p2a: Cryogonal\n|-supereffective|p2a: Cryogonal\n|-damage|p2a: Cryogonal|15/287\n|-unboost|p1a: Armarouge|def|1\n|-unboost|p1a: Armarouge|spd|1\n|move|p2a: Cryogonal|Ice Beam|p1a: Armarouge\n|-resisted|p1a: Armarouge\n|-damage|p1a: Armarouge|0 fnt\n|faint|p1a: Armarouge\n|\n|upkeep\n|\n|t:|1733784388\n|switch|p1a: Giratina|Giratina-Origin, L72|335/335\n|turn|21\n|\n|t:|1733784395\n|move|p1a: Giratina|Shadow Sneak|p2a: Cryogonal\n|-damage|p2a: Cryogonal|0 fnt\n|faint|p2a: Cryogonal\n|\n|upkeep\n|\n|t:|1733784397\n|switch|p2a: Calyrex|Calyrex-Shadow, L64|235/235\n|-ability|p2a: Calyrex|As One\n|-ability|p2a: Calyrex|Unnerve\n|turn|22\n|\n|t:|1733784403\n|-terastallize|p2a: Calyrex|Ghost\n|-terastallize|p1a: Giratina|Dragon\n|move|p2a: Calyrex|Astral Barrage|p1a: Giratina\n|-damage|p1a: Giratina|89/335\n|move|p1a: Giratina|Poltergeist|p2a: Calyrex\n|-activate|p2a: Calyrex|move: Poltergeist|Choice Specs\n|-supereffective|p2a: Calyrex\n|-damage|p2a: Calyrex|0 fnt\n|faint|p2a: Calyrex\n|\n|win|BigBossJnack\n|raw|BigBossJnack's rating: 2062 &rarr; <strong>2081</strong><br />(+19 for winning)\n|raw|Chalminee's rating: 2036 &rarr; <strong>2017</strong><br />(-19 for losing)\n|l|\u2606Chalminee\n|player|p2|\n", "inputlog": ">version bfd83cad13791eb5a5a409923076391caf6fb4d4\n>start {\"formatid\":\"gen9randombattle\",\"seed\":[15057,45010,10527,51721],\"rated\":\"Rated battle\"}\n>player p1 {\"name\":\"BigBossJnack\",\"avatar\":\"102\",\"rating\":2062,\"seed\":[159,28361,51801,12593]}\n>player p2 {\"name\":\"Chalminee\",\"avatar\":\"bellepa\",\"rating\":2036,\"seed\":[21862,33109,3784,5298]}\n>p1 switch 3\n>p2 move icebeam\n>p1 move bulkup\n>p2 switch 2\n>p1 move leechlife\n>p2 move earthpower\n>p1 move bulkup\n>p2 move shadowball\n>p1 move leechlife\n>p2 move shadowball\n>p1 switch 4\n>p1 move darkpulse\n>p2 move earthpower\n>p2 switch 6\n>p1 move darkpulse\n>p2 move stealthrock\n>p1 switch 5\n>p2 move earthpower\n>chat \u2606Chalminee|try once not twice\n>p1 switch 5\n>p2 switch 2\n>p1 move darkpulse\n>p2 switch 2\n>p1 move darkpulse\n>p2 move stealthrock\n>p2 switch 3\n>p1 move darkpulse\n>p2 move dragondance\n>p1 move darkpulse\n>p2 move earthquake\n>p1 switch 6\n>p1 move toxic\n>p2 move outrage\n>p1 move protect\n>p2 move outrage\n>p1 switch 2\n>p2 move outrage\n>p1 move meteorbeam\n>p2 move outrage\n>p2 switch 4\n>p1 move energyball\n>p2 move psychic\n>p1 move armorcannon\n>p2 move flamecharge\n>p2 switch 2\n>p1 move armorcannon\n>p2 move icebeam\n>p1 switch 3\n>p1 move shadowsneak\n>p2 move icebeam\n>p2 switch 5\n>p1 move poltergeist terastallize\n>p2 move astralbarrage terastallize", "uploadtime": 1733784415, "views": 1, "formatid": "gen9randombattle", "rating": 2017, "private": 0, "password": null}