{"id": "gen9randombattle-2233293246", "format": "[Gen 9] Random Battle", "players": ["dripo", "Yusei1789"], "log": "|badge|p2|silver|gen9randombattle|30-3\n|uhtml|medal-msg|<div class=\"broadcast-blue\">Curious what those medals under the avatar are? PS now has Ladder Seasons! For more information, check out the <a href=\"https://www.smogon.com/forums/threads/3740067/\">thread on Smogon.</a></div>\n|j|\u2606dripo\n|j|\u2606Yusei1789\n|t:|1730208426\n|gametype|singles\n|player|p1|dripo|ninjaboy|2263\n|player|p2|Yusei1789|102|2350\n|teamsize|p1|6\n|teamsize|p2|6\n|gen|9\n|tier|[Gen 9] Random Battle\n|rated|\n|rule|Species Clause: Limit one of each Pok\u00e9mon\n|rule|HP Percentage Mod: HP is shown in percentages\n|rule|Sleep Clause Mod: Limit one foe put to sleep\n|rule|Illusion Level Mod: Illusion disguises the Pok\u00e9mon's true level\n|\n|t:|1730208426\n|start\n|switch|p1a: Lokix|Lokix, L82, M|251/251\n|switch|p2a: Infernape|Infernape, L82, M|259/259\n|turn|1\n|inactive|Battle timer is ON: inactive players will automatically lose when time's up. (requested by Yusei1789)\n|\n|t:|1730208441\n|switch|p1a: Diancie|Diancie, L82|216/216\n|move|p2a: Infernape|Flare Blitz|p1a: Diancie\n|-resisted|p1a: Diancie\n|-damage|p1a: Diancie|151/216\n|-damage|p2a: Infernape|238/259|[from] Recoil\n|\n|-heal|p1a: Diancie|164/216|[from] item: Leftovers\n|upkeep\n|turn|2\n|inactive|Yusei1789 has 120 seconds left.\n|\n|t:|1730208494\n|switch|p2a: Regirock|Regirock, L83|268/268\n|move|p1a: Diancie|Diamond Storm|p2a: Regirock\n|-damage|p2a: Regirock|219/268\n|-boost|p1a: Diancie|def|2\n|\n|-heal|p2a: Regirock|235/268|[from] item: Leftovers\n|-heal|p1a: Diancie|177/216|[from] item: Leftovers\n|upkeep\n|turn|3\n|\n|t:|1730208498\n|move|p2a: Regirock|Thunder Wave|p1a: Diancie\n|-status|p1a: Diancie|par\n|move|p1a: Diancie|Body Press|p2a: Regirock\n|-supereffective|p2a: Regirock\n|-damage|p2a: Regirock|89/268\n|\n|-heal|p2a: Regirock|105/268|[from] item: Leftovers\n|-heal|p1a: Diancie|190/216 par|[from] item: Leftovers\n|upkeep\n|turn|4\n|\n|t:|1730208514\n|switch|p2a: Clodsire|Clodsire, L81, M|343/343\n|move|p1a: Diancie|Body Press|p2a: Clodsire\n|-resisted|p2a: Clodsire\n|-damage|p2a: Clodsire|245/343\n|\n|-heal|p2a: Clodsire|266/343|[from] item: Leftovers\n|-heal|p1a: Diancie|203/216 par|[from] item: Leftovers\n|upkeep\n|turn|5\n|\n|t:|1730208525\n|switch|p1a: Golem|Golem, L87, M|281/281\n|move|p2a: Clodsire|Stealth Rock|p1a: Golem\n|-sidestart|p1: dripo|move: Stealth Rock\n|\n|-heal|p2a: Clodsire|287/343|[from] item: Leftovers\n|upkeep\n|turn|6\n|inactive|Yusei1789 has 120 seconds left.\n|\n|t:|1730208549\n|switch|p2a: Mightyena|Mightyena, L95, M|287/287\n|-ability|p2a: Mightyena|Intimidate|boost\n|-unboost|p1a: Golem|atk|1\n|move|p1a: Golem|Rock Polish|p1a: Golem\n|-boost|p1a: Golem|spe|2\n|\n|upkeep\n|turn|7\n|\n|t:|1730208556\n|move|p1a: Golem|Earthquake|p2a: Mightyena\n|-damage|p2a: Mightyena|197/287\n|move|p2a: Mightyena|Crunch|p1a: Golem\n|-damage|p1a: Golem|208/281\n|\n|upkeep\n|turn|8\n|\n|t:|1730208563\n|move|p1a: Golem|Earthquake|p2a: Mightyena\n|-damage|p2a: Mightyena|103/287\n|move|p2a: Mightyena|Crunch|p1a: Golem\n|-damage|p1a: Golem|129/281\n|-unboost|p1a: Golem|def|1\n|\n|upkeep\n|turn|9\n|inactive|Yusei1789 has 120 seconds left.\n|\n|t:|1730208571\n|move|p1a: Golem|Earthquake|p2a: Mightyena\n|-damage|p2a: Mightyena|15/287\n|move|p2a: Mightyena|Crunch|p1a: Golem\n|-damage|p1a: Golem|23/281\n|-unboost|p1a: Golem|def|1\n|\n|upkeep\n|turn|10\n|\n|t:|1730208579\n|switch|p1a: Skuntank|Skuntank, L84, F|310/310\n|-damage|p1a: Skuntank|272/310|[from] Stealth Rock\n|move|p2a: Mightyena|Sucker Punch||[still]\n|-fail|p2a: Mightyena\n|\n|upkeep\n|turn|11\n|\n|t:|1730208583\n|move|p1a: Skuntank|Knock Off|p2a: Mightyena\n|-resisted|p2a: Mightyena\n|-damage|p2a: Mightyena|0 fnt\n|-enditem|p2a: Mightyena|Assault Vest|[from] move: Knock Off|[of] p1a: Skuntank\n|faint|p2a: Mightyena\n|-damage|p1a: Skuntank|241/310|[from] item: Life Orb\n|\n|upkeep\n|\n|t:|1730208591\n|switch|p2a: Clodsire|Clodsire, L81, M|287/343\n|turn|12\n|\n|t:|1730208596\n|move|p1a: Skuntank|Knock Off|p2a: Clodsire\n|-crit|p2a: Clodsire\n|-damage|p2a: Clodsire|41/343\n|-enditem|p2a: Clodsire|Leftovers|[from] move: Knock Off|[of] p1a: Skuntank\n|-damage|p1a: Skuntank|210/310|[from] item: Life Orb\n|move|p2a: Clodsire|Earthquake|p1a: Skuntank\n|-supereffective|p1a: Skuntank\n|-crit|p1a: Skuntank\n|-damage|p1a: Skuntank|0 fnt\n|faint|p1a: Skuntank\n|\n|upkeep\n|\n|t:|1730208604\n|switch|p1a: Golem|Golem, L87, M|23/281\n|-damage|p1a: Golem|6/281|[from] Stealth Rock\n|turn|13\n|\n|t:|1730208611\n|switch|p2a: Staraptor|Staraptor, L79, M|263/263\n|move|p1a: Golem|Earthquake|p2a: Staraptor\n|-immune|p2a: Staraptor\n|\n|upkeep\n|turn|14\n|\n|t:|1730208628\n|move|p2a: Staraptor|U-turn|p1a: Golem\n|-damage|p1a: Golem|0 fnt\n|faint|p1a: Golem\n|\n|t:|1730208637\n|switch|p2a: Infernape|Infernape, L82, M|238/259|[from] U-turn\n|\n|upkeep\n|\n|t:|1730208647\n|switch|p1a: Diancie|Diancie, L82|203/216 par\n|-damage|p1a: Diancie|176/216 par|[from] Stealth Rock\n|turn|15\n|\n|t:|1730208666\n|move|p2a: Infernape|Close Combat|p1a: Diancie\n|-damage|p1a: Diancie|47/216 par\n|-unboost|p2a: Infernape|def|1\n|-unboost|p2a: Infernape|spd|1\n|move|p1a: Diancie|Moonblast|p2a: Infernape\n|-damage|p2a: Infernape|66/259\n|\n|-heal|p1a: Diancie|60/216 par|[from] item: Leftovers\n|upkeep\n|turn|16\n|\n|t:|1730208671\n|move|p2a: Infernape|Close Combat|p1a: Diancie\n|-damage|p1a: Diancie|0 fnt\n|-unboost|p2a: Infernape|def|1\n|-unboost|p2a: Infernape|spd|1\n|faint|p1a: Diancie\n|\n|upkeep\n|\n|t:|1730208678\n|switch|p1a: Lokix|Lokix, L82, M|251/251\n|-damage|p1a: Lokix|189/251|[from] Stealth Rock\n|turn|17\n|\n|t:|1730208681\n|switch|p2a: Clodsire|Clodsire, L81, M|41/343\n|move|p1a: Lokix|First Impression|p2a: Clodsire\n|-resisted|p2a: Clodsire\n|-damage|p2a: Clodsire|0 fnt\n|faint|p2a: Clodsire\n|-damage|p1a: Lokix|164/251|[from] item: Life Orb\n|\n|upkeep\n|\n|t:|1730208691\n|switch|p2a: Staraptor|Staraptor, L79, M|263/263\n|turn|18\n|\n|t:|1730208695\n|move|p1a: Lokix|Sucker Punch|p2a: Staraptor\n|-crit|p2a: Staraptor\n|-damage|p2a: Staraptor|78/263\n|-damage|p1a: Lokix|139/251|[from] item: Life Orb\n|move|p2a: Staraptor|U-turn|p1a: Lokix\n|-supereffective|p1a: Lokix\n|-damage|p1a: Lokix|0 fnt\n|faint|p1a: Lokix\n|\n|t:|1730208705\n|switch|p2a: Infernape|Infernape, L82, M|66/259|[from] U-turn\n|\n|upkeep\n|\n|t:|1730208730\n|switch|p1a: Hitmonlee|Hitmonlee, L85, M|223/223\n|-damage|p1a: Hitmonlee|210/223|[from] Stealth Rock\n|turn|19\n|\n|t:|1730208735\n|move|p1a: Hitmonlee|Mach Punch|p2a: Infernape\n|-damage|p2a: Infernape|0 fnt\n|faint|p2a: Infernape\n|\n|upkeep\n|\n|t:|1730208744\n|switch|p2a: Passimian|Passimian, L83, M|302/302\n|turn|20\n|\n|t:|1730208749\n|move|p1a: Hitmonlee|Mach Punch|p2a: Passimian\n|-damage|p2a: Passimian|226/302\n|move|p2a: Passimian|Close Combat|p1a: Hitmonlee\n|-damage|p1a: Hitmonlee|0 fnt\n|-unboost|p2a: Passimian|def|1\n|-unboost|p2a: Passimian|spd|1\n|faint|p1a: Hitmonlee\n|\n|upkeep\n|\n|t:|1730208752\n|switch|p1a: Frosmoth|Frosmoth, L82, M|249/249\n|turn|21\n|\n|t:|1730208761\n|move|p2a: Passimian|Close Combat|p1a: Frosmoth\n|-damage|p1a: Frosmoth|0 fnt\n|-unboost|p2a: Passimian|def|1\n|-unboost|p2a: Passimian|spd|1\n|faint|p1a: Frosmoth\n|\n|win|Yusei1789\n|raw|dripo's rating: 2263 &rarr; <strong>2248</strong><br />(-15 for losing)\n|raw|Yusei1789's rating: 2350 &rarr; <strong>2365</strong><br />(+15 for winning)\n", "inputlog": ">version 477f30e240a7ed7b39cd1259dc3a52c35227dcfd\n>start {\"formatid\":\"gen9randombattle\",\"seed\":[35716,12213,12501,64686],\"rated\":\"Rated battle\"}\n>player p1 {\"name\":\"dripo\",\"avatar\":\"ninjaboy\",\"rating\":2263,\"seed\":[49684,32071,60421,54304]}\n>player p2 {\"name\":\"Yusei1789\",\"avatar\":\"102\",\"rating\":2350,\"seed\":[5627,21377,58291,64581]}\n>p1 switch 5\n>p2 move flareblitz\n>p1 move diamondstorm\n>p2 switch 4\n>p1 move bodypress\n>p2 move thunderwave\n>p1 move bodypress\n>p2 switch 2\n>p1 switch 4\n>p2 move stealthrock\n>p1 move rockpolish\n>p2 switch 3\n>p1 move earthquake\n>p2 move crunch\n>p1 move earthquake\n>p2 move crunch\n>p1 move earthquake\n>p2 move crunch\n>p1 switch 3\n>p2 move suckerpunch\n>p1 move knockoff\n>p2 move playrough\n>p2 switch 3\n>p1 move knockoff\n>p2 move earthquake\n>p1 switch 3\n>p1 move earthquake\n>p2 switch 5\n>p1 move explosion\n>p2 move uturn\n>p2 switch 4\n>p1 switch 4\n>p1 move moonblast\n>p2 move closecombat\n>p1 move bodypress\n>p2 move closecombat\n>p1 switch 5\n>p1 move firstimpression\n>p2 switch 5\n>p2 switch 4\n>p1 move suckerpunch\n>p2 move uturn\n>p2 switch 5\n>p1 switch 2\n>p1 move machpunch\n>p2 move flareblitz\n>p2 switch 6\n>p1 move machpunch\n>p2 move closecombat\n>p1 switch 6\n>p1 move quiverdance\n>p2 move closecombat", "uploadtime": 1730208771, "views": 44, "formatid": "gen9randombattle", "rating": 2248, "private": 0, "password": null}