{"id": "gen9randombattle-2260312036", "format": "[Gen 9] Random Battle", "players": ["hrthrgn", "theogdragonite"], "log": "|j|\u2606hrthrgn\n|j|\u2606theogdragonite\n|t:|1733838543\n|gametype|singles\n|player|p1|hrthrgn|2|1393\n|player|p2|theogdragonite|2|1390\n|teamsize|p1|6\n|teamsize|p2|6\n|gen|9\n|tier|[Gen 9] Random Battle\n|rated|\n|rule|Species Clause: Limit one of each Pok\u00e9mon\n|rule|HP Percentage Mod: HP is shown in percentages\n|rule|Sleep Clause Mod: Limit one foe put to sleep\n|rule|Illusion Level Mod: Illusion disguises the Pok\u00e9mon's true level\n|\n|t:|1733838543\n|start\n|switch|p1a: Coalossal|Coalossal, L89, F|341/341\n|switch|p2a: Tornadus|Tornadus, L82, M|264/264\n|turn|1\n|inactive|Battle timer is ON: inactive players will automatically lose when time's up. (requested by theogdragonite)\n|inactive|hrthrgn also wants the timer to be on.\n|\n|t:|1733838567\n|switch|p2a: Tauros|Tauros, L82, M|257/257\n|move|p1a: Coalossal|Will-O-Wisp|p2a: Tauros\n|-status|p2a: Tauros|brn\n|\n|-damage|p2a: Tauros|241/257 brn|[from] brn\n|upkeep\n|turn|2\n|\n|t:|1733838577\n|switch|p1a: Kricketune|Kricketune, L99, F|312/312\n|move|p2a: Tauros|Earthquake|p1a: Kricketune\n|-resisted|p1a: Kricketune\n|-damage|p1a: Kricketune|287/312\n|-damage|p2a: Tauros|216/257 brn|[from] item: Life Orb\n|\n|-damage|p2a: Tauros|200/257 brn|[from] brn\n|upkeep\n|turn|3\n|\n|t:|1733838594\n|switch|p2a: Tornadus|Tornadus, L82, M|264/264\n|move|p1a: Kricketune|Sticky Web|p2a: Tornadus\n|-sidestart|p2: theogdragonite|move: Sticky Web\n|\n|upkeep\n|turn|4\n|\n|t:|1733838601\n|switch|p1a: Coalossal|Coalossal, L89, F|341/341\n|move|p2a: Tornadus|Bleakwind Storm|p1a: Coalossal\n|-resisted|p1a: Coalossal\n|-damage|p1a: Coalossal|285/341\n|\n|upkeep\n|turn|5\n|\n|t:|1733838619\n|-terastallize|p2a: Tornadus|Fighting\n|move|p2a: Tornadus|Grass Knot|p1a: Coalossal\n|-damage|p1a: Coalossal|189/341\n|move|p1a: Coalossal|Stone Edge|p2a: Tornadus\n|-resisted|p2a: Tornadus\n|-damage|p2a: Tornadus|201/264\n|\n|upkeep\n|turn|6\n|\n|t:|1733838632\n|move|p2a: Tornadus|Focus Blast|p1a: Coalossal\n|-supereffective|p1a: Coalossal\n|-damage|p1a: Coalossal|0 fnt\n|faint|p1a: Coalossal\n|\n|upkeep\n|\n|t:|1733838650\n|switch|p1a: Mismagius|Mismagius, L86, M|243/243\n|turn|7\n|\n|t:|1733838667\n|switch|p2a: Cacturne|Cacturne, L92, F|278/278\n|-activate|p2a: Cacturne|move: Sticky Web\n|-unboost|p2a: Cacturne|spe|1\n|move|p1a: Mismagius|Nasty Plot|p1a: Mismagius\n|-boost|p1a: Mismagius|spa|2\n|\n|upkeep\n|turn|8\n|\n|t:|1733838676\n|move|p2a: Cacturne|Sucker Punch||[still]\n|-fail|p2a: Cacturne\n|move|p1a: Mismagius|Substitute|p1a: Mismagius\n|-start|p1a: Mismagius|Substitute\n|-damage|p1a: Mismagius|183/243\n|\n|-heal|p1a: Mismagius|198/243|[from] item: Leftovers\n|upkeep\n|turn|9\n|\n|t:|1733838686\n|move|p1a: Mismagius|Shadow Ball|p2a: Cacturne\n|-resisted|p2a: Cacturne\n|-damage|p2a: Cacturne|172/278\n|-unboost|p2a: Cacturne|spd|1\n|move|p2a: Cacturne|Seed Bomb|p1a: Mismagius\n|-end|p1a: Mismagius|Substitute\n|-damage|p2a: Cacturne|145/278|[from] item: Life Orb\n|\n|-heal|p1a: Mismagius|213/243|[from] item: Leftovers\n|upkeep\n|turn|10\n|\n|t:|1733838699\n|switch|p1a: Okidogi|Okidogi, L77, M|262/262\n|move|p2a: Cacturne|Seed Bomb|p1a: Okidogi\n|-resisted|p1a: Okidogi\n|-damage|p1a: Okidogi|196/262\n|-damage|p2a: Cacturne|118/278|[from] item: Life Orb\n|\n|upkeep\n|turn|11\n|\n|t:|1733838724\n|switch|p2a: Mesprit|Mesprit, L85|275/275\n|move|p1a: Okidogi|Drain Punch|p2a: Mesprit\n|-resisted|p2a: Mesprit\n|-damage|p2a: Mesprit|242/275\n|-heal|p1a: Okidogi|213/262|[from] drain|[of] p2a: Mesprit\n|-status|p2a: Mesprit|tox|[from] ability: Toxic Chain|[of] p1a: Okidogi\n|\n|-damage|p2a: Mesprit|225/275 tox|[from] psn\n|upkeep\n|turn|12\n|\n|t:|1733838737\n|switch|p1a: Kricketune|Kricketune, L99, F|287/312\n|move|p2a: Mesprit|Psychic Noise|p1a: Kricketune\n|-damage|p1a: Kricketune|185/312\n|-start|p1a: Kricketune|move: Heal Block\n|\n|-damage|p2a: Mesprit|191/275 tox|[from] psn\n|upkeep\n|turn|13\n|\n|t:|1733838746\n|switch|p2a: Entei|Entei, L78|307/307\n|-activate|p2a: Entei|move: Sticky Web\n|-unboost|p2a: Entei|spe|1\n|move|p1a: Kricketune|Taunt|p2a: Entei\n|-start|p2a: Entei|move: Taunt\n|\n|-end|p1a: Kricketune|move: Heal Block\n|upkeep\n|turn|14\n|\n|t:|1733838759\n|move|p1a: Kricketune|Knock Off|p2a: Entei\n|-damage|p2a: Entei|205/307\n|-enditem|p2a: Entei|Choice Band|[from] move: Knock Off|[of] p1a: Kricketune\n|move|p2a: Entei|Flare Blitz|p1a: Kricketune\n|-supereffective|p1a: Kricketune\n|-damage|p1a: Kricketune|0 fnt\n|faint|p1a: Kricketune\n|-damage|p2a: Entei|144/307|[from] Recoil\n|\n|upkeep\n|inactive|hrthrgn has 120 seconds left.\n|\n|t:|1733838785\n|switch|p1a: Okidogi|Okidogi, L77, M|213/262\n|turn|15\n|inactive|theogdragonite has 120 seconds left.\n|\n|t:|1733838811\n|switch|p2a: Mesprit|Mesprit, L85|191/275 tox\n|move|p1a: Okidogi|Drain Punch|p2a: Mesprit\n|-resisted|p2a: Mesprit\n|-damage|p2a: Mesprit|154/275 tox\n|-heal|p1a: Okidogi|232/262|[from] drain|[of] p2a: Mesprit\n|\n|-damage|p2a: Mesprit|137/275 tox|[from] psn\n|upkeep\n|turn|16\n|inactive|hrthrgn has 120 seconds left.\n|\n|t:|1733838833\n|-terastallize|p1a: Okidogi|Dark\n|move|p2a: Mesprit|Knock Off|p1a: Okidogi\n|-resisted|p1a: Okidogi\n|-damage|p1a: Okidogi|199/262\n|-enditem|p1a: Okidogi|Assault Vest|[from] move: Knock Off|[of] p2a: Mesprit\n|move|p1a: Okidogi|Knock Off|p2a: Mesprit\n|-supereffective|p2a: Mesprit\n|-damage|p2a: Mesprit|0 fnt\n|-enditem|p2a: Mesprit|Assault Vest|[from] move: Knock Off|[of] p1a: Okidogi\n|faint|p2a: Mesprit\n|\n|upkeep\n|inactive|theogdragonite has 120 seconds left.\n|\n|t:|1733838852\n|switch|p2a: Eelektross|Eelektross, L87, F|290/290\n|turn|17\n|\n|t:|1733838856\n|move|p1a: Okidogi|Knock Off|p2a: Eelektross\n|-damage|p2a: Eelektross|182/290\n|-enditem|p2a: Eelektross|Assault Vest|[from] move: Knock Off|[of] p1a: Okidogi\n|move|p2a: Eelektross|U-turn|p1a: Okidogi\n|-supereffective|p1a: Okidogi\n|-damage|p1a: Okidogi|91/262\n|\n|t:|1733838862\n|switch|p2a: Cacturne|Cacturne, L92, F|118/278|[from] U-turn\n|-activate|p2a: Cacturne|move: Sticky Web\n|-unboost|p2a: Cacturne|spe|1\n|\n|upkeep\n|turn|18\n|\n|t:|1733838867\n|move|p1a: Okidogi|Drain Punch|p2a: Cacturne\n|-supereffective|p2a: Cacturne\n|-damage|p2a: Cacturne|0 fnt\n|-heal|p1a: Okidogi|150/262|[from] drain|[of] p2a: Cacturne\n|faint|p2a: Cacturne\n|\n|upkeep\n|\n|t:|1733838879\n|switch|p2a: Eelektross|Eelektross, L87, F|182/290\n|turn|19\n|\n|t:|1733838886\n|move|p1a: Okidogi|Drain Punch|p2a: Eelektross\n|-damage|p2a: Eelektross|95/290\n|-heal|p1a: Okidogi|194/262|[from] drain|[of] p2a: Eelektross\n|move|p2a: Eelektross|U-turn|p1a: Okidogi\n|-supereffective|p1a: Okidogi\n|-damage|p1a: Okidogi|78/262\n|\n|t:|1733838893\n|switch|p2a: Tauros|Tauros, L82, M|200/257 brn|[from] U-turn\n|-activate|p2a: Tauros|move: Sticky Web\n|-unboost|p2a: Tauros|spe|1\n|\n|-damage|p2a: Tauros|184/257 brn|[from] brn\n|upkeep\n|turn|20\n|\n|t:|1733838901\n|move|p1a: Okidogi|Drain Punch|p2a: Tauros\n|-supereffective|p2a: Tauros\n|-damage|p2a: Tauros|34/257 brn\n|-heal|p1a: Okidogi|153/262|[from] drain|[of] p2a: Tauros\n|move|p2a: Tauros|Close Combat|p1a: Okidogi\n|-supereffective|p1a: Okidogi\n|-damage|p1a: Okidogi|65/262\n|-unboost|p2a: Tauros|def|1\n|-unboost|p2a: Tauros|spd|1\n|-damage|p2a: Tauros|9/257 brn|[from] item: Life Orb\n|\n|-damage|p2a: Tauros|0 fnt|[from] brn\n|faint|p2a: Tauros\n|upkeep\n|\n|t:|1733838913\n|switch|p2a: Eelektross|Eelektross, L87, F|95/290\n|turn|21\n|\n|t:|1733838916\n|move|p1a: Okidogi|Gunk Shot|p2a: Eelektross\n|-damage|p2a: Eelektross|0 fnt\n|faint|p2a: Eelektross\n|\n|upkeep\n|n|!theogdragonite|theogdragonite\n|c|\u2606hrthrgn|okidogi sweeeep\n|\n|t:|1733838929\n|switch|p2a: Entei|Entei, L78|144/307\n|-activate|p2a: Entei|move: Sticky Web\n|-unboost|p2a: Entei|spe|1\n|turn|22\n|\n|t:|1733838935\n|move|p2a: Entei|Extreme Speed|p1a: Okidogi\n|-damage|p1a: Okidogi|18/262\n|move|p1a: Okidogi|Gunk Shot|p2a: Entei\n|-damage|p2a: Entei|0 fnt\n|faint|p2a: Entei\n|\n|upkeep\n|\n|t:|1733838942\n|switch|p2a: Tornadus|Tornadus, L82, M, tera:Fighting|201/264\n|turn|23\n|\n|t:|1733838949\n|move|p2a: Tornadus|Grass Knot|p1a: Okidogi\n|-damage|p1a: Okidogi|0 fnt\n|faint|p1a: Okidogi\n|\n|upkeep\n|\n|t:|1733838953\n|switch|p1a: Mismagius|Mismagius, L86, M|213/243\n|turn|24\n|\n|t:|1733838966\n|move|p1a: Mismagius|Thunderbolt|p2a: Tornadus\n|-damage|p2a: Tornadus|129/264\n|move|p2a: Tornadus|Bleakwind Storm|p1a: Mismagius\n|-damage|p1a: Mismagius|108/243\n|\n|-heal|p1a: Mismagius|123/243|[from] item: Leftovers\n|upkeep\n|turn|25\n|\n|t:|1733838977\n|move|p1a: Mismagius|Shadow Ball|p2a: Tornadus\n|-damage|p2a: Tornadus|30/264\n|move|p2a: Tornadus|Bleakwind Storm|p1a: Mismagius\n|-damage|p1a: Mismagius|17/243\n|\n|-heal|p1a: Mismagius|32/243|[from] item: Leftovers\n|upkeep\n|turn|26\n|\n|t:|1733838984\n|move|p1a: Mismagius|Shadow Ball|p2a: Tornadus\n|-damage|p2a: Tornadus|0 fnt\n|faint|p2a: Tornadus\n|\n|win|hrthrgn\n", "inputlog": ">version bfd83cad13791eb5a5a409923076391caf6fb4d4\n>start {\"formatid\":\"gen9randombattle\",\"seed\":[47952,7434,59490,27917],\"rated\":\"Rated battle\"}\n>player p1 {\"name\":\"hrthrgn\",\"avatar\":\"2\",\"rating\":1393,\"seed\":[60890,15011,48786,20120]}\n>player p2 {\"name\":\"theogdragonite\",\"avatar\":\"2\",\"rating\":1390,\"seed\":[20344,16863,59817,2221]}\n>p1 move willowisp\n>p2 switch 6\n>p1 switch 5\n>p2 move earthquake\n>p1 move stickyweb\n>p2 switch 6\n>p1 switch 5\n>p2 move bleakwindstorm\n>p1 move stoneedge\n>p2 move grassknot terastallize\n>p1 move stoneedge\n>p2 move focusblast\n>p1 switch 6\n>p1 move nastyplot\n>p2 switch 5\n>p1 move substitute\n>p2 move suckerpunch\n>p1 move shadowball\n>p2 move seedbomb\n>p1 switch 2\n>p2 move seedbomb\n>p1 move drainpunch\n>p2 switch 4\n>p1 switch 5\n>p2 move psychicnoise\n>p1 move taunt\n>p2 switch 3\n>p1 move knockoff\n>p2 move flareblitz\n>p1 switch 5\n>p1 move drainpunch\n>p2 switch 3\n>p1 move knockoff terastallize\n>p2 move knockoff\n>p2 switch 2\n>p1 move knockoff\n>p2 move uturn\n>p2 switch 4\n>p1 move drainpunch\n>p2 move drainpunch\n>p2 switch 4\n>p1 move drainpunch\n>p2 move uturn\n>p2 switch 6\n>p1 move drainpunch\n>p2 move closecombat\n>p2 switch 6\n>p1 move gunkshot\n>p2 move uturn\n>chat \u2606theogdragonite|fuck you\n>chat \u2606hrthrgn|okidogi sweeeep\n>p2 switch 3\n>p1 move gunkshot\n>p2 move extremespeed\n>p2 switch 5\n>p1 move drainpunch\n>p2 move grassknot\n>p1 switch 2\n>p1 move thunderbolt\n>p2 move bleakwindstorm\n>p1 move shadowball\n>p2 move bleakwindstorm\n>p1 move shadowball\n>p2 move bleakwindstorm", "uploadtime": 1733838922, "views": 1, "formatid": "gen9randombattle", "rating": null, "private": 0, "password": null}