{"id": "gen9randombattle-2121570479", "format": "[Gen 9] Random Battle", "players": ["AQUA", "Mr.Fuji245"], "log": "|badge|p1|silver|gen9randombattle|30-1\n|uhtml|medal-msg|<div class=\"broadcast-blue\">Curious what those medals under the avatar are? PS now has Ladder Seasons! For more information, check out the <a href=\"https://www.smogon.com/forums/threads/3740067/\">thread on Smogon.</a></div>\n|badge|p2|silver|gen9randombattle|30-1\n|uhtml|medal-msg|<div class=\"broadcast-blue\">Curious what those medals under the avatar are? PS now has Ladder Seasons! For more information, check out the <a href=\"https://www.smogon.com/forums/threads/3740067/\">thread on Smogon.</a></div>\n|j|\u2606AQUA\n|j|\u2606Mr.Fuji245\n|t:|1715303020\n|gametype|singles\n|player|p1|AQUA|#rbtt7teamdarkraif|2463\n|player|p2|Mr.Fuji245|mrfuji-gen3|2453\n|teamsize|p1|6\n|teamsize|p2|6\n|gen|9\n|tier|[Gen 9] Random Battle\n|rated|\n|rule|Species Clause: Limit one of each Pok\u00e9mon\n|rule|HP Percentage Mod: HP is shown in percentages\n|rule|Sleep Clause Mod: Limit one foe put to sleep\n|rule|Illusion Level Mod: Illusion disguises the Pok\u00e9mon's true level\n|\n|t:|1715303020\n|start\n|switch|p1a: Cryogonal|Cryogonal, L89|287/287\n|switch|p2a: Duraludon|Duraludon, L82, F|249/249\n|turn|1\n|inactive|Battle timer is ON: inactive players will automatically lose when time's up. (requested by AQUA)\n|c|\u2606Mr.Fuji245|hi\n|c|\u2606AQUA|hello\n|\n|t:|1715303037\n|switch|p1a: Regigigas|Regigigas, L84|322/322\n|-start|p1a: Regigigas|ability: Slow Start\n|move|p2a: Duraludon|Stealth Rock|p1a: Regigigas\n|-sidestart|p1: AQUA|move: Stealth Rock\n|\n|upkeep\n|turn|2\n|c|\u2606Mr.Fuji245|how r u?\n|c|\u2606AQUA|*inhale*\n|c|\u2606AQUA|fine\n|\n|t:|1715303062\n|switch|p2a: Arcanine|Arcanine, L84, M|288/288\n|-ability|p2a: Arcanine|Intimidate|boost\n|-unboost|p1a: Regigigas|atk|1\n|move|p1a: Regigigas|Knock Off|p2a: Arcanine\n|-damage|p2a: Arcanine|250/288\n|-enditem|p2a: Arcanine|Heavy-Duty Boots|[from] move: Knock Off|[of] p1a: Regigigas\n|\n|upkeep\n|turn|3\n|\n|t:|1715303073\n|switch|p2a: Slowbro|Slowbro, L84, F|297/297\n|-end|p1a: Regigigas|Slow Start|[silent]\n|switch|p1a: Talonflame|Talonflame, L84, M|268/268\n|\n|upkeep\n|turn|4\n|\n|t:|1715303078\n|move|p1a: Talonflame|U-turn|p2a: Slowbro\n|-supereffective|p2a: Slowbro\n|-damage|p2a: Slowbro|221/297\n|-damage|p1a: Talonflame|224/268|[from] item: Rocky Helmet|[of] p2a: Slowbro\n|\n|t:|1715303089\n|switch|p1a: Lapras|Lapras, L88, M|372/372|[from] U-turn\n|move|p2a: Slowbro|Thunder Wave|p1a: Lapras\n|-status|p1a: Lapras|par\n|\n|upkeep\n|turn|5\n|\n|t:|1715303099\n|switch|p2a: Duraludon|Duraludon, L82, F|249/249\n|move|p1a: Lapras|Sparkling Aria|p2a: Duraludon\n|-resisted|p2a: Duraludon\n|-damage|p2a: Duraludon|203/249\n|\n|upkeep\n|turn|6\n|\n|t:|1715303106\n|move|p2a: Duraludon|Body Press|p1a: Lapras\n|-supereffective|p1a: Lapras\n|-damage|p1a: Lapras|240/372 par\n|move|p1a: Lapras|Freeze-Dry|p2a: Duraludon\n|-damage|p2a: Duraludon|134/249\n|\n|upkeep\n|turn|7\n|\n|t:|1715303113\n|move|p2a: Duraludon|Body Press|p1a: Lapras\n|-supereffective|p1a: Lapras\n|-damage|p1a: Lapras|124/372 par\n|move|p1a: Lapras|Rest|p1a: Lapras\n|-status|p1a: Lapras|slp|[from] move: Rest\n|-heal|p1a: Lapras|372/372 slp|[silent]\n|\n|upkeep\n|turn|8\n|\n|t:|1715303140\n|switch|p1a: Regigigas|Regigigas, L84|322/322\n|-damage|p1a: Regigigas|282/322|[from] Stealth Rock\n|-start|p1a: Regigigas|ability: Slow Start\n|move|p2a: Duraludon|Body Press|p1a: Regigigas\n|-supereffective|p1a: Regigigas\n|-damage|p1a: Regigigas|182/322\n|\n|-heal|p1a: Regigigas|202/322|[from] item: Leftovers\n|upkeep\n|turn|9\n|c|\u2606Mr.Fuji245|dont worry, we're going to raise\n|\n|t:|1715303159\n|switch|p2a: Arcanine|Arcanine, L84, M|250/288\n|-ability|p2a: Arcanine|Intimidate|boost\n|-unboost|p1a: Regigigas|atk|1\n|move|p1a: Regigigas|Knock Off|p2a: Arcanine\n|-damage|p2a: Arcanine|223/288\n|\n|-heal|p1a: Regigigas|222/322|[from] item: Leftovers\n|upkeep\n|turn|10\n|\n|t:|1715303163\n|move|p2a: Arcanine|Close Combat|p1a: Regigigas\n|-supereffective|p1a: Regigigas\n|-damage|p1a: Regigigas|56/322\n|-unboost|p2a: Arcanine|def|1\n|-unboost|p2a: Arcanine|spd|1\n|move|p1a: Regigigas|Rest|p1a: Regigigas\n|-status|p1a: Regigigas|slp|[from] move: Rest\n|-heal|p1a: Regigigas|322/322 slp|[silent]\n|\n|upkeep\n|turn|11\n|\n|t:|1715303170\n|-end|p1a: Regigigas|Slow Start|[silent]\n|switch|p1a: Talonflame|Talonflame, L84, M|224/268\n|move|p2a: Arcanine|Close Combat|p1a: Talonflame\n|-resisted|p1a: Talonflame\n|-damage|p1a: Talonflame|172/268\n|-unboost|p2a: Arcanine|def|1\n|-unboost|p2a: Arcanine|spd|1\n|\n|upkeep\n|turn|12\n|\n|t:|1715303177\n|switch|p2a: Slowbro|Slowbro, L84, F|297/297\n|move|p1a: Talonflame|Roost|p1a: Talonflame\n|-heal|p1a: Talonflame|268/268\n|-singleturn|p1a: Talonflame|move: Roost\n|\n|upkeep\n|turn|13\n|c|\u2606Mr.Fuji245|soon or later\n|\n|t:|1715303184\n|move|p1a: Talonflame|U-turn|p2a: Slowbro\n|-supereffective|p2a: Slowbro\n|-damage|p2a: Slowbro|225/297\n|-damage|p1a: Talonflame|224/268|[from] item: Rocky Helmet|[of] p2a: Slowbro\n|\n|t:|1715303196\n|switch|p1a: Lapras|Lapras, L88, M|372/372 slp|[from] U-turn\n|move|p2a: Slowbro|Psychic Noise|p1a: Lapras\n|-damage|p1a: Lapras|294/372 slp\n|-start|p1a: Lapras|move: Heal Block\n|\n|upkeep\n|turn|14\n|\n|t:|1715303203\n|switch|p2a: Duraludon|Duraludon, L82, F|134/249\n|cant|p1a: Lapras|slp\n|move|p1a: Lapras|Sleep Talk|p1a: Lapras\n|move|p1a: Lapras|Sparkling Aria|p2a: Duraludon|[from]move: Sleep Talk\n|-resisted|p2a: Duraludon\n|-crit|p2a: Duraludon\n|-damage|p2a: Duraludon|59/249\n|\n|-end|p1a: Lapras|move: Heal Block\n|upkeep\n|turn|15\n|\n|t:|1715303224\n|move|p2a: Duraludon|Body Press|p1a: Lapras\n|-supereffective|p1a: Lapras\n|-crit|p1a: Lapras\n|-damage|p1a: Lapras|118/372 slp\n|cant|p1a: Lapras|slp\n|move|p1a: Lapras|Sleep Talk|p1a: Lapras\n|move|p1a: Lapras|Sparkling Aria|p2a: Duraludon|[from]move: Sleep Talk\n|-resisted|p2a: Duraludon\n|-damage|p2a: Duraludon|14/249\n|\n|upkeep\n|turn|16\n|\n|t:|1715303239\n|switch|p1a: Regigigas|Regigigas, L84|322/322 slp\n|-damage|p1a: Regigigas|282/322 slp|[from] Stealth Rock\n|-start|p1a: Regigigas|ability: Slow Start\n|move|p2a: Duraludon|Body Press|p1a: Regigigas\n|-supereffective|p1a: Regigigas\n|-damage|p1a: Regigigas|176/322 slp\n|\n|-heal|p1a: Regigigas|196/322 slp|[from] item: Leftovers\n|upkeep\n|turn|17\n|\n|t:|1715303246\n|-end|p1a: Regigigas|Slow Start|[silent]\n|switch|p1a: Talonflame|Talonflame, L84, M|224/268\n|move|p2a: Duraludon|Body Press|p1a: Talonflame\n|-resisted|p1a: Talonflame\n|-damage|p1a: Talonflame|187/268\n|\n|upkeep\n|turn|18\n|\n|t:|1715303251\n|switch|p2a: Slowbro|Slowbro, L84, F|297/297\n|move|p1a: Talonflame|U-turn|p2a: Slowbro\n|-supereffective|p2a: Slowbro\n|-damage|p2a: Slowbro|229/297\n|-damage|p1a: Talonflame|143/268|[from] item: Rocky Helmet|[of] p2a: Slowbro\n|\n|t:|1715303256\n|switch|p1a: Lapras|Lapras, L88, M|118/372 slp|[from] U-turn\n|\n|upkeep\n|turn|19\n|\n|t:|1715303259\n|-curestatus|p1a: Lapras|slp|[msg]\n|move|p1a: Lapras|Rest|p1a: Lapras\n|-status|p1a: Lapras|slp|[from] move: Rest\n|-heal|p1a: Lapras|372/372 slp|[silent]\n|move|p2a: Slowbro|Psychic Noise|p1a: Lapras\n|-damage|p1a: Lapras|296/372 slp\n|-start|p1a: Lapras|move: Heal Block\n|\n|upkeep\n|turn|20\n|inactive|Mr.Fuji245 has 120 seconds left.\n|\n|t:|1715303295\n|switch|p2a: Duraludon|Duraludon, L82, F|14/249\n|cant|p1a: Lapras|slp\n|move|p1a: Lapras|Sleep Talk|p1a: Lapras\n|move|p1a: Lapras|Freeze-Dry|p2a: Duraludon|[from]move: Sleep Talk\n|-damage|p2a: Duraludon|0 fnt\n|faint|p2a: Duraludon\n|\n|-end|p1a: Lapras|move: Heal Block\n|upkeep\n|\n|t:|1715303312\n|switch|p2a: Iron Boulder|Iron Boulder, L77|265/265\n|turn|21\n|\n|t:|1715303321\n|switch|p1a: Mesprit|Mesprit, L85|275/275\n|-damage|p1a: Mesprit|241/275|[from] Stealth Rock\n|move|p2a: Iron Boulder|Mighty Cleave|p1a: Mesprit\n|-damage|p1a: Mesprit|127/275\n|-damage|p2a: Iron Boulder|239/265|[from] item: Life Orb\n|\n|upkeep\n|turn|22\n|inactive|Mr.Fuji245 has 120 seconds left.\n|\n|t:|1715303330\n|-end|p2a: Iron Boulder|Quark Drive|[silent]\n|switch|p2a: Honchkrow|Honchkrow, L86, F|312/312\n|move|p1a: Mesprit|Knock Off|p2a: Honchkrow\n|-resisted|p2a: Honchkrow\n|-damage|p2a: Honchkrow|263/312\n|-enditem|p2a: Honchkrow|Heavy-Duty Boots|[from] move: Knock Off|[of] p1a: Mesprit\n|\n|upkeep\n|turn|23\n|\n|t:|1715303338\n|move|p1a: Mesprit|Ice Beam|p2a: Honchkrow\n|-supereffective|p2a: Honchkrow\n|-damage|p2a: Honchkrow|83/312\n|move|p2a: Honchkrow|U-turn|p1a: Mesprit\n|-supereffective|p1a: Mesprit\n|-damage|p1a: Mesprit|13/275\n|\n|t:|1715303346\n|switch|p2a: Iron Boulder|Iron Boulder, L77|239/265|[from] U-turn\n|\n|upkeep\n|turn|24\n|\n|t:|1715303357\n|move|p2a: Iron Boulder|Mighty Cleave|p1a: Mesprit\n|-damage|p1a: Mesprit|0 fnt\n|faint|p1a: Mesprit\n|-damage|p2a: Iron Boulder|213/265|[from] item: Life Orb\n|\n|upkeep\n|j|+pokeblade\u2606101\n|\n|t:|1715303368\n|switch|p1a: Talonflame|Talonflame, L84, M|143/268\n|turn|25\n|\n|t:|1715303373\n|switch|p1a: Cryogonal|Cryogonal, L89|287/287\n|-end|p2a: Iron Boulder|Quark Drive|[silent]\n|switch|p2a: Slowbro|Slowbro, L84, F|297/297\n|\n|upkeep\n|turn|26\n|\n|t:|1715303377\n|switch|p2a: Arcanine|Arcanine, L84, M|223/288\n|-ability|p2a: Arcanine|Intimidate|boost\n|-unboost|p1a: Cryogonal|atk|1\n|move|p1a: Cryogonal|Rapid Spin|p2a: Arcanine\n|-damage|p2a: Arcanine|205/288\n|-boost|p1a: Cryogonal|spe|1\n|-sideend|p1: AQUA|Stealth Rock|[from] move: Rapid Spin|[of] p1a: Cryogonal\n|\n|upkeep\n|turn|27\n|\n|t:|1715303397\n|switch|p1a: Regigigas|Regigigas, L84|196/322 slp\n|-start|p1a: Regigigas|ability: Slow Start\n|move|p2a: Arcanine|Flare Blitz|p1a: Regigigas\n|-damage|p1a: Regigigas|76/322 slp\n|-damage|p2a: Arcanine|165/288|[from] Recoil\n|\n|-heal|p1a: Regigigas|96/322 slp|[from] item: Leftovers\n|upkeep\n|turn|28\n|\n|t:|1715303404\n|-end|p1a: Regigigas|Slow Start|[silent]\n|switch|p1a: Talonflame|Talonflame, L84, M|143/268\n|move|p2a: Arcanine|Flare Blitz|p1a: Talonflame\n|-resisted|p1a: Talonflame\n|-damage|p1a: Talonflame|59/268\n|-damage|p2a: Arcanine|137/288|[from] Recoil\n|\n|upkeep\n|turn|29\n|\n|t:|1715303409\n|move|p1a: Talonflame|Roost|p1a: Talonflame\n|-heal|p1a: Talonflame|193/268\n|-singleturn|p1a: Talonflame|move: Roost\n|move|p2a: Arcanine|Morning Sun|p2a: Arcanine\n|-heal|p2a: Arcanine|281/288\n|\n|upkeep\n|turn|30\n|\n|t:|1715303413\n|move|p1a: Talonflame|Roost|p1a: Talonflame\n|-heal|p1a: Talonflame|268/268\n|-singleturn|p1a: Talonflame|move: Roost\n|move|p2a: Arcanine|Wild Charge|p1a: Talonflame\n|-damage|p1a: Talonflame|188/268\n|-damage|p2a: Arcanine|261/288|[from] Recoil\n|\n|upkeep\n|turn|31\n|\n|t:|1715303419\n|move|p1a: Talonflame|U-turn|p2a: Arcanine\n|-resisted|p2a: Arcanine\n|-damage|p2a: Arcanine|239/288\n|\n|t:|1715303423\n|switch|p1a: Regigigas|Regigigas, L84|96/322 slp|[from] U-turn\n|-start|p1a: Regigigas|ability: Slow Start\n|move|p2a: Arcanine|Wild Charge|p1a: Regigigas\n|-damage|p1a: Regigigas|35/322 slp\n|-damage|p2a: Arcanine|224/288|[from] Recoil\n|\n|-heal|p1a: Regigigas|55/322 slp|[from] item: Leftovers\n|upkeep\n|turn|32\n|\n|t:|1715303427\n|move|p2a: Arcanine|Flare Blitz|p1a: Regigigas\n|-damage|p1a: Regigigas|0 fnt\n|faint|p1a: Regigigas\n|-end|p1a: Regigigas|Slow Start|[silent]\n|-damage|p2a: Arcanine|206/288|[from] Recoil\n|\n|upkeep\n|\n|t:|1715303450\n|switch|p1a: Lapras|Lapras, L88, M|296/372 slp\n|turn|33\n|\n|t:|1715303461\n|move|p2a: Arcanine|Close Combat|p1a: Lapras\n|-supereffective|p1a: Lapras\n|-damage|p1a: Lapras|100/372 slp\n|-unboost|p2a: Arcanine|def|1\n|-unboost|p2a: Arcanine|spd|1\n|cant|p1a: Lapras|slp\n|move|p1a: Lapras|Sleep Talk|p1a: Lapras\n|move|p1a: Lapras|Sparkling Aria|p2a: Arcanine|[from]move: Sleep Talk\n|-supereffective|p2a: Arcanine\n|-crit|p2a: Arcanine\n|-damage|p2a: Arcanine|0 fnt\n|faint|p2a: Arcanine\n|\n|upkeep\n|\n|t:|1715303464\n|switch|p2a: Iron Boulder|Iron Boulder, L77|213/265\n|turn|34\n|\n|t:|1715303474\n|switch|p1a: Girafarig|Girafarig, L89, M|269/269\n|move|p2a: Iron Boulder|Mighty Cleave|p1a: Girafarig\n|-crit|p1a: Girafarig\n|-damage|p1a: Girafarig|112/269\n|-damage|p2a: Iron Boulder|187/265|[from] item: Life Orb\n|\n|upkeep\n|turn|35\n|\n|t:|1715303485\n|move|p2a: Iron Boulder|Mighty Cleave|p1a: Girafarig\n|-damage|p1a: Girafarig|2/269\n|-damage|p2a: Iron Boulder|161/265|[from] item: Life Orb\n|move|p1a: Girafarig|Thunderbolt|p2a: Iron Boulder\n|-damage|p2a: Iron Boulder|100/265\n|\n|upkeep\n|turn|36\n|\n|t:|1715303488\n|move|p2a: Iron Boulder|Mighty Cleave|p1a: Girafarig\n|-crit|p1a: Girafarig\n|-damage|p1a: Girafarig|0 fnt\n|faint|p1a: Girafarig\n|-damage|p2a: Iron Boulder|74/265|[from] item: Life Orb\n|\n|upkeep\n|\n|t:|1715303490\n|switch|p1a: Cryogonal|Cryogonal, L89|287/287\n|turn|37\n|\n|t:|1715303514\n|-end|p2a: Iron Boulder|Quark Drive|[silent]\n|switch|p2a: Honchkrow|Honchkrow, L86, F|83/312\n|move|p1a: Cryogonal|Ice Beam|p2a: Honchkrow\n|-supereffective|p2a: Honchkrow\n|-damage|p2a: Honchkrow|0 fnt\n|faint|p2a: Honchkrow\n|\n|upkeep\n|\n|t:|1715303516\n|switch|p2a: Regidrago|Regidrago, L77|435/435\n|turn|38\n|\n|t:|1715303538\n|switch|p1a: Talonflame|Talonflame, L84, M|188/268\n|-terastallize|p2a: Regidrago|Dragon\n|move|p2a: Regidrago|Outrage|p1a: Talonflame\n|-damage|p1a: Talonflame|0 fnt\n|faint|p1a: Talonflame\n|\n|upkeep\n|\n|t:|1715303549\n|switch|p1a: Lapras|Lapras, L88, M|100/372 slp\n|turn|39\n|\n|t:|1715303552\n|move|p2a: Regidrago|Outrage|p1a: Lapras|[from]lockedmove\n|-damage|p1a: Lapras|0 fnt\n|faint|p1a: Lapras\n|\n|upkeep\n|\n|t:|1715303554\n|switch|p1a: Cryogonal|Cryogonal, L89|287/287\n|turn|40\n|\n|t:|1715303558\n|move|p2a: Regidrago|Outrage|p1a: Cryogonal|[from]lockedmove\n|-damage|p1a: Cryogonal|0 fnt\n|faint|p1a: Cryogonal\n|-start|p2a: Regidrago|confusion|[fatigue]\n|\n|win|Mr.Fuji245\n|raw|AQUA's rating: 2463 &rarr; <strong>2442</strong><br />(-21 for losing)\n|raw|Mr.Fuji245's rating: 2453 &rarr; <strong>2474</strong><br />(+21 for winning)\n|l|\u2606AQUA\n|player|p1|\n|c|\u2606Mr.Fuji245|gg\n|l|+pokeblade\u2606101\n", "inputlog": ">version d87f45fad9b955c6072adc425367687e8a017379\n>start {\"formatid\":\"gen9randombattle\",\"seed\":[18408,50669,10665,56560],\"rated\":\"Rated battle\"}\n>player p1 {\"name\":\"AQUA\",\"avatar\":\"#rbtt7teamdarkraif\",\"rating\":2463,\"seed\":[3978,1432,30712,42200]}\n>player p2 {\"name\":\"Mr.Fuji245\",\"avatar\":\"mrfuji-gen3\",\"rating\":2453,\"seed\":[54121,61784,22652,34976]}\n>chat \u2606Mr.Fuji245|hi\n>chat \u2606AQUA|hello\n>p1 switch 6\n>p2 move stealthrock\n>chat \u2606Mr.Fuji245|how r u?\n>chat \u2606AQUA|*inhale*\n>chat \u2606AQUA|fine\n>p1 move knockoff\n>p2 switch 5\n>p1 switch 5\n>p2 switch 4\n>p1 move uturn\n>p2 move thunderwave\n>p1 switch 2\n>p1 move sparklingaria\n>p2 switch 5\n>p1 move freezedry\n>p2 move bodypress\n>p1 move rest\n>p2 move bodypress\n>p1 switch 5\n>p2 move bodypress\n>chat \u2606Mr.Fuji245|dont worry, we're going to raise\n>p1 move knockoff\n>p2 switch 4\n>p1 move rest\n>p2 move closecombat\n>p1 switch 2\n>p2 move closecombat\n>p1 move roost\n>p2 switch 5\n>chat \u2606Mr.Fuji245|soon or later\n>p1 move uturn\n>p2 move psychicnoise\n>p1 switch 5\n>p1 move sleeptalk\n>p2 switch 4\n>p1 move sleeptalk\n>p2 move bodypress\n>p1 switch 2\n>p2 move bodypress\n>p1 switch 5\n>p2 move bodypress\n>p1 move uturn\n>p2 switch 4\n>p1 switch 2\n>p1 move rest\n>p2 move psychicnoise\n>p1 move sleeptalk\n>p2 switch 4\n>p2 switch 3\n>p1 switch 3\n>p2 move mightycleave\n>p1 move knockoff\n>p2 switch 6\n>p1 move icebeam\n>p2 move uturn\n>p2 switch 6\n>p1 move icebeam\n>p2 move mightycleave\n>p1 switch 2\n>p1 switch 6\n>p2 switch 4\n>p1 move rapidspin\n>p2 switch 5\n>p1 switch 5\n>p2 move flareblitz\n>p1 switch 6\n>p2 move flareblitz\n>p1 move roost\n>p2 move morningsun\n>p1 move roost\n>p2 move wildcharge\n>p1 move uturn\n>p2 move wildcharge\n>p1 switch 6\n>p1 move sleeptalk\n>p2 move flareblitz\n>p1 switch 3\n>p1 move sleeptalk\n>p2 move closecombat\n>p2 switch 4\n>p1 switch 4\n>p2 move mightycleave\n>p1 move thunderbolt\n>p2 move mightycleave\n>p1 move thunderbolt\n>p2 move mightycleave\n>p1 switch 5\n>p1 move icebeam\n>p2 switch 6\n>p2 switch 2\n>p1 switch 6\n>p2 move outrage terastallize\n>p1 switch 4\n>p1 move sleeptalk\n>p2 move outrage\n>p1 switch 6\n>p1 move icebeam\n>p2 move outrage", "uploadtime": 1715303627, "views": 262, "formatid": "gen9randombattle", "rating": 2442, "private": 0, "password": null}