{"id": "gen9randombattle-2133182432", "format": "[Gen 9] Random Battle", "players": ["Slim Workshop", "metalhydra273"], "log": "|badge|p1|bronze|gen9randombattle|100-1\n|uhtml|medal-msg|<div class=\"broadcast-blue\">Curious what those medals under the avatar are? PS now has Ladder Seasons! For more information, check out the <a href=\"https://www.smogon.com/forums/threads/3740067/\">thread on Smogon.</a></div>\n|j|\u2606Slim Workshop\n|j|\u2606metalhydra273\n|t:|1717025302\n|gametype|singles\n|player|p1|Slim Workshop|2|2358\n|player|p2|metalhydra273|jasmine|2320\n|teamsize|p1|6\n|teamsize|p2|6\n|gen|9\n|tier|[Gen 9] Random Battle\n|rated|\n|rule|Species Clause: Limit one of each Pok\u00e9mon\n|rule|HP Percentage Mod: HP is shown in percentages\n|rule|Sleep Clause Mod: Limit one foe put to sleep\n|rule|Illusion Level Mod: Illusion disguises the Pok\u00e9mon's true level\n|\n|t:|1717025302\n|start\n|switch|p1a: Exeggutor|Exeggutor-Alola, L89, F|314/314\n|switch|p2a: Brute Bonnet|Brute Bonnet, L81|312/312\n|-item|p2a: Brute Bonnet|Leftovers|[from] ability: Frisk|[of] p1a: Exeggutor|[identify]\n|turn|1\n|\n|t:|1717025326\n|move|p2a: Brute Bonnet|Close Combat|p1a: Exeggutor\n|-damage|p1a: Exeggutor|225/314\n|-unboost|p2a: Brute Bonnet|def|1\n|-unboost|p2a: Brute Bonnet|spd|1\n|move|p1a: Exeggutor|Draco Meteor|p2a: Brute Bonnet\n|-damage|p2a: Brute Bonnet|0 fnt\n|-unboost|p1a: Exeggutor|spa|2\n|faint|p2a: Brute Bonnet\n|-end|p2a: Brute Bonnet|Protosynthesis|[silent]\n|\n|upkeep\n|\n|t:|1717025330\n|switch|p2a: Flamigo|Flamigo, L82, M|269/269\n|turn|2\n|\n|t:|1717025333\n|move|p2a: Flamigo|Brave Bird|p1a: Exeggutor\n|-supereffective|p1a: Exeggutor\n|-damage|p1a: Exeggutor|0 fnt\n|faint|p1a: Exeggutor\n|-damage|p2a: Flamigo|195/269|[from] Recoil\n|\n|upkeep\n|inactive|Battle timer is ON: inactive players will automatically lose when time's up. (requested by metalhydra273)\n|\n|t:|1717025337\n|switch|p1a: Heatran|Heatran, L79, M|273/273\n|-item|p1a: Heatran|Air Balloon\n|turn|3\n|\n|t:|1717025345\n|switch|p2a: Chansey|Chansey, L85, F|564/564\n|move|p1a: Heatran|Stealth Rock|p2a: Chansey\n|-sidestart|p2: metalhydra273|move: Stealth Rock\n|\n|upkeep\n|turn|4\n|\n|t:|1717025350\n|switch|p1a: Raikou|Raikou, L81|278/278\n|-ability|p1a: Raikou|Pressure\n|move|p2a: Chansey|Stealth Rock|p1a: Raikou\n|-sidestart|p1: Slim Workshop|move: Stealth Rock\n|\n|upkeep\n|turn|5\n|\n|t:|1717025357\n|move|p1a: Raikou|Volt Switch|p2a: Chansey\n|-damage|p2a: Chansey|500/564\n|\n|t:|1717025359\n|switch|p1a: Ariados|Ariados, L94, M|284/284|[from] Volt Switch\n|move|p2a: Chansey|Seismic Toss|p1a: Ariados\n|-damage|p1a: Ariados|199/284\n|\n|upkeep\n|turn|6\n|\n|t:|1717025366\n|switch|p2a: Zamazenta|Zamazenta-Crowned, L68|238/238\n|-damage|p2a: Zamazenta|231/238|[from] Stealth Rock\n|-ability|p2a: Zamazenta|Dauntless Shield|boost\n|-boost|p2a: Zamazenta|def|1\n|move|p1a: Ariados|Toxic Spikes|p2a: Zamazenta\n|-sidestart|p2: metalhydra273|move: Toxic Spikes\n|\n|upkeep\n|turn|7\n|\n|t:|1717025373\n|switch|p1a: Raikou|Raikou, L81|278/278\n|-damage|p1a: Raikou|244/278|[from] Stealth Rock\n|-ability|p1a: Raikou|Pressure\n|move|p2a: Zamazenta|Iron Defense|p2a: Zamazenta\n|-boost|p2a: Zamazenta|def|2\n|\n|upkeep\n|turn|8\n|inactive|metalhydra273 has 120 seconds left.\n|\n|t:|1717025406\n|-terastallize|p2a: Zamazenta|Fighting\n|move|p1a: Raikou|Volt Switch|p2a: Zamazenta\n|-damage|p2a: Zamazenta|125/238\n|\n|t:|1717025410\n|switch|p1a: Basculegion|Basculegion-F, L83, F|335/335|[from] Volt Switch\n|-damage|p1a: Basculegion|294/335|[from] Stealth Rock\n|move|p2a: Zamazenta|Body Press|p1a: Basculegion\n|-immune|p1a: Basculegion\n|\n|upkeep\n|turn|9\n|\n|t:|1717025420\n|switch|p2a: Chansey|Chansey, L85, F|500/564\n|-damage|p2a: Chansey|430/564|[from] Stealth Rock\n|-status|p2a: Chansey|psn\n|move|p1a: Basculegion|Flip Turn|p2a: Chansey\n|-damage|p2a: Chansey|252/564 psn\n|\n|t:|1717025424\n|switch|p1a: Ariados|Ariados, L94, M|199/284|[from] Flip Turn\n|\n|-damage|p2a: Chansey|182/564 psn|[from] psn\n|upkeep\n|turn|10\n|\n|t:|1717025432\n|-curestatus|p2a: Chansey|psn|[from] ability: Natural Cure\n|switch|p2a: Flamigo|Flamigo, L82, M|195/269\n|-damage|p2a: Flamigo|162/269|[from] Stealth Rock\n|move|p1a: Ariados|Sticky Web|p2a: Flamigo\n|-sidestart|p2: metalhydra273|move: Sticky Web\n|\n|upkeep\n|turn|11\n|\n|t:|1717025437\n|move|p2a: Flamigo|Close Combat|p1a: Ariados\n|-resisted|p1a: Ariados\n|-damage|p1a: Ariados|162/284\n|-unboost|p2a: Flamigo|def|1\n|-unboost|p2a: Flamigo|spd|1\n|move|p1a: Ariados|Poison Jab|p2a: Flamigo\n|-damage|p2a: Flamigo|0 fnt\n|faint|p2a: Flamigo\n|\n|upkeep\n|c|\u2606Slim Workshop|huh\n|-message|metalhydra273 forfeited.\n|\n|win|Slim Workshop\n|raw|Slim Workshop's rating: 2358 &rarr; <strong>2376</strong><br />(+18 for winning)\n|raw|metalhydra273's rating: 2320 &rarr; <strong>2302</strong><br />(-18 for losing)\n|l|\u2606metalhydra273\n|player|p2|\n", "inputlog": ">version 82ceab39522df80d6289bc3fb83a311a02ed08de\n>start {\"formatid\":\"gen9randombattle\",\"seed\":[8882,53618,18722,7953],\"rated\":\"Rated battle\"}\n>player p1 {\"name\":\"Slim Workshop\",\"avatar\":\"2\",\"rating\":2358,\"seed\":[54089,12916,37819,63539]}\n>player p2 {\"name\":\"metalhydra273\",\"avatar\":\"jasmine\",\"rating\":2320,\"seed\":[62942,40920,13870,47916]}\n>p1 move dracometeor\n>p2 move closecombat\n>p2 switch 2\n>p1 move dracometeor\n>p2 move bravebird\n>p1 switch 4\n>p1 move stealthrock\n>p2 switch 6\n>p1 switch 6\n>p2 move stealthrock\n>p1 move voltswitch\n>p2 move seismictoss\n>p1 switch 3\n>p1 move toxicspikes\n>p2 switch 5\n>p1 switch 3\n>p2 move irondefense\n>p1 move voltswitch\n>p2 move bodypress terastallize\n>p1 switch 2\n>p1 move flipturn\n>p2 switch 5\n>p1 switch 3\n>p1 move stickyweb\n>p2 switch 6\n>p1 move poisonjab\n>p2 move closecombat\n>chat \u2606Slim Workshop|huh\n>forcelose p2", "uploadtime": 1717025453, "views": 199, "formatid": "gen9randombattle", "rating": 2302, "private": 0, "password": null}