{"id": "gen9randombattle-2259999654", "format": "[Gen 9] Random Battle", "players": ["PowerOutage273", "Lesdoit1005"], "log": "|j|\u2606PowerOutage273\n|j|\u2606Lesdoit1005\n|t:|1733789404\n|gametype|singles\n|player|p1|PowerOutage273|volkner|1702\n|player|p2|Lesdoit1005|266|1730\n|teamsize|p1|6\n|teamsize|p2|6\n|gen|9\n|tier|[Gen 9] Random Battle\n|rated|\n|rule|Species Clause: Limit one of each Pok\u00e9mon\n|rule|HP Percentage Mod: HP is shown in percentages\n|rule|Sleep Clause Mod: Limit one foe put to sleep\n|rule|Illusion Level Mod: Illusion disguises the Pok\u00e9mon's true level\n|\n|t:|1733789404\n|start\n|switch|p1a: Mamoswine|Mamoswine, L81, M|311/311\n|switch|p2a: Latios|Latios, L78, M|253/253\n|turn|1\n|inactive|Battle timer is ON: inactive players will automatically lose when time's up. (requested by Lesdoit1005)\n|\n|t:|1733789419\n|switch|p2a: Ninetales|Ninetales, L85, M|263/263\n|-weather|SunnyDay|[from] ability: Drought|[of] p2a: Ninetales\n|move|p1a: Mamoswine|Icicle Crash|p2a: Ninetales|[miss]\n|-miss|p1a: Mamoswine|p2a: Ninetales\n|\n|-weather|SunnyDay|[upkeep]\n|upkeep\n|turn|2\n|\n|t:|1733789437\n|switch|p2a: Pelipper|Pelipper, L86, M|243/243\n|-weather|RainDance|[from] ability: Drizzle|[of] p2a: Pelipper\n|switch|p1a: Dachsbun|Dachsbun, L92, M|254/254\n|\n|-weather|RainDance|[upkeep]\n|upkeep\n|turn|3\n|\n|t:|1733789453\n|move|p1a: Dachsbun|Play Rough|p2a: Pelipper\n|-damage|p2a: Pelipper|161/243\n|move|p2a: Pelipper|Weather Ball|p1a: Dachsbun\n|-damage|p1a: Dachsbun|0 fnt\n|faint|p1a: Dachsbun\n|\n|-weather|RainDance|[upkeep]\n|upkeep\n|\n|t:|1733789462\n|switch|p1a: Plusle|Plusle, L95, F|268/268\n|turn|4\n|\n|t:|1733789475\n|switch|p2a: Swalot|Swalot, L90, F|326/326\n|move|p1a: Plusle|Nasty Plot|p1a: Plusle\n|-boost|p1a: Plusle|spa|2\n|\n|-weather|RainDance|[upkeep]\n|upkeep\n|turn|5\n|\n|t:|1733789490\n|move|p1a: Plusle|Thunderbolt|p2a: Swalot\n|-crit|p2a: Swalot\n|-damage|p2a: Swalot|0 fnt\n|faint|p2a: Swalot\n|-damage|p1a: Plusle|242/268|[from] item: Life Orb\n|\n|-weather|RainDance|[upkeep]\n|upkeep\n|\n|t:|1733789497\n|switch|p2a: Mesprit|Mesprit, L85|275/275\n|turn|6\n|\n|t:|1733789502\n|move|p1a: Plusle|Thunderbolt|p2a: Mesprit\n|-damage|p2a: Mesprit|111/275\n|-damage|p1a: Plusle|216/268|[from] item: Life Orb\n|move|p2a: Mesprit|Drain Punch|p1a: Plusle\n|-damage|p1a: Plusle|130/268\n|-heal|p2a: Mesprit|154/275|[from] drain|[of] p1a: Plusle\n|\n|-weather|none\n|upkeep\n|turn|7\n|\n|t:|1733789515\n|move|p1a: Plusle|Thunderbolt|p2a: Mesprit\n|-damage|p2a: Mesprit|0 fnt\n|faint|p2a: Mesprit\n|-damage|p1a: Plusle|104/268|[from] item: Life Orb\n|\n|upkeep\n|\n|t:|1733789520\n|switch|p2a: Komala|Komala, L89, F|260/260\n|-ability|p2a: Komala|Comatose\n|turn|8\n|\n|t:|1733789524\n|move|p1a: Plusle|Thunderbolt|p2a: Komala\n|-damage|p2a: Komala|0 fnt\n|faint|p2a: Komala\n|-damage|p1a: Plusle|78/268|[from] item: Life Orb\n|\n|upkeep\n|c|\u2606PowerOutage273|sun rain core\n|inactive|Lesdoit1005 has 120 seconds left.\n|\n|t:|1733789562\n|switch|p2a: Latios|Latios, L78, M|253/253\n|turn|9\n|inactive|Lesdoit1005 has 120 seconds left.\n|c|\u2606Lesdoit1005|true\n|c|\u2606Lesdoit1005|that crit was the game tbh\n|inactive|PowerOutage273 has 120 seconds left.\n|\n|t:|1733789594\n|move|p1a: Plusle|Alluring Voice|p2a: Latios\n|-supereffective|p2a: Latios\n|-damage|p2a: Latios|0 fnt\n|faint|p2a: Latios\n|-damage|p1a: Plusle|52/268|[from] item: Life Orb\n|\n|upkeep\n|\n|t:|1733789598\n|switch|p2a: Ninetales|Ninetales, L85, M|263/263\n|-weather|SunnyDay|[from] ability: Drought|[of] p2a: Ninetales\n|turn|10\n|\n|t:|1733789601\n|move|p1a: Plusle|Thunderbolt|p2a: Ninetales\n|-damage|p2a: Ninetales|16/263\n|-damage|p1a: Plusle|26/268|[from] item: Life Orb\n|move|p2a: Ninetales|Scorching Sands|p1a: Plusle\n|-supereffective|p1a: Plusle\n|-damage|p1a: Plusle|0 fnt\n|faint|p1a: Plusle\n|\n|-weather|SunnyDay|[upkeep]\n|upkeep\n|\n|t:|1733789615\n|switch|p1a: Luvdisc|Luvdisc, F|247/247\n|turn|11\n|\n|t:|1733789623\n|move|p1a: Luvdisc|Surf|p2a: Ninetales\n|-supereffective|p2a: Ninetales\n|-damage|p2a: Ninetales|0 fnt\n|faint|p2a: Ninetales\n|\n|-weather|SunnyDay|[upkeep]\n|upkeep\n|\n|t:|1733789625\n|switch|p2a: Pelipper|Pelipper, L86, M|161/243\n|-weather|RainDance|[from] ability: Drizzle|[of] p2a: Pelipper\n|turn|12\n|\n|t:|1733789634\n|move|p1a: Luvdisc|Whirlpool|p2a: Pelipper\n|-resisted|p2a: Pelipper\n|-damage|p2a: Pelipper|137/243\n|-activate|p2a: Pelipper|move: Whirlpool|[of] p1a: Luvdisc\n|move|p2a: Pelipper|Hurricane|p1a: Luvdisc\n|-damage|p1a: Luvdisc|51/247\n|-start|p1a: Luvdisc|confusion\n|\n|-weather|RainDance|[upkeep]\n|-damage|p2a: Pelipper|107/243|[from] move: Whirlpool|[partiallytrapped]\n|upkeep\n|turn|13\n|\n|t:|1733789644\n|-activate|p1a: Luvdisc|confusion\n|move|p1a: Luvdisc|Endeavor|p2a: Pelipper\n|-damage|p2a: Pelipper|51/243\n|move|p2a: Pelipper|Hurricane|p1a: Luvdisc\n|-damage|p1a: Luvdisc|0 fnt\n|faint|p1a: Luvdisc\n|\n|-weather|RainDance|[upkeep]\n|-end|p2a: Pelipper|Whirlpool|[partiallytrapped]|[silent]\n|upkeep\n|\n|t:|1733789653\n|switch|p1a: Mamoswine|Mamoswine, L81, M|311/311\n|turn|14\n|\n|t:|1733789657\n|-terastallize|p1a: Mamoswine|Ice\n|move|p1a: Mamoswine|Ice Shard|p2a: Pelipper\n|-damage|p2a: Pelipper|0 fnt\n|faint|p2a: Pelipper\n|\n|win|PowerOutage273\n|raw|PowerOutage273's rating: 1702 &rarr; <strong>1724</strong><br />(+22 for winning)\n|raw|Lesdoit1005's rating: 1730 &rarr; <strong>1708</strong><br />(-22 for losing)\n|l|\u2606Lesdoit1005\n|player|p2|\n|c|\u2606PowerOutage273|gg\n", "inputlog": ">version bfd83cad13791eb5a5a409923076391caf6fb4d4\n>start {\"formatid\":\"gen9randombattle\",\"seed\":[13946,2075,12452,17787],\"rated\":\"Rated battle\"}\n>player p1 {\"name\":\"PowerOutage273\",\"avatar\":\"volkner\",\"rating\":1702,\"seed\":[26721,20844,29622,12776]}\n>player p2 {\"name\":\"Lesdoit1005\",\"avatar\":\"266\",\"rating\":1730,\"seed\":[48365,22411,58130,47165]}\n>p1 move iciclecrash\n>p2 switch 3\n>p1 switch 4\n>p2 switch 4\n>p1 move playrough\n>p2 move weatherball\n>p1 switch 2\n>p1 move nastyplot\n>p2 switch 5\n>p1 move thunderbolt\n>p2 move earthquake\n>p2 switch 2\n>p1 move thunderbolt\n>p2 move drainpunch\n>p1 move thunderbolt\n>p2 move drainpunch\n>p2 switch 6\n>p1 move thunderbolt\n>p2 move doubleedge\n>chat \u2606PowerOutage273|sun rain core\n>p2 switch 3\n>chat \u2606Lesdoit1005|true\n>chat \u2606Lesdoit1005|that crit was the game tbh\n>p1 move alluringvoice\n>p2 move lusterpurge\n>p2 switch 4\n>p1 move thunderbolt\n>p2 move scorchingsands\n>p1 switch 6\n>p1 move surf\n>p2 move solarbeam\n>p2 switch 5\n>p1 move whirlpool\n>p2 move hurricane\n>p1 move endeavor\n>p2 move hurricane\n>p1 switch 4\n>p1 move iceshard terastallize\n>p2 move hurricane", "uploadtime": 1733789662, "views": 2, "formatid": "gen9randombattle", "rating": 1708, "private": 0, "password": null}