{"id": "gen9randombattle-2260468544", "format": "[Gen 9] Random Battle", "players": ["Andras14", "medolor"], "log": "|j|\u2606Andras14\n|j|\u2606medolor\n|t:|1733854575\n|gametype|singles\n|player|p1|Andras14|harlequin|1334\n|player|p2|medolor|brawly|1292\n|teamsize|p1|6\n|teamsize|p2|6\n|gen|9\n|tier|[Gen 9] Random Battle\n|rated|\n|rule|Species Clause: Limit one of each Pok\u00e9mon\n|rule|HP Percentage Mod: HP is shown in percentages\n|rule|Sleep Clause Mod: Limit one foe put to sleep\n|rule|Illusion Level Mod: Illusion disguises the Pok\u00e9mon's true level\n|\n|t:|1733854575\n|start\n|switch|p1a: Politoed|Politoed, L88, F|302/302\n|switch|p2a: Groudon|Groudon, L72|263/263\n|-weather|RainDance|[from] ability: Drizzle|[of] p1a: Politoed\n|-weather|SunnyDay|[from] ability: Drought|[of] p2a: Groudon\n|turn|1\n|inactive|Battle timer is ON: inactive players will automatically lose when time's up. (requested by medolor)\n|\n|t:|1733854593\n|switch|p2a: Leavanny|Leavanny, L86, M|269/269\n|move|p1a: Politoed|Ice Beam|p2a: Leavanny\n|-supereffective|p2a: Leavanny\n|-damage|p2a: Leavanny|123/269\n|\n|-weather|SunnyDay|[upkeep]\n|upkeep\n|turn|2\n|\n|t:|1733854611\n|switch|p1a: Espeon|Espeon, L84, F|246/246\n|move|p2a: Leavanny|Sticky Web|p1a: Espeon\n|move|p1a: Espeon|Sticky Web|p2a: Leavanny|[from]ability: Magic Bounce\n|-sidestart|p2: medolor|move: Sticky Web\n|\n|-weather|SunnyDay|[upkeep]\n|upkeep\n|turn|3\n|inactive|medolor has 120 seconds left.\n|\n|t:|1733854644\n|switch|p2a: Groudon|Groudon, L72|263/263\n|-activate|p2a: Groudon|move: Sticky Web\n|-unboost|p2a: Groudon|spe|1\n|-terastallize|p1a: Espeon|Psychic\n|move|p1a: Espeon|Psychic|p2a: Groudon\n|-damage|p2a: Groudon|0 fnt\n|faint|p2a: Groudon\n|\n|-weather|SunnyDay|[upkeep]\n|upkeep\n|inactive|medolor has 90 seconds left.\n|\n|t:|1733854675\n|switch|p2a: Flapple|Flapple, L88, F|266/266\n|-activate|p2a: Flapple|move: Sticky Web\n|-unboost|p2a: Flapple|spe|1\n|turn|4\n|\n|t:|1733854681\n|switch|p1a: Okidogi|Okidogi, L77, M|262/262\n|-terastallize|p2a: Flapple|Fire\n|move|p2a: Flapple|Outrage|p1a: Okidogi\n|-damage|p1a: Okidogi|57/262\n|\n|-weather|SunnyDay|[upkeep]\n|-heal|p1a: Okidogi|73/262|[from] item: Leftovers\n|upkeep\n|turn|5\n|\n|t:|1733854694\n|switch|p1a: Politoed|Politoed, L88, F|302/302\n|-weather|RainDance|[from] ability: Drizzle|[of] p1a: Politoed\n|move|p2a: Flapple|Outrage|p1a: Politoed|[from]lockedmove\n|-damage|p1a: Politoed|68/302\n|-start|p2a: Flapple|confusion|[fatigue]\n|\n|-weather|RainDance|[upkeep]\n|upkeep\n|turn|6\n|\n|t:|1733854708\n|switch|p2a: Leavanny|Leavanny, L86, M|123/269\n|move|p1a: Politoed|Rest|p1a: Politoed\n|-status|p1a: Politoed|slp|[from] move: Rest\n|-heal|p1a: Politoed|302/302 slp|[silent]\n|-enditem|p1a: Politoed|Chesto Berry|[eat]\n|-curestatus|p1a: Politoed|slp|[msg]\n|\n|-weather|RainDance|[upkeep]\n|upkeep\n|turn|7\n|\n|t:|1733854722\n|move|p2a: Leavanny|Leaf Blade|p1a: Politoed\n|-supereffective|p1a: Politoed\n|-damage|p1a: Politoed|84/302\n|move|p1a: Politoed|Ice Beam|p2a: Leavanny\n|-supereffective|p2a: Leavanny\n|-damage|p2a: Leavanny|0 fnt\n|faint|p2a: Leavanny\n|\n|-weather|RainDance|[upkeep]\n|upkeep\n|\n|t:|1733854733\n|switch|p2a: Gastrodon|Gastrodon, L86, M|331/331\n|-activate|p2a: Gastrodon|move: Sticky Web\n|-unboost|p2a: Gastrodon|spe|1\n|turn|8\n|\n|t:|1733854740\n|switch|p1a: Espeon|Espeon, L84, F, tera:Psychic|246/246\n|move|p2a: Gastrodon|Spikes|p1a: Espeon\n|move|p1a: Espeon|Spikes|p2a: Gastrodon|[from]ability: Magic Bounce\n|-sidestart|p2: medolor|Spikes\n|\n|-weather|RainDance|[upkeep]\n|upkeep\n|turn|9\n|\n|t:|1733854749\n|move|p1a: Espeon|Psychic|p2a: Gastrodon\n|-damage|p2a: Gastrodon|77/331\n|-unboost|p2a: Gastrodon|spd|1\n|move|p2a: Gastrodon|Earthquake|p1a: Espeon\n|-damage|p1a: Espeon|111/246\n|\n|-weather|none\n|-heal|p2a: Gastrodon|97/331|[from] item: Leftovers\n|upkeep\n|turn|10\n|inactive|medolor has 120 seconds left.\n|\n|t:|1733854764\n|move|p1a: Espeon|Psychic|p2a: Gastrodon\n|-damage|p2a: Gastrodon|0 fnt\n|faint|p2a: Gastrodon\n|\n|upkeep\n|\n|t:|1733854768\n|switch|p2a: Jolteon|Jolteon, L84, F|246/246\n|-activate|p2a: Jolteon|move: Sticky Web\n|-unboost|p2a: Jolteon|spe|1\n|-damage|p2a: Jolteon|216/246|[from] Spikes\n|turn|11\n|inactive|medolor has 120 seconds left.\n|\n|t:|1733854779\n|move|p1a: Espeon|Psychic|p2a: Jolteon\n|-damage|p2a: Jolteon|0 fnt\n|faint|p2a: Jolteon\n|\n|upkeep\n|\n|t:|1733854790\n|switch|p2a: Flapple|Flapple, L88, F, tera:Fire|266/266\n|-activate|p2a: Flapple|move: Sticky Web\n|-unboost|p2a: Flapple|spe|1\n|-damage|p2a: Flapple|233/266|[from] Spikes\n|turn|12\n|\n|t:|1733854798\n|move|p1a: Espeon|Psychic|p2a: Flapple\n|-damage|p2a: Flapple|0 fnt\n|faint|p2a: Flapple\n|\n|upkeep\n|\n|t:|1733854800\n|switch|p2a: Annihilape|Annihilape, L76, M|292/292\n|-activate|p2a: Annihilape|move: Sticky Web\n|-unboost|p2a: Annihilape|spe|1\n|-ability|p2a: Annihilape|Defiant|boost\n|-boost|p2a: Annihilape|atk|2\n|-damage|p2a: Annihilape|256/292|[from] Spikes\n|turn|13\n|inactive|medolor has 120 seconds left.\n|\n|t:|1733854811\n|move|p1a: Espeon|Psychic|p2a: Annihilape\n|-supereffective|p2a: Annihilape\n|-damage|p2a: Annihilape|0 fnt\n|faint|p2a: Annihilape\n|\n|win|Andras14\n|raw|Andras14's rating: 1334 &rarr; <strong>1352</strong><br />(+18 for winning)\n|raw|medolor's rating: 1292 &rarr; <strong>1270</strong><br />(-22 for losing)\n|l|\u2606medolor\n|player|p2|\n", "inputlog": ">version bfd83cad13791eb5a5a409923076391caf6fb4d4\n>start {\"formatid\":\"gen9randombattle\",\"seed\":[19662,41810,46809,41383],\"rated\":\"Rated battle\"}\n>player p1 {\"name\":\"Andras14\",\"avatar\":\"harlequin\",\"rating\":1334,\"seed\":[28351,26448,51037,30363]}\n>player p2 {\"name\":\"medolor\",\"avatar\":\"brawly\",\"rating\":1292,\"seed\":[7698,6947,59741,62576]}\n>p1 move icebeam\n>p2 switch 2\n>p1 switch 4\n>p2 move stickyweb\n>p1 move psychic terastallize\n>p2 switch 2\n>p2 switch 3\n>p1 switch 5\n>p2 move outrage terastallize\n>p1 switch 4\n>p2 move outrage\n>p1 move rest\n>p2 switch 2\n>p1 move icebeam\n>p2 move leafblade\n>p2 switch 4\n>p1 switch 5\n>p2 move spikes\n>p1 move psychic\n>p2 move earthquake\n>p1 move psychic\n>p2 move earthquake\n>p2 switch 6\n>p1 move psychic\n>p2 move voltswitch\n>p2 switch 2\n>p1 move psychic\n>p2 move outrage\n>p2 switch 5\n>p1 move psychic\n>p2 move ragefist", "uploadtime": 1733854816, "views": 2, "formatid": "gen9randombattle", "rating": 1270, "private": 0, "password": null}