{"id": "gen9randombattle-2260509147", "format": "[Gen 9] Random Battle", "players": ["jackweb24!", "Graygami3"], "log": "|j|\u2606jackweb24!\n|j|\u2606Graygami3\n|t:|1733858469\n|gametype|singles\n|player|p1|jackweb24!|2|1352\n|player|p2|Graygami3|birdkeeper-gen4dp|1379\n|teamsize|p1|6\n|teamsize|p2|6\n|gen|9\n|tier|[Gen 9] Random Battle\n|rated|\n|rule|Species Clause: Limit one of each Pok\u00e9mon\n|rule|HP Percentage Mod: HP is shown in percentages\n|rule|Sleep Clause Mod: Limit one foe put to sleep\n|rule|Illusion Level Mod: Illusion disguises the Pok\u00e9mon's true level\n|\n|t:|1733858469\n|start\n|switch|p1a: Bombirdier|Bombirdier, L85, F|258/258\n|switch|p2a: Gogoat|Gogoat, L88, F|360/360\n|turn|1\n|\n|t:|1733858480\n|switch|p2a: Magcargo|Magcargo, L95, F|268/268\n|move|p1a: Bombirdier|Brave Bird|p2a: Magcargo\n|-resisted|p2a: Magcargo\n|-damage|p2a: Magcargo|223/268\n|-damage|p1a: Bombirdier|243/258|[from] Recoil\n|\n|upkeep\n|turn|2\n|\n|t:|1733858506\n|switch|p1a: Hippowdon|Hippowdon, L82, F|311/311\n|-weather|Sandstorm|[from] ability: Sand Stream|[of] p1a: Hippowdon\n|move|p2a: Magcargo|Yawn|p1a: Hippowdon\n|-start|p1a: Hippowdon|move: Yawn|[of] p2a: Magcargo\n|\n|-weather|Sandstorm|[upkeep]\n|upkeep\n|turn|3\n|\n|t:|1733858530\n|switch|p1a: Gholdengo|Gholdengo, L77|261/261\n|switch|p2a: Furret|Furret, L94, M|312/312\n|-item|p1a: Gholdengo|Leftovers|[from] ability: Frisk|[of] p2a: Furret\n|\n|-weather|Sandstorm|[upkeep]\n|-damage|p2a: Furret|293/312|[from] Sandstorm\n|upkeep\n|turn|4\n|\n|t:|1733858542\n|move|p2a: Furret|Knock Off|p1a: Gholdengo\n|-supereffective|p1a: Gholdengo\n|-damage|p1a: Gholdengo|58/261\n|-enditem|p1a: Gholdengo|Leftovers|[from] move: Knock Off|[of] p2a: Furret\n|-damage|p2a: Furret|262/312|[from] item: Life Orb\n|move|p1a: Gholdengo|Nasty Plot|p1a: Gholdengo\n|-boost|p1a: Gholdengo|spa|2\n|\n|-weather|Sandstorm|[upkeep]\n|-damage|p2a: Furret|243/312|[from] Sandstorm\n|upkeep\n|turn|5\n|\n|t:|1733858558\n|-terastallize|p1a: Gholdengo|Fighting\n|move|p2a: Furret|Knock Off|p1a: Gholdengo\n|-resisted|p1a: Gholdengo\n|-damage|p1a: Gholdengo|28/261\n|-damage|p2a: Furret|212/312|[from] item: Life Orb\n|move|p1a: Gholdengo|Focus Blast|p2a: Furret\n|-supereffective|p2a: Furret\n|-damage|p2a: Furret|0 fnt\n|faint|p2a: Furret\n|\n|-weather|Sandstorm|[upkeep]\n|-damage|p1a: Gholdengo|12/261|[from] Sandstorm\n|upkeep\n|inactive|Battle timer is ON: inactive players will automatically lose when time's up. (requested by jackweb24!)\n|\n|t:|1733858582\n|switch|p2a: Zamazenta|Zamazenta-Crowned, L68|238/238\n|-ability|p2a: Zamazenta|Dauntless Shield|boost\n|-boost|p2a: Zamazenta|def|1\n|turn|6\n|\n|t:|1733858592\n|move|p2a: Zamazenta|Body Press|p1a: Gholdengo\n|-damage|p1a: Gholdengo|0 fnt\n|faint|p1a: Gholdengo\n|\n|-weather|none\n|upkeep\n|\n|t:|1733858599\n|switch|p1a: Hippowdon|Hippowdon, L82, F|311/311\n|-weather|Sandstorm|[from] ability: Sand Stream|[of] p1a: Hippowdon\n|turn|7\n|\n|t:|1733858616\n|-terastallize|p2a: Zamazenta|Fighting\n|move|p2a: Zamazenta|Iron Defense|p2a: Zamazenta\n|-boost|p2a: Zamazenta|def|2\n|move|p1a: Hippowdon|Curse|p1a: Hippowdon\n|-unboost|p1a: Hippowdon|spe|1\n|-boost|p1a: Hippowdon|atk|1\n|-boost|p1a: Hippowdon|def|1\n|\n|-weather|Sandstorm|[upkeep]\n|-damage|p2a: Zamazenta|224/238|[from] Sandstorm\n|upkeep\n|turn|8\n|\n|t:|1733858627\n|move|p2a: Zamazenta|Body Press|p1a: Hippowdon\n|-damage|p1a: Hippowdon|167/311\n|move|p1a: Hippowdon|Earthquake|p2a: Zamazenta\n|-damage|p2a: Zamazenta|166/238\n|\n|-weather|Sandstorm|[upkeep]\n|-damage|p2a: Zamazenta|152/238|[from] Sandstorm\n|-heal|p1a: Hippowdon|186/311|[from] item: Leftovers\n|upkeep\n|turn|9\n|\n|t:|1733858639\n|move|p2a: Zamazenta|Body Press|p1a: Hippowdon\n|-damage|p1a: Hippowdon|42/311\n|move|p1a: Hippowdon|Curse|p1a: Hippowdon\n|-unboost|p1a: Hippowdon|spe|1\n|-boost|p1a: Hippowdon|atk|1\n|-boost|p1a: Hippowdon|def|1\n|\n|-weather|Sandstorm|[upkeep]\n|-damage|p2a: Zamazenta|138/238|[from] Sandstorm\n|-heal|p1a: Hippowdon|61/311|[from] item: Leftovers\n|upkeep\n|turn|10\n|\n|t:|1733858649\n|move|p2a: Zamazenta|Body Press|p1a: Hippowdon\n|-damage|p1a: Hippowdon|0 fnt\n|faint|p1a: Hippowdon\n|\n|-weather|Sandstorm|[upkeep]\n|-damage|p2a: Zamazenta|124/238|[from] Sandstorm\n|upkeep\n|\n|t:|1733858660\n|switch|p1a: Okidogi|Okidogi, L77, M|262/262\n|turn|11\n|inactive|jackweb24! has 120 seconds left.\n|\n|t:|1733858687\n|switch|p2a: Skarmory|Skarmory, L80, F|235/235\n|move|p1a: Okidogi|Drain Punch|p2a: Skarmory\n|-damage|p2a: Skarmory|171/235\n|\n|-weather|none\n|-heal|p2a: Skarmory|185/235|[from] item: Leftovers\n|upkeep\n|turn|12\n|inactive|jackweb24! has 120 seconds left.\n|\n|t:|1733858703\n|switch|p1a: Glastrier|Glastrier, L86|312/312\n|move|p2a: Skarmory|Iron Defense|p2a: Skarmory\n|-boost|p2a: Skarmory|def|2\n|\n|-heal|p2a: Skarmory|199/235|[from] item: Leftovers\n|upkeep\n|turn|13\n|inactive|jackweb24! has 120 seconds left.\n|\n|t:|1733858713\n|move|p2a: Skarmory|Body Press|p1a: Glastrier\n|-supereffective|p1a: Glastrier\n|-damage|p1a: Glastrier|128/312\n|move|p1a: Glastrier|Swords Dance|p1a: Glastrier\n|-boost|p1a: Glastrier|atk|2\n|\n|-heal|p2a: Skarmory|213/235|[from] item: Leftovers\n|upkeep\n|turn|14\n|inactive|jackweb24! has 120 seconds left.\n|\n|t:|1733858725\n|move|p2a: Skarmory|Body Press|p1a: Glastrier\n|-supereffective|p1a: Glastrier\n|-damage|p1a: Glastrier|0 fnt\n|faint|p1a: Glastrier\n|\n|-heal|p2a: Skarmory|227/235|[from] item: Leftovers\n|upkeep\n|inactive|jackweb24! has 120 seconds left.\n|\n|t:|1733858735\n|switch|p1a: Bombirdier|Bombirdier, L85, F|243/258\n|turn|15\n|\n|t:|1733858742\n|move|p1a: Bombirdier|Knock Off|p2a: Skarmory\n|-damage|p2a: Skarmory|187/235\n|-enditem|p2a: Skarmory|Leftovers|[from] move: Knock Off|[of] p1a: Bombirdier\n|move|p2a: Skarmory|Body Press|p1a: Bombirdier\n|-damage|p1a: Bombirdier|106/258\n|\n|upkeep\n|turn|16\n|\n|t:|1733858752\n|move|p1a: Bombirdier|Roost|p1a: Bombirdier\n|-heal|p1a: Bombirdier|235/258\n|-singleturn|p1a: Bombirdier|move: Roost\n|move|p2a: Skarmory|Body Press|p1a: Bombirdier\n|-supereffective|p1a: Bombirdier\n|-damage|p1a: Bombirdier|0 fnt\n|faint|p1a: Bombirdier\n|\n|upkeep\n|\n|t:|1733858761\n|switch|p1a: Eiscue|Eiscue, L88, M|274/274\n|turn|17\n|\n|t:|1733858773\n|move|p2a: Skarmory|Body Press|p1a: Eiscue\n|-activate|p1a: Eiscue|ability: Ice Face\n|-damage|p1a: Eiscue|274/274\n|detailschange|p1a: Eiscue|Eiscue-Noice, L88, M\n|move|p1a: Eiscue|Belly Drum|p1a: Eiscue\n|-damage|p1a: Eiscue|137/274\n|-setboost|p1a: Eiscue|atk|6|[from] move: Belly Drum\n|-enditem|p1a: Eiscue|Sitrus Berry|[eat]\n|-heal|p1a: Eiscue|205/274|[from] item: Sitrus Berry\n|\n|upkeep\n|turn|18\n|\n|t:|1733858792\n|move|p1a: Eiscue|Liquidation|p2a: Skarmory\n|-damage|p2a: Skarmory|111/235\n|move|p2a: Skarmory|Body Press|p1a: Eiscue\n|-supereffective|p1a: Eiscue\n|-damage|p1a: Eiscue|0 fnt\n|faint|p1a: Eiscue\n|\n|upkeep\n|-message|jackweb24! forfeited.\n|\n|win|Graygami3\n|raw|jackweb24!'s rating: 1352 &rarr; <strong>1334</strong><br />(-18 for losing)\n|raw|Graygami3's rating: 1379 &rarr; <strong>1397</strong><br />(+18 for winning)\n|l|\u2606jackweb24!\n|player|p1|\n", "inputlog": ">version bfd83cad13791eb5a5a409923076391caf6fb4d4\n>start {\"formatid\":\"gen9randombattle\",\"seed\":[23713,5780,25675,15727],\"rated\":\"Rated battle\"}\n>player p1 {\"name\":\"jackweb24!\",\"avatar\":\"2\",\"rating\":1352,\"seed\":[32782,47706,41729,27919]}\n>player p2 {\"name\":\"Graygami3\",\"avatar\":\"birdkeeper-gen4dp\",\"rating\":1379,\"seed\":[64263,16080,27179,3173]}\n>p1 move bravebird\n>p2 switch 5\n>p1 switch 5\n>p2 move yawn\n>p1 switch 3\n>p2 switch 4\n>p1 move nastyplot\n>p2 move knockoff\n>p1 move focusblast terastallize\n>p2 move knockoff\n>p2 switch 2\n>p1 move focusblast\n>p2 move bodypress\n>p1 switch 3\n>p1 move curse\n>p2 move irondefense terastallize\n>p1 move earthquake\n>p2 move bodypress\n>p1 move curse\n>p2 move bodypress\n>p1 move slackoff\n>p2 move bodypress\n>p1 switch 4\n>p1 move drainpunch\n>p2 switch 3\n>p1 switch 6\n>p2 move irondefense\n>p1 move swordsdance\n>p2 move bodypress\n>p1 move iciclecrash\n>p2 move bodypress\n>p1 switch 5\n>p1 move knockoff\n>p2 move bodypress\n>p1 move roost\n>p2 move bodypress\n>p1 switch 2\n>p1 move bellydrum\n>p2 move bodypress\n>p1 move liquidation\n>p2 move bodypress\n>forcelose p1", "uploadtime": 1733858837, "views": 4, "formatid": "gen9randombattle", "rating": 1334, "private": 0, "password": null}