{"id": "gen9randombattle-2248833130", "format": "[Gen 9] Random Battle", "players": ["freyaknightvgc", "cacahue"], "log": "|j|\u2606freyaknightvgc\n|j|\u2606cacahue\n|t:|1732266923\n|gametype|singles\n|player|p1|freyaknightvgc|grusha|2219\n|player|p2|cacahue|101|2260\n|teamsize|p1|6\n|teamsize|p2|6\n|gen|9\n|tier|[Gen 9] Random Battle\n|rated|\n|rule|Species Clause: Limit one of each Pok\u00e9mon\n|rule|HP Percentage Mod: HP is shown in percentages\n|rule|Sleep Clause Mod: Limit one foe put to sleep\n|rule|Illusion Level Mod: Illusion disguises the Pok\u00e9mon's true level\n|\n|t:|1732266923\n|start\n|switch|p1a: Lycanroc|Lycanroc, L86, F|269/269\n|switch|p2a: Articuno|Articuno, L86|295/295\n|-ability|p2a: Articuno|Pressure\n|turn|1\n|inactive|Battle timer is ON: inactive players will automatically lose when time's up. (requested by cacahue)\n|\n|t:|1732266937\n|switch|p2a: Oranguru|Oranguru, L92, M|315/315\n|move|p1a: Lycanroc|Stealth Rock|p2a: Oranguru\n|-sidestart|p2: cacahue|move: Stealth Rock\n|\n|upkeep\n|turn|2\n|\n|t:|1732266946\n|switch|p1a: Slowking|Slowking, L88, M|310/310\n|move|p2a: Oranguru|Trick|p1a: Slowking\n|-activate|p2a: Oranguru|move: Trick|[of] p1a: Slowking\n|-item|p1a: Slowking|Choice Specs|[from] move: Trick\n|-item|p2a: Oranguru|Heavy-Duty Boots|[from] move: Trick\n|\n|upkeep\n|turn|3\n|\n|t:|1732266956\n|move|p2a: Oranguru|Thunderbolt|p1a: Slowking\n|-supereffective|p1a: Slowking\n|-damage|p1a: Slowking|188/310\n|move|p1a: Slowking|Scald|p2a: Oranguru\n|-damage|p2a: Oranguru|213/315\n|-status|p2a: Oranguru|brn\n|\n|-damage|p2a: Oranguru|194/315 brn|[from] brn\n|upkeep\n|turn|4\n|\n|t:|1732266963\n|move|p2a: Oranguru|Thunderbolt|p1a: Slowking\n|-supereffective|p1a: Slowking\n|-damage|p1a: Slowking|80/310\n|move|p1a: Slowking|Scald|p2a: Oranguru\n|-damage|p2a: Oranguru|79/315 brn\n|\n|-damage|p2a: Oranguru|60/315 brn|[from] brn\n|upkeep\n|turn|5\n|\n|t:|1732266971\n|switch|p1a: Uxie|Uxie, L83|260/260\n|move|p2a: Oranguru|Hyper Voice|p1a: Uxie\n|-damage|p1a: Uxie|181/260\n|\n|-heal|p1a: Uxie|197/260|[from] item: Leftovers\n|-damage|p2a: Oranguru|41/315 brn|[from] brn\n|upkeep\n|turn|6\n|\n|t:|1732266976\n|move|p1a: Uxie|Knock Off|p2a: Oranguru\n|-supereffective|p2a: Oranguru\n|-damage|p2a: Oranguru|0 fnt\n|-enditem|p2a: Oranguru|Heavy-Duty Boots|[from] move: Knock Off|[of] p1a: Uxie\n|faint|p2a: Oranguru\n|\n|-heal|p1a: Uxie|213/260|[from] item: Leftovers\n|upkeep\n|\n|t:|1732266995\n|switch|p2a: Houndoom|Houndoom, L87, M|272/272\n|turn|7\n|\n|t:|1732267024\n|switch|p1a: Lycanroc|Lycanroc, L86, F|269/269\n|move|p2a: Houndoom|Nasty Plot|p2a: Houndoom\n|-boost|p2a: Houndoom|spa|2\n|\n|upkeep\n|turn|8\n|\n|t:|1732267032\n|-terastallize|p2a: Houndoom|Poison\n|move|p1a: Lycanroc|Close Combat|p2a: Houndoom\n|-resisted|p2a: Houndoom\n|-damage|p2a: Houndoom|185/272\n|-unboost|p1a: Lycanroc|def|1\n|-unboost|p1a: Lycanroc|spd|1\n|-damage|p1a: Lycanroc|243/269|[from] item: Life Orb\n|move|p2a: Houndoom|Dark Pulse|p1a: Lycanroc\n|-damage|p1a: Lycanroc|0 fnt\n|faint|p1a: Lycanroc\n|\n|upkeep\n|inactive|freyaknightvgc has 120 seconds left.\n|\n|t:|1732267070\n|switch|p1a: Dipplin|Dipplin, L88, M|284/284\n|turn|9\n|\n|t:|1732267075\n|move|p2a: Houndoom|Fire Blast|p1a: Dipplin|[miss]\n|-miss|p2a: Houndoom|p1a: Dipplin\n|move|p1a: Dipplin|Dragon Tail|p2a: Houndoom\n|-damage|p2a: Houndoom|100/272\n|drag|p2a: Articuno|Articuno, L86|295/295\n|-ability|p2a: Articuno|Pressure\n|\n|upkeep\n|turn|10\n|\n|t:|1732267084\n|switch|p1a: Glalie|Glalie, L96, M|309/309\n|move|p2a: Articuno|Freeze-Dry|p1a: Glalie\n|-resisted|p1a: Glalie\n|-damage|p1a: Glalie|273/309\n|\n|upkeep\n|turn|11\n|inactive|freyaknightvgc has 120 seconds left.\n|\n|t:|1732267092\n|move|p1a: Glalie|Spikes|p2a: Articuno\n|-sidestart|p2: cacahue|Spikes\n|move|p2a: Articuno|Substitute|p2a: Articuno\n|-start|p2a: Articuno|Substitute\n|-damage|p2a: Articuno|222/295\n|\n|upkeep\n|turn|12\n|\n|t:|1732267095\n|move|p1a: Glalie|Spikes|p2a: Articuno\n|-sidestart|p2: cacahue|Spikes\n|move|p2a: Articuno|Brave Bird|p1a: Glalie\n|-damage|p1a: Glalie|149/309\n|-damage|p2a: Articuno|181/295|[from] Recoil\n|\n|upkeep\n|turn|13\n|\n|t:|1732267099\n|move|p1a: Glalie|Disable|p2a: Articuno\n|-start|p2a: Articuno|Disable|Brave Bird\n|cant|p2a: Articuno|Disable|Brave Bird\n|\n|upkeep\n|turn|14\n|\n|t:|1732267104\n|move|p1a: Glalie|Spikes|p2a: Articuno\n|-sidestart|p2: cacahue|Spikes\n|move|p2a: Articuno|Roost|p2a: Articuno\n|-heal|p2a: Articuno|295/295\n|-singleturn|p2a: Articuno|move: Roost\n|\n|upkeep\n|turn|15\n|\n|t:|1732267122\n|switch|p1a: Uxie|Uxie, L83|213/260\n|move|p2a: Articuno|Freeze-Dry|p1a: Uxie\n|-damage|p1a: Uxie|159/260\n|-status|p1a: Uxie|frz\n|\n|-heal|p1a: Uxie|175/260 frz|[from] item: Leftovers\n|upkeep\n|turn|16\n|inactive|freyaknightvgc has 120 seconds left.\n|\n|t:|1732267156\n|-curestatus|p1a: Uxie|frz|[msg]\n|move|p1a: Uxie|Yawn||[still]\n|-fail|p1a: Uxie\n|move|p2a: Articuno|Freeze-Dry|p1a: Uxie\n|-damage|p1a: Uxie|118/260\n|-status|p1a: Uxie|frz\n|\n|-heal|p1a: Uxie|134/260 frz|[from] item: Leftovers\n|-end|p2a: Articuno|Disable\n|upkeep\n|turn|17\n|inactive|freyaknightvgc has 120 seconds left.\n|\n|t:|1732267162\n|cant|p1a: Uxie|frz\n|move|p2a: Articuno|Brave Bird|p1a: Uxie\n|-damage|p1a: Uxie|35/260 frz\n|-damage|p2a: Articuno|262/295|[from] Recoil\n|\n|-heal|p1a: Uxie|51/260 frz|[from] item: Leftovers\n|upkeep\n|turn|18\n|\n|t:|1732267168\n|cant|p1a: Uxie|frz\n|move|p2a: Articuno|Freeze-Dry|p1a: Uxie\n|-damage|p1a: Uxie|0 fnt\n|faint|p1a: Uxie\n|\n|upkeep\n|inactive|freyaknightvgc has 120 seconds left.\n|inactive|freyaknightvgc has 90 seconds left.\n|\n|t:|1732267233\n|switch|p1a: Dipplin|Dipplin, L88, M|284/284\n|turn|19\n|\n|t:|1732267238\n|-terastallize|p1a: Dipplin|Steel\n|move|p2a: Articuno|Freeze-Dry|p1a: Dipplin\n|-resisted|p1a: Dipplin\n|-damage|p1a: Dipplin|256/284\n|move|p1a: Dipplin|Dragon Pulse|p2a: Articuno\n|-activate|p2a: Articuno|move: Substitute|[damage]\n|\n|upkeep\n|turn|20\n|\n|t:|1732267243\n|move|p2a: Articuno|Freeze-Dry|p1a: Dipplin\n|-resisted|p1a: Dipplin\n|-damage|p1a: Dipplin|232/284\n|-status|p1a: Dipplin|frz\n|cant|p1a: Dipplin|frz\n|\n|upkeep\n|turn|21\n|\n|t:|1732267251\n|switch|p2a: Houndoom|Houndoom, L87, M, tera:Poison|100/272\n|cant|p1a: Dipplin|frz\n|\n|upkeep\n|turn|22\n|\n|t:|1732267258\n|move|p2a: Houndoom|Nasty Plot|p2a: Houndoom\n|-boost|p2a: Houndoom|spa|2\n|cant|p1a: Dipplin|frz\n|\n|upkeep\n|turn|23\n|\n|t:|1732267278\n|move|p2a: Houndoom|Fire Blast|p1a: Dipplin|[miss]\n|-miss|p2a: Houndoom|p1a: Dipplin\n|cant|p1a: Dipplin|frz\n|\n|upkeep\n|turn|24\n|inactive|freyaknightvgc has 90 seconds left.\n|\n|t:|1732267307\n|move|p2a: Houndoom|Fire Blast|p1a: Dipplin\n|-supereffective|p1a: Dipplin\n|-damage|p1a: Dipplin|0 fnt\n|faint|p1a: Dipplin\n|\n|upkeep\n|\n|t:|1732267309\n|switch|p1a: Masquerain|Masquerain, L87, F|264/264\n|-ability|p1a: Masquerain|Intimidate|boost\n|-unboost|p2a: Houndoom|atk|1\n|turn|25\n|\n|t:|1732267314\n|move|p2a: Houndoom|Fire Blast|p1a: Masquerain\n|-supereffective|p1a: Masquerain\n|-damage|p1a: Masquerain|0 fnt\n|faint|p1a: Masquerain\n|\n|upkeep\n|c|\u2606freyaknightvgc|gg\n|-message|freyaknightvgc forfeited.\n|\n|win|cacahue\n|raw|freyaknightvgc's rating: 2219 &rarr; <strong>2201</strong><br />(-18 for losing)\n|raw|cacahue's rating: 2260 &rarr; <strong>2278</strong><br />(+18 for winning)\n|c|\u2606cacahue|Gg\n", "inputlog": ">version baf9aa68cbe18cf25f290680a08c9ad9c5e3e828\n>start {\"formatid\":\"gen9randombattle\",\"seed\":[34553,10565,33443,3029],\"rated\":\"Rated battle\"}\n>player p1 {\"name\":\"freyaknightvgc\",\"avatar\":\"grusha\",\"rating\":2219,\"seed\":[47830,1789,49433,8127]}\n>player p2 {\"name\":\"cacahue\",\"avatar\":\"101\",\"rating\":2260,\"seed\":[35233,45476,13539,34908]}\n>p1 move stealthrock\n>p2 switch 5\n>p1 switch 6\n>p2 move trick\n>p1 move scald\n>p2 move thunderbolt\n>p1 move scald\n>p2 move thunderbolt\n>p1 switch 3\n>p2 move hypervoice\n>p1 move knockoff\n>p2 move trick\n>p2 switch 4\n>p1 switch 6\n>p2 move nastyplot\n>p1 move closecombat\n>p2 move darkpulse terastallize\n>p1 switch 4\n>p1 move dragontail\n>p2 move fireblast\n>p1 switch 5\n>p2 move freezedry\n>p1 move spikes\n>p2 move substitute\n>p1 move spikes\n>p2 move bravebird\n>p1 move disable\n>p2 move bravebird\n>p1 move spikes\n>p2 move roost\n>p1 switch 6\n>p2 move freezedry\n>p1 move yawn\n>p2 move freezedry\n>p1 move psychicnoise\n>p2 move bravebird\n>p1 move psychicnoise\n>p2 move freezedry\n>p1 switch 5\n>p1 move dragonpulse terastallize\n>p2 move freezedry\n>p1 move dragonpulse\n>p2 move freezedry\n>p1 move dragonpulse\n>p2 switch 5\n>p1 move dragonpulse\n>p2 move nastyplot\n>p1 move dragonpulse\n>p2 move fireblast\n>p1 move dragonpulse\n>p2 move fireblast\n>p1 switch 2\n>p1 move quiverdance\n>p2 move fireblast\n>chat \u2606freyaknightvgc|gg\n>forcelose p1", "uploadtime": 1732267327, "views": 22, "formatid": "gen9randombattle", "rating": 2201, "private": 0, "password": null}