{"id": "gen9randombattle-2260581761", "format": "[Gen 9] Random Battle", "players": ["Ladieslovemy", "FinesserBirch"], "log": "|j|\u2606Ladieslovemy\n|j|\u2606FinesserBirch\n|t:|1733865858\n|gametype|singles\n|player|p1|Ladieslovemy|1|1464\n|player|p2|FinesserBirch|harlequin|1448\n|teamsize|p1|6\n|teamsize|p2|6\n|gen|9\n|tier|[Gen 9] Random Battle\n|rated|\n|rule|Species Clause: Limit one of each Pok\u00e9mon\n|rule|HP Percentage Mod: HP is shown in percentages\n|rule|Sleep Clause Mod: Limit one foe put to sleep\n|rule|Illusion Level Mod: Illusion disguises the Pok\u00e9mon's true level\n|\n|t:|1733865858\n|start\n|switch|p1a: Sableye|Sableye, L89, M|234/234\n|switch|p2a: Toedscruel|Toedscruel, L87, F|281/281\n|turn|1\n|\n|t:|1733865878\n|move|p1a: Sableye|Will-O-Wisp|p2a: Toedscruel|[miss]\n|-miss|p1a: Sableye|p2a: Toedscruel\n|move|p2a: Toedscruel|Toxic|p1a: Sableye\n|-status|p1a: Sableye|tox\n|\n|-damage|p1a: Sableye|220/234 tox|[from] psn\n|upkeep\n|turn|2\n|\n|t:|1733865889\n|switch|p2a: Magmortar|Magmortar, L88, M|275/275\n|move|p1a: Sableye|Encore||[still]\n|-fail|p1a: Sableye\n|\n|-heal|p1a: Sableye|234/234 tox|[from] item: Leftovers\n|-damage|p1a: Sableye|206/234 tox|[from] psn\n|upkeep\n|turn|3\n|\n|t:|1733865914\n|switch|p1a: Blastoise|Blastoise, L80, F|258/258\n|move|p2a: Magmortar|Fire Blast|p1a: Blastoise\n|-resisted|p1a: Blastoise\n|-damage|p1a: Blastoise|185/258\n|\n|upkeep\n|turn|4\n|\n|t:|1733865924\n|move|p2a: Magmortar|Taunt|p1a: Blastoise\n|-start|p1a: Blastoise|move: Taunt\n|cant|p1a: Blastoise|move: Taunt|Shell Smash\n|\n|upkeep\n|turn|5\n|\n|t:|1733865936\n|switch|p2a: Rotom|Rotom-Frost, L87|229/229\n|move|p1a: Blastoise|Ice Beam|p2a: Rotom\n|-resisted|p2a: Rotom\n|-damage|p2a: Rotom|206/229\n|\n|upkeep\n|turn|6\n|\n|t:|1733865946\n|switch|p1a: Sableye|Sableye, L89, M|206/234 tox\n|move|p2a: Rotom|Volt Switch|p1a: Sableye\n|-damage|p1a: Sableye|98/234 tox\n|\n|t:|1733865953\n|switch|p2a: Magmortar|Magmortar, L88, M|275/275|[from] Volt Switch\n|\n|-heal|p1a: Sableye|112/234 tox|[from] item: Leftovers\n|-damage|p1a: Sableye|98/234 tox|[from] psn\n|upkeep\n|turn|7\n|\n|t:|1733865959\n|move|p1a: Sableye|Recover|p1a: Sableye\n|-heal|p1a: Sableye|215/234 tox\n|move|p2a: Magmortar|Fire Blast|p1a: Sableye\n|-damage|p1a: Sableye|29/234 tox\n|\n|-heal|p1a: Sableye|43/234 tox|[from] item: Leftovers\n|-damage|p1a: Sableye|15/234 tox|[from] psn\n|upkeep\n|turn|8\n|\n|t:|1733865980\n|switch|p1a: Blastoise|Blastoise, L80, F|185/258\n|move|p2a: Magmortar|Taunt|p1a: Blastoise\n|-start|p1a: Blastoise|move: Taunt\n|\n|upkeep\n|turn|9\n|inactive|Battle timer is ON: inactive players will automatically lose when time's up. (requested by FinesserBirch)\n|\n|t:|1733866045\n|switch|p1a: Blaziken|Blaziken, L76, M|247/247\n|move|p2a: Magmortar|Fire Blast|p1a: Blaziken|[miss]\n|-miss|p2a: Magmortar|p1a: Blaziken\n|\n|upkeep\n|turn|10\n|\n|t:|1733866053\n|move|p2a: Magmortar|Scorching Sands|p1a: Blaziken\n|-supereffective|p1a: Blaziken\n|-damage|p1a: Blaziken|77/247\n|move|p1a: Blaziken|Swords Dance|p1a: Blaziken\n|-boost|p1a: Blaziken|atk|2\n|\n|-ability|p1a: Blaziken|Speed Boost|boost\n|-boost|p1a: Blaziken|spe|1\n|upkeep\n|turn|11\n|\n|t:|1733866068\n|move|p1a: Blaziken|Close Combat|p2a: Magmortar\n|-damage|p2a: Magmortar|0 fnt\n|-unboost|p1a: Blaziken|def|1\n|-unboost|p1a: Blaziken|spd|1\n|faint|p2a: Magmortar\n|-damage|p1a: Blaziken|53/247|[from] item: Life Orb\n|\n|-ability|p1a: Blaziken|Speed Boost|boost\n|-boost|p1a: Blaziken|spe|1\n|upkeep\n|\n|t:|1733866084\n|switch|p2a: Amoonguss|Amoonguss, L82, F|321/321\n|turn|12\n|\n|t:|1733866094\n|move|p1a: Blaziken|Protect|p1a: Blaziken\n|-singleturn|p1a: Blaziken|Protect\n|move|p2a: Amoonguss|Sludge Bomb|p1a: Blaziken\n|-activate|p1a: Blaziken|move: Protect\n|\n|-ability|p1a: Blaziken|Speed Boost|boost\n|-boost|p1a: Blaziken|spe|1\n|upkeep\n|turn|13\n|\n|t:|1733866101\n|move|p1a: Blaziken|Flare Blitz|p2a: Amoonguss\n|-supereffective|p2a: Amoonguss\n|-damage|p2a: Amoonguss|0 fnt\n|-damage|p1a: Blaziken|12/247|[from] item: Rocky Helmet|[of] p2a: Amoonguss\n|faint|p2a: Amoonguss\n|-damage|p1a: Blaziken|0 fnt|[from] Recoil\n|faint|p1a: Blaziken\n|\n|upkeep\n|\n|t:|1733866111\n|switch|p1a: Blastoise|Blastoise, L80, F|185/258\n|switch|p2a: Rotom|Rotom-Frost, L87|206/229\n|turn|14\n|\n|t:|1733866125\n|-terastallize|p1a: Blastoise|Electric\n|move|p2a: Rotom|Thunderbolt|p1a: Blastoise\n|-resisted|p1a: Blastoise\n|-damage|p1a: Blastoise|137/258\n|move|p1a: Blastoise|Shell Smash|p1a: Blastoise\n|-unboost|p1a: Blastoise|def|1\n|-unboost|p1a: Blastoise|spd|1\n|-boost|p1a: Blastoise|atk|2\n|-boost|p1a: Blastoise|spa|2\n|-boost|p1a: Blastoise|spe|2\n|-enditem|p1a: Blastoise|White Herb\n|-clearnegativeboost|p1a: Blastoise|[silent]\n|\n|upkeep\n|turn|15\n|inactive|FinesserBirch has 120 seconds left.\n|\n|t:|1733866157\n|move|p1a: Blastoise|Tera Blast|p2a: Rotom|[anim] Tera Blast Electric\n|-resisted|p2a: Rotom\n|-damage|p2a: Rotom|150/229\n|move|p2a: Rotom|Blizzard|p1a: Blastoise\n|-damage|p1a: Blastoise|14/258\n|\n|upkeep\n|turn|16\n|inactive|FinesserBirch has 120 seconds left.\n|\n|t:|1733866170\n|move|p1a: Blastoise|Tera Blast|p2a: Rotom|[anim] Tera Blast Electric\n|-resisted|p2a: Rotom\n|-damage|p2a: Rotom|95/229\n|move|p2a: Rotom|Volt Switch|p1a: Blastoise\n|-resisted|p1a: Blastoise\n|-crit|p1a: Blastoise\n|-damage|p1a: Blastoise|0 fnt\n|faint|p1a: Blastoise\n|inactive|FinesserBirch has 120 seconds left.\n|\n|t:|1733866178\n|switch|p2a: Toedscruel|Toedscruel, L87, F|281/281|[from] Volt Switch\n|\n|upkeep\n|\n|t:|1733866198\n|switch|p1a: Duraludon|Duraludon, L82, F|249/249\n|turn|17\n|\n|t:|1733866208\n|move|p2a: Toedscruel|Earth Power|p1a: Duraludon\n|-supereffective|p1a: Duraludon\n|-damage|p1a: Duraludon|67/249\n|move|p1a: Duraludon|Iron Defense|p1a: Duraludon\n|-boost|p1a: Duraludon|def|2\n|\n|upkeep\n|turn|18\n|\n|t:|1733866215\n|move|p2a: Toedscruel|Earth Power|p1a: Duraludon\n|-supereffective|p1a: Duraludon\n|-damage|p1a: Duraludon|0 fnt\n|faint|p1a: Duraludon\n|\n|upkeep\n|\n|t:|1733866229\n|switch|p1a: Sunflora|Sunflora, M|312/312\n|turn|19\n|\n|t:|1733866238\n|move|p1a: Sunflora|Sunny Day|p1a: Sunflora\n|-weather|SunnyDay\n|move|p2a: Toedscruel|Toxic|p1a: Sunflora\n|-status|p1a: Sunflora|tox\n|\n|-weather|SunnyDay|[upkeep]\n|-damage|p1a: Sunflora|293/312 tox|[from] psn\n|upkeep\n|turn|20\n|\n|t:|1733866255\n|switch|p2a: Wyrdeer|Wyrdeer, L87, F|321/321\n|-ability|p2a: Wyrdeer|Intimidate|boost\n|-unboost|p1a: Sunflora|atk|1\n|move|p1a: Sunflora|Weather Ball|p2a: Wyrdeer\n|-damage|p2a: Wyrdeer|103/321\n|-damage|p1a: Sunflora|262/312 tox|[from] item: Life Orb\n|\n|-weather|SunnyDay|[upkeep]\n|-heal|p2a: Wyrdeer|123/321|[from] item: Leftovers\n|-damage|p1a: Sunflora|224/312 tox|[from] psn\n|upkeep\n|turn|21\n|\n|t:|1733866277\n|move|p1a: Sunflora|Solar Beam||[still]\n|-prepare|p1a: Sunflora|Solar Beam\n|-anim|p1a: Sunflora|Solar Beam|p2a: Wyrdeer\n|-damage|p2a: Wyrdeer|0 fnt\n|faint|p2a: Wyrdeer\n|-damage|p1a: Sunflora|193/312 tox|[from] item: Life Orb\n|\n|-weather|SunnyDay|[upkeep]\n|-damage|p1a: Sunflora|136/312 tox|[from] psn\n|upkeep\n|inactive|FinesserBirch has 120 seconds left.\n|\n|t:|1733866308\n|switch|p2a: Rotom|Rotom-Frost, L87|95/229\n|turn|22\n|\n|t:|1733866313\n|switch|p2a: Toedscruel|Toedscruel, L87, F|281/281\n|move|p1a: Sunflora|Weather Ball|p2a: Toedscruel\n|-supereffective|p2a: Toedscruel\n|-damage|p2a: Toedscruel|0 fnt\n|faint|p2a: Toedscruel\n|-damage|p1a: Sunflora|105/312 tox|[from] item: Life Orb\n|\n|-weather|SunnyDay|[upkeep]\n|-damage|p1a: Sunflora|29/312 tox|[from] psn\n|upkeep\n|c|\u2606Ladieslovemy|this stupid fucking flower\n|\n|t:|1733866329\n|switch|p2a: Rotom|Rotom-Frost, L87|95/229\n|turn|23\n|\n|t:|1733866334\n|move|p1a: Sunflora|Sunny Day||[still]\n|-fail|p1a: Sunflora\n|move|p2a: Rotom|Volt Switch|p1a: Sunflora\n|-resisted|p1a: Sunflora\n|-damage|p1a: Sunflora|0 fnt\n|faint|p1a: Sunflora\n|\n|t:|1733866339\n|switch|p2a: Lunala|Lunala, L70|308/308|[from] Volt Switch\n|\n|-weather|none\n|upkeep\n|\n|t:|1733866356\n|switch|p1a: Annihilape|Annihilape, L76, F|292/292\n|turn|24\n|\n|t:|1733866371\n|move|p1a: Annihilape|Rage Fist|p2a: Lunala\n|-supereffective|p2a: Lunala\n|-damage|p2a: Lunala|188/308\n|move|p2a: Lunala|Calm Mind|p2a: Lunala\n|-boost|p2a: Lunala|spa|1\n|-boost|p2a: Lunala|spd|1\n|\n|-heal|p2a: Lunala|207/308|[from] item: Leftovers\n|upkeep\n|turn|25\n|\n|t:|1733866388\n|move|p1a: Annihilape|Taunt|p2a: Lunala\n|-start|p2a: Lunala|move: Taunt\n|move|p2a: Lunala|Moongeist Beam|p1a: Annihilape\n|-supereffective|p1a: Annihilape\n|-damage|p1a: Annihilape|0 fnt\n|faint|p1a: Annihilape\n|\n|-heal|p2a: Lunala|226/308|[from] item: Leftovers\n|upkeep\n|\n|t:|1733866396\n|switch|p1a: Sableye|Sableye, L89, M|15/234 tox\n|turn|26\n|c|\u2606Ladieslovemy|gg\n|\n|t:|1733866402\n|move|p2a: Lunala|Moonblast|p1a: Sableye\n|-supereffective|p1a: Sableye\n|-damage|p1a: Sableye|0 fnt\n|faint|p1a: Sableye\n|\n|win|FinesserBirch\n", "inputlog": ">version bfd83cad13791eb5a5a409923076391caf6fb4d4\n>start {\"formatid\":\"gen9randombattle\",\"seed\":[2438,51522,53052,20476],\"rated\":\"Rated battle\"}\n>player p1 {\"name\":\"Ladieslovemy\",\"avatar\":\"1\",\"rating\":1464,\"seed\":[45611,38588,1079,52383]}\n>player p2 {\"name\":\"FinesserBirch\",\"avatar\":\"harlequin\",\"rating\":1448,\"seed\":[52394,61137,34557,25970]}\n>p1 move willowisp\n>p2 move toxic\n>p1 move encore\n>p2 switch 4\n>p1 switch 3\n>p2 move fireblast\n>p1 move shellsmash\n>p2 move taunt\n>p1 move icebeam\n>p2 switch 3\n>p1 switch 3\n>p2 move voltswitch\n>p2 switch 3\n>p1 move recover\n>p2 move fireblast\n>p1 switch 3\n>p2 move taunt\n>p1 switch 4\n>p2 move fireblast\n>p1 move swordsdance\n>p2 move scorchingsands\n>p1 move closecombat\n>p2 move fireblast\n>p2 switch 2\n>p1 move protect\n>p2 move sludgebomb\n>p1 move flareblitz\n>p2 move sludgebomb\n>p1 switch 4\n>p2 switch 3\n>p1 move shellsmash terastallize\n>p2 move thunderbolt\n>p1 move terablast\n>p2 move blizzard\n>p1 move terablast\n>p2 move voltswitch\n>p2 switch 4\n>p1 switch 6\n>p1 move irondefense\n>p2 move earthpower\n>p1 move bodypress\n>p2 move earthpower\n>p1 switch 5\n>p1 move sunnyday\n>p2 move toxic\n>p1 move weatherball\n>p2 switch 6\n>p1 move solarbeam\n>p2 move psychicnoise\n>p2 switch 4\n>p1 move weatherball\n>p2 switch 6\n>chat \u2606Ladieslovemy|this stupid fucking flower\n>p2 switch 6\n>p1 move sunnyday\n>p2 move voltswitch\n>p2 switch 5\n>p1 switch 2\n>p1 move ragefist\n>p2 move calmmind\n>p1 move taunt\n>p2 move moongeistbeam\n>p1 switch 3\n>chat \u2606Ladieslovemy|gg\n>p1 move knockoff\n>p2 move moonblast", "uploadtime": 1733866329, "views": 1, "formatid": "gen9randombattle", "rating": null, "private": 0, "password": null}