{"id": "gen9randombattle-2260343353", "format": "[Gen 9] Random Battle", "players": ["Crystal_Whisper", "Ado19"], "log": "|j|\u2606Crystal_Whisper\n|j|\u2606Ado19\n|t:|1733842103\n|gametype|singles\n|player|p1|Crystal_Whisper|twins|1424\n|player|p2|Ado19|102|1470\n|teamsize|p1|6\n|teamsize|p2|6\n|gen|9\n|tier|[Gen 9] Random Battle\n|rated|\n|rule|Species Clause: Limit one of each Pok\u00e9mon\n|rule|HP Percentage Mod: HP is shown in percentages\n|rule|Sleep Clause Mod: Limit one foe put to sleep\n|rule|Illusion Level Mod: Illusion disguises the Pok\u00e9mon's true level\n|\n|t:|1733842103\n|start\n|switch|p1a: Giratina|Giratina, L75|349/349\n|switch|p2a: Scizor|Scizor, L79, M|240/240\n|-ability|p1a: Giratina|Pressure\n|turn|1\n|inactive|Battle timer is ON: inactive players will automatically lose when time's up. (requested by Ado19)\n|\n|t:|1733842121\n|move|p1a: Giratina|Calm Mind|p1a: Giratina\n|-boost|p1a: Giratina|spa|1\n|-boost|p1a: Giratina|spd|1\n|move|p2a: Scizor|Knock Off|p1a: Giratina\n|-supereffective|p1a: Giratina\n|-damage|p1a: Giratina|153/349\n|-enditem|p1a: Giratina|Leftovers|[from] move: Knock Off|[of] p2a: Scizor\n|\n|upkeep\n|turn|2\n|\n|t:|1733842128\n|move|p1a: Giratina|Calm Mind|p1a: Giratina\n|-boost|p1a: Giratina|spa|1\n|-boost|p1a: Giratina|spd|1\n|move|p2a: Scizor|Knock Off|p1a: Giratina\n|-supereffective|p1a: Giratina\n|-damage|p1a: Giratina|19/349\n|\n|upkeep\n|turn|3\n|\n|t:|1733842135\n|move|p1a: Giratina|Rest|p1a: Giratina\n|-status|p1a: Giratina|slp|[from] move: Rest\n|-heal|p1a: Giratina|349/349 slp|[silent]\n|move|p2a: Scizor|Knock Off|p1a: Giratina\n|-supereffective|p1a: Giratina\n|-damage|p1a: Giratina|217/349 slp\n|\n|upkeep\n|turn|4\n|\n|t:|1733842137\n|cant|p1a: Giratina|slp\n|move|p1a: Giratina|Sleep Talk|p1a: Giratina\n|move|p1a: Giratina|Dragon Pulse|p2a: Scizor|[from]move: Sleep Talk\n|-resisted|p2a: Scizor\n|-damage|p2a: Scizor|150/240\n|move|p2a: Scizor|Knock Off|p1a: Giratina\n|-supereffective|p1a: Giratina\n|-damage|p1a: Giratina|81/349 slp\n|\n|upkeep\n|turn|5\n|\n|t:|1733842140\n|cant|p1a: Giratina|slp\n|move|p1a: Giratina|Sleep Talk|p1a: Giratina\n|move|p1a: Giratina|Dragon Pulse|p2a: Scizor|[from]move: Sleep Talk\n|-resisted|p2a: Scizor\n|-damage|p2a: Scizor|60/240\n|move|p2a: Scizor|Knock Off|p1a: Giratina\n|-supereffective|p1a: Giratina\n|-damage|p1a: Giratina|0 fnt\n|faint|p1a: Giratina\n|\n|upkeep\n|\n|t:|1733842152\n|switch|p1a: Persian|Persian-Alola, L86, F|252/252\n|turn|6\n|\n|t:|1733842164\n|switch|p2a: Heatran|Heatran, L79, F|273/273\n|-item|p2a: Heatran|Air Balloon\n|move|p1a: Persian|Nasty Plot|p1a: Persian\n|-boost|p1a: Persian|spa|2\n|\n|upkeep\n|turn|7\n|\n|t:|1733842170\n|move|p1a: Persian|Dark Pulse|p2a: Heatran\n|-damage|p2a: Heatran|88/273\n|-enditem|p2a: Heatran|Air Balloon\n|-damage|p1a: Persian|227/252|[from] item: Life Orb\n|move|p2a: Heatran|Lava Plume|p1a: Persian\n|-damage|p1a: Persian|104/252\n|\n|upkeep\n|turn|8\n|\n|t:|1733842173\n|move|p1a: Persian|Dark Pulse|p2a: Heatran\n|-damage|p2a: Heatran|0 fnt\n|faint|p2a: Heatran\n|-damage|p1a: Persian|79/252|[from] item: Life Orb\n|\n|upkeep\n|\n|t:|1733842178\n|switch|p2a: Clodsire|Clodsire, L81, F|343/343\n|turn|9\n|\n|t:|1733842191\n|move|p1a: Persian|Dark Pulse|p2a: Clodsire\n|-damage|p2a: Clodsire|253/343\n|-damage|p1a: Persian|54/252|[from] item: Life Orb\n|cant|p2a: Clodsire|flinch\n|\n|-heal|p2a: Clodsire|274/343|[from] item: Leftovers\n|upkeep\n|turn|10\n|\n|t:|1733842200\n|switch|p1a: Hypno|Hypno, L95, F|315/315\n|move|p2a: Clodsire|Earthquake|p1a: Hypno\n|-damage|p1a: Hypno|230/315\n|\n|-heal|p1a: Hypno|249/315|[from] item: Leftovers\n|-heal|p2a: Clodsire|295/343|[from] item: Leftovers\n|upkeep\n|turn|11\n|\n|t:|1733842206\n|move|p1a: Hypno|Psychic Noise|p2a: Clodsire\n|-supereffective|p2a: Clodsire\n|-damage|p2a: Clodsire|127/343\n|-start|p2a: Clodsire|move: Heal Block\n|move|p2a: Clodsire|Toxic|p1a: Hypno\n|-status|p1a: Hypno|tox\n|\n|-heal|p1a: Hypno|268/315 tox|[from] item: Leftovers\n|-damage|p1a: Hypno|249/315 tox|[from] psn\n|upkeep\n|turn|12\n|\n|t:|1733842215\n|switch|p2a: Scizor|Scizor, L79, M|60/240\n|move|p1a: Hypno|Psychic Noise|p2a: Scizor\n|-resisted|p2a: Scizor\n|-damage|p2a: Scizor|15/240\n|-start|p2a: Scizor|move: Heal Block\n|\n|-heal|p1a: Hypno|268/315 tox|[from] item: Leftovers\n|-damage|p1a: Hypno|230/315 tox|[from] psn\n|upkeep\n|turn|13\n|\n|t:|1733842227\n|switch|p1a: Persian|Persian-Alola, L86, F|54/252\n|move|p2a: Scizor|Bullet Punch|p1a: Persian\n|-damage|p1a: Persian|0 fnt\n|faint|p1a: Persian\n|\n|-end|p2a: Scizor|move: Heal Block\n|upkeep\n|\n|t:|1733842230\n|switch|p1a: Hypno|Hypno, L95, F|230/315 tox\n|turn|14\n|\n|t:|1733842232\n|move|p2a: Scizor|Bullet Punch|p1a: Hypno\n|-damage|p1a: Hypno|113/315 tox\n|move|p1a: Hypno|Psychic Noise|p2a: Scizor\n|-resisted|p2a: Scizor\n|-crit|p2a: Scizor\n|-damage|p2a: Scizor|0 fnt\n|faint|p2a: Scizor\n|\n|-heal|p1a: Hypno|132/315 tox|[from] item: Leftovers\n|-damage|p1a: Hypno|113/315 tox|[from] psn\n|upkeep\n|\n|t:|1733842250\n|switch|p2a: Latios|Latios, L78, M|253/253\n|turn|15\n|\n|t:|1733842258\n|move|p2a: Latios|Draco Meteor|p1a: Hypno\n|-damage|p1a: Hypno|0 fnt\n|-unboost|p2a: Latios|spa|2\n|faint|p1a: Hypno\n|\n|upkeep\n|\n|t:|1733842260\n|switch|p1a: Grafaiai|Grafaiai, L86, M|249/249\n|turn|16\n|\n|t:|1733842266\n|switch|p2a: Clodsire|Clodsire, L81, F|127/343\n|move|p1a: Grafaiai|Knock Off|p2a: Clodsire\n|-damage|p2a: Clodsire|37/343\n|-enditem|p2a: Clodsire|Leftovers|[from] move: Knock Off|[of] p1a: Grafaiai\n|\n|upkeep\n|turn|17\n|\n|t:|1733842272\n|move|p1a: Grafaiai|Knock Off|p2a: Clodsire\n|-damage|p2a: Clodsire|0 fnt\n|faint|p2a: Clodsire\n|\n|upkeep\n|\n|t:|1733842280\n|switch|p2a: Latios|Latios, L78, M|253/253\n|turn|18\n|\n|t:|1733842285\n|-terastallize|p1a: Grafaiai|Dark\n|-terastallize|p2a: Latios|Steel\n|move|p1a: Grafaiai|Knock Off|p2a: Latios\n|-damage|p2a: Latios|130/253\n|-enditem|p2a: Latios|Soul Dew|[from] move: Knock Off|[of] p1a: Grafaiai\n|move|p2a: Latios|Luster Purge|p1a: Grafaiai\n|-immune|p1a: Grafaiai\n|\n|upkeep\n|turn|19\n|\n|t:|1733842294\n|move|p1a: Grafaiai|Encore|p2a: Latios\n|-start|p2a: Latios|Encore\n|move|p2a: Latios|Luster Purge|p1a: Grafaiai\n|-immune|p1a: Grafaiai\n|\n|upkeep\n|turn|20\n|\n|t:|1733842299\n|switch|p2a: Appletun|Appletun, L92, F|352/352\n|move|p1a: Grafaiai|Parting Shot|p2a: Appletun\n|-unboost|p2a: Appletun|atk|1\n|-unboost|p2a: Appletun|spa|1\n|\n|t:|1733842303\n|switch|p1a: Dunsparce|Dunsparce, L86, M|312/312|[from] Parting Shot\n|\n|upkeep\n|turn|21\n|\n|t:|1733842306\n|move|p1a: Dunsparce|Coil|p1a: Dunsparce\n|-boost|p1a: Dunsparce|atk|1\n|-boost|p1a: Dunsparce|def|1\n|-boost|p1a: Dunsparce|accuracy|1\n|move|p2a: Appletun|Leech Seed|p1a: Dunsparce|[miss]\n|-miss|p2a: Appletun|p1a: Dunsparce\n|\n|upkeep\n|turn|22\n|\n|t:|1733842313\n|move|p1a: Dunsparce|Body Slam|p2a: Appletun\n|-damage|p2a: Appletun|250/352\n|-status|p2a: Appletun|par\n|move|p2a: Appletun|Leech Seed|p1a: Dunsparce\n|-start|p1a: Dunsparce|move: Leech Seed\n|\n|-heal|p2a: Appletun|272/352 par|[from] item: Leftovers\n|-damage|p1a: Dunsparce|273/312|[from] Leech Seed|[of] p2a: Appletun\n|-heal|p2a: Appletun|311/352 par|[silent]\n|upkeep\n|turn|23\n|\n|t:|1733842319\n|move|p1a: Dunsparce|Coil|p1a: Dunsparce\n|-boost|p1a: Dunsparce|atk|1\n|-boost|p1a: Dunsparce|def|1\n|-boost|p1a: Dunsparce|accuracy|1\n|move|p2a: Appletun|Apple Acid|p1a: Dunsparce\n|-damage|p1a: Dunsparce|212/312\n|-unboost|p1a: Dunsparce|spd|1\n|\n|-heal|p2a: Appletun|333/352 par|[from] item: Leftovers\n|-damage|p1a: Dunsparce|173/312|[from] Leech Seed|[of] p2a: Appletun\n|-heal|p2a: Appletun|352/352 par|[silent]\n|upkeep\n|turn|24\n|\n|t:|1733842330\n|move|p1a: Dunsparce|Body Slam|p2a: Appletun\n|-damage|p2a: Appletun|217/352 par\n|move|p2a: Appletun|Apple Acid|p1a: Dunsparce\n|-damage|p1a: Dunsparce|86/312\n|-unboost|p1a: Dunsparce|spd|1\n|\n|-heal|p2a: Appletun|239/352 par|[from] item: Leftovers\n|-damage|p1a: Dunsparce|47/312|[from] Leech Seed|[of] p2a: Appletun\n|-heal|p2a: Appletun|278/352 par|[silent]\n|upkeep\n|turn|25\n|\n|t:|1733842338\n|move|p1a: Dunsparce|Roost|p1a: Dunsparce\n|-heal|p1a: Dunsparce|203/312\n|-singleturn|p1a: Dunsparce|move: Roost\n|move|p2a: Appletun|Apple Acid|p1a: Dunsparce\n|-damage|p1a: Dunsparce|98/312\n|-unboost|p1a: Dunsparce|spd|1\n|\n|-heal|p2a: Appletun|300/352 par|[from] item: Leftovers\n|-damage|p1a: Dunsparce|59/312|[from] Leech Seed|[of] p2a: Appletun\n|-heal|p2a: Appletun|339/352 par|[silent]\n|upkeep\n|turn|26\n|\n|t:|1733842344\n|move|p1a: Dunsparce|Body Slam|p2a: Appletun\n|-damage|p2a: Appletun|203/352 par\n|move|p2a: Appletun|Apple Acid|p1a: Dunsparce\n|-damage|p1a: Dunsparce|0 fnt\n|faint|p1a: Dunsparce\n|\n|-heal|p2a: Appletun|225/352 par|[from] item: Leftovers\n|upkeep\n|\n|t:|1733842347\n|switch|p1a: Grafaiai|Grafaiai, L86, M, tera:Dark|249/249\n|turn|27\n|\n|t:|1733842353\n|move|p1a: Grafaiai|Gunk Shot|p2a: Appletun\n|-supereffective|p2a: Appletun\n|-damage|p2a: Appletun|0 fnt\n|faint|p2a: Appletun\n|\n|upkeep\n|\n|t:|1733842355\n|switch|p2a: Latios|Latios, L78, M, tera:Steel|130/253\n|turn|28\n|\n|t:|1733842361\n|move|p1a: Grafaiai|Parting Shot|p2a: Latios\n|-unboost|p2a: Latios|atk|1\n|-unboost|p2a: Latios|spa|1\n|\n|t:|1733842362\n|switch|p1a: Dusknoir|Dusknoir, L89, M|225/225|[from] Parting Shot\n|move|p2a: Latios|Aura Sphere|p1a: Dusknoir\n|-immune|p1a: Dusknoir\n|\n|upkeep\n|turn|29\n|\n|t:|1733842368\n|switch|p2a: Ampharos|Ampharos, L88, F|302/302\n|move|p1a: Dusknoir|Poltergeist|p2a: Ampharos\n|-activate|p2a: Ampharos|move: Poltergeist|Life Orb\n|-damage|p2a: Ampharos|124/302\n|\n|upkeep\n|turn|30\n|\n|t:|1733842371\n|move|p2a: Ampharos|Dazzling Gleam|p1a: Dusknoir\n|-damage|p1a: Dusknoir|157/225\n|-damage|p2a: Ampharos|94/302|[from] item: Life Orb\n|move|p1a: Dusknoir|Poltergeist|p2a: Ampharos\n|-activate|p2a: Ampharos|move: Poltergeist|Life Orb\n|-damage|p2a: Ampharos|0 fnt\n|faint|p2a: Ampharos\n|\n|upkeep\n|\n|t:|1733842373\n|switch|p2a: Latios|Latios, L78, M, tera:Steel|130/253\n|turn|31\n|\n|t:|1733842375\n|move|p2a: Latios|Draco Meteor|p1a: Dusknoir|[miss]\n|-miss|p2a: Latios|p1a: Dusknoir\n|move|p1a: Dusknoir|Poltergeist||[still]\n|-fail|p1a: Dusknoir\n|\n|upkeep\n|turn|32\n|\n|t:|1733842378\n|move|p2a: Latios|Draco Meteor|p1a: Dusknoir\n|-damage|p1a: Dusknoir|63/225\n|-unboost|p2a: Latios|spa|2\n|move|p1a: Dusknoir|Poltergeist||[still]\n|-fail|p1a: Dusknoir\n|\n|upkeep\n|turn|33\n|\n|t:|1733842381\n|move|p2a: Latios|Draco Meteor|p1a: Dusknoir\n|-damage|p1a: Dusknoir|14/225\n|-unboost|p2a: Latios|spa|2\n|move|p1a: Dusknoir|Poltergeist||[still]\n|-fail|p1a: Dusknoir\n|\n|upkeep\n|turn|34\n|\n|t:|1733842391\n|move|p2a: Latios|Calm Mind|p2a: Latios\n|-boost|p2a: Latios|spa|1\n|-boost|p2a: Latios|spd|1\n|move|p1a: Dusknoir|Poltergeist||[still]\n|-fail|p1a: Dusknoir\n|\n|upkeep\n|turn|35\n|\n|t:|1733842395\n|switch|p1a: Grafaiai|Grafaiai, L86, M, tera:Dark|249/249\n|move|p2a: Latios|Calm Mind|p2a: Latios\n|-boost|p2a: Latios|spa|1\n|-boost|p2a: Latios|spd|1\n|\n|upkeep\n|turn|36\n|\n|t:|1733842400\n|move|p1a: Grafaiai|Encore|p2a: Latios\n|-start|p2a: Latios|Encore\n|move|p2a: Latios|Calm Mind|p2a: Latios\n|-boost|p2a: Latios|spa|1\n|-boost|p2a: Latios|spd|1\n|\n|upkeep\n|turn|37\n|\n|t:|1733842403\n|move|p1a: Grafaiai|Knock Off|p2a: Latios\n|-damage|p2a: Latios|48/253\n|move|p2a: Latios|Calm Mind|p2a: Latios\n|-boost|p2a: Latios|spa|1\n|-boost|p2a: Latios|spd|1\n|\n|upkeep\n|turn|38\n|\n|t:|1733842405\n|move|p1a: Grafaiai|Knock Off|p2a: Latios\n|-damage|p2a: Latios|0 fnt\n|faint|p2a: Latios\n|\n|win|Crystal_Whisper\n|raw|Crystal_Whisper's rating: 1424 &rarr; <strong>1447</strong><br />(+23 for winning)\n|raw|Ado19's rating: 1470 &rarr; <strong>1447</strong><br />(-23 for losing)\n|l|\u2606Ado19\n|player|p2|\n", "inputlog": ">version bfd83cad13791eb5a5a409923076391caf6fb4d4\n>start {\"formatid\":\"gen9randombattle\",\"seed\":[54586,43619,41552,8123],\"rated\":\"Rated battle\"}\n>player p1 {\"name\":\"Crystal_Whisper\",\"avatar\":\"twins\",\"rating\":1424,\"seed\":[10349,39205,7570,878]}\n>player p2 {\"name\":\"Ado19\",\"avatar\":\"102\",\"rating\":1470,\"seed\":[28928,20516,51874,41883]}\n>p1 move calmmind\n>p2 move knockoff\n>p1 move calmmind\n>p2 move knockoff\n>p1 move rest\n>p2 move knockoff\n>p1 move sleeptalk\n>p2 move knockoff\n>p1 move sleeptalk\n>p2 move knockoff\n>p1 switch 6\n>p1 move nastyplot\n>p2 switch 3\n>p1 move darkpulse\n>p2 move lavaplume\n>p1 move darkpulse\n>p2 move lavaplume\n>p2 switch 2\n>p1 move darkpulse\n>p2 move gunkshot\n>p1 switch 2\n>p2 move earthquake\n>p1 move psychicnoise\n>p2 move toxic\n>p1 move psychicnoise\n>p2 switch 3\n>p1 switch 2\n>p2 move bulletpunch\n>p1 switch 2\n>p1 move psychicnoise\n>p2 move bulletpunch\n>p2 switch 4\n>p1 move thunderwave\n>p2 move dracometeor\n>p1 switch 5\n>p1 move knockoff\n>p2 switch 3\n>p1 move knockoff\n>p2 move recover\n>p2 switch 3\n>p1 move knockoff terastallize\n>p2 move lusterpurge terastallize\n>p1 move encore\n>p2 move aurasphere\n>p1 move partingshot\n>p2 switch 5\n>p1 switch 4\n>p1 move coil\n>p2 move leechseed\n>p1 move bodyslam\n>p2 move leechseed\n>p1 move coil\n>p2 move appleacid\n>p1 move bodyslam\n>p2 move appleacid\n>p1 move roost\n>p2 move appleacid\n>p1 move bodyslam\n>p2 move appleacid\n>p1 switch 4\n>p1 move gunkshot\n>p2 move leechseed\n>p2 switch 5\n>p1 move partingshot\n>p2 move aurasphere\n>p1 switch 3\n>p1 move poltergeist\n>p2 switch 6\n>p1 move poltergeist\n>p2 move dazzlinggleam\n>p2 switch 6\n>p1 move poltergeist\n>p2 move dracometeor\n>p1 move poltergeist\n>p2 move dracometeor\n>p1 move poltergeist\n>p2 move dracometeor\n>p1 move poltergeist\n>p2 move calmmind\n>p1 switch 3\n>p2 move calmmind\n>p1 move encore\n>p2 move aurasphere\n>p1 move knockoff\n>p2 move calmmind\n>p1 move knockoff\n>p2 move calmmind", "uploadtime": 1733842410, "views": 8, "formatid": "gen9randombattle", "rating": 1447, "private": 0, "password": null}