{"id": "gen9randombattle-2259989958", "format": "[Gen 9] Random Battle", "players": ["Jediblaze", "matafachoz"], "log": "|j|\u2606Jediblaze\n|j|\u2606matafachoz\n|t:|1733788197\n|gametype|singles\n|player|p1|Jediblaze|170|1010\n|player|p2|matafachoz|266|1000\n|teamsize|p1|6\n|teamsize|p2|6\n|gen|9\n|tier|[Gen 9] Random Battle\n|rated|\n|rule|Species Clause: Limit one of each Pok\u00e9mon\n|rule|HP Percentage Mod: HP is shown in percentages\n|rule|Sleep Clause Mod: Limit one foe put to sleep\n|rule|Illusion Level Mod: Illusion disguises the Pok\u00e9mon's true level\n|\n|t:|1733788197\n|start\n|switch|p1a: Sandaconda|Sandaconda, L84, M|258/258\n|switch|p2a: Carbink|Carbink, L90|236/236\n|turn|1\n|\n|t:|1733788246\n|move|p1a: Sandaconda|Coil|p1a: Sandaconda\n|-boost|p1a: Sandaconda|atk|1\n|-boost|p1a: Sandaconda|def|1\n|-boost|p1a: Sandaconda|accuracy|1\n|move|p2a: Carbink|Iron Defense|p2a: Carbink\n|-boost|p2a: Carbink|def|2\n|\n|upkeep\n|turn|2\n|\n|t:|1733788260\n|move|p1a: Sandaconda|Earthquake|p2a: Carbink\n|-supereffective|p2a: Carbink\n|-damage|p2a: Carbink|122/236\n|move|p2a: Carbink|Moonblast|p1a: Sandaconda\n|-damage|p1a: Sandaconda|171/258\n|\n|-heal|p2a: Carbink|136/236|[from] item: Leftovers\n|upkeep\n|turn|3\n|\n|t:|1733788270\n|move|p1a: Sandaconda|Earthquake|p2a: Carbink\n|-supereffective|p2a: Carbink\n|-damage|p2a: Carbink|26/236\n|move|p2a: Carbink|Body Press|p1a: Sandaconda\n|-damage|p1a: Sandaconda|82/258\n|\n|-heal|p2a: Carbink|40/236|[from] item: Leftovers\n|upkeep\n|turn|4\n|\n|t:|1733788280\n|move|p1a: Sandaconda|Earthquake|p2a: Carbink\n|-supereffective|p2a: Carbink\n|-damage|p2a: Carbink|0 fnt\n|faint|p2a: Carbink\n|\n|upkeep\n|\n|t:|1733788286\n|switch|p2a: Veluza|Veluza, L85, F|292/292\n|turn|5\n|\n|t:|1733788292\n|move|p2a: Veluza|Aqua Cutter|p1a: Sandaconda\n|-supereffective|p1a: Sandaconda\n|-damage|p1a: Sandaconda|0 fnt\n|faint|p1a: Sandaconda\n|\n|upkeep\n|\n|t:|1733788305\n|switch|p1a: Iron Treads|Iron Treads, L77|265/265\n|turn|6\n|\n|t:|1733788317\n|move|p1a: Iron Treads|Volt Switch|p2a: Veluza\n|-supereffective|p2a: Veluza\n|-damage|p2a: Veluza|206/292\n|\n|t:|1733788323\n|-end|p1a: Iron Treads|Quark Drive|[silent]\n|switch|p1a: Glimmora|Glimmora, L75, F|248/248|[from] Volt Switch\n|-item|p1a: Glimmora|Air Balloon\n|move|p2a: Veluza|Aqua Cutter|p1a: Glimmora\n|-supereffective|p1a: Glimmora\n|-crit|p1a: Glimmora\n|-damage|p1a: Glimmora|0 fnt\n|-activate|p1a: Glimmora|ability: Toxic Debris\n|-sidestart|p2: matafachoz|move: Toxic Spikes\n|-enditem|p1a: Glimmora|Air Balloon\n|faint|p1a: Glimmora\n|\n|upkeep\n|\n|t:|1733788340\n|switch|p1a: Frosmoth|Frosmoth, L82, M|249/249\n|turn|7\n|\n|t:|1733788354\n|move|p2a: Veluza|Psycho Cut|p1a: Frosmoth\n|-damage|p1a: Frosmoth|99/249\n|move|p1a: Frosmoth|Giga Drain|p2a: Veluza\n|-supereffective|p2a: Veluza\n|-damage|p2a: Veluza|48/292\n|-heal|p1a: Frosmoth|178/249|[from] drain|[of] p2a: Veluza\n|-enditem|p2a: Veluza|Sitrus Berry|[eat]\n|-heal|p2a: Veluza|121/292|[from] item: Sitrus Berry\n|\n|upkeep\n|turn|8\n|\n|t:|1733788366\n|-terastallize|p2a: Veluza|Psychic\n|move|p2a: Veluza|Psycho Cut|p1a: Frosmoth\n|-damage|p1a: Frosmoth|0 fnt\n|faint|p1a: Frosmoth\n|\n|upkeep\n|\n|t:|1733788374\n|switch|p1a: Sawsbuck|Sawsbuck-Winter, L88, M|284/284\n|turn|9\n|\n|t:|1733788383\n|move|p1a: Sawsbuck|Horn Leech|p2a: Veluza\n|-damage|p2a: Veluza|0 fnt\n|faint|p2a: Veluza\n|-damage|p1a: Sawsbuck|256/284|[from] item: Life Orb\n|\n|upkeep\n|\n|t:|1733788394\n|switch|p2a: Talonflame|Talonflame, L83, F|265/265\n|turn|10\n|\n|t:|1733788402\n|switch|p1a: Slowbro|Slowbro-Galar, L87, F|307/307\n|move|p2a: Talonflame|Overheat|p1a: Slowbro|[miss]\n|-miss|p2a: Talonflame|p1a: Slowbro\n|\n|upkeep\n|turn|11\n|\n|t:|1733788413\n|move|p2a: Talonflame|Will-O-Wisp|p1a: Slowbro\n|-status|p1a: Slowbro|brn\n|move|p1a: Slowbro|Shell Side Arm|p2a: Talonflame|[anim] Shell Side Arm Special\n|-damage|p2a: Talonflame|130/265\n|-hint|Special Shell Side Arm\n|\n|-damage|p1a: Slowbro|288/307 brn|[from] brn\n|upkeep\n|turn|12\n|\n|t:|1733788423\n|move|p2a: Talonflame|Roost|p2a: Talonflame\n|-heal|p2a: Talonflame|263/265\n|-singleturn|p2a: Talonflame|move: Roost\n|move|p1a: Slowbro|Shell Side Arm|p2a: Talonflame|[anim] Shell Side Arm Special\n|-damage|p2a: Talonflame|148/265\n|-hint|Special Shell Side Arm\n|\n|-heal|p1a: Slowbro|307/307 brn|[from] item: Leftovers\n|-damage|p1a: Slowbro|288/307 brn|[from] brn\n|upkeep\n|turn|13\n|\n|t:|1733788434\n|move|p2a: Talonflame|Overheat|p1a: Slowbro\n|-damage|p1a: Slowbro|167/307 brn\n|-unboost|p2a: Talonflame|spa|2\n|move|p1a: Slowbro|Psychic|p2a: Talonflame\n|-damage|p2a: Talonflame|28/265\n|\n|-heal|p1a: Slowbro|186/307 brn|[from] item: Leftovers\n|-damage|p1a: Slowbro|167/307 brn|[from] brn\n|upkeep\n|turn|14\n|\n|t:|1733788446\n|move|p2a: Talonflame|Roost|p2a: Talonflame\n|-heal|p2a: Talonflame|161/265\n|-singleturn|p2a: Talonflame|move: Roost\n|move|p1a: Slowbro|Psychic|p2a: Talonflame\n|-crit|p2a: Talonflame\n|-damage|p2a: Talonflame|0 fnt\n|faint|p2a: Talonflame\n|\n|-heal|p1a: Slowbro|186/307 brn|[from] item: Leftovers\n|-damage|p1a: Slowbro|167/307 brn|[from] brn\n|upkeep\n|\n|t:|1733788466\n|switch|p2a: Maushold|Maushold, L76|238/238\n|-status|p2a: Maushold|psn\n|turn|15\n|\n|t:|1733788475\n|move|p2a: Maushold|Bite|p1a: Slowbro\n|-supereffective|p1a: Slowbro\n|-crit|p1a: Slowbro\n|-damage|p1a: Slowbro|45/307 brn\n|move|p1a: Slowbro|Shell Side Arm|p2a: Maushold|[anim] Shell Side Arm Physical\n|-damage|p2a: Maushold|172/238 psn\n|-hint|Physical Shell Side Arm\n|\n|-heal|p1a: Slowbro|64/307 brn|[from] item: Leftovers\n|-damage|p2a: Maushold|143/238 psn|[from] psn\n|-damage|p1a: Slowbro|45/307 brn|[from] brn\n|upkeep\n|turn|16\n|\n|t:|1733788487\n|move|p2a: Maushold|Bite|p1a: Slowbro\n|-supereffective|p1a: Slowbro\n|-damage|p1a: Slowbro|0 fnt\n|faint|p1a: Slowbro\n|\n|-damage|p2a: Maushold|114/238 psn|[from] psn\n|upkeep\n|\n|t:|1733788495\n|switch|p1a: Iron Treads|Iron Treads, L77|265/265\n|turn|17\n|\n|t:|1733788503\n|move|p2a: Maushold|Population Bomb|p1a: Iron Treads\n|-resisted|p1a: Iron Treads\n|-damage|p1a: Iron Treads|256/265\n|-resisted|p1a: Iron Treads\n|-damage|p1a: Iron Treads|247/265\n|-resisted|p1a: Iron Treads\n|-damage|p1a: Iron Treads|238/265\n|-resisted|p1a: Iron Treads\n|-damage|p1a: Iron Treads|228/265\n|-resisted|p1a: Iron Treads\n|-damage|p1a: Iron Treads|219/265\n|-resisted|p1a: Iron Treads\n|-damage|p1a: Iron Treads|209/265\n|-resisted|p1a: Iron Treads\n|-damage|p1a: Iron Treads|200/265\n|-resisted|p1a: Iron Treads\n|-damage|p1a: Iron Treads|191/265\n|-resisted|p1a: Iron Treads\n|-crit|p1a: Iron Treads\n|-damage|p1a: Iron Treads|176/265\n|-resisted|p1a: Iron Treads\n|-damage|p1a: Iron Treads|167/265\n|-hitcount|p1a: Iron Treads|10\n|move|p1a: Iron Treads|Rapid Spin|p2a: Maushold\n|-damage|p2a: Maushold|74/238 psn\n|-boost|p1a: Iron Treads|spe|1\n|\n|-damage|p2a: Maushold|45/238 psn|[from] psn\n|upkeep\n|turn|18\n|\n|t:|1733788529\n|move|p1a: Iron Treads|Iron Head|p2a: Maushold\n|-damage|p2a: Maushold|0 fnt\n|faint|p2a: Maushold\n|\n|upkeep\n|\n|t:|1733788538\n|switch|p2a: Victreebel|Victreebel, L90, F|290/290\n|-sideend|p2: matafachoz|move: Toxic Spikes|[of] p2a: Victreebel\n|turn|19\n|\n|t:|1733788544\n|move|p1a: Iron Treads|Earthquake|p2a: Victreebel\n|-damage|p2a: Victreebel|182/290\n|move|p2a: Victreebel|Power Whip|p1a: Iron Treads|[miss]\n|-miss|p2a: Victreebel|p1a: Iron Treads\n|\n|upkeep\n|turn|20\n|\n|t:|1733788555\n|move|p1a: Iron Treads|Earthquake|p2a: Victreebel\n|-damage|p2a: Victreebel|70/290\n|move|p2a: Victreebel|Power Whip|p1a: Iron Treads|[miss]\n|-miss|p2a: Victreebel|p1a: Iron Treads\n|\n|upkeep\n|turn|21\n|\n|t:|1733788563\n|move|p1a: Iron Treads|Iron Head|p2a: Victreebel\n|-damage|p2a: Victreebel|0 fnt\n|faint|p2a: Victreebel\n|\n|upkeep\n|\n|t:|1733788567\n|switch|p2a: Ludicolo|Ludicolo, L90, M|290/290\n|turn|22\n|\n|t:|1733788573\n|move|p1a: Iron Treads|Earthquake|p2a: Ludicolo\n|-resisted|p2a: Ludicolo\n|-damage|p2a: Ludicolo|239/290\n|move|p2a: Ludicolo|Giga Drain|p1a: Iron Treads\n|-damage|p1a: Iron Treads|68/265\n|-heal|p2a: Ludicolo|289/290|[from] drain|[of] p1a: Iron Treads\n|-damage|p2a: Ludicolo|260/290|[from] item: Life Orb\n|\n|upkeep\n|turn|23\n|\n|t:|1733788582\n|move|p1a: Iron Treads|Volt Switch|p2a: Ludicolo\n|-damage|p2a: Ludicolo|230/290\n|\n|t:|1733788585\n|-end|p1a: Iron Treads|Quark Drive|[silent]\n|switch|p1a: Sawsbuck|Sawsbuck-Winter, L88, M|256/284|[from] Volt Switch\n|move|p2a: Ludicolo|Giga Drain|p1a: Sawsbuck\n|-resisted|p1a: Sawsbuck\n|-damage|p1a: Sawsbuck|191/284\n|-heal|p2a: Ludicolo|263/290|[from] drain|[of] p1a: Sawsbuck\n|-damage|p2a: Ludicolo|234/290|[from] item: Life Orb\n|\n|upkeep\n|turn|24\n|\n|t:|1733788597\n|move|p1a: Sawsbuck|High Horsepower|p2a: Ludicolo|[miss]\n|-miss|p1a: Sawsbuck|p2a: Ludicolo\n|move|p2a: Ludicolo|Ice Beam|p1a: Sawsbuck\n|-supereffective|p1a: Sawsbuck\n|-damage|p1a: Sawsbuck|0 fnt\n|faint|p1a: Sawsbuck\n|-damage|p2a: Ludicolo|205/290|[from] item: Life Orb\n|\n|upkeep\n|\n|t:|1733788607\n|switch|p1a: Iron Treads|Iron Treads, L77|68/265\n|turn|25\n|\n|t:|1733788612\n|move|p1a: Iron Treads|Iron Head|p2a: Ludicolo\n|-resisted|p2a: Ludicolo\n|-damage|p2a: Ludicolo|162/290\n|move|p2a: Ludicolo|Giga Drain|p1a: Iron Treads\n|-damage|p1a: Iron Treads|0 fnt\n|-heal|p2a: Ludicolo|196/290|[from] drain|[of] p1a: Iron Treads\n|faint|p1a: Iron Treads\n|-end|p1a: Iron Treads|Quark Drive|[silent]\n|-damage|p2a: Ludicolo|167/290|[from] item: Life Orb\n|\n|win|matafachoz\n|raw|Jediblaze's rating: 1010 &rarr; <strong>1000</strong><br />(-10 for losing)\n|raw|matafachoz's rating: 1000 &rarr; <strong>1041</strong><br />(+41 for winning)\n", "inputlog": ">version bfd83cad13791eb5a5a409923076391caf6fb4d4\n>start {\"formatid\":\"gen9randombattle\",\"seed\":[11670,28557,59366,20200],\"rated\":\"Rated battle\"}\n>player p1 {\"name\":\"Jediblaze\",\"avatar\":\"170\",\"rating\":1010,\"seed\":[13094,22678,37877,43369]}\n>player p2 {\"name\":\"matafachoz\",\"avatar\":\"266\",\"rating\":1000,\"seed\":[12985,1581,14314,51641]}\n>p1 move coil\n>p2 move irondefense\n>p1 move earthquake\n>p2 move moonblast\n>p1 move earthquake\n>p2 move bodypress\n>p1 move earthquake\n>p2 move bodypress\n>p2 switch 3\n>p1 move coil\n>p2 move aquacutter\n>p1 switch 3\n>p1 move voltswitch\n>p2 move aquacutter\n>p1 switch 5\n>p1 switch 2\n>p1 move gigadrain\n>p2 move psychocut\n>p1 move gigadrain\n>p2 move psychocut terastallize\n>p1 switch 6\n>p1 move hornleech\n>p2 move psychocut\n>p2 switch 4\n>p1 switch 4\n>p2 move overheat\n>p1 move shellsidearm\n>p2 move willowisp\n>p1 move shellsidearm\n>p2 move roost\n>p1 move psychic\n>p2 move overheat\n>p1 move psychic\n>p2 move roost\n>p2 switch 2\n>p1 move shellsidearm\n>p2 move bite\n>p1 move fireblast\n>p2 move bite\n>p1 switch 5\n>p1 move rapidspin\n>p2 move populationbomb\n>p1 move ironhead\n>p2 move bite\n>p2 switch 5\n>p1 move earthquake\n>p2 move powerwhip\n>p1 move earthquake\n>p2 move powerwhip\n>p1 move ironhead\n>p2 move powerwhip\n>p2 switch 6\n>p1 move earthquake\n>p2 move gigadrain\n>p1 move voltswitch\n>p2 move gigadrain\n>p1 switch 4\n>p1 move highhorsepower\n>p2 move icebeam\n>p1 switch 4\n>p1 move ironhead\n>p2 move gigadrain", "uploadtime": 1733788636, "views": 1, "formatid": "gen9randombattle", "rating": 1000, "private": 0, "password": null}