{"id": "gen9randombattle-2259935152", "format": "[Gen 9] Random Battle", "players": ["SZINLEN", "twoo22"], "log": "|j|\u2606SZINLEN\n|j|\u2606twoo22\n|t:|1733781685\n|gametype|singles\n|player|p1|SZINLEN|lance|1118\n|player|p2|twoo22|266|1138\n|teamsize|p1|6\n|teamsize|p2|6\n|gen|9\n|tier|[Gen 9] Random Battle\n|rated|\n|rule|Species Clause: Limit one of each Pok\u00e9mon\n|rule|HP Percentage Mod: HP is shown in percentages\n|rule|Sleep Clause Mod: Limit one foe put to sleep\n|rule|Illusion Level Mod: Illusion disguises the Pok\u00e9mon's true level\n|\n|t:|1733781685\n|start\n|switch|p1a: Bronzong|Bronzong, L88|261/261\n|switch|p2a: Kyurem|Kyurem-White, L73|303/303\n|-ability|p2a: Kyurem|Turboblaze\n|turn|1\n|\n|t:|1733781696\n|move|p2a: Kyurem|Fusion Flare|p1a: Bronzong\n|-supereffective|p1a: Bronzong\n|-damage|p1a: Bronzong|121/261\n|move|p1a: Bronzong|Iron Head|p2a: Kyurem\n|-supereffective|p2a: Kyurem\n|-damage|p2a: Kyurem|87/303\n|\n|-heal|p1a: Bronzong|137/261|[from] item: Leftovers\n|upkeep\n|turn|2\n|\n|t:|1733781705\n|move|p2a: Kyurem|Fusion Flare|p1a: Bronzong\n|-supereffective|p1a: Bronzong\n|-damage|p1a: Bronzong|0 fnt\n|faint|p1a: Bronzong\n|\n|upkeep\n|\n|t:|1733781714\n|switch|p1a: Wigglytuff|Wigglytuff, L96, F|424/424\n|turn|3\n|\n|t:|1733781719\n|move|p2a: Kyurem|Fusion Flare|p1a: Wigglytuff\n|-damage|p1a: Wigglytuff|321/424\n|move|p1a: Wigglytuff|Dazzling Gleam|p2a: Kyurem\n|-supereffective|p2a: Kyurem\n|-damage|p2a: Kyurem|0 fnt\n|faint|p2a: Kyurem\n|\n|-heal|p1a: Wigglytuff|347/424|[from] item: Leftovers\n|upkeep\n|\n|t:|1733781723\n|switch|p2a: Seviper|Seviper, L93, F|287/287\n|turn|4\n|\n|t:|1733781735\n|switch|p1a: Hippowdon|Hippowdon, L82, M|311/311\n|-weather|Sandstorm|[from] ability: Sand Stream|[of] p1a: Hippowdon\n|move|p2a: Seviper|Gunk Shot|p1a: Hippowdon\n|-resisted|p1a: Hippowdon\n|-damage|p1a: Hippowdon|245/311\n|\n|-weather|Sandstorm|[upkeep]\n|-damage|p2a: Seviper|270/287|[from] Sandstorm\n|-heal|p2a: Seviper|287/287|[from] item: Leftovers\n|-heal|p1a: Hippowdon|264/311|[from] item: Leftovers\n|upkeep\n|turn|5\n|\n|t:|1733781748\n|switch|p2a: Sableye|Sableye, L89, M|234/234\n|move|p1a: Hippowdon|Stone Edge|p2a: Sableye\n|-crit|p2a: Sableye\n|-damage|p2a: Sableye|121/234\n|\n|-weather|Sandstorm|[upkeep]\n|-damage|p2a: Sableye|107/234|[from] Sandstorm\n|-heal|p2a: Sableye|121/234|[from] item: Leftovers\n|-heal|p1a: Hippowdon|283/311|[from] item: Leftovers\n|upkeep\n|turn|6\n|\n|t:|1733781758\n|move|p2a: Sableye|Will-O-Wisp|p1a: Hippowdon\n|-status|p1a: Hippowdon|brn\n|move|p1a: Hippowdon|Stone Edge|p2a: Sableye|[miss]\n|-miss|p1a: Hippowdon|p2a: Sableye\n|\n|-weather|Sandstorm|[upkeep]\n|-damage|p2a: Sableye|107/234|[from] Sandstorm\n|-heal|p2a: Sableye|121/234|[from] item: Leftovers\n|-heal|p1a: Hippowdon|302/311 brn|[from] item: Leftovers\n|-damage|p1a: Hippowdon|283/311 brn|[from] brn\n|upkeep\n|turn|7\n|inactive|Battle timer is ON: inactive players will automatically lose when time's up. (requested by SZINLEN)\n|\n|t:|1733781771\n|move|p2a: Sableye|Knock Off|p1a: Hippowdon\n|-damage|p1a: Hippowdon|208/311 brn\n|-enditem|p1a: Hippowdon|Leftovers|[from] move: Knock Off|[of] p2a: Sableye\n|move|p1a: Hippowdon|Stone Edge|p2a: Sableye\n|-damage|p2a: Sableye|78/234\n|\n|-weather|Sandstorm|[upkeep]\n|-damage|p2a: Sableye|64/234|[from] Sandstorm\n|-heal|p2a: Sableye|78/234|[from] item: Leftovers\n|-damage|p1a: Hippowdon|189/311 brn|[from] brn\n|upkeep\n|turn|8\n|\n|t:|1733781781\n|move|p2a: Sableye|Recover|p2a: Sableye\n|-heal|p2a: Sableye|195/234\n|move|p1a: Hippowdon|Earthquake|p2a: Sableye\n|-damage|p2a: Sableye|135/234\n|\n|-weather|none\n|-heal|p2a: Sableye|149/234|[from] item: Leftovers\n|-damage|p1a: Hippowdon|170/311 brn|[from] brn\n|upkeep\n|turn|9\n|\n|t:|1733781799\n|switch|p1a: Wigglytuff|Wigglytuff, L96, F|347/424\n|move|p2a: Sableye|Knock Off|p1a: Wigglytuff\n|-resisted|p1a: Wigglytuff\n|-damage|p1a: Wigglytuff|284/424\n|-enditem|p1a: Wigglytuff|Leftovers|[from] move: Knock Off|[of] p2a: Sableye\n|\n|-heal|p2a: Sableye|163/234|[from] item: Leftovers\n|upkeep\n|turn|10\n|inactive|twoo22 has 120 seconds left.\n|inactive|twoo22 has 90 seconds left.\n|c|\u2606SZINLEN|GG\n|c|\u2606SZINLEN|Ezz win\n|inactive|twoo22 has 60 seconds left.\n|inactive|twoo22 has 30 seconds left.\n|inactive|twoo22 has 20 seconds left.\n|inactive|twoo22 has 15 seconds left.\n|inactive|twoo22 has 10 seconds left.\n|inactive|twoo22 has 5 seconds left.\n|n|!SZINLEN|szinlen\n|-message|twoo22 lost due to inactivity.\n|\n|win|SZINLEN\n", "inputlog": ">version bfd83cad13791eb5a5a409923076391caf6fb4d4\n>start {\"formatid\":\"gen9randombattle\",\"seed\":[39138,35168,52457,23503],\"rated\":\"Rated battle\"}\n>player p1 {\"name\":\"SZINLEN\",\"avatar\":\"lance\",\"rating\":1118,\"seed\":[28548,31293,20609,41776]}\n>player p2 {\"name\":\"twoo22\",\"avatar\":\"266\",\"rating\":1138,\"seed\":[60503,23584,57178,27366]}\n>p1 move ironhead\n>p2 move fusionflare\n>p1 move ironhead\n>p2 move fusionflare\n>p1 switch 4\n>p1 move dazzlinggleam\n>p2 move fusionflare\n>p2 switch 3\n>p1 switch 3\n>p2 move gunkshot\n>p1 move stoneedge\n>p2 switch 6\n>p1 move stoneedge\n>p2 move willowisp\n>p1 move stoneedge\n>p2 move knockoff\n>p1 move earthquake\n>p2 move recover\n>p1 switch 3\n>p2 move knockoff\n>chat \u2606SZINLEN|GG\n>chat \u2606SZINLEN|Ezz win\n>chat \u2606SZINLEN|Pussy\n>forcelose p2", "uploadtime": 1733781947, "views": 1, "formatid": "gen9randombattle", "rating": null, "private": 0, "password": null}