{"id": "gen9randombattle-2260916745", "format": "[Gen 9] Random Battle", "players": ["Rohan98", "Labast878"], "log": "|j|\u2606Rohan98\n|j|\u2606Labast878\n|t:|1733916318\n|gametype|singles\n|player|p1|Rohan98|1|1564\n|player|p2|Labast878|102|1526\n|teamsize|p1|6\n|teamsize|p2|6\n|gen|9\n|tier|[Gen 9] Random Battle\n|rated|\n|rule|Species Clause: Limit one of each Pok\u00e9mon\n|rule|HP Percentage Mod: HP is shown in percentages\n|rule|Sleep Clause Mod: Limit one foe put to sleep\n|rule|Illusion Level Mod: Illusion disguises the Pok\u00e9mon's true level\n|\n|t:|1733916318\n|start\n|switch|p1a: Klefki|Klefki, L84, F|233/233\n|switch|p2a: Forretress|Forretress, L84, F|263/263\n|turn|1\n|inactive|Battle timer is ON: inactive players will automatically lose when time's up. (requested by Rohan98)\n|\n|t:|1733916335\n|move|p1a: Klefki|Spikes|p2a: Forretress\n|-sidestart|p2: Labast878|Spikes\n|move|p2a: Forretress|Toxic Spikes|p1a: Klefki\n|-sidestart|p1: Rohan98|move: Toxic Spikes\n|\n|upkeep\n|turn|2\n|c|\u2606Rohan98|Play fast pls\n|\n|t:|1733916341\n|move|p1a: Klefki|Spikes|p2a: Forretress\n|-sidestart|p2: Labast878|Spikes\n|move|p2a: Forretress|Rapid Spin|p1a: Klefki\n|-resisted|p1a: Klefki\n|-damage|p1a: Klefki|217/233\n|-boost|p2a: Forretress|spe|1\n|-sideend|p2: Labast878|Spikes|[from] move: Rapid Spin|[of] p2a: Forretress\n|\n|-heal|p1a: Klefki|231/233|[from] item: Leftovers\n|upkeep\n|turn|3\n|\n|t:|1733916350\n|move|p1a: Klefki|Thunder Wave|p2a: Forretress\n|-status|p2a: Forretress|par\n|move|p2a: Forretress|Iron Head|p1a: Klefki\n|-damage|p1a: Klefki|149/233\n|\n|-heal|p1a: Klefki|163/233|[from] item: Leftovers\n|upkeep\n|turn|4\n|\n|t:|1733916366\n|switch|p1a: Tsareena|Tsareena, L87, F|267/267\n|-status|p1a: Tsareena|psn\n|move|p2a: Forretress|Toxic Spikes|p1a: Tsareena\n|-sidestart|p1: Rohan98|move: Toxic Spikes\n|\n|-damage|p1a: Tsareena|234/267 psn|[from] psn\n|upkeep\n|turn|5\n|\n|t:|1733916377\n|switch|p2a: Gholdengo|Gholdengo, L77|261/261\n|move|p1a: Tsareena|High Jump Kick|p2a: Gholdengo\n|-immune|p2a: Gholdengo\n|-damage|p1a: Tsareena|101/267 psn|[from] highjumpkick\n|\n|-damage|p1a: Tsareena|68/267 psn|[from] psn\n|upkeep\n|turn|6\n|\n|t:|1733916395\n|switch|p1a: Klefki|Klefki, L84, F|163/233\n|switch|p2a: Forretress|Forretress, L84, F|263/263 par\n|\n|-heal|p1a: Klefki|177/233|[from] item: Leftovers\n|upkeep\n|turn|7\n|c|\u2606Rohan98|Lavde ka bal\n|\n|t:|1733916406\n|move|p1a: Klefki|Foul Play|p2a: Forretress\n|-damage|p2a: Forretress|218/263 par\n|move|p2a: Forretress|Iron Head|p1a: Klefki\n|-damage|p1a: Klefki|101/233\n|\n|-heal|p1a: Klefki|115/233|[from] item: Leftovers\n|-heal|p2a: Forretress|234/263 par|[from] item: Leftovers\n|upkeep\n|turn|8\n|\n|t:|1733916418\n|move|p1a: Klefki|Foul Play|p2a: Forretress\n|-damage|p2a: Forretress|186/263 par\n|move|p2a: Forretress|Iron Head|p1a: Klefki\n|-damage|p1a: Klefki|39/233\n|\n|-heal|p1a: Klefki|53/233|[from] item: Leftovers\n|-heal|p2a: Forretress|202/263 par|[from] item: Leftovers\n|upkeep\n|turn|9\n|\n|t:|1733916427\n|move|p1a: Klefki|Spikes|p2a: Forretress\n|-sidestart|p2: Labast878|Spikes\n|cant|p2a: Forretress|par\n|\n|-heal|p1a: Klefki|67/233|[from] item: Leftovers\n|-heal|p2a: Forretress|218/263 par|[from] item: Leftovers\n|upkeep\n|turn|10\n|\n|t:|1733916436\n|move|p1a: Klefki|Foul Play|p2a: Forretress\n|-crit|p2a: Forretress\n|-damage|p2a: Forretress|151/263 par\n|move|p2a: Forretress|Rapid Spin|p1a: Klefki\n|-resisted|p1a: Klefki\n|-damage|p1a: Klefki|52/233\n|-boost|p2a: Forretress|spe|1\n|-sideend|p2: Labast878|Spikes|[from] move: Rapid Spin|[of] p2a: Forretress\n|\n|-heal|p1a: Klefki|66/233|[from] item: Leftovers\n|-heal|p2a: Forretress|167/263 par|[from] item: Leftovers\n|upkeep\n|turn|11\n|\n|t:|1733916447\n|move|p1a: Klefki|Spikes|p2a: Forretress\n|-sidestart|p2: Labast878|Spikes\n|move|p2a: Forretress|Iron Head|p1a: Klefki\n|-damage|p1a: Klefki|0 fnt\n|faint|p1a: Klefki\n|\n|-heal|p2a: Forretress|183/263 par|[from] item: Leftovers\n|upkeep\n|\n|t:|1733916452\n|switch|p1a: Tsareena|Tsareena, L87, F|68/267 psn\n|turn|12\n|\n|t:|1733916458\n|move|p1a: Tsareena|Knock Off|p2a: Forretress\n|-damage|p2a: Forretress|124/263 par\n|-enditem|p2a: Forretress|Leftovers|[from] move: Knock Off|[of] p1a: Tsareena\n|move|p2a: Forretress|Rapid Spin|p1a: Tsareena\n|-damage|p1a: Tsareena|37/267 psn\n|-boost|p2a: Forretress|spe|1\n|-sideend|p2: Labast878|Spikes|[from] move: Rapid Spin|[of] p2a: Forretress\n|\n|-damage|p1a: Tsareena|4/267 psn|[from] psn\n|upkeep\n|turn|13\n|\n|t:|1733916471\n|move|p1a: Tsareena|Knock Off|p2a: Forretress\n|-damage|p2a: Forretress|87/263 par\n|cant|p2a: Forretress|par\n|\n|-damage|p1a: Tsareena|0 fnt|[from] psn\n|faint|p1a: Tsareena\n|upkeep\n|\n|t:|1733916474\n|switch|p1a: Typhlosion|Typhlosion, L84, M|267/267\n|-status|p1a: Typhlosion|tox\n|turn|14\n|\n|t:|1733916484\n|move|p1a: Typhlosion|Eruption|p2a: Forretress\n|-supereffective|p2a: Forretress\n|-damage|p2a: Forretress|0 fnt\n|faint|p2a: Forretress\n|\n|-damage|p1a: Typhlosion|251/267 tox|[from] psn\n|upkeep\n|\n|t:|1733916499\n|switch|p2a: Scream Tail|Scream Tail, L84|330/330\n|turn|15\n|\n|t:|1733916508\n|switch|p1a: Forretress|Forretress, L84, M|263/263\n|move|p2a: Scream Tail|Wish|p2a: Scream Tail\n|\n|upkeep\n|turn|16\n|\n|t:|1733916517\n|-end|p2a: Scream Tail|Protosynthesis|[silent]\n|switch|p2a: Gholdengo|Gholdengo, L77|261/261\n|move|p1a: Forretress|Stealth Rock|p2a: Gholdengo\n|-sidestart|p2: Labast878|move: Stealth Rock\n|\n|upkeep\n|turn|17\n|\n|t:|1733916525\n|switch|p1a: Typhlosion|Typhlosion, L84, M|251/267 tox\n|move|p2a: Gholdengo|Nasty Plot|p2a: Gholdengo\n|-boost|p2a: Gholdengo|spa|2\n|\n|-damage|p1a: Typhlosion|235/267 tox|[from] psn\n|upkeep\n|turn|18\n|\n|t:|1733916535\n|switch|p2a: Scream Tail|Scream Tail, L84|330/330\n|-damage|p2a: Scream Tail|289/330|[from] Stealth Rock\n|move|p1a: Typhlosion|Eruption|p2a: Scream Tail\n|-damage|p2a: Scream Tail|115/330\n|\n|-heal|p2a: Scream Tail|135/330|[from] item: Leftovers\n|-damage|p1a: Typhlosion|203/267 tox|[from] psn\n|upkeep\n|turn|19\n|\n|t:|1733916546\n|switch|p1a: Forretress|Forretress, L84, M|263/263\n|move|p2a: Scream Tail|Wish|p2a: Scream Tail\n|\n|-heal|p2a: Scream Tail|155/330|[from] item: Leftovers\n|upkeep\n|turn|20\n|\n|t:|1733916557\n|move|p2a: Scream Tail|Protect|p2a: Scream Tail\n|-singleturn|p2a: Scream Tail|Protect\n|move|p1a: Forretress|Iron Head|p2a: Scream Tail\n|-activate|p2a: Scream Tail|move: Protect\n|\n|-heal|p2a: Scream Tail|320/330|[from] move: Wish|[wisher] Scream Tail\n|-heal|p2a: Scream Tail|330/330|[from] item: Leftovers\n|upkeep\n|turn|21\n|\n|t:|1733916577\n|-end|p2a: Scream Tail|Protosynthesis|[silent]\n|switch|p2a: Gholdengo|Gholdengo, L77|261/261\n|-damage|p2a: Gholdengo|245/261|[from] Stealth Rock\n|move|p1a: Forretress|Rapid Spin|p2a: Gholdengo\n|-immune|p2a: Gholdengo\n|\n|-heal|p2a: Gholdengo|261/261|[from] item: Leftovers\n|upkeep\n|turn|22\n|\n|t:|1733916591\n|switch|p1a: Typhlosion|Typhlosion, L84, M|203/267 tox\n|move|p2a: Gholdengo|Shadow Ball|p1a: Typhlosion\n|-damage|p1a: Typhlosion|112/267 tox\n|\n|-damage|p1a: Typhlosion|96/267 tox|[from] psn\n|upkeep\n|turn|23\n|\n|t:|1733916600\n|switch|p2a: Scream Tail|Scream Tail, L84|330/330\n|-damage|p2a: Scream Tail|289/330|[from] Stealth Rock\n|move|p1a: Typhlosion|Fire Blast|p2a: Scream Tail\n|-damage|p2a: Scream Tail|144/330\n|\n|-heal|p2a: Scream Tail|164/330|[from] item: Leftovers\n|-damage|p1a: Typhlosion|64/267 tox|[from] psn\n|upkeep\n|turn|24\n|\n|t:|1733916611\n|move|p2a: Scream Tail|Protect|p2a: Scream Tail\n|-singleturn|p2a: Scream Tail|Protect\n|move|p1a: Typhlosion|Fire Blast|p2a: Scream Tail\n|-activate|p2a: Scream Tail|move: Protect\n|\n|-heal|p2a: Scream Tail|184/330|[from] item: Leftovers\n|-damage|p1a: Typhlosion|16/267 tox|[from] psn\n|upkeep\n|turn|25\n|\n|t:|1733916625\n|switch|p1a: Forretress|Forretress, L84, M|263/263\n|move|p2a: Scream Tail|Wish|p2a: Scream Tail\n|\n|-heal|p2a: Scream Tail|204/330|[from] item: Leftovers\n|upkeep\n|turn|26\n|\n|t:|1733916636\n|move|p2a: Scream Tail|Protect|p2a: Scream Tail\n|-singleturn|p2a: Scream Tail|Protect\n|move|p1a: Forretress|Rapid Spin|p2a: Scream Tail\n|-activate|p2a: Scream Tail|move: Protect\n|\n|-heal|p2a: Scream Tail|330/330|[from] move: Wish|[wisher] Scream Tail\n|upkeep\n|turn|27\n|\n|t:|1733916646\n|-end|p2a: Scream Tail|Protosynthesis|[silent]\n|switch|p2a: Gholdengo|Gholdengo, L77|261/261\n|-damage|p2a: Gholdengo|245/261|[from] Stealth Rock\n|switch|p1a: Typhlosion|Typhlosion, L84, M|16/267 tox\n|\n|-heal|p2a: Gholdengo|261/261|[from] item: Leftovers\n|-damage|p1a: Typhlosion|0 fnt|[from] psn\n|faint|p1a: Typhlosion\n|upkeep\n|\n|t:|1733916654\n|switch|p1a: Zamazenta|Zamazenta, L71|248/248\n|-status|p1a: Zamazenta|tox\n|-ability|p1a: Zamazenta|Dauntless Shield|boost\n|-boost|p1a: Zamazenta|def|1\n|turn|28\n|\n|t:|1733916684\n|switch|p2a: Scream Tail|Scream Tail, L84|330/330\n|-damage|p2a: Scream Tail|289/330|[from] Stealth Rock\n|move|p1a: Zamazenta|Crunch|p2a: Scream Tail\n|-damage|p2a: Scream Tail|228/330\n|\n|-heal|p2a: Scream Tail|248/330|[from] item: Leftovers\n|-damage|p1a: Zamazenta|233/248 tox|[from] psn\n|upkeep\n|turn|29\n|\n|t:|1733916695\n|switch|p1a: Forretress|Forretress, L84, M|263/263\n|move|p2a: Scream Tail|Encore||[still]\n|-fail|p2a: Scream Tail\n|\n|-heal|p2a: Scream Tail|268/330|[from] item: Leftovers\n|upkeep\n|turn|30\n|\n|t:|1733916704\n|switch|p1a: Zamazenta|Zamazenta, L71|233/248 tox\n|move|p2a: Scream Tail|Protect||[still]\n|-fail|p2a: Scream Tail\n|\n|-heal|p2a: Scream Tail|288/330|[from] item: Leftovers\n|-damage|p1a: Zamazenta|218/248 tox|[from] psn\n|upkeep\n|turn|31\n|\n|t:|1733916717\n|move|p2a: Scream Tail|Protect|p2a: Scream Tail\n|-singleturn|p2a: Scream Tail|Protect\n|move|p1a: Zamazenta|Iron Head|p2a: Scream Tail\n|-activate|p2a: Scream Tail|move: Protect\n|\n|-heal|p2a: Scream Tail|308/330|[from] item: Leftovers\n|-damage|p1a: Zamazenta|188/248 tox|[from] psn\n|upkeep\n|turn|32\n|\n|t:|1733916730\n|switch|p1a: Raikou|Raikou, L81|278/278\n|-status|p1a: Raikou|tox\n|-ability|p1a: Raikou|Pressure\n|-end|p2a: Scream Tail|Protosynthesis|[silent]\n|switch|p2a: Scyther|Scyther, L82, F|249/249\n|\n|-damage|p1a: Raikou|261/278 tox|[from] psn\n|upkeep\n|turn|33\n|inactive|Labast878 has 120 seconds left.\n|\n|t:|1733916751\n|move|p1a: Raikou|Calm Mind|p1a: Raikou\n|-boost|p1a: Raikou|spa|1\n|-boost|p1a: Raikou|spd|1\n|move|p2a: Scyther|Bug Bite|p1a: Raikou\n|-damage|p1a: Raikou|141/278 tox\n|\n|-heal|p1a: Raikou|158/278 tox|[from] item: Leftovers\n|-damage|p1a: Raikou|124/278 tox|[from] psn\n|upkeep\n|turn|34\n|inactive|Labast878 has 120 seconds left.\n|\n|t:|1733916765\n|switch|p2a: Golem|Golem, L87, M|281/281\n|-damage|p2a: Golem|264/281|[from] Stealth Rock\n|move|p1a: Raikou|Thunderbolt|p2a: Golem\n|-immune|p2a: Golem\n|\n|-heal|p1a: Raikou|141/278 tox|[from] item: Leftovers\n|-damage|p1a: Raikou|90/278 tox|[from] psn\n|upkeep\n|turn|35\n|inactive|Labast878 has 120 seconds left.\n|\n|t:|1733916777\n|switch|p2a: Scyther|Scyther, L82, F|249/249\n|move|p1a: Raikou|Scald|p2a: Scyther\n|-damage|p2a: Scyther|144/249\n|\n|-heal|p1a: Raikou|107/278 tox|[from] item: Leftovers\n|-damage|p1a: Raikou|39/278 tox|[from] psn\n|upkeep\n|turn|36\n|\n|t:|1733916787\n|move|p1a: Raikou|Scald|p2a: Scyther\n|-damage|p2a: Scyther|36/249\n|-status|p2a: Scyther|brn\n|move|p2a: Scyther|Swords Dance|p2a: Scyther\n|-boost|p2a: Scyther|atk|2\n|\n|-heal|p1a: Raikou|56/278 tox|[from] item: Leftovers\n|-damage|p1a: Raikou|0 fnt|[from] psn\n|faint|p1a: Raikou\n|-damage|p2a: Scyther|21/249 brn|[from] brn\n|upkeep\n|\n|t:|1733916792\n|switch|p1a: Forretress|Forretress, L84, M|263/263\n|turn|37\n|\n|t:|1733916803\n|move|p2a: Scyther|Dual Wingbeat|p1a: Forretress\n|-damage|p1a: Forretress|213/263\n|-damage|p1a: Forretress|165/263\n|-hitcount|p1a: Forretress|2\n|move|p1a: Forretress|Rapid Spin|p2a: Scyther\n|-damage|p2a: Scyther|0 fnt\n|-boost|p1a: Forretress|spe|1\n|-sideend|p1: Rohan98|Toxic Spikes|[from] move: Rapid Spin|[of] p1a: Forretress\n|faint|p2a: Scyther\n|\n|-heal|p1a: Forretress|181/263|[from] item: Leftovers\n|upkeep\n|inactive|Labast878 has 120 seconds left.\n|\n|t:|1733916824\n|switch|p2a: Gholdengo|Gholdengo, L77|261/261\n|-damage|p2a: Gholdengo|245/261|[from] Stealth Rock\n|turn|38\n|inactive|Labast878 has 120 seconds left.\n|\n|t:|1733916830\n|move|p2a: Gholdengo|Shadow Ball|p1a: Forretress\n|-damage|p1a: Forretress|61/263\n|-unboost|p1a: Forretress|spd|1\n|move|p1a: Forretress|Iron Head|p2a: Gholdengo\n|-resisted|p2a: Gholdengo\n|-damage|p2a: Gholdengo|201/261\n|\n|-heal|p2a: Gholdengo|217/261|[from] item: Leftovers\n|-heal|p1a: Forretress|77/263|[from] item: Leftovers\n|upkeep\n|turn|39\n|inactive|Labast878 has 120 seconds left.\n|\n|t:|1733916841\n|move|p2a: Gholdengo|Shadow Ball|p1a: Forretress\n|-damage|p1a: Forretress|0 fnt\n|faint|p1a: Forretress\n|\n|-heal|p2a: Gholdengo|233/261|[from] item: Leftovers\n|upkeep\n|\n|t:|1733916843\n|switch|p1a: Zamazenta|Zamazenta, L71|188/248 tox\n|turn|40\n|inactive|Labast878 has 120 seconds left.\n|\n|t:|1733916860\n|move|p1a: Zamazenta|Iron Head|p2a: Gholdengo\n|-resisted|p2a: Gholdengo\n|-damage|p2a: Gholdengo|195/261\n|move|p2a: Gholdengo|Make It Rain|p1a: Zamazenta\n|-damage|p1a: Zamazenta|53/248 tox\n|-unboost|p2a: Gholdengo|spa|1\n|\n|-heal|p2a: Gholdengo|211/261|[from] item: Leftovers\n|-damage|p1a: Zamazenta|38/248 tox|[from] psn\n|upkeep\n|turn|41\n|inactive|Labast878 has 120 seconds left.\n|\n|t:|1733916873\n|move|p1a: Zamazenta|Iron Head|p2a: Gholdengo\n|-resisted|p2a: Gholdengo\n|-damage|p2a: Gholdengo|177/261\n|move|p2a: Gholdengo|Make It Rain|p1a: Zamazenta\n|-damage|p1a: Zamazenta|0 fnt\n|-unboost|p2a: Gholdengo|spa|1\n|faint|p1a: Zamazenta\n|\n|win|Labast878\n", "inputlog": ">version bfd83cad13791eb5a5a409923076391caf6fb4d4\n>start {\"formatid\":\"gen9randombattle\",\"seed\":[29893,13437,22392,30373],\"rated\":\"Rated battle\"}\n>player p1 {\"name\":\"Rohan98\",\"avatar\":\"1\",\"rating\":1564,\"seed\":[19394,34194,7304,40121]}\n>player p2 {\"name\":\"Labast878\",\"avatar\":\"102\",\"rating\":1526,\"seed\":[26224,19400,52901,13171]}\n>p1 move spikes\n>p2 move toxicspikes\n>chat \u2606Rohan98|Play fast pls\n>p1 move spikes\n>p2 move rapidspin\n>p1 move thunderwave\n>p2 move ironhead\n>p1 switch 4\n>p2 move toxicspikes\n>p1 move highjumpkick\n>p2 switch 6\n>p1 switch 4\n>p2 switch 6\n>chat \u2606Rohan98|Lavde ka bal\n>p1 move foulplay\n>p2 move ironhead\n>p1 move foulplay\n>p2 move ironhead\n>p1 move spikes\n>p2 move ironhead\n>p1 move foulplay\n>p2 move rapidspin\n>p1 move spikes\n>p2 move ironhead\n>p1 switch 4\n>p1 move knockoff\n>p2 move rapidspin\n>p1 move knockoff\n>p2 move rapidspin\n>p1 switch 2\n>p1 move eruption\n>p2 move voltswitch\n>p2 switch 4\n>p1 switch 5\n>p2 move wish\n>p1 move stealthrock\n>p2 switch 6\n>p1 switch 5\n>p2 move nastyplot\n>p1 move eruption\n>p2 switch 6\n>p1 switch 5\n>p2 move wish\n>p1 move ironhead\n>p2 move protect\n>p1 move rapidspin\n>p2 switch 6\n>p1 switch 5\n>p2 move shadowball\n>p1 move fireblast\n>p2 switch 6\n>p1 move fireblast\n>p2 move protect\n>p1 switch 5\n>p2 move wish\n>p1 move rapidspin\n>p2 move protect\n>p1 switch 5\n>p2 switch 6\n>p1 switch 3\n>p1 move crunch\n>p2 switch 6\n>p1 switch 5\n>p2 move encore\n>p1 switch 5\n>p2 move protect\n>p1 move ironhead\n>p2 move protect\n>p1 switch 6\n>p2 switch 3\n>p1 move calmmind\n>p2 move bugbite\n>p1 move thunderbolt\n>p2 switch 2\n>p1 move scald\n>p2 switch 2\n>p1 move scald\n>p2 move swordsdance\n>p1 switch 5\n>p1 move rapidspin\n>p2 move dualwingbeat\n>p2 switch 6\n>p1 move ironhead\n>p2 move shadowball\n>p1 move ironhead\n>p2 move shadowball\n>p1 switch 6\n>p1 move ironhead\n>p2 move makeitrain\n>p1 move ironhead\n>p2 move makeitrain", "uploadtime": 1733916396, "views": 1, "formatid": "gen9randombattle", "rating": null, "private": 0, "password": null}