{"id": "gen9randombattle-2260393266", "format": "[Gen 9] Random Battle", "players": ["sniper270", "OtavioT14"], "log": "|j|\u2606sniper270\n|j|\u2606OtavioT14\n|t:|1733847228\n|gametype|singles\n|player|p1|sniper270|n|1264\n|player|p2|OtavioT14|ethan|1305\n|teamsize|p1|6\n|teamsize|p2|6\n|gen|9\n|tier|[Gen 9] Random Battle\n|rated|\n|rule|Species Clause: Limit one of each Pok\u00e9mon\n|rule|HP Percentage Mod: HP is shown in percentages\n|rule|Sleep Clause Mod: Limit one foe put to sleep\n|rule|Illusion Level Mod: Illusion disguises the Pok\u00e9mon's true level\n|\n|t:|1733847228\n|start\n|switch|p1a: Florges|Florges-Yellow, L85, F|271/271\n|switch|p2a: Registeel|Registeel, L81|262/262\n|turn|1\n|inactive|Battle timer is ON: inactive players will automatically lose when time's up. (requested by sniper270)\n|\n|t:|1733847252\n|switch|p1a: Gallade|Gallade, L81, M|243/243\n|move|p2a: Registeel|Thunder Wave|p1a: Gallade|[miss]\n|-miss|p2a: Registeel|p1a: Gallade\n|\n|upkeep\n|turn|2\n|inactive|OtavioT14 has 120 seconds left.\n|\n|t:|1733847293\n|switch|p2a: Delibird|Delibird, M|252/252\n|move|p1a: Gallade|Agility|p1a: Gallade\n|-boost|p1a: Gallade|spe|2\n|\n|upkeep\n|turn|3\n|\n|t:|1733847311\n|move|p1a: Gallade|Sacred Sword|p2a: Delibird\n|-damage|p2a: Delibird|0 fnt\n|faint|p2a: Delibird\n|-damage|p1a: Gallade|219/243|[from] item: Life Orb\n|\n|upkeep\n|inactive|OtavioT14 has 90 seconds left.\n|\n|t:|1733847344\n|switch|p2a: Terapagos|Terapagos, L76, M|262/262\n|-activate|p2a: Terapagos|ability: Tera Shift\n|detailschange|p2a: Terapagos|Terapagos-Terastal, L76, M\n|-heal|p2a: Terapagos|269/269|[silent]\n|turn|4\n|\n|t:|1733847350\n|-terastallize|p2a: Terapagos|Stellar\n|detailschange|p2a: Terapagos|Terapagos-Stellar, L76, M, tera:Stellar\n|-heal|p2a: Terapagos|368/368|[silent]\n|move|p1a: Gallade|Sacred Sword|p2a: Terapagos\n|-supereffective|p2a: Terapagos\n|-damage|p2a: Terapagos|0 fnt\n|faint|p2a: Terapagos\n|-damage|p1a: Gallade|195/243|[from] item: Life Orb\n|\n|upkeep\n|\n|t:|1733847358\n|switch|p2a: Dugtrio|Dugtrio-Alola, L84, F|196/196\n|turn|5\n|\n|t:|1733847363\n|move|p2a: Dugtrio|Sucker Punch|p1a: Gallade\n|-damage|p1a: Gallade|117/243\n|-damage|p2a: Dugtrio|177/196|[from] item: Life Orb\n|move|p1a: Gallade|Sacred Sword|p2a: Dugtrio\n|-supereffective|p2a: Dugtrio\n|-damage|p2a: Dugtrio|0 fnt\n|-ability|p2a: Dugtrio|Tangling Hair\n|-unboost|p1a: Gallade|spe|1\n|faint|p2a: Dugtrio\n|-damage|p1a: Gallade|93/243|[from] item: Life Orb\n|\n|upkeep\n|\n|t:|1733847370\n|switch|p2a: Miraidon|Miraidon, L65|238/238\n|-fieldstart|move: Electric Terrain|[from] ability: Hadron Engine|[of] p2a: Miraidon\n|turn|6\n|\n|t:|1733847380\n|move|p1a: Gallade|Sacred Sword|p2a: Miraidon\n|-damage|p2a: Miraidon|0 fnt\n|faint|p2a: Miraidon\n|-damage|p1a: Gallade|69/243|[from] item: Life Orb\n|\n|upkeep\n|inactive|OtavioT14 has 90 seconds left.\n|\n|t:|1733847433\n|switch|p2a: Registeel|Registeel, L81|262/262\n|turn|7\n|\n|t:|1733847436\n|move|p1a: Gallade|Sacred Sword|p2a: Registeel\n|-supereffective|p2a: Registeel\n|-damage|p2a: Registeel|0 fnt\n|faint|p2a: Registeel\n|-damage|p1a: Gallade|45/243|[from] item: Life Orb\n|\n|upkeep\n|\n|t:|1733847439\n|switch|p2a: Great Tusk|Great Tusk, L77|304/304\n|-enditem|p2a: Great Tusk|Booster Energy\n|-activate|p2a: Great Tusk|ability: Protosynthesis|[fromitem]\n|-start|p2a: Great Tusk|protosynthesisatk\n|turn|8\n|\n|t:|1733847442\n|move|p1a: Gallade|Psycho Cut|p2a: Great Tusk\n|-supereffective|p2a: Great Tusk\n|-damage|p2a: Great Tusk|36/304\n|-damage|p1a: Gallade|21/243|[from] item: Life Orb\n|move|p2a: Great Tusk|Earthquake|p1a: Gallade\n|-crit|p1a: Gallade\n|-damage|p1a: Gallade|0 fnt\n|faint|p1a: Gallade\n|\n|upkeep\n|\n|t:|1733847447\n|switch|p1a: Passimian|Passimian, L83, F|302/302\n|turn|9\n|\n|t:|1733847451\n|move|p1a: Passimian|Close Combat|p2a: Great Tusk\n|-damage|p2a: Great Tusk|0 fnt\n|-unboost|p1a: Passimian|def|1\n|-unboost|p1a: Passimian|spd|1\n|faint|p2a: Great Tusk\n|-end|p2a: Great Tusk|Protosynthesis|[silent]\n|\n|win|sniper270\n|raw|sniper270's rating: 1264 &rarr; <strong>1292</strong><br />(+28 for winning)\n|raw|OtavioT14's rating: 1305 &rarr; <strong>1283</strong><br />(-22 for losing)\n|l|\u2606OtavioT14\n|player|p2|\n", "inputlog": ">version bfd83cad13791eb5a5a409923076391caf6fb4d4\n>start {\"formatid\":\"gen9randombattle\",\"seed\":[524,30186,59263,10985],\"rated\":\"Rated battle\"}\n>player p1 {\"name\":\"sniper270\",\"avatar\":\"n\",\"rating\":1264,\"seed\":[4485,15402,12992,52133]}\n>player p2 {\"name\":\"OtavioT14\",\"avatar\":\"ethan\",\"rating\":1305,\"seed\":[13759,28996,35627,31393]}\n>p1 switch 4\n>p2 move thunderwave\n>p1 move agility\n>p2 switch 5\n>p1 move sacredsword\n>p2 move bravebird\n>p2 switch 3\n>p1 move sacredsword\n>p2 move terastarstorm terastallize\n>p2 switch 4\n>p1 move sacredsword\n>p2 move suckerpunch\n>p2 switch 2\n>p1 move sacredsword\n>p2 move electrodrift\n>p2 switch 5\n>p1 move sacredsword\n>p2 move ironhead\n>p2 switch 6\n>p1 move psychocut\n>p2 move earthquake\n>p1 switch 3\n>p1 move closecombat\n>p2 move bulkup", "uploadtime": 1733847461, "views": 1, "formatid": "gen9randombattle", "rating": 1283, "private": 0, "password": null}