{"id": "gen9randombattle-2260332963", "format": "[Gen 9] Random Battle", "players": ["wioewiwe", "Skdkdxnvh"], "log": "|j|\u2606wioewiwe\n|j|\u2606Skdkdxnvh\n|t:|1733840963\n|gametype|singles\n|player|p1|wioewiwe|102|1000\n|player|p2|Skdkdxnvh|101|1000\n|teamsize|p1|6\n|teamsize|p2|6\n|gen|9\n|tier|[Gen 9] Random Battle\n|rated|\n|rule|Species Clause: Limit one of each Pok\u00e9mon\n|rule|HP Percentage Mod: HP is shown in percentages\n|rule|Sleep Clause Mod: Limit one foe put to sleep\n|rule|Illusion Level Mod: Illusion disguises the Pok\u00e9mon's true level\n|\n|t:|1733840963\n|start\n|switch|p1a: Quagsire|Quagsire, L84, F|297/297\n|switch|p2a: Hydreigon|Hydreigon, L79, M|275/275\n|turn|1\n|\n|t:|1733840976\n|-terastallize|p1a: Quagsire|Steel\n|move|p2a: Hydreigon|Draco Meteor|p1a: Quagsire\n|-resisted|p1a: Quagsire\n|-damage|p1a: Quagsire|153/297\n|-unboost|p2a: Hydreigon|spa|2\n|move|p1a: Quagsire|Spikes|p2a: Hydreigon\n|-sidestart|p2: Skdkdxnvh|Spikes\n|\n|-heal|p1a: Quagsire|171/297|[from] item: Leftovers\n|upkeep\n|turn|2\n|\n|t:|1733840986\n|switch|p2a: Poliwrath|Poliwrath, L88, F|302/302\n|-damage|p2a: Poliwrath|265/302|[from] Spikes\n|move|p1a: Quagsire|Spikes|p2a: Poliwrath\n|-sidestart|p2: Skdkdxnvh|Spikes\n|\n|-heal|p1a: Quagsire|189/297|[from] item: Leftovers\n|upkeep\n|turn|3\n|\n|t:|1733840994\n|move|p1a: Quagsire|Spikes|p2a: Poliwrath\n|-sidestart|p2: Skdkdxnvh|Spikes\n|move|p2a: Poliwrath|Circle Throw|p1a: Quagsire\n|-supereffective|p1a: Quagsire\n|-damage|p1a: Quagsire|49/297\n|drag|p1a: Gogoat|Gogoat, L88, F|360/360\n|\n|upkeep\n|turn|4\n|\n|t:|1733841003\n|switch|p2a: Articuno|Articuno, L86|295/295\n|-ability|p2a: Articuno|Pressure\n|move|p1a: Gogoat|Earthquake|p2a: Articuno\n|-immune|p2a: Articuno\n|\n|upkeep\n|turn|5\n|\n|t:|1733841012\n|move|p2a: Articuno|Freeze-Dry|p1a: Gogoat\n|-supereffective|p1a: Gogoat\n|-damage|p1a: Gogoat|202/360\n|move|p1a: Gogoat|Horn Leech|p2a: Articuno\n|-resisted|p2a: Articuno\n|-crit|p2a: Articuno\n|-damage|p2a: Articuno|238/295\n|-heal|p1a: Gogoat|231/360|[from] drain|[of] p2a: Articuno\n|\n|-heal|p1a: Gogoat|253/360|[from] item: Leftovers\n|upkeep\n|turn|6\n|\n|t:|1733841028\n|switch|p1a: Quagsire|Quagsire, L84, F, tera:Steel|49/297\n|move|p2a: Articuno|Freeze-Dry|p1a: Quagsire\n|-resisted|p1a: Quagsire\n|-crit|p1a: Quagsire\n|-damage|p1a: Quagsire|0 fnt\n|faint|p1a: Quagsire\n|\n|upkeep\n|\n|t:|1733841037\n|switch|p1a: Camerupt|Camerupt, L91, F|275/275\n|turn|7\n|\n|t:|1733841044\n|switch|p2a: Hydreigon|Hydreigon, L79, M|275/275\n|move|p1a: Camerupt|Will-O-Wisp|p2a: Hydreigon\n|-status|p2a: Hydreigon|brn\n|\n|-damage|p2a: Hydreigon|258/275 brn|[from] brn\n|upkeep\n|turn|8\n|\n|t:|1733841054\n|move|p2a: Hydreigon|Dark Pulse|p1a: Camerupt\n|-damage|p1a: Camerupt|140/275\n|cant|p1a: Camerupt|flinch\n|\n|-heal|p1a: Camerupt|157/275|[from] item: Leftovers\n|-damage|p2a: Hydreigon|241/275 brn|[from] brn\n|upkeep\n|turn|9\n|\n|t:|1733841061\n|move|p2a: Hydreigon|Dark Pulse|p1a: Camerupt\n|-damage|p1a: Camerupt|13/275\n|move|p1a: Camerupt|Overheat|p2a: Hydreigon\n|-resisted|p2a: Hydreigon\n|-damage|p2a: Hydreigon|159/275 brn\n|-unboost|p1a: Camerupt|spa|2\n|\n|-heal|p1a: Camerupt|30/275|[from] item: Leftovers\n|-damage|p2a: Hydreigon|142/275 brn|[from] brn\n|upkeep\n|turn|10\n|\n|t:|1733841073\n|switch|p1a: Illumise|Illumise, L91, F|266/266\n|move|p2a: Hydreigon|Dark Pulse|p1a: Illumise\n|-damage|p1a: Illumise|142/266\n|\n|-damage|p2a: Hydreigon|125/275 brn|[from] brn\n|upkeep\n|turn|11\n|\n|t:|1733841085\n|move|p1a: Illumise|Thunder Wave|p2a: Hydreigon\n|-hint|Since gen 7, Dark is immune to Prankster moves.\n|-immune|p2a: Hydreigon\n|move|p2a: Hydreigon|Dark Pulse|p1a: Illumise\n|-damage|p1a: Illumise|9/266\n|\n|-damage|p2a: Hydreigon|108/275 brn|[from] brn\n|upkeep\n|turn|12\n|\n|t:|1733841099\n|move|p1a: Illumise|Bug Buzz|p2a: Hydreigon\n|-supereffective|p2a: Hydreigon\n|-damage|p2a: Hydreigon|0 fnt\n|faint|p2a: Hydreigon\n|\n|upkeep\n|\n|t:|1733841102\n|switch|p2a: Great Tusk|Great Tusk, L77|304/304\n|-damage|p2a: Great Tusk|228/304|[from] Spikes\n|turn|13\n|\n|t:|1733841108\n|move|p1a: Illumise|Roost|p1a: Illumise\n|-heal|p1a: Illumise|142/266\n|-singleturn|p1a: Illumise|move: Roost\n|move|p2a: Great Tusk|Rapid Spin|p1a: Illumise\n|-damage|p1a: Illumise|100/266\n|-boost|p2a: Great Tusk|spe|1\n|-sideend|p2: Skdkdxnvh|Spikes|[from] move: Rapid Spin|[of] p2a: Great Tusk\n|\n|-heal|p2a: Great Tusk|247/304|[from] item: Leftovers\n|upkeep\n|turn|14\n|\n|t:|1733841121\n|move|p2a: Great Tusk|Stealth Rock|p1a: Illumise\n|-sidestart|p1: wioewiwe|move: Stealth Rock\n|move|p1a: Illumise|Bug Buzz|p2a: Great Tusk\n|-resisted|p2a: Great Tusk\n|-damage|p2a: Great Tusk|175/304\n|\n|-heal|p2a: Great Tusk|194/304|[from] item: Leftovers\n|upkeep\n|turn|15\n|\n|t:|1733841129\n|-end|p2a: Great Tusk|Protosynthesis|[silent]\n|switch|p2a: Poliwrath|Poliwrath, L88, F|265/302\n|switch|p1a: Koraidon|Koraidon, L64|235/235\n|-damage|p1a: Koraidon|221/235|[from] Stealth Rock\n|-weather|SunnyDay|[from] ability: Orichalcum Pulse|[of] p1a: Koraidon\n|-activate|p1a: Koraidon|Orichalcum Pulse|[source]\n|\n|-weather|SunnyDay|[upkeep]\n|upkeep\n|turn|16\n|\n|t:|1733841140\n|move|p1a: Koraidon|Collision Course|p2a: Poliwrath\n|-damage|p2a: Poliwrath|166/302\n|move|p2a: Poliwrath|Circle Throw|p1a: Koraidon\n|-damage|p1a: Koraidon|148/235\n|drag|p1a: Florges|Florges-Orange, L85, F|271/271\n|-damage|p1a: Florges|238/271|[from] Stealth Rock\n|\n|-weather|SunnyDay|[upkeep]\n|-heal|p1a: Florges|254/271|[from] item: Leftovers\n|upkeep\n|turn|17\n|\n|t:|1733841153\n|switch|p2a: Articuno|Articuno, L86|238/295\n|-ability|p2a: Articuno|Pressure\n|move|p1a: Florges|Synthesis|p1a: Florges\n|-heal|p1a: Florges|271/271\n|\n|-weather|SunnyDay|[upkeep]\n|upkeep\n|turn|18\n|\n|t:|1733841164\n|move|p2a: Articuno|Brave Bird|p1a: Florges\n|-damage|p1a: Florges|123/271\n|-damage|p2a: Articuno|189/295|[from] Recoil\n|move|p1a: Florges|Tera Blast|p2a: Articuno\n|-damage|p2a: Articuno|144/295\n|\n|-weather|SunnyDay|[upkeep]\n|-heal|p1a: Florges|139/271|[from] item: Leftovers\n|upkeep\n|turn|19\n|\n|t:|1733841173\n|move|p2a: Articuno|Brave Bird|p1a: Florges\n|-damage|p1a: Florges|0 fnt\n|faint|p1a: Florges\n|-damage|p2a: Articuno|98/295|[from] Recoil\n|\n|-weather|none\n|upkeep\n|\n|t:|1733841182\n|switch|p1a: Koraidon|Koraidon, L64|148/235\n|-damage|p1a: Koraidon|134/235|[from] Stealth Rock\n|-weather|SunnyDay|[from] ability: Orichalcum Pulse|[of] p1a: Koraidon\n|-activate|p1a: Koraidon|Orichalcum Pulse|[source]\n|turn|20\n|\n|t:|1733841204\n|switch|p2a: Great Tusk|Great Tusk, L77|194/304\n|-activate|p2a: Great Tusk|ability: Protosynthesis\n|-start|p2a: Great Tusk|protosynthesisatk\n|move|p1a: Koraidon|Collision Course|p2a: Great Tusk\n|-damage|p2a: Great Tusk|106/304\n|\n|-weather|SunnyDay|[upkeep]\n|-heal|p2a: Great Tusk|125/304|[from] item: Leftovers\n|upkeep\n|turn|21\n|\n|t:|1733841214\n|move|p1a: Koraidon|Flare Blitz|p2a: Great Tusk\n|-crit|p2a: Great Tusk\n|-damage|p2a: Great Tusk|0 fnt\n|faint|p2a: Great Tusk\n|-end|p2a: Great Tusk|Protosynthesis|[silent]\n|-damage|p1a: Koraidon|93/235|[from] Recoil\n|\n|-weather|SunnyDay|[upkeep]\n|upkeep\n|\n|t:|1733841233\n|switch|p2a: Calyrex|Calyrex-Shadow, L64|235/235\n|-ability|p2a: Calyrex|As One\n|-ability|p2a: Calyrex|Unnerve\n|turn|22\n|\n|t:|1733841239\n|move|p2a: Calyrex|Astral Barrage|p1a: Koraidon\n|-damage|p1a: Koraidon|0 fnt\n|faint|p1a: Koraidon\n|-ability|p2a: Calyrex|Grim Neigh|boost\n|-boost|p2a: Calyrex|spa|1\n|\n|-weather|SunnyDay|[upkeep]\n|upkeep\n|\n|t:|1733841247\n|switch|p1a: Camerupt|Camerupt, L91, F|30/275\n|-damage|p1a: Camerupt|0 fnt|[from] Stealth Rock\n|faint|p1a: Camerupt\n|\n|t:|1733841251\n|switch|p1a: Gogoat|Gogoat, L88, F|253/360\n|-damage|p1a: Gogoat|208/360|[from] Stealth Rock\n|turn|23\n|\n|t:|1733841258\n|move|p2a: Calyrex|Astral Barrage|p1a: Gogoat\n|-damage|p1a: Gogoat|0 fnt\n|faint|p1a: Gogoat\n|-ability|p2a: Calyrex|Grim Neigh|boost\n|-boost|p2a: Calyrex|spa|1\n|\n|-weather|SunnyDay|[upkeep]\n|upkeep\n|\n|t:|1733841266\n|switch|p1a: Illumise|Illumise, L91, F|100/266\n|turn|24\n|\n|t:|1733841270\n|-terastallize|p2a: Calyrex|Dark\n|move|p1a: Illumise|Thunder Wave|p2a: Calyrex\n|-hint|Since gen 7, Dark is immune to Prankster moves.\n|-immune|p2a: Calyrex\n|move|p2a: Calyrex|Astral Barrage|p1a: Illumise\n|-damage|p1a: Illumise|0 fnt\n|faint|p1a: Illumise\n|\n|win|Skdkdxnvh\n|raw|wioewiwe's rating: 1000 &rarr; <strong>1000</strong><br />(+0 for losing)\n|raw|Skdkdxnvh's rating: 1045 &rarr; <strong>1074</strong><br />(+29 for winning)\n", "inputlog": ">version bfd83cad13791eb5a5a409923076391caf6fb4d4\n>start {\"formatid\":\"gen9randombattle\",\"seed\":[1238,58604,1071,30394],\"rated\":\"Rated battle\"}\n>player p1 {\"name\":\"wioewiwe\",\"avatar\":\"102\",\"rating\":1000,\"seed\":[56960,8690,54406,279]}\n>player p2 {\"name\":\"Skdkdxnvh\",\"avatar\":\"101\",\"rating\":1000,\"seed\":[41602,46839,25955,40448]}\n>p1 move spikes terastallize\n>p2 move dracometeor\n>p1 move spikes\n>p2 switch 2\n>p1 move spikes\n>p2 move circlethrow\n>p1 move earthquake\n>p2 switch 3\n>p1 move hornleech\n>p2 move freezedry\n>p1 switch 3\n>p2 move freezedry\n>p1 switch 2\n>p1 move willowisp\n>p2 switch 2\n>p1 move overheat\n>p2 move darkpulse\n>p1 move overheat\n>p2 move darkpulse\n>p1 switch 5\n>p2 move darkpulse\n>p1 move thunderwave\n>p2 move darkpulse\n>p1 move bugbuzz\n>p2 move darkpulse\n>p2 switch 4\n>p1 move roost\n>p2 move rapidspin\n>p1 move bugbuzz\n>p2 move stealthrock\n>p1 switch 6\n>p2 switch 3\n>p1 move collisioncourse\n>p2 move circlethrow\n>p1 move synthesis\n>p2 switch 2\n>p1 move terablast\n>p2 move bravebird\n>p1 move moonblast\n>p2 move bravebird\n>p1 switch 4\n>p1 move collisioncourse\n>p2 switch 3\n>p1 move flareblitz\n>p2 move closecombat\n>p2 switch 5\n>p1 move collisioncourse\n>p2 move astralbarrage\n>p1 switch 5\n>p1 switch 3\n>p1 move earthquake\n>p2 move astralbarrage\n>p1 switch 6\n>p1 move thunderwave\n>p2 move astralbarrage terastallize", "uploadtime": 1733841279, "views": 1, "formatid": "gen9randombattle", "rating": 1000, "private": 0, "password": null}