{"id": "gen9randombattle-2260352352", "format": "[Gen 9] Random Battle", "players": ["cat3039", "MarkNelson09"], "log": "|j|\u2606cat3039\n|j|\u2606MarkNelson09\n|t:|1733843057\n|gametype|singles\n|player|p1|cat3039|ltsurge|1536\n|player|p2|MarkNelson09|1|1506\n|teamsize|p1|6\n|teamsize|p2|6\n|gen|9\n|tier|[Gen 9] Random Battle\n|rated|\n|rule|Species Clause: Limit one of each Pok\u00e9mon\n|rule|HP Percentage Mod: HP is shown in percentages\n|rule|Sleep Clause Mod: Limit one foe put to sleep\n|rule|Illusion Level Mod: Illusion disguises the Pok\u00e9mon's true level\n|\n|t:|1733843057\n|start\n|switch|p1a: Typhlosion|Typhlosion, L84, M|267/267\n|switch|p2a: Sylveon|Sylveon, L85, F|300/300\n|turn|1\n|inactive|Battle timer is ON: inactive players will automatically lose when time's up. (requested by cat3039)\n|inactive|MarkNelson09 also wants the timer to be on.\n|\n|t:|1733843071\n|switch|p2a: Volcanion|Volcanion, L79|256/256\n|move|p1a: Typhlosion|Eruption|p2a: Volcanion\n|-resisted|p2a: Volcanion\n|-damage|p2a: Volcanion|185/256\n|\n|upkeep\n|turn|2\n|\n|t:|1733843085\n|switch|p1a: Walking Wake|Walking Wake, L79|286/286\n|move|p2a: Volcanion|Steam Eruption|p1a: Walking Wake\n|-resisted|p1a: Walking Wake\n|-damage|p1a: Walking Wake|251/286\n|\n|upkeep\n|turn|3\n|\n|t:|1733843095\n|move|p1a: Walking Wake|Draco Meteor|p2a: Volcanion\n|-damage|p2a: Volcanion|0 fnt\n|-unboost|p1a: Walking Wake|spa|2\n|faint|p2a: Volcanion\n|-damage|p1a: Walking Wake|223/286|[from] item: Life Orb\n|\n|upkeep\n|\n|t:|1733843113\n|switch|p2a: Iron Thorns|Iron Thorns, L83|302/302\n|-enditem|p2a: Iron Thorns|Booster Energy\n|-activate|p2a: Iron Thorns|ability: Quark Drive|[fromitem]\n|-start|p2a: Iron Thorns|quarkdriveatk\n|turn|4\n|\n|t:|1733843124\n|move|p1a: Walking Wake|Sunny Day|p1a: Walking Wake\n|-weather|SunnyDay\n|-activate|p1a: Walking Wake|ability: Protosynthesis\n|-start|p1a: Walking Wake|protosynthesisspe\n|move|p2a: Iron Thorns|Dragon Dance|p2a: Iron Thorns\n|-boost|p2a: Iron Thorns|atk|1\n|-boost|p2a: Iron Thorns|spe|1\n|\n|-weather|SunnyDay|[upkeep]\n|upkeep\n|turn|5\n|\n|t:|1733843135\n|move|p1a: Walking Wake|Hydro Steam|p2a: Iron Thorns\n|-supereffective|p2a: Iron Thorns\n|-damage|p2a: Iron Thorns|120/302\n|-damage|p1a: Walking Wake|195/286|[from] item: Life Orb\n|move|p2a: Iron Thorns|Wild Charge|p1a: Walking Wake\n|-damage|p1a: Walking Wake|0 fnt\n|faint|p1a: Walking Wake\n|-end|p1a: Walking Wake|Protosynthesis|[silent]\n|-damage|p2a: Iron Thorns|71/302|[from] Recoil\n|\n|-weather|SunnyDay|[upkeep]\n|upkeep\n|\n|t:|1733843165\n|switch|p1a: Barraskewda|Barraskewda, L81, F|231/231\n|turn|6\n|\n|t:|1733843172\n|move|p1a: Barraskewda|Flip Turn|p2a: Iron Thorns\n|-supereffective|p2a: Iron Thorns\n|-damage|p2a: Iron Thorns|0 fnt\n|faint|p2a: Iron Thorns\n|-end|p2a: Iron Thorns|Quark Drive|[silent]\n|\n|t:|1733843178\n|switch|p1a: Typhlosion|Typhlosion, L84, M|267/267|[from] Flip Turn\n|\n|-weather|SunnyDay|[upkeep]\n|upkeep\n|\n|t:|1733843190\n|switch|p2a: Dipplin|Dipplin, L88, M|284/284\n|turn|7\n|\n|t:|1733843200\n|move|p2a: Dipplin|Sucker Punch|p1a: Typhlosion\n|-damage|p1a: Typhlosion|216/267\n|move|p1a: Typhlosion|Eruption|p2a: Dipplin\n|-damage|p2a: Dipplin|77/284\n|\n|-weather|SunnyDay|[upkeep]\n|upkeep\n|turn|8\n|\n|t:|1733843208\n|move|p2a: Dipplin|Sucker Punch|p1a: Typhlosion\n|-damage|p1a: Typhlosion|163/267\n|move|p1a: Typhlosion|Eruption|p2a: Dipplin\n|-damage|p2a: Dipplin|0 fnt\n|faint|p2a: Dipplin\n|\n|-weather|none\n|upkeep\n|\n|t:|1733843217\n|switch|p2a: Roaring Moon|Roaring Moon, L72|270/270\n|turn|9\n|\n|t:|1733843233\n|switch|p1a: Barraskewda|Barraskewda, L81, F|231/231\n|move|p2a: Roaring Moon|Dragon Dance|p2a: Roaring Moon\n|-boost|p2a: Roaring Moon|atk|1\n|-boost|p2a: Roaring Moon|spe|1\n|\n|upkeep\n|turn|10\n|\n|t:|1733843244\n|move|p2a: Roaring Moon|Outrage|p1a: Barraskewda\n|-damage|p1a: Barraskewda|0 fnt\n|faint|p1a: Barraskewda\n|\n|upkeep\n|\n|t:|1733843255\n|switch|p1a: Snorlax|Snorlax, L82, M|397/397\n|turn|11\n|\n|t:|1733843278\n|-terastallize|p1a: Snorlax|Fairy\n|move|p2a: Roaring Moon|Outrage|p1a: Snorlax|[from]lockedmove\n|-immune|p1a: Snorlax\n|move|p1a: Snorlax|Body Slam|p2a: Roaring Moon\n|-damage|p2a: Roaring Moon|149/270\n|-status|p2a: Roaring Moon|par\n|-enditem|p2a: Roaring Moon|Lum Berry|[eat]\n|-curestatus|p2a: Roaring Moon|par|[msg]\n|\n|upkeep\n|turn|12\n|\n|t:|1733843297\n|move|p2a: Roaring Moon|Knock Off|p1a: Snorlax\n|-resisted|p1a: Snorlax\n|-damage|p1a: Snorlax|302/397\n|-enditem|p1a: Snorlax|Leftovers|[from] move: Knock Off|[of] p2a: Roaring Moon\n|move|p1a: Snorlax|Body Slam|p2a: Roaring Moon\n|-damage|p2a: Roaring Moon|19/270\n|\n|upkeep\n|turn|13\n|\n|t:|1733843307\n|-end|p2a: Roaring Moon|Protosynthesis|[silent]\n|switch|p2a: Sylveon|Sylveon, L85, F|300/300\n|move|p1a: Snorlax|Body Slam|p2a: Sylveon\n|-damage|p2a: Sylveon|186/300\n|\n|-heal|p2a: Sylveon|204/300|[from] item: Leftovers\n|upkeep\n|turn|14\n|\n|t:|1733843320\n|switch|p1a: Typhlosion|Typhlosion, L84, M|163/267\n|move|p2a: Sylveon|Protect||[still]\n|-fail|p2a: Sylveon\n|\n|-heal|p2a: Sylveon|222/300|[from] item: Leftovers\n|upkeep\n|turn|15\n|\n|t:|1733843329\n|move|p1a: Typhlosion|Fire Blast|p2a: Sylveon\n|-damage|p2a: Sylveon|83/300\n|move|p2a: Sylveon|Wish|p2a: Sylveon\n|\n|-heal|p2a: Sylveon|101/300|[from] item: Leftovers\n|upkeep\n|turn|16\n|\n|t:|1733843342\n|switch|p1a: Deoxys|Deoxys-Attack, L72|191/191\n|-ability|p1a: Deoxys|Pressure\n|move|p2a: Sylveon|Calm Mind|p2a: Sylveon\n|-boost|p2a: Sylveon|spa|1\n|-boost|p2a: Sylveon|spd|1\n|\n|-heal|p2a: Sylveon|251/300|[from] move: Wish|[wisher] Sylveon\n|-heal|p2a: Sylveon|269/300|[from] item: Leftovers\n|upkeep\n|turn|17\n|\n|t:|1733843360\n|move|p1a: Deoxys|Knock Off|p2a: Sylveon\n|-resisted|p2a: Sylveon\n|-damage|p2a: Sylveon|208/300\n|-enditem|p2a: Sylveon|Leftovers|[from] move: Knock Off|[of] p1a: Deoxys\n|-damage|p1a: Deoxys|172/191|[from] item: Life Orb\n|move|p2a: Sylveon|Hyper Voice|p1a: Deoxys\n|-damage|p1a: Deoxys|0 fnt\n|faint|p1a: Deoxys\n|\n|upkeep\n|inactive|cat3039 has 120 seconds left.\n|\n|t:|1733843381\n|switch|p1a: Gumshoos|Gumshoos, L95, M|321/321\n|turn|18\n|\n|t:|1733843388\n|move|p2a: Sylveon|Protect|p2a: Sylveon\n|-singleturn|p2a: Sylveon|Protect\n|move|p1a: Gumshoos|Double-Edge|p2a: Sylveon\n|-activate|p2a: Sylveon|move: Protect\n|\n|upkeep\n|turn|19\n|inactive|cat3039 has 120 seconds left.\n|\n|t:|1733843405\n|move|p2a: Sylveon|Hyper Voice|p1a: Gumshoos\n|-damage|p1a: Gumshoos|107/321\n|move|p1a: Gumshoos|Double-Edge|p2a: Sylveon\n|-damage|p2a: Sylveon|0 fnt\n|faint|p2a: Sylveon\n|-damage|p1a: Gumshoos|38/321|[from] Recoil\n|\n|upkeep\n|\n|t:|1733843416\n|switch|p2a: Vivillon|Vivillon-Polar, L84, M|272/272\n|turn|20\n|\n|t:|1733843424\n|move|p2a: Vivillon|Sleep Powder|p1a: Gumshoos\n|-status|p1a: Gumshoos|slp|[from] move: Sleep Powder\n|cant|p1a: Gumshoos|slp\n|\n|upkeep\n|turn|21\n|\n|t:|1733843431\n|switch|p1a: Typhlosion|Typhlosion, L84, M|163/267\n|move|p2a: Vivillon|Quiver Dance|p2a: Vivillon\n|-boost|p2a: Vivillon|spa|1\n|-boost|p2a: Vivillon|spd|1\n|-boost|p2a: Vivillon|spe|1\n|\n|upkeep\n|turn|22\n|\n|t:|1733843442\n|-terastallize|p2a: Vivillon|Ground\n|move|p2a: Vivillon|Tera Blast|p1a: Typhlosion|[anim] Tera Blast Ground\n|-supereffective|p1a: Typhlosion\n|-damage|p1a: Typhlosion|0 fnt\n|faint|p1a: Typhlosion\n|\n|upkeep\n|\n|t:|1733843449\n|switch|p1a: Snorlax|Snorlax, L82, M, tera:Fairy|302/397\n|turn|23\n|\n|t:|1733843455\n|move|p2a: Vivillon|Hurricane|p1a: Snorlax\n|-damage|p1a: Snorlax|160/397\n|move|p1a: Snorlax|Body Slam|p2a: Vivillon\n|-damage|p2a: Vivillon|124/272\n|\n|upkeep\n|turn|24\n|\n|t:|1733843467\n|move|p2a: Vivillon|Hurricane|p1a: Snorlax\n|-damage|p1a: Snorlax|12/397\n|move|p1a: Snorlax|Rest|p1a: Snorlax\n|-status|p1a: Snorlax|slp|[from] move: Rest\n|-heal|p1a: Snorlax|397/397 slp|[silent]\n|\n|upkeep\n|turn|25\n|\n|t:|1733843475\n|move|p2a: Vivillon|Quiver Dance|p2a: Vivillon\n|-boost|p2a: Vivillon|spa|1\n|-boost|p2a: Vivillon|spd|1\n|-boost|p2a: Vivillon|spe|1\n|cant|p1a: Snorlax|slp\n|move|p1a: Snorlax|Sleep Talk|p1a: Snorlax\n|move|p1a: Snorlax|Curse|p1a: Snorlax|[from]move: Sleep Talk\n|-unboost|p1a: Snorlax|spe|1\n|-boost|p1a: Snorlax|atk|1\n|-boost|p1a: Snorlax|def|1\n|\n|upkeep\n|turn|26\n|\n|t:|1733843487\n|move|p2a: Vivillon|Hurricane|p1a: Snorlax\n|-damage|p1a: Snorlax|213/397 slp\n|cant|p1a: Snorlax|slp\n|move|p1a: Snorlax|Sleep Talk|p1a: Snorlax\n|move|p1a: Snorlax|Body Slam|p2a: Vivillon|[from]move: Sleep Talk\n|-damage|p2a: Vivillon|0 fnt\n|faint|p2a: Vivillon\n|\n|upkeep\n|\n|t:|1733843498\n|switch|p2a: Roaring Moon|Roaring Moon, L72|19/270\n|turn|27\n|\n|t:|1733843504\n|move|p2a: Roaring Moon|Roost|p2a: Roaring Moon\n|-heal|p2a: Roaring Moon|154/270\n|-singleturn|p2a: Roaring Moon|move: Roost\n|-curestatus|p1a: Snorlax|slp|[msg]\n|move|p1a: Snorlax|Body Slam|p2a: Roaring Moon\n|-damage|p2a: Roaring Moon|0 fnt\n|faint|p2a: Roaring Moon\n|-end|p2a: Roaring Moon|Protosynthesis|[silent]\n|\n|win|cat3039\n|raw|cat3039's rating: 1536 &rarr; <strong>1554</strong><br />(+18 for winning)\n|raw|MarkNelson09's rating: 1506 &rarr; <strong>1488</strong><br />(-18 for losing)\n|l|\u2606MarkNelson09\n|player|p2|\n", "inputlog": ">version bfd83cad13791eb5a5a409923076391caf6fb4d4\n>start {\"formatid\":\"gen9randombattle\",\"seed\":[3692,22664,5012,19907],\"rated\":\"Rated battle\"}\n>player p1 {\"name\":\"cat3039\",\"avatar\":\"ltsurge\",\"rating\":1536,\"seed\":[64051,53030,39686,29514]}\n>player p2 {\"name\":\"MarkNelson09\",\"avatar\":\"1\",\"rating\":1506,\"seed\":[21569,42163,36172,5247]}\n>p1 move eruption\n>p2 switch 4\n>p1 switch 6\n>p2 move steameruption\n>p1 move dracometeor\n>p2 move earthpower\n>p2 switch 6\n>p1 move sunnyday\n>p2 move dragondance\n>p1 move hydrosteam\n>p2 move wildcharge\n>p1 switch 3\n>p1 move flipturn\n>p2 move wildcharge\n>p1 switch 6\n>p2 switch 3\n>p1 move eruption\n>p2 move suckerpunch\n>p1 move eruption\n>p2 move suckerpunch\n>p2 switch 5\n>p1 switch 6\n>p2 move dragondance\n>p1 move closecombat\n>p2 move outrage\n>p1 switch 2\n>p1 move bodyslam terastallize\n>p2 move outrage\n>p1 move bodyslam\n>p2 move knockoff\n>p1 move bodyslam\n>p2 switch 4\n>p1 switch 6\n>p2 move protect\n>p1 move fireblast\n>p2 move wish\n>p1 switch 4\n>p2 move calmmind\n>p1 move knockoff\n>p2 move hypervoice\n>p1 switch 5\n>p1 move doubleedge\n>p2 move protect\n>p1 move doubleedge\n>p2 move hypervoice\n>p2 switch 2\n>p1 move doubleedge\n>p2 move sleeppowder\n>p1 switch 4\n>p2 move quiverdance\n>p1 move fireblast\n>p2 move terablast terastallize\n>p1 switch 6\n>p1 move bodyslam\n>p2 move hurricane\n>p1 move rest\n>p2 move hurricane\n>p1 move sleeptalk\n>p2 move quiverdance\n>p1 move sleeptalk\n>p2 move hurricane\n>p2 switch 4\n>p1 move bodyslam\n>p2 move roost", "uploadtime": 1733843516, "views": 1, "formatid": "gen9randombattle", "rating": 1488, "private": 0, "password": null}