{"id": "gen9randombattle-2206244016", "format": "[Gen 9] Random Battle", "players": ["RB2T Ilex", "RB2T LW"], "log": "|raw|<div class=\"broadcast-blue\"><strong>This battle is required to be public due to a player having a name starting with 'rb2t'.</div>\n|j|\u2606RB2T Ilex\n|j|\u2606RB2T LW\n|t:|1726880772\n|gametype|singles\n|player|p1|RB2T Ilex|kris-masters|2218\n|player|p2|RB2T LW|klara|2286\n|teamsize|p1|6\n|teamsize|p2|6\n|gen|9\n|tier|[Gen 9] Random Battle\n|rated|\n|rule|Species Clause: Limit one of each Pok\u00e9mon\n|rule|HP Percentage Mod: HP is shown in percentages\n|rule|Sleep Clause Mod: Limit one foe put to sleep\n|rule|Illusion Level Mod: Illusion disguises the Pok\u00e9mon's true level\n|\n|t:|1726880772\n|start\n|switch|p1a: Trevenant|Trevenant, L88, F|293/293\n|switch|p2a: Blastoise|Blastoise, L80, M|258/258\n|turn|1\n|inactive|Battle timer is ON: inactive players will automatically lose when time's up. (requested by RB2T LW)\n|\n|t:|1726880792\n|switch|p2a: Emboar|Emboar, L84, F|322/322\n|move|p1a: Trevenant|Poltergeist|p2a: Emboar\n|-activate|p2a: Emboar|move: Poltergeist|Leftovers\n|-damage|p2a: Emboar|45/322\n|\n|-heal|p2a: Emboar|65/322|[from] item: Leftovers\n|upkeep\n|turn|2\n|\n|t:|1726880800\n|switch|p2a: Metagross|Metagross, L79|256/256\n|switch|p1a: Flareon|Flareon, L90, F|263/263\n|\n|-status|p1a: Flareon|tox|[from] item: Toxic Orb\n|upkeep\n|turn|3\n|\n|t:|1726880815\n|switch|p1a: Brambleghast|Brambleghast, L88, M|240/240\n|switch|p2a: Hippowdon|Hippowdon, L82, F|311/311\n|-weather|Sandstorm|[from] ability: Sand Stream|[of] p2a: Hippowdon\n|\n|-weather|Sandstorm|[upkeep]\n|-damage|p1a: Brambleghast|225/240|[from] Sandstorm\n|-heal|p1a: Brambleghast|240/240|[from] item: Leftovers\n|upkeep\n|turn|4\n|\n|t:|1726880828\n|-terastallize|p2a: Hippowdon|Steel\n|move|p1a: Brambleghast|Power Whip|p2a: Hippowdon\n|-resisted|p2a: Hippowdon\n|-damage|p2a: Hippowdon|247/311\n|move|p2a: Hippowdon|Curse|p2a: Hippowdon\n|-unboost|p2a: Hippowdon|spe|1\n|-boost|p2a: Hippowdon|atk|1\n|-boost|p2a: Hippowdon|def|1\n|\n|-weather|Sandstorm|[upkeep]\n|-damage|p1a: Brambleghast|225/240|[from] Sandstorm\n|-heal|p1a: Brambleghast|240/240|[from] item: Leftovers\n|-heal|p2a: Hippowdon|266/311|[from] item: Leftovers\n|upkeep\n|turn|5\n|\n|t:|1726880833\n|move|p1a: Brambleghast|Leech Seed|p2a: Hippowdon\n|-start|p2a: Hippowdon|move: Leech Seed\n|move|p2a: Hippowdon|Stone Edge|p1a: Brambleghast\n|-damage|p1a: Brambleghast|120/240\n|\n|-weather|Sandstorm|[upkeep]\n|-damage|p1a: Brambleghast|105/240|[from] Sandstorm\n|-heal|p1a: Brambleghast|120/240|[from] item: Leftovers\n|-heal|p2a: Hippowdon|285/311|[from] item: Leftovers\n|-damage|p2a: Hippowdon|247/311|[from] Leech Seed|[of] p1a: Brambleghast\n|-heal|p1a: Brambleghast|158/240|[silent]\n|upkeep\n|turn|6\n|c|\u2606RB2T LW|i quit\n|\n|t:|1726880842\n|move|p1a: Brambleghast|Substitute|p1a: Brambleghast\n|-start|p1a: Brambleghast|Substitute\n|-damage|p1a: Brambleghast|98/240\n|move|p2a: Hippowdon|Earthquake|p1a: Brambleghast\n|-resisted|p1a: Brambleghast\n|-end|p1a: Brambleghast|Substitute\n|\n|-weather|Sandstorm|[upkeep]\n|-damage|p1a: Brambleghast|83/240|[from] Sandstorm\n|-heal|p1a: Brambleghast|98/240|[from] item: Leftovers\n|-heal|p2a: Hippowdon|266/311|[from] item: Leftovers\n|-damage|p2a: Hippowdon|228/311|[from] Leech Seed|[of] p1a: Brambleghast\n|-heal|p1a: Brambleghast|136/240|[silent]\n|upkeep\n|turn|7\n|\n|t:|1726880848\n|switch|p2a: Volcanion|Volcanion, L79|255/255\n|move|p1a: Brambleghast|Substitute|p1a: Brambleghast\n|-start|p1a: Brambleghast|Substitute\n|-damage|p1a: Brambleghast|76/240\n|\n|-weather|none\n|-heal|p1a: Brambleghast|91/240|[from] item: Leftovers\n|upkeep\n|turn|8\n|\n|t:|1726880852\n|move|p1a: Brambleghast|Power Whip|p2a: Volcanion\n|-damage|p2a: Volcanion|129/255\n|move|p2a: Volcanion|Flame Charge|p1a: Brambleghast\n|-supereffective|p1a: Brambleghast\n|-end|p1a: Brambleghast|Substitute\n|-boost|p2a: Volcanion|spe|1\n|\n|-heal|p1a: Brambleghast|106/240|[from] item: Leftovers\n|upkeep\n|turn|9\n|\n|t:|1726880857\n|switch|p1a: Gumshoos|Gumshoos, L95, M|321/321\n|move|p2a: Volcanion|Steam Eruption|p1a: Gumshoos\n|-damage|p1a: Gumshoos|182/321\n|\n|upkeep\n|turn|10\n|\n|t:|1726880864\n|switch|p2a: Metagross|Metagross, L79|256/256\n|move|p1a: Gumshoos|Earthquake|p2a: Metagross\n|-supereffective|p2a: Metagross\n|-damage|p2a: Metagross|0 fnt\n|faint|p2a: Metagross\n|\n|upkeep\n|\n|t:|1726880866\n|switch|p2a: Blastoise|Blastoise, L80, M|258/258\n|turn|11\n|\n|t:|1726880874\n|switch|p1a: Trevenant|Trevenant, L88, F|293/293\n|move|p2a: Blastoise|Shell Smash|p2a: Blastoise\n|-unboost|p2a: Blastoise|def|1\n|-unboost|p2a: Blastoise|spd|1\n|-boost|p2a: Blastoise|atk|2\n|-boost|p2a: Blastoise|spa|2\n|-boost|p2a: Blastoise|spe|2\n|-enditem|p2a: Blastoise|White Herb\n|-clearnegativeboost|p2a: Blastoise|[silent]\n|\n|upkeep\n|turn|12\n|c|\u2606RB2T LW|freeze\n|c|\u2606RB2T LW|crit\n|\n|t:|1726880883\n|move|p2a: Blastoise|Ice Beam|p1a: Trevenant\n|-supereffective|p1a: Trevenant\n|-damage|p1a: Trevenant|87/293\n|move|p1a: Trevenant|Horn Leech|p2a: Blastoise\n|-supereffective|p2a: Blastoise\n|-damage|p2a: Blastoise|0 fnt\n|-heal|p1a: Trevenant|216/293|[from] drain|[of] p2a: Blastoise\n|faint|p2a: Blastoise\n|\n|upkeep\n|n|!RB2T LW|rb2tlw\n|-message|RB2T LW forfeited.\n|\n|win|RB2T Ilex\n|raw|RB2T Ilex's rating: 2218 &rarr; <strong>2242</strong><br />(+24 for winning)\n|raw|RB2T LW's rating: 2286 &rarr; <strong>2262</strong><br />(-24 for losing)\n|l|!RB2T LW\n|player|p2|\n|c|\u2606RB2T Ilex|gg\n", "inputlog": ">version ddf5848a381b6afa3b8db755b9bdef59b522c4eb\n>start {\"formatid\":\"gen9randombattle\",\"seed\":[44669,61015,63049,25517],\"rated\":\"Rated battle\"}\n>player p1 {\"name\":\"RB2T Ilex\",\"avatar\":\"kris-masters\",\"rating\":2218,\"seed\":[64921,61304,52012,45855]}\n>player p2 {\"name\":\"RB2T LW\",\"avatar\":\"klara\",\"rating\":2286,\"seed\":[60861,46963,59685,51829]}\n>p1 move poltergeist\n>p2 switch 2\n>p1 switch 6\n>p2 switch 5\n>p1 switch 5\n>p2 switch 4\n>p1 move powerwhip\n>p2 move curse terastallize\n>p1 move leechseed\n>p2 move stoneedge\n>chat \u2606RB2T LW|i quit\n>p1 move substitute\n>p2 move earthquake\n>p1 move substitute\n>p2 switch 3\n>p1 move powerwhip\n>p2 move flamecharge\n>p1 switch 3\n>p2 move steameruption\n>p1 move earthquake\n>p2 switch 4\n>p2 switch 2\n>p1 switch 6\n>p2 move shellsmash\n>chat \u2606RB2T LW|freeze\n>chat \u2606RB2T LW|crit\n>p1 move hornleech\n>p2 move icebeam\n>chat \u2606RB2T LW|fuck you\n>forcelose p2", "uploadtime": 1726880886, "views": 88, "formatid": "gen9randombattle", "rating": 2242, "private": 0, "password": null}