{"id": "gen9randombattle-2203974335", "format": "[Gen 9] Random Battle", "players": ["anujsingh83", "RB2T Delta2777"], "log": "|raw|<div class=\"broadcast-blue\"><strong>This battle is required to be public due to a player having a name starting with 'rb2t'.</div>\n|j|\u2606anujsingh83\n|j|\u2606RB2T Delta2777\n|t:|1726618635\n|gametype|singles\n|player|p1|anujsingh83|linebacker|2242\n|player|p2|RB2T Delta2777|2|2273\n|teamsize|p1|6\n|teamsize|p2|6\n|gen|9\n|tier|[Gen 9] Random Battle\n|rated|\n|rule|Species Clause: Limit one of each Pok\u00e9mon\n|rule|HP Percentage Mod: HP is shown in percentages\n|rule|Sleep Clause Mod: Limit one foe put to sleep\n|rule|Illusion Level Mod: Illusion disguises the Pok\u00e9mon's true level\n|\n|t:|1726618635\n|start\n|switch|p1a: Copperajah|Copperajah, L86, M|350/350\n|switch|p2a: Miraidon|Miraidon, L65|238/238\n|-fieldstart|move: Electric Terrain|[from] ability: Hadron Engine|[of] p2a: Miraidon\n|turn|1\n|inactive|Battle timer is ON: inactive players will automatically lose when time's up. (requested by RB2T Delta2777)\n|j| jonaozean\n|\n|t:|1726618653\n|move|p2a: Miraidon|Overheat|p1a: Copperajah|[miss]\n|-miss|p2a: Miraidon|p1a: Copperajah\n|move|p1a: Copperajah|Play Rough|p2a: Miraidon\n|-supereffective|p2a: Miraidon\n|-damage|p2a: Miraidon|0 fnt\n|faint|p2a: Miraidon\n|\n|upkeep\n|\n|t:|1726618660\n|switch|p2a: Toxicroak|Toxicroak, L84, F|277/277\n|turn|2\n|\n|t:|1726618672\n|move|p2a: Toxicroak|Close Combat|p1a: Copperajah\n|-supereffective|p1a: Copperajah\n|-damage|p1a: Copperajah|0 fnt\n|-unboost|p2a: Toxicroak|def|1\n|-unboost|p2a: Toxicroak|spd|1\n|faint|p1a: Copperajah\n|-damage|p2a: Toxicroak|250/277|[from] item: Life Orb\n|\n|upkeep\n|\n|t:|1726618679\n|switch|p1a: Raikou|Raikou, L81|278/278\n|-ability|p1a: Raikou|Pressure\n|turn|3\n|\n|t:|1726618691\n|switch|p2a: Snorlax|Snorlax, L82, F|397/397\n|move|p1a: Raikou|Volt Switch|p2a: Snorlax\n|-damage|p2a: Snorlax|271/397\n|\n|t:|1726618697\n|switch|p1a: Zekrom|Zekrom, L71|259/259|[from] Volt Switch\n|-ability|p1a: Zekrom|Teravolt\n|\n|-heal|p2a: Snorlax|295/397|[from] item: Leftovers\n|upkeep\n|turn|4\n|j| cacapoopoojh k\n|l| cacapoopoojh k\n|\n|t:|1726618718\n|move|p1a: Zekrom|Bolt Strike|p2a: Snorlax\n|-crit|p2a: Snorlax\n|-damage|p2a: Snorlax|0 fnt\n|faint|p2a: Snorlax\n|\n|upkeep\n|\n|t:|1726618730\n|switch|p2a: Hypno|Hypno, L95, M|315/315\n|turn|5\n|\n|t:|1726618748\n|switch|p1a: Venomoth|Venomoth, L84, F|255/255\n|move|p2a: Hypno|Toxic|p1a: Venomoth\n|-immune|p1a: Venomoth\n|\n|-fieldend|move: Electric Terrain\n|upkeep\n|turn|6\n|\n|t:|1726618765\n|move|p1a: Venomoth|Bug Buzz|p2a: Hypno\n|-supereffective|p2a: Hypno\n|-damage|p2a: Hypno|193/315\n|move|p2a: Hypno|Psychic Noise|p1a: Venomoth\n|-supereffective|p1a: Venomoth\n|-damage|p1a: Venomoth|51/255\n|-start|p1a: Venomoth|move: Heal Block\n|\n|-heal|p2a: Hypno|212/315|[from] item: Leftovers\n|upkeep\n|turn|7\n|\n|t:|1726618771\n|move|p2a: Hypno|Protect|p2a: Hypno\n|-singleturn|p2a: Hypno|Protect\n|move|p1a: Venomoth|Bug Buzz|p2a: Hypno\n|-activate|p2a: Hypno|move: Protect\n|\n|-heal|p2a: Hypno|231/315|[from] item: Leftovers\n|-end|p1a: Venomoth|move: Heal Block\n|upkeep\n|turn|8\n|\n|t:|1726618773\n|move|p1a: Venomoth|Bug Buzz|p2a: Hypno\n|-supereffective|p2a: Hypno\n|-crit|p2a: Hypno\n|-damage|p2a: Hypno|39/315\n|move|p2a: Hypno|Psychic Noise|p1a: Venomoth\n|-supereffective|p1a: Venomoth\n|-damage|p1a: Venomoth|0 fnt\n|faint|p1a: Venomoth\n|\n|-heal|p2a: Hypno|58/315|[from] item: Leftovers\n|upkeep\n|\n|t:|1726618780\n|switch|p1a: Raikou|Raikou, L81|278/278\n|-ability|p1a: Raikou|Pressure\n|turn|9\n|\n|t:|1726618784\n|move|p2a: Hypno|Protect|p2a: Hypno\n|-singleturn|p2a: Hypno|Protect\n|move|p1a: Raikou|Volt Switch|p2a: Hypno\n|-activate|p2a: Hypno|move: Protect\n|\n|-heal|p2a: Hypno|77/315|[from] item: Leftovers\n|upkeep\n|turn|10\n|\n|t:|1726618795\n|move|p2a: Hypno|Protect|p2a: Hypno\n|-singleturn|p2a: Hypno|Protect\n|move|p1a: Raikou|Volt Switch|p2a: Hypno\n|-activate|p2a: Hypno|move: Protect\n|\n|-heal|p2a: Hypno|96/315|[from] item: Leftovers\n|upkeep\n|turn|11\n|\n|t:|1726618800\n|move|p1a: Raikou|Volt Switch|p2a: Hypno\n|-damage|p2a: Hypno|3/315\n|\n|t:|1726618808\n|switch|p1a: Scovillain|Scovillain, L91, M|266/266|[from] Volt Switch\n|move|p2a: Hypno|Toxic|p1a: Scovillain\n|-status|p1a: Scovillain|tox\n|\n|-heal|p2a: Hypno|22/315|[from] item: Leftovers\n|-damage|p1a: Scovillain|250/266 tox|[from] psn\n|upkeep\n|turn|12\n|\n|t:|1726618825\n|switch|p1a: Raikou|Raikou, L81|278/278\n|-ability|p1a: Raikou|Pressure\n|move|p2a: Hypno|Psychic Noise|p1a: Raikou\n|-damage|p1a: Raikou|205/278\n|-start|p1a: Raikou|move: Heal Block\n|\n|-heal|p2a: Hypno|41/315|[from] item: Leftovers\n|upkeep\n|turn|13\n|\n|t:|1726618830\n|move|p2a: Hypno|Protect|p2a: Hypno\n|-singleturn|p2a: Hypno|Protect\n|move|p1a: Raikou|Volt Switch|p2a: Hypno\n|-activate|p2a: Hypno|move: Protect\n|\n|-heal|p2a: Hypno|60/315|[from] item: Leftovers\n|-end|p1a: Raikou|move: Heal Block\n|upkeep\n|turn|14\n|\n|t:|1726618856\n|move|p2a: Hypno|Protect||[still]\n|-fail|p2a: Hypno\n|move|p1a: Raikou|Volt Switch|p2a: Hypno\n|-damage|p2a: Hypno|0 fnt\n|faint|p2a: Hypno\n|\n|t:|1726618868\n|switch|p1a: Scovillain|Scovillain, L91, M|250/266 tox|[from] Volt Switch\n|\n|-damage|p1a: Scovillain|234/266 tox|[from] psn\n|upkeep\n|\n|t:|1726618879\n|switch|p2a: Gothitelle|Gothitelle, L90, M|272/272\n|turn|15\n|\n|t:|1726618890\n|move|p1a: Scovillain|Energy Ball|p2a: Gothitelle\n|-damage|p2a: Gothitelle|173/272\n|move|p2a: Gothitelle|Calm Mind|p2a: Gothitelle\n|-boost|p2a: Gothitelle|spa|1\n|-boost|p2a: Gothitelle|spd|1\n|\n|-heal|p2a: Gothitelle|190/272|[from] item: Leftovers\n|-damage|p1a: Scovillain|202/266 tox|[from] psn\n|upkeep\n|turn|16\n|inactive|RB2T Delta2777 has 120 seconds left.\n|inactive|RB2T Delta2777 has 90 seconds left.\n|\n|t:|1726618951\n|move|p1a: Scovillain|Energy Ball|p2a: Gothitelle\n|-damage|p2a: Gothitelle|123/272\n|move|p2a: Gothitelle|Psychic Noise|p1a: Scovillain\n|-damage|p1a: Scovillain|49/266 tox\n|-start|p1a: Scovillain|move: Heal Block\n|\n|-heal|p2a: Gothitelle|140/272|[from] item: Leftovers\n|-damage|p1a: Scovillain|1/266 tox|[from] psn\n|upkeep\n|turn|17\n|\n|t:|1726618963\n|move|p1a: Scovillain|Energy Ball|p2a: Gothitelle\n|-damage|p2a: Gothitelle|77/272\n|move|p2a: Gothitelle|Calm Mind|p2a: Gothitelle\n|-boost|p2a: Gothitelle|spa|1\n|-boost|p2a: Gothitelle|spd|1\n|\n|-heal|p2a: Gothitelle|94/272|[from] item: Leftovers\n|-damage|p1a: Scovillain|0 fnt|[from] psn\n|faint|p1a: Scovillain\n|upkeep\n|\n|t:|1726618970\n|switch|p1a: Zekrom|Zekrom, L71|259/259\n|-ability|p1a: Zekrom|Teravolt\n|turn|18\n|\n|t:|1726618976\n|move|p1a: Zekrom|Bolt Strike|p2a: Gothitelle|[miss]\n|-miss|p1a: Zekrom|p2a: Gothitelle\n|move|p2a: Gothitelle|Psychic Noise|p1a: Zekrom\n|-damage|p1a: Zekrom|75/259\n|-start|p1a: Zekrom|move: Heal Block\n|\n|-heal|p2a: Gothitelle|111/272|[from] item: Leftovers\n|upkeep\n|turn|19\n|inactive|RB2T Delta2777 has 90 seconds left.\n|\n|t:|1726619004\n|move|p1a: Zekrom|Bolt Strike|p2a: Gothitelle\n|-damage|p2a: Gothitelle|0 fnt\n|faint|p2a: Gothitelle\n|\n|-end|p1a: Zekrom|move: Heal Block\n|upkeep\n|\n|t:|1726619013\n|switch|p2a: Toxicroak|Toxicroak, L84, F|250/277\n|turn|20\n|\n|t:|1726619023\n|move|p2a: Toxicroak|Gunk Shot|p1a: Zekrom\n|-damage|p1a: Zekrom|0 fnt\n|faint|p1a: Zekrom\n|-damage|p2a: Toxicroak|223/277|[from] item: Life Orb\n|\n|upkeep\n|\n|t:|1726619033\n|switch|p1a: Porygon2|Porygon2, L82|274/274\n|-ability|p1a: Porygon2|Download|boost\n|-boost|p1a: Porygon2|spa|1\n|turn|21\n|inactive|RB2T Delta2777 has 90 seconds left.\n|inactive|RB2T Delta2777 has 60 seconds left.\n|inactive|RB2T Delta2777 has 30 seconds left.\n|inactive|RB2T Delta2777 has 20 seconds left.\n|\n|t:|1726619123\n|-terastallize|p1a: Porygon2|Electric\n|move|p2a: Toxicroak|Swords Dance|p2a: Toxicroak\n|-boost|p2a: Toxicroak|atk|2\n|move|p1a: Porygon2|Discharge|p2a: Toxicroak\n|-damage|p2a: Toxicroak|54/277\n|\n|upkeep\n|turn|22\n|inactive|RB2T Delta2777 has 30 seconds left this turn.\n|\n|t:|1726619141\n|-terastallize|p2a: Toxicroak|Fighting\n|move|p2a: Toxicroak|Close Combat|p1a: Porygon2\n|-damage|p1a: Porygon2|0 fnt\n|-unboost|p2a: Toxicroak|def|1\n|-unboost|p2a: Toxicroak|spd|1\n|faint|p1a: Porygon2\n|-damage|p2a: Toxicroak|27/277|[from] item: Life Orb\n|\n|upkeep\n|inactive|RB2T Delta2777 has 30 seconds left this turn.\n|\n|t:|1726619144\n|switch|p1a: Raikou|Raikou, L81|205/278\n|-ability|p1a: Raikou|Pressure\n|turn|23\n|\n|t:|1726619151\n|move|p2a: Toxicroak|Sucker Punch|p1a: Raikou\n|-damage|p1a: Raikou|58/278\n|-damage|p2a: Toxicroak|0 fnt|[from] item: Life Orb\n|faint|p2a: Toxicroak\n|move|p1a: Raikou|Thunderbolt|p2: Toxicroak|[notarget]\n|-fail|p1a: Raikou\n|\n|upkeep\n|\n|t:|1726619157\n|switch|p2a: Ditto|Ditto, L87|225/225\n|-transform|p2a: Ditto|p1a: Raikou|[from] ability: Imposter\n|-ability|p2a: Ditto|Pressure\n|turn|24\n|l|\u2606anujsingh83\n|inactive|anujsingh83 disconnected and has a minute to reconnect!\n|player|p1|\n|c|\u2606RB2T Delta2777|what a sore loser lmao\n|inactive|RB2T Delta2777 has 30 seconds left.\n|\n|t:|1726619176\n|move|p2a: Ditto|Scald|p1a: Raikou\n|-damage|p1a: Raikou|1/278\n|-status|p1a: Raikou|brn\n|move|p1a: Raikou|Thunderbolt|p2a: Ditto\n|-resisted|p2a: Ditto\n|-damage|p2a: Ditto|150/225\n|\n|-damage|p1a: Raikou|0 fnt|[from] brn\n|faint|p1a: Raikou\n|\n|win|RB2T Delta2777\n|upkeep\n|raw|anujsingh83's rating: 2242 &rarr; <strong>2224</strong><br />(-18 for losing)\n|raw|RB2T Delta2777's rating: 2273 &rarr; <strong>2291</strong><br />(+18 for winning)\n", "inputlog": ">version ddf5848a381b6afa3b8db755b9bdef59b522c4eb\n>start {\"formatid\":\"gen9randombattle\",\"seed\":[22968,21722,41664,63418],\"rated\":\"Rated battle\"}\n>player p1 {\"name\":\"anujsingh83\",\"avatar\":\"linebacker\",\"rating\":2242,\"seed\":[3217,18224,7169,45934]}\n>player p2 {\"name\":\"RB2T Delta2777\",\"avatar\":\"2\",\"rating\":2273,\"seed\":[9321,29352,3699,13771]}\n>p1 move playrough\n>p2 move overheat\n>p2 switch 2\n>p1 move playrough\n>p2 move closecombat\n>p1 switch 5\n>p1 move voltswitch\n>p2 switch 3\n>p1 switch 6\n>p1 move boltstrike\n>p2 move bodyslam\n>p2 switch 6\n>p1 switch 4\n>p2 move toxic\n>p1 move bugbuzz\n>p2 move psychicnoise\n>p1 move bugbuzz\n>p2 move protect\n>p1 move bugbuzz\n>p2 move psychicnoise\n>p1 switch 6\n>p1 move voltswitch\n>p2 move protect\n>p1 move voltswitch\n>p2 move protect\n>p1 move voltswitch\n>p2 move toxic\n>p1 switch 3\n>p1 switch 3\n>p2 move psychicnoise\n>p1 move voltswitch\n>p2 move protect\n>p1 move voltswitch\n>p2 move protect\n>p1 switch 3\n>p2 switch 5\n>p1 move energyball\n>p2 move calmmind\n>p1 move energyball\n>p2 move psychicnoise\n>p1 move energyball\n>p2 move calmmind\n>p1 switch 4\n>p1 move boltstrike\n>p2 move psychicnoise\n>p1 move boltstrike\n>p2 move psychicnoise\n>p2 switch 3\n>p1 move outrage\n>p2 move gunkshot\n>p1 switch 2\n>p1 move discharge terastallize\n>p2 move swordsdance\n>p1 move discharge\n>p2 move closecombat terastallize\n>p1 switch 3\n>p1 move thunderbolt\n>p2 move suckerpunch\n>p2 switch 4\n>chat \u2606RB2T Delta2777|what a sore loser lmao\n>p1 move thunderbolt\n>p2 move scald", "uploadtime": 1726619187, "views": 87, "formatid": "gen9randombattle", "rating": 2224, "private": 0, "password": null}