{"id": "gen9randombattle-2259813535", "format": "[Gen 9] Random Battle", "players": ["SP1K3N", "fabidv"], "log": "|j|\u2606SP1K3N\n|j|\u2606fabidv\n|t:|1733769264\n|gametype|singles\n|player|p1|SP1K3N|169|1535\n|player|p2|fabidv|alder|1576\n|teamsize|p1|6\n|teamsize|p2|6\n|gen|9\n|tier|[Gen 9] Random Battle\n|rated|\n|rule|Species Clause: Limit one of each Pok\u00e9mon\n|rule|HP Percentage Mod: HP is shown in percentages\n|rule|Sleep Clause Mod: Limit one foe put to sleep\n|rule|Illusion Level Mod: Illusion disguises the Pok\u00e9mon's true level\n|\n|t:|1733769264\n|start\n|switch|p1a: Vikavolt|Vikavolt, L83, F|263/263\n|switch|p2a: Toxtricity|Toxtricity, L82, M|257/257\n|turn|1\n|\n|t:|1733769293\n|move|p2a: Toxtricity|Shift Gear|p2a: Toxtricity\n|-boost|p2a: Toxtricity|spe|2\n|-boost|p2a: Toxtricity|atk|1\n|move|p1a: Vikavolt|Bug Buzz|p2a: Toxtricity\n|-resisted|p2a: Toxtricity\n|-damage|p2a: Toxtricity|221/257\n|\n|upkeep\n|turn|2\n|\n|t:|1733769320\n|move|p2a: Toxtricity|Boomburst|p1a: Vikavolt\n|-damage|p1a: Vikavolt|117/263\n|-enditem|p2a: Toxtricity|Throat Spray\n|-boost|p2a: Toxtricity|spa|1|[from] item: Throat Spray\n|move|p1a: Vikavolt|Sticky Web|p2a: Toxtricity\n|-sidestart|p2: fabidv|move: Sticky Web\n|\n|upkeep\n|turn|3\n|\n|t:|1733769330\n|move|p2a: Toxtricity|Boomburst|p1a: Vikavolt\n|-damage|p1a: Vikavolt|0 fnt\n|faint|p1a: Vikavolt\n|\n|upkeep\n|inactive|Battle timer is ON: inactive players will automatically lose when time's up. (requested by fabidv)\n|\n|t:|1733769370\n|switch|p1a: Iron Boulder|Iron Boulder, L77|265/265\n|turn|4\n|inactive|fabidv has 120 seconds left.\n|\n|t:|1733769406\n|move|p2a: Toxtricity|Overdrive|p1a: Iron Boulder\n|-damage|p1a: Iron Boulder|108/265\n|move|p1a: Iron Boulder|Zen Headbutt|p2a: Toxtricity\n|-supereffective|p2a: Toxtricity\n|-damage|p2a: Toxtricity|0 fnt\n|faint|p2a: Toxtricity\n|-damage|p1a: Iron Boulder|82/265|[from] item: Life Orb\n|\n|upkeep\n|\n|t:|1733769411\n|switch|p2a: Donphan|Donphan, L84, F|288/288\n|-activate|p2a: Donphan|move: Sticky Web\n|-unboost|p2a: Donphan|spe|1\n|turn|5\n|\n|t:|1733769433\n|-end|p1a: Iron Boulder|Quark Drive|[silent]\n|switch|p1a: Dragonite|Dragonite, L74, M|257/257\n|move|p2a: Donphan|Rapid Spin|p1a: Dragonite\n|-damage|p1a: Dragonite|236/257\n|-boost|p2a: Donphan|spe|1\n|-sideend|p2: fabidv|Sticky Web|[from] move: Rapid Spin|[of] p2a: Donphan\n|\n|upkeep\n|turn|6\n|\n|t:|1733769447\n|switch|p1a: Samurott|Samurott, L88, F|310/310\n|move|p2a: Donphan|Ice Spinner|p1a: Samurott\n|-resisted|p1a: Samurott\n|-damage|p1a: Samurott|276/310\n|\n|upkeep\n|turn|7\n|\n|t:|1733769455\n|switch|p2a: Eelektross|Eelektross, L87, M|290/290\n|move|p1a: Samurott|Flip Turn|p2a: Eelektross\n|-damage|p2a: Eelektross|214/290\n|\n|t:|1733769463\n|switch|p1a: Iron Boulder|Iron Boulder, L77|82/265|[from] Flip Turn\n|\n|upkeep\n|turn|8\n|\n|t:|1733769474\n|move|p1a: Iron Boulder|Close Combat|p2a: Eelektross\n|-damage|p2a: Eelektross|102/290\n|-unboost|p1a: Iron Boulder|def|1\n|-unboost|p1a: Iron Boulder|spd|1\n|-damage|p1a: Iron Boulder|56/265|[from] item: Life Orb\n|move|p2a: Eelektross|Giga Drain|p1a: Iron Boulder\n|-supereffective|p1a: Iron Boulder\n|-damage|p1a: Iron Boulder|0 fnt\n|-heal|p2a: Eelektross|130/290|[from] drain|[of] p1a: Iron Boulder\n|faint|p1a: Iron Boulder\n|-end|p1a: Iron Boulder|Quark Drive|[silent]\n|\n|upkeep\n|\n|t:|1733769486\n|switch|p1a: Kingdra|Kingdra, L84, F|263/263\n|turn|9\n|\n|t:|1733769515\n|move|p1a: Kingdra|Dragon Dance|p1a: Kingdra\n|-boost|p1a: Kingdra|atk|1\n|-boost|p1a: Kingdra|spe|1\n|move|p2a: Eelektross|Dragon Tail|p1a: Kingdra|[miss]\n|-miss|p2a: Eelektross|p1a: Kingdra\n|\n|upkeep\n|turn|10\n|\n|t:|1733769526\n|move|p1a: Kingdra|Outrage|p2a: Eelektross\n|-damage|p2a: Eelektross|0 fnt\n|faint|p2a: Eelektross\n|\n|upkeep\n|\n|t:|1733769536\n|switch|p2a: Donphan|Donphan, L84, F|288/288\n|turn|11\n|\n|t:|1733769541\n|move|p1a: Kingdra|Outrage|p2a: Donphan|[from]lockedmove\n|-damage|p2a: Donphan|146/288\n|move|p2a: Donphan|Earthquake|p1a: Kingdra\n|-damage|p1a: Kingdra|145/263\n|\n|upkeep\n|turn|12\n|\n|t:|1733769549\n|move|p1a: Kingdra|Outrage|p2a: Donphan|[from]lockedmove\n|-damage|p2a: Donphan|2/288\n|-start|p1a: Kingdra|confusion|[fatigue]\n|-enditem|p1a: Kingdra|Lum Berry|[eat]\n|-end|p1a: Kingdra|confusion\n|move|p2a: Donphan|Earthquake|p1a: Kingdra\n|-damage|p1a: Kingdra|36/263\n|\n|upkeep\n|turn|13\n|\n|t:|1733769559\n|move|p1a: Kingdra|Iron Head|p2a: Donphan\n|-damage|p2a: Donphan|0 fnt\n|faint|p2a: Donphan\n|\n|upkeep\n|\n|t:|1733769565\n|switch|p2a: Arceus|Arceus-Bug, L73|295/295\n|turn|14\n|\n|t:|1733769572\n|move|p1a: Kingdra|Outrage|p2a: Arceus\n|-damage|p2a: Arceus|112/295\n|move|p2a: Arceus|Judgment|p1a: Kingdra\n|-damage|p1a: Kingdra|0 fnt\n|faint|p1a: Kingdra\n|\n|upkeep\n|\n|t:|1733769590\n|switch|p1a: Dragonite|Dragonite, L74, M|236/257\n|turn|15\n|\n|t:|1733769595\n|switch|p2a: Iron Bundle|Iron Bundle, L77|213/213\n|move|p1a: Dragonite|Dragon Dance|p1a: Dragonite\n|-boost|p1a: Dragonite|atk|1\n|-boost|p1a: Dragonite|spe|1\n|\n|upkeep\n|turn|16\n|\n|t:|1733769621\n|-terastallize|p1a: Dragonite|Ground\n|move|p2a: Iron Bundle|Encore|p1a: Dragonite\n|-start|p1a: Dragonite|Encore\n|move|p1a: Dragonite|Dragon Dance|p1a: Dragonite\n|-boost|p1a: Dragonite|atk|1\n|-boost|p1a: Dragonite|spe|1\n|\n|upkeep\n|turn|17\n|\n|t:|1733769630\n|switch|p1a: Samurott|Samurott, L88, F|276/310\n|move|p2a: Iron Bundle|Ice Beam|p1a: Samurott\n|-resisted|p1a: Samurott\n|-damage|p1a: Samurott|237/310\n|\n|upkeep\n|turn|18\n|\n|t:|1733769637\n|-end|p2a: Iron Bundle|Quark Drive|[silent]\n|switch|p2a: Arceus|Arceus-Bug, L73|112/295\n|move|p1a: Samurott|Sacred Sword|p2a: Arceus\n|-resisted|p2a: Arceus\n|-damage|p2a: Arceus|82/295\n|\n|upkeep\n|turn|19\n|\n|t:|1733769643\n|move|p2a: Arceus|Recover|p2a: Arceus\n|-heal|p2a: Arceus|230/295\n|move|p1a: Samurott|Flip Turn|p2a: Arceus\n|-damage|p2a: Arceus|158/295\n|\n|t:|1733769650\n|switch|p1a: Dragonite|Dragonite, L74, M, tera:Ground|236/257|[from] Flip Turn\n|\n|upkeep\n|turn|20\n|\n|t:|1733769659\n|move|p2a: Arceus|Earth Power|p1a: Dragonite\n|-damage|p1a: Dragonite|175/257\n|move|p1a: Dragonite|Earthquake|p2a: Arceus\n|-resisted|p2a: Arceus\n|-damage|p2a: Arceus|110/295\n|\n|upkeep\n|turn|21\n|\n|t:|1733769667\n|switch|p2a: Iron Bundle|Iron Bundle, L77|213/213\n|move|p1a: Dragonite|Dragon Dance|p1a: Dragonite\n|-boost|p1a: Dragonite|atk|1\n|-boost|p1a: Dragonite|spe|1\n|\n|upkeep\n|turn|22\n|\n|t:|1733769673\n|switch|p1a: Samurott|Samurott, L88, F|237/310\n|move|p2a: Iron Bundle|Freeze-Dry|p1a: Samurott\n|-supereffective|p1a: Samurott\n|-damage|p1a: Samurott|129/310\n|-status|p1a: Samurott|frz\n|\n|upkeep\n|turn|23\n|\n|t:|1733769681\n|move|p2a: Iron Bundle|Freeze-Dry|p1a: Samurott\n|-supereffective|p1a: Samurott\n|-damage|p1a: Samurott|13/310 frz\n|cant|p1a: Samurott|frz\n|\n|upkeep\n|turn|24\n|-message|SP1K3N forfeited.\n|\n|win|fabidv\n|raw|SP1K3N's rating: 1535 &rarr; <strong>1517</strong><br />(-18 for losing)\n|raw|fabidv's rating: 1576 &rarr; <strong>1594</strong><br />(+18 for winning)\n|l|\u2606SP1K3N\n|player|p1|\n", "inputlog": ">version bfd83cad13791eb5a5a409923076391caf6fb4d4\n>start {\"formatid\":\"gen9randombattle\",\"seed\":[39167,19832,16734,29997],\"rated\":\"Rated battle\"}\n>player p1 {\"name\":\"SP1K3N\",\"avatar\":\"169\",\"rating\":1535,\"seed\":[7546,52667,55042,53098]}\n>player p2 {\"name\":\"fabidv\",\"avatar\":\"alder\",\"rating\":1576,\"seed\":[49673,32094,47003,36851]}\n>p1 move bugbuzz\n>p2 move shiftgear\n>p1 move stickyweb\n>p2 move boomburst\n>p1 move bugbuzz\n>p2 move boomburst\n>p1 switch 5\n>p1 move zenheadbutt\n>p2 move overdrive\n>p2 switch 4\n>p1 switch 2\n>p2 move rapidspin\n>p1 switch 6\n>p2 move icespinner\n>p1 move flipturn\n>p2 switch 5\n>p1 switch 2\n>p1 move closecombat\n>p2 move gigadrain\n>p1 switch 3\n>p1 move dragondance\n>p2 move dragontail\n>p1 move outrage\n>p2 move dragontail\n>p2 switch 5\n>p1 move outrage\n>p2 move earthquake\n>p1 move outrage\n>p2 move earthquake\n>p1 move ironhead\n>p2 move rapidspin\n>p2 switch 3\n>p1 move outrage\n>p2 move judgment\n>p1 switch 6\n>p1 move dragondance\n>p2 switch 6\n>p1 move earthquake terastallize\n>p2 move encore\n>p1 switch 2\n>p2 move icebeam\n>p1 move sacredsword\n>p2 switch 6\n>p1 move flipturn\n>p2 move recover\n>p1 switch 2\n>p1 move earthquake\n>p2 move earthpower\n>p1 move dragondance\n>p2 switch 6\n>p1 switch 2\n>p2 move freezedry\n>p1 move sacredsword\n>p2 move freezedry\n>forcelose p1", "uploadtime": 1733769692, "views": 3, "formatid": "gen9randombattle", "rating": 1517, "private": 0, "password": null}