{"id": "gen9randombattle-2260651718", "format": "[Gen 9] Random Battle", "players": ["Word-en3", "AnonymousBW"], "log": "|j|\u2606Word-en3\n|j|\u2606AnonymousBW\n|t:|1733873998\n|gametype|singles\n|player|p1|Word-en3|265|1555\n|player|p2|AnonymousBW|lucas|1572\n|teamsize|p1|6\n|teamsize|p2|6\n|gen|9\n|tier|[Gen 9] Random Battle\n|rated|\n|rule|Species Clause: Limit one of each Pok\u00e9mon\n|rule|HP Percentage Mod: HP is shown in percentages\n|rule|Sleep Clause Mod: Limit one foe put to sleep\n|rule|Illusion Level Mod: Illusion disguises the Pok\u00e9mon's true level\n|\n|t:|1733873998\n|start\n|switch|p1a: Froslass|Froslass, L87, F|263/263\n|switch|p2a: Lilligant|Lilligant, L86, F|261/261\n|turn|1\n|inactive|Battle timer is ON: inactive players will automatically lose when time's up. (requested by Word-en3)\n|\n|t:|1733874006\n|move|p1a: Froslass|Triple Axel|p2a: Lilligant\n|-supereffective|p2a: Lilligant\n|-crit|p2a: Lilligant\n|-damage|p2a: Lilligant|199/261\n|-supereffective|p2a: Lilligant\n|-damage|p2a: Lilligant|119/261\n|-supereffective|p2a: Lilligant\n|-damage|p2a: Lilligant|0 fnt\n|faint|p2a: Lilligant\n|-hitcount|p2: Lilligant|3\n|\n|upkeep\n|\n|t:|1733874013\n|switch|p2a: Arceus|Arceus-Ice, L72|291/291\n|turn|2\n|\n|t:|1733874018\n|move|p1a: Froslass|Will-O-Wisp|p2a: Arceus\n|-status|p2a: Arceus|brn\n|move|p2a: Arceus|Calm Mind|p2a: Arceus\n|-boost|p2a: Arceus|spa|1\n|-boost|p2a: Arceus|spd|1\n|\n|-damage|p2a: Arceus|273/291 brn|[from] brn\n|upkeep\n|turn|3\n|\n|t:|1733874023\n|move|p1a: Froslass|Poltergeist|p2a: Arceus\n|-activate|p2a: Arceus|move: Poltergeist|Icicle Plate\n|-damage|p2a: Arceus|179/291 brn\n|move|p2a: Arceus|Calm Mind|p2a: Arceus\n|-boost|p2a: Arceus|spa|1\n|-boost|p2a: Arceus|spd|1\n|\n|-damage|p2a: Arceus|161/291 brn|[from] brn\n|upkeep\n|turn|4\n|\n|t:|1733874034\n|switch|p1a: Dunsparce|Dunsparce, L86, M|312/312\n|move|p2a: Arceus|Recover|p2a: Arceus\n|-heal|p2a: Arceus|291/291 brn\n|\n|-damage|p2a: Arceus|273/291 brn|[from] brn\n|upkeep\n|turn|5\n|\n|t:|1733874039\n|move|p2a: Arceus|Judgment|p1a: Dunsparce\n|-damage|p1a: Dunsparce|140/312\n|move|p1a: Dunsparce|Body Slam|p2a: Arceus\n|-damage|p2a: Arceus|206/291 brn\n|\n|-damage|p2a: Arceus|188/291 brn|[from] brn\n|upkeep\n|turn|6\n|\n|t:|1733874045\n|move|p2a: Arceus|Judgment|p1a: Dunsparce\n|-damage|p1a: Dunsparce|0 fnt\n|faint|p1a: Dunsparce\n|\n|-damage|p2a: Arceus|170/291 brn|[from] brn\n|upkeep\n|\n|t:|1733874055\n|switch|p1a: Groudon|Groudon, L72|263/263\n|-weather|SunnyDay|[from] ability: Drought|[of] p1a: Groudon\n|turn|7\n|\n|t:|1733874060\n|-terastallize|p1a: Groudon|Fire\n|move|p2a: Arceus|Judgment|p1a: Groudon\n|-resisted|p1a: Groudon\n|-damage|p1a: Groudon|143/263\n|move|p1a: Groudon|Heat Crash|p2a: Arceus\n|-supereffective|p2a: Arceus\n|-damage|p2a: Arceus|0 fnt\n|faint|p2a: Arceus\n|\n|-weather|SunnyDay|[upkeep]\n|-heal|p1a: Groudon|159/263|[from] item: Leftovers\n|upkeep\n|\n|t:|1733874069\n|switch|p2a: Gyarados|Gyarados, L79, M|280/280\n|turn|8\n|\n|t:|1733874073\n|move|p2a: Gyarados|Dragon Dance|p2a: Gyarados\n|-boost|p2a: Gyarados|atk|1\n|-boost|p2a: Gyarados|spe|1\n|move|p1a: Groudon|Will-O-Wisp|p2a: Gyarados\n|-status|p2a: Gyarados|brn\n|\n|-weather|SunnyDay|[upkeep]\n|-heal|p1a: Groudon|175/263|[from] item: Leftovers\n|-damage|p2a: Gyarados|263/280 brn|[from] brn\n|upkeep\n|turn|9\n|\n|t:|1733874079\n|move|p2a: Gyarados|Dragon Dance|p2a: Gyarados\n|-boost|p2a: Gyarados|atk|1\n|-boost|p2a: Gyarados|spe|1\n|move|p1a: Groudon|Stone Edge|p2a: Gyarados|[miss]\n|-miss|p1a: Groudon|p2a: Gyarados\n|\n|-weather|SunnyDay|[upkeep]\n|-heal|p1a: Groudon|191/263|[from] item: Leftovers\n|-damage|p2a: Gyarados|246/280 brn|[from] brn\n|upkeep\n|turn|10\n|\n|t:|1733874084\n|move|p2a: Gyarados|Earthquake|p1a: Groudon\n|-supereffective|p1a: Groudon\n|-damage|p1a: Groudon|62/263\n|move|p1a: Groudon|Stone Edge|p2a: Gyarados|[miss]\n|-miss|p1a: Groudon|p2a: Gyarados\n|\n|-weather|SunnyDay|[upkeep]\n|-heal|p1a: Groudon|78/263|[from] item: Leftovers\n|-damage|p2a: Gyarados|229/280 brn|[from] brn\n|upkeep\n|turn|11\n|\n|t:|1733874089\n|switch|p1a: Mandibuzz|Mandibuzz, L85, F|326/326\n|move|p2a: Gyarados|Earthquake|p1a: Mandibuzz\n|-immune|p1a: Mandibuzz\n|\n|-weather|none\n|-damage|p2a: Gyarados|212/280 brn|[from] brn\n|upkeep\n|turn|12\n|\n|t:|1733874092\n|move|p2a: Gyarados|Waterfall|p1a: Mandibuzz\n|-damage|p1a: Mandibuzz|253/326\n|cant|p1a: Mandibuzz|flinch\n|\n|-damage|p2a: Gyarados|195/280 brn|[from] brn\n|upkeep\n|turn|13\n|\n|t:|1733874097\n|move|p2a: Gyarados|Waterfall|p1a: Mandibuzz\n|-damage|p1a: Mandibuzz|180/326\n|move|p1a: Mandibuzz|Knock Off|p2a: Gyarados\n|-damage|p2a: Gyarados|99/280 brn\n|-enditem|p2a: Gyarados|Heavy-Duty Boots|[from] move: Knock Off|[of] p1a: Mandibuzz\n|\n|-damage|p2a: Gyarados|82/280 brn|[from] brn\n|upkeep\n|turn|14\n|\n|t:|1733874110\n|move|p2a: Gyarados|Waterfall|p1a: Mandibuzz\n|-damage|p1a: Mandibuzz|101/326\n|cant|p1a: Mandibuzz|flinch\n|\n|-damage|p2a: Gyarados|65/280 brn|[from] brn\n|upkeep\n|turn|15\n|\n|t:|1733874115\n|move|p2a: Gyarados|Waterfall|p1a: Mandibuzz\n|-damage|p1a: Mandibuzz|20/326\n|move|p1a: Mandibuzz|Roost|p1a: Mandibuzz\n|-heal|p1a: Mandibuzz|183/326\n|-singleturn|p1a: Mandibuzz|move: Roost\n|\n|-damage|p2a: Gyarados|48/280 brn|[from] brn\n|upkeep\n|turn|16\n|\n|t:|1733874121\n|move|p2a: Gyarados|Waterfall|p1a: Mandibuzz\n|-damage|p1a: Mandibuzz|100/326\n|move|p1a: Mandibuzz|Roost|p1a: Mandibuzz\n|-heal|p1a: Mandibuzz|263/326\n|-singleturn|p1a: Mandibuzz|move: Roost\n|\n|-damage|p2a: Gyarados|31/280 brn|[from] brn\n|upkeep\n|turn|17\n|\n|t:|1733874130\n|move|p2a: Gyarados|Dragon Dance|p2a: Gyarados\n|-boost|p2a: Gyarados|atk|1\n|-boost|p2a: Gyarados|spe|1\n|move|p1a: Mandibuzz|Roost|p1a: Mandibuzz\n|-heal|p1a: Mandibuzz|326/326\n|-singleturn|p1a: Mandibuzz|move: Roost\n|\n|-damage|p2a: Gyarados|14/280 brn|[from] brn\n|upkeep\n|turn|18\n|\n|t:|1733874133\n|move|p2a: Gyarados|Waterfall|p1a: Mandibuzz\n|-damage|p1a: Mandibuzz|219/326\n|move|p1a: Mandibuzz|Roost|p1a: Mandibuzz\n|-heal|p1a: Mandibuzz|326/326\n|-singleturn|p1a: Mandibuzz|move: Roost\n|\n|-damage|p2a: Gyarados|0 fnt|[from] brn\n|faint|p2a: Gyarados\n|upkeep\n|\n|t:|1733874140\n|switch|p2a: Volbeat|Volbeat, L90, M|263/263\n|turn|19\n|\n|t:|1733874163\n|move|p2a: Volbeat|Lunge|p1a: Mandibuzz\n|-damage|p1a: Mandibuzz|262/326\n|-unboost|p1a: Mandibuzz|atk|1\n|move|p1a: Mandibuzz|Brave Bird|p2a: Volbeat\n|-supereffective|p2a: Volbeat\n|-damage|p2a: Volbeat|119/263\n|-damage|p1a: Mandibuzz|214/326|[from] Recoil\n|\n|upkeep\n|turn|20\n|\n|t:|1733874173\n|move|p2a: Volbeat|Lunge|p1a: Mandibuzz\n|-damage|p1a: Mandibuzz|142/326\n|-unboost|p1a: Mandibuzz|atk|1\n|move|p1a: Mandibuzz|Brave Bird|p2a: Volbeat\n|-supereffective|p2a: Volbeat\n|-damage|p2a: Volbeat|5/263\n|-damage|p1a: Mandibuzz|104/326|[from] Recoil\n|\n|upkeep\n|turn|21\n|\n|t:|1733874179\n|move|p2a: Volbeat|Roost|p2a: Volbeat\n|-heal|p2a: Volbeat|137/263\n|-singleturn|p2a: Volbeat|move: Roost\n|move|p1a: Mandibuzz|Brave Bird|p2a: Volbeat\n|-supereffective|p2a: Volbeat\n|-damage|p2a: Volbeat|39/263\n|-damage|p1a: Mandibuzz|72/326|[from] Recoil\n|\n|upkeep\n|turn|22\n|\n|t:|1733874187\n|move|p2a: Volbeat|Lunge|p1a: Mandibuzz\n|-damage|p1a: Mandibuzz|5/326\n|-unboost|p1a: Mandibuzz|atk|1\n|move|p1a: Mandibuzz|Brave Bird|p2a: Volbeat\n|-supereffective|p2a: Volbeat\n|-damage|p2a: Volbeat|0 fnt\n|faint|p2a: Volbeat\n|-damage|p1a: Mandibuzz|0 fnt|[from] Recoil\n|faint|p1a: Mandibuzz\n|\n|upkeep\n|\n|t:|1733874195\n|switch|p2a: Flapple|Flapple, L88, F|266/266\n|switch|p1a: Froslass|Froslass, L87, F|263/263\n|turn|23\n|\n|t:|1733874202\n|move|p1a: Froslass|Triple Axel|p2a: Flapple\n|-supereffective|p2a: Flapple\n|-crit|p2a: Flapple\n|-damage|p2a: Flapple|130/266\n|-supereffective|p2a: Flapple\n|-damage|p2a: Flapple|0 fnt\n|faint|p2a: Flapple\n|-hitcount|p2: Flapple|2\n|\n|upkeep\n|\n|t:|1733874205\n|switch|p2a: Clefable|Clefable, L83, F|293/293\n|turn|24\n|\n|t:|1733874212\n|move|p1a: Froslass|Poltergeist|p2a: Clefable\n|-activate|p2a: Clefable|move: Poltergeist|Life Orb\n|-damage|p2a: Clefable|160/293\n|move|p2a: Clefable|Thunder Wave|p1a: Froslass\n|-status|p1a: Froslass|par\n|\n|upkeep\n|turn|25\n|\n|t:|1733874222\n|switch|p1a: Gengar|Gengar, L81, M|230/230\n|move|p2a: Clefable|Fire Blast|p1a: Gengar\n|-damage|p1a: Gengar|123/230\n|\n|upkeep\n|turn|26\n|\n|t:|1733874229\n|-terastallize|p2a: Clefable|Poison\n|move|p1a: Gengar|Sludge Wave|p2a: Clefable\n|-resisted|p2a: Clefable\n|-damage|p2a: Clefable|78/293\n|move|p2a: Clefable|Thunder Wave|p1a: Gengar\n|-status|p1a: Gengar|par\n|\n|upkeep\n|turn|27\n|\n|t:|1733874235\n|move|p2a: Clefable|Moonblast|p1a: Gengar\n|-resisted|p1a: Gengar\n|-damage|p1a: Gengar|55/230 par\n|-start|p2a: Clefable|Disable|Moonblast|[from] ability: Cursed Body|[of] p1a: Gengar\n|move|p1a: Gengar|Sludge Wave|p2a: Clefable\n|-resisted|p2a: Clefable\n|-damage|p2a: Clefable|0 fnt\n|faint|p2a: Clefable\n|\n|win|Word-en3\n|raw|Word-en3's rating: 1555 &rarr; <strong>1576</strong><br />(+21 for winning)\n|raw|AnonymousBW's rating: 1572 &rarr; <strong>1551</strong><br />(-21 for losing)\n|l|\u2606Word-en3\n|player|p1|\n|c|\u2606AnonymousBW|gg\n", "inputlog": ">version bfd83cad13791eb5a5a409923076391caf6fb4d4\n>start {\"formatid\":\"gen9randombattle\",\"seed\":[16976,10442,50612,13545],\"rated\":\"Rated battle\"}\n>player p1 {\"name\":\"Word-en3\",\"avatar\":\"265\",\"rating\":1555,\"seed\":[29479,32908,59195,53975]}\n>player p2 {\"name\":\"AnonymousBW\",\"avatar\":\"lucas\",\"rating\":1572,\"seed\":[54725,47437,47129,45028]}\n>p1 move tripleaxel\n>p2 move quiverdance\n>p2 switch 5\n>p1 move willowisp\n>p2 move calmmind\n>p1 move poltergeist\n>p2 move calmmind\n>p1 switch 4\n>p2 move recover\n>p1 move bodyslam\n>p2 move judgment\n>p1 move bodyslam\n>p2 move judgment\n>p1 switch 3\n>p1 move heatcrash terastallize\n>p2 move judgment\n>p2 switch 4\n>p1 move willowisp\n>p2 move dragondance\n>p1 move stoneedge\n>p2 move dragondance\n>p1 move stoneedge\n>p2 move earthquake\n>p1 switch 2\n>p2 move earthquake\n>p1 move knockoff\n>p2 move waterfall\n>p1 move knockoff\n>p2 move waterfall\n>p1 move roost\n>p2 move waterfall\n>p1 move roost\n>p2 move waterfall\n>p1 move roost\n>p2 move waterfall\n>p1 move roost\n>p2 move dragondance\n>p1 move roost\n>p2 move waterfall\n>p2 switch 3\n>p1 move bravebird\n>p2 move lunge\n>p1 move bravebird\n>p2 move lunge\n>p1 move bravebird\n>p2 move roost\n>p1 move bravebird\n>p2 move lunge\n>p1 switch 4\n>p2 switch 2\n>p1 move tripleaxel\n>p2 move outrage\n>p2 switch 6\n>p1 move poltergeist\n>p2 move thunderwave\n>p1 switch 5\n>p2 move fireblast\n>p1 move sludgewave\n>p2 move thunderwave terastallize\n>p1 move sludgewave\n>p2 move moonblast", "uploadtime": 1733874246, "views": 1, "formatid": "gen9randombattle", "rating": 1551, "private": 0, "password": null}