{"id": "gen9randombattle-2260887527", "format": "[Gen 9] Random Battle", "players": ["Donkermaterie", "TimBluesWin"], "log": "|j|\u2606Donkermaterie\n|j|\u2606TimBluesWin\n|t:|1733911143\n|gametype|singles\n|player|p1|Donkermaterie|170|1879\n|player|p2|TimBluesWin|lucas|1953\n|teamsize|p1|6\n|teamsize|p2|6\n|gen|9\n|tier|[Gen 9] Random Battle\n|rated|\n|rule|Species Clause: Limit one of each Pok\u00e9mon\n|rule|HP Percentage Mod: HP is shown in percentages\n|rule|Sleep Clause Mod: Limit one foe put to sleep\n|rule|Illusion Level Mod: Illusion disguises the Pok\u00e9mon's true level\n|\n|t:|1733911143\n|start\n|switch|p1a: Medicham|Medicham, L86, F|243/243\n|switch|p2a: Kyurem|Kyurem, L77|319/319\n|-ability|p2a: Kyurem|Pressure\n|turn|1\n|inactive|Battle timer is ON: inactive players will automatically lose when time's up. (requested by TimBluesWin)\n|\n|t:|1733911161\n|switch|p2a: Ariados|Ariados, L95, F|287/287\n|move|p1a: Medicham|Poison Jab|p2a: Ariados\n|-resisted|p2a: Ariados\n|-damage|p2a: Ariados|245/287\n|\n|upkeep\n|turn|2\n|\n|t:|1733911184\n|switch|p1a: Glimmora|Glimmora, L75, M|248/248\n|-item|p1a: Glimmora|Air Balloon\n|move|p2a: Ariados|Sticky Web|p1a: Glimmora\n|-sidestart|p1: Donkermaterie|move: Sticky Web\n|\n|upkeep\n|turn|3\n|inactive|TimBluesWin has 120 seconds left.\n|\n|t:|1733911219\n|switch|p2a: Cobalion|Cobalion, L80, shiny|277/277\n|move|p1a: Glimmora|Stealth Rock|p2a: Cobalion\n|-sidestart|p2: TimBluesWin|move: Stealth Rock\n|\n|upkeep\n|turn|4\n|inactive|TimBluesWin has 120 seconds left.\n|inactive|TimBluesWin has 90 seconds left.\n|\n|t:|1733911280\n|move|p2a: Cobalion|Iron Head|p1a: Glimmora\n|-supereffective|p1a: Glimmora\n|-damage|p1a: Glimmora|90/248\n|-activate|p1a: Glimmora|ability: Toxic Debris\n|-sidestart|p2: TimBluesWin|move: Toxic Spikes\n|-enditem|p1a: Glimmora|Air Balloon\n|move|p1a: Glimmora|Earth Power|p2a: Cobalion\n|-supereffective|p2a: Cobalion\n|-damage|p2a: Cobalion|127/277\n|\n|-heal|p2a: Cobalion|144/277|[from] item: Leftovers\n|upkeep\n|turn|5\n|\n|t:|1733911293\n|switch|p1a: Thundurus|Thundurus, L80, M|258/258\n|move|p2a: Cobalion|Iron Head|p1a: Thundurus\n|-resisted|p1a: Thundurus\n|-damage|p1a: Thundurus|208/258\n|\n|-heal|p2a: Cobalion|161/277|[from] item: Leftovers\n|upkeep\n|turn|6\n|inactive|TimBluesWin has 60 seconds left.\n|\n|t:|1733911325\n|switch|p2a: Seviper|Seviper, L93, M|287/287\n|-damage|p2a: Seviper|252/287|[from] Stealth Rock\n|-sideend|p2: TimBluesWin|move: Toxic Spikes|[of] p2a: Seviper\n|move|p1a: Thundurus|Nasty Plot|p1a: Thundurus\n|-boost|p1a: Thundurus|spa|2\n|\n|-heal|p2a: Seviper|269/287|[from] item: Leftovers\n|upkeep\n|turn|7\n|\n|t:|1733911337\n|move|p1a: Thundurus|Thunderbolt|p2a: Seviper\n|-damage|p2a: Seviper|4/287\n|move|p2a: Seviper|Trailblaze|p1a: Thundurus\n|-resisted|p1a: Thundurus\n|-damage|p1a: Thundurus|183/258\n|-boost|p2a: Seviper|spe|1\n|\n|-heal|p2a: Seviper|21/287|[from] item: Leftovers\n|upkeep\n|turn|8\n|\n|t:|1733911349\n|move|p2a: Seviper|Gunk Shot|p1a: Thundurus\n|-damage|p1a: Thundurus|0 fnt\n|faint|p1a: Thundurus\n|\n|-heal|p2a: Seviper|38/287|[from] item: Leftovers\n|upkeep\n|\n|t:|1733911369\n|switch|p1a: Piloswine|Piloswine, L85, M|309/309\n|-activate|p1a: Piloswine|move: Sticky Web\n|-unboost|p1a: Piloswine|spe|1\n|turn|9\n|inactive|TimBluesWin has 30 seconds left.\n|inactive|TimBluesWin has 20 seconds left.\n|\n|t:|1733911411\n|switch|p2a: Glastrier|Glastrier, L86|311/311\n|-damage|p2a: Glastrier|234/311|[from] Stealth Rock\n|move|p1a: Piloswine|Ice Shard|p2a: Glastrier\n|-resisted|p2a: Glastrier\n|-damage|p2a: Glastrier|219/311\n|\n|upkeep\n|turn|10\n|inactive|TimBluesWin has 30 seconds left this turn.\n|inactive|TimBluesWin has 20 seconds left.\n|\n|t:|1733911423\n|move|p2a: Glastrier|Heavy Slam|p1a: Piloswine\n|-supereffective|p1a: Piloswine\n|-damage|p1a: Piloswine|59/309\n|move|p1a: Piloswine|Roar|p2a: Glastrier\n|drag|p2a: Kyurem|Kyurem, L77|319/319\n|-damage|p2a: Kyurem|240/319|[from] Stealth Rock\n|-ability|p2a: Kyurem|Pressure\n|\n|upkeep\n|turn|11\n|inactive|TimBluesWin has 30 seconds left this turn.\n|inactive|TimBluesWin has 20 seconds left.\n|\n|t:|1733911436\n|move|p1a: Piloswine|Ice Shard|p2a: Kyurem\n|-damage|p2a: Kyurem|188/319\n|move|p2a: Kyurem|Ice Beam|p1a: Piloswine\n|-damage|p1a: Piloswine|0 fnt\n|faint|p1a: Piloswine\n|\n|upkeep\n|inactive|TimBluesWin has 25 seconds left this turn.\n|\n|t:|1733911463\n|switch|p1a: Medicham|Medicham, L86, F|243/243\n|-activate|p1a: Medicham|move: Sticky Web\n|-unboost|p1a: Medicham|spe|1\n|turn|12\n|inactive|TimBluesWin has 30 seconds left.\n|\n|t:|1733911469\n|switch|p2a: Seviper|Seviper, L93, M|38/287\n|-damage|p2a: Seviper|3/287|[from] Stealth Rock\n|move|p1a: Medicham|Zen Headbutt|p2a: Seviper\n|-supereffective|p2a: Seviper\n|-damage|p2a: Seviper|0 fnt\n|faint|p2a: Seviper\n|\n|upkeep\n|inactive|TimBluesWin has 30 seconds left.\n|\n|t:|1733911480\n|switch|p2a: Cobalion|Cobalion, L80, shiny|161/277\n|-damage|p2a: Cobalion|153/277|[from] Stealth Rock\n|turn|13\n|inactive|TimBluesWin has 30 seconds left.\n|\n|t:|1733911493\n|move|p2a: Cobalion|Iron Head|p1a: Medicham\n|-damage|p1a: Medicham|167/243\n|move|p1a: Medicham|Zen Headbutt|p2a: Cobalion|[miss]\n|-miss|p1a: Medicham|p2a: Cobalion\n|\n|-heal|p2a: Cobalion|170/277|[from] item: Leftovers\n|upkeep\n|turn|14\n|l|\u2606Donkermaterie\n|inactive|Donkermaterie disconnected and has a minute to reconnect!\n|player|p1|\n|inactive|TimBluesWin has 30 seconds left.\n|inactive|Donkermaterie has 30 seconds to reconnect!\n|inactive|Donkermaterie has 20 seconds to reconnect!\n|inactive|Donkermaterie has 15 seconds to reconnect!\n|inactive|Donkermaterie has 10 seconds to reconnect!\n|inactive|Donkermaterie has 5 seconds to reconnect!\n|-message|Donkermaterie lost due to inactivity.\n|\n|win|TimBluesWin\n|raw|Donkermaterie's rating: 1879 &rarr; <strong>1863</strong><br />(-16 for losing)\n|raw|TimBluesWin's rating: 1953 &rarr; <strong>1969</strong><br />(+16 for winning)\n", "inputlog": ">version bfd83cad13791eb5a5a409923076391caf6fb4d4\n>start {\"formatid\":\"gen9randombattle\",\"seed\":[5285,3902,60632,44293],\"rated\":\"Rated battle\"}\n>player p1 {\"name\":\"Donkermaterie\",\"avatar\":\"170\",\"rating\":1879,\"seed\":[31404,21775,21856,40468]}\n>player p2 {\"name\":\"TimBluesWin\",\"avatar\":\"lucas\",\"rating\":1953,\"seed\":[32632,57600,38946,11908]}\n>p1 move poisonjab\n>p2 switch 3\n>p1 switch 6\n>p2 move stickyweb\n>p1 move stealthrock\n>p2 switch 2\n>p1 move earthpower\n>p2 move ironhead\n>p1 switch 2\n>p2 move ironhead\n>p1 move nastyplot\n>p2 switch 6\n>p1 move thunderbolt\n>p2 move trailblaze\n>p1 move terablast\n>p2 move gunkshot\n>p1 switch 5\n>p1 move iceshard\n>p2 switch 4\n>p1 move roar\n>p2 move heavyslam\n>p1 move iceshard\n>p2 move icebeam\n>p1 switch 6\n>p1 move zenheadbutt\n>p2 switch 4\n>p2 switch 6\n>p1 move zenheadbutt\n>p2 move ironhead\n>forcelose p1", "uploadtime": 1733911565, "views": 1, "formatid": "gen9randombattle", "rating": 1863, "private": 0, "password": null}