{"id": "gen9randombattle-2260613971", "format": "[Gen 9] Random Battle", "players": ["I Love Your Plants", "DavoTheDestroya"], "log": "|j|\u2606I Love Your Plants\n|j|\u2606DavoTheDestroya\n|t:|1733869404\n|gametype|singles\n|player|p1|I Love Your Plants|2|1560\n|player|p2|DavoTheDestroya|265|1609\n|teamsize|p1|6\n|teamsize|p2|6\n|gen|9\n|tier|[Gen 9] Random Battle\n|rated|\n|rule|Species Clause: Limit one of each Pok\u00e9mon\n|rule|HP Percentage Mod: HP is shown in percentages\n|rule|Sleep Clause Mod: Limit one foe put to sleep\n|rule|Illusion Level Mod: Illusion disguises the Pok\u00e9mon's true level\n|\n|t:|1733869404\n|start\n|switch|p1a: Porygon-Z|Porygon-Z, L83|277/277\n|switch|p2a: Wigglytuff|Wigglytuff, L96, F|424/424\n|turn|1\n|inactive|Battle timer is ON: inactive players will automatically lose when time's up. (requested by I Love Your Plants)\n|\n|t:|1733869428\n|move|p1a: Porygon-Z|Nasty Plot|p1a: Porygon-Z\n|-boost|p1a: Porygon-Z|spa|2\n|move|p2a: Wigglytuff|Thunder Wave|p1a: Porygon-Z\n|-status|p1a: Porygon-Z|par\n|\n|upkeep\n|turn|2\n|\n|t:|1733869434\n|move|p2a: Wigglytuff|Alluring Voice|p1a: Porygon-Z\n|-damage|p1a: Porygon-Z|168/277 par\n|move|p1a: Porygon-Z|Tri Attack|p2a: Wigglytuff\n|-damage|p2a: Wigglytuff|0 fnt\n|faint|p2a: Wigglytuff\n|-damage|p1a: Porygon-Z|141/277 par|[from] item: Life Orb\n|\n|upkeep\n|inactive|DavoTheDestroya has 120 seconds left.\n|\n|t:|1733869465\n|switch|p2a: Ho-Oh|Ho-Oh, L71|268/268\n|turn|3\n|\n|t:|1733869470\n|move|p2a: Ho-Oh|Brave Bird|p1a: Porygon-Z\n|-damage|p1a: Porygon-Z|0 fnt\n|faint|p1a: Porygon-Z\n|-damage|p2a: Ho-Oh|221/268|[from] Recoil\n|\n|upkeep\n|\n|t:|1733869480\n|switch|p1a: Hitmontop|Hitmontop, L88, M|231/231\n|-ability|p1a: Hitmontop|Intimidate|boost\n|-unboost|p2a: Ho-Oh|atk|1\n|turn|4\n|\n|t:|1733869488\n|switch|p2a: Dachsbun|Dachsbun, L92, M|254/254\n|move|p1a: Hitmontop|Rapid Spin|p2a: Dachsbun\n|-damage|p2a: Dachsbun|224/254\n|-boost|p1a: Hitmontop|spe|1\n|\n|-heal|p2a: Dachsbun|239/254|[from] item: Leftovers\n|upkeep\n|turn|5\n|\n|t:|1733869506\n|-terastallize|p1a: Hitmontop|Steel\n|move|p1a: Hitmontop|Earthquake|p2a: Dachsbun\n|-damage|p2a: Dachsbun|186/254\n|move|p2a: Dachsbun|Play Rough|p1a: Hitmontop\n|-resisted|p1a: Hitmontop\n|-damage|p1a: Hitmontop|185/231\n|\n|-heal|p2a: Dachsbun|201/254|[from] item: Leftovers\n|upkeep\n|turn|6\n|\n|t:|1733869518\n|move|p1a: Hitmontop|Earthquake|p2a: Dachsbun\n|-crit|p2a: Dachsbun\n|-damage|p2a: Dachsbun|120/254\n|move|p2a: Dachsbun|Stomping Tantrum|p1a: Hitmontop\n|-supereffective|p1a: Hitmontop\n|-damage|p1a: Hitmontop|93/231\n|\n|-heal|p2a: Dachsbun|135/254|[from] item: Leftovers\n|upkeep\n|turn|7\n|\n|t:|1733869533\n|move|p1a: Hitmontop|Stone Edge|p2a: Dachsbun\n|-damage|p2a: Dachsbun|77/254\n|move|p2a: Dachsbun|Wish|p2a: Dachsbun\n|\n|-heal|p2a: Dachsbun|92/254|[from] item: Leftovers\n|upkeep\n|turn|8\n|\n|t:|1733869541\n|move|p1a: Hitmontop|Stone Edge|p2a: Dachsbun\n|-damage|p2a: Dachsbun|34/254\n|move|p2a: Dachsbun|Stomping Tantrum|p1a: Hitmontop\n|-supereffective|p1a: Hitmontop\n|-damage|p1a: Hitmontop|0 fnt\n|faint|p1a: Hitmontop\n|\n|-heal|p2a: Dachsbun|161/254|[from] move: Wish|[wisher] Dachsbun\n|-heal|p2a: Dachsbun|176/254|[from] item: Leftovers\n|upkeep\n|\n|t:|1733869552\n|switch|p1a: Fezandipiti|Fezandipiti, L82, M|278/278\n|turn|9\n|\n|t:|1733869562\n|switch|p2a: Ho-Oh|Ho-Oh, L71|268/268\n|move|p1a: Fezandipiti|Gunk Shot|p2a: Ho-Oh\n|-damage|p2a: Ho-Oh|144/268\n|\n|upkeep\n|turn|10\n|\n|t:|1733869575\n|move|p1a: Fezandipiti|Gunk Shot|p2a: Ho-Oh|[miss]\n|-miss|p1a: Fezandipiti|p2a: Ho-Oh\n|move|p2a: Ho-Oh|Earthquake|p1a: Fezandipiti\n|-supereffective|p1a: Fezandipiti\n|-damage|p1a: Fezandipiti|128/278\n|\n|-heal|p1a: Fezandipiti|145/278|[from] item: Leftovers\n|upkeep\n|turn|11\n|\n|t:|1733869586\n|move|p1a: Fezandipiti|Gunk Shot|p2a: Ho-Oh|[miss]\n|-miss|p1a: Fezandipiti|p2a: Ho-Oh\n|move|p2a: Ho-Oh|Earthquake|p1a: Fezandipiti\n|-supereffective|p1a: Fezandipiti\n|-damage|p1a: Fezandipiti|1/278\n|\n|-heal|p1a: Fezandipiti|18/278|[from] item: Leftovers\n|upkeep\n|turn|12\n|\n|t:|1733869597\n|move|p1a: Fezandipiti|Roost|p1a: Fezandipiti\n|-heal|p1a: Fezandipiti|157/278\n|-singleturn|p1a: Fezandipiti|move: Roost\n|move|p2a: Ho-Oh|Earthquake|p1a: Fezandipiti\n|-supereffective|p1a: Fezandipiti\n|-damage|p1a: Fezandipiti|7/278\n|\n|-heal|p1a: Fezandipiti|24/278|[from] item: Leftovers\n|upkeep\n|turn|13\n|\n|t:|1733869603\n|move|p1a: Fezandipiti|Roost|p1a: Fezandipiti\n|-heal|p1a: Fezandipiti|163/278\n|-singleturn|p1a: Fezandipiti|move: Roost\n|move|p2a: Ho-Oh|Earthquake|p1a: Fezandipiti\n|-supereffective|p1a: Fezandipiti\n|-damage|p1a: Fezandipiti|19/278\n|\n|-heal|p1a: Fezandipiti|36/278|[from] item: Leftovers\n|upkeep\n|turn|14\n|\n|t:|1733869612\n|move|p1a: Fezandipiti|Gunk Shot|p2a: Ho-Oh|[miss]\n|-miss|p1a: Fezandipiti|p2a: Ho-Oh\n|move|p2a: Ho-Oh|Sacred Fire|p1a: Fezandipiti\n|-damage|p1a: Fezandipiti|0 fnt\n|faint|p1a: Fezandipiti\n|\n|upkeep\n|c|\u2606I Love Your Plants|Fucking cancer thing\n|\n|t:|1733869623\n|switch|p1a: Flareon|Flareon, L90, F|263/263\n|turn|15\n|\n|t:|1733869629\n|move|p2a: Ho-Oh|Earthquake|p1a: Flareon\n|-supereffective|p1a: Flareon\n|-damage|p1a: Flareon|103/263\n|move|p1a: Flareon|Trailblaze|p2a: Ho-Oh\n|-resisted|p2a: Ho-Oh\n|-damage|p2a: Ho-Oh|128/268\n|-boost|p1a: Flareon|spe|1\n|\n|-status|p1a: Flareon|tox|[from] item: Toxic Orb\n|upkeep\n|turn|16\n|\n|t:|1733869642\n|switch|p2a: Salamence|Salamence, L77, M|273/273\n|-ability|p2a: Salamence|Intimidate|boost\n|-unboost|p1a: Flareon|atk|1\n|move|p1a: Flareon|Facade|p2a: Salamence\n|-damage|p2a: Salamence|108/273\n|\n|-damage|p1a: Flareon|87/263 tox|[from] psn\n|upkeep\n|turn|17\n|\n|t:|1733869658\n|move|p1a: Flareon|Facade|p2a: Salamence\n|-damage|p2a: Salamence|0 fnt\n|faint|p2a: Salamence\n|\n|-damage|p1a: Flareon|55/263 tox|[from] psn\n|upkeep\n|\n|t:|1733869663\n|switch|p2a: Luvdisc|Luvdisc, M|247/247\n|turn|18\n|\n|t:|1733869672\n|switch|p1a: Sneasler|Sneasler, L74, M|240/240\n|move|p2a: Luvdisc|Surf|p1a: Sneasler\n|-damage|p1a: Sneasler|147/240\n|\n|upkeep\n|turn|19\n|inactive|DavoTheDestroya has 120 seconds left.\n|\n|t:|1733869705\n|move|p2a: Luvdisc|Whirlpool|p1a: Sneasler|[miss]\n|-miss|p2a: Luvdisc|p1a: Sneasler\n|move|p1a: Sneasler|Dire Claw|p2a: Luvdisc\n|-damage|p2a: Luvdisc|109/247\n|\n|upkeep\n|turn|20\n|inactive|DavoTheDestroya has 120 seconds left.\n|\n|t:|1733869717\n|move|p2a: Luvdisc|Substitute|p2a: Luvdisc\n|-start|p2a: Luvdisc|Substitute\n|-damage|p2a: Luvdisc|48/247\n|move|p1a: Sneasler|Dire Claw|p2a: Luvdisc\n|-end|p2a: Luvdisc|Substitute\n|\n|upkeep\n|turn|21\n|\n|t:|1733869722\n|move|p2a: Luvdisc|Endeavor|p1a: Sneasler\n|-damage|p1a: Sneasler|48/240\n|move|p1a: Sneasler|Dire Claw|p2a: Luvdisc\n|-damage|p2a: Luvdisc|0 fnt\n|faint|p2a: Luvdisc\n|\n|upkeep\n|\n|t:|1733869726\n|switch|p2a: Dachsbun|Dachsbun, L92, M|176/254\n|turn|22\n|\n|t:|1733869734\n|move|p2a: Dachsbun|Stomping Tantrum|p1a: Sneasler\n|-supereffective|p1a: Sneasler\n|-damage|p1a: Sneasler|0 fnt\n|faint|p1a: Sneasler\n|\n|-heal|p2a: Dachsbun|191/254|[from] item: Leftovers\n|upkeep\n|\n|t:|1733869736\n|switch|p1a: Ambipom|Ambipom, L84, F|263/263\n|turn|23\n|\n|t:|1733869759\n|move|p1a: Ambipom|Fake Out|p2a: Dachsbun\n|-damage|p2a: Dachsbun|128/254\n|cant|p2a: Dachsbun|flinch\n|\n|-heal|p2a: Dachsbun|143/254|[from] item: Leftovers\n|upkeep\n|turn|24\n|\n|t:|1733869765\n|move|p1a: Ambipom|Double-Edge|p2a: Dachsbun\n|-damage|p2a: Dachsbun|26/254\n|-damage|p1a: Ambipom|224/263|[from] Recoil\n|move|p2a: Dachsbun|Wish|p2a: Dachsbun\n|\n|-heal|p2a: Dachsbun|41/254|[from] item: Leftovers\n|upkeep\n|turn|25\n|\n|t:|1733869772\n|move|p2a: Dachsbun|Protect|p2a: Dachsbun\n|-singleturn|p2a: Dachsbun|Protect\n|move|p1a: Ambipom|Double-Edge|p2a: Dachsbun\n|-activate|p2a: Dachsbun|move: Protect\n|\n|-heal|p2a: Dachsbun|168/254|[from] move: Wish|[wisher] Dachsbun\n|-heal|p2a: Dachsbun|183/254|[from] item: Leftovers\n|upkeep\n|turn|26\n|\n|t:|1733869779\n|move|p1a: Ambipom|Knock Off|p2a: Dachsbun\n|-resisted|p2a: Dachsbun\n|-damage|p2a: Dachsbun|157/254\n|-enditem|p2a: Dachsbun|Leftovers|[from] move: Knock Off|[of] p1a: Ambipom\n|move|p2a: Dachsbun|Play Rough|p1a: Ambipom\n|-damage|p1a: Ambipom|110/263\n|\n|upkeep\n|turn|27\n|\n|t:|1733869790\n|switch|p2a: Ho-Oh|Ho-Oh, L71|217/268\n|move|p1a: Ambipom|Double-Edge|p2a: Ho-Oh\n|-damage|p2a: Ho-Oh|22/268\n|-damage|p1a: Ambipom|46/263|[from] Recoil\n|\n|upkeep\n|turn|28\n|\n|t:|1733869797\n|switch|p2a: Dachsbun|Dachsbun, L92, M|157/254\n|move|p1a: Ambipom|Knock Off|p2a: Dachsbun\n|-resisted|p2a: Dachsbun\n|-damage|p2a: Dachsbun|139/254\n|\n|upkeep\n|turn|29\n|\n|t:|1733869800\n|move|p1a: Ambipom|Double-Edge|p2a: Dachsbun\n|-damage|p2a: Dachsbun|22/254\n|-damage|p1a: Ambipom|7/263|[from] Recoil\n|move|p2a: Dachsbun|Play Rough|p1a: Ambipom\n|-damage|p1a: Ambipom|0 fnt\n|faint|p1a: Ambipom\n|\n|upkeep\n|\n|t:|1733869802\n|switch|p1a: Flareon|Flareon, L90, F|55/263 tox\n|turn|30\n|\n|t:|1733869807\n|move|p1a: Flareon|Quick Attack|p2a: Dachsbun\n|-damage|p2a: Dachsbun|0 fnt\n|faint|p2a: Dachsbun\n|\n|-damage|p1a: Flareon|39/263 tox|[from] psn\n|upkeep\n|n|!I Love Your Plants|iloveyourplants\n|\n|t:|1733869826\n|switch|p2a: Ursaluna|Ursaluna, L79, M|335/335\n|turn|31\n|\n|t:|1733869834\n|-terastallize|p2a: Ursaluna|Normal\n|move|p1a: Flareon|Trailblaze|p2a: Ursaluna\n|-damage|p2a: Ursaluna|269/335\n|-boost|p1a: Flareon|spe|1\n|move|p2a: Ursaluna|Headlong Rush|p1a: Flareon\n|-supereffective|p1a: Flareon\n|-damage|p1a: Flareon|0 fnt\n|-unboost|p2a: Ursaluna|def|1\n|-unboost|p2a: Ursaluna|spd|1\n|faint|p1a: Flareon\n|\n|win|DavoTheDestroya\n", "inputlog": ">version bfd83cad13791eb5a5a409923076391caf6fb4d4\n>start {\"formatid\":\"gen9randombattle\",\"seed\":[59014,17341,29778,61749],\"rated\":\"Rated battle\"}\n>player p1 {\"name\":\"I Love Your Plants\",\"avatar\":\"2\",\"rating\":1560,\"seed\":[43824,63375,43559,18381]}\n>player p2 {\"name\":\"DavoTheDestroya\",\"avatar\":\"265\",\"rating\":1609,\"seed\":[24903,22236,972,1164]}\n>p1 move nastyplot\n>p2 move thunderwave\n>p1 move triattack\n>p2 move alluringvoice\n>p2 switch 5\n>p1 move thunderbolt\n>p2 move bravebird\n>p1 switch 6\n>p1 move rapidspin\n>p2 switch 3\n>p1 move earthquake terastallize\n>p2 move playrough\n>p1 move earthquake\n>p2 move stompingtantrum\n>p1 move stoneedge\n>p2 move wish\n>p1 move stoneedge\n>p2 move stompingtantrum\n>p1 switch 3\n>p1 move gunkshot\n>p2 switch 3\n>p1 move gunkshot\n>p2 move earthquake\n>p1 move gunkshot\n>p2 move earthquake\n>p1 move roost\n>p2 move earthquake\n>p1 move roost\n>p2 move earthquake\n>p1 move gunkshot\n>p2 move sacredfire\n>chat \u2606I Love Your Plants|Fucking cancer thing\n>p1 switch 4\n>p1 move trailblaze\n>p2 move earthquake\n>p1 move facade\n>p2 switch 4\n>p1 move facade\n>p2 move dualwingbeat\n>p2 switch 6\n>p1 switch 5\n>p2 move surf\n>p1 move direclaw\n>p2 move whirlpool\n>p1 move direclaw\n>p2 move substitute\n>p1 move direclaw\n>p2 move endeavor\n>p2 switch 3\n>p1 move direclaw\n>p2 move stompingtantrum\n>p1 switch 2\n>p1 move fakeout\n>p2 move playrough\n>p1 move doubleedge\n>p2 move wish\n>p1 move doubleedge\n>p2 move protect\n>p1 move knockoff\n>p2 move playrough\n>p1 move doubleedge\n>p2 switch 4\n>p1 move knockoff\n>p2 switch 4\n>p1 move doubleedge\n>p2 move playrough\n>p1 switch 5\n>p1 move quickattack\n>p2 move stompingtantrum\n>chat \u2606I Love Your Plants|Piece of shit. Fuck you\n>p2 switch 2\n>p1 move trailblaze\n>p2 move headlongrush terastallize", "uploadtime": 1733869811, "views": 1, "formatid": "gen9randombattle", "rating": null, "private": 0, "password": null}