{"id": "gen9randombattle-2260920069", "format": "[Gen 9] Random Battle", "players": ["ajainga", "CFgenesis"], "log": "|j|\u2606ajainga\n|j|\u2606CFgenesis\n|t:|1733916884\n|gametype|singles\n|player|p1|ajainga|hiker-gen4|2001\n|player|p2|CFgenesis|camper|1949\n|teamsize|p1|6\n|teamsize|p2|6\n|gen|9\n|tier|[Gen 9] Random Battle\n|rated|\n|rule|Species Clause: Limit one of each Pok\u00e9mon\n|rule|HP Percentage Mod: HP is shown in percentages\n|rule|Sleep Clause Mod: Limit one foe put to sleep\n|rule|Illusion Level Mod: Illusion disguises the Pok\u00e9mon's true level\n|\n|t:|1733916884\n|start\n|switch|p1a: Sandslash|Sandslash, L88, M|275/275\n|switch|p2a: Venusaur|Venusaur, L84, F|272/272\n|turn|1\n|inactive|Battle timer is ON: inactive players will automatically lose when time's up. (requested by ajainga)\n|inactive|ajainga has 120 seconds left.\n|\n|t:|1733916938\n|move|p2a: Venusaur|Substitute|p2a: Venusaur\n|-start|p2a: Venusaur|Substitute\n|-damage|p2a: Venusaur|204/272\n|move|p1a: Sandslash|Earthquake|p2a: Venusaur\n|-end|p2a: Venusaur|Substitute\n|\n|-heal|p2a: Venusaur|221/272|[from] item: Leftovers\n|upkeep\n|turn|2\n|\n|t:|1733916945\n|switch|p1a: Zarude|Zarude-Dada, L78|292/292\n|move|p2a: Venusaur|Giga Drain|p1a: Zarude\n|-resisted|p1a: Zarude\n|-damage|p1a: Zarude|251/292\n|-heal|p2a: Venusaur|242/272|[from] drain|[of] p1a: Zarude\n|\n|-heal|p2a: Venusaur|259/272|[from] item: Leftovers\n|upkeep\n|turn|3\n|\n|t:|1733916952\n|move|p1a: Zarude|Knock Off|p2a: Venusaur\n|-damage|p2a: Venusaur|100/272\n|-enditem|p2a: Venusaur|Leftovers|[from] move: Knock Off|[of] p1a: Zarude\n|move|p2a: Venusaur|Sludge Bomb|p1a: Zarude\n|-supereffective|p1a: Zarude\n|-damage|p1a: Zarude|51/292\n|-status|p1a: Zarude|psn\n|\n|-damage|p1a: Zarude|15/292 psn|[from] psn\n|upkeep\n|turn|4\n|\n|t:|1733916963\n|switch|p2a: Kricketune|Kricketune, L99, F|312/312\n|move|p1a: Zarude|Knock Off|p2a: Kricketune\n|-damage|p2a: Kricketune|129/312\n|-enditem|p2a: Kricketune|Heavy-Duty Boots|[from] move: Knock Off|[of] p1a: Zarude\n|\n|-damage|p1a: Zarude|0 fnt|[from] psn\n|faint|p1a: Zarude\n|upkeep\n|\n|t:|1733916969\n|switch|p1a: Koraidon|Koraidon, L64|235/235\n|-weather|SunnyDay|[from] ability: Orichalcum Pulse|[of] p1a: Koraidon\n|-activate|p1a: Koraidon|Orichalcum Pulse|[source]\n|turn|5\n|\n|t:|1733916973\n|move|p1a: Koraidon|Flare Blitz|p2a: Kricketune\n|-supereffective|p2a: Kricketune\n|-damage|p2a: Kricketune|0 fnt\n|faint|p2a: Kricketune\n|-damage|p1a: Koraidon|192/235|[from] Recoil\n|\n|-weather|SunnyDay|[upkeep]\n|upkeep\n|\n|t:|1733916981\n|switch|p2a: Swampert|Swampert, L83, F|302/302\n|turn|6\n|\n|t:|1733916991\n|switch|p1a: Sandslash|Sandslash, L88, M|275/275\n|move|p2a: Swampert|Yawn|p1a: Sandslash\n|-start|p1a: Sandslash|move: Yawn|[of] p2a: Swampert\n|\n|-weather|SunnyDay|[upkeep]\n|upkeep\n|turn|7\n|\n|t:|1733916999\n|switch|p1a: Hatterene|Hatterene, L85, F|236/236\n|move|p2a: Swampert|Flip Turn|p1a: Hatterene\n|-damage|p1a: Hatterene|206/236\n|\n|t:|1733917007\n|switch|p2a: Diancie|Diancie, L82|216/216|[from] Flip Turn\n|\n|-weather|SunnyDay|[upkeep]\n|upkeep\n|turn|8\n|\n|t:|1733917017\n|move|p2a: Diancie|Calm Mind|p2a: Diancie\n|-boost|p2a: Diancie|spa|1\n|-boost|p2a: Diancie|spd|1\n|move|p1a: Hatterene|Nuzzle|p2a: Diancie\n|-damage|p2a: Diancie|206/216\n|-status|p2a: Diancie|par\n|\n|-weather|SunnyDay|[upkeep]\n|-heal|p2a: Diancie|216/216 par|[from] item: Leftovers\n|upkeep\n|turn|9\n|\n|t:|1733917021\n|switch|p1a: Sandslash|Sandslash, L88, M|275/275\n|move|p2a: Diancie|Diamond Storm|p1a: Sandslash\n|-resisted|p1a: Sandslash\n|-damage|p1a: Sandslash|234/275\n|-boost|p2a: Diancie|def|2\n|\n|-weather|none\n|-heal|p1a: Sandslash|251/275|[from] item: Leftovers\n|upkeep\n|turn|10\n|\n|t:|1733917027\n|move|p1a: Sandslash|Earthquake|p2a: Diancie\n|-supereffective|p2a: Diancie\n|-damage|p2a: Diancie|138/216 par\n|move|p2a: Diancie|Calm Mind|p2a: Diancie\n|-boost|p2a: Diancie|spa|1\n|-boost|p2a: Diancie|spd|1\n|\n|-heal|p1a: Sandslash|268/275|[from] item: Leftovers\n|-heal|p2a: Diancie|151/216 par|[from] item: Leftovers\n|upkeep\n|turn|11\n|\n|t:|1733917037\n|move|p1a: Sandslash|Earthquake|p2a: Diancie\n|-supereffective|p2a: Diancie\n|-damage|p2a: Diancie|77/216 par\n|move|p2a: Diancie|Draining Kiss|p1a: Sandslash\n|-damage|p1a: Sandslash|132/275\n|-heal|p2a: Diancie|179/216 par|[from] drain|[of] p1a: Sandslash\n|\n|-heal|p1a: Sandslash|149/275|[from] item: Leftovers\n|-heal|p2a: Diancie|192/216 par|[from] item: Leftovers\n|upkeep\n|turn|12\n|\n|t:|1733917046\n|switch|p1a: Clefable|Clefable, L83, F|293/293\n|move|p2a: Diancie|Draining Kiss|p1a: Clefable\n|-damage|p1a: Clefable|239/293\n|-heal|p2a: Diancie|216/216 par|[from] drain|[of] p1a: Clefable\n|\n|-heal|p1a: Clefable|257/293|[from] item: Leftovers\n|upkeep\n|turn|13\n|\n|t:|1733917051\n|move|p1a: Clefable|Calm Mind|p1a: Clefable\n|-boost|p1a: Clefable|spa|1\n|-boost|p1a: Clefable|spd|1\n|cant|p2a: Diancie|par\n|\n|-heal|p1a: Clefable|275/293|[from] item: Leftovers\n|upkeep\n|turn|14\n|\n|t:|1733917056\n|move|p1a: Clefable|Moonblast|p2a: Diancie\n|-damage|p2a: Diancie|125/216 par\n|move|p2a: Diancie|Diamond Storm|p1a: Clefable\n|-damage|p1a: Clefable|157/293\n|\n|-heal|p1a: Clefable|175/293|[from] item: Leftovers\n|-heal|p2a: Diancie|138/216 par|[from] item: Leftovers\n|upkeep\n|turn|15\n|\n|t:|1733917063\n|move|p1a: Clefable|Fire Blast|p2a: Diancie\n|-resisted|p2a: Diancie\n|-damage|p2a: Diancie|99/216 par\n|move|p2a: Diancie|Diamond Storm|p1a: Clefable\n|-damage|p1a: Clefable|54/293\n|\n|-heal|p1a: Clefable|72/293|[from] item: Leftovers\n|-heal|p2a: Diancie|112/216 par|[from] item: Leftovers\n|upkeep\n|turn|16\n|\n|t:|1733917076\n|move|p1a: Clefable|Moonlight|p1a: Clefable\n|-heal|p1a: Clefable|218/293\n|move|p2a: Diancie|Diamond Storm|p1a: Clefable\n|-damage|p1a: Clefable|103/293\n|\n|-heal|p1a: Clefable|121/293|[from] item: Leftovers\n|-heal|p2a: Diancie|125/216 par|[from] item: Leftovers\n|upkeep\n|turn|17\n|\n|t:|1733917088\n|switch|p2a: Furret|Furret, L94, F|312/312\n|-item|p1a: Clefable|Leftovers|[from] ability: Frisk|[of] p2a: Furret\n|move|p1a: Clefable|Moonlight|p1a: Clefable\n|-heal|p1a: Clefable|267/293\n|\n|-heal|p1a: Clefable|285/293|[from] item: Leftovers\n|upkeep\n|turn|18\n|\n|t:|1733917093\n|switch|p1a: Dunsparce|Dunsparce, L86, F|312/312\n|move|p2a: Furret|Trick|p1a: Dunsparce\n|-activate|p2a: Furret|move: Trick|[of] p1a: Dunsparce\n|-item|p1a: Dunsparce|Choice Band|[from] move: Trick\n|-item|p2a: Furret|Eviolite|[from] move: Trick\n|\n|upkeep\n|turn|19\n|\n|t:|1733917106\n|move|p2a: Furret|U-turn|p1a: Dunsparce\n|-damage|p1a: Dunsparce|256/312\n|\n|t:|1733917108\n|switch|p2a: Swampert|Swampert, L83, F|302/302|[from] U-turn\n|move|p1a: Dunsparce|Body Slam|p2a: Swampert\n|-damage|p2a: Swampert|185/302\n|\n|-heal|p2a: Swampert|203/302|[from] item: Leftovers\n|upkeep\n|turn|20\n|\n|t:|1733917114\n|move|p2a: Swampert|Yawn|p1a: Dunsparce\n|-start|p1a: Dunsparce|move: Yawn|[of] p2a: Swampert\n|move|p1a: Dunsparce|Body Slam|p2a: Swampert\n|-damage|p2a: Swampert|94/302\n|-status|p2a: Swampert|par\n|\n|-heal|p2a: Swampert|112/302 par|[from] item: Leftovers\n|upkeep\n|turn|21\n|\n|t:|1733917122\n|switch|p1a: Hatterene|Hatterene, L85, F|206/236\n|move|p2a: Swampert|Flip Turn|p1a: Hatterene\n|-damage|p1a: Hatterene|142/236\n|\n|t:|1733917137\n|switch|p2a: Venusaur|Venusaur, L84, F|100/272|[from] Flip Turn\n|\n|upkeep\n|turn|22\n|\n|t:|1733917140\n|move|p2a: Venusaur|Sludge Bomb|p1a: Hatterene\n|-supereffective|p1a: Hatterene\n|-damage|p1a: Hatterene|22/236\n|-status|p1a: Hatterene|psn\n|move|p1a: Hatterene|Psychic|p2a: Venusaur\n|-supereffective|p2a: Venusaur\n|-damage|p2a: Venusaur|0 fnt\n|faint|p2a: Venusaur\n|\n|-damage|p1a: Hatterene|0 fnt|[from] psn\n|faint|p1a: Hatterene\n|upkeep\n|\n|t:|1733917157\n|switch|p2a: Diancie|Diancie, L82|125/216 par\n|switch|p1a: Dunsparce|Dunsparce, L86, F|256/312\n|turn|23\n|\n|t:|1733917164\n|switch|p1a: Sandslash|Sandslash, L88, M|149/275\n|cant|p2a: Diancie|par\n|\n|-heal|p1a: Sandslash|166/275|[from] item: Leftovers\n|-heal|p2a: Diancie|138/216 par|[from] item: Leftovers\n|upkeep\n|turn|24\n|\n|t:|1733917167\n|move|p1a: Sandslash|Earthquake|p2a: Diancie\n|-supereffective|p2a: Diancie\n|-damage|p2a: Diancie|0 fnt\n|faint|p2a: Diancie\n|\n|-heal|p1a: Sandslash|183/275|[from] item: Leftovers\n|upkeep\n|\n|t:|1733917173\n|switch|p2a: Zarude|Zarude, L78|292/292\n|turn|25\n|\n|t:|1733917185\n|move|p2a: Zarude|Power Whip|p1a: Sandslash\n|-supereffective|p1a: Sandslash\n|-damage|p1a: Sandslash|0 fnt\n|faint|p1a: Sandslash\n|\n|upkeep\n|\n|t:|1733917194\n|switch|p1a: Koraidon|Koraidon, L64|192/235\n|-weather|SunnyDay|[from] ability: Orichalcum Pulse|[of] p1a: Koraidon\n|-activate|p1a: Koraidon|Orichalcum Pulse|[source]\n|turn|26\n|c|\u2606CFgenesis|Gg i lose\n|\n|t:|1733917202\n|switch|p2a: Swampert|Swampert, L83, F|112/302 par\n|move|p1a: Koraidon|Close Combat|p2a: Swampert\n|-damage|p2a: Swampert|0 fnt\n|-unboost|p1a: Koraidon|def|1\n|-unboost|p1a: Koraidon|spd|1\n|faint|p2a: Swampert\n|\n|-weather|SunnyDay|[upkeep]\n|upkeep\n|\n|t:|1733917205\n|switch|p2a: Furret|Furret, L94, F|312/312\n|-item|p1a: Koraidon|Choice Band|[from] ability: Frisk|[of] p2a: Furret\n|turn|27\n|\n|t:|1733917213\n|switch|p1a: Dunsparce|Dunsparce, L86, F|256/312\n|-terastallize|p2a: Furret|Normal\n|move|p2a: Furret|Double-Edge|p1a: Dunsparce\n|-damage|p1a: Dunsparce|46/312\n|-damage|p2a: Furret|243/312|[from] Recoil\n|\n|-weather|SunnyDay|[upkeep]\n|upkeep\n|turn|28\n|\n|t:|1733917219\n|move|p2a: Furret|Knock Off|p1a: Dunsparce\n|-damage|p1a: Dunsparce|0 fnt\n|-enditem|p1a: Dunsparce|Choice Band|[from] move: Knock Off|[of] p2a: Furret\n|faint|p1a: Dunsparce\n|\n|-weather|SunnyDay|[upkeep]\n|upkeep\n|\n|t:|1733917223\n|switch|p1a: Clefable|Clefable, L83, F|285/293\n|turn|29\n|\n|t:|1733917238\n|switch|p2a: Zarude|Zarude, L78|292/292\n|move|p1a: Clefable|Moonblast|p2a: Zarude\n|-supereffective|p2a: Zarude\n|-damage|p2a: Zarude|86/292\n|-unboost|p2a: Zarude|spa|1\n|\n|-weather|SunnyDay|[upkeep]\n|-heal|p2a: Zarude|104/292|[from] item: Leftovers\n|-heal|p1a: Clefable|293/293|[from] item: Leftovers\n|upkeep\n|turn|30\n|inactive|ajainga has 120 seconds left.\n|\n|t:|1733917266\n|switch|p1a: Koraidon|Koraidon, L64|192/235\n|-activate|p1a: Koraidon|ability: Orichalcum Pulse\n|move|p2a: Zarude|Power Whip|p1a: Koraidon\n|-resisted|p1a: Koraidon\n|-damage|p1a: Koraidon|129/235\n|\n|-weather|none\n|-heal|p2a: Zarude|122/292|[from] item: Leftovers\n|upkeep\n|turn|31\n|inactive|ajainga has 120 seconds left.\n|\n|t:|1733917282\n|move|p1a: Koraidon|Close Combat|p2a: Zarude\n|-supereffective|p2a: Zarude\n|-damage|p2a: Zarude|0 fnt\n|-unboost|p1a: Koraidon|def|1\n|-unboost|p1a: Koraidon|spd|1\n|faint|p2a: Zarude\n|\n|upkeep\n|\n|t:|1733917284\n|switch|p2a: Furret|Furret, L94, F, tera:Normal|243/312\n|-item|p1a: Koraidon|Choice Band|[from] ability: Frisk|[of] p2a: Furret\n|turn|32\n|\n|t:|1733917287\n|move|p2a: Furret|Double-Edge|p1a: Koraidon\n|-damage|p1a: Koraidon|0 fnt\n|faint|p1a: Koraidon\n|-damage|p2a: Furret|200/312|[from] Recoil\n|\n|upkeep\n|\n|t:|1733917289\n|switch|p1a: Clefable|Clefable, L83, F|293/293\n|turn|33\n|\n|t:|1733917294\n|move|p2a: Furret|Double-Edge|p1a: Clefable\n|-damage|p1a: Clefable|79/293\n|-damage|p2a: Furret|129/312|[from] Recoil\n|move|p1a: Clefable|Moonblast|p2a: Furret\n|-damage|p2a: Furret|5/312\n|\n|-heal|p1a: Clefable|97/293|[from] item: Leftovers\n|upkeep\n|turn|34\n|c|\u2606CFgenesis|FORRET MY GOAT\n|\n|t:|1733917303\n|-terastallize|p1a: Clefable|Fire\n|move|p2a: Furret|Double-Edge|p1a: Clefable\n|-damage|p1a: Clefable|0 fnt\n|faint|p1a: Clefable\n|-damage|p2a: Furret|0 fnt|[from] Recoil\n|faint|p2a: Furret\n|\n|win|CFgenesis\n|raw|ajainga's rating: 2001 &rarr; <strong>1978</strong><br />(-23 for losing)\n|raw|CFgenesis's rating: 1949 &rarr; <strong>1972</strong><br />(+23 for winning)\n", "inputlog": ">version bfd83cad13791eb5a5a409923076391caf6fb4d4\n>start {\"formatid\":\"gen9randombattle\",\"seed\":[25114,63471,40086,23934],\"rated\":\"Rated battle\"}\n>player p1 {\"name\":\"ajainga\",\"avatar\":\"hiker-gen4\",\"rating\":2001,\"seed\":[53989,57017,2675,10886]}\n>player p2 {\"name\":\"CFgenesis\",\"avatar\":\"camper\",\"rating\":1949,\"seed\":[54398,32620,18260,64842]}\n>p1 move earthquake\n>p2 move substitute\n>p1 switch 5\n>p2 move gigadrain\n>p1 move knockoff\n>p2 move sludgebomb\n>p1 move knockoff\n>p2 switch 5\n>p1 switch 4\n>p1 move flareblitz\n>p2 move stickyweb\n>p2 switch 6\n>p1 switch 5\n>p2 move yawn\n>p1 switch 3\n>p2 move flipturn\n>p2 switch 4\n>p1 move nuzzle\n>p2 move calmmind\n>p1 switch 3\n>p2 move diamondstorm\n>p1 move earthquake\n>p2 move calmmind\n>p1 move earthquake\n>p2 move drainingkiss\n>p1 switch 2\n>p2 move drainingkiss\n>p1 move calmmind\n>p2 move diamondstorm\n>p1 move moonblast\n>p2 move diamondstorm\n>p1 move fireblast\n>p2 move diamondstorm\n>p1 move moonlight\n>p2 move diamondstorm\n>p1 move moonlight\n>p2 switch 3\n>p1 switch 6\n>p2 move trick\n>p1 move bodyslam\n>p2 move uturn\n>p2 switch 4\n>p1 move bodyslam\n>p2 move yawn\n>p1 switch 3\n>p2 move flipturn\n>p2 switch 5\n>p1 move psychic\n>p2 move sludgebomb\n>p1 switch 3\n>p2 switch 3\n>p1 switch 2\n>p2 move drainingkiss\n>p1 move earthquake\n>p2 move drainingkiss\n>p2 switch 2\n>p1 move earthquake\n>p2 move powerwhip\n>p1 switch 5\n>chat \u2606CFgenesis|Gg i lose\n>p1 move closecombat\n>p2 switch 5\n>p2 switch 4\n>p1 switch 2\n>p2 move doubleedge terastallize\n>p1 move bodyslam\n>p2 move knockoff\n>p1 switch 6\n>p1 move moonblast\n>p2 switch 5\n>p1 switch 2\n>p2 move powerwhip\n>p1 move closecombat\n>p2 move powerwhip\n>p2 switch 5\n>p1 move closecombat\n>p2 move doubleedge\n>p1 switch 2\n>p1 move moonblast\n>p2 move doubleedge\n>chat \u2606CFgenesis|FORRET MY GOAT\n>p1 move moonblast terastallize\n>p2 move doubleedge", "uploadtime": 1733917309, "views": 3, "formatid": "gen9randombattle", "rating": 1972, "private": 0, "password": null}