{"id": "gen9randombattle-2260779266", "format": "[Gen 9] Random Battle", "players": ["xinyazhili", "Zara home 001"], "log": "|j|\u2606xinyazhili\n|j|\u2606Zara home 001\n|t:|1733890795\n|gametype|singles\n|player|p1|xinyazhili|170|\n|player|p2|Zara home 001|266|\n|teamsize|p1|6\n|teamsize|p2|6\n|gen|9\n|tier|[Gen 9] Random Battle\n|rule|Species Clause: Limit one of each Pok\u00e9mon\n|rule|HP Percentage Mod: HP is shown in percentages\n|rule|Sleep Clause Mod: Limit one foe put to sleep\n|rule|Illusion Level Mod: Illusion disguises the Pok\u00e9mon's true level\n|\n|t:|1733890795\n|start\n|switch|p1a: Beartic|Beartic, L91, M|321/321\n|switch|p2a: Ariados|Ariados, L95, F|287/287\n|turn|1\n|inactive|Battle timer is ON: inactive players will automatically lose when time's up. (requested by xinyazhili)\n|\n|t:|1733890803\n|move|p1a: Beartic|Icicle Crash|p2a: Ariados\n|-damage|p2a: Ariados|91/287\n|move|p2a: Ariados|Sticky Web|p1a: Beartic\n|-sidestart|p1: xinyazhili|move: Sticky Web\n|\n|upkeep\n|turn|2\n|\n|t:|1733890808\n|move|p1a: Beartic|Icicle Crash|p2a: Ariados\n|-damage|p2a: Ariados|0 fnt\n|faint|p2a: Ariados\n|\n|upkeep\n|\n|t:|1733890810\n|switch|p2a: Eiscue|Eiscue, L88, F|274/274\n|turn|3\n|\n|t:|1733890815\n|move|p1a: Beartic|Icicle Crash|p2a: Eiscue\n|-activate|p2a: Eiscue|ability: Ice Face\n|-damage|p2a: Eiscue|274/274\n|detailschange|p2a: Eiscue|Eiscue-Noice, L88, F\n|move|p2a: Eiscue|Belly Drum|p2a: Eiscue\n|-damage|p2a: Eiscue|137/274\n|-setboost|p2a: Eiscue|atk|6|[from] move: Belly Drum\n|-enditem|p2a: Eiscue|Sitrus Berry|[eat]\n|-heal|p2a: Eiscue|205/274|[from] item: Sitrus Berry\n|\n|upkeep\n|turn|4\n|\n|t:|1733890823\n|switch|p1a: Dondozo|Dondozo, L78, M|362/362\n|-activate|p1a: Dondozo|move: Sticky Web\n|-unboost|p1a: Dondozo|spe|1\n|-terastallize|p2a: Eiscue|Water\n|move|p2a: Eiscue|Liquidation|p1a: Dondozo\n|-resisted|p1a: Dondozo\n|-damage|p1a: Dondozo|327/362\n|\n|-heal|p1a: Dondozo|349/362|[from] item: Leftovers\n|upkeep\n|turn|5\n|\n|t:|1733890829\n|switch|p2a: Yanmega|Yanmega, L82, M|275/275\n|move|p1a: Dondozo|Curse|p1a: Dondozo\n|-unboost|p1a: Dondozo|spe|1\n|-boost|p1a: Dondozo|atk|1\n|-boost|p1a: Dondozo|def|1\n|\n|-heal|p1a: Dondozo|362/362|[from] item: Leftovers\n|upkeep\n|turn|6\n|\n|t:|1733890834\n|move|p2a: Yanmega|Giga Drain|p1a: Dondozo\n|-supereffective|p1a: Dondozo\n|-damage|p1a: Dondozo|142/362\n|move|p1a: Dondozo|Wave Crash|p2a: Yanmega\n|-damage|p2a: Yanmega|92/275\n|-damage|p1a: Dondozo|82/362|[from] Recoil\n|\n|-heal|p1a: Dondozo|104/362|[from] item: Leftovers\n|upkeep\n|turn|7\n|\n|t:|1733890837\n|-terastallize|p1a: Dondozo|Dragon\n|move|p2a: Yanmega|Giga Drain|p1a: Dondozo\n|-resisted|p1a: Dondozo\n|-damage|p1a: Dondozo|0 fnt\n|-heal|p2a: Yanmega|144/275|[from] drain|[of] p1a: Dondozo\n|faint|p1a: Dondozo\n|\n|upkeep\n|\n|t:|1733890851\n|switch|p1a: Beartic|Beartic, L91, M|321/321\n|-activate|p1a: Beartic|move: Sticky Web\n|-unboost|p1a: Beartic|spe|1\n|turn|8\n|\n|t:|1733890854\n|move|p1a: Beartic|Aqua Jet|p2a: Yanmega\n|-damage|p2a: Yanmega|76/275\n|move|p2a: Yanmega|Giga Drain|p1a: Beartic\n|-damage|p1a: Beartic|232/321\n|-heal|p2a: Yanmega|121/275|[from] drain|[of] p1a: Beartic\n|\n|upkeep\n|turn|9\n|\n|t:|1733890858\n|move|p1a: Beartic|Aqua Jet|p2a: Yanmega\n|-damage|p2a: Yanmega|61/275\n|move|p2a: Yanmega|Giga Drain|p1a: Beartic\n|-damage|p1a: Beartic|141/321\n|-heal|p2a: Yanmega|107/275|[from] drain|[of] p1a: Beartic\n|\n|upkeep\n|turn|10\n|\n|t:|1733890863\n|switch|p1a: Qwilfish|Qwilfish-Hisui, L83, M|244/244\n|-activate|p1a: Qwilfish|move: Sticky Web\n|-unboost|p1a: Qwilfish|spe|1\n|-ability|p1a: Qwilfish|Intimidate|boost\n|-unboost|p2a: Yanmega|atk|1\n|move|p2a: Yanmega|Giga Drain|p1a: Qwilfish\n|-resisted|p1a: Qwilfish\n|-damage|p1a: Qwilfish|160/244\n|-heal|p2a: Yanmega|149/275|[from] drain|[of] p1a: Qwilfish\n|\n|upkeep\n|turn|11\n|\n|t:|1733890866\n|move|p2a: Yanmega|Giga Drain|p1a: Qwilfish\n|-resisted|p1a: Qwilfish\n|-damage|p1a: Qwilfish|78/244\n|-heal|p2a: Yanmega|190/275|[from] drain|[of] p1a: Qwilfish\n|move|p1a: Qwilfish|Crunch|p2a: Yanmega\n|-damage|p2a: Yanmega|108/275\n|\n|upkeep\n|turn|12\n|\n|t:|1733890869\n|move|p2a: Yanmega|Giga Drain|p1a: Qwilfish\n|-resisted|p1a: Qwilfish\n|-damage|p1a: Qwilfish|0 fnt\n|-heal|p2a: Yanmega|147/275|[from] drain|[of] p1a: Qwilfish\n|faint|p1a: Qwilfish\n|\n|upkeep\n|\n|t:|1733890872\n|switch|p1a: Virizion|Virizion, L82|283/283\n|-activate|p1a: Virizion|move: Sticky Web\n|-unboost|p1a: Virizion|spe|1\n|turn|13\n|\n|t:|1733890877\n|switch|p2a: Wigglytuff|Wigglytuff, L96, M|424/424\n|move|p1a: Virizion|Stone Edge|p2a: Wigglytuff\n|-damage|p2a: Wigglytuff|311/424\n|-damage|p1a: Virizion|255/283|[from] item: Life Orb\n|\n|-heal|p2a: Wigglytuff|337/424|[from] item: Leftovers\n|upkeep\n|turn|14\n|\n|t:|1733890881\n|move|p1a: Virizion|Swords Dance|p1a: Virizion\n|-boost|p1a: Virizion|atk|2\n|move|p2a: Wigglytuff|Wish|p2a: Wigglytuff\n|\n|-heal|p2a: Wigglytuff|363/424|[from] item: Leftovers\n|upkeep\n|turn|15\n|\n|t:|1733890884\n|move|p1a: Virizion|Leaf Blade|p2a: Wigglytuff\n|-damage|p2a: Wigglytuff|71/424\n|-damage|p1a: Virizion|227/283|[from] item: Life Orb\n|move|p2a: Wigglytuff|Dazzling Gleam|p1a: Virizion\n|-supereffective|p1a: Virizion\n|-damage|p1a: Virizion|69/283\n|\n|-heal|p2a: Wigglytuff|283/424|[from] move: Wish|[wisher] Wigglytuff\n|-heal|p2a: Wigglytuff|309/424|[from] item: Leftovers\n|upkeep\n|turn|16\n|\n|t:|1733890888\n|move|p1a: Virizion|Leaf Blade|p2a: Wigglytuff\n|-damage|p2a: Wigglytuff|13/424\n|-damage|p1a: Virizion|41/283|[from] item: Life Orb\n|move|p2a: Wigglytuff|Dazzling Gleam|p1a: Virizion\n|-supereffective|p1a: Virizion\n|-damage|p1a: Virizion|0 fnt\n|faint|p1a: Virizion\n|\n|-heal|p2a: Wigglytuff|39/424|[from] item: Leftovers\n|upkeep\n|\n|t:|1733890893\n|switch|p1a: Beartic|Beartic, L91, M|141/321\n|-activate|p1a: Beartic|move: Sticky Web\n|-unboost|p1a: Beartic|spe|1\n|turn|17\n|\n|t:|1733890895\n|move|p2a: Wigglytuff|Protect|p2a: Wigglytuff\n|-singleturn|p2a: Wigglytuff|Protect\n|move|p1a: Beartic|Icicle Crash|p2a: Wigglytuff\n|-activate|p2a: Wigglytuff|move: Protect\n|\n|-heal|p2a: Wigglytuff|65/424|[from] item: Leftovers\n|upkeep\n|turn|18\n|\n|t:|1733890897\n|move|p2a: Wigglytuff|Wish|p2a: Wigglytuff\n|move|p1a: Beartic|Icicle Crash|p2a: Wigglytuff\n|-damage|p2a: Wigglytuff|0 fnt\n|faint|p2a: Wigglytuff\n|\n|upkeep\n|\n|t:|1733890900\n|switch|p2a: Yanmega|Yanmega, L82, M|147/275\n|turn|19\n|\n|t:|1733890905\n|move|p2a: Yanmega|Bug Buzz|p1a: Beartic\n|-damage|p1a: Beartic|0 fnt\n|faint|p1a: Beartic\n|\n|-heal|p2a: Yanmega|275/275|[from] move: Wish|[wisher] Wigglytuff\n|upkeep\n|\n|t:|1733890908\n|switch|p1a: Miraidon|Miraidon, L65|238/238\n|-activate|p1a: Miraidon|move: Sticky Web\n|-unboost|p1a: Miraidon|spe|1\n|-fieldstart|move: Electric Terrain|[from] ability: Hadron Engine|[of] p1a: Miraidon\n|turn|20\n|\n|t:|1733890913\n|move|p2a: Yanmega|Bug Buzz|p1a: Miraidon\n|-damage|p1a: Miraidon|82/238\n|move|p1a: Miraidon|Calm Mind|p1a: Miraidon\n|-boost|p1a: Miraidon|spa|1\n|-boost|p1a: Miraidon|spd|1\n|\n|-heal|p1a: Miraidon|96/238|[from] item: Leftovers\n|upkeep\n|turn|21\n|\n|t:|1733890916\n|move|p2a: Yanmega|Bug Buzz|p1a: Miraidon\n|-damage|p1a: Miraidon|0 fnt\n|faint|p1a: Miraidon\n|\n|upkeep\n|\n|t:|1733890920\n|switch|p1a: Palossand|Palossand, L89, M|296/296\n|-activate|p1a: Palossand|move: Sticky Web\n|-unboost|p1a: Palossand|spe|1\n|turn|22\n|\n|t:|1733890926\n|switch|p2a: Iron Boulder|Iron Boulder, L77|265/265\n|-activate|p2a: Iron Boulder|ability: Quark Drive\n|-start|p2a: Iron Boulder|quarkdrivespe\n|move|p1a: Palossand|Sludge Bomb|p2a: Iron Boulder\n|-resisted|p2a: Iron Boulder\n|-damage|p2a: Iron Boulder|232/265\n|-status|p2a: Iron Boulder|psn\n|\n|-damage|p2a: Iron Boulder|199/265 psn|[from] psn\n|upkeep\n|turn|23\n|\n|t:|1733890932\n|move|p2a: Iron Boulder|Zen Headbutt|p1a: Palossand\n|-damage|p1a: Palossand|232/296\n|move|p1a: Palossand|Earth Power|p2a: Iron Boulder\n|-supereffective|p2a: Iron Boulder\n|-damage|p2a: Iron Boulder|0 fnt\n|faint|p2a: Iron Boulder\n|-end|p2a: Iron Boulder|Quark Drive|[silent]\n|\n|-heal|p1a: Palossand|250/296|[from] item: Leftovers\n|upkeep\n|\n|t:|1733890934\n|switch|p2a: Yanmega|Yanmega, L82, M|275/275\n|turn|24\n|\n|t:|1733890938\n|move|p2a: Yanmega|Bug Buzz|p1a: Palossand\n|-resisted|p1a: Palossand\n|-damage|p1a: Palossand|92/296\n|move|p1a: Palossand|Sludge Bomb|p2a: Yanmega\n|-damage|p2a: Yanmega|180/275\n|\n|-heal|p1a: Palossand|110/296|[from] item: Leftovers\n|-fieldend|move: Electric Terrain\n|upkeep\n|turn|25\n|-message|xinyazhili forfeited.\n|\n|win|Zara home 001\n|l|\u2606xinyazhili\n|player|p1|\n", "inputlog": ">version bfd83cad13791eb5a5a409923076391caf6fb4d4\n>start {\"formatid\":\"gen9randombattle\",\"seed\":[8578,2909,61137,13119]}\n>player p1 {\"name\":\"xinyazhili\",\"avatar\":\"170\",\"rating\":0,\"seed\":[55174,31516,64696,18560]}\n>player p2 {\"name\":\"Zara home 001\",\"avatar\":\"266\",\"rating\":0,\"seed\":[41333,17845,11049,23201]}\n>p1 move iciclecrash\n>p2 move stickyweb\n>p1 move iciclecrash\n>p2 move knockoff\n>p2 switch 3\n>p1 move iciclecrash\n>p2 move bellydrum\n>p1 switch 5\n>p2 move liquidation terastallize\n>p1 move curse\n>p2 switch 4\n>p1 move wavecrash\n>p2 move gigadrain\n>p1 move rest terastallize\n>p2 move gigadrain\n>p1 switch 5\n>p1 move aquajet\n>p2 move gigadrain\n>p1 move aquajet\n>p2 move gigadrain\n>p1 switch 2\n>p2 move gigadrain\n>p1 move crunch\n>p2 move gigadrain\n>p1 move gunkshot\n>p2 move gigadrain\n>p1 switch 6\n>p1 move stoneedge\n>p2 switch 6\n>p1 move swordsdance\n>p2 move wish\n>p1 move leafblade\n>p2 move dazzlinggleam\n>p1 move leafblade\n>p2 move dazzlinggleam\n>p1 switch 2\n>p1 move iciclecrash\n>p2 move protect\n>p1 move iciclecrash\n>p2 move wish\n>p2 switch 6\n>p1 move iciclecrash\n>p2 move bugbuzz\n>p1 switch 4\n>p1 move calmmind\n>p2 move bugbuzz\n>p1 move electrodrift\n>p2 move bugbuzz\n>p1 switch 3\n>p1 move sludgebomb\n>p2 switch 5\n>p1 move earthpower\n>p2 move zenheadbutt\n>p2 switch 5\n>p1 move sludgebomb\n>p2 move bugbuzz\n>forcelose p1", "uploadtime": 1733890946, "views": 11, "formatid": "gen9randombattle", "rating": null, "private": 0, "password": null}