{"id": "gen9randombattle-2260672017", "format": "[Gen 9] Random Battle", "players": ["Saaskin", "GyukGyuk"], "log": "|j|\u2606Saaskin\n|j|\u2606GyukGyuk\n|t:|1733876558\n|gametype|singles\n|player|p1|Saaskin|170|1970\n|player|p2|GyukGyuk|brock|2036\n|teamsize|p1|6\n|teamsize|p2|6\n|gen|9\n|tier|[Gen 9] Random Battle\n|rated|\n|rule|Species Clause: Limit one of each Pok\u00e9mon\n|rule|HP Percentage Mod: HP is shown in percentages\n|rule|Sleep Clause Mod: Limit one foe put to sleep\n|rule|Illusion Level Mod: Illusion disguises the Pok\u00e9mon's true level\n|\n|t:|1733876558\n|start\n|switch|p1a: Rhyperior|Rhyperior, L82, F|323/323\n|switch|p2a: Mimikyu|Mimikyu, L79, F|216/216\n|turn|1\n|inactive|Battle timer is ON: inactive players will automatically lose when time's up. (requested by Saaskin)\n|\n|t:|1733876573\n|switch|p2a: Sableye|Sableye, L89, F|234/234\n|move|p1a: Rhyperior|Earthquake|p2a: Sableye\n|-damage|p2a: Sableye|84/234\n|\n|-heal|p2a: Sableye|98/234|[from] item: Leftovers\n|upkeep\n|turn|2\n|\n|t:|1733876583\n|switch|p1a: Volcanion|Volcanion, L79|256/256\n|move|p2a: Sableye|Recover|p2a: Sableye\n|-heal|p2a: Sableye|215/234\n|\n|-heal|p2a: Sableye|229/234|[from] item: Leftovers\n|upkeep\n|turn|3\n|\n|t:|1733876588\n|move|p1a: Volcanion|Steam Eruption|p2a: Sableye\n|-damage|p2a: Sableye|84/234\n|move|p2a: Sableye|Knock Off|p1a: Volcanion\n|-damage|p1a: Volcanion|183/256\n|-enditem|p1a: Volcanion|Heavy-Duty Boots|[from] move: Knock Off|[of] p2a: Sableye\n|\n|-heal|p2a: Sableye|98/234|[from] item: Leftovers\n|upkeep\n|turn|4\n|\n|t:|1733876600\n|move|p2a: Sableye|Recover|p2a: Sableye\n|-heal|p2a: Sableye|215/234\n|move|p1a: Volcanion|Steam Eruption|p2a: Sableye\n|-damage|p2a: Sableye|67/234\n|-status|p2a: Sableye|brn\n|\n|-heal|p2a: Sableye|81/234 brn|[from] item: Leftovers\n|-damage|p2a: Sableye|67/234 brn|[from] brn\n|upkeep\n|turn|5\n|\n|t:|1733876609\n|move|p2a: Sableye|Recover|p2a: Sableye\n|-heal|p2a: Sableye|184/234 brn\n|move|p1a: Volcanion|Steam Eruption|p2a: Sableye\n|-damage|p2a: Sableye|24/234 brn\n|\n|-heal|p2a: Sableye|38/234 brn|[from] item: Leftovers\n|-damage|p2a: Sableye|24/234 brn|[from] brn\n|upkeep\n|turn|6\n|\n|t:|1733876617\n|switch|p2a: Gumshoos|Gumshoos, L95, M|321/321\n|move|p1a: Volcanion|Steam Eruption|p2a: Gumshoos\n|-crit|p2a: Gumshoos\n|-damage|p2a: Gumshoos|102/321\n|-status|p2a: Gumshoos|brn\n|\n|-damage|p2a: Gumshoos|82/321 brn|[from] brn\n|upkeep\n|turn|7\n|\n|t:|1733876639\n|move|p1a: Volcanion|Steam Eruption|p2a: Gumshoos\n|-damage|p2a: Gumshoos|0 fnt\n|faint|p2a: Gumshoos\n|\n|upkeep\n|\n|t:|1733876644\n|switch|p2a: Espeon|Espeon, L84, F|246/246\n|turn|8\n|\n|t:|1733876665\n|move|p2a: Espeon|Psyshock|p1a: Volcanion\n|-damage|p1a: Volcanion|54/256\n|move|p1a: Volcanion|Steam Eruption|p2a: Espeon\n|-damage|p2a: Espeon|122/246\n|-status|p2a: Espeon|brn\n|\n|-damage|p2a: Espeon|107/246 brn|[from] brn\n|upkeep\n|turn|9\n|\n|t:|1733876674\n|move|p2a: Espeon|Psyshock|p1a: Volcanion\n|-damage|p1a: Volcanion|0 fnt\n|faint|p1a: Volcanion\n|\n|-damage|p2a: Espeon|92/246 brn|[from] brn\n|upkeep\n|\n|t:|1733876688\n|switch|p1a: Rhyperior|Rhyperior, L82, F|323/323\n|turn|10\n|\n|t:|1733876697\n|switch|p2a: Dunsparce|Dunsparce, L86, F|312/312\n|move|p1a: Rhyperior|Earthquake|p2a: Dunsparce\n|-damage|p2a: Dunsparce|209/312\n|\n|upkeep\n|turn|11\n|\n|t:|1733876709\n|switch|p1a: Giratina|Giratina-Origin, L72|335/335\n|move|p2a: Dunsparce|Coil|p2a: Dunsparce\n|-boost|p2a: Dunsparce|atk|1\n|-boost|p2a: Dunsparce|def|1\n|-boost|p2a: Dunsparce|accuracy|1\n|\n|upkeep\n|turn|12\n|\n|t:|1733876718\n|switch|p2a: Cinderace|Cinderace, L77, F|249/249\n|move|p1a: Giratina|Dragon Tail|p2a: Cinderace\n|-damage|p2a: Cinderace|164/249\n|drag|p2a: Mimikyu|Mimikyu, L79, F|216/216\n|\n|upkeep\n|turn|13\n|\n|t:|1733876725\n|switch|p1a: Rhyperior|Rhyperior, L82, F|323/323\n|move|p2a: Mimikyu|Swords Dance|p2a: Mimikyu\n|-boost|p2a: Mimikyu|atk|2\n|\n|upkeep\n|turn|14\n|\n|t:|1733876729\n|move|p2a: Mimikyu|Shadow Claw|p1a: Rhyperior\n|-crit|p1a: Rhyperior\n|-damage|p1a: Rhyperior|128/323\n|-damage|p2a: Mimikyu|195/216|[from] item: Life Orb\n|move|p1a: Rhyperior|Earthquake|p2a: Mimikyu\n|-activate|p2a: Mimikyu|ability: Disguise\n|-damage|p2a: Mimikyu|195/216\n|detailschange|p2a: Mimikyu|Mimikyu-Busted, L79, F\n|-damage|p2a: Mimikyu|168/216|[from] pokemon: Mimikyu-Busted\n|\n|upkeep\n|turn|15\n|\n|t:|1733876736\n|move|p2a: Mimikyu|Shadow Claw|p1a: Rhyperior\n|-damage|p1a: Rhyperior|15/323\n|-damage|p2a: Mimikyu|147/216|[from] item: Life Orb\n|move|p1a: Rhyperior|Earthquake|p2a: Mimikyu\n|-damage|p2a: Mimikyu|2/216\n|\n|upkeep\n|turn|16\n|\n|t:|1733876742\n|move|p2a: Mimikyu|Shadow Sneak|p1a: Rhyperior\n|-damage|p1a: Rhyperior|0 fnt\n|faint|p1a: Rhyperior\n|-damage|p2a: Mimikyu|0 fnt|[from] item: Life Orb\n|faint|p2a: Mimikyu\n|\n|upkeep\n|\n|t:|1733876752\n|switch|p2a: Sableye|Sableye, L89, F|24/234 brn\n|switch|p1a: Baxcalibur|Baxcalibur, L75, M|295/295\n|turn|17\n|\n|t:|1733876756\n|move|p1a: Baxcalibur|Ice Shard|p2a: Sableye\n|-damage|p2a: Sableye|0 fnt\n|faint|p2a: Sableye\n|\n|upkeep\n|\n|t:|1733876760\n|switch|p2a: Cinderace|Cinderace, L77, F|164/249\n|turn|18\n|\n|t:|1733876766\n|switch|p1a: Giratina|Giratina-Origin, L72|335/335\n|move|p2a: Cinderace|High Jump Kick|p1a: Giratina\n|-start|p2a: Cinderace|typechange|Fighting|[from] ability: Libero\n|-immune|p1a: Giratina\n|-damage|p2a: Cinderace|40/249|[from] highjumpkick\n|\n|upkeep\n|turn|19\n|\n|t:|1733876770\n|move|p2a: Cinderace|Sucker Punch|p1a: Giratina\n|-supereffective|p1a: Giratina\n|-damage|p1a: Giratina|229/335\n|move|p1a: Giratina|Dragon Tail|p2a: Cinderace\n|-damage|p2a: Cinderace|0 fnt\n|faint|p2a: Cinderace\n|\n|upkeep\n|\n|t:|1733876777\n|switch|p2a: Espeon|Espeon, L84, F|92/246 brn\n|turn|20\n|\n|t:|1733876786\n|switch|p1a: Baxcalibur|Baxcalibur, L75, M|295/295\n|-terastallize|p2a: Espeon|Fairy\n|move|p2a: Espeon|Alluring Voice|p1a: Baxcalibur\n|-supereffective|p1a: Baxcalibur\n|-damage|p1a: Baxcalibur|0 fnt\n|faint|p1a: Baxcalibur\n|\n|-damage|p2a: Espeon|77/246 brn|[from] brn\n|upkeep\n|\n|t:|1733876790\n|switch|p1a: Jirachi|Jirachi, L80|291/291\n|turn|21\n|\n|t:|1733876793\n|switch|p2a: Dunsparce|Dunsparce, L86, F|209/312\n|move|p1a: Jirachi|Iron Head|p2a: Dunsparce\n|-damage|p2a: Dunsparce|145/312\n|\n|upkeep\n|turn|22\n|\n|t:|1733876797\n|move|p1a: Jirachi|Iron Head|p2a: Dunsparce\n|-damage|p2a: Dunsparce|82/312\n|cant|p2a: Dunsparce|flinch\n|\n|upkeep\n|turn|23\n|\n|t:|1733876799\n|move|p1a: Jirachi|Iron Head|p2a: Dunsparce\n|-damage|p2a: Dunsparce|25/312\n|cant|p2a: Dunsparce|flinch\n|\n|upkeep\n|turn|24\n|-message|GyukGyuk forfeited.\n|\n|win|Saaskin\n|raw|Saaskin's rating: 1946 &rarr; <strong>1971</strong><br />(+25 for winning)\n|raw|GyukGyuk's rating: 2036 &rarr; <strong>2011</strong><br />(-25 for losing)\n|l|\u2606GyukGyuk\n|player|p2|\n", "inputlog": ">version bfd83cad13791eb5a5a409923076391caf6fb4d4\n>start {\"formatid\":\"gen9randombattle\",\"seed\":[29363,55547,40630,20521],\"rated\":\"Rated battle\"}\n>player p1 {\"name\":\"Saaskin\",\"avatar\":\"170\",\"rating\":1970,\"seed\":[6567,8156,28570,17547]}\n>player p2 {\"name\":\"GyukGyuk\",\"avatar\":\"brock\",\"rating\":2036,\"seed\":[10787,55766,58341,14126]}\n>p1 move earthquake\n>p2 switch 2\n>p1 switch 6\n>p2 move recover\n>p1 move steameruption\n>p2 move knockoff\n>p1 move steameruption\n>p2 move recover\n>p1 move steameruption\n>p2 move recover\n>p1 move steameruption\n>p2 switch 5\n>p1 move steameruption\n>p2 move earthquake\n>p2 switch 6\n>p1 move steameruption\n>p2 move psyshock\n>p1 move steameruption\n>p2 move psyshock\n>p1 switch 6\n>p1 move earthquake\n>p2 switch 3\n>p1 switch 4\n>p2 move coil\n>p1 move dragontail\n>p2 switch 4\n>p1 switch 4\n>p2 move swordsdance\n>p1 move earthquake\n>p2 move shadowclaw\n>p1 move earthquake\n>p2 move shadowclaw\n>p1 move earthquake\n>p2 move shadowsneak\n>p1 switch 5\n>p2 switch 5\n>p1 move iceshard\n>p2 move thunderwave\n>p2 switch 2\n>p1 switch 4\n>p2 move highjumpkick\n>p1 move dragontail\n>p2 move suckerpunch\n>p2 switch 3\n>p1 switch 4\n>p2 move alluringvoice terastallize\n>p1 switch 3\n>p1 move ironhead\n>p2 switch 4\n>p1 move ironhead\n>p2 move roost\n>p1 move ironhead\n>p2 move roost\n>forcelose p2", "uploadtime": 1733876805, "views": 3, "formatid": "gen9randombattle", "rating": 1971, "private": 0, "password": null}