{"id": "gen9randombattle-2260274131", "format": "[Gen 9] Random Battle", "players": ["firehunter100", "tomate2er"], "log": "|j|\u2606firehunter100\n|j|\u2606tomate2er\n|t:|1733833521\n|gametype|singles\n|player|p1|firehunter100|red|1424\n|player|p2|tomate2er|wallace|1443\n|teamsize|p1|6\n|teamsize|p2|6\n|gen|9\n|tier|[Gen 9] Random Battle\n|rated|\n|rule|Species Clause: Limit one of each Pok\u00e9mon\n|rule|HP Percentage Mod: HP is shown in percentages\n|rule|Sleep Clause Mod: Limit one foe put to sleep\n|rule|Illusion Level Mod: Illusion disguises the Pok\u00e9mon's true level\n|\n|t:|1733833521\n|start\n|switch|p1a: Entei|Entei, L78|307/307\n|switch|p2a: Salamence|Salamence, L77, F|273/273\n|-ability|p2a: Salamence|Intimidate|boost\n|-fail|p1a: Entei|unboost|Attack|[from] ability: Inner Focus|[of] p1a: Entei\n|turn|1\n|inactive|Battle timer is ON: inactive players will automatically lose when time's up. (requested by tomate2er)\n|\n|t:|1733833534\n|switch|p2a: Clawitzer|Clawitzer, L87, M|265/265\n|move|p1a: Entei|Stone Edge|p2a: Clawitzer|[miss]\n|-miss|p1a: Entei|p2a: Clawitzer\n|\n|upkeep\n|turn|2\n|\n|t:|1733833545\n|switch|p1a: Malamar|Malamar, L82, M|275/275\n|move|p2a: Clawitzer|Water Pulse|p1a: Malamar\n|-crit|p1a: Malamar\n|-damage|p1a: Malamar|0 fnt\n|faint|p1a: Malamar\n|\n|upkeep\n|\n|t:|1733833553\n|switch|p1a: Roaring Moon|Roaring Moon, L72|270/270\n|-enditem|p1a: Roaring Moon|Booster Energy\n|-activate|p1a: Roaring Moon|ability: Protosynthesis|[fromitem]\n|-start|p1a: Roaring Moon|protosynthesisatk\n|turn|3\n|\n|t:|1733833571\n|switch|p2a: Incineroar|Incineroar, L82, F|290/290\n|-ability|p2a: Incineroar|Intimidate|boost\n|-unboost|p1a: Roaring Moon|atk|1\n|move|p1a: Roaring Moon|Knock Off|p2a: Incineroar\n|-resisted|p2a: Incineroar\n|-damage|p2a: Incineroar|248/290\n|-enditem|p2a: Incineroar|Heavy-Duty Boots|[from] move: Knock Off|[of] p1a: Roaring Moon\n|\n|upkeep\n|turn|4\n|\n|t:|1733833584\n|-end|p1a: Roaring Moon|Protosynthesis|[silent]\n|switch|p1a: Falinks|Falinks, L84|246/246\n|move|p2a: Incineroar|Knock Off|p1a: Falinks\n|-resisted|p1a: Falinks\n|-damage|p1a: Falinks|191/246\n|-enditem|p1a: Falinks|Life Orb|[from] move: Knock Off|[of] p2a: Incineroar\n|\n|upkeep\n|turn|5\n|\n|t:|1733833593\n|switch|p2a: Salamence|Salamence, L77, F|273/273\n|-ability|p2a: Salamence|Intimidate|boost\n|-unboost|p1a: Falinks|atk|1\n|-ability|p1a: Falinks|Defiant|boost\n|-boost|p1a: Falinks|atk|2\n|move|p1a: Falinks|No Retreat|p1a: Falinks\n|-boost|p1a: Falinks|atk|1\n|-boost|p1a: Falinks|def|1\n|-boost|p1a: Falinks|spa|1\n|-boost|p1a: Falinks|spd|1\n|-boost|p1a: Falinks|spe|1\n|-start|p1a: Falinks|move: No Retreat\n|\n|upkeep\n|turn|6\n|\n|t:|1733833605\n|move|p1a: Falinks|Knock Off|p2a: Salamence\n|-damage|p2a: Salamence|101/273\n|-enditem|p2a: Salamence|Heavy-Duty Boots|[from] move: Knock Off|[of] p1a: Falinks\n|move|p2a: Salamence|Dual Wingbeat|p1a: Falinks\n|-supereffective|p1a: Falinks\n|-damage|p1a: Falinks|135/246\n|-supereffective|p1a: Falinks\n|-damage|p1a: Falinks|75/246\n|-hitcount|p1a: Falinks|2\n|\n|upkeep\n|turn|7\n|\n|t:|1733833616\n|move|p1a: Falinks|Iron Head|p2a: Salamence\n|-damage|p2a: Salamence|0 fnt\n|faint|p2a: Salamence\n|\n|upkeep\n|\n|t:|1733833637\n|switch|p2a: Spectrier|Spectrier, L75|274/274\n|turn|8\n|\n|t:|1733833643\n|-terastallize|p2a: Spectrier|Fighting\n|move|p1a: Falinks|Knock Off|p2a: Spectrier\n|-resisted|p2a: Spectrier\n|-damage|p2a: Spectrier|168/274\n|-enditem|p2a: Spectrier|Life Orb|[from] move: Knock Off|[of] p1a: Falinks\n|move|p2a: Spectrier|Shadow Ball|p1a: Falinks\n|-damage|p1a: Falinks|0 fnt\n|faint|p1a: Falinks\n|-ability|p2a: Spectrier|Grim Neigh|boost\n|-boost|p2a: Spectrier|spa|1\n|\n|upkeep\n|\n|t:|1733833658\n|switch|p1a: Dragalge|Dragalge, L88, F|258/258\n|turn|9\n|\n|t:|1733833667\n|move|p2a: Spectrier|Shadow Ball|p1a: Dragalge\n|-damage|p1a: Dragalge|155/258\n|move|p1a: Dragalge|Sludge Wave|p2a: Spectrier\n|-damage|p2a: Spectrier|0 fnt\n|faint|p2a: Spectrier\n|\n|-heal|p1a: Dragalge|171/258|[from] item: Leftovers\n|upkeep\n|\n|t:|1733833681\n|switch|p2a: Mew|Mew, L82|298/298\n|turn|10\n|\n|t:|1733833685\n|switch|p1a: Roaring Moon|Roaring Moon, L72|270/270\n|move|p2a: Mew|Stealth Rock|p1a: Roaring Moon\n|-sidestart|p1: firehunter100|move: Stealth Rock\n|\n|upkeep\n|turn|11\n|\n|t:|1733833692\n|switch|p2a: Incineroar|Incineroar, L82, F|248/290\n|-ability|p2a: Incineroar|Intimidate|boost\n|-unboost|p1a: Roaring Moon|atk|1\n|move|p1a: Roaring Moon|Dragon Dance|p1a: Roaring Moon\n|-boost|p1a: Roaring Moon|atk|1\n|-boost|p1a: Roaring Moon|spe|1\n|\n|upkeep\n|turn|12\n|\n|t:|1733833706\n|move|p1a: Roaring Moon|Outrage|p2a: Incineroar\n|-damage|p2a: Incineroar|124/290\n|move|p2a: Incineroar|Parting Shot|p1a: Roaring Moon\n|-unboost|p1a: Roaring Moon|atk|1\n|-unboost|p1a: Roaring Moon|spa|1\n|\n|t:|1733833713\n|switch|p2a: Bronzong|Bronzong, L88|261/261|[from] Parting Shot\n|\n|upkeep\n|turn|13\n|\n|t:|1733833719\n|move|p1a: Roaring Moon|Outrage|p2a: Bronzong|[from]lockedmove\n|-resisted|p2a: Bronzong\n|-damage|p2a: Bronzong|227/261\n|move|p2a: Bronzong|Hypnosis|p1a: Roaring Moon\n|-status|p1a: Roaring Moon|slp|[from] move: Hypnosis\n|\n|-heal|p2a: Bronzong|243/261|[from] item: Leftovers\n|upkeep\n|turn|14\n|\n|t:|1733833731\n|-end|p1a: Roaring Moon|Protosynthesis|[silent]\n|switch|p1a: Entei|Entei, L78|307/307\n|-damage|p1a: Entei|231/307|[from] Stealth Rock\n|move|p2a: Bronzong|Iron Head|p1a: Entei\n|-resisted|p1a: Entei\n|-damage|p1a: Entei|185/307\n|\n|-heal|p2a: Bronzong|259/261|[from] item: Leftovers\n|upkeep\n|turn|15\n|\n|t:|1733833743\n|switch|p2a: Incineroar|Incineroar, L82, F|124/290\n|-ability|p2a: Incineroar|Intimidate|boost\n|-fail|p1a: Entei|unboost|Attack|[from] ability: Inner Focus|[of] p1a: Entei\n|move|p1a: Entei|Flare Blitz|p2a: Incineroar\n|-resisted|p2a: Incineroar\n|-damage|p2a: Incineroar|26/290\n|-damage|p1a: Entei|153/307|[from] Recoil\n|\n|upkeep\n|turn|16\n|\n|t:|1733833753\n|move|p1a: Entei|Flare Blitz|p2a: Incineroar\n|-resisted|p2a: Incineroar\n|-damage|p2a: Incineroar|0 fnt\n|faint|p2a: Incineroar\n|-damage|p1a: Entei|144/307|[from] Recoil\n|\n|upkeep\n|\n|t:|1733833764\n|switch|p2a: Clawitzer|Clawitzer, L87, M|265/265\n|turn|17\n|\n|t:|1733833771\n|switch|p1a: Dragalge|Dragalge, L88, F|171/258\n|-damage|p1a: Dragalge|139/258|[from] Stealth Rock\n|move|p2a: Clawitzer|Dragon Pulse|p1a: Dragalge\n|-supereffective|p1a: Dragalge\n|-damage|p1a: Dragalge|0 fnt\n|faint|p1a: Dragalge\n|\n|upkeep\n|\n|t:|1733833780\n|switch|p1a: Mudsdale|Mudsdale, L84, M|305/305\n|-damage|p1a: Mudsdale|286/305|[from] Stealth Rock\n|turn|18\n|\n|t:|1733833789\n|switch|p2a: Bronzong|Bronzong, L88|259/261\n|-terastallize|p1a: Mudsdale|Steel\n|move|p1a: Mudsdale|Heavy Slam|p2a: Bronzong\n|-resisted|p2a: Bronzong\n|-damage|p2a: Bronzong|211/261\n|\n|-heal|p2a: Bronzong|227/261|[from] item: Leftovers\n|-heal|p1a: Mudsdale|305/305|[from] item: Leftovers\n|upkeep\n|turn|19\n|\n|t:|1733833802\n|switch|p2a: Clawitzer|Clawitzer, L87, M|265/265\n|switch|p1a: Entei|Entei, L78|144/307\n|-damage|p1a: Entei|68/307|[from] Stealth Rock\n|\n|upkeep\n|turn|20\n|\n|t:|1733833811\n|move|p1a: Entei|Extreme Speed|p2a: Clawitzer\n|-damage|p2a: Clawitzer|179/265\n|move|p2a: Clawitzer|Aura Sphere|p1a: Entei\n|-damage|p1a: Entei|0 fnt\n|faint|p1a: Entei\n|\n|upkeep\n|\n|t:|1733833819\n|switch|p1a: Mudsdale|Mudsdale, L84, M, tera:Steel|305/305\n|-damage|p1a: Mudsdale|286/305|[from] Stealth Rock\n|turn|21\n|\n|t:|1733833824\n|move|p2a: Clawitzer|Aura Sphere|p1a: Mudsdale\n|-supereffective|p1a: Mudsdale\n|-damage|p1a: Mudsdale|0 fnt\n|faint|p1a: Mudsdale\n|\n|upkeep\n|\n|t:|1733833829\n|switch|p1a: Roaring Moon|Roaring Moon, L72|270/270 slp\n|-damage|p1a: Roaring Moon|237/270 slp|[from] Stealth Rock\n|turn|22\n|\n|t:|1733833834\n|cant|p1a: Roaring Moon|slp\n|move|p2a: Clawitzer|Aura Sphere|p1a: Roaring Moon\n|-supereffective|p1a: Roaring Moon\n|-damage|p1a: Roaring Moon|0 fnt\n|faint|p1a: Roaring Moon\n|-end|p1a: Roaring Moon|Protosynthesis|[silent]\n|\n|win|tomate2er\n|raw|firehunter100's rating: 1424 &rarr; <strong>1405</strong><br />(-19 for losing)\n|raw|tomate2er's rating: 1443 &rarr; <strong>1462</strong><br />(+19 for winning)\n", "inputlog": ">version bfd83cad13791eb5a5a409923076391caf6fb4d4\n>start {\"formatid\":\"gen9randombattle\",\"seed\":[46056,32344,32335,43387],\"rated\":\"Rated battle\"}\n>player p1 {\"name\":\"firehunter100\",\"avatar\":\"red\",\"rating\":1424,\"seed\":[34681,64333,59191,49068]}\n>player p2 {\"name\":\"tomate2er\",\"avatar\":\"wallace\",\"rating\":1443,\"seed\":[61726,62436,813,36430]}\n>p1 move stoneedge\n>p2 switch 3\n>p1 switch 4\n>p2 move waterpulse\n>p1 switch 3\n>p1 move knockoff\n>p2 switch 6\n>p1 switch 2\n>p2 move knockoff\n>p1 move noretreat\n>p2 switch 3\n>p1 move knockoff\n>p2 move dualwingbeat\n>p1 move ironhead\n>p2 move dualwingbeat\n>p2 switch 5\n>p1 move knockoff\n>p2 move shadowball terastallize\n>p1 switch 6\n>p1 move sludgewave\n>p2 move shadowball\n>p2 switch 2\n>p1 switch 2\n>p2 move stealthrock\n>p1 move dragondance\n>p2 switch 3\n>p1 move outrage\n>p2 move partingshot\n>p2 switch 4\n>p1 move outrage\n>p2 move hypnosis\n>p1 switch 4\n>p2 move ironhead\n>p1 move flareblitz\n>p2 switch 4\n>p1 move flareblitz\n>p2 move knockoff\n>p2 switch 6\n>p1 switch 2\n>p2 move dragonpulse\n>p1 switch 5\n>p1 move heavyslam terastallize\n>p2 switch 4\n>p1 switch 2\n>p2 switch 4\n>p1 move extremespeed\n>p2 move aurasphere\n>p1 switch 2\n>p1 move heavyslam\n>p2 move aurasphere\n>p1 switch 4\n>p1 move knockoff\n>p2 move aurasphere", "uploadtime": 1733833842, "views": 2, "formatid": "gen9randombattle", "rating": 1405, "private": 0, "password": null}