{"id": "gen9randombattle-2259976902", "format": "[Gen 9] Random Battle", "players": ["whilonix", "ToxicWyvern"], "log": "|j|\u2606whilonix\n|j|\u2606ToxicWyvern\n|t:|1733786577\n|gametype|singles\n|player|p1|whilonix|169|1688\n|player|p2|ToxicWyvern|ethan|1662\n|teamsize|p1|6\n|teamsize|p2|6\n|gen|9\n|tier|[Gen 9] Random Battle\n|rated|\n|rule|Species Clause: Limit one of each Pok\u00e9mon\n|rule|HP Percentage Mod: HP is shown in percentages\n|rule|Sleep Clause Mod: Limit one foe put to sleep\n|rule|Illusion Level Mod: Illusion disguises the Pok\u00e9mon's true level\n|\n|t:|1733786577\n|start\n|switch|p1a: Garganacl|Garganacl, L80, M|291/291\n|switch|p2a: Flapple|Flapple, L88, F|266/266\n|turn|1\n|\n|t:|1733786612\n|move|p2a: Flapple|Dragon Dance|p2a: Flapple\n|-boost|p2a: Flapple|atk|1\n|-boost|p2a: Flapple|spe|1\n|move|p1a: Garganacl|Salt Cure|p2a: Flapple\n|-damage|p2a: Flapple|227/266\n|-start|p2a: Flapple|Salt Cure\n|\n|-damage|p2a: Flapple|194/266|[from] Salt Cure\n|upkeep\n|turn|2\n|\n|t:|1733786635\n|switch|p1a: Spidops|Spidops, L96, F|271/271\n|move|p2a: Flapple|Grav Apple|p1a: Spidops\n|-resisted|p1a: Spidops\n|-damage|p1a: Spidops|177/271\n|-unboost|p1a: Spidops|def|1\n|\n|-damage|p2a: Flapple|161/266|[from] Salt Cure\n|upkeep\n|turn|3\n|\n|t:|1733786650\n|move|p2a: Flapple|Outrage|p1a: Spidops|[miss]\n|-miss|p2a: Flapple|p1a: Spidops\n|move|p1a: Spidops|Knock Off|p2a: Flapple\n|-damage|p2a: Flapple|81/266\n|-enditem|p2a: Flapple|Lum Berry|[from] move: Knock Off|[of] p1a: Spidops\n|\n|-damage|p2a: Flapple|48/266|[from] Salt Cure\n|upkeep\n|turn|4\n|\n|t:|1733786660\n|move|p2a: Flapple|Outrage|p1a: Spidops\n|-damage|p1a: Spidops|0 fnt\n|faint|p1a: Spidops\n|\n|-damage|p2a: Flapple|15/266|[from] Salt Cure\n|upkeep\n|\n|t:|1733786677\n|switch|p1a: Garganacl|Garganacl, L80, M|291/291\n|turn|5\n|\n|t:|1733786691\n|move|p1a: Garganacl|Protect|p1a: Garganacl\n|-singleturn|p1a: Garganacl|Protect\n|move|p2a: Flapple|Outrage|p1a: Garganacl|[from]lockedmove\n|-activate|p1a: Garganacl|move: Protect\n|\n|-damage|p2a: Flapple|0 fnt|[from] Salt Cure\n|faint|p2a: Flapple\n|upkeep\n|\n|t:|1733786698\n|switch|p2a: Whiscash|Whiscash, L88, F|337/337\n|turn|6\n|\n|t:|1733786708\n|switch|p1a: Ogerpon|Ogerpon-Wellspring, L76, F|247/247\n|move|p2a: Whiscash|Stealth Rock|p1a: Ogerpon\n|-sidestart|p1: whilonix|move: Stealth Rock\n|\n|upkeep\n|turn|7\n|\n|t:|1733786714\n|switch|p2a: Swalot|Swalot, L90, M|326/326\n|move|p1a: Ogerpon|Wood Hammer|p2a: Swalot\n|-resisted|p2a: Swalot\n|-damage|p2a: Swalot|251/326\n|-damage|p1a: Ogerpon|222/247|[from] Recoil\n|\n|-heal|p2a: Swalot|271/326|[from] item: Leftovers\n|upkeep\n|turn|8\n|\n|t:|1733786724\n|move|p1a: Ogerpon|U-turn|p2a: Swalot\n|-resisted|p2a: Swalot\n|-damage|p2a: Swalot|242/326\n|\n|t:|1733786727\n|switch|p1a: Garganacl|Garganacl, L80, M|291/291|[from] U-turn\n|-damage|p1a: Garganacl|255/291|[from] Stealth Rock\n|move|p2a: Swalot|Sludge Bomb|p1a: Garganacl\n|-resisted|p1a: Garganacl\n|-damage|p1a: Garganacl|207/291\n|\n|-heal|p2a: Swalot|262/326|[from] item: Leftovers\n|-heal|p1a: Garganacl|225/291|[from] item: Leftovers\n|upkeep\n|turn|9\n|\n|t:|1733786739\n|move|p2a: Swalot|Knock Off|p1a: Garganacl\n|-damage|p1a: Garganacl|179/291\n|-enditem|p1a: Garganacl|Leftovers|[from] move: Knock Off|[of] p2a: Swalot\n|move|p1a: Garganacl|Earthquake|p2a: Swalot\n|-supereffective|p2a: Swalot\n|-damage|p2a: Swalot|126/326\n|\n|-heal|p2a: Swalot|146/326|[from] item: Leftovers\n|upkeep\n|turn|10\n|\n|t:|1733786753\n|switch|p2a: Jirachi|Jirachi, L80|291/291\n|move|p1a: Garganacl|Salt Cure|p2a: Jirachi\n|-resisted|p2a: Jirachi\n|-damage|p2a: Jirachi|272/291\n|-start|p2a: Jirachi|Salt Cure\n|\n|-heal|p2a: Jirachi|290/291|[from] item: Leftovers\n|-damage|p2a: Jirachi|218/291|[from] Salt Cure\n|upkeep\n|turn|11\n|\n|t:|1733786769\n|switch|p2a: Cyclizar|Cyclizar, L83, F|252/252\n|switch|p1a: Hawlucha|Hawlucha, L80, M|256/256\n|-damage|p1a: Hawlucha|224/256|[from] Stealth Rock\n|\n|upkeep\n|turn|12\n|\n|t:|1733786777\n|move|p2a: Cyclizar|Shed Tail|p2a: Cyclizar\n|-start|p2a: Cyclizar|Substitute|[from] move: Shed Tail\n|-damage|p2a: Cyclizar|126/252\n|\n|t:|1733786780\n|switch|p2a: Pincurchin|Pincurchin, M|258/258|[from] Shed Tail\n|-fieldstart|move: Electric Terrain|[from] ability: Electric Surge|[of] p2a: Pincurchin\n|move|p1a: Hawlucha|Close Combat|p2a: Pincurchin\n|-end|p2a: Pincurchin|Substitute\n|-unboost|p1a: Hawlucha|def|1\n|-unboost|p1a: Hawlucha|spd|1\n|-enditem|p1a: Hawlucha|White Herb\n|-clearnegativeboost|p1a: Hawlucha|[silent]\n|\n|upkeep\n|turn|13\n|\n|t:|1733786808\n|switch|p1a: Garganacl|Garganacl, L80, M|179/291\n|-damage|p1a: Garganacl|143/291|[from] Stealth Rock\n|move|p2a: Pincurchin|Toxic Spikes|p1a: Garganacl\n|-sidestart|p1: whilonix|move: Toxic Spikes\n|\n|upkeep\n|turn|14\n|\n|t:|1733786816\n|move|p1a: Garganacl|Earthquake|p2a: Pincurchin\n|-supereffective|p2a: Pincurchin\n|-damage|p2a: Pincurchin|146/258\n|move|p2a: Pincurchin|Toxic Spikes|p1a: Garganacl\n|-sidestart|p1: whilonix|move: Toxic Spikes\n|\n|-heal|p2a: Pincurchin|162/258|[from] item: Leftovers\n|upkeep\n|turn|15\n|\n|t:|1733786824\n|move|p1a: Garganacl|Salt Cure|p2a: Pincurchin\n|-damage|p2a: Pincurchin|131/258\n|-start|p2a: Pincurchin|Salt Cure\n|move|p2a: Pincurchin|Thunderbolt|p1a: Garganacl\n|-damage|p1a: Garganacl|0 fnt\n|faint|p1a: Garganacl\n|\n|-heal|p2a: Pincurchin|147/258|[from] item: Leftovers\n|-damage|p2a: Pincurchin|115/258|[from] Salt Cure\n|upkeep\n|\n|t:|1733786849\n|switch|p1a: Hawlucha|Hawlucha, L80, M|224/256\n|-damage|p1a: Hawlucha|192/256|[from] Stealth Rock\n|turn|16\n|\n|t:|1733786854\n|move|p1a: Hawlucha|Close Combat|p2a: Pincurchin\n|-damage|p2a: Pincurchin|19/258\n|-unboost|p1a: Hawlucha|def|1\n|-unboost|p1a: Hawlucha|spd|1\n|move|p2a: Pincurchin|Thunderbolt|p1a: Hawlucha\n|-supereffective|p1a: Hawlucha\n|-damage|p1a: Hawlucha|0 fnt\n|faint|p1a: Hawlucha\n|\n|-heal|p2a: Pincurchin|35/258|[from] item: Leftovers\n|-damage|p2a: Pincurchin|3/258|[from] Salt Cure\n|-fieldend|move: Electric Terrain\n|upkeep\n|inactive|Battle timer is ON: inactive players will automatically lose when time's up. (requested by ToxicWyvern)\n|\n|t:|1733786894\n|switch|p1a: Umbreon|Umbreon, L84, M|297/297\n|-damage|p1a: Umbreon|260/297|[from] Stealth Rock\n|-status|p1a: Umbreon|tox\n|turn|17\n|inactive|ToxicWyvern has 120 seconds left.\n|\n|t:|1733786934\n|move|p1a: Umbreon|Foul Play|p2a: Pincurchin\n|-damage|p2a: Pincurchin|0 fnt\n|faint|p2a: Pincurchin\n|\n|-heal|p1a: Umbreon|278/297 tox|[from] item: Leftovers\n|-damage|p1a: Umbreon|260/297 tox|[from] psn\n|upkeep\n|\n|t:|1733786946\n|switch|p2a: Jirachi|Jirachi, L80|218/291\n|turn|18\n|\n|t:|1733786952\n|move|p2a: Jirachi|Protect|p2a: Jirachi\n|-singleturn|p2a: Jirachi|Protect\n|move|p1a: Umbreon|Foul Play|p2a: Jirachi\n|-activate|p2a: Jirachi|move: Protect\n|\n|-heal|p2a: Jirachi|236/291|[from] item: Leftovers\n|-heal|p1a: Umbreon|278/297 tox|[from] item: Leftovers\n|-damage|p1a: Umbreon|242/297 tox|[from] psn\n|upkeep\n|turn|19\n|\n|t:|1733786962\n|move|p2a: Jirachi|Iron Head|p1a: Umbreon\n|-damage|p1a: Umbreon|178/297 tox\n|cant|p1a: Umbreon|flinch\n|\n|-heal|p2a: Jirachi|254/291|[from] item: Leftovers\n|-heal|p1a: Umbreon|196/297 tox|[from] item: Leftovers\n|-damage|p1a: Umbreon|142/297 tox|[from] psn\n|upkeep\n|turn|20\n|\n|t:|1733786972\n|move|p2a: Jirachi|Iron Head|p1a: Umbreon\n|-damage|p1a: Umbreon|69/297 tox\n|move|p1a: Umbreon|Wish|p1a: Umbreon\n|\n|-heal|p2a: Jirachi|272/291|[from] item: Leftovers\n|-heal|p1a: Umbreon|87/297 tox|[from] item: Leftovers\n|-damage|p1a: Umbreon|15/297 tox|[from] psn\n|upkeep\n|turn|21\n|\n|t:|1733786981\n|move|p1a: Umbreon|Protect|p1a: Umbreon\n|-singleturn|p1a: Umbreon|Protect\n|move|p2a: Jirachi|Wish|p2a: Jirachi\n|\n|-heal|p1a: Umbreon|163/297 tox|[from] move: Wish|[wisher] Umbreon\n|-heal|p2a: Jirachi|290/291|[from] item: Leftovers\n|-heal|p1a: Umbreon|181/297 tox|[from] item: Leftovers\n|-damage|p1a: Umbreon|91/297 tox|[from] psn\n|upkeep\n|turn|22\n|\n|t:|1733786991\n|switch|p2a: Swalot|Swalot, L90, M|146/326\n|move|p1a: Umbreon|Foul Play|p2a: Swalot\n|-damage|p2a: Swalot|65/326\n|\n|-heal|p2a: Swalot|210/326|[from] move: Wish|[wisher] Jirachi\n|-heal|p1a: Umbreon|109/297 tox|[from] item: Leftovers\n|-heal|p2a: Swalot|230/326|[from] item: Leftovers\n|-damage|p1a: Umbreon|1/297 tox|[from] psn\n|upkeep\n|turn|23\n|\n|t:|1733787003\n|move|p1a: Umbreon|Foul Play|p2a: Swalot\n|-damage|p2a: Swalot|140/326\n|move|p2a: Swalot|Sludge Bomb|p1a: Umbreon\n|-damage|p1a: Umbreon|0 fnt\n|faint|p1a: Umbreon\n|\n|-heal|p2a: Swalot|160/326|[from] item: Leftovers\n|upkeep\n|\n|t:|1733787013\n|switch|p1a: Ogerpon|Ogerpon-Wellspring, L76, F|222/247\n|-damage|p1a: Ogerpon|192/247|[from] Stealth Rock\n|-status|p1a: Ogerpon|tox\n|turn|24\n|\n|t:|1733787020\n|move|p1a: Ogerpon|Ivy Cudgel|p2a: Swalot|[anim] Ivy Cudgel Water\n|-damage|p2a: Swalot|49/326\n|move|p2a: Swalot|Sludge Bomb|p1a: Ogerpon\n|-supereffective|p1a: Ogerpon\n|-damage|p1a: Ogerpon|0 fnt\n|faint|p1a: Ogerpon\n|\n|-heal|p2a: Swalot|69/326|[from] item: Leftovers\n|upkeep\n|\n|t:|1733787030\n|switch|p1a: Kingambit|Kingambit, L74, F|270/270\n|-damage|p1a: Kingambit|254/270|[from] Stealth Rock\n|-activate|p1a: Kingambit|ability: Supreme Overlord\n|-start|p1a: Kingambit|fallen5|[silent]\n|turn|25\n|\n|t:|1733787042\n|move|p1a: Kingambit|Sucker Punch||[still]\n|-fail|p1a: Kingambit\n|move|p2a: Swalot|Pain Split|p1a: Kingambit\n|-sethp|p1a: Kingambit|161/270|[from] move: Pain Split|[silent]\n|-sethp|p2a: Swalot|161/326|[from] move: Pain Split\n|\n|-heal|p2a: Swalot|181/326|[from] item: Leftovers\n|-heal|p1a: Kingambit|177/270|[from] item: Leftovers\n|upkeep\n|turn|26\n|\n|t:|1733787058\n|move|p2a: Swalot|Knock Off|p1a: Kingambit\n|-resisted|p1a: Kingambit\n|-damage|p1a: Kingambit|150/270\n|-enditem|p1a: Kingambit|Leftovers|[from] move: Knock Off|[of] p2a: Swalot\n|move|p1a: Kingambit|Kowtow Cleave|p2a: Swalot\n|-damage|p2a: Swalot|37/326\n|\n|-heal|p2a: Swalot|57/326|[from] item: Leftovers\n|upkeep\n|turn|27\n|\n|t:|1733787068\n|move|p1a: Kingambit|Sucker Punch||[still]\n|-fail|p1a: Kingambit\n|move|p2a: Swalot|Pain Split|p1a: Kingambit\n|-sethp|p1a: Kingambit|103/270|[from] move: Pain Split|[silent]\n|-sethp|p2a: Swalot|103/326|[from] move: Pain Split\n|\n|-heal|p2a: Swalot|123/326|[from] item: Leftovers\n|upkeep\n|turn|28\n|\n|t:|1733787076\n|move|p2a: Swalot|Ice Beam|p1a: Kingambit\n|-resisted|p1a: Kingambit\n|-damage|p1a: Kingambit|70/270\n|move|p1a: Kingambit|Kowtow Cleave|p2a: Swalot\n|-damage|p2a: Swalot|0 fnt\n|faint|p2a: Swalot\n|\n|upkeep\n|\n|t:|1733787084\n|switch|p2a: Whiscash|Whiscash, L88, F|337/337\n|turn|29\n|\n|t:|1733787088\n|move|p1a: Kingambit|Sucker Punch|p2a: Whiscash\n|-damage|p2a: Whiscash|222/337\n|move|p2a: Whiscash|Earthquake|p1a: Kingambit\n|-supereffective|p1a: Kingambit\n|-damage|p1a: Kingambit|0 fnt\n|faint|p1a: Kingambit\n|-end|p1a: Kingambit|fallen5|[silent]\n|\n|win|ToxicWyvern\n|raw|whilonix's rating: 1688 &rarr; <strong>1667</strong><br />(-21 for losing)\n|raw|ToxicWyvern's rating: 1662 &rarr; <strong>1683</strong><br />(+21 for winning)\n", "inputlog": ">version bfd83cad13791eb5a5a409923076391caf6fb4d4\n>start {\"formatid\":\"gen9randombattle\",\"seed\":[21613,43796,32289,49437],\"rated\":\"Rated battle\"}\n>player p1 {\"name\":\"whilonix\",\"avatar\":\"169\",\"rating\":1688,\"seed\":[48810,51563,10867,38380]}\n>player p2 {\"name\":\"ToxicWyvern\",\"avatar\":\"ethan\",\"rating\":1662,\"seed\":[14774,51692,33958,23709]}\n>p1 move saltcure\n>p2 move dragondance\n>p1 switch 6\n>p2 move gravapple\n>p1 move knockoff\n>p2 move outrage\n>p1 move stickyweb\n>p2 move outrage\n>p1 switch 6\n>p1 move protect\n>p2 move outrage\n>p2 switch 6\n>p1 switch 4\n>p2 move stealthrock\n>p1 move woodhammer\n>p2 switch 2\n>p1 move uturn\n>p2 move sludgebomb\n>p1 switch 4\n>p1 move earthquake\n>p2 move knockoff\n>p1 move saltcure\n>p2 switch 3\n>p1 switch 5\n>p2 switch 4\n>p1 move closecombat\n>p2 move shedtail\n>p2 switch 5\n>p1 switch 5\n>p2 move toxicspikes\n>p1 move earthquake\n>p2 move toxicspikes\n>p1 move saltcure\n>p2 move thunderbolt\n>p1 switch 5\n>p1 move closecombat\n>p2 move thunderbolt\n>p1 switch 3\n>p1 move foulplay\n>p2 move thunderbolt\n>p2 switch 4\n>p1 move foulplay\n>p2 move protect\n>p1 move foulplay\n>p2 move ironhead\n>p1 move wish\n>p2 move ironhead\n>p1 move protect\n>p2 move wish\n>p1 move foulplay\n>p2 switch 3\n>p1 move foulplay\n>p2 move sludgebomb\n>p1 switch 4\n>p1 move ivycudgel\n>p2 move sludgebomb\n>p1 switch 2\n>p1 move suckerpunch\n>p2 move painsplit\n>p1 move kowtowcleave\n>p2 move knockoff\n>p1 move suckerpunch\n>p2 move painsplit\n>p1 move kowtowcleave\n>p2 move icebeam\n>p2 switch 2\n>p1 move suckerpunch\n>p2 move earthquake", "uploadtime": 1733787095, "views": 1, "formatid": "gen9randombattle", "rating": 1667, "private": 0, "password": null}