{"id": "gen9randombattle-2260806851", "format": "[Gen 9] Random Battle", "players": ["bacontwin", "dejsejjde"], "log": "|j|\u2606bacontwin\n|j|\u2606dejsejjde\n|t:|1733895439\n|gametype|singles\n|player|p1|bacontwin|doctor|1134\n|player|p2|dejsejjde|1|1092\n|teamsize|p1|6\n|teamsize|p2|6\n|gen|9\n|tier|[Gen 9] Random Battle\n|rated|\n|rule|Species Clause: Limit one of each Pok\u00e9mon\n|rule|HP Percentage Mod: HP is shown in percentages\n|rule|Sleep Clause Mod: Limit one foe put to sleep\n|rule|Illusion Level Mod: Illusion disguises the Pok\u00e9mon's true level\n|\n|t:|1733895439\n|start\n|switch|p1a: Delibird|Delibird, M|252/252\n|switch|p2a: Magcargo|Magcargo, L95, F|268/268\n|turn|1\n|\n|t:|1733895447\n|move|p1a: Delibird|Drill Run|p2a: Magcargo\n|-supereffective|p2a: Magcargo\n|-damage|p2a: Magcargo|44/268\n|-ability|p2a: Magcargo|Weak Armor|boost\n|-unboost|p2a: Magcargo|def|1\n|-boost|p2a: Magcargo|spe|2\n|move|p2a: Magcargo|Power Gem|p1a: Delibird\n|-supereffective|p1a: Delibird\n|-damage|p1a: Delibird|0 fnt\n|faint|p1a: Delibird\n|\n|upkeep\n|\n|t:|1733895458\n|switch|p1a: Mamoswine|Mamoswine, L81, F|311/311\n|turn|2\n|\n|t:|1733895464\n|move|p1a: Mamoswine|Ice Shard|p2a: Magcargo\n|-resisted|p2a: Magcargo\n|-damage|p2a: Magcargo|2/268\n|-ability|p2a: Magcargo|Weak Armor|boost\n|-unboost|p2a: Magcargo|def|1\n|-boost|p2a: Magcargo|spe|2\n|move|p2a: Magcargo|Fire Blast|p1a: Mamoswine\n|-supereffective|p1a: Mamoswine\n|-damage|p1a: Mamoswine|111/311\n|\n|upkeep\n|turn|3\n|\n|t:|1733895475\n|move|p1a: Mamoswine|Ice Shard|p2a: Magcargo\n|-resisted|p2a: Magcargo\n|-damage|p2a: Magcargo|0 fnt\n|faint|p2a: Magcargo\n|\n|upkeep\n|\n|t:|1733895481\n|switch|p2a: Slaking|Slaking, L84, M|389/389\n|turn|4\n|\n|t:|1733895489\n|switch|p1a: Mandibuzz|Mandibuzz, L85, F|326/326\n|move|p2a: Slaking|Knock Off|p1a: Mandibuzz\n|-resisted|p1a: Mandibuzz\n|-damage|p1a: Mandibuzz|280/326\n|-enditem|p1a: Mandibuzz|Heavy-Duty Boots|[from] move: Knock Off|[of] p2a: Slaking\n|\n|upkeep\n|turn|5\n|\n|t:|1733895496\n|switch|p2a: Gholdengo|Gholdengo, L77|261/261\n|move|p1a: Mandibuzz|Knock Off|p2a: Gholdengo\n|-supereffective|p2a: Gholdengo\n|-damage|p2a: Gholdengo|105/261\n|-enditem|p2a: Gholdengo|Leftovers|[from] move: Knock Off|[of] p1a: Mandibuzz\n|\n|upkeep\n|turn|6\n|\n|t:|1733895502\n|move|p1a: Mandibuzz|Knock Off|p2a: Gholdengo\n|-supereffective|p2a: Gholdengo\n|-damage|p2a: Gholdengo|0 fnt\n|faint|p2a: Gholdengo\n|\n|upkeep\n|\n|t:|1733895509\n|switch|p2a: Kilowattrel|Kilowattrel, L83, M|252/252\n|turn|7\n|\n|t:|1733895512\n|-terastallize|p1a: Mandibuzz|Steel\n|move|p2a: Kilowattrel|Thunderbolt|p1a: Mandibuzz\n|-damage|p1a: Mandibuzz|193/326\n|move|p1a: Mandibuzz|Knock Off|p2a: Kilowattrel\n|-damage|p2a: Kilowattrel|138/252\n|-enditem|p2a: Kilowattrel|Heavy-Duty Boots|[from] move: Knock Off|[of] p1a: Mandibuzz\n|\n|upkeep\n|turn|8\n|\n|t:|1733895522\n|move|p2a: Kilowattrel|Thunder Wave|p1a: Mandibuzz\n|-status|p1a: Mandibuzz|par\n|cant|p1a: Mandibuzz|par\n|\n|upkeep\n|turn|9\n|\n|t:|1733895531\n|switch|p2a: Poliwrath|Poliwrath, L88, M|302/302\n|move|p1a: Mandibuzz|Roost|p1a: Mandibuzz\n|-heal|p1a: Mandibuzz|326/326 par\n|\n|upkeep\n|turn|10\n|\n|t:|1733895535\n|move|p1a: Mandibuzz|Knock Off|p2a: Poliwrath\n|-resisted|p2a: Poliwrath\n|-damage|p2a: Poliwrath|263/302\n|-enditem|p2a: Poliwrath|Assault Vest|[from] move: Knock Off|[of] p1a: Mandibuzz\n|move|p2a: Poliwrath|Circle Throw|p1a: Mandibuzz\n|-supereffective|p1a: Mandibuzz\n|-damage|p1a: Mandibuzz|206/326 par\n|drag|p1a: Mamoswine|Mamoswine, L81, F|111/311\n|\n|upkeep\n|turn|11\n|\n|t:|1733895552\n|move|p1a: Mamoswine|Icicle Crash|p2a: Poliwrath\n|-resisted|p2a: Poliwrath\n|-damage|p2a: Poliwrath|193/302\n|move|p2a: Poliwrath|Liquidation|p1a: Mamoswine\n|-supereffective|p1a: Mamoswine\n|-damage|p1a: Mamoswine|0 fnt\n|faint|p1a: Mamoswine\n|\n|upkeep\n|\n|t:|1733895559\n|switch|p1a: Girafarig|Girafarig, L89, M|269/269\n|turn|12\n|\n|t:|1733895561\n|move|p1a: Girafarig|Thunderbolt|p2a: Poliwrath\n|-supereffective|p2a: Poliwrath\n|-damage|p2a: Poliwrath|57/302\n|move|p2a: Poliwrath|Knock Off|p1a: Girafarig\n|-supereffective|p1a: Girafarig\n|-damage|p1a: Girafarig|147/269\n|-enditem|p1a: Girafarig|Eviolite|[from] move: Knock Off|[of] p2a: Poliwrath\n|\n|upkeep\n|turn|13\n|\n|t:|1733895566\n|switch|p2a: Kilowattrel|Kilowattrel, L83, M|138/252\n|move|p1a: Girafarig|Thunderbolt|p2a: Kilowattrel\n|-heal|p2a: Kilowattrel|201/252|[from] ability: Volt Absorb|[of] p1a: Girafarig\n|\n|upkeep\n|turn|14\n|\n|t:|1733895573\n|move|p2a: Kilowattrel|Thunderbolt|p1a: Girafarig\n|-damage|p1a: Girafarig|35/269\n|move|p1a: Girafarig|Nasty Plot|p1a: Girafarig\n|-boost|p1a: Girafarig|spa|2\n|\n|upkeep\n|turn|15\n|\n|t:|1733895581\n|move|p2a: Kilowattrel|Thunderbolt|p1a: Girafarig\n|-damage|p1a: Girafarig|0 fnt\n|faint|p1a: Girafarig\n|\n|upkeep\n|\n|t:|1733895588\n|switch|p1a: Magmortar|Magmortar, L88, F|275/275\n|turn|16\n|\n|t:|1733895597\n|move|p2a: Kilowattrel|Thunder Wave|p1a: Magmortar\n|-status|p1a: Magmortar|par\n|cant|p1a: Magmortar|par\n|\n|upkeep\n|turn|17\n|\n|t:|1733895617\n|switch|p2a: Toucannon|Toucannon, L88, M|284/284\n|move|p1a: Magmortar|Fire Blast|p2a: Toucannon\n|-damage|p2a: Toucannon|121/284\n|\n|upkeep\n|turn|18\n|\n|t:|1733895631\n|move|p2a: Toucannon|Boomburst|p1a: Magmortar\n|-damage|p1a: Magmortar|155/275 par\n|move|p1a: Magmortar|Thunderbolt|p2a: Toucannon\n|-supereffective|p2a: Toucannon\n|-damage|p2a: Toucannon|0 fnt\n|faint|p2a: Toucannon\n|\n|upkeep\n|inactive|Battle timer is ON: inactive players will automatically lose when time's up. (requested by bacontwin)\n|\n|t:|1733895658\n|switch|p2a: Poliwrath|Poliwrath, L88, M|57/302\n|turn|19\n|\n|t:|1733895661\n|move|p2a: Poliwrath|Liquidation|p1a: Magmortar\n|-supereffective|p1a: Magmortar\n|-damage|p1a: Magmortar|0 fnt\n|faint|p1a: Magmortar\n|\n|upkeep\n|\n|t:|1733895664\n|switch|p1a: Mandibuzz|Mandibuzz, L85, F, tera:Steel|206/326 par\n|turn|20\n|\n|t:|1733895669\n|move|p2a: Poliwrath|Close Combat|p1a: Mandibuzz\n|-supereffective|p1a: Mandibuzz\n|-damage|p1a: Mandibuzz|0 fnt\n|-unboost|p2a: Poliwrath|def|1\n|-unboost|p2a: Poliwrath|spd|1\n|faint|p1a: Mandibuzz\n|\n|upkeep\n|\n|t:|1733895672\n|switch|p1a: Sylveon|Sylveon, L85, F|300/300\n|turn|21\n|\n|t:|1733895692\n|move|p2a: Poliwrath|Knock Off|p1a: Sylveon\n|-resisted|p1a: Sylveon\n|-damage|p1a: Sylveon|252/300\n|-enditem|p1a: Sylveon|Leftovers|[from] move: Knock Off|[of] p2a: Poliwrath\n|move|p1a: Sylveon|Calm Mind|p1a: Sylveon\n|-boost|p1a: Sylveon|spa|1\n|-boost|p1a: Sylveon|spd|1\n|\n|upkeep\n|turn|22\n|\n|t:|1733895696\n|move|p2a: Poliwrath|Liquidation|p1a: Sylveon\n|-damage|p1a: Sylveon|140/300\n|-unboost|p1a: Sylveon|def|1\n|move|p1a: Sylveon|Wish|p1a: Sylveon\n|\n|upkeep\n|turn|23\n|\n|t:|1733895701\n|move|p1a: Sylveon|Protect|p1a: Sylveon\n|-singleturn|p1a: Sylveon|Protect\n|move|p2a: Poliwrath|Liquidation|p1a: Sylveon\n|-activate|p1a: Sylveon|move: Protect\n|\n|-heal|p1a: Sylveon|290/300|[from] move: Wish|[wisher] Sylveon\n|upkeep\n|turn|24\n|\n|t:|1733895705\n|move|p2a: Poliwrath|Liquidation|p1a: Sylveon\n|-damage|p1a: Sylveon|101/300\n|-unboost|p1a: Sylveon|def|1\n|move|p1a: Sylveon|Hyper Voice|p2a: Poliwrath\n|-supereffective|p2a: Poliwrath\n|-damage|p2a: Poliwrath|0 fnt\n|faint|p2a: Poliwrath\n|\n|upkeep\n|\n|t:|1733895714\n|switch|p2a: Slaking|Slaking, L84, M|389/389\n|turn|25\n|\n|t:|1733895719\n|move|p2a: Slaking|Double-Edge|p1a: Sylveon\n|-damage|p1a: Sylveon|0 fnt\n|faint|p1a: Sylveon\n|-damage|p2a: Slaking|356/389|[from] Recoil\n|\n|win|dejsejjde\n|raw|bacontwin's rating: 1134 &rarr; <strong>1106</strong><br />(-28 for losing)\n|raw|dejsejjde's rating: 1099 &rarr; <strong>1127</strong><br />(+28 for winning)\n", "inputlog": ">version bfd83cad13791eb5a5a409923076391caf6fb4d4\n>start {\"formatid\":\"gen9randombattle\",\"seed\":[15917,13153,24219,60745],\"rated\":\"Rated battle\"}\n>player p1 {\"name\":\"bacontwin\",\"avatar\":\"doctor\",\"rating\":1134,\"seed\":[16830,12259,12939,26159]}\n>player p2 {\"name\":\"dejsejjde\",\"avatar\":\"1\",\"rating\":1092,\"seed\":[37256,14450,33708,25349]}\n>p1 move drillrun\n>p2 move powergem\n>p1 switch 3\n>p1 move iceshard\n>p2 move fireblast\n>p1 move iceshard\n>p2 move powergem\n>p2 switch 3\n>p1 switch 4\n>p2 move knockoff\n>p1 move knockoff\n>p2 switch 5\n>p1 move knockoff\n>p2 move recover\n>p2 switch 2\n>p1 move knockoff terastallize\n>p2 move thunderbolt\n>p1 move roost\n>p2 move thunderwave\n>p1 move roost\n>p2 switch 6\n>p1 move knockoff\n>p2 move circlethrow\n>p1 move iciclecrash\n>p2 move liquidation\n>p1 switch 2\n>p1 move thunderbolt\n>p2 move knockoff\n>p1 move thunderbolt\n>p2 switch 6\n>p1 move nastyplot\n>p2 move thunderbolt\n>p1 move shadowball\n>p2 move thunderbolt\n>p1 switch 5\n>p1 move fireblast\n>p2 move thunderwave\n>p1 move fireblast\n>p2 switch 4\n>p1 move thunderbolt\n>p2 move boomburst\n>p2 switch 6\n>p1 move thunderbolt\n>p2 move liquidation\n>p1 switch 4\n>p1 move bravebird\n>p2 move closecombat\n>p1 switch 6\n>p1 move calmmind\n>p2 move knockoff\n>p1 move wish\n>p2 move liquidation\n>p1 move protect\n>p2 move liquidation\n>p1 move hypervoice\n>p2 move liquidation\n>p2 switch 5\n>p1 move wish\n>p2 move doubleedge", "uploadtime": 1733895723, "views": 1, "formatid": "gen9randombattle", "rating": 1106, "private": 0, "password": null}