{"id": "gen9randombattle-2257708113", "format": "[Gen 9] Random Battle", "players": ["white tee higgins", "Qiuescent"], "log": "|j|\u2606white tee higgins\n|j|\u203dQiuescent\n|t:|1733461197\n|gametype|singles\n|player|p1|white tee higgins|boarder|2229\n|player|p2|Qiuescent|170|2277\n|teamsize|p1|6\n|teamsize|p2|6\n|gen|9\n|tier|[Gen 9] Random Battle\n|rated|\n|rule|Species Clause: Limit one of each Pok\u00e9mon\n|rule|HP Percentage Mod: HP is shown in percentages\n|rule|Sleep Clause Mod: Limit one foe put to sleep\n|rule|Illusion Level Mod: Illusion disguises the Pok\u00e9mon's true level\n|\n|t:|1733461197\n|start\n|switch|p1a: Floatzel|Floatzel, L85, M|283/283\n|switch|p2a: Pawmot|Pawmot, L80, M|243/243\n|turn|1\n|inactive|Battle timer is ON: inactive players will automatically lose when time's up. (requested by white tee higgins)\n|\n|t:|1733461210\n|switch|p1a: Vikavolt|Vikavolt, L83, M|263/263\n|move|p2a: Pawmot|Double Shock|p1a: Vikavolt\n|-resisted|p1a: Vikavolt\n|-damage|p1a: Vikavolt|175/263\n|-start|p2a: Pawmot|typechange|???/Fighting|[from] move: Double Shock\n|-damage|p2a: Pawmot|219/243|[from] item: Life Orb\n|\n|upkeep\n|turn|2\n|\n|t:|1733461222\n|move|p2a: Pawmot|Ice Punch|p1a: Vikavolt\n|-damage|p1a: Vikavolt|91/263\n|-damage|p2a: Pawmot|195/243|[from] item: Life Orb\n|move|p1a: Vikavolt|Sticky Web|p2a: Pawmot\n|-sidestart|p2: Qiuescent|move: Sticky Web\n|\n|upkeep\n|turn|3\n|inactive|white tee higgins has 120 seconds left.\n|\n|t:|1733461269\n|switch|p1a: Ambipom|Ambipom, L84, M|263/263\n|move|p2a: Pawmot|Ice Punch|p1a: Ambipom\n|-damage|p1a: Ambipom|162/263\n|-damage|p2a: Pawmot|171/243|[from] item: Life Orb\n|\n|upkeep\n|turn|4\n|\n|t:|1733461272\n|switch|p2a: Bastiodon|Bastiodon, L89, F|252/252\n|-activate|p2a: Bastiodon|move: Sticky Web\n|-unboost|p2a: Bastiodon|spe|1\n|move|p1a: Ambipom|Fake Out|p2a: Bastiodon\n|-resisted|p2a: Bastiodon\n|-damage|p2a: Bastiodon|242/252\n|\n|upkeep\n|turn|5\n|\n|t:|1733461276\n|move|p1a: Ambipom|Low Kick|p2a: Bastiodon\n|-supereffective|p2a: Bastiodon\n|-damage|p2a: Bastiodon|74/252\n|move|p2a: Bastiodon|Body Press|p1a: Ambipom\n|-supereffective|p1a: Ambipom\n|-damage|p1a: Ambipom|0 fnt\n|faint|p1a: Ambipom\n|\n|upkeep\n|inactive|white tee higgins has 120 seconds left.\n|\n|t:|1733461288\n|switch|p1a: Rhydon|Rhydon, L85, F|317/317\n|turn|6\n|\n|t:|1733461295\n|move|p1a: Rhydon|Earthquake|p2a: Bastiodon\n|-supereffective|p2a: Bastiodon\n|-crit|p2a: Bastiodon\n|-damage|p2a: Bastiodon|0 fnt\n|faint|p2a: Bastiodon\n|\n|upkeep\n|\n|t:|1733461297\n|switch|p2a: Suicune|Suicune, L82|298/298\n|-activate|p2a: Suicune|move: Sticky Web\n|-unboost|p2a: Suicune|spe|1\n|-ability|p2a: Suicune|Pressure\n|turn|7\n|\n|t:|1733461316\n|switch|p1a: Floatzel|Floatzel, L85, M|283/283\n|move|p2a: Suicune|Scald|p1a: Floatzel\n|-resisted|p1a: Floatzel\n|-damage|p1a: Floatzel|226/283\n|\n|-heal|p1a: Floatzel|243/283|[from] item: Leftovers\n|upkeep\n|turn|8\n|\n|t:|1733461321\n|switch|p2a: Espathra|Espathra, L80, F|283/283\n|-activate|p2a: Espathra|move: Sticky Web\n|-unboost|p2a: Espathra|spe|1\n|move|p1a: Floatzel|Taunt|p2a: Espathra\n|-start|p2a: Espathra|move: Taunt\n|\n|-heal|p1a: Floatzel|260/283|[from] item: Leftovers\n|upkeep\n|turn|9\n|\n|t:|1733461325\n|move|p1a: Floatzel|Wave Crash|p2a: Espathra\n|-damage|p2a: Espathra|82/283\n|-damage|p1a: Floatzel|194/283|[from] Recoil\n|move|p2a: Espathra|Dazzling Gleam|p1a: Floatzel\n|-damage|p1a: Floatzel|77/283\n|\n|-heal|p1a: Floatzel|94/283|[from] item: Leftovers\n|-ability|p2a: Espathra|Speed Boost|boost\n|-boost|p2a: Espathra|spe|1\n|upkeep\n|turn|10\n|\n|t:|1733461330\n|move|p1a: Floatzel|Wave Crash|p2a: Espathra\n|-damage|p2a: Espathra|0 fnt\n|faint|p2a: Espathra\n|-damage|p1a: Floatzel|67/283|[from] Recoil\n|\n|-heal|p1a: Floatzel|84/283|[from] item: Leftovers\n|upkeep\n|\n|t:|1733461334\n|switch|p2a: Haxorus|Haxorus, L77, F|244/244\n|-activate|p2a: Haxorus|move: Sticky Web\n|-unboost|p2a: Haxorus|spe|1\n|-ability|p2a: Haxorus|Mold Breaker\n|turn|11\n|\n|t:|1733461337\n|move|p1a: Floatzel|Taunt|p2a: Haxorus\n|-start|p2a: Haxorus|move: Taunt\n|move|p2a: Haxorus|Close Combat|p1a: Floatzel\n|-damage|p1a: Floatzel|0 fnt\n|-unboost|p2a: Haxorus|def|1\n|-unboost|p2a: Haxorus|spd|1\n|faint|p1a: Floatzel\n|\n|upkeep\n|\n|t:|1733461341\n|switch|p1a: Rhydon|Rhydon, L85, F|317/317\n|turn|12\n|\n|t:|1733461344\n|switch|p2a: Suicune|Suicune, L82|298/298\n|-activate|p2a: Suicune|move: Sticky Web\n|-unboost|p2a: Suicune|spe|1\n|-ability|p2a: Suicune|Pressure\n|move|p1a: Rhydon|Stealth Rock|p2a: Suicune\n|-sidestart|p2: Qiuescent|move: Stealth Rock\n|\n|upkeep\n|turn|13\n|\n|t:|1733461352\n|switch|p1a: Haxorus|Haxorus, L77, F|244/244\n|-ability|p1a: Haxorus|Mold Breaker\n|move|p2a: Suicune|Substitute|p2a: Suicune\n|-start|p2a: Suicune|Substitute\n|-damage|p2a: Suicune|224/298\n|\n|-heal|p2a: Suicune|242/298|[from] item: Leftovers\n|upkeep\n|turn|14\n|\n|t:|1733461359\n|move|p1a: Haxorus|Close Combat|p2a: Suicune\n|-end|p2a: Suicune|Substitute\n|-unboost|p1a: Haxorus|def|1\n|-unboost|p1a: Haxorus|spd|1\n|move|p2a: Suicune|Ice Beam|p1a: Haxorus\n|-supereffective|p1a: Haxorus\n|-damage|p1a: Haxorus|10/244\n|\n|-heal|p2a: Suicune|260/298|[from] item: Leftovers\n|upkeep\n|turn|15\n|\n|t:|1733461365\n|move|p1a: Haxorus|Outrage|p2a: Suicune\n|-damage|p2a: Suicune|142/298\n|move|p2a: Suicune|Scald|p1a: Haxorus\n|-resisted|p1a: Haxorus\n|-damage|p1a: Haxorus|0 fnt\n|faint|p1a: Haxorus\n|\n|-heal|p2a: Suicune|160/298|[from] item: Leftovers\n|upkeep\n|\n|t:|1733461372\n|switch|p1a: Vikavolt|Vikavolt, L83, M|91/263\n|turn|16\n|\n|t:|1733461377\n|switch|p2a: Pawmot|Pawmot, L80, M|171/243\n|-activate|p2a: Pawmot|move: Sticky Web\n|-unboost|p2a: Pawmot|spe|1\n|-damage|p2a: Pawmot|156/243|[from] Stealth Rock\n|move|p1a: Vikavolt|Energy Ball|p2a: Pawmot\n|-damage|p2a: Pawmot|43/243\n|-unboost|p2a: Pawmot|spd|1\n|\n|upkeep\n|turn|17\n|\n|t:|1733461383\n|move|p2a: Pawmot|Revival Blessing|p2a: Pawmot\n|\n|t:|1733461390\n|-heal|p2: Bastiodon|126/252|[from] move: Revival Blessing\n|move|p1a: Vikavolt|Energy Ball|p2a: Pawmot\n|-crit|p2a: Pawmot\n|-damage|p2a: Pawmot|0 fnt\n|faint|p2a: Pawmot\n|\n|upkeep\n|\n|t:|1733461392\n|switch|p2a: Pyroar|Pyroar, L88, M|295/295\n|-ability|p2a: Pyroar|Unnerve\n|turn|18\n|\n|t:|1733461395\n|switch|p1a: Rhydon|Rhydon, L85, F|317/317\n|move|p2a: Pyroar|Hyper Voice|p1a: Rhydon\n|-resisted|p1a: Rhydon\n|-damage|p1a: Rhydon|254/317\n|\n|upkeep\n|turn|19\n|\n|t:|1733461399\n|move|p2a: Pyroar|Dark Pulse|p1a: Rhydon\n|-crit|p1a: Rhydon\n|-damage|p1a: Rhydon|137/317\n|cant|p1a: Rhydon|flinch\n|\n|upkeep\n|turn|20\n|c|\u2606white tee higgins|bruh\n|\n|t:|1733461406\n|move|p2a: Pyroar|Dark Pulse|p1a: Rhydon\n|-damage|p1a: Rhydon|69/317\n|cant|p1a: Rhydon|flinch\n|\n|upkeep\n|turn|21\n|\n|t:|1733461410\n|move|p2a: Pyroar|Dark Pulse|p1a: Rhydon\n|-damage|p1a: Rhydon|0 fnt\n|faint|p1a: Rhydon\n|\n|upkeep\n|c|\u2606white tee higgins|lmfao\n|\n|t:|1733461414\n|switch|p1a: Reshiram|Reshiram, L76|277/277\n|-ability|p1a: Reshiram|Turboblaze\n|turn|22\n|\n|t:|1733461419\n|move|p2a: Pyroar|Hyper Voice|p1a: Reshiram\n|-damage|p1a: Reshiram|177/277\n|move|p1a: Reshiram|Dragon Dance|p1a: Reshiram\n|-boost|p1a: Reshiram|atk|1\n|-boost|p1a: Reshiram|spe|1\n|\n|upkeep\n|turn|23\n|\n|t:|1733461423\n|move|p1a: Reshiram|Dragon Dance|p1a: Reshiram\n|-boost|p1a: Reshiram|atk|1\n|-boost|p1a: Reshiram|spe|1\n|move|p2a: Pyroar|Hyper Voice|p1a: Reshiram\n|-damage|p1a: Reshiram|83/277\n|\n|upkeep\n|turn|24\n|\n|t:|1733461426\n|move|p1a: Reshiram|Stone Edge|p2a: Pyroar\n|-supereffective|p2a: Pyroar\n|-damage|p2a: Pyroar|9/295\n|move|p2a: Pyroar|Hyper Voice|p1a: Reshiram\n|-damage|p1a: Reshiram|0 fnt\n|faint|p1a: Reshiram\n|\n|upkeep\n|c|\u2606white tee higgins|cheating fuck\n|j| redbery\n|inactive|white tee higgins has 120 seconds left.\n|-message|white tee higgins forfeited.\n|\n|win|Qiuescent\n|raw|white tee higgins's rating: 2229 &rarr; <strong>2212</strong><br />(-17 for losing)\n|raw|Qiuescent's rating: 2277 &rarr; <strong>2294</strong><br />(+17 for winning)\n|l|\u2606white tee higgins\n|player|p1|\n", "inputlog": ">version f27bf860d389bcfdfe10192499dbd80f1998dac7\n>start {\"formatid\":\"gen9randombattle\",\"seed\":[45718,42241,39630,7035],\"rated\":\"Rated battle\"}\n>player p1 {\"name\":\"white tee higgins\",\"avatar\":\"boarder\",\"rating\":2229,\"seed\":[39676,31525,54632,24807]}\n>player p2 {\"name\":\"Qiuescent\",\"avatar\":\"170\",\"rating\":2277,\"seed\":[19880,11496,11979,60649]}\n>p1 switch 6\n>p2 move doubleshock\n>p1 move stickyweb\n>p2 move icepunch\n>p1 switch 5\n>p2 move icepunch\n>p1 move fakeout\n>p2 switch 2\n>p1 move lowkick\n>p2 move bodypress\n>p1 switch 2\n>p1 move earthquake\n>p2 move rest\n>p2 switch 6\n>p1 switch 6\n>p2 move scald\n>p1 move taunt\n>p2 switch 4\n>p1 move wavecrash\n>p2 move dazzlinggleam\n>p1 move wavecrash\n>p2 move dazzlinggleam\n>p2 switch 3\n>p1 move taunt\n>p2 move closecombat\n>p1 switch 6\n>p1 move stealthrock\n>p2 switch 4\n>p1 switch 4\n>p2 move substitute\n>p1 move closecombat\n>p2 move icebeam\n>p1 move outrage\n>p2 move scald\n>p1 switch 5\n>p1 move energyball\n>p2 switch 2\n>p1 move energyball\n>p2 move revivalblessing\n>p2 switch 6\n>p2 switch 5\n>p1 switch 4\n>p2 move hypervoice\n>p1 move earthquake\n>p2 move darkpulse\n>chat \u2606white tee higgins|bruh\n>p1 move earthquake\n>p2 move darkpulse\n>p1 move earthquake\n>p2 move darkpulse\n>chat \u2606white tee higgins|lmfao\n>p1 switch 3\n>p1 move dragondance\n>p2 move hypervoice\n>p1 move dragondance\n>p2 move hypervoice\n>p1 move stoneedge\n>p2 move hypervoice\n>chat \u2606white tee higgins|cheating fuck\n>forcelose p1", "uploadtime": 1733461470, "views": 26, "formatid": "gen9randombattle", "rating": 2212, "private": 0, "password": null}