{"id": "gen9randombattle-2201560550", "format": "[Gen 9] Random Battle", "players": ["RBLT Lechen", "70to90gxe"], "log": "|badge|p1|silver|gen9randombattle|30-2\n|uhtml|medal-msg|<div class=\"broadcast-blue\">Curious what those medals under the avatar are? PS now has Ladder Seasons! For more information, check out the <a href=\"https://www.smogon.com/forums/threads/3740067/\">thread on Smogon.</a></div>\n|badge|p2|silver|gen9randombattle|30-2\n|badge|p2|silver|gen9ou|30-2\n|uhtml|medal-msg|<div class=\"broadcast-blue\">Curious what those medals under the avatar are? PS now has Ladder Seasons! For more information, check out the <a href=\"https://www.smogon.com/forums/threads/3740067/\">thread on Smogon.</a></div>\n|raw|<div class=\"broadcast-blue\"><strong>This battle is required to be public due to a player having a name starting with 'rblt'.</div>\n|j|\u2606RBLT Lechen\n|j|\u260670to90gxe\n|t:|1726331646\n|gametype|singles\n|player|p1|RBLT Lechen|lance-gen3|2437\n|player|p2|70to90gxe|#scl4terrors|2481\n|teamsize|p1|6\n|teamsize|p2|6\n|gen|9\n|tier|[Gen 9] Random Battle\n|rated|\n|rule|Species Clause: Limit one of each Pok\u00e9mon\n|rule|HP Percentage Mod: HP is shown in percentages\n|rule|Sleep Clause Mod: Limit one foe put to sleep\n|rule|Illusion Level Mod: Illusion disguises the Pok\u00e9mon's true level\n|\n|t:|1726331646\n|start\n|switch|p1a: Oinkologne|Oinkologne, L92, M|352/352\n|switch|p2a: Hydreigon|Hydreigon, L79, M|275/275\n|turn|1\n|\n|t:|1726331656\n|move|p2a: Hydreigon|Dark Pulse|p1a: Oinkologne\n|-damage|p1a: Oinkologne|217/352\n|move|p1a: Oinkologne|Body Slam|p2a: Hydreigon\n|-damage|p2a: Hydreigon|166/275\n|\n|-heal|p1a: Oinkologne|239/352|[from] item: Leftovers\n|upkeep\n|turn|2\n|\n|t:|1726331661\n|move|p2a: Hydreigon|Dark Pulse|p1a: Oinkologne\n|-damage|p1a: Oinkologne|94/352\n|move|p1a: Oinkologne|Body Slam|p2a: Hydreigon\n|-damage|p2a: Hydreigon|58/275\n|\n|-heal|p1a: Oinkologne|116/352|[from] item: Leftovers\n|upkeep\n|turn|3\n|\n|t:|1726331675\n|switch|p1a: Scream Tail|Scream Tail, L84|330/330\n|move|p2a: Hydreigon|Dark Pulse|p1a: Scream Tail\n|-crit|p1a: Scream Tail\n|-damage|p1a: Scream Tail|171/330\n|\n|-heal|p1a: Scream Tail|191/330|[from] item: Leftovers\n|upkeep\n|turn|4\n|j| ionnss\n|\n|t:|1726331682\n|switch|p2a: Muk|Muk-Alola, L82, M|306/306\n|move|p1a: Scream Tail|Wish|p1a: Scream Tail\n|\n|-heal|p1a: Scream Tail|211/330|[from] item: Leftovers\n|upkeep\n|turn|5\n|j| RBLT Buhrito\n|\n|t:|1726331689\n|-end|p1a: Scream Tail|Protosynthesis|[silent]\n|switch|p1a: Oinkologne|Oinkologne, L92, M|116/352\n|move|p2a: Muk|Knock Off|p1a: Oinkologne\n|-damage|p1a: Oinkologne|11/352\n|-enditem|p1a: Oinkologne|Leftovers|[from] move: Knock Off|[of] p2a: Muk\n|\n|-heal|p1a: Oinkologne|176/352|[from] move: Wish|[wisher] Scream Tail\n|upkeep\n|turn|6\n|\n|t:|1726331704\n|switch|p2a: Dondozo|Dondozo, L78, F|362/362\n|move|p1a: Oinkologne|Body Slam|p2a: Dondozo\n|-damage|p2a: Dondozo|263/362\n|\n|-heal|p2a: Dondozo|285/362|[from] item: Leftovers\n|upkeep\n|turn|7\n|j| chaarbokk\n|\n|t:|1726331720\n|switch|p1a: Zekrom|Zekrom, L71|259/259\n|-ability|p1a: Zekrom|Teravolt\n|move|p2a: Dondozo|Wave Crash|p1a: Zekrom\n|-resisted|p1a: Zekrom\n|-damage|p1a: Zekrom|211/259\n|-damage|p2a: Dondozo|269/362|[from] Recoil\n|\n|-heal|p1a: Zekrom|227/259|[from] item: Leftovers\n|-heal|p2a: Dondozo|291/362|[from] item: Leftovers\n|upkeep\n|turn|8\n|\n|t:|1726331739\n|switch|p2a: Muk|Muk-Alola, L82, M|306/306\n|move|p1a: Zekrom|Bolt Strike|p2a: Muk\n|-damage|p2a: Muk|134/306\n|\n|-heal|p1a: Zekrom|243/259|[from] item: Leftovers\n|upkeep\n|turn|9\n|\n|t:|1726331747\n|switch|p2a: Iron Leaves|Iron Leaves, L80|275/275\n|move|p1a: Zekrom|Bolt Strike|p2a: Iron Leaves\n|-resisted|p2a: Iron Leaves\n|-damage|p2a: Iron Leaves|195/275\n|\n|-heal|p1a: Zekrom|259/259|[from] item: Leftovers\n|upkeep\n|turn|10\n|\n|t:|1726331764\n|switch|p1a: Scream Tail|Scream Tail, L84|211/330\n|move|p2a: Iron Leaves|Psyblade|p1a: Scream Tail\n|-resisted|p1a: Scream Tail\n|-damage|p1a: Scream Tail|141/330\n|\n|-heal|p1a: Scream Tail|161/330|[from] item: Leftovers\n|upkeep\n|turn|11\n|\n|t:|1726331770\n|-end|p2a: Iron Leaves|Quark Drive|[silent]\n|switch|p2a: Muk|Muk-Alola, L82, M|134/306\n|move|p1a: Scream Tail|Play Rough|p2a: Muk\n|-damage|p2a: Muk|52/306\n|\n|-heal|p1a: Scream Tail|181/330|[from] item: Leftovers\n|upkeep\n|turn|12\n|\n|t:|1726331775\n|move|p2a: Muk|Shadow Sneak|p1a: Scream Tail\n|-supereffective|p1a: Scream Tail\n|-damage|p1a: Scream Tail|127/330\n|move|p1a: Scream Tail|Play Rough|p2a: Muk\n|-damage|p2a: Muk|0 fnt\n|faint|p2a: Muk\n|\n|-heal|p1a: Scream Tail|147/330|[from] item: Leftovers\n|upkeep\n|\n|t:|1726331787\n|switch|p2a: Iron Leaves|Iron Leaves, L80|195/275\n|turn|13\n|\n|t:|1726331790\n|move|p1a: Scream Tail|Protect|p1a: Scream Tail\n|-singleturn|p1a: Scream Tail|Protect\n|move|p2a: Iron Leaves|Leaf Blade|p1a: Scream Tail\n|-activate|p1a: Scream Tail|move: Protect\n|\n|-heal|p1a: Scream Tail|167/330|[from] item: Leftovers\n|upkeep\n|turn|14\n|\n|t:|1726331800\n|-end|p1a: Scream Tail|Protosynthesis|[silent]\n|switch|p1a: Zekrom|Zekrom, L71|259/259\n|-ability|p1a: Zekrom|Teravolt\n|move|p2a: Iron Leaves|Leaf Blade|p1a: Zekrom\n|-resisted|p1a: Zekrom\n|-damage|p1a: Zekrom|176/259\n|\n|-heal|p1a: Zekrom|192/259|[from] item: Leftovers\n|upkeep\n|turn|15\n|\n|t:|1726331809\n|move|p2a: Iron Leaves|Leaf Blade|p1a: Zekrom\n|-resisted|p1a: Zekrom\n|-damage|p1a: Zekrom|122/259\n|move|p1a: Zekrom|Bolt Strike|p2a: Iron Leaves|[miss]\n|-miss|p1a: Zekrom|p2a: Iron Leaves\n|\n|-heal|p1a: Zekrom|138/259|[from] item: Leftovers\n|upkeep\n|turn|16\n|\n|t:|1726331813\n|move|p2a: Iron Leaves|Leaf Blade|p1a: Zekrom\n|-resisted|p1a: Zekrom\n|-damage|p1a: Zekrom|66/259\n|move|p1a: Zekrom|Dragon Dance|p1a: Zekrom\n|-boost|p1a: Zekrom|atk|1\n|-boost|p1a: Zekrom|spe|1\n|\n|-heal|p1a: Zekrom|82/259|[from] item: Leftovers\n|upkeep\n|turn|17\n|\n|t:|1726331828\n|-end|p2a: Iron Leaves|Quark Drive|[silent]\n|switch|p2a: Hydreigon|Hydreigon, L79, M|58/275\n|move|p1a: Zekrom|Bolt Strike|p2a: Hydreigon\n|-resisted|p2a: Hydreigon\n|-damage|p2a: Hydreigon|0 fnt\n|faint|p2a: Hydreigon\n|\n|-heal|p1a: Zekrom|98/259|[from] item: Leftovers\n|upkeep\n|\n|t:|1726331834\n|switch|p2a: Eiscue|Eiscue, L88, F|274/274\n|turn|18\n|\n|t:|1726331842\n|switch|p1a: Glimmora|Glimmora, L75, M|248/248\n|move|p2a: Eiscue|Ice Spinner|p1a: Glimmora\n|-damage|p1a: Glimmora|160/248\n|-activate|p1a: Glimmora|ability: Toxic Debris\n|-sidestart|p2: 70to90gxe|move: Toxic Spikes\n|\n|upkeep\n|turn|19\n|\n|t:|1726331871\n|-terastallize|p2a: Eiscue|Ground\n|move|p1a: Glimmora|Sludge Wave|p2a: Eiscue\n|-resisted|p2a: Eiscue\n|-damage|p2a: Eiscue|228/274\n|move|p2a: Eiscue|Belly Drum|p2a: Eiscue\n|-damage|p2a: Eiscue|91/274\n|-setboost|p2a: Eiscue|atk|6|[from] move: Belly Drum\n|-enditem|p2a: Eiscue|Sitrus Berry|[eat]\n|-heal|p2a: Eiscue|159/274|[from] item: Sitrus Berry\n|\n|upkeep\n|turn|20\n|j| JSUS IS KING\n|\n|t:|1726331899\n|move|p1a: Glimmora|Earth Power|p2a: Eiscue\n|-damage|p2a: Eiscue|96/274\n|move|p2a: Eiscue|Ice Spinner|p1a: Glimmora\n|-damage|p1a: Glimmora|0 fnt\n|-activate|p1a: Glimmora|ability: Toxic Debris\n|-sidestart|p2: 70to90gxe|move: Toxic Spikes\n|faint|p1a: Glimmora\n|\n|upkeep\n|\n|t:|1726331905\n|switch|p1a: Oinkologne|Oinkologne, L92, M|176/352\n|turn|21\n|\n|t:|1726331911\n|move|p1a: Oinkologne|Body Slam|p2a: Eiscue\n|-activate|p2a: Eiscue|ability: Ice Face\n|-damage|p2a: Eiscue|96/274\n|-status|p2a: Eiscue|par\n|detailschange|p2a: Eiscue|Eiscue-Noice, L88, F, tera:Ground\n|cant|p2a: Eiscue|par\n|\n|upkeep\n|turn|22\n|-message|70to90gxe forfeited.\n|\n|win|RBLT Lechen\n|raw|RBLT Lechen's rating: 2437 &rarr; <strong>2460</strong><br />(+23 for winning)\n|raw|70to90gxe's rating: 2481 &rarr; <strong>2458</strong><br />(-23 for losing)\n|l|\u260670to90gxe\n|player|p2|\n|l| JSUS IS KING\n|l| chaarbokk\n|c|\u2606RBLT Lechen|!showset baxcalibur\n|c| RBLT Lechen|/raw <div class=\"infobox\">Baxcalibur @ Choice Band  <br />Ability: Thermal Exchange  <br />Level: 75  <br />Tera Type: Dragon  <br />EVs: 81 HP &#x2f; 85 Atk &#x2f; 85 Def &#x2f; 85 SpA &#x2f; 85 SpD &#x2f; 85 Spe  <br />- Ice Shard  <br />- Glaive Rush  <br />- Icicle Crash  <br />- Earthquake  <br /><br /></div>\n", "inputlog": ">version abcf08933808d3fb39dbc2b54a8665d830b47482\n>start {\"formatid\":\"gen9randombattle\",\"seed\":[43127,52594,54041,16989],\"rated\":\"Rated battle\"}\n>player p1 {\"name\":\"RBLT Lechen\",\"avatar\":\"lance-gen3\",\"rating\":2437,\"seed\":[42272,49125,22857,44358]}\n>player p2 {\"name\":\"70to90gxe\",\"avatar\":\"#scl4terrors\",\"rating\":2481,\"seed\":[15119,9011,33219,6908]}\n>p1 move bodyslam\n>p2 move darkpulse\n>p1 move bodyslam\n>p2 move darkpulse\n>p1 switch 2\n>p2 move darkpulse\n>p1 move wish\n>p2 switch 6\n>p1 switch 2\n>p2 move knockoff\n>p1 move bodyslam\n>p2 switch 4\n>p1 switch 4\n>p2 move wavecrash\n>p1 move boltstrike\n>p2 switch 4\n>p1 move boltstrike\n>p2 switch 3\n>p1 switch 2\n>p2 move psyblade\n>p1 move playrough\n>p2 switch 3\n>p1 move playrough\n>p2 move shadowsneak\n>p2 switch 3\n>p1 move protect\n>p2 move leafblade\n>p1 switch 2\n>p2 move leafblade\n>p1 move boltstrike\n>p2 move leafblade\n>p1 move dragondance\n>p2 move leafblade\n>p1 move boltstrike\n>p2 switch 6\n>p2 switch 5\n>p1 switch 6\n>p2 move icespinner\n>p1 move sludgewave\n>p2 move bellydrum terastallize\n>p1 move earthpower\n>p2 move icespinner\n>p1 switch 4\n>p1 move bodyslam\n>p2 move terablast\n>forcelose p2", "uploadtime": 1726332029, "views": 127, "formatid": "gen9randombattle", "rating": 2458, "private": 0, "password": null}