{"id": "gen9randombattle-2260036166", "format": "[Gen 9] Random Battle", "players": ["cracked3", "tyrexexe"], "log": "|j|\u203dcracked3\n|j|\u203dtyrexexe\n|t:|1733793974\n|gametype|singles\n|player|p1|cracked3|benga|\n|player|p2|tyrexexe|skyla|\n|teamsize|p1|6\n|teamsize|p2|6\n|gen|9\n|tier|[Gen 9] Random Battle\n|rule|Species Clause: Limit one of each Pok\u00e9mon\n|rule|HP Percentage Mod: HP is shown in percentages\n|rule|Sleep Clause Mod: Limit one foe put to sleep\n|rule|Illusion Level Mod: Illusion disguises the Pok\u00e9mon's true level\n|\n|t:|1733793974\n|start\n|switch|p1a: Yanmega|Yanmega, L82, M|275/275\n|switch|p2a: Flutter Mane|Flutter Mane, L74|203/203\n|turn|1\n|\n|t:|1733793996\n|move|p2a: Flutter Mane|Calm Mind|p2a: Flutter Mane\n|-boost|p2a: Flutter Mane|spa|1\n|-boost|p2a: Flutter Mane|spd|1\n|move|p1a: Yanmega|Bug Buzz|p2a: Flutter Mane\n|-resisted|p2a: Flutter Mane\n|-damage|p2a: Flutter Mane|188/203\n|\n|-ability|p1a: Yanmega|Speed Boost|boost\n|-boost|p1a: Yanmega|spe|1\n|upkeep\n|turn|2\n|\n|t:|1733794018\n|move|p1a: Yanmega|Air Slash|p2a: Flutter Mane\n|-damage|p2a: Flutter Mane|140/203\n|cant|p2a: Flutter Mane|flinch\n|\n|-ability|p1a: Yanmega|Speed Boost|boost\n|-boost|p1a: Yanmega|spe|1\n|upkeep\n|turn|3\n|\n|t:|1733794022\n|move|p1a: Yanmega|Air Slash|p2a: Flutter Mane\n|-damage|p2a: Flutter Mane|94/203\n|cant|p2a: Flutter Mane|flinch\n|\n|-ability|p1a: Yanmega|Speed Boost|boost\n|-boost|p1a: Yanmega|spe|1\n|upkeep\n|turn|4\n|\n|t:|1733794028\n|move|p1a: Yanmega|Air Slash|p2a: Flutter Mane\n|-damage|p2a: Flutter Mane|43/203\n|move|p2a: Flutter Mane|Mystical Fire|p1a: Yanmega\n|-supereffective|p1a: Yanmega\n|-damage|p1a: Yanmega|2/275\n|-unboost|p1a: Yanmega|spa|1\n|-damage|p2a: Flutter Mane|23/203|[from] item: Life Orb\n|\n|-ability|p1a: Yanmega|Speed Boost|boost\n|-boost|p1a: Yanmega|spe|1\n|upkeep\n|turn|5\n|\n|t:|1733794054\n|-end|p2a: Flutter Mane|Protosynthesis|[silent]\n|switch|p2a: Scream Tail|Scream Tail, L84|330/330\n|move|p1a: Yanmega|Air Slash|p2a: Scream Tail\n|-damage|p2a: Scream Tail|279/330\n|\n|-heal|p2a: Scream Tail|299/330|[from] item: Leftovers\n|-ability|p1a: Yanmega|Speed Boost|boost\n|-boost|p1a: Yanmega|spe|1\n|upkeep\n|turn|6\n|\n|t:|1733794070\n|switch|p1a: Meowstic|Meowstic, L89, M|277/277\n|move|p2a: Scream Tail|Thunder Wave|p1a: Meowstic\n|-status|p1a: Meowstic|par\n|\n|-heal|p2a: Scream Tail|319/330|[from] item: Leftovers\n|upkeep\n|turn|7\n|\n|t:|1733794079\n|move|p1a: Meowstic|Light Screen|p1a: Meowstic\n|-sidestart|p1: cracked3|move: Light Screen\n|move|p2a: Scream Tail|Wish|p2a: Scream Tail\n|\n|-heal|p2a: Scream Tail|330/330|[from] item: Leftovers\n|upkeep\n|turn|8\n|\n|t:|1733794091\n|-end|p2a: Scream Tail|Protosynthesis|[silent]\n|switch|p2a: Flutter Mane|Flutter Mane, L74|23/203\n|move|p1a: Meowstic|Reflect|p1a: Meowstic\n|-sidestart|p1: cracked3|Reflect\n|\n|-heal|p2a: Flutter Mane|188/203|[from] move: Wish|[wisher] Scream Tail\n|upkeep\n|turn|9\n|\n|t:|1733794109\n|move|p1a: Meowstic|Thunder Wave|p2a: Flutter Mane\n|-status|p2a: Flutter Mane|par\n|move|p2a: Flutter Mane|Calm Mind|p2a: Flutter Mane\n|-boost|p2a: Flutter Mane|spa|1\n|-boost|p2a: Flutter Mane|spd|1\n|\n|upkeep\n|turn|10\n|\n|t:|1733794119\n|switch|p1a: Leafeon|Leafeon, L88, M|258/258\n|move|p2a: Flutter Mane|Calm Mind|p2a: Flutter Mane\n|-boost|p2a: Flutter Mane|spa|1\n|-boost|p2a: Flutter Mane|spd|1\n|\n|upkeep\n|turn|11\n|\n|t:|1733794139\n|move|p1a: Leafeon|Substitute|p1a: Leafeon\n|-start|p1a: Leafeon|Substitute\n|-damage|p1a: Leafeon|194/258\n|cant|p2a: Flutter Mane|par\n|\n|-heal|p1a: Leafeon|210/258|[from] item: Leftovers\n|upkeep\n|turn|12\n|\n|t:|1733794144\n|move|p1a: Leafeon|Swords Dance|p1a: Leafeon\n|-boost|p1a: Leafeon|atk|2\n|move|p2a: Flutter Mane|Mystical Fire|p1a: Leafeon\n|-supereffective|p1a: Leafeon\n|-end|p1a: Leafeon|Substitute\n|-damage|p2a: Flutter Mane|168/203 par|[from] item: Life Orb\n|\n|-heal|p1a: Leafeon|226/258|[from] item: Leftovers\n|upkeep\n|turn|13\n|\n|t:|1733794156\n|move|p1a: Leafeon|Leaf Blade|p2a: Flutter Mane\n|-damage|p2a: Flutter Mane|0 fnt\n|faint|p2a: Flutter Mane\n|-end|p2a: Flutter Mane|Protosynthesis|[silent]\n|\n|-heal|p1a: Leafeon|242/258|[from] item: Leftovers\n|upkeep\n|\n|t:|1733794173\n|switch|p2a: Galvantula|Galvantula, L82, F|249/249\n|turn|14\n|\n|t:|1733794182\n|move|p2a: Galvantula|Bug Buzz|p1a: Leafeon\n|-supereffective|p1a: Leafeon\n|-damage|p1a: Leafeon|143/258\n|move|p1a: Leafeon|Knock Off|p2a: Galvantula\n|-damage|p2a: Galvantula|28/249\n|-enditem|p2a: Galvantula|Heavy-Duty Boots|[from] move: Knock Off|[of] p1a: Leafeon\n|\n|-heal|p1a: Leafeon|159/258|[from] item: Leftovers\n|-sideend|p1: cracked3|move: Light Screen\n|upkeep\n|turn|15\n|\n|t:|1733794201\n|switch|p1a: Quaquaval|Quaquaval, L79, M|264/264\n|move|p2a: Galvantula|Bug Buzz|p1a: Quaquaval\n|-resisted|p1a: Quaquaval\n|-damage|p1a: Quaquaval|206/264\n|\n|-sideend|p1: cracked3|Reflect\n|upkeep\n|turn|16\n|\n|t:|1733794210\n|move|p2a: Galvantula|Thunder|p1a: Quaquaval\n|-supereffective|p1a: Quaquaval\n|-damage|p1a: Quaquaval|0 fnt\n|faint|p1a: Quaquaval\n|\n|upkeep\n|\n|t:|1733794234\n|switch|p1a: Yanmega|Yanmega, L82, M|2/275\n|turn|17\n|\n|t:|1733794245\n|move|p1a: Yanmega|Protect|p1a: Yanmega\n|-singleturn|p1a: Yanmega|Protect\n|move|p2a: Galvantula|Bug Buzz|p1a: Yanmega\n|-activate|p1a: Yanmega|move: Protect\n|\n|-ability|p1a: Yanmega|Speed Boost|boost\n|-boost|p1a: Yanmega|spe|1\n|upkeep\n|turn|18\n|\n|t:|1733794254\n|switch|p2a: Rayquaza|Rayquaza, L72|270/270\n|-ability|p2a: Rayquaza|Air Lock\n|move|p1a: Yanmega|Bug Buzz|p2a: Rayquaza\n|-resisted|p2a: Rayquaza\n|-damage|p2a: Rayquaza|216/270\n|\n|-ability|p1a: Yanmega|Speed Boost|boost\n|-boost|p1a: Yanmega|spe|1\n|upkeep\n|turn|19\n|\n|t:|1733794261\n|move|p1a: Yanmega|Air Slash|p2a: Rayquaza\n|-damage|p2a: Rayquaza|123/270\n|cant|p2a: Rayquaza|flinch\n|\n|-ability|p1a: Yanmega|Speed Boost|boost\n|-boost|p1a: Yanmega|spe|1\n|upkeep\n|turn|20\n|\n|t:|1733794269\n|move|p1a: Yanmega|Air Slash|p2a: Rayquaza\n|-damage|p2a: Rayquaza|29/270\n|move|p2a: Rayquaza|Dragon Ascent|p1a: Yanmega\n|-supereffective|p1a: Yanmega\n|-damage|p1a: Yanmega|0 fnt\n|-unboost|p2a: Rayquaza|def|1\n|-unboost|p2a: Rayquaza|spd|1\n|faint|p1a: Yanmega\n|\n|upkeep\n|\n|t:|1733794293\n|switch|p1a: Leafeon|Leafeon, L88, M|159/258\n|turn|21\n|\n|t:|1733794317\n|move|p1a: Leafeon|Knock Off|p2a: Rayquaza\n|-damage|p2a: Rayquaza|0 fnt\n|-enditem|p2a: Rayquaza|Heavy-Duty Boots|[from] move: Knock Off|[of] p1a: Leafeon\n|faint|p2a: Rayquaza\n|\n|-heal|p1a: Leafeon|175/258|[from] item: Leftovers\n|upkeep\n|\n|t:|1733794324\n|switch|p2a: Galvantula|Galvantula, L82, F|28/249\n|turn|22\n|\n|t:|1733794331\n|-terastallize|p1a: Leafeon|Dark\n|move|p2a: Galvantula|Bug Buzz|p1a: Leafeon\n|-supereffective|p1a: Leafeon\n|-damage|p1a: Leafeon|0 fnt\n|faint|p1a: Leafeon\n|\n|upkeep\n|\n|t:|1733794370\n|switch|p1a: Iron Boulder|Iron Boulder, L77|265/265\n|-enditem|p1a: Iron Boulder|Booster Energy\n|-activate|p1a: Iron Boulder|ability: Quark Drive|[fromitem]\n|-start|p1a: Iron Boulder|quarkdrivespe\n|turn|23\n|\n|t:|1733794386\n|move|p1a: Iron Boulder|Mighty Cleave|p2a: Galvantula\n|-supereffective|p2a: Galvantula\n|-damage|p2a: Galvantula|0 fnt\n|faint|p2a: Galvantula\n|\n|upkeep\n|\n|t:|1733794402\n|switch|p2a: Sawsbuck|Sawsbuck-Summer, L88, F|284/284\n|turn|24\n|\n|t:|1733794410\n|-end|p1a: Iron Boulder|Quark Drive|[silent]\n|switch|p1a: Meowstic|Meowstic, L89, M|277/277 par\n|move|p2a: Sawsbuck|Swords Dance|p2a: Sawsbuck\n|-boost|p2a: Sawsbuck|atk|2\n|\n|upkeep\n|turn|25\n|\n|t:|1733794426\n|cant|p1a: Meowstic|par\n|move|p2a: Sawsbuck|Double-Edge|p1a: Meowstic\n|-damage|p1a: Meowstic|0 fnt\n|faint|p1a: Meowstic\n|-damage|p2a: Sawsbuck|193/284|[from] Recoil\n|-damage|p2a: Sawsbuck|165/284|[from] item: Life Orb\n|\n|upkeep\n|\n|t:|1733794433\n|switch|p1a: Iron Boulder|Iron Boulder, L77|265/265\n|turn|26\n|\n|t:|1733794436\n|move|p1a: Iron Boulder|Close Combat|p2a: Sawsbuck\n|-supereffective|p2a: Sawsbuck\n|-damage|p2a: Sawsbuck|0 fnt\n|-unboost|p1a: Iron Boulder|def|1\n|-unboost|p1a: Iron Boulder|spd|1\n|faint|p2a: Sawsbuck\n|\n|upkeep\n|\n|t:|1733794442\n|switch|p2a: Hawlucha|Hawlucha, L80, F|256/256\n|turn|27\n|\n|t:|1733794455\n|-terastallize|p2a: Hawlucha|Flying\n|move|p1a: Iron Boulder|Zen Headbutt|p2a: Hawlucha\n|-damage|p2a: Hawlucha|150/256\n|move|p2a: Hawlucha|Close Combat|p1a: Iron Boulder\n|-damage|p1a: Iron Boulder|64/265\n|-unboost|p2a: Hawlucha|def|1\n|-unboost|p2a: Hawlucha|spd|1\n|-enditem|p2a: Hawlucha|White Herb\n|-clearnegativeboost|p2a: Hawlucha|[silent]\n|\n|upkeep\n|turn|28\n|\n|t:|1733794470\n|move|p2a: Hawlucha|Close Combat|p1a: Iron Boulder\n|-damage|p1a: Iron Boulder|0 fnt\n|-unboost|p2a: Hawlucha|def|1\n|-unboost|p2a: Hawlucha|spd|1\n|faint|p1a: Iron Boulder\n|-end|p1a: Iron Boulder|Quark Drive|[silent]\n|\n|upkeep\n|\n|t:|1733794472\n|switch|p1a: Gouging Fire|Gouging Fire, L74|277/277\n|turn|29\n|\n|t:|1733794479\n|switch|p2a: Scream Tail|Scream Tail, L84|330/330\n|move|p1a: Gouging Fire|Heat Crash|p2a: Scream Tail\n|-damage|p2a: Scream Tail|231/330\n|\n|-heal|p2a: Scream Tail|251/330|[from] item: Leftovers\n|upkeep\n|turn|30\n|\n|t:|1733794484\n|move|p2a: Scream Tail|Thunder Wave|p1a: Gouging Fire\n|-status|p1a: Gouging Fire|par\n|move|p1a: Gouging Fire|Dragon Dance|p1a: Gouging Fire\n|-boost|p1a: Gouging Fire|atk|1\n|-boost|p1a: Gouging Fire|spe|1\n|\n|-heal|p2a: Scream Tail|271/330|[from] item: Leftovers\n|upkeep\n|turn|31\n|\n|t:|1733794497\n|move|p2a: Scream Tail|Wish|p2a: Scream Tail\n|move|p1a: Gouging Fire|Dragon Dance|p1a: Gouging Fire\n|-boost|p1a: Gouging Fire|atk|1\n|-boost|p1a: Gouging Fire|spe|1\n|\n|-heal|p2a: Scream Tail|291/330|[from] item: Leftovers\n|upkeep\n|turn|32\n|\n|t:|1733794504\n|move|p2a: Scream Tail|Play Rough|p1a: Gouging Fire\n|-damage|p1a: Gouging Fire|210/277 par\n|cant|p1a: Gouging Fire|par\n|\n|-heal|p2a: Scream Tail|330/330|[from] move: Wish|[wisher] Scream Tail\n|upkeep\n|turn|33\n|\n|t:|1733794510\n|move|p2a: Scream Tail|Play Rough|p1a: Gouging Fire\n|-damage|p1a: Gouging Fire|144/277 par\n|cant|p1a: Gouging Fire|par\n|\n|upkeep\n|turn|34\n|\n|t:|1733794514\n|move|p2a: Scream Tail|Play Rough|p1a: Gouging Fire\n|-damage|p1a: Gouging Fire|83/277 par\n|cant|p1a: Gouging Fire|par\n|\n|upkeep\n|turn|35\n|\n|t:|1733794519\n|move|p2a: Scream Tail|Play Rough|p1a: Gouging Fire\n|-damage|p1a: Gouging Fire|25/277 par\n|cant|p1a: Gouging Fire|par\n|\n|upkeep\n|turn|36\n|\n|t:|1733794526\n|move|p2a: Scream Tail|Play Rough|p1a: Gouging Fire\n|-damage|p1a: Gouging Fire|0 fnt\n|faint|p1a: Gouging Fire\n|-end|p1a: Gouging Fire|Protosynthesis|[silent]\n|\n|win|tyrexexe\n|l|\u203dcracked3\n|player|p1|\n|l|\u203dtyrexexe\n|player|p2|\n|j|\u203dtyrexexe\n|player|p2|tyrexexe|skyla|\n", "inputlog": ">version bfd83cad13791eb5a5a409923076391caf6fb4d4\n>start {\"formatid\":\"gen9randombattle\",\"seed\":[52592,9865,39288,975]}\n>player p1 {\"name\":\"cracked3\",\"avatar\":\"benga\",\"rating\":0,\"seed\":[13651,25754,63782,32662]}\n>player p2 {\"name\":\"tyrexexe\",\"avatar\":\"skyla\",\"rating\":0,\"seed\":[61858,65016,7045,40947]}\n>p1 move bugbuzz\n>p2 move calmmind\n>p1 move airslash\n>p2 move mysticalfire\n>p1 move airslash\n>p2 move mysticalfire\n>p1 move airslash\n>p2 move mysticalfire\n>p1 move airslash\n>p2 switch 5\n>p1 switch 3\n>p2 move thunderwave\n>p1 move lightscreen\n>p2 move wish\n>p1 move reflect\n>p2 switch 5\n>p1 move thunderwave\n>p2 move calmmind\n>p1 switch 2\n>p2 move calmmind\n>p1 move substitute\n>p2 move mysticalfire\n>p1 move swordsdance\n>p2 move mysticalfire\n>p1 move leafblade\n>p2 move mysticalfire\n>p2 switch 6\n>p1 move knockoff\n>p2 move bugbuzz\n>p1 switch 4\n>p2 move bugbuzz\n>p1 move aquastep\n>p2 move thunder\n>p1 switch 3\n>p1 move protect\n>p2 move bugbuzz\n>p1 move bugbuzz\n>p2 switch 2\n>p1 move airslash\n>p2 move dragondance\n>p1 move airslash\n>p2 move dragonascent\n>p1 switch 4\n>p1 move knockoff\n>p2 move dragonascent\n>p2 switch 2\n>p1 move knockoff terastallize\n>p2 move bugbuzz\n>p1 switch 5\n>p1 move mightycleave\n>p2 move thunder\n>p2 switch 4\n>p1 switch 2\n>p2 move swordsdance\n>p1 move thunderwave\n>p2 move doubleedge\n>p1 switch 2\n>p1 move closecombat\n>p2 move hornleech\n>p2 switch 3\n>p1 move zenheadbutt\n>p2 move closecombat terastallize\n>p1 move mightycleave\n>p2 move closecombat\n>p1 switch 6\n>p1 move heatcrash\n>p2 switch 5\n>p1 move dragondance\n>p2 move thunderwave\n>p1 move dragondance\n>p2 move wish\n>p1 move heatcrash\n>p2 move playrough\n>p1 move dragondance\n>p2 move playrough\n>p1 move heatcrash\n>p2 move playrough\n>p1 move heatcrash\n>p2 move playrough\n>p1 move heatcrash\n>p2 move playrough", "uploadtime": 1733794552, "views": 3, "formatid": "gen9randombattle", "rating": null, "private": 0, "password": null}