{"id": "gen9randombattle-2260323360", "format": "[Gen 9] Random Battle", "players": ["Lazif", "Cacahead"], "log": "|j|\u2606Lazif\n|j|\u2606Cacahead\n|t:|1733839871\n|gametype|singles\n|player|p1|Lazif|rosa|1273\n|player|p2|Cacahead|169|1270\n|teamsize|p1|6\n|teamsize|p2|6\n|gen|9\n|tier|[Gen 9] Random Battle\n|rated|\n|rule|Species Clause: Limit one of each Pok\u00e9mon\n|rule|HP Percentage Mod: HP is shown in percentages\n|rule|Sleep Clause Mod: Limit one foe put to sleep\n|rule|Illusion Level Mod: Illusion disguises the Pok\u00e9mon's true level\n|\n|t:|1733839871\n|start\n|switch|p1a: Basculin|Basculin, L86, F|261/261\n|switch|p2a: Iron Valiant|Iron Valiant, L78|244/244\n|turn|1\n|inactive|Battle timer is ON: inactive players will automatically lose when time's up. (requested by Lazif)\n|\n|t:|1733839884\n|-end|p2a: Iron Valiant|Quark Drive|[silent]\n|switch|p2a: Luvdisc|Luvdisc, M|247/247\n|move|p1a: Basculin|Wave Crash|p2a: Luvdisc\n|-resisted|p2a: Luvdisc\n|-damage|p2a: Luvdisc|98/247\n|-damage|p1a: Basculin|212/261|[from] Recoil\n|\n|upkeep\n|turn|2\n|inactive|Cacahead has 120 seconds left.\n|\n|t:|1733839920\n|move|p2a: Luvdisc|Whirlpool|p1a: Basculin\n|-resisted|p1a: Basculin\n|-damage|p1a: Basculin|191/261\n|-activate|p1a: Basculin|move: Whirlpool|[of] p2a: Luvdisc\n|move|p1a: Basculin|Wave Crash|p2a: Luvdisc\n|-resisted|p2a: Luvdisc\n|-damage|p2a: Luvdisc|0 fnt\n|faint|p2a: Luvdisc\n|-damage|p1a: Basculin|159/261|[from] Recoil\n|\n|-end|p1a: Basculin|Whirlpool|[partiallytrapped]|[silent]\n|upkeep\n|\n|t:|1733839931\n|switch|p2a: Wo-Chien|Wo-Chien, L83|277/277\n|-ability|p2a: Wo-Chien|Tablets of Ruin\n|turn|3\n|\n|t:|1733839937\n|move|p1a: Basculin|Wave Crash|p2a: Wo-Chien\n|-resisted|p2a: Wo-Chien\n|-damage|p2a: Wo-Chien|194/277\n|-damage|p1a: Basculin|132/261|[from] Recoil\n|move|p2a: Wo-Chien|Leech Seed|p1a: Basculin|[miss]\n|-miss|p2a: Wo-Chien|p1a: Basculin\n|\n|-heal|p2a: Wo-Chien|211/277|[from] item: Leftovers\n|upkeep\n|turn|4\n|\n|t:|1733839956\n|switch|p1a: Bombirdier|Bombirdier, L85, M|258/258\n|move|p2a: Wo-Chien|Leech Seed|p1a: Bombirdier\n|-start|p1a: Bombirdier|move: Leech Seed\n|\n|-heal|p2a: Wo-Chien|228/277|[from] item: Leftovers\n|-damage|p1a: Bombirdier|226/258|[from] Leech Seed|[of] p2a: Wo-Chien\n|-heal|p2a: Wo-Chien|260/277|[silent]\n|upkeep\n|turn|5\n|\n|t:|1733839967\n|switch|p2a: Klefki|Klefki, L84, M|233/233\n|move|p1a: Bombirdier|U-turn|p2a: Klefki\n|-resisted|p2a: Klefki\n|-damage|p2a: Klefki|220/233\n|\n|t:|1733839975\n|switch|p1a: Cinderace|Cinderace, L77, F|249/249|[from] U-turn\n|\n|-heal|p2a: Klefki|233/233|[from] item: Leftovers\n|upkeep\n|turn|6\n|\n|t:|1733839989\n|switch|p2a: Dudunsparce|Dudunsparce-Three-Segment, L83, F|343/343\n|move|p1a: Cinderace|Pyro Ball|p2a: Dudunsparce\n|-damage|p2a: Dudunsparce|211/343\n|\n|-heal|p2a: Dudunsparce|232/343|[from] item: Leftovers\n|upkeep\n|turn|7\n|\n|t:|1733840001\n|move|p1a: Cinderace|High Jump Kick|p2a: Dudunsparce\n|-start|p1a: Cinderace|typechange|Fighting|[from] ability: Libero\n|-supereffective|p2a: Dudunsparce\n|-damage|p2a: Dudunsparce|0 fnt\n|faint|p2a: Dudunsparce\n|\n|upkeep\n|\n|t:|1733840014\n|switch|p2a: Klefki|Klefki, L84, M|233/233\n|turn|8\n|\n|t:|1733840032\n|move|p2a: Klefki|Thunder Wave|p1a: Cinderace\n|-status|p1a: Cinderace|par\n|move|p1a: Cinderace|High Jump Kick|p2a: Klefki\n|-damage|p2a: Klefki|112/233\n|\n|-heal|p2a: Klefki|126/233|[from] item: Leftovers\n|upkeep\n|turn|9\n|\n|t:|1733840054\n|move|p2a: Klefki|Dazzling Gleam|p1a: Cinderace\n|-supereffective|p1a: Cinderace\n|-damage|p1a: Cinderace|69/249 par\n|move|p1a: Cinderace|Pyro Ball|p2a: Klefki\n|-supereffective|p2a: Klefki\n|-damage|p2a: Klefki|0 fnt\n|faint|p2a: Klefki\n|\n|upkeep\n|\n|t:|1733840060\n|switch|p2a: Iron Valiant|Iron Valiant, L78|244/244\n|turn|10\n|\n|t:|1733840071\n|move|p2a: Iron Valiant|Spirit Break|p1a: Cinderace\n|-supereffective|p1a: Cinderace\n|-damage|p1a: Cinderace|0 fnt\n|faint|p1a: Cinderace\n|-damage|p2a: Iron Valiant|220/244|[from] item: Life Orb\n|\n|upkeep\n|inactive|Lazif has 120 seconds left.\n|\n|t:|1733840096\n|switch|p1a: Diancie|Diancie, L82|216/216\n|turn|11\n|\n|t:|1733840101\n|-end|p2a: Iron Valiant|Quark Drive|[silent]\n|switch|p2a: Wo-Chien|Wo-Chien, L83|260/277\n|-ability|p2a: Wo-Chien|Tablets of Ruin\n|move|p1a: Diancie|Draining Kiss|p2a: Wo-Chien\n|-supereffective|p2a: Wo-Chien\n|-damage|p2a: Wo-Chien|188/277\n|\n|-heal|p2a: Wo-Chien|205/277|[from] item: Leftovers\n|upkeep\n|turn|12\n|\n|t:|1733840113\n|switch|p1a: Bombirdier|Bombirdier, L85, M|226/258\n|move|p2a: Wo-Chien|Giga Drain|p1a: Bombirdier\n|-resisted|p1a: Bombirdier\n|-damage|p1a: Bombirdier|187/258\n|-heal|p2a: Wo-Chien|225/277|[from] drain|[of] p1a: Bombirdier\n|\n|-heal|p2a: Wo-Chien|242/277|[from] item: Leftovers\n|upkeep\n|turn|13\n|\n|t:|1733840123\n|-terastallize|p2a: Wo-Chien|Poison\n|move|p1a: Bombirdier|U-turn|p2a: Wo-Chien\n|-resisted|p2a: Wo-Chien\n|-damage|p2a: Wo-Chien|222/277\n|inactive|Lazif has 120 seconds left.\n|\n|t:|1733840145\n|switch|p1a: Basculin|Basculin, L86, F|132/261|[from] U-turn\n|move|p2a: Wo-Chien|Leech Seed|p1a: Basculin\n|-start|p1a: Basculin|move: Leech Seed\n|\n|-heal|p2a: Wo-Chien|239/277|[from] item: Leftovers\n|-damage|p1a: Basculin|100/261|[from] Leech Seed|[of] p2a: Wo-Chien\n|-heal|p2a: Wo-Chien|271/277|[silent]\n|upkeep\n|turn|14\n|\n|t:|1733840155\n|move|p2a: Wo-Chien|Protect|p2a: Wo-Chien\n|-singleturn|p2a: Wo-Chien|Protect\n|move|p1a: Basculin|Wave Crash|p2a: Wo-Chien\n|-activate|p2a: Wo-Chien|move: Protect\n|\n|-heal|p2a: Wo-Chien|277/277|[from] item: Leftovers\n|-damage|p1a: Basculin|68/261|[from] Leech Seed|[of] p2a: Wo-Chien\n|upkeep\n|turn|15\n|\n|t:|1733840163\n|move|p1a: Basculin|Wave Crash|p2a: Wo-Chien\n|-damage|p2a: Wo-Chien|93/277\n|-damage|p1a: Basculin|7/261|[from] Recoil\n|move|p2a: Wo-Chien|Giga Drain|p1a: Basculin\n|-supereffective|p1a: Basculin\n|-damage|p1a: Basculin|0 fnt\n|-heal|p2a: Wo-Chien|97/277|[from] drain|[of] p1a: Basculin\n|faint|p1a: Basculin\n|\n|-heal|p2a: Wo-Chien|114/277|[from] item: Leftovers\n|upkeep\n|\n|t:|1733840180\n|switch|p1a: Diancie|Diancie, L82|216/216\n|turn|16\n|\n|t:|1733840190\n|move|p2a: Wo-Chien|Leech Seed|p1a: Diancie\n|-start|p1a: Diancie|move: Leech Seed\n|move|p1a: Diancie|Earth Power|p2a: Wo-Chien\n|-supereffective|p2a: Wo-Chien\n|-damage|p2a: Wo-Chien|32/277\n|-unboost|p2a: Wo-Chien|spd|1\n|\n|-heal|p2a: Wo-Chien|49/277|[from] item: Leftovers\n|-damage|p1a: Diancie|189/216|[from] Leech Seed|[of] p2a: Wo-Chien\n|-heal|p2a: Wo-Chien|76/277|[silent]\n|upkeep\n|turn|17\n|\n|t:|1733840212\n|move|p2a: Wo-Chien|Protect|p2a: Wo-Chien\n|-singleturn|p2a: Wo-Chien|Protect\n|move|p1a: Diancie|Calm Mind|p1a: Diancie\n|-boost|p1a: Diancie|spa|1\n|-boost|p1a: Diancie|spd|1\n|\n|-heal|p2a: Wo-Chien|93/277|[from] item: Leftovers\n|-heal|p1a: Diancie|202/216|[from] item: Leftovers\n|-damage|p1a: Diancie|175/216|[from] Leech Seed|[of] p2a: Wo-Chien\n|-heal|p2a: Wo-Chien|120/277|[silent]\n|upkeep\n|turn|18\n|\n|t:|1733840216\n|move|p2a: Wo-Chien|Giga Drain|p1a: Diancie\n|-supereffective|p1a: Diancie\n|-damage|p1a: Diancie|109/216\n|-heal|p2a: Wo-Chien|153/277|[from] drain|[of] p1a: Diancie\n|move|p1a: Diancie|Earth Power|p2a: Wo-Chien\n|-supereffective|p2a: Wo-Chien\n|-damage|p2a: Wo-Chien|0 fnt\n|faint|p2a: Wo-Chien\n|\n|-heal|p1a: Diancie|122/216|[from] item: Leftovers\n|upkeep\n|\n|t:|1733840230\n|switch|p2a: Iron Valiant|Iron Valiant, L78|220/244\n|turn|19\n|\n|t:|1733840234\n|move|p2a: Iron Valiant|Close Combat|p1a: Diancie\n|-damage|p1a: Diancie|0 fnt\n|-unboost|p2a: Iron Valiant|def|1\n|-unboost|p2a: Iron Valiant|spd|1\n|faint|p1a: Diancie\n|-damage|p2a: Iron Valiant|196/244|[from] item: Life Orb\n|\n|upkeep\n|\n|t:|1733840251\n|switch|p1a: Dunsparce|Dunsparce, L86, M|312/312\n|turn|20\n|\n|t:|1733840255\n|-terastallize|p1a: Dunsparce|Ground\n|move|p2a: Iron Valiant|Close Combat|p1a: Dunsparce\n|-damage|p1a: Dunsparce|166/312\n|-unboost|p2a: Iron Valiant|def|1\n|-unboost|p2a: Iron Valiant|spd|1\n|-damage|p2a: Iron Valiant|172/244|[from] item: Life Orb\n|move|p1a: Dunsparce|Earthquake|p2a: Iron Valiant\n|-damage|p2a: Iron Valiant|0 fnt\n|faint|p2a: Iron Valiant\n|-end|p2a: Iron Valiant|Quark Drive|[silent]\n|\n|upkeep\n|\n|t:|1733840260\n|switch|p2a: Kyurem|Kyurem-Black, L71|295/295\n|-ability|p2a: Kyurem|Teravolt\n|turn|21\n|\n|t:|1733840266\n|move|p2a: Kyurem|Icicle Spear|p1a: Dunsparce\n|-supereffective|p1a: Dunsparce\n|-damage|p1a: Dunsparce|112/312\n|-supereffective|p1a: Dunsparce\n|-damage|p1a: Dunsparce|64/312\n|-supereffective|p1a: Dunsparce\n|-damage|p1a: Dunsparce|16/312\n|-supereffective|p1a: Dunsparce\n|-damage|p1a: Dunsparce|0 fnt\n|faint|p1a: Dunsparce\n|-hitcount|p1: Dunsparce|4\n|\n|upkeep\n|\n|t:|1733840279\n|switch|p1a: Keldeo|Keldeo-Resolute, L79|273/273\n|turn|22\n|\n|t:|1733840283\n|move|p1a: Keldeo|Secret Sword|p2a: Kyurem\n|-supereffective|p2a: Kyurem\n|-damage|p2a: Kyurem|65/295\n|move|p2a: Kyurem|Scale Shot|p1a: Keldeo\n|-damage|p1a: Keldeo|239/273\n|-damage|p1a: Keldeo|206/273\n|-damage|p1a: Keldeo|172/273\n|-damage|p1a: Keldeo|141/273\n|-damage|p1a: Keldeo|108/273\n|-hitcount|p1a: Keldeo|5\n|-unboost|p2a: Kyurem|def|1\n|-boost|p2a: Kyurem|spe|1\n|\n|-heal|p1a: Keldeo|125/273|[from] item: Leftovers\n|upkeep\n|turn|23\n|\n|t:|1733840299\n|move|p2a: Kyurem|Fusion Bolt|p1a: Keldeo\n|-supereffective|p1a: Keldeo\n|-damage|p1a: Keldeo|0 fnt\n|faint|p1a: Keldeo\n|\n|upkeep\n|\n|t:|1733840302\n|switch|p1a: Bombirdier|Bombirdier, L85, M|187/258\n|turn|24\n|\n|t:|1733840308\n|move|p2a: Kyurem|Icicle Spear|p1a: Bombirdier\n|-supereffective|p1a: Bombirdier\n|-damage|p1a: Bombirdier|121/258\n|-supereffective|p1a: Bombirdier\n|-damage|p1a: Bombirdier|59/258\n|-supereffective|p1a: Bombirdier\n|-damage|p1a: Bombirdier|3/258\n|-supereffective|p1a: Bombirdier\n|-damage|p1a: Bombirdier|0 fnt\n|faint|p1a: Bombirdier\n|-hitcount|p1: Bombirdier|4\n|\n|win|Cacahead\n|raw|Lazif's rating: 1273 &rarr; <strong>1248</strong><br />(-25 for losing)\n|raw|Cacahead's rating: 1270 &rarr; <strong>1295</strong><br />(+25 for winning)\n|c|\u2606Cacahead|Gg\n", "inputlog": ">version bfd83cad13791eb5a5a409923076391caf6fb4d4\n>start {\"formatid\":\"gen9randombattle\",\"seed\":[8224,20340,58507,12680],\"rated\":\"Rated battle\"}\n>player p1 {\"name\":\"Lazif\",\"avatar\":\"rosa\",\"rating\":1273,\"seed\":[31599,64227,31741,22679]}\n>player p2 {\"name\":\"Cacahead\",\"avatar\":\"169\",\"rating\":1270,\"seed\":[53975,46384,62466,1197]}\n>p1 move wavecrash\n>p2 switch 4\n>p1 move wavecrash\n>p2 move whirlpool\n>p2 switch 6\n>p1 move wavecrash\n>p2 move leechseed\n>p1 switch 3\n>p2 move leechseed\n>p1 move uturn\n>p2 switch 3\n>p1 switch 6\n>p1 move pyroball\n>p2 switch 2\n>p1 move highjumpkick\n>p2 move boomburst\n>p2 switch 2\n>p1 move highjumpkick\n>p2 move thunderwave\n>p1 move pyroball\n>p2 move dazzlinggleam\n>p2 switch 4\n>p1 move pyroball\n>p2 move spiritbreak\n>p1 switch 4\n>p1 move drainingkiss\n>p2 switch 3\n>p1 switch 6\n>p2 move gigadrain\n>p1 move uturn\n>p2 move leechseed terastallize\n>p1 switch 3\n>p1 move wavecrash\n>p2 move protect\n>p1 move wavecrash\n>p2 move gigadrain\n>p1 switch 6\n>p1 move earthpower\n>p2 move leechseed\n>p1 move calmmind\n>p2 move protect\n>p1 move earthpower\n>p2 move gigadrain\n>p2 switch 3\n>p1 move drainingkiss\n>p2 move closecombat\n>p1 switch 5\n>p1 move earthquake terastallize\n>p2 move closecombat\n>p2 switch 5\n>p1 move bodyslam\n>p2 move iciclespear\n>p1 switch 2\n>p1 move secretsword\n>p2 move scaleshot\n>p1 move secretsword\n>p2 move fusionbolt\n>p1 switch 3\n>p1 move bravebird\n>p2 move iciclespear", "uploadtime": 1733840331, "views": 2, "formatid": "gen9randombattle", "rating": 1248, "private": 0, "password": null}