{"id": "gen9randombattle-2260569018", "format": "[Gen 9] Random Battle", "players": ["6 thanoses", "sugondesereloaded"], "log": "|j|\u26066 thanoses\n|j|\u2606sugondesereloaded\n|t:|1733864508\n|gametype|singles\n|player|p1|6 thanoses|volkner|1526\n|player|p2|sugondesereloaded|hiker-gen4|1516\n|teamsize|p1|6\n|teamsize|p2|6\n|gen|9\n|tier|[Gen 9] Random Battle\n|rated|\n|rule|Species Clause: Limit one of each Pok\u00e9mon\n|rule|HP Percentage Mod: HP is shown in percentages\n|rule|Sleep Clause Mod: Limit one foe put to sleep\n|rule|Illusion Level Mod: Illusion disguises the Pok\u00e9mon's true level\n|\n|t:|1733864508\n|start\n|switch|p1a: Klawf|Klawf, L90, M|272/272\n|switch|p2a: Suicune|Suicune, L82|298/298\n|-ability|p2a: Suicune|Pressure\n|turn|1\n|\n|t:|1733864514\n|switch|p1a: Leafeon|Leafeon, L88, F|258/258\n|move|p2a: Suicune|Calm Mind|p2a: Suicune\n|-boost|p2a: Suicune|spa|1\n|-boost|p2a: Suicune|spd|1\n|\n|upkeep\n|turn|2\n|inactive|Battle timer is ON: inactive players will automatically lose when time's up. (requested by 6 thanoses)\n|\n|t:|1733864591\n|switch|p2a: Raichu|Raichu-Alola, L87, F|246/246\n|move|p1a: Leafeon|Leaf Blade|p2a: Raichu\n|-damage|p2a: Raichu|24/246\n|-damage|p1a: Leafeon|233/258|[from] item: Life Orb\n|\n|upkeep\n|turn|3\n|\n|t:|1733864598\n|move|p2a: Raichu|Thunderbolt|p1a: Leafeon\n|-resisted|p1a: Leafeon\n|-damage|p1a: Leafeon|146/258\n|move|p1a: Leafeon|Leaf Blade|p2a: Raichu\n|-damage|p2a: Raichu|0 fnt\n|faint|p2a: Raichu\n|-damage|p1a: Leafeon|121/258|[from] item: Life Orb\n|\n|upkeep\n|\n|t:|1733864608\n|switch|p2a: Wigglytuff|Wigglytuff, L96, F|424/424\n|turn|4\n|\n|t:|1733864626\n|switch|p1a: Ampharos|Ampharos, L88, M|302/302\n|move|p2a: Wigglytuff|Thunder Wave|p1a: Ampharos\n|-immune|p1a: Ampharos\n|\n|upkeep\n|turn|5\n|\n|t:|1733864632\n|move|p1a: Ampharos|Agility|p1a: Ampharos\n|-boost|p1a: Ampharos|spe|2\n|move|p2a: Wigglytuff|Dazzling Gleam|p1a: Ampharos\n|-damage|p1a: Ampharos|202/302\n|\n|upkeep\n|turn|6\n|\n|t:|1733864637\n|move|p1a: Ampharos|Thunderbolt|p2a: Wigglytuff\n|-crit|p2a: Wigglytuff\n|-damage|p2a: Wigglytuff|135/424\n|-status|p2a: Wigglytuff|par\n|-damage|p1a: Ampharos|172/302|[from] item: Life Orb\n|move|p2a: Wigglytuff|Wish|p2a: Wigglytuff\n|\n|-heal|p2a: Wigglytuff|161/424 par|[from] item: Leftovers\n|upkeep\n|turn|7\n|\n|t:|1733864643\n|move|p2a: Wigglytuff|Protect|p2a: Wigglytuff\n|-singleturn|p2a: Wigglytuff|Protect\n|move|p1a: Ampharos|Thunderbolt|p2a: Wigglytuff\n|-activate|p2a: Wigglytuff|move: Protect\n|\n|-heal|p2a: Wigglytuff|373/424 par|[from] move: Wish|[wisher] Wigglytuff\n|-heal|p2a: Wigglytuff|399/424 par|[from] item: Leftovers\n|upkeep\n|turn|8\n|\n|t:|1733864646\n|move|p1a: Ampharos|Thunderbolt|p2a: Wigglytuff\n|-damage|p2a: Wigglytuff|196/424 par\n|-damage|p1a: Ampharos|142/302|[from] item: Life Orb\n|move|p2a: Wigglytuff|Dazzling Gleam|p1a: Ampharos\n|-damage|p1a: Ampharos|48/302\n|\n|-heal|p2a: Wigglytuff|222/424 par|[from] item: Leftovers\n|upkeep\n|turn|9\n|\n|t:|1733864650\n|move|p1a: Ampharos|Thunderbolt|p2a: Wigglytuff\n|-damage|p2a: Wigglytuff|35/424 par\n|-damage|p1a: Ampharos|18/302|[from] item: Life Orb\n|move|p2a: Wigglytuff|Wish|p2a: Wigglytuff\n|\n|-heal|p2a: Wigglytuff|61/424 par|[from] item: Leftovers\n|upkeep\n|turn|10\n|\n|t:|1733864653\n|move|p2a: Wigglytuff|Protect|p2a: Wigglytuff\n|-singleturn|p2a: Wigglytuff|Protect\n|move|p1a: Ampharos|Thunderbolt|p2a: Wigglytuff\n|-activate|p2a: Wigglytuff|move: Protect\n|\n|-heal|p2a: Wigglytuff|273/424 par|[from] move: Wish|[wisher] Wigglytuff\n|-heal|p2a: Wigglytuff|299/424 par|[from] item: Leftovers\n|upkeep\n|turn|11\n|\n|t:|1733864656\n|move|p1a: Ampharos|Thunderbolt|p2a: Wigglytuff\n|-damage|p2a: Wigglytuff|108/424 par\n|-damage|p1a: Ampharos|0 fnt|[from] item: Life Orb\n|faint|p1a: Ampharos\n|cant|p2a: Wigglytuff|par\n|\n|-heal|p2a: Wigglytuff|134/424 par|[from] item: Leftovers\n|upkeep\n|\n|t:|1733864661\n|switch|p1a: Leafeon|Leafeon, L88, F|121/258\n|turn|12\n|\n|t:|1733864664\n|move|p1a: Leafeon|Leaf Blade|p2a: Wigglytuff\n|-damage|p2a: Wigglytuff|0 fnt\n|faint|p2a: Wigglytuff\n|-damage|p1a: Leafeon|96/258|[from] item: Life Orb\n|\n|upkeep\n|\n|t:|1733864672\n|switch|p2a: Groudon|Groudon, L72|263/263\n|-weather|SunnyDay|[from] ability: Drought|[of] p2a: Groudon\n|turn|13\n|\n|t:|1733864684\n|switch|p1a: Suicune|Suicune, L82|298/298\n|-ability|p1a: Suicune|Pressure\n|move|p2a: Groudon|Will-O-Wisp|p1a: Suicune\n|-status|p1a: Suicune|brn\n|\n|-weather|SunnyDay|[upkeep]\n|-damage|p1a: Suicune|280/298 brn|[from] brn\n|upkeep\n|turn|14\n|\n|t:|1733864692\n|switch|p2a: Eelektross|Eelektross, L87, M|290/290\n|move|p1a: Suicune|Scald|p2a: Eelektross\n|-damage|p2a: Eelektross|263/290\n|-status|p2a: Eelektross|brn\n|\n|-weather|SunnyDay|[upkeep]\n|-heal|p1a: Suicune|298/298 brn|[from] item: Leftovers\n|-damage|p1a: Suicune|280/298 brn|[from] brn\n|-damage|p2a: Eelektross|245/290 brn|[from] brn\n|upkeep\n|turn|15\n|\n|t:|1733864698\n|switch|p1a: Klawf|Klawf, L90, M|272/272\n|move|p2a: Eelektross|Discharge|p1a: Klawf\n|-crit|p1a: Klawf\n|-damage|p1a: Klawf|94/272\n|-ability|p1a: Klawf|Anger Shell|boost\n|-boost|p1a: Klawf|atk|1\n|-boost|p1a: Klawf|spa|1\n|-boost|p1a: Klawf|spe|1\n|-unboost|p1a: Klawf|def|1\n|-unboost|p1a: Klawf|spd|1\n|-enditem|p1a: Klawf|Sitrus Berry|[eat]\n|-heal|p1a: Klawf|162/272|[from] item: Sitrus Berry\n|\n|-weather|SunnyDay|[upkeep]\n|-damage|p2a: Eelektross|227/290 brn|[from] brn\n|upkeep\n|turn|16\n|\n|t:|1733864706\n|move|p1a: Klawf|Stone Edge|p2a: Eelektross|[miss]\n|-miss|p1a: Klawf|p2a: Eelektross\n|move|p2a: Eelektross|Giga Drain|p1a: Klawf\n|-supereffective|p1a: Klawf\n|-damage|p1a: Klawf|0 fnt\n|-heal|p2a: Eelektross|290/290 brn|[from] drain|[of] p1a: Klawf\n|faint|p1a: Klawf\n|\n|-weather|SunnyDay|[upkeep]\n|-damage|p2a: Eelektross|272/290 brn|[from] brn\n|upkeep\n|\n|t:|1733864713\n|switch|p1a: Mew|Mew, L82|298/298\n|turn|17\n|c|\u2606sugondesereloaded|Slurp\n|\n|t:|1733864720\n|move|p1a: Mew|Swords Dance|p1a: Mew\n|-boost|p1a: Mew|atk|2\n|move|p2a: Eelektross|Discharge|p1a: Mew\n|-damage|p1a: Mew|208/298\n|\n|-weather|none\n|-damage|p2a: Eelektross|254/290 brn|[from] brn\n|upkeep\n|turn|18\n|\n|t:|1733864728\n|-terastallize|p1a: Mew|Fighting\n|move|p1a: Mew|Close Combat|p2a: Eelektross\n|-damage|p2a: Eelektross|0 fnt\n|-unboost|p1a: Mew|def|1\n|-unboost|p1a: Mew|spd|1\n|faint|p2a: Eelektross\n|-damage|p1a: Mew|179/298|[from] item: Life Orb\n|\n|upkeep\n|\n|t:|1733864733\n|switch|p2a: Palkia|Palkia-Origin, L72|249/249\n|-ability|p2a: Palkia|Pressure\n|turn|19\n|\n|t:|1733864739\n|-terastallize|p2a: Palkia|Fire\n|move|p2a: Palkia|Fire Blast|p1a: Mew\n|-damage|p1a: Mew|10/298\n|move|p1a: Mew|Close Combat|p2a: Palkia\n|-damage|p2a: Palkia|0 fnt\n|-unboost|p1a: Mew|def|1\n|-unboost|p1a: Mew|spd|1\n|faint|p2a: Palkia\n|-damage|p1a: Mew|0 fnt|[from] item: Life Orb\n|faint|p1a: Mew\n|\n|upkeep\n|\n|t:|1733864748\n|switch|p2a: Groudon|Groudon, L72|263/263\n|switch|p1a: Leafeon|Leafeon, L88, F|96/258\n|-weather|SunnyDay|[from] ability: Drought|[of] p2a: Groudon\n|turn|20\n|\n|t:|1733864752\n|move|p1a: Leafeon|Leaf Blade|p2a: Groudon\n|-supereffective|p2a: Groudon\n|-damage|p2a: Groudon|19/263\n|-damage|p1a: Leafeon|71/258|[from] item: Life Orb\n|move|p2a: Groudon|Heat Crash|p1a: Leafeon\n|-supereffective|p1a: Leafeon\n|-damage|p1a: Leafeon|0 fnt\n|faint|p1a: Leafeon\n|\n|-weather|SunnyDay|[upkeep]\n|-heal|p2a: Groudon|35/263|[from] item: Leftovers\n|upkeep\n|\n|t:|1733864764\n|switch|p1a: Wo-Chien|Wo-Chien, L83|277/277\n|-ability|p1a: Wo-Chien|Tablets of Ruin\n|turn|21\n|\n|t:|1733864771\n|move|p1a: Wo-Chien|Protect|p1a: Wo-Chien\n|-singleturn|p1a: Wo-Chien|Protect\n|move|p2a: Groudon|Heat Crash|p1a: Wo-Chien\n|-activate|p1a: Wo-Chien|move: Protect\n|\n|-weather|SunnyDay|[upkeep]\n|-heal|p2a: Groudon|51/263|[from] item: Leftovers\n|upkeep\n|turn|22\n|\n|t:|1733864773\n|switch|p1a: Suicune|Suicune, L82|280/298 brn\n|-ability|p1a: Suicune|Pressure\n|move|p2a: Groudon|Heat Crash|p1a: Suicune\n|-resisted|p1a: Suicune\n|-damage|p1a: Suicune|225/298 brn\n|\n|-weather|SunnyDay|[upkeep]\n|-heal|p1a: Suicune|243/298 brn|[from] item: Leftovers\n|-heal|p2a: Groudon|67/263|[from] item: Leftovers\n|-damage|p1a: Suicune|225/298 brn|[from] brn\n|upkeep\n|turn|23\n|\n|t:|1733864779\n|switch|p2a: Suicune|Suicune, L82|298/298\n|-ability|p2a: Suicune|Pressure\n|move|p1a: Suicune|Scald|p2a: Suicune\n|-resisted|p2a: Suicune\n|-damage|p2a: Suicune|283/298\n|\n|-weather|SunnyDay|[upkeep]\n|-heal|p1a: Suicune|243/298 brn|[from] item: Leftovers\n|-heal|p2a: Suicune|298/298|[from] item: Leftovers\n|-damage|p1a: Suicune|225/298 brn|[from] brn\n|upkeep\n|turn|24\n|\n|t:|1733864785\n|switch|p2a: Groudon|Groudon, L72|67/263\n|move|p1a: Suicune|Calm Mind|p1a: Suicune\n|-boost|p1a: Suicune|spa|1\n|-boost|p1a: Suicune|spd|1\n|\n|-weather|none\n|-heal|p1a: Suicune|243/298 brn|[from] item: Leftovers\n|-heal|p2a: Groudon|83/263|[from] item: Leftovers\n|-damage|p1a: Suicune|225/298 brn|[from] brn\n|upkeep\n|turn|25\n|\n|t:|1733864789\n|move|p1a: Suicune|Scald|p2a: Groudon\n|-supereffective|p2a: Groudon\n|-damage|p2a: Groudon|0 fnt\n|faint|p2a: Groudon\n|\n|-heal|p1a: Suicune|243/298 brn|[from] item: Leftovers\n|-damage|p1a: Suicune|225/298 brn|[from] brn\n|upkeep\n|\n|t:|1733864791\n|switch|p2a: Suicune|Suicune, L82|298/298\n|-ability|p2a: Suicune|Pressure\n|turn|26\n|\n|t:|1733864793\n|move|p2a: Suicune|Calm Mind|p2a: Suicune\n|-boost|p2a: Suicune|spa|1\n|-boost|p2a: Suicune|spd|1\n|move|p1a: Suicune|Calm Mind|p1a: Suicune\n|-boost|p1a: Suicune|spa|1\n|-boost|p1a: Suicune|spd|1\n|\n|-heal|p1a: Suicune|243/298 brn|[from] item: Leftovers\n|-damage|p1a: Suicune|225/298 brn|[from] brn\n|upkeep\n|turn|27\n|\n|t:|1733864795\n|move|p2a: Suicune|Calm Mind|p2a: Suicune\n|-boost|p2a: Suicune|spa|1\n|-boost|p2a: Suicune|spd|1\n|move|p1a: Suicune|Calm Mind|p1a: Suicune\n|-boost|p1a: Suicune|spa|1\n|-boost|p1a: Suicune|spd|1\n|\n|-heal|p1a: Suicune|243/298 brn|[from] item: Leftovers\n|-damage|p1a: Suicune|225/298 brn|[from] brn\n|upkeep\n|turn|28\n|\n|t:|1733864797\n|move|p1a: Suicune|Calm Mind|p1a: Suicune\n|-boost|p1a: Suicune|spa|1\n|-boost|p1a: Suicune|spd|1\n|move|p2a: Suicune|Calm Mind|p2a: Suicune\n|-boost|p2a: Suicune|spa|1\n|-boost|p2a: Suicune|spd|1\n|\n|-heal|p1a: Suicune|243/298 brn|[from] item: Leftovers\n|-damage|p1a: Suicune|225/298 brn|[from] brn\n|upkeep\n|turn|29\n|\n|t:|1733864800\n|move|p1a: Suicune|Calm Mind|p1a: Suicune\n|-boost|p1a: Suicune|spa|1\n|-boost|p1a: Suicune|spd|1\n|move|p2a: Suicune|Calm Mind|p2a: Suicune\n|-boost|p2a: Suicune|spa|1\n|-boost|p2a: Suicune|spd|1\n|\n|-heal|p1a: Suicune|243/298 brn|[from] item: Leftovers\n|-damage|p1a: Suicune|225/298 brn|[from] brn\n|upkeep\n|turn|30\n|\n|t:|1733864802\n|move|p2a: Suicune|Calm Mind|p2a: Suicune\n|-boost|p2a: Suicune|spa|1\n|-boost|p2a: Suicune|spd|1\n|move|p1a: Suicune|Calm Mind|p1a: Suicune\n|-boost|p1a: Suicune|spa|1\n|-boost|p1a: Suicune|spd|1\n|\n|-heal|p1a: Suicune|243/298 brn|[from] item: Leftovers\n|-damage|p1a: Suicune|225/298 brn|[from] brn\n|upkeep\n|turn|31\n|\n|t:|1733864804\n|move|p2a: Suicune|Calm Mind|p2a: Suicune\n|-boost|p2a: Suicune|spa|1\n|-boost|p2a: Suicune|spd|1\n|move|p1a: Suicune|Scald|p2a: Suicune\n|-resisted|p2a: Suicune\n|-damage|p2a: Suicune|268/298\n|-status|p2a: Suicune|brn\n|\n|-heal|p1a: Suicune|243/298 brn|[from] item: Leftovers\n|-heal|p2a: Suicune|286/298 brn|[from] item: Leftovers\n|-damage|p1a: Suicune|225/298 brn|[from] brn\n|-damage|p2a: Suicune|268/298 brn|[from] brn\n|upkeep\n|turn|32\n|\n|t:|1733864808\n|move|p2a: Suicune|Scald|p1a: Suicune\n|-resisted|p1a: Suicune\n|-damage|p1a: Suicune|194/298 brn\n|move|p1a: Suicune|Rest|p1a: Suicune\n|-status|p1a: Suicune|slp|[from] move: Rest\n|-heal|p1a: Suicune|298/298 slp|[silent]\n|\n|-heal|p2a: Suicune|286/298 brn|[from] item: Leftovers\n|-damage|p2a: Suicune|268/298 brn|[from] brn\n|upkeep\n|turn|33\n|\n|t:|1733864814\n|cant|p1a: Suicune|slp\n|move|p1a: Suicune|Sleep Talk|p1a: Suicune\n|move|p1a: Suicune|Rest||[from]move: Sleep Talk|[still]\n|-fail|p1a: Suicune\n|move|p2a: Suicune|Scald|p1a: Suicune\n|-resisted|p1a: Suicune\n|-damage|p1a: Suicune|265/298 slp\n|\n|-heal|p2a: Suicune|286/298 brn|[from] item: Leftovers\n|-heal|p1a: Suicune|283/298 slp|[from] item: Leftovers\n|-damage|p2a: Suicune|268/298 brn|[from] brn\n|upkeep\n|turn|34\n|\n|t:|1733864819\n|cant|p1a: Suicune|slp\n|move|p1a: Suicune|Sleep Talk|p1a: Suicune\n|move|p1a: Suicune|Rest||[from]move: Sleep Talk|[still]\n|-fail|p1a: Suicune\n|move|p2a: Suicune|Scald|p1a: Suicune\n|-resisted|p1a: Suicune\n|-damage|p1a: Suicune|254/298 slp\n|\n|-heal|p2a: Suicune|286/298 brn|[from] item: Leftovers\n|-heal|p1a: Suicune|272/298 slp|[from] item: Leftovers\n|-damage|p2a: Suicune|268/298 brn|[from] brn\n|upkeep\n|turn|35\n|\n|t:|1733864825\n|move|p2a: Suicune|Scald|p1a: Suicune\n|-resisted|p1a: Suicune\n|-damage|p1a: Suicune|240/298 slp\n|-curestatus|p1a: Suicune|slp|[msg]\n|move|p1a: Suicune|Scald|p2a: Suicune\n|-resisted|p2a: Suicune\n|-damage|p2a: Suicune|235/298 brn\n|\n|-heal|p2a: Suicune|253/298 brn|[from] item: Leftovers\n|-heal|p1a: Suicune|258/298|[from] item: Leftovers\n|-damage|p2a: Suicune|235/298 brn|[from] brn\n|upkeep\n|turn|36\n|\n|t:|1733864832\n|move|p2a: Suicune|Sleep Talk||[still]\n|-fail|p2a: Suicune\n|move|p1a: Suicune|Scald|p2a: Suicune\n|-resisted|p2a: Suicune\n|-damage|p2a: Suicune|204/298 brn\n|\n|-heal|p1a: Suicune|276/298|[from] item: Leftovers\n|-heal|p2a: Suicune|222/298 brn|[from] item: Leftovers\n|-damage|p2a: Suicune|204/298 brn|[from] brn\n|upkeep\n|turn|37\n|\n|t:|1733864839\n|move|p1a: Suicune|Calm Mind|p1a: Suicune\n|-boost|p1a: Suicune|spa|0\n|-boost|p1a: Suicune|spd|0\n|move|p2a: Suicune|Sleep Talk||[still]\n|-fail|p2a: Suicune\n|\n|-heal|p2a: Suicune|222/298 brn|[from] item: Leftovers\n|-heal|p1a: Suicune|294/298|[from] item: Leftovers\n|-damage|p2a: Suicune|204/298 brn|[from] brn\n|upkeep\n|turn|38\n|\n|t:|1733864845\n|move|p2a: Suicune|Calm Mind|p2a: Suicune\n|-boost|p2a: Suicune|spa|0\n|-boost|p2a: Suicune|spd|0\n|move|p1a: Suicune|Calm Mind|p1a: Suicune\n|-boost|p1a: Suicune|spa|0\n|-boost|p1a: Suicune|spd|0\n|\n|-heal|p2a: Suicune|222/298 brn|[from] item: Leftovers\n|-heal|p1a: Suicune|298/298|[from] item: Leftovers\n|-damage|p2a: Suicune|204/298 brn|[from] brn\n|upkeep\n|turn|39\n|\n|t:|1733864860\n|move|p2a: Suicune|Calm Mind|p2a: Suicune\n|-boost|p2a: Suicune|spa|0\n|-boost|p2a: Suicune|spd|0\n|move|p1a: Suicune|Calm Mind|p1a: Suicune\n|-boost|p1a: Suicune|spa|0\n|-boost|p1a: Suicune|spd|0\n|\n|-heal|p2a: Suicune|222/298 brn|[from] item: Leftovers\n|-damage|p2a: Suicune|204/298 brn|[from] brn\n|upkeep\n|turn|40\n|\n|t:|1733864869\n|move|p2a: Suicune|Calm Mind|p2a: Suicune\n|-boost|p2a: Suicune|spa|0\n|-boost|p2a: Suicune|spd|0\n|move|p1a: Suicune|Calm Mind|p1a: Suicune\n|-boost|p1a: Suicune|spa|0\n|-boost|p1a: Suicune|spd|0\n|\n|-heal|p2a: Suicune|222/298 brn|[from] item: Leftovers\n|-damage|p2a: Suicune|204/298 brn|[from] brn\n|upkeep\n|turn|41\n|\n|t:|1733864877\n|move|p1a: Suicune|Calm Mind|p1a: Suicune\n|-boost|p1a: Suicune|spa|0\n|-boost|p1a: Suicune|spd|0\n|move|p2a: Suicune|Calm Mind|p2a: Suicune\n|-boost|p2a: Suicune|spa|0\n|-boost|p2a: Suicune|spd|0\n|\n|-heal|p2a: Suicune|222/298 brn|[from] item: Leftovers\n|-damage|p2a: Suicune|204/298 brn|[from] brn\n|upkeep\n|turn|42\n|inactive|6 thanoses has 120 seconds left.\n|\n|t:|1733864930\n|move|p2a: Suicune|Calm Mind|p2a: Suicune\n|-boost|p2a: Suicune|spa|0\n|-boost|p2a: Suicune|spd|0\n|move|p1a: Suicune|Calm Mind|p1a: Suicune\n|-boost|p1a: Suicune|spa|0\n|-boost|p1a: Suicune|spd|0\n|\n|-heal|p2a: Suicune|222/298 brn|[from] item: Leftovers\n|-damage|p2a: Suicune|204/298 brn|[from] brn\n|upkeep\n|turn|43\n|\n|t:|1733864936\n|move|p2a: Suicune|Calm Mind|p2a: Suicune\n|-boost|p2a: Suicune|spa|0\n|-boost|p2a: Suicune|spd|0\n|move|p1a: Suicune|Calm Mind|p1a: Suicune\n|-boost|p1a: Suicune|spa|0\n|-boost|p1a: Suicune|spd|0\n|\n|-heal|p2a: Suicune|222/298 brn|[from] item: Leftovers\n|-damage|p2a: Suicune|204/298 brn|[from] brn\n|upkeep\n|turn|44\n|\n|t:|1733864940\n|move|p1a: Suicune|Calm Mind|p1a: Suicune\n|-boost|p1a: Suicune|spa|0\n|-boost|p1a: Suicune|spd|0\n|move|p2a: Suicune|Calm Mind|p2a: Suicune\n|-boost|p2a: Suicune|spa|0\n|-boost|p2a: Suicune|spd|0\n|\n|-heal|p2a: Suicune|222/298 brn|[from] item: Leftovers\n|-damage|p2a: Suicune|204/298 brn|[from] brn\n|upkeep\n|turn|45\n|\n|t:|1733864945\n|move|p2a: Suicune|Calm Mind|p2a: Suicune\n|-boost|p2a: Suicune|spa|0\n|-boost|p2a: Suicune|spd|0\n|move|p1a: Suicune|Calm Mind|p1a: Suicune\n|-boost|p1a: Suicune|spa|0\n|-boost|p1a: Suicune|spd|0\n|\n|-heal|p2a: Suicune|222/298 brn|[from] item: Leftovers\n|-damage|p2a: Suicune|204/298 brn|[from] brn\n|upkeep\n|turn|46\n|\n|t:|1733864950\n|move|p2a: Suicune|Calm Mind|p2a: Suicune\n|-boost|p2a: Suicune|spa|0\n|-boost|p2a: Suicune|spd|0\n|move|p1a: Suicune|Calm Mind|p1a: Suicune\n|-boost|p1a: Suicune|spa|0\n|-boost|p1a: Suicune|spd|0\n|\n|-heal|p2a: Suicune|222/298 brn|[from] item: Leftovers\n|-damage|p2a: Suicune|204/298 brn|[from] brn\n|upkeep\n|turn|47\n|\n|t:|1733864953\n|move|p2a: Suicune|Calm Mind|p2a: Suicune\n|-boost|p2a: Suicune|spa|0\n|-boost|p2a: Suicune|spd|0\n|move|p1a: Suicune|Calm Mind|p1a: Suicune\n|-boost|p1a: Suicune|spa|0\n|-boost|p1a: Suicune|spd|0\n|\n|-heal|p2a: Suicune|222/298 brn|[from] item: Leftovers\n|-damage|p2a: Suicune|204/298 brn|[from] brn\n|upkeep\n|turn|48\n|\n|t:|1733864957\n|move|p2a: Suicune|Calm Mind|p2a: Suicune\n|-boost|p2a: Suicune|spa|0\n|-boost|p2a: Suicune|spd|0\n|move|p1a: Suicune|Calm Mind|p1a: Suicune\n|-boost|p1a: Suicune|spa|0\n|-boost|p1a: Suicune|spd|0\n|\n|-heal|p2a: Suicune|222/298 brn|[from] item: Leftovers\n|-damage|p2a: Suicune|204/298 brn|[from] brn\n|upkeep\n|turn|49\n|\n|t:|1733864959\n|move|p2a: Suicune|Calm Mind|p2a: Suicune\n|-boost|p2a: Suicune|spa|0\n|-boost|p2a: Suicune|spd|0\n|move|p1a: Suicune|Calm Mind|p1a: Suicune\n|-boost|p1a: Suicune|spa|0\n|-boost|p1a: Suicune|spd|0\n|\n|-heal|p2a: Suicune|222/298 brn|[from] item: Leftovers\n|-damage|p2a: Suicune|204/298 brn|[from] brn\n|upkeep\n|turn|50\n|\n|t:|1733864961\n|move|p1a: Suicune|Calm Mind|p1a: Suicune\n|-boost|p1a: Suicune|spa|0\n|-boost|p1a: Suicune|spd|0\n|move|p2a: Suicune|Calm Mind|p2a: Suicune\n|-boost|p2a: Suicune|spa|0\n|-boost|p2a: Suicune|spd|0\n|\n|-heal|p2a: Suicune|222/298 brn|[from] item: Leftovers\n|-damage|p2a: Suicune|204/298 brn|[from] brn\n|upkeep\n|turn|51\n|\n|t:|1733864963\n|move|p1a: Suicune|Calm Mind|p1a: Suicune\n|-boost|p1a: Suicune|spa|0\n|-boost|p1a: Suicune|spd|0\n|move|p2a: Suicune|Calm Mind|p2a: Suicune\n|-boost|p2a: Suicune|spa|0\n|-boost|p2a: Suicune|spd|0\n|\n|-heal|p2a: Suicune|222/298 brn|[from] item: Leftovers\n|-damage|p2a: Suicune|204/298 brn|[from] brn\n|upkeep\n|turn|52\n|\n|t:|1733864965\n|move|p2a: Suicune|Calm Mind|p2a: Suicune\n|-boost|p2a: Suicune|spa|0\n|-boost|p2a: Suicune|spd|0\n|move|p1a: Suicune|Calm Mind|p1a: Suicune\n|-boost|p1a: Suicune|spa|0\n|-boost|p1a: Suicune|spd|0\n|\n|-heal|p2a: Suicune|222/298 brn|[from] item: Leftovers\n|-damage|p2a: Suicune|204/298 brn|[from] brn\n|upkeep\n|turn|53\n|\n|t:|1733864967\n|move|p1a: Suicune|Calm Mind|p1a: Suicune\n|-boost|p1a: Suicune|spa|0\n|-boost|p1a: Suicune|spd|0\n|move|p2a: Suicune|Calm Mind|p2a: Suicune\n|-boost|p2a: Suicune|spa|0\n|-boost|p2a: Suicune|spd|0\n|\n|-heal|p2a: Suicune|222/298 brn|[from] item: Leftovers\n|-damage|p2a: Suicune|204/298 brn|[from] brn\n|upkeep\n|turn|54\n|\n|t:|1733864970\n|move|p2a: Suicune|Calm Mind|p2a: Suicune\n|-boost|p2a: Suicune|spa|0\n|-boost|p2a: Suicune|spd|0\n|move|p1a: Suicune|Calm Mind|p1a: Suicune\n|-boost|p1a: Suicune|spa|0\n|-boost|p1a: Suicune|spd|0\n|\n|-heal|p2a: Suicune|222/298 brn|[from] item: Leftovers\n|-damage|p2a: Suicune|204/298 brn|[from] brn\n|upkeep\n|turn|55\n|\n|t:|1733864972\n|move|p2a: Suicune|Calm Mind|p2a: Suicune\n|-boost|p2a: Suicune|spa|0\n|-boost|p2a: Suicune|spd|0\n|move|p1a: Suicune|Calm Mind|p1a: Suicune\n|-boost|p1a: Suicune|spa|0\n|-boost|p1a: Suicune|spd|0\n|\n|-heal|p2a: Suicune|222/298 brn|[from] item: Leftovers\n|-damage|p2a: Suicune|204/298 brn|[from] brn\n|upkeep\n|turn|56\n|\n|t:|1733864974\n|move|p1a: Suicune|Calm Mind|p1a: Suicune\n|-boost|p1a: Suicune|spa|0\n|-boost|p1a: Suicune|spd|0\n|move|p2a: Suicune|Calm Mind|p2a: Suicune\n|-boost|p2a: Suicune|spa|0\n|-boost|p2a: Suicune|spd|0\n|\n|-heal|p2a: Suicune|222/298 brn|[from] item: Leftovers\n|-damage|p2a: Suicune|204/298 brn|[from] brn\n|upkeep\n|turn|57\n|\n|t:|1733864976\n|move|p2a: Suicune|Calm Mind|p2a: Suicune\n|-boost|p2a: Suicune|spa|0\n|-boost|p2a: Suicune|spd|0\n|move|p1a: Suicune|Calm Mind|p1a: Suicune\n|-boost|p1a: Suicune|spa|0\n|-boost|p1a: Suicune|spd|0\n|\n|-heal|p2a: Suicune|222/298 brn|[from] item: Leftovers\n|-damage|p2a: Suicune|204/298 brn|[from] brn\n|upkeep\n|turn|58\n|\n|t:|1733864979\n|move|p2a: Suicune|Calm Mind|p2a: Suicune\n|-boost|p2a: Suicune|spa|0\n|-boost|p2a: Suicune|spd|0\n|move|p1a: Suicune|Calm Mind|p1a: Suicune\n|-boost|p1a: Suicune|spa|0\n|-boost|p1a: Suicune|spd|0\n|\n|-heal|p2a: Suicune|222/298 brn|[from] item: Leftovers\n|-damage|p2a: Suicune|204/298 brn|[from] brn\n|upkeep\n|turn|59\n|\n|t:|1733864980\n|move|p1a: Suicune|Calm Mind|p1a: Suicune\n|-boost|p1a: Suicune|spa|0\n|-boost|p1a: Suicune|spd|0\n|move|p2a: Suicune|Calm Mind|p2a: Suicune\n|-boost|p2a: Suicune|spa|0\n|-boost|p2a: Suicune|spd|0\n|\n|-heal|p2a: Suicune|222/298 brn|[from] item: Leftovers\n|-damage|p2a: Suicune|204/298 brn|[from] brn\n|upkeep\n|turn|60\n|\n|t:|1733864982\n|move|p1a: Suicune|Calm Mind|p1a: Suicune\n|-boost|p1a: Suicune|spa|0\n|-boost|p1a: Suicune|spd|0\n|move|p2a: Suicune|Calm Mind|p2a: Suicune\n|-boost|p2a: Suicune|spa|0\n|-boost|p2a: Suicune|spd|0\n|\n|-heal|p2a: Suicune|222/298 brn|[from] item: Leftovers\n|-damage|p2a: Suicune|204/298 brn|[from] brn\n|upkeep\n|turn|61\n|\n|t:|1733864986\n|move|p2a: Suicune|Calm Mind|p2a: Suicune\n|-boost|p2a: Suicune|spa|0\n|-boost|p2a: Suicune|spd|0\n|move|p1a: Suicune|Calm Mind|p1a: Suicune\n|-boost|p1a: Suicune|spa|0\n|-boost|p1a: Suicune|spd|0\n|\n|-heal|p2a: Suicune|222/298 brn|[from] item: Leftovers\n|-damage|p2a: Suicune|204/298 brn|[from] brn\n|upkeep\n|turn|62\n|\n|t:|1733864988\n|move|p1a: Suicune|Calm Mind|p1a: Suicune\n|-boost|p1a: Suicune|spa|0\n|-boost|p1a: Suicune|spd|0\n|move|p2a: Suicune|Calm Mind|p2a: Suicune\n|-boost|p2a: Suicune|spa|0\n|-boost|p2a: Suicune|spd|0\n|\n|-heal|p2a: Suicune|222/298 brn|[from] item: Leftovers\n|-damage|p2a: Suicune|204/298 brn|[from] brn\n|upkeep\n|turn|63\n|\n|t:|1733865003\n|move|p2a: Suicune|Sleep Talk||[still]\n|-fail|p2a: Suicune\n|move|p1a: Suicune|Scald|p2a: Suicune\n|-resisted|p2a: Suicune\n|-damage|p2a: Suicune|174/298 brn\n|\n|-heal|p2a: Suicune|192/298 brn|[from] item: Leftovers\n|-damage|p2a: Suicune|174/298 brn|[from] brn\n|upkeep\n|turn|64\n|\n|t:|1733865017\n|move|p2a: Suicune|Sleep Talk||[still]\n|-fail|p2a: Suicune\n|move|p1a: Suicune|Sleep Talk||[still]\n|-fail|p1a: Suicune\n|\n|-heal|p2a: Suicune|192/298 brn|[from] item: Leftovers\n|-damage|p2a: Suicune|174/298 brn|[from] brn\n|upkeep\n|turn|65\n|\n|t:|1733865028\n|move|p2a: Suicune|Sleep Talk||[still]\n|-fail|p2a: Suicune\n|move|p1a: Suicune|Sleep Talk||[still]\n|-fail|p1a: Suicune\n|\n|-heal|p2a: Suicune|192/298 brn|[from] item: Leftovers\n|-damage|p2a: Suicune|174/298 brn|[from] brn\n|upkeep\n|turn|66\n|\n|t:|1733865033\n|move|p1a: Suicune|Sleep Talk||[still]\n|-fail|p1a: Suicune\n|move|p2a: Suicune|Rest|p2a: Suicune\n|-status|p2a: Suicune|slp|[from] move: Rest\n|-heal|p2a: Suicune|298/298 slp|[silent]\n|\n|upkeep\n|turn|67\n|\n|t:|1733865041\n|cant|p2a: Suicune|slp\n|move|p1a: Suicune|Rest|p1a: Suicune\n|-fail|p1a: Suicune|heal\n|\n|upkeep\n|turn|68\n|\n|t:|1733865056\n|move|p1a: Suicune|Sleep Talk||[still]\n|-fail|p1a: Suicune\n|cant|p2a: Suicune|slp\n|move|p2a: Suicune|Sleep Talk|p2a: Suicune\n|move|p2a: Suicune|Rest||[from]move: Sleep Talk|[still]\n|-fail|p2a: Suicune\n|\n|upkeep\n|turn|69\n|\n|t:|1733865066\n|move|p1a: Suicune|Sleep Talk||[still]\n|-fail|p1a: Suicune\n|-curestatus|p2a: Suicune|slp|[msg]\n|move|p2a: Suicune|Sleep Talk||[still]\n|-fail|p2a: Suicune\n|\n|upkeep\n|turn|70\n|\n|t:|1733865070\n|move|p2a: Suicune|Sleep Talk||[still]\n|-fail|p2a: Suicune\n|move|p1a: Suicune|Scald|p2a: Suicune\n|-resisted|p2a: Suicune\n|-damage|p2a: Suicune|268/298\n|-status|p2a: Suicune|brn\n|\n|-heal|p2a: Suicune|286/298 brn|[from] item: Leftovers\n|-damage|p2a: Suicune|268/298 brn|[from] brn\n|upkeep\n|turn|71\n|\n|t:|1733865085\n|move|p2a: Suicune|Sleep Talk||[still]\n|-fail|p2a: Suicune\n|move|p1a: Suicune|Scald|p2a: Suicune\n|-resisted|p2a: Suicune\n|-damage|p2a: Suicune|237/298 brn\n|\n|-heal|p2a: Suicune|255/298 brn|[from] item: Leftovers\n|-damage|p2a: Suicune|237/298 brn|[from] brn\n|upkeep\n|turn|72\n|\n|t:|1733865100\n|move|p1a: Suicune|Sleep Talk||[still]\n|-fail|p1a: Suicune\n|move|p2a: Suicune|Sleep Talk||[still]\n|-fail|p2a: Suicune\n|\n|-heal|p2a: Suicune|255/298 brn|[from] item: Leftovers\n|-damage|p2a: Suicune|237/298 brn|[from] brn\n|upkeep\n|turn|73\n|\n|t:|1733865106\n|move|p1a: Suicune|Sleep Talk||[still]\n|-fail|p1a: Suicune\n|move|p2a: Suicune|Sleep Talk||[still]\n|-fail|p2a: Suicune\n|\n|-heal|p2a: Suicune|255/298 brn|[from] item: Leftovers\n|-damage|p2a: Suicune|237/298 brn|[from] brn\n|upkeep\n|turn|74\n|\n|t:|1733865111\n|move|p1a: Suicune|Sleep Talk||[still]\n|-fail|p1a: Suicune\n|move|p2a: Suicune|Sleep Talk||[still]\n|-fail|p2a: Suicune\n|\n|-heal|p2a: Suicune|255/298 brn|[from] item: Leftovers\n|-damage|p2a: Suicune|237/298 brn|[from] brn\n|upkeep\n|turn|75\n|\n|t:|1733865114\n|move|p2a: Suicune|Rest|p2a: Suicune\n|-status|p2a: Suicune|slp|[from] move: Rest\n|-heal|p2a: Suicune|298/298 slp|[silent]\n|move|p1a: Suicune|Sleep Talk||[still]\n|-fail|p1a: Suicune\n|\n|upkeep\n|turn|76\n|\n|t:|1733865119\n|move|p1a: Suicune|Sleep Talk||[still]\n|-fail|p1a: Suicune\n|cant|p2a: Suicune|slp\n|move|p2a: Suicune|Sleep Talk|p2a: Suicune\n|move|p2a: Suicune|Rest||[from]move: Sleep Talk|[still]\n|-fail|p2a: Suicune\n|\n|upkeep\n|turn|77\n|\n|t:|1733865125\n|cant|p2a: Suicune|slp\n|move|p1a: Suicune|Sleep Talk||[still]\n|-fail|p1a: Suicune\n|\n|upkeep\n|turn|78\n|\n|t:|1733865132\n|-curestatus|p2a: Suicune|slp|[msg]\n|move|p2a: Suicune|Rest|p2a: Suicune\n|-fail|p2a: Suicune|heal\n|move|p1a: Suicune|Scald|p2a: Suicune\n|-resisted|p2a: Suicune\n|-damage|p2a: Suicune|265/298\n|\n|-heal|p2a: Suicune|283/298|[from] item: Leftovers\n|upkeep\n|turn|79\n|\n|t:|1733865139\n|move|p2a: Suicune|Rest|p2a: Suicune\n|-status|p2a: Suicune|slp|[from] move: Rest\n|-heal|p2a: Suicune|298/298 slp|[silent]\n|move|p1a: Suicune|Sleep Talk||[still]\n|-fail|p1a: Suicune\n|\n|upkeep\n|turn|80\n|\n|t:|1733865142\n|cant|p2a: Suicune|slp\n|move|p1a: Suicune|Rest|p1a: Suicune\n|-fail|p1a: Suicune|heal\n|\n|upkeep\n|turn|81\n|\n|t:|1733865150\n|cant|p2a: Suicune|slp\n|move|p1a: Suicune|Rest|p1a: Suicune\n|-fail|p1a: Suicune|heal\n|\n|upkeep\n|turn|82\n|\n|t:|1733865157\n|-curestatus|p2a: Suicune|slp|[msg]\n|move|p2a: Suicune|Rest|p2a: Suicune\n|-fail|p2a: Suicune|heal\n|move|p1a: Suicune|Rest|p1a: Suicune\n|-fail|p1a: Suicune|heal\n|\n|upkeep\n|turn|83\n|\n|t:|1733865167\n|move|p1a: Suicune|Rest|p1a: Suicune\n|-fail|p1a: Suicune|heal\n|move|p2a: Suicune|Rest|p2a: Suicune\n|-fail|p2a: Suicune|heal\n|\n|upkeep\n|turn|84\n|\n|t:|1733865177\n|move|p2a: Suicune|Sleep Talk||[still]\n|-fail|p2a: Suicune\n|move|p1a: Suicune|Scald|p2a: Suicune\n|-resisted|p2a: Suicune\n|-damage|p2a: Suicune|268/298\n|\n|-heal|p2a: Suicune|286/298|[from] item: Leftovers\n|upkeep\n|turn|85\n|\n|t:|1733865187\n|move|p2a: Suicune|Rest|p2a: Suicune\n|-status|p2a: Suicune|slp|[from] move: Rest\n|-heal|p2a: Suicune|298/298 slp|[silent]\n|move|p1a: Suicune|Scald|p2a: Suicune\n|-resisted|p2a: Suicune\n|-damage|p2a: Suicune|268/298 slp\n|\n|-heal|p2a: Suicune|286/298 slp|[from] item: Leftovers\n|upkeep\n|turn|86\n|\n|t:|1733865204\n|move|p1a: Suicune|Scald|p2a: Suicune\n|-resisted|p2a: Suicune\n|-damage|p2a: Suicune|255/298 slp\n|cant|p2a: Suicune|slp\n|\n|-heal|p2a: Suicune|273/298 slp|[from] item: Leftovers\n|upkeep\n|turn|87\n|\n|t:|1733865209\n|cant|p2a: Suicune|slp\n|move|p1a: Suicune|Sleep Talk||[still]\n|-fail|p1a: Suicune\n|\n|-heal|p2a: Suicune|291/298 slp|[from] item: Leftovers\n|upkeep\n|turn|88\n|\n|t:|1733865217\n|move|p1a: Suicune|Sleep Talk||[still]\n|-fail|p1a: Suicune\n|-curestatus|p2a: Suicune|slp|[msg]\n|move|p2a: Suicune|Rest|p2a: Suicune\n|-status|p2a: Suicune|slp|[from] move: Rest\n|-heal|p2a: Suicune|298/298 slp|[silent]\n|\n|upkeep\n|turn|89\n|\n|t:|1733865221\n|cant|p2a: Suicune|slp\n|move|p2a: Suicune|Sleep Talk|p2a: Suicune\n|move|p2a: Suicune|Calm Mind|p2a: Suicune|[from]move: Sleep Talk\n|-boost|p2a: Suicune|spa|0\n|-boost|p2a: Suicune|spd|0\n|move|p1a: Suicune|Rest|p1a: Suicune\n|-fail|p1a: Suicune|heal\n|\n|upkeep\n|turn|90\n|\n|t:|1733865230\n|cant|p2a: Suicune|slp\n|move|p2a: Suicune|Sleep Talk|p2a: Suicune\n|move|p2a: Suicune|Rest||[from]move: Sleep Talk|[still]\n|-fail|p2a: Suicune\n|move|p1a: Suicune|Rest|p1a: Suicune\n|-fail|p1a: Suicune|heal\n|\n|upkeep\n|turn|91\n|\n|t:|1733865237\n|-activate|p1a: Suicune|move: Struggle\n|move|p1a: Suicune|Struggle|p2a: Suicune\n|-damage|p2a: Suicune|281/298 slp\n|-damage|p1a: Suicune|223/298|[from] recoil\n|-curestatus|p2a: Suicune|slp|[msg]\n|move|p2a: Suicune|Scald|p1a: Suicune\n|-resisted|p1a: Suicune\n|-damage|p1a: Suicune|190/298\n|-status|p1a: Suicune|brn\n|\n|-heal|p1a: Suicune|208/298 brn|[from] item: Leftovers\n|-heal|p2a: Suicune|298/298|[from] item: Leftovers\n|-damage|p1a: Suicune|190/298 brn|[from] brn\n|upkeep\n|turn|92\n|\n|t:|1733865243\n|move|p2a: Suicune|Scald|p1a: Suicune\n|-resisted|p1a: Suicune\n|-damage|p1a: Suicune|161/298 brn\n|-activate|p1a: Suicune|move: Struggle\n|move|p1a: Suicune|Struggle|p2a: Suicune\n|-damage|p2a: Suicune|289/298\n|-damage|p1a: Suicune|86/298 brn|[from] recoil\n|\n|-heal|p1a: Suicune|104/298 brn|[from] item: Leftovers\n|-heal|p2a: Suicune|298/298|[from] item: Leftovers\n|-damage|p1a: Suicune|86/298 brn|[from] brn\n|upkeep\n|turn|93\n|\n|t:|1733865251\n|-activate|p1a: Suicune|move: Struggle\n|move|p1a: Suicune|Struggle|p2a: Suicune\n|-damage|p2a: Suicune|289/298\n|-damage|p1a: Suicune|11/298 brn|[from] recoil\n|move|p2a: Suicune|Scald|p1a: Suicune\n|-resisted|p1a: Suicune\n|-damage|p1a: Suicune|0 fnt\n|faint|p1a: Suicune\n|\n|-heal|p2a: Suicune|298/298|[from] item: Leftovers\n|upkeep\n|\n|t:|1733865258\n|switch|p1a: Wo-Chien|Wo-Chien, L83|277/277\n|-ability|p1a: Wo-Chien|Tablets of Ruin\n|turn|94\n|\n|t:|1733865262\n|move|p2a: Suicune|Scald|p1a: Wo-Chien\n|-resisted|p1a: Wo-Chien\n|-damage|p1a: Wo-Chien|159/277\n|move|p1a: Wo-Chien|Leech Seed|p2a: Suicune\n|-start|p2a: Suicune|move: Leech Seed\n|\n|-heal|p1a: Wo-Chien|176/277|[from] item: Leftovers\n|-damage|p2a: Suicune|261/298|[from] Leech Seed|[of] p1a: Wo-Chien\n|-heal|p1a: Wo-Chien|213/277|[silent]\n|upkeep\n|turn|95\n|\n|t:|1733865271\n|move|p1a: Wo-Chien|Protect|p1a: Wo-Chien\n|-singleturn|p1a: Wo-Chien|Protect\n|move|p2a: Suicune|Scald|p1a: Wo-Chien\n|-activate|p1a: Wo-Chien|move: Protect\n|\n|-heal|p2a: Suicune|279/298|[from] item: Leftovers\n|-heal|p1a: Wo-Chien|230/277|[from] item: Leftovers\n|-damage|p2a: Suicune|242/298|[from] Leech Seed|[of] p1a: Wo-Chien\n|-heal|p1a: Wo-Chien|267/277|[silent]\n|upkeep\n|turn|96\n|\n|t:|1733865284\n|move|p2a: Suicune|Scald|p1a: Wo-Chien\n|-resisted|p1a: Wo-Chien\n|-damage|p1a: Wo-Chien|159/277\n|-status|p1a: Wo-Chien|brn\n|move|p1a: Wo-Chien|Knock Off|p2a: Suicune\n|-damage|p2a: Suicune|206/298\n|-enditem|p2a: Suicune|Leftovers|[from] move: Knock Off|[of] p1a: Wo-Chien\n|\n|-heal|p1a: Wo-Chien|176/277 brn|[from] item: Leftovers\n|-damage|p2a: Suicune|169/298|[from] Leech Seed|[of] p1a: Wo-Chien\n|-heal|p1a: Wo-Chien|213/277 brn|[silent]\n|-damage|p1a: Wo-Chien|196/277 brn|[from] brn\n|upkeep\n|turn|97\n|\n|t:|1733865292\n|move|p1a: Wo-Chien|Protect|p1a: Wo-Chien\n|-singleturn|p1a: Wo-Chien|Protect\n|move|p2a: Suicune|Scald|p1a: Wo-Chien\n|-activate|p1a: Wo-Chien|move: Protect\n|\n|-heal|p1a: Wo-Chien|213/277 brn|[from] item: Leftovers\n|-damage|p2a: Suicune|132/298|[from] Leech Seed|[of] p1a: Wo-Chien\n|-heal|p1a: Wo-Chien|250/277 brn|[silent]\n|-damage|p1a: Wo-Chien|233/277 brn|[from] brn\n|upkeep\n|turn|98\n|\n|t:|1733865303\n|move|p2a: Suicune|Scald|p1a: Wo-Chien\n|-resisted|p1a: Wo-Chien\n|-damage|p1a: Wo-Chien|122/277 brn\n|move|p1a: Wo-Chien|Giga Drain|p2a: Suicune\n|-supereffective|p2a: Suicune\n|-damage|p2a: Suicune|100/298\n|-heal|p1a: Wo-Chien|138/277 brn|[from] drain|[of] p2a: Suicune\n|\n|-heal|p1a: Wo-Chien|155/277 brn|[from] item: Leftovers\n|-damage|p2a: Suicune|63/298|[from] Leech Seed|[of] p1a: Wo-Chien\n|-heal|p1a: Wo-Chien|192/277 brn|[silent]\n|-damage|p1a: Wo-Chien|175/277 brn|[from] brn\n|upkeep\n|turn|99\n|c|\u26066 thanoses|did u have fun bro\n|\n|t:|1733865319\n|move|p1a: Wo-Chien|Protect|p1a: Wo-Chien\n|-singleturn|p1a: Wo-Chien|Protect\n|move|p2a: Suicune|Scald|p1a: Wo-Chien\n|-activate|p1a: Wo-Chien|move: Protect\n|\n|-heal|p1a: Wo-Chien|192/277 brn|[from] item: Leftovers\n|-damage|p2a: Suicune|26/298|[from] Leech Seed|[of] p1a: Wo-Chien\n|-heal|p1a: Wo-Chien|229/277 brn|[silent]\n|-damage|p1a: Wo-Chien|212/277 brn|[from] brn\n|upkeep\n|turn|100\n|inactive|6 thanoses has 120 seconds left.\n|c|\u26066 thanoses|\"i can still win\"- u rn\n|\n|t:|1733865340\n|move|p2a: Suicune|Scald|p1a: Wo-Chien\n|-resisted|p1a: Wo-Chien\n|-damage|p1a: Wo-Chien|103/277 brn\n|move|p1a: Wo-Chien|Giga Drain|p2a: Suicune\n|-supereffective|p2a: Suicune\n|-damage|p2a: Suicune|0 fnt\n|-heal|p1a: Wo-Chien|116/277 brn|[from] drain|[of] p2a: Suicune\n|faint|p2a: Suicune\n|\n|win|6 thanoses\n|raw|6 thanoses's rating: 1526 &rarr; <strong>1545</strong><br />(+19 for winning)\n|raw|sugondesereloaded's rating: 1516 &rarr; <strong>1497</strong><br />(-19 for losing)\n|c|\u26066 thanoses|wasting my time\n|c|\u26066 thanoses|u are terrible\n", "inputlog": ">version bfd83cad13791eb5a5a409923076391caf6fb4d4\n>start {\"formatid\":\"gen9randombattle\",\"seed\":[62459,43306,52043,27844],\"rated\":\"Rated battle\"}\n>player p1 {\"name\":\"6 thanoses\",\"avatar\":\"volkner\",\"rating\":1526,\"seed\":[9177,9745,1630,27736]}\n>player p2 {\"name\":\"sugondesereloaded\",\"avatar\":\"hiker-gen4\",\"rating\":1516,\"seed\":[42739,41201,9421,19174]}\n>p1 switch 2\n>p2 move calmmind\n>p1 move leafblade\n>p2 switch 3\n>p1 move leafblade\n>p2 move thunderbolt\n>p2 switch 2\n>p1 switch 6\n>p2 move thunderwave\n>p1 move agility\n>p2 move dazzlinggleam\n>p1 move thunderbolt\n>p2 move wish\n>p1 move thunderbolt\n>p2 move protect\n>p1 move thunderbolt\n>p2 move dazzlinggleam\n>p1 move thunderbolt\n>p2 move wish\n>p1 move thunderbolt\n>p2 move protect\n>p1 move thunderbolt\n>p2 move wish\n>p1 switch 6\n>p1 move leafblade\n>p2 move thunderwave\n>p2 switch 4\n>p1 switch 4\n>p2 move willowisp\n>p1 move scald\n>p2 switch 5\n>p1 switch 2\n>p2 move discharge\n>p1 move stoneedge\n>p2 move gigadrain\n>p1 switch 3\n>chat \u2606sugondesereloaded|Slurp\n>p1 move swordsdance\n>p2 move discharge\n>p1 move closecombat terastallize\n>p2 move discharge\n>p2 switch 6\n>p1 move closecombat\n>p2 move fireblast terastallize\n>p1 switch 4\n>p2 switch 5\n>p1 move leafblade\n>p2 move heatcrash\n>p1 switch 5\n>p1 move protect\n>p2 move heatcrash\n>p1 switch 2\n>p2 move heatcrash\n>p1 move scald\n>p2 switch 3\n>p1 move calmmind\n>p2 switch 3\n>p1 move scald\n>p2 move precipiceblades\n>p2 switch 3\n>p1 move calmmind\n>p2 move calmmind\n>p1 move calmmind\n>p2 move calmmind\n>p1 move calmmind\n>p2 move calmmind\n>p1 move calmmind\n>p2 move calmmind\n>p1 move calmmind\n>p2 move calmmind\n>p1 move scald\n>p2 move calmmind\n>p1 move rest\n>p2 move scald\n>p1 move sleeptalk\n>p2 move scald\n>p1 move sleeptalk\n>p2 move scald\n>p1 move scald\n>p2 move scald\n>p1 move scald\n>p2 move sleeptalk\n>p1 move calmmind\n>p2 move sleeptalk\n>p1 move calmmind\n>p2 move calmmind\n>p1 move calmmind\n>p2 move calmmind\n>p1 move calmmind\n>p2 move calmmind\n>p1 move calmmind\n>p2 move calmmind\n>p1 move calmmind\n>p2 move calmmind\n>p1 move calmmind\n>p2 move calmmind\n>p1 move calmmind\n>p2 move calmmind\n>p1 move calmmind\n>p2 move calmmind\n>p1 move calmmind\n>p2 move calmmind\n>p1 move calmmind\n>p2 move calmmind\n>p1 move calmmind\n>p2 move calmmind\n>p1 move calmmind\n>p2 move calmmind\n>p1 move calmmind\n>p2 move calmmind\n>p1 move calmmind\n>p2 move calmmind\n>p1 move calmmind\n>p2 move calmmind\n>p1 move calmmind\n>p2 move calmmind\n>p1 move calmmind\n>p2 move calmmind\n>p1 move calmmind\n>p2 move calmmind\n>p1 move calmmind\n>p2 move calmmind\n>p1 move calmmind\n>p2 move calmmind\n>p1 move calmmind\n>p2 move calmmind\n>p1 move calmmind\n>p2 move calmmind\n>p1 move calmmind\n>p2 move calmmind\n>p1 move calmmind\n>p2 move calmmind\n>p1 move calmmind\n>p2 move calmmind\n>p1 move scald\n>p2 move sleeptalk\n>p1 move sleeptalk\n>p2 move sleeptalk\n>p1 move sleeptalk\n>p2 move sleeptalk\n>p1 move sleeptalk\n>p2 move rest\n>p1 move rest\n>p2 move rest\n>p1 move sleeptalk\n>p2 move sleeptalk\n>p1 move sleeptalk\n>p2 move sleeptalk\n>p1 move scald\n>p2 move sleeptalk\n>p1 move scald\n>p2 move sleeptalk\n>p1 move sleeptalk\n>p2 move sleeptalk\n>p1 move sleeptalk\n>p2 move sleeptalk\n>p1 move sleeptalk\n>p2 move sleeptalk\n>p1 move sleeptalk\n>p2 move rest\n>p1 move sleeptalk\n>p2 move sleeptalk\n>p1 move sleeptalk\n>p2 move rest\n>p1 move scald\n>p2 move rest\n>p1 move sleeptalk\n>p2 move rest\n>p1 move rest\n>p2 move rest\n>p1 move rest\n>p2 move rest\n>p1 move rest\n>p2 move rest\n>p1 move rest\n>p2 move rest\n>p1 move scald\n>p2 move sleeptalk\n>p1 move scald\n>p2 move rest\n>p1 move scald\n>p2 move rest\n>p1 move sleeptalk\n>p2 move rest\n>p1 move sleeptalk\n>p2 move rest\n>p1 move rest\n>p2 move sleeptalk\n>p1 move rest\n>p2 move sleeptalk\n>p1 move struggle\n>p2 move scald\n>p1 move struggle\n>p2 move scald\n>p1 move struggle\n>p2 move scald\n>p1 switch 2\n>p1 move leechseed\n>p2 move scald\n>p1 move protect\n>p2 move scald\n>p1 move knockoff\n>p2 move scald\n>p1 move protect\n>p2 move scald\n>p1 move gigadrain\n>p2 move scald\n>chat \u26066 thanoses|did u have fun bro\n>p1 move protect\n>p2 move scald\n>chat \u26066 thanoses|\"i can still win\"- u rn\n>p1 move gigadrain\n>p2 move scald", "uploadtime": 1733865383, "views": 2, "formatid": "gen9randombattle", "rating": 1497, "private": 0, "password": null}