{"id": "gen9randombattle-2260346134", "format": "[Gen 9] Random Battle", "players": ["Chaitanya15", "cieran1789"], "log": "|j|\u2606Chaitanya15\n|j|\u2606cieran1789\n|t:|1733842398\n|gametype|singles\n|player|p1|Chaitanya15|1|1444\n|player|p2|cieran1789|169|1434\n|teamsize|p1|6\n|teamsize|p2|6\n|gen|9\n|tier|[Gen 9] Random Battle\n|rated|\n|rule|Species Clause: Limit one of each Pok\u00e9mon\n|rule|HP Percentage Mod: HP is shown in percentages\n|rule|Sleep Clause Mod: Limit one foe put to sleep\n|rule|Illusion Level Mod: Illusion disguises the Pok\u00e9mon's true level\n|\n|t:|1733842398\n|start\n|switch|p1a: Pelipper|Pelipper, L86, F|243/243\n|switch|p2a: Venomoth|Venomoth, L84, F|255/255\n|-weather|RainDance|[from] ability: Drizzle|[of] p1a: Pelipper\n|turn|1\n|inactive|Battle timer is ON: inactive players will automatically lose when time's up. (requested by Chaitanya15)\n|\n|t:|1733842416\n|switch|p2a: Raging Bolt|Raging Bolt, L78|323/323\n|move|p1a: Pelipper|Hurricane|p2a: Raging Bolt\n|-resisted|p2a: Raging Bolt\n|-damage|p2a: Raging Bolt|264/323\n|\n|-weather|RainDance|[upkeep]\n|-heal|p2a: Raging Bolt|284/323|[from] item: Leftovers\n|upkeep\n|turn|2\n|\n|t:|1733842432\n|switch|p1a: Pachirisu|Pachirisu, L96, M|271/271\n|move|p2a: Raging Bolt|Calm Mind|p2a: Raging Bolt\n|-boost|p2a: Raging Bolt|spa|1\n|-boost|p2a: Raging Bolt|spd|1\n|\n|-weather|RainDance|[upkeep]\n|-heal|p2a: Raging Bolt|304/323|[from] item: Leftovers\n|upkeep\n|turn|3\n|\n|t:|1733842445\n|move|p1a: Pachirisu|Encore|p2a: Raging Bolt\n|-start|p2a: Raging Bolt|Encore\n|move|p2a: Raging Bolt|Calm Mind|p2a: Raging Bolt\n|-boost|p2a: Raging Bolt|spa|1\n|-boost|p2a: Raging Bolt|spd|1\n|\n|-weather|RainDance|[upkeep]\n|-heal|p2a: Raging Bolt|323/323|[from] item: Leftovers\n|upkeep\n|turn|4\n|\n|t:|1733842457\n|-end|p2a: Raging Bolt|Protosynthesis|[silent]\n|switch|p2a: Arceus|Arceus-Electric, L70|284/284\n|move|p1a: Pachirisu|Super Fang|p2a: Arceus\n|-damage|p2a: Arceus|142/284\n|\n|-weather|RainDance|[upkeep]\n|upkeep\n|turn|5\n|\n|t:|1733842469\n|move|p1a: Pachirisu|Super Fang|p2a: Arceus\n|-damage|p2a: Arceus|71/284\n|move|p2a: Arceus|Recover|p2a: Arceus\n|-heal|p2a: Arceus|213/284\n|\n|-weather|none\n|upkeep\n|turn|6\n|\n|t:|1733842481\n|switch|p2a: Venomoth|Venomoth, L84, F|255/255\n|move|p1a: Pachirisu|Encore||[still]\n|-fail|p1a: Pachirisu\n|\n|upkeep\n|turn|7\n|\n|t:|1733842487\n|move|p1a: Pachirisu|Discharge|p2a: Venomoth\n|-damage|p2a: Venomoth|179/255\n|move|p2a: Venomoth|Sleep Powder|p1a: Pachirisu|[miss]\n|-miss|p2a: Venomoth|p1a: Pachirisu\n|\n|upkeep\n|turn|8\n|\n|t:|1733842495\n|move|p1a: Pachirisu|Discharge|p2a: Venomoth\n|-damage|p2a: Venomoth|103/255\n|-status|p2a: Venomoth|par\n|move|p2a: Venomoth|Sleep Powder|p1a: Pachirisu\n|-status|p1a: Pachirisu|slp|[from] move: Sleep Powder\n|\n|upkeep\n|turn|9\n|\n|t:|1733842506\n|cant|p1a: Pachirisu|slp\n|move|p2a: Venomoth|Quiver Dance|p2a: Venomoth\n|-boost|p2a: Venomoth|spa|1\n|-boost|p2a: Venomoth|spd|1\n|-boost|p2a: Venomoth|spe|1\n|\n|upkeep\n|turn|10\n|\n|t:|1733842513\n|cant|p1a: Pachirisu|slp\n|move|p2a: Venomoth|Quiver Dance|p2a: Venomoth\n|-boost|p2a: Venomoth|spa|1\n|-boost|p2a: Venomoth|spd|1\n|-boost|p2a: Venomoth|spe|1\n|\n|upkeep\n|turn|11\n|\n|t:|1733842521\n|cant|p1a: Pachirisu|slp\n|cant|p2a: Venomoth|par\n|\n|upkeep\n|turn|12\n|\n|t:|1733842528\n|-curestatus|p1a: Pachirisu|slp|[msg]\n|move|p1a: Pachirisu|Super Fang|p2a: Venomoth\n|-damage|p2a: Venomoth|52/255 par\n|cant|p2a: Venomoth|par\n|\n|upkeep\n|turn|13\n|\n|t:|1733842548\n|move|p1a: Pachirisu|U-turn|p2a: Venomoth\n|-resisted|p2a: Venomoth\n|-damage|p2a: Venomoth|26/255 par\n|\n|t:|1733842557\n|switch|p1a: Skuntank|Skuntank, L84, F|310/310|[from] U-turn\n|cant|p2a: Venomoth|par\n|\n|upkeep\n|turn|14\n|\n|t:|1733842568\n|cant|p2a: Venomoth|par\n|move|p1a: Skuntank|Taunt|p2a: Venomoth\n|-start|p2a: Venomoth|move: Taunt\n|\n|upkeep\n|turn|15\n|\n|t:|1733842582\n|switch|p2a: Floatzel|Floatzel, L85, F|283/283\n|move|p1a: Skuntank|Knock Off|p2a: Floatzel\n|-damage|p2a: Floatzel|154/283\n|-enditem|p2a: Floatzel|Leftovers|[from] move: Knock Off|[of] p1a: Skuntank\n|\n|upkeep\n|turn|16\n|\n|t:|1733842590\n|move|p2a: Floatzel|Bulk Up|p2a: Floatzel\n|-boost|p2a: Floatzel|atk|1\n|-boost|p2a: Floatzel|def|1\n|move|p1a: Skuntank|Gunk Shot|p2a: Floatzel\n|-damage|p2a: Floatzel|49/283\n|-status|p2a: Floatzel|psn\n|\n|-damage|p2a: Floatzel|14/283 psn|[from] psn\n|upkeep\n|turn|17\n|\n|t:|1733842606\n|switch|p1a: Suicune|Suicune, L82|298/298\n|-ability|p1a: Suicune|Pressure\n|move|p2a: Floatzel|Wave Crash|p1a: Suicune\n|-resisted|p1a: Suicune\n|-damage|p1a: Suicune|210/298\n|-damage|p2a: Floatzel|0 fnt|[from] Recoil\n|faint|p2a: Floatzel\n|\n|-heal|p1a: Suicune|228/298|[from] item: Leftovers\n|upkeep\n|\n|t:|1733842620\n|switch|p2a: Rillaboom|Rillaboom, L79, M|288/288\n|-fieldstart|move: Grassy Terrain|[from] ability: Grassy Surge|[of] p2a: Rillaboom\n|turn|18\n|\n|t:|1733842630\n|move|p1a: Suicune|Ice Beam|p2a: Rillaboom\n|-supereffective|p2a: Rillaboom\n|-damage|p2a: Rillaboom|144/288\n|move|p2a: Rillaboom|High Horsepower|p1a: Suicune\n|-damage|p1a: Suicune|130/298\n|\n|-heal|p1a: Suicune|148/298|[from] Grassy Terrain\n|-heal|p1a: Suicune|166/298|[from] item: Leftovers\n|-heal|p2a: Rillaboom|162/288|[from] Grassy Terrain\n|upkeep\n|turn|19\n|-message|cieran1789 forfeited.\n|\n|win|Chaitanya15\n|raw|Chaitanya15's rating: 1444 &rarr; <strong>1463</strong><br />(+19 for winning)\n|raw|cieran1789's rating: 1434 &rarr; <strong>1415</strong><br />(-19 for losing)\n|l|\u2606cieran1789\n|player|p2|\n", "inputlog": ">version bfd83cad13791eb5a5a409923076391caf6fb4d4\n>start {\"formatid\":\"gen9randombattle\",\"seed\":[28213,9969,39486,52808],\"rated\":\"Rated battle\"}\n>player p1 {\"name\":\"Chaitanya15\",\"avatar\":\"1\",\"rating\":1444,\"seed\":[47184,27347,26353,13110]}\n>player p2 {\"name\":\"cieran1789\",\"avatar\":\"169\",\"rating\":1434,\"seed\":[32945,43366,46387,57643]}\n>p1 move hurricane\n>p2 switch 5\n>p1 switch 2\n>p2 move calmmind\n>p1 move encore\n>p2 move calmmind\n>p1 move superfang\n>p2 switch 4\n>p1 move superfang\n>p2 move recover\n>p1 move encore\n>p2 switch 5\n>p1 move discharge\n>p2 move sleeppowder\n>p1 move discharge\n>p2 move sleeppowder\n>p1 move superfang\n>p2 move quiverdance\n>p1 move superfang\n>p2 move quiverdance\n>p1 move superfang\n>p2 move sludgewave\n>p1 move superfang\n>p2 move sludgewave\n>p1 move uturn\n>p2 move sludgewave\n>p1 switch 3\n>p1 move taunt\n>p2 move sleeppowder\n>p1 move knockoff\n>p2 switch 6\n>p1 move gunkshot\n>p2 move bulkup\n>p1 switch 4\n>p2 move wavecrash\n>p2 switch 3\n>p1 move icebeam\n>p2 move highhorsepower\n>forcelose p2", "uploadtime": 1733842644, "views": 2, "formatid": "gen9randombattle", "rating": 1415, "private": 0, "password": null}