{"id": "gen9randombattle-2260735484", "format": "[Gen 9] Random Battle", "players": ["Icanwalkthatfar", "Jaymula37"], "log": "|j|\u2606Icanwalkthatfar\n|j|\u2606Jaymula37\n|t:|1733884695\n|gametype|singles\n|player|p1|Icanwalkthatfar|169|1451\n|player|p2|Jaymula37|2|1418\n|teamsize|p1|6\n|teamsize|p2|6\n|gen|9\n|tier|[Gen 9] Random Battle\n|rated|\n|rule|Species Clause: Limit one of each Pok\u00e9mon\n|rule|HP Percentage Mod: HP is shown in percentages\n|rule|Sleep Clause Mod: Limit one foe put to sleep\n|rule|Illusion Level Mod: Illusion disguises the Pok\u00e9mon's true level\n|\n|t:|1733884695\n|start\n|switch|p1a: Dragonite|Dragonite, L74, M|257/257\n|switch|p2a: Regice|Regice, L88|284/284\n|turn|1\n|\n|t:|1733884702\n|switch|p1a: Typhlosion|Typhlosion, L84, F|267/267\n|move|p2a: Regice|Ice Beam|p1a: Typhlosion\n|-resisted|p1a: Typhlosion\n|-damage|p1a: Typhlosion|210/267\n|\n|upkeep\n|turn|2\n|\n|t:|1733884721\n|move|p1a: Typhlosion|Fire Blast|p2a: Regice\n|-supereffective|p2a: Regice\n|-crit|p2a: Regice\n|-damage|p2a: Regice|90/284\n|move|p2a: Regice|Thunder Wave|p1a: Typhlosion\n|-status|p1a: Typhlosion|par\n|\n|upkeep\n|turn|3\n|inactive|Battle timer is ON: inactive players will automatically lose when time's up. (requested by Icanwalkthatfar)\n|\n|t:|1733884744\n|switch|p2a: Annihilape|Annihilape, L76, F|292/292\n|move|p1a: Typhlosion|Fire Blast|p2a: Annihilape\n|-damage|p2a: Annihilape|165/292\n|\n|-heal|p2a: Annihilape|183/292|[from] item: Leftovers\n|upkeep\n|turn|4\n|\n|t:|1733884754\n|move|p2a: Annihilape|Rage Fist|p1a: Typhlosion\n|-damage|p1a: Typhlosion|98/267 par\n|move|p1a: Typhlosion|Fire Blast|p2a: Annihilape\n|-damage|p2a: Annihilape|47/292\n|\n|-heal|p2a: Annihilape|65/292|[from] item: Leftovers\n|upkeep\n|turn|5\n|\n|t:|1733884763\n|move|p2a: Annihilape|Drain Punch|p1a: Typhlosion\n|-damage|p1a: Typhlosion|20/267 par\n|-heal|p2a: Annihilape|104/292|[from] drain|[of] p1a: Typhlosion\n|move|p1a: Typhlosion|Fire Blast|p2a: Annihilape|[miss]\n|-miss|p1a: Typhlosion|p2a: Annihilape\n|\n|-heal|p2a: Annihilape|122/292|[from] item: Leftovers\n|upkeep\n|turn|6\n|\n|t:|1733884772\n|move|p2a: Annihilape|Rage Fist|p1a: Typhlosion\n|-damage|p1a: Typhlosion|0 fnt\n|faint|p1a: Typhlosion\n|\n|-heal|p2a: Annihilape|140/292|[from] item: Leftovers\n|upkeep\n|\n|t:|1733884782\n|switch|p1a: Gengar|Gengar, L81, F|230/230\n|turn|7\n|\n|t:|1733884795\n|switch|p2a: Staraptor|Staraptor, L79, F|263/263\n|move|p1a: Gengar|Shadow Ball|p2a: Staraptor\n|-immune|p2a: Staraptor\n|\n|upkeep\n|turn|8\n|\n|t:|1733884803\n|switch|p1a: Mightyena|Mightyena, L95, M|287/287\n|-ability|p1a: Mightyena|Intimidate|boost\n|-unboost|p2a: Staraptor|atk|1\n|move|p2a: Staraptor|U-turn|p1a: Mightyena\n|-supereffective|p1a: Mightyena\n|-damage|p1a: Mightyena|179/287\n|\n|t:|1733884818\n|switch|p2a: Smeargle|Smeargle, L95, M|258/258|[from] U-turn\n|\n|upkeep\n|turn|9\n|\n|t:|1733884823\n|move|p2a: Smeargle|Spore|p1a: Mightyena\n|-status|p1a: Mightyena|slp|[from] move: Spore\n|cant|p1a: Mightyena|slp\n|\n|upkeep\n|turn|10\n|\n|t:|1733884830\n|switch|p1a: Dragonite|Dragonite, L74, M|257/257\n|move|p2a: Smeargle|Shell Smash|p2a: Smeargle\n|-unboost|p2a: Smeargle|def|1\n|-unboost|p2a: Smeargle|spd|1\n|-boost|p2a: Smeargle|atk|2\n|-boost|p2a: Smeargle|spa|2\n|-boost|p2a: Smeargle|spe|2\n|\n|upkeep\n|turn|11\n|\n|t:|1733884843\n|move|p2a: Smeargle|Population Bomb|p1a: Dragonite\n|-damage|p1a: Dragonite|241/257\n|-damage|p1a: Dragonite|207/257\n|-damage|p1a: Dragonite|170/257\n|-damage|p1a: Dragonite|133/257\n|-damage|p1a: Dragonite|94/257\n|-damage|p1a: Dragonite|58/257\n|-damage|p1a: Dragonite|21/257\n|-crit|p1a: Dragonite\n|-damage|p1a: Dragonite|0 fnt\n|faint|p1a: Dragonite\n|-hitcount|p1: Dragonite|8\n|\n|upkeep\n|\n|t:|1733884857\n|switch|p1a: Gengar|Gengar, L81, F|230/230\n|turn|12\n|\n|t:|1733884863\n|move|p2a: Smeargle|Power Trip|p1a: Gengar\n|-supereffective|p1a: Gengar\n|-damage|p1a: Gengar|0 fnt\n|faint|p1a: Gengar\n|\n|upkeep\n|\n|t:|1733884869\n|switch|p1a: Mightyena|Mightyena, L95, M|179/287 slp\n|-ability|p1a: Mightyena|Intimidate|boost\n|-unboost|p2a: Smeargle|atk|1\n|turn|13\n|\n|t:|1733884876\n|move|p2a: Smeargle|Population Bomb|p1a: Mightyena\n|-damage|p1a: Mightyena|152/287 slp\n|-damage|p1a: Mightyena|125/287 slp\n|-damage|p1a: Mightyena|98/287 slp\n|-damage|p1a: Mightyena|74/287 slp\n|-damage|p1a: Mightyena|47/287 slp\n|-damage|p1a: Mightyena|23/287 slp\n|-damage|p1a: Mightyena|0 fnt\n|faint|p1a: Mightyena\n|-hitcount|p1: Mightyena|7\n|\n|upkeep\n|\n|t:|1733884879\n|switch|p1a: Zangoose|Zangoose, L85, F|263/263\n|turn|14\n|\n|t:|1733884899\n|move|p2a: Smeargle|Population Bomb|p1a: Zangoose\n|-damage|p1a: Zangoose|233/263\n|-damage|p1a: Zangoose|200/263\n|-damage|p1a: Zangoose|172/263\n|-damage|p1a: Zangoose|139/263\n|-damage|p1a: Zangoose|106/263\n|-crit|p1a: Zangoose\n|-damage|p1a: Zangoose|57/263\n|-damage|p1a: Zangoose|27/263\n|-crit|p1a: Zangoose\n|-damage|p1a: Zangoose|0 fnt\n|faint|p1a: Zangoose\n|-hitcount|p1: Zangoose|8\n|\n|upkeep\n|-message|Icanwalkthatfar forfeited.\n|\n|win|Jaymula37\n|raw|Icanwalkthatfar's rating: 1451 &rarr; <strong>1429</strong><br />(-22 for losing)\n|raw|Jaymula37's rating: 1418 &rarr; <strong>1440</strong><br />(+22 for winning)\n|l|\u2606Icanwalkthatfar\n|player|p1|\n", "inputlog": ">version bfd83cad13791eb5a5a409923076391caf6fb4d4\n>start {\"formatid\":\"gen9randombattle\",\"seed\":[63683,20297,31540,20663],\"rated\":\"Rated battle\"}\n>player p1 {\"name\":\"Icanwalkthatfar\",\"avatar\":\"169\",\"rating\":1451,\"seed\":[51338,27855,18720,30422]}\n>player p2 {\"name\":\"Jaymula37\",\"avatar\":\"2\",\"rating\":1418,\"seed\":[31369,8068,11037,7518]}\n>p1 switch 3\n>p2 move icebeam\n>p1 move fireblast\n>p2 move thunderwave\n>p1 move fireblast\n>p2 switch 6\n>p1 move fireblast\n>p2 move ragefist\n>p1 move fireblast\n>p2 move drainpunch\n>p1 move fireblast\n>p2 move ragefist\n>p1 switch 6\n>p1 move shadowball\n>p2 switch 5\n>p1 switch 5\n>p2 move uturn\n>p2 switch 4\n>p1 move throatchop\n>p2 move spore\n>p1 switch 3\n>p2 move shellsmash\n>p1 move dragondance\n>p2 move populationbomb\n>p1 switch 5\n>p1 move sludgewave\n>p2 move powertrip\n>p1 switch 3\n>p1 move throatchop\n>p2 move populationbomb\n>p1 switch 2\n>p1 move closecombat\n>p2 move populationbomb\n>forcelose p1", "uploadtime": 1733884924, "views": 13, "formatid": "gen9randombattle", "rating": 1429, "private": 0, "password": null}