{"id": "gen9randombattle-2174917383", "format": "[Gen 9] Random Battle", "players": ["Qiuescent", "Delta 2777"], "log": "|badge|p2|silver|gen9randombattle|30-2\n|uhtml|medal-msg|<div class=\"broadcast-blue\">Curious what those medals under the avatar are? PS now has Ladder Seasons! For more information, check out the <a href=\"https://www.smogon.com/forums/threads/3740067/\">thread on Smogon.</a></div>\n|j|\u203dQiuescent\n|j|\u2606Delta 2777\n|t:|1722983145\n|gametype|singles\n|player|p1|Qiuescent|1|2170\n|player|p2|Delta 2777|265|2419\n|teamsize|p1|6\n|teamsize|p2|6\n|gen|9\n|tier|[Gen 9] Random Battle\n|rated|\n|rule|Species Clause: Limit one of each Pok\u00e9mon\n|rule|HP Percentage Mod: HP is shown in percentages\n|rule|Sleep Clause Mod: Limit one foe put to sleep\n|rule|Illusion Level Mod: Illusion disguises the Pok\u00e9mon's true level\n|\n|t:|1722983145\n|start\n|switch|p1a: Oricorio|Oricorio, L84, M|263/263\n|switch|p2a: Krookodile|Krookodile, L80, F|283/283\n|-ability|p2a: Krookodile|Intimidate|boost\n|-unboost|p1a: Oricorio|atk|1\n|turn|1\n|inactive|Battle timer is ON: inactive players will automatically lose when time's up. (requested by Delta 2777)\n|\n|t:|1722983165\n|switch|p1a: Alomomola|Alomomola, L87, F|429/429\n|move|p2a: Krookodile|Stealth Rock|p1a: Alomomola\n|-sidestart|p1: Qiuescent|move: Stealth Rock\n|\n|upkeep\n|turn|2\n|\n|t:|1722983172\n|switch|p2a: Rotom|Rotom-Mow, L86|226/226\n|move|p1a: Alomomola|Scald|p2a: Rotom\n|-resisted|p2a: Rotom\n|-damage|p2a: Rotom|205/226\n|\n|upkeep\n|turn|3\n|\n|t:|1722983183\n|move|p2a: Rotom|Trick|p1a: Alomomola\n|-activate|p2a: Rotom|move: Trick|[of] p1a: Alomomola\n|-item|p1a: Alomomola|Choice Scarf|[from] move: Trick\n|-item|p2a: Rotom|Leftovers|[from] move: Trick\n|move|p1a: Alomomola|Flip Turn|p2a: Rotom\n|-resisted|p2a: Rotom\n|-damage|p2a: Rotom|180/226\n|\n|t:|1722983193\n|switch|p1a: Porygon-Z|Porygon-Z, L83|277/277|[from] Flip Turn\n|-damage|p1a: Porygon-Z|243/277|[from] Stealth Rock\n|-ability|p1a: Porygon-Z|Download|boost\n|-boost|p1a: Porygon-Z|spa|1\n|\n|-heal|p2a: Rotom|194/226|[from] item: Leftovers\n|upkeep\n|turn|4\n|\n|t:|1722983199\n|switch|p2a: Froslass|Froslass, L87, F|263/263\n|move|p1a: Porygon-Z|Tri Attack|p2a: Froslass\n|-immune|p2a: Froslass\n|\n|upkeep\n|turn|5\n|\n|t:|1722983205\n|switch|p1a: Alomomola|Alomomola, L87, F|429/429\n|-damage|p1a: Alomomola|376/429|[from] Stealth Rock\n|move|p2a: Froslass|Spikes|p1a: Alomomola\n|-sidestart|p1: Qiuescent|Spikes\n|\n|upkeep\n|turn|6\n|\n|t:|1722983211\n|move|p1a: Alomomola|Scald|p2a: Froslass\n|-damage|p2a: Froslass|205/263\n|-start|p1a: Alomomola|Disable|Scald|[from] ability: Cursed Body|[of] p2a: Froslass\n|move|p2a: Froslass|Spikes|p1a: Alomomola\n|-sidestart|p1: Qiuescent|Spikes\n|\n|upkeep\n|turn|7\n|\n|t:|1722983220\n|switch|p1a: Dewgong|Dewgong, L94, M|322/322\n|move|p2a: Froslass|Triple Axel|p1a: Dewgong\n|-resisted|p1a: Dewgong\n|-damage|p1a: Dewgong|320/322\n|-resisted|p1a: Dewgong\n|-damage|p1a: Dewgong|315/322\n|-resisted|p1a: Dewgong\n|-damage|p1a: Dewgong|308/322\n|-hitcount|p1a: Dewgong|3\n|\n|upkeep\n|turn|8\n|inactive|Delta 2777 has 120 seconds left.\n|inactive|Delta 2777 has 90 seconds left.\n|\n|t:|1722983290\n|switch|p2a: Hitmonlee|Hitmonlee, L85, M|224/224\n|move|p1a: Dewgong|Hydro Pump|p2a: Hitmonlee\n|-damage|p2a: Hitmonlee|133/224\n|\n|upkeep\n|turn|9\n|inactive|Delta 2777 has 90 seconds left.\n|\n|t:|1722983309\n|move|p2a: Hitmonlee|Swords Dance|p2a: Hitmonlee\n|-boost|p2a: Hitmonlee|atk|2\n|move|p1a: Dewgong|Flip Turn|p2a: Hitmonlee\n|-damage|p2a: Hitmonlee|43/224\n|\n|t:|1722983316\n|switch|p1a: Oricorio|Oricorio, L84, M|263/263|[from] Flip Turn\n|\n|upkeep\n|turn|10\n|\n|t:|1722983321\n|switch|p2a: Sylveon|Sylveon, L85, M|300/300\n|move|p1a: Oricorio|Revelation Dance|p2a: Sylveon\n|-crit|p2a: Sylveon\n|-damage|p2a: Sylveon|204/300\n|\n|-heal|p2a: Sylveon|222/300|[from] item: Leftovers\n|upkeep\n|turn|11\n|\n|t:|1722983332\n|move|p1a: Oricorio|Quiver Dance|p1a: Oricorio\n|-boost|p1a: Oricorio|spa|1\n|-boost|p1a: Oricorio|spd|1\n|-boost|p1a: Oricorio|spe|1\n|move|p2a: Sylveon|Calm Mind|p2a: Sylveon\n|-boost|p2a: Sylveon|spa|1\n|-boost|p2a: Sylveon|spd|1\n|\n|-heal|p2a: Sylveon|240/300|[from] item: Leftovers\n|upkeep\n|turn|12\n|\n|t:|1722983341\n|switch|p1a: Skeledirge|Skeledirge, L79, F|294/294\n|move|p2a: Sylveon|Calm Mind|p2a: Sylveon\n|-boost|p2a: Sylveon|spa|1\n|-boost|p2a: Sylveon|spd|1\n|\n|-heal|p2a: Sylveon|258/300|[from] item: Leftovers\n|upkeep\n|turn|13\n|\n|t:|1722983347\n|move|p2a: Sylveon|Protect|p2a: Sylveon\n|-singleturn|p2a: Sylveon|Protect\n|move|p1a: Skeledirge|Flame Charge|p2a: Sylveon\n|-activate|p2a: Sylveon|move: Protect\n|\n|-heal|p2a: Sylveon|276/300|[from] item: Leftovers\n|upkeep\n|turn|14\n|\n|t:|1722983353\n|switch|p2a: Krookodile|Krookodile, L80, F|283/283\n|-ability|p2a: Krookodile|Intimidate|boost\n|-unboost|p1a: Skeledirge|atk|1\n|move|p1a: Skeledirge|Flame Charge|p2a: Krookodile\n|-damage|p2a: Krookodile|253/283\n|-boost|p1a: Skeledirge|spe|1\n|\n|upkeep\n|turn|15\n|inactive|Delta 2777 has 120 seconds left.\n|\n|t:|1722983361\n|-terastallize|p1a: Skeledirge|Water\n|move|p1a: Skeledirge|Flame Charge|p2a: Krookodile\n|-damage|p2a: Krookodile|223/283\n|-boost|p1a: Skeledirge|spe|1\n|move|p2a: Krookodile|Earthquake|p1a: Skeledirge\n|-damage|p1a: Skeledirge|150/294\n|-damage|p2a: Krookodile|195/283|[from] item: Life Orb\n|\n|upkeep\n|turn|16\n|inactive|Delta 2777 has 120 seconds left.\n|\n|t:|1722983381\n|switch|p2a: Rotom|Rotom-Mow, L86|194/226\n|move|p1a: Skeledirge|Slack Off|p1a: Skeledirge\n|-heal|p1a: Skeledirge|294/294\n|\n|-heal|p2a: Rotom|208/226|[from] item: Leftovers\n|upkeep\n|turn|17\n|inactive|Delta 2777 has 120 seconds left.\n|\n|t:|1722983391\n|move|p1a: Skeledirge|Torch Song|p2a: Rotom\n|-supereffective|p2a: Rotom\n|-damage|p2a: Rotom|56/226\n|-boost|p1a: Skeledirge|spa|1\n|move|p2a: Rotom|Leaf Storm|p1a: Skeledirge|[miss]\n|-miss|p2a: Rotom|p1a: Skeledirge\n|\n|-heal|p2a: Rotom|70/226|[from] item: Leftovers\n|upkeep\n|turn|18\n|inactive|Delta 2777 has 120 seconds left.\n|inactive|Delta 2777 has 90 seconds left.\n|-message|Delta 2777 forfeited.\n|\n|win|Qiuescent\n|raw|Qiuescent's rating: 2170 &rarr; <strong>2202</strong><br />(+32 for winning)\n|raw|Delta 2777's rating: 2419 &rarr; <strong>2387</strong><br />(-32 for losing)\n|l|\u2606Delta 2777\n|player|p2|\n", "inputlog": ">version 645aa3833dc4d492fc8695bcaa26b087252171ab\n>start {\"formatid\":\"gen9randombattle\",\"seed\":[46264,22756,56905,46776],\"rated\":\"Rated battle\"}\n>player p1 {\"name\":\"Qiuescent\",\"avatar\":\"1\",\"rating\":2170,\"seed\":[43287,35641,34316,2206]}\n>player p2 {\"name\":\"Delta 2777\",\"avatar\":\"265\",\"rating\":2419,\"seed\":[60784,5614,40419,19742]}\n>p1 switch 5\n>p2 move stealthrock\n>p1 move scald\n>p2 switch 4\n>p1 move flipturn\n>p2 move trick\n>p1 switch 4\n>p1 move triattack\n>p2 switch 2\n>p1 switch 4\n>p2 move spikes\n>p1 move scald\n>p2 move spikes\n>p1 switch 2\n>p2 move tripleaxel\n>p1 move hydropump\n>p2 switch 5\n>p1 move flipturn\n>p2 move swordsdance\n>p1 switch 5\n>p1 move revelationdance\n>p2 switch 6\n>p1 move quiverdance\n>p2 move calmmind\n>p1 switch 3\n>p2 move calmmind\n>p1 move flamecharge\n>p2 move protect\n>p1 move flamecharge\n>p2 switch 4\n>p1 move flamecharge terastallize\n>p2 move earthquake\n>p1 move slackoff\n>p2 switch 2\n>p1 move torchsong\n>p2 move leafstorm\n>forcelose p2", "uploadtime": 1722983525, "views": 132, "formatid": "gen9randombattle", "rating": 2202, "private": 0, "password": null}