{"id": "gen9randombattle-2143576650", "format": "[Gen 9] Random Battle", "players": ["DrogbaToDC", "papadopes"], "log": "|badge|p2|bronze|gen9randombattle|100-1\n|uhtml|medal-msg|<div class=\"broadcast-blue\">Curious what those medals under the avatar are? PS now has Ladder Seasons! For more information, check out the <a href=\"https://www.smogon.com/forums/threads/3740067/\">thread on Smogon.</a></div>\n|j|\u2606DrogbaToDC\n|j|\u2606papadopes\n|t:|1718420361\n|gametype|singles\n|player|p1|DrogbaToDC|backers|2264\n|player|p2|papadopes|102|2327\n|teamsize|p1|6\n|teamsize|p2|6\n|gen|9\n|tier|[Gen 9] Random Battle\n|rated|\n|rule|Species Clause: Limit one of each Pok\u00e9mon\n|rule|HP Percentage Mod: HP is shown in percentages\n|rule|Sleep Clause Mod: Limit one foe put to sleep\n|rule|Illusion Level Mod: Illusion disguises the Pok\u00e9mon's true level\n|\n|t:|1718420361\n|start\n|switch|p1a: Garchomp|Garchomp, L74, M|282/282\n|switch|p2a: Lilligant|Lilligant-Hisui, L80, F|243/243\n|turn|1\n|\n|t:|1718420382\n|switch|p1a: Spidops|Spidops, L96, M|271/271\n|move|p2a: Lilligant|Ice Spinner|p1a: Spidops\n|-damage|p1a: Spidops|172/271\n|-damage|p2a: Lilligant|219/243|[from] item: Life Orb\n|\n|upkeep\n|turn|2\n|\n|t:|1718420388\n|switch|p2a: Swanna|Swanna, L88, M|275/275\n|move|p1a: Spidops|Sticky Web|p2a: Swanna\n|-sidestart|p2: papadopes|move: Sticky Web\n|\n|upkeep\n|turn|3\n|\n|t:|1718420412\n|move|p2a: Swanna|Defog|p1a: Spidops\n|-unboost|p1a: Spidops|evasion|1\n|-sideend|p2: papadopes|Sticky Web|[from] move: Defog|[of] p2a: Swanna\n|move|p1a: Spidops|Circle Throw|p2a: Swanna\n|-resisted|p2a: Swanna\n|-damage|p2a: Swanna|248/275\n|drag|p2a: Umbreon|Umbreon, L84, M|297/297\n|\n|upkeep\n|turn|4\n|\n|t:|1718420422\n|move|p2a: Umbreon|Toxic|p1a: Spidops\n|-status|p1a: Spidops|tox\n|move|p1a: Spidops|Knock Off|p2a: Umbreon\n|-resisted|p2a: Umbreon\n|-damage|p2a: Umbreon|267/297\n|-enditem|p2a: Umbreon|Leftovers|[from] move: Knock Off|[of] p1a: Spidops\n|\n|-damage|p1a: Spidops|156/271 tox|[from] psn\n|upkeep\n|turn|5\n|\n|t:|1718420429\n|move|p2a: Umbreon|Foul Play|p1a: Spidops\n|-damage|p1a: Spidops|65/271 tox\n|move|p1a: Spidops|Sticky Web|p2a: Umbreon\n|-sidestart|p2: papadopes|move: Sticky Web\n|\n|-damage|p1a: Spidops|33/271 tox|[from] psn\n|upkeep\n|turn|6\n|\n|t:|1718420435\n|move|p2a: Umbreon|Wish|p2a: Umbreon\n|move|p1a: Spidops|Circle Throw|p2a: Umbreon\n|-supereffective|p2a: Umbreon\n|-damage|p2a: Umbreon|193/297\n|drag|p2a: Solgaleo|Solgaleo, L74|325/325\n|-activate|p2a: Solgaleo|move: Sticky Web\n|-fail|p2a: Solgaleo|unboost|[from] ability: Full Metal Body|[of] p2a: Solgaleo\n|\n|-damage|p1a: Spidops|0 fnt|[from] psn\n|faint|p1a: Spidops\n|upkeep\n|\n|t:|1718420448\n|switch|p1a: Garchomp|Garchomp, L74, M|282/282\n|turn|7\n|\n|t:|1718420460\n|switch|p2a: Umbreon|Umbreon, L84, M|193/297\n|-activate|p2a: Umbreon|move: Sticky Web\n|-unboost|p2a: Umbreon|spe|1\n|move|p1a: Garchomp|Swords Dance|p1a: Garchomp\n|-boost|p1a: Garchomp|atk|2\n|\n|-heal|p2a: Umbreon|297/297|[from] move: Wish|[wisher] Umbreon\n|upkeep\n|turn|8\n|\n|t:|1718420470\n|move|p1a: Garchomp|Earthquake|p2a: Umbreon\n|-damage|p2a: Umbreon|113/297\n|move|p2a: Umbreon|Foul Play|p1a: Garchomp\n|-damage|p1a: Garchomp|60/282\n|-damage|p2a: Umbreon|76/297|[from] ability: Rough Skin|[of] p1a: Garchomp\n|\n|upkeep\n|turn|9\n|\n|t:|1718420476\n|move|p1a: Garchomp|Scale Shot|p2a: Umbreon\n|-damage|p2a: Umbreon|33/297\n|-damage|p2a: Umbreon|0 fnt\n|faint|p2a: Umbreon\n|-hitcount|p2: Umbreon|2\n|-unboost|p1a: Garchomp|def|1\n|-boost|p1a: Garchomp|spe|1\n|\n|upkeep\n|\n|t:|1718420478\n|switch|p2a: Banette|Banette, L93, M|270/270\n|-activate|p2a: Banette|move: Sticky Web\n|-unboost|p2a: Banette|spe|1\n|turn|10\n|\n|t:|1718420494\n|switch|p1a: Lokix|Lokix, L82, F|251/251\n|move|p2a: Banette|Shadow Sneak|p1a: Lokix\n|-resisted|p1a: Lokix\n|-damage|p1a: Lokix|211/251\n|-damage|p2a: Banette|243/270|[from] item: Life Orb\n|\n|upkeep\n|turn|11\n|j| tyrantkingdad\n|\n|t:|1718420514\n|move|p2a: Banette|Shadow Sneak|p1a: Lokix\n|-resisted|p1a: Lokix\n|-damage|p1a: Lokix|167/251\n|-damage|p2a: Banette|216/270|[from] item: Life Orb\n|move|p1a: Lokix|Knock Off|p2a: Banette\n|-supereffective|p2a: Banette\n|-damage|p2a: Banette|0 fnt\n|-enditem|p2a: Banette|Life Orb|[from] move: Knock Off|[of] p1a: Lokix\n|faint|p2a: Banette\n|-damage|p1a: Lokix|142/251|[from] item: Life Orb\n|\n|upkeep\n|\n|t:|1718420517\n|switch|p2a: Swanna|Swanna, L88, M|248/275\n|turn|12\n|\n|t:|1718420536\n|-terastallize|p1a: Lokix|Dark\n|move|p2a: Swanna|Defog|p1a: Lokix\n|-unboost|p1a: Lokix|evasion|1\n|-sideend|p2: papadopes|Sticky Web|[from] move: Defog|[of] p2a: Swanna\n|move|p1a: Lokix|Knock Off|p2a: Swanna\n|-damage|p2a: Swanna|37/275\n|-enditem|p2a: Swanna|Heavy-Duty Boots|[from] move: Knock Off|[of] p1a: Lokix\n|-damage|p1a: Lokix|117/251|[from] item: Life Orb\n|\n|upkeep\n|turn|13\n|inactive|Battle timer is ON: inactive players will automatically lose when time's up. (requested by papadopes)\n|\n|t:|1718420547\n|move|p2a: Swanna|Roost|p2a: Swanna\n|-heal|p2a: Swanna|175/275\n|-singleturn|p2a: Swanna|move: Roost\n|move|p1a: Lokix|Leech Life|p2a: Swanna\n|-damage|p2a: Swanna|54/275\n|-heal|p1a: Lokix|178/251|[from] drain|[of] p2a: Swanna\n|-damage|p1a: Lokix|153/251|[from] item: Life Orb\n|\n|upkeep\n|turn|14\n|\n|t:|1718420553\n|move|p2a: Swanna|Brave Bird|p1a: Lokix\n|-damage|p1a: Lokix|0 fnt\n|faint|p1a: Lokix\n|-damage|p2a: Swanna|4/275|[from] Recoil\n|\n|upkeep\n|\n|t:|1718420559\n|switch|p1a: Typhlosion|Typhlosion, L84, M|267/267\n|turn|15\n|\n|t:|1718420563\n|move|p1a: Typhlosion|Eruption|p2a: Swanna\n|-resisted|p2a: Swanna\n|-damage|p2a: Swanna|0 fnt\n|faint|p2a: Swanna\n|\n|upkeep\n|\n|t:|1718420567\n|switch|p2a: Solgaleo|Solgaleo, L74|325/325\n|turn|16\n|\n|t:|1718420578\n|switch|p1a: Garchomp|Garchomp, L74, M|60/282\n|-terastallize|p2a: Solgaleo|Water\n|move|p2a: Solgaleo|Knock Off|p1a: Garchomp\n|-damage|p1a: Garchomp|0 fnt\n|-damage|p2a: Solgaleo|285/325|[from] ability: Rough Skin|[of] p1a: Garchomp\n|-enditem|p1a: Garchomp|Loaded Dice|[from] move: Knock Off|[of] p2a: Solgaleo\n|faint|p1a: Garchomp\n|\n|-heal|p2a: Solgaleo|305/325|[from] item: Leftovers\n|upkeep\n|inactive|DrogbaToDC has 120 seconds left.\n|\n|t:|1718420622\n|switch|p1a: Passimian|Passimian, L83, F|302/302\n|turn|17\n|\n|t:|1718420632\n|move|p2a: Solgaleo|Knock Off|p1a: Passimian\n|-resisted|p1a: Passimian\n|-damage|p1a: Passimian|269/302\n|-enditem|p1a: Passimian|Leftovers|[from] move: Knock Off|[of] p2a: Solgaleo\n|move|p1a: Passimian|Bulk Up|p1a: Passimian\n|-boost|p1a: Passimian|atk|1\n|-boost|p1a: Passimian|def|1\n|\n|-heal|p2a: Solgaleo|325/325|[from] item: Leftovers\n|upkeep\n|turn|18\n|j| durigreen\n|\n|t:|1718420640\n|switch|p2a: Calyrex|Calyrex, L93|337/337\n|-ability|p2a: Calyrex|Unnerve\n|move|p1a: Passimian|Drain Punch|p2a: Calyrex\n|-resisted|p2a: Calyrex\n|-damage|p2a: Calyrex|275/337\n|-heal|p1a: Passimian|300/302|[from] drain|[of] p2a: Calyrex\n|\n|-heal|p2a: Calyrex|296/337|[from] item: Leftovers\n|upkeep\n|turn|19\n|inactive|DrogbaToDC has 120 seconds left.\n|\n|t:|1718420649\n|move|p2a: Calyrex|Psychic|p1a: Passimian\n|-supereffective|p1a: Passimian\n|-crit|p1a: Passimian\n|-damage|p1a: Passimian|0 fnt\n|faint|p1a: Passimian\n|\n|-heal|p2a: Calyrex|317/337|[from] item: Leftovers\n|upkeep\n|inactive|DrogbaToDC has 120 seconds left.\n|\n|t:|1718420666\n|switch|p1a: Typhlosion|Typhlosion, L84, M|267/267\n|turn|20\n|\n|t:|1718420676\n|switch|p1a: Dondozo|Dondozo, L78, F|362/362\n|switch|p2a: Solgaleo|Solgaleo, L74, tera:Water|325/325\n|\n|upkeep\n|turn|21\n|\n|t:|1718420683\n|switch|p2a: Calyrex|Calyrex, L93|317/337\n|-ability|p2a: Calyrex|Unnerve\n|move|p1a: Dondozo|Curse|p1a: Dondozo\n|-unboost|p1a: Dondozo|spe|1\n|-boost|p1a: Dondozo|atk|1\n|-boost|p1a: Dondozo|def|1\n|\n|-heal|p2a: Calyrex|337/337|[from] item: Leftovers\n|upkeep\n|turn|22\n|inactive|DrogbaToDC has 120 seconds left.\n|\n|t:|1718420689\n|move|p2a: Calyrex|Psychic|p1a: Dondozo\n|-damage|p1a: Dondozo|223/362\n|move|p1a: Dondozo|Wave Crash|p2a: Calyrex\n|-resisted|p2a: Calyrex\n|-damage|p2a: Calyrex|250/337\n|-damage|p1a: Dondozo|194/362|[from] Recoil\n|\n|-heal|p2a: Calyrex|271/337|[from] item: Leftovers\n|-heal|p1a: Dondozo|216/362|[from] item: Leftovers\n|upkeep\n|turn|23\n|\n|t:|1718420696\n|move|p2a: Calyrex|Giga Drain|p1a: Dondozo\n|-supereffective|p1a: Dondozo\n|-damage|p1a: Dondozo|0 fnt\n|-heal|p2a: Calyrex|337/337|[from] drain|[of] p1a: Dondozo\n|faint|p1a: Dondozo\n|\n|upkeep\n|\n|t:|1718420699\n|switch|p1a: Typhlosion|Typhlosion, L84, M|267/267\n|turn|24\n|\n|t:|1718420702\n|switch|p2a: Solgaleo|Solgaleo, L74, tera:Water|325/325\n|move|p1a: Typhlosion|Eruption|p2a: Solgaleo\n|-resisted|p2a: Solgaleo\n|-damage|p2a: Solgaleo|225/325\n|\n|-heal|p2a: Solgaleo|245/325|[from] item: Leftovers\n|upkeep\n|turn|25\n|\n|t:|1718420706\n|move|p1a: Typhlosion|Eruption|p2a: Solgaleo\n|-resisted|p2a: Solgaleo\n|-damage|p2a: Solgaleo|153/325\n|move|p2a: Solgaleo|Knock Off|p1a: Typhlosion\n|-crit|p1a: Typhlosion\n|-damage|p1a: Typhlosion|149/267\n|-enditem|p1a: Typhlosion|Choice Scarf|[from] move: Knock Off|[of] p2a: Solgaleo\n|\n|-heal|p2a: Solgaleo|173/325|[from] item: Leftovers\n|upkeep\n|turn|26\n|l| tyrantkingdad\n|\n|t:|1718420719\n|move|p1a: Typhlosion|Focus Blast|p2a: Solgaleo\n|-damage|p2a: Solgaleo|68/325\n|move|p2a: Solgaleo|Morning Sun|p2a: Solgaleo\n|-heal|p2a: Solgaleo|230/325\n|\n|-heal|p2a: Solgaleo|250/325|[from] item: Leftovers\n|upkeep\n|turn|27\n|\n|t:|1718420733\n|move|p1a: Typhlosion|Focus Blast|p2a: Solgaleo|[miss]\n|-miss|p1a: Typhlosion|p2a: Solgaleo\n|move|p2a: Solgaleo|Morning Sun|p2a: Solgaleo\n|-heal|p2a: Solgaleo|325/325\n|\n|upkeep\n|turn|28\n|\n|t:|1718420738\n|move|p1a: Typhlosion|Scorching Sands|p2a: Solgaleo\n|-damage|p2a: Solgaleo|263/325\n|move|p2a: Solgaleo|Sunsteel Strike|p1a: Typhlosion\n|-resisted|p1a: Typhlosion\n|-damage|p1a: Typhlosion|90/267\n|\n|-heal|p2a: Solgaleo|283/325|[from] item: Leftovers\n|upkeep\n|turn|29\n|\n|t:|1718420749\n|move|p1a: Typhlosion|Scorching Sands|p2a: Solgaleo\n|-damage|p2a: Solgaleo|219/325\n|move|p2a: Solgaleo|Close Combat|p1a: Typhlosion\n|-damage|p1a: Typhlosion|0 fnt\n|-unboost|p2a: Solgaleo|def|1\n|-unboost|p2a: Solgaleo|spd|1\n|faint|p1a: Typhlosion\n|\n|win|papadopes\n|raw|DrogbaToDC's rating: 2264 &rarr; <strong>2248</strong><br />(-16 for losing)\n|raw|papadopes's rating: 2327 &rarr; <strong>2343</strong><br />(+16 for winning)\n|l| durigreen\n|l|\u2606DrogbaToDC\n|player|p1|\n", "inputlog": ">version e046c5ea766451ca9500a73fe72ec774e92e6f7e\n>start {\"formatid\":\"gen9randombattle\",\"seed\":[6745,19389,46669,48675],\"rated\":\"Rated battle\"}\n>player p1 {\"name\":\"DrogbaToDC\",\"avatar\":\"backers\",\"rating\":2264,\"seed\":[8089,17549,10317,53140]}\n>player p2 {\"name\":\"papadopes\",\"avatar\":\"102\",\"rating\":2327,\"seed\":[8425,21599,34338,28504]}\n>p1 switch 4\n>p2 move icespinner\n>p1 move stickyweb\n>p2 switch 5\n>p1 move circlethrow\n>p2 move defog\n>p1 move knockoff\n>p2 move toxic\n>p1 move stickyweb\n>p2 move foulplay\n>p1 move circlethrow\n>p2 move wish\n>p1 switch 4\n>p1 move swordsdance\n>p2 switch 4\n>p1 move earthquake\n>p2 move foulplay\n>p1 move scaleshot\n>p2 move foulplay\n>p2 switch 3\n>p1 switch 3\n>p2 move shadowsneak\n>p1 move knockoff\n>p2 move shadowsneak\n>p2 switch 2\n>p1 move knockoff terastallize\n>p2 move defog\n>p1 move leechlife\n>p2 move roost\n>p1 move leechlife\n>p2 move bravebird\n>p1 switch 5\n>p1 move eruption\n>p2 move hydropump\n>p2 switch 4\n>p1 switch 3\n>p2 move knockoff terastallize\n>p1 switch 2\n>p1 move bulkup\n>p2 move knockoff\n>p1 move drainpunch\n>p2 switch 6\n>p1 move knockoff\n>p2 move psychic\n>p1 switch 3\n>p1 switch 6\n>p2 switch 6\n>p1 move curse\n>p2 switch 6\n>p1 move wavecrash\n>p2 move psychic\n>p1 move rest\n>p2 move gigadrain\n>p1 switch 6\n>p1 move eruption\n>p2 switch 6\n>p1 move eruption\n>p2 move knockoff\n>p1 move focusblast\n>p2 move morningsun\n>p1 move focusblast\n>p2 move morningsun\n>p1 move scorchingsands\n>p2 move sunsteelstrike\n>p1 move scorchingsands\n>p2 move closecombat", "uploadtime": 1718420756, "views": 185, "formatid": "gen9randombattle", "rating": 2248, "private": 0, "password": null}