{"id": "gen9randombattle-2260378736", "format": "[Gen 9] Random Battle", "players": ["nodduH", "acmer2"], "log": "|j|\u2606nodduH\n|j|\u2606acmer2\n|t:|1733845764\n|gametype|singles\n|player|p1|nodduH|roxie|1184\n|player|p2|acmer2|1|1152\n|teamsize|p1|6\n|teamsize|p2|6\n|gen|9\n|tier|[Gen 9] Random Battle\n|rated|\n|rule|Species Clause: Limit one of each Pok\u00e9mon\n|rule|HP Percentage Mod: HP is shown in percentages\n|rule|Sleep Clause Mod: Limit one foe put to sleep\n|rule|Illusion Level Mod: Illusion disguises the Pok\u00e9mon's true level\n|\n|t:|1733845764\n|start\n|switch|p1a: Oricorio|Oricorio-Pa'u, L87, F|272/272\n|switch|p2a: Comfey|Comfey, L85, F|225/225\n|turn|1\n|\n|t:|1733845790\n|switch|p2a: Palossand|Palossand, L89, M|296/296\n|move|p1a: Oricorio|Quiver Dance|p1a: Oricorio\n|-boost|p1a: Oricorio|spa|1\n|-boost|p1a: Oricorio|spd|1\n|-boost|p1a: Oricorio|spe|1\n|\n|upkeep\n|turn|2\n|\n|t:|1733845802\n|move|p1a: Oricorio|Hurricane|p2a: Palossand|[miss]\n|-miss|p1a: Oricorio|p2a: Palossand\n|move|p2a: Palossand|Earth Power|p1a: Oricorio\n|-immune|p1a: Oricorio\n|\n|upkeep\n|turn|3\n|\n|t:|1733845813\n|move|p1a: Oricorio|Hurricane|p2a: Palossand\n|-damage|p2a: Palossand|97/296\n|move|p2a: Palossand|Stealth Rock|p1a: Oricorio\n|-sidestart|p1: nodduH|move: Stealth Rock\n|\n|-heal|p2a: Palossand|115/296|[from] item: Leftovers\n|upkeep\n|turn|4\n|\n|t:|1733845822\n|move|p1a: Oricorio|Quiver Dance|p1a: Oricorio\n|-boost|p1a: Oricorio|spa|1\n|-boost|p1a: Oricorio|spd|1\n|-boost|p1a: Oricorio|spe|1\n|move|p2a: Palossand|Shadow Ball|p1a: Oricorio\n|-supereffective|p1a: Oricorio\n|-damage|p1a: Oricorio|150/272\n|\n|-heal|p2a: Palossand|133/296|[from] item: Leftovers\n|upkeep\n|turn|5\n|\n|t:|1733845833\n|move|p1a: Oricorio|Hurricane|p2a: Palossand\n|-damage|p2a: Palossand|0 fnt\n|faint|p2a: Palossand\n|\n|upkeep\n|\n|t:|1733845852\n|switch|p2a: Brute Bonnet|Brute Bonnet, L81|312/312\n|turn|6\n|\n|t:|1733845869\n|-terastallize|p2a: Brute Bonnet|Dark\n|move|p1a: Oricorio|Hurricane|p2a: Brute Bonnet\n|-damage|p2a: Brute Bonnet|93/312\n|move|p2a: Brute Bonnet|Spore|p1a: Oricorio\n|-status|p1a: Oricorio|slp|[from] move: Spore\n|\n|-heal|p2a: Brute Bonnet|112/312|[from] item: Leftovers\n|upkeep\n|turn|7\n|\n|t:|1733845882\n|-terastallize|p1a: Oricorio|Fighting\n|cant|p1a: Oricorio|slp\n|move|p2a: Brute Bonnet|Crunch|p1a: Oricorio\n|-resisted|p1a: Oricorio\n|-damage|p1a: Oricorio|82/272 slp\n|\n|-heal|p2a: Brute Bonnet|131/312|[from] item: Leftovers\n|upkeep\n|turn|8\n|\n|t:|1733845893\n|cant|p1a: Oricorio|slp\n|move|p2a: Brute Bonnet|Seed Bomb|p1a: Oricorio\n|-damage|p1a: Oricorio|0 fnt\n|faint|p1a: Oricorio\n|\n|-heal|p2a: Brute Bonnet|150/312|[from] item: Leftovers\n|upkeep\n|\n|t:|1733845908\n|switch|p1a: Passimian|Passimian, L83, M|302/302\n|-damage|p1a: Passimian|284/302|[from] Stealth Rock\n|turn|9\n|\n|t:|1733845920\n|-end|p2a: Brute Bonnet|Protosynthesis|[silent]\n|switch|p2a: Comfey|Comfey, L85, F|225/225\n|move|p1a: Passimian|Close Combat|p2a: Comfey\n|-resisted|p2a: Comfey\n|-damage|p2a: Comfey|115/225\n|-unboost|p1a: Passimian|def|1\n|-unboost|p1a: Passimian|spd|1\n|\n|-heal|p2a: Comfey|129/225|[from] item: Leftovers\n|upkeep\n|turn|10\n|\n|t:|1733845936\n|switch|p1a: Jirachi|Jirachi, L80|291/291\n|-damage|p1a: Jirachi|273/291|[from] Stealth Rock\n|move|p2a: Comfey|Draining Kiss|p1a: Jirachi\n|-resisted|p1a: Jirachi\n|-damage|p1a: Jirachi|252/291\n|-heal|p2a: Comfey|145/225|[from] drain|[of] p1a: Jirachi\n|\n|-heal|p2a: Comfey|159/225|[from] item: Leftovers\n|upkeep\n|turn|11\n|\n|t:|1733845953\n|switch|p2a: Scrafty|Scrafty, L84, M|246/246\n|move|p1a: Jirachi|Iron Head|p2a: Scrafty\n|-damage|p2a: Scrafty|183/246\n|\n|-heal|p2a: Scrafty|198/246|[from] item: Leftovers\n|upkeep\n|turn|12\n|\n|t:|1733845970\n|switch|p1a: Rayquaza|Rayquaza, L72|270/270\n|-damage|p1a: Rayquaza|203/270|[from] Stealth Rock\n|-ability|p1a: Rayquaza|Air Lock\n|move|p2a: Scrafty|Knock Off|p1a: Rayquaza\n|-damage|p1a: Rayquaza|85/270\n|-enditem|p1a: Rayquaza|Loaded Dice|[from] move: Knock Off|[of] p2a: Scrafty\n|\n|-heal|p2a: Scrafty|213/246|[from] item: Leftovers\n|upkeep\n|turn|13\n|\n|t:|1733845989\n|move|p1a: Rayquaza|Dragon Ascent|p2a: Scrafty\n|-supereffective|p2a: Scrafty\n|-damage|p2a: Scrafty|13/246\n|-unboost|p1a: Rayquaza|def|1\n|-unboost|p1a: Rayquaza|spd|1\n|move|p2a: Scrafty|Drain Punch|p1a: Rayquaza\n|-resisted|p1a: Rayquaza\n|-damage|p1a: Rayquaza|26/270\n|-heal|p2a: Scrafty|43/246|[from] drain|[of] p1a: Rayquaza\n|\n|-heal|p2a: Scrafty|58/246|[from] item: Leftovers\n|upkeep\n|turn|14\n|\n|t:|1733846004\n|switch|p2a: Excadrill|Excadrill, L79, F|303/303\n|-ability|p2a: Excadrill|Mold Breaker\n|move|p1a: Rayquaza|Dragon Ascent|p2a: Excadrill\n|-resisted|p2a: Excadrill\n|-damage|p2a: Excadrill|204/303\n|-unboost|p1a: Rayquaza|def|1\n|-unboost|p1a: Rayquaza|spd|1\n|\n|-heal|p2a: Excadrill|222/303|[from] item: Leftovers\n|upkeep\n|turn|15\n|\n|t:|1733846029\n|switch|p1a: Passimian|Passimian, L83, M|284/302\n|-damage|p1a: Passimian|266/302|[from] Stealth Rock\n|move|p2a: Excadrill|Rapid Spin|p1a: Passimian\n|-damage|p1a: Passimian|223/302\n|-boost|p2a: Excadrill|spe|1\n|\n|-heal|p2a: Excadrill|240/303|[from] item: Leftovers\n|upkeep\n|turn|16\n|\n|t:|1733846051\n|move|p2a: Excadrill|Earthquake|p1a: Passimian\n|-damage|p1a: Passimian|91/302\n|move|p1a: Passimian|Close Combat|p2a: Excadrill\n|-supereffective|p2a: Excadrill\n|-damage|p2a: Excadrill|0 fnt\n|-unboost|p1a: Passimian|def|1\n|-unboost|p1a: Passimian|spd|1\n|faint|p2a: Excadrill\n|\n|upkeep\n|\n|t:|1733846074\n|switch|p2a: Comfey|Comfey, L85, F|159/225\n|turn|17\n|\n|t:|1733846081\n|switch|p1a: Jirachi|Jirachi, L80|252/291\n|-damage|p1a: Jirachi|234/291|[from] Stealth Rock\n|move|p2a: Comfey|Draining Kiss|p1a: Jirachi\n|-resisted|p1a: Jirachi\n|-damage|p1a: Jirachi|212/291\n|-heal|p2a: Comfey|176/225|[from] drain|[of] p1a: Jirachi\n|\n|-heal|p2a: Comfey|190/225|[from] item: Leftovers\n|upkeep\n|turn|18\n|\n|t:|1733846098\n|switch|p2a: Scrafty|Scrafty, L84, M|58/246\n|move|p1a: Jirachi|Psychic|p2a: Scrafty\n|-immune|p2a: Scrafty\n|\n|-heal|p2a: Scrafty|73/246|[from] item: Leftovers\n|upkeep\n|turn|19\n|\n|t:|1733846115\n|switch|p1a: Diancie|Diancie, L82|216/216\n|-damage|p1a: Diancie|189/216|[from] Stealth Rock\n|move|p2a: Scrafty|Knock Off|p1a: Diancie\n|-resisted|p1a: Diancie\n|-damage|p1a: Diancie|156/216\n|-enditem|p1a: Diancie|Leftovers|[from] move: Knock Off|[of] p2a: Scrafty\n|\n|-heal|p2a: Scrafty|88/246|[from] item: Leftovers\n|upkeep\n|turn|20\n|\n|t:|1733846134\n|move|p2a: Scrafty|Drain Punch|p1a: Diancie\n|-damage|p1a: Diancie|108/216\n|-heal|p2a: Scrafty|112/246|[from] drain|[of] p1a: Diancie\n|move|p1a: Diancie|Draining Kiss|p2a: Scrafty\n|-supereffective|p2a: Scrafty\n|-damage|p2a: Scrafty|0 fnt\n|-heal|p1a: Diancie|192/216|[from] drain|[of] p2a: Scrafty\n|faint|p2a: Scrafty\n|\n|upkeep\n|\n|t:|1733846147\n|switch|p2a: Brute Bonnet|Brute Bonnet, L81, tera:Dark|150/312\n|turn|21\n|\n|t:|1733846154\n|move|p2a: Brute Bonnet|Spore|p1a: Diancie\n|-status|p1a: Diancie|slp|[from] move: Spore\n|cant|p1a: Diancie|slp\n|\n|-heal|p2a: Brute Bonnet|169/312|[from] item: Leftovers\n|upkeep\n|turn|22\n|\n|t:|1733846162\n|move|p2a: Brute Bonnet|Seed Bomb|p1a: Diancie\n|-supereffective|p1a: Diancie\n|-crit|p1a: Diancie\n|-damage|p1a: Diancie|0 fnt\n|faint|p1a: Diancie\n|\n|-heal|p2a: Brute Bonnet|188/312|[from] item: Leftovers\n|upkeep\n|\n|t:|1733846189\n|switch|p1a: Passimian|Passimian, L83, M|91/302\n|-damage|p1a: Passimian|73/302|[from] Stealth Rock\n|turn|23\n|\n|t:|1733846203\n|move|p2a: Brute Bonnet|Sucker Punch|p1a: Passimian\n|-resisted|p1a: Passimian\n|-damage|p1a: Passimian|14/302\n|move|p1a: Passimian|Gunk Shot|p2a: Brute Bonnet\n|-damage|p2a: Brute Bonnet|56/312\n|\n|-heal|p2a: Brute Bonnet|75/312|[from] item: Leftovers\n|upkeep\n|turn|24\n|\n|t:|1733846221\n|switch|p1a: Hariyama|Hariyama, L87, M|392/392\n|-damage|p1a: Hariyama|368/392|[from] Stealth Rock\n|move|p2a: Brute Bonnet|Sucker Punch||[still]\n|-fail|p2a: Brute Bonnet\n|\n|-heal|p2a: Brute Bonnet|94/312|[from] item: Leftovers\n|-status|p1a: Hariyama|brn|[from] item: Flame Orb\n|upkeep\n|turn|25\n|\n|t:|1733846235\n|move|p1a: Hariyama|Fake Out|p2a: Brute Bonnet\n|-damage|p2a: Brute Bonnet|47/312\n|cant|p2a: Brute Bonnet|flinch\n|\n|-heal|p2a: Brute Bonnet|66/312|[from] item: Leftovers\n|-damage|p1a: Hariyama|344/392 brn|[from] brn\n|upkeep\n|turn|26\n|\n|t:|1733846250\n|-end|p2a: Brute Bonnet|Protosynthesis|[silent]\n|switch|p2a: Comfey|Comfey, L85, F|190/225\n|move|p1a: Hariyama|Facade|p2a: Comfey\n|-damage|p2a: Comfey|0 fnt\n|faint|p2a: Comfey\n|\n|-damage|p1a: Hariyama|320/392 brn|[from] brn\n|upkeep\n|\n|t:|1733846260\n|switch|p2a: Volcarona|Volcarona, L77, F|257/257\n|turn|27\n|\n|t:|1733846270\n|move|p2a: Volcarona|Quiver Dance|p2a: Volcarona\n|-boost|p2a: Volcarona|spa|1\n|-boost|p2a: Volcarona|spd|1\n|-boost|p2a: Volcarona|spe|1\n|move|p1a: Hariyama|Knock Off|p2a: Volcarona\n|-damage|p2a: Volcarona|88/257\n|-enditem|p2a: Volcarona|Heavy-Duty Boots|[from] move: Knock Off|[of] p1a: Hariyama\n|\n|-damage|p1a: Hariyama|296/392 brn|[from] brn\n|upkeep\n|turn|28\n|\n|t:|1733846289\n|move|p2a: Volcarona|Fire Blast|p1a: Hariyama\n|-damage|p1a: Hariyama|62/392 brn\n|move|p1a: Hariyama|Facade|p2a: Volcarona\n|-damage|p2a: Volcarona|0 fnt\n|faint|p2a: Volcarona\n|\n|-damage|p1a: Hariyama|38/392 brn|[from] brn\n|upkeep\n|\n|t:|1733846300\n|switch|p2a: Brute Bonnet|Brute Bonnet, L81, tera:Dark|66/312\n|turn|29\n|\n|t:|1733846320\n|move|p2a: Brute Bonnet|Sucker Punch|p1a: Hariyama\n|-resisted|p1a: Hariyama\n|-damage|p1a: Hariyama|0 fnt\n|faint|p1a: Hariyama\n|\n|-heal|p2a: Brute Bonnet|85/312|[from] item: Leftovers\n|upkeep\n|\n|t:|1733846331\n|switch|p1a: Jirachi|Jirachi, L80|212/291\n|-damage|p1a: Jirachi|194/291|[from] Stealth Rock\n|turn|30\n|\n|t:|1733846351\n|move|p2a: Brute Bonnet|Sucker Punch|p1a: Jirachi\n|-supereffective|p1a: Jirachi\n|-damage|p1a: Jirachi|0 fnt\n|faint|p1a: Jirachi\n|\n|-heal|p2a: Brute Bonnet|104/312|[from] item: Leftovers\n|upkeep\n|\n|t:|1733846361\n|switch|p1a: Rayquaza|Rayquaza, L72|26/270\n|-damage|p1a: Rayquaza|0 fnt|[from] Stealth Rock\n|faint|p1a: Rayquaza\n|\n|t:|1733846366\n|switch|p1a: Passimian|Passimian, L83, M|14/302\n|-damage|p1a: Passimian|0 fnt|[from] Stealth Rock\n|faint|p1a: Passimian\n|\n|win|acmer2\n|raw|nodduH's rating: 1184 &rarr; <strong>1157</strong><br />(-27 for losing)\n|raw|acmer2's rating: 1152 &rarr; <strong>1179</strong><br />(+27 for winning)\n|l|\u2606nodduH\n|player|p1|\n", "inputlog": ">version bfd83cad13791eb5a5a409923076391caf6fb4d4\n>start {\"formatid\":\"gen9randombattle\",\"seed\":[5736,105,2262,52859],\"rated\":\"Rated battle\"}\n>player p1 {\"name\":\"nodduH\",\"avatar\":\"roxie\",\"rating\":1184,\"seed\":[14473,45717,15607,1476]}\n>player p2 {\"name\":\"acmer2\",\"avatar\":\"1\",\"rating\":1152,\"seed\":[1968,45397,114,8106]}\n>p1 move quiverdance\n>p2 switch 6\n>p1 move hurricane\n>p2 move earthpower\n>p1 move hurricane\n>p2 move stealthrock\n>p1 move quiverdance\n>p2 move shadowball\n>p1 move hurricane\n>p2 move shadowball\n>p2 switch 4\n>p1 move hurricane\n>p2 move spore terastallize\n>p1 move hurricane terastallize\n>p2 move crunch\n>p1 move hurricane\n>p2 move seedbomb\n>p1 switch 5\n>p1 move closecombat\n>p2 switch 6\n>p1 switch 3\n>p2 move drainingkiss\n>p1 move ironhead\n>p2 switch 3\n>p1 switch 2\n>p2 move knockoff\n>p1 move dragonascent\n>p2 move drainpunch\n>p1 move dragonascent\n>p2 switch 2\n>p1 switch 3\n>p2 move rapidspin\n>p1 move closecombat\n>p2 move earthquake\n>p2 switch 3\n>p1 switch 2\n>p2 move drainingkiss\n>p1 move psychic\n>p2 switch 2\n>p1 switch 4\n>p2 move knockoff\n>p1 move drainingkiss\n>p2 move drainpunch\n>p2 switch 6\n>p1 move diamondstorm\n>p2 move spore\n>p1 move drainingkiss\n>p2 move seedbomb\n>p1 switch 2\n>p1 move gunkshot\n>p2 move suckerpunch\n>p1 switch 6\n>p2 move suckerpunch\n>p1 move fakeout\n>p2 move spore\n>p1 move facade\n>p2 switch 2\n>p2 switch 5\n>p1 move knockoff\n>p2 move quiverdance\n>p1 move facade\n>p2 move fireblast\n>p2 switch 2\n>p1 move facade\n>p2 move suckerpunch\n>p1 switch 4\n>p1 move uturn\n>p2 move suckerpunch\n>p1 switch 3\n>p1 switch 6", "uploadtime": 1733846377, "views": 3, "formatid": "gen9randombattle", "rating": 1157, "private": 0, "password": null}