{"id": "gen9randombattle-2260885752", "format": "[Gen 9] Random Battle", "players": ["Zekrom'sAura", "ravenoid1"], "log": "|j|\u2606Zekrom'sAura\n|j|\u2606ravenoid1\n|t:|1733910803\n|gametype|singles\n|player|p1|Zekrom'sAura|lance|1172\n|player|p2|ravenoid1|2|1129\n|teamsize|p1|6\n|teamsize|p2|6\n|gen|9\n|tier|[Gen 9] Random Battle\n|rated|\n|rule|Species Clause: Limit one of each Pok\u00e9mon\n|rule|HP Percentage Mod: HP is shown in percentages\n|rule|Sleep Clause Mod: Limit one foe put to sleep\n|rule|Illusion Level Mod: Illusion disguises the Pok\u00e9mon's true level\n|\n|t:|1733910803\n|start\n|switch|p1a: Volbeat|Volbeat, L90, M|263/263\n|switch|p2a: Dialga|Dialga, L73|266/266\n|-ability|p2a: Dialga|Pressure\n|turn|1\n|inactive|Battle timer is ON: inactive players will automatically lose when time's up. (requested by Zekrom'sAura)\n|\n|t:|1733910813\n|move|p1a: Volbeat|Thunder Wave|p2a: Dialga\n|-status|p2a: Dialga|par\n|cant|p2a: Dialga|par\n|\n|upkeep\n|turn|2\n|\n|t:|1733910826\n|switch|p1a: Ditto|Ditto, L87|225/225\n|-transform|p1a: Ditto|p2a: Dialga|[from] ability: Imposter\n|-ability|p1a: Ditto|Pressure\n|move|p2a: Dialga|Heavy Slam|p1a: Ditto\n|-resisted|p1a: Ditto\n|-crit|p1a: Ditto\n|-damage|p1a: Ditto|198/225\n|\n|upkeep\n|turn|3\n|\n|t:|1733910838\n|move|p1a: Ditto|Stealth Rock|p2a: Dialga\n|-sidestart|p2: ravenoid1|move: Stealth Rock\n|move|p2a: Dialga|Stealth Rock|p1a: Ditto\n|-sidestart|p1: Zekrom'sAura|move: Stealth Rock\n|\n|upkeep\n|turn|4\n|\n|t:|1733910851\n|switch|p1a: Cinderace|Cinderace, L77, M|249/249\n|move|p2a: Dialga|Draco Meteor|p1a: Cinderace\n|-crit|p1a: Cinderace\n|-damage|p1a: Cinderace|0 fnt\n|-unboost|p2a: Dialga|spa|2\n|faint|p1a: Cinderace\n|\n|upkeep\n|\n|t:|1733910864\n|switch|p1a: Ditto|Ditto, L87|198/225\n|-damage|p1a: Ditto|170/225|[from] Stealth Rock\n|-transform|p1a: Ditto|p2a: Dialga|[from] ability: Imposter\n|-ability|p1a: Ditto|Pressure\n|turn|5\n|\n|t:|1733910870\n|move|p1a: Ditto|Fire Blast|p2a: Dialga\n|-damage|p2a: Dialga|212/266 par\n|move|p2a: Dialga|Draco Meteor|p1a: Ditto\n|-damage|p1a: Ditto|94/225\n|-unboost|p2a: Dialga|spa|2\n|\n|-heal|p2a: Dialga|228/266 par|[from] item: Leftovers\n|upkeep\n|turn|6\n|\n|t:|1733910883\n|move|p1a: Ditto|Fire Blast|p2a: Dialga\n|-damage|p2a: Dialga|178/266 par\n|move|p2a: Dialga|Fire Blast|p1a: Ditto\n|-damage|p1a: Ditto|62/225\n|\n|-heal|p2a: Dialga|194/266 par|[from] item: Leftovers\n|upkeep\n|turn|7\n|\n|t:|1733910892\n|move|p1a: Ditto|Fire Blast|p2a: Dialga\n|-damage|p2a: Dialga|144/266 par\n|move|p2a: Dialga|Fire Blast|p1a: Ditto\n|-damage|p1a: Ditto|32/225\n|\n|-heal|p2a: Dialga|160/266 par|[from] item: Leftovers\n|upkeep\n|turn|8\n|\n|t:|1733910902\n|switch|p1a: Volbeat|Volbeat, L90, M|263/263\n|move|p2a: Dialga|Heavy Slam|p1a: Volbeat\n|-damage|p1a: Volbeat|139/263\n|\n|-heal|p2a: Dialga|176/266 par|[from] item: Leftovers\n|upkeep\n|turn|9\n|\n|t:|1733910909\n|move|p1a: Volbeat|Encore|p2a: Dialga\n|-start|p2a: Dialga|Encore\n|move|p2a: Dialga|Heavy Slam|p1a: Volbeat\n|-damage|p1a: Volbeat|12/263\n|\n|-heal|p2a: Dialga|192/266 par|[from] item: Leftovers\n|upkeep\n|turn|10\n|\n|t:|1733910917\n|switch|p1a: Jirachi|Jirachi, L80|291/291\n|-damage|p1a: Jirachi|273/291|[from] Stealth Rock\n|move|p2a: Dialga|Heavy Slam|p1a: Jirachi\n|-resisted|p1a: Jirachi\n|-damage|p1a: Jirachi|220/291\n|\n|-heal|p1a: Jirachi|238/291|[from] item: Leftovers\n|-heal|p2a: Dialga|208/266 par|[from] item: Leftovers\n|upkeep\n|turn|11\n|\n|t:|1733910928\n|move|p1a: Jirachi|Wish|p1a: Jirachi\n|move|p2a: Dialga|Heavy Slam|p1a: Jirachi\n|-resisted|p1a: Jirachi\n|-damage|p1a: Jirachi|186/291\n|\n|-heal|p1a: Jirachi|204/291|[from] item: Leftovers\n|-heal|p2a: Dialga|224/266 par|[from] item: Leftovers\n|-end|p2a: Dialga|Encore\n|upkeep\n|turn|12\n|\n|t:|1733910937\n|move|p1a: Jirachi|Protect|p1a: Jirachi\n|-singleturn|p1a: Jirachi|Protect\n|move|p2a: Dialga|Fire Blast|p1a: Jirachi\n|-activate|p1a: Jirachi|move: Protect\n|\n|-heal|p1a: Jirachi|291/291|[from] move: Wish|[wisher] Jirachi\n|-heal|p2a: Dialga|240/266 par|[from] item: Leftovers\n|upkeep\n|turn|13\n|\n|t:|1733910947\n|move|p1a: Jirachi|Iron Head|p2a: Dialga\n|-resisted|p2a: Dialga\n|-damage|p2a: Dialga|205/266 par\n|cant|p2a: Dialga|par\n|\n|-heal|p2a: Dialga|221/266 par|[from] item: Leftovers\n|upkeep\n|turn|14\n|\n|t:|1733910956\n|switch|p1a: Gallade|Gallade, L81, M|243/243\n|-damage|p1a: Gallade|228/243|[from] Stealth Rock\n|cant|p2a: Dialga|par\n|\n|-heal|p2a: Dialga|237/266 par|[from] item: Leftovers\n|upkeep\n|turn|15\n|\n|t:|1733910965\n|move|p1a: Gallade|Agility|p1a: Gallade\n|-boost|p1a: Gallade|spe|2\n|move|p2a: Dialga|Fire Blast|p1a: Gallade\n|-damage|p1a: Gallade|203/243\n|\n|-heal|p2a: Dialga|253/266 par|[from] item: Leftovers\n|upkeep\n|turn|16\n|\n|t:|1733910972\n|move|p1a: Gallade|Sacred Sword|p2a: Dialga\n|-supereffective|p2a: Dialga\n|-damage|p2a: Dialga|0 fnt\n|faint|p2a: Dialga\n|-damage|p1a: Gallade|179/243|[from] item: Life Orb\n|\n|upkeep\n|\n|t:|1733910989\n|switch|p2a: Vespiquen|Vespiquen, L98, F|296/296\n|-ability|p2a: Vespiquen|Pressure\n|turn|17\n|\n|t:|1733910997\n|move|p1a: Gallade|Psycho Cut|p2a: Vespiquen\n|-crit|p2a: Vespiquen\n|-damage|p2a: Vespiquen|113/296\n|-damage|p1a: Gallade|155/243|[from] item: Life Orb\n|move|p2a: Vespiquen|Air Slash|p1a: Gallade\n|-supereffective|p1a: Gallade\n|-damage|p1a: Gallade|0 fnt\n|faint|p1a: Gallade\n|\n|upkeep\n|\n|t:|1733911018\n|switch|p1a: Lokix|Lokix, L82, M|251/251\n|-damage|p1a: Lokix|189/251|[from] Stealth Rock\n|turn|18\n|\n|t:|1733911025\n|move|p1a: Lokix|Knock Off|p2a: Vespiquen\n|-damage|p2a: Vespiquen|32/296\n|-enditem|p2a: Vespiquen|Heavy-Duty Boots|[from] move: Knock Off|[of] p1a: Lokix\n|move|p2a: Vespiquen|Air Slash|p1a: Lokix\n|-supereffective|p1a: Lokix\n|-damage|p1a: Lokix|0 fnt\n|faint|p1a: Lokix\n|\n|upkeep\n|\n|t:|1733911035\n|switch|p1a: Jirachi|Jirachi, L80|291/291\n|-damage|p1a: Jirachi|273/291|[from] Stealth Rock\n|turn|19\n|\n|t:|1733911042\n|move|p1a: Jirachi|Iron Head|p2a: Vespiquen\n|-damage|p2a: Vespiquen|0 fnt\n|faint|p2a: Vespiquen\n|\n|-heal|p1a: Jirachi|291/291|[from] item: Leftovers\n|upkeep\n|\n|t:|1733911056\n|switch|p2a: Shaymin|Shaymin-Sky, L73|266/266\n|turn|20\n|\n|t:|1733911064\n|move|p2a: Shaymin|Seed Flare|p1a: Jirachi\n|-resisted|p1a: Jirachi\n|-damage|p1a: Jirachi|237/291\n|move|p1a: Jirachi|U-turn|p2a: Shaymin\n|-damage|p2a: Shaymin|208/266\n|\n|t:|1733911069\n|switch|p1a: Volbeat|Volbeat, L90, M|12/263|[from] U-turn\n|\n|upkeep\n|turn|21\n|\n|t:|1733911076\n|move|p1a: Volbeat|Thunder Wave|p2a: Shaymin|[miss]\n|-miss|p1a: Volbeat|p2a: Shaymin\n|move|p2a: Shaymin|Air Slash|p1a: Volbeat\n|-supereffective|p1a: Volbeat\n|-damage|p1a: Volbeat|0 fnt\n|faint|p1a: Volbeat\n|\n|upkeep\n|\n|t:|1733911078\n|switch|p1a: Ditto|Ditto, L87|32/225\n|-damage|p1a: Ditto|4/225|[from] Stealth Rock\n|-transform|p1a: Ditto|p2a: Shaymin|[from] ability: Imposter\n|turn|22\n|\n|t:|1733911090\n|-terastallize|p1a: Ditto|Ground\n|move|p1a: Ditto|Synthesis|p1a: Ditto\n|-heal|p1a: Ditto|116/225\n|move|p2a: Shaymin|Air Slash|p1a: Ditto\n|-damage|p1a: Ditto|22/225\n|\n|upkeep\n|turn|23\n|\n|t:|1733911098\n|move|p1a: Ditto|Synthesis|p1a: Ditto\n|-heal|p1a: Ditto|134/225\n|move|p2a: Shaymin|Seed Flare|p1a: Ditto|[miss]\n|-miss|p2a: Shaymin|p1a: Ditto\n|\n|upkeep\n|turn|24\n|\n|t:|1733911103\n|move|p1a: Ditto|Synthesis|p1a: Ditto\n|-heal|p1a: Ditto|225/225\n|move|p2a: Shaymin|Seed Flare|p1a: Ditto\n|-supereffective|p1a: Ditto\n|-damage|p1a: Ditto|0 fnt\n|faint|p1a: Ditto\n|\n|upkeep\n|\n|t:|1733911108\n|switch|p1a: Jirachi|Jirachi, L80|237/291\n|-damage|p1a: Jirachi|219/291|[from] Stealth Rock\n|turn|25\n|\n|t:|1733911117\n|move|p2a: Shaymin|Earth Power|p1a: Jirachi\n|-supereffective|p1a: Jirachi\n|-damage|p1a: Jirachi|117/291\n|move|p1a: Jirachi|Wish|p1a: Jirachi\n|\n|-heal|p1a: Jirachi|135/291|[from] item: Leftovers\n|upkeep\n|turn|26\n|\n|t:|1733911123\n|move|p1a: Jirachi|Protect|p1a: Jirachi\n|-singleturn|p1a: Jirachi|Protect\n|move|p2a: Shaymin|Air Slash|p1a: Jirachi\n|-activate|p1a: Jirachi|move: Protect\n|\n|-heal|p1a: Jirachi|280/291|[from] move: Wish|[wisher] Jirachi\n|-heal|p1a: Jirachi|291/291|[from] item: Leftovers\n|upkeep\n|turn|27\n|\n|t:|1733911132\n|move|p2a: Shaymin|Air Slash|p1a: Jirachi\n|-resisted|p1a: Jirachi\n|-damage|p1a: Jirachi|257/291\n|cant|p1a: Jirachi|flinch\n|\n|-heal|p1a: Jirachi|275/291|[from] item: Leftovers\n|upkeep\n|turn|28\n|\n|t:|1733911139\n|move|p2a: Shaymin|Seed Flare|p1a: Jirachi\n|-resisted|p1a: Jirachi\n|-damage|p1a: Jirachi|220/291\n|-unboost|p1a: Jirachi|spd|2\n|move|p1a: Jirachi|Iron Head|p2a: Shaymin\n|-damage|p2a: Shaymin|109/266\n|\n|-heal|p1a: Jirachi|238/291|[from] item: Leftovers\n|upkeep\n|turn|29\n|\n|t:|1733911147\n|move|p2a: Shaymin|Air Slash|p1a: Jirachi\n|-resisted|p1a: Jirachi\n|-damage|p1a: Jirachi|174/291\n|cant|p1a: Jirachi|flinch\n|\n|-heal|p1a: Jirachi|192/291|[from] item: Leftovers\n|upkeep\n|turn|30\n|\n|t:|1733911153\n|move|p2a: Shaymin|Seed Flare|p1a: Jirachi\n|-resisted|p1a: Jirachi\n|-damage|p1a: Jirachi|90/291\n|-unboost|p1a: Jirachi|spd|2\n|move|p1a: Jirachi|Wish|p1a: Jirachi\n|\n|-heal|p1a: Jirachi|108/291|[from] item: Leftovers\n|upkeep\n|turn|31\n|\n|t:|1733911162\n|move|p1a: Jirachi|Protect|p1a: Jirachi\n|-singleturn|p1a: Jirachi|Protect\n|move|p2a: Shaymin|Air Slash|p1a: Jirachi\n|-activate|p1a: Jirachi|move: Protect\n|\n|-heal|p1a: Jirachi|253/291|[from] move: Wish|[wisher] Jirachi\n|-heal|p1a: Jirachi|271/291|[from] item: Leftovers\n|upkeep\n|turn|32\n|\n|t:|1733911171\n|move|p2a: Shaymin|Synthesis|p2a: Shaymin\n|-heal|p2a: Shaymin|242/266\n|move|p1a: Jirachi|Wish|p1a: Jirachi\n|\n|-heal|p1a: Jirachi|289/291|[from] item: Leftovers\n|upkeep\n|turn|33\n|\n|t:|1733911177\n|move|p2a: Shaymin|Seed Flare|p1a: Jirachi\n|-resisted|p1a: Jirachi\n|-damage|p1a: Jirachi|130/291\n|-unboost|p1a: Jirachi|spd|2\n|move|p1a: Jirachi|Iron Head|p2a: Shaymin\n|-damage|p2a: Shaymin|142/266\n|\n|-heal|p1a: Jirachi|275/291|[from] move: Wish|[wisher] Jirachi\n|-heal|p1a: Jirachi|291/291|[from] item: Leftovers\n|upkeep\n|turn|34\n|\n|t:|1733911187\n|move|p2a: Shaymin|Seed Flare|p1a: Jirachi\n|-resisted|p1a: Jirachi\n|-damage|p1a: Jirachi|78/291\n|move|p1a: Jirachi|Wish|p1a: Jirachi\n|\n|-heal|p1a: Jirachi|96/291|[from] item: Leftovers\n|upkeep\n|turn|35\n|\n|t:|1733911192\n|move|p2a: Shaymin|Air Slash|p1a: Jirachi\n|-resisted|p1a: Jirachi\n|-damage|p1a: Jirachi|0 fnt\n|faint|p1a: Jirachi\n|\n|win|ravenoid1\n|raw|Zekrom&apos;sAura's rating: 1172 &rarr; <strong>1144</strong><br />(-28 for losing)\n|raw|ravenoid1's rating: 1129 &rarr; <strong>1157</strong><br />(+28 for winning)\n|l|\u2606Zekrom'sAura\n|player|p1|\n", "inputlog": ">version bfd83cad13791eb5a5a409923076391caf6fb4d4\n>start {\"formatid\":\"gen9randombattle\",\"seed\":[30784,17,53235,25459],\"rated\":\"Rated battle\"}\n>player p1 {\"name\":\"Zekrom'sAura\",\"avatar\":\"lance\",\"rating\":1172,\"seed\":[62222,40181,4516,15448]}\n>player p2 {\"name\":\"ravenoid1\",\"avatar\":\"2\",\"rating\":1129,\"seed\":[44699,504,35444,55623]}\n>p1 move thunderwave\n>p2 move stealthrock\n>p1 switch 5\n>p2 move heavyslam\n>p1 move stealthrock\n>p2 move stealthrock\n>p1 switch 4\n>p2 move dracometeor\n>p1 switch 4\n>p1 move fireblast\n>p2 move dracometeor\n>p1 move fireblast\n>p2 move fireblast\n>p1 move fireblast\n>p2 move fireblast\n>p1 switch 5\n>p2 move heavyslam\n>p1 move encore\n>p2 move fireblast\n>p1 switch 3\n>p2 move heavyslam\n>p1 move wish\n>p2 move heavyslam\n>p1 move protect\n>p2 move fireblast\n>p1 move ironhead\n>p2 move fireblast\n>p1 switch 2\n>p2 move fireblast\n>p1 move agility\n>p2 move fireblast\n>p1 move sacredsword\n>p2 move fireblast\n>p2 switch 3\n>p1 move psychocut\n>p2 move airslash\n>p1 switch 6\n>p1 move knockoff\n>p2 move airslash\n>p1 switch 2\n>p1 move ironhead\n>p2 move roost\n>p2 switch 6\n>p1 move uturn\n>p2 move seedflare\n>p1 switch 3\n>p1 move thunderwave\n>p2 move airslash\n>p1 switch 5\n>p1 move synthesis terastallize\n>p2 move airslash\n>p1 move synthesis\n>p2 move seedflare\n>p1 move synthesis\n>p2 move seedflare\n>p1 switch 3\n>p1 move wish\n>p2 move earthpower\n>p1 move protect\n>p2 move airslash\n>p1 move ironhead\n>p2 move airslash\n>p1 move ironhead\n>p2 move seedflare\n>p1 move wish\n>p2 move airslash\n>p1 move wish\n>p2 move seedflare\n>p1 move protect\n>p2 move airslash\n>p1 move wish\n>p2 move synthesis\n>p1 move ironhead\n>p2 move seedflare\n>p1 move wish\n>p2 move seedflare\n>p1 move ironhead\n>p2 move airslash", "uploadtime": 1733911200, "views": 1, "formatid": "gen9randombattle", "rating": 1144, "private": 0, "password": null}