{"id": "gen9randombattle-2260544917", "format": "[Gen 9] Random Battle", "players": ["LarryBetraitor", "mloy"], "log": "|j|\u2606LarryBetraitor\n|j|\u2606mloy\n|t:|1733862039\n|gametype|singles\n|player|p1|LarryBetraitor|shelly|1072\n|player|p2|mloy|265|1035\n|teamsize|p1|6\n|teamsize|p2|6\n|gen|9\n|tier|[Gen 9] Random Battle\n|rated|\n|rule|Species Clause: Limit one of each Pok\u00e9mon\n|rule|HP Percentage Mod: HP is shown in percentages\n|rule|Sleep Clause Mod: Limit one foe put to sleep\n|rule|Illusion Level Mod: Illusion disguises the Pok\u00e9mon's true level\n|\n|t:|1733862039\n|start\n|switch|p1a: Camerupt|Camerupt, L91, F|275/275\n|switch|p2a: Kyurem|Kyurem-White, L73|303/303\n|-ability|p2a: Kyurem|Turboblaze\n|turn|1\n|\n|t:|1733862052\n|switch|p2a: Clodsire|Clodsire, L81, M|343/343\n|move|p1a: Camerupt|Stealth Rock|p2a: Clodsire\n|-sidestart|p2: mloy|move: Stealth Rock\n|\n|upkeep\n|turn|2\n|\n|t:|1733862057\n|move|p2a: Clodsire|Toxic|p1a: Camerupt\n|-status|p1a: Camerupt|tox\n|move|p1a: Camerupt|Roar|p2a: Clodsire\n|drag|p2a: Kyurem|Kyurem-White, L73|303/303\n|-damage|p2a: Kyurem|228/303|[from] Stealth Rock\n|-ability|p2a: Kyurem|Turboblaze\n|\n|-damage|p1a: Camerupt|258/275 tox|[from] psn\n|upkeep\n|turn|3\n|\n|t:|1733862070\n|switch|p2a: Clodsire|Clodsire, L81, M|343/343\n|-damage|p2a: Clodsire|322/343|[from] Stealth Rock\n|move|p1a: Camerupt|Roar|p2a: Clodsire\n|drag|p2a: Kyurem|Kyurem-White, L73|228/303\n|-damage|p2a: Kyurem|153/303|[from] Stealth Rock\n|-ability|p2a: Kyurem|Turboblaze\n|\n|-heal|p1a: Camerupt|275/275 tox|[from] item: Leftovers\n|-damage|p1a: Camerupt|241/275 tox|[from] psn\n|upkeep\n|turn|4\n|\n|t:|1733862081\n|switch|p2a: Samurott|Samurott-Hisui, L77, F|265/265\n|-damage|p2a: Samurott|232/265|[from] Stealth Rock\n|move|p1a: Camerupt|Roar|p2a: Samurott\n|drag|p2a: Arbok|Arbok, L87, F|246/246\n|-damage|p2a: Arbok|216/246|[from] Stealth Rock\n|-ability|p2a: Arbok|Intimidate|boost\n|-unboost|p1a: Camerupt|atk|1\n|\n|-heal|p1a: Camerupt|258/275 tox|[from] item: Leftovers\n|-damage|p1a: Camerupt|207/275 tox|[from] psn\n|upkeep\n|turn|5\n|\n|t:|1733862096\n|move|p2a: Arbok|Sucker Punch||[still]\n|-fail|p2a: Arbok\n|move|p1a: Camerupt|Roar|p2a: Arbok\n|drag|p2a: Samurott|Samurott-Hisui, L77, F|232/265\n|-damage|p2a: Samurott|199/265|[from] Stealth Rock\n|\n|-heal|p1a: Camerupt|224/275 tox|[from] item: Leftovers\n|-damage|p1a: Camerupt|156/275 tox|[from] psn\n|upkeep\n|turn|6\n|\n|t:|1733862106\n|move|p2a: Samurott|Razor Shell|p1a: Camerupt\n|-supereffective|p1a: Camerupt\n|-damage|p1a: Camerupt|0 fnt\n|faint|p1a: Camerupt\n|\n|upkeep\n|\n|t:|1733862115\n|switch|p1a: Cyclizar|Cyclizar, L83, F|252/252\n|turn|7\n|\n|t:|1733862119\n|move|p1a: Cyclizar|Shed Tail|p1a: Cyclizar\n|-start|p1a: Cyclizar|Substitute|[from] move: Shed Tail\n|-damage|p1a: Cyclizar|126/252\n|\n|t:|1733862132\n|switch|p1a: Zamazenta|Zamazenta-Crowned, L68|238/238|[from] Shed Tail\n|-ability|p1a: Zamazenta|Dauntless Shield|boost\n|-boost|p1a: Zamazenta|def|1\n|move|p2a: Samurott|Razor Shell|p1a: Zamazenta\n|-end|p1a: Zamazenta|Substitute\n|\n|upkeep\n|turn|8\n|\n|t:|1733862141\n|move|p1a: Zamazenta|Iron Defense|p1a: Zamazenta\n|-boost|p1a: Zamazenta|def|2\n|move|p2a: Samurott|Razor Shell|p1a: Zamazenta\n|-crit|p1a: Zamazenta\n|-damage|p1a: Zamazenta|13/238\n|-unboost|p1a: Zamazenta|def|1\n|\n|upkeep\n|turn|9\n|\n|t:|1733862157\n|move|p1a: Zamazenta|Body Press|p2a: Samurott\n|-supereffective|p2a: Samurott\n|-damage|p2a: Samurott|0 fnt\n|faint|p2a: Samurott\n|\n|upkeep\n|\n|t:|1733862163\n|switch|p2a: Passimian|Passimian, L83, M|302/302\n|-damage|p2a: Passimian|284/302|[from] Stealth Rock\n|turn|10\n|\n|t:|1733862168\n|move|p2a: Passimian|Knock Off|p1a: Zamazenta\n|-resisted|p1a: Zamazenta\n|-damage|p1a: Zamazenta|2/238\n|move|p1a: Zamazenta|Body Press|p2a: Passimian\n|-damage|p2a: Passimian|145/302\n|\n|upkeep\n|turn|11\n|\n|t:|1733862175\n|move|p2a: Passimian|Knock Off|p1a: Zamazenta\n|-resisted|p1a: Zamazenta\n|-damage|p1a: Zamazenta|0 fnt\n|faint|p1a: Zamazenta\n|\n|upkeep\n|\n|t:|1733862180\n|switch|p1a: Cyclizar|Cyclizar, L83, F|210/252\n|turn|12\n|\n|t:|1733862183\n|move|p2a: Passimian|Knock Off|p1a: Cyclizar\n|-damage|p1a: Cyclizar|109/252\n|-enditem|p1a: Cyclizar|Heavy-Duty Boots|[from] move: Knock Off|[of] p2a: Passimian\n|move|p1a: Cyclizar|Shed Tail|p1a: Cyclizar\n|-fail|p1a: Cyclizar|move: Shed Tail|[weak]\n|\n|upkeep\n|turn|13\n|\n|t:|1733862193\n|switch|p1a: Bombirdier|Bombirdier, L85, F|258/258\n|move|p2a: Passimian|Knock Off|p1a: Bombirdier\n|-resisted|p1a: Bombirdier\n|-damage|p1a: Bombirdier|219/258\n|-enditem|p1a: Bombirdier|Heavy-Duty Boots|[from] move: Knock Off|[of] p2a: Passimian\n|\n|upkeep\n|turn|14\n|\n|t:|1733862204\n|switch|p2a: Furret|Furret, L94, M|312/312\n|-damage|p2a: Furret|273/312|[from] Stealth Rock\n|move|p1a: Bombirdier|Brave Bird|p2a: Furret\n|-damage|p2a: Furret|125/312\n|-damage|p1a: Bombirdier|170/258|[from] Recoil\n|\n|upkeep\n|turn|15\n|c|\u2606LarryBetraitor|Peak Pokemon DETECTED!\n|\n|t:|1733862217\n|move|p2a: Furret|U-turn|p1a: Bombirdier\n|-damage|p1a: Bombirdier|85/258\n|\n|t:|1733862220\n|switch|p2a: Arbok|Arbok, L87, F|216/246|[from] U-turn\n|-damage|p2a: Arbok|186/246|[from] Stealth Rock\n|-ability|p2a: Arbok|Intimidate|boost\n|-unboost|p1a: Bombirdier|atk|1\n|move|p1a: Bombirdier|Knock Off|p2a: Arbok\n|-damage|p2a: Arbok|101/246\n|-enditem|p2a: Arbok|Life Orb|[from] move: Knock Off|[of] p1a: Bombirdier\n|\n|upkeep\n|turn|16\n|\n|t:|1733862234\n|move|p2a: Arbok|Gunk Shot|p1a: Bombirdier\n|-damage|p1a: Bombirdier|0 fnt\n|faint|p1a: Bombirdier\n|\n|upkeep\n|\n|t:|1733862244\n|switch|p1a: Cyclizar|Cyclizar, L83, F|193/252\n|turn|17\n|\n|t:|1733862252\n|move|p1a: Cyclizar|Shed Tail|p1a: Cyclizar\n|-start|p1a: Cyclizar|Substitute|[from] move: Shed Tail\n|-damage|p1a: Cyclizar|67/252\n|\n|t:|1733862255\n|switch|p1a: Klawf|Klawf, L90, M|272/272|[from] Shed Tail\n|move|p2a: Arbok|Coil|p2a: Arbok\n|-boost|p2a: Arbok|atk|1\n|-boost|p2a: Arbok|def|1\n|-boost|p2a: Arbok|accuracy|1\n|\n|upkeep\n|turn|18\n|\n|t:|1733862268\n|move|p2a: Arbok|Gunk Shot|p1a: Klawf\n|-resisted|p1a: Klawf\n|-end|p1a: Klawf|Substitute\n|move|p1a: Klawf|Swords Dance|p1a: Klawf\n|-boost|p1a: Klawf|atk|2\n|\n|upkeep\n|turn|19\n|\n|t:|1733862288\n|move|p2a: Arbok|Gunk Shot|p1a: Klawf\n|-resisted|p1a: Klawf\n|-damage|p1a: Klawf|203/272\n|move|p1a: Klawf|High Horsepower|p2a: Arbok\n|-supereffective|p2a: Arbok\n|-damage|p2a: Arbok|0 fnt\n|faint|p2a: Arbok\n|\n|upkeep\n|\n|t:|1733862298\n|switch|p2a: Clodsire|Clodsire, L81, M|322/343\n|-damage|p2a: Clodsire|301/343|[from] Stealth Rock\n|turn|20\n|\n|t:|1733862304\n|move|p1a: Klawf|High Horsepower|p2a: Clodsire\n|-supereffective|p2a: Clodsire\n|-damage|p2a: Clodsire|0 fnt\n|faint|p2a: Clodsire\n|\n|upkeep\n|\n|t:|1733862310\n|switch|p2a: Passimian|Passimian, L83, M|145/302\n|-damage|p2a: Passimian|127/302|[from] Stealth Rock\n|turn|21\n|\n|t:|1733862319\n|move|p2a: Passimian|Close Combat|p1a: Klawf\n|-supereffective|p1a: Klawf\n|-damage|p1a: Klawf|0 fnt\n|-unboost|p2a: Passimian|def|1\n|-unboost|p2a: Passimian|spd|1\n|faint|p1a: Klawf\n|\n|upkeep\n|\n|t:|1733862326\n|switch|p1a: Brambleghast|Brambleghast, L88, M|240/240\n|turn|22\n|\n|t:|1733862333\n|move|p2a: Passimian|Close Combat|p1a: Brambleghast\n|-immune|p1a: Brambleghast\n|move|p1a: Brambleghast|Rapid Spin|p2a: Passimian\n|-damage|p2a: Passimian|61/302\n|-boost|p1a: Brambleghast|spe|1\n|\n|upkeep\n|turn|23\n|\n|t:|1733862340\n|switch|p2a: Furret|Furret, L94, M|125/312\n|-damage|p2a: Furret|86/312|[from] Stealth Rock\n|-item|p1a: Brambleghast|Heavy-Duty Boots|[from] ability: Frisk|[of] p2a: Furret\n|move|p1a: Brambleghast|Rapid Spin|p2a: Furret\n|-damage|p2a: Furret|32/312\n|-boost|p1a: Brambleghast|spe|1\n|\n|upkeep\n|turn|24\n|\n|t:|1733862349\n|move|p1a: Brambleghast|Rapid Spin|p2a: Furret\n|-damage|p2a: Furret|0 fnt\n|-boost|p1a: Brambleghast|spe|1\n|faint|p2a: Furret\n|\n|upkeep\n|\n|t:|1733862354\n|switch|p2a: Passimian|Passimian, L83, M|61/302\n|-damage|p2a: Passimian|43/302|[from] Stealth Rock\n|turn|25\n|\n|t:|1733862363\n|move|p1a: Brambleghast|Rapid Spin|p2a: Passimian\n|-damage|p2a: Passimian|0 fnt\n|-boost|p1a: Brambleghast|spe|1\n|faint|p2a: Passimian\n|\n|upkeep\n|\n|t:|1733862366\n|switch|p2a: Kyurem|Kyurem-White, L73|153/303\n|-damage|p2a: Kyurem|78/303|[from] Stealth Rock\n|-ability|p2a: Kyurem|Turboblaze\n|turn|26\n|\n|t:|1733862374\n|-terastallize|p2a: Kyurem|Dragon\n|move|p1a: Brambleghast|Poltergeist|p2a: Kyurem\n|-activate|p2a: Kyurem|move: Poltergeist|Choice Scarf\n|-damage|p2a: Kyurem|0 fnt\n|faint|p2a: Kyurem\n|\n|win|LarryBetraitor\n|raw|LarryBetraitor's rating: 1072 &rarr; <strong>1098</strong><br />(+26 for winning)\n|raw|mloy's rating: 1035 &rarr; <strong>1021</strong><br />(-14 for losing)\n", "inputlog": ">version bfd83cad13791eb5a5a409923076391caf6fb4d4\n>start {\"formatid\":\"gen9randombattle\",\"seed\":[8090,1769,51347,43562],\"rated\":\"Rated battle\"}\n>player p1 {\"name\":\"LarryBetraitor\",\"avatar\":\"shelly\",\"rating\":1072,\"seed\":[51089,13216,59550,19119]}\n>player p2 {\"name\":\"mloy\",\"avatar\":\"265\",\"rating\":1035,\"seed\":[22745,61999,22765,4320]}\n>p1 move stealthrock\n>p2 switch 5\n>p1 move roar\n>p2 move toxic\n>p1 move roar\n>p2 switch 5\n>p1 move roar\n>p2 switch 3\n>p1 move roar\n>p2 move suckerpunch\n>p1 move roar\n>p2 move razorshell\n>p1 switch 5\n>p1 move shedtail\n>p2 move razorshell\n>p1 switch 2\n>p1 move irondefense\n>p2 move razorshell\n>p1 move bodypress\n>p2 move razorshell\n>p2 switch 2\n>p1 move bodypress\n>p2 move knockoff\n>p1 move heavyslam\n>p2 move knockoff\n>p1 switch 2\n>p1 move shedtail\n>p2 move knockoff\n>p1 switch 6\n>p2 move knockoff\n>p1 move bravebird\n>p2 switch 4\n>chat \u2606LarryBetraitor|Peak Pokemon DETECTED!\n>p1 move knockoff\n>p2 move uturn\n>p2 switch 6\n>p1 move roost\n>p2 move gunkshot\n>p1 switch 6\n>p1 move shedtail\n>p2 move coil\n>p1 switch 3\n>p1 move swordsdance\n>p2 move gunkshot\n>p1 move highhorsepower\n>p2 move gunkshot\n>p2 switch 5\n>p1 move highhorsepower\n>p2 move toxic\n>p2 switch 4\n>p1 move highhorsepower\n>p2 move closecombat\n>p1 switch 4\n>p1 move rapidspin\n>p2 move closecombat\n>p1 move rapidspin\n>p2 switch 6\n>p1 move rapidspin\n>p2 move knockoff\n>p2 switch 6\n>p1 move rapidspin\n>p2 move closecombat\n>p2 switch 3\n>p1 move poltergeist\n>p2 move freezedry terastallize", "uploadtime": 1733862386, "views": 1, "formatid": "gen9randombattle", "rating": 1021, "private": 0, "password": null}