{"id": "gen9randombattle-2181809048", "format": "[Gen 9] Random Battle", "players": ["Casual dot exe", "Qiuescent"], "log": "|j|\u2606Casual dot exe\n|j|\u203dQiuescent\n|t:|1723877791\n|gametype|singles\n|player|p1|Casual dot exe|#rbtt7teamrayquazaf|2258\n|player|p2|Qiuescent|170|2229\n|teamsize|p1|6\n|teamsize|p2|6\n|gen|9\n|tier|[Gen 9] Random Battle\n|rated|\n|rule|Species Clause: Limit one of each Pok\u00e9mon\n|rule|HP Percentage Mod: HP is shown in percentages\n|rule|Sleep Clause Mod: Limit one foe put to sleep\n|rule|Illusion Level Mod: Illusion disguises the Pok\u00e9mon's true level\n|\n|t:|1723877791\n|start\n|switch|p1a: Sceptile|Sceptile, L87, M|264/264\n|switch|p2a: Kyogre|Kyogre, L71|259/259\n|-weather|RainDance|[from] ability: Drizzle|[of] p2a: Kyogre\n|turn|1\n|\n|t:|1723877799\n|switch|p1a: Basculin|Basculin-Blue-Striped, L86, F|261/261\n|switch|p2a: Iron Crown|Iron Crown, L79|272/272\n|\n|-weather|RainDance|[upkeep]\n|upkeep\n|turn|2\n|\n|t:|1723877809\n|-end|p2a: Iron Crown|Quark Drive|[silent]\n|switch|p2a: Virizion|Virizion, L82|283/283\n|move|p1a: Basculin|Flip Turn|p2a: Virizion\n|-resisted|p2a: Virizion\n|-damage|p2a: Virizion|161/283\n|\n|t:|1723877829\n|switch|p1a: Ampharos|Ampharos, L88, M|302/302|[from] Flip Turn\n|\n|-weather|RainDance|[upkeep]\n|upkeep\n|turn|3\n|inactive|Battle timer is ON: inactive players will automatically lose when time's up. (requested by Qiuescent)\n|\n|t:|1723877834\n|move|p2a: Virizion|Close Combat|p1a: Ampharos\n|-damage|p1a: Ampharos|154/302\n|-unboost|p2a: Virizion|def|1\n|-unboost|p2a: Virizion|spd|1\n|-status|p2a: Virizion|par|[from] ability: Static|[of] p1a: Ampharos\n|-damage|p2a: Virizion|133/283 par|[from] item: Life Orb\n|move|p1a: Ampharos|Agility|p1a: Ampharos\n|-boost|p1a: Ampharos|spe|2\n|\n|-weather|RainDance|[upkeep]\n|upkeep\n|turn|4\n|\n|t:|1723877846\n|switch|p2a: Magmortar|Magmortar, L88, F|275/275\n|move|p1a: Ampharos|Dazzling Gleam|p2a: Magmortar\n|-resisted|p2a: Magmortar\n|-damage|p2a: Magmortar|235/275\n|-damage|p1a: Ampharos|124/302|[from] item: Life Orb\n|\n|-weather|RainDance|[upkeep]\n|upkeep\n|turn|5\n|\n|t:|1723877849\n|switch|p2a: Sandaconda|Sandaconda, L84, M|258/258\n|move|p1a: Ampharos|Thunderbolt|p2a: Sandaconda\n|-immune|p2a: Sandaconda\n|\n|-weather|none\n|upkeep\n|turn|6\n|\n|t:|1723877852\n|move|p1a: Ampharos|Focus Blast|p2a: Sandaconda\n|-damage|p2a: Sandaconda|83/258\n|-damage|p1a: Ampharos|94/302|[from] item: Life Orb\n|move|p2a: Sandaconda|Earthquake|p1a: Ampharos\n|-supereffective|p1a: Ampharos\n|-damage|p1a: Ampharos|0 fnt\n|faint|p1a: Ampharos\n|\n|-heal|p2a: Sandaconda|99/258|[from] item: Leftovers\n|upkeep\n|\n|t:|1723877856\n|switch|p1a: Basculin|Basculin-Blue-Striped, L86, F|261/261\n|turn|7\n|\n|t:|1723877858\n|switch|p2a: Virizion|Virizion, L82|133/283 par\n|move|p1a: Basculin|Flip Turn|p2a: Virizion\n|-resisted|p2a: Virizion\n|-damage|p2a: Virizion|61/283 par\n|\n|t:|1723877872\n|switch|p1a: Delibird|Delibird, F|252/252|[from] Flip Turn\n|\n|upkeep\n|turn|8\n|\n|t:|1723877876\n|move|p1a: Delibird|Ice Spinner|p2a: Virizion\n|-supereffective|p2a: Virizion\n|-damage|p2a: Virizion|0 fnt\n|faint|p2a: Virizion\n|\n|upkeep\n|\n|t:|1723877886\n|switch|p2a: Magmortar|Magmortar, L88, F|235/275\n|turn|9\n|\n|t:|1723877893\n|move|p1a: Delibird|Drill Run|p2a: Magmortar|[miss]\n|-miss|p1a: Delibird|p2a: Magmortar\n|move|p2a: Magmortar|Will-O-Wisp|p1a: Delibird\n|-status|p1a: Delibird|brn\n|\n|-damage|p1a: Delibird|237/252 brn|[from] brn\n|upkeep\n|turn|10\n|\n|t:|1723877899\n|move|p1a: Delibird|Drill Run|p2a: Magmortar|[miss]\n|-miss|p1a: Delibird|p2a: Magmortar\n|move|p2a: Magmortar|Fire Blast|p1a: Delibird\n|-supereffective|p1a: Delibird\n|-damage|p1a: Delibird|0 fnt\n|faint|p1a: Delibird\n|\n|upkeep\n|\n|t:|1723877903\n|switch|p1a: Basculin|Basculin-Blue-Striped, L86, F|261/261\n|turn|11\n|\n|t:|1723877910\n|-terastallize|p2a: Magmortar|Electric\n|move|p1a: Basculin|Flip Turn|p2a: Magmortar\n|-damage|p2a: Magmortar|95/275\n|\n|t:|1723877918\n|switch|p1a: Sceptile|Sceptile, L87, M|264/264|[from] Flip Turn\n|move|p2a: Magmortar|Will-O-Wisp|p1a: Sceptile\n|-status|p1a: Sceptile|brn\n|\n|-damage|p1a: Sceptile|248/264 brn|[from] brn\n|upkeep\n|turn|12\n|\n|t:|1723877920\n|switch|p2a: Iron Crown|Iron Crown, L79|272/272\n|move|p1a: Sceptile|Earthquake|p2a: Iron Crown\n|-supereffective|p2a: Iron Crown\n|-damage|p2a: Iron Crown|190/272\n|-damage|p1a: Sceptile|222/264 brn|[from] item: Life Orb\n|\n|-heal|p2a: Iron Crown|207/272|[from] item: Leftovers\n|-damage|p1a: Sceptile|206/264 brn|[from] brn\n|upkeep\n|turn|13\n|\n|t:|1723877925\n|move|p1a: Sceptile|Swords Dance|p1a: Sceptile\n|-boost|p1a: Sceptile|atk|2\n|move|p2a: Iron Crown|Psyshock|p1a: Sceptile\n|-damage|p1a: Sceptile|94/264 brn\n|\n|-heal|p2a: Iron Crown|224/272|[from] item: Leftovers\n|-damage|p1a: Sceptile|78/264 brn|[from] brn\n|upkeep\n|turn|14\n|\n|t:|1723877927\n|move|p1a: Sceptile|Earthquake|p2a: Iron Crown\n|-supereffective|p2a: Iron Crown\n|-damage|p2a: Iron Crown|51/272\n|-damage|p1a: Sceptile|52/264 brn|[from] item: Life Orb\n|move|p2a: Iron Crown|Psyshock|p1a: Sceptile\n|-damage|p1a: Sceptile|0 fnt\n|faint|p1a: Sceptile\n|\n|-heal|p2a: Iron Crown|68/272|[from] item: Leftovers\n|upkeep\n|\n|t:|1723877930\n|switch|p1a: Basculin|Basculin-Blue-Striped, L86, F|261/261\n|turn|15\n|\n|t:|1723877933\n|move|p1a: Basculin|Flip Turn|p2a: Iron Crown\n|-damage|p2a: Iron Crown|0 fnt\n|faint|p2a: Iron Crown\n|-end|p2a: Iron Crown|Quark Drive|[silent]\n|\n|t:|1723877938\n|switch|p1a: Clawitzer|Clawitzer, L87, M|265/265|[from] Flip Turn\n|\n|upkeep\n|\n|t:|1723877944\n|switch|p2a: Magmortar|Magmortar, L88, F, tera:Electric|95/275\n|turn|16\n|\n|t:|1723877965\n|move|p2a: Magmortar|Thunderbolt|p1a: Clawitzer\n|-supereffective|p1a: Clawitzer\n|-crit|p1a: Clawitzer\n|-damage|p1a: Clawitzer|0 fnt\n|faint|p1a: Clawitzer\n|\n|upkeep\n|\n|t:|1723877967\n|switch|p1a: Basculin|Basculin-Blue-Striped, L86, F|261/261\n|turn|17\n|\n|t:|1723877970\n|move|p1a: Basculin|Flip Turn|p2a: Magmortar\n|-damage|p2a: Magmortar|0 fnt\n|faint|p2a: Magmortar\n|\n|t:|1723877971\n|switch|p1a: Rampardos|Rampardos, L90, F|321/321|[from] Flip Turn\n|\n|upkeep\n|\n|t:|1723877986\n|switch|p2a: Sandaconda|Sandaconda, L84, M|99/258\n|turn|18\n|\n|t:|1723877993\n|switch|p1a: Basculin|Basculin-Blue-Striped, L86, F|261/261\n|move|p2a: Sandaconda|Earthquake|p1a: Basculin\n|-damage|p1a: Basculin|128/261\n|\n|-heal|p2a: Sandaconda|115/258|[from] item: Leftovers\n|upkeep\n|turn|19\n|\n|t:|1723877996\n|move|p1a: Basculin|Flip Turn|p2a: Sandaconda\n|-supereffective|p2a: Sandaconda\n|-damage|p2a: Sandaconda|0 fnt\n|faint|p2a: Sandaconda\n|\n|t:|1723877998\n|switch|p1a: Rampardos|Rampardos, L90, F|321/321|[from] Flip Turn\n|\n|upkeep\n|\n|t:|1723878001\n|switch|p2a: Kyogre|Kyogre, L71|259/259\n|-weather|RainDance|[from] ability: Drizzle|[of] p2a: Kyogre\n|turn|20\n|\n|t:|1723878027\n|move|p2a: Kyogre|Water Spout|p1a: Rampardos\n|-supereffective|p1a: Rampardos\n|-damage|p1a: Rampardos|0 fnt\n|faint|p1a: Rampardos\n|\n|-weather|RainDance|[upkeep]\n|upkeep\n|\n|t:|1723878028\n|switch|p1a: Basculin|Basculin-Blue-Striped, L86, F|128/261\n|turn|21\n|\n|t:|1723878032\n|-terastallize|p1a: Basculin|Water\n|move|p1a: Basculin|Aqua Jet|p2a: Kyogre\n|-resisted|p2a: Kyogre\n|-damage|p2a: Kyogre|179/259\n|move|p2a: Kyogre|Water Spout|p1a: Basculin\n|-resisted|p1a: Basculin\n|-damage|p1a: Basculin|23/261\n|\n|-weather|RainDance|[upkeep]\n|upkeep\n|turn|22\n|\n|t:|1723878035\n|move|p1a: Basculin|Aqua Jet|p2a: Kyogre\n|-resisted|p2a: Kyogre\n|-damage|p2a: Kyogre|93/259\n|move|p2a: Kyogre|Water Spout|p1a: Basculin\n|-resisted|p1a: Basculin\n|-damage|p1a: Basculin|0 fnt\n|faint|p1a: Basculin\n|\n|win|Qiuescent\n|raw|Casual dot exe's rating: 2258 &rarr; <strong>2236</strong><br />(-22 for losing)\n|raw|Qiuescent's rating: 2229 &rarr; <strong>2251</strong><br />(+22 for winning)\n|l|\u2606Casual dot exe\n|player|p1|\n", "inputlog": ">version c8723271ab0675f5f411eb9d2dac5dec06d0ce89\n>start {\"formatid\":\"gen9randombattle\",\"seed\":[52406,29566,9694,19587],\"rated\":\"Rated battle\"}\n>player p1 {\"name\":\"Casual dot exe\",\"avatar\":\"#rbtt7teamrayquazaf\",\"rating\":2258,\"seed\":[54970,32811,17969,29323]}\n>player p2 {\"name\":\"Qiuescent\",\"avatar\":\"170\",\"rating\":2229,\"seed\":[26864,10005,18075,12431]}\n>p1 switch 6\n>p2 switch 5\n>p1 move flipturn\n>p2 switch 2\n>p1 switch 2\n>p1 move agility\n>p2 move closecombat\n>p1 move dazzlinggleam\n>p2 switch 4\n>p1 move thunderbolt\n>p2 switch 3\n>p1 move focusblast\n>p2 move earthquake\n>p1 switch 2\n>p1 move flipturn\n>p2 switch 4\n>p1 switch 3\n>p1 move icespinner\n>p2 move stoneedge\n>p2 switch 3\n>p1 move drillrun\n>p2 move willowisp\n>p1 move drillrun\n>p2 move fireblast\n>p1 switch 3\n>p1 move flipturn\n>p2 move willowisp terastallize\n>p1 switch 6\n>p1 move earthquake\n>p2 switch 2\n>p1 move swordsdance\n>p2 move psyshock\n>p1 move earthquake\n>p2 move psyshock\n>p1 switch 6\n>p1 move flipturn\n>p2 move psyshock\n>p1 switch 4\n>p2 switch 2\n>p1 move waterpulse\n>p2 move thunderbolt\n>p1 switch 4\n>p1 move flipturn\n>p2 move thunderbolt\n>p1 switch 5\n>p2 switch 4\n>p1 switch 5\n>p2 move earthquake\n>p1 move flipturn\n>p2 move earthquake\n>p1 switch 5\n>p2 switch 5\n>p1 move headsmash\n>p2 move waterspout\n>p1 switch 5\n>p1 move aquajet terastallize\n>p2 move waterspout\n>p1 move aquajet\n>p2 move waterspout", "uploadtime": 1723878042, "views": 122, "formatid": "gen9randombattle", "rating": 2236, "private": 0, "password": null}