{"id": "gen9randombattle-2260512522", "format": "[Gen 9] Random Battle", "players": ["mcahner", "UziBoii"], "log": "|j|\u2606mcahner\n|j|\u2606UziBoii\n|t:|1733858796\n|gametype|singles\n|player|p1|mcahner|1|1383\n|player|p2|UziBoii|ethan|1406\n|teamsize|p1|6\n|teamsize|p2|6\n|gen|9\n|tier|[Gen 9] Random Battle\n|rated|\n|rule|Species Clause: Limit one of each Pok\u00e9mon\n|rule|HP Percentage Mod: HP is shown in percentages\n|rule|Sleep Clause Mod: Limit one foe put to sleep\n|rule|Illusion Level Mod: Illusion disguises the Pok\u00e9mon's true level\n|\n|t:|1733858796\n|start\n|switch|p1a: Dondozo|Dondozo, L78, M|362/362\n|switch|p2a: Cyclizar|Cyclizar, L83, M|252/252\n|turn|1\n|inactive|Battle timer is ON: inactive players will automatically lose when time's up. (requested by UziBoii)\n|\n|t:|1733858803\n|move|p2a: Cyclizar|Knock Off|p1a: Dondozo\n|-damage|p1a: Dondozo|302/362\n|-enditem|p1a: Dondozo|Leftovers|[from] move: Knock Off|[of] p2a: Cyclizar\n|move|p1a: Dondozo|Curse|p1a: Dondozo\n|-unboost|p1a: Dondozo|spe|1\n|-boost|p1a: Dondozo|atk|1\n|-boost|p1a: Dondozo|def|1\n|\n|upkeep\n|turn|2\n|\n|t:|1733858813\n|move|p2a: Cyclizar|Shed Tail|p2a: Cyclizar\n|-start|p2a: Cyclizar|Substitute|[from] move: Shed Tail\n|-damage|p2a: Cyclizar|126/252\n|\n|t:|1733858816\n|switch|p2a: Krookodile|Krookodile, L80, F|283/283|[from] Shed Tail\n|-ability|p2a: Krookodile|Intimidate|boost\n|-unboost|p1a: Dondozo|atk|1\n|move|p1a: Dondozo|Curse|p1a: Dondozo\n|-unboost|p1a: Dondozo|spe|1\n|-boost|p1a: Dondozo|atk|1\n|-boost|p1a: Dondozo|def|1\n|\n|upkeep\n|turn|3\n|\n|t:|1733858825\n|switch|p2a: Cyclizar|Cyclizar, L83, M|210/252\n|move|p1a: Dondozo|Wave Crash|p2a: Cyclizar\n|-resisted|p2a: Cyclizar\n|-damage|p2a: Cyclizar|111/252\n|-damage|p1a: Dondozo|269/362|[from] Recoil\n|\n|upkeep\n|turn|4\n|\n|t:|1733858833\n|switch|p2a: Dachsbun|Dachsbun, L92, M|254/254\n|move|p1a: Dondozo|Wave Crash|p2a: Dachsbun\n|-damage|p2a: Dachsbun|134/254\n|-damage|p1a: Dondozo|229/362|[from] Recoil\n|\n|-heal|p2a: Dachsbun|149/254|[from] item: Leftovers\n|upkeep\n|turn|5\n|\n|t:|1733858841\n|move|p2a: Dachsbun|Wish|p2a: Dachsbun\n|move|p1a: Dondozo|Wave Crash|p2a: Dachsbun\n|-damage|p2a: Dachsbun|14/254\n|-damage|p1a: Dondozo|184/362|[from] Recoil\n|\n|-heal|p2a: Dachsbun|29/254|[from] item: Leftovers\n|upkeep\n|turn|6\n|\n|t:|1733858848\n|switch|p2a: Cyclizar|Cyclizar, L83, M|195/252\n|move|p1a: Dondozo|Wave Crash|p2a: Cyclizar\n|-resisted|p2a: Cyclizar\n|-damage|p2a: Cyclizar|93/252\n|-damage|p1a: Dondozo|150/362|[from] Recoil\n|\n|-heal|p2a: Cyclizar|220/252|[from] move: Wish|[wisher] Dachsbun\n|upkeep\n|turn|7\n|\n|t:|1733858858\n|move|p2a: Cyclizar|Draco Meteor|p1a: Dondozo\n|-damage|p1a: Dondozo|0 fnt\n|-unboost|p2a: Cyclizar|spa|2\n|faint|p1a: Dondozo\n|\n|upkeep\n|\n|t:|1733858867\n|switch|p1a: Iron Valiant|Iron Valiant, L78|244/244\n|turn|8\n|\n|t:|1733858872\n|move|p2a: Cyclizar|Shed Tail|p2a: Cyclizar\n|-start|p2a: Cyclizar|Substitute|[from] move: Shed Tail\n|-damage|p2a: Cyclizar|94/252\n|\n|t:|1733858876\n|switch|p2a: Revavroom|Revavroom, L79, M|256/256|[from] Shed Tail\n|move|p1a: Iron Valiant|Close Combat|p2a: Revavroom\n|-end|p2a: Revavroom|Substitute\n|-unboost|p1a: Iron Valiant|def|1\n|-unboost|p1a: Iron Valiant|spd|1\n|-damage|p1a: Iron Valiant|220/244|[from] item: Life Orb\n|\n|upkeep\n|turn|9\n|\n|t:|1733858894\n|-terastallize|p1a: Iron Valiant|Steel\n|move|p1a: Iron Valiant|Psychic|p2a: Revavroom\n|-damage|p2a: Revavroom|140/256\n|-damage|p1a: Iron Valiant|196/244|[from] item: Life Orb\n|move|p2a: Revavroom|Shift Gear|p2a: Revavroom\n|-boost|p2a: Revavroom|spe|2\n|-boost|p2a: Revavroom|atk|1\n|\n|upkeep\n|turn|10\n|\n|t:|1733858904\n|move|p2a: Revavroom|High Horsepower|p1a: Iron Valiant\n|-supereffective|p1a: Iron Valiant\n|-damage|p1a: Iron Valiant|0 fnt\n|faint|p1a: Iron Valiant\n|-end|p1a: Iron Valiant|Quark Drive|[silent]\n|-damage|p2a: Revavroom|115/256|[from] item: Life Orb\n|\n|upkeep\n|\n|t:|1733858913\n|switch|p1a: Excadrill|Excadrill, L79, F|303/303\n|-ability|p1a: Excadrill|Mold Breaker\n|turn|11\n|\n|t:|1733858918\n|move|p2a: Revavroom|High Horsepower|p1a: Excadrill\n|-supereffective|p1a: Excadrill\n|-damage|p1a: Excadrill|0 fnt\n|faint|p1a: Excadrill\n|-damage|p2a: Revavroom|90/256|[from] item: Life Orb\n|\n|upkeep\n|\n|t:|1733858926\n|switch|p1a: Azumarill|Azumarill, L82, M|298/298\n|turn|12\n|\n|t:|1733858930\n|move|p1a: Azumarill|Aqua Jet|p2a: Revavroom\n|-damage|p2a: Revavroom|18/256\n|move|p2a: Revavroom|Gunk Shot|p1a: Azumarill|[miss]\n|-miss|p2a: Revavroom|p1a: Azumarill\n|\n|upkeep\n|turn|13\n|\n|t:|1733858936\n|move|p1a: Azumarill|Aqua Jet|p2a: Revavroom\n|-damage|p2a: Revavroom|0 fnt\n|faint|p2a: Revavroom\n|\n|upkeep\n|\n|t:|1733858939\n|switch|p2a: Cyclizar|Cyclizar, L83, M|178/252\n|turn|14\n|\n|t:|1733858945\n|move|p1a: Azumarill|Aqua Jet|p2a: Cyclizar\n|-resisted|p2a: Cyclizar\n|-damage|p2a: Cyclizar|132/252\n|move|p2a: Cyclizar|Knock Off|p1a: Azumarill\n|-resisted|p1a: Azumarill\n|-crit|p1a: Azumarill\n|-damage|p1a: Azumarill|242/298\n|-enditem|p1a: Azumarill|Choice Band|[from] move: Knock Off|[of] p2a: Cyclizar\n|\n|upkeep\n|turn|15\n|\n|t:|1733858954\n|move|p2a: Cyclizar|Shed Tail|p2a: Cyclizar\n|-start|p2a: Cyclizar|Substitute|[from] move: Shed Tail\n|-damage|p2a: Cyclizar|6/252\n|\n|t:|1733858957\n|switch|p2a: Dachsbun|Dachsbun, L92, M|29/254|[from] Shed Tail\n|move|p1a: Azumarill|Superpower|p2a: Dachsbun\n|-resisted|p2a: Dachsbun\n|-activate|p2a: Dachsbun|move: Substitute|[damage]\n|-unboost|p1a: Azumarill|atk|1\n|-unboost|p1a: Azumarill|def|1\n|\n|-heal|p2a: Dachsbun|44/254|[from] item: Leftovers\n|upkeep\n|turn|16\n|\n|t:|1733858966\n|move|p1a: Azumarill|Aqua Jet|p2a: Dachsbun\n|-end|p2a: Dachsbun|Substitute\n|move|p2a: Dachsbun|Wish|p2a: Dachsbun\n|\n|-heal|p2a: Dachsbun|59/254|[from] item: Leftovers\n|upkeep\n|turn|17\n|\n|t:|1733858974\n|move|p2a: Dachsbun|Protect|p2a: Dachsbun\n|-singleturn|p2a: Dachsbun|Protect\n|move|p1a: Azumarill|Superpower|p2a: Dachsbun\n|-activate|p2a: Dachsbun|move: Protect\n|\n|-heal|p2a: Dachsbun|186/254|[from] move: Wish|[wisher] Dachsbun\n|-heal|p2a: Dachsbun|201/254|[from] item: Leftovers\n|upkeep\n|turn|18\n|\n|t:|1733858984\n|move|p2a: Dachsbun|Play Rough|p1a: Azumarill\n|-crit|p1a: Azumarill\n|-damage|p1a: Azumarill|0 fnt\n|faint|p1a: Azumarill\n|\n|-heal|p2a: Dachsbun|216/254|[from] item: Leftovers\n|upkeep\n|\n|t:|1733858990\n|switch|p1a: Ursaring|Ursaring, L84, F|288/288\n|turn|19\n|\n|t:|1733858997\n|move|p2a: Dachsbun|Body Press|p1a: Ursaring\n|-supereffective|p1a: Ursaring\n|-damage|p1a: Ursaring|100/288\n|move|p1a: Ursaring|Close Combat|p2a: Dachsbun\n|-resisted|p2a: Dachsbun\n|-damage|p2a: Dachsbun|178/254\n|-unboost|p1a: Ursaring|def|1\n|-unboost|p1a: Ursaring|spd|1\n|\n|-heal|p2a: Dachsbun|193/254|[from] item: Leftovers\n|-status|p1a: Ursaring|tox|[from] item: Toxic Orb\n|upkeep\n|turn|20\n|\n|t:|1733859008\n|move|p2a: Dachsbun|Protect|p2a: Dachsbun\n|-singleturn|p2a: Dachsbun|Protect\n|move|p1a: Ursaring|Facade|p2a: Dachsbun\n|-activate|p2a: Dachsbun|move: Protect\n|\n|-heal|p2a: Dachsbun|208/254|[from] item: Leftovers\n|-damage|p1a: Ursaring|82/288 tox|[from] psn\n|upkeep\n|turn|21\n|\n|t:|1733859015\n|switch|p2a: Krookodile|Krookodile, L80, F|283/283\n|-ability|p2a: Krookodile|Intimidate|boost\n|-unboost|p1a: Ursaring|atk|1\n|move|p1a: Ursaring|Facade|p2a: Krookodile\n|-damage|p2a: Krookodile|148/283\n|\n|-damage|p1a: Ursaring|46/288 tox|[from] psn\n|upkeep\n|turn|22\n|\n|t:|1733859024\n|switch|p2a: Dachsbun|Dachsbun, L92, M|208/254\n|move|p1a: Ursaring|Close Combat|p2a: Dachsbun\n|-resisted|p2a: Dachsbun\n|-damage|p2a: Dachsbun|180/254\n|-unboost|p1a: Ursaring|def|1\n|-unboost|p1a: Ursaring|spd|1\n|\n|-heal|p2a: Dachsbun|195/254|[from] item: Leftovers\n|-damage|p1a: Ursaring|0 fnt|[from] psn\n|faint|p1a: Ursaring\n|upkeep\n|\n|t:|1733859035\n|switch|p1a: Eternatus|Eternatus, L69|308/308\n|-ability|p1a: Eternatus|Pressure\n|turn|23\n|\n|t:|1733859047\n|move|p2a: Dachsbun|Wish|p2a: Dachsbun\n|move|p1a: Eternatus|Flamethrower|p2a: Dachsbun\n|-ability|p2a: Dachsbun|Well-Baked Body|boost\n|-boost|p2a: Dachsbun|def|2\n|\n|-heal|p2a: Dachsbun|210/254|[from] item: Leftovers\n|upkeep\n|turn|24\n|\n|t:|1733859054\n|switch|p2a: Krookodile|Krookodile, L80, F|148/283\n|-ability|p2a: Krookodile|Intimidate|boost\n|-unboost|p1a: Eternatus|atk|1\n|move|p1a: Eternatus|Dynamax Cannon|p2a: Krookodile\n|-damage|p2a: Krookodile|27/283\n|\n|-heal|p2a: Krookodile|154/283|[from] move: Wish|[wisher] Dachsbun\n|upkeep\n|turn|25\n|\n|t:|1733859064\n|move|p1a: Eternatus|Dynamax Cannon|p2a: Krookodile\n|-damage|p2a: Krookodile|24/283\n|move|p2a: Krookodile|Earthquake|p1a: Eternatus\n|-supereffective|p1a: Eternatus\n|-damage|p1a: Eternatus|0 fnt\n|faint|p1a: Eternatus\n|-damage|p2a: Krookodile|0 fnt|[from] item: Life Orb\n|faint|p2a: Krookodile\n|\n|win|UziBoii\n|raw|mcahner's rating: 1383 &rarr; <strong>1364</strong><br />(-19 for losing)\n|raw|UziBoii's rating: 1406 &rarr; <strong>1425</strong><br />(+19 for winning)\n", "inputlog": ">version bfd83cad13791eb5a5a409923076391caf6fb4d4\n>start {\"formatid\":\"gen9randombattle\",\"seed\":[31523,4684,57161,32724],\"rated\":\"Rated battle\"}\n>player p1 {\"name\":\"mcahner\",\"avatar\":\"1\",\"rating\":1383,\"seed\":[33469,2710,48215,1964]}\n>player p2 {\"name\":\"UziBoii\",\"avatar\":\"ethan\",\"rating\":1406,\"seed\":[58077,12134,57525,58265]}\n>p1 move curse\n>p2 move knockoff\n>p1 move curse\n>p2 move shedtail\n>p2 switch 6\n>p1 move wavecrash\n>p2 switch 6\n>p1 move wavecrash\n>p2 switch 5\n>p1 move wavecrash\n>p2 move wish\n>p1 move wavecrash\n>p2 switch 5\n>p1 move wavecrash\n>p2 move dracometeor\n>p1 switch 2\n>p1 move closecombat\n>p2 move shedtail\n>p2 switch 4\n>p1 move psychic terastallize\n>p2 move shiftgear\n>p1 move psychic\n>p2 move highhorsepower\n>p1 switch 3\n>p1 move earthquake\n>p2 move highhorsepower\n>p1 switch 5\n>p1 move aquajet\n>p2 move gunkshot\n>p1 move aquajet\n>p2 move gunkshot\n>p2 switch 4\n>p1 move aquajet\n>p2 move knockoff\n>p1 move superpower\n>p2 move shedtail\n>p2 switch 5\n>p1 move aquajet\n>p2 move wish\n>p1 move superpower\n>p2 move protect\n>p1 move superpower\n>p2 move playrough\n>p1 switch 4\n>p1 move closecombat\n>p2 move bodypress\n>p1 move facade\n>p2 move protect\n>p1 move facade\n>p2 switch 6\n>p1 move closecombat\n>p2 switch 6\n>p1 switch 6\n>p1 move flamethrower\n>p2 move wish\n>p1 move dynamaxcannon\n>p2 switch 6\n>p1 move dynamaxcannon\n>p2 move earthquake", "uploadtime": 1733859066, "views": 1, "formatid": "gen9randombattle", "rating": 1364, "private": 0, "password": null}