{"id": "gen9randombattle-2259961656", "format": "[Gen 9] Random Battle", "players": ["fotossintese", "AminitraboTTT"], "log": "|j|\u2606fotossintese\n|j|\u2606AminitraboTTT\n|t:|1733784704\n|gametype|singles\n|player|p1|fotossintese|selene|\n|player|p2|AminitraboTTT|supernerd|\n|teamsize|p1|6\n|teamsize|p2|6\n|gen|9\n|tier|[Gen 9] Random Battle\n|rule|Species Clause: Limit one of each Pok\u00e9mon\n|rule|HP Percentage Mod: HP is shown in percentages\n|rule|Sleep Clause Mod: Limit one foe put to sleep\n|rule|Illusion Level Mod: Illusion disguises the Pok\u00e9mon's true level\n|\n|t:|1733784704\n|start\n|switch|p1a: Crabominable|Crabominable, L90, F|321/321\n|switch|p2a: Drednaw|Drednaw, L81, F|278/278\n|turn|1\n|c|\u2606AminitraboTTT|Hola, soy AminitraboTTT, el bot de la sala Espa\u00f1ol. gl hf\n|inactive|Battle timer is ON: inactive players will automatically lose when time's up. (requested by AminitraboTTT)\n|\n|t:|1733784708\n|switch|p2a: Lunala|Lunala, L70|308/308\n|move|p1a: Crabominable|Drain Punch|p2a: Lunala\n|-immune|p2a: Lunala\n|\n|upkeep\n|turn|2\n|\n|t:|1733784724\n|switch|p1a: Oranguru|Oranguru, L92, F|315/315\n|-terastallize|p2a: Lunala|Dark\n|move|p2a: Lunala|Calm Mind|p2a: Lunala\n|-boost|p2a: Lunala|spa|1\n|-boost|p2a: Lunala|spd|1\n|\n|upkeep\n|turn|3\n|\n|t:|1733784731\n|switch|p2a: Chi-Yu|Chi-Yu, L77|211/211\n|-ability|p2a: Chi-Yu|Beads of Ruin\n|move|p1a: Oranguru|Nasty Plot|p1a: Oranguru\n|-boost|p1a: Oranguru|spa|2\n|\n|upkeep\n|turn|4\n|\n|t:|1733784749\n|move|p2a: Chi-Yu|Dark Pulse|p1a: Oranguru\n|-supereffective|p1a: Oranguru\n|-damage|p1a: Oranguru|21/315\n|move|p1a: Oranguru|Focus Blast|p2a: Chi-Yu|[miss]\n|-miss|p1a: Oranguru|p2a: Chi-Yu\n|\n|-heal|p1a: Oranguru|40/315|[from] item: Leftovers\n|upkeep\n|turn|5\n|\n|t:|1733784755\n|move|p2a: Chi-Yu|Dark Pulse|p1a: Oranguru\n|-supereffective|p1a: Oranguru\n|-damage|p1a: Oranguru|0 fnt\n|faint|p1a: Oranguru\n|\n|upkeep\n|\n|t:|1733784759\n|switch|p1a: Crabominable|Crabominable, L90, F|321/321\n|turn|6\n|\n|t:|1733784762\n|switch|p2a: Magearna|Magearna-Original, L77|250/250\n|move|p1a: Crabominable|Drain Punch|p2a: Magearna\n|-damage|p2a: Magearna|127/250\n|\n|-heal|p2a: Magearna|142/250|[from] item: Leftovers\n|upkeep\n|turn|7\n|\n|t:|1733784769\n|move|p2a: Magearna|Flash Cannon|p1a: Crabominable\n|-supereffective|p1a: Crabominable\n|-damage|p1a: Crabominable|177/321\n|move|p1a: Crabominable|Drain Punch|p2a: Magearna\n|-damage|p2a: Magearna|22/250\n|-heal|p1a: Crabominable|237/321|[from] drain|[of] p2a: Magearna\n|\n|-heal|p2a: Magearna|37/250|[from] item: Leftovers\n|upkeep\n|turn|8\n|\n|t:|1733784776\n|move|p2a: Magearna|Fleur Cannon|p1a: Crabominable\n|-supereffective|p1a: Crabominable\n|-damage|p1a: Crabominable|25/321\n|-unboost|p2a: Magearna|spa|2\n|move|p1a: Crabominable|Drain Punch|p2a: Magearna\n|-damage|p2a: Magearna|0 fnt\n|-heal|p1a: Crabominable|44/321|[from] drain|[of] p2a: Magearna\n|faint|p2a: Magearna\n|\n|upkeep\n|\n|t:|1733784776\n|switch|p2a: Chi-Yu|Chi-Yu, L77|211/211\n|-ability|p2a: Chi-Yu|Beads of Ruin\n|turn|9\n|\n|t:|1733784779\n|move|p2a: Chi-Yu|Dark Pulse|p1a: Crabominable\n|-resisted|p1a: Crabominable\n|-damage|p1a: Crabominable|0 fnt\n|faint|p1a: Crabominable\n|\n|upkeep\n|\n|t:|1733784782\n|switch|p1a: Squawkabilly|Squawkabilly-Yellow, L89, F|291/291\n|turn|10\n|\n|t:|1733784784\n|move|p1a: Squawkabilly|Double-Edge|p2a: Chi-Yu\n|-damage|p2a: Chi-Yu|0 fnt\n|faint|p2a: Chi-Yu\n|-damage|p1a: Squawkabilly|221/291|[from] Recoil\n|\n|upkeep\n|\n|t:|1733784784\n|switch|p2a: Drednaw|Drednaw, L81, F|278/278\n|turn|11\n|\n|t:|1733784787\n|switch|p1a: Abomasnow|Abomasnow, L85, M|291/291\n|-weather|Snow|[from] ability: Snow Warning|[of] p1a: Abomasnow\n|move|p2a: Drednaw|Stone Edge|p1a: Abomasnow\n|-supereffective|p1a: Abomasnow\n|-damage|p1a: Abomasnow|105/291\n|\n|-weather|Snow|[upkeep]\n|upkeep\n|turn|12\n|\n|t:|1733784791\n|move|p2a: Drednaw|Stone Edge|p1a: Abomasnow|[miss]\n|-miss|p2a: Drednaw|p1a: Abomasnow\n|move|p1a: Abomasnow|Aurora Veil|p1a: Abomasnow\n|-sidestart|p1: fotossintese|move: Aurora Veil\n|\n|-weather|Snow|[upkeep]\n|upkeep\n|turn|13\n|\n|t:|1733784794\n|move|p2a: Drednaw|Stone Edge|p1a: Abomasnow\n|-supereffective|p1a: Abomasnow\n|-damage|p1a: Abomasnow|18/291\n|move|p1a: Abomasnow|Earthquake|p2a: Drednaw\n|-supereffective|p2a: Drednaw\n|-damage|p2a: Drednaw|126/278\n|\n|-weather|Snow|[upkeep]\n|upkeep\n|turn|14\n|\n|t:|1733784795\n|move|p2a: Drednaw|Liquidation|p1a: Abomasnow\n|-resisted|p1a: Abomasnow\n|-damage|p1a: Abomasnow|0 fnt\n|faint|p1a: Abomasnow\n|\n|-weather|Snow|[upkeep]\n|upkeep\n|\n|t:|1733784800\n|switch|p1a: Vivillon|Vivillon-Sandstorm, L84, M|272/272\n|turn|15\n|\n|t:|1733784801\n|switch|p2a: Mightyena|Mightyena, L95, F|287/287\n|-ability|p2a: Mightyena|Intimidate|boost\n|-unboost|p1a: Vivillon|atk|1\n|move|p1a: Vivillon|Sleep Powder|p2a: Mightyena\n|-status|p2a: Mightyena|slp|[from] move: Sleep Powder\n|\n|-weather|none\n|upkeep\n|turn|16\n|\n|t:|1733784803\n|move|p1a: Vivillon|Quiver Dance|p1a: Vivillon\n|-boost|p1a: Vivillon|spa|1\n|-boost|p1a: Vivillon|spd|1\n|-boost|p1a: Vivillon|spe|1\n|cant|p2a: Mightyena|slp\n|\n|upkeep\n|turn|17\n|\n|t:|1733784804\n|move|p1a: Vivillon|Quiver Dance|p1a: Vivillon\n|-boost|p1a: Vivillon|spa|1\n|-boost|p1a: Vivillon|spd|1\n|-boost|p1a: Vivillon|spe|1\n|cant|p2a: Mightyena|slp\n|\n|upkeep\n|turn|18\n|\n|t:|1733784806\n|move|p1a: Vivillon|Quiver Dance|p1a: Vivillon\n|-boost|p1a: Vivillon|spa|1\n|-boost|p1a: Vivillon|spd|1\n|-boost|p1a: Vivillon|spe|1\n|-curestatus|p2a: Mightyena|slp|[msg]\n|move|p2a: Mightyena|Super Fang|p1a: Vivillon\n|-damage|p1a: Vivillon|136/272\n|\n|upkeep\n|turn|19\n|\n|t:|1733784808\n|switch|p2a: Drednaw|Drednaw, L81, F|126/278\n|move|p1a: Vivillon|Sleep Powder|p2a: Drednaw\n|-status|p2a: Drednaw|slp|[from] move: Sleep Powder\n|\n|-sideend|p1: fotossintese|move: Aurora Veil\n|upkeep\n|turn|20\n|\n|t:|1733784813\n|move|p1a: Vivillon|Hurricane|p2a: Drednaw\n|-resisted|p2a: Drednaw\n|-damage|p2a: Drednaw|0 fnt\n|faint|p2a: Drednaw\n|\n|upkeep\n|\n|t:|1733784813\n|switch|p2a: Mightyena|Mightyena, L95, F|287/287\n|-ability|p2a: Mightyena|Intimidate|boost\n|-unboost|p1a: Vivillon|atk|1\n|turn|21\n|\n|t:|1733784815\n|move|p1a: Vivillon|Hurricane|p2a: Mightyena\n|-damage|p2a: Mightyena|68/287\n|move|p2a: Mightyena|Super Fang|p1a: Vivillon\n|-damage|p1a: Vivillon|68/272\n|\n|upkeep\n|turn|22\n|\n|t:|1733784818\n|move|p1a: Vivillon|Tera Blast|p2a: Mightyena\n|-damage|p2a: Mightyena|0 fnt\n|faint|p2a: Mightyena\n|\n|upkeep\n|\n|t:|1733784818\n|switch|p2a: Groudon|Groudon, L72|263/263\n|-weather|SunnyDay|[from] ability: Drought|[of] p2a: Groudon\n|turn|23\n|\n|t:|1733784823\n|move|p1a: Vivillon|Sleep Powder|p2a: Groudon\n|-status|p2a: Groudon|slp|[from] move: Sleep Powder\n|cant|p2a: Groudon|slp\n|\n|-weather|SunnyDay|[upkeep]\n|upkeep\n|turn|24\n|\n|t:|1733784825\n|move|p1a: Vivillon|Hurricane|p2a: Groudon\n|-damage|p2a: Groudon|0 fnt\n|faint|p2a: Groudon\n|\n|-weather|SunnyDay|[upkeep]\n|upkeep\n|\n|t:|1733784825\n|switch|p2a: Lunala|Lunala, L70, tera:Dark|308/308\n|turn|25\n|\n|t:|1733784828\n|move|p1a: Vivillon|Sleep Powder|p2a: Lunala\n|-status|p2a: Lunala|slp|[from] move: Sleep Powder\n|cant|p2a: Lunala|slp\n|\n|-weather|SunnyDay|[upkeep]\n|upkeep\n|turn|26\n|\n|t:|1733784830\n|move|p1a: Vivillon|Hurricane|p2a: Lunala\n|-damage|p2a: Lunala|179/308 slp\n|cant|p2a: Lunala|slp\n|\n|-weather|SunnyDay|[upkeep]\n|-heal|p2a: Lunala|198/308 slp|[from] item: Leftovers\n|upkeep\n|turn|27\n|\n|t:|1733784832\n|move|p1a: Vivillon|Hurricane|p2a: Lunala\n|-damage|p2a: Lunala|0 fnt\n|faint|p2a: Lunala\n|\n|win|fotossintese\n|c|\u2606AminitraboTTT|oof :(\n|l|\u2606AminitraboTTT\n|player|p2|\n", "inputlog": ">version bfd83cad13791eb5a5a409923076391caf6fb4d4\n>start {\"formatid\":\"gen9randombattle\",\"seed\":[28759,56163,13401,383]}\n>player p1 {\"name\":\"fotossintese\",\"avatar\":\"selene\",\"rating\":0,\"seed\":[40377,57935,23026,7361]}\n>player p2 {\"name\":\"AminitraboTTT\",\"avatar\":\"supernerd\",\"rating\":0,\"seed\":[14995,50423,49987,4946]}\n>chat \u2606AminitraboTTT|Hola, soy AminitraboTTT, el bot de la sala Espa\u00f1ol. gl hf\n>p1 move drainpunch\n>p2 switch 5\n>p1 switch 6\n>p2 move calmmind terastallize\n>p1 move nastyplot\n>p2 switch 3\n>p1 move focusblast\n>p2 move darkpulse\n>p1 move focusblast\n>p2 move darkpulse\n>p1 switch 6\n>p1 move drainpunch\n>p2 switch 4\n>p1 move drainpunch\n>p2 move flashcannon\n>p1 move drainpunch\n>p2 move fleurcannon\n>p2 switch 4\n>p1 move earthquake\n>p2 move darkpulse\n>p1 switch 4\n>p1 move doubleedge\n>p2 move darkpulse\n>p2 switch 5\n>p1 switch 2\n>p2 move stoneedge\n>p1 move auroraveil\n>p2 move stoneedge\n>p1 move earthquake\n>p2 move stoneedge\n>p1 move earthquake\n>p2 move liquidation\n>p1 switch 3\n>p1 move sleeppowder\n>p2 switch 2\n>p1 move quiverdance\n>p2 move superfang\n>p1 move quiverdance\n>p2 move superfang\n>p1 move quiverdance\n>p2 move superfang\n>p1 move sleeppowder\n>p2 switch 2\n>p1 move hurricane\n>p2 move stoneedge\n>p2 switch 2\n>p1 move hurricane\n>p2 move superfang\n>p1 move terablast\n>p2 move playrough\n>p2 switch 6\n>p1 move sleeppowder\n>p2 move heatcrash\n>p1 move hurricane\n>p2 move heatcrash\n>p2 switch 3\n>p1 move sleeppowder\n>p2 move moongeistbeam\n>p1 move hurricane\n>p2 move calmmind\n>p1 move hurricane\n>p2 move moonlight", "uploadtime": 1733784835, "views": 2, "formatid": "gen9randombattle", "rating": null, "private": 0, "password": null}