{"id": "gen9randombattle-2260308258", "format": "[Gen 9] Random Battle", "players": ["packetloss100", "einangrun"], "log": "|j|\u2606packetloss100\n|j|\u2606einangrun\n|t:|1733838092\n|gametype|singles\n|player|p1|packetloss100|ingo|1478\n|player|p2|einangrun|101|1465\n|teamsize|p1|6\n|teamsize|p2|6\n|gen|9\n|tier|[Gen 9] Random Battle\n|rated|\n|rule|Species Clause: Limit one of each Pok\u00e9mon\n|rule|HP Percentage Mod: HP is shown in percentages\n|rule|Sleep Clause Mod: Limit one foe put to sleep\n|rule|Illusion Level Mod: Illusion disguises the Pok\u00e9mon's true level\n|\n|t:|1733838092\n|start\n|switch|p1a: Quagsire|Quagsire, L84, M|297/297\n|switch|p2a: Inteleon|Inteleon, L81, F|246/246\n|turn|1\n|inactive|Battle timer is ON: inactive players will automatically lose when time's up. (requested by packetloss100)\n|\n|t:|1733838114\n|move|p2a: Inteleon|U-turn|p1a: Quagsire\n|-damage|p1a: Quagsire|258/297\n|\n|t:|1733838116\n|switch|p2a: Lucario|Lucario, L84, F|255/255|[from] U-turn\n|move|p1a: Quagsire|Toxic|p2a: Lucario\n|-immune|p2a: Lucario\n|\n|-heal|p1a: Quagsire|276/297|[from] item: Leftovers\n|upkeep\n|turn|2\n|\n|t:|1733838126\n|switch|p2a: Tornadus|Tornadus-Therian, L79, M|254/254\n|move|p1a: Quagsire|Earthquake|p2a: Tornadus\n|-immune|p2a: Tornadus\n|\n|-heal|p1a: Quagsire|294/297|[from] item: Leftovers\n|upkeep\n|turn|3\n|\n|t:|1733838133\n|move|p2a: Tornadus|Knock Off|p1a: Quagsire\n|-damage|p1a: Quagsire|229/297\n|-enditem|p1a: Quagsire|Leftovers|[from] move: Knock Off|[of] p2a: Tornadus\n|move|p1a: Quagsire|Toxic|p2a: Tornadus\n|-status|p2a: Tornadus|tox\n|\n|-damage|p2a: Tornadus|239/254 tox|[from] psn\n|upkeep\n|turn|4\n|\n|t:|1733838141\n|switch|p1a: Iron Treads|Iron Treads, L77|265/265\n|move|p2a: Tornadus|Bleakwind Storm|p1a: Iron Treads\n|-resisted|p1a: Iron Treads\n|-damage|p1a: Iron Treads|200/265\n|-unboost|p1a: Iron Treads|spe|1\n|\n|-heal|p1a: Iron Treads|216/265|[from] item: Leftovers\n|-damage|p2a: Tornadus|209/254 tox|[from] psn\n|upkeep\n|turn|5\n|\n|t:|1733838150\n|move|p2a: Tornadus|Heat Wave|p1a: Iron Treads\n|-supereffective|p1a: Iron Treads\n|-damage|p1a: Iron Treads|54/265\n|-status|p1a: Iron Treads|brn\n|move|p1a: Iron Treads|Rapid Spin|p2a: Tornadus\n|-damage|p2a: Tornadus|191/254 tox\n|-boost|p1a: Iron Treads|spe|1\n|\n|-heal|p1a: Iron Treads|70/265 brn|[from] item: Leftovers\n|-damage|p2a: Tornadus|146/254 tox|[from] psn\n|-damage|p1a: Iron Treads|54/265 brn|[from] brn\n|upkeep\n|turn|6\n|\n|t:|1733838177\n|move|p2a: Tornadus|U-turn|p1a: Iron Treads\n|-resisted|p1a: Iron Treads\n|-damage|p1a: Iron Treads|35/265 brn\n|\n|t:|1733838198\n|switch|p2a: Tauros|Tauros-Paldea-Blaze, L81, M|254/254|[from] U-turn\n|-ability|p2a: Tauros|Intimidate|boost\n|-unboost|p1a: Iron Treads|atk|1\n|move|p1a: Iron Treads|Iron Head|p2a: Tauros\n|-resisted|p2a: Tauros\n|-damage|p2a: Tauros|242/254\n|\n|-heal|p1a: Iron Treads|51/265 brn|[from] item: Leftovers\n|-damage|p1a: Iron Treads|35/265 brn|[from] brn\n|upkeep\n|turn|7\n|\n|t:|1733838211\n|move|p2a: Tauros|Close Combat|p1a: Iron Treads\n|-supereffective|p1a: Iron Treads\n|-damage|p1a: Iron Treads|0 fnt\n|-unboost|p2a: Tauros|def|1\n|-unboost|p2a: Tauros|spd|1\n|faint|p1a: Iron Treads\n|-end|p1a: Iron Treads|Quark Drive|[silent]\n|\n|upkeep\n|inactive|packetloss100 has 120 seconds left.\n|\n|t:|1733838235\n|switch|p1a: Quagsire|Quagsire, L84, M|229/297\n|turn|8\n|\n|t:|1733838239\n|switch|p2a: Tornadus|Tornadus-Therian, L79, M|230/254 tox\n|move|p1a: Quagsire|Toxic|p2a: Tornadus\n|-fail|p2a: Tornadus|tox\n|\n|-damage|p2a: Tornadus|215/254 tox|[from] psn\n|upkeep\n|turn|9\n|\n|t:|1733838246\n|switch|p1a: Bombirdier|Bombirdier, L85, F|258/258\n|move|p2a: Tornadus|Bleakwind Storm|p1a: Bombirdier\n|-damage|p1a: Bombirdier|162/258\n|\n|-damage|p2a: Tornadus|185/254 tox|[from] psn\n|upkeep\n|turn|10\n|\n|t:|1733838253\n|move|p2a: Tornadus|U-turn|p1a: Bombirdier\n|-damage|p1a: Bombirdier|116/258\n|\n|t:|1733838257\n|switch|p2a: Lucario|Lucario, L84, F|255/255|[from] U-turn\n|move|p1a: Bombirdier|Stone Edge|p2a: Lucario\n|-resisted|p2a: Lucario\n|-damage|p2a: Lucario|224/255\n|\n|upkeep\n|turn|11\n|\n|t:|1733838264\n|move|p2a: Lucario|Meteor Mash|p1a: Bombirdier\n|-damage|p1a: Bombirdier|0 fnt\n|-boost|p2a: Lucario|atk|1\n|faint|p1a: Bombirdier\n|-damage|p2a: Lucario|199/255|[from] item: Life Orb\n|\n|upkeep\n|\n|t:|1733838272\n|switch|p1a: Blaziken|Blaziken, L76, F|247/247\n|turn|12\n|\n|t:|1733838277\n|move|p2a: Lucario|Swords Dance|p2a: Lucario\n|-boost|p2a: Lucario|atk|2\n|move|p1a: Blaziken|Swords Dance|p1a: Blaziken\n|-boost|p1a: Blaziken|atk|2\n|\n|-ability|p1a: Blaziken|Speed Boost|boost\n|-boost|p1a: Blaziken|spe|1\n|upkeep\n|turn|13\n|\n|t:|1733838285\n|move|p2a: Lucario|Extreme Speed|p1a: Blaziken\n|-damage|p1a: Blaziken|0 fnt\n|faint|p1a: Blaziken\n|-damage|p2a: Lucario|174/255|[from] item: Life Orb\n|\n|upkeep\n|\n|t:|1733838292\n|switch|p1a: Quagsire|Quagsire, L84, M|229/297\n|turn|14\n|\n|t:|1733838297\n|switch|p2a: Tornadus|Tornadus-Therian, L79, M|254/254 tox\n|move|p1a: Quagsire|Earthquake|p2a: Tornadus\n|-immune|p2a: Tornadus\n|\n|-damage|p2a: Tornadus|239/254 tox|[from] psn\n|upkeep\n|turn|15\n|\n|t:|1733838317\n|move|p2a: Tornadus|Bleakwind Storm|p1a: Quagsire\n|-damage|p1a: Quagsire|88/297\n|move|p1a: Quagsire|Spikes|p2a: Tornadus\n|-sidestart|p2: einangrun|Spikes\n|\n|-damage|p2a: Tornadus|209/254 tox|[from] psn\n|upkeep\n|turn|16\n|\n|t:|1733838326\n|move|p2a: Tornadus|Bleakwind Storm|p1a: Quagsire\n|-damage|p1a: Quagsire|0 fnt\n|faint|p1a: Quagsire\n|\n|-damage|p2a: Tornadus|164/254 tox|[from] psn\n|upkeep\n|\n|t:|1733838344\n|switch|p1a: Appletun|Appletun, L92, M|352/352\n|turn|17\n|\n|t:|1733838358\n|move|p2a: Tornadus|U-turn|p1a: Appletun\n|-supereffective|p1a: Appletun\n|-damage|p1a: Appletun|256/352\n|\n|t:|1733838367\n|switch|p2a: Gothitelle|Gothitelle, L90, M|272/272|[from] U-turn\n|-damage|p2a: Gothitelle|238/272|[from] Spikes\n|move|p1a: Appletun|Leech Seed|p2a: Gothitelle|[miss]\n|-miss|p1a: Appletun|p2a: Gothitelle\n|\n|-heal|p2a: Gothitelle|255/272|[from] item: Leftovers\n|-heal|p1a: Appletun|278/352|[from] item: Leftovers\n|upkeep\n|turn|18\n|\n|t:|1733838377\n|move|p2a: Gothitelle|Psychic Noise|p1a: Appletun\n|-damage|p1a: Appletun|191/352\n|-start|p1a: Appletun|move: Heal Block\n|move|p1a: Appletun|Leech Seed|p2a: Gothitelle\n|-start|p2a: Gothitelle|move: Leech Seed\n|\n|-heal|p2a: Gothitelle|272/272|[from] item: Leftovers\n|-damage|p2a: Gothitelle|238/272|[from] Leech Seed|[of] p1a: Appletun\n|upkeep\n|turn|19\n|\n|t:|1733838392\n|move|p2a: Gothitelle|Calm Mind|p2a: Gothitelle\n|-boost|p2a: Gothitelle|spa|1\n|-boost|p2a: Gothitelle|spd|1\n|move|p1a: Appletun|Apple Acid|p2a: Gothitelle\n|-damage|p2a: Gothitelle|183/272\n|-unboost|p2a: Gothitelle|spd|1\n|\n|-heal|p2a: Gothitelle|200/272|[from] item: Leftovers\n|-damage|p2a: Gothitelle|166/272|[from] Leech Seed|[of] p1a: Appletun\n|-end|p1a: Appletun|move: Heal Block\n|upkeep\n|turn|20\n|\n|t:|1733838414\n|move|p2a: Gothitelle|Psychic Noise|p1a: Appletun\n|-damage|p1a: Appletun|50/352\n|-start|p1a: Appletun|move: Heal Block\n|move|p1a: Appletun|Apple Acid|p2a: Gothitelle\n|-damage|p2a: Gothitelle|79/272\n|-unboost|p2a: Gothitelle|spd|1\n|\n|-heal|p2a: Gothitelle|96/272|[from] item: Leftovers\n|-damage|p2a: Gothitelle|62/272|[from] Leech Seed|[of] p1a: Appletun\n|upkeep\n|turn|21\n|\n|t:|1733838425\n|move|p2a: Gothitelle|Psychic Noise|p1a: Appletun\n|-damage|p1a: Appletun|0 fnt\n|faint|p1a: Appletun\n|\n|-heal|p2a: Gothitelle|79/272|[from] item: Leftovers\n|upkeep\n|\n|t:|1733838433\n|switch|p1a: Leafeon|Leafeon, L88, M|258/258\n|turn|22\n|\n|t:|1733838438\n|switch|p2a: Tauros|Tauros-Paldea-Blaze, L81, M|242/254\n|-damage|p2a: Tauros|211/254|[from] Spikes\n|-ability|p2a: Tauros|Intimidate|boost\n|-unboost|p1a: Leafeon|atk|1\n|-terastallize|p1a: Leafeon|Dark\n|move|p1a: Leafeon|Swords Dance|p1a: Leafeon\n|-boost|p1a: Leafeon|atk|2\n|\n|upkeep\n|turn|23\n|\n|t:|1733838463\n|move|p1a: Leafeon|Swords Dance|p1a: Leafeon\n|-boost|p1a: Leafeon|atk|2\n|move|p2a: Tauros|Close Combat|p1a: Leafeon\n|-supereffective|p1a: Leafeon\n|-damage|p1a: Leafeon|0 fnt\n|-unboost|p2a: Tauros|def|1\n|-unboost|p2a: Tauros|spd|1\n|faint|p1a: Leafeon\n|\n|win|einangrun\n|raw|packetloss100's rating: 1478 &rarr; <strong>1457</strong><br />(-21 for losing)\n|raw|einangrun's rating: 1465 &rarr; <strong>1486</strong><br />(+21 for winning)\n|c|\u2606einangrun|gg\n|c|\u2606packetloss100|gg\n", "inputlog": ">version bfd83cad13791eb5a5a409923076391caf6fb4d4\n>start {\"formatid\":\"gen9randombattle\",\"seed\":[21793,24226,30761,8164],\"rated\":\"Rated battle\"}\n>player p1 {\"name\":\"packetloss100\",\"avatar\":\"ingo\",\"rating\":1478,\"seed\":[7860,7917,10856,54070]}\n>player p2 {\"name\":\"einangrun\",\"avatar\":\"101\",\"rating\":1465,\"seed\":[21804,21241,36495,39693]}\n>p1 move toxic\n>p2 move uturn\n>p2 switch 5\n>p1 move earthquake\n>p2 switch 6\n>p1 move toxic\n>p2 move knockoff\n>p1 switch 5\n>p2 move bleakwindstorm\n>p1 move rapidspin\n>p2 move heatwave\n>p1 move ironhead\n>p2 move uturn\n>p2 switch 4\n>p1 move earthquake\n>p2 move closecombat\n>p1 switch 5\n>p1 move toxic\n>p2 switch 4\n>p1 switch 4\n>p2 move bleakwindstorm\n>p1 move stoneedge\n>p2 move uturn\n>p2 switch 6\n>p1 move knockoff\n>p2 move meteormash\n>p1 switch 2\n>p1 move swordsdance\n>p2 move swordsdance\n>p1 move closecombat\n>p2 move extremespeed\n>p1 switch 4\n>p1 move earthquake\n>p2 switch 6\n>p1 move spikes\n>p2 move bleakwindstorm\n>p1 move spikes\n>p2 move bleakwindstorm\n>p1 switch 6\n>p1 move leechseed\n>p2 move uturn\n>p2 switch 2\n>p1 move leechseed\n>p2 move psychicnoise\n>p1 move appleacid\n>p2 move calmmind\n>p1 move appleacid\n>p2 move psychicnoise\n>p1 move appleacid\n>p2 move psychicnoise\n>p1 switch 3\n>p1 move swordsdance terastallize\n>p2 switch 4\n>p1 move swordsdance\n>p2 move closecombat", "uploadtime": 1733838475, "views": 5, "formatid": "gen9randombattle", "rating": 1457, "private": 0, "password": null}