{"id": "gen9randombattle-2259959249", "format": "[Gen 9] Random Battle", "players": ["Paraspikes", "sabuextreme"], "log": "|j|\u2606Paraspikes\n|j|\u203dsabuextreme\n|t:|1733784416\n|gametype|singles\n|player|p1|Paraspikes|265|1526\n|player|p2|sabuextreme|169|1492\n|teamsize|p1|6\n|teamsize|p2|6\n|gen|9\n|tier|[Gen 9] Random Battle\n|rated|\n|rule|Species Clause: Limit one of each Pok\u00e9mon\n|rule|HP Percentage Mod: HP is shown in percentages\n|rule|Sleep Clause Mod: Limit one foe put to sleep\n|rule|Illusion Level Mod: Illusion disguises the Pok\u00e9mon's true level\n|\n|t:|1733784416\n|start\n|switch|p1a: Rotom|Rotom-Wash, L82|216/216\n|switch|p2a: Toxapex|Toxapex, L82, F|216/216\n|turn|1\n|\n|t:|1733784433\n|switch|p2a: Wyrdeer|Wyrdeer, L87, M|321/321\n|-ability|p2a: Wyrdeer|Intimidate|boost\n|-unboost|p1a: Rotom|atk|1\n|move|p1a: Rotom|Volt Switch|p2a: Wyrdeer\n|-damage|p2a: Wyrdeer|246/321\n|inactive|Battle timer is ON: inactive players will automatically lose when time's up. (requested by sabuextreme)\n|\n|t:|1733784442\n|switch|p1a: Bombirdier|Bombirdier, L85, F|258/258|[from] Volt Switch\n|\n|-heal|p2a: Wyrdeer|266/321|[from] item: Leftovers\n|upkeep\n|turn|2\n|\n|t:|1733784448\n|move|p1a: Bombirdier|Knock Off|p2a: Wyrdeer\n|-supereffective|p2a: Wyrdeer\n|-damage|p2a: Wyrdeer|18/321\n|-enditem|p2a: Wyrdeer|Leftovers|[from] move: Knock Off|[of] p1a: Bombirdier\n|move|p2a: Wyrdeer|Thunder Wave|p1a: Bombirdier\n|-status|p1a: Bombirdier|par\n|\n|upkeep\n|turn|3\n|\n|t:|1733784466\n|move|p2a: Wyrdeer|Thunderbolt|p1a: Bombirdier\n|-supereffective|p1a: Bombirdier\n|-damage|p1a: Bombirdier|102/258 par\n|move|p1a: Bombirdier|Knock Off|p2a: Wyrdeer\n|-supereffective|p2a: Wyrdeer\n|-damage|p2a: Wyrdeer|0 fnt\n|faint|p2a: Wyrdeer\n|\n|upkeep\n|\n|t:|1733784481\n|switch|p2a: Gyarados|Gyarados, L79, M|280/280\n|-ability|p2a: Gyarados|Intimidate|boost\n|-unboost|p1a: Bombirdier|atk|1\n|turn|4\n|\n|t:|1733784509\n|switch|p1a: Rotom|Rotom-Wash, L82|216/216\n|move|p2a: Gyarados|Dragon Dance|p2a: Gyarados\n|-boost|p2a: Gyarados|atk|1\n|-boost|p2a: Gyarados|spe|1\n|\n|upkeep\n|turn|5\n|\n|t:|1733784517\n|-terastallize|p2a: Gyarados|Ground\n|move|p1a: Rotom|Trick|p2a: Gyarados\n|-activate|p1a: Rotom|move: Trick|[of] p2a: Gyarados\n|-item|p2a: Gyarados|Choice Scarf|[from] move: Trick\n|-item|p1a: Rotom|Heavy-Duty Boots|[from] move: Trick\n|move|p2a: Gyarados|Stone Edge|p1a: Rotom\n|-damage|p1a: Rotom|117/216\n|\n|upkeep\n|turn|6\n|\n|t:|1733784530\n|switch|p1a: Magnezone|Magnezone, L85|258/258\n|move|p2a: Gyarados|Stone Edge|p1a: Magnezone\n|-resisted|p1a: Magnezone\n|-damage|p1a: Magnezone|211/258\n|\n|upkeep\n|turn|7\n|\n|t:|1733784541\n|switch|p2a: Zebstrika|Zebstrika, L87, M|272/272\n|move|p1a: Magnezone|Flash Cannon|p2a: Zebstrika\n|-resisted|p2a: Zebstrika\n|-damage|p2a: Zebstrika|204/272\n|\n|upkeep\n|turn|8\n|\n|t:|1733784564\n|switch|p1a: Bombirdier|Bombirdier, L85, F|102/258 par\n|move|p2a: Zebstrika|High Horsepower|p1a: Bombirdier\n|-immune|p1a: Bombirdier\n|\n|upkeep\n|turn|9\n|\n|t:|1733784569\n|move|p1a: Bombirdier|Sucker Punch|p2a: Zebstrika\n|-damage|p2a: Zebstrika|99/272\n|move|p2a: Zebstrika|Supercell Slam|p1a: Bombirdier\n|-supereffective|p1a: Bombirdier\n|-damage|p1a: Bombirdier|0 fnt\n|faint|p1a: Bombirdier\n|-damage|p2a: Zebstrika|72/272|[from] item: Life Orb\n|\n|upkeep\n|\n|t:|1733784587\n|switch|p1a: Hatterene|Hatterene, L85, F|236/236\n|turn|10\n|\n|t:|1733784592\n|move|p2a: Zebstrika|Supercell Slam|p1a: Hatterene\n|-damage|p1a: Hatterene|107/236\n|-damage|p2a: Zebstrika|45/272|[from] item: Life Orb\n|move|p1a: Hatterene|Draining Kiss|p2a: Zebstrika\n|-crit|p2a: Zebstrika\n|-damage|p2a: Zebstrika|0 fnt\n|-heal|p1a: Hatterene|141/236|[from] drain|[of] p2a: Zebstrika\n|faint|p2a: Zebstrika\n|\n|-heal|p1a: Hatterene|155/236|[from] item: Leftovers\n|upkeep\n|\n|t:|1733784597\n|switch|p2a: Duraludon|Duraludon, L82, F|249/249\n|turn|11\n|\n|t:|1733784611\n|move|p2a: Duraludon|Flash Cannon|p1a: Hatterene\n|-supereffective|p1a: Hatterene\n|-damage|p1a: Hatterene|0 fnt\n|faint|p1a: Hatterene\n|\n|upkeep\n|\n|t:|1733784617\n|switch|p1a: Gothitelle|Gothitelle, L90, M|272/272\n|turn|12\n|\n|t:|1733784622\n|move|p1a: Gothitelle|Calm Mind|p1a: Gothitelle\n|-boost|p1a: Gothitelle|spa|1\n|-boost|p1a: Gothitelle|spd|1\n|move|p2a: Duraludon|Dragon Tail|p1a: Gothitelle\n|-damage|p1a: Gothitelle|218/272\n|drag|p1a: Rotom|Rotom-Wash, L82|117/216\n|\n|upkeep\n|turn|13\n|\n|t:|1733784634\n|move|p1a: Rotom|Volt Switch|p2a: Duraludon\n|-resisted|p2a: Duraludon\n|-damage|p2a: Duraludon|209/249\n|\n|t:|1733784636\n|switch|p1a: Magnezone|Magnezone, L85|211/258|[from] Volt Switch\n|move|p2a: Duraludon|Flash Cannon|p1a: Magnezone\n|-resisted|p1a: Magnezone\n|-damage|p1a: Magnezone|187/258\n|\n|upkeep\n|turn|14\n|\n|t:|1733784643\n|move|p1a: Magnezone|Body Press|p2a: Duraludon\n|-supereffective|p2a: Duraludon\n|-damage|p2a: Duraludon|129/249\n|move|p2a: Duraludon|Body Press|p1a: Magnezone\n|-supereffective|p1a: Magnezone\n|-damage|p1a: Magnezone|95/258\n|\n|upkeep\n|turn|15\n|\n|t:|1733784655\n|move|p1a: Magnezone|Body Press|p2a: Duraludon\n|-supereffective|p2a: Duraludon\n|-damage|p2a: Duraludon|57/249\n|move|p2a: Duraludon|Body Press|p1a: Magnezone\n|-supereffective|p1a: Magnezone\n|-damage|p1a: Magnezone|5/258\n|\n|upkeep\n|turn|16\n|\n|t:|1733784664\n|move|p1a: Magnezone|Body Press|p2a: Duraludon\n|-supereffective|p2a: Duraludon\n|-damage|p2a: Duraludon|0 fnt\n|faint|p2a: Duraludon\n|\n|upkeep\n|\n|t:|1733784668\n|switch|p2a: Gyarados|Gyarados, L79, M, tera:Ground|280/280\n|-ability|p2a: Gyarados|Intimidate|boost\n|-unboost|p1a: Magnezone|atk|1\n|turn|17\n|\n|t:|1733784674\n|switch|p1a: Rotom|Rotom-Wash, L82|117/216\n|move|p2a: Gyarados|Waterfall|p1a: Rotom\n|-resisted|p1a: Rotom\n|-damage|p1a: Rotom|73/216\n|\n|upkeep\n|turn|18\n|\n|t:|1733784678\n|move|p2a: Gyarados|Waterfall|p1a: Rotom\n|-resisted|p1a: Rotom\n|-damage|p1a: Rotom|34/216\n|move|p1a: Rotom|Hydro Pump|p2a: Gyarados\n|-supereffective|p2a: Gyarados\n|-damage|p2a: Gyarados|70/280\n|\n|upkeep\n|turn|19\n|\n|t:|1733784692\n|move|p2a: Gyarados|Waterfall|p1a: Rotom\n|-resisted|p1a: Rotom\n|-damage|p1a: Rotom|0 fnt\n|faint|p1a: Rotom\n|\n|upkeep\n|\n|t:|1733784698\n|switch|p1a: Gothitelle|Gothitelle, L90, M|218/272\n|turn|20\n|\n|t:|1733784703\n|move|p2a: Gyarados|Waterfall|p1a: Gothitelle\n|-damage|p1a: Gothitelle|140/272\n|move|p1a: Gothitelle|Psychic Noise|p2a: Gyarados\n|-damage|p2a: Gyarados|0 fnt\n|faint|p2a: Gyarados\n|\n|-heal|p1a: Gothitelle|157/272|[from] item: Leftovers\n|upkeep\n|\n|t:|1733784706\n|switch|p2a: Oricorio|Oricorio-Sensu, L85, F|266/266\n|turn|21\n|\n|t:|1733784719\n|move|p2a: Oricorio|Quiver Dance|p2a: Oricorio\n|-boost|p2a: Oricorio|spa|1\n|-boost|p2a: Oricorio|spd|1\n|-boost|p2a: Oricorio|spe|1\n|move|p1a: Gothitelle|Calm Mind|p1a: Gothitelle\n|-boost|p1a: Gothitelle|spa|1\n|-boost|p1a: Gothitelle|spd|1\n|\n|-heal|p1a: Gothitelle|174/272|[from] item: Leftovers\n|upkeep\n|turn|22\n|\n|t:|1733784730\n|-terastallize|p1a: Gothitelle|Dark\n|move|p2a: Oricorio|Revelation Dance|p1a: Gothitelle\n|-resisted|p1a: Gothitelle\n|-damage|p1a: Gothitelle|136/272\n|move|p1a: Gothitelle|Calm Mind|p1a: Gothitelle\n|-boost|p1a: Gothitelle|spa|1\n|-boost|p1a: Gothitelle|spd|1\n|\n|-heal|p1a: Gothitelle|153/272|[from] item: Leftovers\n|upkeep\n|turn|23\n|\n|t:|1733784736\n|move|p2a: Oricorio|Hurricane|p1a: Gothitelle|[miss]\n|-miss|p2a: Oricorio|p1a: Gothitelle\n|move|p1a: Gothitelle|Calm Mind|p1a: Gothitelle\n|-boost|p1a: Gothitelle|spa|1\n|-boost|p1a: Gothitelle|spd|1\n|\n|-heal|p1a: Gothitelle|170/272|[from] item: Leftovers\n|upkeep\n|turn|24\n|\n|t:|1733784742\n|move|p2a: Oricorio|Quiver Dance|p2a: Oricorio\n|-boost|p2a: Oricorio|spa|1\n|-boost|p2a: Oricorio|spd|1\n|-boost|p2a: Oricorio|spe|1\n|move|p1a: Gothitelle|Psychic Noise|p2a: Oricorio\n|-crit|p2a: Oricorio\n|-damage|p2a: Oricorio|0 fnt\n|faint|p2a: Oricorio\n|\n|-heal|p1a: Gothitelle|187/272|[from] item: Leftovers\n|upkeep\n|\n|t:|1733784744\n|switch|p2a: Toxapex|Toxapex, L82, F|216/216\n|turn|25\n|\n|t:|1733784746\n|move|p1a: Gothitelle|Psychic Noise|p2a: Toxapex\n|-supereffective|p2a: Toxapex\n|-damage|p2a: Toxapex|0 fnt\n|faint|p2a: Toxapex\n|\n|win|Paraspikes\n|raw|Paraspikes's rating: 1526 &rarr; <strong>1544</strong><br />(+18 for winning)\n|raw|sabuextreme's rating: 1492 &rarr; <strong>1474</strong><br />(-18 for losing)\n|l|\u203dsabuextreme\n|player|p2|\n", "inputlog": ">version bfd83cad13791eb5a5a409923076391caf6fb4d4\n>start {\"formatid\":\"gen9randombattle\",\"seed\":[28982,27683,10549,61898],\"rated\":\"Rated battle\"}\n>player p1 {\"name\":\"Paraspikes\",\"avatar\":\"265\",\"rating\":1526,\"seed\":[64976,18482,34764,44032]}\n>player p2 {\"name\":\"sabuextreme\",\"avatar\":\"169\",\"rating\":1492,\"seed\":[8031,62992,46401,43735]}\n>p1 move voltswitch\n>p2 switch 5\n>p1 switch 3\n>p1 move knockoff\n>p2 move thunderwave\n>p1 move knockoff\n>p2 move thunderbolt\n>p2 switch 4\n>p1 switch 3\n>p2 move dragondance\n>p1 move trick\n>p2 move stoneedge terastallize\n>p1 switch 4\n>p2 move stoneedge\n>p1 move flashcannon\n>p2 switch 2\n>p1 switch 3\n>p2 move highhorsepower\n>p1 move suckerpunch\n>p2 move supercellslam\n>p1 switch 2\n>p1 move drainingkiss\n>p2 move supercellslam\n>p2 switch 3\n>p1 move drainingkiss\n>p2 move flashcannon\n>p1 switch 6\n>p1 move calmmind\n>p2 move dragontail\n>p1 move voltswitch\n>p2 move flashcannon\n>p1 switch 3\n>p1 move bodypress\n>p2 move bodypress\n>p1 move bodypress\n>p2 move bodypress\n>p1 move bodypress\n>p2 move flashcannon\n>p2 switch 2\n>p1 switch 3\n>p2 move waterfall\n>p1 move hydropump\n>p2 move waterfall\n>p1 move hydropump\n>p2 move waterfall\n>p1 switch 4\n>p1 move psychicnoise\n>p2 move waterfall\n>p2 switch 6\n>p1 move calmmind\n>p2 move quiverdance\n>p1 move calmmind terastallize\n>p2 move revelationdance\n>p1 move calmmind\n>p2 move hurricane\n>p1 move psychicnoise\n>p2 move quiverdance\n>p2 switch 5\n>p1 move psychicnoise\n>p2 move haze", "uploadtime": 1733784757, "views": 1, "formatid": "gen9randombattle", "rating": 1474, "private": 0, "password": null}