{"id": "gen9randombattle-2260339585", "format": "[Gen 9] Random Battle", "players": ["TheoDGB", "THE QU"], "log": "|j|\u2606TheoDGB\n|j|\u2606THE QU\n|t:|1733841699\n|gametype|singles\n|player|p1|TheoDGB|benga|\n|player|p2|THE QU|policeman-gen4|\n|teamsize|p1|6\n|teamsize|p2|6\n|gen|9\n|tier|[Gen 9] Random Battle\n|rule|Species Clause: Limit one of each Pok\u00e9mon\n|rule|HP Percentage Mod: HP is shown in percentages\n|rule|Sleep Clause Mod: Limit one foe put to sleep\n|rule|Illusion Level Mod: Illusion disguises the Pok\u00e9mon's true level\n|\n|t:|1733841699\n|start\n|switch|p1a: Sandaconda|Sandaconda, L84, F|258/258\n|switch|p2a: Granbull|Granbull, L88, M|302/302\n|-ability|p2a: Granbull|Intimidate|boost\n|-unboost|p1a: Sandaconda|atk|1\n|turn|1\n|c|\u2606THE QU|Good luck and have fun.\n|\n|t:|1733841715\n|switch|p2a: Weavile|Weavile, L79, M|240/240\n|move|p1a: Sandaconda|Coil|p1a: Sandaconda\n|-boost|p1a: Sandaconda|atk|1\n|-boost|p1a: Sandaconda|def|1\n|-boost|p1a: Sandaconda|accuracy|1\n|\n|upkeep\n|turn|2\n|\n|t:|1733841724\n|move|p2a: Weavile|Triple Axel|p1a: Sandaconda\n|-supereffective|p1a: Sandaconda\n|-damage|p1a: Sandaconda|232/258\n|-supereffective|p1a: Sandaconda\n|-damage|p1a: Sandaconda|184/258\n|-supereffective|p1a: Sandaconda\n|-damage|p1a: Sandaconda|110/258\n|-hitcount|p1a: Sandaconda|3\n|move|p1a: Sandaconda|Stone Edge|p2a: Weavile\n|-supereffective|p2a: Weavile\n|-damage|p2a: Weavile|56/240\n|\n|-heal|p1a: Sandaconda|126/258|[from] item: Leftovers\n|upkeep\n|turn|3\n|\n|t:|1733841739\n|move|p2a: Weavile|Triple Axel|p1a: Sandaconda\n|-supereffective|p1a: Sandaconda\n|-damage|p1a: Sandaconda|100/258\n|-hitcount|p1a: Sandaconda|1\n|move|p1a: Sandaconda|Stone Edge|p2a: Weavile\n|-supereffective|p2a: Weavile\n|-damage|p2a: Weavile|0 fnt\n|faint|p2a: Weavile\n|\n|-heal|p1a: Sandaconda|116/258|[from] item: Leftovers\n|upkeep\n|\n|t:|1733841745\n|switch|p2a: Torterra|Torterra, L78, M|276/276\n|turn|4\n|\n|t:|1733841785\n|-terastallize|p1a: Sandaconda|Dragon\n|move|p1a: Sandaconda|Coil|p1a: Sandaconda\n|-boost|p1a: Sandaconda|atk|1\n|-boost|p1a: Sandaconda|def|1\n|-boost|p1a: Sandaconda|accuracy|1\n|move|p2a: Torterra|Shell Smash|p2a: Torterra\n|-unboost|p2a: Torterra|def|1\n|-unboost|p2a: Torterra|spd|1\n|-boost|p2a: Torterra|atk|2\n|-boost|p2a: Torterra|spa|2\n|-boost|p2a: Torterra|spe|2\n|\n|-heal|p1a: Sandaconda|132/258|[from] item: Leftovers\n|upkeep\n|turn|5\n|\n|t:|1733841797\n|move|p2a: Torterra|Headlong Rush|p1a: Sandaconda\n|-damage|p1a: Sandaconda|32/258\n|-unboost|p2a: Torterra|def|1\n|-unboost|p2a: Torterra|spd|1\n|move|p1a: Sandaconda|Earthquake|p2a: Torterra\n|-resisted|p2a: Torterra\n|-damage|p2a: Torterra|118/276\n|\n|-heal|p1a: Sandaconda|48/258|[from] item: Leftovers\n|upkeep\n|turn|6\n|\n|t:|1733841831\n|move|p2a: Torterra|Headlong Rush|p1a: Sandaconda\n|-damage|p1a: Sandaconda|0 fnt\n|-unboost|p2a: Torterra|def|1\n|-unboost|p2a: Torterra|spd|1\n|faint|p1a: Sandaconda\n|\n|upkeep\n|\n|t:|1733841837\n|switch|p1a: Entei|Entei, L78|307/307\n|turn|7\n|\n|t:|1733841847\n|switch|p2a: Dragapult|Dragapult, L77, M|262/262\n|move|p1a: Entei|Extreme Speed|p2a: Dragapult\n|-immune|p2a: Dragapult\n|\n|upkeep\n|turn|8\n|\n|t:|1733841864\n|switch|p1a: Vespiquen|Vespiquen, L98, F|296/296\n|-ability|p1a: Vespiquen|Pressure\n|move|p2a: Dragapult|Shadow Ball|p1a: Vespiquen\n|-damage|p1a: Vespiquen|220/296\n|\n|upkeep\n|turn|9\n|\n|t:|1733841875\n|switch|p2a: Torterra|Torterra, L78, M|118/276\n|move|p1a: Vespiquen|Toxic|p2a: Torterra\n|-status|p2a: Torterra|tox\n|\n|-damage|p2a: Torterra|101/276 tox|[from] psn\n|upkeep\n|turn|10\n|\n|t:|1733841884\n|-terastallize|p2a: Torterra|Water\n|move|p1a: Vespiquen|Air Slash|p2a: Torterra\n|-damage|p2a: Torterra|0 fnt\n|faint|p2a: Torterra\n|\n|upkeep\n|\n|t:|1733841896\n|switch|p2a: Hawlucha|Hawlucha, L80, F|256/256\n|turn|11\n|\n|t:|1733841902\n|move|p2a: Hawlucha|Swords Dance|p2a: Hawlucha\n|-boost|p2a: Hawlucha|atk|2\n|move|p1a: Vespiquen|Toxic|p2a: Hawlucha\n|-status|p2a: Hawlucha|tox\n|\n|-damage|p2a: Hawlucha|240/256 tox|[from] psn\n|upkeep\n|turn|12\n|\n|t:|1733841911\n|move|p2a: Hawlucha|Acrobatics|p1a: Vespiquen\n|-supereffective|p1a: Vespiquen\n|-damage|p1a: Vespiquen|74/296\n|move|p1a: Vespiquen|Air Slash|p2a: Hawlucha\n|-supereffective|p2a: Hawlucha\n|-damage|p2a: Hawlucha|0 fnt\n|faint|p2a: Hawlucha\n|\n|upkeep\n|\n|t:|1733841915\n|switch|p2a: Dragapult|Dragapult, L77, M|262/262\n|turn|13\n|\n|t:|1733841923\n|move|p2a: Dragapult|Shadow Ball|p1a: Vespiquen\n|-damage|p1a: Vespiquen|0 fnt\n|faint|p1a: Vespiquen\n|\n|upkeep\n|\n|t:|1733841944\n|switch|p1a: Koraidon|Koraidon, L64|235/235\n|-weather|SunnyDay|[from] ability: Orichalcum Pulse|[of] p1a: Koraidon\n|-activate|p1a: Koraidon|Orichalcum Pulse|[source]\n|turn|14\n|\n|t:|1733841965\n|switch|p2a: Granbull|Granbull, L88, M|302/302\n|-ability|p2a: Granbull|Intimidate|boost\n|-unboost|p1a: Koraidon|atk|1\n|move|p1a: Koraidon|Scale Shot|p2a: Granbull\n|-immune|p2a: Granbull\n|\n|-weather|SunnyDay|[upkeep]\n|upkeep\n|turn|15\n|\n|t:|1733841979\n|switch|p1a: Entei|Entei, L78|307/307\n|move|p2a: Granbull|Thunder Wave|p1a: Entei\n|-status|p1a: Entei|par\n|\n|-weather|SunnyDay|[upkeep]\n|upkeep\n|turn|16\n|\n|t:|1733841999\n|move|p2a: Granbull|Earthquake|p1a: Entei\n|-supereffective|p1a: Entei\n|-damage|p1a: Entei|99/307 par\n|move|p1a: Entei|Stone Edge|p2a: Granbull|[miss]\n|-miss|p1a: Entei|p2a: Granbull\n|\n|-weather|SunnyDay|[upkeep]\n|upkeep\n|turn|17\n|\n|t:|1733842008\n|move|p2a: Granbull|Earthquake|p1a: Entei\n|-supereffective|p1a: Entei\n|-damage|p1a: Entei|0 fnt\n|faint|p1a: Entei\n|\n|-weather|SunnyDay|[upkeep]\n|upkeep\n|\n|t:|1733842019\n|switch|p1a: Arbok|Arbok, L87, F|246/246\n|-ability|p1a: Arbok|Intimidate|boost\n|-unboost|p2a: Granbull|atk|1\n|turn|18\n|\n|t:|1733842034\n|move|p1a: Arbok|Coil|p1a: Arbok\n|-boost|p1a: Arbok|atk|1\n|-boost|p1a: Arbok|def|1\n|-boost|p1a: Arbok|accuracy|1\n|move|p2a: Granbull|Earthquake|p1a: Arbok\n|-supereffective|p1a: Arbok\n|-damage|p1a: Arbok|158/246\n|\n|-weather|none\n|upkeep\n|turn|19\n|\n|t:|1733842046\n|move|p1a: Arbok|Gunk Shot|p2a: Granbull\n|-supereffective|p2a: Granbull\n|-damage|p2a: Granbull|0 fnt\n|faint|p2a: Granbull\n|-damage|p1a: Arbok|134/246|[from] item: Life Orb\n|\n|upkeep\n|\n|t:|1733842049\n|switch|p2a: Dragapult|Dragapult, L77, M|262/262\n|turn|20\n|\n|t:|1733842054\n|move|p1a: Arbok|Sucker Punch|p2a: Dragapult\n|-supereffective|p2a: Dragapult\n|-damage|p2a: Dragapult|0 fnt\n|faint|p2a: Dragapult\n|-damage|p1a: Arbok|110/246|[from] item: Life Orb\n|\n|upkeep\n|\n|t:|1733842057\n|switch|p2a: Armarouge|Armarouge, L80, M|267/267\n|turn|21\n|c|\u2606THE QU|ggs.\n|\n|t:|1733842063\n|move|p1a: Arbok|Sucker Punch|p2a: Armarouge\n|-supereffective|p2a: Armarouge\n|-damage|p2a: Armarouge|80/267\n|-ability|p2a: Armarouge|Weak Armor|boost\n|-unboost|p2a: Armarouge|def|1\n|-boost|p2a: Armarouge|spe|2\n|-damage|p1a: Arbok|86/246|[from] item: Life Orb\n|move|p2a: Armarouge|Psyshock|p1a: Arbok\n|-supereffective|p1a: Arbok\n|-damage|p1a: Arbok|0 fnt\n|faint|p1a: Arbok\n|\n|upkeep\n|\n|t:|1733842082\n|switch|p1a: Koraidon|Koraidon, L64|235/235\n|-weather|SunnyDay|[from] ability: Orichalcum Pulse|[of] p1a: Koraidon\n|-activate|p1a: Koraidon|Orichalcum Pulse|[source]\n|turn|22\n|\n|t:|1733842094\n|move|p2a: Armarouge|Psyshock|p1a: Koraidon\n|-supereffective|p1a: Koraidon\n|-damage|p1a: Koraidon|0 fnt\n|faint|p1a: Koraidon\n|\n|-weather|SunnyDay|[upkeep]\n|upkeep\n|\n|t:|1733842100\n|switch|p1a: Typhlosion|Typhlosion-Hisui, L83, M|257/257\n|turn|23\n|\n|t:|1733842106\n|move|p2a: Armarouge|Psyshock|p1a: Typhlosion\n|-damage|p1a: Typhlosion|89/257\n|move|p1a: Typhlosion|Shadow Ball|p2a: Armarouge\n|-supereffective|p2a: Armarouge\n|-damage|p2a: Armarouge|0 fnt\n|faint|p2a: Armarouge\n|\n|win|TheoDGB\n|c|\u2606TheoDGB|Ggs\n|c|\u2606TheoDGB|Holy sucker punch saved mi life\n", "inputlog": ">version bfd83cad13791eb5a5a409923076391caf6fb4d4\n>start {\"formatid\":\"gen9randombattle\",\"seed\":[44085,50813,1286,59517]}\n>player p1 {\"name\":\"TheoDGB\",\"avatar\":\"benga\",\"rating\":0,\"seed\":[35988,1690,15613,49525]}\n>player p2 {\"name\":\"THE QU\",\"avatar\":\"policeman-gen4\",\"rating\":0,\"seed\":[52609,63941,7245,44014]}\n>chat \u2606THE QU|Good luck and have fun.\n>p1 move coil\n>p2 switch 3\n>p1 move stoneedge\n>p2 move tripleaxel\n>p1 move stoneedge\n>p2 move tripleaxel\n>p2 switch 4\n>p1 move coil terastallize\n>p2 move shellsmash\n>p1 move earthquake\n>p2 move headlongrush\n>p1 move earthquake\n>p2 move headlongrush\n>p1 switch 5\n>p1 move extremespeed\n>p2 switch 5\n>p1 switch 3\n>p2 move shadowball\n>p1 move toxic\n>p2 switch 5\n>p1 move airslash\n>p2 move rockblast terastallize\n>p2 switch 6\n>p1 move toxic\n>p2 move swordsdance\n>p1 move airslash\n>p2 move acrobatics\n>p2 switch 5\n>p1 move toxic\n>p2 move shadowball\n>p1 switch 2\n>p1 move scaleshot\n>p2 switch 3\n>p1 switch 3\n>p2 move thunderwave\n>p1 move stoneedge\n>p2 move earthquake\n>p1 move stoneedge\n>p2 move earthquake\n>p1 switch 6\n>p1 move coil\n>p2 move earthquake\n>p1 move gunkshot\n>p2 move thunderwave\n>p2 switch 3\n>p1 move suckerpunch\n>p2 move shadowball\n>p2 switch 2\n>chat \u2606THE QU|ggs.\n>p1 move suckerpunch\n>p2 move psyshock\n>p1 switch 3\n>p1 move scaleshot\n>p2 move psyshock\n>p1 switch 4\n>p1 move shadowball\n>p2 move psyshock", "uploadtime": 1733842128, "views": 10, "formatid": "gen9randombattle", "rating": null, "private": 0, "password": null}