{"id": "gen9randombattle-2160918329", "format": "[Gen 9] Random Battle", "players": ["slim workshop", "rumiaya"], "log": "|j|\u2606slim workshop\n|j|\u2606rumiaya\n|t:|1720987308\n|gametype|singles\n|player|p1|slim workshop|2|2203\n|player|p2|rumiaya|2|2240\n|teamsize|p1|6\n|teamsize|p2|6\n|gen|9\n|tier|[Gen 9] Random Battle\n|rated|\n|rule|Species Clause: Limit one of each Pok\u00e9mon\n|rule|HP Percentage Mod: HP is shown in percentages\n|rule|Sleep Clause Mod: Limit one foe put to sleep\n|rule|Illusion Level Mod: Illusion disguises the Pok\u00e9mon's true level\n|\n|t:|1720987308\n|start\n|switch|p1a: Golem|Golem, L87, M|281/281\n|switch|p2a: Kyurem|Kyurem, L77|319/319\n|-ability|p2a: Kyurem|Pressure\n|turn|1\n|\n|t:|1720987314\n|move|p2a: Kyurem|Ice Beam|p1a: Golem\n|-supereffective|p1a: Golem\n|-ability|p1a: Golem|Sturdy\n|-damage|p1a: Golem|1/281\n|move|p1a: Golem|Stealth Rock|p2a: Kyurem\n|-sidestart|p2: rumiaya|move: Stealth Rock\n|\n|upkeep\n|turn|2\n|-enditem|p1a: Golem|Custap Berry|[eat]\n|-activate|p1a: Golem|item: Custap Berry|[consumed]\n|\n|t:|1720987318\n|switch|p2a: Golurk|Golurk, L87|297/297\n|-damage|p2a: Golurk|279/297|[from] Stealth Rock\n|move|p1a: Golem|Explosion|p2a: Golurk\n|-immune|p2a: Golurk\n|faint|p1a: Golem\n|\n|upkeep\n|\n|t:|1720987322\n|switch|p1a: Sunflora|Sunflora, F|312/312\n|turn|3\n|\n|t:|1720987328\n|move|p2a: Golurk|Poltergeist|p1a: Sunflora\n|-activate|p1a: Sunflora|move: Poltergeist|Choice Specs\n|-damage|p1a: Sunflora|53/312\n|move|p1a: Sunflora|Leaf Storm|p2a: Golurk\n|-supereffective|p2a: Golurk\n|-damage|p2a: Golurk|0 fnt\n|-unboost|p1a: Sunflora|spa|2\n|faint|p2a: Golurk\n|\n|upkeep\n|\n|t:|1720987333\n|switch|p2a: Comfey|Comfey, L85, M|225/225\n|-damage|p2a: Comfey|197/225|[from] Stealth Rock\n|turn|4\n|\n|t:|1720987338\n|switch|p1a: Uxie|Uxie, L83|260/260\n|move|p2a: Comfey|Calm Mind|p2a: Comfey\n|-boost|p2a: Comfey|spa|1\n|-boost|p2a: Comfey|spd|1\n|\n|-heal|p2a: Comfey|211/225|[from] item: Leftovers\n|upkeep\n|turn|5\n|\n|t:|1720987343\n|move|p2a: Comfey|Draining Kiss|p1a: Uxie\n|-damage|p1a: Uxie|209/260\n|-heal|p2a: Comfey|225/225|[from] drain|[of] p1a: Uxie\n|move|p1a: Uxie|Yawn|p2a: Comfey\n|-start|p2a: Comfey|move: Yawn|[of] p1a: Uxie\n|\n|-heal|p1a: Uxie|225/260|[from] item: Leftovers\n|upkeep\n|turn|6\n|\n|t:|1720987346\n|switch|p2a: Jirachi|Jirachi, L80|291/291\n|-damage|p2a: Jirachi|273/291|[from] Stealth Rock\n|move|p1a: Uxie|Yawn|p2a: Jirachi\n|-start|p2a: Jirachi|move: Yawn|[of] p1a: Uxie\n|\n|-heal|p2a: Jirachi|291/291|[from] item: Leftovers\n|-heal|p1a: Uxie|241/260|[from] item: Leftovers\n|upkeep\n|turn|7\n|\n|t:|1720987349\n|move|p2a: Jirachi|U-turn|p1a: Uxie\n|-supereffective|p1a: Uxie\n|-damage|p1a: Uxie|173/260\n|\n|t:|1720987352\n|switch|p2a: Comfey|Comfey, L85, M|225/225|[from] U-turn\n|-damage|p2a: Comfey|197/225|[from] Stealth Rock\n|move|p1a: Uxie|Knock Off|p2a: Comfey\n|-resisted|p2a: Comfey\n|-damage|p2a: Comfey|172/225\n|-enditem|p2a: Comfey|Leftovers|[from] move: Knock Off|[of] p1a: Uxie\n|\n|-heal|p1a: Uxie|189/260|[from] item: Leftovers\n|upkeep\n|turn|8\n|\n|t:|1720987356\n|move|p2a: Comfey|Draining Kiss|p1a: Uxie\n|-damage|p1a: Uxie|150/260\n|-heal|p2a: Comfey|201/225|[from] drain|[of] p1a: Uxie\n|move|p1a: Uxie|Psychic Noise|p2a: Comfey\n|-damage|p2a: Comfey|144/225\n|-start|p2a: Comfey|move: Heal Block\n|\n|-heal|p1a: Uxie|166/260|[from] item: Leftovers\n|upkeep\n|turn|9\n|\n|t:|1720987358\n|switch|p2a: Jirachi|Jirachi, L80|291/291\n|-damage|p2a: Jirachi|273/291|[from] Stealth Rock\n|move|p1a: Uxie|Yawn|p2a: Jirachi\n|-start|p2a: Jirachi|move: Yawn|[of] p1a: Uxie\n|\n|-heal|p2a: Jirachi|291/291|[from] item: Leftovers\n|-heal|p1a: Uxie|182/260|[from] item: Leftovers\n|upkeep\n|turn|10\n|\n|t:|1720987365\n|move|p2a: Jirachi|Stealth Rock|p1a: Uxie\n|-sidestart|p1: slim workshop|move: Stealth Rock\n|move|p1a: Uxie|Yawn||[still]\n|-fail|p1a: Uxie\n|\n|-heal|p1a: Uxie|198/260|[from] item: Leftovers\n|-end|p2a: Jirachi|move: Yawn|[silent]\n|-status|p2a: Jirachi|slp\n|upkeep\n|turn|11\n|\n|t:|1720987375\n|cant|p2a: Jirachi|slp\n|move|p1a: Uxie|Knock Off|p2a: Jirachi\n|-supereffective|p2a: Jirachi\n|-damage|p2a: Jirachi|189/291 slp\n|-enditem|p2a: Jirachi|Leftovers|[from] move: Knock Off|[of] p1a: Uxie\n|\n|-heal|p1a: Uxie|214/260|[from] item: Leftovers\n|upkeep\n|turn|12\n|\n|t:|1720987379\n|cant|p2a: Jirachi|slp\n|move|p1a: Uxie|U-turn|p2a: Jirachi\n|-damage|p2a: Jirachi|153/291 slp\n|\n|t:|1720987383\n|switch|p1a: Excadrill|Excadrill, L80, M|307/307|[from] U-turn\n|-damage|p1a: Excadrill|298/307|[from] Stealth Rock\n|-ability|p1a: Excadrill|Mold Breaker\n|\n|upkeep\n|turn|13\n|\n|t:|1720987388\n|-curestatus|p2a: Jirachi|slp|[msg]\n|move|p2a: Jirachi|Drain Punch|p1a: Excadrill\n|-supereffective|p1a: Excadrill\n|-damage|p1a: Excadrill|162/307\n|-heal|p2a: Jirachi|221/291|[from] drain|[of] p1a: Excadrill\n|move|p1a: Excadrill|Earthquake|p2a: Jirachi\n|-supereffective|p2a: Jirachi\n|-damage|p2a: Jirachi|0 fnt\n|faint|p2a: Jirachi\n|-damage|p1a: Excadrill|132/307|[from] item: Life Orb\n|\n|upkeep\n|\n|t:|1720987395\n|switch|p2a: Entei|Entei, L78|307/307\n|-damage|p2a: Entei|231/307|[from] Stealth Rock\n|turn|14\n|\n|t:|1720987397\n|move|p2a: Entei|Flare Blitz|p1a: Excadrill\n|-supereffective|p1a: Excadrill\n|-damage|p1a: Excadrill|0 fnt\n|faint|p1a: Excadrill\n|-damage|p2a: Entei|187/307|[from] Recoil\n|\n|upkeep\n|\n|t:|1720987402\n|switch|p1a: Uxie|Uxie, L83|214/260\n|-damage|p1a: Uxie|182/260|[from] Stealth Rock\n|turn|15\n|\n|t:|1720987409\n|move|p1a: Uxie|Yawn|p2a: Entei\n|-start|p2a: Entei|move: Yawn|[of] p1a: Uxie\n|move|p2a: Entei|Flare Blitz|p1a: Uxie\n|-damage|p1a: Uxie|47/260\n|-status|p1a: Uxie|brn\n|-damage|p2a: Entei|142/307|[from] Recoil\n|\n|-heal|p1a: Uxie|63/260 brn|[from] item: Leftovers\n|-damage|p1a: Uxie|47/260 brn|[from] brn\n|upkeep\n|turn|16\n|\n|t:|1720987413\n|move|p1a: Uxie|Psychic Noise|p2a: Entei\n|-damage|p2a: Entei|57/307\n|-start|p2a: Entei|move: Heal Block\n|move|p2a: Entei|Flare Blitz|p1a: Uxie\n|-damage|p1a: Uxie|0 fnt\n|faint|p1a: Uxie\n|-damage|p2a: Entei|41/307|[from] Recoil\n|\n|-end|p2a: Entei|move: Yawn|[silent]\n|-status|p2a: Entei|slp\n|upkeep\n|\n|t:|1720987417\n|switch|p1a: Revavroom|Revavroom, L79, F|256/256\n|-damage|p1a: Revavroom|240/256|[from] Stealth Rock\n|turn|17\n|\n|t:|1720987425\n|switch|p2a: Kyurem|Kyurem, L77|319/319\n|-damage|p2a: Kyurem|240/319|[from] Stealth Rock\n|-ability|p2a: Kyurem|Pressure\n|move|p1a: Revavroom|Shift Gear|p1a: Revavroom\n|-boost|p1a: Revavroom|spe|2\n|-boost|p1a: Revavroom|atk|1\n|\n|upkeep\n|turn|18\n|\n|t:|1720987427\n|-terastallize|p2a: Kyurem|Ground\n|move|p1a: Revavroom|Iron Head|p2a: Kyurem\n|-damage|p2a: Kyurem|61/319\n|-damage|p1a: Revavroom|215/256|[from] item: Life Orb\n|cant|p2a: Kyurem|flinch\n|\n|upkeep\n|turn|19\n|\n|t:|1720987430\n|move|p1a: Revavroom|Iron Head|p2a: Kyurem\n|-damage|p2a: Kyurem|0 fnt\n|faint|p2a: Kyurem\n|-damage|p1a: Revavroom|190/256|[from] item: Life Orb\n|\n|upkeep\n|-message|rumiaya forfeited.\n|\n|win|slim workshop\n|raw|slim workshop's rating: 2203 &rarr; <strong>2225</strong><br />(+22 for winning)\n|raw|rumiaya's rating: 2240 &rarr; <strong>2218</strong><br />(-22 for losing)\n|l|\u2606rumiaya\n|player|p2|\n|l|\u2606slim workshop\n|player|p1|\n", "inputlog": ">version f7ad7c1b8a6ce355e8dbcd95eca255f5f71ead83\n>start {\"formatid\":\"gen9randombattle\",\"seed\":[749,1968,3205,55567],\"rated\":\"Rated battle\"}\n>player p1 {\"name\":\"slim workshop\",\"avatar\":\"2\",\"rating\":2203,\"seed\":[63552,5688,21861,63164]}\n>player p2 {\"name\":\"rumiaya\",\"avatar\":\"2\",\"rating\":2240,\"seed\":[7111,3751,20186,38540]}\n>p1 move stealthrock\n>p2 move icebeam\n>p1 move explosion\n>p2 switch 4\n>p1 switch 6\n>p1 move leafstorm\n>p2 move poltergeist\n>p2 switch 5\n>p1 switch 4\n>p2 move calmmind\n>p1 move yawn\n>p2 move drainingkiss\n>p1 move yawn\n>p2 switch 2\n>p1 move knockoff\n>p2 move uturn\n>p2 switch 2\n>p1 move psychicnoise\n>p2 move drainingkiss\n>p1 move yawn\n>p2 switch 2\n>p1 move yawn\n>p2 move stealthrock\n>p1 move knockoff\n>p2 move uturn\n>p1 move uturn\n>p2 move uturn\n>p1 switch 2\n>p1 move earthquake\n>p2 move drainpunch\n>p2 switch 6\n>p1 move earthquake\n>p2 move flareblitz\n>p1 switch 2\n>p1 move yawn\n>p2 move flareblitz\n>p1 move psychicnoise\n>p2 move flareblitz\n>p1 switch 3\n>p1 move shiftgear\n>p2 switch 4\n>p1 move ironhead\n>p2 move earthpower terastallize\n>p1 move ironhead\n>p2 move earthpower\n>forcelose p2", "uploadtime": 1720987454, "views": 159, "formatid": "gen9randombattle", "rating": 2218, "private": 0, "password": null}