{"id": "gen9randombattle-2260473661", "format": "[Gen 9] Random Battle", "players": ["raulbohorquez10000", "PokemonTrainerMayo"], "log": "|j|\u2606raulbohorquez10000\n|j|\u2606PokemonTrainerMayo\n|t:|1733855058\n|gametype|singles\n|player|p1|raulbohorquez10000|cheren-gen5bw2|1052\n|player|p2|PokemonTrainerMayo|riley|1076\n|teamsize|p1|6\n|teamsize|p2|6\n|gen|9\n|tier|[Gen 9] Random Battle\n|rated|\n|rule|Species Clause: Limit one of each Pok\u00e9mon\n|rule|HP Percentage Mod: HP is shown in percentages\n|rule|Sleep Clause Mod: Limit one foe put to sleep\n|rule|Illusion Level Mod: Illusion disguises the Pok\u00e9mon's true level\n|\n|t:|1733855058\n|start\n|switch|p1a: Maushold|Maushold, L76|238/238\n|switch|p2a: Glimmora|Glimmora, L75, F|248/248\n|turn|1\n|\n|t:|1733855084\n|move|p1a: Maushold|Population Bomb|p2a: Glimmora\n|-resisted|p2a: Glimmora\n|-damage|p2a: Glimmora|236/248\n|-activate|p2a: Glimmora|ability: Toxic Debris\n|-sidestart|p1: raulbohorquez10000|move: Toxic Spikes\n|-resisted|p2a: Glimmora\n|-damage|p2a: Glimmora|224/248\n|-activate|p2a: Glimmora|ability: Toxic Debris\n|-sidestart|p1: raulbohorquez10000|move: Toxic Spikes\n|-resisted|p2a: Glimmora\n|-damage|p2a: Glimmora|212/248\n|-resisted|p2a: Glimmora\n|-damage|p2a: Glimmora|199/248\n|-resisted|p2a: Glimmora\n|-damage|p2a: Glimmora|188/248\n|-resisted|p2a: Glimmora\n|-damage|p2a: Glimmora|176/248\n|-resisted|p2a: Glimmora\n|-damage|p2a: Glimmora|164/248\n|-resisted|p2a: Glimmora\n|-damage|p2a: Glimmora|152/248\n|-resisted|p2a: Glimmora\n|-damage|p2a: Glimmora|140/248\n|-resisted|p2a: Glimmora\n|-damage|p2a: Glimmora|128/248\n|-hitcount|p2a: Glimmora|10\n|move|p2a: Glimmora|Sludge Wave|p1a: Maushold\n|-damage|p1a: Maushold|103/238\n|\n|upkeep\n|turn|2\n|\n|t:|1733855117\n|move|p1a: Maushold|Bite|p2a: Glimmora\n|-damage|p2a: Glimmora|76/248\n|move|p2a: Glimmora|Sludge Wave|p1a: Maushold\n|-damage|p1a: Maushold|0 fnt\n|faint|p1a: Maushold\n|\n|upkeep\n|\n|t:|1733855130\n|switch|p1a: Passimian|Passimian, L83, M|302/302\n|-status|p1a: Passimian|tox\n|turn|3\n|\n|t:|1733855150\n|move|p1a: Passimian|Knock Off|p2a: Glimmora\n|-damage|p2a: Glimmora|0 fnt\n|-enditem|p2a: Glimmora|Focus Sash|[from] move: Knock Off|[of] p1a: Passimian\n|faint|p2a: Glimmora\n|\n|-damage|p1a: Passimian|284/302 tox|[from] psn\n|upkeep\n|\n|t:|1733855165\n|switch|p2a: Hippowdon|Hippowdon, L82, M|311/311\n|-weather|Sandstorm|[from] ability: Sand Stream|[of] p2a: Hippowdon\n|turn|4\n|\n|t:|1733855172\n|move|p1a: Passimian|Knock Off|p2a: Hippowdon\n|-damage|p2a: Hippowdon|243/311\n|-enditem|p2a: Hippowdon|Leftovers|[from] move: Knock Off|[of] p1a: Passimian\n|move|p2a: Hippowdon|Earthquake|p1a: Passimian\n|-damage|p1a: Passimian|173/302 tox\n|\n|-weather|Sandstorm|[upkeep]\n|-damage|p1a: Passimian|155/302 tox|[from] Sandstorm\n|-damage|p1a: Passimian|119/302 tox|[from] psn\n|upkeep\n|turn|5\n|\n|t:|1733855186\n|move|p1a: Passimian|Knock Off|p2a: Hippowdon\n|-damage|p2a: Hippowdon|196/311\n|move|p2a: Hippowdon|Earthquake|p1a: Passimian\n|-damage|p1a: Passimian|5/302 tox\n|\n|-weather|Sandstorm|[upkeep]\n|-damage|p1a: Passimian|0 fnt|[from] Sandstorm\n|faint|p1a: Passimian\n|upkeep\n|\n|t:|1733855203\n|switch|p1a: Grafaiai|Grafaiai, L86, F|249/249\n|-sideend|p1: raulbohorquez10000|move: Toxic Spikes|[of] p1a: Grafaiai\n|turn|6\n|\n|t:|1733855219\n|-terastallize|p1a: Grafaiai|Dark\n|move|p1a: Grafaiai|Knock Off|p2a: Hippowdon\n|-damage|p2a: Hippowdon|135/311\n|move|p2a: Hippowdon|Earthquake|p1a: Grafaiai\n|-damage|p1a: Grafaiai|116/249\n|\n|-weather|Sandstorm|[upkeep]\n|-damage|p1a: Grafaiai|101/249|[from] Sandstorm\n|upkeep\n|turn|7\n|\n|t:|1733855281\n|move|p1a: Grafaiai|Encore|p2a: Hippowdon\n|-start|p2a: Hippowdon|Encore\n|move|p2a: Hippowdon|Earthquake|p1a: Grafaiai\n|-damage|p1a: Grafaiai|0 fnt\n|faint|p1a: Grafaiai\n|\n|-weather|Sandstorm|[upkeep]\n|upkeep\n|\n|t:|1733855298\n|switch|p1a: Kingambit|Kingambit, L74, M|270/270\n|-activate|p1a: Kingambit|ability: Supreme Overlord\n|-start|p1a: Kingambit|fallen3|[silent]\n|turn|8\n|\n|t:|1733855309\n|move|p2a: Hippowdon|Earthquake|p1a: Kingambit\n|-supereffective|p1a: Kingambit\n|-crit|p1a: Kingambit\n|-damage|p1a: Kingambit|0 fnt\n|faint|p1a: Kingambit\n|-end|p1a: Kingambit|fallen3|[silent]\n|\n|-weather|none\n|upkeep\n|\n|t:|1733855318\n|switch|p1a: Deoxys|Deoxys, L74|196/196\n|-ability|p1a: Deoxys|Pressure\n|turn|9\n|\n|t:|1733855327\n|move|p1a: Deoxys|Extreme Speed|p2a: Hippowdon\n|-damage|p2a: Hippowdon|66/311\n|-damage|p1a: Deoxys|177/196|[from] item: Life Orb\n|move|p2a: Hippowdon|Earthquake|p1a: Deoxys\n|-damage|p1a: Deoxys|0 fnt\n|faint|p1a: Deoxys\n|\n|-end|p2a: Hippowdon|Encore\n|upkeep\n|\n|t:|1733855340\n|switch|p1a: Arcanine|Arcanine, L84, F|288/288\n|-ability|p1a: Arcanine|Intimidate|boost\n|-unboost|p2a: Hippowdon|atk|1\n|turn|10\n|\n|t:|1733855348\n|move|p1a: Arcanine|Extreme Speed|p2a: Hippowdon\n|-damage|p2a: Hippowdon|12/311\n|move|p2a: Hippowdon|Earthquake|p1a: Arcanine\n|-supereffective|p1a: Arcanine\n|-damage|p1a: Arcanine|136/288\n|\n|upkeep\n|turn|11\n|\n|t:|1733855363\n|move|p1a: Arcanine|Extreme Speed|p2a: Hippowdon\n|-damage|p2a: Hippowdon|0 fnt\n|faint|p2a: Hippowdon\n|\n|upkeep\n|\n|t:|1733855373\n|switch|p2a: Torterra|Torterra, L78, M|276/276\n|turn|12\n|\n|t:|1733855395\n|-terastallize|p2a: Torterra|Ground\n|move|p1a: Arcanine|Morning Sun|p1a: Arcanine\n|-heal|p1a: Arcanine|280/288\n|move|p2a: Torterra|Headlong Rush|p1a: Arcanine\n|-supereffective|p1a: Arcanine\n|-damage|p1a: Arcanine|0 fnt\n|-unboost|p2a: Torterra|def|1\n|-unboost|p2a: Torterra|spd|1\n|faint|p1a: Arcanine\n|\n|win|PokemonTrainerMayo\n|raw|raulbohorquez10000's rating: 1052 &rarr; <strong>1035</strong><br />(-17 for losing)\n|raw|PokemonTrainerMayo's rating: 1076 &rarr; <strong>1103</strong><br />(+27 for winning)\n", "inputlog": ">version bfd83cad13791eb5a5a409923076391caf6fb4d4\n>start {\"formatid\":\"gen9randombattle\",\"seed\":[55091,35187,32356,17176],\"rated\":\"Rated battle\"}\n>player p1 {\"name\":\"raulbohorquez10000\",\"avatar\":\"cheren-gen5bw2\",\"rating\":1052,\"seed\":[19771,45808,44822,52637]}\n>player p2 {\"name\":\"PokemonTrainerMayo\",\"avatar\":\"riley\",\"rating\":1076,\"seed\":[15510,1525,50421,57594]}\n>p1 move populationbomb\n>p2 move sludgewave\n>p1 move bite\n>p2 move sludgewave\n>p1 switch 4\n>p1 move knockoff\n>p2 move sludgewave\n>p2 switch 2\n>p1 move knockoff\n>p2 move earthquake\n>p1 move knockoff\n>p2 move earthquake\n>p1 switch 5\n>p1 move knockoff terastallize\n>p2 move earthquake\n>p1 move encore\n>p2 move earthquake\n>p1 switch 3\n>p1 move ironhead\n>p2 move earthquake\n>p1 switch 2\n>p1 move extremespeed\n>p2 move earthquake\n>p1 switch 6\n>p1 move extremespeed\n>p2 move earthquake\n>p1 move extremespeed\n>p2 move earthquake\n>p2 switch 4\n>p1 move morningsun\n>p2 move headlongrush terastallize", "uploadtime": 1733855412, "views": 25, "formatid": "gen9randombattle", "rating": 1035, "private": 0, "password": null}