{"id": "gen9randombattle-2260039911", "format": "[Gen 9] Random Battle", "players": ["Lucar448", "zhuhuaguihai"], "log": "|j|\u2606Lucar448\n|j|\u2606zhuhuaguihai\n|t:|1733794447\n|gametype|singles\n|player|p1|Lucar448|grimsley|1096\n|player|p2|zhuhuaguihai|265|1082\n|teamsize|p1|6\n|teamsize|p2|6\n|gen|9\n|tier|[Gen 9] Random Battle\n|rated|\n|rule|Species Clause: Limit one of each Pok\u00e9mon\n|rule|HP Percentage Mod: HP is shown in percentages\n|rule|Sleep Clause Mod: Limit one foe put to sleep\n|rule|Illusion Level Mod: Illusion disguises the Pok\u00e9mon's true level\n|\n|t:|1733794447\n|start\n|switch|p1a: Gardevoir|Gardevoir, L83, M|219/219\n|switch|p2a: Lycanroc|Lycanroc, L86, F|269/269\n|turn|1\n|\n|t:|1733794460\n|move|p2a: Lycanroc|Stealth Rock|p1a: Gardevoir\n|-sidestart|p1: Lucar448|move: Stealth Rock\n|move|p1a: Gardevoir|Bitter Malice|p2a: Lycanroc\n|-damage|p2a: Lycanroc|121/269\n|-unboost|p2a: Lycanroc|atk|1\n|-damage|p1a: Gardevoir|198/219|[from] item: Life Orb\n|\n|upkeep\n|turn|2\n|\n|t:|1733794473\n|move|p2a: Lycanroc|Stone Edge|p1a: Gardevoir\n|-damage|p1a: Gardevoir|33/219\n|replace|p1a: Zoroark|Zoroark-Hisui, L80, M\n|-end|p1a: Zoroark|Illusion\n|-hint|Illusion Level Mod is active, so this Pok\u00e9mon's true level was hidden.\n|-damage|p2a: Lycanroc|95/269|[from] item: Life Orb\n|move|p1a: Zoroark|Bitter Malice|p2a: Lycanroc\n|-damage|p2a: Lycanroc|0 fnt\n|faint|p2a: Lycanroc\n|-damage|p1a: Zoroark|12/219|[from] item: Life Orb\n|\n|upkeep\n|c|\u2606Lucar448|genuinely didnt know it was a Zoroark\n|\n|t:|1733794511\n|switch|p2a: Grimmsnarl|Grimmsnarl, L83, M|293/293\n|turn|3\n|\n|t:|1733794523\n|switch|p1a: Vikavolt|Vikavolt, L83, M|263/263\n|move|p2a: Grimmsnarl|Sucker Punch||[still]\n|-fail|p2a: Grimmsnarl\n|\n|upkeep\n|turn|4\n|\n|t:|1733794533\n|move|p2a: Grimmsnarl|Parting Shot|p1a: Vikavolt\n|-unboost|p1a: Vikavolt|atk|1\n|-unboost|p1a: Vikavolt|spa|1\n|\n|t:|1733794540\n|switch|p2a: Victreebel|Victreebel, L90, M|290/290|[from] Parting Shot\n|move|p1a: Vikavolt|Sticky Web|p2a: Victreebel\n|-sidestart|p2: zhuhuaguihai|move: Sticky Web\n|\n|upkeep\n|turn|5\n|\n|t:|1733794555\n|move|p2a: Victreebel|Poison Jab|p1a: Vikavolt\n|-damage|p1a: Vikavolt|138/263\n|-status|p1a: Vikavolt|psn\n|-damage|p2a: Victreebel|261/290|[from] item: Life Orb\n|move|p1a: Vikavolt|Bug Buzz|p2a: Victreebel\n|-damage|p2a: Victreebel|159/290\n|\n|-damage|p1a: Vikavolt|106/263 psn|[from] psn\n|upkeep\n|turn|6\n|\n|t:|1733794572\n|move|p2a: Victreebel|Poison Jab|p1a: Vikavolt\n|-damage|p1a: Vikavolt|0 fnt\n|faint|p1a: Vikavolt\n|-damage|p2a: Victreebel|130/290|[from] item: Life Orb\n|\n|upkeep\n|\n|t:|1733794581\n|switch|p1a: Heracross|Heracross, L80, F|259/259\n|-damage|p1a: Heracross|227/259|[from] Stealth Rock\n|turn|7\n|\n|t:|1733794608\n|switch|p2a: Grimmsnarl|Grimmsnarl, L83, M|293/293\n|-activate|p2a: Grimmsnarl|move: Sticky Web\n|-unboost|p2a: Grimmsnarl|spe|1\n|move|p1a: Heracross|Megahorn|p2a: Grimmsnarl|[miss]\n|-miss|p1a: Heracross|p2a: Grimmsnarl\n|\n|upkeep\n|turn|8\n|\n|t:|1733794620\n|move|p2a: Grimmsnarl|Thunder Wave|p1a: Heracross\n|-status|p1a: Heracross|par\n|move|p1a: Heracross|Megahorn|p2a: Grimmsnarl\n|-damage|p2a: Grimmsnarl|25/293\n|\n|-heal|p2a: Grimmsnarl|43/293|[from] item: Leftovers\n|upkeep\n|turn|9\n|\n|t:|1733794630\n|move|p2a: Grimmsnarl|Spirit Break|p1a: Heracross\n|-supereffective|p1a: Heracross\n|-damage|p1a: Heracross|9/259 par\n|-unboost|p1a: Heracross|spa|1\n|move|p1a: Heracross|Megahorn|p2a: Grimmsnarl\n|-damage|p2a: Grimmsnarl|0 fnt\n|faint|p2a: Grimmsnarl\n|-ability|p1a: Heracross|Moxie|boost\n|-boost|p1a: Heracross|atk|1\n|\n|upkeep\n|\n|t:|1733794642\n|switch|p2a: Victreebel|Victreebel, L90, M|130/290\n|-activate|p2a: Victreebel|move: Sticky Web\n|-unboost|p2a: Victreebel|spe|1\n|turn|10\n|\n|t:|1733794647\n|move|p2a: Victreebel|Sucker Punch|p1a: Heracross\n|-resisted|p1a: Heracross\n|-damage|p1a: Heracross|0 fnt\n|faint|p1a: Heracross\n|-damage|p2a: Victreebel|101/290|[from] item: Life Orb\n|\n|upkeep\n|\n|t:|1733794659\n|switch|p1a: Falinks|Falinks, L84|246/246\n|-damage|p1a: Falinks|231/246|[from] Stealth Rock\n|turn|11\n|\n|t:|1733794667\n|move|p1a: Falinks|Knock Off|p2a: Victreebel\n|-damage|p2a: Victreebel|0 fnt\n|-enditem|p2a: Victreebel|Life Orb|[from] move: Knock Off|[of] p1a: Falinks\n|faint|p2a: Victreebel\n|-damage|p1a: Falinks|207/246|[from] item: Life Orb\n|\n|upkeep\n|\n|t:|1733794704\n|switch|p2a: Magearna|Magearna-Original, L77|250/250\n|-activate|p2a: Magearna|move: Sticky Web\n|-unboost|p2a: Magearna|spe|1\n|turn|12\n|\n|t:|1733794713\n|move|p1a: Falinks|Close Combat|p2a: Magearna\n|-damage|p2a: Magearna|98/250\n|-unboost|p1a: Falinks|def|1\n|-unboost|p1a: Falinks|spd|1\n|-damage|p1a: Falinks|183/246|[from] item: Life Orb\n|move|p2a: Magearna|Fleur Cannon|p1a: Falinks\n|-supereffective|p1a: Falinks\n|-damage|p1a: Falinks|0 fnt\n|-unboost|p2a: Magearna|spa|2\n|faint|p1a: Falinks\n|-ability|p2a: Magearna|Soul-Heart|boost\n|-boost|p2a: Magearna|spa|1\n|\n|upkeep\n|\n|t:|1733794731\n|switch|p1a: Gardevoir|Gardevoir, L83, M|249/249\n|-damage|p1a: Gardevoir|218/249|[from] Stealth Rock\n|-ability|p1a: Gardevoir|Soul-Heart|[from] ability: Trace|[of] p2a: Magearna\n|turn|13\n|\n|t:|1733794742\n|move|p1a: Gardevoir|Mystical Fire|p2a: Magearna\n|-supereffective|p2a: Magearna\n|-damage|p2a: Magearna|0 fnt\n|faint|p2a: Magearna\n|-ability|p1a: Gardevoir|Soul-Heart|boost\n|-boost|p1a: Gardevoir|spa|1\n|\n|upkeep\n|\n|t:|1733794752\n|switch|p2a: Flareon|Flareon, L90, F|263/263\n|-activate|p2a: Flareon|move: Sticky Web\n|-unboost|p2a: Flareon|spe|1\n|turn|14\n|\n|t:|1733794770\n|switch|p1a: Groudon|Groudon, L72|263/263\n|-damage|p1a: Groudon|247/263|[from] Stealth Rock\n|-weather|SunnyDay|[from] ability: Drought|[of] p1a: Groudon\n|move|p2a: Flareon|Flare Blitz|p1a: Groudon\n|-damage|p1a: Groudon|30/263\n|-damage|p2a: Flareon|191/263|[from] Recoil\n|\n|-weather|SunnyDay|[upkeep]\n|-heal|p1a: Groudon|46/263|[from] item: Leftovers\n|-status|p2a: Flareon|tox|[from] item: Toxic Orb\n|upkeep\n|turn|15\n|\n|t:|1733794794\n|-terastallize|p2a: Flareon|Normal\n|move|p1a: Groudon|Precipice Blades|p2a: Flareon\n|-damage|p2a: Flareon|23/263 tox\n|move|p2a: Flareon|Trailblaze|p1a: Groudon\n|-supereffective|p1a: Groudon\n|-damage|p1a: Groudon|0 fnt\n|-boost|p2a: Flareon|spe|1\n|faint|p1a: Groudon\n|\n|-weather|SunnyDay|[upkeep]\n|-damage|p2a: Flareon|7/263 tox|[from] psn\n|upkeep\n|\n|t:|1733794806\n|switch|p1a: Gardevoir|Gardevoir, L83, M|218/249\n|-damage|p1a: Gardevoir|187/249|[from] Stealth Rock\n|-ability|p1a: Gardevoir|Guts|[from] ability: Trace|[of] p2a: Flareon\n|turn|16\n|\n|t:|1733794816\n|move|p1a: Gardevoir|Moonblast|p2a: Flareon\n|-damage|p2a: Flareon|0 fnt\n|faint|p2a: Flareon\n|\n|-weather|SunnyDay|[upkeep]\n|upkeep\n|\n|t:|1733794822\n|switch|p2a: Hitmonlee|Hitmonlee, L85, M|223/223\n|-activate|p2a: Hitmonlee|move: Sticky Web\n|-unboost|p2a: Hitmonlee|spe|1\n|turn|17\n|\n|t:|1733794829\n|move|p1a: Gardevoir|Moonblast|p2a: Hitmonlee\n|-supereffective|p2a: Hitmonlee\n|-damage|p2a: Hitmonlee|35/223\n|move|p2a: Hitmonlee|Poison Jab|p1a: Gardevoir\n|-supereffective|p1a: Gardevoir\n|-damage|p1a: Gardevoir|25/249\n|\n|-weather|SunnyDay|[upkeep]\n|upkeep\n|turn|18\n|\n|t:|1733794839\n|move|p1a: Gardevoir|Moonblast|p2a: Hitmonlee\n|-supereffective|p2a: Hitmonlee\n|-damage|p2a: Hitmonlee|0 fnt\n|faint|p2a: Hitmonlee\n|\n|win|Lucar448\n|raw|Lucar448's rating: 1096 &rarr; <strong>1121</strong><br />(+25 for winning)\n|raw|zhuhuaguihai's rating: 1082 &rarr; <strong>1061</strong><br />(-21 for losing)\n|l|\u2606zhuhuaguihai\n|player|p2|\n|c|\u2606Lucar448|good game\n", "inputlog": ">version bfd83cad13791eb5a5a409923076391caf6fb4d4\n>start {\"formatid\":\"gen9randombattle\",\"seed\":[15954,5738,11404,31071],\"rated\":\"Rated battle\"}\n>player p1 {\"name\":\"Lucar448\",\"avatar\":\"grimsley\",\"rating\":1096,\"seed\":[41034,29833,21364,59590]}\n>player p2 {\"name\":\"zhuhuaguihai\",\"avatar\":\"265\",\"rating\":1082,\"seed\":[50282,18858,5186,48762]}\n>p1 move bittermalice\n>p2 move stealthrock\n>p1 move bittermalice\n>p2 move stoneedge\n>chat \u2606Lucar448|genuinely didnt know it was a Zoroark\n>p2 switch 6\n>p1 switch 5\n>p2 move suckerpunch\n>p1 move stickyweb\n>p2 move partingshot\n>p2 switch 4\n>p1 move bugbuzz\n>p2 move poisonjab\n>p1 move bugbuzz\n>p2 move poisonjab\n>p1 switch 3\n>p1 move megahorn\n>p2 switch 4\n>p1 move megahorn\n>p2 move thunderwave\n>p1 move megahorn\n>p2 move spiritbreak\n>p2 switch 4\n>p1 move megahorn\n>p2 move suckerpunch\n>p1 switch 2\n>p1 move knockoff\n>p2 move powerwhip\n>p2 switch 2\n>p1 move closecombat\n>p2 move fleurcannon\n>p1 switch 6\n>p1 move mysticalfire\n>p2 move ironhead\n>p2 switch 3\n>p1 switch 4\n>p2 move flareblitz\n>p1 move precipiceblades\n>p2 move trailblaze terastallize\n>p1 switch 4\n>p1 move moonblast\n>p2 move flareblitz\n>p2 switch 5\n>p1 move moonblast\n>p2 move poisonjab\n>p1 move moonblast\n>p2 move poisonjab", "uploadtime": 1733794849, "views": 4, "formatid": "gen9randombattle", "rating": 1061, "private": 0, "password": null}