{"id": "gen9randombattle-2260047611", "format": "[Gen 9] Random Battle", "players": ["BransonCB_035", "Matheuscascadebala"], "log": "|j|\u2606BransonCB_035\n|j|\u2606Matheuscascadebala\n|t:|1733795410\n|gametype|singles\n|player|p1|BransonCB_035|ghetsis|1361\n|player|p2|Matheuscascadebala|cynthia-gen4|1392\n|teamsize|p1|6\n|teamsize|p2|6\n|gen|9\n|tier|[Gen 9] Random Battle\n|rated|\n|rule|Species Clause: Limit one of each Pok\u00e9mon\n|rule|HP Percentage Mod: HP is shown in percentages\n|rule|Sleep Clause Mod: Limit one foe put to sleep\n|rule|Illusion Level Mod: Illusion disguises the Pok\u00e9mon's true level\n|\n|t:|1733795410\n|start\n|switch|p1a: Malamar|Malamar, L82, F|275/275\n|switch|p2a: Torterra|Torterra, L78, M|276/276\n|turn|1\n|inactive|Battle timer is ON: inactive players will automatically lose when time's up. (requested by Matheuscascadebala)\n|\n|t:|1733795425\n|move|p1a: Malamar|Superpower|p2a: Torterra\n|-damage|p2a: Torterra|206/276\n|-boost|p1a: Malamar|atk|1\n|-boost|p1a: Malamar|def|1\n|move|p2a: Torterra|Shell Smash|p2a: Torterra\n|-unboost|p2a: Torterra|def|1\n|-unboost|p2a: Torterra|spd|1\n|-boost|p2a: Torterra|atk|2\n|-boost|p2a: Torterra|spa|2\n|-boost|p2a: Torterra|spe|2\n|\n|upkeep\n|turn|2\n|\n|t:|1733795438\n|move|p2a: Torterra|Bullet Seed|p1a: Malamar\n|-damage|p1a: Malamar|239/275\n|-damage|p1a: Malamar|205/275\n|-damage|p1a: Malamar|172/275\n|-damage|p1a: Malamar|135/275\n|-hitcount|p1a: Malamar|4\n|move|p1a: Malamar|Superpower|p2a: Torterra\n|-damage|p2a: Torterra|36/276\n|-boost|p1a: Malamar|atk|1\n|-boost|p1a: Malamar|def|1\n|\n|upkeep\n|turn|3\n|\n|t:|1733795459\n|move|p2a: Torterra|Headlong Rush|p1a: Malamar\n|-damage|p1a: Malamar|15/275\n|-unboost|p2a: Torterra|def|1\n|-unboost|p2a: Torterra|spd|1\n|move|p1a: Malamar|Rest|p1a: Malamar\n|-status|p1a: Malamar|slp|[from] move: Rest\n|-heal|p1a: Malamar|275/275 slp|[silent]\n|-enditem|p1a: Malamar|Chesto Berry|[eat]\n|-curestatus|p1a: Malamar|slp|[msg]\n|\n|upkeep\n|turn|4\n|\n|t:|1733795473\n|move|p2a: Torterra|Headlong Rush|p1a: Malamar\n|-damage|p1a: Malamar|155/275\n|-unboost|p2a: Torterra|def|1\n|-unboost|p2a: Torterra|spd|1\n|move|p1a: Malamar|Superpower|p2a: Torterra\n|-damage|p2a: Torterra|0 fnt\n|-boost|p1a: Malamar|atk|1\n|-boost|p1a: Malamar|def|1\n|faint|p2a: Torterra\n|\n|upkeep\n|inactive|Matheuscascadebala has 120 seconds left.\n|\n|t:|1733795492\n|switch|p2a: Great Tusk|Great Tusk, L77|304/304\n|turn|5\n|\n|t:|1733795495\n|move|p2a: Great Tusk|Close Combat|p1a: Malamar\n|-damage|p1a: Malamar|100/275\n|-unboost|p2a: Great Tusk|def|1\n|-unboost|p2a: Great Tusk|spd|1\n|move|p1a: Malamar|Psycho Cut|p2a: Great Tusk\n|-supereffective|p2a: Great Tusk\n|-damage|p2a: Great Tusk|0 fnt\n|faint|p2a: Great Tusk\n|-end|p2a: Great Tusk|Protosynthesis|[silent]\n|\n|upkeep\n|inactive|Matheuscascadebala has 120 seconds left.\n|\n|t:|1733795515\n|switch|p2a: Chimecho|Chimecho, L93, M|290/290\n|turn|6\n|\n|t:|1733795519\n|move|p2a: Chimecho|Dazzling Gleam|p1a: Malamar\n|-supereffective|p1a: Malamar\n|-damage|p1a: Malamar|0 fnt\n|faint|p1a: Malamar\n|\n|upkeep\n|\n|t:|1733795542\n|switch|p1a: Clawitzer|Clawitzer, L87, F|265/265\n|turn|7\n|\n|t:|1733795550\n|move|p2a: Chimecho|Cosmic Power|p2a: Chimecho\n|-boost|p2a: Chimecho|def|1\n|-boost|p2a: Chimecho|spd|1\n|move|p1a: Clawitzer|Water Pulse|p2a: Chimecho\n|-damage|p2a: Chimecho|224/290\n|\n|-heal|p2a: Chimecho|242/290|[from] item: Leftovers\n|upkeep\n|turn|8\n|\n|t:|1733795558\n|move|p2a: Chimecho|Cosmic Power|p2a: Chimecho\n|-boost|p2a: Chimecho|def|1\n|-boost|p2a: Chimecho|spd|1\n|move|p1a: Clawitzer|U-turn|p2a: Chimecho\n|-supereffective|p2a: Chimecho\n|-damage|p2a: Chimecho|194/290\n|\n|t:|1733795571\n|switch|p1a: Salazzle|Salazzle, L83, F|249/249|[from] U-turn\n|\n|-heal|p2a: Chimecho|212/290|[from] item: Leftovers\n|upkeep\n|turn|9\n|\n|t:|1733795581\n|move|p1a: Salazzle|Substitute|p1a: Salazzle\n|-start|p1a: Salazzle|Substitute\n|-damage|p1a: Salazzle|187/249\n|move|p2a: Chimecho|Recover|p2a: Chimecho\n|-heal|p2a: Chimecho|290/290\n|\n|-heal|p1a: Salazzle|202/249|[from] item: Leftovers\n|upkeep\n|turn|10\n|\n|t:|1733795590\n|move|p1a: Salazzle|Toxic|p2a: Chimecho\n|-status|p2a: Chimecho|tox\n|move|p2a: Chimecho|Cosmic Power|p2a: Chimecho\n|-boost|p2a: Chimecho|def|1\n|-boost|p2a: Chimecho|spd|1\n|\n|-heal|p1a: Salazzle|217/249|[from] item: Leftovers\n|-damage|p2a: Chimecho|272/290 tox|[from] psn\n|upkeep\n|turn|11\n|\n|t:|1733795601\n|move|p1a: Salazzle|Protect|p1a: Salazzle\n|-singleturn|p1a: Salazzle|Protect\n|move|p2a: Chimecho|Cosmic Power|p2a: Chimecho\n|-boost|p2a: Chimecho|def|1\n|-boost|p2a: Chimecho|spd|1\n|\n|-heal|p1a: Salazzle|232/249|[from] item: Leftovers\n|-heal|p2a: Chimecho|290/290 tox|[from] item: Leftovers\n|-damage|p2a: Chimecho|254/290 tox|[from] psn\n|upkeep\n|turn|12\n|\n|t:|1733795606\n|move|p1a: Salazzle|Flamethrower|p2a: Chimecho\n|-damage|p2a: Chimecho|221/290 tox\n|move|p2a: Chimecho|Stored Power|p1a: Salazzle\n|-supereffective|p1a: Salazzle\n|-end|p1a: Salazzle|Substitute\n|\n|-heal|p1a: Salazzle|247/249|[from] item: Leftovers\n|-heal|p2a: Chimecho|239/290 tox|[from] item: Leftovers\n|-damage|p2a: Chimecho|185/290 tox|[from] psn\n|upkeep\n|turn|13\n|\n|t:|1733795613\n|move|p1a: Salazzle|Substitute|p1a: Salazzle\n|-start|p1a: Salazzle|Substitute\n|-damage|p1a: Salazzle|185/249\n|move|p2a: Chimecho|Stored Power|p1a: Salazzle\n|-supereffective|p1a: Salazzle\n|-end|p1a: Salazzle|Substitute\n|\n|-heal|p1a: Salazzle|200/249|[from] item: Leftovers\n|-heal|p2a: Chimecho|203/290 tox|[from] item: Leftovers\n|-damage|p2a: Chimecho|131/290 tox|[from] psn\n|upkeep\n|turn|14\n|\n|t:|1733795620\n|move|p1a: Salazzle|Protect|p1a: Salazzle\n|-singleturn|p1a: Salazzle|Protect\n|move|p2a: Chimecho|Recover|p2a: Chimecho\n|-heal|p2a: Chimecho|276/290 tox\n|\n|-heal|p1a: Salazzle|215/249|[from] item: Leftovers\n|-heal|p2a: Chimecho|290/290 tox|[from] item: Leftovers\n|-damage|p2a: Chimecho|200/290 tox|[from] psn\n|upkeep\n|turn|15\n|\n|t:|1733795625\n|move|p1a: Salazzle|Substitute|p1a: Salazzle\n|-start|p1a: Salazzle|Substitute\n|-damage|p1a: Salazzle|153/249\n|move|p2a: Chimecho|Stored Power|p1a: Salazzle\n|-supereffective|p1a: Salazzle\n|-end|p1a: Salazzle|Substitute\n|\n|-heal|p1a: Salazzle|168/249|[from] item: Leftovers\n|-heal|p2a: Chimecho|218/290 tox|[from] item: Leftovers\n|-damage|p2a: Chimecho|110/290 tox|[from] psn\n|upkeep\n|turn|16\n|\n|t:|1733795634\n|move|p1a: Salazzle|Substitute|p1a: Salazzle\n|-start|p1a: Salazzle|Substitute\n|-damage|p1a: Salazzle|106/249\n|move|p2a: Chimecho|Recover|p2a: Chimecho\n|-heal|p2a: Chimecho|255/290 tox\n|\n|-heal|p1a: Salazzle|121/249|[from] item: Leftovers\n|-heal|p2a: Chimecho|273/290 tox|[from] item: Leftovers\n|-damage|p2a: Chimecho|147/290 tox|[from] psn\n|upkeep\n|turn|17\n|\n|t:|1733795645\n|move|p1a: Salazzle|Protect|p1a: Salazzle\n|-singleturn|p1a: Salazzle|Protect\n|move|p2a: Chimecho|Recover|p2a: Chimecho\n|-heal|p2a: Chimecho|290/290 tox\n|\n|-heal|p1a: Salazzle|136/249|[from] item: Leftovers\n|-damage|p2a: Chimecho|146/290 tox|[from] psn\n|upkeep\n|turn|18\n|\n|t:|1733795654\n|move|p1a: Salazzle|Protect||[still]\n|-fail|p1a: Salazzle\n|move|p2a: Chimecho|Stored Power|p1a: Salazzle\n|-supereffective|p1a: Salazzle\n|-end|p1a: Salazzle|Substitute\n|\n|-heal|p1a: Salazzle|151/249|[from] item: Leftovers\n|-heal|p2a: Chimecho|164/290 tox|[from] item: Leftovers\n|-damage|p2a: Chimecho|2/290 tox|[from] psn\n|upkeep\n|turn|19\n|\n|t:|1733795661\n|move|p1a: Salazzle|Protect|p1a: Salazzle\n|-singleturn|p1a: Salazzle|Protect\n|move|p2a: Chimecho|Stored Power|p1a: Salazzle\n|-activate|p1a: Salazzle|move: Protect\n|\n|-heal|p1a: Salazzle|166/249|[from] item: Leftovers\n|-heal|p2a: Chimecho|20/290 tox|[from] item: Leftovers\n|-damage|p2a: Chimecho|0 fnt|[from] psn\n|faint|p2a: Chimecho\n|upkeep\n|\n|t:|1733795668\n|switch|p2a: Stonjourner|Stonjourner, L91, F|330/330\n|turn|20\n|\n|t:|1733795685\n|move|p1a: Salazzle|Toxic|p2a: Stonjourner\n|-status|p2a: Stonjourner|tox\n|move|p2a: Stonjourner|Rock Polish|p2a: Stonjourner\n|-boost|p2a: Stonjourner|spe|2\n|\n|-heal|p1a: Salazzle|181/249|[from] item: Leftovers\n|-damage|p2a: Stonjourner|310/330 tox|[from] psn\n|upkeep\n|turn|21\n|\n|t:|1733795692\n|move|p2a: Stonjourner|Earthquake|p1a: Salazzle\n|-supereffective|p1a: Salazzle\n|-damage|p1a: Salazzle|0 fnt\n|faint|p1a: Salazzle\n|-damage|p2a: Stonjourner|277/330 tox|[from] item: Life Orb\n|\n|-damage|p2a: Stonjourner|237/330 tox|[from] psn\n|upkeep\n|\n|t:|1733795707\n|switch|p1a: Koraidon|Koraidon, L64|235/235\n|-weather|SunnyDay|[from] ability: Orichalcum Pulse|[of] p1a: Koraidon\n|-activate|p1a: Koraidon|Orichalcum Pulse|[source]\n|turn|22\n|\n|t:|1733795716\n|move|p2a: Stonjourner|Earthquake|p1a: Koraidon\n|-damage|p1a: Koraidon|89/235\n|-damage|p2a: Stonjourner|204/330 tox|[from] item: Life Orb\n|move|p1a: Koraidon|Collision Course|p2a: Stonjourner\n|-supereffective|p2a: Stonjourner\n|-damage|p2a: Stonjourner|12/330 tox\n|\n|-weather|SunnyDay|[upkeep]\n|-damage|p2a: Stonjourner|0 fnt|[from] psn\n|faint|p2a: Stonjourner\n|upkeep\n|\n|t:|1733795740\n|switch|p2a: Pincurchin|Pincurchin, F|258/258\n|-fieldstart|move: Electric Terrain|[from] ability: Electric Surge|[of] p2a: Pincurchin\n|turn|23\n|\n|t:|1733795754\n|move|p1a: Koraidon|Flare Blitz|p2a: Pincurchin\n|-damage|p2a: Pincurchin|151/258\n|-damage|p1a: Koraidon|54/235|[from] Recoil\n|move|p2a: Pincurchin|Spikes|p1a: Koraidon\n|-sidestart|p1: BransonCB_035|Spikes\n|\n|-weather|SunnyDay|[upkeep]\n|-heal|p2a: Pincurchin|167/258|[from] item: Leftovers\n|upkeep\n|turn|24\n|\n|t:|1733795762\n|move|p1a: Koraidon|Swords Dance|p1a: Koraidon\n|-boost|p1a: Koraidon|atk|2\n|move|p2a: Pincurchin|Recover|p2a: Pincurchin\n|-heal|p2a: Pincurchin|258/258\n|\n|-weather|SunnyDay|[upkeep]\n|upkeep\n|turn|25\n|\n|t:|1733795769\n|move|p1a: Koraidon|Collision Course|p2a: Pincurchin\n|-damage|p2a: Pincurchin|81/258\n|move|p2a: Pincurchin|Spikes|p1a: Koraidon\n|-sidestart|p1: BransonCB_035|Spikes\n|\n|-weather|SunnyDay|[upkeep]\n|-heal|p2a: Pincurchin|97/258|[from] item: Leftovers\n|upkeep\n|turn|26\n|\n|t:|1733795778\n|move|p1a: Koraidon|Flare Blitz|p2a: Pincurchin\n|-damage|p2a: Pincurchin|0 fnt\n|faint|p2a: Pincurchin\n|-damage|p1a: Koraidon|22/235|[from] Recoil\n|\n|-weather|none\n|upkeep\n|\n|t:|1733795781\n|switch|p2a: Hariyama|Hariyama, L87, M|392/392\n|turn|27\n|\n|t:|1733795785\n|move|p2a: Hariyama|Bullet Punch|p1a: Koraidon\n|-damage|p1a: Koraidon|0 fnt\n|faint|p1a: Koraidon\n|\n|-fieldend|move: Electric Terrain\n|-status|p2a: Hariyama|brn|[from] item: Flame Orb\n|upkeep\n|\n|t:|1733795789\n|switch|p1a: Clawitzer|Clawitzer, L87, F|265/265\n|-damage|p1a: Clawitzer|221/265|[from] Spikes\n|turn|28\n|\n|t:|1733795800\n|-terastallize|p1a: Clawitzer|Dragon\n|move|p1a: Clawitzer|Dragon Pulse|p2a: Hariyama\n|-damage|p2a: Hariyama|160/392 brn\n|move|p2a: Hariyama|Facade|p1a: Clawitzer\n|-damage|p1a: Clawitzer|49/265\n|\n|-damage|p2a: Hariyama|136/392 brn|[from] brn\n|upkeep\n|turn|29\n|\n|t:|1733795808\n|switch|p1a: Feraligatr|Feraligatr, L79, M|264/264\n|-damage|p1a: Feraligatr|220/264|[from] Spikes\n|move|p2a: Hariyama|Bullet Punch|p1a: Feraligatr\n|-resisted|p1a: Feraligatr\n|-damage|p1a: Feraligatr|196/264\n|\n|-damage|p2a: Hariyama|112/392 brn|[from] brn\n|upkeep\n|turn|30\n|\n|t:|1733795816\n|move|p1a: Feraligatr|Liquidation|p2a: Hariyama\n|-damage|p2a: Hariyama|0 fnt\n|faint|p2a: Hariyama\n|\n|win|BransonCB_035\n|raw|BransonCB_035's rating: 1361 &rarr; <strong>1383</strong><br />(+22 for winning)\n|raw|Matheuscascadebala's rating: 1392 &rarr; <strong>1370</strong><br />(-22 for losing)\n|l|\u2606Matheuscascadebala\n|player|p2|\n|c|\u2606BransonCB_035|gg\n", "inputlog": ">version bfd83cad13791eb5a5a409923076391caf6fb4d4\n>start {\"formatid\":\"gen9randombattle\",\"seed\":[63413,3582,61763,23919],\"rated\":\"Rated battle\"}\n>player p1 {\"name\":\"BransonCB_035\",\"avatar\":\"ghetsis\",\"rating\":1361,\"seed\":[15661,23951,30250,39476]}\n>player p2 {\"name\":\"Matheuscascadebala\",\"avatar\":\"cynthia-gen4\",\"rating\":1392,\"seed\":[32447,1815,147,14171]}\n>p1 move superpower\n>p2 move shellsmash\n>p1 move superpower\n>p2 move bulletseed\n>p1 move rest\n>p2 move headlongrush\n>p1 move superpower\n>p2 move headlongrush\n>p2 switch 5\n>p1 move psychocut\n>p2 move closecombat\n>p2 switch 4\n>p1 move knockoff\n>p2 move dazzlinggleam\n>p1 switch 6\n>p1 move waterpulse\n>p2 move cosmicpower\n>p1 move uturn\n>p2 move cosmicpower\n>p1 switch 5\n>p1 move substitute\n>p2 move recover\n>p1 move toxic\n>p2 move cosmicpower\n>p1 move protect\n>p2 move cosmicpower\n>p1 move flamethrower\n>p2 move storedpower\n>p1 move substitute\n>p2 move storedpower\n>p1 move protect\n>p2 move recover\n>p1 move substitute\n>p2 move storedpower\n>p1 move substitute\n>p2 move recover\n>p1 move protect\n>p2 move recover\n>p1 move protect\n>p2 move storedpower\n>p1 move protect\n>p2 move storedpower\n>p2 switch 2\n>p1 move toxic\n>p2 move rockpolish\n>p1 move substitute\n>p2 move earthquake\n>p1 switch 2\n>p1 move collisioncourse\n>p2 move earthquake\n>p2 switch 6\n>p1 move flareblitz\n>p2 move spikes\n>p1 move swordsdance\n>p2 move recover\n>p1 move collisioncourse\n>p2 move spikes\n>p1 move flareblitz\n>p2 move spikes\n>p2 switch 3\n>p1 move collisioncourse\n>p2 move bulletpunch\n>p1 switch 5\n>p1 move dragonpulse terastallize\n>p2 move facade\n>p1 switch 4\n>p2 move bulletpunch\n>p1 move liquidation\n>p2 move facade", "uploadtime": 1733795833, "views": 5, "formatid": "gen9randombattle", "rating": 1370, "private": 0, "password": null}