{"id": "gen9randombattle-2201427570", "format": "[Gen 9] Random Battle", "players": ["RBLT freezai", "rblt tb"], "log": "|badge|p2|silver|gen9randombattle|30-2\n|uhtml|medal-msg|<div class=\"broadcast-blue\">Curious what those medals under the avatar are? PS now has Ladder Seasons! For more information, check out the <a href=\"https://www.smogon.com/forums/threads/3740067/\">thread on Smogon.</a></div>\n|raw|<div class=\"broadcast-blue\"><strong>This battle is required to be public due to a player having a name starting with 'rblt'.</div>\n|j|\u2606RBLT freezai\n|j|\u2606rblt tb\n|t:|1726315638\n|gametype|singles\n|player|p1|RBLT freezai|youngcouple-gen4dp|2211\n|player|p2|rblt tb|169|2424\n|teamsize|p1|6\n|teamsize|p2|6\n|gen|9\n|tier|[Gen 9] Random Battle\n|rated|\n|rule|Species Clause: Limit one of each Pok\u00e9mon\n|rule|HP Percentage Mod: HP is shown in percentages\n|rule|Sleep Clause Mod: Limit one foe put to sleep\n|rule|Illusion Level Mod: Illusion disguises the Pok\u00e9mon's true level\n|\n|t:|1726315638\n|start\n|switch|p1a: Masquerain|Masquerain, L87, F|264/264\n|switch|p2a: Pecharunt|Pecharunt, L77|262/262\n|-ability|p1a: Masquerain|Intimidate|boost\n|-unboost|p2a: Pecharunt|atk|1\n|turn|1\n|inactive|Battle timer is ON: inactive players will automatically lose when time's up. (requested by RBLT freezai)\n|\n|t:|1726315664\n|switch|p1a: Kingambit|Kingambit, L74, M|270/270\n|move|p2a: Pecharunt|Malignant Chain|p1a: Kingambit\n|-immune|p1a: Kingambit\n|\n|upkeep\n|turn|2\n|\n|t:|1726315675\n|switch|p2a: Dewgong|Dewgong, L94, M|322/322\n|move|p1a: Kingambit|Swords Dance|p1a: Kingambit\n|-boost|p1a: Kingambit|atk|2\n|\n|upkeep\n|turn|3\n|\n|t:|1726315698\n|-end|p1a: Kingambit|fallenundefined|[silent]\n|switch|p1a: Rillaboom|Rillaboom, L79, F|288/288\n|-fieldstart|move: Grassy Terrain|[from] ability: Grassy Surge|[of] p1a: Rillaboom\n|move|p2a: Dewgong|Encore||[still]\n|-fail|p2a: Dewgong\n|\n|upkeep\n|turn|4\n|\n|t:|1726315708\n|move|p2a: Dewgong|Ice Beam|p1a: Rillaboom\n|-supereffective|p1a: Rillaboom\n|-damage|p1a: Rillaboom|54/288\n|move|p1a: Rillaboom|Wood Hammer|p2a: Dewgong\n|-supereffective|p2a: Dewgong\n|-damage|p2a: Dewgong|0 fnt\n|faint|p2a: Dewgong\n|-damage|p1a: Rillaboom|0 fnt|[from] Recoil\n|faint|p1a: Rillaboom\n|\n|upkeep\n|j| RBLT m3lanie\n|j| RBLT Petros\n|inactive|RBLT freezai has 120 seconds left.\n|\n|t:|1726315746\n|switch|p2a: Brambleghast|Brambleghast, L88, M|240/240\n|switch|p1a: Incineroar|Incineroar, L83, F|293/293\n|-ability|p1a: Incineroar|Intimidate|boost\n|-unboost|p2a: Brambleghast|atk|1\n|turn|5\n|\n|t:|1726315757\n|move|p2a: Brambleghast|Spikes|p1a: Incineroar\n|-sidestart|p1: RBLT freezai|Spikes\n|move|p1a: Incineroar|Knock Off|p2a: Brambleghast\n|-supereffective|p2a: Brambleghast\n|-damage|p2a: Brambleghast|0 fnt\n|-enditem|p2a: Brambleghast|Heavy-Duty Boots|[from] move: Knock Off|[of] p1a: Incineroar\n|faint|p2a: Brambleghast\n|\n|upkeep\n|\n|t:|1726315762\n|switch|p2a: Tauros|Tauros-Paldea-Blaze, L81, M|252/252\n|turn|6\n|inactive|RBLT freezai has 120 seconds left.\n|\n|t:|1726315777\n|switch|p1a: Masquerain|Masquerain, L87, F|264/264\n|-ability|p1a: Masquerain|Intimidate|boost\n|-unboost|p2a: Tauros|atk|1\n|move|p2a: Tauros|Substitute|p2a: Tauros\n|-start|p2a: Tauros|Substitute\n|-damage|p2a: Tauros|189/252\n|\n|-heal|p2a: Tauros|204/252|[from] Grassy Terrain\n|upkeep\n|turn|7\n|\n|t:|1726315787\n|switch|p1a: Rayquaza|Rayquaza, L72|270/270\n|-ability|p1a: Rayquaza|Air Lock\n|move|p2a: Tauros|Bulk Up|p2a: Tauros\n|-boost|p2a: Tauros|atk|1\n|-boost|p2a: Tauros|def|1\n|\n|-heal|p2a: Tauros|219/252|[from] Grassy Terrain\n|-fieldend|move: Grassy Terrain\n|upkeep\n|turn|8\n|\n|t:|1726315793\n|move|p2a: Tauros|Bulk Up|p2a: Tauros\n|-boost|p2a: Tauros|atk|1\n|-boost|p2a: Tauros|def|1\n|move|p1a: Rayquaza|Swords Dance|p1a: Rayquaza\n|-boost|p1a: Rayquaza|atk|2\n|\n|upkeep\n|turn|9\n|j| rb LTG99\n|\n|t:|1726315815\n|-terastallize|p2a: Tauros|Water\n|move|p2a: Tauros|Bulk Up|p2a: Tauros\n|-boost|p2a: Tauros|atk|1\n|-boost|p2a: Tauros|def|1\n|move|p1a: Rayquaza|Scale Shot|p2a: Tauros\n|-activate|p2a: Tauros|move: Substitute|[damage]\n|-activate|p2a: Tauros|move: Substitute|[damage]\n|-end|p2a: Tauros|Substitute\n|-damage|p2a: Tauros|195/252\n|-hitcount|p2a: Tauros|4\n|-unboost|p1a: Rayquaza|def|1\n|-boost|p1a: Rayquaza|spe|1\n|\n|upkeep\n|turn|10\n|j|@Frozoid\n|inactive|rblt tb has 120 seconds left.\n|\n|t:|1726315836\n|move|p1a: Rayquaza|Swords Dance|p1a: Rayquaza\n|-boost|p1a: Rayquaza|atk|2\n|move|p2a: Tauros|Bulk Up|p2a: Tauros\n|-boost|p2a: Tauros|atk|1\n|-boost|p2a: Tauros|def|1\n|\n|upkeep\n|turn|11\n|\n|t:|1726315854\n|move|p1a: Rayquaza|Dragon Ascent|p2a: Tauros\n|-damage|p2a: Tauros|71/252\n|-unboost|p1a: Rayquaza|def|1\n|-unboost|p1a: Rayquaza|spd|1\n|-enditem|p2a: Tauros|Sitrus Berry|[eat]\n|-heal|p2a: Tauros|134/252|[from] item: Sitrus Berry\n|move|p2a: Tauros|Raging Bull|p1a: Rayquaza\n|-resisted|p1a: Rayquaza\n|-damage|p1a: Rayquaza|6/270\n|\n|upkeep\n|turn|12\n|inactive|RBLT freezai has 120 seconds left.\n|\n|t:|1726315897\n|move|p1a: Rayquaza|Scale Shot|p2a: Tauros\n|-damage|p2a: Tauros|107/252\n|-damage|p2a: Tauros|82/252\n|-damage|p2a: Tauros|55/252\n|-damage|p2a: Tauros|30/252\n|-hitcount|p2a: Tauros|4\n|-unboost|p1a: Rayquaza|def|1\n|-boost|p1a: Rayquaza|spe|1\n|move|p2a: Tauros|Raging Bull|p1a: Rayquaza\n|-resisted|p1a: Rayquaza\n|-damage|p1a: Rayquaza|0 fnt\n|faint|p1a: Rayquaza\n|\n|-activate|p2a: Tauros|ability: Cud Chew\n|-enditem|p2a: Tauros|Sitrus Berry|[eat]\n|-heal|p2a: Tauros|93/252|[from] item: Sitrus Berry\n|upkeep\n|\n|t:|1726315901\n|switch|p1a: Masquerain|Masquerain, L87, F|264/264\n|-ability|p1a: Masquerain|Intimidate|boost\n|-unboost|p2a: Tauros|atk|1\n|turn|13\n|\n|t:|1726315911\n|-terastallize|p1a: Masquerain|Water\n|move|p2a: Tauros|Raging Bull|p1a: Masquerain\n|-resisted|p1a: Masquerain\n|-damage|p1a: Masquerain|139/264\n|move|p1a: Masquerain|Bug Buzz|p2a: Tauros\n|-damage|p2a: Tauros|0 fnt\n|faint|p2a: Tauros\n|\n|upkeep\n|\n|t:|1726315919\n|switch|p2a: Pecharunt|Pecharunt, L77|262/262\n|turn|14\n|\n|t:|1726315925\n|move|p1a: Masquerain|Hurricane|p2a: Pecharunt\n|-damage|p2a: Pecharunt|129/262\n|-start|p2a: Pecharunt|confusion\n|-activate|p2a: Pecharunt|confusion\n|move|p2a: Pecharunt|Nasty Plot|p2a: Pecharunt\n|-boost|p2a: Pecharunt|spa|2\n|\n|-heal|p2a: Pecharunt|145/262|[from] item: Leftovers\n|upkeep\n|turn|15\n|\n|t:|1726315933\n|switch|p1a: Kingambit|Kingambit, L74, M|270/270\n|-damage|p1a: Kingambit|237/270|[from] Spikes\n|-activate|p1a: Kingambit|ability: Supreme Overlord\n|-start|p1a: Kingambit|fallen2|[silent]\n|-activate|p2a: Pecharunt|confusion\n|move|p2a: Pecharunt|Shadow Ball|p1a: Kingambit\n|-resisted|p1a: Kingambit\n|-damage|p1a: Kingambit|166/270\n|\n|-heal|p2a: Pecharunt|161/262|[from] item: Leftovers\n|-heal|p1a: Kingambit|182/270|[from] item: Leftovers\n|upkeep\n|turn|16\n|\n|t:|1726315944\n|switch|p2a: Tropius|Tropius, L91, F|328/328\n|move|p1a: Kingambit|Kowtow Cleave|p2a: Tropius\n|-damage|p2a: Tropius|225/328\n|\n|-heal|p1a: Kingambit|198/270|[from] item: Leftovers\n|upkeep\n|turn|17\n|j| Namanpokemonmaster\n|\n|t:|1726315958\n|-end|p1a: Kingambit|fallen2|[silent]\n|switch|p1a: Masquerain|Masquerain, L87, F, tera:Water|139/264\n|-ability|p1a: Masquerain|Intimidate|boost\n|-unboost|p2a: Tropius|atk|1\n|move|p2a: Tropius|Substitute|p2a: Tropius\n|-start|p2a: Tropius|Substitute\n|-damage|p2a: Tropius|143/328\n|-enditem|p2a: Tropius|Sitrus Berry|[eat]\n|-heal|p2a: Tropius|225/328|[from] item: Sitrus Berry\n|\n|-item|p2a: Tropius|Sitrus Berry|[from] ability: Harvest\n|upkeep\n|turn|18\n|j| ionnss\n|l| ionnss\n|\n|t:|1726315975\n|move|p1a: Masquerain|Quiver Dance|p1a: Masquerain\n|-boost|p1a: Masquerain|spa|1\n|-boost|p1a: Masquerain|spd|1\n|-boost|p1a: Masquerain|spe|1\n|move|p2a: Tropius|Leech Seed|p1a: Masquerain\n|-start|p1a: Masquerain|move: Leech Seed\n|\n|-damage|p1a: Masquerain|106/264|[from] Leech Seed|[of] p2a: Tropius\n|-heal|p2a: Tropius|258/328|[silent]\n|upkeep\n|turn|19\n|\n|t:|1726315987\n|move|p1a: Masquerain|Quiver Dance|p1a: Masquerain\n|-boost|p1a: Masquerain|spa|1\n|-boost|p1a: Masquerain|spd|1\n|-boost|p1a: Masquerain|spe|1\n|move|p2a: Tropius|Air Slash|p1a: Masquerain\n|-damage|p1a: Masquerain|70/264\n|\n|-damage|p1a: Masquerain|37/264|[from] Leech Seed|[of] p2a: Tropius\n|-heal|p2a: Tropius|291/328|[silent]\n|upkeep\n|turn|20\n|\n|t:|1726315998\n|move|p2a: Tropius|Protect|p2a: Tropius\n|-singleturn|p2a: Tropius|Protect\n|move|p1a: Masquerain|Bug Buzz|p2a: Tropius\n|-activate|p2a: Tropius|move: Protect\n|\n|-damage|p1a: Masquerain|4/264|[from] Leech Seed|[of] p2a: Tropius\n|-heal|p2a: Tropius|324/328|[silent]\n|upkeep\n|turn|21\n|\n|t:|1726316005\n|move|p1a: Masquerain|Bug Buzz|p2a: Tropius\n|-damage|p2a: Tropius|138/328\n|-enditem|p2a: Tropius|Sitrus Berry|[eat]\n|-heal|p2a: Tropius|220/328|[from] item: Sitrus Berry\n|move|p2a: Tropius|Substitute|p2a: Tropius\n|-fail|p2a: Tropius|move: Substitute\n|\n|-damage|p1a: Masquerain|0 fnt|[from] Leech Seed|[of] p2a: Tropius\n|-heal|p2a: Tropius|224/328|[silent]\n|faint|p1a: Masquerain\n|upkeep\n|\n|t:|1726316016\n|switch|p1a: Incineroar|Incineroar, L83, F|293/293\n|-ability|p1a: Incineroar|Intimidate|boost\n|-immune|p2a: Tropius\n|turn|22\n|\n|t:|1726316030\n|move|p1a: Incineroar|Trailblaze|p2a: Tropius\n|-resisted|p2a: Tropius\n|-activate|p2a: Tropius|move: Substitute|[damage]\n|-boost|p1a: Incineroar|spe|1\n|move|p2a: Tropius|Leech Seed|p1a: Incineroar|[miss]\n|-miss|p2a: Tropius|p1a: Incineroar\n|\n|upkeep\n|turn|23\n|\n|t:|1726316038\n|move|p1a: Incineroar|Flare Blitz|p2a: Tropius\n|-supereffective|p2a: Tropius\n|-end|p2a: Tropius|Substitute\n|-damage|p1a: Incineroar|269/293|[from] Recoil|[of] p2a: Tropius\n|move|p2a: Tropius|Substitute|p2a: Tropius\n|-start|p2a: Tropius|Substitute\n|-damage|p2a: Tropius|142/328\n|\n|-item|p2a: Tropius|Sitrus Berry|[from] ability: Harvest\n|upkeep\n|-enditem|p2a: Tropius|Sitrus Berry|[eat]\n|-heal|p2a: Tropius|224/328|[from] item: Sitrus Berry\n|turn|24\n|\n|t:|1726316043\n|move|p1a: Incineroar|Flare Blitz|p2a: Tropius\n|-supereffective|p2a: Tropius\n|-crit|p2a: Tropius\n|-end|p2a: Tropius|Substitute\n|-damage|p1a: Incineroar|242/293|[from] Recoil|[of] p2a: Tropius\n|move|p2a: Tropius|Leech Seed|p1a: Incineroar\n|-start|p1a: Incineroar|move: Leech Seed\n|\n|-damage|p1a: Incineroar|206/293|[from] Leech Seed|[of] p2a: Tropius\n|-heal|p2a: Tropius|260/328|[silent]\n|upkeep\n|turn|25\n|j| ueihe9hd\n|\n|t:|1726316070\n|move|p2a: Tropius|Protect|p2a: Tropius\n|-singleturn|p2a: Tropius|Protect\n|move|p1a: Incineroar|Swords Dance|p1a: Incineroar\n|-boost|p1a: Incineroar|atk|2\n|\n|-damage|p1a: Incineroar|170/293|[from] Leech Seed|[of] p2a: Tropius\n|-heal|p2a: Tropius|296/328|[silent]\n|upkeep\n|turn|26\n|\n|t:|1726316075\n|switch|p2a: Ditto|Ditto, L87|225/225\n|-transform|p2a: Ditto|p1a: Incineroar|[from] ability: Imposter\n|-ability|p2a: Ditto|Intimidate|boost\n|-unboost|p1a: Incineroar|atk|1\n|move|p1a: Incineroar|Flare Blitz|p2a: Ditto\n|-resisted|p2a: Ditto\n|-damage|p2a: Ditto|117/225\n|-damage|p1a: Incineroar|134/293|[from] Recoil\n|\n|-damage|p1a: Incineroar|98/293|[from] Leech Seed|[of] p2a: Ditto\n|-heal|p2a: Ditto|153/225|[silent]\n|upkeep\n|turn|27\n|\n|t:|1726316091\n|move|p2a: Ditto|Flare Blitz|p1a: Incineroar\n|-resisted|p1a: Incineroar\n|-damage|p1a: Incineroar|0 fnt\n|faint|p1a: Incineroar\n|-damage|p2a: Ditto|121/225|[from] Recoil\n|\n|upkeep\n|\n|t:|1726316093\n|switch|p1a: Greedent|Greedent, L86, M|347/347\n|-damage|p1a: Greedent|304/347|[from] Spikes\n|turn|28\n|\n|t:|1726316120\n|move|p2a: Ditto|Flare Blitz|p1a: Greedent\n|-damage|p1a: Greedent|51/347\n|-enditem|p1a: Greedent|Sitrus Berry|[eat]\n|-heal|p1a: Greedent|137/347|[from] item: Sitrus Berry\n|-heal|p1a: Greedent|252/347|[from] ability: Cheek Pouch\n|-damage|p2a: Ditto|38/225|[from] Recoil\n|move|p1a: Greedent|Swords Dance|p1a: Greedent\n|-boost|p1a: Greedent|atk|2\n|\n|upkeep\n|turn|29\n|\n|t:|1726316128\n|move|p2a: Ditto|Flare Blitz|p1a: Greedent\n|-damage|p1a: Greedent|5/347\n|-damage|p2a: Ditto|0 fnt|[from] Recoil\n|faint|p2a: Ditto\n|move|p1a: Greedent|Knock Off|p2: Ditto|[notarget]\n|-fail|p1a: Greedent\n|\n|upkeep\n|\n|t:|1726316135\n|switch|p2a: Tropius|Tropius, L91, F|296/328\n|turn|30\n|\n|t:|1726316139\n|move|p2a: Tropius|Air Slash|p1a: Greedent\n|-damage|p1a: Greedent|0 fnt\n|faint|p1a: Greedent\n|\n|-item|p2a: Tropius|Sitrus Berry|[from] ability: Harvest\n|upkeep\n|\n|t:|1726316141\n|switch|p1a: Kingambit|Kingambit, L74, M|198/270\n|-damage|p1a: Kingambit|165/270|[from] Spikes\n|-activate|p1a: Kingambit|ability: Supreme Overlord\n|-start|p1a: Kingambit|fallen5|[silent]\n|turn|31\n|\n|t:|1726316149\n|move|p2a: Tropius|Leech Seed|p1a: Kingambit\n|-start|p1a: Kingambit|move: Leech Seed\n|move|p1a: Kingambit|Swords Dance|p1a: Kingambit\n|-boost|p1a: Kingambit|atk|2\n|\n|-heal|p1a: Kingambit|181/270|[from] item: Leftovers\n|-damage|p1a: Kingambit|148/270|[from] Leech Seed|[of] p2a: Tropius\n|-heal|p2a: Tropius|328/328|[silent]\n|upkeep\n|turn|32\n|\n|t:|1726316153\n|move|p2a: Tropius|Protect|p2a: Tropius\n|-singleturn|p2a: Tropius|Protect\n|move|p1a: Kingambit|Kowtow Cleave|p2a: Tropius\n|-activate|p2a: Tropius|move: Protect\n|\n|-heal|p1a: Kingambit|164/270|[from] item: Leftovers\n|-damage|p1a: Kingambit|131/270|[from] Leech Seed|[of] p2a: Tropius\n|upkeep\n|turn|33\n|\n|t:|1726316154\n|move|p2a: Tropius|Substitute|p2a: Tropius\n|-start|p2a: Tropius|Substitute\n|-damage|p2a: Tropius|246/328\n|move|p1a: Kingambit|Kowtow Cleave|p2a: Tropius\n|-end|p2a: Tropius|Substitute\n|\n|-heal|p1a: Kingambit|147/270|[from] item: Leftovers\n|-damage|p1a: Kingambit|114/270|[from] Leech Seed|[of] p2a: Tropius\n|-heal|p2a: Tropius|279/328|[silent]\n|upkeep\n|turn|34\n|-message|RBLT freezai forfeited.\n|\n|win|rblt tb\n|raw|RBLT freezai's rating: 2211 &rarr; <strong>2202</strong><br />(-9 for losing)\n|raw|rblt tb's rating: 2424 &rarr; <strong>2433</strong><br />(+9 for winning)\n|l|\u2606RBLT freezai\n|player|p1|\n|j| Losconosciuto\n|l| ueihe9hd\n|j| retric xd\n|l| rb LTG99\n|l| RBLT Petros\n|l| Losconosciuto\n", "inputlog": ">version abcf08933808d3fb39dbc2b54a8665d830b47482\n>start {\"formatid\":\"gen9randombattle\",\"seed\":[32137,41015,39059,41123],\"rated\":\"Rated battle\"}\n>player p1 {\"name\":\"RBLT freezai\",\"avatar\":\"youngcouple-gen4dp\",\"rating\":2211,\"seed\":[1364,31404,47098,61678]}\n>player p2 {\"name\":\"rblt tb\",\"avatar\":\"169\",\"rating\":2424,\"seed\":[5353,5178,17261,55419]}\n>p1 switch 2\n>p2 move malignantchain\n>p1 move swordsdance\n>p2 switch 2\n>p1 switch 3\n>p2 move encore\n>p1 move woodhammer\n>p2 move icebeam\n>p1 switch 4\n>p2 switch 4\n>p1 move knockoff\n>p2 move spikes\n>p2 switch 6\n>p1 switch 2\n>p2 move substitute\n>p1 switch 5\n>p2 move bulkup\n>p1 move swordsdance\n>p2 move bulkup\n>p1 move scaleshot\n>p2 move bulkup terastallize\n>p1 move swordsdance\n>p2 move bulkup\n>p1 move dragonascent\n>p2 move ragingbull\n>p1 move scaleshot\n>p2 move ragingbull\n>p1 switch 5\n>p1 move bugbuzz terastallize\n>p2 move ragingbull\n>p2 switch 2\n>p1 move hurricane\n>p2 move nastyplot\n>p1 switch 3\n>p2 move shadowball\n>p1 move kowtowcleave\n>p2 switch 3\n>p1 switch 3\n>p2 move substitute\n>p1 move quiverdance\n>p2 move leechseed\n>p1 move quiverdance\n>p2 move airslash\n>p1 move bugbuzz\n>p2 move protect\n>p1 move bugbuzz\n>p2 move substitute\n>p1 switch 2\n>p1 move trailblaze\n>p2 move leechseed\n>p1 move flareblitz\n>p2 move substitute\n>p1 move flareblitz\n>p2 move leechseed\n>p1 move swordsdance\n>p2 move protect\n>p1 move flareblitz\n>p2 switch 5\n>p1 move flareblitz\n>p2 move flareblitz\n>p1 switch 6\n>p1 move swordsdance\n>p2 move flareblitz\n>p1 move knockoff\n>p2 move flareblitz\n>p2 switch 5\n>p1 move knockoff\n>p2 move airslash\n>p1 switch 3\n>p1 move swordsdance\n>p2 move leechseed\n>p1 move kowtowcleave\n>p2 move protect\n>p1 move kowtowcleave\n>p2 move substitute\n>forcelose p1", "uploadtime": 1726316169, "views": 90, "formatid": "gen9randombattle", "rating": 2202, "private": 0, "password": null}