{"id": "gen9randombattle-2260740486", "format": "[Gen 9] Random Battle", "players": ["justintime18", "iclope"], "log": "|j|\u2606justintime18\n|j|\u2606iclope\n|t:|1733885360\n|gametype|singles\n|player|p1|justintime18|102|\n|player|p2|iclope|red|\n|teamsize|p1|6\n|teamsize|p2|6\n|gen|9\n|tier|[Gen 9] Random Battle\n|rule|Species Clause: Limit one of each Pok\u00e9mon\n|rule|HP Percentage Mod: HP is shown in percentages\n|rule|Sleep Clause Mod: Limit one foe put to sleep\n|rule|Illusion Level Mod: Illusion disguises the Pok\u00e9mon's true level\n|\n|t:|1733885360\n|start\n|switch|p1a: Vikavolt|Vikavolt, L83, F|263/263\n|switch|p2a: Virizion|Virizion, L82|283/283\n|turn|1\n|inactive|Battle timer is ON: inactive players will automatically lose when time's up. (requested by iclope)\n|inactive|justintime18 has 270 seconds left.\n|\n|t:|1733885400\n|move|p2a: Virizion|Stone Edge|p1a: Vikavolt|[miss]\n|-miss|p2a: Virizion|p1a: Vikavolt\n|move|p1a: Vikavolt|Sticky Web|p2a: Virizion\n|-sidestart|p2: iclope|move: Sticky Web\n|\n|upkeep\n|turn|2\n|\n|t:|1733885406\n|switch|p1a: Carbink|Carbink, L90|236/236\n|move|p2a: Virizion|Stone Edge|p1a: Carbink\n|-damage|p1a: Carbink|180/236\n|-damage|p2a: Virizion|255/283|[from] item: Life Orb\n|\n|upkeep\n|turn|3\n|j| Thotty10noodle\n|j| TheClutchPvP\n|\n|t:|1733885414\n|move|p2a: Virizion|Leaf Blade|p1a: Carbink\n|-supereffective|p1a: Carbink\n|-damage|p1a: Carbink|37/236\n|-damage|p2a: Virizion|227/283|[from] item: Life Orb\n|move|p1a: Carbink|Iron Defense|p1a: Carbink\n|-boost|p1a: Carbink|def|2\n|\n|upkeep\n|turn|4\n|\n|t:|1733885436\n|move|p2a: Virizion|Leaf Blade|p1a: Carbink\n|-supereffective|p1a: Carbink\n|-damage|p1a: Carbink|0 fnt\n|faint|p1a: Carbink\n|-damage|p2a: Virizion|199/283|[from] item: Life Orb\n|\n|upkeep\n|\n|t:|1733885446\n|switch|p1a: Wyrdeer|Wyrdeer, L87, F|321/321\n|-ability|p1a: Wyrdeer|Intimidate|boost\n|-unboost|p2a: Virizion|atk|1\n|turn|5\n|\n|t:|1733885454\n|move|p2a: Virizion|Swords Dance|p2a: Virizion\n|-boost|p2a: Virizion|atk|2\n|move|p1a: Wyrdeer|Psychic Noise|p2a: Virizion\n|-supereffective|p2a: Virizion\n|-damage|p2a: Virizion|61/283\n|-start|p2a: Virizion|move: Heal Block\n|\n|upkeep\n|turn|6\n|\n|t:|1733885465\n|move|p2a: Virizion|Close Combat|p1a: Wyrdeer\n|-damage|p1a: Wyrdeer|86/321\n|-unboost|p2a: Virizion|def|1\n|-unboost|p2a: Virizion|spd|1\n|-damage|p2a: Virizion|33/283|[from] item: Life Orb\n|move|p1a: Wyrdeer|Psychic Noise|p2a: Virizion\n|-supereffective|p2a: Virizion\n|-damage|p2a: Virizion|0 fnt\n|faint|p2a: Virizion\n|\n|upkeep\n|inactive|iclope has 270 seconds left.\n|\n|t:|1733885506\n|switch|p2a: Garganacl|Garganacl, L80, F|291/291\n|-activate|p2a: Garganacl|move: Sticky Web\n|-unboost|p2a: Garganacl|spe|1\n|turn|7\n|\n|t:|1733885526\n|-terastallize|p1a: Wyrdeer|Ground\n|move|p1a: Wyrdeer|Earthquake|p2a: Garganacl\n|-supereffective|p2a: Garganacl\n|-damage|p2a: Garganacl|117/291\n|move|p2a: Garganacl|Salt Cure|p1a: Wyrdeer\n|-resisted|p1a: Wyrdeer\n|-damage|p1a: Wyrdeer|63/321\n|-start|p1a: Wyrdeer|Salt Cure\n|\n|-heal|p2a: Garganacl|135/291|[from] item: Leftovers\n|-damage|p1a: Wyrdeer|23/321|[from] Salt Cure\n|upkeep\n|turn|8\n|\n|t:|1733885537\n|switch|p2a: Gogoat|Gogoat, L88, F|360/360\n|-activate|p2a: Gogoat|move: Sticky Web\n|-unboost|p2a: Gogoat|spe|1\n|move|p1a: Wyrdeer|Earthquake|p2a: Gogoat\n|-resisted|p2a: Gogoat\n|-damage|p2a: Gogoat|286/360\n|\n|-heal|p2a: Gogoat|308/360|[from] item: Leftovers\n|-damage|p1a: Wyrdeer|0 fnt|[from] Salt Cure\n|faint|p1a: Wyrdeer\n|upkeep\n|inactive|justintime18 has 270 seconds left.\n|\n|t:|1733885559\n|switch|p1a: Vikavolt|Vikavolt, L83, F|263/263\n|turn|9\n|inactive|justintime18 has 270 seconds left.\n|inactive|iclope has 270 seconds left.\n|\n|t:|1733885568\n|switch|p2a: Garganacl|Garganacl, L80, F|135/291\n|-activate|p2a: Garganacl|move: Sticky Web\n|-unboost|p2a: Garganacl|spe|1\n|move|p1a: Vikavolt|Bug Buzz|p2a: Garganacl\n|-damage|p2a: Garganacl|0 fnt\n|faint|p2a: Garganacl\n|\n|upkeep\n|inactive|iclope has 270 seconds left.\n|\n|t:|1733885577\n|switch|p2a: Emboar|Emboar, L84, M|322/322\n|-activate|p2a: Emboar|move: Sticky Web\n|-unboost|p2a: Emboar|spe|1\n|turn|10\n|\n|t:|1733885591\n|move|p1a: Vikavolt|Volt Switch|p2a: Emboar\n|-damage|p2a: Emboar|187/322\n|inactive|justintime18 has 270 seconds left.\n|\n|t:|1733885607\n|switch|p1a: Terapagos|Terapagos, L76, F|262/262|[from] Volt Switch\n|-activate|p1a: Terapagos|ability: Tera Shift\n|detailschange|p1a: Terapagos|Terapagos-Terastal, L76, F\n|-heal|p1a: Terapagos|269/269|[silent]\n|move|p2a: Emboar|Trailblaze|p1a: Terapagos\n|-activate|p1a: Terapagos|ability: Tera Shell\n|-resisted|p1a: Terapagos\n|-damage|p1a: Terapagos|247/269\n|-boost|p2a: Emboar|spe|1\n|\n|-heal|p2a: Emboar|207/322|[from] item: Leftovers\n|upkeep\n|turn|11\n|inactive|justintime18 has 270 seconds left.\n|\n|t:|1733885627\n|move|p1a: Terapagos|Earth Power|p2a: Emboar\n|-supereffective|p2a: Emboar\n|-damage|p2a: Emboar|55/322\n|move|p2a: Emboar|Drain Punch|p1a: Terapagos\n|-supereffective|p1a: Terapagos\n|-damage|p1a: Terapagos|59/269\n|-heal|p2a: Emboar|149/322|[from] drain|[of] p1a: Terapagos\n|\n|-heal|p2a: Emboar|169/322|[from] item: Leftovers\n|upkeep\n|turn|12\n|\n|t:|1733885645\n|move|p1a: Terapagos|Earth Power|p2a: Emboar\n|-supereffective|p2a: Emboar\n|-damage|p2a: Emboar|33/322\n|move|p2a: Emboar|Trailblaze|p1a: Terapagos\n|-damage|p1a: Terapagos|18/269\n|-boost|p2a: Emboar|spe|1\n|\n|-heal|p2a: Emboar|53/322|[from] item: Leftovers\n|upkeep\n|turn|13\n|\n|t:|1733885667\n|move|p2a: Emboar|Drain Punch|p1a: Terapagos\n|-supereffective|p1a: Terapagos\n|-damage|p1a: Terapagos|0 fnt\n|-heal|p2a: Emboar|62/322|[from] drain|[of] p1a: Terapagos\n|faint|p1a: Terapagos\n|\n|-heal|p2a: Emboar|82/322|[from] item: Leftovers\n|upkeep\n|inactive|justintime18 has 240 seconds left.\n|\n|t:|1733885687\n|switch|p1a: Heracross|Heracross, L80, F|259/259\n|turn|14\n|\n|t:|1733885693\n|move|p1a: Heracross|Earthquake|p2a: Emboar\n|-supereffective|p2a: Emboar\n|-damage|p2a: Emboar|0 fnt\n|faint|p2a: Emboar\n|-ability|p1a: Heracross|Moxie|boost\n|-boost|p1a: Heracross|atk|1\n|\n|upkeep\n|\n|t:|1733885710\n|switch|p2a: Gogoat|Gogoat, L88, F|308/360\n|-activate|p2a: Gogoat|move: Sticky Web\n|-unboost|p2a: Gogoat|spe|1\n|turn|15\n|inactive|justintime18 has 240 seconds left.\n|\n|t:|1733885731\n|switch|p1a: Vikavolt|Vikavolt, L83, F|263/263\n|move|p2a: Gogoat|Bulk Up|p2a: Gogoat\n|-boost|p2a: Gogoat|atk|1\n|-boost|p2a: Gogoat|def|1\n|\n|-heal|p2a: Gogoat|330/360|[from] item: Leftovers\n|upkeep\n|turn|16\n|\n|t:|1733885753\n|move|p1a: Vikavolt|Bug Buzz|p2a: Gogoat\n|-supereffective|p2a: Gogoat\n|-damage|p2a: Gogoat|60/360\n|move|p2a: Gogoat|Horn Leech|p1a: Vikavolt\n|-resisted|p1a: Vikavolt\n|-damage|p1a: Vikavolt|202/263\n|-heal|p2a: Gogoat|91/360|[from] drain|[of] p1a: Vikavolt\n|\n|-heal|p2a: Gogoat|113/360|[from] item: Leftovers\n|upkeep\n|turn|17\n|\n|t:|1733885762\n|move|p1a: Vikavolt|Bug Buzz|p2a: Gogoat\n|-supereffective|p2a: Gogoat\n|-damage|p2a: Gogoat|0 fnt\n|faint|p2a: Gogoat\n|\n|upkeep\n|\n|t:|1733885776\n|switch|p2a: Florges|Florges-Blue, L85, F|271/271\n|-activate|p2a: Florges|move: Sticky Web\n|-unboost|p2a: Florges|spe|1\n|turn|18\n|inactive|justintime18 has 240 seconds left.\n|\n|t:|1733885793\n|move|p1a: Vikavolt|Discharge|p2a: Florges\n|-damage|p2a: Florges|204/271\n|move|p2a: Florges|Moonblast|p1a: Vikavolt\n|-damage|p1a: Vikavolt|75/263\n|\n|-heal|p2a: Florges|220/271|[from] item: Leftovers\n|upkeep\n|turn|19\n|inactive|justintime18 has 240 seconds left.\n|\n|t:|1733885814\n|move|p1a: Vikavolt|Discharge|p2a: Florges\n|-damage|p2a: Florges|150/271\n|move|p2a: Florges|Calm Mind|p2a: Florges\n|-boost|p2a: Florges|spa|1\n|-boost|p2a: Florges|spd|1\n|\n|-heal|p2a: Florges|166/271|[from] item: Leftovers\n|upkeep\n|turn|20\n|\n|t:|1733885826\n|move|p1a: Vikavolt|Discharge|p2a: Florges\n|-damage|p2a: Florges|117/271\n|-status|p2a: Florges|par\n|move|p2a: Florges|Wish|p2a: Florges\n|\n|-heal|p2a: Florges|133/271 par|[from] item: Leftovers\n|upkeep\n|turn|21\n|\n|t:|1733885837\n|switch|p1a: Mienshao|Mienshao, L83, F|244/244\n|cant|p2a: Florges|par\n|\n|-heal|p2a: Florges|268/271 par|[from] move: Wish|[wisher] Florges\n|-heal|p2a: Florges|271/271 par|[from] item: Leftovers\n|upkeep\n|turn|22\n|\n|t:|1733885861\n|move|p1a: Mienshao|Triple Axel|p2a: Florges\n|-damage|p2a: Florges|246/271 par\n|-damage|p2a: Florges|191/271 par\n|-damage|p2a: Florges|116/271 par\n|-hitcount|p2a: Florges|3\n|-damage|p1a: Mienshao|220/244|[from] item: Life Orb\n|move|p2a: Florges|Moonblast|p1a: Mienshao\n|-supereffective|p1a: Mienshao\n|-damage|p1a: Mienshao|0 fnt\n|faint|p1a: Mienshao\n|\n|-heal|p2a: Florges|132/271 par|[from] item: Leftovers\n|upkeep\n|inactive|justintime18 has 210 seconds left.\n|\n|t:|1733885877\n|switch|p1a: Heracross|Heracross, L80, F|259/259\n|turn|23\n|inactive|justintime18 has 210 seconds left.\n|\n|t:|1733885892\n|move|p1a: Heracross|Earthquake|p2a: Florges\n|-damage|p2a: Florges|34/271 par\n|move|p2a: Florges|Moonblast|p1a: Heracross\n|-supereffective|p1a: Heracross\n|-damage|p1a: Heracross|0 fnt\n|faint|p1a: Heracross\n|\n|-heal|p2a: Florges|50/271 par|[from] item: Leftovers\n|upkeep\n|\n|t:|1733885900\n|switch|p1a: Vikavolt|Vikavolt, L83, F|75/263\n|turn|24\n|\n|t:|1733885911\n|move|p1a: Vikavolt|Discharge|p2a: Florges\n|-damage|p2a: Florges|1/271 par\n|move|p2a: Florges|Moonblast|p1a: Vikavolt\n|-damage|p1a: Vikavolt|0 fnt\n|faint|p1a: Vikavolt\n|\n|win|iclope\n", "inputlog": ">version bfd83cad13791eb5a5a409923076391caf6fb4d4\n>start {\"formatid\":\"gen9randombattle\",\"seed\":[57770,17774,33880,20651]}\n>player p1 {\"name\":\"justintime18\",\"avatar\":\"102\",\"rating\":0,\"seed\":[1321,33391,4048,34555]}\n>player p2 {\"name\":\"iclope\",\"avatar\":\"red\",\"rating\":0,\"seed\":[21046,9493,21681,25679]}\n>p1 move stickyweb\n>p2 move stoneedge\n>p1 switch 6\n>p2 move stoneedge\n>p1 move irondefense\n>p2 move leafblade\n>p1 move moonblast\n>p2 move leafblade\n>p1 switch 5\n>p1 move psychicnoise\n>p2 move swordsdance\n>p1 move psychicnoise\n>p2 move closecombat\n>p2 switch 3\n>p1 move earthquake terastallize\n>p2 move saltcure\n>p1 move earthquake\n>p2 switch 4\n>p1 switch 6\n>p1 move bugbuzz\n>p2 switch 4\n>p2 switch 6\n>p1 move voltswitch\n>p2 move trailblaze\n>p1 switch 2\n>p1 move earthpower\n>p2 move drainpunch\n>p1 move earthpower\n>p2 move trailblaze\n>p1 move earthpower\n>p2 move drainpunch\n>p1 switch 3\n>p1 move earthquake\n>p2 move flareblitz\n>p2 switch 4\n>p1 switch 2\n>p2 move bulkup\n>p1 move bugbuzz\n>p2 move hornleech\n>p1 move bugbuzz\n>p2 move hornleech\n>p2 switch 2\n>p1 move discharge\n>p2 move moonblast\n>p1 move discharge\n>p2 move calmmind\n>p1 move discharge\n>p2 move wish\n>p1 switch 4\n>p2 move calmmind\n>p1 move tripleaxel\n>p2 move moonblast\n>p1 switch 2\n>p1 move earthquake\n>p2 move moonblast\n>p1 switch 4\n>p1 move discharge\n>p2 move moonblast", "uploadtime": 1733885915, "views": 7, "formatid": "gen9randombattle", "rating": null, "private": 0, "password": null}