{"id": "gen9randombattle-2260698617", "format": "[Gen 9] Random Battle", "players": ["12sb34", "FantasyWind"], "log": "|j|\u260612sb34\n|j|\u203dFantasyWind\n|t:|1733879924\n|gametype|singles\n|player|p1|12sb34|101|1260\n|player|p2|FantasyWind|hilda|1304\n|teamsize|p1|6\n|teamsize|p2|6\n|gen|9\n|tier|[Gen 9] Random Battle\n|rated|\n|rule|Species Clause: Limit one of each Pok\u00e9mon\n|rule|HP Percentage Mod: HP is shown in percentages\n|rule|Sleep Clause Mod: Limit one foe put to sleep\n|rule|Illusion Level Mod: Illusion disguises the Pok\u00e9mon's true level\n|\n|t:|1733879924\n|start\n|switch|p1a: Palkia|Palkia-Origin, L72|249/249\n|switch|p2a: Mightyena|Mightyena, L95, F|287/287\n|-ability|p1a: Palkia|Pressure\n|-ability|p2a: Mightyena|Intimidate|boost\n|-unboost|p1a: Palkia|atk|1\n|turn|1\n|inactive|Battle timer is ON: inactive players will automatically lose when time's up. (requested by FantasyWind)\n|\n|t:|1733879942\n|move|p1a: Palkia|Draco Meteor|p2a: Mightyena\n|-damage|p2a: Mightyena|97/287\n|-unboost|p1a: Palkia|spa|2\n|move|p2a: Mightyena|Play Rough|p1a: Palkia\n|-supereffective|p1a: Palkia\n|-damage|p1a: Palkia|17/249\n|-unboost|p1a: Palkia|atk|1\n|\n|upkeep\n|turn|2\n|\n|t:|1733879969\n|switch|p1a: Palossand|Palossand, L89, M|296/296\n|move|p2a: Mightyena|Play Rough|p1a: Palossand\n|-damage|p1a: Palossand|210/296\n|\n|-heal|p1a: Palossand|228/296|[from] item: Leftovers\n|upkeep\n|turn|3\n|\n|t:|1733879983\n|switch|p2a: Yanmega|Yanmega, L82, M|275/275\n|move|p1a: Palossand|Stealth Rock|p2a: Yanmega\n|-sidestart|p2: FantasyWind|move: Stealth Rock\n|\n|-heal|p1a: Palossand|246/296|[from] item: Leftovers\n|upkeep\n|turn|4\n|\n|t:|1733879992\n|move|p2a: Yanmega|Air Slash|p1a: Palossand\n|-damage|p1a: Palossand|159/296\n|cant|p1a: Palossand|flinch\n|\n|-heal|p1a: Palossand|177/296|[from] item: Leftovers\n|-ability|p2a: Yanmega|Speed Boost|boost\n|-boost|p2a: Yanmega|spe|1\n|upkeep\n|turn|5\n|\n|t:|1733879998\n|move|p2a: Yanmega|Air Slash|p1a: Palossand\n|-damage|p1a: Palossand|83/296\n|move|p1a: Palossand|Shadow Ball|p2a: Yanmega\n|-damage|p2a: Yanmega|131/275\n|-unboost|p2a: Yanmega|spd|1\n|\n|-heal|p1a: Palossand|101/296|[from] item: Leftovers\n|-ability|p2a: Yanmega|Speed Boost|boost\n|-boost|p2a: Yanmega|spe|1\n|upkeep\n|turn|6\n|\n|t:|1733880008\n|move|p2a: Yanmega|Air Slash|p1a: Palossand\n|-damage|p1a: Palossand|11/296\n|cant|p1a: Palossand|flinch\n|\n|-heal|p1a: Palossand|29/296|[from] item: Leftovers\n|-ability|p2a: Yanmega|Speed Boost|boost\n|-boost|p2a: Yanmega|spe|1\n|upkeep\n|turn|7\n|\n|t:|1733880014\n|move|p2a: Yanmega|Air Slash|p1a: Palossand\n|-damage|p1a: Palossand|0 fnt\n|faint|p1a: Palossand\n|\n|-ability|p2a: Yanmega|Speed Boost|boost\n|-boost|p2a: Yanmega|spe|1\n|upkeep\n|\n|t:|1733880021\n|switch|p1a: Regieleki|Regieleki, L79|256/256\n|turn|8\n|\n|t:|1733880025\n|-terastallize|p2a: Yanmega|Ground\n|move|p2a: Yanmega|Tera Blast|p1a: Regieleki|[anim] Tera Blast Ground\n|-supereffective|p1a: Regieleki\n|-damage|p1a: Regieleki|0 fnt\n|faint|p1a: Regieleki\n|\n|-ability|p2a: Yanmega|Speed Boost|boost\n|-boost|p2a: Yanmega|spe|1\n|upkeep\n|\n|t:|1733880030\n|switch|p1a: Eternatus|Eternatus, L69|308/308\n|-ability|p1a: Eternatus|Pressure\n|turn|9\n|\n|t:|1733880036\n|move|p2a: Yanmega|Tera Blast|p1a: Eternatus|[anim] Tera Blast Ground\n|-supereffective|p1a: Eternatus\n|-damage|p1a: Eternatus|96/308\n|move|p1a: Eternatus|Dynamax Cannon|p2a: Yanmega\n|-damage|p2a: Yanmega|0 fnt\n|faint|p2a: Yanmega\n|\n|upkeep\n|\n|t:|1733880059\n|switch|p2a: Gallade|Gallade, L81, M|243/243\n|-damage|p2a: Gallade|228/243|[from] Stealth Rock\n|turn|10\n|inactive|12sb34 has 120 seconds left.\n|inactive|12sb34 has 90 seconds left.\n|\n|t:|1733880140\n|move|p1a: Eternatus|Recover|p1a: Eternatus\n|-heal|p1a: Eternatus|250/308\n|move|p2a: Gallade|Agility|p2a: Gallade\n|-boost|p2a: Gallade|spe|2\n|\n|upkeep\n|turn|11\n|\n|t:|1733880149\n|move|p2a: Gallade|Psycho Cut|p1a: Eternatus\n|-supereffective|p1a: Eternatus\n|-damage|p1a: Eternatus|0 fnt\n|faint|p1a: Eternatus\n|-damage|p2a: Gallade|204/243|[from] item: Life Orb\n|\n|upkeep\n|\n|t:|1733880168\n|switch|p1a: Sinistcha|Sinistcha-Masterpiece, L83|254/254\n|turn|12\n|\n|t:|1733880177\n|-terastallize|p1a: Sinistcha|Steel\n|move|p2a: Gallade|Night Slash|p1a: Sinistcha\n|-damage|p1a: Sinistcha|158/254\n|-damage|p2a: Gallade|180/243|[from] item: Life Orb\n|move|p1a: Sinistcha|Strength Sap|p2a: Gallade\n|-unboost|p2a: Gallade|atk|1\n|-heal|p1a: Sinistcha|254/254\n|\n|upkeep\n|turn|13\n|\n|t:|1733880186\n|move|p2a: Gallade|Sacred Sword|p1a: Sinistcha\n|-supereffective|p1a: Sinistcha\n|-damage|p1a: Sinistcha|20/254\n|-damage|p2a: Gallade|156/243|[from] item: Life Orb\n|move|p1a: Sinistcha|Strength Sap|p2a: Gallade\n|-unboost|p2a: Gallade|atk|1\n|-heal|p1a: Sinistcha|186/254\n|\n|-heal|p1a: Sinistcha|201/254|[from] item: Leftovers\n|upkeep\n|turn|14\n|\n|t:|1733880199\n|move|p2a: Gallade|Sacred Sword|p1a: Sinistcha\n|-supereffective|p1a: Sinistcha\n|-damage|p1a: Sinistcha|29/254\n|-damage|p2a: Gallade|132/243|[from] item: Life Orb\n|move|p1a: Sinistcha|Matcha Gotcha|p2a: Gallade\n|-damage|p2a: Gallade|51/243\n|-heal|p1a: Sinistcha|70/254|[from] drain|[of] p2a: Gallade\n|-status|p2a: Gallade|brn\n|\n|-heal|p1a: Sinistcha|85/254|[from] item: Leftovers\n|-damage|p2a: Gallade|36/243 brn|[from] brn\n|upkeep\n|turn|15\n|\n|t:|1733880213\n|switch|p1a: Palkia|Palkia-Origin, L72|17/249\n|-ability|p1a: Palkia|Pressure\n|move|p2a: Gallade|Sacred Sword|p1a: Palkia\n|-damage|p1a: Palkia|0 fnt\n|faint|p1a: Palkia\n|-damage|p2a: Gallade|12/243 brn|[from] item: Life Orb\n|\n|-damage|p2a: Gallade|0 fnt|[from] brn\n|faint|p2a: Gallade\n|upkeep\n|\n|t:|1733880222\n|switch|p1a: Sinistcha|Sinistcha-Masterpiece, L83, tera:Steel|85/254\n|switch|p2a: Mismagius|Mismagius, L86, M|243/243\n|-damage|p2a: Mismagius|213/243|[from] Stealth Rock\n|turn|16\n|inactive|12sb34 has 90 seconds left.\n|\n|t:|1733880249\n|move|p2a: Mismagius|Shadow Ball|p1a: Sinistcha\n|-damage|p1a: Sinistcha|0 fnt\n|faint|p1a: Sinistcha\n|-damage|p2a: Mismagius|189/243|[from] item: Life Orb\n|\n|upkeep\n|\n|t:|1733880253\n|switch|p1a: Azelf|Azelf, L82|257/257\n|turn|17\n|\n|t:|1733880257\n|move|p1a: Azelf|Psyshock|p2a: Mismagius\n|-damage|p2a: Mismagius|11/243\n|move|p2a: Mismagius|Shadow Ball|p1a: Azelf\n|-supereffective|p1a: Azelf\n|-damage|p1a: Azelf|0 fnt\n|faint|p1a: Azelf\n|-damage|p2a: Mismagius|0 fnt|[from] item: Life Orb\n|faint|p2a: Mismagius\n|\n|win|FantasyWind\n|raw|12sb34's rating: 1260 &rarr; <strong>1238</strong><br />(-22 for losing)\n|raw|FantasyWind's rating: 1304 &rarr; <strong>1321</strong><br />(+17 for winning)\n|l|\u260612sb34\n|player|p1|\n", "inputlog": ">version bfd83cad13791eb5a5a409923076391caf6fb4d4\n>start {\"formatid\":\"gen9randombattle\",\"seed\":[8390,61621,61218,22367],\"rated\":\"Rated battle\"}\n>player p1 {\"name\":\"12sb34\",\"avatar\":\"101\",\"rating\":1260,\"seed\":[45485,2878,42591,51033]}\n>player p2 {\"name\":\"FantasyWind\",\"avatar\":\"hilda\",\"rating\":1304,\"seed\":[51160,17582,20675,34580]}\n>p1 move dracometeor\n>p2 move playrough\n>p1 switch 5\n>p2 move playrough\n>p1 move stealthrock\n>p2 switch 3\n>p1 move shadowball\n>p2 move airslash\n>p1 move shadowball\n>p2 move airslash\n>p1 move shoreup\n>p2 move airslash\n>p1 move shoreup\n>p2 move airslash\n>p1 switch 3\n>p1 move voltswitch\n>p2 move terablast terastallize\n>p1 switch 2\n>p1 move dynamaxcannon\n>p2 move terablast\n>p2 switch 6\n>p1 move recover\n>p2 move agility\n>p1 move sludgebomb\n>p2 move psychocut\n>p1 switch 4\n>p1 move strengthsap terastallize\n>p2 move nightslash\n>p1 move strengthsap\n>p2 move sacredsword\n>p1 move matchagotcha\n>p2 move sacredsword\n>p1 switch 5\n>p2 move sacredsword\n>p1 switch 5\n>p2 switch 2\n>p1 move shadowball\n>p2 move shadowball\n>p1 switch 6\n>p1 move psyshock\n>p2 move shadowball", "uploadtime": 1733880263, "views": 1, "formatid": "gen9randombattle", "rating": 1238, "private": 0, "password": null}