{"id": "gen9randombattle-2260314757", "format": "[Gen 9] Random Battle", "players": ["1w2e100", "Dmdncmsmdn"], "log": "|j|\u26061w2e100\n|j|\u2606Dmdncmsmdn\n|t:|1733838863\n|gametype|singles\n|player|p1|1w2e100|170|1024\n|player|p2|Dmdncmsmdn|wattson|1000\n|teamsize|p1|6\n|teamsize|p2|6\n|gen|9\n|tier|[Gen 9] Random Battle\n|rated|\n|rule|Species Clause: Limit one of each Pok\u00e9mon\n|rule|HP Percentage Mod: HP is shown in percentages\n|rule|Sleep Clause Mod: Limit one foe put to sleep\n|rule|Illusion Level Mod: Illusion disguises the Pok\u00e9mon's true level\n|\n|t:|1733838863\n|start\n|switch|p1a: Typhlosion|Typhlosion, L84, F|267/267\n|switch|p2a: Misdreavus|Misdreavus, L90, M|254/254\n|turn|1\n|\n|t:|1733838906\n|switch|p2a: Sandy Shocks|Sandy Shocks, L80|267/267\n|move|p1a: Typhlosion|Fire Blast|p2a: Sandy Shocks|[miss]\n|-miss|p1a: Typhlosion|p2a: Sandy Shocks\n|\n|upkeep\n|turn|2\n|\n|t:|1733838934\n|switch|p1a: Hitmontop|Hitmontop, L88, M|231/231\n|-ability|p1a: Hitmontop|Intimidate|boost\n|-unboost|p2a: Sandy Shocks|atk|1\n|move|p2a: Sandy Shocks|Thunder Wave|p1a: Hitmontop\n|-status|p1a: Hitmontop|par\n|\n|upkeep\n|turn|3\n|inactive|Battle timer is ON: inactive players will automatically lose when time's up. (requested by 1w2e100)\n|\n|t:|1733838991\n|move|p1a: Hitmontop|Sucker Punch|p2a: Sandy Shocks\n|-damage|p2a: Sandy Shocks|217/267\n|move|p2a: Sandy Shocks|Thunderbolt|p1a: Hitmontop\n|-damage|p1a: Hitmontop|171/231 par\n|\n|-heal|p2a: Sandy Shocks|233/267|[from] item: Leftovers\n|upkeep\n|turn|4\n|\n|t:|1733839004\n|move|p2a: Sandy Shocks|Stealth Rock|p1a: Hitmontop\n|-sidestart|p1: 1w2e100|move: Stealth Rock\n|move|p1a: Hitmontop|Rapid Spin|p2a: Sandy Shocks\n|-damage|p2a: Sandy Shocks|199/267\n|-boost|p1a: Hitmontop|spe|1\n|-sideend|p1: 1w2e100|Stealth Rock|[from] move: Rapid Spin|[of] p1a: Hitmontop\n|\n|-heal|p2a: Sandy Shocks|215/267|[from] item: Leftovers\n|upkeep\n|turn|5\n|\n|t:|1733839017\n|-end|p2a: Sandy Shocks|Protosynthesis|[silent]\n|switch|p2a: Flutter Mane|Flutter Mane, L74|203/203\n|move|p1a: Hitmontop|Close Combat|p2a: Flutter Mane\n|-immune|p2a: Flutter Mane\n|\n|upkeep\n|turn|6\n|\n|t:|1733839039\n|move|p1a: Hitmontop|Sucker Punch||[still]\n|-fail|p1a: Hitmontop\n|move|p2a: Flutter Mane|Calm Mind|p2a: Flutter Mane\n|-boost|p2a: Flutter Mane|spa|1\n|-boost|p2a: Flutter Mane|spd|1\n|\n|upkeep\n|turn|7\n|inactive|Dmdncmsmdn has 120 seconds left.\n|\n|t:|1733839073\n|switch|p1a: Moltres|Moltres-Galar, L79|271/271\n|move|p2a: Flutter Mane|Calm Mind|p2a: Flutter Mane\n|-boost|p2a: Flutter Mane|spa|1\n|-boost|p2a: Flutter Mane|spd|1\n|\n|upkeep\n|turn|8\n|\n|t:|1733839095\n|-terastallize|p2a: Flutter Mane|Electric\n|move|p2a: Flutter Mane|Thunderbolt|p1a: Moltres\n|-supereffective|p1a: Moltres\n|-damage|p1a: Moltres|0 fnt\n|faint|p1a: Moltres\n|-damage|p2a: Flutter Mane|183/203|[from] item: Life Orb\n|\n|upkeep\n|\n|t:|1733839105\n|switch|p1a: Slaking|Slaking, L84, F|389/389\n|turn|9\n|\n|t:|1733839123\n|move|p2a: Flutter Mane|Calm Mind|p2a: Flutter Mane\n|-boost|p2a: Flutter Mane|spa|1\n|-boost|p2a: Flutter Mane|spd|1\n|move|p1a: Slaking|Earthquake|p2a: Flutter Mane\n|-supereffective|p2a: Flutter Mane\n|-damage|p2a: Flutter Mane|0 fnt\n|faint|p2a: Flutter Mane\n|-end|p2a: Flutter Mane|Protosynthesis|[silent]\n|\n|upkeep\n|inactive|Dmdncmsmdn has 90 seconds left.\n|\n|t:|1733839145\n|switch|p2a: Honchkrow|Honchkrow, L86, M|312/312\n|turn|10\n|inactive|Dmdncmsmdn has 90 seconds left.\n|inactive|Dmdncmsmdn has 60 seconds left.\n|inactive|Dmdncmsmdn has 30 seconds left.\n|inactive|Dmdncmsmdn has 20 seconds left.\n|\n|t:|1733839220\n|switch|p1a: Ogerpon|Ogerpon-Wellspring, L76, F|247/247\n|move|p2a: Honchkrow|Brave Bird|p1a: Ogerpon\n|-supereffective|p1a: Ogerpon\n|-damage|p1a: Ogerpon|0 fnt\n|faint|p1a: Ogerpon\n|-ability|p2a: Honchkrow|Moxie|boost\n|-boost|p2a: Honchkrow|atk|1\n|-damage|p2a: Honchkrow|230/312|[from] Recoil\n|\n|upkeep\n|inactive|Dmdncmsmdn has 25 seconds left this turn.\n|\n|t:|1733839230\n|switch|p1a: Typhlosion|Typhlosion, L84, F|267/267\n|turn|11\n|inactive|Dmdncmsmdn has 30 seconds left.\n|\n|t:|1733839237\n|move|p2a: Honchkrow|Sucker Punch|p1a: Typhlosion\n|-damage|p1a: Typhlosion|98/267\n|move|p1a: Typhlosion|Fire Blast|p2a: Honchkrow\n|-damage|p2a: Honchkrow|65/312\n|\n|upkeep\n|turn|12\n|\n|t:|1733839248\n|move|p2a: Honchkrow|Sucker Punch|p1a: Typhlosion\n|-damage|p1a: Typhlosion|0 fnt\n|faint|p1a: Typhlosion\n|-ability|p2a: Honchkrow|Moxie|boost\n|-boost|p2a: Honchkrow|atk|1\n|\n|upkeep\n|\n|t:|1733839253\n|switch|p1a: Hitmontop|Hitmontop, L88, M|171/231 par\n|-ability|p1a: Hitmontop|Intimidate|boost\n|-unboost|p2a: Honchkrow|atk|1\n|turn|13\n|\n|t:|1733839268\n|move|p2a: Honchkrow|Brave Bird|p1a: Hitmontop\n|-supereffective|p1a: Hitmontop\n|-damage|p1a: Hitmontop|0 fnt\n|faint|p1a: Hitmontop\n|-ability|p2a: Honchkrow|Moxie|boost\n|-boost|p2a: Honchkrow|atk|1\n|-damage|p2a: Honchkrow|9/312|[from] Recoil\n|\n|upkeep\n|\n|t:|1733839272\n|switch|p1a: Slaking|Slaking, L84, F|389/389\n|turn|14\n|\n|t:|1733839284\n|move|p2a: Honchkrow|Sucker Punch|p1a: Slaking\n|-damage|p1a: Slaking|206/389\n|move|p1a: Slaking|Giga Impact|p2a: Honchkrow\n|-damage|p2a: Honchkrow|0 fnt\n|-mustrecharge|p1a: Slaking\n|faint|p2a: Honchkrow\n|\n|upkeep\n|\n|t:|1733839296\n|switch|p2a: Shiftry|Shiftry, L89, F|305/305\n|turn|15\n|\n|t:|1733839301\n|cant|p1a: Slaking|recharge\n|move|p2a: Shiftry|Knock Off|p1a: Slaking\n|-damage|p1a: Slaking|62/389\n|-enditem|p1a: Slaking|Choice Band|[from] move: Knock Off|[of] p2a: Shiftry\n|-damage|p2a: Shiftry|275/305|[from] item: Life Orb\n|\n|upkeep\n|turn|16\n|\n|t:|1733839320\n|switch|p2a: Sandy Shocks|Sandy Shocks, L80|215/267\n|move|p1a: Slaking|Earthquake|p2a: Sandy Shocks\n|-supereffective|p2a: Sandy Shocks\n|-damage|p2a: Sandy Shocks|3/267\n|\n|-heal|p2a: Sandy Shocks|19/267|[from] item: Leftovers\n|upkeep\n|turn|17\n|\n|t:|1733839334\n|cant|p1a: Slaking|ability: Truant\n|move|p2a: Sandy Shocks|Earth Power|p1a: Slaking\n|-damage|p1a: Slaking|0 fnt\n|faint|p1a: Slaking\n|\n|-heal|p2a: Sandy Shocks|35/267|[from] item: Leftovers\n|upkeep\n|\n|t:|1733839341\n|switch|p1a: Floatzel|Floatzel, L85, M|283/283\n|turn|18\n|\n|t:|1733839351\n|move|p1a: Floatzel|Ice Spinner|p2a: Sandy Shocks\n|-supereffective|p2a: Sandy Shocks\n|-damage|p2a: Sandy Shocks|0 fnt\n|faint|p2a: Sandy Shocks\n|-end|p2a: Sandy Shocks|Protosynthesis|[silent]\n|\n|upkeep\n|\n|t:|1733839361\n|switch|p2a: Hitmontop|Hitmontop, L88, M|231/231\n|-ability|p2a: Hitmontop|Intimidate|boost\n|-unboost|p1a: Floatzel|atk|1\n|turn|19\n|\n|t:|1733839393\n|switch|p2a: Shiftry|Shiftry, L89, F|275/305\n|-terastallize|p1a: Floatzel|Steel\n|move|p1a: Floatzel|Bulk Up|p1a: Floatzel\n|-boost|p1a: Floatzel|atk|1\n|-boost|p1a: Floatzel|def|1\n|\n|upkeep\n|turn|20\n|\n|t:|1733839404\n|move|p1a: Floatzel|Bulk Up|p1a: Floatzel\n|-boost|p1a: Floatzel|atk|1\n|-boost|p1a: Floatzel|def|1\n|move|p2a: Shiftry|Knock Off|p1a: Floatzel\n|-damage|p1a: Floatzel|178/283\n|-enditem|p1a: Floatzel|Leftovers|[from] move: Knock Off|[of] p2a: Shiftry\n|-damage|p2a: Shiftry|245/305|[from] item: Life Orb\n|\n|upkeep\n|turn|21\n|\n|t:|1733839417\n|move|p1a: Floatzel|Ice Spinner|p2a: Shiftry\n|-supereffective|p2a: Shiftry\n|-damage|p2a: Shiftry|21/305\n|move|p2a: Shiftry|Low Kick|p1a: Floatzel\n|-supereffective|p1a: Floatzel\n|-damage|p1a: Floatzel|90/283\n|-damage|p2a: Shiftry|0 fnt|[from] item: Life Orb\n|faint|p2a: Shiftry\n|\n|upkeep\n|\n|t:|1733839426\n|switch|p2a: Hitmontop|Hitmontop, L88, M|231/231\n|-ability|p2a: Hitmontop|Intimidate|boost\n|-unboost|p1a: Floatzel|atk|1\n|turn|22\n|\n|t:|1733839437\n|move|p1a: Floatzel|Ice Spinner|p2a: Hitmontop\n|-damage|p2a: Hitmontop|173/231\n|move|p2a: Hitmontop|Close Combat|p1a: Floatzel\n|-supereffective|p1a: Floatzel\n|-damage|p1a: Floatzel|0 fnt\n|-unboost|p2a: Hitmontop|def|1\n|-unboost|p2a: Hitmontop|spd|1\n|faint|p1a: Floatzel\n|\n|win|Dmdncmsmdn\n|raw|1w2e100's rating: 1024 &rarr; <strong>1009</strong><br />(-15 for losing)\n|raw|Dmdncmsmdn's rating: 1000 &rarr; <strong>1043</strong><br />(+43 for winning)\n", "inputlog": ">version bfd83cad13791eb5a5a409923076391caf6fb4d4\n>start {\"formatid\":\"gen9randombattle\",\"seed\":[61298,30021,54570,17487],\"rated\":\"Rated battle\"}\n>player p1 {\"name\":\"1w2e100\",\"avatar\":\"170\",\"rating\":1024,\"seed\":[7681,64311,29088,57228]}\n>player p2 {\"name\":\"Dmdncmsmdn\",\"avatar\":\"wattson\",\"rating\":1000,\"seed\":[3744,7878,61700,31123]}\n>p1 move fireblast\n>p2 switch 2\n>p1 switch 2\n>p2 move thunderwave\n>p1 move suckerpunch\n>p2 move thunderbolt\n>p1 move rapidspin\n>p2 move stealthrock\n>p1 move closecombat\n>p2 switch 6\n>p1 move suckerpunch\n>p2 move calmmind\n>p1 switch 5\n>p2 move calmmind\n>p1 move fierywrath\n>p2 move thunderbolt terastallize\n>p1 switch 6\n>p1 move earthquake\n>p2 move calmmind\n>p2 switch 3\n>p1 switch 4\n>p2 move bravebird\n>p1 switch 2\n>p1 move fireblast\n>p2 move suckerpunch\n>p1 move fireblast\n>p2 move suckerpunch\n>p1 switch 5\n>p1 move stoneedge\n>p2 move bravebird\n>p1 switch 4\n>p1 move gigaimpact\n>p2 move suckerpunch\n>p2 switch 4\n>p1 move recharge\n>p2 move knockoff\n>p1 move earthquake\n>p2 switch 6\n>p1 move knockoff\n>p2 move earthpower\n>p1 switch 3\n>p1 move icespinner\n>p2 move thunderbolt\n>p2 switch 5\n>p1 move bulkup terastallize\n>p2 switch 6\n>p1 move bulkup\n>p2 move knockoff\n>p1 move icespinner\n>p2 move lowkick\n>p2 switch 6\n>p1 move icespinner\n>p2 move closecombat", "uploadtime": 1733839455, "views": 1, "formatid": "gen9randombattle", "rating": 1009, "private": 0, "password": null}