{"id": "gen9randombattle-2260694064", "format": "[Gen 9] Random Battle", "players": ["Mago_Louis", "idk best name ever"], "log": "|j|\u2606Mago_Louis\n|j|\u2606idk best name ever\n|inactive|Battle timer is ON: inactive players will automatically lose when time's up.\n|t:|1733879350\n|gametype|singles\n|player|p1|Mago_Louis|clair|\n|player|p2|idk best name ever|archer|\n|teamsize|p1|6\n|teamsize|p2|6\n|gen|9\n|tier|[Gen 9] Random Battle\n|rated|Tournament battle\n|rule|Species Clause: Limit one of each Pok\u00e9mon\n|rule|HP Percentage Mod: HP is shown in percentages\n|rule|Sleep Clause Mod: Limit one foe put to sleep\n|rule|Illusion Level Mod: Illusion disguises the Pok\u00e9mon's true level\n|\n|t:|1733879350\n|start\n|switch|p1a: Breloom|Breloom, L82, F|233/233\n|switch|p2a: Conkeldurr|Conkeldurr, L80, F|299/299\n|turn|1\n|j|+AmoSerPobre\n|c|\u2606idk best name ever|basort\n|\n|t:|1733879365\n|switch|p2a: Vigoroth|Vigoroth, L85, M|275/275\n|move|p1a: Breloom|Spore|p2a: Vigoroth\n|-immune|p2a: Vigoroth|[from] ability: Vital Spirit\n|\n|upkeep\n|turn|2\n|c|\u2606Mago_Louis|a\u00ed se me quebra\n|c|\u2606idk best name ever|kkkskskkss\n|j| sinto muito\n|inactive|Mago_Louis has 120 seconds left.\n|\n|t:|1733879403\n|move|p1a: Breloom|Mach Punch|p2a: Vigoroth\n|-supereffective|p2a: Vigoroth\n|-damage|p2a: Vigoroth|127/275\n|-damage|p1a: Breloom|210/233|[from] item: Life Orb\n|move|p2a: Vigoroth|Bulk Up|p2a: Vigoroth\n|-boost|p2a: Vigoroth|atk|1\n|-boost|p2a: Vigoroth|def|1\n|\n|upkeep\n|turn|3\n|inactive|Mago_Louis has 120 seconds left.\n|\n|t:|1733879416\n|move|p2a: Vigoroth|Slack Off|p2a: Vigoroth\n|-heal|p2a: Vigoroth|265/275\n|move|p1a: Breloom|Rock Tomb|p2a: Vigoroth\n|-damage|p2a: Vigoroth|217/275\n|-unboost|p2a: Vigoroth|spe|1\n|-damage|p1a: Breloom|187/233|[from] item: Life Orb\n|\n|upkeep\n|turn|4\n|inactive|Mago_Louis has 120 seconds left.\n|\n|t:|1733879433\n|move|p1a: Breloom|Bullet Seed|p2a: Vigoroth\n|-damage|p2a: Vigoroth|188/275\n|-damage|p2a: Vigoroth|161/275\n|-damage|p2a: Vigoroth|134/275\n|-hitcount|p2a: Vigoroth|3\n|-damage|p1a: Breloom|164/233|[from] item: Life Orb\n|move|p2a: Vigoroth|Slack Off|p2a: Vigoroth\n|-heal|p2a: Vigoroth|272/275\n|\n|upkeep\n|turn|5\n|inactive|Mago_Louis has 120 seconds left.\n|\n|t:|1733879463\n|switch|p1a: Heatran|Heatran, L79, F|273/273\n|-item|p1a: Heatran|Air Balloon\n|move|p2a: Vigoroth|Bulk Up|p2a: Vigoroth\n|-boost|p2a: Vigoroth|atk|1\n|-boost|p2a: Vigoroth|def|1\n|\n|upkeep\n|turn|6\n|\n|t:|1733879477\n|move|p1a: Heatran|Lava Plume|p2a: Vigoroth\n|-damage|p2a: Vigoroth|184/275\n|move|p2a: Vigoroth|Body Slam|p1a: Heatran\n|-resisted|p1a: Heatran\n|-damage|p1a: Heatran|201/273\n|-status|p1a: Heatran|par\n|-enditem|p1a: Heatran|Air Balloon\n|\n|upkeep\n|turn|7\n|\n|t:|1733879486\n|move|p2a: Vigoroth|Earthquake|p1a: Heatran\n|-supereffective|p1a: Heatran\n|-damage|p1a: Heatran|0 fnt\n|faint|p1a: Heatran\n|\n|upkeep\n|\n|t:|1733879505\n|switch|p1a: Hatterene|Hatterene, L85, F|236/236\n|turn|8\n|\n|t:|1733879514\n|move|p2a: Vigoroth|Body Slam|p1a: Hatterene\n|-damage|p1a: Hatterene|80/236\n|move|p1a: Hatterene|Nuzzle|p2a: Vigoroth\n|-damage|p2a: Vigoroth|178/275\n|-status|p2a: Vigoroth|par\n|\n|upkeep\n|turn|9\n|inactive|Mago_Louis has 120 seconds left.\n|\n|t:|1733879526\n|move|p1a: Hatterene|Psychic Noise|p2a: Vigoroth\n|-damage|p2a: Vigoroth|75/275 par\n|-start|p2a: Vigoroth|move: Heal Block\n|cant|p2a: Vigoroth|move: Heal Block|Slack Off\n|\n|upkeep\n|turn|10\n|inactive|Mago_Louis has 120 seconds left.\n|c|\u2606idk best name ever|boa\n|c|\u2606idk best name ever|slk\n|c|\u2606idk best name ever|me quebro\n|c|\u2606Mago_Louis|nunca foi sorte, sempre foi skill\n|l|+AmoSerPobre\n|c|\u2606idk best name ever|omaga\n|\n|t:|1733879554\n|move|p1a: Hatterene|Draining Kiss|p2a: Vigoroth\n|-damage|p2a: Vigoroth|8/275 par\n|-heal|p1a: Hatterene|130/236|[from] drain|[of] p2a: Vigoroth\n|move|p2a: Vigoroth|Body Slam|p1a: Hatterene\n|-damage|p1a: Hatterene|0 fnt\n|faint|p1a: Hatterene\n|\n|-end|p2a: Vigoroth|move: Heal Block\n|upkeep\n|\n|t:|1733879563\n|switch|p1a: Breloom|Breloom, L82, F|164/233\n|turn|11\n|\n|t:|1733879575\n|move|p1a: Breloom|Rock Tomb|p2a: Vigoroth\n|-damage|p2a: Vigoroth|0 fnt\n|faint|p2a: Vigoroth\n|-damage|p1a: Breloom|141/233|[from] item: Life Orb\n|\n|upkeep\n|\n|t:|1733879589\n|switch|p2a: Persian|Persian, L92, M|269/269\n|turn|12\n|inactive|Mago_Louis has 120 seconds left.\n|\n|t:|1733879595\n|move|p2a: Persian|Fake Out|p1a: Breloom\n|-damage|p1a: Breloom|56/233\n|cant|p1a: Breloom|flinch\n|\n|upkeep\n|turn|13\n|\n|t:|1733879599\n|switch|p2a: Banette|Banette, L93, M|270/270\n|-item|p1a: Breloom|Life Orb|[from] ability: Frisk|[of] p2a: Banette\n|move|p1a: Breloom|Rock Tomb|p2a: Banette\n|-damage|p2a: Banette|158/270\n|-unboost|p2a: Banette|spe|1\n|-damage|p1a: Breloom|33/233|[from] item: Life Orb\n|\n|upkeep\n|turn|14\n|\n|t:|1733879609\n|move|p2a: Banette|Shadow Sneak|p1a: Breloom\n|-damage|p1a: Breloom|0 fnt\n|faint|p1a: Breloom\n|-damage|p2a: Banette|131/270|[from] item: Life Orb\n|\n|upkeep\n|c|\u2606idk best name ever|esperava um mach punch\n|c|\u2606idk best name ever|eu era mais rapido ;-;\n|\n|t:|1733879625\n|switch|p1a: Kommo-o|Kommo-o, L78, F|245/245\n|turn|15\n|l| sinto muito\n|\n|t:|1733879638\n|move|p1a: Kommo-o|Scale Shot|p2a: Banette\n|-damage|p2a: Banette|103/270\n|-damage|p2a: Banette|75/270\n|-damage|p2a: Banette|44/270\n|-damage|p2a: Banette|14/270\n|-damage|p2a: Banette|0 fnt\n|faint|p2a: Banette\n|-hitcount|p2: Banette|5\n|-unboost|p1a: Kommo-o|def|1\n|-boost|p1a: Kommo-o|spe|1\n|\n|upkeep\n|\n|t:|1733879651\n|switch|p2a: Regice|Regice, L88|284/284\n|turn|16\n|c|\u2606Mago_Louis|nem ferrando que foi 5\n|\n|t:|1733879661\n|-terastallize|p2a: Regice|Electric\n|move|p1a: Kommo-o|Close Combat|p2a: Regice\n|-damage|p2a: Regice|184/284\n|-unboost|p1a: Kommo-o|def|1\n|-unboost|p1a: Kommo-o|spd|1\n|move|p2a: Regice|Ice Beam|p1a: Kommo-o\n|-supereffective|p1a: Kommo-o\n|-damage|p1a: Kommo-o|0 fnt\n|faint|p1a: Kommo-o\n|\n|upkeep\n|c|\u2606idk best name ever|nunca foi sorte\n|c|\u2606idk best name ever|sempre f\u00e9\n|\n|t:|1733879673\n|switch|p1a: Spiritomb|Spiritomb, L89, M|234/234\n|turn|17\n|\n|t:|1733879686\n|switch|p2a: Conkeldurr|Conkeldurr, L80, F|299/299\n|move|p1a: Spiritomb|Toxic|p2a: Conkeldurr\n|-status|p2a: Conkeldurr|tox\n|\n|-damage|p2a: Conkeldurr|281/299 tox|[from] psn\n|upkeep\n|turn|18\n|\n|t:|1733879693\n|move|p2a: Conkeldurr|Knock Off|p1a: Spiritomb\n|-crit|p1a: Spiritomb\n|-damage|p1a: Spiritomb|73/234\n|-enditem|p1a: Spiritomb|Leftovers|[from] move: Knock Off|[of] p2a: Conkeldurr\n|move|p1a: Spiritomb|Poltergeist|p2a: Conkeldurr\n|-activate|p2a: Conkeldurr|move: Poltergeist|Flame Orb\n|-damage|p2a: Conkeldurr|158/299 tox\n|\n|-damage|p2a: Conkeldurr|122/299 tox|[from] psn\n|upkeep\n|turn|19\n|c|\u2606idk best name ever|so bora\n|\n|t:|1733879703\n|move|p1a: Spiritomb|Sucker Punch|p2a: Conkeldurr\n|-resisted|p2a: Conkeldurr\n|-damage|p2a: Conkeldurr|82/299 tox\n|move|p2a: Conkeldurr|Knock Off|p1a: Spiritomb\n|-damage|p1a: Spiritomb|4/234\n|\n|-damage|p2a: Conkeldurr|28/299 tox|[from] psn\n|upkeep\n|turn|20\n|\n|t:|1733879711\n|move|p2a: Conkeldurr|Mach Punch|p1a: Spiritomb\n|-immune|p1a: Spiritomb\n|move|p1a: Spiritomb|Sucker Punch||[still]\n|-fail|p1a: Spiritomb\n|\n|-damage|p2a: Conkeldurr|0 fnt|[from] psn\n|faint|p2a: Conkeldurr\n|upkeep\n|\n|t:|1733879717\n|switch|p2a: Persian|Persian, L92, M|269/269\n|turn|21\n|\n|t:|1733879722\n|move|p1a: Spiritomb|Sucker Punch|p2a: Persian\n|-damage|p2a: Persian|164/269\n|move|p2a: Persian|U-turn|p1a: Spiritomb\n|-damage|p1a: Spiritomb|0 fnt\n|faint|p1a: Spiritomb\n|c|\u2606idk best name ever|eu sempre penso que esse bixo tem prankster\n|\n|t:|1733879734\n|switch|p2a: Regice|Regice, L88, tera:Electric|184/284|[from] U-turn\n|\n|upkeep\n|c|\u2606idk best name ever|confundo com o sableye\n|\n|t:|1733879740\n|switch|p1a: Calyrex|Calyrex-Shadow, L64|235/235\n|-ability|p1a: Calyrex|As One\n|-ability|p1a: Calyrex|Unnerve\n|turn|22\n|c|\u2606Mago_Louis|a mega dele tem\n|\n|t:|1733879763\n|move|p1a: Calyrex|Trick|p2a: Regice\n|-activate|p1a: Calyrex|move: Trick|[of] p2a: Regice\n|-item|p2a: Regice|Choice Specs|[from] move: Trick\n|-item|p1a: Calyrex|Heavy-Duty Boots|[from] move: Trick\n|move|p2a: Regice|Rest|p2a: Regice\n|-status|p2a: Regice|slp|[from] move: Rest\n|-heal|p2a: Regice|284/284 slp|[silent]\n|\n|upkeep\n|turn|23\n|c|\u2606idk best name ever|OMAGA\n|c|\u2606Mago_Louis|nunca foi sorte\n|\n|t:|1733879780\n|switch|p2a: Koraidon|Koraidon, L64|235/235\n|-weather|SunnyDay|[from] ability: Orichalcum Pulse|[of] p2a: Koraidon\n|-activate|p2a: Koraidon|Orichalcum Pulse|[source]\n|move|p1a: Calyrex|Astral Barrage|p2a: Koraidon\n|-damage|p2a: Koraidon|96/235\n|\n|-weather|SunnyDay|[upkeep]\n|upkeep\n|turn|24\n|c|\u2606idk best name ever|anyway eu ja ganhei\n|c|\u2606idk best name ever|kskskskskskks\n|\n|t:|1733879790\n|move|p1a: Calyrex|Astral Barrage|p2a: Koraidon\n|-damage|p2a: Koraidon|0 fnt\n|faint|p2a: Koraidon\n|-ability|p1a: Calyrex|Grim Neigh|boost\n|-boost|p1a: Calyrex|spa|1\n|\n|-weather|SunnyDay|[upkeep]\n|upkeep\n|\n|t:|1733879792\n|switch|p2a: Persian|Persian, L92, M|164/269\n|turn|25\n|c|\u2606idk best name ever|bora persian\n|c|\u2606idk best name ever|faz teu nome\n|inactive|Mago_Louis has 120 seconds left.\n|\n|t:|1733879813\n|move|p2a: Persian|Knock Off|p1a: Calyrex\n|-supereffective|p1a: Calyrex\n|-damage|p1a: Calyrex|0 fnt\n|-enditem|p1a: Calyrex|Heavy-Duty Boots|[from] move: Knock Off|[of] p2a: Persian\n|faint|p1a: Calyrex\n|\n|win|idk best name ever\n|n|\u2606Mago_Louis|magolouis\n|n|\u2606idk best name ever|idkbestnameever\n", "inputlog": ">version bfd83cad13791eb5a5a409923076391caf6fb4d4\n>start {\"formatid\":\"gen9randombattle\",\"seed\":[19468,62891,64008,12902],\"rated\":\"Tournament battle\"}\n>player p1 {\"name\":\"Mago_Louis\",\"avatar\":\"clair\",\"rating\":0,\"seed\":[43849,44733,30291,35219]}\n>player p2 {\"name\":\"idk best name ever\",\"avatar\":\"archer\",\"rating\":0,\"seed\":[58744,62592,31550,53417]}\n>chat \u2606idk best name ever|basort\n>p1 move spore\n>p2 switch 3\n>chat \u2606Mago_Louis|a\u00ed se me quebra\n>chat \u2606idk best name ever|kkkskskkss\n>p1 move machpunch\n>p2 move bulkup\n>p1 move rocktomb\n>p2 move slackoff\n>p1 move bulletseed\n>p2 move slackoff\n>p1 switch 2\n>p2 move bulkup\n>p1 move lavaplume\n>p2 move bodyslam\n>p1 move earthpower\n>p2 move earthquake\n>p1 switch 4\n>p1 move nuzzle\n>p2 move bodyslam\n>p1 move psychicnoise\n>p2 move slackoff\n>chat \u2606idk best name ever|boa\n>chat \u2606idk best name ever|slk\n>chat \u2606idk best name ever|me quebro\n>chat \u2606Mago_Louis|nunca foi sorte, sempre foi skill\n>chat \u2606idk best name ever|omaga\n>p1 move drainingkiss\n>p2 move bodyslam\n>p1 switch 2\n>p1 move rocktomb\n>p2 move bodyslam\n>p2 switch 6\n>p1 move rocktomb\n>p2 move fakeout\n>p1 move rocktomb\n>p2 switch 4\n>p1 move bulletseed\n>p2 move shadowsneak\n>chat \u2606idk best name ever|esperava um mach punch\n>chat \u2606idk best name ever|eu era mais rapido ;-;\n>p1 switch 3\n>p1 move scaleshot\n>p2 move poltergeist\n>p2 switch 2\n>chat \u2606Mago_Louis|nem ferrando que foi 5\n>p1 move closecombat\n>p2 move icebeam terastallize\n>chat \u2606idk best name ever|nunca foi sorte\n>chat \u2606idk best name ever|sempre f\u00e9\n>p1 switch 5\n>p1 move toxic\n>p2 switch 3\n>p1 move poltergeist\n>p2 move knockoff\n>chat \u2606idk best name ever|so bora\n>p1 move suckerpunch\n>p2 move knockoff\n>p1 move suckerpunch\n>p2 move machpunch\n>p2 switch 4\n>p1 move suckerpunch\n>p2 move uturn\n>chat \u2606idk best name ever|eu sempre penso que esse bixo tem prankster\n>p2 switch 3\n>chat \u2606idk best name ever|confundo com o sableye\n>p1 switch 6\n>chat \u2606Mago_Louis|a mega dele tem\n>p1 move trick\n>p2 move rest\n>chat \u2606idk best name ever|OMAGA\n>chat \u2606Mago_Louis|nunca foi sorte\n>p1 move astralbarrage\n>p2 switch 5\n>chat \u2606idk best name ever|anyway eu ja ganhei\n>chat \u2606idk best name ever|kskskskskskks\n>p1 move astralbarrage\n>p2 move outrage\n>p2 switch 3\n>chat \u2606idk best name ever|bora persian\n>chat \u2606idk best name ever|faz teu nome\n>p1 move pollenpuff\n>p2 move knockoff", "uploadtime": 1733879813, "views": 2, "formatid": "gen9randombattle", "rating": null, "private": 0, "password": null}