{"id": "gen9randombattle-2259926364", "format": "[Gen 9] Random Battle", "players": ["stexuperyprince", "DaniMac"], "log": "|j|\u2606stexuperyprince\n|j|\u2606DaniMac\n|t:|1733780723\n|gametype|singles\n|player|p1|stexuperyprince|palmer|1412\n|player|p2|DaniMac|veteran|1406\n|teamsize|p1|6\n|teamsize|p2|6\n|gen|9\n|tier|[Gen 9] Random Battle\n|rated|\n|rule|Species Clause: Limit one of each Pok\u00e9mon\n|rule|HP Percentage Mod: HP is shown in percentages\n|rule|Sleep Clause Mod: Limit one foe put to sleep\n|rule|Illusion Level Mod: Illusion disguises the Pok\u00e9mon's true level\n|\n|t:|1733780723\n|start\n|switch|p1a: Dusknoir|Dusknoir, L89, F|225/225\n|switch|p2a: Dragonite|Dragonite, L74, M|257/257\n|-item|p2a: Dragonite|Heavy-Duty Boots|[from] ability: Frisk|[of] p1a: Dusknoir\n|turn|1\n|inactive|Battle timer is ON: inactive players will automatically lose when time's up. (requested by stexuperyprince)\n|\n|t:|1733780742\n|move|p2a: Dragonite|Dragon Dance|p2a: Dragonite\n|-boost|p2a: Dragonite|atk|1\n|-boost|p2a: Dragonite|spe|1\n|move|p1a: Dusknoir|Poltergeist|p2a: Dragonite\n|-activate|p2a: Dragonite|move: Poltergeist|Heavy-Duty Boots\n|-damage|p2a: Dragonite|158/257\n|\n|upkeep\n|turn|2\n|\n|t:|1733780746\n|move|p2a: Dragonite|Outrage|p1a: Dusknoir\n|-damage|p1a: Dusknoir|101/225\n|move|p1a: Dusknoir|Poltergeist|p2a: Dragonite\n|-activate|p2a: Dragonite|move: Poltergeist|Heavy-Duty Boots\n|-damage|p2a: Dragonite|0 fnt\n|faint|p2a: Dragonite\n|\n|upkeep\n|c|\u2606DaniMac|that's the wildest min max i've ever seen\n|\n|t:|1733780770\n|switch|p2a: Basculin|Basculin-Blue-Striped, L86, M|261/261\n|turn|3\n|c|\u2606stexuperyprince|no multiscale?\n|c|\u2606DaniMac|oh dang\n|c|\u2606DaniMac|i completely forgot lol\n|c|\u2606DaniMac|that's my bad\n|c|\u2606stexuperyprince|all good\n|\n|t:|1733780797\n|switch|p1a: Toxicroak|Toxicroak, L84, M|277/277\n|move|p2a: Basculin|Wave Crash|p1a: Toxicroak\n|-immune|p1a: Toxicroak|[from] ability: Dry Skin\n|\n|upkeep\n|turn|4\n|\n|t:|1733780815\n|switch|p2a: Gouging Fire|Gouging Fire, L74|277/277\n|move|p1a: Toxicroak|Gunk Shot|p2a: Gouging Fire\n|-damage|p2a: Gouging Fire|94/277\n|-status|p2a: Gouging Fire|psn\n|\n|-damage|p2a: Gouging Fire|60/277 psn|[from] psn\n|upkeep\n|turn|5\n|c|\u2606stexuperyprince|jesus\n|c|\u2606DaniMac|ikr\n|inactive|stexuperyprince has 120 seconds left.\n|\n|t:|1733780831\n|-end|p2a: Gouging Fire|Protosynthesis|[silent]\n|switch|p2a: Basculin|Basculin-Blue-Striped, L86, M|261/261\n|move|p1a: Toxicroak|Gunk Shot|p2a: Basculin\n|-damage|p2a: Basculin|0 fnt\n|faint|p2a: Basculin\n|\n|upkeep\n|c|\u2606DaniMac|holy\n|\n|t:|1733780842\n|switch|p2a: Chesnaught|Chesnaught, L84, F|285/285\n|turn|6\n|c|\u2606DaniMac|i got nothin\n|inactive|stexuperyprince has 120 seconds left.\n|\n|t:|1733780867\n|switch|p1a: Noctowl|Noctowl, L95, M|344/344\n|move|p2a: Chesnaught|Knock Off|p1a: Noctowl\n|-damage|p1a: Noctowl|248/344\n|-enditem|p1a: Noctowl|Heavy-Duty Boots|[from] move: Knock Off|[of] p2a: Chesnaught\n|\n|upkeep\n|turn|7\n|\n|t:|1733780882\n|-terastallize|p2a: Chesnaught|Steel\n|move|p1a: Noctowl|Nasty Plot|p1a: Noctowl\n|-boost|p1a: Noctowl|spa|2\n|move|p2a: Chesnaught|Body Press|p1a: Noctowl\n|-damage|p1a: Noctowl|115/344\n|\n|upkeep\n|turn|8\n|\n|t:|1733780891\n|move|p1a: Noctowl|Hyper Voice|p2a: Chesnaught\n|-resisted|p2a: Chesnaught\n|-damage|p2a: Chesnaught|31/285\n|move|p2a: Chesnaught|Body Press|p1a: Noctowl\n|-damage|p1a: Noctowl|0 fnt\n|faint|p1a: Noctowl\n|\n|-heal|p2a: Chesnaught|48/285|[from] item: Leftovers\n|upkeep\n|c|\u2606stexuperyprince|thought so\n|inactive|stexuperyprince has 120 seconds left.\n|\n|t:|1733780911\n|switch|p1a: Toxicroak|Toxicroak, L84, M|277/277\n|turn|9\n|\n|t:|1733780919\n|move|p1a: Toxicroak|Close Combat|p2a: Chesnaught\n|-supereffective|p2a: Chesnaught\n|-damage|p2a: Chesnaught|0 fnt\n|-unboost|p1a: Toxicroak|def|1\n|-unboost|p1a: Toxicroak|spd|1\n|faint|p2a: Chesnaught\n|\n|upkeep\n|\n|t:|1733780926\n|switch|p2a: Scovillain|Scovillain, L91, M|266/266\n|turn|10\n|inactive|stexuperyprince has 120 seconds left.\n|\n|t:|1733780936\n|move|p1a: Toxicroak|Close Combat|p2a: Scovillain\n|-damage|p2a: Scovillain|44/266\n|-unboost|p1a: Toxicroak|def|1\n|-unboost|p1a: Toxicroak|spd|1\n|move|p2a: Scovillain|Flamethrower|p1a: Toxicroak\n|-damage|p1a: Toxicroak|0 fnt\n|faint|p1a: Toxicroak\n|\n|-heal|p2a: Scovillain|60/266|[from] item: Leftovers\n|upkeep\n|inactive|stexuperyprince has 120 seconds left.\n|\n|t:|1733780947\n|switch|p1a: Dusknoir|Dusknoir, L89, F|101/225\n|-item|p2a: Scovillain|Leftovers|[from] ability: Frisk|[of] p1a: Dusknoir\n|turn|11\n|\n|t:|1733780954\n|move|p2a: Scovillain|Protect|p2a: Scovillain\n|-singleturn|p2a: Scovillain|Protect\n|move|p1a: Dusknoir|Shadow Sneak|p2a: Scovillain\n|-activate|p2a: Scovillain|move: Protect\n|\n|-heal|p2a: Scovillain|76/266|[from] item: Leftovers\n|upkeep\n|turn|12\n|\n|t:|1733780958\n|move|p1a: Dusknoir|Shadow Sneak|p2a: Scovillain\n|-damage|p2a: Scovillain|0 fnt\n|faint|p2a: Scovillain\n|\n|upkeep\n|\n|t:|1733780965\n|switch|p2a: Gouging Fire|Gouging Fire, L74|60/277 psn\n|turn|13\n|\n|t:|1733780971\n|move|p1a: Dusknoir|Shadow Sneak|p2a: Gouging Fire\n|-damage|p2a: Gouging Fire|0 fnt\n|faint|p2a: Gouging Fire\n|-end|p2a: Gouging Fire|Protosynthesis|[silent]\n|\n|upkeep\n|\n|t:|1733780973\n|switch|p2a: Magnezone|Magnezone, L85|258/258\n|turn|14\n|\n|t:|1733780977\n|move|p1a: Dusknoir|Shadow Sneak|p2a: Magnezone\n|-damage|p2a: Magnezone|198/258\n|move|p2a: Magnezone|Iron Defense|p2a: Magnezone\n|-boost|p2a: Magnezone|def|2\n|\n|-heal|p2a: Magnezone|214/258|[from] item: Leftovers\n|upkeep\n|turn|15\n|\n|t:|1733780985\n|switch|p1a: Whiscash|Whiscash, L88, M|337/337\n|move|p2a: Magnezone|Discharge|p1a: Whiscash\n|-immune|p1a: Whiscash\n|\n|-heal|p2a: Magnezone|230/258|[from] item: Leftovers\n|upkeep\n|turn|16\n|c|\u2606stexuperyprince|gg\n|\n|t:|1733780998\n|move|p1a: Whiscash|Earthquake|p2a: Magnezone\n|-supereffective|p2a: Magnezone\n|-damage|p2a: Magnezone|70/258\n|move|p2a: Magnezone|Body Press|p1a: Whiscash\n|-damage|p1a: Whiscash|180/337\n|\n|-heal|p1a: Whiscash|201/337|[from] item: Leftovers\n|-heal|p2a: Magnezone|86/258|[from] item: Leftovers\n|upkeep\n|turn|17\n|c|\u2606DaniMac|gg\n|c|\u2606DaniMac|wp\n|-message|DaniMac forfeited.\n|\n|win|stexuperyprince\n|raw|stexuperyprince's rating: 1412 &rarr; <strong>1432</strong><br />(+20 for winning)\n|raw|DaniMac's rating: 1406 &rarr; <strong>1386</strong><br />(-20 for losing)\n|l|\u2606DaniMac\n|player|p2|\n", "inputlog": ">version bfd83cad13791eb5a5a409923076391caf6fb4d4\n>start {\"formatid\":\"gen9randombattle\",\"seed\":[25996,21011,51122,33756],\"rated\":\"Rated battle\"}\n>player p1 {\"name\":\"stexuperyprince\",\"avatar\":\"palmer\",\"rating\":1412,\"seed\":[28305,35347,45967,6572]}\n>player p2 {\"name\":\"DaniMac\",\"avatar\":\"veteran\",\"rating\":1406,\"seed\":[55532,1109,32957,28226]}\n>p1 move poltergeist\n>p2 move dragondance\n>p1 move poltergeist\n>p2 move outrage\n>chat \u2606DaniMac|that's the wildest min max i've ever seen\n>p2 switch 3\n>chat \u2606stexuperyprince|no multiscale?\n>chat \u2606DaniMac|oh dang\n>chat \u2606DaniMac|i completely forgot lol\n>chat \u2606DaniMac|that's my bad\n>chat \u2606stexuperyprince|all good\n>p1 switch 4\n>p2 move wavecrash\n>p1 move gunkshot\n>p2 switch 2\n>chat \u2606stexuperyprince|jesus\n>chat \u2606DaniMac|ikr\n>p1 move gunkshot\n>p2 switch 2\n>chat \u2606DaniMac|holy\n>p2 switch 5\n>chat \u2606DaniMac|i got nothin\n>p1 switch 3\n>p2 move knockoff\n>p1 move nastyplot\n>p2 move bodypress terastallize\n>p1 move hypervoice\n>p2 move bodypress\n>chat \u2606stexuperyprince|thought so\n>p1 switch 3\n>p1 move closecombat\n>p2 move knockoff\n>p2 switch 6\n>p1 move closecombat\n>p2 move flamethrower\n>p1 switch 4\n>p1 move shadowsneak\n>p2 move protect\n>p1 move shadowsneak\n>p2 move leechseed\n>p2 switch 2\n>p1 move shadowsneak\n>p2 move heatcrash\n>p2 switch 4\n>p1 move shadowsneak\n>p2 move irondefense\n>p1 switch 2\n>p2 move discharge\n>chat \u2606stexuperyprince|gg\n>p1 move earthquake\n>p2 move bodypress\n>chat \u2606DaniMac|gg\n>chat \u2606DaniMac|wp\n>forcelose p2", "uploadtime": 1733781057, "views": 1, "formatid": "gen9randombattle", "rating": 1386, "private": 0, "password": null}