{"id": "gen9randombattle-2260773455", "format": "[Gen 9] Random Battle", "players": ["Kirin of the sky", "quesowyrick"], "log": "|j|\u2606Kirin of the sky\n|j|\u2606quesowyrick\n|t:|1733889931\n|gametype|singles\n|player|p1|Kirin of the sky|101|1172\n|player|p2|quesowyrick|2|1220\n|teamsize|p1|6\n|teamsize|p2|6\n|gen|9\n|tier|[Gen 9] Random Battle\n|rated|\n|rule|Species Clause: Limit one of each Pok\u00e9mon\n|rule|HP Percentage Mod: HP is shown in percentages\n|rule|Sleep Clause Mod: Limit one foe put to sleep\n|rule|Illusion Level Mod: Illusion disguises the Pok\u00e9mon's true level\n|\n|t:|1733889931\n|start\n|switch|p1a: Regieleki|Regieleki, L79|256/256\n|switch|p2a: Venomoth|Venomoth, L84, F|255/255\n|turn|1\n|inactive|Battle timer is ON: inactive players will automatically lose when time's up. (requested by Kirin of the sky)\n|\n|t:|1733889940\n|move|p1a: Regieleki|Volt Switch|p2a: Venomoth\n|-damage|p2a: Venomoth|138/255\n|\n|t:|1733889946\n|switch|p1a: Golem|Golem-Alola, L93, F|300/300|[from] Volt Switch\n|move|p2a: Venomoth|Sleep Powder|p1a: Golem\n|-status|p1a: Golem|slp|[from] move: Sleep Powder\n|\n|upkeep\n|turn|2\n|c|\u2606quesowyrick|honk shoe\n|\n|t:|1733889959\n|switch|p2a: Gyarados|Gyarados, L79, M|280/280\n|-ability|p2a: Gyarados|Intimidate|boost\n|-unboost|p1a: Golem|atk|1\n|cant|p1a: Golem|slp\n|\n|upkeep\n|turn|3\n|\n|t:|1733889966\n|switch|p1a: Luvdisc|Luvdisc, M|247/247\n|move|p2a: Gyarados|Earthquake|p1a: Luvdisc\n|-damage|p1a: Luvdisc|155/247\n|\n|upkeep\n|turn|4\n|\n|t:|1733889975\n|switch|p2a: Venomoth|Venomoth, L84, F|138/255\n|move|p1a: Luvdisc|Whirlpool|p2a: Venomoth\n|-damage|p2a: Venomoth|104/255\n|-activate|p2a: Venomoth|move: Whirlpool|[of] p1a: Luvdisc\n|\n|-damage|p2a: Venomoth|73/255|[from] move: Whirlpool|[partiallytrapped]\n|upkeep\n|turn|5\n|\n|t:|1733889983\n|switch|p1a: Golem|Golem-Alola, L93, F|300/300 slp\n|move|p2a: Venomoth|Quiver Dance|p2a: Venomoth\n|-boost|p2a: Venomoth|spa|1\n|-boost|p2a: Venomoth|spd|1\n|-boost|p2a: Venomoth|spe|1\n|\n|-end|p2a: Venomoth|Whirlpool|[partiallytrapped]|[silent]\n|upkeep\n|turn|6\n|\n|t:|1733889991\n|switch|p2a: Gyarados|Gyarados, L79, M|280/280\n|-ability|p2a: Gyarados|Intimidate|boost\n|-unboost|p1a: Golem|atk|1\n|cant|p1a: Golem|slp\n|\n|upkeep\n|turn|7\n|\n|t:|1733889997\n|switch|p1a: Luvdisc|Luvdisc, M|155/247\n|move|p2a: Gyarados|Dragon Dance|p2a: Gyarados\n|-boost|p2a: Gyarados|atk|1\n|-boost|p2a: Gyarados|spe|1\n|\n|upkeep\n|turn|8\n|\n|t:|1733890007\n|move|p2a: Gyarados|Waterfall|p1a: Luvdisc\n|-resisted|p1a: Luvdisc\n|-damage|p1a: Luvdisc|72/247\n|move|p1a: Luvdisc|Whirlpool|p2a: Gyarados\n|-resisted|p2a: Gyarados\n|-damage|p2a: Gyarados|266/280\n|-activate|p2a: Gyarados|move: Whirlpool|[of] p1a: Luvdisc\n|\n|-damage|p2a: Gyarados|231/280|[from] move: Whirlpool|[partiallytrapped]\n|upkeep\n|turn|9\n|\n|t:|1733890015\n|move|p2a: Gyarados|Waterfall|p1a: Luvdisc\n|-resisted|p1a: Luvdisc\n|-damage|p1a: Luvdisc|0 fnt\n|faint|p1a: Luvdisc\n|\n|-end|p2a: Gyarados|Whirlpool|[partiallytrapped]|[silent]\n|upkeep\n|\n|t:|1733890019\n|switch|p1a: Regieleki|Regieleki, L79|256/256\n|turn|10\n|\n|t:|1733890024\n|move|p1a: Regieleki|Thunderbolt|p2a: Gyarados\n|-supereffective|p2a: Gyarados\n|-damage|p2a: Gyarados|0 fnt\n|faint|p2a: Gyarados\n|\n|upkeep\n|\n|t:|1733890029\n|switch|p2a: Venomoth|Venomoth, L84, F|73/255\n|turn|11\n|\n|t:|1733890032\n|switch|p1a: Golem|Golem-Alola, L93, F|300/300 slp\n|move|p2a: Venomoth|Sleep Powder|p1a: Golem\n|-fail|p1a: Golem|slp\n|\n|upkeep\n|turn|12\n|\n|t:|1733890039\n|switch|p2a: Crabominable|Crabominable, L90, M|321/321\n|cant|p1a: Golem|slp\n|\n|upkeep\n|turn|13\n|\n|t:|1733890046\n|switch|p1a: Skarmory|Skarmory, L80, F|235/235\n|move|p2a: Crabominable|Earthquake|p1a: Skarmory\n|-immune|p1a: Skarmory\n|\n|upkeep\n|turn|14\n|\n|t:|1733890052\n|switch|p2a: Azelf|Azelf, L82|257/257\n|move|p1a: Skarmory|Stealth Rock|p2a: Azelf\n|-sidestart|p2: quesowyrick|move: Stealth Rock\n|\n|upkeep\n|turn|15\n|\n|t:|1733890062\n|switch|p1a: Kricketune|Kricketune, L99, F|312/312\n|move|p2a: Azelf|Fire Blast|p1a: Kricketune\n|-supereffective|p1a: Kricketune\n|-damage|p1a: Kricketune|29/312\n|-damage|p2a: Azelf|232/257|[from] item: Life Orb\n|\n|upkeep\n|turn|16\n|l|\u2606quesowyrick\n|inactive|quesowyrick disconnected and has a minute to reconnect!\n|player|p2|\n|\n|t:|1733890074\n|move|p2a: Azelf|Knock Off|p1a: Kricketune\n|-damage|p1a: Kricketune|0 fnt\n|-enditem|p1a: Kricketune|Heavy-Duty Boots|[from] move: Knock Off|[of] p2a: Azelf\n|faint|p1a: Kricketune\n|-damage|p2a: Azelf|207/257|[from] item: Life Orb\n|\n|upkeep\n|\n|t:|1733890080\n|switch|p1a: Golem|Golem-Alola, L93, F|300/300 slp\n|turn|17\n|inactive|quesowyrick has 30 seconds to reconnect!\n|inactive|quesowyrick has 20 seconds to reconnect!\n|inactive|quesowyrick has 15 seconds to reconnect!\n|inactive|quesowyrick has 10 seconds to reconnect!\n|inactive|quesowyrick has 5 seconds to reconnect!\n|-message|quesowyrick lost due to inactivity.\n|\n|win|Kirin of the sky\n|raw|Kirin of the sky's rating: 1172 &rarr; <strong>1202</strong><br />(+30 for winning)\n|raw|quesowyrick's rating: 1242 &rarr; <strong>1212</strong><br />(-30 for losing)\n", "inputlog": ">version bfd83cad13791eb5a5a409923076391caf6fb4d4\n>start {\"formatid\":\"gen9randombattle\",\"seed\":[62302,19034,64576,2017],\"rated\":\"Rated battle\"}\n>player p1 {\"name\":\"Kirin of the sky\",\"avatar\":\"101\",\"rating\":1172,\"seed\":[1377,44265,37968,54239]}\n>player p2 {\"name\":\"quesowyrick\",\"avatar\":\"2\",\"rating\":1220,\"seed\":[51107,60837,46054,52793]}\n>p1 move voltswitch\n>p2 move sleeppowder\n>p1 switch 2\n>chat \u2606quesowyrick|honk shoe\n>p1 move doubleedge\n>p2 switch 4\n>p1 switch 3\n>p2 move earthquake\n>p1 move whirlpool\n>p2 switch 4\n>p1 switch 3\n>p2 move quiverdance\n>p1 move doubleedge\n>p2 switch 4\n>p1 switch 3\n>p2 move dragondance\n>p1 move whirlpool\n>p2 move waterfall\n>p1 move substitute\n>p2 move waterfall\n>p1 switch 2\n>p1 move thunderbolt\n>p2 move earthquake\n>p2 switch 4\n>p1 switch 3\n>p2 move sleeppowder\n>p1 move doubleedge\n>p2 switch 3\n>p1 switch 6\n>p2 move earthquake\n>p1 move stealthrock\n>p2 switch 5\n>p1 switch 4\n>p2 move fireblast\n>p1 move stickyweb\n>p2 move knockoff\n>p1 switch 6\n>forcelose p2", "uploadtime": 1733890142, "views": 10, "formatid": "gen9randombattle", "rating": 1202, "private": 0, "password": null}