{"id": "gen9randombattle-2260497615", "format": "[Gen 9] Random Battle", "players": ["SteakBeater", "hypershift497"], "log": "|j|\u2606SteakBeater\n|j|\u2606hypershift497\n|t:|1733857342\n|gametype|singles\n|player|p1|SteakBeater|101|\n|player|p2|hypershift497|erika|\n|teamsize|p1|6\n|teamsize|p2|6\n|gen|9\n|tier|[Gen 9] Random Battle\n|rule|Species Clause: Limit one of each Pok\u00e9mon\n|rule|HP Percentage Mod: HP is shown in percentages\n|rule|Sleep Clause Mod: Limit one foe put to sleep\n|rule|Illusion Level Mod: Illusion disguises the Pok\u00e9mon's true level\n|\n|t:|1733857342\n|start\n|switch|p1a: Garganacl|Garganacl, L80, M|291/291\n|switch|p2a: Squawkabilly|Squawkabilly-Blue, L85, F|278/278\n|turn|1\n|\n|t:|1733857362\n|move|p2a: Squawkabilly|U-turn|p1a: Garganacl\n|-damage|p1a: Garganacl|249/291\n|\n|t:|1733857366\n|switch|p2a: Polteageist|Polteageist-Antique, L79|224/224|[from] U-turn\n|move|p1a: Garganacl|Iron Defense|p1a: Garganacl\n|-boost|p1a: Garganacl|def|2\n|\n|-heal|p1a: Garganacl|267/291|[from] item: Leftovers\n|upkeep\n|turn|2\n|\n|t:|1733857375\n|move|p2a: Polteageist|Shell Smash|p2a: Polteageist\n|-unboost|p2a: Polteageist|def|1\n|-unboost|p2a: Polteageist|spd|1\n|-boost|p2a: Polteageist|atk|2\n|-boost|p2a: Polteageist|spa|2\n|-boost|p2a: Polteageist|spe|2\n|-enditem|p2a: Polteageist|White Herb\n|-clearnegativeboost|p2a: Polteageist|[silent]\n|move|p1a: Garganacl|Iron Defense|p1a: Garganacl\n|-boost|p1a: Garganacl|def|2\n|\n|-heal|p1a: Garganacl|285/291|[from] item: Leftovers\n|upkeep\n|turn|3\n|\n|t:|1733857391\n|move|p2a: Polteageist|Shell Smash|p2a: Polteageist\n|-unboost|p2a: Polteageist|def|1\n|-unboost|p2a: Polteageist|spd|1\n|-boost|p2a: Polteageist|atk|2\n|-boost|p2a: Polteageist|spa|2\n|-boost|p2a: Polteageist|spe|2\n|move|p1a: Garganacl|Iron Defense|p1a: Garganacl\n|-boost|p1a: Garganacl|def|2\n|\n|-heal|p1a: Garganacl|291/291|[from] item: Leftovers\n|upkeep\n|turn|4\n|\n|t:|1733857401\n|-terastallize|p2a: Polteageist|Fighting\n|move|p2a: Polteageist|Tera Blast|p1a: Garganacl|[anim] Tera Blast Fighting\n|-supereffective|p1a: Garganacl\n|-damage|p1a: Garganacl|0 fnt\n|faint|p1a: Garganacl\n|\n|upkeep\n|\n|t:|1733857415\n|switch|p1a: Swampert|Swampert, L83, F|302/302\n|turn|5\n|\n|t:|1733857434\n|move|p2a: Polteageist|Tera Blast|p1a: Swampert|[anim] Tera Blast Fighting\n|-damage|p1a: Swampert|0 fnt\n|faint|p1a: Swampert\n|\n|upkeep\n|\n|t:|1733857442\n|switch|p1a: Chimecho|Chimecho, L93, M|290/290\n|turn|6\n|\n|t:|1733857447\n|move|p2a: Polteageist|Shadow Ball|p1a: Chimecho\n|-supereffective|p1a: Chimecho\n|-damage|p1a: Chimecho|0 fnt\n|faint|p1a: Chimecho\n|\n|upkeep\n|\n|t:|1733857450\n|switch|p1a: Dunsparce|Dunsparce, L86, M|312/312\n|turn|7\n|\n|t:|1733857457\n|move|p2a: Polteageist|Tera Blast|p1a: Dunsparce|[anim] Tera Blast Fighting\n|-supereffective|p1a: Dunsparce\n|-damage|p1a: Dunsparce|0 fnt\n|faint|p1a: Dunsparce\n|\n|upkeep\n|\n|t:|1733857460\n|switch|p1a: Avalugg|Avalugg-Hisui, L90, F|317/317\n|turn|8\n|\n|t:|1733857468\n|move|p2a: Polteageist|Tera Blast|p1a: Avalugg|[anim] Tera Blast Fighting\n|-supereffective|p1a: Avalugg\n|-ability|p1a: Avalugg|Sturdy\n|-damage|p1a: Avalugg|1/317\n|move|p1a: Avalugg|Body Press|p2a: Polteageist\n|-damage|p2a: Polteageist|12/224\n|\n|upkeep\n|turn|9\n|\n|t:|1733857482\n|move|p2a: Polteageist|Shadow Ball|p1a: Avalugg\n|-damage|p1a: Avalugg|0 fnt\n|faint|p1a: Avalugg\n|\n|upkeep\n|\n|t:|1733857484\n|switch|p1a: Zekrom|Zekrom, L71|259/259\n|-ability|p1a: Zekrom|Teravolt\n|turn|10\n|\n|t:|1733857492\n|move|p2a: Polteageist|Tera Blast|p1a: Zekrom|[anim] Tera Blast Fighting\n|-damage|p1a: Zekrom|0 fnt\n|faint|p1a: Zekrom\n|\n|win|hypershift497\n|l|\u2606SteakBeater\n|player|p1|\n", "inputlog": ">version bfd83cad13791eb5a5a409923076391caf6fb4d4\n>start {\"formatid\":\"gen9randombattle\",\"seed\":[28645,31367,3186,42706]}\n>player p1 {\"name\":\"SteakBeater\",\"avatar\":\"101\",\"rating\":0,\"seed\":[22896,19677,28674,61291]}\n>player p2 {\"name\":\"hypershift497\",\"avatar\":\"erika\",\"rating\":0,\"seed\":[2450,56291,44899,61137]}\n>p1 move irondefense\n>p2 move uturn\n>p2 switch 6\n>p1 move irondefense\n>p2 move shellsmash\n>p1 move irondefense\n>p2 move shellsmash\n>p1 move saltcure\n>p2 move terablast terastallize\n>p1 switch 4\n>p1 move earthquake\n>p2 move terablast\n>p1 switch 5\n>p1 move psychicnoise\n>p2 move shadowball\n>p1 switch 2\n>p1 move bodyslam\n>p2 move terablast\n>p1 switch 3\n>p1 move bodypress\n>p2 move terablast\n>p1 move avalanche\n>p2 move shadowball\n>p1 switch 6\n>p1 move outrage\n>p2 move terablast", "uploadtime": 1733857498, "views": 1, "formatid": "gen9randombattle", "rating": null, "private": 0, "password": null}