{"id": "gen9randombattle-2251435044", "format": "[Gen 9] Random Battle", "players": ["Peewee McGee XXX", "useemstohavefun"], "log": "|badge|p2|bronze|gen9randombattle|100-3\n|uhtml|medal-msg|<div class=\"broadcast-blue\">Curious what those medals under the avatar are? PS now has Ladder Seasons! For more information, check out the <a href=\"https://www.smogon.com/forums/threads/3740067/\">thread on Smogon.</a></div>\n|j|\u203dPeewee McGee XXX\n|j|\u2606useemstohavefun\n|t:|1732629435\n|gametype|singles\n|player|p1|Peewee McGee XXX|pokekid|2313\n|player|p2|useemstohavefun|thorton|2344\n|teamsize|p1|6\n|teamsize|p2|6\n|gen|9\n|tier|[Gen 9] Random Battle\n|rated|\n|rule|Species Clause: Limit one of each Pok\u00e9mon\n|rule|HP Percentage Mod: HP is shown in percentages\n|rule|Sleep Clause Mod: Limit one foe put to sleep\n|rule|Illusion Level Mod: Illusion disguises the Pok\u00e9mon's true level\n|\n|t:|1732629435\n|start\n|switch|p1a: Inteleon|Inteleon, L81, F|246/246\n|switch|p2a: Floatzel|Floatzel, L85, M|283/283\n|turn|1\n|inactive|Battle timer is ON: inactive players will automatically lose when time's up. (requested by useemstohavefun)\n|\n|t:|1732629462\n|move|p2a: Floatzel|Wave Crash|p1a: Inteleon\n|-resisted|p1a: Inteleon\n|-damage|p1a: Inteleon|103/246\n|-damage|p2a: Floatzel|236/283|[from] Recoil\n|move|p1a: Inteleon|U-turn|p2a: Floatzel\n|-damage|p2a: Floatzel|182/283\n|\n|t:|1732629475\n|switch|p1a: Skarmory|Skarmory, L80, F|235/235|[from] U-turn\n|\n|upkeep\n|turn|2\n|\n|t:|1732629482\n|switch|p2a: Glimmora|Glimmora, L75, F|248/248\n|move|p1a: Skarmory|Iron Defense|p1a: Skarmory\n|-boost|p1a: Skarmory|def|2\n|\n|upkeep\n|turn|3\n|\n|t:|1732629500\n|move|p2a: Glimmora|Meteor Beam||[still]\n|-prepare|p2a: Glimmora|Meteor Beam\n|-boost|p2a: Glimmora|spa|1\n|-enditem|p2a: Glimmora|Power Herb\n|-anim|p2a: Glimmora|Meteor Beam|p1a: Skarmory\n|-damage|p1a: Skarmory|1/235\n|move|p1a: Skarmory|Body Press|p2a: Glimmora\n|-damage|p2a: Glimmora|89/248\n|-activate|p2a: Glimmora|ability: Toxic Debris\n|-sidestart|p1: Peewee McGee XXX|move: Toxic Spikes\n|\n|-heal|p1a: Skarmory|15/235|[from] item: Leftovers\n|upkeep\n|turn|4\n|\n|t:|1732629515\n|move|p2a: Glimmora|Energy Ball|p1a: Skarmory\n|-resisted|p1a: Skarmory\n|-damage|p1a: Skarmory|0 fnt\n|faint|p1a: Skarmory\n|\n|upkeep\n|\n|t:|1732629518\n|switch|p1a: Inteleon|Inteleon, L81, F|103/246\n|-status|p1a: Inteleon|psn\n|turn|5\n|\n|t:|1732629522\n|switch|p2a: Slowking|Slowking, L88, M|310/310\n|move|p1a: Inteleon|Scald|p2a: Slowking\n|-resisted|p2a: Slowking\n|-damage|p2a: Slowking|256/310\n|\n|-damage|p1a: Inteleon|73/246 psn|[from] psn\n|upkeep\n|turn|6\n|\n|t:|1732629531\n|switch|p1a: Regigigas|Regigigas, L84|322/322\n|-status|p1a: Regigigas|psn\n|-start|p1a: Regigigas|ability: Slow Start\n|move|p2a: Slowking|Future Sight|p1a: Regigigas\n|-start|p2a: Slowking|move: Future Sight\n|\n|-damage|p1a: Regigigas|282/322 psn|[from] psn\n|upkeep\n|turn|7\n|\n|t:|1732629542\n|move|p1a: Regigigas|Knock Off|p2a: Slowking\n|-supereffective|p2a: Slowking\n|-damage|p2a: Slowking|152/310\n|-enditem|p2a: Slowking|Heavy-Duty Boots|[from] move: Knock Off|[of] p1a: Regigigas\n|move|p2a: Slowking|Scald|p1a: Regigigas\n|-damage|p1a: Regigigas|197/322 psn\n|\n|-heal|p1a: Regigigas|217/322 psn|[from] item: Leftovers\n|-damage|p1a: Regigigas|177/322 psn|[from] psn\n|upkeep\n|turn|8\n|\n|t:|1732629551\n|move|p1a: Regigigas|Body Slam|p2a: Slowking\n|-damage|p2a: Slowking|77/310\n|move|p2a: Slowking|Scald|p1a: Regigigas\n|-damage|p1a: Regigigas|98/322 psn\n|\n|-end|p1a: Regigigas|move: Future Sight\n|-damage|p1a: Regigigas|0 fnt\n|faint|p1a: Regigigas\n|-end|p1a: Regigigas|Slow Start|[silent]\n|upkeep\n|\n|t:|1732629562\n|switch|p1a: Iron Jugulis|Iron Jugulis, L78|275/275\n|turn|9\n|\n|t:|1732629567\n|switch|p2a: Glimmora|Glimmora, L75, F|89/248\n|move|p1a: Iron Jugulis|Dark Pulse|p2a: Glimmora\n|-damage|p2a: Glimmora|0 fnt\n|faint|p2a: Glimmora\n|\n|upkeep\n|\n|t:|1732629574\n|switch|p2a: Rotom|Rotom-Fan, L86|226/226\n|turn|10\n|\n|t:|1732629579\n|-end|p1a: Iron Jugulis|Quark Drive|[silent]\n|switch|p1a: Golurk|Golurk, L87|297/297\n|-status|p1a: Golurk|psn\n|move|p2a: Rotom|Thunderbolt|p1a: Golurk\n|-immune|p1a: Golurk\n|\n|-damage|p1a: Golurk|260/297 psn|[from] psn\n|upkeep\n|turn|11\n|\n|t:|1732629586\n|switch|p2a: Slowking|Slowking, L88, M|180/310\n|move|p1a: Golurk|Stone Edge|p2a: Slowking\n|-damage|p2a: Slowking|28/310\n|\n|-damage|p1a: Golurk|223/297 psn|[from] psn\n|upkeep\n|turn|12\n|\n|t:|1732629596\n|switch|p2a: Rillaboom|Rillaboom, L79, F|288/288\n|-fieldstart|move: Grassy Terrain|[from] ability: Grassy Surge|[of] p2a: Rillaboom\n|move|p1a: Golurk|Stone Edge|p2a: Rillaboom\n|-crit|p2a: Rillaboom\n|-damage|p2a: Rillaboom|78/288\n|\n|-heal|p2a: Rillaboom|96/288|[from] Grassy Terrain\n|-heal|p1a: Golurk|241/297 psn|[from] Grassy Terrain\n|-damage|p1a: Golurk|204/297 psn|[from] psn\n|upkeep\n|turn|13\n|\n|t:|1732629603\n|switch|p1a: Inteleon|Inteleon, L81, F|73/246 psn\n|move|p2a: Rillaboom|Wood Hammer|p1a: Inteleon\n|-supereffective|p1a: Inteleon\n|-damage|p1a: Inteleon|0 fnt\n|faint|p1a: Inteleon\n|-damage|p2a: Rillaboom|72/288|[from] Recoil\n|\n|-heal|p2a: Rillaboom|90/288|[from] Grassy Terrain\n|upkeep\n|\n|t:|1732629608\n|switch|p1a: Iron Jugulis|Iron Jugulis, L78|275/275\n|turn|14\n|\n|t:|1732629615\n|move|p1a: Iron Jugulis|Dark Pulse|p2a: Rillaboom\n|-damage|p2a: Rillaboom|0 fnt\n|faint|p2a: Rillaboom\n|\n|upkeep\n|\n|t:|1732629619\n|switch|p2a: Rotom|Rotom-Fan, L86|226/226\n|turn|15\n|\n|t:|1732629624\n|move|p1a: Iron Jugulis|Dark Pulse|p2a: Rotom\n|-damage|p2a: Rotom|151/226\n|cant|p2a: Rotom|flinch\n|\n|upkeep\n|turn|16\n|\n|t:|1732629634\n|-end|p1a: Iron Jugulis|Quark Drive|[silent]\n|switch|p1a: Golurk|Golurk, L87|204/297 psn\n|move|p2a: Rotom|Thunderbolt|p1a: Golurk\n|-immune|p1a: Golurk\n|\n|-heal|p1a: Golurk|222/297 psn|[from] Grassy Terrain\n|-damage|p1a: Golurk|185/297 psn|[from] psn\n|-fieldend|move: Grassy Terrain\n|upkeep\n|turn|17\n|\n|t:|1732629638\n|switch|p2a: Slowking|Slowking, L88, M|131/310\n|move|p1a: Golurk|Stone Edge|p2a: Slowking\n|-damage|p2a: Slowking|0 fnt\n|faint|p2a: Slowking\n|\n|-damage|p1a: Golurk|148/297 psn|[from] psn\n|upkeep\n|\n|t:|1732629645\n|switch|p2a: Floatzel|Floatzel, L85, M|182/283\n|turn|18\n|\n|t:|1732629647\n|move|p2a: Floatzel|Wave Crash|p1a: Golurk\n|-supereffective|p1a: Golurk\n|-damage|p1a: Golurk|0 fnt\n|faint|p1a: Golurk\n|-damage|p2a: Floatzel|133/283|[from] Recoil\n|\n|upkeep\n|\n|t:|1732629650\n|switch|p1a: Iron Jugulis|Iron Jugulis, L78|275/275\n|turn|19\n|\n|t:|1732629653\n|move|p1a: Iron Jugulis|Dark Pulse|p2a: Floatzel\n|-damage|p2a: Floatzel|0 fnt\n|faint|p2a: Floatzel\n|\n|upkeep\n|\n|t:|1732629657\n|switch|p2a: Rotom|Rotom-Fan, L86|151/226\n|turn|20\n|\n|t:|1732629663\n|move|p1a: Iron Jugulis|Dark Pulse|p2a: Rotom\n|-damage|p2a: Rotom|81/226\n|move|p2a: Rotom|Thunderbolt|p1a: Iron Jugulis\n|-supereffective|p1a: Iron Jugulis\n|-damage|p1a: Iron Jugulis|35/275\n|-status|p1a: Iron Jugulis|par\n|\n|upkeep\n|turn|21\n|\n|t:|1732629669\n|move|p2a: Rotom|Thunderbolt|p1a: Iron Jugulis\n|-supereffective|p1a: Iron Jugulis\n|-damage|p1a: Iron Jugulis|0 fnt\n|faint|p1a: Iron Jugulis\n|-end|p1a: Iron Jugulis|Quark Drive|[silent]\n|\n|upkeep\n|\n|t:|1732629670\n|switch|p1a: Terrakion|Terrakion, L79|273/273\n|-status|p1a: Terrakion|psn\n|turn|22\n|\n|t:|1732629675\n|move|p1a: Terrakion|Stone Edge|p2a: Rotom|[miss]\n|-miss|p1a: Terrakion|p2a: Rotom\n|move|p2a: Rotom|Thunderbolt|p1a: Terrakion\n|-damage|p1a: Terrakion|161/273 psn\n|\n|-damage|p1a: Terrakion|127/273 psn|[from] psn\n|upkeep\n|turn|23\n|\n|t:|1732629682\n|move|p1a: Terrakion|Stone Edge|p2a: Rotom\n|-supereffective|p2a: Rotom\n|-damage|p2a: Rotom|0 fnt\n|faint|p2a: Rotom\n|-damage|p1a: Terrakion|100/273 psn|[from] item: Life Orb\n|\n|-damage|p1a: Terrakion|66/273 psn|[from] psn\n|upkeep\n|\n|t:|1732629689\n|switch|p2a: Mewtwo|Mewtwo, L72|272/272\n|-ability|p2a: Mewtwo|Unnerve\n|turn|24\n|\n|t:|1732629696\n|-terastallize|p1a: Terrakion|Ground\n|move|p2a: Mewtwo|Psystrike|p1a: Terrakion\n|-damage|p1a: Terrakion|0 fnt\n|faint|p1a: Terrakion\n|\n|win|useemstohavefun\n|raw|Peewee McGee XXX's rating: 2313 &rarr; <strong>2295</strong><br />(-18 for losing)\n|raw|useemstohavefun's rating: 2344 &rarr; <strong>2362</strong><br />(+18 for winning)\n|c|\u2606useemstohavefun|gg\n|l|\u203dPeewee McGee XXX\n|player|p1|\n", "inputlog": ">version baf9aa68cbe18cf25f290680a08c9ad9c5e3e828\n>start {\"formatid\":\"gen9randombattle\",\"seed\":[41621,22084,39934,800],\"rated\":\"Rated battle\"}\n>player p1 {\"name\":\"Peewee McGee XXX\",\"avatar\":\"pokekid\",\"rating\":2313,\"seed\":[23605,17324,21273,182]}\n>player p2 {\"name\":\"useemstohavefun\",\"avatar\":\"thorton\",\"rating\":2344,\"seed\":[51983,2250,57436,62210]}\n>p1 move uturn\n>p2 move wavecrash\n>p1 switch 4\n>p1 move irondefense\n>p2 switch 2\n>p1 move bodypress\n>p2 move meteorbeam\n>p1 move bodypress\n>p2 move energyball\n>p1 switch 4\n>p1 move scald\n>p2 switch 4\n>p1 switch 3\n>p2 move futuresight\n>p1 move knockoff\n>p2 move scald\n>p1 move bodyslam\n>p2 move scald\n>p1 switch 6\n>p1 move darkpulse\n>p2 switch 4\n>p2 switch 3\n>p1 switch 5\n>p2 move thunderbolt\n>p1 move stoneedge\n>p2 switch 4\n>p1 move stoneedge\n>p2 switch 6\n>p1 switch 3\n>p2 move woodhammer\n>p1 switch 5\n>p1 move darkpulse\n>p2 move woodhammer\n>p2 switch 4\n>p1 move darkpulse\n>p2 move thunderbolt\n>p1 switch 3\n>p2 move thunderbolt\n>p1 move stoneedge\n>p2 switch 6\n>p2 switch 2\n>p1 move stoneedge\n>p2 move wavecrash\n>p1 switch 3\n>p1 move darkpulse\n>p2 move wavecrash\n>p2 switch 6\n>p1 move darkpulse\n>p2 move thunderbolt\n>p1 move darkpulse\n>p2 move thunderbolt\n>p1 switch 2\n>p1 move stoneedge\n>p2 move thunderbolt\n>p1 move stoneedge\n>p2 move thunderbolt\n>p2 switch 5\n>p1 move earthquake terastallize\n>p2 move psystrike", "uploadtime": 1732629703, "views": 16, "formatid": "gen9randombattle", "rating": 2295, "private": 0, "password": null}