{"id": "gen9randombattle-2259989545", "format": "[Gen 9] Random Battle", "players": ["look at this kid", "Pokepollito"], "log": "|j|\u2606look at this kid\n|j|\u2606Pokepollito\n|t:|1733788144\n|gametype|singles\n|player|p1|look at this kid|caitlin|1442\n|player|p2|Pokepollito|ghetsis|1476\n|teamsize|p1|6\n|teamsize|p2|6\n|gen|9\n|tier|[Gen 9] Random Battle\n|rated|\n|rule|Species Clause: Limit one of each Pok\u00e9mon\n|rule|HP Percentage Mod: HP is shown in percentages\n|rule|Sleep Clause Mod: Limit one foe put to sleep\n|rule|Illusion Level Mod: Illusion disguises the Pok\u00e9mon's true level\n|\n|t:|1733788144\n|start\n|switch|p1a: Mightyena|Mightyena, L95, M|287/287\n|switch|p2a: Slowking|Slowking-Galar, L85, M|300/300\n|-ability|p1a: Mightyena|Intimidate|boost\n|-unboost|p2a: Slowking|atk|1\n|turn|1\n|inactive|Battle timer is ON: inactive players will automatically lose when time's up. (requested by look at this kid)\n|\n|t:|1733788169\n|switch|p2a: Alomomola|Alomomola, L87, F|429/429\n|move|p1a: Mightyena|Crunch|p2a: Alomomola\n|-damage|p2a: Alomomola|312/429\n|\n|-heal|p2a: Alomomola|338/429|[from] item: Leftovers\n|upkeep\n|turn|2\n|\n|t:|1733788181\n|switch|p1a: Lumineon|Lumineon, L93, M|279/279\n|move|p2a: Alomomola|Wish|p2a: Alomomola\n|\n|-heal|p2a: Alomomola|364/429|[from] item: Leftovers\n|upkeep\n|turn|3\n|\n|t:|1733788190\n|move|p1a: Lumineon|Alluring Voice|p2a: Alomomola\n|-damage|p2a: Alomomola|232/429\n|move|p2a: Alomomola|Flip Turn|p1a: Lumineon\n|-ability|p1a: Lumineon|Storm Drain|boost\n|-boost|p1a: Lumineon|spa|1\n|\n|-heal|p2a: Alomomola|429/429|[from] move: Wish|[wisher] Alomomola\n|upkeep\n|turn|4\n|\n|t:|1733788197\n|move|p2a: Alomomola|Protect|p2a: Alomomola\n|-singleturn|p2a: Alomomola|Protect\n|move|p1a: Lumineon|Alluring Voice|p2a: Alomomola\n|-activate|p2a: Alomomola|move: Protect\n|\n|upkeep\n|turn|5\n|\n|t:|1733788205\n|switch|p2a: Slowking|Slowking-Galar, L85, M|300/300\n|move|p1a: Lumineon|Alluring Voice|p2a: Slowking\n|-resisted|p2a: Slowking\n|-damage|p2a: Slowking|268/300\n|\n|upkeep\n|turn|6\n|\n|t:|1733788221\n|switch|p1a: Mightyena|Mightyena, L95, M|287/287\n|-ability|p1a: Mightyena|Intimidate|boost\n|-unboost|p2a: Slowking|atk|1\n|move|p2a: Slowking|Sludge Bomb|p1a: Mightyena\n|-damage|p1a: Mightyena|202/287\n|\n|upkeep\n|turn|7\n|\n|t:|1733788230\n|switch|p2a: Alomomola|Alomomola, L87, F|429/429\n|move|p1a: Mightyena|Crunch|p2a: Alomomola\n|-damage|p2a: Alomomola|318/429\n|\n|-heal|p2a: Alomomola|344/429|[from] item: Leftovers\n|upkeep\n|turn|8\n|\n|t:|1733788240\n|switch|p1a: Lumineon|Lumineon, L93, M|279/279\n|move|p2a: Alomomola|Scald|p1a: Lumineon\n|-ability|p1a: Lumineon|Storm Drain|boost\n|-boost|p1a: Lumineon|spa|1\n|\n|-heal|p2a: Alomomola|370/429|[from] item: Leftovers\n|upkeep\n|turn|9\n|\n|t:|1733788244\n|move|p2a: Alomomola|Protect|p2a: Alomomola\n|-singleturn|p2a: Alomomola|Protect\n|move|p1a: Lumineon|Hydro Pump|p2a: Alomomola\n|-activate|p2a: Alomomola|move: Protect\n|\n|-heal|p2a: Alomomola|396/429|[from] item: Leftovers\n|upkeep\n|turn|10\n|\n|t:|1733788252\n|switch|p2a: Slowking|Slowking-Galar, L85, M|300/300\n|move|p1a: Lumineon|Hydro Pump|p2a: Slowking\n|-damage|p2a: Slowking|158/300\n|\n|upkeep\n|turn|11\n|\n|t:|1733788257\n|move|p1a: Lumineon|Hydro Pump|p2a: Slowking\n|-damage|p2a: Slowking|19/300\n|move|p2a: Slowking|Sludge Bomb|p1a: Lumineon\n|-damage|p1a: Lumineon|179/279\n|\n|upkeep\n|turn|12\n|\n|t:|1733788264\n|switch|p2a: Girafarig|Girafarig, L89, F|269/269\n|move|p1a: Lumineon|Hydro Pump|p2a: Girafarig|[miss]\n|-miss|p1a: Lumineon|p2a: Girafarig\n|\n|upkeep\n|turn|13\n|\n|t:|1733788276\n|move|p1a: Lumineon|Hydro Pump|p2a: Girafarig\n|-damage|p2a: Girafarig|62/269\n|move|p2a: Girafarig|Nasty Plot|p2a: Girafarig\n|-boost|p2a: Girafarig|spa|2\n|\n|upkeep\n|turn|14\n|\n|t:|1733788282\n|move|p1a: Lumineon|Hydro Pump|p2a: Girafarig\n|-damage|p2a: Girafarig|0 fnt\n|faint|p2a: Girafarig\n|\n|upkeep\n|\n|t:|1733788287\n|switch|p2a: Slowking|Slowking-Galar, L85, M|119/300\n|turn|15\n|\n|t:|1733788289\n|switch|p2a: Alomomola|Alomomola, L87, F|429/429\n|move|p1a: Lumineon|Hydro Pump|p2a: Alomomola|[miss]\n|-miss|p1a: Lumineon|p2a: Alomomola\n|\n|upkeep\n|turn|16\n|\n|t:|1733788297\n|move|p1a: Lumineon|Hydro Pump|p2a: Alomomola\n|-resisted|p2a: Alomomola\n|-damage|p2a: Alomomola|228/429\n|move|p2a: Alomomola|Wish|p2a: Alomomola\n|\n|-heal|p2a: Alomomola|254/429|[from] item: Leftovers\n|upkeep\n|turn|17\n|\n|t:|1733788302\n|move|p2a: Alomomola|Protect|p2a: Alomomola\n|-singleturn|p2a: Alomomola|Protect\n|-activate|p1a: Lumineon|move: Struggle\n|move|p1a: Lumineon|Struggle|p2a: Alomomola\n|-activate|p2a: Alomomola|move: Protect\n|\n|-heal|p2a: Alomomola|429/429|[from] move: Wish|[wisher] Alomomola\n|upkeep\n|turn|18\n|\n|t:|1733788311\n|switch|p1a: Espathra|Espathra, L80, F|283/283\n|move|p2a: Alomomola|Wish|p2a: Alomomola\n|\n|upkeep\n|turn|19\n|\n|t:|1733788317\n|switch|p2a: Furret|Furret, L94, F|312/312\n|-item|p1a: Espathra|Leftovers|[from] ability: Frisk|[of] p2a: Furret\n|move|p1a: Espathra|Calm Mind|p1a: Espathra\n|-boost|p1a: Espathra|spa|1\n|-boost|p1a: Espathra|spd|1\n|\n|-ability|p1a: Espathra|Speed Boost|boost\n|-boost|p1a: Espathra|spe|1\n|upkeep\n|turn|20\n|\n|t:|1733788339\n|move|p1a: Espathra|Protect|p1a: Espathra\n|-singleturn|p1a: Espathra|Protect\n|move|p2a: Furret|Knock Off|p1a: Espathra\n|-activate|p1a: Espathra|move: Protect\n|\n|-ability|p1a: Espathra|Speed Boost|boost\n|-boost|p1a: Espathra|spe|1\n|upkeep\n|turn|21\n|\n|t:|1733788348\n|-terastallize|p1a: Espathra|Fairy\n|move|p1a: Espathra|Stored Power|p2a: Furret\n|-damage|p2a: Furret|128/312\n|move|p2a: Furret|Knock Off|p1a: Espathra\n|-resisted|p1a: Espathra\n|-damage|p1a: Espathra|218/283\n|-enditem|p1a: Espathra|Leftovers|[from] move: Knock Off|[of] p2a: Furret\n|-damage|p2a: Furret|97/312|[from] item: Life Orb\n|\n|-ability|p1a: Espathra|Speed Boost|boost\n|-boost|p1a: Espathra|spe|1\n|upkeep\n|turn|22\n|\n|t:|1733788355\n|move|p1a: Espathra|Dazzling Gleam|p2a: Furret\n|-damage|p2a: Furret|0 fnt\n|faint|p2a: Furret\n|\n|-ability|p1a: Espathra|Speed Boost|boost\n|-boost|p1a: Espathra|spe|1\n|upkeep\n|\n|t:|1733788358\n|switch|p2a: Magmortar|Magmortar, L88, F|275/275\n|turn|23\n|\n|t:|1733788362\n|move|p1a: Espathra|Stored Power|p2a: Magmortar\n|-damage|p2a: Magmortar|100/275\n|move|p2a: Magmortar|Earthquake|p1a: Espathra\n|-damage|p1a: Espathra|116/283\n|\n|-ability|p1a: Espathra|Speed Boost|boost\n|-boost|p1a: Espathra|spe|1\n|upkeep\n|turn|24\n|\n|t:|1733788365\n|move|p1a: Espathra|Stored Power|p2a: Magmortar\n|-damage|p2a: Magmortar|0 fnt\n|faint|p2a: Magmortar\n|\n|-ability|p1a: Espathra|Speed Boost|boost\n|-boost|p1a: Espathra|spe|1\n|upkeep\n|\n|t:|1733788368\n|switch|p2a: Alomomola|Alomomola, L87, F|429/429\n|turn|25\n|\n|t:|1733788373\n|move|p1a: Espathra|Stored Power|p2a: Alomomola\n|-damage|p2a: Alomomola|47/429\n|move|p2a: Alomomola|Scald|p1a: Espathra\n|-damage|p1a: Espathra|70/283\n|-status|p1a: Espathra|brn\n|\n|-heal|p2a: Alomomola|73/429|[from] item: Leftovers\n|-damage|p1a: Espathra|53/283 brn|[from] brn\n|upkeep\n|turn|26\n|\n|t:|1733788376\n|move|p2a: Alomomola|Protect|p2a: Alomomola\n|-singleturn|p2a: Alomomola|Protect\n|move|p1a: Espathra|Stored Power|p2a: Alomomola\n|-activate|p2a: Alomomola|move: Protect\n|\n|-heal|p2a: Alomomola|99/429|[from] item: Leftovers\n|-damage|p1a: Espathra|36/283 brn|[from] brn\n|upkeep\n|turn|27\n|\n|t:|1733788383\n|move|p1a: Espathra|Stored Power|p2a: Alomomola\n|-damage|p2a: Alomomola|0 fnt\n|faint|p2a: Alomomola\n|\n|-damage|p1a: Espathra|19/283 brn|[from] brn\n|upkeep\n|\n|t:|1733788385\n|switch|p2a: Beartic|Beartic, L91, M|321/321\n|turn|28\n|\n|t:|1733788390\n|move|p1a: Espathra|Stored Power|p2a: Beartic\n|-damage|p2a: Beartic|74/321\n|move|p2a: Beartic|Icicle Crash|p1a: Espathra\n|-damage|p1a: Espathra|0 fnt\n|faint|p1a: Espathra\n|\n|upkeep\n|\n|t:|1733788396\n|switch|p1a: Tauros|Tauros, L82, M|257/257\n|turn|29\n|\n|t:|1733788400\n|move|p1a: Tauros|Body Slam|p2a: Beartic\n|-damage|p2a: Beartic|0 fnt\n|faint|p2a: Beartic\n|\n|upkeep\n|\n|t:|1733788402\n|switch|p2a: Slowking|Slowking-Galar, L85, M|219/300\n|turn|30\n|\n|t:|1733788406\n|move|p1a: Tauros|Earthquake|p2a: Slowking\n|-supereffective|p2a: Slowking\n|-crit|p2a: Slowking\n|-damage|p2a: Slowking|0 fnt\n|faint|p2a: Slowking\n|-damage|p1a: Tauros|232/257|[from] item: Life Orb\n|\n|win|look at this kid\n|raw|look at this kid's rating: 1442 &rarr; <strong>1464</strong><br />(+22 for winning)\n|raw|Pokepollito's rating: 1476 &rarr; <strong>1454</strong><br />(-22 for losing)\n|l|\u2606Pokepollito\n|player|p2|\n", "inputlog": ">version bfd83cad13791eb5a5a409923076391caf6fb4d4\n>start {\"formatid\":\"gen9randombattle\",\"seed\":[54218,54308,59697,18962],\"rated\":\"Rated battle\"}\n>player p1 {\"name\":\"look at this kid\",\"avatar\":\"caitlin\",\"rating\":1442,\"seed\":[52731,35095,50494,59736]}\n>player p2 {\"name\":\"Pokepollito\",\"avatar\":\"ghetsis\",\"rating\":1476,\"seed\":[59048,56079,45326,60073]}\n>p1 move crunch\n>p2 switch 3\n>p1 switch 6\n>p2 move wish\n>p1 move alluringvoice\n>p2 move flipturn\n>p1 move alluringvoice\n>p2 move protect\n>p1 move alluringvoice\n>p2 switch 3\n>p1 switch 6\n>p2 move sludgebomb\n>p1 move crunch\n>p2 switch 3\n>p1 switch 6\n>p2 move scald\n>p1 move hydropump\n>p2 move protect\n>p1 move hydropump\n>p2 switch 3\n>p1 move hydropump\n>p2 move sludgebomb\n>p1 move hydropump\n>p2 switch 5\n>p1 move hydropump\n>p2 move nastyplot\n>p1 move hydropump\n>p2 move thunderbolt\n>p2 switch 5\n>p1 move hydropump\n>p2 switch 3\n>p1 move hydropump\n>p2 move wish\n>p1 move struggle\n>p2 move protect\n>p1 switch 3\n>p2 move wish\n>p1 move calmmind\n>p2 switch 4\n>p1 move protect\n>p2 move knockoff\n>p1 move storedpower terastallize\n>p2 move knockoff\n>p1 move dazzlinggleam\n>p2 move doubleedge\n>p2 switch 6\n>p1 move storedpower\n>p2 move earthquake\n>p1 move storedpower\n>p2 move earthquake\n>p2 switch 4\n>p1 move storedpower\n>p2 move scald\n>p1 move storedpower\n>p2 move protect\n>p1 move storedpower\n>p2 move wish\n>p2 switch 2\n>p1 move storedpower\n>p2 move iciclecrash\n>p1 switch 5\n>p1 move bodyslam\n>p2 move iciclecrash\n>p2 switch 3\n>p1 move earthquake\n>p2 move psychicnoise", "uploadtime": 1733788411, "views": 3, "formatid": "gen9randombattle", "rating": 1454, "private": 0, "password": null}