{"id": "gen9randombattle-2260919690", "format": "[Gen 9] Random Battle", "players": ["Goukesh D_017", "Kerlson"], "log": "|j|\u2606Goukesh D_017\n|j|\u2606Kerlson\n|t:|1733916818\n|gametype|singles\n|player|p1|Goukesh D_017|gardenia|1273\n|player|p2|Kerlson|eusine|1262\n|teamsize|p1|6\n|teamsize|p2|6\n|gen|9\n|tier|[Gen 9] Random Battle\n|rated|\n|rule|Species Clause: Limit one of each Pok\u00e9mon\n|rule|HP Percentage Mod: HP is shown in percentages\n|rule|Sleep Clause Mod: Limit one foe put to sleep\n|rule|Illusion Level Mod: Illusion disguises the Pok\u00e9mon's true level\n|\n|t:|1733916818\n|start\n|switch|p1a: Toucannon|Toucannon, L88, M|284/284\n|switch|p2a: Chesnaught|Chesnaught, L84, F|285/285\n|turn|1\n|inactive|Battle timer is ON: inactive players will automatically lose when time's up. (requested by Kerlson)\n|inactive|Goukesh D_017 has 120 seconds left.\n|\n|t:|1733916871\n|-terastallize|p2a: Chesnaught|Steel\n|-singleturn|p1a: Toucannon|move: Beak Blast\n|move|p2a: Chesnaught|Body Press|p1a: Toucannon\n|-damage|p1a: Toucannon|184/284\n|-status|p2a: Chesnaught|brn\n|move|p1a: Toucannon|Beak Blast|p2a: Chesnaught\n|-immune|p2a: Chesnaught|[from] ability: Bulletproof\n|\n|-damage|p2a: Chesnaught|268/285 brn|[from] brn\n|upkeep\n|turn|2\n|\n|t:|1733916888\n|move|p1a: Toucannon|U-turn|p2a: Chesnaught\n|-resisted|p2a: Chesnaught\n|-damage|p2a: Chesnaught|245/285 brn\n|\n|t:|1733916898\n|switch|p1a: Keldeo|Keldeo-Resolute, L79|273/273|[from] U-turn\n|move|p2a: Chesnaught|Body Press|p1a: Keldeo\n|-damage|p1a: Keldeo|221/273\n|\n|-heal|p2a: Chesnaught|262/285 brn|[from] item: Leftovers\n|-damage|p2a: Chesnaught|245/285 brn|[from] brn\n|upkeep\n|turn|3\n|\n|t:|1733916909\n|move|p1a: Keldeo|Secret Sword|p2a: Chesnaught\n|-supereffective|p2a: Chesnaught\n|-damage|p2a: Chesnaught|34/285 brn\n|-damage|p1a: Keldeo|194/273|[from] item: Life Orb\n|move|p2a: Chesnaught|Wood Hammer|p1a: Keldeo\n|-supereffective|p1a: Keldeo\n|-damage|p1a: Keldeo|50/273\n|-damage|p2a: Chesnaught|0 fnt|[from] Recoil\n|faint|p2a: Chesnaught\n|\n|upkeep\n|\n|t:|1733916920\n|switch|p2a: Dipplin|Dipplin, L88, M|284/284\n|turn|4\n|\n|t:|1733916934\n|switch|p1a: Houndstone|Houndstone, L86, M|264/264\n|move|p2a: Dipplin|Giga Drain|p1a: Houndstone\n|-damage|p1a: Houndstone|185/264\n|\n|-heal|p1a: Houndstone|201/264|[from] item: Leftovers\n|upkeep\n|turn|5\n|\n|t:|1733916944\n|move|p2a: Dipplin|Sucker Punch|p1a: Houndstone\n|-supereffective|p1a: Houndstone\n|-damage|p1a: Houndstone|158/264\n|move|p1a: Houndstone|Poltergeist|p2a: Dipplin\n|-activate|p2a: Dipplin|move: Poltergeist|Eviolite\n|-damage|p2a: Dipplin|218/284\n|\n|-heal|p1a: Houndstone|174/264|[from] item: Leftovers\n|upkeep\n|turn|6\n|\n|t:|1733916954\n|switch|p1a: Salazzle|Salazzle, L83, F|249/249\n|move|p2a: Dipplin|Giga Drain|p1a: Salazzle\n|-resisted|p1a: Salazzle\n|-damage|p1a: Salazzle|220/249\n|-heal|p2a: Dipplin|233/284|[from] drain|[of] p1a: Salazzle\n|\n|-heal|p1a: Salazzle|235/249|[from] item: Leftovers\n|upkeep\n|turn|7\n|\n|t:|1733916966\n|switch|p2a: Floatzel|Floatzel, L85, M|283/283\n|move|p1a: Salazzle|Substitute|p1a: Salazzle\n|-start|p1a: Salazzle|Substitute\n|-damage|p1a: Salazzle|173/249\n|\n|-heal|p1a: Salazzle|188/249|[from] item: Leftovers\n|upkeep\n|turn|8\n|\n|t:|1733916977\n|move|p2a: Floatzel|Ice Spinner|p1a: Salazzle\n|-resisted|p1a: Salazzle\n|-end|p1a: Salazzle|Substitute\n|move|p1a: Salazzle|Toxic|p2a: Floatzel\n|-status|p2a: Floatzel|tox\n|\n|-heal|p1a: Salazzle|203/249|[from] item: Leftovers\n|-damage|p2a: Floatzel|266/283 tox|[from] psn\n|upkeep\n|turn|9\n|\n|t:|1733916988\n|switch|p2a: Kingdra|Kingdra, L84, M|263/263\n|move|p1a: Salazzle|Protect||[still]\n|-fail|p1a: Salazzle\n|\n|-heal|p1a: Salazzle|218/249|[from] item: Leftovers\n|upkeep\n|turn|10\n|\n|t:|1733916996\n|switch|p1a: Houndstone|Houndstone, L86, M|174/264\n|move|p2a: Kingdra|Wave Crash|p1a: Houndstone\n|-damage|p1a: Houndstone|121/264\n|-damage|p2a: Kingdra|246/263|[from] Recoil\n|\n|-heal|p1a: Houndstone|137/264|[from] item: Leftovers\n|upkeep\n|turn|11\n|\n|t:|1733917006\n|move|p2a: Kingdra|Dragon Dance|p2a: Kingdra\n|-boost|p2a: Kingdra|atk|1\n|-boost|p2a: Kingdra|spe|1\n|move|p1a: Houndstone|Poltergeist|p2a: Kingdra\n|-activate|p2a: Kingdra|move: Poltergeist|Lum Berry\n|-damage|p2a: Kingdra|131/263\n|\n|-heal|p1a: Houndstone|153/264|[from] item: Leftovers\n|upkeep\n|turn|12\n|\n|t:|1733917024\n|move|p2a: Kingdra|Dragon Dance|p2a: Kingdra\n|-boost|p2a: Kingdra|atk|1\n|-boost|p2a: Kingdra|spe|1\n|move|p1a: Houndstone|Poltergeist|p2a: Kingdra\n|-activate|p2a: Kingdra|move: Poltergeist|Lum Berry\n|-damage|p2a: Kingdra|11/263\n|\n|-heal|p1a: Houndstone|169/264|[from] item: Leftovers\n|upkeep\n|turn|13\n|\n|t:|1733917035\n|move|p2a: Kingdra|Outrage|p1a: Houndstone\n|-damage|p1a: Houndstone|55/264\n|move|p1a: Houndstone|Body Press|p2a: Kingdra\n|-damage|p2a: Kingdra|0 fnt\n|faint|p2a: Kingdra\n|\n|-heal|p1a: Houndstone|71/264|[from] item: Leftovers\n|upkeep\n|\n|t:|1733917047\n|switch|p2a: Komala|Komala, L89, F|260/260\n|-ability|p2a: Komala|Comatose\n|turn|14\n|\n|t:|1733917055\n|move|p1a: Houndstone|Rest|p1a: Houndstone\n|-status|p1a: Houndstone|slp|[from] move: Rest\n|-heal|p1a: Houndstone|264/264 slp|[silent]\n|move|p2a: Komala|Knock Off|p1a: Houndstone\n|-supereffective|p1a: Houndstone\n|-damage|p1a: Houndstone|187/264 slp\n|-enditem|p1a: Houndstone|Leftovers|[from] move: Knock Off|[of] p2a: Komala\n|\n|upkeep\n|turn|15\n|\n|t:|1733917070\n|switch|p1a: Keldeo|Keldeo-Resolute, L79|50/273\n|move|p2a: Komala|Earthquake|p1a: Keldeo\n|-damage|p1a: Keldeo|0 fnt\n|faint|p1a: Keldeo\n|\n|upkeep\n|\n|t:|1733917084\n|switch|p1a: Kleavor|Kleavor, L78, F|237/237\n|turn|16\n|\n|t:|1733917091\n|move|p1a: Kleavor|Close Combat|p2a: Komala\n|-supereffective|p2a: Komala\n|-damage|p2a: Komala|28/260\n|-unboost|p1a: Kleavor|def|1\n|-unboost|p1a: Kleavor|spd|1\n|move|p2a: Komala|Earthquake|p1a: Kleavor\n|-damage|p1a: Kleavor|99/237\n|\n|upkeep\n|turn|17\n|\n|t:|1733917102\n|move|p1a: Kleavor|Close Combat|p2a: Komala\n|-supereffective|p2a: Komala\n|-damage|p2a: Komala|0 fnt\n|-unboost|p1a: Kleavor|def|1\n|-unboost|p1a: Kleavor|spd|1\n|faint|p2a: Komala\n|\n|upkeep\n|\n|t:|1733917112\n|switch|p2a: Ursaring|Ursaring, L84, F|288/288\n|turn|18\n|\n|t:|1733917119\n|move|p1a: Kleavor|Close Combat|p2a: Ursaring\n|-supereffective|p2a: Ursaring\n|-damage|p2a: Ursaring|138/288\n|-unboost|p1a: Kleavor|def|1\n|-unboost|p1a: Kleavor|spd|1\n|move|p2a: Ursaring|Earthquake|p1a: Kleavor\n|-damage|p1a: Kleavor|0 fnt\n|faint|p1a: Kleavor\n|\n|upkeep\n|\n|t:|1733917126\n|switch|p1a: Toucannon|Toucannon, L88, M|184/284\n|turn|19\n|\n|t:|1733917144\n|-singleturn|p1a: Toucannon|move: Beak Blast\n|move|p2a: Ursaring|Rest|p2a: Ursaring\n|-status|p2a: Ursaring|slp|[from] move: Rest\n|-heal|p2a: Ursaring|288/288 slp|[silent]\n|move|p1a: Toucannon|Beak Blast|p2a: Ursaring\n|-damage|p2a: Ursaring|182/288 slp\n|\n|upkeep\n|turn|20\n|\n|t:|1733917154\n|move|p1a: Toucannon|Boomburst|p2a: Ursaring\n|-damage|p2a: Ursaring|74/288 slp\n|cant|p2a: Ursaring|slp\n|\n|upkeep\n|turn|21\n|\n|t:|1733917160\n|move|p1a: Toucannon|Boomburst|p2a: Ursaring\n|-damage|p2a: Ursaring|0 fnt\n|faint|p2a: Ursaring\n|\n|upkeep\n|-message|Kerlson forfeited.\n|\n|win|Goukesh D_017\n|raw|Goukesh D_017's rating: 1273 &rarr; <strong>1297</strong><br />(+24 for winning)\n|raw|Kerlson's rating: 1262 &rarr; <strong>1238</strong><br />(-24 for losing)\n|l|\u2606Kerlson\n|player|p2|\n", "inputlog": ">version bfd83cad13791eb5a5a409923076391caf6fb4d4\n>start {\"formatid\":\"gen9randombattle\",\"seed\":[14714,64872,56164,54917],\"rated\":\"Rated battle\"}\n>player p1 {\"name\":\"Goukesh D_017\",\"avatar\":\"gardenia\",\"rating\":1273,\"seed\":[59321,61889,34824,31927]}\n>player p2 {\"name\":\"Kerlson\",\"avatar\":\"eusine\",\"rating\":1262,\"seed\":[54567,53043,54782,44484]}\n>p1 move beakblast\n>p2 move bodypress terastallize\n>p1 move uturn\n>p2 move bodypress\n>p1 switch 4\n>p1 move secretsword\n>p2 move woodhammer\n>p2 switch 4\n>p1 switch 3\n>p2 move gigadrain\n>p1 move poltergeist\n>p2 move suckerpunch\n>p1 switch 2\n>p2 move gigadrain\n>p1 move substitute\n>p2 switch 5\n>p1 move toxic\n>p2 move icespinner\n>p1 move protect\n>p2 switch 2\n>p1 switch 2\n>p2 move wavecrash\n>p1 move poltergeist\n>p2 move dragondance\n>p1 move poltergeist\n>p2 move dragondance\n>p1 move bodypress\n>p2 move outrage\n>p2 switch 6\n>p1 move rest\n>p2 move knockoff\n>p1 switch 3\n>p2 move earthquake\n>p1 switch 5\n>p1 move closecombat\n>p2 move earthquake\n>p1 move closecombat\n>p2 move earthquake\n>p2 switch 3\n>p1 move closecombat\n>p2 move earthquake\n>p1 switch 4\n>p1 move beakblast\n>p2 move rest\n>p1 move boomburst\n>p2 move bodyslam\n>p1 move boomburst\n>p2 move sleeptalk\n>forcelose p2", "uploadtime": 1733917171, "views": 1, "formatid": "gen9randombattle", "rating": 1238, "private": 0, "password": null}