{"id": "gen9randombattle-2259891622", "format": "[Gen 9] Random Battle", "players": ["TheBestVq", "Mles249"], "log": "|j|\u2606TheBestVq\n|j|\u2606Mles249\n|t:|1733777045\n|gametype|singles\n|player|p1|TheBestVq|steven|1061\n|player|p2|Mles249|169|1005\n|teamsize|p1|6\n|teamsize|p2|6\n|gen|9\n|tier|[Gen 9] Random Battle\n|rated|\n|rule|Species Clause: Limit one of each Pok\u00e9mon\n|rule|HP Percentage Mod: HP is shown in percentages\n|rule|Sleep Clause Mod: Limit one foe put to sleep\n|rule|Illusion Level Mod: Illusion disguises the Pok\u00e9mon's true level\n|\n|t:|1733777045\n|start\n|switch|p1a: Espathra|Espathra, L80, F|283/283\n|switch|p2a: Pyroar|Pyroar, L88, M|295/295\n|-ability|p2a: Pyroar|Unnerve\n|turn|1\n|\n|t:|1733777072\n|switch|p2a: Giratina|Giratina, L75|349/349\n|-ability|p2a: Giratina|Pressure\n|move|p1a: Espathra|Dazzling Gleam|p2a: Giratina\n|-supereffective|p2a: Giratina\n|-damage|p2a: Giratina|259/349\n|\n|-heal|p2a: Giratina|280/349|[from] item: Leftovers\n|-ability|p1a: Espathra|Speed Boost|boost\n|-boost|p1a: Espathra|spe|1\n|upkeep\n|turn|2\n|\n|t:|1733777087\n|move|p1a: Espathra|Calm Mind|p1a: Espathra\n|-boost|p1a: Espathra|spa|1\n|-boost|p1a: Espathra|spd|1\n|move|p2a: Giratina|Shadow Ball|p1a: Espathra\n|-supereffective|p1a: Espathra\n|-damage|p1a: Espathra|143/283\n|\n|-heal|p1a: Espathra|160/283|[from] item: Leftovers\n|-heal|p2a: Giratina|301/349|[from] item: Leftovers\n|-ability|p1a: Espathra|Speed Boost|boost\n|-boost|p1a: Espathra|spe|1\n|upkeep\n|turn|3\n|\n|t:|1733777104\n|move|p1a: Espathra|Dazzling Gleam|p2a: Giratina\n|-supereffective|p2a: Giratina\n|-damage|p2a: Giratina|153/349\n|move|p2a: Giratina|Shadow Ball|p1a: Espathra\n|-supereffective|p1a: Espathra\n|-damage|p1a: Espathra|34/283\n|\n|-heal|p1a: Espathra|51/283|[from] item: Leftovers\n|-heal|p2a: Giratina|174/349|[from] item: Leftovers\n|-ability|p1a: Espathra|Speed Boost|boost\n|-boost|p1a: Espathra|spe|1\n|upkeep\n|turn|4\n|\n|t:|1733777121\n|move|p1a: Espathra|Stored Power|p2a: Giratina\n|-damage|p2a: Giratina|9/349\n|move|p2a: Giratina|Shadow Ball|p1a: Espathra\n|-supereffective|p1a: Espathra\n|-damage|p1a: Espathra|0 fnt\n|faint|p1a: Espathra\n|\n|-heal|p2a: Giratina|30/349|[from] item: Leftovers\n|upkeep\n|\n|t:|1733777135\n|switch|p1a: Archaludon|Archaludon, L78, F|268/268\n|turn|5\n|\n|t:|1733777160\n|switch|p2a: Hitmonlee|Hitmonlee, L85, M|224/224\n|move|p1a: Archaludon|Iron Head|p2a: Hitmonlee\n|-damage|p2a: Hitmonlee|107/224\n|\n|upkeep\n|turn|6\n|\n|t:|1733777167\n|move|p2a: Hitmonlee|Close Combat|p1a: Archaludon\n|-supereffective|p1a: Archaludon\n|-damage|p1a: Archaludon|8/268\n|-unboost|p2a: Hitmonlee|def|1\n|-unboost|p2a: Hitmonlee|spd|1\n|-ability|p1a: Archaludon|Stamina|boost\n|-boost|p1a: Archaludon|def|1\n|-enditem|p2a: Hitmonlee|White Herb\n|-clearnegativeboost|p2a: Hitmonlee|[silent]\n|move|p1a: Archaludon|Iron Head|p2a: Hitmonlee\n|-damage|p2a: Hitmonlee|4/224\n|\n|upkeep\n|turn|7\n|\n|t:|1733777183\n|switch|p1a: Oricorio|Oricorio-Sensu, L85, M|266/266\n|move|p2a: Hitmonlee|Knock Off|p1a: Oricorio\n|-supereffective|p1a: Oricorio\n|-damage|p1a: Oricorio|64/266\n|-enditem|p1a: Oricorio|Heavy-Duty Boots|[from] move: Knock Off|[of] p2a: Hitmonlee\n|\n|upkeep\n|turn|8\n|\n|t:|1733777204\n|move|p2a: Hitmonlee|Knock Off|p1a: Oricorio\n|-supereffective|p1a: Oricorio\n|-damage|p1a: Oricorio|0 fnt\n|faint|p1a: Oricorio\n|\n|upkeep\n|\n|t:|1733777213\n|switch|p1a: Azelf|Azelf, L82|257/257\n|turn|9\n|\n|t:|1733777238\n|move|p2a: Hitmonlee|Knock Off|p1a: Azelf\n|-supereffective|p1a: Azelf\n|-damage|p1a: Azelf|69/257\n|-enditem|p1a: Azelf|Choice Specs|[from] move: Knock Off|[of] p2a: Hitmonlee\n|move|p1a: Azelf|U-turn|p2a: Hitmonlee\n|-resisted|p2a: Hitmonlee\n|-damage|p2a: Hitmonlee|0 fnt\n|faint|p2a: Hitmonlee\n|\n|t:|1733777246\n|switch|p1a: Mamoswine|Mamoswine, L81, F|311/311|[from] U-turn\n|\n|upkeep\n|\n|t:|1733777272\n|switch|p2a: Pyroar|Pyroar, L88, M|295/295\n|-ability|p2a: Pyroar|Unnerve\n|turn|10\n|\n|t:|1733777301\n|switch|p1a: Azelf|Azelf, L82|69/257\n|move|p2a: Pyroar|Fire Blast|p1a: Azelf\n|-damage|p1a: Azelf|0 fnt\n|faint|p1a: Azelf\n|\n|upkeep\n|inactive|Battle timer is ON: inactive players will automatically lose when time's up. (requested by Mles249)\n|\n|t:|1733777322\n|switch|p1a: Sawsbuck|Sawsbuck, L88, F|284/284\n|turn|11\n|\n|t:|1733777344\n|switch|p2a: Rotom|Rotom-Frost, L87|229/229\n|move|p1a: Sawsbuck|Double-Edge|p2a: Rotom\n|-damage|p2a: Rotom|80/229\n|-damage|p1a: Sawsbuck|235/284|[from] Recoil\n|-damage|p1a: Sawsbuck|207/284|[from] item: Life Orb\n|\n|upkeep\n|turn|12\n|\n|t:|1733777358\n|move|p1a: Sawsbuck|Horn Leech|p2a: Rotom\n|-crit|p2a: Rotom\n|-damage|p2a: Rotom|0 fnt\n|-heal|p1a: Sawsbuck|247/284|[from] drain|[of] p2a: Rotom\n|faint|p2a: Rotom\n|-damage|p1a: Sawsbuck|219/284|[from] item: Life Orb\n|\n|upkeep\n|\n|t:|1733777373\n|switch|p2a: Bombirdier|Bombirdier, L85, M|258/258\n|turn|13\n|\n|t:|1733777384\n|move|p2a: Bombirdier|Brave Bird|p1a: Sawsbuck\n|-supereffective|p1a: Sawsbuck\n|-damage|p1a: Sawsbuck|0 fnt\n|faint|p1a: Sawsbuck\n|-damage|p2a: Bombirdier|186/258|[from] Recoil\n|\n|upkeep\n|\n|t:|1733777391\n|switch|p1a: Mamoswine|Mamoswine, L81, F|311/311\n|turn|14\n|\n|t:|1733777417\n|move|p2a: Bombirdier|Brave Bird|p1a: Mamoswine\n|-damage|p1a: Mamoswine|160/311\n|-damage|p2a: Bombirdier|136/258|[from] Recoil\n|move|p1a: Mamoswine|Icicle Crash|p2a: Bombirdier\n|-supereffective|p2a: Bombirdier\n|-damage|p2a: Bombirdier|0 fnt\n|faint|p2a: Bombirdier\n|\n|upkeep\n|\n|t:|1733777420\n|switch|p2a: Pyroar|Pyroar, L88, M|295/295\n|-ability|p2a: Pyroar|Unnerve\n|turn|15\n|\n|t:|1733777432\n|move|p2a: Pyroar|Fire Blast|p1a: Mamoswine\n|-supereffective|p1a: Mamoswine\n|-damage|p1a: Mamoswine|0 fnt\n|faint|p1a: Mamoswine\n|\n|upkeep\n|\n|t:|1733777438\n|switch|p1a: Archaludon|Archaludon, L78, F|8/268\n|turn|16\n|\n|t:|1733777452\n|-terastallize|p1a: Archaludon|Ground\n|move|p2a: Pyroar|Hyper Voice|p1a: Archaludon\n|-damage|p1a: Archaludon|0 fnt\n|faint|p1a: Archaludon\n|\n|win|Mles249\n|raw|TheBestVq's rating: 1061 &rarr; <strong>1039</strong><br />(-22 for losing)\n|raw|Mles249's rating: 1005 &rarr; <strong>1051</strong><br />(+46 for winning)\n|c|\u2606Mles249|Gg\n|l|\u2606TheBestVq\n|player|p1|\n|l|\u2606Mles249\n|player|p2|\n|j|\u2606Mles249\n|player|p2|Mles249|169|\n", "inputlog": ">version bfd83cad13791eb5a5a409923076391caf6fb4d4\n>start {\"formatid\":\"gen9randombattle\",\"seed\":[10742,54066,55888,41810],\"rated\":\"Rated battle\"}\n>player p1 {\"name\":\"TheBestVq\",\"avatar\":\"steven\",\"rating\":1061,\"seed\":[51958,11496,4139,34325]}\n>player p2 {\"name\":\"Mles249\",\"avatar\":\"169\",\"rating\":1005,\"seed\":[34714,37627,62902,23172]}\n>p1 move dazzlinggleam\n>p2 switch 4\n>p1 move calmmind\n>p2 move shadowball\n>p1 move dazzlinggleam\n>p2 move shadowball\n>p1 move storedpower\n>p2 move shadowball\n>p1 switch 3\n>p1 move ironhead\n>p2 switch 6\n>p1 move ironhead\n>p2 move closecombat\n>p1 switch 6\n>p2 move knockoff\n>p1 move revelationdance\n>p2 move knockoff\n>p1 switch 5\n>p1 move uturn\n>p2 move knockoff\n>p1 switch 2\n>p2 switch 4\n>p1 switch 2\n>p2 move fireblast\n>p1 switch 4\n>p1 move doubleedge\n>p2 switch 3\n>p1 move hornleech\n>p2 move blizzard\n>p2 switch 5\n>p1 move swordsdance\n>p2 move bravebird\n>p1 switch 2\n>p1 move iciclecrash\n>p2 move bravebird\n>p2 switch 3\n>p1 move iciclecrash\n>p2 move fireblast\n>p1 switch 6\n>p1 move earthquake terastallize\n>p2 move hypervoice", "uploadtime": 1733777508, "views": 31, "formatid": "gen9randombattle", "rating": 1039, "private": 0, "password": null}