{"id": "gen9randombattle-2260712124", "format": "[Gen 9] Random Battle", "players": ["austthecow", "ilcrow"], "log": "|j|\u2606austthecow\n|j|\u2606ilcrow\n|t:|1733881649\n|gametype|singles\n|player|p1|austthecow|101|1131\n|player|p2|ilcrow|birdkeeper-gen4dp|1178\n|teamsize|p1|6\n|teamsize|p2|6\n|gen|9\n|tier|[Gen 9] Random Battle\n|rated|\n|rule|Species Clause: Limit one of each Pok\u00e9mon\n|rule|HP Percentage Mod: HP is shown in percentages\n|rule|Sleep Clause Mod: Limit one foe put to sleep\n|rule|Illusion Level Mod: Illusion disguises the Pok\u00e9mon's true level\n|\n|t:|1733881649\n|start\n|switch|p1a: Suicune|Suicune, L82|298/298\n|switch|p2a: Orthworm|Orthworm, L88, F|266/266\n|-ability|p1a: Suicune|Pressure\n|turn|1\n|inactive|Battle timer is ON: inactive players will automatically lose when time's up. (requested by ilcrow)\n|\n|t:|1733881670\n|move|p1a: Suicune|Calm Mind|p1a: Suicune\n|-boost|p1a: Suicune|spa|1\n|-boost|p1a: Suicune|spd|1\n|move|p2a: Orthworm|Coil|p2a: Orthworm\n|-boost|p2a: Orthworm|atk|1\n|-boost|p2a: Orthworm|def|1\n|-boost|p2a: Orthworm|accuracy|1\n|\n|upkeep\n|turn|2\n|\n|t:|1733881682\n|move|p1a: Suicune|Calm Mind|p1a: Suicune\n|-boost|p1a: Suicune|spa|1\n|-boost|p1a: Suicune|spd|1\n|move|p2a: Orthworm|Iron Tail|p1a: Suicune\n|-resisted|p1a: Suicune\n|-damage|p1a: Suicune|229/298\n|\n|-heal|p1a: Suicune|247/298|[from] item: Leftovers\n|upkeep\n|turn|3\n|\n|t:|1733881708\n|move|p1a: Suicune|Calm Mind|p1a: Suicune\n|-boost|p1a: Suicune|spa|1\n|-boost|p1a: Suicune|spd|1\n|move|p2a: Orthworm|Coil|p2a: Orthworm\n|-boost|p2a: Orthworm|atk|1\n|-boost|p2a: Orthworm|def|1\n|-boost|p2a: Orthworm|accuracy|1\n|\n|-heal|p1a: Suicune|265/298|[from] item: Leftovers\n|upkeep\n|turn|4\n|\n|t:|1733881723\n|move|p1a: Suicune|Calm Mind|p1a: Suicune\n|-boost|p1a: Suicune|spa|1\n|-boost|p1a: Suicune|spd|1\n|move|p2a: Orthworm|Coil|p2a: Orthworm\n|-boost|p2a: Orthworm|atk|1\n|-boost|p2a: Orthworm|def|1\n|-boost|p2a: Orthworm|accuracy|1\n|\n|-heal|p1a: Suicune|283/298|[from] item: Leftovers\n|upkeep\n|turn|5\n|\n|t:|1733881734\n|move|p1a: Suicune|Scald|p2a: Orthworm\n|-damage|p2a: Orthworm|0 fnt\n|faint|p2a: Orthworm\n|\n|-heal|p1a: Suicune|298/298|[from] item: Leftovers\n|upkeep\n|\n|t:|1733881756\n|switch|p2a: Luvdisc|Luvdisc, M|247/247\n|turn|6\n|\n|t:|1733881771\n|move|p2a: Luvdisc|Substitute|p2a: Luvdisc\n|-start|p2a: Luvdisc|Substitute\n|-damage|p2a: Luvdisc|186/247\n|move|p1a: Suicune|Calm Mind|p1a: Suicune\n|-boost|p1a: Suicune|spa|1\n|-boost|p1a: Suicune|spd|1\n|\n|upkeep\n|turn|7\n|inactive|austthecow has 120 seconds left.\n|\n|t:|1733881787\n|move|p2a: Luvdisc|Endeavor|p1a: Suicune\n|-damage|p1a: Suicune|186/298\n|move|p1a: Suicune|Calm Mind|p1a: Suicune\n|-boost|p1a: Suicune|spa|1\n|-boost|p1a: Suicune|spd|1\n|\n|-heal|p1a: Suicune|204/298|[from] item: Leftovers\n|upkeep\n|turn|8\n|\n|t:|1733881796\n|move|p2a: Luvdisc|Endeavor|p1a: Suicune\n|-damage|p1a: Suicune|186/298\n|move|p1a: Suicune|Scald|p2a: Luvdisc\n|-resisted|p2a: Luvdisc\n|-end|p2a: Luvdisc|Substitute\n|\n|-heal|p1a: Suicune|204/298|[from] item: Leftovers\n|upkeep\n|turn|9\n|\n|t:|1733881809\n|move|p2a: Luvdisc|Substitute|p2a: Luvdisc\n|-start|p2a: Luvdisc|Substitute\n|-damage|p2a: Luvdisc|125/247\n|move|p1a: Suicune|Scald|p2a: Luvdisc\n|-resisted|p2a: Luvdisc\n|-end|p2a: Luvdisc|Substitute\n|\n|-heal|p1a: Suicune|222/298|[from] item: Leftovers\n|upkeep\n|turn|10\n|\n|t:|1733881820\n|move|p2a: Luvdisc|Substitute|p2a: Luvdisc\n|-start|p2a: Luvdisc|Substitute\n|-damage|p2a: Luvdisc|64/247\n|move|p1a: Suicune|Scald|p2a: Luvdisc\n|-resisted|p2a: Luvdisc\n|-end|p2a: Luvdisc|Substitute\n|\n|-heal|p1a: Suicune|240/298|[from] item: Leftovers\n|upkeep\n|turn|11\n|\n|t:|1733881845\n|move|p2a: Luvdisc|Substitute|p2a: Luvdisc\n|-start|p2a: Luvdisc|Substitute\n|-damage|p2a: Luvdisc|3/247\n|move|p1a: Suicune|Scald|p2a: Luvdisc\n|-resisted|p2a: Luvdisc\n|-end|p2a: Luvdisc|Substitute\n|\n|-heal|p1a: Suicune|258/298|[from] item: Leftovers\n|upkeep\n|turn|12\n|\n|t:|1733881858\n|move|p2a: Luvdisc|Endeavor|p1a: Suicune\n|-damage|p1a: Suicune|3/298\n|move|p1a: Suicune|Scald|p2a: Luvdisc\n|-resisted|p2a: Luvdisc\n|-crit|p2a: Luvdisc\n|-damage|p2a: Luvdisc|0 fnt\n|faint|p2a: Luvdisc\n|\n|-heal|p1a: Suicune|21/298|[from] item: Leftovers\n|upkeep\n|\n|t:|1733881877\n|switch|p2a: Cloyster|Cloyster, L80, F|211/211\n|turn|13\n|\n|t:|1733881891\n|move|p1a: Suicune|Scald|p2a: Cloyster\n|-resisted|p2a: Cloyster\n|-damage|p2a: Cloyster|0 fnt\n|faint|p2a: Cloyster\n|\n|-heal|p1a: Suicune|39/298|[from] item: Leftovers\n|upkeep\n|\n|t:|1733881901\n|switch|p2a: Gardevoir|Gardevoir, L83, F|249/249\n|-ability|p2a: Gardevoir|Pressure\n|-ability|p2a: Gardevoir|Pressure|[from] ability: Trace|[of] p1a: Suicune\n|turn|14\n|\n|t:|1733881923\n|move|p1a: Suicune|Scald|p2a: Gardevoir\n|-damage|p2a: Gardevoir|0 fnt\n|faint|p2a: Gardevoir\n|\n|-heal|p1a: Suicune|57/298|[from] item: Leftovers\n|upkeep\n|\n|t:|1733881929\n|switch|p2a: Mamoswine|Mamoswine, L81, M|311/311\n|turn|15\n|c|\u2606ilcrow|gg\n|\n|t:|1733881936\n|move|p2a: Mamoswine|Ice Shard|p1a: Suicune\n|-resisted|p1a: Suicune\n|-damage|p1a: Suicune|32/298\n|-damage|p2a: Mamoswine|280/311|[from] item: Life Orb\n|move|p1a: Suicune|Scald|p2a: Mamoswine\n|-supereffective|p2a: Mamoswine\n|-damage|p2a: Mamoswine|0 fnt\n|faint|p2a: Mamoswine\n|\n|-heal|p1a: Suicune|50/298|[from] item: Leftovers\n|upkeep\n|\n|t:|1733881945\n|switch|p2a: Talonflame|Talonflame, L83, F|265/265\n|turn|16\n|\n|t:|1733881959\n|move|p2a: Talonflame|Brave Bird|p1a: Suicune\n|-damage|p1a: Suicune|0 fnt\n|faint|p1a: Suicune\n|-damage|p2a: Talonflame|248/265|[from] Recoil\n|\n|upkeep\n|\n|t:|1733881970\n|switch|p1a: Minior|Minior-Green, L79|224/224\n|-formechange|p1a: Minior|Minior-Meteor||[from] ability: Shields Down\n|turn|17\n|\n|t:|1733881981\n|-terastallize|p2a: Talonflame|Ground\n|move|p2a: Talonflame|Tera Blast|p1a: Minior|[anim] Tera Blast Ground\n|-immune|p1a: Minior\n|move|p1a: Minior|Power Gem|p2a: Talonflame\n|-resisted|p2a: Talonflame\n|-damage|p2a: Talonflame|215/265\n|\n|upkeep\n|turn|18\n|\n|t:|1733881989\n|move|p2a: Talonflame|Brave Bird|p1a: Minior\n|-resisted|p1a: Minior\n|-damage|p1a: Minior|173/224\n|-damage|p2a: Talonflame|198/265|[from] Recoil\n|move|p1a: Minior|Shell Smash|p1a: Minior\n|-unboost|p1a: Minior|def|1\n|-unboost|p1a: Minior|spd|1\n|-boost|p1a: Minior|atk|2\n|-boost|p1a: Minior|spa|2\n|-boost|p1a: Minior|spe|2\n|-enditem|p1a: Minior|White Herb\n|-clearnegativeboost|p1a: Minior|[silent]\n|\n|upkeep\n|turn|19\n|\n|t:|1733882007\n|move|p1a: Minior|Acrobatics|p2a: Talonflame\n|-damage|p2a: Talonflame|41/265\n|move|p2a: Talonflame|Swords Dance|p2a: Talonflame\n|-boost|p2a: Talonflame|atk|2\n|\n|upkeep\n|turn|20\n|\n|t:|1733882015\n|move|p1a: Minior|Acrobatics|p2a: Talonflame\n|-damage|p2a: Talonflame|0 fnt\n|faint|p2a: Talonflame\n|\n|win|austthecow\n|raw|austthecow's rating: 1131 &rarr; <strong>1159</strong><br />(+28 for winning)\n|raw|ilcrow's rating: 1178 &rarr; <strong>1150</strong><br />(-28 for losing)\n|l|\u2606ilcrow\n|player|p2|\n", "inputlog": ">version bfd83cad13791eb5a5a409923076391caf6fb4d4\n>start {\"formatid\":\"gen9randombattle\",\"seed\":[45113,25135,6621,51553],\"rated\":\"Rated battle\"}\n>player p1 {\"name\":\"austthecow\",\"avatar\":\"101\",\"rating\":1131,\"seed\":[42851,47712,33996,23779]}\n>player p2 {\"name\":\"ilcrow\",\"avatar\":\"birdkeeper-gen4dp\",\"rating\":1178,\"seed\":[35746,17951,26254,22226]}\n>p1 move calmmind\n>p2 move coil\n>p1 move calmmind\n>p2 move irontail\n>p1 move calmmind\n>p2 move coil\n>p1 move calmmind\n>p2 move coil\n>p1 move scald\n>p2 move coil\n>p2 switch 6\n>p1 move calmmind\n>p2 move substitute\n>p1 move calmmind\n>p2 move endeavor\n>p1 move scald\n>p2 move endeavor\n>p1 move scald\n>p2 move substitute\n>p1 move scald\n>p2 move substitute\n>p1 move scald\n>p2 move substitute\n>p1 move scald\n>p2 move endeavor\n>p2 switch 3\n>p1 move scald\n>p2 move iciclespear\n>p2 switch 5\n>p1 move scald\n>p2 move psyshock\n>p2 switch 4\n>chat \u2606ilcrow|gg\n>p1 move scald\n>p2 move iceshard\n>p2 switch 2\n>p1 move scald\n>p2 move bravebird\n>p1 switch 2\n>p1 move powergem\n>p2 move terablast terastallize\n>p1 move shellsmash\n>p2 move bravebird\n>p1 move acrobatics\n>p2 move swordsdance\n>p1 move acrobatics\n>p2 move flareblitz", "uploadtime": 1733882021, "views": 3, "formatid": "gen9randombattle", "rating": 1150, "private": 0, "password": null}