{"id": "gen9randombattle-2259925955", "format": "[Gen 9] Random Battle", "players": ["Gotta_ika296", "outforblud"], "log": "|j|\u2606Gotta_ika296\n|j|\u2606outforblud\n|t:|1733780677\n|gametype|singles\n|player|p1|Gotta_ika296|bede-masters|1384\n|player|p2|outforblud|bellelba|1377\n|teamsize|p1|6\n|teamsize|p2|6\n|gen|9\n|tier|[Gen 9] Random Battle\n|rated|\n|rule|Species Clause: Limit one of each Pok\u00e9mon\n|rule|HP Percentage Mod: HP is shown in percentages\n|rule|Sleep Clause Mod: Limit one foe put to sleep\n|rule|Illusion Level Mod: Illusion disguises the Pok\u00e9mon's true level\n|\n|t:|1733780677\n|start\n|switch|p1a: Indeedee|Indeedee, L84, M|238/238\n|switch|p2a: Alcremie|Alcremie-Ruby-Swirl, L90, F|263/263\n|-fieldstart|move: Psychic Terrain|[from] ability: Psychic Surge|[of] p1a: Indeedee\n|turn|1\n|inactive|Battle timer is ON: inactive players will automatically lose when time's up. (requested by Gotta_ika296)\n|\n|t:|1733780699\n|move|p1a: Indeedee|Expanding Force|p2a: Alcremie\n|-crit|p2a: Alcremie\n|-damage|p2a: Alcremie|16/263\n|-damage|p1a: Indeedee|215/238|[from] item: Life Orb\n|move|p2a: Alcremie|Calm Mind|p2a: Alcremie\n|-boost|p2a: Alcremie|spa|1\n|-boost|p2a: Alcremie|spd|1\n|\n|-heal|p2a: Alcremie|32/263|[from] item: Leftovers\n|upkeep\n|turn|2\n|\n|t:|1733780716\n|move|p1a: Indeedee|Dazzling Gleam|p2a: Alcremie\n|-damage|p2a: Alcremie|0 fnt\n|faint|p2a: Alcremie\n|-damage|p1a: Indeedee|192/238|[from] item: Life Orb\n|\n|upkeep\n|\n|t:|1733780736\n|switch|p2a: Raichu|Raichu-Alola, L87, F|246/246\n|turn|3\n|\n|t:|1733780740\n|move|p2a: Raichu|Nasty Plot|p2a: Raichu\n|-boost|p2a: Raichu|spa|2\n|move|p1a: Indeedee|Hyper Voice|p2a: Raichu\n|-damage|p2a: Raichu|106/246\n|-damage|p1a: Indeedee|169/238|[from] item: Life Orb\n|\n|upkeep\n|turn|4\n|\n|t:|1733780748\n|move|p2a: Raichu|Thunderbolt|p1a: Indeedee\n|-damage|p1a: Indeedee|0 fnt\n|faint|p1a: Indeedee\n|-damage|p2a: Raichu|82/246|[from] item: Life Orb\n|\n|upkeep\n|\n|t:|1733780753\n|switch|p1a: Kingambit|Kingambit, L74, M|270/270\n|-activate|p1a: Kingambit|ability: Supreme Overlord\n|-start|p1a: Kingambit|fallen1|[silent]\n|turn|5\n|\n|t:|1733780765\n|move|p2a: Raichu|Nasty Plot|p2a: Raichu\n|-boost|p2a: Raichu|spa|2\n|move|p1a: Kingambit|Kowtow Cleave|p2a: Raichu\n|-supereffective|p2a: Raichu\n|-damage|p2a: Raichu|0 fnt\n|faint|p2a: Raichu\n|\n|-fieldend|move: Psychic Terrain\n|upkeep\n|\n|t:|1733780786\n|switch|p2a: Phione|Phione, L91|293/293\n|turn|6\n|\n|t:|1733780791\n|move|p2a: Phione|Take Heart|p2a: Phione\n|-boost|p2a: Phione|spa|1\n|-boost|p2a: Phione|spd|1\n|move|p1a: Kingambit|Kowtow Cleave|p2a: Phione\n|-damage|p2a: Phione|193/293\n|\n|-heal|p2a: Phione|211/293|[from] item: Leftovers\n|upkeep\n|turn|7\n|\n|t:|1733780800\n|move|p2a: Phione|Scald|p1a: Kingambit\n|-damage|p1a: Kingambit|111/270\n|move|p1a: Kingambit|Swords Dance|p1a: Kingambit\n|-boost|p1a: Kingambit|atk|2\n|\n|-heal|p2a: Phione|229/293|[from] item: Leftovers\n|-heal|p1a: Kingambit|127/270|[from] item: Leftovers\n|upkeep\n|turn|8\n|\n|t:|1733780810\n|move|p1a: Kingambit|Sucker Punch|p2a: Phione\n|-damage|p2a: Phione|67/293\n|move|p2a: Phione|Scald|p1a: Kingambit\n|-damage|p1a: Kingambit|0 fnt\n|faint|p1a: Kingambit\n|-end|p1a: Kingambit|fallen1|[silent]\n|\n|-heal|p2a: Phione|85/293|[from] item: Leftovers\n|upkeep\n|\n|t:|1733780817\n|switch|p1a: Palkia|Palkia-Origin, L72|249/249\n|-ability|p1a: Palkia|Pressure\n|turn|9\n|\n|t:|1733780823\n|move|p1a: Palkia|Spacial Rend|p2a: Phione\n|-damage|p2a: Phione|1/293\n|move|p2a: Phione|Rest|p2a: Phione\n|-status|p2a: Phione|slp|[from] move: Rest\n|-heal|p2a: Phione|293/293 slp|[silent]\n|\n|upkeep\n|turn|10\n|\n|t:|1733780831\n|switch|p1a: Squawkabilly|Squawkabilly-White, L89, M|291/291\n|cant|p2a: Phione|slp\n|\n|upkeep\n|turn|11\n|\n|t:|1733780837\n|move|p1a: Squawkabilly|Brave Bird|p2a: Phione\n|-damage|p2a: Phione|0 fnt\n|faint|p2a: Phione\n|-damage|p1a: Squawkabilly|194/291|[from] Recoil\n|\n|upkeep\n|\n|t:|1733780850\n|switch|p2a: Giratina|Giratina-Origin, L72|335/335\n|turn|12\n|\n|t:|1733780856\n|move|p1a: Squawkabilly|Brave Bird|p2a: Giratina|[miss]\n|-miss|p1a: Squawkabilly|p2a: Giratina\n|move|p2a: Giratina|Draco Meteor|p1a: Squawkabilly|[miss]\n|-miss|p2a: Giratina|p1a: Squawkabilly\n|\n|upkeep\n|turn|13\n|\n|t:|1733780864\n|move|p1a: Squawkabilly|Brave Bird|p2a: Giratina\n|-damage|p2a: Giratina|11/335\n|-damage|p1a: Squawkabilly|87/291|[from] Recoil\n|move|p2a: Giratina|Defog|p1a: Squawkabilly\n|-unboost|p1a: Squawkabilly|evasion|1\n|\n|upkeep\n|turn|14\n|\n|t:|1733780874\n|move|p1a: Squawkabilly|Brave Bird|p2a: Giratina\n|-damage|p2a: Giratina|0 fnt\n|faint|p2a: Giratina\n|-damage|p1a: Squawkabilly|83/291|[from] Recoil\n|\n|upkeep\n|\n|t:|1733780884\n|switch|p2a: Luvdisc|Luvdisc, F|247/247\n|turn|15\n|\n|t:|1733780888\n|move|p2a: Luvdisc|Whirlpool|p1a: Squawkabilly\n|-damage|p1a: Squawkabilly|41/291\n|-activate|p1a: Squawkabilly|move: Whirlpool|[of] p2a: Luvdisc\n|move|p1a: Squawkabilly|Brave Bird|p2a: Luvdisc\n|-crit|p2a: Luvdisc\n|-damage|p2a: Luvdisc|0 fnt\n|faint|p2a: Luvdisc\n|-damage|p1a: Squawkabilly|0 fnt|[from] Recoil\n|faint|p1a: Squawkabilly\n|\n|upkeep\n|-message|outforblud forfeited.\n|\n|win|Gotta_ika296\n|raw|Gotta_ika296's rating: 1384 &rarr; <strong>1404</strong><br />(+20 for winning)\n|raw|outforblud's rating: 1377 &rarr; <strong>1357</strong><br />(-20 for losing)\n|l|\u2606outforblud\n|player|p2|\n", "inputlog": ">version bfd83cad13791eb5a5a409923076391caf6fb4d4\n>start {\"formatid\":\"gen9randombattle\",\"seed\":[59743,62904,27702,16546],\"rated\":\"Rated battle\"}\n>player p1 {\"name\":\"Gotta_ika296\",\"avatar\":\"bede-masters\",\"rating\":1384,\"seed\":[22302,36899,22823,32123]}\n>player p2 {\"name\":\"outforblud\",\"avatar\":\"bellelba\",\"rating\":1377,\"seed\":[10135,56570,51627,40049]}\n>p1 move expandingforce\n>p2 move calmmind\n>p1 move dazzlinggleam\n>p2 move recover\n>p2 switch 2\n>p1 move hypervoice\n>p2 move nastyplot\n>p1 move expandingforce\n>p2 move thunderbolt\n>p1 switch 2\n>p1 move kowtowcleave\n>p2 move nastyplot\n>p2 switch 3\n>p1 move kowtowcleave\n>p2 move takeheart\n>p1 move swordsdance\n>p2 move scald\n>p1 move suckerpunch\n>p2 move scald\n>p1 switch 6\n>p1 move spacialrend\n>p2 move rest\n>p1 switch 5\n>p2 move takeheart\n>p1 move bravebird\n>p2 move sleeptalk\n>p2 switch 6\n>p1 move bravebird\n>p2 move dracometeor\n>p1 move bravebird\n>p2 move defog\n>p1 move bravebird\n>p2 move dracometeor\n>p2 switch 5\n>p1 move bravebird\n>p2 move whirlpool\n>forcelose p2", "uploadtime": 1733780897, "views": 11, "formatid": "gen9randombattle", "rating": 1357, "private": 0, "password": null}