{"id": "gen9randombattle-2260735406", "format": "[Gen 9] Random Battle", "players": ["89h589hg0h89", "AminitraboTTT"], "log": "|j|\u260689h589hg0h89\n|j|\u2606AminitraboTTT\n|t:|1733884683\n|gametype|singles\n|player|p1|89h589hg0h89|169|\n|player|p2|AminitraboTTT|supernerd|\n|teamsize|p1|6\n|teamsize|p2|6\n|gen|9\n|tier|[Gen 9] Random Battle\n|rule|Species Clause: Limit one of each Pok\u00e9mon\n|rule|HP Percentage Mod: HP is shown in percentages\n|rule|Sleep Clause Mod: Limit one foe put to sleep\n|rule|Illusion Level Mod: Illusion disguises the Pok\u00e9mon's true level\n|\n|t:|1733884683\n|start\n|switch|p1a: Garganacl|Garganacl, L80, M|291/291\n|switch|p2a: Stonjourner|Stonjourner, L91, M|330/330\n|turn|1\n|c|\u2606AminitraboTTT|Hola, soy AminitraboTTT, el bot de la sala Espa\u00f1ol. gl hf\n|inactive|Battle timer is ON: inactive players will automatically lose when time's up. (requested by AminitraboTTT)\n|\n|t:|1733884695\n|switch|p1a: Ninetales|Ninetales-Alola, L78, M|242/242\n|-weather|Snow|[from] ability: Snow Warning|[of] p1a: Ninetales\n|-terastallize|p2a: Stonjourner|Ground\n|move|p2a: Stonjourner|Earthquake|p1a: Ninetales\n|-damage|p1a: Ninetales|90/242\n|-damage|p2a: Stonjourner|297/330|[from] item: Life Orb\n|\n|-weather|Snow|[upkeep]\n|upkeep\n|turn|2\n|\n|t:|1733884697\n|move|p1a: Ninetales|Blizzard|p2a: Stonjourner\n|-supereffective|p2a: Stonjourner\n|-damage|p2a: Stonjourner|0 fnt\n|faint|p2a: Stonjourner\n|\n|-weather|Snow|[upkeep]\n|upkeep\n|\n|t:|1733884697\n|switch|p2a: Luvdisc|Luvdisc, M|247/247\n|turn|3\n|\n|t:|1733884698\n|move|p2a: Luvdisc|Substitute|p2a: Luvdisc\n|-start|p2a: Luvdisc|Substitute\n|-damage|p2a: Luvdisc|186/247\n|move|p1a: Ninetales|Aurora Veil|p1a: Ninetales\n|-sidestart|p1: 89h589hg0h89|move: Aurora Veil\n|\n|-weather|Snow|[upkeep]\n|upkeep\n|turn|4\n|\n|t:|1733884700\n|move|p2a: Luvdisc|Surf|p1a: Ninetales\n|-damage|p1a: Ninetales|56/242\n|move|p1a: Ninetales|Freeze-Dry|p2a: Luvdisc\n|-supereffective|p2a: Luvdisc\n|-end|p2a: Luvdisc|Substitute\n|\n|-weather|Snow|[upkeep]\n|upkeep\n|turn|5\n|\n|t:|1733884700\n|move|p2a: Luvdisc|Surf|p1a: Ninetales\n|-damage|p1a: Ninetales|21/242\n|move|p1a: Ninetales|Freeze-Dry|p2a: Luvdisc\n|-supereffective|p2a: Luvdisc\n|-damage|p2a: Luvdisc|76/247\n|\n|-weather|none\n|upkeep\n|turn|6\n|\n|t:|1733884701\n|move|p2a: Luvdisc|Surf|p1a: Ninetales\n|-damage|p1a: Ninetales|0 fnt\n|faint|p1a: Ninetales\n|\n|upkeep\n|\n|t:|1733884705\n|switch|p1a: Palafin|Palafin, L77, M|281/281\n|turn|7\n|\n|t:|1733884707\n|switch|p2a: Zekrom|Zekrom, L71|259/259\n|-ability|p2a: Zekrom|Teravolt\n|detailschange|p1a: Palafin|Palafin-Hero, L77, M\n|switch|p1a: Miraidon|Miraidon, L65|238/238\n|-fieldstart|move: Electric Terrain|[from] ability: Hadron Engine|[of] p1a: Miraidon\n|\n|upkeep\n|turn|8\n|\n|t:|1733884709\n|move|p1a: Miraidon|Draco Meteor|p2a: Zekrom\n|-supereffective|p2a: Zekrom\n|-damage|p2a: Zekrom|0 fnt\n|-unboost|p1a: Miraidon|spa|2\n|faint|p2a: Zekrom\n|\n|upkeep\n|\n|t:|1733884709\n|switch|p2a: Persian|Persian, L92, F|269/269\n|turn|9\n|\n|t:|1733884712\n|switch|p1a: Garganacl|Garganacl, L80, M|291/291\n|move|p2a: Persian|Double-Edge|p1a: Garganacl\n|-resisted|p1a: Garganacl\n|-damage|p1a: Garganacl|256/291\n|-damage|p2a: Persian|257/269|[from] Recoil\n|\n|-heal|p1a: Garganacl|274/291|[from] item: Leftovers\n|upkeep\n|turn|10\n|\n|t:|1733884712\n|switch|p2a: Luvdisc|Luvdisc, M|76/247\n|move|p1a: Garganacl|Salt Cure|p2a: Luvdisc\n|-damage|p2a: Luvdisc|25/247\n|-start|p2a: Luvdisc|Salt Cure\n|\n|-heal|p1a: Garganacl|291/291|[from] item: Leftovers\n|-damage|p2a: Luvdisc|0 fnt|[from] Salt Cure\n|faint|p2a: Luvdisc\n|-sideend|p1: 89h589hg0h89|move: Aurora Veil\n|upkeep\n|\n|t:|1733884713\n|switch|p2a: Persian|Persian, L92, F|257/269\n|turn|11\n|\n|t:|1733884715\n|move|p1a: Garganacl|Protect|p1a: Garganacl\n|-singleturn|p1a: Garganacl|Protect\n|move|p2a: Persian|Double-Edge|p1a: Garganacl\n|-activate|p1a: Garganacl|move: Protect\n|\n|-fieldend|move: Electric Terrain\n|upkeep\n|turn|12\n|\n|t:|1733884716\n|move|p2a: Persian|Double-Edge|p1a: Garganacl\n|-resisted|p1a: Garganacl\n|-damage|p1a: Garganacl|225/291\n|-damage|p2a: Persian|235/269|[from] Recoil\n|move|p1a: Garganacl|Salt Cure|p2a: Persian\n|-damage|p2a: Persian|186/269\n|-start|p2a: Persian|Salt Cure\n|\n|-heal|p1a: Garganacl|243/291|[from] item: Leftovers\n|-damage|p2a: Persian|153/269|[from] Salt Cure\n|upkeep\n|turn|13\n|\n|t:|1733884719\n|move|p2a: Persian|Double-Edge|p1a: Garganacl\n|-resisted|p1a: Garganacl\n|-damage|p1a: Garganacl|180/291\n|-damage|p2a: Persian|132/269|[from] Recoil\n|move|p1a: Garganacl|Recover|p1a: Garganacl\n|-heal|p1a: Garganacl|291/291\n|\n|-damage|p2a: Persian|99/269|[from] Salt Cure\n|upkeep\n|turn|14\n|\n|t:|1733884720\n|move|p1a: Garganacl|Protect|p1a: Garganacl\n|-singleturn|p1a: Garganacl|Protect\n|move|p2a: Persian|Double-Edge|p1a: Garganacl\n|-activate|p1a: Garganacl|move: Protect\n|\n|-damage|p2a: Persian|66/269|[from] Salt Cure\n|upkeep\n|turn|15\n|\n|t:|1733884722\n|move|p2a: Persian|Double-Edge|p1a: Garganacl\n|-resisted|p1a: Garganacl\n|-damage|p1a: Garganacl|228/291\n|-damage|p2a: Persian|45/269|[from] Recoil\n|move|p1a: Garganacl|Recover|p1a: Garganacl\n|-heal|p1a: Garganacl|291/291\n|\n|-damage|p2a: Persian|12/269|[from] Salt Cure\n|upkeep\n|turn|16\n|\n|t:|1733884723\n|move|p1a: Garganacl|Protect|p1a: Garganacl\n|-singleturn|p1a: Garganacl|Protect\n|move|p2a: Persian|Double-Edge|p1a: Garganacl\n|-activate|p1a: Garganacl|move: Protect\n|\n|-damage|p2a: Persian|0 fnt|[from] Salt Cure\n|faint|p2a: Persian\n|upkeep\n|\n|t:|1733884723\n|switch|p2a: Indeedee|Indeedee-F, L90, F|272/272\n|-fieldstart|move: Psychic Terrain|[from] ability: Psychic Surge|[of] p2a: Indeedee\n|turn|17\n|\n|t:|1733884728\n|move|p2a: Indeedee|Psychic|p1a: Garganacl\n|-damage|p1a: Garganacl|153/291\n|move|p1a: Garganacl|Salt Cure|p2a: Indeedee\n|-damage|p2a: Indeedee|220/272\n|-start|p2a: Indeedee|Salt Cure\n|\n|-heal|p1a: Garganacl|171/291|[from] item: Leftovers\n|-damage|p2a: Indeedee|186/272|[from] Salt Cure\n|upkeep\n|turn|18\n|\n|t:|1733884730\n|move|p1a: Garganacl|Protect|p1a: Garganacl\n|-singleturn|p1a: Garganacl|Protect\n|move|p2a: Indeedee|Psychic|p1a: Garganacl\n|-activate|p1a: Garganacl|move: Protect\n|\n|-heal|p1a: Garganacl|189/291|[from] item: Leftovers\n|-damage|p2a: Indeedee|152/272|[from] Salt Cure\n|upkeep\n|turn|19\n|\n|t:|1733884733\n|move|p2a: Indeedee|Psychic|p1a: Garganacl\n|-crit|p1a: Garganacl\n|-damage|p1a: Garganacl|0 fnt\n|faint|p1a: Garganacl\n|\n|-damage|p2a: Indeedee|118/272|[from] Salt Cure\n|upkeep\n|\n|t:|1733884735\n|switch|p1a: Clefable|Clefable, L83, F|293/293\n|turn|20\n|\n|t:|1733884736\n|move|p2a: Indeedee|Psychic|p1a: Clefable\n|-damage|p1a: Clefable|152/293\n|move|p1a: Clefable|Moonblast|p2a: Indeedee\n|-damage|p2a: Indeedee|15/272\n|-unboost|p2a: Indeedee|spa|1\n|\n|-damage|p2a: Indeedee|0 fnt|[from] Salt Cure\n|faint|p2a: Indeedee\n|upkeep\n|\n|t:|1733884736\n|switch|p2a: Cryogonal|Cryogonal, L89|287/287\n|turn|21\n|\n|t:|1733884740\n|-terastallize|p1a: Clefable|Fire\n|move|p2a: Cryogonal|Freeze-Dry|p1a: Clefable\n|-resisted|p1a: Clefable\n|-damage|p1a: Clefable|114/293\n|move|p1a: Clefable|Moonlight|p1a: Clefable\n|-heal|p1a: Clefable|260/293\n|\n|-fieldend|move: Psychic Terrain\n|upkeep\n|turn|22\n|\n|t:|1733884742\n|move|p2a: Cryogonal|Freeze-Dry|p1a: Clefable\n|-resisted|p1a: Clefable\n|-damage|p1a: Clefable|216/293\n|move|p1a: Clefable|Fire Blast|p2a: Cryogonal\n|-supereffective|p2a: Cryogonal\n|-damage|p2a: Cryogonal|76/287\n|-status|p2a: Cryogonal|brn\n|\n|-damage|p2a: Cryogonal|59/287 brn|[from] brn\n|upkeep\n|turn|23\n|\n|t:|1733884744\n|move|p2a: Cryogonal|Recover|p2a: Cryogonal\n|-heal|p2a: Cryogonal|203/287 brn\n|move|p1a: Clefable|Calm Mind|p1a: Clefable\n|-boost|p1a: Clefable|spa|1\n|-boost|p1a: Clefable|spd|1\n|\n|-damage|p2a: Cryogonal|186/287 brn|[from] brn\n|upkeep\n|turn|24\n|\n|t:|1733884745\n|move|p2a: Cryogonal|Recover|p2a: Cryogonal\n|-heal|p2a: Cryogonal|287/287 brn\n|move|p1a: Clefable|Fire Blast|p2a: Cryogonal\n|-supereffective|p2a: Cryogonal\n|-damage|p2a: Cryogonal|14/287 brn\n|\n|-damage|p2a: Cryogonal|0 fnt|[from] brn\n|faint|p2a: Cryogonal\n|\n|win|89h589hg0h89\n|upkeep\n|c|\u2606AminitraboTTT|gg\n|l|\u2606AminitraboTTT\n|player|p2|\n|c|\u260689h589hg0h89|/log 89h589hg0h89 made this room public.\n", "inputlog": ">version bfd83cad13791eb5a5a409923076391caf6fb4d4\n>start {\"formatid\":\"gen9randombattle\",\"seed\":[6179,13161,63394,54291]}\n>player p1 {\"name\":\"89h589hg0h89\",\"avatar\":\"169\",\"rating\":0,\"seed\":[5475,30917,25920,9649]}\n>player p2 {\"name\":\"AminitraboTTT\",\"avatar\":\"supernerd\",\"rating\":0,\"seed\":[57349,41785,14408,61863]}\n>chat \u2606AminitraboTTT|Hola, soy AminitraboTTT, el bot de la sala Espa\u00f1ol. gl hf\n>p1 switch 2\n>p2 move earthquake terastallize\n>p1 move blizzard\n>p2 move stoneedge\n>p2 switch 3\n>p1 move auroraveil\n>p2 move substitute\n>p1 move freezedry\n>p2 move surf\n>p1 move freezedry\n>p2 move surf\n>p1 move freezedry\n>p2 move surf\n>p1 switch 5\n>p1 switch 4\n>p2 switch 2\n>p1 move dracometeor\n>p2 move outrage\n>p2 switch 6\n>p1 switch 2\n>p2 move doubleedge\n>p1 move saltcure\n>p2 switch 2\n>p2 switch 2\n>p1 move protect\n>p2 move doubleedge\n>p1 move saltcure\n>p2 move doubleedge\n>p1 move recover\n>p2 move doubleedge\n>p1 move protect\n>p2 move doubleedge\n>p1 move recover\n>p2 move doubleedge\n>p1 move protect\n>p2 move doubleedge\n>p2 switch 4\n>p1 move saltcure\n>p2 move psychic\n>p1 move protect\n>p2 move psychic\n>p1 move recover\n>p2 move psychic\n>p1 switch 3\n>p1 move moonblast\n>p2 move psychic\n>p2 switch 5\n>p1 move moonlight terastallize\n>p2 move freezedry\n>p1 move fireblast\n>p2 move freezedry\n>p1 move calmmind\n>p2 move recover\n>p1 move fireblast\n>p2 move recover", "uploadtime": 1733884749, "views": 5, "formatid": "gen9randombattle", "rating": null, "private": 0, "password": null}