{"id": "gen9randombattle-2171648715", "format": "[Gen 9] Random Battle", "players": ["Qiuescent", "Aunche"], "log": "|j|\u203dQiuescent\n|j|\u203dAunche\n|t:|1722554488\n|gametype|singles\n|player|p1|Qiuescent|101|2294\n|player|p2|Aunche|266|2234\n|teamsize|p1|6\n|teamsize|p2|6\n|gen|9\n|tier|[Gen 9] Random Battle\n|rated|\n|rule|Species Clause: Limit one of each Pok\u00e9mon\n|rule|HP Percentage Mod: HP is shown in percentages\n|rule|Sleep Clause Mod: Limit one foe put to sleep\n|rule|Illusion Level Mod: Illusion disguises the Pok\u00e9mon's true level\n|\n|t:|1722554488\n|start\n|switch|p1a: Klawf|Klawf, L90, M|272/272\n|switch|p2a: Coalossal|Coalossal, L89, M|341/341\n|turn|1\n|\n|t:|1722554502\n|switch|p2a: Vigoroth|Vigoroth, L85, F|275/275\n|move|p1a: Klawf|High Horsepower|p2a: Vigoroth\n|-damage|p2a: Vigoroth|218/275\n|\n|upkeep\n|turn|2\n|\n|t:|1722554529\n|move|p2a: Vigoroth|Bulk Up|p2a: Vigoroth\n|-boost|p2a: Vigoroth|atk|1\n|-boost|p2a: Vigoroth|def|1\n|move|p1a: Klawf|Swords Dance|p1a: Klawf\n|-boost|p1a: Klawf|atk|2\n|\n|upkeep\n|turn|3\n|inactive|Battle timer is ON: inactive players will automatically lose when time's up. (requested by Qiuescent)\n|\n|t:|1722554534\n|move|p2a: Vigoroth|Bulk Up|p2a: Vigoroth\n|-boost|p2a: Vigoroth|atk|1\n|-boost|p2a: Vigoroth|def|1\n|move|p1a: Klawf|Stone Edge|p2a: Vigoroth|[miss]\n|-miss|p1a: Klawf|p2a: Vigoroth\n|\n|upkeep\n|turn|4\n|\n|t:|1722554539\n|move|p2a: Vigoroth|Bulk Up|p2a: Vigoroth\n|-boost|p2a: Vigoroth|atk|1\n|-boost|p2a: Vigoroth|def|1\n|move|p1a: Klawf|Stone Edge|p2a: Vigoroth\n|-damage|p2a: Vigoroth|149/275\n|\n|upkeep\n|turn|5\n|\n|t:|1722554543\n|move|p2a: Vigoroth|Slack Off|p2a: Vigoroth\n|-heal|p2a: Vigoroth|275/275\n|move|p1a: Klawf|Swords Dance|p1a: Klawf\n|-boost|p1a: Klawf|atk|2\n|\n|upkeep\n|turn|6\n|\n|t:|1722554547\n|move|p2a: Vigoroth|Bulk Up|p2a: Vigoroth\n|-boost|p2a: Vigoroth|atk|1\n|-boost|p2a: Vigoroth|def|1\n|move|p1a: Klawf|Stone Edge|p2a: Vigoroth\n|-damage|p2a: Vigoroth|187/275\n|\n|upkeep\n|turn|7\n|inactive|Aunche has 120 seconds left.\n|\n|t:|1722554578\n|move|p2a: Vigoroth|Earthquake|p1a: Klawf\n|-supereffective|p1a: Klawf\n|-damage|p1a: Klawf|0 fnt\n|faint|p1a: Klawf\n|\n|upkeep\n|\n|t:|1722554582\n|switch|p1a: Iron Jugulis|Iron Jugulis, L78|275/275\n|turn|8\n|\n|t:|1722554590\n|move|p1a: Iron Jugulis|Dark Pulse|p2a: Vigoroth\n|-damage|p2a: Vigoroth|58/275\n|move|p2a: Vigoroth|Body Slam|p1a: Iron Jugulis\n|-damage|p1a: Iron Jugulis|26/275\n|\n|upkeep\n|turn|9\n|\n|t:|1722554594\n|move|p1a: Iron Jugulis|Dark Pulse|p2a: Vigoroth\n|-damage|p2a: Vigoroth|0 fnt\n|faint|p2a: Vigoroth\n|\n|upkeep\n|\n|t:|1722554601\n|switch|p2a: Okidogi|Okidogi, L77, M|262/262\n|turn|10\n|\n|t:|1722554609\n|-end|p1a: Iron Jugulis|Quark Drive|[silent]\n|switch|p1a: Gallade|Gallade, L81, M|243/243\n|move|p2a: Okidogi|Bulk Up|p2a: Okidogi\n|-boost|p2a: Okidogi|atk|1\n|-boost|p2a: Okidogi|def|1\n|\n|upkeep\n|turn|11\n|\n|t:|1722554619\n|switch|p2a: Coalossal|Coalossal, L89, M|341/341\n|move|p1a: Gallade|Psycho Cut|p2a: Coalossal\n|-damage|p2a: Coalossal|211/341\n|-damage|p1a: Gallade|219/243|[from] item: Life Orb\n|\n|upkeep\n|turn|12\n|\n|t:|1722554626\n|move|p1a: Gallade|Sacred Sword|p2a: Coalossal\n|-supereffective|p2a: Coalossal\n|-damage|p2a: Coalossal|0 fnt\n|faint|p2a: Coalossal\n|-damage|p1a: Gallade|195/243|[from] item: Life Orb\n|\n|upkeep\n|\n|t:|1722554631\n|switch|p2a: Zebstrika|Zebstrika, L87, M|272/272\n|turn|13\n|\n|t:|1722554634\n|switch|p1a: Houndstone|Houndstone, L86, F|264/264\n|move|p2a: Zebstrika|Supercell Slam|p1a: Houndstone\n|-damage|p1a: Houndstone|202/264\n|-damage|p2a: Zebstrika|245/272|[from] item: Life Orb\n|\n|-heal|p1a: Houndstone|218/264|[from] item: Leftovers\n|upkeep\n|turn|14\n|\n|t:|1722554638\n|move|p2a: Zebstrika|Volt Switch|p1a: Houndstone\n|-damage|p1a: Houndstone|131/264\n|-damage|p2a: Zebstrika|218/272|[from] item: Life Orb\n|\n|t:|1722554641\n|switch|p2a: Vespiquen|Vespiquen, L98, F|296/296|[from] Volt Switch\n|-ability|p2a: Vespiquen|Pressure\n|move|p1a: Houndstone|Poltergeist|p2a: Vespiquen\n|-activate|p2a: Vespiquen|move: Poltergeist|Heavy-Duty Boots\n|-damage|p2a: Vespiquen|202/296\n|\n|-heal|p1a: Houndstone|147/264|[from] item: Leftovers\n|upkeep\n|turn|15\n|\n|t:|1722554645\n|switch|p1a: Basculin|Basculin-Blue-Striped, L86, F|261/261\n|move|p2a: Vespiquen|Hurricane|p1a: Basculin\n|-damage|p1a: Basculin|87/261\n|\n|upkeep\n|turn|16\n|\n|t:|1722554650\n|move|p1a: Basculin|Wave Crash|p2a: Vespiquen\n|-damage|p2a: Vespiquen|2/296\n|-damage|p1a: Basculin|21/261|[from] Recoil\n|move|p2a: Vespiquen|U-turn|p1a: Basculin\n|-damage|p1a: Basculin|0 fnt\n|faint|p1a: Basculin\n|\n|t:|1722554655\n|switch|p2a: Zebstrika|Zebstrika, L87, M|218/272|[from] U-turn\n|\n|upkeep\n|\n|t:|1722554663\n|switch|p1a: Wigglytuff|Wigglytuff, L96, F|424/424\n|turn|17\n|\n|t:|1722554667\n|move|p2a: Zebstrika|Volt Switch|p1a: Wigglytuff\n|-damage|p1a: Wigglytuff|315/424\n|-damage|p2a: Zebstrika|191/272|[from] item: Life Orb\n|\n|t:|1722554669\n|switch|p2a: Vespiquen|Vespiquen, L98, F|2/296|[from] Volt Switch\n|-ability|p2a: Vespiquen|Pressure\n|move|p1a: Wigglytuff|Dazzling Gleam|p2a: Vespiquen\n|-damage|p2a: Vespiquen|0 fnt\n|faint|p2a: Vespiquen\n|\n|-heal|p1a: Wigglytuff|341/424|[from] item: Leftovers\n|upkeep\n|\n|t:|1722554671\n|switch|p2a: Okidogi|Okidogi, L77, M|262/262\n|turn|18\n|\n|t:|1722554686\n|switch|p1a: Iron Jugulis|Iron Jugulis, L78|26/275\n|move|p2a: Okidogi|Gunk Shot|p1a: Iron Jugulis\n|-damage|p1a: Iron Jugulis|0 fnt\n|faint|p1a: Iron Jugulis\n|-end|p1a: Iron Jugulis|Quark Drive|[silent]\n|\n|upkeep\n|\n|t:|1722554687\n|switch|p1a: Gallade|Gallade, L81, M|195/243\n|turn|19\n|\n|t:|1722554711\n|switch|p2a: Zebstrika|Zebstrika, L87, M|191/272\n|move|p1a: Gallade|Psycho Cut|p2a: Zebstrika\n|-damage|p2a: Zebstrika|0 fnt\n|faint|p2a: Zebstrika\n|-damage|p1a: Gallade|171/243|[from] item: Life Orb\n|\n|upkeep\n|\n|t:|1722554713\n|switch|p2a: Necrozma|Necrozma-Dawn-Wings, L76|272/272\n|turn|20\n|\n|t:|1722554728\n|switch|p1a: Houndstone|Houndstone, L86, F|147/264\n|-terastallize|p2a: Necrozma|Fighting\n|move|p2a: Necrozma|Dragon Dance|p2a: Necrozma\n|-boost|p2a: Necrozma|atk|1\n|-boost|p2a: Necrozma|spe|1\n|\n|-heal|p1a: Houndstone|163/264|[from] item: Leftovers\n|upkeep\n|turn|21\n|\n|t:|1722554734\n|move|p2a: Necrozma|Moongeist Beam|p1a: Houndstone\n|-supereffective|p1a: Houndstone\n|-damage|p1a: Houndstone|0 fnt\n|faint|p1a: Houndstone\n|-damage|p2a: Necrozma|245/272|[from] item: Life Orb\n|\n|upkeep\n|\n|t:|1722554737\n|switch|p1a: Wigglytuff|Wigglytuff, L96, F|341/424\n|turn|22\n|\n|t:|1722554741\n|move|p2a: Necrozma|Photon Geyser|p1a: Wigglytuff\n|-damage|p1a: Wigglytuff|86/424\n|-damage|p2a: Necrozma|218/272|[from] item: Life Orb\n|move|p1a: Wigglytuff|Dazzling Gleam|p2a: Necrozma\n|-supereffective|p2a: Necrozma\n|-damage|p2a: Necrozma|88/272\n|\n|-heal|p1a: Wigglytuff|112/424|[from] item: Leftovers\n|upkeep\n|turn|23\n|\n|t:|1722554748\n|move|p2a: Necrozma|Photon Geyser|p1a: Wigglytuff\n|-damage|p1a: Wigglytuff|0 fnt\n|faint|p1a: Wigglytuff\n|-damage|p2a: Necrozma|61/272|[from] item: Life Orb\n|\n|upkeep\n|\n|t:|1722554750\n|switch|p1a: Gallade|Gallade, L81, M|171/243\n|turn|24\n|\n|t:|1722554753\n|-terastallize|p1a: Gallade|Dark\n|move|p2a: Necrozma|Photon Geyser|p1a: Gallade\n|-immune|p1a: Gallade\n|move|p1a: Gallade|Psycho Cut|p2a: Necrozma\n|-supereffective|p2a: Necrozma\n|-damage|p2a: Necrozma|0 fnt\n|faint|p2a: Necrozma\n|-damage|p1a: Gallade|147/243|[from] item: Life Orb\n|\n|upkeep\n|\n|t:|1722554755\n|switch|p2a: Okidogi|Okidogi, L77, M|262/262\n|turn|25\n|\n|t:|1722554758\n|move|p1a: Gallade|Psycho Cut|p2a: Okidogi\n|-supereffective|p2a: Okidogi\n|-damage|p2a: Okidogi|0 fnt\n|faint|p2a: Okidogi\n|-damage|p1a: Gallade|123/243|[from] item: Life Orb\n|\n|win|Qiuescent\n|raw|Qiuescent's rating: 2294 &rarr; <strong>2311</strong><br />(+17 for winning)\n|raw|Aunche's rating: 2234 &rarr; <strong>2217</strong><br />(-17 for losing)\n", "inputlog": ">version e66e1d7af7b5f5c550f216cd34fa31304608199c\n>start {\"formatid\":\"gen9randombattle\",\"seed\":[54217,3628,34481,56842],\"rated\":\"Rated battle\"}\n>player p1 {\"name\":\"Qiuescent\",\"avatar\":\"101\",\"rating\":2294,\"seed\":[26866,52494,8709,26747]}\n>player p2 {\"name\":\"Aunche\",\"avatar\":\"266\",\"rating\":2234,\"seed\":[16175,63109,52580,58829]}\n>p1 move highhorsepower\n>p2 switch 3\n>p1 move swordsdance\n>p2 move bulkup\n>p1 move stoneedge\n>p2 move bulkup\n>p1 move stoneedge\n>p2 move bulkup\n>p1 move swordsdance\n>p2 move slackoff\n>p1 move stoneedge\n>p2 move bulkup\n>p1 move stoneedge\n>p2 move earthquake\n>p1 switch 6\n>p1 move darkpulse\n>p2 move bodyslam\n>p1 move darkpulse\n>p2 move bodyslam\n>p2 switch 2\n>p1 switch 4\n>p2 move bulkup\n>p1 move psychocut\n>p2 switch 3\n>p1 move sacredsword\n>p2 move overheat\n>p2 switch 4\n>p1 switch 3\n>p2 move supercellslam\n>p1 move poltergeist\n>p2 move voltswitch\n>p2 switch 5\n>p1 switch 5\n>p2 move hurricane\n>p1 move wavecrash\n>p2 move uturn\n>p2 switch 5\n>p1 switch 2\n>p1 move dazzlinggleam\n>p2 move voltswitch\n>p2 switch 5\n>p2 switch 3\n>p1 switch 4\n>p2 move gunkshot\n>p1 switch 3\n>p1 move psychocut\n>p2 switch 5\n>p2 switch 6\n>p1 switch 5\n>p2 move dragondance terastallize\n>p1 move poltergeist\n>p2 move moongeistbeam\n>p1 switch 4\n>p1 move dazzlinggleam\n>p2 move photongeyser\n>p1 move dazzlinggleam\n>p2 move photongeyser\n>p1 switch 5\n>p1 move psychocut terastallize\n>p2 move photongeyser\n>p2 switch 5\n>p1 move psychocut\n>p2 move drainpunch", "uploadtime": 1722554764, "views": 134, "formatid": "gen9randombattle", "rating": 2217, "private": 0, "password": null}