{"id": "gen9randombattle-2106477194", "format": "[Gen 9] Random Battle", "players": ["youmupoke", "smokyaim"], "log": "|uhtml|medal-msg|<div class=\"broadcast-blue\">Curious what those medals under the avatar are? PS now has Ladder Seasons! For more information, check out the <a href=\"https://www.smogon.com/forums/threads/3740067/\">thread on Smogon.</a></div>\n|badge|p2|bronze|gen9randombattle|100-1\n|uhtml|medal-msg|<div class=\"broadcast-blue\">Curious what those medals under the avatar are? PS now has Ladder Seasons! For more information, check out the <a href=\"https://www.smogon.com/forums/threads/3740067/\">thread on Smogon.</a></div>\n|j|\u2606youmupoke\n|j|\u203dsmokyaim\n|t:|1713468558\n|gametype|singles\n|player|p1|youmupoke|kieran-champion|2278\n|player|p2|smokyaim|101|2382\n|teamsize|p1|6\n|teamsize|p2|6\n|gen|9\n|tier|[Gen 9] Random Battle\n|rated|\n|rule|Species Clause: Limit one of each Pok\u00e9mon\n|rule|HP Percentage Mod: HP is shown in percentages\n|rule|Sleep Clause Mod: Limit one foe put to sleep\n|rule|Illusion Level Mod: Illusion disguises the Pok\u00e9mon's true level\n|\n|t:|1713468558\n|start\n|switch|p1a: Great Tusk|Great Tusk, L77|304/304\n|switch|p2a: Staraptor|Staraptor, L79, F|263/263\n|turn|1\n|\n|t:|1713468607\n|-end|p1a: Great Tusk|Protosynthesis|[silent]\n|switch|p1a: Magcargo|Magcargo, L94, F|265/265\n|move|p2a: Staraptor|Brave Bird|p1a: Magcargo\n|-resisted|p1a: Magcargo\n|-damage|p1a: Magcargo|183/265\n|-damage|p2a: Staraptor|236/263|[from] Recoil\n|\n|upkeep\n|turn|2\n|\n|t:|1713468670\n|switch|p2a: Grumpig|Grumpig, L92, M|297/297\n|move|p1a: Magcargo|Stealth Rock|p2a: Grumpig\n|-sidestart|p2: smokyaim|move: Stealth Rock\n|\n|upkeep\n|turn|3\n|\n|t:|1713468685\n|switch|p1a: Perrserker|Perrserker, L89, F|269/269\n|move|p2a: Grumpig|Nasty Plot|p2a: Grumpig\n|-boost|p2a: Grumpig|spa|2\n|\n|upkeep\n|turn|4\n|\n|t:|1713468692\n|move|p2a: Grumpig|Earth Power|p1a: Perrserker\n|-supereffective|p1a: Perrserker\n|-damage|p1a: Perrserker|0 fnt\n|faint|p1a: Perrserker\n|\n|upkeep\n|\n|t:|1713468700\n|switch|p1a: Sawsbuck|Sawsbuck-Autumn, L88, F|284/284\n|turn|5\n|\n|t:|1713468711\n|move|p1a: Sawsbuck|Headbutt|p2a: Grumpig\n|-damage|p2a: Grumpig|163/297\n|-damage|p1a: Sawsbuck|256/284|[from] item: Life Orb\n|cant|p2a: Grumpig|flinch\n|\n|-heal|p2a: Grumpig|181/297|[from] item: Leftovers\n|upkeep\n|turn|6\n|\n|t:|1713468718\n|move|p1a: Sawsbuck|Headbutt|p2a: Grumpig\n|-damage|p2a: Grumpig|45/297\n|-damage|p1a: Sawsbuck|228/284|[from] item: Life Orb\n|move|p2a: Grumpig|Psychic|p1a: Sawsbuck\n|-damage|p1a: Sawsbuck|0 fnt\n|faint|p1a: Sawsbuck\n|\n|-heal|p2a: Grumpig|63/297|[from] item: Leftovers\n|upkeep\n|\n|t:|1713468723\n|switch|p1a: Walking Wake|Walking Wake, L79|286/286\n|turn|7\n|\n|t:|1713468728\n|switch|p2a: Trevenant|Trevenant, L88, M|293/293\n|-damage|p2a: Trevenant|257/293|[from] Stealth Rock\n|move|p1a: Walking Wake|Hydro Pump|p2a: Trevenant\n|-resisted|p2a: Trevenant\n|-damage|p2a: Trevenant|170/293\n|\n|upkeep\n|turn|8\n|\n|t:|1713468741\n|-end|p1a: Walking Wake|Protosynthesis|[silent]\n|switch|p1a: Magcargo|Magcargo, L94, F|183/265\n|move|p2a: Trevenant|Toxic|p1a: Magcargo\n|-status|p1a: Magcargo|tox\n|\n|-damage|p1a: Magcargo|167/265 tox|[from] psn\n|upkeep\n|turn|9\n|\n|t:|1713468746\n|switch|p2a: Morpeko|Morpeko, L88, M|245/245\n|-damage|p2a: Morpeko|215/245|[from] Stealth Rock\n|move|p1a: Magcargo|Lava Plume|p2a: Morpeko\n|-damage|p2a: Morpeko|97/245\n|\n|-heal|p2a: Morpeko|112/245|[from] item: Leftovers\n|-damage|p1a: Magcargo|135/265 tox|[from] psn\n|-formechange|p2a: Morpeko|Morpeko-Hangry||[from] ability: Hunger Switch\n|upkeep\n|turn|10\n|\n|t:|1713468756\n|move|p2a: Morpeko|Rapid Spin|p1a: Magcargo\n|-resisted|p1a: Magcargo\n|-damage|p1a: Magcargo|121/265 tox\n|-boost|p2a: Morpeko|spe|1\n|-sideend|p2: smokyaim|Stealth Rock|[from] move: Rapid Spin|[of] p2a: Morpeko\n|move|p1a: Magcargo|Lava Plume|p2a: Morpeko\n|-damage|p2a: Morpeko|0 fnt\n|faint|p2a: Morpeko\n|\n|-damage|p1a: Magcargo|73/265 tox|[from] psn\n|upkeep\n|\n|t:|1713468765\n|switch|p2a: Grumpig|Grumpig, L92, M|63/297\n|turn|11\n|\n|t:|1713468774\n|switch|p1a: Walking Wake|Walking Wake, L79|286/286\n|move|p2a: Grumpig|Psychic|p1a: Walking Wake\n|-damage|p1a: Walking Wake|177/286\n|\n|-heal|p2a: Grumpig|81/297|[from] item: Leftovers\n|upkeep\n|turn|12\n|\n|t:|1713468783\n|switch|p2a: Trevenant|Trevenant, L88, M|170/293\n|move|p1a: Walking Wake|Draco Meteor|p2a: Trevenant\n|-damage|p2a: Trevenant|0 fnt\n|-unboost|p1a: Walking Wake|spa|2\n|faint|p2a: Trevenant\n|\n|upkeep\n|\n|t:|1713468793\n|switch|p2a: Pawmot|Pawmot, L80, M|243/243\n|turn|13\n|\n|t:|1713468796\n|move|p1a: Walking Wake|Draco Meteor|p2a: Pawmot\n|-damage|p2a: Pawmot|87/243\n|-unboost|p1a: Walking Wake|spa|2\n|move|p2a: Pawmot|Revival Blessing|p2a: Pawmot\n|-enditem|p2a: Pawmot|Leppa Berry|[eat]\n|-activate|p2a: Pawmot|item: Leppa Berry|Revival Blessing|[consumed]\n|\n|t:|1713468804\n|-heal|p2: Trevenant|146/293|[from] move: Revival Blessing\n|\n|upkeep\n|turn|14\n|\n|t:|1713468812\n|move|p1a: Walking Wake|Draco Meteor|p2a: Pawmot\n|-damage|p2a: Pawmot|0 fnt\n|-unboost|p1a: Walking Wake|spa|2\n|faint|p2a: Pawmot\n|\n|upkeep\n|\n|t:|1713468816\n|switch|p2a: Trevenant|Trevenant, L88, M|146/293\n|-enditem|p2a: Trevenant|Sitrus Berry|[eat]\n|-heal|p2a: Trevenant|219/293|[from] item: Sitrus Berry\n|turn|15\n|\n|t:|1713468822\n|-end|p1a: Walking Wake|Protosynthesis|[silent]\n|switch|p1a: Magcargo|Magcargo, L94, F|73/265 tox\n|move|p2a: Trevenant|Drain Punch|p1a: Magcargo\n|-supereffective|p1a: Magcargo\n|-crit|p1a: Magcargo\n|-damage|p1a: Magcargo|0 fnt\n|-heal|p2a: Trevenant|256/293|[from] drain|[of] p1a: Magcargo\n|faint|p1a: Magcargo\n|\n|-item|p2a: Trevenant|Sitrus Berry|[from] ability: Harvest\n|upkeep\n|\n|t:|1713468826\n|switch|p1a: Zekrom|Zekrom, L71|259/259\n|-ability|p1a: Zekrom|Teravolt\n|turn|16\n|\n|t:|1713468833\n|move|p1a: Zekrom|Substitute|p1a: Zekrom\n|-start|p1a: Zekrom|Substitute\n|-damage|p1a: Zekrom|195/259\n|move|p2a: Trevenant|Poltergeist|p1a: Zekrom\n|-activate|p1a: Zekrom|move: Poltergeist|Leftovers\n|-end|p1a: Zekrom|Substitute\n|\n|-heal|p1a: Zekrom|211/259|[from] item: Leftovers\n|upkeep\n|turn|17\n|\n|t:|1713468839\n|move|p1a: Zekrom|Dragon Dance|p1a: Zekrom\n|-boost|p1a: Zekrom|atk|1\n|-boost|p1a: Zekrom|spe|1\n|move|p2a: Trevenant|Poltergeist|p1a: Zekrom\n|-activate|p1a: Zekrom|move: Poltergeist|Leftovers\n|-damage|p1a: Zekrom|70/259\n|\n|-heal|p1a: Zekrom|86/259|[from] item: Leftovers\n|upkeep\n|turn|18\n|\n|t:|1713468849\n|move|p1a: Zekrom|Outrage|p2a: Trevenant\n|-damage|p2a: Trevenant|49/293\n|-enditem|p2a: Trevenant|Sitrus Berry|[eat]\n|-heal|p2a: Trevenant|122/293|[from] item: Sitrus Berry\n|move|p2a: Trevenant|Poltergeist|p1a: Zekrom\n|-activate|p1a: Zekrom|move: Poltergeist|Leftovers\n|-damage|p1a: Zekrom|0 fnt\n|faint|p1a: Zekrom\n|\n|upkeep\n|\n|t:|1713468851\n|switch|p1a: Walking Wake|Walking Wake, L79|177/286\n|turn|19\n|\n|t:|1713468862\n|move|p2a: Trevenant|Protect|p2a: Trevenant\n|-singleturn|p2a: Trevenant|Protect\n|move|p1a: Walking Wake|Draco Meteor|p2a: Trevenant\n|-activate|p2a: Trevenant|move: Protect\n|\n|-item|p2a: Trevenant|Sitrus Berry|[from] ability: Harvest\n|upkeep\n|-enditem|p2a: Trevenant|Sitrus Berry|[eat]\n|-heal|p2a: Trevenant|195/293|[from] item: Sitrus Berry\n|turn|20\n|\n|t:|1713468878\n|switch|p2a: Grumpig|Grumpig, L92, M|81/297\n|move|p1a: Walking Wake|Draco Meteor|p2a: Grumpig\n|-damage|p2a: Grumpig|0 fnt\n|-unboost|p1a: Walking Wake|spa|2\n|faint|p2a: Grumpig\n|\n|upkeep\n|\n|t:|1713468893\n|switch|p2a: Staraptor|Staraptor, L79, F|236/263\n|turn|21\n|\n|t:|1713468899\n|move|p1a: Walking Wake|Draco Meteor|p2a: Staraptor\n|-damage|p2a: Staraptor|85/263\n|-unboost|p1a: Walking Wake|spa|2\n|move|p2a: Staraptor|Brave Bird|p1a: Walking Wake\n|-crit|p1a: Walking Wake\n|-damage|p1a: Walking Wake|0 fnt\n|faint|p1a: Walking Wake\n|-end|p1a: Walking Wake|Protosynthesis|[silent]\n|-damage|p2a: Staraptor|27/263|[from] Recoil\n|\n|upkeep\n|\n|t:|1713468902\n|switch|p1a: Great Tusk|Great Tusk, L77|304/304\n|turn|22\n|\n|t:|1713468911\n|-terastallize|p1a: Great Tusk|Steel\n|move|p2a: Staraptor|Brave Bird|p1a: Great Tusk\n|-resisted|p1a: Great Tusk\n|-damage|p1a: Great Tusk|206/304\n|-damage|p2a: Staraptor|0 fnt|[from] Recoil\n|faint|p2a: Staraptor\n|move|p1a: Great Tusk|Bulk Up|p1a: Great Tusk\n|-boost|p1a: Great Tusk|atk|1\n|-boost|p1a: Great Tusk|def|1\n|\n|-heal|p1a: Great Tusk|225/304|[from] item: Leftovers\n|upkeep\n|\n|t:|1713468924\n|switch|p2a: Trevenant|Trevenant, L88, M|195/293\n|turn|23\n|\n|t:|1713468927\n|move|p1a: Great Tusk|Bulk Up|p1a: Great Tusk\n|-boost|p1a: Great Tusk|atk|1\n|-boost|p1a: Great Tusk|def|1\n|move|p2a: Trevenant|Drain Punch|p1a: Great Tusk\n|-supereffective|p1a: Great Tusk\n|-damage|p1a: Great Tusk|177/304\n|-heal|p2a: Trevenant|219/293|[from] drain|[of] p1a: Great Tusk\n|\n|-heal|p1a: Great Tusk|196/304|[from] item: Leftovers\n|-item|p2a: Trevenant|Sitrus Berry|[from] ability: Harvest\n|upkeep\n|turn|24\n|\n|t:|1713468931\n|move|p1a: Great Tusk|Bulk Up|p1a: Great Tusk\n|-boost|p1a: Great Tusk|atk|1\n|-boost|p1a: Great Tusk|def|1\n|move|p2a: Trevenant|Drain Punch|p1a: Great Tusk\n|-supereffective|p1a: Great Tusk\n|-damage|p1a: Great Tusk|156/304\n|-heal|p2a: Trevenant|239/293|[from] drain|[of] p1a: Great Tusk\n|\n|-heal|p1a: Great Tusk|175/304|[from] item: Leftovers\n|upkeep\n|turn|25\n|\n|t:|1713468933\n|move|p1a: Great Tusk|Bulk Up|p1a: Great Tusk\n|-boost|p1a: Great Tusk|atk|1\n|-boost|p1a: Great Tusk|def|1\n|move|p2a: Trevenant|Drain Punch|p1a: Great Tusk\n|-supereffective|p1a: Great Tusk\n|-damage|p1a: Great Tusk|139/304\n|-heal|p2a: Trevenant|257/293|[from] drain|[of] p1a: Great Tusk\n|\n|-heal|p1a: Great Tusk|158/304|[from] item: Leftovers\n|upkeep\n|turn|26\n|\n|t:|1713468935\n|move|p1a: Great Tusk|Bulk Up|p1a: Great Tusk\n|-boost|p1a: Great Tusk|atk|1\n|-boost|p1a: Great Tusk|def|1\n|move|p2a: Trevenant|Drain Punch|p1a: Great Tusk\n|-supereffective|p1a: Great Tusk\n|-damage|p1a: Great Tusk|128/304\n|-heal|p2a: Trevenant|272/293|[from] drain|[of] p1a: Great Tusk\n|\n|-heal|p1a: Great Tusk|147/304|[from] item: Leftovers\n|upkeep\n|turn|27\n|\n|t:|1713468938\n|move|p1a: Great Tusk|Bulk Up|p1a: Great Tusk\n|-boost|p1a: Great Tusk|atk|1\n|-boost|p1a: Great Tusk|def|1\n|move|p2a: Trevenant|Drain Punch|p1a: Great Tusk\n|-supereffective|p1a: Great Tusk\n|-damage|p1a: Great Tusk|121/304\n|-heal|p2a: Trevenant|285/293|[from] drain|[of] p1a: Great Tusk\n|\n|-heal|p1a: Great Tusk|140/304|[from] item: Leftovers\n|upkeep\n|turn|28\n|\n|t:|1713468939\n|move|p1a: Great Tusk|Earthquake|p2a: Trevenant\n|-resisted|p2a: Trevenant\n|-damage|p2a: Trevenant|66/293\n|-enditem|p2a: Trevenant|Sitrus Berry|[eat]\n|-heal|p2a: Trevenant|139/293|[from] item: Sitrus Berry\n|move|p2a: Trevenant|Drain Punch|p1a: Great Tusk\n|-supereffective|p1a: Great Tusk\n|-damage|p1a: Great Tusk|114/304\n|-heal|p2a: Trevenant|152/293|[from] drain|[of] p1a: Great Tusk\n|\n|-heal|p1a: Great Tusk|133/304|[from] item: Leftovers\n|upkeep\n|turn|29\n|-message|smokyaim forfeited.\n|\n|win|youmupoke\n|raw|youmupoke's rating: 2278 &rarr; <strong>2304</strong><br />(+26 for winning)\n|raw|smokyaim's rating: 2382 &rarr; <strong>2356</strong><br />(-26 for losing)\n|l|\u203dsmokyaim\n|player|p2|\n|l|\u2606youmupoke\n|player|p1|\n|j|\u2606youmupoke\n|player|p1|youmupoke|kieran-champion|\n", "inputlog": ">version 353afcba8edc3ce061b3a30b18dec61a8b98d08c\n>start {\"formatid\":\"gen9randombattle\",\"seed\":[29252,10087,4246,33932],\"rated\":\"Rated battle\"}\n>player p1 {\"name\":\"youmupoke\",\"avatar\":\"kieran-champion\",\"rating\":2278,\"seed\":[61867,38188,23070,26632]}\n>player p2 {\"name\":\"smokyaim\",\"avatar\":\"101\",\"rating\":2382,\"seed\":[45901,15663,27042,54408]}\n>p1 switch 6\n>p2 move bravebird\n>p1 move stealthrock\n>p2 switch 3\n>p1 switch 5\n>p2 move nastyplot\n>p1 move uturn\n>p2 move earthpower\n>p1 switch 3\n>p1 move headbutt\n>p2 move psychic\n>p1 move headbutt\n>p2 move psychic\n>p1 switch 4\n>p1 move hydropump\n>p2 switch 5\n>p1 switch 5\n>p2 move toxic\n>p1 move lavaplume\n>p2 switch 2\n>p1 move lavaplume\n>p2 move rapidspin\n>p2 switch 5\n>p1 switch 5\n>p2 move psychic\n>p1 move dracometeor\n>p2 switch 2\n>p2 switch 6\n>p1 move dracometeor\n>p2 move revivalblessing\n>p2 switch 6\n>p1 move dracometeor\n>p2 move nuzzle\n>p2 switch 6\n>p1 switch 5\n>p2 move drainpunch\n>p1 switch 2\n>p1 move substitute\n>p2 move poltergeist\n>p1 move dragondance\n>p2 move poltergeist\n>p1 move outrage\n>p2 move poltergeist\n>p1 switch 5\n>p1 move dracometeor\n>p2 move protect\n>p1 move dracometeor\n>p2 switch 2\n>p2 switch 3\n>p1 move dracometeor\n>p2 move bravebird\n>p1 switch 6\n>p1 move bulkup terastallize\n>p2 move bravebird\n>p2 switch 2\n>p1 move bulkup\n>p2 move drainpunch\n>p1 move bulkup\n>p2 move drainpunch\n>p1 move bulkup\n>p2 move drainpunch\n>p1 move bulkup\n>p2 move drainpunch\n>p1 move bulkup\n>p2 move drainpunch\n>p1 move earthquake\n>p2 move drainpunch\n>forcelose p2", "uploadtime": 1713468968, "views": 254, "formatid": "gen9randombattle", "rating": 2304, "private": 0, "password": null}