{"id": "gen9randombattle-2022554536", "format": "[Gen 9] Random Battle", "players": ["Guarding Lives", "Referrals"], "log": "|j|\u2606Guarding Lives\n|j|\u2606Referrals\n|t:|1703866706\n|gametype|singles\n|player|p1|Guarding Lives|pokemonbreederf-gen3frlg|2346\n|player|p2|Referrals|steven|2428\n|teamsize|p1|6\n|teamsize|p2|6\n|gen|9\n|tier|[Gen 9] Random Battle\n|rated|\n|rule|Species Clause: Limit one of each Pok\u00e9mon\n|rule|HP Percentage Mod: HP is shown in percentages\n|rule|Sleep Clause Mod: Limit one foe put to sleep\n|rule|Illusion Level Mod: Illusion disguises the Pok\u00e9mon's true level\n|\n|t:|1703866706\n|start\n|switch|p1a: Polteageist|Polteageist, L79|224/224\n|switch|p2a: Arboliva|Arboliva, L90, F|284/284\n|turn|1\n|inactive|Battle timer is ON: inactive players will automatically lose when time's up. (requested by Guarding Lives)\n|c|\u2606Guarding Lives|fuck\n|c|\u2606Guarding Lives|why did I have to load you\n|inactive|Referrals has 120 seconds left.\n|c|\u2606Referrals|:p\n|\n|t:|1703866740\n|switch|p1a: Araquanid|Araquanid, L82, F|246/246\n|move|p2a: Arboliva|Substitute|p2a: Arboliva\n|-start|p2a: Arboliva|Substitute\n|-damage|p2a: Arboliva|213/284\n|\n|upkeep\n|turn|2\n|\n|t:|1703866748\n|move|p2a: Arboliva|Leech Seed|p1a: Araquanid\n|-start|p1a: Araquanid|move: Leech Seed\n|move|p1a: Araquanid|Sticky Web|p2a: Arboliva\n|-sidestart|p2: Referrals|move: Sticky Web\n|\n|-damage|p1a: Araquanid|216/246|[from] Leech Seed|[of] p2a: Arboliva\n|-heal|p2a: Arboliva|243/284|[silent]\n|upkeep\n|turn|3\n|\n|t:|1703866754\n|move|p2a: Arboliva|Protect|p2a: Arboliva\n|-singleturn|p2a: Arboliva|Protect\n|move|p1a: Araquanid|Leech Life|p2a: Arboliva\n|-activate|p2a: Arboliva|move: Protect\n|\n|-damage|p1a: Araquanid|186/246|[from] Leech Seed|[of] p2a: Arboliva\n|-heal|p2a: Arboliva|273/284|[silent]\n|upkeep\n|turn|4\n|\n|t:|1703866758\n|move|p2a: Arboliva|Hyper Voice|p1a: Araquanid\n|-damage|p1a: Araquanid|81/246\n|move|p1a: Araquanid|Leech Life|p2a: Arboliva\n|-supereffective|p2a: Arboliva\n|-end|p2a: Arboliva|Substitute\n|-heal|p1a: Araquanid|117/246|[from] drain|[of] p2a: Arboliva\n|\n|-damage|p1a: Araquanid|87/246|[from] Leech Seed|[of] p2a: Arboliva\n|-heal|p2a: Arboliva|284/284|[silent]\n|upkeep\n|turn|5\n|\n|t:|1703866763\n|switch|p1a: Meowscarada|Meowscarada, L78, M|247/247\n|move|p2a: Arboliva|Substitute|p2a: Arboliva\n|-start|p2a: Arboliva|Substitute\n|-damage|p2a: Arboliva|213/284\n|\n|upkeep\n|turn|6\n|\n|t:|1703866770\n|move|p1a: Meowscarada|U-turn|p2a: Arboliva\n|-start|p1a: Meowscarada|typechange|Bug|[from] ability: Protean\n|-supereffective|p2a: Arboliva\n|-crit|p2a: Arboliva\n|-end|p2a: Arboliva|Substitute\n|\n|t:|1703866773\n|switch|p1a: Lilligant|Lilligant, L86, F|261/261|[from] U-turn\n|move|p2a: Arboliva|Hyper Voice|p1a: Lilligant\n|-crit|p1a: Lilligant\n|-damage|p1a: Lilligant|48/261\n|\n|upkeep\n|turn|7\n|\n|t:|1703866786\n|move|p1a: Lilligant|Tera Blast|p2a: Arboliva\n|-damage|p2a: Arboliva|144/284\n|-damage|p1a: Lilligant|22/261|[from] item: Life Orb\n|move|p2a: Arboliva|Hyper Voice|p1a: Lilligant\n|-damage|p1a: Lilligant|0 fnt\n|faint|p1a: Lilligant\n|\n|upkeep\n|\n|t:|1703866788\n|switch|p1a: Kyurem|Kyurem-White, L77|319/319\n|-ability|p1a: Kyurem|Turboblaze\n|turn|8\n|\n|t:|1703866793\n|move|p2a: Arboliva|Protect|p2a: Arboliva\n|-singleturn|p2a: Arboliva|Protect\n|move|p1a: Kyurem|Freeze-Dry|p2a: Arboliva\n|-activate|p2a: Arboliva|move: Protect\n|\n|upkeep\n|turn|9\n|\n|t:|1703866799\n|switch|p2a: Avalugg|Avalugg, L86, F|304/304\n|move|p1a: Kyurem|Freeze-Dry|p2a: Avalugg\n|-resisted|p2a: Avalugg\n|-damage|p2a: Avalugg|228/304\n|\n|upkeep\n|turn|10\n|j| meinol\n|\n|t:|1703866832\n|switch|p1a: Araquanid|Araquanid, L82, F|87/246\n|move|p2a: Avalugg|Recover|p2a: Avalugg\n|-heal|p2a: Avalugg|304/304\n|\n|upkeep\n|turn|11\n|\n|t:|1703866839\n|move|p1a: Araquanid|Hydro Pump|p2a: Avalugg|[miss]\n|-miss|p1a: Araquanid|p2a: Avalugg\n|move|p2a: Avalugg|Rapid Spin|p1a: Araquanid\n|-damage|p1a: Araquanid|44/246\n|-boost|p2a: Avalugg|spe|1\n|-sideend|p2: Referrals|Sticky Web|[from] move: Rapid Spin|[of] p2a: Avalugg\n|\n|upkeep\n|turn|12\n|c|\u2606Guarding Lives|man\n|\n|t:|1703866870\n|switch|p1a: Lumineon|Lumineon, L92, F|276/276\n|move|p2a: Avalugg|Body Press|p1a: Lumineon\n|-crit|p1a: Lumineon\n|-damage|p1a: Lumineon|110/276\n|\n|upkeep\n|turn|13\n|\n|t:|1703866876\n|switch|p2a: Rotom|Rotom-Wash, L82|216/216\n|move|p1a: Lumineon|U-turn|p2a: Rotom\n|-damage|p2a: Rotom|175/216\n|\n|t:|1703866885\n|switch|p1a: Meowscarada|Meowscarada, L78, M|247/247|[from] U-turn\n|\n|upkeep\n|turn|14\n|\n|t:|1703866900\n|move|p2a: Rotom|Volt Switch|p1a: Meowscarada\n|-resisted|p1a: Meowscarada\n|-damage|p1a: Meowscarada|203/247\n|\n|t:|1703866902\n|switch|p2a: Tauros|Tauros-Paldea-Combat, L84, M|263/263|[from] Volt Switch\n|-ability|p2a: Tauros|Intimidate|boost\n|-unboost|p1a: Meowscarada|atk|1\n|move|p1a: Meowscarada|Knock Off|p2a: Tauros\n|-start|p1a: Meowscarada|typechange|Dark|[from] ability: Protean\n|-resisted|p2a: Tauros\n|-damage|p2a: Tauros|235/263\n|-enditem|p2a: Tauros|Life Orb|[from] move: Knock Off|[of] p1a: Meowscarada\n|\n|upkeep\n|turn|15\n|\n|t:|1703866914\n|move|p1a: Meowscarada|U-turn|p2a: Tauros\n|-resisted|p2a: Tauros\n|-crit|p2a: Tauros\n|-damage|p2a: Tauros|201/263\n|\n|t:|1703866918\n|switch|p1a: Lumineon|Lumineon, L92, F|110/276|[from] U-turn\n|move|p2a: Tauros|Bulk Up|p2a: Tauros\n|-boost|p2a: Tauros|atk|1\n|-boost|p2a: Tauros|def|1\n|\n|upkeep\n|turn|16\n|\n|t:|1703866921\n|switch|p2a: Rotom|Rotom-Wash, L82|175/216\n|move|p1a: Lumineon|Encore||[still]\n|-fail|p1a: Lumineon\n|\n|upkeep\n|turn|17\n|\n|t:|1703866929\n|switch|p1a: Kyurem|Kyurem-White, L77|319/319\n|-ability|p1a: Kyurem|Turboblaze\n|move|p2a: Rotom|Volt Switch|p1a: Kyurem\n|-resisted|p1a: Kyurem\n|-damage|p1a: Kyurem|280/319\n|\n|t:|1703866955\n|switch|p2a: Samurott|Samurott-Hisui, L77, M|265/265|[from] Volt Switch\n|\n|upkeep\n|turn|18\n|\n|t:|1703866960\n|-terastallize|p1a: Kyurem|Dragon\n|move|p1a: Kyurem|Draco Meteor|p2a: Samurott\n|-damage|p2a: Samurott|0 fnt\n|-unboost|p1a: Kyurem|spa|2\n|faint|p2a: Samurott\n|\n|upkeep\n|\n|t:|1703866970\n|switch|p2a: Arboliva|Arboliva, L90, F|144/284\n|turn|19\n|\n|t:|1703866975\n|switch|p1a: Lumineon|Lumineon, L92, F|110/276\n|move|p2a: Arboliva|Hyper Voice|p1a: Lumineon\n|-damage|p1a: Lumineon|0 fnt\n|faint|p1a: Lumineon\n|\n|upkeep\n|\n|t:|1703866977\n|switch|p1a: Kyurem|Kyurem-White, L77, tera:Dragon|280/319\n|-ability|p1a: Kyurem|Turboblaze\n|turn|20\n|\n|t:|1703866981\n|move|p2a: Arboliva|Protect|p2a: Arboliva\n|-singleturn|p2a: Arboliva|Protect\n|move|p1a: Kyurem|Draco Meteor|p2a: Arboliva\n|-activate|p2a: Arboliva|move: Protect\n|\n|upkeep\n|turn|21\n|\n|t:|1703866989\n|switch|p2a: Tauros|Tauros-Paldea-Combat, L84, M|201/263\n|-ability|p2a: Tauros|Intimidate|boost\n|-unboost|p1a: Kyurem|atk|1\n|move|p1a: Kyurem|Draco Meteor|p2a: Tauros\n|-damage|p2a: Tauros|0 fnt\n|-unboost|p1a: Kyurem|spa|2\n|faint|p2a: Tauros\n|\n|upkeep\n|\n|t:|1703866994\n|switch|p2a: Arboliva|Arboliva, L90, F|144/284\n|turn|22\n|\n|t:|1703866998\n|switch|p1a: Polteageist|Polteageist, L79|224/224\n|move|p2a: Arboliva|Substitute|p2a: Arboliva\n|-start|p2a: Arboliva|Substitute\n|-damage|p2a: Arboliva|73/284\n|-enditem|p2a: Arboliva|Sitrus Berry|[eat]\n|-heal|p2a: Arboliva|144/284|[from] item: Sitrus Berry\n|\n|upkeep\n|turn|23\n|\n|t:|1703867004\n|switch|p1a: Meowscarada|Meowscarada, L78, M|203/247\n|move|p2a: Arboliva|Leech Seed|p1a: Meowscarada\n|-immune|p1a: Meowscarada\n|\n|upkeep\n|turn|24\n|\n|t:|1703867007\n|move|p2a: Arboliva|Protect|p2a: Arboliva\n|-singleturn|p2a: Arboliva|Protect\n|move|p1a: Meowscarada|U-turn|p2a: Arboliva\n|-start|p1a: Meowscarada|typechange|Bug|[from] ability: Protean\n|-activate|p2a: Arboliva|move: Protect\n|\n|upkeep\n|turn|25\n|\n|t:|1703867010\n|move|p1a: Meowscarada|U-turn|p2a: Arboliva\n|-supereffective|p2a: Arboliva\n|-end|p2a: Arboliva|Substitute\n|\n|t:|1703867014\n|switch|p1a: Kyurem|Kyurem-White, L77, tera:Dragon|280/319|[from] U-turn\n|-ability|p1a: Kyurem|Turboblaze\n|move|p2a: Arboliva|Substitute|p2a: Arboliva\n|-start|p2a: Arboliva|Substitute\n|-damage|p2a: Arboliva|73/284\n|\n|-item|p2a: Arboliva|Sitrus Berry|[from] ability: Harvest\n|upkeep\n|-enditem|p2a: Arboliva|Sitrus Berry|[eat]\n|-heal|p2a: Arboliva|144/284|[from] item: Sitrus Berry\n|turn|26\n|\n|t:|1703867030\n|move|p2a: Arboliva|Protect|p2a: Arboliva\n|-singleturn|p2a: Arboliva|Protect\n|move|p1a: Kyurem|Freeze-Dry|p2a: Arboliva\n|-activate|p2a: Arboliva|move: Protect\n|\n|upkeep\n|turn|27\n|\n|t:|1703867035\n|move|p1a: Kyurem|Freeze-Dry|p2a: Arboliva\n|-supereffective|p2a: Arboliva\n|-end|p2a: Arboliva|Substitute\n|move|p2a: Arboliva|Hyper Voice|p1a: Kyurem\n|-damage|p1a: Kyurem|138/319\n|\n|-item|p2a: Arboliva|Sitrus Berry|[from] ability: Harvest\n|upkeep\n|turn|28\n|\n|t:|1703867043\n|switch|p1a: Meowscarada|Meowscarada, L78, M|203/247\n|switch|p2a: Avalugg|Avalugg, L86, F|304/304\n|\n|upkeep\n|turn|29\n|\n|t:|1703867047\n|move|p1a: Meowscarada|U-turn|p2a: Avalugg\n|-start|p1a: Meowscarada|typechange|Bug|[from] ability: Protean\n|-damage|p2a: Avalugg|267/304\n|\n|t:|1703867049\n|switch|p1a: Araquanid|Araquanid, L82, F|44/246|[from] U-turn\n|move|p2a: Avalugg|Avalanche|p1a: Araquanid\n|-resisted|p1a: Araquanid\n|-damage|p1a: Araquanid|8/246\n|\n|upkeep\n|turn|30\n|\n|t:|1703867059\n|switch|p2a: Rotom|Rotom-Wash, L82|175/216\n|move|p1a: Araquanid|Leech Life|p2a: Rotom\n|-crit|p2a: Rotom\n|-damage|p2a: Rotom|88/216\n|-heal|p1a: Araquanid|52/246|[from] drain|[of] p2a: Rotom\n|\n|upkeep\n|turn|31\n|\n|t:|1703867065\n|switch|p1a: Kyurem|Kyurem-White, L77, tera:Dragon|138/319\n|-ability|p1a: Kyurem|Turboblaze\n|move|p2a: Rotom|Volt Switch|p1a: Kyurem\n|-resisted|p1a: Kyurem\n|-damage|p1a: Kyurem|104/319\n|\n|t:|1703867067\n|switch|p2a: Arboliva|Arboliva, L90, F|144/284|[from] Volt Switch\n|\n|upkeep\n|turn|32\n|\n|t:|1703867070\n|move|p2a: Arboliva|Protect|p2a: Arboliva\n|-singleturn|p2a: Arboliva|Protect\n|move|p1a: Kyurem|Draco Meteor|p2a: Arboliva\n|-activate|p2a: Arboliva|move: Protect\n|\n|upkeep\n|turn|33\n|\n|t:|1703867076\n|switch|p2a: Rotom|Rotom-Wash, L82|88/216\n|move|p1a: Kyurem|Draco Meteor|p2a: Rotom\n|-damage|p2a: Rotom|0 fnt\n|-unboost|p1a: Kyurem|spa|2\n|faint|p2a: Rotom\n|\n|upkeep\n|\n|t:|1703867078\n|switch|p2a: Arboliva|Arboliva, L90, F|144/284\n|turn|34\n|\n|t:|1703867082\n|switch|p1a: Meowscarada|Meowscarada, L78, M|203/247\n|move|p2a: Arboliva|Substitute|p2a: Arboliva\n|-start|p2a: Arboliva|Substitute\n|-damage|p2a: Arboliva|73/284\n|-enditem|p2a: Arboliva|Sitrus Berry|[eat]\n|-heal|p2a: Arboliva|144/284|[from] item: Sitrus Berry\n|\n|upkeep\n|turn|35\n|\n|t:|1703867086\n|move|p2a: Arboliva|Protect|p2a: Arboliva\n|-singleturn|p2a: Arboliva|Protect\n|move|p1a: Meowscarada|U-turn|p2a: Arboliva\n|-start|p1a: Meowscarada|typechange|Bug|[from] ability: Protean\n|-activate|p2a: Arboliva|move: Protect\n|\n|upkeep\n|turn|36\n|\n|t:|1703867091\n|move|p1a: Meowscarada|U-turn|p2a: Arboliva\n|-supereffective|p2a: Arboliva\n|-end|p2a: Arboliva|Substitute\n|\n|t:|1703867093\n|switch|p1a: Araquanid|Araquanid, L82, F|52/246|[from] U-turn\n|move|p2a: Arboliva|Substitute|p2a: Arboliva\n|-start|p2a: Arboliva|Substitute\n|-damage|p2a: Arboliva|73/284\n|\n|-item|p2a: Arboliva|Sitrus Berry|[from] ability: Harvest\n|upkeep\n|-enditem|p2a: Arboliva|Sitrus Berry|[eat]\n|-heal|p2a: Arboliva|144/284|[from] item: Sitrus Berry\n|turn|37\n|\n|t:|1703867099\n|switch|p1a: Polteageist|Polteageist, L79|224/224\n|move|p2a: Arboliva|Hyper Voice|p1a: Polteageist\n|-immune|p1a: Polteageist\n|\n|-item|p2a: Arboliva|Sitrus Berry|[from] ability: Harvest\n|upkeep\n|turn|38\n|\n|t:|1703867103\n|switch|p1a: Meowscarada|Meowscarada, L78, M|203/247\n|move|p2a: Arboliva|Leech Seed|p1a: Meowscarada\n|-immune|p1a: Meowscarada\n|\n|upkeep\n|turn|39\n|\n|t:|1703867108\n|move|p2a: Arboliva|Protect|p2a: Arboliva\n|-singleturn|p2a: Arboliva|Protect\n|move|p1a: Meowscarada|Knock Off|p2a: Arboliva\n|-start|p1a: Meowscarada|typechange|Dark|[from] ability: Protean\n|-activate|p2a: Arboliva|move: Protect\n|\n|upkeep\n|turn|40\n|\n|t:|1703867113\n|move|p1a: Meowscarada|Knock Off|p2a: Arboliva\n|-crit|p2a: Arboliva\n|-end|p2a: Arboliva|Substitute\n|move|p2a: Arboliva|Hyper Voice|p1a: Meowscarada\n|-damage|p1a: Meowscarada|38/247\n|\n|upkeep\n|turn|41\n|\n|t:|1703867118\n|move|p1a: Meowscarada|Knock Off|p2a: Arboliva\n|-damage|p2a: Arboliva|50/284\n|-enditem|p2a: Arboliva|Sitrus Berry|[from] move: Knock Off|[of] p1a: Meowscarada\n|move|p2a: Arboliva|Hyper Voice|p1a: Meowscarada\n|-damage|p1a: Meowscarada|0 fnt\n|faint|p1a: Meowscarada\n|\n|upkeep\n|\n|t:|1703867121\n|switch|p1a: Kyurem|Kyurem-White, L77, tera:Dragon|104/319\n|-ability|p1a: Kyurem|Turboblaze\n|turn|42\n|\n|t:|1703867137\n|switch|p2a: Avalugg|Avalugg, L86, F|267/304\n|move|p1a: Kyurem|Freeze-Dry|p2a: Avalugg\n|-resisted|p2a: Avalugg\n|-damage|p2a: Avalugg|189/304\n|\n|upkeep\n|turn|43\n|\n|t:|1703867142\n|switch|p1a: Araquanid|Araquanid, L82, F|52/246\n|move|p2a: Avalugg|Recover|p2a: Avalugg\n|-heal|p2a: Avalugg|304/304\n|\n|upkeep\n|turn|44\n|\n|t:|1703867152\n|switch|p2a: Arboliva|Arboliva, L90, F|50/284\n|move|p1a: Araquanid|Hydro Pump|p2a: Arboliva\n|-resisted|p2a: Arboliva\n|-damage|p2a: Arboliva|0 fnt\n|faint|p2a: Arboliva\n|\n|upkeep\n|\n|t:|1703867155\n|switch|p2a: Meloetta|Meloetta, L82|298/298\n|turn|45\n|\n|t:|1703867158\n|move|p2a: Meloetta|Psyshock|p1a: Araquanid\n|-damage|p1a: Araquanid|0 fnt\n|faint|p1a: Araquanid\n|-damage|p2a: Meloetta|269/298|[from] item: Life Orb\n|\n|upkeep\n|\n|t:|1703867160\n|switch|p1a: Polteageist|Polteageist, L79|224/224\n|turn|46\n|\n|t:|1703867163\n|move|p2a: Meloetta|Calm Mind|p2a: Meloetta\n|-boost|p2a: Meloetta|spa|1\n|-boost|p2a: Meloetta|spd|1\n|move|p1a: Polteageist|Shell Smash|p1a: Polteageist\n|-unboost|p1a: Polteageist|def|1\n|-unboost|p1a: Polteageist|spd|1\n|-boost|p1a: Polteageist|atk|2\n|-boost|p1a: Polteageist|spa|2\n|-boost|p1a: Polteageist|spe|2\n|-enditem|p1a: Polteageist|White Herb\n|-clearnegativeboost|p1a: Polteageist|[silent]\n|\n|upkeep\n|turn|47\n|\n|t:|1703867187\n|move|p1a: Polteageist|Giga Drain|p2a: Meloetta\n|-damage|p2a: Meloetta|211/298\n|move|p2a: Meloetta|Psyshock|p1a: Polteageist\n|-crit|p1a: Polteageist\n|-damage|p1a: Polteageist|0 fnt\n|-start|p2a: Meloetta|Disable|Psyshock|[from] ability: Cursed Body|[of] p1a: Polteageist\n|faint|p1a: Polteageist\n|-damage|p2a: Meloetta|182/298|[from] item: Life Orb\n|\n|upkeep\n|\n|t:|1703867189\n|switch|p1a: Kyurem|Kyurem-White, L77, tera:Dragon|104/319\n|-ability|p1a: Kyurem|Turboblaze\n|turn|48\n|c|\u2606Referrals|gg\n|\n|t:|1703867197\n|move|p1a: Kyurem|Draco Meteor|p2a: Meloetta\n|-damage|p2a: Meloetta|48/298\n|-unboost|p1a: Kyurem|spa|2\n|move|p2a: Meloetta|Hyper Voice|p1a: Kyurem\n|-damage|p1a: Kyurem|0 fnt\n|faint|p1a: Kyurem\n|-damage|p2a: Meloetta|19/298|[from] item: Life Orb\n|\n|win|Referrals\n|raw|Guarding Lives's rating: 2346 &rarr; <strong>2331</strong><br />(-15 for losing)\n|raw|Referrals's rating: 2428 &rarr; <strong>2443</strong><br />(+15 for winning)\n|c|\u2606Guarding Lives|gg\n|l|\u2606Guarding Lives\n|l|\u2606Referrals\n", "inputlog": ">version c9000e90255af3d123fb9dabba7999d04a2c08e0\n>start {\"formatid\":\"gen9randombattle\",\"seed\":[52935,13057,63332,33495],\"rated\":\"Rated battle\"}\n>player p1 {\"name\":\"Guarding Lives\",\"avatar\":\"pokemonbreederf-gen3frlg\",\"rating\":2346,\"seed\":[49651,26893,65526,56669]}\n>player p2 {\"name\":\"Referrals\",\"avatar\":\"steven\",\"rating\":2428,\"seed\":[48477,28118,17998,55382]}\n>chat \u2606Guarding Lives|fuck\n>chat \u2606Guarding Lives|why did I have to load you\n>chat \u2606Referrals|:p\n>p1 switch 3\n>p2 move substitute\n>p1 move stickyweb\n>p2 move leechseed\n>p1 move leechlife\n>p2 move protect\n>p1 move leechlife\n>p2 move hypervoice\n>p1 switch 6\n>p2 move substitute\n>p1 move uturn\n>p2 move hypervoice\n>p1 switch 5\n>p1 move terablast\n>p2 move hypervoice\n>p1 switch 4\n>p1 move freezedry\n>p2 move protect\n>p1 move freezedry\n>p2 switch 2\n>p1 switch 6\n>p2 move recover\n>p1 move hydropump\n>p2 move rapidspin\n>chat \u2606Guarding Lives|man\n>p1 switch 2\n>p2 move bodypress\n>p1 move uturn\n>p2 switch 4\n>p1 switch 5\n>p1 move knockoff\n>p2 move voltswitch\n>p2 switch 6\n>p1 move uturn\n>p2 move bulkup\n>p1 switch 5\n>p1 move encore\n>p2 switch 6\n>p1 switch 6\n>p2 move voltswitch\n>p2 switch 5\n>p1 move dracometeor terastallize\n>p2 move sacredsword\n>p2 switch 2\n>p1 switch 6\n>p2 move hypervoice\n>p1 switch 6\n>p1 move dracometeor\n>p2 move protect\n>p1 move dracometeor\n>p2 switch 6\n>p2 switch 6\n>p1 switch 3\n>p2 move substitute\n>p1 switch 5\n>p2 move leechseed\n>p1 move uturn\n>p2 move protect\n>p1 move uturn\n>p2 move substitute\n>p1 switch 3\n>p1 move freezedry\n>p2 move protect\n>p1 move freezedry\n>p2 move hypervoice\n>p1 switch 3\n>p2 switch 4\n>p1 move uturn\n>p2 move avalanche\n>p1 switch 2\n>p1 move leechlife\n>p2 switch 5\n>p1 switch 3\n>p2 move voltswitch\n>p2 switch 4\n>p1 move dracometeor\n>p2 move protect\n>p1 move dracometeor\n>p2 switch 4\n>p2 switch 4\n>p1 switch 2\n>p2 move substitute\n>p1 move uturn\n>p2 move protect\n>p1 move uturn\n>p2 move substitute\n>p1 switch 3\n>p1 switch 5\n>p2 move hypervoice\n>p1 switch 3\n>p2 move leechseed\n>p1 move knockoff\n>p2 move protect\n>p1 move knockoff\n>p2 move hypervoice\n>p1 move knockoff\n>p2 move hypervoice\n>p1 switch 2\n>p1 move freezedry\n>p2 switch 5\n>p1 switch 5\n>p2 move recover\n>p1 move hydropump\n>p2 switch 5\n>p2 switch 3\n>p1 move leechlife\n>p2 move psyshock\n>p1 switch 3\n>p1 move shellsmash\n>p2 move calmmind\n>p1 move gigadrain\n>p2 move psyshock\n>p1 switch 5\n>chat \u2606Referrals|gg\n>p1 move dracometeor\n>p2 move hypervoice", "uploadtime": 1703867250, "views": 311, "formatid": "gen9randombattle", "rating": 2331, "private": 0, "password": null}