{"id": "gen9randombattle-2259977355", "format": "[Gen 9] Random Battle", "players": ["nikegang", "EsparraGoza"], "log": "|j|\u2606nikegang\n|j|\u203dEsparraGoza\n|t:|1733786633\n|gametype|singles\n|player|p1|nikegang|guzma|\n|player|p2|EsparraGoza|volo|\n|teamsize|p1|6\n|teamsize|p2|6\n|gen|9\n|tier|[Gen 9] Random Battle\n|rule|Species Clause: Limit one of each Pok\u00e9mon\n|rule|HP Percentage Mod: HP is shown in percentages\n|rule|Sleep Clause Mod: Limit one foe put to sleep\n|rule|Illusion Level Mod: Illusion disguises the Pok\u00e9mon's true level\n|\n|t:|1733786633\n|start\n|switch|p1a: Arceus|Arceus-Steel, L70|284/284\n|switch|p2a: Talonflame|Talonflame, L83, M|265/265\n|turn|1\n|\n|t:|1733786661\n|switch|p1a: Vigoroth|Vigoroth, L85, F|275/275\n|move|p2a: Talonflame|Swords Dance|p2a: Talonflame\n|-boost|p2a: Talonflame|atk|2\n|\n|upkeep\n|turn|2\n|\n|t:|1733786675\n|move|p2a: Talonflame|Brave Bird|p1a: Vigoroth\n|-damage|p1a: Vigoroth|125/275\n|-damage|p2a: Talonflame|215/265|[from] Recoil\n|move|p1a: Vigoroth|Body Slam|p2a: Talonflame\n|-damage|p2a: Talonflame|118/265\n|-status|p1a: Vigoroth|brn|[from] ability: Flame Body|[of] p2a: Talonflame\n|\n|-damage|p1a: Vigoroth|108/275 brn|[from] brn\n|upkeep\n|turn|3\n|\n|t:|1733786686\n|move|p2a: Talonflame|Flare Blitz|p1a: Vigoroth\n|-damage|p1a: Vigoroth|0 fnt\n|faint|p1a: Vigoroth\n|-damage|p2a: Talonflame|82/265|[from] Recoil\n|\n|upkeep\n|\n|t:|1733786696\n|switch|p1a: Mudsdale|Mudsdale, L84, F|305/305\n|turn|4\n|\n|t:|1733786702\n|switch|p2a: Arboliva|Arboliva, L91, M|288/288\n|move|p1a: Mudsdale|Stone Edge|p2a: Arboliva|[miss]\n|-miss|p1a: Mudsdale|p2a: Arboliva\n|\n|upkeep\n|turn|5\n|\n|t:|1733786710\n|switch|p1a: Beartic|Beartic, L91, F|321/321\n|move|p2a: Arboliva|Leech Seed|p1a: Beartic\n|-start|p1a: Beartic|move: Leech Seed\n|\n|-damage|p1a: Beartic|281/321|[from] Leech Seed|[of] p2a: Arboliva\n|upkeep\n|turn|6\n|\n|t:|1733786725\n|switch|p2a: Suicune|Suicune, L82|298/298\n|-ability|p2a: Suicune|Pressure\n|move|p1a: Beartic|Snowscape|p1a: Beartic\n|-weather|Snow\n|\n|-weather|Snow|[upkeep]\n|-damage|p1a: Beartic|241/321|[from] Leech Seed|[of] p2a: Suicune\n|upkeep\n|turn|7\n|\n|t:|1733786734\n|switch|p1a: Trevenant|Trevenant, L88, F|293/293\n|move|p2a: Suicune|Calm Mind|p2a: Suicune\n|-boost|p2a: Suicune|spa|1\n|-boost|p2a: Suicune|spd|1\n|\n|-weather|Snow|[upkeep]\n|upkeep\n|turn|8\n|\n|t:|1733786743\n|switch|p2a: Kilowattrel|Kilowattrel, L83, F|252/252\n|move|p1a: Trevenant|Horn Leech|p2a: Kilowattrel\n|-resisted|p2a: Kilowattrel\n|-damage|p2a: Kilowattrel|171/252\n|-damage|p1a: Trevenant|264/293|[from] item: Life Orb\n|\n|-weather|Snow|[upkeep]\n|upkeep\n|turn|9\n|\n|t:|1733786753\n|switch|p1a: Mudsdale|Mudsdale, L84, F|305/305\n|move|p2a: Kilowattrel|Hurricane|p1a: Mudsdale\n|-damage|p1a: Mudsdale|179/305\n|-ability|p1a: Mudsdale|Stamina|boost\n|-boost|p1a: Mudsdale|def|1\n|\n|-weather|Snow|[upkeep]\n|-heal|p1a: Mudsdale|198/305|[from] item: Leftovers\n|upkeep\n|turn|10\n|\n|t:|1733786765\n|move|p2a: Kilowattrel|U-turn|p1a: Mudsdale\n|-damage|p1a: Mudsdale|176/305\n|-ability|p1a: Mudsdale|Stamina|boost\n|-boost|p1a: Mudsdale|def|1\n|\n|t:|1733786769\n|switch|p2a: Arboliva|Arboliva, L91, M|288/288|[from] U-turn\n|move|p1a: Mudsdale|Heavy Slam|p2a: Arboliva\n|-damage|p2a: Arboliva|202/288\n|\n|-weather|none\n|-heal|p1a: Mudsdale|195/305|[from] item: Leftovers\n|upkeep\n|turn|11\n|\n|t:|1733786779\n|switch|p1a: Trevenant|Trevenant, L88, F|264/293\n|move|p2a: Arboliva|Leech Seed|p1a: Trevenant\n|-immune|p1a: Trevenant\n|\n|upkeep\n|turn|12\n|\n|t:|1733786795\n|move|p2a: Arboliva|Protect|p2a: Arboliva\n|-singleturn|p2a: Arboliva|Protect\n|move|p1a: Trevenant|Drain Punch|p2a: Arboliva\n|-activate|p2a: Arboliva|move: Protect\n|\n|upkeep\n|turn|13\n|\n|t:|1733786803\n|switch|p2a: Plusle|Plusle, L95, F|268/268\n|move|p1a: Trevenant|Poltergeist|p2a: Plusle|[miss]\n|-miss|p1a: Trevenant|p2a: Plusle\n|\n|upkeep\n|turn|14\n|\n|t:|1733786811\n|switch|p1a: Arceus|Arceus-Steel, L70|284/284\n|move|p2a: Plusle|Nasty Plot|p2a: Plusle\n|-boost|p2a: Plusle|spa|2\n|\n|upkeep\n|turn|15\n|\n|t:|1733786827\n|move|p2a: Plusle|Thunderbolt|p1a: Arceus\n|-damage|p1a: Arceus|37/284\n|-damage|p2a: Plusle|242/268|[from] item: Life Orb\n|move|p1a: Arceus|Earth Power|p2a: Plusle\n|-supereffective|p2a: Plusle\n|-damage|p2a: Plusle|124/268\n|\n|upkeep\n|turn|16\n|c|\u2606nikegang|\u00fanico jogo que te pune por fazer um bom pplay\n|\n|t:|1733786845\n|switch|p1a: Mudsdale|Mudsdale, L84, F|195/305\n|move|p2a: Plusle|Alluring Voice|p1a: Mudsdale\n|-damage|p1a: Mudsdale|9/305\n|-ability|p1a: Mudsdale|Stamina|boost\n|-boost|p1a: Mudsdale|def|1\n|-damage|p2a: Plusle|98/268|[from] item: Life Orb\n|\n|-heal|p1a: Mudsdale|28/305|[from] item: Leftovers\n|upkeep\n|turn|17\n|\n|t:|1733786854\n|move|p2a: Plusle|Alluring Voice|p1a: Mudsdale\n|-damage|p1a: Mudsdale|0 fnt\n|faint|p1a: Mudsdale\n|-damage|p2a: Plusle|72/268|[from] item: Life Orb\n|\n|upkeep\n|\n|t:|1733786858\n|switch|p1a: Beartic|Beartic, L91, F|241/321\n|turn|18\n|\n|t:|1733786866\n|move|p2a: Plusle|Thunderbolt|p1a: Beartic\n|-damage|p1a: Beartic|0 fnt\n|faint|p1a: Beartic\n|-damage|p2a: Plusle|46/268|[from] item: Life Orb\n|\n|upkeep\n|\n|t:|1733786870\n|switch|p1a: Iron Hands|Iron Hands, L79|373/373\n|turn|19\n|\n|t:|1733786876\n|move|p2a: Plusle|Alluring Voice|p1a: Iron Hands\n|-supereffective|p1a: Iron Hands\n|-damage|p1a: Iron Hands|0 fnt\n|faint|p1a: Iron Hands\n|-end|p1a: Iron Hands|Quark Drive|[silent]\n|-damage|p2a: Plusle|20/268|[from] item: Life Orb\n|\n|upkeep\n|\n|t:|1733786878\n|switch|p1a: Trevenant|Trevenant, L88, F|264/293\n|turn|20\n|\n|t:|1733786882\n|move|p2a: Plusle|Alluring Voice|p1a: Trevenant\n|-damage|p1a: Trevenant|81/293\n|-damage|p2a: Plusle|0 fnt|[from] item: Life Orb\n|faint|p2a: Plusle\n|move|p1a: Trevenant|Drain Punch|p2: Plusle|[notarget]\n|-fail|p1a: Trevenant\n|\n|upkeep\n|\n|t:|1733786886\n|switch|p2a: Talonflame|Talonflame, L83, M|82/265\n|turn|21\n|-message|nikegang forfeited.\n|\n|win|EsparraGoza\n|l|\u2606nikegang\n|player|p1|\n", "inputlog": ">version bfd83cad13791eb5a5a409923076391caf6fb4d4\n>start {\"formatid\":\"gen9randombattle\",\"seed\":[7185,21364,4842,11262]}\n>player p1 {\"name\":\"nikegang\",\"avatar\":\"guzma\",\"rating\":0,\"seed\":[52808,60756,17385,60315]}\n>player p2 {\"name\":\"EsparraGoza\",\"avatar\":\"volo\",\"rating\":0,\"seed\":[50738,52756,49090,52214]}\n>p1 switch 2\n>p2 move swordsdance\n>p1 move bodyslam\n>p2 move bravebird\n>p1 move bodyslam\n>p2 move flareblitz\n>p1 switch 4\n>p1 move stoneedge\n>p2 switch 5\n>p1 switch 6\n>p2 move leechseed\n>p1 move snowscape\n>p2 switch 2\n>p1 switch 3\n>p2 move calmmind\n>p1 move hornleech\n>p2 switch 4\n>p1 switch 6\n>p2 move hurricane\n>p1 move heavyslam\n>p2 move uturn\n>p2 switch 2\n>p1 switch 6\n>p2 move leechseed\n>p1 move drainpunch\n>p2 move protect\n>p1 move poltergeist\n>p2 switch 3\n>p1 switch 2\n>p2 move nastyplot\n>p1 move earthpower\n>p2 move thunderbolt\n>chat \u2606nikegang|\u00fanico jogo que te pune por fazer um bom pplay\n>p1 switch 6\n>p2 move alluringvoice\n>p1 move earthquake\n>p2 move alluringvoice\n>p1 switch 3\n>p1 move snowscape\n>p2 move thunderbolt\n>p1 switch 5\n>p1 move drainpunch\n>p2 move alluringvoice\n>p1 switch 2\n>p1 move drainpunch\n>p2 move alluringvoice\n>p2 switch 5\n>forcelose p1", "uploadtime": 1733786905, "views": 3, "formatid": "gen9randombattle", "rating": null, "private": 0, "password": null}