{"id": "gen9randombattle-2259964177", "format": "[Gen 9] Random Battle", "players": ["chillbruiwasgeeked", "DigitalVaporeon"], "log": "|j|\u2606chillbruiwasgeeked\n|j|\u2606DigitalVaporeon\n|t:|1733785007\n|gametype|singles\n|player|p1|chillbruiwasgeeked|ruinmaniac-gen3rs|1525\n|player|p2|DigitalVaporeon|lady-gen4|1491\n|teamsize|p1|6\n|teamsize|p2|6\n|gen|9\n|tier|[Gen 9] Random Battle\n|rated|\n|rule|Species Clause: Limit one of each Pok\u00e9mon\n|rule|HP Percentage Mod: HP is shown in percentages\n|rule|Sleep Clause Mod: Limit one foe put to sleep\n|rule|Illusion Level Mod: Illusion disguises the Pok\u00e9mon's true level\n|\n|t:|1733785007\n|start\n|switch|p1a: Cramorant|Cramorant, L86, M|261/261\n|switch|p2a: Ambipom|Ambipom, L84, M|263/263\n|turn|1\n|\n|t:|1733785019\n|switch|p1a: Lucario|Lucario, L84, M|255/255\n|move|p2a: Ambipom|Knock Off|p1a: Lucario\n|-resisted|p1a: Lucario\n|-damage|p1a: Lucario|196/255\n|-ability|p1a: Lucario|Justified|boost\n|-boost|p1a: Lucario|atk|1\n|-enditem|p1a: Lucario|Life Orb|[from] move: Knock Off|[of] p2a: Ambipom\n|\n|upkeep\n|turn|2\n|\n|t:|1733785039\n|switch|p2a: Sableye|Sableye, L89, M|234/234\n|move|p1a: Lucario|Meteor Mash|p2a: Sableye\n|-damage|p2a: Sableye|59/234\n|\n|-heal|p2a: Sableye|73/234|[from] item: Leftovers\n|upkeep\n|turn|3\n|\n|t:|1733785056\n|switch|p1a: Farigiraf|Farigiraf, L91, M|366/366\n|move|p2a: Sableye|Thunder Wave|p1a: Farigiraf\n|-status|p1a: Farigiraf|par\n|\n|-heal|p2a: Sableye|87/234|[from] item: Leftovers\n|upkeep\n|turn|4\n|\n|t:|1733785066\n|move|p2a: Sableye|Recover|p2a: Sableye\n|-heal|p2a: Sableye|204/234\n|cant|p1a: Farigiraf|par\n|\n|-heal|p2a: Sableye|218/234|[from] item: Leftovers\n|upkeep\n|turn|5\n|\n|t:|1733785071\n|switch|p1a: Garganacl|Garganacl, L80, M|291/291\n|move|p2a: Sableye|Knock Off|p1a: Garganacl\n|-damage|p1a: Garganacl|222/291\n|-enditem|p1a: Garganacl|Leftovers|[from] move: Knock Off|[of] p2a: Sableye\n|\n|-heal|p2a: Sableye|232/234|[from] item: Leftovers\n|upkeep\n|turn|6\n|\n|t:|1733785077\n|move|p2a: Sableye|Thunder Wave|p1a: Garganacl\n|-immune|p1a: Garganacl|[from] ability: Purifying Salt\n|move|p1a: Garganacl|Salt Cure|p2a: Sableye\n|-crit|p2a: Sableye\n|-damage|p2a: Sableye|166/234\n|-start|p2a: Sableye|Salt Cure\n|\n|-heal|p2a: Sableye|180/234|[from] item: Leftovers\n|-damage|p2a: Sableye|151/234|[from] Salt Cure\n|upkeep\n|turn|7\n|\n|t:|1733785109\n|switch|p2a: Ambipom|Ambipom, L84, M|263/263\n|move|p1a: Garganacl|Salt Cure|p2a: Ambipom\n|-damage|p2a: Ambipom|214/263\n|-start|p2a: Ambipom|Salt Cure\n|\n|-damage|p2a: Ambipom|182/263|[from] Salt Cure\n|upkeep\n|turn|8\n|\n|t:|1733785152\n|move|p2a: Ambipom|Low Kick|p1a: Garganacl\n|-supereffective|p1a: Garganacl\n|-damage|p1a: Garganacl|18/291\n|move|p1a: Garganacl|Recover|p1a: Garganacl\n|-heal|p1a: Garganacl|164/291\n|\n|-damage|p2a: Ambipom|150/263|[from] Salt Cure\n|upkeep\n|turn|9\n|\n|t:|1733785176\n|switch|p1a: Cramorant|Cramorant, L86, M|261/261\n|move|p2a: Ambipom|Low Kick|p1a: Cramorant\n|-resisted|p1a: Cramorant\n|-damage|p1a: Cramorant|213/261\n|\n|-damage|p2a: Ambipom|118/263|[from] Salt Cure\n|upkeep\n|turn|10\n|\n|t:|1733785196\n|switch|p2a: Sableye|Sableye, L89, M|151/234\n|move|p1a: Cramorant|Surf|p2a: Sableye\n|-formechange|p1a: Cramorant|Cramorant-Gulping|\n|-damage|p2a: Sableye|40/234\n|\n|-heal|p2a: Sableye|54/234|[from] item: Leftovers\n|upkeep\n|turn|11\n|\n|t:|1733785211\n|switch|p1a: Garganacl|Garganacl, L80, M|164/291\n|move|p2a: Sableye|Recover|p2a: Sableye\n|-heal|p2a: Sableye|171/234\n|\n|-heal|p2a: Sableye|185/234|[from] item: Leftovers\n|upkeep\n|turn|12\n|\n|t:|1733785240\n|move|p2a: Sableye|Knock Off|p1a: Garganacl\n|-damage|p1a: Garganacl|118/291\n|move|p1a: Garganacl|Recover|p1a: Garganacl\n|-heal|p1a: Garganacl|264/291\n|\n|-heal|p2a: Sableye|199/234|[from] item: Leftovers\n|upkeep\n|turn|13\n|\n|t:|1733785247\n|move|p2a: Sableye|Encore|p1a: Garganacl\n|-start|p1a: Garganacl|Encore\n|move|p1a: Garganacl|Recover|p1a: Garganacl\n|-heal|p1a: Garganacl|291/291\n|\n|-heal|p2a: Sableye|213/234|[from] item: Leftovers\n|upkeep\n|turn|14\n|\n|t:|1733785272\n|switch|p2a: Espathra|Espathra, L80, F|283/283\n|switch|p1a: Roaring Moon|Roaring Moon, L72|270/270\n|-enditem|p1a: Roaring Moon|Booster Energy\n|-activate|p1a: Roaring Moon|ability: Protosynthesis|[fromitem]\n|-start|p1a: Roaring Moon|protosynthesisatk\n|\n|upkeep\n|turn|15\n|\n|t:|1733785288\n|-terastallize|p1a: Roaring Moon|Steel\n|move|p2a: Espathra|Dazzling Gleam|p1a: Roaring Moon\n|-resisted|p1a: Roaring Moon\n|-damage|p1a: Roaring Moon|231/270\n|move|p1a: Roaring Moon|Dragon Dance|p1a: Roaring Moon\n|-boost|p1a: Roaring Moon|atk|1\n|-boost|p1a: Roaring Moon|spe|1\n|\n|-ability|p2a: Espathra|Speed Boost|boost\n|-boost|p2a: Espathra|spe|1\n|upkeep\n|turn|16\n|\n|t:|1733785296\n|switch|p2a: Sableye|Sableye, L89, M|213/234\n|move|p1a: Roaring Moon|Knock Off|p2a: Sableye\n|-damage|p2a: Sableye|20/234\n|-enditem|p2a: Sableye|Leftovers|[from] move: Knock Off|[of] p1a: Roaring Moon\n|\n|upkeep\n|turn|17\n|\n|t:|1733785305\n|move|p2a: Sableye|Thunder Wave|p1a: Roaring Moon\n|-status|p1a: Roaring Moon|par\n|move|p1a: Roaring Moon|Knock Off|p2a: Sableye\n|-damage|p2a: Sableye|0 fnt\n|faint|p2a: Sableye\n|\n|upkeep\n|\n|t:|1733785326\n|switch|p2a: Espathra|Espathra, L80, F|283/283\n|turn|18\n|\n|t:|1733785335\n|move|p2a: Espathra|Lumina Crash|p1a: Roaring Moon\n|-resisted|p1a: Roaring Moon\n|-damage|p1a: Roaring Moon|167/270 par\n|-unboost|p1a: Roaring Moon|spd|2\n|move|p1a: Roaring Moon|Knock Off|p2a: Espathra\n|-supereffective|p2a: Espathra\n|-damage|p2a: Espathra|0 fnt\n|-enditem|p2a: Espathra|Choice Specs|[from] move: Knock Off|[of] p1a: Roaring Moon\n|faint|p2a: Espathra\n|\n|upkeep\n|\n|t:|1733785359\n|switch|p2a: Scyther|Scyther, L82, M|249/249\n|turn|19\n|\n|t:|1733785374\n|-end|p1a: Roaring Moon|Protosynthesis|[silent]\n|switch|p1a: Cramorant|Cramorant, L86, M|213/261\n|-terastallize|p2a: Scyther|Fighting\n|move|p2a: Scyther|Close Combat|p1a: Cramorant\n|-resisted|p1a: Cramorant\n|-damage|p1a: Cramorant|120/261\n|-unboost|p2a: Scyther|def|1\n|-unboost|p2a: Scyther|spd|1\n|\n|upkeep\n|turn|20\n|\n|t:|1733785389\n|switch|p2a: Muk|Muk, L86, M|321/321\n|move|p1a: Cramorant|Roost|p1a: Cramorant\n|-heal|p1a: Cramorant|251/261\n|-singleturn|p1a: Cramorant|move: Roost\n|\n|upkeep\n|turn|21\n|\n|t:|1733785400\n|switch|p1a: Lucario|Lucario, L84, M|196/255\n|move|p2a: Muk|Knock Off|p1a: Lucario\n|-resisted|p1a: Lucario\n|-damage|p1a: Lucario|164/255\n|-ability|p1a: Lucario|Justified|boost\n|-boost|p1a: Lucario|atk|1\n|\n|upkeep\n|turn|22\n|\n|t:|1733785415\n|move|p1a: Lucario|Meteor Mash|p2a: Muk\n|-damage|p2a: Muk|140/321\n|move|p2a: Muk|Ice Punch|p1a: Lucario\n|-resisted|p1a: Lucario\n|-damage|p1a: Lucario|127/255\n|\n|upkeep\n|turn|23\n|\n|t:|1733785429\n|switch|p2a: Solgaleo|Solgaleo, L74|325/325\n|move|p1a: Lucario|Meteor Mash|p2a: Solgaleo\n|-resisted|p2a: Solgaleo\n|-damage|p2a: Solgaleo|242/325\n|-damage|p1a: Lucario|85/255|[from] item: Rocky Helmet|[of] p2a: Solgaleo\n|\n|upkeep\n|turn|24\n|\n|t:|1733785453\n|move|p1a: Lucario|Close Combat|p2a: Solgaleo\n|-damage|p2a: Solgaleo|53/325\n|-unboost|p1a: Lucario|def|1\n|-unboost|p1a: Lucario|spd|1\n|-damage|p1a: Lucario|43/255|[from] item: Rocky Helmet|[of] p2a: Solgaleo\n|move|p2a: Solgaleo|Psychic Fangs|p1a: Lucario\n|-damage|p1a: Lucario|0 fnt\n|faint|p1a: Lucario\n|\n|upkeep\n|\n|t:|1733785460\n|switch|p1a: Cramorant|Cramorant, L86, M|251/261\n|turn|25\n|\n|t:|1733785468\n|switch|p2a: Muk|Muk, L86, M|140/321\n|move|p1a: Cramorant|Surf|p2a: Muk\n|-formechange|p1a: Cramorant|Cramorant-Gulping|\n|-damage|p2a: Muk|88/321\n|\n|upkeep\n|turn|26\n|\n|t:|1733785483\n|move|p1a: Cramorant|Brave Bird|p2a: Muk\n|-damage|p2a: Muk|0 fnt\n|faint|p2a: Muk\n|-damage|p1a: Cramorant|222/261|[from] Recoil\n|\n|upkeep\n|\n|t:|1733785496\n|switch|p2a: Ambipom|Ambipom, L84, M|118/263\n|turn|27\n|\n|t:|1733785508\n|switch|p1a: Annihilape|Annihilape, L76, F|292/292\n|move|p2a: Ambipom|Double-Edge|p1a: Annihilape\n|-immune|p1a: Annihilape\n|\n|upkeep\n|turn|28\n|\n|t:|1733785515\n|switch|p2a: Scyther|Scyther, L82, M, tera:Fighting|249/249\n|move|p1a: Annihilape|Drain Punch|p2a: Scyther\n|-damage|p2a: Scyther|171/249\n|\n|upkeep\n|turn|29\n|\n|t:|1733785524\n|switch|p1a: Garganacl|Garganacl, L80, M|291/291\n|move|p2a: Scyther|Swords Dance|p2a: Scyther\n|-boost|p2a: Scyther|atk|2\n|\n|upkeep\n|turn|30\n|\n|t:|1733785532\n|move|p2a: Scyther|Close Combat|p1a: Garganacl\n|-supereffective|p1a: Garganacl\n|-damage|p1a: Garganacl|0 fnt\n|-unboost|p2a: Scyther|def|1\n|-unboost|p2a: Scyther|spd|1\n|faint|p1a: Garganacl\n|\n|upkeep\n|\n|t:|1733785555\n|switch|p1a: Cramorant|Cramorant, L86, M|222/261\n|turn|31\n|\n|t:|1733785580\n|move|p2a: Scyther|Dual Wingbeat|p1a: Cramorant\n|-damage|p1a: Cramorant|38/261\n|-damage|p1a: Cramorant|0 fnt\n|faint|p1a: Cramorant\n|-hitcount|p1: Cramorant|2\n|\n|upkeep\n|\n|t:|1733785586\n|switch|p1a: Farigiraf|Farigiraf, L91, M|366/366 par\n|turn|32\n|\n|t:|1733785593\n|move|p2a: Scyther|Bug Bite|p1a: Farigiraf\n|-supereffective|p1a: Farigiraf\n|-damage|p1a: Farigiraf|0 fnt\n|faint|p1a: Farigiraf\n|\n|upkeep\n|\n|t:|1733785604\n|switch|p1a: Roaring Moon|Roaring Moon, L72, tera:Steel|167/270 par\n|turn|33\n|\n|t:|1733785609\n|move|p2a: Scyther|Close Combat|p1a: Roaring Moon\n|-supereffective|p1a: Roaring Moon\n|-damage|p1a: Roaring Moon|0 fnt\n|-unboost|p2a: Scyther|def|1\n|-unboost|p2a: Scyther|spd|1\n|faint|p1a: Roaring Moon\n|-end|p1a: Roaring Moon|Protosynthesis|[silent]\n|\n|upkeep\n|\n|t:|1733785611\n|switch|p1a: Annihilape|Annihilape, L76, F|292/292\n|turn|34\n|\n|t:|1733785618\n|move|p2a: Scyther|Dual Wingbeat|p1a: Annihilape\n|-supereffective|p1a: Annihilape\n|-damage|p1a: Annihilape|0 fnt\n|faint|p1a: Annihilape\n|-hitcount|p1: Annihilape|1\n|\n|win|DigitalVaporeon\n|raw|chillbruiwasgeeked's rating: 1525 &rarr; <strong>1503</strong><br />(-22 for losing)\n|raw|DigitalVaporeon's rating: 1491 &rarr; <strong>1513</strong><br />(+22 for winning)\n|c|\u2606DigitalVaporeon|gg\n|c|\u2606chillbruiwasgeeked|gg\n|l|\u2606chillbruiwasgeeked\n|player|p1|\n", "inputlog": ">version bfd83cad13791eb5a5a409923076391caf6fb4d4\n>start {\"formatid\":\"gen9randombattle\",\"seed\":[374,37151,58588,7070],\"rated\":\"Rated battle\"}\n>player p1 {\"name\":\"chillbruiwasgeeked\",\"avatar\":\"ruinmaniac-gen3rs\",\"rating\":1525,\"seed\":[14009,64935,54198,63135]}\n>player p2 {\"name\":\"DigitalVaporeon\",\"avatar\":\"lady-gen4\",\"rating\":1491,\"seed\":[28165,23223,2722,9429]}\n>p1 switch 2\n>p2 move knockoff\n>p1 move meteormash\n>p2 switch 5\n>p1 switch 4\n>p2 move thunderwave\n>p1 move wish\n>p2 move recover\n>p1 switch 3\n>p2 move knockoff\n>p1 move saltcure\n>p2 move thunderwave\n>p1 move saltcure\n>p2 switch 5\n>p1 move recover\n>p2 move lowkick\n>p1 switch 2\n>p2 move lowkick\n>p1 move surf\n>p2 switch 5\n>p1 switch 2\n>p2 move recover\n>p1 move recover\n>p2 move knockoff\n>p1 move saltcure\n>p2 move encore\n>p1 switch 5\n>p2 switch 2\n>p1 move dragondance terastallize\n>p2 move dazzlinggleam\n>p1 move knockoff\n>p2 switch 2\n>p1 move knockoff\n>p2 move thunderwave\n>p2 switch 2\n>p1 move knockoff\n>p2 move luminacrash\n>p2 switch 3\n>p1 switch 2\n>p2 move closecombat terastallize\n>p1 move roost\n>p2 switch 6\n>p1 switch 4\n>p2 move knockoff\n>p1 move meteormash\n>p2 move icepunch\n>p1 move meteormash\n>p2 switch 4\n>p1 move closecombat\n>p2 move psychicfangs\n>p1 switch 4\n>p1 move surf\n>p2 switch 4\n>p1 move bravebird\n>p2 move poisonjab\n>p2 switch 5\n>p1 switch 6\n>p2 move doubleedge\n>p1 move drainpunch\n>p2 switch 6\n>p1 switch 5\n>p2 move swordsdance\n>p1 move saltcure\n>p2 move closecombat\n>p1 switch 6\n>p1 move bravebird\n>p2 move dualwingbeat\n>p1 switch 3\n>p1 move hypervoice\n>p2 move bugbite\n>p1 switch 2\n>p1 move outrage\n>p2 move closecombat\n>p1 switch 5\n>p1 move drainpunch\n>p2 move dualwingbeat", "uploadtime": 1733785627, "views": 5, "formatid": "gen9randombattle", "rating": 1503, "private": 0, "password": null}