{"id": "gen9randombattle-2199358550", "format": "[Gen 9] Random Battle", "players": ["JuanAsh \u2605\u2605\u2605\u2605", "RBLT Separa"], "log": "|badge|p2|bronze|gen9randombattle|100-2\n|uhtml|medal-msg|<div class=\"broadcast-blue\">Curious what those medals under the avatar are? PS now has Ladder Seasons! For more information, check out the <a href=\"https://www.smogon.com/forums/threads/3740067/\">thread on Smogon.</a></div>\n|raw|<div class=\"broadcast-blue\"><strong>This battle is required to be public due to a player having a name starting with 'rblt'.</div>\n|j|\u2606JuanAsh \u2605\u2605\u2605\u2605\n|j|\u2606RBLT Separa\n|t:|1726068382\n|gametype|singles\n|player|p1|JuanAsh \u2605\u2605\u2605\u2605|nemona-v|2200\n|player|p2|RBLT Separa|acetrainerf-gen4dp|2379\n|teamsize|p1|6\n|teamsize|p2|6\n|gen|9\n|tier|[Gen 9] Random Battle\n|rated|\n|rule|Species Clause: Limit one of each Pok\u00e9mon\n|rule|HP Percentage Mod: HP is shown in percentages\n|rule|Sleep Clause Mod: Limit one foe put to sleep\n|rule|Illusion Level Mod: Illusion disguises the Pok\u00e9mon's true level\n|\n|t:|1726068382\n|start\n|switch|p1a: Gengar|Gengar, L81, M|230/230\n|switch|p2a: Azelf|Azelf, L82|257/257\n|turn|1\n|inactive|Battle timer is ON: inactive players will automatically lose when time's up. (requested by RBLT Separa)\n|inactive|JuanAsh \u2605\u2605\u2605\u2605 also wants the timer to be on.\n|\n|t:|1726068395\n|-terastallize|p1a: Gengar|Dark\n|move|p2a: Azelf|Psyshock|p1a: Gengar\n|-immune|p1a: Gengar\n|move|p1a: Gengar|Shadow Ball|p2a: Azelf\n|-supereffective|p2a: Azelf\n|-damage|p2a: Azelf|0 fnt\n|faint|p2a: Azelf\n|-damage|p1a: Gengar|207/230|[from] item: Life Orb\n|\n|upkeep\n|\n|t:|1726068416\n|switch|p2a: Crabominable|Crabominable, L90, M|321/321\n|turn|2\n|\n|t:|1726068429\n|switch|p1a: Granbull|Granbull, L88, F|302/302\n|-ability|p1a: Granbull|Intimidate|boost\n|-unboost|p2a: Crabominable|atk|1\n|move|p2a: Crabominable|Drain Punch|p1a: Granbull\n|-resisted|p1a: Granbull\n|-damage|p1a: Granbull|251/302\n|\n|-heal|p1a: Granbull|269/302|[from] item: Leftovers\n|upkeep\n|turn|3\n|\n|t:|1726068442\n|switch|p2a: Basculegion|Basculegion-F, L83, F|335/335\n|move|p1a: Granbull|Thunder Wave|p2a: Basculegion\n|-status|p2a: Basculegion|par\n|\n|-heal|p1a: Granbull|287/302|[from] item: Leftovers\n|upkeep\n|turn|4\n|\n|t:|1726068465\n|switch|p1a: Sawsbuck|Sawsbuck-Autumn, L88, F|284/284\n|move|p2a: Basculegion|Hydro Pump|p1a: Sawsbuck\n|-resisted|p1a: Sawsbuck\n|-damage|p1a: Sawsbuck|189/284\n|\n|upkeep\n|turn|5\n|\n|t:|1726068479\n|switch|p2a: Masquerain|Masquerain, L87, M|264/264\n|-ability|p2a: Masquerain|Intimidate|boost\n|-unboost|p1a: Sawsbuck|atk|1\n|move|p1a: Sawsbuck|Swords Dance|p1a: Sawsbuck\n|-boost|p1a: Sawsbuck|atk|2\n|\n|upkeep\n|turn|6\n|inactive|RBLT Separa has 120 seconds left.\n|\n|t:|1726068508\n|switch|p2a: Basculegion|Basculegion-F, L83, F|335/335 par\n|move|p1a: Sawsbuck|Headbutt|p2a: Basculegion\n|-immune|p2a: Basculegion\n|\n|upkeep\n|turn|7\n|inactive|RBLT Separa has 120 seconds left.\n|\n|t:|1726068514\n|switch|p2a: Masquerain|Masquerain, L87, M|264/264\n|-ability|p2a: Masquerain|Intimidate|boost\n|-unboost|p1a: Sawsbuck|atk|1\n|move|p1a: Sawsbuck|Swords Dance|p1a: Sawsbuck\n|-boost|p1a: Sawsbuck|atk|2\n|\n|upkeep\n|turn|8\n|inactive|RBLT Separa has 120 seconds left.\n|\n|t:|1726068524\n|move|p1a: Sawsbuck|Headbutt|p2a: Masquerain\n|-damage|p2a: Masquerain|13/264\n|-damage|p1a: Sawsbuck|161/284|[from] item: Life Orb\n|cant|p2a: Masquerain|flinch\n|\n|upkeep\n|turn|9\n|\n|t:|1726068534\n|move|p1a: Sawsbuck|Horn Leech|p2a: Masquerain\n|-resisted|p2a: Masquerain\n|-damage|p2a: Masquerain|0 fnt\n|-heal|p1a: Sawsbuck|168/284|[from] drain|[of] p2a: Masquerain\n|faint|p2a: Masquerain\n|-damage|p1a: Sawsbuck|140/284|[from] item: Life Orb\n|\n|upkeep\n|\n|t:|1726068537\n|switch|p2a: Crabominable|Crabominable, L90, M|321/321\n|turn|10\n|\n|t:|1726068542\n|move|p1a: Sawsbuck|Headbutt|p2a: Crabominable\n|-damage|p2a: Crabominable|110/321\n|-damage|p1a: Sawsbuck|112/284|[from] item: Life Orb\n|cant|p2a: Crabominable|flinch\n|\n|upkeep\n|turn|11\n|\n|t:|1726068548\n|move|p1a: Sawsbuck|Horn Leech|p2a: Crabominable\n|-damage|p2a: Crabominable|0 fnt\n|-heal|p1a: Sawsbuck|167/284|[from] drain|[of] p2a: Crabominable\n|faint|p2a: Crabominable\n|-damage|p1a: Sawsbuck|139/284|[from] item: Life Orb\n|\n|upkeep\n|\n|t:|1726068550\n|switch|p2a: Flygon|Flygon, L82, F|265/265\n|turn|12\n|\n|t:|1726068558\n|-terastallize|p2a: Flygon|Steel\n|move|p1a: Sawsbuck|Horn Leech|p2a: Flygon\n|-resisted|p2a: Flygon\n|-damage|p2a: Flygon|143/265\n|-heal|p1a: Sawsbuck|200/284|[from] drain|[of] p2a: Flygon\n|-damage|p1a: Sawsbuck|172/284|[from] item: Life Orb\n|move|p2a: Flygon|Dragon Dance|p2a: Flygon\n|-boost|p2a: Flygon|atk|1\n|-boost|p2a: Flygon|spe|1\n|\n|upkeep\n|turn|13\n|\n|t:|1726068571\n|switch|p1a: Granbull|Granbull, L88, F|287/302\n|-ability|p1a: Granbull|Intimidate|boost\n|-unboost|p2a: Flygon|atk|1\n|move|p2a: Flygon|Dragon Dance|p2a: Flygon\n|-boost|p2a: Flygon|atk|1\n|-boost|p2a: Flygon|spe|1\n|\n|-heal|p1a: Granbull|302/302|[from] item: Leftovers\n|upkeep\n|turn|14\n|\n|t:|1726068575\n|move|p2a: Flygon|Earthquake|p1a: Granbull\n|-damage|p1a: Granbull|127/302\n|move|p1a: Granbull|Thunder Wave|p2a: Flygon\n|-status|p2a: Flygon|par\n|-enditem|p2a: Flygon|Lum Berry|[eat]\n|-curestatus|p2a: Flygon|par|[msg]\n|\n|-heal|p1a: Granbull|145/302|[from] item: Leftovers\n|upkeep\n|turn|15\n|\n|t:|1726068584\n|move|p2a: Flygon|Earthquake|p1a: Granbull\n|-damage|p1a: Granbull|0 fnt\n|faint|p1a: Granbull\n|\n|upkeep\n|\n|t:|1726068586\n|switch|p1a: Vileplume|Vileplume, L86, F|269/269\n|turn|16\n|\n|t:|1726068592\n|move|p2a: Flygon|Dragon Dance|p2a: Flygon\n|-boost|p2a: Flygon|atk|1\n|-boost|p2a: Flygon|spe|1\n|move|p1a: Vileplume|Strength Sap|p2a: Flygon\n|-unboost|p2a: Flygon|atk|1\n|\n|upkeep\n|turn|17\n|\n|t:|1726068598\n|move|p2a: Flygon|Dragon Dance|p2a: Flygon\n|-boost|p2a: Flygon|atk|1\n|-boost|p2a: Flygon|spe|1\n|move|p1a: Vileplume|Leech Seed|p2a: Flygon\n|-start|p2a: Flygon|move: Leech Seed\n|\n|-damage|p2a: Flygon|110/265|[from] Leech Seed|[of] p1a: Vileplume\n|upkeep\n|turn|18\n|\n|t:|1726068622\n|move|p2a: Flygon|Earthquake|p1a: Vileplume\n|-damage|p1a: Vileplume|67/269\n|move|p1a: Vileplume|Strength Sap|p2a: Flygon\n|-unboost|p2a: Flygon|atk|1\n|-heal|p1a: Vileplume|269/269\n|\n|-damage|p2a: Flygon|77/265|[from] Leech Seed|[of] p1a: Vileplume\n|upkeep\n|turn|19\n|\n|t:|1726068627\n|switch|p2a: Alcremie|Alcremie-Salted-Cream, L90, F|263/263\n|move|p1a: Vileplume|Strength Sap|p2a: Alcremie\n|-unboost|p2a: Alcremie|atk|1\n|\n|upkeep\n|turn|20\n|\n|t:|1726068631\n|move|p2a: Alcremie|Calm Mind|p2a: Alcremie\n|-boost|p2a: Alcremie|spa|1\n|-boost|p2a: Alcremie|spd|1\n|move|p1a: Vileplume|Sludge Bomb|p2a: Alcremie\n|-supereffective|p2a: Alcremie\n|-damage|p2a: Alcremie|159/263\n|-status|p2a: Alcremie|psn\n|\n|-heal|p2a: Alcremie|175/263 psn|[from] item: Leftovers\n|-damage|p2a: Alcremie|143/263 psn|[from] psn\n|upkeep\n|turn|21\n|\n|t:|1726068635\n|move|p2a: Alcremie|Calm Mind|p2a: Alcremie\n|-boost|p2a: Alcremie|spa|1\n|-boost|p2a: Alcremie|spd|1\n|move|p1a: Vileplume|Leech Seed|p2a: Alcremie\n|-start|p2a: Alcremie|move: Leech Seed\n|\n|-heal|p2a: Alcremie|159/263 psn|[from] item: Leftovers\n|-damage|p2a: Alcremie|127/263 psn|[from] Leech Seed|[of] p1a: Vileplume\n|-damage|p2a: Alcremie|95/263 psn|[from] psn\n|upkeep\n|turn|22\n|\n|t:|1726068639\n|move|p2a: Alcremie|Psyshock|p1a: Vileplume\n|-supereffective|p1a: Vileplume\n|-damage|p1a: Vileplume|0 fnt\n|faint|p1a: Vileplume\n|\n|-heal|p2a: Alcremie|111/263 psn|[from] item: Leftovers\n|-damage|p2a: Alcremie|79/263 psn|[from] psn\n|upkeep\n|\n|t:|1726068646\n|switch|p1a: Sawsbuck|Sawsbuck-Autumn, L88, F|172/284\n|turn|23\n|\n|t:|1726068651\n|move|p1a: Sawsbuck|Headbutt|p2a: Alcremie\n|-damage|p2a: Alcremie|0 fnt\n|faint|p2a: Alcremie\n|-damage|p1a: Sawsbuck|144/284|[from] item: Life Orb\n|\n|upkeep\n|\n|t:|1726068653\n|switch|p2a: Flygon|Flygon, L82, F, tera:Steel|77/265\n|turn|24\n|\n|t:|1726068662\n|move|p1a: Sawsbuck|Headbutt|p2a: Flygon\n|-resisted|p2a: Flygon\n|-damage|p2a: Flygon|16/265\n|-damage|p1a: Sawsbuck|116/284|[from] item: Life Orb\n|cant|p2a: Flygon|flinch\n|\n|upkeep\n|turn|25\n|\n|t:|1726068665\n|move|p1a: Sawsbuck|Horn Leech|p2a: Flygon\n|-resisted|p2a: Flygon\n|-damage|p2a: Flygon|0 fnt\n|-heal|p1a: Sawsbuck|124/284|[from] drain|[of] p2a: Flygon\n|faint|p2a: Flygon\n|-damage|p1a: Sawsbuck|96/284|[from] item: Life Orb\n|\n|upkeep\n|-message|RBLT Separa forfeited.\n|\n|win|JuanAsh \u2605\u2605\u2605\u2605\n|raw|JuanAsh \u2605\u2605\u2605\u2605's rating: 2200 &rarr; <strong>2229</strong><br />(+29 for winning)\n|raw|RBLT Separa's rating: 2379 &rarr; <strong>2350</strong><br />(-29 for losing)\n|l|\u2606RBLT Separa\n|player|p2|\n", "inputlog": ">version 4aaeaf600b1c44f5d740f3e60432e126c6a1bdf3\n>start {\"formatid\":\"gen9randombattle\",\"seed\":[13227,47469,39127,13764],\"rated\":\"Rated battle\"}\n>player p1 {\"name\":\"JuanAsh \u2605\u2605\u2605\u2605\",\"avatar\":\"nemona-v\",\"rating\":2200,\"seed\":[37113,33833,48231,16428]}\n>player p2 {\"name\":\"RBLT Separa\",\"avatar\":\"acetrainerf-gen4dp\",\"rating\":2379,\"seed\":[22869,56371,1441,28527]}\n>p1 move shadowball terastallize\n>p2 move psyshock\n>p2 switch 6\n>p1 switch 3\n>p2 move drainpunch\n>p1 move thunderwave\n>p2 switch 4\n>p1 switch 6\n>p2 move hydropump\n>p1 move swordsdance\n>p2 switch 5\n>p1 move headbutt\n>p2 switch 5\n>p1 move swordsdance\n>p2 switch 5\n>p1 move headbutt\n>p2 move bugbuzz\n>p1 move hornleech\n>p2 move bugbuzz\n>p2 switch 4\n>p1 move headbutt\n>p2 move drainpunch\n>p1 move hornleech\n>p2 move drainpunch\n>p2 switch 2\n>p1 move hornleech\n>p2 move dragondance terastallize\n>p1 switch 6\n>p2 move dragondance\n>p1 move thunderwave\n>p2 move earthquake\n>p1 move thunderwave\n>p2 move earthquake\n>p1 switch 5\n>p1 move strengthsap\n>p2 move dragondance\n>p1 move leechseed\n>p2 move dragondance\n>p1 move strengthsap\n>p2 move earthquake\n>p1 move strengthsap\n>p2 switch 3\n>p1 move sludgebomb\n>p2 move calmmind\n>p1 move leechseed\n>p2 move calmmind\n>p1 move sludgebomb\n>p2 move psyshock\n>p1 switch 6\n>p1 move headbutt\n>p2 move alluringvoice\n>p2 switch 3\n>p1 move headbutt\n>p2 move dragondance\n>p1 move hornleech\n>p2 move dragondance\n>forcelose p2", "uploadtime": 1726068679, "views": 95, "formatid": "gen9randombattle", "rating": 2229, "private": 0, "password": null}