{"id": "gen9randombattle-2260715546", "format": "[Gen 9] Random Battle", "players": ["menchi-kun", "bambooeater57"], "log": "|j|\u2606menchi-kun\n|j|\u2606bambooeater57\n|t:|1733882082\n|gametype|singles\n|player|p1|menchi-kun|shadowtriad|1511\n|player|p2|bambooeater57|1|1548\n|teamsize|p1|6\n|teamsize|p2|6\n|gen|9\n|tier|[Gen 9] Random Battle\n|rated|\n|rule|Species Clause: Limit one of each Pok\u00e9mon\n|rule|HP Percentage Mod: HP is shown in percentages\n|rule|Sleep Clause Mod: Limit one foe put to sleep\n|rule|Illusion Level Mod: Illusion disguises the Pok\u00e9mon's true level\n|\n|t:|1733882082\n|start\n|switch|p1a: Exeggutor|Exeggutor-Alola, L89, M|314/314\n|switch|p2a: Pawmot|Pawmot, L80, F|243/243\n|turn|1\n|\n|t:|1733882091\n|move|p2a: Pawmot|Nuzzle|p1a: Exeggutor\n|-resisted|p1a: Exeggutor\n|-damage|p1a: Exeggutor|309/314\n|-status|p1a: Exeggutor|par\n|move|p1a: Exeggutor|Flamethrower|p2a: Pawmot\n|-damage|p2a: Pawmot|130/243\n|\n|upkeep\n|turn|2\n|inactive|Battle timer is ON: inactive players will automatically lose when time's up. (requested by bambooeater57)\n|\n|t:|1733882103\n|switch|p2a: Cramorant|Cramorant, L86, F|261/261\n|cant|p1a: Exeggutor|par\n|\n|upkeep\n|turn|3\n|\n|t:|1733882110\n|switch|p1a: Oranguru|Oranguru, L92, M|315/315\n|move|p2a: Cramorant|Brave Bird|p1a: Oranguru\n|-damage|p1a: Oranguru|197/315\n|-damage|p2a: Cramorant|222/261|[from] Recoil\n|\n|upkeep\n|turn|4\n|\n|t:|1733882118\n|move|p2a: Cramorant|Surf|p1a: Oranguru\n|-formechange|p2a: Cramorant|Cramorant-Gulping|\n|-damage|p1a: Oranguru|121/315\n|move|p1a: Oranguru|Hyper Voice|p2a: Cramorant\n|-damage|p2a: Cramorant|84/261\n|-damage|p1a: Oranguru|43/315|[from] ability: Gulp Missile|[of] p2a: Cramorant\n|-unboost|p1a: Oranguru|def|1\n|-formechange|p2a: Cramorant|Cramorant|\n|\n|upkeep\n|turn|5\n|\n|t:|1733882124\n|move|p2a: Cramorant|Surf|p1a: Oranguru\n|-formechange|p2a: Cramorant|Cramorant-Gorging|\n|-damage|p1a: Oranguru|0 fnt\n|faint|p1a: Oranguru\n|\n|upkeep\n|\n|t:|1733882129\n|switch|p1a: Exeggutor|Exeggutor-Alola, L89, M|309/314 par\n|turn|6\n|\n|t:|1733882133\n|move|p2a: Cramorant|Roost|p2a: Cramorant\n|-heal|p2a: Cramorant|215/261\n|-singleturn|p2a: Cramorant|move: Roost\n|cant|p1a: Exeggutor|par\n|\n|upkeep\n|turn|7\n|\n|t:|1733882138\n|move|p2a: Cramorant|Brave Bird|p1a: Exeggutor\n|-supereffective|p1a: Exeggutor\n|-damage|p1a: Exeggutor|91/314 par\n|-enditem|p1a: Exeggutor|Sitrus Berry|[eat]\n|-heal|p1a: Exeggutor|169/314 par|[from] item: Sitrus Berry\n|-damage|p2a: Cramorant|143/261|[from] Recoil\n|move|p1a: Exeggutor|Dragon Pulse|p2a: Cramorant\n|-crit|p2a: Cramorant\n|-damage|p2a: Cramorant|0 fnt\n|-damage|p1a: Exeggutor|91/314 par|[from] ability: Gulp Missile|[of] p2a: Cramorant\n|-formechange|p2a: Cramorant|Cramorant|\n|faint|p2a: Cramorant\n|\n|upkeep\n|\n|t:|1733882152\n|switch|p2a: Grafaiai|Grafaiai, L86, M|249/249\n|turn|8\n|\n|t:|1733882156\n|move|p2a: Grafaiai|Gunk Shot|p1a: Exeggutor\n|-supereffective|p1a: Exeggutor\n|-damage|p1a: Exeggutor|0 fnt\n|faint|p1a: Exeggutor\n|\n|upkeep\n|\n|t:|1733882163\n|switch|p1a: Conkeldurr|Conkeldurr, L80, M|299/299\n|turn|9\n|\n|t:|1733882168\n|move|p2a: Grafaiai|Knock Off|p1a: Conkeldurr\n|-resisted|p1a: Conkeldurr\n|-damage|p1a: Conkeldurr|263/299\n|-status|p1a: Conkeldurr|psn|[from] ability: Poison Touch|[of] p2a: Grafaiai\n|-enditem|p1a: Conkeldurr|Flame Orb|[from] move: Knock Off|[of] p2a: Grafaiai\n|move|p1a: Conkeldurr|Knock Off|p2a: Grafaiai\n|-damage|p2a: Grafaiai|86/249\n|-enditem|p2a: Grafaiai|Assault Vest|[from] move: Knock Off|[of] p1a: Conkeldurr\n|\n|-damage|p1a: Conkeldurr|226/299 psn|[from] psn\n|upkeep\n|turn|10\n|\n|t:|1733882184\n|move|p2a: Grafaiai|U-turn|p1a: Conkeldurr\n|-resisted|p1a: Conkeldurr\n|-damage|p1a: Conkeldurr|199/299 psn\n|\n|t:|1733882186\n|switch|p2a: Sableye|Sableye, L89, F|234/234|[from] U-turn\n|move|p1a: Conkeldurr|Close Combat|p2a: Sableye\n|-immune|p2a: Sableye\n|\n|-damage|p1a: Conkeldurr|162/299 psn|[from] psn\n|upkeep\n|turn|11\n|\n|t:|1733882191\n|move|p2a: Sableye|Encore|p1a: Conkeldurr\n|-start|p1a: Conkeldurr|Encore\n|move|p1a: Conkeldurr|Close Combat|p2a: Sableye\n|-immune|p2a: Sableye\n|\n|-damage|p1a: Conkeldurr|125/299 psn|[from] psn\n|upkeep\n|turn|12\n|\n|t:|1733882198\n|switch|p1a: Giratina|Giratina, L75|349/349\n|-ability|p1a: Giratina|Pressure\n|move|p2a: Sableye|Will-O-Wisp|p1a: Giratina\n|-status|p1a: Giratina|brn\n|\n|-damage|p1a: Giratina|328/349 brn|[from] brn\n|upkeep\n|turn|13\n|\n|t:|1733882203\n|move|p1a: Giratina|Dragon Pulse|p2a: Sableye\n|-damage|p2a: Sableye|152/234\n|move|p2a: Sableye|Knock Off|p1a: Giratina\n|-supereffective|p1a: Giratina\n|-crit|p1a: Giratina\n|-damage|p1a: Giratina|64/349 brn\n|-enditem|p1a: Giratina|Leftovers|[from] move: Knock Off|[of] p2a: Sableye\n|\n|-heal|p2a: Sableye|166/234|[from] item: Leftovers\n|-damage|p1a: Giratina|43/349 brn|[from] brn\n|upkeep\n|turn|14\n|\n|t:|1733882210\n|move|p1a: Giratina|Dragon Pulse|p2a: Sableye\n|-damage|p2a: Sableye|72/234\n|move|p2a: Sableye|Knock Off|p1a: Giratina\n|-supereffective|p1a: Giratina\n|-damage|p1a: Giratina|0 fnt\n|faint|p1a: Giratina\n|\n|-heal|p2a: Sableye|86/234|[from] item: Leftovers\n|upkeep\n|\n|t:|1733882215\n|switch|p1a: Conkeldurr|Conkeldurr, L80, M|125/299 psn\n|turn|15\n|\n|t:|1733882228\n|switch|p2a: Grafaiai|Grafaiai, L86, M|86/249\n|move|p1a: Conkeldurr|Knock Off|p2a: Grafaiai\n|-damage|p2a: Grafaiai|0 fnt\n|faint|p2a: Grafaiai\n|\n|-damage|p1a: Conkeldurr|88/299 psn|[from] psn\n|upkeep\n|\n|t:|1733882238\n|switch|p2a: Virizion|Virizion, L82|283/283\n|turn|16\n|\n|t:|1733882245\n|move|p2a: Virizion|Leaf Blade|p1a: Conkeldurr\n|-damage|p1a: Conkeldurr|0 fnt\n|faint|p1a: Conkeldurr\n|-damage|p2a: Virizion|255/283|[from] item: Life Orb\n|\n|upkeep\n|\n|t:|1733882251\n|switch|p1a: Excadrill|Excadrill, L79, F|303/303\n|-ability|p1a: Excadrill|Mold Breaker\n|turn|17\n|\n|t:|1733882256\n|move|p2a: Virizion|Swords Dance|p2a: Virizion\n|-boost|p2a: Virizion|atk|2\n|move|p1a: Excadrill|Iron Head|p2a: Virizion\n|-damage|p2a: Virizion|147/283\n|\n|upkeep\n|turn|18\n|\n|t:|1733882260\n|move|p2a: Virizion|Close Combat|p1a: Excadrill\n|-supereffective|p1a: Excadrill\n|-damage|p1a: Excadrill|0 fnt\n|-unboost|p2a: Virizion|def|1\n|-unboost|p2a: Virizion|spd|1\n|faint|p1a: Excadrill\n|-damage|p2a: Virizion|119/283|[from] item: Life Orb\n|\n|upkeep\n|\n|t:|1733882264\n|switch|p1a: Mewtwo|Mewtwo, L72|272/272\n|-ability|p1a: Mewtwo|Unnerve\n|turn|19\n|\n|t:|1733882273\n|switch|p2a: Sableye|Sableye, L89, F|86/234\n|move|p1a: Mewtwo|Psystrike|p2a: Sableye\n|-immune|p2a: Sableye\n|\n|-heal|p2a: Sableye|100/234|[from] item: Leftovers\n|upkeep\n|turn|20\n|\n|t:|1733882277\n|-terastallize|p1a: Mewtwo|Dark\n|move|p2a: Sableye|Encore|p1a: Mewtwo\n|-hint|Since gen 7, Dark is immune to Prankster moves.\n|-immune|p1a: Mewtwo\n|move|p1a: Mewtwo|Nasty Plot|p1a: Mewtwo\n|-boost|p1a: Mewtwo|spa|2\n|\n|-heal|p2a: Sableye|114/234|[from] item: Leftovers\n|upkeep\n|turn|21\n|\n|t:|1733882284\n|move|p1a: Mewtwo|Dark Pulse|p2a: Sableye\n|-damage|p2a: Sableye|0 fnt\n|faint|p2a: Sableye\n|-damage|p1a: Mewtwo|245/272|[from] item: Life Orb\n|\n|upkeep\n|\n|t:|1733882297\n|switch|p2a: Virizion|Virizion, L82|119/283\n|turn|22\n|\n|t:|1733882303\n|-terastallize|p2a: Virizion|Rock\n|move|p1a: Mewtwo|Psystrike|p2a: Virizion\n|-damage|p2a: Virizion|0 fnt\n|faint|p2a: Virizion\n|-damage|p1a: Mewtwo|218/272|[from] item: Life Orb\n|\n|upkeep\n|\n|t:|1733882307\n|switch|p2a: Orthworm|Orthworm, L88, F|266/266\n|turn|23\n|\n|t:|1733882310\n|move|p1a: Mewtwo|Aura Sphere|p2a: Orthworm\n|-supereffective|p2a: Orthworm\n|-damage|p2a: Orthworm|0 fnt\n|faint|p2a: Orthworm\n|-damage|p1a: Mewtwo|191/272|[from] item: Life Orb\n|\n|upkeep\n|\n|t:|1733882312\n|switch|p2a: Pawmot|Pawmot, L80, F|130/243\n|turn|24\n|\n|t:|1733882315\n|move|p1a: Mewtwo|Psystrike|p2a: Pawmot\n|-supereffective|p2a: Pawmot\n|-damage|p2a: Pawmot|0 fnt\n|faint|p2a: Pawmot\n|-damage|p1a: Mewtwo|164/272|[from] item: Life Orb\n|\n|win|menchi-kun\n|raw|menchi-kun's rating: 1511 &rarr; <strong>1533</strong><br />(+22 for winning)\n|raw|bambooeater57's rating: 1548 &rarr; <strong>1526</strong><br />(-22 for losing)\n", "inputlog": ">version bfd83cad13791eb5a5a409923076391caf6fb4d4\n>start {\"formatid\":\"gen9randombattle\",\"seed\":[22390,42955,47046,39949],\"rated\":\"Rated battle\"}\n>player p1 {\"name\":\"menchi-kun\",\"avatar\":\"shadowtriad\",\"rating\":1511,\"seed\":[60112,17648,18367,38204]}\n>player p2 {\"name\":\"bambooeater57\",\"avatar\":\"1\",\"rating\":1548,\"seed\":[59396,7732,13517,10126]}\n>p1 move flamethrower\n>p2 move nuzzle\n>p1 move flamethrower\n>p2 switch 2\n>p1 switch 3\n>p2 move bravebird\n>p1 move hypervoice\n>p2 move surf\n>p1 move hypervoice\n>p2 move surf\n>p1 switch 3\n>p1 move dragonpulse\n>p2 move roost\n>p1 move dragonpulse\n>p2 move bravebird\n>p2 switch 6\n>p1 move flamethrower\n>p2 move gunkshot\n>p1 switch 4\n>p1 move knockoff\n>p2 move knockoff\n>p1 move closecombat\n>p2 move uturn\n>p2 switch 4\n>p1 move knockoff\n>p2 move encore\n>p1 switch 5\n>p2 move willowisp\n>p1 move dragonpulse\n>p2 move knockoff\n>p1 move dragonpulse\n>p2 move knockoff\n>p1 switch 5\n>p1 move knockoff\n>p2 switch 4\n>p2 switch 5\n>p1 move facade\n>p2 move leafblade\n>p1 switch 6\n>p1 move ironhead\n>p2 move swordsdance\n>p1 move ironhead\n>p2 move closecombat\n>p1 switch 2\n>p1 move psystrike\n>p2 switch 4\n>p1 move nastyplot terastallize\n>p2 move encore\n>p1 move darkpulse\n>p2 move knockoff\n>p2 switch 4\n>p1 move psystrike\n>p2 move closecombat terastallize\n>p2 switch 3\n>p1 move aurasphere\n>p2 move bodypress\n>p2 switch 2\n>p1 move psystrike\n>p2 move nuzzle", "uploadtime": 1733882322, "views": 13, "formatid": "gen9randombattle", "rating": 1526, "private": 0, "password": null}