{"id": "gen9randombattle-2260702533", "format": "[Gen 9] Random Battle", "players": ["sodpnw", "Cocinergo"], "log": "|j|\u2606sodpnw\n|j|\u2606Cocinergo\n|t:|1733880424\n|gametype|singles\n|player|p1|sodpnw|1|1459\n|player|p2|Cocinergo|waiter-gen4|1410\n|teamsize|p1|6\n|teamsize|p2|6\n|gen|9\n|tier|[Gen 9] Random Battle\n|rated|\n|rule|Species Clause: Limit one of each Pok\u00e9mon\n|rule|HP Percentage Mod: HP is shown in percentages\n|rule|Sleep Clause Mod: Limit one foe put to sleep\n|rule|Illusion Level Mod: Illusion disguises the Pok\u00e9mon's true level\n|\n|t:|1733880424\n|start\n|switch|p1a: Entei|Entei, L78|307/307\n|switch|p2a: Gastrodon|Gastrodon-East, L86, F|331/331\n|turn|1\n|j| baubleinhole\n|inactive|Battle timer is ON: inactive players will automatically lose when time's up. (requested by sodpnw)\n|\n|t:|1733880444\n|switch|p1a: Victreebel|Victreebel, L90, M|290/290\n|move|p2a: Gastrodon|Stealth Rock|p1a: Victreebel\n|-sidestart|p1: sodpnw|move: Stealth Rock\n|\n|upkeep\n|turn|2\n|\n|t:|1733880461\n|switch|p2a: Okidogi|Okidogi, L77, M|262/262\n|move|p1a: Victreebel|Poison Jab|p2a: Okidogi\n|-resisted|p2a: Okidogi\n|-damage|p2a: Okidogi|204/262\n|-damage|p1a: Victreebel|261/290|[from] item: Life Orb\n|\n|upkeep\n|turn|3\n|inactive|sodpnw has 120 seconds left.\n|\n|t:|1733880487\n|switch|p1a: Froslass|Froslass, L87, F|263/263\n|-damage|p1a: Froslass|198/263|[from] Stealth Rock\n|move|p2a: Okidogi|Psychic Fangs|p1a: Froslass\n|-damage|p1a: Froslass|127/263\n|-status|p1a: Froslass|tox|[from] ability: Toxic Chain|[of] p2a: Okidogi\n|\n|-damage|p1a: Froslass|111/263 tox|[from] psn\n|upkeep\n|turn|4\n|\n|t:|1733880502\n|switch|p2a: Eiscue|Eiscue, L88, F|274/274\n|move|p1a: Froslass|Will-O-Wisp|p2a: Eiscue\n|-status|p2a: Eiscue|brn\n|\n|-damage|p1a: Froslass|79/263 tox|[from] psn\n|-damage|p2a: Eiscue|257/274 brn|[from] brn\n|upkeep\n|turn|5\n|\n|t:|1733880514\n|move|p1a: Froslass|Taunt|p2a: Eiscue\n|-start|p2a: Eiscue|move: Taunt\n|move|p2a: Eiscue|Liquidation|p1a: Froslass\n|-damage|p1a: Froslass|45/263 tox\n|\n|-damage|p1a: Froslass|0 fnt|[from] psn\n|faint|p1a: Froslass\n|-damage|p2a: Eiscue|240/274 brn|[from] brn\n|upkeep\n|inactive|sodpnw has 120 seconds left.\n|\n|t:|1733880529\n|switch|p1a: Koraidon|Koraidon, L64|235/235\n|-damage|p1a: Koraidon|221/235|[from] Stealth Rock\n|-weather|SunnyDay|[from] ability: Orichalcum Pulse|[of] p1a: Koraidon\n|-activate|p1a: Koraidon|Orichalcum Pulse|[source]\n|turn|6\n|\n|t:|1733880551\n|move|p1a: Koraidon|Swords Dance|p1a: Koraidon\n|-boost|p1a: Koraidon|atk|2\n|move|p2a: Eiscue|Liquidation|p1a: Koraidon\n|-resisted|p1a: Koraidon\n|-damage|p1a: Koraidon|214/235\n|\n|-weather|SunnyDay|[upkeep]\n|-damage|p2a: Eiscue|223/274 brn|[from] brn\n|upkeep\n|turn|7\n|inactive|sodpnw has 120 seconds left.\n|\n|t:|1733880573\n|move|p1a: Koraidon|Swords Dance|p1a: Koraidon\n|-boost|p1a: Koraidon|atk|2\n|move|p2a: Eiscue|Liquidation|p1a: Koraidon\n|-resisted|p1a: Koraidon\n|-damage|p1a: Koraidon|206/235\n|\n|-weather|SunnyDay|[upkeep]\n|-damage|p2a: Eiscue|206/274 brn|[from] brn\n|-end|p2a: Eiscue|move: Taunt\n|upkeep\n|turn|8\n|\n|t:|1733880582\n|move|p1a: Koraidon|Swords Dance|p1a: Koraidon\n|-boost|p1a: Koraidon|atk|2\n|move|p2a: Eiscue|Belly Drum|p2a: Eiscue\n|-damage|p2a: Eiscue|69/274 brn\n|-setboost|p2a: Eiscue|atk|6|[from] move: Belly Drum\n|-enditem|p2a: Eiscue|Sitrus Berry|[eat]\n|-heal|p2a: Eiscue|137/274 brn|[from] item: Sitrus Berry\n|\n|-weather|SunnyDay|[upkeep]\n|-damage|p2a: Eiscue|120/274 brn|[from] brn\n|upkeep\n|turn|9\n|\n|t:|1733880588\n|move|p1a: Koraidon|Scale Shot|p2a: Eiscue\n|-activate|p2a: Eiscue|ability: Ice Face\n|-damage|p2a: Eiscue|120/274 brn\n|detailschange|p2a: Eiscue|Eiscue-Noice, L88, F\n|-damage|p2a: Eiscue|3/274 brn\n|-damage|p2a: Eiscue|0 fnt\n|faint|p2a: Eiscue\n|-hitcount|p2: Eiscue|3\n|-unboost|p1a: Koraidon|def|1\n|-boost|p1a: Koraidon|spe|1\n|\n|-weather|SunnyDay|[upkeep]\n|upkeep\n|\n|t:|1733880606\n|switch|p2a: Slowking|Slowking-Galar, L85, F|300/300\n|turn|10\n|\n|t:|1733880615\n|move|p1a: Koraidon|Scale Shot|p2a: Slowking\n|-damage|p2a: Slowking|191/300\n|-damage|p2a: Slowking|68/300\n|-damage|p2a: Slowking|0 fnt\n|faint|p2a: Slowking\n|-hitcount|p2: Slowking|3\n|-unboost|p1a: Koraidon|def|1\n|-boost|p1a: Koraidon|spe|1\n|\n|-weather|none\n|upkeep\n|\n|t:|1733880624\n|switch|p2a: Gastrodon|Gastrodon-East, L86, F|331/331\n|turn|11\n|\n|t:|1733880629\n|move|p1a: Koraidon|Collision Course|p2a: Gastrodon\n|-damage|p2a: Gastrodon|0 fnt\n|faint|p2a: Gastrodon\n|\n|upkeep\n|\n|t:|1733880641\n|switch|p2a: Okidogi|Okidogi, L77, M|204/262\n|turn|12\n|\n|t:|1733880649\n|move|p1a: Koraidon|Flare Blitz|p2a: Okidogi\n|-damage|p2a: Okidogi|0 fnt\n|faint|p2a: Okidogi\n|-damage|p1a: Koraidon|139/235|[from] Recoil\n|\n|upkeep\n|\n|t:|1733880654\n|switch|p2a: Empoleon|Empoleon, L84, F|278/278\n|turn|13\n|\n|t:|1733880659\n|move|p1a: Koraidon|Collision Course|p2a: Empoleon\n|-supereffective|p2a: Empoleon\n|-damage|p2a: Empoleon|0 fnt\n|faint|p2a: Empoleon\n|\n|upkeep\n|\n|t:|1733880664\n|switch|p2a: Hoopa|Hoopa, L85|275/275\n|turn|14\n|\n|t:|1733880668\n|-terastallize|p2a: Hoopa|Psychic\n|move|p1a: Koraidon|Flare Blitz|p2a: Hoopa\n|-damage|p2a: Hoopa|0 fnt\n|faint|p2a: Hoopa\n|-damage|p1a: Koraidon|48/235|[from] Recoil\n|\n|win|sodpnw\n|raw|sodpnw's rating: 1459 &rarr; <strong>1476</strong><br />(+17 for winning)\n|raw|Cocinergo's rating: 1410 &rarr; <strong>1393</strong><br />(-17 for losing)\n|l|\u2606Cocinergo\n|player|p2|\n", "inputlog": ">version bfd83cad13791eb5a5a409923076391caf6fb4d4\n>start {\"formatid\":\"gen9randombattle\",\"seed\":[64072,42052,43049,27256],\"rated\":\"Rated battle\"}\n>player p1 {\"name\":\"sodpnw\",\"avatar\":\"1\",\"rating\":1459,\"seed\":[26517,25615,63842,52230]}\n>player p2 {\"name\":\"Cocinergo\",\"avatar\":\"waiter-gen4\",\"rating\":1410,\"seed\":[34903,28491,7835,285]}\n>p1 switch 5\n>p2 move stealthrock\n>p1 move poisonjab\n>p2 switch 3\n>p1 switch 3\n>p2 move psychicfangs\n>p1 move willowisp\n>p2 switch 6\n>p1 move taunt\n>p2 move liquidation\n>p1 switch 6\n>p1 move swordsdance\n>p2 move liquidation\n>p1 move swordsdance\n>p2 move liquidation\n>p1 move swordsdance\n>p2 move bellydrum\n>p1 move scaleshot\n>p2 move liquidation\n>p2 switch 4\n>p1 move scaleshot\n>p2 move psyshock\n>p2 switch 3\n>p1 move collisioncourse\n>p2 move earthquake\n>p2 switch 6\n>p1 move flareblitz\n>p2 move psychicfangs\n>p2 switch 2\n>p1 move collisioncourse\n>p2 move yawn\n>p2 switch 5\n>p1 move flareblitz\n>p2 move psychic terastallize", "uploadtime": 1733880676, "views": 1, "formatid": "gen9randombattle", "rating": 1393, "private": 0, "password": null}