{"id": "gen9randombattle-2259961463", "format": "[Gen 9] Random Battle", "players": ["BigBossJnack", "I may lag out"], "log": "|j|\u2606BigBossJnack\n|j|\u2606I may lag out\n|t:|1733784681\n|gametype|singles\n|player|p1|BigBossJnack|102|2062\n|player|p2|I may lag out|265|2049\n|teamsize|p1|6\n|teamsize|p2|6\n|gen|9\n|tier|[Gen 9] Random Battle\n|rated|\n|rule|Species Clause: Limit one of each Pok\u00e9mon\n|rule|HP Percentage Mod: HP is shown in percentages\n|rule|Sleep Clause Mod: Limit one foe put to sleep\n|rule|Illusion Level Mod: Illusion disguises the Pok\u00e9mon's true level\n|\n|t:|1733784681\n|start\n|switch|p1a: Noctowl|Noctowl, L95, F|344/344\n|switch|p2a: Chien-Pao|Chien-Pao, L72|234/234\n|-ability|p2a: Chien-Pao|Sword of Ruin\n|turn|1\n|\n|t:|1733784690\n|switch|p1a: Poliwrath|Poliwrath, L88, F|302/302\n|move|p2a: Chien-Pao|Swords Dance|p2a: Chien-Pao\n|-boost|p2a: Chien-Pao|atk|2\n|\n|upkeep\n|turn|2\n|\n|t:|1733784701\n|switch|p2a: Uxie|Uxie, L83|260/260\n|move|p1a: Poliwrath|Close Combat|p2a: Uxie\n|-resisted|p2a: Uxie\n|-damage|p2a: Uxie|194/260\n|-unboost|p1a: Poliwrath|def|1\n|-unboost|p1a: Poliwrath|spd|1\n|-damage|p1a: Poliwrath|272/302|[from] item: Life Orb\n|\n|-heal|p2a: Uxie|210/260|[from] item: Leftovers\n|upkeep\n|turn|3\n|\n|t:|1733784706\n|switch|p1a: Samurott|Samurott-Hisui, L77, F|265/265\n|move|p2a: Uxie|Psychic Noise|p1a: Samurott\n|-immune|p1a: Samurott\n|\n|-heal|p2a: Uxie|226/260|[from] item: Leftovers\n|upkeep\n|turn|4\n|inactive|Battle timer is ON: inactive players will automatically lose when time's up. (requested by I may lag out)\n|\n|t:|1733784717\n|move|p2a: Uxie|U-turn|p1a: Samurott\n|-supereffective|p1a: Samurott\n|-damage|p1a: Samurott|161/265\n|\n|t:|1733784723\n|switch|p2a: Lanturn|Lanturn, L89, M|367/367|[from] U-turn\n|move|p1a: Samurott|Flip Turn|p2a: Lanturn\n|-resisted|p2a: Lanturn\n|-damage|p2a: Lanturn|307/367\n|\n|t:|1733784728\n|switch|p1a: Fezandipiti|Fezandipiti, L82, M|278/278|[from] Flip Turn\n|\n|upkeep\n|turn|5\n|\n|t:|1733784733\n|move|p1a: Fezandipiti|Beat Up|p2a: Lanturn\n|-damage|p2a: Lanturn|294/367\n|-damage|p2a: Lanturn|282/367\n|-damage|p2a: Lanturn|270/367\n|-damage|p2a: Lanturn|261/367\n|-crit|p2a: Lanturn\n|-damage|p2a: Lanturn|243/367\n|-damage|p2a: Lanturn|228/367\n|-hitcount|p2a: Lanturn|6\n|move|p2a: Lanturn|Thunder Wave|p1a: Fezandipiti|[miss]\n|-miss|p2a: Lanturn|p1a: Fezandipiti\n|\n|upkeep\n|turn|6\n|\n|t:|1733784739\n|move|p1a: Fezandipiti|Beat Up|p2a: Lanturn\n|-damage|p2a: Lanturn|216/367\n|-status|p2a: Lanturn|tox|[from] ability: Toxic Chain|[of] p1a: Fezandipiti\n|-damage|p2a: Lanturn|203/367 tox\n|-damage|p2a: Lanturn|190/367 tox\n|-damage|p2a: Lanturn|181/367 tox\n|-damage|p2a: Lanturn|169/367 tox\n|-damage|p2a: Lanturn|153/367 tox\n|-hitcount|p2a: Lanturn|6\n|move|p2a: Lanturn|Thunder Wave|p1a: Fezandipiti\n|-status|p1a: Fezandipiti|par\n|\n|-damage|p2a: Lanturn|131/367 tox|[from] psn\n|upkeep\n|turn|7\n|\n|t:|1733784744\n|move|p2a: Lanturn|Volt Switch|p1a: Fezandipiti\n|-damage|p1a: Fezandipiti|242/278 par\n|\n|t:|1733784750\n|switch|p2a: Uxie|Uxie, L83|226/260|[from] Volt Switch\n|move|p1a: Fezandipiti|U-turn|p2a: Uxie\n|-supereffective|p2a: Uxie\n|-damage|p2a: Uxie|162/260\n|-status|p2a: Uxie|tox|[from] ability: Toxic Chain|[of] p1a: Fezandipiti\n|\n|t:|1733784754\n|switch|p1a: Samurott|Samurott-Hisui, L77, F|161/265|[from] U-turn\n|\n|-heal|p2a: Uxie|178/260 tox|[from] item: Leftovers\n|-damage|p2a: Uxie|162/260 tox|[from] psn\n|upkeep\n|turn|8\n|\n|t:|1733784765\n|move|p2a: Uxie|U-turn|p1a: Samurott\n|-supereffective|p1a: Samurott\n|-damage|p1a: Samurott|71/265\n|\n|t:|1733784766\n|switch|p2a: Lanturn|Lanturn, L89, M|131/367 tox|[from] U-turn\n|move|p1a: Samurott|Ceaseless Edge|p2a: Lanturn\n|-damage|p2a: Lanturn|0 fnt\n|-sidestart|p2: I may lag out|Spikes\n|faint|p2a: Lanturn\n|\n|upkeep\n|\n|t:|1733784784\n|switch|p2a: Munkidori|Munkidori, L79, M|269/269\n|-damage|p2a: Munkidori|236/269|[from] Spikes\n|turn|9\n|\n|t:|1733784794\n|switch|p1a: Fezandipiti|Fezandipiti, L82, M|242/278 par\n|move|p2a: Munkidori|Sludge Wave|p1a: Fezandipiti\n|-damage|p1a: Fezandipiti|179/278 par\n|\n|upkeep\n|turn|10\n|\n|t:|1733784802\n|move|p2a: Munkidori|Psychic Noise|p1a: Fezandipiti\n|-supereffective|p1a: Fezandipiti\n|-damage|p1a: Fezandipiti|77/278 par\n|-start|p1a: Fezandipiti|move: Heal Block\n|move|p1a: Fezandipiti|Beat Up|p2a: Munkidori\n|-supereffective|p2a: Munkidori\n|-damage|p2a: Munkidori|210/269\n|-supereffective|p2a: Munkidori\n|-damage|p2a: Munkidori|182/269\n|-supereffective|p2a: Munkidori\n|-damage|p2a: Munkidori|156/269\n|-supereffective|p2a: Munkidori\n|-damage|p2a: Munkidori|138/269\n|-supereffective|p2a: Munkidori\n|-damage|p2a: Munkidori|116/269\n|-supereffective|p2a: Munkidori\n|-damage|p2a: Munkidori|86/269\n|-hitcount|p2a: Munkidori|6\n|\n|upkeep\n|turn|11\n|\n|t:|1733784814\n|-terastallize|p1a: Fezandipiti|Dark\n|move|p2a: Munkidori|Psychic Noise|p1a: Fezandipiti\n|-immune|p1a: Fezandipiti\n|cant|p1a: Fezandipiti|par\n|\n|-end|p1a: Fezandipiti|move: Heal Block\n|upkeep\n|turn|12\n|\n|t:|1733784824\n|switch|p1a: Eiscue|Eiscue, L88, F|274/274\n|move|p2a: Munkidori|U-turn|p1a: Eiscue\n|-activate|p1a: Eiscue|ability: Ice Face\n|-damage|p1a: Eiscue|274/274\n|detailschange|p1a: Eiscue|Eiscue-Noice, L88, F\n|\n|t:|1733784831\n|switch|p2a: Cacturne|Cacturne, L92, F|278/278|[from] U-turn\n|-damage|p2a: Cacturne|244/278|[from] Spikes\n|\n|upkeep\n|turn|13\n|\n|t:|1733784838\n|move|p1a: Eiscue|Ice Spinner|p2a: Cacturne\n|-supereffective|p2a: Cacturne\n|-damage|p2a: Cacturne|52/278\n|move|p2a: Cacturne|Leaf Storm|p1a: Eiscue\n|-damage|p1a: Eiscue|0 fnt\n|-unboost|p2a: Cacturne|spa|2\n|faint|p1a: Eiscue\n|-damage|p2a: Cacturne|25/278|[from] item: Life Orb\n|\n|upkeep\n|\n|t:|1733784844\n|switch|p1a: Haxorus|Haxorus, L77, F|244/244\n|-ability|p1a: Haxorus|Mold Breaker\n|turn|14\n|\n|t:|1733784849\n|move|p1a: Haxorus|Iron Head|p2a: Cacturne\n|-damage|p2a: Cacturne|0 fnt\n|faint|p2a: Cacturne\n|\n|upkeep\n|\n|t:|1733784855\n|switch|p2a: Munkidori|Munkidori, L79, M|86/269\n|-damage|p2a: Munkidori|53/269|[from] Spikes\n|turn|15\n|\n|t:|1733784862\n|move|p2a: Munkidori|Fake Out|p1a: Haxorus\n|-damage|p1a: Haxorus|221/244\n|cant|p1a: Haxorus|flinch\n|\n|upkeep\n|turn|16\n|\n|t:|1733784867\n|move|p2a: Munkidori|Sludge Wave|p1a: Haxorus\n|-damage|p1a: Haxorus|73/244\n|move|p1a: Haxorus|Scale Shot|p2a: Munkidori\n|-damage|p2a: Munkidori|13/269\n|-damage|p2a: Munkidori|0 fnt\n|faint|p2a: Munkidori\n|-hitcount|p2: Munkidori|2\n|-unboost|p1a: Haxorus|def|1\n|-boost|p1a: Haxorus|spe|1\n|\n|upkeep\n|\n|t:|1733784870\n|switch|p2a: Breloom|Breloom, L82, F|233/233\n|-damage|p2a: Breloom|204/233|[from] Spikes\n|turn|17\n|\n|t:|1733784879\n|move|p2a: Breloom|Mach Punch|p1a: Haxorus\n|-damage|p1a: Haxorus|0 fnt\n|faint|p1a: Haxorus\n|-damage|p2a: Breloom|181/233|[from] item: Life Orb\n|\n|upkeep\n|\n|t:|1733784881\n|switch|p1a: Noctowl|Noctowl, L95, F|344/344\n|turn|18\n|\n|t:|1733784887\n|switch|p2a: Uxie|Uxie, L83|162/260 tox\n|move|p1a: Noctowl|Hurricane|p2a: Uxie\n|-damage|p2a: Uxie|51/260 tox\n|\n|-heal|p2a: Uxie|67/260 tox|[from] item: Leftovers\n|-damage|p2a: Uxie|51/260 tox|[from] psn\n|upkeep\n|turn|19\n|\n|t:|1733784897\n|move|p2a: Uxie|Knock Off|p1a: Noctowl\n|-damage|p1a: Noctowl|267/344\n|-enditem|p1a: Noctowl|Heavy-Duty Boots|[from] move: Knock Off|[of] p2a: Uxie\n|move|p1a: Noctowl|Hyper Voice|p2a: Uxie\n|-damage|p2a: Uxie|0 fnt\n|faint|p2a: Uxie\n|\n|upkeep\n|\n|t:|1733784902\n|switch|p2a: Chien-Pao|Chien-Pao, L72|234/234\n|-ability|p2a: Chien-Pao|Sword of Ruin\n|turn|20\n|\n|t:|1733784910\n|switch|p2a: Breloom|Breloom, L82, F|181/233\n|-damage|p2a: Breloom|152/233|[from] Spikes\n|switch|p1a: Samurott|Samurott-Hisui, L77, F|71/265\n|\n|upkeep\n|turn|21\n|\n|t:|1733784916\n|move|p1a: Samurott|Sacred Sword|p2a: Breloom\n|-damage|p2a: Breloom|0 fnt\n|faint|p2a: Breloom\n|\n|upkeep\n|-message|I may lag out forfeited.\n|\n|win|BigBossJnack\n|raw|BigBossJnack's rating: 2062 &rarr; <strong>2081</strong><br />(+19 for winning)\n|raw|I may lag out's rating: 2049 &rarr; <strong>2030</strong><br />(-19 for losing)\n|l|\u2606I may lag out\n|player|p2|\n", "inputlog": ">version bfd83cad13791eb5a5a409923076391caf6fb4d4\n>start {\"formatid\":\"gen9randombattle\",\"seed\":[24358,49156,13593,6178],\"rated\":\"Rated battle\"}\n>player p1 {\"name\":\"BigBossJnack\",\"avatar\":\"102\",\"rating\":2062,\"seed\":[21629,21869,39907,50885]}\n>player p2 {\"name\":\"I may lag out\",\"avatar\":\"265\",\"rating\":2049,\"seed\":[16428,16433,55219,19493]}\n>p1 switch 4\n>p2 move swordsdance\n>p1 move closecombat\n>p2 switch 2\n>p1 switch 3\n>p2 move psychicnoise\n>p1 move flipturn\n>p2 move uturn\n>p2 switch 3\n>p1 switch 2\n>p1 move beatup\n>p2 move thunderwave\n>p1 move beatup\n>p2 move thunderwave\n>p1 move uturn\n>p2 move voltswitch\n>p2 switch 3\n>p1 switch 2\n>p1 move ceaselessedge\n>p2 move uturn\n>p2 switch 3\n>p2 switch 4\n>p1 switch 2\n>p2 move sludgewave\n>p1 move beatup\n>p2 move psychicnoise\n>p1 move beatup terastallize\n>p2 move psychicnoise\n>p1 switch 5\n>p2 move uturn\n>p2 switch 5\n>p1 move icespinner\n>p2 move leafstorm\n>p1 switch 6\n>p1 move ironhead\n>p2 move knockoff\n>p2 switch 5\n>p1 move scaleshot\n>p2 move fakeout\n>p1 move scaleshot\n>p2 move sludgewave\n>p2 switch 6\n>p1 move scaleshot\n>p2 move machpunch\n>p1 switch 4\n>p1 move hurricane\n>p2 switch 3\n>p1 move hypervoice\n>p2 move knockoff\n>p2 switch 2\n>p1 switch 2\n>p2 switch 3\n>p1 move sacredsword\n>p2 move rocktomb\n>forcelose p2", "uploadtime": 1733784920, "views": 1, "formatid": "gen9randombattle", "rating": 2030, "private": 0, "password": null}