{"id": "gen9randombattle-2260684872", "format": "[Gen 9] Random Battle", "players": ["1Noob99", "rokomoko5"], "log": "|j|\u26061Noob99\n|j|\u2606rokomoko5\n|t:|1733878180\n|gametype|singles\n|player|p1|1Noob99|fisherman-gen4|1522\n|player|p2|rokomoko5|170|1467\n|teamsize|p1|6\n|teamsize|p2|6\n|gen|9\n|tier|[Gen 9] Random Battle\n|rated|\n|rule|Species Clause: Limit one of each Pok\u00e9mon\n|rule|HP Percentage Mod: HP is shown in percentages\n|rule|Sleep Clause Mod: Limit one foe put to sleep\n|rule|Illusion Level Mod: Illusion disguises the Pok\u00e9mon's true level\n|\n|t:|1733878180\n|start\n|switch|p1a: Tauros|Tauros, L82, M|257/257\n|switch|p2a: Altaria|Altaria, L88, M|275/275\n|turn|1\n|inactive|Battle timer is ON: inactive players will automatically lose when time's up. (requested by rokomoko5)\n|\n|t:|1733878209\n|move|p1a: Tauros|Body Slam|p2a: Altaria\n|-damage|p2a: Altaria|146/275\n|move|p2a: Altaria|Will-O-Wisp|p1a: Tauros\n|-status|p1a: Tauros|brn\n|\n|-damage|p1a: Tauros|241/257 brn|[from] brn\n|upkeep\n|turn|2\n|\n|t:|1733878221\n|move|p1a: Tauros|Body Slam|p2a: Altaria\n|-damage|p2a: Altaria|76/275\n|move|p2a: Altaria|Roost|p2a: Altaria\n|-heal|p2a: Altaria|214/275\n|-singleturn|p2a: Altaria|move: Roost\n|\n|-damage|p1a: Tauros|225/257 brn|[from] brn\n|upkeep\n|turn|3\n|\n|t:|1733878228\n|switch|p2a: Drednaw|Drednaw, L81, M|278/278\n|move|p1a: Tauros|Body Slam|p2a: Drednaw\n|-resisted|p2a: Drednaw\n|-damage|p2a: Drednaw|243/278\n|\n|-damage|p1a: Tauros|209/257 brn|[from] brn\n|upkeep\n|turn|4\n|\n|t:|1733878236\n|move|p1a: Tauros|Close Combat|p2a: Drednaw\n|-supereffective|p2a: Drednaw\n|-damage|p2a: Drednaw|142/278\n|-unboost|p1a: Tauros|def|1\n|-unboost|p1a: Tauros|spd|1\n|-damage|p1a: Tauros|184/257 brn|[from] item: Life Orb\n|move|p2a: Drednaw|Shell Smash|p2a: Drednaw\n|-unboost|p2a: Drednaw|def|1\n|-unboost|p2a: Drednaw|spd|1\n|-boost|p2a: Drednaw|atk|2\n|-boost|p2a: Drednaw|spa|2\n|-boost|p2a: Drednaw|spe|2\n|-enditem|p2a: Drednaw|White Herb\n|-clearnegativeboost|p2a: Drednaw|[silent]\n|\n|-damage|p1a: Tauros|168/257 brn|[from] brn\n|upkeep\n|turn|5\n|\n|t:|1733878250\n|move|p2a: Drednaw|Liquidation|p1a: Tauros\n|-damage|p1a: Tauros|0 fnt\n|faint|p1a: Tauros\n|\n|upkeep\n|\n|t:|1733878270\n|switch|p1a: Mienshao|Mienshao, L83, M|244/244\n|turn|6\n|\n|t:|1733878273\n|move|p1a: Mienshao|Fake Out|p2a: Drednaw\n|-resisted|p2a: Drednaw\n|-damage|p2a: Drednaw|123/278\n|cant|p2a: Drednaw|flinch\n|\n|upkeep\n|turn|7\n|\n|t:|1733878283\n|move|p2a: Drednaw|Liquidation|p1a: Mienshao\n|-damage|p1a: Mienshao|4/244\n|move|p1a: Mienshao|Close Combat|p2a: Drednaw\n|-supereffective|p2a: Drednaw\n|-damage|p2a: Drednaw|0 fnt\n|-unboost|p1a: Mienshao|def|1\n|-unboost|p1a: Mienshao|spd|1\n|faint|p2a: Drednaw\n|\n|upkeep\n|\n|t:|1733878292\n|switch|p2a: Inteleon|Inteleon, L81, F|246/246\n|turn|8\n|\n|t:|1733878299\n|switch|p1a: Politoed|Politoed, L88, F|302/302\n|-weather|RainDance|[from] ability: Drizzle|[of] p1a: Politoed\n|move|p2a: Inteleon|U-turn|p1a: Politoed\n|-damage|p1a: Politoed|256/302\n|\n|t:|1733878305\n|switch|p2a: Eelektross|Eelektross, L87, F|290/290|[from] U-turn\n|\n|-weather|RainDance|[upkeep]\n|upkeep\n|turn|9\n|\n|t:|1733878313\n|move|p1a: Politoed|Hypnosis|p2a: Eelektross\n|-status|p2a: Eelektross|slp|[from] move: Hypnosis\n|cant|p2a: Eelektross|slp\n|\n|-weather|RainDance|[upkeep]\n|upkeep\n|turn|10\n|\n|t:|1733878318\n|move|p1a: Politoed|Surf|p2a: Eelektross\n|-damage|p2a: Eelektross|148/290 slp\n|cant|p2a: Eelektross|slp\n|\n|-weather|RainDance|[upkeep]\n|-heal|p2a: Eelektross|166/290 slp|[from] item: Leftovers\n|upkeep\n|turn|11\n|\n|t:|1733878324\n|move|p1a: Politoed|Surf|p2a: Eelektross\n|-damage|p2a: Eelektross|10/290 slp\n|cant|p2a: Eelektross|slp\n|\n|-weather|RainDance|[upkeep]\n|-heal|p2a: Eelektross|28/290 slp|[from] item: Leftovers\n|upkeep\n|turn|12\n|\n|t:|1733878330\n|move|p1a: Politoed|Surf|p2a: Eelektross\n|-damage|p2a: Eelektross|0 fnt\n|faint|p2a: Eelektross\n|\n|-weather|none\n|upkeep\n|\n|t:|1733878337\n|switch|p2a: Lokix|Lokix, L82, F|251/251\n|turn|13\n|\n|t:|1733878342\n|switch|p1a: Dragalge|Dragalge, L88, F|258/258\n|move|p2a: Lokix|Swords Dance|p2a: Lokix\n|-boost|p2a: Lokix|atk|2\n|\n|upkeep\n|turn|14\n|\n|t:|1733878350\n|move|p2a: Lokix|Knock Off|p1a: Dragalge\n|-damage|p1a: Dragalge|32/258\n|-enditem|p1a: Dragalge|Choice Specs|[from] move: Knock Off|[of] p2a: Lokix\n|-damage|p2a: Lokix|226/251|[from] item: Life Orb\n|move|p1a: Dragalge|Draco Meteor|p2a: Lokix\n|-damage|p2a: Lokix|0 fnt\n|-unboost|p1a: Dragalge|spa|2\n|faint|p2a: Lokix\n|\n|upkeep\n|\n|t:|1733878357\n|switch|p2a: Altaria|Altaria, L88, M|214/275\n|turn|15\n|\n|t:|1733878362\n|move|p2a: Altaria|Brave Bird|p1a: Dragalge\n|-damage|p1a: Dragalge|0 fnt\n|faint|p1a: Dragalge\n|-damage|p2a: Altaria|203/275|[from] Recoil\n|\n|upkeep\n|\n|t:|1733878381\n|switch|p1a: Mienshao|Mienshao, L83, M|85/244\n|turn|16\n|\n|t:|1733878384\n|move|p1a: Mienshao|Fake Out|p2a: Altaria\n|-damage|p2a: Altaria|173/275\n|cant|p2a: Altaria|flinch\n|\n|upkeep\n|turn|17\n|\n|t:|1733878388\n|move|p1a: Mienshao|U-turn|p2a: Altaria\n|-resisted|p2a: Altaria\n|-damage|p2a: Altaria|144/275\n|\n|t:|1733878394\n|switch|p1a: Kyurem|Kyurem-White, L73|303/303|[from] U-turn\n|-ability|p1a: Kyurem|Turboblaze\n|move|p2a: Altaria|Brave Bird|p1a: Kyurem\n|-damage|p1a: Kyurem|179/303\n|-damage|p2a: Altaria|103/275|[from] Recoil\n|\n|upkeep\n|turn|18\n|\n|t:|1733878410\n|switch|p2a: Porygon2|Porygon2, L82|274/274\n|-ability|p2a: Porygon2|Download|boost\n|-boost|p2a: Porygon2|atk|1\n|move|p1a: Kyurem|Freeze-Dry|p2a: Porygon2\n|-damage|p2a: Porygon2|219/274\n|\n|upkeep\n|turn|19\n|\n|t:|1733878419\n|switch|p1a: Politoed|Politoed, L88, F|256/302\n|-weather|RainDance|[from] ability: Drizzle|[of] p1a: Politoed\n|move|p2a: Porygon2|Thunder Wave|p1a: Politoed|[miss]\n|-miss|p2a: Porygon2|p1a: Politoed\n|\n|-weather|RainDance|[upkeep]\n|upkeep\n|turn|20\n|\n|t:|1733878436\n|move|p1a: Politoed|Surf|p2a: Porygon2\n|-damage|p2a: Porygon2|123/274\n|move|p2a: Porygon2|Tera Blast|p1a: Politoed\n|-damage|p1a: Politoed|175/302\n|\n|-weather|RainDance|[upkeep]\n|upkeep\n|turn|21\n|\n|t:|1733878442\n|move|p1a: Politoed|Surf|p2a: Porygon2\n|-damage|p2a: Porygon2|29/274\n|move|p2a: Porygon2|Recover|p2a: Porygon2\n|-heal|p2a: Porygon2|166/274\n|\n|-weather|RainDance|[upkeep]\n|upkeep\n|turn|22\n|\n|t:|1733878448\n|move|p1a: Politoed|Surf|p2a: Porygon2\n|-damage|p2a: Porygon2|70/274\n|move|p2a: Porygon2|Thunder Wave|p1a: Politoed\n|-status|p1a: Politoed|par\n|\n|-weather|RainDance|[upkeep]\n|upkeep\n|turn|23\n|\n|t:|1733878454\n|move|p2a: Porygon2|Recover|p2a: Porygon2\n|-heal|p2a: Porygon2|207/274\n|move|p1a: Politoed|Hypnosis|p2a: Porygon2\n|-status|p2a: Porygon2|slp|[from] move: Hypnosis\n|\n|-weather|none\n|upkeep\n|turn|24\n|\n|t:|1733878461\n|cant|p2a: Porygon2|slp\n|cant|p1a: Politoed|par\n|\n|upkeep\n|turn|25\n|\n|t:|1733878470\n|switch|p1a: Shiftry|Shiftry, L89, M|305/305\n|cant|p2a: Porygon2|slp\n|\n|upkeep\n|turn|26\n|\n|t:|1733878476\n|move|p1a: Shiftry|Tailwind|p1a: Shiftry\n|-sidestart|p1: 1Noob99|move: Tailwind\n|-ability|p1a: Shiftry|Wind Rider|boost\n|-boost|p1a: Shiftry|atk|1\n|cant|p2a: Porygon2|slp\n|\n|upkeep\n|turn|27\n|\n|t:|1733878481\n|move|p1a: Shiftry|Knock Off|p2a: Porygon2\n|-damage|p2a: Porygon2|63/274 slp\n|-enditem|p2a: Porygon2|Eviolite|[from] move: Knock Off|[of] p1a: Shiftry\n|-damage|p1a: Shiftry|275/305|[from] item: Life Orb\n|-curestatus|p2a: Porygon2|slp|[msg]\n|move|p2a: Porygon2|Tera Blast|p1a: Shiftry\n|-damage|p1a: Shiftry|172/305\n|\n|upkeep\n|turn|28\n|\n|t:|1733878491\n|move|p1a: Shiftry|Low Kick|p2a: Porygon2\n|-supereffective|p2a: Porygon2\n|-damage|p2a: Porygon2|0 fnt\n|faint|p2a: Porygon2\n|-damage|p1a: Shiftry|142/305|[from] item: Life Orb\n|\n|upkeep\n|\n|t:|1733878495\n|switch|p2a: Altaria|Altaria, L88, M|103/275\n|turn|29\n|\n|t:|1733878502\n|move|p1a: Shiftry|Knock Off|p2a: Altaria\n|-damage|p2a: Altaria|0 fnt\n|-enditem|p2a: Altaria|Heavy-Duty Boots|[from] move: Knock Off|[of] p1a: Shiftry\n|faint|p2a: Altaria\n|-damage|p1a: Shiftry|112/305|[from] item: Life Orb\n|\n|-sideend|p1: 1Noob99|move: Tailwind\n|upkeep\n|\n|t:|1733878504\n|switch|p2a: Inteleon|Inteleon, L81, F|246/246\n|turn|30\n|c|\u26061Noob99|gg\n|\n|t:|1733878515\n|move|p2a: Inteleon|Ice Beam|p1a: Shiftry\n|-supereffective|p1a: Shiftry\n|-damage|p1a: Shiftry|0 fnt\n|faint|p1a: Shiftry\n|\n|upkeep\n|\n|t:|1733878520\n|switch|p1a: Politoed|Politoed, L88, F|175/302 par\n|-weather|RainDance|[from] ability: Drizzle|[of] p1a: Politoed\n|turn|31\n|inactive|rokomoko5 has 120 seconds left.\n|c|\u2606rokomoko5|how about you eat my ass instead\n|\n|t:|1733878554\n|move|p2a: Inteleon|Ice Beam|p1a: Politoed\n|-resisted|p1a: Politoed\n|-damage|p1a: Politoed|129/302 par\n|move|p1a: Politoed|Rest|p1a: Politoed\n|-status|p1a: Politoed|slp|[from] move: Rest\n|-heal|p1a: Politoed|302/302 slp|[silent]\n|-enditem|p1a: Politoed|Chesto Berry|[eat]\n|-curestatus|p1a: Politoed|slp|[msg]\n|\n|-weather|RainDance|[upkeep]\n|upkeep\n|turn|32\n|c|\u26061Noob99|your line was gg\n|\n|t:|1733878567\n|move|p2a: Inteleon|Ice Beam|p1a: Politoed\n|-resisted|p1a: Politoed\n|-damage|p1a: Politoed|254/302\n|move|p1a: Politoed|Hypnosis|p2a: Inteleon|[miss]\n|-miss|p1a: Politoed|p2a: Inteleon\n|\n|-weather|RainDance|[upkeep]\n|upkeep\n|turn|33\n|inactive|rokomoko5 has 120 seconds left.\n|c|\u2606rokomoko5|your line was gladly ill suck your ass\n|\n|t:|1733878600\n|move|p2a: Inteleon|Ice Beam|p1a: Politoed\n|-resisted|p1a: Politoed\n|-damage|p1a: Politoed|205/302\n|-status|p1a: Politoed|frz\n|cant|p1a: Politoed|frz\n|\n|-weather|RainDance|[upkeep]\n|upkeep\n|turn|34\n|\n|t:|1733878607\n|move|p2a: Inteleon|Ice Beam|p1a: Politoed\n|-resisted|p1a: Politoed\n|-damage|p1a: Politoed|158/302 frz\n|cant|p1a: Politoed|frz\n|\n|-weather|RainDance|[upkeep]\n|upkeep\n|turn|35\n|c|\u26061Noob99|no ass sucking\n|\n|t:|1733878629\n|move|p2a: Inteleon|Ice Beam|p1a: Politoed\n|-resisted|p1a: Politoed\n|-damage|p1a: Politoed|112/302 frz\n|cant|p1a: Politoed|frz\n|\n|-weather|none\n|upkeep\n|turn|36\n|c|\u2606rokomoko5|how abut penis\n|\n|t:|1733878636\n|move|p2a: Inteleon|Ice Beam|p1a: Politoed\n|-resisted|p1a: Politoed\n|-damage|p1a: Politoed|61/302 frz\n|-curestatus|p1a: Politoed|frz|[msg]\n|move|p1a: Politoed|Rest|p1a: Politoed\n|-status|p1a: Politoed|slp|[from] move: Rest\n|-heal|p1a: Politoed|302/302 slp|[silent]\n|\n|upkeep\n|turn|37\n|c|\u26061Noob99|nope\n|c|\u2606rokomoko5|man you broke my heart bye\n|inactive|rokomoko5 has 120 seconds left.\n|-message|rokomoko5 forfeited.\n|\n|win|1Noob99\n", "inputlog": ">version bfd83cad13791eb5a5a409923076391caf6fb4d4\n>start {\"formatid\":\"gen9randombattle\",\"seed\":[51203,8853,21590,63411],\"rated\":\"Rated battle\"}\n>player p1 {\"name\":\"1Noob99\",\"avatar\":\"fisherman-gen4\",\"rating\":1522,\"seed\":[35115,39079,8750,32493]}\n>player p2 {\"name\":\"rokomoko5\",\"avatar\":\"170\",\"rating\":1467,\"seed\":[10164,56785,49705,35126]}\n>p1 move bodyslam\n>p2 move willowisp\n>p1 move bodyslam\n>p2 move roost\n>p1 move bodyslam\n>p2 switch 5\n>p1 move closecombat\n>p2 move shellsmash\n>p1 move closecombat\n>p2 move liquidation\n>p1 switch 4\n>p1 move fakeout\n>p2 move liquidation\n>p1 move closecombat\n>p2 move liquidation\n>p2 switch 2\n>p1 switch 5\n>p2 move uturn\n>p2 switch 6\n>p1 move hypnosis\n>p2 move coil\n>p1 move surf\n>p2 move coil\n>p1 move surf\n>p2 move supercellslam\n>p1 move surf\n>p2 move supercellslam\n>p2 switch 4\n>p1 switch 6\n>p2 move swordsdance\n>p1 move dracometeor\n>p2 move knockoff\n>p2 switch 5\n>p1 move dracometeor\n>p2 move bravebird\n>p1 switch 5\n>p1 move fakeout\n>p2 move bravebird\n>p1 move uturn\n>p2 move bravebird\n>p1 switch 2\n>p1 move freezedry\n>p2 switch 3\n>p1 switch 6\n>p2 move thunderwave\n>p1 move surf\n>p2 move terablast\n>p1 move surf\n>p2 move recover\n>p1 move surf\n>p2 move thunderwave\n>p1 move hypnosis\n>p2 move recover\n>p1 move rest\n>p2 move terablast\n>p1 switch 3\n>p2 move terablast\n>p1 move tailwind\n>p2 move terablast\n>p1 move knockoff\n>p2 move terablast\n>p1 move lowkick\n>p2 move recover\n>p2 switch 3\n>p1 move knockoff\n>p2 move roost\n>p2 switch 6\n>chat \u26061Noob99|gg\n>p1 move leafblade\n>p2 move icebeam\n>p1 switch 3\n>chat \u2606rokomoko5|how about you suck my cock instead\n>chat \u2606rokomoko5|how about you eat my ass instead\n>p1 move rest\n>p2 move icebeam\n>chat \u26061Noob99|your line was gg\n>p1 move hypnosis\n>p2 move icebeam\n>chat \u2606rokomoko5|your line was gladly ill suck your ass \n>p1 move hypnosis\n>p2 move icebeam\n>p1 move hypnosis\n>p2 move icebeam\n>chat \u26061Noob99|no ass sucking \n>p1 move rest\n>p2 move icebeam\n>chat \u2606rokomoko5|how abut penis\n>p1 move rest\n>p2 move icebeam\n>chat \u26061Noob99|nope\n>chat \u2606rokomoko5|man you broke my heart bye\n>forcelose p2", "uploadtime": 1733878598, "views": 1, "formatid": "gen9randombattle", "rating": null, "private": 0, "password": null}