{"id": "gen9randombattle-2259811707", "format": "[Gen 9] Random Battle", "players": ["Buster984", "lacabumba"], "log": "|j|\u2606Buster984\n|j|\u2606lacabumba\n|t:|1733769086\n|gametype|singles\n|player|p1|Buster984|scientist-gen4|1041\n|player|p2|lacabumba|170|1055\n|teamsize|p1|6\n|teamsize|p2|6\n|gen|9\n|tier|[Gen 9] Random Battle\n|rated|\n|rule|Species Clause: Limit one of each Pok\u00e9mon\n|rule|HP Percentage Mod: HP is shown in percentages\n|rule|Sleep Clause Mod: Limit one foe put to sleep\n|rule|Illusion Level Mod: Illusion disguises the Pok\u00e9mon's true level\n|\n|t:|1733769086\n|start\n|switch|p1a: Scrafty|Scrafty, L84, F|246/246\n|switch|p2a: Honchkrow|Honchkrow, L86, M|312/312\n|turn|1\n|inactive|Battle timer is ON: inactive players will automatically lose when time's up. (requested by Buster984)\n|\n|t:|1733769102\n|switch|p1a: Klawf|Klawf, L90, M|272/272\n|move|p2a: Honchkrow|Heat Wave|p1a: Klawf\n|-resisted|p1a: Klawf\n|-damage|p1a: Klawf|223/272\n|\n|upkeep\n|turn|2\n|\n|t:|1733769109\n|switch|p2a: Orthworm|Orthworm, L88, F|266/266\n|move|p1a: Klawf|Swords Dance|p1a: Klawf\n|-boost|p1a: Klawf|atk|2\n|\n|upkeep\n|turn|3\n|\n|t:|1733769119\n|-terastallize|p2a: Orthworm|Electric\n|move|p1a: Klawf|Crabhammer|p2a: Orthworm\n|-damage|p2a: Orthworm|167/266\n|move|p2a: Orthworm|Body Press|p1a: Klawf\n|-supereffective|p1a: Klawf\n|-damage|p1a: Klawf|97/272\n|-ability|p1a: Klawf|Anger Shell|boost\n|-boost|p1a: Klawf|atk|1\n|-boost|p1a: Klawf|spa|1\n|-boost|p1a: Klawf|spe|1\n|-unboost|p1a: Klawf|def|1\n|-unboost|p1a: Klawf|spd|1\n|\n|upkeep\n|turn|4\n|\n|t:|1733769131\n|move|p1a: Klawf|Stone Edge|p2a: Orthworm\n|-crit|p2a: Orthworm\n|-damage|p2a: Orthworm|0 fnt\n|faint|p2a: Orthworm\n|\n|upkeep\n|\n|t:|1733769135\n|switch|p2a: Sandy Shocks|Sandy Shocks, L80|267/267\n|turn|5\n|\n|t:|1733769142\n|move|p1a: Klawf|High Horsepower|p2a: Sandy Shocks\n|-supereffective|p2a: Sandy Shocks\n|-damage|p2a: Sandy Shocks|0 fnt\n|faint|p2a: Sandy Shocks\n|-end|p2a: Sandy Shocks|Protosynthesis|[silent]\n|\n|upkeep\n|\n|t:|1733769150\n|switch|p2a: Cloyster|Cloyster, L80, M|211/211\n|turn|6\n|\n|t:|1733769159\n|move|p1a: Klawf|Stone Edge|p2a: Cloyster|[miss]\n|-miss|p1a: Klawf|p2a: Cloyster\n|move|p2a: Cloyster|Shell Smash|p2a: Cloyster\n|-unboost|p2a: Cloyster|def|1\n|-unboost|p2a: Cloyster|spd|1\n|-boost|p2a: Cloyster|atk|2\n|-boost|p2a: Cloyster|spa|2\n|-boost|p2a: Cloyster|spe|2\n|-enditem|p2a: Cloyster|White Herb\n|-clearnegativeboost|p2a: Cloyster|[silent]\n|\n|upkeep\n|turn|7\n|\n|t:|1733769175\n|move|p2a: Cloyster|Icicle Spear|p1a: Klawf\n|-damage|p1a: Klawf|46/272\n|-damage|p1a: Klawf|0 fnt\n|faint|p1a: Klawf\n|-hitcount|p1: Klawf|2\n|\n|upkeep\n|\n|t:|1733769182\n|switch|p1a: Illumise|Illumise, L91, F|266/266\n|turn|8\n|c|\u2606lacabumba|time to suck some dicks\n|\n|t:|1733769185\n|move|p1a: Illumise|Thunder Wave|p2a: Cloyster\n|-status|p2a: Cloyster|par\n|move|p2a: Cloyster|Rock Blast|p1a: Illumise\n|-supereffective|p1a: Illumise\n|-damage|p1a: Illumise|194/266\n|-supereffective|p1a: Illumise\n|-damage|p1a: Illumise|130/266\n|-supereffective|p1a: Illumise\n|-damage|p1a: Illumise|60/266\n|-supereffective|p1a: Illumise\n|-damage|p1a: Illumise|0 fnt\n|faint|p1a: Illumise\n|-hitcount|p1: Illumise|4\n|\n|upkeep\n|\n|t:|1733769203\n|switch|p1a: Scrafty|Scrafty, L84, F|246/246\n|turn|9\n|\n|t:|1733769213\n|move|p2a: Cloyster|Icicle Spear|p1a: Scrafty\n|-damage|p1a: Scrafty|204/246\n|-damage|p1a: Scrafty|165/246\n|-damage|p1a: Scrafty|122/246\n|-damage|p1a: Scrafty|86/246\n|-damage|p1a: Scrafty|46/246\n|-hitcount|p1a: Scrafty|5\n|move|p1a: Scrafty|Bulk Up|p1a: Scrafty\n|-boost|p1a: Scrafty|atk|1\n|-boost|p1a: Scrafty|def|1\n|\n|-heal|p1a: Scrafty|61/246|[from] item: Leftovers\n|upkeep\n|turn|10\n|c|\u2606lacabumba|bulk upppp\n|\n|t:|1733769227\n|move|p2a: Cloyster|Icicle Spear|p1a: Scrafty\n|-damage|p1a: Scrafty|33/246\n|-crit|p1a: Scrafty\n|-damage|p1a: Scrafty|0 fnt\n|faint|p1a: Scrafty\n|-hitcount|p1: Scrafty|2\n|\n|upkeep\n|\n|t:|1733769233\n|switch|p1a: Miraidon|Miraidon, L65|238/238\n|-fieldstart|move: Electric Terrain|[from] ability: Hadron Engine|[of] p1a: Miraidon\n|turn|11\n|\n|t:|1733769239\n|move|p1a: Miraidon|Electro Drift|p2a: Cloyster\n|-supereffective|p2a: Cloyster\n|-damage|p2a: Cloyster|0 fnt\n|faint|p2a: Cloyster\n|\n|upkeep\n|\n|t:|1733769245\n|switch|p2a: Golurk|Golurk, L87|297/297\n|turn|12\n|\n|t:|1733769263\n|switch|p1a: Cryogonal|Cryogonal, L89|287/287\n|move|p2a: Golurk|Stealth Rock|p1a: Cryogonal\n|-sidestart|p1: Buster984|move: Stealth Rock\n|\n|upkeep\n|turn|13\n|\n|t:|1733769275\n|switch|p2a: Farigiraf|Farigiraf, L91, M|366/366\n|move|p1a: Cryogonal|Ice Beam|p2a: Farigiraf\n|-damage|p2a: Farigiraf|260/366\n|\n|-heal|p2a: Farigiraf|282/366|[from] item: Leftovers\n|upkeep\n|turn|14\n|\n|t:|1733769284\n|move|p1a: Cryogonal|Rapid Spin|p2a: Farigiraf\n|-damage|p2a: Farigiraf|255/366\n|-boost|p1a: Cryogonal|spe|1\n|-sideend|p1: Buster984|Stealth Rock|[from] move: Rapid Spin|[of] p1a: Cryogonal\n|move|p2a: Farigiraf|Wish|p2a: Farigiraf\n|\n|-heal|p2a: Farigiraf|277/366|[from] item: Leftovers\n|upkeep\n|turn|15\n|\n|t:|1733769291\n|move|p1a: Cryogonal|Ice Beam|p2a: Farigiraf\n|-damage|p2a: Farigiraf|168/366\n|move|p2a: Farigiraf|Psychic Noise|p1a: Cryogonal\n|-damage|p1a: Cryogonal|217/287\n|-start|p1a: Cryogonal|move: Heal Block\n|\n|-heal|p2a: Farigiraf|351/366|[from] move: Wish|[wisher] Farigiraf\n|-heal|p2a: Farigiraf|366/366|[from] item: Leftovers\n|-fieldend|move: Electric Terrain\n|upkeep\n|turn|16\n|\n|t:|1733769303\n|move|p1a: Cryogonal|Ice Beam|p2a: Farigiraf\n|-damage|p2a: Farigiraf|261/366\n|move|p2a: Farigiraf|Body Slam|p1a: Cryogonal\n|-damage|p1a: Cryogonal|88/287\n|\n|-heal|p2a: Farigiraf|283/366|[from] item: Leftovers\n|-end|p1a: Cryogonal|move: Heal Block\n|upkeep\n|turn|17\n|\n|t:|1733769314\n|switch|p1a: Miraidon|Miraidon, L65|238/238\n|-fieldstart|move: Electric Terrain|[from] ability: Hadron Engine|[of] p1a: Miraidon\n|move|p2a: Farigiraf|Wish|p2a: Farigiraf\n|\n|-heal|p2a: Farigiraf|305/366|[from] item: Leftovers\n|upkeep\n|turn|18\n|\n|t:|1733769326\n|switch|p2a: Golurk|Golurk, L87|297/297\n|move|p1a: Miraidon|Draco Meteor|p2a: Golurk\n|-damage|p2a: Golurk|156/297\n|-unboost|p1a: Miraidon|spa|2\n|\n|-heal|p2a: Golurk|297/297|[from] move: Wish|[wisher] Farigiraf\n|upkeep\n|turn|19\n|c|\u2606lacabumba|lel\n|\n|t:|1733769336\n|switch|p1a: Cryogonal|Cryogonal, L89|88/287\n|move|p2a: Golurk|Earthquake|p1a: Cryogonal\n|-immune|p1a: Cryogonal|[from] ability: Levitate\n|\n|upkeep\n|turn|20\n|\n|t:|1733769342\n|move|p1a: Cryogonal|Ice Beam|p2a: Golurk\n|-supereffective|p2a: Golurk\n|-damage|p2a: Golurk|75/297\n|move|p2a: Golurk|Poltergeist|p1a: Cryogonal\n|-activate|p1a: Cryogonal|move: Poltergeist|Heavy-Duty Boots\n|-damage|p1a: Cryogonal|0 fnt\n|faint|p1a: Cryogonal\n|-damage|p2a: Golurk|46/297|[from] item: Life Orb\n|\n|upkeep\n|\n|t:|1733769351\n|switch|p1a: Camerupt|Camerupt, L91, F|275/275\n|turn|21\n|\n|t:|1733769366\n|switch|p2a: Farigiraf|Farigiraf, L91, M|305/366\n|-terastallize|p1a: Camerupt|Water\n|move|p1a: Camerupt|Earthquake|p2a: Farigiraf\n|-damage|p2a: Farigiraf|170/366\n|\n|-heal|p2a: Farigiraf|192/366|[from] item: Leftovers\n|-fieldend|move: Electric Terrain\n|upkeep\n|turn|22\n|\n|t:|1733769376\n|move|p2a: Farigiraf|Protect|p2a: Farigiraf\n|-singleturn|p2a: Farigiraf|Protect\n|move|p1a: Camerupt|Stealth Rock|p2a: Farigiraf\n|-sidestart|p2: lacabumba|move: Stealth Rock\n|\n|-heal|p2a: Farigiraf|214/366|[from] item: Leftovers\n|upkeep\n|turn|23\n|\n|t:|1733769383\n|move|p2a: Farigiraf|Wish|p2a: Farigiraf\n|move|p1a: Camerupt|Overheat|p2a: Farigiraf\n|-crit|p2a: Farigiraf\n|-damage|p2a: Farigiraf|0 fnt\n|-unboost|p1a: Camerupt|spa|2\n|faint|p2a: Farigiraf\n|\n|upkeep\n|\n|t:|1733769389\n|switch|p2a: Golurk|Golurk, L87|46/297\n|-damage|p2a: Golurk|28/297|[from] Stealth Rock\n|turn|24\n|\n|t:|1733769395\n|move|p2a: Golurk|Earthquake|p1a: Camerupt\n|-damage|p1a: Camerupt|79/275\n|-damage|p2a: Golurk|0 fnt|[from] item: Life Orb\n|faint|p2a: Golurk\n|move|p1a: Camerupt|Overheat|p2: Golurk|[notarget]\n|-fail|p1a: Camerupt\n|\n|-heal|p1a: Camerupt|96/275|[from] item: Leftovers\n|upkeep\n|\n|t:|1733769403\n|switch|p2a: Honchkrow|Honchkrow, L86, M|312/312\n|turn|25\n|\n|t:|1733769415\n|move|p2a: Honchkrow|Lash Out|p1a: Camerupt\n|-damage|p1a: Camerupt|0 fnt\n|faint|p1a: Camerupt\n|-ability|p2a: Honchkrow|Moxie|boost\n|-boost|p2a: Honchkrow|atk|1\n|\n|upkeep\n|\n|t:|1733769422\n|switch|p1a: Miraidon|Miraidon, L65|238/238\n|-fieldstart|move: Electric Terrain|[from] ability: Hadron Engine|[of] p1a: Miraidon\n|turn|26\n|\n|t:|1733769430\n|move|p2a: Honchkrow|Sucker Punch||[still]\n|-fail|p2a: Honchkrow\n|move|p1a: Miraidon|Substitute|p1a: Miraidon\n|-start|p1a: Miraidon|Substitute\n|-damage|p1a: Miraidon|179/238\n|\n|-heal|p1a: Miraidon|193/238|[from] item: Leftovers\n|upkeep\n|turn|27\n|\n|t:|1733769437\n|move|p1a: Miraidon|Electro Drift|p2a: Honchkrow\n|-supereffective|p2a: Honchkrow\n|-damage|p2a: Honchkrow|0 fnt\n|faint|p2a: Honchkrow\n|\n|win|Buster984\n|raw|Buster984's rating: 1041 &rarr; <strong>1076</strong><br />(+35 for winning)\n|raw|lacabumba's rating: 1055 &rarr; <strong>1036</strong><br />(-19 for losing)\n|l|\u2606lacabumba\n|player|p2|\n", "inputlog": ">version bfd83cad13791eb5a5a409923076391caf6fb4d4\n>start {\"formatid\":\"gen9randombattle\",\"seed\":[29009,16964,29135,31859],\"rated\":\"Rated battle\"}\n>player p1 {\"name\":\"Buster984\",\"avatar\":\"scientist-gen4\",\"rating\":1041,\"seed\":[10365,37620,32362,6261]}\n>player p2 {\"name\":\"lacabumba\",\"avatar\":\"170\",\"rating\":1055,\"seed\":[46798,48031,29290,33270]}\n>p1 switch 5\n>p2 move heatwave\n>p1 move swordsdance\n>p2 switch 5\n>p1 move crabhammer\n>p2 move bodypress terastallize\n>p1 move stoneedge\n>p2 move bodypress\n>p2 switch 6\n>p1 move highhorsepower\n>p2 move earthpower\n>p2 switch 2\n>p1 move stoneedge\n>p2 move shellsmash\n>p1 move stoneedge\n>p2 move iciclespear\n>p1 switch 6\n>chat \u2606lacabumba|time to suck some dicks\n>p1 move thunderwave\n>p2 move rockblast\n>p1 switch 5\n>p1 move bulkup\n>p2 move iciclespear\n>chat \u2606lacabumba|bulk upppp\n>p1 move drainpunch\n>p2 move iciclespear\n>p1 switch 2\n>p1 move electrodrift\n>p2 move iciclespear\n>p2 switch 3\n>p1 switch 3\n>p2 move stealthrock\n>p1 move icebeam\n>p2 switch 4\n>p1 move rapidspin\n>p2 move wish\n>p1 move icebeam\n>p2 move psychicnoise\n>p1 move icebeam\n>p2 move bodyslam\n>p1 switch 3\n>p2 move wish\n>p1 move dracometeor\n>p2 switch 4\n>chat \u2606lacabumba|lel\n>p1 switch 3\n>p2 move earthquake\n>p1 move icebeam\n>p2 move poltergeist\n>p1 switch 4\n>p1 move earthquake terastallize\n>p2 switch 4\n>p1 move stealthrock\n>p2 move protect\n>p1 move overheat\n>p2 move wish\n>p2 switch 4\n>p1 move overheat\n>p2 move earthquake\n>p2 switch 5\n>p1 move overheat\n>p2 move lashout\n>p1 switch 3\n>p1 move substitute\n>p2 move suckerpunch\n>p1 move electrodrift\n>p2 move lashout", "uploadtime": 1733769464, "views": 3, "formatid": "gen9randombattle", "rating": 1036, "private": 0, "password": null}