{"id": "gen9randombattle-2260539815", "format": "[Gen 9] Random Battle", "players": ["Belialioli", "Volcanic Rave"], "log": "|j|\u2606Belialioli\n|j|\u2606Volcanic Rave\n|t:|1733861517\n|gametype|singles\n|player|p1|Belialioli|266|\n|player|p2|Volcanic Rave|steven-gen3|\n|teamsize|p1|6\n|teamsize|p2|6\n|gen|9\n|tier|[Gen 9] Random Battle\n|rule|Species Clause: Limit one of each Pok\u00e9mon\n|rule|HP Percentage Mod: HP is shown in percentages\n|rule|Sleep Clause Mod: Limit one foe put to sleep\n|rule|Illusion Level Mod: Illusion disguises the Pok\u00e9mon's true level\n|\n|t:|1733861517\n|start\n|switch|p1a: Misdreavus|Misdreavus, L90, M|254/254\n|switch|p2a: Tinkaton|Tinkaton, L82, F|274/274\n|-ability|p2a: Tinkaton|Mold Breaker\n|turn|1\n|\n|t:|1733861540\n|move|p1a: Misdreavus|Will-O-Wisp|p2a: Tinkaton\n|-status|p2a: Tinkaton|brn\n|move|p2a: Tinkaton|Knock Off|p1a: Misdreavus\n|-supereffective|p1a: Misdreavus\n|-damage|p1a: Misdreavus|192/254\n|-enditem|p1a: Misdreavus|Eviolite|[from] move: Knock Off|[of] p2a: Tinkaton\n|-damage|p2a: Tinkaton|247/274 brn|[from] item: Life Orb\n|\n|-damage|p2a: Tinkaton|230/274 brn|[from] brn\n|upkeep\n|turn|2\n|\n|t:|1733861555\n|move|p1a: Misdreavus|Calm Mind|p1a: Misdreavus\n|-boost|p1a: Misdreavus|spa|1\n|-boost|p1a: Misdreavus|spd|1\n|move|p2a: Tinkaton|Swords Dance|p2a: Tinkaton\n|-boost|p2a: Tinkaton|atk|2\n|\n|-damage|p2a: Tinkaton|213/274 brn|[from] brn\n|upkeep\n|turn|3\n|\n|t:|1733861563\n|move|p1a: Misdreavus|Calm Mind|p1a: Misdreavus\n|-boost|p1a: Misdreavus|spa|1\n|-boost|p1a: Misdreavus|spd|1\n|move|p2a: Tinkaton|Gigaton Hammer|p1a: Misdreavus\n|-damage|p1a: Misdreavus|0 fnt\n|faint|p1a: Misdreavus\n|-damage|p2a: Tinkaton|186/274 brn|[from] item: Life Orb\n|\n|-damage|p2a: Tinkaton|169/274 brn|[from] brn\n|upkeep\n|\n|t:|1733861580\n|switch|p1a: Golem|Golem-Alola, L93, M|300/300\n|turn|4\n|\n|t:|1733861591\n|move|p2a: Tinkaton|Play Rough|p1a: Golem\n|-damage|p1a: Golem|230/300\n|-damage|p2a: Tinkaton|142/274 brn|[from] item: Life Orb\n|move|p1a: Golem|Earthquake|p2a: Tinkaton\n|-supereffective|p2a: Tinkaton\n|-damage|p2a: Tinkaton|0 fnt\n|faint|p2a: Tinkaton\n|-damage|p1a: Golem|200/300|[from] item: Life Orb\n|\n|upkeep\n|\n|t:|1733861598\n|switch|p2a: Scrafty|Scrafty, L84, M|246/246\n|turn|5\n|\n|t:|1733861605\n|switch|p1a: Kricketune|Kricketune, L99, F|312/312\n|move|p2a: Scrafty|Bulk Up|p2a: Scrafty\n|-boost|p2a: Scrafty|atk|1\n|-boost|p2a: Scrafty|def|1\n|\n|upkeep\n|turn|6\n|\n|t:|1733861613\n|move|p1a: Kricketune|Sticky Web|p2a: Scrafty\n|-sidestart|p2: Volcanic Rave|move: Sticky Web\n|move|p2a: Scrafty|Knock Off|p1a: Kricketune\n|-damage|p1a: Kricketune|126/312\n|-enditem|p1a: Kricketune|Heavy-Duty Boots|[from] move: Knock Off|[of] p2a: Scrafty\n|\n|upkeep\n|turn|7\n|\n|t:|1733861636\n|move|p1a: Kricketune|Pounce|p2a: Scrafty\n|-damage|p2a: Scrafty|192/246\n|-unboost|p2a: Scrafty|spe|1\n|move|p2a: Scrafty|Knock Off|p1a: Kricketune\n|-damage|p1a: Kricketune|2/312\n|\n|-heal|p2a: Scrafty|207/246|[from] item: Leftovers\n|upkeep\n|turn|8\n|\n|t:|1733861650\n|move|p1a: Kricketune|Knock Off|p2a: Scrafty\n|-resisted|p2a: Scrafty\n|-damage|p2a: Scrafty|196/246\n|-enditem|p2a: Scrafty|Leftovers|[from] move: Knock Off|[of] p1a: Kricketune\n|move|p2a: Scrafty|Drain Punch|p1a: Kricketune\n|-resisted|p1a: Kricketune\n|-crit|p1a: Kricketune\n|-damage|p1a: Kricketune|0 fnt\n|-heal|p2a: Scrafty|197/246|[from] drain|[of] p1a: Kricketune\n|faint|p1a: Kricketune\n|\n|upkeep\n|\n|t:|1733861668\n|switch|p1a: Zacian|Zacian, L69|241/241\n|-ability|p1a: Zacian|Intrepid Sword|boost\n|-boost|p1a: Zacian|atk|1\n|turn|9\n|\n|t:|1733861686\n|move|p1a: Zacian|Play Rough|p2a: Scrafty\n|-supereffective|p2a: Scrafty\n|-damage|p2a: Scrafty|0 fnt\n|faint|p2a: Scrafty\n|\n|upkeep\n|\n|t:|1733861693\n|switch|p2a: Oricorio|Oricorio, L84, F|263/263\n|turn|10\n|\n|t:|1733861700\n|move|p1a: Zacian|Play Rough|p2a: Oricorio\n|-resisted|p2a: Oricorio\n|-damage|p2a: Oricorio|158/263\n|move|p2a: Oricorio|Quiver Dance|p2a: Oricorio\n|-boost|p2a: Oricorio|spa|1\n|-boost|p2a: Oricorio|spd|1\n|-boost|p2a: Oricorio|spe|1\n|\n|upkeep\n|turn|11\n|\n|t:|1733861714\n|switch|p1a: Golem|Golem-Alola, L93, M|200/300\n|move|p2a: Oricorio|Hurricane|p1a: Golem\n|-resisted|p1a: Golem\n|-damage|p1a: Golem|149/300\n|-start|p1a: Golem|confusion\n|\n|upkeep\n|turn|12\n|\n|t:|1733861724\n|-terastallize|p2a: Oricorio|Ground\n|move|p2a: Oricorio|Quiver Dance|p2a: Oricorio\n|-boost|p2a: Oricorio|spa|1\n|-boost|p2a: Oricorio|spd|1\n|-boost|p2a: Oricorio|spe|1\n|-activate|p1a: Golem|confusion\n|move|p1a: Golem|Double-Edge|p2a: Oricorio\n|-immune|p2a: Oricorio\n|\n|upkeep\n|turn|13\n|\n|t:|1733861736\n|switch|p1a: Alomomola|Alomomola, L87, M|429/429\n|move|p2a: Oricorio|Quiver Dance|p2a: Oricorio\n|-boost|p2a: Oricorio|spa|1\n|-boost|p2a: Oricorio|spd|1\n|-boost|p2a: Oricorio|spe|1\n|\n|upkeep\n|turn|14\n|\n|t:|1733861749\n|move|p2a: Oricorio|Revelation Dance|p1a: Alomomola\n|-damage|p1a: Alomomola|68/429\n|move|p1a: Alomomola|Wish|p1a: Alomomola\n|\n|-heal|p1a: Alomomola|94/429|[from] item: Leftovers\n|upkeep\n|turn|15\n|\n|t:|1733861759\n|move|p1a: Alomomola|Protect|p1a: Alomomola\n|-singleturn|p1a: Alomomola|Protect\n|move|p2a: Oricorio|Revelation Dance|p1a: Alomomola\n|-activate|p1a: Alomomola|move: Protect\n|\n|-heal|p1a: Alomomola|308/429|[from] move: Wish|[wisher] Alomomola\n|-heal|p1a: Alomomola|334/429|[from] item: Leftovers\n|upkeep\n|turn|16\n|\n|t:|1733861771\n|move|p2a: Oricorio|Revelation Dance|p1a: Alomomola\n|-damage|p1a: Alomomola|0 fnt\n|faint|p1a: Alomomola\n|\n|upkeep\n|\n|t:|1733861781\n|switch|p1a: Kommo-o|Kommo-o, L78, F|245/245\n|turn|17\n|\n|t:|1733861792\n|move|p2a: Oricorio|Hurricane|p1a: Kommo-o|[miss]\n|-miss|p2a: Oricorio|p1a: Kommo-o\n|move|p1a: Kommo-o|Swords Dance|p1a: Kommo-o\n|-boost|p1a: Kommo-o|atk|2\n|-activate|p2a: Oricorio|ability: Dancer\n|move|p2a: Oricorio|Swords Dance|p2a: Oricorio|[from]ability: Dancer\n|-boost|p2a: Oricorio|atk|2\n|\n|upkeep\n|turn|18\n|\n|t:|1733861806\n|move|p2a: Oricorio|Revelation Dance|p1a: Kommo-o\n|-damage|p1a: Kommo-o|13/245\n|move|p1a: Kommo-o|Close Combat|p2a: Oricorio\n|-crit|p2a: Oricorio\n|-damage|p2a: Oricorio|0 fnt\n|-unboost|p1a: Kommo-o|def|1\n|-unboost|p1a: Kommo-o|spd|1\n|faint|p2a: Oricorio\n|\n|upkeep\n|\n|t:|1733861818\n|switch|p2a: Dipplin|Dipplin, L88, F|284/284\n|-activate|p2a: Dipplin|move: Sticky Web\n|-unboost|p2a: Dipplin|spe|1\n|turn|19\n|\n|t:|1733861824\n|move|p2a: Dipplin|Sucker Punch|p1a: Kommo-o\n|-resisted|p1a: Kommo-o\n|-damage|p1a: Kommo-o|0 fnt\n|faint|p1a: Kommo-o\n|\n|upkeep\n|\n|t:|1733861829\n|switch|p1a: Golem|Golem-Alola, L93, M|149/300\n|turn|20\n|\n|t:|1733861840\n|-terastallize|p1a: Golem|Grass\n|move|p1a: Golem|Stone Edge|p2a: Dipplin|[miss]\n|-miss|p1a: Golem|p2a: Dipplin\n|move|p2a: Dipplin|Giga Drain|p1a: Golem\n|-resisted|p1a: Golem\n|-damage|p1a: Golem|97/300\n|\n|upkeep\n|turn|21\n|\n|t:|1733861848\n|move|p1a: Golem|Stone Edge|p2a: Dipplin\n|-crit|p2a: Dipplin\n|-damage|p2a: Dipplin|127/284\n|-damage|p1a: Golem|67/300|[from] item: Life Orb\n|move|p2a: Dipplin|Dragon Pulse|p1a: Golem\n|-damage|p1a: Golem|0 fnt\n|faint|p1a: Golem\n|\n|upkeep\n|\n|t:|1733861857\n|switch|p1a: Zacian|Zacian, L69|241/241\n|turn|22\n|\n|t:|1733861863\n|move|p1a: Zacian|Play Rough|p2a: Dipplin\n|-supereffective|p2a: Dipplin\n|-damage|p2a: Dipplin|0 fnt\n|faint|p2a: Dipplin\n|\n|upkeep\n|\n|t:|1733861865\n|switch|p2a: Toucannon|Toucannon, L88, M|284/284\n|turn|23\n|\n|t:|1733861870\n|-singleturn|p2a: Toucannon|move: Beak Blast\n|move|p1a: Zacian|Play Rough|p2a: Toucannon\n|-damage|p2a: Toucannon|160/284\n|-status|p1a: Zacian|brn\n|move|p2a: Toucannon|Beak Blast|p1a: Zacian\n|-damage|p1a: Zacian|93/241 brn\n|\n|-damage|p1a: Zacian|78/241 brn|[from] brn\n|upkeep\n|turn|24\n|\n|t:|1733861882\n|-singleturn|p2a: Toucannon|move: Beak Blast\n|move|p1a: Zacian|Play Rough|p2a: Toucannon\n|-damage|p2a: Toucannon|98/284\n|move|p2a: Toucannon|Beak Blast|p1a: Zacian\n|-crit|p1a: Zacian\n|-damage|p1a: Zacian|0 fnt\n|faint|p1a: Zacian\n|\n|win|Volcanic Rave\n|l|\u2606Volcanic Rave\n|player|p2|\n|l|\u2606Belialioli\n|player|p1|\n|j|\u2606Volcanic Rave\n|player|p2|Volcanic Rave|steven-gen3|\n", "inputlog": ">version bfd83cad13791eb5a5a409923076391caf6fb4d4\n>start {\"formatid\":\"gen9randombattle\",\"seed\":[33781,58388,12151,55065]}\n>player p1 {\"name\":\"Belialioli\",\"avatar\":\"266\",\"rating\":0,\"seed\":[6993,51419,32678,36861]}\n>player p2 {\"name\":\"Volcanic Rave\",\"avatar\":\"steven-gen3\",\"rating\":0,\"seed\":[61871,12162,21569,9076]}\n>p1 move willowisp\n>p2 move knockoff\n>p1 move calmmind\n>p2 move swordsdance\n>p1 move calmmind\n>p2 move gigatonhammer\n>p1 switch 4\n>p1 move earthquake\n>p2 move playrough\n>p2 switch 3\n>p1 switch 2\n>p2 move bulkup\n>p1 move stickyweb\n>p2 move knockoff\n>p1 move pounce\n>p2 move knockoff\n>p1 move knockoff\n>p2 move drainpunch\n>p1 switch 6\n>p1 move playrough\n>p2 move knockoff\n>p2 switch 6\n>p1 move playrough\n>p2 move quiverdance\n>p1 switch 2\n>p2 move hurricane\n>p1 move doubleedge\n>p2 move quiverdance terastallize\n>p1 switch 5\n>p2 move quiverdance\n>p1 move wish\n>p2 move revelationdance\n>p1 move protect\n>p2 move revelationdance\n>p1 move flipturn\n>p2 move revelationdance\n>p1 switch 3\n>p1 move swordsdance\n>p2 move hurricane\n>p1 move closecombat\n>p2 move revelationdance\n>p2 switch 5\n>p1 move scaleshot\n>p2 move suckerpunch\n>p1 switch 5\n>p1 move stoneedge terastallize\n>p2 move gigadrain\n>p1 move stoneedge\n>p2 move dragonpulse\n>p1 switch 2\n>p1 move playrough\n>p2 move recover\n>p2 switch 2\n>p1 move playrough\n>p2 move beakblast\n>p1 move playrough\n>p2 move beakblast", "uploadtime": 1733861924, "views": 1, "formatid": "gen9randombattle", "rating": null, "private": 0, "password": null}