{"id": "gen9randombattle-2260500097", "format": "[Gen 9] Random Battle", "players": ["Baromether", "12321r"], "log": "|j|\u2606Baromether\n|j|\u260612321r\n|t:|1733857587\n|gametype|singles\n|player|p1|Baromether|dawn-gen4pt|2093\n|player|p2|12321r|dawn|2126\n|teamsize|p1|6\n|teamsize|p2|6\n|gen|9\n|tier|[Gen 9] Random Battle\n|rated|\n|rule|Species Clause: Limit one of each Pok\u00e9mon\n|rule|HP Percentage Mod: HP is shown in percentages\n|rule|Sleep Clause Mod: Limit one foe put to sleep\n|rule|Illusion Level Mod: Illusion disguises the Pok\u00e9mon's true level\n|\n|t:|1733857587\n|start\n|switch|p1a: Entei|Entei, L78|307/307\n|switch|p2a: Decidueye|Decidueye, L88, M|281/281\n|turn|1\n|inactive|Battle timer is ON: inactive players will automatically lose when time's up. (requested by Baromether)\n|\n|t:|1733857598\n|switch|p2a: Primarina|Primarina, L83, F|268/268\n|move|p1a: Entei|Sacred Fire|p2a: Primarina\n|-resisted|p2a: Primarina\n|-damage|p2a: Primarina|176/268\n|\n|upkeep\n|turn|2\n|\n|t:|1733857617\n|switch|p1a: Rillaboom|Rillaboom, L79, F|288/288\n|-fieldstart|move: Grassy Terrain|[from] ability: Grassy Surge|[of] p1a: Rillaboom\n|move|p2a: Primarina|Flip Turn|p1a: Rillaboom\n|-resisted|p1a: Rillaboom\n|-crit|p1a: Rillaboom\n|-damage|p1a: Rillaboom|246/288\n|\n|t:|1733857627\n|switch|p2a: Vikavolt|Vikavolt, L83, M|263/263|[from] Flip Turn\n|\n|-heal|p1a: Rillaboom|264/288|[from] Grassy Terrain\n|upkeep\n|turn|3\n|inactive|Baromether has 120 seconds left.\n|\n|t:|1733857660\n|switch|p1a: Entei|Entei, L78|307/307\n|move|p2a: Vikavolt|Sticky Web|p1a: Entei\n|-sidestart|p1: Baromether|move: Sticky Web\n|\n|upkeep\n|turn|4\n|\n|t:|1733857668\n|switch|p2a: Primarina|Primarina, L83, F|176/268\n|move|p1a: Entei|Flare Blitz|p2a: Primarina\n|-resisted|p2a: Primarina\n|-crit|p2a: Primarina\n|-damage|p2a: Primarina|18/268\n|-damage|p1a: Entei|255/307|[from] Recoil\n|\n|-heal|p1a: Entei|274/307|[from] Grassy Terrain\n|-heal|p2a: Primarina|34/268|[from] Grassy Terrain\n|upkeep\n|turn|5\n|\n|t:|1733857679\n|switch|p2a: Chimecho|Chimecho, L93, M|290/290\n|move|p1a: Entei|Flare Blitz|p2a: Chimecho\n|-damage|p2a: Chimecho|97/290\n|-damage|p1a: Entei|210/307|[from] Recoil\n|\n|-heal|p1a: Entei|229/307|[from] Grassy Terrain\n|-heal|p2a: Chimecho|115/290|[from] item: Leftovers\n|upkeep\n|turn|6\n|\n|t:|1733857686\n|move|p1a: Entei|Flare Blitz|p2a: Chimecho\n|-crit|p2a: Chimecho\n|-damage|p2a: Chimecho|0 fnt\n|faint|p2a: Chimecho\n|-damage|p1a: Entei|191/307|[from] Recoil\n|\n|-heal|p1a: Entei|210/307|[from] Grassy Terrain\n|-fieldend|move: Grassy Terrain\n|upkeep\n|\n|t:|1733857694\n|switch|p2a: Salazzle|Salazzle, L83, F|249/249\n|turn|7\n|\n|t:|1733857704\n|switch|p1a: Okidogi|Okidogi, L77, M|262/262\n|-activate|p1a: Okidogi|move: Sticky Web\n|-unboost|p1a: Okidogi|spe|1\n|move|p2a: Salazzle|Nasty Plot|p2a: Salazzle\n|-boost|p2a: Salazzle|spa|2\n|\n|upkeep\n|turn|8\n|\n|t:|1733857713\n|move|p2a: Salazzle|Fire Blast|p1a: Okidogi\n|-damage|p1a: Okidogi|58/262\n|move|p1a: Okidogi|Psychic Fangs|p2a: Salazzle\n|-supereffective|p2a: Salazzle\n|-damage|p2a: Salazzle|77/249\n|\n|upkeep\n|turn|9\n|\n|t:|1733857725\n|move|p2a: Salazzle|Tera Blast|p1a: Okidogi\n|-damage|p1a: Okidogi|0 fnt\n|faint|p1a: Okidogi\n|\n|upkeep\n|\n|t:|1733857745\n|switch|p1a: Entei|Entei, L78|210/307\n|-activate|p1a: Entei|move: Sticky Web\n|-unboost|p1a: Entei|spe|1\n|turn|10\n|\n|t:|1733857760\n|switch|p2a: Decidueye|Decidueye, L88, M|281/281\n|move|p1a: Entei|Extreme Speed|p2a: Decidueye\n|-immune|p2a: Decidueye\n|\n|upkeep\n|turn|11\n|\n|t:|1733857771\n|switch|p1a: Iron Hands|Iron Hands, L79|373/373\n|-activate|p1a: Iron Hands|move: Sticky Web\n|-unboost|p1a: Iron Hands|spe|1\n|move|p2a: Decidueye|Swords Dance|p2a: Decidueye\n|-boost|p2a: Decidueye|atk|2\n|\n|upkeep\n|turn|12\n|\n|t:|1733857782\n|move|p2a: Decidueye|Leaf Blade|p1a: Iron Hands\n|-crit|p1a: Iron Hands\n|-damage|p1a: Iron Hands|0 fnt\n|faint|p1a: Iron Hands\n|-end|p1a: Iron Hands|Quark Drive|[silent]\n|-damage|p2a: Decidueye|253/281|[from] item: Life Orb\n|\n|upkeep\n|inactive|Baromether has 120 seconds left.\n|\n|t:|1733857804\n|switch|p1a: Entei|Entei, L78|210/307\n|-activate|p1a: Entei|move: Sticky Web\n|-unboost|p1a: Entei|spe|1\n|turn|13\n|\n|t:|1733857809\n|-terastallize|p1a: Entei|Normal\n|move|p2a: Decidueye|Poltergeist|p1a: Entei\n|-immune|p1a: Entei\n|move|p1a: Entei|Sacred Fire|p2a: Decidueye\n|-supereffective|p2a: Decidueye\n|-damage|p2a: Decidueye|0 fnt\n|faint|p2a: Decidueye\n|\n|upkeep\n|\n|t:|1733857818\n|switch|p2a: Primarina|Primarina, L83, F|34/268\n|turn|14\n|\n|t:|1733857824\n|switch|p1a: Rillaboom|Rillaboom, L79, F|264/288\n|-activate|p1a: Rillaboom|move: Sticky Web\n|-unboost|p1a: Rillaboom|spe|1\n|-fieldstart|move: Grassy Terrain|[from] ability: Grassy Surge|[of] p1a: Rillaboom\n|move|p2a: Primarina|Hydro Pump|p1a: Rillaboom\n|-resisted|p1a: Rillaboom\n|-damage|p1a: Rillaboom|69/288\n|\n|-heal|p2a: Primarina|50/268|[from] Grassy Terrain\n|-heal|p1a: Rillaboom|87/288|[from] Grassy Terrain\n|upkeep\n|turn|15\n|\n|t:|1733857844\n|switch|p2a: Vikavolt|Vikavolt, L83, M|263/263\n|switch|p1a: Entei|Entei, L78, tera:Normal|210/307\n|-activate|p1a: Entei|move: Sticky Web\n|-unboost|p1a: Entei|spe|1\n|\n|-heal|p1a: Entei|229/307|[from] Grassy Terrain\n|upkeep\n|turn|16\n|\n|t:|1733857856\n|switch|p2a: Primarina|Primarina, L83, F|50/268\n|move|p1a: Entei|Sacred Fire|p2a: Primarina\n|-resisted|p2a: Primarina\n|-damage|p2a: Primarina|0 fnt\n|faint|p2a: Primarina\n|\n|-heal|p1a: Entei|248/307|[from] Grassy Terrain\n|upkeep\n|\n|t:|1733857862\n|switch|p2a: Salazzle|Salazzle, L83, F|77/249\n|turn|17\n|\n|t:|1733857871\n|switch|p1a: Bruxish|Bruxish, L85, F|254/254\n|-activate|p1a: Bruxish|move: Sticky Web\n|-unboost|p1a: Bruxish|spe|1\n|move|p2a: Salazzle|Sludge Wave|p1a: Bruxish\n|-damage|p1a: Bruxish|131/254\n|\n|-heal|p2a: Salazzle|92/249|[from] Grassy Terrain\n|-heal|p1a: Bruxish|146/254|[from] Grassy Terrain\n|upkeep\n|turn|18\n|\n|t:|1733857879\n|switch|p2a: Torterra|Torterra, L78, M|276/276\n|move|p1a: Bruxish|Wave Crash|p2a: Torterra\n|-damage|p2a: Torterra|119/276\n|-damage|p1a: Bruxish|94/254|[from] Recoil\n|-damage|p1a: Bruxish|69/254|[from] item: Life Orb\n|\n|-heal|p1a: Bruxish|84/254|[from] Grassy Terrain\n|-heal|p2a: Torterra|136/276|[from] Grassy Terrain\n|-fieldend|move: Grassy Terrain\n|upkeep\n|turn|19\n|\n|t:|1733857896\n|move|p1a: Bruxish|Wave Crash|p2a: Torterra\n|-damage|p2a: Torterra|0 fnt\n|faint|p2a: Torterra\n|-damage|p1a: Bruxish|39/254|[from] Recoil\n|-damage|p1a: Bruxish|14/254|[from] item: Life Orb\n|\n|upkeep\n|\n|t:|1733857901\n|switch|p2a: Salazzle|Salazzle, L83, F|92/249\n|turn|20\n|\n|t:|1733857904\n|move|p2a: Salazzle|Sludge Wave|p1a: Bruxish\n|-damage|p1a: Bruxish|0 fnt\n|faint|p1a: Bruxish\n|\n|upkeep\n|\n|t:|1733857912\n|switch|p1a: Entei|Entei, L78, tera:Normal|248/307\n|-activate|p1a: Entei|move: Sticky Web\n|-unboost|p1a: Entei|spe|1\n|turn|21\n|\n|t:|1733857922\n|move|p1a: Entei|Extreme Speed|p2a: Salazzle\n|-damage|p2a: Salazzle|0 fnt\n|faint|p2a: Salazzle\n|\n|upkeep\n|\n|t:|1733857924\n|switch|p2a: Vikavolt|Vikavolt, L83, M|263/263\n|turn|22\n|\n|t:|1733857941\n|switch|p1a: Torterra|Torterra, L78, M|276/276\n|-activate|p1a: Torterra|move: Sticky Web\n|-unboost|p1a: Torterra|spe|1\n|-terastallize|p2a: Vikavolt|Electric\n|move|p2a: Vikavolt|Discharge|p1a: Torterra\n|-immune|p1a: Torterra\n|\n|upkeep\n|turn|23\n|\n|t:|1733857949\n|move|p2a: Vikavolt|Bug Buzz|p1a: Torterra\n|-supereffective|p1a: Torterra\n|-damage|p1a: Torterra|4/276\n|move|p1a: Torterra|Shell Smash|p1a: Torterra\n|-unboost|p1a: Torterra|def|1\n|-unboost|p1a: Torterra|spd|1\n|-boost|p1a: Torterra|atk|2\n|-boost|p1a: Torterra|spa|2\n|-boost|p1a: Torterra|spe|2\n|\n|upkeep\n|turn|24\n|\n|t:|1733857957\n|move|p1a: Torterra|Bullet Seed|p2a: Vikavolt\n|-damage|p2a: Vikavolt|185/263\n|-damage|p2a: Vikavolt|113/263\n|-damage|p2a: Vikavolt|38/263\n|-damage|p2a: Vikavolt|0 fnt\n|faint|p2a: Vikavolt\n|-hitcount|p2: Vikavolt|4\n|\n|win|Baromether\n|raw|Baromether's rating: 2093 &rarr; <strong>2115</strong><br />(+22 for winning)\n|raw|12321r's rating: 2126 &rarr; <strong>2104</strong><br />(-22 for losing)\n|l|\u260612321r\n|player|p2|\n", "inputlog": ">version bfd83cad13791eb5a5a409923076391caf6fb4d4\n>start {\"formatid\":\"gen9randombattle\",\"seed\":[14023,33112,57708,3746],\"rated\":\"Rated battle\"}\n>player p1 {\"name\":\"Baromether\",\"avatar\":\"dawn-gen4pt\",\"rating\":2093,\"seed\":[30012,43868,44261,9071]}\n>player p2 {\"name\":\"12321r\",\"avatar\":\"dawn\",\"rating\":2126,\"seed\":[63396,35020,63922,27559]}\n>p1 move sacredfire\n>p2 switch 3\n>p1 switch 2\n>p2 move flipturn\n>p2 switch 6\n>p1 switch 2\n>p2 move stickyweb\n>p1 move flareblitz\n>p2 switch 6\n>p1 move flareblitz\n>p2 switch 2\n>p1 move flareblitz\n>p2 move recover\n>p2 switch 5\n>p1 switch 6\n>p2 move nastyplot\n>p1 move psychicfangs\n>p2 move fireblast\n>p1 move knockoff\n>p2 move terablast\n>p1 switch 6\n>p1 move extremespeed\n>p2 switch 3\n>p1 switch 5\n>p2 move swordsdance\n>p1 move icepunch\n>p2 move leafblade\n>p1 switch 5\n>p1 move sacredfire terastallize\n>p2 move poltergeist\n>p2 switch 2\n>p1 switch 2\n>p2 move hydropump\n>p1 switch 2\n>p2 switch 6\n>p1 move sacredfire\n>p2 switch 6\n>p2 switch 3\n>p1 switch 3\n>p2 move sludgewave\n>p1 move wavecrash\n>p2 switch 4\n>p1 move wavecrash\n>p2 move shellsmash\n>p2 switch 4\n>p1 move wavecrash\n>p2 move sludgewave\n>p1 switch 3\n>p1 move extremespeed\n>p2 move sludgewave\n>p2 switch 6\n>p1 switch 4\n>p2 move discharge terastallize\n>p1 move shellsmash\n>p2 move bugbuzz\n>p1 move bulletseed\n>p2 move bugbuzz", "uploadtime": 1733857972, "views": 9, "formatid": "gen9randombattle", "rating": 2104, "private": 0, "password": null}