{"id": "gen9randombattle-2260625959", "format": "[Gen 9] Random Battle", "players": ["123igorsluzz", "Poloteli"], "log": "|j|\u2606123igorsluzz\n|j|\u2606Poloteli\n|t:|1733870835\n|gametype|singles\n|player|p1|123igorsluzz|102|1272\n|player|p2|Poloteli|wallace|1226\n|teamsize|p1|6\n|teamsize|p2|6\n|gen|9\n|tier|[Gen 9] Random Battle\n|rated|\n|rule|Species Clause: Limit one of each Pok\u00e9mon\n|rule|HP Percentage Mod: HP is shown in percentages\n|rule|Sleep Clause Mod: Limit one foe put to sleep\n|rule|Illusion Level Mod: Illusion disguises the Pok\u00e9mon's true level\n|\n|t:|1733870835\n|start\n|switch|p1a: Falinks|Falinks, L84|246/246\n|switch|p2a: Hawlucha|Hawlucha, L80, F|256/256\n|turn|1\n|inactive|Battle timer is ON: inactive players will automatically lose when time's up. (requested by Poloteli)\n|\n|t:|1733870854\n|switch|p1a: Gothitelle|Gothitelle, L90, F|272/272\n|move|p2a: Hawlucha|Swords Dance|p2a: Hawlucha\n|-boost|p2a: Hawlucha|atk|2\n|\n|upkeep\n|turn|2\n|\n|t:|1733870863\n|-terastallize|p2a: Hawlucha|Flying\n|move|p1a: Gothitelle|Psychic|p2a: Hawlucha\n|-damage|p2a: Hawlucha|102/256\n|move|p2a: Hawlucha|Close Combat|p1a: Gothitelle\n|-resisted|p1a: Gothitelle\n|-damage|p1a: Gothitelle|175/272\n|-unboost|p2a: Hawlucha|def|1\n|-unboost|p2a: Hawlucha|spd|1\n|-enditem|p2a: Hawlucha|White Herb\n|-clearnegativeboost|p2a: Hawlucha|[silent]\n|\n|upkeep\n|turn|3\n|\n|t:|1733870874\n|move|p2a: Hawlucha|Acrobatics|p1a: Gothitelle\n|-damage|p1a: Gothitelle|0 fnt\n|faint|p1a: Gothitelle\n|\n|upkeep\n|\n|t:|1733870879\n|switch|p1a: Cetitan|Cetitan, L82, F|412/412\n|turn|4\n|\n|t:|1733870883\n|move|p1a: Cetitan|Ice Shard|p2a: Hawlucha\n|-supereffective|p2a: Hawlucha\n|-damage|p2a: Hawlucha|0 fnt\n|faint|p2a: Hawlucha\n|\n|upkeep\n|\n|t:|1733870891\n|switch|p2a: Camerupt|Camerupt, L91, M|275/275\n|turn|5\n|\n|t:|1733870910\n|move|p1a: Cetitan|Earthquake|p2a: Camerupt\n|-supereffective|p2a: Camerupt\n|-damage|p2a: Camerupt|157/275\n|move|p2a: Camerupt|Stealth Rock|p1a: Cetitan\n|-sidestart|p1: 123igorsluzz|move: Stealth Rock\n|\n|-heal|p2a: Camerupt|174/275|[from] item: Leftovers\n|upkeep\n|turn|6\n|\n|t:|1733870915\n|move|p1a: Cetitan|Earthquake|p2a: Camerupt\n|-supereffective|p2a: Camerupt\n|-damage|p2a: Camerupt|57/275\n|move|p2a: Camerupt|Overheat|p1a: Cetitan\n|-supereffective|p1a: Cetitan\n|-damage|p1a: Cetitan|152/412\n|-unboost|p2a: Camerupt|spa|2\n|-enditem|p1a: Cetitan|Sitrus Berry|[eat]\n|-heal|p1a: Cetitan|255/412|[from] item: Sitrus Berry\n|\n|-heal|p2a: Camerupt|74/275|[from] item: Leftovers\n|upkeep\n|turn|7\n|\n|t:|1733870925\n|switch|p2a: Dewgong|Dewgong, L94, F|322/322\n|move|p1a: Cetitan|Earthquake|p2a: Dewgong\n|-damage|p2a: Dewgong|246/322\n|\n|upkeep\n|turn|8\n|\n|t:|1733870932\n|move|p2a: Dewgong|Knock Off|p1a: Cetitan\n|-damage|p1a: Cetitan|197/412\n|move|p1a: Cetitan|Earthquake|p2a: Dewgong\n|-damage|p2a: Dewgong|179/322\n|\n|upkeep\n|turn|9\n|\n|t:|1733870937\n|move|p2a: Dewgong|Surf|p1a: Cetitan\n|-damage|p1a: Cetitan|76/412\n|move|p1a: Cetitan|Earthquake|p2a: Dewgong\n|-damage|p2a: Dewgong|112/322\n|\n|upkeep\n|turn|10\n|\n|t:|1733870951\n|move|p2a: Dewgong|Surf|p1a: Cetitan\n|-damage|p1a: Cetitan|0 fnt\n|faint|p1a: Cetitan\n|\n|upkeep\n|\n|t:|1733870958\n|switch|p1a: Wyrdeer|Wyrdeer, L87, F|321/321\n|-damage|p1a: Wyrdeer|281/321|[from] Stealth Rock\n|-ability|p1a: Wyrdeer|Intimidate|boost\n|-unboost|p2a: Dewgong|atk|1\n|turn|11\n|\n|t:|1733870965\n|switch|p2a: Camerupt|Camerupt, L91, M|74/275\n|move|p1a: Wyrdeer|Thunderbolt|p2a: Camerupt\n|-immune|p2a: Camerupt\n|\n|-heal|p1a: Wyrdeer|301/321|[from] item: Leftovers\n|-heal|p2a: Camerupt|91/275|[from] item: Leftovers\n|upkeep\n|turn|12\n|\n|t:|1733870972\n|move|p1a: Wyrdeer|Earthquake|p2a: Camerupt\n|-supereffective|p2a: Camerupt\n|-damage|p2a: Camerupt|0 fnt\n|faint|p2a: Camerupt\n|\n|-heal|p1a: Wyrdeer|321/321|[from] item: Leftovers\n|upkeep\n|\n|t:|1733870980\n|switch|p2a: Rampardos|Rampardos, L90, F|321/321\n|turn|13\n|\n|t:|1733870990\n|move|p1a: Wyrdeer|Earthquake|p2a: Rampardos\n|-supereffective|p2a: Rampardos\n|-damage|p2a: Rampardos|111/321\n|move|p2a: Rampardos|Rock Slide|p1a: Wyrdeer|[miss]\n|-miss|p2a: Rampardos|p1a: Wyrdeer\n|\n|upkeep\n|turn|14\n|-message|Poloteli forfeited.\n|\n|win|123igorsluzz\n|raw|123igorsluzz's rating: 1272 &rarr; <strong>1294</strong><br />(+22 for winning)\n|raw|Poloteli's rating: 1226 &rarr; <strong>1204</strong><br />(-22 for losing)\n|l|\u2606Poloteli\n|player|p2|\n", "inputlog": ">version bfd83cad13791eb5a5a409923076391caf6fb4d4\n>start {\"formatid\":\"gen9randombattle\",\"seed\":[57140,8631,64396,60527],\"rated\":\"Rated battle\"}\n>player p1 {\"name\":\"123igorsluzz\",\"avatar\":\"102\",\"rating\":1272,\"seed\":[54577,15353,64301,52336]}\n>player p2 {\"name\":\"Poloteli\",\"avatar\":\"wallace\",\"rating\":1226,\"seed\":[30165,18941,19386,57224]}\n>p1 switch 3\n>p2 move swordsdance\n>p1 move psychic\n>p2 move closecombat terastallize\n>p1 move psychic\n>p2 move acrobatics\n>p1 switch 5\n>p1 move iceshard\n>p2 move closecombat\n>p2 switch 6\n>p1 move earthquake\n>p2 move stealthrock\n>p1 move earthquake\n>p2 move overheat\n>p1 move earthquake\n>p2 switch 5\n>p1 move earthquake\n>p2 move knockoff\n>p1 move earthquake\n>p2 move surf\n>p1 move earthquake\n>p2 move surf\n>p1 switch 4\n>p1 move thunderbolt\n>p2 switch 5\n>p1 move earthquake\n>p2 move earthquake\n>p2 switch 3\n>p1 move earthquake\n>p2 move rockslide\n>forcelose p2", "uploadtime": 1733871000, "views": 1, "formatid": "gen9randombattle", "rating": 1204, "private": 0, "password": null}