{"id": "gen9randombattle-2206539299", "format": "[Gen 9] Random Battle", "players": ["Hamberino", "RB2T R"], "log": "|badge|p1|bronze|gen9randombattle|100-2\n|uhtml|medal-msg|<div class=\"broadcast-blue\">Curious what those medals under the avatar are? PS now has Ladder Seasons! For more information, check out the <a href=\"https://www.smogon.com/forums/threads/3740067/\">thread on Smogon.</a></div>\n|badge|p2|silver|gen9randombattle|30-2\n|uhtml|medal-msg|<div class=\"broadcast-blue\">Curious what those medals under the avatar are? PS now has Ladder Seasons! For more information, check out the <a href=\"https://www.smogon.com/forums/threads/3740067/\">thread on Smogon.</a></div>\n|raw|<div class=\"broadcast-blue\"><strong>This battle is required to be public due to a player having a name starting with 'rb2t'.</div>\n|j|\u2606Hamberino\n|j|\u2606RB2T R\n|t:|1726927769\n|gametype|singles\n|player|p1|Hamberino|101|2383\n|player|p2|RB2T R|unknown|2474\n|teamsize|p1|6\n|teamsize|p2|6\n|gen|9\n|tier|[Gen 9] Random Battle\n|rated|\n|rule|Species Clause: Limit one of each Pok\u00e9mon\n|rule|HP Percentage Mod: HP is shown in percentages\n|rule|Sleep Clause Mod: Limit one foe put to sleep\n|rule|Illusion Level Mod: Illusion disguises the Pok\u00e9mon's true level\n|\n|t:|1726927769\n|start\n|switch|p1a: Flygon|Flygon, L82, F|265/265\n|switch|p2a: Walking Wake|Walking Wake, L79|286/286\n|turn|1\n|inactive|Battle timer is ON: inactive players will automatically lose when time's up. (requested by RB2T R)\n|inactive|Hamberino also wants the timer to be on.\n|\n|t:|1726927785\n|switch|p1a: Dedenne|Dedenne, L88, F|261/261\n|move|p2a: Walking Wake|Flip Turn|p1a: Dedenne\n|-damage|p1a: Dedenne|198/261\n|j| suta pulachina\n|\n|t:|1726927807\n|-end|p2a: Walking Wake|Protosynthesis|[silent]\n|switch|p2a: Hypno|Hypno, L95, M|315/315|[from] Flip Turn\n|\n|upkeep\n|turn|2\n|\n|t:|1726927830\n|move|p1a: Dedenne|Nuzzle|p2a: Hypno\n|-damage|p2a: Hypno|297/315\n|-status|p2a: Hypno|par\n|move|p2a: Hypno|Knock Off|p1a: Dedenne\n|-resisted|p1a: Dedenne\n|-damage|p1a: Dedenne|149/261\n|-enditem|p1a: Dedenne|Sitrus Berry|[from] move: Knock Off|[of] p2a: Hypno\n|\n|-heal|p2a: Hypno|315/315 par|[from] item: Leftovers\n|upkeep\n|turn|3\n|\n|t:|1726927837\n|move|p1a: Dedenne|Super Fang|p2a: Hypno\n|-damage|p2a: Hypno|158/315 par\n|move|p2a: Hypno|Psychic Noise|p1a: Dedenne\n|-damage|p1a: Dedenne|55/261\n|-start|p1a: Dedenne|move: Heal Block\n|\n|-heal|p2a: Hypno|177/315 par|[from] item: Leftovers\n|upkeep\n|turn|4\n|\n|t:|1726927844\n|move|p1a: Dedenne|Super Fang|p2a: Hypno|[miss]\n|-miss|p1a: Dedenne|p2a: Hypno\n|cant|p2a: Hypno|par\n|\n|-heal|p2a: Hypno|196/315 par|[from] item: Leftovers\n|-end|p1a: Dedenne|move: Heal Block\n|upkeep\n|turn|5\n|\n|t:|1726927851\n|move|p1a: Dedenne|Super Fang|p2a: Hypno\n|-damage|p2a: Hypno|98/315 par\n|cant|p2a: Hypno|par\n|\n|-heal|p2a: Hypno|117/315 par|[from] item: Leftovers\n|upkeep\n|turn|6\n|\n|t:|1726927855\n|move|p1a: Dedenne|Thunderbolt|p2a: Hypno\n|-damage|p2a: Hypno|56/315 par\n|move|p2a: Hypno|Psychic Noise|p1a: Dedenne\n|-damage|p1a: Dedenne|0 fnt\n|faint|p1a: Dedenne\n|\n|-heal|p2a: Hypno|75/315 par|[from] item: Leftovers\n|upkeep\n|\n|t:|1726927876\n|switch|p1a: Flygon|Flygon, L82, F|265/265\n|turn|7\n|\n|t:|1726927880\n|switch|p2a: Whimsicott|Whimsicott, L85, F|241/241\n|move|p1a: Flygon|U-turn|p2a: Whimsicott\n|-damage|p2a: Whimsicott|193/241\n|\n|t:|1726927887\n|switch|p1a: Sneasler|Sneasler, L74, F|240/240|[from] U-turn\n|\n|-heal|p2a: Whimsicott|208/241|[from] item: Leftovers\n|upkeep\n|turn|8\n|\n|t:|1726927898\n|move|p2a: Whimsicott|Substitute|p2a: Whimsicott\n|-start|p2a: Whimsicott|Substitute\n|-damage|p2a: Whimsicott|148/241\n|move|p1a: Sneasler|U-turn|p2a: Whimsicott\n|-end|p2a: Whimsicott|Substitute\n|\n|t:|1726927910\n|switch|p1a: Cobalion|Cobalion, L80|277/277|[from] U-turn\n|\n|-heal|p2a: Whimsicott|163/241|[from] item: Leftovers\n|upkeep\n|turn|9\n|\n|t:|1726927913\n|switch|p2a: Gholdengo|Gholdengo, L77|261/261\n|move|p1a: Cobalion|Flash Cannon|p2a: Gholdengo\n|-resisted|p2a: Gholdengo\n|-damage|p2a: Gholdengo|224/261\n|\n|-heal|p2a: Gholdengo|240/261|[from] item: Leftovers\n|upkeep\n|turn|10\n|\n|t:|1726927933\n|switch|p1a: Flygon|Flygon, L82, F|265/265\n|move|p2a: Gholdengo|Shadow Ball|p1a: Flygon\n|-damage|p1a: Flygon|162/265\n|\n|-heal|p2a: Gholdengo|256/261|[from] item: Leftovers\n|upkeep\n|turn|11\n|\n|t:|1726927942\n|switch|p2a: Whimsicott|Whimsicott, L85, F|163/241\n|move|p1a: Flygon|Earthquake|p2a: Whimsicott\n|-resisted|p2a: Whimsicott\n|-damage|p2a: Whimsicott|107/241\n|\n|-heal|p2a: Whimsicott|122/241|[from] item: Leftovers\n|upkeep\n|turn|12\n|\n|t:|1726927949\n|switch|p1a: Sneasler|Sneasler, L74, F|240/240\n|move|p2a: Whimsicott|Leech Seed|p1a: Sneasler\n|-start|p1a: Sneasler|move: Leech Seed\n|\n|-heal|p2a: Whimsicott|137/241|[from] item: Leftovers\n|-damage|p1a: Sneasler|210/240|[from] Leech Seed|[of] p2a: Whimsicott\n|-heal|p2a: Whimsicott|167/241|[silent]\n|upkeep\n|turn|13\n|\n|t:|1726927958\n|move|p2a: Whimsicott|Moonblast|p1a: Sneasler\n|-damage|p1a: Sneasler|107/240\n|-unboost|p1a: Sneasler|spa|1\n|move|p1a: Sneasler|U-turn|p2a: Whimsicott\n|-damage|p2a: Whimsicott|98/241\n|\n|t:|1726927961\n|switch|p1a: Cobalion|Cobalion, L80|277/277|[from] U-turn\n|\n|-heal|p2a: Whimsicott|113/241|[from] item: Leftovers\n|upkeep\n|turn|14\n|\n|t:|1726927968\n|switch|p2a: Latias|Latias, L79, F|256/256\n|switch|p1a: Sneasler|Sneasler, L74, F|107/240\n|\n|upkeep\n|turn|15\n|\n|t:|1726927977\n|switch|p2a: Hypno|Hypno, L95, M|75/315 par\n|move|p1a: Sneasler|U-turn|p2a: Hypno\n|-supereffective|p2a: Hypno\n|-damage|p2a: Hypno|0 fnt\n|faint|p2a: Hypno\n|\n|t:|1726927984\n|switch|p1a: Flygon|Flygon, L82, F|162/265|[from] U-turn\n|\n|upkeep\n|\n|t:|1726927993\n|switch|p2a: Whimsicott|Whimsicott, L85, F|113/241\n|turn|16\n|\n|t:|1726927997\n|move|p1a: Flygon|U-turn|p2a: Whimsicott\n|-damage|p2a: Whimsicott|63/241\n|\n|t:|1726928000\n|switch|p1a: Cobalion|Cobalion, L80|277/277|[from] U-turn\n|move|p2a: Whimsicott|Moonblast|p1a: Cobalion\n|-damage|p1a: Cobalion|163/277\n|-unboost|p1a: Cobalion|spa|1\n|\n|-heal|p2a: Whimsicott|78/241|[from] item: Leftovers\n|-heal|p1a: Cobalion|180/277|[from] item: Leftovers\n|upkeep\n|turn|17\n|\n|t:|1726928016\n|move|p2a: Whimsicott|Moonblast|p1a: Cobalion\n|-damage|p1a: Cobalion|77/277\n|move|p1a: Cobalion|Flash Cannon|p2a: Whimsicott\n|-supereffective|p2a: Whimsicott\n|-damage|p2a: Whimsicott|0 fnt\n|faint|p2a: Whimsicott\n|\n|-heal|p1a: Cobalion|94/277|[from] item: Leftovers\n|upkeep\n|\n|t:|1726928018\n|switch|p2a: Quaquaval|Quaquaval, L79, F|264/264\n|turn|18\n|\n|t:|1726928023\n|switch|p1a: Houndstone|Houndstone, L86, M|264/264\n|move|p2a: Quaquaval|Aqua Step|p1a: Houndstone\n|-damage|p1a: Houndstone|204/264\n|-boost|p2a: Quaquaval|spe|1\n|\n|-heal|p1a: Houndstone|220/264|[from] item: Leftovers\n|upkeep\n|turn|19\n|inactive|RB2T R has 120 seconds left.\n|\n|t:|1726928079\n|switch|p2a: Walking Wake|Walking Wake, L79|286/286\n|move|p1a: Houndstone|Poltergeist|p2a: Walking Wake\n|-activate|p2a: Walking Wake|move: Poltergeist|Choice Specs\n|-damage|p2a: Walking Wake|159/286\n|\n|-heal|p1a: Houndstone|236/264|[from] item: Leftovers\n|upkeep\n|turn|20\n|inactive|RB2T R has 90 seconds left.\n|\n|t:|1726928106\n|switch|p1a: Cobalion|Cobalion, L80|94/277\n|move|p2a: Walking Wake|Hydro Pump|p1a: Cobalion\n|-damage|p1a: Cobalion|0 fnt\n|faint|p1a: Cobalion\n|\n|upkeep\n|inactive|Hamberino has 120 seconds left.\n|\n|t:|1726928147\n|switch|p1a: Comfey|Comfey, L85, F|225/225\n|turn|21\n|inactive|RB2T R has 90 seconds left.\n|\n|t:|1726928158\n|-end|p2a: Walking Wake|Protosynthesis|[silent]\n|switch|p2a: Latias|Latias, L79, F|256/256\n|move|p1a: Comfey|Calm Mind|p1a: Comfey\n|-boost|p1a: Comfey|spa|1\n|-boost|p1a: Comfey|spd|1\n|\n|upkeep\n|turn|22\n|inactive|Hamberino has 120 seconds left.\n|\n|t:|1726928176\n|move|p1a: Comfey|Draining Kiss|p2a: Latias\n|-supereffective|p2a: Latias\n|-damage|p2a: Latias|134/256\n|move|p2a: Latias|Calm Mind|p2a: Latias\n|-boost|p2a: Latias|spa|1\n|-boost|p2a: Latias|spd|1\n|\n|upkeep\n|turn|23\n|\n|t:|1726928203\n|switch|p1a: Sneasler|Sneasler, L74, F|107/240\n|move|p2a: Latias|Recover|p2a: Latias\n|-heal|p2a: Latias|256/256\n|\n|upkeep\n|turn|24\n|\n|t:|1726928223\n|switch|p2a: Gholdengo|Gholdengo, L77|256/261\n|-terastallize|p1a: Sneasler|Dark\n|move|p1a: Sneasler|Throat Chop|p2a: Gholdengo\n|-supereffective|p2a: Gholdengo\n|-damage|p2a: Gholdengo|10/261\n|-start|p2a: Gholdengo|Throat Chop|[silent]\n|\n|-heal|p2a: Gholdengo|26/261|[from] item: Leftovers\n|upkeep\n|turn|25\n|\n|t:|1726928236\n|switch|p2a: Quaquaval|Quaquaval, L79, F|264/264\n|move|p1a: Sneasler|Throat Chop|p2a: Quaquaval\n|-resisted|p2a: Quaquaval\n|-damage|p2a: Quaquaval|194/264\n|-start|p2a: Quaquaval|Throat Chop|[silent]\n|\n|upkeep\n|turn|26\n|\n|t:|1726928248\n|switch|p1a: Houndstone|Houndstone, L86, M|236/264\n|move|p2a: Quaquaval|U-turn|p1a: Houndstone\n|-resisted|p1a: Houndstone\n|-damage|p1a: Houndstone|220/264\n|\n|t:|1726928252\n|switch|p2a: Walking Wake|Walking Wake, L79|159/286|[from] U-turn\n|\n|-heal|p1a: Houndstone|236/264|[from] item: Leftovers\n|upkeep\n|turn|27\n|inactive|Hamberino has 120 seconds left.\n|\n|t:|1726928261\n|switch|p1a: Comfey|Comfey, L85, F|225/225\n|move|p2a: Walking Wake|Hydro Pump|p1a: Comfey\n|-crit|p1a: Comfey\n|-damage|p1a: Comfey|0 fnt\n|faint|p1a: Comfey\n|\n|upkeep\n|inactive|Hamberino has 120 seconds left.\n|\n|t:|1726928268\n|switch|p1a: Sneasler|Sneasler, L74, F, tera:Dark|107/240\n|turn|28\n|inactive|Hamberino has 120 seconds left.\n|inactive|RB2T R has 120 seconds left.\n|inactive|Hamberino has 90 seconds left.\n|\n|t:|1726928325\n|-end|p2a: Walking Wake|Protosynthesis|[silent]\n|switch|p2a: Quaquaval|Quaquaval, L79, F|194/264\n|move|p1a: Sneasler|Close Combat|p2a: Quaquaval\n|-damage|p2a: Quaquaval|0 fnt\n|-unboost|p1a: Sneasler|def|1\n|-unboost|p1a: Sneasler|spd|1\n|faint|p2a: Quaquaval\n|\n|upkeep\n|\n|t:|1726928329\n|switch|p2a: Gholdengo|Gholdengo, L77|26/261\n|turn|29\n|\n|t:|1726928346\n|switch|p1a: Flygon|Flygon, L82, F|162/265\n|move|p2a: Gholdengo|Make It Rain|p1a: Flygon\n|-damage|p1a: Flygon|0 fnt\n|-unboost|p2a: Gholdengo|spa|1\n|faint|p1a: Flygon\n|\n|-heal|p2a: Gholdengo|42/261|[from] item: Leftovers\n|upkeep\n|\n|t:|1726928353\n|switch|p1a: Sneasler|Sneasler, L74, F, tera:Dark|107/240\n|turn|30\n|inactive|RB2T R has 90 seconds left.\n|\n|t:|1726928387\n|move|p1a: Sneasler|Throat Chop|p2a: Gholdengo\n|-supereffective|p2a: Gholdengo\n|-damage|p2a: Gholdengo|0 fnt\n|faint|p2a: Gholdengo\n|\n|upkeep\n|\n|t:|1726928388\n|switch|p2a: Walking Wake|Walking Wake, L79|159/286\n|turn|31\n|\n|t:|1726928416\n|move|p1a: Sneasler|Throat Chop|p2a: Walking Wake\n|-damage|p2a: Walking Wake|41/286\n|-start|p2a: Walking Wake|Throat Chop|[silent]\n|move|p2a: Walking Wake|Draco Meteor|p1a: Sneasler\n|-damage|p1a: Sneasler|0 fnt\n|-unboost|p2a: Walking Wake|spa|2\n|faint|p1a: Sneasler\n|\n|upkeep\n|\n|t:|1726928421\n|switch|p1a: Houndstone|Houndstone, L86, M|236/264\n|turn|32\n|\n|t:|1726928430\n|move|p2a: Walking Wake|Draco Meteor|p1a: Houndstone\n|-damage|p1a: Houndstone|134/264\n|-unboost|p2a: Walking Wake|spa|2\n|move|p1a: Houndstone|Poltergeist|p2a: Walking Wake\n|-activate|p2a: Walking Wake|move: Poltergeist|Choice Specs\n|-damage|p2a: Walking Wake|0 fnt\n|faint|p2a: Walking Wake\n|-end|p2a: Walking Wake|Protosynthesis|[silent]\n|\n|-heal|p1a: Houndstone|150/264|[from] item: Leftovers\n|upkeep\n|\n|t:|1726928433\n|switch|p2a: Latias|Latias, L79, F|256/256\n|turn|33\n|\n|t:|1726928438\n|-terastallize|p2a: Latias|Steel\n|move|p2a: Latias|Calm Mind|p2a: Latias\n|-boost|p2a: Latias|spa|1\n|-boost|p2a: Latias|spd|1\n|move|p1a: Houndstone|Rest|p1a: Houndstone\n|-status|p1a: Houndstone|slp|[from] move: Rest\n|-heal|p1a: Houndstone|264/264 slp|[silent]\n|\n|upkeep\n|turn|34\n|\n|t:|1726928447\n|move|p2a: Latias|Draco Meteor|p1a: Houndstone\n|-damage|p1a: Houndstone|27/264 slp\n|-unboost|p2a: Latias|spa|2\n|cant|p1a: Houndstone|slp\n|move|p1a: Houndstone|Sleep Talk|p1a: Houndstone\n|move|p1a: Houndstone|Poltergeist|p2a: Latias|[from]move: Sleep Talk|[miss]\n|-miss|p1a: Houndstone|p2a: Latias\n|\n|-heal|p1a: Houndstone|43/264 slp|[from] item: Leftovers\n|upkeep\n|turn|35\n|\n|t:|1726928453\n|move|p2a: Latias|Psyshock|p1a: Houndstone\n|-damage|p1a: Houndstone|0 fnt\n|faint|p1a: Houndstone\n|\n|win|RB2T R\n|raw|Hamberino's rating: 2383 &rarr; <strong>2368</strong><br />(-15 for losing)\n|raw|RB2T R's rating: 2474 &rarr; <strong>2489</strong><br />(+15 for winning)\n|l|\u2606Hamberino\n|player|p1|\n", "inputlog": ">version ddf5848a381b6afa3b8db755b9bdef59b522c4eb\n>start {\"formatid\":\"gen9randombattle\",\"seed\":[28077,7413,1120,17198],\"rated\":\"Rated battle\"}\n>player p1 {\"name\":\"Hamberino\",\"avatar\":\"101\",\"rating\":2383,\"seed\":[11757,37823,211,41915]}\n>player p2 {\"name\":\"RB2T R\",\"avatar\":\"unknown\",\"rating\":2474,\"seed\":[3894,36209,25606,11333]}\n>p1 switch 6\n>p2 move flipturn\n>p2 switch 5\n>p1 move nuzzle\n>p2 move knockoff\n>p1 move superfang\n>p2 move psychicnoise\n>p1 move superfang\n>p2 move psychicnoise\n>p1 move superfang\n>p2 move psychicnoise\n>p1 move thunderbolt\n>p2 move psychicnoise\n>p1 switch 6\n>p1 move uturn\n>p2 switch 3\n>p1 switch 5\n>p1 move uturn\n>p2 move substitute\n>p1 switch 4\n>p1 move flashcannon\n>p2 switch 2\n>p1 switch 5\n>p2 move shadowball\n>p1 move earthquake\n>p2 switch 2\n>p1 switch 4\n>p2 move leechseed\n>p1 move uturn\n>p2 move moonblast\n>p1 switch 5\n>p1 switch 5\n>p2 switch 4\n>p1 move uturn\n>p2 switch 3\n>p1 switch 4\n>p2 switch 4\n>p1 move uturn\n>p2 move moonblast\n>p1 switch 5\n>p1 move flashcannon\n>p2 move moonblast\n>p2 switch 6\n>p1 switch 3\n>p2 move aquastep\n>p1 move poltergeist\n>p2 switch 5\n>p1 switch 3\n>p2 move hydropump\n>p1 switch 2\n>p1 move calmmind\n>p2 switch 3\n>p1 move drainingkiss\n>p2 move calmmind\n>p1 switch 4\n>p2 move recover\n>p1 move throatchop terastallize\n>p2 switch 2\n>p1 move throatchop\n>p2 switch 5\n>p1 switch 3\n>p2 move uturn\n>p2 switch 3\n>p1 switch 4\n>p2 move hydropump\n>p1 switch 3\n>p1 move closecombat\n>p2 switch 3\n>p2 switch 5\n>p1 switch 5\n>p2 move makeitrain\n>p1 switch 5\n>p1 move throatchop\n>p2 move makeitrain\n>p2 switch 3\n>p1 move throatchop\n>p2 move dracometeor\n>p1 switch 4\n>p1 move poltergeist\n>p2 move dracometeor\n>p2 switch 2\n>p1 move rest\n>p2 move calmmind terastallize\n>p1 move sleeptalk\n>p2 move dracometeor\n>p1 move sleeptalk\n>p2 move psyshock", "uploadtime": 1726928460, "views": 98, "formatid": "gen9randombattle", "rating": 2368, "private": 0, "password": null}