{"id": "gen9randombattle-2259930003", "format": "[Gen 9] Random Battle", "players": ["Morrison17", "Azael9998"], "log": "|j|\u203dMorrison17\n|j|\u2606Azael9998\n|t:|1733781127\n|gametype|singles\n|player|p1|Morrison17|red|1729\n|player|p2|Azael9998|dawn|1764\n|teamsize|p1|6\n|teamsize|p2|6\n|gen|9\n|tier|[Gen 9] Random Battle\n|rated|\n|rule|Species Clause: Limit one of each Pok\u00e9mon\n|rule|HP Percentage Mod: HP is shown in percentages\n|rule|Sleep Clause Mod: Limit one foe put to sleep\n|rule|Illusion Level Mod: Illusion disguises the Pok\u00e9mon's true level\n|\n|t:|1733781127\n|start\n|switch|p1a: Blissey|Blissey, L84, F|566/566\n|switch|p2a: Oranguru|Oranguru, L92, F|315/315\n|turn|1\n|inactive|Battle timer is ON: inactive players will automatically lose when time's up. (requested by Azael9998)\n|\n|t:|1733781133\n|move|p2a: Oranguru|Trick|p1a: Blissey\n|-activate|p2a: Oranguru|move: Trick|[of] p1a: Blissey\n|-item|p1a: Blissey|Choice Specs|[from] move: Trick\n|-item|p2a: Oranguru|Leftovers|[from] move: Trick\n|move|p1a: Blissey|Thunder Wave|p2a: Oranguru\n|-status|p2a: Oranguru|par\n|\n|upkeep\n|turn|2\n|inactive|Morrison17 has 120 seconds left.\n|\n|t:|1733781189\n|switch|p1a: Vikavolt|Vikavolt, L83, M|263/263\n|cant|p2a: Oranguru|par\n|\n|upkeep\n|turn|3\n|\n|t:|1733781211\n|move|p1a: Vikavolt|Bug Buzz|p2a: Oranguru\n|-supereffective|p2a: Oranguru\n|-damage|p2a: Oranguru|99/315 par\n|-unboost|p2a: Oranguru|spd|1\n|move|p2a: Oranguru|Psyshock|p1a: Vikavolt\n|-damage|p1a: Vikavolt|172/263\n|\n|-heal|p2a: Oranguru|118/315 par|[from] item: Leftovers\n|upkeep\n|turn|4\n|\n|t:|1733781229\n|switch|p2a: Tornadus|Tornadus-Therian, L79, M|254/254\n|move|p1a: Vikavolt|Bug Buzz|p2a: Tornadus\n|-resisted|p2a: Tornadus\n|-damage|p2a: Tornadus|191/254\n|\n|upkeep\n|turn|5\n|\n|t:|1733781237\n|switch|p2a: Garchomp|Garchomp, L74, F|282/282\n|move|p1a: Vikavolt|Discharge|p2a: Garchomp\n|-immune|p2a: Garchomp\n|\n|upkeep\n|turn|6\n|\n|t:|1733781259\n|move|p2a: Garchomp|Swords Dance|p2a: Garchomp\n|-boost|p2a: Garchomp|atk|2\n|move|p1a: Vikavolt|Bug Buzz|p2a: Garchomp\n|-damage|p2a: Garchomp|123/282\n|\n|upkeep\n|turn|7\n|\n|t:|1733781265\n|move|p2a: Garchomp|Scale Shot|p1a: Vikavolt\n|-damage|p1a: Vikavolt|121/263\n|-damage|p1a: Vikavolt|72/263\n|-damage|p1a: Vikavolt|23/263\n|-damage|p1a: Vikavolt|0 fnt\n|faint|p1a: Vikavolt\n|-hitcount|p1: Vikavolt|4\n|-unboost|p2a: Garchomp|def|1\n|-boost|p2a: Garchomp|spe|1\n|\n|upkeep\n|inactive|Morrison17 has 90 seconds left.\n|\n|t:|1733781298\n|switch|p1a: Ursaluna|Ursaluna, L79, F|335/335\n|turn|8\n|\n|t:|1733781311\n|move|p2a: Garchomp|Scale Shot|p1a: Ursaluna\n|-damage|p1a: Ursaluna|284/335\n|-damage|p1a: Ursaluna|233/335\n|-damage|p1a: Ursaluna|185/335\n|-damage|p1a: Ursaluna|133/335\n|-damage|p1a: Ursaluna|82/335\n|-hitcount|p1a: Ursaluna|5\n|-unboost|p2a: Garchomp|def|1\n|-boost|p2a: Garchomp|spe|1\n|move|p1a: Ursaluna|Headlong Rush|p2a: Garchomp\n|-damage|p2a: Garchomp|0 fnt\n|-unboost|p1a: Ursaluna|def|1\n|-unboost|p1a: Ursaluna|spd|1\n|-damage|p1a: Ursaluna|41/335|[from] ability: Rough Skin|[of] p2a: Garchomp\n|faint|p2a: Garchomp\n|\n|-status|p1a: Ursaluna|brn|[from] item: Flame Orb\n|upkeep\n|\n|t:|1733781320\n|switch|p2a: Tornadus|Tornadus-Therian, L79, M|254/254\n|turn|9\n|\n|t:|1733781333\n|move|p2a: Tornadus|Grass Knot|p1a: Ursaluna\n|-supereffective|p1a: Ursaluna\n|-damage|p1a: Ursaluna|0 fnt\n|faint|p1a: Ursaluna\n|\n|upkeep\n|\n|t:|1733781335\n|switch|p1a: Blissey|Blissey, L84, F|566/566\n|turn|10\n|\n|t:|1733781343\n|switch|p2a: Oranguru|Oranguru, L92, F|118/315 par\n|move|p1a: Blissey|Seismic Toss|p2a: Oranguru\n|-damage|p2a: Oranguru|34/315 par\n|\n|-heal|p2a: Oranguru|53/315 par|[from] item: Leftovers\n|upkeep\n|turn|11\n|inactive|Morrison17 has 120 seconds left.\n|\n|t:|1733781365\n|switch|p2a: Drifblim|Drifblim, L86, M|398/398\n|move|p1a: Blissey|Seismic Toss|p2a: Drifblim\n|-immune|p2a: Drifblim\n|\n|upkeep\n|turn|12\n|\n|t:|1733781372\n|switch|p1a: Electivire|Electivire, L84, F|263/263\n|move|p2a: Drifblim|Air Slash|p1a: Electivire\n|-resisted|p1a: Electivire\n|-damage|p1a: Electivire|224/263\n|\n|upkeep\n|turn|13\n|inactive|Morrison17 has 120 seconds left.\n|\n|t:|1733781395\n|switch|p2a: Ditto|Ditto, L87|225/225\n|-transform|p2a: Ditto|p1a: Electivire|[from] ability: Imposter\n|move|p1a: Electivire|Supercell Slam|p2a: Ditto\n|-ability|p2a: Ditto|Motor Drive|boost\n|-boost|p2a: Ditto|spe|1\n|-damage|p1a: Electivire|93/263|[from] supercellslam\n|\n|upkeep\n|turn|14\n|\n|t:|1733781402\n|switch|p1a: Blissey|Blissey, L84, F|566/566\n|move|p2a: Ditto|Supercell Slam|p1a: Blissey\n|-damage|p1a: Blissey|188/566\n|\n|upkeep\n|turn|15\n|\n|t:|1733781427\n|switch|p2a: Drifblim|Drifblim, L86, M|398/398\n|move|p1a: Blissey|Seismic Toss|p2a: Drifblim\n|-immune|p2a: Drifblim\n|\n|upkeep\n|turn|16\n|\n|t:|1733781432\n|switch|p1a: Electivire|Electivire, L84, F|93/263\n|move|p2a: Drifblim|Shadow Ball|p1a: Electivire\n|-damage|p1a: Electivire|12/263\n|-unboost|p1a: Electivire|spd|1\n|\n|upkeep\n|turn|17\n|inactive|Morrison17 has 90 seconds left.\n|inactive|Morrison17 has 60 seconds left.\n|\n|t:|1733781500\n|move|p1a: Electivire|Supercell Slam|p2a: Drifblim\n|-supereffective|p2a: Drifblim\n|-damage|p2a: Drifblim|0 fnt\n|-damage|p1a: Electivire|0 fnt|[from] ability: Aftermath|[of] p2a: Drifblim\n|faint|p2a: Drifblim\n|faint|p1a: Electivire\n|\n|upkeep\n|\n|t:|1733781510\n|switch|p1a: Victreebel|Victreebel, L90, F|290/290\n|switch|p2a: Ditto|Ditto, L87|225/225\n|-transform|p2a: Ditto|p1a: Victreebel|[from] ability: Imposter\n|turn|18\n|inactive|Morrison17 has 60 seconds left.\n|\n|t:|1733781528\n|move|p2a: Ditto|Sludge Wave|p1a: Victreebel\n|-damage|p1a: Victreebel|155/290\n|move|p1a: Victreebel|Sludge Wave|p2a: Ditto\n|-damage|p2a: Ditto|60/225\n|-damage|p1a: Victreebel|126/290|[from] item: Life Orb\n|\n|upkeep\n|turn|19\n|\n|t:|1733781533\n|move|p2a: Ditto|Sludge Wave|p1a: Victreebel\n|-damage|p1a: Victreebel|8/290\n|move|p1a: Victreebel|Sludge Wave|p2a: Ditto\n|-damage|p2a: Ditto|0 fnt\n|faint|p2a: Ditto\n|-damage|p1a: Victreebel|0 fnt|[from] item: Life Orb\n|faint|p1a: Victreebel\n|\n|upkeep\n|inactive|Morrison17 has 60 seconds left.\n|\n|t:|1733781558\n|switch|p1a: Blissey|Blissey, L84, F|188/566\n|switch|p2a: Tornadus|Tornadus-Therian, L79, M|254/254\n|turn|20\n|\n|t:|1733781564\n|move|p2a: Tornadus|Nasty Plot|p2a: Tornadus\n|-boost|p2a: Tornadus|spa|2\n|move|p1a: Blissey|Thunder Wave|p2a: Tornadus|[miss]\n|-miss|p1a: Blissey|p2a: Tornadus\n|\n|upkeep\n|turn|21\n|inactive|Morrison17 has 60 seconds left.\n|\n|t:|1733781581\n|move|p2a: Tornadus|Bleakwind Storm|p1a: Blissey|[miss]\n|-miss|p2a: Tornadus|p1a: Blissey\n|move|p1a: Blissey|Thunder Wave|p2a: Tornadus\n|-status|p2a: Tornadus|par\n|\n|upkeep\n|turn|22\n|\n|t:|1733781584\n|switch|p1a: Magearna|Magearna, L77|250/250\n|cant|p2a: Tornadus|par\n|\n|upkeep\n|turn|23\n|\n|t:|1733781590\n|-terastallize|p2a: Tornadus|Fire\n|move|p1a: Magearna|Volt Switch|p2a: Tornadus\n|-damage|p2a: Tornadus|196/254 par\n|\n|t:|1733781591\n|switch|p1a: Blissey|Blissey, L84, F|188/566|[from] Volt Switch\n|move|p2a: Tornadus|Heat Wave|p1a: Blissey\n|-damage|p1a: Blissey|59/566\n|\n|upkeep\n|turn|24\n|\n|t:|1733781599\n|move|p1a: Blissey|Seismic Toss|p2a: Tornadus\n|-damage|p2a: Tornadus|112/254 par\n|move|p2a: Tornadus|Nasty Plot|p2a: Tornadus\n|-boost|p2a: Tornadus|spa|2\n|\n|upkeep\n|turn|25\n|inactive|Morrison17 has 90 seconds left.\n|\n|t:|1733781616\n|move|p1a: Blissey|Seismic Toss|p2a: Tornadus\n|-damage|p2a: Tornadus|28/254 par\n|move|p2a: Tornadus|Heat Wave|p1a: Blissey\n|-damage|p1a: Blissey|0 fnt\n|faint|p1a: Blissey\n|\n|upkeep\n|\n|t:|1733781618\n|switch|p1a: Magearna|Magearna, L77|250/250\n|turn|26\n|\n|t:|1733781622\n|switch|p2a: Oranguru|Oranguru, L92, F|53/315 par\n|move|p1a: Magearna|Flash Cannon|p2a: Oranguru\n|-damage|p2a: Oranguru|0 fnt\n|faint|p2a: Oranguru\n|-ability|p1a: Magearna|Soul-Heart|boost\n|-boost|p1a: Magearna|spa|1\n|\n|upkeep\n|\n|t:|1733781624\n|switch|p2a: Cryogonal|Cryogonal, L89|287/287\n|turn|27\n|\n|t:|1733781639\n|move|p2a: Cryogonal|Haze|p2a: Cryogonal\n|-clearallboost\n|move|p1a: Magearna|Flash Cannon|p2a: Cryogonal\n|-supereffective|p2a: Cryogonal\n|-damage|p2a: Cryogonal|153/287\n|\n|upkeep\n|turn|28\n|\n|t:|1733781642\n|switch|p2a: Tornadus|Tornadus-Therian, L79, M, tera:Fire|112/254 par\n|move|p1a: Magearna|Flash Cannon|p2a: Tornadus\n|-resisted|p2a: Tornadus\n|-damage|p2a: Tornadus|62/254 par\n|\n|upkeep\n|turn|29\n|\n|t:|1733781651\n|switch|p2a: Cryogonal|Cryogonal, L89|153/287\n|move|p1a: Magearna|Flash Cannon|p2a: Cryogonal\n|-supereffective|p2a: Cryogonal\n|-damage|p2a: Cryogonal|39/287\n|\n|upkeep\n|turn|30\n|\n|t:|1733781657\n|move|p2a: Cryogonal|Recover|p2a: Cryogonal\n|-heal|p2a: Cryogonal|183/287\n|move|p1a: Magearna|Flash Cannon|p2a: Cryogonal\n|-supereffective|p2a: Cryogonal\n|-damage|p2a: Cryogonal|55/287\n|\n|upkeep\n|turn|31\n|\n|t:|1733781666\n|move|p2a: Cryogonal|Recover|p2a: Cryogonal\n|-heal|p2a: Cryogonal|199/287\n|move|p1a: Magearna|Flash Cannon|p2a: Cryogonal\n|-supereffective|p2a: Cryogonal\n|-damage|p2a: Cryogonal|79/287\n|\n|upkeep\n|turn|32\n|\n|t:|1733781668\n|move|p2a: Cryogonal|Recover|p2a: Cryogonal\n|-heal|p2a: Cryogonal|223/287\n|move|p1a: Magearna|Flash Cannon|p2a: Cryogonal\n|-supereffective|p2a: Cryogonal\n|-damage|p2a: Cryogonal|103/287\n|\n|upkeep\n|turn|33\n|\n|t:|1733781671\n|move|p2a: Cryogonal|Recover|p2a: Cryogonal\n|-heal|p2a: Cryogonal|247/287\n|move|p1a: Magearna|Flash Cannon|p2a: Cryogonal\n|-supereffective|p2a: Cryogonal\n|-damage|p2a: Cryogonal|125/287\n|\n|upkeep\n|turn|34\n|\n|t:|1733781673\n|move|p2a: Cryogonal|Recover|p2a: Cryogonal\n|-heal|p2a: Cryogonal|269/287\n|move|p1a: Magearna|Flash Cannon|p2a: Cryogonal\n|-supereffective|p2a: Cryogonal\n|-damage|p2a: Cryogonal|147/287\n|\n|upkeep\n|turn|35\n|\n|t:|1733781675\n|switch|p2a: Tornadus|Tornadus-Therian, L79, M, tera:Fire|146/254 par\n|move|p1a: Magearna|Flash Cannon|p2a: Tornadus\n|-resisted|p2a: Tornadus\n|-damage|p2a: Tornadus|101/254 par\n|\n|upkeep\n|turn|36\n|\n|t:|1733781677\n|switch|p2a: Cryogonal|Cryogonal, L89|147/287\n|move|p1a: Magearna|Flash Cannon|p2a: Cryogonal\n|-supereffective|p2a: Cryogonal\n|-damage|p2a: Cryogonal|15/287\n|-unboost|p2a: Cryogonal|spd|1\n|\n|upkeep\n|turn|37\n|\n|t:|1733781681\n|switch|p2a: Tornadus|Tornadus-Therian, L79, M, tera:Fire|185/254 par\n|move|p1a: Magearna|Flash Cannon|p2a: Tornadus\n|-resisted|p2a: Tornadus\n|-damage|p2a: Tornadus|134/254 par\n|\n|upkeep\n|turn|38\n|\n|t:|1733781694\n|move|p1a: Magearna|Flash Cannon|p2a: Tornadus\n|-resisted|p2a: Tornadus\n|-damage|p2a: Tornadus|90/254 par\n|move|p2a: Tornadus|Heat Wave|p1a: Magearna\n|-supereffective|p1a: Magearna\n|-damage|p1a: Magearna|86/250\n|\n|upkeep\n|turn|39\n|\n|t:|1733781701\n|move|p1a: Magearna|Flash Cannon|p2a: Tornadus\n|-resisted|p2a: Tornadus\n|-damage|p2a: Tornadus|42/254 par\n|move|p2a: Tornadus|Heat Wave|p1a: Magearna\n|-supereffective|p1a: Magearna\n|-damage|p1a: Magearna|0 fnt\n|faint|p1a: Magearna\n|\n|win|Azael9998\n|raw|Morrison17's rating: 1700 &rarr; <strong>1684</strong><br />(-16 for losing)\n|raw|Azael9998's rating: 1764 &rarr; <strong>1780</strong><br />(+16 for winning)\n|c|\u2606Azael9998|gg\n", "inputlog": ">version bfd83cad13791eb5a5a409923076391caf6fb4d4\n>start {\"formatid\":\"gen9randombattle\",\"seed\":[61929,5715,8733,61683],\"rated\":\"Rated battle\"}\n>player p1 {\"name\":\"Morrison17\",\"avatar\":\"red\",\"rating\":1729,\"seed\":[44183,63551,58781,54437]}\n>player p2 {\"name\":\"Azael9998\",\"avatar\":\"dawn\",\"rating\":1764,\"seed\":[55167,40322,2828,22798]}\n>p1 move thunderwave\n>p2 move trick\n>p1 switch 3\n>p2 move psyshock\n>p1 move bugbuzz\n>p2 move psyshock\n>p1 move bugbuzz\n>p2 switch 5\n>p1 move discharge\n>p2 switch 2\n>p1 move bugbuzz\n>p2 move swordsdance\n>p1 move bugbuzz\n>p2 move scaleshot\n>p1 switch 6\n>p1 move headlongrush\n>p2 move scaleshot\n>p2 switch 2\n>p1 move facade\n>p2 move grassknot\n>p1 switch 3\n>p1 move seismictoss\n>p2 switch 5\n>p1 move seismictoss\n>p2 switch 3\n>p1 switch 4\n>p2 move airslash\n>p1 move supercellslam\n>p2 switch 6\n>p1 switch 4\n>p2 move supercellslam\n>p1 move seismictoss\n>p2 switch 6\n>p1 switch 4\n>p2 move shadowball\n>p1 move supercellslam\n>p2 move shadowball\n>p1 switch 2\n>p2 switch 6\n>p1 move sludgewave\n>p2 move sludgewave\n>p1 move sludgewave\n>p2 move sludgewave\n>p1 switch 4\n>p2 switch 5\n>p1 move thunderwave\n>p2 move nastyplot\n>p1 move thunderwave\n>p2 move bleakwindstorm\n>p1 switch 5\n>p2 move bleakwindstorm\n>p1 move voltswitch\n>p2 move heatwave terastallize\n>p1 switch 5\n>p1 move seismictoss\n>p2 move nastyplot\n>p1 move seismictoss\n>p2 move heatwave\n>p1 switch 5\n>p1 move flashcannon\n>p2 switch 3\n>p2 switch 4\n>p1 move flashcannon\n>p2 move haze\n>p1 move flashcannon\n>p2 switch 3\n>p1 move flashcannon\n>p2 switch 3\n>p1 move flashcannon\n>p2 move recover\n>p1 move flashcannon\n>p2 move recover\n>p1 move flashcannon\n>p2 move recover\n>p1 move flashcannon\n>p2 move recover\n>p1 move flashcannon\n>p2 move recover\n>p1 move flashcannon\n>p2 switch 3\n>p1 move flashcannon\n>p2 switch 3\n>p1 move flashcannon\n>p2 switch 3\n>p1 move flashcannon\n>p2 move heatwave\n>p1 move flashcannon\n>p2 move heatwave", "uploadtime": 1733781710, "views": 1, "formatid": "gen9randombattle", "rating": 1684, "private": 0, "password": null}