{"id": "gen9randombattle-2260604217", "format": "[Gen 9] Random Battle", "players": ["Kilatas", "dastan8008"], "log": "|j|\u2606Kilatas\n|j|\u2606dastan8008\n|t:|1733868305\n|gametype|singles\n|player|p1|Kilatas|policeman|1308\n|player|p2|dastan8008|nate|1283\n|teamsize|p1|6\n|teamsize|p2|6\n|gen|9\n|tier|[Gen 9] Random Battle\n|rated|\n|rule|Species Clause: Limit one of each Pok\u00e9mon\n|rule|HP Percentage Mod: HP is shown in percentages\n|rule|Sleep Clause Mod: Limit one foe put to sleep\n|rule|Illusion Level Mod: Illusion disguises the Pok\u00e9mon's true level\n|\n|t:|1733868305\n|start\n|switch|p1a: Eelektross|Eelektross, L87, F|290/290\n|switch|p2a: Phione|Phione, L91|293/293\n|turn|1\n|inactive|Battle timer is ON: inactive players will automatically lose when time's up. (requested by Kilatas)\n|inactive|dastan8008 has 120 seconds left.\n|\n|t:|1733868341\n|switch|p2a: Tauros|Tauros-Paldea-Combat, L82, M|257/257\n|-ability|p2a: Tauros|Intimidate|boost\n|-unboost|p1a: Eelektross|atk|1\n|move|p1a: Eelektross|Discharge|p2a: Tauros\n|-damage|p2a: Tauros|146/257\n|\n|upkeep\n|turn|2\n|\n|t:|1733868356\n|move|p2a: Tauros|Bulk Up|p2a: Tauros\n|-boost|p2a: Tauros|atk|1\n|-boost|p2a: Tauros|def|1\n|move|p1a: Eelektross|Discharge|p2a: Tauros\n|-damage|p2a: Tauros|34/257\n|\n|upkeep\n|turn|3\n|\n|t:|1733868364\n|move|p2a: Tauros|Close Combat|p1a: Eelektross\n|-damage|p1a: Eelektross|39/290\n|-unboost|p2a: Tauros|def|1\n|-unboost|p2a: Tauros|spd|1\n|-damage|p2a: Tauros|9/257|[from] item: Life Orb\n|move|p1a: Eelektross|Discharge|p2a: Tauros\n|-damage|p2a: Tauros|0 fnt\n|faint|p2a: Tauros\n|\n|upkeep\n|\n|t:|1733868378\n|switch|p2a: Pelipper|Pelipper, L86, F|243/243\n|-weather|RainDance|[from] ability: Drizzle|[of] p2a: Pelipper\n|turn|4\n|\n|t:|1733868381\n|move|p2a: Pelipper|Weather Ball|p1a: Eelektross\n|-damage|p1a: Eelektross|0 fnt\n|faint|p1a: Eelektross\n|\n|-weather|RainDance|[upkeep]\n|upkeep\n|\n|t:|1733868409\n|switch|p1a: Kyurem|Kyurem, L77|319/319\n|-ability|p1a: Kyurem|Pressure\n|turn|5\n|\n|t:|1733868424\n|switch|p2a: Jirachi|Jirachi, L80|291/291\n|move|p1a: Kyurem|Dragon Dance|p1a: Kyurem\n|-boost|p1a: Kyurem|atk|1\n|-boost|p1a: Kyurem|spe|1\n|\n|-weather|RainDance|[upkeep]\n|upkeep\n|turn|6\n|\n|t:|1733868437\n|-terastallize|p1a: Kyurem|Ground\n|move|p1a: Kyurem|Tera Blast|p2a: Jirachi|[anim] Tera Blast Ground\n|-supereffective|p2a: Jirachi\n|-damage|p2a: Jirachi|49/291\n|move|p2a: Jirachi|Iron Head|p1a: Kyurem\n|-damage|p1a: Kyurem|231/319\n|\n|-weather|RainDance|[upkeep]\n|-heal|p2a: Jirachi|67/291|[from] item: Leftovers\n|upkeep\n|turn|7\n|\n|t:|1733868448\n|move|p2a: Jirachi|Protect|p2a: Jirachi\n|-singleturn|p2a: Jirachi|Protect\n|move|p1a: Kyurem|Dragon Dance|p1a: Kyurem\n|-boost|p1a: Kyurem|atk|1\n|-boost|p1a: Kyurem|spe|1\n|\n|-weather|RainDance|[upkeep]\n|-heal|p2a: Jirachi|85/291|[from] item: Leftovers\n|upkeep\n|turn|8\n|\n|t:|1733868456\n|switch|p2a: Pelipper|Pelipper, L86, F|243/243\n|move|p1a: Kyurem|Tera Blast|p2a: Pelipper|[anim] Tera Blast Ground\n|-immune|p2a: Pelipper\n|\n|-weather|none\n|upkeep\n|turn|9\n|\n|t:|1733868468\n|move|p1a: Kyurem|Scale Shot|p2a: Pelipper\n|-damage|p2a: Pelipper|189/243\n|-damage|p2a: Pelipper|138/243\n|-damage|p2a: Pelipper|92/243\n|-damage|p2a: Pelipper|40/243\n|-damage|p2a: Pelipper|0 fnt\n|faint|p2a: Pelipper\n|-hitcount|p2: Pelipper|5\n|-unboost|p1a: Kyurem|def|1\n|-boost|p1a: Kyurem|spe|1\n|\n|upkeep\n|\n|t:|1733868476\n|switch|p2a: Phione|Phione, L91|293/293\n|turn|10\n|\n|t:|1733868485\n|move|p1a: Kyurem|Dragon Dance|p1a: Kyurem\n|-boost|p1a: Kyurem|atk|1\n|-boost|p1a: Kyurem|spe|1\n|move|p2a: Phione|Scald|p1a: Kyurem\n|-supereffective|p1a: Kyurem\n|-damage|p1a: Kyurem|51/319\n|-status|p1a: Kyurem|brn\n|\n|-damage|p1a: Kyurem|32/319 brn|[from] brn\n|upkeep\n|turn|11\n|\n|t:|1733868495\n|move|p1a: Kyurem|Scale Shot|p2a: Phione|[miss]\n|-miss|p1a: Kyurem|p2a: Phione\n|move|p2a: Phione|Scald|p1a: Kyurem\n|-supereffective|p1a: Kyurem\n|-damage|p1a: Kyurem|0 fnt\n|faint|p1a: Kyurem\n|\n|upkeep\n|\n|t:|1733868500\n|switch|p1a: Perrserker|Perrserker, L89, M|269/269\n|turn|12\n|\n|t:|1733868507\n|switch|p2a: Gurdurr|Gurdurr, L85, M|283/283\n|move|p1a: Perrserker|Iron Head|p2a: Gurdurr\n|-damage|p2a: Gurdurr|118/283\n|\n|upkeep\n|turn|13\n|\n|t:|1733868521\n|move|p2a: Gurdurr|Mach Punch|p1a: Perrserker\n|-supereffective|p1a: Perrserker\n|-damage|p1a: Perrserker|183/269\n|move|p1a: Perrserker|Iron Head|p2a: Gurdurr\n|-crit|p2a: Gurdurr\n|-damage|p2a: Gurdurr|0 fnt\n|faint|p2a: Gurdurr\n|\n|upkeep\n|\n|t:|1733868536\n|switch|p2a: Mightyena|Mightyena, L95, M|287/287\n|-ability|p2a: Mightyena|Intimidate|boost\n|-unboost|p1a: Perrserker|atk|1\n|turn|14\n|\n|t:|1733868541\n|switch|p1a: Flutter Mane|Flutter Mane, L74|203/203\n|move|p2a: Mightyena|Crunch|p1a: Flutter Mane\n|-damage|p1a: Flutter Mane|53/203\n|\n|upkeep\n|turn|15\n|\n|t:|1733868547\n|move|p2a: Mightyena|Sucker Punch|p1a: Flutter Mane\n|-damage|p1a: Flutter Mane|0 fnt\n|faint|p1a: Flutter Mane\n|-end|p1a: Flutter Mane|Protosynthesis|[silent]\n|\n|upkeep\n|\n|t:|1733868557\n|switch|p1a: Perrserker|Perrserker, L89, M|183/269\n|turn|16\n|\n|t:|1733868567\n|switch|p2a: Jirachi|Jirachi, L80|85/291\n|move|p1a: Perrserker|Close Combat|p2a: Jirachi\n|-damage|p2a: Jirachi|0 fnt\n|-unboost|p1a: Perrserker|def|1\n|-unboost|p1a: Perrserker|spd|1\n|faint|p2a: Jirachi\n|\n|upkeep\n|\n|t:|1733868575\n|switch|p2a: Phione|Phione, L91|293/293\n|turn|17\n|\n|t:|1733868585\n|switch|p1a: Bombirdier|Bombirdier, L85, F|258/258\n|move|p2a: Phione|Take Heart|p2a: Phione\n|-boost|p2a: Phione|spa|1\n|-boost|p2a: Phione|spd|1\n|\n|upkeep\n|turn|18\n|\n|t:|1733868591\n|move|p2a: Phione|Take Heart|p2a: Phione\n|-boost|p2a: Phione|spa|1\n|-boost|p2a: Phione|spd|1\n|move|p1a: Bombirdier|Knock Off|p2a: Phione\n|-damage|p2a: Phione|131/293\n|-enditem|p2a: Phione|Leftovers|[from] move: Knock Off|[of] p1a: Bombirdier\n|\n|upkeep\n|turn|19\n|\n|t:|1733868602\n|move|p2a: Phione|Rest|p2a: Phione\n|-status|p2a: Phione|slp|[from] move: Rest\n|-heal|p2a: Phione|293/293 slp|[silent]\n|move|p1a: Bombirdier|Knock Off|p2a: Phione\n|-crit|p2a: Phione\n|-damage|p2a: Phione|136/293 slp\n|\n|upkeep\n|turn|20\n|\n|t:|1733868613\n|switch|p1a: Perrserker|Perrserker, L89, M|183/269\n|cant|p2a: Phione|slp\n|move|p2a: Phione|Sleep Talk|p2a: Phione\n|move|p2a: Phione|Take Heart|p2a: Phione|[from]move: Sleep Talk\n|-boost|p2a: Phione|spa|1\n|-boost|p2a: Phione|spd|1\n|-curestatus|p2a: Phione|slp|[msg]\n|\n|upkeep\n|turn|21\n|\n|t:|1733868628\n|move|p2a: Phione|Sleep Talk||[still]\n|-fail|p2a: Phione\n|move|p1a: Perrserker|Iron Head|p2a: Phione\n|-resisted|p2a: Phione\n|-damage|p2a: Phione|30/293\n|\n|upkeep\n|turn|22\n|\n|t:|1733868632\n|move|p2a: Phione|Scald|p1a: Perrserker\n|-damage|p1a: Perrserker|0 fnt\n|faint|p1a: Perrserker\n|\n|upkeep\n|\n|t:|1733868635\n|switch|p1a: Bombirdier|Bombirdier, L85, F|258/258\n|turn|23\n|\n|t:|1733868638\n|move|p1a: Bombirdier|Sucker Punch||[still]\n|-fail|p1a: Bombirdier\n|move|p2a: Phione|Rest|p2a: Phione\n|-status|p2a: Phione|slp|[from] move: Rest\n|-heal|p2a: Phione|293/293 slp|[silent]\n|\n|upkeep\n|turn|24\n|\n|t:|1733868643\n|switch|p1a: Sandy Shocks|Sandy Shocks, L80|267/267\n|cant|p2a: Phione|slp\n|move|p2a: Phione|Sleep Talk|p2a: Phione\n|move|p2a: Phione|Scald|p1a: Sandy Shocks|[from]move: Sleep Talk\n|-supereffective|p1a: Sandy Shocks\n|-damage|p1a: Sandy Shocks|0 fnt\n|faint|p1a: Sandy Shocks\n|-end|p1a: Sandy Shocks|Protosynthesis|[silent]\n|\n|upkeep\n|\n|t:|1733868645\n|switch|p1a: Bombirdier|Bombirdier, L85, F|258/258\n|turn|25\n|\n|t:|1733868652\n|cant|p2a: Phione|slp\n|move|p2a: Phione|Sleep Talk|p2a: Phione\n|move|p2a: Phione|Take Heart|p2a: Phione|[from]move: Sleep Talk\n|-boost|p2a: Phione|spa|1\n|-boost|p2a: Phione|spd|1\n|-curestatus|p2a: Phione|slp|[msg]\n|move|p1a: Bombirdier|Brave Bird|p2a: Phione\n|-damage|p2a: Phione|83/293\n|-damage|p1a: Bombirdier|189/258|[from] Recoil\n|\n|upkeep\n|turn|26\n|\n|t:|1733868660\n|move|p2a: Phione|Rest|p2a: Phione\n|-status|p2a: Phione|slp|[from] move: Rest\n|-heal|p2a: Phione|293/293 slp|[silent]\n|move|p1a: Bombirdier|Brave Bird|p2a: Phione\n|-damage|p2a: Phione|86/293 slp\n|-damage|p1a: Bombirdier|121/258|[from] Recoil\n|\n|upkeep\n|turn|27\n|\n|t:|1733868668\n|cant|p2a: Phione|slp\n|move|p2a: Phione|Sleep Talk|p2a: Phione\n|move|p2a: Phione|Take Heart|p2a: Phione|[from]move: Sleep Talk\n|-boost|p2a: Phione|spa|1\n|-boost|p2a: Phione|spd|1\n|-curestatus|p2a: Phione|slp|[msg]\n|move|p1a: Bombirdier|Brave Bird|p2a: Phione\n|-damage|p2a: Phione|0 fnt\n|faint|p2a: Phione\n|-damage|p1a: Bombirdier|93/258|[from] Recoil\n|\n|upkeep\n|\n|t:|1733868672\n|switch|p2a: Mightyena|Mightyena, L95, M|287/287\n|-ability|p2a: Mightyena|Intimidate|boost\n|-unboost|p1a: Bombirdier|atk|1\n|turn|28\n|\n|t:|1733868676\n|-terastallize|p2a: Mightyena|Fairy\n|move|p1a: Bombirdier|Brave Bird|p2a: Mightyena\n|-damage|p2a: Mightyena|137/287\n|-damage|p1a: Bombirdier|43/258|[from] Recoil\n|move|p2a: Mightyena|Play Rough|p1a: Bombirdier\n|-supereffective|p1a: Bombirdier\n|-damage|p1a: Bombirdier|0 fnt\n|faint|p1a: Bombirdier\n|\n|win|dastan8008\n|raw|Kilatas's rating: 1308 &rarr; <strong>1287</strong><br />(-21 for losing)\n|raw|dastan8008's rating: 1283 &rarr; <strong>1310</strong><br />(+27 for winning)\n", "inputlog": ">version bfd83cad13791eb5a5a409923076391caf6fb4d4\n>start {\"formatid\":\"gen9randombattle\",\"seed\":[33183,59063,9046,11749],\"rated\":\"Rated battle\"}\n>player p1 {\"name\":\"Kilatas\",\"avatar\":\"policeman\",\"rating\":1308,\"seed\":[20291,30712,5178,53437]}\n>player p2 {\"name\":\"dastan8008\",\"avatar\":\"nate\",\"rating\":1283,\"seed\":[39474,60318,28979,47627]}\n>p1 move discharge\n>p2 switch 6\n>p1 move discharge\n>p2 move bulkup\n>p1 move discharge\n>p2 move closecombat\n>p2 switch 5\n>p1 move discharge\n>p2 move weatherball\n>p1 switch 4\n>p1 move dragondance\n>p2 switch 3\n>p1 move terablast terastallize\n>p2 move ironhead\n>p1 move dragondance\n>p2 move protect\n>p1 move terablast\n>p2 switch 3\n>p1 move scaleshot\n>p2 move hydropump\n>p2 switch 6\n>p1 move dragondance\n>p2 move scald\n>p1 move scaleshot\n>p2 move scald\n>p1 switch 5\n>p1 move ironhead\n>p2 switch 4\n>p1 move ironhead\n>p2 move machpunch\n>p2 switch 2\n>p1 switch 3\n>p2 move crunch\n>p1 move moonblast\n>p2 move suckerpunch\n>p1 switch 3\n>p1 move closecombat\n>p2 switch 3\n>p2 switch 4\n>p1 switch 6\n>p2 move takeheart\n>p1 move knockoff\n>p2 move takeheart\n>p1 move knockoff\n>p2 move rest\n>p1 switch 6\n>p2 move sleeptalk\n>p1 move ironhead\n>p2 move sleeptalk\n>p1 move ironhead\n>p2 move scald\n>p1 switch 6\n>p1 move suckerpunch\n>p2 move rest\n>p1 switch 2\n>p2 move sleeptalk\n>p1 switch 2\n>p1 move bravebird\n>p2 move sleeptalk\n>p1 move bravebird\n>p2 move rest\n>p1 move bravebird\n>p2 move sleeptalk\n>p2 switch 3\n>p1 move bravebird\n>p2 move playrough terastallize", "uploadtime": 1733868679, "views": 1, "formatid": "gen9randombattle", "rating": 1287, "private": 0, "password": null}