{"id": "gen9randombattle-2170741811", "format": "[Gen 9] Random Battle", "players": ["Accadere \u2601", "withalladat"], "log": "|badge|p2|silver|gen9randombattle|30-2\n|uhtml|medal-msg|<div class=\"broadcast-blue\">Curious what those medals under the avatar are? PS now has Ladder Seasons! For more information, check out the <a href=\"https://www.smogon.com/forums/threads/3740067/\">thread on Smogon.</a></div>\n|j|\u2606Accadere \u2601@!\n|j|\u2606withalladat\n|t:|1722431601\n|gametype|singles\n|player|p1|Accadere \u2601|touristf2|2253\n|player|p2|withalladat|265|2427\n|teamsize|p1|6\n|teamsize|p2|6\n|gen|9\n|tier|[Gen 9] Random Battle\n|rated|\n|rule|Species Clause: Limit one of each Pok\u00e9mon\n|rule|HP Percentage Mod: HP is shown in percentages\n|rule|Sleep Clause Mod: Limit one foe put to sleep\n|rule|Illusion Level Mod: Illusion disguises the Pok\u00e9mon's true level\n|\n|t:|1722431601\n|start\n|switch|p1a: Raikou|Raikou, L81|278/278\n|switch|p2a: Forretress|Forretress, L84, F|263/263\n|-ability|p1a: Raikou|Pressure\n|turn|1\n|inactive|Battle timer is ON: inactive players will automatically lose when time's up. (requested by Accadere \u2601)\n|\n|t:|1722431613\n|move|p1a: Raikou|Thunderbolt|p2a: Forretress\n|-damage|p2a: Forretress|136/263\n|-status|p2a: Forretress|par\n|move|p2a: Forretress|Stealth Rock|p1a: Raikou\n|-sidestart|p1: Accadere \u2601|move: Stealth Rock\n|\n|-heal|p2a: Forretress|152/263 par|[from] item: Leftovers\n|upkeep\n|turn|2\n|\n|t:|1722431634\n|switch|p2a: Magnezone|Magnezone, L85|258/258\n|move|p1a: Raikou|Calm Mind|p1a: Raikou\n|-boost|p1a: Raikou|spa|1\n|-boost|p1a: Raikou|spd|1\n|\n|upkeep\n|turn|3\n|\n|t:|1722431640\n|move|p1a: Raikou|Substitute|p1a: Raikou\n|-start|p1a: Raikou|Substitute\n|-damage|p1a: Raikou|209/278\n|move|p2a: Magnezone|Body Press|p1a: Raikou\n|-end|p1a: Raikou|Substitute\n|\n|-heal|p1a: Raikou|226/278|[from] item: Leftovers\n|upkeep\n|turn|4\n|\n|t:|1722431643\n|move|p1a: Raikou|Scald|p2a: Magnezone\n|-damage|p2a: Magnezone|175/258\n|move|p2a: Magnezone|Body Press|p1a: Raikou\n|-damage|p1a: Raikou|147/278\n|\n|-heal|p1a: Raikou|164/278|[from] item: Leftovers\n|upkeep\n|turn|5\n|\n|t:|1722431650\n|move|p1a: Raikou|Scald|p2a: Magnezone\n|-damage|p2a: Magnezone|80/258\n|-status|p2a: Magnezone|brn\n|move|p2a: Magnezone|Body Press|p1a: Raikou\n|-damage|p1a: Raikou|124/278\n|\n|-heal|p1a: Raikou|141/278|[from] item: Leftovers\n|-damage|p2a: Magnezone|64/258 brn|[from] brn\n|upkeep\n|turn|6\n|\n|t:|1722431657\n|switch|p2a: Farigiraf|Farigiraf, L91, M|366/366\n|move|p1a: Raikou|Calm Mind|p1a: Raikou\n|-boost|p1a: Raikou|spa|1\n|-boost|p1a: Raikou|spd|1\n|\n|-heal|p1a: Raikou|158/278|[from] item: Leftovers\n|upkeep\n|turn|7\n|\n|t:|1722431661\n|move|p1a: Raikou|Thunderbolt|p2a: Farigiraf\n|-damage|p2a: Farigiraf|162/366\n|move|p2a: Farigiraf|Body Slam|p1a: Raikou\n|-damage|p1a: Raikou|49/278\n|\n|-heal|p1a: Raikou|66/278|[from] item: Leftovers\n|-heal|p2a: Farigiraf|184/366|[from] item: Leftovers\n|upkeep\n|turn|8\n|\n|t:|1722431667\n|move|p2a: Farigiraf|Protect|p2a: Farigiraf\n|-singleturn|p2a: Farigiraf|Protect\n|move|p1a: Raikou|Thunderbolt|p2a: Farigiraf\n|-activate|p2a: Farigiraf|move: Protect\n|\n|-heal|p1a: Raikou|83/278|[from] item: Leftovers\n|-heal|p2a: Farigiraf|206/366|[from] item: Leftovers\n|upkeep\n|turn|9\n|\n|t:|1722431670\n|move|p1a: Raikou|Thunderbolt|p2a: Farigiraf\n|-damage|p2a: Farigiraf|2/366\n|move|p2a: Farigiraf|Body Slam|p1a: Raikou\n|-damage|p1a: Raikou|0 fnt\n|faint|p1a: Raikou\n|\n|-heal|p2a: Farigiraf|24/366|[from] item: Leftovers\n|upkeep\n|\n|t:|1722431674\n|switch|p1a: Phione|Phione, L90|290/290\n|-damage|p1a: Phione|254/290|[from] Stealth Rock\n|turn|10\n|\n|t:|1722431678\n|move|p1a: Phione|Take Heart|p1a: Phione\n|-boost|p1a: Phione|spa|1\n|-boost|p1a: Phione|spd|1\n|move|p2a: Farigiraf|Psychic Noise|p1a: Phione\n|-damage|p1a: Phione|190/290\n|-start|p1a: Phione|move: Heal Block\n|\n|-heal|p2a: Farigiraf|46/366|[from] item: Leftovers\n|upkeep\n|turn|11\n|\n|t:|1722431689\n|switch|p2a: Magnezone|Magnezone, L85|64/258 brn\n|move|p1a: Phione|Scald|p2a: Magnezone\n|-damage|p2a: Magnezone|0 fnt\n|faint|p2a: Magnezone\n|\n|-end|p1a: Phione|move: Heal Block\n|upkeep\n|\n|t:|1722431714\n|switch|p2a: Golduck|Golduck, L90, M|290/290\n|-ability|p2a: Golduck|Cloud Nine\n|turn|12\n|\n|t:|1722431717\n|move|p2a: Golduck|Nasty Plot|p2a: Golduck\n|-boost|p2a: Golduck|spa|2\n|move|p1a: Phione|Scald|p2a: Golduck\n|-resisted|p2a: Golduck\n|-damage|p2a: Golduck|231/290\n|\n|-heal|p1a: Phione|208/290|[from] item: Leftovers\n|upkeep\n|turn|13\n|\n|t:|1722431722\n|move|p2a: Golduck|Nasty Plot|p2a: Golduck\n|-boost|p2a: Golduck|spa|2\n|move|p1a: Phione|Scald|p2a: Golduck\n|-resisted|p2a: Golduck\n|-damage|p2a: Golduck|167/290\n|\n|-heal|p1a: Phione|226/290|[from] item: Leftovers\n|upkeep\n|turn|14\n|inactive|withalladat has 120 seconds left.\n|\n|t:|1722431754\n|move|p2a: Golduck|Hydro Pump|p1a: Phione\n|-resisted|p1a: Phione\n|-crit|p1a: Phione\n|-damage|p1a: Phione|0 fnt\n|faint|p1a: Phione\n|-damage|p2a: Golduck|138/290|[from] item: Life Orb\n|\n|upkeep\n|l|\u2606Accadere \u2601\n|inactive|Accadere \u2601 disconnected and has a minute to reconnect!\n|player|p1|\n|j|\u2606Accadere \u2601@!\n|inactive|Accadere \u2601 reconnected and has 145 seconds left.\n|player|p1|Accadere \u2601|touristf2|\n|\n|t:|1722431768\n|switch|p1a: Araquanid|Araquanid, L82, F|246/246\n|turn|15\n|\n|t:|1722431780\n|move|p2a: Golduck|Grass Knot|p1a: Araquanid\n|-damage|p1a: Araquanid|76/246\n|-damage|p2a: Golduck|109/290|[from] item: Life Orb\n|move|p1a: Araquanid|Leech Life|p2a: Golduck\n|-damage|p2a: Golduck|40/290\n|-heal|p1a: Araquanid|111/246|[from] drain|[of] p2a: Golduck\n|\n|upkeep\n|turn|16\n|\n|t:|1722431787\n|move|p2a: Golduck|Grass Knot|p1a: Araquanid\n|-damage|p1a: Araquanid|0 fnt\n|faint|p1a: Araquanid\n|-damage|p2a: Golduck|11/290|[from] item: Life Orb\n|\n|upkeep\n|\n|t:|1722431793\n|switch|p1a: Ceruledge|Ceruledge, L78, M|245/245\n|turn|17\n|\n|t:|1722431797\n|move|p2a: Golduck|Hydro Pump|p1a: Ceruledge|[miss]\n|-miss|p2a: Golduck|p1a: Ceruledge\n|move|p1a: Ceruledge|Bitter Blade|p2a: Golduck\n|-resisted|p2a: Golduck\n|-damage|p2a: Golduck|0 fnt\n|faint|p2a: Golduck\n|\n|upkeep\n|\n|t:|1722431823\n|switch|p2a: Arceus|Arceus-Flying, L69|279/279\n|turn|18\n|inactive|withalladat has 120 seconds left.\n|\n|t:|1722431849\n|move|p2a: Arceus|Calm Mind|p2a: Arceus\n|-boost|p2a: Arceus|spa|1\n|-boost|p2a: Arceus|spd|1\n|move|p1a: Ceruledge|Swords Dance|p1a: Ceruledge\n|-boost|p1a: Ceruledge|atk|2\n|\n|upkeep\n|turn|19\n|\n|t:|1722431868\n|move|p2a: Arceus|Earth Power|p1a: Ceruledge\n|-supereffective|p1a: Ceruledge\n|-damage|p1a: Ceruledge|85/245\n|move|p1a: Ceruledge|Bitter Blade|p2a: Arceus\n|-damage|p2a: Arceus|69/279\n|-heal|p1a: Ceruledge|190/245|[from] drain|[of] p2a: Arceus\n|\n|upkeep\n|turn|20\n|\n|t:|1722431880\n|-terastallize|p2a: Arceus|Ground\n|move|p2a: Arceus|Earth Power|p1a: Ceruledge\n|-supereffective|p1a: Ceruledge\n|-damage|p1a: Ceruledge|0 fnt\n|faint|p1a: Ceruledge\n|\n|upkeep\n|\n|t:|1722431882\n|switch|p1a: Polteageist|Polteageist, L79|224/224\n|-damage|p1a: Polteageist|196/224|[from] Stealth Rock\n|turn|21\n|inactive|withalladat has 120 seconds left.\n|\n|t:|1722431910\n|move|p2a: Arceus|Recover|p2a: Arceus\n|-heal|p2a: Arceus|209/279\n|move|p1a: Polteageist|Shell Smash|p1a: Polteageist\n|-unboost|p1a: Polteageist|def|1\n|-unboost|p1a: Polteageist|spd|1\n|-boost|p1a: Polteageist|atk|2\n|-boost|p1a: Polteageist|spa|2\n|-boost|p1a: Polteageist|spe|2\n|-enditem|p1a: Polteageist|White Herb\n|-clearnegativeboost|p1a: Polteageist|[silent]\n|\n|upkeep\n|turn|22\n|\n|t:|1722431918\n|move|p1a: Polteageist|Shadow Ball|p2a: Arceus\n|-damage|p2a: Arceus|76/279\n|move|p2a: Arceus|Judgment|p1a: Polteageist\n|-damage|p1a: Polteageist|51/224\n|\n|upkeep\n|turn|23\n|\n|t:|1722431932\n|move|p1a: Polteageist|Shadow Ball|p2a: Arceus\n|-damage|p2a: Arceus|0 fnt\n|faint|p2a: Arceus\n|\n|upkeep\n|j| sheffieldboys2\n|\n|t:|1722431933\n|switch|p2a: Farigiraf|Farigiraf, L91, M|46/366\n|turn|24\n|\n|t:|1722431938\n|move|p2a: Farigiraf|Protect|p2a: Farigiraf\n|-singleturn|p2a: Farigiraf|Protect\n|move|p1a: Polteageist|Tera Blast|p2a: Farigiraf\n|-activate|p2a: Farigiraf|move: Protect\n|\n|-heal|p2a: Farigiraf|68/366|[from] item: Leftovers\n|upkeep\n|turn|25\n|inactive|withalladat has 120 seconds left.\n|\n|t:|1722431948\n|move|p1a: Polteageist|Tera Blast|p2a: Farigiraf\n|-damage|p2a: Farigiraf|0 fnt\n|faint|p2a: Farigiraf\n|\n|upkeep\n|\n|t:|1722431949\n|switch|p2a: Tornadus|Tornadus, L82, M|263/263\n|turn|26\n|\n|t:|1722431956\n|move|p1a: Polteageist|Shadow Ball|p2a: Tornadus\n|-damage|p2a: Tornadus|38/263\n|-unboost|p2a: Tornadus|spd|1\n|-ability|p2a: Tornadus|Defiant|boost\n|-boost|p2a: Tornadus|atk|2\n|move|p2a: Tornadus|Bleakwind Storm|p1a: Polteageist\n|-damage|p1a: Polteageist|0 fnt\n|faint|p1a: Polteageist\n|\n|upkeep\n|\n|t:|1722431959\n|switch|p1a: Golem|Golem-Alola, L93, M|300/300\n|-damage|p1a: Golem|263/300|[from] Stealth Rock\n|turn|27\n|\n|t:|1722431967\n|switch|p2a: Forretress|Forretress, L84, F|152/263 par\n|move|p1a: Golem|Rock Polish|p1a: Golem\n|-boost|p1a: Golem|spe|2\n|\n|-heal|p2a: Forretress|168/263 par|[from] item: Leftovers\n|upkeep\n|turn|28\n|j| orglob\n|\n|t:|1722431973\n|move|p1a: Golem|Stone Edge|p2a: Forretress\n|-damage|p2a: Forretress|24/263 par\n|-damage|p1a: Golem|233/300|[from] item: Life Orb\n|cant|p2a: Forretress|par\n|\n|-heal|p2a: Forretress|40/263 par|[from] item: Leftovers\n|upkeep\n|turn|29\n|\n|t:|1722431978\n|move|p1a: Golem|Earthquake|p2a: Forretress\n|-damage|p2a: Forretress|0 fnt\n|faint|p2a: Forretress\n|-damage|p1a: Golem|203/300|[from] item: Life Orb\n|\n|upkeep\n|\n|t:|1722431979\n|switch|p2a: Tornadus|Tornadus, L82, M|38/263\n|turn|30\n|\n|t:|1722431984\n|move|p1a: Golem|Double-Edge|p2a: Tornadus\n|-supereffective|p2a: Tornadus\n|-damage|p2a: Tornadus|0 fnt\n|faint|p2a: Tornadus\n|-damage|p1a: Golem|190/300|[from] Recoil\n|-damage|p1a: Golem|160/300|[from] item: Life Orb\n|\n|win|Accadere \u2601\n|raw|Accadere \u2601's rating: 2253 &rarr; <strong>2282</strong><br />(+29 for winning)\n|raw|withalladat's rating: 2427 &rarr; <strong>2398</strong><br />(-29 for losing)\n|c| orglob|W\n|l|\u2606withalladat\n|player|p2|\n|l|\u2606Accadere \u2601\n|player|p1|\n|l| orglob\n|l| sheffieldboys2\n|j|\u2606Accadere \u2601@!\n|player|p1|Accadere \u2601|touristf2|\n|l|\u2606Accadere \u2601\n|player|p1|\n|j|\u2606Accadere \u2601@!\n|player|p1|Accadere \u2601|touristf2|\n", "inputlog": ">version 3c8c0ba6a3441824201ce9f0cf68dcc094963845\n>start {\"formatid\":\"gen9randombattle\",\"seed\":[50434,20183,10618,15157],\"rated\":\"Rated battle\"}\n>player p1 {\"name\":\"Accadere \u2601\",\"avatar\":\"touristf2\",\"rating\":2253,\"seed\":[28323,18697,40828,5935]}\n>player p2 {\"name\":\"withalladat\",\"avatar\":\"265\",\"rating\":2427,\"seed\":[3752,57889,48409,52680]}\n>p1 move thunderbolt\n>p2 move stealthrock\n>p1 move calmmind\n>p2 switch 3\n>p1 move substitute\n>p2 move bodypress\n>p1 move scald\n>p2 move bodypress\n>p1 move scald\n>p2 move bodypress\n>p1 move calmmind\n>p2 switch 5\n>p1 move thunderbolt\n>p2 move bodyslam\n>p1 move thunderbolt\n>p2 move protect\n>p1 move thunderbolt\n>p2 move bodyslam\n>p1 switch 3\n>p1 move takeheart\n>p2 move psychicnoise\n>p1 move scald\n>p2 switch 5\n>p2 switch 2\n>p1 move scald\n>p2 move nastyplot\n>p1 move scald\n>p2 move nastyplot\n>p1 move scald\n>p2 move hydropump\n>p1 switch 5\n>p1 move leechlife\n>p2 move grassknot\n>p1 move leechlife\n>p2 move grassknot\n>p1 switch 4\n>p1 move bitterblade\n>p2 move hydropump\n>p2 switch 6\n>p1 move swordsdance\n>p2 move calmmind\n>p1 move bitterblade\n>p2 move earthpower\n>p1 move bitterblade\n>p2 move earthpower terastallize\n>p1 switch 2\n>p1 move shellsmash\n>p2 move recover\n>p1 move shadowball\n>p2 move judgment\n>p1 move shadowball\n>p2 move judgment\n>p2 switch 5\n>p1 move terablast\n>p2 move protect\n>p1 move terablast\n>p2 move psychicnoise\n>p2 switch 4\n>p1 move shadowball\n>p2 move bleakwindstorm\n>p1 switch 6\n>p1 move rockpolish\n>p2 switch 3\n>p1 move stoneedge\n>p2 move ironhead\n>p1 move earthquake\n>p2 move ironhead\n>p2 switch 3\n>p1 move doubleedge\n>p2 move grassknot", "uploadtime": 1722431989, "views": 144, "formatid": "gen9randombattle", "rating": 2282, "private": 0, "password": null}