{"id": "gen9randombattle-2260395603", "format": "[Gen 9] Random Battle", "players": ["Greekazoid", "MicrOxyde"], "log": "|j|\u2606Greekazoid\n|j|\u2606MicrOxyde\n|t:|1733847461\n|gametype|singles\n|player|p1|Greekazoid|chuck|1213\n|player|p2|MicrOxyde|265|1202\n|teamsize|p1|6\n|teamsize|p2|6\n|gen|9\n|tier|[Gen 9] Random Battle\n|rated|\n|rule|Species Clause: Limit one of each Pok\u00e9mon\n|rule|HP Percentage Mod: HP is shown in percentages\n|rule|Sleep Clause Mod: Limit one foe put to sleep\n|rule|Illusion Level Mod: Illusion disguises the Pok\u00e9mon's true level\n|\n|t:|1733847461\n|start\n|switch|p1a: Lucario|Lucario, L84, F|255/255\n|switch|p2a: Golduck|Golduck, L90, F|290/290\n|-ability|p2a: Golduck|Cloud Nine\n|turn|1\n|\n|t:|1733847531\n|move|p2a: Golduck|Nasty Plot|p2a: Golduck\n|-boost|p2a: Golduck|spa|2\n|move|p1a: Lucario|Nasty Plot|p1a: Lucario\n|-boost|p1a: Lucario|spa|2\n|\n|upkeep\n|turn|2\n|inactive|Battle timer is ON: inactive players will automatically lose when time's up. (requested by Greekazoid)\n|\n|t:|1733847538\n|move|p2a: Golduck|Encore|p1a: Lucario\n|-start|p1a: Lucario|Encore\n|move|p1a: Lucario|Nasty Plot|p1a: Lucario\n|-boost|p1a: Lucario|spa|2\n|\n|upkeep\n|turn|3\n|\n|t:|1733847544\n|move|p2a: Golduck|Hydro Pump|p1a: Lucario\n|-damage|p1a: Lucario|0 fnt\n|faint|p1a: Lucario\n|\n|upkeep\n|\n|t:|1733847552\n|switch|p1a: Tsareena|Tsareena, L87, F|267/267\n|turn|4\n|inactive|MicrOxyde has 120 seconds left.\n|\n|t:|1733847598\n|switch|p2a: Cacturne|Cacturne, L92, F|278/278\n|-terastallize|p1a: Tsareena|Steel\n|move|p1a: Tsareena|Power Whip|p2a: Cacturne\n|-resisted|p2a: Cacturne\n|-crit|p2a: Cacturne\n|-damage|p2a: Cacturne|126/278\n|\n|upkeep\n|turn|5\n|\n|t:|1733847609\n|move|p1a: Tsareena|High Jump Kick|p2a: Cacturne\n|-supereffective|p2a: Cacturne\n|-damage|p2a: Cacturne|0 fnt\n|faint|p2a: Cacturne\n|\n|upkeep\n|inactive|MicrOxyde has 90 seconds left.\n|\n|t:|1733847641\n|switch|p2a: Hoopa|Hoopa, L85|275/275\n|turn|6\n|\n|t:|1733847651\n|move|p1a: Tsareena|Knock Off|p2a: Hoopa\n|-supereffective|p2a: Hoopa\n|-damage|p2a: Hoopa|0 fnt\n|-enditem|p2a: Hoopa|Life Orb|[from] move: Knock Off|[of] p1a: Tsareena\n|faint|p2a: Hoopa\n|\n|upkeep\n|\n|t:|1733847654\n|switch|p2a: Ting-Lu|Ting-Lu, L78|370/370\n|-ability|p2a: Ting-Lu|Vessel of Ruin\n|turn|7\n|\n|t:|1733847664\n|-terastallize|p2a: Ting-Lu|Poison\n|move|p1a: Tsareena|Power Whip|p2a: Ting-Lu\n|-resisted|p2a: Ting-Lu\n|-damage|p2a: Ting-Lu|308/370\n|move|p2a: Ting-Lu|Earthquake|p1a: Tsareena\n|-supereffective|p1a: Tsareena\n|-damage|p1a: Tsareena|81/267\n|\n|-heal|p2a: Ting-Lu|331/370|[from] item: Leftovers\n|upkeep\n|turn|8\n|\n|t:|1733847677\n|switch|p1a: Dunsparce|Dunsparce, L86, F|312/312\n|move|p2a: Ting-Lu|Earthquake|p1a: Dunsparce\n|-damage|p1a: Dunsparce|239/312\n|\n|-heal|p2a: Ting-Lu|354/370|[from] item: Leftovers\n|upkeep\n|turn|9\n|\n|t:|1733847687\n|move|p1a: Dunsparce|Coil|p1a: Dunsparce\n|-boost|p1a: Dunsparce|atk|1\n|-boost|p1a: Dunsparce|def|1\n|-boost|p1a: Dunsparce|accuracy|1\n|move|p2a: Ting-Lu|Whirlwind|p1a: Dunsparce\n|drag|p1a: Spiritomb|Spiritomb, L89, M|234/234\n|\n|-heal|p2a: Ting-Lu|370/370|[from] item: Leftovers\n|upkeep\n|turn|10\n|\n|t:|1733847704\n|move|p2a: Ting-Lu|Earthquake|p1a: Spiritomb\n|-damage|p1a: Spiritomb|149/234\n|move|p1a: Spiritomb|Poltergeist|p2a: Ting-Lu\n|-activate|p2a: Ting-Lu|move: Poltergeist|Leftovers\n|-damage|p2a: Ting-Lu|265/370\n|\n|-heal|p2a: Ting-Lu|288/370|[from] item: Leftovers\n|-heal|p1a: Spiritomb|163/234|[from] item: Leftovers\n|upkeep\n|turn|11\n|\n|t:|1733847720\n|move|p2a: Ting-Lu|Spikes|p1a: Spiritomb\n|-sidestart|p1: Greekazoid|Spikes\n|move|p1a: Spiritomb|Pain Split|p2a: Ting-Lu\n|-sethp|p2a: Ting-Lu|225/370|[from] move: Pain Split|[silent]\n|-sethp|p1a: Spiritomb|225/234|[from] move: Pain Split\n|\n|-heal|p2a: Ting-Lu|248/370|[from] item: Leftovers\n|-heal|p1a: Spiritomb|234/234|[from] item: Leftovers\n|upkeep\n|turn|12\n|\n|t:|1733847729\n|move|p2a: Ting-Lu|Spikes|p1a: Spiritomb\n|-sidestart|p1: Greekazoid|Spikes\n|move|p1a: Spiritomb|Foul Play|p2a: Ting-Lu\n|-damage|p2a: Ting-Lu|164/370\n|\n|-heal|p2a: Ting-Lu|187/370|[from] item: Leftovers\n|upkeep\n|turn|13\n|\n|t:|1733847742\n|move|p2a: Ting-Lu|Spikes|p1a: Spiritomb\n|-sidestart|p1: Greekazoid|Spikes\n|move|p1a: Spiritomb|Poltergeist|p2a: Ting-Lu\n|-activate|p2a: Ting-Lu|move: Poltergeist|Leftovers\n|-damage|p2a: Ting-Lu|79/370\n|\n|-heal|p2a: Ting-Lu|102/370|[from] item: Leftovers\n|upkeep\n|turn|14\n|\n|t:|1733847750\n|move|p1a: Spiritomb|Poltergeist|p2a: Ting-Lu\n|-activate|p2a: Ting-Lu|move: Poltergeist|Leftovers\n|-damage|p2a: Ting-Lu|0 fnt\n|faint|p2a: Ting-Lu\n|\n|upkeep\n|\n|t:|1733847764\n|switch|p2a: Golduck|Golduck, L90, F|290/290\n|-ability|p2a: Golduck|Cloud Nine\n|turn|15\n|\n|t:|1733847769\n|move|p2a: Golduck|Nasty Plot|p2a: Golduck\n|-boost|p2a: Golduck|spa|2\n|move|p1a: Spiritomb|Poltergeist|p2a: Golduck\n|-activate|p2a: Golduck|move: Poltergeist|Leftovers\n|-damage|p2a: Golduck|154/290\n|\n|-heal|p2a: Golduck|172/290|[from] item: Leftovers\n|upkeep\n|turn|16\n|\n|t:|1733847786\n|move|p2a: Golduck|Hydro Pump|p1a: Spiritomb\n|-damage|p1a: Spiritomb|27/234\n|move|p1a: Spiritomb|Poltergeist|p2a: Golduck\n|-activate|p2a: Golduck|move: Poltergeist|Leftovers\n|-damage|p2a: Golduck|43/290\n|\n|-heal|p2a: Golduck|61/290|[from] item: Leftovers\n|-heal|p1a: Spiritomb|41/234|[from] item: Leftovers\n|upkeep\n|turn|17\n|\n|t:|1733847796\n|move|p1a: Spiritomb|Shadow Sneak|p2a: Golduck\n|-damage|p2a: Golduck|15/290\n|move|p2a: Golduck|Grass Knot|p1a: Spiritomb\n|-damage|p1a: Spiritomb|0 fnt\n|faint|p1a: Spiritomb\n|\n|-heal|p2a: Golduck|33/290|[from] item: Leftovers\n|upkeep\n|\n|t:|1733847804\n|switch|p1a: Dugtrio|Dugtrio, L84, F|196/196\n|-damage|p1a: Dugtrio|147/196|[from] Spikes\n|turn|18\n|\n|t:|1733847816\n|move|p1a: Dugtrio|Throat Chop|p2a: Golduck\n|-damage|p2a: Golduck|0 fnt\n|faint|p2a: Golduck\n|\n|upkeep\n|\n|t:|1733847825\n|switch|p2a: Basculegion|Basculegion, L81, M|327/327\n|turn|19\n|\n|t:|1733847839\n|switch|p1a: Forretress|Forretress, L84, M|263/263\n|-damage|p1a: Forretress|198/263|[from] Spikes\n|move|p2a: Basculegion|Aqua Jet|p1a: Forretress\n|-damage|p1a: Forretress|156/263\n|\n|-heal|p1a: Forretress|172/263|[from] item: Leftovers\n|upkeep\n|turn|20\n|\n|t:|1733847852\n|move|p2a: Basculegion|Shadow Ball|p1a: Forretress\n|-damage|p1a: Forretress|44/263\n|move|p1a: Forretress|Stealth Rock|p2a: Basculegion\n|-sidestart|p2: MicrOxyde|move: Stealth Rock\n|\n|-heal|p1a: Forretress|60/263|[from] item: Leftovers\n|upkeep\n|turn|21\n|\n|t:|1733847860\n|move|p2a: Basculegion|Shadow Ball|p1a: Forretress\n|-damage|p1a: Forretress|0 fnt\n|faint|p1a: Forretress\n|\n|upkeep\n|\n|t:|1733847864\n|switch|p1a: Tsareena|Tsareena, L87, F, tera:Steel|81/267\n|-damage|p1a: Tsareena|15/267|[from] Spikes\n|turn|22\n|c|\u2606Greekazoid|FUCK I FORGOT YOU WERE GHOST TYPE\n|\n|t:|1733847885\n|move|p2a: Basculegion|Aqua Jet||[still]\n|cant|p1a: Tsareena|ability: Queenly Majesty|Aqua Jet|[of] p2a: Basculegion\n|move|p1a: Tsareena|Power Whip|p2a: Basculegion|[miss]\n|-miss|p1a: Tsareena|p2a: Basculegion\n|\n|upkeep\n|turn|23\n|c|\u2606Greekazoid|I WAS GONNA SPIN\n|c|\u2606MicrOxyde|I forgot about queely majesty\n|inactive|MicrOxyde has 120 seconds left.\n|\n|t:|1733847919\n|switch|p2a: Chimecho|Chimecho, L93, M|290/290\n|-damage|p2a: Chimecho|254/290|[from] Stealth Rock\n|move|p1a: Tsareena|Power Whip|p2a: Chimecho\n|-damage|p2a: Chimecho|106/290\n|\n|-heal|p2a: Chimecho|124/290|[from] item: Leftovers\n|upkeep\n|turn|24\n|c|\u2606Greekazoid|we're both fumbing lol\n|inactive|MicrOxyde has 120 seconds left.\n|\n|t:|1733847931\n|move|p1a: Tsareena|Power Whip|p2a: Chimecho\n|-damage|p2a: Chimecho|0 fnt\n|faint|p2a: Chimecho\n|\n|upkeep\n|\n|t:|1733847935\n|switch|p2a: Basculegion|Basculegion, L81, M|327/327\n|-damage|p2a: Basculegion|287/327|[from] Stealth Rock\n|turn|25\n|\n|t:|1733847940\n|move|p1a: Tsareena|Power Whip|p2a: Basculegion\n|-supereffective|p2a: Basculegion\n|-damage|p2a: Basculegion|0 fnt\n|faint|p2a: Basculegion\n|\n|win|Greekazoid\n", "inputlog": ">version bfd83cad13791eb5a5a409923076391caf6fb4d4\n>start {\"formatid\":\"gen9randombattle\",\"seed\":[54135,23913,30185,23800],\"rated\":\"Rated battle\"}\n>player p1 {\"name\":\"Greekazoid\",\"avatar\":\"chuck\",\"rating\":1213,\"seed\":[41555,15254,41385,3539]}\n>player p2 {\"name\":\"MicrOxyde\",\"avatar\":\"265\",\"rating\":1202,\"seed\":[5390,6745,52783,45762]}\n>p1 move nastyplot\n>p2 move nastyplot\n>p1 move nastyplot\n>p2 move encore\n>p1 move nastyplot\n>p2 move hydropump\n>p1 switch 2\n>p1 move powerwhip terastallize\n>p2 switch 4\n>p1 move highjumpkick\n>p2 move focusblast\n>p2 switch 5\n>p1 move knockoff\n>p2 move focusblast\n>p2 switch 6\n>p1 move powerwhip\n>p2 move earthquake terastallize\n>p1 switch 4\n>p2 move earthquake\n>p1 move coil\n>p2 move whirlwind\n>p1 move poltergeist\n>p2 move earthquake\n>p1 move painsplit\n>p2 move spikes\n>p1 move foulplay\n>p2 move spikes\n>p1 move poltergeist\n>p2 move spikes\n>p1 move poltergeist\n>p2 move whirlwind\n>p2 switch 4\n>p1 move poltergeist\n>p2 move nastyplot\n>p1 move poltergeist\n>p2 move hydropump\n>p1 move shadowsneak\n>p2 move grassknot\n>p1 switch 5\n>p1 move throatchop\n>p2 move hydropump\n>p2 switch 2\n>p1 switch 3\n>p2 move aquajet\n>p1 move stealthrock\n>p2 move shadowball\n>p1 move spikes\n>p2 move shadowball\n>p1 switch 4\n>chat \u2606Greekazoid|FUCK I FORGOT YOU WERE GHOST TYPE\n>p1 move powerwhip\n>p2 move aquajet\n>chat \u2606Greekazoid|I WAS GONNA SPIN\n>chat \u2606MicrOxyde|I forgot about queely majesty\n>p1 move powerwhip\n>p2 switch 3\n>chat \u2606Greekazoid|we're both fumbing lol\n>p1 move powerwhip\n>p2 move recover\n>p2 switch 3\n>p1 move powerwhip\n>p2 move shadowball", "uploadtime": 1733847883, "views": 1, "formatid": "gen9randombattle", "rating": null, "private": 0, "password": null}