{"id": "gen9randombattle-2107134833", "format": "[Gen 9] Random Battle", "players": ["Norman2!", "Dreamkos"], "log": "|badge|p1|silver|gen9randombattle|30-1\n|uhtml|medal-msg|<div class=\"broadcast-blue\">Curious what those medals under the avatar are? PS now has Ladder Seasons! For more information, check out the <a href=\"https://www.smogon.com/forums/threads/3740067/\">thread on Smogon.</a></div>\n|badge|p2|silver|gen9randombattle|30-1\n|uhtml|medal-msg|<div class=\"broadcast-blue\">Curious what those medals under the avatar are? PS now has Ladder Seasons! For more information, check out the <a href=\"https://www.smogon.com/forums/threads/3740067/\">thread on Smogon.</a></div>\n|j|\u203dNorman2!\n|j|\u2606Dreamkos\n|t:|1713545891\n|gametype|singles\n|player|p1|Norman2!|101|2436\n|player|p2|Dreamkos|lisia-masters|2386\n|teamsize|p1|6\n|teamsize|p2|6\n|gen|9\n|tier|[Gen 9] Random Battle\n|rated|\n|rule|Species Clause: Limit one of each Pok\u00e9mon\n|rule|HP Percentage Mod: HP is shown in percentages\n|rule|Sleep Clause Mod: Limit one foe put to sleep\n|rule|Illusion Level Mod: Illusion disguises the Pok\u00e9mon's true level\n|\n|t:|1713545891\n|start\n|switch|p1a: Ursaring|Ursaring, L84, F|288/288\n|switch|p2a: Moltres|Moltres-Galar, L80|275/275\n|turn|1\n|\n|t:|1713545909\n|switch|p2a: Flutter Mane|Flutter Mane, L74|203/203\n|switch|p1a: Diancie|Diancie, L82|216/216\n|\n|upkeep\n|turn|2\n|inactive|Battle timer is ON: inactive players will automatically lose when time's up. (requested by Dreamkos)\n|\n|t:|1713545930\n|-end|p2a: Flutter Mane|Protosynthesis|[silent]\n|switch|p2a: Heatran|Heatran, L79, M|273/273\n|-item|p2a: Heatran|Air Balloon\n|move|p1a: Diancie|Calm Mind|p1a: Diancie\n|-boost|p1a: Diancie|spa|1\n|-boost|p1a: Diancie|spd|1\n|\n|upkeep\n|turn|3\n|\n|t:|1713545936\n|switch|p1a: Dondozo|Dondozo, L78, M|362/362\n|move|p2a: Heatran|Flash Cannon|p1a: Dondozo\n|-resisted|p1a: Dondozo\n|-damage|p1a: Dondozo|296/362\n|\n|-heal|p1a: Dondozo|318/362|[from] item: Leftovers\n|upkeep\n|turn|4\n|\n|t:|1713545942\n|switch|p2a: Lilligant|Lilligant-Hisui, L80, F|243/243\n|move|p1a: Dondozo|Wave Crash|p2a: Lilligant\n|-resisted|p2a: Lilligant\n|-damage|p2a: Lilligant|177/243\n|-damage|p1a: Dondozo|296/362|[from] Recoil\n|\n|-heal|p1a: Dondozo|318/362|[from] item: Leftovers\n|upkeep\n|turn|5\n|\n|t:|1713545951\n|switch|p1a: Reshiram|Reshiram, L76|277/277\n|-ability|p1a: Reshiram|Turboblaze\n|move|p2a: Lilligant|Sleep Powder|p1a: Reshiram|[miss]\n|-miss|p2a: Lilligant|p1a: Reshiram\n|\n|upkeep\n|turn|6\n|\n|t:|1713545960\n|switch|p2a: Heatran|Heatran, L79, M|273/273\n|-item|p2a: Heatran|Air Balloon\n|move|p1a: Reshiram|Flare Blitz|p2a: Heatran\n|-damage|p2a: Heatran|153/273\n|-enditem|p2a: Heatran|Air Balloon\n|-damage|p1a: Reshiram|237/277|[from] Recoil\n|\n|upkeep\n|turn|7\n|\n|t:|1713545973\n|move|p1a: Reshiram|Dragon Dance|p1a: Reshiram\n|-boost|p1a: Reshiram|atk|1\n|-boost|p1a: Reshiram|spe|1\n|move|p2a: Heatran|Earth Power|p1a: Reshiram\n|-supereffective|p1a: Reshiram\n|-damage|p1a: Reshiram|113/277\n|\n|upkeep\n|turn|8\n|\n|t:|1713545980\n|move|p1a: Reshiram|Flare Blitz|p2a: Heatran\n|-damage|p2a: Heatran|0 fnt\n|faint|p2a: Heatran\n|-damage|p1a: Reshiram|63/277|[from] Recoil\n|\n|upkeep\n|\n|t:|1713545994\n|switch|p2a: Flareon|Flareon, L90, M|263/263\n|turn|9\n|\n|t:|1713546001\n|move|p1a: Reshiram|Outrage|p2a: Flareon\n|-damage|p2a: Flareon|53/263\n|move|p2a: Flareon|Facade|p1a: Reshiram\n|-damage|p1a: Reshiram|0 fnt\n|faint|p1a: Reshiram\n|\n|-status|p2a: Flareon|tox|[from] item: Toxic Orb\n|upkeep\n|inactive|Norman2! has 120 seconds left.\n|\n|t:|1713546031\n|switch|p1a: Diancie|Diancie, L82|219/219\n|turn|10\n|inactive|Norman2! has 120 seconds left.\n|\n|t:|1713546045\n|move|p1a: Diancie|Hyper Voice|p2a: Flareon\n|-damage|p2a: Flareon|0 fnt\n|faint|p2a: Flareon\n|-damage|p1a: Diancie|198/219|[from] item: Life Orb\n|\n|upkeep\n|\n|t:|1713546061\n|switch|p2a: Moltres|Moltres-Galar, L80|275/275\n|turn|11\n|\n|t:|1713546073\n|switch|p1a: Diancie|Diancie, L82|216/216\n|switch|p2a: Lilligant|Lilligant-Hisui, L80, F|177/243\n|\n|upkeep\n|turn|12\n|\n|t:|1713546089\n|switch|p1a: Gallade|Gallade, L82, M|246/246\n|move|p2a: Lilligant|Sleep Powder|p1a: Gallade\n|-status|p1a: Gallade|slp|[from] move: Sleep Powder\n|\n|upkeep\n|turn|13\n|\n|t:|1713546098\n|move|p2a: Lilligant|Victory Dance|p2a: Lilligant\n|-boost|p2a: Lilligant|atk|1\n|-boost|p2a: Lilligant|def|1\n|-boost|p2a: Lilligant|spe|1\n|cant|p1a: Gallade|slp\n|\n|upkeep\n|turn|14\n|\n|t:|1713546107\n|move|p2a: Lilligant|Leaf Blade|p1a: Gallade\n|-damage|p1a: Gallade|0 fnt\n|faint|p1a: Gallade\n|\n|upkeep\n|\n|t:|1713546119\n|switch|p1a: Ursaring|Ursaring, L84, F|288/288\n|turn|15\n|j| snoopsnake\n|\n|t:|1713546125\n|-terastallize|p1a: Ursaring|Ghost\n|move|p2a: Lilligant|Leaf Blade|p1a: Ursaring\n|-damage|p1a: Ursaring|137/288\n|move|p1a: Ursaring|Body Slam|p2a: Lilligant\n|-damage|p2a: Lilligant|92/243\n|-status|p2a: Lilligant|par\n|\n|upkeep\n|turn|16\n|\n|t:|1713546134\n|move|p2a: Lilligant|Leaf Blade|p1a: Ursaring\n|-damage|p1a: Ursaring|0 fnt\n|faint|p1a: Ursaring\n|\n|upkeep\n|\n|t:|1713546137\n|switch|p1a: Dondozo|Dondozo, L78, M|198/219\n|turn|17\n|\n|t:|1713546149\n|move|p1a: Dondozo|Bitter Malice|p2a: Lilligant\n|-crit|p2a: Lilligant\n|-damage|p2a: Lilligant|0 fnt\n|faint|p2a: Lilligant\n|-damage|p1a: Dondozo|177/219|[from] item: Life Orb\n|\n|upkeep\n|\n|t:|1713546172\n|switch|p2a: Kilowattrel|Kilowattrel, L83, F|252/252\n|turn|18\n|\n|t:|1713546179\n|move|p2a: Kilowattrel|Thunderbolt|p1a: Dondozo\n|-damage|p1a: Dondozo|38/219\n|replace|p1a: Zoroark|Zoroark-Hisui, L80, M\n|-end|p1a: Zoroark|Illusion\n|-hint|Illusion Level Mod is active, so this Pok\u00e9mon's true level was hidden.\n|move|p1a: Zoroark|Hyper Voice|p2a: Kilowattrel\n|-damage|p2a: Kilowattrel|80/252\n|-damage|p1a: Zoroark|17/219|[from] item: Life Orb\n|\n|upkeep\n|turn|19\n|\n|t:|1713546187\n|move|p2a: Kilowattrel|Thunderbolt|p1a: Zoroark\n|-damage|p1a: Zoroark|0 fnt\n|faint|p1a: Zoroark\n|\n|upkeep\n|\n|t:|1713546189\n|switch|p1a: Diancie|Diancie, L82|216/216\n|turn|20\n|\n|t:|1713546193\n|move|p2a: Kilowattrel|Thunderbolt|p1a: Diancie\n|-damage|p1a: Diancie|153/216\n|move|p1a: Diancie|Calm Mind|p1a: Diancie\n|-boost|p1a: Diancie|spa|1\n|-boost|p1a: Diancie|spd|1\n|\n|-heal|p1a: Diancie|166/216|[from] item: Leftovers\n|upkeep\n|turn|21\n|\n|t:|1713546197\n|move|p2a: Kilowattrel|Thunder Wave|p1a: Diancie\n|-status|p1a: Diancie|par\n|cant|p1a: Diancie|par\n|\n|-heal|p1a: Diancie|179/216 par|[from] item: Leftovers\n|upkeep\n|turn|22\n|\n|t:|1713546201\n|move|p2a: Kilowattrel|Thunderbolt|p1a: Diancie\n|-damage|p1a: Diancie|134/216 par\n|cant|p1a: Diancie|par\n|\n|-heal|p1a: Diancie|147/216 par|[from] item: Leftovers\n|upkeep\n|turn|23\n|\n|t:|1713546205\n|move|p2a: Kilowattrel|Thunderbolt|p1a: Diancie\n|-damage|p1a: Diancie|99/216 par\n|move|p1a: Diancie|Calm Mind|p1a: Diancie\n|-boost|p1a: Diancie|spa|1\n|-boost|p1a: Diancie|spd|1\n|\n|-heal|p1a: Diancie|112/216 par|[from] item: Leftovers\n|upkeep\n|turn|24\n|\n|t:|1713546209\n|move|p2a: Kilowattrel|Thunderbolt|p1a: Diancie\n|-damage|p1a: Diancie|81/216 par\n|move|p1a: Diancie|Draining Kiss|p2a: Kilowattrel\n|-damage|p2a: Kilowattrel|0 fnt\n|-heal|p1a: Diancie|141/216 par|[from] drain|[of] p2a: Kilowattrel\n|faint|p2a: Kilowattrel\n|\n|-heal|p1a: Diancie|154/216 par|[from] item: Leftovers\n|upkeep\n|\n|t:|1713546216\n|switch|p2a: Flutter Mane|Flutter Mane, L74|203/203\n|turn|25\n|\n|t:|1713546226\n|move|p2a: Flutter Mane|Moonblast|p1a: Diancie\n|-damage|p1a: Diancie|103/216 par\n|move|p1a: Diancie|Diamond Storm|p2a: Flutter Mane|[miss]\n|-miss|p1a: Diancie|p2a: Flutter Mane\n|\n|-heal|p1a: Diancie|116/216 par|[from] item: Leftovers\n|upkeep\n|turn|26\n|\n|t:|1713546231\n|move|p2a: Flutter Mane|Moonblast|p1a: Diancie\n|-damage|p1a: Diancie|59/216 par\n|move|p1a: Diancie|Draining Kiss|p2a: Flutter Mane\n|-damage|p2a: Flutter Mane|112/203\n|-heal|p1a: Diancie|127/216 par|[from] drain|[of] p2a: Flutter Mane\n|\n|-heal|p1a: Diancie|140/216 par|[from] item: Leftovers\n|upkeep\n|turn|27\n|\n|t:|1713546239\n|move|p2a: Flutter Mane|Moonblast|p1a: Diancie\n|-damage|p1a: Diancie|91/216 par\n|move|p1a: Diancie|Draining Kiss|p2a: Flutter Mane\n|-damage|p2a: Flutter Mane|27/203\n|-heal|p1a: Diancie|155/216 par|[from] drain|[of] p2a: Flutter Mane\n|\n|-heal|p1a: Diancie|168/216 par|[from] item: Leftovers\n|upkeep\n|turn|28\n|\n|t:|1713546248\n|move|p2a: Flutter Mane|Moonblast|p1a: Diancie\n|-damage|p1a: Diancie|119/216 par\n|move|p1a: Diancie|Calm Mind|p1a: Diancie\n|-boost|p1a: Diancie|spa|1\n|-boost|p1a: Diancie|spd|1\n|\n|-heal|p1a: Diancie|132/216 par|[from] item: Leftovers\n|upkeep\n|turn|29\n|\n|t:|1713546253\n|move|p2a: Flutter Mane|Moonblast|p1a: Diancie\n|-damage|p1a: Diancie|92/216 par\n|move|p1a: Diancie|Draining Kiss|p2a: Flutter Mane\n|-damage|p2a: Flutter Mane|0 fnt\n|-heal|p1a: Diancie|112/216 par|[from] drain|[of] p2a: Flutter Mane\n|faint|p2a: Flutter Mane\n|-end|p2a: Flutter Mane|Protosynthesis|[silent]\n|\n|-heal|p1a: Diancie|125/216 par|[from] item: Leftovers\n|upkeep\n|\n|t:|1713546257\n|switch|p2a: Moltres|Moltres-Galar, L80|275/275\n|turn|30\n|\n|t:|1713546262\n|-terastallize|p2a: Moltres|Steel\n|move|p2a: Moltres|Hurricane|p1a: Diancie\n|-resisted|p1a: Diancie\n|-damage|p1a: Diancie|111/216 par\n|move|p1a: Diancie|Draining Kiss|p2a: Moltres\n|-resisted|p2a: Moltres\n|-damage|p2a: Moltres|226/275\n|-heal|p1a: Diancie|148/216 par|[from] drain|[of] p2a: Moltres\n|\n|-heal|p1a: Diancie|161/216 par|[from] item: Leftovers\n|upkeep\n|turn|31\n|l| snoopsnake\n|\n|t:|1713546276\n|move|p2a: Moltres|Hurricane|p1a: Diancie|[miss]\n|-miss|p2a: Moltres|p1a: Diancie\n|move|p1a: Diancie|Earth Power|p2a: Moltres\n|-supereffective|p2a: Moltres\n|-damage|p2a: Moltres|0 fnt\n|faint|p2a: Moltres\n|\n|win|Norman2!\n|raw|Norman2!'s rating: 2436 &rarr; <strong>2453</strong><br />(+17 for winning)\n|raw|Dreamkos's rating: 2386 &rarr; <strong>2369</strong><br />(-17 for losing)\n|c|\u2606Dreamkos|gg !\n", "inputlog": ">version 353afcba8edc3ce061b3a30b18dec61a8b98d08c\n>start {\"formatid\":\"gen9randombattle\",\"seed\":[38633,59376,46110,9412],\"rated\":\"Rated battle\"}\n>player p1 {\"name\":\"Norman2!\",\"avatar\":\"101\",\"rating\":2436,\"seed\":[60484,33755,30094,12983]}\n>player p2 {\"name\":\"Dreamkos\",\"avatar\":\"lisia-masters\",\"rating\":2386,\"seed\":[259,8028,51466,64732]}\n>p1 switch 3\n>p2 switch 3\n>p1 move calmmind\n>p2 switch 5\n>p1 switch 6\n>p2 move flashcannon\n>p1 move wavecrash\n>p2 switch 4\n>p1 switch 4\n>p2 move sleeppowder\n>p1 move flareblitz\n>p2 switch 4\n>p1 move dragondance\n>p2 move earthpower\n>p1 move flareblitz\n>p2 move earthpower\n>p2 switch 6\n>p1 move outrage\n>p2 move facade\n>p1 switch 5\n>p1 move hypervoice\n>p2 move trailblaze\n>p2 switch 3\n>p1 switch 6\n>p2 switch 4\n>p1 switch 2\n>p2 move sleeppowder\n>p1 move psychocut\n>p2 move victorydance\n>p1 move psychocut\n>p2 move leafblade\n>p1 switch 3\n>p1 move bodyslam terastallize\n>p2 move leafblade\n>p1 move bodyslam\n>p2 move leafblade\n>p1 switch 6\n>p1 move bittermalice\n>p2 move leafblade\n>p2 switch 2\n>p1 move hypervoice\n>p2 move thunderbolt\n>p1 move hypervoice\n>p2 move thunderbolt\n>p1 switch 2\n>p1 move calmmind\n>p2 move thunderbolt\n>p1 move calmmind\n>p2 move thunderwave\n>p1 move calmmind\n>p2 move thunderbolt\n>p1 move calmmind\n>p2 move thunderbolt\n>p1 move drainingkiss\n>p2 move thunderbolt\n>p2 switch 5\n>p1 move diamondstorm\n>p2 move moonblast\n>p1 move drainingkiss\n>p2 move moonblast\n>p1 move drainingkiss\n>p2 move moonblast\n>p1 move calmmind\n>p2 move moonblast\n>p1 move drainingkiss\n>p2 move moonblast\n>p2 switch 4\n>p1 move drainingkiss\n>p2 move hurricane terastallize\n>p1 move earthpower\n>p2 move hurricane", "uploadtime": 1713546282, "views": 248, "formatid": "gen9randombattle", "rating": 2369, "private": 0, "password": null}