{"id": "gen9randombattle-2259810561", "format": "[Gen 9] Random Battle", "players": ["vbinibvybunb.", "erg34g3tgt"], "log": "|j|\u2606vbinibvybunb.\n|j|\u2606erg34g3tgt\n|t:|1733768975\n|gametype|singles\n|player|p1|vbinibvybunb.|169|1045\n|player|p2|erg34g3tgt|102|1075\n|teamsize|p1|6\n|teamsize|p2|6\n|gen|9\n|tier|[Gen 9] Random Battle\n|rated|\n|rule|Species Clause: Limit one of each Pok\u00e9mon\n|rule|HP Percentage Mod: HP is shown in percentages\n|rule|Sleep Clause Mod: Limit one foe put to sleep\n|rule|Illusion Level Mod: Illusion disguises the Pok\u00e9mon's true level\n|\n|t:|1733768975\n|start\n|switch|p1a: Suicune|Suicune, L82|298/298\n|switch|p2a: Florges|Florges-Blue, L85, F|271/271\n|-ability|p1a: Suicune|Pressure\n|turn|1\n|inactive|Battle timer is ON: inactive players will automatically lose when time's up. (requested by erg34g3tgt)\n|\n|t:|1733768994\n|switch|p1a: Glastrier|Glastrier, L86|311/311\n|move|p2a: Florges|Calm Mind|p2a: Florges\n|-boost|p2a: Florges|spa|1\n|-boost|p2a: Florges|spd|1\n|\n|upkeep\n|turn|2\n|\n|t:|1733769002\n|move|p2a: Florges|Moonblast|p1a: Glastrier\n|-damage|p1a: Glastrier|178/311\n|move|p1a: Glastrier|Heavy Slam|p2a: Florges\n|-supereffective|p2a: Florges\n|-damage|p2a: Florges|0 fnt\n|faint|p2a: Florges\n|-ability|p1a: Glastrier|Chilling Neigh|boost\n|-boost|p1a: Glastrier|atk|1\n|\n|upkeep\n|\n|t:|1733769013\n|switch|p2a: Tinkaton|Tinkaton, L82, F|274/274\n|-ability|p2a: Tinkaton|Mold Breaker\n|turn|3\n|\n|t:|1733769020\n|move|p2a: Tinkaton|Gigaton Hammer|p1a: Glastrier\n|-supereffective|p1a: Glastrier\n|-damage|p1a: Glastrier|0 fnt\n|faint|p1a: Glastrier\n|-damage|p2a: Tinkaton|247/274|[from] item: Life Orb\n|\n|upkeep\n|\n|t:|1733769029\n|switch|p1a: Palossand|Palossand, L89, M|296/296\n|turn|4\n|\n|t:|1733769035\n|move|p2a: Tinkaton|Knock Off|p1a: Palossand\n|-supereffective|p1a: Palossand\n|-damage|p1a: Palossand|184/296\n|-enditem|p1a: Palossand|Leftovers|[from] move: Knock Off|[of] p2a: Tinkaton\n|-damage|p2a: Tinkaton|220/274|[from] item: Life Orb\n|move|p1a: Palossand|Earth Power|p2a: Tinkaton\n|-supereffective|p2a: Tinkaton\n|-damage|p2a: Tinkaton|14/274\n|\n|upkeep\n|turn|5\n|\n|t:|1733769056\n|move|p2a: Tinkaton|Gigaton Hammer|p1a: Palossand\n|-damage|p1a: Palossand|42/296\n|-damage|p2a: Tinkaton|0 fnt|[from] item: Life Orb\n|faint|p2a: Tinkaton\n|move|p1a: Palossand|Shore Up|p1a: Palossand\n|-heal|p1a: Palossand|190/296\n|\n|upkeep\n|\n|t:|1733769064\n|switch|p2a: Frosmoth|Frosmoth, L82, F|249/249\n|turn|6\n|\n|t:|1733769076\n|switch|p1a: Electivire|Electivire, L84, F|263/263\n|move|p2a: Frosmoth|Quiver Dance|p2a: Frosmoth\n|-boost|p2a: Frosmoth|spa|1\n|-boost|p2a: Frosmoth|spd|1\n|-boost|p2a: Frosmoth|spe|1\n|\n|upkeep\n|turn|7\n|\n|t:|1733769089\n|-terastallize|p2a: Frosmoth|Ground\n|move|p2a: Frosmoth|Tera Blast|p1a: Electivire|[anim] Tera Blast Ground\n|-supereffective|p1a: Electivire\n|-damage|p1a: Electivire|0 fnt\n|faint|p1a: Electivire\n|\n|upkeep\n|\n|t:|1733769101\n|switch|p1a: Keldeo|Keldeo-Resolute, L79|273/273\n|turn|8\n|\n|t:|1733769112\n|switch|p2a: Altaria|Altaria, L88, M|275/275\n|move|p1a: Keldeo|Hydro Pump|p2a: Altaria\n|-resisted|p2a: Altaria\n|-damage|p2a: Altaria|218/275\n|\n|upkeep\n|turn|9\n|\n|t:|1733769124\n|switch|p1a: Palossand|Palossand, L89, M|190/296\n|move|p2a: Altaria|Dragon Dance|p2a: Altaria\n|-boost|p2a: Altaria|atk|1\n|-boost|p2a: Altaria|spe|1\n|\n|upkeep\n|turn|10\n|\n|t:|1733769134\n|move|p2a: Altaria|Dragon Dance|p2a: Altaria\n|-boost|p2a: Altaria|atk|1\n|-boost|p2a: Altaria|spe|1\n|move|p1a: Palossand|Sludge Bomb|p2a: Altaria\n|-damage|p2a: Altaria|156/275\n|\n|upkeep\n|turn|11\n|\n|t:|1733769141\n|move|p2a: Altaria|Brave Bird|p1a: Palossand\n|-damage|p1a: Palossand|25/296\n|-damage|p2a: Altaria|102/275|[from] Recoil\n|move|p1a: Palossand|Sludge Bomb|p2a: Altaria\n|-damage|p2a: Altaria|42/275\n|\n|upkeep\n|turn|12\n|\n|t:|1733769148\n|move|p2a: Altaria|Earthquake|p1a: Palossand\n|-damage|p1a: Palossand|0 fnt\n|faint|p1a: Palossand\n|\n|upkeep\n|\n|t:|1733769154\n|switch|p1a: Suicune|Suicune, L82|298/298\n|-ability|p1a: Suicune|Pressure\n|turn|13\n|\n|t:|1733769162\n|move|p2a: Altaria|Brave Bird|p1a: Suicune\n|-damage|p1a: Suicune|127/298\n|-damage|p2a: Altaria|0 fnt|[from] Recoil\n|faint|p2a: Altaria\n|move|p1a: Suicune|Ice Beam|p2: Altaria|[notarget]\n|-fail|p1a: Suicune\n|\n|-heal|p1a: Suicune|145/298|[from] item: Leftovers\n|upkeep\n|\n|t:|1733769175\n|switch|p2a: Kyurem|Kyurem, L77|319/319\n|-ability|p2a: Kyurem|Pressure\n|turn|14\n|\n|t:|1733769183\n|move|p2a: Kyurem|Freeze-Dry|p1a: Suicune\n|-supereffective|p1a: Suicune\n|-damage|p1a: Suicune|13/298\n|move|p1a: Suicune|Scald|p2a: Kyurem\n|-resisted|p2a: Kyurem\n|-damage|p2a: Kyurem|280/319\n|\n|-heal|p1a: Suicune|31/298|[from] item: Leftovers\n|upkeep\n|turn|15\n|\n|t:|1733769198\n|switch|p1a: Chimecho|Chimecho, L93, F|290/290\n|move|p2a: Kyurem|Freeze-Dry|p1a: Chimecho\n|-damage|p1a: Chimecho|221/290\n|\n|-heal|p1a: Chimecho|239/290|[from] item: Leftovers\n|upkeep\n|turn|16\n|\n|t:|1733769210\n|switch|p2a: Frosmoth|Frosmoth, L82, F, tera:Ground|249/249\n|move|p1a: Chimecho|Cosmic Power|p1a: Chimecho\n|-boost|p1a: Chimecho|def|1\n|-boost|p1a: Chimecho|spd|1\n|\n|-heal|p1a: Chimecho|257/290|[from] item: Leftovers\n|upkeep\n|turn|17\n|\n|t:|1733769219\n|switch|p2a: Deoxys|Deoxys-Attack, L72|191/191\n|-ability|p2a: Deoxys|Pressure\n|move|p1a: Chimecho|Cosmic Power|p1a: Chimecho\n|-boost|p1a: Chimecho|def|1\n|-boost|p1a: Chimecho|spd|1\n|\n|-heal|p1a: Chimecho|275/290|[from] item: Leftovers\n|upkeep\n|turn|18\n|\n|t:|1733769228\n|move|p2a: Deoxys|Knock Off|p1a: Chimecho\n|-supereffective|p1a: Chimecho\n|-damage|p1a: Chimecho|168/290\n|-enditem|p1a: Chimecho|Leftovers|[from] move: Knock Off|[of] p2a: Deoxys\n|-damage|p2a: Deoxys|172/191|[from] item: Life Orb\n|move|p1a: Chimecho|Cosmic Power|p1a: Chimecho\n|-boost|p1a: Chimecho|def|1\n|-boost|p1a: Chimecho|spd|1\n|\n|upkeep\n|turn|19\n|\n|t:|1733769237\n|move|p2a: Deoxys|Knock Off|p1a: Chimecho\n|-supereffective|p1a: Chimecho\n|-damage|p1a: Chimecho|111/290\n|-damage|p2a: Deoxys|153/191|[from] item: Life Orb\n|move|p1a: Chimecho|Recover|p1a: Chimecho\n|-heal|p1a: Chimecho|256/290\n|\n|upkeep\n|turn|20\n|\n|t:|1733769247\n|move|p2a: Deoxys|Psycho Boost|p1a: Chimecho\n|-resisted|p1a: Chimecho\n|-damage|p1a: Chimecho|211/290\n|-unboost|p2a: Deoxys|spa|2\n|-damage|p2a: Deoxys|134/191|[from] item: Life Orb\n|move|p1a: Chimecho|Cosmic Power|p1a: Chimecho\n|-boost|p1a: Chimecho|def|1\n|-boost|p1a: Chimecho|spd|1\n|\n|upkeep\n|turn|21\n|-message|erg34g3tgt forfeited.\n|\n|win|vbinibvybunb.\n|raw|vbinibvybunb.'s rating: 1045 &rarr; <strong>1081</strong><br />(+36 for winning)\n|raw|erg34g3tgt's rating: 1075 &rarr; <strong>1052</strong><br />(-23 for losing)\n|l|\u2606erg34g3tgt\n|player|p2|\n", "inputlog": ">version bfd83cad13791eb5a5a409923076391caf6fb4d4\n>start {\"formatid\":\"gen9randombattle\",\"seed\":[26411,14178,31790,61069],\"rated\":\"Rated battle\"}\n>player p1 {\"name\":\"vbinibvybunb.\",\"avatar\":\"169\",\"rating\":1045,\"seed\":[63177,36573,8517,38204]}\n>player p2 {\"name\":\"erg34g3tgt\",\"avatar\":\"102\",\"rating\":1075,\"seed\":[57336,47080,10493,42414]}\n>p1 switch 2\n>p2 move calmmind\n>p1 move heavyslam\n>p2 move moonblast\n>p2 switch 6\n>p1 move heavyslam\n>p2 move gigatonhammer\n>p1 switch 6\n>p1 move earthpower\n>p2 move knockoff\n>p1 move shoreup\n>p2 move gigatonhammer\n>p2 switch 3\n>p1 switch 5\n>p2 move quiverdance\n>p1 move supercellslam\n>p2 move terablast terastallize\n>p1 switch 4\n>p1 move hydropump\n>p2 switch 4\n>p1 switch 5\n>p2 move dragondance\n>p1 move sludgebomb\n>p2 move dragondance\n>p1 move sludgebomb\n>p2 move bravebird\n>p1 move shadowball\n>p2 move earthquake\n>p1 switch 2\n>p1 move icebeam\n>p2 move bravebird\n>p2 switch 2\n>p1 move scald\n>p2 move freezedry\n>p1 switch 3\n>p2 move freezedry\n>p1 move cosmicpower\n>p2 switch 4\n>p1 move cosmicpower\n>p2 switch 5\n>p1 move cosmicpower\n>p2 move knockoff\n>p1 move recover\n>p2 move knockoff\n>p1 move cosmicpower\n>p2 move psychoboost\n>forcelose p2", "uploadtime": 1733769263, "views": 1, "formatid": "gen9randombattle", "rating": 1052, "private": 0, "password": null}