{"id": "gen9randombattle-2259908399", "format": "[Gen 9] Random Battle", "players": ["Djfndjaknc", "bloquinho"], "log": "|j|\u2606Djfndjaknc\n|j|\u2606bloquinho\n|t:|1733778811\n|gametype|singles\n|player|p1|Djfndjaknc|1|1045\n|player|p2|bloquinho|101|1000\n|teamsize|p1|6\n|teamsize|p2|6\n|gen|9\n|tier|[Gen 9] Random Battle\n|rated|\n|rule|Species Clause: Limit one of each Pok\u00e9mon\n|rule|HP Percentage Mod: HP is shown in percentages\n|rule|Sleep Clause Mod: Limit one foe put to sleep\n|rule|Illusion Level Mod: Illusion disguises the Pok\u00e9mon's true level\n|\n|t:|1733778811\n|start\n|switch|p1a: Zarude|Zarude-Dada, L78|292/292\n|switch|p2a: Reuniclus|Reuniclus, L88, F|337/337\n|turn|1\n|\n|t:|1733778824\n|move|p1a: Zarude|Knock Off|p2a: Reuniclus\n|-supereffective|p2a: Reuniclus\n|-damage|p2a: Reuniclus|115/337\n|-enditem|p2a: Reuniclus|Life Orb|[from] move: Knock Off|[of] p1a: Zarude\n|move|p2a: Reuniclus|Psychic|p1a: Zarude\n|-immune|p1a: Zarude\n|\n|upkeep\n|turn|2\n|\n|t:|1733778838\n|move|p1a: Zarude|Knock Off|p2a: Reuniclus\n|-supereffective|p2a: Reuniclus\n|-damage|p2a: Reuniclus|0 fnt\n|faint|p2a: Reuniclus\n|\n|upkeep\n|\n|t:|1733778848\n|switch|p2a: Brute Bonnet|Brute Bonnet, L81|312/312\n|turn|3\n|\n|t:|1733778855\n|switch|p1a: Cetitan|Cetitan, L82, F|413/413\n|move|p2a: Brute Bonnet|Sucker Punch||[still]\n|-fail|p2a: Brute Bonnet\n|\n|upkeep\n|turn|4\n|\n|t:|1733778871\n|move|p1a: Cetitan|Icicle Crash|p2a: Brute Bonnet\n|-supereffective|p2a: Brute Bonnet\n|-damage|p2a: Brute Bonnet|21/312\n|move|p2a: Brute Bonnet|Close Combat|p1a: Cetitan\n|-supereffective|p1a: Cetitan\n|-damage|p1a: Cetitan|169/413\n|-unboost|p2a: Brute Bonnet|def|1\n|-unboost|p2a: Brute Bonnet|spd|1\n|\n|-heal|p2a: Brute Bonnet|40/312|[from] item: Leftovers\n|upkeep\n|turn|5\n|\n|t:|1733778887\n|move|p1a: Cetitan|Ice Shard|p2a: Brute Bonnet\n|-supereffective|p2a: Brute Bonnet\n|-damage|p2a: Brute Bonnet|0 fnt\n|faint|p2a: Brute Bonnet\n|-end|p2a: Brute Bonnet|Protosynthesis|[silent]\n|-damage|p1a: Cetitan|128/413|[from] item: Life Orb\n|\n|upkeep\n|\n|t:|1733778898\n|switch|p2a: Kommo-o|Kommo-o, L78, F|245/245\n|turn|6\n|\n|t:|1733778919\n|move|p1a: Cetitan|Ice Shard|p2a: Kommo-o\n|-supereffective|p2a: Kommo-o\n|-damage|p2a: Kommo-o|144/245\n|-damage|p1a: Cetitan|87/413|[from] item: Life Orb\n|move|p2a: Kommo-o|Scale Shot|p1a: Cetitan\n|-damage|p1a: Cetitan|53/413\n|-damage|p1a: Cetitan|22/413\n|-damage|p1a: Cetitan|0 fnt\n|faint|p1a: Cetitan\n|-hitcount|p1: Cetitan|3\n|-unboost|p2a: Kommo-o|def|1\n|-boost|p2a: Kommo-o|spe|1\n|\n|upkeep\n|\n|t:|1733778951\n|switch|p1a: Comfey|Comfey, L85, F|225/225\n|turn|7\n|\n|t:|1733778978\n|move|p2a: Kommo-o|Iron Head|p1a: Comfey\n|-supereffective|p1a: Comfey\n|-damage|p1a: Comfey|119/225\n|move|p1a: Comfey|Calm Mind|p1a: Comfey\n|-boost|p1a: Comfey|spa|1\n|-boost|p1a: Comfey|spd|1\n|\n|-heal|p1a: Comfey|133/225|[from] item: Leftovers\n|upkeep\n|turn|8\n|\n|t:|1733778992\n|move|p1a: Comfey|Draining Kiss|p2a: Kommo-o\n|-supereffective|p2a: Kommo-o\n|-damage|p2a: Kommo-o|0 fnt\n|-heal|p1a: Comfey|225/225|[from] drain|[of] p2a: Kommo-o\n|faint|p2a: Kommo-o\n|\n|upkeep\n|\n|t:|1733779005\n|switch|p2a: Porygon2|Porygon2, L82|274/274\n|-ability|p2a: Porygon2|Download|boost\n|-boost|p2a: Porygon2|atk|1\n|turn|9\n|\n|t:|1733779016\n|move|p1a: Comfey|Calm Mind|p1a: Comfey\n|-boost|p1a: Comfey|spa|1\n|-boost|p1a: Comfey|spd|1\n|move|p2a: Porygon2|Thunder Wave|p1a: Comfey\n|-status|p1a: Comfey|par\n|\n|upkeep\n|turn|10\n|\n|t:|1733779029\n|move|p2a: Porygon2|Shadow Ball|p1a: Comfey\n|-damage|p1a: Comfey|202/225 par\n|-unboost|p1a: Comfey|spd|1\n|move|p1a: Comfey|Calm Mind|p1a: Comfey\n|-boost|p1a: Comfey|spa|1\n|-boost|p1a: Comfey|spd|1\n|\n|-heal|p1a: Comfey|216/225 par|[from] item: Leftovers\n|upkeep\n|turn|11\n|\n|t:|1733779051\n|move|p2a: Porygon2|Tera Blast|p1a: Comfey\n|-damage|p1a: Comfey|179/225 par\n|move|p1a: Comfey|Calm Mind|p1a: Comfey\n|-boost|p1a: Comfey|spa|1\n|-boost|p1a: Comfey|spd|1\n|\n|-heal|p1a: Comfey|193/225 par|[from] item: Leftovers\n|upkeep\n|turn|12\n|\n|t:|1733779064\n|switch|p2a: Swalot|Swalot, L90, M|326/326\n|move|p1a: Comfey|Draining Kiss|p2a: Swalot\n|-resisted|p2a: Swalot\n|-damage|p2a: Swalot|257/326\n|-damage|p1a: Comfey|141/225 par|[from] ability: Liquid Ooze|[of] p2a: Swalot\n|\n|-heal|p2a: Swalot|277/326|[from] item: Leftovers\n|-heal|p1a: Comfey|155/225 par|[from] item: Leftovers\n|upkeep\n|turn|13\n|\n|t:|1733779084\n|move|p2a: Swalot|Gunk Shot|p1a: Comfey\n|-supereffective|p1a: Comfey\n|-damage|p1a: Comfey|0 fnt\n|faint|p1a: Comfey\n|\n|-heal|p2a: Swalot|297/326|[from] item: Leftovers\n|upkeep\n|\n|t:|1733779094\n|switch|p1a: Tyranitar|Tyranitar, L79, F|288/288\n|-weather|Sandstorm|[from] ability: Sand Stream|[of] p1a: Tyranitar\n|turn|14\n|\n|t:|1733779100\n|move|p2a: Swalot|Knock Off|p1a: Tyranitar\n|-resisted|p1a: Tyranitar\n|-damage|p1a: Tyranitar|259/288\n|-enditem|p1a: Tyranitar|Assault Vest|[from] move: Knock Off|[of] p2a: Swalot\n|move|p1a: Tyranitar|Earthquake|p2a: Swalot\n|-supereffective|p2a: Swalot\n|-damage|p2a: Swalot|143/326\n|\n|-weather|Sandstorm|[upkeep]\n|-damage|p2a: Swalot|123/326|[from] Sandstorm\n|-heal|p2a: Swalot|143/326|[from] item: Leftovers\n|upkeep\n|turn|15\n|\n|t:|1733779121\n|move|p2a: Swalot|Gunk Shot|p1a: Tyranitar|[miss]\n|-miss|p2a: Swalot|p1a: Tyranitar\n|move|p1a: Tyranitar|Earthquake|p2a: Swalot\n|-supereffective|p2a: Swalot\n|-damage|p2a: Swalot|0 fnt\n|faint|p2a: Swalot\n|\n|-weather|Sandstorm|[upkeep]\n|upkeep\n|\n|t:|1733779133\n|switch|p2a: Pawmot|Pawmot, L80, M|243/243\n|turn|16\n|\n|t:|1733779138\n|move|p2a: Pawmot|Close Combat|p1a: Tyranitar\n|-supereffective|p1a: Tyranitar\n|-damage|p1a: Tyranitar|0 fnt\n|-unboost|p2a: Pawmot|def|1\n|-unboost|p2a: Pawmot|spd|1\n|faint|p1a: Tyranitar\n|-damage|p2a: Pawmot|219/243|[from] item: Life Orb\n|\n|-weather|Sandstorm|[upkeep]\n|-damage|p2a: Pawmot|204/243|[from] Sandstorm\n|upkeep\n|\n|t:|1733779153\n|switch|p1a: Bronzong|Bronzong, L88|261/261\n|turn|17\n|\n|t:|1733779160\n|move|p2a: Pawmot|Close Combat|p1a: Bronzong\n|-damage|p1a: Bronzong|115/261\n|-unboost|p2a: Pawmot|def|1\n|-unboost|p2a: Pawmot|spd|1\n|-damage|p2a: Pawmot|180/243|[from] item: Life Orb\n|move|p1a: Bronzong|Earthquake|p2a: Pawmot\n|-supereffective|p2a: Pawmot\n|-damage|p2a: Pawmot|0 fnt\n|faint|p2a: Pawmot\n|\n|-weather|Sandstorm|[upkeep]\n|-heal|p1a: Bronzong|131/261|[from] item: Leftovers\n|upkeep\n|\n|t:|1733779173\n|switch|p2a: Porygon2|Porygon2, L82|274/274\n|-ability|p2a: Porygon2|Download|boost\n|-boost|p2a: Porygon2|spa|1\n|turn|18\n|l|\u2606Djfndjaknc\n|player|p1|\n|inactive|Battle timer is ON: inactive players will automatically lose when time's up. (requested by bloquinho)\n|inactive|Djfndjaknc has 30 seconds to reconnect!\n|inactive|Djfndjaknc has 20 seconds to reconnect!\n|inactive|Djfndjaknc has 15 seconds to reconnect!\n|inactive|Djfndjaknc has 10 seconds to reconnect!\n|inactive|Djfndjaknc has 5 seconds to reconnect!\n|-message|Djfndjaknc lost due to inactivity.\n|\n|win|bloquinho\n|raw|Djfndjaknc's rating: 1045 &rarr; <strong>1026</strong><br />(-19 for losing)\n|raw|bloquinho's rating: 1000 &rarr; <strong>1045</strong><br />(+45 for winning)\n", "inputlog": ">version bfd83cad13791eb5a5a409923076391caf6fb4d4\n>start {\"formatid\":\"gen9randombattle\",\"seed\":[46796,37439,31961,54519],\"rated\":\"Rated battle\"}\n>player p1 {\"name\":\"Djfndjaknc\",\"avatar\":\"1\",\"rating\":1045,\"seed\":[45565,87,62815,43146]}\n>player p2 {\"name\":\"bloquinho\",\"avatar\":\"101\",\"rating\":1000,\"seed\":[38113,12783,52016,59389]}\n>p1 move knockoff\n>p2 move psychic\n>p1 move knockoff\n>p2 move shadowball\n>p2 switch 2\n>p1 switch 5\n>p2 move suckerpunch\n>p1 move iciclecrash\n>p2 move closecombat\n>p1 move iceshard\n>p2 move spore\n>p2 switch 6\n>p1 move iceshard\n>p2 move scaleshot\n>p1 switch 6\n>p1 move calmmind\n>p2 move ironhead\n>p1 move drainingkiss\n>p2 move ironhead\n>p2 switch 5\n>p1 move calmmind\n>p2 move thunderwave\n>p1 move calmmind\n>p2 move shadowball\n>p1 move calmmind\n>p2 move terablast\n>p1 move drainingkiss\n>p2 switch 3\n>p1 move storedpower\n>p2 move gunkshot\n>p1 switch 2\n>p1 move earthquake\n>p2 move knockoff\n>p1 move earthquake\n>p2 move gunkshot\n>p2 switch 4\n>p1 move earthquake\n>p2 move closecombat\n>p1 switch 4\n>p1 move earthquake\n>p2 move closecombat\n>p2 switch 3\n>forcelose p1", "uploadtime": 1733779293, "views": 1, "formatid": "gen9randombattle", "rating": 1026, "private": 0, "password": null}