{"id": "gen9randombattle-2260673079", "format": "[Gen 9] Random Battle", "players": ["Snwflake7", "UFo3208_"], "log": "|j|\u2606Snwflake7\n|j|\u2606UFo3208_\n|t:|1733876693\n|gametype|singles\n|player|p1|Snwflake7|170|1598\n|player|p2|UFo3208_|wallace|1626\n|teamsize|p1|6\n|teamsize|p2|6\n|gen|9\n|tier|[Gen 9] Random Battle\n|rated|\n|rule|Species Clause: Limit one of each Pok\u00e9mon\n|rule|HP Percentage Mod: HP is shown in percentages\n|rule|Sleep Clause Mod: Limit one foe put to sleep\n|rule|Illusion Level Mod: Illusion disguises the Pok\u00e9mon's true level\n|\n|t:|1733876693\n|start\n|switch|p1a: Persian|Persian, L92, F|269/269\n|switch|p2a: Tauros|Tauros-Paldea-Aqua, L81, M|254/254\n|-ability|p2a: Tauros|Intimidate|boost\n|-unboost|p1a: Persian|atk|1\n|turn|1\n|inactive|Battle timer is ON: inactive players will automatically lose when time's up. (requested by UFo3208_)\n|\n|t:|1733876719\n|move|p1a: Persian|U-turn|p2a: Tauros\n|-resisted|p2a: Tauros\n|-damage|p2a: Tauros|234/254\n|\n|t:|1733876749\n|switch|p1a: Clefable|Clefable, L83, M|293/293|[from] U-turn\n|move|p2a: Tauros|Wave Crash|p1a: Clefable\n|-damage|p1a: Clefable|68/293\n|-damage|p2a: Tauros|160/254|[from] Recoil\n|\n|-heal|p1a: Clefable|86/293|[from] item: Leftovers\n|upkeep\n|turn|2\n|\n|t:|1733876761\n|switch|p1a: Manaphy|Manaphy, L78|284/284\n|move|p2a: Tauros|Wave Crash|p1a: Manaphy\n|-resisted|p1a: Manaphy\n|-damage|p1a: Manaphy|193/284\n|-damage|p2a: Tauros|130/254|[from] Recoil\n|\n|-heal|p1a: Manaphy|210/284|[from] item: Leftovers\n|upkeep\n|turn|3\n|\n|t:|1733876773\n|switch|p2a: Raging Bolt|Raging Bolt, L78|323/323\n|move|p1a: Manaphy|Energy Ball|p2a: Raging Bolt\n|-resisted|p2a: Raging Bolt\n|-damage|p2a: Raging Bolt|301/323\n|-unboost|p2a: Raging Bolt|spd|1\n|\n|-heal|p1a: Manaphy|227/284|[from] item: Leftovers\n|upkeep\n|turn|4\n|inactive|Snwflake7 has 120 seconds left.\n|\n|t:|1733876803\n|switch|p1a: Mudsdale|Mudsdale, L84, F|305/305\n|move|p2a: Raging Bolt|Thunderbolt|p1a: Mudsdale\n|-immune|p1a: Mudsdale\n|\n|upkeep\n|turn|5\n|inactive|Snwflake7 has 120 seconds left.\n|inactive|UFo3208_ has 120 seconds left.\n|\n|t:|1733876832\n|-end|p2a: Raging Bolt|Protosynthesis|[silent]\n|switch|p2a: Farigiraf|Farigiraf, L91, M|366/366\n|move|p1a: Mudsdale|Stealth Rock|p2a: Farigiraf\n|-sidestart|p2: UFo3208_|move: Stealth Rock\n|\n|upkeep\n|turn|6\n|inactive|UFo3208_ has 120 seconds left.\n|inactive|Snwflake7 has 120 seconds left.\n|\n|t:|1733876858\n|switch|p1a: Heatran|Heatran, L79, M|273/273\n|move|p2a: Farigiraf|Psychic Noise|p1a: Heatran\n|-resisted|p1a: Heatran\n|-damage|p1a: Heatran|240/273\n|-start|p1a: Heatran|move: Heal Block\n|\n|upkeep\n|turn|7\n|inactive|UFo3208_ has 120 seconds left.\n|\n|t:|1733876893\n|switch|p2a: Camerupt|Camerupt, L91, M|275/275\n|-damage|p2a: Camerupt|241/275|[from] Stealth Rock\n|move|p1a: Heatran|Earth Power|p2a: Camerupt\n|-supereffective|p2a: Camerupt\n|-damage|p2a: Camerupt|126/275\n|\n|-heal|p2a: Camerupt|143/275|[from] item: Leftovers\n|-end|p1a: Heatran|move: Heal Block\n|upkeep\n|turn|8\n|inactive|UFo3208_ has 90 seconds left.\n|inactive|Snwflake7 has 90 seconds left.\n|\n|t:|1733876938\n|switch|p1a: Manaphy|Manaphy, L78|227/284\n|move|p2a: Camerupt|Earthquake|p1a: Manaphy\n|-damage|p1a: Manaphy|113/284\n|\n|-heal|p1a: Manaphy|130/284|[from] item: Leftovers\n|-heal|p2a: Camerupt|160/275|[from] item: Leftovers\n|upkeep\n|turn|9\n|inactive|UFo3208_ has 90 seconds left.\n|\n|t:|1733876950\n|move|p1a: Manaphy|Tail Glow|p1a: Manaphy\n|-boost|p1a: Manaphy|spa|3\n|move|p2a: Camerupt|Earthquake|p1a: Manaphy\n|-damage|p1a: Manaphy|9/284\n|\n|-heal|p1a: Manaphy|26/284|[from] item: Leftovers\n|-heal|p2a: Camerupt|177/275|[from] item: Leftovers\n|upkeep\n|turn|10\n|inactive|UFo3208_ has 90 seconds left.\n|\n|t:|1733876974\n|move|p1a: Manaphy|Surf|p2a: Camerupt\n|-supereffective|p2a: Camerupt\n|-damage|p2a: Camerupt|0 fnt\n|faint|p2a: Camerupt\n|\n|-heal|p1a: Manaphy|43/284|[from] item: Leftovers\n|upkeep\n|\n|t:|1733876987\n|switch|p2a: Cyclizar|Cyclizar, L83, F|252/252\n|turn|11\n|inactive|Snwflake7 has 90 seconds left.\n|\n|t:|1733877000\n|move|p2a: Cyclizar|Rapid Spin|p1a: Manaphy\n|-damage|p1a: Manaphy|0 fnt\n|-boost|p2a: Cyclizar|spe|1\n|-sideend|p2: UFo3208_|Stealth Rock|[from] move: Rapid Spin|[of] p2a: Cyclizar\n|faint|p1a: Manaphy\n|\n|upkeep\n|\n|t:|1733877027\n|switch|p1a: Heatran|Heatran, L79, M|240/273\n|turn|12\n|inactive|UFo3208_ has 90 seconds left.\n|\n|t:|1733877043\n|move|p2a: Cyclizar|Shed Tail|p2a: Cyclizar\n|-start|p2a: Cyclizar|Substitute|[from] move: Shed Tail\n|-damage|p2a: Cyclizar|126/252\n|\n|t:|1733877048\n|switch|p2a: Tauros|Tauros-Paldea-Aqua, L81, M|130/254|[from] Shed Tail\n|-ability|p2a: Tauros|Intimidate|boost\n|-unboost|p1a: Heatran|atk|1\n|move|p1a: Heatran|Flash Cannon|p2a: Tauros\n|-resisted|p2a: Tauros\n|-activate|p2a: Tauros|move: Substitute|[damage]\n|\n|upkeep\n|turn|13\n|inactive|UFo3208_ has 90 seconds left.\n|\n|t:|1733877066\n|switch|p1a: Clefable|Clefable, L83, M|86/293\n|move|p2a: Tauros|Wave Crash|p1a: Clefable\n|-damage|p1a: Clefable|0 fnt\n|faint|p1a: Clefable\n|-damage|p2a: Tauros|102/254|[from] Recoil\n|\n|upkeep\n|inactive|Snwflake7 has 60 seconds left.\n|\n|t:|1733877092\n|switch|p1a: Mudsdale|Mudsdale, L84, F|305/305\n|turn|14\n|\n|t:|1733877106\n|-terastallize|p1a: Mudsdale|Steel\n|move|p2a: Tauros|Wave Crash|p1a: Mudsdale\n|-damage|p1a: Mudsdale|134/305\n|-ability|p1a: Mudsdale|Stamina|boost\n|-boost|p1a: Mudsdale|def|1\n|-damage|p2a: Tauros|46/254|[from] Recoil\n|move|p1a: Mudsdale|Earthquake|p2a: Tauros\n|-end|p2a: Tauros|Substitute\n|\n|-heal|p1a: Mudsdale|153/305|[from] item: Leftovers\n|upkeep\n|turn|15\n|inactive|UFo3208_ has 90 seconds left.\n|\n|t:|1733877132\n|-terastallize|p2a: Tauros|Water\n|move|p2a: Tauros|Wave Crash|p1a: Mudsdale\n|-damage|p1a: Mudsdale|0 fnt\n|faint|p1a: Mudsdale\n|-damage|p2a: Tauros|0 fnt|[from] Recoil\n|faint|p2a: Tauros\n|\n|upkeep\n|\n|t:|1733877145\n|switch|p2a: Farigiraf|Farigiraf, L91, M|366/366\n|switch|p1a: Persian|Persian, L92, F|269/269\n|turn|16\n|\n|t:|1733877169\n|move|p2a: Farigiraf|Protect|p2a: Farigiraf\n|-singleturn|p2a: Farigiraf|Protect\n|move|p1a: Persian|Knock Off|p2a: Farigiraf\n|-activate|p2a: Farigiraf|move: Protect\n|\n|upkeep\n|turn|17\n|inactive|UFo3208_ has 90 seconds left.\n|\n|t:|1733877193\n|switch|p2a: Dedenne|Dedenne, L88, F|261/261\n|move|p1a: Persian|Knock Off|p2a: Dedenne\n|-resisted|p2a: Dedenne\n|-damage|p2a: Dedenne|203/261\n|-enditem|p2a: Dedenne|Sitrus Berry|[from] move: Knock Off|[of] p1a: Persian\n|\n|upkeep\n|turn|18\n|\n|t:|1733877204\n|switch|p1a: Heatran|Heatran, L79, M|240/273\n|move|p2a: Dedenne|Thunderbolt|p1a: Heatran\n|-damage|p1a: Heatran|186/273\n|\n|upkeep\n|turn|19\n|inactive|Snwflake7 has 30 seconds left.\n|\n|t:|1733877240\n|move|p2a: Dedenne|Super Fang|p1a: Heatran\n|-damage|p1a: Heatran|93/273\n|move|p1a: Heatran|Earth Power|p2a: Dedenne\n|-supereffective|p2a: Dedenne\n|-damage|p2a: Dedenne|47/261\n|\n|upkeep\n|turn|20\n|inactive|Snwflake7 has 30 seconds left.\n|inactive|UFo3208_ has 90 seconds left.\n|inactive|Snwflake7 has 20 seconds left.\n|inactive|Snwflake7 has 15 seconds left.\n|\n|t:|1733877262\n|move|p2a: Dedenne|Thunderbolt|p1a: Heatran\n|-damage|p1a: Heatran|32/273\n|move|p1a: Heatran|Flash Cannon|p2a: Dedenne\n|-damage|p2a: Dedenne|0 fnt\n|faint|p2a: Dedenne\n|\n|upkeep\n|inactive|Snwflake7 has 20 seconds left this turn.\n|inactive|UFo3208_ has 60 seconds left.\n|\n|t:|1733877296\n|switch|p2a: Raging Bolt|Raging Bolt, L78|301/323\n|turn|21\n|inactive|Snwflake7 has 30 seconds left this turn.\n|inactive|UFo3208_ has 60 seconds left.\n|\n|t:|1733877308\n|move|p2a: Raging Bolt|Thunderclap|p1a: Heatran\n|-damage|p1a: Heatran|0 fnt\n|faint|p1a: Heatran\n|\n|upkeep\n|inactive|Snwflake7 has 30 seconds left this turn.\n|inactive|Snwflake7 has 20 seconds left.\n|inactive|Snwflake7 has 15 seconds left.\n|\n|t:|1733877324\n|switch|p1a: Sneasler|Sneasler, L74, M|240/240\n|turn|22\n|inactive|Snwflake7 has 25 seconds left this turn.\n|inactive|Snwflake7 has 20 seconds left.\n|inactive|Snwflake7 has 15 seconds left.\n|\n|t:|1733877338\n|move|p1a: Sneasler|Close Combat|p2a: Raging Bolt\n|-damage|p2a: Raging Bolt|115/323\n|-unboost|p1a: Sneasler|def|1\n|-unboost|p1a: Sneasler|spd|1\n|-status|p2a: Raging Bolt|psn|[from] ability: Poison Touch|[of] p1a: Sneasler\n|move|p2a: Raging Bolt|Thunderbolt|p1a: Sneasler\n|-damage|p1a: Sneasler|56/240\n|\n|-damage|p2a: Raging Bolt|75/323 psn|[from] psn\n|upkeep\n|turn|23\n|inactive|Snwflake7 has 25 seconds left this turn.\n|inactive|Snwflake7 has 20 seconds left.\n|inactive|Snwflake7 has 15 seconds left.\n|inactive|UFo3208_ has 60 seconds left.\n|\n|t:|1733877358\n|switch|p1a: Persian|Persian, L92, F|269/269\n|move|p2a: Raging Bolt|Volt Switch|p1a: Persian\n|-damage|p1a: Persian|170/269\n|inactive|Snwflake7 has 20 seconds left this turn.\n|inactive|UFo3208_ has 60 seconds left.\n|\n|t:|1733877365\n|-end|p2a: Raging Bolt|Protosynthesis|[silent]\n|switch|p2a: Farigiraf|Farigiraf, L91, M|366/366|[from] Volt Switch\n|\n|upkeep\n|turn|24\n|inactive|Snwflake7 has 30 seconds left this turn.\n|inactive|Snwflake7 has 20 seconds left.\n|inactive|UFo3208_ has 60 seconds left.\n|inactive|Snwflake7 has 15 seconds left.\n|inactive|Snwflake7 has 10 seconds left.\n|\n|t:|1733877385\n|move|p1a: Persian|U-turn|p2a: Farigiraf\n|-supereffective|p2a: Farigiraf\n|-crit|p2a: Farigiraf\n|-damage|p2a: Farigiraf|156/366\n|inactive|Snwflake7 has 15 seconds left this turn.\n|\n|t:|1733877388\n|switch|p1a: Sneasler|Sneasler, L74, M|56/240|[from] U-turn\n|move|p2a: Farigiraf|Body Slam|p1a: Sneasler\n|-damage|p1a: Sneasler|0 fnt\n|faint|p1a: Sneasler\n|\n|-heal|p2a: Farigiraf|178/366|[from] item: Leftovers\n|upkeep\n|inactive|Snwflake7 has 20 seconds left this turn.\n|\n|t:|1733877393\n|switch|p1a: Persian|Persian, L92, F|170/269\n|turn|25\n|inactive|Snwflake7 has 30 seconds left this turn.\n|\n|t:|1733877396\n|move|p2a: Farigiraf|Protect|p2a: Farigiraf\n|-singleturn|p2a: Farigiraf|Protect\n|move|p1a: Persian|Double-Edge|p2a: Farigiraf\n|-activate|p2a: Farigiraf|move: Protect\n|\n|-heal|p2a: Farigiraf|200/366|[from] item: Leftovers\n|upkeep\n|turn|26\n|\n|t:|1733877409\n|move|p2a: Farigiraf|Protect|p2a: Farigiraf\n|-singleturn|p2a: Farigiraf|Protect\n|move|p1a: Persian|Double-Edge|p2a: Farigiraf\n|-activate|p2a: Farigiraf|move: Protect\n|\n|-heal|p2a: Farigiraf|222/366|[from] item: Leftovers\n|upkeep\n|turn|27\n|\n|t:|1733877419\n|move|p2a: Farigiraf|Protect||[still]\n|-fail|p2a: Farigiraf\n|move|p1a: Persian|Double-Edge|p2a: Farigiraf\n|-crit|p2a: Farigiraf\n|-damage|p2a: Farigiraf|0 fnt\n|faint|p2a: Farigiraf\n|-damage|p1a: Persian|97/269|[from] Recoil\n|\n|upkeep\n|\n|t:|1733877429\n|switch|p2a: Cyclizar|Cyclizar, L83, F|210/252\n|turn|28\n|\n|t:|1733877437\n|move|p1a: Persian|Double-Edge|p2a: Cyclizar\n|-damage|p2a: Cyclizar|6/252\n|-damage|p1a: Persian|30/269|[from] Recoil\n|move|p2a: Cyclizar|Rapid Spin|p1a: Persian\n|-damage|p1a: Persian|0 fnt\n|-boost|p2a: Cyclizar|spe|1\n|faint|p1a: Persian\n|\n|win|UFo3208_\n|raw|Snwflake7's rating: 1598 &rarr; <strong>1580</strong><br />(-18 for losing)\n|raw|UFo3208_'s rating: 1626 &rarr; <strong>1644</strong><br />(+18 for winning)\n|c|\u2606UFo3208_|gg\n|l|\u2606Snwflake7\n|player|p1|\n", "inputlog": ">version bfd83cad13791eb5a5a409923076391caf6fb4d4\n>start {\"formatid\":\"gen9randombattle\",\"seed\":[50467,12419,1031,45858],\"rated\":\"Rated battle\"}\n>player p1 {\"name\":\"Snwflake7\",\"avatar\":\"170\",\"rating\":1598,\"seed\":[12582,13677,52295,57669]}\n>player p2 {\"name\":\"UFo3208_\",\"avatar\":\"wallace\",\"rating\":1626,\"seed\":[58900,44882,37479,10534]}\n>p1 move uturn\n>p2 move wavecrash\n>p1 switch 4\n>p1 switch 3\n>p2 move wavecrash\n>p1 move energyball\n>p2 switch 3\n>p1 switch 2\n>p2 move thunderbolt\n>p1 move stealthrock\n>p2 switch 6\n>p1 switch 6\n>p2 move psychicnoise\n>p1 move earthpower\n>p2 switch 4\n>p1 switch 2\n>p2 move earthquake\n>p1 move tailglow\n>p2 move earthquake\n>p1 move surf\n>p2 move earthquake\n>p2 switch 5\n>p1 move icebeam\n>p2 move rapidspin\n>p1 switch 2\n>p1 move flashcannon\n>p2 move shedtail\n>p2 switch 3\n>p1 switch 3\n>p2 move wavecrash\n>p1 switch 6\n>p1 move earthquake terastallize\n>p2 move wavecrash\n>p1 move stealthrock\n>p2 move wavecrash terastallize\n>p1 switch 4\n>p2 switch 4\n>p1 move knockoff\n>p2 move protect\n>p1 move knockoff\n>p2 switch 2\n>p1 switch 3\n>p2 move thunderbolt\n>p1 move earthpower\n>p2 move superfang\n>p1 move flashcannon\n>p2 move thunderbolt\n>p2 switch 6\n>p1 move earthpower\n>p2 move thunderclap\n>p1 switch 5\n>p1 move closecombat\n>p2 move thunderbolt\n>p1 switch 3\n>p2 move voltswitch\n>p2 switch 2\n>p1 move uturn\n>p2 move bodyslam\n>p1 switch 3\n>p1 switch 3\n>p1 move doubleedge\n>p2 move protect\n>p1 move doubleedge\n>p2 move protect\n>p1 move doubleedge\n>p2 move protect\n>p2 switch 3\n>p1 move doubleedge\n>p2 move rapidspin", "uploadtime": 1733877449, "views": 1, "formatid": "gen9randombattle", "rating": 1580, "private": 0, "password": null}