{"id": "gen9randombattle-2260880206", "format": "[Gen 9] Random Battle", "players": ["zam_nose", "manolovm01"], "log": "|j|\u203dzam_nose\n|j|\u2606manolovm01\n|t:|1733909780\n|gametype|singles\n|player|p1|zam_nose|nate|1222\n|player|p2|manolovm01|2|1251\n|teamsize|p1|6\n|teamsize|p2|6\n|gen|9\n|tier|[Gen 9] Random Battle\n|rated|\n|rule|Species Clause: Limit one of each Pok\u00e9mon\n|rule|HP Percentage Mod: HP is shown in percentages\n|rule|Sleep Clause Mod: Limit one foe put to sleep\n|rule|Illusion Level Mod: Illusion disguises the Pok\u00e9mon's true level\n|\n|t:|1733909780\n|start\n|switch|p1a: Haxorus|Haxorus, L77, F|244/244\n|switch|p2a: Virizion|Virizion, L82|283/283\n|-ability|p1a: Haxorus|Mold Breaker\n|turn|1\n|inactive|Battle timer is ON: inactive players will automatically lose when time's up. (requested by manolovm01)\n|\n|t:|1733909811\n|move|p2a: Virizion|Swords Dance|p2a: Virizion\n|-boost|p2a: Virizion|atk|2\n|move|p1a: Haxorus|Dragon Dance|p1a: Haxorus\n|-boost|p1a: Haxorus|atk|1\n|-boost|p1a: Haxorus|spe|1\n|\n|upkeep\n|turn|2\n|\n|t:|1733909820\n|move|p1a: Haxorus|Outrage|p2a: Virizion\n|-damage|p2a: Virizion|4/283\n|move|p2a: Virizion|Stone Edge|p1a: Haxorus\n|-damage|p1a: Haxorus|66/244\n|-damage|p2a: Virizion|0 fnt|[from] item: Life Orb\n|faint|p2a: Virizion\n|\n|upkeep\n|\n|t:|1733909836\n|switch|p2a: Grimmsnarl|Grimmsnarl, L83, M|293/293\n|turn|3\n|\n|t:|1733909843\n|move|p1a: Haxorus|Outrage|p2a: Grimmsnarl|[from]lockedmove\n|-immune|p2a: Grimmsnarl\n|move|p2a: Grimmsnarl|Spirit Break|p1a: Haxorus\n|-supereffective|p1a: Haxorus\n|-damage|p1a: Haxorus|0 fnt\n|faint|p1a: Haxorus\n|\n|upkeep\n|\n|t:|1733909857\n|switch|p1a: Iron Crown|Iron Crown, L78|268/268\n|turn|4\n|\n|t:|1733909867\n|-terastallize|p2a: Grimmsnarl|Steel\n|move|p2a: Grimmsnarl|Taunt|p1a: Iron Crown\n|-start|p1a: Iron Crown|move: Taunt\n|move|p1a: Iron Crown|Tachyon Cutter|p2a: Grimmsnarl\n|-resisted|p2a: Grimmsnarl\n|-damage|p2a: Grimmsnarl|245/293\n|-resisted|p2a: Grimmsnarl\n|-damage|p2a: Grimmsnarl|199/293\n|-hitcount|p2a: Grimmsnarl|2\n|\n|-heal|p2a: Grimmsnarl|217/293|[from] item: Leftovers\n|upkeep\n|turn|5\n|\n|t:|1733909890\n|-end|p1a: Iron Crown|Quark Drive|[silent]\n|switch|p1a: Tentacruel|Tentacruel, L84, F|272/272\n|move|p2a: Grimmsnarl|Thunder Wave|p1a: Tentacruel\n|-status|p1a: Tentacruel|par\n|\n|-heal|p2a: Grimmsnarl|235/293|[from] item: Leftovers\n|upkeep\n|turn|6\n|\n|t:|1733909903\n|move|p2a: Grimmsnarl|Taunt|p1a: Tentacruel\n|-start|p1a: Tentacruel|move: Taunt\n|move|p1a: Tentacruel|Surf|p2a: Grimmsnarl\n|-damage|p2a: Grimmsnarl|136/293\n|\n|-heal|p2a: Grimmsnarl|154/293|[from] item: Leftovers\n|upkeep\n|turn|7\n|\n|t:|1733909913\n|move|p2a: Grimmsnarl|Sucker Punch|p1a: Tentacruel\n|-damage|p1a: Tentacruel|160/272 par\n|move|p1a: Tentacruel|Flip Turn|p2a: Grimmsnarl\n|-crit|p2a: Grimmsnarl\n|-damage|p2a: Grimmsnarl|57/293\n|\n|t:|1733909920\n|switch|p1a: Iron Crown|Iron Crown, L78|268/268|[from] Flip Turn\n|\n|-heal|p2a: Grimmsnarl|75/293|[from] item: Leftovers\n|upkeep\n|turn|8\n|\n|t:|1733909928\n|move|p2a: Grimmsnarl|Thunder Wave|p1a: Iron Crown\n|-status|p1a: Iron Crown|par\n|move|p1a: Iron Crown|Focus Blast|p2a: Grimmsnarl\n|-supereffective|p2a: Grimmsnarl\n|-damage|p2a: Grimmsnarl|0 fnt\n|faint|p2a: Grimmsnarl\n|\n|upkeep\n|\n|t:|1733909944\n|switch|p2a: Corviknight|Corviknight, L80, M|288/288\n|-ability|p2a: Corviknight|Pressure\n|turn|9\n|\n|t:|1733909953\n|move|p2a: Corviknight|Body Press|p1a: Iron Crown\n|-damage|p1a: Iron Crown|211/268 par\n|move|p1a: Iron Crown|Focus Blast|p2a: Corviknight\n|-damage|p2a: Corviknight|137/288\n|\n|-heal|p2a: Corviknight|155/288|[from] item: Leftovers\n|upkeep\n|turn|10\n|\n|t:|1733909969\n|switch|p2a: Blaziken|Blaziken, L76, M|247/247\n|move|p1a: Iron Crown|Focus Blast|p2a: Blaziken|[miss]\n|-miss|p1a: Iron Crown|p2a: Blaziken\n|\n|upkeep\n|turn|11\n|\n|t:|1733909978\n|-end|p1a: Iron Crown|Quark Drive|[silent]\n|switch|p1a: Tentacruel|Tentacruel, L84, F|160/272 par\n|move|p2a: Blaziken|Swords Dance|p2a: Blaziken\n|-boost|p2a: Blaziken|atk|2\n|\n|-ability|p2a: Blaziken|Speed Boost|boost\n|-boost|p2a: Blaziken|spe|1\n|upkeep\n|turn|12\n|\n|t:|1733909990\n|move|p2a: Blaziken|Flare Blitz|p1a: Tentacruel\n|-resisted|p1a: Tentacruel\n|-damage|p1a: Tentacruel|0 fnt\n|faint|p1a: Tentacruel\n|-damage|p2a: Blaziken|194/247|[from] Recoil\n|-damage|p2a: Blaziken|170/247|[from] item: Life Orb\n|\n|-ability|p2a: Blaziken|Speed Boost|boost\n|-boost|p2a: Blaziken|spe|1\n|upkeep\n|\n|t:|1733909993\n|switch|p1a: Iron Crown|Iron Crown, L78|211/268 par\n|turn|13\n|\n|t:|1733910001\n|move|p2a: Blaziken|Flare Blitz|p1a: Iron Crown\n|-supereffective|p1a: Iron Crown\n|-damage|p1a: Iron Crown|0 fnt\n|faint|p1a: Iron Crown\n|-end|p1a: Iron Crown|Quark Drive|[silent]\n|-damage|p2a: Blaziken|100/247|[from] Recoil\n|-damage|p2a: Blaziken|76/247|[from] item: Life Orb\n|\n|-ability|p2a: Blaziken|Speed Boost|boost\n|-boost|p2a: Blaziken|spe|1\n|upkeep\n|\n|t:|1733910006\n|switch|p1a: Slowbro|Slowbro, L85, M|300/300\n|turn|14\n|\n|t:|1733910021\n|-terastallize|p1a: Slowbro|Fairy\n|move|p2a: Blaziken|Knock Off|p1a: Slowbro\n|-resisted|p1a: Slowbro\n|-damage|p1a: Slowbro|222/300\n|-damage|p2a: Blaziken|35/247|[from] item: Rocky Helmet|[of] p1a: Slowbro\n|-enditem|p1a: Slowbro|Rocky Helmet|[from] move: Knock Off|[of] p2a: Blaziken\n|-damage|p2a: Blaziken|11/247|[from] item: Life Orb\n|move|p1a: Slowbro|Scald|p2a: Blaziken\n|-supereffective|p2a: Blaziken\n|-damage|p2a: Blaziken|0 fnt\n|faint|p2a: Blaziken\n|\n|upkeep\n|\n|t:|1733910038\n|switch|p2a: Dunsparce|Dunsparce, L86, F|312/312\n|turn|15\n|\n|t:|1733910055\n|move|p2a: Dunsparce|Coil|p2a: Dunsparce\n|-boost|p2a: Dunsparce|atk|1\n|-boost|p2a: Dunsparce|def|1\n|-boost|p2a: Dunsparce|accuracy|1\n|move|p1a: Slowbro|Slack Off|p1a: Slowbro\n|-heal|p1a: Slowbro|300/300\n|\n|upkeep\n|turn|16\n|\n|t:|1733910063\n|move|p2a: Dunsparce|Body Slam|p1a: Slowbro\n|-damage|p1a: Slowbro|203/300\n|-status|p1a: Slowbro|par\n|move|p1a: Slowbro|Thunder Wave|p2a: Dunsparce\n|-status|p2a: Dunsparce|par\n|\n|upkeep\n|turn|17\n|\n|t:|1733910074\n|move|p2a: Dunsparce|Body Slam|p1a: Slowbro\n|-damage|p1a: Slowbro|104/300 par\n|move|p1a: Slowbro|Scald|p2a: Dunsparce\n|-damage|p2a: Dunsparce|233/312 par\n|\n|upkeep\n|turn|18\n|\n|t:|1733910084\n|move|p2a: Dunsparce|Body Slam|p1a: Slowbro\n|-crit|p1a: Slowbro\n|-damage|p1a: Slowbro|0 fnt\n|faint|p1a: Slowbro\n|\n|upkeep\n|\n|t:|1733910088\n|switch|p1a: Venusaur|Venusaur, L84, F|272/272\n|turn|19\n|\n|t:|1733910096\n|move|p1a: Venusaur|Leech Seed|p2a: Dunsparce\n|-start|p2a: Dunsparce|move: Leech Seed\n|move|p2a: Dunsparce|Body Slam|p1a: Venusaur\n|-damage|p1a: Venusaur|145/272\n|\n|-heal|p1a: Venusaur|162/272|[from] item: Leftovers\n|-damage|p2a: Dunsparce|194/312 par|[from] Leech Seed|[of] p1a: Venusaur\n|-heal|p1a: Venusaur|201/272|[silent]\n|upkeep\n|turn|20\n|\n|t:|1733910108\n|switch|p2a: Corviknight|Corviknight, L80, M|155/288\n|-ability|p2a: Corviknight|Pressure\n|move|p1a: Venusaur|Sleep Powder|p2a: Corviknight\n|-status|p2a: Corviknight|slp|[from] move: Sleep Powder\n|\n|-heal|p1a: Venusaur|218/272|[from] item: Leftovers\n|-heal|p2a: Corviknight|173/288 slp|[from] item: Leftovers\n|upkeep\n|turn|21\n|\n|t:|1733910120\n|move|p1a: Venusaur|Leech Seed|p2a: Corviknight\n|-start|p2a: Corviknight|move: Leech Seed\n|cant|p2a: Corviknight|slp\n|\n|-heal|p1a: Venusaur|235/272|[from] item: Leftovers\n|-heal|p2a: Corviknight|191/288 slp|[from] item: Leftovers\n|-damage|p2a: Corviknight|155/288 slp|[from] Leech Seed|[of] p1a: Venusaur\n|-heal|p1a: Venusaur|271/272|[silent]\n|upkeep\n|turn|22\n|\n|t:|1733910130\n|move|p1a: Venusaur|Substitute|p1a: Venusaur\n|-start|p1a: Venusaur|Substitute\n|-damage|p1a: Venusaur|203/272\n|cant|p2a: Corviknight|slp\n|\n|-heal|p1a: Venusaur|220/272|[from] item: Leftovers\n|-heal|p2a: Corviknight|173/288 slp|[from] item: Leftovers\n|-damage|p2a: Corviknight|137/288 slp|[from] Leech Seed|[of] p1a: Venusaur\n|-heal|p1a: Venusaur|256/272|[silent]\n|upkeep\n|turn|23\n|\n|t:|1733910144\n|move|p1a: Venusaur|Sleep Powder|p2a: Corviknight|[miss]\n|-miss|p1a: Venusaur|p2a: Corviknight\n|-curestatus|p2a: Corviknight|slp|[msg]\n|move|p2a: Corviknight|Roost|p2a: Corviknight\n|-heal|p2a: Corviknight|281/288\n|-singleturn|p2a: Corviknight|move: Roost\n|\n|-heal|p1a: Venusaur|272/272|[from] item: Leftovers\n|-heal|p2a: Corviknight|288/288|[from] item: Leftovers\n|-damage|p2a: Corviknight|252/288|[from] Leech Seed|[of] p1a: Venusaur\n|upkeep\n|turn|24\n|\n|t:|1733910158\n|move|p1a: Venusaur|Sleep Powder|p2a: Corviknight\n|-status|p2a: Corviknight|slp|[from] move: Sleep Powder\n|cant|p2a: Corviknight|slp\n|\n|-heal|p2a: Corviknight|270/288 slp|[from] item: Leftovers\n|-damage|p2a: Corviknight|234/288 slp|[from] Leech Seed|[of] p1a: Venusaur\n|upkeep\n|turn|25\n|\n|t:|1733910174\n|move|p1a: Venusaur|Sludge Bomb|p2a: Corviknight\n|-immune|p2a: Corviknight\n|cant|p2a: Corviknight|slp\n|\n|-heal|p2a: Corviknight|252/288 slp|[from] item: Leftovers\n|-damage|p2a: Corviknight|216/288 slp|[from] Leech Seed|[of] p1a: Venusaur\n|upkeep\n|turn|26\n|\n|t:|1733910184\n|move|p1a: Venusaur|Sludge Bomb|p2a: Corviknight\n|-immune|p2a: Corviknight\n|-curestatus|p2a: Corviknight|slp|[msg]\n|move|p2a: Corviknight|Roost|p2a: Corviknight\n|-heal|p2a: Corviknight|288/288\n|-singleturn|p2a: Corviknight|move: Roost\n|\n|-damage|p2a: Corviknight|252/288|[from] Leech Seed|[of] p1a: Venusaur\n|upkeep\n|turn|27\n|\n|t:|1733910195\n|switch|p1a: Oinkologne|Oinkologne, L92, M|352/352\n|move|p2a: Corviknight|Brave Bird|p1a: Oinkologne\n|-damage|p1a: Oinkologne|243/352\n|-damage|p2a: Corviknight|216/288|[from] Recoil\n|\n|-heal|p1a: Oinkologne|265/352|[from] item: Leftovers\n|-heal|p2a: Corviknight|234/288|[from] item: Leftovers\n|-damage|p2a: Corviknight|198/288|[from] Leech Seed|[of] p1a: Oinkologne\n|-heal|p1a: Oinkologne|301/352|[silent]\n|upkeep\n|turn|28\n|inactive|zam_nose has 120 seconds left.\n|\n|t:|1733910227\n|move|p1a: Oinkologne|Lash Out|p2a: Corviknight\n|-damage|p2a: Corviknight|136/288\n|move|p2a: Corviknight|Body Press|p1a: Oinkologne\n|-supereffective|p1a: Oinkologne\n|-damage|p1a: Oinkologne|181/352\n|\n|-heal|p1a: Oinkologne|203/352|[from] item: Leftovers\n|-heal|p2a: Corviknight|154/288|[from] item: Leftovers\n|-damage|p2a: Corviknight|118/288|[from] Leech Seed|[of] p1a: Oinkologne\n|-heal|p1a: Oinkologne|239/352|[silent]\n|upkeep\n|turn|29\n|inactive|zam_nose has 120 seconds left.\n|inactive|manolovm01 has 120 seconds left.\n|\n|t:|1733910247\n|move|p1a: Oinkologne|Lash Out|p2a: Corviknight\n|-damage|p2a: Corviknight|56/288\n|move|p2a: Corviknight|Roost|p2a: Corviknight\n|-heal|p2a: Corviknight|200/288\n|-singleturn|p2a: Corviknight|move: Roost\n|\n|-heal|p1a: Oinkologne|261/352|[from] item: Leftovers\n|-heal|p2a: Corviknight|218/288|[from] item: Leftovers\n|-damage|p2a: Corviknight|182/288|[from] Leech Seed|[of] p1a: Oinkologne\n|-heal|p1a: Oinkologne|297/352|[silent]\n|upkeep\n|turn|30\n|inactive|zam_nose has 120 seconds left.\n|inactive|manolovm01 has 120 seconds left.\n|\n|t:|1733910259\n|move|p1a: Oinkologne|Double-Edge|p2a: Corviknight\n|-resisted|p2a: Corviknight\n|-damage|p2a: Corviknight|108/288\n|-damage|p1a: Oinkologne|273/352|[from] Recoil\n|move|p2a: Corviknight|Roost|p2a: Corviknight\n|-heal|p2a: Corviknight|252/288\n|-singleturn|p2a: Corviknight|move: Roost\n|\n|-heal|p1a: Oinkologne|295/352|[from] item: Leftovers\n|-heal|p2a: Corviknight|270/288|[from] item: Leftovers\n|-damage|p2a: Corviknight|234/288|[from] Leech Seed|[of] p1a: Oinkologne\n|-heal|p1a: Oinkologne|331/352|[silent]\n|upkeep\n|turn|31\n|inactive|zam_nose has 120 seconds left.\n|inactive|manolovm01 has 120 seconds left.\n|\n|t:|1733910274\n|switch|p2a: Golem|Golem, L87, M|281/281\n|move|p1a: Oinkologne|Double-Edge|p2a: Golem\n|-resisted|p2a: Golem\n|-damage|p2a: Golem|230/281\n|-damage|p1a: Oinkologne|314/352|[from] Recoil\n|\n|-heal|p1a: Oinkologne|336/352|[from] item: Leftovers\n|upkeep\n|turn|32\n|inactive|manolovm01 has 120 seconds left.\n|\n|t:|1733910289\n|move|p1a: Oinkologne|High Horsepower|p2a: Golem|[miss]\n|-miss|p1a: Oinkologne|p2a: Golem\n|move|p2a: Golem|Explosion|p1a: Oinkologne\n|-damage|p1a: Oinkologne|127/352\n|faint|p2a: Golem\n|\n|-heal|p1a: Oinkologne|149/352|[from] item: Leftovers\n|upkeep\n|\n|t:|1733910299\n|switch|p2a: Dunsparce|Dunsparce, L86, F|194/312 par\n|turn|33\n|inactive|zam_nose has 120 seconds left.\n|inactive|manolovm01 has 120 seconds left.\n|\n|t:|1733910309\n|move|p1a: Oinkologne|Double-Edge|p2a: Dunsparce\n|-damage|p2a: Dunsparce|79/312 par\n|-damage|p1a: Oinkologne|111/352|[from] Recoil\n|move|p2a: Dunsparce|Coil|p2a: Dunsparce\n|-boost|p2a: Dunsparce|atk|1\n|-boost|p2a: Dunsparce|def|1\n|-boost|p2a: Dunsparce|accuracy|1\n|\n|-heal|p1a: Oinkologne|133/352|[from] item: Leftovers\n|upkeep\n|turn|34\n|inactive|manolovm01 has 120 seconds left.\n|\n|t:|1733910319\n|move|p1a: Oinkologne|Double-Edge|p2a: Dunsparce\n|-damage|p2a: Dunsparce|0 fnt\n|faint|p2a: Dunsparce\n|-damage|p1a: Oinkologne|107/352|[from] Recoil\n|\n|-heal|p1a: Oinkologne|129/352|[from] item: Leftovers\n|upkeep\n|inactive|manolovm01 has 120 seconds left.\n|\n|t:|1733910327\n|switch|p2a: Corviknight|Corviknight, L80, M|234/288\n|-ability|p2a: Corviknight|Pressure\n|turn|35\n|\n|t:|1733910335\n|move|p1a: Oinkologne|Double-Edge|p2a: Corviknight\n|-resisted|p2a: Corviknight\n|-damage|p2a: Corviknight|163/288\n|-damage|p1a: Oinkologne|106/352|[from] Recoil\n|move|p2a: Corviknight|Body Press|p1a: Oinkologne\n|-supereffective|p1a: Oinkologne\n|-damage|p1a: Oinkologne|0 fnt\n|faint|p1a: Oinkologne\n|\n|-heal|p2a: Corviknight|181/288|[from] item: Leftovers\n|upkeep\n|\n|t:|1733910343\n|switch|p1a: Venusaur|Venusaur, L84, F|272/272\n|turn|36\n|\n|t:|1733910350\n|move|p1a: Venusaur|Leech Seed|p2a: Corviknight\n|-start|p2a: Corviknight|move: Leech Seed\n|move|p2a: Corviknight|Brave Bird|p1a: Venusaur\n|-supereffective|p1a: Venusaur\n|-damage|p1a: Venusaur|54/272\n|-damage|p2a: Corviknight|109/288|[from] Recoil\n|\n|-heal|p1a: Venusaur|71/272|[from] item: Leftovers\n|-heal|p2a: Corviknight|127/288|[from] item: Leftovers\n|-damage|p2a: Corviknight|91/288|[from] Leech Seed|[of] p1a: Venusaur\n|-heal|p1a: Venusaur|107/272|[silent]\n|upkeep\n|turn|37\n|\n|t:|1733910377\n|move|p1a: Venusaur|Sleep Powder|p2a: Corviknight|[miss]\n|-miss|p1a: Venusaur|p2a: Corviknight\n|move|p2a: Corviknight|Roost|p2a: Corviknight\n|-heal|p2a: Corviknight|235/288\n|-singleturn|p2a: Corviknight|move: Roost\n|\n|-heal|p1a: Venusaur|124/272|[from] item: Leftovers\n|-heal|p2a: Corviknight|253/288|[from] item: Leftovers\n|-damage|p2a: Corviknight|217/288|[from] Leech Seed|[of] p1a: Venusaur\n|-heal|p1a: Venusaur|160/272|[silent]\n|upkeep\n|turn|38\n|\n|t:|1733910390\n|move|p1a: Venusaur|Sleep Powder|p2a: Corviknight\n|-status|p2a: Corviknight|slp|[from] move: Sleep Powder\n|cant|p2a: Corviknight|slp\n|\n|-heal|p1a: Venusaur|177/272|[from] item: Leftovers\n|-heal|p2a: Corviknight|235/288 slp|[from] item: Leftovers\n|-damage|p2a: Corviknight|199/288 slp|[from] Leech Seed|[of] p1a: Venusaur\n|-heal|p1a: Venusaur|213/272|[silent]\n|upkeep\n|turn|39\n|\n|t:|1733910402\n|move|p1a: Venusaur|Sleep Powder|p2a: Corviknight|[miss]\n|-miss|p1a: Venusaur|p2a: Corviknight\n|cant|p2a: Corviknight|slp\n|\n|-heal|p1a: Venusaur|230/272|[from] item: Leftovers\n|-heal|p2a: Corviknight|217/288 slp|[from] item: Leftovers\n|-damage|p2a: Corviknight|181/288 slp|[from] Leech Seed|[of] p1a: Venusaur\n|-heal|p1a: Venusaur|266/272|[silent]\n|upkeep\n|turn|40\n|\n|t:|1733910418\n|move|p1a: Venusaur|Substitute|p1a: Venusaur\n|-start|p1a: Venusaur|Substitute\n|-damage|p1a: Venusaur|198/272\n|cant|p2a: Corviknight|slp\n|\n|-heal|p1a: Venusaur|215/272|[from] item: Leftovers\n|-heal|p2a: Corviknight|199/288 slp|[from] item: Leftovers\n|-damage|p2a: Corviknight|163/288 slp|[from] Leech Seed|[of] p1a: Venusaur\n|-heal|p1a: Venusaur|251/272|[silent]\n|upkeep\n|turn|41\n|\n|t:|1733910433\n|move|p1a: Venusaur|Leech Seed|p2a: Corviknight|[miss]\n|-miss|p1a: Venusaur|p2a: Corviknight\n|-curestatus|p2a: Corviknight|slp|[msg]\n|move|p2a: Corviknight|Roost|p2a: Corviknight\n|-heal|p2a: Corviknight|288/288\n|-singleturn|p2a: Corviknight|move: Roost\n|\n|-heal|p1a: Venusaur|268/272|[from] item: Leftovers\n|-damage|p2a: Corviknight|252/288|[from] Leech Seed|[of] p1a: Venusaur\n|-heal|p1a: Venusaur|272/272|[silent]\n|upkeep\n|turn|42\n|\n|t:|1733910446\n|move|p1a: Venusaur|Sleep Powder|p2a: Corviknight|[miss]\n|-miss|p1a: Venusaur|p2a: Corviknight\n|move|p2a: Corviknight|Brave Bird|p1a: Venusaur\n|-supereffective|p1a: Venusaur\n|-end|p1a: Venusaur|Substitute\n|-damage|p2a: Corviknight|230/288|[from] Recoil|[of] p1a: Venusaur\n|\n|-heal|p2a: Corviknight|248/288|[from] item: Leftovers\n|-damage|p2a: Corviknight|212/288|[from] Leech Seed|[of] p1a: Venusaur\n|upkeep\n|turn|43\n|\n|t:|1733910459\n|move|p1a: Venusaur|Sleep Powder|p2a: Corviknight\n|-status|p2a: Corviknight|slp|[from] move: Sleep Powder\n|cant|p2a: Corviknight|slp\n|\n|-heal|p2a: Corviknight|230/288 slp|[from] item: Leftovers\n|-damage|p2a: Corviknight|194/288 slp|[from] Leech Seed|[of] p1a: Venusaur\n|upkeep\n|turn|44\n|inactive|zam_nose has 120 seconds left.\n|\n|t:|1733910481\n|move|p1a: Venusaur|Substitute|p1a: Venusaur\n|-start|p1a: Venusaur|Substitute\n|-damage|p1a: Venusaur|204/272\n|-curestatus|p2a: Corviknight|slp|[msg]\n|move|p2a: Corviknight|Body Press|p1a: Venusaur\n|-resisted|p1a: Venusaur\n|-activate|p1a: Venusaur|move: Substitute|[damage]\n|\n|-heal|p1a: Venusaur|221/272|[from] item: Leftovers\n|-heal|p2a: Corviknight|212/288|[from] item: Leftovers\n|-damage|p2a: Corviknight|176/288|[from] Leech Seed|[of] p1a: Venusaur\n|-heal|p1a: Venusaur|257/272|[silent]\n|upkeep\n|turn|45\n|inactive|zam_nose has 120 seconds left.\n|\n|t:|1733910494\n|move|p1a: Venusaur|Sleep Powder|p2a: Corviknight\n|-status|p2a: Corviknight|slp|[from] move: Sleep Powder\n|cant|p2a: Corviknight|slp\n|\n|-heal|p1a: Venusaur|272/272|[from] item: Leftovers\n|-heal|p2a: Corviknight|194/288 slp|[from] item: Leftovers\n|-damage|p2a: Corviknight|158/288 slp|[from] Leech Seed|[of] p1a: Venusaur\n|upkeep\n|turn|46\n|inactive|zam_nose has 120 seconds left.\n|\n|t:|1733910509\n|move|p1a: Venusaur|Sleep Powder|p2a: Corviknight\n|-fail|p2a: Corviknight|slp\n|-curestatus|p2a: Corviknight|slp|[msg]\n|move|p2a: Corviknight|Roost|p2a: Corviknight\n|-heal|p2a: Corviknight|288/288\n|-singleturn|p2a: Corviknight|move: Roost\n|\n|-damage|p2a: Corviknight|252/288|[from] Leech Seed|[of] p1a: Venusaur\n|upkeep\n|turn|47\n|inactive|zam_nose has 120 seconds left.\n|\n|t:|1733910525\n|move|p1a: Venusaur|Sleep Powder|p2a: Corviknight\n|-status|p2a: Corviknight|slp|[from] move: Sleep Powder\n|cant|p2a: Corviknight|slp\n|\n|-heal|p2a: Corviknight|270/288 slp|[from] item: Leftovers\n|-damage|p2a: Corviknight|234/288 slp|[from] Leech Seed|[of] p1a: Venusaur\n|upkeep\n|turn|48\n|\n|t:|1733910538\n|move|p1a: Venusaur|Sleep Powder|p2a: Corviknight|[miss]\n|-miss|p1a: Venusaur|p2a: Corviknight\n|cant|p2a: Corviknight|slp\n|\n|-heal|p2a: Corviknight|252/288 slp|[from] item: Leftovers\n|-damage|p2a: Corviknight|216/288 slp|[from] Leech Seed|[of] p1a: Venusaur\n|upkeep\n|turn|49\n|\n|t:|1733910551\n|move|p1a: Venusaur|Substitute|p1a: Venusaur\n|-fail|p1a: Venusaur|move: Substitute\n|cant|p2a: Corviknight|slp\n|\n|-heal|p2a: Corviknight|234/288 slp|[from] item: Leftovers\n|-damage|p2a: Corviknight|198/288 slp|[from] Leech Seed|[of] p1a: Venusaur\n|upkeep\n|turn|50\n|\n|t:|1733910564\n|move|p1a: Venusaur|Sludge Bomb|p2a: Corviknight\n|-immune|p2a: Corviknight\n|-curestatus|p2a: Corviknight|slp|[msg]\n|move|p2a: Corviknight|Brave Bird|p1a: Venusaur\n|-supereffective|p1a: Venusaur\n|-end|p1a: Venusaur|Substitute\n|-damage|p2a: Corviknight|186/288|[from] Recoil|[of] p1a: Venusaur\n|\n|-heal|p2a: Corviknight|204/288|[from] item: Leftovers\n|-damage|p2a: Corviknight|168/288|[from] Leech Seed|[of] p1a: Venusaur\n|upkeep\n|turn|51\n|inactive|zam_nose has 120 seconds left.\n|\n|t:|1733910577\n|move|p1a: Venusaur|Substitute|p1a: Venusaur\n|-start|p1a: Venusaur|Substitute\n|-damage|p1a: Venusaur|204/272\n|move|p2a: Corviknight|Brave Bird|p1a: Venusaur\n|-supereffective|p1a: Venusaur\n|-end|p1a: Venusaur|Substitute\n|-damage|p2a: Corviknight|146/288|[from] Recoil|[of] p1a: Venusaur\n|\n|-heal|p1a: Venusaur|221/272|[from] item: Leftovers\n|-heal|p2a: Corviknight|164/288|[from] item: Leftovers\n|-damage|p2a: Corviknight|128/288|[from] Leech Seed|[of] p1a: Venusaur\n|-heal|p1a: Venusaur|257/272|[silent]\n|upkeep\n|turn|52\n|inactive|zam_nose has 120 seconds left.\n|\n|t:|1733910593\n|move|p1a: Venusaur|Substitute|p1a: Venusaur\n|-start|p1a: Venusaur|Substitute\n|-damage|p1a: Venusaur|189/272\n|move|p2a: Corviknight|Brave Bird|p1a: Venusaur\n|-supereffective|p1a: Venusaur\n|-end|p1a: Venusaur|Substitute\n|-damage|p2a: Corviknight|106/288|[from] Recoil|[of] p1a: Venusaur\n|\n|-heal|p1a: Venusaur|206/272|[from] item: Leftovers\n|-heal|p2a: Corviknight|124/288|[from] item: Leftovers\n|-damage|p2a: Corviknight|88/288|[from] Leech Seed|[of] p1a: Venusaur\n|-heal|p1a: Venusaur|242/272|[silent]\n|upkeep\n|turn|53\n|inactive|zam_nose has 120 seconds left.\n|\n|t:|1733910610\n|move|p1a: Venusaur|Substitute|p1a: Venusaur\n|-start|p1a: Venusaur|Substitute\n|-damage|p1a: Venusaur|174/272\n|move|p2a: Corviknight|Brave Bird|p1a: Venusaur\n|-supereffective|p1a: Venusaur\n|-end|p1a: Venusaur|Substitute\n|-damage|p2a: Corviknight|66/288|[from] Recoil|[of] p1a: Venusaur\n|\n|-heal|p1a: Venusaur|191/272|[from] item: Leftovers\n|-heal|p2a: Corviknight|84/288|[from] item: Leftovers\n|-damage|p2a: Corviknight|48/288|[from] Leech Seed|[of] p1a: Venusaur\n|-heal|p1a: Venusaur|227/272|[silent]\n|upkeep\n|turn|54\n|inactive|zam_nose has 120 seconds left.\n|\n|t:|1733910624\n|move|p1a: Venusaur|Substitute|p1a: Venusaur\n|-start|p1a: Venusaur|Substitute\n|-damage|p1a: Venusaur|159/272\n|move|p2a: Corviknight|Roost|p2a: Corviknight\n|-heal|p2a: Corviknight|192/288\n|-singleturn|p2a: Corviknight|move: Roost\n|\n|-heal|p1a: Venusaur|176/272|[from] item: Leftovers\n|-heal|p2a: Corviknight|210/288|[from] item: Leftovers\n|-damage|p2a: Corviknight|174/288|[from] Leech Seed|[of] p1a: Venusaur\n|-heal|p1a: Venusaur|212/272|[silent]\n|upkeep\n|turn|55\n|inactive|zam_nose has 120 seconds left.\n|\n|t:|1733910638\n|move|p1a: Venusaur|Leech Seed||[still]\n|-fail|p1a: Venusaur\n|move|p2a: Corviknight|Brave Bird|p1a: Venusaur\n|-supereffective|p1a: Venusaur\n|-end|p1a: Venusaur|Substitute\n|-damage|p2a: Corviknight|152/288|[from] Recoil|[of] p1a: Venusaur\n|\n|-heal|p1a: Venusaur|229/272|[from] item: Leftovers\n|-heal|p2a: Corviknight|170/288|[from] item: Leftovers\n|-damage|p2a: Corviknight|134/288|[from] Leech Seed|[of] p1a: Venusaur\n|-heal|p1a: Venusaur|265/272|[silent]\n|upkeep\n|turn|56\n|inactive|zam_nose has 120 seconds left.\n|\n|t:|1733910649\n|move|p1a: Venusaur|Substitute|p1a: Venusaur\n|-start|p1a: Venusaur|Substitute\n|-damage|p1a: Venusaur|197/272\n|move|p2a: Corviknight|Brave Bird|p1a: Venusaur\n|-supereffective|p1a: Venusaur\n|-end|p1a: Venusaur|Substitute\n|-damage|p2a: Corviknight|112/288|[from] Recoil|[of] p1a: Venusaur\n|\n|-heal|p1a: Venusaur|214/272|[from] item: Leftovers\n|-heal|p2a: Corviknight|130/288|[from] item: Leftovers\n|-damage|p2a: Corviknight|94/288|[from] Leech Seed|[of] p1a: Venusaur\n|-heal|p1a: Venusaur|250/272|[silent]\n|upkeep\n|turn|57\n|inactive|zam_nose has 120 seconds left.\n|\n|t:|1733910662\n|move|p1a: Venusaur|Substitute|p1a: Venusaur\n|-start|p1a: Venusaur|Substitute\n|-damage|p1a: Venusaur|182/272\n|move|p2a: Corviknight|Brave Bird|p1a: Venusaur\n|-supereffective|p1a: Venusaur\n|-end|p1a: Venusaur|Substitute\n|-damage|p2a: Corviknight|72/288|[from] Recoil|[of] p1a: Venusaur\n|\n|-heal|p1a: Venusaur|199/272|[from] item: Leftovers\n|-heal|p2a: Corviknight|90/288|[from] item: Leftovers\n|-damage|p2a: Corviknight|54/288|[from] Leech Seed|[of] p1a: Venusaur\n|-heal|p1a: Venusaur|235/272|[silent]\n|upkeep\n|turn|58\n|inactive|zam_nose has 120 seconds left.\n|inactive|manolovm01 has 120 seconds left.\n|\n|t:|1733910683\n|move|p1a: Venusaur|Substitute|p1a: Venusaur\n|-start|p1a: Venusaur|Substitute\n|-damage|p1a: Venusaur|167/272\n|move|p2a: Corviknight|Brave Bird|p1a: Venusaur\n|-supereffective|p1a: Venusaur\n|-end|p1a: Venusaur|Substitute\n|-damage|p2a: Corviknight|32/288|[from] Recoil|[of] p1a: Venusaur\n|\n|-heal|p1a: Venusaur|184/272|[from] item: Leftovers\n|-heal|p2a: Corviknight|50/288|[from] item: Leftovers\n|-damage|p2a: Corviknight|14/288|[from] Leech Seed|[of] p1a: Venusaur\n|-heal|p1a: Venusaur|220/272|[silent]\n|upkeep\n|turn|59\n|inactive|zam_nose has 120 seconds left.\n|inactive|manolovm01 has 120 seconds left.\n|\n|t:|1733910699\n|move|p1a: Venusaur|Substitute|p1a: Venusaur\n|-start|p1a: Venusaur|Substitute\n|-damage|p1a: Venusaur|152/272\n|move|p2a: Corviknight|Brave Bird|p1a: Venusaur\n|-supereffective|p1a: Venusaur\n|-end|p1a: Venusaur|Substitute\n|-damage|p2a: Corviknight|0 fnt|[from] Recoil|[of] p1a: Venusaur\n|faint|p2a: Corviknight\n|\n|win|zam_nose\n|raw|zam_nose's rating: 1222 &rarr; <strong>1249</strong><br />(+27 for winning)\n|raw|manolovm01's rating: 1251 &rarr; <strong>1224</strong><br />(-27 for losing)\n", "inputlog": ">version bfd83cad13791eb5a5a409923076391caf6fb4d4\n>start {\"formatid\":\"gen9randombattle\",\"seed\":[35907,57074,53133,12739],\"rated\":\"Rated battle\"}\n>player p1 {\"name\":\"zam_nose\",\"avatar\":\"nate\",\"rating\":1222,\"seed\":[4198,42917,59549,52163]}\n>player p2 {\"name\":\"manolovm01\",\"avatar\":\"2\",\"rating\":1251,\"seed\":[18100,10955,5863,2348]}\n>p1 move dragondance\n>p2 move swordsdance\n>p1 move outrage\n>p2 move stoneedge\n>p2 switch 6\n>p1 move outrage\n>p2 move spiritbreak\n>p1 switch 6\n>p1 move tachyoncutter\n>p2 move taunt terastallize\n>p1 switch 4\n>p2 move thunderwave\n>p1 move surf\n>p2 move taunt\n>p1 move flipturn\n>p2 move suckerpunch\n>p1 switch 4\n>p1 move focusblast\n>p2 move thunderwave\n>p2 switch 2\n>p1 move focusblast\n>p2 move bodypress\n>p1 move focusblast\n>p2 switch 4\n>p1 switch 4\n>p2 move swordsdance\n>p1 move sludgebomb\n>p2 move flareblitz\n>p1 switch 4\n>p1 move psyshock\n>p2 move flareblitz\n>p1 switch 5\n>p1 move scald terastallize\n>p2 move knockoff\n>p2 switch 5\n>p1 move slackoff\n>p2 move coil\n>p1 move thunderwave\n>p2 move bodyslam\n>p1 move scald\n>p2 move bodyslam\n>p1 move slackoff\n>p2 move bodyslam\n>p1 switch 2\n>p1 move leechseed\n>p2 move bodyslam\n>p1 move sleeppowder\n>p2 switch 4\n>p1 move leechseed\n>p2 move bravebird\n>p1 move substitute\n>p2 move roost\n>p1 move sleeppowder\n>p2 move roost\n>p1 move sleeppowder\n>p2 move bravebird\n>p1 move sludgebomb\n>p2 move bravebird\n>p1 move sludgebomb\n>p2 move roost\n>p1 switch 3\n>p2 move bravebird\n>p1 move lashout\n>p2 move bodypress\n>p1 move lashout\n>p2 move roost\n>p1 move doubleedge\n>p2 move roost\n>p1 move doubleedge\n>p2 switch 3\n>p1 move highhorsepower\n>p2 move explosion\n>p2 switch 4\n>p1 move doubleedge\n>p2 move coil\n>p1 move doubleedge\n>p2 move roost\n>p2 switch 3\n>p1 move doubleedge\n>p2 move bodypress\n>p1 switch 3\n>p1 move leechseed\n>p2 move bravebird\n>p1 move sleeppowder\n>p2 move roost\n>p1 move sleeppowder\n>p2 move bravebird\n>p1 move sleeppowder\n>p2 move roost\n>p1 move substitute\n>p2 move roost\n>p1 move leechseed\n>p2 move roost\n>p1 move sleeppowder\n>p2 move bravebird\n>p1 move sleeppowder\n>p2 move bravebird\n>p1 move substitute\n>p2 move bodypress\n>p1 move sleeppowder\n>p2 move bravebird\n>p1 move sleeppowder\n>p2 move roost\n>p1 move sleeppowder\n>p2 move bravebird\n>p1 move sleeppowder\n>p2 move bravebird\n>p1 move substitute\n>p2 move bravebird\n>p1 move sludgebomb\n>p2 move bravebird\n>p1 move substitute\n>p2 move bravebird\n>p1 move substitute\n>p2 move bravebird\n>p1 move substitute\n>p2 move bravebird\n>p1 move substitute\n>p2 move roost\n>p1 move leechseed\n>p2 move bravebird\n>p1 move substitute\n>p2 move bravebird\n>p1 move substitute\n>p2 move bravebird\n>p1 move substitute\n>p2 move bravebird\n>p1 move substitute\n>p2 move bravebird", "uploadtime": 1733910715, "views": 1, "formatid": "gen9randombattle", "rating": 1224, "private": 0, "password": null}