{"id": "gen9randombattle-2260689758", "format": "[Gen 9] Random Battle", "players": ["williamsdj", "DonNextDoor"], "log": "|j|\u2606williamsdj\n|j|\u2606DonNextDoor\n|t:|1733878798\n|gametype|singles\n|player|p1|williamsdj|firebreather|\n|player|p2|DonNextDoor|ghetsis|\n|teamsize|p1|6\n|teamsize|p2|6\n|gen|9\n|tier|[Gen 9] Random Battle\n|rule|Species Clause: Limit one of each Pok\u00e9mon\n|rule|HP Percentage Mod: HP is shown in percentages\n|rule|Sleep Clause Mod: Limit one foe put to sleep\n|rule|Illusion Level Mod: Illusion disguises the Pok\u00e9mon's true level\n|\n|t:|1733878798\n|start\n|switch|p1a: Vileplume|Vileplume, L85, M|266/266\n|switch|p2a: Greedent|Greedent, L86, F|347/347\n|turn|1\n|c|\u2606DonNextDoor|gl hf\n|\n|t:|1733878810\n|move|p1a: Vileplume|Strength Sap|p2a: Greedent\n|-unboost|p2a: Greedent|atk|1\n|move|p2a: Greedent|Double-Edge|p1a: Vileplume\n|-damage|p1a: Vileplume|172/266\n|-status|p2a: Greedent|slp|[from] ability: Effect Spore|[of] p1a: Vileplume\n|-damage|p2a: Greedent|316/347 slp|[from] Recoil\n|\n|-heal|p1a: Vileplume|188/266|[from] item: Leftovers\n|upkeep\n|turn|2\n|c|\u2606williamsdj|you too\n|\n|t:|1733878822\n|switch|p2a: Lugia|Lugia, L72|272/272\n|move|p1a: Vileplume|Sleep Powder|p2a: Lugia\n|-message|Sleep Clause Mod activated.\n|-hint|Sleep Clause Mod prevents players from putting more than one of their opponent's Pok\u00e9mon to sleep at a time\n|\n|-heal|p1a: Vileplume|204/266|[from] item: Leftovers\n|upkeep\n|turn|3\n|\n|t:|1733878830\n|move|p2a: Lugia|Calm Mind|p2a: Lugia\n|-boost|p2a: Lugia|spa|1\n|-boost|p2a: Lugia|spd|1\n|move|p1a: Vileplume|Strength Sap|p2a: Lugia\n|-unboost|p2a: Lugia|atk|1\n|-heal|p1a: Vileplume|266/266\n|\n|upkeep\n|turn|4\n|\n|t:|1733878837\n|move|p2a: Lugia|Aeroblast|p1a: Vileplume\n|-supereffective|p1a: Vileplume\n|-damage|p1a: Vileplume|66/266\n|move|p1a: Vileplume|Sludge Bomb|p2a: Lugia\n|-damage|p2a: Lugia|245/272\n|\n|-heal|p1a: Vileplume|82/266|[from] item: Leftovers\n|upkeep\n|turn|5\n|\n|t:|1733878846\n|move|p2a: Lugia|Aeroblast|p1a: Vileplume\n|-supereffective|p1a: Vileplume\n|-damage|p1a: Vileplume|0 fnt\n|faint|p1a: Vileplume\n|\n|upkeep\n|\n|t:|1733878858\n|switch|p1a: Crawdaunt|Crawdaunt, L84, M|243/243\n|turn|6\n|\n|t:|1733878871\n|move|p2a: Lugia|Aeroblast|p1a: Crawdaunt\n|-damage|p1a: Crawdaunt|99/243\n|move|p1a: Crawdaunt|Dragon Dance|p1a: Crawdaunt\n|-boost|p1a: Crawdaunt|atk|1\n|-boost|p1a: Crawdaunt|spe|1\n|\n|upkeep\n|turn|7\n|\n|t:|1733878884\n|-terastallize|p2a: Lugia|Ground\n|move|p1a: Crawdaunt|Knock Off|p2a: Lugia\n|-damage|p2a: Lugia|0 fnt\n|-enditem|p2a: Lugia|Heavy-Duty Boots|[from] move: Knock Off|[of] p1a: Crawdaunt\n|faint|p2a: Lugia\n|-damage|p1a: Crawdaunt|75/243|[from] item: Life Orb\n|\n|upkeep\n|\n|t:|1733878893\n|switch|p2a: Kyogre|Kyogre, L71|259/259\n|-weather|RainDance|[from] ability: Drizzle|[of] p2a: Kyogre\n|turn|8\n|\n|t:|1733878901\n|move|p2a: Kyogre|Thunder|p1a: Crawdaunt\n|-supereffective|p1a: Crawdaunt\n|-damage|p1a: Crawdaunt|0 fnt\n|faint|p1a: Crawdaunt\n|\n|-weather|RainDance|[upkeep]\n|upkeep\n|\n|t:|1733878908\n|switch|p1a: Ting-Lu|Ting-Lu, L78|370/370\n|-ability|p1a: Ting-Lu|Vessel of Ruin\n|turn|9\n|\n|t:|1733878915\n|switch|p2a: Greedent|Greedent, L86, F|316/347 slp\n|move|p1a: Ting-Lu|Stealth Rock|p2a: Greedent\n|-sidestart|p2: DonNextDoor|move: Stealth Rock\n|\n|-weather|RainDance|[upkeep]\n|upkeep\n|turn|10\n|\n|t:|1733878928\n|move|p1a: Ting-Lu|Spikes|p2a: Greedent\n|-sidestart|p2: DonNextDoor|Spikes\n|cant|p2a: Greedent|slp\n|\n|-weather|RainDance|[upkeep]\n|upkeep\n|turn|11\n|\n|t:|1733878933\n|move|p1a: Ting-Lu|Spikes|p2a: Greedent\n|-sidestart|p2: DonNextDoor|Spikes\n|cant|p2a: Greedent|slp\n|\n|-weather|RainDance|[upkeep]\n|upkeep\n|turn|12\n|\n|t:|1733878937\n|move|p1a: Ting-Lu|Spikes|p2a: Greedent\n|-sidestart|p2: DonNextDoor|Spikes\n|-curestatus|p2a: Greedent|slp|[msg]\n|move|p2a: Greedent|Swords Dance|p2a: Greedent\n|-boost|p2a: Greedent|atk|2\n|\n|-weather|none\n|upkeep\n|turn|13\n|\n|t:|1733878944\n|move|p1a: Ting-Lu|Earthquake|p2a: Greedent\n|-damage|p2a: Greedent|223/347\n|move|p2a: Greedent|Double-Edge|p1a: Ting-Lu\n|-damage|p1a: Ting-Lu|159/370\n|-damage|p2a: Greedent|153/347|[from] Recoil\n|-enditem|p2a: Greedent|Sitrus Berry|[eat]\n|-heal|p2a: Greedent|239/347|[from] item: Sitrus Berry\n|-heal|p2a: Greedent|347/347|[from] ability: Cheek Pouch\n|\n|-heal|p1a: Ting-Lu|182/370|[from] item: Leftovers\n|upkeep\n|turn|14\n|\n|t:|1733878957\n|move|p1a: Ting-Lu|Throat Chop|p2a: Greedent\n|-damage|p2a: Greedent|268/347\n|-start|p2a: Greedent|Throat Chop|[silent]\n|move|p2a: Greedent|Double-Edge|p1a: Ting-Lu\n|-damage|p1a: Ting-Lu|0 fnt\n|faint|p1a: Ting-Lu\n|-damage|p2a: Greedent|208/347|[from] Recoil\n|\n|upkeep\n|\n|t:|1733878965\n|switch|p1a: Braviary|Braviary-Hisui, L85, M|326/326\n|turn|15\n|\n|t:|1733878974\n|move|p1a: Braviary|Esper Wing|p2a: Greedent\n|-damage|p2a: Greedent|36/347\n|-boost|p1a: Braviary|spe|1\n|move|p2a: Greedent|Knock Off|p1a: Braviary\n|-supereffective|p1a: Braviary\n|-damage|p1a: Braviary|2/326\n|-enditem|p1a: Braviary|Choice Specs|[from] move: Knock Off|[of] p2a: Greedent\n|\n|-end|p2a: Greedent|Throat Chop|[silent]\n|upkeep\n|turn|16\n|\n|t:|1733878983\n|move|p1a: Braviary|Esper Wing|p2a: Greedent\n|-damage|p2a: Greedent|0 fnt\n|-boost|p1a: Braviary|spe|1\n|faint|p2a: Greedent\n|\n|upkeep\n|\n|t:|1733878987\n|switch|p2a: Gouging Fire|Gouging Fire, L74|277/277\n|turn|17\n|\n|t:|1733878997\n|move|p1a: Braviary|U-turn|p2a: Gouging Fire\n|-resisted|p2a: Gouging Fire\n|-damage|p2a: Gouging Fire|237/277\n|\n|t:|1733879003\n|switch|p1a: Wigglytuff|Wigglytuff, L96, F|424/424|[from] U-turn\n|move|p2a: Gouging Fire|Heat Crash|p1a: Wigglytuff\n|-damage|p1a: Wigglytuff|258/424\n|\n|-heal|p1a: Wigglytuff|284/424|[from] item: Leftovers\n|upkeep\n|turn|18\n|\n|t:|1733879012\n|move|p2a: Gouging Fire|Dragon Dance|p2a: Gouging Fire\n|-boost|p2a: Gouging Fire|atk|1\n|-boost|p2a: Gouging Fire|spe|1\n|move|p1a: Wigglytuff|Thunder Wave|p2a: Gouging Fire\n|-status|p2a: Gouging Fire|par\n|\n|-heal|p1a: Wigglytuff|310/424|[from] item: Leftovers\n|upkeep\n|turn|19\n|\n|t:|1733879021\n|move|p1a: Wigglytuff|Protect|p1a: Wigglytuff\n|-singleturn|p1a: Wigglytuff|Protect\n|cant|p2a: Gouging Fire|par\n|\n|-heal|p1a: Wigglytuff|336/424|[from] item: Leftovers\n|upkeep\n|turn|20\n|\n|t:|1733879027\n|move|p1a: Wigglytuff|Alluring Voice|p2a: Gouging Fire\n|-damage|p2a: Gouging Fire|131/277 par\n|move|p2a: Gouging Fire|Heat Crash|p1a: Wigglytuff\n|-damage|p1a: Wigglytuff|84/424\n|\n|-heal|p1a: Wigglytuff|110/424|[from] item: Leftovers\n|upkeep\n|turn|21\n|\n|t:|1733879036\n|move|p1a: Wigglytuff|Alluring Voice|p2a: Gouging Fire\n|-damage|p2a: Gouging Fire|31/277 par\n|move|p2a: Gouging Fire|Heat Crash|p1a: Wigglytuff\n|-damage|p1a: Wigglytuff|0 fnt\n|faint|p1a: Wigglytuff\n|\n|upkeep\n|\n|t:|1733879044\n|switch|p1a: Braviary|Braviary-Hisui, L85, M|2/326\n|turn|22\n|\n|t:|1733879051\n|move|p1a: Braviary|Esper Wing|p2a: Gouging Fire\n|-damage|p2a: Gouging Fire|0 fnt\n|-boost|p1a: Braviary|spe|1\n|faint|p2a: Gouging Fire\n|-end|p2a: Gouging Fire|Protosynthesis|[silent]\n|\n|upkeep\n|\n|t:|1733879053\n|switch|p2a: Kyogre|Kyogre, L71|259/259\n|-damage|p2a: Kyogre|227/259|[from] Stealth Rock\n|-damage|p2a: Kyogre|163/259|[from] Spikes\n|-weather|RainDance|[from] ability: Drizzle|[of] p2a: Kyogre\n|turn|23\n|\n|t:|1733879063\n|move|p1a: Braviary|Vacuum Wave|p2a: Kyogre\n|-damage|p2a: Kyogre|137/259\n|move|p2a: Kyogre|Thunder|p1a: Braviary\n|-supereffective|p1a: Braviary\n|-damage|p1a: Braviary|0 fnt\n|faint|p1a: Braviary\n|\n|-weather|RainDance|[upkeep]\n|upkeep\n|\n|t:|1733879070\n|switch|p1a: Solgaleo|Solgaleo, L74|325/325\n|turn|24\n|\n|t:|1733879081\n|switch|p2a: Stonjourner|Stonjourner, L91, M|330/330\n|-damage|p2a: Stonjourner|289/330|[from] Stealth Rock\n|-damage|p2a: Stonjourner|207/330|[from] Spikes\n|move|p1a: Solgaleo|Sunsteel Strike|p2a: Stonjourner\n|-supereffective|p2a: Stonjourner\n|-damage|p2a: Stonjourner|55/330\n|\n|-weather|RainDance|[upkeep]\n|upkeep\n|turn|25\n|\n|t:|1733879092\n|move|p1a: Solgaleo|Knock Off|p2a: Stonjourner\n|-damage|p2a: Stonjourner|4/330\n|-enditem|p2a: Stonjourner|Life Orb|[from] move: Knock Off|[of] p1a: Solgaleo\n|move|p2a: Stonjourner|Earthquake|p1a: Solgaleo\n|-supereffective|p1a: Solgaleo\n|-damage|p1a: Solgaleo|123/325\n|\n|-weather|RainDance|[upkeep]\n|upkeep\n|turn|26\n|\n|t:|1733879100\n|move|p1a: Solgaleo|Knock Off|p2a: Stonjourner\n|-damage|p2a: Stonjourner|0 fnt\n|faint|p2a: Stonjourner\n|\n|-weather|RainDance|[upkeep]\n|upkeep\n|\n|t:|1733879102\n|switch|p2a: Kyogre|Kyogre, L71|137/259\n|-damage|p2a: Kyogre|105/259|[from] Stealth Rock\n|-damage|p2a: Kyogre|41/259|[from] Spikes\n|turn|27\n|\n|t:|1733879109\n|move|p2a: Kyogre|Origin Pulse|p1a: Solgaleo\n|-damage|p1a: Solgaleo|0 fnt\n|faint|p1a: Solgaleo\n|\n|win|DonNextDoor\n|c|\u2606DonNextDoor|ggs\n|c|\u2606williamsdj|gg\n", "inputlog": ">version bfd83cad13791eb5a5a409923076391caf6fb4d4\n>start {\"formatid\":\"gen9randombattle\",\"seed\":[30040,11176,30688,43220]}\n>player p1 {\"name\":\"williamsdj\",\"avatar\":\"firebreather\",\"rating\":0,\"seed\":[2423,44675,58987,52233]}\n>player p2 {\"name\":\"DonNextDoor\",\"avatar\":\"ghetsis\",\"rating\":0,\"seed\":[63864,3507,56183,54711]}\n>chat \u2606DonNextDoor|gl hf\n>p1 move strengthsap\n>p2 move doubleedge\n>chat \u2606williamsdj|you too\n>p1 move sleeppowder\n>p2 switch 6\n>p1 move strengthsap\n>p2 move calmmind\n>p1 move sludgebomb\n>p2 move aeroblast\n>p1 move sludgebomb\n>p2 move aeroblast\n>p1 switch 6\n>p1 move dragondance\n>p2 move aeroblast\n>p1 move knockoff\n>p2 move earthpower terastallize\n>p2 switch 5\n>p1 move closecombat\n>p2 move thunder\n>p1 switch 3\n>p1 move stealthrock\n>p2 switch 6\n>p1 move spikes\n>p2 move swordsdance\n>p1 move spikes\n>p2 move swordsdance\n>p1 move spikes\n>p2 move swordsdance\n>p1 move earthquake\n>p2 move doubleedge\n>p1 move throatchop\n>p2 move doubleedge\n>p1 switch 2\n>p1 move esperwing\n>p2 move knockoff\n>p1 move esperwing\n>p2 move knockoff\n>p2 switch 3\n>p1 move uturn\n>p2 move heatcrash\n>p1 switch 4\n>p1 move thunderwave\n>p2 move dragondance\n>p1 move protect\n>p2 move heatcrash\n>p1 move alluringvoice\n>p2 move heatcrash\n>p1 move alluringvoice\n>p2 move heatcrash\n>p1 switch 4\n>p1 move esperwing\n>p2 move heatcrash\n>p2 switch 6\n>p1 move vacuumwave\n>p2 move thunder\n>p1 switch 5\n>p1 move sunsteelstrike\n>p2 switch 4\n>p1 move knockoff\n>p2 move earthquake\n>p1 move knockoff\n>p2 move earthquake\n>p2 switch 4\n>p1 move knockoff\n>p2 move originpulse", "uploadtime": 1733879115, "views": 2, "formatid": "gen9randombattle", "rating": null, "private": 0, "password": null}