{"id": "gen9randombattle-2259926215", "format": "[Gen 9] Random Battle", "players": ["JiafeiStan", "Valent31"], "log": "|j|\u2606JiafeiStan\n|j|\u2606Valent31\n|t:|1733780707\n|gametype|singles\n|player|p1|JiafeiStan|lady|1108\n|player|p2|Valent31|pokemonranger-gen4|1121\n|teamsize|p1|6\n|teamsize|p2|6\n|gen|9\n|tier|[Gen 9] Random Battle\n|rated|\n|rule|Species Clause: Limit one of each Pok\u00e9mon\n|rule|HP Percentage Mod: HP is shown in percentages\n|rule|Sleep Clause Mod: Limit one foe put to sleep\n|rule|Illusion Level Mod: Illusion disguises the Pok\u00e9mon's true level\n|\n|t:|1733780707\n|start\n|switch|p1a: Politoed|Politoed, L88, F|302/302\n|switch|p2a: Eternatus|Eternatus, L69|308/308\n|-ability|p2a: Eternatus|Pressure\n|-weather|RainDance|[from] ability: Drizzle|[of] p1a: Politoed\n|turn|1\n|inactive|Battle timer is ON: inactive players will automatically lose when time's up. (requested by Valent31)\n|\n|t:|1733780718\n|move|p2a: Eternatus|Dynamax Cannon|p1a: Politoed\n|-damage|p1a: Politoed|218/302\n|move|p1a: Politoed|Ice Beam|p2a: Eternatus\n|-supereffective|p2a: Eternatus\n|-damage|p2a: Eternatus|162/308\n|-status|p2a: Eternatus|frz\n|\n|-weather|RainDance|[upkeep]\n|-heal|p2a: Eternatus|181/308 frz|[from] item: Leftovers\n|-heal|p1a: Politoed|236/302|[from] item: Leftovers\n|upkeep\n|turn|2\n|c|\u2606Valent31|:)\n|c|\u2606Valent31|turn 1\n|inactive|JiafeiStan has 120 seconds left.\n|\n|t:|1733780753\n|switch|p2a: Samurott|Samurott, L88, F|310/310\n|move|p1a: Politoed|Ice Beam|p2a: Samurott\n|-resisted|p2a: Samurott\n|-damage|p2a: Samurott|284/310\n|\n|-weather|RainDance|[upkeep]\n|-heal|p1a: Politoed|254/302|[from] item: Leftovers\n|upkeep\n|turn|3\n|inactive|JiafeiStan has 120 seconds left.\n|\n|t:|1733780765\n|move|p2a: Samurott|Grass Knot|p1a: Politoed\n|-supereffective|p1a: Politoed\n|-damage|p1a: Politoed|158/302\n|move|p1a: Politoed|Encore|p2a: Samurott\n|-start|p2a: Samurott|Encore\n|\n|-weather|RainDance|[upkeep]\n|-heal|p1a: Politoed|176/302|[from] item: Leftovers\n|upkeep\n|turn|4\n|\n|t:|1733780774\n|switch|p2a: Ribombee|Ribombee, L82, F|233/233\n|switch|p1a: Whimsicott|Whimsicott, L85, F|241/241\n|\n|-weather|RainDance|[upkeep]\n|upkeep\n|turn|5\n|\n|t:|1733780782\n|move|p1a: Whimsicott|Substitute|p1a: Whimsicott\n|-start|p1a: Whimsicott|Substitute\n|-damage|p1a: Whimsicott|181/241\n|move|p2a: Ribombee|Sticky Web|p1a: Whimsicott\n|-sidestart|p1: JiafeiStan|move: Sticky Web\n|\n|-weather|none\n|-heal|p1a: Whimsicott|196/241|[from] item: Leftovers\n|upkeep\n|turn|6\n|\n|t:|1733780793\n|move|p1a: Whimsicott|Leech Seed|p2a: Ribombee\n|-start|p2a: Ribombee|move: Leech Seed\n|move|p2a: Ribombee|Moonblast|p1a: Whimsicott\n|-end|p1a: Whimsicott|Substitute\n|\n|-heal|p1a: Whimsicott|211/241|[from] item: Leftovers\n|-damage|p2a: Ribombee|204/233|[from] Leech Seed|[of] p1a: Whimsicott\n|-heal|p1a: Whimsicott|240/241|[silent]\n|upkeep\n|turn|7\n|\n|t:|1733780804\n|switch|p2a: Leafeon|Leafeon, L88, F|258/258\n|move|p1a: Whimsicott|Substitute|p1a: Whimsicott\n|-start|p1a: Whimsicott|Substitute\n|-damage|p1a: Whimsicott|180/241\n|\n|-heal|p1a: Whimsicott|195/241|[from] item: Leftovers\n|upkeep\n|turn|8\n|\n|t:|1733780813\n|move|p1a: Whimsicott|Moonblast|p2a: Leafeon\n|-damage|p2a: Leafeon|144/258\n|move|p2a: Leafeon|Swords Dance|p2a: Leafeon\n|-boost|p2a: Leafeon|atk|2\n|\n|-heal|p1a: Whimsicott|210/241|[from] item: Leftovers\n|upkeep\n|turn|9\n|\n|t:|1733780821\n|move|p1a: Whimsicott|Encore|p2a: Leafeon\n|-start|p2a: Leafeon|Encore\n|move|p2a: Leafeon|Swords Dance|p2a: Leafeon\n|-boost|p2a: Leafeon|atk|2\n|\n|-heal|p1a: Whimsicott|225/241|[from] item: Leftovers\n|upkeep\n|turn|10\n|c|\u2606JiafeiStan|whimsicott core\n|\n|t:|1733780837\n|switch|p2a: Eternatus|Eternatus, L69|181/308 frz\n|-ability|p2a: Eternatus|Pressure\n|move|p1a: Whimsicott|Moonblast|p2a: Eternatus\n|-damage|p2a: Eternatus|84/308 frz\n|\n|-heal|p1a: Whimsicott|240/241|[from] item: Leftovers\n|-heal|p2a: Eternatus|103/308 frz|[from] item: Leftovers\n|upkeep\n|turn|11\n|\n|t:|1733780846\n|move|p1a: Whimsicott|Moonblast|p2a: Eternatus\n|-damage|p2a: Eternatus|3/308 frz\n|-curestatus|p2a: Eternatus|frz|[msg]\n|move|p2a: Eternatus|Recover|p2a: Eternatus\n|-heal|p2a: Eternatus|157/308\n|\n|-heal|p1a: Whimsicott|241/241|[from] item: Leftovers\n|-heal|p2a: Eternatus|176/308|[from] item: Leftovers\n|upkeep\n|turn|12\n|c|\u2606JiafeiStan|im gonna totally encore that\n|c|\u2606JiafeiStan|for the funsies\n|\n|t:|1733780864\n|move|p1a: Whimsicott|Encore|p2a: Eternatus\n|-start|p2a: Eternatus|Encore\n|move|p2a: Eternatus|Recover|p2a: Eternatus\n|-heal|p2a: Eternatus|308/308\n|\n|upkeep\n|turn|13\n|c|\u2606JiafeiStan|that was when you were supposed to switch\n|\n|t:|1733780881\n|switch|p2a: Ribombee|Ribombee, L82, F|204/233\n|move|p1a: Whimsicott|Moonblast|p2a: Ribombee\n|-damage|p2a: Ribombee|104/233\n|\n|upkeep\n|turn|14\n|\n|t:|1733780888\n|move|p2a: Ribombee|Moonblast|p1a: Whimsicott\n|-end|p1a: Whimsicott|Substitute\n|move|p1a: Whimsicott|Moonblast|p2a: Ribombee\n|-damage|p2a: Ribombee|0 fnt\n|faint|p2a: Ribombee\n|\n|upkeep\n|\n|t:|1733780897\n|switch|p2a: Eternatus|Eternatus, L69|308/308\n|-ability|p2a: Eternatus|Pressure\n|turn|15\n|\n|t:|1733780902\n|-terastallize|p1a: Whimsicott|Steel\n|move|p1a: Whimsicott|Substitute|p1a: Whimsicott\n|-start|p1a: Whimsicott|Substitute\n|-damage|p1a: Whimsicott|181/241\n|move|p2a: Eternatus|Sludge Bomb|p1a: Whimsicott\n|-immune|p1a: Whimsicott\n|\n|-heal|p1a: Whimsicott|196/241|[from] item: Leftovers\n|upkeep\n|turn|16\n|\n|t:|1733780913\n|move|p1a: Whimsicott|Moonblast|p2a: Eternatus\n|-damage|p2a: Eternatus|197/308\n|-unboost|p2a: Eternatus|spa|1\n|move|p2a: Eternatus|Fire Blast|p1a: Whimsicott\n|-supereffective|p1a: Whimsicott\n|-end|p1a: Whimsicott|Substitute\n|\n|-heal|p1a: Whimsicott|211/241|[from] item: Leftovers\n|-heal|p2a: Eternatus|216/308|[from] item: Leftovers\n|upkeep\n|turn|17\n|c|\u2606JiafeiStan|oops i misclicked\n|c|\u2606JiafeiStan|shouldve encored XD\n|\n|t:|1733780930\n|switch|p1a: Politoed|Politoed, L88, F|176/302\n|-activate|p1a: Politoed|move: Sticky Web\n|-unboost|p1a: Politoed|spe|1\n|-weather|RainDance|[from] ability: Drizzle|[of] p1a: Politoed\n|switch|p2a: Samurott|Samurott, L88, F|284/310\n|\n|-weather|RainDance|[upkeep]\n|-heal|p1a: Politoed|194/302|[from] item: Leftovers\n|upkeep\n|turn|18\n|\n|t:|1733780940\n|move|p2a: Samurott|Grass Knot|p1a: Politoed\n|-supereffective|p1a: Politoed\n|-damage|p1a: Politoed|108/302\n|move|p1a: Politoed|Encore|p2a: Samurott\n|-start|p2a: Samurott|Encore\n|\n|-weather|RainDance|[upkeep]\n|-heal|p1a: Politoed|126/302|[from] item: Leftovers\n|upkeep\n|turn|19\n|\n|t:|1733780948\n|switch|p2a: Eternatus|Eternatus, L69|216/308\n|-ability|p2a: Eternatus|Pressure\n|move|p1a: Politoed|Ice Beam|p2a: Eternatus\n|-supereffective|p2a: Eternatus\n|-damage|p2a: Eternatus|58/308\n|\n|-weather|RainDance|[upkeep]\n|-heal|p2a: Eternatus|77/308|[from] item: Leftovers\n|-heal|p1a: Politoed|144/302|[from] item: Leftovers\n|upkeep\n|turn|20\n|\n|t:|1733780964\n|switch|p2a: Samurott|Samurott, L88, F|284/310\n|move|p1a: Politoed|Ice Beam|p2a: Samurott\n|-resisted|p2a: Samurott\n|-damage|p2a: Samurott|258/310\n|\n|-weather|RainDance|[upkeep]\n|-heal|p1a: Politoed|162/302|[from] item: Leftovers\n|upkeep\n|turn|21\n|\n|t:|1733780976\n|move|p2a: Samurott|Megahorn|p1a: Politoed\n|-damage|p1a: Politoed|65/302\n|move|p1a: Politoed|Hydro Pump|p2a: Samurott\n|-resisted|p2a: Samurott\n|-damage|p2a: Samurott|194/310\n|\n|-weather|none\n|-heal|p1a: Politoed|83/302|[from] item: Leftovers\n|upkeep\n|turn|22\n|\n|t:|1733780984\n|switch|p1a: Whimsicott|Whimsicott, L85, F, tera:Steel|211/241\n|-activate|p1a: Whimsicott|move: Sticky Web\n|-unboost|p1a: Whimsicott|spe|1\n|move|p2a: Samurott|Megahorn|p1a: Whimsicott\n|-resisted|p1a: Whimsicott\n|-crit|p1a: Whimsicott\n|-damage|p1a: Whimsicott|138/241\n|\n|-heal|p1a: Whimsicott|153/241|[from] item: Leftovers\n|upkeep\n|turn|23\n|\n|t:|1733780995\n|move|p2a: Samurott|Flip Turn|p1a: Whimsicott\n|-damage|p1a: Whimsicott|83/241\n|\n|t:|1733781005\n|switch|p2a: Leafeon|Leafeon, L88, F|144/258|[from] Flip Turn\n|move|p1a: Whimsicott|Moonblast|p2a: Leafeon\n|-damage|p2a: Leafeon|39/258\n|-unboost|p2a: Leafeon|spa|1\n|\n|-heal|p1a: Whimsicott|98/241|[from] item: Leftovers\n|upkeep\n|turn|24\n|\n|t:|1733781015\n|move|p2a: Leafeon|Synthesis|p2a: Leafeon\n|-heal|p2a: Leafeon|168/258\n|move|p1a: Whimsicott|Moonblast|p2a: Leafeon\n|-damage|p2a: Leafeon|57/258\n|\n|-heal|p1a: Whimsicott|113/241|[from] item: Leftovers\n|upkeep\n|turn|25\n|\n|t:|1733781023\n|move|p2a: Leafeon|Double-Edge|p1a: Whimsicott\n|-resisted|p1a: Whimsicott\n|-damage|p1a: Whimsicott|45/241\n|-damage|p2a: Leafeon|35/258|[from] Recoil\n|-damage|p2a: Leafeon|10/258|[from] item: Life Orb\n|move|p1a: Whimsicott|Moonblast|p2a: Leafeon\n|-damage|p2a: Leafeon|0 fnt\n|faint|p2a: Leafeon\n|\n|-heal|p1a: Whimsicott|60/241|[from] item: Leftovers\n|upkeep\n|\n|t:|1733781034\n|switch|p2a: Samurott|Samurott, L88, F|194/310\n|turn|26\n|\n|t:|1733781046\n|switch|p1a: Brambleghast|Brambleghast, L88, M|240/240\n|-activate|p1a: Brambleghast|move: Sticky Web\n|-unboost|p1a: Brambleghast|spe|1\n|move|p2a: Samurott|Flip Turn|p1a: Brambleghast\n|-resisted|p1a: Brambleghast\n|-damage|p1a: Brambleghast|200/240\n|\n|t:|1733781056\n|switch|p2a: Eternatus|Eternatus, L69|77/308|[from] Flip Turn\n|-ability|p2a: Eternatus|Pressure\n|\n|-heal|p2a: Eternatus|96/308|[from] item: Leftovers\n|-heal|p1a: Brambleghast|215/240|[from] item: Leftovers\n|upkeep\n|turn|27\n|\n|t:|1733781063\n|switch|p1a: Donphan|Donphan, L84, F|288/288\n|-activate|p1a: Donphan|move: Sticky Web\n|-unboost|p1a: Donphan|spe|1\n|move|p2a: Eternatus|Recover|p2a: Eternatus\n|-heal|p2a: Eternatus|250/308\n|\n|-heal|p2a: Eternatus|269/308|[from] item: Leftovers\n|upkeep\n|turn|28\n|\n|t:|1733781072\n|switch|p2a: Samurott|Samurott, L88, F|194/310\n|move|p1a: Donphan|Rapid Spin|p2a: Samurott\n|-damage|p2a: Samurott|150/310\n|-boost|p1a: Donphan|spe|1\n|-sideend|p1: JiafeiStan|Sticky Web|[from] move: Rapid Spin|[of] p1a: Donphan\n|\n|upkeep\n|turn|29\n|c|\u2606JiafeiStan|no more webs i think theyre a bit not very nice\n|\n|t:|1733781083\n|switch|p1a: Politoed|Politoed, L88, F|83/302\n|-weather|RainDance|[from] ability: Drizzle|[of] p1a: Politoed\n|move|p2a: Samurott|Hydro Pump|p1a: Politoed\n|-resisted|p1a: Politoed\n|-damage|p1a: Politoed|0 fnt\n|faint|p1a: Politoed\n|\n|-weather|RainDance|[upkeep]\n|upkeep\n|\n|t:|1733781086\n|switch|p1a: Brambleghast|Brambleghast, L88, M|215/240\n|turn|30\n|\n|t:|1733781095\n|move|p1a: Brambleghast|Poltergeist|p2a: Samurott\n|-activate|p2a: Samurott|move: Poltergeist|Assault Vest\n|-damage|p2a: Samurott|5/310\n|move|p2a: Samurott|Megahorn|p1a: Brambleghast\n|-damage|p1a: Brambleghast|112/240\n|\n|-weather|RainDance|[upkeep]\n|-heal|p1a: Brambleghast|127/240|[from] item: Leftovers\n|upkeep\n|turn|31\n|\n|t:|1733781106\n|move|p1a: Brambleghast|Strength Sap|p2a: Samurott\n|-unboost|p2a: Samurott|atk|1\n|-heal|p1a: Brambleghast|240/240\n|move|p2a: Samurott|Hydro Pump|p1a: Brambleghast\n|-resisted|p1a: Brambleghast\n|-damage|p1a: Brambleghast|74/240\n|\n|-weather|RainDance|[upkeep]\n|-heal|p1a: Brambleghast|89/240|[from] item: Leftovers\n|upkeep\n|turn|32\n|\n|t:|1733781115\n|move|p1a: Brambleghast|Poltergeist|p2a: Samurott\n|-activate|p2a: Samurott|move: Poltergeist|Assault Vest\n|-damage|p2a: Samurott|0 fnt\n|faint|p2a: Samurott\n|\n|-weather|RainDance|[upkeep]\n|-heal|p1a: Brambleghast|104/240|[from] item: Leftovers\n|upkeep\n|\n|t:|1733781126\n|switch|p2a: Eternatus|Eternatus, L69|269/308\n|-ability|p2a: Eternatus|Pressure\n|turn|33\n|\n|t:|1733781132\n|move|p2a: Eternatus|Sludge Bomb|p1a: Brambleghast\n|-damage|p1a: Brambleghast|0 fnt\n|faint|p1a: Brambleghast\n|\n|-weather|none\n|-heal|p2a: Eternatus|288/308|[from] item: Leftovers\n|upkeep\n|\n|t:|1733781135\n|switch|p1a: Whimsicott|Whimsicott, L85, F, tera:Steel|60/241\n|turn|34\n|\n|t:|1733781143\n|switch|p2a: Porygon2|Porygon2, L82|274/274\n|-ability|p2a: Porygon2|Download|boost\n|-boost|p2a: Porygon2|spa|1\n|move|p1a: Whimsicott|Encore||[still]\n|-fail|p1a: Whimsicott\n|\n|-heal|p1a: Whimsicott|75/241|[from] item: Leftovers\n|upkeep\n|turn|35\n|\n|t:|1733781154\n|move|p1a: Whimsicott|Substitute|p1a: Whimsicott\n|-start|p1a: Whimsicott|Substitute\n|-damage|p1a: Whimsicott|15/241\n|move|p2a: Porygon2|Discharge|p1a: Whimsicott\n|-end|p1a: Whimsicott|Substitute\n|\n|-heal|p1a: Whimsicott|30/241|[from] item: Leftovers\n|upkeep\n|turn|36\n|\n|t:|1733781161\n|move|p1a: Whimsicott|Encore|p2a: Porygon2\n|-start|p2a: Porygon2|Encore\n|move|p2a: Porygon2|Discharge|p1a: Whimsicott\n|-damage|p1a: Whimsicott|0 fnt\n|faint|p1a: Whimsicott\n|\n|upkeep\n|\n|t:|1733781163\n|switch|p1a: Donphan|Donphan, L84, F|288/288\n|turn|37\n|\n|t:|1733781178\n|switch|p2a: Eternatus|Eternatus, L69|288/308\n|-ability|p2a: Eternatus|Pressure\n|move|p1a: Donphan|Earthquake|p2a: Eternatus\n|-supereffective|p2a: Eternatus\n|-damage|p2a: Eternatus|0 fnt\n|faint|p2a: Eternatus\n|\n|upkeep\n|\n|t:|1733781186\n|switch|p2a: Porygon2|Porygon2, L82|274/274\n|-ability|p2a: Porygon2|Download|boost\n|-boost|p2a: Porygon2|spa|1\n|turn|38\n|\n|t:|1733781190\n|move|p2a: Porygon2|Ice Beam|p1a: Donphan\n|-supereffective|p1a: Donphan\n|-crit|p1a: Donphan\n|-damage|p1a: Donphan|54/288\n|-status|p1a: Donphan|frz\n|-curestatus|p1a: Donphan|frz|[msg]\n|move|p1a: Donphan|Knock Off|p2a: Porygon2\n|-damage|p2a: Porygon2|217/274\n|-enditem|p2a: Porygon2|Eviolite|[from] move: Knock Off|[of] p1a: Donphan\n|\n|upkeep\n|turn|39\n|\n|t:|1733781201\n|move|p2a: Porygon2|Tri Attack|p1a: Donphan\n|-damage|p1a: Donphan|0 fnt\n|faint|p1a: Donphan\n|\n|upkeep\n|\n|t:|1733781202\n|switch|p1a: Infernape|Infernape, L82, F|259/259\n|turn|40\n|\n|t:|1733781215\n|move|p1a: Infernape|Close Combat|p2a: Porygon2\n|-supereffective|p2a: Porygon2\n|-damage|p2a: Porygon2|0 fnt\n|-unboost|p1a: Infernape|def|1\n|-unboost|p1a: Infernape|spd|1\n|faint|p2a: Porygon2\n|-damage|p1a: Infernape|234/259|[from] item: Life Orb\n|\n|upkeep\n|\n|t:|1733781222\n|switch|p2a: Solgaleo|Solgaleo, L74|325/325\n|turn|41\n|\n|t:|1733781245\n|move|p1a: Infernape|Overheat|p2a: Solgaleo\n|-supereffective|p2a: Solgaleo\n|-crit|p2a: Solgaleo\n|-damage|p2a: Solgaleo|0 fnt\n|-unboost|p1a: Infernape|spa|2\n|faint|p2a: Solgaleo\n|-damage|p1a: Infernape|209/259|[from] item: Life Orb\n|\n|win|JiafeiStan\n|raw|JiafeiStan's rating: 1059 &rarr; <strong>1096</strong><br />(+37 for winning)\n|raw|Valent31's rating: 1121 &rarr; <strong>1092</strong><br />(-29 for losing)\n|c|\u2606JiafeiStan|gg :3\n|c|\u2606JiafeiStan|giggles cutely\n|l|\u2606Valent31\n|player|p2|\n|c|\u2606JiafeiStan|i love being pretty\n", "inputlog": ">version bfd83cad13791eb5a5a409923076391caf6fb4d4\n>start {\"formatid\":\"gen9randombattle\",\"seed\":[33629,43602,39852,58661],\"rated\":\"Rated battle\"}\n>player p1 {\"name\":\"JiafeiStan\",\"avatar\":\"lady\",\"rating\":1108,\"seed\":[1626,25875,16299,40021]}\n>player p2 {\"name\":\"Valent31\",\"avatar\":\"pokemonranger-gen4\",\"rating\":1121,\"seed\":[58872,154,63108,30727]}\n>p1 move icebeam\n>p2 move dynamaxcannon\n>chat \u2606Valent31|:)\n>chat \u2606Valent31|turn 1\n>p1 move icebeam\n>p2 switch 5\n>p1 move encore\n>p2 move grassknot\n>p1 switch 5\n>p2 switch 4\n>p1 move substitute\n>p2 move stickyweb\n>p1 move leechseed\n>p2 move moonblast\n>p1 move substitute\n>p2 switch 2\n>p1 move moonblast\n>p2 move swordsdance\n>p1 move encore\n>p2 move synthesis\n>chat \u2606JiafeiStan|whimsicott core\n>p1 move moonblast\n>p2 switch 5\n>p1 move moonblast\n>p2 move recover\n>chat \u2606JiafeiStan|im gonna totally encore that\n>chat \u2606JiafeiStan|for the funsies\n>p1 move encore\n>p2 move recover\n>chat \u2606JiafeiStan|that was when you were supposed to switch\n>p1 move moonblast\n>p2 switch 2\n>p1 move moonblast\n>p2 move moonblast\n>p2 switch 2\n>p1 move substitute terastallize\n>p2 move sludgebomb\n>p1 move moonblast\n>p2 move fireblast\n>chat \u2606JiafeiStan|oops i misclicked\n>chat \u2606JiafeiStan|shouldve encored XD\n>p1 switch 5\n>p2 switch 4\n>p1 move encore\n>p2 move grassknot\n>p1 move icebeam\n>p2 switch 4\n>p1 move icebeam\n>p2 switch 4\n>p1 move hydropump\n>p2 move megahorn\n>p1 switch 5\n>p2 move megahorn\n>p1 move moonblast\n>p2 move flipturn\n>p2 switch 5\n>p1 move moonblast\n>p2 move synthesis\n>p1 move moonblast\n>p2 move doubleedge\n>p2 switch 5\n>p1 switch 4\n>p2 move flipturn\n>p2 switch 4\n>p1 switch 3\n>p2 move recover\n>p1 move rapidspin\n>p2 switch 4\n>chat \u2606JiafeiStan|no more webs i think theyre a bit not very nice\n>p1 switch 5\n>p2 move hydropump\n>p1 switch 3\n>p1 move poltergeist\n>p2 move megahorn\n>p1 move strengthsap\n>p2 move hydropump\n>p1 move poltergeist\n>p2 move hydropump\n>p2 switch 4\n>p1 move strengthsap\n>p2 move sludgebomb\n>p1 switch 4\n>p1 move encore\n>p2 switch 6\n>p1 move substitute\n>p2 move discharge\n>p1 move encore\n>p2 move discharge\n>p1 switch 5\n>p1 move earthquake\n>p2 switch 6\n>p2 switch 6\n>p1 move knockoff\n>p2 move icebeam\n>p1 move earthquake\n>p2 move triattack\n>p1 switch 6\n>p1 move closecombat\n>p2 move triattack\n>p2 switch 3\n>p1 move overheat\n>p2 move flamecharge", "uploadtime": 1733781268, "views": 1, "formatid": "gen9randombattle", "rating": 1092, "private": 0, "password": null}