{"id": "gen9randombattle-2120870998", "format": "[Gen 9] Random Battle", "players": ["egakecleons", "TheDudeBlake"], "log": "|j|\u2606egakecleons\n|j|\u2606TheDudeBlake\n|t:|1715218180\n|gametype|singles\n|player|p1|egakecleons|169|2373\n|player|p2|TheDudeBlake|schoolkid-gen4dp|2319\n|teamsize|p1|6\n|teamsize|p2|6\n|gen|9\n|tier|[Gen 9] Random Battle\n|rated|\n|rule|Species Clause: Limit one of each Pok\u00e9mon\n|rule|HP Percentage Mod: HP is shown in percentages\n|rule|Sleep Clause Mod: Limit one foe put to sleep\n|rule|Illusion Level Mod: Illusion disguises the Pok\u00e9mon's true level\n|\n|t:|1715218180\n|start\n|switch|p1a: Sudowoodo|Sudowoodo, L93, M|281/281\n|switch|p2a: Raging Bolt|Raging Bolt, L78|323/323\n|turn|1\n|\n|t:|1715218212\n|move|p2a: Raging Bolt|Thunderbolt|p1a: Sudowoodo\n|-damage|p1a: Sudowoodo|161/281\n|move|p1a: Sudowoodo|Stealth Rock|p2a: Raging Bolt\n|-sidestart|p2: TheDudeBlake|move: Stealth Rock\n|\n|-heal|p1a: Sudowoodo|178/281|[from] item: Leftovers\n|upkeep\n|turn|2\n|\n|t:|1715218221\n|move|p2a: Raging Bolt|Thunderbolt|p1a: Sudowoodo\n|-damage|p1a: Sudowoodo|46/281\n|move|p1a: Sudowoodo|Head Smash|p2a: Raging Bolt\n|-damage|p2a: Raging Bolt|121/323\n|\n|-heal|p2a: Raging Bolt|141/323|[from] item: Leftovers\n|-heal|p1a: Sudowoodo|63/281|[from] item: Leftovers\n|upkeep\n|turn|3\n|\n|t:|1715218228\n|move|p2a: Raging Bolt|Thunderclap|p1a: Sudowoodo\n|-damage|p1a: Sudowoodo|0 fnt\n|faint|p1a: Sudowoodo\n|\n|-heal|p2a: Raging Bolt|161/323|[from] item: Leftovers\n|upkeep\n|\n|t:|1715218255\n|switch|p1a: Dunsparce|Dunsparce, L86, M|312/312\n|turn|4\n|\n|t:|1715218270\n|-end|p2a: Raging Bolt|Protosynthesis|[silent]\n|switch|p2a: Sandslash|Sandslash-Alola, L88, M|275/275\n|-damage|p2a: Sandslash|241/275|[from] Stealth Rock\n|move|p1a: Dunsparce|Earthquake|p2a: Sandslash\n|-supereffective|p2a: Sandslash\n|-damage|p2a: Sandslash|153/275\n|\n|-heal|p2a: Sandslash|170/275|[from] item: Leftovers\n|upkeep\n|turn|5\n|\n|t:|1715218277\n|move|p2a: Sandslash|Rapid Spin|p1a: Dunsparce\n|-damage|p1a: Dunsparce|279/312\n|-boost|p2a: Sandslash|spe|1\n|-sideend|p2: TheDudeBlake|Stealth Rock|[from] move: Rapid Spin|[of] p2a: Sandslash\n|move|p1a: Dunsparce|Coil|p1a: Dunsparce\n|-boost|p1a: Dunsparce|atk|1\n|-boost|p1a: Dunsparce|def|1\n|-boost|p1a: Dunsparce|accuracy|1\n|\n|-heal|p2a: Sandslash|187/275|[from] item: Leftovers\n|upkeep\n|turn|6\n|\n|t:|1715218279\n|move|p2a: Sandslash|Swords Dance|p2a: Sandslash\n|-boost|p2a: Sandslash|atk|2\n|move|p1a: Dunsparce|Earthquake|p2a: Sandslash\n|-supereffective|p2a: Sandslash\n|-crit|p2a: Sandslash\n|-damage|p2a: Sandslash|0 fnt\n|faint|p2a: Sandslash\n|\n|upkeep\n|\n|t:|1715218287\n|switch|p2a: Fezandipiti|Fezandipiti, L82, M|278/278\n|turn|7\n|\n|t:|1715218291\n|move|p2a: Fezandipiti|Beat Up|p1a: Dunsparce\n|-damage|p1a: Dunsparce|274/312\n|-damage|p1a: Dunsparce|269/312\n|-damage|p1a: Dunsparce|265/312\n|-damage|p1a: Dunsparce|258/312\n|-damage|p1a: Dunsparce|253/312\n|-hitcount|p1a: Dunsparce|5\n|move|p1a: Dunsparce|Body Slam|p2a: Fezandipiti\n|-damage|p2a: Fezandipiti|151/278\n|\n|upkeep\n|turn|8\n|\n|t:|1715218296\n|move|p2a: Fezandipiti|Beat Up|p1a: Dunsparce\n|-damage|p1a: Dunsparce|248/312\n|-status|p1a: Dunsparce|tox|[from] ability: Toxic Chain|[of] p2a: Fezandipiti\n|-damage|p1a: Dunsparce|242/312 tox\n|-damage|p1a: Dunsparce|238/312 tox\n|-damage|p1a: Dunsparce|232/312 tox\n|-damage|p1a: Dunsparce|227/312 tox\n|-hitcount|p1a: Dunsparce|5\n|move|p1a: Dunsparce|Roost|p1a: Dunsparce\n|-heal|p1a: Dunsparce|312/312 tox\n|-singleturn|p1a: Dunsparce|move: Roost\n|\n|-damage|p1a: Dunsparce|293/312 tox|[from] psn\n|upkeep\n|turn|9\n|\n|t:|1715218302\n|move|p2a: Fezandipiti|Heat Wave|p1a: Dunsparce|[miss]\n|-miss|p2a: Fezandipiti|p1a: Dunsparce\n|move|p1a: Dunsparce|Earthquake|p2a: Fezandipiti\n|-supereffective|p2a: Fezandipiti\n|-damage|p2a: Fezandipiti|0 fnt\n|faint|p2a: Fezandipiti\n|\n|-damage|p1a: Dunsparce|255/312 tox|[from] psn\n|upkeep\n|\n|t:|1715218307\n|switch|p2a: Kleavor|Kleavor, L78, F|237/237\n|turn|10\n|\n|t:|1715218312\n|move|p2a: Kleavor|U-turn|p1a: Dunsparce\n|-damage|p1a: Dunsparce|207/312 tox\n|\n|t:|1715218314\n|switch|p2a: Raging Bolt|Raging Bolt, L78|161/323|[from] U-turn\n|move|p1a: Dunsparce|Earthquake|p2a: Raging Bolt\n|-supereffective|p2a: Raging Bolt\n|-damage|p2a: Raging Bolt|0 fnt\n|faint|p2a: Raging Bolt\n|-end|p2a: Raging Bolt|Protosynthesis|[silent]\n|\n|-damage|p1a: Dunsparce|150/312 tox|[from] psn\n|upkeep\n|\n|t:|1715218315\n|switch|p2a: Kleavor|Kleavor, L78, F|237/237\n|turn|11\n|\n|t:|1715218319\n|move|p2a: Kleavor|Stone Axe|p1a: Dunsparce\n|-damage|p1a: Dunsparce|90/312 tox\n|-sidestart|p1: egakecleons|move: Stealth Rock\n|move|p1a: Dunsparce|Roost|p1a: Dunsparce\n|-heal|p1a: Dunsparce|246/312 tox\n|-singleturn|p1a: Dunsparce|move: Roost\n|\n|-damage|p1a: Dunsparce|170/312 tox|[from] psn\n|upkeep\n|turn|12\n|\n|t:|1715218324\n|move|p2a: Kleavor|Stone Axe|p1a: Dunsparce\n|-damage|p1a: Dunsparce|112/312 tox\n|move|p1a: Dunsparce|Roost|p1a: Dunsparce\n|-heal|p1a: Dunsparce|268/312 tox\n|-singleturn|p1a: Dunsparce|move: Roost\n|\n|-damage|p1a: Dunsparce|173/312 tox|[from] psn\n|upkeep\n|turn|13\n|\n|t:|1715218334\n|-terastallize|p1a: Dunsparce|Ground\n|move|p2a: Kleavor|Stone Axe|p1a: Dunsparce\n|-resisted|p1a: Dunsparce\n|-damage|p1a: Dunsparce|142/312 tox\n|move|p1a: Dunsparce|Earthquake|p2a: Kleavor\n|-damage|p2a: Kleavor|113/237\n|\n|-damage|p1a: Dunsparce|28/312 tox|[from] psn\n|upkeep\n|turn|14\n|\n|t:|1715218339\n|move|p2a: Kleavor|Stone Axe|p1a: Dunsparce|[miss]\n|-miss|p2a: Kleavor|p1a: Dunsparce\n|move|p1a: Dunsparce|Earthquake|p2a: Kleavor\n|-damage|p2a: Kleavor|0 fnt\n|faint|p2a: Kleavor\n|\n|-damage|p1a: Dunsparce|0 fnt|[from] psn\n|faint|p1a: Dunsparce\n|upkeep\n|\n|t:|1715218345\n|switch|p2a: Whiscash|Whiscash, L88, F|337/337\n|switch|p1a: Kyurem|Kyurem-Black, L71|295/295\n|-damage|p1a: Kyurem|222/295|[from] Stealth Rock\n|-ability|p1a: Kyurem|Teravolt\n|turn|15\n|\n|t:|1715218351\n|move|p1a: Kyurem|Scale Shot|p2a: Whiscash\n|-crit|p2a: Whiscash\n|-damage|p2a: Whiscash|283/337\n|-damage|p2a: Whiscash|252/337\n|-damage|p2a: Whiscash|216/337\n|-damage|p2a: Whiscash|180/337\n|-crit|p2a: Whiscash\n|-damage|p2a: Whiscash|126/337\n|-hitcount|p2a: Whiscash|5\n|-unboost|p1a: Kyurem|def|1\n|-boost|p1a: Kyurem|spe|1\n|move|p2a: Whiscash|Earthquake|p1a: Kyurem\n|-damage|p1a: Kyurem|68/295\n|\n|-heal|p2a: Whiscash|147/337|[from] item: Leftovers\n|upkeep\n|turn|16\n|\n|t:|1715218363\n|-terastallize|p2a: Whiscash|Steel\n|move|p1a: Kyurem|Icicle Spear|p2a: Whiscash\n|-resisted|p2a: Whiscash\n|-damage|p2a: Whiscash|132/337\n|-resisted|p2a: Whiscash\n|-crit|p2a: Whiscash\n|-damage|p2a: Whiscash|107/337\n|-resisted|p2a: Whiscash\n|-damage|p2a: Whiscash|91/337\n|-resisted|p2a: Whiscash\n|-damage|p2a: Whiscash|76/337\n|-resisted|p2a: Whiscash\n|-damage|p2a: Whiscash|58/337\n|-hitcount|p2a: Whiscash|5\n|move|p2a: Whiscash|Earthquake|p1a: Kyurem\n|-damage|p1a: Kyurem|0 fnt\n|faint|p1a: Kyurem\n|\n|-heal|p2a: Whiscash|79/337|[from] item: Leftovers\n|upkeep\n|\n|t:|1715218382\n|switch|p1a: Palkia|Palkia-Origin, L72|249/249\n|-damage|p1a: Palkia|218/249|[from] Stealth Rock\n|-ability|p1a: Palkia|Pressure\n|turn|17\n|\n|t:|1715218395\n|move|p1a: Palkia|Spacial Rend|p2a: Whiscash\n|-resisted|p2a: Whiscash\n|-damage|p2a: Whiscash|1/337\n|move|p2a: Whiscash|Earthquake|p1a: Palkia\n|-damage|p1a: Palkia|110/249\n|\n|-heal|p2a: Whiscash|22/337|[from] item: Leftovers\n|upkeep\n|turn|18\n|\n|t:|1715218400\n|move|p1a: Palkia|Spacial Rend|p2a: Whiscash\n|-resisted|p2a: Whiscash\n|-damage|p2a: Whiscash|0 fnt\n|faint|p2a: Whiscash\n|\n|upkeep\n|\n|t:|1715218402\n|switch|p2a: Espeon|Espeon, L84, M|246/246\n|turn|19\n|\n|t:|1715218408\n|switch|p1a: Metagross|Metagross, L79|256/256\n|-damage|p1a: Metagross|240/256|[from] Stealth Rock\n|move|p2a: Espeon|Alluring Voice|p1a: Metagross\n|-resisted|p1a: Metagross\n|-damage|p1a: Metagross|195/256\n|-damage|p2a: Espeon|222/246|[from] item: Life Orb\n|\n|upkeep\n|turn|20\n|\n|t:|1715218416\n|move|p1a: Metagross|Bullet Punch|p2a: Espeon\n|-crit|p2a: Espeon\n|-damage|p2a: Espeon|87/246\n|move|p2a: Espeon|Shadow Ball|p1a: Metagross\n|-supereffective|p1a: Metagross\n|-damage|p1a: Metagross|0 fnt\n|faint|p1a: Metagross\n|-damage|p2a: Espeon|63/246|[from] item: Life Orb\n|\n|upkeep\n|\n|t:|1715218426\n|switch|p1a: Slowbro|Slowbro-Galar, L87, F|307/307\n|-damage|p1a: Slowbro|269/307|[from] Stealth Rock\n|turn|21\n|\n|t:|1715218430\n|move|p2a: Espeon|Morning Sun|p2a: Espeon\n|-heal|p2a: Espeon|186/246\n|move|p1a: Slowbro|Shell Side Arm|p2a: Espeon|[anim] Shell Side Arm Physical\n|-damage|p2a: Espeon|48/246\n|-hint|Physical Shell Side Arm\n|\n|-heal|p1a: Slowbro|288/307|[from] item: Leftovers\n|upkeep\n|turn|22\n|\n|t:|1715218438\n|move|p2a: Espeon|Shadow Ball|p1a: Slowbro\n|-supereffective|p1a: Slowbro\n|-damage|p1a: Slowbro|93/307\n|-unboost|p1a: Slowbro|spd|1\n|-damage|p2a: Espeon|24/246|[from] item: Life Orb\n|move|p1a: Slowbro|Shell Side Arm|p2a: Espeon|[anim] Shell Side Arm Physical\n|-damage|p2a: Espeon|0 fnt\n|-hint|Physical Shell Side Arm\n|faint|p2a: Espeon\n|\n|win|egakecleons\n|raw|egakecleons's rating: 2373 &rarr; <strong>2390</strong><br />(+17 for winning)\n|raw|TheDudeBlake's rating: 2319 &rarr; <strong>2302</strong><br />(-17 for losing)\n|l|\u2606TheDudeBlake\n|player|p2|\n", "inputlog": ">version d87f45fad9b955c6072adc425367687e8a017379\n>start {\"formatid\":\"gen9randombattle\",\"seed\":[23899,59434,27047,3666],\"rated\":\"Rated battle\"}\n>player p1 {\"name\":\"egakecleons\",\"avatar\":\"169\",\"rating\":2373,\"seed\":[33387,16983,44887,65483]}\n>player p2 {\"name\":\"TheDudeBlake\",\"avatar\":\"schoolkid-gen4dp\",\"rating\":2319,\"seed\":[8273,51449,6355,64504]}\n>p1 move stealthrock\n>p2 move thunderbolt\n>p1 move headsmash\n>p2 move thunderbolt\n>p1 move headsmash\n>p2 move thunderclap\n>p1 switch 5\n>p1 move earthquake\n>p2 switch 2\n>p1 move coil\n>p2 move rapidspin\n>p1 move earthquake\n>p2 move swordsdance\n>p2 switch 3\n>p1 move bodyslam\n>p2 move beatup\n>p1 move roost\n>p2 move beatup\n>p1 move earthquake\n>p2 move heatwave\n>p2 switch 5\n>p1 move earthquake\n>p2 move uturn\n>p2 switch 2\n>p2 switch 2\n>p1 move roost\n>p2 move stoneaxe\n>p1 move roost\n>p2 move stoneaxe\n>p1 move earthquake terastallize\n>p2 move stoneaxe\n>p1 move earthquake\n>p2 move stoneaxe\n>p1 switch 4\n>p2 switch 6\n>p1 move scaleshot\n>p2 move earthquake\n>p1 move iciclespear\n>p2 move earthquake terastallize\n>p1 switch 6\n>p1 move spacialrend\n>p2 move earthquake\n>p1 move spacialrend\n>p2 move earthquake\n>p2 switch 4\n>p1 switch 2\n>p2 move alluringvoice\n>p1 move bulletpunch\n>p2 move shadowball\n>p1 switch 3\n>p1 move shellsidearm\n>p2 move morningsun\n>p1 move shellsidearm\n>p2 move shadowball", "uploadtime": 1715218456, "views": 226, "formatid": "gen9randombattle", "rating": 2302, "private": 0, "password": null}