{"id": "gen9randombattle-2259981005", "format": "[Gen 9] Random Battle", "players": ["defenseisme", "Ganddara"], "log": "|j|\u2606defenseisme\n|j|\u2606Ganddara\n|t:|1733787083\n|gametype|singles\n|player|p1|defenseisme|hoopster|1115\n|player|p2|Ganddara|ingo|1093\n|teamsize|p1|6\n|teamsize|p2|6\n|gen|9\n|tier|[Gen 9] Random Battle\n|rated|\n|rule|Species Clause: Limit one of each Pok\u00e9mon\n|rule|HP Percentage Mod: HP is shown in percentages\n|rule|Sleep Clause Mod: Limit one foe put to sleep\n|rule|Illusion Level Mod: Illusion disguises the Pok\u00e9mon's true level\n|\n|t:|1733787083\n|start\n|switch|p1a: Drifblim|Drifblim, L86, F|396/396\n|switch|p2a: Passimian|Passimian, L83, F|302/302\n|turn|1\n|\n|t:|1733787092\n|move|p2a: Passimian|Knock Off|p1a: Drifblim\n|-supereffective|p1a: Drifblim\n|-damage|p1a: Drifblim|124/396\n|-enditem|p1a: Drifblim|Sitrus Berry|[from] move: Knock Off|[of] p2a: Passimian\n|move|p1a: Drifblim|Strength Sap|p2a: Passimian\n|-unboost|p2a: Passimian|atk|1\n|-ability|p2a: Passimian|Defiant|boost\n|-boost|p2a: Passimian|atk|2\n|-heal|p1a: Drifblim|371/396\n|\n|upkeep\n|turn|2\n|\n|t:|1733787171\n|switch|p1a: Iron Treads|Iron Treads, L77|265/265\n|move|p2a: Passimian|Knock Off|p1a: Iron Treads\n|-damage|p1a: Iron Treads|161/265\n|-enditem|p1a: Iron Treads|Assault Vest|[from] move: Knock Off|[of] p2a: Passimian\n|\n|upkeep\n|turn|3\n|inactive|Battle timer is ON: inactive players will automatically lose when time's up. (requested by Ganddara)\n|\n|t:|1733787186\n|switch|p2a: Eelektross|Eelektross, L87, M|290/290\n|move|p1a: Iron Treads|Earthquake|p2a: Eelektross\n|-immune|p2a: Eelektross|[from] ability: Levitate\n|\n|upkeep\n|turn|4\n|inactive|defenseisme has 120 seconds left.\n|inactive|defenseisme has 90 seconds left.\n|\n|t:|1733787262\n|move|p1a: Iron Treads|Iron Head|p2a: Eelektross\n|-resisted|p2a: Eelektross\n|-damage|p2a: Eelektross|249/290\n|move|p2a: Eelektross|Coil|p2a: Eelektross\n|-boost|p2a: Eelektross|atk|1\n|-boost|p2a: Eelektross|def|1\n|-boost|p2a: Eelektross|accuracy|1\n|\n|-heal|p2a: Eelektross|267/290|[from] item: Leftovers\n|upkeep\n|turn|5\n|\n|t:|1733787286\n|-end|p1a: Iron Treads|Quark Drive|[silent]\n|switch|p1a: Drifblim|Drifblim, L86, F|371/396\n|move|p2a: Eelektross|Drain Punch|p1a: Drifblim\n|-immune|p1a: Drifblim\n|\n|-heal|p2a: Eelektross|285/290|[from] item: Leftovers\n|upkeep\n|turn|6\n|\n|t:|1733787295\n|move|p1a: Drifblim|Strength Sap|p2a: Eelektross\n|-unboost|p2a: Eelektross|atk|1\n|-heal|p1a: Drifblim|396/396\n|move|p2a: Eelektross|Supercell Slam|p1a: Drifblim\n|-supereffective|p1a: Drifblim\n|-damage|p1a: Drifblim|22/396\n|\n|-heal|p2a: Eelektross|290/290|[from] item: Leftovers\n|upkeep\n|turn|7\n|\n|t:|1733787317\n|move|p1a: Drifblim|Strength Sap|p2a: Eelektross\n|-unboost|p2a: Eelektross|atk|1\n|-heal|p1a: Drifblim|272/396\n|move|p2a: Eelektross|Supercell Slam|p1a: Drifblim\n|-supereffective|p1a: Drifblim\n|-damage|p1a: Drifblim|0 fnt\n|faint|p1a: Drifblim\n|\n|upkeep\n|\n|t:|1733787333\n|switch|p1a: Persian|Persian-Alola, L86, M|252/252\n|turn|8\n|\n|t:|1733787353\n|switch|p2a: Passimian|Passimian, L83, F|302/302\n|move|p1a: Persian|Parting Shot|p2a: Passimian\n|-unboost|p2a: Passimian|atk|1\n|-ability|p2a: Passimian|Defiant|boost\n|-boost|p2a: Passimian|atk|2\n|-unboost|p2a: Passimian|spa|1\n|-ability|p2a: Passimian|Defiant|boost\n|-boost|p2a: Passimian|atk|2\n|inactive|defenseisme has 60 seconds left.\n|\n|t:|1733787385\n|switch|p1a: Brambleghast|Brambleghast, L88, M|240/240|[from] Parting Shot\n|\n|upkeep\n|turn|9\n|\n|t:|1733787394\n|move|p2a: Passimian|Knock Off|p1a: Brambleghast\n|-supereffective|p1a: Brambleghast\n|-damage|p1a: Brambleghast|0 fnt\n|-enditem|p1a: Brambleghast|Leftovers|[from] move: Knock Off|[of] p2a: Passimian\n|faint|p1a: Brambleghast\n|\n|upkeep\n|-message|defenseisme forfeited.\n|\n|win|Ganddara\n|raw|defenseisme's rating: 1115 &rarr; <strong>1088</strong><br />(-27 for losing)\n|raw|Ganddara's rating: 1093 &rarr; <strong>1121</strong><br />(+28 for winning)\n|l|\u2606defenseisme\n|player|p1|\n", "inputlog": ">version bfd83cad13791eb5a5a409923076391caf6fb4d4\n>start {\"formatid\":\"gen9randombattle\",\"seed\":[54319,46987,57149,25286],\"rated\":\"Rated battle\"}\n>player p1 {\"name\":\"defenseisme\",\"avatar\":\"hoopster\",\"rating\":1115,\"seed\":[39560,49845,25206,47758]}\n>player p2 {\"name\":\"Ganddara\",\"avatar\":\"ingo\",\"rating\":1093,\"seed\":[32138,34801,25434,6247]}\n>p1 move strengthsap\n>p2 move knockoff\n>p1 switch 3\n>p2 move knockoff\n>p1 move earthquake\n>p2 switch 3\n>p1 move ironhead\n>p2 move coil\n>p1 switch 3\n>p2 move drainpunch\n>p1 move strengthsap\n>p2 move supercellslam\n>p1 move strengthsap\n>p2 move supercellslam\n>p1 switch 4\n>p1 move partingshot\n>p2 switch 3\n>p1 switch 5\n>p1 move powerwhip\n>p2 move knockoff\n>forcelose p1", "uploadtime": 1733787413, "views": 2, "formatid": "gen9randombattle", "rating": 1088, "private": 0, "password": null}