{"id": "gen9randombattle-2260102466", "format": "[Gen 9] Random Battle", "players": ["Judojd", "orion.jpg"], "log": "|j|\u2606Judojd\n|j|\u2606orion.jpg\n|t:|1733802748\n|gametype|singles\n|player|p1|Judojd|170|1764\n|player|p2|orion.jpg|169|1797\n|teamsize|p1|6\n|teamsize|p2|6\n|gen|9\n|tier|[Gen 9] Random Battle\n|rated|\n|rule|Species Clause: Limit one of each Pok\u00e9mon\n|rule|HP Percentage Mod: HP is shown in percentages\n|rule|Sleep Clause Mod: Limit one foe put to sleep\n|rule|Illusion Level Mod: Illusion disguises the Pok\u00e9mon's true level\n|\n|t:|1733802748\n|start\n|switch|p1a: Porygon-Z|Porygon-Z, L83|277/277\n|switch|p2a: Miraidon|Miraidon, L65|238/238\n|-fieldstart|move: Electric Terrain|[from] ability: Hadron Engine|[of] p2a: Miraidon\n|turn|1\n|\n|t:|1733802774\n|move|p1a: Porygon-Z|Tri Attack|p2a: Miraidon\n|-damage|p2a: Miraidon|82/238\n|move|p2a: Miraidon|Substitute|p2a: Miraidon\n|-start|p2a: Miraidon|Substitute\n|-damage|p2a: Miraidon|23/238\n|\n|-heal|p2a: Miraidon|37/238|[from] item: Leftovers\n|upkeep\n|turn|2\n|\n|t:|1733802783\n|move|p1a: Porygon-Z|Tri Attack|p2a: Miraidon\n|-end|p2a: Miraidon|Substitute\n|move|p2a: Miraidon|Electro Drift|p1a: Porygon-Z\n|-damage|p1a: Porygon-Z|102/277\n|\n|-heal|p2a: Miraidon|51/238|[from] item: Leftovers\n|upkeep\n|turn|3\n|\n|t:|1733802812\n|move|p1a: Porygon-Z|Tri Attack|p2a: Miraidon\n|-damage|p2a: Miraidon|0 fnt\n|faint|p2a: Miraidon\n|\n|upkeep\n|\n|t:|1733802816\n|switch|p2a: Entei|Entei, L78|307/307\n|turn|4\n|\n|t:|1733802825\n|switch|p1a: Granbull|Granbull, L88, F|302/302\n|-ability|p1a: Granbull|Intimidate|boost\n|-fail|p2a: Entei|unboost|Attack|[from] ability: Inner Focus|[of] p2a: Entei\n|move|p2a: Entei|Extreme Speed|p1a: Granbull\n|-damage|p1a: Granbull|217/302\n|\n|-heal|p1a: Granbull|235/302|[from] item: Leftovers\n|upkeep\n|turn|5\n|inactive|Battle timer is ON: inactive players will automatically lose when time's up. (requested by orion.jpg)\n|\n|t:|1733802836\n|switch|p2a: Hatterene|Hatterene, L85, F|236/236\n|move|p1a: Granbull|Thunder Wave|p2a: Hatterene\n|move|p2a: Hatterene|Thunder Wave|p1a: Granbull|[from]ability: Magic Bounce\n|-status|p1a: Granbull|par\n|\n|-heal|p1a: Granbull|253/302 par|[from] item: Leftovers\n|-fieldend|move: Electric Terrain\n|upkeep\n|turn|6\n|inactive|orion.jpg has 120 seconds left.\n|\n|t:|1733802879\n|switch|p2a: Stonjourner|Stonjourner, L91, F|330/330\n|cant|p1a: Granbull|par\n|\n|-heal|p1a: Granbull|271/302 par|[from] item: Leftovers\n|upkeep\n|turn|7\n|\n|t:|1733802887\n|move|p2a: Stonjourner|Stealth Rock|p1a: Granbull\n|-sidestart|p1: Judojd|move: Stealth Rock\n|move|p1a: Granbull|Thunder Wave|p2a: Stonjourner\n|-status|p2a: Stonjourner|par\n|\n|-heal|p1a: Granbull|289/302 par|[from] item: Leftovers\n|upkeep\n|turn|8\n|\n|t:|1733802895\n|move|p2a: Stonjourner|Stone Edge|p1a: Granbull|[miss]\n|-miss|p2a: Stonjourner|p1a: Granbull\n|move|p1a: Granbull|Earthquake|p2a: Stonjourner\n|-supereffective|p2a: Stonjourner\n|-damage|p2a: Stonjourner|214/330 par\n|\n|-heal|p1a: Granbull|302/302 par|[from] item: Leftovers\n|upkeep\n|turn|9\n|\n|t:|1733802910\n|move|p2a: Stonjourner|Stone Edge|p1a: Granbull\n|-damage|p1a: Granbull|107/302 par\n|-damage|p2a: Stonjourner|181/330 par|[from] item: Life Orb\n|cant|p1a: Granbull|par\n|\n|-heal|p1a: Granbull|125/302 par|[from] item: Leftovers\n|upkeep\n|turn|10\n|\n|t:|1733802922\n|switch|p1a: Pawmot|Pawmot, L80, M|243/243\n|-damage|p1a: Pawmot|228/243|[from] Stealth Rock\n|cant|p2a: Stonjourner|par\n|\n|upkeep\n|turn|11\n|\n|t:|1733802935\n|move|p1a: Pawmot|Close Combat|p2a: Stonjourner\n|-supereffective|p2a: Stonjourner\n|-damage|p2a: Stonjourner|19/330 par\n|-unboost|p1a: Pawmot|def|1\n|-unboost|p1a: Pawmot|spd|1\n|move|p2a: Stonjourner|Earthquake|p1a: Pawmot\n|-supereffective|p1a: Pawmot\n|-damage|p1a: Pawmot|0 fnt\n|faint|p1a: Pawmot\n|-damage|p2a: Stonjourner|0 fnt|[from] item: Life Orb\n|faint|p2a: Stonjourner\n|\n|upkeep\n|\n|t:|1733802952\n|switch|p1a: Granbull|Granbull, L88, F|125/302 par\n|switch|p2a: Entei|Entei, L78|307/307\n|-damage|p1a: Granbull|88/302 par|[from] Stealth Rock\n|-ability|p1a: Granbull|Intimidate|boost\n|-fail|p2a: Entei|unboost|Attack|[from] ability: Inner Focus|[of] p2a: Entei\n|turn|12\n|\n|t:|1733802962\n|move|p2a: Entei|Flare Blitz|p1a: Granbull\n|-crit|p1a: Granbull\n|-damage|p1a: Granbull|0 fnt\n|faint|p1a: Granbull\n|-damage|p2a: Entei|278/307|[from] Recoil\n|\n|upkeep\n|\n|t:|1733802971\n|switch|p1a: Porygon-Z|Porygon-Z, L83|102/277\n|-damage|p1a: Porygon-Z|68/277|[from] Stealth Rock\n|turn|13\n|\n|t:|1733802977\n|move|p1a: Porygon-Z|Tri Attack|p2a: Entei\n|-damage|p2a: Entei|110/307\n|move|p2a: Entei|Flare Blitz|p1a: Porygon-Z\n|-damage|p1a: Porygon-Z|0 fnt\n|faint|p1a: Porygon-Z\n|-damage|p2a: Entei|88/307|[from] Recoil\n|\n|upkeep\n|\n|t:|1733802989\n|switch|p1a: Mismagius|Mismagius, L86, F|243/243\n|-damage|p1a: Mismagius|213/243|[from] Stealth Rock\n|turn|14\n|\n|t:|1733802997\n|switch|p2a: Ninetales|Ninetales-Alola, L78, M|242/242\n|-weather|Snow|[from] ability: Snow Warning|[of] p2a: Ninetales\n|move|p1a: Mismagius|Shadow Ball|p2a: Ninetales\n|-damage|p2a: Ninetales|95/242\n|\n|-weather|Snow|[upkeep]\n|upkeep\n|turn|15\n|\n|t:|1733803006\n|move|p1a: Mismagius|Shadow Ball|p2a: Ninetales\n|-damage|p2a: Ninetales|0 fnt\n|faint|p2a: Ninetales\n|\n|-weather|Snow|[upkeep]\n|upkeep\n|c|\u2606orion.jpg|jeepers\n|\n|t:|1733803017\n|switch|p2a: Lurantis|Lurantis, L87, F|264/264\n|turn|16\n|\n|t:|1733803032\n|switch|p1a: Yanmega|Yanmega, L82, M|275/275\n|-damage|p1a: Yanmega|138/275|[from] Stealth Rock\n|move|p2a: Lurantis|Knock Off|p1a: Yanmega\n|-damage|p1a: Yanmega|51/275\n|-enditem|p1a: Yanmega|Choice Specs|[from] move: Knock Off|[of] p2a: Lurantis\n|\n|-weather|Snow|[upkeep]\n|upkeep\n|turn|17\n|\n|t:|1733803049\n|switch|p2a: Hatterene|Hatterene, L85, F|236/236\n|move|p1a: Yanmega|Air Slash|p2a: Hatterene\n|-damage|p2a: Hatterene|157/236\n|\n|-weather|Snow|[upkeep]\n|-heal|p2a: Hatterene|171/236|[from] item: Leftovers\n|upkeep\n|turn|18\n|\n|t:|1733803060\n|move|p1a: Yanmega|Bug Buzz|p2a: Hatterene\n|-damage|p2a: Hatterene|81/236\n|move|p2a: Hatterene|Draining Kiss|p1a: Yanmega\n|-damage|p1a: Yanmega|0 fnt\n|-heal|p2a: Hatterene|119/236|[from] drain|[of] p1a: Yanmega\n|faint|p1a: Yanmega\n|\n|-weather|none\n|-heal|p2a: Hatterene|133/236|[from] item: Leftovers\n|upkeep\n|\n|t:|1733803079\n|switch|p1a: Pecharunt|Pecharunt, L77|262/262\n|-damage|p1a: Pecharunt|230/262|[from] Stealth Rock\n|turn|19\n|\n|t:|1733803094\n|-terastallize|p2a: Hatterene|Steel\n|move|p1a: Pecharunt|Malignant Chain|p2a: Hatterene\n|-immune|p2a: Hatterene\n|move|p2a: Hatterene|Psychic|p1a: Pecharunt\n|-supereffective|p1a: Pecharunt\n|-damage|p1a: Pecharunt|0 fnt\n|faint|p1a: Pecharunt\n|\n|-heal|p2a: Hatterene|147/236|[from] item: Leftovers\n|upkeep\n|\n|t:|1733803105\n|switch|p1a: Mismagius|Mismagius, L86, F|213/243\n|-damage|p1a: Mismagius|183/243|[from] Stealth Rock\n|turn|20\n|\n|t:|1733803116\n|move|p1a: Mismagius|Shadow Ball|p2a: Hatterene\n|-damage|p2a: Hatterene|26/236\n|-unboost|p2a: Hatterene|spd|1\n|move|p2a: Hatterene|Draining Kiss|p1a: Mismagius\n|-damage|p1a: Mismagius|123/243\n|-heal|p2a: Hatterene|71/236|[from] drain|[of] p1a: Mismagius\n|\n|-heal|p2a: Hatterene|85/236|[from] item: Leftovers\n|upkeep\n|turn|21\n|\n|t:|1733803128\n|move|p1a: Mismagius|Shadow Ball|p2a: Hatterene\n|-damage|p2a: Hatterene|0 fnt\n|faint|p2a: Hatterene\n|\n|upkeep\n|\n|t:|1733803131\n|switch|p2a: Entei|Entei, L78|88/307\n|turn|22\n|\n|t:|1733803144\n|move|p1a: Mismagius|Shadow Ball|p2a: Entei\n|-damage|p2a: Entei|0 fnt\n|faint|p2a: Entei\n|\n|upkeep\n|\n|t:|1733803149\n|switch|p2a: Lurantis|Lurantis, L87, F|264/264\n|turn|23\n|\n|t:|1733803154\n|-terastallize|p1a: Mismagius|Fire\n|move|p1a: Mismagius|Shadow Ball|p2a: Lurantis\n|-damage|p2a: Lurantis|137/264\n|move|p2a: Lurantis|Knock Off|p1a: Mismagius\n|-damage|p1a: Mismagius|20/243\n|-enditem|p1a: Mismagius|Choice Specs|[from] move: Knock Off|[of] p2a: Lurantis\n|\n|-heal|p2a: Lurantis|153/264|[from] item: Leftovers\n|upkeep\n|turn|24\n|\n|t:|1733803166\n|move|p1a: Mismagius|Mystical Fire|p2a: Lurantis\n|-supereffective|p2a: Lurantis\n|-damage|p2a: Lurantis|0 fnt\n|faint|p2a: Lurantis\n|\n|win|Judojd\n|raw|Judojd's rating: 1764 &rarr; <strong>1786</strong><br />(+22 for winning)\n|raw|orion.jpg's rating: 1797 &rarr; <strong>1775</strong><br />(-22 for losing)\n|l|\u2606orion.jpg\n|player|p2|\n", "inputlog": ">version bfd83cad13791eb5a5a409923076391caf6fb4d4\n>start {\"formatid\":\"gen9randombattle\",\"seed\":[13993,52733,45309,50472],\"rated\":\"Rated battle\"}\n>player p1 {\"name\":\"Judojd\",\"avatar\":\"170\",\"rating\":1764,\"seed\":[48407,33809,7656,317]}\n>player p2 {\"name\":\"orion.jpg\",\"avatar\":\"169\",\"rating\":1797,\"seed\":[28293,30293,12875,29510]}\n>p1 move triattack\n>p2 move substitute\n>p1 move triattack\n>p2 move electrodrift\n>p1 move triattack\n>p2 move electrodrift\n>p2 switch 4\n>p1 switch 6\n>p2 move extremespeed\n>p1 move thunderwave\n>p2 switch 3\n>p1 move playrough\n>p2 switch 2\n>p1 move thunderwave\n>p2 move stealthrock\n>p1 move earthquake\n>p2 move stoneedge\n>p1 move earthquake\n>p2 move stoneedge\n>p1 switch 5\n>p2 move stoneedge\n>p1 move closecombat\n>p2 move earthquake\n>p1 switch 5\n>p2 switch 3\n>p1 move thunderwave\n>p2 move flareblitz\n>p1 switch 6\n>p1 move triattack\n>p2 move flareblitz\n>p1 switch 4\n>p1 move shadowball\n>p2 switch 6\n>p1 move shadowball\n>p2 move auroraveil\n>chat \u2606orion.jpg|jeepers\n>p2 switch 5\n>p1 switch 3\n>p2 move knockoff\n>p1 move airslash\n>p2 switch 2\n>p1 move bugbuzz\n>p2 move drainingkiss\n>p1 switch 2\n>p1 move malignantchain\n>p2 move psychic terastallize\n>p1 switch 3\n>p1 move shadowball\n>p2 move drainingkiss\n>p1 move shadowball\n>p2 move psychic\n>p2 switch 6\n>p1 move shadowball\n>p2 move flareblitz\n>p2 switch 2\n>p1 move shadowball terastallize\n>p2 move knockoff\n>p1 move mysticalfire\n>p2 move superpower", "uploadtime": 1733803268, "views": 19, "formatid": "gen9randombattle", "rating": 1775, "private": 0, "password": null}