{"id": "gen9randombattle-2260712146", "format": "[Gen 9] Random Battle", "players": ["Ttarcrazy", "Micael Lopes"], "log": "|j|\u2606Ttarcrazy\n|j|\u2606Micael Lopes\n|t:|1733881651\n|gametype|singles\n|player|p1|Ttarcrazy|102|1837\n|player|p2|Micael Lopes|benga|1930\n|teamsize|p1|6\n|teamsize|p2|6\n|gen|9\n|tier|[Gen 9] Random Battle\n|rated|\n|rule|Species Clause: Limit one of each Pok\u00e9mon\n|rule|HP Percentage Mod: HP is shown in percentages\n|rule|Sleep Clause Mod: Limit one foe put to sleep\n|rule|Illusion Level Mod: Illusion disguises the Pok\u00e9mon's true level\n|\n|t:|1733881651\n|start\n|switch|p1a: Reshiram|Reshiram, L76|277/277\n|switch|p2a: Lumineon|Lumineon, L93, M|279/279\n|-ability|p1a: Reshiram|Turboblaze\n|turn|1\n|inactive|Battle timer is ON: inactive players will automatically lose when time's up. (requested by Micael Lopes)\n|inactive|Micael Lopes has 120 seconds left.\n|\n|t:|1733881686\n|switch|p1a: Seviper|Seviper, L93, F|287/287\n|move|p2a: Lumineon|Hydro Pump|p1a: Seviper\n|-damage|p1a: Seviper|160/287\n|\n|upkeep\n|turn|2\n|\n|t:|1733881693\n|move|p2a: Lumineon|U-turn|p1a: Seviper\n|-resisted|p1a: Seviper\n|-damage|p1a: Seviper|130/287\n|\n|t:|1733881698\n|switch|p2a: Kyurem|Kyurem, L77|319/319|[from] U-turn\n|-ability|p2a: Kyurem|Pressure\n|move|p1a: Seviper|Glare|p2a: Kyurem\n|-status|p2a: Kyurem|par\n|\n|upkeep\n|turn|3\n|\n|t:|1733881709\n|switch|p1a: Wigglytuff|Wigglytuff, L96, M|424/424\n|move|p2a: Kyurem|Earth Power|p1a: Wigglytuff\n|-damage|p1a: Wigglytuff|341/424\n|\n|-heal|p1a: Wigglytuff|367/424|[from] item: Leftovers\n|upkeep\n|turn|4\n|\n|t:|1733881732\n|switch|p2a: Lumineon|Lumineon, L93, M|279/279\n|move|p1a: Wigglytuff|Thunder Wave|p2a: Lumineon\n|-status|p2a: Lumineon|par\n|\n|-heal|p1a: Wigglytuff|393/424|[from] item: Leftovers\n|upkeep\n|turn|5\n|\n|t:|1733881741\n|move|p1a: Wigglytuff|Protect|p1a: Wigglytuff\n|-singleturn|p1a: Wigglytuff|Protect\n|move|p2a: Lumineon|Encore|p1a: Wigglytuff\n|-activate|p1a: Wigglytuff|move: Protect\n|\n|-heal|p1a: Wigglytuff|419/424|[from] item: Leftovers\n|upkeep\n|turn|6\n|inactive|Micael Lopes has 120 seconds left.\n|\n|t:|1733881795\n|move|p1a: Wigglytuff|Alluring Voice|p2a: Lumineon\n|-damage|p2a: Lumineon|180/279 par\n|move|p2a: Lumineon|Encore|p1a: Wigglytuff\n|-start|p1a: Wigglytuff|Encore\n|\n|-heal|p1a: Wigglytuff|424/424|[from] item: Leftovers\n|upkeep\n|turn|7\n|\n|t:|1733881803\n|move|p1a: Wigglytuff|Alluring Voice|p2a: Lumineon\n|-damage|p2a: Lumineon|83/279 par\n|cant|p2a: Lumineon|par\n|\n|upkeep\n|turn|8\n|\n|t:|1733881808\n|move|p1a: Wigglytuff|Alluring Voice|p2a: Lumineon\n|-crit|p2a: Lumineon\n|-damage|p2a: Lumineon|0 fnt\n|faint|p2a: Lumineon\n|\n|upkeep\n|\n|t:|1733881815\n|switch|p2a: Maushold|Maushold, L76|238/238\n|turn|9\n|\n|t:|1733881820\n|move|p2a: Maushold|Tidy Up|p2a: Maushold\n|-boost|p2a: Maushold|atk|1\n|-boost|p2a: Maushold|spe|1\n|move|p1a: Wigglytuff|Alluring Voice|p2a: Maushold\n|-damage|p2a: Maushold|115/238\n|-start|p2a: Maushold|confusion\n|\n|-end|p1a: Wigglytuff|Encore\n|upkeep\n|turn|10\n|\n|t:|1733881832\n|-activate|p2a: Maushold|confusion\n|move|p2a: Maushold|Population Bomb|p1a: Wigglytuff\n|-damage|p1a: Wigglytuff|376/424\n|-damage|p1a: Wigglytuff|330/424\n|-damage|p1a: Wigglytuff|282/424\n|-damage|p1a: Wigglytuff|234/424\n|-damage|p1a: Wigglytuff|189/424\n|-damage|p1a: Wigglytuff|143/424\n|-damage|p1a: Wigglytuff|101/424\n|-damage|p1a: Wigglytuff|52/424\n|-damage|p1a: Wigglytuff|6/424\n|-damage|p1a: Wigglytuff|0 fnt\n|faint|p1a: Wigglytuff\n|-hitcount|p1: Wigglytuff|10\n|\n|upkeep\n|\n|t:|1733881851\n|switch|p1a: Tauros|Tauros-Paldea-Aqua, L81, M|254/254\n|-ability|p1a: Tauros|Intimidate|boost\n|-unboost|p2a: Maushold|atk|1\n|turn|11\n|inactive|Micael Lopes has 120 seconds left.\n|inactive|Micael Lopes has 90 seconds left.\n|\n|t:|1733881912\n|-activate|p2a: Maushold|confusion\n|-damage|p2a: Maushold|89/238|[from] confusion\n|move|p1a: Tauros|Bulk Up|p1a: Tauros\n|-boost|p1a: Tauros|atk|1\n|-boost|p1a: Tauros|def|1\n|\n|upkeep\n|turn|12\n|\n|t:|1733881919\n|move|p1a: Tauros|Aqua Jet|p2a: Maushold\n|-damage|p2a: Maushold|0 fnt\n|faint|p2a: Maushold\n|-damage|p1a: Tauros|229/254|[from] item: Life Orb\n|\n|upkeep\n|\n|t:|1733881924\n|switch|p2a: Eelektross|Eelektross, L87, M|290/290\n|turn|13\n|\n|t:|1733881929\n|switch|p1a: Dugtrio|Dugtrio-Alola, L84, M|196/196\n|move|p2a: Eelektross|Coil|p2a: Eelektross\n|-boost|p2a: Eelektross|atk|1\n|-boost|p2a: Eelektross|def|1\n|-boost|p2a: Eelektross|accuracy|1\n|\n|upkeep\n|turn|14\n|\n|t:|1733881957\n|switch|p1a: Tauros|Tauros-Paldea-Aqua, L81, M|229/254\n|-ability|p1a: Tauros|Intimidate|boost\n|-unboost|p2a: Eelektross|atk|1\n|move|p2a: Eelektross|Coil|p2a: Eelektross\n|-boost|p2a: Eelektross|atk|1\n|-boost|p2a: Eelektross|def|1\n|-boost|p2a: Eelektross|accuracy|1\n|\n|upkeep\n|turn|15\n|\n|t:|1733881969\n|switch|p1a: Seviper|Seviper, L93, F|130/287\n|move|p2a: Eelektross|Coil|p2a: Eelektross\n|-boost|p2a: Eelektross|atk|1\n|-boost|p2a: Eelektross|def|1\n|-boost|p2a: Eelektross|accuracy|1\n|\n|upkeep\n|turn|16\n|inactive|Micael Lopes has 120 seconds left.\n|\n|t:|1733881978\n|move|p1a: Seviper|Knock Off|p2a: Eelektross\n|-damage|p2a: Eelektross|238/290\n|-enditem|p2a: Eelektross|Leftovers|[from] move: Knock Off|[of] p1a: Seviper\n|-damage|p1a: Seviper|102/287|[from] item: Life Orb\n|move|p2a: Eelektross|Drain Punch|p1a: Seviper\n|-resisted|p1a: Seviper\n|-damage|p1a: Seviper|22/287\n|-heal|p2a: Eelektross|278/290|[from] drain|[of] p1a: Seviper\n|\n|upkeep\n|turn|17\n|\n|t:|1733881989\n|move|p1a: Seviper|Flamethrower|p2a: Eelektross\n|-damage|p2a: Eelektross|173/290\n|-damage|p1a: Seviper|0 fnt|[from] item: Life Orb\n|faint|p1a: Seviper\n|move|p2a: Eelektross|Coil|p2a: Eelektross\n|-boost|p2a: Eelektross|atk|1\n|-boost|p2a: Eelektross|def|1\n|-boost|p2a: Eelektross|accuracy|1\n|\n|upkeep\n|\n|t:|1733882003\n|switch|p1a: Smeargle|Smeargle, L95, F|258/258\n|turn|18\n|\n|t:|1733882012\n|move|p1a: Smeargle|Spore|p2a: Eelektross\n|-status|p2a: Eelektross|slp|[from] move: Spore\n|cant|p2a: Eelektross|slp\n|\n|upkeep\n|turn|19\n|\n|t:|1733882018\n|move|p1a: Smeargle|Shell Smash|p1a: Smeargle\n|-unboost|p1a: Smeargle|def|1\n|-unboost|p1a: Smeargle|spd|1\n|-boost|p1a: Smeargle|atk|2\n|-boost|p1a: Smeargle|spa|2\n|-boost|p1a: Smeargle|spe|2\n|-curestatus|p2a: Eelektross|slp|[msg]\n|move|p2a: Eelektross|Drain Punch|p1a: Smeargle\n|-supereffective|p1a: Smeargle\n|-damage|p1a: Smeargle|0 fnt\n|-heal|p2a: Eelektross|290/290|[from] drain|[of] p1a: Smeargle\n|faint|p1a: Smeargle\n|\n|upkeep\n|c|\u2606Micael Lopes|**__Sexy game.__**\n|inactive|Ttarcrazy has 120 seconds left.\n|-message|Ttarcrazy forfeited.\n|\n|win|Micael Lopes\n|raw|Ttarcrazy's rating: 1837 &rarr; <strong>1822</strong><br />(-15 for losing)\n|raw|Micael Lopes's rating: 1930 &rarr; <strong>1945</strong><br />(+15 for winning)\n|l|\u2606Ttarcrazy\n|player|p1|\n", "inputlog": ">version bfd83cad13791eb5a5a409923076391caf6fb4d4\n>start {\"formatid\":\"gen9randombattle\",\"seed\":[34523,28318,2450,22301],\"rated\":\"Rated battle\"}\n>player p1 {\"name\":\"Ttarcrazy\",\"avatar\":\"102\",\"rating\":1837,\"seed\":[64939,26774,34092,62246]}\n>player p2 {\"name\":\"Micael Lopes\",\"avatar\":\"benga\",\"rating\":1930,\"seed\":[61649,11468,16027,18820]}\n>p1 switch 6\n>p2 move hydropump\n>p1 move glare\n>p2 move uturn\n>p2 switch 2\n>p1 switch 3\n>p2 move earthpower\n>p1 move thunderwave\n>p2 switch 2\n>p1 move protect\n>p2 move encore\n>p1 move alluringvoice\n>p2 move encore\n>p1 move alluringvoice\n>p2 move hydropump\n>p1 move alluringvoice\n>p2 move hydropump\n>p2 switch 3\n>p1 move alluringvoice\n>p2 move tidyup\n>p1 move thunderwave\n>p2 move populationbomb\n>p1 switch 4\n>p1 move bulkup\n>p2 move populationbomb\n>p1 move aquajet\n>p2 move encore\n>p2 switch 5\n>p1 switch 2\n>p2 move coil\n>p1 switch 2\n>p2 move coil\n>p1 switch 3\n>p2 move coil\n>p1 move knockoff\n>p2 move drainpunch\n>p1 move flamethrower\n>p2 move coil\n>p1 switch 5\n>p1 move spore\n>p2 move drainpunch\n>p1 move shellsmash\n>p2 move drainpunch\n>chat \u2606Micael Lopes|**__Sexy game.__**\n>forcelose p1", "uploadtime": 1733882043, "views": 1, "formatid": "gen9randombattle", "rating": 1822, "private": 0, "password": null}