{"id": "gen9randombattle-2211417099", "format": "[Gen 9] Random Battle", "players": ["Kevinni \u2740", "R3LT Theologos"], "log": "|badge|p1|bronze|gen9randombattle|100-2\n|html|<div class=\"broadcast-red\"><strong>This battle is required to be public due to one or more player having a season medal.</strong><br />During the public phase, you can discuss the state of the ladder <a href=\"/seasondiscussion\">in a special chatroom.</a></div>\n|uhtml|medal-msg|<div class=\"broadcast-blue\">Curious what those medals under the avatar are? PS now has Ladder Seasons! For more information, check out the <a href=\"https://www.smogon.com/forums/threads/3740067/\">thread on Smogon.</a></div>\n|badge|p2|silver|gen9randombattle|30-2\n|uhtml|medal-msg|<div class=\"broadcast-blue\">Curious what those medals under the avatar are? PS now has Ladder Seasons! For more information, check out the <a href=\"https://www.smogon.com/forums/threads/3740067/\">thread on Smogon.</a></div>\n|raw|<div class=\"broadcast-blue\"><strong>This battle is required to be public due to a player having a name starting with 'medal'.</div>\n|j|\u2606Kevinni \u2740\n|j|\u2606R3LT Theologos\n|t:|1727513157\n|gametype|singles\n|player|p1|Kevinni \u2740|dawn|2365\n|player|p2|R3LT Theologos|artist|2402\n|teamsize|p1|6\n|teamsize|p2|6\n|gen|9\n|tier|[Gen 9] Random Battle\n|rated|\n|rule|Species Clause: Limit one of each Pok\u00e9mon\n|rule|HP Percentage Mod: HP is shown in percentages\n|rule|Sleep Clause Mod: Limit one foe put to sleep\n|rule|Illusion Level Mod: Illusion disguises the Pok\u00e9mon's true level\n|\n|t:|1727513157\n|start\n|switch|p1a: Swalot|Swalot, L90, F|326/326\n|switch|p2a: Dudunsparce|Dudunsparce, L82, F|339/339\n|turn|1\n|j| yoknec\n|\n|t:|1727513170\n|switch|p2a: Tinkaton|Tinkaton, L82, F|274/274\n|-ability|p2a: Tinkaton|Mold Breaker\n|move|p1a: Swalot|Toxic|p2a: Tinkaton\n|-immune|p2a: Tinkaton\n|\n|upkeep\n|turn|2\n|\n|t:|1727513186\n|switch|p1a: Misdreavus|Misdreavus, L90, F|254/254\n|move|p2a: Tinkaton|Knock Off|p1a: Misdreavus\n|-supereffective|p1a: Misdreavus\n|-crit|p1a: Misdreavus\n|-damage|p1a: Misdreavus|75/254\n|-enditem|p1a: Misdreavus|Eviolite|[from] move: Knock Off|[of] p2a: Tinkaton\n|-damage|p2a: Tinkaton|247/274|[from] item: Life Orb\n|\n|upkeep\n|turn|3\n|\n|t:|1727513195\n|switch|p2a: Gurdurr|Gurdurr, L85, F|283/283\n|move|p1a: Misdreavus|Will-O-Wisp|p2a: Gurdurr\n|-status|p2a: Gurdurr|brn\n|\n|-damage|p2a: Gurdurr|266/283 brn|[from] brn\n|upkeep\n|turn|4\n|\n|t:|1727513201\n|move|p1a: Misdreavus|Draining Kiss|p2a: Gurdurr\n|-supereffective|p2a: Gurdurr\n|-damage|p2a: Gurdurr|190/283 brn\n|-heal|p1a: Misdreavus|132/254|[from] drain|[of] p2a: Gurdurr\n|move|p2a: Gurdurr|Knock Off|p1a: Misdreavus\n|-supereffective|p1a: Misdreavus\n|-damage|p1a: Misdreavus|0 fnt\n|faint|p1a: Misdreavus\n|\n|-damage|p2a: Gurdurr|173/283 brn|[from] brn\n|upkeep\n|\n|t:|1727513206\n|switch|p1a: Carbink|Carbink, L90|236/236\n|turn|5\n|\n|t:|1727513217\n|switch|p2a: Mimikyu|Mimikyu, L79, F|216/216\n|move|p1a: Carbink|Iron Defense|p1a: Carbink\n|-boost|p1a: Carbink|def|2\n|\n|upkeep\n|turn|6\n|\n|t:|1727513221\n|move|p2a: Mimikyu|Swords Dance|p2a: Mimikyu\n|-boost|p2a: Mimikyu|atk|2\n|move|p1a: Carbink|Moonblast|p2a: Mimikyu\n|-activate|p2a: Mimikyu|ability: Disguise\n|-damage|p2a: Mimikyu|216/216\n|detailschange|p2a: Mimikyu|Mimikyu-Busted, L79, F\n|-damage|p2a: Mimikyu|189/216|[from] pokemon: Mimikyu-Busted\n|\n|upkeep\n|turn|7\n|\n|t:|1727513225\n|move|p2a: Mimikyu|Swords Dance|p2a: Mimikyu\n|-boost|p2a: Mimikyu|atk|2\n|move|p1a: Carbink|Iron Defense|p1a: Carbink\n|-boost|p1a: Carbink|def|2\n|\n|upkeep\n|turn|8\n|\n|t:|1727513228\n|move|p2a: Mimikyu|Swords Dance|p2a: Mimikyu\n|-boost|p2a: Mimikyu|atk|2\n|move|p1a: Carbink|Moonblast|p2a: Mimikyu\n|-damage|p2a: Mimikyu|120/216\n|-unboost|p2a: Mimikyu|spa|1\n|\n|upkeep\n|turn|9\n|\n|t:|1727513241\n|move|p2a: Mimikyu|Play Rough|p1a: Carbink\n|-damage|p1a: Carbink|149/236\n|-damage|p2a: Mimikyu|99/216|[from] item: Life Orb\n|move|p1a: Carbink|Rest|p1a: Carbink\n|-status|p1a: Carbink|slp|[from] move: Rest\n|-heal|p1a: Carbink|236/236 slp|[silent]\n|-enditem|p1a: Carbink|Chesto Berry|[eat]\n|-curestatus|p1a: Carbink|slp|[msg]\n|\n|upkeep\n|turn|10\n|\n|t:|1727513251\n|move|p2a: Mimikyu|Wood Hammer|p1a: Carbink\n|-supereffective|p1a: Carbink\n|-damage|p1a: Carbink|90/236\n|-damage|p2a: Mimikyu|51/216|[from] Recoil\n|-damage|p2a: Mimikyu|30/216|[from] item: Life Orb\n|move|p1a: Carbink|Moonblast|p2a: Mimikyu\n|-damage|p2a: Mimikyu|0 fnt\n|faint|p2a: Mimikyu\n|\n|upkeep\n|inactive|Battle timer is ON: inactive players will automatically lose when time's up. (requested by Kevinni \u2740)\n|\n|t:|1727513276\n|switch|p2a: Tinkaton|Tinkaton, L82, F|247/274\n|-ability|p2a: Tinkaton|Mold Breaker\n|turn|11\n|\n|t:|1727513282\n|-terastallize|p1a: Carbink|Fighting\n|move|p2a: Tinkaton|Gigaton Hammer|p1a: Carbink\n|-damage|p1a: Carbink|51/236\n|-damage|p2a: Tinkaton|220/274|[from] item: Life Orb\n|move|p1a: Carbink|Body Press|p2a: Tinkaton\n|-damage|p2a: Tinkaton|0 fnt\n|faint|p2a: Tinkaton\n|\n|upkeep\n|inactive|R3LT Theologos has 120 seconds left.\n|inactive|R3LT Theologos has 90 seconds left.\n|\n|t:|1727513371\n|switch|p2a: Dudunsparce|Dudunsparce, L82, F|339/339\n|turn|12\n|l|\u2606Kevinni \u2740\n|inactive|Kevinni \u2740 disconnected and has a minute to reconnect!\n|player|p1|\n|j|\u2606Kevinni \u2740\n|inactive|Kevinni \u2740 reconnected and has 135 seconds left.\n|player|p1|Kevinni \u2740|dawn|\n|inactive|Kevinni \u2740 has 120 seconds left.\n|\n|t:|1727513407\n|-terastallize|p2a: Dudunsparce|Fairy\n|move|p1a: Carbink|Rest|p1a: Carbink\n|-status|p1a: Carbink|slp|[from] move: Rest\n|-heal|p1a: Carbink|236/236 slp|[silent]\n|move|p2a: Dudunsparce|Boomburst|p1a: Carbink\n|-damage|p1a: Carbink|160/236 slp\n|\n|upkeep\n|turn|13\n|inactive|Kevinni \u2740 has 120 seconds left.\n|\n|t:|1727513414\n|cant|p1a: Carbink|slp\n|move|p2a: Dudunsparce|Boomburst|p1a: Carbink\n|-damage|p1a: Carbink|79/236 slp\n|\n|upkeep\n|turn|14\n|\n|t:|1727513425\n|cant|p1a: Carbink|slp\n|move|p2a: Dudunsparce|Boomburst|p1a: Carbink\n|-damage|p1a: Carbink|0 fnt\n|faint|p1a: Carbink\n|\n|upkeep\n|\n|t:|1727513430\n|switch|p1a: Smeargle|Smeargle, L95, M|258/258\n|turn|15\n|inactive|R3LT Theologos has 90 seconds left.\n|\n|t:|1727513435\n|switch|p2a: Gurdurr|Gurdurr, L85, F|173/283 brn\n|move|p1a: Smeargle|Shell Smash|p1a: Smeargle\n|-unboost|p1a: Smeargle|def|1\n|-unboost|p1a: Smeargle|spd|1\n|-boost|p1a: Smeargle|atk|2\n|-boost|p1a: Smeargle|spa|2\n|-boost|p1a: Smeargle|spe|2\n|\n|-damage|p2a: Gurdurr|156/283 brn|[from] brn\n|upkeep\n|turn|16\n|\n|t:|1727513440\n|move|p2a: Gurdurr|Mach Punch|p1a: Smeargle\n|-supereffective|p1a: Smeargle\n|-damage|p1a: Smeargle|0 fnt\n|faint|p1a: Smeargle\n|\n|-damage|p2a: Gurdurr|139/283 brn|[from] brn\n|upkeep\n|\n|t:|1727513446\n|switch|p1a: Swalot|Swalot, L90, F|326/326\n|turn|17\n|\n|t:|1727513449\n|move|p1a: Swalot|Sludge Bomb|p2a: Gurdurr\n|-damage|p2a: Gurdurr|57/283 brn\n|move|p2a: Gurdurr|Knock Off|p1a: Swalot\n|-crit|p1a: Swalot\n|-damage|p1a: Swalot|146/326\n|-activate|p1a: Swalot|ability: Sticky Hold\n|\n|-heal|p1a: Swalot|166/326|[from] item: Leftovers\n|-damage|p2a: Gurdurr|40/283 brn|[from] brn\n|upkeep\n|turn|18\n|inactive|R3LT Theologos has 120 seconds left.\n|\n|t:|1727513458\n|move|p1a: Swalot|Protect|p1a: Swalot\n|-singleturn|p1a: Swalot|Protect\n|move|p2a: Gurdurr|Mach Punch|p1a: Swalot\n|-activate|p1a: Swalot|move: Protect\n|\n|-heal|p1a: Swalot|186/326|[from] item: Leftovers\n|-damage|p2a: Gurdurr|23/283 brn|[from] brn\n|upkeep\n|turn|19\n|\n|t:|1727513461\n|move|p2a: Gurdurr|Mach Punch|p1a: Swalot\n|-resisted|p1a: Swalot\n|-damage|p1a: Swalot|150/326\n|move|p1a: Swalot|Sludge Bomb|p2a: Gurdurr\n|-damage|p2a: Gurdurr|0 fnt\n|faint|p2a: Gurdurr\n|\n|-heal|p1a: Swalot|170/326|[from] item: Leftovers\n|upkeep\n|inactive|R3LT Theologos has 120 seconds left.\n|\n|t:|1727513494\n|switch|p2a: Falinks|Falinks, L85|249/249\n|turn|20\n|\n|t:|1727513504\n|move|p2a: Falinks|Knock Off|p1a: Swalot\n|-damage|p1a: Swalot|76/326\n|-activate|p1a: Swalot|ability: Sticky Hold\n|-damage|p2a: Falinks|225/249|[from] item: Life Orb\n|move|p1a: Swalot|Toxic|p2a: Falinks\n|-status|p2a: Falinks|tox\n|\n|-heal|p1a: Swalot|96/326|[from] item: Leftovers\n|-damage|p2a: Falinks|210/249 tox|[from] psn\n|upkeep\n|turn|21\n|\n|t:|1727513512\n|move|p2a: Falinks|No Retreat|p2a: Falinks\n|-boost|p2a: Falinks|atk|1\n|-boost|p2a: Falinks|def|1\n|-boost|p2a: Falinks|spa|1\n|-boost|p2a: Falinks|spd|1\n|-boost|p2a: Falinks|spe|1\n|-start|p2a: Falinks|move: No Retreat\n|move|p1a: Swalot|Sludge Bomb|p2a: Falinks\n|-damage|p2a: Falinks|134/249 tox\n|\n|-heal|p1a: Swalot|116/326|[from] item: Leftovers\n|-damage|p2a: Falinks|104/249 tox|[from] psn\n|upkeep\n|turn|22\n|\n|t:|1727513516\n|move|p1a: Swalot|Protect|p1a: Swalot\n|-singleturn|p1a: Swalot|Protect\n|move|p2a: Falinks|Knock Off|p1a: Swalot\n|-activate|p1a: Swalot|move: Protect\n|\n|-heal|p1a: Swalot|136/326|[from] item: Leftovers\n|-damage|p2a: Falinks|59/249 tox|[from] psn\n|upkeep\n|turn|23\n|\n|t:|1727513527\n|switch|p1a: Samurott|Samurott-Hisui, L77, F|265/265\n|move|p2a: Falinks|Knock Off|p1a: Samurott\n|-resisted|p1a: Samurott\n|-damage|p1a: Samurott|184/265\n|-enditem|p1a: Samurott|Choice Band|[from] move: Knock Off|[of] p2a: Falinks\n|-damage|p2a: Falinks|35/249 tox|[from] item: Life Orb\n|\n|-damage|p2a: Falinks|0 fnt|[from] psn\n|faint|p2a: Falinks\n|upkeep\n|\n|t:|1727513537\n|switch|p2a: Dudunsparce|Dudunsparce, L82, F, tera:Fairy|339/339\n|turn|24\n|\n|t:|1727513542\n|switch|p1a: Swalot|Swalot, L90, F|136/326\n|move|p2a: Dudunsparce|Calm Mind|p2a: Dudunsparce\n|-boost|p2a: Dudunsparce|spa|1\n|-boost|p2a: Dudunsparce|spd|1\n|\n|-heal|p1a: Swalot|156/326|[from] item: Leftovers\n|upkeep\n|turn|25\n|\n|t:|1727513547\n|move|p1a: Swalot|Sludge Bomb|p2a: Dudunsparce\n|-supereffective|p2a: Dudunsparce\n|-damage|p2a: Dudunsparce|205/339\n|move|p2a: Dudunsparce|Boomburst|p1a: Swalot\n|-damage|p1a: Swalot|0 fnt\n|faint|p1a: Swalot\n|\n|-heal|p2a: Dudunsparce|226/339|[from] item: Leftovers\n|upkeep\n|\n|t:|1727513554\n|switch|p1a: Lycanroc|Lycanroc-Dusk, L80, F|251/251\n|turn|26\n|\n|t:|1727513558\n|move|p1a: Lycanroc|Stone Edge|p2a: Dudunsparce\n|-damage|p2a: Dudunsparce|27/339\n|move|p2a: Dudunsparce|Earth Power|p1a: Lycanroc\n|-supereffective|p1a: Lycanroc\n|-damage|p1a: Lycanroc|45/251\n|\n|-heal|p2a: Dudunsparce|48/339|[from] item: Leftovers\n|upkeep\n|turn|27\n|\n|t:|1727513562\n|move|p1a: Lycanroc|Stone Edge|p2a: Dudunsparce\n|-damage|p2a: Dudunsparce|0 fnt\n|faint|p2a: Dudunsparce\n|\n|upkeep\n|\n|t:|1727513564\n|switch|p2a: Oinkologne|Oinkologne-F, L92, F|361/361\n|turn|28\n|\n|t:|1727513574\n|switch|p1a: Samurott|Samurott-Hisui, L77, F|184/265\n|move|p2a: Oinkologne|Body Slam|p1a: Samurott\n|-damage|p1a: Samurott|66/265\n|\n|upkeep\n|turn|29\n|\n|t:|1727513582\n|move|p1a: Samurott|Sacred Sword|p2a: Oinkologne\n|-supereffective|p2a: Oinkologne\n|-damage|p2a: Oinkologne|165/361\n|move|p2a: Oinkologne|Curse|p2a: Oinkologne\n|-unboost|p2a: Oinkologne|spe|1\n|-boost|p2a: Oinkologne|atk|1\n|-boost|p2a: Oinkologne|def|1\n|\n|-heal|p2a: Oinkologne|187/361|[from] item: Leftovers\n|upkeep\n|turn|30\n|\n|t:|1727513585\n|move|p1a: Samurott|Sacred Sword|p2a: Oinkologne\n|-supereffective|p2a: Oinkologne\n|-damage|p2a: Oinkologne|0 fnt\n|faint|p2a: Oinkologne\n|\n|win|Kevinni \u2740\n|raw|Kevinni \u2740's rating: 2365 &rarr; <strong>2387</strong><br />(+22 for winning)\n|raw|R3LT Theologos's rating: 2402 &rarr; <strong>2380</strong><br />(-22 for losing)\n|l|\u2606R3LT Theologos\n|player|p2|\n|j|\u2606R3LT Theologos\n|player|p2|R3LT Theologos|artist|\n|l| yoknec\n", "inputlog": ">version 69ff0b2f47ddc97367302b06f7f2ae172fb214dd\n>start {\"formatid\":\"gen9randombattle\",\"seed\":[55343,1846,28800,49088],\"rated\":\"Rated battle\"}\n>player p1 {\"name\":\"Kevinni \u2740\",\"avatar\":\"dawn\",\"rating\":2365,\"seed\":[16334,26565,33976,46211]}\n>player p2 {\"name\":\"R3LT Theologos\",\"avatar\":\"artist\",\"rating\":2402,\"seed\":[42157,42381,60194,43696]}\n>p1 move toxic\n>p2 switch 2\n>p1 switch 2\n>p2 move knockoff\n>p1 move willowisp\n>p2 switch 3\n>p1 move drainingkiss\n>p2 move knockoff\n>p1 switch 6\n>p1 move irondefense\n>p2 switch 4\n>p1 move moonblast\n>p2 move swordsdance\n>p1 move irondefense\n>p2 move swordsdance\n>p1 move moonblast\n>p2 move swordsdance\n>p1 move rest\n>p2 move playrough\n>p1 move moonblast\n>p2 move woodhammer\n>p2 switch 3\n>p1 move bodypress terastallize\n>p2 move gigatonhammer\n>p2 switch 2\n>p1 move rest\n>p2 move boomburst terastallize\n>p1 move bodypress\n>p2 move boomburst\n>p1 move bodypress\n>p2 move boomburst\n>p1 switch 4\n>p1 move shellsmash\n>p2 switch 4\n>p1 move populationbomb\n>p2 move machpunch\n>p1 switch 2\n>p1 move sludgebomb\n>p2 move knockoff\n>p1 move protect\n>p2 move machpunch\n>p1 move sludgebomb\n>p2 move machpunch\n>p2 switch 5\n>p1 move toxic\n>p2 move knockoff\n>p1 move sludgebomb\n>p2 move noretreat\n>p1 move protect\n>p2 move knockoff\n>p1 switch 5\n>p2 move knockoff\n>p2 switch 4\n>p1 switch 5\n>p2 move calmmind\n>p1 move sludgebomb\n>p2 move boomburst\n>p1 switch 3\n>p1 move stoneedge\n>p2 move earthpower\n>p1 move stoneedge\n>p2 move earthpower\n>p2 switch 6\n>p1 switch 5\n>p2 move bodyslam\n>p1 move sacredsword\n>p2 move curse\n>p1 move sacredsword\n>p2 move bodyslam", "uploadtime": 1727513593, "views": 81, "formatid": "gen9randombattle", "rating": 2380, "private": 0, "password": null}