{"id": "gen9randombattle-2260769163", "format": "[Gen 9] Random Battle", "players": ["Dumpet", "anathemmma"], "log": "|j|\u2606Dumpet\n|j|\u2606anathemmma\n|t:|1733889300\n|gametype|singles\n|player|p1|Dumpet|1|\n|player|p2|anathemmma|hilda|\n|teamsize|p1|6\n|teamsize|p2|6\n|gen|9\n|tier|[Gen 9] Random Battle\n|rule|Species Clause: Limit one of each Pok\u00e9mon\n|rule|HP Percentage Mod: HP is shown in percentages\n|rule|Sleep Clause Mod: Limit one foe put to sleep\n|rule|Illusion Level Mod: Illusion disguises the Pok\u00e9mon's true level\n|\n|t:|1733889300\n|start\n|switch|p1a: Flareon|Flareon, L90, F|263/263\n|switch|p2a: Vaporeon|Vaporeon, L86, F|364/364\n|turn|1\n|inactive|Battle timer is ON: inactive players will automatically lose when time's up. (requested by anathemmma)\n|\n|t:|1733889308\n|-terastallize|p1a: Flareon|Normal\n|move|p1a: Flareon|Trailblaze|p2a: Vaporeon\n|-supereffective|p2a: Vaporeon\n|-damage|p2a: Vaporeon|228/364\n|-boost|p1a: Flareon|spe|1\n|move|p2a: Vaporeon|Wish|p2a: Vaporeon\n|\n|-heal|p2a: Vaporeon|250/364|[from] item: Leftovers\n|-status|p1a: Flareon|tox|[from] item: Toxic Orb\n|upkeep\n|turn|2\n|\n|t:|1733889327\n|move|p2a: Vaporeon|Protect|p2a: Vaporeon\n|-singleturn|p2a: Vaporeon|Protect\n|move|p1a: Flareon|Facade|p2a: Vaporeon\n|-activate|p2a: Vaporeon|move: Protect\n|\n|-heal|p2a: Vaporeon|364/364|[from] move: Wish|[wisher] Vaporeon\n|-damage|p1a: Flareon|247/263 tox|[from] psn\n|upkeep\n|turn|3\n|\n|t:|1733889335\n|move|p1a: Flareon|Facade|p2a: Vaporeon\n|-crit|p2a: Vaporeon\n|-damage|p2a: Vaporeon|0 fnt\n|faint|p2a: Vaporeon\n|\n|-damage|p1a: Flareon|215/263 tox|[from] psn\n|upkeep\n|\n|t:|1733889348\n|switch|p2a: Gengar|Gengar, L81, F|230/230\n|turn|4\n|inactive|Dumpet has 270 seconds left.\n|\n|t:|1733889386\n|switch|p1a: Chimecho|Chimecho, L93, F|290/290\n|move|p2a: Gengar|Focus Blast|p1a: Chimecho\n|-resisted|p1a: Chimecho\n|-damage|p1a: Chimecho|232/290\n|-damage|p2a: Gengar|207/230|[from] item: Life Orb\n|\n|-heal|p1a: Chimecho|250/290|[from] item: Leftovers\n|upkeep\n|turn|5\n|inactive|Dumpet has 270 seconds left.\n|\n|t:|1733889405\n|move|p2a: Gengar|Shadow Ball|p1a: Chimecho\n|-supereffective|p1a: Chimecho\n|-damage|p1a: Chimecho|37/290\n|-damage|p2a: Gengar|184/230|[from] item: Life Orb\n|move|p1a: Chimecho|Calm Mind|p1a: Chimecho\n|-boost|p1a: Chimecho|spa|1\n|-boost|p1a: Chimecho|spd|1\n|\n|-heal|p1a: Chimecho|55/290|[from] item: Leftovers\n|upkeep\n|turn|6\n|\n|t:|1733889414\n|move|p2a: Gengar|Shadow Ball|p1a: Chimecho\n|-supereffective|p1a: Chimecho\n|-crit|p1a: Chimecho\n|-damage|p1a: Chimecho|0 fnt\n|faint|p1a: Chimecho\n|-damage|p2a: Gengar|161/230|[from] item: Life Orb\n|\n|upkeep\n|\n|t:|1733889424\n|switch|p1a: Whiscash|Whiscash, L88, M|337/337\n|turn|7\n|inactive|Dumpet has 270 seconds left.\n|\n|t:|1733889433\n|move|p2a: Gengar|Focus Blast|p1a: Whiscash\n|-damage|p1a: Whiscash|191/337\n|-damage|p2a: Gengar|138/230|[from] item: Life Orb\n|move|p1a: Whiscash|Earthquake|p2a: Gengar\n|-supereffective|p2a: Gengar\n|-damage|p2a: Gengar|0 fnt\n|faint|p2a: Gengar\n|-damage|p1a: Whiscash|158/337|[from] item: Life Orb\n|\n|upkeep\n|\n|t:|1733889450\n|switch|p2a: Leavanny|Leavanny, L86, F|269/269\n|turn|8\n|inactive|Dumpet has 270 seconds left.\n|\n|t:|1733889470\n|switch|p1a: Flareon|Flareon, L90, F, tera:Normal|215/263 tox\n|move|p2a: Leavanny|Knock Off|p1a: Flareon\n|-damage|p1a: Flareon|122/263 tox\n|-enditem|p1a: Flareon|Toxic Orb|[from] move: Knock Off|[of] p2a: Leavanny\n|\n|-damage|p1a: Flareon|106/263 tox|[from] psn\n|upkeep\n|turn|9\n|inactive|Dumpet has 270 seconds left.\n|\n|t:|1733889486\n|switch|p2a: Blaziken|Blaziken, L76, F|247/247\n|move|p1a: Flareon|Facade|p2a: Blaziken\n|-damage|p2a: Blaziken|0 fnt\n|faint|p2a: Blaziken\n|\n|-damage|p1a: Flareon|74/263 tox|[from] psn\n|upkeep\n|inactive|anathemmma has 270 seconds left.\n|\n|t:|1733889497\n|switch|p2a: Klawf|Klawf, L90, M|272/272\n|turn|10\n|\n|t:|1733889503\n|move|p2a: Klawf|High Horsepower|p1a: Flareon\n|-damage|p1a: Flareon|0 fnt\n|faint|p1a: Flareon\n|\n|upkeep\n|inactive|Dumpet has 270 seconds left.\n|\n|t:|1733889530\n|switch|p1a: Carbink|Carbink, L90|236/236\n|turn|11\n|inactive|Dumpet has 270 seconds left.\n|\n|t:|1733889544\n|move|p2a: Klawf|Crabhammer|p1a: Carbink\n|-supereffective|p1a: Carbink\n|-damage|p1a: Carbink|140/236\n|move|p1a: Carbink|Iron Defense|p1a: Carbink\n|-boost|p1a: Carbink|def|2\n|\n|upkeep\n|turn|12\n|inactive|Dumpet has 270 seconds left.\n|\n|t:|1733889552\n|move|p2a: Klawf|Swords Dance|p2a: Klawf\n|-boost|p2a: Klawf|atk|2\n|move|p1a: Carbink|Body Press|p2a: Klawf\n|-supereffective|p2a: Klawf\n|-damage|p2a: Klawf|10/272\n|-ability|p2a: Klawf|Anger Shell|boost\n|-boost|p2a: Klawf|atk|1\n|-boost|p2a: Klawf|spa|1\n|-boost|p2a: Klawf|spe|1\n|-unboost|p2a: Klawf|def|1\n|-unboost|p2a: Klawf|spd|1\n|\n|upkeep\n|turn|13\n|inactive|Dumpet has 270 seconds left.\n|\n|t:|1733889576\n|move|p2a: Klawf|Crabhammer|p1a: Carbink\n|-supereffective|p1a: Carbink\n|-damage|p1a: Carbink|8/236\n|move|p1a: Carbink|Body Press|p2a: Klawf\n|-supereffective|p2a: Klawf\n|-damage|p2a: Klawf|0 fnt\n|faint|p2a: Klawf\n|\n|upkeep\n|\n|t:|1733889584\n|switch|p2a: Leavanny|Leavanny, L86, F|269/269\n|turn|14\n|\n|t:|1733889591\n|move|p2a: Leavanny|Lunge|p1a: Carbink\n|-resisted|p1a: Carbink\n|-damage|p1a: Carbink|0 fnt\n|faint|p1a: Carbink\n|\n|upkeep\n|\n|t:|1733889607\n|switch|p1a: Espeon|Espeon, L84, F|246/246\n|turn|15\n|\n|t:|1733889612\n|move|p1a: Espeon|Trick|p2a: Leavanny\n|-activate|p1a: Espeon|move: Trick|[of] p2a: Leavanny\n|-item|p2a: Leavanny|Choice Specs|[from] move: Trick\n|-item|p1a: Espeon|Heavy-Duty Boots|[from] move: Trick\n|move|p2a: Leavanny|Sticky Web|p1a: Espeon\n|move|p1a: Espeon|Sticky Web|p2a: Leavanny|[from]ability: Magic Bounce\n|-sidestart|p2: anathemmma|move: Sticky Web\n|\n|upkeep\n|turn|16\n|\n|t:|1733889631\n|switch|p2a: Iron Leaves|Iron Leaves, L80|275/275\n|-activate|p2a: Iron Leaves|move: Sticky Web\n|-unboost|p2a: Iron Leaves|spe|1\n|move|p1a: Espeon|Shadow Ball|p2a: Iron Leaves\n|-supereffective|p2a: Iron Leaves\n|-damage|p2a: Iron Leaves|145/275\n|\n|upkeep\n|turn|17\n|\n|t:|1733889641\n|move|p1a: Espeon|Shadow Ball|p2a: Iron Leaves\n|-supereffective|p2a: Iron Leaves\n|-damage|p2a: Iron Leaves|15/275\n|move|p2a: Iron Leaves|Megahorn|p1a: Espeon\n|-supereffective|p1a: Espeon\n|-damage|p1a: Espeon|0 fnt\n|faint|p1a: Espeon\n|\n|upkeep\n|\n|t:|1733889655\n|switch|p1a: Whiscash|Whiscash, L88, M|158/337\n|turn|18\n|\n|t:|1733889663\n|-end|p2a: Iron Leaves|Quark Drive|[silent]\n|switch|p2a: Leavanny|Leavanny, L86, F|269/269\n|-activate|p2a: Leavanny|move: Sticky Web\n|-unboost|p2a: Leavanny|spe|1\n|move|p1a: Whiscash|Earthquake|p2a: Leavanny\n|-resisted|p2a: Leavanny\n|-crit|p2a: Leavanny\n|-damage|p2a: Leavanny|220/269\n|-damage|p1a: Whiscash|125/337|[from] item: Life Orb\n|\n|upkeep\n|turn|19\n|\n|t:|1733889673\n|switch|p1a: Sylveon|Sylveon, L85, M|300/300\n|move|p2a: Leavanny|Leaf Blade|p1a: Sylveon\n|-damage|p1a: Sylveon|179/300\n|\n|-heal|p1a: Sylveon|197/300|[from] item: Leftovers\n|upkeep\n|turn|20\n|\n|t:|1733889680\n|move|p1a: Sylveon|Wish|p1a: Sylveon\n|move|p2a: Leavanny|Leaf Blade|p1a: Sylveon\n|-damage|p1a: Sylveon|65/300\n|\n|-heal|p1a: Sylveon|83/300|[from] item: Leftovers\n|upkeep\n|turn|21\n|\n|t:|1733889686\n|move|p1a: Sylveon|Protect|p1a: Sylveon\n|-singleturn|p1a: Sylveon|Protect\n|move|p2a: Leavanny|Leaf Blade|p1a: Sylveon\n|-activate|p1a: Sylveon|move: Protect\n|\n|-heal|p1a: Sylveon|233/300|[from] move: Wish|[wisher] Sylveon\n|-heal|p1a: Sylveon|251/300|[from] item: Leftovers\n|upkeep\n|turn|22\n|\n|t:|1733889697\n|move|p1a: Sylveon|Hyper Voice|p2a: Leavanny\n|-damage|p2a: Leavanny|93/269\n|move|p2a: Leavanny|Leaf Blade|p1a: Sylveon\n|-damage|p1a: Sylveon|118/300\n|\n|-heal|p1a: Sylveon|136/300|[from] item: Leftovers\n|upkeep\n|turn|23\n|\n|t:|1733889713\n|move|p1a: Sylveon|Protect|p1a: Sylveon\n|-singleturn|p1a: Sylveon|Protect\n|move|p2a: Leavanny|Leaf Blade|p1a: Sylveon\n|-activate|p1a: Sylveon|move: Protect\n|\n|-heal|p1a: Sylveon|154/300|[from] item: Leftovers\n|upkeep\n|turn|24\n|\n|t:|1733889720\n|move|p1a: Sylveon|Wish|p1a: Sylveon\n|move|p2a: Leavanny|Leaf Blade|p1a: Sylveon\n|-crit|p1a: Sylveon\n|-damage|p1a: Sylveon|0 fnt\n|faint|p1a: Sylveon\n|\n|upkeep\n|\n|t:|1733889727\n|switch|p1a: Whiscash|Whiscash, L88, M|125/337\n|turn|25\n|\n|t:|1733889745\n|move|p1a: Whiscash|Stone Edge|p2a: Leavanny|[miss]\n|-miss|p1a: Whiscash|p2a: Leavanny\n|move|p2a: Leavanny|Leaf Blade|p1a: Whiscash\n|-supereffective|p1a: Whiscash\n|-damage|p1a: Whiscash|0 fnt\n|faint|p1a: Whiscash\n|\n|win|anathemmma\n", "inputlog": ">version bfd83cad13791eb5a5a409923076391caf6fb4d4\n>start {\"formatid\":\"gen9randombattle\",\"seed\":[4320,34335,23735,47122]}\n>player p1 {\"name\":\"Dumpet\",\"avatar\":\"1\",\"rating\":0,\"seed\":[36428,62615,60717,65217]}\n>player p2 {\"name\":\"anathemmma\",\"avatar\":\"hilda\",\"rating\":0,\"seed\":[57327,46156,52907,58618]}\n>p1 move trailblaze terastallize\n>p2 move wish\n>p1 move facade\n>p2 move protect\n>p1 move facade\n>p2 move scald\n>p2 switch 5\n>p1 switch 2\n>p2 move focusblast\n>p1 move calmmind\n>p2 move shadowball\n>p1 move dazzlinggleam\n>p2 move shadowball\n>p1 switch 6\n>p1 move earthquake\n>p2 move focusblast\n>p2 switch 2\n>p1 switch 2\n>p2 move knockoff\n>p1 move facade\n>p2 switch 4\n>p2 switch 3\n>p1 move facade\n>p2 move highhorsepower\n>p1 switch 4\n>p1 move irondefense\n>p2 move crabhammer\n>p1 move bodypress\n>p2 move swordsdance\n>p1 move bodypress\n>p2 move crabhammer\n>p2 switch 4\n>p1 move rest\n>p2 move lunge\n>p1 switch 3\n>p1 move trick\n>p2 move stickyweb\n>p1 move shadowball\n>p2 switch 6\n>p1 move shadowball\n>p2 move megahorn\n>p1 switch 2\n>p1 move earthquake\n>p2 switch 6\n>p1 switch 5\n>p2 move leafblade\n>p1 move wish\n>p2 move leafblade\n>p1 move protect\n>p2 move leafblade\n>p1 move hypervoice\n>p2 move leafblade\n>p1 move protect\n>p2 move leafblade\n>p1 move wish\n>p2 move leafblade\n>p1 switch 5\n>p1 move stoneedge\n>p2 move leafblade", "uploadtime": 1733889754, "views": 10, "formatid": "gen9randombattle", "rating": null, "private": 0, "password": null}