{"id": "gen9randombattle-2260875189", "format": "[Gen 9] Random Battle", "players": ["Togetick", "iJessy"], "log": "|j|\u2606Togetick\n|j|\u2606iJessy\n|t:|1733908834\n|gametype|singles\n|player|p1|Togetick|101|1449\n|player|p2|iJessy|wattson|1407\n|teamsize|p1|6\n|teamsize|p2|6\n|gen|9\n|tier|[Gen 9] Random Battle\n|rated|\n|rule|Species Clause: Limit one of each Pok\u00e9mon\n|rule|HP Percentage Mod: HP is shown in percentages\n|rule|Sleep Clause Mod: Limit one foe put to sleep\n|rule|Illusion Level Mod: Illusion disguises the Pok\u00e9mon's true level\n|\n|t:|1733908834\n|start\n|switch|p1a: Talonflame|Talonflame, L83, F|265/265\n|switch|p2a: Regice|Regice, L88|284/284\n|turn|1\n|inactive|Battle timer is ON: inactive players will automatically lose when time's up. (requested by Togetick)\n|\n|t:|1733908842\n|move|p1a: Talonflame|Overheat|p2a: Regice\n|-supereffective|p2a: Regice\n|-damage|p2a: Regice|164/284\n|-unboost|p1a: Talonflame|spa|2\n|move|p2a: Regice|Thunderbolt|p1a: Talonflame\n|-supereffective|p1a: Talonflame\n|-damage|p1a: Talonflame|91/265\n|-status|p1a: Talonflame|par\n|\n|upkeep\n|turn|2\n|\n|t:|1733908851\n|move|p2a: Regice|Rest|p2a: Regice\n|-status|p2a: Regice|slp|[from] move: Rest\n|-heal|p2a: Regice|284/284 slp|[silent]\n|move|p1a: Talonflame|Roost|p1a: Talonflame\n|-heal|p1a: Talonflame|224/265 par\n|-singleturn|p1a: Talonflame|move: Roost\n|\n|upkeep\n|turn|3\n|\n|t:|1733908876\n|switch|p1a: Magnezone|Magnezone, L85|258/258\n|cant|p2a: Regice|slp\n|move|p2a: Regice|Sleep Talk|p2a: Regice\n|move|p2a: Regice|Ice Beam|p1a: Magnezone|[from]move: Sleep Talk\n|-resisted|p1a: Magnezone\n|-damage|p1a: Magnezone|226/258\n|-status|p1a: Magnezone|frz\n|\n|upkeep\n|turn|4\n|inactive|iJessy has 120 seconds left.\n|\n|t:|1733908894\n|switch|p2a: Arceus|Arceus-Fairy, L69|280/280\n|cant|p1a: Magnezone|frz\n|\n|upkeep\n|turn|5\n|\n|t:|1733908900\n|-terastallize|p2a: Arceus|Steel\n|move|p2a: Arceus|Calm Mind|p2a: Arceus\n|-boost|p2a: Arceus|spa|1\n|-boost|p2a: Arceus|spd|1\n|cant|p1a: Magnezone|frz\n|\n|upkeep\n|turn|6\n|\n|t:|1733908910\n|switch|p1a: Meowstic|Meowstic, L89, M|277/277\n|move|p2a: Arceus|Calm Mind|p2a: Arceus\n|-boost|p2a: Arceus|spa|1\n|-boost|p2a: Arceus|spd|1\n|\n|upkeep\n|turn|7\n|\n|t:|1733908924\n|move|p1a: Meowstic|Thunder Wave|p2a: Arceus\n|-status|p2a: Arceus|par\n|cant|p2a: Arceus|par\n|\n|upkeep\n|turn|8\n|\n|t:|1733908940\n|move|p1a: Meowstic|Light Screen|p1a: Meowstic\n|-sidestart|p1: Togetick|move: Light Screen\n|cant|p2a: Arceus|par\n|\n|upkeep\n|turn|9\n|\n|t:|1733908955\n|switch|p1a: Minun|Minun, L95, F|268/268\n|move|p2a: Arceus|Calm Mind|p2a: Arceus\n|-boost|p2a: Arceus|spa|1\n|-boost|p2a: Arceus|spd|1\n|\n|upkeep\n|turn|10\n|\n|t:|1733908961\n|move|p1a: Minun|Encore|p2a: Arceus\n|-start|p2a: Arceus|Encore\n|move|p2a: Arceus|Calm Mind|p2a: Arceus\n|-boost|p2a: Arceus|spa|1\n|-boost|p2a: Arceus|spd|1\n|\n|upkeep\n|turn|11\n|\n|t:|1733908964\n|move|p1a: Minun|Nasty Plot|p1a: Minun\n|-boost|p1a: Minun|spa|2\n|move|p2a: Arceus|Calm Mind|p2a: Arceus\n|-boost|p2a: Arceus|spa|1\n|-boost|p2a: Arceus|spd|1\n|\n|upkeep\n|turn|12\n|\n|t:|1733908967\n|move|p1a: Minun|Nasty Plot|p1a: Minun\n|-boost|p1a: Minun|spa|2\n|move|p2a: Arceus|Calm Mind|p2a: Arceus\n|-boost|p2a: Arceus|spa|1\n|-boost|p2a: Arceus|spd|1\n|\n|-end|p2a: Arceus|Encore\n|upkeep\n|turn|13\n|\n|t:|1733908969\n|move|p1a: Minun|Encore|p2a: Arceus\n|-start|p2a: Arceus|Encore\n|cant|p2a: Arceus|par\n|\n|upkeep\n|turn|14\n|\n|t:|1733908977\n|switch|p2a: Alcremie|Alcremie-Salted-Cream, L90, F|263/263\n|move|p1a: Minun|Nasty Plot|p1a: Minun\n|-boost|p1a: Minun|spa|2\n|\n|upkeep\n|turn|15\n|\n|t:|1733908984\n|move|p1a: Minun|Thunderbolt|p2a: Alcremie\n|-damage|p2a: Alcremie|0 fnt\n|faint|p2a: Alcremie\n|-damage|p1a: Minun|242/268|[from] item: Life Orb\n|\n|-sideend|p1: Togetick|move: Light Screen\n|upkeep\n|\n|t:|1733908988\n|switch|p2a: Deoxys|Deoxys-Defense, L84|221/221\n|-ability|p2a: Deoxys|Pressure\n|turn|16\n|\n|t:|1733908998\n|move|p1a: Minun|Thunderbolt|p2a: Deoxys\n|-crit|p2a: Deoxys\n|-damage|p2a: Deoxys|0 fnt\n|faint|p2a: Deoxys\n|-damage|p1a: Minun|216/268|[from] item: Life Orb\n|\n|upkeep\n|\n|t:|1733909004\n|switch|p2a: Regice|Regice, L88|284/284 slp\n|turn|17\n|c|\u2606Togetick|Now you know how it feels\n|\n|t:|1733909014\n|move|p1a: Minun|Thunderbolt|p2a: Regice\n|-damage|p2a: Regice|11/284 slp\n|-damage|p1a: Minun|190/268|[from] item: Life Orb\n|cant|p2a: Regice|slp\n|move|p2a: Regice|Sleep Talk|p2a: Regice\n|move|p2a: Regice|Thunderbolt|p1a: Minun|[from]move: Sleep Talk\n|-heal|p1a: Minun|257/268|[from] ability: Volt Absorb|[of] p2a: Regice\n|\n|upkeep\n|turn|18\n|\n|t:|1733909028\n|move|p1a: Minun|Thunderbolt|p2a: Regice\n|-damage|p2a: Regice|0 fnt\n|faint|p2a: Regice\n|-damage|p1a: Minun|231/268|[from] item: Life Orb\n|\n|upkeep\n|inactive|iJessy has 120 seconds left.\n|\n|t:|1733909075\n|switch|p2a: Arceus|Arceus-Fairy, L69, tera:Steel|280/280 par\n|turn|19\n|\n|t:|1733909081\n|move|p1a: Minun|Thunderbolt|p2a: Arceus\n|-damage|p2a: Arceus|0 fnt\n|faint|p2a: Arceus\n|-damage|p1a: Minun|205/268|[from] item: Life Orb\n|\n|upkeep\n|\n|t:|1733909109\n|switch|p2a: Squawkabilly|Squawkabilly-Blue, L85, F|278/278\n|turn|20\n|\n|t:|1733909114\n|move|p2a: Squawkabilly|Quick Attack|p1a: Minun\n|-damage|p1a: Minun|147/268\n|move|p1a: Minun|Thunderbolt|p2a: Squawkabilly\n|-supereffective|p2a: Squawkabilly\n|-damage|p2a: Squawkabilly|0 fnt\n|faint|p2a: Squawkabilly\n|-damage|p1a: Minun|121/268|[from] item: Life Orb\n|\n|upkeep\n|inactive|iJessy has 90 seconds left.\n|inactive|iJessy has 60 seconds left.\n|inactive|iJessy has 30 seconds left.\n|\n|t:|1733909197\n|switch|p2a: Noivern|Noivern, L82, F|274/274\n|turn|21\n|\n|t:|1733909201\n|move|p2a: Noivern|Draco Meteor|p1a: Minun|[miss]\n|-miss|p2a: Noivern|p1a: Minun\n|move|p1a: Minun|Thunderbolt|p2a: Noivern\n|-damage|p2a: Noivern|0 fnt\n|faint|p2a: Noivern\n|-damage|p1a: Minun|95/268|[from] item: Life Orb\n|\n|win|Togetick\n|raw|Togetick's rating: 1449 &rarr; <strong>1465</strong><br />(+16 for winning)\n|raw|iJessy's rating: 1386 &rarr; <strong>1370</strong><br />(-16 for losing)\n|c|\u2606Togetick|Goddamn\n|l|\u2606iJessy\n|player|p2|\n|c|\u2606Togetick|Bad luck for you\n", "inputlog": ">version bfd83cad13791eb5a5a409923076391caf6fb4d4\n>start {\"formatid\":\"gen9randombattle\",\"seed\":[11375,60802,706,8531],\"rated\":\"Rated battle\"}\n>player p1 {\"name\":\"Togetick\",\"avatar\":\"101\",\"rating\":1449,\"seed\":[55743,257,44264,28316]}\n>player p2 {\"name\":\"iJessy\",\"avatar\":\"wattson\",\"rating\":1407,\"seed\":[8082,20707,40787,53294]}\n>p1 move overheat\n>p2 move thunderbolt\n>p1 move roost\n>p2 move rest\n>p1 switch 2\n>p2 move sleeptalk\n>p1 move flashcannon\n>p2 switch 6\n>p1 move flashcannon\n>p2 move calmmind terastallize\n>p1 switch 3\n>p2 move calmmind\n>p1 move thunderwave\n>p2 move judgment\n>p1 move lightscreen\n>p2 move judgment\n>p1 switch 5\n>p2 move calmmind\n>p1 move encore\n>p2 move earthpower\n>p1 move nastyplot\n>p2 move calmmind\n>p1 move nastyplot\n>p2 move calmmind\n>p1 move encore\n>p2 move earthpower\n>p1 move nastyplot\n>p2 switch 4\n>p1 move thunderbolt\n>p2 move terablast\n>p2 switch 5\n>p1 move thunderbolt\n>p2 move nightshade\n>p2 switch 6\n>chat \u2606Togetick|Now you know how it feels\n>p1 move thunderbolt\n>p2 move sleeptalk\n>p1 move thunderbolt\n>p2 move rest\n>p2 switch 4\n>p1 move thunderbolt\n>p2 move earthpower\n>p2 switch 3\n>p1 move thunderbolt\n>p2 move quickattack\n>p2 switch 2\n>p1 move thunderbolt\n>p2 move dracometeor", "uploadtime": 1733909224, "views": 1, "formatid": "gen9randombattle", "rating": 1370, "private": 0, "password": null}