{"id": "gen9randombattle-2260835960", "format": "[Gen 9] Random Battle", "players": ["Exegate", "pikaloy123"], "log": "|j|\u2606Exegate\n|j|\u2606pikaloy123\n|t:|1733901114\n|gametype|singles\n|player|p1|Exegate|266|1386\n|player|p2|pikaloy123|265|1411\n|teamsize|p1|6\n|teamsize|p2|6\n|gen|9\n|tier|[Gen 9] Random Battle\n|rated|\n|rule|Species Clause: Limit one of each Pok\u00e9mon\n|rule|HP Percentage Mod: HP is shown in percentages\n|rule|Sleep Clause Mod: Limit one foe put to sleep\n|rule|Illusion Level Mod: Illusion disguises the Pok\u00e9mon's true level\n|\n|t:|1733901114\n|start\n|switch|p1a: Hatterene|Hatterene, L85, F|236/236\n|switch|p2a: Tinkaton|Tinkaton, L82, F|274/274\n|-ability|p2a: Tinkaton|Mold Breaker\n|turn|1\n|inactive|Battle timer is ON: inactive players will automatically lose when time's up. (requested by pikaloy123)\n|\n|t:|1733901143\n|switch|p1a: Kommo-o|Kommo-o, L78, F|245/245\n|move|p2a: Tinkaton|Gigaton Hammer|p1a: Kommo-o\n|-damage|p1a: Kommo-o|115/245\n|-damage|p2a: Tinkaton|247/274|[from] item: Life Orb\n|\n|upkeep\n|turn|2\n|\n|t:|1733901154\n|move|p2a: Tinkaton|Knock Off|p1a: Kommo-o\n|-resisted|p1a: Kommo-o\n|-damage|p1a: Kommo-o|86/245\n|-enditem|p1a: Kommo-o|Loaded Dice|[from] move: Knock Off|[of] p2a: Tinkaton\n|-damage|p2a: Tinkaton|220/274|[from] item: Life Orb\n|move|p1a: Kommo-o|Close Combat|p2a: Tinkaton\n|-damage|p2a: Tinkaton|84/274\n|-unboost|p1a: Kommo-o|def|1\n|-unboost|p1a: Kommo-o|spd|1\n|\n|upkeep\n|turn|3\n|\n|t:|1733901160\n|move|p2a: Tinkaton|Play Rough|p1a: Kommo-o\n|-supereffective|p1a: Kommo-o\n|-damage|p1a: Kommo-o|0 fnt\n|faint|p1a: Kommo-o\n|-damage|p2a: Tinkaton|57/274|[from] item: Life Orb\n|\n|upkeep\n|\n|t:|1733901165\n|switch|p1a: Overqwil|Overqwil, L82, F|274/274\n|-ability|p1a: Overqwil|Intimidate|boost\n|-unboost|p2a: Tinkaton|atk|1\n|turn|4\n|\n|t:|1733901173\n|move|p2a: Tinkaton|Play Rough|p1a: Overqwil\n|-damage|p1a: Overqwil|210/274\n|-damage|p2a: Tinkaton|30/274|[from] item: Life Orb\n|move|p1a: Overqwil|Swords Dance|p1a: Overqwil\n|-boost|p1a: Overqwil|atk|2\n|\n|upkeep\n|turn|5\n|\n|t:|1733901189\n|move|p2a: Tinkaton|Gigaton Hammer|p1a: Overqwil\n|-damage|p1a: Overqwil|96/274\n|-damage|p2a: Tinkaton|3/274|[from] item: Life Orb\n|move|p1a: Overqwil|Crunch|p2a: Tinkaton\n|-resisted|p2a: Tinkaton\n|-damage|p2a: Tinkaton|0 fnt\n|faint|p2a: Tinkaton\n|\n|upkeep\n|\n|t:|1733901195\n|switch|p2a: Entei|Entei, L78|307/307\n|turn|6\n|\n|t:|1733901199\n|move|p2a: Entei|Flare Blitz|p1a: Overqwil\n|-damage|p1a: Overqwil|0 fnt\n|faint|p1a: Overqwil\n|-damage|p2a: Entei|275/307|[from] Recoil\n|\n|upkeep\n|\n|t:|1733901202\n|switch|p1a: Stonjourner|Stonjourner, L91, M|330/330\n|turn|7\n|\n|t:|1733901206\n|switch|p2a: Keldeo|Keldeo-Resolute, L79|273/273\n|move|p1a: Stonjourner|Rock Polish|p1a: Stonjourner\n|-boost|p1a: Stonjourner|spe|2\n|\n|upkeep\n|turn|8\n|\n|t:|1733901217\n|switch|p1a: Hatterene|Hatterene, L85, F|236/236\n|move|p2a: Keldeo|Secret Sword|p1a: Hatterene\n|-resisted|p1a: Hatterene\n|-damage|p1a: Hatterene|200/236\n|\n|-heal|p1a: Hatterene|214/236|[from] item: Leftovers\n|upkeep\n|turn|9\n|\n|t:|1733901222\n|switch|p2a: Entei|Entei, L78|275/307\n|move|p1a: Hatterene|Calm Mind|p1a: Hatterene\n|-boost|p1a: Hatterene|spa|1\n|-boost|p1a: Hatterene|spd|1\n|\n|-heal|p1a: Hatterene|228/236|[from] item: Leftovers\n|upkeep\n|turn|10\n|\n|t:|1733901231\n|move|p2a: Entei|Sacred Fire|p1a: Hatterene\n|-damage|p1a: Hatterene|68/236\n|-status|p1a: Hatterene|brn\n|move|p1a: Hatterene|Psychic|p2a: Entei\n|-damage|p2a: Entei|29/307\n|-unboost|p2a: Entei|spd|1\n|\n|-heal|p1a: Hatterene|82/236 brn|[from] item: Leftovers\n|-damage|p1a: Hatterene|68/236 brn|[from] brn\n|upkeep\n|turn|11\n|\n|t:|1733901236\n|move|p2a: Entei|Sacred Fire|p1a: Hatterene\n|-damage|p1a: Hatterene|0 fnt\n|faint|p1a: Hatterene\n|\n|upkeep\n|\n|t:|1733901243\n|switch|p1a: Stonjourner|Stonjourner, L91, M|330/330\n|turn|12\n|\n|t:|1733901268\n|move|p2a: Entei|Sacred Fire|p1a: Stonjourner\n|-resisted|p1a: Stonjourner\n|-damage|p1a: Stonjourner|280/330\n|move|p1a: Stonjourner|Earthquake|p2a: Entei\n|-supereffective|p2a: Entei\n|-damage|p2a: Entei|0 fnt\n|faint|p2a: Entei\n|-damage|p1a: Stonjourner|247/330|[from] item: Life Orb\n|\n|upkeep\n|\n|t:|1733901276\n|switch|p2a: Keldeo|Keldeo-Resolute, L79|273/273\n|turn|13\n|\n|t:|1733901282\n|move|p2a: Keldeo|Secret Sword|p1a: Stonjourner\n|-supereffective|p1a: Stonjourner\n|-damage|p1a: Stonjourner|35/330\n|move|p1a: Stonjourner|Stone Edge|p2a: Keldeo|[miss]\n|-miss|p1a: Stonjourner|p2a: Keldeo\n|\n|upkeep\n|turn|14\n|\n|t:|1733901287\n|move|p2a: Keldeo|Secret Sword|p1a: Stonjourner\n|-supereffective|p1a: Stonjourner\n|-damage|p1a: Stonjourner|0 fnt\n|faint|p1a: Stonjourner\n|\n|upkeep\n|\n|t:|1733901289\n|switch|p1a: Reuniclus|Reuniclus, L88, F|337/337\n|turn|15\n|\n|t:|1733901304\n|switch|p2a: Meowstic|Meowstic-F, L89, F|277/277\n|move|p1a: Reuniclus|Calm Mind|p1a: Reuniclus\n|-boost|p1a: Reuniclus|spa|1\n|-boost|p1a: Reuniclus|spd|1\n|\n|upkeep\n|turn|16\n|\n|t:|1733901318\n|move|p2a: Meowstic|Nasty Plot|p2a: Meowstic\n|-boost|p2a: Meowstic|spa|2\n|move|p1a: Reuniclus|Calm Mind|p1a: Reuniclus\n|-boost|p1a: Reuniclus|spa|1\n|-boost|p1a: Reuniclus|spd|1\n|\n|upkeep\n|turn|17\n|\n|t:|1733901329\n|move|p2a: Meowstic|Nasty Plot|p2a: Meowstic\n|-boost|p2a: Meowstic|spa|2\n|move|p1a: Reuniclus|Calm Mind|p1a: Reuniclus\n|-boost|p1a: Reuniclus|spa|1\n|-boost|p1a: Reuniclus|spd|1\n|\n|upkeep\n|turn|18\n|\n|t:|1733901332\n|move|p2a: Meowstic|Dark Pulse|p1a: Reuniclus\n|-supereffective|p1a: Reuniclus\n|-damage|p1a: Reuniclus|173/337\n|-damage|p2a: Meowstic|250/277|[from] item: Life Orb\n|cant|p1a: Reuniclus|flinch\n|\n|upkeep\n|turn|19\n|\n|t:|1733901337\n|move|p2a: Meowstic|Dark Pulse|p1a: Reuniclus\n|-supereffective|p1a: Reuniclus\n|-damage|p1a: Reuniclus|0 fnt\n|faint|p1a: Reuniclus\n|-damage|p2a: Meowstic|223/277|[from] item: Life Orb\n|\n|upkeep\n|-message|Exegate forfeited.\n|\n|win|pikaloy123\n|raw|Exegate's rating: 1386 &rarr; <strong>1367</strong><br />(-19 for losing)\n|raw|pikaloy123's rating: 1411 &rarr; <strong>1430</strong><br />(+19 for winning)\n|l|\u2606Exegate\n|player|p1|\n", "inputlog": ">version bfd83cad13791eb5a5a409923076391caf6fb4d4\n>start {\"formatid\":\"gen9randombattle\",\"seed\":[1195,18984,44687,39902],\"rated\":\"Rated battle\"}\n>player p1 {\"name\":\"Exegate\",\"avatar\":\"266\",\"rating\":1386,\"seed\":[42805,32953,14064,4786]}\n>player p2 {\"name\":\"pikaloy123\",\"avatar\":\"265\",\"rating\":1411,\"seed\":[31964,23814,10283,46465]}\n>p1 switch 4\n>p2 move gigatonhammer\n>p1 move closecombat\n>p2 move knockoff\n>p1 move closecombat\n>p2 move playrough\n>p1 switch 5\n>p1 move swordsdance\n>p2 move playrough\n>p1 move crunch\n>p2 move gigatonhammer\n>p2 switch 2\n>p1 move crunch\n>p2 move flareblitz\n>p1 switch 6\n>p1 move rockpolish\n>p2 switch 4\n>p1 switch 4\n>p2 move secretsword\n>p1 move calmmind\n>p2 switch 4\n>p1 move psychic\n>p2 move sacredfire\n>p1 move psychic\n>p2 move sacredfire\n>p1 switch 4\n>p1 move earthquake\n>p2 move sacredfire\n>p2 switch 4\n>p1 move stoneedge\n>p2 move secretsword\n>p1 move stoneedge\n>p2 move secretsword\n>p1 switch 3\n>p1 move calmmind\n>p2 switch 3\n>p1 move calmmind\n>p2 move nastyplot\n>p1 move calmmind\n>p2 move nastyplot\n>p1 move calmmind\n>p2 move darkpulse\n>p1 move recover\n>p2 move darkpulse\n>forcelose p1", "uploadtime": 1733901353, "views": 8, "formatid": "gen9randombattle", "rating": 1367, "private": 0, "password": null}