{"id": "gen9randombattle-2253406475", "format": "[Gen 9] Random Battle", "players": ["useemstohavefun", "paysa"], "log": "|badge|p1|bronze|gen9randombattle|100-3\n|uhtml|medal-msg|<div class=\"broadcast-blue\">Curious what those medals under the avatar are? PS now has Ladder Seasons! For more information, check out the <a href=\"https://www.smogon.com/forums/threads/3740067/\">thread on Smogon.</a></div>\n|badge|p2|gold|gen9randombattle|3-3\n|uhtml|medal-msg|<div class=\"broadcast-blue\">Curious what those medals under the avatar are? PS now has Ladder Seasons! For more information, check out the <a href=\"https://www.smogon.com/forums/threads/3740067/\">thread on Smogon.</a></div>\n|j|\u2606useemstohavefun\n|j|\u2606paysa\n|t:|1732889517\n|gametype|singles\n|player|p1|useemstohavefun|thorton|2336\n|player|p2|paysa|caitlin|2505\n|teamsize|p1|6\n|teamsize|p2|6\n|gen|9\n|tier|[Gen 9] Random Battle\n|rated|\n|rule|Species Clause: Limit one of each Pok\u00e9mon\n|rule|HP Percentage Mod: HP is shown in percentages\n|rule|Sleep Clause Mod: Limit one foe put to sleep\n|rule|Illusion Level Mod: Illusion disguises the Pok\u00e9mon's true level\n|\n|t:|1732889517\n|start\n|switch|p1a: Ditto|Ditto, L87|225/225\n|switch|p2a: Kyogre|Kyogre, L71|259/259\n|-weather|RainDance|[from] ability: Drizzle|[of] p2a: Kyogre\n|-transform|p1a: Ditto|p2a: Kyogre|[from] ability: Imposter\n|turn|1\n|inactive|Battle timer is ON: inactive players will automatically lose when time's up. (requested by paysa)\n|inactive|useemstohavefun also wants the timer to be on.\n|\n|t:|1732889532\n|switch|p1a: Chesnaught|Chesnaught, L84, M|285/285\n|switch|p2a: Amoonguss|Amoonguss, L82, F|321/321\n|\n|-weather|RainDance|[upkeep]\n|upkeep\n|turn|2\n|\n|t:|1732889540\n|switch|p2a: Whimsicott|Whimsicott, L85, M|241/241\n|move|p1a: Chesnaught|Knock Off|p2a: Whimsicott\n|-resisted|p2a: Whimsicott\n|-damage|p2a: Whimsicott|207/241\n|-enditem|p2a: Whimsicott|Heavy-Duty Boots|[from] move: Knock Off|[of] p1a: Chesnaught\n|\n|-weather|RainDance|[upkeep]\n|upkeep\n|turn|3\n|\n|t:|1732889547\n|switch|p1a: Heatran|Heatran, L79, F|273/273\n|-item|p1a: Heatran|Air Balloon\n|move|p2a: Whimsicott|U-turn|p1a: Heatran\n|-resisted|p1a: Heatran\n|-damage|p1a: Heatran|264/273\n|-enditem|p1a: Heatran|Air Balloon\n|\n|t:|1732889554\n|switch|p2a: Kyogre|Kyogre, L71|259/259|[from] U-turn\n|\n|-weather|RainDance|[upkeep]\n|upkeep\n|turn|4\n|\n|t:|1732889564\n|switch|p1a: Chesnaught|Chesnaught, L84, M|285/285\n|move|p2a: Kyogre|Water Spout|p1a: Chesnaught\n|-resisted|p1a: Chesnaught\n|-damage|p1a: Chesnaught|148/285\n|\n|-weather|RainDance|[upkeep]\n|-heal|p1a: Chesnaught|165/285|[from] item: Leftovers\n|upkeep\n|turn|5\n|\n|t:|1732889576\n|switch|p2a: Whimsicott|Whimsicott, L85, M|207/241\n|move|p1a: Chesnaught|Knock Off|p2a: Whimsicott\n|-resisted|p2a: Whimsicott\n|-damage|p2a: Whimsicott|182/241\n|\n|-weather|none\n|-heal|p1a: Chesnaught|182/285|[from] item: Leftovers\n|upkeep\n|turn|6\n|inactive|useemstohavefun has 120 seconds left.\n|\n|t:|1732889613\n|switch|p1a: Heatran|Heatran, L79, F|264/273\n|move|p2a: Whimsicott|Moonblast|p1a: Heatran\n|-resisted|p1a: Heatran\n|-damage|p1a: Heatran|245/273\n|-unboost|p1a: Heatran|spa|1\n|\n|upkeep\n|turn|7\n|\n|t:|1732889621\n|move|p2a: Whimsicott|U-turn|p1a: Heatran\n|-resisted|p1a: Heatran\n|-damage|p1a: Heatran|237/273\n|\n|t:|1732889623\n|switch|p2a: Kyogre|Kyogre, L71|259/259|[from] U-turn\n|-weather|RainDance|[from] ability: Drizzle|[of] p2a: Kyogre\n|move|p1a: Heatran|Stealth Rock|p2a: Kyogre\n|-sidestart|p2: paysa|move: Stealth Rock\n|\n|-weather|RainDance|[upkeep]\n|upkeep\n|turn|8\n|\n|t:|1732889632\n|switch|p1a: Ditto|Ditto, L87|225/225\n|-transform|p1a: Ditto|p2a: Kyogre|[from] ability: Imposter\n|move|p2a: Kyogre|Water Spout|p1a: Ditto\n|-resisted|p1a: Ditto\n|-damage|p1a: Ditto|121/225\n|\n|-weather|RainDance|[upkeep]\n|upkeep\n|turn|9\n|\n|t:|1732889651\n|switch|p2a: Whimsicott|Whimsicott, L85, M|182/241\n|-damage|p2a: Whimsicott|152/241|[from] Stealth Rock\n|move|p1a: Ditto|Ice Beam|p2a: Whimsicott\n|-supereffective|p2a: Whimsicott\n|-damage|p2a: Whimsicott|0 fnt\n|faint|p2a: Whimsicott\n|\n|-weather|RainDance|[upkeep]\n|upkeep\n|\n|t:|1732889664\n|switch|p2a: Houndoom|Houndoom, L87, M|272/272\n|turn|10\n|\n|t:|1732889674\n|switch|p1a: Carbink|Carbink, L90|236/236\n|move|p2a: Houndoom|Dark Pulse|p1a: Carbink\n|-resisted|p1a: Carbink\n|-damage|p1a: Carbink|206/236\n|\n|-weather|RainDance|[upkeep]\n|-heal|p1a: Carbink|220/236|[from] item: Leftovers\n|upkeep\n|turn|11\n|\n|t:|1732889683\n|switch|p2a: Amoonguss|Amoonguss, L82, F|321/321\n|-damage|p2a: Amoonguss|281/321|[from] Stealth Rock\n|switch|p1a: Heatran|Heatran, L79, F|237/273\n|\n|-weather|none\n|upkeep\n|turn|12\n|\n|t:|1732889693\n|switch|p1a: Chesnaught|Chesnaught, L84, M|182/285\n|move|p2a: Amoonguss|Stomping Tantrum|p1a: Chesnaught\n|-resisted|p1a: Chesnaught\n|-damage|p1a: Chesnaught|165/285\n|\n|-heal|p1a: Chesnaught|182/285|[from] item: Leftovers\n|upkeep\n|turn|13\n|inactive|paysa has 120 seconds left.\n|\n|t:|1732889746\n|switch|p2a: Flareon|Flareon, L90, F|263/263\n|-damage|p2a: Flareon|198/263|[from] Stealth Rock\n|move|p1a: Chesnaught|Knock Off|p2a: Flareon\n|-damage|p2a: Flareon|107/263\n|-enditem|p2a: Flareon|Toxic Orb|[from] move: Knock Off|[of] p1a: Chesnaught\n|\n|-heal|p1a: Chesnaught|199/285|[from] item: Leftovers\n|upkeep\n|turn|14\n|\n|t:|1732889755\n|switch|p2a: Kyogre|Kyogre, L71|259/259\n|-damage|p2a: Kyogre|227/259|[from] Stealth Rock\n|-weather|RainDance|[from] ability: Drizzle|[of] p2a: Kyogre\n|switch|p1a: Heatran|Heatran, L79, F|237/273\n|\n|-weather|RainDance|[upkeep]\n|upkeep\n|turn|15\n|\n|t:|1732889766\n|switch|p1a: Ditto|Ditto, L87|121/225\n|-transform|p1a: Ditto|p2a: Kyogre|[from] ability: Imposter\n|move|p2a: Kyogre|Water Spout|p1a: Ditto\n|-resisted|p1a: Ditto\n|-damage|p1a: Ditto|35/225\n|\n|-weather|RainDance|[upkeep]\n|upkeep\n|turn|16\n|\n|t:|1732889773\n|move|p1a: Ditto|Thunder|p2a: Kyogre\n|-supereffective|p2a: Kyogre\n|-damage|p2a: Kyogre|77/259\n|move|p2a: Kyogre|Water Spout|p1a: Ditto\n|-resisted|p1a: Ditto\n|-damage|p1a: Ditto|8/225\n|\n|-weather|RainDance|[upkeep]\n|upkeep\n|turn|17\n|\n|t:|1732889781\n|move|p1a: Ditto|Thunder|p2a: Kyogre\n|-supereffective|p2a: Kyogre\n|-damage|p2a: Kyogre|0 fnt\n|faint|p2a: Kyogre\n|\n|-weather|RainDance|[upkeep]\n|upkeep\n|\n|t:|1732889788\n|switch|p2a: Houndoom|Houndoom, L87, M|272/272\n|turn|18\n|\n|t:|1732889793\n|move|p1a: Ditto|Thunder|p2a: Houndoom\n|-damage|p2a: Houndoom|177/272\n|move|p2a: Houndoom|Sludge Bomb|p1a: Ditto\n|-damage|p1a: Ditto|0 fnt\n|faint|p1a: Ditto\n|\n|-weather|none\n|upkeep\n|\n|t:|1732889803\n|switch|p1a: Heatran|Heatran, L79, F|237/273\n|turn|19\n|\n|t:|1732889809\n|move|p2a: Houndoom|Dark Pulse|p1a: Heatran\n|-damage|p1a: Heatran|147/273\n|move|p1a: Heatran|Earth Power|p2a: Houndoom\n|-supereffective|p2a: Houndoom\n|-damage|p2a: Houndoom|41/272\n|\n|upkeep\n|turn|20\n|\n|t:|1732889815\n|switch|p1a: Carbink|Carbink, L90|220/236\n|move|p2a: Houndoom|Dark Pulse|p1a: Carbink\n|-resisted|p1a: Carbink\n|-damage|p1a: Carbink|188/236\n|\n|-heal|p1a: Carbink|202/236|[from] item: Leftovers\n|upkeep\n|turn|21\n|\n|t:|1732889821\n|move|p2a: Houndoom|Sludge Bomb|p1a: Carbink\n|-damage|p1a: Carbink|152/236\n|move|p1a: Carbink|Moonblast|p2a: Houndoom\n|-damage|p2a: Houndoom|0 fnt\n|faint|p2a: Houndoom\n|\n|-heal|p1a: Carbink|166/236|[from] item: Leftovers\n|upkeep\n|\n|t:|1732889823\n|switch|p2a: Polteageist|Polteageist-Antique, L79|224/224\n|-damage|p2a: Polteageist|196/224|[from] Stealth Rock\n|turn|22\n|\n|t:|1732889836\n|switch|p1a: Umbreon|Umbreon, L84, F|297/297\n|move|p2a: Polteageist|Shell Smash|p2a: Polteageist\n|-unboost|p2a: Polteageist|def|1\n|-unboost|p2a: Polteageist|spd|1\n|-boost|p2a: Polteageist|atk|2\n|-boost|p2a: Polteageist|spa|2\n|-boost|p2a: Polteageist|spe|2\n|-enditem|p2a: Polteageist|White Herb\n|-clearnegativeboost|p2a: Polteageist|[silent]\n|\n|upkeep\n|turn|23\n|j| filwatts\n|\n|t:|1732889847\n|switch|p1a: Carbink|Carbink, L90|166/236\n|-terastallize|p2a: Polteageist|Fighting\n|move|p2a: Polteageist|Tera Blast|p1a: Carbink|[anim] Tera Blast Fighting\n|-damage|p1a: Carbink|51/236\n|\n|-heal|p1a: Carbink|65/236|[from] item: Leftovers\n|upkeep\n|turn|24\n|l| filwatts\n|\n|t:|1732889860\n|move|p2a: Polteageist|Tera Blast|p1a: Carbink|[anim] Tera Blast Fighting\n|-damage|p1a: Carbink|0 fnt\n|faint|p1a: Carbink\n|\n|upkeep\n|\n|t:|1732889868\n|switch|p1a: Mesprit|Mesprit, L85|275/275\n|turn|25\n|\n|t:|1732889889\n|-terastallize|p1a: Mesprit|Dark\n|move|p2a: Polteageist|Shadow Ball|p1a: Mesprit\n|-resisted|p1a: Mesprit\n|-damage|p1a: Mesprit|188/275\n|move|p1a: Mesprit|Thunder Wave|p2a: Polteageist\n|-status|p2a: Polteageist|par\n|\n|-heal|p1a: Mesprit|205/275|[from] item: Leftovers\n|upkeep\n|turn|26\n|\n|t:|1732889897\n|move|p1a: Mesprit|Psychic Noise|p2a: Polteageist\n|-supereffective|p2a: Polteageist\n|-damage|p2a: Polteageist|50/224 par\n|-start|p2a: Polteageist|move: Heal Block\n|move|p2a: Polteageist|Shell Smash|p2a: Polteageist\n|-unboost|p2a: Polteageist|def|1\n|-unboost|p2a: Polteageist|spd|1\n|-boost|p2a: Polteageist|atk|2\n|-boost|p2a: Polteageist|spa|2\n|-boost|p2a: Polteageist|spe|2\n|\n|-heal|p1a: Mesprit|222/275|[from] item: Leftovers\n|upkeep\n|turn|27\n|\n|t:|1732889907\n|move|p2a: Polteageist|Tera Blast|p1a: Mesprit|[anim] Tera Blast Fighting\n|-supereffective|p1a: Mesprit\n|-damage|p1a: Mesprit|0 fnt\n|faint|p1a: Mesprit\n|\n|-end|p2a: Polteageist|move: Heal Block\n|upkeep\n|\n|t:|1732889935\n|switch|p1a: Chesnaught|Chesnaught, L84, M|199/285\n|turn|28\n|\n|t:|1732889938\n|cant|p2a: Polteageist|par\n|move|p1a: Chesnaught|Body Press|p2a: Polteageist\n|-damage|p2a: Polteageist|0 fnt\n|faint|p2a: Polteageist\n|\n|-heal|p1a: Chesnaught|216/285|[from] item: Leftovers\n|upkeep\n|\n|t:|1732889941\n|switch|p2a: Flareon|Flareon, L90, F|107/263\n|-damage|p2a: Flareon|42/263|[from] Stealth Rock\n|turn|29\n|\n|t:|1732889949\n|switch|p1a: Heatran|Heatran, L79, F|147/273\n|move|p2a: Flareon|Facade|p1a: Heatran\n|-resisted|p1a: Heatran\n|-damage|p1a: Heatran|113/273\n|\n|upkeep\n|turn|30\n|\n|t:|1732889953\n|move|p2a: Flareon|Facade|p1a: Heatran\n|-resisted|p1a: Heatran\n|-damage|p1a: Heatran|79/273\n|move|p1a: Heatran|Earth Power|p2a: Flareon\n|-supereffective|p2a: Flareon\n|-damage|p2a: Flareon|0 fnt\n|faint|p2a: Flareon\n|\n|upkeep\n|\n|t:|1732889956\n|switch|p2a: Amoonguss|Amoonguss, L82, F|321/321\n|-damage|p2a: Amoonguss|281/321|[from] Stealth Rock\n|turn|31\n|\n|t:|1732889961\n|move|p1a: Heatran|Lava Plume|p2a: Amoonguss\n|-supereffective|p2a: Amoonguss\n|-damage|p2a: Amoonguss|57/321\n|-status|p2a: Amoonguss|brn\n|move|p2a: Amoonguss|Stomping Tantrum|p1a: Heatran\n|-supereffective|p1a: Heatran\n|-damage|p1a: Heatran|0 fnt\n|faint|p1a: Heatran\n|\n|-damage|p2a: Amoonguss|37/321 brn|[from] brn\n|upkeep\n|\n|t:|1732889969\n|switch|p1a: Chesnaught|Chesnaught, L84, M|216/285\n|turn|32\n|\n|t:|1732889972\n|move|p1a: Chesnaught|Knock Off|p2a: Amoonguss\n|-damage|p2a: Amoonguss|0 fnt\n|-damage|p1a: Chesnaught|169/285|[from] item: Rocky Helmet|[of] p2a: Amoonguss\n|-enditem|p2a: Amoonguss|Rocky Helmet|[from] move: Knock Off|[of] p1a: Chesnaught\n|faint|p2a: Amoonguss\n|\n|win|useemstohavefun\n|raw|useemstohavefun's rating: 2336 &rarr; <strong>2365</strong><br />(+29 for winning)\n|raw|paysa's rating: 2505 &rarr; <strong>2476</strong><br />(-29 for losing)\n|c|\u2606useemstohavefun|gg\n|l|\u2606paysa\n|player|p2|\n", "inputlog": ">version b107d77f5c90bd6555267ae244a6264823309ead\n>start {\"formatid\":\"gen9randombattle\",\"seed\":[49241,6657,57078,38187],\"rated\":\"Rated battle\"}\n>player p1 {\"name\":\"useemstohavefun\",\"avatar\":\"thorton\",\"rating\":2336,\"seed\":[19784,37385,56825,55571]}\n>player p2 {\"name\":\"paysa\",\"avatar\":\"caitlin\",\"rating\":2505,\"seed\":[60041,63147,704,25883]}\n>p1 switch 4\n>p2 switch 4\n>p1 move knockoff\n>p2 switch 2\n>p1 switch 2\n>p2 move uturn\n>p2 switch 4\n>p1 switch 2\n>p2 move waterspout\n>p1 move knockoff\n>p2 switch 4\n>p1 switch 2\n>p2 move moonblast\n>p1 move stealthrock\n>p2 move uturn\n>p2 switch 4\n>p1 switch 4\n>p2 move waterspout\n>p1 move icebeam\n>p2 switch 4\n>p2 switch 6\n>p1 switch 5\n>p2 move darkpulse\n>p1 switch 4\n>p2 switch 2\n>p1 switch 2\n>p2 move stompingtantrum\n>p1 move knockoff\n>p2 switch 3\n>p1 switch 2\n>p2 switch 4\n>p1 switch 5\n>p2 move waterspout\n>p1 move thunder\n>p2 move waterspout\n>p1 move thunder\n>p2 move waterspout\n>p2 switch 2\n>p1 move thunder\n>p2 move sludgebomb\n>p1 switch 5\n>p1 move earthpower\n>p2 move darkpulse\n>p1 switch 4\n>p2 move darkpulse\n>p1 move moonblast\n>p2 move sludgebomb\n>p2 switch 5\n>p1 switch 3\n>p2 move shellsmash\n>p1 switch 3\n>p2 move terablast terastallize\n>p1 move moonblast\n>p2 move terablast\n>p1 switch 6\n>p1 move thunderwave terastallize\n>p2 move shadowball\n>p1 move psychicnoise\n>p2 move shellsmash\n>p1 move psychicnoise\n>p2 move terablast\n>p1 switch 2\n>p1 move bodypress\n>p2 move terablast\n>p2 switch 4\n>p1 switch 4\n>p2 move facade\n>p1 move earthpower\n>p2 move facade\n>p2 switch 3\n>p1 move lavaplume\n>p2 move stompingtantrum\n>p1 switch 4\n>p1 move knockoff\n>p2 move spore", "uploadtime": 1732889980, "views": 14, "formatid": "gen9randombattle", "rating": 2365, "private": 0, "password": null}