{"id": "gen9randombattle-2169362461", "format": "[Gen 9] Random Battle", "players": ["Norman2!", "kingyascah"], "log": "|badge|p1|bronze|gen9randombattle|100-2\n|uhtml|medal-msg|<div class=\"broadcast-blue\">Curious what those medals under the avatar are? PS now has Ladder Seasons! For more information, check out the <a href=\"https://www.smogon.com/forums/threads/3740067/\">thread on Smogon.</a></div>\n|j|\u203dNorman2!\n|j|\u2606kingyascah\n|t:|1722235710\n|gametype|singles\n|player|p1|Norman2!|1|2323\n|player|p2|kingyascah|carmine-festival|2315\n|teamsize|p1|6\n|teamsize|p2|6\n|gen|9\n|tier|[Gen 9] Random Battle\n|rated|\n|rule|Species Clause: Limit one of each Pok\u00e9mon\n|rule|HP Percentage Mod: HP is shown in percentages\n|rule|Sleep Clause Mod: Limit one foe put to sleep\n|rule|Illusion Level Mod: Illusion disguises the Pok\u00e9mon's true level\n|\n|t:|1722235710\n|start\n|switch|p1a: Masquerain|Masquerain, L87, F|264/264\n|switch|p2a: Gogoat|Gogoat, L88, M|360/360\n|-ability|p1a: Masquerain|Intimidate|boost\n|-unboost|p2a: Gogoat|atk|1\n|turn|1\n|\n|t:|1722235732\n|switch|p2a: Articuno|Articuno, L86|295/295\n|-ability|p2a: Articuno|Pressure\n|move|p1a: Masquerain|Bug Buzz|p2a: Articuno\n|-resisted|p2a: Articuno\n|-damage|p2a: Articuno|259/295\n|\n|upkeep\n|turn|2\n|inactive|Battle timer is ON: inactive players will automatically lose when time's up. (requested by kingyascah)\n|\n|t:|1722235742\n|switch|p1a: Pachirisu|Pachirisu, L96, F|271/271\n|move|p2a: Articuno|Brave Bird|p1a: Pachirisu\n|-resisted|p1a: Pachirisu\n|-damage|p1a: Pachirisu|206/271\n|-damage|p2a: Articuno|238/295|[from] Recoil\n|\n|upkeep\n|turn|3\n|\n|t:|1722235752\n|switch|p2a: Gliscor|Gliscor, L76, F|239/239\n|move|p1a: Pachirisu|Super Fang|p2a: Gliscor\n|-damage|p2a: Gliscor|120/239\n|\n|-status|p2a: Gliscor|tox|[from] item: Toxic Orb\n|upkeep\n|turn|4\n|\n|t:|1722235760\n|move|p1a: Pachirisu|U-turn|p2a: Gliscor\n|-resisted|p2a: Gliscor\n|-damage|p2a: Gliscor|103/239 tox\n|\n|t:|1722235774\n|switch|p1a: Iron Jugulis|Iron Jugulis, L78|275/275|[from] U-turn\n|move|p2a: Gliscor|Toxic|p1a: Iron Jugulis\n|-status|p1a: Iron Jugulis|tox\n|\n|-damage|p1a: Iron Jugulis|258/275 tox|[from] psn\n|-heal|p2a: Gliscor|132/239 tox|[from] ability: Poison Heal\n|upkeep\n|turn|5\n|\n|t:|1722235782\n|switch|p2a: Palkia|Palkia, L75|259/259\n|-ability|p2a: Palkia|Pressure\n|move|p1a: Iron Jugulis|Hurricane|p2a: Palkia\n|-damage|p2a: Palkia|105/259\n|\n|-damage|p1a: Iron Jugulis|224/275 tox|[from] psn\n|upkeep\n|turn|6\n|\n|t:|1722235794\n|move|p2a: Palkia|Spacial Rend|p1a: Iron Jugulis\n|-damage|p1a: Iron Jugulis|74/275 tox\n|move|p1a: Iron Jugulis|Hurricane|p2a: Palkia\n|-damage|p2a: Palkia|0 fnt\n|faint|p2a: Palkia\n|\n|-damage|p1a: Iron Jugulis|23/275 tox|[from] psn\n|upkeep\n|\n|t:|1722235798\n|switch|p2a: Articuno|Articuno, L86|238/295\n|-ability|p2a: Articuno|Pressure\n|turn|7\n|\n|t:|1722235801\n|-end|p1a: Iron Jugulis|Quark Drive|[silent]\n|switch|p1a: Pachirisu|Pachirisu, L96, F|206/271\n|move|p2a: Articuno|Roost|p2a: Articuno\n|-heal|p2a: Articuno|295/295\n|-singleturn|p2a: Articuno|move: Roost\n|\n|upkeep\n|turn|8\n|\n|t:|1722235809\n|move|p1a: Pachirisu|U-turn|p2a: Articuno\n|-resisted|p2a: Articuno\n|-damage|p2a: Articuno|278/295\n|\n|t:|1722235811\n|switch|p1a: Regirock|Regirock, L83|268/268|[from] U-turn\n|move|p2a: Articuno|Freeze-Dry|p1a: Regirock\n|-damage|p1a: Regirock|201/268\n|\n|-heal|p1a: Regirock|217/268|[from] item: Leftovers\n|upkeep\n|turn|9\n|\n|t:|1722235825\n|switch|p2a: Mesprit|Mesprit, L85|275/275\n|move|p1a: Regirock|Stone Edge|p2a: Mesprit\n|-crit|p2a: Mesprit\n|-damage|p2a: Mesprit|130/275\n|\n|-heal|p1a: Regirock|233/268|[from] item: Leftovers\n|upkeep\n|turn|10\n|\n|t:|1722235838\n|switch|p1a: Pachirisu|Pachirisu, L96, F|206/271\n|move|p2a: Mesprit|Dazzling Gleam|p1a: Pachirisu\n|-damage|p1a: Pachirisu|128/271\n|\n|upkeep\n|turn|11\n|\n|t:|1722235868\n|move|p1a: Pachirisu|Discharge|p2a: Mesprit\n|-damage|p2a: Mesprit|70/275\n|move|p2a: Mesprit|Dazzling Gleam|p1a: Pachirisu\n|-damage|p1a: Pachirisu|50/271\n|\n|upkeep\n|turn|12\n|\n|t:|1722235873\n|move|p1a: Pachirisu|U-turn|p2a: Mesprit\n|-supereffective|p2a: Mesprit\n|-damage|p2a: Mesprit|6/275\n|\n|t:|1722235877\n|switch|p1a: Clawitzer|Clawitzer, L86, F|262/262|[from] U-turn\n|move|p2a: Mesprit|Dazzling Gleam|p1a: Clawitzer\n|-damage|p1a: Clawitzer|178/262\n|\n|upkeep\n|turn|13\n|\n|t:|1722235881\n|move|p2a: Mesprit|Dazzling Gleam|p1a: Clawitzer\n|-damage|p1a: Clawitzer|86/262\n|move|p1a: Clawitzer|U-turn|p2a: Mesprit\n|-supereffective|p2a: Mesprit\n|-damage|p2a: Mesprit|0 fnt\n|faint|p2a: Mesprit\n|j| tyrantkingdad\n|\n|t:|1722235898\n|switch|p1a: Masquerain|Masquerain, L87, F|264/264|[from] U-turn\n|\n|upkeep\n|\n|t:|1722235908\n|switch|p2a: Articuno|Articuno, L86|278/295\n|-ability|p2a: Articuno|Pressure\n|turn|14\n|\n|t:|1722235911\n|switch|p1a: Regirock|Regirock, L83|233/268\n|move|p2a: Articuno|Brave Bird|p1a: Regirock\n|-resisted|p1a: Regirock\n|-damage|p1a: Regirock|202/268\n|-damage|p2a: Articuno|268/295|[from] Recoil\n|\n|-heal|p1a: Regirock|218/268|[from] item: Leftovers\n|upkeep\n|turn|15\n|\n|t:|1722235914\n|switch|p2a: Gliscor|Gliscor, L76, F|132/239 tox\n|move|p1a: Regirock|Stone Edge|p2a: Gliscor\n|-damage|p2a: Gliscor|42/239 tox\n|\n|-heal|p1a: Regirock|234/268|[from] item: Leftovers\n|-heal|p2a: Gliscor|71/239 tox|[from] ability: Poison Heal\n|upkeep\n|turn|16\n|\n|t:|1722235947\n|switch|p1a: Iron Jugulis|Iron Jugulis, L78|23/275 tox\n|move|p2a: Gliscor|Toxic|p1a: Iron Jugulis\n|-fail|p1a: Iron Jugulis|tox\n|\n|-damage|p1a: Iron Jugulis|6/275 tox|[from] psn\n|-heal|p2a: Gliscor|100/239 tox|[from] ability: Poison Heal\n|upkeep\n|turn|17\n|\n|t:|1722235952\n|-end|p1a: Iron Jugulis|Quark Drive|[silent]\n|switch|p1a: Koraidon|Koraidon, L64|235/235\n|-weather|SunnyDay|[from] ability: Orichalcum Pulse|[of] p1a: Koraidon\n|-activate|p1a: Koraidon|Orichalcum Pulse|[source]\n|switch|p2a: Articuno|Articuno, L86|268/295\n|-ability|p2a: Articuno|Pressure\n|\n|-weather|SunnyDay|[upkeep]\n|upkeep\n|turn|18\n|\n|t:|1722235975\n|switch|p2a: Gliscor|Gliscor, L76, F|100/239 tox\n|-terastallize|p1a: Koraidon|Fire\n|move|p1a: Koraidon|Flare Blitz|p2a: Gliscor\n|-damage|p2a: Gliscor|0 fnt\n|faint|p2a: Gliscor\n|-damage|p1a: Koraidon|202/235|[from] Recoil\n|\n|-weather|SunnyDay|[upkeep]\n|upkeep\n|\n|t:|1722235985\n|switch|p2a: Gogoat|Gogoat, L88, M|360/360\n|turn|19\n|\n|t:|1722235989\n|switch|p1a: Masquerain|Masquerain, L87, F|264/264\n|-ability|p1a: Masquerain|Intimidate|boost\n|-unboost|p2a: Gogoat|atk|1\n|-terastallize|p2a: Gogoat|Ground\n|move|p2a: Gogoat|Earthquake|p1a: Masquerain\n|-immune|p1a: Masquerain\n|\n|-weather|SunnyDay|[upkeep]\n|upkeep\n|turn|20\n|\n|t:|1722235999\n|switch|p1a: Koraidon|Koraidon, L64, tera:Fire|202/235\n|-activate|p1a: Koraidon|ability: Orichalcum Pulse\n|switch|p2a: Articuno|Articuno, L86|268/295\n|-ability|p2a: Articuno|Pressure\n|\n|-weather|SunnyDay|[upkeep]\n|upkeep\n|turn|21\n|\n|t:|1722236003\n|move|p1a: Koraidon|Flare Blitz|p2a: Articuno\n|-supereffective|p2a: Articuno\n|-damage|p2a: Articuno|0 fnt\n|faint|p2a: Articuno\n|-damage|p1a: Koraidon|114/235|[from] Recoil\n|\n|-weather|none\n|upkeep\n|\n|t:|1722236006\n|switch|p2a: Arceus|Arceus-Bug, L73|295/295\n|turn|22\n|\n|t:|1722236027\n|move|p2a: Arceus|Calm Mind|p2a: Arceus\n|-boost|p2a: Arceus|spa|1\n|-boost|p2a: Arceus|spd|1\n|move|p1a: Koraidon|Flare Blitz|p2a: Arceus\n|-supereffective|p2a: Arceus\n|-damage|p2a: Arceus|55/295\n|-damage|p1a: Koraidon|35/235|[from] Recoil\n|\n|upkeep\n|turn|23\n|\n|t:|1722236046\n|switch|p1a: Clawitzer|Clawitzer, L86, F|86/262\n|move|p2a: Arceus|Judgment|p1a: Clawitzer\n|-crit|p1a: Clawitzer\n|-damage|p1a: Clawitzer|0 fnt\n|faint|p1a: Clawitzer\n|\n|upkeep\n|inactive|Norman2! has 120 seconds left.\n|\n|t:|1722236078\n|switch|p1a: Pachirisu|Pachirisu, L96, F|50/271\n|turn|24\n|\n|t:|1722236097\n|move|p1a: Pachirisu|Encore|p2a: Arceus\n|-start|p2a: Arceus|Encore\n|move|p2a: Arceus|Judgment|p1a: Pachirisu\n|-damage|p1a: Pachirisu|0 fnt\n|faint|p1a: Pachirisu\n|\n|upkeep\n|\n|t:|1722236100\n|switch|p1a: Masquerain|Masquerain, L87, F|264/264\n|-ability|p1a: Masquerain|Intimidate|boost\n|-unboost|p2a: Arceus|atk|1\n|turn|25\n|\n|t:|1722236120\n|move|p2a: Arceus|Judgment|p1a: Masquerain\n|-resisted|p1a: Masquerain\n|-damage|p1a: Masquerain|182/264\n|move|p1a: Masquerain|Quiver Dance|p1a: Masquerain\n|-boost|p1a: Masquerain|spa|1\n|-boost|p1a: Masquerain|spd|1\n|-boost|p1a: Masquerain|spe|1\n|\n|upkeep\n|turn|26\n|\n|t:|1722236124\n|move|p1a: Masquerain|Bug Buzz|p2a: Arceus\n|-damage|p2a: Arceus|0 fnt\n|faint|p2a: Arceus\n|\n|upkeep\n|-message|kingyascah forfeited.\n|\n|win|Norman2!\n|raw|Norman2!'s rating: 2323 &rarr; <strong>2343</strong><br />(+20 for winning)\n|raw|kingyascah's rating: 2315 &rarr; <strong>2295</strong><br />(-20 for losing)\n", "inputlog": ">version 3c8c0ba6a3441824201ce9f0cf68dcc094963845\n>start {\"formatid\":\"gen9randombattle\",\"seed\":[29073,17934,24814,40045],\"rated\":\"Rated battle\"}\n>player p1 {\"name\":\"Norman2!\",\"avatar\":\"1\",\"rating\":2323,\"seed\":[55659,43444,23602,41447]}\n>player p2 {\"name\":\"kingyascah\",\"avatar\":\"carmine-festival\",\"rating\":2315,\"seed\":[10259,57235,55366,7280]}\n>p1 move bugbuzz\n>p2 switch 3\n>p1 switch 6\n>p2 move bravebird\n>p1 move superfang\n>p2 switch 5\n>p1 move uturn\n>p2 move toxic\n>p1 switch 4\n>p1 move hurricane\n>p2 switch 6\n>p1 move hurricane\n>p2 move spacialrend\n>p2 switch 5\n>p1 switch 4\n>p2 move roost\n>p1 move uturn\n>p2 move freezedry\n>p1 switch 5\n>p1 move stoneedge\n>p2 switch 2\n>p1 switch 5\n>p2 move dazzlinggleam\n>p1 move discharge\n>p2 move dazzlinggleam\n>p1 move uturn\n>p2 move dazzlinggleam\n>p1 switch 3\n>p1 move uturn\n>p2 move dazzlinggleam\n>p1 switch 6\n>p2 switch 2\n>p1 switch 5\n>p2 move bravebird\n>p1 move stoneedge\n>p2 switch 6\n>p1 switch 4\n>p2 move toxic\n>p1 switch 2\n>p2 switch 6\n>p1 move flareblitz terastallize\n>p2 switch 6\n>p2 switch 3\n>p1 switch 5\n>p2 move earthquake terastallize\n>p1 switch 5\n>p2 switch 6\n>p1 move flareblitz\n>p2 move bravebird\n>p2 switch 4\n>p1 move flareblitz\n>p2 move calmmind\n>p1 switch 6\n>p2 move judgment\n>p1 switch 3\n>p1 move encore\n>p2 move judgment\n>p1 switch 5\n>p1 move quiverdance\n>p2 move judgment\n>p1 move bugbuzz\n>p2 move judgment\n>forcelose p2", "uploadtime": 1722236146, "views": 141, "formatid": "gen9randombattle", "rating": 2295, "private": 0, "password": null}