{"id": "gen9randombattle-2260392537", "format": "[Gen 9] Random Battle", "players": ["seleroni", "S1xxPy"], "log": "|j|\u2606seleroni\n|j|\u2606S1xxPy\n|t:|1733847155\n|gametype|singles\n|player|p1|seleroni|1|\n|player|p2|S1xxPy|burglar|\n|teamsize|p1|6\n|teamsize|p2|6\n|gen|9\n|tier|[Gen 9] Random Battle\n|rule|Species Clause: Limit one of each Pok\u00e9mon\n|rule|HP Percentage Mod: HP is shown in percentages\n|rule|Sleep Clause Mod: Limit one foe put to sleep\n|rule|Illusion Level Mod: Illusion disguises the Pok\u00e9mon's true level\n|\n|t:|1733847155\n|start\n|switch|p1a: Jolteon|Jolteon, L84, M|246/246\n|switch|p2a: Rhydon|Rhydon, L85, M|317/317\n|turn|1\n|\n|t:|1733847171\n|switch|p1a: Keldeo|Keldeo-Resolute, L79|273/273\n|move|p2a: Rhydon|Stealth Rock|p1a: Keldeo\n|-sidestart|p1: seleroni|move: Stealth Rock\n|\n|upkeep\n|turn|2\n|c|\u2606seleroni|ner hehehe\n|c|\u2606seleroni|im not even watching it\n|c|\u2606seleroni|i literally cant\n|c|\u2606seleroni|without my wifi going down\n|\n|t:|1733847209\n|switch|p2a: Greninja|Greninja, L80, M|246/246\n|move|p1a: Keldeo|Hydro Pump|p2a: Greninja\n|-resisted|p2a: Greninja\n|-damage|p2a: Greninja|172/246\n|\n|upkeep\n|turn|3\n|\n|t:|1733847233\n|move|p2a: Greninja|Toxic Spikes|p1a: Keldeo\n|-start|p2a: Greninja|typechange|Poison|[from] ability: Protean\n|-sidestart|p1: seleroni|move: Toxic Spikes\n|move|p1a: Keldeo|Secret Sword|p2a: Greninja\n|-resisted|p2a: Greninja\n|-damage|p2a: Greninja|113/246\n|\n|upkeep\n|turn|4\n|c|\u2606seleroni|i got this\n|c|\u2606seleroni|._.\n|\n|t:|1733847256\n|switch|p2a: Bellibolt|Bellibolt, L84, M|320/320\n|move|p1a: Keldeo|Substitute|p1a: Keldeo\n|-start|p1a: Keldeo|Substitute\n|-damage|p1a: Keldeo|205/273\n|\n|-heal|p1a: Keldeo|222/273|[from] item: Leftovers\n|upkeep\n|turn|5\n|\n|t:|1733847267\n|move|p1a: Keldeo|Calm Mind|p1a: Keldeo\n|-boost|p1a: Keldeo|spa|1\n|-boost|p1a: Keldeo|spd|1\n|move|p2a: Bellibolt|Thunderbolt|p1a: Keldeo\n|-supereffective|p1a: Keldeo\n|-end|p1a: Keldeo|Substitute\n|\n|-heal|p1a: Keldeo|239/273|[from] item: Leftovers\n|upkeep\n|turn|6\n|\n|t:|1733847276\n|move|p1a: Keldeo|Substitute|p1a: Keldeo\n|-start|p1a: Keldeo|Substitute\n|-damage|p1a: Keldeo|171/273\n|move|p2a: Bellibolt|Thunderbolt|p1a: Keldeo\n|-supereffective|p1a: Keldeo\n|-end|p1a: Keldeo|Substitute\n|\n|-heal|p1a: Keldeo|188/273|[from] item: Leftovers\n|upkeep\n|turn|7\n|\n|t:|1733847286\n|switch|p1a: Toedscruel|Toedscruel, L87, F|281/281\n|-damage|p1a: Toedscruel|264/281|[from] Stealth Rock\n|-status|p1a: Toedscruel|psn\n|move|p2a: Bellibolt|Thunderbolt|p1a: Toedscruel\n|-immune|p1a: Toedscruel\n|\n|-heal|p1a: Toedscruel|281/281 psn|[from] item: Leftovers\n|-damage|p1a: Toedscruel|246/281 psn|[from] psn\n|upkeep\n|turn|8\n|\n|t:|1733847299\n|move|p2a: Bellibolt|Muddy Water|p1a: Toedscruel\n|-damage|p1a: Toedscruel|199/281 psn\n|move|p1a: Toedscruel|Spore|p2a: Bellibolt\n|-status|p2a: Bellibolt|slp|[from] move: Spore\n|\n|-heal|p1a: Toedscruel|216/281 psn|[from] item: Leftovers\n|-damage|p1a: Toedscruel|181/281 psn|[from] psn\n|upkeep\n|turn|9\n|\n|t:|1733847310\n|move|p1a: Toedscruel|Earth Power|p2a: Bellibolt\n|-supereffective|p2a: Bellibolt\n|-damage|p2a: Bellibolt|134/320 slp\n|-start|p2a: Bellibolt|Charge|Earth Power|[from] ability: Electromorphosis\n|cant|p2a: Bellibolt|slp\n|\n|-heal|p1a: Toedscruel|198/281 psn|[from] item: Leftovers\n|-heal|p2a: Bellibolt|154/320 slp|[from] item: Leftovers\n|-damage|p1a: Toedscruel|163/281 psn|[from] psn\n|upkeep\n|turn|10\n|c|\u2606seleroni|tryhard tryhard\n|\n|t:|1733847344\n|-curestatus|p2a: Bellibolt|slp|[msg]\n|move|p2a: Bellibolt|Slack Off|p2a: Bellibolt\n|-heal|p2a: Bellibolt|314/320\n|move|p1a: Toedscruel|Spore|p2a: Bellibolt\n|-status|p2a: Bellibolt|slp|[from] move: Spore\n|\n|-heal|p1a: Toedscruel|180/281 psn|[from] item: Leftovers\n|-heal|p2a: Bellibolt|320/320 slp|[from] item: Leftovers\n|-damage|p1a: Toedscruel|145/281 psn|[from] psn\n|upkeep\n|turn|11\n|c|\u2606seleroni|._>\n|c|\u2606seleroni|we can do tis all day\n|c|\u2606seleroni|this\n|\n|t:|1733847368\n|switch|p2a: Sinistcha|Sinistcha-Masterpiece, L83|254/254\n|move|p1a: Toedscruel|Earth Power|p2a: Sinistcha\n|-resisted|p2a: Sinistcha\n|-damage|p2a: Sinistcha|206/254\n|\n|-heal|p1a: Toedscruel|162/281 psn|[from] item: Leftovers\n|-heal|p2a: Sinistcha|221/254|[from] item: Leftovers\n|-damage|p1a: Toedscruel|127/281 psn|[from] psn\n|upkeep\n|turn|12\n|c|\u2606seleroni|or can we\n|\n|t:|1733847380\n|move|p2a: Sinistcha|Calm Mind|p2a: Sinistcha\n|-boost|p2a: Sinistcha|spa|1\n|-boost|p2a: Sinistcha|spd|1\n|move|p1a: Toedscruel|Spore|p2a: Sinistcha\n|-immune|p2a: Sinistcha\n|\n|-heal|p1a: Toedscruel|144/281 psn|[from] item: Leftovers\n|-heal|p2a: Sinistcha|236/254|[from] item: Leftovers\n|-damage|p1a: Toedscruel|109/281 psn|[from] psn\n|upkeep\n|turn|13\n|\n|t:|1733847405\n|switch|p1a: Jolteon|Jolteon, L84, M|246/246\n|-damage|p1a: Jolteon|216/246|[from] Stealth Rock\n|-status|p1a: Jolteon|psn\n|move|p2a: Sinistcha|Calm Mind|p2a: Sinistcha\n|-boost|p2a: Sinistcha|spa|1\n|-boost|p2a: Sinistcha|spd|1\n|\n|-heal|p2a: Sinistcha|251/254|[from] item: Leftovers\n|-damage|p1a: Jolteon|186/246 psn|[from] psn\n|upkeep\n|turn|14\n|\n|t:|1733847419\n|move|p1a: Jolteon|Calm Mind|p1a: Jolteon\n|-boost|p1a: Jolteon|spa|1\n|-boost|p1a: Jolteon|spd|1\n|move|p2a: Sinistcha|Strength Sap|p1a: Jolteon\n|-unboost|p1a: Jolteon|atk|1\n|-heal|p2a: Sinistcha|254/254\n|\n|-damage|p1a: Jolteon|156/246 psn|[from] psn\n|upkeep\n|turn|15\n|\n|t:|1733847430\n|move|p1a: Jolteon|Calm Mind|p1a: Jolteon\n|-boost|p1a: Jolteon|spa|1\n|-boost|p1a: Jolteon|spd|1\n|move|p2a: Sinistcha|Shadow Ball|p1a: Jolteon\n|-crit|p1a: Jolteon\n|-damage|p1a: Jolteon|0 fnt\n|faint|p1a: Jolteon\n|\n|upkeep\n|\n|t:|1733847433\n|switch|p1a: Rabsca|Rabsca, L91, F|284/284\n|turn|16\n|\n|t:|1733847439\n|move|p2a: Sinistcha|Shadow Ball|p1a: Rabsca\n|-supereffective|p1a: Rabsca\n|-damage|p1a: Rabsca|0 fnt\n|faint|p1a: Rabsca\n|\n|upkeep\n|\n|t:|1733847441\n|switch|p1a: Lumineon|Lumineon, L93, F|279/279\n|turn|17\n|\n|t:|1733847446\n|move|p1a: Lumineon|U-turn|p2a: Sinistcha\n|-damage|p2a: Sinistcha|212/254\n|\n|t:|1733847450\n|switch|p1a: Rhyperior|Rhyperior, L82, F|323/323|[from] U-turn\n|-damage|p1a: Rhyperior|303/323|[from] Stealth Rock\n|-status|p1a: Rhyperior|psn\n|move|p2a: Sinistcha|Matcha Gotcha|p1a: Rhyperior\n|-supereffective|p1a: Rhyperior\n|-damage|p1a: Rhyperior|0 fnt\n|-heal|p2a: Sinistcha|254/254|[from] drain|[of] p1a: Rhyperior\n|faint|p1a: Rhyperior\n|\n|upkeep\n|\n|t:|1733847453\n|switch|p1a: Lumineon|Lumineon, L93, F|279/279\n|turn|18\n|\n|t:|1733847463\n|move|p1a: Lumineon|Ice Beam|p2a: Sinistcha\n|-supereffective|p2a: Sinistcha\n|-damage|p2a: Sinistcha|186/254\n|move|p2a: Sinistcha|Matcha Gotcha|p1a: Lumineon\n|-supereffective|p1a: Lumineon\n|-damage|p1a: Lumineon|0 fnt\n|-heal|p2a: Sinistcha|254/254|[from] drain|[of] p1a: Lumineon\n|faint|p1a: Lumineon\n|\n|upkeep\n|\n|t:|1733847465\n|switch|p1a: Keldeo|Keldeo-Resolute, L79|188/273\n|-damage|p1a: Keldeo|171/273|[from] Stealth Rock\n|-status|p1a: Keldeo|psn\n|turn|19\n|c|\u2606seleroni|the thing is i cant clutch\n|\n|t:|1733847475\n|move|p1a: Keldeo|Secret Sword|p2a: Sinistcha\n|-immune|p2a: Sinistcha\n|move|p2a: Sinistcha|Matcha Gotcha|p1a: Keldeo\n|-supereffective|p1a: Keldeo\n|-crit|p1a: Keldeo\n|-damage|p1a: Keldeo|0 fnt\n|faint|p1a: Keldeo\n|\n|upkeep\n|c|\u2606seleroni|this doesnt got that op thing\n|\n|t:|1733847479\n|switch|p1a: Toedscruel|Toedscruel, L87, F|109/281 psn\n|-damage|p1a: Toedscruel|92/281 psn|[from] Stealth Rock\n|turn|20\n|\n|t:|1733847486\n|move|p1a: Toedscruel|Earth Power|p2a: Sinistcha\n|-resisted|p2a: Sinistcha\n|-damage|p2a: Sinistcha|230/254\n|move|p2a: Sinistcha|Matcha Gotcha|p1a: Toedscruel\n|-crit|p1a: Toedscruel\n|-damage|p1a: Toedscruel|0 fnt\n|-heal|p2a: Sinistcha|254/254|[from] drain|[of] p1a: Toedscruel\n|faint|p1a: Toedscruel\n|\n|win|S1xxPy\n|l|\u2606seleroni\n|player|p1|\n", "inputlog": ">version bfd83cad13791eb5a5a409923076391caf6fb4d4\n>start {\"formatid\":\"gen9randombattle\",\"seed\":[11986,17722,12447,41572]}\n>player p1 {\"name\":\"seleroni\",\"avatar\":\"1\",\"rating\":0,\"seed\":[37125,53929,11170,25075]}\n>player p2 {\"name\":\"S1xxPy\",\"avatar\":\"burglar\",\"rating\":0,\"seed\":[46783,31752,42901,43925]}\n>p1 switch 2\n>p2 move stealthrock\n>chat \u2606seleroni|ner hehehe\n>chat \u2606seleroni|im not even watching it\n>chat \u2606seleroni|i literally cant\n>chat \u2606seleroni|without my wifi going down\n>p1 move hydropump\n>p2 switch 6\n>p1 move secretsword\n>p2 move toxicspikes\n>chat \u2606seleroni|i got this\n>chat \u2606seleroni|._.\n>p1 move substitute\n>p2 switch 3\n>p1 move calmmind\n>p2 move thunderbolt\n>p1 move substitute\n>p2 move thunderbolt\n>p1 switch 4\n>p2 move thunderbolt\n>p1 move spore\n>p2 move muddywater\n>p1 move earthpower\n>p2 move muddywater\n>chat \u2606seleroni|tryhard tryhard\n>p1 move spore\n>p2 move slackoff\n>chat \u2606seleroni|._>\n>chat \u2606seleroni|we can do tis all day\n>chat \u2606seleroni|this\n>p1 move earthpower\n>p2 switch 4\n>chat \u2606seleroni|or can we \n>p1 move spore\n>p2 move calmmind\n>p1 switch 2\n>p2 move calmmind\n>p1 move calmmind\n>p2 move strengthsap\n>p1 move calmmind\n>p2 move shadowball\n>p1 switch 5\n>p1 move psychic\n>p2 move shadowball\n>p1 switch 3\n>p1 move uturn\n>p2 move matchagotcha\n>p1 switch 6\n>p1 switch 6\n>p1 move icebeam\n>p2 move matchagotcha\n>p1 switch 4\n>chat \u2606seleroni|the thing is i cant clutch\n>p1 move secretsword\n>p2 move matchagotcha\n>chat \u2606seleroni|this doesnt got that op thing\n>p1 switch 2\n>p1 move earthpower\n>p2 move matchagotcha", "uploadtime": 1733847497, "views": 2, "formatid": "gen9randombattle", "rating": null, "private": 0, "password": null}