{"id": "gen9randombattle-2260799495", "format": "[Gen 9] Random Battle", "players": ["heroic warrior", "Save-the-butter"], "log": "|j|\u2606heroic warrior\n|j|\u2606Save-the-butter\n|t:|1733894100\n|gametype|singles\n|player|p1|heroic warrior|n|1346\n|player|p2|Save-the-butter|266|1398\n|teamsize|p1|6\n|teamsize|p2|6\n|gen|9\n|tier|[Gen 9] Random Battle\n|rated|\n|rule|Species Clause: Limit one of each Pok\u00e9mon\n|rule|HP Percentage Mod: HP is shown in percentages\n|rule|Sleep Clause Mod: Limit one foe put to sleep\n|rule|Illusion Level Mod: Illusion disguises the Pok\u00e9mon's true level\n|\n|t:|1733894100\n|start\n|switch|p1a: Meloetta|Meloetta, L82|298/298\n|switch|p2a: Komala|Komala, L89, M|260/260\n|-ability|p2a: Komala|Comatose\n|turn|1\n|\n|t:|1733894106\n|move|p1a: Meloetta|Focus Blast|p2a: Komala|[miss]\n|-miss|p1a: Meloetta|p2a: Komala\n|move|p2a: Komala|Knock Off|p1a: Meloetta\n|-supereffective|p1a: Meloetta\n|-damage|p1a: Meloetta|108/298\n|-enditem|p1a: Meloetta|Choice Specs|[from] move: Knock Off|[of] p2a: Komala\n|\n|upkeep\n|turn|2\n|\n|t:|1733894115\n|move|p1a: Meloetta|Focus Blast|p2a: Komala\n|-supereffective|p2a: Komala\n|-damage|p2a: Komala|136/260\n|move|p2a: Komala|U-turn|p1a: Meloetta\n|-supereffective|p1a: Meloetta\n|-damage|p1a: Meloetta|0 fnt\n|faint|p1a: Meloetta\n|c|\u2606heroic warrior|Aw man\n|\n|t:|1733894125\n|switch|p2a: Yanmega|Yanmega, L82, F|275/275|[from] U-turn\n|\n|upkeep\n|\n|t:|1733894132\n|switch|p1a: Crawdaunt|Crawdaunt, L84, M|243/243\n|turn|3\n|\n|t:|1733894140\n|-terastallize|p1a: Crawdaunt|Water\n|move|p2a: Yanmega|Bug Buzz|p1a: Crawdaunt\n|-damage|p1a: Crawdaunt|104/243\n|move|p1a: Crawdaunt|Dragon Dance|p1a: Crawdaunt\n|-boost|p1a: Crawdaunt|atk|1\n|-boost|p1a: Crawdaunt|spe|1\n|\n|-ability|p2a: Yanmega|Speed Boost|boost\n|-boost|p2a: Yanmega|spe|1\n|upkeep\n|turn|4\n|inactive|Battle timer is ON: inactive players will automatically lose when time's up. (requested by Save-the-butter)\n|\n|t:|1733894153\n|move|p1a: Crawdaunt|Aqua Jet|p2a: Yanmega\n|-damage|p2a: Yanmega|118/275\n|-damage|p1a: Crawdaunt|80/243|[from] item: Life Orb\n|move|p2a: Yanmega|Air Slash|p1a: Crawdaunt\n|-damage|p1a: Crawdaunt|0 fnt\n|faint|p1a: Crawdaunt\n|\n|-ability|p2a: Yanmega|Speed Boost|boost\n|-boost|p2a: Yanmega|spe|1\n|upkeep\n|\n|t:|1733894163\n|switch|p1a: Toedscruel|Toedscruel, L87, M|281/281\n|turn|5\n|\n|t:|1733894170\n|move|p2a: Yanmega|Air Slash|p1a: Toedscruel|[miss]\n|-miss|p2a: Yanmega|p1a: Toedscruel\n|move|p1a: Toedscruel|Rapid Spin|p2a: Yanmega\n|-damage|p2a: Yanmega|89/275\n|-boost|p1a: Toedscruel|spe|1\n|\n|-ability|p2a: Yanmega|Speed Boost|boost\n|-boost|p2a: Yanmega|spe|1\n|upkeep\n|turn|6\n|\n|t:|1733894176\n|move|p2a: Yanmega|Protect|p2a: Yanmega\n|-singleturn|p2a: Yanmega|Protect\n|move|p1a: Toedscruel|Toxic|p2a: Yanmega\n|-activate|p2a: Yanmega|move: Protect\n|\n|-ability|p2a: Yanmega|Speed Boost|boost\n|-boost|p2a: Yanmega|spe|1\n|upkeep\n|turn|7\n|\n|t:|1733894179\n|move|p2a: Yanmega|Air Slash|p1a: Toedscruel\n|-supereffective|p1a: Toedscruel\n|-damage|p1a: Toedscruel|141/281\n|move|p1a: Toedscruel|Toxic|p2a: Yanmega\n|-status|p2a: Yanmega|tox\n|\n|-heal|p1a: Toedscruel|158/281|[from] item: Leftovers\n|-damage|p2a: Yanmega|72/275 tox|[from] psn\n|-ability|p2a: Yanmega|Speed Boost|boost\n|-boost|p2a: Yanmega|spe|1\n|upkeep\n|turn|8\n|\n|t:|1733894184\n|move|p2a: Yanmega|Air Slash|p1a: Toedscruel\n|-supereffective|p1a: Toedscruel\n|-damage|p1a: Toedscruel|36/281\n|cant|p1a: Toedscruel|flinch\n|\n|-heal|p1a: Toedscruel|53/281|[from] item: Leftovers\n|-damage|p2a: Yanmega|38/275 tox|[from] psn\n|-ability|p2a: Yanmega|Speed Boost|boost\n|-boost|p2a: Yanmega|spe|1\n|upkeep\n|turn|9\n|\n|t:|1733894195\n|switch|p1a: Calyrex|Calyrex-Shadow, L64|235/235\n|-ability|p1a: Calyrex|As One\n|-ability|p1a: Calyrex|Unnerve\n|move|p2a: Yanmega|Air Slash|p1a: Calyrex\n|-damage|p1a: Calyrex|138/235\n|\n|-damage|p2a: Yanmega|0 fnt|[from] psn\n|faint|p2a: Yanmega\n|upkeep\n|\n|t:|1733894202\n|switch|p2a: Komala|Komala, L89, M|136/260\n|-ability|p2a: Komala|Comatose\n|turn|10\n|\n|t:|1733894209\n|move|p1a: Calyrex|Psyshock|p2a: Komala\n|-damage|p2a: Komala|19/260\n|-damage|p1a: Calyrex|115/235|[from] item: Life Orb\n|move|p2a: Komala|Knock Off|p1a: Calyrex\n|-supereffective|p1a: Calyrex\n|-damage|p1a: Calyrex|0 fnt\n|-enditem|p1a: Calyrex|Life Orb|[from] move: Knock Off|[of] p2a: Komala\n|faint|p1a: Calyrex\n|\n|upkeep\n|\n|t:|1733894212\n|switch|p1a: Whimsicott|Whimsicott, L85, F|241/241\n|turn|11\n|\n|t:|1733894219\n|move|p1a: Whimsicott|Moonblast|p2a: Komala\n|-damage|p2a: Komala|0 fnt\n|faint|p2a: Komala\n|\n|upkeep\n|\n|t:|1733894223\n|switch|p2a: Forretress|Forretress, L84, F|263/263\n|turn|12\n|\n|t:|1733894226\n|move|p1a: Whimsicott|Substitute|p1a: Whimsicott\n|-start|p1a: Whimsicott|Substitute\n|-damage|p1a: Whimsicott|181/241\n|move|p2a: Forretress|Iron Head|p1a: Whimsicott\n|-supereffective|p1a: Whimsicott\n|-end|p1a: Whimsicott|Substitute\n|\n|-heal|p1a: Whimsicott|196/241|[from] item: Leftovers\n|upkeep\n|turn|13\n|\n|t:|1733894232\n|move|p1a: Whimsicott|Leech Seed|p2a: Forretress\n|-start|p2a: Forretress|move: Leech Seed\n|move|p2a: Forretress|Iron Head|p1a: Whimsicott\n|-supereffective|p1a: Whimsicott\n|-damage|p1a: Whimsicott|44/241\n|\n|-heal|p1a: Whimsicott|59/241|[from] item: Leftovers\n|-damage|p2a: Forretress|231/263|[from] Leech Seed|[of] p1a: Whimsicott\n|-heal|p1a: Whimsicott|91/241|[silent]\n|upkeep\n|turn|14\n|\n|t:|1733894247\n|switch|p1a: Toedscruel|Toedscruel, L87, M|53/281\n|move|p2a: Forretress|Iron Head|p1a: Toedscruel\n|-damage|p1a: Toedscruel|0 fnt\n|faint|p1a: Toedscruel\n|\n|-heal|p2a: Forretress|247/263|[from] item: Leftovers\n|upkeep\n|\n|t:|1733894252\n|switch|p1a: Whimsicott|Whimsicott, L85, F|91/241\n|turn|15\n|\n|t:|1733894255\n|move|p1a: Whimsicott|Substitute|p1a: Whimsicott\n|-start|p1a: Whimsicott|Substitute\n|-damage|p1a: Whimsicott|31/241\n|move|p2a: Forretress|Iron Head|p1a: Whimsicott\n|-supereffective|p1a: Whimsicott\n|-end|p1a: Whimsicott|Substitute\n|\n|-heal|p1a: Whimsicott|46/241|[from] item: Leftovers\n|-heal|p2a: Forretress|263/263|[from] item: Leftovers\n|-damage|p2a: Forretress|231/263|[from] Leech Seed|[of] p1a: Whimsicott\n|-heal|p1a: Whimsicott|78/241|[silent]\n|upkeep\n|turn|16\n|\n|t:|1733894264\n|move|p1a: Whimsicott|Substitute|p1a: Whimsicott\n|-start|p1a: Whimsicott|Substitute\n|-damage|p1a: Whimsicott|18/241\n|move|p2a: Forretress|Iron Head|p1a: Whimsicott\n|-supereffective|p1a: Whimsicott\n|-end|p1a: Whimsicott|Substitute\n|\n|-heal|p1a: Whimsicott|33/241|[from] item: Leftovers\n|-heal|p2a: Forretress|247/263|[from] item: Leftovers\n|-damage|p2a: Forretress|215/263|[from] Leech Seed|[of] p1a: Whimsicott\n|-heal|p1a: Whimsicott|65/241|[silent]\n|upkeep\n|turn|17\n|\n|t:|1733894274\n|move|p1a: Whimsicott|Substitute|p1a: Whimsicott\n|-start|p1a: Whimsicott|Substitute\n|-damage|p1a: Whimsicott|5/241\n|move|p2a: Forretress|Iron Head|p1a: Whimsicott\n|-supereffective|p1a: Whimsicott\n|-end|p1a: Whimsicott|Substitute\n|\n|-heal|p1a: Whimsicott|20/241|[from] item: Leftovers\n|-heal|p2a: Forretress|231/263|[from] item: Leftovers\n|-damage|p2a: Forretress|199/263|[from] Leech Seed|[of] p1a: Whimsicott\n|-heal|p1a: Whimsicott|52/241|[silent]\n|upkeep\n|turn|18\n|\n|t:|1733894286\n|move|p1a: Whimsicott|Hurricane|p2a: Forretress\n|-damage|p2a: Forretress|114/263\n|-start|p2a: Forretress|confusion\n|-activate|p2a: Forretress|confusion\n|-damage|p2a: Forretress|96/263|[from] confusion\n|\n|-heal|p1a: Whimsicott|67/241|[from] item: Leftovers\n|-heal|p2a: Forretress|112/263|[from] item: Leftovers\n|-damage|p2a: Forretress|80/263|[from] Leech Seed|[of] p1a: Whimsicott\n|-heal|p1a: Whimsicott|99/241|[silent]\n|upkeep\n|turn|19\n|c|\u2606heroic warrior|Clutch\n|\n|t:|1733894305\n|move|p1a: Whimsicott|Hurricane|p2a: Forretress\n|-damage|p2a: Forretress|0 fnt\n|faint|p2a: Forretress\n|\n|-heal|p1a: Whimsicott|114/241|[from] item: Leftovers\n|upkeep\n|\n|t:|1733894308\n|switch|p2a: Mabosstiff|Mabosstiff, L86, M|278/278\n|turn|20\n|\n|t:|1733894311\n|move|p1a: Whimsicott|Leech Seed|p2a: Mabosstiff\n|-hint|Since gen 7, Dark is immune to Prankster moves.\n|-immune|p2a: Mabosstiff\n|move|p2a: Mabosstiff|Wild Charge|p1a: Whimsicott\n|-resisted|p1a: Whimsicott\n|-damage|p1a: Whimsicott|59/241\n|-damage|p2a: Mabosstiff|264/278|[from] Recoil\n|\n|-heal|p1a: Whimsicott|74/241|[from] item: Leftovers\n|upkeep\n|turn|21\n|\n|t:|1733894320\n|move|p1a: Whimsicott|Moonblast|p2a: Mabosstiff\n|-supereffective|p2a: Mabosstiff\n|-damage|p2a: Mabosstiff|60/278\n|move|p2a: Mabosstiff|Wild Charge|p1a: Whimsicott\n|-resisted|p1a: Whimsicott\n|-damage|p1a: Whimsicott|11/241\n|-damage|p2a: Mabosstiff|44/278|[from] Recoil\n|\n|-heal|p1a: Whimsicott|26/241|[from] item: Leftovers\n|upkeep\n|turn|22\n|\n|t:|1733894325\n|move|p1a: Whimsicott|Moonblast|p2a: Mabosstiff\n|-supereffective|p2a: Mabosstiff\n|-damage|p2a: Mabosstiff|0 fnt\n|faint|p2a: Mabosstiff\n|\n|-heal|p1a: Whimsicott|41/241|[from] item: Leftovers\n|upkeep\n|\n|t:|1733894328\n|switch|p2a: Porygon-Z|Porygon-Z, L83|277/277\n|turn|23\n|\n|t:|1733894332\n|move|p2a: Porygon-Z|Ice Beam|p1a: Whimsicott\n|-supereffective|p1a: Whimsicott\n|-damage|p1a: Whimsicott|0 fnt\n|faint|p1a: Whimsicott\n|\n|upkeep\n|\n|t:|1733894335\n|switch|p1a: Spidops|Spidops, L96, F|271/271\n|turn|24\n|\n|t:|1733894345\n|move|p2a: Porygon-Z|Ice Beam|p1a: Spidops\n|-damage|p1a: Spidops|193/271\n|move|p1a: Spidops|Sticky Web|p2a: Porygon-Z\n|-sidestart|p2: Save-the-butter|move: Sticky Web\n|\n|upkeep\n|turn|25\n|\n|t:|1733894350\n|move|p2a: Porygon-Z|Ice Beam|p1a: Spidops\n|-damage|p1a: Spidops|126/271\n|-status|p1a: Spidops|frz\n|cant|p1a: Spidops|frz\n|\n|upkeep\n|turn|26\n|\n|t:|1733894355\n|switch|p2a: Golurk|Golurk, L87|297/297\n|-activate|p2a: Golurk|move: Sticky Web\n|-unboost|p2a: Golurk|spe|1\n|cant|p1a: Spidops|frz\n|\n|upkeep\n|turn|27\n|c|\u2606heroic warrior|Gg\n|\n|t:|1733894359\n|switch|p2a: Porygon-Z|Porygon-Z, L83|277/277\n|-activate|p2a: Porygon-Z|move: Sticky Web\n|-unboost|p2a: Porygon-Z|spe|1\n|cant|p1a: Spidops|frz\n|\n|upkeep\n|turn|28\n|\n|t:|1733894362\n|switch|p2a: Golurk|Golurk, L87|297/297\n|-activate|p2a: Golurk|move: Sticky Web\n|-unboost|p2a: Golurk|spe|1\n|cant|p1a: Spidops|frz\n|\n|upkeep\n|turn|29\n|\n|t:|1733894364\n|switch|p2a: Porygon-Z|Porygon-Z, L83|277/277\n|-activate|p2a: Porygon-Z|move: Sticky Web\n|-unboost|p2a: Porygon-Z|spe|1\n|cant|p1a: Spidops|frz\n|\n|upkeep\n|turn|30\n|\n|t:|1733894366\n|switch|p2a: Golurk|Golurk, L87|297/297\n|-activate|p2a: Golurk|move: Sticky Web\n|-unboost|p2a: Golurk|spe|1\n|-curestatus|p1a: Spidops|frz|[msg]\n|move|p1a: Spidops|Knock Off|p2a: Golurk\n|-supereffective|p2a: Golurk\n|-damage|p2a: Golurk|0 fnt\n|-enditem|p2a: Golurk|Choice Band|[from] move: Knock Off|[of] p1a: Spidops\n|faint|p2a: Golurk\n|\n|upkeep\n|\n|t:|1733894368\n|switch|p2a: Porygon-Z|Porygon-Z, L83|277/277\n|-activate|p2a: Porygon-Z|move: Sticky Web\n|-unboost|p2a: Porygon-Z|spe|1\n|turn|31\n|\n|t:|1733894372\n|-terastallize|p2a: Porygon-Z|Electric\n|move|p2a: Porygon-Z|Thunderbolt|p1a: Spidops\n|-damage|p1a: Spidops|0 fnt\n|faint|p1a: Spidops\n|\n|win|Save-the-butter\n|raw|heroic warrior's rating: 1346 &rarr; <strong>1329</strong><br />(-17 for losing)\n|raw|Save-the-butter's rating: 1398 &rarr; <strong>1415</strong><br />(+17 for winning)\n|l|\u2606heroic warrior\n|player|p1|\n|j|\u2606heroic warrior\n|player|p1|heroic warrior|n|\n", "inputlog": ">version bfd83cad13791eb5a5a409923076391caf6fb4d4\n>start {\"formatid\":\"gen9randombattle\",\"seed\":[65429,22628,4524,12439],\"rated\":\"Rated battle\"}\n>player p1 {\"name\":\"heroic warrior\",\"avatar\":\"n\",\"rating\":1346,\"seed\":[45488,40077,55134,57407]}\n>player p2 {\"name\":\"Save-the-butter\",\"avatar\":\"266\",\"rating\":1398,\"seed\":[34625,11235,48016,4283]}\n>p1 move focusblast\n>p2 move knockoff\n>p1 move focusblast\n>p2 move uturn\n>chat \u2606heroic warrior|Aw man\n>p2 switch 4\n>p1 switch 2\n>p1 move dragondance terastallize\n>p2 move bugbuzz\n>p1 move aquajet\n>p2 move airslash\n>p1 switch 5\n>p1 move rapidspin\n>p2 move airslash\n>p1 move toxic\n>p2 move protect\n>p1 move toxic\n>p2 move airslash\n>p1 move rapidspin\n>p2 move airslash\n>p1 switch 3\n>p2 move airslash\n>p2 switch 4\n>p1 move psyshock\n>p2 move knockoff\n>p1 switch 6\n>p1 move moonblast\n>p2 move bodyslam\n>p2 switch 6\n>p1 move substitute\n>p2 move ironhead\n>p1 move leechseed\n>p2 move ironhead\n>p1 switch 3\n>p2 move ironhead\n>p1 switch 3\n>p1 move substitute\n>p2 move ironhead\n>p1 move substitute\n>p2 move ironhead\n>p1 move substitute\n>p2 move ironhead\n>p1 move hurricane\n>p2 move stealthrock\n>chat \u2606heroic warrior|Clutch\n>p1 move hurricane\n>p2 move voltswitch\n>p2 switch 3\n>p1 move leechseed\n>p2 move wildcharge\n>p1 move moonblast\n>p2 move wildcharge\n>p1 move moonblast\n>p2 move wildcharge\n>p2 switch 2\n>p1 move hurricane\n>p2 move icebeam\n>p1 switch 4\n>p1 move stickyweb\n>p2 move icebeam\n>p1 move knockoff\n>p2 move icebeam\n>p1 move knockoff\n>p2 switch 5\n>chat \u2606heroic warrior|Gg\n>p1 move knockoff\n>p2 switch 5\n>p1 move knockoff\n>p2 switch 5\n>p1 move knockoff\n>p2 switch 5\n>p1 move knockoff\n>p2 switch 5\n>p2 switch 5\n>p1 move knockoff\n>p2 move thunderbolt terastallize", "uploadtime": 1733894387, "views": 1, "formatid": "gen9randombattle", "rating": 1329, "private": 0, "password": null}