{"id": "gen9randombattle-2260676617", "format": "[Gen 9] Random Battle", "players": ["wood is great", "my2ndtimeplaying"], "log": "|j|\u2606wood is great\n|j|\u2606my2ndtimeplaying\n|t:|1733877145\n|gametype|singles\n|player|p1|wood is great|169|1574\n|player|p2|my2ndtimeplaying|ninjaboy|1571\n|teamsize|p1|6\n|teamsize|p2|6\n|gen|9\n|tier|[Gen 9] Random Battle\n|rated|\n|rule|Species Clause: Limit one of each Pok\u00e9mon\n|rule|HP Percentage Mod: HP is shown in percentages\n|rule|Sleep Clause Mod: Limit one foe put to sleep\n|rule|Illusion Level Mod: Illusion disguises the Pok\u00e9mon's true level\n|\n|t:|1733877145\n|start\n|switch|p1a: Girafarig|Girafarig, L89, F|269/269\n|switch|p2a: Gallade|Gallade, L81, M|243/243\n|turn|1\n|\n|t:|1733877163\n|switch|p2a: Grimmsnarl|Grimmsnarl, L83, M|293/293\n|move|p1a: Girafarig|Nasty Plot|p1a: Girafarig\n|-boost|p1a: Girafarig|spa|2\n|\n|upkeep\n|turn|2\n|inactive|Battle timer is ON: inactive players will automatically lose when time's up. (requested by my2ndtimeplaying)\n|\n|t:|1733877170\n|move|p2a: Grimmsnarl|Light Screen|p2a: Grimmsnarl\n|-sidestart|p2: my2ndtimeplaying|move: Light Screen\n|move|p1a: Girafarig|Hyper Voice|p2a: Grimmsnarl\n|-damage|p2a: Grimmsnarl|175/293\n|\n|upkeep\n|turn|3\n|\n|t:|1733877179\n|move|p1a: Girafarig|Hyper Voice|p2a: Grimmsnarl\n|-damage|p2a: Grimmsnarl|70/293\n|move|p2a: Grimmsnarl|Spirit Break|p1a: Girafarig\n|-damage|p1a: Girafarig|197/269\n|-unboost|p1a: Girafarig|spa|1\n|\n|upkeep\n|turn|4\n|\n|t:|1733877191\n|move|p2a: Grimmsnarl|Parting Shot|p1a: Girafarig\n|-unboost|p1a: Girafarig|atk|1\n|-unboost|p1a: Girafarig|spa|1\n|\n|t:|1733877203\n|switch|p2a: Lurantis|Lurantis, L87, F|264/264|[from] Parting Shot\n|move|p1a: Girafarig|Hyper Voice|p2a: Lurantis\n|-damage|p2a: Lurantis|216/264\n|\n|-heal|p2a: Lurantis|232/264|[from] item: Leftovers\n|upkeep\n|turn|5\n|\n|t:|1733877218\n|switch|p1a: Emboar|Emboar, L84, M|322/322\n|move|p2a: Lurantis|Superpower|p1a: Emboar\n|-damage|p1a: Emboar|197/322\n|-boost|p2a: Lurantis|atk|1\n|-boost|p2a: Lurantis|def|1\n|\n|-heal|p1a: Emboar|217/322|[from] item: Leftovers\n|-heal|p2a: Lurantis|248/264|[from] item: Leftovers\n|upkeep\n|turn|6\n|\n|t:|1733877234\n|-terastallize|p2a: Lurantis|Fighting\n|move|p1a: Emboar|Flare Blitz|p2a: Lurantis\n|-damage|p2a: Lurantis|130/264\n|-damage|p1a: Emboar|178/322|[from] Recoil\n|move|p2a: Lurantis|Superpower|p1a: Emboar\n|-damage|p1a: Emboar|0 fnt\n|-boost|p2a: Lurantis|atk|1\n|-boost|p2a: Lurantis|def|1\n|faint|p1a: Emboar\n|\n|-heal|p2a: Lurantis|146/264|[from] item: Leftovers\n|upkeep\n|\n|t:|1733877262\n|switch|p1a: Vivillon|Vivillon-Elegant, L84, M|272/272\n|turn|7\n|\n|t:|1733877272\n|move|p1a: Vivillon|Hurricane|p2a: Lurantis|[miss]\n|-miss|p1a: Vivillon|p2a: Lurantis\n|move|p2a: Lurantis|Knock Off|p1a: Vivillon\n|-damage|p1a: Vivillon|63/272\n|-enditem|p1a: Vivillon|Heavy-Duty Boots|[from] move: Knock Off|[of] p2a: Lurantis\n|\n|-heal|p2a: Lurantis|162/264|[from] item: Leftovers\n|upkeep\n|turn|8\n|\n|t:|1733877282\n|move|p1a: Vivillon|Sleep Powder|p2a: Lurantis\n|-status|p2a: Lurantis|slp|[from] move: Sleep Powder\n|cant|p2a: Lurantis|slp\n|\n|-heal|p2a: Lurantis|178/264 slp|[from] item: Leftovers\n|upkeep\n|turn|9\n|\n|t:|1733877290\n|move|p1a: Vivillon|Quiver Dance|p1a: Vivillon\n|-boost|p1a: Vivillon|spa|1\n|-boost|p1a: Vivillon|spd|1\n|-boost|p1a: Vivillon|spe|1\n|cant|p2a: Lurantis|slp\n|\n|-heal|p2a: Lurantis|194/264 slp|[from] item: Leftovers\n|-sideend|p2: my2ndtimeplaying|move: Light Screen\n|upkeep\n|turn|10\n|\n|t:|1733877299\n|move|p1a: Vivillon|Hurricane|p2a: Lurantis\n|-supereffective|p2a: Lurantis\n|-damage|p2a: Lurantis|0 fnt\n|faint|p2a: Lurantis\n|\n|upkeep\n|\n|t:|1733877311\n|switch|p2a: Granbull|Granbull, L88, F|302/302\n|-ability|p2a: Granbull|Intimidate|boost\n|-unboost|p1a: Vivillon|atk|1\n|turn|11\n|\n|t:|1733877318\n|move|p1a: Vivillon|Sleep Powder|p2a: Granbull\n|-status|p2a: Granbull|slp|[from] move: Sleep Powder\n|cant|p2a: Granbull|slp\n|\n|upkeep\n|turn|12\n|inactive|my2ndtimeplaying has 120 seconds left.\n|\n|t:|1733877352\n|move|p1a: Vivillon|Hurricane|p2a: Granbull\n|-damage|p2a: Granbull|113/302 slp\n|-start|p2a: Granbull|confusion\n|-curestatus|p2a: Granbull|slp|[msg]\n|-activate|p2a: Granbull|confusion\n|move|p2a: Granbull|Play Rough|p1a: Vivillon\n|-damage|p1a: Vivillon|0 fnt\n|faint|p1a: Vivillon\n|\n|-heal|p2a: Granbull|131/302|[from] item: Leftovers\n|upkeep\n|\n|t:|1733877366\n|switch|p1a: Smeargle|Smeargle, L95, M|258/258\n|turn|13\n|inactive|my2ndtimeplaying has 120 seconds left.\n|\n|t:|1733877384\n|move|p1a: Smeargle|Sticky Web|p2a: Granbull\n|-sidestart|p2: my2ndtimeplaying|move: Sticky Web\n|-activate|p2a: Granbull|confusion\n|move|p2a: Granbull|Thunder Wave|p1a: Smeargle\n|-status|p1a: Smeargle|par\n|\n|-heal|p2a: Granbull|149/302|[from] item: Leftovers\n|upkeep\n|turn|14\n|inactive|my2ndtimeplaying has 120 seconds left.\n|\n|t:|1733877396\n|move|p1a: Smeargle|Spore|p2a: Granbull\n|-status|p2a: Granbull|slp|[from] move: Spore\n|cant|p2a: Granbull|slp\n|\n|-heal|p2a: Granbull|167/302 slp|[from] item: Leftovers\n|upkeep\n|turn|15\n|\n|t:|1733877404\n|move|p1a: Smeargle|Ceaseless Edge|p2a: Granbull\n|-resisted|p2a: Granbull\n|-damage|p2a: Granbull|155/302 slp\n|-sidestart|p2: my2ndtimeplaying|Spikes\n|cant|p2a: Granbull|slp\n|\n|-heal|p2a: Granbull|173/302 slp|[from] item: Leftovers\n|upkeep\n|turn|16\n|\n|t:|1733877412\n|cant|p1a: Smeargle|par\n|-curestatus|p2a: Granbull|slp|[msg]\n|-end|p2a: Granbull|confusion\n|move|p2a: Granbull|Roar|p1a: Smeargle\n|drag|p1a: Girafarig|Girafarig, L89, F|197/269\n|\n|-heal|p2a: Granbull|191/302|[from] item: Leftovers\n|upkeep\n|turn|17\n|\n|t:|1733877434\n|move|p1a: Girafarig|Thunderbolt|p2a: Granbull\n|-damage|p2a: Granbull|101/302\n|move|p2a: Granbull|Play Rough|p1a: Girafarig\n|-damage|p1a: Girafarig|97/269\n|\n|-heal|p2a: Granbull|119/302|[from] item: Leftovers\n|upkeep\n|turn|18\n|\n|t:|1733877443\n|move|p1a: Girafarig|Hyper Voice|p2a: Granbull\n|-crit|p2a: Granbull\n|-damage|p2a: Granbull|0 fnt\n|faint|p2a: Granbull\n|\n|upkeep\n|\n|t:|1733877461\n|switch|p2a: Dragapult|Dragapult, L77, M|262/262\n|-activate|p2a: Dragapult|move: Sticky Web\n|-unboost|p2a: Dragapult|spe|1\n|-damage|p2a: Dragapult|230/262|[from] Spikes\n|turn|19\n|inactive|my2ndtimeplaying has 120 seconds left.\n|\n|t:|1733877478\n|move|p1a: Girafarig|Psyshock|p2a: Dragapult\n|-damage|p2a: Dragapult|118/262\n|move|p2a: Dragapult|Thunderbolt|p1a: Girafarig\n|-damage|p1a: Girafarig|27/269\n|\n|upkeep\n|turn|20\n|\n|t:|1733877485\n|move|p1a: Girafarig|Psyshock|p2a: Dragapult\n|-damage|p2a: Dragapult|4/262\n|move|p2a: Dragapult|Thunderbolt|p1a: Girafarig\n|-damage|p1a: Girafarig|0 fnt\n|faint|p1a: Girafarig\n|\n|upkeep\n|\n|t:|1733877497\n|switch|p1a: Zacian|Zacian, L69|241/241\n|-ability|p1a: Zacian|Intrepid Sword|boost\n|-boost|p1a: Zacian|atk|1\n|turn|21\n|\n|t:|1733877507\n|move|p1a: Zacian|Play Rough|p2a: Dragapult\n|-supereffective|p2a: Dragapult\n|-damage|p2a: Dragapult|0 fnt\n|faint|p2a: Dragapult\n|\n|upkeep\n|\n|t:|1733877519\n|switch|p2a: Illumise|Illumise, L91, F|266/266\n|turn|22\n|\n|t:|1733877527\n|move|p2a: Illumise|Thunder Wave|p1a: Zacian\n|-status|p1a: Zacian|par\n|cant|p1a: Zacian|par\n|\n|upkeep\n|turn|23\n|\n|t:|1733877534\n|move|p2a: Illumise|Bug Buzz|p1a: Zacian\n|-resisted|p1a: Zacian\n|-crit|p1a: Zacian\n|-damage|p1a: Zacian|177/241 par\n|cant|p1a: Zacian|par\n|\n|upkeep\n|turn|24\n|\n|t:|1733877542\n|move|p2a: Illumise|Bug Buzz|p1a: Zacian\n|-resisted|p1a: Zacian\n|-damage|p1a: Zacian|134/241 par\n|move|p1a: Zacian|Play Rough|p2a: Illumise\n|-damage|p2a: Illumise|76/266\n|\n|upkeep\n|turn|25\n|\n|t:|1733877551\n|move|p2a: Illumise|Roost|p2a: Illumise\n|-heal|p2a: Illumise|209/266\n|-singleturn|p2a: Illumise|move: Roost\n|cant|p1a: Zacian|par\n|\n|upkeep\n|turn|26\n|\n|t:|1733877561\n|switch|p1a: Alomomola|Alomomola, L87, M|429/429\n|move|p2a: Illumise|Bug Buzz|p1a: Alomomola\n|-damage|p1a: Alomomola|284/429\n|\n|upkeep\n|turn|27\n|\n|t:|1733877568\n|move|p1a: Alomomola|Protect|p1a: Alomomola\n|-singleturn|p1a: Alomomola|Protect\n|move|p2a: Illumise|Thunder Wave|p1a: Alomomola\n|-activate|p1a: Alomomola|move: Protect\n|\n|upkeep\n|turn|28\n|\n|t:|1733877574\n|move|p2a: Illumise|Bug Buzz|p1a: Alomomola\n|-damage|p1a: Alomomola|149/429\n|move|p1a: Alomomola|Wish|p1a: Alomomola\n|\n|upkeep\n|turn|29\n|\n|t:|1733877581\n|switch|p1a: Zacian|Zacian, L69|134/241 par\n|move|p2a: Illumise|Encore||[still]\n|-fail|p2a: Illumise\n|\n|-heal|p1a: Zacian|241/241 par|[from] move: Wish|[wisher] Alomomola\n|upkeep\n|turn|30\n|\n|t:|1733877595\n|move|p2a: Illumise|Bug Buzz|p1a: Zacian\n|-resisted|p1a: Zacian\n|-damage|p1a: Zacian|195/241 par\n|move|p1a: Zacian|Play Rough|p2a: Illumise\n|-damage|p2a: Illumise|88/266\n|\n|upkeep\n|turn|31\n|\n|t:|1733877603\n|switch|p1a: Alomomola|Alomomola, L87, M|292/429\n|move|p2a: Illumise|Roost|p2a: Illumise\n|-heal|p2a: Illumise|221/266\n|-singleturn|p2a: Illumise|move: Roost\n|\n|upkeep\n|turn|32\n|\n|t:|1733877612\n|move|p1a: Alomomola|Protect|p1a: Alomomola\n|-singleturn|p1a: Alomomola|Protect\n|move|p2a: Illumise|Thunder Wave|p1a: Alomomola\n|-activate|p1a: Alomomola|move: Protect\n|\n|upkeep\n|turn|33\n|\n|t:|1733877619\n|move|p2a: Illumise|Thunder Wave|p1a: Alomomola\n|-status|p1a: Alomomola|par\n|move|p1a: Alomomola|Wish|p1a: Alomomola\n|\n|upkeep\n|turn|34\n|\n|t:|1733877626\n|switch|p1a: Smeargle|Smeargle, L95, M|258/258 par\n|move|p2a: Illumise|Bug Buzz|p1a: Smeargle\n|-damage|p1a: Smeargle|135/258 par\n|\n|-heal|p1a: Smeargle|258/258 par|[from] move: Wish|[wisher] Alomomola\n|upkeep\n|turn|35\n|\n|t:|1733877635\n|move|p2a: Illumise|Bug Buzz|p1a: Smeargle\n|-damage|p1a: Smeargle|128/258 par\n|move|p1a: Smeargle|Ceaseless Edge|p2a: Illumise\n|-damage|p2a: Illumise|198/266\n|-sidestart|p2: my2ndtimeplaying|Spikes\n|\n|upkeep\n|turn|36\n|\n|t:|1733877644\n|switch|p1a: Zacian|Zacian, L69|195/241 par\n|move|p2a: Illumise|Bug Buzz|p1a: Zacian\n|-resisted|p1a: Zacian\n|-damage|p1a: Zacian|154/241 par\n|\n|upkeep\n|turn|37\n|\n|t:|1733877651\n|move|p2a: Illumise|Bug Buzz|p1a: Zacian\n|-resisted|p1a: Zacian\n|-damage|p1a: Zacian|106/241 par\n|cant|p1a: Zacian|par\n|\n|upkeep\n|turn|38\n|\n|t:|1733877657\n|switch|p1a: Alomomola|Alomomola, L87, M|429/429 par\n|move|p2a: Illumise|Bug Buzz|p1a: Alomomola\n|-damage|p1a: Alomomola|285/429 par\n|\n|upkeep\n|turn|39\n|\n|t:|1733877665\n|move|p2a: Illumise|Bug Buzz|p1a: Alomomola\n|-crit|p1a: Alomomola\n|-damage|p1a: Alomomola|86/429 par\n|move|p1a: Alomomola|Wish|p1a: Alomomola\n|\n|upkeep\n|turn|40\n|\n|t:|1733877673\n|switch|p1a: Zacian|Zacian, L69|106/241 par\n|move|p2a: Illumise|Bug Buzz|p1a: Zacian\n|-resisted|p1a: Zacian\n|-damage|p1a: Zacian|63/241 par\n|\n|-heal|p1a: Zacian|241/241 par|[from] move: Wish|[wisher] Alomomola\n|upkeep\n|turn|41\n|\n|t:|1733877687\n|move|p2a: Illumise|Roost|p2a: Illumise\n|-heal|p2a: Illumise|266/266\n|-singleturn|p2a: Illumise|move: Roost\n|move|p1a: Zacian|Play Rough|p2a: Illumise\n|-damage|p2a: Illumise|151/266\n|\n|upkeep\n|turn|42\n|\n|t:|1733877694\n|switch|p1a: Alomomola|Alomomola, L87, M|229/429 par\n|move|p2a: Illumise|Roost|p2a: Illumise\n|-heal|p2a: Illumise|266/266\n|-singleturn|p2a: Illumise|move: Roost\n|\n|upkeep\n|turn|43\n|\n|t:|1733877702\n|switch|p1a: Zacian|Zacian, L69|241/241 par\n|move|p2a: Illumise|Bug Buzz|p1a: Zacian\n|-resisted|p1a: Zacian\n|-damage|p1a: Zacian|193/241 par\n|\n|upkeep\n|turn|44\n|\n|t:|1733877714\n|move|p2a: Illumise|Encore||[still]\n|-fail|p2a: Illumise\n|move|p1a: Zacian|Play Rough|p2a: Illumise\n|-damage|p2a: Illumise|148/266\n|\n|upkeep\n|turn|45\n|\n|t:|1733877721\n|move|p2a: Illumise|Roost|p2a: Illumise\n|-heal|p2a: Illumise|266/266\n|-singleturn|p2a: Illumise|move: Roost\n|move|p1a: Zacian|Play Rough|p2a: Illumise\n|-damage|p2a: Illumise|142/266\n|\n|upkeep\n|turn|46\n|\n|t:|1733877728\n|switch|p1a: Alomomola|Alomomola, L87, M|372/429 par\n|move|p2a: Illumise|Bug Buzz|p1a: Alomomola\n|-damage|p1a: Alomomola|236/429 par\n|\n|upkeep\n|turn|47\n|\n|t:|1733877735\n|switch|p2a: Grimmsnarl|Grimmsnarl, L83, M|70/293\n|-activate|p2a: Grimmsnarl|move: Sticky Web\n|-unboost|p2a: Grimmsnarl|spe|1\n|-damage|p2a: Grimmsnarl|22/293|[from] Spikes\n|move|p1a: Alomomola|Wish|p1a: Alomomola\n|\n|upkeep\n|turn|48\n|\n|t:|1733877749\n|move|p2a: Grimmsnarl|Reflect|p2a: Grimmsnarl\n|-sidestart|p2: my2ndtimeplaying|Reflect\n|move|p1a: Alomomola|Flip Turn|p2a: Grimmsnarl\n|-damage|p2a: Grimmsnarl|0 fnt\n|faint|p2a: Grimmsnarl\n|\n|t:|1733877759\n|switch|p1a: Zacian|Zacian, L69|193/241 par|[from] Flip Turn\n|\n|-heal|p1a: Zacian|241/241 par|[from] move: Wish|[wisher] Alomomola\n|upkeep\n|\n|t:|1733877766\n|switch|p2a: Gallade|Gallade, L81, M|243/243\n|-activate|p2a: Gallade|move: Sticky Web\n|-unboost|p2a: Gallade|spe|1\n|-damage|p2a: Gallade|203/243|[from] Spikes\n|turn|49\n|\n|t:|1733877778\n|move|p2a: Gallade|Swords Dance|p2a: Gallade\n|-boost|p2a: Gallade|atk|2\n|move|p1a: Zacian|Play Rough|p2a: Gallade\n|-supereffective|p2a: Gallade\n|-damage|p2a: Gallade|65/243\n|\n|upkeep\n|turn|50\n|\n|t:|1733877788\n|move|p2a: Gallade|Psycho Cut|p1a: Zacian\n|-damage|p1a: Zacian|0 fnt\n|faint|p1a: Zacian\n|-damage|p2a: Gallade|41/243|[from] item: Life Orb\n|\n|upkeep\n|\n|t:|1733877794\n|switch|p1a: Alomomola|Alomomola, L87, M|379/429 par\n|turn|51\n|\n|t:|1733877799\n|move|p2a: Gallade|Psycho Cut|p1a: Alomomola\n|-damage|p1a: Alomomola|54/429 par\n|-damage|p2a: Gallade|17/243|[from] item: Life Orb\n|move|p1a: Alomomola|Wish|p1a: Alomomola\n|\n|upkeep\n|turn|52\n|\n|t:|1733877806\n|move|p1a: Alomomola|Protect|p1a: Alomomola\n|-singleturn|p1a: Alomomola|Protect\n|move|p2a: Gallade|Psycho Cut|p1a: Alomomola\n|-activate|p1a: Alomomola|move: Protect\n|\n|-heal|p1a: Alomomola|268/429 par|[from] move: Wish|[wisher] Alomomola\n|upkeep\n|turn|53\n|\n|t:|1733877814\n|switch|p1a: Smeargle|Smeargle, L95, M|128/258 par\n|move|p2a: Gallade|Psycho Cut|p1a: Smeargle\n|-damage|p1a: Smeargle|0 fnt\n|faint|p1a: Smeargle\n|-damage|p2a: Gallade|0 fnt|[from] item: Life Orb\n|faint|p2a: Gallade\n|\n|upkeep\n|c|\u2606wood is great|ntnt\n|\n|t:|1733877823\n|switch|p1a: Alomomola|Alomomola, L87, M|411/429 par\n|switch|p2a: Illumise|Illumise, L91, F|142/266\n|turn|54\n|\n|t:|1733877833\n|move|p2a: Illumise|Bug Buzz|p1a: Alomomola\n|-damage|p1a: Alomomola|282/429 par\n|move|p1a: Alomomola|Wish|p1a: Alomomola\n|\n|upkeep\n|turn|55\n|\n|t:|1733877840\n|move|p2a: Illumise|Encore|p1a: Alomomola\n|-start|p1a: Alomomola|Encore\n|move|p1a: Alomomola|Wish||[still]\n|-fail|p1a: Alomomola\n|\n|-heal|p1a: Alomomola|429/429 par|[from] move: Wish|[wisher] Alomomola\n|-sideend|p2: my2ndtimeplaying|Reflect\n|upkeep\n|turn|56\n|\n|t:|1733877855\n|move|p2a: Illumise|Bug Buzz|p1a: Alomomola\n|-damage|p1a: Alomomola|284/429 par\n|cant|p1a: Alomomola|par\n|\n|upkeep\n|turn|57\n|\n|t:|1733877867\n|move|p2a: Illumise|Roost|p2a: Illumise\n|-heal|p2a: Illumise|266/266\n|-singleturn|p2a: Illumise|move: Roost\n|move|p1a: Alomomola|Wish|p1a: Alomomola\n|\n|-end|p1a: Alomomola|Encore\n|upkeep\n|turn|58\n|\n|t:|1733877878\n|move|p1a: Alomomola|Protect|p1a: Alomomola\n|-singleturn|p1a: Alomomola|Protect\n|move|p2a: Illumise|Encore|p1a: Alomomola\n|-activate|p1a: Alomomola|move: Protect\n|\n|-heal|p1a: Alomomola|429/429 par|[from] move: Wish|[wisher] Alomomola\n|upkeep\n|turn|59\n|\n|t:|1733877886\n|move|p2a: Illumise|Encore|p1a: Alomomola\n|-start|p1a: Alomomola|Encore\n|move|p1a: Alomomola|Protect||[still]\n|-fail|p1a: Alomomola\n|\n|upkeep\n|turn|60\n|\n|t:|1733877892\n|move|p1a: Alomomola|Protect|p1a: Alomomola\n|-singleturn|p1a: Alomomola|Protect\n|move|p2a: Illumise|Thunder Wave|p1a: Alomomola\n|-activate|p1a: Alomomola|move: Protect\n|\n|upkeep\n|turn|61\n|\n|t:|1733877899\n|move|p1a: Alomomola|Protect||[still]\n|-fail|p1a: Alomomola\n|move|p2a: Illumise|Thunder Wave|p1a: Alomomola\n|-fail|p1a: Alomomola|par\n|\n|-end|p1a: Alomomola|Encore\n|upkeep\n|turn|62\n|\n|t:|1733877908\n|move|p2a: Illumise|Encore|p1a: Alomomola\n|-start|p1a: Alomomola|Encore\n|cant|p1a: Alomomola|par\n|\n|upkeep\n|turn|63\n|\n|t:|1733877916\n|move|p1a: Alomomola|Protect|p1a: Alomomola\n|-singleturn|p1a: Alomomola|Protect\n|move|p2a: Illumise|Thunder Wave|p1a: Alomomola\n|-activate|p1a: Alomomola|move: Protect\n|\n|upkeep\n|turn|64\n|\n|t:|1733877924\n|move|p1a: Alomomola|Protect||[still]\n|-fail|p1a: Alomomola\n|move|p2a: Illumise|Thunder Wave|p1a: Alomomola\n|-fail|p1a: Alomomola|par\n|\n|-end|p1a: Alomomola|Encore\n|upkeep\n|turn|65\n|\n|t:|1733877935\n|move|p2a: Illumise|Encore|p1a: Alomomola\n|-start|p1a: Alomomola|Encore\n|move|p1a: Alomomola|Protect||[still]\n|-fail|p1a: Alomomola\n|\n|upkeep\n|turn|66\n|\n|t:|1733877941\n|move|p1a: Alomomola|Protect|p1a: Alomomola\n|-singleturn|p1a: Alomomola|Protect\n|move|p2a: Illumise|Thunder Wave|p1a: Alomomola\n|-activate|p1a: Alomomola|move: Protect\n|\n|upkeep\n|turn|67\n|\n|t:|1733877949\n|move|p1a: Alomomola|Protect|p1a: Alomomola\n|-singleturn|p1a: Alomomola|Protect\n|move|p2a: Illumise|Thunder Wave|p1a: Alomomola\n|-activate|p1a: Alomomola|move: Protect\n|\n|-end|p1a: Alomomola|Encore\n|upkeep\n|turn|68\n|\n|t:|1733877957\n|move|p2a: Illumise|Thunder Wave|p1a: Alomomola\n|-fail|p1a: Alomomola|par\n|move|p1a: Alomomola|Scald|p2a: Illumise\n|-damage|p2a: Illumise|221/266\n|\n|upkeep\n|turn|69\n|\n|t:|1733877966\n|move|p2a: Illumise|Thunder Wave|p1a: Alomomola|[miss]\n|-miss|p2a: Illumise|p1a: Alomomola\n|move|p1a: Alomomola|Scald|p2a: Illumise\n|-damage|p2a: Illumise|176/266\n|-status|p2a: Illumise|brn\n|\n|-damage|p2a: Illumise|160/266 brn|[from] brn\n|upkeep\n|turn|70\n|-message|my2ndtimeplaying forfeited.\n|\n|win|wood is great\n|raw|wood is great's rating: 1574 &rarr; <strong>1594</strong><br />(+20 for winning)\n|raw|my2ndtimeplaying's rating: 1571 &rarr; <strong>1551</strong><br />(-20 for losing)\n|l|\u2606my2ndtimeplaying\n|player|p2|\n", "inputlog": ">version bfd83cad13791eb5a5a409923076391caf6fb4d4\n>start {\"formatid\":\"gen9randombattle\",\"seed\":[56469,27590,42376,18157],\"rated\":\"Rated battle\"}\n>player p1 {\"name\":\"wood is great\",\"avatar\":\"169\",\"rating\":1574,\"seed\":[61295,45674,61029,43537]}\n>player p2 {\"name\":\"my2ndtimeplaying\",\"avatar\":\"ninjaboy\",\"rating\":1571,\"seed\":[3253,2127,6521,49590]}\n>p1 move nastyplot\n>p2 switch 5\n>p1 move hypervoice\n>p2 move lightscreen\n>p1 move hypervoice\n>p2 move spiritbreak\n>p1 move hypervoice\n>p2 move partingshot\n>p2 switch 3\n>p1 switch 2\n>p2 move superpower\n>p1 move flareblitz\n>p2 move superpower terastallize\n>p1 switch 4\n>p1 move hurricane\n>p2 move knockoff\n>p1 move sleeppowder\n>p2 move superpower\n>p1 move quiverdance\n>p2 move superpower\n>p1 move hurricane\n>p2 move superpower\n>p2 switch 2\n>p1 move sleeppowder\n>p2 move playrough\n>p1 move hurricane\n>p2 move playrough\n>p1 switch 3\n>p1 move stickyweb\n>p2 move thunderwave\n>p1 move spore\n>p2 move roar\n>p1 move ceaselessedge\n>p2 move roar\n>p1 move ceaselessedge\n>p2 move roar\n>p1 move thunderbolt\n>p2 move playrough\n>p1 move hypervoice\n>p2 move playrough\n>p2 switch 4\n>p1 move psyshock\n>p2 move thunderbolt\n>p1 move psyshock\n>p2 move thunderbolt\n>p1 switch 5\n>p1 move playrough\n>p2 move thunderbolt\n>p2 switch 6\n>p1 move playrough\n>p2 move thunderwave\n>p1 move playrough\n>p2 move bugbuzz\n>p1 move playrough\n>p2 move bugbuzz\n>p1 move playrough\n>p2 move roost\n>p1 switch 6\n>p2 move bugbuzz\n>p1 move protect\n>p2 move thunderwave\n>p1 move wish\n>p2 move bugbuzz\n>p1 switch 6\n>p2 move encore\n>p1 move playrough\n>p2 move bugbuzz\n>p1 switch 6\n>p2 move roost\n>p1 move protect\n>p2 move thunderwave\n>p1 move wish\n>p2 move thunderwave\n>p1 switch 2\n>p2 move bugbuzz\n>p1 move ceaselessedge\n>p2 move bugbuzz\n>p1 switch 6\n>p2 move bugbuzz\n>p1 move playrough\n>p2 move bugbuzz\n>p1 switch 2\n>p2 move bugbuzz\n>p1 move wish\n>p2 move bugbuzz\n>p1 switch 2\n>p2 move bugbuzz\n>p1 move playrough\n>p2 move roost\n>p1 switch 2\n>p2 move roost\n>p1 switch 2\n>p2 move bugbuzz\n>p1 move playrough\n>p2 move encore\n>p1 move playrough\n>p2 move roost\n>p1 switch 2\n>p2 move bugbuzz\n>p1 move wish\n>p2 switch 3\n>p1 move flipturn\n>p2 move reflect\n>p1 switch 2\n>p2 switch 5\n>p1 move playrough\n>p2 move swordsdance\n>p1 move playrough\n>p2 move psychocut\n>p1 switch 2\n>p1 move wish\n>p2 move psychocut\n>p1 move protect\n>p2 move psychocut\n>p1 switch 6\n>p2 move psychocut\n>chat \u2606wood is great|ntnt\n>p1 switch 6\n>p2 switch 3\n>p1 move wish\n>p2 move bugbuzz\n>p1 move scald\n>p2 move encore\n>p1 move wish\n>p2 move bugbuzz\n>p1 move wish\n>p2 move roost\n>p1 move protect\n>p2 move encore\n>p1 move scald\n>p2 move encore\n>p1 move protect\n>p2 move thunderwave\n>p1 move protect\n>p2 move thunderwave\n>p1 move scald\n>p2 move encore\n>p1 move protect\n>p2 move thunderwave\n>p1 move protect\n>p2 move thunderwave\n>p1 move scald\n>p2 move encore\n>p1 move protect\n>p2 move thunderwave\n>p1 move protect\n>p2 move thunderwave\n>p1 move scald\n>p2 move thunderwave\n>p1 move scald\n>p2 move thunderwave\n>forcelose p2", "uploadtime": 1733878123, "views": 1, "formatid": "gen9randombattle", "rating": 1551, "private": 0, "password": null}