{"id": "gen9randombattle-2189141448", "format": "[Gen 9] Random Battle", "players": ["superbcookiez", "Norman2!"], "log": "|badge|p1|bronze|gen9randombattle|100-2\n|uhtml|medal-msg|<div class=\"broadcast-blue\">Curious what those medals under the avatar are? PS now has Ladder Seasons! For more information, check out the <a href=\"https://www.smogon.com/forums/threads/3740067/\">thread on Smogon.</a></div>\n|badge|p2|silver|gen9randombattle|30-2\n|uhtml|medal-msg|<div class=\"broadcast-blue\">Curious what those medals under the avatar are? PS now has Ladder Seasons! For more information, check out the <a href=\"https://www.smogon.com/forums/threads/3740067/\">thread on Smogon.</a></div>\n|j|\u2606superbcookiez\n|j|\u203dNorman2!\n|t:|1724793678\n|gametype|singles\n|player|p1|superbcookiez|169|2345\n|player|p2|Norman2!|2|2422\n|teamsize|p1|6\n|teamsize|p2|6\n|gen|9\n|tier|[Gen 9] Random Battle\n|rated|\n|rule|Species Clause: Limit one of each Pok\u00e9mon\n|rule|HP Percentage Mod: HP is shown in percentages\n|rule|Sleep Clause Mod: Limit one foe put to sleep\n|rule|Illusion Level Mod: Illusion disguises the Pok\u00e9mon's true level\n|\n|t:|1724793678\n|start\n|switch|p1a: Entei|Entei, L78|307/307\n|switch|p2a: Oinkologne|Oinkologne-F, L92, F|361/361\n|turn|1\n|inactive|Battle timer is ON: inactive players will automatically lose when time's up. (requested by superbcookiez)\n|\n|t:|1724793706\n|switch|p1a: Garchomp|Garchomp, L74, F|282/282\n|switch|p2a: Heatran|Heatran, L79, M|273/273\n|-item|p2a: Heatran|Air Balloon\n|\n|upkeep\n|turn|2\n|\n|t:|1724793713\n|move|p1a: Garchomp|Stone Edge|p2a: Heatran\n|-damage|p2a: Heatran|213/273\n|-enditem|p2a: Heatran|Air Balloon\n|move|p2a: Heatran|Stealth Rock|p1a: Garchomp\n|-sidestart|p1: superbcookiez|move: Stealth Rock\n|\n|upkeep\n|turn|3\n|\n|t:|1724793717\n|switch|p2a: Brute Bonnet|Brute Bonnet, L81|312/312\n|move|p1a: Garchomp|Spikes|p2a: Brute Bonnet\n|-sidestart|p2: Norman2!|Spikes\n|\n|upkeep\n|turn|4\n|\n|t:|1724793721\n|switch|p1a: Vespiquen|Vespiquen, L98, F|296/296\n|-ability|p1a: Vespiquen|Pressure\n|move|p2a: Brute Bonnet|Crunch|p1a: Vespiquen\n|-damage|p1a: Vespiquen|181/296\n|\n|upkeep\n|turn|5\n|\n|t:|1724793738\n|move|p2a: Brute Bonnet|Crunch|p1a: Vespiquen\n|-damage|p1a: Vespiquen|70/296\n|move|p1a: Vespiquen|Roost|p1a: Vespiquen\n|-heal|p1a: Vespiquen|218/296\n|-singleturn|p1a: Vespiquen|move: Roost\n|\n|upkeep\n|turn|6\n|\n|t:|1724793747\n|-end|p2a: Brute Bonnet|Protosynthesis|[silent]\n|switch|p2a: Heatran|Heatran, L79, M|213/273\n|-damage|p2a: Heatran|179/273|[from] Spikes\n|move|p1a: Vespiquen|Hurricane|p2a: Heatran|[miss]\n|-miss|p1a: Vespiquen|p2a: Heatran\n|\n|upkeep\n|turn|7\n|\n|t:|1724793753\n|move|p2a: Heatran|Lava Plume|p1a: Vespiquen\n|-supereffective|p1a: Vespiquen\n|-damage|p1a: Vespiquen|68/296\n|move|p1a: Vespiquen|Spikes|p2a: Heatran\n|-sidestart|p2: Norman2!|Spikes\n|\n|upkeep\n|turn|8\n|\n|t:|1724793767\n|switch|p1a: Clawitzer|Clawitzer, L87, F|265/265\n|-damage|p1a: Clawitzer|232/265|[from] Stealth Rock\n|move|p2a: Heatran|Heavy Slam|p1a: Clawitzer\n|-resisted|p1a: Clawitzer\n|-damage|p1a: Clawitzer|184/265\n|\n|upkeep\n|turn|9\n|\n|t:|1724793772\n|switch|p2a: Vaporeon|Vaporeon, L86, F|364/364\n|-damage|p2a: Vaporeon|304/364|[from] Spikes\n|move|p1a: Clawitzer|U-turn|p2a: Vaporeon\n|-damage|p2a: Vaporeon|244/364\n|\n|t:|1724793783\n|switch|p1a: Gogoat|Gogoat, L88, F|360/360|[from] U-turn\n|-damage|p1a: Gogoat|315/360|[from] Stealth Rock\n|\n|-heal|p1a: Gogoat|337/360|[from] item: Leftovers\n|-heal|p2a: Vaporeon|266/364|[from] item: Leftovers\n|upkeep\n|turn|10\n|\n|t:|1724793787\n|switch|p2a: Iron Jugulis|Iron Jugulis, L78|275/275\n|move|p1a: Gogoat|Bulk Up|p1a: Gogoat\n|-boost|p1a: Gogoat|atk|1\n|-boost|p1a: Gogoat|def|1\n|\n|-heal|p1a: Gogoat|359/360|[from] item: Leftovers\n|upkeep\n|turn|11\n|\n|t:|1724793803\n|switch|p1a: Vespiquen|Vespiquen, L98, F|68/296\n|-ability|p1a: Vespiquen|Pressure\n|move|p2a: Iron Jugulis|Hurricane|p1a: Vespiquen\n|-supereffective|p1a: Vespiquen\n|-damage|p1a: Vespiquen|0 fnt\n|faint|p1a: Vespiquen\n|\n|upkeep\n|\n|t:|1724793807\n|switch|p1a: Torkoal|Torkoal, L88, F|266/266\n|-weather|SunnyDay|[from] ability: Drought|[of] p1a: Torkoal\n|turn|12\n|\n|t:|1724793816\n|-end|p2a: Iron Jugulis|Quark Drive|[silent]\n|switch|p2a: Oinkologne|Oinkologne-F, L92, F|361/361\n|-damage|p2a: Oinkologne|301/361|[from] Spikes\n|move|p1a: Torkoal|Rapid Spin|p2a: Oinkologne\n|-damage|p2a: Oinkologne|264/361\n|-boost|p1a: Torkoal|spe|1\n|-sideend|p1: superbcookiez|Stealth Rock|[from] move: Rapid Spin|[of] p1a: Torkoal\n|\n|-weather|SunnyDay|[upkeep]\n|-heal|p2a: Oinkologne|286/361|[from] item: Leftovers\n|upkeep\n|turn|13\n|\n|t:|1724793819\n|move|p2a: Oinkologne|High Horsepower|p1a: Torkoal\n|-supereffective|p1a: Torkoal\n|-damage|p1a: Torkoal|162/266\n|move|p1a: Torkoal|Stealth Rock|p2a: Oinkologne\n|-sidestart|p2: Norman2!|move: Stealth Rock\n|\n|-weather|SunnyDay|[upkeep]\n|-heal|p2a: Oinkologne|308/361|[from] item: Leftovers\n|upkeep\n|turn|14\n|\n|t:|1724793824\n|move|p2a: Oinkologne|Double-Edge|p1a: Torkoal\n|-damage|p1a: Torkoal|75/266\n|-damage|p2a: Oinkologne|279/361|[from] Recoil\n|move|p1a: Torkoal|Lava Plume|p2a: Oinkologne\n|-damage|p2a: Oinkologne|218/361\n|\n|-weather|SunnyDay|[upkeep]\n|-heal|p2a: Oinkologne|240/361|[from] item: Leftovers\n|upkeep\n|turn|15\n|\n|t:|1724793828\n|move|p2a: Oinkologne|High Horsepower|p1a: Torkoal|[miss]\n|-miss|p2a: Oinkologne|p1a: Torkoal\n|move|p1a: Torkoal|Lava Plume|p2a: Oinkologne\n|-damage|p2a: Oinkologne|183/361\n|\n|-weather|SunnyDay|[upkeep]\n|-heal|p2a: Oinkologne|205/361|[from] item: Leftovers\n|upkeep\n|turn|16\n|\n|t:|1724793831\n|move|p2a: Oinkologne|High Horsepower|p1a: Torkoal\n|-supereffective|p1a: Torkoal\n|-damage|p1a: Torkoal|0 fnt\n|faint|p1a: Torkoal\n|\n|-weather|none\n|-heal|p2a: Oinkologne|227/361|[from] item: Leftovers\n|upkeep\n|\n|t:|1724793844\n|switch|p1a: Garchomp|Garchomp, L74, F|282/282\n|turn|17\n|\n|t:|1724793855\n|move|p1a: Garchomp|Earthquake|p2a: Oinkologne\n|-damage|p2a: Oinkologne|109/361\n|move|p2a: Oinkologne|Curse|p2a: Oinkologne\n|-unboost|p2a: Oinkologne|spe|1\n|-boost|p2a: Oinkologne|atk|1\n|-boost|p2a: Oinkologne|def|1\n|\n|-heal|p2a: Oinkologne|131/361|[from] item: Leftovers\n|upkeep\n|turn|18\n|\n|t:|1724793858\n|move|p1a: Garchomp|Spikes|p2a: Oinkologne\n|-sidestart|p2: Norman2!|Spikes\n|move|p2a: Oinkologne|Double-Edge|p1a: Garchomp\n|-damage|p1a: Garchomp|65/282\n|-damage|p2a: Oinkologne|86/361|[from] ability: Rough Skin|[of] p1a: Garchomp\n|-damage|p2a: Oinkologne|26/361|[from] item: Rocky Helmet|[of] p1a: Garchomp\n|-damage|p2a: Oinkologne|0 fnt|[from] Recoil\n|faint|p2a: Oinkologne\n|\n|upkeep\n|\n|t:|1724793876\n|switch|p2a: Iron Jugulis|Iron Jugulis, L78|275/275\n|-damage|p2a: Iron Jugulis|207/275|[from] Stealth Rock\n|turn|19\n|\n|t:|1724793882\n|move|p2a: Iron Jugulis|Dark Pulse|p1a: Garchomp\n|-damage|p1a: Garchomp|0 fnt\n|faint|p1a: Garchomp\n|\n|upkeep\n|\n|t:|1724793886\n|switch|p1a: Entei|Entei, L78|307/307\n|turn|20\n|\n|t:|1724793900\n|-end|p2a: Iron Jugulis|Quark Drive|[silent]\n|switch|p2a: Brute Bonnet|Brute Bonnet, L81|312/312\n|-damage|p2a: Brute Bonnet|234/312|[from] Spikes\n|-damage|p2a: Brute Bonnet|195/312|[from] Stealth Rock\n|move|p1a: Entei|Stone Edge|p2a: Brute Bonnet\n|-damage|p2a: Brute Bonnet|100/312\n|\n|upkeep\n|turn|21\n|\n|t:|1724793912\n|switch|p1a: Gogoat|Gogoat, L88, F|359/360\n|move|p2a: Brute Bonnet|Crunch|p1a: Gogoat\n|-damage|p1a: Gogoat|178/360\n|\n|-heal|p1a: Gogoat|200/360|[from] item: Leftovers\n|upkeep\n|turn|22\n|\n|t:|1724793931\n|move|p1a: Gogoat|Milk Drink|p1a: Gogoat\n|-heal|p1a: Gogoat|360/360\n|move|p2a: Brute Bonnet|Crunch|p1a: Gogoat\n|-damage|p1a: Gogoat|191/360\n|\n|-heal|p1a: Gogoat|213/360|[from] item: Leftovers\n|upkeep\n|turn|23\n|\n|t:|1724793939\n|switch|p1a: Clawitzer|Clawitzer, L87, F|184/265\n|-end|p2a: Brute Bonnet|Protosynthesis|[silent]\n|switch|p2a: Iron Jugulis|Iron Jugulis, L78|207/275\n|-damage|p2a: Iron Jugulis|139/275|[from] Stealth Rock\n|\n|upkeep\n|turn|24\n|\n|t:|1724793949\n|-end|p2a: Iron Jugulis|Quark Drive|[silent]\n|switch|p2a: Brute Bonnet|Brute Bonnet, L81|100/312\n|-damage|p2a: Brute Bonnet|22/312|[from] Spikes\n|-damage|p2a: Brute Bonnet|0 fnt|[from] Stealth Rock\n|faint|p2a: Brute Bonnet\n|-end|p2a: Brute Bonnet|Protosynthesis|[silent]\n|move|p1a: Clawitzer|Dragon Pulse|p2: Brute Bonnet|[notarget]\n|-fail|p1a: Clawitzer\n|\n|upkeep\n|\n|t:|1724793959\n|switch|p2a: Heatran|Heatran, L79, M|179/273\n|-damage|p2a: Heatran|111/273|[from] Spikes\n|-damage|p2a: Heatran|77/273|[from] Stealth Rock\n|turn|25\n|\n|t:|1724793968\n|switch|p1a: Entei|Entei, L78|307/307\n|move|p2a: Heatran|Stealth Rock|p1a: Entei\n|-sidestart|p1: superbcookiez|move: Stealth Rock\n|\n|upkeep\n|turn|26\n|\n|t:|1724793979\n|switch|p2a: Jirachi|Jirachi, L80|291/291\n|-damage|p2a: Jirachi|219/291|[from] Spikes\n|-damage|p2a: Jirachi|201/291|[from] Stealth Rock\n|move|p1a: Entei|Stone Edge|p2a: Jirachi|[miss]\n|-miss|p1a: Entei|p2a: Jirachi\n|\n|upkeep\n|turn|27\n|\n|t:|1724793986\n|switch|p1a: Gogoat|Gogoat, L88, F|213/360\n|-damage|p1a: Gogoat|168/360|[from] Stealth Rock\n|move|p2a: Jirachi|U-turn|p1a: Gogoat\n|-supereffective|p1a: Gogoat\n|-damage|p1a: Gogoat|60/360\n|\n|t:|1724793994\n|switch|p2a: Iron Jugulis|Iron Jugulis, L78|139/275|[from] U-turn\n|-damage|p2a: Iron Jugulis|71/275|[from] Stealth Rock\n|\n|-heal|p1a: Gogoat|82/360|[from] item: Leftovers\n|upkeep\n|turn|28\n|\n|t:|1724794008\n|move|p2a: Iron Jugulis|Dark Pulse|p1a: Gogoat\n|-damage|p1a: Gogoat|0 fnt\n|faint|p1a: Gogoat\n|\n|upkeep\n|\n|t:|1724794020\n|switch|p1a: Clawitzer|Clawitzer, L87, F|184/265\n|-damage|p1a: Clawitzer|151/265|[from] Stealth Rock\n|turn|29\n|\n|t:|1724794029\n|-end|p2a: Iron Jugulis|Quark Drive|[silent]\n|switch|p2a: Heatran|Heatran, L79, M|77/273\n|-damage|p2a: Heatran|9/273|[from] Spikes\n|-damage|p2a: Heatran|0 fnt|[from] Stealth Rock\n|faint|p2a: Heatran\n|move|p1a: Clawitzer|Dark Pulse|p2: Heatran|[notarget]\n|-fail|p1a: Clawitzer\n|\n|upkeep\n|\n|t:|1724794038\n|switch|p2a: Vaporeon|Vaporeon, L86, F|266/364\n|-damage|p2a: Vaporeon|175/364|[from] Spikes\n|-damage|p2a: Vaporeon|130/364|[from] Stealth Rock\n|turn|30\n|\n|t:|1724794042\n|move|p2a: Vaporeon|Protect|p2a: Vaporeon\n|-singleturn|p2a: Vaporeon|Protect\n|move|p1a: Clawitzer|Dark Pulse|p2a: Vaporeon\n|-activate|p2a: Vaporeon|move: Protect\n|\n|-heal|p2a: Vaporeon|152/364|[from] item: Leftovers\n|upkeep\n|turn|31\n|\n|t:|1724794052\n|move|p2a: Vaporeon|Wish|p2a: Vaporeon\n|move|p1a: Clawitzer|Dark Pulse|p2a: Vaporeon\n|-damage|p2a: Vaporeon|9/364\n|\n|-heal|p2a: Vaporeon|31/364|[from] item: Leftovers\n|upkeep\n|turn|32\n|\n|t:|1724794056\n|switch|p1a: Entei|Entei, L78|307/307\n|-damage|p1a: Entei|231/307|[from] Stealth Rock\n|move|p2a: Vaporeon|Protect||[still]\n|-fail|p2a: Vaporeon\n|\n|-heal|p2a: Vaporeon|213/364|[from] move: Wish|[wisher] Vaporeon\n|-heal|p2a: Vaporeon|235/364|[from] item: Leftovers\n|upkeep\n|turn|33\n|\n|t:|1724794062\n|move|p2a: Vaporeon|Protect|p2a: Vaporeon\n|-singleturn|p2a: Vaporeon|Protect\n|move|p1a: Entei|Sacred Fire|p2a: Vaporeon\n|-activate|p2a: Vaporeon|move: Protect\n|\n|-heal|p2a: Vaporeon|257/364|[from] item: Leftovers\n|upkeep\n|turn|34\n|\n|t:|1724794072\n|move|p1a: Entei|Sacred Fire|p2a: Vaporeon\n|-resisted|p2a: Vaporeon\n|-damage|p2a: Vaporeon|164/364\n|move|p2a: Vaporeon|Scald|p1a: Entei\n|-supereffective|p1a: Entei\n|-crit|p1a: Entei\n|-damage|p1a: Entei|0 fnt\n|faint|p1a: Entei\n|\n|-heal|p2a: Vaporeon|186/364|[from] item: Leftovers\n|upkeep\n|\n|t:|1724794074\n|switch|p1a: Clawitzer|Clawitzer, L87, F|151/265\n|-damage|p1a: Clawitzer|118/265|[from] Stealth Rock\n|turn|35\n|\n|t:|1724794085\n|move|p2a: Vaporeon|Scald|p1a: Clawitzer\n|-resisted|p1a: Clawitzer\n|-crit|p1a: Clawitzer\n|-damage|p1a: Clawitzer|42/265\n|move|p1a: Clawitzer|Dragon Pulse|p2a: Vaporeon\n|-damage|p2a: Vaporeon|34/364\n|\n|-heal|p2a: Vaporeon|56/364|[from] item: Leftovers\n|upkeep\n|turn|36\n|\n|t:|1724794092\n|move|p2a: Vaporeon|Scald|p1a: Clawitzer\n|-resisted|p1a: Clawitzer\n|-damage|p1a: Clawitzer|0 fnt\n|faint|p1a: Clawitzer\n|\n|win|Norman2!\n|raw|superbcookiez's rating: 2345 &rarr; <strong>2329</strong><br />(-16 for losing)\n|raw|Norman2!'s rating: 2422 &rarr; <strong>2438</strong><br />(+16 for winning)\n|l|\u2606superbcookiez\n|player|p1|\n", "inputlog": ">version ada9f31ef31739d614c197d44f6eaf8f2aff1bd3\n>start {\"formatid\":\"gen9randombattle\",\"seed\":[5899,35345,49367,51008],\"rated\":\"Rated battle\"}\n>player p1 {\"name\":\"superbcookiez\",\"avatar\":\"169\",\"rating\":2345,\"seed\":[30852,40820,64737,5916]}\n>player p2 {\"name\":\"Norman2!\",\"avatar\":\"2\",\"rating\":2422,\"seed\":[49938,63924,57578,9259]}\n>p1 switch 6\n>p2 switch 6\n>p1 move stoneedge\n>p2 move stealthrock\n>p1 move spikes\n>p2 switch 4\n>p1 switch 3\n>p2 move crunch\n>p1 move roost\n>p2 move crunch\n>p1 move hurricane\n>p2 switch 4\n>p1 move spikes\n>p2 move lavaplume\n>p1 switch 5\n>p2 move heavyslam\n>p1 move uturn\n>p2 switch 2\n>p1 switch 2\n>p1 move bulkup\n>p2 switch 3\n>p1 switch 5\n>p2 move hurricane\n>p1 switch 4\n>p1 move rapidspin\n>p2 switch 6\n>p1 move stealthrock\n>p2 move highhorsepower\n>p1 move lavaplume\n>p2 move doubleedge\n>p1 move lavaplume\n>p2 move highhorsepower\n>p1 move lavaplume\n>p2 move highhorsepower\n>p1 switch 3\n>p1 move earthquake\n>p2 move curse\n>p1 move spikes\n>p2 move doubleedge\n>p2 switch 6\n>p1 move stoneedge\n>p2 move darkpulse\n>p1 switch 6\n>p1 move stoneedge\n>p2 switch 4\n>p1 switch 5\n>p2 move crunch\n>p1 move milkdrink\n>p2 move crunch\n>p1 switch 2\n>p2 switch 4\n>p1 move dragonpulse\n>p2 switch 4\n>p2 switch 2\n>p1 switch 5\n>p2 move stealthrock\n>p1 move stoneedge\n>p2 switch 5\n>p1 switch 2\n>p2 move uturn\n>p2 switch 4\n>p1 move milkdrink\n>p2 move darkpulse\n>p1 switch 5\n>p1 move darkpulse\n>p2 switch 5\n>p2 switch 3\n>p1 move darkpulse\n>p2 move protect\n>p1 move darkpulse\n>p2 move wish\n>p1 switch 2\n>p2 move protect\n>p1 move sacredfire\n>p2 move protect\n>p1 move sacredfire\n>p2 move scald\n>p1 switch 2\n>p1 move dragonpulse\n>p2 move scald\n>p1 move dragonpulse\n>p2 move scald", "uploadtime": 1724794095, "views": 119, "formatid": "gen9randombattle", "rating": 2329, "private": 0, "password": null}