{"id": "gen9randombattle-2260905677", "format": "[Gen 9] Random Battle", "players": ["midomidori", "Walteroi"], "log": "|j|\u2606midomidori\n|j|\u2606Walteroi\n|t:|1733914404\n|gametype|singles\n|player|p1|midomidori|169|1602\n|player|p2|Walteroi|266|1548\n|teamsize|p1|6\n|teamsize|p2|6\n|gen|9\n|tier|[Gen 9] Random Battle\n|rated|\n|rule|Species Clause: Limit one of each Pok\u00e9mon\n|rule|HP Percentage Mod: HP is shown in percentages\n|rule|Sleep Clause Mod: Limit one foe put to sleep\n|rule|Illusion Level Mod: Illusion disguises the Pok\u00e9mon's true level\n|\n|t:|1733914404\n|start\n|switch|p1a: Swanna|Swanna, L88, F|275/275\n|switch|p2a: Raikou|Raikou, L81|278/278\n|-ability|p2a: Raikou|Pressure\n|turn|1\n|\n|t:|1733914420\n|switch|p1a: Tyranitar|Tyranitar, L79, M|288/288\n|-weather|Sandstorm|[from] ability: Sand Stream|[of] p1a: Tyranitar\n|move|p2a: Raikou|Substitute|p2a: Raikou\n|-start|p2a: Raikou|Substitute\n|-damage|p2a: Raikou|209/278\n|\n|-weather|Sandstorm|[upkeep]\n|-damage|p2a: Raikou|192/278|[from] Sandstorm\n|-heal|p2a: Raikou|209/278|[from] item: Leftovers\n|upkeep\n|turn|2\n|\n|t:|1733914424\n|move|p2a: Raikou|Scald|p1a: Tyranitar\n|-supereffective|p1a: Tyranitar\n|-damage|p1a: Tyranitar|208/288\n|-status|p1a: Tyranitar|brn\n|move|p1a: Tyranitar|Earthquake|p2a: Raikou\n|-supereffective|p2a: Raikou\n|-end|p2a: Raikou|Substitute\n|\n|-weather|Sandstorm|[upkeep]\n|-damage|p2a: Raikou|192/278|[from] Sandstorm\n|-heal|p2a: Raikou|209/278|[from] item: Leftovers\n|-heal|p1a: Tyranitar|226/288 brn|[from] item: Leftovers\n|-damage|p1a: Tyranitar|208/288 brn|[from] brn\n|upkeep\n|turn|3\n|\n|t:|1733914442\n|switch|p2a: Mightyena|Mightyena, L95, M|287/287\n|-ability|p2a: Mightyena|Intimidate|boost\n|-unboost|p1a: Tyranitar|atk|1\n|move|p1a: Tyranitar|Dragon Dance|p1a: Tyranitar\n|-boost|p1a: Tyranitar|atk|1\n|-boost|p1a: Tyranitar|spe|1\n|\n|-weather|Sandstorm|[upkeep]\n|-damage|p2a: Mightyena|270/287|[from] Sandstorm\n|-heal|p1a: Tyranitar|226/288 brn|[from] item: Leftovers\n|-damage|p1a: Tyranitar|208/288 brn|[from] brn\n|upkeep\n|turn|4\n|\n|t:|1733914470\n|switch|p1a: Granbull|Granbull, L88, F|302/302\n|-ability|p1a: Granbull|Intimidate|boost\n|-unboost|p2a: Mightyena|atk|1\n|move|p2a: Mightyena|Play Rough|p1a: Granbull\n|-damage|p1a: Granbull|243/302\n|\n|-weather|Sandstorm|[upkeep]\n|-damage|p2a: Mightyena|253/287|[from] Sandstorm\n|-damage|p1a: Granbull|225/302|[from] Sandstorm\n|-heal|p1a: Granbull|243/302|[from] item: Leftovers\n|upkeep\n|turn|5\n|\n|t:|1733914486\n|move|p2a: Mightyena|Poison Fang|p1a: Granbull\n|-supereffective|p1a: Granbull\n|-damage|p1a: Granbull|187/302\n|-status|p1a: Granbull|tox\n|move|p1a: Granbull|Earthquake|p2a: Mightyena\n|-damage|p2a: Mightyena|150/287\n|\n|-weather|none\n|-heal|p1a: Granbull|205/302 tox|[from] item: Leftovers\n|-damage|p1a: Granbull|187/302 tox|[from] psn\n|upkeep\n|turn|6\n|\n|t:|1733914496\n|switch|p2a: Skuntank|Skuntank, L84, F|310/310\n|move|p1a: Granbull|Play Rough|p2a: Skuntank\n|-damage|p2a: Skuntank|171/310\n|\n|-heal|p1a: Granbull|205/302 tox|[from] item: Leftovers\n|-damage|p1a: Granbull|169/302 tox|[from] psn\n|upkeep\n|turn|7\n|\n|t:|1733914506\n|switch|p1a: Tyranitar|Tyranitar, L79, M|208/288 brn\n|-weather|Sandstorm|[from] ability: Sand Stream|[of] p1a: Tyranitar\n|move|p2a: Skuntank|Gunk Shot|p1a: Tyranitar\n|-resisted|p1a: Tyranitar\n|-crit|p1a: Tyranitar\n|-damage|p1a: Tyranitar|103/288 brn\n|-damage|p2a: Skuntank|140/310|[from] item: Life Orb\n|\n|-weather|Sandstorm|[upkeep]\n|-damage|p2a: Skuntank|121/310|[from] Sandstorm\n|-heal|p1a: Tyranitar|121/288 brn|[from] item: Leftovers\n|-damage|p1a: Tyranitar|103/288 brn|[from] brn\n|upkeep\n|turn|8\n|\n|t:|1733914524\n|switch|p2a: Mightyena|Mightyena, L95, M|150/287\n|-ability|p2a: Mightyena|Intimidate|boost\n|-unboost|p1a: Tyranitar|atk|1\n|switch|p1a: Granbull|Granbull, L88, F|169/302 tox\n|-ability|p1a: Granbull|Intimidate|boost\n|-unboost|p2a: Mightyena|atk|1\n|\n|-weather|Sandstorm|[upkeep]\n|-damage|p2a: Mightyena|133/287|[from] Sandstorm\n|-damage|p1a: Granbull|151/302 tox|[from] Sandstorm\n|-heal|p1a: Granbull|169/302 tox|[from] item: Leftovers\n|-damage|p1a: Granbull|151/302 tox|[from] psn\n|upkeep\n|turn|9\n|inactive|Battle timer is ON: inactive players will automatically lose when time's up. (requested by Walteroi)\n|\n|t:|1733914531\n|move|p2a: Mightyena|Poison Fang|p1a: Granbull\n|-supereffective|p1a: Granbull\n|-damage|p1a: Granbull|89/302 tox\n|move|p1a: Granbull|Play Rough|p2a: Mightyena\n|-supereffective|p2a: Mightyena\n|-damage|p2a: Mightyena|0 fnt\n|faint|p2a: Mightyena\n|\n|-weather|Sandstorm|[upkeep]\n|-damage|p1a: Granbull|71/302 tox|[from] Sandstorm\n|-heal|p1a: Granbull|89/302 tox|[from] item: Leftovers\n|-damage|p1a: Granbull|53/302 tox|[from] psn\n|upkeep\n|\n|t:|1733914540\n|switch|p2a: Milotic|Milotic, L83, M|293/293\n|turn|10\n|\n|t:|1733914543\n|move|p2a: Milotic|Scald|p1a: Granbull\n|-damage|p1a: Granbull|0 fnt\n|faint|p1a: Granbull\n|\n|-weather|Sandstorm|[upkeep]\n|-damage|p2a: Milotic|275/293|[from] Sandstorm\n|-heal|p2a: Milotic|293/293|[from] item: Leftovers\n|upkeep\n|\n|t:|1733914568\n|switch|p1a: Sylveon|Sylveon, L85, M|300/300\n|turn|11\n|\n|t:|1733914588\n|switch|p2a: Skuntank|Skuntank, L84, F|121/310\n|move|p1a: Sylveon|Calm Mind|p1a: Sylveon\n|-boost|p1a: Sylveon|spa|1\n|-boost|p1a: Sylveon|spd|1\n|\n|-weather|none\n|upkeep\n|turn|12\n|\n|t:|1733914606\n|switch|p1a: Tyranitar|Tyranitar, L79, M|103/288 brn\n|-weather|Sandstorm|[from] ability: Sand Stream|[of] p1a: Tyranitar\n|move|p2a: Skuntank|Knock Off|p1a: Tyranitar\n|-resisted|p1a: Tyranitar\n|-damage|p1a: Tyranitar|50/288 brn\n|-enditem|p1a: Tyranitar|Leftovers|[from] move: Knock Off|[of] p2a: Skuntank\n|-damage|p2a: Skuntank|90/310|[from] item: Life Orb\n|\n|-weather|Sandstorm|[upkeep]\n|-damage|p2a: Skuntank|71/310|[from] Sandstorm\n|-damage|p1a: Tyranitar|32/288 brn|[from] brn\n|upkeep\n|turn|13\n|\n|t:|1733914618\n|switch|p2a: Milotic|Milotic, L83, M|293/293\n|move|p1a: Tyranitar|Earthquake|p2a: Milotic\n|-damage|p2a: Milotic|247/293\n|\n|-weather|Sandstorm|[upkeep]\n|-damage|p2a: Milotic|229/293|[from] Sandstorm\n|-heal|p2a: Milotic|247/293|[from] item: Leftovers\n|-damage|p1a: Tyranitar|14/288 brn|[from] brn\n|upkeep\n|turn|14\n|\n|t:|1733914631\n|switch|p1a: Swanna|Swanna, L88, F|275/275\n|move|p2a: Milotic|Scald|p1a: Swanna\n|-resisted|p1a: Swanna\n|-damage|p1a: Swanna|226/275\n|-status|p1a: Swanna|brn\n|\n|-weather|Sandstorm|[upkeep]\n|-damage|p1a: Swanna|209/275 brn|[from] Sandstorm\n|-damage|p2a: Milotic|229/293|[from] Sandstorm\n|-heal|p2a: Milotic|247/293|[from] item: Leftovers\n|-damage|p1a: Swanna|192/275 brn|[from] brn\n|upkeep\n|turn|15\n|\n|t:|1733914654\n|move|p1a: Swanna|Roost|p1a: Swanna\n|-heal|p1a: Swanna|275/275 brn\n|-singleturn|p1a: Swanna|move: Roost\n|move|p2a: Milotic|Dragon Tail|p1a: Swanna\n|-damage|p1a: Swanna|238/275 brn\n|drag|p1a: Tyranitar|Tyranitar, L79, M|14/288 brn\n|\n|-weather|Sandstorm|[upkeep]\n|-damage|p2a: Milotic|229/293|[from] Sandstorm\n|-heal|p2a: Milotic|247/293|[from] item: Leftovers\n|-damage|p1a: Tyranitar|0 fnt|[from] brn\n|faint|p1a: Tyranitar\n|upkeep\n|\n|t:|1733914670\n|switch|p1a: Sylveon|Sylveon, L85, M|300/300\n|turn|16\n|\n|t:|1733914676\n|switch|p2a: Lycanroc|Lycanroc-Midnight, L89, M|296/296\n|move|p1a: Sylveon|Calm Mind|p1a: Sylveon\n|-boost|p1a: Sylveon|spa|1\n|-boost|p1a: Sylveon|spd|1\n|\n|-weather|none\n|upkeep\n|turn|17\n|\n|t:|1733914705\n|move|p2a: Lycanroc|Stone Edge|p1a: Sylveon\n|-damage|p1a: Sylveon|86/300\n|-damage|p2a: Lycanroc|267/296|[from] item: Life Orb\n|move|p1a: Sylveon|Wish|p1a: Sylveon\n|\n|-heal|p1a: Sylveon|104/300|[from] item: Leftovers\n|upkeep\n|turn|18\n|inactive|Walteroi has 120 seconds left.\n|\n|t:|1733914750\n|move|p1a: Sylveon|Protect|p1a: Sylveon\n|-singleturn|p1a: Sylveon|Protect\n|move|p2a: Lycanroc|Stone Edge|p1a: Sylveon\n|-activate|p1a: Sylveon|move: Protect\n|\n|-heal|p1a: Sylveon|254/300|[from] move: Wish|[wisher] Sylveon\n|-heal|p1a: Sylveon|272/300|[from] item: Leftovers\n|upkeep\n|turn|19\n|\n|t:|1733914756\n|-terastallize|p1a: Sylveon|Steel\n|move|p2a: Lycanroc|Stone Edge|p1a: Sylveon\n|-resisted|p1a: Sylveon\n|-crit|p1a: Sylveon\n|-damage|p1a: Sylveon|113/300\n|-damage|p2a: Lycanroc|238/296|[from] item: Life Orb\n|move|p1a: Sylveon|Hyper Voice|p2a: Lycanroc\n|-damage|p2a: Lycanroc|37/296\n|\n|-heal|p1a: Sylveon|131/300|[from] item: Leftovers\n|upkeep\n|turn|20\n|\n|t:|1733914763\n|move|p1a: Sylveon|Protect|p1a: Sylveon\n|-singleturn|p1a: Sylveon|Protect\n|move|p2a: Lycanroc|Close Combat|p1a: Sylveon\n|-activate|p1a: Sylveon|move: Protect\n|\n|-heal|p1a: Sylveon|149/300|[from] item: Leftovers\n|upkeep\n|turn|21\n|\n|t:|1733914767\n|switch|p1a: Swanna|Swanna, L88, F|238/275 brn\n|move|p2a: Lycanroc|Stone Edge|p1a: Swanna\n|-supereffective|p1a: Swanna\n|-damage|p1a: Swanna|0 fnt\n|faint|p1a: Swanna\n|-damage|p2a: Lycanroc|8/296|[from] item: Life Orb\n|\n|upkeep\n|\n|t:|1733914784\n|switch|p1a: Lokix|Lokix, L82, F|251/251\n|turn|22\n|\n|t:|1733914787\n|switch|p2a: Skuntank|Skuntank, L84, F|71/310\n|move|p1a: Lokix|Sucker Punch||[still]\n|-fail|p1a: Lokix\n|\n|upkeep\n|turn|23\n|\n|t:|1733914796\n|move|p1a: Lokix|Knock Off|p2a: Skuntank\n|-resisted|p2a: Skuntank\n|-damage|p2a: Skuntank|0 fnt\n|-damage|p1a: Lokix|189/251|[from] ability: Aftermath|[of] p2a: Skuntank\n|-enditem|p2a: Skuntank|Life Orb|[from] move: Knock Off|[of] p1a: Lokix\n|faint|p2a: Skuntank\n|-damage|p1a: Lokix|164/251|[from] item: Life Orb\n|\n|upkeep\n|\n|t:|1733914817\n|switch|p2a: Vikavolt|Vikavolt, L83, F|263/263\n|turn|24\n|\n|t:|1733914829\n|move|p1a: Lokix|Leech Life|p2a: Vikavolt\n|-damage|p2a: Vikavolt|145/263\n|-heal|p1a: Lokix|223/251|[from] drain|[of] p2a: Vikavolt\n|-damage|p1a: Lokix|198/251|[from] item: Life Orb\n|move|p2a: Vikavolt|Volt Switch|p1a: Lokix\n|-damage|p1a: Lokix|47/251\n|\n|t:|1733914833\n|switch|p2a: Raikou|Raikou, L81|209/278|[from] Volt Switch\n|-ability|p2a: Raikou|Pressure\n|\n|-heal|p2a: Raikou|226/278|[from] item: Leftovers\n|upkeep\n|turn|25\n|\n|t:|1733914839\n|move|p2a: Raikou|Thunderbolt|p1a: Lokix\n|-damage|p1a: Lokix|0 fnt\n|faint|p1a: Lokix\n|\n|-heal|p2a: Raikou|243/278|[from] item: Leftovers\n|upkeep\n|\n|t:|1733914846\n|switch|p1a: Sylveon|Sylveon, L85, M, tera:Steel|149/300\n|turn|26\n|\n|t:|1733914853\n|switch|p2a: Vikavolt|Vikavolt, L83, F|145/263\n|move|p1a: Sylveon|Wish|p1a: Sylveon\n|\n|-heal|p1a: Sylveon|167/300|[from] item: Leftovers\n|upkeep\n|turn|27\n|\n|t:|1733914858\n|switch|p2a: Lycanroc|Lycanroc-Midnight, L89, M|8/296\n|move|p1a: Sylveon|Calm Mind|p1a: Sylveon\n|-boost|p1a: Sylveon|spa|1\n|-boost|p1a: Sylveon|spd|1\n|\n|-heal|p1a: Sylveon|300/300|[from] move: Wish|[wisher] Sylveon\n|upkeep\n|turn|28\n|\n|t:|1733914863\n|move|p2a: Lycanroc|Close Combat|p1a: Sylveon\n|-supereffective|p1a: Sylveon\n|-damage|p1a: Sylveon|0 fnt\n|-unboost|p2a: Lycanroc|def|1\n|-unboost|p2a: Lycanroc|spd|1\n|faint|p1a: Sylveon\n|-damage|p2a: Lycanroc|0 fnt|[from] item: Life Orb\n|faint|p2a: Lycanroc\n|\n|upkeep\n|\n|t:|1733914867\n|switch|p2a: Vikavolt|Vikavolt, L83, F|145/263\n|switch|p1a: Arcanine|Arcanine-Hisui, L80, M|283/283\n|turn|29\n|\n|t:|1733914872\n|move|p1a: Arcanine|Head Smash|p2a: Vikavolt\n|-supereffective|p2a: Vikavolt\n|-damage|p2a: Vikavolt|0 fnt\n|faint|p2a: Vikavolt\n|\n|upkeep\n|\n|t:|1733914876\n|switch|p2a: Raikou|Raikou, L81|243/278\n|-ability|p2a: Raikou|Pressure\n|turn|30\n|\n|t:|1733914880\n|-terastallize|p2a: Raikou|Water\n|move|p2a: Raikou|Scald|p1a: Arcanine\n|-supereffective|p1a: Arcanine\n|-damage|p1a: Arcanine|0 fnt\n|faint|p1a: Arcanine\n|\n|win|Walteroi\n|raw|midomidori's rating: 1602 &rarr; <strong>1579</strong><br />(-23 for losing)\n|raw|Walteroi's rating: 1548 &rarr; <strong>1571</strong><br />(+23 for winning)\n", "inputlog": ">version bfd83cad13791eb5a5a409923076391caf6fb4d4\n>start {\"formatid\":\"gen9randombattle\",\"seed\":[52656,21086,46925,12166],\"rated\":\"Rated battle\"}\n>player p1 {\"name\":\"midomidori\",\"avatar\":\"169\",\"rating\":1602,\"seed\":[24531,64579,41420,11766]}\n>player p2 {\"name\":\"Walteroi\",\"avatar\":\"266\",\"rating\":1548,\"seed\":[15911,65128,63707,54214]}\n>p1 switch 5\n>p2 move substitute\n>p1 move earthquake\n>p2 move scald\n>p1 move dragondance\n>p2 switch 4\n>p1 switch 4\n>p2 move playrough\n>p1 move earthquake\n>p2 move poisonfang\n>p1 move playrough\n>p2 switch 3\n>p1 switch 4\n>p2 move gunkshot\n>p1 switch 4\n>p2 switch 3\n>p1 move playrough\n>p2 move poisonfang\n>p2 switch 5\n>p1 move thunderwave\n>p2 move scald\n>p1 switch 2\n>p1 move calmmind\n>p2 switch 3\n>p1 switch 4\n>p2 move knockoff\n>p1 move earthquake\n>p2 switch 3\n>p1 switch 5\n>p2 move scald\n>p1 move roost\n>p2 move dragontail\n>p1 switch 4\n>p1 move calmmind\n>p2 switch 2\n>p1 move wish\n>p2 move stoneedge\n>p1 move protect\n>p2 move stoneedge\n>p1 move hypervoice terastallize\n>p2 move stoneedge\n>p1 move protect\n>p2 move closecombat\n>p1 switch 5\n>p2 move stoneedge\n>p1 switch 3\n>p1 move suckerpunch\n>p2 switch 3\n>p1 move knockoff\n>p2 move gunkshot\n>p2 switch 6\n>p1 move leechlife\n>p2 move voltswitch\n>p2 switch 4\n>p1 move knockoff\n>p2 move thunderbolt\n>p1 switch 5\n>p1 move wish\n>p2 switch 4\n>p1 move calmmind\n>p2 switch 3\n>p1 move wish\n>p2 move closecombat\n>p1 switch 6\n>p2 switch 3\n>p1 move headsmash\n>p2 move discharge\n>p2 switch 4\n>p1 move headsmash\n>p2 move scald terastallize", "uploadtime": 1733914889, "views": 1, "formatid": "gen9randombattle", "rating": 1571, "private": 0, "password": null}