{"id": "gen9randombattle-2260513989", "format": "[Gen 9] Random Battle", "players": ["Reeballpoint", "sesebseesb"], "log": "|j|\u2606Reeballpoint\n|j|\u2606sesebseesb\n|t:|1733858939\n|gametype|singles\n|player|p1|Reeballpoint|265|1000\n|player|p2|sesebseesb|266|1000\n|teamsize|p1|6\n|teamsize|p2|6\n|gen|9\n|tier|[Gen 9] Random Battle\n|rated|\n|rule|Species Clause: Limit one of each Pok\u00e9mon\n|rule|HP Percentage Mod: HP is shown in percentages\n|rule|Sleep Clause Mod: Limit one foe put to sleep\n|rule|Illusion Level Mod: Illusion disguises the Pok\u00e9mon's true level\n|\n|t:|1733858939\n|start\n|switch|p1a: Floatzel|Floatzel, L85, M|283/283\n|switch|p2a: Kricketune|Kricketune, L99, M|311/311\n|turn|1\n|inactive|Battle timer is ON: inactive players will automatically lose when time's up. (requested by sesebseesb)\n|inactive|Reeballpoint has 120 seconds left.\n|inactive|Reeballpoint has 90 seconds left.\n|\n|t:|1733859151\n|move|p1a: Floatzel|Taunt|p2a: Kricketune\n|-start|p2a: Kricketune|move: Taunt\n|move|p2a: Kricketune|Pounce|p1a: Floatzel\n|-damage|p1a: Floatzel|156/283\n|-unboost|p1a: Floatzel|spe|1\n|\n|-heal|p1a: Floatzel|173/283|[from] item: Leftovers\n|upkeep\n|turn|2\n|inactive|Reeballpoint has 120 seconds left.\n|\n|t:|1733859166\n|switch|p1a: Zapdos|Zapdos, L78|268/268\n|move|p2a: Kricketune|Knock Off|p1a: Zapdos\n|-damage|p1a: Zapdos|170/268\n|-status|p2a: Kricketune|par|[from] ability: Static|[of] p1a: Zapdos\n|-enditem|p1a: Zapdos|Heavy-Duty Boots|[from] move: Knock Off|[of] p2a: Kricketune\n|\n|upkeep\n|turn|3\n|inactive|Reeballpoint has 120 seconds left.\n|\n|t:|1733859180\n|switch|p2a: Ditto|Ditto, L87|225/225\n|-transform|p2a: Ditto|p1a: Zapdos|[from] ability: Imposter\n|move|p1a: Zapdos|Roost|p1a: Zapdos\n|-heal|p1a: Zapdos|268/268\n|-singleturn|p1a: Zapdos|move: Roost\n|\n|upkeep\n|turn|4\n|inactive|Reeballpoint has 120 seconds left.\n|\n|t:|1733859198\n|move|p2a: Ditto|U-turn|p1a: Zapdos\n|-resisted|p1a: Zapdos\n|-damage|p1a: Zapdos|243/268\n|\n|t:|1733859201\n|switch|p2a: Flareon|Flareon, L90, M|263/263|[from] U-turn\n|move|p1a: Zapdos|Discharge|p2a: Flareon\n|-damage|p2a: Flareon|188/263\n|-status|p2a: Flareon|par\n|\n|upkeep\n|turn|5\n|inactive|Reeballpoint has 120 seconds left.\n|\n|t:|1733859219\n|move|p1a: Zapdos|Discharge|p2a: Flareon\n|-damage|p2a: Flareon|121/263 par\n|move|p2a: Flareon|Facade|p1a: Zapdos\n|-damage|p1a: Zapdos|12/268\n|\n|upkeep\n|turn|6\n|\n|t:|1733859228\n|move|p2a: Flareon|Quick Attack|p1a: Zapdos\n|-damage|p1a: Zapdos|0 fnt\n|faint|p1a: Zapdos\n|\n|upkeep\n|\n|t:|1733859235\n|switch|p1a: Floatzel|Floatzel, L85, M|173/283\n|turn|7\n|\n|t:|1733859250\n|cant|p2a: Flareon|par\n|move|p1a: Floatzel|Bulk Up|p1a: Floatzel\n|-boost|p1a: Floatzel|atk|1\n|-boost|p1a: Floatzel|def|1\n|\n|-heal|p1a: Floatzel|190/283|[from] item: Leftovers\n|upkeep\n|turn|8\n|\n|t:|1733859260\n|move|p2a: Flareon|Quick Attack|p1a: Floatzel\n|-crit|p1a: Floatzel\n|-damage|p1a: Floatzel|54/283\n|move|p1a: Floatzel|Wave Crash|p2a: Flareon\n|-supereffective|p2a: Flareon\n|-damage|p2a: Flareon|0 fnt\n|faint|p2a: Flareon\n|-damage|p1a: Floatzel|14/283|[from] Recoil\n|\n|-heal|p1a: Floatzel|31/283|[from] item: Leftovers\n|upkeep\n|\n|t:|1733859265\n|switch|p2a: Ditto|Ditto, L87|225/225\n|-transform|p2a: Ditto|p1a: Floatzel|[from] ability: Imposter\n|turn|9\n|\n|t:|1733859281\n|move|p2a: Ditto|Wave Crash|p1a: Floatzel\n|-resisted|p1a: Floatzel\n|-damage|p1a: Floatzel|0 fnt\n|faint|p1a: Floatzel\n|-damage|p2a: Ditto|215/225|[from] Recoil\n|\n|upkeep\n|\n|t:|1733859292\n|switch|p1a: Barraskewda|Barraskewda, L81, M|231/231\n|turn|10\n|\n|t:|1733859302\n|move|p2a: Ditto|Wave Crash|p1a: Barraskewda\n|-resisted|p1a: Barraskewda\n|-damage|p1a: Barraskewda|87/231\n|-damage|p2a: Ditto|167/225|[from] Recoil\n|move|p1a: Barraskewda|Psychic Fangs|p2a: Ditto\n|-damage|p2a: Ditto|78/225\n|\n|upkeep\n|turn|11\n|-message|Reeballpoint forfeited.\n|\n|win|sesebseesb\n|raw|Reeballpoint's rating: 1000 &rarr; <strong>1000</strong><br />(+0 for losing)\n|raw|sesebseesb's rating: 1040 &rarr; <strong>1070</strong><br />(+30 for winning)\n|l|\u2606Reeballpoint\n|player|p1|\n", "inputlog": ">version bfd83cad13791eb5a5a409923076391caf6fb4d4\n>start {\"formatid\":\"gen9randombattle\",\"seed\":[37455,5077,13557,20050],\"rated\":\"Rated battle\"}\n>player p1 {\"name\":\"Reeballpoint\",\"avatar\":\"265\",\"rating\":1000,\"seed\":[37365,15491,38095,52297]}\n>player p2 {\"name\":\"sesebseesb\",\"avatar\":\"266\",\"rating\":1000,\"seed\":[24706,62215,46336,51836]}\n>p1 move taunt\n>p2 move pounce\n>p1 switch 5\n>p2 move knockoff\n>p1 move roost\n>p2 switch 6\n>p1 move discharge\n>p2 move uturn\n>p2 switch 2\n>p1 move discharge\n>p2 move facade\n>p1 move discharge\n>p2 move quickattack\n>p1 switch 5\n>p1 move bulkup\n>p2 move quickattack\n>p1 move wavecrash\n>p2 move quickattack\n>p2 switch 2\n>p1 move wavecrash\n>p2 move wavecrash\n>p1 switch 6\n>p1 move psychicfangs\n>p2 move wavecrash\n>forcelose p1", "uploadtime": 1733859350, "views": 1, "formatid": "gen9randombattle", "rating": 1000, "private": 0, "password": null}