{"id": "gen9randombattle-2260615251", "format": "[Gen 9] Random Battle", "players": ["ghostdto", "Chocolat_Gelatto"], "log": "|j|\u2606ghostdto\n|j|\u2606Chocolat_Gelatto\n|t:|1733869558\n|gametype|singles\n|player|p1|ghostdto|blue|1315\n|player|p2|Chocolat_Gelatto|lady-gen4|1342\n|teamsize|p1|6\n|teamsize|p2|6\n|gen|9\n|tier|[Gen 9] Random Battle\n|rated|\n|rule|Species Clause: Limit one of each Pok\u00e9mon\n|rule|HP Percentage Mod: HP is shown in percentages\n|rule|Sleep Clause Mod: Limit one foe put to sleep\n|rule|Illusion Level Mod: Illusion disguises the Pok\u00e9mon's true level\n|\n|t:|1733869558\n|start\n|switch|p1a: Skeledirge|Skeledirge, L79, M|294/294\n|switch|p2a: Gogoat|Gogoat, L88, F|360/360\n|turn|1\n|inactive|Battle timer is ON: inactive players will automatically lose when time's up. (requested by ghostdto)\n|\n|t:|1733869582\n|move|p2a: Gogoat|Earthquake|p1a: Skeledirge\n|-supereffective|p1a: Skeledirge\n|-damage|p1a: Skeledirge|130/294\n|move|p1a: Skeledirge|Torch Song|p2a: Gogoat\n|-supereffective|p2a: Gogoat\n|-damage|p2a: Gogoat|202/360\n|-boost|p1a: Skeledirge|spa|1\n|\n|-heal|p2a: Gogoat|224/360|[from] item: Leftovers\n|upkeep\n|turn|2\n|\n|t:|1733869601\n|-terastallize|p1a: Skeledirge|Water\n|move|p2a: Gogoat|Earthquake|p1a: Skeledirge\n|-damage|p1a: Skeledirge|53/294\n|move|p1a: Skeledirge|Slack Off|p1a: Skeledirge\n|-heal|p1a: Skeledirge|200/294\n|\n|-heal|p2a: Gogoat|246/360|[from] item: Leftovers\n|upkeep\n|turn|3\n|\n|t:|1733869612\n|move|p2a: Gogoat|Horn Leech|p1a: Skeledirge\n|-supereffective|p1a: Skeledirge\n|-damage|p1a: Skeledirge|36/294\n|-heal|p2a: Gogoat|328/360|[from] drain|[of] p1a: Skeledirge\n|move|p1a: Skeledirge|Torch Song|p2a: Gogoat\n|-supereffective|p2a: Gogoat\n|-damage|p2a: Gogoat|88/360\n|-boost|p1a: Skeledirge|spa|1\n|\n|-heal|p2a: Gogoat|110/360|[from] item: Leftovers\n|upkeep\n|turn|4\n|\n|t:|1733869623\n|move|p2a: Gogoat|Horn Leech|p1a: Skeledirge\n|-supereffective|p1a: Skeledirge\n|-damage|p1a: Skeledirge|0 fnt\n|-heal|p2a: Gogoat|128/360|[from] drain|[of] p1a: Skeledirge\n|faint|p1a: Skeledirge\n|\n|-heal|p2a: Gogoat|150/360|[from] item: Leftovers\n|upkeep\n|\n|t:|1733869633\n|switch|p1a: Bombirdier|Bombirdier, L85, M|258/258\n|turn|5\n|\n|t:|1733869643\n|switch|p2a: Sandslash|Sandslash-Alola, L88, M|275/275\n|move|p1a: Bombirdier|Brave Bird|p2a: Sandslash\n|-resisted|p2a: Sandslash\n|-damage|p2a: Sandslash|227/275\n|-damage|p1a: Bombirdier|242/258|[from] Recoil\n|\n|upkeep\n|turn|6\n|\n|t:|1733869652\n|move|p1a: Bombirdier|Knock Off|p2a: Sandslash\n|-damage|p2a: Sandslash|142/275\n|-enditem|p2a: Sandslash|Life Orb|[from] move: Knock Off|[of] p1a: Bombirdier\n|move|p2a: Sandslash|Swords Dance|p2a: Sandslash\n|-boost|p2a: Sandslash|atk|2\n|\n|upkeep\n|turn|7\n|\n|t:|1733869662\n|move|p1a: Bombirdier|Knock Off|p2a: Sandslash\n|-damage|p2a: Sandslash|87/275\n|move|p2a: Sandslash|Triple Axel|p1a: Bombirdier\n|-supereffective|p1a: Bombirdier\n|-crit|p1a: Bombirdier\n|-damage|p1a: Bombirdier|96/258\n|-supereffective|p1a: Bombirdier\n|-damage|p1a: Bombirdier|0 fnt\n|faint|p1a: Bombirdier\n|-hitcount|p1: Bombirdier|2\n|\n|upkeep\n|\n|t:|1733869672\n|switch|p1a: Regieleki|Regieleki, L79|256/256\n|turn|8\n|\n|t:|1733869683\n|-terastallize|p2a: Sandslash|Ground\n|move|p1a: Regieleki|Thunderbolt|p2a: Sandslash\n|-immune|p2a: Sandslash\n|move|p2a: Sandslash|Earthquake|p1a: Regieleki\n|-supereffective|p1a: Regieleki\n|-damage|p1a: Regieleki|0 fnt\n|faint|p1a: Regieleki\n|\n|upkeep\n|\n|t:|1733869690\n|switch|p1a: Iron Thorns|Iron Thorns, L83|302/302\n|-enditem|p1a: Iron Thorns|Booster Energy\n|-activate|p1a: Iron Thorns|ability: Quark Drive|[fromitem]\n|-start|p1a: Iron Thorns|quarkdriveatk\n|turn|9\n|\n|t:|1733869695\n|move|p1a: Iron Thorns|Earthquake|p2a: Sandslash\n|-damage|p2a: Sandslash|3/275\n|move|p2a: Sandslash|Earthquake|p1a: Iron Thorns\n|-supereffective|p1a: Iron Thorns\n|-damage|p1a: Iron Thorns|0 fnt\n|faint|p1a: Iron Thorns\n|-end|p1a: Iron Thorns|Quark Drive|[silent]\n|\n|upkeep\n|\n|t:|1733869701\n|switch|p1a: Dodrio|Dodrio, L86, M|243/243\n|turn|10\n|\n|t:|1733869705\n|move|p1a: Dodrio|Drill Run|p2a: Sandslash\n|-damage|p2a: Sandslash|0 fnt\n|faint|p2a: Sandslash\n|\n|upkeep\n|\n|t:|1733869711\n|switch|p2a: Magcargo|Magcargo, L95, F|268/268\n|turn|11\n|\n|t:|1733869724\n|move|p1a: Dodrio|Swords Dance|p1a: Dodrio\n|-boost|p1a: Dodrio|atk|2\n|move|p2a: Magcargo|Power Gem|p1a: Dodrio\n|-supereffective|p1a: Dodrio\n|-damage|p1a: Dodrio|0 fnt\n|faint|p1a: Dodrio\n|\n|upkeep\n|\n|t:|1733869726\n|switch|p1a: Grimmsnarl|Grimmsnarl, L83, M|293/293\n|turn|12\n|\n|t:|1733869735\n|move|p1a: Grimmsnarl|Parting Shot|p2a: Magcargo\n|-unboost|p2a: Magcargo|atk|1\n|-unboost|p2a: Magcargo|spa|1\n|move|p2a: Magcargo|Shell Smash|p2a: Magcargo\n|-unboost|p2a: Magcargo|def|1\n|-unboost|p2a: Magcargo|spd|1\n|-boost|p2a: Magcargo|atk|2\n|-boost|p2a: Magcargo|spa|2\n|-boost|p2a: Magcargo|spe|2\n|\n|upkeep\n|turn|13\n|\n|t:|1733869750\n|move|p1a: Grimmsnarl|Parting Shot|p2a: Magcargo\n|-unboost|p2a: Magcargo|atk|1\n|-unboost|p2a: Magcargo|spa|1\n|move|p2a: Magcargo|Fire Blast|p1a: Grimmsnarl\n|-damage|p1a: Grimmsnarl|122/293\n|-status|p1a: Grimmsnarl|brn\n|\n|-heal|p1a: Grimmsnarl|140/293 brn|[from] item: Leftovers\n|-damage|p1a: Grimmsnarl|122/293 brn|[from] brn\n|upkeep\n|turn|14\n|\n|t:|1733869760\n|move|p2a: Magcargo|Earth Power|p1a: Grimmsnarl\n|-damage|p1a: Grimmsnarl|39/293 brn\n|move|p1a: Grimmsnarl|Spirit Break|p2a: Magcargo\n|-resisted|p2a: Magcargo\n|-damage|p2a: Magcargo|243/268\n|-unboost|p2a: Magcargo|spa|1\n|-ability|p2a: Magcargo|Weak Armor|boost\n|-unboost|p2a: Magcargo|def|1\n|-boost|p2a: Magcargo|spe|2\n|\n|-heal|p1a: Grimmsnarl|57/293 brn|[from] item: Leftovers\n|-damage|p1a: Grimmsnarl|39/293 brn|[from] brn\n|upkeep\n|turn|15\n|\n|t:|1733869773\n|move|p1a: Grimmsnarl|Parting Shot|p2a: Magcargo\n|-unboost|p2a: Magcargo|atk|1\n|-unboost|p2a: Magcargo|spa|1\n|move|p2a: Magcargo|Earth Power|p1a: Grimmsnarl\n|-damage|p1a: Grimmsnarl|0 fnt\n|faint|p1a: Grimmsnarl\n|\n|win|Chocolat_Gelatto\n|raw|ghostdto's rating: 1315 &rarr; <strong>1297</strong><br />(-18 for losing)\n|raw|Chocolat_Gelatto's rating: 1342 &rarr; <strong>1360</strong><br />(+18 for winning)\n|c|\u2606Chocolat_Gelatto|gg\n|l|\u2606ghostdto\n|player|p1|\n", "inputlog": ">version bfd83cad13791eb5a5a409923076391caf6fb4d4\n>start {\"formatid\":\"gen9randombattle\",\"seed\":[59351,19234,60454,44620],\"rated\":\"Rated battle\"}\n>player p1 {\"name\":\"ghostdto\",\"avatar\":\"blue\",\"rating\":1315,\"seed\":[35053,60307,38183,64878]}\n>player p2 {\"name\":\"Chocolat_Gelatto\",\"avatar\":\"lady-gen4\",\"rating\":1342,\"seed\":[24644,37035,7675,3381]}\n>p1 move torchsong\n>p2 move earthquake\n>p1 move slackoff terastallize\n>p2 move earthquake\n>p1 move torchsong\n>p2 move hornleech\n>p1 move slackoff\n>p2 move hornleech\n>p1 switch 5\n>p1 move bravebird\n>p2 switch 2\n>p1 move knockoff\n>p2 move swordsdance\n>p1 move knockoff\n>p2 move tripleaxel\n>p1 switch 2\n>p1 move thunderbolt\n>p2 move earthquake terastallize\n>p1 switch 6\n>p1 move earthquake\n>p2 move earthquake\n>p1 switch 3\n>p1 move drillrun\n>p2 move tripleaxel\n>p2 switch 3\n>p1 move swordsdance\n>p2 move powergem\n>p1 switch 4\n>p1 move partingshot\n>p2 move shellsmash\n>p1 move partingshot\n>p2 move fireblast\n>p1 move spiritbreak\n>p2 move earthpower\n>p1 move partingshot\n>p2 move earthpower", "uploadtime": 1733869782, "views": 2, "formatid": "gen9randombattle", "rating": 1297, "private": 0, "password": null}