{"id": "gen9randombattle-2259898529", "format": "[Gen 9] Random Battle", "players": ["elnezu16", "Pidgeon667"], "log": "|j|\u2606elnezu16\n|j|\u2606Pidgeon667\n|t:|1733777761\n|gametype|singles\n|player|p1|elnezu16|lucas|1486\n|player|p2|Pidgeon667|youngster-gen4dp|1476\n|teamsize|p1|6\n|teamsize|p2|6\n|gen|9\n|tier|[Gen 9] Random Battle\n|rated|\n|rule|Species Clause: Limit one of each Pok\u00e9mon\n|rule|HP Percentage Mod: HP is shown in percentages\n|rule|Sleep Clause Mod: Limit one foe put to sleep\n|rule|Illusion Level Mod: Illusion disguises the Pok\u00e9mon's true level\n|\n|t:|1733777761\n|start\n|switch|p1a: Volbeat|Volbeat, L90, M|263/263\n|switch|p2a: Mabosstiff|Mabosstiff, L86, M|278/278\n|turn|1\n|inactive|Battle timer is ON: inactive players will automatically lose when time's up. (requested by elnezu16)\n|\n|t:|1733777782\n|move|p1a: Volbeat|U-turn|p2a: Mabosstiff\n|-supereffective|p2a: Mabosstiff\n|-damage|p2a: Mabosstiff|150/278\n|\n|t:|1733777792\n|switch|p1a: Overqwil|Overqwil, L82, M|274/274|[from] U-turn\n|-ability|p1a: Overqwil|Intimidate|boost\n|-unboost|p2a: Mabosstiff|atk|1\n|move|p2a: Mabosstiff|Crunch|p1a: Overqwil\n|-resisted|p1a: Overqwil\n|-damage|p1a: Overqwil|169/274\n|\n|upkeep\n|turn|2\n|\n|t:|1733777813\n|switch|p2a: Hoopa|Hoopa-Unbound, L80|259/259\n|move|p1a: Overqwil|Swords Dance|p1a: Overqwil\n|-boost|p1a: Overqwil|atk|2\n|\n|upkeep\n|turn|3\n|inactive|Pidgeon667 has 120 seconds left.\n|\n|t:|1733777842\n|move|p1a: Overqwil|Scale Shot|p2a: Hoopa\n|-damage|p2a: Hoopa|203/259\n|-damage|p2a: Hoopa|152/259\n|-damage|p2a: Hoopa|97/259\n|-damage|p2a: Hoopa|44/259\n|-hitcount|p2a: Hoopa|4\n|-unboost|p1a: Overqwil|def|1\n|-boost|p1a: Overqwil|spe|1\n|move|p2a: Hoopa|Focus Blast|p1a: Overqwil\n|-damage|p1a: Overqwil|25/274\n|\n|upkeep\n|turn|4\n|inactive|Pidgeon667 has 120 seconds left.\n|\n|t:|1733777855\n|move|p1a: Overqwil|Scale Shot|p2a: Hoopa|[miss]\n|-miss|p1a: Overqwil|p2a: Hoopa\n|move|p2a: Hoopa|Gunk Shot|p1a: Overqwil\n|-resisted|p1a: Overqwil\n|-damage|p1a: Overqwil|0 fnt\n|faint|p1a: Overqwil\n|\n|upkeep\n|\n|t:|1733777868\n|switch|p1a: Volbeat|Volbeat, L90, M|263/263\n|turn|5\n|\n|t:|1733777877\n|move|p1a: Volbeat|U-turn|p2a: Hoopa\n|-supereffective|p2a: Hoopa\n|-damage|p2a: Hoopa|0 fnt\n|faint|p2a: Hoopa\n|\n|t:|1733777895\n|switch|p1a: Slither Wing|Slither Wing, L81|270/270|[from] U-turn\n|-enditem|p1a: Slither Wing|Booster Energy\n|-activate|p1a: Slither Wing|ability: Protosynthesis|[fromitem]\n|-start|p1a: Slither Wing|protosynthesisatk\n|\n|upkeep\n|\n|t:|1733777904\n|switch|p2a: Dragonite|Dragonite, L74, M|257/257\n|turn|6\n|\n|t:|1733777916\n|-end|p1a: Slither Wing|Protosynthesis|[silent]\n|switch|p1a: Volbeat|Volbeat, L90, M|263/263\n|move|p2a: Dragonite|Dragon Dance|p2a: Dragonite\n|-boost|p2a: Dragonite|atk|1\n|-boost|p2a: Dragonite|spe|1\n|\n|upkeep\n|turn|7\n|\n|t:|1733777922\n|move|p1a: Volbeat|Encore|p2a: Dragonite\n|-start|p2a: Dragonite|Encore\n|move|p2a: Dragonite|Dragon Dance|p2a: Dragonite\n|-boost|p2a: Dragonite|atk|1\n|-boost|p2a: Dragonite|spe|1\n|\n|upkeep\n|turn|8\n|\n|t:|1733777947\n|move|p2a: Dragonite|Dragon Dance|p2a: Dragonite\n|-boost|p2a: Dragonite|atk|1\n|-boost|p2a: Dragonite|spe|1\n|move|p1a: Volbeat|U-turn|p2a: Dragonite\n|-resisted|p2a: Dragonite\n|-damage|p2a: Dragonite|238/257\n|\n|t:|1733777953\n|switch|p1a: Excadrill|Excadrill, L79, M|303/303|[from] U-turn\n|-ability|p1a: Excadrill|Mold Breaker\n|\n|upkeep\n|turn|9\n|\n|t:|1733777958\n|move|p2a: Dragonite|Dragon Dance|p2a: Dragonite\n|-boost|p2a: Dragonite|atk|1\n|-boost|p2a: Dragonite|spe|1\n|move|p1a: Excadrill|Rock Slide|p2a: Dragonite\n|-supereffective|p2a: Dragonite\n|-damage|p2a: Dragonite|104/257\n|\n|-end|p2a: Dragonite|Encore\n|upkeep\n|turn|10\n|\n|t:|1733777965\n|move|p2a: Dragonite|Earthquake|p1a: Excadrill\n|-supereffective|p1a: Excadrill\n|-damage|p1a: Excadrill|0 fnt\n|faint|p1a: Excadrill\n|\n|upkeep\n|\n|t:|1733777967\n|switch|p1a: Volbeat|Volbeat, L90, M|263/263\n|turn|11\n|\n|t:|1733777979\n|move|p1a: Volbeat|Thunder Wave|p2a: Dragonite\n|-status|p2a: Dragonite|par\n|cant|p2a: Dragonite|par\n|\n|upkeep\n|turn|12\n|\n|t:|1733777990\n|move|p2a: Dragonite|Earthquake|p1a: Volbeat\n|-resisted|p1a: Volbeat\n|-damage|p1a: Volbeat|149/263\n|move|p1a: Volbeat|U-turn|p2a: Dragonite\n|-resisted|p2a: Dragonite\n|-damage|p2a: Dragonite|70/257 par\n|\n|t:|1733777995\n|switch|p1a: Slither Wing|Slither Wing, L81|270/270|[from] U-turn\n|\n|upkeep\n|turn|13\n|\n|t:|1733778003\n|move|p2a: Dragonite|Outrage|p1a: Slither Wing\n|-damage|p1a: Slither Wing|0 fnt\n|faint|p1a: Slither Wing\n|-end|p1a: Slither Wing|Protosynthesis|[silent]\n|\n|upkeep\n|\n|t:|1733778009\n|switch|p1a: Haxorus|Haxorus, L77, F|244/244\n|-ability|p1a: Haxorus|Mold Breaker\n|turn|14\n|\n|t:|1733778015\n|-terastallize|p1a: Haxorus|Steel\n|cant|p2a: Dragonite|par\n|move|p1a: Haxorus|Iron Head|p2a: Dragonite\n|-damage|p2a: Dragonite|0 fnt\n|faint|p2a: Dragonite\n|\n|upkeep\n|\n|t:|1733778028\n|switch|p2a: Komala|Komala, L89, F|260/260\n|-ability|p2a: Komala|Comatose\n|turn|15\n|\n|t:|1733778053\n|switch|p1a: Volbeat|Volbeat, L90, M|149/263\n|-terastallize|p2a: Komala|Fighting\n|move|p2a: Komala|Superpower|p1a: Volbeat\n|-resisted|p1a: Volbeat\n|-damage|p1a: Volbeat|61/263\n|-unboost|p2a: Komala|atk|1\n|-unboost|p2a: Komala|def|1\n|\n|upkeep\n|turn|16\n|\n|t:|1733778065\n|move|p1a: Volbeat|Roost|p1a: Volbeat\n|-heal|p1a: Volbeat|193/263\n|-singleturn|p1a: Volbeat|move: Roost\n|move|p2a: Komala|Superpower|p1a: Volbeat\n|-resisted|p1a: Volbeat\n|-damage|p1a: Volbeat|139/263\n|-unboost|p2a: Komala|atk|1\n|-unboost|p2a: Komala|def|1\n|\n|upkeep\n|turn|17\n|\n|t:|1733778076\n|switch|p2a: Oinkologne|Oinkologne-F, L92, F|361/361\n|move|p1a: Volbeat|U-turn|p2a: Oinkologne\n|-damage|p2a: Oinkologne|292/361\n|\n|t:|1733778083\n|switch|p1a: Delphox|Delphox, L84, M|263/263|[from] U-turn\n|\n|-heal|p2a: Oinkologne|314/361|[from] item: Leftovers\n|upkeep\n|turn|18\n|\n|t:|1733778102\n|move|p1a: Delphox|Nasty Plot|p1a: Delphox\n|-boost|p1a: Delphox|spa|2\n|move|p2a: Oinkologne|Lash Out|p1a: Delphox\n|-supereffective|p1a: Delphox\n|-damage|p1a: Delphox|117/263\n|\n|-heal|p2a: Oinkologne|336/361|[from] item: Leftovers\n|upkeep\n|turn|19\n|\n|t:|1733778113\n|move|p1a: Delphox|Psyshock|p2a: Oinkologne\n|-damage|p2a: Oinkologne|132/361\n|move|p2a: Oinkologne|Lash Out|p1a: Delphox\n|-supereffective|p1a: Delphox\n|-damage|p1a: Delphox|0 fnt\n|faint|p1a: Delphox\n|\n|-heal|p2a: Oinkologne|154/361|[from] item: Leftovers\n|upkeep\n|\n|t:|1733778117\n|switch|p1a: Volbeat|Volbeat, L90, M|139/263\n|turn|20\n|\n|t:|1733778132\n|move|p1a: Volbeat|Encore|p2a: Oinkologne\n|-start|p2a: Oinkologne|Encore\n|move|p2a: Oinkologne|Lash Out|p1a: Volbeat\n|-damage|p1a: Volbeat|78/263\n|\n|-heal|p2a: Oinkologne|176/361|[from] item: Leftovers\n|upkeep\n|turn|21\n|\n|t:|1733778145\n|move|p1a: Volbeat|U-turn|p2a: Oinkologne\n|-damage|p2a: Oinkologne|98/361\n|\n|t:|1733778146\n|switch|p1a: Haxorus|Haxorus, L77, F, tera:Steel|244/244|[from] U-turn\n|-ability|p1a: Haxorus|Mold Breaker\n|move|p2a: Oinkologne|Lash Out|p1a: Haxorus\n|-damage|p1a: Haxorus|186/244\n|\n|-heal|p2a: Oinkologne|120/361|[from] item: Leftovers\n|upkeep\n|turn|22\n|\n|t:|1733778156\n|move|p1a: Haxorus|Dragon Dance|p1a: Haxorus\n|-boost|p1a: Haxorus|atk|1\n|-boost|p1a: Haxorus|spe|1\n|move|p2a: Oinkologne|Lash Out|p1a: Haxorus\n|-damage|p1a: Haxorus|117/244\n|\n|-heal|p2a: Oinkologne|142/361|[from] item: Leftovers\n|-end|p2a: Oinkologne|Encore\n|upkeep\n|turn|23\n|\n|t:|1733778165\n|move|p1a: Haxorus|Iron Head|p2a: Oinkologne\n|-damage|p2a: Oinkologne|0 fnt\n|faint|p2a: Oinkologne\n|\n|upkeep\n|\n|t:|1733778178\n|switch|p2a: Komala|Komala, L89, F, tera:Fighting|260/260\n|-ability|p2a: Komala|Comatose\n|turn|24\n|\n|t:|1733778184\n|move|p1a: Haxorus|Iron Head|p2a: Komala\n|-damage|p2a: Komala|74/260\n|move|p2a: Komala|Superpower|p1a: Haxorus\n|-supereffective|p1a: Haxorus\n|-crit|p1a: Haxorus\n|-damage|p1a: Haxorus|0 fnt\n|-unboost|p2a: Komala|atk|1\n|-unboost|p2a: Komala|def|1\n|faint|p1a: Haxorus\n|\n|upkeep\n|\n|t:|1733778188\n|switch|p1a: Volbeat|Volbeat, L90, M|78/263\n|turn|25\n|\n|t:|1733778195\n|move|p1a: Volbeat|Roost|p1a: Volbeat\n|-heal|p1a: Volbeat|210/263\n|-singleturn|p1a: Volbeat|move: Roost\n|move|p2a: Komala|Superpower|p1a: Volbeat\n|-resisted|p1a: Volbeat\n|-damage|p1a: Volbeat|148/263\n|-unboost|p2a: Komala|atk|1\n|-unboost|p2a: Komala|def|1\n|\n|upkeep\n|turn|26\n|\n|t:|1733778201\n|move|p2a: Komala|Superpower|p1a: Volbeat\n|-resisted|p1a: Volbeat\n|-damage|p1a: Volbeat|106/263\n|-unboost|p2a: Komala|atk|1\n|-unboost|p2a: Komala|def|1\n|move|p1a: Volbeat|U-turn|p2a: Komala\n|-resisted|p2a: Komala\n|-damage|p2a: Komala|0 fnt\n|faint|p2a: Komala\n|\n|upkeep\n|\n|t:|1733778213\n|switch|p2a: Raichu|Raichu, L88, F|249/249\n|turn|27\n|inactive|elnezu16 has 120 seconds left.\n|\n|t:|1733778259\n|move|p1a: Volbeat|Roost|p1a: Volbeat\n|-heal|p1a: Volbeat|238/263\n|-singleturn|p1a: Volbeat|move: Roost\n|move|p2a: Raichu|Nasty Plot|p2a: Raichu\n|-boost|p2a: Raichu|spa|2\n|\n|upkeep\n|turn|28\n|inactive|Pidgeon667 has 120 seconds left.\n|inactive|Pidgeon667 has 90 seconds left.\n|\n|t:|1733778315\n|move|p1a: Volbeat|Encore|p2a: Raichu\n|-start|p2a: Raichu|Encore\n|move|p2a: Raichu|Nasty Plot|p2a: Raichu\n|-boost|p2a: Raichu|spa|2\n|\n|upkeep\n|turn|29\n|\n|t:|1733778317\n|move|p2a: Raichu|Nasty Plot|p2a: Raichu\n|-boost|p2a: Raichu|spa|2\n|move|p1a: Volbeat|U-turn|p2a: Raichu\n|-damage|p2a: Raichu|147/249\n|\n|upkeep\n|turn|30\n|\n|t:|1733778319\n|move|p2a: Raichu|Nasty Plot|p2a: Raichu\n|-boost|p2a: Raichu|spa|0\n|move|p1a: Volbeat|U-turn|p2a: Raichu\n|-damage|p2a: Raichu|51/249\n|\n|-end|p2a: Raichu|Encore\n|upkeep\n|turn|31\n|\n|t:|1733778321\n|move|p1a: Volbeat|Encore|p2a: Raichu\n|-start|p2a: Raichu|Encore\n|move|p2a: Raichu|Nasty Plot|p2a: Raichu\n|-boost|p2a: Raichu|spa|0\n|\n|upkeep\n|turn|32\n|\n|t:|1733778322\n|move|p2a: Raichu|Nasty Plot|p2a: Raichu\n|-boost|p2a: Raichu|spa|0\n|move|p1a: Volbeat|U-turn|p2a: Raichu\n|-damage|p2a: Raichu|0 fnt\n|faint|p2a: Raichu\n|\n|upkeep\n|\n|t:|1733778328\n|switch|p2a: Mabosstiff|Mabosstiff, L86, M|150/278\n|turn|33\n|\n|t:|1733778336\n|move|p1a: Volbeat|U-turn|p2a: Mabosstiff\n|-supereffective|p2a: Mabosstiff\n|-damage|p2a: Mabosstiff|12/278\n|move|p2a: Mabosstiff|Crunch|p1a: Volbeat\n|-damage|p1a: Volbeat|81/263\n|\n|upkeep\n|turn|34\n|\n|t:|1733778341\n|move|p1a: Volbeat|U-turn|p2a: Mabosstiff\n|-supereffective|p2a: Mabosstiff\n|-damage|p2a: Mabosstiff|0 fnt\n|faint|p2a: Mabosstiff\n|\n|win|elnezu16\n|raw|elnezu16's rating: 1486 &rarr; <strong>1505</strong><br />(+19 for winning)\n|raw|Pidgeon667's rating: 1476 &rarr; <strong>1457</strong><br />(-19 for losing)\n", "inputlog": ">version bfd83cad13791eb5a5a409923076391caf6fb4d4\n>start {\"formatid\":\"gen9randombattle\",\"seed\":[22843,40019,26574,1891],\"rated\":\"Rated battle\"}\n>player p1 {\"name\":\"elnezu16\",\"avatar\":\"lucas\",\"rating\":1486,\"seed\":[41705,16651,34907,23638]}\n>player p2 {\"name\":\"Pidgeon667\",\"avatar\":\"youngster-gen4dp\",\"rating\":1476,\"seed\":[50595,65349,24550,37043]}\n>p1 move uturn\n>p2 move crunch\n>p1 switch 5\n>p1 move swordsdance\n>p2 switch 6\n>p1 move scaleshot\n>p2 move focusblast\n>p1 move scaleshot\n>p2 move gunkshot\n>p1 switch 5\n>p1 move uturn\n>p2 move hyperspacefury\n>p1 switch 6\n>p2 switch 2\n>p1 switch 6\n>p2 move dragondance\n>p1 move encore\n>p2 move dragondance\n>p1 move uturn\n>p2 move dragondance\n>p1 switch 3\n>p1 move rockslide\n>p2 move dragondance\n>p1 move rockslide\n>p2 move earthquake\n>p1 switch 3\n>p1 move thunderwave\n>p2 move earthquake\n>p1 move uturn\n>p2 move earthquake\n>p1 switch 6\n>p1 move wildcharge\n>p2 move outrage\n>p1 switch 2\n>p1 move ironhead terastallize\n>p2 move outrage\n>p2 switch 4\n>p1 switch 6\n>p2 move superpower terastallize\n>p1 move roost\n>p2 move superpower\n>p1 move uturn\n>p2 switch 3\n>p1 switch 4\n>p1 move nastyplot\n>p2 move lashout\n>p1 move psyshock\n>p2 move lashout\n>p1 switch 4\n>p1 move encore\n>p2 move doubleedge\n>p1 move uturn\n>p2 move lashout\n>p1 switch 6\n>p1 move dragondance\n>p2 move lashout\n>p1 move ironhead\n>p2 move highhorsepower\n>p2 switch 3\n>p1 move ironhead\n>p2 move superpower\n>p1 switch 6\n>p1 move roost\n>p2 move superpower\n>p1 move uturn\n>p2 move superpower\n>p2 switch 5\n>p1 move roost\n>p2 move nastyplot\n>p1 move encore\n>p2 move terablast\n>p1 move uturn\n>p2 move nastyplot\n>p1 move uturn\n>p2 move nastyplot\n>p1 move encore\n>p2 move nastyplot\n>p1 move uturn\n>p2 move nastyplot\n>p2 switch 6\n>p1 move uturn\n>p2 move crunch\n>p1 move uturn\n>p2 move crunch", "uploadtime": 1733778343, "views": 1, "formatid": "gen9randombattle", "rating": 1457, "private": 0, "password": null}