{"id": "gen9randombattle-2254388815", "format": "[Gen 9] Random Battle", "players": ["Yusei1789", "doodoofarts"], "log": "|j|\u2606Yusei1789\n|j|\u2606doodoofarts\n|t:|1733029156\n|gametype|singles\n|player|p1|Yusei1789|1|2243\n|player|p2|doodoofarts|101|2259\n|teamsize|p1|6\n|teamsize|p2|6\n|gen|9\n|tier|[Gen 9] Random Battle\n|rated|\n|rule|Species Clause: Limit one of each Pok\u00e9mon\n|rule|HP Percentage Mod: HP is shown in percentages\n|rule|Sleep Clause Mod: Limit one foe put to sleep\n|rule|Illusion Level Mod: Illusion disguises the Pok\u00e9mon's true level\n|\n|t:|1733029156\n|start\n|switch|p1a: Magmortar|Magmortar, L88, M|275/275\n|switch|p2a: Delphox|Delphox, L84, M|263/263\n|turn|1\n|inactive|Battle timer is ON: inactive players will automatically lose when time's up. (requested by Yusei1789)\n|\n|t:|1733029178\n|move|p2a: Delphox|Nasty Plot|p2a: Delphox\n|-boost|p2a: Delphox|spa|2\n|move|p1a: Magmortar|Knock Off|p2a: Delphox\n|-supereffective|p2a: Delphox\n|-damage|p2a: Delphox|75/263\n|-enditem|p2a: Delphox|Heavy-Duty Boots|[from] move: Knock Off|[of] p1a: Magmortar\n|\n|upkeep\n|turn|2\n|\n|t:|1733029187\n|move|p2a: Delphox|Psyshock|p1a: Magmortar\n|-damage|p1a: Magmortar|35/275\n|move|p1a: Magmortar|Knock Off|p2a: Delphox\n|-supereffective|p2a: Delphox\n|-damage|p2a: Delphox|0 fnt\n|faint|p2a: Delphox\n|\n|upkeep\n|\n|t:|1733029196\n|switch|p2a: Hitmonlee|Hitmonlee, L85, M|224/224\n|turn|3\n|\n|t:|1733029204\n|move|p2a: Hitmonlee|Close Combat|p1a: Magmortar\n|-damage|p1a: Magmortar|0 fnt\n|-unboost|p2a: Hitmonlee|def|1\n|-unboost|p2a: Hitmonlee|spd|1\n|-status|p2a: Hitmonlee|brn|[from] ability: Flame Body|[of] p1a: Magmortar\n|-enditem|p2a: Hitmonlee|White Herb\n|-clearnegativeboost|p2a: Hitmonlee|[silent]\n|faint|p1a: Magmortar\n|\n|-damage|p2a: Hitmonlee|210/224 brn|[from] brn\n|upkeep\n|\n|t:|1733029228\n|switch|p1a: Toucannon|Toucannon, L88, M|284/284\n|turn|4\n|\n|t:|1733029231\n|-singleturn|p1a: Toucannon|move: Beak Blast\n|move|p2a: Hitmonlee|Poison Jab|p1a: Toucannon\n|-damage|p1a: Toucannon|243/284\n|move|p1a: Toucannon|Beak Blast|p2a: Hitmonlee\n|-supereffective|p2a: Hitmonlee\n|-damage|p2a: Hitmonlee|0 fnt\n|faint|p2a: Hitmonlee\n|\n|upkeep\n|\n|t:|1733029235\n|switch|p2a: Skarmory|Skarmory, L80, M|235/235\n|turn|5\n|\n|t:|1733029247\n|move|p2a: Skarmory|Spikes|p1a: Toucannon\n|-sidestart|p1: Yusei1789|Spikes\n|move|p1a: Toucannon|U-turn|p2a: Skarmory\n|-resisted|p2a: Skarmory\n|-damage|p2a: Skarmory|224/235\n|-damage|p1a: Toucannon|196/284|[from] item: Rocky Helmet|[of] p2a: Skarmory\n|j| ugccff\n|\n|t:|1733029268\n|switch|p1a: Regice|Regice, L88|284/284|[from] U-turn\n|\n|upkeep\n|turn|6\n|\n|t:|1733029280\n|-terastallize|p2a: Skarmory|Fighting\n|move|p2a: Skarmory|Body Press|p1a: Regice\n|-supereffective|p1a: Regice\n|-damage|p1a: Regice|92/284\n|move|p1a: Regice|Thunderbolt|p2a: Skarmory\n|-damage|p2a: Skarmory|137/235\n|\n|upkeep\n|turn|7\n|\n|t:|1733029291\n|move|p2a: Skarmory|Body Press|p1a: Regice\n|-supereffective|p1a: Regice\n|-damage|p1a: Regice|0 fnt\n|faint|p1a: Regice\n|\n|upkeep\n|\n|t:|1733029296\n|switch|p1a: Toucannon|Toucannon, L88, M|196/284\n|turn|8\n|\n|t:|1733029299\n|-singleturn|p1a: Toucannon|move: Beak Blast\n|move|p2a: Skarmory|Body Press|p1a: Toucannon\n|-damage|p1a: Toucannon|88/284\n|-status|p2a: Skarmory|brn\n|move|p1a: Toucannon|Beak Blast|p2a: Skarmory\n|-supereffective|p2a: Skarmory\n|-damage|p2a: Skarmory|0 fnt\n|faint|p2a: Skarmory\n|\n|upkeep\n|\n|t:|1733029303\n|switch|p2a: Florges|Florges, L85, F|271/271\n|turn|9\n|\n|t:|1733029327\n|-terastallize|p1a: Toucannon|Steel\n|move|p2a: Florges|Moonblast|p1a: Toucannon\n|-resisted|p1a: Toucannon\n|-damage|p1a: Toucannon|24/284\n|move|p1a: Toucannon|Roost|p1a: Toucannon\n|-heal|p1a: Toucannon|166/284\n|\n|upkeep\n|turn|10\n|\n|t:|1733029337\n|move|p2a: Florges|Calm Mind|p2a: Florges\n|-boost|p2a: Florges|spa|1\n|-boost|p2a: Florges|spd|1\n|move|p1a: Toucannon|Roost|p1a: Toucannon\n|-heal|p1a: Toucannon|284/284\n|\n|upkeep\n|turn|11\n|\n|t:|1733029340\n|-singleturn|p1a: Toucannon|move: Beak Blast\n|move|p2a: Florges|Calm Mind|p2a: Florges\n|-boost|p2a: Florges|spa|1\n|-boost|p2a: Florges|spd|1\n|move|p1a: Toucannon|Beak Blast|p2a: Florges\n|-damage|p2a: Florges|117/271\n|\n|-heal|p2a: Florges|133/271|[from] item: Leftovers\n|upkeep\n|turn|12\n|\n|t:|1733029348\n|-singleturn|p1a: Toucannon|move: Beak Blast\n|move|p2a: Florges|Protect|p2a: Florges\n|-singleturn|p2a: Florges|Protect\n|move|p1a: Toucannon|Beak Blast|p2a: Florges\n|-activate|p2a: Florges|move: Protect\n|\n|-heal|p2a: Florges|149/271|[from] item: Leftovers\n|upkeep\n|turn|13\n|\n|t:|1733029353\n|-singleturn|p1a: Toucannon|move: Beak Blast\n|move|p2a: Florges|Moonblast|p1a: Toucannon\n|-resisted|p1a: Toucannon\n|-damage|p1a: Toucannon|153/284\n|move|p1a: Toucannon|Beak Blast|p2a: Florges\n|-damage|p2a: Florges|0 fnt\n|faint|p2a: Florges\n|\n|upkeep\n|\n|t:|1733029357\n|switch|p2a: Kingdra|Kingdra, L84, F|263/263\n|turn|14\n|\n|t:|1733029365\n|-singleturn|p1a: Toucannon|move: Beak Blast\n|move|p2a: Kingdra|Dragon Dance|p2a: Kingdra\n|-boost|p2a: Kingdra|atk|1\n|-boost|p2a: Kingdra|spe|1\n|move|p1a: Toucannon|Beak Blast|p2a: Kingdra\n|-damage|p2a: Kingdra|139/263\n|\n|upkeep\n|turn|15\n|\n|t:|1733029374\n|-singleturn|p1a: Toucannon|move: Beak Blast\n|move|p2a: Kingdra|Wave Crash|p1a: Toucannon\n|-damage|p1a: Toucannon|0 fnt\n|-status|p2a: Kingdra|brn\n|-enditem|p2a: Kingdra|Lum Berry|[eat]\n|-curestatus|p2a: Kingdra|brn|[msg]\n|faint|p1a: Toucannon\n|-damage|p2a: Kingdra|89/263|[from] Recoil\n|\n|upkeep\n|\n|t:|1733029389\n|switch|p1a: Crawdaunt|Crawdaunt, L84, F|243/243\n|-damage|p1a: Crawdaunt|213/243|[from] Spikes\n|turn|16\n|\n|t:|1733029393\n|move|p2a: Kingdra|Outrage|p1a: Crawdaunt\n|-damage|p1a: Crawdaunt|18/243\n|move|p1a: Crawdaunt|Knock Off|p2a: Kingdra\n|-damage|p2a: Kingdra|0 fnt\n|faint|p2a: Kingdra\n|\n|upkeep\n|\n|t:|1733029397\n|switch|p2a: Frosmoth|Frosmoth, L82, F|249/249\n|turn|17\n|\n|t:|1733029402\n|move|p2a: Frosmoth|Bug Buzz|p1a: Crawdaunt\n|-supereffective|p1a: Crawdaunt\n|-damage|p1a: Crawdaunt|0 fnt\n|faint|p1a: Crawdaunt\n|\n|upkeep\n|\n|t:|1733029409\n|switch|p1a: Diancie|Diancie, L82|216/216\n|-damage|p1a: Diancie|189/216|[from] Spikes\n|turn|18\n|\n|t:|1733029413\n|move|p2a: Frosmoth|Quiver Dance|p2a: Frosmoth\n|-boost|p2a: Frosmoth|spa|1\n|-boost|p2a: Frosmoth|spd|1\n|-boost|p2a: Frosmoth|spe|1\n|move|p1a: Diancie|Diamond Storm|p2a: Frosmoth\n|-supereffective|p2a: Frosmoth\n|-damage|p2a: Frosmoth|0 fnt\n|faint|p2a: Frosmoth\n|\n|win|Yusei1789\n|raw|Yusei1789's rating: 2243 &rarr; <strong>2264</strong><br />(+21 for winning)\n|raw|doodoofarts's rating: 2259 &rarr; <strong>2238</strong><br />(-21 for losing)\n|l|\u2606doodoofarts\n|player|p2|\n", "inputlog": ">version b107d77f5c90bd6555267ae244a6264823309ead\n>start {\"formatid\":\"gen9randombattle\",\"seed\":[13534,10823,35912,20727],\"rated\":\"Rated battle\"}\n>player p1 {\"name\":\"Yusei1789\",\"avatar\":\"1\",\"rating\":2243,\"seed\":[54477,19379,46833,28791]}\n>player p2 {\"name\":\"doodoofarts\",\"avatar\":\"101\",\"rating\":2259,\"seed\":[57404,60401,1312,9916]}\n>p1 move knockoff\n>p2 move nastyplot\n>p1 move knockoff\n>p2 move psyshock\n>p2 switch 6\n>p1 move fireblast\n>p2 move closecombat\n>p1 switch 3\n>p1 move beakblast\n>p2 move poisonjab\n>p2 switch 3\n>p1 move uturn\n>p2 move spikes\n>p1 switch 5\n>p1 move thunderbolt\n>p2 move bodypress terastallize\n>p1 move icebeam\n>p2 move bodypress\n>p1 switch 5\n>p1 move beakblast\n>p2 move bodypress\n>p2 switch 5\n>p1 move roost terastallize\n>p2 move moonblast\n>p1 move roost\n>p2 move calmmind\n>p1 move beakblast\n>p2 move calmmind\n>p1 move beakblast\n>p2 move protect\n>p1 move beakblast\n>p2 move moonblast\n>p2 switch 2\n>p1 move beakblast\n>p2 move dragondance\n>p1 move beakblast\n>p2 move wavecrash\n>p1 switch 2\n>p1 move knockoff\n>p2 move outrage\n>p2 switch 4\n>p1 move knockoff\n>p2 move bugbuzz\n>p1 switch 6\n>p1 move diamondstorm\n>p2 move quiverdance", "uploadtime": 1733029422, "views": 28, "formatid": "gen9randombattle", "rating": 2238, "private": 0, "password": null}