{"id": "gen9randombattle-2260385630", "format": "[Gen 9] Random Battle", "players": ["AegisR3flector", "fastspring"], "log": "|j|\u2606AegisR3flector\n|j|\u2606fastspring\n|t:|1733846456\n|gametype|singles\n|player|p1|AegisR3flector|calem-masters|1746\n|player|p2|fastspring|1|1720\n|teamsize|p1|6\n|teamsize|p2|6\n|gen|9\n|tier|[Gen 9] Random Battle\n|rated|\n|rule|Species Clause: Limit one of each Pok\u00e9mon\n|rule|HP Percentage Mod: HP is shown in percentages\n|rule|Sleep Clause Mod: Limit one foe put to sleep\n|rule|Illusion Level Mod: Illusion disguises the Pok\u00e9mon's true level\n|\n|t:|1733846456\n|start\n|switch|p1a: Oricorio|Oricorio-Pa'u, L87, M|272/272\n|switch|p2a: Slowbro|Slowbro-Galar, L87, M|307/307\n|turn|1\n|inactive|Battle timer is ON: inactive players will automatically lose when time's up. (requested by AegisR3flector)\n|\n|t:|1733846484\n|switch|p1a: Goodra|Goodra-Hisui, L82, F|265/265\n|move|p2a: Slowbro|Trick Room|p2a: Slowbro\n|-fieldstart|move: Trick Room|[of] p2a: Slowbro\n|\n|upkeep\n|turn|2\n|\n|t:|1733846499\n|move|p2a: Slowbro|Fire Blast|p1a: Goodra\n|-damage|p1a: Goodra|214/265\n|-damage|p2a: Slowbro|277/307|[from] item: Life Orb\n|move|p1a: Goodra|Heavy Slam|p2a: Slowbro\n|-damage|p2a: Slowbro|181/307\n|\n|upkeep\n|turn|3\n|\n|t:|1733846523\n|switch|p2a: Wyrdeer|Wyrdeer, L87, F|321/321\n|-ability|p2a: Wyrdeer|Intimidate|boost\n|-unboost|p1a: Goodra|atk|1\n|move|p1a: Goodra|Heavy Slam|p2a: Wyrdeer\n|-damage|p2a: Wyrdeer|261/321\n|\n|upkeep\n|turn|4\n|\n|t:|1733846529\n|move|p1a: Goodra|Draco Meteor|p2a: Wyrdeer\n|-damage|p2a: Wyrdeer|158/321\n|-unboost|p1a: Goodra|spa|2\n|move|p2a: Wyrdeer|Earthquake|p1a: Goodra\n|-supereffective|p1a: Goodra\n|-damage|p1a: Goodra|52/265\n|\n|upkeep\n|turn|5\n|\n|t:|1733846538\n|move|p1a: Goodra|Heavy Slam|p2a: Wyrdeer\n|-damage|p2a: Wyrdeer|95/321\n|move|p2a: Wyrdeer|Earthquake|p1a: Goodra\n|-supereffective|p1a: Goodra\n|-damage|p1a: Goodra|0 fnt\n|faint|p1a: Goodra\n|\n|-fieldend|move: Trick Room\n|upkeep\n|\n|t:|1733846565\n|switch|p1a: Incineroar|Incineroar, L82, M|290/290\n|-ability|p1a: Incineroar|Intimidate|boost\n|-unboost|p2a: Wyrdeer|atk|1\n|turn|6\n|\n|t:|1733846586\n|switch|p2a: Coalossal|Coalossal, L89, M|341/341\n|switch|p1a: Misdreavus|Misdreavus, L90, F|254/254\n|\n|upkeep\n|turn|7\n|\n|t:|1733846595\n|move|p1a: Misdreavus|Calm Mind|p1a: Misdreavus\n|-boost|p1a: Misdreavus|spa|1\n|-boost|p1a: Misdreavus|spd|1\n|move|p2a: Coalossal|Stone Edge|p1a: Misdreavus\n|-damage|p1a: Misdreavus|164/254\n|\n|upkeep\n|turn|8\n|\n|t:|1733846605\n|move|p1a: Misdreavus|Shadow Ball|p2a: Coalossal\n|-damage|p2a: Coalossal|212/341\n|move|p2a: Coalossal|Stone Edge|p1a: Misdreavus\n|-damage|p1a: Misdreavus|73/254\n|\n|upkeep\n|turn|9\n|\n|t:|1733846613\n|switch|p1a: Wo-Chien|Wo-Chien, L83|277/277\n|-ability|p1a: Wo-Chien|Tablets of Ruin\n|move|p2a: Coalossal|Stone Edge|p1a: Wo-Chien\n|-damage|p1a: Wo-Chien|201/277\n|\n|-heal|p1a: Wo-Chien|218/277|[from] item: Leftovers\n|upkeep\n|turn|10\n|\n|t:|1733846621\n|move|p1a: Wo-Chien|Stun Spore|p2a: Coalossal\n|-status|p2a: Coalossal|par\n|move|p2a: Coalossal|Flamethrower|p1a: Wo-Chien\n|-supereffective|p1a: Wo-Chien\n|-damage|p1a: Wo-Chien|78/277\n|\n|-heal|p1a: Wo-Chien|95/277|[from] item: Leftovers\n|upkeep\n|turn|11\n|\n|t:|1733846626\n|move|p1a: Wo-Chien|Giga Drain|p2a: Coalossal\n|-crit|p2a: Coalossal\n|-damage|p2a: Coalossal|104/341 par\n|-heal|p1a: Wo-Chien|149/277|[from] drain|[of] p2a: Coalossal\n|move|p2a: Coalossal|Flamethrower|p1a: Wo-Chien\n|-supereffective|p1a: Wo-Chien\n|-damage|p1a: Wo-Chien|23/277\n|-status|p1a: Wo-Chien|brn\n|\n|-heal|p1a: Wo-Chien|40/277 brn|[from] item: Leftovers\n|-damage|p1a: Wo-Chien|23/277 brn|[from] brn\n|upkeep\n|turn|12\n|inactive|fastspring has 120 seconds left.\n|\n|t:|1733846663\n|move|p1a: Wo-Chien|Giga Drain|p2a: Coalossal\n|-damage|p2a: Coalossal|37/341 par\n|-heal|p1a: Wo-Chien|57/277 brn|[from] drain|[of] p2a: Coalossal\n|cant|p2a: Coalossal|par\n|\n|-heal|p1a: Wo-Chien|74/277 brn|[from] item: Leftovers\n|-damage|p1a: Wo-Chien|57/277 brn|[from] brn\n|upkeep\n|turn|13\n|\n|t:|1733846666\n|move|p1a: Wo-Chien|Giga Drain|p2a: Coalossal\n|-damage|p2a: Coalossal|0 fnt\n|-heal|p1a: Wo-Chien|76/277 brn|[from] drain|[of] p2a: Coalossal\n|faint|p2a: Coalossal\n|\n|-heal|p1a: Wo-Chien|93/277 brn|[from] item: Leftovers\n|-damage|p1a: Wo-Chien|76/277 brn|[from] brn\n|upkeep\n|\n|t:|1733846674\n|switch|p2a: Froslass|Froslass, L87, F|263/263\n|turn|14\n|\n|t:|1733846683\n|switch|p1a: Incineroar|Incineroar, L82, M|290/290\n|-ability|p1a: Incineroar|Intimidate|boost\n|-unboost|p2a: Froslass|atk|1\n|move|p2a: Froslass|Triple Axel|p1a: Incineroar\n|-resisted|p1a: Incineroar\n|-damage|p1a: Incineroar|283/290\n|-resisted|p1a: Incineroar\n|-damage|p1a: Incineroar|269/290\n|-resisted|p1a: Incineroar\n|-damage|p1a: Incineroar|250/290\n|-hitcount|p1a: Incineroar|3\n|\n|upkeep\n|turn|15\n|inactive|fastspring has 120 seconds left.\n|\n|t:|1733846711\n|switch|p2a: Enamorus|Enamorus-Therian, L83, F|259/259\n|move|p1a: Incineroar|Earthquake|p2a: Enamorus\n|-immune|p2a: Enamorus\n|\n|upkeep\n|turn|16\n|inactive|fastspring has 120 seconds left.\n|\n|t:|1733846723\n|switch|p1a: Oricorio|Oricorio-Pa'u, L87, M|272/272\n|move|p2a: Enamorus|Moonblast|p1a: Oricorio\n|-damage|p1a: Oricorio|112/272\n|\n|upkeep\n|turn|17\n|inactive|fastspring has 120 seconds left.\n|\n|t:|1733846735\n|move|p1a: Oricorio|Quiver Dance|p1a: Oricorio\n|-boost|p1a: Oricorio|spa|1\n|-boost|p1a: Oricorio|spd|1\n|-boost|p1a: Oricorio|spe|1\n|move|p2a: Enamorus|Moonblast|p1a: Oricorio\n|-damage|p1a: Oricorio|19/272\n|\n|upkeep\n|turn|18\n|\n|t:|1733846738\n|move|p1a: Oricorio|Roost|p1a: Oricorio\n|-heal|p1a: Oricorio|155/272\n|-singleturn|p1a: Oricorio|move: Roost\n|move|p2a: Enamorus|Moonblast|p1a: Oricorio\n|-damage|p1a: Oricorio|56/272\n|-unboost|p1a: Oricorio|spa|1\n|\n|upkeep\n|turn|19\n|\n|t:|1733846747\n|move|p1a: Oricorio|Roost|p1a: Oricorio\n|-heal|p1a: Oricorio|192/272\n|-singleturn|p1a: Oricorio|move: Roost\n|move|p2a: Enamorus|Moonblast|p1a: Oricorio\n|-damage|p1a: Oricorio|98/272\n|\n|upkeep\n|turn|20\n|\n|t:|1733846751\n|move|p1a: Oricorio|Quiver Dance|p1a: Oricorio\n|-boost|p1a: Oricorio|spa|1\n|-boost|p1a: Oricorio|spd|1\n|-boost|p1a: Oricorio|spe|1\n|move|p2a: Enamorus|Moonblast|p1a: Oricorio\n|-damage|p1a: Oricorio|23/272\n|-unboost|p1a: Oricorio|spa|1\n|\n|upkeep\n|turn|21\n|\n|t:|1733846754\n|move|p1a: Oricorio|Roost|p1a: Oricorio\n|-heal|p1a: Oricorio|159/272\n|-singleturn|p1a: Oricorio|move: Roost\n|move|p2a: Enamorus|Moonblast|p1a: Oricorio\n|-damage|p1a: Oricorio|87/272\n|-unboost|p1a: Oricorio|spa|1\n|\n|upkeep\n|turn|22\n|\n|t:|1733846757\n|move|p1a: Oricorio|Roost|p1a: Oricorio\n|-heal|p1a: Oricorio|223/272\n|-singleturn|p1a: Oricorio|move: Roost\n|move|p2a: Enamorus|Moonblast|p1a: Oricorio\n|-damage|p1a: Oricorio|147/272\n|\n|upkeep\n|turn|23\n|\n|t:|1733846762\n|move|p1a: Oricorio|Quiver Dance|p1a: Oricorio\n|-boost|p1a: Oricorio|spa|1\n|-boost|p1a: Oricorio|spd|1\n|-boost|p1a: Oricorio|spe|1\n|move|p2a: Enamorus|Moonblast|p1a: Oricorio\n|-damage|p1a: Oricorio|87/272\n|\n|upkeep\n|turn|24\n|\n|t:|1733846784\n|move|p1a: Oricorio|Roost|p1a: Oricorio\n|-heal|p1a: Oricorio|223/272\n|-singleturn|p1a: Oricorio|move: Roost\n|move|p2a: Enamorus|Mystical Fire|p1a: Oricorio\n|-damage|p1a: Oricorio|190/272\n|-unboost|p1a: Oricorio|spa|1\n|\n|upkeep\n|turn|25\n|\n|t:|1733846791\n|move|p1a: Oricorio|Quiver Dance|p1a: Oricorio\n|-boost|p1a: Oricorio|spa|1\n|-boost|p1a: Oricorio|spd|1\n|-boost|p1a: Oricorio|spe|1\n|move|p2a: Enamorus|Mystical Fire|p1a: Oricorio\n|-damage|p1a: Oricorio|164/272\n|-unboost|p1a: Oricorio|spa|1\n|\n|upkeep\n|turn|26\n|\n|t:|1733846793\n|move|p1a: Oricorio|Quiver Dance|p1a: Oricorio\n|-boost|p1a: Oricorio|spa|1\n|-boost|p1a: Oricorio|spd|1\n|-boost|p1a: Oricorio|spe|1\n|move|p2a: Enamorus|Mystical Fire|p1a: Oricorio\n|-damage|p1a: Oricorio|140/272\n|-unboost|p1a: Oricorio|spa|1\n|\n|upkeep\n|turn|27\n|\n|t:|1733846796\n|move|p1a: Oricorio|Quiver Dance|p1a: Oricorio\n|-boost|p1a: Oricorio|spa|1\n|-boost|p1a: Oricorio|spd|1\n|-boost|p1a: Oricorio|spe|1\n|move|p2a: Enamorus|Mystical Fire|p1a: Oricorio\n|-damage|p1a: Oricorio|120/272\n|-unboost|p1a: Oricorio|spa|1\n|\n|upkeep\n|turn|28\n|\n|t:|1733846798\n|move|p1a: Oricorio|Roost|p1a: Oricorio\n|-heal|p1a: Oricorio|256/272\n|-singleturn|p1a: Oricorio|move: Roost\n|move|p2a: Enamorus|Mystical Fire|p1a: Oricorio\n|-damage|p1a: Oricorio|234/272\n|-unboost|p1a: Oricorio|spa|1\n|\n|upkeep\n|turn|29\n|\n|t:|1733846801\n|move|p1a: Oricorio|Quiver Dance|p1a: Oricorio\n|-boost|p1a: Oricorio|spa|1\n|-boost|p1a: Oricorio|spd|0\n|-boost|p1a: Oricorio|spe|0\n|move|p2a: Enamorus|Mystical Fire|p1a: Oricorio\n|-damage|p1a: Oricorio|215/272\n|-unboost|p1a: Oricorio|spa|1\n|\n|upkeep\n|turn|30\n|\n|t:|1733846805\n|move|p1a: Oricorio|Hurricane|p2a: Enamorus\n|-damage|p2a: Enamorus|219/259\n|move|p2a: Enamorus|Mystical Fire|p1a: Oricorio\n|-damage|p1a: Oricorio|195/272\n|-unboost|p1a: Oricorio|spa|1\n|\n|upkeep\n|turn|31\n|\n|t:|1733846816\n|move|p1a: Oricorio|Quiver Dance|p1a: Oricorio\n|-boost|p1a: Oricorio|spa|1\n|-boost|p1a: Oricorio|spd|0\n|-boost|p1a: Oricorio|spe|0\n|move|p2a: Enamorus|Moonblast|p1a: Oricorio\n|-damage|p1a: Oricorio|155/272\n|\n|upkeep\n|turn|32\n|\n|t:|1733846824\n|move|p1a: Oricorio|Hurricane|p2a: Enamorus\n|-damage|p2a: Enamorus|176/259\n|-start|p2a: Enamorus|confusion\n|-activate|p2a: Enamorus|confusion\n|move|p2a: Enamorus|Mystical Fire|p1a: Oricorio\n|-damage|p1a: Oricorio|137/272\n|-unboost|p1a: Oricorio|spa|1\n|\n|upkeep\n|turn|33\n|\n|t:|1733846843\n|move|p1a: Oricorio|Roost|p1a: Oricorio\n|-heal|p1a: Oricorio|272/272\n|-singleturn|p1a: Oricorio|move: Roost\n|-end|p2a: Enamorus|confusion\n|move|p2a: Enamorus|Moonblast|p1a: Oricorio\n|-damage|p1a: Oricorio|232/272\n|\n|upkeep\n|turn|34\n|\n|t:|1733846850\n|move|p1a: Oricorio|Hurricane|p2a: Enamorus|[miss]\n|-miss|p1a: Oricorio|p2a: Enamorus\n|move|p2a: Enamorus|Moonblast|p1a: Oricorio\n|-damage|p1a: Oricorio|193/272\n|\n|upkeep\n|turn|35\n|\n|t:|1733846855\n|move|p1a: Oricorio|Hurricane|p2a: Enamorus|[miss]\n|-miss|p1a: Oricorio|p2a: Enamorus\n|move|p2a: Enamorus|Moonblast|p1a: Oricorio\n|-damage|p1a: Oricorio|153/272\n|\n|upkeep\n|turn|36\n|\n|t:|1733846862\n|move|p1a: Oricorio|Hurricane|p2a: Enamorus\n|-damage|p2a: Enamorus|143/259\n|move|p2a: Enamorus|Moonblast|p1a: Oricorio\n|-damage|p1a: Oricorio|116/272\n|-unboost|p1a: Oricorio|spa|1\n|\n|upkeep\n|turn|37\n|\n|t:|1733846869\n|move|p1a: Oricorio|Quiver Dance|p1a: Oricorio\n|-boost|p1a: Oricorio|spa|1\n|-boost|p1a: Oricorio|spd|0\n|-boost|p1a: Oricorio|spe|0\n|move|p2a: Enamorus|Moonblast|p1a: Oricorio\n|-damage|p1a: Oricorio|77/272\n|\n|upkeep\n|turn|38\n|\n|t:|1733846872\n|move|p1a: Oricorio|Roost|p1a: Oricorio\n|-heal|p1a: Oricorio|213/272\n|-singleturn|p1a: Oricorio|move: Roost\n|move|p2a: Enamorus|Moonblast|p1a: Oricorio\n|-damage|p1a: Oricorio|173/272\n|\n|upkeep\n|turn|39\n|\n|t:|1733846881\n|move|p1a: Oricorio|Revelation Dance|p2a: Enamorus\n|-damage|p2a: Enamorus|118/259\n|move|p2a: Enamorus|Mystical Fire|p1a: Oricorio\n|-damage|p1a: Oricorio|152/272\n|-unboost|p1a: Oricorio|spa|1\n|\n|upkeep\n|turn|40\n|\n|t:|1733846884\n|move|p1a: Oricorio|Revelation Dance|p2a: Enamorus\n|-damage|p2a: Enamorus|99/259\n|move|p2a: Enamorus|Moonblast|p1a: Oricorio\n|-damage|p1a: Oricorio|116/272\n|-unboost|p1a: Oricorio|spa|1\n|\n|upkeep\n|turn|41\n|\n|t:|1733846888\n|move|p1a: Oricorio|Revelation Dance|p2a: Enamorus\n|-damage|p2a: Enamorus|81/259\n|move|p2a: Enamorus|Moonblast|p1a: Oricorio\n|-damage|p1a: Oricorio|77/272\n|\n|upkeep\n|turn|42\n|\n|t:|1733846891\n|move|p1a: Oricorio|Revelation Dance|p2a: Enamorus\n|-damage|p2a: Enamorus|63/259\n|move|p2a: Enamorus|Moonblast|p1a: Oricorio\n|-damage|p1a: Oricorio|40/272\n|\n|upkeep\n|turn|43\n|\n|t:|1733846901\n|move|p1a: Oricorio|Hurricane|p2a: Enamorus|[miss]\n|-miss|p1a: Oricorio|p2a: Enamorus\n|move|p2a: Enamorus|Moonblast|p1a: Oricorio\n|-damage|p1a: Oricorio|3/272\n|\n|upkeep\n|turn|44\n|\n|t:|1733846904\n|move|p1a: Oricorio|Revelation Dance|p2a: Enamorus\n|-damage|p2a: Enamorus|44/259\n|move|p2a: Enamorus|Moonblast|p1a: Oricorio\n|-damage|p1a: Oricorio|0 fnt\n|faint|p1a: Oricorio\n|\n|upkeep\n|\n|t:|1733846909\n|switch|p1a: Misdreavus|Misdreavus, L90, F|73/254\n|turn|45\n|\n|t:|1733846928\n|move|p1a: Misdreavus|Draining Kiss|p2a: Enamorus\n|-damage|p2a: Enamorus|22/259\n|-heal|p1a: Misdreavus|90/254|[from] drain|[of] p2a: Enamorus\n|move|p2a: Enamorus|Moonblast|p1a: Misdreavus\n|-damage|p1a: Misdreavus|11/254\n|\n|upkeep\n|turn|46\n|\n|t:|1733846934\n|move|p1a: Misdreavus|Shadow Ball|p2a: Enamorus\n|-damage|p2a: Enamorus|0 fnt\n|faint|p2a: Enamorus\n|\n|upkeep\n|\n|t:|1733846940\n|switch|p2a: Kingambit|Kingambit, L74, F|270/270\n|-activate|p2a: Kingambit|ability: Supreme Overlord\n|-start|p2a: Kingambit|fallen2|[silent]\n|turn|47\n|\n|t:|1733846946\n|move|p1a: Misdreavus|Will-O-Wisp|p2a: Kingambit\n|-status|p2a: Kingambit|brn\n|move|p2a: Kingambit|Kowtow Cleave|p1a: Misdreavus\n|-supereffective|p1a: Misdreavus\n|-damage|p1a: Misdreavus|0 fnt\n|faint|p1a: Misdreavus\n|\n|-damage|p2a: Kingambit|254/270 brn|[from] brn\n|upkeep\n|\n|t:|1733846949\n|switch|p1a: Incineroar|Incineroar, L82, M|250/290\n|-ability|p1a: Incineroar|Intimidate|boost\n|-unboost|p2a: Kingambit|atk|1\n|turn|48\n|inactive|fastspring has 120 seconds left.\n|inactive|fastspring has 90 seconds left.\n|\n|t:|1733847016\n|-end|p2a: Kingambit|fallen2|[silent]\n|switch|p2a: Wyrdeer|Wyrdeer, L87, F|95/321\n|-ability|p2a: Wyrdeer|Intimidate|boost\n|-unboost|p1a: Incineroar|atk|1\n|move|p1a: Incineroar|Flare Blitz|p2a: Wyrdeer\n|-damage|p2a: Wyrdeer|0 fnt\n|faint|p2a: Wyrdeer\n|-damage|p1a: Incineroar|219/290|[from] Recoil\n|\n|upkeep\n|\n|t:|1733847027\n|switch|p2a: Slowbro|Slowbro-Galar, L87, M|283/307\n|turn|49\n|\n|t:|1733847035\n|switch|p1a: Wo-Chien|Wo-Chien, L83|76/277 brn\n|-ability|p1a: Wo-Chien|Tablets of Ruin\n|move|p2a: Slowbro|Trick Room|p2a: Slowbro\n|-fieldstart|move: Trick Room|[of] p2a: Slowbro\n|\n|-heal|p1a: Wo-Chien|93/277 brn|[from] item: Leftovers\n|-damage|p1a: Wo-Chien|76/277 brn|[from] brn\n|upkeep\n|turn|50\n|inactive|fastspring has 90 seconds left.\n|\n|t:|1733847040\n|move|p2a: Slowbro|Shell Side Arm|p1a: Wo-Chien|[anim] Shell Side Arm Physical\n|-supereffective|p1a: Wo-Chien\n|-damage|p1a: Wo-Chien|0 fnt\n|-hint|Physical Shell Side Arm\n|faint|p1a: Wo-Chien\n|-damage|p2a: Slowbro|253/307|[from] item: Life Orb\n|\n|upkeep\n|\n|t:|1733847044\n|switch|p1a: Lurantis|Lurantis, L87, F|264/264\n|turn|51\n|\n|t:|1733847064\n|-terastallize|p1a: Lurantis|Steel\n|move|p2a: Slowbro|Shell Side Arm|p1a: Lurantis|[anim] Shell Side Arm Special\n|-immune|p1a: Lurantis\n|move|p1a: Lurantis|Knock Off|p2a: Slowbro\n|-supereffective|p2a: Slowbro\n|-damage|p2a: Slowbro|107/307\n|-enditem|p2a: Slowbro|Life Orb|[from] move: Knock Off|[of] p1a: Lurantis\n|\n|upkeep\n|turn|52\n|\n|t:|1733847076\n|move|p2a: Slowbro|Fire Blast|p1a: Lurantis\n|-supereffective|p1a: Lurantis\n|-damage|p1a: Lurantis|164/264\n|-status|p1a: Lurantis|brn\n|move|p1a: Lurantis|Leech Life|p2a: Slowbro\n|-damage|p2a: Slowbro|78/307\n|-heal|p1a: Lurantis|179/264 brn|[from] drain|[of] p2a: Slowbro\n|\n|-damage|p1a: Lurantis|163/264 brn|[from] brn\n|upkeep\n|turn|53\n|\n|t:|1733847086\n|switch|p2a: Froslass|Froslass, L87, F|263/263\n|switch|p1a: Incineroar|Incineroar, L82, M|219/290\n|-ability|p1a: Incineroar|Intimidate|boost\n|-unboost|p2a: Froslass|atk|1\n|\n|-fieldend|move: Trick Room\n|upkeep\n|turn|54\n|\n|t:|1733847098\n|switch|p2a: Kingambit|Kingambit, L74, F|254/270 brn\n|-activate|p2a: Kingambit|ability: Supreme Overlord\n|-start|p2a: Kingambit|fallen3|[silent]\n|move|p1a: Incineroar|Earthquake|p2a: Kingambit\n|-supereffective|p2a: Kingambit\n|-damage|p2a: Kingambit|34/270 brn\n|\n|-heal|p2a: Kingambit|50/270 brn|[from] item: Leftovers\n|-damage|p2a: Kingambit|34/270 brn|[from] brn\n|upkeep\n|turn|55\n|\n|t:|1733847106\n|move|p2a: Kingambit|Sucker Punch|p1a: Incineroar\n|-resisted|p1a: Incineroar\n|-damage|p1a: Incineroar|196/290\n|move|p1a: Incineroar|Earthquake|p2a: Kingambit\n|-supereffective|p2a: Kingambit\n|-damage|p2a: Kingambit|0 fnt\n|faint|p2a: Kingambit\n|-end|p2a: Kingambit|fallen3|[silent]\n|\n|upkeep\n|\n|t:|1733847109\n|switch|p2a: Slowbro|Slowbro-Galar, L87, M|180/307\n|turn|56\n|\n|t:|1733847120\n|move|p1a: Incineroar|Earthquake|p2a: Slowbro\n|-supereffective|p2a: Slowbro\n|-damage|p2a: Slowbro|0 fnt\n|faint|p2a: Slowbro\n|\n|upkeep\n|\n|t:|1733847122\n|switch|p2a: Froslass|Froslass, L87, F|263/263\n|turn|57\n|inactive|fastspring has 120 seconds left.\n|\n|t:|1733847128\n|move|p2a: Froslass|Poltergeist|p1a: Incineroar\n|-activate|p1a: Incineroar|move: Poltergeist|Choice Band\n|-resisted|p1a: Incineroar\n|-damage|p1a: Incineroar|144/290\n|move|p1a: Incineroar|Earthquake|p2a: Froslass\n|-damage|p2a: Froslass|125/263\n|\n|upkeep\n|turn|58\n|\n|t:|1733847132\n|move|p2a: Froslass|Poltergeist|p1a: Incineroar\n|-activate|p1a: Incineroar|move: Poltergeist|Choice Band\n|-resisted|p1a: Incineroar\n|-damage|p1a: Incineroar|87/290\n|move|p1a: Incineroar|Earthquake|p2a: Froslass\n|-damage|p2a: Froslass|0 fnt\n|faint|p2a: Froslass\n|\n|win|AegisR3flector\n|raw|AegisR3flector's rating: 1746 &rarr; <strong>1765</strong><br />(+19 for winning)\n|raw|fastspring's rating: 1720 &rarr; <strong>1701</strong><br />(-19 for losing)\n|l|\u2606fastspring\n|player|p2|\n", "inputlog": ">version bfd83cad13791eb5a5a409923076391caf6fb4d4\n>start {\"formatid\":\"gen9randombattle\",\"seed\":[48435,1257,58634,32824],\"rated\":\"Rated battle\"}\n>player p1 {\"name\":\"AegisR3flector\",\"avatar\":\"calem-masters\",\"rating\":1746,\"seed\":[44442,182,55392,21385]}\n>player p2 {\"name\":\"fastspring\",\"avatar\":\"1\",\"rating\":1720,\"seed\":[5461,44544,6433,1135]}\n>p1 switch 3\n>p2 move trickroom\n>p1 move heavyslam\n>p2 move fireblast\n>p1 move heavyslam\n>p2 switch 3\n>p1 move dracometeor\n>p2 move earthquake\n>p1 move heavyslam\n>p2 move earthquake\n>p1 switch 4\n>p1 switch 6\n>p2 switch 2\n>p1 move calmmind\n>p2 move stoneedge\n>p1 move shadowball\n>p2 move stoneedge\n>p1 switch 2\n>p2 move stoneedge\n>p1 move stunspore\n>p2 move flamethrower\n>p1 move gigadrain\n>p2 move flamethrower\n>p1 move gigadrain\n>p2 move flamethrower\n>p1 move gigadrain\n>p2 move flamethrower\n>p2 switch 5\n>p1 switch 6\n>p2 move tripleaxel\n>p1 move earthquake\n>p2 switch 6\n>p1 switch 3\n>p2 move moonblast\n>p1 move quiverdance\n>p2 move moonblast\n>p1 move roost\n>p2 move moonblast\n>p1 move roost\n>p2 move moonblast\n>p1 move quiverdance\n>p2 move moonblast\n>p1 move roost\n>p2 move moonblast\n>p1 move roost\n>p2 move moonblast\n>p1 move quiverdance\n>p2 move moonblast\n>p1 move roost\n>p2 move mysticalfire\n>p1 move quiverdance\n>p2 move mysticalfire\n>p1 move quiverdance\n>p2 move mysticalfire\n>p1 move quiverdance\n>p2 move mysticalfire\n>p1 move roost\n>p2 move mysticalfire\n>p1 move quiverdance\n>p2 move mysticalfire\n>p1 move hurricane\n>p2 move mysticalfire\n>p1 move quiverdance\n>p2 move moonblast\n>p1 move hurricane\n>p2 move mysticalfire\n>p1 move roost\n>p2 move moonblast\n>p1 move hurricane\n>p2 move moonblast\n>p1 move hurricane\n>p2 move moonblast\n>p1 move hurricane\n>p2 move moonblast\n>p1 move quiverdance\n>p2 move moonblast\n>p1 move roost\n>p2 move moonblast\n>p1 move revelationdance\n>p2 move mysticalfire\n>p1 move revelationdance\n>p2 move moonblast\n>p1 move revelationdance\n>p2 move moonblast\n>p1 move revelationdance\n>p2 move moonblast\n>p1 move hurricane\n>p2 move moonblast\n>p1 move revelationdance\n>p2 move moonblast\n>p1 switch 2\n>p1 move drainingkiss\n>p2 move moonblast\n>p1 move shadowball\n>p2 move moonblast\n>p2 switch 4\n>p1 move willowisp\n>p2 move kowtowcleave\n>p1 switch 3\n>p1 move flareblitz\n>p2 switch 2\n>p2 switch 3\n>p1 switch 6\n>p2 move trickroom\n>p1 move knockoff\n>p2 move shellsidearm\n>p1 switch 5\n>p1 move knockoff terastallize\n>p2 move shellsidearm\n>p1 move leechlife\n>p2 move fireblast\n>p1 switch 6\n>p2 switch 6\n>p1 move earthquake\n>p2 switch 2\n>p1 move earthquake\n>p2 move suckerpunch\n>p2 switch 6\n>p1 move earthquake\n>p2 move trickroom\n>p2 switch 2\n>p1 move earthquake\n>p2 move poltergeist\n>p1 move earthquake\n>p2 move poltergeist", "uploadtime": 1733847136, "views": 1, "formatid": "gen9randombattle", "rating": 1701, "private": 0, "password": null}