{"id": "gen9randombattle-2037719429", "format": "[Gen 9] Random Battle", "players": ["KingZuko", "Puptup"], "log": "|j|\u2606KingZuko\n|j|\u2606Puptup\n|t:|1705537142\n|gametype|singles\n|player|p1|KingZuko|266|2214\n|player|p2|Puptup|burglar|2281\n|teamsize|p1|6\n|teamsize|p2|6\n|gen|9\n|tier|[Gen 9] Random Battle\n|rated|\n|rule|Species Clause: Limit one of each Pok\u00e9mon\n|rule|HP Percentage Mod: HP is shown in percentages\n|rule|Sleep Clause Mod: Limit one foe put to sleep\n|rule|Illusion Level Mod: Illusion disguises the Pok\u00e9mon's true level\n|\n|t:|1705537142\n|start\n|switch|p1a: Iron Thorns|Iron Thorns, L83|302/302\n|switch|p2a: Lurantis|Lurantis, L88, M|266/266\n|turn|1\n|inactive|Battle timer is ON: inactive players will automatically lose when time's up. (requested by Puptup)\n|j| aquamanisbest\n|c|\u2606KingZuko|hf\n|c|\u2606Puptup|U2\n|\n|t:|1705537164\n|move|p1a: Iron Thorns|Volt Switch|p2a: Lurantis\n|-resisted|p2a: Lurantis\n|-damage|p2a: Lurantis|239/266\n|\n|t:|1705537168\n|-end|p1a: Iron Thorns|Quark Drive|[silent]\n|switch|p1a: Zapdos|Zapdos, L78|268/268|[from] Volt Switch\n|move|p2a: Lurantis|Leaf Storm|p1a: Zapdos\n|-resisted|p1a: Zapdos\n|-damage|p1a: Zapdos|202/268\n|-boost|p2a: Lurantis|spa|2\n|\n|-heal|p2a: Lurantis|255/266|[from] item: Leftovers\n|upkeep\n|turn|2\n|\n|t:|1705537180\n|switch|p2a: Tyranitar|Tyranitar, L79, F|288/288\n|-weather|Sandstorm|[from] ability: Sand Stream|[of] p2a: Tyranitar\n|move|p1a: Zapdos|Heat Wave|p2a: Tyranitar\n|-resisted|p2a: Tyranitar\n|-damage|p2a: Tyranitar|273/288\n|\n|-weather|Sandstorm|[upkeep]\n|-damage|p1a: Zapdos|186/268|[from] Sandstorm\n|upkeep\n|turn|3\n|\n|t:|1705537186\n|switch|p1a: Conkeldurr|Conkeldurr, L80, F|299/299\n|move|p2a: Tyranitar|Stone Edge|p1a: Conkeldurr\n|-resisted|p1a: Conkeldurr\n|-damage|p1a: Conkeldurr|241/299\n|\n|-weather|Sandstorm|[upkeep]\n|-damage|p1a: Conkeldurr|223/299|[from] Sandstorm\n|-status|p1a: Conkeldurr|brn|[from] item: Flame Orb\n|upkeep\n|turn|4\n|\n|t:|1705537190\n|switch|p2a: Slowbro|Slowbro, L84, M|297/297\n|move|p1a: Conkeldurr|Knock Off|p2a: Slowbro\n|-supereffective|p2a: Slowbro\n|-damage|p2a: Slowbro|93/297\n|-enditem|p2a: Slowbro|Assault Vest|[from] move: Knock Off|[of] p1a: Conkeldurr\n|\n|-weather|Sandstorm|[upkeep]\n|-damage|p1a: Conkeldurr|205/299 brn|[from] Sandstorm\n|-damage|p2a: Slowbro|75/297|[from] Sandstorm\n|-damage|p1a: Conkeldurr|187/299 brn|[from] brn\n|upkeep\n|turn|5\n|\n|t:|1705537196\n|switch|p2a: Klefki|Klefki, L84, M|233/233\n|move|p1a: Conkeldurr|Knock Off|p2a: Klefki\n|-resisted|p2a: Klefki\n|-damage|p2a: Klefki|175/233\n|-enditem|p2a: Klefki|Leftovers|[from] move: Knock Off|[of] p1a: Conkeldurr\n|\n|-weather|Sandstorm|[upkeep]\n|-damage|p1a: Conkeldurr|169/299 brn|[from] Sandstorm\n|-damage|p1a: Conkeldurr|151/299 brn|[from] brn\n|upkeep\n|turn|6\n|\n|t:|1705537203\n|move|p2a: Klefki|Play Rough|p1a: Conkeldurr\n|-supereffective|p1a: Conkeldurr\n|-damage|p1a: Conkeldurr|0 fnt\n|faint|p1a: Conkeldurr\n|\n|-weather|none\n|upkeep\n|c| aquamanisbest|Im gonna watch 2 gods fight\n|c|\u2606KingZuko|nah im ass this gen\n|\n|t:|1705537218\n|switch|p1a: Zapdos|Zapdos, L78|186/268\n|turn|7\n|\n|t:|1705537225\n|switch|p1a: Stonjourner|Stonjourner, L91, M|330/330\n|switch|p2a: Tyranitar|Tyranitar, L79, F|273/288\n|-weather|Sandstorm|[from] ability: Sand Stream|[of] p2a: Tyranitar\n|\n|-weather|Sandstorm|[upkeep]\n|upkeep\n|turn|8\n|\n|t:|1705537237\n|switch|p2a: Lurantis|Lurantis, L88, M|255/266\n|move|p1a: Stonjourner|Heat Crash|p2a: Lurantis\n|-supereffective|p2a: Lurantis\n|-crit|p2a: Lurantis\n|-damage|p2a: Lurantis|0 fnt\n|faint|p2a: Lurantis\n|-damage|p1a: Stonjourner|297/330|[from] item: Life Orb\n|\n|-weather|Sandstorm|[upkeep]\n|upkeep\n|\n|t:|1705537242\n|switch|p2a: Hitmonlee|Hitmonlee, L84, M|221/221\n|turn|9\n|\n|t:|1705537248\n|switch|p1a: Zapdos|Zapdos, L78|186/268\n|move|p2a: Hitmonlee|High Jump Kick|p1a: Zapdos\n|-resisted|p1a: Zapdos\n|-damage|p1a: Zapdos|23/268\n|-status|p2a: Hitmonlee|par|[from] ability: Static|[of] p1a: Zapdos\n|\n|-weather|Sandstorm|[upkeep]\n|-damage|p1a: Zapdos|7/268|[from] Sandstorm\n|-damage|p2a: Hitmonlee|208/221 par|[from] Sandstorm\n|upkeep\n|turn|10\n|\n|t:|1705537256\n|move|p1a: Zapdos|Hurricane|p2a: Hitmonlee\n|-supereffective|p2a: Hitmonlee\n|-damage|p2a: Hitmonlee|0 fnt\n|faint|p2a: Hitmonlee\n|\n|-weather|Sandstorm|[upkeep]\n|-damage|p1a: Zapdos|0 fnt|[from] Sandstorm\n|faint|p1a: Zapdos\n|upkeep\n|\n|t:|1705537275\n|switch|p1a: Iron Thorns|Iron Thorns, L83|302/302\n|switch|p2a: Slowbro|Slowbro, L84, M|174/297\n|turn|11\n|\n|t:|1705537286\n|move|p1a: Iron Thorns|Spikes|p2a: Slowbro\n|-sidestart|p2: Puptup|Spikes\n|move|p2a: Slowbro|Future Sight|p1a: Iron Thorns\n|-start|p2a: Slowbro|move: Future Sight\n|\n|-weather|none\n|upkeep\n|turn|12\n|\n|t:|1705537292\n|switch|p2a: Victreebel|Victreebel, L90, M|290/290\n|-damage|p2a: Victreebel|254/290|[from] Spikes\n|move|p1a: Iron Thorns|Volt Switch|p2a: Victreebel\n|-resisted|p2a: Victreebel\n|-damage|p2a: Victreebel|219/290\n|\n|t:|1705537299\n|-end|p1a: Iron Thorns|Quark Drive|[silent]\n|switch|p1a: Kricketune|Kricketune, L99, F|312/312|[from] Volt Switch\n|\n|upkeep\n|turn|13\n|inactive|KingZuko has 120 seconds left.\n|\n|t:|1705537336\n|move|p1a: Kricketune|Knock Off|p2a: Victreebel\n|-damage|p2a: Victreebel|128/290\n|-enditem|p2a: Victreebel|Life Orb|[from] move: Knock Off|[of] p1a: Kricketune\n|move|p2a: Victreebel|Sludge Wave|p1a: Kricketune\n|-damage|p1a: Kricketune|176/312\n|\n|-end|p1a: Kricketune|move: Future Sight\n|-damage|p1a: Kricketune|17/312\n|upkeep\n|turn|14\n|inactive|KingZuko has 120 seconds left.\n|\n|t:|1705537351\n|move|p1a: Kricketune|Taunt|p2a: Victreebel\n|-start|p2a: Victreebel|move: Taunt\n|cant|p2a: Victreebel|move: Taunt|Strength Sap\n|\n|upkeep\n|turn|15\n|\n|t:|1705537380\n|move|p1a: Kricketune|Pounce|p2a: Victreebel\n|-damage|p2a: Victreebel|13/290\n|-unboost|p2a: Victreebel|spe|1\n|move|p2a: Victreebel|Knock Off|p1a: Kricketune\n|-damage|p1a: Kricketune|0 fnt\n|-enditem|p1a: Kricketune|Heavy-Duty Boots|[from] move: Knock Off|[of] p2a: Victreebel\n|faint|p1a: Kricketune\n|\n|upkeep\n|inactive|KingZuko has 90 seconds left.\n|\n|t:|1705537393\n|switch|p1a: Iron Thorns|Iron Thorns, L83|302/302\n|turn|16\n|\n|t:|1705537413\n|move|p1a: Iron Thorns|Thunder Punch|p2a: Victreebel\n|-resisted|p2a: Victreebel\n|-damage|p2a: Victreebel|0 fnt\n|faint|p2a: Victreebel\n|\n|upkeep\n|\n|t:|1705537420\n|switch|p2a: Tyranitar|Tyranitar, L79, F|273/288\n|-damage|p2a: Tyranitar|237/288|[from] Spikes\n|-weather|Sandstorm|[from] ability: Sand Stream|[of] p2a: Tyranitar\n|turn|17\n|inactive|KingZuko has 90 seconds left.\n|c| aquamanisbest|Imma go gl cya\n|\n|t:|1705537442\n|-end|p1a: Iron Thorns|Quark Drive|[silent]\n|switch|p1a: Kommo-o|Kommo-o, L78, F|245/245\n|move|p2a: Tyranitar|Earthquake|p1a: Kommo-o\n|-damage|p1a: Kommo-o|179/245\n|\n|-weather|Sandstorm|[upkeep]\n|-damage|p1a: Kommo-o|164/245|[from] Sandstorm\n|upkeep\n|turn|18\n|l| aquamanisbest\n|c|\u2606KingZuko|good by aquaman\n|inactive|KingZuko has 90 seconds left.\n|\n|t:|1705537460\n|switch|p2a: Klefki|Klefki, L84, M|175/233\n|-damage|p2a: Klefki|146/233|[from] Spikes\n|move|p1a: Kommo-o|Close Combat|p2a: Klefki\n|-damage|p2a: Klefki|17/233\n|-unboost|p1a: Kommo-o|def|1\n|-unboost|p1a: Kommo-o|spd|1\n|\n|-weather|Sandstorm|[upkeep]\n|-damage|p1a: Kommo-o|149/245|[from] Sandstorm\n|upkeep\n|turn|19\n|inactive|KingZuko has 90 seconds left.\n|\n|t:|1705537480\n|move|p1a: Kommo-o|Close Combat|p2a: Klefki\n|-damage|p2a: Klefki|0 fnt\n|-unboost|p1a: Kommo-o|def|1\n|-unboost|p1a: Kommo-o|spd|1\n|faint|p2a: Klefki\n|\n|-weather|Sandstorm|[upkeep]\n|-damage|p1a: Kommo-o|134/245|[from] Sandstorm\n|upkeep\n|\n|t:|1705537482\n|switch|p2a: Slowbro|Slowbro, L84, M|273/297\n|-damage|p2a: Slowbro|236/297|[from] Spikes\n|turn|20\n|inactive|KingZuko has 90 seconds left.\n|\n|t:|1705537498\n|move|p1a: Kommo-o|Scale Shot|p2a: Slowbro\n|-damage|p2a: Slowbro|211/297\n|-damage|p2a: Slowbro|190/297\n|-damage|p2a: Slowbro|168/297\n|-damage|p2a: Slowbro|144/297\n|-damage|p2a: Slowbro|122/297\n|-hitcount|p2a: Slowbro|5\n|-unboost|p1a: Kommo-o|def|1\n|-boost|p1a: Kommo-o|spe|1\n|move|p2a: Slowbro|Future Sight|p1a: Kommo-o\n|-start|p2a: Slowbro|move: Future Sight\n|\n|-weather|Sandstorm|[upkeep]\n|-damage|p1a: Kommo-o|119/245|[from] Sandstorm\n|-damage|p2a: Slowbro|104/297|[from] Sandstorm\n|upkeep\n|turn|21\n|\n|t:|1705537517\n|switch|p2a: Tyranitar|Tyranitar, L79, F|237/288\n|-damage|p2a: Tyranitar|201/288|[from] Spikes\n|move|p1a: Kommo-o|Close Combat|p2a: Tyranitar\n|-supereffective|p2a: Tyranitar\n|-damage|p2a: Tyranitar|0 fnt\n|-unboost|p1a: Kommo-o|def|1\n|-unboost|p1a: Kommo-o|spd|1\n|faint|p2a: Tyranitar\n|\n|-weather|none\n|upkeep\n|\n|t:|1705537518\n|switch|p2a: Slowbro|Slowbro, L84, M|203/297\n|-damage|p2a: Slowbro|166/297|[from] Spikes\n|turn|22\n|\n|t:|1705537522\n|-terastallize|p2a: Slowbro|Fairy\n|move|p1a: Kommo-o|Scale Shot|p2a: Slowbro\n|-immune|p2a: Slowbro\n|move|p2a: Slowbro|Psychic Noise|p1a: Kommo-o\n|-immune|p1a: Kommo-o|[from] ability: Soundproof\n|\n|-end|p1a: Kommo-o|move: Future Sight\n|-supereffective|p1a: Kommo-o\n|-damage|p1a: Kommo-o|0 fnt\n|faint|p1a: Kommo-o\n|upkeep\n|\n|t:|1705537537\n|switch|p1a: Stonjourner|Stonjourner, L91, M|297/330\n|turn|23\n|\n|t:|1705537539\n|-terastallize|p1a: Stonjourner|Fire\n|move|p1a: Stonjourner|Heat Crash|p2a: Slowbro\n|-damage|p2a: Slowbro|0 fnt\n|faint|p2a: Slowbro\n|-damage|p1a: Stonjourner|264/330|[from] item: Life Orb\n|\n|win|KingZuko\n|raw|KingZuko's rating: 2214 &rarr; <strong>2238</strong><br />(+24 for winning)\n|raw|Puptup's rating: 2281 &rarr; <strong>2257</strong><br />(-24 for losing)\n|c|\u2606KingZuko|gg\n", "inputlog": ">version 77a26c50f577de5f81ed3907b17c6d2906503e28\n>start {\"formatid\":\"gen9randombattle\",\"seed\":[56598,41331,64008,48863],\"rated\":\"Rated battle\"}\n>player p1 {\"name\":\"KingZuko\",\"avatar\":\"266\",\"rating\":2214,\"seed\":[6543,6864,31784,45276]}\n>player p2 {\"name\":\"Puptup\",\"avatar\":\"burglar\",\"rating\":2281,\"seed\":[17366,59955,47168,36343]}\n>chat \u2606KingZuko|hf\n>chat \u2606Puptup|U2\n>p1 move voltswitch\n>p2 move leafstorm\n>p1 switch 5\n>p1 move heatwave\n>p2 switch 3\n>p1 switch 4\n>p2 move stoneedge\n>p1 move knockoff\n>p2 switch 5\n>p1 move knockoff\n>p2 switch 6\n>p1 move closecombat\n>p2 move playrough\n>chat  aquamanisbest|Im gonna watch 2 gods fight\n>chat \u2606KingZuko|nah im ass this gen\n>p1 switch 4\n>p1 switch 3\n>p2 switch 5\n>p1 move heatcrash\n>p2 switch 3\n>p2 switch 2\n>p1 switch 3\n>p2 move highjumpkick\n>p1 move hurricane\n>p2 move highjumpkick\n>p1 switch 5\n>p2 switch 6\n>p1 move spikes\n>p2 move futuresight\n>p1 move voltswitch\n>p2 switch 4\n>p1 switch 6\n>p1 move knockoff\n>p2 move sludgewave\n>p1 move taunt\n>p2 move strengthsap\n>p1 move pounce\n>p2 move knockoff\n>p1 switch 6\n>p1 move thunderpunch\n>p2 move powerwhip\n>p2 switch 3\n>chat  aquamanisbest|Imma go gl cya\n>p1 switch 2\n>p2 move earthquake\n>chat \u2606KingZuko|good by aquaman\n>p1 move closecombat\n>p2 switch 5\n>p1 move closecombat\n>p2 move playrough\n>p2 switch 4\n>p1 move scaleshot\n>p2 move futuresight\n>p1 move closecombat\n>p2 switch 5\n>p2 switch 5\n>p1 move scaleshot\n>p2 move psychicnoise terastallize\n>p1 switch 3\n>p1 move heatcrash terastallize\n>p2 move scald", "uploadtime": 1705537544, "views": 255, "formatid": "gen9randombattle", "rating": 2238, "private": 0, "password": null}