{"id": "gen9randombattle-2260618845", "format": "[Gen 9] Random Battle", "players": ["MENApaguitas69", "AnonymousBW"], "log": "|j|\u2606MENApaguitas69\n|j|\u2606AnonymousBW\n|t:|1733869989\n|gametype|singles\n|player|p1|MENApaguitas69|sightseerf|1615\n|player|p2|AnonymousBW|lucas|1591\n|teamsize|p1|6\n|teamsize|p2|6\n|gen|9\n|tier|[Gen 9] Random Battle\n|rated|\n|rule|Species Clause: Limit one of each Pok\u00e9mon\n|rule|HP Percentage Mod: HP is shown in percentages\n|rule|Sleep Clause Mod: Limit one foe put to sleep\n|rule|Illusion Level Mod: Illusion disguises the Pok\u00e9mon's true level\n|\n|t:|1733869989\n|start\n|switch|p1a: Spectrier|Spectrier, L75|274/274\n|switch|p2a: Klawf|Klawf, L90, M|272/272\n|turn|1\n|inactive|Battle timer is ON: inactive players will automatically lose when time's up. (requested by MENApaguitas69)\n|\n|t:|1733869998\n|move|p1a: Spectrier|Will-O-Wisp|p2a: Klawf\n|-status|p2a: Klawf|brn\n|move|p2a: Klawf|Knock Off|p1a: Spectrier\n|-supereffective|p1a: Spectrier\n|-damage|p1a: Spectrier|117/274\n|-enditem|p1a: Spectrier|Life Orb|[from] move: Knock Off|[of] p2a: Klawf\n|-damage|p2a: Klawf|245/272 brn|[from] item: Life Orb\n|\n|-damage|p2a: Klawf|228/272 brn|[from] brn\n|upkeep\n|turn|2\n|\n|t:|1733870009\n|switch|p1a: Emboar|Emboar, L84, F|322/322\n|move|p2a: Klawf|Stealth Rock|p1a: Emboar\n|-sidestart|p1: MENApaguitas69|move: Stealth Rock\n|\n|-damage|p2a: Klawf|211/272 brn|[from] brn\n|upkeep\n|turn|3\n|\n|t:|1733870014\n|move|p2a: Klawf|Knock Off|p1a: Emboar\n|-resisted|p1a: Emboar\n|-damage|p1a: Emboar|291/322\n|-enditem|p1a: Emboar|Leftovers|[from] move: Knock Off|[of] p2a: Klawf\n|-damage|p2a: Klawf|184/272 brn|[from] item: Life Orb\n|move|p1a: Emboar|Trailblaze|p2a: Klawf\n|-supereffective|p2a: Klawf\n|-damage|p2a: Klawf|120/272 brn\n|-boost|p1a: Emboar|spe|1\n|\n|-damage|p2a: Klawf|103/272 brn|[from] brn\n|upkeep\n|turn|4\n|\n|t:|1733870022\n|switch|p2a: Slowbro|Slowbro-Galar, L87, M|307/307\n|move|p1a: Emboar|Bulk Up|p1a: Emboar\n|-boost|p1a: Emboar|atk|1\n|-boost|p1a: Emboar|def|1\n|\n|upkeep\n|turn|5\n|\n|t:|1733870029\n|move|p1a: Emboar|Flare Blitz|p2a: Slowbro\n|-crit|p2a: Slowbro\n|-damage|p2a: Slowbro|0 fnt\n|faint|p2a: Slowbro\n|-damage|p1a: Emboar|190/322|[from] Recoil\n|\n|upkeep\n|\n|t:|1733870035\n|switch|p2a: Mandibuzz|Mandibuzz, L85, F|326/326\n|turn|6\n|\n|t:|1733870046\n|move|p1a: Emboar|Flare Blitz|p2a: Mandibuzz\n|-damage|p2a: Mandibuzz|79/326\n|-damage|p1a: Emboar|108/322|[from] Recoil\n|move|p2a: Mandibuzz|Toxic|p1a: Emboar\n|-status|p1a: Emboar|tox\n|\n|-damage|p1a: Emboar|88/322 tox|[from] psn\n|upkeep\n|turn|7\n|\n|t:|1733870054\n|switch|p2a: Klawf|Klawf, L90, M|193/272 brn\n|move|p1a: Emboar|Drain Punch|p2a: Klawf\n|-supereffective|p2a: Klawf\n|-damage|p2a: Klawf|0 fnt\n|-heal|p1a: Emboar|185/322 tox|[from] drain|[of] p2a: Klawf\n|faint|p2a: Klawf\n|\n|-damage|p1a: Emboar|145/322 tox|[from] psn\n|upkeep\n|\n|t:|1733870064\n|switch|p2a: Mandibuzz|Mandibuzz, L85, F|79/326\n|turn|8\n|\n|t:|1733870068\n|move|p1a: Emboar|Flare Blitz|p2a: Mandibuzz\n|-damage|p2a: Mandibuzz|0 fnt\n|faint|p2a: Mandibuzz\n|-damage|p1a: Emboar|119/322 tox|[from] Recoil\n|\n|-damage|p1a: Emboar|59/322 tox|[from] psn\n|upkeep\n|\n|t:|1733870077\n|switch|p2a: Scrafty|Scrafty, L84, F|246/246\n|turn|9\n|\n|t:|1733870081\n|switch|p2a: Clefable|Clefable, L83, F|293/293\n|move|p1a: Emboar|Drain Punch|p2a: Clefable\n|-resisted|p2a: Clefable\n|-damage|p2a: Clefable|208/293\n|-heal|p1a: Emboar|102/322 tox|[from] drain|[of] p2a: Clefable\n|\n|-damage|p1a: Emboar|22/322 tox|[from] psn\n|upkeep\n|turn|10\n|\n|t:|1733870090\n|switch|p2a: Scrafty|Scrafty, L84, F|246/246\n|move|p1a: Emboar|Flare Blitz|p2a: Scrafty\n|-damage|p2a: Scrafty|36/246\n|-damage|p1a: Emboar|0 fnt|[from] Recoil\n|faint|p1a: Emboar\n|\n|-heal|p2a: Scrafty|51/246|[from] item: Leftovers\n|upkeep\n|\n|t:|1733870105\n|switch|p1a: Landorus|Landorus, L75, M|257/257\n|-damage|p1a: Landorus|225/257|[from] Stealth Rock\n|turn|11\n|\n|t:|1733870110\n|move|p1a: Landorus|Earth Power|p2a: Scrafty\n|-damage|p2a: Scrafty|0 fnt\n|faint|p2a: Scrafty\n|\n|upkeep\n|\n|t:|1733870114\n|switch|p2a: Ludicolo|Ludicolo, L90, M|290/290\n|turn|12\n|\n|t:|1733870120\n|move|p1a: Landorus|Sludge Wave|p2a: Ludicolo\n|-supereffective|p2a: Ludicolo\n|-damage|p2a: Ludicolo|108/290\n|move|p2a: Ludicolo|Giga Drain|p1a: Landorus\n|-damage|p1a: Landorus|74/257\n|-heal|p2a: Ludicolo|184/290|[from] drain|[of] p1a: Landorus\n|\n|upkeep\n|turn|13\n|\n|t:|1733870126\n|move|p1a: Landorus|Sludge Wave|p2a: Ludicolo\n|-supereffective|p2a: Ludicolo\n|-crit|p2a: Ludicolo\n|-damage|p2a: Ludicolo|0 fnt\n|faint|p2a: Ludicolo\n|\n|upkeep\n|\n|t:|1733870129\n|switch|p2a: Clefable|Clefable, L83, F|208/293\n|turn|14\n|\n|t:|1733870133\n|move|p1a: Landorus|Earth Power|p2a: Clefable\n|-damage|p2a: Clefable|66/293\n|move|p2a: Clefable|Moonblast|p1a: Landorus\n|-damage|p1a: Landorus|0 fnt\n|faint|p1a: Landorus\n|\n|upkeep\n|\n|t:|1733870138\n|switch|p1a: Maushold|Maushold, L76|238/238\n|-damage|p1a: Maushold|209/238|[from] Stealth Rock\n|turn|15\n|\n|t:|1733870143\n|move|p1a: Maushold|Encore|p2a: Clefable\n|-start|p2a: Clefable|Encore\n|move|p2a: Clefable|Moonblast|p1a: Maushold\n|-damage|p1a: Maushold|57/238\n|\n|upkeep\n|turn|16\n|c|\u2606AnonymousBW|gg\n|\n|t:|1733870149\n|move|p1a: Maushold|Population Bomb|p2a: Clefable\n|-damage|p2a: Clefable|39/293\n|-damage|p2a: Clefable|14/293\n|-damage|p2a: Clefable|0 fnt\n|faint|p2a: Clefable\n|-hitcount|p2: Clefable|3\n|\n|win|MENApaguitas69\n|raw|MENApaguitas69's rating: 1615 &rarr; <strong>1634</strong><br />(+19 for winning)\n|raw|AnonymousBW's rating: 1591 &rarr; <strong>1572</strong><br />(-19 for losing)\n", "inputlog": ">version bfd83cad13791eb5a5a409923076391caf6fb4d4\n>start {\"formatid\":\"gen9randombattle\",\"seed\":[5745,33742,39587,8954],\"rated\":\"Rated battle\"}\n>player p1 {\"name\":\"MENApaguitas69\",\"avatar\":\"sightseerf\",\"rating\":1615,\"seed\":[25923,17366,5001,20358]}\n>player p2 {\"name\":\"AnonymousBW\",\"avatar\":\"lucas\",\"rating\":1591,\"seed\":[62550,8681,23750,42682]}\n>p1 move willowisp\n>p2 move knockoff\n>p1 switch 2\n>p2 move stealthrock\n>p1 move trailblaze\n>p2 move knockoff\n>p1 move bulkup\n>p2 switch 2\n>p1 move flareblitz\n>p2 move trickroom\n>p2 switch 4\n>p1 move flareblitz\n>p2 move toxic\n>p1 move drainpunch\n>p2 switch 2\n>p2 switch 2\n>p1 move flareblitz\n>p2 move roost\n>p2 switch 5\n>p1 move drainpunch\n>p2 switch 6\n>p1 move flareblitz\n>p2 switch 6\n>p1 switch 3\n>p1 move earthpower\n>p2 move rest\n>p2 switch 3\n>p1 move sludgewave\n>p2 move gigadrain\n>p1 move sludgewave\n>p2 move gigadrain\n>p2 switch 6\n>p1 move earthpower\n>p2 move moonblast\n>p1 switch 6\n>p1 move encore\n>p2 move moonblast\n>chat \u2606AnonymousBW|gg\n>p1 move populationbomb\n>p2 move moonblast", "uploadtime": 1733870151, "views": 1, "formatid": "gen9randombattle", "rating": 1572, "private": 0, "password": null}