{"id": "gen9randombattle-2260772589", "format": "[Gen 9] Random Battle", "players": ["Slims", "sodpnw"], "log": "|j|\u2606Slims\n|j|\u2606sodpnw\n|t:|1733889803\n|gametype|singles\n|player|p1|Slims|169|1563\n|player|p2|sodpnw|1|1557\n|teamsize|p1|6\n|teamsize|p2|6\n|gen|9\n|tier|[Gen 9] Random Battle\n|rated|\n|rule|Species Clause: Limit one of each Pok\u00e9mon\n|rule|HP Percentage Mod: HP is shown in percentages\n|rule|Sleep Clause Mod: Limit one foe put to sleep\n|rule|Illusion Level Mod: Illusion disguises the Pok\u00e9mon's true level\n|\n|t:|1733889803\n|start\n|switch|p1a: Groudon|Groudon, L72|263/263\n|switch|p2a: Okidogi|Okidogi, L77, M|262/262\n|-weather|SunnyDay|[from] ability: Drought|[of] p1a: Groudon\n|turn|1\n|inactive|Battle timer is ON: inactive players will automatically lose when time's up. (requested by sodpnw)\n|\n|t:|1733889827\n|switch|p2a: Landorus|Landorus, L75, M|257/257\n|move|p1a: Groudon|Swords Dance|p1a: Groudon\n|-boost|p1a: Groudon|atk|2\n|\n|-weather|SunnyDay|[upkeep]\n|upkeep\n|turn|2\n|\n|t:|1733889835\n|move|p2a: Landorus|Stealth Rock|p1a: Groudon\n|-sidestart|p1: Slims|move: Stealth Rock\n|move|p1a: Groudon|Heat Crash|p2a: Landorus\n|-damage|p2a: Landorus|0 fnt\n|faint|p2a: Landorus\n|\n|-weather|SunnyDay|[upkeep]\n|upkeep\n|\n|t:|1733889840\n|switch|p2a: Politoed|Politoed, L88, F|302/302\n|-weather|RainDance|[from] ability: Drizzle|[of] p2a: Politoed\n|turn|3\n|\n|t:|1733889869\n|switch|p1a: Inteleon|Inteleon, L81, F|246/246\n|-damage|p1a: Inteleon|216/246|[from] Stealth Rock\n|move|p2a: Politoed|Hydro Pump|p1a: Inteleon\n|-resisted|p1a: Inteleon\n|-damage|p1a: Inteleon|94/246\n|\n|-weather|RainDance|[upkeep]\n|upkeep\n|turn|4\n|\n|t:|1733889880\n|switch|p2a: Goodra|Goodra-Hisui, L82, F|265/265\n|move|p1a: Inteleon|Hydro Pump|p2a: Goodra|[miss]\n|-miss|p1a: Inteleon|p2a: Goodra\n|\n|-weather|RainDance|[upkeep]\n|upkeep\n|turn|5\n|\n|t:|1733889886\n|move|p1a: Inteleon|Hydro Pump|p2a: Goodra\n|-resisted|p2a: Goodra\n|-damage|p2a: Goodra|193/265\n|move|p2a: Goodra|Dragon Tail|p1a: Inteleon\n|-damage|p1a: Inteleon|13/246\n|drag|p1a: Dipplin|Dipplin, L88, F|284/284\n|-damage|p1a: Dipplin|249/284|[from] Stealth Rock\n|\n|-weather|RainDance|[upkeep]\n|upkeep\n|turn|6\n|\n|t:|1733889897\n|switch|p1a: Inteleon|Inteleon, L81, F|13/246\n|-damage|p1a: Inteleon|0 fnt|[from] Stealth Rock\n|faint|p1a: Inteleon\n|move|p2a: Goodra|Draco Meteor|p1: Inteleon|[notarget]\n|-fail|p2a: Goodra\n|\n|-weather|RainDance|[upkeep]\n|upkeep\n|\n|t:|1733889910\n|switch|p1a: Groudon|Groudon, L72|263/263\n|-damage|p1a: Groudon|247/263|[from] Stealth Rock\n|-weather|SunnyDay|[from] ability: Drought|[of] p1a: Groudon\n|turn|7\n|\n|t:|1733889925\n|switch|p2a: Ursaluna|Ursaluna-Bloodmoon, L79, M|308/308\n|move|p1a: Groudon|Precipice Blades|p2a: Ursaluna\n|-damage|p2a: Ursaluna|188/308\n|\n|-weather|SunnyDay|[upkeep]\n|-heal|p1a: Groudon|263/263|[from] item: Leftovers\n|-heal|p2a: Ursaluna|207/308|[from] item: Leftovers\n|upkeep\n|turn|8\n|\n|t:|1733889937\n|move|p1a: Groudon|Swords Dance|p1a: Groudon\n|-boost|p1a: Groudon|atk|2\n|move|p2a: Ursaluna|Blood Moon|p1a: Groudon\n|-damage|p1a: Groudon|76/263\n|\n|-weather|SunnyDay|[upkeep]\n|-heal|p1a: Groudon|92/263|[from] item: Leftovers\n|-heal|p2a: Ursaluna|226/308|[from] item: Leftovers\n|upkeep\n|turn|9\n|\n|t:|1733889948\n|move|p1a: Groudon|Heat Crash|p2a: Ursaluna\n|-damage|p2a: Ursaluna|121/308\n|move|p2a: Ursaluna|Moonlight|p2a: Ursaluna\n|-heal|p2a: Ursaluna|308/308\n|\n|-weather|SunnyDay|[upkeep]\n|-heal|p1a: Groudon|108/263|[from] item: Leftovers\n|upkeep\n|turn|10\n|\n|t:|1733889957\n|move|p1a: Groudon|Precipice Blades|p2a: Ursaluna\n|-damage|p2a: Ursaluna|98/308\n|move|p2a: Ursaluna|Blood Moon|p1a: Groudon\n|-damage|p1a: Groudon|0 fnt\n|faint|p1a: Groudon\n|\n|-weather|SunnyDay|[upkeep]\n|-heal|p2a: Ursaluna|117/308|[from] item: Leftovers\n|upkeep\n|\n|t:|1733889976\n|switch|p1a: Sceptile|Sceptile, L87, F|264/264\n|-damage|p1a: Sceptile|231/264|[from] Stealth Rock\n|turn|11\n|inactive|Slims has 120 seconds left.\n|\n|t:|1733889993\n|switch|p2a: Muk|Muk-Alola, L82, M|306/306\n|move|p1a: Sceptile|Substitute|p1a: Sceptile\n|-start|p1a: Sceptile|Substitute\n|-damage|p1a: Sceptile|165/264\n|\n|-weather|none\n|-heal|p1a: Sceptile|181/264|[from] item: Leftovers\n|upkeep\n|turn|12\n|inactive|Slims has 120 seconds left.\n|\n|t:|1733890014\n|move|p1a: Sceptile|Leech Seed|p2a: Muk\n|-start|p2a: Muk|move: Leech Seed\n|move|p2a: Muk|Poison Jab|p1a: Sceptile\n|-supereffective|p1a: Sceptile\n|-end|p1a: Sceptile|Substitute\n|\n|-heal|p1a: Sceptile|197/264|[from] item: Leftovers\n|-damage|p2a: Muk|268/306|[from] Leech Seed|[of] p1a: Sceptile\n|-heal|p1a: Sceptile|235/264|[silent]\n|upkeep\n|turn|13\n|\n|t:|1733890035\n|switch|p2a: Goodra|Goodra-Hisui, L82, F|193/265\n|-terastallize|p1a: Sceptile|Steel\n|move|p1a: Sceptile|Substitute|p1a: Sceptile\n|-start|p1a: Sceptile|Substitute\n|-damage|p1a: Sceptile|169/264\n|\n|-heal|p1a: Sceptile|185/264|[from] item: Leftovers\n|upkeep\n|turn|14\n|inactive|sodpnw has 120 seconds left.\n|\n|t:|1733890070\n|move|p1a: Sceptile|Focus Blast|p2a: Goodra|[miss]\n|-miss|p1a: Sceptile|p2a: Goodra\n|move|p2a: Goodra|Fire Blast|p1a: Sceptile\n|-supereffective|p1a: Sceptile\n|-end|p1a: Sceptile|Substitute\n|\n|-heal|p1a: Sceptile|201/264|[from] item: Leftovers\n|upkeep\n|turn|15\n|inactive|Slims has 120 seconds left.\n|\n|t:|1733890077\n|switch|p2a: Muk|Muk-Alola, L82, M|268/306\n|move|p1a: Sceptile|Focus Blast|p2a: Muk|[miss]\n|-miss|p1a: Sceptile|p2a: Muk\n|\n|-heal|p1a: Sceptile|217/264|[from] item: Leftovers\n|upkeep\n|turn|16\n|inactive|Slims has 120 seconds left.\n|\n|t:|1733890096\n|move|p1a: Sceptile|Substitute|p1a: Sceptile\n|-start|p1a: Sceptile|Substitute\n|-damage|p1a: Sceptile|151/264\n|move|p2a: Muk|Knock Off|p1a: Sceptile\n|-end|p1a: Sceptile|Substitute\n|\n|-heal|p1a: Sceptile|167/264|[from] item: Leftovers\n|upkeep\n|turn|17\n|inactive|Slims has 120 seconds left.\n|\n|t:|1733890103\n|move|p1a: Sceptile|Leech Seed|p2a: Muk\n|-start|p2a: Muk|move: Leech Seed\n|move|p2a: Muk|Knock Off|p1a: Sceptile\n|-damage|p1a: Sceptile|46/264\n|-enditem|p1a: Sceptile|Leftovers|[from] move: Knock Off|[of] p2a: Muk\n|\n|-damage|p2a: Muk|230/306|[from] Leech Seed|[of] p1a: Sceptile\n|-heal|p1a: Sceptile|84/264|[silent]\n|upkeep\n|turn|18\n|inactive|Slims has 120 seconds left.\n|inactive|sodpnw has 120 seconds left.\n|\n|t:|1733890131\n|move|p2a: Muk|Shadow Sneak|p1a: Sceptile\n|-damage|p1a: Sceptile|50/264\n|move|p1a: Sceptile|Focus Blast|p2a: Muk\n|-damage|p2a: Muk|169/306\n|\n|-damage|p2a: Muk|131/306|[from] Leech Seed|[of] p1a: Sceptile\n|-heal|p1a: Sceptile|88/264|[silent]\n|upkeep\n|turn|19\n|l|\u2606Slims\n|inactive|Slims disconnected and has a minute to reconnect!\n|player|p1|\n|inactive|Slims has 30 seconds to reconnect!\n|inactive|Slims has 20 seconds to reconnect!\n|inactive|Slims has 15 seconds to reconnect!\n|inactive|Slims has 10 seconds to reconnect!\n|inactive|Slims has 5 seconds to reconnect!\n|-message|Slims lost due to inactivity.\n|\n|win|sodpnw\n|raw|Slims's rating: 1563 &rarr; <strong>1543</strong><br />(-20 for losing)\n|raw|sodpnw's rating: 1557 &rarr; <strong>1577</strong><br />(+20 for winning)\n", "inputlog": ">version bfd83cad13791eb5a5a409923076391caf6fb4d4\n>start {\"formatid\":\"gen9randombattle\",\"seed\":[2075,6565,37962,59353],\"rated\":\"Rated battle\"}\n>player p1 {\"name\":\"Slims\",\"avatar\":\"169\",\"rating\":1563,\"seed\":[52516,28663,16176,45386]}\n>player p2 {\"name\":\"sodpnw\",\"avatar\":\"1\",\"rating\":1557,\"seed\":[59955,22949,20309,17346]}\n>p1 move swordsdance\n>p2 switch 2\n>p1 move heatcrash\n>p2 move stealthrock\n>p2 switch 3\n>p1 switch 4\n>p2 move hydropump\n>p1 move hydropump\n>p2 switch 6\n>p1 move hydropump\n>p2 move dragontail\n>p1 switch 2\n>p2 move dracometeor\n>p1 switch 4\n>p1 move precipiceblades\n>p2 switch 4\n>p1 move swordsdance\n>p2 move bloodmoon\n>p1 move heatcrash\n>p2 move moonlight\n>p1 move precipiceblades\n>p2 move bloodmoon\n>p1 switch 6\n>p1 move substitute\n>p2 switch 5\n>p1 move leechseed\n>p2 move poisonjab\n>p1 move substitute terastallize\n>p2 switch 4\n>p1 move focusblast\n>p2 move fireblast\n>p1 move focusblast\n>p2 switch 4\n>p1 move substitute\n>p2 move knockoff\n>p1 move leechseed\n>p2 move knockoff\n>p1 move focusblast\n>p2 move shadowsneak\n>forcelose p1", "uploadtime": 1733890202, "views": 10, "formatid": "gen9randombattle", "rating": 1543, "private": 0, "password": null}