{"id": "gen9randombattle-2260809871", "format": "[Gen 9] Random Battle", "players": ["xinyazhili", "Zara home 001"], "log": "|j|\u2606xinyazhili\n|j|\u2606Zara home 001\n|t:|1733896000\n|gametype|singles\n|player|p1|xinyazhili|170|\n|player|p2|Zara home 001|266|\n|teamsize|p1|6\n|teamsize|p2|6\n|gen|9\n|tier|[Gen 9] Random Battle\n|rule|Species Clause: Limit one of each Pok\u00e9mon\n|rule|HP Percentage Mod: HP is shown in percentages\n|rule|Sleep Clause Mod: Limit one foe put to sleep\n|rule|Illusion Level Mod: Illusion disguises the Pok\u00e9mon's true level\n|\n|t:|1733896000\n|start\n|switch|p1a: Manaphy|Manaphy, L78|284/284\n|switch|p2a: Kyurem|Kyurem-Black, L71|295/295\n|-ability|p2a: Kyurem|Teravolt\n|turn|1\n|inactive|Battle timer is ON: inactive players will automatically lose when time's up. (requested by xinyazhili)\n|\n|t:|1733896009\n|switch|p2a: Sunflora|Sunflora, M|312/312\n|move|p1a: Manaphy|Tail Glow|p1a: Manaphy\n|-boost|p1a: Manaphy|spa|3\n|\n|upkeep\n|turn|2\n|\n|t:|1733896021\n|-terastallize|p2a: Sunflora|Fairy\n|move|p1a: Manaphy|Ice Beam|p2a: Sunflora\n|-damage|p2a: Sunflora|189/312\n|move|p2a: Sunflora|Leaf Storm|p1a: Manaphy\n|-supereffective|p1a: Manaphy\n|-damage|p1a: Manaphy|0 fnt\n|-unboost|p2a: Sunflora|spa|2\n|faint|p1a: Manaphy\n|\n|upkeep\n|\n|t:|1733896026\n|switch|p1a: Eiscue|Eiscue, L88, F|274/274\n|turn|3\n|\n|t:|1733896038\n|switch|p2a: Munkidori|Munkidori, L79, M|269/269\n|move|p1a: Eiscue|Iron Head|p2a: Munkidori\n|-damage|p2a: Munkidori|195/269\n|\n|upkeep\n|turn|4\n|\n|t:|1733896052\n|switch|p1a: Clefable|Clefable, L83, M|293/293\n|move|p2a: Munkidori|Focus Blast|p1a: Clefable\n|-resisted|p1a: Clefable\n|-damage|p1a: Clefable|235/293\n|-damage|p2a: Munkidori|169/269|[from] item: Life Orb\n|\n|upkeep\n|turn|5\n|\n|t:|1733896055\n|move|p2a: Munkidori|Sludge Wave|p1a: Clefable\n|-supereffective|p1a: Clefable\n|-damage|p1a: Clefable|0 fnt\n|faint|p1a: Clefable\n|-damage|p2a: Munkidori|143/269|[from] item: Life Orb\n|\n|upkeep\n|\n|t:|1733896059\n|switch|p1a: Frosmoth|Frosmoth, L82, F|249/249\n|turn|6\n|\n|t:|1733896062\n|move|p2a: Munkidori|Psyshock|p1a: Frosmoth\n|-damage|p1a: Frosmoth|171/249\n|-damage|p2a: Munkidori|117/269|[from] item: Life Orb\n|move|p1a: Frosmoth|Quiver Dance|p1a: Frosmoth\n|-boost|p1a: Frosmoth|spa|1\n|-boost|p1a: Frosmoth|spd|1\n|-boost|p1a: Frosmoth|spe|1\n|\n|upkeep\n|turn|7\n|\n|t:|1733896067\n|move|p1a: Frosmoth|Quiver Dance|p1a: Frosmoth\n|-boost|p1a: Frosmoth|spa|1\n|-boost|p1a: Frosmoth|spd|1\n|-boost|p1a: Frosmoth|spe|1\n|move|p2a: Munkidori|Psyshock|p1a: Frosmoth\n|-damage|p1a: Frosmoth|88/249\n|-damage|p2a: Munkidori|91/269|[from] item: Life Orb\n|\n|upkeep\n|turn|8\n|\n|t:|1733896071\n|move|p1a: Frosmoth|Ice Beam|p2a: Munkidori\n|-damage|p2a: Munkidori|0 fnt\n|faint|p2a: Munkidori\n|\n|upkeep\n|\n|t:|1733896078\n|switch|p2a: Hydrapple|Hydrapple, L83, F, shiny|312/312\n|turn|9\n|\n|t:|1733896082\n|move|p1a: Frosmoth|Ice Beam|p2a: Hydrapple\n|-supereffective|p2a: Hydrapple\n|-damage|p2a: Hydrapple|0 fnt\n|faint|p2a: Hydrapple\n|\n|upkeep\n|\n|t:|1733896091\n|switch|p2a: Kyurem|Kyurem-Black, L71|295/295\n|-ability|p2a: Kyurem|Teravolt\n|turn|10\n|\n|t:|1733896094\n|move|p1a: Frosmoth|Ice Beam|p2a: Kyurem\n|-damage|p2a: Kyurem|19/295\n|move|p2a: Kyurem|Scale Shot|p1a: Frosmoth\n|-damage|p1a: Frosmoth|48/249\n|-damage|p1a: Frosmoth|6/249\n|-damage|p1a: Frosmoth|0 fnt\n|faint|p1a: Frosmoth\n|-hitcount|p1: Frosmoth|3\n|-unboost|p2a: Kyurem|def|1\n|-boost|p2a: Kyurem|spe|1\n|\n|upkeep\n|\n|t:|1733896099\n|switch|p1a: Eiscue|Eiscue, L88, F|274/274\n|turn|11\n|\n|t:|1733896104\n|move|p2a: Kyurem|Dragon Dance|p2a: Kyurem\n|-boost|p2a: Kyurem|atk|1\n|-boost|p2a: Kyurem|spe|1\n|move|p1a: Eiscue|Belly Drum|p1a: Eiscue\n|-damage|p1a: Eiscue|137/274\n|-setboost|p1a: Eiscue|atk|6|[from] move: Belly Drum\n|-enditem|p1a: Eiscue|Sitrus Berry|[eat]\n|-heal|p1a: Eiscue|205/274|[from] item: Sitrus Berry\n|\n|upkeep\n|turn|12\n|\n|t:|1733896109\n|move|p2a: Kyurem|Scale Shot|p1a: Eiscue\n|-damage|p1a: Eiscue|169/274\n|-damage|p1a: Eiscue|127/274\n|-damage|p1a: Eiscue|88/274\n|-damage|p1a: Eiscue|51/274\n|-hitcount|p1a: Eiscue|4\n|-unboost|p2a: Kyurem|def|1\n|-boost|p2a: Kyurem|spe|1\n|move|p1a: Eiscue|Iron Head|p2a: Kyurem\n|-supereffective|p2a: Kyurem\n|-damage|p2a: Kyurem|0 fnt\n|faint|p2a: Kyurem\n|\n|upkeep\n|\n|t:|1733896127\n|switch|p2a: Espathra|Espathra, L80, F|283/283\n|turn|13\n|\n|t:|1733896130\n|move|p2a: Espathra|Dazzling Gleam|p1a: Eiscue\n|-damage|p1a: Eiscue|0 fnt\n|faint|p1a: Eiscue\n|\n|-ability|p2a: Espathra|Speed Boost|boost\n|-boost|p2a: Espathra|spe|1\n|upkeep\n|\n|t:|1733896132\n|switch|p1a: Rabsca|Rabsca, L91, M|284/284\n|turn|14\n|\n|t:|1733896136\n|move|p2a: Espathra|Calm Mind|p2a: Espathra\n|-boost|p2a: Espathra|spa|1\n|-boost|p2a: Espathra|spd|1\n|move|p1a: Rabsca|Revival Blessing|p1a: Rabsca\n|\n|t:|1733896141\n|-heal|p1: Frosmoth|124/249|[from] move: Revival Blessing\n|\n|-ability|p2a: Espathra|Speed Boost|boost\n|-boost|p2a: Espathra|spe|1\n|upkeep\n|turn|15\n|\n|t:|1733896143\n|move|p2a: Espathra|Calm Mind|p2a: Espathra\n|-boost|p2a: Espathra|spa|1\n|-boost|p2a: Espathra|spd|1\n|move|p1a: Rabsca|Bug Buzz|p2a: Espathra\n|-supereffective|p2a: Espathra\n|-damage|p2a: Espathra|97/283\n|-unboost|p2a: Espathra|spd|1\n|\n|-heal|p2a: Espathra|114/283|[from] item: Leftovers\n|-ability|p2a: Espathra|Speed Boost|boost\n|-boost|p2a: Espathra|spe|1\n|upkeep\n|turn|16\n|\n|t:|1733896154\n|move|p2a: Espathra|Roost|p2a: Espathra\n|-heal|p2a: Espathra|256/283\n|-singleturn|p2a: Espathra|move: Roost\n|move|p1a: Rabsca|Bug Buzz|p2a: Espathra\n|-supereffective|p2a: Espathra\n|-damage|p2a: Espathra|8/283\n|\n|-heal|p2a: Espathra|25/283|[from] item: Leftovers\n|-ability|p2a: Espathra|Speed Boost|boost\n|-boost|p2a: Espathra|spe|1\n|upkeep\n|turn|17\n|\n|t:|1733896159\n|move|p2a: Espathra|Stored Power|p1a: Rabsca\n|-resisted|p1a: Rabsca\n|-damage|p1a: Rabsca|147/284\n|move|p1a: Rabsca|Bug Buzz|p2a: Espathra\n|-supereffective|p2a: Espathra\n|-damage|p2a: Espathra|0 fnt\n|faint|p2a: Espathra\n|\n|upkeep\n|\n|t:|1733896162\n|switch|p2a: Feraligatr|Feraligatr, L79, M|264/264\n|turn|18\n|\n|t:|1733896168\n|move|p2a: Feraligatr|Dragon Dance|p2a: Feraligatr\n|-boost|p2a: Feraligatr|atk|1\n|-boost|p2a: Feraligatr|spe|1\n|move|p1a: Rabsca|Bug Buzz|p2a: Feraligatr\n|-damage|p2a: Feraligatr|122/264\n|\n|upkeep\n|turn|19\n|\n|t:|1733896173\n|move|p2a: Feraligatr|Liquidation|p1a: Rabsca\n|-damage|p1a: Rabsca|0 fnt\n|faint|p1a: Rabsca\n|\n|upkeep\n|\n|t:|1733896178\n|switch|p1a: Mismagius|Mismagius, L86, F|243/243\n|turn|20\n|\n|t:|1733896181\n|move|p2a: Feraligatr|Liquidation|p1a: Mismagius\n|-crit|p1a: Mismagius\n|-damage|p1a: Mismagius|0 fnt\n|faint|p1a: Mismagius\n|\n|upkeep\n|\n|t:|1733896183\n|switch|p1a: Frosmoth|Frosmoth, L82, F|124/249\n|turn|21\n|\n|t:|1733896185\n|move|p2a: Feraligatr|Liquidation|p1a: Frosmoth\n|-damage|p1a: Frosmoth|0 fnt\n|faint|p1a: Frosmoth\n|\n|win|Zara home 001\n|l|\u2606xinyazhili\n|player|p1|\n", "inputlog": ">version bfd83cad13791eb5a5a409923076391caf6fb4d4\n>start {\"formatid\":\"gen9randombattle\",\"seed\":[62893,42156,61092,31582]}\n>player p1 {\"name\":\"xinyazhili\",\"avatar\":\"170\",\"rating\":0,\"seed\":[31778,15690,21085,26665]}\n>player p2 {\"name\":\"Zara home 001\",\"avatar\":\"266\",\"rating\":0,\"seed\":[9219,62132,63784,38098]}\n>p1 move tailglow\n>p2 switch 2\n>p1 move icebeam\n>p2 move leafstorm terastallize\n>p1 switch 6\n>p1 move ironhead\n>p2 switch 3\n>p1 switch 2\n>p2 move focusblast\n>p1 move moonblast\n>p2 move sludgewave\n>p1 switch 4\n>p1 move quiverdance\n>p2 move psyshock\n>p1 move quiverdance\n>p2 move psyshock\n>p1 move icebeam\n>p2 move psyshock\n>p2 switch 4\n>p1 move icebeam\n>p2 move dragontail\n>p2 switch 2\n>p1 move icebeam\n>p2 move scaleshot\n>p1 switch 2\n>p1 move bellydrum\n>p2 move dragondance\n>p1 move ironhead\n>p2 move scaleshot\n>p2 switch 5\n>p1 move ironhead\n>p2 move dazzlinggleam\n>p1 switch 5\n>p1 move revivalblessing\n>p2 move calmmind\n>p1 switch 2\n>p1 move bugbuzz\n>p2 move calmmind\n>p1 move bugbuzz\n>p2 move roost\n>p1 move bugbuzz\n>p2 move storedpower\n>p2 switch 6\n>p1 move bugbuzz\n>p2 move dragondance\n>p1 move bugbuzz\n>p2 move liquidation\n>p1 switch 3\n>p1 move thunderbolt\n>p2 move liquidation\n>p1 switch 2\n>p1 move quiverdance\n>p2 move liquidation", "uploadtime": 1733896188, "views": 1, "formatid": "gen9randombattle", "rating": null, "private": 0, "password": null}