{"id": "gen9randombattle-2260734835", "format": "[Gen 9] Random Battle", "players": ["GambreGambre", "onewan1"], "log": "|j|\u2606GambreGambre\n|j|\u2606onewan1\n|t:|1733884605\n|gametype|singles\n|player|p1|GambreGambre|gambler|1298\n|player|p2|onewan1|worker|1245\n|teamsize|p1|6\n|teamsize|p2|6\n|gen|9\n|tier|[Gen 9] Random Battle\n|rated|\n|rule|Species Clause: Limit one of each Pok\u00e9mon\n|rule|HP Percentage Mod: HP is shown in percentages\n|rule|Sleep Clause Mod: Limit one foe put to sleep\n|rule|Illusion Level Mod: Illusion disguises the Pok\u00e9mon's true level\n|\n|t:|1733884605\n|start\n|switch|p1a: Ursaluna|Ursaluna-Bloodmoon, L79, M|308/308\n|switch|p2a: Noctowl|Noctowl, L95, M|344/344\n|turn|1\n|\n|t:|1733884622\n|move|p2a: Noctowl|Hyper Voice|p1a: Ursaluna\n|-damage|p1a: Ursaluna|151/308\n|move|p1a: Ursaluna|Calm Mind|p1a: Ursaluna\n|-boost|p1a: Ursaluna|spa|1\n|-boost|p1a: Ursaluna|spd|1\n|\n|-heal|p1a: Ursaluna|170/308|[from] item: Leftovers\n|upkeep\n|turn|2\n|\n|t:|1733884642\n|move|p2a: Noctowl|Nasty Plot|p2a: Noctowl\n|-boost|p2a: Noctowl|spa|2\n|move|p1a: Ursaluna|Blood Moon|p2a: Noctowl\n|-damage|p2a: Noctowl|118/344\n|\n|-heal|p1a: Ursaluna|189/308|[from] item: Leftovers\n|upkeep\n|turn|3\n|\n|t:|1733884664\n|move|p2a: Noctowl|Hurricane|p1a: Ursaluna\n|-damage|p1a: Ursaluna|0 fnt\n|faint|p1a: Ursaluna\n|\n|upkeep\n|\n|t:|1733884672\n|switch|p1a: Chandelure|Chandelure, L83, F|235/235\n|turn|4\n|\n|t:|1733884685\n|move|p1a: Chandelure|Fire Blast|p2a: Noctowl\n|-damage|p2a: Noctowl|0 fnt\n|faint|p2a: Noctowl\n|\n|upkeep\n|\n|t:|1733884692\n|switch|p2a: Dialga|Dialga-Origin, L73|266/266\n|-ability|p2a: Dialga|Pressure\n|turn|5\n|inactive|Battle timer is ON: inactive players will automatically lose when time's up. (requested by GambreGambre)\n|\n|t:|1733884743\n|switch|p1a: Sawsbuck|Sawsbuck, L88, M|284/284\n|move|p2a: Dialga|Stealth Rock|p1a: Sawsbuck\n|-sidestart|p1: GambreGambre|move: Stealth Rock\n|\n|upkeep\n|turn|6\n|\n|t:|1733884758\n|move|p1a: Sawsbuck|Swords Dance|p1a: Sawsbuck\n|-boost|p1a: Sawsbuck|atk|2\n|move|p2a: Dialga|Heavy Slam|p1a: Sawsbuck\n|-damage|p1a: Sawsbuck|155/284\n|\n|upkeep\n|turn|7\n|\n|t:|1733884775\n|move|p1a: Sawsbuck|High Horsepower|p2a: Dialga\n|-supereffective|p2a: Dialga\n|-damage|p2a: Dialga|0 fnt\n|faint|p2a: Dialga\n|-damage|p1a: Sawsbuck|127/284|[from] item: Life Orb\n|\n|upkeep\n|inactive|onewan1 has 120 seconds left.\n|\n|t:|1733884793\n|switch|p2a: Venomoth|Venomoth, L84, M|255/255\n|turn|8\n|inactive|onewan1 has 120 seconds left.\n|\n|t:|1733884812\n|move|p1a: Sawsbuck|Double-Edge|p2a: Venomoth\n|-damage|p2a: Venomoth|0 fnt\n|faint|p2a: Venomoth\n|-damage|p1a: Sawsbuck|43/284|[from] Recoil\n|-damage|p1a: Sawsbuck|15/284|[from] item: Life Orb\n|\n|upkeep\n|\n|t:|1733884838\n|switch|p2a: Zacian|Zacian-Crowned, L64|225/225\n|-ability|p2a: Zacian|Intrepid Sword|boost\n|-boost|p2a: Zacian|atk|1\n|turn|9\n|\n|t:|1733884849\n|move|p2a: Zacian|Behemoth Blade|p1a: Sawsbuck\n|-damage|p1a: Sawsbuck|0 fnt\n|faint|p1a: Sawsbuck\n|\n|upkeep\n|\n|t:|1733884856\n|switch|p1a: Suicune|Suicune, L82|298/298\n|-damage|p1a: Suicune|261/298|[from] Stealth Rock\n|-ability|p1a: Suicune|Pressure\n|turn|10\n|\n|t:|1733884866\n|move|p2a: Zacian|Play Rough|p1a: Suicune\n|-damage|p1a: Suicune|153/298\n|move|p1a: Suicune|Scald|p2a: Zacian\n|-damage|p2a: Zacian|141/225\n|-status|p2a: Zacian|brn\n|\n|-heal|p1a: Suicune|171/298|[from] item: Leftovers\n|-damage|p2a: Zacian|127/225 brn|[from] brn\n|upkeep\n|turn|11\n|\n|t:|1733884879\n|move|p2a: Zacian|Close Combat|p1a: Suicune\n|-damage|p1a: Suicune|131/298\n|-unboost|p2a: Zacian|def|1\n|-unboost|p2a: Zacian|spd|1\n|move|p1a: Suicune|Calm Mind|p1a: Suicune\n|-boost|p1a: Suicune|spa|1\n|-boost|p1a: Suicune|spd|1\n|\n|-heal|p1a: Suicune|149/298|[from] item: Leftovers\n|-damage|p2a: Zacian|113/225 brn|[from] brn\n|upkeep\n|turn|12\n|inactive|onewan1 has 90 seconds left.\n|\n|t:|1733884928\n|move|p2a: Zacian|Play Rough|p1a: Suicune\n|-damage|p1a: Suicune|101/298\n|move|p1a: Suicune|Scald|p2a: Zacian\n|-damage|p2a: Zacian|0 fnt\n|faint|p2a: Zacian\n|\n|-heal|p1a: Suicune|119/298|[from] item: Leftovers\n|upkeep\n|inactive|onewan1 has 60 seconds left.\n|\n|t:|1733884943\n|switch|p2a: Zangoose|Zangoose, L85, F|263/263\n|turn|13\n|\n|t:|1733884950\n|move|p2a: Zangoose|Swords Dance|p2a: Zangoose\n|-boost|p2a: Zangoose|atk|2\n|move|p1a: Suicune|Scald|p2a: Zangoose\n|-damage|p2a: Zangoose|118/263\n|\n|-heal|p1a: Suicune|137/298|[from] item: Leftovers\n|-status|p2a: Zangoose|tox|[from] item: Toxic Orb\n|upkeep\n|turn|14\n|\n|t:|1733884960\n|move|p2a: Zangoose|Facade|p1a: Suicune\n|-damage|p1a: Suicune|0 fnt\n|faint|p1a: Suicune\n|\n|-damage|p2a: Zangoose|102/263 tox|[from] psn\n|upkeep\n|\n|t:|1733884965\n|switch|p1a: Chandelure|Chandelure, L83, F|235/235\n|-damage|p1a: Chandelure|177/235|[from] Stealth Rock\n|turn|15\n|\n|t:|1733884980\n|move|p1a: Chandelure|Fire Blast|p2a: Zangoose\n|-damage|p2a: Zangoose|0 fnt\n|faint|p2a: Zangoose\n|\n|upkeep\n|\n|t:|1733884985\n|switch|p2a: Alomomola|Alomomola, L87, M|429/429\n|turn|16\n|\n|t:|1733884994\n|switch|p1a: Rayquaza|Rayquaza, L72|270/270\n|-ability|p1a: Rayquaza|Air Lock\n|move|p2a: Alomomola|Scald|p1a: Rayquaza\n|-resisted|p1a: Rayquaza\n|-damage|p1a: Rayquaza|241/270\n|-status|p1a: Rayquaza|brn\n|\n|-damage|p1a: Rayquaza|225/270 brn|[from] brn\n|upkeep\n|turn|17\n|c|\u2606onewan1|my time was grass\n|-message|onewan1 forfeited.\n|\n|win|GambreGambre\n|raw|GambreGambre's rating: 1298 &rarr; <strong>1319</strong><br />(+21 for winning)\n|raw|onewan1's rating: 1245 &rarr; <strong>1224</strong><br />(-21 for losing)\n|l|\u2606onewan1\n|player|p2|\n", "inputlog": ">version bfd83cad13791eb5a5a409923076391caf6fb4d4\n>start {\"formatid\":\"gen9randombattle\",\"seed\":[64631,17419,35877,6006],\"rated\":\"Rated battle\"}\n>player p1 {\"name\":\"GambreGambre\",\"avatar\":\"gambler\",\"rating\":1298,\"seed\":[1340,44952,37139,61274]}\n>player p2 {\"name\":\"onewan1\",\"avatar\":\"worker\",\"rating\":1245,\"seed\":[48036,51249,37402,22867]}\n>p1 move calmmind\n>p2 move hypervoice\n>p1 move bloodmoon\n>p2 move nastyplot\n>p1 move moonlight\n>p2 move hurricane\n>p1 switch 2\n>p1 move fireblast\n>p2 move roost\n>p2 switch 6\n>p1 switch 3\n>p2 move stealthrock\n>p1 move swordsdance\n>p2 move heavyslam\n>p1 move highhorsepower\n>p2 move heavyslam\n>p2 switch 3\n>p1 move doubleedge\n>p2 move sleeppowder\n>p2 switch 2\n>p1 move highhorsepower\n>p2 move behemothblade\n>p1 switch 4\n>p1 move scald\n>p2 move playrough\n>p1 move calmmind\n>p2 move closecombat\n>p1 move scald\n>p2 move playrough\n>p2 switch 5\n>p1 move scald\n>p2 move swordsdance\n>p1 move scald\n>p2 move facade\n>p1 switch 3\n>p1 move fireblast\n>p2 move knockoff\n>p2 switch 4\n>p1 switch 6\n>p2 move scald\n>chat \u2606onewan1|my time was grass\n>forcelose p2", "uploadtime": 1733885015, "views": 7, "formatid": "gen9randombattle", "rating": 1224, "private": 0, "password": null}