{"id": "gen9randombattle-2260344380", "format": "[Gen 9] Random Battle", "players": ["brianboss", "dingf"], "log": "|j|\u2606brianboss\n|j|\u2606dingf\n|t:|1733842211\n|gametype|singles\n|player|p1|brianboss|170|1363\n|player|p2|dingf|acerola|1411\n|teamsize|p1|6\n|teamsize|p2|6\n|gen|9\n|tier|[Gen 9] Random Battle\n|rated|\n|rule|Species Clause: Limit one of each Pok\u00e9mon\n|rule|HP Percentage Mod: HP is shown in percentages\n|rule|Sleep Clause Mod: Limit one foe put to sleep\n|rule|Illusion Level Mod: Illusion disguises the Pok\u00e9mon's true level\n|\n|t:|1733842211\n|start\n|switch|p1a: Garchomp|Garchomp, L74, M|282/282\n|switch|p2a: Gumshoos|Gumshoos, L95, M|321/321\n|turn|1\n|inactive|Battle timer is ON: inactive players will automatically lose when time's up. (requested by brianboss)\n|\n|t:|1733842236\n|switch|p1a: Alomomola|Alomomola, L87, F|429/429\n|switch|p2a: Ninetales|Ninetales-Alola, L78, M|242/242\n|-weather|Snow|[from] ability: Snow Warning|[of] p2a: Ninetales\n|\n|-weather|Snow|[upkeep]\n|upkeep\n|turn|2\n|\n|t:|1733842244\n|move|p2a: Ninetales|Aurora Veil|p2a: Ninetales\n|-sidestart|p2: dingf|move: Aurora Veil\n|move|p1a: Alomomola|Flip Turn|p2a: Ninetales\n|-damage|p2a: Ninetales|219/242\n|\n|t:|1733842257\n|switch|p1a: Whimsicott|Whimsicott, L85, F|241/241|[from] Flip Turn\n|\n|-weather|Snow|[upkeep]\n|upkeep\n|turn|3\n|\n|t:|1733842263\n|move|p1a: Whimsicott|Encore|p2a: Ninetales\n|-start|p2a: Ninetales|Encore\n|move|p2a: Ninetales|Aurora Veil||[still]\n|-fail|p2a: Ninetales\n|\n|-weather|Snow|[upkeep]\n|upkeep\n|turn|4\n|\n|t:|1733842276\n|switch|p2a: Tinkaton|Tinkaton, L82, F|274/274\n|-ability|p2a: Tinkaton|Mold Breaker\n|move|p1a: Whimsicott|Stun Spore|p2a: Tinkaton\n|-status|p2a: Tinkaton|par\n|\n|-weather|Snow|[upkeep]\n|upkeep\n|turn|5\n|\n|t:|1733842288\n|switch|p1a: Munkidori|Munkidori, L79, M|269/269\n|switch|p2a: Ninetales|Ninetales-Alola, L78, M|219/242\n|\n|-weather|none\n|upkeep\n|turn|6\n|\n|t:|1733842299\n|switch|p2a: Gliscor|Gliscor, L76, F|239/239\n|move|p1a: Munkidori|U-turn|p2a: Gliscor\n|-resisted|p2a: Gliscor\n|-damage|p2a: Gliscor|232/239\n|inactive|brianboss has 120 seconds left.\n|\n|t:|1733842349\n|switch|p1a: Frosmoth|Frosmoth, L82, F|249/249|[from] U-turn\n|\n|-status|p2a: Gliscor|tox|[from] item: Toxic Orb\n|upkeep\n|turn|7\n|\n|t:|1733842372\n|switch|p2a: Tinkaton|Tinkaton, L82, F|274/274 par\n|-ability|p2a: Tinkaton|Mold Breaker\n|move|p1a: Frosmoth|Quiver Dance|p1a: Frosmoth\n|-boost|p1a: Frosmoth|spa|1\n|-boost|p1a: Frosmoth|spd|1\n|-boost|p1a: Frosmoth|spe|1\n|\n|upkeep\n|turn|8\n|\n|t:|1733842381\n|-terastallize|p1a: Frosmoth|Ground\n|move|p1a: Frosmoth|Quiver Dance|p1a: Frosmoth\n|-boost|p1a: Frosmoth|spa|1\n|-boost|p1a: Frosmoth|spd|1\n|-boost|p1a: Frosmoth|spe|1\n|move|p2a: Tinkaton|Gigaton Hammer|p1a: Frosmoth\n|-damage|p1a: Frosmoth|71/249\n|\n|upkeep\n|turn|9\n|\n|t:|1733842393\n|move|p1a: Frosmoth|Tera Blast|p2a: Tinkaton|[anim] Tera Blast Ground\n|-supereffective|p2a: Tinkaton\n|-damage|p2a: Tinkaton|93/274 par\n|move|p2a: Tinkaton|Play Rough|p1a: Frosmoth\n|-damage|p1a: Frosmoth|0 fnt\n|faint|p1a: Frosmoth\n|\n|-heal|p2a: Tinkaton|110/274 par|[from] item: Leftovers\n|-sideend|p2: dingf|move: Aurora Veil\n|upkeep\n|\n|t:|1733842403\n|switch|p1a: Garchomp|Garchomp, L74, M|282/282\n|turn|10\n|\n|t:|1733842414\n|switch|p1a: Munkidori|Munkidori, L79, M|269/269\n|switch|p2a: Gliscor|Gliscor, L76, F|232/239 tox\n|\n|-heal|p2a: Gliscor|239/239 tox|[from] ability: Poison Heal\n|upkeep\n|turn|11\n|\n|t:|1733842435\n|move|p1a: Munkidori|U-turn|p2a: Gliscor\n|-resisted|p2a: Gliscor\n|-damage|p2a: Gliscor|223/239 tox\n|\n|t:|1733842441\n|switch|p1a: Alomomola|Alomomola, L87, F|429/429|[from] U-turn\n|move|p2a: Gliscor|Toxic Spikes|p1a: Alomomola\n|-sidestart|p1: brianboss|move: Toxic Spikes\n|\n|-heal|p2a: Gliscor|239/239 tox|[from] ability: Poison Heal\n|upkeep\n|turn|12\n|\n|t:|1733842449\n|move|p2a: Gliscor|Earthquake|p1a: Alomomola\n|-damage|p1a: Alomomola|345/429\n|move|p1a: Alomomola|Scald|p2a: Gliscor\n|-supereffective|p2a: Gliscor\n|-damage|p2a: Gliscor|125/239 tox\n|\n|-heal|p2a: Gliscor|154/239 tox|[from] ability: Poison Heal\n|upkeep\n|turn|13\n|\n|t:|1733842473\n|move|p2a: Gliscor|Protect|p2a: Gliscor\n|-singleturn|p2a: Gliscor|Protect\n|move|p1a: Alomomola|Scald|p2a: Gliscor\n|-activate|p2a: Gliscor|move: Protect\n|\n|-heal|p2a: Gliscor|183/239 tox|[from] ability: Poison Heal\n|upkeep\n|turn|14\n|\n|t:|1733842476\n|move|p2a: Gliscor|U-turn|p1a: Alomomola\n|-crit|p1a: Alomomola\n|-damage|p1a: Alomomola|287/429\n|-damage|p2a: Gliscor|144/239 tox|[from] item: Rocky Helmet|[of] p1a: Alomomola\n|\n|t:|1733842482\n|switch|p2a: Ninetales|Ninetales-Alola, L78, M|219/242|[from] U-turn\n|-weather|Snow|[from] ability: Snow Warning|[of] p2a: Ninetales\n|move|p1a: Alomomola|Scald|p2a: Ninetales\n|-crit|p2a: Ninetales\n|-damage|p2a: Ninetales|150/242\n|-status|p2a: Ninetales|brn\n|\n|-weather|Snow|[upkeep]\n|-damage|p2a: Ninetales|135/242 brn|[from] brn\n|upkeep\n|turn|15\n|inactive|brianboss has 120 seconds left.\n|\n|t:|1733842493\n|move|p2a: Ninetales|Aurora Veil|p2a: Ninetales\n|-sidestart|p2: dingf|move: Aurora Veil\n|move|p1a: Alomomola|Wish|p1a: Alomomola\n|\n|-weather|Snow|[upkeep]\n|-damage|p2a: Ninetales|120/242 brn|[from] brn\n|upkeep\n|turn|16\n|inactive|brianboss has 120 seconds left.\n|\n|t:|1733842501\n|move|p2a: Ninetales|Freeze-Dry|p1a: Alomomola\n|-supereffective|p1a: Alomomola\n|-damage|p1a: Alomomola|113/429\n|move|p1a: Alomomola|Flip Turn|p2a: Ninetales\n|-damage|p2a: Ninetales|96/242 brn\n|\n|t:|1733842505\n|switch|p1a: Munkidori|Munkidori, L79, M|269/269|[from] Flip Turn\n|-sideend|p1: brianboss|move: Toxic Spikes|[of] p1a: Munkidori\n|\n|-weather|Snow|[upkeep]\n|-damage|p2a: Ninetales|81/242 brn|[from] brn\n|upkeep\n|turn|17\n|\n|t:|1733842514\n|switch|p2a: Tinkaton|Tinkaton, L82, F|110/274 par\n|-ability|p2a: Tinkaton|Mold Breaker\n|move|p1a: Munkidori|U-turn|p2a: Tinkaton\n|-resisted|p2a: Tinkaton\n|-damage|p2a: Tinkaton|105/274 par\n|\n|t:|1733842524\n|switch|p1a: Garchomp|Garchomp, L74, M|282/282|[from] U-turn\n|\n|-weather|Snow|[upkeep]\n|-heal|p2a: Tinkaton|122/274 par|[from] item: Leftovers\n|upkeep\n|turn|18\n|\n|t:|1733842542\n|switch|p2a: Gliscor|Gliscor, L76, F|144/239 tox\n|move|p1a: Garchomp|Earthquake|p2a: Gliscor\n|-immune|p2a: Gliscor\n|\n|-weather|none\n|-heal|p2a: Gliscor|173/239 tox|[from] ability: Poison Heal\n|upkeep\n|turn|19\n|\n|t:|1733842548\n|switch|p1a: Alomomola|Alomomola, L87, F|256/429\n|move|p2a: Gliscor|Earthquake|p1a: Alomomola\n|-damage|p1a: Alomomola|163/429\n|\n|-heal|p2a: Gliscor|202/239 tox|[from] ability: Poison Heal\n|upkeep\n|turn|20\n|inactive|brianboss has 120 seconds left.\n|inactive|brianboss has 90 seconds left.\n|\n|t:|1733842611\n|switch|p2a: Giratina|Giratina, L75|349/349\n|-ability|p2a: Giratina|Pressure\n|move|p1a: Alomomola|Scald|p2a: Giratina\n|-resisted|p2a: Giratina\n|-damage|p2a: Giratina|339/349\n|\n|-heal|p2a: Giratina|349/349|[from] item: Leftovers\n|upkeep\n|turn|21\n|inactive|brianboss has 90 seconds left.\n|\n|t:|1733842620\n|move|p1a: Alomomola|Protect|p1a: Alomomola\n|-singleturn|p1a: Alomomola|Protect\n|move|p2a: Giratina|Calm Mind|p2a: Giratina\n|-boost|p2a: Giratina|spa|1\n|-boost|p2a: Giratina|spd|1\n|\n|upkeep\n|turn|22\n|\n|t:|1733842626\n|move|p2a: Giratina|Calm Mind|p2a: Giratina\n|-boost|p2a: Giratina|spa|1\n|-boost|p2a: Giratina|spd|1\n|move|p1a: Alomomola|Wish|p1a: Alomomola\n|\n|-sideend|p2: dingf|move: Aurora Veil\n|upkeep\n|turn|23\n|\n|t:|1733842635\n|switch|p1a: Garchomp|Garchomp, L74, M|282/282\n|move|p2a: Giratina|Calm Mind|p2a: Giratina\n|-boost|p2a: Giratina|spa|1\n|-boost|p2a: Giratina|spd|1\n|\n|upkeep\n|turn|24\n|\n|t:|1733842639\n|-terastallize|p2a: Giratina|Fairy\n|move|p1a: Garchomp|Scale Shot|p2a: Giratina\n|-immune|p2a: Giratina\n|move|p2a: Giratina|Dragon Pulse|p1a: Garchomp\n|-supereffective|p1a: Garchomp\n|-damage|p1a: Garchomp|0 fnt\n|faint|p1a: Garchomp\n|\n|upkeep\n|\n|t:|1733842642\n|switch|p1a: Munkidori|Munkidori, L79, M|269/269\n|turn|25\n|\n|t:|1733842646\n|move|p1a: Munkidori|Sludge Wave|p2a: Giratina\n|-supereffective|p2a: Giratina\n|-damage|p2a: Giratina|235/349\n|move|p2a: Giratina|Dragon Pulse|p1a: Munkidori\n|-damage|p1a: Munkidori|74/269\n|\n|-heal|p2a: Giratina|256/349|[from] item: Leftovers\n|upkeep\n|turn|26\n|\n|t:|1733842651\n|move|p1a: Munkidori|Sludge Wave|p2a: Giratina\n|-supereffective|p2a: Giratina\n|-damage|p2a: Giratina|140/349\n|move|p2a: Giratina|Dragon Pulse|p1a: Munkidori\n|-damage|p1a: Munkidori|0 fnt\n|faint|p1a: Munkidori\n|\n|-heal|p2a: Giratina|161/349|[from] item: Leftovers\n|upkeep\n|\n|t:|1733842658\n|switch|p1a: Whimsicott|Whimsicott, L85, F|241/241\n|turn|27\n|\n|t:|1733842665\n|switch|p2a: Tinkaton|Tinkaton, L82, F|122/274 par\n|-ability|p2a: Tinkaton|Mold Breaker\n|move|p1a: Whimsicott|Encore||[still]\n|-fail|p1a: Whimsicott\n|\n|-heal|p2a: Tinkaton|139/274 par|[from] item: Leftovers\n|upkeep\n|turn|28\n|\n|t:|1733842674\n|switch|p1a: Alomomola|Alomomola, L87, F|306/429\n|cant|p2a: Tinkaton|par\n|\n|-heal|p2a: Tinkaton|156/274 par|[from] item: Leftovers\n|upkeep\n|turn|29\n|\n|t:|1733842678\n|move|p1a: Alomomola|Scald|p2a: Tinkaton\n|-damage|p2a: Tinkaton|107/274 par\n|move|p2a: Tinkaton|Thunder Wave|p1a: Alomomola\n|-status|p1a: Alomomola|par\n|\n|-heal|p2a: Tinkaton|124/274 par|[from] item: Leftovers\n|upkeep\n|turn|30\n|\n|t:|1733842687\n|switch|p2a: Giratina|Giratina, L75, tera:Fairy|161/349\n|-ability|p2a: Giratina|Pressure\n|move|p1a: Alomomola|Scald|p2a: Giratina\n|-damage|p2a: Giratina|121/349\n|\n|-heal|p2a: Giratina|142/349|[from] item: Leftovers\n|upkeep\n|turn|31\n|\n|t:|1733842703\n|move|p2a: Giratina|Rest|p2a: Giratina\n|-status|p2a: Giratina|slp|[from] move: Rest\n|-heal|p2a: Giratina|349/349 slp|[silent]\n|move|p1a: Alomomola|Scald|p2a: Giratina\n|-damage|p2a: Giratina|306/349 slp\n|\n|-heal|p2a: Giratina|327/349 slp|[from] item: Leftovers\n|upkeep\n|turn|32\n|\n|t:|1733842708\n|switch|p1a: Whimsicott|Whimsicott, L85, F|241/241\n|cant|p2a: Giratina|slp\n|move|p2a: Giratina|Sleep Talk|p2a: Giratina\n|move|p2a: Giratina|Rest||[from]move: Sleep Talk|[still]\n|-fail|p2a: Giratina\n|\n|-heal|p2a: Giratina|348/349 slp|[from] item: Leftovers\n|upkeep\n|turn|33\n|\n|t:|1733842715\n|switch|p2a: Tinkaton|Tinkaton, L82, F|124/274 par\n|-ability|p2a: Tinkaton|Mold Breaker\n|move|p1a: Whimsicott|Encore||[still]\n|-fail|p1a: Whimsicott\n|\n|-heal|p2a: Tinkaton|141/274 par|[from] item: Leftovers\n|upkeep\n|turn|34\n|l|\u2606brianboss\n|inactive|brianboss disconnected and has a minute to reconnect!\n|player|p1|\n|\n|t:|1733842726\n|switch|p2a: Ninetales|Ninetales-Alola, L78, M|81/242 brn\n|-weather|Snow|[from] ability: Snow Warning|[of] p2a: Ninetales\n|move|p1a: Whimsicott|Giga Drain|p2a: Ninetales\n|-damage|p2a: Ninetales|15/242 brn\n|\n|-weather|Snow|[upkeep]\n|-damage|p2a: Ninetales|0 fnt|[from] brn\n|faint|p2a: Ninetales\n|upkeep\n|\n|t:|1733842747\n|switch|p2a: Gumshoos|Gumshoos, L95, M|321/321\n|turn|35\n|inactive|brianboss has 30 seconds to reconnect!\n|inactive|brianboss has 20 seconds to reconnect!\n|inactive|brianboss has 15 seconds to reconnect!\n|inactive|brianboss has 10 seconds to reconnect!\n|inactive|brianboss has 5 seconds to reconnect!\n|-message|brianboss lost due to inactivity.\n|\n|win|dingf\n|raw|brianboss's rating: 1363 &rarr; <strong>1346</strong><br />(-17 for losing)\n|raw|dingf's rating: 1411 &rarr; <strong>1428</strong><br />(+17 for winning)\n", "inputlog": ">version bfd83cad13791eb5a5a409923076391caf6fb4d4\n>start {\"formatid\":\"gen9randombattle\",\"seed\":[50831,801,1492,55113],\"rated\":\"Rated battle\"}\n>player p1 {\"name\":\"brianboss\",\"avatar\":\"170\",\"rating\":1363,\"seed\":[24701,45041,61199,62313]}\n>player p2 {\"name\":\"dingf\",\"avatar\":\"acerola\",\"rating\":1411,\"seed\":[45835,54164,31541,42365]}\n>p1 switch 4\n>p2 switch 4\n>p1 move flipturn\n>p2 move auroraveil\n>p1 switch 3\n>p1 move encore\n>p2 move blizzard\n>p1 move stunspore\n>p2 switch 2\n>p1 switch 6\n>p2 switch 2\n>p1 move uturn\n>p2 switch 3\n>p1 switch 5\n>p1 move quiverdance\n>p2 switch 2\n>p1 move quiverdance terastallize\n>p2 move gigatonhammer\n>p1 move terablast\n>p2 move playrough\n>p1 switch 4\n>p1 switch 5\n>p2 switch 2\n>p1 move uturn\n>p2 move toxicspikes\n>p1 switch 3\n>p1 move scald\n>p2 move earthquake\n>p1 move scald\n>p2 move protect\n>p1 move scald\n>p2 move uturn\n>p2 switch 3\n>p1 move wish\n>p2 move auroraveil\n>p1 move flipturn\n>p2 move freezedry\n>p1 switch 3\n>p1 move uturn\n>p2 switch 2\n>p1 switch 5\n>p1 move earthquake\n>p2 switch 3\n>p1 switch 3\n>p2 move earthquake\n>p1 move scald\n>p2 switch 5\n>p1 move protect\n>p2 move calmmind\n>p1 move wish\n>p2 move calmmind\n>p1 switch 3\n>p2 move calmmind\n>p1 move scaleshot\n>p2 move dragonpulse terastallize\n>p1 switch 5\n>p1 move sludgewave\n>p2 move dragonpulse\n>p1 move sludgewave\n>p2 move dragonpulse\n>p1 switch 6\n>p1 move encore\n>p2 switch 3\n>p1 switch 3\n>p2 move gigatonhammer\n>p1 move scald\n>p2 move thunderwave\n>p1 move scald\n>p2 switch 3\n>p1 move scald\n>p2 move rest\n>p1 switch 3\n>p2 move sleeptalk\n>p1 move encore\n>p2 switch 3\n>p1 move gigadrain\n>p2 switch 2\n>p2 switch 4\n>forcelose p1", "uploadtime": 1733842812, "views": 1, "formatid": "gen9randombattle", "rating": 1346, "private": 0, "password": null}