{"id": "gen9randombattle-2260759798", "format": "[Gen 9] Random Battle", "players": ["Astralabalaka", "XxN00bM4st3rxX69"], "log": "|j|\u2606Astralabalaka\n|j|\u2606XxN00bM4st3rxX69\n|t:|1733888000\n|gametype|singles\n|player|p1|Astralabalaka|steven|1413\n|player|p2|XxN00bM4st3rxX69|102|1418\n|teamsize|p1|6\n|teamsize|p2|6\n|gen|9\n|tier|[Gen 9] Random Battle\n|rated|\n|rule|Species Clause: Limit one of each Pok\u00e9mon\n|rule|HP Percentage Mod: HP is shown in percentages\n|rule|Sleep Clause Mod: Limit one foe put to sleep\n|rule|Illusion Level Mod: Illusion disguises the Pok\u00e9mon's true level\n|\n|t:|1733888000\n|start\n|switch|p1a: Gastrodon|Gastrodon-East, L86, F|238/238\n|switch|p2a: Skuntank|Skuntank, L84, F|310/310\n|turn|1\n|inactive|Battle timer is ON: inactive players will automatically lose when time's up. (requested by Astralabalaka)\n|inactive|XxN00bM4st3rxX69 has 120 seconds left.\n|c|\u2606Astralabalaka|Any day now\n|inactive|XxN00bM4st3rxX69 has 90 seconds left.\n|c|\u2606XxN00bM4st3rxX69|got other things going on\n|inactive|XxN00bM4st3rxX69 has 60 seconds left.\n|\n|t:|1733888091\n|move|p1a: Gastrodon|Nasty Plot|p1a: Gastrodon\n|-boost|p1a: Gastrodon|spa|2\n|move|p2a: Skuntank|Taunt|p1a: Gastrodon\n|-start|p1a: Gastrodon|move: Taunt\n|\n|upkeep\n|turn|2\n|\n|t:|1733888096\n|move|p1a: Gastrodon|Focus Blast|p2a: Skuntank\n|-enditem|p2a: Skuntank|Focus Sash\n|-damage|p2a: Skuntank|1/310\n|-damage|p1a: Gastrodon|215/238|[from] item: Life Orb\n|move|p2a: Skuntank|Knock Off|p1a: Gastrodon\n|-resisted|p1a: Gastrodon\n|-crit|p1a: Gastrodon\n|-damage|p1a: Gastrodon|111/238\n|replace|p1a: Zoroark|Zoroark, L84, M\n|-end|p1a: Zoroark|Illusion\n|-hint|Illusion Level Mod is active, so this Pok\u00e9mon's true level was hidden.\n|-enditem|p1a: Zoroark|Life Orb|[from] move: Knock Off|[of] p2a: Skuntank\n|\n|upkeep\n|turn|3\n|\n|t:|1733888111\n|move|p1a: Zoroark|Dark Pulse|p2a: Skuntank\n|-resisted|p2a: Skuntank\n|-damage|p2a: Skuntank|0 fnt\n|faint|p2a: Skuntank\n|\n|upkeep\n|\n|t:|1733888117\n|switch|p2a: Whimsicott|Whimsicott, L85, F|241/241\n|turn|4\n|\n|t:|1733888120\n|move|p2a: Whimsicott|Encore|p1a: Zoroark\n|-hint|Since gen 7, Dark is immune to Prankster moves.\n|-immune|p1a: Zoroark\n|move|p1a: Zoroark|Sludge Bomb|p2a: Whimsicott\n|-supereffective|p2a: Whimsicott\n|-damage|p2a: Whimsicott|0 fnt\n|faint|p2a: Whimsicott\n|\n|-end|p1a: Zoroark|move: Taunt\n|upkeep\n|c|\u2606XxN00bM4st3rxX69|l on me\n|\n|t:|1733888132\n|switch|p2a: Baxcalibur|Baxcalibur, L75, F|296/296\n|turn|5\n|\n|t:|1733888138\n|move|p1a: Zoroark|Focus Blast|p2a: Baxcalibur|[miss]\n|-miss|p1a: Zoroark|p2a: Baxcalibur\n|move|p2a: Baxcalibur|Dragon Dance|p2a: Baxcalibur\n|-boost|p2a: Baxcalibur|atk|1\n|-boost|p2a: Baxcalibur|spe|1\n|\n|upkeep\n|turn|6\n|\n|t:|1733888145\n|move|p2a: Baxcalibur|Glaive Rush|p1a: Zoroark\n|-damage|p1a: Zoroark|0 fnt\n|-singlemove|p2a: Baxcalibur|Glaive Rush|[silent]\n|faint|p1a: Zoroark\n|\n|upkeep\n|\n|t:|1733888161\n|switch|p1a: Reshiram|Reshiram, L76|277/277\n|-ability|p1a: Reshiram|Turboblaze\n|turn|7\n|\n|t:|1733888169\n|-terastallize|p1a: Reshiram|Fire\n|move|p2a: Baxcalibur|Glaive Rush|p1a: Reshiram\n|-damage|p1a: Reshiram|81/277\n|-singlemove|p2a: Baxcalibur|Glaive Rush|[silent]\n|move|p1a: Reshiram|Will-O-Wisp|p2a: Baxcalibur\n|-status|p2a: Baxcalibur|brn\n|-activate|p2a: Baxcalibur|ability: Thermal Exchange\n|-curestatus|p2a: Baxcalibur|brn|[msg]\n|\n|upkeep\n|turn|8\n|\n|t:|1733888185\n|move|p2a: Baxcalibur|Earthquake|p1a: Reshiram\n|-supereffective|p1a: Reshiram\n|-crit|p1a: Reshiram\n|-damage|p1a: Reshiram|0 fnt\n|faint|p1a: Reshiram\n|\n|upkeep\n|\n|t:|1733888187\n|switch|p1a: Gliscor|Gliscor, L76, F|239/239\n|turn|9\n|\n|t:|1733888191\n|move|p2a: Baxcalibur|Icicle Crash|p1a: Gliscor\n|-supereffective|p1a: Gliscor\n|-damage|p1a: Gliscor|0 fnt\n|faint|p1a: Gliscor\n|\n|upkeep\n|\n|t:|1733888195\n|switch|p1a: Gastrodon|Gastrodon-East, L86, F|331/331\n|turn|10\n|\n|t:|1733888208\n|move|p2a: Baxcalibur|Dragon Dance|p2a: Baxcalibur\n|-boost|p2a: Baxcalibur|atk|1\n|-boost|p2a: Baxcalibur|spe|1\n|move|p1a: Gastrodon|Earthquake|p2a: Baxcalibur\n|-damage|p2a: Baxcalibur|197/296\n|\n|upkeep\n|turn|11\n|\n|t:|1733888214\n|-terastallize|p2a: Baxcalibur|Dragon\n|move|p2a: Baxcalibur|Glaive Rush|p1a: Gastrodon\n|-damage|p1a: Gastrodon|0 fnt\n|-singlemove|p2a: Baxcalibur|Glaive Rush|[silent]\n|faint|p1a: Gastrodon\n|\n|upkeep\n|\n|t:|1733888217\n|switch|p1a: Cresselia|Cresselia, L80, F|323/323\n|turn|12\n|\n|t:|1733888221\n|move|p2a: Baxcalibur|Glaive Rush|p1a: Cresselia\n|-damage|p1a: Cresselia|0 fnt\n|-singlemove|p2a: Baxcalibur|Glaive Rush|[silent]\n|faint|p1a: Cresselia\n|\n|upkeep\n|\n|t:|1733888224\n|switch|p1a: Uxie|Uxie, L83|260/260\n|turn|13\n|c|\u2606XxN00bM4st3rxX69|lol\n|c|\u2606XxN00bM4st3rxX69|any day now\n|\n|t:|1733888228\n|move|p2a: Baxcalibur|Glaive Rush|p1a: Uxie\n|-damage|p1a: Uxie|0 fnt\n|-singlemove|p2a: Baxcalibur|Glaive Rush|[silent]\n|faint|p1a: Uxie\n|\n|win|XxN00bM4st3rxX69\n|raw|Astralabalaka's rating: 1413 &rarr; <strong>1393</strong><br />(-20 for losing)\n|raw|XxN00bM4st3rxX69's rating: 1418 &rarr; <strong>1438</strong><br />(+20 for winning)\n|c|\u2606Astralabalaka|?\n", "inputlog": ">version bfd83cad13791eb5a5a409923076391caf6fb4d4\n>start {\"formatid\":\"gen9randombattle\",\"seed\":[26757,6711,34042,61751],\"rated\":\"Rated battle\"}\n>player p1 {\"name\":\"Astralabalaka\",\"avatar\":\"steven\",\"rating\":1413,\"seed\":[9795,20397,39836,17702]}\n>player p2 {\"name\":\"XxN00bM4st3rxX69\",\"avatar\":\"102\",\"rating\":1418,\"seed\":[39249,42099,58477,35582]}\n>chat \u2606Astralabalaka|Any day now\n>chat \u2606XxN00bM4st3rxX69|got other things going on\n>p1 move nastyplot\n>p2 move taunt\n>p1 move focusblast\n>p2 move knockoff\n>p1 move darkpulse\n>p2 move gunkshot\n>p2 switch 5\n>p1 move sludgebomb\n>p2 move encore\n>chat \u2606XxN00bM4st3rxX69|l on me\n>p2 switch 2\n>p1 move focusblast\n>p2 move dragondance\n>p1 move focusblast\n>p2 move glaiverush\n>p1 switch 3\n>p1 move willowisp terastallize\n>p2 move glaiverush\n>p1 move dragontail\n>p2 move earthquake\n>p1 switch 2\n>p1 move earthquake\n>p2 move iciclecrash\n>p1 switch 6\n>p1 move earthquake\n>p2 move dragondance\n>p1 move earthquake\n>p2 move glaiverush terastallize\n>p1 switch 4\n>p1 move moonblast\n>p2 move glaiverush\n>p1 switch 5\n>chat \u2606XxN00bM4st3rxX69|lol\n>chat \u2606XxN00bM4st3rxX69|any day now\n>p1 move thunderwave\n>p2 move glaiverush", "uploadtime": 1733888234, "views": 7, "formatid": "gen9randombattle", "rating": 1393, "private": 0, "password": null}