{"id": "gen9randombattle-2020915078", "format": "[Gen 9] Random Battle", "players": ["Lt_alt1", "MichaelderBeste2"], "log": "|j|\u2606Lt_alt1\n|j|\u2606MichaelderBeste2\n|t:|1703673164\n|gametype|singles\n|player|p1|Lt_alt1|266|2211\n|player|p2|MichaelderBeste2|#wcop2023germany|2310\n|teamsize|p1|6\n|teamsize|p2|6\n|gen|9\n|tier|[Gen 9] Random Battle\n|rated|\n|rule|Species Clause: Limit one of each Pok\u00e9mon\n|rule|HP Percentage Mod: HP is shown in percentages\n|rule|Sleep Clause Mod: Limit one foe put to sleep\n|rule|Illusion Level Mod: Illusion disguises the Pok\u00e9mon's true level\n|\n|t:|1703673164\n|start\n|switch|p1a: Scream Tail|Scream Tail, L84|330/330\n|switch|p2a: Hydreigon|Hydreigon, L79, F|275/275\n|turn|1\n|\n|t:|1703673180\n|switch|p2a: Sandaconda|Sandaconda, L84, F|258/258\n|move|p1a: Scream Tail|Wish|p1a: Scream Tail\n|\n|upkeep\n|turn|2\n|\n|t:|1703673190\n|-end|p1a: Scream Tail|Protosynthesis|[silent]\n|switch|p1a: Eelektross|Eelektross, L87, M|290/290\n|move|p2a: Sandaconda|Coil|p2a: Sandaconda\n|-boost|p2a: Sandaconda|atk|1\n|-boost|p2a: Sandaconda|def|1\n|-boost|p2a: Sandaconda|accuracy|1\n|\n|upkeep\n|turn|3\n|\n|t:|1703673204\n|move|p2a: Sandaconda|Stone Edge|p1a: Eelektross\n|-damage|p1a: Eelektross|170/290\n|move|p1a: Eelektross|Coil|p1a: Eelektross\n|-boost|p1a: Eelektross|atk|1\n|-boost|p1a: Eelektross|def|1\n|-boost|p1a: Eelektross|accuracy|1\n|\n|-heal|p1a: Eelektross|188/290|[from] item: Leftovers\n|upkeep\n|turn|4\n|\n|t:|1703673210\n|move|p2a: Sandaconda|Stone Edge|p1a: Eelektross\n|-damage|p1a: Eelektross|114/290\n|move|p1a: Eelektross|Coil|p1a: Eelektross\n|-boost|p1a: Eelektross|atk|1\n|-boost|p1a: Eelektross|def|1\n|-boost|p1a: Eelektross|accuracy|1\n|\n|-heal|p1a: Eelektross|132/290|[from] item: Leftovers\n|upkeep\n|turn|5\n|\n|t:|1703673214\n|switch|p2a: Latios|Latios, L79, M|256/256\n|move|p1a: Eelektross|Drain Punch|p2a: Latios\n|-resisted|p2a: Latios\n|-damage|p2a: Latios|184/256\n|-heal|p1a: Eelektross|168/290|[from] drain|[of] p2a: Latios\n|\n|-heal|p1a: Eelektross|186/290|[from] item: Leftovers\n|upkeep\n|turn|6\n|\n|t:|1703673222\n|switch|p1a: Scream Tail|Scream Tail, L84|330/330\n|move|p2a: Latios|Draco Meteor|p1a: Scream Tail\n|-immune|p1a: Scream Tail\n|\n|upkeep\n|turn|7\n|\n|t:|1703673227\n|switch|p2a: Sandaconda|Sandaconda, L84, F|258/258\n|move|p1a: Scream Tail|Wish|p1a: Scream Tail\n|\n|upkeep\n|turn|8\n|\n|t:|1703673238\n|-end|p1a: Scream Tail|Protosynthesis|[silent]\n|switch|p1a: Eelektross|Eelektross, L87, M|186/290\n|switch|p2a: Mightyena|Mightyena, L95, F|287/287\n|\n|-heal|p1a: Eelektross|290/290|[from] move: Wish|[wisher] Scream Tail\n|upkeep\n|turn|9\n|\n|t:|1703673247\n|move|p2a: Mightyena|Poison Fang|p1a: Eelektross\n|-damage|p1a: Eelektross|227/290\n|move|p1a: Eelektross|Drain Punch|p2a: Mightyena\n|-supereffective|p2a: Mightyena\n|-crit|p2a: Mightyena\n|-damage|p2a: Mightyena|95/287\n|-heal|p1a: Eelektross|290/290|[from] drain|[of] p2a: Mightyena\n|\n|upkeep\n|turn|10\n|\n|t:|1703673289\n|move|p2a: Mightyena|Poison Fang|p1a: Eelektross\n|-damage|p1a: Eelektross|227/290\n|-status|p1a: Eelektross|tox\n|move|p1a: Eelektross|Drain Punch|p2a: Mightyena\n|-supereffective|p2a: Mightyena\n|-damage|p2a: Mightyena|0 fnt\n|-heal|p1a: Eelektross|275/290 tox|[from] drain|[of] p2a: Mightyena\n|faint|p2a: Mightyena\n|\n|-heal|p1a: Eelektross|290/290 tox|[from] item: Leftovers\n|-damage|p1a: Eelektross|272/290 tox|[from] psn\n|upkeep\n|\n|t:|1703673292\n|switch|p2a: Sandaconda|Sandaconda, L84, F|258/258\n|turn|11\n|\n|t:|1703673297\n|switch|p1a: Scream Tail|Scream Tail, L84|330/330\n|move|p2a: Sandaconda|Coil|p2a: Sandaconda\n|-boost|p2a: Sandaconda|atk|1\n|-boost|p2a: Sandaconda|def|1\n|-boost|p2a: Sandaconda|accuracy|1\n|\n|upkeep\n|turn|12\n|\n|t:|1703673309\n|move|p1a: Scream Tail|Encore|p2a: Sandaconda\n|-start|p2a: Sandaconda|Encore\n|move|p2a: Sandaconda|Coil|p2a: Sandaconda\n|-boost|p2a: Sandaconda|atk|1\n|-boost|p2a: Sandaconda|def|1\n|-boost|p2a: Sandaconda|accuracy|1\n|\n|upkeep\n|turn|13\n|\n|t:|1703673311\n|move|p1a: Scream Tail|Play Rough|p2a: Sandaconda\n|-damage|p2a: Sandaconda|230/258\n|move|p2a: Sandaconda|Coil|p2a: Sandaconda\n|-boost|p2a: Sandaconda|atk|1\n|-boost|p2a: Sandaconda|def|1\n|-boost|p2a: Sandaconda|accuracy|1\n|\n|-heal|p2a: Sandaconda|246/258|[from] item: Leftovers\n|upkeep\n|turn|14\n|\n|t:|1703673315\n|move|p1a: Scream Tail|Play Rough|p2a: Sandaconda\n|-damage|p2a: Sandaconda|224/258\n|move|p2a: Sandaconda|Coil|p2a: Sandaconda\n|-boost|p2a: Sandaconda|atk|1\n|-boost|p2a: Sandaconda|def|1\n|-boost|p2a: Sandaconda|accuracy|1\n|\n|-heal|p2a: Sandaconda|240/258|[from] item: Leftovers\n|-end|p2a: Sandaconda|Encore\n|upkeep\n|turn|15\n|\n|t:|1703673318\n|move|p1a: Scream Tail|Encore|p2a: Sandaconda\n|-start|p2a: Sandaconda|Encore\n|move|p2a: Sandaconda|Coil|p2a: Sandaconda\n|-boost|p2a: Sandaconda|atk|1\n|-boost|p2a: Sandaconda|def|1\n|-boost|p2a: Sandaconda|accuracy|1\n|\n|-heal|p2a: Sandaconda|256/258|[from] item: Leftovers\n|upkeep\n|turn|16\n|\n|t:|1703673322\n|-end|p1a: Scream Tail|Protosynthesis|[silent]\n|switch|p1a: Hydreigon|Hydreigon, L79, M|275/275\n|move|p2a: Sandaconda|Coil|p2a: Sandaconda\n|-boost|p2a: Sandaconda|atk|1\n|-boost|p2a: Sandaconda|def|1\n|-boost|p2a: Sandaconda|accuracy|1\n|\n|-heal|p2a: Sandaconda|258/258|[from] item: Leftovers\n|upkeep\n|turn|17\n|\n|t:|1703673326\n|move|p1a: Hydreigon|Draco Meteor|p2a: Sandaconda\n|-damage|p2a: Sandaconda|11/258\n|-unboost|p1a: Hydreigon|spa|2\n|move|p2a: Sandaconda|Coil|p2a: Sandaconda\n|-boost|p2a: Sandaconda|atk|0\n|-boost|p2a: Sandaconda|def|0\n|-boost|p2a: Sandaconda|accuracy|0\n|\n|-heal|p2a: Sandaconda|27/258|[from] item: Leftovers\n|-end|p2a: Sandaconda|Encore\n|upkeep\n|turn|18\n|\n|t:|1703673331\n|switch|p2a: Flutter Mane|Flutter Mane, L74|203/203\n|move|p1a: Hydreigon|Draco Meteor|p2a: Flutter Mane\n|-immune|p2a: Flutter Mane\n|\n|upkeep\n|turn|19\n|\n|t:|1703673336\n|switch|p1a: Fezandipiti|Fezandipiti, L81, M|275/275\n|move|p2a: Flutter Mane|Calm Mind|p2a: Flutter Mane\n|-boost|p2a: Flutter Mane|spa|1\n|-boost|p2a: Flutter Mane|spd|1\n|\n|upkeep\n|turn|20\n|\n|t:|1703673348\n|move|p2a: Flutter Mane|Shadow Ball|p1a: Fezandipiti\n|-damage|p1a: Fezandipiti|181/275\n|-unboost|p1a: Fezandipiti|spd|1\n|-damage|p2a: Flutter Mane|183/203|[from] item: Life Orb\n|move|p1a: Fezandipiti|Beat Up|p2a: Flutter Mane\n|-damage|p2a: Flutter Mane|168/203\n|-status|p2a: Flutter Mane|tox|[from] ability: Toxic Chain|[of] p1a: Fezandipiti\n|-damage|p2a: Flutter Mane|154/203 tox\n|-damage|p2a: Flutter Mane|142/203 tox\n|-damage|p2a: Flutter Mane|126/203 tox\n|-damage|p2a: Flutter Mane|107/203 tox\n|-hitcount|p2a: Flutter Mane|5\n|\n|-damage|p2a: Flutter Mane|95/203 tox|[from] psn\n|upkeep\n|turn|21\n|\n|t:|1703673358\n|move|p2a: Flutter Mane|Shadow Ball|p1a: Fezandipiti\n|-damage|p1a: Fezandipiti|52/275\n|-damage|p2a: Flutter Mane|75/203 tox|[from] item: Life Orb\n|move|p1a: Fezandipiti|Beat Up|p2a: Flutter Mane\n|-damage|p2a: Flutter Mane|60/203 tox\n|-damage|p2a: Flutter Mane|46/203 tox\n|-damage|p2a: Flutter Mane|33/203 tox\n|-crit|p2a: Flutter Mane\n|-damage|p2a: Flutter Mane|8/203 tox\n|-damage|p2a: Flutter Mane|0 fnt\n|faint|p2a: Flutter Mane\n|-end|p2a: Flutter Mane|Protosynthesis|[silent]\n|-hitcount|p2: Flutter Mane|5\n|\n|upkeep\n|\n|t:|1703673368\n|switch|p2a: Latios|Latios, L79, M|184/256\n|turn|22\n|\n|t:|1703673375\n|move|p2a: Latios|Flip Turn|p1a: Fezandipiti\n|-damage|p1a: Fezandipiti|11/275\n|\n|t:|1703673378\n|switch|p2a: Regirock|Regirock, L86|278/278|[from] Flip Turn\n|move|p1a: Fezandipiti|Beat Up|p2a: Regirock\n|-damage|p2a: Regirock|273/278\n|-damage|p2a: Regirock|268/278\n|-damage|p2a: Regirock|264/278\n|-status|p2a: Regirock|tox|[from] ability: Toxic Chain|[of] p1a: Fezandipiti\n|-damage|p2a: Regirock|258/278 tox\n|-damage|p2a: Regirock|252/278 tox\n|-hitcount|p2a: Regirock|5\n|\n|-damage|p2a: Regirock|235/278 tox|[from] psn\n|upkeep\n|turn|23\n|\n|t:|1703673385\n|switch|p1a: Scream Tail|Scream Tail, L84|330/330\n|move|p2a: Regirock|Body Press|p1a: Scream Tail\n|-resisted|p1a: Scream Tail\n|-damage|p1a: Scream Tail|307/330\n|\n|-heal|p1a: Scream Tail|327/330|[from] item: Leftovers\n|-damage|p2a: Regirock|201/278 tox|[from] psn\n|upkeep\n|turn|24\n|\n|t:|1703673401\n|switch|p2a: Sandaconda|Sandaconda, L84, F|27/258\n|move|p1a: Scream Tail|Encore||[still]\n|-fail|p1a: Scream Tail\n|\n|-heal|p1a: Scream Tail|330/330|[from] item: Leftovers\n|-heal|p2a: Sandaconda|43/258|[from] item: Leftovers\n|upkeep\n|turn|25\n|\n|t:|1703673423\n|switch|p2a: Regirock|Regirock, L86|201/278 tox\n|move|p1a: Scream Tail|Play Rough|p2a: Regirock\n|-damage|p2a: Regirock|168/278 tox\n|\n|-damage|p2a: Regirock|151/278 tox|[from] psn\n|upkeep\n|turn|26\n|\n|t:|1703673426\n|move|p1a: Scream Tail|Protect|p1a: Scream Tail\n|-singleturn|p1a: Scream Tail|Protect\n|move|p2a: Regirock|Rest|p2a: Regirock\n|-status|p2a: Regirock|slp|[from] move: Rest\n|-heal|p2a: Regirock|278/278 slp|[silent]\n|-enditem|p2a: Regirock|Chesto Berry|[eat]\n|-curestatus|p2a: Regirock|slp|[msg]\n|\n|upkeep\n|turn|27\n|\n|t:|1703673437\n|switch|p2a: Sandaconda|Sandaconda, L84, F|43/258\n|move|p1a: Scream Tail|Play Rough|p2a: Sandaconda\n|-damage|p2a: Sandaconda|0 fnt\n|faint|p2a: Sandaconda\n|\n|upkeep\n|\n|t:|1703673443\n|switch|p2a: Regirock|Regirock, L86|278/278\n|turn|28\n|\n|t:|1703673446\n|move|p1a: Scream Tail|Protect|p1a: Scream Tail\n|-singleturn|p1a: Scream Tail|Protect\n|move|p2a: Regirock|Iron Defense|p2a: Regirock\n|-boost|p2a: Regirock|def|2\n|\n|upkeep\n|turn|29\n|\n|t:|1703673450\n|move|p1a: Scream Tail|Encore|p2a: Regirock\n|-start|p2a: Regirock|Encore\n|move|p2a: Regirock|Iron Defense|p2a: Regirock\n|-boost|p2a: Regirock|def|2\n|\n|upkeep\n|turn|30\n|\n|t:|1703673453\n|-end|p1a: Scream Tail|Protosynthesis|[silent]\n|switch|p1a: Hydreigon|Hydreigon, L79, M|275/275\n|move|p2a: Regirock|Iron Defense|p2a: Regirock\n|-boost|p2a: Regirock|def|2\n|\n|upkeep\n|turn|31\n|\n|t:|1703673458\n|move|p1a: Hydreigon|Draco Meteor|p2a: Regirock\n|-damage|p2a: Regirock|86/278\n|-unboost|p1a: Hydreigon|spa|2\n|move|p2a: Regirock|Iron Defense|p2a: Regirock\n|-boost|p2a: Regirock|def|0\n|\n|-end|p2a: Regirock|Encore\n|upkeep\n|turn|32\n|\n|t:|1703673462\n|move|p1a: Hydreigon|Draco Meteor|p2a: Regirock\n|-damage|p2a: Regirock|0 fnt\n|-unboost|p1a: Hydreigon|spa|2\n|faint|p2a: Regirock\n|\n|upkeep\n|-message|MichaelderBeste2 forfeited.\n|\n|win|Lt_alt1\n|raw|Lt_alt1's rating: 2211 &rarr; <strong>2237</strong><br />(+26 for winning)\n|raw|MichaelderBeste2's rating: 2310 &rarr; <strong>2284</strong><br />(-26 for losing)\n|l|\u2606MichaelderBeste2\n", "inputlog": ">version d12ae095c6c52c9f3c97c1130509a32f6466b271\n>start {\"formatid\":\"gen9randombattle\",\"seed\":[2365,23655,51566,3964],\"rated\":\"Rated battle\"}\n>player p1 {\"name\":\"Lt_alt1\",\"avatar\":\"266\",\"rating\":2211,\"seed\":[58287,59839,63508,47296]}\n>player p2 {\"name\":\"MichaelderBeste2\",\"avatar\":\"#wcop2023germany\",\"rating\":2310,\"seed\":[7469,46625,15487,23156]}\n>p1 move wish\n>p2 switch 3\n>p1 switch 5\n>p2 move coil\n>p1 move coil\n>p2 move stoneedge\n>p1 move coil\n>p2 move stoneedge\n>p1 move drainpunch\n>p2 switch 2\n>p1 switch 5\n>p2 move dracometeor\n>p1 move wish\n>p2 switch 2\n>p1 switch 5\n>p2 switch 5\n>p1 move drainpunch\n>p2 move poisonfang\n>p1 move drainpunch\n>p2 move poisonfang\n>p2 switch 5\n>p1 switch 5\n>p2 move coil\n>p1 move encore\n>p2 move earthquake\n>p1 move playrough\n>p2 move coil\n>p1 move playrough\n>p2 move coil\n>p1 move encore\n>p2 move earthquake\n>p1 switch 3\n>p2 move coil\n>p1 move dracometeor\n>p2 move coil\n>p1 move dracometeor\n>p2 switch 6\n>p1 switch 2\n>p2 move calmmind\n>p1 move beatup\n>p2 move shadowball\n>p1 move beatup\n>p2 move shadowball\n>p2 switch 2\n>p1 move beatup\n>p2 move flipturn\n>p2 switch 4\n>p1 switch 3\n>p2 move bodypress\n>p1 move encore\n>p2 switch 6\n>p1 move playrough\n>p2 switch 6\n>p1 move protect\n>p2 move rest\n>p1 move playrough\n>p2 switch 6\n>p2 switch 6\n>p1 move protect\n>p2 move irondefense\n>p1 move encore\n>p2 move irondefense\n>p1 switch 2\n>p2 move irondefense\n>p1 move dracometeor\n>p2 move irondefense\n>p1 move dracometeor\n>p2 move bodypress\n>forcelose p2", "uploadtime": 1703673536, "views": 300, "formatid": "gen9randombattle", "rating": 2237, "private": 0, "password": null}