{"id": "gen9randombattle-2260786311", "format": "[Gen 9] Random Battle", "players": ["BlueCatWhiteHat", "wocoloco"], "log": "|j|\u2606BlueCatWhiteHat\n|j|\u2606wocoloco\n|t:|1733891894\n|gametype|singles\n|player|p1|BlueCatWhiteHat|ghetsis-gen5bw|1445\n|player|p2|wocoloco|170|1493\n|teamsize|p1|6\n|teamsize|p2|6\n|gen|9\n|tier|[Gen 9] Random Battle\n|rated|\n|rule|Species Clause: Limit one of each Pok\u00e9mon\n|rule|HP Percentage Mod: HP is shown in percentages\n|rule|Sleep Clause Mod: Limit one foe put to sleep\n|rule|Illusion Level Mod: Illusion disguises the Pok\u00e9mon's true level\n|\n|t:|1733891894\n|start\n|switch|p1a: Milotic|Milotic, L83, F|293/293\n|switch|p2a: Darkrai|Darkrai, L77|234/234\n|turn|1\n|inactive|Battle timer is ON: inactive players will automatically lose when time's up. (requested by BlueCatWhiteHat)\n|\n|t:|1733891923\n|move|p2a: Darkrai|Hypnosis|p1a: Milotic\n|-status|p1a: Milotic|slp|[from] move: Hypnosis\n|cant|p1a: Milotic|slp\n|\n|-damage|p1a: Milotic|257/293 slp|[from] ability: Bad Dreams|[of] p2a: Darkrai\n|upkeep\n|turn|2\n|\n|t:|1733891949\n|switch|p2a: Ludicolo|Ludicolo, L90, F|290/290\n|switch|p1a: Dodrio|Dodrio, L86, F|243/243\n|\n|upkeep\n|turn|3\n|\n|t:|1733891966\n|-terastallize|p2a: Ludicolo|Steel\n|move|p1a: Dodrio|Swords Dance|p1a: Dodrio\n|-boost|p1a: Dodrio|atk|2\n|move|p2a: Ludicolo|Hydro Pump|p1a: Dodrio\n|-damage|p1a: Dodrio|35/243\n|-damage|p2a: Ludicolo|261/290|[from] item: Life Orb\n|\n|upkeep\n|turn|4\n|\n|t:|1733891976\n|move|p1a: Dodrio|Knock Off|p2a: Ludicolo\n|-damage|p2a: Ludicolo|86/290\n|-enditem|p2a: Ludicolo|Life Orb|[from] move: Knock Off|[of] p1a: Dodrio\n|move|p2a: Ludicolo|Ice Beam|p1a: Dodrio\n|-supereffective|p1a: Dodrio\n|-damage|p1a: Dodrio|0 fnt\n|faint|p1a: Dodrio\n|\n|upkeep\n|\n|t:|1733891985\n|switch|p1a: Zekrom|Zekrom, L71|259/259\n|-ability|p1a: Zekrom|Teravolt\n|turn|5\n|inactive|wocoloco has 120 seconds left.\n|\n|t:|1733892018\n|switch|p2a: Groudon|Groudon, L72|263/263\n|-weather|SunnyDay|[from] ability: Drought|[of] p2a: Groudon\n|move|p1a: Zekrom|Dragon Dance|p1a: Zekrom\n|-boost|p1a: Zekrom|atk|1\n|-boost|p1a: Zekrom|spe|1\n|\n|-weather|SunnyDay|[upkeep]\n|upkeep\n|turn|6\n|\n|t:|1733892040\n|switch|p1a: Mamoswine|Mamoswine, L81, F|311/311\n|move|p2a: Groudon|Precipice Blades|p1a: Mamoswine\n|-damage|p1a: Mamoswine|166/311\n|\n|-weather|SunnyDay|[upkeep]\n|upkeep\n|turn|7\n|inactive|wocoloco has 120 seconds left.\n|\n|t:|1733892077\n|switch|p2a: Ludicolo|Ludicolo, L90, F, tera:Steel|86/290\n|move|p1a: Mamoswine|Icicle Crash|p2a: Ludicolo\n|-resisted|p2a: Ludicolo\n|-damage|p2a: Ludicolo|4/290\n|\n|-weather|SunnyDay|[upkeep]\n|upkeep\n|turn|8\n|\n|t:|1733892085\n|switch|p1a: Milotic|Milotic, L83, F|257/293 slp\n|move|p2a: Ludicolo|Giga Drain|p1a: Milotic\n|-supereffective|p1a: Milotic\n|-damage|p1a: Milotic|131/293 slp\n|-heal|p2a: Ludicolo|67/290|[from] drain|[of] p1a: Milotic\n|\n|-weather|SunnyDay|[upkeep]\n|-heal|p1a: Milotic|149/293 slp|[from] item: Leftovers\n|upkeep\n|turn|9\n|\n|t:|1733892093\n|cant|p1a: Milotic|slp\n|move|p2a: Ludicolo|Giga Drain|p1a: Milotic\n|-supereffective|p1a: Milotic\n|-damage|p1a: Milotic|17/293 slp\n|-heal|p2a: Ludicolo|133/290|[from] drain|[of] p1a: Milotic\n|\n|-weather|none\n|-heal|p1a: Milotic|35/293 slp|[from] item: Leftovers\n|upkeep\n|turn|10\n|\n|t:|1733892097\n|cant|p1a: Milotic|slp\n|move|p2a: Ludicolo|Giga Drain|p1a: Milotic\n|-supereffective|p1a: Milotic\n|-damage|p1a: Milotic|0 fnt\n|-heal|p2a: Ludicolo|151/290|[from] drain|[of] p1a: Milotic\n|faint|p1a: Milotic\n|\n|upkeep\n|\n|t:|1733892103\n|switch|p1a: Mamoswine|Mamoswine, L81, F|166/311\n|turn|11\n|\n|t:|1733892111\n|move|p2a: Ludicolo|Giga Drain|p1a: Mamoswine\n|-supereffective|p1a: Mamoswine\n|-damage|p1a: Mamoswine|0 fnt\n|-heal|p2a: Ludicolo|234/290|[from] drain|[of] p1a: Mamoswine\n|faint|p1a: Mamoswine\n|\n|upkeep\n|\n|t:|1733892115\n|switch|p1a: Lunala|Lunala, L70|308/308\n|turn|12\n|\n|t:|1733892132\n|move|p1a: Lunala|Calm Mind|p1a: Lunala\n|-boost|p1a: Lunala|spa|1\n|-boost|p1a: Lunala|spd|1\n|move|p2a: Ludicolo|Hydro Pump|p1a: Lunala\n|-damage|p1a: Lunala|266/308\n|\n|-heal|p1a: Lunala|285/308|[from] item: Leftovers\n|upkeep\n|turn|13\n|\n|t:|1733892150\n|switch|p2a: Slowbro|Slowbro-Galar, L87, M|307/307\n|move|p1a: Lunala|Calm Mind|p1a: Lunala\n|-boost|p1a: Lunala|spa|1\n|-boost|p1a: Lunala|spd|1\n|\n|-heal|p1a: Lunala|304/308|[from] item: Leftovers\n|upkeep\n|turn|14\n|\n|t:|1733892166\n|move|p1a: Lunala|Moongeist Beam|p2a: Slowbro\n|-supereffective|p2a: Slowbro\n|-damage|p2a: Slowbro|17/307\n|move|p2a: Slowbro|Foul Play|p1a: Lunala\n|-supereffective|p1a: Lunala\n|-damage|p1a: Lunala|56/308\n|\n|-heal|p1a: Lunala|75/308|[from] item: Leftovers\n|upkeep\n|turn|15\n|\n|t:|1733892172\n|move|p1a: Lunala|Psyshock|p2a: Slowbro\n|-damage|p2a: Slowbro|0 fnt\n|faint|p2a: Slowbro\n|\n|-heal|p1a: Lunala|94/308|[from] item: Leftovers\n|upkeep\n|\n|t:|1733892175\n|switch|p2a: Ambipom|Ambipom, L84, F|263/263\n|turn|16\n|\n|t:|1733892184\n|-terastallize|p1a: Lunala|Fairy\n|move|p2a: Ambipom|Knock Off|p1a: Lunala\n|-resisted|p1a: Lunala\n|-crit|p1a: Lunala\n|-damage|p1a: Lunala|36/308\n|-enditem|p1a: Lunala|Leftovers|[from] move: Knock Off|[of] p2a: Ambipom\n|move|p1a: Lunala|Moonlight|p1a: Lunala\n|-heal|p1a: Lunala|190/308\n|\n|upkeep\n|turn|17\n|\n|t:|1733892194\n|move|p2a: Ambipom|Double-Edge|p1a: Lunala\n|-damage|p1a: Lunala|0 fnt\n|faint|p1a: Lunala\n|-damage|p2a: Ambipom|200/263|[from] Recoil\n|\n|upkeep\n|\n|t:|1733892199\n|switch|p1a: Banette|Banette, L93, F|270/270\n|turn|18\n|\n|t:|1733892202\n|move|p2a: Ambipom|Knock Off|p1a: Banette\n|-supereffective|p1a: Banette\n|-damage|p1a: Banette|112/270\n|-enditem|p1a: Banette|Life Orb|[from] move: Knock Off|[of] p2a: Ambipom\n|move|p1a: Banette|Swords Dance|p1a: Banette\n|-boost|p1a: Banette|atk|2\n|\n|upkeep\n|turn|19\n|\n|t:|1733892210\n|move|p2a: Ambipom|U-turn|p1a: Banette\n|-resisted|p1a: Banette\n|-crit|p1a: Banette\n|-damage|p1a: Banette|73/270\n|\n|t:|1733892214\n|switch|p2a: Espathra|Espathra, L80, M|283/283|[from] U-turn\n|move|p1a: Banette|Gunk Shot|p2a: Espathra|[miss]\n|-miss|p1a: Banette|p2a: Espathra\n|\n|upkeep\n|turn|20\n|\n|t:|1733892224\n|move|p1a: Banette|Shadow Sneak|p2a: Espathra\n|-supereffective|p2a: Espathra\n|-damage|p2a: Espathra|0 fnt\n|faint|p2a: Espathra\n|\n|upkeep\n|\n|t:|1733892231\n|switch|p2a: Darkrai|Darkrai, L77|234/234\n|turn|21\n|\n|t:|1733892234\n|move|p2a: Darkrai|Dark Pulse|p1a: Banette\n|-supereffective|p1a: Banette\n|-damage|p1a: Banette|0 fnt\n|faint|p1a: Banette\n|-damage|p2a: Darkrai|211/234|[from] item: Life Orb\n|\n|upkeep\n|\n|t:|1733892237\n|switch|p1a: Zekrom|Zekrom, L71|259/259\n|-ability|p1a: Zekrom|Teravolt\n|turn|22\n|\n|t:|1733892240\n|move|p2a: Darkrai|Dark Pulse|p1a: Zekrom\n|-damage|p1a: Zekrom|125/259\n|-damage|p2a: Darkrai|188/234|[from] item: Life Orb\n|move|p1a: Zekrom|Dragon Dance|p1a: Zekrom\n|-boost|p1a: Zekrom|atk|1\n|-boost|p1a: Zekrom|spe|1\n|\n|-heal|p1a: Zekrom|141/259|[from] item: Leftovers\n|upkeep\n|turn|23\n|\n|t:|1733892250\n|move|p1a: Zekrom|Bolt Strike|p2a: Darkrai\n|-damage|p2a: Darkrai|0 fnt\n|faint|p2a: Darkrai\n|\n|-heal|p1a: Zekrom|157/259|[from] item: Leftovers\n|upkeep\n|\n|t:|1733892253\n|switch|p2a: Groudon|Groudon, L72|263/263\n|-weather|SunnyDay|[from] ability: Drought|[of] p2a: Groudon\n|turn|24\n|\n|t:|1733892260\n|move|p1a: Zekrom|Outrage|p2a: Groudon\n|-damage|p2a: Groudon|112/263\n|move|p2a: Groudon|Precipice Blades|p1a: Zekrom|[miss]\n|-miss|p2a: Groudon|p1a: Zekrom\n|\n|-weather|SunnyDay|[upkeep]\n|-heal|p1a: Zekrom|173/259|[from] item: Leftovers\n|-heal|p2a: Groudon|128/263|[from] item: Leftovers\n|upkeep\n|turn|25\n|\n|t:|1733892270\n|move|p1a: Zekrom|Outrage|p2a: Groudon|[from]lockedmove\n|-damage|p2a: Groudon|0 fnt\n|faint|p2a: Groudon\n|\n|-weather|SunnyDay|[upkeep]\n|-heal|p1a: Zekrom|189/259|[from] item: Leftovers\n|upkeep\n|\n|t:|1733892275\n|switch|p2a: Ambipom|Ambipom, L84, F|200/263\n|turn|26\n|\n|t:|1733892278\n|move|p2a: Ambipom|Fake Out|p1a: Zekrom\n|-damage|p1a: Zekrom|119/259\n|cant|p1a: Zekrom|flinch\n|\n|-weather|SunnyDay|[upkeep]\n|-heal|p1a: Zekrom|135/259|[from] item: Leftovers\n|-start|p1a: Zekrom|confusion|[fatigue]\n|upkeep\n|turn|27\n|\n|t:|1733892282\n|-activate|p1a: Zekrom|confusion\n|move|p1a: Zekrom|Outrage|p2a: Ambipom\n|-damage|p2a: Ambipom|0 fnt\n|faint|p2a: Ambipom\n|\n|-weather|SunnyDay|[upkeep]\n|-heal|p1a: Zekrom|151/259|[from] item: Leftovers\n|upkeep\n|\n|t:|1733892285\n|switch|p2a: Ludicolo|Ludicolo, L90, F, tera:Steel|234/290\n|turn|28\n|c|\u2606wocoloco|nah\n|\n|t:|1733892292\n|-activate|p1a: Zekrom|confusion\n|-damage|p1a: Zekrom|108/259|[from] confusion\n|move|p2a: Ludicolo|Ice Beam|p1a: Zekrom\n|-supereffective|p1a: Zekrom\n|-damage|p1a: Zekrom|0 fnt\n|faint|p1a: Zekrom\n|\n|win|wocoloco\n|raw|BlueCatWhiteHat's rating: 1445 &rarr; <strong>1428</strong><br />(-17 for losing)\n|raw|wocoloco's rating: 1493 &rarr; <strong>1510</strong><br />(+17 for winning)\n|c|\u2606wocoloco|haha gg\n|l|\u2606wocoloco\n|player|p2|\n|c|\u2606BlueCatWhiteHat|Ggwp\n", "inputlog": ">version bfd83cad13791eb5a5a409923076391caf6fb4d4\n>start {\"formatid\":\"gen9randombattle\",\"seed\":[42052,44524,43155,58970],\"rated\":\"Rated battle\"}\n>player p1 {\"name\":\"BlueCatWhiteHat\",\"avatar\":\"ghetsis-gen5bw\",\"rating\":1445,\"seed\":[1110,8717,57489,50269]}\n>player p2 {\"name\":\"wocoloco\",\"avatar\":\"170\",\"rating\":1493,\"seed\":[27019,41471,58965,38777]}\n>p1 move scald\n>p2 move hypnosis\n>p1 switch 2\n>p2 switch 2\n>p1 move swordsdance\n>p2 move hydropump terastallize\n>p1 move knockoff\n>p2 move icebeam\n>p1 switch 4\n>p1 move dragondance\n>p2 switch 6\n>p1 switch 5\n>p2 move precipiceblades\n>p1 move iciclecrash\n>p2 switch 6\n>p1 switch 2\n>p2 move gigadrain\n>p1 move scald\n>p2 move gigadrain\n>p1 move scald\n>p2 move gigadrain\n>p1 switch 2\n>p1 move earthquake\n>p2 move gigadrain\n>p1 switch 6\n>p1 move calmmind\n>p2 move hydropump\n>p1 move calmmind\n>p2 switch 4\n>p1 move moongeistbeam\n>p2 move foulplay\n>p1 move psyshock\n>p2 move foulplay\n>p2 switch 5\n>p1 move moonlight terastallize\n>p2 move knockoff\n>p1 move psyshock\n>p2 move doubleedge\n>p1 switch 3\n>p1 move swordsdance\n>p2 move knockoff\n>p1 move gunkshot\n>p2 move uturn\n>p2 switch 3\n>p1 move shadowsneak\n>p2 move luminacrash\n>p2 switch 2\n>p1 move gunkshot\n>p2 move darkpulse\n>p1 switch 5\n>p1 move dragondance\n>p2 move darkpulse\n>p1 move boltstrike\n>p2 move darkpulse\n>p2 switch 6\n>p1 move outrage\n>p2 move precipiceblades\n>p1 move outrage\n>p2 move precipiceblades\n>p2 switch 3\n>p1 move outrage\n>p2 move fakeout\n>p1 move outrage\n>p2 move doubleedge\n>p2 switch 4\n>chat \u2606wocoloco|nah\n>p1 move outrage\n>p2 move icebeam", "uploadtime": 1733892316, "views": 14, "formatid": "gen9randombattle", "rating": 1428, "private": 0, "password": null}