{"id": "gen9randombattle-2260558944", "format": "[Gen 9] Random Battle", "players": ["Royhobbs18", "Cheesemancheeseman"], "log": "|j|\u2606Royhobbs18\n|j|\u2606Cheesemancheeseman\n|t:|1733863480\n|gametype|singles\n|player|p1|Royhobbs18|265|1633\n|player|p2|Cheesemancheeseman|hiker-gen4|1684\n|teamsize|p1|6\n|teamsize|p2|6\n|gen|9\n|tier|[Gen 9] Random Battle\n|rated|\n|rule|Species Clause: Limit one of each Pok\u00e9mon\n|rule|HP Percentage Mod: HP is shown in percentages\n|rule|Sleep Clause Mod: Limit one foe put to sleep\n|rule|Illusion Level Mod: Illusion disguises the Pok\u00e9mon's true level\n|\n|t:|1733863480\n|start\n|switch|p1a: Arboliva|Arboliva, L91, M|290/290\n|switch|p2a: Tsareena|Tsareena, L87, F|267/267\n|turn|1\n|inactive|Battle timer is ON: inactive players will automatically lose when time's up. (requested by Royhobbs18)\n|\n|t:|1733863487\n|move|p2a: Tsareena|U-turn|p1a: Arboliva\n|-supereffective|p1a: Arboliva\n|-damage|p1a: Arboliva|178/290\n|-fieldstart|move: Grassy Terrain|[from] ability: Seed Sower|[of] p1a: Arboliva\n|\n|t:|1733863491\n|switch|p2a: Yanmega|Yanmega, L82, F|275/275|[from] U-turn\n|move|p1a: Arboliva|Strength Sap|p2a: Yanmega\n|-unboost|p2a: Yanmega|atk|1\n|-heal|p1a: Arboliva|290/290\n|\n|upkeep\n|turn|2\n|\n|t:|1733863500\n|switch|p1a: Lapras|Lapras, L87, M|367/367\n|move|p2a: Yanmega|Bug Buzz|p1a: Lapras\n|-damage|p1a: Lapras|231/367\n|\n|-heal|p1a: Lapras|253/367|[from] Grassy Terrain\n|upkeep\n|turn|3\n|\n|t:|1733863513\n|switch|p2a: Medicham|Medicham, L86, M|243/243\n|move|p1a: Lapras|Hydro Pump|p2a: Medicham\n|-damage|p2a: Medicham|57/243\n|\n|-heal|p2a: Medicham|72/243|[from] Grassy Terrain\n|-heal|p1a: Lapras|275/367|[from] Grassy Terrain\n|upkeep\n|turn|4\n|\n|t:|1733863521\n|move|p2a: Medicham|Close Combat|p1a: Lapras\n|-supereffective|p1a: Lapras\n|-damage|p1a: Lapras|0 fnt\n|-unboost|p2a: Medicham|def|1\n|-unboost|p2a: Medicham|spd|1\n|faint|p1a: Lapras\n|\n|-heal|p2a: Medicham|87/243|[from] Grassy Terrain\n|upkeep\n|\n|t:|1733863525\n|switch|p1a: Sunflora|Sunflora, M|312/312\n|turn|5\n|\n|t:|1733863527\n|move|p2a: Medicham|Close Combat|p1a: Sunflora\n|-crit|p1a: Sunflora\n|-damage|p1a: Sunflora|0 fnt\n|-unboost|p2a: Medicham|def|1\n|-unboost|p2a: Medicham|spd|1\n|faint|p1a: Sunflora\n|\n|-heal|p2a: Medicham|102/243|[from] Grassy Terrain\n|-fieldend|move: Grassy Terrain\n|upkeep\n|\n|t:|1733863533\n|switch|p1a: Eelektross|Eelektross, L87, M|290/290\n|turn|6\n|\n|t:|1733863537\n|move|p2a: Medicham|Close Combat|p1a: Eelektross\n|-damage|p1a: Eelektross|11/290\n|-unboost|p2a: Medicham|def|1\n|-unboost|p2a: Medicham|spd|1\n|move|p1a: Eelektross|Discharge|p2a: Medicham\n|-damage|p2a: Medicham|0 fnt\n|faint|p2a: Medicham\n|\n|upkeep\n|\n|t:|1733863540\n|switch|p2a: Yanmega|Yanmega, L82, F|275/275\n|turn|7\n|\n|t:|1733863544\n|move|p2a: Yanmega|U-turn|p1a: Eelektross\n|-damage|p1a: Eelektross|0 fnt\n|faint|p1a: Eelektross\n|\n|t:|1733863547\n|switch|p2a: Tsareena|Tsareena, L87, F|267/267|[from] U-turn\n|\n|upkeep\n|\n|t:|1733863555\n|switch|p1a: Arboliva|Arboliva, L91, M|290/290\n|turn|8\n|\n|t:|1733863558\n|move|p2a: Tsareena|High Jump Kick|p1a: Arboliva\n|-supereffective|p1a: Arboliva\n|-damage|p1a: Arboliva|70/290\n|-fieldstart|move: Grassy Terrain|[from] ability: Seed Sower|[of] p1a: Arboliva\n|move|p1a: Arboliva|Hyper Voice|p2a: Tsareena\n|-damage|p2a: Tsareena|156/267\n|\n|-heal|p2a: Tsareena|172/267|[from] Grassy Terrain\n|-heal|p1a: Arboliva|88/290|[from] Grassy Terrain\n|-heal|p1a: Arboliva|106/290|[from] item: Leftovers\n|upkeep\n|turn|9\n|\n|t:|1733863565\n|move|p2a: Tsareena|U-turn|p1a: Arboliva\n|-supereffective|p1a: Arboliva\n|-damage|p1a: Arboliva|0 fnt\n|faint|p1a: Arboliva\n|\n|t:|1733863567\n|switch|p2a: Yanmega|Yanmega, L82, F|275/275|[from] U-turn\n|\n|upkeep\n|\n|t:|1733863571\n|switch|p1a: Orthworm|Orthworm, L88, F|266/266\n|turn|10\n|\n|t:|1733863576\n|-terastallize|p2a: Yanmega|Bug\n|move|p2a: Yanmega|Bug Buzz|p1a: Orthworm\n|-resisted|p1a: Orthworm\n|-damage|p1a: Orthworm|4/266\n|move|p1a: Orthworm|Heavy Slam|p2a: Yanmega\n|-damage|p2a: Yanmega|134/275\n|\n|-heal|p2a: Yanmega|151/275|[from] Grassy Terrain\n|-heal|p1a: Orthworm|20/266|[from] Grassy Terrain\n|upkeep\n|turn|11\n|-message|Royhobbs18 forfeited.\n|\n|win|Cheesemancheeseman\n|raw|Royhobbs18's rating: 1633 &rarr; <strong>1616</strong><br />(-17 for losing)\n|raw|Cheesemancheeseman's rating: 1684 &rarr; <strong>1701</strong><br />(+17 for winning)\n|l|\u2606Royhobbs18\n|player|p1|\n", "inputlog": ">version bfd83cad13791eb5a5a409923076391caf6fb4d4\n>start {\"formatid\":\"gen9randombattle\",\"seed\":[7407,29342,65463,16656],\"rated\":\"Rated battle\"}\n>player p1 {\"name\":\"Royhobbs18\",\"avatar\":\"265\",\"rating\":1633,\"seed\":[30851,31428,54274,43176]}\n>player p2 {\"name\":\"Cheesemancheeseman\",\"avatar\":\"hiker-gen4\",\"rating\":1684,\"seed\":[8350,17895,30405,9047]}\n>p1 move strengthsap\n>p2 move uturn\n>p2 switch 6\n>p1 switch 4\n>p2 move bugbuzz\n>p1 move hydropump\n>p2 switch 4\n>p1 move hydropump\n>p2 move closecombat\n>p1 switch 3\n>p1 move sunnyday\n>p2 move closecombat\n>p1 switch 2\n>p1 move discharge\n>p2 move closecombat\n>p2 switch 4\n>p1 move discharge\n>p2 move uturn\n>p2 switch 6\n>p1 switch 4\n>p1 move hypervoice\n>p2 move highjumpkick\n>p1 move strengthsap\n>p2 move uturn\n>p2 switch 6\n>p1 switch 5\n>p1 move heavyslam\n>p2 move bugbuzz terastallize\n>forcelose p1", "uploadtime": 1733863588, "views": 2, "formatid": "gen9randombattle", "rating": 1616, "private": 0, "password": null}