{"id": "gen9randombattle-2260563781", "format": "[Gen 9] Random Battle", "players": ["thdrsgefa", "ldkujdlifuzliu"], "log": "|j|\u2606thdrsgefa\n|j|\u2606ldkujdlifuzliu\n|t:|1733863972\n|gametype|singles\n|player|p1|thdrsgefa|265|1025\n|player|p2|ldkujdlifuzliu|170|1043\n|teamsize|p1|6\n|teamsize|p2|6\n|gen|9\n|tier|[Gen 9] Random Battle\n|rated|\n|rule|Species Clause: Limit one of each Pok\u00e9mon\n|rule|HP Percentage Mod: HP is shown in percentages\n|rule|Sleep Clause Mod: Limit one foe put to sleep\n|rule|Illusion Level Mod: Illusion disguises the Pok\u00e9mon's true level\n|\n|t:|1733863972\n|start\n|switch|p1a: Lokix|Lokix, L82, F|251/251\n|switch|p2a: Uxie|Uxie, L83|260/260\n|turn|1\n|\n|t:|1733864000\n|switch|p2a: Vaporeon|Vaporeon, L86, F|364/364\n|move|p1a: Lokix|First Impression|p2a: Vaporeon\n|-damage|p2a: Vaporeon|208/364\n|-damage|p1a: Lokix|226/251|[from] item: Life Orb\n|\n|-heal|p2a: Vaporeon|230/364|[from] item: Leftovers\n|upkeep\n|turn|2\n|\n|t:|1733864032\n|move|p1a: Lokix|Knock Off|p2a: Vaporeon\n|-damage|p2a: Vaporeon|47/364\n|-enditem|p2a: Vaporeon|Leftovers|[from] move: Knock Off|[of] p1a: Lokix\n|-damage|p1a: Lokix|201/251|[from] item: Life Orb\n|move|p2a: Vaporeon|Wish|p2a: Vaporeon\n|\n|upkeep\n|turn|3\n|\n|t:|1733864055\n|switch|p1a: Breloom|Breloom, L82, M|233/233\n|move|p2a: Vaporeon|Protect||[still]\n|-fail|p2a: Vaporeon\n|\n|-heal|p2a: Vaporeon|229/364|[from] move: Wish|[wisher] Vaporeon\n|upkeep\n|turn|4\n|\n|t:|1733864076\n|switch|p2a: Whimsicott|Whimsicott, L85, M|241/241\n|move|p1a: Breloom|Spore|p2a: Whimsicott\n|-immune|p2a: Whimsicott\n|\n|upkeep\n|turn|5\n|\n|t:|1733864087\n|switch|p1a: Wyrdeer|Wyrdeer, L87, F|321/321\n|-ability|p1a: Wyrdeer|Intimidate|boost\n|-unboost|p2a: Whimsicott|atk|1\n|move|p2a: Whimsicott|Substitute|p2a: Whimsicott\n|-start|p2a: Whimsicott|Substitute\n|-damage|p2a: Whimsicott|181/241\n|\n|-heal|p2a: Whimsicott|196/241|[from] item: Leftovers\n|upkeep\n|turn|6\n|\n|t:|1733864101\n|move|p2a: Whimsicott|Leech Seed|p1a: Wyrdeer\n|-start|p1a: Wyrdeer|move: Leech Seed\n|move|p1a: Wyrdeer|Psychic Noise|p2a: Whimsicott\n|-damage|p2a: Whimsicott|102/241\n|-start|p2a: Whimsicott|move: Heal Block\n|\n|-damage|p1a: Wyrdeer|281/321|[from] Leech Seed|[of] p2a: Whimsicott\n|upkeep\n|turn|7\n|inactive|Battle timer is ON: inactive players will automatically lose when time's up. (requested by thdrsgefa)\n|\n|t:|1733864116\n|switch|p2a: Uxie|Uxie, L83|260/260\n|move|p1a: Wyrdeer|Psychic Noise|p2a: Uxie\n|-resisted|p2a: Uxie\n|-damage|p2a: Uxie|227/260\n|-start|p2a: Uxie|move: Heal Block\n|\n|-damage|p1a: Wyrdeer|241/321|[from] Leech Seed|[of] p2a: Uxie\n|upkeep\n|turn|8\n|\n|t:|1733864127\n|switch|p1a: Lokix|Lokix, L82, F|201/251\n|move|p2a: Uxie|Encore||[still]\n|-fail|p2a: Uxie\n|\n|-end|p2a: Uxie|move: Heal Block\n|upkeep\n|turn|9\n|inactive|ldkujdlifuzliu has 120 seconds left.\n|\n|t:|1733864171\n|switch|p2a: Braviary|Braviary, L85, M|309/309\n|move|p1a: Lokix|First Impression|p2a: Braviary\n|-resisted|p2a: Braviary\n|-damage|p2a: Braviary|179/309\n|-damage|p1a: Lokix|176/251|[from] item: Life Orb\n|\n|upkeep\n|turn|10\n|\n|t:|1733864182\n|switch|p1a: Delphox|Delphox, L84, F|263/263\n|move|p2a: Braviary|Roost|p2a: Braviary\n|-heal|p2a: Braviary|309/309\n|-singleturn|p2a: Braviary|move: Roost\n|\n|upkeep\n|turn|11\n|\n|t:|1733864212\n|switch|p2a: Vaporeon|Vaporeon, L86, F|229/364\n|move|p1a: Delphox|Fire Blast|p2a: Vaporeon\n|-resisted|p2a: Vaporeon\n|-damage|p2a: Vaporeon|132/364\n|\n|upkeep\n|turn|12\n|\n|t:|1733864224\n|switch|p1a: Breloom|Breloom, L82, M|233/233\n|move|p2a: Vaporeon|Protect||[still]\n|-fail|p2a: Vaporeon\n|\n|upkeep\n|turn|13\n|\n|t:|1733864238\n|switch|p2a: Uxie|Uxie, L83|227/260\n|move|p1a: Breloom|Bullet Seed|p2a: Uxie\n|-damage|p2a: Uxie|183/260\n|-crit|p2a: Uxie\n|-damage|p2a: Uxie|119/260\n|-damage|p2a: Uxie|68/260\n|-damage|p2a: Uxie|24/260\n|-damage|p2a: Uxie|0 fnt\n|faint|p2a: Uxie\n|-hitcount|p2: Uxie|5\n|-damage|p1a: Breloom|210/233|[from] item: Life Orb\n|\n|upkeep\n|inactive|ldkujdlifuzliu has 90 seconds left.\n|inactive|ldkujdlifuzliu has 60 seconds left.\n|inactive|ldkujdlifuzliu has 30 seconds left.\n|inactive|ldkujdlifuzliu has 20 seconds left.\n|inactive|ldkujdlifuzliu has 15 seconds left.\n|inactive|ldkujdlifuzliu has 10 seconds left.\n|inactive|ldkujdlifuzliu has 5 seconds left.\n|\n|t:|1733864337\n|switch|p2a: Slowbro|Slowbro-Galar, L87, M|307/307\n|turn|14\n|inactive|ldkujdlifuzliu has 15 seconds left this turn.\n|\n|t:|1733864341\n|move|p1a: Breloom|Spore|p2a: Slowbro\n|-status|p2a: Slowbro|slp|[from] move: Spore\n|cant|p2a: Slowbro|slp\n|\n|upkeep\n|turn|15\n|inactive|ldkujdlifuzliu has 25 seconds left this turn.\n|\n|t:|1733864346\n|switch|p1a: Lokix|Lokix, L82, F|176/251\n|cant|p2a: Slowbro|slp\n|\n|upkeep\n|turn|16\n|inactive|ldkujdlifuzliu has 30 seconds left.\n|\n|t:|1733864352\n|switch|p2a: Vaporeon|Vaporeon, L86, F|132/364\n|move|p1a: Lokix|Knock Off|p2a: Vaporeon\n|-damage|p2a: Vaporeon|7/364\n|-damage|p1a: Lokix|151/251|[from] item: Life Orb\n|\n|upkeep\n|turn|17\n|\n|t:|1733864359\n|move|p1a: Lokix|Leech Life|p2a: Vaporeon\n|-damage|p2a: Vaporeon|0 fnt\n|-heal|p1a: Lokix|155/251|[from] drain|[of] p2a: Vaporeon\n|faint|p2a: Vaporeon\n|-damage|p1a: Lokix|130/251|[from] item: Life Orb\n|\n|upkeep\n|\n|t:|1733864366\n|switch|p2a: Whimsicott|Whimsicott, L85, M|102/241\n|turn|18\n|\n|t:|1733864369\n|switch|p1a: Wyrdeer|Wyrdeer, L87, F|241/321\n|-ability|p1a: Wyrdeer|Intimidate|boost\n|-unboost|p2a: Whimsicott|atk|1\n|move|p2a: Whimsicott|Moonblast|p1a: Wyrdeer\n|-damage|p1a: Wyrdeer|178/321\n|\n|-heal|p2a: Whimsicott|117/241|[from] item: Leftovers\n|upkeep\n|turn|19\n|\n|t:|1733864378\n|move|p2a: Whimsicott|Leech Seed|p1a: Wyrdeer|[miss]\n|-miss|p2a: Whimsicott|p1a: Wyrdeer\n|move|p1a: Wyrdeer|Psychic Noise|p2a: Whimsicott\n|-damage|p2a: Whimsicott|21/241\n|-start|p2a: Whimsicott|move: Heal Block\n|\n|upkeep\n|turn|20\n|\n|t:|1733864386\n|move|p2a: Whimsicott|Leech Seed|p1a: Wyrdeer\n|-start|p1a: Wyrdeer|move: Leech Seed\n|move|p1a: Wyrdeer|Psychic Noise|p2a: Whimsicott\n|-damage|p2a: Whimsicott|0 fnt\n|faint|p2a: Whimsicott\n|\n|upkeep\n|\n|t:|1733864397\n|switch|p2a: Cloyster|Cloyster, L80, M|211/211\n|turn|21\n|\n|t:|1733864403\n|move|p1a: Wyrdeer|Psychic Noise|p2a: Cloyster\n|-damage|p2a: Cloyster|72/211\n|-start|p2a: Cloyster|move: Heal Block\n|move|p2a: Cloyster|Shell Smash|p2a: Cloyster\n|-unboost|p2a: Cloyster|def|1\n|-unboost|p2a: Cloyster|spd|1\n|-boost|p2a: Cloyster|atk|2\n|-boost|p2a: Cloyster|spa|2\n|-boost|p2a: Cloyster|spe|2\n|-enditem|p2a: Cloyster|White Herb\n|-clearnegativeboost|p2a: Cloyster|[silent]\n|\n|-damage|p1a: Wyrdeer|138/321|[from] Leech Seed|[of] p2a: Cloyster\n|upkeep\n|turn|22\n|inactive|ldkujdlifuzliu has 60 seconds left.\n|\n|t:|1733864423\n|move|p2a: Cloyster|Rock Blast|p1a: Wyrdeer\n|-crit|p1a: Wyrdeer\n|-damage|p1a: Wyrdeer|81/321\n|-damage|p1a: Wyrdeer|44/321\n|-damage|p1a: Wyrdeer|10/321\n|-damage|p1a: Wyrdeer|0 fnt\n|faint|p1a: Wyrdeer\n|-hitcount|p1: Wyrdeer|4\n|\n|-end|p2a: Cloyster|move: Heal Block\n|upkeep\n|\n|t:|1733864434\n|switch|p1a: Breloom|Breloom, L82, M|210/233\n|turn|23\n|inactive|ldkujdlifuzliu has 60 seconds left.\n|\n|t:|1733864441\n|move|p1a: Breloom|Mach Punch|p2a: Cloyster\n|-supereffective|p2a: Cloyster\n|-damage|p2a: Cloyster|0 fnt\n|faint|p2a: Cloyster\n|-damage|p1a: Breloom|187/233|[from] item: Life Orb\n|\n|upkeep\n|inactive|ldkujdlifuzliu has 60 seconds left.\n|\n|t:|1733864450\n|switch|p2a: Slowbro|Slowbro-Galar, L87, M|307/307 slp\n|turn|24\n|\n|t:|1733864460\n|switch|p1a: Flygon|Flygon, L82, F|265/265\n|cant|p2a: Slowbro|slp\n|\n|upkeep\n|turn|25\n|\n|t:|1733864473\n|-terastallize|p2a: Slowbro|Psychic\n|move|p1a: Flygon|Dragon Dance|p1a: Flygon\n|-boost|p1a: Flygon|atk|1\n|-boost|p1a: Flygon|spe|1\n|-curestatus|p2a: Slowbro|slp|[msg]\n|move|p2a: Slowbro|Trick Room|p2a: Slowbro\n|-fieldstart|move: Trick Room|[of] p2a: Slowbro\n|\n|upkeep\n|turn|26\n|inactive|ldkujdlifuzliu has 60 seconds left.\n|\n|t:|1733864498\n|move|p2a: Slowbro|Psychic|p1a: Flygon\n|-damage|p1a: Flygon|78/265\n|-damage|p2a: Slowbro|277/307|[from] item: Life Orb\n|move|p1a: Flygon|Earthquake|p2a: Slowbro\n|-damage|p2a: Slowbro|130/307\n|\n|upkeep\n|turn|27\n|inactive|ldkujdlifuzliu has 60 seconds left.\n|\n|t:|1733864506\n|move|p2a: Slowbro|Psychic|p1a: Flygon\n|-damage|p1a: Flygon|0 fnt\n|faint|p1a: Flygon\n|-damage|p2a: Slowbro|100/307|[from] item: Life Orb\n|\n|upkeep\n|\n|t:|1733864508\n|switch|p1a: Lokix|Lokix, L82, F|130/251\n|turn|28\n|\n|t:|1733864517\n|switch|p2a: Braviary|Braviary, L85, M|309/309\n|move|p1a: Lokix|First Impression|p2a: Braviary\n|-resisted|p2a: Braviary\n|-damage|p2a: Braviary|171/309\n|-damage|p1a: Lokix|105/251|[from] item: Life Orb\n|\n|upkeep\n|turn|29\n|\n|t:|1733864536\n|switch|p1a: Delphox|Delphox, L84, F|263/263\n|move|p2a: Braviary|Roost|p2a: Braviary\n|-heal|p2a: Braviary|309/309\n|-singleturn|p2a: Braviary|move: Roost\n|\n|-fieldend|move: Trick Room\n|upkeep\n|turn|30\n|\n|t:|1733864545\n|move|p1a: Delphox|Fire Blast|p2a: Braviary\n|-damage|p2a: Braviary|86/309\n|move|p2a: Braviary|Brave Bird|p1a: Delphox\n|-damage|p1a: Delphox|80/263\n|-damage|p2a: Braviary|26/309|[from] Recoil\n|\n|upkeep\n|turn|31\n|\n|t:|1733864553\n|move|p1a: Delphox|Fire Blast|p2a: Braviary\n|-damage|p2a: Braviary|0 fnt\n|faint|p2a: Braviary\n|\n|upkeep\n|\n|t:|1733864570\n|switch|p2a: Slowbro|Slowbro-Galar, L87, M, tera:Psychic|202/307\n|turn|32\n|\n|t:|1733864579\n|move|p1a: Delphox|Fire Blast|p2a: Slowbro\n|-damage|p2a: Slowbro|0 fnt\n|faint|p2a: Slowbro\n|\n|win|thdrsgefa\n|raw|thdrsgefa's rating: 1063 &rarr; <strong>1092</strong><br />(+29 for winning)\n|raw|ldkujdlifuzliu's rating: 1043 &rarr; <strong>1027</strong><br />(-16 for losing)\n", "inputlog": ">version bfd83cad13791eb5a5a409923076391caf6fb4d4\n>start {\"formatid\":\"gen9randombattle\",\"seed\":[61446,37355,39451,36107],\"rated\":\"Rated battle\"}\n>player p1 {\"name\":\"thdrsgefa\",\"avatar\":\"265\",\"rating\":1025,\"seed\":[56801,24547,34852,49399]}\n>player p2 {\"name\":\"ldkujdlifuzliu\",\"avatar\":\"170\",\"rating\":1043,\"seed\":[63765,17263,44848,16622]}\n>p1 move firstimpression\n>p2 switch 2\n>p1 move knockoff\n>p2 move wish\n>p1 switch 3\n>p2 move protect\n>p1 move spore\n>p2 switch 4\n>p1 switch 6\n>p2 move substitute\n>p1 move psychicnoise\n>p2 move leechseed\n>p1 move psychicnoise\n>p2 switch 2\n>p1 switch 3\n>p2 move encore\n>p1 move firstimpression\n>p2 switch 6\n>p1 switch 4\n>p2 move roost\n>p1 move fireblast\n>p2 switch 4\n>p1 switch 6\n>p2 move protect\n>p1 move bulletseed\n>p2 switch 6\n>p2 switch 5\n>p1 move spore\n>p2 move psychic\n>p1 switch 4\n>p2 move trickroom\n>p1 move knockoff\n>p2 switch 6\n>p1 move leechlife\n>p2 move wish\n>p2 switch 2\n>p1 switch 3\n>p2 move moonblast\n>p1 move psychicnoise\n>p2 move leechseed\n>p1 move psychicnoise\n>p2 move leechseed\n>p2 switch 3\n>p1 move psychicnoise\n>p2 move shellsmash\n>p1 move psychicnoise\n>p2 move rockblast\n>p1 switch 4\n>p1 move machpunch\n>p2 move iciclespear\n>p2 switch 6\n>p1 switch 5\n>p2 move trickroom\n>p1 move dragondance\n>p2 move trickroom terastallize\n>p1 move earthquake\n>p2 move psychic\n>p1 move earthquake\n>p2 move psychic\n>p1 switch 3\n>p1 move firstimpression\n>p2 switch 4\n>p1 switch 6\n>p2 move roost\n>p1 move fireblast\n>p2 move bravebird\n>p1 move fireblast\n>p2 move roost\n>p2 switch 4\n>p1 move fireblast\n>p2 move trickroom", "uploadtime": 1733864581, "views": 1, "formatid": "gen9randombattle", "rating": 1027, "private": 0, "password": null}