{"id": "gen9randombattle-2260545045", "format": "[Gen 9] Random Battle", "players": ["gmalak", "BR1CKBR0NZE"], "log": "|j|\u2606gmalak\n|j|\u2606BR1CKBR0NZE\n|t:|1733862052\n|gametype|singles\n|player|p1|gmalak|hiker-gen4|1519\n|player|p2|BR1CKBR0NZE|red|1566\n|teamsize|p1|6\n|teamsize|p2|6\n|gen|9\n|tier|[Gen 9] Random Battle\n|rated|\n|rule|Species Clause: Limit one of each Pok\u00e9mon\n|rule|HP Percentage Mod: HP is shown in percentages\n|rule|Sleep Clause Mod: Limit one foe put to sleep\n|rule|Illusion Level Mod: Illusion disguises the Pok\u00e9mon's true level\n|\n|t:|1733862052\n|start\n|switch|p1a: Golduck|Golduck, L90, F|290/290\n|switch|p2a: Poliwrath|Poliwrath, L88, F|302/302\n|-ability|p1a: Golduck|Cloud Nine\n|turn|1\n|inactive|Battle timer is ON: inactive players will automatically lose when time's up. (requested by gmalak)\n|\n|t:|1733862071\n|move|p1a: Golduck|Nasty Plot|p1a: Golduck\n|-boost|p1a: Golduck|spa|2\n|move|p2a: Poliwrath|Knock Off|p1a: Golduck\n|-damage|p1a: Golduck|218/290\n|-enditem|p1a: Golduck|Life Orb|[from] move: Knock Off|[of] p2a: Poliwrath\n|\n|upkeep\n|turn|2\n|\n|t:|1733862079\n|switch|p2a: Tentacruel|Tentacruel, L84, M|272/272\n|move|p1a: Golduck|Grass Knot|p2a: Tentacruel\n|-damage|p2a: Tentacruel|175/272\n|\n|-heal|p2a: Tentacruel|192/272|[from] item: Leftovers\n|upkeep\n|turn|3\n|\n|t:|1733862090\n|move|p2a: Tentacruel|Sludge Bomb|p1a: Golduck\n|-damage|p1a: Golduck|127/290\n|move|p1a: Golduck|Grass Knot|p2a: Tentacruel\n|-damage|p2a: Tentacruel|88/272\n|\n|-heal|p2a: Tentacruel|105/272|[from] item: Leftovers\n|upkeep\n|turn|4\n|\n|t:|1733862098\n|move|p2a: Tentacruel|Toxic|p1a: Golduck\n|-status|p1a: Golduck|tox\n|move|p1a: Golduck|Grass Knot|p2a: Tentacruel\n|-damage|p2a: Tentacruel|1/272\n|\n|-heal|p2a: Tentacruel|18/272|[from] item: Leftovers\n|-damage|p1a: Golduck|109/290 tox|[from] psn\n|upkeep\n|turn|5\n|\n|t:|1733862107\n|move|p2a: Tentacruel|Sludge Bomb|p1a: Golduck\n|-damage|p1a: Golduck|24/290 tox\n|move|p1a: Golduck|Grass Knot|p2a: Tentacruel\n|-damage|p2a: Tentacruel|0 fnt\n|faint|p2a: Tentacruel\n|\n|-damage|p1a: Golduck|0 fnt|[from] psn\n|faint|p1a: Golduck\n|upkeep\n|inactive|gmalak has 120 seconds left.\n|inactive|gmalak has 90 seconds left.\n|\n|t:|1733862167\n|switch|p2a: Poliwrath|Poliwrath, L88, F|302/302\n|switch|p1a: Illumise|Illumise, L91, F|266/266\n|turn|6\n|\n|t:|1733862177\n|switch|p2a: Sandslash|Sandslash, L88, M|275/275\n|move|p1a: Illumise|Thunder Wave|p2a: Sandslash\n|-immune|p2a: Sandslash\n|\n|upkeep\n|turn|7\n|\n|t:|1733862193\n|switch|p1a: Reuniclus|Reuniclus, L88, F|337/337\n|move|p2a: Sandslash|Stone Edge|p1a: Reuniclus|[miss]\n|-miss|p2a: Sandslash|p1a: Reuniclus\n|\n|upkeep\n|turn|8\n|inactive|gmalak has 90 seconds left.\n|\n|t:|1733862222\n|move|p2a: Sandslash|Swords Dance|p2a: Sandslash\n|-boost|p2a: Sandslash|atk|2\n|move|p1a: Reuniclus|Psyshock|p2a: Sandslash\n|-damage|p2a: Sandslash|154/275\n|\n|-heal|p2a: Sandslash|171/275|[from] item: Leftovers\n|upkeep\n|turn|9\n|\n|t:|1733862232\n|move|p2a: Sandslash|Earthquake|p1a: Reuniclus\n|-crit|p1a: Reuniclus\n|-damage|p1a: Reuniclus|0 fnt\n|faint|p1a: Reuniclus\n|\n|-heal|p2a: Sandslash|188/275|[from] item: Leftovers\n|upkeep\n|c|\u2606BR1CKBR0NZE|why not psychic\n|inactive|gmalak has 90 seconds left.\n|\n|t:|1733862254\n|switch|p1a: Slowking|Slowking, L88, M|310/310\n|turn|10\n|\n|t:|1733862259\n|-terastallize|p2a: Sandslash|Water\n|move|p2a: Sandslash|Earthquake|p1a: Slowking\n|-damage|p1a: Slowking|75/310\n|move|p1a: Slowking|Scald|p2a: Sandslash\n|-resisted|p2a: Sandslash\n|-damage|p2a: Sandslash|122/275\n|\n|-heal|p2a: Sandslash|139/275|[from] item: Leftovers\n|upkeep\n|turn|11\n|inactive|gmalak has 90 seconds left.\n|\n|t:|1733862276\n|switch|p1a: Illumise|Illumise, L91, F|266/266\n|move|p2a: Sandslash|Earthquake|p1a: Illumise\n|-resisted|p1a: Illumise\n|-damage|p1a: Illumise|147/266\n|\n|-heal|p2a: Sandslash|156/275|[from] item: Leftovers\n|upkeep\n|turn|12\n|\n|t:|1733862288\n|move|p1a: Illumise|Thunder Wave|p2a: Sandslash\n|-status|p2a: Sandslash|par\n|cant|p2a: Sandslash|par\n|\n|-heal|p2a: Sandslash|173/275 par|[from] item: Leftovers\n|upkeep\n|turn|13\n|inactive|gmalak has 90 seconds left.\n|\n|t:|1733862305\n|move|p1a: Illumise|Bug Buzz|p2a: Sandslash\n|-damage|p2a: Sandslash|49/275 par\n|move|p2a: Sandslash|Stone Edge|p1a: Illumise|[miss]\n|-miss|p2a: Sandslash|p1a: Illumise\n|\n|-heal|p2a: Sandslash|66/275 par|[from] item: Leftovers\n|upkeep\n|turn|14\n|\n|t:|1733862318\n|switch|p2a: Annihilape|Annihilape, L76, M|292/292\n|move|p1a: Illumise|Bug Buzz|p2a: Annihilape\n|-resisted|p2a: Annihilape\n|-damage|p2a: Annihilape|270/292\n|\n|upkeep\n|turn|15\n|inactive|gmalak has 90 seconds left.\n|\n|t:|1733862325\n|move|p1a: Illumise|Thunder Wave|p2a: Annihilape\n|-status|p2a: Annihilape|par\n|cant|p2a: Annihilape|par\n|\n|upkeep\n|turn|16\n|\n|t:|1733862331\n|move|p1a: Illumise|Roost|p1a: Illumise\n|-heal|p1a: Illumise|266/266\n|-singleturn|p1a: Illumise|move: Roost\n|move|p2a: Annihilape|Rage Fist|p1a: Illumise\n|-damage|p1a: Illumise|155/266\n|\n|upkeep\n|turn|17\n|\n|t:|1733862338\n|switch|p1a: Coalossal|Coalossal, L89, M|341/341\n|move|p2a: Annihilape|Rage Fist|p1a: Coalossal\n|-damage|p1a: Coalossal|262/341\n|\n|upkeep\n|turn|18\n|\n|t:|1733862350\n|move|p1a: Coalossal|Overheat|p2a: Annihilape\n|-damage|p2a: Annihilape|134/292 par\n|-unboost|p1a: Coalossal|spa|2\n|cant|p2a: Annihilape|par\n|\n|upkeep\n|turn|19\n|\n|t:|1733862358\n|switch|p1a: Illumise|Illumise, L91, F|155/266\n|move|p2a: Annihilape|Rest|p2a: Annihilape\n|-status|p2a: Annihilape|slp|[from] move: Rest\n|-heal|p2a: Annihilape|292/292 slp|[silent]\n|-enditem|p2a: Annihilape|Chesto Berry|[eat]\n|-curestatus|p2a: Annihilape|slp|[msg]\n|\n|upkeep\n|turn|20\n|\n|t:|1733862368\n|switch|p2a: Poliwrath|Poliwrath, L88, F|302/302\n|move|p1a: Illumise|Encore||[still]\n|-fail|p1a: Illumise\n|\n|upkeep\n|turn|21\n|\n|t:|1733862380\n|move|p1a: Illumise|Thunder Wave|p2a: Poliwrath\n|-status|p2a: Poliwrath|par\n|move|p2a: Poliwrath|Liquidation|p1a: Illumise\n|-damage|p1a: Illumise|44/266\n|\n|upkeep\n|turn|22\n|inactive|gmalak has 120 seconds left.\n|\n|t:|1733862387\n|move|p1a: Illumise|Roost|p1a: Illumise\n|-heal|p1a: Illumise|177/266\n|-singleturn|p1a: Illumise|move: Roost\n|cant|p2a: Poliwrath|par\n|\n|upkeep\n|turn|23\n|\n|t:|1733862395\n|switch|p1a: Slowking|Slowking, L88, M|178/310\n|switch|p2a: Annihilape|Annihilape, L76, M|292/292\n|\n|upkeep\n|turn|24\n|\n|t:|1733862410\n|switch|p2a: Perrserker|Perrserker, L89, M|269/269\n|switch|p1a: Coalossal|Coalossal, L89, M|262/341\n|\n|upkeep\n|turn|25\n|\n|t:|1733862419\n|move|p2a: Perrserker|Close Combat|p1a: Coalossal\n|-supereffective|p1a: Coalossal\n|-damage|p1a: Coalossal|18/341\n|-unboost|p2a: Perrserker|def|1\n|-unboost|p2a: Perrserker|spd|1\n|move|p1a: Coalossal|Stealth Rock|p2a: Perrserker\n|-sidestart|p2: BR1CKBR0NZE|move: Stealth Rock\n|\n|upkeep\n|turn|26\n|\n|t:|1733862429\n|move|p2a: Perrserker|Close Combat|p1a: Coalossal\n|-supereffective|p1a: Coalossal\n|-damage|p1a: Coalossal|0 fnt\n|-unboost|p2a: Perrserker|def|1\n|-unboost|p2a: Perrserker|spd|1\n|-status|p2a: Perrserker|brn|[from] ability: Flame Body|[of] p1a: Coalossal\n|faint|p1a: Coalossal\n|\n|-damage|p2a: Perrserker|253/269 brn|[from] brn\n|upkeep\n|inactive|gmalak has 120 seconds left.\n|\n|t:|1733862447\n|switch|p1a: Slowking|Slowking, L88, M|281/310\n|turn|27\n|inactive|gmalak has 120 seconds left.\n|\n|t:|1733862461\n|switch|p2a: Sandslash|Sandslash, L88, M, tera:Water|66/275 par\n|-damage|p2a: Sandslash|32/275 par|[from] Stealth Rock\n|move|p1a: Slowking|Psyshock|p2a: Sandslash\n|-damage|p2a: Sandslash|0 fnt\n|faint|p2a: Sandslash\n|\n|upkeep\n|\n|t:|1733862477\n|switch|p2a: Perrserker|Perrserker, L89, M|253/269 brn\n|-damage|p2a: Perrserker|237/269 brn|[from] Stealth Rock\n|turn|28\n|\n|t:|1733862484\n|switch|p1a: Illumise|Illumise, L91, F|177/266\n|move|p2a: Perrserker|Knock Off|p1a: Illumise\n|-crit|p1a: Illumise\n|-damage|p1a: Illumise|80/266\n|-enditem|p1a: Illumise|Heavy-Duty Boots|[from] move: Knock Off|[of] p2a: Perrserker\n|\n|-damage|p2a: Perrserker|221/269 brn|[from] brn\n|upkeep\n|turn|29\n|\n|t:|1733862495\n|move|p1a: Illumise|Thunder Wave||[still]\n|-fail|p1a: Illumise\n|move|p2a: Perrserker|Knock Off|p1a: Illumise\n|-damage|p1a: Illumise|39/266\n|\n|-damage|p2a: Perrserker|205/269 brn|[from] brn\n|upkeep\n|turn|30\n|\n|t:|1733862501\n|move|p1a: Illumise|Roost|p1a: Illumise\n|-heal|p1a: Illumise|172/266\n|-singleturn|p1a: Illumise|move: Roost\n|move|p2a: Perrserker|Knock Off|p1a: Illumise\n|-damage|p1a: Illumise|124/266\n|\n|-damage|p2a: Perrserker|189/269 brn|[from] brn\n|upkeep\n|turn|31\n|\n|t:|1733862508\n|switch|p2a: Poliwrath|Poliwrath, L88, F|302/302 par\n|-damage|p2a: Poliwrath|284/302 par|[from] Stealth Rock\n|move|p1a: Illumise|Thunder Wave|p2a: Poliwrath\n|-fail|p2a: Poliwrath|par\n|\n|-heal|p2a: Poliwrath|302/302 par|[from] item: Leftovers\n|upkeep\n|turn|32\n|\n|t:|1733862524\n|move|p1a: Illumise|Roost|p1a: Illumise\n|-heal|p1a: Illumise|257/266\n|-singleturn|p1a: Illumise|move: Roost\n|move|p2a: Poliwrath|Liquidation|p1a: Illumise\n|-damage|p1a: Illumise|160/266\n|\n|upkeep\n|turn|33\n|\n|t:|1733862534\n|switch|p1a: Slowking|Slowking, L88, M|310/310\n|move|p2a: Poliwrath|Liquidation|p1a: Slowking\n|-resisted|p1a: Slowking\n|-damage|p1a: Slowking|258/310\n|\n|upkeep\n|turn|34\n|\n|t:|1733862558\n|move|p1a: Slowking|Psyshock|p2a: Poliwrath\n|-supereffective|p2a: Poliwrath\n|-damage|p2a: Poliwrath|144/302 par\n|cant|p2a: Poliwrath|par\n|\n|-heal|p2a: Poliwrath|162/302 par|[from] item: Leftovers\n|upkeep\n|turn|35\n|\n|t:|1733862565\n|move|p1a: Slowking|Psyshock|p2a: Poliwrath\n|-supereffective|p2a: Poliwrath\n|-damage|p2a: Poliwrath|0 fnt\n|faint|p2a: Poliwrath\n|\n|upkeep\n|\n|t:|1733862572\n|switch|p2a: Annihilape|Annihilape, L76, M|292/292\n|-damage|p2a: Annihilape|274/292|[from] Stealth Rock\n|turn|36\n|\n|t:|1733862578\n|move|p2a: Annihilape|Rage Fist|p1a: Slowking\n|-supereffective|p1a: Slowking\n|-damage|p1a: Slowking|0 fnt\n|faint|p1a: Slowking\n|\n|upkeep\n|\n|t:|1733862606\n|switch|p1a: Illumise|Illumise, L91, F|160/266\n|turn|37\n|\n|t:|1733862610\n|move|p1a: Illumise|Thunder Wave|p2a: Annihilape\n|-status|p2a: Annihilape|par\n|cant|p2a: Annihilape|par\n|\n|upkeep\n|turn|38\n|\n|t:|1733862624\n|move|p1a: Illumise|Roost|p1a: Illumise\n|-heal|p1a: Illumise|266/266\n|-singleturn|p1a: Illumise|move: Roost\n|move|p2a: Annihilape|Rage Fist|p1a: Illumise\n|-damage|p1a: Illumise|121/266\n|\n|upkeep\n|turn|39\n|\n|t:|1733862644\n|move|p1a: Illumise|Roost|p1a: Illumise\n|-heal|p1a: Illumise|254/266\n|-singleturn|p1a: Illumise|move: Roost\n|move|p2a: Annihilape|Rage Fist|p1a: Illumise\n|-damage|p1a: Illumise|103/266\n|\n|upkeep\n|turn|40\n|\n|t:|1733862650\n|move|p1a: Illumise|Roost|p1a: Illumise\n|-heal|p1a: Illumise|236/266\n|-singleturn|p1a: Illumise|move: Roost\n|cant|p2a: Annihilape|par\n|\n|upkeep\n|turn|41\n|inactive|gmalak has 120 seconds left.\n|\n|t:|1733862686\n|move|p1a: Illumise|Encore|p2a: Annihilape\n|-start|p2a: Annihilape|Encore\n|move|p2a: Annihilape|Rage Fist|p1a: Illumise\n|-damage|p1a: Illumise|74/266\n|\n|upkeep\n|turn|42\n|inactive|gmalak has 120 seconds left.\n|\n|t:|1733862692\n|move|p1a: Illumise|Roost|p1a: Illumise\n|-heal|p1a: Illumise|207/266\n|-singleturn|p1a: Illumise|move: Roost\n|move|p2a: Annihilape|Rage Fist|p1a: Illumise\n|-damage|p1a: Illumise|59/266\n|\n|upkeep\n|turn|43\n|inactive|gmalak has 120 seconds left.\n|\n|t:|1733862703\n|move|p1a: Illumise|Bug Buzz|p2a: Annihilape\n|-resisted|p2a: Annihilape\n|-damage|p2a: Annihilape|249/292 par\n|cant|p2a: Annihilape|par\n|\n|-end|p2a: Annihilape|Encore\n|upkeep\n|turn|44\n|inactive|gmalak has 120 seconds left.\n|\n|t:|1733862725\n|move|p1a: Illumise|Bug Buzz|p2a: Annihilape\n|-resisted|p2a: Annihilape\n|-damage|p2a: Annihilape|225/292 par\n|cant|p2a: Annihilape|par\n|\n|upkeep\n|turn|45\n|\n|t:|1733862731\n|move|p1a: Illumise|Bug Buzz|p2a: Annihilape\n|-resisted|p2a: Annihilape\n|-damage|p2a: Annihilape|199/292 par\n|-unboost|p2a: Annihilape|spd|1\n|-ability|p2a: Annihilape|Defiant|boost\n|-boost|p2a: Annihilape|atk|2\n|move|p2a: Annihilape|Rage Fist|p1a: Illumise\n|-damage|p1a: Illumise|0 fnt\n|faint|p1a: Illumise\n|\n|upkeep\n|inactive|gmalak has 120 seconds left.\n|\n|t:|1733862742\n|switch|p1a: Perrserker|Perrserker, L89, F|269/269\n|turn|46\n|\n|t:|1733862748\n|move|p1a: Perrserker|Knock Off|p2a: Annihilape\n|-damage|p2a: Annihilape|67/292 par\n|cant|p2a: Annihilape|par\n|\n|upkeep\n|turn|47\n|\n|t:|1733862753\n|move|p1a: Perrserker|Knock Off|p2a: Annihilape\n|-damage|p2a: Annihilape|0 fnt\n|faint|p2a: Annihilape\n|\n|upkeep\n|\n|t:|1733862758\n|switch|p2a: Lycanroc|Lycanroc-Dusk, L80, M|251/251\n|-damage|p2a: Lycanroc|220/251|[from] Stealth Rock\n|turn|48\n|\n|t:|1733862763\n|-terastallize|p1a: Perrserker|Fighting\n|move|p2a: Lycanroc|Close Combat|p1a: Perrserker\n|-damage|p1a: Perrserker|139/269\n|-unboost|p2a: Lycanroc|def|1\n|-unboost|p2a: Lycanroc|spd|1\n|-damage|p2a: Lycanroc|195/251|[from] item: Life Orb\n|move|p1a: Perrserker|Knock Off|p2a: Lycanroc\n|-damage|p2a: Lycanroc|0 fnt\n|-enditem|p2a: Lycanroc|Life Orb|[from] move: Knock Off|[of] p1a: Perrserker\n|faint|p2a: Lycanroc\n|\n|upkeep\n|\n|t:|1733862773\n|switch|p2a: Perrserker|Perrserker, L89, M|189/269 brn\n|-damage|p2a: Perrserker|173/269 brn|[from] Stealth Rock\n|turn|49\n|\n|t:|1733862783\n|move|p1a: Perrserker|Knock Off|p2a: Perrserker\n|-damage|p2a: Perrserker|30/269 brn\n|-enditem|p2a: Perrserker|Choice Band|[from] move: Knock Off|[of] p1a: Perrserker\n|move|p2a: Perrserker|Close Combat|p1a: Perrserker\n|-damage|p1a: Perrserker|94/269\n|-unboost|p2a: Perrserker|def|1\n|-unboost|p2a: Perrserker|spd|1\n|\n|-damage|p2a: Perrserker|14/269 brn|[from] brn\n|upkeep\n|turn|50\n|c|\u2606BR1CKBR0NZE|bruh\n|c|\u2606BR1CKBR0NZE|you won by being lucky\n|\n|t:|1733862799\n|move|p2a: Perrserker|Close Combat|p1a: Perrserker\n|-damage|p1a: Perrserker|52/269\n|-unboost|p2a: Perrserker|def|1\n|-unboost|p2a: Perrserker|spd|1\n|move|p1a: Perrserker|Knock Off|p2a: Perrserker\n|-damage|p2a: Perrserker|0 fnt\n|faint|p2a: Perrserker\n|\n|win|gmalak\n|raw|gmalak's rating: 1519 &rarr; <strong>1542</strong><br />(+23 for winning)\n|raw|BR1CKBR0NZE's rating: 1566 &rarr; <strong>1543</strong><br />(-23 for losing)\n|l|\u2606BR1CKBR0NZE\n|player|p2|\n", "inputlog": ">version bfd83cad13791eb5a5a409923076391caf6fb4d4\n>start {\"formatid\":\"gen9randombattle\",\"seed\":[62521,13040,9130,44373],\"rated\":\"Rated battle\"}\n>player p1 {\"name\":\"gmalak\",\"avatar\":\"hiker-gen4\",\"rating\":1519,\"seed\":[57752,18973,1131,56797]}\n>player p2 {\"name\":\"BR1CKBR0NZE\",\"avatar\":\"red\",\"rating\":1566,\"seed\":[29319,11952,31108,10800]}\n>p1 move nastyplot\n>p2 move knockoff\n>p1 move grassknot\n>p2 switch 5\n>p1 move grassknot\n>p2 move sludgebomb\n>p1 move grassknot\n>p2 move toxic\n>p1 move grassknot\n>p2 move sludgebomb\n>p1 switch 3\n>p2 switch 5\n>p1 move thunderwave\n>p2 switch 4\n>p1 switch 5\n>p2 move stoneedge\n>p1 move psyshock\n>p2 move swordsdance\n>p1 move focusblast\n>p2 move earthquake\n>chat \u2606BR1CKBR0NZE|why not psychic\n>p1 switch 4\n>p1 move scald\n>p2 move earthquake terastallize\n>p1 switch 5\n>p2 move earthquake\n>p1 move thunderwave\n>p2 move stoneedge\n>p1 move bugbuzz\n>p2 move stoneedge\n>p1 move bugbuzz\n>p2 switch 3\n>p1 move thunderwave\n>p2 move ragefist\n>p1 move roost\n>p2 move ragefist\n>p1 switch 2\n>p2 move ragefist\n>p1 move overheat\n>p2 move bulkup\n>p1 switch 2\n>p2 move rest\n>p1 move encore\n>p2 switch 4\n>p1 move thunderwave\n>p2 move liquidation\n>p1 move roost\n>p2 move liquidation\n>p1 switch 5\n>p2 switch 4\n>p1 switch 2\n>p2 switch 6\n>p1 move stealthrock\n>p2 move closecombat\n>p1 move overheat\n>p2 move closecombat\n>p1 switch 2\n>p1 move psyshock\n>p2 switch 3\n>p2 switch 3\n>p1 switch 5\n>p2 move knockoff\n>p1 move thunderwave\n>p2 move knockoff\n>p1 move roost\n>p2 move knockoff\n>p1 move thunderwave\n>p2 switch 4\n>p1 move roost\n>p2 move liquidation\n>p1 switch 5\n>p2 move liquidation\n>p1 move psyshock\n>p2 move knockoff\n>p1 move psyshock\n>p2 move knockoff\n>p2 switch 6\n>p1 move psyshock\n>p2 move ragefist\n>p1 switch 5\n>p1 move thunderwave\n>p2 move ragefist\n>p1 move roost\n>p2 move ragefist\n>p1 move roost\n>p2 move ragefist\n>p1 move roost\n>p2 move ragefist\n>p1 move encore\n>p2 move ragefist\n>p1 move roost\n>p2 move ragefist\n>p1 move bugbuzz\n>p2 move ragefist\n>p1 move bugbuzz\n>p2 move ragefist\n>p1 move bugbuzz\n>p2 move ragefist\n>p1 switch 6\n>p1 move knockoff\n>p2 move ragefist\n>p1 move knockoff\n>p2 move ragefist\n>p2 switch 2\n>p1 move knockoff terastallize\n>p2 move closecombat\n>p2 switch 4\n>p1 move knockoff\n>p2 move closecombat\n>chat \u2606BR1CKBR0NZE|bruh\n>chat \u2606BR1CKBR0NZE|you won by being lucky\n>p1 move knockoff\n>p2 move closecombat", "uploadtime": 1733862809, "views": 7, "formatid": "gen9randombattle", "rating": 1542, "private": 0, "password": null}