{"id": "gen9randombattle-2260573008", "format": "[Gen 9] Random Battle", "players": ["ratburg007", "alto noob"], "log": "|j|\u2606ratburg007\n|j|\u2606alto noob\n|t:|1733864930\n|gametype|singles\n|player|p1|ratburg007|lucas|1125\n|player|p2|alto noob|170|1152\n|teamsize|p1|6\n|teamsize|p2|6\n|gen|9\n|tier|[Gen 9] Random Battle\n|rated|\n|rule|Species Clause: Limit one of each Pok\u00e9mon\n|rule|HP Percentage Mod: HP is shown in percentages\n|rule|Sleep Clause Mod: Limit one foe put to sleep\n|rule|Illusion Level Mod: Illusion disguises the Pok\u00e9mon's true level\n|\n|t:|1733864930\n|start\n|switch|p1a: Swanna|Swanna, L88, F|275/275\n|switch|p2a: Espeon|Espeon, L84, M|246/246\n|turn|1\n|inactive|Battle timer is ON: inactive players will automatically lose when time's up. (requested by ratburg007)\n|inactive|ratburg007 has 120 seconds left.\n|\n|t:|1733864978\n|move|p2a: Espeon|Calm Mind|p2a: Espeon\n|-boost|p2a: Espeon|spa|1\n|-boost|p2a: Espeon|spd|1\n|move|p1a: Swanna|Brave Bird|p2a: Espeon\n|-damage|p2a: Espeon|75/246\n|-damage|p1a: Swanna|219/275|[from] Recoil\n|\n|upkeep\n|turn|2\n|\n|t:|1733864997\n|switch|p1a: Probopass|Probopass, L92, M|260/260\n|move|p2a: Espeon|Psyshock|p1a: Probopass\n|-resisted|p1a: Probopass\n|-damage|p1a: Probopass|198/260\n|-damage|p2a: Espeon|51/246|[from] item: Life Orb\n|\n|upkeep\n|turn|3\n|\n|t:|1733865017\n|switch|p2a: Cobalion|Cobalion, L80|277/277\n|move|p1a: Probopass|Iron Defense|p1a: Probopass\n|-boost|p1a: Probopass|def|2\n|\n|upkeep\n|turn|4\n|\n|t:|1733865022\n|move|p2a: Cobalion|Aura Sphere|p1a: Probopass\n|-supereffective|p1a: Probopass\n|-damage|p1a: Probopass|14/260\n|move|p1a: Probopass|Body Press|p2a: Cobalion\n|-supereffective|p2a: Cobalion\n|-damage|p2a: Cobalion|0 fnt\n|faint|p2a: Cobalion\n|\n|upkeep\n|\n|t:|1733865030\n|switch|p2a: Espeon|Espeon, L84, M|51/246\n|turn|5\n|\n|t:|1733865035\n|move|p2a: Espeon|Psyshock|p1a: Probopass\n|-resisted|p1a: Probopass\n|-damage|p1a: Probopass|0 fnt\n|faint|p1a: Probopass\n|-damage|p2a: Espeon|27/246|[from] item: Life Orb\n|\n|upkeep\n|\n|t:|1733865045\n|switch|p1a: Vikavolt|Vikavolt, L83, M|263/263\n|turn|6\n|\n|t:|1733865050\n|move|p2a: Espeon|Psyshock|p1a: Vikavolt\n|-damage|p1a: Vikavolt|121/263\n|-damage|p2a: Espeon|3/246|[from] item: Life Orb\n|move|p1a: Vikavolt|Discharge|p2a: Espeon\n|-damage|p2a: Espeon|0 fnt\n|faint|p2a: Espeon\n|\n|upkeep\n|\n|t:|1733865059\n|switch|p2a: Flamigo|Flamigo, L82, M|269/269\n|turn|7\n|\n|t:|1733865086\n|move|p2a: Flamigo|Brave Bird|p1a: Vikavolt\n|-damage|p1a: Vikavolt|0 fnt\n|faint|p1a: Vikavolt\n|-damage|p2a: Flamigo|229/269|[from] Recoil\n|-damage|p2a: Flamigo|203/269|[from] item: Life Orb\n|\n|upkeep\n|\n|t:|1733865092\n|switch|p1a: Swanna|Swanna, L88, F|219/275\n|turn|8\n|\n|t:|1733865106\n|switch|p2a: Chien-Pao|Chien-Pao, L72|234/234\n|-ability|p2a: Chien-Pao|Sword of Ruin\n|move|p1a: Swanna|Brave Bird|p2a: Chien-Pao\n|-damage|p2a: Chien-Pao|87/234\n|-damage|p1a: Swanna|170/275|[from] Recoil\n|\n|upkeep\n|turn|9\n|\n|t:|1733865117\n|switch|p1a: Suicune|Suicune, L82|298/298\n|-ability|p1a: Suicune|Pressure\n|move|p2a: Chien-Pao|Icicle Crash|p1a: Suicune\n|-resisted|p1a: Suicune\n|-damage|p1a: Suicune|251/298\n|\n|-heal|p1a: Suicune|269/298|[from] item: Leftovers\n|upkeep\n|turn|10\n|\n|t:|1733865127\n|switch|p2a: Sceptile|Sceptile, L87, M|264/264\n|move|p1a: Suicune|Scald|p2a: Sceptile\n|-resisted|p2a: Sceptile\n|-damage|p2a: Sceptile|228/264\n|\n|-heal|p2a: Sceptile|244/264|[from] item: Leftovers\n|-heal|p1a: Suicune|287/298|[from] item: Leftovers\n|upkeep\n|turn|11\n|\n|t:|1733865146\n|switch|p1a: Dipplin|Dipplin, L88, F|284/284\n|move|p2a: Sceptile|Giga Drain|p1a: Dipplin\n|-resisted|p1a: Dipplin\n|-damage|p1a: Dipplin|269/284\n|-heal|p2a: Sceptile|252/264|[from] drain|[of] p1a: Dipplin\n|\n|-heal|p2a: Sceptile|264/264|[from] item: Leftovers\n|upkeep\n|turn|12\n|\n|t:|1733865165\n|switch|p2a: Oricorio|Oricorio-Pa'u, L87, F|272/272\n|move|p1a: Dipplin|Dragon Pulse|p2a: Oricorio\n|-damage|p2a: Oricorio|170/272\n|\n|upkeep\n|turn|13\n|\n|t:|1733865170\n|move|p2a: Oricorio|Hurricane|p1a: Dipplin\n|-supereffective|p1a: Dipplin\n|-damage|p1a: Dipplin|87/284\n|move|p1a: Dipplin|Dragon Tail|p2a: Oricorio\n|-damage|p2a: Oricorio|104/272\n|drag|p2a: Chien-Pao|Chien-Pao, L72|87/234\n|-ability|p2a: Chien-Pao|Sword of Ruin\n|\n|upkeep\n|turn|14\n|\n|t:|1733865182\n|switch|p1a: Suicune|Suicune, L82|287/298\n|-ability|p1a: Suicune|Pressure\n|move|p2a: Chien-Pao|Icicle Crash|p1a: Suicune|[miss]\n|-miss|p2a: Chien-Pao|p1a: Suicune\n|\n|-heal|p1a: Suicune|298/298|[from] item: Leftovers\n|upkeep\n|turn|15\n|\n|t:|1733865193\n|move|p2a: Chien-Pao|Swords Dance|p2a: Chien-Pao\n|-boost|p2a: Chien-Pao|atk|2\n|move|p1a: Suicune|Ice Beam|p2a: Chien-Pao\n|-resisted|p2a: Chien-Pao\n|-damage|p2a: Chien-Pao|45/234\n|\n|upkeep\n|turn|16\n|\n|t:|1733865200\n|move|p2a: Chien-Pao|Throat Chop|p1a: Suicune\n|-damage|p1a: Suicune|126/298\n|-start|p1a: Suicune|Throat Chop|[silent]\n|move|p1a: Suicune|Scald|p2a: Chien-Pao\n|-damage|p2a: Chien-Pao|0 fnt\n|faint|p2a: Chien-Pao\n|\n|-heal|p1a: Suicune|144/298|[from] item: Leftovers\n|upkeep\n|\n|t:|1733865215\n|switch|p2a: Flamigo|Flamigo, L82, M|203/269\n|turn|17\n|\n|t:|1733865225\n|switch|p1a: Reuniclus|Reuniclus, L88, M|337/337\n|move|p2a: Flamigo|Brave Bird|p1a: Reuniclus\n|-damage|p1a: Reuniclus|145/337\n|-damage|p2a: Flamigo|140/269|[from] Recoil\n|-damage|p2a: Flamigo|114/269|[from] item: Life Orb\n|\n|upkeep\n|turn|18\n|\n|t:|1733865235\n|move|p2a: Flamigo|Brave Bird|p1a: Reuniclus\n|-damage|p1a: Reuniclus|0 fnt\n|faint|p1a: Reuniclus\n|-damage|p2a: Flamigo|66/269|[from] Recoil\n|-damage|p2a: Flamigo|40/269|[from] item: Life Orb\n|\n|upkeep\n|\n|t:|1733865238\n|switch|p1a: Swanna|Swanna, L88, F|170/275\n|turn|19\n|\n|t:|1733865244\n|switch|p2a: Oricorio|Oricorio-Pa'u, L87, F|104/272\n|move|p1a: Swanna|Brave Bird|p2a: Oricorio\n|-damage|p2a: Oricorio|0 fnt\n|faint|p2a: Oricorio\n|-damage|p1a: Swanna|136/275|[from] Recoil\n|\n|upkeep\n|\n|t:|1733865254\n|switch|p2a: Sceptile|Sceptile, L87, M|264/264\n|turn|20\n|\n|t:|1733865260\n|move|p2a: Sceptile|Substitute|p2a: Sceptile\n|-start|p2a: Sceptile|Substitute\n|-damage|p2a: Sceptile|198/264\n|move|p1a: Swanna|Brave Bird|p2a: Sceptile\n|-supereffective|p2a: Sceptile\n|-end|p2a: Sceptile|Substitute\n|-damage|p1a: Swanna|114/275|[from] Recoil|[of] p2a: Sceptile\n|\n|-heal|p2a: Sceptile|214/264|[from] item: Leftovers\n|upkeep\n|turn|21\n|\n|t:|1733865276\n|switch|p1a: Dipplin|Dipplin, L88, F|87/284\n|move|p2a: Sceptile|Substitute|p2a: Sceptile\n|-start|p2a: Sceptile|Substitute\n|-damage|p2a: Sceptile|148/264\n|\n|-heal|p2a: Sceptile|164/264|[from] item: Leftovers\n|upkeep\n|turn|22\n|\n|t:|1733865279\n|move|p2a: Sceptile|Focus Blast|p1a: Dipplin\n|-damage|p1a: Dipplin|22/284\n|move|p1a: Dipplin|Recover|p1a: Dipplin\n|-heal|p1a: Dipplin|164/284\n|\n|-heal|p2a: Sceptile|180/264|[from] item: Leftovers\n|upkeep\n|turn|23\n|-message|alto noob forfeited.\n|\n|win|ratburg007\n|raw|ratburg007's rating: 1125 &rarr; <strong>1152</strong><br />(+27 for winning)\n|raw|alto noob's rating: 1152 &rarr; <strong>1125</strong><br />(-27 for losing)\n|l|\u2606alto noob\n|player|p2|\n", "inputlog": ">version bfd83cad13791eb5a5a409923076391caf6fb4d4\n>start {\"formatid\":\"gen9randombattle\",\"seed\":[36030,50509,59666,54389],\"rated\":\"Rated battle\"}\n>player p1 {\"name\":\"ratburg007\",\"avatar\":\"lucas\",\"rating\":1125,\"seed\":[37365,12237,36284,44251]}\n>player p2 {\"name\":\"alto noob\",\"avatar\":\"170\",\"rating\":1152,\"seed\":[9670,23890,34256,36828]}\n>p1 move bravebird\n>p2 move calmmind\n>p1 switch 3\n>p2 move psyshock\n>p1 move irondefense\n>p2 switch 4\n>p1 move bodypress\n>p2 move aurasphere\n>p2 switch 4\n>p1 move bodypress\n>p2 move psyshock\n>p1 switch 6\n>p1 move discharge\n>p2 move psyshock\n>p2 switch 6\n>p1 move stickyweb\n>p2 move bravebird\n>p1 switch 3\n>p1 move bravebird\n>p2 switch 2\n>p1 switch 4\n>p2 move iciclecrash\n>p1 move scald\n>p2 switch 5\n>p1 switch 5\n>p2 move gigadrain\n>p1 move dragonpulse\n>p2 switch 3\n>p1 move dragontail\n>p2 move hurricane\n>p1 switch 5\n>p2 move iciclecrash\n>p1 move icebeam\n>p2 move swordsdance\n>p1 move scald\n>p2 move throatchop\n>p2 switch 2\n>p1 switch 2\n>p2 move bravebird\n>p1 move psychic\n>p2 move bravebird\n>p1 switch 4\n>p1 move bravebird\n>p2 switch 5\n>p2 switch 3\n>p1 move bravebird\n>p2 move substitute\n>p1 switch 5\n>p2 move substitute\n>p1 move recover\n>p2 move focusblast\n>forcelose p2", "uploadtime": 1733865299, "views": 2, "formatid": "gen9randombattle", "rating": 1125, "private": 0, "password": null}