{"id": "gen9randombattle-2260373851", "format": "[Gen 9] Random Battle", "players": ["MancoDelas", "egg sams"], "log": "|j|\u2606MancoDelas\n|j|\u2606egg sams\n|t:|1733845267\n|gametype|singles\n|player|p1|MancoDelas|volkner|1100\n|player|p2|egg sams|dawn|1065\n|teamsize|p1|6\n|teamsize|p2|6\n|gen|9\n|tier|[Gen 9] Random Battle\n|rated|\n|rule|Species Clause: Limit one of each Pok\u00e9mon\n|rule|HP Percentage Mod: HP is shown in percentages\n|rule|Sleep Clause Mod: Limit one foe put to sleep\n|rule|Illusion Level Mod: Illusion disguises the Pok\u00e9mon's true level\n|\n|t:|1733845267\n|start\n|switch|p1a: Raging Bolt|Raging Bolt, L78|323/323\n|switch|p2a: Entei|Entei, L78|307/307\n|turn|1\n|inactive|Battle timer is ON: inactive players will automatically lose when time's up. (requested by MancoDelas)\n|\n|t:|1733845279\n|move|p2a: Entei|Stomping Tantrum|p1a: Raging Bolt\n|-supereffective|p1a: Raging Bolt\n|-damage|p1a: Raging Bolt|155/323\n|move|p1a: Raging Bolt|Volt Switch|p2a: Entei\n|-damage|p2a: Entei|208/307\n|\n|t:|1733845284\n|-end|p1a: Raging Bolt|Protosynthesis|[silent]\n|switch|p1a: Mudsdale|Mudsdale, L84, F|305/305|[from] Volt Switch\n|\n|upkeep\n|turn|2\n|\n|t:|1733845289\n|move|p2a: Entei|Stomping Tantrum|p1a: Mudsdale\n|-damage|p1a: Mudsdale|234/305\n|-ability|p1a: Mudsdale|Stamina|boost\n|-boost|p1a: Mudsdale|def|1\n|move|p1a: Mudsdale|Stealth Rock|p2a: Entei\n|-sidestart|p2: egg sams|move: Stealth Rock\n|\n|-heal|p1a: Mudsdale|253/305|[from] item: Leftovers\n|upkeep\n|turn|3\n|\n|t:|1733845299\n|move|p2a: Entei|Stomping Tantrum|p1a: Mudsdale\n|-damage|p1a: Mudsdale|207/305\n|-ability|p1a: Mudsdale|Stamina|boost\n|-boost|p1a: Mudsdale|def|1\n|move|p1a: Mudsdale|Earthquake|p2a: Entei\n|-supereffective|p2a: Entei\n|-damage|p2a: Entei|0 fnt\n|faint|p2a: Entei\n|\n|-heal|p1a: Mudsdale|226/305|[from] item: Leftovers\n|upkeep\n|\n|t:|1733845310\n|switch|p2a: Quagsire|Quagsire, L84, M|297/297\n|-damage|p2a: Quagsire|279/297|[from] Stealth Rock\n|turn|4\n|\n|t:|1733845315\n|move|p1a: Mudsdale|Earthquake|p2a: Quagsire\n|-crit|p2a: Quagsire\n|-damage|p2a: Quagsire|66/297\n|move|p2a: Quagsire|Toxic|p1a: Mudsdale\n|-status|p1a: Mudsdale|tox\n|\n|-heal|p2a: Quagsire|84/297|[from] item: Leftovers\n|-heal|p1a: Mudsdale|245/305 tox|[from] item: Leftovers\n|-damage|p1a: Mudsdale|226/305 tox|[from] psn\n|upkeep\n|turn|5\n|\n|t:|1733845326\n|move|p2a: Quagsire|Recover|p2a: Quagsire\n|-heal|p2a: Quagsire|233/297\n|move|p1a: Mudsdale|Earthquake|p2a: Quagsire\n|-damage|p2a: Quagsire|92/297\n|\n|-heal|p1a: Mudsdale|245/305 tox|[from] item: Leftovers\n|-heal|p2a: Quagsire|110/297|[from] item: Leftovers\n|-damage|p1a: Mudsdale|207/305 tox|[from] psn\n|upkeep\n|turn|6\n|\n|t:|1733845336\n|move|p1a: Mudsdale|Earthquake|p2a: Quagsire\n|-damage|p2a: Quagsire|0 fnt\n|faint|p2a: Quagsire\n|\n|-heal|p1a: Mudsdale|226/305 tox|[from] item: Leftovers\n|-damage|p1a: Mudsdale|169/305 tox|[from] psn\n|upkeep\n|\n|t:|1733845344\n|switch|p2a: Arboliva|Arboliva, L91, M|290/290\n|-damage|p2a: Arboliva|254/290|[from] Stealth Rock\n|turn|7\n|\n|t:|1733845350\n|move|p2a: Arboliva|Energy Ball|p1a: Mudsdale\n|-supereffective|p1a: Mudsdale\n|-damage|p1a: Mudsdale|0 fnt\n|faint|p1a: Mudsdale\n|\n|-heal|p2a: Arboliva|272/290|[from] item: Leftovers\n|upkeep\n|\n|t:|1733845354\n|switch|p1a: Ho-Oh|Ho-Oh, L71|268/268\n|turn|8\n|\n|t:|1733845364\n|-terastallize|p2a: Arboliva|Ground\n|move|p1a: Ho-Oh|Brave Bird|p2a: Arboliva\n|-damage|p2a: Arboliva|163/290\n|-fieldstart|move: Grassy Terrain|[from] ability: Seed Sower|[of] p2a: Arboliva\n|-damage|p1a: Ho-Oh|232/268|[from] Recoil\n|move|p2a: Arboliva|Earth Power|p1a: Ho-Oh\n|-immune|p1a: Ho-Oh\n|\n|-heal|p2a: Arboliva|181/290|[from] Grassy Terrain\n|-heal|p2a: Arboliva|199/290|[from] item: Leftovers\n|upkeep\n|turn|9\n|\n|t:|1733845379\n|move|p1a: Ho-Oh|Sacred Fire|p2a: Arboliva\n|-damage|p2a: Arboliva|114/290\n|move|p2a: Arboliva|Hyper Voice|p1a: Ho-Oh\n|-damage|p1a: Ho-Oh|124/268\n|\n|-heal|p2a: Arboliva|132/290|[from] Grassy Terrain\n|-heal|p2a: Arboliva|150/290|[from] item: Leftovers\n|upkeep\n|turn|10\n|\n|t:|1733845393\n|switch|p1a: Skeledirge|Skeledirge, L79, F|294/294\n|move|p2a: Arboliva|Hyper Voice|p1a: Skeledirge\n|-immune|p1a: Skeledirge\n|\n|-heal|p2a: Arboliva|168/290|[from] Grassy Terrain\n|-heal|p2a: Arboliva|186/290|[from] item: Leftovers\n|upkeep\n|turn|11\n|\n|t:|1733845403\n|move|p1a: Skeledirge|Torch Song|p2a: Arboliva\n|-damage|p2a: Arboliva|125/290\n|-boost|p1a: Skeledirge|spa|1\n|move|p2a: Arboliva|Earth Power|p1a: Skeledirge\n|-supereffective|p1a: Skeledirge\n|-damage|p1a: Skeledirge|0 fnt\n|faint|p1a: Skeledirge\n|\n|-heal|p2a: Arboliva|143/290|[from] Grassy Terrain\n|-heal|p2a: Arboliva|161/290|[from] item: Leftovers\n|upkeep\n|-message|MancoDelas forfeited.\n|\n|win|egg sams\n|raw|MancoDelas's rating: 1100 &rarr; <strong>1072</strong><br />(-28 for losing)\n|raw|egg sams's rating: 1065 &rarr; <strong>1098</strong><br />(+33 for winning)\n|l|\u2606MancoDelas\n|player|p1|\n", "inputlog": ">version bfd83cad13791eb5a5a409923076391caf6fb4d4\n>start {\"formatid\":\"gen9randombattle\",\"seed\":[11961,47571,56641,16052],\"rated\":\"Rated battle\"}\n>player p1 {\"name\":\"MancoDelas\",\"avatar\":\"volkner\",\"rating\":1100,\"seed\":[50634,49488,55181,25810]}\n>player p2 {\"name\":\"egg sams\",\"avatar\":\"dawn\",\"rating\":1065,\"seed\":[52908,34254,18448,15354]}\n>p1 move voltswitch\n>p2 move stompingtantrum\n>p1 switch 3\n>p1 move stealthrock\n>p2 move stompingtantrum\n>p1 move earthquake\n>p2 move stompingtantrum\n>p2 switch 2\n>p1 move earthquake\n>p2 move toxic\n>p1 move earthquake\n>p2 move recover\n>p1 move earthquake\n>p2 move recover\n>p2 switch 3\n>p1 move heavyslam\n>p2 move energyball\n>p1 switch 2\n>p1 move bravebird\n>p2 move earthpower terastallize\n>p1 move sacredfire\n>p2 move hypervoice\n>p1 switch 5\n>p2 move hypervoice\n>p1 move torchsong\n>p2 move earthpower\n>forcelose p1", "uploadtime": 1733845420, "views": 11, "formatid": "gen9randombattle", "rating": 1072, "private": 0, "password": null}