{"id": "gen9randombattle-2258408748", "format": "[Gen 9] Random Battle", "players": ["Vitoran", "bmence"], "log": "|badge|p1|bronze|gen9randombattle|100-3\n|uhtml|medal-msg|<div class=\"broadcast-blue\">Curious what those medals under the avatar are? PS now has Ladder Seasons! For more information, check out the <a href=\"https://www.smogon.com/forums/threads/3740067/\">thread on Smogon.</a></div>\n|j|\u2606Vitoran\n|j|\u203dbmence\n|t:|1733562075\n|gametype|singles\n|player|p1|Vitoran|nemona-v|2328\n|player|p2|bmence|265|2258\n|teamsize|p1|6\n|teamsize|p2|6\n|gen|9\n|tier|[Gen 9] Random Battle\n|rated|\n|rule|Species Clause: Limit one of each Pok\u00e9mon\n|rule|HP Percentage Mod: HP is shown in percentages\n|rule|Sleep Clause Mod: Limit one foe put to sleep\n|rule|Illusion Level Mod: Illusion disguises the Pok\u00e9mon's true level\n|\n|t:|1733562075\n|start\n|switch|p1a: Arceus|Arceus-Ghost, L69|280/280\n|switch|p2a: Hariyama|Hariyama, L87, M|392/392\n|turn|1\n|inactive|Battle timer is ON: inactive players will automatically lose when time's up. (requested by Vitoran)\n|c|\u2606Vitoran|glhf\n|\n|t:|1733562101\n|move|p1a: Arceus|Judgment|p2a: Hariyama\n|-damage|p2a: Hariyama|299/392\n|move|p2a: Hariyama|Knock Off|p1a: Arceus\n|-supereffective|p1a: Arceus\n|-damage|p1a: Arceus|178/280\n|\n|upkeep\n|turn|2\n|\n|t:|1733562107\n|move|p1a: Arceus|Will-O-Wisp|p2a: Hariyama\n|-status|p2a: Hariyama|brn\n|move|p2a: Hariyama|Knock Off|p1a: Arceus\n|-supereffective|p1a: Arceus\n|-damage|p1a: Arceus|127/280\n|\n|-damage|p2a: Hariyama|275/392 brn|[from] brn\n|upkeep\n|turn|3\n|\n|t:|1733562112\n|switch|p2a: Coalossal|Coalossal, L89, M|341/341\n|move|p1a: Arceus|Recover|p1a: Arceus\n|-heal|p1a: Arceus|267/280\n|\n|upkeep\n|turn|4\n|\n|t:|1733562120\n|switch|p1a: Hatterene|Hatterene, L85, F|236/236\n|move|p2a: Coalossal|Spikes|p1a: Hatterene\n|move|p1a: Hatterene|Spikes|p2a: Coalossal|[from]ability: Magic Bounce\n|-sidestart|p2: bmence|Spikes\n|\n|upkeep\n|turn|5\n|inactive|bmence has 120 seconds left.\n|inactive|bmence has 90 seconds left.\n|inactive|bmence has 60 seconds left.\n|inactive|bmence has 30 seconds left.\n|inactive|bmence has 20 seconds left.\n|\n|t:|1733562255\n|move|p2a: Coalossal|Stone Edge|p1a: Hatterene\n|-damage|p1a: Hatterene|148/236\n|move|p1a: Hatterene|Psychic|p2a: Coalossal\n|-damage|p2a: Coalossal|212/341\n|\n|-heal|p1a: Hatterene|162/236|[from] item: Leftovers\n|upkeep\n|turn|6\n|inactive|bmence has 30 seconds left this turn.\n|\n|t:|1733562264\n|move|p2a: Coalossal|Stone Edge|p1a: Hatterene\n|-damage|p1a: Hatterene|63/236\n|move|p1a: Hatterene|Psychic|p2a: Coalossal\n|-damage|p2a: Coalossal|98/341\n|\n|-heal|p1a: Hatterene|77/236|[from] item: Leftovers\n|upkeep\n|turn|7\n|\n|t:|1733562269\n|move|p2a: Coalossal|Stone Edge|p1a: Hatterene\n|-damage|p1a: Hatterene|0 fnt\n|faint|p1a: Hatterene\n|\n|upkeep\n|\n|t:|1733562290\n|switch|p1a: Krookodile|Krookodile, L80, F|283/283\n|-ability|p1a: Krookodile|Intimidate|boost\n|-unboost|p2a: Coalossal|atk|1\n|turn|8\n|inactive|bmence has 30 seconds left.\n|inactive|bmence has 20 seconds left.\n|inactive|bmence has 15 seconds left.\n|\n|t:|1733562325\n|switch|p2a: Meowscarada|Meowscarada, L78, M|247/247\n|move|p1a: Krookodile|Knock Off|p2a: Meowscarada\n|-resisted|p2a: Meowscarada\n|-damage|p2a: Meowscarada|161/247\n|-enditem|p2a: Meowscarada|Heavy-Duty Boots|[from] move: Knock Off|[of] p1a: Krookodile\n|-damage|p1a: Krookodile|255/283|[from] item: Life Orb\n|\n|upkeep\n|turn|9\n|inactive|bmence has 25 seconds left this turn.\n|inactive|bmence has 20 seconds left.\n|\n|t:|1733562342\n|-terastallize|p1a: Krookodile|Poison\n|move|p2a: Meowscarada|Toxic Spikes|p1a: Krookodile\n|-start|p2a: Meowscarada|typechange|Poison|[from] ability: Protean\n|-sidestart|p1: Vitoran|move: Toxic Spikes\n|move|p1a: Krookodile|Gunk Shot|p2a: Meowscarada\n|-resisted|p2a: Meowscarada\n|-damage|p2a: Meowscarada|54/247\n|-damage|p1a: Krookodile|227/283|[from] item: Life Orb\n|\n|upkeep\n|turn|10\n|inactive|bmence has 30 seconds left this turn.\n|inactive|bmence has 20 seconds left.\n|\n|t:|1733562357\n|move|p2a: Meowscarada|Knock Off|p1a: Krookodile\n|-damage|p1a: Krookodile|148/283\n|-enditem|p1a: Krookodile|Life Orb|[from] move: Knock Off|[of] p2a: Meowscarada\n|move|p1a: Krookodile|Knock Off|p2a: Meowscarada\n|-damage|p2a: Meowscarada|0 fnt\n|faint|p2a: Meowscarada\n|\n|upkeep\n|inactive|bmence has 25 seconds left this turn.\n|inactive|bmence has 20 seconds left.\n|\n|t:|1733562364\n|switch|p2a: Delibird|Delibird, M|252/252\n|turn|11\n|inactive|bmence has 30 seconds left this turn.\n|\n|t:|1733562372\n|switch|p1a: Sudowoodo|Sudowoodo, L94, M|284/284\n|-status|p1a: Sudowoodo|psn\n|move|p2a: Delibird|Brave Bird|p1a: Sudowoodo\n|-resisted|p1a: Sudowoodo\n|-damage|p1a: Sudowoodo|238/284 psn\n|-damage|p2a: Delibird|237/252|[from] Recoil\n|\n|-heal|p1a: Sudowoodo|255/284 psn|[from] item: Leftovers\n|-damage|p1a: Sudowoodo|220/284 psn|[from] psn\n|upkeep\n|turn|12\n|inactive|bmence has 30 seconds left.\n|\n|t:|1733562382\n|move|p2a: Delibird|Spikes|p1a: Sudowoodo\n|-sidestart|p1: Vitoran|Spikes\n|move|p1a: Sudowoodo|Head Smash|p2a: Delibird\n|-supereffective|p2a: Delibird\n|-damage|p2a: Delibird|0 fnt\n|faint|p2a: Delibird\n|\n|-heal|p1a: Sudowoodo|237/284 psn|[from] item: Leftovers\n|-damage|p1a: Sudowoodo|202/284 psn|[from] psn\n|upkeep\n|inactive|bmence has 30 seconds left.\n|\n|t:|1733562393\n|switch|p2a: Overqwil|Overqwil, L82, F|274/274\n|-damage|p2a: Overqwil|240/274|[from] Spikes\n|-ability|p2a: Overqwil|Intimidate|boost\n|-unboost|p1a: Sudowoodo|atk|1\n|turn|13\n|inactive|bmence has 30 seconds left.\n|\n|t:|1733562406\n|move|p2a: Overqwil|Swords Dance|p2a: Overqwil\n|-boost|p2a: Overqwil|atk|2\n|move|p1a: Sudowoodo|Head Smash|p2a: Overqwil\n|-damage|p2a: Overqwil|102/274\n|\n|-heal|p1a: Sudowoodo|219/284 psn|[from] item: Leftovers\n|-damage|p1a: Sudowoodo|184/284 psn|[from] psn\n|upkeep\n|turn|14\n|\n|t:|1733562410\n|move|p2a: Overqwil|Scale Shot|p1a: Sudowoodo\n|-damage|p1a: Sudowoodo|154/284 psn\n|-damage|p1a: Sudowoodo|127/284 psn\n|-damage|p1a: Sudowoodo|98/284 psn\n|-damage|p1a: Sudowoodo|70/284 psn\n|-damage|p1a: Sudowoodo|41/284 psn\n|-hitcount|p1a: Sudowoodo|5\n|-unboost|p2a: Overqwil|def|1\n|-boost|p2a: Overqwil|spe|1\n|move|p1a: Sudowoodo|Head Smash|p2a: Overqwil\n|-damage|p2a: Overqwil|0 fnt\n|faint|p2a: Overqwil\n|\n|-heal|p1a: Sudowoodo|58/284 psn|[from] item: Leftovers\n|-damage|p1a: Sudowoodo|23/284 psn|[from] psn\n|upkeep\n|inactive|bmence has 30 seconds left.\n|\n|t:|1733562427\n|switch|p2a: Hariyama|Hariyama, L87, M|275/392 brn\n|-damage|p2a: Hariyama|226/392 brn|[from] Spikes\n|turn|15\n|\n|t:|1733562442\n|move|p2a: Hariyama|Heavy Slam|p1a: Sudowoodo\n|-supereffective|p1a: Sudowoodo\n|-damage|p1a: Sudowoodo|0 fnt\n|faint|p1a: Sudowoodo\n|\n|-damage|p2a: Hariyama|202/392 brn|[from] brn\n|upkeep\n|\n|t:|1733562448\n|switch|p1a: Krookodile|Krookodile, L80, F, tera:Poison|148/283\n|-sideend|p1: Vitoran|move: Toxic Spikes|[of] p1a: Krookodile\n|-damage|p1a: Krookodile|113/283|[from] Spikes\n|-ability|p1a: Krookodile|Intimidate|boost\n|-unboost|p2a: Hariyama|atk|1\n|turn|16\n|\n|t:|1733562466\n|switch|p1a: Arceus|Arceus-Ghost, L69|267/280\n|-damage|p1a: Arceus|232/280|[from] Spikes\n|move|p2a: Hariyama|Heavy Slam|p1a: Arceus\n|-damage|p1a: Arceus|219/280\n|\n|-damage|p2a: Hariyama|178/392 brn|[from] brn\n|upkeep\n|turn|17\n|\n|t:|1733562476\n|switch|p2a: Coalossal|Coalossal, L89, M|98/341\n|move|p1a: Arceus|Judgment|p2a: Coalossal\n|-damage|p2a: Coalossal|11/341\n|\n|upkeep\n|turn|18\n|\n|t:|1733562480\n|move|p1a: Arceus|Judgment|p2a: Coalossal\n|-damage|p2a: Coalossal|0 fnt\n|faint|p2a: Coalossal\n|\n|upkeep\n|\n|t:|1733562482\n|switch|p2a: Torterra|Torterra, L78, F|276/276\n|-damage|p2a: Torterra|242/276|[from] Spikes\n|turn|19\n|\n|t:|1733562499\n|move|p1a: Arceus|Will-O-Wisp|p2a: Torterra\n|-status|p2a: Torterra|brn\n|move|p2a: Torterra|Shell Smash|p2a: Torterra\n|-unboost|p2a: Torterra|def|1\n|-unboost|p2a: Torterra|spd|1\n|-boost|p2a: Torterra|atk|2\n|-boost|p2a: Torterra|spa|2\n|-boost|p2a: Torterra|spe|2\n|\n|-damage|p2a: Torterra|225/276 brn|[from] brn\n|upkeep\n|turn|20\n|\n|t:|1733562513\n|move|p2a: Torterra|Shell Smash|p2a: Torterra\n|-unboost|p2a: Torterra|def|1\n|-unboost|p2a: Torterra|spd|1\n|-boost|p2a: Torterra|atk|2\n|-boost|p2a: Torterra|spa|2\n|-boost|p2a: Torterra|spe|2\n|move|p1a: Arceus|Judgment|p2a: Torterra\n|-damage|p2a: Torterra|15/276 brn\n|\n|-damage|p2a: Torterra|0 fnt|[from] brn\n|faint|p2a: Torterra\n|upkeep\n|-message|bmence forfeited.\n|\n|win|Vitoran\n|raw|Vitoran's rating: 2328 &rarr; <strong>2344</strong><br />(+16 for winning)\n|raw|bmence's rating: 2258 &rarr; <strong>2242</strong><br />(-16 for losing)\n|l|\u203dbmence\n|player|p2|\n", "inputlog": ">version 233a96b70f833eb131bd84157cd6ea1f74f01810\n>start {\"formatid\":\"gen9randombattle\",\"seed\":[5228,36858,26476,50561],\"rated\":\"Rated battle\"}\n>player p1 {\"name\":\"Vitoran\",\"avatar\":\"nemona-v\",\"rating\":2328,\"seed\":[12980,10086,24672,55906]}\n>player p2 {\"name\":\"bmence\",\"avatar\":\"265\",\"rating\":2258,\"seed\":[26338,2138,20428,4429]}\n>chat \u2606Vitoran|glhf\n>p1 move judgment\n>p2 move knockoff\n>p1 move willowisp\n>p2 move knockoff\n>p1 move recover\n>p2 switch 6\n>p1 switch 4\n>p2 move spikes\n>p1 move psychic\n>p2 move stoneedge\n>p1 move psychic\n>p2 move stoneedge\n>p1 move psychic\n>p2 move stoneedge\n>p1 switch 6\n>p1 move knockoff\n>p2 switch 3\n>p1 move gunkshot terastallize\n>p2 move toxicspikes\n>p1 move knockoff\n>p2 move knockoff\n>p2 switch 2\n>p1 switch 5\n>p2 move bravebird\n>p1 move headsmash\n>p2 move spikes\n>p2 switch 5\n>p1 move headsmash\n>p2 move swordsdance\n>p1 move headsmash\n>p2 move scaleshot\n>p2 switch 6\n>p1 move stealthrock\n>p2 move heavyslam\n>p1 switch 5\n>p1 switch 4\n>p2 move heavyslam\n>p1 move judgment\n>p2 switch 3\n>p1 move judgment\n>p2 move spikes\n>p2 switch 4\n>p1 move willowisp\n>p2 move shellsmash\n>p1 move judgment\n>p2 move shellsmash\n>forcelose p2", "uploadtime": 1733562541, "views": 6, "formatid": "gen9randombattle", "rating": 2242, "private": 0, "password": null}