{"id": "gen9randombattle-2163382813", "format": "[Gen 9] Random Battle", "players": ["Qiuescent", "daneben"], "log": "|j|\u203dQiuescent\n|j|\u2606daneben\n|t:|1721342550\n|gametype|singles\n|player|p1|Qiuescent|266|2191\n|player|p2|daneben|2|2224\n|teamsize|p1|6\n|teamsize|p2|6\n|gen|9\n|tier|[Gen 9] Random Battle\n|rated|\n|rule|Species Clause: Limit one of each Pok\u00e9mon\n|rule|HP Percentage Mod: HP is shown in percentages\n|rule|Sleep Clause Mod: Limit one foe put to sleep\n|rule|Illusion Level Mod: Illusion disguises the Pok\u00e9mon's true level\n|\n|t:|1721342550\n|start\n|switch|p1a: Koraidon|Koraidon, L64|235/235\n|switch|p2a: Drednaw|Drednaw, L80, M|275/275\n|-weather|SunnyDay|[from] ability: Orichalcum Pulse|[of] p1a: Koraidon\n|-activate|p1a: Koraidon|Orichalcum Pulse|[source]\n|turn|1\n|inactive|Battle timer is ON: inactive players will automatically lose when time's up. (requested by daneben)\n|\n|t:|1721342580\n|switch|p2a: Bellossom|Bellossom, L84, F|263/263\n|move|p1a: Koraidon|Close Combat|p2a: Bellossom\n|-damage|p2a: Bellossom|64/263\n|-unboost|p1a: Koraidon|def|1\n|-unboost|p1a: Koraidon|spd|1\n|\n|-weather|SunnyDay|[upkeep]\n|-heal|p2a: Bellossom|80/263|[from] item: Leftovers\n|upkeep\n|turn|2\n|\n|t:|1721342585\n|switch|p1a: Skeledirge|Skeledirge, L79, F|294/294\n|move|p2a: Bellossom|Strength Sap|p1a: Skeledirge\n|-unboost|p1a: Skeledirge|atk|1\n|-heal|p2a: Bellossom|244/263\n|\n|-weather|SunnyDay|[upkeep]\n|-heal|p2a: Bellossom|260/263|[from] item: Leftovers\n|upkeep\n|turn|3\n|\n|t:|1721342599\n|switch|p2a: Palossand|Palossand, L89, M|296/296\n|move|p1a: Skeledirge|Torch Song|p2a: Palossand\n|-damage|p2a: Palossand|155/296\n|-boost|p1a: Skeledirge|spa|1\n|\n|-weather|SunnyDay|[upkeep]\n|-heal|p2a: Palossand|173/296|[from] item: Leftovers\n|upkeep\n|turn|4\n|\n|t:|1721342606\n|move|p1a: Skeledirge|Shadow Ball|p2a: Palossand\n|-supereffective|p2a: Palossand\n|-damage|p2a: Palossand|0 fnt\n|faint|p2a: Palossand\n|\n|-weather|SunnyDay|[upkeep]\n|upkeep\n|\n|t:|1721342624\n|switch|p2a: Latios|Latios, L78, M|253/253\n|turn|5\n|\n|t:|1721342628\n|move|p2a: Latios|Draco Meteor|p1a: Skeledirge\n|-damage|p1a: Skeledirge|66/294\n|-unboost|p2a: Latios|spa|2\n|move|p1a: Skeledirge|Shadow Ball|p2a: Latios\n|-supereffective|p2a: Latios\n|-damage|p2a: Latios|19/253\n|\n|-weather|none\n|upkeep\n|turn|6\n|\n|t:|1721342640\n|switch|p1a: Bombirdier|Bombirdier, L85, F|258/258\n|move|p2a: Latios|Draco Meteor|p1a: Bombirdier\n|-damage|p1a: Bombirdier|159/258\n|-unboost|p2a: Latios|spa|2\n|\n|upkeep\n|turn|7\n|\n|t:|1721342653\n|switch|p1a: Hitmontop|Hitmontop, L88, M|231/231\n|move|p2a: Latios|Draco Meteor|p1a: Hitmontop\n|-damage|p1a: Hitmontop|182/231\n|-unboost|p2a: Latios|spa|2\n|\n|-heal|p1a: Hitmontop|196/231|[from] item: Leftovers\n|upkeep\n|turn|8\n|\n|t:|1721342656\n|move|p2a: Latios|Luster Purge|p1a: Hitmontop\n|-supereffective|p1a: Hitmontop\n|-damage|p1a: Hitmontop|136/231\n|move|p1a: Hitmontop|Rapid Spin|p2a: Latios\n|-damage|p2a: Latios|0 fnt\n|-boost|p1a: Hitmontop|spe|1\n|faint|p2a: Latios\n|\n|-heal|p1a: Hitmontop|150/231|[from] item: Leftovers\n|upkeep\n|\n|t:|1721342660\n|switch|p2a: Bellossom|Bellossom, L84, F|260/263\n|turn|9\n|\n|t:|1721342672\n|switch|p1a: Skeledirge|Skeledirge, L79, F|66/294\n|move|p2a: Bellossom|Strength Sap|p1a: Skeledirge\n|-unboost|p1a: Skeledirge|atk|1\n|-heal|p2a: Bellossom|263/263\n|\n|upkeep\n|turn|10\n|\n|t:|1721342678\n|-terastallize|p2a: Bellossom|Rock\n|move|p1a: Skeledirge|Slack Off|p1a: Skeledirge\n|-heal|p1a: Skeledirge|213/294\n|move|p2a: Bellossom|Quiver Dance|p2a: Bellossom\n|-boost|p2a: Bellossom|spa|1\n|-boost|p2a: Bellossom|spd|1\n|-boost|p2a: Bellossom|spe|1\n|\n|upkeep\n|turn|11\n|\n|t:|1721342689\n|switch|p1a: Clodsire|Clodsire, L81, M|343/343\n|move|p2a: Bellossom|Tera Blast|p1a: Clodsire|[anim] Tera Blast Rock\n|-resisted|p1a: Clodsire\n|-damage|p1a: Clodsire|304/343\n|\n|-heal|p1a: Clodsire|325/343|[from] item: Leftovers\n|upkeep\n|turn|12\n|\n|t:|1721342695\n|move|p2a: Bellossom|Giga Drain|p1a: Clodsire\n|-damage|p1a: Clodsire|258/343\n|move|p1a: Clodsire|Toxic Spikes|p2a: Bellossom\n|-sidestart|p2: daneben|move: Toxic Spikes\n|\n|-heal|p1a: Clodsire|279/343|[from] item: Leftovers\n|upkeep\n|turn|13\n|\n|t:|1721342698\n|move|p2a: Bellossom|Quiver Dance|p2a: Bellossom\n|-boost|p2a: Bellossom|spa|1\n|-boost|p2a: Bellossom|spd|1\n|-boost|p2a: Bellossom|spe|1\n|move|p1a: Clodsire|Toxic Spikes|p2a: Bellossom\n|-sidestart|p2: daneben|move: Toxic Spikes\n|\n|-heal|p1a: Clodsire|300/343|[from] item: Leftovers\n|upkeep\n|turn|14\n|\n|t:|1721342702\n|move|p2a: Bellossom|Quiver Dance|p2a: Bellossom\n|-boost|p2a: Bellossom|spa|1\n|-boost|p2a: Bellossom|spd|1\n|-boost|p2a: Bellossom|spe|1\n|move|p1a: Clodsire|Earthquake|p2a: Bellossom\n|-supereffective|p2a: Bellossom\n|-damage|p2a: Bellossom|119/263\n|\n|-heal|p2a: Bellossom|135/263|[from] item: Leftovers\n|-heal|p1a: Clodsire|321/343|[from] item: Leftovers\n|upkeep\n|turn|15\n|\n|t:|1721342705\n|move|p2a: Bellossom|Strength Sap|p1a: Clodsire\n|-unboost|p1a: Clodsire|atk|1\n|-heal|p2a: Bellossom|263/263\n|move|p1a: Clodsire|Earthquake|p2a: Bellossom\n|-supereffective|p2a: Bellossom\n|-damage|p2a: Bellossom|161/263\n|\n|-heal|p2a: Bellossom|177/263|[from] item: Leftovers\n|-heal|p1a: Clodsire|342/343|[from] item: Leftovers\n|upkeep\n|turn|16\n|\n|t:|1721342709\n|move|p2a: Bellossom|Giga Drain|p1a: Clodsire\n|-damage|p1a: Clodsire|278/343\n|-heal|p2a: Bellossom|209/263|[from] drain|[of] p1a: Clodsire\n|move|p1a: Clodsire|Earthquake|p2a: Bellossom\n|-supereffective|p2a: Bellossom\n|-damage|p2a: Bellossom|107/263\n|\n|-heal|p2a: Bellossom|123/263|[from] item: Leftovers\n|-heal|p1a: Clodsire|299/343|[from] item: Leftovers\n|upkeep\n|turn|17\n|\n|t:|1721342712\n|move|p2a: Bellossom|Strength Sap|p1a: Clodsire\n|-unboost|p1a: Clodsire|atk|1\n|-heal|p2a: Bellossom|235/263\n|move|p1a: Clodsire|Earthquake|p2a: Bellossom\n|-supereffective|p2a: Bellossom\n|-damage|p2a: Bellossom|151/263\n|\n|-heal|p2a: Bellossom|167/263|[from] item: Leftovers\n|-heal|p1a: Clodsire|320/343|[from] item: Leftovers\n|upkeep\n|turn|18\n|\n|t:|1721342716\n|move|p2a: Bellossom|Quiver Dance|p2a: Bellossom\n|-boost|p2a: Bellossom|spa|1\n|-boost|p2a: Bellossom|spd|1\n|-boost|p2a: Bellossom|spe|1\n|move|p1a: Clodsire|Earthquake|p2a: Bellossom\n|-supereffective|p2a: Bellossom\n|-damage|p2a: Bellossom|87/263\n|\n|-heal|p2a: Bellossom|103/263|[from] item: Leftovers\n|-heal|p1a: Clodsire|341/343|[from] item: Leftovers\n|upkeep\n|turn|19\n|\n|t:|1721342719\n|move|p2a: Bellossom|Strength Sap|p1a: Clodsire\n|-unboost|p1a: Clodsire|atk|1\n|-heal|p2a: Bellossom|187/263\n|move|p1a: Clodsire|Earthquake|p2a: Bellossom\n|-supereffective|p2a: Bellossom\n|-damage|p2a: Bellossom|125/263\n|\n|-heal|p2a: Bellossom|141/263|[from] item: Leftovers\n|-heal|p1a: Clodsire|343/343|[from] item: Leftovers\n|upkeep\n|turn|20\n|\n|t:|1721342722\n|move|p2a: Bellossom|Strength Sap|p1a: Clodsire\n|-unboost|p1a: Clodsire|atk|1\n|-heal|p2a: Bellossom|208/263\n|move|p1a: Clodsire|Gunk Shot|p2a: Bellossom\n|-resisted|p2a: Bellossom\n|-damage|p2a: Bellossom|191/263\n|-status|p2a: Bellossom|psn\n|\n|-heal|p2a: Bellossom|207/263 psn|[from] item: Leftovers\n|-damage|p2a: Bellossom|175/263 psn|[from] psn\n|upkeep\n|turn|21\n|\n|t:|1721342737\n|move|p2a: Bellossom|Strength Sap|p1a: Clodsire\n|-unboost|p1a: Clodsire|atk|1\n|-heal|p2a: Bellossom|231/263 psn\n|move|p1a: Clodsire|Earthquake|p2a: Bellossom\n|-supereffective|p2a: Bellossom\n|-damage|p2a: Bellossom|183/263 psn\n|\n|-heal|p2a: Bellossom|199/263 psn|[from] item: Leftovers\n|-damage|p2a: Bellossom|167/263 psn|[from] psn\n|upkeep\n|turn|22\n|\n|t:|1721342742\n|move|p2a: Bellossom|Strength Sap|p1a: Clodsire\n|-unboost|p1a: Clodsire|atk|1\n|-heal|p2a: Bellossom|215/263 psn\n|move|p1a: Clodsire|Earthquake|p2a: Bellossom\n|-supereffective|p2a: Bellossom\n|-damage|p2a: Bellossom|171/263 psn\n|\n|-heal|p2a: Bellossom|187/263 psn|[from] item: Leftovers\n|-damage|p2a: Bellossom|155/263 psn|[from] psn\n|upkeep\n|turn|23\n|\n|t:|1721342750\n|move|p2a: Bellossom|Giga Drain|p1a: Clodsire\n|-damage|p1a: Clodsire|277/343\n|-heal|p2a: Bellossom|188/263 psn|[from] drain|[of] p1a: Clodsire\n|move|p1a: Clodsire|Earthquake|p2a: Bellossom\n|-supereffective|p2a: Bellossom\n|-damage|p2a: Bellossom|150/263 psn\n|\n|-heal|p2a: Bellossom|166/263 psn|[from] item: Leftovers\n|-heal|p1a: Clodsire|298/343|[from] item: Leftovers\n|-damage|p2a: Bellossom|134/263 psn|[from] psn\n|upkeep\n|turn|24\n|\n|t:|1721342755\n|move|p2a: Bellossom|Giga Drain|p1a: Clodsire\n|-damage|p1a: Clodsire|231/343\n|-heal|p2a: Bellossom|168/263 psn|[from] drain|[of] p1a: Clodsire\n|move|p1a: Clodsire|Gunk Shot|p2a: Bellossom\n|-resisted|p2a: Bellossom\n|-damage|p2a: Bellossom|157/263 psn\n|\n|-heal|p2a: Bellossom|173/263 psn|[from] item: Leftovers\n|-heal|p1a: Clodsire|252/343|[from] item: Leftovers\n|-damage|p2a: Bellossom|141/263 psn|[from] psn\n|upkeep\n|turn|25\n|\n|t:|1721342762\n|move|p2a: Bellossom|Giga Drain|p1a: Clodsire\n|-damage|p1a: Clodsire|177/343\n|-heal|p2a: Bellossom|179/263 psn|[from] drain|[of] p1a: Clodsire\n|move|p1a: Clodsire|Recover|p1a: Clodsire\n|-heal|p1a: Clodsire|343/343\n|\n|-heal|p2a: Bellossom|195/263 psn|[from] item: Leftovers\n|-damage|p2a: Bellossom|163/263 psn|[from] psn\n|upkeep\n|turn|26\n|\n|t:|1721342770\n|move|p2a: Bellossom|Quiver Dance|p2a: Bellossom\n|-boost|p2a: Bellossom|spa|1\n|-boost|p2a: Bellossom|spd|1\n|-boost|p2a: Bellossom|spe|1\n|move|p1a: Clodsire|Earthquake|p2a: Bellossom\n|-supereffective|p2a: Bellossom\n|-damage|p2a: Bellossom|127/263 psn\n|\n|-heal|p2a: Bellossom|143/263 psn|[from] item: Leftovers\n|-damage|p2a: Bellossom|111/263 psn|[from] psn\n|upkeep\n|turn|27\n|\n|t:|1721342773\n|move|p2a: Bellossom|Giga Drain|p1a: Clodsire\n|-damage|p1a: Clodsire|274/343\n|-heal|p2a: Bellossom|146/263 psn|[from] drain|[of] p1a: Clodsire\n|move|p1a: Clodsire|Earthquake|p2a: Bellossom\n|-supereffective|p2a: Bellossom\n|-damage|p2a: Bellossom|108/263 psn\n|\n|-heal|p2a: Bellossom|124/263 psn|[from] item: Leftovers\n|-heal|p1a: Clodsire|295/343|[from] item: Leftovers\n|-damage|p2a: Bellossom|92/263 psn|[from] psn\n|upkeep\n|turn|28\n|\n|t:|1721342775\n|move|p2a: Bellossom|Giga Drain|p1a: Clodsire\n|-damage|p1a: Clodsire|226/343\n|-heal|p2a: Bellossom|127/263 psn|[from] drain|[of] p1a: Clodsire\n|move|p1a: Clodsire|Earthquake|p2a: Bellossom\n|-supereffective|p2a: Bellossom\n|-damage|p2a: Bellossom|89/263 psn\n|\n|-heal|p2a: Bellossom|105/263 psn|[from] item: Leftovers\n|-heal|p1a: Clodsire|247/343|[from] item: Leftovers\n|-damage|p2a: Bellossom|73/263 psn|[from] psn\n|upkeep\n|turn|29\n|\n|t:|1721342778\n|move|p2a: Bellossom|Strength Sap||[still]\n|-fail|p2a: Bellossom\n|move|p1a: Clodsire|Gunk Shot|p2a: Bellossom\n|-resisted|p2a: Bellossom\n|-damage|p2a: Bellossom|62/263 psn\n|\n|-heal|p2a: Bellossom|78/263 psn|[from] item: Leftovers\n|-heal|p1a: Clodsire|268/343|[from] item: Leftovers\n|-damage|p2a: Bellossom|46/263 psn|[from] psn\n|upkeep\n|turn|30\n|\n|t:|1721342786\n|move|p2a: Bellossom|Giga Drain|p1a: Clodsire\n|-damage|p1a: Clodsire|199/343\n|-heal|p2a: Bellossom|81/263 psn|[from] drain|[of] p1a: Clodsire\n|move|p1a: Clodsire|Recover|p1a: Clodsire\n|-heal|p1a: Clodsire|343/343\n|\n|-heal|p2a: Bellossom|97/263 psn|[from] item: Leftovers\n|-damage|p2a: Bellossom|65/263 psn|[from] psn\n|upkeep\n|turn|31\n|\n|t:|1721342790\n|move|p2a: Bellossom|Giga Drain|p1a: Clodsire\n|-damage|p1a: Clodsire|271/343\n|-heal|p2a: Bellossom|101/263 psn|[from] drain|[of] p1a: Clodsire\n|move|p1a: Clodsire|Earthquake|p2a: Bellossom\n|-supereffective|p2a: Bellossom\n|-damage|p2a: Bellossom|59/263 psn\n|\n|-heal|p2a: Bellossom|75/263 psn|[from] item: Leftovers\n|-heal|p1a: Clodsire|292/343|[from] item: Leftovers\n|-damage|p2a: Bellossom|43/263 psn|[from] psn\n|upkeep\n|turn|32\n|\n|t:|1721342793\n|move|p2a: Bellossom|Giga Drain|p1a: Clodsire\n|-damage|p1a: Clodsire|228/343\n|-heal|p2a: Bellossom|75/263 psn|[from] drain|[of] p1a: Clodsire\n|move|p1a: Clodsire|Gunk Shot|p2a: Bellossom\n|-resisted|p2a: Bellossom\n|-damage|p2a: Bellossom|64/263 psn\n|\n|-heal|p2a: Bellossom|80/263 psn|[from] item: Leftovers\n|-heal|p1a: Clodsire|249/343|[from] item: Leftovers\n|-damage|p2a: Bellossom|48/263 psn|[from] psn\n|upkeep\n|turn|33\n|\n|t:|1721342802\n|move|p2a: Bellossom|Giga Drain|p1a: Clodsire\n|-damage|p1a: Clodsire|173/343\n|-heal|p2a: Bellossom|86/263 psn|[from] drain|[of] p1a: Clodsire\n|move|p1a: Clodsire|Earthquake|p2a: Bellossom\n|-supereffective|p2a: Bellossom\n|-damage|p2a: Bellossom|42/263 psn\n|\n|-heal|p2a: Bellossom|58/263 psn|[from] item: Leftovers\n|-heal|p1a: Clodsire|194/343|[from] item: Leftovers\n|-damage|p2a: Bellossom|26/263 psn|[from] psn\n|upkeep\n|turn|34\n|\n|t:|1721342805\n|move|p2a: Bellossom|Giga Drain|p1a: Clodsire\n|-damage|p1a: Clodsire|130/343\n|-heal|p2a: Bellossom|58/263 psn|[from] drain|[of] p1a: Clodsire\n|move|p1a: Clodsire|Recover|p1a: Clodsire\n|-heal|p1a: Clodsire|302/343\n|\n|-heal|p2a: Bellossom|74/263 psn|[from] item: Leftovers\n|-heal|p1a: Clodsire|323/343|[from] item: Leftovers\n|-damage|p2a: Bellossom|42/263 psn|[from] psn\n|upkeep\n|turn|35\n|\n|t:|1721342809\n|move|p2a: Bellossom|Giga Drain|p1a: Clodsire\n|-crit|p1a: Clodsire\n|-damage|p1a: Clodsire|224/343\n|-heal|p2a: Bellossom|92/263 psn|[from] drain|[of] p1a: Clodsire\n|move|p1a: Clodsire|Toxic Spikes||[still]\n|-fail|p1a: Clodsire\n|\n|-heal|p2a: Bellossom|108/263 psn|[from] item: Leftovers\n|-heal|p1a: Clodsire|245/343|[from] item: Leftovers\n|-damage|p2a: Bellossom|76/263 psn|[from] psn\n|upkeep\n|turn|36\n|\n|t:|1721342816\n|move|p2a: Bellossom|Giga Drain|p1a: Clodsire\n|-damage|p1a: Clodsire|178/343\n|-heal|p2a: Bellossom|110/263 psn|[from] drain|[of] p1a: Clodsire\n|move|p1a: Clodsire|Recover|p1a: Clodsire\n|-heal|p1a: Clodsire|343/343\n|\n|-heal|p2a: Bellossom|126/263 psn|[from] item: Leftovers\n|-damage|p2a: Bellossom|94/263 psn|[from] psn\n|upkeep\n|turn|37\n|\n|t:|1721342821\n|move|p2a: Bellossom|Giga Drain|p1a: Clodsire\n|-damage|p1a: Clodsire|274/343\n|-heal|p2a: Bellossom|129/263 psn|[from] drain|[of] p1a: Clodsire\n|move|p1a: Clodsire|Toxic Spikes||[still]\n|-fail|p1a: Clodsire\n|\n|-heal|p2a: Bellossom|145/263 psn|[from] item: Leftovers\n|-heal|p1a: Clodsire|295/343|[from] item: Leftovers\n|-damage|p2a: Bellossom|113/263 psn|[from] psn\n|upkeep\n|turn|38\n|\n|t:|1721342825\n|move|p2a: Bellossom|Giga Drain|p1a: Clodsire\n|-damage|p1a: Clodsire|226/343\n|-heal|p2a: Bellossom|148/263 psn|[from] drain|[of] p1a: Clodsire\n|move|p1a: Clodsire|Toxic Spikes||[still]\n|-fail|p1a: Clodsire\n|\n|-heal|p2a: Bellossom|164/263 psn|[from] item: Leftovers\n|-heal|p1a: Clodsire|247/343|[from] item: Leftovers\n|-damage|p2a: Bellossom|132/263 psn|[from] psn\n|upkeep\n|turn|39\n|\n|t:|1721342829\n|move|p2a: Bellossom|Quiver Dance|p2a: Bellossom\n|-boost|p2a: Bellossom|spa|1\n|-boost|p2a: Bellossom|spd|1\n|-boost|p2a: Bellossom|spe|1\n|move|p1a: Clodsire|Recover|p1a: Clodsire\n|-heal|p1a: Clodsire|343/343\n|\n|-heal|p2a: Bellossom|148/263 psn|[from] item: Leftovers\n|-damage|p2a: Bellossom|116/263 psn|[from] psn\n|upkeep\n|turn|40\n|\n|t:|1721342833\n|move|p2a: Bellossom|Quiver Dance|p2a: Bellossom\n|-boost|p2a: Bellossom|spa|0\n|-boost|p2a: Bellossom|spd|0\n|-boost|p2a: Bellossom|spe|0\n|move|p1a: Clodsire|Toxic Spikes||[still]\n|-fail|p1a: Clodsire\n|\n|-heal|p2a: Bellossom|132/263 psn|[from] item: Leftovers\n|-damage|p2a: Bellossom|100/263 psn|[from] psn\n|upkeep\n|turn|41\n|\n|t:|1721342835\n|move|p2a: Bellossom|Quiver Dance|p2a: Bellossom\n|-boost|p2a: Bellossom|spa|0\n|-boost|p2a: Bellossom|spd|0\n|-boost|p2a: Bellossom|spe|0\n|move|p1a: Clodsire|Toxic Spikes||[still]\n|-fail|p1a: Clodsire\n|\n|-heal|p2a: Bellossom|116/263 psn|[from] item: Leftovers\n|-damage|p2a: Bellossom|84/263 psn|[from] psn\n|upkeep\n|turn|42\n|\n|t:|1721342838\n|move|p2a: Bellossom|Quiver Dance|p2a: Bellossom\n|-boost|p2a: Bellossom|spa|0\n|-boost|p2a: Bellossom|spd|0\n|-boost|p2a: Bellossom|spe|0\n|move|p1a: Clodsire|Toxic Spikes||[still]\n|-fail|p1a: Clodsire\n|\n|-heal|p2a: Bellossom|100/263 psn|[from] item: Leftovers\n|-damage|p2a: Bellossom|68/263 psn|[from] psn\n|upkeep\n|turn|43\n|\n|t:|1721342840\n|move|p2a: Bellossom|Quiver Dance|p2a: Bellossom\n|-boost|p2a: Bellossom|spa|0\n|-boost|p2a: Bellossom|spd|0\n|-boost|p2a: Bellossom|spe|0\n|move|p1a: Clodsire|Toxic Spikes||[still]\n|-fail|p1a: Clodsire\n|\n|-heal|p2a: Bellossom|84/263 psn|[from] item: Leftovers\n|-damage|p2a: Bellossom|52/263 psn|[from] psn\n|upkeep\n|turn|44\n|\n|t:|1721342844\n|move|p2a: Bellossom|Tera Blast|p1a: Clodsire|[anim] Tera Blast Rock\n|-resisted|p1a: Clodsire\n|-damage|p1a: Clodsire|307/343\n|move|p1a: Clodsire|Earthquake|p2a: Bellossom\n|-supereffective|p2a: Bellossom\n|-damage|p2a: Bellossom|14/263 psn\n|\n|-heal|p2a: Bellossom|30/263 psn|[from] item: Leftovers\n|-heal|p1a: Clodsire|328/343|[from] item: Leftovers\n|-damage|p2a: Bellossom|0 fnt|[from] psn\n|faint|p2a: Bellossom\n|upkeep\n|\n|t:|1721342848\n|switch|p2a: Bronzong|Bronzong, L88|261/261\n|turn|45\n|\n|t:|1721342854\n|switch|p1a: Armarouge|Armarouge, L80, M|267/267\n|move|p2a: Bronzong|Psychic|p1a: Armarouge\n|-resisted|p1a: Armarouge\n|-damage|p1a: Armarouge|220/267\n|\n|upkeep\n|turn|46\n|\n|t:|1721342857\n|move|p1a: Armarouge|Armor Cannon|p2a: Bronzong\n|-supereffective|p2a: Bronzong\n|-damage|p2a: Bronzong|0 fnt\n|-unboost|p1a: Armarouge|def|1\n|-unboost|p1a: Armarouge|spd|1\n|faint|p2a: Bronzong\n|\n|upkeep\n|-message|daneben forfeited.\n|\n|win|Qiuescent\n|raw|Qiuescent's rating: 2191 &rarr; <strong>2213</strong><br />(+22 for winning)\n|raw|daneben's rating: 2224 &rarr; <strong>2202</strong><br />(-22 for losing)\n|l|\u2606daneben\n|player|p2|\n", "inputlog": ">version b92a1fd3e3b98f2011b0160b7399266ebee5d224\n>start {\"formatid\":\"gen9randombattle\",\"seed\":[19283,43079,35677,21065],\"rated\":\"Rated battle\"}\n>player p1 {\"name\":\"Qiuescent\",\"avatar\":\"266\",\"rating\":2191,\"seed\":[7207,40590,50336,44029]}\n>player p2 {\"name\":\"daneben\",\"avatar\":\"2\",\"rating\":2224,\"seed\":[16126,3237,49734,51464]}\n>p1 move closecombat\n>p2 switch 2\n>p1 switch 6\n>p2 move strengthsap\n>p1 move torchsong\n>p2 switch 4\n>p1 move shadowball\n>p2 move stealthrock\n>p2 switch 3\n>p1 move shadowball\n>p2 move dracometeor\n>p1 switch 3\n>p2 move dracometeor\n>p1 switch 2\n>p2 move dracometeor\n>p1 move rapidspin\n>p2 move lusterpurge\n>p2 switch 4\n>p1 switch 3\n>p2 move strengthsap\n>p1 move slackoff\n>p2 move quiverdance terastallize\n>p1 switch 4\n>p2 move terablast\n>p1 move toxicspikes\n>p2 move gigadrain\n>p1 move toxicspikes\n>p2 move quiverdance\n>p1 move earthquake\n>p2 move quiverdance\n>p1 move earthquake\n>p2 move strengthsap\n>p1 move earthquake\n>p2 move gigadrain\n>p1 move earthquake\n>p2 move strengthsap\n>p1 move earthquake\n>p2 move quiverdance\n>p1 move earthquake\n>p2 move strengthsap\n>p1 move gunkshot\n>p2 move strengthsap\n>p1 move earthquake\n>p2 move strengthsap\n>p1 move earthquake\n>p2 move strengthsap\n>p1 move earthquake\n>p2 move gigadrain\n>p1 move gunkshot\n>p2 move gigadrain\n>p1 move recover\n>p2 move gigadrain\n>p1 move earthquake\n>p2 move quiverdance\n>p1 move earthquake\n>p2 move gigadrain\n>p1 move earthquake\n>p2 move gigadrain\n>p1 move gunkshot\n>p2 move strengthsap\n>p1 move recover\n>p2 move gigadrain\n>p1 move earthquake\n>p2 move gigadrain\n>p1 move gunkshot\n>p2 move gigadrain\n>p1 move earthquake\n>p2 move gigadrain\n>p1 move recover\n>p2 move gigadrain\n>p1 move toxicspikes\n>p2 move gigadrain\n>p1 move recover\n>p2 move gigadrain\n>p1 move toxicspikes\n>p2 move gigadrain\n>p1 move toxicspikes\n>p2 move gigadrain\n>p1 move recover\n>p2 move quiverdance\n>p1 move toxicspikes\n>p2 move quiverdance\n>p1 move toxicspikes\n>p2 move quiverdance\n>p1 move toxicspikes\n>p2 move quiverdance\n>p1 move toxicspikes\n>p2 move quiverdance\n>p1 move earthquake\n>p2 move terablast\n>p2 switch 5\n>p1 switch 5\n>p2 move psychic\n>p1 move armorcannon\n>p2 move earthquake\n>forcelose p2", "uploadtime": 1721342868, "views": 153, "formatid": "gen9randombattle", "rating": 2202, "private": 0, "password": null}