{"id": "gen9randombattle-2260646436", "format": "[Gen 9] Random Battle", "players": ["Shadilver", "Gordo choripan"], "log": "|j|\u2606Shadilver\n|j|\u2606Gordo choripan\n|t:|1733873339\n|gametype|singles\n|player|p1|Shadilver|nate|\n|player|p2|Gordo choripan|hiker|\n|teamsize|p1|6\n|teamsize|p2|6\n|gen|9\n|tier|[Gen 9] Random Battle\n|rule|Species Clause: Limit one of each Pok\u00e9mon\n|rule|HP Percentage Mod: HP is shown in percentages\n|rule|Sleep Clause Mod: Limit one foe put to sleep\n|rule|Illusion Level Mod: Illusion disguises the Pok\u00e9mon's true level\n|\n|t:|1733873339\n|start\n|switch|p1a: Mienshao|Mienshao, L83, F|244/244\n|switch|p2a: Persian|Persian-Alola, L86, M|252/252\n|turn|1\n|\n|t:|1733873371\n|switch|p2a: Decidueye|Decidueye, L88, F|281/281\n|move|p1a: Mienshao|Swords Dance|p1a: Mienshao\n|-boost|p1a: Mienshao|atk|2\n|\n|upkeep\n|turn|2\n|\n|t:|1733873386\n|move|p1a: Mienshao|Knock Off|p2a: Decidueye\n|-supereffective|p2a: Decidueye\n|-damage|p2a: Decidueye|0 fnt\n|-enditem|p2a: Decidueye|Life Orb|[from] move: Knock Off|[of] p1a: Mienshao\n|faint|p2a: Decidueye\n|-damage|p1a: Mienshao|220/244|[from] item: Life Orb\n|\n|upkeep\n|\n|t:|1733873398\n|switch|p2a: Munkidori|Munkidori, L79, M|269/269\n|turn|3\n|\n|t:|1733873416\n|move|p1a: Mienshao|Knock Off|p2a: Munkidori\n|-supereffective|p2a: Munkidori\n|-damage|p2a: Munkidori|0 fnt\n|-enditem|p2a: Munkidori|Assault Vest|[from] move: Knock Off|[of] p1a: Mienshao\n|faint|p2a: Munkidori\n|-damage|p1a: Mienshao|196/244|[from] item: Life Orb\n|\n|upkeep\n|\n|t:|1733873431\n|switch|p2a: Duraludon|Duraludon, L82, M|249/249\n|turn|4\n|\n|t:|1733873438\n|move|p1a: Mienshao|Close Combat|p2a: Duraludon\n|-supereffective|p2a: Duraludon\n|-damage|p2a: Duraludon|0 fnt\n|-unboost|p1a: Mienshao|def|1\n|-unboost|p1a: Mienshao|spd|1\n|faint|p2a: Duraludon\n|-damage|p1a: Mienshao|172/244|[from] item: Life Orb\n|\n|upkeep\n|\n|t:|1733873450\n|switch|p2a: Glalie|Glalie, L96, M|309/309\n|turn|5\n|\n|t:|1733873455\n|move|p1a: Mienshao|Close Combat|p2a: Glalie\n|-supereffective|p2a: Glalie\n|-damage|p2a: Glalie|0 fnt\n|-unboost|p1a: Mienshao|def|1\n|-unboost|p1a: Mienshao|spd|1\n|faint|p2a: Glalie\n|-damage|p1a: Mienshao|148/244|[from] item: Life Orb\n|\n|upkeep\n|\n|t:|1733873463\n|switch|p2a: Girafarig|Girafarig, L89, F|269/269\n|turn|6\n|\n|t:|1733873468\n|move|p1a: Mienshao|Knock Off|p2a: Girafarig\n|-supereffective|p2a: Girafarig\n|-damage|p2a: Girafarig|0 fnt\n|-enditem|p2a: Girafarig|Eviolite|[from] move: Knock Off|[of] p1a: Mienshao\n|faint|p2a: Girafarig\n|-damage|p1a: Mienshao|124/244|[from] item: Life Orb\n|\n|upkeep\n|\n|t:|1733873475\n|switch|p2a: Persian|Persian-Alola, L86, M|252/252\n|turn|7\n|\n|t:|1733873480\n|-terastallize|p2a: Persian|Dark\n|move|p2a: Persian|Thunderbolt|p1a: Mienshao\n|-damage|p1a: Mienshao|0 fnt\n|faint|p1a: Mienshao\n|-damage|p2a: Persian|227/252|[from] item: Life Orb\n|\n|upkeep\n|\n|t:|1733873492\n|switch|p1a: Clawitzer|Clawitzer, L87, M|265/265\n|turn|8\n|\n|t:|1733873514\n|move|p2a: Persian|Thunderbolt|p1a: Clawitzer\n|-supereffective|p1a: Clawitzer\n|-damage|p1a: Clawitzer|122/265\n|-status|p1a: Clawitzer|par\n|-damage|p2a: Persian|202/252|[from] item: Life Orb\n|cant|p1a: Clawitzer|par\n|\n|upkeep\n|turn|9\n|\n|t:|1733873532\n|-terastallize|p1a: Clawitzer|Fighting\n|move|p2a: Persian|Nasty Plot|p2a: Persian\n|-boost|p2a: Persian|spa|2\n|move|p1a: Clawitzer|Aura Sphere|p2a: Persian\n|-supereffective|p2a: Persian\n|-damage|p2a: Persian|0 fnt\n|faint|p2a: Persian\n|\n|win|Shadilver\n", "inputlog": ">version bfd83cad13791eb5a5a409923076391caf6fb4d4\n>start {\"formatid\":\"gen9randombattle\",\"seed\":[33237,16472,41661,8132]}\n>player p1 {\"name\":\"Shadilver\",\"avatar\":\"nate\",\"rating\":0,\"seed\":[18220,37555,2711,63317]}\n>player p2 {\"name\":\"Gordo choripan\",\"avatar\":\"hiker\",\"rating\":0,\"seed\":[25796,24531,39337,16367]}\n>p1 move swordsdance\n>p2 switch 4\n>p1 move knockoff\n>p2 move swordsdance\n>p2 switch 2\n>p1 move knockoff\n>p2 move psychicnoise\n>p2 switch 5\n>p1 move closecombat\n>p2 move dracometeor\n>p2 switch 6\n>p1 move closecombat\n>p2 move earthquake\n>p2 switch 3\n>p1 move knockoff\n>p2 move psychic\n>p2 switch 4\n>p1 move knockoff\n>p2 move thunderbolt terastallize\n>p1 switch 5\n>p1 move aurasphere\n>p2 move thunderbolt\n>p1 move aurasphere terastallize\n>p2 move nastyplot", "uploadtime": 1733873557, "views": 9, "formatid": "gen9randombattle", "rating": null, "private": 0, "password": null}