{"id": "gen9randombattle-2260422144", "format": "[Gen 9] Random Battle", "players": ["47 raw men", "plzlemmein"], "log": "|j|\u260647 raw men\n|j|\u2606plzlemmein\n|t:|1733850072\n|gametype|singles\n|player|p1|47 raw men|hilda-wonderlauncher|1796\n|player|p2|plzlemmein|waitress|1748\n|teamsize|p1|6\n|teamsize|p2|6\n|gen|9\n|tier|[Gen 9] Random Battle\n|rated|\n|rule|Species Clause: Limit one of each Pok\u00e9mon\n|rule|HP Percentage Mod: HP is shown in percentages\n|rule|Sleep Clause Mod: Limit one foe put to sleep\n|rule|Illusion Level Mod: Illusion disguises the Pok\u00e9mon's true level\n|\n|t:|1733850072\n|start\n|switch|p1a: Kommo-o|Kommo-o, L78, M|245/245\n|switch|p2a: Grimmsnarl|Grimmsnarl, L83, M|293/293\n|turn|1\n|inactive|Battle timer is ON: inactive players will automatically lose when time's up. (requested by plzlemmein)\n|inactive|47 raw men also wants the timer to be on.\n|\n|t:|1733850091\n|switch|p1a: Carbink|Carbink, L90|236/236\n|move|p2a: Grimmsnarl|Spirit Break|p1a: Carbink\n|-damage|p1a: Carbink|181/236\n|-unboost|p1a: Carbink|spa|1\n|\n|upkeep\n|turn|2\n|\n|t:|1733850097\n|move|p2a: Grimmsnarl|Taunt|p1a: Carbink\n|-start|p1a: Carbink|move: Taunt\n|move|p1a: Carbink|Moonblast|p2a: Grimmsnarl\n|-supereffective|p2a: Grimmsnarl\n|-damage|p2a: Grimmsnarl|183/293\n|\n|-heal|p2a: Grimmsnarl|201/293|[from] item: Leftovers\n|upkeep\n|turn|3\n|\n|t:|1733850108\n|switch|p2a: Venusaur|Venusaur, L84, M|272/272\n|move|p1a: Carbink|Moonblast|p2a: Venusaur\n|-resisted|p2a: Venusaur\n|-damage|p2a: Venusaur|251/272\n|\n|-heal|p2a: Venusaur|268/272|[from] item: Leftovers\n|upkeep\n|turn|4\n|\n|t:|1733850134\n|switch|p1a: Sandslash|Sandslash-Alola, L88, F|275/275\n|move|p2a: Venusaur|Substitute|p2a: Venusaur\n|-start|p2a: Venusaur|Substitute\n|-damage|p2a: Venusaur|200/272\n|\n|-heal|p2a: Venusaur|217/272|[from] item: Leftovers\n|upkeep\n|turn|5\n|\n|t:|1733850145\n|move|p2a: Venusaur|Leech Seed|p1a: Sandslash\n|-start|p1a: Sandslash|move: Leech Seed\n|move|p1a: Sandslash|Rapid Spin|p2a: Venusaur\n|-activate|p2a: Venusaur|move: Substitute|[damage]\n|-end|p1a: Sandslash|Leech Seed|[from] move: Rapid Spin|[of] p1a: Sandslash\n|-boost|p1a: Sandslash|spe|1\n|\n|-heal|p2a: Venusaur|234/272|[from] item: Leftovers\n|upkeep\n|turn|6\n|\n|t:|1733850151\n|switch|p2a: Torkoal|Torkoal, L88, M|266/266\n|-weather|SunnyDay|[from] ability: Drought|[of] p2a: Torkoal\n|move|p1a: Sandslash|Triple Axel|p2a: Torkoal\n|-resisted|p2a: Torkoal\n|-damage|p2a: Torkoal|257/266\n|-resisted|p2a: Torkoal\n|-damage|p2a: Torkoal|242/266\n|-resisted|p2a: Torkoal\n|-damage|p2a: Torkoal|220/266\n|-hitcount|p2a: Torkoal|3\n|\n|-weather|SunnyDay|[upkeep]\n|upkeep\n|turn|7\n|\n|t:|1733850156\n|switch|p1a: Latias|Latias, L79, F|256/256\n|move|p2a: Torkoal|Stealth Rock|p1a: Latias\n|-sidestart|p1: 47 raw men|move: Stealth Rock\n|\n|-weather|SunnyDay|[upkeep]\n|upkeep\n|turn|8\n|\n|t:|1733850168\n|switch|p1a: Sandslash|Sandslash-Alola, L88, F|275/275\n|-damage|p1a: Sandslash|241/275|[from] Stealth Rock\n|switch|p2a: Grimmsnarl|Grimmsnarl, L83, M|201/293\n|\n|-weather|SunnyDay|[upkeep]\n|-heal|p2a: Grimmsnarl|219/293|[from] item: Leftovers\n|upkeep\n|turn|9\n|\n|t:|1733850177\n|move|p2a: Grimmsnarl|Parting Shot|p1a: Sandslash\n|-unboost|p1a: Sandslash|atk|1\n|-unboost|p1a: Sandslash|spa|1\n|\n|t:|1733850185\n|switch|p2a: Cramorant|Cramorant, L86, F|261/261|[from] Parting Shot\n|move|p1a: Sandslash|Rapid Spin|p2a: Cramorant\n|-damage|p2a: Cramorant|227/261\n|-boost|p1a: Sandslash|spe|1\n|-sideend|p1: 47 raw men|Stealth Rock|[from] move: Rapid Spin|[of] p1a: Sandslash\n|\n|-weather|SunnyDay|[upkeep]\n|upkeep\n|turn|10\n|\n|t:|1733850197\n|move|p1a: Sandslash|Knock Off|p2a: Cramorant\n|-damage|p2a: Cramorant|163/261\n|-enditem|p2a: Cramorant|Heavy-Duty Boots|[from] move: Knock Off|[of] p1a: Sandslash\n|move|p2a: Cramorant|Surf|p1a: Sandslash\n|-formechange|p2a: Cramorant|Cramorant-Gulping|\n|-damage|p1a: Sandslash|205/275\n|\n|-weather|none\n|upkeep\n|turn|11\n|\n|t:|1733850209\n|switch|p1a: Latias|Latias, L79, F|256/256\n|move|p2a: Cramorant|Roost|p2a: Cramorant\n|-heal|p2a: Cramorant|261/261\n|-singleturn|p2a: Cramorant|move: Roost\n|\n|upkeep\n|turn|12\n|\n|t:|1733850216\n|move|p1a: Latias|Calm Mind|p1a: Latias\n|-boost|p1a: Latias|spa|1\n|-boost|p1a: Latias|spd|1\n|move|p2a: Cramorant|Brave Bird|p1a: Latias\n|-damage|p1a: Latias|132/256\n|-damage|p2a: Cramorant|220/261|[from] Recoil\n|\n|upkeep\n|turn|13\n|\n|t:|1733850220\n|move|p1a: Latias|Recover|p1a: Latias\n|-heal|p1a: Latias|256/256\n|move|p2a: Cramorant|Brave Bird|p1a: Latias\n|-damage|p1a: Latias|136/256\n|-damage|p2a: Cramorant|180/261|[from] Recoil\n|\n|upkeep\n|turn|14\n|\n|t:|1733850228\n|move|p1a: Latias|Draco Meteor|p2a: Cramorant\n|-damage|p2a: Cramorant|0 fnt\n|-unboost|p1a: Latias|spa|2\n|-damage|p1a: Latias|72/256|[from] ability: Gulp Missile|[of] p2a: Cramorant\n|-unboost|p1a: Latias|def|1\n|-formechange|p2a: Cramorant|Cramorant|\n|faint|p2a: Cramorant\n|\n|upkeep\n|\n|t:|1733850242\n|switch|p2a: Grimmsnarl|Grimmsnarl, L83, M|219/293\n|turn|15\n|l|\u2606plzlemmein\n|inactive|plzlemmein disconnected and has a minute to reconnect!\n|player|p2|\n|inactive|plzlemmein has 30 seconds to reconnect!\n|l|\u260647 raw men\n|inactive|47 raw men disconnected and has a minute to reconnect!\n|player|p1|\n|j|\u260647 raw men\n|inactive|47 raw men reconnected.\n|player|p1|47 raw men|hilda-wonderlauncher|\n|inactive|plzlemmein has 20 seconds to reconnect!\n|inactive|plzlemmein has 15 seconds to reconnect!\n|inactive|plzlemmein has 10 seconds to reconnect!\n|inactive|plzlemmein has 5 seconds to reconnect!\n|j|\u2606plzlemmein\n|inactive|plzlemmein reconnected and has 70 seconds left.\n|player|p2|plzlemmein|waitress|\n|\n|t:|1733850328\n|switch|p1a: Stonjourner|Stonjourner, L91, F|330/330\n|move|p2a: Grimmsnarl|Parting Shot|p1a: Stonjourner\n|-unboost|p1a: Stonjourner|atk|1\n|-unboost|p1a: Stonjourner|spa|1\n|\n|t:|1733850335\n|switch|p2a: Great Tusk|Great Tusk, L77|304/304|[from] Parting Shot\n|\n|upkeep\n|turn|16\n|\n|t:|1733850345\n|switch|p1a: Latias|Latias, L79, F|72/256\n|move|p2a: Great Tusk|Rapid Spin|p1a: Latias\n|-crit|p1a: Latias\n|-damage|p1a: Latias|14/256\n|-boost|p2a: Great Tusk|spe|1\n|\n|upkeep\n|turn|17\n|\n|t:|1733850350\n|-terastallize|p2a: Great Tusk|Steel\n|move|p2a: Great Tusk|Bulk Up|p2a: Great Tusk\n|-boost|p2a: Great Tusk|atk|1\n|-boost|p2a: Great Tusk|def|1\n|move|p1a: Latias|Recover|p1a: Latias\n|-heal|p1a: Latias|142/256\n|\n|upkeep\n|turn|18\n|\n|t:|1733850365\n|switch|p1a: Kommo-o|Kommo-o, L78, M|245/245\n|move|p2a: Great Tusk|Close Combat|p1a: Kommo-o\n|-damage|p1a: Kommo-o|89/245\n|-unboost|p2a: Great Tusk|def|1\n|-unboost|p2a: Great Tusk|spd|1\n|\n|upkeep\n|turn|19\n|\n|t:|1733850369\n|move|p2a: Great Tusk|Earthquake|p1a: Kommo-o\n|-damage|p1a: Kommo-o|0 fnt\n|faint|p1a: Kommo-o\n|\n|upkeep\n|\n|t:|1733850373\n|switch|p1a: Barraskewda|Barraskewda, L81, F|231/231\n|turn|20\n|\n|t:|1733850380\n|move|p2a: Great Tusk|Close Combat|p1a: Barraskewda\n|-damage|p1a: Barraskewda|0 fnt\n|-unboost|p2a: Great Tusk|def|1\n|-unboost|p2a: Great Tusk|spd|1\n|faint|p1a: Barraskewda\n|\n|upkeep\n|\n|t:|1733850386\n|switch|p1a: Latias|Latias, L79, F|142/256\n|turn|21\n|\n|t:|1733850391\n|-end|p2a: Great Tusk|Protosynthesis|[silent]\n|switch|p2a: Grimmsnarl|Grimmsnarl, L83, M|219/293\n|move|p1a: Latias|Draco Meteor|p2a: Grimmsnarl\n|-immune|p2a: Grimmsnarl\n|\n|-heal|p2a: Grimmsnarl|237/293|[from] item: Leftovers\n|upkeep\n|turn|22\n|inactive|plzlemmein has 120 seconds left.\n|\n|t:|1733850398\n|move|p2a: Grimmsnarl|Parting Shot|p1a: Latias\n|-unboost|p1a: Latias|atk|1\n|-unboost|p1a: Latias|spa|1\n|\n|t:|1733850401\n|switch|p2a: Venusaur|Venusaur, L84, M|234/272|[from] Parting Shot\n|move|p1a: Latias|Recover|p1a: Latias\n|-heal|p1a: Latias|256/256\n|\n|-heal|p2a: Venusaur|251/272|[from] item: Leftovers\n|upkeep\n|turn|23\n|\n|t:|1733850406\n|switch|p1a: Sandslash|Sandslash-Alola, L88, F|205/275\n|switch|p2a: Grimmsnarl|Grimmsnarl, L83, M|237/293\n|\n|-heal|p2a: Grimmsnarl|255/293|[from] item: Leftovers\n|upkeep\n|turn|24\n|\n|t:|1733850410\n|move|p2a: Grimmsnarl|Parting Shot|p1a: Sandslash\n|-unboost|p1a: Sandslash|atk|1\n|-unboost|p1a: Sandslash|spa|1\n|\n|t:|1733850414\n|switch|p2a: Torkoal|Torkoal, L88, M|220/266|[from] Parting Shot\n|-weather|SunnyDay|[from] ability: Drought|[of] p2a: Torkoal\n|move|p1a: Sandslash|Knock Off|p2a: Torkoal\n|-damage|p2a: Torkoal|187/266\n|-enditem|p2a: Torkoal|Heavy-Duty Boots|[from] move: Knock Off|[of] p1a: Sandslash\n|\n|-weather|SunnyDay|[upkeep]\n|upkeep\n|turn|25\n|\n|t:|1733850430\n|switch|p1a: Carbink|Carbink, L90|181/236\n|switch|p2a: Venusaur|Venusaur, L84, M|251/272\n|\n|-weather|SunnyDay|[upkeep]\n|-heal|p2a: Venusaur|268/272|[from] item: Leftovers\n|upkeep\n|turn|26\n|\n|t:|1733850434\n|switch|p1a: Sandslash|Sandslash-Alola, L88, F|205/275\n|move|p2a: Venusaur|Leech Seed|p1a: Sandslash\n|-start|p1a: Sandslash|move: Leech Seed\n|\n|-weather|SunnyDay|[upkeep]\n|-heal|p2a: Venusaur|272/272|[from] item: Leftovers\n|-damage|p1a: Sandslash|171/275|[from] Leech Seed|[of] p2a: Venusaur\n|upkeep\n|turn|27\n|\n|t:|1733850441\n|switch|p2a: Torkoal|Torkoal, L88, M|187/266\n|move|p1a: Sandslash|Rapid Spin|p2a: Torkoal\n|-damage|p2a: Torkoal|158/266\n|-boost|p1a: Sandslash|spe|1\n|-end|p1a: Sandslash|Leech Seed|[from] move: Rapid Spin|[of] p1a: Sandslash\n|\n|-weather|SunnyDay|[upkeep]\n|upkeep\n|turn|28\n|\n|t:|1733850446\n|switch|p1a: Latias|Latias, L79, F|256/256\n|move|p2a: Torkoal|Lava Plume|p1a: Latias\n|-resisted|p1a: Latias\n|-damage|p1a: Latias|203/256\n|-status|p1a: Latias|brn\n|\n|-weather|none\n|-damage|p1a: Latias|187/256 brn|[from] brn\n|upkeep\n|turn|29\n|\n|t:|1733850450\n|switch|p1a: Stonjourner|Stonjourner, L91, F|330/330\n|switch|p2a: Grimmsnarl|Grimmsnarl, L83, M|255/293\n|\n|-heal|p2a: Grimmsnarl|273/293|[from] item: Leftovers\n|upkeep\n|turn|30\n|\n|t:|1733850454\n|move|p2a: Grimmsnarl|Parting Shot|p1a: Stonjourner\n|-unboost|p1a: Stonjourner|atk|1\n|-unboost|p1a: Stonjourner|spa|1\n|\n|t:|1733850457\n|switch|p2a: Venusaur|Venusaur, L84, M|272/272|[from] Parting Shot\n|move|p1a: Stonjourner|Stealth Rock|p2a: Venusaur\n|-sidestart|p2: plzlemmein|move: Stealth Rock\n|\n|upkeep\n|turn|31\n|\n|t:|1733850469\n|switch|p1a: Sandslash|Sandslash-Alola, L88, F|171/275\n|move|p2a: Venusaur|Leech Seed|p1a: Sandslash\n|-start|p1a: Sandslash|move: Leech Seed\n|\n|-damage|p1a: Sandslash|137/275|[from] Leech Seed|[of] p2a: Venusaur\n|upkeep\n|turn|32\n|\n|t:|1733850479\n|switch|p2a: Torkoal|Torkoal, L88, M|158/266\n|-damage|p2a: Torkoal|92/266|[from] Stealth Rock\n|-weather|SunnyDay|[from] ability: Drought|[of] p2a: Torkoal\n|switch|p1a: Stonjourner|Stonjourner, L91, F|330/330\n|\n|-weather|SunnyDay|[upkeep]\n|upkeep\n|turn|33\n|\n|t:|1733850484\n|move|p1a: Stonjourner|Earthquake|p2a: Torkoal\n|-supereffective|p2a: Torkoal\n|-damage|p2a: Torkoal|0 fnt\n|faint|p2a: Torkoal\n|-damage|p1a: Stonjourner|297/330|[from] item: Life Orb\n|\n|-weather|SunnyDay|[upkeep]\n|upkeep\n|\n|t:|1733850496\n|switch|p2a: Great Tusk|Great Tusk, L77, tera:Steel|304/304\n|-damage|p2a: Great Tusk|285/304|[from] Stealth Rock\n|-activate|p2a: Great Tusk|ability: Protosynthesis\n|-start|p2a: Great Tusk|protosynthesisatk\n|turn|34\n|\n|t:|1733850504\n|move|p1a: Stonjourner|Earthquake|p2a: Great Tusk\n|-supereffective|p2a: Great Tusk\n|-damage|p2a: Great Tusk|72/304\n|-damage|p1a: Stonjourner|264/330|[from] item: Life Orb\n|move|p2a: Great Tusk|Earthquake|p1a: Stonjourner\n|-supereffective|p1a: Stonjourner\n|-damage|p1a: Stonjourner|58/330\n|\n|-weather|SunnyDay|[upkeep]\n|-heal|p2a: Great Tusk|91/304|[from] item: Leftovers\n|upkeep\n|turn|35\n|\n|t:|1733850507\n|move|p2a: Great Tusk|Earthquake|p1a: Stonjourner\n|-supereffective|p1a: Stonjourner\n|-damage|p1a: Stonjourner|0 fnt\n|faint|p1a: Stonjourner\n|\n|-weather|SunnyDay|[upkeep]\n|-heal|p2a: Great Tusk|110/304|[from] item: Leftovers\n|upkeep\n|\n|t:|1733850511\n|switch|p1a: Latias|Latias, L79, F|187/256 brn\n|turn|36\n|\n|t:|1733850516\n|-end|p2a: Great Tusk|Protosynthesis|[silent]\n|switch|p2a: Grimmsnarl|Grimmsnarl, L83, M|273/293\n|-damage|p2a: Grimmsnarl|237/293|[from] Stealth Rock\n|move|p1a: Latias|Draco Meteor|p2a: Grimmsnarl\n|-immune|p2a: Grimmsnarl\n|\n|-weather|none\n|-heal|p2a: Grimmsnarl|255/293|[from] item: Leftovers\n|-damage|p1a: Latias|171/256 brn|[from] brn\n|upkeep\n|turn|37\n|\n|t:|1733850519\n|switch|p1a: Sandslash|Sandslash-Alola, L88, F|137/275\n|move|p2a: Grimmsnarl|Parting Shot|p1a: Sandslash\n|-unboost|p1a: Sandslash|atk|1\n|-unboost|p1a: Sandslash|spa|1\n|\n|t:|1733850523\n|switch|p2a: Keldeo|Keldeo-Resolute, L79|273/273|[from] Parting Shot\n|-damage|p2a: Keldeo|256/273|[from] Stealth Rock\n|\n|-heal|p2a: Keldeo|273/273|[from] item: Leftovers\n|upkeep\n|turn|38\n|\n|t:|1733850528\n|switch|p1a: Latias|Latias, L79, F|171/256 brn\n|move|p2a: Keldeo|Substitute|p2a: Keldeo\n|-start|p2a: Keldeo|Substitute\n|-damage|p2a: Keldeo|205/273\n|\n|-heal|p2a: Keldeo|222/273|[from] item: Leftovers\n|-damage|p1a: Latias|155/256 brn|[from] brn\n|upkeep\n|turn|39\n|\n|t:|1733850533\n|switch|p2a: Grimmsnarl|Grimmsnarl, L83, M|255/293\n|-damage|p2a: Grimmsnarl|219/293|[from] Stealth Rock\n|move|p1a: Latias|Calm Mind|p1a: Latias\n|-boost|p1a: Latias|spa|1\n|-boost|p1a: Latias|spd|1\n|\n|-heal|p2a: Grimmsnarl|237/293|[from] item: Leftovers\n|-damage|p1a: Latias|139/256 brn|[from] brn\n|upkeep\n|turn|40\n|\n|t:|1733850540\n|switch|p1a: Sandslash|Sandslash-Alola, L88, F|137/275\n|move|p2a: Grimmsnarl|Spirit Break|p1a: Sandslash\n|-resisted|p1a: Sandslash\n|-damage|p1a: Sandslash|105/275\n|-unboost|p1a: Sandslash|spa|1\n|\n|-heal|p2a: Grimmsnarl|255/293|[from] item: Leftovers\n|upkeep\n|turn|41\n|\n|t:|1733850543\n|move|p2a: Grimmsnarl|Parting Shot|p1a: Sandslash\n|-unboost|p1a: Sandslash|atk|1\n|-unboost|p1a: Sandslash|spa|1\n|\n|t:|1733850549\n|switch|p2a: Great Tusk|Great Tusk, L77, tera:Steel|110/304|[from] Parting Shot\n|-damage|p2a: Great Tusk|91/304|[from] Stealth Rock\n|move|p1a: Sandslash|Iron Head|p2a: Great Tusk\n|-resisted|p2a: Great Tusk\n|-damage|p2a: Great Tusk|65/304\n|\n|-heal|p2a: Great Tusk|84/304|[from] item: Leftovers\n|upkeep\n|turn|42\n|\n|t:|1733850558\n|switch|p1a: Latias|Latias, L79, F|139/256 brn\n|move|p2a: Great Tusk|Close Combat|p1a: Latias\n|-resisted|p1a: Latias\n|-damage|p1a: Latias|63/256 brn\n|-unboost|p2a: Great Tusk|def|1\n|-unboost|p2a: Great Tusk|spd|1\n|\n|-heal|p2a: Great Tusk|103/304|[from] item: Leftovers\n|-damage|p1a: Latias|47/256 brn|[from] brn\n|upkeep\n|turn|43\n|\n|t:|1733850570\n|-end|p2a: Great Tusk|Protosynthesis|[silent]\n|switch|p2a: Grimmsnarl|Grimmsnarl, L83, M|255/293\n|-damage|p2a: Grimmsnarl|219/293|[from] Stealth Rock\n|move|p1a: Latias|Recover|p1a: Latias\n|-heal|p1a: Latias|175/256 brn\n|\n|-heal|p2a: Grimmsnarl|237/293|[from] item: Leftovers\n|-damage|p1a: Latias|159/256 brn|[from] brn\n|upkeep\n|turn|44\n|\n|t:|1733850580\n|move|p2a: Grimmsnarl|Parting Shot|p1a: Latias\n|-unboost|p1a: Latias|atk|1\n|-unboost|p1a: Latias|spa|1\n|\n|t:|1733850583\n|switch|p2a: Venusaur|Venusaur, L84, M|272/272|[from] Parting Shot\n|-damage|p2a: Venusaur|238/272|[from] Stealth Rock\n|move|p1a: Latias|Recover|p1a: Latias\n|-heal|p1a: Latias|256/256 brn\n|\n|-heal|p2a: Venusaur|255/272|[from] item: Leftovers\n|-damage|p1a: Latias|240/256 brn|[from] brn\n|upkeep\n|turn|45\n|\n|t:|1733850593\n|switch|p2a: Grimmsnarl|Grimmsnarl, L83, M|237/293\n|-damage|p2a: Grimmsnarl|201/293|[from] Stealth Rock\n|move|p1a: Latias|Psyshock|p2a: Grimmsnarl\n|-immune|p2a: Grimmsnarl\n|\n|-heal|p2a: Grimmsnarl|219/293|[from] item: Leftovers\n|-damage|p1a: Latias|224/256 brn|[from] brn\n|upkeep\n|turn|46\n|\n|t:|1733850597\n|switch|p1a: Sandslash|Sandslash-Alola, L88, F|105/275\n|move|p2a: Grimmsnarl|Spirit Break|p1a: Sandslash\n|-resisted|p1a: Sandslash\n|-damage|p1a: Sandslash|71/275\n|-unboost|p1a: Sandslash|spa|1\n|\n|-heal|p2a: Grimmsnarl|237/293|[from] item: Leftovers\n|upkeep\n|turn|47\n|\n|t:|1733850620\n|move|p2a: Grimmsnarl|Parting Shot|p1a: Sandslash\n|-unboost|p1a: Sandslash|atk|1\n|-unboost|p1a: Sandslash|spa|1\n|\n|t:|1733850628\n|switch|p2a: Great Tusk|Great Tusk, L77, tera:Steel|103/304|[from] Parting Shot\n|-damage|p2a: Great Tusk|84/304|[from] Stealth Rock\n|move|p1a: Sandslash|Knock Off|p2a: Great Tusk\n|-damage|p2a: Great Tusk|43/304\n|-enditem|p2a: Great Tusk|Leftovers|[from] move: Knock Off|[of] p1a: Sandslash\n|\n|upkeep\n|turn|48\n|\n|t:|1733850646\n|switch|p1a: Latias|Latias, L79, F|224/256 brn\n|move|p2a: Great Tusk|Rapid Spin|p1a: Latias\n|-damage|p1a: Latias|188/256 brn\n|-boost|p2a: Great Tusk|spe|1\n|-sideend|p2: plzlemmein|Stealth Rock|[from] move: Rapid Spin|[of] p2a: Great Tusk\n|\n|-damage|p1a: Latias|172/256 brn|[from] brn\n|upkeep\n|turn|49\n|\n|t:|1733850651\n|move|p2a: Great Tusk|Close Combat|p1a: Latias\n|-resisted|p1a: Latias\n|-damage|p1a: Latias|108/256 brn\n|-unboost|p2a: Great Tusk|def|1\n|-unboost|p2a: Great Tusk|spd|1\n|move|p1a: Latias|Calm Mind|p1a: Latias\n|-boost|p1a: Latias|spa|1\n|-boost|p1a: Latias|spd|1\n|\n|-damage|p1a: Latias|92/256 brn|[from] brn\n|upkeep\n|turn|50\n|\n|t:|1733850655\n|move|p2a: Great Tusk|Close Combat|p1a: Latias\n|-resisted|p1a: Latias\n|-damage|p1a: Latias|20/256 brn\n|-unboost|p2a: Great Tusk|def|1\n|-unboost|p2a: Great Tusk|spd|1\n|move|p1a: Latias|Recover|p1a: Latias\n|-heal|p1a: Latias|148/256 brn\n|\n|-damage|p1a: Latias|132/256 brn|[from] brn\n|upkeep\n|turn|51\n|\n|t:|1733850660\n|move|p2a: Great Tusk|Close Combat|p1a: Latias\n|-resisted|p1a: Latias\n|-damage|p1a: Latias|60/256 brn\n|-unboost|p2a: Great Tusk|def|1\n|-unboost|p2a: Great Tusk|spd|1\n|move|p1a: Latias|Psyshock|p2a: Great Tusk\n|-resisted|p2a: Great Tusk\n|-damage|p2a: Great Tusk|0 fnt\n|faint|p2a: Great Tusk\n|-end|p2a: Great Tusk|Protosynthesis|[silent]\n|\n|-damage|p1a: Latias|44/256 brn|[from] brn\n|upkeep\n|\n|t:|1733850670\n|switch|p2a: Grimmsnarl|Grimmsnarl, L83, M|237/293\n|turn|52\n|\n|t:|1733850674\n|switch|p1a: Sandslash|Sandslash-Alola, L88, F|71/275\n|move|p2a: Grimmsnarl|Spirit Break|p1a: Sandslash\n|-resisted|p1a: Sandslash\n|-damage|p1a: Sandslash|37/275\n|-unboost|p1a: Sandslash|spa|1\n|\n|-heal|p2a: Grimmsnarl|255/293|[from] item: Leftovers\n|upkeep\n|turn|53\n|\n|t:|1733850682\n|move|p2a: Grimmsnarl|Parting Shot|p1a: Sandslash\n|-unboost|p1a: Sandslash|atk|1\n|-unboost|p1a: Sandslash|spa|1\n|\n|t:|1733850685\n|switch|p2a: Keldeo|Keldeo-Resolute, L79|222/273|[from] Parting Shot\n|move|p1a: Sandslash|Knock Off|p2a: Keldeo\n|-resisted|p2a: Keldeo\n|-damage|p2a: Keldeo|197/273\n|-ability|p2a: Keldeo|Justified|boost\n|-boost|p2a: Keldeo|atk|1\n|-enditem|p2a: Keldeo|Leftovers|[from] move: Knock Off|[of] p1a: Sandslash\n|\n|upkeep\n|turn|54\n|inactive|47 raw men has 120 seconds left.\n|inactive|47 raw men has 90 seconds left.\n|\n|t:|1733850749\n|switch|p2a: Grimmsnarl|Grimmsnarl, L83, M|255/293\n|move|p1a: Sandslash|Iron Head|p2a: Grimmsnarl\n|-supereffective|p2a: Grimmsnarl\n|-damage|p2a: Grimmsnarl|103/293\n|\n|-heal|p2a: Grimmsnarl|121/293|[from] item: Leftovers\n|upkeep\n|turn|55\n|inactive|47 raw men has 90 seconds left.\n|\n|t:|1733850770\n|move|p2a: Grimmsnarl|Parting Shot|p1a: Sandslash\n|-unboost|p1a: Sandslash|atk|1\n|-unboost|p1a: Sandslash|spa|1\n|\n|t:|1733850772\n|switch|p2a: Keldeo|Keldeo-Resolute, L79|197/273|[from] Parting Shot\n|move|p1a: Sandslash|Iron Head|p2a: Keldeo\n|-resisted|p2a: Keldeo\n|-damage|p2a: Keldeo|172/273\n|\n|upkeep\n|turn|56\n|inactive|47 raw men has 90 seconds left.\n|inactive|47 raw men has 60 seconds left.\n|inactive|47 raw men has 30 seconds left.\n|inactive|47 raw men has 20 seconds left.\n|\n|t:|1733850856\n|switch|p1a: Latias|Latias, L79, F|44/256 brn\n|move|p2a: Keldeo|Secret Sword|p1a: Latias\n|-resisted|p1a: Latias\n|-damage|p1a: Latias|0 fnt\n|faint|p1a: Latias\n|\n|upkeep\n|inactive|47 raw men has 25 seconds left this turn.\n|inactive|47 raw men has 20 seconds left.\n|inactive|47 raw men has 15 seconds left.\n|-message|47 raw men forfeited.\n|\n|win|plzlemmein\n|inactive|47 raw men has 20 seconds left this turn.\n|raw|47 raw men's rating: 1796 &rarr; <strong>1773</strong><br />(-23 for losing)\n|raw|plzlemmein's rating: 1748 &rarr; <strong>1771</strong><br />(+23 for winning)\n|l|\u260647 raw men\n|player|p1|\n", "inputlog": ">version bfd83cad13791eb5a5a409923076391caf6fb4d4\n>start {\"formatid\":\"gen9randombattle\",\"seed\":[33239,63470,6367,19240],\"rated\":\"Rated battle\"}\n>player p1 {\"name\":\"47 raw men\",\"avatar\":\"hilda-wonderlauncher\",\"rating\":1796,\"seed\":[63998,46102,26374,51260]}\n>player p2 {\"name\":\"plzlemmein\",\"avatar\":\"waitress\",\"rating\":1748,\"seed\":[10807,54118,29216,65325]}\n>p1 switch 2\n>p2 move spiritbreak\n>p1 move moonblast\n>p2 move taunt\n>p1 move moonblast\n>p2 switch 6\n>p1 switch 6\n>p2 move substitute\n>p1 move rapidspin\n>p2 move leechseed\n>p1 move tripleaxel\n>p2 switch 4\n>p1 switch 4\n>p2 move stealthrock\n>p1 switch 4\n>p2 switch 6\n>p1 move rapidspin\n>p2 move partingshot\n>p2 switch 5\n>p1 move knockoff\n>p2 move surf\n>p1 switch 4\n>p2 move roost\n>p1 move calmmind\n>p2 move bravebird\n>p1 move recover\n>p2 move bravebird\n>p1 move dracometeor\n>p2 move bravebird\n>p2 switch 5\n>p1 switch 3\n>p2 move partingshot\n>p2 switch 3\n>p1 switch 3\n>p2 move rapidspin\n>p1 move recover\n>p2 move bulkup terastallize\n>p1 switch 2\n>p2 move closecombat\n>p1 move closecombat\n>p2 move earthquake\n>p1 switch 5\n>p1 move closecombat\n>p2 move closecombat\n>p1 switch 2\n>p1 move dracometeor\n>p2 switch 3\n>p1 move recover\n>p2 move partingshot\n>p2 switch 4\n>p1 switch 4\n>p2 switch 4\n>p1 move knockoff\n>p2 move partingshot\n>p2 switch 6\n>p1 switch 6\n>p2 switch 4\n>p1 switch 6\n>p2 move leechseed\n>p1 move rapidspin\n>p2 switch 4\n>p1 switch 4\n>p2 move lavaplume\n>p1 switch 3\n>p2 switch 6\n>p1 move stealthrock\n>p2 move partingshot\n>p2 switch 4\n>p1 switch 4\n>p2 move leechseed\n>p1 switch 4\n>p2 switch 6\n>p1 move earthquake\n>p2 move solarbeam\n>p2 switch 3\n>p1 move earthquake\n>p2 move earthquake\n>p1 move earthquake\n>p2 move earthquake\n>p1 switch 3\n>p1 move dracometeor\n>p2 switch 4\n>p1 switch 4\n>p2 move partingshot\n>p2 switch 2\n>p1 switch 4\n>p2 move substitute\n>p1 move calmmind\n>p2 switch 2\n>p1 switch 4\n>p2 move spiritbreak\n>p1 move ironhead\n>p2 move partingshot\n>p2 switch 4\n>p1 switch 4\n>p2 move closecombat\n>p1 move recover\n>p2 switch 4\n>p1 move recover\n>p2 move partingshot\n>p2 switch 6\n>p1 move psyshock\n>p2 switch 6\n>p1 switch 4\n>p2 move spiritbreak\n>p1 move knockoff\n>p2 move partingshot\n>p2 switch 4\n>p1 switch 4\n>p2 move rapidspin\n>p1 move calmmind\n>p2 move closecombat\n>p1 move recover\n>p2 move closecombat\n>p1 move psyshock\n>p2 move closecombat\n>p2 switch 4\n>p1 switch 4\n>p2 move spiritbreak\n>p1 move knockoff\n>p2 move partingshot\n>p2 switch 2\n>p1 move ironhead\n>p2 switch 2\n>p1 move ironhead\n>p2 move partingshot\n>p2 switch 2\n>p1 switch 4\n>p2 move secretsword\n>forcelose p1", "uploadtime": 1733850868, "views": 2, "formatid": "gen9randombattle", "rating": 1771, "private": 0, "password": null}