{"id": "gen9randombattle-2260097923", "format": "[Gen 9] Random Battle", "players": ["conico0108", "fiydo_23"], "log": "|j|\u2606conico0108\n|j|\u2606fiydo_23\n|t:|1733802092\n|gametype|singles\n|player|p1|conico0108|richboy-gen4|1639\n|player|p2|fiydo_23|gambler|1615\n|teamsize|p1|6\n|teamsize|p2|6\n|gen|9\n|tier|[Gen 9] Random Battle\n|rated|\n|rule|Species Clause: Limit one of each Pok\u00e9mon\n|rule|HP Percentage Mod: HP is shown in percentages\n|rule|Sleep Clause Mod: Limit one foe put to sleep\n|rule|Illusion Level Mod: Illusion disguises the Pok\u00e9mon's true level\n|\n|t:|1733802092\n|start\n|switch|p1a: Malamar|Malamar, L82, F|275/275\n|switch|p2a: Bellossom|Bellossom, L84, F|263/263\n|turn|1\n|inactive|Battle timer is ON: inactive players will automatically lose when time's up. (requested by fiydo_23)\n|\n|t:|1733802104\n|move|p1a: Malamar|Superpower|p2a: Bellossom\n|-damage|p2a: Bellossom|190/263\n|-boost|p1a: Malamar|atk|1\n|-boost|p1a: Malamar|def|1\n|move|p2a: Bellossom|Quiver Dance|p2a: Bellossom\n|-boost|p2a: Bellossom|spa|1\n|-boost|p2a: Bellossom|spd|1\n|-boost|p2a: Bellossom|spe|1\n|\n|-heal|p2a: Bellossom|206/263|[from] item: Leftovers\n|upkeep\n|turn|2\n|\n|t:|1733802110\n|move|p2a: Bellossom|Sleep Powder|p1a: Malamar\n|-status|p1a: Malamar|slp|[from] move: Sleep Powder\n|cant|p1a: Malamar|slp\n|\n|-heal|p2a: Bellossom|222/263|[from] item: Leftovers\n|upkeep\n|turn|3\n|\n|t:|1733802113\n|move|p2a: Bellossom|Quiver Dance|p2a: Bellossom\n|-boost|p2a: Bellossom|spa|1\n|-boost|p2a: Bellossom|spd|1\n|-boost|p2a: Bellossom|spe|1\n|cant|p1a: Malamar|slp\n|\n|-heal|p2a: Bellossom|238/263|[from] item: Leftovers\n|upkeep\n|turn|4\n|\n|t:|1733802117\n|move|p2a: Bellossom|Quiver Dance|p2a: Bellossom\n|-boost|p2a: Bellossom|spa|1\n|-boost|p2a: Bellossom|spd|1\n|-boost|p2a: Bellossom|spe|1\n|-curestatus|p1a: Malamar|slp|[msg]\n|move|p1a: Malamar|Superpower|p2a: Bellossom\n|-damage|p2a: Bellossom|131/263\n|-boost|p1a: Malamar|atk|1\n|-boost|p1a: Malamar|def|1\n|\n|-heal|p2a: Bellossom|147/263|[from] item: Leftovers\n|upkeep\n|turn|5\n|\n|t:|1733802124\n|move|p2a: Bellossom|Sleep Powder|p1a: Malamar\n|-status|p1a: Malamar|slp|[from] move: Sleep Powder\n|cant|p1a: Malamar|slp\n|\n|-heal|p2a: Bellossom|163/263|[from] item: Leftovers\n|upkeep\n|turn|6\n|\n|t:|1733802127\n|move|p2a: Bellossom|Strength Sap|p1a: Malamar\n|-boost|p1a: Malamar|atk|1\n|-heal|p2a: Bellossom|263/263\n|cant|p1a: Malamar|slp\n|move|p1a: Malamar|Sleep Talk|p1a: Malamar\n|move|p1a: Malamar|Superpower|p2a: Bellossom|[from]move: Sleep Talk\n|-damage|p2a: Bellossom|97/263\n|-boost|p1a: Malamar|atk|1\n|-boost|p1a: Malamar|def|1\n|\n|-heal|p2a: Bellossom|113/263|[from] item: Leftovers\n|upkeep\n|turn|7\n|\n|t:|1733802136\n|move|p2a: Bellossom|Giga Drain|p1a: Malamar\n|-damage|p1a: Malamar|55/275 slp\n|-heal|p2a: Bellossom|223/263|[from] drain|[of] p1a: Malamar\n|cant|p1a: Malamar|slp\n|move|p1a: Malamar|Sleep Talk|p1a: Malamar\n|move|p1a: Malamar|Superpower|p2a: Bellossom|[from]move: Sleep Talk\n|-damage|p2a: Bellossom|7/263\n|-boost|p1a: Malamar|atk|1\n|-boost|p1a: Malamar|def|1\n|\n|-heal|p2a: Bellossom|23/263|[from] item: Leftovers\n|-heal|p1a: Malamar|72/275 slp|[from] item: Leftovers\n|upkeep\n|turn|8\n|\n|t:|1733802154\n|move|p2a: Bellossom|Giga Drain|p1a: Malamar\n|-damage|p1a: Malamar|0 fnt\n|-heal|p2a: Bellossom|59/263|[from] drain|[of] p1a: Malamar\n|faint|p1a: Malamar\n|\n|-heal|p2a: Bellossom|75/263|[from] item: Leftovers\n|upkeep\n|c|\u2606fiydo_23|strength sap boosts contrary\n|c|\u2606fiydo_23|good to remember\n|c|\u2606conico0108|yes\n|inactive|conico0108 has 120 seconds left.\n|c|\u2606conico0108|something new to learn\n|c|\u2606fiydo_23|I only seen it on superpower, intimidate and that grass move\n|c|\u2606fiydo_23|leaf storm\n|\n|t:|1733802203\n|switch|p1a: Electivire|Electivire, L84, F|263/263\n|turn|9\n|\n|t:|1733802209\n|move|p2a: Bellossom|Sleep Powder|p1a: Electivire|[miss]\n|-miss|p2a: Bellossom|p1a: Electivire\n|move|p1a: Electivire|Ice Punch|p2a: Bellossom\n|-supereffective|p2a: Bellossom\n|-damage|p2a: Bellossom|0 fnt\n|faint|p2a: Bellossom\n|-damage|p1a: Electivire|237/263|[from] item: Life Orb\n|\n|upkeep\n|c|\u2606conico0108|why bro\n|\n|t:|1733802217\n|switch|p2a: Duraludon|Duraludon, L82, M|249/249\n|turn|10\n|c|\u2606conico0108|u can ko all my team\n|\n|t:|1733802231\n|move|p1a: Electivire|Earthquake|p2a: Duraludon\n|-supereffective|p2a: Duraludon\n|-damage|p2a: Duraludon|135/249\n|-damage|p1a: Electivire|211/263|[from] item: Life Orb\n|move|p2a: Duraludon|Stealth Rock|p1a: Electivire\n|-sidestart|p1: conico0108|move: Stealth Rock\n|\n|upkeep\n|turn|11\n|\n|t:|1733802236\n|move|p1a: Electivire|Earthquake|p2a: Duraludon\n|-supereffective|p2a: Duraludon\n|-damage|p2a: Duraludon|8/249\n|-damage|p1a: Electivire|185/263|[from] item: Life Orb\n|move|p2a: Duraludon|Body Press|p1a: Electivire\n|-damage|p1a: Electivire|106/263\n|\n|upkeep\n|turn|12\n|\n|t:|1733802242\n|switch|p2a: Mandibuzz|Mandibuzz, L85, F|326/326\n|move|p1a: Electivire|Earthquake|p2a: Mandibuzz\n|-immune|p2a: Mandibuzz\n|\n|upkeep\n|turn|13\n|\n|t:|1733802251\n|move|p1a: Electivire|Supercell Slam|p2a: Mandibuzz\n|-supereffective|p2a: Mandibuzz\n|-damage|p2a: Mandibuzz|30/326\n|-damage|p1a: Electivire|80/263|[from] item: Life Orb\n|move|p2a: Mandibuzz|Foul Play|p1a: Electivire\n|-damage|p1a: Electivire|0 fnt\n|faint|p1a: Electivire\n|\n|upkeep\n|c|\u2606fiydo_23|I dunno\n|\n|t:|1733802269\n|switch|p1a: Smeargle|Smeargle, L95, F|258/258\n|-damage|p1a: Smeargle|226/258|[from] Stealth Rock\n|turn|14\n|c|\u2606fiydo_23|Let my friend tell it and I made it to 1600 off sheer luck\n|\n|t:|1733802288\n|move|p1a: Smeargle|Spore|p2a: Mandibuzz\n|-immune|p2a: Mandibuzz|[from] ability: Overcoat\n|move|p2a: Mandibuzz|Roost|p2a: Mandibuzz\n|-heal|p2a: Mandibuzz|193/326\n|-singleturn|p2a: Mandibuzz|move: Roost\n|\n|upkeep\n|turn|15\n|c|\u2606conico0108|wow\n|\n|t:|1733802305\n|move|p1a: Smeargle|Stealth Rock|p2a: Mandibuzz\n|-sidestart|p2: fiydo_23|move: Stealth Rock\n|move|p2a: Mandibuzz|Toxic|p1a: Smeargle\n|-status|p1a: Smeargle|tox\n|\n|-damage|p1a: Smeargle|210/258 tox|[from] psn\n|upkeep\n|turn|16\n|\n|t:|1733802310\n|move|p1a: Smeargle|Sticky Web|p2a: Mandibuzz\n|-sidestart|p2: fiydo_23|move: Sticky Web\n|move|p2a: Mandibuzz|Roost|p2a: Mandibuzz\n|-heal|p2a: Mandibuzz|326/326\n|-singleturn|p2a: Mandibuzz|move: Roost\n|\n|-damage|p1a: Smeargle|178/258 tox|[from] psn\n|upkeep\n|turn|17\n|\n|t:|1733802317\n|move|p1a: Smeargle|Ceaseless Edge|p2a: Mandibuzz\n|-resisted|p2a: Mandibuzz\n|-damage|p2a: Mandibuzz|316/326\n|-sidestart|p2: fiydo_23|Spikes\n|move|p2a: Mandibuzz|Defog|p1a: Smeargle\n|-unboost|p1a: Smeargle|evasion|1\n|-sideend|p1: conico0108|Stealth Rock|[from] move: Defog|[of] p2a: Mandibuzz\n|-sideend|p2: fiydo_23|Spikes|[from] move: Defog|[of] p2a: Mandibuzz\n|-sideend|p2: fiydo_23|Stealth Rock|[from] move: Defog|[of] p2a: Mandibuzz\n|-sideend|p2: fiydo_23|Sticky Web|[from] move: Defog|[of] p2a: Mandibuzz\n|\n|-damage|p1a: Smeargle|130/258 tox|[from] psn\n|upkeep\n|turn|18\n|c|\u2606fiydo_23|chill gang\n|\n|t:|1733802337\n|switch|p1a: Whimsicott|Whimsicott, L85, M|241/241\n|switch|p2a: Cacturne|Cacturne, L92, F|278/278\n|\n|upkeep\n|turn|19\n|\n|t:|1733802343\n|move|p1a: Whimsicott|Moonblast|p2a: Cacturne\n|-supereffective|p2a: Cacturne\n|-damage|p2a: Cacturne|62/278\n|move|p2a: Cacturne|Knock Off|p1a: Whimsicott\n|-resisted|p1a: Whimsicott\n|-damage|p1a: Whimsicott|151/241\n|-enditem|p1a: Whimsicott|Leftovers|[from] move: Knock Off|[of] p2a: Cacturne\n|-damage|p2a: Cacturne|35/278|[from] item: Life Orb\n|\n|upkeep\n|turn|20\n|\n|t:|1733802352\n|move|p2a: Cacturne|Sucker Punch|p1a: Whimsicott\n|-resisted|p1a: Whimsicott\n|-damage|p1a: Whimsicott|89/241\n|-damage|p2a: Cacturne|8/278|[from] item: Life Orb\n|move|p1a: Whimsicott|Moonblast|p2a: Cacturne\n|-supereffective|p2a: Cacturne\n|-damage|p2a: Cacturne|0 fnt\n|faint|p2a: Cacturne\n|\n|upkeep\n|\n|t:|1733802361\n|switch|p2a: Espeon|Espeon, L84, F|246/246\n|turn|21\n|\n|t:|1733802368\n|move|p1a: Whimsicott|Stun Spore|p2a: Espeon\n|move|p2a: Espeon|Stun Spore|p1a: Whimsicott|[from]ability: Magic Bounce\n|-immune|p1a: Whimsicott\n|move|p2a: Espeon|Psychic|p1a: Whimsicott\n|-damage|p1a: Whimsicott|0 fnt\n|faint|p1a: Whimsicott\n|\n|upkeep\n|c|\u2606conico0108|its not my day\n|c|\u2606fiydo_23|word\n|\n|t:|1733802389\n|switch|p1a: Mudsdale|Mudsdale, L84, M|305/305\n|turn|22\n|c|\u2606fiydo_23|we both getting cooked by these abilities\n|\n|t:|1733802398\n|move|p2a: Espeon|Psychic|p1a: Mudsdale\n|-damage|p1a: Mudsdale|115/305\n|-ability|p1a: Mudsdale|Stamina|boost\n|-boost|p1a: Mudsdale|def|1\n|move|p1a: Mudsdale|Earthquake|p2a: Espeon\n|-damage|p2a: Espeon|84/246\n|\n|-heal|p1a: Mudsdale|134/305|[from] item: Leftovers\n|upkeep\n|turn|23\n|c|\u2606conico0108|lo\n|c|\u2606conico0108|l\n|\n|t:|1733802411\n|-terastallize|p1a: Mudsdale|Steel\n|move|p2a: Espeon|Psychic|p1a: Mudsdale\n|-resisted|p1a: Mudsdale\n|-damage|p1a: Mudsdale|35/305\n|-ability|p1a: Mudsdale|Stamina|boost\n|-boost|p1a: Mudsdale|def|1\n|move|p1a: Mudsdale|Earthquake|p2a: Espeon\n|-damage|p2a: Espeon|0 fnt\n|faint|p2a: Espeon\n|\n|-heal|p1a: Mudsdale|54/305|[from] item: Leftovers\n|upkeep\n|c|\u2606fiydo_23|I dont know if you know temp6t\n|c|\u2606fiydo_23|I just saw a vid of him with moody smeargle\n|\n|t:|1733802439\n|switch|p2a: Rampardos|Rampardos, L90, M|321/321\n|turn|24\n|c|\u2606conico0108|haha\n|c|\u2606conico0108|yes\n|\n|t:|1733802458\n|move|p2a: Rampardos|Earthquake|p1a: Mudsdale\n|-supereffective|p1a: Mudsdale\n|-damage|p1a: Mudsdale|0 fnt\n|faint|p1a: Mudsdale\n|\n|upkeep\n|c|\u2606fiydo_23|I aint even know he could have that ability\n|\n|t:|1733802467\n|switch|p1a: Smeargle|Smeargle, L95, F|130/258 tox\n|turn|25\n|\n|t:|1733802473\n|switch|p2a: Duraludon|Duraludon, L82, M|8/249\n|move|p1a: Smeargle|Spore|p2a: Duraludon\n|-status|p2a: Duraludon|slp|[from] move: Spore\n|\n|-damage|p1a: Smeargle|114/258 tox|[from] psn\n|upkeep\n|turn|26\n|\n|t:|1733802480\n|move|p1a: Smeargle|Sticky Web|p2a: Duraludon\n|-sidestart|p2: fiydo_23|move: Sticky Web\n|cant|p2a: Duraludon|slp\n|\n|-damage|p1a: Smeargle|82/258 tox|[from] psn\n|upkeep\n|turn|27\n|\n|t:|1733802485\n|switch|p2a: Mandibuzz|Mandibuzz, L85, F|316/326\n|move|p1a: Smeargle|Ceaseless Edge|p2a: Mandibuzz\n|-resisted|p2a: Mandibuzz\n|-damage|p2a: Mandibuzz|307/326\n|-sidestart|p2: fiydo_23|Spikes\n|\n|-damage|p1a: Smeargle|34/258 tox|[from] psn\n|upkeep\n|turn|28\n|\n|t:|1733802491\n|move|p1a: Smeargle|Spore|p2a: Mandibuzz\n|-immune|p2a: Mandibuzz|[from] ability: Overcoat\n|move|p2a: Mandibuzz|Defog|p1a: Smeargle\n|-unboost|p1a: Smeargle|evasion|1\n|-sideend|p2: fiydo_23|Spikes|[from] move: Defog|[of] p2a: Mandibuzz\n|-sideend|p2: fiydo_23|Sticky Web|[from] move: Defog|[of] p2a: Mandibuzz\n|\n|-damage|p1a: Smeargle|0 fnt|[from] psn\n|faint|p1a: Smeargle\n|upkeep\n|\n|t:|1733802493\n|switch|p1a: Calyrex|Calyrex-Ice, L72|263/263\n|-ability|p1a: Calyrex|As One\n|-ability|p1a: Calyrex|Unnerve\n|turn|29\n|c|\u2606fiydo_23|gang?\n|\n|t:|1733802508\n|-terastallize|p2a: Mandibuzz|Steel\n|move|p2a: Mandibuzz|Foul Play|p1a: Calyrex\n|-supereffective|p1a: Calyrex\n|-damage|p1a: Calyrex|71/263\n|-enditem|p1a: Calyrex|Weakness Policy\n|-boost|p1a: Calyrex|atk|2|[from] item: Weakness Policy\n|-boost|p1a: Calyrex|spa|2|[from] item: Weakness Policy\n|move|p1a: Calyrex|Agility|p1a: Calyrex\n|-boost|p1a: Calyrex|spe|2\n|\n|upkeep\n|turn|30\n|\n|t:|1733802513\n|move|p1a: Calyrex|High Horsepower|p2a: Mandibuzz\n|-supereffective|p2a: Mandibuzz\n|-damage|p2a: Mandibuzz|53/326\n|move|p2a: Mandibuzz|Foul Play|p1a: Calyrex\n|-supereffective|p1a: Calyrex\n|-damage|p1a: Calyrex|0 fnt\n|faint|p1a: Calyrex\n|\n|win|fiydo_23\n|raw|conico0108's rating: 1639 &rarr; <strong>1618</strong><br />(-21 for losing)\n|raw|fiydo_23's rating: 1615 &rarr; <strong>1636</strong><br />(+21 for winning)\n|c|\u2606conico0108|gg\n|c|\u2606fiydo_23|gg\n", "inputlog": ">version bfd83cad13791eb5a5a409923076391caf6fb4d4\n>start {\"formatid\":\"gen9randombattle\",\"seed\":[3670,13877,21933,13722],\"rated\":\"Rated battle\"}\n>player p1 {\"name\":\"conico0108\",\"avatar\":\"richboy-gen4\",\"rating\":1639,\"seed\":[13270,39154,31782,38037]}\n>player p2 {\"name\":\"fiydo_23\",\"avatar\":\"gambler\",\"rating\":1615,\"seed\":[6182,48222,2803,61770]}\n>p1 move superpower\n>p2 move quiverdance\n>p1 move superpower\n>p2 move sleeppowder\n>p1 move superpower\n>p2 move quiverdance\n>p1 move superpower\n>p2 move quiverdance\n>p1 move superpower\n>p2 move sleeppowder\n>p1 move sleeptalk\n>p2 move strengthsap\n>p1 move sleeptalk\n>p2 move gigadrain\n>p1 move superpower\n>p2 move gigadrain\n>chat \u2606fiydo_23|strength sap boosts contrary\n>chat \u2606fiydo_23|good to remember\n>chat \u2606conico0108|yes\n>chat \u2606conico0108|something new to learn \n>chat \u2606fiydo_23|I only seen it on superpower, intimidate and that grass move\n>chat \u2606fiydo_23|leaf storm\n>p1 switch 2\n>p1 move icepunch\n>p2 move sleeppowder\n>chat \u2606conico0108|why bro \n>p2 switch 4\n>chat \u2606conico0108|u can ko all my team\n>p1 move earthquake\n>p2 move stealthrock\n>p1 move earthquake\n>p2 move bodypress\n>p1 move earthquake\n>p2 switch 2\n>p1 move supercellslam\n>p2 move foulplay\n>chat \u2606fiydo_23|I dunno\n>p1 switch 4\n>chat \u2606fiydo_23|Let my friend tell it and I made it to 1600 off sheer luck\n>p1 move spore\n>p2 move roost\n>chat \u2606conico0108|wow\n>p1 move stealthrock\n>p2 move toxic\n>p1 move stickyweb\n>p2 move roost\n>p1 move ceaselessedge\n>p2 move defog\n>chat \u2606fiydo_23|chill gang\n>p1 switch 6\n>p2 switch 5\n>p1 move moonblast\n>p2 move knockoff\n>p1 move moonblast\n>p2 move suckerpunch\n>p2 switch 6\n>p1 move stunspore\n>p2 move psychic\n>chat \u2606conico0108|its not my day\n>chat \u2606fiydo_23|word\n>p1 switch 5\n>chat \u2606fiydo_23|we both getting cooked by these abilities\n>p1 move earthquake\n>p2 move psychic\n>chat \u2606conico0108|lo\n>chat \u2606conico0108|l\n>p1 move earthquake terastallize\n>p2 move psychic\n>chat \u2606fiydo_23|I dont know if you know temp6t\n>chat \u2606fiydo_23|I just saw a vid of him with moody smeargle\n>p2 switch 3\n>chat \u2606conico0108|haha\n>chat \u2606conico0108|yes\n>p1 move earthquake\n>p2 move earthquake\n>chat \u2606fiydo_23|I aint even know he could have that ability\n>p1 switch 6\n>p1 move spore\n>p2 switch 2\n>p1 move stickyweb\n>p2 move stealthrock\n>p1 move ceaselessedge\n>p2 switch 5\n>p1 move spore\n>p2 move defog\n>p1 switch 3\n>chat \u2606fiydo_23|gang?\n>p1 move agility\n>p2 move foulplay terastallize\n>p1 move highhorsepower\n>p2 move foulplay", "uploadtime": 1733802520, "views": 30, "formatid": "gen9randombattle", "rating": 1618, "private": 0, "password": null}