{"id": "gen9randombattle-2142769329", "format": "[Gen 9] Random Battle", "players": ["Existential Risk", "ceruedge"], "log": "|badge|p2|silver|gen9randombattle|30-1\n|badge|p2|gold|gen9ou|3-1\n|badge|p2|silver|gen9monotype|30-1\n|uhtml|medal-msg|<div class=\"broadcast-blue\">Curious what those medals under the avatar are? PS now has Ladder Seasons! For more information, check out the <a href=\"https://www.smogon.com/forums/threads/3740067/\">thread on Smogon.</a></div>\n|j|\u2606Existential Risk\n|j|\u203dceruedge\n|t:|1718310462\n|gametype|singles\n|player|p1|Existential Risk|battlegirl-gen4|2211\n|player|p2|ceruedge|parasollady|2429\n|teamsize|p1|6\n|teamsize|p2|6\n|gen|9\n|tier|[Gen 9] Random Battle\n|rated|\n|rule|Species Clause: Limit one of each Pok\u00e9mon\n|rule|HP Percentage Mod: HP is shown in percentages\n|rule|Sleep Clause Mod: Limit one foe put to sleep\n|rule|Illusion Level Mod: Illusion disguises the Pok\u00e9mon's true level\n|\n|t:|1718310462\n|start\n|switch|p1a: Dedenne|Dedenne, L88, M|261/261\n|switch|p2a: Dudunsparce|Dudunsparce-Three-Segment, L82, F|339/339\n|turn|1\n|inactive|Battle timer is ON: inactive players will automatically lose when time's up. (requested by ceruedge)\n|inactive|Existential Risk also wants the timer to be on.\n|inactive|ceruedge has 120 seconds left.\n|\n|t:|1718310498\n|switch|p2a: Electrode|Electrode, L92|260/260\n|move|p1a: Dedenne|Nuzzle|p2a: Electrode\n|-resisted|p2a: Electrode\n|-damage|p2a: Electrode|251/260\n|\n|-heal|p2a: Electrode|260/260|[from] item: Leftovers\n|upkeep\n|turn|2\n|\n|t:|1718310519\n|move|p2a: Electrode|Thunderbolt|p1a: Dedenne\n|-resisted|p1a: Dedenne\n|-damage|p1a: Dedenne|209/261\n|move|p1a: Dedenne|Super Fang|p2a: Electrode\n|-damage|p2a: Electrode|130/260\n|\n|-heal|p2a: Electrode|146/260|[from] item: Leftovers\n|upkeep\n|turn|3\n|\n|t:|1718310530\n|move|p2a: Electrode|Thunderbolt|p1a: Dedenne\n|-resisted|p1a: Dedenne\n|-damage|p1a: Dedenne|155/261\n|move|p1a: Dedenne|Dazzling Gleam|p2a: Electrode\n|-damage|p2a: Electrode|62/260\n|\n|-heal|p2a: Electrode|78/260|[from] item: Leftovers\n|upkeep\n|turn|4\n|\n|t:|1718310538\n|move|p2a: Electrode|Explosion|p1a: Dedenne\n|-damage|p1a: Dedenne|0 fnt\n|faint|p2a: Electrode\n|faint|p1a: Dedenne\n|\n|upkeep\n|\n|t:|1718310553\n|switch|p2a: Raichu|Raichu-Alola, L87, F|246/246\n|switch|p1a: Swampert|Swampert, L83, M|302/302\n|turn|5\n|inactive|ceruedge has 120 seconds left.\n|\n|t:|1718310604\n|switch|p2a: Spiritomb|Spiritomb, L90, F|236/236\n|switch|p1a: Solgaleo|Solgaleo, L74|325/325\n|\n|upkeep\n|turn|6\n|inactive|Existential Risk has 120 seconds left.\n|\n|t:|1718310632\n|move|p1a: Solgaleo|Sunsteel Strike|p2a: Spiritomb\n|-damage|p2a: Spiritomb|151/236\n|move|p2a: Spiritomb|Poltergeist|p1a: Solgaleo\n|-activate|p1a: Solgaleo|move: Poltergeist|Leftovers\n|-supereffective|p1a: Solgaleo\n|-damage|p1a: Solgaleo|83/325\n|\n|-heal|p1a: Solgaleo|103/325|[from] item: Leftovers\n|-heal|p2a: Spiritomb|165/236|[from] item: Leftovers\n|upkeep\n|turn|7\n|inactive|Existential Risk has 120 seconds left.\n|inactive|ceruedge has 90 seconds left.\n|\n|t:|1718310657\n|move|p1a: Solgaleo|Sunsteel Strike|p2a: Spiritomb\n|-damage|p2a: Spiritomb|72/236\n|move|p2a: Spiritomb|Poltergeist|p1a: Solgaleo\n|-activate|p1a: Solgaleo|move: Poltergeist|Leftovers\n|-supereffective|p1a: Solgaleo\n|-damage|p1a: Solgaleo|0 fnt\n|faint|p1a: Solgaleo\n|\n|-heal|p2a: Spiritomb|86/236|[from] item: Leftovers\n|upkeep\n|\n|t:|1718310667\n|switch|p1a: Sylveon|Sylveon, L85, M|300/300\n|turn|8\n|inactive|ceruedge has 90 seconds left.\n|j| shaky3\n|\n|t:|1718310677\n|move|p1a: Sylveon|Hyper Voice|p2a: Spiritomb\n|-supereffective|p2a: Spiritomb\n|-damage|p2a: Spiritomb|0 fnt\n|faint|p2a: Spiritomb\n|\n|upkeep\n|inactive|ceruedge has 90 seconds left.\n|\n|t:|1718310689\n|switch|p2a: Dudunsparce|Dudunsparce-Three-Segment, L82, F|339/339\n|turn|9\n|inactive|Existential Risk has 120 seconds left.\n|\n|t:|1718310712\n|switch|p1a: Swampert|Swampert, L83, M|302/302\n|move|p2a: Dudunsparce|Calm Mind|p2a: Dudunsparce\n|-boost|p2a: Dudunsparce|spa|1\n|-boost|p2a: Dudunsparce|spd|1\n|\n|upkeep\n|turn|10\n|\n|t:|1718310722\n|move|p2a: Dudunsparce|Boomburst|p1a: Swampert\n|-damage|p1a: Swampert|104/302\n|move|p1a: Swampert|Roar|p2a: Dudunsparce\n|drag|p2a: Politoed|Politoed, L88, F|302/302\n|-weather|RainDance|[from] ability: Drizzle|[of] p2a: Politoed\n|\n|-weather|RainDance|[upkeep]\n|-heal|p1a: Swampert|122/302|[from] item: Leftovers\n|upkeep\n|turn|11\n|\n|t:|1718310732\n|switch|p1a: Swanna|Swanna, L88, F|275/275\n|move|p2a: Politoed|Hydro Pump|p1a: Swanna\n|-resisted|p1a: Swanna\n|-damage|p1a: Swanna|161/275\n|\n|-weather|RainDance|[upkeep]\n|upkeep\n|turn|12\n|\n|t:|1718310740\n|move|p1a: Swanna|Roost|p1a: Swanna\n|-heal|p1a: Swanna|275/275\n|-singleturn|p1a: Swanna|move: Roost\n|move|p2a: Politoed|Hydro Pump|p1a: Swanna\n|-resisted|p1a: Swanna\n|-damage|p1a: Swanna|164/275\n|\n|-weather|RainDance|[upkeep]\n|upkeep\n|turn|13\n|\n|t:|1718310755\n|move|p1a: Swanna|Roost|p1a: Swanna\n|-heal|p1a: Swanna|275/275\n|-singleturn|p1a: Swanna|move: Roost\n|move|p2a: Politoed|Hypnosis|p1a: Swanna\n|-status|p1a: Swanna|slp|[from] move: Hypnosis\n|\n|-weather|RainDance|[upkeep]\n|-activate|p1a: Swanna|ability: Hydration\n|-curestatus|p1a: Swanna|slp|[msg]\n|upkeep\n|turn|14\n|l| shaky3\n|\n|t:|1718310765\n|move|p1a: Swanna|Brave Bird|p2a: Politoed\n|-damage|p2a: Politoed|160/302\n|-damage|p1a: Swanna|228/275|[from] Recoil\n|move|p2a: Politoed|Hydro Pump|p1a: Swanna\n|-resisted|p1a: Swanna\n|-damage|p1a: Swanna|110/275\n|\n|-weather|none\n|upkeep\n|turn|15\n|\n|t:|1718310776\n|move|p1a: Swanna|Roost|p1a: Swanna\n|-heal|p1a: Swanna|248/275\n|-singleturn|p1a: Swanna|move: Roost\n|move|p2a: Politoed|Hypnosis|p1a: Swanna|[miss]\n|-miss|p2a: Politoed|p1a: Swanna\n|\n|upkeep\n|turn|16\n|\n|t:|1718310787\n|move|p1a: Swanna|Brave Bird|p2a: Politoed\n|-damage|p2a: Politoed|18/302\n|-damage|p1a: Swanna|201/275|[from] Recoil\n|move|p2a: Politoed|Rest|p2a: Politoed\n|-status|p2a: Politoed|slp|[from] move: Rest\n|-heal|p2a: Politoed|302/302 slp|[silent]\n|-enditem|p2a: Politoed|Chesto Berry|[eat]\n|-curestatus|p2a: Politoed|slp|[msg]\n|\n|upkeep\n|turn|17\n|\n|t:|1718310800\n|move|p1a: Swanna|Brave Bird|p2a: Politoed\n|-damage|p2a: Politoed|173/302\n|-damage|p1a: Swanna|158/275|[from] Recoil\n|move|p2a: Politoed|Hypnosis|p1a: Swanna|[miss]\n|-miss|p2a: Politoed|p1a: Swanna\n|\n|upkeep\n|turn|18\n|\n|t:|1718310810\n|move|p1a: Swanna|Brave Bird|p2a: Politoed\n|-damage|p2a: Politoed|40/302\n|-damage|p1a: Swanna|114/275|[from] Recoil\n|move|p2a: Politoed|Hypnosis|p1a: Swanna\n|-status|p1a: Swanna|slp|[from] move: Hypnosis\n|\n|upkeep\n|turn|19\n|\n|t:|1718310830\n|switch|p1a: Swampert|Swampert, L83, M|122/302\n|move|p2a: Politoed|Hydro Pump|p1a: Swampert\n|-damage|p1a: Swampert|1/302\n|\n|-heal|p1a: Swampert|19/302|[from] item: Leftovers\n|upkeep\n|turn|20\n|\n|t:|1718310843\n|move|p2a: Politoed|Ice Beam|p1a: Swampert\n|-damage|p1a: Swampert|0 fnt\n|faint|p1a: Swampert\n|\n|upkeep\n|\n|t:|1718310853\n|switch|p1a: Mesprit|Mesprit, L85|275/275\n|turn|21\n|\n|t:|1718310866\n|move|p1a: Mesprit|Nasty Plot|p1a: Mesprit\n|-boost|p1a: Mesprit|spa|2\n|move|p2a: Politoed|Ice Beam|p1a: Mesprit\n|-damage|p1a: Mesprit|218/275\n|-status|p1a: Mesprit|frz\n|\n|upkeep\n|turn|22\n|n|\u203dceruedge|ceruedge\n|n|\u203dceruedge|ceruedge\n|n|\u203dceruedge|ceruedge\n|n|\u203dceruedge|ceruedge\n|n|\u203dceruedge|ceruedge\n|n|\u203dceruedge|ceruedge\n|n|\u203dceruedge|ceruedge\n|n|\u203dceruedge|ceruedge\n|n|\u203dceruedge|ceruedge\n|\n|t:|1718310880\n|switch|p2a: Mismagius|Mismagius, L86, F|243/243\n|cant|p1a: Mesprit|frz\n|\n|upkeep\n|turn|23\n|\n|t:|1718310889\n|move|p2a: Mismagius|Nasty Plot|p2a: Mismagius\n|-boost|p2a: Mismagius|spa|2\n|cant|p1a: Mesprit|frz\n|\n|upkeep\n|turn|24\n|\n|t:|1718310895\n|-terastallize|p1a: Mesprit|Electric\n|move|p2a: Mismagius|Nasty Plot|p2a: Mismagius\n|-boost|p2a: Mismagius|spa|2\n|cant|p1a: Mesprit|frz\n|\n|upkeep\n|turn|25\n|-message|Existential Risk forfeited.\n|\n|win|ceruedge\n|raw|Existential Risk's rating: 2211 &rarr; <strong>2202</strong><br />(-9 for losing)\n|raw|ceruedge's rating: 2429 &rarr; <strong>2438</strong><br />(+9 for winning)\n|l|\u2606Existential Risk\n|player|p1|\n", "inputlog": ">version e046c5ea766451ca9500a73fe72ec774e92e6f7e\n>start {\"formatid\":\"gen9randombattle\",\"seed\":[32054,48777,17941,62785],\"rated\":\"Rated battle\"}\n>player p1 {\"name\":\"Existential Risk\",\"avatar\":\"battlegirl-gen4\",\"rating\":2211,\"seed\":[56606,22540,478,44271]}\n>player p2 {\"name\":\"ceruedge\",\"avatar\":\"parasollady\",\"rating\":2429,\"seed\":[8105,64626,58275,52790]}\n>p1 move nuzzle\n>p2 switch 3\n>p1 move superfang\n>p2 move thunderbolt\n>p1 move dazzlinggleam\n>p2 move thunderbolt\n>p1 move dazzlinggleam\n>p2 move explosion\n>p1 switch 5\n>p2 switch 6\n>p1 switch 4\n>p2 switch 4\n>p1 move sunsteelstrike\n>p2 move poltergeist\n>p1 move sunsteelstrike\n>p2 move poltergeist\n>p1 switch 3\n>p1 move hypervoice\n>p2 move poltergeist\n>p2 switch 3\n>p1 switch 4\n>p2 move calmmind\n>p1 move roar\n>p2 move boomburst\n>p1 switch 6\n>p2 move hydropump\n>p1 move roost\n>p2 move hydropump\n>p1 move roost\n>p2 move hypnosis\n>p1 move bravebird\n>p2 move hydropump\n>p1 move roost\n>p2 move hypnosis\n>p1 move bravebird\n>p2 move rest\n>p1 move bravebird\n>p2 move hypnosis\n>p1 move bravebird\n>p2 move hypnosis\n>p1 switch 6\n>p2 move hydropump\n>p1 move earthquake\n>p2 move icebeam\n>p1 switch 2\n>p1 move nastyplot\n>p2 move icebeam\n>p1 move psychic\n>p2 switch 2\n>p1 move psychic\n>p2 move nastyplot\n>p1 move thunderbolt terastallize\n>p2 move nastyplot\n>forcelose p1", "uploadtime": 1718310907, "views": 205, "formatid": "gen9randombattle", "rating": 2202, "private": 0, "password": null}