{"id": "gen9randombattle-2260278620", "format": "[Gen 9] Random Battle", "players": ["PKDer", "ArkRazor"], "log": "|j|\u2606PKDer\n|j|\u2606ArkRazor\n|t:|1733834189\n|gametype|singles\n|player|p1|PKDer|lucas|1191\n|player|p2|ArkRazor|larry|1208\n|teamsize|p1|6\n|teamsize|p2|6\n|gen|9\n|tier|[Gen 9] Random Battle\n|rated|\n|rule|Species Clause: Limit one of each Pok\u00e9mon\n|rule|HP Percentage Mod: HP is shown in percentages\n|rule|Sleep Clause Mod: Limit one foe put to sleep\n|rule|Illusion Level Mod: Illusion disguises the Pok\u00e9mon's true level\n|\n|t:|1733834189\n|start\n|switch|p1a: Deoxys|Deoxys-Defense, L84|221/221\n|switch|p2a: Articuno|Articuno, L86|295/295\n|-ability|p1a: Deoxys|Pressure\n|-ability|p2a: Articuno|Pressure\n|turn|1\n|\n|t:|1733834208\n|switch|p2a: Piloswine|Piloswine, L85, F|309/309\n|move|p1a: Deoxys|Spikes|p2a: Piloswine\n|-sidestart|p2: ArkRazor|Spikes\n|\n|upkeep\n|turn|2\n|inactive|Battle timer is ON: inactive players will automatically lose when time's up. (requested by ArkRazor)\n|\n|t:|1733834265\n|move|p1a: Deoxys|Psychic Noise|p2a: Piloswine\n|-damage|p2a: Piloswine|252/309\n|-start|p2a: Piloswine|move: Heal Block\n|move|p2a: Piloswine|Stealth Rock|p1a: Deoxys\n|-sidestart|p1: PKDer|move: Stealth Rock\n|\n|upkeep\n|turn|3\n|\n|t:|1733834299\n|move|p1a: Deoxys|Psychic Noise|p2a: Piloswine\n|-damage|p2a: Piloswine|192/309\n|move|p2a: Piloswine|Roar|p1a: Deoxys\n|drag|p1a: Appletun|Appletun, L92, M|352/352\n|-damage|p1a: Appletun|308/352|[from] Stealth Rock\n|\n|-heal|p1a: Appletun|330/352|[from] item: Leftovers\n|-end|p2a: Piloswine|move: Heal Block\n|upkeep\n|turn|4\n|inactive|ArkRazor has 120 seconds left.\n|\n|t:|1733834333\n|move|p2a: Piloswine|Icicle Crash|p1a: Appletun\n|-supereffective|p1a: Appletun\n|-crit|p1a: Appletun\n|-damage|p1a: Appletun|54/352\n|move|p1a: Appletun|Draco Meteor|p2a: Piloswine\n|-damage|p2a: Piloswine|57/309\n|-unboost|p1a: Appletun|spa|2\n|\n|-heal|p1a: Appletun|76/352|[from] item: Leftovers\n|upkeep\n|turn|5\n|\n|t:|1733834347\n|move|p2a: Piloswine|Icicle Crash|p1a: Appletun\n|-supereffective|p1a: Appletun\n|-damage|p1a: Appletun|0 fnt\n|faint|p1a: Appletun\n|\n|upkeep\n|inactive|PKDer has 120 seconds left.\n|\n|t:|1733834360\n|switch|p1a: Magcargo|Magcargo, L95, M|268/268\n|turn|6\n|\n|t:|1733834367\n|move|p2a: Piloswine|Earthquake|p1a: Magcargo\n|-supereffective|p1a: Magcargo\n|-damage|p1a: Magcargo|0 fnt\n|faint|p1a: Magcargo\n|\n|upkeep\n|inactive|PKDer has 120 seconds left.\n|\n|t:|1733834386\n|switch|p1a: Ho-Oh|Ho-Oh, L71|268/268\n|turn|7\n|inactive|PKDer has 120 seconds left.\n|\n|t:|1733834410\n|move|p1a: Ho-Oh|Sacred Fire|p2a: Piloswine\n|-supereffective|p2a: Piloswine\n|-damage|p2a: Piloswine|0 fnt\n|faint|p2a: Piloswine\n|\n|upkeep\n|\n|t:|1733834419\n|switch|p2a: Articuno|Articuno, L86|295/295\n|-ability|p2a: Articuno|Pressure\n|turn|8\n|\n|t:|1733834427\n|move|p2a: Articuno|Freeze-Dry|p1a: Ho-Oh\n|-damage|p1a: Ho-Oh|214/268\n|move|p1a: Ho-Oh|Sacred Fire|p2a: Articuno\n|-supereffective|p2a: Articuno\n|-damage|p2a: Articuno|113/295\n|\n|upkeep\n|turn|9\n|\n|t:|1733834438\n|switch|p2a: Greninja|Greninja, L80, M|246/246\n|-damage|p2a: Greninja|216/246|[from] Spikes\n|move|p1a: Ho-Oh|Sacred Fire|p2a: Greninja\n|-resisted|p2a: Greninja\n|-damage|p2a: Greninja|153/246\n|\n|upkeep\n|turn|10\n|inactive|PKDer has 120 seconds left.\n|\n|t:|1733834467\n|switch|p1a: Mewtwo|Mewtwo, L72|272/272\n|-ability|p1a: Mewtwo|Unnerve\n|-damage|p1a: Mewtwo|238/272|[from] Stealth Rock\n|move|p2a: Greninja|Hydro Pump|p1a: Mewtwo|[miss]\n|-miss|p2a: Greninja|p1a: Mewtwo\n|\n|upkeep\n|turn|11\n|inactive|PKDer has 120 seconds left.\n|\n|t:|1733834480\n|move|p2a: Greninja|Dark Pulse|p1a: Mewtwo\n|-supereffective|p1a: Mewtwo\n|-damage|p1a: Mewtwo|1/272\n|-damage|p2a: Greninja|129/246|[from] item: Life Orb\n|move|p1a: Mewtwo|Aura Sphere|p2a: Greninja\n|-supereffective|p2a: Greninja\n|-damage|p2a: Greninja|0 fnt\n|faint|p2a: Greninja\n|-damage|p1a: Mewtwo|0 fnt|[from] item: Life Orb\n|faint|p1a: Mewtwo\n|\n|upkeep\n|\n|t:|1733834491\n|switch|p2a: Polteageist|Polteageist, L79|224/224\n|switch|p1a: Ho-Oh|Ho-Oh, L71|268/268\n|-damage|p2a: Polteageist|196/224|[from] Spikes\n|turn|12\n|\n|t:|1733834503\n|move|p1a: Ho-Oh|Sacred Fire|p2a: Polteageist\n|-damage|p2a: Polteageist|58/224\n|-status|p2a: Polteageist|brn\n|-start|p1a: Ho-Oh|Disable|Sacred Fire|[from] ability: Cursed Body|[of] p2a: Polteageist\n|move|p2a: Polteageist|Shell Smash|p2a: Polteageist\n|-unboost|p2a: Polteageist|def|1\n|-unboost|p2a: Polteageist|spd|1\n|-boost|p2a: Polteageist|atk|2\n|-boost|p2a: Polteageist|spa|2\n|-boost|p2a: Polteageist|spe|2\n|-enditem|p2a: Polteageist|White Herb\n|-clearnegativeboost|p2a: Polteageist|[silent]\n|\n|-damage|p2a: Polteageist|44/224 brn|[from] brn\n|upkeep\n|turn|13\n|\n|t:|1733834519\n|move|p2a: Polteageist|Stored Power|p1a: Ho-Oh\n|-damage|p1a: Ho-Oh|101/268\n|move|p1a: Ho-Oh|Brave Bird|p2a: Polteageist\n|-damage|p2a: Polteageist|0 fnt\n|faint|p2a: Polteageist\n|-damage|p1a: Ho-Oh|86/268|[from] Recoil\n|\n|upkeep\n|\n|t:|1733834530\n|switch|p2a: Quagsire|Quagsire, L84, F|297/297\n|-damage|p2a: Quagsire|260/297|[from] Spikes\n|turn|14\n|\n|t:|1733834549\n|move|p1a: Ho-Oh|Recover|p1a: Ho-Oh\n|-heal|p1a: Ho-Oh|220/268\n|move|p2a: Quagsire|Ice Beam|p1a: Ho-Oh\n|-damage|p1a: Ho-Oh|182/268\n|\n|-heal|p2a: Quagsire|278/297|[from] item: Leftovers\n|upkeep\n|turn|15\n|\n|t:|1733834558\n|move|p1a: Ho-Oh|Recover|p1a: Ho-Oh\n|-heal|p1a: Ho-Oh|268/268\n|move|p2a: Quagsire|Spikes|p1a: Ho-Oh\n|-sidestart|p1: PKDer|Spikes\n|\n|-heal|p2a: Quagsire|296/297|[from] item: Leftovers\n|-end|p1a: Ho-Oh|Disable\n|upkeep\n|turn|16\n|\n|t:|1733834580\n|move|p1a: Ho-Oh|Brave Bird|p2a: Quagsire\n|-damage|p2a: Quagsire|179/297\n|-damage|p1a: Ho-Oh|229/268|[from] Recoil\n|move|p2a: Quagsire|Spikes|p1a: Ho-Oh\n|-sidestart|p1: PKDer|Spikes\n|\n|-heal|p2a: Quagsire|197/297|[from] item: Leftovers\n|upkeep\n|turn|17\n|\n|t:|1733834587\n|move|p1a: Ho-Oh|Brave Bird|p2a: Quagsire\n|-damage|p2a: Quagsire|73/297\n|-damage|p1a: Ho-Oh|188/268|[from] Recoil\n|move|p2a: Quagsire|Spikes|p1a: Ho-Oh\n|-sidestart|p1: PKDer|Spikes\n|\n|-heal|p2a: Quagsire|91/297|[from] item: Leftovers\n|upkeep\n|turn|18\n|\n|t:|1733834594\n|move|p1a: Ho-Oh|Brave Bird|p2a: Quagsire\n|-damage|p2a: Quagsire|0 fnt\n|faint|p2a: Quagsire\n|-damage|p1a: Ho-Oh|158/268|[from] Recoil\n|\n|upkeep\n|\n|t:|1733834602\n|switch|p2a: Articuno|Articuno, L86|113/295\n|-ability|p2a: Articuno|Pressure\n|turn|19\n|\n|t:|1733834613\n|move|p2a: Articuno|Brave Bird|p1a: Ho-Oh\n|-damage|p1a: Ho-Oh|14/268\n|-damage|p2a: Articuno|65/295|[from] Recoil\n|move|p1a: Ho-Oh|Sacred Fire|p2a: Articuno\n|-supereffective|p2a: Articuno\n|-damage|p2a: Articuno|0 fnt\n|faint|p2a: Articuno\n|\n|upkeep\n|\n|t:|1733834621\n|switch|p2a: Perrserker|Perrserker, L89, F|269/269\n|-damage|p2a: Perrserker|236/269|[from] Spikes\n|turn|20\n|\n|t:|1733834627\n|move|p1a: Ho-Oh|Recover|p1a: Ho-Oh\n|-heal|p1a: Ho-Oh|148/268\n|move|p2a: Perrserker|Knock Off|p1a: Ho-Oh\n|-crit|p1a: Ho-Oh\n|-damage|p1a: Ho-Oh|0 fnt\n|-enditem|p1a: Ho-Oh|Heavy-Duty Boots|[from] move: Knock Off|[of] p2a: Perrserker\n|faint|p1a: Ho-Oh\n|\n|upkeep\n|\n|t:|1733834630\n|switch|p1a: Hippowdon|Hippowdon, L82, M|311/311\n|-damage|p1a: Hippowdon|292/311|[from] Stealth Rock\n|-damage|p1a: Hippowdon|215/311|[from] Spikes\n|-weather|Sandstorm|[from] ability: Sand Stream|[of] p1a: Hippowdon\n|turn|21\n|\n|t:|1733834641\n|move|p2a: Perrserker|Knock Off|p1a: Hippowdon\n|-damage|p1a: Hippowdon|107/311\n|-enditem|p1a: Hippowdon|Leftovers|[from] move: Knock Off|[of] p2a: Perrserker\n|move|p1a: Hippowdon|Earthquake|p2a: Perrserker\n|-supereffective|p2a: Perrserker\n|-damage|p2a: Perrserker|56/269\n|\n|-weather|Sandstorm|[upkeep]\n|upkeep\n|turn|22\n|\n|t:|1733834653\n|move|p2a: Perrserker|Knock Off|p1a: Hippowdon\n|-damage|p1a: Hippowdon|34/311\n|move|p1a: Hippowdon|Earthquake|p2a: Perrserker\n|-supereffective|p2a: Perrserker\n|-damage|p2a: Perrserker|0 fnt\n|faint|p2a: Perrserker\n|\n|win|PKDer\n|raw|PKDer's rating: 1191 &rarr; <strong>1217</strong><br />(+26 for winning)\n|raw|ArkRazor's rating: 1208 &rarr; <strong>1182</strong><br />(-26 for losing)\n|l|\u2606ArkRazor\n|player|p2|\n", "inputlog": ">version bfd83cad13791eb5a5a409923076391caf6fb4d4\n>start {\"formatid\":\"gen9randombattle\",\"seed\":[36673,43474,61910,23929],\"rated\":\"Rated battle\"}\n>player p1 {\"name\":\"PKDer\",\"avatar\":\"lucas\",\"rating\":1191,\"seed\":[35942,21360,38126,1411]}\n>player p2 {\"name\":\"ArkRazor\",\"avatar\":\"larry\",\"rating\":1208,\"seed\":[26286,51289,3919,63301]}\n>p1 move spikes\n>p2 switch 2\n>p1 move psychicnoise\n>p2 move stealthrock\n>p1 move psychicnoise\n>p2 move roar\n>p1 move dracometeor\n>p2 move iciclecrash\n>p1 move recover\n>p2 move iciclecrash\n>p1 switch 2\n>p1 move stealthrock\n>p2 move earthquake\n>p1 switch 5\n>p1 move sacredfire\n>p2 move iciclecrash\n>p2 switch 2\n>p1 move sacredfire\n>p2 move freezedry\n>p1 move sacredfire\n>p2 switch 3\n>p1 switch 4\n>p2 move hydropump\n>p1 move aurasphere\n>p2 move darkpulse\n>p1 switch 4\n>p2 switch 4\n>p1 move sacredfire\n>p2 move shellsmash\n>p1 move bravebird\n>p2 move storedpower\n>p2 switch 6\n>p1 move recover\n>p2 move icebeam\n>p1 move recover\n>p2 move spikes\n>p1 move bravebird\n>p2 move spikes\n>p1 move bravebird\n>p2 move spikes\n>p1 move bravebird\n>p2 move recover\n>p2 switch 3\n>p1 move sacredfire\n>p2 move bravebird\n>p2 switch 5\n>p1 move recover\n>p2 move knockoff\n>p1 switch 3\n>p1 move earthquake\n>p2 move knockoff\n>p1 move earthquake\n>p2 move knockoff", "uploadtime": 1733834668, "views": 14, "formatid": "gen9randombattle", "rating": 1182, "private": 0, "password": null}