{"id": "gen9randombattle-2260285270", "format": "[Gen 9] Random Battle", "players": ["Skksmwnwnwnnsndnd", "thias da 0 meia"], "log": "|j|\u2606Skksmwnwnwnnsndnd\n|j|\u2606thias da 0 meia\n|t:|1733835118\n|gametype|singles\n|player|p1|Skksmwnwnwnnsndnd|170|1042\n|player|p2|thias da 0 meia|102|1000\n|teamsize|p1|6\n|teamsize|p2|6\n|gen|9\n|tier|[Gen 9] Random Battle\n|rated|\n|rule|Species Clause: Limit one of each Pok\u00e9mon\n|rule|HP Percentage Mod: HP is shown in percentages\n|rule|Sleep Clause Mod: Limit one foe put to sleep\n|rule|Illusion Level Mod: Illusion disguises the Pok\u00e9mon's true level\n|\n|t:|1733835118\n|start\n|switch|p1a: Misdreavus|Misdreavus, L90, F|254/254\n|switch|p2a: Crawdaunt|Crawdaunt, L84, M|243/243\n|turn|1\n|inactive|Battle timer is ON: inactive players will automatically lose when time's up. (requested by Skksmwnwnwnnsndnd)\n|\n|t:|1733835156\n|-terastallize|p1a: Misdreavus|Fairy\n|move|p1a: Misdreavus|Will-O-Wisp|p2a: Crawdaunt\n|-status|p2a: Crawdaunt|brn\n|move|p2a: Crawdaunt|Knock Off|p1a: Misdreavus\n|-resisted|p1a: Misdreavus\n|-damage|p1a: Misdreavus|207/254\n|-enditem|p1a: Misdreavus|Eviolite|[from] move: Knock Off|[of] p2a: Crawdaunt\n|-damage|p2a: Crawdaunt|219/243 brn|[from] item: Life Orb\n|\n|-damage|p2a: Crawdaunt|204/243 brn|[from] brn\n|upkeep\n|turn|2\n|\n|t:|1733835171\n|move|p1a: Misdreavus|Calm Mind|p1a: Misdreavus\n|-boost|p1a: Misdreavus|spa|1\n|-boost|p1a: Misdreavus|spd|1\n|move|p2a: Crawdaunt|Dragon Dance|p2a: Crawdaunt\n|-boost|p2a: Crawdaunt|atk|1\n|-boost|p2a: Crawdaunt|spe|1\n|\n|-damage|p2a: Crawdaunt|189/243 brn|[from] brn\n|upkeep\n|turn|3\n|\n|t:|1733835183\n|move|p2a: Crawdaunt|Crabhammer|p1a: Misdreavus|[miss]\n|-miss|p2a: Crawdaunt|p1a: Misdreavus\n|move|p1a: Misdreavus|Draining Kiss|p2a: Crawdaunt\n|-supereffective|p2a: Crawdaunt\n|-damage|p2a: Crawdaunt|0 fnt\n|-heal|p1a: Misdreavus|254/254|[from] drain|[of] p2a: Crawdaunt\n|faint|p2a: Crawdaunt\n|\n|upkeep\n|\n|t:|1733835202\n|switch|p2a: Amoonguss|Amoonguss, L82, F|321/321\n|turn|4\n|\n|t:|1733835209\n|switch|p1a: Corviknight|Corviknight, L80, F|288/288\n|move|p2a: Amoonguss|Sludge Bomb|p1a: Corviknight\n|-immune|p1a: Corviknight\n|\n|upkeep\n|turn|5\n|inactive|thias da 0 meia has 120 seconds left.\n|\n|t:|1733835250\n|move|p1a: Corviknight|Brave Bird|p2a: Amoonguss\n|-supereffective|p2a: Amoonguss\n|-damage|p2a: Amoonguss|49/321\n|-damage|p1a: Corviknight|198/288|[from] Recoil\n|move|p2a: Amoonguss|Spore|p1a: Corviknight\n|-status|p1a: Corviknight|slp|[from] move: Spore\n|\n|-heal|p1a: Corviknight|216/288 slp|[from] item: Leftovers\n|-heal|p2a: Amoonguss|69/321|[from] item: Leftovers\n|upkeep\n|turn|6\n|\n|t:|1733835264\n|switch|p2a: Rhydon|Rhydon, L85, M|317/317\n|cant|p1a: Corviknight|slp\n|\n|-heal|p1a: Corviknight|234/288 slp|[from] item: Leftovers\n|upkeep\n|turn|7\n|\n|t:|1733835273\n|switch|p1a: Misdreavus|Misdreavus, L90, F, tera:Fairy|254/254\n|move|p2a: Rhydon|Stone Edge|p1a: Misdreavus\n|-damage|p1a: Misdreavus|80/254\n|\n|upkeep\n|turn|8\n|\n|t:|1733835280\n|move|p1a: Misdreavus|Will-O-Wisp|p2a: Rhydon\n|-status|p2a: Rhydon|brn\n|move|p2a: Rhydon|Stone Edge|p1a: Misdreavus\n|-damage|p1a: Misdreavus|0 fnt\n|faint|p1a: Misdreavus\n|\n|-damage|p2a: Rhydon|298/317 brn|[from] brn\n|upkeep\n|\n|t:|1733835292\n|switch|p1a: Alcremie|Alcremie-Matcha-Cream, L90, F|263/263\n|turn|9\n|\n|t:|1733835297\n|move|p1a: Alcremie|Calm Mind|p1a: Alcremie\n|-boost|p1a: Alcremie|spa|1\n|-boost|p1a: Alcremie|spd|1\n|move|p2a: Rhydon|Stone Edge|p1a: Alcremie\n|-damage|p1a: Alcremie|194/263\n|\n|-heal|p1a: Alcremie|210/263|[from] item: Leftovers\n|-damage|p2a: Rhydon|279/317 brn|[from] brn\n|upkeep\n|turn|10\n|\n|t:|1733835305\n|move|p1a: Alcremie|Alluring Voice|p2a: Rhydon\n|-damage|p2a: Rhydon|123/317 brn\n|move|p2a: Rhydon|Stealth Rock|p1a: Alcremie\n|-sidestart|p1: Skksmwnwnwnnsndnd|move: Stealth Rock\n|\n|-heal|p1a: Alcremie|226/263|[from] item: Leftovers\n|-damage|p2a: Rhydon|104/317 brn|[from] brn\n|upkeep\n|turn|11\n|\n|t:|1733835311\n|move|p1a: Alcremie|Calm Mind|p1a: Alcremie\n|-boost|p1a: Alcremie|spa|1\n|-boost|p1a: Alcremie|spd|1\n|move|p2a: Rhydon|Earthquake|p1a: Alcremie\n|-damage|p1a: Alcremie|149/263\n|\n|-heal|p1a: Alcremie|165/263|[from] item: Leftovers\n|-damage|p2a: Rhydon|85/317 brn|[from] brn\n|upkeep\n|turn|12\n|\n|t:|1733835332\n|move|p1a: Alcremie|Calm Mind|p1a: Alcremie\n|-boost|p1a: Alcremie|spa|1\n|-boost|p1a: Alcremie|spd|1\n|move|p2a: Rhydon|Megahorn|p1a: Alcremie\n|-resisted|p1a: Alcremie\n|-damage|p1a: Alcremie|134/263\n|\n|-heal|p1a: Alcremie|150/263|[from] item: Leftovers\n|-damage|p2a: Rhydon|66/317 brn|[from] brn\n|upkeep\n|turn|13\n|\n|t:|1733835339\n|move|p1a: Alcremie|Recover|p1a: Alcremie\n|-heal|p1a: Alcremie|263/263\n|move|p2a: Rhydon|Megahorn|p1a: Alcremie\n|-resisted|p1a: Alcremie\n|-damage|p1a: Alcremie|235/263\n|\n|-heal|p1a: Alcremie|251/263|[from] item: Leftovers\n|-damage|p2a: Rhydon|47/317 brn|[from] brn\n|upkeep\n|turn|14\n|\n|t:|1733835345\n|move|p1a: Alcremie|Alluring Voice|p2a: Rhydon\n|-damage|p2a: Rhydon|0 fnt\n|faint|p2a: Rhydon\n|\n|-heal|p1a: Alcremie|263/263|[from] item: Leftovers\n|upkeep\n|\n|t:|1733835356\n|switch|p2a: Amoonguss|Amoonguss, L82, F|176/321\n|turn|15\n|\n|t:|1733835360\n|move|p1a: Alcremie|Psychic|p2a: Amoonguss\n|-supereffective|p2a: Amoonguss\n|-damage|p2a: Amoonguss|0 fnt\n|faint|p2a: Amoonguss\n|\n|upkeep\n|\n|t:|1733835370\n|switch|p2a: Feraligatr|Feraligatr, L79, F|264/264\n|turn|16\n|\n|t:|1733835377\n|move|p2a: Feraligatr|Dragon Dance|p2a: Feraligatr\n|-boost|p2a: Feraligatr|atk|1\n|-boost|p2a: Feraligatr|spe|1\n|move|p1a: Alcremie|Alluring Voice|p2a: Feraligatr\n|-damage|p2a: Feraligatr|0 fnt\n|faint|p2a: Feraligatr\n|\n|upkeep\n|\n|t:|1733835388\n|switch|p2a: Granbull|Granbull, L88, M|302/302\n|-ability|p2a: Granbull|Intimidate|boost\n|-unboost|p1a: Alcremie|atk|1\n|turn|17\n|inactive|thias da 0 meia has 120 seconds left.\n|\n|t:|1733835421\n|move|p1a: Alcremie|Alluring Voice|p2a: Granbull\n|-damage|p2a: Granbull|0 fnt\n|faint|p2a: Granbull\n|\n|upkeep\n|\n|t:|1733835426\n|switch|p2a: Ursaring|Ursaring, L84, F|288/288\n|turn|18\n|\n|t:|1733835435\n|move|p1a: Alcremie|Alluring Voice|p2a: Ursaring\n|-damage|p2a: Ursaring|0 fnt\n|faint|p2a: Ursaring\n|\n|win|Skksmwnwnwnnsndnd\n|raw|Skksmwnwnwnnsndnd's rating: 1042 &rarr; <strong>1072</strong><br />(+30 for winning)\n|raw|thias da 0 meia's rating: 1000 &rarr; <strong>1000</strong><br />(+0 for losing)\n|l|\u2606thias da 0 meia\n|player|p2|\n", "inputlog": ">version bfd83cad13791eb5a5a409923076391caf6fb4d4\n>start {\"formatid\":\"gen9randombattle\",\"seed\":[23448,43168,53274,25418],\"rated\":\"Rated battle\"}\n>player p1 {\"name\":\"Skksmwnwnwnnsndnd\",\"avatar\":\"170\",\"rating\":1042,\"seed\":[21594,26063,1502,46568]}\n>player p2 {\"name\":\"thias da 0 meia\",\"avatar\":\"102\",\"rating\":1000,\"seed\":[19962,30106,15322,40559]}\n>p1 move willowisp terastallize\n>p2 move knockoff\n>p1 move calmmind\n>p2 move dragondance\n>p1 move drainingkiss\n>p2 move crabhammer\n>p2 switch 4\n>p1 switch 2\n>p2 move sludgebomb\n>p1 move bravebird\n>p2 move spore\n>p1 move bravebird\n>p2 switch 5\n>p1 switch 2\n>p2 move stoneedge\n>p1 move willowisp\n>p2 move stoneedge\n>p1 switch 5\n>p1 move calmmind\n>p2 move stoneedge\n>p1 move alluringvoice\n>p2 move stealthrock\n>p1 move calmmind\n>p2 move earthquake\n>p1 move calmmind\n>p2 move megahorn\n>p1 move recover\n>p2 move megahorn\n>p1 move alluringvoice\n>p2 move stoneedge\n>p2 switch 5\n>p1 move psychic\n>p2 move spore\n>p2 switch 3\n>p1 move alluringvoice\n>p2 move dragondance\n>p2 switch 2\n>p1 move alluringvoice\n>p2 move earthquake\n>p2 switch 6\n>p1 move alluringvoice\n>p2 move facade", "uploadtime": 1733835437, "views": 3, "formatid": "gen9randombattle", "rating": 1000, "private": 0, "password": null}