{"id": "gen9randombattle-2260301225", "format": "[Gen 9] Random Battle", "players": ["psychoplasm", "MarkusAurel"], "log": "|j|\u2606psychoplasm\n|j|\u2606MarkusAurel\n|t:|1733837229\n|gametype|singles\n|player|p1|psychoplasm|1|1706\n|player|p2|MarkusAurel|169|1669\n|teamsize|p1|6\n|teamsize|p2|6\n|gen|9\n|tier|[Gen 9] Random Battle\n|rated|\n|rule|Species Clause: Limit one of each Pok\u00e9mon\n|rule|HP Percentage Mod: HP is shown in percentages\n|rule|Sleep Clause Mod: Limit one foe put to sleep\n|rule|Illusion Level Mod: Illusion disguises the Pok\u00e9mon's true level\n|\n|t:|1733837229\n|start\n|switch|p1a: Gardevoir|Gardevoir, L83, M|249/249\n|switch|p2a: Seviper|Seviper, L93, M|287/287\n|-ability|p1a: Gardevoir|Infiltrator|[from] ability: Trace|[of] p2a: Seviper\n|turn|1\n|inactive|Battle timer is ON: inactive players will automatically lose when time's up. (requested by MarkusAurel)\n|\n|t:|1733837236\n|switch|p2a: Chi-Yu|Chi-Yu, L77|211/211\n|-ability|p2a: Chi-Yu|Beads of Ruin\n|move|p1a: Gardevoir|Psyshock|p2a: Chi-Yu\n|-immune|p2a: Chi-Yu\n|\n|upkeep\n|turn|2\n|\n|t:|1733837250\n|switch|p1a: Suicune|Suicune, L82|298/298\n|-ability|p1a: Suicune|Pressure\n|move|p2a: Chi-Yu|Dark Pulse|p1a: Suicune\n|-damage|p1a: Suicune|151/298\n|\n|-heal|p1a: Suicune|169/298|[from] item: Leftovers\n|upkeep\n|turn|3\n|\n|t:|1733837259\n|switch|p2a: Luxray|Luxray, L88, M|283/283\n|move|p1a: Suicune|Scald|p2a: Luxray\n|-damage|p2a: Luxray|210/283\n|\n|-heal|p1a: Suicune|187/298|[from] item: Leftovers\n|-status|p2a: Luxray|brn|[from] item: Flame Orb\n|upkeep\n|turn|4\n|\n|t:|1733837276\n|switch|p1a: Tinkaton|Tinkaton, L82, F|274/274\n|-ability|p1a: Tinkaton|Mold Breaker\n|move|p2a: Luxray|Facade|p1a: Tinkaton\n|-resisted|p1a: Tinkaton\n|-damage|p1a: Tinkaton|173/274\n|\n|-heal|p1a: Tinkaton|190/274|[from] item: Leftovers\n|-damage|p2a: Luxray|193/283 brn|[from] brn\n|upkeep\n|turn|5\n|\n|t:|1733837286\n|switch|p2a: Pelipper|Pelipper, L86, F|243/243\n|-weather|RainDance|[from] ability: Drizzle|[of] p2a: Pelipper\n|move|p1a: Tinkaton|Knock Off|p2a: Pelipper\n|-damage|p2a: Pelipper|198/243\n|-enditem|p2a: Pelipper|Heavy-Duty Boots|[from] move: Knock Off|[of] p1a: Tinkaton\n|\n|-weather|RainDance|[upkeep]\n|-heal|p1a: Tinkaton|207/274|[from] item: Leftovers\n|upkeep\n|turn|6\n|\n|t:|1733837300\n|move|p1a: Tinkaton|Thunder Wave|p2a: Pelipper\n|-status|p2a: Pelipper|par\n|cant|p2a: Pelipper|par\n|\n|-weather|RainDance|[upkeep]\n|-heal|p1a: Tinkaton|224/274|[from] item: Leftovers\n|upkeep\n|turn|7\n|\n|t:|1733837303\n|move|p1a: Tinkaton|Play Rough|p2a: Pelipper\n|-damage|p2a: Pelipper|131/243 par\n|move|p2a: Pelipper|Hydro Pump|p1a: Tinkaton\n|-damage|p1a: Tinkaton|62/274\n|\n|-weather|RainDance|[upkeep]\n|-heal|p1a: Tinkaton|79/274|[from] item: Leftovers\n|upkeep\n|turn|8\n|\n|t:|1733837310\n|move|p1a: Tinkaton|Play Rough|p2a: Pelipper\n|-damage|p2a: Pelipper|58/243 par\n|cant|p2a: Pelipper|par\n|\n|-weather|RainDance|[upkeep]\n|-heal|p1a: Tinkaton|96/274|[from] item: Leftovers\n|upkeep\n|turn|9\n|c|\u2606MarkusAurel|Love it\n|\n|t:|1733837320\n|move|p1a: Tinkaton|Play Rough|p2a: Pelipper\n|-damage|p2a: Pelipper|0 fnt\n|faint|p2a: Pelipper\n|\n|-weather|none\n|-heal|p1a: Tinkaton|113/274|[from] item: Leftovers\n|upkeep\n|c|\u2606psychoplasm|Yup\n|\n|t:|1733837323\n|switch|p2a: Chi-Yu|Chi-Yu, L77|211/211\n|-ability|p2a: Chi-Yu|Beads of Ruin\n|turn|10\n|\n|t:|1733837330\n|move|p1a: Tinkaton|Knock Off|p2a: Chi-Yu\n|-resisted|p2a: Chi-Yu\n|-damage|p2a: Chi-Yu|183/211\n|-enditem|p2a: Chi-Yu|Choice Specs|[from] move: Knock Off|[of] p1a: Tinkaton\n|move|p2a: Chi-Yu|Flamethrower|p1a: Tinkaton\n|-supereffective|p1a: Tinkaton\n|-damage|p1a: Tinkaton|0 fnt\n|faint|p1a: Tinkaton\n|\n|upkeep\n|\n|t:|1733837339\n|switch|p1a: Appletun|Appletun, L92, F|352/352\n|turn|11\n|\n|t:|1733837344\n|switch|p2a: Seviper|Seviper, L93, M|287/287\n|move|p1a: Appletun|Leech Seed|p2a: Seviper|[miss]\n|-miss|p1a: Appletun|p2a: Seviper\n|\n|upkeep\n|turn|12\n|c|\u2606psychoplasm|Ah theres the compensation\n|\n|t:|1733837365\n|switch|p1a: Ho-Oh|Ho-Oh, L71|268/268\n|move|p2a: Seviper|Swords Dance|p2a: Seviper\n|-boost|p2a: Seviper|atk|2\n|\n|upkeep\n|turn|13\n|inactive|psychoplasm has 120 seconds left.\n|\n|t:|1733837403\n|-terastallize|p1a: Ho-Oh|Steel\n|move|p2a: Seviper|Gunk Shot|p1a: Ho-Oh\n|-immune|p1a: Ho-Oh\n|move|p1a: Ho-Oh|Earthquake|p2a: Seviper\n|-supereffective|p2a: Seviper\n|-damage|p2a: Seviper|139/287\n|\n|-heal|p2a: Seviper|156/287|[from] item: Leftovers\n|upkeep\n|turn|14\n|inactive|MarkusAurel has 120 seconds left.\n|\n|t:|1733837418\n|move|p2a: Seviper|Earthquake|p1a: Ho-Oh\n|-supereffective|p1a: Ho-Oh\n|-damage|p1a: Ho-Oh|0 fnt\n|faint|p1a: Ho-Oh\n|\n|-heal|p2a: Seviper|173/287|[from] item: Leftovers\n|upkeep\n|\n|t:|1733837425\n|switch|p1a: Gardevoir|Gardevoir, L83, M|249/249\n|-ability|p1a: Gardevoir|Infiltrator|[from] ability: Trace|[of] p2a: Seviper\n|turn|15\n|inactive|psychoplasm has 120 seconds left.\n|\n|t:|1733837447\n|switch|p2a: Chi-Yu|Chi-Yu, L77|183/211\n|-ability|p2a: Chi-Yu|Beads of Ruin\n|move|p1a: Gardevoir|Psyshock|p2a: Chi-Yu\n|-immune|p2a: Chi-Yu\n|\n|upkeep\n|turn|16\n|\n|t:|1733837451\n|switch|p1a: Appletun|Appletun, L92, F|352/352\n|move|p2a: Chi-Yu|Dark Pulse|p1a: Appletun\n|-damage|p1a: Appletun|238/352\n|\n|-heal|p1a: Appletun|260/352|[from] item: Leftovers\n|upkeep\n|turn|17\n|\n|t:|1733837457\n|switch|p2a: Seviper|Seviper, L93, M|173/287\n|move|p1a: Appletun|Leech Seed|p2a: Seviper|[miss]\n|-miss|p1a: Appletun|p2a: Seviper\n|\n|-heal|p2a: Seviper|190/287|[from] item: Leftovers\n|-heal|p1a: Appletun|282/352|[from] item: Leftovers\n|upkeep\n|turn|18\n|c|\u2606MarkusAurel|Lol true\n|c|\u2606psychoplasm|Lmao\n|\n|t:|1733837477\n|switch|p1a: Regigigas|Regigigas, L84|322/322\n|-start|p1a: Regigigas|ability: Slow Start\n|move|p2a: Seviper|Gunk Shot|p1a: Regigigas\n|-damage|p1a: Regigigas|195/322\n|-status|p1a: Regigigas|psn\n|\n|-heal|p2a: Seviper|207/287|[from] item: Leftovers\n|-heal|p1a: Regigigas|215/322 psn|[from] item: Leftovers\n|-damage|p1a: Regigigas|175/322 psn|[from] psn\n|upkeep\n|turn|19\n|\n|t:|1733837484\n|switch|p2a: Luxray|Luxray, L88, M|193/283 brn\n|move|p1a: Regigigas|Body Slam|p2a: Luxray\n|-damage|p2a: Luxray|120/283 brn\n|\n|-heal|p1a: Regigigas|195/322 psn|[from] item: Leftovers\n|-damage|p1a: Regigigas|155/322 psn|[from] psn\n|-damage|p2a: Luxray|103/283 brn|[from] brn\n|upkeep\n|turn|20\n|\n|t:|1733837490\n|move|p2a: Luxray|Supercell Slam|p1a: Regigigas\n|-damage|p1a: Regigigas|0 fnt\n|faint|p1a: Regigigas\n|-end|p1a: Regigigas|Slow Start|[silent]\n|\n|-damage|p2a: Luxray|86/283 brn|[from] brn\n|upkeep\n|\n|t:|1733837499\n|switch|p1a: Gardevoir|Gardevoir, L83, M|249/249\n|-ability|p1a: Gardevoir|Guts|[from] ability: Trace|[of] p2a: Luxray\n|turn|21\n|\n|t:|1733837505\n|move|p1a: Gardevoir|Moonblast|p2a: Luxray\n|-damage|p2a: Luxray|0 fnt\n|faint|p2a: Luxray\n|\n|upkeep\n|\n|t:|1733837511\n|switch|p2a: Seviper|Seviper, L93, M|207/287\n|turn|22\n|\n|t:|1733837518\n|switch|p1a: Suicune|Suicune, L82|187/298\n|-ability|p1a: Suicune|Pressure\n|move|p2a: Seviper|Trailblaze|p1a: Suicune\n|-supereffective|p1a: Suicune\n|-damage|p1a: Suicune|119/298\n|-boost|p2a: Seviper|spe|1\n|\n|-heal|p2a: Seviper|224/287|[from] item: Leftovers\n|-heal|p1a: Suicune|137/298|[from] item: Leftovers\n|upkeep\n|turn|23\n|\n|t:|1733837522\n|move|p2a: Seviper|Gunk Shot|p1a: Suicune|[miss]\n|-miss|p2a: Seviper|p1a: Suicune\n|move|p1a: Suicune|Scald|p2a: Seviper\n|-damage|p2a: Seviper|125/287\n|-status|p2a: Seviper|brn\n|\n|-heal|p2a: Seviper|142/287 brn|[from] item: Leftovers\n|-heal|p1a: Suicune|155/298|[from] item: Leftovers\n|-damage|p2a: Seviper|125/287 brn|[from] brn\n|upkeep\n|turn|24\n|c|\u2606psychoplasm|Lol\n|c|\u2606MarkusAurel|Pff\n|\n|t:|1733837535\n|move|p2a: Seviper|Gunk Shot|p1a: Suicune|[miss]\n|-miss|p2a: Seviper|p1a: Suicune\n|move|p1a: Suicune|Calm Mind|p1a: Suicune\n|-boost|p1a: Suicune|spa|1\n|-boost|p1a: Suicune|spd|1\n|\n|-heal|p2a: Seviper|142/287 brn|[from] item: Leftovers\n|-heal|p1a: Suicune|173/298|[from] item: Leftovers\n|-damage|p2a: Seviper|125/287 brn|[from] brn\n|upkeep\n|turn|25\n|\n|t:|1733837540\n|move|p2a: Seviper|Gunk Shot|p1a: Suicune\n|-damage|p1a: Suicune|103/298\n|move|p1a: Suicune|Scald|p2a: Seviper\n|-damage|p2a: Seviper|0 fnt\n|faint|p2a: Seviper\n|\n|-heal|p1a: Suicune|121/298|[from] item: Leftovers\n|upkeep\n|\n|t:|1733837545\n|switch|p2a: Zangoose|Zangoose, L85, F|263/263\n|turn|26\n|\n|t:|1733837547\n|move|p2a: Zangoose|Knock Off|p1a: Suicune\n|-damage|p1a: Suicune|49/298\n|-enditem|p1a: Suicune|Leftovers|[from] move: Knock Off|[of] p2a: Zangoose\n|move|p1a: Suicune|Scald|p2a: Zangoose\n|-damage|p2a: Zangoose|109/263\n|-status|p2a: Zangoose|brn\n|\n|-damage|p2a: Zangoose|93/263 brn|[from] brn\n|upkeep\n|turn|27\n|c|\u2606psychoplasm|LETS GOO\n|\n|t:|1733837562\n|move|p2a: Zangoose|Facade|p1a: Suicune\n|-damage|p1a: Suicune|0 fnt\n|faint|p1a: Suicune\n|\n|-damage|p2a: Zangoose|77/263 brn|[from] brn\n|upkeep\n|\n|t:|1733837569\n|switch|p1a: Gardevoir|Gardevoir, L83, M|249/249\n|-ability|p1a: Gardevoir|Toxic Boost|[from] ability: Trace|[of] p2a: Zangoose\n|turn|28\n|c|\u2606MarkusAurel|The toxic boost crying\n|\n|t:|1733837578\n|move|p1a: Gardevoir|Moonblast|p2a: Zangoose\n|-damage|p2a: Zangoose|0 fnt\n|faint|p2a: Zangoose\n|\n|upkeep\n|\n|t:|1733837582\n|switch|p2a: Chi-Yu|Chi-Yu, L77|183/211\n|-ability|p2a: Chi-Yu|Beads of Ruin\n|turn|29\n|\n|t:|1733837584\n|-terastallize|p2a: Chi-Yu|Fire\n|move|p1a: Gardevoir|Moonblast|p2a: Chi-Yu\n|-resisted|p2a: Chi-Yu\n|-damage|p2a: Chi-Yu|132/211\n|-unboost|p2a: Chi-Yu|spa|1\n|move|p2a: Chi-Yu|Flamethrower|p1a: Gardevoir\n|-damage|p1a: Gardevoir|151/249\n|\n|upkeep\n|turn|30\n|c|\u2606psychoplasm|-spatk to rub salt in the wound lmao\n|\n|t:|1733837603\n|switch|p1a: Appletun|Appletun, L92, F|282/352\n|move|p2a: Chi-Yu|Flamethrower|p1a: Appletun\n|-damage|p1a: Appletun|226/352\n|\n|-heal|p1a: Appletun|248/352|[from] item: Leftovers\n|upkeep\n|turn|31\n|c|\u2606psychoplasm|LOL\n|\n|t:|1733837612\n|switch|p2a: Zamazenta|Zamazenta, L71|248/248\n|-ability|p2a: Zamazenta|Dauntless Shield|boost\n|-boost|p2a: Zamazenta|def|1\n|move|p1a: Appletun|Leech Seed|p2a: Zamazenta|[miss]\n|-miss|p1a: Appletun|p2a: Zamazenta\n|\n|-heal|p1a: Appletun|270/352|[from] item: Leftovers\n|upkeep\n|turn|32\n|c|\u2606MarkusAurel|No plants today\n|c|\u2606psychoplasm|Bro what is going on with leech\n|\n|t:|1733837625\n|move|p2a: Zamazenta|Iron Defense|p2a: Zamazenta\n|-boost|p2a: Zamazenta|def|2\n|move|p1a: Appletun|Leech Seed|p2a: Zamazenta\n|-start|p2a: Zamazenta|move: Leech Seed\n|\n|-heal|p1a: Appletun|292/352|[from] item: Leftovers\n|-damage|p2a: Zamazenta|217/248|[from] Leech Seed|[of] p1a: Appletun\n|-heal|p1a: Appletun|323/352|[silent]\n|upkeep\n|turn|33\n|\n|t:|1733837631\n|move|p2a: Zamazenta|Body Press|p1a: Appletun\n|-damage|p1a: Appletun|149/352\n|move|p1a: Appletun|Apple Acid|p2a: Zamazenta\n|-damage|p2a: Zamazenta|124/248\n|-unboost|p2a: Zamazenta|spd|1\n|\n|-heal|p1a: Appletun|171/352|[from] item: Leftovers\n|-damage|p2a: Zamazenta|93/248|[from] Leech Seed|[of] p1a: Appletun\n|-heal|p1a: Appletun|202/352|[silent]\n|upkeep\n|turn|34\n|\n|t:|1733837637\n|move|p2a: Zamazenta|Body Press|p1a: Appletun\n|-damage|p1a: Appletun|42/352\n|move|p1a: Appletun|Apple Acid|p2a: Zamazenta\n|-damage|p2a: Zamazenta|0 fnt\n|faint|p2a: Zamazenta\n|\n|-heal|p1a: Appletun|64/352|[from] item: Leftovers\n|upkeep\n|\n|t:|1733837641\n|switch|p2a: Chi-Yu|Chi-Yu, L77, tera:Fire|132/211\n|-ability|p2a: Chi-Yu|Beads of Ruin\n|turn|35\n|\n|t:|1733837645\n|move|p2a: Chi-Yu|Dark Pulse|p1a: Appletun\n|-damage|p1a: Appletun|0 fnt\n|faint|p1a: Appletun\n|\n|upkeep\n|\n|t:|1733837646\n|switch|p1a: Gardevoir|Gardevoir, L83, M|151/249\n|-ability|p1a: Gardevoir|Beads of Ruin\n|-ability|p1a: Gardevoir|Beads of Ruin|[from] ability: Trace|[of] p2a: Chi-Yu\n|turn|36\n|c|\u2606psychoplasm|Gg\n|\n|t:|1733837654\n|move|p1a: Gardevoir|Psyshock|p2a: Chi-Yu\n|-damage|p2a: Chi-Yu|20/211\n|move|p2a: Chi-Yu|Overheat|p1a: Gardevoir\n|-damage|p1a: Gardevoir|0 fnt\n|-unboost|p2a: Chi-Yu|spa|2\n|faint|p1a: Gardevoir\n|\n|win|MarkusAurel\n|raw|psychoplasm's rating: 1722 &rarr; <strong>1699</strong><br />(-23 for losing)\n|raw|MarkusAurel's rating: 1669 &rarr; <strong>1692</strong><br />(+23 for winning)\n|c|\u2606MarkusAurel|Gg\n|c|\u2606MarkusAurel|Weird match\n|c|\u2606psychoplasm|What a game\n", "inputlog": ">version bfd83cad13791eb5a5a409923076391caf6fb4d4\n>start {\"formatid\":\"gen9randombattle\",\"seed\":[53622,60253,139,46759],\"rated\":\"Rated battle\"}\n>player p1 {\"name\":\"psychoplasm\",\"avatar\":\"1\",\"rating\":1706,\"seed\":[22583,54963,34521,10204]}\n>player p2 {\"name\":\"MarkusAurel\",\"avatar\":\"169\",\"rating\":1669,\"seed\":[18260,6724,58318,57452]}\n>p1 move psyshock\n>p2 switch 6\n>p1 switch 3\n>p2 move darkpulse\n>p1 move scald\n>p2 switch 2\n>p1 switch 5\n>p2 move facade\n>p1 move knockoff\n>p2 switch 5\n>p1 move thunderwave\n>p2 move hydropump\n>p1 move playrough\n>p2 move hydropump\n>p1 move playrough\n>p2 move hydropump\n>chat \u2606MarkusAurel|Love it\n>p1 move playrough\n>p2 move hydropump\n>chat \u2606psychoplasm|Yup\n>p2 switch 2\n>p1 move knockoff\n>p2 move flamethrower\n>p1 switch 2\n>p1 move leechseed\n>p2 switch 6\n>chat \u2606psychoplasm|Ah theres the compensation\n>p1 switch 6\n>p2 move swordsdance\n>p1 move earthquake terastallize\n>p2 move gunkshot\n>p1 move earthquake\n>p2 move earthquake\n>p1 switch 3\n>p1 move psyshock\n>p2 switch 6\n>p1 switch 6\n>p2 move darkpulse\n>p1 move leechseed\n>p2 switch 6\n>chat \u2606MarkusAurel|Lol true \n>chat \u2606psychoplasm|Lmao\n>p1 switch 4\n>p2 move gunkshot\n>p1 move bodyslam\n>p2 switch 5\n>p1 move bodyslam\n>p2 move supercellslam\n>p1 switch 6\n>p1 move moonblast\n>p2 move facade\n>p2 switch 5\n>p1 switch 5\n>p2 move trailblaze\n>p1 move scald\n>p2 move gunkshot\n>chat \u2606psychoplasm|Lol\n>chat \u2606MarkusAurel|Pff \n>p1 move calmmind\n>p2 move gunkshot\n>p1 move scald\n>p2 move gunkshot\n>p2 switch 4\n>p1 move scald\n>p2 move knockoff\n>chat \u2606psychoplasm|LETS GOO\n>p1 move scald\n>p2 move facade\n>p1 switch 5\n>chat \u2606MarkusAurel|The toxic boost crying \n>p1 move moonblast\n>p2 move facade\n>p2 switch 6\n>p1 move moonblast\n>p2 move flamethrower terastallize\n>chat \u2606psychoplasm|-spatk to rub salt in the wound lmao\n>p1 switch 4\n>p2 move flamethrower\n>chat \u2606psychoplasm|LOL\n>p1 move leechseed\n>p2 switch 3\n>chat \u2606MarkusAurel|No plants today\n>chat \u2606psychoplasm|Bro what is going on with leech\n>p1 move leechseed\n>p2 move irondefense\n>p1 move appleacid\n>p2 move bodypress\n>p1 move appleacid\n>p2 move bodypress\n>p2 switch 3\n>p1 move dragonpulse\n>p2 move darkpulse\n>p1 switch 4\n>chat \u2606psychoplasm|Gg\n>p1 move psyshock\n>p2 move overheat", "uploadtime": 1733837666, "views": 12, "formatid": "gen9randombattle", "rating": 1692, "private": 0, "password": null}