{"id": "gen9randombattle-2202035345", "format": "[Gen 9] Random Battle", "players": ["Marrickchill", "RBLT Fantsy1"], "log": "|badge|p1|bronze|gen9randombattle|100-2\n|uhtml|medal-msg|<div class=\"broadcast-blue\">Curious what those medals under the avatar are? PS now has Ladder Seasons! For more information, check out the <a href=\"https://www.smogon.com/forums/threads/3740067/\">thread on Smogon.</a></div>\n|badge|p2|bronze|gen9randombattle|100-2\n|uhtml|medal-msg|<div class=\"broadcast-blue\">Curious what those medals under the avatar are? PS now has Ladder Seasons! For more information, check out the <a href=\"https://www.smogon.com/forums/threads/3740067/\">thread on Smogon.</a></div>\n|j|\u2606Marrickchill\n|j|\u2606RBLT Fantsy1\n|t:|1726393427\n|gametype|singles\n|player|p1|Marrickchill|2|2389\n|player|p2|RBLT Fantsy1|bugcatcher-gen4dp|2411\n|teamsize|p1|6\n|teamsize|p2|6\n|gen|9\n|tier|[Gen 9] Random Battle\n|rated|\n|rule|Species Clause: Limit one of each Pok\u00e9mon\n|rule|HP Percentage Mod: HP is shown in percentages\n|rule|Sleep Clause Mod: Limit one foe put to sleep\n|rule|Illusion Level Mod: Illusion disguises the Pok\u00e9mon's true level\n|\n|t:|1726393427\n|start\n|switch|p1a: Masquerain|Masquerain, L87, F|264/264\n|switch|p2a: Blissey|Blissey, L84, F|566/566\n|-ability|p1a: Masquerain|Intimidate|boost\n|-unboost|p2a: Blissey|atk|1\n|turn|1\n|inactive|Battle timer is ON: inactive players will automatically lose when time's up. (requested by RBLT Fantsy1)\n|\n|t:|1726393439\n|move|p1a: Masquerain|Sticky Web|p2a: Blissey\n|-sidestart|p2: RBLT Fantsy1|move: Sticky Web\n|move|p2a: Blissey|Stealth Rock|p1a: Masquerain\n|-sidestart|p1: Marrickchill|move: Stealth Rock\n|\n|upkeep\n|turn|2\n|\n|t:|1726393445\n|switch|p1a: Rhyperior|Rhyperior, L82, M|323/323\n|-damage|p1a: Rhyperior|303/323|[from] Stealth Rock\n|move|p2a: Blissey|Thunder Wave|p1a: Rhyperior\n|-immune|p1a: Rhyperior\n|\n|upkeep\n|turn|3\n|\n|t:|1726393457\n|switch|p2a: Bronzong|Bronzong, L88|261/261\n|move|p1a: Rhyperior|Dragon Tail|p2a: Bronzong\n|-resisted|p2a: Bronzong\n|-damage|p2a: Bronzong|238/261\n|drag|p2a: Sableye|Sableye, L90, F|236/236\n|-activate|p2a: Sableye|move: Sticky Web\n|-unboost|p2a: Sableye|spe|1\n|\n|upkeep\n|turn|4\n|j| Sugaaaa\n|j| RBLT Ilex\n|\n|t:|1726393468\n|switch|p1a: Sandaconda|Sandaconda, L84, M|258/258\n|-damage|p1a: Sandaconda|242/258|[from] Stealth Rock\n|move|p2a: Sableye|Will-O-Wisp|p1a: Sandaconda\n|-status|p1a: Sandaconda|brn\n|\n|-activate|p1a: Sandaconda|ability: Shed Skin\n|-curestatus|p1a: Sandaconda|brn|[msg]\n|-heal|p1a: Sandaconda|258/258|[from] item: Leftovers\n|upkeep\n|turn|5\n|\n|t:|1726393480\n|move|p2a: Sableye|Taunt|p1a: Sandaconda\n|-start|p1a: Sandaconda|move: Taunt\n|cant|p1a: Sandaconda|move: Taunt|Glare\n|\n|upkeep\n|turn|6\n|\n|t:|1726393500\n|switch|p2a: Bronzong|Bronzong, L88|238/261\n|move|p1a: Sandaconda|Earthquake|p2a: Bronzong\n|-immune|p2a: Bronzong|[from] ability: Levitate\n|\n|-heal|p2a: Bronzong|254/261|[from] item: Leftovers\n|upkeep\n|turn|7\n|\n|t:|1726393507\n|move|p1a: Sandaconda|Earthquake|p2a: Bronzong\n|-immune|p2a: Bronzong|[from] ability: Levitate\n|move|p2a: Bronzong|Iron Defense|p2a: Bronzong\n|-boost|p2a: Bronzong|def|2\n|\n|-heal|p2a: Bronzong|261/261|[from] item: Leftovers\n|-end|p1a: Sandaconda|move: Taunt\n|upkeep\n|turn|8\n|\n|t:|1726393515\n|move|p1a: Sandaconda|Glare|p2a: Bronzong\n|-status|p2a: Bronzong|par\n|cant|p2a: Bronzong|par\n|\n|upkeep\n|turn|9\n|\n|t:|1726393520\n|move|p1a: Sandaconda|Stealth Rock|p2a: Bronzong\n|-sidestart|p2: RBLT Fantsy1|move: Stealth Rock\n|move|p2a: Bronzong|Psychic Noise|p1a: Sandaconda\n|-damage|p1a: Sandaconda|173/258\n|-start|p1a: Sandaconda|move: Heal Block\n|\n|upkeep\n|turn|10\n|l| Sugaaaa\n|\n|t:|1726393529\n|switch|p1a: Vikavolt|Vikavolt, L83, F|263/263\n|-damage|p1a: Vikavolt|198/263|[from] Stealth Rock\n|cant|p2a: Bronzong|par\n|\n|upkeep\n|turn|11\n|\n|t:|1726393540\n|switch|p2a: Blissey|Blissey, L84, F|566/566\n|-activate|p2a: Blissey|move: Sticky Web\n|-unboost|p2a: Blissey|spe|1\n|-damage|p2a: Blissey|496/566|[from] Stealth Rock\n|move|p1a: Vikavolt|Volt Switch|p2a: Blissey\n|-damage|p2a: Blissey|385/566\n|\n|t:|1726393553\n|switch|p1a: Greedent|Greedent, L86, M|347/347|[from] Volt Switch\n|-damage|p1a: Greedent|304/347|[from] Stealth Rock\n|\n|-heal|p2a: Blissey|420/566|[from] item: Leftovers\n|upkeep\n|turn|12\n|\n|t:|1726393575\n|switch|p2a: Corviknight|Corviknight, L80, F|288/288\n|-damage|p2a: Corviknight|252/288|[from] Stealth Rock\n|-ability|p2a: Corviknight|Pressure\n|move|p1a: Greedent|Knock Off|p2a: Corviknight\n|-damage|p2a: Corviknight|181/288\n|-enditem|p2a: Corviknight|Leftovers|[from] move: Knock Off|[of] p1a: Greedent\n|\n|upkeep\n|turn|13\n|\n|t:|1726393585\n|switch|p1a: Vikavolt|Vikavolt, L83, F|198/263\n|-damage|p1a: Vikavolt|133/263|[from] Stealth Rock\n|move|p2a: Corviknight|U-turn|p1a: Vikavolt\n|-damage|p1a: Vikavolt|92/263\n|\n|t:|1726393598\n|switch|p2a: Blissey|Blissey, L84, F|420/566|[from] U-turn\n|-activate|p2a: Blissey|move: Sticky Web\n|-unboost|p2a: Blissey|spe|1\n|-damage|p2a: Blissey|350/566|[from] Stealth Rock\n|\n|-heal|p2a: Blissey|385/566|[from] item: Leftovers\n|upkeep\n|turn|14\n|\n|t:|1726393607\n|move|p1a: Vikavolt|Volt Switch|p2a: Blissey\n|-damage|p2a: Blissey|283/566\n|\n|t:|1726393611\n|switch|p1a: Rhyperior|Rhyperior, L82, M|303/323|[from] Volt Switch\n|-damage|p1a: Rhyperior|283/323|[from] Stealth Rock\n|move|p2a: Blissey|Soft-Boiled|p2a: Blissey\n|-heal|p2a: Blissey|566/566\n|\n|upkeep\n|turn|15\n|\n|t:|1726393618\n|switch|p2a: Bronzong|Bronzong, L88|261/261 par\n|-damage|p2a: Bronzong|245/261 par|[from] Stealth Rock\n|move|p1a: Rhyperior|Dragon Tail|p2a: Bronzong\n|-resisted|p2a: Bronzong\n|-damage|p2a: Bronzong|223/261 par\n|drag|p2a: Sableye|Sableye, L90, F|236/236\n|-activate|p2a: Sableye|move: Sticky Web\n|-unboost|p2a: Sableye|spe|1\n|-damage|p2a: Sableye|207/236|[from] Stealth Rock\n|\n|-heal|p2a: Sableye|221/236|[from] item: Leftovers\n|upkeep\n|turn|16\n|\n|t:|1726393636\n|switch|p1a: Vikavolt|Vikavolt, L83, F|92/263\n|-damage|p1a: Vikavolt|27/263|[from] Stealth Rock\n|move|p2a: Sableye|Will-O-Wisp|p1a: Vikavolt|[miss]\n|-miss|p2a: Sableye|p1a: Vikavolt\n|\n|-heal|p2a: Sableye|235/236|[from] item: Leftovers\n|upkeep\n|turn|17\n|\n|t:|1726393644\n|switch|p2a: Blissey|Blissey, L84, F|566/566\n|-activate|p2a: Blissey|move: Sticky Web\n|-unboost|p2a: Blissey|spe|1\n|-damage|p2a: Blissey|496/566|[from] Stealth Rock\n|move|p1a: Vikavolt|Discharge|p2a: Blissey\n|-damage|p2a: Blissey|375/566\n|-status|p2a: Blissey|par\n|\n|-heal|p2a: Blissey|410/566 par|[from] item: Leftovers\n|upkeep\n|turn|18\n|j| Detail Geek\n|\n|t:|1726393655\n|move|p1a: Vikavolt|Discharge|p2a: Blissey\n|-damage|p2a: Blissey|298/566 par\n|cant|p2a: Blissey|par\n|\n|-heal|p2a: Blissey|333/566 par|[from] item: Leftovers\n|upkeep\n|turn|19\n|\n|t:|1726393661\n|move|p1a: Vikavolt|Discharge|p2a: Blissey\n|-damage|p2a: Blissey|209/566 par\n|move|p2a: Blissey|Soft-Boiled|p2a: Blissey\n|-heal|p2a: Blissey|492/566 par\n|\n|-heal|p2a: Blissey|527/566 par|[from] item: Leftovers\n|upkeep\n|turn|20\n|\n|t:|1726393668\n|move|p1a: Vikavolt|Discharge|p2a: Blissey\n|-damage|p2a: Blissey|407/566 par\n|move|p2a: Blissey|Seismic Toss|p1a: Vikavolt\n|-damage|p1a: Vikavolt|0 fnt\n|faint|p1a: Vikavolt\n|\n|-heal|p2a: Blissey|442/566 par|[from] item: Leftovers\n|upkeep\n|j| Sugaaaa\n|\n|t:|1726393678\n|switch|p1a: Wyrdeer|Wyrdeer, L87, M|321/321\n|-damage|p1a: Wyrdeer|281/321|[from] Stealth Rock\n|-ability|p1a: Wyrdeer|Intimidate|boost\n|-unboost|p2a: Blissey|atk|1\n|turn|21\n|-message|Marrickchill forfeited.\n|\n|win|RBLT Fantsy1\n|raw|Marrickchill's rating: 2389 &rarr; <strong>2370</strong><br />(-19 for losing)\n|raw|RBLT Fantsy1's rating: 2411 &rarr; <strong>2430</strong><br />(+19 for winning)\n|l|\u2606Marrickchill\n|player|p1|\n|l| Detail Geek\n", "inputlog": ">version abcf08933808d3fb39dbc2b54a8665d830b47482\n>start {\"formatid\":\"gen9randombattle\",\"seed\":[20291,63409,11436,33093],\"rated\":\"Rated battle\"}\n>player p1 {\"name\":\"Marrickchill\",\"avatar\":\"2\",\"rating\":2389,\"seed\":[49772,34066,65333,12283]}\n>player p2 {\"name\":\"RBLT Fantsy1\",\"avatar\":\"bugcatcher-gen4dp\",\"rating\":2411,\"seed\":[45115,16624,46235,692]}\n>p1 move stickyweb\n>p2 move stealthrock\n>p1 switch 3\n>p2 move thunderwave\n>p1 move dragontail\n>p2 switch 5\n>p1 switch 2\n>p2 move willowisp\n>p1 move glare\n>p2 move taunt\n>p1 move earthquake\n>p2 switch 2\n>p1 move earthquake\n>p2 move irondefense\n>p1 move glare\n>p2 move bodypress\n>p1 move stealthrock\n>p2 move psychicnoise\n>p1 switch 5\n>p2 move irondefense\n>p1 move voltswitch\n>p2 switch 5\n>p1 switch 4\n>p1 move knockoff\n>p2 switch 4\n>p1 switch 4\n>p2 move uturn\n>p2 switch 4\n>p1 move voltswitch\n>p2 move softboiled\n>p1 switch 2\n>p1 move dragontail\n>p2 switch 5\n>p1 switch 2\n>p2 move willowisp\n>p1 move discharge\n>p2 switch 5\n>p1 move discharge\n>p2 move softboiled\n>p1 move discharge\n>p2 move softboiled\n>p1 move discharge\n>p2 move seismictoss\n>p1 switch 6\n>forcelose p1", "uploadtime": 1726393699, "views": 88, "formatid": "gen9randombattle", "rating": 2370, "private": 0, "password": null}