{"id": "gen9randombattle-2260691377", "format": "[Gen 9] Random Battle", "players": ["night guard1", "Micael Lopes"], "log": "|j|\u2606night guard1\n|j|\u2606Micael Lopes\n|t:|1733879013\n|gametype|singles\n|player|p1|night guard1|265|1860\n|player|p2|Micael Lopes|benga|1907\n|teamsize|p1|6\n|teamsize|p2|6\n|gen|9\n|tier|[Gen 9] Random Battle\n|rated|\n|rule|Species Clause: Limit one of each Pok\u00e9mon\n|rule|HP Percentage Mod: HP is shown in percentages\n|rule|Sleep Clause Mod: Limit one foe put to sleep\n|rule|Illusion Level Mod: Illusion disguises the Pok\u00e9mon's true level\n|\n|t:|1733879013\n|start\n|switch|p1a: Kingdra|Kingdra, L84, M|263/263\n|switch|p2a: Dunsparce|Dunsparce, L86, M|312/312\n|turn|1\n|inactive|Battle timer is ON: inactive players will automatically lose when time's up. (requested by Micael Lopes)\n|\n|t:|1733879043\n|move|p1a: Kingdra|Dragon Dance|p1a: Kingdra\n|-boost|p1a: Kingdra|atk|1\n|-boost|p1a: Kingdra|spe|1\n|move|p2a: Dunsparce|Body Slam|p1a: Kingdra\n|-damage|p1a: Kingdra|187/263\n|\n|upkeep\n|turn|2\n|\n|t:|1733879053\n|move|p1a: Kingdra|Iron Head|p2a: Dunsparce\n|-damage|p2a: Dunsparce|252/312\n|cant|p2a: Dunsparce|flinch\n|\n|upkeep\n|turn|3\n|inactive|Micael Lopes has 120 seconds left.\n|inactive|Micael Lopes has 90 seconds left.\n|\n|t:|1733879114\n|move|p1a: Kingdra|Dragon Dance|p1a: Kingdra\n|-boost|p1a: Kingdra|atk|1\n|-boost|p1a: Kingdra|spe|1\n|move|p2a: Dunsparce|Body Slam|p1a: Kingdra\n|-damage|p1a: Kingdra|120/263\n|\n|upkeep\n|turn|4\n|\n|t:|1733879120\n|move|p1a: Kingdra|Iron Head|p2a: Dunsparce\n|-damage|p2a: Dunsparce|167/312\n|move|p2a: Dunsparce|Body Slam|p1a: Kingdra\n|-damage|p1a: Kingdra|47/263\n|\n|upkeep\n|turn|5\n|\n|t:|1733879129\n|move|p1a: Kingdra|Outrage|p2a: Dunsparce\n|-damage|p2a: Dunsparce|0 fnt\n|faint|p2a: Dunsparce\n|\n|upkeep\n|\n|t:|1733879133\n|switch|p2a: Dedenne|Dedenne, L88, M|261/261\n|turn|6\n|\n|t:|1733879136\n|move|p1a: Kingdra|Outrage|p2a: Dedenne|[from]lockedmove\n|-immune|p2a: Dedenne\n|-start|p1a: Kingdra|confusion|[fatigue]\n|-enditem|p1a: Kingdra|Lum Berry|[eat]\n|-end|p1a: Kingdra|confusion\n|move|p2a: Dedenne|Dazzling Gleam|p1a: Kingdra\n|-supereffective|p1a: Kingdra\n|-damage|p1a: Kingdra|0 fnt\n|faint|p1a: Kingdra\n|\n|upkeep\n|\n|t:|1733879146\n|switch|p1a: Inteleon|Inteleon, L81, F|246/246\n|turn|7\n|inactive|Micael Lopes has 120 seconds left.\n|\n|t:|1733879163\n|move|p1a: Inteleon|U-turn|p2a: Dedenne\n|-resisted|p2a: Dedenne\n|-damage|p2a: Dedenne|233/261\n|\n|t:|1733879167\n|switch|p1a: Raichu|Raichu, L88, F|249/249|[from] U-turn\n|move|p2a: Dedenne|Nuzzle|p1a: Raichu\n|-ability|p1a: Raichu|Lightning Rod|boost\n|-boost|p1a: Raichu|spa|1\n|\n|upkeep\n|turn|8\n|\n|t:|1733879174\n|switch|p2a: Amoonguss|Amoonguss, L82, F|321/321\n|move|p1a: Raichu|Surf|p2a: Amoonguss\n|-resisted|p2a: Amoonguss\n|-damage|p2a: Amoonguss|243/321\n|\n|-heal|p2a: Amoonguss|263/321|[from] item: Leftovers\n|upkeep\n|turn|9\n|\n|t:|1733879183\n|switch|p1a: Exeggutor|Exeggutor-Alola, L89, F|314/314\n|-item|p2a: Amoonguss|Leftovers|[from] ability: Frisk|[of] p1a: Exeggutor\n|move|p2a: Amoonguss|Stomping Tantrum|p1a: Exeggutor\n|-resisted|p1a: Exeggutor\n|-damage|p1a: Exeggutor|294/314\n|\n|-heal|p2a: Amoonguss|283/321|[from] item: Leftovers\n|upkeep\n|turn|10\n|\n|t:|1733879190\n|move|p1a: Exeggutor|Flamethrower|p2a: Amoonguss\n|-supereffective|p2a: Amoonguss\n|-damage|p2a: Amoonguss|0 fnt\n|faint|p2a: Amoonguss\n|\n|upkeep\n|\n|t:|1733879197\n|switch|p2a: Vaporeon|Vaporeon, L86, M|364/364\n|turn|11\n|\n|t:|1733879209\n|switch|p1a: Inteleon|Inteleon, L81, F|246/246\n|move|p2a: Vaporeon|Flip Turn|p1a: Inteleon\n|-resisted|p1a: Inteleon\n|-damage|p1a: Inteleon|215/246\n|\n|t:|1733879213\n|switch|p2a: Chimecho|Chimecho, L93, M|290/290|[from] Flip Turn\n|\n|upkeep\n|turn|12\n|\n|t:|1733879218\n|move|p1a: Inteleon|U-turn|p2a: Chimecho\n|-supereffective|p2a: Chimecho\n|-damage|p2a: Chimecho|208/290\n|\n|t:|1733879224\n|switch|p1a: Exeggutor|Exeggutor-Alola, L89, F|294/314|[from] U-turn\n|-item|p2a: Chimecho|Leftovers|[from] ability: Frisk|[of] p1a: Exeggutor\n|move|p2a: Chimecho|Knock Off|p1a: Exeggutor\n|-damage|p1a: Exeggutor|245/314\n|-enditem|p1a: Exeggutor|Choice Specs|[from] move: Knock Off|[of] p2a: Chimecho\n|\n|-heal|p2a: Chimecho|226/290|[from] item: Leftovers\n|upkeep\n|turn|13\n|\n|t:|1733879231\n|move|p2a: Chimecho|Thunder Wave|p1a: Exeggutor\n|-status|p1a: Exeggutor|par\n|move|p1a: Exeggutor|Flamethrower|p2a: Chimecho\n|-damage|p2a: Chimecho|146/290\n|\n|-heal|p2a: Chimecho|164/290|[from] item: Leftovers\n|upkeep\n|turn|14\n|\n|t:|1733879238\n|move|p2a: Chimecho|Recover|p2a: Chimecho\n|-heal|p2a: Chimecho|290/290\n|move|p1a: Exeggutor|Flamethrower|p2a: Chimecho\n|-damage|p2a: Chimecho|207/290\n|\n|-heal|p2a: Chimecho|225/290|[from] item: Leftovers\n|upkeep\n|turn|15\n|\n|t:|1733879245\n|move|p2a: Chimecho|Psychic Noise|p1a: Exeggutor\n|-damage|p1a: Exeggutor|146/314 par\n|-start|p1a: Exeggutor|move: Heal Block\n|move|p1a: Exeggutor|Flamethrower|p2a: Chimecho\n|-damage|p2a: Chimecho|146/290\n|\n|-heal|p2a: Chimecho|164/290|[from] item: Leftovers\n|upkeep\n|turn|16\n|\n|t:|1733879252\n|move|p2a: Chimecho|Recover|p2a: Chimecho\n|-heal|p2a: Chimecho|290/290\n|move|p1a: Exeggutor|Flamethrower|p2a: Chimecho\n|-damage|p2a: Chimecho|207/290\n|\n|-heal|p2a: Chimecho|225/290|[from] item: Leftovers\n|-end|p1a: Exeggutor|move: Heal Block\n|upkeep\n|turn|17\n|\n|t:|1733879263\n|switch|p1a: Chi-Yu|Chi-Yu, L77|211/211\n|-ability|p1a: Chi-Yu|Beads of Ruin\n|move|p2a: Chimecho|Psychic Noise|p1a: Chi-Yu\n|-immune|p1a: Chi-Yu\n|\n|-heal|p2a: Chimecho|243/290|[from] item: Leftovers\n|upkeep\n|turn|18\n|\n|t:|1733879269\n|-terastallize|p2a: Chimecho|Dark\n|move|p1a: Chi-Yu|Dark Pulse|p2a: Chimecho\n|-resisted|p2a: Chimecho\n|-damage|p2a: Chimecho|187/290\n|move|p2a: Chimecho|Thunder Wave|p1a: Chi-Yu\n|-status|p1a: Chi-Yu|par\n|\n|-heal|p2a: Chimecho|205/290|[from] item: Leftovers\n|upkeep\n|turn|19\n|\n|t:|1733879281\n|move|p2a: Chimecho|Knock Off|p1a: Chi-Yu\n|-resisted|p1a: Chi-Yu\n|-damage|p1a: Chi-Yu|166/211 par\n|-enditem|p1a: Chi-Yu|Heavy-Duty Boots|[from] move: Knock Off|[of] p2a: Chimecho\n|cant|p1a: Chi-Yu|par\n|\n|-heal|p2a: Chimecho|223/290|[from] item: Leftovers\n|upkeep\n|turn|20\n|\n|t:|1733879286\n|switch|p2a: Dedenne|Dedenne, L88, M|233/261\n|move|p1a: Chi-Yu|Fire Blast|p2a: Dedenne\n|-damage|p2a: Dedenne|20/261\n|-status|p2a: Dedenne|brn\n|-enditem|p2a: Dedenne|Sitrus Berry|[eat]\n|-heal|p2a: Dedenne|85/261 brn|[from] item: Sitrus Berry\n|-heal|p2a: Dedenne|172/261 brn|[from] ability: Cheek Pouch\n|\n|-damage|p2a: Dedenne|156/261 brn|[from] brn\n|upkeep\n|turn|21\n|\n|t:|1733879297\n|move|p2a: Dedenne|Super Fang|p1a: Chi-Yu\n|-damage|p1a: Chi-Yu|83/211 par\n|move|p1a: Chi-Yu|Fire Blast|p2a: Dedenne\n|-damage|p2a: Dedenne|0 fnt\n|faint|p2a: Dedenne\n|\n|upkeep\n|\n|t:|1733879299\n|switch|p2a: Vaporeon|Vaporeon, L86, M|364/364\n|turn|22\n|\n|t:|1733879304\n|move|p2a: Vaporeon|Wish|p2a: Vaporeon\n|cant|p1a: Chi-Yu|par\n|\n|upkeep\n|turn|23\n|\n|t:|1733879309\n|switch|p1a: Exeggutor|Exeggutor-Alola, L89, F|146/314 par\n|-item|p2a: Vaporeon|Leftovers|[from] ability: Frisk|[of] p1a: Exeggutor\n|move|p2a: Vaporeon|Flip Turn|p1a: Exeggutor\n|-resisted|p1a: Exeggutor\n|-damage|p1a: Exeggutor|135/314 par\n|\n|t:|1733879311\n|switch|p2a: Chimecho|Chimecho, L93, M, tera:Dark|223/290|[from] Flip Turn\n|\n|-heal|p2a: Chimecho|290/290|[from] move: Wish|[wisher] Vaporeon\n|upkeep\n|turn|24\n|\n|t:|1733879318\n|move|p2a: Chimecho|Psychic Noise|p1a: Exeggutor\n|-damage|p1a: Exeggutor|38/314 par\n|-start|p1a: Exeggutor|move: Heal Block\n|move|p1a: Exeggutor|Flamethrower|p2a: Chimecho\n|-damage|p2a: Chimecho|215/290\n|\n|-heal|p2a: Chimecho|233/290|[from] item: Leftovers\n|upkeep\n|turn|25\n|\n|t:|1733879326\n|move|p2a: Chimecho|Psychic Noise|p1a: Exeggutor\n|-damage|p1a: Exeggutor|0 fnt\n|faint|p1a: Exeggutor\n|\n|-heal|p2a: Chimecho|251/290|[from] item: Leftovers\n|upkeep\n|\n|t:|1733879329\n|switch|p1a: Chi-Yu|Chi-Yu, L77|83/211 par\n|-ability|p1a: Chi-Yu|Beads of Ruin\n|turn|26\n|\n|t:|1733879337\n|move|p2a: Chimecho|Knock Off|p1a: Chi-Yu\n|-resisted|p1a: Chi-Yu\n|-damage|p1a: Chi-Yu|54/211 par\n|cant|p1a: Chi-Yu|par\n|\n|-heal|p2a: Chimecho|269/290|[from] item: Leftovers\n|upkeep\n|turn|27\n|\n|t:|1733879341\n|move|p2a: Chimecho|Knock Off|p1a: Chi-Yu\n|-resisted|p1a: Chi-Yu\n|-crit|p1a: Chi-Yu\n|-damage|p1a: Chi-Yu|8/211 par\n|cant|p1a: Chi-Yu|par\n|\n|-heal|p2a: Chimecho|287/290|[from] item: Leftovers\n|upkeep\n|turn|28\n|\n|t:|1733879347\n|move|p2a: Chimecho|Knock Off|p1a: Chi-Yu\n|-resisted|p1a: Chi-Yu\n|-damage|p1a: Chi-Yu|0 fnt\n|faint|p1a: Chi-Yu\n|\n|-heal|p2a: Chimecho|290/290|[from] item: Leftovers\n|upkeep\n|\n|t:|1733879355\n|switch|p1a: Raichu|Raichu, L88, F|249/249\n|turn|29\n|\n|t:|1733879359\n|move|p1a: Raichu|Focus Blast|p2a: Chimecho\n|-supereffective|p2a: Chimecho\n|-damage|p2a: Chimecho|60/290\n|move|p2a: Chimecho|Knock Off|p1a: Raichu\n|-damage|p1a: Raichu|144/249\n|-enditem|p1a: Raichu|Choice Specs|[from] move: Knock Off|[of] p2a: Chimecho\n|\n|-heal|p2a: Chimecho|78/290|[from] item: Leftovers\n|upkeep\n|turn|30\n|\n|t:|1733879364\n|move|p1a: Raichu|Thunderbolt|p2a: Chimecho\n|-damage|p2a: Chimecho|0 fnt\n|faint|p2a: Chimecho\n|\n|upkeep\n|\n|t:|1733879367\n|switch|p2a: Bronzong|Bronzong, L88|261/261\n|turn|31\n|\n|t:|1733879371\n|switch|p1a: Magmortar|Magmortar, L88, M|275/275\n|move|p2a: Bronzong|Earthquake|p1a: Magmortar\n|-supereffective|p1a: Magmortar\n|-damage|p1a: Magmortar|89/275\n|\n|upkeep\n|turn|32\n|\n|t:|1733879377\n|switch|p2a: Vaporeon|Vaporeon, L86, M|364/364\n|move|p1a: Magmortar|Knock Off|p2a: Vaporeon\n|-damage|p2a: Vaporeon|264/364\n|-enditem|p2a: Vaporeon|Leftovers|[from] move: Knock Off|[of] p1a: Magmortar\n|\n|upkeep\n|turn|33\n|\n|t:|1733879384\n|move|p1a: Magmortar|Taunt|p2a: Vaporeon\n|-start|p2a: Vaporeon|move: Taunt\n|cant|p2a: Vaporeon|move: Taunt|Wish\n|\n|upkeep\n|turn|34\n|\n|t:|1733879396\n|move|p1a: Magmortar|Focus Blast|p2a: Vaporeon\n|-damage|p2a: Vaporeon|154/364\n|move|p2a: Vaporeon|Flip Turn|p1a: Magmortar\n|-supereffective|p1a: Magmortar\n|-damage|p1a: Magmortar|0 fnt\n|faint|p1a: Magmortar\n|\n|t:|1733879398\n|switch|p2a: Bronzong|Bronzong, L88|261/261|[from] Flip Turn\n|\n|upkeep\n|\n|t:|1733879403\n|switch|p1a: Inteleon|Inteleon, L81, F|215/246\n|turn|35\n|\n|t:|1733879409\n|switch|p2a: Vaporeon|Vaporeon, L86, M|154/364\n|-terastallize|p1a: Inteleon|Water\n|move|p1a: Inteleon|Scald|p2a: Vaporeon\n|-heal|p2a: Vaporeon|245/364|[from] ability: Water Absorb|[of] p1a: Inteleon\n|\n|upkeep\n|turn|36\n|\n|t:|1733879416\n|switch|p1a: Raichu|Raichu, L88, F|144/249\n|move|p2a: Vaporeon|Flip Turn|p1a: Raichu\n|-damage|p1a: Raichu|74/249\n|\n|t:|1733879418\n|switch|p2a: Bronzong|Bronzong, L88|261/261|[from] Flip Turn\n|\n|upkeep\n|turn|37\n|\n|t:|1733879424\n|switch|p1a: Inteleon|Inteleon, L81, F, tera:Water|215/246\n|move|p2a: Bronzong|Earthquake|p1a: Inteleon\n|-damage|p1a: Inteleon|129/246\n|\n|upkeep\n|turn|38\n|\n|t:|1733879430\n|switch|p2a: Vaporeon|Vaporeon, L86, M|245/364\n|move|p1a: Inteleon|Scald|p2a: Vaporeon\n|-heal|p2a: Vaporeon|336/364|[from] ability: Water Absorb|[of] p1a: Inteleon\n|\n|upkeep\n|turn|39\n|-message|night guard1 forfeited.\n|\n|win|Micael Lopes\n|raw|night guard1's rating: 1860 &rarr; <strong>1843</strong><br />(-17 for losing)\n|raw|Micael Lopes's rating: 1907 &rarr; <strong>1924</strong><br />(+17 for winning)\n|l|\u2606night guard1\n|player|p1|\n|c|\u2606Micael Lopes|**__Sexy game.__**\n", "inputlog": ">version bfd83cad13791eb5a5a409923076391caf6fb4d4\n>start {\"formatid\":\"gen9randombattle\",\"seed\":[51284,22937,32069,2910],\"rated\":\"Rated battle\"}\n>player p1 {\"name\":\"night guard1\",\"avatar\":\"265\",\"rating\":1860,\"seed\":[30190,14153,24835,14142]}\n>player p2 {\"name\":\"Micael Lopes\",\"avatar\":\"benga\",\"rating\":1907,\"seed\":[9296,61962,38682,26585]}\n>p1 move dragondance\n>p2 move bodyslam\n>p1 move ironhead\n>p2 move bodyslam\n>p1 move dragondance\n>p2 move bodyslam\n>p1 move ironhead\n>p2 move bodyslam\n>p1 move outrage\n>p2 move roost\n>p2 switch 4\n>p1 move outrage\n>p2 move dazzlinggleam\n>p1 switch 4\n>p1 move uturn\n>p2 move nuzzle\n>p1 switch 3\n>p1 move surf\n>p2 switch 3\n>p1 switch 2\n>p2 move stompingtantrum\n>p1 move flamethrower\n>p2 move sludgebomb\n>p2 switch 2\n>p1 switch 3\n>p2 move flipturn\n>p2 switch 5\n>p1 move uturn\n>p2 move knockoff\n>p1 switch 3\n>p1 move flamethrower\n>p2 move thunderwave\n>p1 move flamethrower\n>p2 move recover\n>p1 move flamethrower\n>p2 move psychicnoise\n>p1 move flamethrower\n>p2 move recover\n>p1 switch 6\n>p2 move psychicnoise\n>p1 move darkpulse\n>p2 move thunderwave terastallize\n>p1 move nastyplot\n>p2 move knockoff\n>p1 move fireblast\n>p2 switch 3\n>p1 move fireblast\n>p2 move superfang\n>p2 switch 5\n>p1 move willowisp\n>p2 move wish\n>p1 switch 6\n>p2 move flipturn\n>p2 switch 3\n>p1 move flamethrower\n>p2 move psychicnoise\n>p1 move leafstorm\n>p2 move psychicnoise\n>p1 switch 6\n>p1 move willowisp\n>p2 move knockoff\n>p1 move willowisp\n>p2 move knockoff\n>p1 move willowisp\n>p2 move knockoff\n>p1 switch 2\n>p1 move focusblast\n>p2 move knockoff\n>p1 move thunderbolt\n>p2 move recover\n>p2 switch 6\n>p1 switch 5\n>p2 move earthquake\n>p1 move knockoff\n>p2 switch 3\n>p1 move taunt\n>p2 move wish\n>p1 move focusblast\n>p2 move flipturn\n>p2 switch 3\n>p1 switch 3\n>p1 move scald terastallize\n>p2 switch 3\n>p1 switch 5\n>p2 move flipturn\n>p2 switch 3\n>p1 switch 5\n>p2 move earthquake\n>p1 move scald\n>p2 switch 3\n>forcelose p1", "uploadtime": 1733879444, "views": 9, "formatid": "gen9randombattle", "rating": 1843, "private": 0, "password": null}