{"id": "gen9randombattle-2260030626", "format": "[Gen 9] Random Battle", "players": ["Chulu_Hopper", "ak12346"], "log": "|j|\u2606Chulu_Hopper\n|j|\u2606ak12346\n|t:|1733793294\n|gametype|singles\n|player|p1|Chulu_Hopper|lady-gen4|\n|player|p2|ak12346|rocketgrunt|\n|teamsize|p1|6\n|teamsize|p2|6\n|gen|9\n|tier|[Gen 9] Random Battle\n|rule|Species Clause: Limit one of each Pok\u00e9mon\n|rule|HP Percentage Mod: HP is shown in percentages\n|rule|Sleep Clause Mod: Limit one foe put to sleep\n|rule|Illusion Level Mod: Illusion disguises the Pok\u00e9mon's true level\n|\n|t:|1733793294\n|start\n|switch|p1a: Munkidori|Munkidori, L79, M|269/269\n|switch|p2a: Hitmontop|Hitmontop, L88, M|231/231\n|turn|1\n|\n|t:|1733793396\n|move|p1a: Munkidori|Psyshock|p2a: Hitmontop\n|-supereffective|p2a: Hitmontop\n|-damage|p2a: Hitmontop|0 fnt\n|faint|p2a: Hitmontop\n|\n|upkeep\n|\n|t:|1733793408\n|switch|p2a: Espeon|Espeon, L84, F|246/246\n|turn|2\n|\n|t:|1733793431\n|switch|p1a: Kingambit|Kingambit, L74, M|270/270\n|move|p2a: Espeon|Shadow Ball|p1a: Kingambit\n|-resisted|p1a: Kingambit\n|-damage|p1a: Kingambit|207/270\n|-unboost|p1a: Kingambit|spd|1\n|\n|-heal|p1a: Kingambit|223/270|[from] item: Leftovers\n|upkeep\n|turn|3\n|\n|t:|1733793454\n|switch|p2a: Moltres|Moltres, L81|278/278\n|move|p1a: Kingambit|Sucker Punch||[still]\n|-fail|p1a: Kingambit\n|\n|-heal|p1a: Kingambit|239/270|[from] item: Leftovers\n|upkeep\n|turn|4\n|\n|t:|1733793467\n|-end|p1a: Kingambit|fallenundefined|[silent]\n|switch|p1a: Sandslash|Sandslash, L88, F|275/275\n|move|p2a: Moltres|Fire Blast|p1a: Sandslash\n|-damage|p1a: Sandslash|103/275\n|-status|p1a: Sandslash|brn\n|\n|-heal|p1a: Sandslash|120/275 brn|[from] item: Leftovers\n|-damage|p1a: Sandslash|103/275 brn|[from] brn\n|upkeep\n|turn|5\n|\n|t:|1733793520\n|move|p2a: Moltres|Fire Blast|p1a: Sandslash\n|-damage|p1a: Sandslash|0 fnt\n|faint|p1a: Sandslash\n|\n|upkeep\n|\n|t:|1733793526\n|switch|p1a: Flygon|Flygon, L82, M|265/265\n|turn|6\n|\n|t:|1733793561\n|move|p1a: Flygon|Stone Edge|p2a: Moltres\n|-supereffective|p2a: Moltres\n|-damage|p2a: Moltres|0 fnt\n|faint|p2a: Moltres\n|\n|upkeep\n|\n|t:|1733793582\n|switch|p2a: Flygon|Flygon, L82, M|265/265\n|turn|7\n|\n|t:|1733793602\n|-terastallize|p2a: Flygon|Rock\n|move|p1a: Flygon|Stone Edge|p2a: Flygon\n|-damage|p2a: Flygon|196/265\n|move|p2a: Flygon|Dragon Dance|p2a: Flygon\n|-boost|p2a: Flygon|atk|1\n|-boost|p2a: Flygon|spe|1\n|\n|upkeep\n|turn|8\n|\n|t:|1733793659\n|switch|p1a: Muk|Muk-Alola, L82, M|306/306\n|move|p2a: Flygon|Outrage|p1a: Muk\n|-damage|p1a: Muk|110/306\n|\n|upkeep\n|turn|9\n|\n|t:|1733793698\n|move|p2a: Flygon|Outrage|p1a: Muk|[from]lockedmove\n|-damage|p1a: Muk|0 fnt\n|faint|p1a: Muk\n|-start|p2a: Flygon|confusion|[fatigue]\n|-enditem|p2a: Flygon|Lum Berry|[eat]\n|-end|p2a: Flygon|confusion\n|\n|upkeep\n|\n|t:|1733793710\n|switch|p1a: Flygon|Flygon, L82, M|265/265\n|turn|10\n|\n|t:|1733793745\n|move|p1a: Flygon|Outrage|p2a: Flygon\n|-damage|p2a: Flygon|55/265\n|move|p2a: Flygon|Outrage|p1a: Flygon\n|-supereffective|p1a: Flygon\n|-damage|p1a: Flygon|0 fnt\n|faint|p1a: Flygon\n|\n|upkeep\n|\n|t:|1733793749\n|switch|p1a: Deoxys|Deoxys-Attack, L72|191/191\n|-ability|p1a: Deoxys|Pressure\n|turn|11\n|\n|t:|1733793759\n|move|p2a: Flygon|Outrage|p1a: Deoxys|[from]lockedmove\n|-damage|p1a: Deoxys|0 fnt\n|faint|p1a: Deoxys\n|\n|upkeep\n|\n|t:|1733793763\n|switch|p1a: Munkidori|Munkidori, L79, M|269/269\n|turn|12\n|\n|t:|1733793769\n|move|p2a: Flygon|Outrage|p1a: Munkidori|[from]lockedmove\n|-damage|p1a: Munkidori|29/269\n|-start|p2a: Flygon|confusion|[fatigue]\n|move|p1a: Munkidori|Focus Blast|p2a: Flygon|[miss]\n|-miss|p1a: Munkidori|p2a: Flygon\n|\n|upkeep\n|turn|13\n|\n|t:|1733793778\n|-activate|p2a: Flygon|confusion\n|move|p2a: Flygon|Earthquake|p1a: Munkidori\n|-supereffective|p1a: Munkidori\n|-damage|p1a: Munkidori|0 fnt\n|faint|p1a: Munkidori\n|\n|upkeep\n|\n|t:|1733793789\n|switch|p1a: Kingambit|Kingambit, L74, M|239/270\n|-activate|p1a: Kingambit|ability: Supreme Overlord\n|-start|p1a: Kingambit|fallen5|[silent]\n|turn|14\n|\n|t:|1733793795\n|move|p1a: Kingambit|Sucker Punch|p2a: Flygon\n|-damage|p2a: Flygon|0 fnt\n|faint|p2a: Flygon\n|\n|-heal|p1a: Kingambit|255/270|[from] item: Leftovers\n|upkeep\n|\n|t:|1733793805\n|switch|p2a: Espeon|Espeon, L84, F|246/246\n|turn|15\n|\n|t:|1733793810\n|move|p1a: Kingambit|Sucker Punch||[still]\n|-fail|p1a: Kingambit\n|move|p2a: Espeon|Trick|p1a: Kingambit\n|-activate|p2a: Espeon|move: Trick|[of] p1a: Kingambit\n|-item|p1a: Kingambit|Choice Specs|[from] move: Trick\n|-item|p2a: Espeon|Leftovers|[from] move: Trick\n|\n|upkeep\n|turn|16\n|\n|t:|1733793837\n|move|p2a: Espeon|Alluring Voice|p1a: Kingambit\n|-damage|p1a: Kingambit|172/270\n|move|p1a: Kingambit|Kowtow Cleave|p2a: Espeon\n|-supereffective|p2a: Espeon\n|-damage|p2a: Espeon|0 fnt\n|faint|p2a: Espeon\n|\n|upkeep\n|\n|t:|1733793859\n|switch|p2a: Rhyperior|Rhyperior, L82, M|323/323\n|turn|17\n|\n|t:|1733793864\n|move|p1a: Kingambit|Kowtow Cleave|p2a: Rhyperior\n|-damage|p2a: Rhyperior|217/323\n|move|p2a: Rhyperior|Earthquake|p1a: Kingambit\n|-supereffective|p1a: Kingambit\n|-damage|p1a: Kingambit|0 fnt\n|faint|p1a: Kingambit\n|-end|p1a: Kingambit|fallen5|[silent]\n|\n|win|ak12346\n|l|\u2606Chulu_Hopper\n|player|p1|\n", "inputlog": ">version bfd83cad13791eb5a5a409923076391caf6fb4d4\n>start {\"formatid\":\"gen9randombattle\",\"seed\":[23691,20395,33557,21336]}\n>player p1 {\"name\":\"Chulu_Hopper\",\"avatar\":\"lady-gen4\",\"rating\":0,\"seed\":[54266,30536,24763,61434]}\n>player p2 {\"name\":\"ak12346\",\"avatar\":\"rocketgrunt\",\"rating\":0,\"seed\":[711,8891,65122,16443]}\n>p1 move psyshock\n>p2 move bulkup\n>p2 switch 5\n>p1 switch 6\n>p2 move shadowball\n>p1 move suckerpunch\n>p2 switch 3\n>p1 switch 3\n>p2 move fireblast\n>p1 move knockoff\n>p2 move fireblast\n>p1 switch 4\n>p1 move stoneedge\n>p2 move roost\n>p2 switch 4\n>p1 move stoneedge\n>p2 move dragondance terastallize\n>p1 switch 5\n>p2 move outrage\n>p1 move icepunch\n>p2 move outrage\n>p1 switch 5\n>p1 move outrage\n>p2 move outrage\n>p1 switch 2\n>p1 move icebeam\n>p2 move outrage\n>p1 switch 6\n>p1 move focusblast\n>p2 move outrage\n>p1 move focusblast\n>p2 move earthquake\n>p1 switch 3\n>p1 move suckerpunch\n>p2 move earthquake\n>p2 switch 3\n>p1 move suckerpunch\n>p2 move trick\n>p1 move kowtowcleave\n>p2 move alluringvoice\n>p2 switch 2\n>p1 move kowtowcleave\n>p2 move earthquake", "uploadtime": 1733793888, "views": 3, "formatid": "gen9randombattle", "rating": null, "private": 0, "password": null}