{"id": "gen9randombattle-2170713028", "format": "[Gen 9] Random Battle", "players": ["Referrals", "moenke"], "log": "|badge|p1|silver|gen9randombattle|30-2\n|uhtml|medal-msg|<div class=\"broadcast-blue\">Curious what those medals under the avatar are? PS now has Ladder Seasons! For more information, check out the <a href=\"https://www.smogon.com/forums/threads/3740067/\">thread on Smogon.</a></div>\n|badge|p2|bronze|gen9randombattle|100-2\n|uhtml|medal-msg|<div class=\"broadcast-blue\">Curious what those medals under the avatar are? PS now has Ladder Seasons! For more information, check out the <a href=\"https://www.smogon.com/forums/threads/3740067/\">thread on Smogon.</a></div>\n|j|\u2606Referrals\n|j|\u2606moenke\n|t:|1722427478\n|gametype|singles\n|player|p1|Referrals|pokemonbreeder|2484\n|player|p2|moenke|medium|2396\n|teamsize|p1|6\n|teamsize|p2|6\n|gen|9\n|tier|[Gen 9] Random Battle\n|rated|\n|rule|Species Clause: Limit one of each Pok\u00e9mon\n|rule|HP Percentage Mod: HP is shown in percentages\n|rule|Sleep Clause Mod: Limit one foe put to sleep\n|rule|Illusion Level Mod: Illusion disguises the Pok\u00e9mon's true level\n|\n|t:|1722427478\n|start\n|switch|p1a: Ninetales|Ninetales-Alola, L79, M|245/245\n|switch|p2a: Chandelure|Chandelure, L83, M|235/235\n|-weather|Snow|[from] ability: Snow Warning|[of] p1a: Ninetales\n|turn|1\n|inactive|Battle timer is ON: inactive players will automatically lose when time's up. (requested by Referrals)\n|j| Njhghhj\n|inactive|Referrals has 120 seconds left.\n|j|+35Q71N\n|inactive|Referrals has 90 seconds left.\n|\n|t:|1722427554\n|switch|p1a: Swampert|Swampert, L83, F|302/302\n|move|p2a: Chandelure|Trick|p1a: Swampert\n|-activate|p2a: Chandelure|move: Trick|[of] p1a: Swampert\n|-item|p1a: Swampert|Choice Scarf|[from] move: Trick\n|-item|p2a: Chandelure|Assault Vest|[from] move: Trick\n|\n|-weather|Snow|[upkeep]\n|upkeep\n|turn|2\n|\n|t:|1722427562\n|switch|p2a: Dodrio|Dodrio, L86, F, shiny|243/243\n|move|p1a: Swampert|Flip Turn|p2a: Dodrio\n|-damage|p2a: Dodrio|164/243\n|\n|t:|1722427573\n|switch|p1a: Glaceon|Glaceon, L94, F|275/275|[from] Flip Turn\n|\n|-weather|Snow|[upkeep]\n|upkeep\n|turn|3\n|\n|t:|1722427594\n|switch|p2a: Chandelure|Chandelure, L83, M|235/235\n|move|p1a: Glaceon|Calm Mind|p1a: Glaceon\n|-boost|p1a: Glaceon|spa|1\n|-boost|p1a: Glaceon|spd|1\n|\n|-weather|Snow|[upkeep]\n|upkeep\n|turn|4\n|\n|t:|1722427601\n|switch|p1a: Swampert|Swampert, L83, F|302/302\n|move|p2a: Chandelure|Fire Blast|p1a: Swampert\n|-resisted|p1a: Swampert\n|-damage|p1a: Swampert|222/302\n|\n|-weather|Snow|[upkeep]\n|upkeep\n|turn|5\n|\n|t:|1722427606\n|switch|p2a: Dodrio|Dodrio, L86, F, shiny|164/243\n|move|p1a: Swampert|Flip Turn|p2a: Dodrio\n|-damage|p2a: Dodrio|89/243\n|n| Njhghhj|njhghhj\n|c|+35Q71N|Shiny Dodrio is quite bad\n|inactive|Referrals has 120 seconds left.\n|l| Njhghhj\n|c|\u2606Referrals|agreed kek\n|\n|t:|1722427647\n|switch|p1a: Glaceon|Glaceon, L94, F|275/275|[from] Flip Turn\n|\n|-weather|none\n|upkeep\n|turn|6\n|\n|t:|1722427652\n|switch|p2a: Chandelure|Chandelure, L83, M|235/235\n|move|p1a: Glaceon|Wish|p1a: Glaceon\n|\n|upkeep\n|turn|7\n|\n|t:|1722427656\n|switch|p1a: Hydrapple|Hydrapple, L83, M|312/312\n|move|p2a: Chandelure|Energy Ball|p1a: Hydrapple\n|-resisted|p1a: Hydrapple\n|-damage|p1a: Hydrapple|291/312\n|-unboost|p1a: Hydrapple|spd|1\n|\n|-heal|p1a: Hydrapple|312/312|[from] move: Wish|[wisher] Glaceon\n|upkeep\n|turn|8\n|\n|t:|1722427662\n|move|p2a: Chandelure|Shadow Ball|p1a: Hydrapple\n|-damage|p1a: Hydrapple|129/312\n|move|p1a: Hydrapple|Earth Power|p2a: Chandelure\n|-supereffective|p2a: Chandelure\n|-damage|p2a: Chandelure|118/235\n|-damage|p1a: Hydrapple|98/312|[from] item: Life Orb\n|\n|upkeep\n|turn|9\n|\n|t:|1722427676\n|switch|p1a: Swampert|Swampert, L83, F|222/302\n|move|p2a: Chandelure|Energy Ball|p1a: Swampert\n|-supereffective|p1a: Swampert\n|-damage|p1a: Swampert|0 fnt\n|faint|p1a: Swampert\n|\n|upkeep\n|\n|t:|1722427687\n|switch|p1a: Ninetales|Ninetales-Alola, L79, M|245/245\n|-weather|Snow|[from] ability: Snow Warning|[of] p1a: Ninetales\n|turn|10\n|\n|t:|1722427690\n|move|p1a: Ninetales|Aurora Veil|p1a: Ninetales\n|-sidestart|p1: Referrals|move: Aurora Veil\n|move|p2a: Chandelure|Fire Blast|p1a: Ninetales\n|-supereffective|p1a: Ninetales\n|-damage|p1a: Ninetales|91/245\n|-status|p1a: Ninetales|brn\n|\n|-weather|Snow|[upkeep]\n|-damage|p1a: Ninetales|76/245 brn|[from] brn\n|upkeep\n|turn|11\n|\n|t:|1722427700\n|switch|p1a: Hydrapple|Hydrapple, L83, M|202/312\n|move|p2a: Chandelure|Shadow Ball|p1a: Hydrapple\n|-damage|p1a: Hydrapple|142/312\n|\n|-weather|Snow|[upkeep]\n|upkeep\n|turn|12\n|\n|t:|1722427703\n|move|p2a: Chandelure|Fire Blast|p1a: Hydrapple\n|-damage|p1a: Hydrapple|56/312\n|move|p1a: Hydrapple|Recover|p1a: Hydrapple\n|-heal|p1a: Hydrapple|212/312\n|\n|-weather|Snow|[upkeep]\n|upkeep\n|turn|13\n|\n|t:|1722427708\n|switch|p2a: Dodrio|Dodrio, L86, F, shiny|89/243\n|move|p1a: Hydrapple|Fickle Beam|p2a: Dodrio|[anim] Fickle Beam All Out\n|-activate|p1a: Hydrapple|move: Fickle Beam\n|-damage|p2a: Dodrio|0 fnt\n|faint|p2a: Dodrio\n|-damage|p1a: Hydrapple|181/312|[from] item: Life Orb\n|\n|-weather|Snow|[upkeep]\n|upkeep\n|\n|t:|1722427711\n|switch|p2a: Sylveon|Sylveon, L85, M|300/300\n|turn|14\n|\n|t:|1722427720\n|switch|p1a: Victreebel|Victreebel, L90, M|290/290\n|move|p2a: Sylveon|Hyper Voice|p1a: Victreebel\n|-resisted|p1a: Victreebel\n|-damage|p1a: Victreebel|254/290\n|\n|-weather|none\n|upkeep\n|turn|15\n|\n|t:|1722427732\n|switch|p2a: Porygon2|Porygon2, L82|274/274\n|-ability|p2a: Porygon2|Download|boost\n|-boost|p2a: Porygon2|atk|1\n|move|p1a: Victreebel|Sludge Wave|p2a: Porygon2\n|-damage|p2a: Porygon2|183/274\n|-damage|p1a: Victreebel|225/290|[from] item: Life Orb\n|\n|upkeep\n|turn|16\n|\n|t:|1722427749\n|switch|p1a: Glaceon|Glaceon, L94, F|275/275\n|move|p2a: Porygon2|Recover|p2a: Porygon2\n|-heal|p2a: Porygon2|274/274\n|\n|upkeep\n|turn|17\n|\n|t:|1722427757\n|switch|p2a: Lunala|Lunala, L70|308/308\n|move|p1a: Glaceon|Calm Mind|p1a: Glaceon\n|-boost|p1a: Glaceon|spa|1\n|-boost|p1a: Glaceon|spd|1\n|\n|-sideend|p1: Referrals|move: Aurora Veil\n|upkeep\n|turn|18\n|\n|t:|1722427768\n|move|p2a: Lunala|Calm Mind|p2a: Lunala\n|-boost|p2a: Lunala|spa|1\n|-boost|p2a: Lunala|spd|1\n|move|p1a: Glaceon|Freeze-Dry|p2a: Lunala\n|-damage|p2a: Lunala|254/308\n|\n|-heal|p2a: Lunala|273/308|[from] item: Leftovers\n|upkeep\n|turn|19\n|\n|t:|1722427774\n|move|p2a: Lunala|Psyshock|p1a: Glaceon\n|-damage|p1a: Glaceon|190/275\n|move|p1a: Glaceon|Freeze-Dry|p2a: Lunala\n|-damage|p2a: Lunala|162/308\n|\n|-heal|p2a: Lunala|181/308|[from] item: Leftovers\n|upkeep\n|turn|20\n|\n|t:|1722427782\n|move|p2a: Lunala|Calm Mind|p2a: Lunala\n|-boost|p2a: Lunala|spa|1\n|-boost|p2a: Lunala|spd|1\n|move|p1a: Glaceon|Freeze-Dry|p2a: Lunala\n|-damage|p2a: Lunala|91/308\n|\n|-heal|p2a: Lunala|110/308|[from] item: Leftovers\n|upkeep\n|turn|21\n|\n|t:|1722427786\n|switch|p1a: Gallade|Gallade, L82, M|246/246\n|move|p2a: Lunala|Moonlight|p2a: Lunala\n|-heal|p2a: Lunala|264/308\n|\n|-heal|p2a: Lunala|283/308|[from] item: Leftovers\n|upkeep\n|turn|22\n|\n|t:|1722427794\n|switch|p1a: Ninetales|Ninetales-Alola, L79, M|76/245 brn\n|-weather|Snow|[from] ability: Snow Warning|[of] p1a: Ninetales\n|-terastallize|p2a: Lunala|Dark\n|move|p2a: Lunala|Psyshock|p1a: Ninetales\n|-crit|p1a: Ninetales\n|-damage|p1a: Ninetales|0 fnt\n|faint|p1a: Ninetales\n|\n|-weather|Snow|[upkeep]\n|-heal|p2a: Lunala|302/308|[from] item: Leftovers\n|upkeep\n|\n|t:|1722427797\n|switch|p1a: Gallade|Gallade, L82, M|246/246\n|turn|23\n|\n|t:|1722427803\n|switch|p2a: Chandelure|Chandelure, L83, M|118/235\n|move|p1a: Gallade|Psycho Cut|p2a: Chandelure\n|-crit|p2a: Chandelure\n|-damage|p2a: Chandelure|0 fnt\n|faint|p2a: Chandelure\n|-damage|p1a: Gallade|222/246|[from] item: Life Orb\n|\n|-weather|Snow|[upkeep]\n|upkeep\n|\n|t:|1722427809\n|switch|p2a: Sylveon|Sylveon, L85, M|300/300\n|turn|24\n|\n|t:|1722427830\n|switch|p1a: Victreebel|Victreebel, L90, M|225/290\n|switch|p2a: Darkrai|Darkrai, L76|231/231\n|\n|-weather|Snow|[upkeep]\n|upkeep\n|turn|25\n|j|@livid washed\n|inactive|Referrals has 120 seconds left.\n|\n|t:|1722427860\n|move|p2a: Darkrai|Nasty Plot|p2a: Darkrai\n|-boost|p2a: Darkrai|spa|2\n|move|p1a: Victreebel|Sunny Day|p1a: Victreebel\n|-weather|SunnyDay\n|\n|-weather|SunnyDay|[upkeep]\n|upkeep\n|turn|26\n|\n|t:|1722427870\n|switch|p2a: Porygon2|Porygon2, L82|274/274\n|-ability|p2a: Porygon2|Download|boost\n|-boost|p2a: Porygon2|atk|1\n|-terastallize|p1a: Victreebel|Fire\n|move|p1a: Victreebel|Weather Ball|p2a: Porygon2\n|-damage|p2a: Porygon2|126/274\n|-damage|p1a: Victreebel|196/290|[from] item: Life Orb\n|\n|-weather|SunnyDay|[upkeep]\n|upkeep\n|turn|27\n|\n|t:|1722427874\n|switch|p2a: Sylveon|Sylveon, L85, M|300/300\n|move|p1a: Victreebel|Weather Ball|p2a: Sylveon\n|-crit|p2a: Sylveon\n|-damage|p2a: Sylveon|47/300\n|-damage|p1a: Victreebel|167/290|[from] item: Life Orb\n|\n|-weather|SunnyDay|[upkeep]\n|-heal|p2a: Sylveon|65/300|[from] item: Leftovers\n|upkeep\n|turn|28\n|\n|t:|1722427881\n|move|p2a: Sylveon|Protect|p2a: Sylveon\n|-singleturn|p2a: Sylveon|Protect\n|move|p1a: Victreebel|Weather Ball|p2a: Sylveon\n|-activate|p2a: Sylveon|move: Protect\n|\n|-weather|SunnyDay|[upkeep]\n|-heal|p2a: Sylveon|83/300|[from] item: Leftovers\n|upkeep\n|turn|29\n|\n|t:|1722427890\n|move|p1a: Victreebel|Weather Ball|p2a: Sylveon\n|-damage|p2a: Sylveon|0 fnt\n|faint|p2a: Sylveon\n|-damage|p1a: Victreebel|138/290|[from] item: Life Orb\n|\n|-weather|none\n|upkeep\n|\n|t:|1722427905\n|switch|p2a: Porygon2|Porygon2, L82|126/274\n|-ability|p2a: Porygon2|Download|boost\n|-boost|p2a: Porygon2|atk|1\n|turn|30\n|\n|t:|1722427914\n|move|p1a: Victreebel|Sunny Day|p1a: Victreebel\n|-weather|SunnyDay\n|move|p2a: Porygon2|Recover|p2a: Porygon2\n|-heal|p2a: Porygon2|263/274\n|\n|-weather|SunnyDay|[upkeep]\n|upkeep\n|turn|31\n|\n|t:|1722427919\n|move|p1a: Victreebel|Weather Ball|p2a: Porygon2\n|-damage|p2a: Porygon2|107/274\n|-damage|p1a: Victreebel|109/290|[from] item: Life Orb\n|move|p2a: Porygon2|Tri Attack|p1a: Victreebel\n|-damage|p1a: Victreebel|21/290\n|\n|-weather|SunnyDay|[upkeep]\n|upkeep\n|turn|32\n|inactive|Referrals has 120 seconds left.\n|\n|t:|1722427962\n|move|p1a: Victreebel|Sludge Wave|p2a: Porygon2\n|-damage|p2a: Porygon2|12/274\n|-damage|p1a: Victreebel|0 fnt|[from] item: Life Orb\n|faint|p1a: Victreebel\n|move|p2a: Porygon2|Recover|p2a: Porygon2\n|-heal|p2a: Porygon2|149/274\n|\n|-weather|SunnyDay|[upkeep]\n|upkeep\n|\n|t:|1722427963\n|switch|p1a: Gallade|Gallade, L82, M|222/246\n|turn|33\n|inactive|Referrals has 120 seconds left.\n|\n|t:|1722427978\n|move|p1a: Gallade|Agility|p1a: Gallade\n|-boost|p1a: Gallade|spe|2\n|move|p2a: Porygon2|Tri Attack|p1a: Gallade\n|-damage|p1a: Gallade|146/246\n|\n|-weather|SunnyDay|[upkeep]\n|upkeep\n|turn|34\n|\n|t:|1722427984\n|move|p1a: Gallade|Sacred Sword|p2a: Porygon2\n|-supereffective|p2a: Porygon2\n|-damage|p2a: Porygon2|0 fnt\n|faint|p2a: Porygon2\n|-damage|p1a: Gallade|122/246|[from] item: Life Orb\n|\n|-weather|none\n|upkeep\n|\n|t:|1722427989\n|switch|p2a: Lunala|Lunala, L70, tera:Dark|302/308\n|turn|35\n|\n|t:|1722427996\n|move|p1a: Gallade|Sacred Sword|p2a: Lunala\n|-supereffective|p2a: Lunala\n|-damage|p2a: Lunala|0 fnt\n|faint|p2a: Lunala\n|-damage|p1a: Gallade|98/246|[from] item: Life Orb\n|\n|upkeep\n|-message|moenke forfeited.\n|\n|win|Referrals\n|raw|Referrals's rating: 2484 &rarr; <strong>2499</strong><br />(+15 for winning)\n|raw|moenke's rating: 2396 &rarr; <strong>2381</strong><br />(-15 for losing)\n|l|\u2606moenke\n|player|p2|\n", "inputlog": ">version 3c8c0ba6a3441824201ce9f0cf68dcc094963845\n>start {\"formatid\":\"gen9randombattle\",\"seed\":[37151,4012,2269,44581],\"rated\":\"Rated battle\"}\n>player p1 {\"name\":\"Referrals\",\"avatar\":\"pokemonbreeder\",\"rating\":2484,\"seed\":[57969,43860,5809,37843]}\n>player p2 {\"name\":\"moenke\",\"avatar\":\"medium\",\"rating\":2396,\"seed\":[35826,62087,9267,55394]}\n>p1 switch 5\n>p2 move trick\n>p1 move flipturn\n>p2 switch 5\n>p1 switch 3\n>p1 move calmmind\n>p2 switch 5\n>p1 switch 3\n>p2 move fireblast\n>p1 move flipturn\n>p2 switch 5\n>chat +35Q71N|Shiny Dodrio is quite bad\n>chat \u2606Referrals|agreed kek\n>p1 switch 3\n>p1 move wish\n>p2 switch 5\n>p1 switch 2\n>p2 move energyball\n>p1 move earthpower\n>p2 move shadowball\n>p1 switch 3\n>p2 move energyball\n>p1 switch 5\n>p1 move auroraveil\n>p2 move fireblast\n>p1 switch 3\n>p2 move shadowball\n>p1 move recover\n>p2 move fireblast\n>p1 move ficklebeam\n>p2 switch 5\n>p2 switch 6\n>p1 switch 4\n>p2 move hypervoice\n>p1 move sludgewave\n>p2 switch 3\n>p1 switch 2\n>p2 move recover\n>p1 move calmmind\n>p2 switch 2\n>p1 move freezedry\n>p2 move calmmind\n>p1 move freezedry\n>p2 move psyshock\n>p1 move freezedry\n>p2 move calmmind\n>p1 switch 6\n>p2 move moonlight\n>p1 switch 3\n>p2 move psyshock terastallize\n>p1 switch 3\n>p1 move psychocut\n>p2 switch 5\n>p2 switch 3\n>p1 switch 2\n>p2 switch 4\n>p1 move sunnyday\n>p2 move nastyplot\n>p1 move weatherball terastallize\n>p2 switch 2\n>p1 move weatherball\n>p2 switch 4\n>p1 move weatherball\n>p2 move protect\n>p1 move weatherball\n>p2 move hypervoice\n>p2 switch 4\n>p1 move sunnyday\n>p2 move recover\n>p1 move weatherball\n>p2 move triattack\n>p1 move sludgewave\n>p2 move recover\n>p1 switch 2\n>p1 move agility\n>p2 move triattack\n>p1 move sacredsword\n>p2 move recover\n>p2 switch 5\n>p1 move sacredsword\n>p2 move psyshock\n>forcelose p2", "uploadtime": 1722428003, "views": 154, "formatid": "gen9randombattle", "rating": 2381, "private": 0, "password": null}