{"id": "gen9randombattle-2143952115", "format": "[Gen 9] Random Battle", "players": ["trollinacc", "ceru-edge"], "log": "|badge|p2|silver|gen9randombattle|30-1\n|badge|p2|gold|gen9ou|3-1\n|badge|p2|silver|gen9monotype|30-1\n|uhtml|medal-msg|<div class=\"broadcast-blue\">Curious what those medals under the avatar are? PS now has Ladder Seasons! For more information, check out the <a href=\"https://www.smogon.com/forums/threads/3740067/\">thread on Smogon.</a></div>\n|j|\u2606trollinacc\n|j|\u2606ceru-edge\n|t:|1718480753\n|gametype|singles\n|player|p1|trollinacc|nobunaga-conquest|2223\n|player|p2|ceru-edge|bugcatcher-gen4dp|2417\n|teamsize|p1|6\n|teamsize|p2|6\n|gen|9\n|tier|[Gen 9] Random Battle\n|rated|\n|rule|Species Clause: Limit one of each Pok\u00e9mon\n|rule|HP Percentage Mod: HP is shown in percentages\n|rule|Sleep Clause Mod: Limit one foe put to sleep\n|rule|Illusion Level Mod: Illusion disguises the Pok\u00e9mon's true level\n|\n|t:|1718480753\n|start\n|switch|p1a: Arceus|Arceus-Dark, L71|288/288\n|switch|p2a: Tornadus|Tornadus, L82, M|263/263\n|turn|1\n|inactive|Battle timer is ON: inactive players will automatically lose when time's up. (requested by trollinacc)\n|\n|t:|1718480764\n|move|p2a: Tornadus|U-turn|p1a: Arceus\n|-supereffective|p1a: Arceus\n|-damage|p1a: Arceus|184/288\n|\n|t:|1718480765\n|switch|p2a: Lanturn|Lanturn, L89, F|367/367|[from] U-turn\n|move|p1a: Arceus|Calm Mind|p1a: Arceus\n|-boost|p1a: Arceus|spa|1\n|-boost|p1a: Arceus|spd|1\n|\n|upkeep\n|turn|2\n|\n|t:|1718480771\n|move|p1a: Arceus|Judgment|p2a: Lanturn\n|-damage|p2a: Lanturn|193/367\n|move|p2a: Lanturn|Thunder Wave|p1a: Arceus\n|-status|p1a: Arceus|par\n|\n|-heal|p2a: Lanturn|215/367|[from] item: Leftovers\n|upkeep\n|turn|3\n|\n|t:|1718480776\n|move|p2a: Lanturn|Volt Switch|p1a: Arceus\n|-damage|p1a: Arceus|142/288 par\n|\n|t:|1718480786\n|switch|p2a: Luxray|Luxray, L88, F|284/284|[from] Volt Switch\n|-ability|p2a: Luxray|Intimidate|boost\n|-unboost|p1a: Arceus|atk|1\n|cant|p1a: Arceus|par\n|\n|upkeep\n|turn|4\n|j| dvgthing\n|\n|t:|1718480796\n|move|p2a: Luxray|Play Rough|p1a: Arceus\n|-supereffective|p1a: Arceus\n|-damage|p1a: Arceus|0 fnt\n|faint|p1a: Arceus\n|\n|upkeep\n|\n|t:|1718480803\n|switch|p1a: Vikavolt|Vikavolt, L84, M|267/267\n|turn|5\n|\n|t:|1718480807\n|move|p2a: Luxray|Volt Switch|p1a: Vikavolt\n|-resisted|p1a: Vikavolt\n|-damage|p1a: Vikavolt|218/267\n|\n|t:|1718480809\n|switch|p2a: Landorus|Landorus, L75, M|257/257|[from] Volt Switch\n|move|p1a: Vikavolt|Sticky Web|p2a: Landorus\n|-sidestart|p2: ceru-edge|move: Sticky Web\n|\n|upkeep\n|turn|6\n|\n|t:|1718480815\n|move|p2a: Landorus|Stealth Rock|p1a: Vikavolt\n|-sidestart|p1: trollinacc|move: Stealth Rock\n|move|p1a: Vikavolt|Energy Ball|p2a: Landorus\n|-damage|p2a: Landorus|147/257\n|\n|upkeep\n|turn|7\n|\n|t:|1718480823\n|move|p2a: Landorus|Psychic|p1a: Vikavolt\n|-damage|p1a: Vikavolt|115/267\n|move|p1a: Vikavolt|Energy Ball|p2a: Landorus\n|-damage|p2a: Landorus|36/257\n|\n|upkeep\n|turn|8\n|\n|t:|1718480833\n|switch|p2a: Luxray|Luxray, L88, F|284/284\n|-activate|p2a: Luxray|move: Sticky Web\n|-unboost|p2a: Luxray|spe|1\n|-ability|p2a: Luxray|Intimidate|boost\n|-unboost|p1a: Vikavolt|atk|1\n|move|p1a: Vikavolt|Bug Buzz|p2a: Luxray\n|-damage|p2a: Luxray|197/284\n|\n|upkeep\n|turn|9\n|\n|t:|1718480839\n|move|p1a: Vikavolt|Bug Buzz|p2a: Luxray\n|-damage|p2a: Luxray|110/284\n|move|p2a: Luxray|Volt Switch|p1a: Vikavolt\n|-resisted|p1a: Vikavolt\n|-damage|p1a: Vikavolt|70/267\n|\n|t:|1718480841\n|switch|p2a: Landorus|Landorus, L75, M|36/257|[from] Volt Switch\n|\n|upkeep\n|turn|10\n|\n|t:|1718480844\n|move|p2a: Landorus|Psychic|p1a: Vikavolt\n|-damage|p1a: Vikavolt|0 fnt\n|faint|p1a: Vikavolt\n|\n|upkeep\n|\n|t:|1718480850\n|switch|p1a: Porygon-Z|Porygon-Z, L83|277/277\n|-damage|p1a: Porygon-Z|243/277|[from] Stealth Rock\n|turn|11\n|\n|t:|1718480855\n|move|p1a: Porygon-Z|Tri Attack|p2a: Landorus\n|-damage|p2a: Landorus|0 fnt\n|faint|p2a: Landorus\n|-damage|p1a: Porygon-Z|216/277|[from] item: Life Orb\n|\n|upkeep\n|\n|t:|1718480865\n|switch|p2a: Luxray|Luxray, L88, F|110/284\n|-activate|p2a: Luxray|move: Sticky Web\n|-unboost|p2a: Luxray|spe|1\n|-ability|p2a: Luxray|Intimidate|boost\n|-unboost|p1a: Porygon-Z|atk|1\n|turn|12\n|\n|t:|1718480870\n|switch|p1a: Deoxys|Deoxys-Defense, L86|226/226\n|-damage|p1a: Deoxys|198/226|[from] Stealth Rock\n|-ability|p1a: Deoxys|Pressure\n|move|p2a: Luxray|Wild Charge|p1a: Deoxys\n|-damage|p1a: Deoxys|117/226\n|-damage|p2a: Luxray|63/284|[from] item: Rocky Helmet|[of] p1a: Deoxys\n|-damage|p2a: Luxray|43/284|[from] Recoil\n|\n|upkeep\n|turn|13\n|\n|t:|1718480884\n|switch|p2a: Gastrodon|Gastrodon-East, L86, M|331/331\n|-activate|p2a: Gastrodon|move: Sticky Web\n|-unboost|p2a: Gastrodon|spe|1\n|move|p1a: Deoxys|Recover|p1a: Deoxys\n|-heal|p1a: Deoxys|226/226\n|\n|upkeep\n|turn|14\n|\n|t:|1718480888\n|move|p1a: Deoxys|Taunt|p2a: Gastrodon\n|-start|p2a: Gastrodon|move: Taunt\n|move|p2a: Gastrodon|Sludge Bomb|p1a: Deoxys\n|-crit|p1a: Deoxys\n|-damage|p1a: Deoxys|172/226\n|\n|upkeep\n|turn|15\n|\n|t:|1718480891\n|move|p1a: Deoxys|Stealth Rock|p2a: Gastrodon\n|-sidestart|p2: ceru-edge|move: Stealth Rock\n|move|p2a: Gastrodon|Sludge Bomb|p1a: Deoxys\n|-damage|p1a: Deoxys|130/226\n|\n|upkeep\n|turn|16\n|\n|t:|1718480895\n|move|p1a: Deoxys|Recover|p1a: Deoxys\n|-heal|p1a: Deoxys|226/226\n|move|p2a: Gastrodon|Sludge Bomb|p1a: Deoxys\n|-damage|p1a: Deoxys|190/226\n|\n|-end|p2a: Gastrodon|move: Taunt\n|upkeep\n|turn|17\n|\n|t:|1718480897\n|move|p1a: Deoxys|Night Shade|p2a: Gastrodon\n|-damage|p2a: Gastrodon|245/331\n|move|p2a: Gastrodon|Sludge Bomb|p1a: Deoxys\n|-damage|p1a: Deoxys|148/226\n|-status|p1a: Deoxys|psn\n|\n|-heal|p2a: Gastrodon|265/331|[from] item: Leftovers\n|-damage|p1a: Deoxys|120/226 psn|[from] psn\n|upkeep\n|turn|18\n|\n|t:|1718480901\n|move|p1a: Deoxys|Night Shade|p2a: Gastrodon\n|-damage|p2a: Gastrodon|179/331\n|move|p2a: Gastrodon|Earthquake|p1a: Deoxys\n|-damage|p1a: Deoxys|56/226 psn\n|\n|-heal|p2a: Gastrodon|199/331|[from] item: Leftovers\n|-damage|p1a: Deoxys|28/226 psn|[from] psn\n|upkeep\n|turn|19\n|\n|t:|1718480904\n|move|p1a: Deoxys|Taunt|p2a: Gastrodon\n|-start|p2a: Gastrodon|move: Taunt\n|move|p2a: Gastrodon|Earthquake|p1a: Deoxys\n|-damage|p1a: Deoxys|0 fnt\n|faint|p1a: Deoxys\n|\n|-heal|p2a: Gastrodon|219/331|[from] item: Leftovers\n|upkeep\n|\n|t:|1718480915\n|switch|p1a: Drednaw|Drednaw, L80, F|275/275\n|-damage|p1a: Drednaw|241/275|[from] Stealth Rock\n|turn|20\n|\n|t:|1718480921\n|switch|p2a: Luxray|Luxray, L88, F|43/284\n|-activate|p2a: Luxray|move: Sticky Web\n|-unboost|p2a: Luxray|spe|1\n|-damage|p2a: Luxray|8/284|[from] Stealth Rock\n|-ability|p2a: Luxray|Intimidate|boost\n|-unboost|p1a: Drednaw|atk|1\n|-enditem|p1a: Drednaw|White Herb\n|-clearnegativeboost|p1a: Drednaw|[silent]\n|-terastallize|p1a: Drednaw|Water\n|move|p1a: Drednaw|Shell Smash|p1a: Drednaw\n|-unboost|p1a: Drednaw|def|1\n|-unboost|p1a: Drednaw|spd|1\n|-boost|p1a: Drednaw|atk|2\n|-boost|p1a: Drednaw|spa|2\n|-boost|p1a: Drednaw|spe|2\n|\n|upkeep\n|turn|21\n|\n|t:|1718480928\n|move|p1a: Drednaw|Liquidation|p2a: Luxray\n|-damage|p2a: Luxray|0 fnt\n|faint|p2a: Luxray\n|\n|upkeep\n|c|\u2606ceru-edge|nice mu\n|\n|t:|1718480955\n|switch|p2a: Lanturn|Lanturn, L89, F|215/367\n|-activate|p2a: Lanturn|move: Sticky Web\n|-unboost|p2a: Lanturn|spe|1\n|-damage|p2a: Lanturn|170/367|[from] Stealth Rock\n|turn|22\n|\n|t:|1718480963\n|move|p1a: Drednaw|Earthquake|p2a: Lanturn\n|-supereffective|p2a: Lanturn\n|-damage|p2a: Lanturn|0 fnt\n|faint|p2a: Lanturn\n|\n|upkeep\n|\n|t:|1718480966\n|switch|p2a: Registeel|Registeel, L82|265/265\n|-activate|p2a: Registeel|move: Sticky Web\n|-fail|p2a: Registeel|unboost|[from] ability: Clear Body|[of] p2a: Registeel\n|-damage|p2a: Registeel|249/265|[from] Stealth Rock\n|turn|23\n|\n|t:|1718480971\n|-terastallize|p2a: Registeel|Fighting\n|move|p1a: Drednaw|Earthquake|p2a: Registeel\n|-damage|p2a: Registeel|157/265\n|move|p2a: Registeel|Body Press|p1a: Drednaw\n|-damage|p1a: Drednaw|60/275\n|\n|upkeep\n|turn|24\n|\n|t:|1718480980\n|move|p1a: Drednaw|Liquidation|p2a: Registeel\n|-damage|p2a: Registeel|0 fnt\n|faint|p2a: Registeel\n|\n|upkeep\n|\n|t:|1718480984\n|switch|p2a: Gastrodon|Gastrodon-East, L86, M|219/331\n|-activate|p2a: Gastrodon|move: Sticky Web\n|-unboost|p2a: Gastrodon|spe|1\n|-damage|p2a: Gastrodon|199/331|[from] Stealth Rock\n|turn|25\n|\n|t:|1718480987\n|move|p1a: Drednaw|Earthquake|p2a: Gastrodon\n|-damage|p2a: Gastrodon|36/331\n|move|p2a: Gastrodon|Earthquake|p1a: Drednaw\n|-damage|p1a: Drednaw|0 fnt\n|faint|p1a: Drednaw\n|\n|-heal|p2a: Gastrodon|56/331|[from] item: Leftovers\n|upkeep\n|\n|t:|1718480992\n|switch|p1a: Porygon-Z|Porygon-Z, L83|216/277\n|-damage|p1a: Porygon-Z|182/277|[from] Stealth Rock\n|turn|26\n|\n|t:|1718480996\n|move|p1a: Porygon-Z|Tri Attack|p2a: Gastrodon\n|-damage|p2a: Gastrodon|0 fnt\n|faint|p2a: Gastrodon\n|-damage|p1a: Porygon-Z|155/277|[from] item: Life Orb\n|\n|upkeep\n|\n|t:|1718480998\n|switch|p2a: Tornadus|Tornadus, L82, M|263/263\n|-damage|p2a: Tornadus|198/263|[from] Stealth Rock\n|turn|27\n|\n|t:|1718481002\n|move|p2a: Tornadus|Bleakwind Storm|p1a: Porygon-Z\n|-damage|p1a: Porygon-Z|0 fnt\n|faint|p1a: Porygon-Z\n|\n|upkeep\n|\n|t:|1718481004\n|switch|p1a: Staraptor|Staraptor, L79, F|263/263\n|-damage|p1a: Staraptor|198/263|[from] Stealth Rock\n|turn|28\n|\n|t:|1718481008\n|move|p1a: Staraptor|Brave Bird|p2a: Tornadus\n|-damage|p2a: Tornadus|9/263\n|-damage|p1a: Staraptor|136/263|[from] Recoil\n|move|p2a: Tornadus|Bleakwind Storm|p1a: Staraptor\n|-damage|p1a: Staraptor|0 fnt\n|faint|p1a: Staraptor\n|\n|win|ceru-edge\n|raw|trollinacc's rating: 2223 &rarr; <strong>2213</strong><br />(-10 for losing)\n|raw|ceru-edge's rating: 2417 &rarr; <strong>2427</strong><br />(+10 for winning)\n|l|\u2606trollinacc\n|player|p1|\n|c|\u2606ceru-edge|gg\n", "inputlog": ">version e046c5ea766451ca9500a73fe72ec774e92e6f7e\n>start {\"formatid\":\"gen9randombattle\",\"seed\":[7334,12259,2385,3249],\"rated\":\"Rated battle\"}\n>player p1 {\"name\":\"trollinacc\",\"avatar\":\"nobunaga-conquest\",\"rating\":2223,\"seed\":[404,59572,45226,22144]}\n>player p2 {\"name\":\"ceru-edge\",\"avatar\":\"bugcatcher-gen4dp\",\"rating\":2417,\"seed\":[41557,7812,9415,19850]}\n>p1 move calmmind\n>p2 move uturn\n>p2 switch 2\n>p1 move judgment\n>p2 move thunderwave\n>p1 move recover\n>p2 move voltswitch\n>p2 switch 3\n>p1 move judgment\n>p2 move playrough\n>p1 switch 5\n>p1 move stickyweb\n>p2 move voltswitch\n>p2 switch 5\n>p1 move energyball\n>p2 move stealthrock\n>p1 move energyball\n>p2 move psychic\n>p1 move bugbuzz\n>p2 switch 5\n>p1 move bugbuzz\n>p2 move voltswitch\n>p2 switch 5\n>p1 move energyball\n>p2 move psychic\n>p1 switch 2\n>p1 move triattack\n>p2 move earthpower\n>p2 switch 5\n>p1 switch 4\n>p2 move wildcharge\n>p1 move recover\n>p2 switch 6\n>p1 move taunt\n>p2 move sludgebomb\n>p1 move stealthrock\n>p2 move sludgebomb\n>p1 move recover\n>p2 move sludgebomb\n>p1 move nightshade\n>p2 move sludgebomb\n>p1 move nightshade\n>p2 move earthquake\n>p1 move taunt\n>p2 move earthquake\n>p1 switch 3\n>p1 move shellsmash terastallize\n>p2 switch 6\n>p1 move liquidation\n>p2 move voltswitch\n>chat \u2606ceru-edge|nice mu\n>p2 switch 3\n>p1 move earthquake\n>p2 move thunderbolt\n>p2 switch 4\n>p1 move earthquake\n>p2 move bodypress terastallize\n>p1 move liquidation\n>p2 move rest\n>p2 switch 6\n>p1 move earthquake\n>p2 move earthquake\n>p1 switch 4\n>p1 move triattack\n>p2 move sludgebomb\n>p2 switch 2\n>p1 move triattack\n>p2 move bleakwindstorm\n>p1 switch 6\n>p1 move bravebird\n>p2 move bleakwindstorm", "uploadtime": 1718481022, "views": 271, "formatid": "gen9randombattle", "rating": 2213, "private": 0, "password": null}