{"id": "gen9randombattle-2259773631", "format": "[Gen 9] Random Battle", "players": ["mailop1", "Themoonstoneruler"], "log": "|j|\u2606mailop1\n|j|\u2606Themoonstoneruler\n|t:|1733765339\n|gametype|singles\n|player|p1|mailop1|sailor|1363\n|player|p2|Themoonstoneruler|170|1416\n|teamsize|p1|6\n|teamsize|p2|6\n|gen|9\n|tier|[Gen 9] Random Battle\n|rated|\n|rule|Species Clause: Limit one of each Pok\u00e9mon\n|rule|HP Percentage Mod: HP is shown in percentages\n|rule|Sleep Clause Mod: Limit one foe put to sleep\n|rule|Illusion Level Mod: Illusion disguises the Pok\u00e9mon's true level\n|\n|t:|1733765339\n|start\n|switch|p1a: Grimmsnarl|Grimmsnarl, L83, M|293/293\n|switch|p2a: Hydreigon|Hydreigon, L79, M|275/275\n|turn|1\n|\n|t:|1733765351\n|switch|p2a: Pikachu|Pikachu-World, L93, M|216/216\n|move|p1a: Grimmsnarl|Light Screen|p1a: Grimmsnarl\n|-sidestart|p1: mailop1|move: Light Screen\n|\n|upkeep\n|turn|2\n|\n|t:|1733765365\n|move|p1a: Grimmsnarl|Parting Shot|p2a: Pikachu\n|-unboost|p2a: Pikachu|atk|1\n|-unboost|p2a: Pikachu|spa|1\n|\n|t:|1733765370\n|switch|p1a: Tyranitar|Tyranitar, L79, F|288/288|[from] Parting Shot\n|-weather|Sandstorm|[from] ability: Sand Stream|[of] p1a: Tyranitar\n|move|p2a: Pikachu|Play Rough|p1a: Tyranitar\n|-supereffective|p1a: Tyranitar\n|-damage|p1a: Tyranitar|166/288\n|\n|-weather|Sandstorm|[upkeep]\n|-damage|p2a: Pikachu|203/216|[from] Sandstorm\n|-heal|p1a: Tyranitar|184/288|[from] item: Leftovers\n|upkeep\n|turn|3\n|\n|t:|1733765393\n|switch|p2a: Eelektross|Eelektross, L87, F|290/290\n|switch|p1a: Grimmsnarl|Grimmsnarl, L83, M|293/293\n|\n|-weather|Sandstorm|[upkeep]\n|-damage|p1a: Grimmsnarl|275/293|[from] Sandstorm\n|-damage|p2a: Eelektross|272/290|[from] Sandstorm\n|upkeep\n|turn|4\n|\n|t:|1733765403\n|move|p1a: Grimmsnarl|Reflect|p1a: Grimmsnarl\n|-sidestart|p1: mailop1|Reflect\n|move|p2a: Eelektross|Discharge|p1a: Grimmsnarl\n|-damage|p1a: Grimmsnarl|225/293\n|-status|p1a: Grimmsnarl|par\n|\n|-weather|Sandstorm|[upkeep]\n|-damage|p2a: Eelektross|254/290|[from] Sandstorm\n|-damage|p1a: Grimmsnarl|207/293 par|[from] Sandstorm\n|upkeep\n|turn|5\n|\n|t:|1733765419\n|move|p1a: Grimmsnarl|Parting Shot|p2a: Eelektross\n|-unboost|p2a: Eelektross|atk|1\n|-unboost|p2a: Eelektross|spa|1\n|\n|t:|1733765436\n|switch|p1a: Klawf|Klawf, L90, F|272/272|[from] Parting Shot\n|move|p2a: Eelektross|U-turn|p1a: Klawf\n|-damage|p1a: Klawf|256/272\n|inactive|Battle timer is ON: inactive players will automatically lose when time's up. (requested by Themoonstoneruler)\n|\n|t:|1733765441\n|switch|p2a: Breloom|Breloom, L82, F|233/233|[from] U-turn\n|\n|-weather|Sandstorm|[upkeep]\n|-damage|p2a: Breloom|219/233|[from] Sandstorm\n|upkeep\n|turn|6\n|\n|t:|1733765459\n|move|p1a: Klawf|Swords Dance|p1a: Klawf\n|-boost|p1a: Klawf|atk|2\n|move|p2a: Breloom|Bullet Seed|p1a: Klawf\n|-supereffective|p1a: Klawf\n|-enditem|p1a: Klawf|Rindo Berry|[eat]\n|-enditem|p1a: Klawf|Rindo Berry|[weaken]\n|-damage|p1a: Klawf|231/272\n|-supereffective|p1a: Klawf\n|-damage|p1a: Klawf|180/272\n|-hitcount|p1a: Klawf|2\n|-damage|p2a: Breloom|196/233|[from] item: Life Orb\n|\n|-weather|none\n|upkeep\n|turn|7\n|\n|t:|1733765477\n|move|p1a: Klawf|Knock Off|p2a: Breloom\n|-resisted|p2a: Breloom\n|-damage|p2a: Breloom|101/233\n|-enditem|p2a: Breloom|Life Orb|[from] move: Knock Off|[of] p1a: Klawf\n|move|p2a: Breloom|Bullet Seed|p1a: Klawf\n|-supereffective|p1a: Klawf\n|-damage|p1a: Klawf|140/272\n|-supereffective|p1a: Klawf\n|-damage|p1a: Klawf|103/272\n|-supereffective|p1a: Klawf\n|-damage|p1a: Klawf|67/272\n|-hitcount|p1a: Klawf|3\n|-ability|p1a: Klawf|Anger Shell|boost\n|-boost|p1a: Klawf|atk|1\n|-boost|p1a: Klawf|spa|1\n|-boost|p1a: Klawf|spe|1\n|-unboost|p1a: Klawf|def|1\n|-unboost|p1a: Klawf|spd|1\n|\n|upkeep\n|turn|8\n|inactive|mailop1 has 120 seconds left.\n|\n|t:|1733765511\n|-terastallize|p1a: Klawf|Water\n|move|p2a: Breloom|Mach Punch|p1a: Klawf\n|-damage|p1a: Klawf|25/272\n|move|p1a: Klawf|Crabhammer|p2a: Breloom\n|-resisted|p2a: Breloom\n|-damage|p2a: Breloom|0 fnt\n|faint|p2a: Breloom\n|\n|-sideend|p1: mailop1|move: Light Screen\n|upkeep\n|\n|t:|1733765527\n|switch|p2a: Eelektross|Eelektross, L87, F|254/290\n|turn|9\n|inactive|mailop1 has 120 seconds left.\n|\n|t:|1733765535\n|move|p1a: Klawf|Crabhammer|p2a: Eelektross\n|-crit|p2a: Eelektross\n|-damage|p2a: Eelektross|0 fnt\n|faint|p2a: Eelektross\n|\n|upkeep\n|inactive|Themoonstoneruler has 120 seconds left.\n|inactive|Themoonstoneruler has 90 seconds left.\n|\n|t:|1733765589\n|switch|p2a: Grafaiai|Grafaiai, L86, F|249/249\n|turn|10\n|inactive|mailop1 has 120 seconds left.\n|\n|t:|1733765608\n|-terastallize|p2a: Grafaiai|Dark\n|move|p1a: Klawf|Crabhammer|p2a: Grafaiai\n|-damage|p2a: Grafaiai|0 fnt\n|faint|p2a: Grafaiai\n|\n|upkeep\n|inactive|Themoonstoneruler has 90 seconds left.\n|\n|t:|1733765637\n|switch|p2a: Hydreigon|Hydreigon, L79, M|275/275\n|turn|11\n|c|\u2606mailop1|i am SO missing\n|inactive|mailop1 has 120 seconds left.\n|\n|t:|1733765653\n|move|p1a: Klawf|Crabhammer|p2a: Hydreigon\n|-resisted|p2a: Hydreigon\n|-damage|p2a: Hydreigon|117/275\n|move|p2a: Hydreigon|Dark Pulse|p1a: Klawf\n|-damage|p1a: Klawf|0 fnt\n|faint|p1a: Klawf\n|-damage|p2a: Hydreigon|90/275|[from] item: Life Orb\n|\n|-sideend|p1: mailop1|Reflect\n|upkeep\n|inactive|mailop1 has 120 seconds left.\n|c|\u2606mailop1|nvm\n|c|\u2606Themoonstoneruler|oop\n|\n|t:|1733765680\n|switch|p1a: Sceptile|Sceptile, L87, F|264/264\n|turn|12\n|inactive|Themoonstoneruler has 90 seconds left.\n|\n|t:|1733765704\n|move|p1a: Sceptile|Focus Blast|p2a: Hydreigon|[miss]\n|-miss|p1a: Sceptile|p2a: Hydreigon\n|move|p2a: Hydreigon|Draco Meteor|p1a: Sceptile\n|-damage|p1a: Sceptile|85/264\n|-unboost|p2a: Hydreigon|spa|2\n|-damage|p2a: Hydreigon|63/275|[from] item: Life Orb\n|\n|-heal|p1a: Sceptile|101/264|[from] item: Leftovers\n|upkeep\n|turn|13\n|\n|t:|1733765715\n|switch|p2a: Misdreavus|Misdreavus, L90, F|254/254\n|move|p1a: Sceptile|Focus Blast|p2a: Misdreavus\n|-immune|p2a: Misdreavus\n|\n|-heal|p1a: Sceptile|117/264|[from] item: Leftovers\n|upkeep\n|turn|14\n|inactive|Themoonstoneruler has 90 seconds left.\n|\n|t:|1733765733\n|switch|p1a: Grimmsnarl|Grimmsnarl, L83, M|207/293 par\n|move|p2a: Misdreavus|Calm Mind|p2a: Misdreavus\n|-boost|p2a: Misdreavus|spa|1\n|-boost|p2a: Misdreavus|spd|1\n|\n|upkeep\n|turn|15\n|\n|t:|1733765742\n|move|p2a: Misdreavus|Draining Kiss|p1a: Grimmsnarl\n|-supereffective|p1a: Grimmsnarl\n|-damage|p1a: Grimmsnarl|91/293 par\n|move|p1a: Grimmsnarl|Spirit Break|p2a: Misdreavus\n|-damage|p2a: Misdreavus|176/254\n|-unboost|p2a: Misdreavus|spa|1\n|\n|upkeep\n|turn|16\n|\n|t:|1733765753\n|cant|p1a: Grimmsnarl|par\n|move|p2a: Misdreavus|Draining Kiss|p1a: Grimmsnarl\n|-supereffective|p1a: Grimmsnarl\n|-damage|p1a: Grimmsnarl|5/293 par\n|-heal|p2a: Misdreavus|241/254|[from] drain|[of] p1a: Grimmsnarl\n|\n|upkeep\n|turn|17\n|\n|t:|1733765760\n|move|p1a: Grimmsnarl|Light Screen|p1a: Grimmsnarl\n|-sidestart|p1: mailop1|move: Light Screen\n|move|p2a: Misdreavus|Calm Mind|p2a: Misdreavus\n|-boost|p2a: Misdreavus|spa|1\n|-boost|p2a: Misdreavus|spd|1\n|\n|upkeep\n|turn|18\n|\n|t:|1733765765\n|move|p2a: Misdreavus|Calm Mind|p2a: Misdreavus\n|-boost|p2a: Misdreavus|spa|1\n|-boost|p2a: Misdreavus|spd|1\n|cant|p1a: Grimmsnarl|par\n|\n|upkeep\n|turn|19\n|\n|t:|1733765771\n|move|p2a: Misdreavus|Draining Kiss|p1a: Grimmsnarl\n|-supereffective|p1a: Grimmsnarl\n|-damage|p1a: Grimmsnarl|0 fnt\n|-heal|p2a: Misdreavus|245/254|[from] drain|[of] p1a: Grimmsnarl\n|faint|p1a: Grimmsnarl\n|\n|upkeep\n|\n|t:|1733765797\n|switch|p1a: Toxicroak|Toxicroak, L84, F|277/277\n|turn|20\n|\n|t:|1733765810\n|move|p1a: Toxicroak|Sucker Punch||[still]\n|-fail|p1a: Toxicroak\n|move|p2a: Misdreavus|Will-O-Wisp|p1a: Toxicroak\n|-status|p1a: Toxicroak|brn\n|\n|-damage|p1a: Toxicroak|260/277 brn|[from] brn\n|upkeep\n|turn|21\n|\n|t:|1733765819\n|move|p1a: Toxicroak|Sucker Punch|p2a: Misdreavus\n|-supereffective|p2a: Misdreavus\n|-damage|p2a: Misdreavus|179/254\n|move|p2a: Misdreavus|Shadow Ball|p1a: Toxicroak\n|-crit|p1a: Toxicroak\n|-damage|p1a: Toxicroak|0 fnt\n|faint|p1a: Toxicroak\n|\n|upkeep\n|\n|t:|1733765830\n|switch|p1a: Tsareena|Tsareena, L87, F|267/267\n|turn|22\n|\n|t:|1733765848\n|move|p2a: Misdreavus|Shadow Ball|p1a: Tsareena\n|-damage|p1a: Tsareena|191/267\n|move|p1a: Tsareena|Power Whip|p2a: Misdreavus|[miss]\n|-miss|p1a: Tsareena|p2a: Misdreavus\n|\n|upkeep\n|turn|23\n|inactive|Themoonstoneruler has 120 seconds left.\n|c|\u2606mailop1|i don't like this\n|\n|t:|1733765886\n|move|p2a: Misdreavus|Shadow Ball|p1a: Tsareena\n|-damage|p1a: Tsareena|119/267\n|move|p1a: Tsareena|Power Whip|p2a: Misdreavus\n|-damage|p2a: Misdreavus|2/254\n|-damage|p1a: Tsareena|93/267|[from] item: Life Orb\n|\n|upkeep\n|turn|24\n|\n|t:|1733765909\n|move|p2a: Misdreavus|Shadow Ball|p1a: Tsareena\n|-damage|p1a: Tsareena|15/267\n|move|p1a: Tsareena|Synthesis|p1a: Tsareena\n|-heal|p1a: Tsareena|148/267\n|\n|-sideend|p1: mailop1|move: Light Screen\n|upkeep\n|turn|25\n|\n|t:|1733765918\n|move|p2a: Misdreavus|Shadow Ball|p1a: Tsareena\n|-damage|p1a: Tsareena|0 fnt\n|faint|p1a: Tsareena\n|\n|upkeep\n|\n|t:|1733765925\n|switch|p1a: Sceptile|Sceptile, L87, F|117/264\n|turn|26\n|c|\u2606Themoonstoneruler|u fast\n|c|\u2606Themoonstoneruler|it  ok\n|inactive|Themoonstoneruler has 120 seconds left.\n|\n|t:|1733765932\n|move|p1a: Sceptile|Giga Drain|p2a: Misdreavus\n|-damage|p2a: Misdreavus|0 fnt\n|-heal|p1a: Sceptile|118/264|[from] drain|[of] p2a: Misdreavus\n|faint|p2a: Misdreavus\n|\n|-heal|p1a: Sceptile|134/264|[from] item: Leftovers\n|upkeep\n|c|\u2606mailop1|yey\n|inactive|Themoonstoneruler has 120 seconds left.\n|\n|t:|1733765938\n|switch|p2a: Pikachu|Pikachu-World, L93, M|203/216\n|turn|27\n|inactive|mailop1 has 120 seconds left.\n|\n|t:|1733765953\n|move|p1a: Sceptile|Giga Drain|p2a: Pikachu\n|-damage|p2a: Pikachu|92/216\n|-heal|p1a: Sceptile|190/264|[from] drain|[of] p2a: Pikachu\n|move|p2a: Pikachu|Surf|p1a: Sceptile\n|-resisted|p1a: Sceptile\n|-damage|p1a: Sceptile|141/264\n|\n|-heal|p1a: Sceptile|157/264|[from] item: Leftovers\n|upkeep\n|turn|28\n|\n|t:|1733765963\n|move|p1a: Sceptile|Giga Drain|p2a: Pikachu\n|-damage|p2a: Pikachu|0 fnt\n|-heal|p1a: Sceptile|203/264|[from] drain|[of] p2a: Pikachu\n|faint|p2a: Pikachu\n|\n|-heal|p1a: Sceptile|219/264|[from] item: Leftovers\n|upkeep\n|\n|t:|1733765982\n|switch|p2a: Hydreigon|Hydreigon, L79, M|63/275\n|turn|29\n|c|\u2606mailop1|watch focus blast miss\n|\n|t:|1733765988\n|move|p1a: Sceptile|Focus Blast|p2a: Hydreigon|[miss]\n|-miss|p1a: Sceptile|p2a: Hydreigon\n|move|p2a: Hydreigon|Dark Pulse|p1a: Sceptile\n|-damage|p1a: Sceptile|109/264\n|-damage|p2a: Hydreigon|36/275|[from] item: Life Orb\n|\n|-heal|p1a: Sceptile|125/264|[from] item: Leftovers\n|upkeep\n|turn|30\n|c|\u2606mailop1|ye\n|c|\u2606Themoonstoneruler|lol 2?\n|\n|t:|1733766001\n|move|p1a: Sceptile|Focus Blast|p2a: Hydreigon\n|-supereffective|p2a: Hydreigon\n|-damage|p2a: Hydreigon|0 fnt\n|faint|p2a: Hydreigon\n|\n|win|mailop1\n|raw|mailop1's rating: 1363 &rarr; <strong>1386</strong><br />(+23 for winning)\n|raw|Themoonstoneruler's rating: 1416 &rarr; <strong>1393</strong><br />(-23 for losing)\n|c|\u2606mailop1|gg\n|l|\u2606Themoonstoneruler\n|player|p2|\n", "inputlog": ">version bfd83cad13791eb5a5a409923076391caf6fb4d4\n>start {\"formatid\":\"gen9randombattle\",\"seed\":[37763,55933,55204,15199],\"rated\":\"Rated battle\"}\n>player p1 {\"name\":\"mailop1\",\"avatar\":\"sailor\",\"rating\":1363,\"seed\":[37148,14000,5414,50029]}\n>player p2 {\"name\":\"Themoonstoneruler\",\"avatar\":\"170\",\"rating\":1416,\"seed\":[55306,64953,3555,6277]}\n>p1 move lightscreen\n>p2 switch 6\n>p1 move partingshot\n>p2 move playrough\n>p1 switch 5\n>p1 switch 5\n>p2 switch 4\n>p1 move reflect\n>p2 move discharge\n>p1 move partingshot\n>p2 move uturn\n>p1 switch 6\n>p2 switch 3\n>p1 move swordsdance\n>p2 move bulletseed\n>p1 move knockoff\n>p2 move bulletseed\n>p1 move crabhammer terastallize\n>p2 move machpunch\n>p2 switch 3\n>p1 move crabhammer\n>p2 move discharge\n>p2 switch 2\n>p1 move crabhammer\n>p2 move knockoff terastallize\n>p2 switch 6\n>chat \u2606mailop1|i am SO missing\n>p1 move crabhammer\n>p2 move darkpulse\n>chat \u2606mailop1|nvm\n>chat \u2606Themoonstoneruler|oop\n>p1 switch 2\n>p1 move focusblast\n>p2 move dracometeor\n>p1 move focusblast\n>p2 switch 5\n>p1 switch 6\n>p2 move calmmind\n>p1 move spiritbreak\n>p2 move drainingkiss\n>p1 move lightscreen\n>p2 move drainingkiss\n>p1 move lightscreen\n>p2 move calmmind\n>p1 move spiritbreak\n>p2 move calmmind\n>p1 move spiritbreak\n>p2 move drainingkiss\n>p1 switch 3\n>p1 move suckerpunch\n>p2 move willowisp\n>p1 move suckerpunch\n>p2 move shadowball\n>p1 switch 4\n>p1 move powerwhip\n>p2 move shadowball\n>chat \u2606mailop1|i don't like this\n>p1 move powerwhip\n>p2 move shadowball\n>p1 move synthesis\n>p2 move shadowball\n>p1 move tripleaxel\n>p2 move shadowball\n>p1 switch 6\n>chat \u2606Themoonstoneruler|u fast\n>chat \u2606Themoonstoneruler|it  ok\n>p1 move gigadrain\n>p2 move shadowball\n>chat \u2606mailop1|yey\n>p2 switch 4\n>p1 move gigadrain\n>p2 move surf\n>p1 move gigadrain\n>p2 move volttackle\n>p2 switch 5\n>chat \u2606mailop1|watch focus blast miss\n>p1 move focusblast\n>p2 move darkpulse\n>chat \u2606mailop1|ye\n>chat \u2606Themoonstoneruler|lol 2?\n>p1 move focusblast\n>p2 move darkpulse", "uploadtime": 1733766008, "views": 10, "formatid": "gen9randombattle", "rating": 1386, "private": 0, "password": null}