{"id": "gen9randombattle-2260833545", "format": "[Gen 9] Random Battle", "players": ["the scholar", "Trainer Taki"], "log": "|j|\u2606the scholar\n|j|\u2606Trainer Taki\n|t:|1733900618\n|gametype|singles\n|player|p1|the scholar|schoolkid-gen4dp|1469\n|player|p2|Trainer Taki|266|1485\n|teamsize|p1|6\n|teamsize|p2|6\n|gen|9\n|tier|[Gen 9] Random Battle\n|rated|\n|rule|Species Clause: Limit one of each Pok\u00e9mon\n|rule|HP Percentage Mod: HP is shown in percentages\n|rule|Sleep Clause Mod: Limit one foe put to sleep\n|rule|Illusion Level Mod: Illusion disguises the Pok\u00e9mon's true level\n|\n|t:|1733900618\n|start\n|switch|p1a: Blaziken|Blaziken, L76, M|247/247\n|switch|p2a: Quaquaval|Quaquaval, L79, F|264/264\n|turn|1\n|inactive|Battle timer is ON: inactive players will automatically lose when time's up. (requested by the scholar)\n|\n|t:|1733900630\n|switch|p1a: Toxapex|Toxapex, L82, F|216/216\n|move|p2a: Quaquaval|Aqua Step|p1a: Toxapex\n|-resisted|p1a: Toxapex\n|-damage|p1a: Toxapex|181/216\n|-boost|p2a: Quaquaval|spe|1\n|-damage|p2a: Quaquaval|238/264|[from] item: Life Orb\n|\n|-heal|p1a: Toxapex|194/216|[from] item: Leftovers\n|upkeep\n|turn|2\n|\n|t:|1733900642\n|move|p2a: Quaquaval|Swords Dance|p2a: Quaquaval\n|-boost|p2a: Quaquaval|atk|2\n|move|p1a: Toxapex|Toxic Spikes|p2a: Quaquaval\n|-sidestart|p2: Trainer Taki|move: Toxic Spikes\n|\n|-heal|p1a: Toxapex|207/216|[from] item: Leftovers\n|upkeep\n|turn|3\n|\n|t:|1733900659\n|move|p2a: Quaquaval|Swords Dance|p2a: Quaquaval\n|-boost|p2a: Quaquaval|atk|2\n|move|p1a: Toxapex|Haze|p1a: Toxapex\n|-clearallboost\n|\n|-heal|p1a: Toxapex|216/216|[from] item: Leftovers\n|upkeep\n|turn|4\n|inactive|Trainer Taki has 120 seconds left.\n|\n|t:|1733900687\n|switch|p2a: Hatterene|Hatterene, L85, F|236/236\n|-status|p2a: Hatterene|psn\n|move|p1a: Toxapex|Liquidation|p2a: Hatterene\n|-damage|p2a: Hatterene|182/236 psn\n|-unboost|p2a: Hatterene|def|1\n|\n|-damage|p2a: Hatterene|153/236 psn|[from] psn\n|upkeep\n|turn|5\n|inactive|Trainer Taki has 120 seconds left.\n|\n|t:|1733900701\n|switch|p1a: Suicune|Suicune, L82|298/298\n|-ability|p1a: Suicune|Pressure\n|move|p2a: Hatterene|Psychic|p1a: Suicune\n|-damage|p1a: Suicune|189/298\n|\n|-heal|p1a: Suicune|207/298|[from] item: Leftovers\n|-damage|p2a: Hatterene|124/236 psn|[from] psn\n|upkeep\n|turn|6\n|\n|t:|1733900710\n|move|p1a: Suicune|Calm Mind|p1a: Suicune\n|-boost|p1a: Suicune|spa|1\n|-boost|p1a: Suicune|spd|1\n|move|p2a: Hatterene|Nuzzle|p1a: Suicune\n|-supereffective|p1a: Suicune\n|-damage|p1a: Suicune|179/298\n|-status|p1a: Suicune|par\n|\n|-heal|p1a: Suicune|197/298 par|[from] item: Leftovers\n|-damage|p2a: Hatterene|95/236 psn|[from] psn\n|upkeep\n|turn|7\n|\n|t:|1733900723\n|switch|p2a: Quaquaval|Quaquaval, L79, F|238/264\n|-status|p2a: Quaquaval|psn\n|cant|p1a: Suicune|par\n|\n|-heal|p1a: Suicune|215/298 par|[from] item: Leftovers\n|-damage|p2a: Quaquaval|205/264 psn|[from] psn\n|upkeep\n|turn|8\n|inactive|Trainer Taki has 120 seconds left.\n|\n|t:|1733900752\n|switch|p1a: Toxapex|Toxapex, L82, F|216/216\n|move|p2a: Quaquaval|Close Combat|p1a: Toxapex\n|-resisted|p1a: Toxapex\n|-damage|p1a: Toxapex|155/216\n|-unboost|p2a: Quaquaval|def|1\n|-unboost|p2a: Quaquaval|spd|1\n|-damage|p2a: Quaquaval|179/264 psn|[from] item: Life Orb\n|\n|-heal|p1a: Toxapex|168/216|[from] item: Leftovers\n|-damage|p2a: Quaquaval|146/264 psn|[from] psn\n|upkeep\n|turn|9\n|inactive|Trainer Taki has 120 seconds left.\n|\n|t:|1733900766\n|switch|p2a: Bellibolt|Bellibolt, L84, M|320/320\n|-status|p2a: Bellibolt|psn\n|move|p1a: Toxapex|Liquidation|p2a: Bellibolt\n|-damage|p2a: Bellibolt|263/320 psn\n|-start|p2a: Bellibolt|Charge|Liquidation|[from] ability: Electromorphosis\n|\n|-heal|p2a: Bellibolt|283/320 psn|[from] item: Leftovers\n|-heal|p1a: Toxapex|181/216|[from] item: Leftovers\n|-damage|p2a: Bellibolt|243/320 psn|[from] psn\n|upkeep\n|turn|10\n|inactive|Trainer Taki has 120 seconds left.\n|\n|t:|1733900787\n|switch|p1a: Suicune|Suicune, L82|215/298 par\n|-ability|p1a: Suicune|Pressure\n|move|p2a: Bellibolt|Thunderbolt|p1a: Suicune\n|-supereffective|p1a: Suicune\n|-damage|p1a: Suicune|0 fnt\n|faint|p1a: Suicune\n|-end|p2a: Bellibolt|Charge|[silent]\n|\n|-heal|p2a: Bellibolt|263/320 psn|[from] item: Leftovers\n|-damage|p2a: Bellibolt|223/320 psn|[from] psn\n|upkeep\n|\n|t:|1733900789\n|switch|p1a: Alcremie|Alcremie-Ruby-Cream, L90, F|263/263\n|turn|11\n|inactive|Trainer Taki has 120 seconds left.\n|\n|t:|1733900810\n|move|p1a: Alcremie|Calm Mind|p1a: Alcremie\n|-boost|p1a: Alcremie|spa|1\n|-boost|p1a: Alcremie|spd|1\n|move|p2a: Bellibolt|Toxic|p1a: Alcremie\n|-status|p1a: Alcremie|tox\n|\n|-heal|p2a: Bellibolt|243/320 psn|[from] item: Leftovers\n|-damage|p1a: Alcremie|247/263 tox|[from] psn\n|-damage|p2a: Bellibolt|203/320 psn|[from] psn\n|upkeep\n|turn|12\n|inactive|Trainer Taki has 90 seconds left.\n|\n|t:|1733900849\n|move|p1a: Alcremie|Alluring Voice|p2a: Bellibolt\n|-damage|p2a: Bellibolt|47/320 psn\n|-start|p2a: Bellibolt|Charge|Alluring Voice|[from] ability: Electromorphosis\n|move|p2a: Bellibolt|Slack Off|p2a: Bellibolt\n|-heal|p2a: Bellibolt|207/320 psn\n|\n|-heal|p1a: Alcremie|263/263 tox|[from] item: Leftovers\n|-heal|p2a: Bellibolt|227/320 psn|[from] item: Leftovers\n|-damage|p1a: Alcremie|231/263 tox|[from] psn\n|-damage|p2a: Bellibolt|187/320 psn|[from] psn\n|upkeep\n|turn|13\n|inactive|Trainer Taki has 90 seconds left.\n|\n|t:|1733900861\n|move|p1a: Alcremie|Calm Mind|p1a: Alcremie\n|-boost|p1a: Alcremie|spa|1\n|-boost|p1a: Alcremie|spd|1\n|move|p2a: Bellibolt|Slack Off|p2a: Bellibolt\n|-heal|p2a: Bellibolt|320/320 psn\n|\n|-heal|p1a: Alcremie|247/263 tox|[from] item: Leftovers\n|-damage|p1a: Alcremie|199/263 tox|[from] psn\n|-damage|p2a: Bellibolt|280/320 psn|[from] psn\n|upkeep\n|turn|14\n|inactive|Trainer Taki has 90 seconds left.\n|\n|t:|1733900874\n|move|p1a: Alcremie|Alluring Voice|p2a: Bellibolt\n|-damage|p2a: Bellibolt|58/320 psn\n|-start|p2a: Bellibolt|Charge|Alluring Voice|[from] ability: Electromorphosis\n|move|p2a: Bellibolt|Thunderbolt|p1a: Alcremie\n|-damage|p1a: Alcremie|124/263 tox\n|-end|p2a: Bellibolt|Charge|[silent]\n|\n|-heal|p1a: Alcremie|140/263 tox|[from] item: Leftovers\n|-heal|p2a: Bellibolt|78/320 psn|[from] item: Leftovers\n|-damage|p1a: Alcremie|76/263 tox|[from] psn\n|-damage|p2a: Bellibolt|38/320 psn|[from] psn\n|upkeep\n|turn|15\n|inactive|Trainer Taki has 90 seconds left.\n|\n|t:|1733900890\n|move|p1a: Alcremie|Alluring Voice|p2a: Bellibolt\n|-damage|p2a: Bellibolt|0 fnt\n|faint|p2a: Bellibolt\n|\n|-heal|p1a: Alcremie|92/263 tox|[from] item: Leftovers\n|-damage|p1a: Alcremie|12/263 tox|[from] psn\n|upkeep\n|inactive|Trainer Taki has 60 seconds left.\n|\n|t:|1733900922\n|switch|p2a: Quaquaval|Quaquaval, L79, F|146/264 psn\n|turn|16\n|inactive|Trainer Taki has 60 seconds left.\n|\n|t:|1733900929\n|switch|p1a: Toxapex|Toxapex, L82, F|216/216\n|move|p2a: Quaquaval|Triple Axel|p1a: Toxapex\n|-resisted|p1a: Toxapex\n|-damage|p1a: Toxapex|210/216\n|-resisted|p1a: Toxapex\n|-damage|p1a: Toxapex|197/216\n|-resisted|p1a: Toxapex\n|-damage|p1a: Toxapex|179/216\n|-hitcount|p1a: Toxapex|3\n|-damage|p2a: Quaquaval|120/264 psn|[from] item: Life Orb\n|\n|-heal|p1a: Toxapex|192/216|[from] item: Leftovers\n|-damage|p2a: Quaquaval|87/264 psn|[from] psn\n|upkeep\n|turn|17\n|inactive|Trainer Taki has 60 seconds left.\n|\n|t:|1733900942\n|switch|p2a: Hatterene|Hatterene, L85, F|95/236 psn\n|move|p1a: Toxapex|Liquidation|p2a: Hatterene\n|-damage|p2a: Hatterene|41/236 psn\n|\n|-heal|p1a: Toxapex|205/216|[from] item: Leftovers\n|-damage|p2a: Hatterene|12/236 psn|[from] psn\n|upkeep\n|turn|18\n|\n|t:|1733900959\n|switch|p1a: Chandelure|Chandelure, L83, M|235/235\n|move|p2a: Hatterene|Psychic|p1a: Chandelure\n|-damage|p1a: Chandelure|105/235\n|\n|-damage|p2a: Hatterene|0 fnt|[from] psn\n|faint|p2a: Hatterene\n|upkeep\n|inactive|Trainer Taki has 60 seconds left.\n|\n|t:|1733900987\n|switch|p2a: Noivern|Noivern, L82, F|274/274\n|turn|19\n|\n|t:|1733900993\n|move|p1a: Chandelure|Trick|p2a: Noivern\n|-activate|p1a: Chandelure|move: Trick|[of] p2a: Noivern\n|-item|p2a: Noivern|Choice Scarf|[from] move: Trick\n|-item|p1a: Chandelure|Choice Specs|[from] move: Trick\n|move|p2a: Noivern|Draco Meteor|p1a: Chandelure|[miss]\n|-miss|p2a: Noivern|p1a: Chandelure\n|\n|upkeep\n|turn|20\n|\n|t:|1733901003\n|switch|p1a: Alcremie|Alcremie-Ruby-Cream, L90, F|12/263 tox\n|move|p2a: Noivern|Draco Meteor|p1a: Alcremie\n|-immune|p1a: Alcremie\n|\n|-heal|p1a: Alcremie|28/263 tox|[from] item: Leftovers\n|-damage|p1a: Alcremie|12/263 tox|[from] psn\n|upkeep\n|turn|21\n|inactive|Trainer Taki has 60 seconds left.\n|\n|t:|1733901015\n|switch|p2a: Chansey|Chansey, L85, F|564/564\n|-status|p2a: Chansey|psn\n|move|p1a: Alcremie|Recover|p1a: Alcremie\n|-heal|p1a: Alcremie|144/263 tox\n|\n|-heal|p1a: Alcremie|160/263 tox|[from] item: Leftovers\n|-damage|p1a: Alcremie|128/263 tox|[from] psn\n|-damage|p2a: Chansey|494/564 psn|[from] psn\n|upkeep\n|turn|22\n|inactive|Trainer Taki has 60 seconds left.\n|\n|t:|1733901034\n|switch|p1a: Chandelure|Chandelure, L83, M|105/235\n|move|p2a: Chansey|Heal Bell|p2a: Chansey\n|-activate|p2a: Chansey|move: Heal Bell\n|-curestatus|p2a: Chansey|psn|[msg]\n|-curestatus|p2: Quaquaval|psn|[msg]\n|\n|upkeep\n|turn|23\n|\n|t:|1733901048\n|move|p1a: Chandelure|Trick|p2a: Chansey\n|-activate|p1a: Chandelure|move: Trick|[of] p2a: Chansey\n|-item|p2a: Chansey|Choice Specs|[from] move: Trick\n|-item|p1a: Chandelure|Eviolite|[from] move: Trick\n|move|p2a: Chansey|Thunder Wave|p1a: Chandelure\n|-status|p1a: Chandelure|par\n|\n|upkeep\n|turn|24\n|\n|t:|1733901060\n|switch|p2a: Noivern|Noivern, L82, F|274/274\n|move|p1a: Chandelure|Trick|p2a: Noivern\n|-activate|p1a: Chandelure|move: Trick|[of] p2a: Noivern\n|-item|p2a: Noivern|Eviolite|[from] move: Trick\n|-item|p1a: Chandelure|Choice Scarf|[from] move: Trick\n|\n|upkeep\n|turn|25\n|\n|t:|1733901070\n|move|p2a: Noivern|Draco Meteor|p1a: Chandelure\n|-damage|p1a: Chandelure|0 fnt\n|-unboost|p2a: Noivern|spa|2\n|faint|p1a: Chandelure\n|\n|upkeep\n|\n|t:|1733901088\n|switch|p1a: Alcremie|Alcremie-Ruby-Cream, L90, F|128/263 tox\n|turn|26\n|inactive|Trainer Taki has 60 seconds left.\n|\n|t:|1733901100\n|switch|p2a: Chansey|Chansey, L85, F|494/564\n|-status|p2a: Chansey|psn\n|move|p1a: Alcremie|Recover|p1a: Alcremie\n|-heal|p1a: Alcremie|260/263 tox\n|\n|-heal|p1a: Alcremie|263/263 tox|[from] item: Leftovers\n|-damage|p1a: Alcremie|247/263 tox|[from] psn\n|-damage|p2a: Chansey|424/564 psn|[from] psn\n|upkeep\n|turn|27\n|inactive|Trainer Taki has 60 seconds left.\n|\n|t:|1733901126\n|switch|p1a: Conkeldurr|Conkeldurr, L80, M|299/299\n|-curestatus|p2a: Chansey|psn|[from] ability: Natural Cure\n|switch|p2a: Basculegion|Basculegion, L81, M|327/327\n|-status|p2a: Basculegion|psn\n|\n|-damage|p2a: Basculegion|287/327 psn|[from] psn\n|-status|p1a: Conkeldurr|brn|[from] item: Flame Orb\n|upkeep\n|turn|28\n|\n|t:|1733901148\n|move|p2a: Basculegion|Wave Crash|p1a: Conkeldurr\n|-damage|p1a: Conkeldurr|125/299 brn\n|-damage|p2a: Basculegion|230/327 psn|[from] Recoil\n|move|p1a: Conkeldurr|Knock Off|p2a: Basculegion\n|-supereffective|p2a: Basculegion\n|-damage|p2a: Basculegion|0 fnt\n|-enditem|p2a: Basculegion|Assault Vest|[from] move: Knock Off|[of] p1a: Conkeldurr\n|faint|p2a: Basculegion\n|\n|-damage|p1a: Conkeldurr|107/299 brn|[from] brn\n|upkeep\n|\n|t:|1733901158\n|switch|p2a: Quaquaval|Quaquaval, L79, F|87/264\n|-status|p2a: Quaquaval|psn\n|turn|29\n|\n|t:|1733901170\n|switch|p1a: Toxapex|Toxapex, L82, F|216/216\n|move|p2a: Quaquaval|Close Combat|p1a: Toxapex\n|-resisted|p1a: Toxapex\n|-damage|p1a: Toxapex|158/216\n|-unboost|p2a: Quaquaval|def|1\n|-unboost|p2a: Quaquaval|spd|1\n|-damage|p2a: Quaquaval|61/264 psn|[from] item: Life Orb\n|\n|-heal|p1a: Toxapex|171/216|[from] item: Leftovers\n|-damage|p2a: Quaquaval|28/264 psn|[from] psn\n|upkeep\n|turn|30\n|-message|Trainer Taki forfeited.\n|\n|win|the scholar\n|raw|the scholar's rating: 1469 &rarr; <strong>1490</strong><br />(+21 for winning)\n|raw|Trainer Taki's rating: 1485 &rarr; <strong>1464</strong><br />(-21 for losing)\n|l|\u2606Trainer Taki\n|player|p2|\n", "inputlog": ">version bfd83cad13791eb5a5a409923076391caf6fb4d4\n>start {\"formatid\":\"gen9randombattle\",\"seed\":[18596,61569,64351,46974],\"rated\":\"Rated battle\"}\n>player p1 {\"name\":\"the scholar\",\"avatar\":\"schoolkid-gen4dp\",\"rating\":1469,\"seed\":[48906,225,65312,41048]}\n>player p2 {\"name\":\"Trainer Taki\",\"avatar\":\"266\",\"rating\":1485,\"seed\":[60718,48982,4771,26713]}\n>p1 switch 6\n>p2 move aquastep\n>p1 move toxicspikes\n>p2 move swordsdance\n>p1 move haze\n>p2 move swordsdance\n>p1 move liquidation\n>p2 switch 2\n>p1 switch 3\n>p2 move psychic\n>p1 move calmmind\n>p2 move nuzzle\n>p1 move substitute\n>p2 switch 2\n>p1 switch 3\n>p2 move closecombat\n>p1 move liquidation\n>p2 switch 4\n>p1 switch 3\n>p2 move thunderbolt\n>p1 switch 4\n>p1 move calmmind\n>p2 move toxic\n>p1 move alluringvoice\n>p2 move slackoff\n>p1 move calmmind\n>p2 move slackoff\n>p1 move alluringvoice\n>p2 move thunderbolt\n>p1 move alluringvoice\n>p2 move thunderbolt\n>p2 switch 4\n>p1 switch 3\n>p2 move tripleaxel\n>p1 move liquidation\n>p2 switch 2\n>p1 switch 2\n>p2 move psychic\n>p2 switch 5\n>p1 move trick\n>p2 move dracometeor\n>p1 switch 3\n>p2 move dracometeor\n>p1 move recover\n>p2 switch 6\n>p1 switch 3\n>p2 move healbell\n>p1 move trick\n>p2 move thunderwave\n>p1 move trick\n>p2 switch 6\n>p1 move trick\n>p2 move dracometeor\n>p1 switch 3\n>p1 move recover\n>p2 switch 6\n>p1 switch 5\n>p2 switch 3\n>p1 move knockoff\n>p2 move wavecrash\n>p2 switch 2\n>p1 switch 2\n>p2 move closecombat\n>forcelose p2", "uploadtime": 1733901185, "views": 1, "formatid": "gen9randombattle", "rating": 1464, "private": 0, "password": null}