{"id": "gen9randombattle-2260295547", "format": "[Gen 9] Random Battle", "players": ["beacepop", "andyorsmth"], "log": "|j|\u2606beacepop\n|j|\u2606andyorsmth\n|t:|1733836501\n|gametype|singles\n|player|p1|beacepop|hilbert|\n|player|p2|andyorsmth|lucas-gen4pt|\n|teamsize|p1|6\n|teamsize|p2|6\n|gen|9\n|tier|[Gen 9] Random Battle\n|rule|Species Clause: Limit one of each Pok\u00e9mon\n|rule|HP Percentage Mod: HP is shown in percentages\n|rule|Sleep Clause Mod: Limit one foe put to sleep\n|rule|Illusion Level Mod: Illusion disguises the Pok\u00e9mon's true level\n|\n|t:|1733836501\n|start\n|switch|p1a: Ogerpon|Ogerpon-Cornerstone, L76, F|247/247\n|switch|p2a: Dedenne|Dedenne, L88, F|261/261\n|turn|1\n|c|\u2606andyorsmth|sorry if i randomly disappear\n|c|\u2606beacepop|its ok\n|c|\u2606andyorsmth|im at a wedding and im eating good\n|c|\u2606beacepop|damn\n|c|\u2606andyorsmth|its joever bro already has a\n|c|\u2606beacepop|truly\n|inactive|Battle timer is ON: inactive players will automatically lose when time's up. (requested by beacepop)\n|\n|t:|1733836579\n|move|p2a: Dedenne|Nuzzle|p1a: Ogerpon\n|-resisted|p1a: Ogerpon\n|-damage|p1a: Ogerpon|236/247\n|-status|p1a: Ogerpon|par\n|move|p1a: Ogerpon|Ivy Cudgel|p2a: Dedenne|[anim] Ivy Cudgel Rock\n|-damage|p2a: Dedenne|108/261\n|-enditem|p2a: Dedenne|Sitrus Berry|[eat]\n|-heal|p2a: Dedenne|173/261|[from] item: Sitrus Berry\n|-heal|p2a: Dedenne|260/261|[from] ability: Cheek Pouch\n|\n|upkeep\n|turn|2\n|\n|t:|1733836595\n|switch|p2a: Araquanid|Araquanid, L82, F|246/246\n|cant|p1a: Ogerpon|par\n|\n|upkeep\n|turn|3\n|c|\u2606beacepop|i see how its gonna be\n|\n|t:|1733836614\n|move|p2a: Araquanid|Sticky Web|p1a: Ogerpon\n|-sidestart|p1: beacepop|move: Sticky Web\n|move|p1a: Ogerpon|Ivy Cudgel|p2a: Araquanid|[anim] Ivy Cudgel Rock\n|-supereffective|p2a: Araquanid\n|-crit|p2a: Araquanid\n|-damage|p2a: Araquanid|0 fnt\n|faint|p2a: Araquanid\n|\n|upkeep\n|c|\u2606andyorsmth|dude\n|c|\u2606beacepop|crit mattered\n|inactive|andyorsmth has 270 seconds left.\n|c|\u2606andyorsmth|it doesn't matter\n|c|\u2606andyorsmth|i lose\n|c|\u2606beacepop|i mean\n|inactive|andyorsmth has 240 seconds left.\n|inactive|andyorsmth has 210 seconds left.\n|\n|t:|1733836711\n|switch|p2a: Scyther|Scyther, L82, F|249/249\n|turn|4\n|\n|t:|1733836731\n|move|p2a: Scyther|Close Combat|p1a: Ogerpon\n|-supereffective|p1a: Ogerpon\n|-damage|p1a: Ogerpon|50/247 par\n|-unboost|p2a: Scyther|def|1\n|-unboost|p2a: Scyther|spd|1\n|cant|p1a: Ogerpon|par\n|\n|upkeep\n|turn|5\n|c|\u2606beacepop|man\n|\n|t:|1733836743\n|move|p2a: Scyther|Close Combat|p1a: Ogerpon\n|-supereffective|p1a: Ogerpon\n|-damage|p1a: Ogerpon|0 fnt\n|-unboost|p2a: Scyther|def|1\n|-unboost|p2a: Scyther|spd|1\n|faint|p1a: Ogerpon\n|\n|upkeep\n|c|\u2606beacepop|im screwed\n|inactive|beacepop has 270 seconds left.\n|c|\u2606andyorsmth|bro turned on timer when i literally said i could disappear at any moment\n|inactiveoff|Battle timer is now OFF.\n|\n|t:|1733836777\n|switch|p1a: Deoxys|Deoxys-Defense, L84|221/221\n|-activate|p1a: Deoxys|move: Sticky Web\n|-unboost|p1a: Deoxys|spe|1\n|-ability|p1a: Deoxys|Pressure\n|turn|6\n|c|\u2606andyorsmth|im eating mashed potatoes bro gimme a break\n|c|\u2606beacepop|true my bad\n|\n|t:|1733836806\n|move|p2a: Scyther|U-turn|p1a: Deoxys\n|-supereffective|p1a: Deoxys\n|-damage|p1a: Deoxys|119/221\n|\n|t:|1733836822\n|switch|p2a: Pikachu|Pikachu-Unova, L93, M|216/216|[from] U-turn\n|move|p1a: Deoxys|Stealth Rock|p2a: Pikachu\n|-sidestart|p2: andyorsmth|move: Stealth Rock\n|\n|-heal|p1a: Deoxys|132/221|[from] item: Leftovers\n|upkeep\n|turn|7\n|c|\u2606beacepop|bro has the protagonist\n|\n|t:|1733836837\n|move|p2a: Pikachu|Knock Off|p1a: Deoxys\n|-supereffective|p1a: Deoxys\n|-damage|p1a: Deoxys|0 fnt\n|-enditem|p1a: Deoxys|Leftovers|[from] move: Knock Off|[of] p2a: Pikachu\n|faint|p1a: Deoxys\n|\n|upkeep\n|c|\u2606andyorsmth|i AM the protagonist\n|\n|t:|1733836856\n|switch|p1a: Dunsparce|Dunsparce, L86, M|312/312\n|-activate|p1a: Dunsparce|move: Sticky Web\n|-unboost|p1a: Dunsparce|spe|1\n|turn|8\n|\n|t:|1733836870\n|switch|p2a: Scyther|Scyther, L82, F|249/249\n|move|p1a: Dunsparce|Coil|p1a: Dunsparce\n|-boost|p1a: Dunsparce|atk|1\n|-boost|p1a: Dunsparce|def|1\n|-boost|p1a: Dunsparce|accuracy|1\n|\n|upkeep\n|turn|9\n|c|\u2606andyorsmth|cooked\n|c|\u2606andyorsmth|i am\n|\n|t:|1733836892\n|move|p2a: Scyther|Close Combat|p1a: Dunsparce\n|-supereffective|p1a: Dunsparce\n|-damage|p1a: Dunsparce|222/312\n|-unboost|p2a: Scyther|def|1\n|-unboost|p2a: Scyther|spd|1\n|move|p1a: Dunsparce|Body Slam|p2a: Scyther\n|-damage|p2a: Scyther|68/249\n|\n|upkeep\n|turn|10\n|c|\u2606beacepop|the speed is still an issue\n|\n|t:|1733836917\n|move|p2a: Scyther|U-turn|p1a: Dunsparce\n|-damage|p1a: Dunsparce|177/312\n|c|\u2606beacepop|btw did i mention i have a roaring moon?\n|\n|t:|1733836920\n|switch|p2a: Grafaiai|Grafaiai, L86, F|249/249|[from] U-turn\n|-damage|p2a: Grafaiai|218/249|[from] Stealth Rock\n|move|p1a: Dunsparce|Body Slam|p2a: Grafaiai\n|-damage|p2a: Grafaiai|83/249\n|\n|upkeep\n|turn|11\n|c|\u2606andyorsmth|dude\n|\n|t:|1733836964\n|move|p2a: Grafaiai|Knock Off|p1a: Dunsparce\n|-damage|p1a: Dunsparce|133/312\n|-enditem|p1a: Dunsparce|Eviolite|[from] move: Knock Off|[of] p2a: Grafaiai\n|-damage|p2a: Grafaiai|59/249|[from] item: Life Orb\n|move|p1a: Dunsparce|Roost|p1a: Dunsparce\n|-heal|p1a: Dunsparce|289/312\n|-singleturn|p1a: Dunsparce|move: Roost\n|\n|upkeep\n|turn|12\n|c|\u2606andyorsmth|aint no way\n|c|\u2606andyorsmth|aint no way\n|\n|t:|1733837034\n|move|p2a: Grafaiai|Low Kick|p1a: Dunsparce\n|-supereffective|p1a: Dunsparce\n|-damage|p1a: Dunsparce|224/312\n|-status|p1a: Dunsparce|psn|[from] ability: Poison Touch|[of] p2a: Grafaiai\n|-damage|p2a: Grafaiai|35/249|[from] item: Life Orb\n|move|p1a: Dunsparce|Body Slam|p2a: Grafaiai\n|-damage|p2a: Grafaiai|0 fnt\n|faint|p2a: Grafaiai\n|\n|-damage|p1a: Dunsparce|185/312 psn|[from] psn\n|upkeep\n|\n|t:|1733837061\n|switch|p2a: Scyther|Scyther, L82, F|68/249\n|turn|13\n|\n|t:|1733837101\n|-terastallize|p2a: Scyther|Fighting\n|move|p2a: Scyther|Close Combat|p1a: Dunsparce\n|-supereffective|p1a: Dunsparce\n|-damage|p1a: Dunsparce|0 fnt\n|-unboost|p2a: Scyther|def|1\n|-unboost|p2a: Scyther|spd|1\n|faint|p1a: Dunsparce\n|\n|upkeep\n|c|\u2606andyorsmth|stab\n|c|\u2606andyorsmth|we be stabbin\n|c|\u2606andyorsmth|we at the streets of notting'am\n|\n|t:|1733837171\n|switch|p1a: Roaring Moon|Roaring Moon, L72|270/270\n|-activate|p1a: Roaring Moon|move: Sticky Web\n|-unboost|p1a: Roaring Moon|spe|1\n|turn|14\n|\n|t:|1733837209\n|move|p2a: Scyther|Close Combat|p1a: Roaring Moon\n|-supereffective|p1a: Roaring Moon\n|-damage|p1a: Roaring Moon|0 fnt\n|-unboost|p2a: Scyther|def|1\n|-unboost|p2a: Scyther|spd|1\n|faint|p1a: Roaring Moon\n|-end|p1a: Roaring Moon|Protosynthesis|[silent]\n|\n|upkeep\n|\n|t:|1733837216\n|switch|p1a: Fezandipiti|Fezandipiti, L82, M|278/278\n|-activate|p1a: Fezandipiti|move: Sticky Web\n|-unboost|p1a: Fezandipiti|spe|1\n|turn|15\n|\n|t:|1733837236\n|switch|p2a: Reuniclus|Reuniclus, L88, M|337/337\n|move|p1a: Fezandipiti|Play Rough|p2a: Reuniclus\n|-damage|p2a: Reuniclus|249/337\n|\n|upkeep\n|turn|16\n|\n|t:|1733837248\n|-terastallize|p1a: Fezandipiti|Ground\n|move|p1a: Fezandipiti|Tera Blast|p2a: Reuniclus|[anim] Tera Blast Ground\n|-damage|p2a: Reuniclus|168/337\n|-status|p2a: Reuniclus|tox|[from] ability: Toxic Chain|[of] p1a: Fezandipiti\n|move|p2a: Reuniclus|Calm Mind|p2a: Reuniclus\n|-boost|p2a: Reuniclus|spa|1\n|-boost|p2a: Reuniclus|spd|1\n|\n|upkeep\n|turn|17\n|\n|t:|1733837282\n|move|p1a: Fezandipiti|Play Rough|p2a: Reuniclus\n|-damage|p2a: Reuniclus|71/337 tox\n|move|p2a: Reuniclus|Psychic|p1a: Fezandipiti\n|-damage|p1a: Fezandipiti|87/278\n|\n|-heal|p1a: Fezandipiti|104/278|[from] item: Leftovers\n|upkeep\n|turn|18\n|\n|t:|1733837311\n|move|p1a: Fezandipiti|Play Rough|p2a: Reuniclus\n|-damage|p2a: Reuniclus|0 fnt\n|faint|p2a: Reuniclus\n|\n|-heal|p1a: Fezandipiti|121/278|[from] item: Leftovers\n|upkeep\n|\n|t:|1733837314\n|switch|p2a: Scyther|Scyther, L82, F, tera:Fighting|68/249\n|turn|19\n|\n|t:|1733837326\n|move|p2a: Scyther|Close Combat|p1a: Fezandipiti\n|-damage|p1a: Fezandipiti|0 fnt\n|-unboost|p2a: Scyther|def|1\n|-unboost|p2a: Scyther|spd|1\n|faint|p1a: Fezandipiti\n|\n|upkeep\n|\n|t:|1733837330\n|switch|p1a: Slowking|Slowking-Galar, L85, F|300/300\n|-activate|p1a: Slowking|move: Sticky Web\n|-unboost|p1a: Slowking|spe|1\n|turn|20\n|\n|t:|1733837347\n|move|p2a: Scyther|U-turn|p1a: Slowking\n|-damage|p1a: Slowking|224/300\n|\n|t:|1733837349\n|switch|p2a: Pikachu|Pikachu-Unova, L93, M|216/216|[from] U-turn\n|-damage|p2a: Pikachu|189/216|[from] Stealth Rock\n|move|p1a: Slowking|Fire Blast|p2a: Pikachu|[miss]\n|-miss|p1a: Slowking|p2a: Pikachu\n|\n|upkeep\n|turn|21\n|\n|t:|1733837394\n|move|p2a: Pikachu|Knock Off|p1a: Slowking\n|-supereffective|p1a: Slowking\n|-damage|p1a: Slowking|0 fnt\n|-enditem|p1a: Slowking|Assault Vest|[from] move: Knock Off|[of] p2a: Pikachu\n|faint|p1a: Slowking\n|\n|win|andyorsmth\n|c|\u2606beacepop|damn\n", "inputlog": ">version bfd83cad13791eb5a5a409923076391caf6fb4d4\n>start {\"formatid\":\"gen9randombattle\",\"seed\":[22989,35669,36901,8288]}\n>player p1 {\"name\":\"beacepop\",\"avatar\":\"hilbert\",\"rating\":0,\"seed\":[37187,4628,1812,21963]}\n>player p2 {\"name\":\"andyorsmth\",\"avatar\":\"lucas-gen4pt\",\"rating\":0,\"seed\":[8993,52165,17302,39378]}\n>chat \u2606andyorsmth|sorry if i randomly disappear\n>chat \u2606beacepop|its ok\n>chat \u2606andyorsmth|im at a wedding and im eating good\n>chat \u2606beacepop|damn\n>chat \u2606andyorsmth|its joever bro already has a \n>chat \u2606beacepop|truly\n>p1 move ivycudgel\n>p2 move nuzzle\n>p1 move swordsdance\n>p2 switch 4\n>chat \u2606beacepop|i see how its gonna be\n>p1 move ivycudgel\n>p2 move stickyweb\n>chat \u2606andyorsmth|dude\n>chat \u2606beacepop|crit mattered\n>chat \u2606andyorsmth|it doesn't matter\n>chat \u2606andyorsmth|i lose\n>chat \u2606beacepop|i mean\n>p2 switch 3\n>p1 move ivycudgel\n>p2 move closecombat\n>chat \u2606beacepop|man\n>p1 move ivycudgel\n>p2 move closecombat\n>chat \u2606beacepop|im screwed\n>chat \u2606andyorsmth|bro turned on timer when i literally said i could disappear at any moment\n>p1 switch 2\n>chat \u2606andyorsmth|im eating mashed potatoes bro gimme a break\n>chat \u2606beacepop|true my bad\n>p1 move stealthrock\n>p2 move uturn\n>p2 switch 2\n>chat \u2606beacepop|bro has the protagonist\n>p1 move recover\n>p2 move knockoff\n>chat \u2606andyorsmth|i AM the protagonist\n>p1 switch 5\n>p1 move coil\n>p2 switch 2\n>chat \u2606andyorsmth|cooked\n>chat \u2606andyorsmth|i am\n>p1 move bodyslam\n>p2 move closecombat\n>chat \u2606beacepop|the speed is still an issue\n>p1 move bodyslam\n>p2 move uturn\n>chat \u2606beacepop|btw did i mention i have a roaring moon?\n>p2 switch 6\n>chat \u2606andyorsmth|dude\n>p1 move roost\n>p2 move knockoff\n>chat \u2606andyorsmth|aint no way\n>chat \u2606andyorsmth|aint no way\n>p1 move bodyslam\n>p2 move lowkick\n>p2 switch 6\n>p1 move coil\n>p2 move closecombat terastallize\n>chat \u2606andyorsmth|stab\n>chat \u2606andyorsmth|we be stabbin\n>chat \u2606andyorsmth|we at the streets of notting'am\n>p1 switch 3\n>p1 move outrage\n>p2 move closecombat\n>p1 switch 4\n>p1 move playrough\n>p2 switch 5\n>p1 move terablast terastallize\n>p2 move calmmind\n>p1 move playrough\n>p2 move psychic\n>p1 move playrough\n>p2 move recover\n>p2 switch 5\n>p1 move playrough\n>p2 move closecombat\n>p1 switch 6\n>p1 move fireblast\n>p2 move uturn\n>p2 switch 2\n>p1 move psychicnoise\n>p2 move knockoff", "uploadtime": 1733837403, "views": 2, "formatid": "gen9randombattle", "rating": null, "private": 0, "password": null}