{"id": "gen9randombattle-2260045157", "format": "[Gen 9] Random Battle", "players": ["SXD2002", "ShubhS98"], "log": "|j|\u2606SXD2002\n|j|\u2606ShubhS98\n|t:|1733795100\n|gametype|singles\n|player|p1|SXD2002|265|1841\n|player|p2|ShubhS98|101|1890\n|teamsize|p1|6\n|teamsize|p2|6\n|gen|9\n|tier|[Gen 9] Random Battle\n|rated|\n|rule|Species Clause: Limit one of each Pok\u00e9mon\n|rule|HP Percentage Mod: HP is shown in percentages\n|rule|Sleep Clause Mod: Limit one foe put to sleep\n|rule|Illusion Level Mod: Illusion disguises the Pok\u00e9mon's true level\n|\n|t:|1733795100\n|start\n|switch|p1a: Meowstic|Meowstic-F, L89, F|277/277\n|switch|p2a: Floatzel|Floatzel, L85, F|283/283\n|turn|1\n|inactive|Battle timer is ON: inactive players will automatically lose when time's up. (requested by SXD2002)\n|\n|t:|1733795124\n|switch|p1a: Lilligant|Lilligant-Hisui, L79, F|240/240\n|move|p2a: Floatzel|Taunt|p1a: Lilligant\n|-start|p1a: Lilligant|move: Taunt\n|\n|upkeep\n|turn|2\n|\n|t:|1733795136\n|switch|p2a: Entei|Entei, L78|307/307\n|move|p1a: Lilligant|Close Combat|p2a: Entei\n|-damage|p2a: Entei|109/307\n|-unboost|p1a: Lilligant|def|1\n|-unboost|p1a: Lilligant|spd|1\n|\n|upkeep\n|turn|3\n|\n|t:|1733795148\n|switch|p1a: Rotom|Rotom-Heat, L83|219/219\n|move|p2a: Entei|Extreme Speed|p1a: Rotom\n|-damage|p1a: Rotom|141/219\n|\n|upkeep\n|turn|4\n|\n|t:|1733795157\n|switch|p2a: Iron Jugulis|Iron Jugulis, L78|275/275\n|move|p1a: Rotom|Volt Switch|p2a: Iron Jugulis\n|-supereffective|p2a: Iron Jugulis\n|-damage|p2a: Iron Jugulis|99/275\n|\n|t:|1733795165\n|switch|p1a: Meowstic|Meowstic-F, L89, F|277/277|[from] Volt Switch\n|\n|upkeep\n|turn|5\n|\n|t:|1733795171\n|move|p1a: Meowstic|Thunderbolt|p2a: Iron Jugulis\n|-supereffective|p2a: Iron Jugulis\n|-damage|p2a: Iron Jugulis|0 fnt\n|faint|p2a: Iron Jugulis\n|-end|p2a: Iron Jugulis|Quark Drive|[silent]\n|-damage|p1a: Meowstic|250/277|[from] item: Life Orb\n|\n|upkeep\n|\n|t:|1733795177\n|switch|p2a: Floatzel|Floatzel, L85, F|283/283\n|turn|6\n|\n|t:|1733795182\n|move|p2a: Floatzel|Wave Crash|p1a: Meowstic\n|-damage|p1a: Meowstic|103/277\n|-damage|p2a: Floatzel|234/283|[from] Recoil\n|move|p1a: Meowstic|Thunderbolt|p2a: Floatzel\n|-supereffective|p2a: Floatzel\n|-damage|p2a: Floatzel|8/283\n|-damage|p1a: Meowstic|76/277|[from] item: Life Orb\n|\n|-heal|p2a: Floatzel|25/283|[from] item: Leftovers\n|upkeep\n|turn|7\n|\n|t:|1733795193\n|switch|p1a: Lilligant|Lilligant-Hisui, L79, F|240/240\n|move|p2a: Floatzel|Wave Crash|p1a: Lilligant\n|-resisted|p1a: Lilligant\n|-damage|p1a: Lilligant|156/240\n|-damage|p2a: Floatzel|0 fnt|[from] Recoil\n|faint|p2a: Floatzel\n|\n|upkeep\n|\n|t:|1733795202\n|switch|p2a: Darkrai|Darkrai, L77|234/234\n|turn|8\n|\n|t:|1733795209\n|-terastallize|p1a: Lilligant|Steel\n|move|p2a: Darkrai|Hypnosis|p1a: Lilligant\n|-status|p1a: Lilligant|slp|[from] move: Hypnosis\n|cant|p1a: Lilligant|slp\n|\n|-damage|p1a: Lilligant|126/240 slp|[from] ability: Bad Dreams|[of] p2a: Darkrai\n|upkeep\n|turn|9\n|\n|t:|1733795221\n|switch|p1a: Deoxys|Deoxys-Attack, L72|191/191\n|-ability|p1a: Deoxys|Pressure\n|-terastallize|p2a: Darkrai|Poison\n|move|p2a: Darkrai|Nasty Plot|p2a: Darkrai\n|-boost|p2a: Darkrai|spa|2\n|\n|upkeep\n|turn|10\n|\n|t:|1733795231\n|switch|p2a: Reuniclus|Reuniclus, L88, F|337/337\n|move|p1a: Deoxys|Psycho Boost|p2a: Reuniclus\n|-resisted|p2a: Reuniclus\n|-damage|p2a: Reuniclus|221/337\n|-unboost|p1a: Deoxys|spa|2\n|-damage|p1a: Deoxys|172/191|[from] item: Life Orb\n|\n|upkeep\n|turn|11\n|\n|t:|1733795243\n|move|p1a: Deoxys|Knock Off|p2a: Reuniclus\n|-supereffective|p2a: Reuniclus\n|-damage|p2a: Reuniclus|0 fnt\n|-enditem|p2a: Reuniclus|Life Orb|[from] move: Knock Off|[of] p1a: Deoxys\n|faint|p2a: Reuniclus\n|-damage|p1a: Deoxys|153/191|[from] item: Life Orb\n|\n|upkeep\n|\n|t:|1733795250\n|switch|p2a: Entei|Entei, L78|109/307\n|turn|12\n|\n|t:|1733795256\n|switch|p1a: Meowstic|Meowstic-F, L89, F|76/277\n|move|p2a: Entei|Extreme Speed|p1a: Meowstic\n|-damage|p1a: Meowstic|0 fnt\n|faint|p1a: Meowstic\n|\n|upkeep\n|\n|t:|1733795258\n|switch|p1a: Lilligant|Lilligant-Hisui, L79, F, tera:Steel|126/240 slp\n|turn|13\n|\n|t:|1733795265\n|switch|p2a: Darkrai|Darkrai, L77, tera:Poison|234/234\n|-curestatus|p1a: Lilligant|slp|[msg]\n|move|p1a: Lilligant|Victory Dance|p1a: Lilligant\n|-boost|p1a: Lilligant|atk|1\n|-boost|p1a: Lilligant|def|1\n|-boost|p1a: Lilligant|spe|1\n|\n|upkeep\n|turn|14\n|\n|t:|1733795273\n|move|p1a: Lilligant|Sleep Powder|p2a: Darkrai\n|-status|p2a: Darkrai|slp|[from] move: Sleep Powder\n|cant|p2a: Darkrai|slp\n|\n|upkeep\n|turn|15\n|\n|t:|1733795281\n|move|p1a: Lilligant|Close Combat|p2a: Darkrai\n|-resisted|p2a: Darkrai\n|-damage|p2a: Darkrai|79/234 slp\n|-unboost|p1a: Lilligant|def|1\n|-unboost|p1a: Lilligant|spd|1\n|cant|p2a: Darkrai|slp\n|\n|upkeep\n|turn|16\n|\n|t:|1733795288\n|move|p1a: Lilligant|Leaf Blade|p2a: Darkrai\n|-resisted|p2a: Darkrai\n|-damage|p2a: Darkrai|0 fnt\n|faint|p2a: Darkrai\n|\n|upkeep\n|\n|t:|1733795294\n|switch|p2a: Entei|Entei, L78|109/307\n|turn|17\n|\n|t:|1733795297\n|move|p2a: Entei|Extreme Speed|p1a: Lilligant\n|-resisted|p1a: Lilligant\n|-damage|p1a: Lilligant|77/240\n|move|p1a: Lilligant|Close Combat|p2a: Entei\n|-damage|p2a: Entei|0 fnt\n|-unboost|p1a: Lilligant|def|1\n|-unboost|p1a: Lilligant|spd|1\n|faint|p2a: Entei\n|\n|upkeep\n|\n|t:|1733795306\n|switch|p2a: Swampert|Swampert, L83, F|302/302\n|turn|18\n|\n|t:|1733795312\n|move|p1a: Lilligant|Leaf Blade|p2a: Swampert\n|-supereffective|p2a: Swampert\n|-damage|p2a: Swampert|0 fnt\n|faint|p2a: Swampert\n|\n|win|SXD2002\n|raw|SXD2002's rating: 1841 &rarr; <strong>1864</strong><br />(+23 for winning)\n|raw|ShubhS98's rating: 1890 &rarr; <strong>1867</strong><br />(-23 for losing)\n", "inputlog": ">version bfd83cad13791eb5a5a409923076391caf6fb4d4\n>start {\"formatid\":\"gen9randombattle\",\"seed\":[44519,16991,55762,53303],\"rated\":\"Rated battle\"}\n>player p1 {\"name\":\"SXD2002\",\"avatar\":\"265\",\"rating\":1841,\"seed\":[38481,16891,30457,44711]}\n>player p2 {\"name\":\"ShubhS98\",\"avatar\":\"101\",\"rating\":1890,\"seed\":[37631,12293,1742,28614]}\n>p1 switch 2\n>p2 move taunt\n>p1 move closecombat\n>p2 switch 5\n>p1 switch 6\n>p2 move extremespeed\n>p1 move voltswitch\n>p2 switch 2\n>p1 switch 2\n>p1 move thunderbolt\n>p2 move darkpulse\n>p2 switch 5\n>p1 move thunderbolt\n>p2 move wavecrash\n>p1 switch 6\n>p2 move wavecrash\n>p2 switch 4\n>p1 move victorydance terastallize\n>p2 move hypnosis\n>p1 switch 4\n>p2 move nastyplot terastallize\n>p1 move psychoboost\n>p2 switch 3\n>p1 move knockoff\n>p2 move recover\n>p2 switch 2\n>p1 switch 6\n>p2 move extremespeed\n>p1 switch 4\n>p1 move victorydance\n>p2 switch 3\n>p1 move sleeppowder\n>p2 move darkpulse\n>p1 move closecombat\n>p2 move darkpulse\n>p1 move leafblade\n>p2 move hypnosis\n>p2 switch 3\n>p1 move closecombat\n>p2 move extremespeed\n>p2 switch 6\n>p1 move leafblade\n>p2 move earthquake", "uploadtime": 1733795316, "views": 4, "formatid": "gen9randombattle", "rating": 1864, "private": 0, "password": null}