{"id": "gen9randombattle-2260659809", "format": "[Gen 9] Random Battle", "players": ["alsfkjjklasdf", "clementown"], "log": "|j|\u2606alsfkjjklasdf\n|j|\u2606clementown\n|t:|1733875007\n|gametype|singles\n|player|p1|alsfkjjklasdf|dawn-gen4pt|1000\n|player|p2|clementown|265|1009\n|teamsize|p1|6\n|teamsize|p2|6\n|gen|9\n|tier|[Gen 9] Random Battle\n|rated|\n|rule|Species Clause: Limit one of each Pok\u00e9mon\n|rule|HP Percentage Mod: HP is shown in percentages\n|rule|Sleep Clause Mod: Limit one foe put to sleep\n|rule|Illusion Level Mod: Illusion disguises the Pok\u00e9mon's true level\n|\n|t:|1733875007\n|start\n|switch|p1a: Cacturne|Cacturne, L92, M|278/278\n|switch|p2a: Deoxys|Deoxys-Speed, L82|216/216\n|-ability|p2a: Deoxys|Pressure\n|turn|1\n|inactive|Battle timer is ON: inactive players will automatically lose when time's up. (requested by alsfkjjklasdf)\n|\n|t:|1733875029\n|switch|p1a: Granbull|Granbull, L88, F|302/302\n|-ability|p1a: Granbull|Intimidate|boost\n|-unboost|p2a: Deoxys|atk|1\n|move|p2a: Deoxys|Psycho Boost|p1a: Granbull\n|-damage|p1a: Granbull|64/302\n|-unboost|p2a: Deoxys|spa|2\n|-damage|p2a: Deoxys|195/216|[from] item: Life Orb\n|\n|-heal|p1a: Granbull|82/302|[from] item: Leftovers\n|upkeep\n|turn|2\n|\n|t:|1733875053\n|move|p2a: Deoxys|Knock Off|p1a: Granbull\n|-resisted|p1a: Granbull\n|-damage|p1a: Granbull|51/302\n|-enditem|p1a: Granbull|Leftovers|[from] move: Knock Off|[of] p2a: Deoxys\n|-damage|p2a: Deoxys|174/216|[from] item: Life Orb\n|move|p1a: Granbull|Thunder Wave|p2a: Deoxys\n|-status|p2a: Deoxys|par\n|\n|upkeep\n|turn|3\n|\n|t:|1733875069\n|move|p2a: Deoxys|Psycho Boost|p1a: Granbull\n|-damage|p1a: Granbull|0 fnt\n|-unboost|p2a: Deoxys|spa|2\n|faint|p1a: Granbull\n|-damage|p2a: Deoxys|153/216 par|[from] item: Life Orb\n|\n|upkeep\n|\n|t:|1733875078\n|switch|p1a: Cacturne|Cacturne, L92, M|278/278\n|turn|4\n|\n|t:|1733875087\n|switch|p2a: Armarouge|Armarouge, L80, F|267/267\n|move|p1a: Cacturne|Swords Dance|p1a: Cacturne\n|-boost|p1a: Cacturne|atk|2\n|\n|upkeep\n|turn|5\n|\n|t:|1733875094\n|move|p1a: Cacturne|Sucker Punch|p2a: Armarouge\n|-supereffective|p2a: Armarouge\n|-damage|p2a: Armarouge|0 fnt\n|faint|p2a: Armarouge\n|-damage|p1a: Cacturne|251/278|[from] item: Life Orb\n|\n|upkeep\n|\n|t:|1733875102\n|switch|p2a: Vigoroth|Vigoroth, L85, M|275/275\n|turn|6\n|\n|t:|1733875109\n|move|p2a: Vigoroth|Bulk Up|p2a: Vigoroth\n|-boost|p2a: Vigoroth|atk|1\n|-boost|p2a: Vigoroth|def|1\n|move|p1a: Cacturne|Drain Punch|p2a: Vigoroth\n|-supereffective|p2a: Vigoroth\n|-damage|p2a: Vigoroth|90/275\n|-heal|p1a: Cacturne|278/278|[from] drain|[of] p2a: Vigoroth\n|-damage|p1a: Cacturne|251/278|[from] item: Life Orb\n|\n|upkeep\n|turn|7\n|\n|t:|1733875117\n|move|p2a: Vigoroth|Slack Off|p2a: Vigoroth\n|-heal|p2a: Vigoroth|228/275\n|move|p1a: Cacturne|Drain Punch|p2a: Vigoroth\n|-supereffective|p2a: Vigoroth\n|-damage|p2a: Vigoroth|49/275\n|-heal|p1a: Cacturne|278/278|[from] drain|[of] p2a: Vigoroth\n|-damage|p1a: Cacturne|251/278|[from] item: Life Orb\n|\n|upkeep\n|turn|8\n|\n|t:|1733875127\n|move|p2a: Vigoroth|Knock Off|p1a: Cacturne\n|-resisted|p1a: Cacturne\n|-damage|p1a: Cacturne|193/278\n|-enditem|p1a: Cacturne|Life Orb|[from] move: Knock Off|[of] p2a: Vigoroth\n|move|p1a: Cacturne|Drain Punch|p2a: Vigoroth\n|-supereffective|p2a: Vigoroth\n|-damage|p2a: Vigoroth|0 fnt\n|-heal|p1a: Cacturne|218/278|[from] drain|[of] p2a: Vigoroth\n|faint|p2a: Vigoroth\n|\n|upkeep\n|\n|t:|1733875137\n|switch|p2a: Rotom|Rotom-Mow, L86|226/226\n|turn|9\n|\n|t:|1733875142\n|move|p2a: Rotom|Will-O-Wisp|p1a: Cacturne\n|-status|p1a: Cacturne|brn\n|move|p1a: Cacturne|Drain Punch|p2a: Rotom\n|-damage|p2a: Rotom|170/226\n|-heal|p1a: Cacturne|246/278 brn|[from] drain|[of] p2a: Rotom\n|\n|-damage|p1a: Cacturne|229/278 brn|[from] brn\n|upkeep\n|turn|10\n|\n|t:|1733875152\n|move|p2a: Rotom|Volt Switch|p1a: Cacturne\n|-resisted|p1a: Cacturne\n|-damage|p1a: Cacturne|169/278 brn\n|-damage|p2a: Rotom|148/226|[from] item: Life Orb\n|\n|t:|1733875161\n|switch|p2a: Articuno|Articuno, L86|295/295|[from] Volt Switch\n|-ability|p2a: Articuno|Pressure\n|move|p1a: Cacturne|Swords Dance|p1a: Cacturne\n|-boost|p1a: Cacturne|atk|2\n|\n|-damage|p1a: Cacturne|152/278 brn|[from] brn\n|upkeep\n|turn|11\n|\n|t:|1733875174\n|move|p1a: Cacturne|Sucker Punch|p2a: Articuno\n|-crit|p2a: Articuno\n|-damage|p2a: Articuno|93/295\n|move|p2a: Articuno|Freeze-Dry|p1a: Cacturne\n|-supereffective|p1a: Cacturne\n|-damage|p1a: Cacturne|0 fnt\n|faint|p1a: Cacturne\n|\n|upkeep\n|\n|t:|1733875200\n|switch|p1a: Bronzong|Bronzong, L88|261/261\n|turn|12\n|\n|t:|1733875209\n|move|p2a: Articuno|Roost|p2a: Articuno\n|-heal|p2a: Articuno|241/295\n|-singleturn|p2a: Articuno|move: Roost\n|move|p1a: Bronzong|Stealth Rock|p2a: Articuno\n|-sidestart|p2: clementown|move: Stealth Rock\n|\n|upkeep\n|turn|13\n|\n|t:|1733875219\n|move|p2a: Articuno|U-turn|p1a: Bronzong\n|-damage|p1a: Bronzong|225/261\n|\n|t:|1733875222\n|switch|p2a: Deoxys|Deoxys-Speed, L82|153/216 par|[from] U-turn\n|-damage|p2a: Deoxys|126/216 par|[from] Stealth Rock\n|-ability|p2a: Deoxys|Pressure\n|move|p1a: Bronzong|Hypnosis|p2a: Deoxys|[miss]\n|-miss|p1a: Bronzong|p2a: Deoxys\n|\n|-heal|p1a: Bronzong|241/261|[from] item: Leftovers\n|upkeep\n|turn|14\n|\n|t:|1733875233\n|move|p2a: Deoxys|Knock Off|p1a: Bronzong\n|-supereffective|p1a: Bronzong\n|-damage|p1a: Bronzong|111/261\n|-enditem|p1a: Bronzong|Leftovers|[from] move: Knock Off|[of] p2a: Deoxys\n|-damage|p2a: Deoxys|105/216 par|[from] item: Life Orb\n|move|p1a: Bronzong|Iron Head|p2a: Deoxys\n|-damage|p2a: Deoxys|18/216 par\n|\n|upkeep\n|turn|15\n|\n|t:|1733875242\n|move|p2a: Deoxys|Knock Off|p1a: Bronzong\n|-supereffective|p1a: Bronzong\n|-damage|p1a: Bronzong|20/261\n|-damage|p2a: Deoxys|0 fnt|[from] item: Life Orb\n|faint|p2a: Deoxys\n|move|p1a: Bronzong|Iron Head|p2: Deoxys|[notarget]\n|-fail|p1a: Bronzong\n|\n|upkeep\n|\n|t:|1733875250\n|switch|p2a: Rotom|Rotom-Mow, L86|148/226\n|-damage|p2a: Rotom|120/226|[from] Stealth Rock\n|turn|16\n|\n|t:|1733875263\n|move|p2a: Rotom|Thunderbolt|p1a: Bronzong\n|-damage|p1a: Bronzong|0 fnt\n|faint|p1a: Bronzong\n|-damage|p2a: Rotom|98/226|[from] item: Life Orb\n|\n|upkeep\n|\n|t:|1733875273\n|switch|p1a: Tentacruel|Tentacruel, L84, M|272/272\n|turn|17\n|\n|t:|1733875279\n|move|p1a: Tentacruel|Sludge Bomb|p2a: Rotom\n|-supereffective|p2a: Rotom\n|-damage|p2a: Rotom|0 fnt\n|faint|p2a: Rotom\n|\n|upkeep\n|\n|t:|1733875285\n|switch|p2a: Avalugg|Avalugg-Hisui, L90, M|317/317\n|turn|18\n|\n|t:|1733875292\n|switch|p1a: Regirock|Regirock, L83|268/268\n|move|p2a: Avalugg|Avalanche|p1a: Regirock\n|-damage|p1a: Regirock|222/268\n|\n|upkeep\n|turn|19\n|\n|t:|1733875300\n|move|p1a: Regirock|Iron Defense|p1a: Regirock\n|-boost|p1a: Regirock|def|2\n|move|p2a: Avalugg|Stone Edge|p1a: Regirock\n|-damage|p1a: Regirock|179/268\n|\n|upkeep\n|turn|20\n|\n|t:|1733875306\n|move|p1a: Regirock|Iron Defense|p1a: Regirock\n|-boost|p1a: Regirock|def|2\n|move|p2a: Avalugg|Avalanche|p1a: Regirock\n|-damage|p1a: Regirock|163/268\n|\n|upkeep\n|turn|21\n|\n|t:|1733875314\n|move|p1a: Regirock|Iron Defense|p1a: Regirock\n|-boost|p1a: Regirock|def|2\n|move|p2a: Avalugg|Body Press|p1a: Regirock\n|-supereffective|p1a: Regirock\n|-damage|p1a: Regirock|133/268\n|\n|upkeep\n|turn|22\n|\n|t:|1733875321\n|move|p1a: Regirock|Rest|p1a: Regirock\n|-status|p1a: Regirock|slp|[from] move: Rest\n|-heal|p1a: Regirock|268/268 slp|[silent]\n|-enditem|p1a: Regirock|Chesto Berry|[eat]\n|-curestatus|p1a: Regirock|slp|[msg]\n|move|p2a: Avalugg|Body Press|p1a: Regirock\n|-supereffective|p1a: Regirock\n|-damage|p1a: Regirock|240/268\n|\n|upkeep\n|turn|23\n|\n|t:|1733875335\n|move|p1a: Regirock|Body Press|p2a: Avalugg\n|-supereffective|p2a: Avalugg\n|-ability|p2a: Avalugg|Sturdy\n|-damage|p2a: Avalugg|1/317\n|move|p2a: Avalugg|Body Press|p1a: Regirock\n|-supereffective|p1a: Regirock\n|-damage|p1a: Regirock|208/268\n|\n|upkeep\n|turn|24\n|\n|t:|1733875347\n|move|p1a: Regirock|Body Press|p2a: Avalugg\n|-supereffective|p2a: Avalugg\n|-damage|p2a: Avalugg|0 fnt\n|faint|p2a: Avalugg\n|\n|upkeep\n|\n|t:|1733875351\n|switch|p2a: Articuno|Articuno, L86|241/295\n|-ability|p2a: Articuno|Pressure\n|turn|25\n|\n|t:|1733875357\n|move|p2a: Articuno|Freeze-Dry|p1a: Regirock\n|-damage|p1a: Regirock|133/268\n|move|p1a: Regirock|Body Press|p2a: Articuno\n|-damage|p2a: Articuno|0 fnt\n|faint|p2a: Articuno\n|\n|win|alsfkjjklasdf\n|raw|alsfkjjklasdf's rating: 1000 &rarr; <strong>1041</strong><br />(+41 for winning)\n|raw|clementown's rating: 1009 &rarr; <strong>1000</strong><br />(-9 for losing)\n", "inputlog": ">version bfd83cad13791eb5a5a409923076391caf6fb4d4\n>start {\"formatid\":\"gen9randombattle\",\"seed\":[10716,38977,24513,39334],\"rated\":\"Rated battle\"}\n>player p1 {\"name\":\"alsfkjjklasdf\",\"avatar\":\"dawn-gen4pt\",\"rating\":1000,\"seed\":[53445,12908,37401,54889]}\n>player p2 {\"name\":\"clementown\",\"avatar\":\"265\",\"rating\":1009,\"seed\":[51555,51064,38068,21821]}\n>p1 switch 6\n>p2 move psychoboost\n>p1 move thunderwave\n>p2 move knockoff\n>p1 move playrough\n>p2 move psychoboost\n>p1 switch 6\n>p1 move swordsdance\n>p2 switch 4\n>p1 move suckerpunch\n>p2 move armorcannon\n>p2 switch 6\n>p1 move drainpunch\n>p2 move bulkup\n>p1 move drainpunch\n>p2 move slackoff\n>p1 move drainpunch\n>p2 move knockoff\n>p2 switch 5\n>p1 move drainpunch\n>p2 move willowisp\n>p1 move swordsdance\n>p2 move voltswitch\n>p2 switch 2\n>p1 move suckerpunch\n>p2 move freezedry\n>p1 switch 4\n>p1 move stealthrock\n>p2 move roost\n>p1 move hypnosis\n>p2 move uturn\n>p2 switch 4\n>p1 move ironhead\n>p2 move knockoff\n>p1 move ironhead\n>p2 move knockoff\n>p2 switch 2\n>p1 move hypnosis\n>p2 move thunderbolt\n>p1 switch 3\n>p1 move sludgebomb\n>p2 move voltswitch\n>p2 switch 3\n>p1 switch 2\n>p2 move avalanche\n>p1 move irondefense\n>p2 move stoneedge\n>p1 move irondefense\n>p2 move avalanche\n>p1 move irondefense\n>p2 move bodypress\n>p1 move rest\n>p2 move bodypress\n>p1 move bodypress\n>p2 move bodypress\n>p1 move bodypress\n>p2 move recover\n>p2 switch 4\n>p1 move bodypress\n>p2 move freezedry", "uploadtime": 1733875364, "views": 1, "formatid": "gen9randombattle", "rating": 1000, "private": 0, "password": null}