{"id": "gen9randombattle-2260809098", "format": "[Gen 9] Random Battle", "players": ["EnderSgen", "silkirby"], "log": "|j|\u2606EnderSgen\n|j|\u2606silkirby\n|t:|1733895855\n|gametype|singles\n|player|p1|EnderSgen|waitress-gen4|1012\n|player|p2|silkirby|1|1040\n|teamsize|p1|6\n|teamsize|p2|6\n|gen|9\n|tier|[Gen 9] Random Battle\n|rated|\n|rule|Species Clause: Limit one of each Pok\u00e9mon\n|rule|HP Percentage Mod: HP is shown in percentages\n|rule|Sleep Clause Mod: Limit one foe put to sleep\n|rule|Illusion Level Mod: Illusion disguises the Pok\u00e9mon's true level\n|\n|t:|1733895855\n|start\n|switch|p1a: Squawkabilly|Squawkabilly-Yellow, L89, F|291/291\n|switch|p2a: Articuno|Articuno-Galar, L84|288/288\n|turn|1\n|\n|t:|1733895866\n|-terastallize|p1a: Squawkabilly|Normal\n|move|p1a: Squawkabilly|Brave Bird|p2a: Articuno\n|-damage|p2a: Articuno|0 fnt\n|faint|p2a: Articuno\n|-damage|p1a: Squawkabilly|196/291|[from] Recoil\n|\n|upkeep\n|\n|t:|1733895880\n|switch|p2a: Dragapult|Dragapult, L77, F|262/262\n|turn|2\n|\n|t:|1733895886\n|move|p2a: Dragapult|Fire Blast|p1a: Squawkabilly\n|-crit|p1a: Squawkabilly\n|-damage|p1a: Squawkabilly|0 fnt\n|faint|p1a: Squawkabilly\n|\n|upkeep\n|\n|t:|1733895896\n|switch|p1a: Minun|Minun, L95, F|268/268\n|turn|3\n|inactive|Battle timer is ON: inactive players will automatically lose when time's up. (requested by EnderSgen)\n|\n|t:|1733895950\n|move|p2a: Dragapult|Fire Blast|p1a: Minun\n|-damage|p1a: Minun|172/268\n|move|p1a: Minun|Nasty Plot|p1a: Minun\n|-boost|p1a: Minun|spa|2\n|\n|upkeep\n|turn|4\n|\n|t:|1733895959\n|move|p2a: Dragapult|Fire Blast|p1a: Minun\n|-damage|p1a: Minun|81/268\n|move|p1a: Minun|Alluring Voice|p2a: Dragapult\n|-supereffective|p2a: Dragapult\n|-damage|p2a: Dragapult|0 fnt\n|faint|p2a: Dragapult\n|-damage|p1a: Minun|55/268|[from] item: Life Orb\n|\n|upkeep\n|\n|t:|1733895977\n|switch|p2a: Grafaiai|Grafaiai, L86, M|249/249\n|turn|5\n|\n|t:|1733895989\n|move|p2a: Grafaiai|Gunk Shot|p1a: Minun\n|-damage|p1a: Minun|0 fnt\n|faint|p1a: Minun\n|-damage|p2a: Grafaiai|225/249|[from] item: Life Orb\n|\n|upkeep\n|\n|t:|1733895996\n|switch|p1a: Revavroom|Revavroom, L79, M|256/256\n|turn|6\n|\n|t:|1733896012\n|move|p2a: Grafaiai|Low Kick|p1a: Revavroom\n|-damage|p1a: Revavroom|162/256\n|-damage|p2a: Grafaiai|201/249|[from] item: Life Orb\n|move|p1a: Revavroom|Shift Gear|p1a: Revavroom\n|-boost|p1a: Revavroom|spe|2\n|-boost|p1a: Revavroom|atk|1\n|\n|upkeep\n|turn|7\n|\n|t:|1733896030\n|move|p1a: Revavroom|High Horsepower|p2a: Grafaiai\n|-supereffective|p2a: Grafaiai\n|-damage|p2a: Grafaiai|0 fnt\n|faint|p2a: Grafaiai\n|-damage|p1a: Revavroom|137/256|[from] item: Life Orb\n|\n|upkeep\n|\n|t:|1733896038\n|switch|p2a: Magmortar|Magmortar, L88, F|275/275\n|turn|8\n|\n|t:|1733896059\n|move|p1a: Revavroom|High Horsepower|p2a: Magmortar\n|-supereffective|p2a: Magmortar\n|-damage|p2a: Magmortar|0 fnt\n|-status|p1a: Revavroom|brn|[from] ability: Flame Body|[of] p2a: Magmortar\n|faint|p2a: Magmortar\n|-damage|p1a: Revavroom|112/256 brn|[from] item: Life Orb\n|\n|-damage|p1a: Revavroom|96/256 brn|[from] brn\n|upkeep\n|\n|t:|1733896062\n|switch|p2a: Minior|Minior-Violet, L79|224/224\n|-formechange|p2a: Minior|Minior-Meteor||[from] ability: Shields Down\n|turn|9\n|\n|t:|1733896075\n|move|p1a: Revavroom|High Horsepower|p2a: Minior\n|-immune|p2a: Minior\n|move|p2a: Minior|Shell Smash|p2a: Minior\n|-unboost|p2a: Minior|def|1\n|-unboost|p2a: Minior|spd|1\n|-boost|p2a: Minior|atk|2\n|-boost|p2a: Minior|spa|2\n|-boost|p2a: Minior|spe|2\n|-enditem|p2a: Minior|White Herb\n|-clearnegativeboost|p2a: Minior|[silent]\n|\n|-damage|p1a: Revavroom|80/256 brn|[from] brn\n|upkeep\n|turn|10\n|\n|t:|1733896102\n|move|p1a: Revavroom|Iron Head|p2a: Minior\n|-supereffective|p2a: Minior\n|-damage|p2a: Minior|56/224\n|-damage|p1a: Revavroom|55/256 brn|[from] item: Life Orb\n|move|p2a: Minior|Earthquake|p1a: Revavroom\n|-supereffective|p1a: Revavroom\n|-damage|p1a: Revavroom|0 fnt\n|faint|p1a: Revavroom\n|\n|-formechange|p2a: Minior|Minior-Violet||[from] ability: Shields Down\n|upkeep\n|inactive|EnderSgen has 120 seconds left.\n|\n|t:|1733896127\n|switch|p1a: Phione|Phione, L91|293/293\n|turn|11\n|\n|t:|1733896140\n|-terastallize|p2a: Minior|Water\n|move|p2a: Minior|Acrobatics|p1a: Phione\n|-damage|p1a: Phione|76/293\n|move|p1a: Phione|Grass Knot|p2a: Minior\n|-supereffective|p2a: Minior\n|-damage|p2a: Minior|16/224\n|\n|-heal|p1a: Phione|94/293|[from] item: Leftovers\n|upkeep\n|turn|12\n|\n|t:|1733896154\n|switch|p1a: Lapras|Lapras, L87, M|367/367\n|move|p2a: Minior|Acrobatics|p1a: Lapras\n|-damage|p1a: Lapras|165/367\n|\n|upkeep\n|turn|13\n|inactive|silkirby has 120 seconds left.\n|\n|t:|1733896184\n|move|p2a: Minior|Acrobatics|p1a: Lapras\n|-damage|p1a: Lapras|0 fnt\n|faint|p1a: Lapras\n|\n|upkeep\n|\n|t:|1733896189\n|switch|p1a: Delphox|Delphox, L84, M|263/263\n|turn|14\n|inactive|silkirby has 120 seconds left.\n|\n|t:|1733896202\n|move|p2a: Minior|Earthquake|p1a: Delphox\n|-supereffective|p1a: Delphox\n|-damage|p1a: Delphox|0 fnt\n|faint|p1a: Delphox\n|\n|upkeep\n|-message|EnderSgen forfeited.\n|\n|win|silkirby\n|raw|EnderSgen's rating: 1012 &rarr; <strong>1001</strong><br />(-11 for losing)\n|raw|silkirby's rating: 1040 &rarr; <strong>1071</strong><br />(+31 for winning)\n|l|\u2606EnderSgen\n|player|p1|\n", "inputlog": ">version bfd83cad13791eb5a5a409923076391caf6fb4d4\n>start {\"formatid\":\"gen9randombattle\",\"seed\":[37523,12709,36321,12628],\"rated\":\"Rated battle\"}\n>player p1 {\"name\":\"EnderSgen\",\"avatar\":\"waitress-gen4\",\"rating\":1012,\"seed\":[37745,37184,36980,23768]}\n>player p2 {\"name\":\"silkirby\",\"avatar\":\"1\",\"rating\":1040,\"seed\":[57128,12956,4727,408]}\n>p1 move bravebird terastallize\n>p2 move calmmind\n>p2 switch 5\n>p1 move bravebird\n>p2 move fireblast\n>p1 switch 3\n>p1 move nastyplot\n>p2 move fireblast\n>p1 move alluringvoice\n>p2 move fireblast\n>p2 switch 2\n>p1 move alluringvoice\n>p2 move gunkshot\n>p1 switch 4\n>p1 move shiftgear\n>p2 move lowkick\n>p1 move highhorsepower\n>p2 move lowkick\n>p2 switch 6\n>p1 move highhorsepower\n>p2 move fireblast\n>p2 switch 4\n>p1 move highhorsepower\n>p2 move shellsmash\n>p1 move ironhead\n>p2 move earthquake\n>p1 switch 5\n>p1 move grassknot\n>p2 move acrobatics terastallize\n>p1 switch 2\n>p2 move acrobatics\n>p1 move waterfall\n>p2 move acrobatics\n>p1 switch 6\n>p1 move psyshock\n>p2 move earthquake\n>forcelose p1", "uploadtime": 1733896210, "views": 2, "formatid": "gen9randombattle", "rating": 1001, "private": 0, "password": null}