{"id": "gen9randombattle-2259965630", "format": "[Gen 9] Random Battle", "players": ["tbrandbat", "robuko"], "log": "|j|\u2606tbrandbat\n|j|\u2606robuko\n|t:|1733785180\n|gametype|singles\n|player|p1|tbrandbat|170|1549\n|player|p2|robuko|petrel|1541\n|teamsize|p1|6\n|teamsize|p2|6\n|gen|9\n|tier|[Gen 9] Random Battle\n|rated|\n|rule|Species Clause: Limit one of each Pok\u00e9mon\n|rule|HP Percentage Mod: HP is shown in percentages\n|rule|Sleep Clause Mod: Limit one foe put to sleep\n|rule|Illusion Level Mod: Illusion disguises the Pok\u00e9mon's true level\n|\n|t:|1733785180\n|start\n|switch|p1a: Barraskewda|Barraskewda, L81, M|231/231\n|switch|p2a: Koraidon|Koraidon, L64|235/235\n|-weather|SunnyDay|[from] ability: Orichalcum Pulse|[of] p2a: Koraidon\n|-activate|p2a: Koraidon|Orichalcum Pulse|[source]\n|turn|1\n|inactive|Battle timer is ON: inactive players will automatically lose when time's up. (requested by tbrandbat)\n|\n|t:|1733785193\n|move|p1a: Barraskewda|Flip Turn|p2a: Koraidon\n|-resisted|p2a: Koraidon\n|-damage|p2a: Koraidon|208/235\n|\n|t:|1733785203\n|switch|p1a: Zamazenta|Zamazenta, L71|248/248|[from] Flip Turn\n|-ability|p1a: Zamazenta|Dauntless Shield|boost\n|-boost|p1a: Zamazenta|def|1\n|move|p2a: Koraidon|U-turn|p1a: Zamazenta\n|-resisted|p1a: Zamazenta\n|-damage|p1a: Zamazenta|223/248\n|\n|t:|1733785211\n|switch|p2a: Alcremie|Alcremie-Ruby-Cream, L90, F|263/263|[from] U-turn\n|\n|-weather|SunnyDay|[upkeep]\n|upkeep\n|turn|2\n|\n|t:|1733785218\n|move|p1a: Zamazenta|Iron Head|p2a: Alcremie\n|-supereffective|p2a: Alcremie\n|-damage|p2a: Alcremie|121/263\n|move|p2a: Alcremie|Calm Mind|p2a: Alcremie\n|-boost|p2a: Alcremie|spa|1\n|-boost|p2a: Alcremie|spd|1\n|\n|-weather|SunnyDay|[upkeep]\n|-heal|p2a: Alcremie|137/263|[from] item: Leftovers\n|upkeep\n|turn|3\n|\n|t:|1733785222\n|-terastallize|p2a: Alcremie|Ground\n|move|p1a: Zamazenta|Iron Head|p2a: Alcremie\n|-damage|p2a: Alcremie|57/263\n|move|p2a: Alcremie|Alluring Voice|p1a: Zamazenta\n|-supereffective|p1a: Zamazenta\n|-damage|p1a: Zamazenta|0 fnt\n|faint|p1a: Zamazenta\n|\n|-weather|SunnyDay|[upkeep]\n|-heal|p2a: Alcremie|73/263|[from] item: Leftovers\n|upkeep\n|\n|t:|1733785227\n|switch|p1a: Barraskewda|Barraskewda, L81, M|231/231\n|turn|4\n|\n|t:|1733785237\n|move|p1a: Barraskewda|Waterfall|p2a: Alcremie\n|-supereffective|p2a: Alcremie\n|-damage|p2a: Alcremie|0 fnt\n|faint|p2a: Alcremie\n|\n|-weather|SunnyDay|[upkeep]\n|upkeep\n|\n|t:|1733785240\n|switch|p2a: Skarmory|Skarmory, L80, F|235/235\n|turn|5\n|\n|t:|1733785248\n|switch|p1a: Raikou|Raikou, L81|278/278\n|-ability|p1a: Raikou|Pressure\n|move|p2a: Skarmory|Brave Bird|p1a: Raikou\n|-resisted|p1a: Raikou\n|-damage|p1a: Raikou|223/278\n|-damage|p2a: Skarmory|217/235|[from] Recoil\n|\n|-weather|none\n|-heal|p1a: Raikou|240/278|[from] item: Leftovers\n|upkeep\n|turn|6\n|\n|t:|1733785257\n|switch|p2a: Koraidon|Koraidon, L64|208/235\n|-weather|SunnyDay|[from] ability: Orichalcum Pulse|[of] p2a: Koraidon\n|-activate|p2a: Koraidon|Orichalcum Pulse|[source]\n|move|p1a: Raikou|Substitute|p1a: Raikou\n|-start|p1a: Raikou|Substitute\n|-damage|p1a: Raikou|171/278\n|\n|-weather|SunnyDay|[upkeep]\n|-heal|p1a: Raikou|188/278|[from] item: Leftovers\n|upkeep\n|turn|7\n|\n|t:|1733785268\n|move|p1a: Raikou|Scald|p2a: Koraidon\n|-resisted|p2a: Koraidon\n|-damage|p2a: Koraidon|191/235\n|-status|p2a: Koraidon|brn\n|move|p2a: Koraidon|Outrage|p1a: Raikou\n|-end|p1a: Raikou|Substitute\n|\n|-weather|SunnyDay|[upkeep]\n|-heal|p1a: Raikou|205/278|[from] item: Leftovers\n|-damage|p2a: Koraidon|177/235 brn|[from] brn\n|upkeep\n|turn|8\n|\n|t:|1733785276\n|switch|p1a: Tinkaton|Tinkaton, L82, F|274/274\n|-ability|p1a: Tinkaton|Mold Breaker\n|move|p2a: Koraidon|Outrage|p1a: Tinkaton|[from]lockedmove\n|-immune|p1a: Tinkaton\n|\n|-weather|SunnyDay|[upkeep]\n|-damage|p2a: Koraidon|163/235 brn|[from] brn\n|upkeep\n|turn|9\n|\n|t:|1733785281\n|switch|p2a: Empoleon|Empoleon, L84, M|278/278\n|move|p1a: Tinkaton|Stealth Rock|p2a: Empoleon\n|-sidestart|p2: robuko|move: Stealth Rock\n|\n|-weather|SunnyDay|[upkeep]\n|upkeep\n|turn|10\n|\n|t:|1733785291\n|move|p1a: Tinkaton|Knock Off|p2a: Empoleon\n|-damage|p2a: Empoleon|228/278\n|-enditem|p2a: Empoleon|Leftovers|[from] move: Knock Off|[of] p1a: Tinkaton\n|move|p2a: Empoleon|Stealth Rock|p1a: Tinkaton\n|-sidestart|p1: tbrandbat|move: Stealth Rock\n|\n|-weather|none\n|upkeep\n|turn|11\n|\n|t:|1733785298\n|switch|p1a: Raikou|Raikou, L81|205/278\n|-damage|p1a: Raikou|171/278|[from] Stealth Rock\n|-ability|p1a: Raikou|Pressure\n|move|p2a: Empoleon|Surf|p1a: Raikou\n|-damage|p1a: Raikou|80/278\n|\n|-heal|p1a: Raikou|97/278|[from] item: Leftovers\n|upkeep\n|turn|12\n|\n|t:|1733785307\n|move|p1a: Raikou|Thunderbolt|p2a: Empoleon\n|-supereffective|p2a: Empoleon\n|-damage|p2a: Empoleon|48/278\n|move|p2a: Empoleon|Knock Off|p1a: Raikou\n|-damage|p1a: Raikou|25/278\n|-enditem|p1a: Raikou|Leftovers|[from] move: Knock Off|[of] p2a: Empoleon\n|\n|upkeep\n|turn|13\n|\n|t:|1733785315\n|move|p1a: Raikou|Thunderbolt|p2a: Empoleon\n|-supereffective|p2a: Empoleon\n|-damage|p2a: Empoleon|0 fnt\n|faint|p2a: Empoleon\n|\n|upkeep\n|\n|t:|1733785317\n|switch|p2a: Koraidon|Koraidon, L64|163/235 brn\n|-damage|p2a: Koraidon|149/235 brn|[from] Stealth Rock\n|-weather|SunnyDay|[from] ability: Orichalcum Pulse|[of] p2a: Koraidon\n|-activate|p2a: Koraidon|Orichalcum Pulse|[source]\n|turn|14\n|\n|t:|1733785327\n|move|p1a: Raikou|Thunderbolt|p2a: Koraidon\n|-resisted|p2a: Koraidon\n|-damage|p2a: Koraidon|94/235 brn\n|move|p2a: Koraidon|Flare Blitz|p1a: Raikou\n|-damage|p1a: Raikou|0 fnt\n|faint|p1a: Raikou\n|-damage|p2a: Koraidon|86/235 brn|[from] Recoil\n|\n|-weather|SunnyDay|[upkeep]\n|-damage|p2a: Koraidon|72/235 brn|[from] brn\n|upkeep\n|\n|t:|1733785344\n|switch|p1a: Barraskewda|Barraskewda, L81, M|231/231\n|-damage|p1a: Barraskewda|203/231|[from] Stealth Rock\n|turn|15\n|\n|t:|1733785348\n|switch|p2a: Skarmory|Skarmory, L80, F|217/235\n|-damage|p2a: Skarmory|188/235|[from] Stealth Rock\n|move|p1a: Barraskewda|Waterfall|p2a: Skarmory\n|-crit|p2a: Skarmory\n|-damage|p2a: Skarmory|103/235\n|-damage|p1a: Barraskewda|165/231|[from] item: Rocky Helmet|[of] p2a: Skarmory\n|\n|-weather|SunnyDay|[upkeep]\n|upkeep\n|turn|16\n|\n|t:|1733785358\n|switch|p1a: Iron Hands|Iron Hands, L79|373/373\n|-damage|p1a: Iron Hands|350/373|[from] Stealth Rock\n|move|p2a: Skarmory|Roost|p2a: Skarmory\n|-heal|p2a: Skarmory|221/235\n|-singleturn|p2a: Skarmory|move: Roost\n|\n|-weather|SunnyDay|[upkeep]\n|upkeep\n|turn|17\n|\n|t:|1733785367\n|switch|p2a: Koraidon|Koraidon, L64|72/235 brn\n|-damage|p2a: Koraidon|58/235 brn|[from] Stealth Rock\n|-activate|p2a: Koraidon|ability: Orichalcum Pulse\n|move|p1a: Iron Hands|Volt Switch|p2a: Koraidon\n|-resisted|p2a: Koraidon\n|-damage|p2a: Koraidon|35/235 brn\n|\n|t:|1733785372\n|-end|p1a: Iron Hands|Quark Drive|[silent]\n|switch|p1a: Barraskewda|Barraskewda, L81, M|165/231|[from] Volt Switch\n|-damage|p1a: Barraskewda|137/231|[from] Stealth Rock\n|\n|-weather|SunnyDay|[upkeep]\n|-damage|p2a: Koraidon|21/235 brn|[from] brn\n|upkeep\n|turn|18\n|\n|t:|1733785374\n|move|p1a: Barraskewda|Flip Turn|p2a: Koraidon\n|-resisted|p2a: Koraidon\n|-damage|p2a: Koraidon|0 fnt\n|faint|p2a: Koraidon\n|\n|t:|1733785377\n|switch|p1a: Iron Hands|Iron Hands, L79|350/373|[from] Flip Turn\n|-damage|p1a: Iron Hands|327/373|[from] Stealth Rock\n|\n|-weather|none\n|upkeep\n|inactive|robuko has 120 seconds left.\n|l|\u2606robuko\n|inactive|robuko disconnected and has a minute to reconnect!\n|player|p2|\n|j|\u2606robuko\n|inactive|robuko reconnected and has 100 seconds left.\n|player|p2|robuko|petrel|\n|\n|t:|1733785434\n|switch|p2a: Glimmora|Glimmora, L75, F|248/248\n|-damage|p2a: Glimmora|217/248|[from] Stealth Rock\n|turn|19\n|\n|t:|1733785461\n|-end|p1a: Iron Hands|Quark Drive|[silent]\n|switch|p1a: Barraskewda|Barraskewda, L81, M|137/231\n|-damage|p1a: Barraskewda|109/231|[from] Stealth Rock\n|move|p2a: Glimmora|Earth Power|p1a: Barraskewda\n|-damage|p1a: Barraskewda|14/231\n|\n|upkeep\n|turn|20\n|\n|t:|1733785468\n|switch|p2a: Skarmory|Skarmory, L80, F|221/235\n|-damage|p2a: Skarmory|192/235|[from] Stealth Rock\n|move|p1a: Barraskewda|Waterfall|p2a: Skarmory\n|-damage|p2a: Skarmory|93/235\n|-damage|p1a: Barraskewda|0 fnt|[from] item: Rocky Helmet|[of] p2a: Skarmory\n|faint|p1a: Barraskewda\n|\n|upkeep\n|\n|t:|1733785471\n|switch|p1a: Iron Hands|Iron Hands, L79|327/373\n|-damage|p1a: Iron Hands|304/373|[from] Stealth Rock\n|turn|21\n|\n|t:|1733785481\n|move|p2a: Skarmory|Roost|p2a: Skarmory\n|-heal|p2a: Skarmory|211/235\n|-singleturn|p2a: Skarmory|move: Roost\n|move|p1a: Iron Hands|Drain Punch|p2a: Skarmory\n|-supereffective|p2a: Skarmory\n|-damage|p2a: Skarmory|79/235\n|-heal|p1a: Iron Hands|370/373|[from] drain|[of] p2a: Skarmory\n|-damage|p1a: Iron Hands|308/373|[from] item: Rocky Helmet|[of] p2a: Skarmory\n|\n|upkeep\n|turn|22\n|\n|t:|1733785489\n|move|p2a: Skarmory|Body Press|p1a: Iron Hands\n|-damage|p1a: Iron Hands|243/373\n|move|p1a: Iron Hands|Wild Charge|p2a: Skarmory\n|-supereffective|p2a: Skarmory\n|-damage|p2a: Skarmory|0 fnt\n|-damage|p1a: Iron Hands|181/373|[from] item: Rocky Helmet|[of] p2a: Skarmory\n|faint|p2a: Skarmory\n|-damage|p1a: Iron Hands|161/373|[from] Recoil\n|\n|upkeep\n|inactive|robuko has 120 seconds left.\n|l|\u2606robuko\n|inactive|robuko disconnected and has a minute to reconnect!\n|player|p2|\n|j|\u2606robuko\n|inactive|robuko reconnected and has 105 seconds left.\n|player|p2|robuko|petrel|\n|inactive|robuko has 90 seconds left.\n|\n|t:|1733785532\n|switch|p2a: Glimmora|Glimmora, L75, F|217/248\n|-damage|p2a: Glimmora|186/248|[from] Stealth Rock\n|turn|23\n|\n|t:|1733785554\n|move|p2a: Glimmora|Earth Power|p1a: Iron Hands\n|-supereffective|p1a: Iron Hands\n|-damage|p1a: Iron Hands|41/373\n|move|p1a: Iron Hands|Wild Charge|p2a: Glimmora\n|-damage|p2a: Glimmora|54/248\n|-activate|p2a: Glimmora|ability: Toxic Debris\n|-sidestart|p1: tbrandbat|move: Toxic Spikes\n|-damage|p1a: Iron Hands|8/373|[from] Recoil\n|\n|upkeep\n|turn|24\n|inactive|robuko has 90 seconds left.\n|\n|t:|1733785574\n|move|p2a: Glimmora|Meteor Beam||[still]\n|-prepare|p2a: Glimmora|Meteor Beam\n|-boost|p2a: Glimmora|spa|1\n|-enditem|p2a: Glimmora|Power Herb\n|-anim|p2a: Glimmora|Meteor Beam|p1a: Iron Hands\n|-resisted|p1a: Iron Hands\n|-damage|p1a: Iron Hands|0 fnt\n|faint|p1a: Iron Hands\n|-end|p1a: Iron Hands|Quark Drive|[silent]\n|\n|upkeep\n|\n|t:|1733785587\n|switch|p1a: Tinkaton|Tinkaton, L82, F|274/274\n|-damage|p1a: Tinkaton|257/274|[from] Stealth Rock\n|-ability|p1a: Tinkaton|Mold Breaker\n|turn|25\n|\n|t:|1733785590\n|move|p1a: Tinkaton|Knock Off|p2a: Glimmora\n|-damage|p2a: Glimmora|14/248\n|-activate|p2a: Glimmora|ability: Toxic Debris\n|-sidestart|p1: tbrandbat|move: Toxic Spikes\n|move|p2a: Glimmora|Earth Power|p1a: Tinkaton\n|-supereffective|p1a: Tinkaton\n|-damage|p1a: Tinkaton|81/274\n|-unboost|p1a: Tinkaton|spd|1\n|\n|-heal|p1a: Tinkaton|98/274|[from] item: Leftovers\n|upkeep\n|turn|26\n|\n|t:|1733785594\n|move|p1a: Tinkaton|Knock Off|p2a: Glimmora\n|-damage|p2a: Glimmora|0 fnt\n|faint|p2a: Glimmora\n|\n|-heal|p1a: Tinkaton|115/274|[from] item: Leftovers\n|upkeep\n|\n|t:|1733785596\n|switch|p2a: Scyther|Scyther, L82, F|249/249\n|turn|27\n|\n|t:|1733785600\n|move|p2a: Scyther|Swords Dance|p2a: Scyther\n|-boost|p2a: Scyther|atk|2\n|move|p1a: Tinkaton|Gigaton Hammer|p2a: Scyther\n|-damage|p2a: Scyther|110/249\n|\n|-heal|p1a: Tinkaton|132/274|[from] item: Leftovers\n|upkeep\n|turn|28\n|\n|t:|1733785608\n|move|p2a: Scyther|Close Combat|p1a: Tinkaton\n|-damage|p1a: Tinkaton|0 fnt\n|-unboost|p2a: Scyther|def|1\n|-unboost|p2a: Scyther|spd|1\n|faint|p1a: Tinkaton\n|\n|upkeep\n|\n|t:|1733785612\n|switch|p1a: Staraptor|Staraptor, L79, M|263/263\n|-damage|p1a: Staraptor|198/263|[from] Stealth Rock\n|turn|29\n|l|\u2606robuko\n|inactive|robuko disconnected and has a minute to reconnect!\n|player|p2|\n|j|\u2606robuko\n|inactive|robuko reconnected and has 145 seconds left.\n|player|p2|robuko|petrel|\n|\n|t:|1733785632\n|move|p2a: Scyther|Close Combat|p1a: Staraptor\n|-damage|p1a: Staraptor|0 fnt\n|-unboost|p2a: Scyther|def|1\n|-unboost|p2a: Scyther|spd|1\n|faint|p1a: Staraptor\n|\n|win|robuko\n|raw|tbrandbat's rating: 1549 &rarr; <strong>1529</strong><br />(-20 for losing)\n|raw|robuko's rating: 1541 &rarr; <strong>1561</strong><br />(+20 for winning)\n|l|\u2606robuko\n|player|p2|\n|j|\u2606robuko\n|player|p2|robuko|petrel|\n|l|\u2606robuko\n|player|p2|\n|j|\u2606robuko\n|player|p2|robuko|petrel|\n", "inputlog": ">version bfd83cad13791eb5a5a409923076391caf6fb4d4\n>start {\"formatid\":\"gen9randombattle\",\"seed\":[31755,30950,5758,9150],\"rated\":\"Rated battle\"}\n>player p1 {\"name\":\"tbrandbat\",\"avatar\":\"170\",\"rating\":1549,\"seed\":[49003,33663,48932,51363]}\n>player p2 {\"name\":\"robuko\",\"avatar\":\"petrel\",\"rating\":1541,\"seed\":[28280,720,382,7022]}\n>p1 move flipturn\n>p2 move uturn\n>p1 switch 2\n>p2 switch 5\n>p1 move ironhead\n>p2 move calmmind\n>p1 move ironhead\n>p2 move alluringvoice terastallize\n>p1 switch 2\n>p1 move waterfall\n>p2 move recover\n>p2 switch 6\n>p1 switch 5\n>p2 move bravebird\n>p1 move substitute\n>p2 switch 5\n>p1 move scald\n>p2 move outrage\n>p1 switch 4\n>p2 move outrage\n>p1 move stealthrock\n>p2 switch 3\n>p1 move knockoff\n>p2 move stealthrock\n>p1 switch 4\n>p2 move surf\n>p1 move thunderbolt\n>p2 move knockoff\n>p1 move thunderbolt\n>p2 move surf\n>p2 switch 3\n>p1 move thunderbolt\n>p2 move flareblitz\n>p1 switch 5\n>p1 move waterfall\n>p2 switch 5\n>p1 switch 6\n>p2 move roost\n>p1 move voltswitch\n>p2 switch 5\n>p1 switch 6\n>p1 move flipturn\n>p2 move uturn\n>p1 switch 6\n>p2 switch 4\n>p1 switch 6\n>p2 move earthpower\n>p1 move waterfall\n>p2 switch 5\n>p1 switch 6\n>p1 move drainpunch\n>p2 move roost\n>p1 move wildcharge\n>p2 move bodypress\n>p2 switch 5\n>p1 move wildcharge\n>p2 move earthpower\n>p1 move wildcharge\n>p2 move meteorbeam\n>p1 switch 4\n>p1 move knockoff\n>p2 move earthpower\n>p1 move knockoff\n>p2 move earthpower\n>p2 switch 2\n>p1 move gigatonhammer\n>p2 move swordsdance\n>p1 move playrough\n>p2 move closecombat\n>p1 switch 3\n>p1 move bravebird\n>p2 move closecombat", "uploadtime": 1733786081, "views": 9, "formatid": "gen9randombattle", "rating": 1529, "private": 0, "password": null}