{"id": "gen9randombattle-2260655938", "format": "[Gen 9] Random Battle", "players": ["warkarian", "deloass"], "log": "|j|\u2606warkarian\n|j|\u2606deloass\n|t:|1733874528\n|gametype|singles\n|player|p1|warkarian|lance|1659\n|player|p2|deloass|266|1626\n|teamsize|p1|6\n|teamsize|p2|6\n|gen|9\n|tier|[Gen 9] Random Battle\n|rated|\n|rule|Species Clause: Limit one of each Pok\u00e9mon\n|rule|HP Percentage Mod: HP is shown in percentages\n|rule|Sleep Clause Mod: Limit one foe put to sleep\n|rule|Illusion Level Mod: Illusion disguises the Pok\u00e9mon's true level\n|\n|t:|1733874528\n|start\n|switch|p1a: Chandelure|Chandelure, L83, F|235/235\n|switch|p2a: Manaphy|Manaphy, L78|284/284\n|turn|1\n|inactive|Battle timer is ON: inactive players will automatically lose when time's up. (requested by warkarian)\n|\n|t:|1733874545\n|-terastallize|p1a: Chandelure|Grass\n|move|p2a: Manaphy|Tail Glow|p2a: Manaphy\n|-boost|p2a: Manaphy|spa|3\n|move|p1a: Chandelure|Energy Ball|p2a: Manaphy\n|-supereffective|p2a: Manaphy\n|-damage|p2a: Manaphy|18/284\n|-unboost|p2a: Manaphy|spd|1\n|\n|-heal|p2a: Manaphy|35/284|[from] item: Leftovers\n|upkeep\n|turn|2\n|inactive|deloass has 120 seconds left.\n|\n|t:|1733874576\n|switch|p1a: Hatterene|Hatterene, L85, F|236/236\n|move|p2a: Manaphy|Ice Beam|p1a: Hatterene\n|-damage|p1a: Hatterene|150/236\n|\n|-heal|p2a: Manaphy|52/284|[from] item: Leftovers\n|upkeep\n|turn|3\n|inactive|deloass has 120 seconds left.\n|\n|t:|1733874589\n|move|p2a: Manaphy|Hydro Pump|p1a: Hatterene|[miss]\n|-miss|p2a: Manaphy|p1a: Hatterene\n|move|p1a: Hatterene|Nuzzle|p2a: Manaphy\n|-supereffective|p2a: Manaphy\n|-damage|p2a: Manaphy|26/284\n|-status|p2a: Manaphy|par\n|\n|-heal|p2a: Manaphy|43/284 par|[from] item: Leftovers\n|upkeep\n|turn|4\n|\n|t:|1733874602\n|move|p2a: Manaphy|Hydro Pump|p1a: Hatterene\n|-damage|p1a: Hatterene|0 fnt\n|faint|p1a: Hatterene\n|\n|-heal|p2a: Manaphy|60/284 par|[from] item: Leftovers\n|upkeep\n|\n|t:|1733874612\n|switch|p1a: Chandelure|Chandelure, L83, F, tera:Grass|235/235\n|turn|5\n|\n|t:|1733874616\n|move|p1a: Chandelure|Energy Ball|p2a: Manaphy\n|-supereffective|p2a: Manaphy\n|-damage|p2a: Manaphy|0 fnt\n|faint|p2a: Manaphy\n|\n|upkeep\n|\n|t:|1733874627\n|switch|p2a: Munkidori|Munkidori, L79, M|269/269\n|turn|6\n|\n|t:|1733874640\n|switch|p1a: Groudon|Groudon, L72|263/263\n|-weather|SunnyDay|[from] ability: Drought|[of] p1a: Groudon\n|move|p2a: Munkidori|Fake Out|p1a: Groudon\n|-damage|p1a: Groudon|246/263\n|\n|-weather|SunnyDay|[upkeep]\n|-heal|p1a: Groudon|262/263|[from] item: Leftovers\n|upkeep\n|turn|7\n|\n|t:|1733874651\n|move|p2a: Munkidori|U-turn|p1a: Groudon\n|-damage|p1a: Groudon|231/263\n|\n|t:|1733874658\n|switch|p2a: Tornadus|Tornadus, L82, M|263/263|[from] U-turn\n|move|p1a: Groudon|Stealth Rock|p2a: Tornadus\n|-sidestart|p2: deloass|move: Stealth Rock\n|\n|-weather|SunnyDay|[upkeep]\n|-heal|p1a: Groudon|247/263|[from] item: Leftovers\n|upkeep\n|turn|8\n|\n|t:|1733874669\n|move|p2a: Tornadus|Grass Knot|p1a: Groudon\n|-supereffective|p1a: Groudon\n|-damage|p1a: Groudon|0 fnt\n|faint|p1a: Groudon\n|\n|-weather|SunnyDay|[upkeep]\n|upkeep\n|\n|t:|1733874678\n|switch|p1a: Drifblim|Drifblim, L86, M|398/398\n|turn|9\n|inactive|deloass has 120 seconds left.\n|\n|t:|1733874712\n|switch|p2a: Bronzong|Bronzong, L88|261/261\n|-damage|p2a: Bronzong|245/261|[from] Stealth Rock\n|move|p1a: Drifblim|Shadow Ball|p2a: Bronzong\n|-supereffective|p2a: Bronzong\n|-damage|p2a: Bronzong|125/261\n|\n|-weather|SunnyDay|[upkeep]\n|-heal|p2a: Bronzong|141/261|[from] item: Leftovers\n|upkeep\n|turn|10\n|\n|t:|1733874724\n|move|p1a: Drifblim|Shadow Ball|p2a: Bronzong\n|-supereffective|p2a: Bronzong\n|-damage|p2a: Bronzong|1/261\n|move|p2a: Bronzong|Hypnosis|p1a: Drifblim\n|-status|p1a: Drifblim|slp|[from] move: Hypnosis\n|\n|-weather|none\n|-heal|p2a: Bronzong|17/261|[from] item: Leftovers\n|upkeep\n|turn|11\n|\n|t:|1733874734\n|switch|p1a: Chandelure|Chandelure, L83, F, tera:Grass|235/235\n|move|p2a: Bronzong|Stealth Rock|p1a: Chandelure\n|-sidestart|p1: warkarian|move: Stealth Rock\n|\n|-heal|p2a: Bronzong|33/261|[from] item: Leftovers\n|upkeep\n|turn|12\n|\n|t:|1733874742\n|move|p1a: Chandelure|Calm Mind|p1a: Chandelure\n|-boost|p1a: Chandelure|spa|1\n|-boost|p1a: Chandelure|spd|1\n|move|p2a: Bronzong|Psychic|p1a: Chandelure\n|-damage|p1a: Chandelure|174/235\n|\n|-heal|p2a: Bronzong|49/261|[from] item: Leftovers\n|upkeep\n|turn|13\n|\n|t:|1733874756\n|switch|p2a: Munkidori|Munkidori, L79, M|269/269\n|-damage|p2a: Munkidori|236/269|[from] Stealth Rock\n|move|p1a: Chandelure|Shadow Ball|p2a: Munkidori\n|-supereffective|p2a: Munkidori\n|-damage|p2a: Munkidori|0 fnt\n|faint|p2a: Munkidori\n|\n|upkeep\n|\n|t:|1733874762\n|switch|p2a: Ariados|Ariados, L95, M|287/287\n|turn|14\n|\n|t:|1733874774\n|switch|p1a: Drifblim|Drifblim, L86, M|398/398 slp\n|move|p2a: Ariados|Sticky Web|p1a: Drifblim\n|-sidestart|p1: warkarian|move: Sticky Web\n|\n|upkeep\n|turn|15\n|\n|t:|1733874783\n|cant|p1a: Drifblim|slp\n|move|p2a: Ariados|Toxic Spikes|p1a: Drifblim\n|-sidestart|p1: warkarian|move: Toxic Spikes\n|\n|upkeep\n|turn|16\n|\n|t:|1733874789\n|cant|p1a: Drifblim|slp\n|move|p2a: Ariados|Poison Jab|p1a: Drifblim\n|-resisted|p1a: Drifblim\n|-damage|p1a: Drifblim|314/398 slp\n|\n|upkeep\n|turn|17\n|\n|t:|1733874796\n|cant|p1a: Drifblim|slp\n|move|p2a: Ariados|Megahorn|p1a: Drifblim\n|-resisted|p1a: Drifblim\n|-damage|p1a: Drifblim|255/398 slp\n|\n|upkeep\n|turn|18\n|\n|t:|1733874808\n|-curestatus|p1a: Drifblim|slp|[msg]\n|move|p1a: Drifblim|Strength Sap|p2a: Ariados\n|-unboost|p2a: Ariados|atk|1\n|-heal|p1a: Drifblim|398/398\n|move|p2a: Ariados|Poison Jab|p1a: Drifblim\n|-resisted|p1a: Drifblim\n|-damage|p1a: Drifblim|341/398\n|\n|upkeep\n|turn|19\n|\n|t:|1733874818\n|move|p1a: Drifblim|Air Slash|p2a: Ariados|[miss]\n|-miss|p1a: Drifblim|p2a: Ariados\n|move|p2a: Ariados|Poison Jab|p1a: Drifblim\n|-resisted|p1a: Drifblim\n|-damage|p1a: Drifblim|285/398\n|\n|upkeep\n|turn|20\n|\n|t:|1733874828\n|switch|p2a: Tornadus|Tornadus, L82, M|263/263\n|-damage|p2a: Tornadus|198/263|[from] Stealth Rock\n|move|p1a: Drifblim|Air Slash|p2a: Tornadus\n|-damage|p2a: Tornadus|119/263\n|\n|upkeep\n|turn|21\n|\n|t:|1733874838\n|move|p2a: Tornadus|Bleakwind Storm|p1a: Drifblim\n|-damage|p1a: Drifblim|23/398\n|move|p1a: Drifblim|Shadow Ball|p2a: Tornadus\n|-damage|p2a: Tornadus|28/263\n|\n|upkeep\n|turn|22\n|\n|t:|1733874846\n|move|p2a: Tornadus|Bleakwind Storm|p1a: Drifblim\n|-damage|p1a: Drifblim|0 fnt\n|faint|p1a: Drifblim\n|\n|upkeep\n|\n|t:|1733874854\n|switch|p1a: Crabominable|Crabominable, L90, M|321/321\n|-damage|p1a: Crabominable|281/321|[from] Stealth Rock\n|-activate|p1a: Crabominable|move: Sticky Web\n|-unboost|p1a: Crabominable|spe|1\n|-status|p1a: Crabominable|psn\n|turn|23\n|\n|t:|1733874864\n|move|p2a: Tornadus|Bleakwind Storm|p1a: Crabominable\n|-supereffective|p1a: Crabominable\n|-damage|p1a: Crabominable|0 fnt\n|faint|p1a: Crabominable\n|\n|upkeep\n|\n|t:|1733874872\n|switch|p1a: Kingambit|Kingambit, L74, M|270/270\n|-damage|p1a: Kingambit|254/270|[from] Stealth Rock\n|-activate|p1a: Kingambit|move: Sticky Web\n|-unboost|p1a: Kingambit|spe|1\n|-activate|p1a: Kingambit|ability: Supreme Overlord\n|-start|p1a: Kingambit|fallen4|[silent]\n|turn|24\n|\n|t:|1733874897\n|move|p2a: Tornadus|Bleakwind Storm|p1a: Kingambit\n|-resisted|p1a: Kingambit\n|-damage|p1a: Kingambit|149/270\n|-unboost|p1a: Kingambit|spe|1\n|move|p1a: Kingambit|Kowtow Cleave|p2a: Tornadus\n|-damage|p2a: Tornadus|0 fnt\n|faint|p2a: Tornadus\n|\n|-heal|p1a: Kingambit|165/270|[from] item: Leftovers\n|upkeep\n|\n|t:|1733874911\n|switch|p2a: Bronzong|Bronzong, L88|49/261\n|-damage|p2a: Bronzong|33/261|[from] Stealth Rock\n|turn|25\n|\n|t:|1733874918\n|move|p1a: Kingambit|Sucker Punch|p2a: Bronzong\n|-supereffective|p2a: Bronzong\n|-damage|p2a: Bronzong|0 fnt\n|faint|p2a: Bronzong\n|\n|-heal|p1a: Kingambit|181/270|[from] item: Leftovers\n|upkeep\n|\n|t:|1733874925\n|switch|p2a: Ariados|Ariados, L95, M|287/287\n|turn|26\n|\n|t:|1733874951\n|move|p1a: Kingambit|Sucker Punch|p2a: Ariados\n|-damage|p2a: Ariados|184/287\n|move|p2a: Ariados|Megahorn|p1a: Kingambit\n|-damage|p1a: Kingambit|40/270\n|\n|-heal|p1a: Kingambit|56/270|[from] item: Leftovers\n|upkeep\n|turn|27\n|\n|t:|1733874961\n|move|p1a: Kingambit|Sucker Punch|p2a: Ariados\n|-damage|p2a: Ariados|82/287\n|move|p2a: Ariados|Megahorn|p1a: Kingambit\n|-damage|p1a: Kingambit|0 fnt\n|faint|p1a: Kingambit\n|-end|p1a: Kingambit|fallen4|[silent]\n|\n|upkeep\n|\n|t:|1733874969\n|switch|p1a: Chandelure|Chandelure, L83, F, tera:Grass|174/235\n|turn|28\n|\n|t:|1733874978\n|move|p1a: Chandelure|Shadow Ball|p2a: Ariados\n|-damage|p2a: Ariados|0 fnt\n|faint|p2a: Ariados\n|\n|upkeep\n|\n|t:|1733874982\n|switch|p2a: Dragapult|Dragapult, L77, M|262/262\n|-damage|p2a: Dragapult|230/262|[from] Stealth Rock\n|turn|29\n|\n|t:|1733874991\n|move|p2a: Dragapult|Draco Meteor|p1a: Chandelure\n|-damage|p1a: Chandelure|3/235\n|-unboost|p2a: Dragapult|spa|2\n|move|p1a: Chandelure|Shadow Ball|p2a: Dragapult\n|-supereffective|p2a: Dragapult\n|-damage|p2a: Dragapult|0 fnt\n|faint|p2a: Dragapult\n|\n|win|warkarian\n|raw|warkarian's rating: 1659 &rarr; <strong>1677</strong><br />(+18 for winning)\n|raw|deloass's rating: 1626 &rarr; <strong>1608</strong><br />(-18 for losing)\n", "inputlog": ">version bfd83cad13791eb5a5a409923076391caf6fb4d4\n>start {\"formatid\":\"gen9randombattle\",\"seed\":[12193,52861,43232,57270],\"rated\":\"Rated battle\"}\n>player p1 {\"name\":\"warkarian\",\"avatar\":\"lance\",\"rating\":1659,\"seed\":[43965,46584,22048,33303]}\n>player p2 {\"name\":\"deloass\",\"avatar\":\"266\",\"rating\":1626,\"seed\":[9625,42017,55896,31823]}\n>p1 move energyball terastallize\n>p2 move tailglow\n>p1 switch 6\n>p2 move icebeam\n>p1 move nuzzle\n>p2 move hydropump\n>p1 move drainingkiss\n>p2 move hydropump\n>p1 switch 6\n>p1 move energyball\n>p2 move icebeam\n>p2 switch 3\n>p1 switch 4\n>p2 move fakeout\n>p1 move stealthrock\n>p2 move uturn\n>p2 switch 4\n>p1 move heatcrash\n>p2 move grassknot\n>p1 switch 3\n>p1 move shadowball\n>p2 switch 6\n>p1 move shadowball\n>p2 move hypnosis\n>p1 switch 4\n>p2 move stealthrock\n>p1 move calmmind\n>p2 move psychic\n>p1 move shadowball\n>p2 switch 4\n>p2 switch 5\n>p1 switch 4\n>p2 move stickyweb\n>p1 move shadowball\n>p2 move toxicspikes\n>p1 move airslash\n>p2 move poisonjab\n>p1 move airslash\n>p2 move megahorn\n>p1 move strengthsap\n>p2 move poisonjab\n>p1 move airslash\n>p2 move poisonjab\n>p1 move airslash\n>p2 switch 6\n>p1 move shadowball\n>p2 move bleakwindstorm\n>p1 move strengthsap\n>p2 move bleakwindstorm\n>p1 switch 5\n>p1 move knockoff\n>p2 move bleakwindstorm\n>p1 switch 2\n>p1 move kowtowcleave\n>p2 move bleakwindstorm\n>p2 switch 4\n>p1 move suckerpunch\n>p2 move earthquake\n>p2 switch 6\n>p1 move suckerpunch\n>p2 move megahorn\n>p1 move suckerpunch\n>p2 move megahorn\n>p1 switch 4\n>p1 move shadowball\n>p2 move megahorn\n>p2 switch 2\n>p1 move shadowball\n>p2 move dracometeor", "uploadtime": 1733875003, "views": 14, "formatid": "gen9randombattle", "rating": 1608, "private": 0, "password": null}