{"id": "gen9randombattle-2259815683", "format": "[Gen 9] Random Battle", "players": ["Dragonitekilla100", "Yusei1789"], "log": "|badge|p1|bronze|gen9randombattle|100-3\n|uhtml|medal-msg|<div class=\"broadcast-blue\">Curious what those medals under the avatar are? PS now has Ladder Seasons! For more information, check out the <a href=\"https://www.smogon.com/forums/threads/3740067/\">thread on Smogon.</a></div>\n|badge|p2|bronze|gen9randombattle|100-3\n|uhtml|medal-msg|<div class=\"broadcast-blue\">Curious what those medals under the avatar are? PS now has Ladder Seasons! For more information, check out the <a href=\"https://www.smogon.com/forums/threads/3740067/\">thread on Smogon.</a></div>\n|j|\u2606Dragonitekilla100\n|j|\u2606Yusei1789\n|t:|1733769472\n|gametype|singles\n|player|p1|Dragonitekilla100|102|2293\n|player|p2|Yusei1789|1|2312\n|teamsize|p1|6\n|teamsize|p2|6\n|gen|9\n|tier|[Gen 9] Random Battle\n|rated|\n|rule|Species Clause: Limit one of each Pok\u00e9mon\n|rule|HP Percentage Mod: HP is shown in percentages\n|rule|Sleep Clause Mod: Limit one foe put to sleep\n|rule|Illusion Level Mod: Illusion disguises the Pok\u00e9mon's true level\n|\n|t:|1733769472\n|start\n|switch|p1a: Squawkabilly|Squawkabilly-Blue, L85, F|278/278\n|switch|p2a: Kingdra|Kingdra, L84, M|263/263\n|turn|1\n|inactive|Battle timer is ON: inactive players will automatically lose when time's up. (requested by Dragonitekilla100)\n|\n|t:|1733769489\n|switch|p1a: Sunflora|Sunflora, M|312/312\n|move|p2a: Kingdra|Dragon Dance|p2a: Kingdra\n|-boost|p2a: Kingdra|atk|1\n|-boost|p2a: Kingdra|spe|1\n|\n|upkeep\n|turn|2\n|\n|t:|1733769502\n|-terastallize|p2a: Kingdra|Steel\n|move|p2a: Kingdra|Dragon Dance|p2a: Kingdra\n|-boost|p2a: Kingdra|atk|1\n|-boost|p2a: Kingdra|spe|1\n|move|p1a: Sunflora|Dazzling Gleam|p2a: Kingdra\n|-resisted|p2a: Kingdra\n|-damage|p2a: Kingdra|199/263\n|\n|upkeep\n|turn|3\n|\n|t:|1733769509\n|move|p2a: Kingdra|Dragon Dance|p2a: Kingdra\n|-boost|p2a: Kingdra|atk|1\n|-boost|p2a: Kingdra|spe|1\n|move|p1a: Sunflora|Dazzling Gleam|p2a: Kingdra\n|-resisted|p2a: Kingdra\n|-damage|p2a: Kingdra|137/263\n|\n|upkeep\n|turn|4\n|\n|t:|1733769515\n|move|p2a: Kingdra|Iron Head|p1a: Sunflora\n|-damage|p1a: Sunflora|54/312\n|move|p1a: Sunflora|Dazzling Gleam|p2a: Kingdra\n|-resisted|p2a: Kingdra\n|-damage|p2a: Kingdra|77/263\n|\n|upkeep\n|turn|5\n|\n|t:|1733769520\n|move|p2a: Kingdra|Iron Head|p1a: Sunflora\n|-damage|p1a: Sunflora|0 fnt\n|faint|p1a: Sunflora\n|\n|upkeep\n|\n|t:|1733769525\n|switch|p1a: Snorlax|Snorlax, L82, M|397/397\n|turn|6\n|\n|t:|1733769530\n|move|p2a: Kingdra|Outrage|p1a: Snorlax\n|-damage|p1a: Snorlax|30/397\n|move|p1a: Snorlax|Earthquake|p2a: Kingdra\n|-supereffective|p2a: Kingdra\n|-damage|p2a: Kingdra|0 fnt\n|faint|p2a: Kingdra\n|\n|upkeep\n|\n|t:|1733769539\n|switch|p2a: Ursaring|Ursaring, L84, M|288/288\n|turn|7\n|\n|t:|1733769546\n|switch|p1a: Decidueye|Decidueye, L88, M|281/281\n|move|p2a: Ursaring|Crunch|p1a: Decidueye\n|-supereffective|p1a: Decidueye\n|-crit|p1a: Decidueye\n|-damage|p1a: Decidueye|53/281\n|\n|-status|p2a: Ursaring|tox|[from] item: Toxic Orb\n|upkeep\n|turn|8\n|\n|t:|1733769555\n|move|p2a: Ursaring|Crunch|p1a: Decidueye\n|-supereffective|p1a: Decidueye\n|-damage|p1a: Decidueye|0 fnt\n|faint|p1a: Decidueye\n|\n|-damage|p2a: Ursaring|270/288 tox|[from] psn\n|upkeep\n|\n|t:|1733769560\n|switch|p1a: Toxtricity|Toxtricity, L82, M|257/257\n|turn|9\n|\n|t:|1733769565\n|move|p1a: Toxtricity|Volt Switch|p2a: Ursaring\n|-damage|p2a: Ursaring|180/288 tox\n|\n|t:|1733769567\n|switch|p1a: Snorlax|Snorlax, L82, M|30/397|[from] Volt Switch\n|move|p2a: Ursaring|Facade|p1a: Snorlax\n|-damage|p1a: Snorlax|0 fnt\n|faint|p1a: Snorlax\n|\n|-damage|p2a: Ursaring|144/288 tox|[from] psn\n|upkeep\n|\n|t:|1733769569\n|switch|p1a: Toxtricity|Toxtricity, L82, M|257/257\n|turn|10\n|\n|t:|1733769579\n|switch|p2a: Cresselia|Cresselia, L80, F|323/323\n|move|p1a: Toxtricity|Volt Switch|p2a: Cresselia\n|-damage|p2a: Cresselia|256/323\n|\n|t:|1733769581\n|switch|p1a: Squawkabilly|Squawkabilly-Blue, L85, F|278/278|[from] Volt Switch\n|\n|-heal|p2a: Cresselia|276/323|[from] item: Leftovers\n|-status|p1a: Squawkabilly|brn|[from] item: Flame Orb\n|upkeep\n|turn|11\n|\n|t:|1733769594\n|-terastallize|p1a: Squawkabilly|Normal\n|move|p1a: Squawkabilly|Facade|p2a: Cresselia\n|-damage|p2a: Cresselia|0 fnt\n|faint|p2a: Cresselia\n|\n|-damage|p1a: Squawkabilly|261/278 brn|[from] brn\n|upkeep\n|\n|t:|1733769603\n|switch|p2a: Ursaring|Ursaring, L84, M|144/288 tox\n|turn|12\n|\n|t:|1733769606\n|switch|p1a: Grimmsnarl|Grimmsnarl, L83, M|293/293\n|move|p2a: Ursaring|Facade|p1a: Grimmsnarl\n|-damage|p1a: Grimmsnarl|50/293\n|\n|-damage|p2a: Ursaring|126/288 tox|[from] psn\n|upkeep\n|turn|13\n|\n|t:|1733769612\n|move|p1a: Grimmsnarl|Reflect|p1a: Grimmsnarl\n|-sidestart|p1: Dragonitekilla100|Reflect\n|move|p2a: Ursaring|Facade|p1a: Grimmsnarl\n|-damage|p1a: Grimmsnarl|0 fnt\n|faint|p1a: Grimmsnarl\n|\n|-damage|p2a: Ursaring|90/288 tox|[from] psn\n|upkeep\n|\n|t:|1733769615\n|switch|p1a: Squawkabilly|Squawkabilly-Blue, L85, F, tera:Normal|261/278 brn\n|turn|14\n|\n|t:|1733769622\n|move|p2a: Ursaring|Facade|p1a: Squawkabilly\n|-damage|p1a: Squawkabilly|130/278 brn\n|move|p1a: Squawkabilly|Facade|p2a: Ursaring\n|-damage|p2a: Ursaring|0 fnt\n|faint|p2a: Ursaring\n|\n|-damage|p1a: Squawkabilly|113/278 brn|[from] brn\n|upkeep\n|\n|t:|1733769629\n|switch|p2a: Azelf|Azelf, L82|257/257\n|turn|15\n|\n|t:|1733769633\n|move|p1a: Squawkabilly|Quick Attack|p2a: Azelf\n|-damage|p2a: Azelf|145/257\n|move|p2a: Azelf|Psychic|p1a: Squawkabilly\n|-damage|p1a: Squawkabilly|0 fnt\n|faint|p1a: Squawkabilly\n|-damage|p2a: Azelf|120/257|[from] item: Life Orb\n|\n|upkeep\n|\n|t:|1733769634\n|switch|p1a: Toxtricity|Toxtricity, L82, M|257/257\n|turn|16\n|\n|t:|1733769636\n|move|p1a: Toxtricity|Boomburst|p2a: Azelf\n|-damage|p2a: Azelf|0 fnt\n|faint|p2a: Azelf\n|\n|upkeep\n|\n|t:|1733769639\n|switch|p2a: Alcremie|Alcremie-Rainbow-Swirl, L90, F|263/263\n|turn|17\n|\n|t:|1733769644\n|move|p1a: Toxtricity|Boomburst|p2a: Alcremie\n|-damage|p2a: Alcremie|169/263\n|move|p2a: Alcremie|Calm Mind|p2a: Alcremie\n|-boost|p2a: Alcremie|spa|1\n|-boost|p2a: Alcremie|spd|1\n|\n|-heal|p2a: Alcremie|185/263|[from] item: Leftovers\n|upkeep\n|turn|18\n|-message|Dragonitekilla100 forfeited.\n|\n|win|Yusei1789\n|raw|Dragonitekilla100's rating: 2293 &rarr; <strong>2274</strong><br />(-19 for losing)\n|raw|Yusei1789's rating: 2312 &rarr; <strong>2331</strong><br />(+19 for winning)\n|l|\u2606Dragonitekilla100\n|player|p1|\n", "inputlog": ">version bfd83cad13791eb5a5a409923076391caf6fb4d4\n>start {\"formatid\":\"gen9randombattle\",\"seed\":[56765,22623,33148,16451],\"rated\":\"Rated battle\"}\n>player p1 {\"name\":\"Dragonitekilla100\",\"avatar\":\"102\",\"rating\":2293,\"seed\":[6275,43844,35016,8975]}\n>player p2 {\"name\":\"Yusei1789\",\"avatar\":\"1\",\"rating\":2312,\"seed\":[16838,32792,37863,31133]}\n>p1 switch 5\n>p2 move dragondance\n>p1 move dazzlinggleam\n>p2 move dragondance terastallize\n>p1 move dazzlinggleam\n>p2 move dragondance\n>p1 move dazzlinggleam\n>p2 move ironhead\n>p1 move dazzlinggleam\n>p2 move ironhead\n>p1 switch 6\n>p1 move earthquake\n>p2 move outrage\n>p2 switch 2\n>p1 switch 3\n>p2 move crunch\n>p1 move leafblade\n>p2 move crunch\n>p1 switch 4\n>p1 move voltswitch\n>p2 move facade\n>p1 switch 3\n>p1 switch 3\n>p1 move voltswitch\n>p2 switch 6\n>p1 switch 5\n>p1 move facade terastallize\n>p2 move thunderbolt\n>p2 switch 6\n>p1 switch 2\n>p2 move facade\n>p1 move reflect\n>p2 move facade\n>p1 switch 2\n>p1 move facade\n>p2 move facade\n>p2 switch 5\n>p1 move quickattack\n>p2 move psychic\n>p1 switch 5\n>p1 move boomburst\n>p2 move psychic\n>p2 switch 4\n>p1 move boomburst\n>p2 move calmmind\n>forcelose p1", "uploadtime": 1733769653, "views": 1, "formatid": "gen9randombattle", "rating": 2274, "private": 0, "password": null}