{"id": "gen9randombattle-2196925542", "format": "[Gen 9] Random Battle", "players": ["Yusei1789", "h0tsl0thgf"], "log": "|badge|p2|bronze|gen9randombattle|100-2\n|uhtml|medal-msg|<div class=\"broadcast-blue\">Curious what those medals under the avatar are? PS now has Ladder Seasons! For more information, check out the <a href=\"https://www.smogon.com/forums/threads/3740067/\">thread on Smogon.</a></div>\n|j|\u2606Yusei1789\n|j|\u2606h0tsl0thgf\n|t:|1725767586\n|gametype|singles\n|player|p1|Yusei1789|102|2280\n|player|p2|h0tsl0thgf|marley|2316\n|teamsize|p1|6\n|teamsize|p2|6\n|gen|9\n|tier|[Gen 9] Random Battle\n|rated|\n|rule|Species Clause: Limit one of each Pok\u00e9mon\n|rule|HP Percentage Mod: HP is shown in percentages\n|rule|Sleep Clause Mod: Limit one foe put to sleep\n|rule|Illusion Level Mod: Illusion disguises the Pok\u00e9mon's true level\n|\n|t:|1725767586\n|start\n|switch|p1a: Goodra|Goodra, L85, M|292/292\n|switch|p2a: Volcarona|Volcarona, L77, F|257/257\n|turn|1\n|inactive|Battle timer is ON: inactive players will automatically lose when time's up. (requested by Yusei1789)\n|inactive|h0tsl0thgf has 120 seconds left.\n|\n|t:|1725767625\n|switch|p2a: Alomomola|Alomomola, L87, F|429/429\n|move|p1a: Goodra|Sludge Bomb|p2a: Alomomola\n|-damage|p2a: Alomomola|312/429\n|\n|upkeep\n|turn|2\n|\n|t:|1725767643\n|move|p2a: Alomomola|Protect|p2a: Alomomola\n|-singleturn|p2a: Alomomola|Protect\n|move|p1a: Goodra|Sludge Bomb|p2a: Alomomola\n|-activate|p2a: Alomomola|move: Protect\n|\n|upkeep\n|turn|3\n|\n|t:|1725767662\n|switch|p2a: Carbink|Carbink, L90|236/236\n|move|p1a: Goodra|Sludge Bomb|p2a: Carbink\n|-damage|p2a: Carbink|192/236\n|\n|upkeep\n|turn|4\n|\n|t:|1725767674\n|switch|p1a: Clodsire|Clodsire, L81, F|343/343\n|move|p2a: Carbink|Iron Defense|p2a: Carbink\n|-boost|p2a: Carbink|def|2\n|\n|upkeep\n|turn|5\n|inactive|h0tsl0thgf has 120 seconds left.\n|\n|t:|1725767717\n|switch|p2a: Giratina|Giratina-Origin, L72|335/335\n|move|p1a: Clodsire|Toxic|p2a: Giratina\n|-status|p2a: Giratina|tox\n|\n|-damage|p2a: Giratina|315/335 tox|[from] psn\n|upkeep\n|turn|6\n|\n|t:|1725767732\n|switch|p1a: Tauros|Tauros, L82, M|257/257\n|move|p2a: Giratina|Poltergeist|p1a: Tauros\n|-immune|p1a: Tauros\n|\n|-damage|p2a: Giratina|275/335 tox|[from] psn\n|upkeep\n|turn|7\n|inactive|h0tsl0thgf has 120 seconds left.\n|\n|t:|1725767751\n|switch|p2a: Alomomola|Alomomola, L87, F|429/429\n|move|p1a: Tauros|Throat Chop|p2a: Alomomola\n|-damage|p2a: Alomomola|341/429\n|-damage|p1a: Tauros|215/257|[from] item: Rocky Helmet|[of] p2a: Alomomola\n|\n|upkeep\n|turn|8\n|\n|t:|1725767774\n|switch|p1a: Abomasnow|Abomasnow, L85, M|291/291\n|-weather|Snow|[from] ability: Snow Warning|[of] p1a: Abomasnow\n|move|p2a: Alomomola|Wish|p2a: Alomomola\n|\n|-weather|Snow|[upkeep]\n|upkeep\n|turn|9\n|inactive|h0tsl0thgf has 120 seconds left.\n|\n|t:|1725767786\n|move|p2a: Alomomola|Flip Turn|p1a: Abomasnow\n|-resisted|p1a: Abomasnow\n|-damage|p1a: Abomasnow|270/291\n|inactive|h0tsl0thgf has 120 seconds left.\n|\n|t:|1725767793\n|switch|p2a: Volcarona|Volcarona, L77, F|257/257|[from] Flip Turn\n|move|p1a: Abomasnow|Blizzard|p2a: Volcarona\n|-resisted|p2a: Volcarona\n|-damage|p2a: Volcarona|204/257\n|\n|-weather|Snow|[upkeep]\n|-heal|p2a: Volcarona|257/257|[from] move: Wish|[wisher] Alomomola\n|upkeep\n|turn|10\n|inactive|h0tsl0thgf has 120 seconds left.\n|\n|t:|1725767810\n|switch|p1a: Goodra|Goodra, L85, M|292/292\n|move|p2a: Volcarona|Bug Buzz|p1a: Goodra\n|-damage|p1a: Goodra|249/292\n|-unboost|p1a: Goodra|spd|1\n|\n|-weather|Snow|[upkeep]\n|upkeep\n|turn|11\n|inactive|h0tsl0thgf has 120 seconds left.\n|\n|t:|1725767818\n|switch|p2a: Carbink|Carbink, L90|192/236\n|move|p1a: Goodra|Sludge Bomb|p2a: Carbink\n|-damage|p2a: Carbink|144/236\n|-status|p2a: Carbink|psn\n|\n|-weather|Snow|[upkeep]\n|-damage|p2a: Carbink|115/236 psn|[from] psn\n|upkeep\n|turn|12\n|inactive|h0tsl0thgf has 120 seconds left.\n|\n|t:|1725767831\n|switch|p1a: Clodsire|Clodsire, L81, F|343/343\n|move|p2a: Carbink|Rest|p2a: Carbink\n|-status|p2a: Carbink|slp|[from] move: Rest\n|-heal|p2a: Carbink|236/236 slp|[silent]\n|-enditem|p2a: Carbink|Chesto Berry|[eat]\n|-curestatus|p2a: Carbink|slp|[msg]\n|\n|-weather|none\n|upkeep\n|turn|13\n|\n|t:|1725767840\n|switch|p2a: Giratina|Giratina-Origin, L72|275/335 tox\n|move|p1a: Clodsire|Gunk Shot|p2a: Giratina|[miss]\n|-miss|p1a: Clodsire|p2a: Giratina\n|\n|-damage|p2a: Giratina|255/335 tox|[from] psn\n|upkeep\n|turn|14\n|\n|t:|1725767856\n|move|p2a: Giratina|Draco Meteor|p1a: Clodsire\n|-damage|p1a: Clodsire|196/343\n|-unboost|p2a: Giratina|spa|2\n|move|p1a: Clodsire|Gunk Shot|p2a: Giratina|[miss]\n|-miss|p1a: Clodsire|p2a: Giratina\n|\n|-heal|p1a: Clodsire|217/343|[from] item: Leftovers\n|-damage|p2a: Giratina|215/335 tox|[from] psn\n|upkeep\n|turn|15\n|\n|t:|1725767865\n|switch|p2a: Alomomola|Alomomola, L87, F|429/429\n|move|p1a: Clodsire|Recover|p1a: Clodsire\n|-heal|p1a: Clodsire|343/343\n|\n|upkeep\n|turn|16\n|\n|t:|1725767875\n|move|p2a: Alomomola|Flip Turn|p1a: Clodsire\n|-supereffective|p1a: Clodsire\n|-damage|p1a: Clodsire|185/343\n|\n|t:|1725767882\n|switch|p2a: Giratina|Giratina-Origin, L72|215/335 tox|[from] Flip Turn\n|move|p1a: Clodsire|Toxic|p2a: Giratina\n|-fail|p2a: Giratina|tox\n|\n|-heal|p1a: Clodsire|206/343|[from] item: Leftovers\n|-damage|p2a: Giratina|195/335 tox|[from] psn\n|upkeep\n|turn|17\n|\n|t:|1725767895\n|switch|p2a: Veluza|Veluza, L85, M|292/292\n|move|p1a: Clodsire|Recover|p1a: Clodsire\n|-heal|p1a: Clodsire|343/343\n|\n|upkeep\n|turn|18\n|\n|t:|1725767922\n|switch|p1a: Abomasnow|Abomasnow, L85, M|270/291\n|-weather|Snow|[from] ability: Snow Warning|[of] p1a: Abomasnow\n|move|p2a: Veluza|Psycho Cut|p1a: Abomasnow\n|-damage|p1a: Abomasnow|134/291\n|\n|-weather|Snow|[upkeep]\n|upkeep\n|turn|19\n|\n|t:|1725767932\n|switch|p2a: Alomomola|Alomomola, L87, F|429/429\n|move|p1a: Abomasnow|Earthquake|p2a: Alomomola\n|-damage|p2a: Alomomola|357/429\n|\n|-weather|Snow|[upkeep]\n|upkeep\n|turn|20\n|\n|t:|1725767940\n|switch|p1a: Palafin|Palafin, L77, M|281/281\n|move|p2a: Alomomola|Wish|p2a: Alomomola\n|\n|-weather|Snow|[upkeep]\n|upkeep\n|turn|21\n|\n|t:|1725767949\n|move|p1a: Palafin|Flip Turn|p2a: Alomomola\n|-resisted|p2a: Alomomola\n|-damage|p2a: Alomomola|327/429\n|-damage|p1a: Palafin|235/281|[from] item: Rocky Helmet|[of] p2a: Alomomola\n|\n|t:|1725767954\n|detailschange|p1a: Palafin|Palafin-Hero, L77, M\n|switch|p1a: Abomasnow|Abomasnow, L85, M|134/291|[from] Flip Turn\n|move|p2a: Alomomola|Flip Turn|p1a: Abomasnow\n|-resisted|p1a: Abomasnow\n|-damage|p1a: Abomasnow|114/291\n|\n|t:|1725767962\n|switch|p2a: Giratina|Giratina-Origin, L72|195/335 tox|[from] Flip Turn\n|\n|-weather|Snow|[upkeep]\n|-heal|p2a: Giratina|335/335 tox|[from] move: Wish|[wisher] Alomomola\n|-damage|p2a: Giratina|315/335 tox|[from] psn\n|upkeep\n|turn|22\n|\n|t:|1725767970\n|switch|p2a: Alomomola|Alomomola, L87, F|429/429\n|move|p1a: Abomasnow|Ice Shard|p2a: Alomomola\n|-resisted|p2a: Alomomola\n|-damage|p2a: Alomomola|407/429\n|\n|-weather|none\n|upkeep\n|turn|23\n|\n|t:|1725767981\n|move|p2a: Alomomola|Wish|p2a: Alomomola\n|move|p1a: Abomasnow|Blizzard|p2a: Alomomola\n|-resisted|p2a: Alomomola\n|-damage|p2a: Alomomola|316/429\n|\n|upkeep\n|turn|24\n|\n|t:|1725767992\n|move|p2a: Alomomola|Scald|p1a: Abomasnow\n|-resisted|p1a: Abomasnow\n|-damage|p1a: Abomasnow|98/291\n|-status|p1a: Abomasnow|brn\n|move|p1a: Abomasnow|Blizzard|p2a: Alomomola\n|-resisted|p2a: Alomomola\n|-damage|p2a: Alomomola|223/429\n|\n|-heal|p2a: Alomomola|429/429|[from] move: Wish|[wisher] Alomomola\n|-damage|p1a: Abomasnow|80/291 brn|[from] brn\n|upkeep\n|turn|25\n|\n|t:|1725768007\n|move|p2a: Alomomola|Wish|p2a: Alomomola\n|move|p1a: Abomasnow|Blizzard|p2a: Alomomola\n|-resisted|p2a: Alomomola\n|-damage|p2a: Alomomola|336/429\n|\n|-damage|p1a: Abomasnow|62/291 brn|[from] brn\n|upkeep\n|turn|26\n|\n|t:|1725768012\n|move|p2a: Alomomola|Flip Turn|p1a: Abomasnow\n|-resisted|p1a: Abomasnow\n|-damage|p1a: Abomasnow|32/291 brn\n|j| nelsoNJ\n|\n|t:|1725768019\n|switch|p2a: Volcarona|Volcarona, L77, F|257/257|[from] Flip Turn\n|move|p1a: Abomasnow|Blizzard|p2a: Volcarona\n|-resisted|p2a: Volcarona\n|-damage|p2a: Volcarona|200/257\n|\n|-heal|p2a: Volcarona|257/257|[from] move: Wish|[wisher] Alomomola\n|-damage|p1a: Abomasnow|14/291 brn|[from] brn\n|upkeep\n|turn|27\n|\n|t:|1725768034\n|move|p2a: Volcarona|Quiver Dance|p2a: Volcarona\n|-boost|p2a: Volcarona|spa|1\n|-boost|p2a: Volcarona|spd|1\n|-boost|p2a: Volcarona|spe|1\n|move|p1a: Abomasnow|Blizzard|p2a: Volcarona\n|-resisted|p2a: Volcarona\n|-damage|p2a: Volcarona|224/257\n|\n|-damage|p1a: Abomasnow|0 fnt|[from] brn\n|faint|p1a: Abomasnow\n|upkeep\n|\n|t:|1725768047\n|switch|p1a: Goodra|Goodra, L85, M|249/292\n|turn|28\n|\n|t:|1725768065\n|move|p2a: Volcarona|Bug Buzz|p1a: Goodra\n|-damage|p1a: Goodra|186/292\n|move|p1a: Goodra|Sludge Bomb|p2a: Volcarona\n|-damage|p2a: Volcarona|173/257\n|-status|p2a: Volcarona|psn\n|\n|-damage|p2a: Volcarona|141/257 psn|[from] psn\n|upkeep\n|turn|29\n|\n|t:|1725768080\n|switch|p2a: Carbink|Carbink, L90|236/236\n|move|p1a: Goodra|Scald|p2a: Carbink\n|-supereffective|p2a: Carbink\n|-damage|p2a: Carbink|158/236\n|\n|upkeep\n|turn|30\n|\n|t:|1725768100\n|switch|p2a: Giratina|Giratina-Origin, L72|315/335 tox\n|move|p1a: Goodra|Sludge Bomb|p2a: Giratina\n|-resisted|p2a: Giratina\n|-damage|p2a: Giratina|277/335 tox\n|\n|-damage|p2a: Giratina|257/335 tox|[from] psn\n|upkeep\n|turn|31\n|l| nelsoNJ\n|inactive|h0tsl0thgf has 120 seconds left.\n|\n|t:|1725768120\n|switch|p2a: Carbink|Carbink, L90|158/236\n|move|p1a: Goodra|Draco Meteor|p2a: Carbink\n|-immune|p2a: Carbink\n|\n|upkeep\n|turn|32\n|\n|t:|1725768128\n|move|p1a: Goodra|Scald|p2a: Carbink\n|-supereffective|p2a: Carbink\n|-damage|p2a: Carbink|80/236\n|move|p2a: Carbink|Body Press|p1a: Goodra\n|-damage|p1a: Goodra|81/292\n|\n|upkeep\n|turn|33\n|\n|t:|1725768138\n|switch|p2a: Giratina|Giratina-Origin, L72|257/335 tox\n|move|p1a: Goodra|Scald|p2a: Giratina\n|-resisted|p2a: Giratina\n|-damage|p2a: Giratina|224/335 tox\n|\n|-damage|p2a: Giratina|204/335 tox|[from] psn\n|upkeep\n|turn|34\n|j| nelsoNJ\n|l| nelsoNJ\n|\n|t:|1725768151\n|move|p1a: Goodra|Draco Meteor|p2a: Giratina\n|-supereffective|p2a: Giratina\n|-damage|p2a: Giratina|0 fnt\n|-unboost|p1a: Goodra|spa|2\n|faint|p2a: Giratina\n|\n|upkeep\n|inactive|h0tsl0thgf has 120 seconds left.\n|\n|t:|1725768165\n|switch|p2a: Alomomola|Alomomola, L87, F|429/429\n|turn|35\n|\n|t:|1725768189\n|switch|p1a: Rotom|Rotom, L88|231/231\n|move|p2a: Alomomola|Wish|p2a: Alomomola\n|\n|upkeep\n|turn|36\n|inactive|h0tsl0thgf has 120 seconds left.\n|\n|t:|1725768217\n|switch|p2a: Volcarona|Volcarona, L77, F|141/257 psn\n|move|p1a: Rotom|Thunderbolt|p2a: Volcarona\n|-damage|p2a: Volcarona|33/257 psn\n|\n|-heal|p2a: Volcarona|247/257 psn|[from] move: Wish|[wisher] Alomomola\n|-damage|p2a: Volcarona|215/257 psn|[from] psn\n|upkeep\n|turn|37\n|\n|t:|1725768234\n|switch|p1a: Goodra|Goodra, L85, M|81/292\n|move|p2a: Volcarona|Fiery Dance|p1a: Goodra\n|-resisted|p1a: Goodra\n|-damage|p1a: Goodra|62/292\n|\n|-damage|p2a: Volcarona|183/257 psn|[from] psn\n|upkeep\n|turn|38\n|\n|t:|1725768255\n|move|p2a: Volcarona|Bug Buzz|p1a: Goodra\n|-damage|p1a: Goodra|20/292\n|move|p1a: Goodra|Scald|p2a: Volcarona\n|-supereffective|p2a: Volcarona\n|-damage|p2a: Volcarona|55/257 psn\n|\n|-damage|p2a: Volcarona|23/257 psn|[from] psn\n|upkeep\n|turn|39\n|\n|t:|1725768264\n|move|p2a: Volcarona|Fiery Dance|p1a: Goodra\n|-resisted|p1a: Goodra\n|-damage|p1a: Goodra|1/292\n|move|p1a: Goodra|Scald|p2a: Volcarona\n|-supereffective|p2a: Volcarona\n|-damage|p2a: Volcarona|0 fnt\n|faint|p2a: Volcarona\n|\n|upkeep\n|\n|t:|1725768273\n|switch|p2a: Veluza|Veluza, L85, M|292/292\n|turn|40\n|\n|t:|1725768278\n|move|p2a: Veluza|Aqua Jet|p1a: Goodra\n|-resisted|p1a: Goodra\n|-damage|p1a: Goodra|0 fnt\n|faint|p1a: Goodra\n|\n|upkeep\n|\n|t:|1725768288\n|switch|p1a: Rotom|Rotom, L88|231/231\n|turn|41\n|\n|t:|1725768293\n|switch|p2a: Carbink|Carbink, L90|80/236\n|-terastallize|p1a: Rotom|Electric\n|move|p1a: Rotom|Thunderbolt|p2a: Carbink\n|-damage|p2a: Carbink|0 fnt\n|faint|p2a: Carbink\n|\n|upkeep\n|\n|t:|1725768303\n|switch|p2a: Dragonite|Dragonite, L74, F|257/257\n|turn|42\n|inactive|h0tsl0thgf has 120 seconds left.\n|\n|t:|1725768320\n|switch|p1a: Clodsire|Clodsire, L81, F|343/343\n|move|p2a: Dragonite|Dragon Dance|p2a: Dragonite\n|-boost|p2a: Dragonite|atk|1\n|-boost|p2a: Dragonite|spe|1\n|\n|upkeep\n|turn|43\n|inactive|h0tsl0thgf has 120 seconds left.\n|\n|t:|1725768333\n|move|p2a: Dragonite|Earthquake|p1a: Clodsire\n|-supereffective|p1a: Clodsire\n|-damage|p1a: Clodsire|165/343\n|move|p1a: Clodsire|Toxic|p2a: Dragonite\n|-status|p2a: Dragonite|tox\n|\n|-heal|p1a: Clodsire|186/343|[from] item: Leftovers\n|-damage|p2a: Dragonite|241/257 tox|[from] psn\n|upkeep\n|turn|44\n|inactive|h0tsl0thgf has 120 seconds left.\n|\n|t:|1725768345\n|move|p2a: Dragonite|Earthquake|p1a: Clodsire\n|-supereffective|p1a: Clodsire\n|-damage|p1a: Clodsire|0 fnt\n|faint|p1a: Clodsire\n|\n|-damage|p2a: Dragonite|209/257 tox|[from] psn\n|upkeep\n|\n|t:|1725768357\n|switch|p1a: Rotom|Rotom, L88, tera:Electric|231/231\n|turn|45\n|inactive|h0tsl0thgf has 120 seconds left.\n|\n|t:|1725768380\n|move|p1a: Rotom|Volt Switch|p2a: Dragonite\n|-damage|p2a: Dragonite|91/257 tox\n|\n|t:|1725768383\n|switch|p1a: Tauros|Tauros, L82, M|215/257|[from] Volt Switch\n|move|p2a: Dragonite|Outrage|p1a: Tauros\n|-damage|p1a: Tauros|40/257\n|\n|-damage|p2a: Dragonite|43/257 tox|[from] psn\n|upkeep\n|turn|46\n|\n|t:|1725768397\n|move|p2a: Dragonite|Outrage|p1a: Tauros|[from]lockedmove\n|-damage|p1a: Tauros|0 fnt\n|faint|p1a: Tauros\n|\n|-damage|p2a: Dragonite|0 fnt|[from] psn\n|faint|p2a: Dragonite\n|upkeep\n|inactive|h0tsl0thgf has 120 seconds left.\n|\n|t:|1725768434\n|switch|p1a: Rotom|Rotom, L88, tera:Electric|231/231\n|switch|p2a: Alomomola|Alomomola, L87, F|429/429\n|turn|47\n|\n|t:|1725768456\n|move|p2a: Alomomola|Protect|p2a: Alomomola\n|-singleturn|p2a: Alomomola|Protect\n|move|p1a: Rotom|Thunderbolt|p2a: Alomomola\n|-activate|p2a: Alomomola|move: Protect\n|\n|upkeep\n|turn|48\n|inactive|h0tsl0thgf has 90 seconds left.\n|inactive|h0tsl0thgf has 60 seconds left.\n|\n|t:|1725768516\n|-terastallize|p2a: Alomomola|Steel\n|move|p1a: Rotom|Thunderbolt|p2a: Alomomola\n|-damage|p2a: Alomomola|229/429\n|move|p2a: Alomomola|Scald|p1a: Rotom\n|-damage|p1a: Rotom|177/231\n|\n|upkeep\n|turn|49\n|\n|t:|1725768534\n|move|p1a: Rotom|Thunderbolt|p2a: Alomomola\n|-damage|p2a: Alomomola|37/429\n|move|p2a: Alomomola|Wish|p2a: Alomomola\n|\n|upkeep\n|turn|50\n|\n|t:|1725768540\n|move|p2a: Alomomola|Protect|p2a: Alomomola\n|-singleturn|p2a: Alomomola|Protect\n|move|p1a: Rotom|Thunderbolt|p2a: Alomomola\n|-activate|p2a: Alomomola|move: Protect\n|\n|-heal|p2a: Alomomola|251/429|[from] move: Wish|[wisher] Alomomola\n|upkeep\n|turn|51\n|inactive|h0tsl0thgf has 60 seconds left.\n|\n|t:|1725768549\n|move|p1a: Rotom|Thunderbolt|p2a: Alomomola\n|-damage|p2a: Alomomola|55/429\n|move|p2a: Alomomola|Wish|p2a: Alomomola\n|\n|upkeep\n|turn|52\n|\n|t:|1725768555\n|move|p2a: Alomomola|Protect|p2a: Alomomola\n|-singleturn|p2a: Alomomola|Protect\n|move|p1a: Rotom|Thunderbolt|p2a: Alomomola\n|-activate|p2a: Alomomola|move: Protect\n|\n|-heal|p2a: Alomomola|269/429|[from] move: Wish|[wisher] Alomomola\n|upkeep\n|turn|53\n|\n|t:|1725768562\n|move|p1a: Rotom|Thunderbolt|p2a: Alomomola\n|-damage|p2a: Alomomola|47/429\n|move|p2a: Alomomola|Wish|p2a: Alomomola\n|\n|upkeep\n|turn|54\n|\n|t:|1725768567\n|move|p2a: Alomomola|Protect|p2a: Alomomola\n|-singleturn|p2a: Alomomola|Protect\n|move|p1a: Rotom|Thunderbolt|p2a: Alomomola\n|-activate|p2a: Alomomola|move: Protect\n|\n|-heal|p2a: Alomomola|261/429|[from] move: Wish|[wisher] Alomomola\n|upkeep\n|turn|55\n|\n|t:|1725768572\n|move|p1a: Rotom|Thunderbolt|p2a: Alomomola\n|-damage|p2a: Alomomola|61/429\n|move|p2a: Alomomola|Wish|p2a: Alomomola\n|\n|upkeep\n|turn|56\n|\n|t:|1725768577\n|move|p2a: Alomomola|Protect|p2a: Alomomola\n|-singleturn|p2a: Alomomola|Protect\n|move|p1a: Rotom|Thunderbolt|p2a: Alomomola\n|-activate|p2a: Alomomola|move: Protect\n|\n|-heal|p2a: Alomomola|275/429|[from] move: Wish|[wisher] Alomomola\n|upkeep\n|turn|57\n|\n|t:|1725768587\n|move|p1a: Rotom|Thunderbolt|p2a: Alomomola\n|-damage|p2a: Alomomola|83/429\n|move|p2a: Alomomola|Wish|p2a: Alomomola\n|\n|upkeep\n|turn|58\n|\n|t:|1725768593\n|switch|p1a: Palafin|Palafin-Hero, L77, M|235/281\n|-activate|p1a: Palafin|ability: Zero to Hero\n|move|p2a: Alomomola|Protect||[still]\n|-fail|p2a: Alomomola\n|\n|-heal|p2a: Alomomola|297/429|[from] move: Wish|[wisher] Alomomola\n|upkeep\n|turn|59\n|inactive|h0tsl0thgf has 120 seconds left.\n|\n|t:|1725768609\n|switch|p2a: Veluza|Veluza, L85, M|292/292\n|move|p1a: Palafin|Wave Crash|p2a: Veluza\n|-resisted|p2a: Veluza\n|-damage|p2a: Veluza|167/292\n|-damage|p1a: Palafin|194/281|[from] Recoil\n|\n|upkeep\n|turn|60\n|\n|t:|1725768625\n|move|p1a: Palafin|Wave Crash|p2a: Veluza\n|-resisted|p2a: Veluza\n|-damage|p2a: Veluza|41/292\n|-damage|p1a: Palafin|152/281|[from] Recoil\n|move|p2a: Veluza|Psycho Cut|p1a: Palafin\n|-crit|p1a: Palafin\n|-damage|p1a: Palafin|0 fnt\n|faint|p1a: Palafin\n|\n|upkeep\n|\n|t:|1725768631\n|switch|p1a: Rotom|Rotom, L88, tera:Electric|177/231\n|turn|61\n|\n|t:|1725768657\n|switch|p2a: Alomomola|Alomomola, L87, F, tera:Steel|429/429\n|move|p1a: Rotom|Thunderbolt|p2a: Alomomola\n|-damage|p2a: Alomomola|233/429\n|-status|p2a: Alomomola|par\n|\n|upkeep\n|turn|62\n|\n|t:|1725768670\n|move|p2a: Alomomola|Protect|p2a: Alomomola\n|-singleturn|p2a: Alomomola|Protect\n|move|p1a: Rotom|Thunderbolt|p2a: Alomomola\n|-activate|p2a: Alomomola|move: Protect\n|\n|upkeep\n|turn|63\n|\n|t:|1725768678\n|move|p1a: Rotom|Thunderbolt|p2a: Alomomola\n|-damage|p2a: Alomomola|37/429 par\n|move|p2a: Alomomola|Wish|p2a: Alomomola\n|\n|upkeep\n|turn|64\n|inactive|h0tsl0thgf has 120 seconds left.\n|\n|t:|1725768685\n|move|p2a: Alomomola|Protect|p2a: Alomomola\n|-singleturn|p2a: Alomomola|Protect\n|move|p1a: Rotom|Thunderbolt|p2a: Alomomola\n|-activate|p2a: Alomomola|move: Protect\n|\n|-heal|p2a: Alomomola|251/429 par|[from] move: Wish|[wisher] Alomomola\n|upkeep\n|turn|65\n|\n|t:|1725768695\n|move|p1a: Rotom|Thunderbolt|p2a: Alomomola\n|-damage|p2a: Alomomola|39/429 par\n|move|p2a: Alomomola|Wish|p2a: Alomomola\n|\n|upkeep\n|turn|66\n|\n|t:|1725768701\n|cant|p2a: Alomomola|par\n|move|p1a: Rotom|Thunderbolt|p2a: Alomomola\n|-damage|p2a: Alomomola|0 fnt\n|faint|p2a: Alomomola\n|\n|upkeep\n|\n|t:|1725768704\n|switch|p2a: Veluza|Veluza, L85, M|41/292\n|turn|67\n|c|\u2606h0tsl0thgf|Gg\n|\n|t:|1725768710\n|move|p2a: Veluza|Aqua Jet|p1a: Rotom\n|-damage|p1a: Rotom|105/231\n|move|p1a: Rotom|Thunderbolt|p2a: Veluza\n|-supereffective|p2a: Veluza\n|-crit|p2a: Veluza\n|-damage|p2a: Veluza|0 fnt\n|faint|p2a: Veluza\n|\n|win|Yusei1789\n|raw|Yusei1789's rating: 2280 &rarr; <strong>2302</strong><br />(+22 for winning)\n|raw|h0tsl0thgf's rating: 2316 &rarr; <strong>2294</strong><br />(-22 for losing)\n|l|\u2606h0tsl0thgf\n|player|p2|\n", "inputlog": ">version 0cf8241dca984da66af486149691a79a2b0e79e7\n>start {\"formatid\":\"gen9randombattle\",\"seed\":[26446,53284,63222,35425],\"rated\":\"Rated battle\"}\n>player p1 {\"name\":\"Yusei1789\",\"avatar\":\"102\",\"rating\":2280,\"seed\":[47194,16019,39900,43374]}\n>player p2 {\"name\":\"h0tsl0thgf\",\"avatar\":\"marley\",\"rating\":2316,\"seed\":[25069,63957,21955,20947]}\n>p1 move sludgebomb\n>p2 switch 5\n>p1 move sludgebomb\n>p2 move protect\n>p1 move sludgebomb\n>p2 switch 4\n>p1 switch 6\n>p2 move irondefense\n>p1 move toxic\n>p2 switch 3\n>p1 switch 2\n>p2 move poltergeist\n>p1 move throatchop\n>p2 switch 4\n>p1 switch 4\n>p2 move wish\n>p1 move blizzard\n>p2 move flipturn\n>p2 switch 5\n>p1 switch 6\n>p2 move bugbuzz\n>p1 move sludgebomb\n>p2 switch 3\n>p1 switch 2\n>p2 move rest\n>p1 move gunkshot\n>p2 switch 4\n>p1 move gunkshot\n>p2 move dracometeor\n>p1 move recover\n>p2 switch 5\n>p1 move toxic\n>p2 move flipturn\n>p2 switch 5\n>p1 move recover\n>p2 switch 6\n>p1 switch 6\n>p2 move psychocut\n>p1 move earthquake\n>p2 switch 5\n>p1 switch 3\n>p2 move wish\n>p1 move flipturn\n>p2 move flipturn\n>p1 switch 3\n>p2 switch 6\n>p1 move iceshard\n>p2 switch 6\n>p1 move blizzard\n>p2 move wish\n>p1 move blizzard\n>p2 move scald\n>p1 move blizzard\n>p2 move wish\n>p1 move blizzard\n>p2 move flipturn\n>p2 switch 3\n>p1 move blizzard\n>p2 move quiverdance\n>p1 switch 2\n>p1 move sludgebomb\n>p2 move bugbuzz\n>p1 move scald\n>p2 switch 4\n>p1 move sludgebomb\n>p2 switch 6\n>p1 move dracometeor\n>p2 switch 6\n>p1 move scald\n>p2 move bodypress\n>p1 move scald\n>p2 switch 6\n>p1 move dracometeor\n>p2 move dracometeor\n>p2 switch 3\n>p1 switch 5\n>p2 move wish\n>p1 move thunderbolt\n>p2 switch 4\n>p1 switch 5\n>p2 move fierydance\n>p1 move scald\n>p2 move bugbuzz\n>p1 move scald\n>p2 move fierydance\n>p2 switch 5\n>p1 move dracometeor\n>p2 move aquajet\n>p1 switch 5\n>p1 move thunderbolt terastallize\n>p2 switch 6\n>p2 switch 2\n>p1 switch 6\n>p2 move dragondance\n>p1 move toxic\n>p2 move earthquake\n>p1 move recover\n>p2 move earthquake\n>p1 switch 6\n>p1 move voltswitch\n>p2 move outrage\n>p1 switch 4\n>p1 move bodyslam\n>p2 move outrage\n>p1 switch 4\n>p2 switch 4\n>p1 move thunderbolt\n>p2 move protect\n>p1 move thunderbolt\n>p2 move scald terastallize\n>p1 move thunderbolt\n>p2 move wish\n>p1 move thunderbolt\n>p2 move protect\n>p1 move thunderbolt\n>p2 move wish\n>p1 move thunderbolt\n>p2 move protect\n>p1 move thunderbolt\n>p2 move wish\n>p1 move thunderbolt\n>p2 move protect\n>p1 move thunderbolt\n>p2 move wish\n>p1 move thunderbolt\n>p2 move protect\n>p1 move thunderbolt\n>p2 move wish\n>p1 switch 3\n>p2 move protect\n>p1 move wavecrash\n>p2 switch 6\n>p1 move wavecrash\n>p2 move psychocut\n>p1 switch 3\n>p1 move thunderbolt\n>p2 switch 6\n>p1 move thunderbolt\n>p2 move protect\n>p1 move thunderbolt\n>p2 move wish\n>p1 move thunderbolt\n>p2 move protect\n>p1 move thunderbolt\n>p2 move wish\n>p1 move thunderbolt\n>p2 move protect\n>p2 switch 6\n>chat \u2606h0tsl0thgf|Gg\n>p1 move thunderbolt\n>p2 move aquajet", "uploadtime": 1725768729, "views": 143, "formatid": "gen9randombattle", "rating": 2294, "private": 0, "password": null}