{"id": "gen9randombattle-2260848834", "format": "[Gen 9] Random Battle", "players": ["malossssssi", "Hteggevegbgen"], "log": "|j|\u2606malossssssi\n|j|\u2606Hteggevegbgen\n|t:|1733903676\n|gametype|singles\n|player|p1|malossssssi|102|1000\n|player|p2|Hteggevegbgen|265|1000\n|teamsize|p1|6\n|teamsize|p2|6\n|gen|9\n|tier|[Gen 9] Random Battle\n|rated|\n|rule|Species Clause: Limit one of each Pok\u00e9mon\n|rule|HP Percentage Mod: HP is shown in percentages\n|rule|Sleep Clause Mod: Limit one foe put to sleep\n|rule|Illusion Level Mod: Illusion disguises the Pok\u00e9mon's true level\n|\n|t:|1733903676\n|start\n|switch|p1a: Dragonite|Dragonite, L74, M|257/257\n|switch|p2a: Leavanny|Leavanny, L86, M|269/269\n|turn|1\n|\n|t:|1733903687\n|move|p2a: Leavanny|Sticky Web|p1a: Dragonite\n|-sidestart|p1: malossssssi|move: Sticky Web\n|move|p1a: Dragonite|Dragon Dance|p1a: Dragonite\n|-boost|p1a: Dragonite|atk|1\n|-boost|p1a: Dragonite|spe|1\n|\n|upkeep\n|turn|2\n|\n|t:|1733903694\n|move|p1a: Dragonite|Dragon Dance|p1a: Dragonite\n|-boost|p1a: Dragonite|atk|1\n|-boost|p1a: Dragonite|spe|1\n|move|p2a: Leavanny|Lunge|p1a: Dragonite\n|-resisted|p1a: Dragonite\n|-damage|p1a: Dragonite|235/257\n|-unboost|p1a: Dragonite|atk|1\n|\n|upkeep\n|turn|3\n|\n|t:|1733903704\n|move|p1a: Dragonite|Outrage|p2a: Leavanny\n|-damage|p2a: Leavanny|80/269\n|move|p2a: Leavanny|Lunge|p1a: Dragonite\n|-resisted|p1a: Dragonite\n|-damage|p1a: Dragonite|157/257\n|-unboost|p1a: Dragonite|atk|1\n|\n|upkeep\n|turn|4\n|\n|t:|1733903712\n|move|p1a: Dragonite|Outrage|p2a: Leavanny|[from]lockedmove\n|-damage|p2a: Leavanny|0 fnt\n|faint|p2a: Leavanny\n|-start|p1a: Dragonite|confusion|[fatigue]\n|\n|upkeep\n|\n|t:|1733903724\n|switch|p2a: Clawitzer|Clawitzer, L87, M|265/265\n|turn|5\n|\n|t:|1733903740\n|-activate|p1a: Dragonite|confusion\n|-damage|p1a: Dragonite|127/257|[from] confusion\n|move|p2a: Clawitzer|Dragon Pulse|p1a: Dragonite\n|-supereffective|p1a: Dragonite\n|-damage|p1a: Dragonite|0 fnt\n|faint|p1a: Dragonite\n|\n|upkeep\n|\n|t:|1733903749\n|switch|p1a: Haxorus|Haxorus, L77, F|244/244\n|-activate|p1a: Haxorus|move: Sticky Web\n|-unboost|p1a: Haxorus|spe|1\n|-ability|p1a: Haxorus|Mold Breaker\n|turn|6\n|\n|t:|1733903757\n|-terastallize|p1a: Haxorus|Steel\n|move|p2a: Clawitzer|Dragon Pulse|p1a: Haxorus\n|-resisted|p1a: Haxorus\n|-damage|p1a: Haxorus|141/244\n|move|p1a: Haxorus|Outrage|p2a: Clawitzer\n|-damage|p2a: Clawitzer|129/265\n|\n|upkeep\n|turn|7\n|\n|t:|1733903766\n|-terastallize|p2a: Clawitzer|Dragon\n|move|p2a: Clawitzer|Dragon Pulse|p1a: Haxorus\n|-resisted|p1a: Haxorus\n|-damage|p1a: Haxorus|0 fnt\n|faint|p1a: Haxorus\n|\n|upkeep\n|\n|t:|1733903784\n|switch|p1a: Articuno|Articuno, L86|295/295\n|-ability|p1a: Articuno|Pressure\n|turn|8\n|\n|t:|1733903792\n|switch|p2a: Metagross|Metagross, L79|256/256\n|move|p1a: Articuno|Brave Bird|p2a: Metagross\n|-resisted|p2a: Metagross\n|-damage|p2a: Metagross|208/256\n|-damage|p1a: Articuno|279/295|[from] Recoil\n|\n|-heal|p2a: Metagross|224/256|[from] item: Leftovers\n|upkeep\n|turn|9\n|\n|t:|1733903805\n|move|p1a: Articuno|U-turn|p2a: Metagross\n|-damage|p2a: Metagross|187/256\n|\n|t:|1733903810\n|switch|p1a: Milotic|Milotic, L83, M|293/293|[from] U-turn\n|-activate|p1a: Milotic|move: Sticky Web\n|-unboost|p1a: Milotic|spe|1\n|-ability|p1a: Milotic|Competitive|boost\n|-boost|p1a: Milotic|spa|2\n|move|p2a: Metagross|Knock Off|p1a: Milotic\n|-damage|p1a: Milotic|199/293\n|-enditem|p1a: Milotic|Leftovers|[from] move: Knock Off|[of] p2a: Metagross\n|\n|-heal|p2a: Metagross|203/256|[from] item: Leftovers\n|upkeep\n|turn|10\n|\n|t:|1733903825\n|move|p2a: Metagross|Stealth Rock|p1a: Milotic\n|-sidestart|p1: malossssssi|move: Stealth Rock\n|move|p1a: Milotic|Ice Beam|p2a: Metagross\n|-resisted|p2a: Metagross\n|-damage|p2a: Metagross|135/256\n|\n|-heal|p2a: Metagross|151/256|[from] item: Leftovers\n|upkeep\n|turn|11\n|\n|t:|1733903836\n|switch|p2a: Clawitzer|Clawitzer, L87, M, tera:Dragon|129/265\n|move|p1a: Milotic|Haze|p1a: Milotic\n|-clearallboost\n|\n|upkeep\n|turn|12\n|\n|t:|1733903848\n|move|p1a: Milotic|Ice Beam|p2a: Clawitzer\n|-supereffective|p2a: Clawitzer\n|-damage|p2a: Clawitzer|9/265\n|move|p2a: Clawitzer|Dragon Pulse|p1a: Milotic\n|-damage|p1a: Milotic|0 fnt\n|faint|p1a: Milotic\n|\n|upkeep\n|\n|t:|1733903861\n|switch|p1a: Articuno|Articuno, L86|279/295\n|-ability|p1a: Articuno|Pressure\n|turn|13\n|\n|t:|1733903870\n|move|p1a: Articuno|Freeze-Dry|p2a: Clawitzer\n|-supereffective|p2a: Clawitzer\n|-damage|p2a: Clawitzer|0 fnt\n|faint|p2a: Clawitzer\n|\n|upkeep\n|\n|t:|1733903873\n|switch|p2a: Metagross|Metagross, L79|151/256\n|turn|14\n|\n|t:|1733903882\n|move|p1a: Articuno|U-turn|p2a: Metagross\n|-damage|p2a: Metagross|115/256\n|\n|t:|1733903885\n|switch|p1a: Hitmontop|Hitmontop, L88, M|231/231|[from] U-turn\n|-activate|p1a: Hitmontop|move: Sticky Web\n|-unboost|p1a: Hitmontop|spe|1\n|-damage|p1a: Hitmontop|217/231|[from] Stealth Rock\n|move|p2a: Metagross|Knock Off|p1a: Hitmontop\n|-resisted|p1a: Hitmontop\n|-damage|p1a: Hitmontop|184/231\n|-enditem|p1a: Hitmontop|Leftovers|[from] move: Knock Off|[of] p2a: Metagross\n|\n|-heal|p2a: Metagross|131/256|[from] item: Leftovers\n|upkeep\n|turn|15\n|\n|t:|1733903902\n|switch|p2a: Palossand|Palossand, L89, M|296/296\n|move|p1a: Hitmontop|Bulk Up|p1a: Hitmontop\n|-boost|p1a: Hitmontop|atk|1\n|-boost|p1a: Hitmontop|def|1\n|\n|upkeep\n|turn|16\n|\n|t:|1733903912\n|move|p1a: Hitmontop|Triple Axel|p2a: Palossand\n|-supereffective|p2a: Palossand\n|-damage|p2a: Palossand|240/296\n|-supereffective|p2a: Palossand\n|-damage|p2a: Palossand|132/296\n|-supereffective|p2a: Palossand\n|-damage|p2a: Palossand|0 fnt\n|faint|p2a: Palossand\n|-hitcount|p2: Palossand|3\n|\n|upkeep\n|\n|t:|1733903924\n|switch|p2a: Lapras|Lapras, L87, F|367/367\n|turn|17\n|\n|t:|1733903929\n|move|p2a: Lapras|Icicle Spear|p1a: Hitmontop\n|-damage|p1a: Hitmontop|169/231\n|-damage|p1a: Hitmontop|153/231\n|-damage|p1a: Hitmontop|138/231\n|-damage|p1a: Hitmontop|123/231\n|-damage|p1a: Hitmontop|107/231\n|-hitcount|p1a: Hitmontop|5\n|move|p1a: Hitmontop|Close Combat|p2a: Lapras\n|-supereffective|p2a: Lapras\n|-damage|p2a: Lapras|0 fnt\n|-unboost|p1a: Hitmontop|def|1\n|-unboost|p1a: Hitmontop|spd|1\n|faint|p2a: Lapras\n|\n|upkeep\n|\n|t:|1733903933\n|switch|p2a: Metagross|Metagross, L79|131/256\n|turn|18\n|\n|t:|1733903946\n|move|p2a: Metagross|Heavy Slam|p1a: Hitmontop\n|-damage|p1a: Hitmontop|0 fnt\n|faint|p1a: Hitmontop\n|\n|-heal|p2a: Metagross|147/256|[from] item: Leftovers\n|upkeep\n|\n|t:|1733903954\n|switch|p1a: Articuno|Articuno, L86|279/295\n|-ability|p1a: Articuno|Pressure\n|turn|19\n|\n|t:|1733903962\n|move|p1a: Articuno|Freeze-Dry|p2a: Metagross\n|-resisted|p2a: Metagross\n|-damage|p2a: Metagross|107/256\n|move|p2a: Metagross|Heavy Slam|p1a: Articuno\n|-supereffective|p1a: Articuno\n|-damage|p1a: Articuno|25/295\n|\n|-heal|p2a: Metagross|123/256|[from] item: Leftovers\n|upkeep\n|turn|20\n|\n|t:|1733903972\n|move|p2a: Metagross|Bullet Punch|p1a: Articuno\n|-supereffective|p1a: Articuno\n|-damage|p1a: Articuno|0 fnt\n|faint|p1a: Articuno\n|\n|-heal|p2a: Metagross|139/256|[from] item: Leftovers\n|upkeep\n|\n|t:|1733903979\n|switch|p1a: Spidops|Spidops, L96, M|271/271\n|turn|21\n|\n|t:|1733903987\n|move|p2a: Metagross|Knock Off|p1a: Spidops\n|-damage|p1a: Spidops|201/271\n|-enditem|p1a: Spidops|Heavy-Duty Boots|[from] move: Knock Off|[of] p2a: Metagross\n|move|p1a: Spidops|Circle Throw|p2a: Metagross\n|-damage|p2a: Metagross|102/256\n|drag|p2a: Haxorus|Haxorus, L77, F|244/244\n|-ability|p2a: Haxorus|Mold Breaker\n|\n|upkeep\n|turn|22\n|-message|malossssssi forfeited.\n|\n|win|Hteggevegbgen\n|raw|malossssssi's rating: 1000 &rarr; <strong>1000</strong><br />(+0 for losing)\n|raw|Hteggevegbgen's rating: 1040 &rarr; <strong>1070</strong><br />(+30 for winning)\n|l|\u2606malossssssi\n|player|p1|\n", "inputlog": ">version bfd83cad13791eb5a5a409923076391caf6fb4d4\n>start {\"formatid\":\"gen9randombattle\",\"seed\":[33749,33879,23713,427],\"rated\":\"Rated battle\"}\n>player p1 {\"name\":\"malossssssi\",\"avatar\":\"102\",\"rating\":1000,\"seed\":[24124,37882,36557,18743]}\n>player p2 {\"name\":\"Hteggevegbgen\",\"avatar\":\"265\",\"rating\":1000,\"seed\":[2426,42859,36803,35752]}\n>p1 move dragondance\n>p2 move stickyweb\n>p1 move dragondance\n>p2 move lunge\n>p1 move outrage\n>p2 move lunge\n>p1 move outrage\n>p2 move lunge\n>p2 switch 4\n>p1 move roost\n>p2 move dragonpulse\n>p1 switch 2\n>p1 move outrage terastallize\n>p2 move dragonpulse\n>p1 move outrage\n>p2 move dragonpulse terastallize\n>p1 switch 3\n>p1 move bravebird\n>p2 switch 2\n>p1 move uturn\n>p2 move knockoff\n>p1 switch 6\n>p1 move icebeam\n>p2 move stealthrock\n>p1 move haze\n>p2 switch 2\n>p1 move icebeam\n>p2 move dragonpulse\n>p1 switch 6\n>p1 move freezedry\n>p2 move dragonpulse\n>p2 switch 2\n>p1 move uturn\n>p2 move knockoff\n>p1 switch 5\n>p1 move bulkup\n>p2 switch 5\n>p1 move tripleaxel\n>p2 move shadowball\n>p2 switch 6\n>p1 move closecombat\n>p2 move iciclespear\n>p2 switch 5\n>p1 move closecombat\n>p2 move heavyslam\n>p1 switch 5\n>p1 move freezedry\n>p2 move heavyslam\n>p1 move roost\n>p2 move bulletpunch\n>p1 switch 4\n>p1 move circlethrow\n>p2 move knockoff\n>forcelose p1", "uploadtime": 1733904006, "views": 1, "formatid": "gen9randombattle", "rating": 1000, "private": 0, "password": null}