{"id": "gen9randombattle-2260272795", "format": "[Gen 9] Random Battle", "players": ["business_b", "mussie2"], "log": "|j|\u2606business_b\n|j|\u2606mussie2\n|t:|1733833328\n|gametype|singles\n|player|p1|business_b|1|1905\n|player|p2|mussie2|101|1827\n|teamsize|p1|6\n|teamsize|p2|6\n|gen|9\n|tier|[Gen 9] Random Battle\n|rated|\n|rule|Species Clause: Limit one of each Pok\u00e9mon\n|rule|HP Percentage Mod: HP is shown in percentages\n|rule|Sleep Clause Mod: Limit one foe put to sleep\n|rule|Illusion Level Mod: Illusion disguises the Pok\u00e9mon's true level\n|\n|t:|1733833328\n|start\n|switch|p1a: Slowking|Slowking, L88, F|310/310\n|switch|p2a: Mienshao|Mienshao, L83, F|244/244\n|turn|1\n|\n|t:|1733833341\n|switch|p1a: Qwilfish|Qwilfish, L86, F|252/252\n|-ability|p1a: Qwilfish|Intimidate|boost\n|-unboost|p2a: Mienshao|atk|1\n|move|p2a: Mienshao|Fake Out|p1a: Qwilfish\n|-damage|p1a: Qwilfish|227/252\n|\n|-heal|p1a: Qwilfish|242/252|[from] item: Leftovers\n|upkeep\n|turn|2\n|\n|t:|1733833346\n|move|p2a: Mienshao|U-turn|p1a: Qwilfish\n|-resisted|p1a: Qwilfish\n|-damage|p1a: Qwilfish|221/252\n|\n|t:|1733833355\n|switch|p2a: Oranguru|Oranguru, L92, M|315/315|[from] U-turn\n|move|p1a: Qwilfish|Gunk Shot|p2a: Oranguru\n|-damage|p2a: Oranguru|179/315\n|\n|-heal|p1a: Qwilfish|236/252|[from] item: Leftovers\n|-heal|p2a: Oranguru|198/315|[from] item: Leftovers\n|upkeep\n|turn|3\n|\n|t:|1733833360\n|move|p1a: Qwilfish|Gunk Shot|p2a: Oranguru|[miss]\n|-miss|p1a: Qwilfish|p2a: Oranguru\n|move|p2a: Oranguru|Psyshock|p1a: Qwilfish\n|-supereffective|p1a: Qwilfish\n|-damage|p1a: Qwilfish|44/252\n|\n|-heal|p1a: Qwilfish|59/252|[from] item: Leftovers\n|-heal|p2a: Oranguru|217/315|[from] item: Leftovers\n|upkeep\n|turn|4\n|\n|t:|1733833372\n|switch|p1a: Metagross|Metagross, L79|256/256\n|move|p2a: Oranguru|Thunderbolt|p1a: Metagross\n|-damage|p1a: Metagross|188/256\n|\n|-heal|p2a: Oranguru|236/315|[from] item: Leftovers\n|upkeep\n|turn|5\n|\n|t:|1733833380\n|move|p2a: Oranguru|Thunderbolt|p1a: Metagross\n|-damage|p1a: Metagross|112/256\n|move|p1a: Metagross|Heavy Slam|p2a: Oranguru\n|-crit|p2a: Oranguru\n|-damage|p2a: Oranguru|34/315\n|\n|-heal|p2a: Oranguru|53/315|[from] item: Leftovers\n|upkeep\n|turn|6\n|\n|t:|1733833388\n|move|p2a: Oranguru|Thunderbolt|p1a: Metagross\n|-damage|p1a: Metagross|40/256\n|move|p1a: Metagross|Agility|p1a: Metagross\n|-boost|p1a: Metagross|spe|2\n|\n|-heal|p2a: Oranguru|72/315|[from] item: Leftovers\n|upkeep\n|turn|7\n|\n|t:|1733833396\n|move|p1a: Metagross|Heavy Slam|p2a: Oranguru\n|-damage|p2a: Oranguru|0 fnt\n|faint|p2a: Oranguru\n|\n|upkeep\n|\n|t:|1733833403\n|switch|p2a: Bastiodon|Bastiodon, L89, F|252/252\n|turn|8\n|\n|t:|1733833407\n|move|p1a: Metagross|Earthquake|p2a: Bastiodon\n|-supereffective|p2a: Bastiodon\n|-damage|p2a: Bastiodon|56/252\n|move|p2a: Bastiodon|Iron Defense|p2a: Bastiodon\n|-boost|p2a: Bastiodon|def|2\n|\n|upkeep\n|turn|9\n|\n|t:|1733833410\n|-terastallize|p2a: Bastiodon|Fighting\n|move|p1a: Metagross|Earthquake|p2a: Bastiodon\n|-damage|p2a: Bastiodon|31/252\n|move|p2a: Bastiodon|Rest|p2a: Bastiodon\n|-status|p2a: Bastiodon|slp|[from] move: Rest\n|-heal|p2a: Bastiodon|252/252 slp|[silent]\n|-enditem|p2a: Bastiodon|Chesto Berry|[eat]\n|-curestatus|p2a: Bastiodon|slp|[msg]\n|\n|upkeep\n|turn|10\n|\n|t:|1733833416\n|move|p1a: Metagross|Psychic Fangs|p2a: Bastiodon\n|-supereffective|p2a: Bastiodon\n|-damage|p2a: Bastiodon|190/252\n|move|p2a: Bastiodon|Body Press|p1a: Metagross\n|-damage|p1a: Metagross|0 fnt\n|faint|p1a: Metagross\n|\n|upkeep\n|\n|t:|1733833425\n|switch|p1a: Slowking|Slowking, L88, F|310/310\n|turn|11\n|\n|t:|1733833429\n|move|p2a: Bastiodon|Body Press|p1a: Slowking\n|-resisted|p1a: Slowking\n|-damage|p1a: Slowking|152/310\n|move|p1a: Slowking|Future Sight|p2a: Bastiodon\n|-start|p1a: Slowking|move: Future Sight\n|\n|upkeep\n|turn|12\n|\n|t:|1733833434\n|switch|p1a: Qwilfish|Qwilfish, L86, F|59/252\n|-ability|p1a: Qwilfish|Intimidate|boost\n|-unboost|p2a: Bastiodon|atk|1\n|move|p2a: Bastiodon|Body Press|p1a: Qwilfish\n|-resisted|p1a: Qwilfish\n|-damage|p1a: Qwilfish|0 fnt\n|faint|p1a: Qwilfish\n|\n|upkeep\n|\n|t:|1733833443\n|switch|p1a: Slowking|Slowking, L88, F|255/310\n|turn|13\n|\n|t:|1733833446\n|move|p2a: Bastiodon|Body Press|p1a: Slowking\n|-resisted|p1a: Slowking\n|-damage|p1a: Slowking|102/310\n|move|p1a: Slowking|Scald|p2a: Bastiodon\n|-damage|p2a: Bastiodon|121/252\n|\n|-end|p2a: Bastiodon|move: Future Sight\n|-supereffective|p2a: Bastiodon\n|-damage|p2a: Bastiodon|0 fnt\n|faint|p2a: Bastiodon\n|upkeep\n|\n|t:|1733833458\n|switch|p2a: Mienshao|Mienshao, L83, F|244/244\n|turn|14\n|\n|t:|1733833465\n|switch|p1a: Scyther|Scyther, L82, F|249/249\n|move|p2a: Mienshao|Knock Off|p1a: Scyther\n|-damage|p1a: Scyther|165/249\n|-enditem|p1a: Scyther|Heavy-Duty Boots|[from] move: Knock Off|[of] p2a: Mienshao\n|\n|upkeep\n|turn|15\n|\n|t:|1733833479\n|move|p2a: Mienshao|U-turn|p1a: Scyther\n|-resisted|p1a: Scyther\n|-damage|p1a: Scyther|135/249\n|\n|t:|1733833480\n|switch|p2a: Klawf|Klawf, L90, M|272/272|[from] U-turn\n|move|p1a: Scyther|Bug Bite|p2a: Klawf\n|-damage|p2a: Klawf|199/272\n|\n|upkeep\n|turn|16\n|\n|t:|1733833506\n|move|p1a: Scyther|Close Combat|p2a: Klawf\n|-supereffective|p2a: Klawf\n|-damage|p2a: Klawf|65/272\n|-unboost|p1a: Scyther|def|1\n|-unboost|p1a: Scyther|spd|1\n|-ability|p2a: Klawf|Anger Shell|boost\n|-boost|p2a: Klawf|atk|1\n|-boost|p2a: Klawf|spa|1\n|-boost|p2a: Klawf|spe|1\n|-unboost|p2a: Klawf|def|1\n|-unboost|p2a: Klawf|spd|1\n|move|p2a: Klawf|Swords Dance|p2a: Klawf\n|-boost|p2a: Klawf|atk|2\n|\n|upkeep\n|turn|17\n|\n|t:|1733833511\n|move|p2a: Klawf|Crabhammer|p1a: Scyther\n|-crit|p1a: Scyther\n|-damage|p1a: Scyther|0 fnt\n|faint|p1a: Scyther\n|\n|upkeep\n|\n|t:|1733833525\n|switch|p1a: Sceptile|Sceptile, L87, M|264/264\n|turn|18\n|\n|t:|1733833532\n|move|p2a: Klawf|Crabhammer|p1a: Sceptile\n|-resisted|p1a: Sceptile\n|-crit|p1a: Sceptile\n|-damage|p1a: Sceptile|64/264\n|move|p1a: Sceptile|Leaf Blade|p2a: Klawf\n|-supereffective|p2a: Klawf\n|-damage|p2a: Klawf|0 fnt\n|faint|p2a: Klawf\n|-damage|p1a: Sceptile|38/264|[from] item: Life Orb\n|\n|upkeep\n|\n|t:|1733833540\n|switch|p2a: Mienshao|Mienshao, L83, F|244/244\n|turn|19\n|\n|t:|1733833544\n|switch|p1a: Slowking|Slowking, L88, F|205/310\n|move|p2a: Mienshao|Fake Out|p1a: Slowking\n|-damage|p1a: Slowking|167/310\n|\n|upkeep\n|turn|20\n|\n|t:|1733833554\n|-terastallize|p1a: Slowking|Fairy\n|move|p2a: Mienshao|Knock Off|p1a: Slowking\n|-resisted|p1a: Slowking\n|-damage|p1a: Slowking|127/310\n|-enditem|p1a: Slowking|Heavy-Duty Boots|[from] move: Knock Off|[of] p2a: Mienshao\n|move|p1a: Slowking|Slack Off|p1a: Slowking\n|-heal|p1a: Slowking|282/310\n|\n|upkeep\n|turn|21\n|\n|t:|1733833560\n|move|p2a: Mienshao|U-turn|p1a: Slowking\n|-resisted|p1a: Slowking\n|-damage|p1a: Slowking|252/310\n|\n|t:|1733833562\n|switch|p2a: Ninetales|Ninetales-Alola, L78, M|242/242|[from] U-turn\n|-weather|Snow|[from] ability: Snow Warning|[of] p2a: Ninetales\n|move|p1a: Slowking|Future Sight|p2a: Ninetales\n|-start|p1a: Slowking|move: Future Sight\n|\n|-weather|Snow|[upkeep]\n|upkeep\n|turn|22\n|\n|t:|1733833571\n|move|p2a: Ninetales|Aurora Veil|p2a: Ninetales\n|-sidestart|p2: mussie2|move: Aurora Veil\n|move|p1a: Slowking|Scald|p2a: Ninetales\n|-damage|p2a: Ninetales|197/242\n|\n|-weather|Snow|[upkeep]\n|upkeep\n|turn|23\n|\n|t:|1733833580\n|move|p2a: Ninetales|Moonblast|p1a: Slowking\n|-damage|p1a: Slowking|195/310\n|move|p1a: Slowking|Scald|p2a: Ninetales\n|-damage|p2a: Ninetales|149/242\n|\n|-weather|Snow|[upkeep]\n|-end|p2a: Ninetales|move: Future Sight\n|-damage|p2a: Ninetales|78/242\n|upkeep\n|turn|24\n|\n|t:|1733833587\n|move|p2a: Ninetales|Moonblast|p1a: Slowking\n|-damage|p1a: Slowking|137/310\n|move|p1a: Slowking|Slack Off|p1a: Slowking\n|-heal|p1a: Slowking|292/310\n|\n|-weather|Snow|[upkeep]\n|upkeep\n|turn|25\n|\n|t:|1733833589\n|move|p2a: Ninetales|Encore|p1a: Slowking\n|-start|p1a: Slowking|Encore\n|move|p1a: Slowking|Slack Off|p1a: Slowking\n|-heal|p1a: Slowking|310/310\n|\n|-weather|none\n|upkeep\n|turn|26\n|\n|t:|1733833599\n|switch|p1a: Terapagos|Terapagos, L76, F|262/262\n|-activate|p1a: Terapagos|ability: Tera Shift\n|detailschange|p1a: Terapagos|Terapagos-Terastal, L76, F\n|-heal|p1a: Terapagos|269/269|[silent]\n|move|p2a: Ninetales|Moonblast|p1a: Terapagos\n|-activate|p1a: Terapagos|ability: Tera Shell\n|-resisted|p1a: Terapagos\n|-damage|p1a: Terapagos|230/269\n|-unboost|p1a: Terapagos|spa|1\n|\n|upkeep\n|turn|27\n|\n|t:|1733833611\n|switch|p2a: Mienshao|Mienshao, L83, F|244/244\n|switch|p1a: Slowking|Slowking, L88, F, tera:Fairy|310/310\n|\n|upkeep\n|turn|28\n|\n|t:|1733833617\n|move|p2a: Mienshao|U-turn|p1a: Slowking\n|-resisted|p1a: Slowking\n|-damage|p1a: Slowking|282/310\n|\n|t:|1733833618\n|switch|p2a: Delibird|Delibird, M|252/252|[from] U-turn\n|move|p1a: Slowking|Future Sight|p2a: Delibird\n|-start|p1a: Slowking|move: Future Sight\n|\n|upkeep\n|turn|29\n|\n|t:|1733833653\n|move|p2a: Delibird|Brave Bird|p1a: Slowking\n|-damage|p1a: Slowking|93/310\n|-damage|p2a: Delibird|190/252|[from] Recoil\n|move|p1a: Slowking|Scald|p2a: Delibird\n|-damage|p2a: Delibird|127/252\n|\n|-sideend|p2: mussie2|move: Aurora Veil\n|upkeep\n|turn|30\n|\n|t:|1733833670\n|switch|p1a: Sceptile|Sceptile, L87, M|38/264\n|move|p2a: Delibird|Brave Bird|p1a: Sceptile\n|-supereffective|p1a: Sceptile\n|-damage|p1a: Sceptile|0 fnt\n|faint|p1a: Sceptile\n|-damage|p2a: Delibird|114/252|[from] Recoil\n|\n|-end|p2a: Delibird|move: Future Sight\n|-damage|p2a: Delibird|0 fnt\n|faint|p2a: Delibird\n|upkeep\n|\n|t:|1733833677\n|switch|p1a: Slowking|Slowking, L88, F, tera:Fairy|196/310\n|switch|p2a: Ninetales|Ninetales-Alola, L78, M|78/242\n|-weather|Snow|[from] ability: Snow Warning|[of] p2a: Ninetales\n|turn|31\n|\n|t:|1733833681\n|move|p2a: Ninetales|Blizzard|p1a: Slowking\n|-damage|p1a: Slowking|124/310\n|move|p1a: Slowking|Future Sight|p2a: Ninetales\n|-start|p1a: Slowking|move: Future Sight\n|\n|-weather|Snow|[upkeep]\n|upkeep\n|turn|32\n|\n|t:|1733833691\n|move|p2a: Ninetales|Blizzard|p1a: Slowking\n|-damage|p1a: Slowking|57/310\n|-status|p1a: Slowking|frz\n|cant|p1a: Slowking|frz\n|\n|-weather|Snow|[upkeep]\n|upkeep\n|turn|33\n|\n|t:|1733833709\n|switch|p1a: Terapagos|Terapagos-Terastal, L76, F|230/269\n|move|p2a: Ninetales|Blizzard|p1a: Terapagos\n|-damage|p1a: Terapagos|148/269\n|\n|-weather|Snow|[upkeep]\n|-end|p2a: Ninetales|move: Future Sight\n|-damage|p2a: Ninetales|0 fnt\n|faint|p2a: Ninetales\n|upkeep\n|\n|t:|1733833711\n|switch|p2a: Mienshao|Mienshao, L83, F|244/244\n|turn|34\n|\n|t:|1733833713\n|switch|p1a: Slowking|Slowking, L88, F, tera:Fairy|160/310 frz\n|move|p2a: Mienshao|Close Combat|p1a: Slowking\n|-resisted|p1a: Slowking\n|-damage|p1a: Slowking|86/310 frz\n|-unboost|p2a: Mienshao|def|1\n|-unboost|p2a: Mienshao|spd|1\n|\n|-weather|Snow|[upkeep]\n|upkeep\n|turn|35\n|l|\u2606business_b\n|player|p1|\n|inactive|Battle timer is ON: inactive players will automatically lose when time's up. (requested by mussie2)\n|inactive|business_b has 30 seconds to reconnect!\n|j|\u2606business_b\n|inactive|business_b reconnected and has 120 seconds left.\n|player|p1|business_b|1|\n|\n|t:|1733833775\n|switch|p1a: Terapagos|Terapagos-Terastal, L76, F|148/269\n|move|p2a: Mienshao|Close Combat|p1a: Terapagos\n|-supereffective|p1a: Terapagos\n|-damage|p1a: Terapagos|0 fnt\n|-unboost|p2a: Mienshao|def|1\n|-unboost|p2a: Mienshao|spd|1\n|faint|p1a: Terapagos\n|\n|-weather|none\n|upkeep\n|\n|t:|1733833780\n|switch|p1a: Slowking|Slowking, L88, F, tera:Fairy|189/310 frz\n|turn|36\n|\n|t:|1733833795\n|move|p2a: Mienshao|Close Combat|p1a: Slowking\n|-resisted|p1a: Slowking\n|-damage|p1a: Slowking|106/310 frz\n|-unboost|p2a: Mienshao|def|1\n|-unboost|p2a: Mienshao|spd|1\n|cant|p1a: Slowking|frz\n|\n|upkeep\n|turn|37\n|\n|t:|1733833801\n|move|p2a: Mienshao|Close Combat|p1a: Slowking\n|-resisted|p1a: Slowking\n|-damage|p1a: Slowking|34/310 frz\n|-unboost|p2a: Mienshao|def|1\n|-unboost|p2a: Mienshao|spd|1\n|-curestatus|p1a: Slowking|frz|[msg]\n|move|p1a: Slowking|Slack Off|p1a: Slowking\n|-heal|p1a: Slowking|189/310\n|\n|upkeep\n|turn|38\n|\n|t:|1733833807\n|move|p2a: Mienshao|Close Combat|p1a: Slowking\n|-resisted|p1a: Slowking\n|-crit|p1a: Slowking\n|-damage|p1a: Slowking|78/310\n|-unboost|p2a: Mienshao|def|1\n|-unboost|p2a: Mienshao|spd|1\n|move|p1a: Slowking|Scald|p2a: Mienshao\n|-damage|p2a: Mienshao|0 fnt\n|faint|p2a: Mienshao\n|\n|win|business_b\n|raw|business_b's rating: 1905 &rarr; <strong>1921</strong><br />(+16 for winning)\n|raw|mussie2's rating: 1827 &rarr; <strong>1811</strong><br />(-16 for losing)\n|l|\u2606mussie2\n|player|p2|\n", "inputlog": ">version bfd83cad13791eb5a5a409923076391caf6fb4d4\n>start {\"formatid\":\"gen9randombattle\",\"seed\":[45780,56989,2981,63644],\"rated\":\"Rated battle\"}\n>player p1 {\"name\":\"business_b\",\"avatar\":\"1\",\"rating\":1905,\"seed\":[5434,7384,59426,749]}\n>player p2 {\"name\":\"mussie2\",\"avatar\":\"101\",\"rating\":1827,\"seed\":[42316,36914,45134,49593]}\n>p1 switch 3\n>p2 move fakeout\n>p1 move gunkshot\n>p2 move uturn\n>p2 switch 4\n>p1 move gunkshot\n>p2 move psyshock\n>p1 switch 5\n>p2 move thunderbolt\n>p1 move heavyslam\n>p2 move thunderbolt\n>p1 move agility\n>p2 move thunderbolt\n>p1 move heavyslam\n>p2 move thunderbolt\n>p2 switch 2\n>p1 move earthquake\n>p2 move irondefense\n>p1 move earthquake\n>p2 move rest terastallize\n>p1 move psychicfangs\n>p2 move bodypress\n>p1 switch 3\n>p1 move futuresight\n>p2 move bodypress\n>p1 switch 5\n>p2 move bodypress\n>p1 switch 5\n>p1 move scald\n>p2 move bodypress\n>p2 switch 4\n>p1 switch 2\n>p2 move knockoff\n>p1 move bugbite\n>p2 move uturn\n>p2 switch 6\n>p1 move closecombat\n>p2 move swordsdance\n>p1 move closecombat\n>p2 move crabhammer\n>p1 switch 4\n>p1 move leafblade\n>p2 move crabhammer\n>p2 switch 6\n>p1 switch 2\n>p2 move fakeout\n>p1 move slackoff terastallize\n>p2 move knockoff\n>p1 move futuresight\n>p2 move uturn\n>p2 switch 3\n>p1 move scald\n>p2 move auroraveil\n>p1 move scald\n>p2 move moonblast\n>p1 move slackoff\n>p2 move moonblast\n>p1 move futuresight\n>p2 move encore\n>p1 switch 6\n>p2 move moonblast\n>p1 switch 6\n>p2 switch 3\n>p1 move futuresight\n>p2 move uturn\n>p2 switch 5\n>p1 move scald\n>p2 move bravebird\n>p1 switch 2\n>p2 move bravebird\n>p1 switch 2\n>p2 switch 3\n>p1 move futuresight\n>p2 move blizzard\n>p1 move slackoff\n>p2 move blizzard\n>p1 switch 6\n>p2 move blizzard\n>p2 switch 5\n>p1 switch 6\n>p2 move closecombat\n>p1 switch 6\n>p2 move closecombat\n>p1 switch 6\n>p1 move slackoff\n>p2 move closecombat\n>p1 move slackoff\n>p2 move closecombat\n>p1 move scald\n>p2 move closecombat", "uploadtime": 1733833859, "views": 9, "formatid": "gen9randombattle", "rating": 1811, "private": 0, "password": null}