{"id": "gen9randombattle-2260918744", "format": "[Gen 9] Random Battle", "players": ["Spasm1172", "about12"], "log": "|j|\u2606Spasm1172\n|j|\u2606about12\n|t:|1733916658\n|gametype|singles\n|player|p1|Spasm1172|clown|1245\n|player|p2|about12|cyrus|1300\n|teamsize|p1|6\n|teamsize|p2|6\n|gen|9\n|tier|[Gen 9] Random Battle\n|rated|\n|rule|Species Clause: Limit one of each Pok\u00e9mon\n|rule|HP Percentage Mod: HP is shown in percentages\n|rule|Sleep Clause Mod: Limit one foe put to sleep\n|rule|Illusion Level Mod: Illusion disguises the Pok\u00e9mon's true level\n|\n|t:|1733916658\n|start\n|switch|p1a: Floatzel|Floatzel, L85, M|283/283\n|switch|p2a: Dragalge|Dragalge, L88, M|258/258\n|turn|1\n|inactive|Battle timer is ON: inactive players will automatically lose when time's up. (requested by Spasm1172)\n|\n|t:|1733916680\n|move|p1a: Floatzel|Ice Spinner|p2a: Dragalge\n|-supereffective|p2a: Dragalge\n|-damage|p2a: Dragalge|140/258\n|move|p2a: Dragalge|Dragon Tail|p1a: Floatzel\n|-damage|p1a: Floatzel|173/283\n|drag|p1a: Deoxys|Deoxys-Speed, L82|216/216\n|-ability|p1a: Deoxys|Pressure\n|\n|upkeep\n|turn|2\n|\n|t:|1733916689\n|move|p1a: Deoxys|Psycho Boost|p2a: Dragalge\n|-supereffective|p2a: Dragalge\n|-damage|p2a: Dragalge|0 fnt\n|-unboost|p1a: Deoxys|spa|2\n|faint|p2a: Dragalge\n|-damage|p1a: Deoxys|195/216|[from] item: Life Orb\n|\n|upkeep\n|\n|t:|1733916708\n|switch|p2a: Slowking|Slowking, L88, F|310/310\n|turn|3\n|inactive|Spasm1172 has 120 seconds left.\n|\n|t:|1733916738\n|switch|p1a: Scyther|Scyther, L82, F|249/249\n|move|p2a: Slowking|Scald|p1a: Scyther\n|-damage|p1a: Scyther|146/249\n|-status|p1a: Scyther|brn\n|\n|-damage|p1a: Scyther|131/249 brn|[from] brn\n|upkeep\n|turn|4\n|inactive|Spasm1172 has 120 seconds left.\n|\n|t:|1733916750\n|move|p1a: Scyther|U-turn|p2a: Slowking\n|-supereffective|p2a: Slowking\n|-damage|p2a: Slowking|226/310\n|\n|t:|1733916753\n|switch|p1a: Exeggutor|Exeggutor, L89, M|312/312|[from] U-turn\n|move|p2a: Slowking|Chilly Reception|p2a: Slowking\n|-weather|Snow\n|\n|t:|1733916760\n|switch|p2a: Typhlosion|Typhlosion-Hisui, L83, M|257/257|[from] Chilly Reception\n|\n|-weather|Snow|[upkeep]\n|upkeep\n|turn|5\n|\n|t:|1733916772\n|move|p1a: Exeggutor|Protect|p1a: Exeggutor\n|-singleturn|p1a: Exeggutor|Protect\n|move|p2a: Typhlosion|Shadow Ball|p1a: Exeggutor\n|-activate|p1a: Exeggutor|move: Protect\n|\n|-weather|Snow|[upkeep]\n|upkeep\n|turn|6\n|\n|t:|1733916789\n|switch|p1a: Dewgong|Dewgong, L94, M|322/322\n|move|p2a: Typhlosion|Shadow Ball|p1a: Dewgong\n|-damage|p1a: Dewgong|241/322\n|\n|-weather|Snow|[upkeep]\n|upkeep\n|turn|7\n|\n|t:|1733916797\n|switch|p2a: Slowking|Slowking, L88, F|310/310\n|move|p1a: Dewgong|Surf|p2a: Slowking\n|-resisted|p2a: Slowking\n|-damage|p2a: Slowking|276/310\n|\n|-weather|Snow|[upkeep]\n|upkeep\n|turn|8\n|\n|t:|1733916812\n|move|p1a: Dewgong|Flip Turn|p2a: Slowking\n|-resisted|p2a: Slowking\n|-damage|p2a: Slowking|243/310\n|\n|t:|1733916819\n|switch|p1a: Deoxys|Deoxys-Speed, L82|195/216|[from] Flip Turn\n|-ability|p1a: Deoxys|Pressure\n|move|p2a: Slowking|Psyshock|p1a: Deoxys\n|-resisted|p1a: Deoxys\n|-damage|p1a: Deoxys|150/216\n|\n|-weather|none\n|upkeep\n|turn|9\n|\n|t:|1733916830\n|move|p1a: Deoxys|Dark Pulse|p2a: Slowking\n|-supereffective|p2a: Slowking\n|-damage|p2a: Slowking|136/310\n|-damage|p1a: Deoxys|129/216|[from] item: Life Orb\n|move|p2a: Slowking|Scald|p1a: Deoxys\n|-damage|p1a: Deoxys|35/216\n|\n|upkeep\n|turn|10\n|\n|t:|1733916841\n|move|p1a: Deoxys|Dark Pulse|p2a: Slowking\n|-supereffective|p2a: Slowking\n|-damage|p2a: Slowking|22/310\n|-damage|p1a: Deoxys|14/216|[from] item: Life Orb\n|move|p2a: Slowking|Slack Off|p2a: Slowking\n|-heal|p2a: Slowking|177/310\n|\n|upkeep\n|turn|11\n|\n|t:|1733916857\n|move|p1a: Deoxys|Dark Pulse|p2a: Slowking\n|-supereffective|p2a: Slowking\n|-damage|p2a: Slowking|60/310\n|-damage|p1a: Deoxys|0 fnt|[from] item: Life Orb\n|faint|p1a: Deoxys\n|move|p2a: Slowking|Slack Off|p2a: Slowking\n|-heal|p2a: Slowking|215/310\n|\n|upkeep\n|\n|t:|1733916867\n|switch|p1a: Exeggutor|Exeggutor, L89, M|312/312\n|turn|12\n|\n|t:|1733916871\n|switch|p2a: Corviknight|Corviknight, L80, F|288/288\n|move|p1a: Exeggutor|Leech Seed|p2a: Corviknight\n|-start|p2a: Corviknight|move: Leech Seed\n|\n|-damage|p2a: Corviknight|252/288|[from] Leech Seed|[of] p1a: Exeggutor\n|upkeep\n|turn|13\n|inactive|Spasm1172 has 120 seconds left.\n|\n|t:|1733916897\n|-terastallize|p1a: Exeggutor|Steel\n|move|p2a: Corviknight|U-turn|p1a: Exeggutor\n|-resisted|p1a: Exeggutor\n|-damage|p1a: Exeggutor|293/312\n|\n|t:|1733916912\n|switch|p2a: Typhlosion|Typhlosion-Hisui, L83, M|257/257|[from] U-turn\n|move|p1a: Exeggutor|Substitute|p1a: Exeggutor\n|-start|p1a: Exeggutor|Substitute\n|-damage|p1a: Exeggutor|215/312\n|\n|upkeep\n|turn|14\n|\n|t:|1733916920\n|move|p2a: Typhlosion|Fire Blast|p1a: Exeggutor\n|-supereffective|p1a: Exeggutor\n|-end|p1a: Exeggutor|Substitute\n|move|p1a: Exeggutor|Leech Seed|p2a: Typhlosion|[miss]\n|-miss|p1a: Exeggutor|p2a: Typhlosion\n|\n|upkeep\n|turn|15\n|\n|t:|1733916931\n|switch|p1a: Floatzel|Floatzel, L85, M|173/283\n|move|p2a: Typhlosion|Fire Blast|p1a: Floatzel\n|-resisted|p1a: Floatzel\n|-damage|p1a: Floatzel|69/283\n|\n|-heal|p1a: Floatzel|86/283|[from] item: Leftovers\n|upkeep\n|turn|16\n|\n|t:|1733916942\n|switch|p2a: Slowking|Slowking, L88, F|310/310\n|move|p1a: Floatzel|Wave Crash|p2a: Slowking\n|-resisted|p2a: Slowking\n|-damage|p2a: Slowking|239/310\n|-damage|p1a: Floatzel|63/283|[from] Recoil\n|\n|-heal|p1a: Floatzel|80/283|[from] item: Leftovers\n|upkeep\n|turn|17\n|-message|Spasm1172 forfeited.\n|\n|win|about12\n|raw|Spasm1172's rating: 1245 &rarr; <strong>1224</strong><br />(-21 for losing)\n|raw|about12's rating: 1300 &rarr; <strong>1321</strong><br />(+21 for winning)\n|l|\u2606Spasm1172\n|player|p1|\n", "inputlog": ">version bfd83cad13791eb5a5a409923076391caf6fb4d4\n>start {\"formatid\":\"gen9randombattle\",\"seed\":[60653,53276,41140,53692],\"rated\":\"Rated battle\"}\n>player p1 {\"name\":\"Spasm1172\",\"avatar\":\"clown\",\"rating\":1245,\"seed\":[9156,44620,62974,215]}\n>player p2 {\"name\":\"about12\",\"avatar\":\"cyrus\",\"rating\":1300,\"seed\":[3581,24584,15680,42701]}\n>p1 move icespinner\n>p2 move dragontail\n>p1 move psychoboost\n>p2 move dracometeor\n>p2 switch 4\n>p1 switch 4\n>p2 move scald\n>p1 move uturn\n>p2 move chillyreception\n>p1 switch 5\n>p2 switch 3\n>p1 move protect\n>p2 move shadowball\n>p1 switch 3\n>p2 move shadowball\n>p1 move surf\n>p2 switch 3\n>p1 move flipturn\n>p2 move psyshock\n>p1 switch 4\n>p1 move darkpulse\n>p2 move scald\n>p1 move darkpulse\n>p2 move slackoff\n>p1 move darkpulse\n>p2 move slackoff\n>p1 switch 3\n>p1 move leechseed\n>p2 switch 6\n>p1 move substitute terastallize\n>p2 move uturn\n>p2 switch 3\n>p1 move leechseed\n>p2 move fireblast\n>p1 switch 2\n>p2 move fireblast\n>p1 move wavecrash\n>p2 switch 6\n>forcelose p1", "uploadtime": 1733916979, "views": 1, "formatid": "gen9randombattle", "rating": 1224, "private": 0, "password": null}