{"id": "gen9randombattle-2260569387", "format": "[Gen 9] Random Battle", "players": ["SceptileKyle", "Az1anSensation2"], "log": "|j|\u2606SceptileKyle\n|j|\u203dAz1anSensation2\n|t:|1733864546\n|gametype|singles\n|player|p1|SceptileKyle|102|2089\n|player|p2|Az1anSensation2|265|2158\n|teamsize|p1|6\n|teamsize|p2|6\n|gen|9\n|tier|[Gen 9] Random Battle\n|rated|\n|rule|Species Clause: Limit one of each Pok\u00e9mon\n|rule|HP Percentage Mod: HP is shown in percentages\n|rule|Sleep Clause Mod: Limit one foe put to sleep\n|rule|Illusion Level Mod: Illusion disguises the Pok\u00e9mon's true level\n|\n|t:|1733864546\n|start\n|switch|p1a: Decidueye|Decidueye-Hisui, L87, M|295/295\n|switch|p2a: Flareon|Flareon, L90, M|263/263\n|turn|1\n|inactive|Battle timer is ON: inactive players will automatically lose when time's up. (requested by Az1anSensation2)\n|\n|t:|1733864559\n|switch|p1a: Toxapex|Toxapex, L82, F|216/216\n|move|p2a: Flareon|Trailblaze|p1a: Toxapex\n|-damage|p1a: Toxapex|182/216\n|-boost|p2a: Flareon|spe|1\n|-damage|p2a: Flareon|220/263|[from] item: Rocky Helmet|[of] p1a: Toxapex\n|\n|-status|p2a: Flareon|tox|[from] item: Toxic Orb\n|upkeep\n|turn|2\n|inactive|Az1anSensation2 has 120 seconds left.\n|\n|t:|1733864593\n|-terastallize|p2a: Flareon|Normal\n|move|p2a: Flareon|Facade|p1a: Toxapex\n|-damage|p1a: Toxapex|0 fnt\n|-damage|p2a: Flareon|177/263 tox|[from] item: Rocky Helmet|[of] p1a: Toxapex\n|faint|p1a: Toxapex\n|\n|-damage|p2a: Flareon|161/263 tox|[from] psn\n|upkeep\n|inactive|SceptileKyle has 120 seconds left.\n|\n|t:|1733864621\n|switch|p1a: Altaria|Altaria, L88, M|275/275\n|turn|3\n|\n|t:|1733864628\n|move|p2a: Flareon|Facade|p1a: Altaria\n|-damage|p1a: Altaria|0 fnt\n|faint|p1a: Altaria\n|\n|-damage|p2a: Flareon|129/263 tox|[from] psn\n|upkeep\n|\n|t:|1733864635\n|switch|p1a: Registeel|Registeel, L81|262/262\n|turn|4\n|\n|t:|1733864644\n|-terastallize|p1a: Registeel|Fighting\n|move|p2a: Flareon|Flare Blitz|p1a: Registeel\n|-damage|p1a: Registeel|81/262\n|-damage|p2a: Flareon|69/263 tox|[from] Recoil\n|move|p1a: Registeel|Body Press|p2a: Flareon\n|-supereffective|p2a: Flareon\n|-damage|p2a: Flareon|0 fnt\n|faint|p2a: Flareon\n|\n|-heal|p1a: Registeel|97/262|[from] item: Leftovers\n|upkeep\n|\n|t:|1733864661\n|switch|p2a: Blaziken|Blaziken, L76, F|247/247\n|turn|5\n|\n|t:|1733864667\n|move|p2a: Blaziken|Flare Blitz|p1a: Registeel\n|-damage|p1a: Registeel|0 fnt\n|faint|p1a: Registeel\n|-damage|p2a: Blaziken|215/247|[from] Recoil\n|-damage|p2a: Blaziken|191/247|[from] item: Life Orb\n|\n|-ability|p2a: Blaziken|Speed Boost|boost\n|-boost|p2a: Blaziken|spe|1\n|upkeep\n|\n|t:|1733864669\n|switch|p1a: Kyogre|Kyogre, L71|259/259\n|-weather|RainDance|[from] ability: Drizzle|[of] p1a: Kyogre\n|turn|6\n|\n|t:|1733864684\n|switch|p2a: Palafin|Palafin, L77, F|281/281\n|move|p1a: Kyogre|Origin Pulse|p2a: Palafin|[miss]\n|-miss|p1a: Kyogre|p2a: Palafin\n|\n|-weather|RainDance|[upkeep]\n|upkeep\n|turn|7\n|\n|t:|1733864694\n|move|p2a: Palafin|Flip Turn|p1a: Kyogre\n|-resisted|p1a: Kyogre\n|-damage|p1a: Kyogre|208/259\n|\n|t:|1733864702\n|detailschange|p2a: Palafin|Palafin-Hero, L77, F\n|switch|p2a: Hitmonchan|Hitmonchan, L87, M|229/229|[from] Flip Turn\n|move|p1a: Kyogre|Calm Mind|p1a: Kyogre\n|-boost|p1a: Kyogre|spa|1\n|-boost|p1a: Kyogre|spd|1\n|\n|-weather|RainDance|[upkeep]\n|-heal|p1a: Kyogre|224/259|[from] item: Leftovers\n|upkeep\n|turn|8\n|\n|t:|1733864714\n|move|p2a: Hitmonchan|Knock Off|p1a: Kyogre\n|-crit|p1a: Kyogre\n|-damage|p1a: Kyogre|90/259\n|-enditem|p1a: Kyogre|Leftovers|[from] move: Knock Off|[of] p2a: Hitmonchan\n|move|p1a: Kyogre|Origin Pulse|p2a: Hitmonchan\n|-damage|p2a: Hitmonchan|21/229\n|\n|-weather|RainDance|[upkeep]\n|-heal|p2a: Hitmonchan|35/229|[from] item: Leftovers\n|upkeep\n|turn|9\n|\n|t:|1733864719\n|move|p2a: Hitmonchan|Drain Punch|p1a: Kyogre\n|-damage|p1a: Kyogre|0 fnt\n|-heal|p2a: Hitmonchan|80/229|[from] drain|[of] p1a: Kyogre\n|faint|p1a: Kyogre\n|\n|-weather|RainDance|[upkeep]\n|-heal|p2a: Hitmonchan|94/229|[from] item: Leftovers\n|upkeep\n|\n|t:|1733864724\n|switch|p1a: Ninetales|Ninetales, L85, M|263/263\n|-weather|SunnyDay|[from] ability: Drought|[of] p1a: Ninetales\n|turn|10\n|\n|t:|1733864728\n|move|p1a: Ninetales|Fire Blast|p2a: Hitmonchan\n|-damage|p2a: Hitmonchan|0 fnt\n|faint|p2a: Hitmonchan\n|\n|-weather|SunnyDay|[upkeep]\n|upkeep\n|\n|t:|1733864745\n|switch|p2a: Blaziken|Blaziken, L76, F|191/247\n|turn|11\n|\n|t:|1733864754\n|move|p1a: Ninetales|Scorching Sands|p2a: Blaziken\n|-supereffective|p2a: Blaziken\n|-damage|p2a: Blaziken|67/247\n|move|p2a: Blaziken|Swords Dance|p2a: Blaziken\n|-boost|p2a: Blaziken|atk|2\n|\n|-weather|SunnyDay|[upkeep]\n|-ability|p2a: Blaziken|Speed Boost|boost\n|-boost|p2a: Blaziken|spe|1\n|upkeep\n|turn|12\n|\n|t:|1733864764\n|move|p2a: Blaziken|Close Combat|p1a: Ninetales\n|-damage|p1a: Ninetales|0 fnt\n|-unboost|p2a: Blaziken|def|1\n|-unboost|p2a: Blaziken|spd|1\n|faint|p1a: Ninetales\n|-damage|p2a: Blaziken|43/247|[from] item: Life Orb\n|\n|-weather|SunnyDay|[upkeep]\n|-ability|p2a: Blaziken|Speed Boost|boost\n|-boost|p2a: Blaziken|spe|1\n|upkeep\n|\n|t:|1733864765\n|switch|p1a: Decidueye|Decidueye-Hisui, L87, M|295/295\n|turn|13\n|\n|t:|1733864769\n|move|p1a: Decidueye|Sucker Punch|p2a: Blaziken\n|-resisted|p2a: Blaziken\n|-damage|p2a: Blaziken|0 fnt\n|faint|p2a: Blaziken\n|\n|-weather|SunnyDay|[upkeep]\n|upkeep\n|\n|t:|1733864777\n|switch|p2a: Delibird|Delibird, M|252/252\n|turn|14\n|\n|t:|1733864782\n|move|p2a: Delibird|Brave Bird|p1a: Decidueye\n|-supereffective|p1a: Decidueye\n|-damage|p1a: Decidueye|0 fnt\n|faint|p1a: Decidueye\n|-damage|p2a: Delibird|155/252|[from] Recoil\n|\n|win|Az1anSensation2\n|raw|SceptileKyle's rating: 2089 &rarr; <strong>2073</strong><br />(-16 for losing)\n|raw|Az1anSensation2's rating: 2158 &rarr; <strong>2174</strong><br />(+16 for winning)\n", "inputlog": ">version bfd83cad13791eb5a5a409923076391caf6fb4d4\n>start {\"formatid\":\"gen9randombattle\",\"seed\":[10172,10739,46418,42848],\"rated\":\"Rated battle\"}\n>player p1 {\"name\":\"SceptileKyle\",\"avatar\":\"102\",\"rating\":2089,\"seed\":[34080,14235,7293,27710]}\n>player p2 {\"name\":\"Az1anSensation2\",\"avatar\":\"265\",\"rating\":2158,\"seed\":[61941,21956,45182,5759]}\n>p1 switch 4\n>p2 move trailblaze\n>p1 move liquidation\n>p2 move facade terastallize\n>p1 switch 2\n>p1 move bravebird\n>p2 move facade\n>p1 switch 6\n>p1 move bodypress terastallize\n>p2 move flareblitz\n>p2 switch 4\n>p1 move thunderwave\n>p2 move flareblitz\n>p1 switch 5\n>p1 move originpulse\n>p2 switch 6\n>p1 move calmmind\n>p2 move flipturn\n>p2 switch 2\n>p1 move originpulse\n>p2 move knockoff\n>p1 move thunder\n>p2 move drainpunch\n>p1 switch 3\n>p1 move fireblast\n>p2 move knockoff\n>p2 switch 6\n>p1 move scorchingsands\n>p2 move swordsdance\n>p1 move scorchingsands\n>p2 move closecombat\n>p1 switch 4\n>p1 move suckerpunch\n>p2 move flareblitz\n>p2 switch 3\n>p1 move triplearrows\n>p2 move bravebird", "uploadtime": 1733864784, "views": 1, "formatid": "gen9randombattle", "rating": 2073, "private": 0, "password": null}