{"id": "gen9randombattle-2260477745", "format": "[Gen 9] Random Battle", "players": ["Walt", "Stalin-10%"], "log": "|j|\u2606Walt\n|j|\u2606Stalin-10%\n|t:|1733855445\n|gametype|singles\n|player|p1|Walt|psychic-gen4|1186\n|player|p2|Stalin-10%|clerk-boss|1232\n|teamsize|p1|6\n|teamsize|p2|6\n|gen|9\n|tier|[Gen 9] Random Battle\n|rated|\n|rule|Species Clause: Limit one of each Pok\u00e9mon\n|rule|HP Percentage Mod: HP is shown in percentages\n|rule|Sleep Clause Mod: Limit one foe put to sleep\n|rule|Illusion Level Mod: Illusion disguises the Pok\u00e9mon's true level\n|\n|t:|1733855445\n|start\n|switch|p1a: Regice|Regice, L88|284/284\n|switch|p2a: Tatsugiri|Tatsugiri-Stretchy, L87, M|260/260\n|turn|1\n|inactive|Battle timer is ON: inactive players will automatically lose when time's up. (requested by Walt)\n|\n|t:|1733855456\n|switch|p2a: Iron Crown|Iron Crown, L78|268/268\n|move|p1a: Regice|Thunderbolt|p2a: Iron Crown\n|-damage|p2a: Iron Crown|205/268\n|\n|-heal|p2a: Iron Crown|221/268|[from] item: Leftovers\n|upkeep\n|turn|2\n|\n|t:|1733855468\n|switch|p1a: Zamazenta|Zamazenta, L71|248/248\n|-ability|p1a: Zamazenta|Dauntless Shield|boost\n|-boost|p1a: Zamazenta|def|1\n|move|p2a: Iron Crown|Calm Mind|p2a: Iron Crown\n|-boost|p2a: Iron Crown|spa|1\n|-boost|p2a: Iron Crown|spd|1\n|\n|-heal|p2a: Iron Crown|237/268|[from] item: Leftovers\n|upkeep\n|turn|3\n|\n|t:|1733855483\n|switch|p1a: Chi-Yu|Chi-Yu, L77|211/211\n|-ability|p1a: Chi-Yu|Beads of Ruin\n|move|p2a: Iron Crown|Psyshock|p1a: Chi-Yu\n|-immune|p1a: Chi-Yu\n|\n|-heal|p2a: Iron Crown|253/268|[from] item: Leftovers\n|upkeep\n|turn|4\n|\n|t:|1733855504\n|-end|p2a: Iron Crown|Quark Drive|[silent]\n|switch|p2a: Greedent|Greedent, L86, M|347/347\n|move|p1a: Chi-Yu|Nasty Plot|p1a: Chi-Yu\n|-boost|p1a: Chi-Yu|spa|2\n|\n|upkeep\n|turn|5\n|\n|t:|1733855512\n|move|p1a: Chi-Yu|Dark Pulse|p2a: Greedent\n|-damage|p2a: Greedent|89/347\n|-enditem|p2a: Greedent|Sitrus Berry|[eat]\n|-heal|p2a: Greedent|175/347|[from] item: Sitrus Berry\n|-heal|p2a: Greedent|290/347|[from] ability: Cheek Pouch\n|move|p2a: Greedent|Earthquake|p1a: Chi-Yu\n|-supereffective|p1a: Chi-Yu\n|-damage|p1a: Chi-Yu|35/211\n|\n|upkeep\n|turn|6\n|\n|t:|1733855524\n|move|p1a: Chi-Yu|Dark Pulse|p2a: Greedent\n|-damage|p2a: Greedent|17/347\n|cant|p2a: Greedent|flinch\n|\n|upkeep\n|turn|7\n|n|!Stalin-10%|stalin10\n|\n|t:|1733855534\n|move|p1a: Chi-Yu|Dark Pulse|p2a: Greedent\n|-damage|p2a: Greedent|0 fnt\n|faint|p2a: Greedent\n|\n|upkeep\n|\n|t:|1733855540\n|switch|p2a: Staraptor|Staraptor, L79, F|263/263\n|turn|8\n|\n|t:|1733855545\n|switch|p1a: Regice|Regice, L88|284/284\n|move|p2a: Staraptor|U-turn|p1a: Regice\n|-damage|p1a: Regice|211/284\n|\n|t:|1733855556\n|switch|p2a: Iron Crown|Iron Crown, L78|253/268|[from] U-turn\n|\n|-heal|p2a: Iron Crown|268/268|[from] item: Leftovers\n|upkeep\n|turn|9\n|\n|t:|1733855564\n|move|p2a: Iron Crown|Tachyon Cutter|p1a: Regice\n|-supereffective|p1a: Regice\n|-damage|p1a: Regice|157/284\n|-supereffective|p1a: Regice\n|-damage|p1a: Regice|101/284\n|-hitcount|p1a: Regice|2\n|move|p1a: Regice|Thunderbolt|p2a: Iron Crown\n|-damage|p2a: Iron Crown|207/268\n|\n|-heal|p2a: Iron Crown|223/268|[from] item: Leftovers\n|upkeep\n|turn|10\n|\n|t:|1733855573\n|move|p2a: Iron Crown|Tachyon Cutter|p1a: Regice\n|-supereffective|p1a: Regice\n|-damage|p1a: Regice|45/284\n|-supereffective|p1a: Regice\n|-damage|p1a: Regice|0 fnt\n|faint|p1a: Regice\n|-hitcount|p1: Regice|2\n|\n|-heal|p2a: Iron Crown|239/268|[from] item: Leftovers\n|upkeep\n|\n|t:|1733855587\n|switch|p1a: Chi-Yu|Chi-Yu, L77|35/211\n|-ability|p1a: Chi-Yu|Beads of Ruin\n|turn|11\n|\n|t:|1733855597\n|-end|p2a: Iron Crown|Quark Drive|[silent]\n|switch|p2a: Tatsugiri|Tatsugiri-Stretchy, L87, M|260/260\n|move|p1a: Chi-Yu|Dark Pulse|p2a: Tatsugiri\n|-damage|p2a: Tatsugiri|139/260\n|\n|upkeep\n|turn|12\n|\n|t:|1733855606\n|move|p1a: Chi-Yu|Dark Pulse|p2a: Tatsugiri\n|-damage|p2a: Tatsugiri|22/260\n|move|p2a: Tatsugiri|Surf|p1a: Chi-Yu\n|-supereffective|p1a: Chi-Yu\n|-damage|p1a: Chi-Yu|0 fnt\n|faint|p1a: Chi-Yu\n|\n|upkeep\n|\n|t:|1733855622\n|switch|p1a: Slowbro|Slowbro, L85, M|300/300\n|turn|13\n|\n|t:|1733855638\n|move|p2a: Tatsugiri|Draco Meteor|p1a: Slowbro\n|-damage|p1a: Slowbro|113/300\n|-unboost|p2a: Tatsugiri|spa|2\n|move|p1a: Slowbro|Iron Defense|p1a: Slowbro\n|-boost|p1a: Slowbro|def|2\n|\n|-heal|p1a: Slowbro|131/300|[from] item: Leftovers\n|upkeep\n|turn|14\n|\n|t:|1733855651\n|switch|p2a: Shaymin|Shaymin-Sky, L73|266/266\n|move|p1a: Slowbro|Slack Off|p1a: Slowbro\n|-heal|p1a: Slowbro|281/300\n|\n|-heal|p1a: Slowbro|299/300|[from] item: Leftovers\n|upkeep\n|turn|15\n|\n|t:|1733855661\n|move|p2a: Shaymin|Seed Flare|p1a: Slowbro\n|-supereffective|p1a: Slowbro\n|-damage|p1a: Slowbro|75/300\n|-unboost|p1a: Slowbro|spd|2\n|move|p1a: Slowbro|Body Press|p2a: Shaymin\n|-resisted|p2a: Shaymin\n|-damage|p2a: Shaymin|180/266\n|\n|-heal|p2a: Shaymin|196/266|[from] item: Leftovers\n|-heal|p1a: Slowbro|93/300|[from] item: Leftovers\n|upkeep\n|turn|16\n|\n|t:|1733855672\n|switch|p1a: Chansey|Chansey, L85, F|564/564\n|move|p2a: Shaymin|Air Slash|p1a: Chansey\n|-damage|p1a: Chansey|525/564\n|\n|-heal|p2a: Shaymin|212/266|[from] item: Leftovers\n|upkeep\n|turn|17\n|\n|t:|1733855683\n|switch|p2a: Tatsugiri|Tatsugiri-Stretchy, L87, M|22/260\n|move|p1a: Chansey|Stealth Rock|p2a: Tatsugiri\n|-sidestart|p2: Stalin-10%|move: Stealth Rock\n|\n|upkeep\n|turn|18\n|\n|t:|1733855692\n|move|p2a: Tatsugiri|Rapid Spin|p1a: Chansey\n|-damage|p1a: Chansey|470/564\n|-boost|p2a: Tatsugiri|spe|1\n|-sideend|p2: Stalin-10%|Stealth Rock|[from] move: Rapid Spin|[of] p2a: Tatsugiri\n|move|p1a: Chansey|Seismic Toss|p2a: Tatsugiri\n|-damage|p2a: Tatsugiri|0 fnt\n|faint|p2a: Tatsugiri\n|\n|upkeep\n|\n|t:|1733855694\n|switch|p2a: Staraptor|Staraptor, L79, F|263/263\n|turn|19\n|\n|t:|1733855703\n|move|p2a: Staraptor|Brave Bird|p1a: Chansey\n|-damage|p1a: Chansey|0 fnt\n|faint|p1a: Chansey\n|-damage|p2a: Staraptor|108/263|[from] Recoil\n|\n|upkeep\n|\n|t:|1733855709\n|switch|p1a: Zamazenta|Zamazenta, L71|248/248\n|turn|20\n|\n|t:|1733855716\n|move|p1a: Zamazenta|Iron Defense|p1a: Zamazenta\n|-boost|p1a: Zamazenta|def|2\n|move|p2a: Staraptor|Brave Bird|p1a: Zamazenta\n|-supereffective|p1a: Zamazenta\n|-damage|p1a: Zamazenta|32/248\n|-damage|p2a: Staraptor|37/263|[from] Recoil\n|\n|upkeep\n|turn|21\n|\n|t:|1733855729\n|-terastallize|p1a: Zamazenta|Steel\n|move|p1a: Zamazenta|Rest|p1a: Zamazenta\n|-status|p1a: Zamazenta|slp|[from] move: Rest\n|-heal|p1a: Zamazenta|248/248 slp|[silent]\n|-enditem|p1a: Zamazenta|Chesto Berry|[eat]\n|-curestatus|p1a: Zamazenta|slp|[msg]\n|move|p2a: Staraptor|Brave Bird|p1a: Zamazenta\n|-resisted|p1a: Zamazenta\n|-crit|p1a: Zamazenta\n|-damage|p1a: Zamazenta|88/248\n|-damage|p2a: Staraptor|0 fnt|[from] Recoil\n|faint|p2a: Staraptor\n|\n|upkeep\n|\n|t:|1733855744\n|switch|p2a: Iron Crown|Iron Crown, L78|239/268\n|turn|22\n|\n|t:|1733855753\n|move|p1a: Zamazenta|Body Press|p2a: Iron Crown\n|-damage|p2a: Iron Crown|112/268\n|move|p2a: Iron Crown|Focus Blast|p1a: Zamazenta\n|-supereffective|p1a: Zamazenta\n|-damage|p1a: Zamazenta|0 fnt\n|faint|p1a: Zamazenta\n|\n|-heal|p2a: Iron Crown|128/268|[from] item: Leftovers\n|upkeep\n|\n|t:|1733855765\n|switch|p1a: Slowbro|Slowbro, L85, M|193/300\n|turn|23\n|\n|t:|1733855785\n|-end|p2a: Iron Crown|Quark Drive|[silent]\n|switch|p2a: Shaymin|Shaymin-Sky, L73|212/266\n|move|p1a: Slowbro|Scald|p2a: Shaymin\n|-resisted|p2a: Shaymin\n|-damage|p2a: Shaymin|152/266\n|\n|-heal|p2a: Shaymin|168/266|[from] item: Leftovers\n|-heal|p1a: Slowbro|211/300|[from] item: Leftovers\n|upkeep\n|turn|24\n|inactive|Walt has 120 seconds left.\n|inactive|Walt has 90 seconds left.\n|inactive|Walt has 60 seconds left.\n|inactive|Walt has 30 seconds left.\n|inactive|Walt has 20 seconds left.\n|inactive|Walt has 15 seconds left.\n|inactive|Walt has 10 seconds left.\n|inactive|Walt has 5 seconds left.\n|-message|Walt lost due to inactivity.\n|\n|win|Stalin-10%\n", "inputlog": ">version bfd83cad13791eb5a5a409923076391caf6fb4d4\n>start {\"formatid\":\"gen9randombattle\",\"seed\":[2689,65026,14080,47398],\"rated\":\"Rated battle\"}\n>player p1 {\"name\":\"Walt\",\"avatar\":\"psychic-gen4\",\"rating\":1186,\"seed\":[52029,56425,48644,46501]}\n>player p2 {\"name\":\"Stalin-10%\",\"avatar\":\"clerk-boss\",\"rating\":1232,\"seed\":[56627,53563,64184,25650]}\n>p1 move thunderbolt\n>p2 switch 3\n>p1 switch 5\n>p2 move calmmind\n>p1 switch 3\n>p2 move psyshock\n>p1 move nastyplot\n>p2 switch 4\n>p1 move darkpulse\n>p2 move earthquake\n>p1 move darkpulse\n>p2 move bodyslam\n>chat \u2606Stalin-10%|Just fire blast pussy\n>p1 move darkpulse\n>p2 move bodyslam\n>p2 switch 6\n>p1 switch 5\n>p2 move uturn\n>p2 switch 4\n>p1 move thunderbolt\n>p2 move tachyoncutter\n>p1 move thunderbolt\n>p2 move tachyoncutter\n>p1 switch 5\n>p1 move darkpulse\n>p2 switch 3\n>p1 move darkpulse\n>p2 move surf\n>p1 switch 4\n>p1 move irondefense\n>p2 move dracometeor\n>p1 move slackoff\n>p2 switch 2\n>p1 move bodypress\n>p2 move seedflare\n>p1 switch 2\n>p2 move airslash\n>p1 move stealthrock\n>p2 switch 2\n>p1 move seismictoss\n>p2 move rapidspin\n>p2 switch 4\n>p1 move thunderwave\n>p2 move bravebird\n>p1 switch 3\n>p1 move irondefense\n>p2 move bravebird\n>p1 move rest terastallize\n>p2 move bravebird\n>p2 switch 3\n>p1 move bodypress\n>p2 move focusblast\n>p1 switch 2\n>p1 move scald\n>p2 switch 2\n>forcelose p1", "uploadtime": 1733855531, "views": 1, "formatid": "gen9randombattle", "rating": null, "private": 0, "password": null}