{"id": "gen9randombattle-2260294704", "format": "[Gen 9] Random Battle", "players": ["okcool123", "hibye721"], "log": "|j|\u2606okcool123\n|j|\u2606hibye721\n|t:|1733836394\n|gametype|singles\n|player|p1|okcool123|dragontamer|1470\n|player|p2|hibye721|169|1431\n|teamsize|p1|6\n|teamsize|p2|6\n|gen|9\n|tier|[Gen 9] Random Battle\n|rated|\n|rule|Species Clause: Limit one of each Pok\u00e9mon\n|rule|HP Percentage Mod: HP is shown in percentages\n|rule|Sleep Clause Mod: Limit one foe put to sleep\n|rule|Illusion Level Mod: Illusion disguises the Pok\u00e9mon's true level\n|\n|t:|1733836394\n|start\n|switch|p1a: Komala|Komala, L89, M|260/260\n|switch|p2a: Mudsdale|Mudsdale, L84, F|305/305\n|-ability|p1a: Komala|Comatose\n|turn|1\n|inactive|Battle timer is ON: inactive players will automatically lose when time's up. (requested by hibye721)\n|\n|t:|1733836399\n|move|p1a: Komala|Knock Off|p2a: Mudsdale\n|-damage|p2a: Mudsdale|226/305\n|-ability|p2a: Mudsdale|Stamina|boost\n|-boost|p2a: Mudsdale|def|1\n|-enditem|p2a: Mudsdale|Leftovers|[from] move: Knock Off|[of] p1a: Komala\n|move|p2a: Mudsdale|Stealth Rock|p1a: Komala\n|-sidestart|p1: okcool123|move: Stealth Rock\n|\n|upkeep\n|turn|2\n|\n|t:|1733836413\n|switch|p1a: Volcanion|Volcanion, L79|256/256\n|move|p2a: Mudsdale|Earthquake|p1a: Volcanion\n|-supereffective|p1a: Volcanion\n|-damage|p1a: Volcanion|52/256\n|\n|upkeep\n|turn|3\n|\n|t:|1733836428\n|switch|p2a: Dewgong|Dewgong, L94, M|322/322\n|move|p1a: Volcanion|Steam Eruption|p2a: Dewgong\n|-resisted|p2a: Dewgong\n|-damage|p2a: Dewgong|288/322\n|-status|p2a: Dewgong|brn\n|\n|-damage|p2a: Dewgong|268/322 brn|[from] brn\n|upkeep\n|turn|4\n|\n|t:|1733836440\n|switch|p1a: Lanturn|Lanturn, L89, F|367/367\n|-damage|p1a: Lanturn|322/367|[from] Stealth Rock\n|move|p2a: Dewgong|Knock Off|p1a: Lanturn\n|-damage|p1a: Lanturn|281/367\n|-enditem|p1a: Lanturn|Choice Specs|[from] move: Knock Off|[of] p2a: Dewgong\n|\n|-damage|p2a: Dewgong|248/322 brn|[from] brn\n|upkeep\n|turn|5\n|\n|t:|1733836445\n|move|p2a: Dewgong|Flip Turn|p1a: Lanturn\n|-resisted|p1a: Lanturn\n|-damage|p1a: Lanturn|263/367\n|\n|t:|1733836451\n|switch|p2a: Wo-Chien|Wo-Chien, L83|277/277|[from] Flip Turn\n|-ability|p2a: Wo-Chien|Tablets of Ruin\n|move|p1a: Lanturn|Thunderbolt|p2a: Wo-Chien\n|-resisted|p2a: Wo-Chien\n|-damage|p2a: Wo-Chien|244/277\n|\n|-heal|p2a: Wo-Chien|261/277|[from] item: Leftovers\n|upkeep\n|turn|6\n|\n|t:|1733836457\n|move|p1a: Lanturn|Volt Switch|p2a: Wo-Chien\n|-resisted|p2a: Wo-Chien\n|-damage|p2a: Wo-Chien|236/277\n|\n|t:|1733836466\n|switch|p1a: Hatterene|Hatterene, L85, F|236/236|[from] Volt Switch\n|-damage|p1a: Hatterene|207/236|[from] Stealth Rock\n|move|p2a: Wo-Chien|Leech Seed|p1a: Hatterene\n|move|p1a: Hatterene|Leech Seed|p2a: Wo-Chien|[from]ability: Magic Bounce\n|-immune|p2a: Wo-Chien\n|\n|-heal|p2a: Wo-Chien|253/277|[from] item: Leftovers\n|-heal|p1a: Hatterene|221/236|[from] item: Leftovers\n|upkeep\n|turn|7\n|\n|t:|1733836475\n|switch|p2a: Ariados|Ariados, L95, M|287/287\n|move|p1a: Hatterene|Draining Kiss|p2a: Ariados\n|-resisted|p2a: Ariados\n|-damage|p2a: Ariados|248/287\n|-heal|p1a: Hatterene|236/236|[from] drain|[of] p2a: Ariados\n|\n|upkeep\n|turn|8\n|\n|t:|1733836487\n|move|p2a: Ariados|Poison Jab|p1a: Hatterene\n|-supereffective|p1a: Hatterene\n|-damage|p1a: Hatterene|54/236\n|-status|p1a: Hatterene|psn\n|move|p1a: Hatterene|Psyshock|p2a: Ariados\n|-supereffective|p2a: Ariados\n|-damage|p2a: Ariados|0 fnt\n|faint|p2a: Ariados\n|\n|-heal|p1a: Hatterene|68/236 psn|[from] item: Leftovers\n|-damage|p1a: Hatterene|39/236 psn|[from] psn\n|upkeep\n|\n|t:|1733836492\n|switch|p2a: Skeledirge|Skeledirge, L79, M|294/294\n|turn|9\n|\n|t:|1733836498\n|move|p2a: Skeledirge|Torch Song|p1a: Hatterene\n|-damage|p1a: Hatterene|0 fnt\n|-boost|p2a: Skeledirge|spa|1\n|faint|p1a: Hatterene\n|\n|upkeep\n|\n|t:|1733836504\n|switch|p1a: Volcanion|Volcanion, L79|52/256\n|turn|10\n|\n|t:|1733836524\n|move|p1a: Volcanion|Steam Eruption|p2a: Skeledirge\n|-supereffective|p2a: Skeledirge\n|-damage|p2a: Skeledirge|0 fnt\n|faint|p2a: Skeledirge\n|\n|upkeep\n|\n|t:|1733836532\n|switch|p2a: Wo-Chien|Wo-Chien, L83|253/277\n|-ability|p2a: Wo-Chien|Tablets of Ruin\n|turn|11\n|\n|t:|1733836543\n|switch|p1a: Lanturn|Lanturn, L89, F|263/367\n|-damage|p1a: Lanturn|218/367|[from] Stealth Rock\n|move|p2a: Wo-Chien|Knock Off|p1a: Lanturn\n|-damage|p1a: Lanturn|142/367\n|\n|-heal|p2a: Wo-Chien|270/277|[from] item: Leftovers\n|upkeep\n|turn|12\n|\n|t:|1733836556\n|move|p1a: Lanturn|Ice Beam|p2a: Wo-Chien\n|-supereffective|p2a: Wo-Chien\n|-damage|p2a: Wo-Chien|190/277\n|move|p2a: Wo-Chien|Giga Drain|p1a: Lanturn\n|-supereffective|p1a: Lanturn\n|-damage|p1a: Lanturn|0 fnt\n|-heal|p2a: Wo-Chien|261/277|[from] drain|[of] p1a: Lanturn\n|faint|p1a: Lanturn\n|\n|-heal|p2a: Wo-Chien|277/277|[from] item: Leftovers\n|upkeep\n|\n|t:|1733836569\n|switch|p1a: Forretress|Forretress, L84, M|263/263\n|-damage|p1a: Forretress|231/263|[from] Stealth Rock\n|turn|13\n|\n|t:|1733836581\n|switch|p2a: Mudsdale|Mudsdale, L84, F|226/305\n|move|p1a: Forretress|Body Press|p2a: Mudsdale\n|-damage|p2a: Mudsdale|160/305\n|-ability|p2a: Mudsdale|Stamina|boost\n|-boost|p2a: Mudsdale|def|1\n|\n|-heal|p1a: Forretress|247/263|[from] item: Leftovers\n|upkeep\n|turn|14\n|\n|t:|1733836592\n|move|p1a: Forretress|Spikes|p2a: Mudsdale\n|-sidestart|p2: hibye721|Spikes\n|move|p2a: Mudsdale|Earthquake|p1a: Forretress\n|-damage|p1a: Forretress|153/263\n|\n|-heal|p1a: Forretress|169/263|[from] item: Leftovers\n|upkeep\n|turn|15\n|\n|t:|1733836595\n|move|p1a: Forretress|Spikes|p2a: Mudsdale\n|-sidestart|p2: hibye721|Spikes\n|move|p2a: Mudsdale|Earthquake|p1a: Forretress\n|-damage|p1a: Forretress|87/263\n|\n|-heal|p1a: Forretress|103/263|[from] item: Leftovers\n|upkeep\n|turn|16\n|\n|t:|1733836600\n|move|p1a: Forretress|Stealth Rock|p2a: Mudsdale\n|-sidestart|p2: hibye721|move: Stealth Rock\n|move|p2a: Mudsdale|Earthquake|p1a: Forretress\n|-damage|p1a: Forretress|7/263\n|\n|-heal|p1a: Forretress|23/263|[from] item: Leftovers\n|upkeep\n|turn|17\n|\n|t:|1733836607\n|move|p1a: Forretress|Iron Head|p2a: Mudsdale\n|-damage|p2a: Mudsdale|112/305\n|-ability|p2a: Mudsdale|Stamina|boost\n|-boost|p2a: Mudsdale|def|1\n|cant|p2a: Mudsdale|flinch\n|\n|-heal|p1a: Forretress|39/263|[from] item: Leftovers\n|upkeep\n|turn|18\n|\n|t:|1733836610\n|move|p1a: Forretress|Iron Head|p2a: Mudsdale\n|-damage|p2a: Mudsdale|72/305\n|-ability|p2a: Mudsdale|Stamina|boost\n|-boost|p2a: Mudsdale|def|1\n|move|p2a: Mudsdale|Earthquake|p1a: Forretress\n|-damage|p1a: Forretress|0 fnt\n|faint|p1a: Forretress\n|\n|upkeep\n|\n|t:|1733836612\n|switch|p1a: Volcanion|Volcanion, L79|52/256\n|turn|19\n|\n|t:|1733836617\n|move|p1a: Volcanion|Flamethrower|p2a: Mudsdale\n|-damage|p2a: Mudsdale|0 fnt\n|faint|p2a: Mudsdale\n|\n|upkeep\n|\n|t:|1733836625\n|switch|p2a: Chesnaught|Chesnaught, L84, F|285/285\n|-damage|p2a: Chesnaught|238/285|[from] Spikes\n|-damage|p2a: Chesnaught|221/285|[from] Stealth Rock\n|turn|20\n|\n|t:|1733836631\n|move|p1a: Volcanion|Flamethrower|p2a: Chesnaught\n|-supereffective|p2a: Chesnaught\n|-damage|p2a: Chesnaught|0 fnt\n|faint|p2a: Chesnaught\n|\n|upkeep\n|\n|t:|1733836634\n|switch|p2a: Wo-Chien|Wo-Chien, L83|277/277\n|-damage|p2a: Wo-Chien|231/277|[from] Spikes\n|-damage|p2a: Wo-Chien|197/277|[from] Stealth Rock\n|-ability|p2a: Wo-Chien|Tablets of Ruin\n|turn|21\n|\n|t:|1733836638\n|move|p2a: Wo-Chien|Giga Drain|p1a: Volcanion\n|-damage|p1a: Volcanion|0 fnt\n|-heal|p2a: Wo-Chien|223/277|[from] drain|[of] p1a: Volcanion\n|faint|p1a: Volcanion\n|\n|-heal|p2a: Wo-Chien|240/277|[from] item: Leftovers\n|upkeep\n|\n|t:|1733836649\n|switch|p1a: Slaking|Slaking, L84, M|389/389\n|-damage|p1a: Slaking|341/389|[from] Stealth Rock\n|turn|22\n|\n|t:|1733836658\n|-terastallize|p2a: Wo-Chien|Poison\n|move|p1a: Slaking|Giga Impact|p2a: Wo-Chien\n|-damage|p2a: Wo-Chien|15/277\n|-mustrecharge|p1a: Slaking\n|move|p2a: Wo-Chien|Leech Seed|p1a: Slaking\n|-start|p1a: Slaking|move: Leech Seed\n|\n|-heal|p2a: Wo-Chien|32/277|[from] item: Leftovers\n|-damage|p1a: Slaking|293/389|[from] Leech Seed|[of] p2a: Wo-Chien\n|-heal|p2a: Wo-Chien|80/277|[silent]\n|upkeep\n|turn|23\n|\n|t:|1733836665\n|cant|p1a: Slaking|recharge\n|move|p2a: Wo-Chien|Giga Drain|p1a: Slaking\n|-damage|p1a: Slaking|203/389\n|-heal|p2a: Wo-Chien|125/277|[from] drain|[of] p1a: Slaking\n|\n|-heal|p2a: Wo-Chien|142/277|[from] item: Leftovers\n|-damage|p1a: Slaking|155/389|[from] Leech Seed|[of] p2a: Wo-Chien\n|-heal|p2a: Wo-Chien|190/277|[silent]\n|upkeep\n|turn|24\n|\n|t:|1733836668\n|switch|p1a: Komala|Komala, L89, M|260/260\n|-damage|p1a: Komala|228/260|[from] Stealth Rock\n|-ability|p1a: Komala|Comatose\n|move|p2a: Wo-Chien|Protect||[still]\n|-fail|p2a: Wo-Chien\n|\n|-heal|p2a: Wo-Chien|207/277|[from] item: Leftovers\n|upkeep\n|turn|25\n|\n|t:|1733836680\n|move|p1a: Komala|Rapid Spin|p2a: Wo-Chien\n|-damage|p2a: Wo-Chien|158/277\n|-boost|p1a: Komala|spe|1\n|-sideend|p1: okcool123|Stealth Rock|[from] move: Rapid Spin|[of] p1a: Komala\n|move|p2a: Wo-Chien|Leech Seed|p1a: Komala\n|-start|p1a: Komala|move: Leech Seed\n|\n|-heal|p2a: Wo-Chien|175/277|[from] item: Leftovers\n|-damage|p1a: Komala|196/260|[from] Leech Seed|[of] p2a: Wo-Chien\n|-heal|p2a: Wo-Chien|207/277|[silent]\n|upkeep\n|turn|26\n|\n|t:|1733836686\n|move|p1a: Komala|Rapid Spin|p2a: Wo-Chien\n|-crit|p2a: Wo-Chien\n|-damage|p2a: Wo-Chien|134/277\n|-boost|p1a: Komala|spe|1\n|-end|p1a: Komala|Leech Seed|[from] move: Rapid Spin|[of] p1a: Komala\n|move|p2a: Wo-Chien|Knock Off|p1a: Komala\n|-damage|p1a: Komala|81/260\n|-enditem|p1a: Komala|Assault Vest|[from] move: Knock Off|[of] p2a: Wo-Chien\n|\n|-heal|p2a: Wo-Chien|151/277|[from] item: Leftovers\n|upkeep\n|turn|27\n|\n|t:|1733836694\n|move|p1a: Komala|Earthquake|p2a: Wo-Chien\n|-supereffective|p2a: Wo-Chien\n|-damage|p2a: Wo-Chien|21/277\n|move|p2a: Wo-Chien|Giga Drain|p1a: Komala\n|-damage|p1a: Komala|15/260\n|-heal|p2a: Wo-Chien|54/277|[from] drain|[of] p1a: Komala\n|\n|-heal|p2a: Wo-Chien|71/277|[from] item: Leftovers\n|upkeep\n|turn|28\n|inactive|hibye721 has 120 seconds left.\n|\n|t:|1733836747\n|switch|p2a: Dewgong|Dewgong, L94, M|248/322 brn\n|-damage|p2a: Dewgong|195/322 brn|[from] Spikes\n|-damage|p2a: Dewgong|115/322 brn|[from] Stealth Rock\n|move|p1a: Komala|Earthquake|p2a: Dewgong\n|-damage|p2a: Dewgong|31/322 brn\n|\n|-damage|p2a: Dewgong|11/322 brn|[from] brn\n|upkeep\n|turn|29\n|\n|t:|1733836761\n|move|p1a: Komala|Rapid Spin|p2a: Dewgong\n|-damage|p2a: Dewgong|0 fnt\n|-boost|p1a: Komala|spe|1\n|faint|p2a: Dewgong\n|\n|upkeep\n|c|\u2606okcool123|gg\n|c|\u2606okcool123|Have a nice say\n|c|\u2606okcool123|day\n|inactive|hibye721 has 90 seconds left.\n|-message|hibye721 forfeited.\n|\n|win|okcool123\n|raw|okcool123's rating: 1470 &rarr; <strong>1488</strong><br />(+18 for winning)\n|raw|hibye721's rating: 1431 &rarr; <strong>1413</strong><br />(-18 for losing)\n|l|\u2606hibye721\n|player|p2|\n", "inputlog": ">version bfd83cad13791eb5a5a409923076391caf6fb4d4\n>start {\"formatid\":\"gen9randombattle\",\"seed\":[6654,5086,41563,615],\"rated\":\"Rated battle\"}\n>player p1 {\"name\":\"okcool123\",\"avatar\":\"dragontamer\",\"rating\":1470,\"seed\":[7854,58159,49193,2159]}\n>player p2 {\"name\":\"hibye721\",\"avatar\":\"169\",\"rating\":1431,\"seed\":[51708,28494,43650,14794]}\n>p1 move knockoff\n>p2 move stealthrock\n>p1 switch 3\n>p2 move earthquake\n>p1 move steameruption\n>p2 switch 5\n>p1 switch 2\n>p2 move knockoff\n>p1 move thunderbolt\n>p2 move flipturn\n>p2 switch 6\n>p1 move voltswitch\n>p2 move leechseed\n>p1 switch 5\n>p1 move drainingkiss\n>p2 switch 3\n>p1 move psyshock\n>p2 move poisonjab\n>p2 switch 2\n>p1 move psyshock\n>p2 move torchsong\n>p1 switch 2\n>p1 move steameruption\n>p2 move hex\n>p2 switch 3\n>p1 switch 5\n>p2 move knockoff\n>p1 move icebeam\n>p2 move gigadrain\n>p1 switch 4\n>p1 move bodypress\n>p2 switch 5\n>p1 move spikes\n>p2 move earthquake\n>p1 move spikes\n>p2 move earthquake\n>p1 move stealthrock\n>p2 move earthquake\n>p1 move ironhead\n>p2 move earthquake\n>p1 move ironhead\n>p2 move earthquake\n>p1 switch 5\n>p1 move flamethrower\n>p2 move earthquake\n>p2 switch 4\n>p1 move flamethrower\n>p2 move bodypress\n>p2 switch 5\n>p1 move flamethrower\n>p2 move gigadrain\n>p1 switch 6\n>p1 move gigaimpact\n>p2 move leechseed terastallize\n>p1 move recharge\n>p2 move gigadrain\n>p1 switch 3\n>p2 move protect\n>p1 move rapidspin\n>p2 move leechseed\n>p1 move rapidspin\n>p2 move knockoff\n>p1 move earthquake\n>p2 move gigadrain\n>p1 move earthquake\n>p2 switch 6\n>p1 move rapidspin\n>p2 move surf\n>chat \u2606okcool123|gg\n>chat \u2606okcool123|Have a nice say\n>chat \u2606okcool123| day\n>forcelose p2", "uploadtime": 1733836803, "views": 4, "formatid": "gen9randombattle", "rating": 1413, "private": 0, "password": null}