{"id": "gen9randombattle-2193990839", "format": "[Gen 9] Random Battle", "players": ["MichaelderBesteVGC", "muddbud"], "log": "|badge|p1|silver|gen9randombattle|30-2\n|uhtml|medal-msg|<div class=\"broadcast-blue\">Curious what those medals under the avatar are? PS now has Ladder Seasons! For more information, check out the <a href=\"https://www.smogon.com/forums/threads/3740067/\">thread on Smogon.</a></div>\n|badge|p2|silver|gen9randombattle|30-2\n|uhtml|medal-msg|<div class=\"broadcast-blue\">Curious what those medals under the avatar are? PS now has Ladder Seasons! For more information, check out the <a href=\"https://www.smogon.com/forums/threads/3740067/\">thread on Smogon.</a></div>\n|j|\u2606MichaelderBesteVGC\n|j|\u2606muddbud\n|t:|1725401992\n|gametype|singles\n|player|p1|MichaelderBesteVGC|#vgcpliiizoruas|2428\n|player|p2|muddbud|265|2394\n|teamsize|p1|6\n|teamsize|p2|6\n|gen|9\n|tier|[Gen 9] Random Battle\n|rated|\n|rule|Species Clause: Limit one of each Pok\u00e9mon\n|rule|HP Percentage Mod: HP is shown in percentages\n|rule|Sleep Clause Mod: Limit one foe put to sleep\n|rule|Illusion Level Mod: Illusion disguises the Pok\u00e9mon's true level\n|\n|t:|1725401992\n|start\n|switch|p1a: Girafarig|Girafarig, L89, M|269/269\n|switch|p2a: Gurdurr|Gurdurr, L85, F|283/283\n|turn|1\n|\n|t:|1725402000\n|move|p1a: Girafarig|Psychic|p2a: Gurdurr\n|-supereffective|p2a: Gurdurr\n|-damage|p2a: Gurdurr|85/283\n|move|p2a: Gurdurr|Knock Off|p1a: Girafarig\n|-supereffective|p1a: Girafarig\n|-damage|p1a: Girafarig|143/269\n|-enditem|p1a: Girafarig|Eviolite|[from] move: Knock Off|[of] p2a: Gurdurr\n|\n|upkeep\n|turn|2\n|\n|t:|1725402005\n|switch|p2a: Scream Tail|Scream Tail, L84|330/330\n|move|p1a: Girafarig|Dazzling Gleam|p2a: Scream Tail\n|-damage|p2a: Scream Tail|283/330\n|\n|-heal|p2a: Scream Tail|303/330|[from] item: Leftovers\n|upkeep\n|turn|3\n|\n|t:|1725402014\n|switch|p1a: Dudunsparce|Dudunsparce, L82, M|339/339\n|move|p2a: Scream Tail|Dazzling Gleam|p1a: Dudunsparce\n|-crit|p1a: Dudunsparce\n|-damage|p1a: Dudunsparce|236/339\n|\n|-heal|p2a: Scream Tail|323/330|[from] item: Leftovers\n|-heal|p1a: Dudunsparce|257/339|[from] item: Leftovers\n|upkeep\n|turn|4\n|\n|t:|1725402031\n|-end|p2a: Scream Tail|Protosynthesis|[silent]\n|switch|p2a: Groudon|Groudon, L72|263/263\n|-weather|SunnyDay|[from] ability: Drought|[of] p2a: Groudon\n|move|p1a: Dudunsparce|Shadow Ball|p2a: Groudon\n|-damage|p2a: Groudon|202/263\n|\n|-weather|SunnyDay|[upkeep]\n|-heal|p2a: Groudon|218/263|[from] item: Leftovers\n|-heal|p1a: Dudunsparce|278/339|[from] item: Leftovers\n|upkeep\n|turn|5\n|inactive|Battle timer is ON: inactive players will automatically lose when time's up. (requested by MichaelderBesteVGC)\n|\n|t:|1725402071\n|move|p2a: Groudon|Swords Dance|p2a: Groudon\n|-boost|p2a: Groudon|atk|2\n|move|p1a: Dudunsparce|Boomburst|p2a: Groudon\n|-damage|p2a: Groudon|80/263\n|\n|-weather|SunnyDay|[upkeep]\n|-heal|p2a: Groudon|96/263|[from] item: Leftovers\n|-heal|p1a: Dudunsparce|299/339|[from] item: Leftovers\n|upkeep\n|turn|6\n|\n|t:|1725402082\n|switch|p1a: Girafarig|Girafarig, L89, M|143/269\n|move|p2a: Groudon|Precipice Blades|p1a: Girafarig|[miss]\n|-miss|p2a: Groudon|p1a: Girafarig\n|\n|-weather|SunnyDay|[upkeep]\n|-heal|p2a: Groudon|112/263|[from] item: Leftovers\n|upkeep\n|turn|7\n|\n|t:|1725402086\n|move|p1a: Girafarig|Psychic|p2a: Groudon\n|-damage|p2a: Groudon|0 fnt\n|faint|p2a: Groudon\n|\n|-weather|SunnyDay|[upkeep]\n|upkeep\n|\n|t:|1725402097\n|switch|p2a: Cinccino|Cinccino, L83, M|260/260\n|turn|8\n|\n|t:|1725402102\n|switch|p1a: Bastiodon|Bastiodon, L89, M|252/252\n|move|p2a: Cinccino|Tail Slap|p1a: Bastiodon\n|-resisted|p1a: Bastiodon\n|-damage|p1a: Bastiodon|247/252\n|-resisted|p1a: Bastiodon\n|-damage|p1a: Bastiodon|242/252\n|-resisted|p1a: Bastiodon\n|-damage|p1a: Bastiodon|236/252\n|-resisted|p1a: Bastiodon\n|-damage|p1a: Bastiodon|230/252\n|-hitcount|p1a: Bastiodon|4\n|\n|-weather|none\n|upkeep\n|turn|9\n|\n|t:|1725402108\n|switch|p2a: Gurdurr|Gurdurr, L85, F|85/283\n|move|p1a: Bastiodon|Body Press|p2a: Gurdurr\n|-damage|p2a: Gurdurr|23/283\n|\n|upkeep\n|turn|10\n|\n|t:|1725402115\n|switch|p1a: Garchomp|Garchomp, L74, M|282/282\n|move|p2a: Gurdurr|Drain Punch|p1a: Garchomp\n|-damage|p1a: Garchomp|185/282\n|-heal|p2a: Gurdurr|72/283|[from] drain|[of] p1a: Garchomp\n|-damage|p2a: Gurdurr|37/283|[from] ability: Rough Skin|[of] p1a: Garchomp\n|\n|upkeep\n|turn|11\n|\n|t:|1725402133\n|switch|p2a: Scream Tail|Scream Tail, L84|323/330\n|move|p1a: Garchomp|Earthquake|p2a: Scream Tail\n|-damage|p2a: Scream Tail|224/330\n|\n|-heal|p2a: Scream Tail|244/330|[from] item: Leftovers\n|upkeep\n|turn|12\n|\n|t:|1725402144\n|switch|p1a: Dudunsparce|Dudunsparce, L82, M|299/339\n|move|p2a: Scream Tail|Dazzling Gleam|p1a: Dudunsparce\n|-damage|p1a: Dudunsparce|224/339\n|\n|-heal|p2a: Scream Tail|264/330|[from] item: Leftovers\n|-heal|p1a: Dudunsparce|245/339|[from] item: Leftovers\n|upkeep\n|turn|13\n|\n|t:|1725402148\n|move|p2a: Scream Tail|Wish|p2a: Scream Tail\n|move|p1a: Dudunsparce|Boomburst|p2a: Scream Tail\n|-damage|p2a: Scream Tail|158/330\n|\n|-heal|p2a: Scream Tail|178/330|[from] item: Leftovers\n|-heal|p1a: Dudunsparce|266/339|[from] item: Leftovers\n|upkeep\n|turn|14\n|\n|t:|1725402153\n|move|p2a: Scream Tail|Dazzling Gleam|p1a: Dudunsparce\n|-damage|p1a: Dudunsparce|191/339\n|move|p1a: Dudunsparce|Calm Mind|p1a: Dudunsparce\n|-boost|p1a: Dudunsparce|spa|1\n|-boost|p1a: Dudunsparce|spd|1\n|\n|-heal|p2a: Scream Tail|330/330|[from] move: Wish|[wisher] Scream Tail\n|-heal|p1a: Dudunsparce|212/339|[from] item: Leftovers\n|upkeep\n|turn|15\n|\n|t:|1725402161\n|switch|p1a: Stonjourner|Stonjourner, L91, F|330/330\n|move|p2a: Scream Tail|Encore||[still]\n|-fail|p2a: Scream Tail\n|\n|upkeep\n|turn|16\n|\n|t:|1725402165\n|move|p2a: Scream Tail|Dazzling Gleam|p1a: Stonjourner\n|-damage|p1a: Stonjourner|179/330\n|move|p1a: Stonjourner|Stealth Rock|p2a: Scream Tail\n|-sidestart|p2: muddbud|move: Stealth Rock\n|\n|upkeep\n|turn|17\n|\n|t:|1725402177\n|switch|p1a: Dudunsparce|Dudunsparce, L82, M|212/339\n|move|p2a: Scream Tail|Dazzling Gleam|p1a: Dudunsparce\n|-damage|p1a: Dudunsparce|140/339\n|\n|-heal|p1a: Dudunsparce|161/339|[from] item: Leftovers\n|upkeep\n|turn|18\n|inactive|muddbud has 120 seconds left.\n|\n|t:|1725402230\n|move|p2a: Scream Tail|Dazzling Gleam|p1a: Dudunsparce\n|-damage|p1a: Dudunsparce|82/339\n|move|p1a: Dudunsparce|Roost|p1a: Dudunsparce\n|-heal|p1a: Dudunsparce|252/339\n|-singleturn|p1a: Dudunsparce|move: Roost\n|\n|-heal|p1a: Dudunsparce|273/339|[from] item: Leftovers\n|upkeep\n|turn|19\n|\n|t:|1725402240\n|switch|p1a: Bastiodon|Bastiodon, L89, M|230/252\n|move|p2a: Scream Tail|Wish|p2a: Scream Tail\n|\n|upkeep\n|turn|20\n|\n|t:|1725402265\n|-end|p2a: Scream Tail|Protosynthesis|[silent]\n|switch|p2a: Diancie|Diancie, L82|216/216\n|-damage|p2a: Diancie|189/216|[from] Stealth Rock\n|move|p1a: Bastiodon|Foul Play|p2a: Diancie\n|-resisted|p2a: Diancie\n|-damage|p2a: Diancie|164/216\n|\n|-heal|p2a: Diancie|216/216|[from] move: Wish|[wisher] Scream Tail\n|upkeep\n|turn|21\n|\n|t:|1725402273\n|switch|p1a: Dudunsparce|Dudunsparce, L82, M|273/339\n|move|p2a: Diancie|Calm Mind|p2a: Diancie\n|-boost|p2a: Diancie|spa|1\n|-boost|p2a: Diancie|spd|1\n|\n|-heal|p1a: Dudunsparce|294/339|[from] item: Leftovers\n|upkeep\n|turn|22\n|inactive|muddbud has 90 seconds left.\n|inactive|muddbud has 60 seconds left.\n|\n|t:|1725402348\n|switch|p1a: Stonjourner|Stonjourner, L91, F|179/330\n|switch|p2a: Gurdurr|Gurdurr, L85, F|37/283\n|-damage|p2a: Gurdurr|20/283|[from] Stealth Rock\n|\n|upkeep\n|turn|23\n|\n|t:|1725402354\n|move|p2a: Gurdurr|Mach Punch|p1a: Stonjourner\n|-supereffective|p1a: Stonjourner\n|-damage|p1a: Stonjourner|119/330\n|move|p1a: Stonjourner|Heat Crash|p2a: Gurdurr\n|-damage|p2a: Gurdurr|0 fnt\n|faint|p2a: Gurdurr\n|-damage|p1a: Stonjourner|86/330|[from] item: Life Orb\n|\n|upkeep\n|\n|t:|1725402362\n|switch|p2a: Thundurus|Thundurus, L80, M|258/258\n|turn|24\n|\n|t:|1725402369\n|switch|p1a: Garchomp|Garchomp, L74, M|185/282\n|move|p2a: Thundurus|Thunderbolt|p1a: Garchomp\n|-immune|p1a: Garchomp\n|\n|upkeep\n|turn|25\n|\n|t:|1725402380\n|switch|p2a: Scream Tail|Scream Tail, L84|330/330\n|-damage|p2a: Scream Tail|289/330|[from] Stealth Rock\n|move|p1a: Garchomp|Scale Shot|p2a: Scream Tail\n|-immune|p2a: Scream Tail\n|\n|-heal|p2a: Scream Tail|309/330|[from] item: Leftovers\n|upkeep\n|turn|26\n|\n|t:|1725402386\n|-end|p2a: Scream Tail|Protosynthesis|[silent]\n|switch|p2a: Diancie|Diancie, L82|216/216\n|-damage|p2a: Diancie|189/216|[from] Stealth Rock\n|switch|p1a: Dudunsparce|Dudunsparce, L82, M|294/339\n|\n|-heal|p1a: Dudunsparce|315/339|[from] item: Leftovers\n|-heal|p2a: Diancie|202/216|[from] item: Leftovers\n|upkeep\n|turn|27\n|\n|t:|1725402393\n|move|p1a: Dudunsparce|Calm Mind|p1a: Dudunsparce\n|-boost|p1a: Dudunsparce|spa|1\n|-boost|p1a: Dudunsparce|spd|1\n|move|p2a: Diancie|Diamond Storm|p1a: Dudunsparce\n|-damage|p1a: Dudunsparce|192/339\n|\n|-heal|p1a: Dudunsparce|213/339|[from] item: Leftovers\n|-heal|p2a: Diancie|215/216|[from] item: Leftovers\n|upkeep\n|turn|28\n|\n|t:|1725402399\n|switch|p2a: Scream Tail|Scream Tail, L84|309/330\n|-damage|p2a: Scream Tail|268/330|[from] Stealth Rock\n|move|p1a: Dudunsparce|Boomburst|p2a: Scream Tail\n|-damage|p2a: Scream Tail|105/330\n|\n|-heal|p2a: Scream Tail|125/330|[from] item: Leftovers\n|-heal|p1a: Dudunsparce|234/339|[from] item: Leftovers\n|upkeep\n|turn|29\n|\n|t:|1725402404\n|move|p2a: Scream Tail|Dazzling Gleam|p1a: Dudunsparce\n|-damage|p1a: Dudunsparce|180/339\n|move|p1a: Dudunsparce|Boomburst|p2a: Scream Tail\n|-damage|p2a: Scream Tail|0 fnt\n|faint|p2a: Scream Tail\n|-end|p2a: Scream Tail|Protosynthesis|[silent]\n|\n|-heal|p1a: Dudunsparce|201/339|[from] item: Leftovers\n|upkeep\n|inactive|muddbud has 90 seconds left.\n|\n|t:|1725402427\n|switch|p2a: Cinccino|Cinccino, L83, M|260/260\n|-damage|p2a: Cinccino|228/260|[from] Stealth Rock\n|turn|30\n|j| sadfqwrwqrwqr\n|\n|t:|1725402435\n|-terastallize|p1a: Dudunsparce|Ghost\n|move|p2a: Cinccino|Tidy Up|p2a: Cinccino\n|-sideend|p2: muddbud|Stealth Rock\n|-activate|p2a: Cinccino|move: Tidy Up\n|-boost|p2a: Cinccino|atk|1\n|-boost|p2a: Cinccino|spe|1\n|move|p1a: Dudunsparce|Boomburst|p2a: Cinccino\n|-damage|p2a: Cinccino|0 fnt\n|faint|p2a: Cinccino\n|\n|-heal|p1a: Dudunsparce|222/339|[from] item: Leftovers\n|upkeep\n|-message|muddbud forfeited.\n|\n|win|MichaelderBesteVGC\n|raw|MichaelderBesteVGC's rating: 2428 &rarr; <strong>2446</strong><br />(+18 for winning)\n|raw|muddbud's rating: 2394 &rarr; <strong>2376</strong><br />(-18 for losing)\n|l|\u2606muddbud\n|player|p2|\n|l|\u2606MichaelderBesteVGC\n|player|p1|\n|l| sadfqwrwqrwqr\n", "inputlog": ">version fb38517c27254f3634e2780c496b6b56e66c1790\n>start {\"formatid\":\"gen9randombattle\",\"seed\":[46299,59154,39921,65322],\"rated\":\"Rated battle\"}\n>player p1 {\"name\":\"MichaelderBesteVGC\",\"avatar\":\"#vgcpliiizoruas\",\"rating\":2428,\"seed\":[36623,52853,32343,45475]}\n>player p2 {\"name\":\"muddbud\",\"avatar\":\"265\",\"rating\":2394,\"seed\":[29233,1976,16302,51421]}\n>p1 move psychic\n>p2 move knockoff\n>p1 move dazzlinggleam\n>p2 switch 6\n>p1 switch 2\n>p2 move dazzlinggleam\n>p1 move shadowball\n>p2 switch 5\n>p1 move boomburst\n>p2 move swordsdance\n>p1 switch 2\n>p2 move precipiceblades\n>p1 move psychic\n>p2 move heatcrash\n>p2 switch 3\n>p1 switch 5\n>p2 move tailslap\n>p1 move bodypress\n>p2 switch 6\n>p1 switch 4\n>p2 move drainpunch\n>p1 move earthquake\n>p2 switch 5\n>p1 switch 2\n>p2 move dazzlinggleam\n>p1 move boomburst\n>p2 move wish\n>p1 move calmmind\n>p2 move dazzlinggleam\n>p1 switch 3\n>p2 move encore\n>p1 move stealthrock\n>p2 move dazzlinggleam\n>p1 switch 3\n>p2 move dazzlinggleam\n>p1 move roost\n>p2 move dazzlinggleam\n>p1 switch 4\n>p2 move wish\n>p1 move foulplay\n>p2 switch 2\n>p1 switch 4\n>p2 move calmmind\n>p1 switch 3\n>p2 switch 5\n>p1 move heatcrash\n>p2 move machpunch\n>p2 switch 4\n>p1 switch 2\n>p2 move thunderbolt\n>p1 move scaleshot\n>p2 switch 2\n>p1 switch 3\n>p2 switch 5\n>p1 move calmmind\n>p2 move diamondstorm\n>p1 move boomburst\n>p2 switch 5\n>p1 move boomburst\n>p2 move dazzlinggleam\n>p2 switch 6\n>p1 move boomburst terastallize\n>p2 move tidyup\n>forcelose p2", "uploadtime": 1725402506, "views": 133, "formatid": "gen9randombattle", "rating": 2376, "private": 0, "password": null}