{"id": "gen9randombattle-2260574103", "format": "[Gen 9] Random Battle", "players": ["Vivaldia", "Qcasso22"], "log": "|j|\u2606Vivaldia\n|j|\u2606Qcasso22\n|t:|1733865043\n|gametype|singles\n|player|p1|Vivaldia|hilbert|1310\n|player|p2|Qcasso22|169|1271\n|teamsize|p1|6\n|teamsize|p2|6\n|gen|9\n|tier|[Gen 9] Random Battle\n|rated|\n|rule|Species Clause: Limit one of each Pok\u00e9mon\n|rule|HP Percentage Mod: HP is shown in percentages\n|rule|Sleep Clause Mod: Limit one foe put to sleep\n|rule|Illusion Level Mod: Illusion disguises the Pok\u00e9mon's true level\n|\n|t:|1733865043\n|start\n|switch|p1a: Decidueye|Decidueye-Hisui, L87, M|295/295\n|switch|p2a: Chesnaught|Chesnaught, L84, M|285/285\n|turn|1\n|l|\u2606Qcasso22\n|player|p2|\n|j|\u2606Qcasso22\n|player|p2|Qcasso22|169|\n|inactive|Battle timer is ON: inactive players will automatically lose when time's up. (requested by Vivaldia)\n|\n|t:|1733865065\n|move|p2a: Chesnaught|Spikes|p1a: Decidueye\n|-sidestart|p1: Vivaldia|Spikes\n|move|p1a: Decidueye|Swords Dance|p1a: Decidueye\n|-boost|p1a: Decidueye|atk|2\n|\n|upkeep\n|turn|2\n|\n|t:|1733865078\n|move|p2a: Chesnaught|Spikes|p1a: Decidueye\n|-sidestart|p1: Vivaldia|Spikes\n|move|p1a: Decidueye|Triple Arrows|p2a: Chesnaught\n|-damage|p2a: Chesnaught|114/285\n|\n|upkeep\n|turn|3\n|\n|t:|1733865093\n|move|p2a: Chesnaught|Body Press|p1a: Decidueye\n|-damage|p1a: Decidueye|187/295\n|move|p1a: Decidueye|Triple Arrows|p2a: Chesnaught\n|-damage|p2a: Chesnaught|0 fnt\n|faint|p2a: Chesnaught\n|\n|-heal|p1a: Decidueye|205/295|[from] item: Leftovers\n|upkeep\n|\n|t:|1733865103\n|switch|p2a: Arcanine|Arcanine-Hisui, L80, F|283/283\n|turn|4\n|\n|t:|1733865119\n|move|p2a: Arcanine|Flare Blitz|p1a: Decidueye\n|-supereffective|p1a: Decidueye\n|-damage|p1a: Decidueye|0 fnt\n|faint|p1a: Decidueye\n|\n|upkeep\n|\n|t:|1733865124\n|switch|p1a: Kyogre|Kyogre, L71|259/259\n|-damage|p1a: Kyogre|216/259|[from] Spikes\n|-weather|RainDance|[from] ability: Drizzle|[of] p1a: Kyogre\n|turn|5\n|\n|t:|1733865132\n|switch|p2a: Amoonguss|Amoonguss, L82, F|321/321\n|move|p1a: Kyogre|Water Spout|p2a: Amoonguss\n|-resisted|p2a: Amoonguss\n|-damage|p2a: Amoonguss|213/321\n|\n|-weather|RainDance|[upkeep]\n|upkeep\n|turn|6\n|\n|t:|1733865143\n|-terastallize|p1a: Kyogre|Water\n|move|p1a: Kyogre|Water Spout|p2a: Amoonguss\n|-resisted|p2a: Amoonguss\n|-damage|p2a: Amoonguss|54/321\n|move|p2a: Amoonguss|Spore|p1a: Kyogre\n|-status|p1a: Kyogre|slp|[from] move: Spore\n|\n|-weather|RainDance|[upkeep]\n|upkeep\n|turn|7\n|\n|t:|1733865154\n|switch|p1a: Kingambit|Kingambit, L74, F|270/270\n|-damage|p1a: Kingambit|225/270|[from] Spikes\n|-activate|p1a: Kingambit|ability: Supreme Overlord\n|-start|p1a: Kingambit|fallen1|[silent]\n|move|p2a: Amoonguss|Giga Drain|p1a: Kingambit\n|-resisted|p1a: Kingambit\n|-damage|p1a: Kingambit|189/270\n|-heal|p2a: Amoonguss|72/321|[from] drain|[of] p1a: Kingambit\n|\n|-weather|RainDance|[upkeep]\n|-heal|p1a: Kingambit|205/270|[from] item: Leftovers\n|upkeep\n|turn|8\n|\n|t:|1733865189\n|switch|p2a: Kilowattrel|Kilowattrel, L83, M|252/252\n|move|p1a: Kingambit|Kowtow Cleave|p2a: Kilowattrel\n|-damage|p2a: Kilowattrel|110/252\n|\n|-weather|RainDance|[upkeep]\n|-heal|p1a: Kingambit|221/270|[from] item: Leftovers\n|upkeep\n|turn|9\n|\n|t:|1733865202\n|move|p2a: Kilowattrel|Thunder Wave|p1a: Kingambit\n|-status|p1a: Kingambit|par\n|move|p1a: Kingambit|Kowtow Cleave|p2a: Kilowattrel\n|-damage|p2a: Kilowattrel|0 fnt\n|faint|p2a: Kilowattrel\n|\n|-weather|none\n|-heal|p1a: Kingambit|237/270 par|[from] item: Leftovers\n|upkeep\n|inactive|Qcasso22 has 120 seconds left.\n|\n|t:|1733865217\n|switch|p2a: Basculegion|Basculegion-F, L83, F|335/335\n|turn|10\n|\n|t:|1733865233\n|-terastallize|p2a: Basculegion|Water\n|move|p2a: Basculegion|Hydro Pump|p1a: Kingambit\n|-damage|p1a: Kingambit|0 fnt\n|faint|p1a: Kingambit\n|-end|p1a: Kingambit|fallen1|[silent]\n|\n|upkeep\n|\n|t:|1733865241\n|switch|p1a: Kyogre|Kyogre, L71, tera:Water|216/259 slp\n|-damage|p1a: Kyogre|173/259 slp|[from] Spikes\n|-weather|RainDance|[from] ability: Drizzle|[of] p1a: Kyogre\n|turn|11\n|\n|t:|1733865247\n|switch|p2a: Amoonguss|Amoonguss, L82, F|179/321\n|cant|p1a: Kyogre|slp\n|\n|-weather|RainDance|[upkeep]\n|upkeep\n|turn|12\n|\n|t:|1733865260\n|cant|p1a: Kyogre|slp\n|move|p2a: Amoonguss|Giga Drain|p1a: Kyogre\n|-supereffective|p1a: Kyogre\n|-damage|p1a: Kyogre|59/259 slp\n|-heal|p2a: Amoonguss|236/321|[from] drain|[of] p1a: Kyogre\n|\n|-weather|RainDance|[upkeep]\n|upkeep\n|turn|13\n|\n|t:|1733865268\n|-curestatus|p1a: Kyogre|slp|[msg]\n|move|p1a: Kyogre|Origin Pulse|p2a: Amoonguss\n|-resisted|p2a: Amoonguss\n|-damage|p2a: Amoonguss|104/321\n|move|p2a: Amoonguss|Giga Drain|p1a: Kyogre\n|-supereffective|p1a: Kyogre\n|-crit|p1a: Kyogre\n|-damage|p1a: Kyogre|0 fnt\n|-heal|p2a: Amoonguss|134/321|[from] drain|[of] p1a: Kyogre\n|faint|p1a: Kyogre\n|\n|-weather|RainDance|[upkeep]\n|upkeep\n|\n|t:|1733865282\n|switch|p1a: Copperajah|Copperajah, L86, M|350/350\n|-damage|p1a: Copperajah|292/350|[from] Spikes\n|turn|14\n|\n|t:|1733865289\n|move|p1a: Copperajah|Iron Head|p2a: Amoonguss\n|-crit|p2a: Amoonguss\n|-damage|p2a: Amoonguss|0 fnt\n|-damage|p1a: Copperajah|234/350|[from] item: Rocky Helmet|[of] p2a: Amoonguss\n|faint|p2a: Amoonguss\n|\n|-weather|RainDance|[upkeep]\n|upkeep\n|\n|t:|1733865298\n|switch|p2a: Arcanine|Arcanine-Hisui, L80, F|283/283\n|turn|15\n|\n|t:|1733865304\n|move|p2a: Arcanine|Flare Blitz|p1a: Copperajah\n|-supereffective|p1a: Copperajah\n|-damage|p1a: Copperajah|90/350\n|move|p1a: Copperajah|Earthquake|p2a: Arcanine\n|-supereffective|p2a: Arcanine\n|-damage|p2a: Arcanine|0 fnt\n|faint|p2a: Arcanine\n|-damage|p1a: Copperajah|55/350|[from] item: Life Orb\n|\n|-weather|none\n|upkeep\n|\n|t:|1733865315\n|switch|p2a: Plusle|Plusle, L95, M|268/268\n|turn|16\n|\n|t:|1733865320\n|move|p2a: Plusle|Thunderbolt|p1a: Copperajah\n|-damage|p1a: Copperajah|0 fnt\n|faint|p1a: Copperajah\n|-damage|p2a: Plusle|242/268|[from] item: Life Orb\n|\n|upkeep\n|\n|t:|1733865328\n|switch|p1a: Slowking|Slowking-Galar, L85, M|300/300\n|-damage|p1a: Slowking|250/300|[from] Spikes\n|turn|17\n|\n|t:|1733865341\n|move|p2a: Plusle|Nasty Plot|p2a: Plusle\n|-boost|p2a: Plusle|spa|2\n|move|p1a: Slowking|Future Sight|p2a: Plusle\n|-start|p1a: Slowking|move: Future Sight\n|\n|upkeep\n|turn|18\n|\n|t:|1733865346\n|move|p2a: Plusle|Thunderbolt|p1a: Slowking\n|-damage|p1a: Slowking|78/300\n|-damage|p2a: Plusle|216/268|[from] item: Life Orb\n|move|p1a: Slowking|Sludge Bomb|p2a: Plusle\n|-damage|p2a: Plusle|108/268\n|\n|upkeep\n|turn|19\n|\n|t:|1733865357\n|switch|p1a: Regidrago|Regidrago, L77|435/435\n|-damage|p1a: Regidrago|363/435|[from] Spikes\n|move|p2a: Plusle|Thunderbolt|p1a: Regidrago\n|-resisted|p1a: Regidrago\n|-damage|p1a: Regidrago|149/435\n|-damage|p2a: Plusle|82/268|[from] item: Life Orb\n|\n|-end|p2a: Plusle|move: Future Sight\n|-damage|p2a: Plusle|0 fnt\n|faint|p2a: Plusle\n|upkeep\n|\n|t:|1733865368\n|switch|p2a: Basculegion|Basculegion-F, L83, F, tera:Water|335/335\n|turn|20\n|\n|t:|1733865382\n|move|p2a: Basculegion|Hydro Pump|p1a: Regidrago\n|-resisted|p1a: Regidrago\n|-damage|p1a: Regidrago|0 fnt\n|faint|p1a: Regidrago\n|\n|upkeep\n|\n|t:|1733865387\n|switch|p1a: Slowking|Slowking-Galar, L85, M|178/300\n|-damage|p1a: Slowking|128/300|[from] Spikes\n|turn|21\n|\n|t:|1733865395\n|move|p2a: Basculegion|Hydro Pump|p1a: Slowking\n|-damage|p1a: Slowking|0 fnt\n|faint|p1a: Slowking\n|\n|win|Qcasso22\n|raw|Vivaldia's rating: 1310 &rarr; <strong>1288</strong><br />(-22 for losing)\n|raw|Qcasso22's rating: 1271 &rarr; <strong>1299</strong><br />(+28 for winning)\n|l|\u2606Vivaldia\n|player|p1|\n", "inputlog": ">version bfd83cad13791eb5a5a409923076391caf6fb4d4\n>start {\"formatid\":\"gen9randombattle\",\"seed\":[14957,44923,12436,32667],\"rated\":\"Rated battle\"}\n>player p1 {\"name\":\"Vivaldia\",\"avatar\":\"hilbert\",\"rating\":1310,\"seed\":[33604,38438,2720,53]}\n>player p2 {\"name\":\"Qcasso22\",\"avatar\":\"169\",\"rating\":1271,\"seed\":[17680,50450,7705,49153]}\n>p1 move swordsdance\n>p2 move spikes\n>p1 move triplearrows\n>p2 move spikes\n>p1 move triplearrows\n>p2 move bodypress\n>p2 switch 4\n>p1 move triplearrows\n>p2 move flareblitz\n>p1 switch 3\n>p1 move waterspout\n>p2 switch 2\n>p1 move waterspout terastallize\n>p2 move spore\n>p1 switch 2\n>p2 move gigadrain\n>p1 move kowtowcleave\n>p2 switch 6\n>p1 move kowtowcleave\n>p2 move thunderwave\n>p2 switch 5\n>p1 move kowtowcleave\n>p2 move hydropump terastallize\n>p1 switch 2\n>p1 move thunder\n>p2 switch 6\n>p1 move originpulse\n>p2 move gigadrain\n>p1 move originpulse\n>p2 move gigadrain\n>p1 switch 4\n>p1 move ironhead\n>p2 move spore\n>p2 switch 2\n>p1 move earthquake\n>p2 move flareblitz\n>p2 switch 3\n>p1 move earthquake\n>p2 move thunderbolt\n>p1 switch 5\n>p1 move futuresight\n>p2 move nastyplot\n>p1 move sludgebomb\n>p2 move thunderbolt\n>p1 switch 6\n>p2 move thunderbolt\n>p2 switch 6\n>p1 move dragondance\n>p2 move hydropump\n>p1 switch 6\n>p1 move sludgebomb\n>p2 move hydropump", "uploadtime": 1733865401, "views": 3, "formatid": "gen9randombattle", "rating": 1288, "private": 0, "password": null}