{"id": "gen9randombattle-2260452401", "format": "[Gen 9] Random Battle", "players": ["CSomeoneH", "dutchman03"], "log": "|j|\u2606CSomeoneH\n|j|\u2606dutchman03\n|t:|1733852993\n|gametype|singles\n|player|p1|CSomeoneH|roxanne|1347\n|player|p2|dutchman03|266|1327\n|teamsize|p1|6\n|teamsize|p2|6\n|gen|9\n|tier|[Gen 9] Random Battle\n|rated|\n|rule|Species Clause: Limit one of each Pok\u00e9mon\n|rule|HP Percentage Mod: HP is shown in percentages\n|rule|Sleep Clause Mod: Limit one foe put to sleep\n|rule|Illusion Level Mod: Illusion disguises the Pok\u00e9mon's true level\n|\n|t:|1733852993\n|start\n|switch|p1a: Wugtrio|Wugtrio, L91, M|212/212\n|switch|p2a: Falinks|Falinks, L84|246/246\n|turn|1\n|inactive|Battle timer is ON: inactive players will automatically lose when time's up. (requested by CSomeoneH)\n|\n|t:|1733853009\n|switch|p2a: Barraskewda|Barraskewda, L81, F|231/231\n|move|p1a: Wugtrio|Liquidation|p2a: Barraskewda\n|-resisted|p2a: Barraskewda\n|-damage|p2a: Barraskewda|120/231\n|-unboost|p2a: Barraskewda|def|1\n|\n|upkeep\n|turn|2\n|\n|t:|1733853024\n|move|p1a: Wugtrio|Liquidation|p2a: Barraskewda\n|-resisted|p2a: Barraskewda\n|-damage|p2a: Barraskewda|0 fnt\n|faint|p2a: Barraskewda\n|\n|upkeep\n|\n|t:|1733853028\n|switch|p2a: Eiscue|Eiscue, L88, M|272/272\n|turn|3\n|\n|t:|1733853040\n|switch|p1a: Bellossom|Bellossom, L84, M|263/263\n|move|p2a: Eiscue|Belly Drum|p2a: Eiscue\n|-damage|p2a: Eiscue|136/272\n|-setboost|p2a: Eiscue|atk|6|[from] move: Belly Drum\n|\n|upkeep\n|turn|4\n|\n|t:|1733853046\n|-terastallize|p1a: Bellossom|Fire\n|move|p2a: Eiscue|Ice Spinner|p1a: Bellossom\n|-resisted|p1a: Bellossom\n|-damage|p1a: Bellossom|103/263\n|move|p1a: Bellossom|Tera Blast|p2a: Eiscue|[anim] Tera Blast Fire\n|-supereffective|p2a: Eiscue\n|-damage|p2a: Eiscue|0 fnt\n|faint|p2a: Eiscue\n|\n|-heal|p1a: Bellossom|119/263|[from] item: Leftovers\n|upkeep\n|\n|t:|1733853054\n|switch|p2a: Blaziken|Blaziken, L76, F|247/247\n|turn|5\n|c|\u2606CSomeoneH|ne'erlander\n|\n|t:|1733853073\n|switch|p2a: Falinks|Falinks, L84|246/246\n|move|p1a: Bellossom|Strength Sap|p2a: Falinks\n|-unboost|p2a: Falinks|atk|1\n|-ability|p2a: Falinks|Defiant|boost\n|-boost|p2a: Falinks|atk|2\n|-heal|p1a: Bellossom|263/263\n|\n|upkeep\n|turn|6\n|\n|t:|1733853087\n|move|p2a: Falinks|No Retreat|p2a: Falinks\n|-boost|p2a: Falinks|atk|1\n|-boost|p2a: Falinks|def|1\n|-boost|p2a: Falinks|spa|1\n|-boost|p2a: Falinks|spd|1\n|-boost|p2a: Falinks|spe|1\n|-start|p2a: Falinks|move: No Retreat\n|move|p1a: Bellossom|Quiver Dance|p1a: Bellossom\n|-boost|p1a: Bellossom|spa|1\n|-boost|p1a: Bellossom|spd|1\n|-boost|p1a: Bellossom|spe|1\n|\n|upkeep\n|turn|7\n|\n|t:|1733853103\n|move|p2a: Falinks|Close Combat|p1a: Bellossom\n|-damage|p1a: Bellossom|0 fnt\n|-unboost|p2a: Falinks|def|1\n|-unboost|p2a: Falinks|spd|1\n|faint|p1a: Bellossom\n|-damage|p2a: Falinks|222/246|[from] item: Life Orb\n|\n|upkeep\n|\n|t:|1733853109\n|switch|p1a: Wugtrio|Wugtrio, L91, M|212/212\n|turn|8\n|\n|t:|1733853125\n|move|p1a: Wugtrio|Liquidation|p2a: Falinks\n|-damage|p2a: Falinks|84/246\n|move|p2a: Falinks|Close Combat|p1a: Wugtrio\n|-damage|p1a: Wugtrio|0 fnt\n|-unboost|p2a: Falinks|def|1\n|-unboost|p2a: Falinks|spd|1\n|-ability|p1a: Wugtrio|Gooey\n|-unboost|p2a: Falinks|spe|1\n|-ability|p2a: Falinks|Defiant|boost\n|-boost|p2a: Falinks|atk|2\n|faint|p1a: Wugtrio\n|-damage|p2a: Falinks|60/246|[from] item: Life Orb\n|\n|upkeep\n|\n|t:|1733853143\n|switch|p1a: Honchkrow|Honchkrow, L86, M|312/312\n|turn|9\n|\n|t:|1733853147\n|move|p1a: Honchkrow|Sucker Punch|p2a: Falinks\n|-resisted|p2a: Falinks\n|-damage|p2a: Falinks|0 fnt\n|faint|p2a: Falinks\n|-ability|p1a: Honchkrow|Moxie|boost\n|-boost|p1a: Honchkrow|atk|1\n|\n|upkeep\n|\n|t:|1733853153\n|switch|p2a: Blaziken|Blaziken, L76, F|238/238\n|turn|10\n|\n|t:|1733853160\n|move|p2a: Blaziken|Sludge Bomb|p1a: Honchkrow\n|-damage|p1a: Honchkrow|165/312\n|-damage|p2a: Blaziken|215/238|[from] item: Life Orb\n|move|p1a: Honchkrow|Brave Bird|p2a: Blaziken\n|-damage|p2a: Blaziken|0 fnt\n|replace|p2a: Zoroark|Zoroark, L84, M\n|-end|p2a: Zoroark|Illusion\n|-hint|Illusion Level Mod is active, so this Pok\u00e9mon's true level was hidden.\n|faint|p2a: Zoroark\n|-ability|p1a: Honchkrow|Moxie|boost\n|-boost|p1a: Honchkrow|atk|1\n|-damage|p1a: Honchkrow|94/312|[from] Recoil\n|\n|upkeep\n|\n|t:|1733853180\n|switch|p2a: Arcanine|Arcanine-Hisui, L80, F|283/283\n|turn|11\n|\n|t:|1733853187\n|move|p2a: Arcanine|Extreme Speed|p1a: Honchkrow\n|-damage|p1a: Honchkrow|0 fnt\n|faint|p1a: Honchkrow\n|\n|upkeep\n|\n|t:|1733853199\n|switch|p1a: Piloswine|Piloswine, L85, F|309/309\n|turn|12\n|\n|t:|1733853207\n|switch|p2a: Blaziken|Blaziken, L76, F|247/247\n|move|p1a: Piloswine|Earthquake|p2a: Blaziken\n|-supereffective|p2a: Blaziken\n|-damage|p2a: Blaziken|0 fnt\n|faint|p2a: Blaziken\n|\n|upkeep\n|\n|t:|1733853210\n|switch|p2a: Arcanine|Arcanine-Hisui, L80, F|283/283\n|turn|13\n|\n|t:|1733853219\n|-terastallize|p2a: Arcanine|Fire\n|move|p2a: Arcanine|Flare Blitz|p1a: Piloswine\n|-supereffective|p1a: Piloswine\n|-damage|p1a: Piloswine|133/309\n|move|p1a: Piloswine|Earthquake|p2a: Arcanine\n|-supereffective|p2a: Arcanine\n|-damage|p2a: Arcanine|49/283\n|\n|upkeep\n|turn|14\n|\n|t:|1733853223\n|move|p1a: Piloswine|Ice Shard|p2a: Arcanine\n|-resisted|p2a: Arcanine\n|-crit|p2a: Arcanine\n|-damage|p2a: Arcanine|7/283\n|move|p2a: Arcanine|Flare Blitz|p1a: Piloswine\n|-supereffective|p1a: Piloswine\n|-damage|p1a: Piloswine|0 fnt\n|faint|p1a: Piloswine\n|\n|upkeep\n|\n|t:|1733853226\n|switch|p1a: Masquerain|Masquerain, L87, F|264/264\n|-ability|p1a: Masquerain|Intimidate|boost\n|-unboost|p2a: Arcanine|atk|1\n|turn|15\n|\n|t:|1733853230\n|move|p2a: Arcanine|Flare Blitz|p1a: Masquerain\n|-supereffective|p1a: Masquerain\n|-damage|p1a: Masquerain|0 fnt\n|faint|p1a: Masquerain\n|\n|upkeep\n|\n|t:|1733853232\n|switch|p1a: Mesprit|Mesprit, L85|275/275\n|turn|16\n|\n|t:|1733853236\n|move|p2a: Arcanine|Flare Blitz|p1a: Mesprit\n|-damage|p1a: Mesprit|119/275\n|move|p1a: Mesprit|Psychic|p2a: Arcanine\n|-damage|p2a: Arcanine|0 fnt\n|faint|p2a: Arcanine\n|\n|win|CSomeoneH\n|raw|CSomeoneH's rating: 1347 &rarr; <strong>1366</strong><br />(+19 for winning)\n|raw|dutchman03's rating: 1327 &rarr; <strong>1308</strong><br />(-19 for losing)\n", "inputlog": ">version bfd83cad13791eb5a5a409923076391caf6fb4d4\n>start {\"formatid\":\"gen9randombattle\",\"seed\":[52957,63969,6155,38533],\"rated\":\"Rated battle\"}\n>player p1 {\"name\":\"CSomeoneH\",\"avatar\":\"roxanne\",\"rating\":1347,\"seed\":[38188,22872,5460,59853]}\n>player p2 {\"name\":\"dutchman03\",\"avatar\":\"266\",\"rating\":1327,\"seed\":[8864,14777,4457,27686]}\n>p1 move liquidation\n>p2 switch 6\n>p1 move liquidation\n>p2 move closecombat\n>p2 switch 2\n>p1 switch 6\n>p2 move bellydrum\n>p1 move terablast terastallize\n>p2 move icespinner\n>p2 switch 3\n>chat \u2606CSomeoneH|ne'erlander\n>p1 move strengthsap\n>p2 switch 6\n>p1 move quiverdance\n>p2 move noretreat\n>p1 move gigadrain\n>p2 move closecombat\n>p1 switch 6\n>p1 move liquidation\n>p2 move closecombat\n>p1 switch 4\n>p1 move suckerpunch\n>p2 move ironhead\n>p2 switch 4\n>p1 move bravebird\n>p2 move sludgebomb\n>p2 switch 5\n>p1 move suckerpunch\n>p2 move extremespeed\n>p1 switch 3\n>p1 move earthquake\n>p2 switch 6\n>p2 switch 6\n>p1 move earthquake\n>p2 move flareblitz terastallize\n>p1 move iceshard\n>p2 move flareblitz\n>p1 switch 5\n>p1 move bugbuzz\n>p2 move flareblitz\n>p1 switch 2\n>p1 move psychic\n>p2 move flareblitz", "uploadtime": 1733853239, "views": 1, "formatid": "gen9randombattle", "rating": 1308, "private": 0, "password": null}