{"id": "gen9randombattle-2259925242", "format": "[Gen 9] Random Battle", "players": ["BigBossJnack", "guardian248"], "log": "|j|\u2606BigBossJnack\n|j|\u2606guardian248\n|t:|1733780600\n|gametype|singles\n|player|p1|BigBossJnack|102|2180\n|player|p2|guardian248|170|2271\n|teamsize|p1|6\n|teamsize|p2|6\n|gen|9\n|tier|[Gen 9] Random Battle\n|rated|\n|rule|Species Clause: Limit one of each Pok\u00e9mon\n|rule|HP Percentage Mod: HP is shown in percentages\n|rule|Sleep Clause Mod: Limit one foe put to sleep\n|rule|Illusion Level Mod: Illusion disguises the Pok\u00e9mon's true level\n|\n|t:|1733780600\n|start\n|switch|p1a: Altaria|Altaria, L88, F|275/275\n|switch|p2a: Alomomola|Alomomola, L87, M|429/429\n|turn|1\n|\n|t:|1733780616\n|switch|p1a: Mismagius|Mismagius, L86, F|243/243\n|move|p2a: Alomomola|Flip Turn|p1a: Mismagius\n|-damage|p1a: Mismagius|176/243\n|\n|t:|1733780627\n|switch|p2a: Chien-Pao|Chien-Pao, L72|234/234|[from] Flip Turn\n|-ability|p2a: Chien-Pao|Sword of Ruin\n|\n|upkeep\n|turn|2\n|\n|t:|1733780633\n|switch|p1a: Camerupt|Camerupt, L91, F|275/275\n|move|p2a: Chien-Pao|Crunch|p1a: Camerupt\n|-damage|p1a: Camerupt|122/275\n|\n|-heal|p1a: Camerupt|139/275|[from] item: Leftovers\n|upkeep\n|turn|3\n|\n|t:|1733780639\n|move|p2a: Chien-Pao|Crunch|p1a: Camerupt\n|-damage|p1a: Camerupt|0 fnt\n|faint|p1a: Camerupt\n|\n|upkeep\n|\n|t:|1733780643\n|switch|p1a: Honchkrow|Honchkrow, L86, F|312/312\n|turn|4\n|\n|t:|1733780650\n|switch|p2a: Alomomola|Alomomola, L87, M|429/429\n|move|p1a: Honchkrow|Heat Wave|p2a: Alomomola|[miss]\n|-miss|p1a: Honchkrow|p2a: Alomomola\n|\n|upkeep\n|turn|5\n|\n|t:|1733780655\n|move|p1a: Honchkrow|U-turn|p2a: Alomomola\n|-damage|p2a: Alomomola|360/429\n|\n|t:|1733780663\n|switch|p1a: Altaria|Altaria, L88, F|275/275|[from] U-turn\n|move|p2a: Alomomola|Flip Turn|p1a: Altaria\n|-resisted|p1a: Altaria\n|-damage|p1a: Altaria|248/275\n|\n|t:|1733780668\n|switch|p2a: Chien-Pao|Chien-Pao, L72|234/234|[from] Flip Turn\n|-ability|p2a: Chien-Pao|Sword of Ruin\n|\n|upkeep\n|turn|6\n|\n|t:|1733780675\n|-terastallize|p1a: Altaria|Steel\n|move|p2a: Chien-Pao|Icicle Crash|p1a: Altaria\n|-resisted|p1a: Altaria\n|-damage|p1a: Altaria|172/275\n|move|p1a: Altaria|Brave Bird|p2a: Chien-Pao\n|-damage|p2a: Chien-Pao|92/234\n|-damage|p1a: Altaria|125/275|[from] Recoil\n|\n|upkeep\n|turn|7\n|\n|t:|1733780684\n|switch|p2a: Alomomola|Alomomola, L87, M|429/429\n|move|p1a: Altaria|Roost|p1a: Altaria\n|-heal|p1a: Altaria|263/275\n|\n|upkeep\n|turn|8\n|\n|t:|1733780688\n|switch|p1a: Mismagius|Mismagius, L86, F|176/243\n|move|p2a: Alomomola|Flip Turn|p1a: Mismagius\n|-damage|p1a: Mismagius|107/243\n|\n|t:|1733780692\n|switch|p2a: Chien-Pao|Chien-Pao, L72|92/234|[from] Flip Turn\n|-ability|p2a: Chien-Pao|Sword of Ruin\n|\n|upkeep\n|turn|9\n|\n|t:|1733780696\n|move|p2a: Chien-Pao|Crunch|p1a: Mismagius\n|-supereffective|p1a: Mismagius\n|-damage|p1a: Mismagius|0 fnt\n|faint|p1a: Mismagius\n|\n|upkeep\n|\n|t:|1733780700\n|switch|p1a: Honchkrow|Honchkrow, L86, F|312/312\n|turn|10\n|\n|t:|1733780703\n|switch|p2a: Alomomola|Alomomola, L87, M|429/429\n|move|p1a: Honchkrow|Heat Wave|p2a: Alomomola\n|-resisted|p2a: Alomomola\n|-damage|p2a: Alomomola|374/429\n|\n|upkeep\n|turn|11\n|\n|t:|1733780706\n|move|p1a: Honchkrow|U-turn|p2a: Alomomola\n|-crit|p2a: Alomomola\n|-damage|p2a: Alomomola|266/429\n|\n|t:|1733780709\n|switch|p1a: Altaria|Altaria, L88, F, tera:Steel|263/275|[from] U-turn\n|move|p2a: Alomomola|Scald|p1a: Altaria\n|-damage|p1a: Altaria|218/275\n|\n|upkeep\n|turn|12\n|\n|t:|1733780715\n|switch|p1a: Espathra|Espathra, L80, M|283/283\n|move|p2a: Alomomola|Flip Turn|p1a: Espathra\n|-damage|p1a: Espathra|202/283\n|inactive|Battle timer is ON: inactive players will automatically lose when time's up. (requested by BigBossJnack)\n|\n|t:|1733780754\n|switch|p2a: Houndstone|Houndstone, L86, M|264/264|[from] Flip Turn\n|\n|-heal|p1a: Espathra|219/283|[from] item: Leftovers\n|upkeep\n|turn|13\n|\n|t:|1733780759\n|switch|p1a: Terapagos|Terapagos, L76, M|262/262\n|-activate|p1a: Terapagos|ability: Tera Shift\n|detailschange|p1a: Terapagos|Terapagos-Terastal, L76, M\n|-heal|p1a: Terapagos|269/269|[silent]\n|move|p2a: Houndstone|Poltergeist|p1a: Terapagos\n|-immune|p1a: Terapagos\n|\n|upkeep\n|turn|14\n|\n|t:|1733780770\n|move|p1a: Terapagos|Calm Mind|p1a: Terapagos\n|-boost|p1a: Terapagos|spa|1\n|-boost|p1a: Terapagos|spd|1\n|move|p2a: Houndstone|Body Press|p1a: Terapagos\n|-activate|p1a: Terapagos|ability: Tera Shell\n|-resisted|p1a: Terapagos\n|-damage|p1a: Terapagos|241/269\n|\n|upkeep\n|turn|15\n|\n|t:|1733780783\n|-terastallize|p2a: Houndstone|Fighting\n|move|p1a: Terapagos|Calm Mind|p1a: Terapagos\n|-boost|p1a: Terapagos|spa|1\n|-boost|p1a: Terapagos|spd|1\n|move|p2a: Houndstone|Body Press|p1a: Terapagos\n|-supereffective|p1a: Terapagos\n|-damage|p1a: Terapagos|71/269\n|\n|upkeep\n|turn|16\n|\n|t:|1733780787\n|move|p1a: Terapagos|Rest|p1a: Terapagos\n|-status|p1a: Terapagos|slp|[from] move: Rest\n|-heal|p1a: Terapagos|269/269 slp|[silent]\n|-enditem|p1a: Terapagos|Chesto Berry|[eat]\n|-curestatus|p1a: Terapagos|slp|[msg]\n|move|p2a: Houndstone|Body Press|p1a: Terapagos\n|-activate|p1a: Terapagos|ability: Tera Shell\n|-resisted|p1a: Terapagos\n|-damage|p1a: Terapagos|226/269\n|\n|upkeep\n|turn|17\n|\n|t:|1733780793\n|move|p1a: Terapagos|Tera Starstorm|p2a: Houndstone\n|-damage|p2a: Houndstone|56/264\n|move|p2a: Houndstone|Body Press|p1a: Terapagos\n|-supereffective|p1a: Terapagos\n|-damage|p1a: Terapagos|46/269\n|\n|-heal|p2a: Houndstone|72/264|[from] item: Leftovers\n|upkeep\n|turn|18\n|\n|t:|1733780798\n|move|p1a: Terapagos|Tera Starstorm|p2a: Houndstone\n|-damage|p2a: Houndstone|0 fnt\n|faint|p2a: Houndstone\n|\n|upkeep\n|inactive|guardian248 has 120 seconds left.\n|\n|t:|1733780833\n|switch|p2a: Chien-Pao|Chien-Pao, L72|92/234\n|-ability|p2a: Chien-Pao|Sword of Ruin\n|turn|19\n|\n|t:|1733780838\n|move|p2a: Chien-Pao|Crunch|p1a: Terapagos\n|-damage|p1a: Terapagos|0 fnt\n|faint|p1a: Terapagos\n|\n|upkeep\n|\n|t:|1733780840\n|switch|p1a: Honchkrow|Honchkrow, L86, F|312/312\n|turn|20\n|\n|t:|1733780842\n|switch|p2a: Alomomola|Alomomola, L87, M|409/429\n|move|p1a: Honchkrow|U-turn|p2a: Alomomola\n|-damage|p2a: Alomomola|338/429\n|\n|t:|1733780844\n|switch|p1a: Espathra|Espathra, L80, M|219/283|[from] U-turn\n|\n|-heal|p1a: Espathra|236/283|[from] item: Leftovers\n|upkeep\n|turn|21\n|\n|t:|1733780848\n|move|p1a: Espathra|Calm Mind|p1a: Espathra\n|-boost|p1a: Espathra|spa|1\n|-boost|p1a: Espathra|spd|1\n|move|p2a: Alomomola|Flip Turn|p1a: Espathra\n|-damage|p1a: Espathra|163/283\n|\n|t:|1733780859\n|switch|p2a: Iron Crown|Iron Crown, L78|268/268|[from] Flip Turn\n|\n|-heal|p1a: Espathra|180/283|[from] item: Leftovers\n|-ability|p1a: Espathra|Speed Boost|boost\n|-boost|p1a: Espathra|spe|1\n|upkeep\n|turn|22\n|\n|t:|1733780868\n|move|p1a: Espathra|Calm Mind|p1a: Espathra\n|-boost|p1a: Espathra|spa|1\n|-boost|p1a: Espathra|spd|1\n|move|p2a: Iron Crown|Psyshock|p1a: Espathra\n|-resisted|p1a: Espathra\n|-damage|p1a: Espathra|86/283\n|\n|-heal|p1a: Espathra|103/283|[from] item: Leftovers\n|-ability|p1a: Espathra|Speed Boost|boost\n|-boost|p1a: Espathra|spe|1\n|upkeep\n|turn|23\n|\n|t:|1733780871\n|move|p1a: Espathra|Roost|p1a: Espathra\n|-heal|p1a: Espathra|245/283\n|-singleturn|p1a: Espathra|move: Roost\n|move|p2a: Iron Crown|Psyshock|p1a: Espathra\n|-resisted|p1a: Espathra\n|-damage|p1a: Espathra|154/283\n|\n|-heal|p1a: Espathra|171/283|[from] item: Leftovers\n|-ability|p1a: Espathra|Speed Boost|boost\n|-boost|p1a: Espathra|spe|1\n|upkeep\n|turn|24\n|\n|t:|1733780877\n|move|p1a: Espathra|Roost|p1a: Espathra\n|-heal|p1a: Espathra|283/283\n|-singleturn|p1a: Espathra|move: Roost\n|move|p2a: Iron Crown|Psyshock|p1a: Espathra\n|-resisted|p1a: Espathra\n|-damage|p1a: Espathra|196/283\n|\n|-heal|p1a: Espathra|213/283|[from] item: Leftovers\n|-ability|p1a: Espathra|Speed Boost|boost\n|-boost|p1a: Espathra|spe|1\n|upkeep\n|turn|25\n|\n|t:|1733780881\n|move|p1a: Espathra|Calm Mind|p1a: Espathra\n|-boost|p1a: Espathra|spa|1\n|-boost|p1a: Espathra|spd|1\n|move|p2a: Iron Crown|Psyshock|p1a: Espathra\n|-resisted|p1a: Espathra\n|-damage|p1a: Espathra|117/283\n|\n|-heal|p1a: Espathra|134/283|[from] item: Leftovers\n|-ability|p1a: Espathra|Speed Boost|boost\n|-boost|p1a: Espathra|spe|1\n|upkeep\n|turn|26\n|\n|t:|1733780883\n|move|p1a: Espathra|Roost|p1a: Espathra\n|-heal|p1a: Espathra|276/283\n|-singleturn|p1a: Espathra|move: Roost\n|move|p2a: Iron Crown|Psyshock|p1a: Espathra\n|-resisted|p1a: Espathra\n|-damage|p1a: Espathra|183/283\n|\n|-heal|p1a: Espathra|200/283|[from] item: Leftovers\n|-ability|p1a: Espathra|Speed Boost|boost\n|-boost|p1a: Espathra|spe|1\n|upkeep\n|turn|27\n|\n|t:|1733780889\n|move|p1a: Espathra|Stored Power|p2a: Iron Crown\n|-resisted|p2a: Iron Crown\n|-damage|p2a: Iron Crown|131/268\n|move|p2a: Iron Crown|Psyshock|p1a: Espathra\n|-resisted|p1a: Espathra\n|-damage|p1a: Espathra|101/283\n|\n|-heal|p1a: Espathra|118/283|[from] item: Leftovers\n|upkeep\n|turn|28\n|\n|t:|1733780891\n|move|p1a: Espathra|Roost|p1a: Espathra\n|-heal|p1a: Espathra|260/283\n|-singleturn|p1a: Espathra|move: Roost\n|move|p2a: Iron Crown|Psyshock|p1a: Espathra\n|-resisted|p1a: Espathra\n|-damage|p1a: Espathra|173/283\n|\n|-heal|p1a: Espathra|190/283|[from] item: Leftovers\n|upkeep\n|turn|29\n|\n|t:|1733780895\n|move|p1a: Espathra|Stored Power|p2a: Iron Crown\n|-resisted|p2a: Iron Crown\n|-damage|p2a: Iron Crown|0 fnt\n|faint|p2a: Iron Crown\n|-end|p2a: Iron Crown|Quark Drive|[silent]\n|\n|-heal|p1a: Espathra|207/283|[from] item: Leftovers\n|upkeep\n|\n|t:|1733780898\n|switch|p2a: Chien-Pao|Chien-Pao, L72|92/234\n|-ability|p2a: Chien-Pao|Sword of Ruin\n|turn|30\n|\n|t:|1733780905\n|move|p2a: Chien-Pao|Ice Shard|p1a: Espathra\n|-damage|p1a: Espathra|110/283\n|move|p1a: Espathra|Dazzling Gleam|p2a: Chien-Pao\n|-supereffective|p2a: Chien-Pao\n|-damage|p2a: Chien-Pao|0 fnt\n|faint|p2a: Chien-Pao\n|\n|-heal|p1a: Espathra|127/283|[from] item: Leftovers\n|upkeep\n|c|\u2606guardian248|sick mon\n|-message|guardian248 forfeited.\n|\n|win|BigBossJnack\n|raw|BigBossJnack's rating: 2180 &rarr; <strong>2205</strong><br />(+25 for winning)\n|raw|guardian248's rating: 2271 &rarr; <strong>2246</strong><br />(-25 for losing)\n|c|\u2606BigBossJnack|pretty dope\n", "inputlog": ">version bfd83cad13791eb5a5a409923076391caf6fb4d4\n>start {\"formatid\":\"gen9randombattle\",\"seed\":[59915,4177,14228,44328],\"rated\":\"Rated battle\"}\n>player p1 {\"name\":\"BigBossJnack\",\"avatar\":\"102\",\"rating\":2180,\"seed\":[21396,8307,27529,44282]}\n>player p2 {\"name\":\"guardian248\",\"avatar\":\"170\",\"rating\":2271,\"seed\":[50974,35251,25687,19714]}\n>p1 switch 2\n>p2 move flipturn\n>p2 switch 5\n>p1 switch 3\n>p2 move crunch\n>p1 move willowisp\n>p2 move crunch\n>p1 switch 5\n>p1 move heatwave\n>p2 switch 5\n>p1 move uturn\n>p2 move flipturn\n>p1 switch 2\n>p2 switch 5\n>p1 move bravebird terastallize\n>p2 move iciclecrash\n>p1 move roost\n>p2 switch 5\n>p1 switch 3\n>p2 move flipturn\n>p2 switch 5\n>p1 move trick\n>p2 move crunch\n>p1 switch 2\n>p1 move heatwave\n>p2 switch 5\n>p1 move uturn\n>p2 move scald\n>p1 switch 3\n>p1 switch 4\n>p2 move flipturn\n>p2 switch 6\n>p1 switch 6\n>p2 move poltergeist\n>p1 move calmmind\n>p2 move bodypress\n>p1 move calmmind\n>p2 move bodypress terastallize\n>p1 move rest\n>p2 move bodypress\n>p1 move terastarstorm\n>p2 move bodypress\n>p1 move terastarstorm\n>p2 move bodypress\n>p2 switch 5\n>p1 move earthpower\n>p2 move crunch\n>p1 switch 3\n>p1 move uturn\n>p2 switch 6\n>p1 switch 6\n>p1 move calmmind\n>p2 move flipturn\n>p2 switch 4\n>p1 move calmmind\n>p2 move psyshock\n>p1 move roost\n>p2 move psyshock\n>p1 move roost\n>p2 move psyshock\n>p1 move calmmind\n>p2 move psyshock\n>p1 move roost\n>p2 move psyshock\n>p1 move storedpower\n>p2 move psyshock\n>p1 move roost\n>p2 move psyshock\n>p1 move storedpower\n>p2 move psyshock\n>p2 switch 6\n>p1 move dazzlinggleam\n>p2 move iceshard\n>chat \u2606guardian248|sick mon\n>forcelose p2", "uploadtime": 1733780925, "views": 1, "formatid": "gen9randombattle", "rating": 2205, "private": 0, "password": null}