{"id": "gen9randombattle-2259976378", "format": "[Gen 9] Random Battle", "players": ["dr4conic", "tz200"], "log": "|j|\u2606dr4conic\n|j|\u2606tz200\n|t:|1733786509\n|gametype|singles\n|player|p1|dr4conic|veteran|1476\n|player|p2|tz200|1|1524\n|teamsize|p1|6\n|teamsize|p2|6\n|gen|9\n|tier|[Gen 9] Random Battle\n|rated|\n|rule|Species Clause: Limit one of each Pok\u00e9mon\n|rule|HP Percentage Mod: HP is shown in percentages\n|rule|Sleep Clause Mod: Limit one foe put to sleep\n|rule|Illusion Level Mod: Illusion disguises the Pok\u00e9mon's true level\n|\n|t:|1733786509\n|start\n|switch|p1a: Gholdengo|Gholdengo, L77|261/261\n|switch|p2a: Gallade|Gallade, L81, M|243/243\n|turn|1\n|inactive|Battle timer is ON: inactive players will automatically lose when time's up. (requested by tz200)\n|inactive|tz200 has 120 seconds left.\n|\n|t:|1733786541\n|switch|p2a: Zangoose|Zangoose, L85, F|263/263\n|move|p1a: Gholdengo|Shadow Ball|p2a: Zangoose\n|-immune|p2a: Zangoose\n|\n|-status|p2a: Zangoose|tox|[from] item: Toxic Orb\n|upkeep\n|turn|2\n|\n|t:|1733786553\n|move|p2a: Zangoose|Knock Off|p1a: Gholdengo\n|-supereffective|p1a: Gholdengo\n|-crit|p1a: Gholdengo\n|-damage|p1a: Gholdengo|0 fnt\n|-enditem|p1a: Gholdengo|Leftovers|[from] move: Knock Off|[of] p2a: Zangoose\n|faint|p1a: Gholdengo\n|\n|-damage|p2a: Zangoose|247/263 tox|[from] psn\n|upkeep\n|\n|t:|1733786573\n|switch|p1a: Quagsire|Quagsire, L84, F|297/297\n|turn|3\n|\n|t:|1733786598\n|-terastallize|p2a: Zangoose|Normal\n|move|p2a: Zangoose|Facade|p1a: Quagsire\n|-damage|p1a: Quagsire|0 fnt\n|faint|p1a: Quagsire\n|\n|-damage|p2a: Zangoose|215/263 tox|[from] psn\n|upkeep\n|\n|t:|1733786612\n|switch|p1a: Leafeon|Leafeon, L88, F|258/258\n|turn|4\n|\n|t:|1733786622\n|switch|p2a: Skarmory|Skarmory, L80, F|235/235\n|move|p1a: Leafeon|Substitute|p1a: Leafeon\n|-start|p1a: Leafeon|Substitute\n|-damage|p1a: Leafeon|194/258\n|\n|-heal|p1a: Leafeon|210/258|[from] item: Leftovers\n|upkeep\n|turn|5\n|\n|t:|1733786633\n|switch|p1a: Sableye|Sableye, L89, F|234/234\n|move|p2a: Skarmory|Iron Defense|p2a: Skarmory\n|-boost|p2a: Skarmory|def|2\n|\n|upkeep\n|turn|6\n|\n|t:|1733786659\n|switch|p2a: Zangoose|Zangoose, L85, F, tera:Normal|215/263 tox\n|move|p1a: Sableye|Knock Off|p2a: Zangoose\n|-damage|p2a: Zangoose|92/263 tox\n|-enditem|p2a: Zangoose|Toxic Orb|[from] move: Knock Off|[of] p1a: Sableye\n|\n|-damage|p2a: Zangoose|76/263 tox|[from] psn\n|upkeep\n|turn|7\n|\n|t:|1733786683\n|move|p2a: Zangoose|Knock Off|p1a: Sableye\n|-damage|p1a: Sableye|106/234\n|-enditem|p1a: Sableye|Leftovers|[from] move: Knock Off|[of] p2a: Zangoose\n|move|p1a: Sableye|Knock Off|p2a: Zangoose\n|-damage|p2a: Zangoose|0 fnt\n|faint|p2a: Zangoose\n|\n|upkeep\n|\n|t:|1733786696\n|switch|p2a: Pachirisu|Pachirisu, L96, F|271/271\n|turn|8\n|\n|t:|1733786705\n|switch|p1a: Leafeon|Leafeon, L88, F|210/258\n|move|p2a: Pachirisu|Thunderbolt|p1a: Leafeon\n|-resisted|p1a: Leafeon\n|-crit|p1a: Leafeon\n|-damage|p1a: Leafeon|146/258\n|\n|-heal|p1a: Leafeon|162/258|[from] item: Leftovers\n|upkeep\n|turn|9\n|\n|t:|1733786714\n|switch|p1a: Sableye|Sableye, L89, F|106/234\n|move|p2a: Pachirisu|Super Fang|p1a: Sableye\n|-immune|p1a: Sableye\n|\n|upkeep\n|turn|10\n|\n|t:|1733786724\n|move|p1a: Sableye|Encore|p2a: Pachirisu\n|-start|p2a: Pachirisu|Encore\n|move|p2a: Pachirisu|Super Fang|p1a: Sableye\n|-immune|p1a: Sableye\n|\n|upkeep\n|turn|11\n|\n|t:|1733786733\n|switch|p2a: Skarmory|Skarmory, L80, F|235/235\n|move|p1a: Sableye|Recover|p1a: Sableye\n|-heal|p1a: Sableye|223/234\n|\n|upkeep\n|turn|12\n|\n|t:|1733786743\n|switch|p2a: Pachirisu|Pachirisu, L96, F|271/271\n|move|p1a: Sableye|Encore||[still]\n|-fail|p1a: Sableye\n|\n|upkeep\n|turn|13\n|\n|t:|1733786758\n|switch|p1a: Leafeon|Leafeon, L88, F|162/258\n|move|p2a: Pachirisu|Thunderbolt|p1a: Leafeon\n|-resisted|p1a: Leafeon\n|-damage|p1a: Leafeon|120/258\n|\n|-heal|p1a: Leafeon|136/258|[from] item: Leftovers\n|upkeep\n|turn|14\n|\n|t:|1733786768\n|move|p2a: Pachirisu|Nuzzle|p1a: Leafeon\n|-resisted|p1a: Leafeon\n|-damage|p1a: Leafeon|130/258\n|-status|p1a: Leafeon|par\n|move|p1a: Leafeon|Leaf Blade|p2a: Pachirisu\n|-damage|p2a: Pachirisu|147/271\n|\n|-heal|p1a: Leafeon|146/258 par|[from] item: Leftovers\n|upkeep\n|turn|15\n|\n|t:|1733786779\n|move|p2a: Pachirisu|U-turn|p1a: Leafeon\n|-supereffective|p1a: Leafeon\n|-damage|p1a: Leafeon|90/258 par\n|\n|t:|1733786785\n|switch|p2a: Beartic|Beartic, L91, F|321/321|[from] U-turn\n|cant|p1a: Leafeon|par\n|\n|-heal|p1a: Leafeon|106/258 par|[from] item: Leftovers\n|upkeep\n|turn|16\n|\n|t:|1733786796\n|move|p2a: Beartic|Swords Dance|p2a: Beartic\n|-boost|p2a: Beartic|atk|2\n|move|p1a: Leafeon|Double-Edge|p2a: Beartic\n|-damage|p2a: Beartic|218/321\n|-damage|p1a: Leafeon|72/258 par|[from] Recoil\n|\n|-heal|p1a: Leafeon|88/258 par|[from] item: Leftovers\n|upkeep\n|turn|17\n|\n|t:|1733786805\n|move|p2a: Beartic|Icicle Crash|p1a: Leafeon\n|-supereffective|p1a: Leafeon\n|-damage|p1a: Leafeon|0 fnt\n|faint|p1a: Leafeon\n|\n|upkeep\n|\n|t:|1733786822\n|switch|p1a: Zangoose|Zangoose, L85, F|263/263\n|turn|18\n|\n|t:|1733786829\n|move|p1a: Zangoose|Close Combat|p2a: Beartic\n|-supereffective|p2a: Beartic\n|-damage|p2a: Beartic|30/321\n|-unboost|p1a: Zangoose|def|1\n|-unboost|p1a: Zangoose|spd|1\n|move|p2a: Beartic|Icicle Crash|p1a: Zangoose\n|-damage|p1a: Zangoose|0 fnt\n|faint|p1a: Zangoose\n|\n|upkeep\n|\n|t:|1733786844\n|switch|p1a: Braviary|Braviary-Hisui, L85, M|326/326\n|turn|19\n|\n|t:|1733786851\n|move|p1a: Braviary|Esper Wing|p2a: Beartic\n|-damage|p2a: Beartic|0 fnt\n|-boost|p1a: Braviary|spe|1\n|faint|p2a: Beartic\n|\n|upkeep\n|\n|t:|1733786856\n|switch|p2a: Pachirisu|Pachirisu, L96, F|147/271\n|turn|20\n|\n|t:|1733786861\n|move|p1a: Braviary|Esper Wing|p2a: Pachirisu\n|-damage|p2a: Pachirisu|86/271\n|-boost|p1a: Braviary|spe|1\n|move|p2a: Pachirisu|Thunderbolt|p1a: Braviary\n|-supereffective|p1a: Braviary\n|-damage|p1a: Braviary|140/326\n|\n|upkeep\n|turn|21\n|\n|t:|1733786876\n|-terastallize|p1a: Braviary|Fairy\n|move|p1a: Braviary|Esper Wing|p2a: Pachirisu\n|-damage|p2a: Pachirisu|29/271\n|-boost|p1a: Braviary|spe|1\n|move|p2a: Pachirisu|Thunderbolt|p1a: Braviary\n|-damage|p1a: Braviary|61/326\n|\n|upkeep\n|turn|22\n|\n|t:|1733786887\n|move|p1a: Braviary|Esper Wing|p2a: Pachirisu\n|-damage|p2a: Pachirisu|0 fnt\n|-boost|p1a: Braviary|spe|1\n|faint|p2a: Pachirisu\n|\n|upkeep\n|\n|t:|1733786891\n|switch|p2a: Phione|Phione, L91|293/293\n|turn|23\n|\n|t:|1733786898\n|move|p1a: Braviary|Hurricane|p2a: Phione\n|-damage|p2a: Phione|149/293\n|-start|p2a: Phione|confusion\n|-activate|p2a: Phione|confusion\n|-damage|p2a: Phione|125/293|[from] confusion\n|\n|-heal|p2a: Phione|143/293|[from] item: Leftovers\n|upkeep\n|turn|24\n|\n|t:|1733786907\n|move|p1a: Braviary|Hurricane|p2a: Phione|[miss]\n|-miss|p1a: Braviary|p2a: Phione\n|-activate|p2a: Phione|confusion\n|move|p2a: Phione|Rest|p2a: Phione\n|-status|p2a: Phione|slp|[from] move: Rest\n|-heal|p2a: Phione|293/293 slp|[silent]\n|\n|upkeep\n|turn|25\n|\n|t:|1733786915\n|switch|p2a: Skarmory|Skarmory, L80, F|235/235\n|move|p1a: Braviary|Roost|p1a: Braviary\n|-heal|p1a: Braviary|224/326\n|\n|upkeep\n|turn|26\n|\n|t:|1733786935\n|move|p1a: Braviary|Hurricane|p2a: Skarmory\n|-resisted|p2a: Skarmory\n|-damage|p2a: Skarmory|79/235\n|move|p2a: Skarmory|Brave Bird|p1a: Braviary\n|-damage|p1a: Braviary|106/326\n|-damage|p2a: Skarmory|40/235|[from] Recoil\n|\n|-heal|p2a: Skarmory|54/235|[from] item: Leftovers\n|upkeep\n|turn|27\n|\n|t:|1733786945\n|move|p1a: Braviary|Hurricane|p2a: Skarmory\n|-resisted|p2a: Skarmory\n|-damage|p2a: Skarmory|0 fnt\n|faint|p2a: Skarmory\n|\n|upkeep\n|\n|t:|1733786949\n|switch|p2a: Gallade|Gallade, L81, M|243/243\n|turn|28\n|\n|t:|1733786953\n|move|p1a: Braviary|Hurricane|p2a: Gallade|[miss]\n|-miss|p1a: Braviary|p2a: Gallade\n|move|p2a: Gallade|Psycho Cut|p1a: Braviary\n|-crit|p1a: Braviary\n|-damage|p1a: Braviary|0 fnt\n|faint|p1a: Braviary\n|-damage|p2a: Gallade|219/243|[from] item: Life Orb\n|\n|upkeep\n|\n|t:|1733786961\n|switch|p1a: Sableye|Sableye, L89, F|223/234\n|turn|29\n|\n|t:|1733786967\n|move|p1a: Sableye|Thunder Wave|p2a: Gallade\n|-status|p2a: Gallade|par\n|cant|p2a: Gallade|par\n|\n|upkeep\n|turn|30\n|\n|t:|1733786977\n|move|p1a: Sableye|Knock Off|p2a: Gallade\n|-damage|p2a: Gallade|93/243 par\n|-enditem|p2a: Gallade|Life Orb|[from] move: Knock Off|[of] p1a: Sableye\n|move|p2a: Gallade|Night Slash|p1a: Sableye\n|-damage|p1a: Sableye|126/234\n|\n|upkeep\n|turn|31\n|\n|t:|1733786984\n|move|p1a: Sableye|Knock Off|p2a: Gallade\n|-damage|p2a: Gallade|15/243 par\n|cant|p2a: Gallade|par\n|\n|upkeep\n|turn|32\n|\n|t:|1733786990\n|move|p1a: Sableye|Knock Off|p2a: Gallade\n|-damage|p2a: Gallade|0 fnt\n|faint|p2a: Gallade\n|\n|upkeep\n|\n|t:|1733786996\n|switch|p2a: Phione|Phione, L91|293/293 slp\n|turn|33\n|\n|t:|1733786999\n|move|p1a: Sableye|Recover|p1a: Sableye\n|-heal|p1a: Sableye|234/234\n|cant|p2a: Phione|slp\n|move|p2a: Phione|Sleep Talk|p2a: Phione\n|move|p2a: Phione|Rest||[from]move: Sleep Talk|[still]\n|-fail|p2a: Phione\n|\n|upkeep\n|turn|34\n|\n|t:|1733787009\n|cant|p2a: Phione|slp\n|move|p2a: Phione|Sleep Talk|p2a: Phione\n|move|p2a: Phione|Take Heart|p2a: Phione|[from]move: Sleep Talk\n|-boost|p2a: Phione|spa|1\n|-boost|p2a: Phione|spd|1\n|-curestatus|p2a: Phione|slp|[msg]\n|move|p1a: Sableye|Knock Off|p2a: Phione\n|-damage|p2a: Phione|193/293\n|-enditem|p2a: Phione|Leftovers|[from] move: Knock Off|[of] p1a: Sableye\n|\n|upkeep\n|turn|35\n|\n|t:|1733787027\n|move|p1a: Sableye|Encore||[still]\n|-fail|p1a: Sableye\n|move|p2a: Phione|Take Heart|p2a: Phione\n|-boost|p2a: Phione|spa|1\n|-boost|p2a: Phione|spd|1\n|\n|upkeep\n|turn|36\n|\n|t:|1733787034\n|move|p1a: Sableye|Encore|p2a: Phione\n|-start|p2a: Phione|Encore\n|move|p2a: Phione|Take Heart|p2a: Phione\n|-boost|p2a: Phione|spa|1\n|-boost|p2a: Phione|spd|1\n|\n|upkeep\n|turn|37\n|c|\u2606dr4conic|Ggs\n|\n|t:|1733787043\n|move|p2a: Phione|Take Heart|p2a: Phione\n|-boost|p2a: Phione|spa|1\n|-boost|p2a: Phione|spd|1\n|move|p1a: Sableye|Knock Off|p2a: Phione\n|-damage|p2a: Phione|133/293\n|\n|upkeep\n|turn|38\n|\n|t:|1733787050\n|move|p2a: Phione|Take Heart|p2a: Phione\n|-boost|p2a: Phione|spa|1\n|-boost|p2a: Phione|spd|1\n|move|p1a: Sableye|Knock Off|p2a: Phione\n|-damage|p2a: Phione|75/293\n|\n|-end|p2a: Phione|Encore\n|upkeep\n|turn|39\n|\n|t:|1733787058\n|move|p1a: Sableye|Encore|p2a: Phione\n|-start|p2a: Phione|Encore\n|move|p2a: Phione|Take Heart|p2a: Phione\n|-boost|p2a: Phione|spa|1\n|-boost|p2a: Phione|spd|1\n|\n|upkeep\n|turn|40\n|l|\u2606tz200\n|inactive|tz200 disconnected and has a minute to reconnect!\n|player|p2|\n|inactive|tz200 has 30 seconds to reconnect!\n|inactive|tz200 has 20 seconds to reconnect!\n|inactive|tz200 has 15 seconds to reconnect!\n|inactive|tz200 has 10 seconds to reconnect!\n|inactive|tz200 has 5 seconds to reconnect!\n|-message|tz200 lost due to inactivity.\n|\n|win|dr4conic\n|raw|dr4conic's rating: 1476 &rarr; <strong>1499</strong><br />(+23 for winning)\n|raw|tz200's rating: 1524 &rarr; <strong>1501</strong><br />(-23 for losing)\n", "inputlog": ">version bfd83cad13791eb5a5a409923076391caf6fb4d4\n>start {\"formatid\":\"gen9randombattle\",\"seed\":[37032,18638,24718,4907],\"rated\":\"Rated battle\"}\n>player p1 {\"name\":\"dr4conic\",\"avatar\":\"veteran\",\"rating\":1476,\"seed\":[45688,53971,43968,23828]}\n>player p2 {\"name\":\"tz200\",\"avatar\":\"1\",\"rating\":1524,\"seed\":[56290,8545,60817,34819]}\n>p1 move shadowball\n>p2 switch 3\n>p1 move focusblast\n>p2 move knockoff\n>p1 switch 6\n>p1 move earthquake\n>p2 move facade terastallize\n>p1 switch 4\n>p1 move substitute\n>p2 switch 4\n>p1 switch 2\n>p2 move irondefense\n>p1 move knockoff\n>p2 switch 4\n>p1 move knockoff\n>p2 move knockoff\n>p2 switch 5\n>p1 switch 2\n>p2 move thunderbolt\n>p1 switch 2\n>p2 move superfang\n>p1 move encore\n>p2 move thunderbolt\n>p1 move recover\n>p2 switch 4\n>p1 move encore\n>p2 switch 4\n>p1 switch 2\n>p2 move thunderbolt\n>p1 move leafblade\n>p2 move nuzzle\n>p1 move doubleedge\n>p2 move uturn\n>p2 switch 6\n>p1 move doubleedge\n>p2 move swordsdance\n>p1 move doubleedge\n>p2 move iciclecrash\n>p1 switch 5\n>p1 move closecombat\n>p2 move iciclecrash\n>p1 switch 3\n>p1 move esperwing\n>p2 move iciclecrash\n>p2 switch 6\n>p1 move esperwing\n>p2 move thunderbolt\n>p1 move esperwing terastallize\n>p2 move thunderbolt\n>p1 move esperwing\n>p2 move thunderbolt\n>p2 switch 2\n>p1 move hurricane\n>p2 move takeheart\n>p1 move hurricane\n>p2 move rest\n>p1 move roost\n>p2 switch 4\n>p1 move hurricane\n>p2 move bravebird\n>p1 move hurricane\n>p2 move bravebird\n>p2 switch 3\n>p1 move hurricane\n>p2 move psychocut\n>p1 switch 2\n>p1 move thunderwave\n>p2 move nightslash\n>p1 move knockoff\n>p2 move nightslash\n>p1 move knockoff\n>p2 move nightslash\n>p1 move knockoff\n>p2 move nightslash\n>p2 switch 4\n>p1 move recover\n>p2 move sleeptalk\n>p1 move knockoff\n>p2 move sleeptalk\n>p1 move encore\n>p2 move takeheart\n>p1 move encore\n>p2 move rest\n>chat \u2606dr4conic|Ggs\n>p1 move knockoff\n>p2 move takeheart\n>p1 move knockoff\n>p2 move takeheart\n>p1 move encore\n>p2 move rest\n>forcelose p2", "uploadtime": 1733787136, "views": 8, "formatid": "gen9randombattle", "rating": 1499, "private": 0, "password": null}