{"id": "gen9randombattle-2154448977", "format": "[Gen 9] Random Battle", "players": ["vadorfwtn", "MichaelderBesteVGC"], "log": "|badge|p2|gold|gen9randombattle|3-2\n|uhtml|medal-msg|<div class=\"broadcast-blue\">Curious what those medals under the avatar are? PS now has Ladder Seasons! For more information, check out the <a href=\"https://www.smogon.com/forums/threads/3740067/\">thread on Smogon.</a></div>\n|j|\u2606vadorfwtn\n|j|\u2606MichaelderBesteVGC\n|t:|1720015682\n|gametype|singles\n|player|p1|vadorfwtn|skierf|2261\n|player|p2|MichaelderBesteVGC|#rbtt7teamdarkrai|2520\n|teamsize|p1|6\n|teamsize|p2|6\n|gen|9\n|tier|[Gen 9] Random Battle\n|rated|\n|rule|Species Clause: Limit one of each Pok\u00e9mon\n|rule|HP Percentage Mod: HP is shown in percentages\n|rule|Sleep Clause Mod: Limit one foe put to sleep\n|rule|Illusion Level Mod: Illusion disguises the Pok\u00e9mon's true level\n|\n|t:|1720015682\n|start\n|switch|p1a: Sneasler|Sneasler, L74, F|240/240\n|switch|p2a: Vaporeon|Vaporeon, L86, M|364/364\n|turn|1\n|inactive|Battle timer is ON: inactive players will automatically lose when time's up. (requested by MichaelderBesteVGC)\n|c|\u2606MichaelderBesteVGC|hf\n|\n|t:|1720015710\n|move|p1a: Sneasler|Close Combat|p2a: Vaporeon\n|-damage|p2a: Vaporeon|198/364\n|-unboost|p1a: Sneasler|def|1\n|-unboost|p1a: Sneasler|spd|1\n|-enditem|p1a: Sneasler|White Herb\n|-clearnegativeboost|p1a: Sneasler|[silent]\n|move|p2a: Vaporeon|Scald|p1a: Sneasler\n|-damage|p1a: Sneasler|128/240\n|\n|-heal|p2a: Vaporeon|220/364|[from] item: Leftovers\n|upkeep\n|turn|2\n|\n|t:|1720015720\n|move|p1a: Sneasler|Gunk Shot|p2a: Vaporeon\n|-damage|p2a: Vaporeon|64/364\n|-status|p2a: Vaporeon|psn\n|move|p2a: Vaporeon|Scald|p1a: Sneasler\n|-damage|p1a: Sneasler|10/240\n|\n|-heal|p2a: Vaporeon|86/364 psn|[from] item: Leftovers\n|-damage|p2a: Vaporeon|41/364 psn|[from] psn\n|upkeep\n|turn|3\n|c|\u2606vadorfwtn|hf\n|\n|t:|1720015734\n|move|p1a: Sneasler|Acrobatics|p2a: Vaporeon\n|-damage|p2a: Vaporeon|0 fnt\n|faint|p2a: Vaporeon\n|\n|upkeep\n|\n|t:|1720015736\n|switch|p2a: Garchomp|Garchomp, L74, M|282/282\n|turn|4\n|\n|t:|1720015748\n|switch|p1a: Hitmontop|Hitmontop, L88, M|231/231\n|-ability|p1a: Hitmontop|Intimidate|boost\n|-unboost|p2a: Garchomp|atk|1\n|move|p2a: Garchomp|Spikes|p1a: Hitmontop\n|-sidestart|p1: vadorfwtn|Spikes\n|\n|upkeep\n|turn|5\n|\n|t:|1720015757\n|move|p2a: Garchomp|Earthquake|p1a: Hitmontop\n|-damage|p1a: Hitmontop|165/231\n|move|p1a: Hitmontop|Rapid Spin|p2a: Garchomp\n|-damage|p2a: Garchomp|244/282\n|-boost|p1a: Hitmontop|spe|1\n|-damage|p1a: Hitmontop|137/231|[from] ability: Rough Skin|[of] p2a: Garchomp\n|-damage|p1a: Hitmontop|99/231|[from] item: Rocky Helmet|[of] p2a: Garchomp\n|-sideend|p1: vadorfwtn|Spikes|[from] move: Rapid Spin|[of] p1a: Hitmontop\n|\n|upkeep\n|turn|6\n|\n|t:|1720015769\n|move|p1a: Hitmontop|Close Combat|p2a: Garchomp\n|-damage|p2a: Garchomp|94/282\n|-unboost|p1a: Hitmontop|def|1\n|-unboost|p1a: Hitmontop|spd|1\n|-damage|p1a: Hitmontop|71/231|[from] ability: Rough Skin|[of] p2a: Garchomp\n|-damage|p1a: Hitmontop|33/231|[from] item: Rocky Helmet|[of] p2a: Garchomp\n|move|p2a: Garchomp|Spikes|p1a: Hitmontop\n|-sidestart|p1: vadorfwtn|Spikes\n|\n|upkeep\n|turn|7\n|\n|t:|1720015781\n|move|p1a: Hitmontop|Close Combat|p2a: Garchomp\n|-damage|p2a: Garchomp|0 fnt\n|-unboost|p1a: Hitmontop|def|1\n|-unboost|p1a: Hitmontop|spd|1\n|-damage|p1a: Hitmontop|5/231|[from] ability: Rough Skin|[of] p2a: Garchomp\n|-damage|p1a: Hitmontop|0 fnt|[from] item: Rocky Helmet|[of] p2a: Garchomp\n|faint|p2a: Garchomp\n|faint|p1a: Hitmontop\n|\n|upkeep\n|\n|t:|1720015795\n|switch|p2a: Ninetales|Ninetales-Alola, L79, F|245/245\n|switch|p1a: Kricketune|Kricketune, L99, M|312/312\n|-weather|Snow|[from] ability: Snow Warning|[of] p2a: Ninetales\n|turn|8\n|\n|t:|1720015802\n|move|p2a: Ninetales|Aurora Veil|p2a: Ninetales\n|-sidestart|p2: MichaelderBesteVGC|move: Aurora Veil\n|move|p1a: Kricketune|Pounce|p2a: Ninetales\n|-resisted|p2a: Ninetales\n|-damage|p2a: Ninetales|226/245\n|-unboost|p2a: Ninetales|spe|1\n|\n|-weather|Snow|[upkeep]\n|upkeep\n|turn|9\n|\n|t:|1720015810\n|switch|p2a: Oricorio|Oricorio-Pa'u, L87, F|272/272\n|move|p1a: Kricketune|Sticky Web|p2a: Oricorio\n|-sidestart|p2: MichaelderBesteVGC|move: Sticky Web\n|\n|-weather|Snow|[upkeep]\n|upkeep\n|turn|10\n|j| RoFnA\n|\n|t:|1720015820\n|move|p2a: Oricorio|Quiver Dance|p2a: Oricorio\n|-boost|p2a: Oricorio|spa|1\n|-boost|p2a: Oricorio|spd|1\n|-boost|p2a: Oricorio|spe|1\n|move|p1a: Kricketune|Taunt|p2a: Oricorio\n|-start|p2a: Oricorio|move: Taunt\n|\n|-weather|Snow|[upkeep]\n|upkeep\n|turn|11\n|\n|t:|1720015829\n|move|p2a: Oricorio|Hurricane|p1a: Kricketune\n|-supereffective|p1a: Kricketune\n|-damage|p1a: Kricketune|0 fnt\n|faint|p1a: Kricketune\n|\n|-weather|Snow|[upkeep]\n|upkeep\n|\n|t:|1720015835\n|switch|p1a: Mabosstiff|Mabosstiff, L86, F|278/278\n|-damage|p1a: Mabosstiff|244/278|[from] Spikes\n|turn|12\n|\n|t:|1720015850\n|-terastallize|p2a: Oricorio|Ground\n|move|p2a: Oricorio|Revelation Dance|p1a: Mabosstiff\n|-damage|p1a: Mabosstiff|54/278\n|move|p1a: Mabosstiff|Crunch|p2a: Oricorio\n|-crit|p2a: Oricorio\n|-damage|p2a: Oricorio|0 fnt\n|faint|p2a: Oricorio\n|\n|-weather|none\n|upkeep\n|\n|t:|1720015859\n|switch|p2a: Falinks|Falinks, L85|249/249\n|-activate|p2a: Falinks|move: Sticky Web\n|-unboost|p2a: Falinks|spe|1\n|-ability|p2a: Falinks|Defiant|boost\n|-boost|p2a: Falinks|atk|2\n|turn|13\n|inactive|vadorfwtn has 120 seconds left.\n|\n|t:|1720015890\n|switch|p1a: Sneasler|Sneasler, L74, F|10/240\n|-damage|p1a: Sneasler|0 fnt|[from] Spikes\n|faint|p1a: Sneasler\n|move|p2a: Falinks|Knock Off|p1: Sneasler|[notarget]\n|-fail|p2a: Falinks\n|\n|upkeep\n|inactive|vadorfwtn has 120 seconds left.\n|\n|t:|1720015902\n|switch|p1a: Mabosstiff|Mabosstiff, L86, F|54/278\n|-damage|p1a: Mabosstiff|20/278|[from] Spikes\n|turn|14\n|inactive|MichaelderBesteVGC has 120 seconds left.\n|j| Pedrocini\n|\n|t:|1720015949\n|switch|p2a: Eiscue|Eiscue, L87, M|272/272\n|-activate|p2a: Eiscue|move: Sticky Web\n|-unboost|p2a: Eiscue|spe|1\n|move|p1a: Mabosstiff|Psychic Fangs|p2a: Eiscue\n|-sideend|p2: MichaelderBesteVGC|move: Aurora Veil\n|-activate|p2a: Eiscue|ability: Ice Face\n|-damage|p2a: Eiscue|272/272\n|detailschange|p2a: Eiscue|Eiscue-Noice, L87, M\n|\n|upkeep\n|turn|15\n|j| mothonfire\n|inactive|vadorfwtn has 120 seconds left.\n|\n|t:|1720015976\n|move|p1a: Mabosstiff|Psychic Fangs|p2a: Eiscue\n|-damage|p2a: Eiscue|134/272\n|move|p2a: Eiscue|Belly Drum||[still]\n|-fail|p2a: Eiscue\n|\n|upkeep\n|turn|16\n|\n|t:|1720015986\n|move|p1a: Mabosstiff|Psychic Fangs|p2a: Eiscue\n|-damage|p2a: Eiscue|1/272\n|-enditem|p2a: Eiscue|Salac Berry|[eat]\n|-boost|p2a: Eiscue|spe|1|[from] item: Salac Berry\n|move|p2a: Eiscue|Ice Spinner|p1a: Mabosstiff\n|-damage|p1a: Mabosstiff|0 fnt\n|faint|p1a: Mabosstiff\n|\n|upkeep\n|\n|t:|1720015994\n|switch|p1a: Probopass|Probopass, L92, F|260/260\n|-damage|p1a: Probopass|228/260|[from] Spikes\n|turn|17\n|inactive|vadorfwtn has 120 seconds left.\n|\n|t:|1720016008\n|switch|p2a: Ninetales|Ninetales-Alola, L79, F|226/245\n|-activate|p2a: Ninetales|move: Sticky Web\n|-unboost|p2a: Ninetales|spe|1\n|-weather|Snow|[from] ability: Snow Warning|[of] p2a: Ninetales\n|move|p1a: Probopass|Iron Defense|p1a: Probopass\n|-boost|p1a: Probopass|def|2\n|\n|-weather|Snow|[upkeep]\n|-heal|p1a: Probopass|244/260|[from] item: Leftovers\n|upkeep\n|turn|18\n|inactive|vadorfwtn has 120 seconds left.\n|inactive|MichaelderBesteVGC has 120 seconds left.\n|\n|t:|1720016019\n|move|p2a: Ninetales|Aurora Veil|p2a: Ninetales\n|-sidestart|p2: MichaelderBesteVGC|move: Aurora Veil\n|move|p1a: Probopass|Iron Defense|p1a: Probopass\n|-boost|p1a: Probopass|def|2\n|\n|-weather|Snow|[upkeep]\n|-heal|p1a: Probopass|260/260|[from] item: Leftovers\n|upkeep\n|turn|19\n|inactive|vadorfwtn has 120 seconds left.\n|inactive|MichaelderBesteVGC has 120 seconds left.\n|l| RoFnA\n|\n|t:|1720016055\n|switch|p2a: Eiscue|Eiscue-Noice, L87, M|1/272\n|-activate|p2a: Eiscue|move: Sticky Web\n|-unboost|p2a: Eiscue|spe|1\n|-activate|p2a: Eiscue|ability: Ice Face\n|detailschange|p2a: Eiscue|Eiscue, L87, M\n|move|p1a: Probopass|Flash Cannon|p2a: Eiscue\n|-supereffective|p2a: Eiscue\n|-damage|p2a: Eiscue|0 fnt\n|faint|p2a: Eiscue\n|\n|-weather|Snow|[upkeep]\n|upkeep\n|\n|t:|1720016057\n|switch|p2a: Falinks|Falinks, L85|249/249\n|-activate|p2a: Falinks|move: Sticky Web\n|-unboost|p2a: Falinks|spe|1\n|-ability|p2a: Falinks|Defiant|boost\n|-boost|p2a: Falinks|atk|2\n|turn|20\n|inactive|vadorfwtn has 120 seconds left.\n|\n|t:|1720016069\n|-terastallize|p1a: Probopass|Fighting\n|move|p1a: Probopass|Body Press|p2a: Falinks\n|-damage|p2a: Falinks|54/249\n|move|p2a: Falinks|No Retreat|p2a: Falinks\n|-boost|p2a: Falinks|atk|1\n|-boost|p2a: Falinks|def|1\n|-boost|p2a: Falinks|spa|1\n|-boost|p2a: Falinks|spd|1\n|-boost|p2a: Falinks|spe|1\n|-start|p2a: Falinks|move: No Retreat\n|\n|-weather|Snow|[upkeep]\n|upkeep\n|turn|21\n|inactive|vadorfwtn has 120 seconds left.\n|inactive|MichaelderBesteVGC has 120 seconds left.\n|\n|t:|1720016076\n|move|p2a: Falinks|Close Combat|p1a: Probopass\n|-damage|p1a: Probopass|166/260\n|-unboost|p2a: Falinks|def|1\n|-unboost|p2a: Falinks|spd|1\n|-damage|p2a: Falinks|30/249|[from] item: Life Orb\n|move|p1a: Probopass|Body Press|p2a: Falinks\n|-crit|p2a: Falinks\n|-damage|p2a: Falinks|0 fnt\n|faint|p2a: Falinks\n|\n|-weather|none\n|-heal|p1a: Probopass|182/260|[from] item: Leftovers\n|upkeep\n|\n|t:|1720016078\n|switch|p2a: Ninetales|Ninetales-Alola, L79, F|226/245\n|-activate|p2a: Ninetales|move: Sticky Web\n|-unboost|p2a: Ninetales|spe|1\n|-weather|Snow|[from] ability: Snow Warning|[of] p2a: Ninetales\n|turn|22\n|\n|t:|1720016088\n|move|p2a: Ninetales|Nasty Plot|p2a: Ninetales\n|-boost|p2a: Ninetales|spa|2\n|move|p1a: Probopass|Body Press|p2a: Ninetales\n|-damage|p2a: Ninetales|75/245\n|\n|-weather|Snow|[upkeep]\n|-heal|p1a: Probopass|198/260|[from] item: Leftovers\n|upkeep\n|turn|23\n|\n|t:|1720016092\n|move|p2a: Ninetales|Moonblast|p1a: Probopass\n|-supereffective|p1a: Probopass\n|-damage|p1a: Probopass|22/260\n|move|p1a: Probopass|Thunder Wave|p2a: Ninetales\n|-status|p2a: Ninetales|par\n|\n|-weather|Snow|[upkeep]\n|-heal|p1a: Probopass|38/260|[from] item: Leftovers\n|upkeep\n|turn|24\n|\n|t:|1720016103\n|move|p1a: Probopass|Body Press|p2a: Ninetales\n|-damage|p2a: Ninetales|0 fnt\n|faint|p2a: Ninetales\n|\n|win|vadorfwtn\n|raw|vadorfwtn's rating: 2261 &rarr; <strong>2294</strong><br />(+33 for winning)\n|raw|MichaelderBesteVGC's rating: 2541 &rarr; <strong>2508</strong><br />(-33 for losing)\n|c|\u2606MichaelderBesteVGC|gg\n|c|\u2606vadorfwtn|gg\n|l|\u2606MichaelderBesteVGC\n|player|p2|\n", "inputlog": ">version 26771249c35d7a4b83b8b432d5cb35999166eb23\n>start {\"formatid\":\"gen9randombattle\",\"seed\":[51878,17398,40831,37981],\"rated\":\"Rated battle\"}\n>player p1 {\"name\":\"vadorfwtn\",\"avatar\":\"skierf\",\"rating\":2261,\"seed\":[51454,13532,36414,10942]}\n>player p2 {\"name\":\"MichaelderBesteVGC\",\"avatar\":\"#rbtt7teamdarkrai\",\"rating\":2520,\"seed\":[3647,22748,31206,9614]}\n>chat \u2606MichaelderBesteVGC|hf\n>p1 move closecombat\n>p2 move scald\n>p1 move gunkshot\n>p2 move scald\n>chat \u2606vadorfwtn|hf \n>p1 move acrobatics\n>p2 move scald\n>p2 switch 5\n>p1 switch 6\n>p2 move spikes\n>p1 move rapidspin\n>p2 move earthquake\n>p1 move closecombat\n>p2 move spikes\n>p1 move closecombat\n>p2 move earthquake\n>p1 switch 3\n>p2 switch 2\n>p1 move pounce\n>p2 move auroraveil\n>p1 move stickyweb\n>p2 switch 4\n>p1 move taunt\n>p2 move quiverdance\n>p1 move knockoff\n>p2 move hurricane\n>p1 switch 5\n>p1 move crunch\n>p2 move revelationdance terastallize\n>p2 switch 3\n>p1 switch 6\n>p2 move knockoff\n>p1 switch 6\n>p1 move psychicfangs\n>p2 switch 6\n>p1 move psychicfangs\n>p2 move bellydrum\n>p1 move psychicfangs\n>p2 move icespinner\n>p1 switch 2\n>p1 move irondefense\n>p2 switch 4\n>p1 move irondefense\n>p2 move auroraveil\n>p1 move flashcannon\n>p2 switch 4\n>p2 switch 6\n>p1 move bodypress terastallize\n>p2 move noretreat\n>p1 move bodypress\n>p2 move closecombat\n>p2 switch 4\n>p1 move bodypress\n>p2 move nastyplot\n>p1 move thunderwave\n>p2 move moonblast\n>p1 move bodypress\n>p2 move moonblast", "uploadtime": 1720016124, "views": 174, "formatid": "gen9randombattle", "rating": 2294, "private": 0, "password": null}