{"id": "gen9randombattle-2260584241", "format": "[Gen 9] Random Battle", "players": ["MeAndTheBorthers", "Chaitanya15"], "log": "|j|\u2606MeAndTheBorthers\n|j|\u2606Chaitanya15\n|t:|1733866123\n|gametype|singles\n|player|p1|MeAndTheBorthers|iris-gen5bw2|1488\n|player|p2|Chaitanya15|170|1480\n|teamsize|p1|6\n|teamsize|p2|6\n|gen|9\n|tier|[Gen 9] Random Battle\n|rated|\n|rule|Species Clause: Limit one of each Pok\u00e9mon\n|rule|HP Percentage Mod: HP is shown in percentages\n|rule|Sleep Clause Mod: Limit one foe put to sleep\n|rule|Illusion Level Mod: Illusion disguises the Pok\u00e9mon's true level\n|\n|t:|1733866123\n|start\n|switch|p1a: Dewgong|Dewgong, L94, M|322/322\n|switch|p2a: Corviknight|Corviknight, L80, M|288/288\n|-ability|p2a: Corviknight|Pressure\n|turn|1\n|inactive|Battle timer is ON: inactive players will automatically lose when time's up. (requested by Chaitanya15)\n|inactive|MeAndTheBorthers has 120 seconds left.\n|\n|t:|1733866164\n|move|p1a: Dewgong|Ice Beam|p2a: Corviknight\n|-damage|p2a: Corviknight|182/288\n|move|p2a: Corviknight|U-turn|p1a: Dewgong\n|-damage|p1a: Dewgong|278/322\n|\n|t:|1733866170\n|switch|p2a: Chansey|Chansey, L85, F|564/564|[from] U-turn\n|\n|upkeep\n|turn|2\n|\n|t:|1733866183\n|move|p1a: Dewgong|Flip Turn|p2a: Chansey\n|-damage|p2a: Chansey|417/564\n|\n|t:|1733866188\n|switch|p1a: Luxray|Luxray, L88, F|284/284|[from] Flip Turn\n|-ability|p1a: Luxray|Intimidate|boost\n|-unboost|p2a: Chansey|atk|1\n|move|p2a: Chansey|Thunder Wave|p1a: Luxray\n|-immune|p1a: Luxray\n|\n|upkeep\n|turn|3\n|\n|t:|1733866198\n|move|p1a: Luxray|Volt Switch|p2a: Chansey\n|-damage|p2a: Chansey|374/564\n|\n|t:|1733866205\n|switch|p1a: Dewgong|Dewgong, L94, M|278/322|[from] Volt Switch\n|move|p2a: Chansey|Stealth Rock|p1a: Dewgong\n|-sidestart|p1: MeAndTheBorthers|move: Stealth Rock\n|\n|upkeep\n|turn|4\n|\n|t:|1733866214\n|move|p1a: Dewgong|Encore|p2a: Chansey\n|-start|p2a: Chansey|Encore\n|move|p2a: Chansey|Stealth Rock||[still]\n|-fail|p2a: Chansey\n|\n|upkeep\n|turn|5\n|\n|t:|1733866224\n|switch|p2a: Sableye|Sableye, L89, F|234/234\n|move|p1a: Dewgong|Flip Turn|p2a: Sableye\n|-damage|p2a: Sableye|161/234\n|\n|t:|1733866236\n|switch|p1a: Dipplin|Dipplin, L88, M|284/284|[from] Flip Turn\n|-damage|p1a: Dipplin|249/284|[from] Stealth Rock\n|\n|-heal|p2a: Sableye|175/234|[from] item: Leftovers\n|upkeep\n|turn|6\n|\n|t:|1733866248\n|move|p2a: Sableye|Will-O-Wisp|p1a: Dipplin\n|-status|p1a: Dipplin|brn\n|move|p1a: Dipplin|Dragon Tail|p2a: Sableye\n|-damage|p2a: Sableye|142/234\n|drag|p2a: Grafaiai|Grafaiai, L86, F|249/249\n|\n|-damage|p1a: Dipplin|232/284 brn|[from] brn\n|upkeep\n|turn|7\n|\n|t:|1733866260\n|switch|p1a: Luxray|Luxray, L88, F|284/284\n|-damage|p1a: Luxray|249/284|[from] Stealth Rock\n|-ability|p1a: Luxray|Intimidate|boost\n|-unboost|p2a: Grafaiai|atk|1\n|move|p2a: Grafaiai|Gunk Shot|p1a: Luxray\n|-damage|p1a: Luxray|153/284\n|\n|upkeep\n|turn|8\n|\n|t:|1733866278\n|move|p2a: Grafaiai|Knock Off|p1a: Luxray\n|-damage|p1a: Luxray|101/284\n|-enditem|p1a: Luxray|Assault Vest|[from] move: Knock Off|[of] p2a: Grafaiai\n|move|p1a: Luxray|Wild Charge|p2a: Grafaiai\n|-damage|p2a: Grafaiai|110/249\n|-damage|p1a: Luxray|66/284|[from] Recoil\n|\n|upkeep\n|turn|9\n|\n|t:|1733866291\n|move|p2a: Grafaiai|Gunk Shot|p1a: Luxray\n|-damage|p1a: Luxray|0 fnt\n|faint|p1a: Luxray\n|\n|upkeep\n|\n|t:|1733866303\n|switch|p1a: Dewgong|Dewgong, L94, M|278/322\n|turn|10\n|\n|t:|1733866310\n|move|p2a: Grafaiai|U-turn|p1a: Dewgong\n|-crit|p1a: Dewgong\n|-damage|p1a: Dewgong|202/322\n|-status|p1a: Dewgong|psn|[from] ability: Poison Touch|[of] p2a: Grafaiai\n|\n|t:|1733866330\n|switch|p2a: Sableye|Sableye, L89, F|142/234|[from] U-turn\n|move|p1a: Dewgong|Ice Beam|p2a: Sableye\n|-damage|p2a: Sableye|37/234\n|\n|-heal|p2a: Sableye|51/234|[from] item: Leftovers\n|-damage|p1a: Dewgong|162/322 psn|[from] psn\n|upkeep\n|turn|11\n|\n|t:|1733866346\n|move|p2a: Sableye|Recover|p2a: Sableye\n|-heal|p2a: Sableye|168/234\n|move|p1a: Dewgong|Encore|p2a: Sableye\n|-start|p2a: Sableye|Encore\n|\n|-heal|p2a: Sableye|182/234|[from] item: Leftovers\n|-damage|p1a: Dewgong|122/322 psn|[from] psn\n|upkeep\n|turn|12\n|\n|t:|1733866364\n|switch|p2a: Corviknight|Corviknight, L80, M|182/288\n|-ability|p2a: Corviknight|Pressure\n|move|p1a: Dewgong|Flip Turn|p2a: Corviknight\n|-damage|p2a: Corviknight|122/288\n|-damage|p1a: Dewgong|69/322 psn|[from] item: Rocky Helmet|[of] p2a: Corviknight\n|\n|t:|1733866371\n|switch|p1a: Politoed|Politoed, L88, F|302/302|[from] Flip Turn\n|-damage|p1a: Politoed|265/302|[from] Stealth Rock\n|-weather|RainDance|[from] ability: Drizzle|[of] p1a: Politoed\n|\n|-weather|RainDance|[upkeep]\n|upkeep\n|turn|13\n|\n|t:|1733866384\n|switch|p2a: Chansey|Chansey, L85, F|374/564\n|move|p1a: Politoed|Weather Ball|p2a: Chansey\n|-damage|p2a: Chansey|224/564\n|\n|-weather|RainDance|[upkeep]\n|upkeep\n|turn|14\n|\n|t:|1733866394\n|switch|p1a: Dipplin|Dipplin, L88, M|232/284 brn\n|-damage|p1a: Dipplin|197/284 brn|[from] Stealth Rock\n|move|p2a: Chansey|Soft-Boiled|p2a: Chansey\n|-heal|p2a: Chansey|506/564\n|\n|-weather|RainDance|[upkeep]\n|-damage|p1a: Dipplin|180/284 brn|[from] brn\n|upkeep\n|turn|15\n|\n|t:|1733866404\n|move|p2a: Chansey|Seismic Toss|p1a: Dipplin\n|-damage|p1a: Dipplin|95/284 brn\n|move|p1a: Dipplin|Recover|p1a: Dipplin\n|-heal|p1a: Dipplin|237/284 brn\n|\n|-weather|RainDance|[upkeep]\n|-damage|p1a: Dipplin|220/284 brn|[from] brn\n|upkeep\n|turn|16\n|\n|t:|1733866413\n|move|p2a: Chansey|Seismic Toss|p1a: Dipplin\n|-damage|p1a: Dipplin|135/284 brn\n|move|p1a: Dipplin|Recover|p1a: Dipplin\n|-heal|p1a: Dipplin|277/284 brn\n|\n|-weather|none\n|-damage|p1a: Dipplin|260/284 brn|[from] brn\n|upkeep\n|turn|17\n|inactive|Chaitanya15 has 120 seconds left.\n|\n|t:|1733866453\n|move|p2a: Chansey|Seismic Toss|p1a: Dipplin\n|-damage|p1a: Dipplin|175/284 brn\n|move|p1a: Dipplin|Dragon Tail|p2a: Chansey\n|-damage|p2a: Chansey|439/564\n|drag|p2a: Torterra|Torterra, L78, F|276/276\n|\n|-damage|p1a: Dipplin|158/284 brn|[from] brn\n|upkeep\n|turn|18\n|inactive|Chaitanya15 has 120 seconds left.\n|\n|t:|1733866468\n|move|p2a: Torterra|Rock Blast|p1a: Dipplin\n|-damage|p1a: Dipplin|149/284 brn\n|-damage|p1a: Dipplin|138/284 brn\n|-damage|p1a: Dipplin|128/284 brn\n|-damage|p1a: Dipplin|117/284 brn\n|-damage|p1a: Dipplin|107/284 brn\n|-hitcount|p1a: Dipplin|5\n|move|p1a: Dipplin|Giga Drain|p2a: Torterra\n|-damage|p2a: Torterra|183/276\n|-heal|p1a: Dipplin|154/284 brn|[from] drain|[of] p2a: Torterra\n|\n|-damage|p1a: Dipplin|137/284 brn|[from] brn\n|upkeep\n|turn|19\n|\n|t:|1733866486\n|switch|p2a: Corviknight|Corviknight, L80, M|122/288\n|-ability|p2a: Corviknight|Pressure\n|move|p1a: Dipplin|Giga Drain|p2a: Corviknight\n|-resisted|p2a: Corviknight\n|-damage|p2a: Corviknight|100/288\n|-heal|p1a: Dipplin|148/284 brn|[from] drain|[of] p2a: Corviknight\n|\n|-damage|p1a: Dipplin|131/284 brn|[from] brn\n|upkeep\n|turn|20\n|\n|t:|1733866498\n|switch|p1a: Dewgong|Dewgong, L94, M|69/322 psn\n|move|p2a: Corviknight|Roost|p2a: Corviknight\n|-heal|p2a: Corviknight|244/288\n|-singleturn|p2a: Corviknight|move: Roost\n|\n|-damage|p1a: Dewgong|29/322 psn|[from] psn\n|upkeep\n|turn|21\n|\n|t:|1733866510\n|switch|p2a: Sableye|Sableye, L89, F|182/234\n|move|p1a: Dewgong|Ice Beam|p2a: Sableye\n|-damage|p2a: Sableye|62/234\n|\n|-heal|p2a: Sableye|76/234|[from] item: Leftovers\n|-damage|p1a: Dewgong|0 fnt|[from] psn\n|faint|p1a: Dewgong\n|upkeep\n|\n|t:|1733866518\n|switch|p1a: Politoed|Politoed, L88, F|265/302\n|-damage|p1a: Politoed|228/302|[from] Stealth Rock\n|-weather|RainDance|[from] ability: Drizzle|[of] p1a: Politoed\n|turn|22\n|inactive|Chaitanya15 has 120 seconds left.\n|\n|t:|1733866528\n|move|p2a: Sableye|Recover|p2a: Sableye\n|-heal|p2a: Sableye|193/234\n|move|p1a: Politoed|Focus Blast|p2a: Sableye\n|-immune|p2a: Sableye\n|\n|-weather|RainDance|[upkeep]\n|-heal|p2a: Sableye|207/234|[from] item: Leftovers\n|upkeep\n|turn|23\n|-message|MeAndTheBorthers forfeited.\n|\n|win|Chaitanya15\n|raw|MeAndTheBorthers's rating: 1488 &rarr; <strong>1468</strong><br />(-20 for losing)\n|raw|Chaitanya15's rating: 1480 &rarr; <strong>1500</strong><br />(+20 for winning)\n|l|\u2606MeAndTheBorthers\n|player|p1|\n", "inputlog": ">version bfd83cad13791eb5a5a409923076391caf6fb4d4\n>start {\"formatid\":\"gen9randombattle\",\"seed\":[29261,1192,32939,48084],\"rated\":\"Rated battle\"}\n>player p1 {\"name\":\"MeAndTheBorthers\",\"avatar\":\"iris-gen5bw2\",\"rating\":1488,\"seed\":[31796,38053,1124,49941]}\n>player p2 {\"name\":\"Chaitanya15\",\"avatar\":\"170\",\"rating\":1480,\"seed\":[44947,55170,45697,11537]}\n>p1 move icebeam\n>p2 move uturn\n>p2 switch 2\n>p1 move flipturn\n>p2 move thunderwave\n>p1 switch 2\n>p1 move voltswitch\n>p2 move stealthrock\n>p1 switch 2\n>p1 move encore\n>p2 move softboiled\n>p1 move flipturn\n>p2 switch 6\n>p1 switch 4\n>p1 move dragontail\n>p2 move willowisp\n>p1 switch 2\n>p2 move gunkshot\n>p1 move wildcharge\n>p2 move knockoff\n>p1 move wildcharge\n>p2 move gunkshot\n>p1 switch 4\n>p1 move icebeam\n>p2 move uturn\n>p2 switch 5\n>p1 move encore\n>p2 move recover\n>p1 move flipturn\n>p2 switch 2\n>p1 switch 6\n>p1 move weatherball\n>p2 switch 6\n>p1 switch 2\n>p2 move softboiled\n>p1 move recover\n>p2 move seismictoss\n>p1 move recover\n>p2 move seismictoss\n>p1 move dragontail\n>p2 move seismictoss\n>p1 move gigadrain\n>p2 move rockblast\n>p1 move gigadrain\n>p2 switch 6\n>p1 switch 6\n>p2 move roost\n>p1 move icebeam\n>p2 switch 2\n>p1 switch 2\n>p1 move focusblast\n>p2 move recover\n>forcelose p1", "uploadtime": 1733866538, "views": 3, "formatid": "gen9randombattle", "rating": 1468, "private": 0, "password": null}