{"id": "gen9randombattle-2259944815", "format": "[Gen 9] Random Battle", "players": ["tomshugumi", "zeolong"], "log": "|j|\u2606tomshugumi\n|j|\u2606zeolong\n|t:|1733782757\n|gametype|singles\n|player|p1|tomshugumi|1|1298\n|player|p2|zeolong|266|1332\n|teamsize|p1|6\n|teamsize|p2|6\n|gen|9\n|tier|[Gen 9] Random Battle\n|rated|\n|rule|Species Clause: Limit one of each Pok\u00e9mon\n|rule|HP Percentage Mod: HP is shown in percentages\n|rule|Sleep Clause Mod: Limit one foe put to sleep\n|rule|Illusion Level Mod: Illusion disguises the Pok\u00e9mon's true level\n|\n|t:|1733782757\n|start\n|switch|p1a: Ninetales|Ninetales-Alola, L78, M|242/242\n|switch|p2a: Politoed|Politoed, L88, F|302/302\n|-weather|Snow|[from] ability: Snow Warning|[of] p1a: Ninetales\n|-weather|RainDance|[from] ability: Drizzle|[of] p2a: Politoed\n|turn|1\n|inactive|Battle timer is ON: inactive players will automatically lose when time's up. (requested by zeolong)\n|\n|t:|1733782766\n|move|p1a: Ninetales|Aurora Veil||[still]\n|-fail|p1a: Ninetales\n|move|p2a: Politoed|Hydro Pump|p1a: Ninetales\n|-damage|p1a: Ninetales|71/242\n|\n|-weather|RainDance|[upkeep]\n|upkeep\n|turn|2\n|\n|t:|1733782777\n|switch|p1a: Regidrago|Regidrago, L77|435/435\n|move|p2a: Politoed|Hydro Pump|p1a: Regidrago\n|-resisted|p1a: Regidrago\n|-damage|p1a: Regidrago|290/435\n|\n|-weather|RainDance|[upkeep]\n|upkeep\n|turn|3\n|\n|t:|1733782781\n|move|p2a: Politoed|Ice Beam|p1a: Regidrago\n|-supereffective|p1a: Regidrago\n|-damage|p1a: Regidrago|86/435\n|move|p1a: Regidrago|Dragon Dance|p1a: Regidrago\n|-boost|p1a: Regidrago|atk|1\n|-boost|p1a: Regidrago|spe|1\n|\n|-weather|RainDance|[upkeep]\n|upkeep\n|turn|4\n|\n|t:|1733782787\n|move|p1a: Regidrago|Outrage|p2a: Politoed\n|-damage|p2a: Politoed|61/302\n|move|p2a: Politoed|Ice Beam|p1a: Regidrago\n|-supereffective|p1a: Regidrago\n|-damage|p1a: Regidrago|0 fnt\n|faint|p1a: Regidrago\n|\n|-weather|RainDance|[upkeep]\n|upkeep\n|\n|t:|1733782789\n|switch|p1a: Ninetales|Ninetales-Alola, L78, M|71/242\n|-weather|Snow|[from] ability: Snow Warning|[of] p1a: Ninetales\n|turn|5\n|\n|t:|1733782806\n|switch|p2a: Minun|Minun, L95, F|268/268\n|move|p1a: Ninetales|Aurora Veil|p1a: Ninetales\n|-sidestart|p1: tomshugumi|move: Aurora Veil\n|\n|-weather|Snow|[upkeep]\n|upkeep\n|turn|6\n|\n|t:|1733782817\n|move|p2a: Minun|Thunderbolt|p1a: Ninetales\n|-damage|p1a: Ninetales|12/242\n|-damage|p2a: Minun|242/268|[from] item: Life Orb\n|move|p1a: Ninetales|Blizzard|p2a: Minun\n|-damage|p2a: Minun|157/268\n|\n|-weather|Snow|[upkeep]\n|upkeep\n|turn|7\n|\n|t:|1733782835\n|move|p2a: Minun|Thunderbolt|p1a: Ninetales\n|-damage|p1a: Ninetales|0 fnt\n|faint|p1a: Ninetales\n|-damage|p2a: Minun|131/268|[from] item: Life Orb\n|\n|-weather|Snow|[upkeep]\n|upkeep\n|\n|t:|1733782836\n|switch|p1a: Malamar|Malamar, L82, F|275/275\n|turn|8\n|\n|t:|1733782860\n|move|p2a: Minun|Alluring Voice|p1a: Malamar\n|-supereffective|p1a: Malamar\n|-damage|p1a: Malamar|192/275\n|-damage|p2a: Minun|105/268|[from] item: Life Orb\n|move|p1a: Malamar|Superpower|p2a: Minun\n|-damage|p2a: Minun|3/268\n|-boost|p1a: Malamar|atk|1\n|-boost|p1a: Malamar|def|1\n|\n|-weather|Snow|[upkeep]\n|-heal|p1a: Malamar|209/275|[from] item: Leftovers\n|upkeep\n|turn|9\n|inactive|tomshugumi has 120 seconds left.\n|\n|t:|1733782894\n|move|p2a: Minun|Alluring Voice|p1a: Malamar\n|-supereffective|p1a: Malamar\n|-damage|p1a: Malamar|118/275\n|-damage|p2a: Minun|0 fnt|[from] item: Life Orb\n|faint|p2a: Minun\n|move|p1a: Malamar|Superpower|p2: Minun|[notarget]\n|-fail|p1a: Malamar\n|\n|-weather|none\n|-heal|p1a: Malamar|135/275|[from] item: Leftovers\n|upkeep\n|inactive|zeolong has 120 seconds left.\n|\n|t:|1733782932\n|switch|p2a: Noctowl|Noctowl, L95, M|344/344\n|turn|10\n|inactive|tomshugumi has 120 seconds left.\n|\n|t:|1733782948\n|move|p2a: Noctowl|Hurricane|p1a: Malamar\n|-damage|p1a: Malamar|58/275\n|move|p1a: Malamar|Knock Off|p2a: Noctowl\n|-damage|p2a: Noctowl|163/344\n|-enditem|p2a: Noctowl|Heavy-Duty Boots|[from] move: Knock Off|[of] p1a: Malamar\n|\n|-heal|p1a: Malamar|75/275|[from] item: Leftovers\n|upkeep\n|turn|11\n|inactive|zeolong has 120 seconds left.\n|\n|t:|1733782953\n|move|p2a: Noctowl|Hurricane|p1a: Malamar\n|-damage|p1a: Malamar|2/275\n|-start|p1a: Malamar|confusion\n|-activate|p1a: Malamar|confusion\n|-damage|p1a: Malamar|0 fnt|[from] confusion\n|faint|p1a: Malamar\n|\n|upkeep\n|\n|t:|1733782957\n|switch|p1a: Chien-Pao|Chien-Pao, L72|234/234\n|-ability|p1a: Chien-Pao|Sword of Ruin\n|turn|12\n|inactive|zeolong has 120 seconds left.\n|\n|t:|1733782981\n|move|p1a: Chien-Pao|Icicle Crash|p2a: Noctowl\n|-supereffective|p2a: Noctowl\n|-damage|p2a: Noctowl|0 fnt\n|faint|p2a: Noctowl\n|\n|-sideend|p1: tomshugumi|move: Aurora Veil\n|upkeep\n|\n|t:|1733782991\n|switch|p2a: Gouging Fire|Gouging Fire, L74|277/277\n|turn|13\n|\n|t:|1733783004\n|move|p1a: Chien-Pao|Icicle Crash|p2a: Gouging Fire\n|-damage|p2a: Gouging Fire|145/277\n|move|p2a: Gouging Fire|Dragon Dance|p2a: Gouging Fire\n|-boost|p2a: Gouging Fire|atk|1\n|-boost|p2a: Gouging Fire|spe|1\n|\n|upkeep\n|turn|14\n|\n|t:|1733783014\n|move|p2a: Gouging Fire|Heat Crash|p1a: Chien-Pao\n|-supereffective|p1a: Chien-Pao\n|-damage|p1a: Chien-Pao|0 fnt\n|faint|p1a: Chien-Pao\n|\n|upkeep\n|\n|t:|1733783015\n|switch|p1a: Veluza|Veluza, L85, F|292/292\n|turn|15\n|\n|t:|1733783021\n|move|p2a: Gouging Fire|Morning Sun|p2a: Gouging Fire\n|-heal|p2a: Gouging Fire|277/277\n|move|p1a: Veluza|Fillet Away|p1a: Veluza\n|-boost|p1a: Veluza|atk|2\n|-boost|p1a: Veluza|spa|2\n|-boost|p1a: Veluza|spe|2\n|-damage|p1a: Veluza|146/292\n|-enditem|p1a: Veluza|Sitrus Berry|[eat]\n|-heal|p1a: Veluza|219/292|[from] item: Sitrus Berry\n|\n|upkeep\n|turn|16\n|\n|t:|1733783027\n|move|p1a: Veluza|Aqua Cutter|p2a: Gouging Fire\n|-damage|p2a: Gouging Fire|82/277\n|move|p2a: Gouging Fire|Outrage|p1a: Veluza\n|-damage|p1a: Veluza|11/292\n|\n|upkeep\n|turn|17\n|\n|t:|1733783032\n|move|p1a: Veluza|Aqua Cutter|p2a: Gouging Fire\n|-damage|p2a: Gouging Fire|0 fnt\n|faint|p2a: Gouging Fire\n|-end|p2a: Gouging Fire|Protosynthesis|[silent]\n|\n|upkeep\n|\n|t:|1733783037\n|switch|p2a: Ceruledge|Ceruledge, L78, F|245/245\n|turn|18\n|\n|t:|1733783040\n|move|p2a: Ceruledge|Shadow Sneak|p1a: Veluza\n|-supereffective|p1a: Veluza\n|-damage|p1a: Veluza|0 fnt\n|faint|p1a: Veluza\n|\n|upkeep\n|\n|t:|1733783043\n|switch|p1a: Magmortar|Magmortar, L88, M|275/275\n|turn|19\n|\n|t:|1733783069\n|switch|p2a: Politoed|Politoed, L88, F|61/302\n|-weather|RainDance|[from] ability: Drizzle|[of] p2a: Politoed\n|move|p1a: Magmortar|Knock Off|p2a: Politoed\n|-damage|p2a: Politoed|0 fnt\n|-enditem|p2a: Politoed|Chesto Berry|[from] move: Knock Off|[of] p1a: Magmortar\n|faint|p2a: Politoed\n|\n|-weather|RainDance|[upkeep]\n|upkeep\n|\n|t:|1733783072\n|switch|p2a: Exeggutor|Exeggutor-Alola, L89, M|314/314\n|turn|20\n|\n|t:|1733783094\n|move|p1a: Magmortar|Fire Blast|p2a: Exeggutor\n|-damage|p2a: Exeggutor|238/314\n|move|p2a: Exeggutor|Dragon Pulse|p1a: Magmortar\n|-damage|p1a: Magmortar|154/275\n|\n|-weather|RainDance|[upkeep]\n|upkeep\n|turn|21\n|\n|t:|1733783100\n|move|p1a: Magmortar|Knock Off|p2a: Exeggutor\n|-damage|p2a: Exeggutor|168/314\n|-enditem|p2a: Exeggutor|Sitrus Berry|[from] move: Knock Off|[of] p1a: Magmortar\n|move|p2a: Exeggutor|Dragon Pulse|p1a: Magmortar\n|-damage|p1a: Magmortar|39/275\n|\n|-weather|RainDance|[upkeep]\n|upkeep\n|turn|22\n|\n|t:|1733783102\n|move|p1a: Magmortar|Fire Blast|p2a: Exeggutor|[miss]\n|-miss|p1a: Magmortar|p2a: Exeggutor\n|move|p2a: Exeggutor|Dragon Pulse|p1a: Magmortar\n|-damage|p1a: Magmortar|0 fnt\n|faint|p1a: Magmortar\n|\n|win|zeolong\n|raw|tomshugumi's rating: 1298 &rarr; <strong>1275</strong><br />(-23 for losing)\n|raw|zeolong's rating: 1332 &rarr; <strong>1350</strong><br />(+18 for winning)\n|l|\u2606tomshugumi\n|player|p1|\n", "inputlog": ">version bfd83cad13791eb5a5a409923076391caf6fb4d4\n>start {\"formatid\":\"gen9randombattle\",\"seed\":[46287,60995,56413,30941],\"rated\":\"Rated battle\"}\n>player p1 {\"name\":\"tomshugumi\",\"avatar\":\"1\",\"rating\":1298,\"seed\":[35533,54949,53,63336]}\n>player p2 {\"name\":\"zeolong\",\"avatar\":\"266\",\"rating\":1332,\"seed\":[50372,23295,41632,41129]}\n>p1 move auroraveil\n>p2 move hydropump\n>p1 switch 6\n>p2 move hydropump\n>p1 move dragondance\n>p2 move icebeam\n>p1 move outrage\n>p2 move icebeam\n>p1 switch 6\n>p1 move auroraveil\n>p2 switch 3\n>p1 move blizzard\n>p2 move thunderbolt\n>p1 move blizzard\n>p2 move thunderbolt\n>p1 switch 5\n>p1 move superpower\n>p2 move alluringvoice\n>p1 move superpower\n>p2 move alluringvoice\n>p2 switch 4\n>p1 move knockoff\n>p2 move hurricane\n>p1 move rest\n>p2 move hurricane\n>p1 switch 3\n>p1 move iciclecrash\n>p2 move hypervoice\n>p2 switch 2\n>p1 move iciclecrash\n>p2 move dragondance\n>p1 move iciclecrash\n>p2 move heatcrash\n>p1 switch 4\n>p1 move filletaway\n>p2 move morningsun\n>p1 move aquacutter\n>p2 move outrage\n>p1 move aquacutter\n>p2 move outrage\n>p2 switch 5\n>p1 move aquacutter\n>p2 move shadowsneak\n>p1 switch 2\n>p1 move knockoff\n>p2 switch 3\n>p2 switch 6\n>p1 move fireblast\n>p2 move dragonpulse\n>p1 move knockoff\n>p2 move dragonpulse\n>p1 move fireblast\n>p2 move dragonpulse", "uploadtime": 1733783104, "views": 1, "formatid": "gen9randombattle", "rating": 1275, "private": 0, "password": null}