{"id": "gen9randombattle-2260706111", "format": "[Gen 9] Random Battle", "players": ["ItzRif", "Cquiroz"], "log": "|j|\u2606ItzRif\n|j|\u2606Cquiroz\n|t:|1733880885\n|gametype|singles\n|player|p1|ItzRif|unknown|1214\n|player|p2|Cquiroz|170|1199\n|teamsize|p1|6\n|teamsize|p2|6\n|gen|9\n|tier|[Gen 9] Random Battle\n|rated|\n|rule|Species Clause: Limit one of each Pok\u00e9mon\n|rule|HP Percentage Mod: HP is shown in percentages\n|rule|Sleep Clause Mod: Limit one foe put to sleep\n|rule|Illusion Level Mod: Illusion disguises the Pok\u00e9mon's true level\n|\n|t:|1733880885\n|start\n|switch|p1a: Greninja|Greninja, L80, M|246/246\n|switch|p2a: Illumise|Illumise, L91, F|266/266\n|turn|1\n|inactive|Battle timer is ON: inactive players will automatically lose when time's up. (requested by Cquiroz)\n|\n|t:|1733880894\n|move|p1a: Greninja|Ice Beam|p2a: Illumise\n|-start|p1a: Greninja|typechange|Ice|[from] ability: Protean\n|-damage|p2a: Illumise|140/266\n|move|p2a: Illumise|Bug Buzz|p1a: Greninja\n|-damage|p1a: Greninja|140/246\n|\n|upkeep\n|turn|2\n|\n|t:|1733880902\n|move|p2a: Illumise|Thunder Wave|p1a: Greninja\n|-status|p1a: Greninja|par\n|move|p1a: Greninja|Ice Beam|p2a: Illumise\n|-damage|p2a: Illumise|7/266\n|-status|p2a: Illumise|frz\n|\n|upkeep\n|turn|3\n|\n|t:|1733880916\n|switch|p1a: Arceus|Arceus-Grass, L72|292/292\n|cant|p2a: Illumise|frz\n|\n|upkeep\n|turn|4\n|\n|t:|1733880922\n|cant|p2a: Illumise|frz\n|move|p1a: Arceus|Calm Mind|p1a: Arceus\n|-boost|p1a: Arceus|spa|1\n|-boost|p1a: Arceus|spd|1\n|\n|upkeep\n|turn|5\n|\n|t:|1733880924\n|cant|p2a: Illumise|frz\n|move|p1a: Arceus|Calm Mind|p1a: Arceus\n|-boost|p1a: Arceus|spa|1\n|-boost|p1a: Arceus|spd|1\n|\n|upkeep\n|turn|6\n|\n|t:|1733880926\n|cant|p2a: Illumise|frz\n|move|p1a: Arceus|Calm Mind|p1a: Arceus\n|-boost|p1a: Arceus|spa|1\n|-boost|p1a: Arceus|spd|1\n|\n|upkeep\n|turn|7\n|\n|t:|1733880928\n|cant|p2a: Illumise|frz\n|move|p1a: Arceus|Calm Mind|p1a: Arceus\n|-boost|p1a: Arceus|spa|1\n|-boost|p1a: Arceus|spd|1\n|\n|upkeep\n|turn|8\n|\n|t:|1733880931\n|cant|p2a: Illumise|frz\n|move|p1a: Arceus|Calm Mind|p1a: Arceus\n|-boost|p1a: Arceus|spa|1\n|-boost|p1a: Arceus|spd|1\n|\n|upkeep\n|turn|9\n|\n|t:|1733880934\n|cant|p2a: Illumise|frz\n|move|p1a: Arceus|Calm Mind|p1a: Arceus\n|-boost|p1a: Arceus|spa|1\n|-boost|p1a: Arceus|spd|1\n|\n|upkeep\n|turn|10\n|\n|t:|1733880939\n|-curestatus|p2a: Illumise|frz|[msg]\n|move|p2a: Illumise|Encore|p1a: Arceus\n|-start|p1a: Arceus|Encore\n|move|p1a: Arceus|Calm Mind|p1a: Arceus\n|-boost|p1a: Arceus|spa|0\n|-boost|p1a: Arceus|spd|0\n|\n|upkeep\n|turn|11\n|\n|t:|1733880942\n|move|p1a: Arceus|Calm Mind|p1a: Arceus\n|-boost|p1a: Arceus|spa|0\n|-boost|p1a: Arceus|spd|0\n|move|p2a: Illumise|Bug Buzz|p1a: Arceus\n|-supereffective|p1a: Arceus\n|-damage|p1a: Arceus|248/292\n|\n|upkeep\n|turn|12\n|\n|t:|1733880946\n|move|p2a: Illumise|Thunder Wave|p1a: Arceus\n|-status|p1a: Arceus|par\n|cant|p1a: Arceus|par\n|\n|-end|p1a: Arceus|Encore\n|upkeep\n|turn|13\n|\n|t:|1733880953\n|move|p2a: Illumise|Encore|p1a: Arceus\n|-start|p1a: Arceus|Encore\n|move|p1a: Arceus|Calm Mind|p1a: Arceus\n|-boost|p1a: Arceus|spa|0\n|-boost|p1a: Arceus|spd|0\n|\n|upkeep\n|turn|14\n|\n|t:|1733880955\n|move|p2a: Illumise|Bug Buzz|p1a: Arceus\n|-supereffective|p1a: Arceus\n|-damage|p1a: Arceus|204/292 par\n|-unboost|p1a: Arceus|spd|1\n|move|p1a: Arceus|Calm Mind|p1a: Arceus\n|-boost|p1a: Arceus|spa|0\n|-boost|p1a: Arceus|spd|1\n|\n|upkeep\n|turn|15\n|\n|t:|1733880959\n|-terastallize|p1a: Arceus|Ground\n|move|p2a: Illumise|Bug Buzz|p1a: Arceus\n|-damage|p1a: Arceus|183/292 par\n|cant|p1a: Arceus|par\n|\n|-end|p1a: Arceus|Encore\n|upkeep\n|turn|16\n|\n|t:|1733880966\n|move|p2a: Illumise|Encore|p1a: Arceus\n|-start|p1a: Arceus|Encore\n|cant|p1a: Arceus|par\n|\n|upkeep\n|turn|17\n|\n|t:|1733880970\n|move|p2a: Illumise|Bug Buzz|p1a: Arceus\n|-damage|p1a: Arceus|164/292 par\n|-unboost|p1a: Arceus|spd|1\n|move|p1a: Arceus|Calm Mind|p1a: Arceus\n|-boost|p1a: Arceus|spa|0\n|-boost|p1a: Arceus|spd|1\n|\n|upkeep\n|turn|18\n|\n|t:|1733880976\n|move|p2a: Illumise|Bug Buzz|p1a: Arceus\n|-damage|p1a: Arceus|145/292 par\n|move|p1a: Arceus|Calm Mind|p1a: Arceus\n|-boost|p1a: Arceus|spa|0\n|-boost|p1a: Arceus|spd|0\n|\n|-end|p1a: Arceus|Encore\n|upkeep\n|turn|19\n|\n|t:|1733880980\n|move|p2a: Illumise|Encore|p1a: Arceus\n|-start|p1a: Arceus|Encore\n|move|p1a: Arceus|Calm Mind|p1a: Arceus\n|-boost|p1a: Arceus|spa|0\n|-boost|p1a: Arceus|spd|0\n|\n|upkeep\n|turn|20\n|\n|t:|1733880981\n|move|p2a: Illumise|Bug Buzz|p1a: Arceus\n|-crit|p1a: Arceus\n|-damage|p1a: Arceus|19/292 par\n|cant|p1a: Arceus|par\n|\n|upkeep\n|turn|21\n|\n|t:|1733880986\n|switch|p1a: Greninja|Greninja, L80, M|140/246 par\n|move|p2a: Illumise|Bug Buzz|p1a: Greninja\n|-supereffective|p1a: Greninja\n|-damage|p1a: Greninja|0 fnt\n|faint|p1a: Greninja\n|\n|upkeep\n|\n|t:|1733880987\n|switch|p1a: Dugtrio|Dugtrio-Alola, L84, M|196/196\n|turn|22\n|\n|t:|1733880998\n|move|p1a: Dugtrio|Sucker Punch||[still]\n|-fail|p1a: Dugtrio\n|move|p2a: Illumise|Roost|p2a: Illumise\n|-heal|p2a: Illumise|140/266\n|-singleturn|p2a: Illumise|move: Roost\n|\n|upkeep\n|turn|23\n|\n|t:|1733881009\n|switch|p1a: Tinkaton|Tinkaton, L82, F|274/274\n|-ability|p1a: Tinkaton|Mold Breaker\n|move|p2a: Illumise|Roost|p2a: Illumise\n|-heal|p2a: Illumise|266/266\n|-singleturn|p2a: Illumise|move: Roost\n|\n|upkeep\n|turn|24\n|-message|ItzRif forfeited.\n|\n|win|Cquiroz\n|raw|ItzRif's rating: 1214 &rarr; <strong>1188</strong><br />(-26 for losing)\n|raw|Cquiroz's rating: 1199 &rarr; <strong>1225</strong><br />(+26 for winning)\n|l|\u2606ItzRif\n|player|p1|\n|c|\u2606Cquiroz|lol\n", "inputlog": ">version bfd83cad13791eb5a5a409923076391caf6fb4d4\n>start {\"formatid\":\"gen9randombattle\",\"seed\":[56716,44608,6085,27239],\"rated\":\"Rated battle\"}\n>player p1 {\"name\":\"ItzRif\",\"avatar\":\"unknown\",\"rating\":1214,\"seed\":[13605,43188,48764,8972]}\n>player p2 {\"name\":\"Cquiroz\",\"avatar\":\"170\",\"rating\":1199,\"seed\":[51645,60290,1088,8534]}\n>p1 move icebeam\n>p2 move bugbuzz\n>p1 move icebeam\n>p2 move thunderwave\n>p1 switch 6\n>p2 move roost\n>p1 move calmmind\n>p2 move thunderwave\n>p1 move calmmind\n>p2 move thunderwave\n>p1 move calmmind\n>p2 move thunderwave\n>p1 move calmmind\n>p2 move thunderwave\n>p1 move calmmind\n>p2 move thunderwave\n>p1 move calmmind\n>p2 move encore\n>p1 move judgment\n>p2 move encore\n>p1 move calmmind\n>p2 move bugbuzz\n>p1 move calmmind\n>p2 move thunderwave\n>p1 move judgment\n>p2 move encore\n>p1 move calmmind\n>p2 move bugbuzz\n>p1 move calmmind terastallize\n>p2 move bugbuzz\n>p1 move earthpower\n>p2 move encore\n>p1 move calmmind\n>p2 move bugbuzz\n>p1 move calmmind\n>p2 move bugbuzz\n>p1 move icebeam\n>p2 move encore\n>p1 move calmmind\n>p2 move bugbuzz\n>p1 switch 6\n>p2 move bugbuzz\n>p1 switch 2\n>p1 move suckerpunch\n>p2 move roost\n>p1 switch 3\n>p2 move roost\n>forcelose p1", "uploadtime": 1733881020, "views": 1, "formatid": "gen9randombattle", "rating": 1188, "private": 0, "password": null}