{"id": "gen9randombattle-2260542173", "format": "[Gen 9] Random Battle", "players": ["xvinyx", "Valenteddi"], "log": "|j|\u2606xvinyx\n|j|\u2606Valenteddi\n|t:|1733861757\n|gametype|singles\n|player|p1|xvinyx|1|1626\n|player|p2|Valenteddi|alec-anime|1645\n|teamsize|p1|6\n|teamsize|p2|6\n|gen|9\n|tier|[Gen 9] Random Battle\n|rated|\n|rule|Species Clause: Limit one of each Pok\u00e9mon\n|rule|HP Percentage Mod: HP is shown in percentages\n|rule|Sleep Clause Mod: Limit one foe put to sleep\n|rule|Illusion Level Mod: Illusion disguises the Pok\u00e9mon's true level\n|\n|t:|1733861757\n|start\n|switch|p1a: Sandaconda|Sandaconda, L84, M|258/258\n|switch|p2a: Greedent|Greedent, L86, M|347/347\n|turn|1\n|inactive|Battle timer is ON: inactive players will automatically lose when time's up. (requested by xvinyx)\n|\n|t:|1733861773\n|switch|p2a: Eelektross|Eelektross, L87, F|290/290\n|move|p1a: Sandaconda|Coil|p1a: Sandaconda\n|-boost|p1a: Sandaconda|atk|1\n|-boost|p1a: Sandaconda|def|1\n|-boost|p1a: Sandaconda|accuracy|1\n|\n|upkeep\n|turn|2\n|\n|t:|1733861790\n|move|p1a: Sandaconda|Scale Shot|p2a: Eelektross\n|-damage|p2a: Eelektross|259/290\n|-damage|p2a: Eelektross|231/290\n|-damage|p2a: Eelektross|198/290\n|-damage|p2a: Eelektross|168/290\n|-damage|p2a: Eelektross|139/290\n|-hitcount|p2a: Eelektross|5\n|-unboost|p1a: Sandaconda|def|1\n|-boost|p1a: Sandaconda|spe|1\n|move|p2a: Eelektross|Giga Drain|p1a: Sandaconda\n|-supereffective|p1a: Sandaconda\n|-damage|p1a: Sandaconda|128/258\n|-heal|p2a: Eelektross|204/290|[from] drain|[of] p1a: Sandaconda\n|\n|upkeep\n|turn|3\n|inactive|xvinyx has 120 seconds left.\n|\n|t:|1733861821\n|switch|p1a: Gogoat|Gogoat, L88, F|360/360\n|move|p2a: Eelektross|Giga Drain|p1a: Gogoat\n|-ability|p1a: Gogoat|Sap Sipper|boost\n|-boost|p1a: Gogoat|atk|1\n|\n|upkeep\n|turn|4\n|inactive|xvinyx has 120 seconds left.\n|\n|t:|1733861838\n|move|p1a: Gogoat|Horn Leech|p2a: Eelektross\n|-damage|p2a: Eelektross|63/290\n|move|p2a: Eelektross|U-turn|p1a: Gogoat\n|-supereffective|p1a: Gogoat\n|-damage|p1a: Gogoat|222/360\n|\n|t:|1733861844\n|switch|p2a: Vespiquen|Vespiquen, L98, F|296/296|[from] U-turn\n|-ability|p2a: Vespiquen|Pressure\n|\n|-heal|p1a: Gogoat|244/360|[from] item: Leftovers\n|upkeep\n|turn|5\n|\n|t:|1733861853\n|switch|p1a: Sandaconda|Sandaconda, L84, M|128/258\n|move|p2a: Vespiquen|Air Slash|p1a: Sandaconda\n|-damage|p1a: Sandaconda|20/258\n|\n|upkeep\n|turn|6\n|inactive|Valenteddi has 120 seconds left.\n|\n|t:|1733861888\n|move|p1a: Sandaconda|Rock Blast|p2a: Vespiquen\n|-supereffective|p2a: Vespiquen\n|-damage|p2a: Vespiquen|236/296\n|-supereffective|p2a: Vespiquen\n|-damage|p2a: Vespiquen|176/296\n|-supereffective|p2a: Vespiquen\n|-damage|p2a: Vespiquen|112/296\n|-supereffective|p2a: Vespiquen\n|-crit|p2a: Vespiquen\n|-damage|p2a: Vespiquen|16/296\n|-hitcount|p2a: Vespiquen|4\n|move|p2a: Vespiquen|U-turn|p1a: Sandaconda\n|-damage|p1a: Sandaconda|0 fnt\n|faint|p1a: Sandaconda\n|\n|t:|1733861893\n|switch|p2a: Dragalge|Dragalge, L88, F|258/258|[from] U-turn\n|\n|upkeep\n|\n|t:|1733861905\n|switch|p1a: Rampardos|Rampardos, L90, F|321/321\n|turn|7\n|inactive|Valenteddi has 120 seconds left.\n|\n|t:|1733861922\n|switch|p2a: Vespiquen|Vespiquen, L98, F|16/296\n|-ability|p2a: Vespiquen|Pressure\n|move|p1a: Rampardos|Rock Slide|p2a: Vespiquen\n|-supereffective|p2a: Vespiquen\n|-damage|p2a: Vespiquen|0 fnt\n|faint|p2a: Vespiquen\n|\n|upkeep\n|\n|t:|1733861925\n|switch|p2a: Excadrill|Excadrill, L79, M|303/303\n|-ability|p2a: Excadrill|Mold Breaker\n|turn|8\n|\n|t:|1733861939\n|move|p2a: Excadrill|Swords Dance|p2a: Excadrill\n|-boost|p2a: Excadrill|atk|2\n|move|p1a: Rampardos|Earthquake|p2a: Excadrill\n|-supereffective|p2a: Excadrill\n|-damage|p2a: Excadrill|0 fnt\n|faint|p2a: Excadrill\n|-damage|p1a: Rampardos|289/321|[from] item: Life Orb\n|\n|upkeep\n|inactive|Valenteddi has 120 seconds left.\n|\n|t:|1733861969\n|switch|p2a: Greedent|Greedent, L86, M|347/347\n|turn|9\n|\n|t:|1733861984\n|switch|p1a: Sinistcha|Sinistcha-Masterpiece, L83|254/254\n|-terastallize|p2a: Greedent|Ground\n|move|p2a: Greedent|Swords Dance|p2a: Greedent\n|-boost|p2a: Greedent|atk|2\n|\n|upkeep\n|turn|10\n|\n|t:|1733861994\n|move|p1a: Sinistcha|Matcha Gotcha|p2a: Greedent\n|-supereffective|p2a: Greedent\n|-damage|p2a: Greedent|129/347\n|-enditem|p2a: Greedent|Sitrus Berry|[eat]\n|-heal|p2a: Greedent|215/347|[from] item: Sitrus Berry\n|-heal|p2a: Greedent|330/347|[from] ability: Cheek Pouch\n|move|p2a: Greedent|Knock Off|p1a: Sinistcha\n|-supereffective|p1a: Sinistcha\n|-damage|p1a: Sinistcha|24/254\n|-enditem|p1a: Sinistcha|Leftovers|[from] move: Knock Off|[of] p2a: Greedent\n|\n|upkeep\n|turn|11\n|inactive|Valenteddi has 120 seconds left.\n|\n|t:|1733862006\n|move|p1a: Sinistcha|Strength Sap|p2a: Greedent\n|-unboost|p2a: Greedent|atk|1\n|-heal|p1a: Sinistcha|254/254\n|move|p2a: Greedent|Knock Off|p1a: Sinistcha\n|-supereffective|p1a: Sinistcha\n|-damage|p1a: Sinistcha|124/254\n|\n|upkeep\n|turn|12\n|\n|t:|1733862013\n|switch|p2a: Dragalge|Dragalge, L88, F|258/258\n|move|p1a: Sinistcha|Strength Sap|p2a: Dragalge\n|-unboost|p2a: Dragalge|atk|1\n|-heal|p1a: Sinistcha|254/254\n|\n|upkeep\n|turn|13\n|\n|t:|1733862025\n|switch|p1a: Rampardos|Rampardos, L90, F|289/321\n|move|p2a: Dragalge|Sludge Wave|p1a: Rampardos\n|-resisted|p1a: Rampardos\n|-damage|p1a: Rampardos|181/321\n|\n|upkeep\n|turn|14\n|\n|t:|1733862037\n|switch|p2a: Eelektross|Eelektross, L87, F|63/290\n|move|p1a: Rampardos|Earthquake|p2a: Eelektross\n|-immune|p2a: Eelektross|[from] ability: Levitate\n|\n|upkeep\n|turn|15\n|\n|t:|1733862043\n|move|p1a: Rampardos|Zen Headbutt|p2a: Eelektross\n|-crit|p2a: Eelektross\n|-damage|p2a: Eelektross|0 fnt\n|faint|p2a: Eelektross\n|\n|upkeep\n|\n|t:|1733862052\n|switch|p2a: Greedent|Greedent, L86, M, tera:Ground|330/347\n|turn|16\n|\n|t:|1733862057\n|switch|p1a: Sinistcha|Sinistcha-Masterpiece, L83|254/254\n|move|p2a: Greedent|Swords Dance|p2a: Greedent\n|-boost|p2a: Greedent|atk|2\n|\n|upkeep\n|turn|17\n|\n|t:|1733862064\n|move|p1a: Sinistcha|Matcha Gotcha|p2a: Greedent\n|-supereffective|p2a: Greedent\n|-damage|p2a: Greedent|114/347\n|-status|p2a: Greedent|brn\n|move|p2a: Greedent|Knock Off|p1a: Sinistcha\n|-supereffective|p1a: Sinistcha\n|-damage|p1a: Sinistcha|170/254\n|\n|-damage|p2a: Greedent|93/347 brn|[from] brn\n|upkeep\n|turn|18\n|\n|t:|1733862073\n|move|p1a: Sinistcha|Matcha Gotcha|p2a: Greedent\n|-supereffective|p2a: Greedent\n|-damage|p2a: Greedent|0 fnt\n|-heal|p1a: Sinistcha|217/254|[from] drain|[of] p2a: Greedent\n|faint|p2a: Greedent\n|\n|upkeep\n|\n|t:|1733862077\n|switch|p2a: Cetitan|Cetitan, L82, F|412/412\n|turn|19\n|\n|t:|1733862098\n|switch|p1a: Ceruledge|Ceruledge, L78, M|245/245\n|move|p2a: Cetitan|Belly Drum|p2a: Cetitan\n|-damage|p2a: Cetitan|206/412\n|-setboost|p2a: Cetitan|atk|6|[from] move: Belly Drum\n|-enditem|p2a: Cetitan|Sitrus Berry|[eat]\n|-heal|p2a: Cetitan|309/412|[from] item: Sitrus Berry\n|\n|upkeep\n|turn|20\n|\n|t:|1733862115\n|move|p1a: Ceruledge|Bitter Blade|p2a: Cetitan\n|-supereffective|p2a: Cetitan\n|-damage|p2a: Cetitan|165/412\n|move|p2a: Cetitan|Earthquake|p1a: Ceruledge\n|-supereffective|p1a: Ceruledge\n|-damage|p1a: Ceruledge|0 fnt\n|faint|p1a: Ceruledge\n|\n|upkeep\n|inactive|xvinyx has 120 seconds left.\n|\n|t:|1733862142\n|switch|p1a: Azumarill|Azumarill, L82, M|298/298\n|turn|21\n|\n|t:|1733862147\n|-terastallize|p1a: Azumarill|Water\n|move|p1a: Azumarill|Aqua Jet|p2a: Cetitan\n|-damage|p2a: Cetitan|31/412\n|move|p2a: Cetitan|Earthquake|p1a: Azumarill\n|-damage|p1a: Azumarill|0 fnt\n|faint|p1a: Azumarill\n|\n|upkeep\n|inactive|xvinyx has 120 seconds left.\n|\n|t:|1733862157\n|switch|p1a: Gogoat|Gogoat, L88, F|244/360\n|turn|22\n|\n|t:|1733862161\n|move|p2a: Cetitan|Ice Shard|p1a: Gogoat\n|-supereffective|p1a: Gogoat\n|-damage|p1a: Gogoat|0 fnt\n|faint|p1a: Gogoat\n|\n|upkeep\n|inactive|xvinyx has 120 seconds left.\n|-message|xvinyx forfeited.\n|\n|win|Valenteddi\n|raw|xvinyx's rating: 1626 &rarr; <strong>1607</strong><br />(-19 for losing)\n|raw|Valenteddi's rating: 1645 &rarr; <strong>1664</strong><br />(+19 for winning)\n|l|\u2606xvinyx\n|player|p1|\n", "inputlog": ">version bfd83cad13791eb5a5a409923076391caf6fb4d4\n>start {\"formatid\":\"gen9randombattle\",\"seed\":[53977,34115,60939,457],\"rated\":\"Rated battle\"}\n>player p1 {\"name\":\"xvinyx\",\"avatar\":\"1\",\"rating\":1626,\"seed\":[53574,43583,46222,45714]}\n>player p2 {\"name\":\"Valenteddi\",\"avatar\":\"alec-anime\",\"rating\":1645,\"seed\":[60550,43778,6569,32194]}\n>p1 move coil\n>p2 switch 5\n>p1 move scaleshot\n>p2 move gigadrain\n>p1 switch 6\n>p2 move gigadrain\n>p1 move hornleech\n>p2 move uturn\n>p2 switch 2\n>p1 switch 6\n>p2 move airslash\n>p1 move rockblast\n>p2 move uturn\n>p2 switch 3\n>p1 switch 4\n>p1 move rockslide\n>p2 switch 3\n>p2 switch 4\n>p1 move earthquake\n>p2 move swordsdance\n>p2 switch 5\n>p1 switch 2\n>p2 move swordsdance terastallize\n>p1 move matchagotcha\n>p2 move knockoff\n>p1 move strengthsap\n>p2 move knockoff\n>p1 move strengthsap\n>p2 switch 3\n>p1 switch 2\n>p2 move sludgewave\n>p1 move earthquake\n>p2 switch 2\n>p1 move zenheadbutt\n>p2 move gigadrain\n>p2 switch 3\n>p1 switch 2\n>p2 move swordsdance\n>p1 move matchagotcha\n>p2 move knockoff\n>p1 move matchagotcha\n>p2 move knockoff\n>p2 switch 6\n>p1 switch 3\n>p2 move bellydrum\n>p1 move bitterblade\n>p2 move earthquake\n>p1 switch 5\n>p1 move aquajet terastallize\n>p2 move earthquake\n>p1 switch 6\n>p1 move hornleech\n>p2 move iceshard\n>forcelose p1", "uploadtime": 1733862189, "views": 1, "formatid": "gen9randombattle", "rating": 1607, "private": 0, "password": null}