{"id": "gen9randombattle-2259804259", "format": "[Gen 9] Random Battle", "players": ["Hemorraghe2", "Liagaras"], "log": "|j|\u2606Hemorraghe2\n|j|\u2606Liagaras\n|t:|1733768370\n|gametype|singles\n|player|p1|Hemorraghe2|265|1402\n|player|p2|Liagaras|youngster-gen4dp|1385\n|teamsize|p1|6\n|teamsize|p2|6\n|gen|9\n|tier|[Gen 9] Random Battle\n|rated|\n|rule|Species Clause: Limit one of each Pok\u00e9mon\n|rule|HP Percentage Mod: HP is shown in percentages\n|rule|Sleep Clause Mod: Limit one foe put to sleep\n|rule|Illusion Level Mod: Illusion disguises the Pok\u00e9mon's true level\n|\n|t:|1733768370\n|start\n|switch|p1a: Victreebel|Victreebel, L90, F|290/290\n|switch|p2a: Kricketune|Kricketune, L99, M|219/219\n|turn|1\n|\n|t:|1733768401\n|switch|p1a: Wigglytuff|Wigglytuff, L96, M|424/424\n|move|p2a: Kricketune|Trick|p1a: Wigglytuff\n|-activate|p2a: Kricketune|move: Trick|[of] p1a: Wigglytuff\n|-item|p1a: Wigglytuff|Choice Specs|[from] move: Trick\n|-item|p2a: Kricketune|Leftovers|[from] move: Trick\n|\n|upkeep\n|turn|2\n|\n|t:|1733768417\n|move|p2a: Kricketune|Focus Blast|p1a: Wigglytuff|[miss]\n|-miss|p2a: Kricketune|p1a: Wigglytuff\n|move|p1a: Wigglytuff|Fire Blast|p2a: Kricketune\n|-damage|p2a: Kricketune|18/219\n|replace|p2a: Zoroark|Zoroark-Hisui, L80, F\n|-end|p2a: Zoroark|Illusion\n|-hint|Illusion Level Mod is active, so this Pok\u00e9mon's true level was hidden.\n|\n|-heal|p2a: Zoroark|31/219|[from] item: Leftovers\n|upkeep\n|turn|3\n|\n|t:|1733768425\n|move|p2a: Zoroark|Hyper Voice|p1a: Wigglytuff\n|-damage|p1a: Wigglytuff|277/424\n|move|p1a: Wigglytuff|Fire Blast|p2a: Zoroark\n|-damage|p2a: Zoroark|0 fnt\n|faint|p2a: Zoroark\n|\n|upkeep\n|c|\u2606Hemorraghe2|The rare spatk wiggly\n|c|\u2606Hemorraghe2|Lol\n|\n|t:|1733768438\n|switch|p2a: Salazzle|Salazzle, L83, F|249/249\n|turn|4\n|\n|t:|1733768445\n|switch|p1a: Clodsire|Clodsire, L81, M|343/343\n|move|p2a: Salazzle|Substitute|p2a: Salazzle\n|-start|p2a: Salazzle|Substitute\n|-damage|p2a: Salazzle|187/249\n|\n|-heal|p2a: Salazzle|202/249|[from] item: Leftovers\n|upkeep\n|turn|5\n|\n|t:|1733768452\n|move|p2a: Salazzle|Flamethrower|p1a: Clodsire\n|-damage|p1a: Clodsire|240/343\n|move|p1a: Clodsire|Earthquake|p2a: Salazzle\n|-supereffective|p2a: Salazzle\n|-end|p2a: Salazzle|Substitute\n|\n|-heal|p2a: Salazzle|217/249|[from] item: Leftovers\n|-heal|p1a: Clodsire|261/343|[from] item: Leftovers\n|upkeep\n|turn|6\n|\n|t:|1733768470\n|switch|p2a: Brambleghast|Brambleghast, L88, M|240/240\n|move|p1a: Clodsire|Earthquake|p2a: Brambleghast\n|-resisted|p2a: Brambleghast\n|-damage|p2a: Brambleghast|196/240\n|\n|-heal|p1a: Clodsire|282/343|[from] item: Leftovers\n|upkeep\n|turn|7\n|\n|t:|1733768476\n|move|p2a: Brambleghast|Strength Sap|p1a: Clodsire\n|-unboost|p1a: Clodsire|atk|1\n|-heal|p2a: Brambleghast|240/240\n|move|p1a: Clodsire|Gunk Shot|p2a: Brambleghast|[miss]\n|-miss|p1a: Clodsire|p2a: Brambleghast\n|\n|-heal|p1a: Clodsire|303/343|[from] item: Leftovers\n|upkeep\n|turn|8\n|\n|t:|1733768486\n|switch|p1a: Victreebel|Victreebel, L90, F|290/290\n|move|p2a: Brambleghast|Strength Sap|p1a: Victreebel\n|-unboost|p1a: Victreebel|atk|1\n|\n|upkeep\n|turn|9\n|\n|t:|1733768491\n|move|p1a: Victreebel|Sucker Punch|p2a: Brambleghast\n|-supereffective|p2a: Brambleghast\n|-damage|p2a: Brambleghast|107/240\n|-damage|p1a: Victreebel|261/290|[from] item: Life Orb\n|move|p2a: Brambleghast|Poltergeist|p1a: Victreebel\n|-activate|p1a: Victreebel|move: Poltergeist|Life Orb\n|-crit|p1a: Victreebel\n|-damage|p1a: Victreebel|0 fnt\n|faint|p1a: Victreebel\n|\n|upkeep\n|c|\u2606Liagaras|wow\n|c|\u2606Hemorraghe2|I did not expect that to kill\n|c|\u2606Liagaras|neither did i\n|c|\u2606Liagaras|crit mattered fs\n|\n|t:|1733768509\n|switch|p1a: Dragapult|Dragapult, L77, F|262/262\n|turn|10\n|\n|t:|1733768513\n|move|p1a: Dragapult|Shadow Ball|p2a: Brambleghast\n|-supereffective|p2a: Brambleghast\n|-damage|p2a: Brambleghast|0 fnt\n|faint|p2a: Brambleghast\n|\n|upkeep\n|\n|t:|1733768518\n|switch|p2a: Zarude|Zarude, L78|292/292\n|turn|11\n|inactive|Battle timer is ON: inactive players will automatically lose when time's up. (requested by Liagaras)\n|c|\u2606Hemorraghe2|No no no, that\u2019s just on me for having a phone\n|c|\u2606Liagaras|:o\n|\n|t:|1733768545\n|switch|p1a: Wigglytuff|Wigglytuff, L96, M|277/424\n|move|p2a: Zarude|Knock Off|p1a: Wigglytuff\n|-resisted|p1a: Wigglytuff\n|-damage|p1a: Wigglytuff|190/424\n|-enditem|p1a: Wigglytuff|Choice Specs|[from] move: Knock Off|[of] p2a: Zarude\n|-damage|p2a: Zarude|263/292|[from] item: Life Orb\n|\n|upkeep\n|turn|12\n|c|\u2606Liagaras|no more specs that i gave u sir\n|\n|t:|1733768561\n|switch|p2a: Salazzle|Salazzle, L83, F|217/249\n|move|p1a: Wigglytuff|Wish|p1a: Wigglytuff\n|\n|-heal|p2a: Salazzle|232/249|[from] item: Leftovers\n|upkeep\n|turn|13\n|\n|t:|1733768568\n|move|p1a: Wigglytuff|Protect|p1a: Wigglytuff\n|-singleturn|p1a: Wigglytuff|Protect\n|move|p2a: Salazzle|Substitute|p2a: Salazzle\n|-start|p2a: Salazzle|Substitute\n|-damage|p2a: Salazzle|170/249\n|\n|-heal|p1a: Wigglytuff|402/424|[from] move: Wish|[wisher] Wigglytuff\n|-heal|p2a: Salazzle|185/249|[from] item: Leftovers\n|upkeep\n|turn|14\n|\n|t:|1733768571\n|switch|p1a: Clodsire|Clodsire, L81, M|303/343\n|move|p2a: Salazzle|Toxic|p1a: Clodsire\n|-status|p1a: Clodsire|tox\n|\n|-heal|p2a: Salazzle|200/249|[from] item: Leftovers\n|-heal|p1a: Clodsire|324/343 tox|[from] item: Leftovers\n|-damage|p1a: Clodsire|303/343 tox|[from] psn\n|upkeep\n|turn|15\n|c|\u2606Hemorraghe2|Wait what\n|c|\u2606Hemorraghe2|since when can poison types be poisoned\n|c|\u2606Liagaras|corrosion\n|c|\u2606Hemorraghe2|Ohh\n|\n|t:|1733768598\n|move|p2a: Salazzle|Protect|p2a: Salazzle\n|-singleturn|p2a: Salazzle|Protect\n|move|p1a: Clodsire|Earthquake|p2a: Salazzle\n|-activate|p2a: Salazzle|move: Protect\n|\n|-heal|p2a: Salazzle|215/249|[from] item: Leftovers\n|-heal|p1a: Clodsire|324/343 tox|[from] item: Leftovers\n|-damage|p1a: Clodsire|282/343 tox|[from] psn\n|upkeep\n|turn|16\n|\n|t:|1733768601\n|move|p2a: Salazzle|Flamethrower|p1a: Clodsire\n|-damage|p1a: Clodsire|180/343 tox\n|move|p1a: Clodsire|Earthquake|p2a: Salazzle\n|-supereffective|p2a: Salazzle\n|-end|p2a: Salazzle|Substitute\n|\n|-heal|p2a: Salazzle|230/249|[from] item: Leftovers\n|-heal|p1a: Clodsire|201/343 tox|[from] item: Leftovers\n|-damage|p1a: Clodsire|138/343 tox|[from] psn\n|upkeep\n|turn|17\n|\n|t:|1733768606\n|move|p2a: Salazzle|Substitute|p2a: Salazzle\n|-start|p2a: Salazzle|Substitute\n|-damage|p2a: Salazzle|168/249\n|move|p1a: Clodsire|Earthquake|p2a: Salazzle\n|-supereffective|p2a: Salazzle\n|-end|p2a: Salazzle|Substitute\n|\n|-heal|p2a: Salazzle|183/249|[from] item: Leftovers\n|-heal|p1a: Clodsire|159/343 tox|[from] item: Leftovers\n|-damage|p1a: Clodsire|75/343 tox|[from] psn\n|upkeep\n|turn|18\n|\n|t:|1733768611\n|move|p2a: Salazzle|Flamethrower|p1a: Clodsire\n|-damage|p1a: Clodsire|0 fnt\n|faint|p1a: Clodsire\n|\n|-heal|p2a: Salazzle|198/249|[from] item: Leftovers\n|upkeep\n|\n|t:|1733768620\n|switch|p1a: Wugtrio|Wugtrio, L91, F|212/212\n|turn|19\n|\n|t:|1733768630\n|move|p1a: Wugtrio|Stomping Tantrum|p2a: Salazzle\n|-supereffective|p2a: Salazzle\n|-damage|p2a: Salazzle|0 fnt\n|faint|p2a: Salazzle\n|\n|upkeep\n|\n|t:|1733768639\n|switch|p2a: Zarude|Zarude, L78|263/292\n|turn|20\n|\n|t:|1733768647\n|switch|p1a: Wigglytuff|Wigglytuff, L96, M|402/424\n|move|p2a: Zarude|Power Whip|p1a: Wigglytuff\n|-damage|p1a: Wigglytuff|168/424\n|-damage|p2a: Zarude|234/292|[from] item: Life Orb\n|\n|upkeep\n|turn|21\n|\n|t:|1733768655\n|move|p2a: Zarude|Power Whip|p1a: Wigglytuff\n|-damage|p1a: Wigglytuff|0 fnt\n|faint|p1a: Wigglytuff\n|-damage|p2a: Zarude|205/292|[from] item: Life Orb\n|\n|upkeep\n|\n|t:|1733768665\n|switch|p1a: Dragapult|Dragapult, L77, F|262/262\n|turn|22\n|\n|t:|1733768673\n|switch|p2a: Kricketune|Kricketune, L99, M|312/312\n|-terastallize|p1a: Dragapult|Fire\n|move|p1a: Dragapult|Fire Blast|p2a: Kricketune\n|-supereffective|p2a: Kricketune\n|-damage|p2a: Kricketune|0 fnt\n|faint|p2a: Kricketune\n|\n|upkeep\n|\n|t:|1733768698\n|switch|p2a: Deoxys|Deoxys-Defense, L84|221/221\n|-ability|p2a: Deoxys|Pressure\n|turn|23\n|\n|t:|1733768703\n|move|p1a: Dragapult|Fire Blast|p2a: Deoxys\n|-damage|p2a: Deoxys|124/221\n|move|p2a: Deoxys|Cosmic Power|p2a: Deoxys\n|-boost|p2a: Deoxys|def|1\n|-boost|p2a: Deoxys|spd|1\n|\n|-heal|p2a: Deoxys|137/221|[from] item: Leftovers\n|upkeep\n|turn|24\n|\n|t:|1733768709\n|move|p1a: Dragapult|Fire Blast|p2a: Deoxys\n|-crit|p2a: Deoxys\n|-damage|p2a: Deoxys|0 fnt\n|faint|p2a: Deoxys\n|\n|upkeep\n|c|\u2606Liagaras|Sadge\n|\n|t:|1733768714\n|switch|p2a: Zarude|Zarude, L78|205/292\n|turn|25\n|c|\u2606Hemorraghe2|Fr\n|\n|t:|1733768728\n|-terastallize|p2a: Zarude|Dark\n|move|p1a: Dragapult|Fire Blast|p2a: Zarude\n|-damage|p2a: Zarude|43/292\n|move|p2a: Zarude|Knock Off|p1a: Dragapult\n|-damage|p1a: Dragapult|41/262\n|-enditem|p1a: Dragapult|Choice Specs|[from] move: Knock Off|[of] p2a: Zarude\n|-damage|p2a: Zarude|14/292|[from] item: Life Orb\n|\n|upkeep\n|turn|26\n|c|\u2606Liagaras|ggs\n|c|\u2606Hemorraghe2|Not to mention my metagross\n|c|\u2606Hemorraghe2|That I have still\n|c|\u2606Liagaras|:o\n|\n|t:|1733768749\n|move|p1a: Dragapult|Thunderbolt|p2a: Zarude\n|-damage|p2a: Zarude|0 fnt\n|faint|p2a: Zarude\n|\n|win|Hemorraghe2\n|raw|Hemorraghe2's rating: 1402 &rarr; <strong>1421</strong><br />(+19 for winning)\n|raw|Liagaras's rating: 1385 &rarr; <strong>1366</strong><br />(-19 for losing)\n|l|\u2606Liagaras\n|player|p2|\n|c|\u2606Hemorraghe2|Hg\n", "inputlog": ">version bfd83cad13791eb5a5a409923076391caf6fb4d4\n>start {\"formatid\":\"gen9randombattle\",\"seed\":[40863,15354,16145,53857],\"rated\":\"Rated battle\"}\n>player p1 {\"name\":\"Hemorraghe2\",\"avatar\":\"265\",\"rating\":1402,\"seed\":[15108,54922,40309,15496]}\n>player p2 {\"name\":\"Liagaras\",\"avatar\":\"youngster-gen4dp\",\"rating\":1385,\"seed\":[45612,40757,51095,18094]}\n>p1 switch 4\n>p2 move trick\n>p1 move fireblast\n>p2 move focusblast\n>p1 move fireblast\n>p2 move hypervoice\n>chat \u2606Hemorraghe2|The rare spatk wiggly\n>chat \u2606Hemorraghe2|Lol\n>p2 switch 2\n>p1 switch 2\n>p2 move substitute\n>p1 move earthquake\n>p2 move flamethrower\n>p1 move earthquake\n>p2 switch 3\n>p1 move gunkshot\n>p2 move strengthsap\n>p1 switch 4\n>p2 move strengthsap\n>p1 move suckerpunch\n>p2 move poltergeist\n>chat \u2606Liagaras|wow\n>chat \u2606Hemorraghe2|I did not expect that to kill\n>chat \u2606Liagaras|neither did i\n>chat \u2606Liagaras|crit mattered fs\n>p1 switch 5\n>p1 move shadowball\n>p2 move strengthsap\n>p2 switch 5\n>chat \u2606Hemorraghe2|No no no, that\u2019s just on me for having a phone\n>chat \u2606Liagaras|:o\n>p1 switch 2\n>p2 move knockoff\n>chat \u2606Liagaras|no more specs that i gave u sir\n>p1 move wish\n>p2 switch 3\n>p1 move protect\n>p2 move substitute\n>p1 switch 4\n>p2 move toxic\n>chat \u2606Hemorraghe2|Wait what\n>chat \u2606Hemorraghe2|since when can poison types be poisoned\n>chat \u2606Liagaras|corrosion\n>chat \u2606Hemorraghe2|Ohh\n>p1 move earthquake\n>p2 move protect\n>p1 move earthquake\n>p2 move flamethrower\n>p1 move earthquake\n>p2 move substitute\n>p1 move recover\n>p2 move flamethrower\n>p1 switch 3\n>p1 move stompingtantrum\n>p2 move substitute\n>p2 switch 3\n>p1 switch 4\n>p2 move powerwhip\n>p1 move wish\n>p2 move powerwhip\n>p1 switch 2\n>p1 move fireblast terastallize\n>p2 switch 6\n>p2 switch 4\n>p1 move fireblast\n>p2 move cosmicpower\n>p1 move fireblast\n>p2 move recover\n>chat \u2606Liagaras|Sadge\n>p2 switch 6\n>chat \u2606Hemorraghe2|Fr\n>p1 move fireblast\n>p2 move knockoff terastallize\n>chat \u2606Liagaras|ggs\n>chat \u2606Hemorraghe2|Not to mention my metagross\n>chat \u2606Hemorraghe2|That I have still\n>chat \u2606Liagaras|:o\n>p1 move thunderbolt\n>p2 move knockoff", "uploadtime": 1733768759, "views": 3, "formatid": "gen9randombattle", "rating": 1366, "private": 0, "password": null}