{"id": "gen9randombattle-2259807456", "format": "[Gen 9] Random Battle", "players": ["riperoo 6565", "Shxds!"], "log": "|j|\u2606riperoo 6565\n|j|\u2606Shxds!\n|t:|1733768676\n|gametype|singles\n|player|p1|riperoo 6565|169|1290\n|player|p2|Shxds!|266|1303\n|teamsize|p1|6\n|teamsize|p2|6\n|gen|9\n|tier|[Gen 9] Random Battle\n|rated|\n|rule|Species Clause: Limit one of each Pok\u00e9mon\n|rule|HP Percentage Mod: HP is shown in percentages\n|rule|Sleep Clause Mod: Limit one foe put to sleep\n|rule|Illusion Level Mod: Illusion disguises the Pok\u00e9mon's true level\n|\n|t:|1733768676\n|start\n|switch|p1a: Primarina|Primarina, L83, F|268/268\n|switch|p2a: Wigglytuff|Wigglytuff, L96, M|424/424\n|turn|1\n|inactive|Battle timer is ON: inactive players will automatically lose when time's up. (requested by riperoo 6565)\n|\n|t:|1733768700\n|move|p1a: Primarina|Calm Mind|p1a: Primarina\n|-boost|p1a: Primarina|spa|1\n|-boost|p1a: Primarina|spd|1\n|move|p2a: Wigglytuff|Thunder Wave|p1a: Primarina|[miss]\n|-miss|p2a: Wigglytuff|p1a: Primarina\n|\n|upkeep\n|turn|2\n|\n|t:|1733768712\n|move|p1a: Primarina|Psychic Noise|p2a: Wigglytuff\n|-crit|p2a: Wigglytuff\n|-damage|p2a: Wigglytuff|159/424\n|-start|p2a: Wigglytuff|move: Heal Block\n|move|p2a: Wigglytuff|Thunder Wave|p1a: Primarina\n|-status|p1a: Primarina|par\n|\n|upkeep\n|turn|3\n|\n|t:|1733768735\n|switch|p2a: Gholdengo|Gholdengo, L77|261/261\n|move|p1a: Primarina|Psychic Noise|p2a: Gholdengo\n|-damage|p2a: Gholdengo|101/261\n|-start|p2a: Gholdengo|move: Heal Block\n|\n|upkeep\n|turn|4\n|\n|t:|1733768750\n|switch|p1a: Kommo-o|Kommo-o, L78, M|245/245\n|move|p2a: Gholdengo|Make It Rain|p1a: Kommo-o\n|-damage|p1a: Kommo-o|124/245\n|-unboost|p2a: Gholdengo|spa|1\n|\n|-end|p2a: Gholdengo|move: Heal Block\n|upkeep\n|turn|5\n|\n|t:|1733768764\n|-terastallize|p1a: Kommo-o|Steel\n|move|p1a: Kommo-o|Clangorous Soul|p1a: Kommo-o\n|-boost|p1a: Kommo-o|atk|1\n|-boost|p1a: Kommo-o|def|1\n|-boost|p1a: Kommo-o|spa|1\n|-boost|p1a: Kommo-o|spd|1\n|-boost|p1a: Kommo-o|spe|1\n|-damage|p1a: Kommo-o|44/245\n|-enditem|p1a: Kommo-o|Throat Spray\n|-boost|p1a: Kommo-o|spa|1|[from] item: Throat Spray\n|move|p2a: Gholdengo|Thunder Wave|p1a: Kommo-o\n|-status|p1a: Kommo-o|par\n|\n|-heal|p2a: Gholdengo|117/261|[from] item: Leftovers\n|upkeep\n|turn|6\n|\n|t:|1733768781\n|move|p2a: Gholdengo|Shadow Ball|p1a: Kommo-o\n|-damage|p1a: Kommo-o|7/245 par\n|move|p1a: Kommo-o|Clanging Scales|p2a: Gholdengo\n|-resisted|p2a: Gholdengo\n|-damage|p2a: Gholdengo|14/261\n|-unboost|p1a: Kommo-o|def|1\n|\n|-heal|p2a: Gholdengo|30/261|[from] item: Leftovers\n|upkeep\n|turn|7\n|\n|t:|1733768798\n|switch|p2a: Wigglytuff|Wigglytuff, L96, M|159/424\n|move|p1a: Kommo-o|Iron Head|p2a: Wigglytuff\n|-supereffective|p2a: Wigglytuff\n|-damage|p2a: Wigglytuff|0 fnt\n|faint|p2a: Wigglytuff\n|\n|upkeep\n|\n|t:|1733768801\n|switch|p2a: Gholdengo|Gholdengo, L77|30/261\n|turn|8\n|\n|t:|1733768806\n|move|p2a: Gholdengo|Shadow Ball|p1a: Kommo-o\n|-damage|p1a: Kommo-o|0 fnt\n|faint|p1a: Kommo-o\n|\n|-heal|p2a: Gholdengo|46/261|[from] item: Leftovers\n|upkeep\n|\n|t:|1733768815\n|switch|p1a: Whimsicott|Whimsicott, L85, M|241/241\n|turn|9\n|\n|t:|1733768827\n|move|p1a: Whimsicott|Substitute|p1a: Whimsicott\n|-start|p1a: Whimsicott|Substitute\n|-damage|p1a: Whimsicott|181/241\n|move|p2a: Gholdengo|Thunder Wave||[still]\n|-fail|p2a: Gholdengo\n|\n|-heal|p1a: Whimsicott|196/241|[from] item: Leftovers\n|-heal|p2a: Gholdengo|62/261|[from] item: Leftovers\n|upkeep\n|turn|10\n|\n|t:|1733768848\n|move|p1a: Whimsicott|Leech Seed|p2a: Gholdengo\n|-immune|p2a: Gholdengo|[from] ability: Good as Gold\n|move|p2a: Gholdengo|Shadow Ball|p1a: Whimsicott\n|-end|p1a: Whimsicott|Substitute\n|\n|-heal|p1a: Whimsicott|211/241|[from] item: Leftovers\n|-heal|p2a: Gholdengo|78/261|[from] item: Leftovers\n|upkeep\n|turn|11\n|\n|t:|1733768858\n|move|p1a: Whimsicott|Hurricane|p2a: Gholdengo|[miss]\n|-miss|p1a: Whimsicott|p2a: Gholdengo\n|move|p2a: Gholdengo|Recover|p2a: Gholdengo\n|-heal|p2a: Gholdengo|209/261\n|\n|-heal|p1a: Whimsicott|226/241|[from] item: Leftovers\n|-heal|p2a: Gholdengo|225/261|[from] item: Leftovers\n|upkeep\n|turn|12\n|\n|t:|1733768869\n|switch|p1a: Regigigas|Regigigas, L84|322/322\n|-start|p1a: Regigigas|ability: Slow Start\n|move|p2a: Gholdengo|Shadow Ball|p1a: Regigigas\n|-immune|p1a: Regigigas\n|\n|-heal|p2a: Gholdengo|241/261|[from] item: Leftovers\n|upkeep\n|turn|13\n|\n|t:|1733768876\n|move|p2a: Gholdengo|Thunder Wave|p1a: Regigigas\n|-status|p1a: Regigigas|par\n|move|p1a: Regigigas|Knock Off|p2a: Gholdengo\n|-supereffective|p2a: Gholdengo\n|-damage|p2a: Gholdengo|135/261\n|-enditem|p2a: Gholdengo|Leftovers|[from] move: Knock Off|[of] p1a: Regigigas\n|\n|upkeep\n|turn|14\n|\n|t:|1733768884\n|move|p2a: Gholdengo|Recover|p2a: Gholdengo\n|-heal|p2a: Gholdengo|261/261\n|cant|p1a: Regigigas|par\n|\n|upkeep\n|turn|15\n|\n|t:|1733768899\n|switch|p2a: Toucannon|Toucannon, L88, F|284/284\n|move|p1a: Regigigas|Knock Off|p2a: Toucannon\n|-damage|p2a: Toucannon|233/284\n|-enditem|p2a: Toucannon|Heavy-Duty Boots|[from] move: Knock Off|[of] p1a: Regigigas\n|\n|upkeep\n|turn|16\n|\n|t:|1733768907\n|move|p2a: Toucannon|Knock Off|p1a: Regigigas\n|-damage|p1a: Regigigas|240/322 par\n|-enditem|p1a: Regigigas|Leftovers|[from] move: Knock Off|[of] p2a: Toucannon\n|move|p1a: Regigigas|Body Slam|p2a: Toucannon\n|-damage|p2a: Toucannon|164/284\n|-status|p2a: Toucannon|par\n|\n|upkeep\n|turn|17\n|\n|t:|1733768928\n|move|p2a: Toucannon|Roost|p2a: Toucannon\n|-heal|p2a: Toucannon|284/284 par\n|-singleturn|p2a: Toucannon|move: Roost\n|move|p1a: Regigigas|Body Slam|p2a: Toucannon\n|-damage|p2a: Toucannon|214/284 par\n|\n|-end|p1a: Regigigas|Slow Start\n|upkeep\n|turn|18\n|\n|t:|1733768937\n|move|p1a: Regigigas|Body Slam|p2a: Toucannon\n|-damage|p2a: Toucannon|63/284 par\n|move|p2a: Toucannon|Boomburst|p1a: Regigigas\n|-damage|p1a: Regigigas|129/322 par\n|\n|upkeep\n|turn|19\n|\n|t:|1733768945\n|move|p1a: Regigigas|Rest|p1a: Regigigas\n|-status|p1a: Regigigas|slp|[from] move: Rest\n|-heal|p1a: Regigigas|322/322 slp|[silent]\n|move|p2a: Toucannon|Roost|p2a: Toucannon\n|-heal|p2a: Toucannon|205/284 par\n|-singleturn|p2a: Toucannon|move: Roost\n|\n|upkeep\n|turn|20\n|\n|t:|1733768953\n|cant|p1a: Regigigas|slp\n|move|p1a: Regigigas|Sleep Talk|p1a: Regigigas\n|move|p1a: Regigigas|Rest||[from]move: Sleep Talk|[still]\n|-fail|p1a: Regigigas\n|cant|p2a: Toucannon|par\n|\n|upkeep\n|turn|21\n|\n|t:|1733768973\n|cant|p1a: Regigigas|slp\n|move|p1a: Regigigas|Sleep Talk|p1a: Regigigas\n|move|p1a: Regigigas|Body Slam|p2a: Toucannon|[from]move: Sleep Talk\n|-damage|p2a: Toucannon|54/284 par\n|move|p2a: Toucannon|Boomburst|p1a: Regigigas\n|-damage|p1a: Regigigas|211/322 slp\n|\n|upkeep\n|turn|22\n|\n|t:|1733768984\n|-singleturn|p2a: Toucannon|move: Beak Blast\n|-curestatus|p1a: Regigigas|slp|[msg]\n|move|p1a: Regigigas|Body Slam|p2a: Toucannon\n|-damage|p2a: Toucannon|0 fnt\n|-status|p1a: Regigigas|brn\n|faint|p2a: Toucannon\n|\n|-damage|p1a: Regigigas|191/322 brn|[from] brn\n|upkeep\n|\n|t:|1733768990\n|switch|p2a: Regidrago|Regidrago, L77|435/435\n|turn|23\n|\n|t:|1733769001\n|move|p2a: Regidrago|Dragon Energy|p1a: Regigigas\n|-damage|p1a: Regigigas|19/322 brn\n|move|p1a: Regigigas|Rest|p1a: Regigigas\n|-status|p1a: Regigigas|slp|[from] move: Rest\n|-heal|p1a: Regigigas|322/322 slp|[silent]\n|\n|upkeep\n|turn|24\n|\n|t:|1733769008\n|-end|p1a: Regigigas|Slow Start|[silent]\n|switch|p1a: Whimsicott|Whimsicott, L85, M|226/241\n|move|p2a: Regidrago|Dragon Energy|p1a: Whimsicott\n|-immune|p1a: Whimsicott\n|\n|-heal|p1a: Whimsicott|241/241|[from] item: Leftovers\n|upkeep\n|turn|25\n|\n|t:|1733769025\n|switch|p2a: Gholdengo|Gholdengo, L77|261/261\n|move|p1a: Whimsicott|Substitute|p1a: Whimsicott\n|-start|p1a: Whimsicott|Substitute\n|-damage|p1a: Whimsicott|181/241\n|\n|-heal|p1a: Whimsicott|196/241|[from] item: Leftovers\n|upkeep\n|turn|26\n|\n|t:|1733769032\n|move|p1a: Whimsicott|Hurricane|p2a: Gholdengo\n|-resisted|p2a: Gholdengo\n|-damage|p2a: Gholdengo|223/261\n|-start|p2a: Gholdengo|confusion\n|-activate|p2a: Gholdengo|confusion\n|move|p2a: Gholdengo|Shadow Ball|p1a: Whimsicott\n|-end|p1a: Whimsicott|Substitute\n|\n|-heal|p1a: Whimsicott|211/241|[from] item: Leftovers\n|upkeep\n|turn|27\n|\n|t:|1733769051\n|switch|p1a: Regigigas|Regigigas, L84|322/322 slp\n|-start|p1a: Regigigas|ability: Slow Start\n|-activate|p2a: Gholdengo|confusion\n|-damage|p2a: Gholdengo|210/261|[from] confusion\n|\n|upkeep\n|turn|28\n|\n|t:|1733769070\n|switch|p2a: Iron Valiant|Iron Valiant, L78|244/244\n|cant|p1a: Regigigas|slp\n|move|p1a: Regigigas|Sleep Talk|p1a: Regigigas\n|move|p1a: Regigigas|Rest||[from]move: Sleep Talk|[still]\n|-fail|p1a: Regigigas\n|\n|upkeep\n|turn|29\n|\n|t:|1733769085\n|-end|p1a: Regigigas|Slow Start|[silent]\n|switch|p1a: Primarina|Primarina, L83, F|268/268 par\n|move|p2a: Iron Valiant|Knock Off|p1a: Primarina\n|-resisted|p1a: Primarina\n|-damage|p1a: Primarina|208/268 par\n|-enditem|p1a: Primarina|Leftovers|[from] move: Knock Off|[of] p2a: Iron Valiant\n|-damage|p2a: Iron Valiant|220/244|[from] item: Life Orb\n|\n|upkeep\n|turn|30\n|\n|t:|1733769102\n|move|p2a: Iron Valiant|Moonblast|p1a: Primarina\n|-damage|p1a: Primarina|105/268 par\n|-unboost|p1a: Primarina|spa|1\n|-damage|p2a: Iron Valiant|196/244|[from] item: Life Orb\n|move|p1a: Primarina|Draining Kiss|p2a: Iron Valiant\n|-supereffective|p2a: Iron Valiant\n|-damage|p2a: Iron Valiant|74/244\n|-heal|p1a: Primarina|197/268 par|[from] drain|[of] p2a: Iron Valiant\n|\n|upkeep\n|turn|31\n|\n|t:|1733769116\n|move|p2a: Iron Valiant|Moonblast|p1a: Primarina\n|-damage|p1a: Primarina|94/268 par\n|-damage|p2a: Iron Valiant|50/244|[from] item: Life Orb\n|move|p1a: Primarina|Draining Kiss|p2a: Iron Valiant\n|-supereffective|p2a: Iron Valiant\n|-damage|p2a: Iron Valiant|0 fnt\n|-heal|p1a: Primarina|132/268 par|[from] drain|[of] p2a: Iron Valiant\n|faint|p2a: Iron Valiant\n|-end|p2a: Iron Valiant|Quark Drive|[silent]\n|\n|upkeep\n|inactive|Shxds! has 120 seconds left.\n|\n|t:|1733769133\n|switch|p2a: Gholdengo|Gholdengo, L77|210/261\n|turn|32\n|\n|t:|1733769151\n|move|p2a: Gholdengo|Make It Rain|p1a: Primarina\n|-damage|p1a: Primarina|21/268 par\n|-unboost|p2a: Gholdengo|spa|1\n|cant|p1a: Primarina|par\n|\n|upkeep\n|turn|33\n|\n|t:|1733769162\n|switch|p1a: Skuntank|Skuntank, L84, M|310/310\n|move|p2a: Gholdengo|Shadow Ball|p1a: Skuntank\n|-resisted|p1a: Skuntank\n|-damage|p1a: Skuntank|286/310\n|-unboost|p1a: Skuntank|spd|1\n|\n|upkeep\n|turn|34\n|\n|t:|1733769174\n|switch|p2a: Regidrago|Regidrago, L77|435/435\n|move|p1a: Skuntank|Fire Blast|p2a: Regidrago\n|-resisted|p2a: Regidrago\n|-damage|p2a: Regidrago|388/435\n|\n|upkeep\n|turn|35\n|\n|t:|1733769185\n|switch|p1a: Primarina|Primarina, L83, F|21/268 par\n|move|p2a: Regidrago|Earthquake|p1a: Primarina\n|-damage|p1a: Primarina|0 fnt\n|faint|p1a: Primarina\n|\n|upkeep\n|\n|t:|1733769189\n|switch|p1a: Whimsicott|Whimsicott, L85, M|211/241\n|turn|36\n|\n|t:|1733769197\n|switch|p2a: Gholdengo|Gholdengo, L77|210/261\n|move|p1a: Whimsicott|Substitute|p1a: Whimsicott\n|-start|p1a: Whimsicott|Substitute\n|-damage|p1a: Whimsicott|151/241\n|\n|-heal|p1a: Whimsicott|166/241|[from] item: Leftovers\n|upkeep\n|turn|37\n|\n|t:|1733769218\n|move|p1a: Whimsicott|Moonblast|p2a: Gholdengo\n|-resisted|p2a: Gholdengo\n|-damage|p2a: Gholdengo|166/261\n|move|p2a: Gholdengo|Shadow Ball|p1a: Whimsicott\n|-end|p1a: Whimsicott|Substitute\n|\n|-heal|p1a: Whimsicott|181/241|[from] item: Leftovers\n|upkeep\n|turn|38\n|\n|t:|1733769227\n|switch|p1a: Regigigas|Regigigas, L84|322/322 slp\n|-start|p1a: Regigigas|ability: Slow Start\n|move|p2a: Gholdengo|Shadow Ball|p1a: Regigigas\n|-immune|p1a: Regigigas\n|\n|upkeep\n|turn|39\n|\n|t:|1733769245\n|switch|p2a: Regidrago|Regidrago, L77|388/435\n|cant|p1a: Regigigas|slp\n|move|p1a: Regigigas|Sleep Talk|p1a: Regigigas\n|move|p1a: Regigigas|Rest||[from]move: Sleep Talk|[still]\n|-fail|p1a: Regigigas\n|\n|upkeep\n|turn|40\n|inactive|Shxds! has 120 seconds left.\n|inactive|Shxds! has 90 seconds left.\n|\n|t:|1733769313\n|-end|p1a: Regigigas|Slow Start|[silent]\n|switch|p1a: Whimsicott|Whimsicott, L85, M|181/241\n|move|p2a: Regidrago|Draco Meteor|p1a: Whimsicott\n|-immune|p1a: Whimsicott\n|\n|-heal|p1a: Whimsicott|196/241|[from] item: Leftovers\n|upkeep\n|turn|41\n|\n|t:|1733769319\n|switch|p2a: Gholdengo|Gholdengo, L77|166/261\n|move|p1a: Whimsicott|Moonblast|p2a: Gholdengo\n|-resisted|p2a: Gholdengo\n|-damage|p2a: Gholdengo|118/261\n|\n|-heal|p1a: Whimsicott|211/241|[from] item: Leftovers\n|upkeep\n|turn|42\n|inactive|Shxds! has 90 seconds left.\n|\n|t:|1733769344\n|move|p1a: Whimsicott|Substitute|p1a: Whimsicott\n|-start|p1a: Whimsicott|Substitute\n|-damage|p1a: Whimsicott|151/241\n|move|p2a: Gholdengo|Recover|p2a: Gholdengo\n|-heal|p2a: Gholdengo|249/261\n|\n|-heal|p1a: Whimsicott|166/241|[from] item: Leftovers\n|upkeep\n|turn|43\n|\n|t:|1733769357\n|move|p1a: Whimsicott|Moonblast|p2a: Gholdengo\n|-resisted|p2a: Gholdengo\n|-damage|p2a: Gholdengo|207/261\n|move|p2a: Gholdengo|Shadow Ball|p1a: Whimsicott\n|-end|p1a: Whimsicott|Substitute\n|\n|-heal|p1a: Whimsicott|181/241|[from] item: Leftovers\n|upkeep\n|turn|44\n|inactive|Shxds! has 90 seconds left.\n|\n|t:|1733769373\n|switch|p1a: Skuntank|Skuntank, L84, M|286/310\n|move|p2a: Gholdengo|Make It Rain|p1a: Skuntank\n|-damage|p1a: Skuntank|168/310\n|-unboost|p2a: Gholdengo|spa|1\n|\n|upkeep\n|turn|45\n|inactive|Shxds! has 90 seconds left.\n|inactive|Shxds! has 60 seconds left.\n|\n|t:|1733769411\n|move|p1a: Skuntank|Knock Off|p2a: Gholdengo\n|-supereffective|p2a: Gholdengo\n|-damage|p2a: Gholdengo|69/261\n|move|p2a: Gholdengo|Thunder Wave|p1a: Skuntank\n|-status|p1a: Skuntank|par\n|\n|upkeep\n|turn|46\n|inactive|riperoo 6565 has 120 seconds left.\n|\n|t:|1733769443\n|move|p1a: Skuntank|Sucker Punch||[still]\n|-fail|p1a: Skuntank\n|move|p2a: Gholdengo|Recover|p2a: Gholdengo\n|-heal|p2a: Gholdengo|200/261\n|\n|upkeep\n|turn|47\n|\n|t:|1733769454\n|switch|p2a: Regidrago|Regidrago, L77|388/435\n|move|p1a: Skuntank|Fire Blast|p2a: Regidrago\n|-resisted|p2a: Regidrago\n|-damage|p2a: Regidrago|338/435\n|\n|upkeep\n|turn|48\n|inactive|Shxds! has 60 seconds left.\n|inactive|riperoo 6565 has 120 seconds left.\n|\n|t:|1733769476\n|switch|p1a: Regigigas|Regigigas, L84|322/322 slp\n|-start|p1a: Regigigas|ability: Slow Start\n|move|p2a: Regidrago|Draco Meteor|p1a: Regigigas\n|-damage|p1a: Regigigas|165/322 slp\n|-unboost|p2a: Regidrago|spa|2\n|\n|upkeep\n|turn|49\n|inactive|Shxds! has 60 seconds left.\n|\n|t:|1733769496\n|switch|p2a: Gholdengo|Gholdengo, L77|200/261\n|-curestatus|p1a: Regigigas|slp|[msg]\n|move|p1a: Regigigas|Rest|p1a: Regigigas\n|-status|p1a: Regigigas|slp|[from] move: Rest\n|-heal|p1a: Regigigas|322/322 slp|[silent]\n|\n|upkeep\n|turn|50\n|inactive|Shxds! has 60 seconds left.\n|\n|t:|1733769521\n|move|p2a: Gholdengo|Make It Rain|p1a: Regigigas\n|-damage|p1a: Regigigas|211/322 slp\n|-unboost|p2a: Gholdengo|spa|1\n|cant|p1a: Regigigas|slp\n|move|p1a: Regigigas|Sleep Talk|p1a: Regigigas\n|move|p1a: Regigigas|Body Slam|p2a: Gholdengo|[from]move: Sleep Talk\n|-immune|p2a: Gholdengo\n|\n|upkeep\n|turn|51\n|inactive|riperoo 6565 has 120 seconds left.\n|\n|t:|1733769557\n|-end|p1a: Regigigas|Slow Start|[silent]\n|switch|p1a: Skuntank|Skuntank, L84, M|168/310 par\n|move|p2a: Gholdengo|Make It Rain|p1a: Skuntank\n|-damage|p1a: Skuntank|86/310 par\n|-unboost|p2a: Gholdengo|spa|1\n|\n|upkeep\n|turn|52\n|\n|t:|1733769569\n|switch|p2a: Regidrago|Regidrago, L77|338/435\n|cant|p1a: Skuntank|par\n|\n|upkeep\n|turn|53\n|\n|t:|1733769586\n|switch|p1a: Whimsicott|Whimsicott, L85, M|181/241\n|move|p2a: Regidrago|Draco Meteor|p1a: Whimsicott\n|-immune|p1a: Whimsicott\n|\n|-heal|p1a: Whimsicott|196/241|[from] item: Leftovers\n|upkeep\n|turn|54\n|\n|t:|1733769591\n|switch|p2a: Gholdengo|Gholdengo, L77|200/261\n|move|p1a: Whimsicott|Moonblast|p2a: Gholdengo\n|-resisted|p2a: Gholdengo\n|-damage|p2a: Gholdengo|156/261\n|\n|-heal|p1a: Whimsicott|211/241|[from] item: Leftovers\n|upkeep\n|turn|55\n|inactive|Shxds! has 60 seconds left.\n|\n|t:|1733769609\n|move|p1a: Whimsicott|Substitute|p1a: Whimsicott\n|-start|p1a: Whimsicott|Substitute\n|-damage|p1a: Whimsicott|151/241\n|move|p2a: Gholdengo|Recover|p2a: Gholdengo\n|-heal|p2a: Gholdengo|261/261\n|\n|-heal|p1a: Whimsicott|166/241|[from] item: Leftovers\n|upkeep\n|turn|56\n|\n|t:|1733769636\n|move|p1a: Whimsicott|Moonblast|p2a: Gholdengo\n|-resisted|p2a: Gholdengo\n|-damage|p2a: Gholdengo|215/261\n|move|p2a: Gholdengo|Shadow Ball|p1a: Whimsicott\n|-end|p1a: Whimsicott|Substitute\n|\n|-heal|p1a: Whimsicott|181/241|[from] item: Leftovers\n|upkeep\n|turn|57\n|inactive|Shxds! has 60 seconds left.\n|\n|t:|1733769656\n|switch|p1a: Regigigas|Regigigas, L84|211/322 slp\n|-start|p1a: Regigigas|ability: Slow Start\n|move|p2a: Gholdengo|Make It Rain|p1a: Regigigas\n|-damage|p1a: Regigigas|85/322 slp\n|-unboost|p2a: Gholdengo|spa|1\n|\n|upkeep\n|turn|58\n|\n|t:|1733769675\n|move|p2a: Gholdengo|Make It Rain|p1a: Regigigas\n|-damage|p1a: Regigigas|9/322 slp\n|-unboost|p2a: Gholdengo|spa|1\n|cant|p1a: Regigigas|slp\n|move|p1a: Regigigas|Sleep Talk|p1a: Regigigas\n|move|p1a: Regigigas|Knock Off|p2a: Gholdengo|[from]move: Sleep Talk\n|-supereffective|p2a: Gholdengo\n|-damage|p2a: Gholdengo|147/261\n|\n|upkeep\n|turn|59\n|\n|t:|1733769685\n|-end|p1a: Regigigas|Slow Start|[silent]\n|switch|p1a: Whimsicott|Whimsicott, L85, M|181/241\n|move|p2a: Gholdengo|Make It Rain|p1a: Whimsicott\n|-supereffective|p1a: Whimsicott\n|-damage|p1a: Whimsicott|31/241\n|-unboost|p2a: Gholdengo|spa|1\n|\n|-heal|p1a: Whimsicott|46/241|[from] item: Leftovers\n|upkeep\n|turn|60\n|\n|t:|1733769697\n|move|p1a: Whimsicott|Moonblast|p2a: Gholdengo\n|-resisted|p2a: Gholdengo\n|-damage|p2a: Gholdengo|105/261\n|-unboost|p2a: Gholdengo|spa|1\n|move|p2a: Gholdengo|Shadow Ball|p1a: Whimsicott\n|-damage|p1a: Whimsicott|9/241\n|\n|-heal|p1a: Whimsicott|24/241|[from] item: Leftovers\n|upkeep\n|turn|61\n|\n|t:|1733769709\n|switch|p2a: Regidrago|Regidrago, L77|338/435\n|move|p1a: Whimsicott|Moonblast|p2a: Regidrago\n|-supereffective|p2a: Regidrago\n|-damage|p2a: Regidrago|44/435\n|\n|-heal|p1a: Whimsicott|39/241|[from] item: Leftovers\n|upkeep\n|turn|62\n|\n|t:|1733769717\n|move|p2a: Regidrago|Earthquake|p1a: Whimsicott\n|-resisted|p1a: Whimsicott\n|-damage|p1a: Whimsicott|11/241\n|move|p1a: Whimsicott|Moonblast|p2a: Regidrago\n|-supereffective|p2a: Regidrago\n|-damage|p2a: Regidrago|0 fnt\n|faint|p2a: Regidrago\n|\n|-heal|p1a: Whimsicott|26/241|[from] item: Leftovers\n|upkeep\n|\n|t:|1733769729\n|switch|p2a: Gholdengo|Gholdengo, L77|105/261\n|turn|63\n|inactive|riperoo 6565 has 120 seconds left.\n|\n|t:|1733769740\n|move|p1a: Whimsicott|Moonblast|p2a: Gholdengo\n|-resisted|p2a: Gholdengo\n|-damage|p2a: Gholdengo|63/261\n|-unboost|p2a: Gholdengo|spa|1\n|move|p2a: Gholdengo|Shadow Ball|p1a: Whimsicott\n|-damage|p1a: Whimsicott|0 fnt\n|faint|p1a: Whimsicott\n|\n|upkeep\n|inactive|riperoo 6565 has 120 seconds left.\n|\n|t:|1733769750\n|switch|p1a: Skuntank|Skuntank, L84, M|86/310 par\n|turn|64\n|\n|t:|1733769754\n|move|p2a: Gholdengo|Recover|p2a: Gholdengo\n|-heal|p2a: Gholdengo|194/261\n|move|p1a: Skuntank|Fire Blast|p2a: Gholdengo\n|-supereffective|p2a: Gholdengo\n|-damage|p2a: Gholdengo|56/261\n|\n|upkeep\n|turn|65\n|\n|t:|1733769761\n|cant|p1a: Skuntank|par\n|move|p2a: Gholdengo|Recover|p2a: Gholdengo\n|-heal|p2a: Gholdengo|187/261\n|\n|upkeep\n|turn|66\n|\n|t:|1733769777\n|switch|p2a: Vivillon|Vivillon-Elegant, L84, M|272/272\n|cant|p1a: Skuntank|par\n|\n|upkeep\n|turn|67\n|\n|t:|1733769785\n|-terastallize|p2a: Vivillon|Ground\n|move|p2a: Vivillon|Quiver Dance|p2a: Vivillon\n|-boost|p2a: Vivillon|spa|1\n|-boost|p2a: Vivillon|spd|1\n|-boost|p2a: Vivillon|spe|1\n|move|p1a: Skuntank|Fire Blast|p2a: Vivillon\n|-damage|p2a: Vivillon|216/272\n|\n|upkeep\n|turn|68\n|\n|t:|1733769794\n|cant|p1a: Skuntank|par\n|move|p2a: Vivillon|Tera Blast|p1a: Skuntank|[anim] Tera Blast Ground\n|-supereffective|p1a: Skuntank\n|-damage|p1a: Skuntank|0 fnt\n|faint|p1a: Skuntank\n|\n|upkeep\n|\n|t:|1733769802\n|switch|p1a: Glaceon|Glaceon, L94, F|275/275\n|turn|69\n|inactive|Shxds! has 120 seconds left.\n|\n|t:|1733769812\n|move|p2a: Vivillon|Sleep Powder|p1a: Glaceon\n|-status|p1a: Glaceon|slp|[from] move: Sleep Powder\n|cant|p1a: Glaceon|slp\n|\n|upkeep\n|turn|70\n|inactive|Shxds! has 120 seconds left.\n|\n|t:|1733769826\n|cant|p1a: Glaceon|slp\n|move|p2a: Vivillon|Hurricane|p1a: Glaceon\n|-damage|p1a: Glaceon|143/275 slp\n|\n|upkeep\n|turn|71\n|\n|t:|1733769836\n|move|p2a: Vivillon|Hurricane|p1a: Glaceon\n|-damage|p1a: Glaceon|13/275 slp\n|-start|p1a: Glaceon|confusion\n|-curestatus|p1a: Glaceon|slp|[msg]\n|-activate|p1a: Glaceon|confusion\n|move|p1a: Glaceon|Wish|p1a: Glaceon\n|\n|upkeep\n|turn|72\n|\n|t:|1733769850\n|-end|p1a: Glaceon|confusion\n|move|p1a: Glaceon|Protect|p1a: Glaceon\n|-singleturn|p1a: Glaceon|Protect\n|move|p2a: Vivillon|Quiver Dance|p2a: Vivillon\n|-boost|p2a: Vivillon|spa|1\n|-boost|p2a: Vivillon|spd|1\n|-boost|p2a: Vivillon|spe|1\n|\n|-heal|p1a: Glaceon|150/275|[from] move: Wish|[wisher] Glaceon\n|upkeep\n|turn|73\n|\n|t:|1733769857\n|move|p2a: Vivillon|Hurricane|p1a: Glaceon\n|-damage|p1a: Glaceon|0 fnt\n|faint|p1a: Glaceon\n|\n|upkeep\n|\n|t:|1733769861\n|switch|p1a: Regigigas|Regigigas, L84|9/322 slp\n|-start|p1a: Regigigas|ability: Slow Start\n|turn|74\n|\n|t:|1733769870\n|move|p2a: Vivillon|Hurricane|p1a: Regigigas\n|-damage|p1a: Regigigas|0 fnt\n|faint|p1a: Regigigas\n|-end|p1a: Regigigas|Slow Start|[silent]\n|\n|win|Shxds!\n|raw|riperoo 6565's rating: 1290 &rarr; <strong>1266</strong><br />(-24 for losing)\n|raw|Shxds!'s rating: 1303 &rarr; <strong>1322</strong><br />(+19 for winning)\n|l|\u2606riperoo 6565\n|player|p1|\n", "inputlog": ">version bfd83cad13791eb5a5a409923076391caf6fb4d4\n>start {\"formatid\":\"gen9randombattle\",\"seed\":[63761,46026,15897,42776],\"rated\":\"Rated battle\"}\n>player p1 {\"name\":\"riperoo 6565\",\"avatar\":\"169\",\"rating\":1290,\"seed\":[10819,15481,31330,21444]}\n>player p2 {\"name\":\"Shxds!\",\"avatar\":\"266\",\"rating\":1303,\"seed\":[35519,32222,58802,49764]}\n>p1 move calmmind\n>p2 move thunderwave\n>p1 move psychicnoise\n>p2 move thunderwave\n>p1 move psychicnoise\n>p2 switch 3\n>p1 switch 6\n>p2 move makeitrain\n>p1 move clangoroussoul terastallize\n>p2 move thunderwave\n>p1 move clangingscales\n>p2 move shadowball\n>p1 move ironhead\n>p2 switch 3\n>p2 switch 3\n>p1 move ironhead\n>p2 move shadowball\n>p1 switch 3\n>p1 move substitute\n>p2 move thunderwave\n>p1 move leechseed\n>p2 move shadowball\n>p1 move hurricane\n>p2 move recover\n>p1 switch 4\n>p2 move shadowball\n>p1 move knockoff\n>p2 move thunderwave\n>p1 move knockoff\n>p2 move recover\n>p1 move knockoff\n>p2 switch 4\n>p1 move bodyslam\n>p2 move knockoff\n>p1 move bodyslam\n>p2 move roost\n>p1 move bodyslam\n>p2 move boomburst\n>p1 move rest\n>p2 move roost\n>p1 move sleeptalk\n>p2 move boomburst\n>p1 move sleeptalk\n>p2 move boomburst\n>p1 move bodyslam\n>p2 move beakblast\n>p2 switch 2\n>p1 move rest\n>p2 move dragonenergy\n>p1 switch 4\n>p2 move dragonenergy\n>p1 move substitute\n>p2 switch 4\n>p1 move hurricane\n>p2 move shadowball\n>p1 switch 4\n>p2 move shadowball\n>p1 move sleeptalk\n>p2 switch 6\n>p1 switch 6\n>p2 move knockoff\n>p1 move drainingkiss\n>p2 move moonblast\n>p1 move drainingkiss\n>p2 move moonblast\n>p2 switch 6\n>p1 move psychicnoise\n>p2 move makeitrain\n>p1 switch 2\n>p2 move shadowball\n>p1 move fireblast\n>p2 switch 4\n>p1 switch 2\n>p2 move earthquake\n>p1 switch 4\n>p1 move substitute\n>p2 switch 4\n>p1 move moonblast\n>p2 move shadowball\n>p1 switch 6\n>p2 move shadowball\n>p1 move sleeptalk\n>p2 switch 4\n>p1 switch 6\n>p2 move dracometeor\n>p1 move moonblast\n>p2 switch 4\n>p1 move substitute\n>p2 move recover\n>p1 move moonblast\n>p2 move shadowball\n>p1 switch 2\n>p2 move makeitrain\n>p1 move knockoff\n>p2 move thunderwave\n>p1 move suckerpunch\n>p2 move recover\n>p1 move fireblast\n>p2 switch 4\n>p1 switch 6\n>p2 move dracometeor\n>p1 move rest\n>p2 switch 4\n>p1 move sleeptalk\n>p2 move makeitrain\n>p1 switch 6\n>p2 move makeitrain\n>p1 move gunkshot\n>p2 switch 4\n>p1 switch 2\n>p2 move dracometeor\n>p1 move moonblast\n>p2 switch 4\n>p1 move substitute\n>p2 move recover\n>p1 move moonblast\n>p2 move shadowball\n>p1 switch 6\n>p2 move makeitrain\n>p1 move sleeptalk\n>p2 move makeitrain\n>p1 switch 6\n>p2 move makeitrain\n>p1 move moonblast\n>p2 move shadowball\n>p1 move moonblast\n>p2 switch 4\n>p1 move moonblast\n>p2 move earthquake\n>p2 switch 4\n>p1 move moonblast\n>p2 move shadowball\n>p1 switch 2\n>p1 move fireblast\n>p2 move recover\n>p1 move suckerpunch\n>p2 move recover\n>p1 move fireblast\n>p2 switch 5\n>p1 move fireblast\n>p2 move quiverdance terastallize\n>p1 move suckerpunch\n>p2 move terablast\n>p1 switch 5\n>p1 move freezedry\n>p2 move sleeppowder\n>p1 move protect\n>p2 move hurricane\n>p1 move wish\n>p2 move hurricane\n>p1 move protect\n>p2 move quiverdance\n>p1 move freezedry\n>p2 move hurricane\n>p1 switch 6\n>p1 move rest\n>p2 move hurricane", "uploadtime": 1733769879, "views": 11, "formatid": "gen9randombattle", "rating": 1266, "private": 0, "password": null}