{"id": "gen9randombattle-2206612392", "format": "[Gen 9] Random Battle", "players": ["AikonZ_Test", "reed flame shadow"], "log": "|j|\u2606AikonZ_Test\n|j|\u2606reed flame shadow\n|t:|1726935831\n|gametype|singles\n|player|p1|AikonZ_Test|veteran|2256\n|player|p2|reed flame shadow|1|2262\n|teamsize|p1|6\n|teamsize|p2|6\n|gen|9\n|tier|[Gen 9] Random Battle\n|rated|\n|rule|Species Clause: Limit one of each Pok\u00e9mon\n|rule|HP Percentage Mod: HP is shown in percentages\n|rule|Sleep Clause Mod: Limit one foe put to sleep\n|rule|Illusion Level Mod: Illusion disguises the Pok\u00e9mon's true level\n|\n|t:|1726935831\n|start\n|switch|p1a: Chesnaught|Chesnaught, L84, M|285/285\n|switch|p2a: Minun|Minun, L95, M|268/268\n|turn|1\n|inactive|Battle timer is ON: inactive players will automatically lose when time's up. (requested by reed flame shadow)\n|\n|t:|1726935847\n|switch|p2a: Scovillain|Scovillain, L91, M|266/266\n|switch|p1a: Pachirisu|Pachirisu, L96, M|271/271\n|\n|upkeep\n|turn|2\n|\n|t:|1726935866\n|move|p1a: Pachirisu|U-turn|p2a: Scovillain\n|-damage|p2a: Scovillain|219/266\n|\n|t:|1726935876\n|switch|p1a: Indeedee|Indeedee, L84, M|238/238|[from] U-turn\n|-fieldstart|move: Psychic Terrain|[from] ability: Psychic Surge|[of] p1a: Indeedee\n|move|p2a: Scovillain|Fire Blast|p1a: Indeedee\n|-damage|p1a: Indeedee|94/238\n|\n|upkeep\n|turn|3\n|\n|t:|1726935888\n|switch|p2a: Jirachi|Jirachi, L80|291/291\n|move|p1a: Indeedee|Expanding Force|p2a: Jirachi\n|-resisted|p2a: Jirachi\n|-damage|p2a: Jirachi|240/291\n|-damage|p1a: Indeedee|71/238|[from] item: Life Orb\n|\n|-heal|p2a: Jirachi|258/291|[from] item: Leftovers\n|upkeep\n|turn|4\n|\n|t:|1726935900\n|switch|p1a: Pachirisu|Pachirisu, L96, M|271/271\n|switch|p2a: Cinccino|Cinccino, L83, F|260/260\n|\n|upkeep\n|turn|5\n|\n|t:|1726935910\n|switch|p2a: Minun|Minun, L95, M|268/268\n|move|p1a: Pachirisu|Discharge|p2a: Minun\n|-immune|p2a: Minun|[from] ability: Volt Absorb\n|\n|upkeep\n|turn|6\n|\n|t:|1726935922\n|move|p1a: Pachirisu|Super Fang|p2a: Minun|[miss]\n|-miss|p1a: Pachirisu|p2a: Minun\n|move|p2a: Minun|Nasty Plot|p2a: Minun\n|-boost|p2a: Minun|spa|2\n|\n|-fieldend|move: Psychic Terrain\n|upkeep\n|turn|7\n|\n|t:|1726935937\n|move|p1a: Pachirisu|Encore|p2a: Minun\n|-start|p2a: Minun|Encore\n|move|p2a: Minun|Nasty Plot|p2a: Minun\n|-boost|p2a: Minun|spa|2\n|\n|upkeep\n|turn|8\n|\n|t:|1726935943\n|switch|p2a: Scovillain|Scovillain, L91, M|219/266\n|move|p1a: Pachirisu|Super Fang|p2a: Scovillain\n|-damage|p2a: Scovillain|110/266\n|\n|upkeep\n|turn|9\n|\n|t:|1726935952\n|move|p1a: Pachirisu|Super Fang|p2a: Scovillain\n|-damage|p2a: Scovillain|55/266\n|move|p2a: Scovillain|Sunny Day|p2a: Scovillain\n|-weather|SunnyDay\n|\n|-weather|SunnyDay|[upkeep]\n|upkeep\n|turn|10\n|\n|t:|1726935964\n|move|p2a: Scovillain|Fire Blast|p1a: Pachirisu\n|-damage|p1a: Pachirisu|81/271\n|move|p1a: Pachirisu|U-turn|p2a: Scovillain\n|-damage|p2a: Scovillain|14/266\n|\n|t:|1726935970\n|switch|p1a: Lokix|Lokix, L82, F|251/251|[from] U-turn\n|\n|-weather|SunnyDay|[upkeep]\n|upkeep\n|turn|11\n|\n|t:|1726935975\n|move|p1a: Lokix|First Impression|p2a: Scovillain\n|-damage|p2a: Scovillain|0 fnt\n|faint|p2a: Scovillain\n|-damage|p1a: Lokix|226/251|[from] item: Life Orb\n|\n|-weather|SunnyDay|[upkeep]\n|upkeep\n|\n|t:|1726935987\n|switch|p2a: Reshiram|Reshiram, L76|277/277\n|-ability|p2a: Reshiram|Turboblaze\n|turn|12\n|\n|t:|1726936004\n|move|p1a: Lokix|Knock Off|p2a: Reshiram\n|-damage|p2a: Reshiram|135/277\n|-enditem|p2a: Reshiram|Heavy-Duty Boots|[from] move: Knock Off|[of] p1a: Lokix\n|-damage|p1a: Lokix|201/251|[from] item: Life Orb\n|move|p2a: Reshiram|Dragon Dance|p2a: Reshiram\n|-boost|p2a: Reshiram|atk|1\n|-boost|p2a: Reshiram|spe|1\n|\n|-weather|SunnyDay|[upkeep]\n|upkeep\n|turn|13\n|\n|t:|1726936018\n|switch|p1a: Indeedee|Indeedee, L84, M|71/238\n|-fieldstart|move: Psychic Terrain|[from] ability: Psychic Surge|[of] p1a: Indeedee\n|move|p2a: Reshiram|Flare Blitz|p1a: Indeedee\n|-damage|p1a: Indeedee|0 fnt\n|faint|p1a: Indeedee\n|-damage|p2a: Reshiram|112/277|[from] Recoil\n|\n|-weather|none\n|upkeep\n|inactive|AikonZ_Test has 120 seconds left.\n|\n|t:|1726936048\n|switch|p1a: Braviary|Braviary-Hisui, L85, M|326/326\n|turn|14\n|inactive|AikonZ_Test has 120 seconds left.\n|\n|t:|1726936070\n|move|p2a: Reshiram|Stone Edge|p1a: Braviary\n|-supereffective|p1a: Braviary\n|-damage|p1a: Braviary|80/326\n|move|p1a: Braviary|Esper Wing|p2a: Reshiram\n|-damage|p2a: Reshiram|22/277\n|-boost|p1a: Braviary|spe|1\n|\n|upkeep\n|turn|15\n|inactive|reed flame shadow has 120 seconds left.\n|\n|t:|1726936107\n|switch|p1a: Chesnaught|Chesnaught, L84, M|285/285\n|move|p2a: Reshiram|Outrage|p1a: Chesnaught\n|-damage|p1a: Chesnaught|129/285\n|\n|-heal|p1a: Chesnaught|146/285|[from] item: Leftovers\n|upkeep\n|turn|16\n|inactive|AikonZ_Test has 90 seconds left.\n|\n|t:|1726936157\n|-terastallize|p1a: Chesnaught|Steel\n|move|p2a: Reshiram|Outrage|p1a: Chesnaught|[from]lockedmove\n|-resisted|p1a: Chesnaught\n|-damage|p1a: Chesnaught|74/285\n|move|p1a: Chesnaught|Synthesis|p1a: Chesnaught\n|-heal|p1a: Chesnaught|216/285\n|\n|-heal|p1a: Chesnaught|233/285|[from] item: Leftovers\n|upkeep\n|turn|17\n|\n|t:|1726936170\n|move|p2a: Reshiram|Outrage|p1a: Chesnaught|[from]lockedmove\n|-resisted|p1a: Chesnaught\n|-damage|p1a: Chesnaught|158/285\n|-start|p2a: Reshiram|confusion|[fatigue]\n|move|p1a: Chesnaught|Body Press|p2a: Reshiram\n|-damage|p2a: Reshiram|0 fnt\n|faint|p2a: Reshiram\n|\n|-heal|p1a: Chesnaught|175/285|[from] item: Leftovers\n|-fieldend|move: Psychic Terrain\n|upkeep\n|inactive|reed flame shadow has 120 seconds left.\n|\n|t:|1726936182\n|switch|p2a: Minun|Minun, L95, M|268/268\n|turn|18\n|\n|t:|1726936201\n|switch|p1a: Pachirisu|Pachirisu, L96, M|81/271\n|move|p2a: Minun|Nasty Plot|p2a: Minun\n|-boost|p2a: Minun|spa|2\n|\n|upkeep\n|turn|19\n|\n|t:|1726936215\n|switch|p2a: Gardevoir|Gardevoir, L83, M|249/249\n|-ability|p2a: Gardevoir|Volt Absorb|[from] ability: Trace|[of] p1a: Pachirisu\n|move|p1a: Pachirisu|U-turn|p2a: Gardevoir\n|-damage|p2a: Gardevoir|203/249\n|inactive|AikonZ_Test has 60 seconds left.\n|\n|t:|1726936253\n|switch|p1a: Scyther|Scyther, L82, M|249/249|[from] U-turn\n|\n|upkeep\n|turn|20\n|\n|t:|1726936267\n|switch|p2a: Jirachi|Jirachi, L80|258/291\n|move|p1a: Scyther|Bug Bite|p2a: Jirachi\n|-damage|p2a: Jirachi|159/291\n|\n|-heal|p2a: Jirachi|177/291|[from] item: Leftovers\n|upkeep\n|turn|21\n|\n|t:|1726936272\n|move|p1a: Scyther|Swords Dance|p1a: Scyther\n|-boost|p1a: Scyther|atk|2\n|move|p2a: Jirachi|Body Slam|p1a: Scyther\n|-damage|p1a: Scyther|183/249\n|-status|p1a: Scyther|par\n|\n|-heal|p2a: Jirachi|195/291|[from] item: Leftovers\n|upkeep\n|turn|22\n|\n|t:|1726936277\n|move|p2a: Jirachi|Iron Head|p1a: Scyther\n|-damage|p1a: Scyther|90/249 par\n|cant|p1a: Scyther|flinch\n|\n|-heal|p2a: Jirachi|213/291|[from] item: Leftovers\n|upkeep\n|turn|23\n|\n|t:|1726936281\n|move|p2a: Jirachi|Protect|p2a: Jirachi\n|-singleturn|p2a: Jirachi|Protect\n|move|p1a: Scyther|Bug Bite|p2a: Jirachi\n|-activate|p2a: Jirachi|move: Protect\n|\n|-heal|p2a: Jirachi|231/291|[from] item: Leftovers\n|upkeep\n|turn|24\n|\n|t:|1726936283\n|move|p2a: Jirachi|Iron Head|p1a: Scyther\n|-damage|p1a: Scyther|0 fnt\n|faint|p1a: Scyther\n|\n|-heal|p2a: Jirachi|249/291|[from] item: Leftovers\n|upkeep\n|\n|t:|1726936288\n|switch|p1a: Pachirisu|Pachirisu, L96, M|81/271\n|turn|25\n|\n|t:|1726936294\n|move|p1a: Pachirisu|Super Fang|p2a: Jirachi\n|-damage|p2a: Jirachi|125/291\n|move|p2a: Jirachi|Body Slam|p1a: Pachirisu\n|-damage|p1a: Pachirisu|21/271\n|\n|-heal|p2a: Jirachi|143/291|[from] item: Leftovers\n|upkeep\n|turn|26\n|inactive|AikonZ_Test has 90 seconds left.\n|\n|t:|1726936305\n|move|p1a: Pachirisu|Discharge|p2a: Jirachi\n|-damage|p2a: Jirachi|85/291\n|move|p2a: Jirachi|Body Slam|p1a: Pachirisu\n|-damage|p1a: Pachirisu|0 fnt\n|faint|p1a: Pachirisu\n|\n|-heal|p2a: Jirachi|103/291|[from] item: Leftovers\n|upkeep\n|\n|t:|1726936313\n|switch|p1a: Lokix|Lokix, L82, F|201/251\n|turn|27\n|inactive|AikonZ_Test has 90 seconds left.\n|\n|t:|1726936319\n|move|p2a: Jirachi|Protect|p2a: Jirachi\n|-singleturn|p2a: Jirachi|Protect\n|move|p1a: Lokix|First Impression|p2a: Jirachi\n|-activate|p2a: Jirachi|move: Protect\n|\n|-heal|p2a: Jirachi|121/291|[from] item: Leftovers\n|upkeep\n|turn|28\n|inactive|AikonZ_Test has 90 seconds left.\n|\n|t:|1726936330\n|switch|p2a: Cinccino|Cinccino, L83, F|260/260\n|move|p1a: Lokix|Knock Off|p2a: Cinccino\n|-damage|p2a: Cinccino|69/260\n|-enditem|p2a: Cinccino|Loaded Dice|[from] move: Knock Off|[of] p1a: Lokix\n|-damage|p1a: Lokix|176/251|[from] item: Life Orb\n|\n|upkeep\n|turn|29\n|inactive|AikonZ_Test has 90 seconds left.\n|\n|t:|1726936341\n|move|p1a: Lokix|Sucker Punch|p2a: Cinccino\n|-damage|p2a: Cinccino|0 fnt\n|faint|p2a: Cinccino\n|-damage|p1a: Lokix|151/251|[from] item: Life Orb\n|\n|upkeep\n|\n|t:|1726936364\n|switch|p2a: Minun|Minun, L95, M|268/268\n|turn|30\n|inactive|AikonZ_Test has 90 seconds left.\n|\n|t:|1726936384\n|move|p1a: Lokix|Sucker Punch|p2a: Minun\n|-damage|p2a: Minun|146/268\n|-damage|p1a: Lokix|126/251|[from] item: Life Orb\n|move|p2a: Minun|Alluring Voice|p1a: Lokix\n|-supereffective|p1a: Lokix\n|-damage|p1a: Lokix|0 fnt\n|faint|p1a: Lokix\n|-damage|p2a: Minun|120/268|[from] item: Life Orb\n|\n|upkeep\n|inactive|AikonZ_Test has 90 seconds left.\n|\n|t:|1726936389\n|switch|p1a: Chesnaught|Chesnaught, L84, M, tera:Steel|175/285\n|turn|31\n|\n|t:|1726936397\n|-terastallize|p2a: Minun|Fairy\n|move|p2a: Minun|Thunderbolt|p1a: Chesnaught\n|-damage|p1a: Chesnaught|31/285\n|-damage|p2a: Minun|94/268|[from] item: Life Orb\n|move|p1a: Chesnaught|Trailblaze|p2a: Minun\n|-damage|p2a: Minun|21/268\n|-boost|p1a: Chesnaught|spe|1\n|\n|-heal|p1a: Chesnaught|48/285|[from] item: Leftovers\n|upkeep\n|turn|32\n|\n|t:|1726936409\n|move|p2a: Minun|Thunderbolt|p1a: Chesnaught\n|-damage|p1a: Chesnaught|0 fnt\n|faint|p1a: Chesnaught\n|-damage|p2a: Minun|0 fnt|[from] item: Life Orb\n|faint|p2a: Minun\n|\n|upkeep\n|c|\u2606AikonZ_Test|gg\n|\n|t:|1726936416\n|switch|p2a: Gardevoir|Gardevoir, L83, M|203/249\n|switch|p1a: Braviary|Braviary-Hisui, L85, M|80/326\n|-ability|p2a: Gardevoir|Tinted Lens|[from] ability: Trace|[of] p1a: Braviary\n|turn|33\n|\n|t:|1726936418\n|move|p2a: Gardevoir|Moonblast|p1a: Braviary\n|-damage|p1a: Braviary|0 fnt\n|faint|p1a: Braviary\n|\n|win|reed flame shadow\n|raw|AikonZ_Test's rating: 2256 &rarr; <strong>2236</strong><br />(-20 for losing)\n|raw|reed flame shadow's rating: 2262 &rarr; <strong>2282</strong><br />(+20 for winning)\n|l|\u2606AikonZ_Test\n|player|p1|\n", "inputlog": ">version ddf5848a381b6afa3b8db755b9bdef59b522c4eb\n>start {\"formatid\":\"gen9randombattle\",\"seed\":[12212,10028,23876,47743],\"rated\":\"Rated battle\"}\n>player p1 {\"name\":\"AikonZ_Test\",\"avatar\":\"veteran\",\"rating\":2256,\"seed\":[54823,10998,63414,27415]}\n>player p2 {\"name\":\"reed flame shadow\",\"avatar\":\"1\",\"rating\":2262,\"seed\":[52260,60697,10783,33737]}\n>p1 switch 6\n>p2 switch 6\n>p1 move uturn\n>p2 move fireblast\n>p1 switch 2\n>p1 move expandingforce\n>p2 switch 4\n>p1 switch 2\n>p2 switch 5\n>p1 move discharge\n>p2 switch 6\n>p1 move superfang\n>p2 move nastyplot\n>p1 move encore\n>p2 move alluringvoice\n>p1 move superfang\n>p2 switch 4\n>p1 move superfang\n>p2 move sunnyday\n>p1 move uturn\n>p2 move fireblast\n>p1 switch 3\n>p1 move firstimpression\n>p2 move fireblast\n>p2 switch 2\n>p1 move knockoff\n>p2 move dragondance\n>p1 switch 2\n>p2 move flareblitz\n>p1 switch 4\n>p1 move esperwing\n>p2 move stoneedge\n>p1 switch 6\n>p2 move outrage\n>p1 move synthesis terastallize\n>p2 move outrage\n>p1 move bodypress\n>p2 move outrage\n>p2 switch 4\n>p1 switch 3\n>p2 move nastyplot\n>p1 move uturn\n>p2 switch 3\n>p1 switch 5\n>p1 move bugbite\n>p2 switch 5\n>p1 move swordsdance\n>p2 move bodyslam\n>p1 move bugbite\n>p2 move ironhead\n>p1 move bugbite\n>p2 move protect\n>p1 move bugbite\n>p2 move ironhead\n>p1 switch 5\n>p1 move superfang\n>p2 move bodyslam\n>p1 move discharge\n>p2 move bodyslam\n>p1 switch 2\n>p1 move firstimpression\n>p2 move protect\n>p1 move knockoff\n>p2 switch 6\n>p1 move suckerpunch\n>p2 move tailslap\n>p2 switch 3\n>p1 move suckerpunch\n>p2 move alluringvoice\n>p1 switch 3\n>p1 move trailblaze\n>p2 move thunderbolt terastallize\n>p1 move trailblaze\n>p2 move thunderbolt\n>chat \u2606AikonZ_Test|gg\n>p1 switch 6\n>p2 switch 5\n>p1 move roost\n>p2 move moonblast", "uploadtime": 1726936424, "views": 84, "formatid": "gen9randombattle", "rating": 2236, "private": 0, "password": null}