{"id": "gen9randombattle-2260658135", "format": "[Gen 9] Random Battle", "players": ["roobets hustler", "Gaius_Juris"], "log": "|j|\u2606roobets hustler\n|j|\u2606Gaius_Juris\n|t:|1733874803\n|gametype|singles\n|player|p1|roobets hustler|volkner|1380\n|player|p2|Gaius_Juris|acetrainersnow|1325\n|teamsize|p1|6\n|teamsize|p2|6\n|gen|9\n|tier|[Gen 9] Random Battle\n|rated|\n|rule|Species Clause: Limit one of each Pok\u00e9mon\n|rule|HP Percentage Mod: HP is shown in percentages\n|rule|Sleep Clause Mod: Limit one foe put to sleep\n|rule|Illusion Level Mod: Illusion disguises the Pok\u00e9mon's true level\n|\n|t:|1733874803\n|start\n|switch|p1a: Scream Tail|Scream Tail, L84|330/330\n|switch|p2a: Roaring Moon|Roaring Moon, L72|270/270\n|turn|1\n|\n|t:|1733874818\n|-end|p2a: Roaring Moon|Protosynthesis|[silent]\n|switch|p2a: Registeel|Registeel, L81|262/262\n|move|p1a: Scream Tail|Thunder Wave|p2a: Registeel\n|-status|p2a: Registeel|par\n|\n|upkeep\n|turn|2\n|\n|t:|1733874830\n|-end|p1a: Scream Tail|Protosynthesis|[silent]\n|switch|p1a: Volbeat|Volbeat, L90, M|263/263\n|cant|p2a: Registeel|par\n|\n|upkeep\n|turn|3\n|\n|t:|1733874843\n|move|p1a: Volbeat|Thunder Wave|p2a: Registeel\n|-fail|p2a: Registeel|par\n|move|p2a: Registeel|Iron Defense|p2a: Registeel\n|-boost|p2a: Registeel|def|2\n|\n|upkeep\n|turn|4\n|\n|t:|1733874862\n|move|p1a: Volbeat|Encore|p2a: Registeel\n|-start|p2a: Registeel|Encore\n|move|p2a: Registeel|Iron Defense|p2a: Registeel\n|-boost|p2a: Registeel|def|2\n|\n|upkeep\n|turn|5\n|inactive|Battle timer is ON: inactive players will automatically lose when time's up. (requested by roobets hustler)\n|\n|t:|1733874867\n|move|p1a: Volbeat|U-turn|p2a: Registeel\n|-resisted|p2a: Registeel\n|-damage|p2a: Registeel|254/262 par\n|\n|t:|1733874869\n|switch|p1a: Misdreavus|Misdreavus, L90, F|254/254|[from] U-turn\n|move|p2a: Registeel|Iron Defense|p2a: Registeel\n|-boost|p2a: Registeel|def|2\n|\n|-heal|p2a: Registeel|262/262 par|[from] item: Leftovers\n|upkeep\n|turn|6\n|\n|t:|1733874877\n|move|p1a: Misdreavus|Calm Mind|p1a: Misdreavus\n|-boost|p1a: Misdreavus|spa|1\n|-boost|p1a: Misdreavus|spd|1\n|move|p2a: Registeel|Iron Defense|p2a: Registeel\n|-boost|p2a: Registeel|def|0\n|\n|-end|p2a: Registeel|Encore\n|upkeep\n|turn|7\n|\n|t:|1733874884\n|move|p1a: Misdreavus|Shadow Ball|p2a: Registeel\n|-damage|p2a: Registeel|172/262 par\n|move|p2a: Registeel|Iron Head|p1a: Misdreavus\n|-damage|p1a: Misdreavus|200/254\n|\n|-heal|p2a: Registeel|188/262 par|[from] item: Leftovers\n|upkeep\n|turn|8\n|\n|t:|1733874891\n|move|p1a: Misdreavus|Shadow Ball|p2a: Registeel\n|-damage|p2a: Registeel|98/262 par\n|move|p2a: Registeel|Thunder Wave|p1a: Misdreavus\n|-status|p1a: Misdreavus|par\n|\n|-heal|p2a: Registeel|114/262 par|[from] item: Leftovers\n|upkeep\n|turn|9\n|\n|t:|1733874907\n|switch|p2a: Roaring Moon|Roaring Moon, L72|270/270\n|cant|p1a: Misdreavus|par\n|\n|upkeep\n|turn|10\n|\n|t:|1733874913\n|move|p2a: Roaring Moon|Knock Off|p1a: Misdreavus\n|-supereffective|p1a: Misdreavus\n|-damage|p1a: Misdreavus|0 fnt\n|-enditem|p1a: Misdreavus|Eviolite|[from] move: Knock Off|[of] p2a: Roaring Moon\n|faint|p1a: Misdreavus\n|\n|upkeep\n|\n|t:|1733874922\n|switch|p1a: Scream Tail|Scream Tail, L84|330/330\n|turn|11\n|\n|t:|1733874927\n|-end|p2a: Roaring Moon|Protosynthesis|[silent]\n|switch|p2a: Registeel|Registeel, L81|114/262 par\n|move|p1a: Scream Tail|Thunder Wave|p2a: Registeel\n|-fail|p2a: Registeel|par\n|\n|-heal|p2a: Registeel|130/262 par|[from] item: Leftovers\n|upkeep\n|turn|12\n|\n|t:|1733874942\n|-end|p1a: Scream Tail|Protosynthesis|[silent]\n|switch|p1a: Gastrodon|Gastrodon-East, L86, M|331/331\n|move|p2a: Registeel|Iron Head|p1a: Gastrodon\n|-resisted|p1a: Gastrodon\n|-damage|p1a: Gastrodon|292/331\n|\n|-heal|p1a: Gastrodon|312/331|[from] item: Leftovers\n|-heal|p2a: Registeel|146/262 par|[from] item: Leftovers\n|upkeep\n|turn|13\n|\n|t:|1733874952\n|switch|p2a: Cresselia|Cresselia, L80, F|323/323\n|move|p1a: Gastrodon|Earthquake|p2a: Cresselia\n|-immune|p2a: Cresselia|[from] ability: Levitate\n|\n|-heal|p1a: Gastrodon|331/331|[from] item: Leftovers\n|upkeep\n|turn|14\n|\n|t:|1733874966\n|switch|p1a: Volbeat|Volbeat, L90, M|263/263\n|move|p2a: Cresselia|Moonblast|p1a: Volbeat\n|-damage|p1a: Volbeat|210/263\n|\n|upkeep\n|turn|15\n|\n|t:|1733874975\n|switch|p2a: Registeel|Registeel, L81|146/262 par\n|move|p1a: Volbeat|Thunder Wave|p2a: Registeel|[miss]\n|-miss|p1a: Volbeat|p2a: Registeel\n|\n|-heal|p2a: Registeel|162/262 par|[from] item: Leftovers\n|upkeep\n|turn|16\n|\n|t:|1733874982\n|move|p1a: Volbeat|U-turn|p2a: Registeel\n|-resisted|p2a: Registeel\n|-damage|p2a: Registeel|139/262 par\n|\n|t:|1733874985\n|switch|p1a: Gastrodon|Gastrodon-East, L86, M|331/331|[from] U-turn\n|move|p2a: Registeel|Iron Head|p1a: Gastrodon\n|-resisted|p1a: Gastrodon\n|-damage|p1a: Gastrodon|289/331\n|\n|-heal|p1a: Gastrodon|309/331|[from] item: Leftovers\n|-heal|p2a: Registeel|155/262 par|[from] item: Leftovers\n|upkeep\n|turn|17\n|\n|t:|1733875007\n|switch|p2a: Virizion|Virizion, L82|283/283\n|move|p1a: Gastrodon|Stealth Rock|p2a: Virizion\n|-sidestart|p2: Gaius_Juris|move: Stealth Rock\n|\n|-heal|p1a: Gastrodon|329/331|[from] item: Leftovers\n|upkeep\n|turn|18\n|\n|t:|1733875013\n|switch|p1a: Volbeat|Volbeat, L90, M|210/263\n|move|p2a: Virizion|Leaf Blade|p1a: Volbeat\n|-resisted|p1a: Volbeat\n|-damage|p1a: Volbeat|155/263\n|-damage|p2a: Virizion|255/283|[from] item: Life Orb\n|\n|upkeep\n|turn|19\n|\n|t:|1733875022\n|move|p1a: Volbeat|Encore|p2a: Virizion\n|-start|p2a: Virizion|Encore\n|move|p2a: Virizion|Leaf Blade|p1a: Volbeat\n|-resisted|p1a: Volbeat\n|-damage|p1a: Volbeat|99/263\n|-damage|p2a: Virizion|227/283|[from] item: Life Orb\n|\n|upkeep\n|turn|20\n|\n|t:|1733875029\n|switch|p2a: Registeel|Registeel, L81|155/262 par\n|-damage|p2a: Registeel|139/262 par|[from] Stealth Rock\n|move|p1a: Volbeat|Roost|p1a: Volbeat\n|-heal|p1a: Volbeat|231/263\n|-singleturn|p1a: Volbeat|move: Roost\n|\n|-heal|p2a: Registeel|155/262 par|[from] item: Leftovers\n|upkeep\n|turn|21\n|\n|t:|1733875038\n|move|p1a: Volbeat|U-turn|p2a: Registeel\n|-resisted|p2a: Registeel\n|-damage|p2a: Registeel|131/262 par\n|\n|t:|1733875041\n|switch|p1a: Gastrodon|Gastrodon-East, L86, M|329/331|[from] U-turn\n|move|p2a: Registeel|Body Press|p1a: Gastrodon\n|-damage|p1a: Gastrodon|232/331\n|\n|-heal|p1a: Gastrodon|252/331|[from] item: Leftovers\n|-heal|p2a: Registeel|147/262 par|[from] item: Leftovers\n|upkeep\n|turn|22\n|\n|t:|1733875051\n|switch|p2a: Cresselia|Cresselia, L80, F|323/323\n|-damage|p2a: Cresselia|283/323|[from] Stealth Rock\n|move|p1a: Gastrodon|Surf|p2a: Cresselia\n|-damage|p2a: Cresselia|204/323\n|\n|-heal|p2a: Cresselia|224/323|[from] item: Leftovers\n|-heal|p1a: Gastrodon|272/331|[from] item: Leftovers\n|upkeep\n|turn|23\n|\n|t:|1733875061\n|switch|p1a: Scream Tail|Scream Tail, L84|330/330\n|move|p2a: Cresselia|Psyshock|p1a: Scream Tail\n|-resisted|p1a: Scream Tail\n|-damage|p1a: Scream Tail|301/330\n|\n|-heal|p1a: Scream Tail|321/330|[from] item: Leftovers\n|-heal|p2a: Cresselia|244/323|[from] item: Leftovers\n|upkeep\n|turn|24\n|\n|t:|1733875080\n|-end|p1a: Scream Tail|Protosynthesis|[silent]\n|switch|p1a: Gastrodon|Gastrodon-East, L86, M|272/331\n|switch|p2a: Registeel|Registeel, L81|147/262 par\n|-damage|p2a: Registeel|131/262 par|[from] Stealth Rock\n|\n|-heal|p1a: Gastrodon|292/331|[from] item: Leftovers\n|-heal|p2a: Registeel|147/262 par|[from] item: Leftovers\n|upkeep\n|turn|25\n|\n|t:|1733875092\n|switch|p2a: Porygon-Z|Porygon-Z, L83|277/277\n|-damage|p2a: Porygon-Z|243/277|[from] Stealth Rock\n|move|p1a: Gastrodon|Surf|p2a: Porygon-Z\n|-damage|p2a: Porygon-Z|137/277\n|\n|-heal|p1a: Gastrodon|312/331|[from] item: Leftovers\n|upkeep\n|turn|26\n|\n|t:|1733875104\n|switch|p1a: Scream Tail|Scream Tail, L84|321/330\n|move|p2a: Porygon-Z|Nasty Plot|p2a: Porygon-Z\n|-boost|p2a: Porygon-Z|spa|2\n|\n|-heal|p1a: Scream Tail|330/330|[from] item: Leftovers\n|upkeep\n|turn|27\n|\n|t:|1733875116\n|move|p1a: Scream Tail|Dazzling Gleam|p2a: Porygon-Z\n|-damage|p2a: Porygon-Z|68/277\n|move|p2a: Porygon-Z|Tera Blast|p1a: Scream Tail\n|-damage|p1a: Scream Tail|0 fnt\n|faint|p1a: Scream Tail\n|-end|p1a: Scream Tail|Protosynthesis|[silent]\n|-damage|p2a: Porygon-Z|41/277|[from] item: Life Orb\n|\n|upkeep\n|inactive|roobets hustler has 120 seconds left.\n|\n|t:|1733875146\n|switch|p1a: Lilligant|Lilligant, L86, F|261/261\n|turn|28\n|\n|t:|1733875153\n|move|p1a: Lilligant|Alluring Voice|p2a: Porygon-Z\n|-damage|p2a: Porygon-Z|0 fnt\n|faint|p2a: Porygon-Z\n|-damage|p1a: Lilligant|235/261|[from] item: Life Orb\n|\n|upkeep\n|\n|t:|1733875168\n|switch|p2a: Roaring Moon|Roaring Moon, L72|270/270\n|-damage|p2a: Roaring Moon|237/270|[from] Stealth Rock\n|turn|29\n|\n|t:|1733875180\n|switch|p1a: Volbeat|Volbeat, L90, M|231/263\n|move|p2a: Roaring Moon|Outrage|p1a: Volbeat\n|-damage|p1a: Volbeat|21/263\n|\n|upkeep\n|turn|30\n|\n|t:|1733875193\n|move|p1a: Volbeat|Thunder Wave|p2a: Roaring Moon\n|-hint|Since gen 7, Dark is immune to Prankster moves.\n|-immune|p2a: Roaring Moon\n|move|p2a: Roaring Moon|Outrage|p1a: Volbeat|[from]lockedmove\n|-damage|p1a: Volbeat|0 fnt\n|faint|p1a: Volbeat\n|\n|upkeep\n|\n|t:|1733875209\n|switch|p1a: Gastrodon|Gastrodon-East, L86, M|312/331\n|turn|31\n|\n|t:|1733875212\n|move|p2a: Roaring Moon|Outrage|p1a: Gastrodon|[from]lockedmove\n|-damage|p1a: Gastrodon|93/331\n|-start|p2a: Roaring Moon|confusion|[fatigue]\n|move|p1a: Gastrodon|Recover|p1a: Gastrodon\n|-heal|p1a: Gastrodon|259/331\n|\n|-heal|p1a: Gastrodon|279/331|[from] item: Leftovers\n|upkeep\n|turn|32\n|\n|t:|1733875221\n|-end|p2a: Roaring Moon|Protosynthesis|[silent]\n|switch|p2a: Virizion|Virizion, L82|227/283\n|-damage|p2a: Virizion|210/283|[from] Stealth Rock\n|move|p1a: Gastrodon|Earthquake|p2a: Virizion\n|-resisted|p2a: Virizion\n|-damage|p2a: Virizion|156/283\n|\n|-heal|p1a: Gastrodon|299/331|[from] item: Leftovers\n|upkeep\n|turn|33\n|\n|t:|1733875233\n|switch|p1a: Ludicolo|Ludicolo, L90, F|290/290\n|move|p2a: Virizion|Swords Dance|p2a: Virizion\n|-boost|p2a: Virizion|atk|2\n|\n|upkeep\n|turn|34\n|\n|t:|1733875242\n|move|p2a: Virizion|Swords Dance|p2a: Virizion\n|-boost|p2a: Virizion|atk|2\n|move|p1a: Ludicolo|Rain Dance|p1a: Ludicolo\n|-weather|RainDance\n|\n|-weather|RainDance|[upkeep]\n|upkeep\n|turn|35\n|\n|t:|1733875248\n|move|p1a: Ludicolo|Ice Beam|p2a: Virizion\n|-supereffective|p2a: Virizion\n|-damage|p2a: Virizion|10/283\n|-damage|p1a: Ludicolo|261/290|[from] item: Life Orb\n|move|p2a: Virizion|Close Combat|p1a: Ludicolo\n|-crit|p1a: Ludicolo\n|-damage|p1a: Ludicolo|0 fnt\n|-unboost|p2a: Virizion|def|1\n|-unboost|p2a: Virizion|spd|1\n|faint|p1a: Ludicolo\n|-damage|p2a: Virizion|0 fnt|[from] item: Life Orb\n|faint|p2a: Virizion\n|\n|-weather|RainDance|[upkeep]\n|upkeep\n|\n|t:|1733875273\n|switch|p2a: Cresselia|Cresselia, L80, F|244/323\n|switch|p1a: Gastrodon|Gastrodon-East, L86, M|299/331\n|-damage|p2a: Cresselia|204/323|[from] Stealth Rock\n|turn|36\n|\n|t:|1733875282\n|move|p2a: Cresselia|Calm Mind|p2a: Cresselia\n|-boost|p2a: Cresselia|spa|1\n|-boost|p2a: Cresselia|spd|1\n|move|p1a: Gastrodon|Surf|p2a: Cresselia\n|-damage|p2a: Cresselia|131/323\n|\n|-weather|RainDance|[upkeep]\n|-heal|p2a: Cresselia|151/323|[from] item: Leftovers\n|-heal|p1a: Gastrodon|319/331|[from] item: Leftovers\n|upkeep\n|turn|37\n|\n|t:|1733875292\n|switch|p1a: Lilligant|Lilligant, L86, F|235/261\n|move|p2a: Cresselia|Moonlight|p2a: Cresselia\n|-heal|p2a: Cresselia|232/323\n|\n|-weather|RainDance|[upkeep]\n|-heal|p2a: Cresselia|252/323|[from] item: Leftovers\n|upkeep\n|turn|38\n|\n|t:|1733875300\n|move|p1a: Lilligant|Sleep Powder|p2a: Cresselia|[miss]\n|-miss|p1a: Lilligant|p2a: Cresselia\n|move|p2a: Cresselia|Psyshock|p1a: Lilligant\n|-damage|p1a: Lilligant|124/261\n|\n|-weather|none\n|-heal|p2a: Cresselia|272/323|[from] item: Leftovers\n|upkeep\n|turn|39\n|\n|t:|1733875309\n|move|p1a: Lilligant|Sleep Powder|p2a: Cresselia\n|-status|p2a: Cresselia|slp|[from] move: Sleep Powder\n|cant|p2a: Cresselia|slp\n|\n|-heal|p2a: Cresselia|292/323 slp|[from] item: Leftovers\n|upkeep\n|turn|40\n|\n|t:|1733875320\n|move|p1a: Lilligant|Quiver Dance|p1a: Lilligant\n|-boost|p1a: Lilligant|spa|1\n|-boost|p1a: Lilligant|spd|1\n|-boost|p1a: Lilligant|spe|1\n|cant|p2a: Cresselia|slp\n|\n|-heal|p2a: Cresselia|312/323 slp|[from] item: Leftovers\n|upkeep\n|turn|41\n|\n|t:|1733875328\n|switch|p2a: Registeel|Registeel, L81|147/262 par\n|-damage|p2a: Registeel|131/262 par|[from] Stealth Rock\n|move|p1a: Lilligant|Quiver Dance|p1a: Lilligant\n|-boost|p1a: Lilligant|spa|1\n|-boost|p1a: Lilligant|spd|1\n|-boost|p1a: Lilligant|spe|1\n|\n|-heal|p2a: Registeel|147/262 par|[from] item: Leftovers\n|upkeep\n|turn|42\n|\n|t:|1733875339\n|-terastallize|p1a: Lilligant|Grass\n|move|p1a: Lilligant|Petal Dance|p2a: Registeel\n|-resisted|p2a: Registeel\n|-damage|p2a: Registeel|0 fnt\n|faint|p2a: Registeel\n|-damage|p1a: Lilligant|98/261|[from] item: Life Orb\n|\n|upkeep\n|\n|t:|1733875349\n|switch|p2a: Roaring Moon|Roaring Moon, L72|237/270\n|-damage|p2a: Roaring Moon|204/270|[from] Stealth Rock\n|turn|43\n|\n|t:|1733875361\n|move|p1a: Lilligant|Petal Dance|p2a: Roaring Moon|[from]lockedmove\n|-resisted|p2a: Roaring Moon\n|-damage|p2a: Roaring Moon|0 fnt\n|faint|p2a: Roaring Moon\n|-end|p2a: Roaring Moon|Protosynthesis|[silent]\n|-damage|p1a: Lilligant|72/261|[from] item: Life Orb\n|\n|upkeep\n|\n|t:|1733875367\n|switch|p2a: Gallade|Gallade, L81, M|243/243\n|-damage|p2a: Gallade|228/243|[from] Stealth Rock\n|turn|44\n|\n|t:|1733875373\n|move|p1a: Lilligant|Petal Dance|p2a: Gallade|[from]lockedmove\n|-damage|p2a: Gallade|0 fnt\n|faint|p2a: Gallade\n|-damage|p1a: Lilligant|46/261|[from] item: Life Orb\n|\n|upkeep\n|\n|t:|1733875379\n|switch|p2a: Cresselia|Cresselia, L80, F|312/323 slp\n|-damage|p2a: Cresselia|272/323 slp|[from] Stealth Rock\n|turn|45\n|\n|t:|1733875393\n|-terastallize|p2a: Cresselia|Fairy\n|move|p1a: Lilligant|Petal Dance|p2a: Cresselia\n|-damage|p2a: Cresselia|0 fnt\n|faint|p2a: Cresselia\n|-damage|p1a: Lilligant|20/261|[from] item: Life Orb\n|\n|win|roobets hustler\n|raw|roobets hustler's rating: 1380 &rarr; <strong>1397</strong><br />(+17 for winning)\n|raw|Gaius_Juris's rating: 1325 &rarr; <strong>1308</strong><br />(-17 for losing)\n", "inputlog": ">version bfd83cad13791eb5a5a409923076391caf6fb4d4\n>start {\"formatid\":\"gen9randombattle\",\"seed\":[24974,10009,58746,28962],\"rated\":\"Rated battle\"}\n>player p1 {\"name\":\"roobets hustler\",\"avatar\":\"volkner\",\"rating\":1380,\"seed\":[40228,34875,33879,28950]}\n>player p2 {\"name\":\"Gaius_Juris\",\"avatar\":\"acetrainersnow\",\"rating\":1325,\"seed\":[22664,53933,38563,7946]}\n>p1 move thunderwave\n>p2 switch 3\n>p1 switch 2\n>p2 move thunderwave\n>p1 move thunderwave\n>p2 move irondefense\n>p1 move encore\n>p2 move thunderwave\n>p1 move uturn\n>p2 move irondefense\n>p1 switch 6\n>p1 move calmmind\n>p2 move irondefense\n>p1 move shadowball\n>p2 move ironhead\n>p1 move shadowball\n>p2 move thunderwave\n>p1 move shadowball\n>p2 switch 3\n>p1 move willowisp\n>p2 move knockoff\n>p1 switch 2\n>p1 move thunderwave\n>p2 switch 3\n>p1 switch 5\n>p2 move ironhead\n>p1 move earthquake\n>p2 switch 6\n>p1 switch 6\n>p2 move moonblast\n>p1 move thunderwave\n>p2 switch 6\n>p1 move uturn\n>p2 move ironhead\n>p1 switch 6\n>p1 move stealthrock\n>p2 switch 5\n>p1 switch 6\n>p2 move leafblade\n>p1 move encore\n>p2 move stoneedge\n>p1 move roost\n>p2 switch 5\n>p1 move uturn\n>p2 move bodypress\n>p1 switch 6\n>p1 move surf\n>p2 switch 6\n>p1 switch 5\n>p2 move psyshock\n>p1 switch 5\n>p2 switch 6\n>p1 move surf\n>p2 switch 2\n>p1 switch 5\n>p2 move nastyplot\n>p1 move dazzlinggleam\n>p2 move terablast\n>p1 switch 3\n>p1 move alluringvoice\n>p2 move terablast\n>p2 switch 3\n>p1 switch 6\n>p2 move outrage\n>p1 move thunderwave\n>p2 move outrage\n>p1 switch 5\n>p1 move recover\n>p2 move outrage\n>p1 move earthquake\n>p2 switch 5\n>p1 switch 4\n>p2 move swordsdance\n>p1 move raindance\n>p2 move swordsdance\n>p1 move icebeam\n>p2 move closecombat\n>p1 switch 4\n>p2 switch 6\n>p1 move surf\n>p2 move calmmind\n>p1 switch 6\n>p2 move moonlight\n>p1 move sleeppowder\n>p2 move psyshock\n>p1 move sleeppowder\n>p2 move moonblast\n>p1 move quiverdance\n>p2 move moonblast\n>p1 move quiverdance\n>p2 switch 2\n>p1 move petaldance terastallize\n>p2 move bodypress\n>p2 switch 5\n>p1 move petaldance\n>p2 move outrage\n>p2 switch 4\n>p1 move petaldance\n>p2 move psychocut\n>p2 switch 2\n>p1 move petaldance\n>p2 move moonlight terastallize", "uploadtime": 1733875400, "views": 1, "formatid": "gen9randombattle", "rating": 1308, "private": 0, "password": null}