{"id": "gen9randombattle-2053778464", "format": "[Gen 9] Random Battle", "players": ["hong hoornstaart", "yes or no my dude\u2740"], "log": "|j|\u2606hong hoornstaart\n|j|\u2606yes or no my dude\u2740\n|t:|1707305736\n|gametype|singles\n|player|p1|hong hoornstaart|medium|2195\n|player|p2|yes or no my dude\u2740|#rbtt7teamdarkraif|2255\n|teamsize|p1|6\n|teamsize|p2|6\n|gen|9\n|tier|[Gen 9] Random Battle\n|rated|\n|rule|Species Clause: Limit one of each Pok\u00e9mon\n|rule|HP Percentage Mod: HP is shown in percentages\n|rule|Sleep Clause Mod: Limit one foe put to sleep\n|rule|Illusion Level Mod: Illusion disguises the Pok\u00e9mon's true level\n|\n|t:|1707305736\n|start\n|switch|p1a: Snorlax|Snorlax, L82, M|397/397\n|switch|p2a: Raging Bolt|Raging Bolt, L78|323/323\n|turn|1\n|inactive|Battle timer is ON: inactive players will automatically lose when time's up. (requested by yes or no my dude\u2740)\n|j| JJ09LIE\n|\n|t:|1707305747\n|-end|p2a: Raging Bolt|Protosynthesis|[silent]\n|switch|p2a: Slither Wing|Slither Wing, L82|274/274\n|-enditem|p2a: Slither Wing|Booster Energy\n|-activate|p2a: Slither Wing|ability: Protosynthesis|[fromitem]\n|-start|p2a: Slither Wing|protosynthesisatk\n|move|p1a: Snorlax|Body Slam|p2a: Slither Wing\n|-damage|p2a: Slither Wing|175/274\n|-status|p2a: Slither Wing|par\n|\n|upkeep\n|turn|2\n|\n|t:|1707305753\n|switch|p1a: Dragapult|Dragapult, L77, F|262/262\n|move|p2a: Slither Wing|Earthquake|p1a: Dragapult\n|-damage|p1a: Dragapult|118/262\n|\n|upkeep\n|turn|3\n|\n|t:|1707305761\n|move|p1a: Dragapult|Draco Meteor|p2a: Slither Wing\n|-damage|p2a: Slither Wing|9/274 par\n|-unboost|p1a: Dragapult|spa|2\n|cant|p2a: Slither Wing|par\n|\n|upkeep\n|turn|4\n|\n|t:|1707305772\n|-end|p2a: Slither Wing|Protosynthesis|[silent]\n|switch|p2a: Glastrier|Glastrier, L86|312/312\n|move|p1a: Dragapult|Draco Meteor|p2a: Glastrier|[miss]\n|-miss|p1a: Dragapult|p2a: Glastrier\n|\n|upkeep\n|turn|5\n|\n|t:|1707305787\n|switch|p1a: Klawf|Klawf, L90, M|272/272\n|move|p2a: Glastrier|Swords Dance|p2a: Glastrier\n|-boost|p2a: Glastrier|atk|2\n|\n|upkeep\n|turn|6\n|\n|t:|1707305797\n|move|p1a: Klawf|Stone Edge|p2a: Glastrier\n|-supereffective|p2a: Glastrier\n|-damage|p2a: Glastrier|120/312\n|move|p2a: Glastrier|High Horsepower|p1a: Klawf\n|-supereffective|p1a: Klawf\n|-damage|p1a: Klawf|0 fnt\n|faint|p1a: Klawf\n|-ability|p2a: Glastrier|Chilling Neigh|boost\n|-boost|p2a: Glastrier|atk|1\n|\n|upkeep\n|\n|t:|1707305807\n|switch|p1a: Dragapult|Dragapult, L77, F|118/262\n|turn|7\n|\n|t:|1707305811\n|switch|p2a: Slither Wing|Slither Wing, L82|9/274 par\n|move|p1a: Dragapult|Draco Meteor|p2a: Slither Wing\n|-damage|p2a: Slither Wing|0 fnt\n|-unboost|p1a: Dragapult|spa|2\n|faint|p2a: Slither Wing\n|-end|p2a: Slither Wing|Protosynthesis|[silent]\n|\n|upkeep\n|\n|t:|1707305818\n|switch|p2a: Komala|Komala, L89, M|260/260\n|-ability|p2a: Komala|Comatose\n|turn|8\n|c|\u2606yes or no my dude\u2740|jj\n|c|\u2606yes or no my dude\u2740|do you know anything about headphones\n|\n|t:|1707305841\n|switch|p1a: Dedenne|Dedenne, L88, M|261/261\n|move|p2a: Komala|Body Slam|p1a: Dedenne\n|-damage|p1a: Dedenne|105/261\n|-enditem|p1a: Dedenne|Sitrus Berry|[eat]\n|-heal|p1a: Dedenne|170/261|[from] item: Sitrus Berry\n|-heal|p1a: Dedenne|257/261|[from] ability: Cheek Pouch\n|\n|upkeep\n|turn|9\n|\n|t:|1707305848\n|move|p1a: Dedenne|Super Fang|p2a: Komala\n|-damage|p2a: Komala|130/260\n|move|p2a: Komala|Rapid Spin|p1a: Dedenne\n|-damage|p1a: Dedenne|170/261\n|-boost|p2a: Komala|spe|1\n|\n|upkeep\n|turn|10\n|\n|t:|1707305857\n|move|p2a: Komala|Earthquake|p1a: Dedenne\n|-supereffective|p1a: Dedenne\n|-damage|p1a: Dedenne|0 fnt\n|faint|p1a: Dedenne\n|\n|upkeep\n|\n|t:|1707305870\n|switch|p1a: Dragapult|Dragapult, L77, F|118/262\n|turn|11\n|\n|t:|1707305873\n|move|p1a: Dragapult|Draco Meteor|p2a: Komala\n|-damage|p2a: Komala|22/260\n|-unboost|p1a: Dragapult|spa|2\n|move|p2a: Komala|Knock Off|p1a: Dragapult\n|-supereffective|p1a: Dragapult\n|-damage|p1a: Dragapult|0 fnt\n|-enditem|p1a: Dragapult|Choice Specs|[from] move: Knock Off|[of] p2a: Komala\n|faint|p1a: Dragapult\n|\n|upkeep\n|\n|t:|1707305878\n|switch|p1a: Pincurchin|Pincurchin, L98, F|253/253\n|-fieldstart|move: Electric Terrain|[from] ability: Electric Surge|[of] p1a: Pincurchin\n|turn|12\n|\n|t:|1707305883\n|move|p2a: Komala|Knock Off|p1a: Pincurchin\n|-damage|p1a: Pincurchin|181/253\n|-enditem|p1a: Pincurchin|Leftovers|[from] move: Knock Off|[of] p2a: Komala\n|move|p1a: Pincurchin|Thunderbolt|p2a: Komala\n|-damage|p2a: Komala|0 fnt\n|faint|p2a: Komala\n|\n|upkeep\n|\n|t:|1707305888\n|switch|p2a: Glastrier|Glastrier, L86|120/312\n|turn|13\n|\n|t:|1707305894\n|-terastallize|p2a: Glastrier|Ground\n|move|p2a: Glastrier|High Horsepower|p1a: Pincurchin\n|-supereffective|p1a: Pincurchin\n|-damage|p1a: Pincurchin|0 fnt\n|faint|p1a: Pincurchin\n|-ability|p2a: Glastrier|Chilling Neigh|boost\n|-boost|p2a: Glastrier|atk|1\n|\n|upkeep\n|\n|t:|1707305897\n|switch|p1a: Frosmoth|Frosmoth, L83, M|252/252\n|turn|14\n|\n|t:|1707305902\n|switch|p2a: Blaziken|Blaziken, L76, M|247/247\n|move|p1a: Frosmoth|Ice Beam|p2a: Blaziken\n|-resisted|p2a: Blaziken\n|-damage|p2a: Blaziken|174/247\n|\n|upkeep\n|turn|15\n|\n|t:|1707305914\n|move|p2a: Blaziken|Close Combat|p1a: Frosmoth\n|-damage|p1a: Frosmoth|36/252\n|-unboost|p2a: Blaziken|def|1\n|-unboost|p2a: Blaziken|spd|1\n|-damage|p2a: Blaziken|150/247|[from] item: Life Orb\n|move|p1a: Frosmoth|Ice Beam|p2a: Blaziken\n|-resisted|p2a: Blaziken\n|-damage|p2a: Blaziken|33/247\n|\n|-ability|p2a: Blaziken|Speed Boost|boost\n|-boost|p2a: Blaziken|spe|1\n|upkeep\n|turn|16\n|\n|t:|1707305918\n|move|p2a: Blaziken|Close Combat|p1a: Frosmoth\n|-damage|p1a: Frosmoth|0 fnt\n|-unboost|p2a: Blaziken|def|1\n|-unboost|p2a: Blaziken|spd|1\n|faint|p1a: Frosmoth\n|-damage|p2a: Blaziken|9/247|[from] item: Life Orb\n|\n|-fieldend|move: Electric Terrain\n|-ability|p2a: Blaziken|Speed Boost|boost\n|-boost|p2a: Blaziken|spe|1\n|upkeep\n|\n|t:|1707305920\n|switch|p1a: Snorlax|Snorlax, L82, M|397/397\n|turn|17\n|\n|t:|1707305925\n|-terastallize|p1a: Snorlax|Poison\n|move|p2a: Blaziken|Swords Dance|p2a: Blaziken\n|-boost|p2a: Blaziken|atk|2\n|move|p1a: Snorlax|Curse|p1a: Snorlax\n|-unboost|p1a: Snorlax|spe|1\n|-boost|p1a: Snorlax|atk|1\n|-boost|p1a: Snorlax|def|1\n|\n|-ability|p2a: Blaziken|Speed Boost|boost\n|-boost|p2a: Blaziken|spe|1\n|upkeep\n|turn|18\n|\n|t:|1707305931\n|move|p2a: Blaziken|Flare Blitz|p1a: Snorlax\n|-damage|p1a: Snorlax|257/397\n|-damage|p2a: Blaziken|0 fnt|[from] Recoil\n|faint|p2a: Blaziken\n|move|p1a: Snorlax|Curse|p1a: Snorlax\n|-unboost|p1a: Snorlax|spe|1\n|-boost|p1a: Snorlax|atk|1\n|-boost|p1a: Snorlax|def|1\n|\n|-heal|p1a: Snorlax|281/397|[from] item: Leftovers\n|upkeep\n|\n|t:|1707305934\n|switch|p2a: Glastrier|Glastrier, L86, tera:Ground|120/312\n|turn|19\n|\n|t:|1707305937\n|move|p2a: Glastrier|High Horsepower|p1a: Snorlax\n|-supereffective|p1a: Snorlax\n|-damage|p1a: Snorlax|111/397\n|move|p1a: Snorlax|Body Slam|p2a: Glastrier\n|-damage|p2a: Glastrier|0 fnt\n|faint|p2a: Glastrier\n|\n|-heal|p1a: Snorlax|135/397|[from] item: Leftovers\n|upkeep\n|\n|t:|1707305943\n|switch|p2a: Raging Bolt|Raging Bolt, L78|323/323\n|turn|20\n|\n|t:|1707305946\n|move|p2a: Raging Bolt|Calm Mind|p2a: Raging Bolt\n|-boost|p2a: Raging Bolt|spa|1\n|-boost|p2a: Raging Bolt|spd|1\n|move|p1a: Snorlax|Rest|p1a: Snorlax\n|-status|p1a: Snorlax|slp|[from] move: Rest\n|-heal|p1a: Snorlax|397/397 slp|[silent]\n|\n|upkeep\n|turn|21\n|\n|t:|1707305951\n|move|p2a: Raging Bolt|Calm Mind|p2a: Raging Bolt\n|-boost|p2a: Raging Bolt|spa|1\n|-boost|p2a: Raging Bolt|spd|1\n|cant|p1a: Snorlax|slp\n|move|p1a: Snorlax|Sleep Talk|p1a: Snorlax\n|move|p1a: Snorlax|Rest||[from]move: Sleep Talk|[still]\n|-fail|p1a: Snorlax\n|\n|upkeep\n|turn|22\n|\n|t:|1707305953\n|move|p2a: Raging Bolt|Thunderbolt|p1a: Snorlax\n|-damage|p1a: Snorlax|202/397 slp\n|cant|p1a: Snorlax|slp\n|move|p1a: Snorlax|Sleep Talk|p1a: Snorlax\n|move|p1a: Snorlax|Body Slam|p2a: Raging Bolt|[from]move: Sleep Talk\n|-damage|p2a: Raging Bolt|134/323\n|\n|-heal|p2a: Raging Bolt|154/323|[from] item: Leftovers\n|-heal|p1a: Snorlax|226/397 slp|[from] item: Leftovers\n|upkeep\n|turn|23\n|\n|t:|1707305961\n|move|p2a: Raging Bolt|Thunderbolt|p1a: Snorlax\n|-damage|p1a: Snorlax|25/397 slp\n|-curestatus|p1a: Snorlax|slp|[msg]\n|move|p1a: Snorlax|Body Slam|p2a: Raging Bolt\n|-damage|p2a: Raging Bolt|0 fnt\n|faint|p2a: Raging Bolt\n|-end|p2a: Raging Bolt|Protosynthesis|[silent]\n|\n|-heal|p1a: Snorlax|49/397|[from] item: Leftovers\n|upkeep\n|\n|t:|1707305963\n|switch|p2a: Salazzle|Salazzle, L82, F|246/246\n|turn|24\n|c|\u2606yes or no my dude\u2740|I'm\n|c|\u2606yes or no my dude\u2740|so bad\n|\n|t:|1707305970\n|move|p2a: Salazzle|Flamethrower|p1a: Snorlax\n|-damage|p1a: Snorlax|1/397\n|move|p1a: Snorlax|Rest|p1a: Snorlax\n|-status|p1a: Snorlax|slp|[from] move: Rest\n|-heal|p1a: Snorlax|397/397 slp|[silent]\n|\n|upkeep\n|turn|25\n|\n|t:|1707305976\n|move|p2a: Salazzle|Substitute|p2a: Salazzle\n|-start|p2a: Salazzle|Substitute\n|-damage|p2a: Salazzle|185/246\n|cant|p1a: Snorlax|slp\n|move|p1a: Snorlax|Sleep Talk|p1a: Snorlax\n|move|p1a: Snorlax|Rest||[from]move: Sleep Talk|[still]\n|-fail|p1a: Snorlax\n|\n|-heal|p2a: Salazzle|200/246|[from] item: Leftovers\n|upkeep\n|turn|26\n|\n|t:|1707305979\n|move|p2a: Salazzle|Protect|p2a: Salazzle\n|-singleturn|p2a: Salazzle|Protect\n|cant|p1a: Snorlax|slp\n|move|p1a: Snorlax|Sleep Talk|p1a: Snorlax\n|move|p1a: Snorlax|Body Slam|p2a: Salazzle|[from]move: Sleep Talk\n|-activate|p2a: Salazzle|move: Protect\n|\n|-heal|p2a: Salazzle|215/246|[from] item: Leftovers\n|upkeep\n|turn|27\n|\n|t:|1707305986\n|move|p2a: Salazzle|Protect||[still]\n|-fail|p2a: Salazzle\n|-curestatus|p1a: Snorlax|slp|[msg]\n|move|p1a: Snorlax|Body Slam|p2a: Salazzle\n|-end|p2a: Salazzle|Substitute\n|\n|-heal|p2a: Salazzle|230/246|[from] item: Leftovers\n|upkeep\n|turn|28\n|\n|t:|1707305989\n|move|p2a: Salazzle|Toxic|p1a: Snorlax\n|-status|p1a: Snorlax|tox\n|move|p1a: Snorlax|Body Slam|p2a: Salazzle\n|-damage|p2a: Salazzle|0 fnt\n|faint|p2a: Salazzle\n|\n|win|hong hoornstaart\n|raw|hong hoornstaart's rating: 2195 &rarr; <strong>2218</strong><br />(+23 for winning)\n|raw|yes or no my dude\u2740's rating: 2255 &rarr; <strong>2232</strong><br />(-23 for losing)\n|l|\u2606yes or no my dude\u2740\n|player|p2|\n|l|\u2606hong hoornstaart\n|player|p1|\n|l| JJ09LIE\n", "inputlog": ">version 3c31c0fa45f6e7960912a41a53961f1af98ec26e\n>start {\"formatid\":\"gen9randombattle\",\"seed\":[41745,50391,8266,52089],\"rated\":\"Rated battle\"}\n>player p1 {\"name\":\"hong hoornstaart\",\"avatar\":\"medium\",\"rating\":2195,\"seed\":[22923,23545,1526,9204]}\n>player p2 {\"name\":\"yes or no my dude\u2740\",\"avatar\":\"#rbtt7teamdarkraif\",\"rating\":2255,\"seed\":[34247,36454,25529,57315]}\n>p1 move bodyslam\n>p2 switch 6\n>p1 switch 4\n>p2 move earthquake\n>p1 move dracometeor\n>p2 move earthquake\n>p1 move dracometeor\n>p2 switch 5\n>p1 switch 5\n>p2 move swordsdance\n>p1 move stoneedge\n>p2 move highhorsepower\n>p1 switch 5\n>p1 move dracometeor\n>p2 switch 5\n>p2 switch 4\n>chat \u2606yes or no my dude\u2740|jj\n>chat \u2606yes or no my dude\u2740|do you know anything about headphones\n>p1 switch 3\n>p2 move bodyslam\n>p1 move superfang\n>p2 move rapidspin\n>p1 move dazzlinggleam\n>p2 move earthquake\n>p1 switch 3\n>p1 move dracometeor\n>p2 move knockoff\n>p1 switch 2\n>p1 move thunderbolt\n>p2 move knockoff\n>p2 switch 5\n>p1 move thunderbolt\n>p2 move highhorsepower terastallize\n>p1 switch 6\n>p1 move icebeam\n>p2 switch 3\n>p1 move icebeam\n>p2 move closecombat\n>p1 move icebeam\n>p2 move closecombat\n>p1 switch 4\n>p1 move curse terastallize\n>p2 move swordsdance\n>p1 move curse\n>p2 move flareblitz\n>p2 switch 3\n>p1 move bodyslam\n>p2 move highhorsepower\n>p2 switch 6\n>p1 move rest\n>p2 move calmmind\n>p1 move sleeptalk\n>p2 move calmmind\n>p1 move sleeptalk\n>p2 move thunderbolt\n>p1 move bodyslam\n>p2 move thunderbolt\n>p2 switch 2\n>chat \u2606yes or no my dude\u2740|I'm \n>chat \u2606yes or no my dude\u2740|so bad\n>p1 move rest\n>p2 move flamethrower\n>p1 move sleeptalk\n>p2 move substitute\n>p1 move sleeptalk\n>p2 move protect\n>p1 move bodyslam\n>p2 move protect\n>p1 move bodyslam\n>p2 move toxic", "uploadtime": 1707306094, "views": 245, "formatid": "gen9randombattle", "rating": 2218, "private": 0, "password": null}