{"id": "gen9randombattle-2260731030", "format": "[Gen 9] Random Battle", "players": ["98h89h9h889h", "AminitraboTTT"], "log": "|j|\u260698h89h9h889h\n|j|\u2606AminitraboTTT\n|t:|1733884111\n|gametype|singles\n|player|p1|98h89h9h889h|101|\n|player|p2|AminitraboTTT|supernerd|\n|teamsize|p1|6\n|teamsize|p2|6\n|gen|9\n|tier|[Gen 9] Random Battle\n|rule|Species Clause: Limit one of each Pok\u00e9mon\n|rule|HP Percentage Mod: HP is shown in percentages\n|rule|Sleep Clause Mod: Limit one foe put to sleep\n|rule|Illusion Level Mod: Illusion disguises the Pok\u00e9mon's true level\n|\n|t:|1733884111\n|start\n|switch|p1a: Salazzle|Salazzle, L83, F|249/249\n|switch|p2a: Ho-Oh|Ho-Oh, L71|268/268\n|turn|1\n|c|\u2606AminitraboTTT|Hola, soy AminitraboTTT, el bot de la sala Espa\u00f1ol. gl hf\n|inactive|Battle timer is ON: inactive players will automatically lose when time's up. (requested by AminitraboTTT)\n|\n|t:|1733884128\n|switch|p1a: Delibird|Delibird, M|252/252\n|-terastallize|p2a: Ho-Oh|Ground\n|move|p2a: Ho-Oh|Earthquake|p1a: Delibird\n|-immune|p1a: Delibird\n|\n|upkeep\n|turn|2\n|\n|t:|1733884130\n|move|p1a: Delibird|Ice Spinner|p2a: Ho-Oh\n|-supereffective|p2a: Ho-Oh\n|-damage|p2a: Ho-Oh|0 fnt\n|faint|p2a: Ho-Oh\n|\n|upkeep\n|\n|t:|1733884130\n|switch|p2a: Orthworm|Orthworm, L88, M|266/266\n|turn|3\n|\n|t:|1733884135\n|switch|p1a: Chandelure|Chandelure, L83, F|235/235\n|move|p2a: Orthworm|Shed Tail|p2a: Orthworm\n|-start|p2a: Orthworm|Substitute|[from] move: Shed Tail\n|-damage|p2a: Orthworm|133/266\n|\n|t:|1733884135\n|switch|p2a: Sandaconda|Sandaconda, L84, F|258/258|[from] Shed Tail\n|\n|upkeep\n|turn|4\n|\n|t:|1733884138\n|switch|p1a: Brambleghast|Brambleghast, L88, F|240/240\n|move|p2a: Sandaconda|Stone Edge|p1a: Brambleghast\n|-damage|p1a: Brambleghast|146/240\n|\n|upkeep\n|turn|5\n|\n|t:|1733884141\n|move|p1a: Brambleghast|Power Whip|p2a: Sandaconda|[miss]\n|-miss|p1a: Brambleghast|p2a: Sandaconda\n|move|p2a: Sandaconda|Stealth Rock|p1a: Brambleghast\n|-sidestart|p1: 98h89h9h889h|move: Stealth Rock\n|\n|upkeep\n|turn|6\n|\n|t:|1733884142\n|move|p1a: Brambleghast|Power Whip|p2a: Sandaconda\n|-supereffective|p2a: Sandaconda\n|-end|p2a: Sandaconda|Substitute\n|move|p2a: Sandaconda|Earthquake|p1a: Brambleghast\n|-resisted|p1a: Brambleghast\n|-damage|p1a: Brambleghast|84/240\n|\n|upkeep\n|turn|7\n|\n|t:|1733884143\n|move|p1a: Brambleghast|Rapid Spin|p2a: Sandaconda\n|-damage|p2a: Sandaconda|224/258\n|-boost|p1a: Brambleghast|spe|1\n|-sideend|p1: 98h89h9h889h|Stealth Rock|[from] move: Rapid Spin|[of] p1a: Brambleghast\n|move|p2a: Sandaconda|Earthquake|p1a: Brambleghast\n|-resisted|p1a: Brambleghast\n|-damage|p1a: Brambleghast|14/240\n|\n|-heal|p2a: Sandaconda|240/258|[from] item: Leftovers\n|upkeep\n|turn|8\n|\n|t:|1733884145\n|move|p1a: Brambleghast|Power Whip|p2a: Sandaconda|[miss]\n|-miss|p1a: Brambleghast|p2a: Sandaconda\n|move|p2a: Sandaconda|Earthquake|p1a: Brambleghast\n|-resisted|p1a: Brambleghast\n|-damage|p1a: Brambleghast|0 fnt\n|faint|p1a: Brambleghast\n|\n|-heal|p2a: Sandaconda|256/258|[from] item: Leftovers\n|upkeep\n|\n|t:|1733884150\n|switch|p1a: Salazzle|Salazzle, L83, F|249/249\n|turn|9\n|\n|t:|1733884152\n|-terastallize|p1a: Salazzle|Grass\n|move|p1a: Salazzle|Nasty Plot|p1a: Salazzle\n|-boost|p1a: Salazzle|spa|2\n|move|p2a: Sandaconda|Earthquake|p1a: Salazzle\n|-resisted|p1a: Salazzle\n|-damage|p1a: Salazzle|168/249\n|\n|-heal|p2a: Sandaconda|258/258|[from] item: Leftovers\n|upkeep\n|turn|10\n|\n|t:|1733884154\n|switch|p2a: Appletun|Appletun, L92, F|352/352\n|move|p1a: Salazzle|Tera Blast|p2a: Appletun|[anim] Tera Blast Grass\n|-resisted|p2a: Appletun\n|-damage|p2a: Appletun|310/352\n|\n|-heal|p2a: Appletun|332/352|[from] item: Leftovers\n|upkeep\n|turn|11\n|\n|t:|1733884156\n|move|p1a: Salazzle|Sludge Wave|p2a: Appletun\n|-supereffective|p2a: Appletun\n|-damage|p2a: Appletun|0 fnt\n|faint|p2a: Appletun\n|\n|upkeep\n|\n|t:|1733884156\n|switch|p2a: Orthworm|Orthworm, L88, M|133/266\n|turn|12\n|\n|t:|1733884157\n|move|p1a: Salazzle|Fire Blast|p2a: Orthworm\n|-supereffective|p2a: Orthworm\n|-damage|p2a: Orthworm|0 fnt\n|faint|p2a: Orthworm\n|\n|upkeep\n|\n|t:|1733884158\n|switch|p2a: Misdreavus|Misdreavus, L90, F|254/254\n|turn|13\n|\n|t:|1733884159\n|move|p1a: Salazzle|Fire Blast|p2a: Misdreavus\n|-damage|p2a: Misdreavus|85/254\n|move|p2a: Misdreavus|Shadow Ball|p1a: Salazzle\n|-damage|p1a: Salazzle|59/249\n|\n|upkeep\n|turn|14\n|\n|t:|1733884161\n|move|p1a: Salazzle|Tera Blast|p2a: Misdreavus|[anim] Tera Blast Grass\n|-damage|p2a: Misdreavus|0 fnt\n|faint|p2a: Misdreavus\n|\n|upkeep\n|\n|t:|1733884161\n|switch|p2a: Dewgong|Dewgong, L94, M|322/322\n|turn|15\n|\n|t:|1733884163\n|move|p1a: Salazzle|Tera Blast|p2a: Dewgong|[anim] Tera Blast Grass\n|-supereffective|p2a: Dewgong\n|-damage|p2a: Dewgong|0 fnt\n|faint|p2a: Dewgong\n|\n|upkeep\n|\n|t:|1733884163\n|switch|p2a: Sandaconda|Sandaconda, L84, F|258/258\n|turn|16\n|\n|t:|1733884164\n|move|p1a: Salazzle|Tera Blast|p2a: Sandaconda|[anim] Tera Blast Grass\n|-supereffective|p2a: Sandaconda\n|-damage|p2a: Sandaconda|0 fnt\n|faint|p2a: Sandaconda\n|\n|win|98h89h9h889h\n|c|\u2606AminitraboTTT|gg wp\n|l|\u2606AminitraboTTT\n|player|p2|\n|c|\u260698h89h9h889h|/log 98h89h9h889h made this room public.\n", "inputlog": ">version bfd83cad13791eb5a5a409923076391caf6fb4d4\n>start {\"formatid\":\"gen9randombattle\",\"seed\":[46560,8630,28977,4138]}\n>player p1 {\"name\":\"98h89h9h889h\",\"avatar\":\"101\",\"rating\":0,\"seed\":[59396,35845,15206,52635]}\n>player p2 {\"name\":\"AminitraboTTT\",\"avatar\":\"supernerd\",\"rating\":0,\"seed\":[64053,17216,59146,62140]}\n>chat \u2606AminitraboTTT|Hola, soy AminitraboTTT, el bot de la sala Espa\u00f1ol. gl hf\n>p1 switch 5\n>p2 move earthquake terastallize\n>p1 move icespinner\n>p2 move sacredfire\n>p2 switch 5\n>p1 switch 3\n>p2 move shedtail\n>p2 switch 6\n>p1 switch 2\n>p2 move stoneedge\n>p1 move powerwhip\n>p2 move stealthrock\n>p1 move powerwhip\n>p2 move earthquake\n>p1 move rapidspin\n>p2 move earthquake\n>p1 move powerwhip\n>p2 move earthquake\n>p1 switch 5\n>p1 move nastyplot terastallize\n>p2 move earthquake\n>p1 move terablast\n>p2 switch 4\n>p1 move sludgewave\n>p2 move leechseed\n>p2 switch 6\n>p1 move fireblast\n>p2 move heavyslam\n>p2 switch 2\n>p1 move fireblast\n>p2 move shadowball\n>p1 move terablast\n>p2 move shadowball\n>p2 switch 3\n>p1 move terablast\n>p2 move tripleaxel\n>p2 switch 4\n>p1 move terablast\n>p2 move stoneedge", "uploadtime": 1733884170, "views": 4, "formatid": "gen9randombattle", "rating": null, "private": 0, "password": null}