{"id": "gen9randombattle-2259950969", "format": "[Gen 9] Random Battle", "players": ["tmoe", "Landtrout"], "log": "|j|\u2606tmoe\n|j|\u2606Landtrout\n|t:|1733783458\n|gametype|singles\n|player|p1|tmoe|hiker-gen4|1214\n|player|p2|Landtrout|acetrainerf-gen4dp|1266\n|teamsize|p1|6\n|teamsize|p2|6\n|gen|9\n|tier|[Gen 9] Random Battle\n|rated|\n|rule|Species Clause: Limit one of each Pok\u00e9mon\n|rule|HP Percentage Mod: HP is shown in percentages\n|rule|Sleep Clause Mod: Limit one foe put to sleep\n|rule|Illusion Level Mod: Illusion disguises the Pok\u00e9mon's true level\n|\n|t:|1733783458\n|start\n|switch|p1a: Galvantula|Galvantula, L82, M|249/249\n|switch|p2a: Talonflame|Talonflame, L83, M|265/265\n|turn|1\n|inactive|Battle timer is ON: inactive players will automatically lose when time's up. (requested by tmoe)\n|\n|t:|1733783469\n|move|p2a: Talonflame|Brave Bird|p1a: Galvantula\n|-damage|p1a: Galvantula|110/249\n|-damage|p2a: Talonflame|219/265|[from] Recoil\n|move|p1a: Galvantula|Volt Switch|p2a: Talonflame\n|-supereffective|p2a: Talonflame\n|-damage|p2a: Talonflame|55/265\n|\n|t:|1733783480\n|switch|p1a: Girafarig|Girafarig, L89, M|269/269|[from] Volt Switch\n|\n|upkeep\n|turn|2\n|\n|t:|1733783487\n|move|p2a: Talonflame|Roost|p2a: Talonflame\n|-heal|p2a: Talonflame|188/265\n|-singleturn|p2a: Talonflame|move: Roost\n|move|p1a: Girafarig|Thunderbolt|p2a: Talonflame\n|-damage|p2a: Talonflame|110/265\n|\n|upkeep\n|turn|3\n|\n|t:|1733783498\n|move|p2a: Talonflame|Roost|p2a: Talonflame\n|-heal|p2a: Talonflame|243/265\n|-singleturn|p2a: Talonflame|move: Roost\n|move|p1a: Girafarig|Thunderbolt|p2a: Talonflame\n|-damage|p2a: Talonflame|156/265\n|\n|upkeep\n|turn|4\n|\n|t:|1733783506\n|move|p2a: Talonflame|Overheat|p1a: Girafarig\n|-damage|p1a: Girafarig|182/269\n|-unboost|p2a: Talonflame|spa|2\n|move|p1a: Girafarig|Nasty Plot|p1a: Girafarig\n|-boost|p1a: Girafarig|spa|2\n|\n|upkeep\n|turn|5\n|\n|t:|1733783513\n|move|p2a: Talonflame|Brave Bird|p1a: Girafarig\n|-damage|p1a: Girafarig|95/269\n|-damage|p2a: Talonflame|127/265|[from] Recoil\n|move|p1a: Girafarig|Thunderbolt|p2a: Talonflame\n|-supereffective|p2a: Talonflame\n|-damage|p2a: Talonflame|0 fnt\n|faint|p2a: Talonflame\n|\n|upkeep\n|\n|t:|1733783534\n|switch|p2a: Duraludon|Duraludon, L82, F|249/249\n|turn|6\n|\n|t:|1733783550\n|move|p1a: Girafarig|Thunderbolt|p2a: Duraludon\n|-resisted|p2a: Duraludon\n|-damage|p2a: Duraludon|176/249\n|move|p2a: Duraludon|Flash Cannon|p1a: Girafarig\n|-damage|p1a: Girafarig|16/269\n|\n|upkeep\n|turn|7\n|\n|t:|1733783559\n|move|p1a: Girafarig|Psyshock|p2a: Duraludon\n|-resisted|p2a: Duraludon\n|-damage|p2a: Duraludon|128/249\n|move|p2a: Duraludon|Flash Cannon|p1a: Girafarig\n|-damage|p1a: Girafarig|0 fnt\n|faint|p1a: Girafarig\n|\n|upkeep\n|\n|t:|1733783567\n|switch|p1a: Zamazenta|Zamazenta, L71|248/248\n|-ability|p1a: Zamazenta|Dauntless Shield|boost\n|-boost|p1a: Zamazenta|def|1\n|turn|8\n|\n|t:|1733783578\n|move|p1a: Zamazenta|Close Combat|p2a: Duraludon\n|-supereffective|p2a: Duraludon\n|-damage|p2a: Duraludon|0 fnt\n|-unboost|p1a: Zamazenta|def|1\n|-unboost|p1a: Zamazenta|spd|1\n|faint|p2a: Duraludon\n|\n|upkeep\n|\n|t:|1733783590\n|switch|p2a: Drifblim|Drifblim, L86, M|396/396\n|turn|9\n|\n|t:|1733783594\n|switch|p1a: Galvantula|Galvantula, L82, M|110/249\n|move|p2a: Drifblim|Calm Mind|p2a: Drifblim\n|-boost|p2a: Drifblim|spa|1\n|-boost|p2a: Drifblim|spd|1\n|\n|upkeep\n|turn|10\n|\n|t:|1733783604\n|move|p1a: Galvantula|Sticky Web|p2a: Drifblim\n|-sidestart|p2: Landtrout|move: Sticky Web\n|move|p2a: Drifblim|Shadow Ball|p1a: Galvantula\n|-damage|p1a: Galvantula|0 fnt\n|faint|p1a: Galvantula\n|\n|upkeep\n|\n|t:|1733783609\n|switch|p1a: Mandibuzz|Mandibuzz, L85, F|326/326\n|turn|11\n|\n|t:|1733783618\n|-terastallize|p2a: Drifblim|Fairy\n|move|p2a: Drifblim|Strength Sap|p1a: Mandibuzz\n|-unboost|p1a: Mandibuzz|atk|1\n|move|p1a: Mandibuzz|Foul Play|p2a: Drifblim\n|-resisted|p2a: Drifblim\n|-damage|p2a: Drifblim|337/396\n|\n|upkeep\n|turn|12\n|\n|t:|1733783626\n|move|p2a: Drifblim|Calm Mind|p2a: Drifblim\n|-boost|p2a: Drifblim|spa|1\n|-boost|p2a: Drifblim|spd|1\n|move|p1a: Mandibuzz|Defog|p2a: Drifblim\n|-unboost|p2a: Drifblim|evasion|1\n|-sideend|p2: Landtrout|Sticky Web|[from] move: Defog|[of] p1a: Mandibuzz\n|\n|upkeep\n|turn|13\n|\n|t:|1733783637\n|move|p2a: Drifblim|Shadow Ball|p1a: Mandibuzz\n|-resisted|p1a: Mandibuzz\n|-damage|p1a: Mandibuzz|251/326\n|move|p1a: Mandibuzz|Brave Bird|p2a: Drifblim\n|-damage|p2a: Drifblim|229/396\n|-damage|p1a: Mandibuzz|215/326|[from] Recoil\n|\n|upkeep\n|turn|14\n|\n|t:|1733783644\n|move|p2a: Drifblim|Air Slash|p1a: Mandibuzz\n|-damage|p1a: Mandibuzz|73/326\n|move|p1a: Mandibuzz|Brave Bird|p2a: Drifblim\n|-damage|p2a: Drifblim|123/396\n|-enditem|p2a: Drifblim|Sitrus Berry|[eat]\n|-heal|p2a: Drifblim|222/396|[from] item: Sitrus Berry\n|-damage|p1a: Mandibuzz|38/326|[from] Recoil\n|\n|upkeep\n|turn|15\n|\n|t:|1733783652\n|move|p2a: Drifblim|Air Slash|p1a: Mandibuzz\n|-damage|p1a: Mandibuzz|0 fnt\n|faint|p1a: Mandibuzz\n|\n|upkeep\n|\n|t:|1733783655\n|switch|p1a: Perrserker|Perrserker, L89, M|269/269\n|turn|16\n|\n|t:|1733783660\n|move|p2a: Drifblim|Strength Sap|p1a: Perrserker\n|-unboost|p1a: Perrserker|atk|1\n|-heal|p2a: Drifblim|396/396\n|move|p1a: Perrserker|Knock Off|p2a: Drifblim\n|-resisted|p2a: Drifblim\n|-damage|p2a: Drifblim|355/396\n|\n|upkeep\n|turn|17\n|\n|t:|1733783669\n|switch|p1a: Zamazenta|Zamazenta, L71|248/248\n|move|p2a: Drifblim|Shadow Ball|p1a: Zamazenta\n|-damage|p1a: Zamazenta|79/248\n|\n|upkeep\n|turn|18\n|\n|t:|1733783676\n|move|p2a: Drifblim|Shadow Ball|p1a: Zamazenta\n|-damage|p1a: Zamazenta|0 fnt\n|faint|p1a: Zamazenta\n|\n|upkeep\n|\n|t:|1733783685\n|switch|p1a: Perrserker|Perrserker, L89, M|269/269\n|turn|19\n|\n|t:|1733783688\n|-terastallize|p1a: Perrserker|Steel\n|move|p2a: Drifblim|Shadow Ball|p1a: Perrserker\n|-damage|p1a: Perrserker|67/269\n|-unboost|p1a: Perrserker|spd|1\n|move|p1a: Perrserker|Iron Head|p2a: Drifblim\n|-supereffective|p2a: Drifblim\n|-damage|p2a: Drifblim|0 fnt\n|faint|p2a: Drifblim\n|\n|upkeep\n|\n|t:|1733783709\n|switch|p2a: Oinkologne|Oinkologne, L92, M|352/352\n|turn|20\n|\n|t:|1733783721\n|move|p2a: Oinkologne|High Horsepower|p1a: Perrserker\n|-supereffective|p1a: Perrserker\n|-damage|p1a: Perrserker|0 fnt\n|faint|p1a: Perrserker\n|\n|upkeep\n|\n|t:|1733783724\n|switch|p1a: Noivern|Noivern, L82, F|274/274\n|turn|21\n|\n|t:|1733783735\n|move|p1a: Noivern|Hurricane|p2a: Oinkologne\n|-damage|p2a: Oinkologne|240/352\n|move|p2a: Oinkologne|Body Slam|p1a: Noivern\n|-damage|p1a: Noivern|162/274\n|\n|-heal|p2a: Oinkologne|262/352|[from] item: Leftovers\n|upkeep\n|turn|22\n|\n|t:|1733783746\n|move|p1a: Noivern|Hurricane|p2a: Oinkologne\n|-damage|p2a: Oinkologne|147/352\n|move|p2a: Oinkologne|Body Slam|p1a: Noivern\n|-damage|p1a: Noivern|53/274\n|\n|-heal|p2a: Oinkologne|169/352|[from] item: Leftovers\n|upkeep\n|turn|23\n|\n|t:|1733783757\n|move|p1a: Noivern|Roost|p1a: Noivern\n|-heal|p1a: Noivern|190/274\n|-singleturn|p1a: Noivern|move: Roost\n|move|p2a: Oinkologne|Body Slam|p1a: Noivern\n|-damage|p1a: Noivern|81/274\n|\n|-heal|p2a: Oinkologne|191/352|[from] item: Leftovers\n|upkeep\n|turn|24\n|\n|t:|1733783765\n|move|p1a: Noivern|Roost|p1a: Noivern\n|-heal|p1a: Noivern|218/274\n|-singleturn|p1a: Noivern|move: Roost\n|move|p2a: Oinkologne|Body Slam|p1a: Noivern\n|-damage|p1a: Noivern|101/274\n|\n|-heal|p2a: Oinkologne|213/352|[from] item: Leftovers\n|upkeep\n|turn|25\n|\n|t:|1733783777\n|switch|p2a: Wigglytuff|Wigglytuff, L96, M|424/424\n|move|p1a: Noivern|Hurricane|p2a: Wigglytuff\n|-damage|p2a: Wigglytuff|273/424\n|\n|-heal|p2a: Wigglytuff|299/424|[from] item: Leftovers\n|upkeep\n|turn|26\n|\n|t:|1733783785\n|move|p1a: Noivern|Roost|p1a: Noivern\n|-heal|p1a: Noivern|238/274\n|-singleturn|p1a: Noivern|move: Roost\n|move|p2a: Wigglytuff|Dazzling Gleam|p1a: Noivern\n|-supereffective|p1a: Noivern\n|-damage|p1a: Noivern|28/274\n|\n|-heal|p2a: Wigglytuff|325/424|[from] item: Leftovers\n|upkeep\n|turn|27\n|\n|t:|1733783793\n|move|p1a: Noivern|Hurricane|p2a: Wigglytuff\n|-damage|p2a: Wigglytuff|181/424\n|move|p2a: Wigglytuff|Dazzling Gleam|p1a: Noivern\n|-supereffective|p1a: Noivern\n|-damage|p1a: Noivern|0 fnt\n|faint|p1a: Noivern\n|\n|win|Landtrout\n|raw|tmoe's rating: 1214 &rarr; <strong>1193</strong><br />(-21 for losing)\n|raw|Landtrout's rating: 1266 &rarr; <strong>1287</strong><br />(+21 for winning)\n|l|\u2606tmoe\n|player|p1|\n", "inputlog": ">version bfd83cad13791eb5a5a409923076391caf6fb4d4\n>start {\"formatid\":\"gen9randombattle\",\"seed\":[63889,65376,45508,9180],\"rated\":\"Rated battle\"}\n>player p1 {\"name\":\"tmoe\",\"avatar\":\"hiker-gen4\",\"rating\":1214,\"seed\":[51335,59086,49578,1113]}\n>player p2 {\"name\":\"Landtrout\",\"avatar\":\"acetrainerf-gen4dp\",\"rating\":1266,\"seed\":[1800,16540,44426,26038]}\n>p1 move voltswitch\n>p2 move bravebird\n>p1 switch 4\n>p1 move thunderbolt\n>p2 move roost\n>p1 move thunderbolt\n>p2 move roost\n>p1 move nastyplot\n>p2 move overheat\n>p1 move thunderbolt\n>p2 move bravebird\n>p2 switch 3\n>p1 move thunderbolt\n>p2 move flashcannon\n>p1 move psyshock\n>p2 move flashcannon\n>p1 switch 6\n>p1 move closecombat\n>p2 move thunderwave\n>p2 switch 4\n>p1 switch 4\n>p2 move calmmind\n>p1 move stickyweb\n>p2 move shadowball\n>p1 switch 2\n>p1 move foulplay\n>p2 move strengthsap terastallize\n>p1 move defog\n>p2 move calmmind\n>p1 move bravebird\n>p2 move shadowball\n>p1 move bravebird\n>p2 move airslash\n>p1 move bravebird\n>p2 move airslash\n>p1 switch 3\n>p1 move knockoff\n>p2 move strengthsap\n>p1 switch 4\n>p2 move shadowball\n>p1 move ironhead\n>p2 move shadowball\n>p1 switch 4\n>p1 move ironhead terastallize\n>p2 move shadowball\n>p2 switch 5\n>p1 move ironhead\n>p2 move highhorsepower\n>p1 switch 5\n>p1 move hurricane\n>p2 move bodyslam\n>p1 move hurricane\n>p2 move bodyslam\n>p1 move roost\n>p2 move bodyslam\n>p1 move roost\n>p2 move bodyslam\n>p1 move hurricane\n>p2 switch 6\n>p1 move roost\n>p2 move dazzlinggleam\n>p1 move hurricane\n>p2 move dazzlinggleam", "uploadtime": 1733783801, "views": 1, "formatid": "gen9randombattle", "rating": 1193, "private": 0, "password": null}