{"id": "gen9randombattle-2260706765", "format": "[Gen 9] Random Battle", "players": ["AE T H ER HEALM", "fewh2g2"], "log": "|j|\u2606AE T H ER HEALM\n|j|\u2606fewh2g2\n|t:|1733880971\n|gametype|singles\n|player|p1|AE T H ER HEALM|bellelba|1128\n|player|p2|fewh2g2|norman|1080\n|teamsize|p1|6\n|teamsize|p2|6\n|gen|9\n|tier|[Gen 9] Random Battle\n|rated|\n|rule|Species Clause: Limit one of each Pok\u00e9mon\n|rule|HP Percentage Mod: HP is shown in percentages\n|rule|Sleep Clause Mod: Limit one foe put to sleep\n|rule|Illusion Level Mod: Illusion disguises the Pok\u00e9mon's true level\n|\n|t:|1733880971\n|start\n|switch|p1a: Flapple|Flapple, L88, F|266/266\n|switch|p2a: Ariados|Ariados, L95, M|287/287\n|turn|1\n|inactive|Battle timer is ON: inactive players will automatically lose when time's up. (requested by AE T H ER HEALM)\n|\n|t:|1733880977\n|switch|p1a: Coalossal|Coalossal, L89, F|341/341\n|move|p2a: Ariados|Sticky Web|p1a: Coalossal\n|-sidestart|p1: AE T H ER HEALM|move: Sticky Web\n|\n|upkeep\n|turn|2\n|\n|t:|1733880985\n|switch|p2a: Toxapex|Toxapex, L82, F|216/216\n|move|p1a: Coalossal|Rapid Spin|p2a: Toxapex\n|-damage|p2a: Toxapex|192/216\n|-boost|p1a: Coalossal|spe|1\n|-damage|p1a: Coalossal|285/341|[from] item: Rocky Helmet|[of] p2a: Toxapex\n|-sideend|p1: AE T H ER HEALM|Sticky Web|[from] move: Rapid Spin|[of] p1a: Coalossal\n|\n|upkeep\n|turn|3\n|\n|t:|1733880993\n|switch|p1a: Jirachi|Jirachi, L80|291/291\n|move|p2a: Toxapex|Toxic|p1a: Jirachi\n|-immune|p1a: Jirachi\n|\n|upkeep\n|turn|4\n|\n|t:|1733881006\n|switch|p2a: Skarmory|Skarmory, L80, M|235/235\n|move|p1a: Jirachi|Iron Head|p2a: Skarmory\n|-resisted|p2a: Skarmory\n|-damage|p2a: Skarmory|205/235\n|-damage|p1a: Jirachi|243/291|[from] item: Rocky Helmet|[of] p2a: Skarmory\n|\n|-heal|p1a: Jirachi|261/291|[from] item: Leftovers\n|upkeep\n|turn|5\n|\n|t:|1733881015\n|move|p1a: Jirachi|U-turn|p2a: Skarmory\n|-resisted|p2a: Skarmory\n|-damage|p2a: Skarmory|197/235\n|-damage|p1a: Jirachi|213/291|[from] item: Rocky Helmet|[of] p2a: Skarmory\n|\n|t:|1733881022\n|switch|p1a: Uxie|Uxie, L83|260/260|[from] U-turn\n|move|p2a: Skarmory|Body Press|p1a: Uxie\n|-resisted|p1a: Uxie\n|-damage|p1a: Uxie|233/260\n|\n|-heal|p1a: Uxie|249/260|[from] item: Leftovers\n|upkeep\n|turn|6\n|\n|t:|1733881028\n|move|p1a: Uxie|Yawn|p2a: Skarmory\n|-start|p2a: Skarmory|move: Yawn|[of] p1a: Uxie\n|move|p2a: Skarmory|Spikes|p1a: Uxie\n|-sidestart|p1: AE T H ER HEALM|Spikes\n|\n|-heal|p1a: Uxie|260/260|[from] item: Leftovers\n|upkeep\n|turn|7\n|\n|t:|1733881035\n|switch|p2a: Deoxys|Deoxys-Speed, L82|216/216\n|-ability|p2a: Deoxys|Pressure\n|move|p1a: Uxie|Stealth Rock|p2a: Deoxys\n|-sidestart|p2: fewh2g2|move: Stealth Rock\n|\n|upkeep\n|turn|8\n|\n|t:|1733881038\n|move|p2a: Deoxys|Knock Off|p1a: Uxie\n|-supereffective|p1a: Uxie\n|-damage|p1a: Uxie|158/260\n|-enditem|p1a: Uxie|Leftovers|[from] move: Knock Off|[of] p2a: Deoxys\n|move|p1a: Uxie|Yawn|p2a: Deoxys\n|-start|p2a: Deoxys|move: Yawn|[of] p1a: Uxie\n|\n|upkeep\n|turn|9\n|\n|t:|1733881049\n|move|p2a: Deoxys|Stealth Rock|p1a: Uxie\n|-sidestart|p1: AE T H ER HEALM|move: Stealth Rock\n|move|p1a: Uxie|Psychic Noise|p2a: Deoxys\n|-resisted|p2a: Deoxys\n|-damage|p2a: Deoxys|181/216\n|-start|p2a: Deoxys|move: Heal Block\n|\n|-end|p2a: Deoxys|move: Yawn|[silent]\n|-status|p2a: Deoxys|slp\n|upkeep\n|turn|10\n|\n|t:|1733881063\n|switch|p2a: Cobalion|Cobalion, L80|277/277\n|-damage|p2a: Cobalion|269/277|[from] Stealth Rock\n|switch|p1a: Jirachi|Jirachi, L80|213/291\n|-damage|p1a: Jirachi|177/291|[from] Spikes\n|-damage|p1a: Jirachi|159/291|[from] Stealth Rock\n|\n|-heal|p2a: Cobalion|277/277|[from] item: Leftovers\n|-heal|p1a: Jirachi|177/291|[from] item: Leftovers\n|upkeep\n|turn|11\n|\n|t:|1733881067\n|move|p2a: Cobalion|Swords Dance|p2a: Cobalion\n|-boost|p2a: Cobalion|atk|2\n|move|p1a: Jirachi|U-turn|p2a: Cobalion\n|-resisted|p2a: Cobalion\n|-damage|p2a: Cobalion|268/277\n|\n|t:|1733881069\n|switch|p1a: Coalossal|Coalossal, L89, F|285/341|[from] U-turn\n|\n|-heal|p2a: Cobalion|277/277|[from] item: Leftovers\n|upkeep\n|turn|12\n|\n|t:|1733881081\n|-terastallize|p2a: Cobalion|Fighting\n|-terastallize|p1a: Coalossal|Ghost\n|move|p2a: Cobalion|Close Combat|p1a: Coalossal\n|-immune|p1a: Coalossal\n|move|p1a: Coalossal|Rapid Spin|p2a: Cobalion\n|-damage|p2a: Cobalion|250/277\n|-boost|p1a: Coalossal|spe|1\n|-sideend|p1: AE T H ER HEALM|Spikes|[from] move: Rapid Spin|[of] p1a: Coalossal\n|-sideend|p1: AE T H ER HEALM|Stealth Rock|[from] move: Rapid Spin|[of] p1a: Coalossal\n|\n|-heal|p2a: Cobalion|267/277|[from] item: Leftovers\n|upkeep\n|turn|13\n|\n|t:|1733881092\n|move|p2a: Cobalion|Swords Dance|p2a: Cobalion\n|-boost|p2a: Cobalion|atk|2\n|move|p1a: Coalossal|Rapid Spin|p2a: Cobalion\n|-damage|p2a: Cobalion|241/277\n|-boost|p1a: Coalossal|spe|1\n|\n|-heal|p2a: Cobalion|258/277|[from] item: Leftovers\n|upkeep\n|turn|14\n|\n|t:|1733881096\n|move|p2a: Cobalion|Iron Head|p1a: Coalossal\n|-damage|p1a: Coalossal|116/341\n|move|p1a: Coalossal|Rapid Spin|p2a: Cobalion\n|-damage|p2a: Cobalion|231/277\n|-boost|p1a: Coalossal|spe|1\n|\n|-heal|p2a: Cobalion|248/277|[from] item: Leftovers\n|upkeep\n|turn|15\n|\n|t:|1733881101\n|move|p1a: Coalossal|Overheat|p2a: Cobalion|[miss]\n|-miss|p1a: Coalossal|p2a: Cobalion\n|move|p2a: Cobalion|Iron Head|p1a: Coalossal\n|-damage|p1a: Coalossal|0 fnt\n|faint|p1a: Coalossal\n|\n|-heal|p2a: Cobalion|265/277|[from] item: Leftovers\n|upkeep\n|\n|t:|1733881105\n|switch|p1a: Uxie|Uxie, L83|158/260\n|turn|16\n|\n|t:|1733881110\n|move|p2a: Cobalion|Iron Head|p1a: Uxie\n|-damage|p1a: Uxie|0 fnt\n|faint|p1a: Uxie\n|\n|-heal|p2a: Cobalion|277/277|[from] item: Leftovers\n|upkeep\n|\n|t:|1733881112\n|switch|p1a: Sandaconda|Sandaconda, L84, F|258/258\n|turn|17\n|\n|t:|1733881121\n|move|p2a: Cobalion|Close Combat|p1a: Sandaconda\n|-damage|p1a: Sandaconda|0 fnt\n|-unboost|p2a: Cobalion|def|1\n|-unboost|p2a: Cobalion|spd|1\n|faint|p1a: Sandaconda\n|\n|upkeep\n|c|\u2606fewh2g2|GET ON THE FUCKING GROUND\n|\n|t:|1733881124\n|switch|p1a: Flapple|Flapple, L88, F|266/266\n|turn|18\n|\n|t:|1733881131\n|move|p2a: Cobalion|Close Combat|p1a: Flapple\n|-damage|p1a: Flapple|0 fnt\n|-unboost|p2a: Cobalion|def|1\n|-unboost|p2a: Cobalion|spd|1\n|faint|p1a: Flapple\n|\n|upkeep\n|\n|t:|1733881133\n|switch|p1a: Jirachi|Jirachi, L80|177/291\n|turn|19\n|c|\u2606fewh2g2|GET ON THE FUCKING GROUND NOW\n|\n|t:|1733881138\n|move|p2a: Cobalion|Close Combat|p1a: Jirachi\n|-damage|p1a: Jirachi|0 fnt\n|-unboost|p2a: Cobalion|def|1\n|-unboost|p2a: Cobalion|spd|1\n|faint|p1a: Jirachi\n|\n|upkeep\n|\n|t:|1733881141\n|switch|p1a: Diancie|Diancie, L82|216/216\n|turn|20\n|c|\u2606fewh2g2|GET ON THE FUCKING GROUND NOW I WONT ASK AGAIN\n|inactive|fewh2g2 has 120 seconds left.\n|c|\u2606fewh2g2|Radio in we have a black man who refuses to get on the ground now requesting immediate backup\n|inactive|fewh2g2 has 90 seconds left.\n|inactive|fewh2g2 has 60 seconds left.\n|c|\u2606fewh2g2|Permission to perform the george floyd technique? over\n|inactive|fewh2g2 has 30 seconds left.\n|c|\u2606fewh2g2|Sir GET ON THE FUCKING GROUND NOW BEFORE I USE MY KNEE\n|inactive|fewh2g2 has 20 seconds left.\n|inactive|fewh2g2 has 15 seconds left.\n|\n|t:|1733881277\n|move|p2a: Cobalion|Iron Head|p1a: Diancie\n|-supereffective|p1a: Diancie\n|-damage|p1a: Diancie|0 fnt\n|faint|p1a: Diancie\n|\n|win|fewh2g2\n|inactive|fewh2g2 has 20 seconds left this turn.\n", "inputlog": ">version bfd83cad13791eb5a5a409923076391caf6fb4d4\n>start {\"formatid\":\"gen9randombattle\",\"seed\":[32382,32180,24394,17406],\"rated\":\"Rated battle\"}\n>player p1 {\"name\":\"AE T H ER HEALM\",\"avatar\":\"bellelba\",\"rating\":1128,\"seed\":[46119,47478,25508,41393]}\n>player p2 {\"name\":\"fewh2g2\",\"avatar\":\"norman\",\"rating\":1080,\"seed\":[64566,14451,11993,5812]}\n>p1 switch 4\n>p2 move stickyweb\n>p1 move rapidspin\n>p2 switch 2\n>p1 switch 2\n>p2 move toxic\n>p1 move ironhead\n>p2 switch 3\n>p1 move uturn\n>p2 move bodypress\n>p1 switch 6\n>p1 move yawn\n>p2 move spikes\n>p1 move stealthrock\n>p2 switch 6\n>p1 move yawn\n>p2 move knockoff\n>p1 move psychicnoise\n>p2 move stealthrock\n>p1 switch 6\n>p2 switch 4\n>p1 move uturn\n>p2 move swordsdance\n>p1 switch 2\n>p1 move rapidspin terastallize\n>p2 move closecombat terastallize\n>p1 move rapidspin\n>p2 move swordsdance\n>p1 move rapidspin\n>p2 move ironhead\n>p1 move overheat\n>p2 move ironhead\n>p1 switch 6\n>p1 move psychicnoise\n>p2 move ironhead\n>p1 switch 5\n>p1 move scaleshot\n>p2 move closecombat\n>chat \u2606fewh2g2|GET ON THE FUCKING GROUND\n>p1 switch 4\n>p1 move dragondance\n>p2 move closecombat\n>p1 switch 2\n>chat \u2606fewh2g2|GET ON THE FUCKING GROUND NOW\n>p1 move ironhead\n>p2 move closecombat\n>p1 switch 3\n>chat \u2606fewh2g2|GET ON THE FUCKING GROUND NOW I WONT ASK AGAIN\n>chat \u2606fewh2g2|Radio in we have a black man who refuses to get on the ground now requesting immediate backup\n>chat \u2606fewh2g2|Permission to perform the george floyd technique? over\n>chat \u2606fewh2g2|Sir GET ON THE FUCKING GROUND NOW BEFORE I USE MY KNEE\n>p1 move rockpolish\n>p2 move ironhead", "uploadtime": 1733881149, "views": 1, "formatid": "gen9randombattle", "rating": null, "private": 0, "password": null}