{"id": "gen9randombattle-2260325736", "format": "[Gen 9] Random Battle", "players": ["Dmdncmsmdn", "METROGUE"], "log": "|j|\u2606Dmdncmsmdn\n|j|\u2606METROGUE\n|t:|1733840149\n|gametype|singles\n|player|p1|Dmdncmsmdn|wattson|1079\n|player|p2|METROGUE|blackbelt-gen4|1095\n|teamsize|p1|6\n|teamsize|p2|6\n|gen|9\n|tier|[Gen 9] Random Battle\n|rated|\n|rule|Species Clause: Limit one of each Pok\u00e9mon\n|rule|HP Percentage Mod: HP is shown in percentages\n|rule|Sleep Clause Mod: Limit one foe put to sleep\n|rule|Illusion Level Mod: Illusion disguises the Pok\u00e9mon's true level\n|\n|t:|1733840149\n|start\n|switch|p1a: Glimmora|Glimmora, L75, M|248/248\n|switch|p2a: Latios|Latios, L78, M|253/253\n|turn|1\n|\n|t:|1733840202\n|switch|p2a: Cobalion|Cobalion, L80|277/277\n|move|p1a: Glimmora|Mortal Spin|p2a: Cobalion\n|-immune|p2a: Cobalion\n|\n|upkeep\n|turn|2\n|\n|t:|1733840247\n|switch|p1a: Dunsparce|Dunsparce, L86, F|312/312\n|move|p2a: Cobalion|Calm Mind|p2a: Cobalion\n|-boost|p2a: Cobalion|spa|1\n|-boost|p2a: Cobalion|spd|1\n|\n|upkeep\n|turn|3\n|\n|t:|1733840271\n|move|p2a: Cobalion|Vacuum Wave|p1a: Dunsparce\n|-supereffective|p1a: Dunsparce\n|-damage|p1a: Dunsparce|216/312\n|move|p1a: Dunsparce|Coil|p1a: Dunsparce\n|-boost|p1a: Dunsparce|atk|1\n|-boost|p1a: Dunsparce|def|1\n|-boost|p1a: Dunsparce|accuracy|1\n|\n|upkeep\n|turn|4\n|inactive|Battle timer is ON: inactive players will automatically lose when time's up. (requested by METROGUE)\n|\n|t:|1733840302\n|move|p2a: Cobalion|Calm Mind|p2a: Cobalion\n|-boost|p2a: Cobalion|spa|1\n|-boost|p2a: Cobalion|spd|1\n|move|p1a: Dunsparce|Body Slam|p2a: Cobalion\n|-resisted|p2a: Cobalion\n|-damage|p2a: Cobalion|232/277\n|-status|p2a: Cobalion|par\n|\n|-heal|p2a: Cobalion|249/277 par|[from] item: Leftovers\n|upkeep\n|turn|5\n|\n|t:|1733840312\n|move|p1a: Dunsparce|Coil|p1a: Dunsparce\n|-boost|p1a: Dunsparce|atk|1\n|-boost|p1a: Dunsparce|def|1\n|-boost|p1a: Dunsparce|accuracy|1\n|cant|p2a: Cobalion|par\n|\n|-heal|p2a: Cobalion|266/277 par|[from] item: Leftovers\n|upkeep\n|turn|6\n|\n|t:|1733840323\n|move|p1a: Dunsparce|Coil|p1a: Dunsparce\n|-boost|p1a: Dunsparce|atk|1\n|-boost|p1a: Dunsparce|def|1\n|-boost|p1a: Dunsparce|accuracy|1\n|move|p2a: Cobalion|Aura Sphere|p1a: Dunsparce\n|-supereffective|p1a: Dunsparce\n|-damage|p1a: Dunsparce|0 fnt\n|faint|p1a: Dunsparce\n|\n|-heal|p2a: Cobalion|277/277 par|[from] item: Leftovers\n|upkeep\n|\n|t:|1733840333\n|switch|p1a: Quaquaval|Quaquaval, L79, F|264/264\n|turn|7\n|\n|t:|1733840349\n|-terastallize|p2a: Cobalion|Ghost\n|move|p1a: Quaquaval|Swords Dance|p1a: Quaquaval\n|-boost|p1a: Quaquaval|atk|2\n|cant|p2a: Cobalion|par\n|\n|upkeep\n|turn|8\n|\n|t:|1733840359\n|move|p1a: Quaquaval|Aqua Step|p2a: Cobalion\n|-damage|p2a: Cobalion|92/277 par\n|-boost|p1a: Quaquaval|spe|1\n|-damage|p1a: Quaquaval|238/264|[from] item: Life Orb\n|cant|p2a: Cobalion|par\n|\n|-heal|p2a: Cobalion|109/277 par|[from] item: Leftovers\n|upkeep\n|turn|9\n|\n|t:|1733840377\n|switch|p2a: Zekrom|Zekrom, L71|259/259\n|-ability|p2a: Zekrom|Teravolt\n|move|p1a: Quaquaval|Aqua Step|p2a: Zekrom\n|-resisted|p2a: Zekrom\n|-damage|p2a: Zekrom|146/259\n|-boost|p1a: Quaquaval|spe|1\n|-damage|p1a: Quaquaval|212/264|[from] item: Life Orb\n|\n|-heal|p2a: Zekrom|162/259|[from] item: Leftovers\n|upkeep\n|turn|10\n|\n|t:|1733840391\n|-terastallize|p1a: Quaquaval|Fighting\n|move|p1a: Quaquaval|Close Combat|p2a: Zekrom\n|-damage|p2a: Zekrom|0 fnt\n|-unboost|p1a: Quaquaval|def|1\n|-unboost|p1a: Quaquaval|spd|1\n|faint|p2a: Zekrom\n|-ability|p1a: Quaquaval|Moxie|boost\n|-boost|p1a: Quaquaval|atk|1\n|-damage|p1a: Quaquaval|186/264|[from] item: Life Orb\n|\n|upkeep\n|\n|t:|1733840410\n|switch|p2a: Cobalion|Cobalion, L80, tera:Ghost|109/277 par\n|turn|11\n|inactive|Dmdncmsmdn has 120 seconds left.\n|inactive|METROGUE has 120 seconds left.\n|inactive|Dmdncmsmdn has 90 seconds left.\n|\n|t:|1733840488\n|move|p1a: Quaquaval|Aqua Step|p2a: Cobalion\n|-damage|p2a: Cobalion|0 fnt\n|-boost|p1a: Quaquaval|spe|1\n|faint|p2a: Cobalion\n|-ability|p1a: Quaquaval|Moxie|boost\n|-boost|p1a: Quaquaval|atk|1\n|-damage|p1a: Quaquaval|160/264|[from] item: Life Orb\n|\n|upkeep\n|inactive|METROGUE has 120 seconds left.\n|\n|t:|1733840497\n|switch|p2a: Latios|Latios, L78, M|253/253\n|turn|12\n|\n|t:|1733840517\n|move|p1a: Quaquaval|Close Combat|p2a: Latios\n|-resisted|p2a: Latios\n|-damage|p2a: Latios|0 fnt\n|-unboost|p1a: Quaquaval|def|1\n|-unboost|p1a: Quaquaval|spd|1\n|faint|p2a: Latios\n|-ability|p1a: Quaquaval|Moxie|boost\n|-boost|p1a: Quaquaval|atk|1\n|-damage|p1a: Quaquaval|134/264|[from] item: Life Orb\n|\n|upkeep\n|-message|METROGUE forfeited.\n|\n|win|Dmdncmsmdn\n|raw|Dmdncmsmdn's rating: 1079 &rarr; <strong>1108</strong><br />(+29 for winning)\n|raw|METROGUE's rating: 1095 &rarr; <strong>1070</strong><br />(-25 for losing)\n|l|\u2606METROGUE\n|player|p2|\n", "inputlog": ">version bfd83cad13791eb5a5a409923076391caf6fb4d4\n>start {\"formatid\":\"gen9randombattle\",\"seed\":[27229,52645,12402,61703],\"rated\":\"Rated battle\"}\n>player p1 {\"name\":\"Dmdncmsmdn\",\"avatar\":\"wattson\",\"rating\":1079,\"seed\":[23468,16904,3124,12009]}\n>player p2 {\"name\":\"METROGUE\",\"avatar\":\"blackbelt-gen4\",\"rating\":1095,\"seed\":[12227,4128,38103,57456]}\n>p1 move mortalspin\n>p2 switch 4\n>p1 switch 5\n>p2 move calmmind\n>p1 move coil\n>p2 move vacuumwave\n>p1 move bodyslam\n>p2 move calmmind\n>p1 move coil\n>p2 move aurasphere\n>p1 move coil\n>p2 move aurasphere\n>p1 switch 4\n>p1 move swordsdance\n>p2 move aurasphere terastallize\n>p1 move aquastep\n>p2 move aurasphere\n>p1 move aquastep\n>p2 switch 2\n>p1 move closecombat terastallize\n>p2 move boltstrike\n>p2 switch 2\n>p1 move aquastep\n>p2 move aurasphere\n>p2 switch 4\n>p1 move closecombat\n>p2 move psyshock\n>forcelose p2", "uploadtime": 1733840526, "views": 3, "formatid": "gen9randombattle", "rating": 1070, "private": 0, "password": null}