{"id": "gen9randombattle-2260510115", "format": "[Gen 9] Random Battle", "players": ["FakerOddie", "VMCookie"], "log": "|j|\u2606FakerOddie\n|j|\u2606VMCookie\n|t:|1733858561\n|gametype|singles\n|player|p1|FakerOddie|marley|\n|player|p2|VMCookie|hilda|\n|teamsize|p1|6\n|teamsize|p2|6\n|gen|9\n|tier|[Gen 9] Random Battle\n|rule|Species Clause: Limit one of each Pok\u00e9mon\n|rule|HP Percentage Mod: HP is shown in percentages\n|rule|Sleep Clause Mod: Limit one foe put to sleep\n|rule|Illusion Level Mod: Illusion disguises the Pok\u00e9mon's true level\n|\n|t:|1733858561\n|start\n|switch|p1a: Toxapex|Toxapex, L82, M|216/216\n|switch|p2a: Vigoroth|Vigoroth, L85, F|275/275\n|turn|1\n|\n|t:|1733858580\n|move|p2a: Vigoroth|Bulk Up|p2a: Vigoroth\n|-boost|p2a: Vigoroth|atk|1\n|-boost|p2a: Vigoroth|def|1\n|move|p1a: Toxapex|Toxic Spikes|p2a: Vigoroth\n|-sidestart|p2: VMCookie|move: Toxic Spikes\n|\n|upkeep\n|turn|2\n|\n|t:|1733858593\n|move|p2a: Vigoroth|Bulk Up|p2a: Vigoroth\n|-boost|p2a: Vigoroth|atk|1\n|-boost|p2a: Vigoroth|def|1\n|move|p1a: Toxapex|Toxic Spikes|p2a: Vigoroth\n|-sidestart|p2: VMCookie|move: Toxic Spikes\n|\n|upkeep\n|turn|3\n|\n|t:|1733858618\n|switch|p2a: Bellossom|Bellossom, L84, F|263/263\n|-status|p2a: Bellossom|tox\n|move|p1a: Toxapex|Liquidation|p2a: Bellossom\n|-resisted|p2a: Bellossom\n|-damage|p2a: Bellossom|236/263 tox\n|\n|-heal|p2a: Bellossom|252/263 tox|[from] item: Leftovers\n|-damage|p2a: Bellossom|236/263 tox|[from] psn\n|upkeep\n|turn|4\n|\n|t:|1733858640\n|move|p2a: Bellossom|Giga Drain|p1a: Toxapex\n|-damage|p1a: Toxapex|164/216\n|-heal|p2a: Bellossom|262/263 tox|[from] drain|[of] p1a: Toxapex\n|move|p1a: Toxapex|Liquidation|p2a: Bellossom\n|-resisted|p2a: Bellossom\n|-damage|p2a: Bellossom|235/263 tox\n|\n|-heal|p2a: Bellossom|251/263 tox|[from] item: Leftovers\n|-damage|p2a: Bellossom|219/263 tox|[from] psn\n|upkeep\n|turn|5\n|\n|t:|1733858663\n|move|p2a: Bellossom|Sludge Bomb|p1a: Toxapex\n|-resisted|p1a: Toxapex\n|-damage|p1a: Toxapex|145/216\n|move|p1a: Toxapex|Liquidation|p2a: Bellossom\n|-resisted|p2a: Bellossom\n|-damage|p2a: Bellossom|190/263 tox\n|\n|-heal|p2a: Bellossom|206/263 tox|[from] item: Leftovers\n|-damage|p2a: Bellossom|158/263 tox|[from] psn\n|upkeep\n|turn|6\n|\n|t:|1733858676\n|move|p2a: Bellossom|Quiver Dance|p2a: Bellossom\n|-boost|p2a: Bellossom|spa|1\n|-boost|p2a: Bellossom|spd|1\n|-boost|p2a: Bellossom|spe|1\n|move|p1a: Toxapex|Liquidation|p2a: Bellossom\n|-resisted|p2a: Bellossom\n|-damage|p2a: Bellossom|129/263 tox\n|\n|-heal|p2a: Bellossom|145/263 tox|[from] item: Leftovers\n|-damage|p2a: Bellossom|81/263 tox|[from] psn\n|upkeep\n|turn|7\n|\n|t:|1733858688\n|move|p2a: Bellossom|Strength Sap|p1a: Toxapex\n|-unboost|p1a: Toxapex|atk|1\n|-heal|p2a: Bellossom|231/263 tox\n|move|p1a: Toxapex|Haze|p1a: Toxapex\n|-clearallboost\n|\n|-heal|p2a: Bellossom|247/263 tox|[from] item: Leftovers\n|-damage|p2a: Bellossom|167/263 tox|[from] psn\n|upkeep\n|turn|8\n|\n|t:|1733858700\n|move|p2a: Bellossom|Quiver Dance|p2a: Bellossom\n|-boost|p2a: Bellossom|spa|1\n|-boost|p2a: Bellossom|spd|1\n|-boost|p2a: Bellossom|spe|1\n|move|p1a: Toxapex|Liquidation|p2a: Bellossom\n|-resisted|p2a: Bellossom\n|-damage|p2a: Bellossom|139/263 tox\n|\n|-heal|p2a: Bellossom|155/263 tox|[from] item: Leftovers\n|-damage|p2a: Bellossom|59/263 tox|[from] psn\n|upkeep\n|turn|9\n|\n|t:|1733858710\n|move|p2a: Bellossom|Strength Sap|p1a: Toxapex\n|-unboost|p1a: Toxapex|atk|1\n|-heal|p2a: Bellossom|209/263 tox\n|move|p1a: Toxapex|Haze|p1a: Toxapex\n|-clearallboost\n|\n|-heal|p2a: Bellossom|225/263 tox|[from] item: Leftovers\n|-damage|p2a: Bellossom|113/263 tox|[from] psn\n|upkeep\n|turn|10\n|\n|t:|1733858743\n|move|p2a: Bellossom|Giga Drain|p1a: Toxapex\n|-damage|p1a: Toxapex|91/216\n|-heal|p2a: Bellossom|140/263 tox|[from] drain|[of] p1a: Toxapex\n|move|p1a: Toxapex|Liquidation|p2a: Bellossom\n|-resisted|p2a: Bellossom\n|-damage|p2a: Bellossom|111/263 tox\n|\n|-heal|p2a: Bellossom|127/263 tox|[from] item: Leftovers\n|-damage|p2a: Bellossom|0 fnt|[from] psn\n|faint|p2a: Bellossom\n|upkeep\n|\n|t:|1733858765\n|switch|p2a: Vigoroth|Vigoroth, L85, F|275/275\n|-status|p2a: Vigoroth|tox\n|turn|11\n|\n|t:|1733858771\n|move|p2a: Vigoroth|Knock Off|p1a: Toxapex\n|-damage|p1a: Toxapex|49/216\n|-damage|p2a: Vigoroth|230/275 tox|[from] item: Rocky Helmet|[of] p1a: Toxapex\n|-enditem|p1a: Toxapex|Rocky Helmet|[from] move: Knock Off|[of] p2a: Vigoroth\n|move|p1a: Toxapex|Recover|p1a: Toxapex\n|-heal|p1a: Toxapex|157/216\n|\n|-damage|p2a: Vigoroth|213/275 tox|[from] psn\n|upkeep\n|turn|12\n|\n|t:|1733858787\n|move|p2a: Vigoroth|Bulk Up|p2a: Vigoroth\n|-boost|p2a: Vigoroth|atk|1\n|-boost|p2a: Vigoroth|def|1\n|move|p1a: Toxapex|Liquidation|p2a: Vigoroth\n|-damage|p2a: Vigoroth|182/275 tox\n|-unboost|p2a: Vigoroth|def|1\n|\n|-damage|p2a: Vigoroth|148/275 tox|[from] psn\n|upkeep\n|turn|13\n|\n|t:|1733858798\n|move|p2a: Vigoroth|Body Slam|p1a: Toxapex\n|-damage|p1a: Toxapex|78/216\n|move|p1a: Toxapex|Haze|p1a: Toxapex\n|-clearallboost\n|\n|-damage|p2a: Vigoroth|97/275 tox|[from] psn\n|upkeep\n|turn|14\n|\n|t:|1733858809\n|move|p2a: Vigoroth|Slack Off|p2a: Vigoroth\n|-heal|p2a: Vigoroth|235/275 tox\n|move|p1a: Toxapex|Recover|p1a: Toxapex\n|-heal|p1a: Toxapex|186/216\n|\n|-damage|p2a: Vigoroth|167/275 tox|[from] psn\n|upkeep\n|turn|15\n|\n|t:|1733858816\n|move|p2a: Vigoroth|Body Slam|p1a: Toxapex\n|-damage|p1a: Toxapex|128/216\n|move|p1a: Toxapex|Liquidation|p2a: Vigoroth\n|-damage|p2a: Vigoroth|124/275 tox\n|\n|-damage|p2a: Vigoroth|39/275 tox|[from] psn\n|upkeep\n|turn|16\n|\n|t:|1733858826\n|move|p2a: Vigoroth|Slack Off|p2a: Vigoroth\n|-heal|p2a: Vigoroth|177/275 tox\n|move|p1a: Toxapex|Recover|p1a: Toxapex\n|-heal|p1a: Toxapex|216/216\n|\n|-damage|p2a: Vigoroth|75/275 tox|[from] psn\n|upkeep\n|turn|17\n|\n|t:|1733858832\n|move|p2a: Vigoroth|Slack Off|p2a: Vigoroth\n|-heal|p2a: Vigoroth|213/275 tox\n|move|p1a: Toxapex|Liquidation|p2a: Vigoroth\n|-damage|p2a: Vigoroth|170/275 tox\n|\n|-damage|p2a: Vigoroth|51/275 tox|[from] psn\n|upkeep\n|turn|18\n|\n|t:|1733858841\n|move|p2a: Vigoroth|Body Slam|p1a: Toxapex\n|-damage|p1a: Toxapex|165/216\n|move|p1a: Toxapex|Liquidation|p2a: Vigoroth\n|-damage|p2a: Vigoroth|6/275 tox\n|\n|-damage|p2a: Vigoroth|0 fnt|[from] psn\n|faint|p2a: Vigoroth\n|upkeep\n|\n|t:|1733858851\n|switch|p2a: Grumpig|Grumpig, L92, F|297/297\n|-status|p2a: Grumpig|tox\n|turn|19\n|\n|t:|1733858866\n|move|p2a: Grumpig|Earth Power|p1a: Toxapex\n|-supereffective|p1a: Toxapex\n|-damage|p1a: Toxapex|73/216\n|move|p1a: Toxapex|Liquidation|p2a: Grumpig\n|-damage|p2a: Grumpig|225/297 tox\n|\n|-heal|p2a: Grumpig|243/297 tox|[from] item: Leftovers\n|-damage|p2a: Grumpig|225/297 tox|[from] psn\n|upkeep\n|turn|20\n|\n|t:|1733858875\n|-terastallize|p1a: Toxapex|Grass\n|move|p2a: Grumpig|Earth Power|p1a: Toxapex\n|-resisted|p1a: Toxapex\n|-damage|p1a: Toxapex|48/216\n|move|p1a: Toxapex|Recover|p1a: Toxapex\n|-heal|p1a: Toxapex|156/216\n|\n|-heal|p2a: Grumpig|243/297 tox|[from] item: Leftovers\n|-damage|p2a: Grumpig|207/297 tox|[from] psn\n|upkeep\n|turn|21\n|\n|t:|1733858887\n|switch|p2a: Infernape|Infernape, L82, F|259/259\n|-status|p2a: Infernape|tox\n|move|p1a: Toxapex|Liquidation|p2a: Infernape\n|-supereffective|p2a: Infernape\n|-damage|p2a: Infernape|109/259 tox\n|\n|-damage|p2a: Infernape|93/259 tox|[from] psn\n|upkeep\n|turn|22\n|\n|t:|1733858896\n|move|p2a: Infernape|Overheat|p1a: Toxapex\n|-supereffective|p1a: Toxapex\n|-damage|p1a: Toxapex|0 fnt\n|-unboost|p2a: Infernape|spa|2\n|faint|p1a: Toxapex\n|-damage|p2a: Infernape|68/259 tox|[from] item: Life Orb\n|\n|-damage|p2a: Infernape|36/259 tox|[from] psn\n|upkeep\n|\n|t:|1733858910\n|switch|p1a: Zebstrika|Zebstrika, L87, F|272/272\n|turn|23\n|\n|t:|1733858947\n|switch|p2a: Grumpig|Grumpig, L92, F|207/297 tox\n|move|p1a: Zebstrika|Volt Switch|p2a: Grumpig\n|-damage|p2a: Grumpig|139/297 tox\n|-damage|p1a: Zebstrika|245/272|[from] item: Life Orb\n|\n|t:|1733858957\n|switch|p1a: Deoxys|Deoxys-Attack, L72|191/191|[from] Volt Switch\n|-ability|p1a: Deoxys|Pressure\n|\n|-heal|p2a: Grumpig|157/297 tox|[from] item: Leftovers\n|-damage|p2a: Grumpig|139/297 tox|[from] psn\n|upkeep\n|turn|24\n|\n|t:|1733858971\n|move|p1a: Deoxys|Knock Off|p2a: Grumpig\n|-supereffective|p2a: Grumpig\n|-damage|p2a: Grumpig|0 fnt\n|-enditem|p2a: Grumpig|Leftovers|[from] move: Knock Off|[of] p1a: Deoxys\n|faint|p2a: Grumpig\n|-damage|p1a: Deoxys|172/191|[from] item: Life Orb\n|\n|upkeep\n|\n|t:|1733858983\n|switch|p2a: Scrafty|Scrafty, L84, M|246/246\n|-status|p2a: Scrafty|tox\n|turn|25\n|\n|t:|1733858997\n|move|p1a: Deoxys|Psycho Boost|p2a: Scrafty\n|-immune|p2a: Scrafty\n|move|p2a: Scrafty|Knock Off|p1a: Deoxys\n|-supereffective|p1a: Deoxys\n|-damage|p1a: Deoxys|0 fnt\n|-enditem|p1a: Deoxys|Life Orb|[from] move: Knock Off|[of] p2a: Scrafty\n|faint|p1a: Deoxys\n|\n|-activate|p2a: Scrafty|ability: Shed Skin\n|-curestatus|p2a: Scrafty|tox|[msg]\n|upkeep\n|\n|t:|1733859014\n|switch|p1a: Zebstrika|Zebstrika, L87, F|245/272\n|turn|26\n|\n|t:|1733859025\n|move|p1a: Zebstrika|High Horsepower|p2a: Scrafty|[miss]\n|-miss|p1a: Zebstrika|p2a: Scrafty\n|move|p2a: Scrafty|Bulk Up|p2a: Scrafty\n|-boost|p2a: Scrafty|atk|1\n|-boost|p2a: Scrafty|def|1\n|\n|upkeep\n|turn|27\n|\n|t:|1733859036\n|move|p1a: Zebstrika|Overheat|p2a: Scrafty\n|-damage|p2a: Scrafty|160/246\n|-unboost|p1a: Zebstrika|spa|2\n|-damage|p1a: Zebstrika|218/272|[from] item: Life Orb\n|move|p2a: Scrafty|Bulk Up|p2a: Scrafty\n|-boost|p2a: Scrafty|atk|1\n|-boost|p2a: Scrafty|def|1\n|\n|-heal|p2a: Scrafty|175/246|[from] item: Leftovers\n|upkeep\n|turn|28\n|\n|t:|1733859054\n|move|p1a: Zebstrika|Volt Switch|p2a: Scrafty\n|-damage|p2a: Scrafty|136/246\n|-damage|p1a: Zebstrika|191/272|[from] item: Life Orb\n|\n|t:|1733859059\n|switch|p1a: Chesnaught|Chesnaught, L84, F|285/285|[from] Volt Switch\n|move|p2a: Scrafty|Knock Off|p1a: Chesnaught\n|-resisted|p1a: Chesnaught\n|-damage|p1a: Chesnaught|216/285\n|-enditem|p1a: Chesnaught|Leftovers|[from] move: Knock Off|[of] p2a: Scrafty\n|\n|-heal|p2a: Scrafty|151/246|[from] item: Leftovers\n|upkeep\n|turn|29\n|\n|t:|1733859072\n|move|p1a: Chesnaught|Trailblaze|p2a: Scrafty\n|-damage|p2a: Scrafty|127/246\n|-boost|p1a: Chesnaught|spe|1\n|move|p2a: Scrafty|Drain Punch|p1a: Chesnaught\n|-damage|p1a: Chesnaught|107/285\n|-heal|p2a: Scrafty|182/246|[from] drain|[of] p1a: Chesnaught\n|\n|-heal|p2a: Scrafty|197/246|[from] item: Leftovers\n|upkeep\n|turn|30\n|\n|t:|1733859085\n|move|p1a: Chesnaught|Synthesis|p1a: Chesnaught\n|-heal|p1a: Chesnaught|249/285\n|move|p2a: Scrafty|Bulk Up|p2a: Scrafty\n|-boost|p2a: Scrafty|atk|1\n|-boost|p2a: Scrafty|def|1\n|\n|-heal|p2a: Scrafty|212/246|[from] item: Leftovers\n|upkeep\n|turn|31\n|\n|t:|1733859104\n|move|p1a: Chesnaught|Iron Defense|p1a: Chesnaught\n|-boost|p1a: Chesnaught|def|2\n|move|p2a: Scrafty|Bulk Up|p2a: Scrafty\n|-boost|p2a: Scrafty|atk|1\n|-boost|p2a: Scrafty|def|1\n|\n|-heal|p2a: Scrafty|227/246|[from] item: Leftovers\n|upkeep\n|turn|32\n|\n|t:|1733859111\n|move|p1a: Chesnaught|Iron Defense|p1a: Chesnaught\n|-boost|p1a: Chesnaught|def|2\n|move|p2a: Scrafty|Drain Punch|p1a: Chesnaught\n|-damage|p1a: Chesnaught|195/285\n|-heal|p2a: Scrafty|246/246|[from] drain|[of] p1a: Chesnaught\n|\n|upkeep\n|turn|33\n|\n|t:|1733859137\n|move|p1a: Chesnaught|Body Press|p2a: Scrafty\n|-supereffective|p2a: Scrafty\n|-damage|p2a: Scrafty|94/246\n|move|p2a: Scrafty|Knock Off|p1a: Chesnaught\n|-resisted|p1a: Chesnaught\n|-damage|p1a: Chesnaught|172/285\n|\n|-heal|p2a: Scrafty|109/246|[from] item: Leftovers\n|upkeep\n|turn|34\n|\n|t:|1733859146\n|move|p1a: Chesnaught|Body Press|p2a: Scrafty\n|-supereffective|p2a: Scrafty\n|-damage|p2a: Scrafty|0 fnt\n|faint|p2a: Scrafty\n|\n|upkeep\n|\n|t:|1733859151\n|switch|p2a: Infernape|Infernape, L82, F|36/259 tox\n|turn|35\n|\n|t:|1733859154\n|move|p1a: Chesnaught|Synthesis|p1a: Chesnaught\n|-heal|p1a: Chesnaught|285/285\n|move|p2a: Infernape|Overheat|p1a: Chesnaught\n|-supereffective|p1a: Chesnaught\n|-damage|p1a: Chesnaught|0 fnt\n|-unboost|p2a: Infernape|spa|2\n|faint|p1a: Chesnaught\n|-damage|p2a: Infernape|11/259 tox|[from] item: Life Orb\n|\n|-damage|p2a: Infernape|0 fnt|[from] psn\n|faint|p2a: Infernape\n|upkeep\n|\n|t:|1733859166\n|switch|p2a: Chien-Pao|Chien-Pao, L72|234/234\n|switch|p1a: Dragonite|Dragonite, L74, F|257/257\n|-ability|p2a: Chien-Pao|Sword of Ruin\n|turn|36\n|\n|t:|1733859179\n|move|p2a: Chien-Pao|Icicle Crash|p1a: Dragonite\n|-supereffective|p1a: Dragonite\n|-damage|p1a: Dragonite|15/257\n|move|p1a: Dragonite|Dragon Dance|p1a: Dragonite\n|-boost|p1a: Dragonite|atk|1\n|-boost|p1a: Dragonite|spe|1\n|\n|upkeep\n|turn|37\n|\n|t:|1733859191\n|move|p1a: Dragonite|Outrage|p2a: Chien-Pao\n|-damage|p2a: Chien-Pao|0 fnt\n|faint|p2a: Chien-Pao\n|\n|win|FakerOddie\n|l|\u2606FakerOddie\n|player|p1|\n", "inputlog": ">version bfd83cad13791eb5a5a409923076391caf6fb4d4\n>start {\"formatid\":\"gen9randombattle\",\"seed\":[47721,50241,24913,44172]}\n>player p1 {\"name\":\"FakerOddie\",\"avatar\":\"marley\",\"rating\":0,\"seed\":[53276,9651,25110,55108]}\n>player p2 {\"name\":\"VMCookie\",\"avatar\":\"hilda\",\"rating\":0,\"seed\":[58484,14455,210,15210]}\n>p1 move toxicspikes\n>p2 move bulkup\n>p1 move toxicspikes\n>p2 move bulkup\n>p1 move liquidation\n>p2 switch 4\n>p1 move liquidation\n>p2 move gigadrain\n>p1 move liquidation\n>p2 move sludgebomb\n>p1 move liquidation\n>p2 move quiverdance\n>p1 move haze\n>p2 move strengthsap\n>p1 move liquidation\n>p2 move quiverdance\n>p1 move haze\n>p2 move strengthsap\n>p1 move liquidation\n>p2 move gigadrain\n>p2 switch 4\n>p1 move recover\n>p2 move knockoff\n>p1 move liquidation\n>p2 move bulkup\n>p1 move haze\n>p2 move bodyslam\n>p1 move recover\n>p2 move slackoff\n>p1 move liquidation\n>p2 move bodyslam\n>p1 move recover\n>p2 move slackoff\n>p1 move liquidation\n>p2 move slackoff\n>p1 move liquidation\n>p2 move bodyslam\n>p2 switch 2\n>p1 move liquidation\n>p2 move earthpower\n>p1 move recover terastallize\n>p2 move earthpower\n>p1 move liquidation\n>p2 switch 6\n>p1 move liquidation\n>p2 move overheat\n>p1 switch 3\n>p1 move voltswitch\n>p2 switch 6\n>p1 switch 2\n>p1 move knockoff\n>p2 move earthpower\n>p2 switch 3\n>p1 move psychoboost\n>p2 move knockoff\n>p1 switch 2\n>p1 move highhorsepower\n>p2 move bulkup\n>p1 move overheat\n>p2 move bulkup\n>p1 move voltswitch\n>p2 move knockoff\n>p1 switch 5\n>p1 move trailblaze\n>p2 move drainpunch\n>p1 move synthesis\n>p2 move bulkup\n>p1 move irondefense\n>p2 move bulkup\n>p1 move irondefense\n>p2 move drainpunch\n>p1 move bodypress\n>p2 move knockoff\n>p1 move bodypress\n>p2 move drainpunch\n>p2 switch 6\n>p1 move synthesis\n>p2 move overheat\n>p1 switch 4\n>p2 switch 5\n>p1 move dragondance\n>p2 move iciclecrash\n>p1 move outrage\n>p2 move swordsdance", "uploadtime": 1733859208, "views": 2, "formatid": "gen9randombattle", "rating": null, "private": 0, "password": null}