{"id": "gen9randombattle-2251265037", "format": "[Gen 9] Random Battle", "players": ["sushi8899", "vegemite360"], "log": "|j|\u2606sushi8899\n|j|\u2606vegemite360\n|t:|1732602358\n|gametype|singles\n|player|p1|sushi8899|170|2289\n|player|p2|vegemite360|lance|2213\n|teamsize|p1|6\n|teamsize|p2|6\n|gen|9\n|tier|[Gen 9] Random Battle\n|rated|\n|rule|Species Clause: Limit one of each Pok\u00e9mon\n|rule|HP Percentage Mod: HP is shown in percentages\n|rule|Sleep Clause Mod: Limit one foe put to sleep\n|rule|Illusion Level Mod: Illusion disguises the Pok\u00e9mon's true level\n|\n|t:|1732602358\n|start\n|switch|p1a: Lumineon|Lumineon, L93, F|279/279\n|switch|p2a: Porygon2|Porygon2, L82|274/274\n|-ability|p2a: Porygon2|Download|boost\n|-boost|p2a: Porygon2|atk|1\n|turn|1\n|inactive|Battle timer is ON: inactive players will automatically lose when time's up. (requested by vegemite360)\n|\n|t:|1732602388\n|move|p1a: Lumineon|Hydro Pump|p2a: Porygon2\n|-damage|p2a: Porygon2|174/274\n|move|p2a: Porygon2|Thunder Wave|p1a: Lumineon|[miss]\n|-miss|p2a: Porygon2|p1a: Lumineon\n|\n|upkeep\n|turn|2\n|\n|t:|1732602406\n|switch|p1a: Eelektross|Eelektross, L87, F|290/290\n|move|p2a: Porygon2|Recover|p2a: Porygon2\n|-heal|p2a: Porygon2|274/274\n|\n|upkeep\n|turn|3\n|\n|t:|1732602426\n|switch|p2a: Camerupt|Camerupt, L91, M|275/275\n|move|p1a: Eelektross|Coil|p1a: Eelektross\n|-boost|p1a: Eelektross|atk|1\n|-boost|p1a: Eelektross|def|1\n|-boost|p1a: Eelektross|accuracy|1\n|\n|upkeep\n|turn|4\n|\n|t:|1732602435\n|move|p1a: Eelektross|Drain Punch|p2a: Camerupt\n|-damage|p2a: Camerupt|172/275\n|move|p2a: Camerupt|Stealth Rock|p1a: Eelektross\n|-sidestart|p1: sushi8899|move: Stealth Rock\n|\n|-heal|p2a: Camerupt|189/275|[from] item: Leftovers\n|upkeep\n|turn|5\n|\n|t:|1732602439\n|move|p1a: Eelektross|Coil|p1a: Eelektross\n|-boost|p1a: Eelektross|atk|1\n|-boost|p1a: Eelektross|def|1\n|-boost|p1a: Eelektross|accuracy|1\n|move|p2a: Camerupt|Roar|p1a: Eelektross\n|drag|p1a: Kyogre|Kyogre, L71|259/259\n|-damage|p1a: Kyogre|227/259|[from] Stealth Rock\n|-weather|RainDance|[from] ability: Drizzle|[of] p1a: Kyogre\n|\n|-weather|RainDance|[upkeep]\n|-heal|p2a: Camerupt|206/275|[from] item: Leftovers\n|upkeep\n|turn|6\n|\n|t:|1732602446\n|switch|p2a: Lurantis|Lurantis, L87, F|264/264\n|move|p1a: Kyogre|Water Spout|p2a: Lurantis\n|-resisted|p2a: Lurantis\n|-damage|p2a: Lurantis|171/264\n|\n|-weather|RainDance|[upkeep]\n|-heal|p2a: Lurantis|187/264|[from] item: Leftovers\n|upkeep\n|turn|7\n|\n|t:|1732602459\n|switch|p1a: Eelektross|Eelektross, L87, F|290/290\n|-damage|p1a: Eelektross|254/290|[from] Stealth Rock\n|move|p2a: Lurantis|Leaf Storm|p1a: Eelektross\n|-damage|p1a: Eelektross|122/290\n|-boost|p2a: Lurantis|spa|2\n|\n|-weather|RainDance|[upkeep]\n|-heal|p1a: Eelektross|140/290|[from] item: Leftovers\n|-heal|p2a: Lurantis|203/264|[from] item: Leftovers\n|upkeep\n|turn|8\n|\n|t:|1732602472\n|move|p1a: Eelektross|Drain Punch|p2a: Lurantis\n|-damage|p2a: Lurantis|143/264\n|-heal|p1a: Eelektross|170/290|[from] drain|[of] p2a: Lurantis\n|move|p2a: Lurantis|Superpower|p1a: Eelektross\n|-damage|p1a: Eelektross|70/290\n|-boost|p2a: Lurantis|atk|1\n|-boost|p2a: Lurantis|def|1\n|\n|-weather|RainDance|[upkeep]\n|-heal|p1a: Eelektross|88/290|[from] item: Leftovers\n|-heal|p2a: Lurantis|159/264|[from] item: Leftovers\n|upkeep\n|turn|9\n|\n|t:|1732602483\n|move|p1a: Eelektross|Coil|p1a: Eelektross\n|-boost|p1a: Eelektross|atk|1\n|-boost|p1a: Eelektross|def|1\n|-boost|p1a: Eelektross|accuracy|1\n|move|p2a: Lurantis|Synthesis|p2a: Lurantis\n|-heal|p2a: Lurantis|225/264\n|\n|-weather|none\n|-heal|p1a: Eelektross|106/290|[from] item: Leftovers\n|-heal|p2a: Lurantis|241/264|[from] item: Leftovers\n|upkeep\n|turn|10\n|\n|t:|1732602488\n|move|p1a: Eelektross|Fire Punch|p2a: Lurantis\n|-supereffective|p2a: Lurantis\n|-damage|p2a: Lurantis|121/264\n|move|p2a: Lurantis|Superpower|p1a: Eelektross\n|-damage|p1a: Eelektross|7/290\n|-boost|p2a: Lurantis|atk|1\n|-boost|p2a: Lurantis|def|1\n|\n|-heal|p1a: Eelektross|25/290|[from] item: Leftovers\n|-heal|p2a: Lurantis|137/264|[from] item: Leftovers\n|upkeep\n|turn|11\n|\n|t:|1732602494\n|move|p1a: Eelektross|Coil|p1a: Eelektross\n|-boost|p1a: Eelektross|atk|1\n|-boost|p1a: Eelektross|def|1\n|-boost|p1a: Eelektross|accuracy|1\n|move|p2a: Lurantis|Synthesis|p2a: Lurantis\n|-heal|p2a: Lurantis|264/264\n|\n|-heal|p1a: Eelektross|43/290|[from] item: Leftovers\n|upkeep\n|turn|12\n|\n|t:|1732602497\n|move|p1a: Eelektross|Fire Punch|p2a: Lurantis\n|-supereffective|p2a: Lurantis\n|-damage|p2a: Lurantis|146/264\n|move|p2a: Lurantis|Superpower|p1a: Eelektross\n|-damage|p1a: Eelektross|0 fnt\n|-boost|p2a: Lurantis|atk|1\n|-boost|p2a: Lurantis|def|1\n|faint|p1a: Eelektross\n|\n|-heal|p2a: Lurantis|162/264|[from] item: Leftovers\n|upkeep\n|\n|t:|1732602506\n|switch|p1a: Deoxys|Deoxys, L74|196/196\n|-damage|p1a: Deoxys|172/196|[from] Stealth Rock\n|-ability|p1a: Deoxys|Pressure\n|turn|13\n|\n|t:|1732602517\n|-terastallize|p1a: Deoxys|Psychic\n|move|p1a: Deoxys|Psycho Boost|p2a: Lurantis\n|-damage|p2a: Lurantis|0 fnt\n|-unboost|p1a: Deoxys|spa|2\n|faint|p2a: Lurantis\n|-damage|p1a: Deoxys|153/196|[from] item: Life Orb\n|\n|upkeep\n|\n|t:|1732602521\n|switch|p2a: Spiritomb|Spiritomb, L89, M|234/234\n|turn|14\n|\n|t:|1732602527\n|switch|p1a: Lumineon|Lumineon, L93, F|279/279\n|-damage|p1a: Lumineon|245/279|[from] Stealth Rock\n|move|p2a: Spiritomb|Foul Play|p1a: Lumineon\n|-damage|p1a: Lumineon|155/279\n|\n|upkeep\n|turn|15\n|\n|t:|1732602534\n|move|p1a: Lumineon|U-turn|p2a: Spiritomb\n|-damage|p2a: Spiritomb|198/234\n|\n|t:|1732602539\n|switch|p1a: Kyogre|Kyogre, L71|227/259|[from] U-turn\n|-damage|p1a: Kyogre|195/259|[from] Stealth Rock\n|-weather|RainDance|[from] ability: Drizzle|[of] p1a: Kyogre\n|move|p2a: Spiritomb|Foul Play|p1a: Kyogre\n|-damage|p1a: Kyogre|108/259\n|\n|-weather|RainDance|[upkeep]\n|-heal|p2a: Spiritomb|212/234|[from] item: Leftovers\n|upkeep\n|turn|16\n|\n|t:|1732602547\n|move|p1a: Kyogre|Origin Pulse|p2a: Spiritomb\n|-damage|p2a: Spiritomb|68/234\n|move|p2a: Spiritomb|Poltergeist|p1a: Kyogre\n|-activate|p1a: Kyogre|move: Poltergeist|Choice Scarf\n|-damage|p1a: Kyogre|0 fnt\n|faint|p1a: Kyogre\n|\n|-weather|RainDance|[upkeep]\n|-heal|p2a: Spiritomb|82/234|[from] item: Leftovers\n|upkeep\n|\n|t:|1732602556\n|switch|p1a: Lumineon|Lumineon, L93, F|155/279\n|-damage|p1a: Lumineon|121/279|[from] Stealth Rock\n|turn|17\n|\n|t:|1732602574\n|switch|p2a: Camerupt|Camerupt, L91, M|206/275\n|move|p1a: Lumineon|Hydro Pump|p2a: Camerupt|[miss]\n|-miss|p1a: Lumineon|p2a: Camerupt\n|\n|-weather|RainDance|[upkeep]\n|-heal|p2a: Camerupt|223/275|[from] item: Leftovers\n|upkeep\n|turn|18\n|\n|t:|1732602580\n|move|p1a: Lumineon|Hydro Pump|p2a: Camerupt\n|-supereffective|p2a: Camerupt\n|-damage|p2a: Camerupt|0 fnt\n|faint|p2a: Camerupt\n|\n|-weather|RainDance|[upkeep]\n|upkeep\n|j| JoffreyBaratheon69\n|j| Bozogu\n|\n|t:|1732602585\n|switch|p2a: Sceptile|Sceptile, L87, F|264/264\n|turn|19\n|\n|t:|1732602591\n|switch|p1a: Regieleki|Regieleki, L79|256/256\n|-damage|p1a: Regieleki|224/256|[from] Stealth Rock\n|move|p2a: Sceptile|Leaf Blade|p1a: Regieleki\n|-damage|p1a: Regieleki|41/256\n|-damage|p2a: Sceptile|238/264|[from] item: Life Orb\n|\n|-weather|none\n|upkeep\n|turn|20\n|\n|t:|1732602598\n|move|p1a: Regieleki|Rapid Spin|p2a: Sceptile\n|-damage|p2a: Sceptile|200/264\n|-boost|p1a: Regieleki|spe|1\n|-sideend|p1: sushi8899|Stealth Rock|[from] move: Rapid Spin|[of] p1a: Regieleki\n|move|p2a: Sceptile|Leaf Blade|p1a: Regieleki\n|-damage|p1a: Regieleki|0 fnt\n|faint|p1a: Regieleki\n|-damage|p2a: Sceptile|174/264|[from] item: Life Orb\n|\n|upkeep\n|\n|t:|1732602605\n|switch|p1a: Deoxys|Deoxys, L74, tera:Psychic|153/196\n|-ability|p1a: Deoxys|Pressure\n|turn|21\n|\n|t:|1732602610\n|switch|p2a: Porygon2|Porygon2, L82|274/274\n|-ability|p2a: Porygon2|Download|boost\n|-boost|p2a: Porygon2|spa|1\n|move|p1a: Deoxys|Ice Beam|p2a: Porygon2\n|-damage|p2a: Porygon2|217/274\n|-damage|p1a: Deoxys|134/196|[from] item: Life Orb\n|\n|upkeep\n|turn|22\n|\n|t:|1732602619\n|move|p1a: Deoxys|Psycho Boost|p2a: Porygon2\n|-damage|p2a: Porygon2|43/274\n|-unboost|p1a: Deoxys|spa|2\n|-damage|p1a: Deoxys|115/196|[from] item: Life Orb\n|move|p2a: Porygon2|Tera Blast|p1a: Deoxys\n|-damage|p1a: Deoxys|0 fnt\n|faint|p1a: Deoxys\n|\n|upkeep\n|\n|t:|1732602623\n|switch|p1a: Donphan|Donphan, L84, F|288/288\n|turn|23\n|\n|t:|1732602627\n|move|p2a: Porygon2|Tera Blast|p1a: Donphan\n|-damage|p1a: Donphan|114/288\n|move|p1a: Donphan|Rapid Spin|p2a: Porygon2\n|-damage|p2a: Porygon2|15/274\n|-boost|p1a: Donphan|spe|1\n|\n|-heal|p1a: Donphan|132/288|[from] item: Leftovers\n|upkeep\n|turn|24\n|\n|t:|1732602631\n|move|p1a: Donphan|Rapid Spin|p2a: Porygon2\n|-damage|p2a: Porygon2|0 fnt\n|-boost|p1a: Donphan|spe|1\n|faint|p2a: Porygon2\n|\n|-heal|p1a: Donphan|150/288|[from] item: Leftovers\n|upkeep\n|\n|t:|1732602650\n|switch|p2a: Gholdengo|Gholdengo, L77|261/261\n|turn|25\n|\n|t:|1732602669\n|move|p1a: Donphan|Knock Off|p2a: Gholdengo\n|-supereffective|p2a: Gholdengo\n|-damage|p2a: Gholdengo|109/261\n|-enditem|p2a: Gholdengo|Leftovers|[from] move: Knock Off|[of] p1a: Donphan\n|move|p2a: Gholdengo|Make It Rain|p1a: Donphan\n|-damage|p1a: Donphan|0 fnt\n|-unboost|p2a: Gholdengo|spa|1\n|faint|p1a: Donphan\n|\n|upkeep\n|\n|t:|1732602676\n|switch|p1a: Lumineon|Lumineon, L93, F|121/279\n|turn|26\n|\n|t:|1732602679\n|move|p1a: Lumineon|Hydro Pump|p2a: Gholdengo\n|-damage|p2a: Gholdengo|0 fnt\n|faint|p2a: Gholdengo\n|\n|upkeep\n|\n|t:|1732602683\n|switch|p2a: Spiritomb|Spiritomb, L89, M|82/234\n|turn|27\n|\n|t:|1732602699\n|move|p2a: Spiritomb|Shadow Sneak|p1a: Lumineon\n|-damage|p1a: Lumineon|75/279\n|move|p1a: Lumineon|Hydro Pump|p2a: Spiritomb\n|-damage|p2a: Spiritomb|0 fnt\n|faint|p2a: Spiritomb\n|\n|upkeep\n|\n|t:|1732602705\n|switch|p2a: Sceptile|Sceptile, L87, F|174/264\n|turn|28\n|\n|t:|1732602714\n|move|p2a: Sceptile|Leaf Blade|p1a: Lumineon\n|-supereffective|p1a: Lumineon\n|-crit|p1a: Lumineon\n|-damage|p1a: Lumineon|0 fnt\n|faint|p1a: Lumineon\n|-damage|p2a: Sceptile|148/264|[from] item: Life Orb\n|\n|win|vegemite360\n|raw|sushi8899's rating: 2289 &rarr; <strong>2265</strong><br />(-24 for losing)\n|raw|vegemite360's rating: 2213 &rarr; <strong>2237</strong><br />(+24 for winning)\n|l|\u2606sushi8899\n|player|p1|\n", "inputlog": ">version baf9aa68cbe18cf25f290680a08c9ad9c5e3e828\n>start {\"formatid\":\"gen9randombattle\",\"seed\":[11825,21154,53519,26809],\"rated\":\"Rated battle\"}\n>player p1 {\"name\":\"sushi8899\",\"avatar\":\"170\",\"rating\":2289,\"seed\":[15980,10608,38173,31704]}\n>player p2 {\"name\":\"vegemite360\",\"avatar\":\"lance\",\"rating\":2213,\"seed\":[52799,20297,47623,55906]}\n>p1 move hydropump\n>p2 move thunderwave\n>p1 switch 2\n>p2 move recover\n>p1 move coil\n>p2 switch 5\n>p1 move drainpunch\n>p2 move stealthrock\n>p1 move coil\n>p2 move roar\n>p1 move waterspout\n>p2 switch 6\n>p1 switch 3\n>p2 move leafstorm\n>p1 move drainpunch\n>p2 move superpower\n>p1 move coil\n>p2 move synthesis\n>p1 move firepunch\n>p2 move superpower\n>p1 move coil\n>p2 move synthesis\n>p1 move firepunch\n>p2 move superpower\n>p1 switch 4\n>p1 move psychoboost terastallize\n>p2 move leafstorm\n>p2 switch 4\n>p1 switch 2\n>p2 move foulplay\n>p1 move uturn\n>p2 move foulplay\n>p1 switch 3\n>p1 move originpulse\n>p2 move poltergeist\n>p1 switch 3\n>p1 move hydropump\n>p2 switch 6\n>p1 move hydropump\n>p2 move earthquake\n>p2 switch 2\n>p1 switch 6\n>p2 move leafblade\n>p1 move rapidspin\n>p2 move leafblade\n>p1 switch 2\n>p1 move icebeam\n>p2 switch 5\n>p1 move psychoboost\n>p2 move terablast\n>p1 switch 5\n>p1 move rapidspin\n>p2 move terablast\n>p1 move rapidspin\n>p2 move terablast\n>p2 switch 3\n>p1 move knockoff\n>p2 move makeitrain\n>p1 switch 6\n>p1 move hydropump\n>p2 move shadowball\n>p2 switch 6\n>p1 move hydropump\n>p2 move shadowsneak\n>p2 switch 5\n>p1 move hydropump\n>p2 move leafblade", "uploadtime": 1732602716, "views": 18, "formatid": "gen9randombattle", "rating": 2237, "private": 0, "password": null}