{"id": "gen9randombattle-2041057618", "format": "[Gen 9] Random Battle", "players": ["KingZuko", "Ivar57"], "log": "|j|\u2606KingZuko\n|j|\u2606Ivar57\n|t:|1705914015\n|gametype|singles\n|player|p1|KingZuko|brock|2178\n|player|p2|Ivar57|#ivar57|2245\n|teamsize|p1|6\n|teamsize|p2|6\n|gen|9\n|tier|[Gen 9] Random Battle\n|rated|\n|rule|Species Clause: Limit one of each Pok\u00e9mon\n|rule|HP Percentage Mod: HP is shown in percentages\n|rule|Sleep Clause Mod: Limit one foe put to sleep\n|rule|Illusion Level Mod: Illusion disguises the Pok\u00e9mon's true level\n|\n|t:|1705914015\n|start\n|switch|p1a: Cyclizar|Cyclizar, L83, F|252/252\n|switch|p2a: Vikavolt|Vikavolt, L84, M|267/267\n|turn|1\n|\n|t:|1705914053\n|switch|p1a: Swalot|Swalot, L90, M|326/326\n|move|p2a: Vikavolt|Sticky Web|p1a: Swalot\n|-sidestart|p1: KingZuko|move: Sticky Web\n|\n|upkeep\n|turn|2\n|\n|t:|1705914077\n|move|p1a: Swalot|Toxic|p2a: Vikavolt\n|-status|p2a: Vikavolt|tox\n|move|p2a: Vikavolt|Thunderbolt|p1a: Swalot\n|-damage|p1a: Swalot|199/326\n|\n|-heal|p1a: Swalot|219/326|[from] item: Leftovers\n|-damage|p2a: Vikavolt|251/267 tox|[from] psn\n|upkeep\n|turn|3\n|\n|t:|1705914100\n|switch|p1a: Giratina|Giratina-Origin, L72|335/335\n|switch|p2a: Azelf|Azelf, L82|257/257\n|\n|upkeep\n|turn|4\n|\n|t:|1705914122\n|switch|p2a: Meganium|Meganium, L90, M|290/290\n|move|p1a: Giratina|Poltergeist|p2a: Meganium\n|-activate|p2a: Meganium|move: Poltergeist|Leftovers\n|-damage|p2a: Meganium|188/290\n|\n|-heal|p2a: Meganium|206/290|[from] item: Leftovers\n|upkeep\n|turn|5\n|\n|t:|1705914138\n|switch|p1a: Swalot|Swalot, L90, M|219/326\n|-activate|p1a: Swalot|move: Sticky Web\n|-unboost|p1a: Swalot|spe|1\n|move|p2a: Meganium|Knock Off|p1a: Swalot\n|-damage|p1a: Swalot|145/326\n|-enditem|p1a: Swalot|Leftovers|[from] move: Knock Off|[of] p2a: Meganium\n|\n|-heal|p2a: Meganium|224/290|[from] item: Leftovers\n|upkeep\n|turn|6\n|\n|t:|1705914165\n|switch|p2a: Azelf|Azelf, L82|257/257\n|move|p1a: Swalot|Sludge Bomb|p2a: Azelf\n|-damage|p2a: Azelf|148/257\n|\n|upkeep\n|turn|7\n|\n|t:|1705914173\n|switch|p1a: Kingambit|Kingambit, L74, F|270/270\n|-activate|p1a: Kingambit|move: Sticky Web\n|-unboost|p1a: Kingambit|spe|1\n|move|p2a: Azelf|Psychic|p1a: Kingambit\n|-immune|p1a: Kingambit\n|\n|upkeep\n|turn|8\n|\n|t:|1705914193\n|switch|p2a: Slither Wing|Slither Wing, L82|274/274\n|-end|p1a: Kingambit|fallenundefined|[silent]\n|switch|p1a: Cyclizar|Cyclizar, L83, F|252/252\n|\n|upkeep\n|turn|9\n|\n|t:|1705914207\n|move|p1a: Cyclizar|Shed Tail|p1a: Cyclizar\n|-start|p1a: Cyclizar|Substitute|[from] move: Shed Tail\n|-damage|p1a: Cyclizar|126/252\n|\n|t:|1705914217\n|switch|p1a: Giratina|Giratina-Origin, L72|335/335|[from] Shed Tail\n|move|p2a: Slither Wing|Close Combat|p1a: Giratina\n|-immune|p1a: Giratina\n|\n|upkeep\n|turn|10\n|\n|t:|1705914223\n|-end|p2a: Slither Wing|Protosynthesis|[silent]\n|switch|p2a: Meganium|Meganium, L90, M|224/290\n|move|p1a: Giratina|Dragon Tail|p2a: Meganium\n|-damage|p2a: Meganium|169/290\n|drag|p2a: Drifblim|Drifblim, L86, M|396/396\n|\n|upkeep\n|turn|11\n|\n|t:|1705914258\n|switch|p2a: Meganium|Meganium, L90, M|169/290\n|move|p1a: Giratina|Poltergeist|p2a: Meganium\n|-activate|p2a: Meganium|move: Poltergeist|Leftovers\n|-damage|p2a: Meganium|70/290\n|\n|-heal|p2a: Meganium|88/290|[from] item: Leftovers\n|upkeep\n|turn|12\n|\n|t:|1705914265\n|move|p2a: Meganium|Synthesis|p2a: Meganium\n|-heal|p2a: Meganium|233/290\n|move|p1a: Giratina|Dragon Tail|p2a: Meganium\n|-damage|p2a: Meganium|178/290\n|drag|p2a: Slither Wing|Slither Wing, L82|274/274\n|\n|upkeep\n|turn|13\n|\n|t:|1705914277\n|move|p2a: Slither Wing|Flare Blitz|p1a: Giratina\n|-resisted|p1a: Giratina\n|-end|p1a: Giratina|Substitute\n|-damage|p2a: Slither Wing|253/274|[from] Recoil|[of] p1a: Giratina\n|move|p1a: Giratina|Dragon Tail|p2a: Slither Wing\n|-damage|p2a: Slither Wing|184/274\n|-end|p2a: Slither Wing|Protosynthesis|[silent]\n|drag|p2a: Jolteon|Jolteon, L84, F|246/246\n|\n|upkeep\n|turn|14\n|\n|t:|1705914293\n|switch|p2a: Meganium|Meganium, L90, M|178/290\n|move|p1a: Giratina|Poltergeist|p2a: Meganium\n|-activate|p2a: Meganium|move: Poltergeist|Leftovers\n|-damage|p2a: Meganium|72/290\n|\n|-heal|p2a: Meganium|90/290|[from] item: Leftovers\n|upkeep\n|turn|15\n|\n|t:|1705914316\n|switch|p1a: Cyclizar|Cyclizar, L83, F|210/252\n|move|p2a: Meganium|Synthesis|p2a: Meganium\n|-heal|p2a: Meganium|235/290\n|\n|-heal|p2a: Meganium|253/290|[from] item: Leftovers\n|upkeep\n|turn|16\n|\n|t:|1705914335\n|move|p1a: Cyclizar|Shed Tail|p1a: Cyclizar\n|-start|p1a: Cyclizar|Substitute|[from] move: Shed Tail\n|-damage|p1a: Cyclizar|84/252\n|\n|t:|1705914338\n|switch|p1a: Kingambit|Kingambit, L74, F|270/270|[from] Shed Tail\n|-activate|p1a: Kingambit|move: Sticky Web\n|-unboost|p1a: Kingambit|spe|1\n|move|p2a: Meganium|Knock Off|p1a: Kingambit\n|-resisted|p1a: Kingambit\n|-activate|p1a: Kingambit|move: Substitute|[damage]\n|\n|-heal|p2a: Meganium|271/290|[from] item: Leftovers\n|upkeep\n|turn|17\n|\n|t:|1705914354\n|move|p2a: Meganium|Energy Ball|p1a: Kingambit\n|-resisted|p1a: Kingambit\n|-end|p1a: Kingambit|Substitute\n|move|p1a: Kingambit|Swords Dance|p1a: Kingambit\n|-boost|p1a: Kingambit|atk|2\n|\n|-heal|p2a: Meganium|289/290|[from] item: Leftovers\n|upkeep\n|turn|18\n|\n|t:|1705914375\n|switch|p2a: Azelf|Azelf, L82|148/257\n|-end|p1a: Kingambit|fallenundefined|[silent]\n|switch|p1a: Cyclizar|Cyclizar, L83, F|168/252\n|\n|upkeep\n|turn|19\n|\n|t:|1705914394\n|move|p1a: Cyclizar|Knock Off|p2a: Azelf\n|-supereffective|p2a: Azelf\n|-damage|p2a: Azelf|0 fnt\n|-enditem|p2a: Azelf|Life Orb|[from] move: Knock Off|[of] p1a: Cyclizar\n|faint|p2a: Azelf\n|\n|upkeep\n|\n|t:|1705914411\n|switch|p2a: Slither Wing|Slither Wing, L82|184/274\n|turn|20\n|\n|t:|1705914420\n|switch|p1a: Giratina|Giratina-Origin, L72|335/335\n|move|p2a: Slither Wing|Flare Blitz|p1a: Giratina\n|-resisted|p1a: Giratina\n|-damage|p1a: Giratina|252/335\n|-damage|p2a: Slither Wing|157/274|[from] Recoil\n|\n|upkeep\n|turn|21\n|\n|t:|1705914428\n|-end|p2a: Slither Wing|Protosynthesis|[silent]\n|switch|p2a: Meganium|Meganium, L90, M|289/290\n|switch|p1a: Kingambit|Kingambit, L74, F|270/270\n|-activate|p1a: Kingambit|move: Sticky Web\n|-unboost|p1a: Kingambit|spe|1\n|\n|-heal|p2a: Meganium|290/290|[from] item: Leftovers\n|upkeep\n|turn|22\n|\n|t:|1705914438\n|move|p2a: Meganium|Leech Seed|p1a: Kingambit\n|-start|p1a: Kingambit|move: Leech Seed\n|move|p1a: Kingambit|Iron Head|p2a: Meganium\n|-damage|p2a: Meganium|217/290\n|\n|-heal|p2a: Meganium|235/290|[from] item: Leftovers\n|-damage|p1a: Kingambit|237/270|[from] Leech Seed|[of] p2a: Meganium\n|-heal|p2a: Meganium|268/290|[silent]\n|upkeep\n|turn|23\n|\n|t:|1705914452\n|switch|p2a: Slither Wing|Slither Wing, L82|157/274\n|-end|p1a: Kingambit|fallenundefined|[silent]\n|switch|p1a: Swalot|Swalot, L90, M|145/326\n|-activate|p1a: Swalot|move: Sticky Web\n|-unboost|p1a: Swalot|spe|1\n|\n|upkeep\n|turn|24\n|\n|t:|1705914462\n|move|p2a: Slither Wing|Flare Blitz|p1a: Swalot\n|-damage|p1a: Swalot|0 fnt\n|faint|p1a: Swalot\n|-damage|p2a: Slither Wing|109/274|[from] Recoil\n|\n|upkeep\n|\n|t:|1705914475\n|switch|p1a: Giratina|Giratina-Origin, L72|252/335\n|turn|25\n|\n|t:|1705914480\n|-end|p2a: Slither Wing|Protosynthesis|[silent]\n|switch|p2a: Meganium|Meganium, L90, M|268/290\n|move|p1a: Giratina|Dragon Tail|p2a: Meganium\n|-damage|p2a: Meganium|214/290\n|drag|p2a: Jolteon|Jolteon, L84, F|246/246\n|\n|upkeep\n|turn|26\n|\n|t:|1705914491\n|switch|p2a: Meganium|Meganium, L90, M|214/290\n|move|p1a: Giratina|Poltergeist|p2a: Meganium\n|-activate|p2a: Meganium|move: Poltergeist|Leftovers\n|-damage|p2a: Meganium|115/290\n|\n|-heal|p2a: Meganium|133/290|[from] item: Leftovers\n|upkeep\n|turn|27\n|\n|t:|1705914501\n|switch|p1a: Cyclizar|Cyclizar, L83, F|252/252\n|move|p2a: Meganium|Leech Seed|p1a: Cyclizar\n|-start|p1a: Cyclizar|move: Leech Seed\n|\n|-heal|p2a: Meganium|151/290|[from] item: Leftovers\n|-damage|p1a: Cyclizar|221/252|[from] Leech Seed|[of] p2a: Meganium\n|-heal|p2a: Meganium|182/290|[silent]\n|upkeep\n|turn|28\n|\n|t:|1705914516\n|switch|p2a: Drifblim|Drifblim, L86, M|396/396\n|move|p1a: Cyclizar|Shed Tail|p1a: Cyclizar\n|-start|p1a: Cyclizar|Substitute|[from] move: Shed Tail\n|-damage|p1a: Cyclizar|95/252\n|\n|t:|1705914531\n|switch|p1a: Kingambit|Kingambit, L74, F|237/270|[from] Shed Tail\n|-activate|p1a: Kingambit|move: Sticky Web\n|-unboost|p1a: Kingambit|spe|1\n|-activate|p1a: Kingambit|ability: Supreme Overlord\n|-start|p1a: Kingambit|fallen1|[silent]\n|\n|-heal|p1a: Kingambit|253/270|[from] item: Leftovers\n|upkeep\n|turn|29\n|\n|t:|1705914540\n|switch|p2a: Vikavolt|Vikavolt, L84, M|251/267 tox\n|move|p1a: Kingambit|Swords Dance|p1a: Kingambit\n|-boost|p1a: Kingambit|atk|2\n|\n|-heal|p1a: Kingambit|269/270|[from] item: Leftovers\n|-damage|p2a: Vikavolt|235/267 tox|[from] psn\n|upkeep\n|turn|30\n|\n|t:|1705914555\n|move|p2a: Vikavolt|Thunderbolt|p1a: Kingambit\n|-end|p1a: Kingambit|Substitute\n|move|p1a: Kingambit|Kowtow Cleave|p2a: Vikavolt\n|-damage|p2a: Vikavolt|33/267 tox\n|\n|-heal|p1a: Kingambit|270/270|[from] item: Leftovers\n|-damage|p2a: Vikavolt|1/267 tox|[from] psn\n|upkeep\n|turn|31\n|\n|t:|1705914564\n|move|p1a: Kingambit|Sucker Punch|p2a: Vikavolt\n|-damage|p2a: Vikavolt|0 fnt\n|faint|p2a: Vikavolt\n|\n|upkeep\n|\n|t:|1705914569\n|switch|p2a: Slither Wing|Slither Wing, L82|109/274\n|turn|32\n|\n|t:|1705914604\n|-end|p1a: Kingambit|fallen1|[silent]\n|switch|p1a: Giratina|Giratina-Origin, L72|252/335\n|move|p2a: Slither Wing|Wild Charge|p1a: Giratina\n|-resisted|p1a: Giratina\n|-damage|p1a: Giratina|185/335\n|-damage|p2a: Slither Wing|92/274|[from] Recoil\n|\n|upkeep\n|turn|33\n|\n|t:|1705914624\n|-end|p2a: Slither Wing|Protosynthesis|[silent]\n|switch|p2a: Meganium|Meganium, L90, M|182/290\n|move|p1a: Giratina|Dragon Tail|p2a: Meganium\n|-damage|p2a: Meganium|128/290\n|drag|p2a: Jolteon|Jolteon, L84, F|246/246\n|\n|upkeep\n|turn|34\n|\n|t:|1705914640\n|-terastallize|p2a: Jolteon|Ice\n|move|p2a: Jolteon|Tera Blast|p1a: Giratina|[anim] Tera Blast Ice\n|-supereffective|p1a: Giratina\n|-damage|p1a: Giratina|0 fnt\n|faint|p1a: Giratina\n|\n|upkeep\n|\n|t:|1705914688\n|switch|p1a: Kingambit|Kingambit, L74, F|270/270\n|-activate|p1a: Kingambit|move: Sticky Web\n|-unboost|p1a: Kingambit|spe|1\n|-activate|p1a: Kingambit|ability: Supreme Overlord\n|-start|p1a: Kingambit|fallen2|[silent]\n|turn|35\n|\n|t:|1705914703\n|switch|p2a: Drifblim|Drifblim, L86, M|396/396\n|move|p1a: Kingambit|Iron Head|p2a: Drifblim\n|-damage|p2a: Drifblim|240/396\n|\n|upkeep\n|turn|36\n|\n|t:|1705914711\n|-end|p1a: Kingambit|fallen2|[silent]\n|switch|p1a: Cyclizar|Cyclizar, L83, F|179/252\n|move|p2a: Drifblim|Air Slash|p1a: Cyclizar\n|-damage|p1a: Cyclizar|74/252\n|\n|upkeep\n|turn|37\n|\n|t:|1705914722\n|switch|p1a: Dewgong|Dewgong, L91, M|312/312\n|move|p2a: Drifblim|Air Slash|p1a: Dewgong\n|-damage|p1a: Dewgong|243/312\n|\n|upkeep\n|turn|38\n|\n|t:|1705914733\n|move|p2a: Drifblim|Strength Sap|p1a: Dewgong\n|-unboost|p1a: Dewgong|atk|1\n|-heal|p2a: Drifblim|396/396\n|move|p1a: Dewgong|Knock Off|p2a: Drifblim\n|-supereffective|p2a: Drifblim\n|-damage|p2a: Drifblim|268/396\n|-enditem|p2a: Drifblim|Sitrus Berry|[from] move: Knock Off|[of] p1a: Dewgong\n|\n|upkeep\n|turn|39\n|\n|t:|1705914746\n|move|p2a: Drifblim|Calm Mind|p2a: Drifblim\n|-boost|p2a: Drifblim|spa|1\n|-boost|p2a: Drifblim|spd|1\n|move|p1a: Dewgong|Ice Beam|p2a: Drifblim\n|-supereffective|p2a: Drifblim\n|-damage|p2a: Drifblim|116/396\n|\n|upkeep\n|turn|40\n|\n|t:|1705914750\n|move|p2a: Drifblim|Strength Sap|p1a: Dewgong\n|-unboost|p1a: Dewgong|atk|1\n|-heal|p2a: Drifblim|235/396\n|move|p1a: Dewgong|Encore|p2a: Drifblim\n|-start|p2a: Drifblim|Encore\n|\n|upkeep\n|turn|41\n|\n|t:|1705914770\n|switch|p1a: Cyclizar|Cyclizar, L83, F|158/252\n|move|p2a: Drifblim|Strength Sap|p1a: Cyclizar\n|-unboost|p1a: Cyclizar|atk|1\n|-heal|p2a: Drifblim|396/396\n|\n|upkeep\n|turn|42\n|\n|t:|1705914777\n|switch|p1a: Zebstrika|Zebstrika, L88, M|275/275\n|-activate|p1a: Zebstrika|move: Sticky Web\n|-unboost|p1a: Zebstrika|spe|1\n|move|p2a: Drifblim|Strength Sap|p1a: Zebstrika\n|-ability|p1a: Zebstrika|Sap Sipper|boost\n|-boost|p1a: Zebstrika|atk|1\n|\n|upkeep\n|turn|43\n|\n|t:|1705914792\n|switch|p2a: Jolteon|Jolteon, L84, F, tera:Ice|246/246\n|move|p1a: Zebstrika|High Horsepower|p2a: Jolteon\n|-damage|p2a: Jolteon|52/246\n|-damage|p1a: Zebstrika|248/275|[from] item: Life Orb\n|\n|-heal|p2a: Jolteon|67/246|[from] item: Leftovers\n|upkeep\n|turn|44\n|\n|t:|1705914812\n|move|p2a: Jolteon|Tera Blast|p1a: Zebstrika|[anim] Tera Blast Ice\n|-damage|p1a: Zebstrika|133/275\n|move|p1a: Zebstrika|Overheat|p2a: Jolteon\n|-supereffective|p2a: Jolteon\n|-damage|p2a: Jolteon|0 fnt\n|-unboost|p1a: Zebstrika|spa|2\n|faint|p2a: Jolteon\n|-damage|p1a: Zebstrika|106/275|[from] item: Life Orb\n|\n|upkeep\n|\n|t:|1705914823\n|switch|p2a: Meganium|Meganium, L90, M|128/290\n|turn|45\n|\n|t:|1705914837\n|switch|p1a: Cyclizar|Cyclizar, L83, F|242/252\n|move|p2a: Meganium|Synthesis|p2a: Meganium\n|-heal|p2a: Meganium|273/290\n|\n|-heal|p2a: Meganium|290/290|[from] item: Leftovers\n|upkeep\n|turn|46\n|\n|t:|1705914852\n|move|p1a: Cyclizar|Shed Tail|p1a: Cyclizar\n|-start|p1a: Cyclizar|Substitute|[from] move: Shed Tail\n|-damage|p1a: Cyclizar|116/252\n|\n|t:|1705914855\n|switch|p1a: Kingambit|Kingambit, L74, F|270/270|[from] Shed Tail\n|-activate|p1a: Kingambit|move: Sticky Web\n|-unboost|p1a: Kingambit|spe|1\n|-activate|p1a: Kingambit|ability: Supreme Overlord\n|-start|p1a: Kingambit|fallen2|[silent]\n|move|p2a: Meganium|Energy Ball|p1a: Kingambit\n|-resisted|p1a: Kingambit\n|-activate|p1a: Kingambit|move: Substitute|[damage]\n|\n|upkeep\n|turn|47\n|\n|t:|1705914860\n|move|p2a: Meganium|Energy Ball|p1a: Kingambit\n|-resisted|p1a: Kingambit\n|-end|p1a: Kingambit|Substitute\n|move|p1a: Kingambit|Swords Dance|p1a: Kingambit\n|-boost|p1a: Kingambit|atk|2\n|\n|upkeep\n|turn|48\n|j| qtray\n|\n|t:|1705914900\n|move|p2a: Meganium|Leech Seed|p1a: Kingambit\n|-start|p1a: Kingambit|move: Leech Seed\n|move|p1a: Kingambit|Swords Dance|p1a: Kingambit\n|-boost|p1a: Kingambit|atk|2\n|\n|-damage|p1a: Kingambit|237/270|[from] Leech Seed|[of] p2a: Meganium\n|upkeep\n|turn|49\n|\n|t:|1705914915\n|move|p2a: Meganium|Energy Ball|p1a: Kingambit\n|-resisted|p1a: Kingambit\n|-damage|p1a: Kingambit|178/270\n|move|p1a: Kingambit|Kowtow Cleave|p2a: Meganium\n|-damage|p2a: Meganium|2/290\n|\n|-heal|p2a: Meganium|20/290|[from] item: Leftovers\n|-heal|p1a: Kingambit|194/270|[from] item: Leftovers\n|-damage|p1a: Kingambit|161/270|[from] Leech Seed|[of] p2a: Meganium\n|-heal|p2a: Meganium|53/290|[silent]\n|upkeep\n|turn|50\n|\n|t:|1705914923\n|move|p2a: Meganium|Energy Ball|p1a: Kingambit\n|-resisted|p1a: Kingambit\n|-damage|p1a: Kingambit|72/270\n|-unboost|p1a: Kingambit|spd|1\n|move|p1a: Kingambit|Kowtow Cleave|p2a: Meganium\n|-damage|p2a: Meganium|0 fnt\n|faint|p2a: Meganium\n|\n|-heal|p1a: Kingambit|88/270|[from] item: Leftovers\n|upkeep\n|\n|t:|1705914933\n|switch|p2a: Drifblim|Drifblim, L86, M|396/396\n|turn|51\n|\n|t:|1705914944\n|move|p2a: Drifblim|Air Slash|p1a: Kingambit\n|-resisted|p1a: Kingambit\n|-damage|p1a: Kingambit|20/270\n|move|p1a: Kingambit|Iron Head|p2a: Drifblim\n|-damage|p2a: Drifblim|0 fnt\n|faint|p2a: Drifblim\n|\n|-heal|p1a: Kingambit|36/270|[from] item: Leftovers\n|upkeep\n|c|\u2606Ivar57|gg\n|-message|Ivar57 forfeited.\n|\n|win|KingZuko\n|raw|KingZuko's rating: 2178 &rarr; <strong>2202</strong><br />(+24 for winning)\n|raw|Ivar57's rating: 2245 &rarr; <strong>2221</strong><br />(-24 for losing)\n|c|\u2606KingZuko|gg\n|l|\u2606Ivar57\n|player|p2|\n|c|\u2606KingZuko|wp\n", "inputlog": ">version b3f4639eebafeaf9eb1d698376d8e3d8eecaa2e2\n>start {\"formatid\":\"gen9randombattle\",\"seed\":[2782,59677,53179,25880],\"rated\":\"Rated battle\"}\n>player p1 {\"name\":\"KingZuko\",\"avatar\":\"brock\",\"rating\":2178,\"seed\":[5568,59060,23113,33075]}\n>player p2 {\"name\":\"Ivar57\",\"avatar\":\"#ivar57\",\"rating\":2245,\"seed\":[18859,43020,9701,41463]}\n>p1 switch 3\n>p2 move stickyweb\n>p1 move toxic\n>p2 move thunderbolt\n>p1 switch 4\n>p2 switch 3\n>p1 move poltergeist\n>p2 switch 2\n>p1 switch 4\n>p2 move knockoff\n>p1 move sludgebomb\n>p2 switch 2\n>p1 switch 5\n>p2 move psychic\n>p1 switch 3\n>p2 switch 6\n>p1 move shedtail\n>p2 move closecombat\n>p1 switch 4\n>p1 move dragontail\n>p2 switch 2\n>p1 move poltergeist\n>p2 switch 5\n>p1 move dragontail\n>p2 move synthesis\n>p1 move dragontail\n>p2 move flareblitz\n>p1 move poltergeist\n>p2 switch 2\n>p1 switch 4\n>p2 move synthesis\n>p1 move shedtail\n>p2 move knockoff\n>p1 switch 3\n>p1 move swordsdance\n>p2 move energyball\n>p1 switch 3\n>p2 switch 6\n>p1 move knockoff\n>p2 move psychic\n>p2 switch 4\n>p1 switch 4\n>p2 move flareblitz\n>p1 switch 3\n>p2 switch 6\n>p1 move ironhead\n>p2 move leechseed\n>p1 switch 5\n>p2 switch 6\n>p1 move sludgebomb\n>p2 move flareblitz\n>p1 switch 3\n>p1 move dragontail\n>p2 switch 6\n>p1 move poltergeist\n>p2 switch 2\n>p1 switch 4\n>p2 move leechseed\n>p1 move shedtail\n>p2 switch 5\n>p1 switch 5\n>p1 move swordsdance\n>p2 switch 3\n>p1 move kowtowcleave\n>p2 move thunderbolt\n>p1 move suckerpunch\n>p2 move thunderbolt\n>p2 switch 6\n>p1 switch 4\n>p2 move wildcharge\n>p1 move dragontail\n>p2 switch 5\n>p1 move dracometeor\n>p2 move terablast terastallize\n>p1 switch 4\n>p1 move ironhead\n>p2 switch 3\n>p1 switch 5\n>p2 move airslash\n>p1 switch 2\n>p2 move airslash\n>p1 move knockoff\n>p2 move strengthsap\n>p1 move icebeam\n>p2 move calmmind\n>p1 move encore\n>p2 move strengthsap\n>p1 switch 2\n>p2 move strengthsap\n>p1 switch 6\n>p2 move strengthsap\n>p1 move highhorsepower\n>p2 switch 3\n>p1 move overheat\n>p2 move terablast\n>p2 switch 2\n>p1 switch 6\n>p2 move synthesis\n>p1 move shedtail\n>p2 move energyball\n>p1 switch 5\n>p1 move swordsdance\n>p2 move energyball\n>p1 move swordsdance\n>p2 move leechseed\n>p1 move kowtowcleave\n>p2 move energyball\n>p1 move kowtowcleave\n>p2 move energyball\n>p2 switch 3\n>p1 move ironhead\n>p2 move airslash\n>chat \u2606Ivar57|gg\n>forcelose p2", "uploadtime": 1705914957, "views": 255, "formatid": "gen9randombattle", "rating": 2202, "private": 0, "password": null}