{"id": "gen9randombattle-2260620529", "format": "[Gen 9] Random Battle", "players": ["GJBear", "uvaverde"], "log": "|j|\u2606GJBear\n|j|\u2606uvaverde\n|t:|1733870194\n|gametype|singles\n|player|p1|GJBear|gentleman-gen4|1673\n|player|p2|uvaverde|cilan|1676\n|teamsize|p1|6\n|teamsize|p2|6\n|gen|9\n|tier|[Gen 9] Random Battle\n|rated|\n|rule|Species Clause: Limit one of each Pok\u00e9mon\n|rule|HP Percentage Mod: HP is shown in percentages\n|rule|Sleep Clause Mod: Limit one foe put to sleep\n|rule|Illusion Level Mod: Illusion disguises the Pok\u00e9mon's true level\n|\n|t:|1733870194\n|start\n|switch|p1a: Samurott|Samurott, L88, F|310/310\n|switch|p2a: Cetitan|Cetitan, L82, F|412/412\n|turn|1\n|\n|t:|1733870205\n|switch|p2a: Arceus|Arceus-Water, L71|288/288\n|move|p1a: Samurott|Knock Off|p2a: Arceus\n|-damage|p2a: Arceus|242/288\n|\n|upkeep\n|turn|2\n|inactive|Battle timer is ON: inactive players will automatically lose when time's up. (requested by uvaverde)\n|\n|t:|1733870216\n|switch|p1a: Leavanny|Leavanny, L86, M|269/269\n|move|p2a: Arceus|Will-O-Wisp|p1a: Leavanny\n|-status|p1a: Leavanny|brn\n|\n|-damage|p1a: Leavanny|253/269 brn|[from] brn\n|upkeep\n|turn|3\n|\n|t:|1733870238\n|move|p2a: Arceus|Calm Mind|p2a: Arceus\n|-boost|p2a: Arceus|spa|1\n|-boost|p2a: Arceus|spd|1\n|move|p1a: Leavanny|Sticky Web|p2a: Arceus\n|-sidestart|p2: uvaverde|move: Sticky Web\n|\n|-damage|p1a: Leavanny|237/269 brn|[from] brn\n|upkeep\n|turn|4\n|\n|t:|1733870251\n|-terastallize|p2a: Arceus|Steel\n|move|p2a: Arceus|Calm Mind|p2a: Arceus\n|-boost|p2a: Arceus|spa|1\n|-boost|p2a: Arceus|spd|1\n|move|p1a: Leavanny|Leaf Blade|p2a: Arceus\n|-resisted|p2a: Arceus\n|-damage|p2a: Arceus|219/288\n|\n|-damage|p1a: Leavanny|221/269 brn|[from] brn\n|upkeep\n|turn|5\n|\n|t:|1733870264\n|switch|p1a: Samurott|Samurott, L88, F|310/310\n|move|p2a: Arceus|Calm Mind|p2a: Arceus\n|-boost|p2a: Arceus|spa|1\n|-boost|p2a: Arceus|spd|1\n|\n|upkeep\n|turn|6\n|\n|t:|1733870273\n|move|p2a: Arceus|Calm Mind|p2a: Arceus\n|-boost|p2a: Arceus|spa|1\n|-boost|p2a: Arceus|spd|1\n|move|p1a: Samurott|Sacred Sword|p2a: Arceus\n|-supereffective|p2a: Arceus\n|-crit|p2a: Arceus\n|-damage|p2a: Arceus|35/288\n|\n|upkeep\n|turn|7\n|\n|t:|1733870282\n|move|p1a: Samurott|Aqua Jet|p2a: Arceus\n|-damage|p2a: Arceus|0 fnt\n|faint|p2a: Arceus\n|\n|upkeep\n|c|\u2606uvaverde|crit mattered\n|\n|t:|1733870292\n|switch|p2a: Pikachu|Pikachu-World, L93, M|216/216\n|-activate|p2a: Pikachu|move: Sticky Web\n|-unboost|p2a: Pikachu|spe|1\n|turn|8\n|c|\u2606GJBear|greed mattered more\n|\n|t:|1733870311\n|switch|p1a: Leavanny|Leavanny, L86, M|221/269 brn\n|move|p2a: Pikachu|Volt Switch|p1a: Leavanny\n|-resisted|p1a: Leavanny\n|-damage|p1a: Leavanny|158/269 brn\n|\n|t:|1733870327\n|switch|p2a: Cetitan|Cetitan, L82, F|412/412|[from] Volt Switch\n|-activate|p2a: Cetitan|move: Sticky Web\n|-unboost|p2a: Cetitan|spe|1\n|\n|-damage|p1a: Leavanny|142/269 brn|[from] brn\n|upkeep\n|turn|9\n|c|\u2606uvaverde|yeah\n|inactive|GJBear has 120 seconds left.\n|c|\u2606GJBear|it was also a minimum crit roll\n|\n|t:|1733870377\n|move|p1a: Leavanny|Knock Off|p2a: Cetitan\n|-damage|p2a: Cetitan|365/412\n|-enditem|p2a: Cetitan|Sitrus Berry|[from] move: Knock Off|[of] p1a: Leavanny\n|move|p2a: Cetitan|Belly Drum|p2a: Cetitan\n|-damage|p2a: Cetitan|159/412\n|-setboost|p2a: Cetitan|atk|6|[from] move: Belly Drum\n|\n|-damage|p1a: Leavanny|126/269 brn|[from] brn\n|upkeep\n|turn|10\n|\n|t:|1733870392\n|move|p2a: Cetitan|Ice Shard|p1a: Leavanny\n|-supereffective|p1a: Leavanny\n|-crit|p1a: Leavanny\n|-damage|p1a: Leavanny|0 fnt\n|faint|p1a: Leavanny\n|\n|upkeep\n|\n|t:|1733870398\n|switch|p1a: Mimikyu|Mimikyu, L79, F|216/216\n|turn|11\n|\n|t:|1733870411\n|move|p2a: Cetitan|Ice Shard|p1a: Mimikyu\n|-activate|p1a: Mimikyu|ability: Disguise\n|-damage|p1a: Mimikyu|216/216\n|detailschange|p1a: Mimikyu|Mimikyu-Busted, L79, F\n|-damage|p1a: Mimikyu|189/216|[from] pokemon: Mimikyu-Busted\n|move|p1a: Mimikyu|Drain Punch|p2a: Cetitan\n|-supereffective|p2a: Cetitan\n|-damage|p2a: Cetitan|0 fnt\n|-heal|p1a: Mimikyu|216/216|[from] drain|[of] p2a: Cetitan\n|faint|p2a: Cetitan\n|-damage|p1a: Mimikyu|195/216|[from] item: Life Orb\n|\n|upkeep\n|\n|t:|1733870425\n|switch|p2a: Mabosstiff|Mabosstiff, L86, F|278/278\n|-activate|p2a: Mabosstiff|move: Sticky Web\n|-unboost|p2a: Mabosstiff|spe|1\n|turn|12\n|\n|t:|1733870435\n|move|p1a: Mimikyu|Play Rough|p2a: Mabosstiff\n|-supereffective|p2a: Mabosstiff\n|-damage|p2a: Mabosstiff|73/278\n|-damage|p1a: Mimikyu|174/216|[from] item: Life Orb\n|move|p2a: Mabosstiff|Crunch|p1a: Mimikyu\n|-damage|p1a: Mimikyu|0 fnt\n|faint|p1a: Mimikyu\n|\n|upkeep\n|inactive|GJBear has 120 seconds left.\n|inactive|GJBear has 90 seconds left.\n|\n|t:|1733870481\n|switch|p1a: Archaludon|Archaludon, L78, M|268/268\n|turn|13\n|\n|t:|1733870511\n|move|p1a: Archaludon|Stealth Rock|p2a: Mabosstiff\n|-sidestart|p2: uvaverde|move: Stealth Rock\n|move|p2a: Mabosstiff|Crunch|p1a: Archaludon\n|-damage|p1a: Archaludon|148/268\n|-ability|p1a: Archaludon|Stamina|boost\n|-boost|p1a: Archaludon|def|1\n|\n|-heal|p1a: Archaludon|164/268|[from] item: Leftovers\n|upkeep\n|turn|14\n|\n|t:|1733870519\n|move|p1a: Archaludon|Body Press|p2a: Mabosstiff\n|-supereffective|p2a: Mabosstiff\n|-damage|p2a: Mabosstiff|0 fnt\n|faint|p2a: Mabosstiff\n|\n|-heal|p1a: Archaludon|180/268|[from] item: Leftovers\n|upkeep\n|inactive|uvaverde has 120 seconds left.\n|\n|t:|1733870535\n|switch|p2a: Reuniclus|Reuniclus, L88, F|337/337\n|-activate|p2a: Reuniclus|move: Sticky Web\n|-unboost|p2a: Reuniclus|spe|1\n|turn|15\n|inactive|GJBear has 90 seconds left.\n|\n|t:|1733870561\n|switch|p1a: Samurott|Samurott, L88, F|310/310\n|move|p2a: Reuniclus|Focus Blast|p1a: Samurott|[miss]\n|-miss|p2a: Reuniclus|p1a: Samurott\n|\n|upkeep\n|turn|16\n|c|\u2606GJBear|oof\n|inactive|uvaverde has 120 seconds left.\n|\n|t:|1733870586\n|move|p1a: Samurott|Knock Off|p2a: Reuniclus\n|-supereffective|p2a: Reuniclus\n|-damage|p2a: Reuniclus|163/337\n|-enditem|p2a: Reuniclus|Life Orb|[from] move: Knock Off|[of] p1a: Samurott\n|move|p2a: Reuniclus|Psyshock|p1a: Samurott\n|-damage|p1a: Samurott|205/310\n|\n|upkeep\n|turn|17\n|inactive|GJBear has 90 seconds left.\n|\n|t:|1733870625\n|move|p1a: Samurott|Hydro Pump|p2a: Reuniclus|[miss]\n|-miss|p1a: Samurott|p2a: Reuniclus\n|move|p2a: Reuniclus|Recover|p2a: Reuniclus\n|-heal|p2a: Reuniclus|332/337\n|\n|upkeep\n|turn|18\n|inactive|uvaverde has 120 seconds left.\n|inactive|uvaverde has 90 seconds left.\n|inactive|uvaverde has 60 seconds left.\n|\n|t:|1733870690\n|move|p1a: Samurott|Hydro Pump|p2a: Reuniclus\n|-damage|p2a: Reuniclus|185/337\n|move|p2a: Reuniclus|Calm Mind|p2a: Reuniclus\n|-boost|p2a: Reuniclus|spa|1\n|-boost|p2a: Reuniclus|spd|1\n|\n|upkeep\n|turn|19\n|inactive|GJBear has 60 seconds left.\n|\n|t:|1733870733\n|switch|p1a: Regidrago|Regidrago, L77|435/435\n|move|p2a: Reuniclus|Recover|p2a: Reuniclus\n|-heal|p2a: Reuniclus|337/337\n|\n|upkeep\n|turn|20\n|inactive|uvaverde has 60 seconds left.\n|\n|t:|1733870755\n|-terastallize|p1a: Regidrago|Dragon\n|move|p1a: Regidrago|Outrage|p2a: Reuniclus\n|-damage|p2a: Reuniclus|109/337\n|move|p2a: Reuniclus|Psyshock|p1a: Regidrago\n|-damage|p1a: Regidrago|168/435\n|\n|upkeep\n|turn|21\n|inactive|uvaverde has 60 seconds left.\n|\n|t:|1733870767\n|move|p1a: Regidrago|Outrage|p2a: Reuniclus|[from]lockedmove\n|-damage|p2a: Reuniclus|0 fnt\n|faint|p2a: Reuniclus\n|-start|p1a: Regidrago|confusion|[fatigue]\n|\n|upkeep\n|\n|t:|1733870774\n|switch|p2a: Chimecho|Chimecho, L93, F|290/290\n|-damage|p2a: Chimecho|254/290|[from] Stealth Rock\n|turn|22\n|inactive|uvaverde has 60 seconds left.\n|\n|t:|1733870779\n|switch|p1a: Samurott|Samurott, L88, F|205/310\n|move|p2a: Chimecho|Cosmic Power|p2a: Chimecho\n|-boost|p2a: Chimecho|def|1\n|-boost|p2a: Chimecho|spd|1\n|\n|-heal|p2a: Chimecho|272/290|[from] item: Leftovers\n|upkeep\n|turn|23\n|inactive|uvaverde has 60 seconds left.\n|\n|t:|1733870789\n|move|p2a: Chimecho|Recover|p2a: Chimecho\n|-heal|p2a: Chimecho|290/290\n|move|p1a: Samurott|Knock Off|p2a: Chimecho\n|-supereffective|p2a: Chimecho\n|-damage|p2a: Chimecho|196/290\n|-enditem|p2a: Chimecho|Leftovers|[from] move: Knock Off|[of] p1a: Samurott\n|\n|upkeep\n|turn|24\n|\n|t:|1733870801\n|move|p2a: Chimecho|Cosmic Power|p2a: Chimecho\n|-boost|p2a: Chimecho|def|1\n|-boost|p2a: Chimecho|spd|1\n|move|p1a: Samurott|Hydro Pump|p2a: Chimecho\n|-damage|p2a: Chimecho|130/290\n|\n|upkeep\n|turn|25\n|inactive|GJBear has 60 seconds left.\n|\n|t:|1733870824\n|switch|p1a: Regidrago|Regidrago, L77, tera:Dragon|168/435\n|move|p2a: Chimecho|Recover|p2a: Chimecho\n|-heal|p2a: Chimecho|275/290\n|\n|upkeep\n|turn|26\n|\n|t:|1733870831\n|move|p1a: Regidrago|Outrage|p2a: Chimecho\n|-damage|p2a: Chimecho|169/290\n|move|p2a: Chimecho|Stored Power|p1a: Regidrago\n|-damage|p1a: Regidrago|0 fnt\n|faint|p1a: Regidrago\n|\n|upkeep\n|inactive|GJBear has 60 seconds left.\n|\n|t:|1733870852\n|switch|p1a: Gyarados|Gyarados, L79, F|280/280\n|-ability|p1a: Gyarados|Intimidate|boost\n|-unboost|p2a: Chimecho|atk|1\n|turn|27\n|\n|t:|1733870868\n|move|p2a: Chimecho|Recover|p2a: Chimecho\n|-heal|p2a: Chimecho|290/290\n|move|p1a: Gyarados|Dragon Dance|p1a: Gyarados\n|-boost|p1a: Gyarados|atk|1\n|-boost|p1a: Gyarados|spe|1\n|\n|upkeep\n|turn|28\n|\n|t:|1733870874\n|move|p1a: Gyarados|Dragon Dance|p1a: Gyarados\n|-boost|p1a: Gyarados|atk|1\n|-boost|p1a: Gyarados|spe|1\n|move|p2a: Chimecho|Cosmic Power|p2a: Chimecho\n|-boost|p2a: Chimecho|def|1\n|-boost|p2a: Chimecho|spd|1\n|\n|upkeep\n|turn|29\n|\n|t:|1733870880\n|move|p1a: Gyarados|Dragon Dance|p1a: Gyarados\n|-boost|p1a: Gyarados|atk|1\n|-boost|p1a: Gyarados|spe|1\n|move|p2a: Chimecho|Stored Power|p1a: Gyarados\n|-damage|p1a: Gyarados|111/280\n|\n|upkeep\n|turn|30\n|inactive|uvaverde has 90 seconds left.\n|\n|t:|1733870887\n|move|p1a: Gyarados|Waterfall|p2a: Chimecho\n|-damage|p2a: Chimecho|196/290\n|move|p2a: Chimecho|Stored Power|p1a: Gyarados\n|-damage|p1a: Gyarados|0 fnt\n|faint|p1a: Gyarados\n|\n|upkeep\n|c|\u2606GJBear|gg\n|c|\u2606uvaverde|next crit\n|c|\u2606uvaverde|no you have a 4% chance crit boy\n|\n|t:|1733870914\n|switch|p1a: Archaludon|Archaludon, L78, M|180/268\n|turn|31\n|\n|t:|1733870921\n|move|p1a: Archaludon|Draco Meteor|p2a: Chimecho\n|-damage|p2a: Chimecho|147/290\n|-unboost|p1a: Archaludon|spa|2\n|move|p2a: Chimecho|Recover|p2a: Chimecho\n|-heal|p2a: Chimecho|290/290\n|\n|-heal|p1a: Archaludon|196/268|[from] item: Leftovers\n|upkeep\n|turn|32\n|c|\u2606uvaverde|and now is gg\n|c|\u2606GJBear|gg\n|inactive|GJBear has 60 seconds left.\n|-message|GJBear forfeited.\n|\n|win|uvaverde\n|raw|GJBear's rating: 1673 &rarr; <strong>1653</strong><br />(-20 for losing)\n|raw|uvaverde's rating: 1676 &rarr; <strong>1696</strong><br />(+20 for winning)\n|c|\u2606uvaverde|and a good\n|l|\u2606GJBear\n|player|p1|\n|c|\u2606uvaverde|morning\n", "inputlog": ">version bfd83cad13791eb5a5a409923076391caf6fb4d4\n>start {\"formatid\":\"gen9randombattle\",\"seed\":[64707,20624,17327,29571],\"rated\":\"Rated battle\"}\n>player p1 {\"name\":\"GJBear\",\"avatar\":\"gentleman-gen4\",\"rating\":1673,\"seed\":[5793,48463,10518,53988]}\n>player p2 {\"name\":\"uvaverde\",\"avatar\":\"cilan\",\"rating\":1676,\"seed\":[20242,36633,277,28441]}\n>p1 move knockoff\n>p2 switch 5\n>p1 switch 3\n>p2 move willowisp\n>p1 move stickyweb\n>p2 move calmmind\n>p1 move leafblade\n>p2 move calmmind terastallize\n>p1 switch 3\n>p2 move calmmind\n>p1 move sacredsword\n>p2 move calmmind\n>p1 move aquajet\n>p2 move recover\n>chat \u2606uvaverde|crit mattered\n>p2 switch 3\n>chat \u2606GJBear|greed mattered more\n>p1 switch 3\n>p2 move voltswitch\n>p2 switch 5\n>chat \u2606uvaverde|yeah\n>chat \u2606GJBear|it was also a minimum crit roll\n>p1 move knockoff\n>p2 move bellydrum\n>p1 move lunge\n>p2 move iceshard\n>p1 switch 4\n>p1 move drainpunch\n>p2 move iceshard\n>p2 switch 6\n>p1 move playrough\n>p2 move crunch\n>p1 switch 2\n>p1 move stealthrock\n>p2 move crunch\n>p1 move bodypress\n>p2 move crunch\n>p2 switch 2\n>p1 switch 3\n>p2 move focusblast\n>chat \u2606GJBear|oof\n>p1 move knockoff\n>p2 move psyshock\n>p1 move hydropump\n>p2 move recover\n>p1 move hydropump\n>p2 move calmmind\n>p1 switch 5\n>p2 move recover\n>p1 move outrage terastallize\n>p2 move psyshock\n>p1 move outrage\n>p2 move psyshock\n>p2 switch 4\n>p1 switch 5\n>p2 move cosmicpower\n>p1 move knockoff\n>p2 move recover\n>p1 move hydropump\n>p2 move cosmicpower\n>p1 switch 5\n>p2 move recover\n>p1 move outrage\n>p2 move storedpower\n>p1 switch 6\n>p1 move dragondance\n>p2 move recover\n>p1 move dragondance\n>p2 move cosmicpower\n>p1 move dragondance\n>p2 move storedpower\n>p1 move waterfall\n>p2 move storedpower\n>chat \u2606GJBear|gg\n>chat \u2606uvaverde|next crit\n>chat \u2606uvaverde|no you have a 4% chance crit boy\n>p1 switch 3\n>p1 move dracometeor\n>p2 move recover\n>chat \u2606uvaverde|and now is gg\n>chat \u2606GJBear|gg\n>forcelose p1", "uploadtime": 1733870960, "views": 6, "formatid": "gen9randombattle", "rating": 1653, "private": 0, "password": null}