{"id": "gen9randombattle-2197755311", "format": "[Gen 9] Random Battle", "players": ["Mayqueen NyanNyan", "Norman2!"], "log": "|j|\u2606Mayqueen NyanNyan\n|j|\u203dNorman2!\n|t:|1725882741\n|gametype|singles\n|player|p1|Mayqueen NyanNyan|1|2246\n|player|p2|Norman2!|102|2303\n|teamsize|p1|6\n|teamsize|p2|6\n|gen|9\n|tier|[Gen 9] Random Battle\n|rated|\n|rule|Species Clause: Limit one of each Pok\u00e9mon\n|rule|HP Percentage Mod: HP is shown in percentages\n|rule|Sleep Clause Mod: Limit one foe put to sleep\n|rule|Illusion Level Mod: Illusion disguises the Pok\u00e9mon's true level\n|\n|t:|1725882741\n|start\n|switch|p1a: Stonjourner|Stonjourner, L91, M|330/330\n|switch|p2a: Whiscash|Whiscash, L88, F|337/337\n|turn|1\n|inactive|Battle timer is ON: inactive players will automatically lose when time's up. (requested by Norman2!)\n|\n|t:|1725882752\n|switch|p1a: Electrode|Electrode-Hisui, L87|246/246\n|move|p2a: Whiscash|Stealth Rock|p1a: Electrode\n|-sidestart|p1: Mayqueen NyanNyan|move: Stealth Rock\n|\n|upkeep\n|turn|2\n|\n|t:|1725882756\n|switch|p2a: Whimsicott|Whimsicott, L85, F|241/241\n|move|p1a: Electrode|Thunder Wave|p2a: Whimsicott\n|-status|p2a: Whimsicott|par\n|\n|upkeep\n|turn|3\n|\n|t:|1725882768\n|switch|p1a: Grumpig|Grumpig, L92, M|297/297\n|-damage|p1a: Grumpig|260/297|[from] Stealth Rock\n|move|p2a: Whimsicott|Moonblast|p1a: Grumpig\n|-damage|p1a: Grumpig|190/297\n|\n|-heal|p1a: Grumpig|208/297|[from] item: Leftovers\n|upkeep\n|turn|4\n|\n|t:|1725882778\n|switch|p2a: Mew|Mew, L82|298/298\n|move|p1a: Grumpig|Psychic|p2a: Mew\n|-resisted|p2a: Mew\n|-damage|p2a: Mew|247/298\n|\n|-heal|p1a: Grumpig|226/297|[from] item: Leftovers\n|upkeep\n|turn|5\n|\n|t:|1725882781\n|move|p2a: Mew|Swords Dance|p2a: Mew\n|-boost|p2a: Mew|atk|2\n|move|p1a: Grumpig|Shadow Ball|p2a: Mew\n|-supereffective|p2a: Mew\n|-damage|p2a: Mew|121/298\n|\n|-heal|p1a: Grumpig|244/297|[from] item: Leftovers\n|upkeep\n|turn|6\n|\n|t:|1725882787\n|move|p2a: Mew|Leech Life|p1a: Grumpig\n|-supereffective|p1a: Grumpig\n|-damage|p1a: Grumpig|0 fnt\n|-heal|p2a: Mew|243/298|[from] drain|[of] p1a: Grumpig\n|faint|p1a: Grumpig\n|-damage|p2a: Mew|214/298|[from] item: Life Orb\n|\n|upkeep\n|\n|t:|1725882799\n|switch|p1a: Electrode|Electrode-Hisui, L87|246/246\n|-damage|p1a: Electrode|216/246|[from] Stealth Rock\n|turn|7\n|\n|t:|1725882802\n|move|p1a: Electrode|Thunderbolt|p2a: Mew\n|-damage|p2a: Mew|101/298\n|-damage|p1a: Electrode|192/246|[from] item: Life Orb\n|move|p2a: Mew|Leech Life|p1a: Electrode\n|-supereffective|p1a: Electrode\n|-damage|p1a: Electrode|0 fnt\n|-heal|p2a: Mew|197/298|[from] drain|[of] p1a: Electrode\n|-damage|p2a: Mew|123/298|[from] ability: Aftermath|[of] p1a: Electrode\n|faint|p1a: Electrode\n|-damage|p2a: Mew|94/298|[from] item: Life Orb\n|\n|upkeep\n|\n|t:|1725882812\n|switch|p1a: Salamence|Salamence, L77, M|273/273\n|-ability|p1a: Salamence|Intimidate|boost\n|-unboost|p2a: Mew|atk|1\n|turn|8\n|\n|t:|1725882822\n|move|p2a: Mew|Psychic Fangs|p1a: Salamence\n|-damage|p1a: Salamence|77/273\n|-damage|p2a: Mew|65/298|[from] item: Life Orb\n|move|p1a: Salamence|Dragon Dance|p1a: Salamence\n|-boost|p1a: Salamence|atk|1\n|-boost|p1a: Salamence|spe|1\n|\n|upkeep\n|turn|9\n|\n|t:|1725882831\n|move|p1a: Salamence|Dual Wingbeat|p2a: Mew|[miss]\n|-miss|p1a: Salamence|p2a: Mew\n|move|p2a: Mew|Psychic Fangs|p1a: Salamence\n|-damage|p1a: Salamence|0 fnt\n|faint|p1a: Salamence\n|-damage|p2a: Mew|36/298|[from] item: Life Orb\n|\n|upkeep\n|\n|t:|1725882837\n|switch|p1a: Veluza|Veluza, L85, F|292/292\n|-damage|p1a: Veluza|256/292|[from] Stealth Rock\n|turn|10\n|\n|t:|1725882839\n|move|p1a: Veluza|Aqua Jet|p2a: Mew\n|-damage|p2a: Mew|0 fnt\n|faint|p2a: Mew\n|\n|upkeep\n|\n|t:|1725882842\n|switch|p2a: Whimsicott|Whimsicott, L85, F|241/241 par\n|turn|11\n|\n|t:|1725882846\n|switch|p1a: Stonjourner|Stonjourner, L91, M|330/330\n|-damage|p1a: Stonjourner|289/330|[from] Stealth Rock\n|move|p2a: Whimsicott|Moonblast|p1a: Stonjourner\n|-damage|p1a: Stonjourner|81/330\n|\n|upkeep\n|turn|12\n|\n|t:|1725882851\n|switch|p2a: Whiscash|Whiscash, L88, F|337/337\n|move|p1a: Stonjourner|Stone Edge|p2a: Whiscash\n|-resisted|p2a: Whiscash\n|-damage|p2a: Whiscash|238/337\n|-damage|p1a: Stonjourner|48/330|[from] item: Life Orb\n|\n|-heal|p2a: Whiscash|259/337|[from] item: Leftovers\n|upkeep\n|turn|13\n|\n|t:|1725882854\n|move|p1a: Stonjourner|Earthquake|p2a: Whiscash\n|-damage|p2a: Whiscash|110/337\n|-damage|p1a: Stonjourner|15/330|[from] item: Life Orb\n|move|p2a: Whiscash|Spikes|p1a: Stonjourner\n|-sidestart|p1: Mayqueen NyanNyan|Spikes\n|\n|-heal|p2a: Whiscash|131/337|[from] item: Leftovers\n|upkeep\n|turn|14\n|\n|t:|1725882858\n|move|p1a: Stonjourner|Earthquake|p2a: Whiscash\n|-damage|p2a: Whiscash|0 fnt\n|faint|p2a: Whiscash\n|-damage|p1a: Stonjourner|0 fnt|[from] item: Life Orb\n|faint|p1a: Stonjourner\n|\n|upkeep\n|\n|t:|1725882863\n|switch|p1a: Veluza|Veluza, L85, F|256/292\n|switch|p2a: Mienshao|Mienshao, L83, F|244/244\n|-damage|p1a: Veluza|220/292|[from] Stealth Rock\n|-damage|p1a: Veluza|184/292|[from] Spikes\n|turn|15\n|\n|t:|1725882874\n|move|p2a: Mienshao|Fake Out|p1a: Veluza\n|-damage|p1a: Veluza|146/292\n|cant|p1a: Veluza|flinch\n|\n|upkeep\n|turn|16\n|\n|t:|1725882877\n|move|p2a: Mienshao|Knock Off|p1a: Veluza\n|-supereffective|p1a: Veluza\n|-damage|p1a: Veluza|0 fnt\n|-enditem|p1a: Veluza|Choice Band|[from] move: Knock Off|[of] p2a: Mienshao\n|faint|p1a: Veluza\n|\n|upkeep\n|\n|t:|1725882880\n|switch|p1a: Hariyama|Hariyama, L87, F|392/392\n|-damage|p1a: Hariyama|368/392|[from] Stealth Rock\n|-damage|p1a: Hariyama|319/392|[from] Spikes\n|turn|17\n|\n|t:|1725882883\n|move|p2a: Mienshao|U-turn|p1a: Hariyama\n|-resisted|p1a: Hariyama\n|-damage|p1a: Hariyama|283/392\n|\n|t:|1725882887\n|switch|p2a: Whimsicott|Whimsicott, L85, F|241/241 par|[from] U-turn\n|move|p1a: Hariyama|Close Combat|p2a: Whimsicott\n|-resisted|p2a: Whimsicott\n|-damage|p2a: Whimsicott|165/241 par\n|-unboost|p1a: Hariyama|def|1\n|-unboost|p1a: Hariyama|spd|1\n|\n|-heal|p2a: Whimsicott|180/241 par|[from] item: Leftovers\n|-status|p1a: Hariyama|brn|[from] item: Flame Orb\n|upkeep\n|turn|18\n|\n|t:|1725882897\n|move|p1a: Hariyama|Facade|p2a: Whimsicott\n|-damage|p2a: Whimsicott|3/241 par\n|cant|p2a: Whimsicott|par\n|\n|-heal|p2a: Whimsicott|18/241 par|[from] item: Leftovers\n|-damage|p1a: Hariyama|259/392 brn|[from] brn\n|upkeep\n|turn|19\n|\n|t:|1725882901\n|move|p1a: Hariyama|Facade|p2a: Whimsicott\n|-damage|p2a: Whimsicott|0 fnt\n|faint|p2a: Whimsicott\n|\n|-damage|p1a: Hariyama|235/392 brn|[from] brn\n|upkeep\n|\n|t:|1725882903\n|switch|p2a: Mienshao|Mienshao, L83, F|244/244\n|turn|20\n|\n|t:|1725882907\n|move|p2a: Mienshao|Fake Out|p1a: Hariyama\n|-damage|p1a: Hariyama|171/392 brn\n|cant|p1a: Hariyama|flinch\n|\n|-damage|p1a: Hariyama|147/392 brn|[from] brn\n|upkeep\n|turn|21\n|\n|t:|1725882909\n|move|p2a: Mienshao|Close Combat|p1a: Hariyama\n|-damage|p1a: Hariyama|0 fnt\n|-unboost|p2a: Mienshao|def|1\n|-unboost|p2a: Mienshao|spd|1\n|faint|p1a: Hariyama\n|\n|win|Norman2!\n|raw|Mayqueen NyanNyan's rating: 2246 &rarr; <strong>2229</strong><br />(-17 for losing)\n|raw|Norman2!'s rating: 2303 &rarr; <strong>2320</strong><br />(+17 for winning)\n|l|\u2606Mayqueen NyanNyan\n|player|p1|\n", "inputlog": ">version a7fd1c1c07600285a1536454bc1aca0abecfa22c\n>start {\"formatid\":\"gen9randombattle\",\"seed\":[15276,53265,33701,35105],\"rated\":\"Rated battle\"}\n>player p1 {\"name\":\"Mayqueen NyanNyan\",\"avatar\":\"1\",\"rating\":2246,\"seed\":[42250,560,7890,37743]}\n>player p2 {\"name\":\"Norman2!\",\"avatar\":\"102\",\"rating\":2303,\"seed\":[6584,7808,47242,4738]}\n>p1 switch 5\n>p2 move stealthrock\n>p1 move thunderwave\n>p2 switch 2\n>p1 switch 2\n>p2 move moonblast\n>p1 move psychic\n>p2 switch 4\n>p1 move shadowball\n>p2 move swordsdance\n>p1 move shadowball\n>p2 move leechlife\n>p1 switch 2\n>p1 move thunderbolt\n>p2 move leechlife\n>p1 switch 6\n>p1 move dragondance\n>p2 move psychicfangs\n>p1 move dualwingbeat\n>p2 move psychicfangs\n>p1 switch 4\n>p1 move aquajet\n>p2 move leechlife\n>p2 switch 4\n>p1 switch 5\n>p2 move moonblast\n>p1 move stoneedge\n>p2 switch 2\n>p1 move earthquake\n>p2 move spikes\n>p1 move earthquake\n>p2 move spikes\n>p1 switch 5\n>p2 switch 5\n>p1 move psychocut\n>p2 move fakeout\n>p1 move psychocut\n>p2 move knockoff\n>p1 switch 3\n>p1 move closecombat\n>p2 move uturn\n>p2 switch 2\n>p1 move facade\n>p2 move moonblast\n>p1 move facade\n>p2 move moonblast\n>p2 switch 2\n>p1 move closecombat\n>p2 move fakeout\n>p1 move closecombat\n>p2 move closecombat", "uploadtime": 1725882911, "views": 129, "formatid": "gen9randombattle", "rating": 2229, "private": 0, "password": null}