{"id": "gen9randombattle-2260750009", "format": "[Gen 9] Random Battle", "players": ["Naterogers", "LokiSpooked"], "log": "|badge|p1|bronze|gen9doublesou|100-3\n|uhtml|medal-msg|<div class=\"broadcast-blue\">Curious what those medals under the avatar are? PS now has Ladder Seasons! For more information, check out the <a href=\"https://www.smogon.com/forums/threads/3740067/\">thread on Smogon.</a></div>\n|j|\u2606Naterogers\n|j|\u2606LokiSpooked\n|t:|1733886648\n|gametype|singles\n|player|p1|Naterogers|102|1374\n|player|p2|LokiSpooked|acetrainer-gen4dp|1423\n|teamsize|p1|6\n|teamsize|p2|6\n|gen|9\n|tier|[Gen 9] Random Battle\n|rated|\n|rule|Species Clause: Limit one of each Pok\u00e9mon\n|rule|HP Percentage Mod: HP is shown in percentages\n|rule|Sleep Clause Mod: Limit one foe put to sleep\n|rule|Illusion Level Mod: Illusion disguises the Pok\u00e9mon's true level\n|\n|t:|1733886648\n|start\n|switch|p1a: Hydrapple|Hydrapple, L83, F|312/312\n|switch|p2a: Skarmory|Skarmory, L80, M|235/235\n|turn|1\n|inactive|Battle timer is ON: inactive players will automatically lose when time's up. (requested by LokiSpooked)\n|\n|t:|1733886669\n|move|p2a: Skarmory|Stealth Rock|p1a: Hydrapple\n|-sidestart|p1: Naterogers|move: Stealth Rock\n|move|p1a: Hydrapple|Dragon Tail|p2a: Skarmory\n|-resisted|p2a: Skarmory\n|-damage|p2a: Skarmory|215/235\n|-damage|p1a: Hydrapple|260/312|[from] item: Rocky Helmet|[of] p2a: Skarmory\n|drag|p2a: Basculegion|Basculegion-F, L83, F|335/335\n|\n|upkeep\n|turn|2\n|\n|t:|1733886683\n|move|p2a: Basculegion|Flip Turn|p1a: Hydrapple\n|-resisted|p1a: Hydrapple\n|-damage|p1a: Hydrapple|241/312\n|\n|t:|1733886687\n|switch|p2a: Skarmory|Skarmory, L80, M|215/235|[from] Flip Turn\n|move|p1a: Hydrapple|Fickle Beam|p2a: Skarmory\n|-resisted|p2a: Skarmory\n|-damage|p2a: Skarmory|159/235\n|\n|upkeep\n|turn|3\n|\n|t:|1733886698\n|switch|p1a: Delphox|Delphox, L84, F|263/263\n|move|p2a: Skarmory|Brave Bird|p1a: Delphox\n|-damage|p1a: Delphox|134/263\n|-damage|p2a: Skarmory|116/235|[from] Recoil\n|\n|upkeep\n|turn|4\n|\n|t:|1733886714\n|switch|p2a: Basculegion|Basculegion-F, L83, F|335/335\n|move|p1a: Delphox|Fire Blast|p2a: Basculegion\n|-resisted|p2a: Basculegion\n|-damage|p2a: Basculegion|286/335\n|\n|upkeep\n|turn|5\n|\n|t:|1733886722\n|switch|p1a: Hydrapple|Hydrapple, L83, F|312/312\n|-damage|p1a: Hydrapple|273/312|[from] Stealth Rock\n|move|p2a: Basculegion|Shadow Ball|p1a: Hydrapple\n|-damage|p1a: Hydrapple|191/312\n|\n|upkeep\n|turn|6\n|\n|t:|1733886730\n|move|p2a: Basculegion|Flip Turn|p1a: Hydrapple\n|-resisted|p1a: Hydrapple\n|-damage|p1a: Hydrapple|175/312\n|\n|t:|1733886740\n|switch|p2a: Forretress|Forretress, L84, M|263/263|[from] Flip Turn\n|move|p1a: Hydrapple|Fickle Beam|p2a: Forretress|[anim] Fickle Beam All Out\n|-activate|p1a: Hydrapple|move: Fickle Beam\n|-resisted|p2a: Forretress\n|-damage|p2a: Forretress|128/263\n|\n|-heal|p2a: Forretress|144/263|[from] item: Leftovers\n|upkeep\n|turn|7\n|\n|t:|1733886748\n|move|p1a: Hydrapple|Fickle Beam|p2a: Forretress|[anim] Fickle Beam All Out\n|-activate|p1a: Hydrapple|move: Fickle Beam\n|-resisted|p2a: Forretress\n|-damage|p2a: Forretress|21/263\n|move|p2a: Forretress|Toxic Spikes|p1a: Hydrapple\n|-sidestart|p1: Naterogers|move: Toxic Spikes\n|\n|-heal|p2a: Forretress|37/263|[from] item: Leftovers\n|upkeep\n|turn|8\n|\n|t:|1733886761\n|move|p1a: Hydrapple|Fickle Beam|p2a: Forretress\n|-resisted|p2a: Forretress\n|-damage|p2a: Forretress|0 fnt\n|faint|p2a: Forretress\n|\n|upkeep\n|\n|t:|1733886765\n|switch|p2a: Skarmory|Skarmory, L80, M|116/235\n|turn|9\n|\n|t:|1733886777\n|move|p2a: Skarmory|Roost|p2a: Skarmory\n|-heal|p2a: Skarmory|234/235\n|-singleturn|p2a: Skarmory|move: Roost\n|move|p1a: Hydrapple|Dragon Tail|p2a: Skarmory\n|-resisted|p2a: Skarmory\n|-damage|p2a: Skarmory|215/235\n|-damage|p1a: Hydrapple|123/312|[from] item: Rocky Helmet|[of] p2a: Skarmory\n|drag|p2a: Venusaur|Venusaur, L84, F|272/272\n|\n|upkeep\n|turn|10\n|\n|t:|1733886793\n|switch|p1a: Delphox|Delphox, L84, F|134/263\n|move|p2a: Venusaur|Knock Off|p1a: Delphox\n|-supereffective|p1a: Delphox\n|-damage|p1a: Delphox|2/263\n|-enditem|p1a: Delphox|Heavy-Duty Boots|[from] move: Knock Off|[of] p2a: Venusaur\n|\n|upkeep\n|turn|11\n|\n|t:|1733886816\n|switch|p1a: Scyther|Scyther, L82, F|249/249\n|switch|p2a: Basculegion|Basculegion-F, L83, F|286/335\n|\n|upkeep\n|turn|12\n|\n|t:|1733886827\n|switch|p2a: Skarmory|Skarmory, L80, M|215/235\n|move|p1a: Scyther|Defog|p2a: Skarmory\n|-unboost|p2a: Skarmory|evasion|1\n|-sideend|p1: Naterogers|Toxic Spikes|[from] move: Defog|[of] p1a: Scyther\n|-sideend|p1: Naterogers|Stealth Rock|[from] move: Defog|[of] p1a: Scyther\n|\n|upkeep\n|turn|13\n|\n|t:|1733886835\n|move|p1a: Scyther|U-turn|p2a: Skarmory\n|-resisted|p2a: Skarmory\n|-damage|p2a: Skarmory|200/235\n|-damage|p1a: Scyther|208/249|[from] item: Rocky Helmet|[of] p2a: Skarmory\n|\n|t:|1733886843\n|switch|p1a: Hydrapple|Hydrapple, L83, F|227/312|[from] U-turn\n|move|p2a: Skarmory|Stealth Rock|p1a: Hydrapple\n|-sidestart|p1: Naterogers|move: Stealth Rock\n|\n|upkeep\n|turn|14\n|\n|t:|1733886852\n|switch|p1a: Cryogonal|Cryogonal, L89|287/287\n|move|p2a: Skarmory|Brave Bird|p1a: Cryogonal\n|-crit|p1a: Cryogonal\n|-damage|p1a: Cryogonal|73/287\n|-damage|p2a: Skarmory|129/235|[from] Recoil\n|\n|upkeep\n|turn|15\n|\n|t:|1733886868\n|move|p1a: Cryogonal|Recover|p1a: Cryogonal\n|-heal|p1a: Cryogonal|217/287\n|move|p2a: Skarmory|Roost|p2a: Skarmory\n|-heal|p2a: Skarmory|235/235\n|-singleturn|p2a: Skarmory|move: Roost\n|\n|upkeep\n|turn|16\n|\n|t:|1733886877\n|move|p1a: Cryogonal|Freeze-Dry|p2a: Skarmory\n|-damage|p2a: Skarmory|133/235\n|move|p2a: Skarmory|Body Press|p1a: Cryogonal\n|-supereffective|p1a: Cryogonal\n|-damage|p1a: Cryogonal|17/287\n|\n|upkeep\n|turn|17\n|\n|t:|1733886885\n|move|p1a: Cryogonal|Freeze-Dry|p2a: Skarmory\n|-damage|p2a: Skarmory|22/235\n|move|p2a: Skarmory|Roost|p2a: Skarmory\n|-heal|p2a: Skarmory|140/235\n|-singleturn|p2a: Skarmory|move: Roost\n|\n|upkeep\n|turn|18\n|\n|t:|1733886905\n|move|p1a: Cryogonal|Freeze-Dry|p2a: Skarmory\n|-damage|p2a: Skarmory|44/235\n|move|p2a: Skarmory|Roost|p2a: Skarmory\n|-heal|p2a: Skarmory|162/235\n|-singleturn|p2a: Skarmory|move: Roost\n|\n|upkeep\n|turn|19\n|\n|t:|1733886912\n|move|p1a: Cryogonal|Freeze-Dry|p2a: Skarmory\n|-damage|p2a: Skarmory|62/235\n|move|p2a: Skarmory|Roost|p2a: Skarmory\n|-heal|p2a: Skarmory|180/235\n|-singleturn|p2a: Skarmory|move: Roost\n|\n|upkeep\n|turn|20\n|\n|t:|1733886924\n|move|p1a: Cryogonal|Freeze-Dry|p2a: Skarmory\n|-damage|p2a: Skarmory|86/235\n|-status|p2a: Skarmory|frz\n|-curestatus|p2a: Skarmory|frz|[msg]\n|move|p2a: Skarmory|Body Press|p1a: Cryogonal\n|-supereffective|p1a: Cryogonal\n|-damage|p1a: Cryogonal|0 fnt\n|faint|p1a: Cryogonal\n|\n|upkeep\n|\n|t:|1733886947\n|switch|p1a: Hydrapple|Hydrapple, L83, F|312/312\n|-damage|p1a: Hydrapple|273/312|[from] Stealth Rock\n|turn|21\n|\n|t:|1733886954\n|move|p2a: Skarmory|Roost|p2a: Skarmory\n|-heal|p2a: Skarmory|204/235\n|-singleturn|p2a: Skarmory|move: Roost\n|move|p1a: Hydrapple|Fickle Beam|p2a: Skarmory\n|-resisted|p2a: Skarmory\n|-damage|p2a: Skarmory|144/235\n|\n|upkeep\n|turn|22\n|\n|t:|1733886966\n|move|p2a: Skarmory|Roost|p2a: Skarmory\n|-heal|p2a: Skarmory|235/235\n|-singleturn|p2a: Skarmory|move: Roost\n|move|p1a: Hydrapple|Earth Power|p2a: Skarmory\n|-supereffective|p2a: Skarmory\n|-damage|p2a: Skarmory|51/235\n|\n|upkeep\n|turn|23\n|\n|t:|1733886977\n|move|p2a: Skarmory|Brave Bird|p1a: Hydrapple\n|-supereffective|p1a: Hydrapple\n|-damage|p1a: Hydrapple|99/312\n|-damage|p2a: Skarmory|0 fnt|[from] Recoil\n|faint|p2a: Skarmory\n|move|p1a: Hydrapple|Fickle Beam|p2: Skarmory|[notarget]\n|-fail|p1a: Hydrapple\n|\n|upkeep\n|\n|t:|1733886985\n|switch|p2a: Sneasler|Sneasler, L74, M|240/240\n|turn|24\n|\n|t:|1733886991\n|move|p2a: Sneasler|Close Combat|p1a: Hydrapple\n|-damage|p1a: Hydrapple|0 fnt\n|-unboost|p2a: Sneasler|def|1\n|-unboost|p2a: Sneasler|spd|1\n|-enditem|p2a: Sneasler|White Herb\n|-clearnegativeboost|p2a: Sneasler|[silent]\n|faint|p1a: Hydrapple\n|\n|upkeep\n|\n|t:|1733887004\n|switch|p1a: Scyther|Scyther, L82, F|208/249\n|turn|25\n|\n|t:|1733887009\n|-terastallize|p2a: Sneasler|Flying\n|move|p2a: Sneasler|Acrobatics|p1a: Scyther\n|-supereffective|p1a: Scyther\n|-damage|p1a: Scyther|0 fnt\n|faint|p1a: Scyther\n|\n|upkeep\n|\n|t:|1733887016\n|switch|p1a: Polteageist|Polteageist, L79|224/224\n|-damage|p1a: Polteageist|196/224|[from] Stealth Rock\n|turn|26\n|\n|t:|1733887023\n|move|p2a: Sneasler|Acrobatics|p1a: Polteageist\n|-damage|p1a: Polteageist|39/224\n|move|p1a: Polteageist|Strength Sap|p2a: Sneasler\n|-unboost|p2a: Sneasler|atk|1\n|-heal|p1a: Polteageist|224/224\n|\n|upkeep\n|turn|27\n|\n|t:|1733887031\n|move|p2a: Sneasler|Swords Dance|p2a: Sneasler\n|-boost|p2a: Sneasler|atk|2\n|move|p1a: Polteageist|Shell Smash|p1a: Polteageist\n|-unboost|p1a: Polteageist|def|1\n|-unboost|p1a: Polteageist|spd|1\n|-boost|p1a: Polteageist|atk|2\n|-boost|p1a: Polteageist|spa|2\n|-boost|p1a: Polteageist|spe|2\n|-enditem|p1a: Polteageist|White Herb\n|-clearnegativeboost|p1a: Polteageist|[silent]\n|\n|upkeep\n|turn|28\n|\n|t:|1733887040\n|move|p2a: Sneasler|Acrobatics|p1a: Polteageist\n|-crit|p1a: Polteageist\n|-damage|p1a: Polteageist|0 fnt\n|-start|p2a: Sneasler|Disable|Acrobatics|[from] ability: Cursed Body|[of] p1a: Polteageist\n|faint|p1a: Polteageist\n|\n|upkeep\n|\n|t:|1733887055\n|switch|p1a: Delphox|Delphox, L84, F|2/263\n|-damage|p1a: Delphox|0 fnt|[from] Stealth Rock\n|faint|p1a: Delphox\n|\n|t:|1733887057\n|switch|p1a: Bellossom|Bellossom, L84, F|263/263\n|-damage|p1a: Bellossom|231/263|[from] Stealth Rock\n|turn|29\n|\n|t:|1733887063\n|move|p2a: Sneasler|Gunk Shot|p1a: Bellossom\n|-supereffective|p1a: Bellossom\n|-damage|p1a: Bellossom|0 fnt\n|faint|p1a: Bellossom\n|\n|win|LokiSpooked\n|raw|Naterogers's rating: 1374 &rarr; <strong>1357</strong><br />(-17 for losing)\n|raw|LokiSpooked's rating: 1423 &rarr; <strong>1440</strong><br />(+17 for winning)\n|l|\u2606Naterogers\n|player|p1|\n", "inputlog": ">version bfd83cad13791eb5a5a409923076391caf6fb4d4\n>start {\"formatid\":\"gen9randombattle\",\"seed\":[13634,53855,7933,58449],\"rated\":\"Rated battle\"}\n>player p1 {\"name\":\"Naterogers\",\"avatar\":\"102\",\"rating\":1374,\"seed\":[23406,26018,103,59404]}\n>player p2 {\"name\":\"LokiSpooked\",\"avatar\":\"acetrainer-gen4dp\",\"rating\":1423,\"seed\":[2444,24461,27447,48694]}\n>p1 move dragontail\n>p2 move stealthrock\n>p1 move ficklebeam\n>p2 move flipturn\n>p2 switch 2\n>p1 switch 5\n>p2 move bravebird\n>p1 move fireblast\n>p2 switch 2\n>p1 switch 5\n>p2 move shadowball\n>p1 move ficklebeam\n>p2 move flipturn\n>p2 switch 3\n>p1 move ficklebeam\n>p2 move toxicspikes\n>p1 move ficklebeam\n>p2 move toxicspikes\n>p2 switch 2\n>p1 move dragontail\n>p2 move roost\n>p1 switch 5\n>p2 move knockoff\n>p1 switch 2\n>p2 switch 3\n>p1 move defog\n>p2 switch 6\n>p1 move uturn\n>p2 move stealthrock\n>p1 switch 5\n>p1 switch 3\n>p2 move bravebird\n>p1 move recover\n>p2 move roost\n>p1 move freezedry\n>p2 move bodypress\n>p1 move freezedry\n>p2 move roost\n>p1 move freezedry\n>p2 move roost\n>p1 move freezedry\n>p2 move roost\n>p1 move freezedry\n>p2 move bodypress\n>p1 switch 3\n>p1 move ficklebeam\n>p2 move roost\n>p1 move earthpower\n>p2 move roost\n>p1 move ficklebeam\n>p2 move bravebird\n>p2 switch 5\n>p1 move earthpower\n>p2 move closecombat\n>p1 switch 5\n>p1 move dualwingbeat\n>p2 move acrobatics terastallize\n>p1 switch 6\n>p1 move strengthsap\n>p2 move acrobatics\n>p1 move shellsmash\n>p2 move swordsdance\n>p1 move strengthsap\n>p2 move acrobatics\n>p1 switch 2\n>p1 switch 4\n>p1 move quiverdance\n>p2 move gunkshot", "uploadtime": 1733887070, "views": 7, "formatid": "gen9randombattle", "rating": 1357, "private": 0, "password": null}