{"id": "gen9randombattle-2260610131", "format": "[Gen 9] Random Battle", "players": ["forcii", "Xuchio"], "log": "|j|\u2606forcii\n|j|\u203dXuchio\n|t:|1733868961\n|gametype|singles\n|player|p1|forcii|doctor|1470\n|player|p2|Xuchio|acetrainerf-gen4|1526\n|teamsize|p1|6\n|teamsize|p2|6\n|gen|9\n|tier|[Gen 9] Random Battle\n|rated|\n|rule|Species Clause: Limit one of each Pok\u00e9mon\n|rule|HP Percentage Mod: HP is shown in percentages\n|rule|Sleep Clause Mod: Limit one foe put to sleep\n|rule|Illusion Level Mod: Illusion disguises the Pok\u00e9mon's true level\n|\n|t:|1733868961\n|start\n|switch|p1a: Keldeo|Keldeo-Resolute, L79|273/273\n|switch|p2a: Scream Tail|Scream Tail, L84|330/330\n|turn|1\n|inactive|Battle timer is ON: inactive players will automatically lose when time's up. (requested by Xuchio)\n|inactive|forcii also wants the timer to be on.\n|inactive|Xuchio has 120 seconds left.\n|\n|t:|1733868994\n|switch|p1a: Magmortar|Magmortar, L88, M|275/275\n|move|p2a: Scream Tail|Thunder Wave|p1a: Magmortar\n|-status|p1a: Magmortar|par\n|\n|upkeep\n|turn|2\n|\n|t:|1733869001\n|move|p2a: Scream Tail|Wish|p2a: Scream Tail\n|cant|p1a: Magmortar|par\n|\n|upkeep\n|turn|3\n|\n|t:|1733869016\n|-end|p2a: Scream Tail|Protosynthesis|[silent]\n|switch|p2a: Ho-Oh|Ho-Oh, L71|268/268\n|cant|p1a: Magmortar|par\n|\n|upkeep\n|turn|4\n|\n|t:|1733869020\n|move|p2a: Ho-Oh|Earthquake|p1a: Magmortar\n|-supereffective|p1a: Magmortar\n|-damage|p1a: Magmortar|113/275 par\n|cant|p1a: Magmortar|par\n|\n|upkeep\n|turn|5\n|\n|t:|1733869026\n|switch|p1a: Pelipper|Pelipper, L86, M|243/243\n|-weather|RainDance|[from] ability: Drizzle|[of] p1a: Pelipper\n|move|p2a: Ho-Oh|Earthquake|p1a: Pelipper\n|-immune|p1a: Pelipper\n|\n|-weather|RainDance|[upkeep]\n|upkeep\n|turn|6\n|\n|t:|1733869033\n|switch|p2a: Scream Tail|Scream Tail, L84|330/330\n|move|p1a: Pelipper|Hydro Pump|p2a: Scream Tail\n|-damage|p2a: Scream Tail|182/330\n|\n|-weather|RainDance|[upkeep]\n|-heal|p2a: Scream Tail|202/330|[from] item: Leftovers\n|upkeep\n|turn|7\n|\n|t:|1733869048\n|move|p2a: Scream Tail|Thunder Wave|p1a: Pelipper\n|-status|p1a: Pelipper|par\n|cant|p1a: Pelipper|par\n|\n|-weather|RainDance|[upkeep]\n|-heal|p2a: Scream Tail|222/330|[from] item: Leftovers\n|upkeep\n|turn|8\n|\n|t:|1733869057\n|move|p2a: Scream Tail|Wish|p2a: Scream Tail\n|cant|p1a: Pelipper|par\n|\n|-weather|RainDance|[upkeep]\n|-heal|p2a: Scream Tail|242/330|[from] item: Leftovers\n|upkeep\n|turn|9\n|\n|t:|1733869063\n|move|p2a: Scream Tail|Play Rough|p1a: Pelipper\n|-damage|p1a: Pelipper|174/243 par\n|cant|p1a: Pelipper|par\n|\n|-weather|none\n|-heal|p2a: Scream Tail|330/330|[from] move: Wish|[wisher] Scream Tail\n|upkeep\n|turn|10\n|\n|t:|1733869075\n|move|p2a: Scream Tail|Play Rough|p1a: Pelipper|[miss]\n|-miss|p2a: Scream Tail|p1a: Pelipper\n|move|p1a: Pelipper|Knock Off|p2a: Scream Tail\n|-damage|p2a: Scream Tail|288/330\n|-enditem|p2a: Scream Tail|Leftovers|[from] move: Knock Off|[of] p1a: Pelipper\n|\n|upkeep\n|turn|11\n|\n|t:|1733869083\n|switch|p1a: Magmortar|Magmortar, L88, M|113/275 par\n|move|p2a: Scream Tail|Play Rough|p1a: Magmortar\n|-resisted|p1a: Magmortar\n|-damage|p1a: Magmortar|70/275 par\n|-status|p2a: Scream Tail|brn|[from] ability: Flame Body|[of] p1a: Magmortar\n|\n|-damage|p2a: Scream Tail|268/330 brn|[from] brn\n|upkeep\n|turn|12\n|\n|t:|1733869089\n|-end|p2a: Scream Tail|Protosynthesis|[silent]\n|switch|p2a: Ho-Oh|Ho-Oh, L71|268/268\n|move|p1a: Magmortar|Fire Blast|p2a: Ho-Oh|[miss]\n|-miss|p1a: Magmortar|p2a: Ho-Oh\n|\n|upkeep\n|turn|13\n|\n|t:|1733869091\n|move|p2a: Ho-Oh|Brave Bird|p1a: Magmortar\n|-damage|p1a: Magmortar|0 fnt\n|faint|p1a: Magmortar\n|-damage|p2a: Ho-Oh|245/268|[from] Recoil\n|\n|upkeep\n|\n|t:|1733869095\n|switch|p1a: Glimmora|Glimmora, L75, M|248/248\n|turn|14\n|\n|t:|1733869108\n|switch|p1a: Zapdos|Zapdos-Galar, L77|265/265\n|switch|p2a: Arceus|Arceus-Bug, L73|295/295\n|\n|upkeep\n|turn|15\n|\n|t:|1733869117\n|switch|p2a: Scream Tail|Scream Tail, L84|268/330 brn\n|move|p1a: Zapdos|Brave Bird|p2a: Scream Tail\n|-damage|p2a: Scream Tail|122/330 brn\n|-damage|p1a: Zapdos|217/265|[from] Recoil\n|-damage|p1a: Zapdos|191/265|[from] item: Life Orb\n|\n|-damage|p2a: Scream Tail|102/330 brn|[from] brn\n|upkeep\n|turn|16\n|\n|t:|1733869138\n|switch|p1a: Pelipper|Pelipper, L86, M|174/243 par\n|-weather|RainDance|[from] ability: Drizzle|[of] p1a: Pelipper\n|move|p2a: Scream Tail|Thunder Wave|p1a: Pelipper\n|-fail|p1a: Pelipper|par\n|\n|-weather|RainDance|[upkeep]\n|-damage|p2a: Scream Tail|82/330 brn|[from] brn\n|upkeep\n|turn|17\n|\n|t:|1733869145\n|move|p2a: Scream Tail|Wish|p2a: Scream Tail\n|move|p1a: Pelipper|Hurricane|p2a: Scream Tail\n|-damage|p2a: Scream Tail|0 fnt\n|faint|p2a: Scream Tail\n|-end|p2a: Scream Tail|Protosynthesis|[silent]\n|\n|-weather|RainDance|[upkeep]\n|upkeep\n|\n|t:|1733869151\n|switch|p2a: Dodrio|Dodrio, L86, F|243/243\n|turn|18\n|\n|t:|1733869159\n|switch|p1a: Glimmora|Glimmora, L75, M|248/248\n|move|p2a: Dodrio|Swords Dance|p2a: Dodrio\n|-boost|p2a: Dodrio|atk|2\n|\n|-weather|RainDance|[upkeep]\n|upkeep\n|turn|19\n|\n|t:|1733869165\n|move|p2a: Dodrio|Drill Run|p1a: Glimmora\n|-supereffective|p1a: Glimmora\n|-damage|p1a: Glimmora|0 fnt\n|-activate|p1a: Glimmora|ability: Toxic Debris\n|-sidestart|p2: Xuchio|move: Toxic Spikes\n|faint|p1a: Glimmora\n|\n|-weather|RainDance|[upkeep]\n|upkeep\n|\n|t:|1733869172\n|switch|p1a: Mamoswine|Mamoswine, L81, F|311/311\n|turn|20\n|\n|t:|1733869176\n|move|p2a: Dodrio|Brave Bird|p1a: Mamoswine\n|-damage|p1a: Mamoswine|0 fnt\n|faint|p1a: Mamoswine\n|-damage|p2a: Dodrio|140/243|[from] Recoil\n|\n|-weather|none\n|upkeep\n|\n|t:|1733869181\n|switch|p1a: Zapdos|Zapdos-Galar, L77|191/265\n|turn|21\n|\n|t:|1733869185\n|-terastallize|p1a: Zapdos|Steel\n|move|p2a: Dodrio|Brave Bird|p1a: Zapdos\n|-resisted|p1a: Zapdos\n|-damage|p1a: Zapdos|32/265\n|-damage|p2a: Dodrio|88/243|[from] Recoil\n|move|p1a: Zapdos|Brave Bird|p2a: Dodrio\n|-damage|p2a: Dodrio|0 fnt\n|faint|p2a: Dodrio\n|-damage|p1a: Zapdos|3/265|[from] Recoil\n|-damage|p1a: Zapdos|0 fnt|[from] item: Life Orb\n|faint|p1a: Zapdos\n|\n|upkeep\n|\n|t:|1733869192\n|switch|p2a: Chesnaught|Chesnaught, L84, M|285/285\n|switch|p1a: Keldeo|Keldeo-Resolute, L79|273/273\n|-status|p2a: Chesnaught|psn\n|turn|22\n|\n|t:|1733869209\n|switch|p1a: Pelipper|Pelipper, L86, M|174/243 par\n|-weather|RainDance|[from] ability: Drizzle|[of] p1a: Pelipper\n|move|p2a: Chesnaught|Trailblaze|p1a: Pelipper\n|-damage|p1a: Pelipper|122/243 par\n|-boost|p2a: Chesnaught|spe|1\n|\n|-weather|RainDance|[upkeep]\n|-damage|p2a: Chesnaught|250/285 psn|[from] psn\n|upkeep\n|turn|23\n|\n|t:|1733869216\n|switch|p2a: Arceus|Arceus-Bug, L73|295/295\n|-status|p2a: Arceus|psn\n|move|p1a: Pelipper|Hurricane|p2a: Arceus\n|-supereffective|p2a: Arceus\n|-damage|p2a: Arceus|73/295 psn\n|\n|-weather|RainDance|[upkeep]\n|-damage|p2a: Arceus|37/295 psn|[from] psn\n|upkeep\n|turn|24\n|\n|t:|1733869229\n|move|p2a: Arceus|Judgment|p1a: Pelipper\n|-resisted|p1a: Pelipper\n|-damage|p1a: Pelipper|53/243 par\n|move|p1a: Pelipper|Hurricane|p2a: Arceus\n|-supereffective|p2a: Arceus\n|-damage|p2a: Arceus|0 fnt\n|faint|p2a: Arceus\n|\n|-weather|RainDance|[upkeep]\n|upkeep\n|\n|t:|1733869235\n|switch|p2a: Ho-Oh|Ho-Oh, L71|268/268\n|turn|25\n|\n|t:|1733869264\n|move|p2a: Ho-Oh|Brave Bird|p1a: Pelipper\n|-damage|p1a: Pelipper|0 fnt\n|faint|p1a: Pelipper\n|-damage|p2a: Ho-Oh|251/268|[from] Recoil\n|\n|-weather|RainDance|[upkeep]\n|upkeep\n|\n|t:|1733869267\n|switch|p1a: Keldeo|Keldeo-Resolute, L79|273/273\n|turn|26\n|\n|t:|1733869272\n|switch|p2a: Chesnaught|Chesnaught, L84, M|250/285 psn\n|move|p1a: Keldeo|Surf|p2a: Chesnaught\n|-resisted|p2a: Chesnaught\n|-damage|p2a: Chesnaught|164/285 psn\n|\n|-weather|none\n|-heal|p2a: Chesnaught|181/285 psn|[from] item: Leftovers\n|-damage|p2a: Chesnaught|146/285 psn|[from] psn\n|upkeep\n|turn|27\n|\n|t:|1733869286\n|move|p1a: Keldeo|Secret Sword|p2a: Chesnaught\n|-damage|p2a: Chesnaught|73/285 psn\n|move|p2a: Chesnaught|Trailblaze|p1a: Keldeo\n|-supereffective|p1a: Keldeo\n|-damage|p1a: Keldeo|159/273\n|-boost|p2a: Chesnaught|spe|1\n|\n|-heal|p2a: Chesnaught|90/285 psn|[from] item: Leftovers\n|-heal|p1a: Keldeo|176/273|[from] item: Leftovers\n|-damage|p2a: Chesnaught|55/285 psn|[from] psn\n|upkeep\n|turn|28\n|\n|t:|1733869293\n|move|p2a: Chesnaught|Synthesis|p2a: Chesnaught\n|-heal|p2a: Chesnaught|197/285 psn\n|move|p1a: Keldeo|Substitute|p1a: Keldeo\n|-start|p1a: Keldeo|Substitute\n|-damage|p1a: Keldeo|108/273\n|\n|-heal|p2a: Chesnaught|214/285 psn|[from] item: Leftovers\n|-heal|p1a: Keldeo|125/273|[from] item: Leftovers\n|-damage|p2a: Chesnaught|179/285 psn|[from] psn\n|upkeep\n|turn|29\n|\n|t:|1733869297\n|move|p2a: Chesnaught|Trailblaze|p1a: Keldeo\n|-supereffective|p1a: Keldeo\n|-end|p1a: Keldeo|Substitute\n|-boost|p2a: Chesnaught|spe|1\n|move|p1a: Keldeo|Secret Sword|p2a: Chesnaught\n|-damage|p2a: Chesnaught|98/285 psn\n|\n|-heal|p2a: Chesnaught|115/285 psn|[from] item: Leftovers\n|-heal|p1a: Keldeo|142/273|[from] item: Leftovers\n|-damage|p2a: Chesnaught|80/285 psn|[from] psn\n|upkeep\n|turn|30\n|\n|t:|1733869301\n|move|p2a: Chesnaught|Synthesis|p2a: Chesnaught\n|-heal|p2a: Chesnaught|222/285 psn\n|move|p1a: Keldeo|Secret Sword|p2a: Chesnaught\n|-damage|p2a: Chesnaught|141/285 psn\n|\n|-heal|p2a: Chesnaught|158/285 psn|[from] item: Leftovers\n|-heal|p1a: Keldeo|159/273|[from] item: Leftovers\n|-damage|p2a: Chesnaught|123/285 psn|[from] psn\n|upkeep\n|turn|31\n|\n|t:|1733869313\n|move|p2a: Chesnaught|Trailblaze|p1a: Keldeo\n|-supereffective|p1a: Keldeo\n|-damage|p1a: Keldeo|49/273\n|-boost|p2a: Chesnaught|spe|1\n|move|p1a: Keldeo|Secret Sword|p2a: Chesnaught\n|-damage|p2a: Chesnaught|51/285 psn\n|\n|-heal|p2a: Chesnaught|68/285 psn|[from] item: Leftovers\n|-heal|p1a: Keldeo|66/273|[from] item: Leftovers\n|-damage|p2a: Chesnaught|33/285 psn|[from] psn\n|upkeep\n|turn|32\n|-message|forcii forfeited.\n|\n|win|Xuchio\n|raw|forcii's rating: 1470 &rarr; <strong>1453</strong><br />(-17 for losing)\n|raw|Xuchio's rating: 1526 &rarr; <strong>1543</strong><br />(+17 for winning)\n|l|\u2606forcii\n|player|p1|\n", "inputlog": ">version bfd83cad13791eb5a5a409923076391caf6fb4d4\n>start {\"formatid\":\"gen9randombattle\",\"seed\":[32773,32255,60566,16350],\"rated\":\"Rated battle\"}\n>player p1 {\"name\":\"forcii\",\"avatar\":\"doctor\",\"rating\":1470,\"seed\":[21409,39407,57297,24690]}\n>player p2 {\"name\":\"Xuchio\",\"avatar\":\"acetrainerf-gen4\",\"rating\":1526,\"seed\":[21130,46076,50267,8208]}\n>p1 switch 2\n>p2 move thunderwave\n>p1 move knockoff\n>p2 move wish\n>p1 move knockoff\n>p2 switch 4\n>p1 move knockoff\n>p2 move earthquake\n>p1 switch 5\n>p2 move earthquake\n>p1 move hydropump\n>p2 switch 4\n>p1 move knockoff\n>p2 move thunderwave\n>p1 move knockoff\n>p2 move wish\n>p1 move knockoff\n>p2 move playrough\n>p1 move knockoff\n>p2 move playrough\n>p1 switch 5\n>p2 move playrough\n>p1 move fireblast\n>p2 switch 4\n>p1 move knockoff\n>p2 move bravebird\n>p1 switch 3\n>p1 switch 4\n>p2 switch 2\n>p1 move bravebird\n>p2 switch 4\n>p1 switch 5\n>p2 move thunderwave\n>p1 move hurricane\n>p2 move wish\n>p2 switch 6\n>p1 switch 4\n>p2 move swordsdance\n>p1 move stealthrock\n>p2 move drillrun\n>p1 switch 6\n>p1 move iciclecrash\n>p2 move bravebird\n>p1 switch 5\n>p1 move bravebird terastallize\n>p2 move bravebird\n>p1 switch 2\n>p2 switch 5\n>p1 switch 4\n>p2 move trailblaze\n>p1 move hurricane\n>p2 switch 4\n>p1 move hurricane\n>p2 move judgment\n>p2 switch 2\n>p1 move hydropump\n>p2 move bravebird\n>p1 switch 4\n>p1 move surf\n>p2 switch 4\n>p1 move secretsword\n>p2 move trailblaze\n>p1 move substitute\n>p2 move synthesis\n>p1 move secretsword\n>p2 move trailblaze\n>p1 move secretsword\n>p2 move synthesis\n>p1 move secretsword\n>p2 move trailblaze\n>forcelose p1", "uploadtime": 1733869327, "views": 1, "formatid": "gen9randombattle", "rating": 1453, "private": 0, "password": null}