{"id": "gen9randombattle-2260702845", "format": "[Gen 9] Random Battle", "players": ["antoenee", "JelkNinja"], "log": "|j|\u2606antoenee\n|j|\u2606JelkNinja\n|t:|1733880466\n|gametype|singles\n|player|p1|antoenee|swimmerf|\n|player|p2|JelkNinja|swimmerf|\n|teamsize|p1|6\n|teamsize|p2|6\n|gen|9\n|tier|[Gen 9] Random Battle\n|rule|Species Clause: Limit one of each Pok\u00e9mon\n|rule|HP Percentage Mod: HP is shown in percentages\n|rule|Sleep Clause Mod: Limit one foe put to sleep\n|rule|Illusion Level Mod: Illusion disguises the Pok\u00e9mon's true level\n|\n|t:|1733880466\n|start\n|switch|p1a: Magearna|Magearna-Original, L77|250/250\n|switch|p2a: Vespiquen|Vespiquen, L98, F|296/296\n|-ability|p2a: Vespiquen|Pressure\n|turn|1\n|j| fastfoodsteak\n|l| fastfoodsteak\n|j| fastfoodsteak\n|\n|t:|1733880536\n|move|p1a: Magearna|Spikes|p2a: Vespiquen\n|-sidestart|p2: JelkNinja|Spikes\n|move|p2a: Vespiquen|Spikes|p1a: Magearna\n|-sidestart|p1: antoenee|Spikes\n|\n|upkeep\n|turn|2\n|\n|t:|1733880554\n|move|p1a: Magearna|Flash Cannon|p2a: Vespiquen\n|-damage|p2a: Vespiquen|232/296\n|move|p2a: Vespiquen|Spikes|p1a: Magearna\n|-sidestart|p1: antoenee|Spikes\n|\n|upkeep\n|turn|3\n|\n|t:|1733880597\n|move|p1a: Magearna|Aura Sphere|p2a: Vespiquen\n|-resisted|p2a: Vespiquen\n|-damage|p2a: Vespiquen|221/296\n|move|p2a: Vespiquen|Hurricane|p1a: Magearna|[miss]\n|-miss|p2a: Vespiquen|p1a: Magearna\n|\n|upkeep\n|turn|4\n|\n|t:|1733880615\n|move|p1a: Magearna|Fleur Cannon|p2a: Vespiquen\n|-damage|p2a: Vespiquen|113/296\n|-unboost|p1a: Magearna|spa|2\n|move|p2a: Vespiquen|Hurricane|p1a: Magearna\n|-resisted|p1a: Magearna\n|-damage|p1a: Magearna|190/250\n|\n|-heal|p1a: Magearna|205/250|[from] item: Leftovers\n|upkeep\n|turn|5\n|\n|t:|1733880634\n|move|p1a: Magearna|Fleur Cannon|p2a: Vespiquen\n|-damage|p2a: Vespiquen|59/296\n|-unboost|p1a: Magearna|spa|2\n|move|p2a: Vespiquen|Spikes|p1a: Magearna\n|-sidestart|p1: antoenee|Spikes\n|\n|-heal|p1a: Magearna|220/250|[from] item: Leftovers\n|upkeep\n|turn|6\n|\n|t:|1733880651\n|move|p1a: Magearna|Spikes|p2a: Vespiquen\n|-sidestart|p2: JelkNinja|Spikes\n|move|p2a: Vespiquen|Roost|p2a: Vespiquen\n|-heal|p2a: Vespiquen|207/296\n|-singleturn|p2a: Vespiquen|move: Roost\n|\n|-heal|p1a: Magearna|235/250|[from] item: Leftovers\n|upkeep\n|turn|7\n|\n|t:|1733880661\n|move|p1a: Magearna|Spikes|p2a: Vespiquen\n|-sidestart|p2: JelkNinja|Spikes\n|move|p2a: Vespiquen|U-turn|p1a: Magearna\n|-resisted|p1a: Magearna\n|-damage|p1a: Magearna|216/250\n|\n|t:|1733880677\n|switch|p2a: Mandibuzz|Mandibuzz, L85, F|326/326|[from] U-turn\n|\n|-heal|p1a: Magearna|231/250|[from] item: Leftovers\n|upkeep\n|turn|8\n|\n|t:|1733880684\n|move|p2a: Mandibuzz|Knock Off|p1a: Magearna\n|-resisted|p1a: Magearna\n|-damage|p1a: Magearna|196/250\n|-enditem|p1a: Magearna|Leftovers|[from] move: Knock Off|[of] p2a: Mandibuzz\n|move|p1a: Magearna|Flash Cannon|p2a: Mandibuzz\n|-damage|p2a: Mandibuzz|299/326\n|\n|upkeep\n|turn|9\n|\n|t:|1733880699\n|move|p2a: Mandibuzz|Brave Bird|p1a: Magearna\n|-resisted|p1a: Magearna\n|-damage|p1a: Magearna|152/250\n|-damage|p2a: Mandibuzz|284/326|[from] Recoil\n|move|p1a: Magearna|Aura Sphere|p2a: Mandibuzz\n|-damage|p2a: Mandibuzz|264/326\n|\n|upkeep\n|turn|10\n|\n|t:|1733880708\n|move|p2a: Mandibuzz|Brave Bird|p1a: Magearna\n|-resisted|p1a: Magearna\n|-damage|p1a: Magearna|107/250\n|-damage|p2a: Mandibuzz|249/326|[from] Recoil\n|move|p1a: Magearna|Fleur Cannon|p2a: Mandibuzz\n|-supereffective|p2a: Mandibuzz\n|-damage|p2a: Mandibuzz|147/326\n|-unboost|p1a: Magearna|spa|2\n|\n|upkeep\n|turn|11\n|\n|t:|1733880721\n|move|p2a: Mandibuzz|Roost|p2a: Mandibuzz\n|-heal|p2a: Mandibuzz|310/326\n|-singleturn|p2a: Mandibuzz|move: Roost\n|move|p1a: Magearna|Fleur Cannon|p2a: Mandibuzz|[miss]\n|-miss|p1a: Magearna|p2a: Mandibuzz\n|\n|upkeep\n|turn|12\n|\n|t:|1733880728\n|move|p2a: Mandibuzz|Brave Bird|p1a: Magearna\n|-resisted|p1a: Magearna\n|-damage|p1a: Magearna|65/250\n|-damage|p2a: Mandibuzz|296/326|[from] Recoil\n|move|p1a: Magearna|Fleur Cannon|p2a: Mandibuzz\n|-supereffective|p2a: Mandibuzz\n|-damage|p2a: Mandibuzz|228/326\n|\n|upkeep\n|turn|13\n|\n|t:|1733880736\n|move|p2a: Mandibuzz|Brave Bird|p1a: Magearna\n|-resisted|p1a: Magearna\n|-damage|p1a: Magearna|20/250\n|-damage|p2a: Mandibuzz|213/326|[from] Recoil\n|move|p1a: Magearna|Fleur Cannon|p2a: Mandibuzz\n|-supereffective|p2a: Mandibuzz\n|-damage|p2a: Mandibuzz|147/326\n|\n|upkeep\n|turn|14\n|\n|t:|1733880748\n|move|p2a: Mandibuzz|Roost|p2a: Mandibuzz\n|-heal|p2a: Mandibuzz|310/326\n|-singleturn|p2a: Mandibuzz|move: Roost\n|move|p1a: Magearna|Aura Sphere|p2a: Mandibuzz\n|-supereffective|p2a: Mandibuzz\n|-damage|p2a: Mandibuzz|280/326\n|\n|upkeep\n|turn|15\n|\n|t:|1733880758\n|move|p2a: Mandibuzz|Knock Off|p1a: Magearna\n|-resisted|p1a: Magearna\n|-damage|p1a: Magearna|0 fnt\n|faint|p1a: Magearna\n|\n|upkeep\n|\n|t:|1733880770\n|switch|p1a: Toucannon|Toucannon, L88, F|284/284\n|turn|16\n|\n|t:|1733880782\n|move|p2a: Mandibuzz|Knock Off|p1a: Toucannon\n|-damage|p1a: Toucannon|191/284\n|-enditem|p1a: Toucannon|Heavy-Duty Boots|[from] move: Knock Off|[of] p2a: Mandibuzz\n|move|p1a: Toucannon|Knock Off|p2a: Mandibuzz\n|-resisted|p2a: Mandibuzz\n|-damage|p2a: Mandibuzz|243/326\n|-enditem|p2a: Mandibuzz|Heavy-Duty Boots|[from] move: Knock Off|[of] p1a: Toucannon\n|\n|upkeep\n|turn|17\n|\n|t:|1733880803\n|-singleturn|p1a: Toucannon|move: Beak Blast\n|move|p2a: Mandibuzz|Knock Off|p1a: Toucannon\n|-damage|p1a: Toucannon|133/284\n|-status|p2a: Mandibuzz|brn\n|move|p1a: Toucannon|Beak Blast|p2a: Mandibuzz\n|-damage|p2a: Mandibuzz|134/326 brn\n|\n|-damage|p2a: Mandibuzz|114/326 brn|[from] brn\n|upkeep\n|turn|18\n|\n|t:|1733880817\n|move|p2a: Mandibuzz|Roost|p2a: Mandibuzz\n|-heal|p2a: Mandibuzz|277/326 brn\n|-singleturn|p2a: Mandibuzz|move: Roost\n|move|p1a: Toucannon|Roost|p1a: Toucannon\n|-heal|p1a: Toucannon|275/284\n|-singleturn|p1a: Toucannon|move: Roost\n|\n|-damage|p2a: Mandibuzz|257/326 brn|[from] brn\n|upkeep\n|turn|19\n|\n|t:|1733880843\n|switch|p2a: Lycanroc|Lycanroc-Dusk, L80, F|251/251\n|-damage|p2a: Lycanroc|189/251|[from] Spikes\n|move|p1a: Toucannon|Boomburst|p2a: Lycanroc\n|-resisted|p2a: Lycanroc\n|-damage|p2a: Lycanroc|99/251\n|\n|upkeep\n|turn|20\n|\n|t:|1733880863\n|-terastallize|p2a: Lycanroc|Fighting\n|-terastallize|p1a: Toucannon|Steel\n|move|p2a: Lycanroc|Stone Edge|p1a: Toucannon\n|-resisted|p1a: Toucannon\n|-crit|p1a: Toucannon\n|-damage|p1a: Toucannon|161/284\n|-damage|p2a: Lycanroc|74/251|[from] item: Life Orb\n|move|p1a: Toucannon|Knock Off|p2a: Lycanroc\n|-resisted|p2a: Lycanroc\n|-damage|p2a: Lycanroc|12/251\n|-enditem|p2a: Lycanroc|Life Orb|[from] move: Knock Off|[of] p1a: Toucannon\n|\n|upkeep\n|turn|21\n|\n|t:|1733880895\n|move|p2a: Lycanroc|Close Combat|p1a: Toucannon\n|-supereffective|p1a: Toucannon\n|-damage|p1a: Toucannon|0 fnt\n|-unboost|p2a: Lycanroc|def|1\n|-unboost|p2a: Lycanroc|spd|1\n|faint|p1a: Toucannon\n|\n|upkeep\n|\n|t:|1733880919\n|switch|p1a: Porygon-Z|Porygon-Z, L83|277/277\n|-damage|p1a: Porygon-Z|208/277|[from] Spikes\n|turn|22\n|\n|t:|1733880936\n|move|p2a: Lycanroc|Close Combat|p1a: Porygon-Z\n|-supereffective|p1a: Porygon-Z\n|-damage|p1a: Porygon-Z|0 fnt\n|-unboost|p2a: Lycanroc|def|1\n|-unboost|p2a: Lycanroc|spd|1\n|faint|p1a: Porygon-Z\n|\n|upkeep\n|\n|t:|1733880943\n|switch|p1a: Houndstone|Houndstone, L86, M|264/264\n|-damage|p1a: Houndstone|198/264|[from] Spikes\n|turn|23\n|\n|t:|1733880966\n|move|p1a: Houndstone|Shadow Sneak|p2a: Lycanroc\n|-damage|p2a: Lycanroc|0 fnt\n|faint|p2a: Lycanroc\n|\n|upkeep\n|\n|t:|1733880976\n|switch|p2a: Mandibuzz|Mandibuzz, L85, F|257/326 brn\n|turn|24\n|\n|t:|1733880984\n|move|p1a: Houndstone|Shadow Sneak|p2a: Mandibuzz\n|-resisted|p2a: Mandibuzz\n|-damage|p2a: Mandibuzz|228/326 brn\n|move|p2a: Mandibuzz|Knock Off|p1a: Houndstone\n|-supereffective|p1a: Houndstone\n|-damage|p1a: Houndstone|161/264\n|-enditem|p1a: Houndstone|Choice Band|[from] move: Knock Off|[of] p2a: Mandibuzz\n|\n|-damage|p2a: Mandibuzz|208/326 brn|[from] brn\n|upkeep\n|turn|25\n|\n|t:|1733881019\n|move|p2a: Mandibuzz|Roost|p2a: Mandibuzz\n|-heal|p2a: Mandibuzz|326/326 brn\n|-singleturn|p2a: Mandibuzz|move: Roost\n|move|p1a: Houndstone|Body Press|p2a: Mandibuzz\n|-supereffective|p2a: Mandibuzz\n|-damage|p2a: Mandibuzz|214/326 brn\n|\n|-damage|p2a: Mandibuzz|194/326 brn|[from] brn\n|upkeep\n|turn|26\n|\n|t:|1733881058\n|move|p2a: Mandibuzz|Defog|p1a: Houndstone\n|-unboost|p1a: Houndstone|evasion|1\n|-sideend|p1: antoenee|Spikes|[from] move: Defog|[of] p2a: Mandibuzz\n|-sideend|p2: JelkNinja|Spikes|[from] move: Defog|[of] p2a: Mandibuzz\n|move|p1a: Houndstone|Body Press|p2a: Mandibuzz\n|-damage|p2a: Mandibuzz|143/326 brn\n|\n|-damage|p2a: Mandibuzz|123/326 brn|[from] brn\n|upkeep\n|turn|27\n|\n|t:|1733881093\n|move|p2a: Mandibuzz|Roost|p2a: Mandibuzz\n|-heal|p2a: Mandibuzz|286/326 brn\n|-singleturn|p2a: Mandibuzz|move: Roost\n|move|p1a: Houndstone|Body Press|p2a: Mandibuzz\n|-supereffective|p2a: Mandibuzz\n|-damage|p2a: Mandibuzz|176/326 brn\n|\n|-damage|p2a: Mandibuzz|156/326 brn|[from] brn\n|upkeep\n|turn|28\n|\n|t:|1733881136\n|switch|p2a: Garchomp|Garchomp, L74, F|282/282\n|move|p1a: Houndstone|Body Press|p2a: Garchomp\n|-damage|p2a: Garchomp|222/282\n|-damage|p1a: Houndstone|128/264|[from] ability: Rough Skin|[of] p2a: Garchomp\n|-damage|p1a: Houndstone|84/264|[from] item: Rocky Helmet|[of] p2a: Garchomp\n|\n|upkeep\n|turn|29\n|\n|t:|1733881147\n|move|p2a: Garchomp|Spikes|p1a: Houndstone\n|-sidestart|p1: antoenee|Spikes\n|move|p1a: Houndstone|Trick|p2a: Garchomp\n|-activate|p1a: Houndstone|move: Trick|[of] p2a: Garchomp\n|-enditem|p2a: Garchomp|Rocky Helmet|[silent]|[from] move: Trick\n|-item|p1a: Houndstone|Rocky Helmet|[from] move: Trick\n|\n|upkeep\n|turn|30\n|\n|t:|1733881152\n|move|p1a: Houndstone|Shadow Sneak|p2a: Garchomp\n|-damage|p2a: Garchomp|174/282\n|-damage|p1a: Houndstone|51/264|[from] ability: Rough Skin|[of] p2a: Garchomp\n|move|p2a: Garchomp|Stealth Rock|p1a: Houndstone\n|-sidestart|p1: antoenee|move: Stealth Rock\n|\n|upkeep\n|turn|31\n|\n|t:|1733881166\n|move|p2a: Garchomp|Spikes|p1a: Houndstone\n|-sidestart|p1: antoenee|Spikes\n|move|p1a: Houndstone|Body Press|p2a: Garchomp\n|-damage|p2a: Garchomp|114/282\n|-damage|p1a: Houndstone|18/264|[from] ability: Rough Skin|[of] p2a: Garchomp\n|\n|upkeep\n|turn|32\n|\n|t:|1733881174\n|move|p2a: Garchomp|Spikes|p1a: Houndstone\n|-sidestart|p1: antoenee|Spikes\n|move|p1a: Houndstone|Body Press|p2a: Garchomp\n|-damage|p2a: Garchomp|50/282\n|-damage|p1a: Houndstone|0 fnt|[from] ability: Rough Skin|[of] p2a: Garchomp\n|faint|p1a: Houndstone\n|\n|upkeep\n|\n|t:|1733881184\n|switch|p1a: Rabsca|Rabsca, L91, M|284/284\n|turn|33\n|\n|t:|1733881223\n|move|p2a: Garchomp|Outrage|p1a: Rabsca\n|-damage|p1a: Rabsca|160/284\n|move|p1a: Rabsca|Trick Room|p1a: Rabsca\n|-fieldstart|move: Trick Room|[of] p1a: Rabsca\n|\n|upkeep\n|turn|34\n|\n|t:|1733881245\n|move|p1a: Rabsca|Revival Blessing|p1a: Rabsca\n|\n|t:|1733881247\n|-heal|p1: Toucannon|142/284|[from] move: Revival Blessing\n|move|p2a: Garchomp|Outrage|p1a: Rabsca|[from]lockedmove\n|-damage|p1a: Rabsca|46/284\n|\n|upkeep\n|turn|35\n|\n|t:|1733881263\n|move|p1a: Rabsca|Psychic|p2a: Garchomp\n|-damage|p2a: Garchomp|0 fnt\n|faint|p2a: Garchomp\n|\n|upkeep\n|\n|t:|1733881276\n|switch|p2a: Farigiraf|Farigiraf, L91, F|366/366\n|turn|36\n|\n|t:|1733881288\n|move|p2a: Farigiraf|Protect|p2a: Farigiraf\n|-singleturn|p2a: Farigiraf|Protect\n|move|p1a: Rabsca|Bug Buzz|p2a: Farigiraf\n|-activate|p2a: Farigiraf|move: Protect\n|\n|upkeep\n|turn|37\n|\n|t:|1733881300\n|switch|p2a: Falinks|Falinks, L84|246/246\n|move|p1a: Rabsca|Bug Buzz|p2a: Falinks\n|-resisted|p2a: Falinks\n|-damage|p2a: Falinks|167/246\n|-unboost|p2a: Falinks|spd|1\n|-ability|p2a: Falinks|Defiant|boost\n|-boost|p2a: Falinks|atk|2\n|\n|-fieldend|move: Trick Room\n|upkeep\n|turn|38\n|\n|t:|1733881318\n|move|p2a: Falinks|Close Combat|p1a: Rabsca\n|-resisted|p1a: Rabsca\n|-damage|p1a: Rabsca|0 fnt\n|-unboost|p2a: Falinks|def|1\n|-unboost|p2a: Falinks|spd|1\n|faint|p1a: Rabsca\n|-damage|p2a: Falinks|143/246|[from] item: Life Orb\n|\n|upkeep\n|\n|t:|1733881329\n|switch|p1a: Toucannon|Toucannon, L88, F|142/284\n|-damage|p1a: Toucannon|71/284|[from] Stealth Rock\n|turn|39\n|\n|t:|1733881340\n|move|p2a: Falinks|Close Combat|p1a: Toucannon\n|-damage|p1a: Toucannon|0 fnt\n|-unboost|p2a: Falinks|def|1\n|-unboost|p2a: Falinks|spd|1\n|faint|p1a: Toucannon\n|-damage|p2a: Falinks|119/246|[from] item: Life Orb\n|\n|upkeep\n|\n|t:|1733881346\n|switch|p1a: Alcremie|Alcremie-Mint-Cream, L90, F|263/263\n|-damage|p1a: Alcremie|198/263|[from] Spikes\n|-damage|p1a: Alcremie|166/263|[from] Stealth Rock\n|turn|40\n|\n|t:|1733881362\n|move|p2a: Falinks|Knock Off|p1a: Alcremie\n|-resisted|p1a: Alcremie\n|-damage|p1a: Alcremie|69/263\n|-enditem|p1a: Alcremie|Leftovers|[from] move: Knock Off|[of] p2a: Falinks\n|-damage|p2a: Falinks|95/246|[from] item: Life Orb\n|move|p1a: Alcremie|Recover|p1a: Alcremie\n|-heal|p1a: Alcremie|201/263\n|\n|upkeep\n|turn|41\n|\n|t:|1733881378\n|move|p2a: Falinks|No Retreat|p2a: Falinks\n|-boost|p2a: Falinks|atk|1\n|-boost|p2a: Falinks|def|1\n|-boost|p2a: Falinks|spa|1\n|-boost|p2a: Falinks|spd|1\n|-boost|p2a: Falinks|spe|1\n|-start|p2a: Falinks|move: No Retreat\n|move|p1a: Alcremie|Psychic|p2a: Falinks\n|-supereffective|p2a: Falinks\n|-damage|p2a: Falinks|0 fnt\n|faint|p2a: Falinks\n|\n|upkeep\n|\n|t:|1733881401\n|switch|p2a: Mandibuzz|Mandibuzz, L85, F|156/326 brn\n|turn|42\n|\n|t:|1733881416\n|move|p2a: Mandibuzz|Brave Bird|p1a: Alcremie\n|-damage|p1a: Alcremie|148/263\n|-damage|p2a: Mandibuzz|139/326 brn|[from] Recoil\n|move|p1a: Alcremie|Psychic|p2a: Mandibuzz\n|-immune|p2a: Mandibuzz\n|\n|-damage|p2a: Mandibuzz|119/326 brn|[from] brn\n|upkeep\n|turn|43\n|\n|t:|1733881430\n|move|p2a: Mandibuzz|Roost|p2a: Mandibuzz\n|-heal|p2a: Mandibuzz|282/326 brn\n|-singleturn|p2a: Mandibuzz|move: Roost\n|move|p1a: Alcremie|Alluring Voice|p2a: Mandibuzz\n|-supereffective|p2a: Mandibuzz\n|-damage|p2a: Mandibuzz|76/326 brn\n|\n|-damage|p2a: Mandibuzz|56/326 brn|[from] brn\n|upkeep\n|turn|44\n|\n|t:|1733881446\n|move|p2a: Mandibuzz|Brave Bird|p1a: Alcremie\n|-damage|p1a: Alcremie|98/263\n|-damage|p2a: Mandibuzz|39/326 brn|[from] Recoil\n|move|p1a: Alcremie|Calm Mind|p1a: Alcremie\n|-boost|p1a: Alcremie|spa|1\n|-boost|p1a: Alcremie|spd|1\n|\n|-damage|p2a: Mandibuzz|19/326 brn|[from] brn\n|upkeep\n|turn|45\n|\n|t:|1733881459\n|move|p2a: Mandibuzz|Knock Off|p1a: Alcremie\n|-resisted|p1a: Alcremie\n|-damage|p1a: Alcremie|84/263\n|move|p1a: Alcremie|Recover|p1a: Alcremie\n|-heal|p1a: Alcremie|216/263\n|\n|-damage|p2a: Mandibuzz|0 fnt|[from] brn\n|faint|p2a: Mandibuzz\n|upkeep\n|\n|t:|1733881478\n|switch|p2a: Farigiraf|Farigiraf, L91, F|366/366\n|turn|46\n|\n|t:|1733881497\n|move|p1a: Alcremie|Calm Mind|p1a: Alcremie\n|-boost|p1a: Alcremie|spa|1\n|-boost|p1a: Alcremie|spd|1\n|move|p2a: Farigiraf|Psychic Noise|p1a: Alcremie\n|-damage|p1a: Alcremie|177/263\n|-block|p1a: Alcremie|ability: Aroma Veil|[of] p1a: Alcremie\n|\n|upkeep\n|turn|47\n|\n|t:|1733881509\n|move|p1a: Alcremie|Alluring Voice|p2a: Farigiraf\n|-crit|p2a: Farigiraf\n|-damage|p2a: Farigiraf|33/366\n|move|p2a: Farigiraf|Body Slam|p1a: Alcremie\n|-damage|p1a: Alcremie|74/263\n|\n|-heal|p2a: Farigiraf|55/366|[from] item: Leftovers\n|upkeep\n|turn|48\n|\n|t:|1733881517\n|move|p2a: Farigiraf|Protect|p2a: Farigiraf\n|-singleturn|p2a: Farigiraf|Protect\n|move|p1a: Alcremie|Recover|p1a: Alcremie\n|-heal|p1a: Alcremie|206/263\n|\n|-heal|p2a: Farigiraf|77/366|[from] item: Leftovers\n|upkeep\n|turn|49\n|\n|t:|1733881542\n|move|p2a: Farigiraf|Protect||[still]\n|-fail|p2a: Farigiraf\n|move|p1a: Alcremie|Alluring Voice|p2a: Farigiraf\n|-damage|p2a: Farigiraf|0 fnt\n|faint|p2a: Farigiraf\n|\n|upkeep\n|\n|t:|1733881547\n|switch|p2a: Vespiquen|Vespiquen, L98, F|207/296\n|-ability|p2a: Vespiquen|Pressure\n|turn|50\n|\n|t:|1733881563\n|move|p1a: Alcremie|Alluring Voice|p2a: Vespiquen\n|-damage|p2a: Vespiquen|41/296\n|move|p2a: Vespiquen|Hurricane|p1a: Alcremie|[miss]\n|-miss|p2a: Vespiquen|p1a: Alcremie\n|\n|upkeep\n|turn|51\n|c|\u2606antoenee|LOL\n|-message|JelkNinja forfeited.\n|\n|win|antoenee\n|l|\u2606JelkNinja\n|player|p2|\n|c| fastfoodsteak|loloololl\n|c| fastfoodsteak|asdjhalshd\n|l| fastfoodsteak\n", "inputlog": ">version bfd83cad13791eb5a5a409923076391caf6fb4d4\n>start {\"formatid\":\"gen9randombattle\",\"seed\":[60482,15212,65149,52790]}\n>player p1 {\"name\":\"antoenee\",\"avatar\":\"swimmerf\",\"rating\":0,\"seed\":[19030,5379,46508,12178]}\n>player p2 {\"name\":\"JelkNinja\",\"avatar\":\"swimmerf\",\"rating\":0,\"seed\":[22788,59583,49298,18423]}\n>p1 move spikes\n>p2 move spikes\n>p1 move flashcannon\n>p2 move spikes\n>p1 move aurasphere\n>p2 move hurricane\n>p1 move fleurcannon\n>p2 move hurricane\n>p1 move fleurcannon\n>p2 move spikes\n>p1 move spikes\n>p2 move roost\n>p1 move spikes\n>p2 move uturn\n>p2 switch 2\n>p1 move flashcannon\n>p2 move knockoff\n>p1 move aurasphere\n>p2 move bravebird\n>p1 move fleurcannon\n>p2 move bravebird\n>p1 move fleurcannon\n>p2 move roost\n>p1 move fleurcannon\n>p2 move bravebird\n>p1 move fleurcannon\n>p2 move bravebird\n>p1 move aurasphere\n>p2 move roost\n>p1 move aurasphere\n>p2 move knockoff\n>p1 switch 4\n>p1 move knockoff\n>p2 move knockoff\n>p1 move beakblast\n>p2 move knockoff\n>p1 move roost\n>p2 move roost\n>p1 move boomburst\n>p2 switch 6\n>p1 move knockoff terastallize\n>p2 move stoneedge terastallize\n>p1 move boomburst\n>p2 move closecombat\n>p1 switch 5\n>p1 move shadowball\n>p2 move closecombat\n>p1 switch 3\n>p1 move shadowsneak\n>p2 move psychicfangs\n>p2 switch 6\n>p1 move shadowsneak\n>p2 move knockoff\n>p1 move bodypress\n>p2 move roost\n>p1 move bodypress\n>p2 move defog\n>p1 move bodypress\n>p2 move roost\n>p1 move bodypress\n>p2 switch 3\n>p1 move trick\n>p2 move spikes\n>p1 move shadowsneak\n>p2 move stealthrock\n>p1 move bodypress\n>p2 move spikes\n>p1 move bodypress\n>p2 move spikes\n>p1 switch 6\n>p1 move trickroom\n>p2 move outrage\n>p1 move revivalblessing\n>p2 move outrage\n>p1 switch 5\n>p1 move psychic\n>p2 move outrage\n>p2 switch 5\n>p1 move bugbuzz\n>p2 move protect\n>p1 move bugbuzz\n>p2 switch 4\n>p1 move psychic\n>p2 move closecombat\n>p1 switch 5\n>p1 move roost\n>p2 move closecombat\n>p1 switch 2\n>p1 move recover\n>p2 move knockoff\n>p1 move psychic\n>p2 move noretreat\n>p2 switch 3\n>p1 move psychic\n>p2 move bravebird\n>p1 move alluringvoice\n>p2 move roost\n>p1 move calmmind\n>p2 move bravebird\n>p1 move recover\n>p2 move knockoff\n>p2 switch 4\n>p1 move calmmind\n>p2 move psychicnoise\n>p1 move alluringvoice\n>p2 move bodyslam\n>p1 move recover\n>p2 move protect\n>p1 move alluringvoice\n>p2 move protect\n>p2 switch 2\n>p1 move alluringvoice\n>p2 move hurricane\n>chat \u2606antoenee|LOL\n>forcelose p2", "uploadtime": 1733881752, "views": 4, "formatid": "gen9randombattle", "rating": null, "private": 0, "password": null}