{"id": "gen9randombattle-2131815755", "format": "[Gen 9] Random Battle", "players": ["Stone Cold", "chemcoop"], "log": "|badge|p2|bronze|gen9randombattle|100-1\n|html|<div class=\"broadcast-red\"><strong>This battle is required to be public due to one or more player having a season medal.</strong><br />During the public phase, you can discuss the state of the ladder <a href=\"/seasondiscussion\">in a special chatroom.</a></div>\n|uhtml|medal-msg|<div class=\"broadcast-blue\">Curious what those medals under the avatar are? PS now has Ladder Seasons! For more information, check out the <a href=\"https://www.smogon.com/forums/threads/3740067/\">thread on Smogon.</a></div>\n|j|\u2606Stone Cold\n|j|\u2606chemcoop\n|t:|1716855626\n|gametype|singles\n|player|p1|Stone Cold|#wcop2024ussouth|2243\n|player|p2|chemcoop|#chemcoop|2391\n|teamsize|p1|6\n|teamsize|p2|6\n|gen|9\n|tier|[Gen 9] Random Battle\n|rated|\n|rule|Species Clause: Limit one of each Pok\u00e9mon\n|rule|HP Percentage Mod: HP is shown in percentages\n|rule|Sleep Clause Mod: Limit one foe put to sleep\n|rule|Illusion Level Mod: Illusion disguises the Pok\u00e9mon's true level\n|\n|t:|1716855626\n|start\n|switch|p1a: Koraidon|Koraidon, L64|235/235\n|switch|p2a: Sceptile|Sceptile, L87, F|264/264\n|-weather|SunnyDay|[from] ability: Orichalcum Pulse|[of] p1a: Koraidon\n|-activate|p1a: Koraidon|Orichalcum Pulse|[source]\n|turn|1\n|j| metagrossEnfusiast\n|\n|t:|1716855648\n|move|p2a: Sceptile|Substitute|p2a: Sceptile\n|-start|p2a: Sceptile|Substitute\n|-damage|p2a: Sceptile|198/264\n|move|p1a: Koraidon|U-turn|p2a: Sceptile\n|-supereffective|p2a: Sceptile\n|-end|p2a: Sceptile|Substitute\n|\n|t:|1716855660\n|switch|p1a: Ampharos|Ampharos, L88, M|302/302|[from] U-turn\n|\n|-weather|SunnyDay|[upkeep]\n|-heal|p2a: Sceptile|214/264|[from] item: Leftovers\n|upkeep\n|turn|2\n|\n|t:|1716855665\n|move|p2a: Sceptile|Giga Drain|p1a: Ampharos\n|-damage|p1a: Ampharos|212/302\n|-heal|p2a: Sceptile|259/264|[from] drain|[of] p1a: Ampharos\n|move|p1a: Ampharos|Volt Switch|p2a: Sceptile\n|-resisted|p2a: Sceptile\n|-damage|p2a: Sceptile|190/264\n|inactive|Battle timer is ON: inactive players will automatically lose when time's up. (requested by chemcoop)\n|\n|t:|1716855680\n|switch|p1a: Koraidon|Koraidon, L64|235/235|[from] Volt Switch\n|-activate|p1a: Koraidon|ability: Orichalcum Pulse\n|\n|-weather|SunnyDay|[upkeep]\n|-heal|p2a: Sceptile|206/264|[from] item: Leftovers\n|upkeep\n|turn|3\n|\n|t:|1716855682\n|move|p2a: Sceptile|Substitute|p2a: Sceptile\n|-start|p2a: Sceptile|Substitute\n|-damage|p2a: Sceptile|140/264\n|move|p1a: Koraidon|U-turn|p2a: Sceptile\n|-supereffective|p2a: Sceptile\n|-end|p2a: Sceptile|Substitute\n|\n|t:|1716855687\n|switch|p1a: Ludicolo|Ludicolo, L90, F|290/290|[from] U-turn\n|\n|-weather|SunnyDay|[upkeep]\n|-heal|p2a: Sceptile|156/264|[from] item: Leftovers\n|upkeep\n|turn|4\n|l| metagrossEnfusiast\n|\n|t:|1716855699\n|switch|p2a: Ceruledge|Ceruledge, L78, F|245/245\n|move|p1a: Ludicolo|Ice Beam|p2a: Ceruledge\n|-resisted|p2a: Ceruledge\n|-damage|p2a: Ceruledge|203/245\n|-damage|p1a: Ludicolo|261/290|[from] item: Life Orb\n|\n|-weather|SunnyDay|[upkeep]\n|upkeep\n|turn|5\n|\n|t:|1716855706\n|move|p2a: Ceruledge|Bitter Blade|p1a: Ludicolo\n|-damage|p1a: Ludicolo|80/290\n|-heal|p2a: Ceruledge|245/245|[from] drain|[of] p1a: Ludicolo\n|move|p1a: Ludicolo|Hydro Pump|p2a: Ceruledge\n|-supereffective|p2a: Ceruledge\n|-damage|p2a: Ceruledge|86/245\n|-damage|p1a: Ludicolo|51/290|[from] item: Life Orb\n|\n|-weather|none\n|upkeep\n|turn|6\n|\n|t:|1716855714\n|move|p2a: Ceruledge|Bitter Blade|p1a: Ludicolo\n|-damage|p1a: Ludicolo|0 fnt\n|-heal|p2a: Ceruledge|112/245|[from] drain|[of] p1a: Ludicolo\n|faint|p1a: Ludicolo\n|\n|upkeep\n|\n|t:|1716855718\n|switch|p1a: Basculegion|Basculegion, L81, M|327/327\n|turn|7\n|\n|t:|1716855732\n|switch|p2a: Jumpluff|Jumpluff, L87, F|271/271\n|-terastallize|p1a: Basculegion|Water\n|move|p1a: Basculegion|Aqua Jet|p2a: Jumpluff\n|-resisted|p2a: Jumpluff\n|-damage|p2a: Jumpluff|231/271\n|\n|upkeep\n|turn|8\n|\n|t:|1716855737\n|move|p2a: Jumpluff|Sleep Powder|p1a: Basculegion\n|-status|p1a: Basculegion|slp|[from] move: Sleep Powder\n|cant|p1a: Basculegion|slp\n|\n|upkeep\n|turn|9\n|\n|t:|1716855740\n|move|p2a: Jumpluff|Encore|p1a: Basculegion\n|-start|p1a: Basculegion|Encore\n|cant|p1a: Basculegion|slp\n|\n|upkeep\n|turn|10\n|\n|t:|1716855744\n|switch|p1a: Koraidon|Koraidon, L64|235/235\n|-weather|SunnyDay|[from] ability: Orichalcum Pulse|[of] p1a: Koraidon\n|-activate|p1a: Koraidon|Orichalcum Pulse|[source]\n|move|p2a: Jumpluff|U-turn|p1a: Koraidon\n|-resisted|p1a: Koraidon\n|-damage|p1a: Koraidon|218/235\n|\n|t:|1716855751\n|switch|p2a: Luvdisc|Luvdisc, F|247/247|[from] U-turn\n|\n|-weather|SunnyDay|[upkeep]\n|upkeep\n|turn|11\n|\n|t:|1716855755\n|move|p2a: Luvdisc|Substitute|p2a: Luvdisc\n|-start|p2a: Luvdisc|Substitute\n|-damage|p2a: Luvdisc|186/247\n|move|p1a: Koraidon|U-turn|p2a: Luvdisc\n|-end|p2a: Luvdisc|Substitute\n|\n|t:|1716855758\n|switch|p1a: Ampharos|Ampharos, L88, M|212/302|[from] U-turn\n|\n|-weather|SunnyDay|[upkeep]\n|upkeep\n|turn|12\n|\n|t:|1716855762\n|move|p2a: Luvdisc|Substitute|p2a: Luvdisc\n|-start|p2a: Luvdisc|Substitute\n|-damage|p2a: Luvdisc|125/247\n|move|p1a: Ampharos|Volt Switch|p2a: Luvdisc\n|-supereffective|p2a: Luvdisc\n|-end|p2a: Luvdisc|Substitute\n|\n|t:|1716855764\n|switch|p1a: Koraidon|Koraidon, L64|218/235|[from] Volt Switch\n|-activate|p1a: Koraidon|ability: Orichalcum Pulse\n|\n|-weather|SunnyDay|[upkeep]\n|upkeep\n|turn|13\n|\n|t:|1716855767\n|move|p2a: Luvdisc|Substitute|p2a: Luvdisc\n|-start|p2a: Luvdisc|Substitute\n|-damage|p2a: Luvdisc|64/247\n|move|p1a: Koraidon|U-turn|p2a: Luvdisc\n|-end|p2a: Luvdisc|Substitute\n|\n|t:|1716855771\n|switch|p1a: Basculegion|Basculegion, L81, M, tera:Water|327/327 slp|[from] U-turn\n|\n|-weather|SunnyDay|[upkeep]\n|upkeep\n|turn|14\n|\n|t:|1716855774\n|move|p2a: Luvdisc|Endeavor|p1a: Basculegion\n|-damage|p1a: Basculegion|64/327 slp\n|-curestatus|p1a: Basculegion|slp|[msg]\n|move|p1a: Basculegion|Shadow Ball|p2a: Luvdisc\n|-damage|p2a: Luvdisc|0 fnt\n|faint|p2a: Luvdisc\n|\n|-weather|none\n|upkeep\n|\n|t:|1716855780\n|switch|p2a: Sceptile|Sceptile, L87, F|156/264\n|turn|15\n|\n|t:|1716855786\n|switch|p1a: Koraidon|Koraidon, L64|218/235\n|-weather|SunnyDay|[from] ability: Orichalcum Pulse|[of] p1a: Koraidon\n|-activate|p1a: Koraidon|Orichalcum Pulse|[source]\n|move|p2a: Sceptile|Giga Drain|p1a: Koraidon\n|-resisted|p1a: Koraidon\n|-damage|p1a: Koraidon|163/235\n|-heal|p2a: Sceptile|184/264|[from] drain|[of] p1a: Koraidon\n|\n|-weather|SunnyDay|[upkeep]\n|-heal|p2a: Sceptile|200/264|[from] item: Leftovers\n|upkeep\n|turn|16\n|\n|t:|1716855789\n|move|p2a: Sceptile|Substitute|p2a: Sceptile\n|-start|p2a: Sceptile|Substitute\n|-damage|p2a: Sceptile|134/264\n|move|p1a: Koraidon|U-turn|p2a: Sceptile\n|-supereffective|p2a: Sceptile\n|-end|p2a: Sceptile|Substitute\n|\n|t:|1716855798\n|switch|p1a: Ampharos|Ampharos, L88, M|212/302|[from] U-turn\n|\n|-weather|SunnyDay|[upkeep]\n|-heal|p2a: Sceptile|150/264|[from] item: Leftovers\n|upkeep\n|turn|17\n|\n|t:|1716855804\n|move|p2a: Sceptile|Giga Drain|p1a: Ampharos\n|-damage|p1a: Ampharos|122/302\n|-heal|p2a: Sceptile|195/264|[from] drain|[of] p1a: Ampharos\n|move|p1a: Ampharos|Volt Switch|p2a: Sceptile\n|-resisted|p2a: Sceptile\n|-damage|p2a: Sceptile|120/264\n|\n|t:|1716855809\n|switch|p1a: Koraidon|Koraidon, L64|163/235|[from] Volt Switch\n|-activate|p1a: Koraidon|ability: Orichalcum Pulse\n|\n|-weather|SunnyDay|[upkeep]\n|-heal|p2a: Sceptile|136/264|[from] item: Leftovers\n|upkeep\n|turn|18\n|\n|t:|1716855812\n|move|p2a: Sceptile|Substitute|p2a: Sceptile\n|-start|p2a: Sceptile|Substitute\n|-damage|p2a: Sceptile|70/264\n|move|p1a: Koraidon|U-turn|p2a: Sceptile\n|-supereffective|p2a: Sceptile\n|-end|p2a: Sceptile|Substitute\n|\n|t:|1716855815\n|switch|p1a: Ampharos|Ampharos, L88, M|122/302|[from] U-turn\n|\n|-weather|SunnyDay|[upkeep]\n|-heal|p2a: Sceptile|86/264|[from] item: Leftovers\n|upkeep\n|turn|19\n|\n|t:|1716855818\n|move|p2a: Sceptile|Substitute|p2a: Sceptile\n|-start|p2a: Sceptile|Substitute\n|-damage|p2a: Sceptile|20/264\n|move|p1a: Ampharos|Dazzling Gleam|p2a: Sceptile\n|-end|p2a: Sceptile|Substitute\n|\n|-weather|none\n|-heal|p2a: Sceptile|36/264|[from] item: Leftovers\n|upkeep\n|turn|20\n|\n|t:|1716855820\n|move|p2a: Sceptile|Giga Drain|p1a: Ampharos\n|-damage|p1a: Ampharos|0 fnt\n|-heal|p2a: Sceptile|97/264|[from] drain|[of] p1a: Ampharos\n|faint|p1a: Ampharos\n|\n|-heal|p2a: Sceptile|113/264|[from] item: Leftovers\n|upkeep\n|\n|t:|1716855826\n|switch|p1a: Koraidon|Koraidon, L64|163/235\n|-weather|SunnyDay|[from] ability: Orichalcum Pulse|[of] p1a: Koraidon\n|-activate|p1a: Koraidon|Orichalcum Pulse|[source]\n|turn|21\n|\n|t:|1716855831\n|move|p2a: Sceptile|Substitute|p2a: Sceptile\n|-start|p2a: Sceptile|Substitute\n|-damage|p2a: Sceptile|47/264\n|move|p1a: Koraidon|Flare Blitz|p2a: Sceptile\n|-supereffective|p2a: Sceptile\n|-end|p2a: Sceptile|Substitute\n|-damage|p1a: Koraidon|141/235|[from] Recoil|[of] p2a: Sceptile\n|\n|-weather|SunnyDay|[upkeep]\n|-heal|p2a: Sceptile|63/264|[from] item: Leftovers\n|upkeep\n|turn|22\n|\n|t:|1716855837\n|switch|p2a: Bastiodon|Bastiodon, L89, F|252/252\n|move|p1a: Koraidon|Flare Blitz|p2a: Bastiodon\n|-damage|p2a: Bastiodon|149/252\n|-damage|p1a: Koraidon|107/235|[from] Recoil\n|\n|-weather|SunnyDay|[upkeep]\n|upkeep\n|turn|23\n|\n|t:|1716855847\n|move|p1a: Koraidon|Flare Blitz|p2a: Bastiodon\n|-damage|p2a: Bastiodon|43/252\n|-damage|p1a: Koraidon|72/235|[from] Recoil\n|move|p2a: Bastiodon|Body Press|p1a: Koraidon\n|-damage|p1a: Koraidon|0 fnt\n|faint|p1a: Koraidon\n|\n|-weather|SunnyDay|[upkeep]\n|upkeep\n|\n|t:|1716855853\n|switch|p1a: Basculegion|Basculegion, L81, M, tera:Water|64/327\n|turn|24\n|\n|t:|1716855858\n|move|p1a: Basculegion|Shadow Ball|p2a: Bastiodon\n|-damage|p2a: Bastiodon|0 fnt\n|faint|p2a: Bastiodon\n|\n|-weather|SunnyDay|[upkeep]\n|upkeep\n|\n|t:|1716855861\n|switch|p2a: Sceptile|Sceptile, L87, F|63/264\n|turn|25\n|\n|t:|1716855865\n|switch|p1a: Miraidon|Miraidon, L65|238/238\n|-fieldstart|move: Electric Terrain|[from] ability: Hadron Engine|[of] p1a: Miraidon\n|move|p2a: Sceptile|Giga Drain|p1a: Miraidon\n|-resisted|p1a: Miraidon\n|-damage|p1a: Miraidon|166/238\n|-heal|p2a: Sceptile|99/264|[from] drain|[of] p1a: Miraidon\n|\n|-weather|none\n|-heal|p2a: Sceptile|115/264|[from] item: Leftovers\n|-heal|p1a: Miraidon|180/238|[from] item: Leftovers\n|upkeep\n|turn|26\n|c|\u2606chemcoop|what the shit\n|\n|t:|1716855874\n|move|p2a: Sceptile|Leech Seed|p1a: Miraidon\n|-start|p1a: Miraidon|move: Leech Seed\n|move|p1a: Miraidon|Electro Drift|p2a: Sceptile\n|-resisted|p2a: Sceptile\n|-damage|p2a: Sceptile|41/264\n|\n|-heal|p2a: Sceptile|57/264|[from] item: Leftovers\n|-heal|p1a: Miraidon|194/238|[from] item: Leftovers\n|-damage|p1a: Miraidon|165/238|[from] Leech Seed|[of] p2a: Sceptile\n|-heal|p2a: Sceptile|86/264|[silent]\n|upkeep\n|turn|27\n|\n|t:|1716855882\n|move|p2a: Sceptile|Giga Drain|p1a: Miraidon\n|-resisted|p1a: Miraidon\n|-damage|p1a: Miraidon|90/238\n|-heal|p2a: Sceptile|124/264|[from] drain|[of] p1a: Miraidon\n|move|p1a: Miraidon|Electro Drift|p2a: Sceptile\n|-resisted|p2a: Sceptile\n|-damage|p2a: Sceptile|53/264\n|\n|-heal|p2a: Sceptile|69/264|[from] item: Leftovers\n|-heal|p1a: Miraidon|104/238|[from] item: Leftovers\n|-damage|p1a: Miraidon|75/238|[from] Leech Seed|[of] p2a: Sceptile\n|-heal|p2a: Sceptile|98/264|[silent]\n|upkeep\n|turn|28\n|\n|t:|1716855886\n|move|p2a: Sceptile|Substitute|p2a: Sceptile\n|-start|p2a: Sceptile|Substitute\n|-damage|p2a: Sceptile|32/264\n|move|p1a: Miraidon|Draco Meteor|p2a: Sceptile\n|-end|p2a: Sceptile|Substitute\n|-unboost|p1a: Miraidon|spa|2\n|\n|-heal|p2a: Sceptile|48/264|[from] item: Leftovers\n|-heal|p1a: Miraidon|89/238|[from] item: Leftovers\n|-damage|p1a: Miraidon|60/238|[from] Leech Seed|[of] p2a: Sceptile\n|-heal|p2a: Sceptile|77/264|[silent]\n|upkeep\n|turn|29\n|\n|t:|1716855888\n|move|p2a: Sceptile|Giga Drain|p1a: Miraidon\n|-resisted|p1a: Miraidon\n|-damage|p1a: Miraidon|0 fnt\n|-heal|p2a: Sceptile|107/264|[from] drain|[of] p1a: Miraidon\n|faint|p1a: Miraidon\n|\n|-heal|p2a: Sceptile|123/264|[from] item: Leftovers\n|-fieldend|move: Electric Terrain\n|upkeep\n|\n|t:|1716855889\n|switch|p1a: Sandslash|Sandslash-Alola, L88, M|275/275\n|turn|30\n|\n|t:|1716855895\n|move|p2a: Sceptile|Focus Blast|p1a: Sandslash\n|-supereffective|p1a: Sandslash\n|-damage|p1a: Sandslash|0 fnt\n|faint|p1a: Sandslash\n|\n|-heal|p2a: Sceptile|139/264|[from] item: Leftovers\n|upkeep\n|-message|Stone Cold forfeited.\n|\n|win|chemcoop\n|raw|Stone Cold's rating: 2243 &rarr; <strong>2231</strong><br />(-12 for losing)\n|raw|chemcoop's rating: 2391 &rarr; <strong>2403</strong><br />(+12 for winning)\n|l|\u2606Stone Cold\n|player|p1|\n", "inputlog": ">version 7158ead19aeac8750849df2840eabb6dbec77df6\n>start {\"formatid\":\"gen9randombattle\",\"seed\":[51262,40484,60589,46903],\"rated\":\"Rated battle\"}\n>player p1 {\"name\":\"Stone Cold\",\"avatar\":\"#wcop2024ussouth\",\"rating\":2243,\"seed\":[5532,35840,41439,31355]}\n>player p2 {\"name\":\"chemcoop\",\"avatar\":\"#chemcoop\",\"rating\":2391,\"seed\":[14513,57286,49084,36931]}\n>p1 move uturn\n>p2 move substitute\n>p1 switch 2\n>p1 move voltswitch\n>p2 move gigadrain\n>p1 switch 2\n>p1 move uturn\n>p2 move substitute\n>p1 switch 5\n>p1 move icebeam\n>p2 switch 5\n>p1 move hydropump\n>p2 move bitterblade\n>p1 move hydropump\n>p2 move bitterblade\n>p1 switch 3\n>p1 move aquajet terastallize\n>p2 switch 6\n>p1 move flipturn\n>p2 move sleeppowder\n>p1 move flipturn\n>p2 move encore\n>p1 switch 5\n>p2 move uturn\n>p2 switch 3\n>p1 move uturn\n>p2 move substitute\n>p1 switch 2\n>p1 move voltswitch\n>p2 move substitute\n>p1 switch 2\n>p1 move uturn\n>p2 move substitute\n>p1 switch 5\n>p1 move shadowball\n>p2 move endeavor\n>p2 switch 5\n>p1 switch 5\n>p2 move gigadrain\n>p1 move uturn\n>p2 move substitute\n>p1 switch 2\n>p1 move voltswitch\n>p2 move gigadrain\n>p1 switch 2\n>p1 move uturn\n>p2 move substitute\n>p1 switch 2\n>p1 move dazzlinggleam\n>p2 move substitute\n>p1 move dazzlinggleam\n>p2 move gigadrain\n>p1 switch 2\n>p1 move flareblitz\n>p2 move substitute\n>p1 move flareblitz\n>p2 switch 2\n>p1 move flareblitz\n>p2 move bodypress\n>p1 switch 5\n>p1 move shadowball\n>p2 move bodypress\n>p2 switch 2\n>p1 switch 4\n>p2 move gigadrain\n>chat \u2606chemcoop|what the shit\n>p1 move electrodrift\n>p2 move leechseed\n>p1 move electrodrift\n>p2 move gigadrain\n>p1 move dracometeor\n>p2 move substitute\n>p1 move dracometeor\n>p2 move gigadrain\n>p1 switch 6\n>p1 move rapidspin\n>p2 move focusblast\n>forcelose p1", "uploadtime": 1716855909, "views": 210, "formatid": "gen9randombattle", "rating": 2231, "private": 0, "password": null}