{"id": "gen9randombattle-2260355524", "format": "[Gen 9] Random Battle", "players": ["twvo", "Guest 1705822"], "log": "|j|\u2606twvo\n|j|\u203dGuest 1705822\n|t:|1733843387\n|gametype|singles\n|player|p1|twvo|workerice|1009\n|player|p2|Guest 1705822|tuberf|1000\n|teamsize|p1|6\n|teamsize|p2|6\n|gen|9\n|tier|[Gen 9] Random Battle\n|rated|\n|rule|Species Clause: Limit one of each Pok\u00e9mon\n|rule|HP Percentage Mod: HP is shown in percentages\n|rule|Sleep Clause Mod: Limit one foe put to sleep\n|rule|Illusion Level Mod: Illusion disguises the Pok\u00e9mon's true level\n|\n|t:|1733843387\n|start\n|switch|p1a: Seviper|Seviper, L93, M|287/287\n|switch|p2a: Serperior|Serperior, L79, F|248/248\n|turn|1\n|inactive|Battle timer is ON: inactive players will automatically lose when time's up. (requested by twvo)\n|\n|t:|1733843398\n|move|p1a: Seviper|Switcheroo|p2a: Serperior\n|-activate|p1a: Seviper|move: Trick|[of] p2a: Serperior\n|-item|p2a: Serperior|Choice Scarf|[from] move: Switcheroo\n|-item|p1a: Seviper|Life Orb|[from] move: Switcheroo\n|move|p2a: Serperior|Glare|p1a: Seviper\n|-status|p1a: Seviper|par\n|\n|upkeep\n|turn|2\n|\n|t:|1733843410\n|switch|p2a: Skarmory|Skarmory, L80, M|235/235\n|move|p1a: Seviper|Flamethrower|p2a: Skarmory\n|-supereffective|p2a: Skarmory\n|-ability|p2a: Skarmory|Sturdy\n|-damage|p2a: Skarmory|1/235\n|-damage|p1a: Seviper|259/287 par|[from] item: Life Orb\n|\n|-heal|p2a: Skarmory|15/235|[from] item: Leftovers\n|upkeep\n|turn|3\n|\n|t:|1733843423\n|move|p2a: Skarmory|Stealth Rock|p1a: Seviper\n|-sidestart|p1: twvo|move: Stealth Rock\n|move|p1a: Seviper|Knock Off|p2a: Skarmory\n|-damage|p2a: Skarmory|0 fnt\n|-enditem|p2a: Skarmory|Leftovers|[from] move: Knock Off|[of] p1a: Seviper\n|faint|p2a: Skarmory\n|-damage|p1a: Seviper|231/287 par|[from] item: Life Orb\n|\n|upkeep\n|inactive|Guest 1705822 has 120 seconds left.\n|\n|t:|1733843461\n|switch|p2a: Sneasler|Sneasler, L74, F|240/240\n|turn|4\n|\n|t:|1733843468\n|move|p2a: Sneasler|Swords Dance|p2a: Sneasler\n|-boost|p2a: Sneasler|atk|2\n|cant|p1a: Seviper|par\n|\n|upkeep\n|turn|5\n|\n|t:|1733843478\n|move|p2a: Sneasler|Acrobatics|p1a: Seviper\n|-damage|p1a: Seviper|132/287 par\n|move|p1a: Seviper|Knock Off|p2a: Sneasler\n|-resisted|p2a: Sneasler\n|-damage|p2a: Sneasler|159/240\n|-enditem|p2a: Sneasler|White Herb|[from] move: Knock Off|[of] p1a: Seviper\n|-damage|p1a: Seviper|104/287 par|[from] item: Life Orb\n|\n|upkeep\n|turn|6\n|\n|t:|1733843501\n|-terastallize|p2a: Sneasler|Flying\n|move|p2a: Sneasler|Acrobatics|p1a: Seviper\n|-damage|p1a: Seviper|0 fnt\n|faint|p1a: Seviper\n|\n|upkeep\n|inactive|twvo has 120 seconds left.\n|\n|t:|1733843520\n|switch|p1a: Muk|Muk, L86, M|321/321\n|-damage|p1a: Muk|281/321|[from] Stealth Rock\n|turn|7\n|\n|t:|1733843528\n|move|p2a: Sneasler|Acrobatics|p1a: Muk\n|-damage|p1a: Muk|11/321\n|move|p1a: Muk|Ice Punch|p2a: Sneasler\n|-supereffective|p2a: Sneasler\n|-damage|p2a: Sneasler|0 fnt\n|faint|p2a: Sneasler\n|\n|upkeep\n|\n|t:|1733843543\n|switch|p2a: Dachsbun|Dachsbun, L92, F|254/254\n|turn|8\n|\n|t:|1733843548\n|move|p2a: Dachsbun|Body Press|p1a: Muk\n|-resisted|p1a: Muk\n|-damage|p1a: Muk|0 fnt\n|faint|p1a: Muk\n|\n|upkeep\n|\n|t:|1733843556\n|switch|p1a: Clawitzer|Clawitzer, L87, F|265/265\n|-damage|p1a: Clawitzer|232/265|[from] Stealth Rock\n|turn|9\n|\n|t:|1733843569\n|move|p2a: Dachsbun|Protect|p2a: Dachsbun\n|-singleturn|p2a: Dachsbun|Protect\n|move|p1a: Clawitzer|Water Pulse|p2a: Dachsbun\n|-activate|p2a: Dachsbun|move: Protect\n|\n|upkeep\n|turn|10\n|\n|t:|1733843577\n|switch|p2a: Serperior|Serperior, L79, F|248/248\n|move|p1a: Clawitzer|Water Pulse|p2a: Serperior\n|-resisted|p2a: Serperior\n|-damage|p2a: Serperior|188/248\n|\n|upkeep\n|turn|11\n|\n|t:|1733843590\n|-terastallize|p1a: Clawitzer|Dragon\n|move|p2a: Serperior|Leaf Storm|p1a: Clawitzer|[miss]\n|-miss|p2a: Serperior|p1a: Clawitzer\n|move|p1a: Clawitzer|Water Pulse|p2a: Serperior\n|-resisted|p2a: Serperior\n|-crit|p2a: Serperior\n|-damage|p2a: Serperior|103/248\n|\n|upkeep\n|turn|12\n|\n|t:|1733843598\n|switch|p2a: Dachsbun|Dachsbun, L92, F|254/254\n|move|p1a: Clawitzer|U-turn|p2a: Dachsbun\n|-resisted|p2a: Dachsbun\n|-damage|p2a: Dachsbun|238/254\n|\n|t:|1733843607\n|switch|p1a: Bellossom|Bellossom, L84, F|263/263|[from] U-turn\n|-damage|p1a: Bellossom|231/263|[from] Stealth Rock\n|\n|-heal|p2a: Dachsbun|253/254|[from] item: Leftovers\n|-heal|p1a: Bellossom|247/263|[from] item: Leftovers\n|upkeep\n|turn|13\n|\n|t:|1733843621\n|move|p2a: Dachsbun|Wish|p2a: Dachsbun\n|move|p1a: Bellossom|Quiver Dance|p1a: Bellossom\n|-boost|p1a: Bellossom|spa|1\n|-boost|p1a: Bellossom|spd|1\n|-boost|p1a: Bellossom|spe|1\n|\n|-heal|p2a: Dachsbun|254/254|[from] item: Leftovers\n|-heal|p1a: Bellossom|263/263|[from] item: Leftovers\n|upkeep\n|turn|14\n|\n|t:|1733843631\n|switch|p2a: Overqwil|Overqwil, L82, M|274/274\n|-ability|p2a: Overqwil|Intimidate|boost\n|-unboost|p1a: Bellossom|atk|1\n|move|p1a: Bellossom|Quiver Dance|p1a: Bellossom\n|-boost|p1a: Bellossom|spa|1\n|-boost|p1a: Bellossom|spd|1\n|-boost|p1a: Bellossom|spe|1\n|\n|upkeep\n|turn|15\n|\n|t:|1733843645\n|move|p1a: Bellossom|Tera Blast|p2a: Overqwil\n|-damage|p2a: Overqwil|140/274\n|move|p2a: Overqwil|Swords Dance|p2a: Overqwil\n|-boost|p2a: Overqwil|atk|2\n|\n|upkeep\n|turn|16\n|\n|t:|1733843654\n|move|p1a: Bellossom|Tera Blast|p2a: Overqwil\n|-damage|p2a: Overqwil|12/274\n|move|p2a: Overqwil|Crunch|p1a: Bellossom\n|-damage|p1a: Bellossom|89/263\n|\n|-heal|p1a: Bellossom|105/263|[from] item: Leftovers\n|upkeep\n|turn|17\n|\n|t:|1733843664\n|move|p1a: Bellossom|Giga Drain|p2a: Overqwil\n|-resisted|p2a: Overqwil\n|-damage|p2a: Overqwil|0 fnt\n|-heal|p1a: Bellossom|111/263|[from] drain|[of] p2a: Overqwil\n|faint|p2a: Overqwil\n|\n|-heal|p1a: Bellossom|127/263|[from] item: Leftovers\n|upkeep\n|\n|t:|1733843671\n|switch|p2a: Leafeon|Leafeon, L88, M|258/258\n|turn|18\n|\n|t:|1733843677\n|move|p1a: Bellossom|Strength Sap|p2a: Leafeon\n|-unboost|p2a: Leafeon|atk|1\n|-heal|p1a: Bellossom|263/263\n|move|p2a: Leafeon|Swords Dance|p2a: Leafeon\n|-boost|p2a: Leafeon|atk|2\n|\n|upkeep\n|turn|19\n|\n|t:|1733843689\n|move|p1a: Bellossom|Tera Blast|p2a: Leafeon\n|-damage|p2a: Leafeon|139/258\n|move|p2a: Leafeon|Knock Off|p1a: Bellossom\n|-damage|p1a: Bellossom|123/263\n|-enditem|p1a: Bellossom|Leftovers|[from] move: Knock Off|[of] p2a: Leafeon\n|-damage|p2a: Leafeon|114/258|[from] item: Life Orb\n|\n|upkeep\n|turn|20\n|\n|t:|1733843698\n|move|p1a: Bellossom|Tera Blast|p2a: Leafeon\n|-damage|p2a: Leafeon|0 fnt\n|faint|p2a: Leafeon\n|\n|upkeep\n|-message|Guest 1705822 forfeited.\n|\n|win|twvo\n|raw|twvo's rating: 1009 &rarr; <strong>1047</strong><br />(+38 for winning)\n|raw|Guest 1705822's rating: 1000 &rarr; <strong>1000</strong><br />(+0 for losing)\n|l|\u203dGuest 1705822\n|player|p2|\n", "inputlog": ">version bfd83cad13791eb5a5a409923076391caf6fb4d4\n>start {\"formatid\":\"gen9randombattle\",\"seed\":[62387,40297,42753,41589],\"rated\":\"Rated battle\"}\n>player p1 {\"name\":\"twvo\",\"avatar\":\"workerice\",\"rating\":1009,\"seed\":[20531,28873,38387,15809]}\n>player p2 {\"name\":\"Guest 1705822\",\"avatar\":\"tuberf\",\"rating\":1000,\"seed\":[45003,61562,4840,25778]}\n>p1 move switcheroo\n>p2 move glare\n>p1 move flamethrower\n>p2 switch 4\n>p1 move knockoff\n>p2 move stealthrock\n>p2 switch 6\n>p1 move knockoff\n>p2 move swordsdance\n>p1 move knockoff\n>p2 move acrobatics\n>p1 move switcheroo\n>p2 move acrobatics terastallize\n>p1 switch 5\n>p1 move icepunch\n>p2 move acrobatics\n>p2 switch 5\n>p1 move gunkshot\n>p2 move bodypress\n>p1 switch 2\n>p1 move waterpulse\n>p2 move protect\n>p1 move waterpulse\n>p2 switch 4\n>p1 move waterpulse terastallize\n>p2 move leafstorm\n>p1 move uturn\n>p2 switch 4\n>p1 switch 3\n>p1 move quiverdance\n>p2 move wish\n>p1 move quiverdance\n>p2 switch 2\n>p1 move terablast\n>p2 move swordsdance\n>p1 move terablast\n>p2 move crunch\n>p1 move gigadrain\n>p2 move crunch\n>p2 switch 3\n>p1 move strengthsap\n>p2 move swordsdance\n>p1 move terablast\n>p2 move knockoff\n>p1 move terablast\n>p2 move knockoff\n>forcelose p2", "uploadtime": 1733843707, "views": 22, "formatid": "gen9randombattle", "rating": 1000, "private": 0, "password": null}