{"id": "gen9randombattle-2260733928", "format": "[Gen 9] Random Battle", "players": ["Yhjuffhuiggy", "vyujcvygulhk"], "log": "|j|\u2606Yhjuffhuiggy\n|j|\u2606vyujcvygulhk\n|t:|1733884491\n|gametype|singles\n|player|p1|Yhjuffhuiggy|2|1000\n|player|p2|vyujcvygulhk|2|1000\n|teamsize|p1|6\n|teamsize|p2|6\n|gen|9\n|tier|[Gen 9] Random Battle\n|rated|\n|rule|Species Clause: Limit one of each Pok\u00e9mon\n|rule|HP Percentage Mod: HP is shown in percentages\n|rule|Sleep Clause Mod: Limit one foe put to sleep\n|rule|Illusion Level Mod: Illusion disguises the Pok\u00e9mon's true level\n|\n|t:|1733884491\n|start\n|switch|p1a: Hitmonchan|Hitmonchan, L87, M|229/229\n|switch|p2a: Oinkologne|Oinkologne-F, L92, F|361/361\n|turn|1\n|\n|t:|1733884502\n|switch|p2a: Mienshao|Mienshao, L83, M|243/243\n|move|p1a: Hitmonchan|Swords Dance|p1a: Hitmonchan\n|-boost|p1a: Hitmonchan|atk|2\n|\n|upkeep\n|turn|2\n|\n|t:|1733884518\n|move|p2a: Mienshao|High Jump Kick|p1a: Hitmonchan\n|-damage|p1a: Hitmonchan|0 fnt\n|faint|p1a: Hitmonchan\n|\n|upkeep\n|\n|t:|1733884526\n|switch|p1a: Grafaiai|Grafaiai, L86, M|249/249\n|turn|3\n|\n|t:|1733884537\n|move|p1a: Grafaiai|Gunk Shot|p2a: Mienshao\n|-damage|p2a: Mienshao|56/243\n|move|p2a: Mienshao|High Jump Kick|p1a: Grafaiai\n|-damage|p1a: Grafaiai|0 fnt\n|faint|p1a: Grafaiai\n|\n|upkeep\n|\n|t:|1733884577\n|switch|p1a: Carbink|Carbink, L90|236/236\n|turn|4\n|\n|t:|1733884614\n|move|p2a: Mienshao|High Jump Kick|p1a: Carbink\n|-damage|p1a: Carbink|68/236\n|move|p1a: Carbink|Body Press|p2a: Mienshao\n|-damage|p2a: Mienshao|0 fnt\n|faint|p2a: Mienshao\n|\n|upkeep\n|\n|t:|1733884621\n|switch|p2a: Perrserker|Perrserker, L89, F|269/269\n|turn|5\n|\n|t:|1733884639\n|switch|p1a: Golduck|Golduck, L90, F|290/290\n|-ability|p1a: Golduck|Cloud Nine\n|move|p2a: Perrserker|Iron Head|p1a: Golduck\n|-resisted|p1a: Golduck\n|-damage|p1a: Golduck|194/290\n|-damage|p2a: Perrserker|243/269|[from] item: Life Orb\n|\n|upkeep\n|turn|6\n|inactive|Battle timer is ON: inactive players will automatically lose when time's up. (requested by vyujcvygulhk)\n|\n|t:|1733884642\n|move|p1a: Golduck|Hydro Pump|p2a: Perrserker\n|-damage|p2a: Perrserker|0 fnt\n|faint|p2a: Perrserker\n|\n|upkeep\n|\n|t:|1733884648\n|switch|p2a: Oinkologne|Oinkologne-F, L92, F|361/361\n|turn|7\n|\n|t:|1733884658\n|move|p1a: Golduck|Hydro Pump|p2a: Oinkologne|[miss]\n|-miss|p1a: Golduck|p2a: Oinkologne\n|move|p2a: Oinkologne|Body Slam|p1a: Golduck\n|-damage|p1a: Golduck|95/290\n|-status|p1a: Golduck|par\n|\n|upkeep\n|turn|8\n|inactive|vyujcvygulhk has 120 seconds left.\n|\n|t:|1733884701\n|move|p2a: Oinkologne|Body Slam|p1a: Golduck\n|-damage|p1a: Golduck|0 fnt\n|faint|p1a: Golduck\n|\n|upkeep\n|inactive|Yhjuffhuiggy has 120 seconds left.\n|\n|t:|1733884744\n|switch|p1a: Carbink|Carbink, L90|68/236\n|turn|9\n|\n|t:|1733884750\n|move|p2a: Oinkologne|High Horsepower|p1a: Carbink\n|-supereffective|p1a: Carbink\n|-damage|p1a: Carbink|0 fnt\n|faint|p1a: Carbink\n|\n|upkeep\n|\n|t:|1733884762\n|switch|p1a: Greedent|Greedent, L86, F|347/347\n|turn|10\n|\n|t:|1733884769\n|move|p2a: Oinkologne|Curse|p2a: Oinkologne\n|-unboost|p2a: Oinkologne|spe|1\n|-boost|p2a: Oinkologne|atk|1\n|-boost|p2a: Oinkologne|def|1\n|move|p1a: Greedent|Swords Dance|p1a: Greedent\n|-boost|p1a: Greedent|atk|2\n|\n|upkeep\n|turn|11\n|inactive|Yhjuffhuiggy has 120 seconds left.\n|\n|t:|1733884774\n|move|p2a: Oinkologne|Body Slam|p1a: Greedent\n|-damage|p1a: Greedent|214/347\n|-status|p1a: Greedent|par\n|cant|p1a: Greedent|par\n|\n|upkeep\n|turn|12\n|\n|t:|1733884777\n|move|p2a: Oinkologne|Body Slam|p1a: Greedent\n|-damage|p1a: Greedent|85/347 par\n|-enditem|p1a: Greedent|Sitrus Berry|[eat]\n|-heal|p1a: Greedent|171/347 par|[from] item: Sitrus Berry\n|-heal|p1a: Greedent|286/347 par|[from] ability: Cheek Pouch\n|move|p1a: Greedent|Double-Edge|p2a: Oinkologne\n|-damage|p2a: Oinkologne|160/361\n|-damage|p1a: Greedent|220/347 par|[from] Recoil\n|\n|-heal|p2a: Oinkologne|182/361|[from] item: Leftovers\n|upkeep\n|turn|13\n|\n|t:|1733884786\n|move|p2a: Oinkologne|Body Slam|p1a: Greedent\n|-damage|p1a: Greedent|90/347 par\n|cant|p1a: Greedent|par\n|\n|-heal|p2a: Oinkologne|204/361|[from] item: Leftovers\n|upkeep\n|turn|14\n|inactive|vyujcvygulhk has 120 seconds left.\n|\n|t:|1733884820\n|move|p2a: Oinkologne|Body Slam|p1a: Greedent\n|-damage|p1a: Greedent|0 fnt\n|faint|p1a: Greedent\n|\n|-heal|p2a: Oinkologne|226/361|[from] item: Leftovers\n|upkeep\n|\n|t:|1733884825\n|switch|p1a: Regidrago|Regidrago, L77|435/435\n|turn|15\n|inactive|vyujcvygulhk has 120 seconds left.\n|\n|t:|1733884848\n|-terastallize|p1a: Regidrago|Dragon\n|move|p1a: Regidrago|Dragon Energy|p2a: Oinkologne\n|-damage|p2a: Oinkologne|0 fnt\n|faint|p2a: Oinkologne\n|\n|upkeep\n|\n|t:|1733884850\n|switch|p2a: Ribombee|Ribombee, L82, F|233/233\n|turn|16\n|\n|t:|1733884857\n|move|p1a: Regidrago|Dragon Energy|p2a: Ribombee\n|-immune|p2a: Ribombee\n|move|p2a: Ribombee|Quiver Dance|p2a: Ribombee\n|-boost|p2a: Ribombee|spa|1\n|-boost|p2a: Ribombee|spd|1\n|-boost|p2a: Ribombee|spe|1\n|\n|upkeep\n|turn|17\n|\n|t:|1733884860\n|move|p2a: Ribombee|Moonblast|p1a: Regidrago\n|-supereffective|p1a: Regidrago\n|-damage|p1a: Regidrago|0 fnt\n|faint|p1a: Regidrago\n|\n|win|vyujcvygulhk\n|raw|Yhjuffhuiggy's rating: 1000 &rarr; <strong>1000</strong><br />(+0 for losing)\n|raw|vyujcvygulhk's rating: 1000 &rarr; <strong>1040</strong><br />(+40 for winning)\n", "inputlog": ">version bfd83cad13791eb5a5a409923076391caf6fb4d4\n>start {\"formatid\":\"gen9randombattle\",\"seed\":[27554,51598,25978,16582],\"rated\":\"Rated battle\"}\n>player p1 {\"name\":\"Yhjuffhuiggy\",\"avatar\":\"2\",\"rating\":1000,\"seed\":[31779,2409,17253,58402]}\n>player p2 {\"name\":\"vyujcvygulhk\",\"avatar\":\"2\",\"rating\":1000,\"seed\":[29087,21426,3289,8491]}\n>p1 move swordsdance\n>p2 switch 4\n>p1 move closecombat\n>p2 move highjumpkick\n>p1 switch 3\n>p1 move gunkshot\n>p2 move highjumpkick\n>p1 switch 5\n>p1 move bodypress\n>p2 move highjumpkick\n>p2 switch 2\n>p1 switch 4\n>p2 move ironhead\n>p1 move hydropump\n>p2 move stealthrock\n>p2 switch 4\n>p1 move hydropump\n>p2 move bodyslam\n>p1 move hydropump\n>p2 move bodyslam\n>p1 switch 4\n>p1 move rest\n>p2 move highhorsepower\n>p1 switch 2\n>p1 move swordsdance\n>p2 move curse\n>p1 move swordsdance\n>p2 move bodyslam\n>p1 move doubleedge\n>p2 move bodyslam\n>p1 move doubleedge\n>p2 move bodyslam\n>p1 move doubleedge\n>p2 move bodyslam\n>p1 switch 6\n>p1 move dragonenergy terastallize\n>p2 move bodyslam\n>p2 switch 5\n>p1 move dragonenergy\n>p2 move quiverdance\n>p1 move dragonenergy\n>p2 move moonblast", "uploadtime": 1733884862, "views": 4, "formatid": "gen9randombattle", "rating": 1000, "private": 0, "password": null}