{"id": "gen9randombattle-2148558398", "format": "[Gen 9] Random Battle", "players": ["Orocan", "Michielleus"], "log": "|badge|p2|silver|gen9randombattle|30-1\n|uhtml|medal-msg|<div class=\"broadcast-blue\">Curious what those medals under the avatar are? PS now has Ladder Seasons! For more information, check out the <a href=\"https://www.smogon.com/forums/threads/3740067/\">thread on Smogon.</a></div>\n|j|\u2606Orocan\n|j|\u2606Michielleus\n|t:|1719149175\n|gametype|singles\n|player|p1|Orocan|veteran|2236\n|player|p2|Michielleus|#michielleus|2504\n|teamsize|p1|6\n|teamsize|p2|6\n|gen|9\n|tier|[Gen 9] Random Battle\n|rated|\n|rule|Species Clause: Limit one of each Pok\u00e9mon\n|rule|HP Percentage Mod: HP is shown in percentages\n|rule|Sleep Clause Mod: Limit one foe put to sleep\n|rule|Illusion Level Mod: Illusion disguises the Pok\u00e9mon's true level\n|\n|t:|1719149175\n|start\n|switch|p1a: Gyarados|Gyarados, L79, F|280/280\n|switch|p2a: Tauros|Tauros, L82, M|257/257\n|-ability|p1a: Gyarados|Intimidate|boost\n|-unboost|p2a: Tauros|atk|1\n|turn|1\n|inactive|Battle timer is ON: inactive players will automatically lose when time's up. (requested by Michielleus)\n|inactive|Orocan also wants the timer to be on.\n|inactive|Michielleus has 120 seconds left.\n|\n|t:|1719149219\n|switch|p1a: Hitmonchan|Hitmonchan, L87, M|229/229\n|move|p2a: Tauros|Body Slam|p1a: Hitmonchan\n|-damage|p1a: Hitmonchan|134/229\n|\n|-heal|p1a: Hitmonchan|148/229|[from] item: Leftovers\n|upkeep\n|turn|2\n|\n|t:|1719149230\n|switch|p2a: Fezandipiti|Fezandipiti, L82, M|278/278\n|move|p1a: Hitmonchan|Rapid Spin|p2a: Fezandipiti\n|-damage|p2a: Fezandipiti|232/278\n|-boost|p1a: Hitmonchan|spe|1\n|\n|-heal|p1a: Hitmonchan|162/229|[from] item: Leftovers\n|upkeep\n|turn|3\n|\n|t:|1719149257\n|switch|p1a: Iron Thorns|Iron Thorns, L83|302/302\n|-enditem|p1a: Iron Thorns|Booster Energy\n|-activate|p1a: Iron Thorns|ability: Quark Drive|[fromitem]\n|-start|p1a: Iron Thorns|quarkdriveatk\n|move|p2a: Fezandipiti|Beat Up|p1a: Iron Thorns\n|-damage|p1a: Iron Thorns|294/302\n|-damage|p1a: Iron Thorns|287/302\n|-damage|p1a: Iron Thorns|278/302\n|-status|p1a: Iron Thorns|tox|[from] ability: Toxic Chain|[of] p2a: Fezandipiti\n|-damage|p1a: Iron Thorns|269/302 tox\n|-damage|p1a: Iron Thorns|263/302 tox\n|-damage|p1a: Iron Thorns|253/302 tox\n|-hitcount|p1a: Iron Thorns|6\n|\n|-damage|p1a: Iron Thorns|235/302 tox|[from] psn\n|upkeep\n|turn|4\n|inactive|Orocan has 120 seconds left.\n|\n|t:|1719149279\n|move|p2a: Fezandipiti|U-turn|p1a: Iron Thorns\n|-damage|p1a: Iron Thorns|195/302 tox\n|\n|t:|1719149282\n|switch|p2a: Carbink|Carbink, L90|236/236|[from] U-turn\n|move|p1a: Iron Thorns|Dragon Dance|p1a: Iron Thorns\n|-boost|p1a: Iron Thorns|atk|1\n|-boost|p1a: Iron Thorns|spe|1\n|\n|-damage|p1a: Iron Thorns|159/302 tox|[from] psn\n|upkeep\n|turn|5\n|inactive|Orocan has 120 seconds left.\n|\n|t:|1719149294\n|move|p1a: Iron Thorns|Earthquake|p2a: Carbink\n|-supereffective|p2a: Carbink\n|-damage|p2a: Carbink|16/236\n|move|p2a: Carbink|Body Press|p1a: Iron Thorns\n|-supereffective|p1a: Iron Thorns\n|-damage|p1a: Iron Thorns|3/302 tox\n|\n|-damage|p1a: Iron Thorns|0 fnt|[from] psn\n|faint|p1a: Iron Thorns\n|-end|p1a: Iron Thorns|Quark Drive|[silent]\n|upkeep\n|inactive|Orocan has 120 seconds left.\n|\n|t:|1719149318\n|switch|p1a: Gouging Fire|Gouging Fire, L74|277/277\n|turn|6\n|\n|t:|1719149324\n|move|p1a: Gouging Fire|Dragon Dance|p1a: Gouging Fire\n|-boost|p1a: Gouging Fire|atk|1\n|-boost|p1a: Gouging Fire|spe|1\n|move|p2a: Carbink|Rest|p2a: Carbink\n|-status|p2a: Carbink|slp|[from] move: Rest\n|-heal|p2a: Carbink|236/236 slp|[silent]\n|-enditem|p2a: Carbink|Chesto Berry|[eat]\n|-curestatus|p2a: Carbink|slp|[msg]\n|\n|upkeep\n|turn|7\n|\n|t:|1719149335\n|move|p1a: Gouging Fire|Dragon Dance|p1a: Gouging Fire\n|-boost|p1a: Gouging Fire|atk|1\n|-boost|p1a: Gouging Fire|spe|1\n|move|p2a: Carbink|Iron Defense|p2a: Carbink\n|-boost|p2a: Carbink|def|2\n|\n|upkeep\n|turn|8\n|\n|t:|1719149345\n|move|p1a: Gouging Fire|Heat Crash|p2a: Carbink\n|-resisted|p2a: Carbink\n|-damage|p2a: Carbink|201/236\n|move|p2a: Carbink|Iron Defense|p2a: Carbink\n|-boost|p2a: Carbink|def|2\n|\n|upkeep\n|turn|9\n|\n|t:|1719149353\n|-end|p1a: Gouging Fire|Protosynthesis|[silent]\n|switch|p1a: Latios|Latios, L78, M|253/253\n|move|p2a: Carbink|Body Press|p1a: Latios\n|-resisted|p1a: Latios\n|-damage|p1a: Latios|98/253\n|\n|upkeep\n|turn|10\n|inactive|Orocan has 120 seconds left.\n|\n|t:|1719149363\n|move|p1a: Latios|Luster Purge|p2a: Carbink\n|-damage|p2a: Carbink|95/236\n|move|p2a: Carbink|Body Press|p1a: Latios\n|-resisted|p1a: Latios\n|-damage|p1a: Latios|0 fnt\n|faint|p1a: Latios\n|\n|upkeep\n|inactive|Orocan has 120 seconds left.\n|\n|t:|1719149373\n|switch|p1a: Gyarados|Gyarados, L79, F|280/280\n|-ability|p1a: Gyarados|Intimidate|boost\n|-fail|p2a: Carbink|unboost|[from] ability: Clear Body|[of] p2a: Carbink\n|turn|11\n|\n|t:|1719149386\n|move|p1a: Gyarados|Dragon Dance|p1a: Gyarados\n|-boost|p1a: Gyarados|atk|1\n|-boost|p1a: Gyarados|spe|1\n|move|p2a: Carbink|Body Press|p1a: Gyarados\n|-resisted|p1a: Gyarados\n|-damage|p1a: Gyarados|118/280\n|\n|upkeep\n|turn|12\n|\n|t:|1719149394\n|move|p1a: Gyarados|Waterfall|p2a: Carbink\n|-supereffective|p2a: Carbink\n|-damage|p2a: Carbink|35/236\n|move|p2a: Carbink|Body Press|p1a: Gyarados\n|-resisted|p1a: Gyarados\n|-damage|p1a: Gyarados|0 fnt\n|faint|p1a: Gyarados\n|\n|upkeep\n|\n|t:|1719149404\n|switch|p1a: Hitmonchan|Hitmonchan, L87, M|162/229\n|turn|13\n|\n|t:|1719149411\n|move|p1a: Hitmonchan|Close Combat|p2a: Carbink\n|-damage|p2a: Carbink|4/236\n|-unboost|p1a: Hitmonchan|def|1\n|-unboost|p1a: Hitmonchan|spd|1\n|move|p2a: Carbink|Rest|p2a: Carbink\n|-status|p2a: Carbink|slp|[from] move: Rest\n|-heal|p2a: Carbink|236/236 slp|[silent]\n|\n|-heal|p1a: Hitmonchan|176/229|[from] item: Leftovers\n|upkeep\n|turn|14\n|\n|t:|1719149432\n|move|p1a: Hitmonchan|Swords Dance|p1a: Hitmonchan\n|-boost|p1a: Hitmonchan|atk|2\n|cant|p2a: Carbink|slp\n|\n|-heal|p1a: Hitmonchan|190/229|[from] item: Leftovers\n|upkeep\n|turn|15\n|\n|t:|1719149440\n|move|p1a: Hitmonchan|Close Combat|p2a: Carbink\n|-damage|p2a: Carbink|178/236 slp\n|-unboost|p1a: Hitmonchan|def|1\n|-unboost|p1a: Hitmonchan|spd|1\n|cant|p2a: Carbink|slp\n|\n|-heal|p1a: Hitmonchan|204/229|[from] item: Leftovers\n|upkeep\n|turn|16\n|\n|t:|1719149450\n|switch|p1a: Mimikyu|Mimikyu, L79, F|216/216\n|-curestatus|p2a: Carbink|slp|[msg]\n|move|p2a: Carbink|Body Press|p1a: Mimikyu\n|-immune|p1a: Mimikyu\n|\n|upkeep\n|turn|17\n|\n|t:|1719149458\n|move|p1a: Mimikyu|Swords Dance|p1a: Mimikyu\n|-boost|p1a: Mimikyu|atk|2\n|move|p2a: Carbink|Moonblast|p1a: Mimikyu\n|-activate|p1a: Mimikyu|ability: Disguise\n|-damage|p1a: Mimikyu|216/216\n|detailschange|p1a: Mimikyu|Mimikyu-Busted, L79, F\n|-damage|p1a: Mimikyu|189/216|[from] pokemon: Mimikyu-Busted\n|\n|upkeep\n|turn|18\n|\n|t:|1719149470\n|move|p1a: Mimikyu|Swords Dance|p1a: Mimikyu\n|-boost|p1a: Mimikyu|atk|2\n|move|p2a: Carbink|Moonblast|p1a: Mimikyu\n|-damage|p1a: Mimikyu|120/216\n|-unboost|p1a: Mimikyu|spa|1\n|\n|upkeep\n|turn|19\n|\n|t:|1719149483\n|move|p1a: Mimikyu|Wood Hammer|p2a: Carbink\n|-supereffective|p2a: Carbink\n|-damage|p2a: Carbink|61/236\n|-damage|p1a: Mimikyu|81/216|[from] Recoil\n|-damage|p1a: Mimikyu|60/216|[from] item: Life Orb\n|move|p2a: Carbink|Moonblast|p1a: Mimikyu\n|-damage|p1a: Mimikyu|0 fnt\n|faint|p1a: Mimikyu\n|\n|upkeep\n|\n|t:|1719149493\n|switch|p1a: Hitmonchan|Hitmonchan, L87, M|204/229\n|turn|20\n|\n|t:|1719149497\n|move|p1a: Hitmonchan|Swords Dance|p1a: Hitmonchan\n|-boost|p1a: Hitmonchan|atk|2\n|move|p2a: Carbink|Rest|p2a: Carbink\n|-status|p2a: Carbink|slp|[from] move: Rest\n|-heal|p2a: Carbink|236/236 slp|[silent]\n|\n|-heal|p1a: Hitmonchan|218/229|[from] item: Leftovers\n|upkeep\n|turn|21\n|\n|t:|1719149508\n|move|p1a: Hitmonchan|Swords Dance|p1a: Hitmonchan\n|-boost|p1a: Hitmonchan|atk|2\n|cant|p2a: Carbink|slp\n|\n|-heal|p1a: Hitmonchan|229/229|[from] item: Leftovers\n|upkeep\n|turn|22\n|\n|t:|1719149517\n|move|p1a: Hitmonchan|Close Combat|p2a: Carbink\n|-damage|p2a: Carbink|152/236 slp\n|-unboost|p1a: Hitmonchan|def|1\n|-unboost|p1a: Hitmonchan|spd|1\n|cant|p2a: Carbink|slp\n|\n|upkeep\n|turn|23\n|\n|t:|1719149525\n|move|p1a: Hitmonchan|Close Combat|p2a: Carbink\n|-damage|p2a: Carbink|70/236 slp\n|-unboost|p1a: Hitmonchan|def|1\n|-unboost|p1a: Hitmonchan|spd|1\n|-curestatus|p2a: Carbink|slp|[msg]\n|move|p2a: Carbink|Body Press|p1a: Hitmonchan\n|-damage|p1a: Hitmonchan|0 fnt\n|faint|p1a: Hitmonchan\n|\n|upkeep\n|-message|Orocan forfeited.\n|\n|win|Michielleus\n|raw|Orocan's rating: 2236 &rarr; <strong>2229</strong><br />(-7 for losing)\n|raw|Michielleus's rating: 2504 &rarr; <strong>2511</strong><br />(+7 for winning)\n|l|\u2606Orocan\n|player|p1|\n", "inputlog": ">version fa2fcbefacd9ec28b920d1fe3a63da14f50ab6c0\n>start {\"formatid\":\"gen9randombattle\",\"seed\":[50709,40077,5207,47384],\"rated\":\"Rated battle\"}\n>player p1 {\"name\":\"Orocan\",\"avatar\":\"veteran\",\"rating\":2236,\"seed\":[34354,19453,18408,3418]}\n>player p2 {\"name\":\"Michielleus\",\"avatar\":\"#michielleus\",\"rating\":2504,\"seed\":[16561,42845,38459,52254]}\n>p1 switch 2\n>p2 move bodyslam\n>p1 move rapidspin\n>p2 switch 6\n>p1 switch 4\n>p2 move beatup\n>p1 move dragondance\n>p2 move uturn\n>p2 switch 5\n>p1 move earthquake\n>p2 move bodypress\n>p1 switch 6\n>p1 move dragondance\n>p2 move rest\n>p1 move dragondance\n>p2 move irondefense\n>p1 move heatcrash\n>p2 move irondefense\n>p1 switch 5\n>p2 move bodypress\n>p1 move lusterpurge\n>p2 move bodypress\n>p1 switch 2\n>p1 move dragondance\n>p2 move bodypress\n>p1 move waterfall\n>p2 move bodypress\n>p1 switch 4\n>p1 move closecombat\n>p2 move rest\n>p1 move swordsdance\n>p2 move bodypress\n>p1 move closecombat\n>p2 move bodypress\n>p1 switch 3\n>p2 move bodypress\n>p1 move swordsdance\n>p2 move moonblast\n>p1 move swordsdance\n>p2 move moonblast\n>p1 move woodhammer\n>p2 move moonblast\n>p1 switch 3\n>p1 move swordsdance\n>p2 move rest\n>p1 move swordsdance\n>p2 move bodypress\n>p1 move closecombat\n>p2 move bodypress\n>p1 move closecombat\n>p2 move bodypress\n>forcelose p1", "uploadtime": 1719149533, "views": 210, "formatid": "gen9randombattle", "rating": 2229, "private": 0, "password": null}