{"id": "gen9randombattle-2141389872", "format": "[Gen 9] Random Battle", "players": ["Batram", "ceru\u27b7edge\u27b9"], "log": "|badge|p1|bronze|gen9randombattle|100-1\n|uhtml|medal-msg|<div class=\"broadcast-blue\">Curious what those medals under the avatar are? PS now has Ladder Seasons! For more information, check out the <a href=\"https://www.smogon.com/forums/threads/3740067/\">thread on Smogon.</a></div>\n|badge|p2|silver|gen9randombattle|30-1\n|badge|p2|gold|gen9monotype|3-1\n|badge|p2|gold|gen9ou|3-1\n|uhtml|medal-msg|<div class=\"broadcast-blue\">Curious what those medals under the avatar are? PS now has Ladder Seasons! For more information, check out the <a href=\"https://www.smogon.com/forums/threads/3740067/\">thread on Smogon.</a></div>\n|j|\u2606Batram\n|j|\u203dceru\u27b7edge\u27b9\n|t:|1718131164\n|gametype|singles\n|player|p1|Batram|170|2383\n|player|p2|ceru\u27b7edge\u27b9|boarder|2412\n|teamsize|p1|6\n|teamsize|p2|6\n|gen|9\n|tier|[Gen 9] Random Battle\n|rated|\n|rule|Species Clause: Limit one of each Pok\u00e9mon\n|rule|HP Percentage Mod: HP is shown in percentages\n|rule|Sleep Clause Mod: Limit one foe put to sleep\n|rule|Illusion Level Mod: Illusion disguises the Pok\u00e9mon's true level\n|\n|t:|1718131164\n|start\n|switch|p1a: Dialga|Dialga, L73|266/266\n|switch|p2a: Palafin|Palafin, L77, F|281/281\n|-ability|p1a: Dialga|Pressure\n|turn|1\n|inactive|Battle timer is ON: inactive players will automatically lose when time's up. (requested by ceru\u27b7edge\u27b9)\n|\n|t:|1718131177\n|detailschange|p2a: Palafin|Palafin-Hero, L77, F\n|switch|p2a: Wo-Chien|Wo-Chien, L83|277/277\n|-ability|p2a: Wo-Chien|Tablets of Ruin\n|move|p1a: Dialga|Draco Meteor|p2a: Wo-Chien\n|-damage|p2a: Wo-Chien|171/277\n|-unboost|p1a: Dialga|spa|2\n|\n|-heal|p2a: Wo-Chien|188/277|[from] item: Leftovers\n|upkeep\n|turn|2\n|\n|t:|1718131189\n|move|p1a: Dialga|Heavy Slam|p2a: Wo-Chien\n|-damage|p2a: Wo-Chien|110/277\n|move|p2a: Wo-Chien|Knock Off|p1a: Dialga\n|-damage|p1a: Dialga|181/266\n|-enditem|p1a: Dialga|Assault Vest|[from] move: Knock Off|[of] p2a: Wo-Chien\n|\n|-heal|p2a: Wo-Chien|127/277|[from] item: Leftovers\n|upkeep\n|turn|3\n|\n|t:|1718131214\n|move|p1a: Dialga|Heavy Slam|p2a: Wo-Chien\n|-damage|p2a: Wo-Chien|43/277\n|move|p2a: Wo-Chien|Leech Seed|p1a: Dialga\n|-start|p1a: Dialga|move: Leech Seed\n|\n|-heal|p2a: Wo-Chien|60/277|[from] item: Leftovers\n|-damage|p1a: Dialga|148/266|[from] Leech Seed|[of] p2a: Wo-Chien\n|-heal|p2a: Wo-Chien|93/277|[silent]\n|upkeep\n|turn|4\n|\n|t:|1718131218\n|switch|p1a: Weavile|Weavile, L79, F|239/239\n|move|p2a: Wo-Chien|Leech Seed|p1a: Weavile|[miss]\n|-miss|p2a: Wo-Chien|p1a: Weavile\n|\n|-heal|p2a: Wo-Chien|110/277|[from] item: Leftovers\n|upkeep\n|turn|5\n|\n|t:|1718131227\n|move|p2a: Wo-Chien|Protect|p2a: Wo-Chien\n|-singleturn|p2a: Wo-Chien|Protect\n|move|p1a: Weavile|Knock Off|p2a: Wo-Chien\n|-activate|p2a: Wo-Chien|move: Protect\n|\n|-heal|p2a: Wo-Chien|127/277|[from] item: Leftovers\n|upkeep\n|turn|6\n|\n|t:|1718131233\n|move|p1a: Weavile|Knock Off|p2a: Wo-Chien\n|-resisted|p2a: Wo-Chien\n|-damage|p2a: Wo-Chien|68/277\n|-enditem|p2a: Wo-Chien|Leftovers|[from] move: Knock Off|[of] p1a: Weavile\n|move|p2a: Wo-Chien|Stun Spore|p1a: Weavile\n|-status|p1a: Weavile|par\n|\n|upkeep\n|turn|7\n|\n|t:|1718131249\n|move|p2a: Wo-Chien|Leech Seed|p1a: Weavile\n|-start|p1a: Weavile|move: Leech Seed\n|move|p1a: Weavile|Knock Off|p2a: Wo-Chien\n|-resisted|p2a: Wo-Chien\n|-damage|p2a: Wo-Chien|29/277\n|\n|-damage|p1a: Weavile|210/239 par|[from] Leech Seed|[of] p2a: Wo-Chien\n|-heal|p2a: Wo-Chien|58/277|[silent]\n|upkeep\n|turn|8\n|\n|t:|1718131257\n|switch|p1a: Dialga|Dialga, L73|148/266\n|-ability|p1a: Dialga|Pressure\n|move|p2a: Wo-Chien|Leech Seed|p1a: Dialga\n|-start|p1a: Dialga|move: Leech Seed\n|\n|-damage|p1a: Dialga|115/266|[from] Leech Seed|[of] p2a: Wo-Chien\n|-heal|p2a: Wo-Chien|91/277|[silent]\n|upkeep\n|turn|9\n|\n|t:|1718131262\n|switch|p1a: Weavile|Weavile, L79, F|210/239 par\n|move|p2a: Wo-Chien|Protect||[still]\n|-fail|p2a: Wo-Chien\n|\n|upkeep\n|turn|10\n|\n|t:|1718131269\n|move|p2a: Wo-Chien|Protect|p2a: Wo-Chien\n|-singleturn|p2a: Wo-Chien|Protect\n|cant|p1a: Weavile|par\n|\n|upkeep\n|turn|11\n|\n|t:|1718131276\n|move|p2a: Wo-Chien|Leech Seed|p1a: Weavile|[miss]\n|-miss|p2a: Wo-Chien|p1a: Weavile\n|move|p1a: Weavile|Triple Axel|p2a: Wo-Chien\n|-supereffective|p2a: Wo-Chien\n|-damage|p2a: Wo-Chien|43/277\n|-hitcount|p2a: Wo-Chien|1\n|\n|upkeep\n|turn|12\n|\n|t:|1718131286\n|switch|p2a: Palafin|Palafin-Hero, L77, F|281/281\n|-activate|p2a: Palafin|ability: Zero to Hero\n|move|p1a: Weavile|Triple Axel|p2a: Palafin\n|-resisted|p2a: Palafin\n|-damage|p2a: Palafin|264/281\n|-resisted|p2a: Palafin\n|-damage|p2a: Palafin|228/281\n|-resisted|p2a: Palafin\n|-damage|p2a: Palafin|178/281\n|-hitcount|p2a: Palafin|3\n|\n|-heal|p2a: Palafin|195/281|[from] item: Leftovers\n|upkeep\n|turn|13\n|\n|t:|1718131291\n|switch|p1a: Cramorant|Cramorant, L86, F|261/261\n|move|p2a: Palafin|Bulk Up|p2a: Palafin\n|-boost|p2a: Palafin|atk|1\n|-boost|p2a: Palafin|def|1\n|\n|-heal|p2a: Palafin|212/281|[from] item: Leftovers\n|upkeep\n|turn|14\n|\n|t:|1718131297\n|move|p2a: Palafin|Bulk Up|p2a: Palafin\n|-boost|p2a: Palafin|atk|1\n|-boost|p2a: Palafin|def|1\n|move|p1a: Cramorant|Surf|p2a: Palafin\n|-formechange|p1a: Cramorant|Cramorant-Gulping|\n|-resisted|p2a: Palafin\n|-damage|p2a: Palafin|163/281\n|\n|-heal|p2a: Palafin|180/281|[from] item: Leftovers\n|upkeep\n|turn|15\n|\n|t:|1718131306\n|move|p2a: Palafin|Bulk Up|p2a: Palafin\n|-boost|p2a: Palafin|atk|1\n|-boost|p2a: Palafin|def|1\n|move|p1a: Cramorant|Surf|p2a: Palafin\n|-resisted|p2a: Palafin\n|-damage|p2a: Palafin|129/281\n|\n|-heal|p2a: Palafin|146/281|[from] item: Leftovers\n|upkeep\n|turn|16\n|\n|t:|1718131309\n|move|p2a: Palafin|Bulk Up|p2a: Palafin\n|-boost|p2a: Palafin|atk|1\n|-boost|p2a: Palafin|def|1\n|move|p1a: Cramorant|Surf|p2a: Palafin\n|-resisted|p2a: Palafin\n|-damage|p2a: Palafin|96/281\n|\n|-heal|p2a: Palafin|113/281|[from] item: Leftovers\n|upkeep\n|turn|17\n|\n|t:|1718131332\n|move|p2a: Palafin|Ice Punch|p1a: Cramorant\n|-damage|p1a: Cramorant|1/261\n|-damage|p2a: Palafin|43/281|[from] ability: Gulp Missile|[of] p1a: Cramorant\n|-unboost|p2a: Palafin|def|1\n|-formechange|p1a: Cramorant|Cramorant|\n|move|p1a: Cramorant|Surf|p2a: Palafin\n|-formechange|p1a: Cramorant|Cramorant-Gorging|\n|-resisted|p2a: Palafin\n|-damage|p2a: Palafin|0 fnt\n|faint|p2a: Palafin\n|\n|upkeep\n|j| Max Schrbr\n|inactive|ceru\u27b7edge\u27b9 has 120 seconds left.\n|\n|t:|1718131360\n|switch|p2a: Golduck|Golduck, L90, M|290/290\n|-ability|p2a: Golduck|Cloud Nine\n|turn|18\n|j| shaky3\n|\n|t:|1718131365\n|move|p2a: Golduck|Ice Beam|p1a: Cramorant\n|-damage|p1a: Cramorant|0 fnt\n|-damage|p2a: Golduck|218/290|[from] ability: Gulp Missile|[of] p1a: Cramorant\n|-status|p2a: Golduck|par\n|-formechange|p1a: Cramorant|Cramorant|\n|faint|p1a: Cramorant\n|-damage|p2a: Golduck|189/290 par|[from] item: Life Orb\n|\n|upkeep\n|\n|t:|1718131380\n|switch|p1a: Dialga|Dialga, L73|115/266\n|-ability|p1a: Dialga|Pressure\n|turn|19\n|\n|t:|1718131388\n|move|p1a: Dialga|Draco Meteor|p2a: Golduck|[miss]\n|-miss|p1a: Dialga|p2a: Golduck\n|cant|p2a: Golduck|par\n|\n|upkeep\n|turn|20\n|\n|t:|1718131392\n|move|p1a: Dialga|Draco Meteor|p2a: Golduck\n|-damage|p2a: Golduck|30/290 par\n|-unboost|p1a: Dialga|spa|2\n|move|p2a: Golduck|Ice Beam|p1a: Dialga\n|-damage|p1a: Dialga|8/266\n|-damage|p2a: Golduck|1/290 par|[from] item: Life Orb\n|\n|upkeep\n|turn|21\n|\n|t:|1718131396\n|move|p1a: Dialga|Heavy Slam|p2a: Golduck\n|-resisted|p2a: Golduck\n|-damage|p2a: Golduck|0 fnt\n|faint|p2a: Golduck\n|\n|upkeep\n|\n|t:|1718131422\n|switch|p2a: Skeledirge|Skeledirge, L79, F|294/294\n|turn|22\n|\n|t:|1718131441\n|move|p1a: Dialga|Draco Meteor|p2a: Skeledirge\n|-damage|p2a: Skeledirge|111/294\n|-unboost|p1a: Dialga|spa|2\n|move|p2a: Skeledirge|Torch Song|p1a: Dialga\n|-damage|p1a: Dialga|0 fnt\n|-boost|p2a: Skeledirge|spa|1\n|faint|p1a: Dialga\n|\n|upkeep\n|\n|t:|1718131456\n|switch|p1a: Wyrdeer|Wyrdeer, L87, F|321/321\n|-ability|p1a: Wyrdeer|Intimidate|boost\n|-unboost|p2a: Skeledirge|atk|1\n|turn|23\n|\n|t:|1718131462\n|switch|p2a: Wo-Chien|Wo-Chien, L83|43/277\n|-ability|p2a: Wo-Chien|Tablets of Ruin\n|move|p1a: Wyrdeer|Earthquake|p2a: Wo-Chien\n|-resisted|p2a: Wo-Chien\n|-damage|p2a: Wo-Chien|15/277\n|\n|upkeep\n|turn|24\n|\n|t:|1718131476\n|move|p2a: Wo-Chien|Stun Spore|p1a: Wyrdeer\n|-status|p1a: Wyrdeer|par\n|move|p1a: Wyrdeer|Earthquake|p2a: Wo-Chien\n|-resisted|p2a: Wo-Chien\n|-damage|p2a: Wo-Chien|0 fnt\n|faint|p2a: Wo-Chien\n|\n|upkeep\n|\n|t:|1718131484\n|switch|p2a: Gogoat|Gogoat, L88, M|360/360\n|turn|25\n|\n|t:|1718131504\n|move|p2a: Gogoat|Bulk Up|p2a: Gogoat\n|-boost|p2a: Gogoat|atk|1\n|-boost|p2a: Gogoat|def|1\n|move|p1a: Wyrdeer|Body Slam|p2a: Gogoat\n|-damage|p2a: Gogoat|270/360\n|\n|-heal|p2a: Gogoat|292/360|[from] item: Leftovers\n|upkeep\n|turn|26\n|\n|t:|1718131511\n|move|p2a: Gogoat|Bulk Up|p2a: Gogoat\n|-boost|p2a: Gogoat|atk|1\n|-boost|p2a: Gogoat|def|1\n|move|p1a: Wyrdeer|Body Slam|p2a: Gogoat\n|-damage|p2a: Gogoat|226/360\n|\n|-heal|p2a: Gogoat|248/360|[from] item: Leftovers\n|upkeep\n|turn|27\n|\n|t:|1718131513\n|move|p2a: Gogoat|Horn Leech|p1a: Wyrdeer\n|-damage|p1a: Wyrdeer|135/321 par\n|-heal|p2a: Gogoat|341/360|[from] drain|[of] p1a: Wyrdeer\n|move|p1a: Wyrdeer|Body Slam|p2a: Gogoat\n|-damage|p2a: Gogoat|274/360\n|\n|-heal|p2a: Gogoat|296/360|[from] item: Leftovers\n|upkeep\n|turn|28\n|\n|t:|1718131517\n|move|p2a: Gogoat|Horn Leech|p1a: Wyrdeer\n|-damage|p1a: Wyrdeer|0 fnt\n|-heal|p2a: Gogoat|360/360|[from] drain|[of] p1a: Wyrdeer\n|faint|p1a: Wyrdeer\n|\n|upkeep\n|-message|Batram forfeited.\n|\n|win|ceru\u27b7edge\u27b9\n|raw|Batram's rating: 2383 &rarr; <strong>2365</strong><br />(-18 for losing)\n|raw|ceru\u27b7edge\u27b9's rating: 2412 &rarr; <strong>2430</strong><br />(+18 for winning)\n|l|\u2606Batram\n|player|p1|\n|l| shaky3\n", "inputlog": ">version e046c5ea766451ca9500a73fe72ec774e92e6f7e\n>start {\"formatid\":\"gen9randombattle\",\"seed\":[33535,5460,41901,56697],\"rated\":\"Rated battle\"}\n>player p1 {\"name\":\"Batram\",\"avatar\":\"170\",\"rating\":2383,\"seed\":[60071,58247,39786,31309]}\n>player p2 {\"name\":\"ceru\u27b7edge\u27b9\",\"avatar\":\"boarder\",\"rating\":2412,\"seed\":[15937,5704,27569,41289]}\n>p1 move dracometeor\n>p2 switch 4\n>p1 move heavyslam\n>p2 move knockoff\n>p1 move heavyslam\n>p2 move leechseed\n>p1 switch 4\n>p2 move leechseed\n>p1 move knockoff\n>p2 move protect\n>p1 move knockoff\n>p2 move stunspore\n>p1 move knockoff\n>p2 move leechseed\n>p1 switch 4\n>p2 move leechseed\n>p1 switch 4\n>p2 move protect\n>p1 move tripleaxel\n>p2 move protect\n>p1 move tripleaxel\n>p2 move leechseed\n>p1 move tripleaxel\n>p2 switch 4\n>p1 switch 5\n>p2 move bulkup\n>p1 move surf\n>p2 move bulkup\n>p1 move surf\n>p2 move bulkup\n>p1 move surf\n>p2 move bulkup\n>p1 move surf\n>p2 move icepunch\n>p2 switch 3\n>p1 move bravebird\n>p2 move icebeam\n>p1 switch 4\n>p1 move dracometeor\n>p2 move icebeam\n>p1 move dracometeor\n>p2 move icebeam\n>p1 move heavyslam\n>p2 move icebeam\n>p2 switch 5\n>p1 move dracometeor\n>p2 move torchsong\n>p1 switch 6\n>p1 move earthquake\n>p2 switch 4\n>p1 move earthquake\n>p2 move stunspore\n>p2 switch 6\n>p1 move bodyslam\n>p2 move bulkup\n>p1 move bodyslam\n>p2 move bulkup\n>p1 move bodyslam\n>p2 move hornleech\n>p1 move bodyslam\n>p2 move hornleech\n>forcelose p1", "uploadtime": 1718131575, "views": 213, "formatid": "gen9randombattle", "rating": 2365, "private": 0, "password": null}