{"id": "gen9randombattle-2260374189", "format": "[Gen 9] Random Battle", "players": ["Johan MG", "Kiggg"], "log": "|j|\u2606Johan MG\n|j|\u2606Kiggg\n|t:|1733845301\n|gametype|singles\n|player|p1|Johan MG|red|1146\n|player|p2|Kiggg|169|1166\n|teamsize|p1|6\n|teamsize|p2|6\n|gen|9\n|tier|[Gen 9] Random Battle\n|rated|\n|rule|Species Clause: Limit one of each Pok\u00e9mon\n|rule|HP Percentage Mod: HP is shown in percentages\n|rule|Sleep Clause Mod: Limit one foe put to sleep\n|rule|Illusion Level Mod: Illusion disguises the Pok\u00e9mon's true level\n|\n|t:|1733845301\n|start\n|switch|p1a: Quagsire|Quagsire, L84, F|297/297\n|switch|p2a: Garganacl|Garganacl, L80, F|291/291\n|turn|1\n|inactive|Battle timer is ON: inactive players will automatically lose when time's up. (requested by Johan MG)\n|\n|t:|1733845317\n|move|p1a: Quagsire|Toxic|p2a: Garganacl\n|-immune|p2a: Garganacl|[from] ability: Purifying Salt\n|move|p2a: Garganacl|Salt Cure|p1a: Quagsire\n|-resisted|p1a: Quagsire\n|-damage|p1a: Quagsire|275/297\n|-start|p1a: Quagsire|Salt Cure\n|\n|-heal|p1a: Quagsire|293/297|[from] item: Leftovers\n|-damage|p1a: Quagsire|219/297|[from] Salt Cure\n|upkeep\n|turn|2\n|\n|t:|1733845338\n|switch|p2a: Glimmora|Glimmora, L75, F|248/248\n|move|p1a: Quagsire|Earthquake|p2a: Glimmora\n|-supereffective|p2a: Glimmora\n|-crit|p2a: Glimmora\n|-damage|p2a: Glimmora|0 fnt\n|-activate|p2a: Glimmora|ability: Toxic Debris\n|-sidestart|p1: Johan MG|move: Toxic Spikes\n|faint|p2a: Glimmora\n|\n|-heal|p1a: Quagsire|237/297|[from] item: Leftovers\n|-damage|p1a: Quagsire|163/297|[from] Salt Cure\n|upkeep\n|\n|t:|1733845353\n|switch|p2a: Beartic|Beartic, L91, M|321/321\n|turn|3\n|\n|t:|1733845369\n|-terastallize|p1a: Quagsire|Poison\n|move|p2a: Beartic|Icicle Crash|p1a: Quagsire\n|-damage|p1a: Quagsire|25/297\n|move|p1a: Quagsire|Recover|p1a: Quagsire\n|-heal|p1a: Quagsire|174/297\n|\n|-heal|p1a: Quagsire|192/297|[from] item: Leftovers\n|-damage|p1a: Quagsire|155/297|[from] Salt Cure\n|upkeep\n|turn|4\n|\n|t:|1733845383\n|switch|p1a: Regice|Regice, L88|284/284\n|move|p2a: Beartic|Close Combat|p1a: Regice\n|-supereffective|p1a: Regice\n|-damage|p1a: Regice|58/284\n|-unboost|p2a: Beartic|def|1\n|-unboost|p2a: Beartic|spd|1\n|\n|upkeep\n|turn|5\n|\n|t:|1733845393\n|move|p2a: Beartic|Aqua Jet|p1a: Regice\n|-damage|p1a: Regice|24/284\n|move|p1a: Regice|Thunderbolt|p2a: Beartic\n|-damage|p2a: Beartic|210/321\n|\n|upkeep\n|turn|6\n|\n|t:|1733845402\n|move|p2a: Beartic|Aqua Jet|p1a: Regice\n|-damage|p1a: Regice|0 fnt\n|faint|p1a: Regice\n|\n|upkeep\n|\n|t:|1733845405\n|switch|p1a: Quagsire|Quagsire, L84, F, tera:Poison|155/297\n|-sideend|p1: Johan MG|move: Toxic Spikes|[of] p1a: Quagsire\n|turn|7\n|\n|t:|1733845414\n|switch|p1a: Terrakion|Terrakion, L79|273/273\n|move|p2a: Beartic|Snowscape|p2a: Beartic\n|-weather|Snow\n|\n|-weather|Snow|[upkeep]\n|upkeep\n|turn|8\n|\n|t:|1733845422\n|move|p2a: Beartic|Icicle Crash|p1a: Terrakion\n|-damage|p1a: Terrakion|123/273\n|move|p1a: Terrakion|Swords Dance|p1a: Terrakion\n|-boost|p1a: Terrakion|atk|2\n|\n|-weather|Snow|[upkeep]\n|upkeep\n|turn|9\n|\n|t:|1733845430\n|move|p2a: Beartic|Icicle Crash|p1a: Terrakion|[miss]\n|-miss|p2a: Beartic|p1a: Terrakion\n|move|p1a: Terrakion|Close Combat|p2a: Beartic\n|-supereffective|p2a: Beartic\n|-damage|p2a: Beartic|0 fnt\n|-unboost|p1a: Terrakion|def|1\n|-unboost|p1a: Terrakion|spd|1\n|faint|p2a: Beartic\n|-damage|p1a: Terrakion|96/273|[from] item: Life Orb\n|\n|-weather|Snow|[upkeep]\n|upkeep\n|\n|t:|1733845450\n|switch|p2a: Garganacl|Garganacl, L80, F|291/291\n|turn|10\n|\n|t:|1733845462\n|move|p1a: Terrakion|Close Combat|p2a: Garganacl\n|-supereffective|p2a: Garganacl\n|-damage|p2a: Garganacl|0 fnt\n|-unboost|p1a: Terrakion|def|1\n|-unboost|p1a: Terrakion|spd|1\n|faint|p2a: Garganacl\n|-damage|p1a: Terrakion|69/273|[from] item: Life Orb\n|\n|-weather|Snow|[upkeep]\n|upkeep\n|\n|t:|1733845474\n|switch|p2a: Sandy Shocks|Sandy Shocks, L80|267/267\n|turn|11\n|\n|t:|1733845485\n|-terastallize|p2a: Sandy Shocks|Grass\n|move|p1a: Terrakion|Earthquake|p2a: Sandy Shocks\n|-resisted|p2a: Sandy Shocks\n|-damage|p2a: Sandy Shocks|168/267\n|-damage|p1a: Terrakion|42/273|[from] item: Life Orb\n|move|p2a: Sandy Shocks|Earth Power|p1a: Terrakion\n|-supereffective|p1a: Terrakion\n|-damage|p1a: Terrakion|0 fnt\n|faint|p1a: Terrakion\n|\n|-weather|none\n|-heal|p2a: Sandy Shocks|184/267|[from] item: Leftovers\n|upkeep\n|\n|t:|1733845497\n|switch|p1a: Quagsire|Quagsire, L84, F, tera:Poison|155/297\n|turn|12\n|\n|t:|1733845500\n|move|p2a: Sandy Shocks|Spikes|p1a: Quagsire\n|-sidestart|p1: Johan MG|Spikes\n|move|p1a: Quagsire|Ice Beam|p2a: Sandy Shocks\n|-supereffective|p2a: Sandy Shocks\n|-damage|p2a: Sandy Shocks|78/267\n|\n|-heal|p2a: Sandy Shocks|94/267|[from] item: Leftovers\n|-heal|p1a: Quagsire|173/297|[from] item: Leftovers\n|upkeep\n|turn|13\n|\n|t:|1733845512\n|move|p2a: Sandy Shocks|Thunderbolt|p1a: Quagsire\n|-damage|p1a: Quagsire|32/297\n|move|p1a: Quagsire|Ice Beam|p2a: Sandy Shocks\n|-supereffective|p2a: Sandy Shocks\n|-damage|p2a: Sandy Shocks|0 fnt\n|faint|p2a: Sandy Shocks\n|-end|p2a: Sandy Shocks|Protosynthesis|[silent]\n|\n|-heal|p1a: Quagsire|50/297|[from] item: Leftovers\n|upkeep\n|\n|t:|1733845525\n|switch|p2a: Braviary|Braviary-Hisui, L85, M|326/326\n|turn|14\n|\n|t:|1733845531\n|move|p2a: Braviary|Hurricane|p1a: Quagsire\n|-damage|p1a: Quagsire|0 fnt\n|faint|p1a: Quagsire\n|\n|upkeep\n|\n|t:|1733845538\n|switch|p1a: Rotom|Rotom-Fan, L86|226/226\n|turn|15\n|\n|t:|1733845543\n|switch|p2a: Mew|Mew, L82|298/298\n|move|p1a: Rotom|Thunderbolt|p2a: Mew\n|-damage|p2a: Mew|192/298\n|\n|-heal|p2a: Mew|210/298|[from] item: Leftovers\n|upkeep\n|turn|16\n|\n|t:|1733845556\n|move|p2a: Mew|Knock Off|p1a: Rotom\n|-damage|p1a: Rotom|170/226\n|-enditem|p1a: Rotom|Heavy-Duty Boots|[from] move: Knock Off|[of] p2a: Mew\n|move|p1a: Rotom|Will-O-Wisp|p2a: Mew\n|-status|p2a: Mew|brn\n|-activate|p2a: Mew|ability: Synchronize\n|-status|p1a: Rotom|brn\n|\n|-heal|p2a: Mew|228/298 brn|[from] item: Leftovers\n|-damage|p2a: Mew|210/298 brn|[from] brn\n|-damage|p1a: Rotom|156/226 brn|[from] brn\n|upkeep\n|turn|17\n|\n|t:|1733845571\n|move|p2a: Mew|Psychic Noise|p1a: Rotom\n|-damage|p1a: Rotom|95/226 brn\n|-start|p1a: Rotom|move: Heal Block\n|move|p1a: Rotom|Thunderbolt|p2a: Mew\n|-damage|p2a: Mew|119/298 brn\n|\n|-heal|p2a: Mew|137/298 brn|[from] item: Leftovers\n|-damage|p2a: Mew|119/298 brn|[from] brn\n|-damage|p1a: Rotom|81/226 brn|[from] brn\n|upkeep\n|turn|18\n|\n|t:|1733845586\n|move|p2a: Mew|Psychic Noise|p1a: Rotom\n|-damage|p1a: Rotom|15/226 brn\n|move|p1a: Rotom|Thunderbolt|p2a: Mew\n|-damage|p2a: Mew|17/298 brn\n|\n|-heal|p2a: Mew|35/298 brn|[from] item: Leftovers\n|-damage|p2a: Mew|17/298 brn|[from] brn\n|-damage|p1a: Rotom|1/226 brn|[from] brn\n|-end|p1a: Rotom|move: Heal Block\n|upkeep\n|turn|19\n|\n|t:|1733845599\n|move|p2a: Mew|U-turn|p1a: Rotom\n|-resisted|p1a: Rotom\n|-damage|p1a: Rotom|0 fnt\n|faint|p1a: Rotom\n|\n|t:|1733845604\n|switch|p2a: Braviary|Braviary-Hisui, L85, M|326/326|[from] U-turn\n|\n|upkeep\n|\n|t:|1733845612\n|switch|p1a: Diancie|Diancie, L82|216/216\n|-damage|p1a: Diancie|189/216|[from] Spikes\n|turn|20\n|\n|t:|1733845624\n|move|p2a: Braviary|Esper Wing|p1a: Diancie\n|-damage|p1a: Diancie|126/216\n|-boost|p2a: Braviary|spe|1\n|move|p1a: Diancie|Diamond Storm|p2a: Braviary\n|-supereffective|p2a: Braviary\n|-damage|p2a: Braviary|86/326\n|\n|-heal|p1a: Diancie|139/216|[from] item: Leftovers\n|upkeep\n|turn|21\n|inactive|Kiggg has 120 seconds left.\n|\n|t:|1733845657\n|move|p2a: Braviary|Esper Wing|p1a: Diancie\n|-crit|p1a: Diancie\n|-damage|p1a: Diancie|39/216\n|-boost|p2a: Braviary|spe|1\n|move|p1a: Diancie|Diamond Storm|p2a: Braviary\n|-supereffective|p2a: Braviary\n|-damage|p2a: Braviary|0 fnt\n|faint|p2a: Braviary\n|\n|-heal|p1a: Diancie|52/216|[from] item: Leftovers\n|upkeep\n|\n|t:|1733845661\n|switch|p2a: Mew|Mew, L82|17/298 brn\n|turn|22\n|\n|t:|1733845665\n|move|p2a: Mew|Will-O-Wisp|p1a: Diancie\n|-status|p1a: Diancie|brn\n|move|p1a: Diancie|Diamond Storm|p2a: Mew\n|-damage|p2a: Mew|0 fnt\n|-boost|p1a: Diancie|def|2\n|faint|p2a: Mew\n|\n|win|Johan MG\n|raw|Johan MG's rating: 1146 &rarr; <strong>1172</strong><br />(+26 for winning)\n|raw|Kiggg's rating: 1166 &rarr; <strong>1140</strong><br />(-26 for losing)\n", "inputlog": ">version bfd83cad13791eb5a5a409923076391caf6fb4d4\n>start {\"formatid\":\"gen9randombattle\",\"seed\":[63621,17219,25336,15280],\"rated\":\"Rated battle\"}\n>player p1 {\"name\":\"Johan MG\",\"avatar\":\"red\",\"rating\":1146,\"seed\":[58763,57146,29565,29755]}\n>player p2 {\"name\":\"Kiggg\",\"avatar\":\"169\",\"rating\":1166,\"seed\":[15518,36826,54676,57571]}\n>p1 move toxic\n>p2 move saltcure\n>p1 move earthquake\n>p2 switch 2\n>p2 switch 6\n>p1 move recover terastallize\n>p2 move iciclecrash\n>p1 switch 3\n>p2 move closecombat\n>p1 move thunderbolt\n>p2 move aquajet\n>p1 move rest\n>p2 move aquajet\n>p1 switch 3\n>p1 switch 4\n>p2 move snowscape\n>p1 move swordsdance\n>p2 move iciclecrash\n>p1 move closecombat\n>p2 move iciclecrash\n>p2 switch 2\n>p1 move closecombat\n>p2 move bodypress\n>p2 switch 3\n>p1 move earthquake\n>p2 move earthpower terastallize\n>p1 switch 4\n>p1 move icebeam\n>p2 move spikes\n>p1 move icebeam\n>p2 move thunderbolt\n>p2 switch 4\n>p1 move icebeam\n>p2 move hurricane\n>p1 switch 5\n>p1 move thunderbolt\n>p2 switch 5\n>p1 move willowisp\n>p2 move knockoff\n>p1 move thunderbolt\n>p2 move psychicnoise\n>p1 move thunderbolt\n>p2 move psychicnoise\n>p1 move thunderbolt\n>p2 move uturn\n>p2 switch 5\n>p1 switch 6\n>p1 move diamondstorm\n>p2 move esperwing\n>p1 move diamondstorm\n>p2 move esperwing\n>p2 switch 5\n>p1 move diamondstorm\n>p2 move willowisp", "uploadtime": 1733845675, "views": 1, "formatid": "gen9randombattle", "rating": 1140, "private": 0, "password": null}