{"id": "gen9randombattle-2260839745", "format": "[Gen 9] Random Battle", "players": ["Adamsville", "pisspoo"], "log": "|j|\u2606Adamsville\n|j|\u2606pisspoo\n|t:|1733901874\n|gametype|singles\n|player|p1|Adamsville|smasher|1472\n|player|p2|pisspoo|169|1501\n|teamsize|p1|6\n|teamsize|p2|6\n|gen|9\n|tier|[Gen 9] Random Battle\n|rated|\n|rule|Species Clause: Limit one of each Pok\u00e9mon\n|rule|HP Percentage Mod: HP is shown in percentages\n|rule|Sleep Clause Mod: Limit one foe put to sleep\n|rule|Illusion Level Mod: Illusion disguises the Pok\u00e9mon's true level\n|\n|t:|1733901874\n|start\n|switch|p1a: Jolteon|Jolteon, L84, F|246/246\n|switch|p2a: Cetitan|Cetitan, L82, M|412/412\n|turn|1\n|\n|t:|1733901897\n|switch|p1a: Carbink|Carbink, L90|236/236\n|move|p2a: Cetitan|Belly Drum|p2a: Cetitan\n|-damage|p2a: Cetitan|206/412\n|-setboost|p2a: Cetitan|atk|6|[from] move: Belly Drum\n|-enditem|p2a: Cetitan|Sitrus Berry|[eat]\n|-heal|p2a: Cetitan|309/412|[from] item: Sitrus Berry\n|\n|upkeep\n|turn|2\n|\n|t:|1733901907\n|move|p2a: Cetitan|Earthquake|p1a: Carbink\n|-supereffective|p1a: Carbink\n|-ability|p1a: Carbink|Sturdy\n|-damage|p1a: Carbink|1/236\n|move|p1a: Carbink|Body Press|p2a: Cetitan\n|-supereffective|p2a: Cetitan\n|-damage|p2a: Cetitan|71/412\n|\n|-heal|p1a: Carbink|15/236|[from] item: Leftovers\n|upkeep\n|turn|3\n|\n|t:|1733901915\n|move|p2a: Cetitan|Earthquake|p1a: Carbink\n|-supereffective|p1a: Carbink\n|-damage|p1a: Carbink|0 fnt\n|faint|p1a: Carbink\n|\n|upkeep\n|\n|t:|1733901922\n|switch|p1a: Arceus|Arceus-Fire, L72|291/291\n|turn|4\n|\n|t:|1733901933\n|move|p2a: Cetitan|Ice Shard|p1a: Arceus\n|-resisted|p1a: Arceus\n|-damage|p1a: Arceus|206/291\n|move|p1a: Arceus|Energy Ball|p2a: Cetitan\n|-damage|p2a: Cetitan|0 fnt\n|faint|p2a: Cetitan\n|\n|upkeep\n|\n|t:|1733901946\n|switch|p2a: Qwilfish|Qwilfish, L86, F|252/252\n|-ability|p2a: Qwilfish|Intimidate|boost\n|-unboost|p1a: Arceus|atk|1\n|turn|5\n|\n|t:|1733901953\n|switch|p1a: Vaporeon|Vaporeon, L86, F|364/364\n|move|p2a: Qwilfish|Flip Turn|p1a: Vaporeon\n|-immune|p1a: Vaporeon|[from] ability: Water Absorb\n|\n|upkeep\n|turn|6\n|\n|t:|1733901958\n|move|p2a: Qwilfish|Thunder Wave|p1a: Vaporeon\n|-status|p1a: Vaporeon|par\n|move|p1a: Vaporeon|Calm Mind|p1a: Vaporeon\n|-boost|p1a: Vaporeon|spa|1\n|-boost|p1a: Vaporeon|spd|1\n|\n|upkeep\n|turn|7\n|\n|t:|1733901969\n|move|p2a: Qwilfish|Gunk Shot|p1a: Vaporeon\n|-damage|p1a: Vaporeon|192/364 par\n|move|p1a: Vaporeon|Calm Mind|p1a: Vaporeon\n|-boost|p1a: Vaporeon|spa|1\n|-boost|p1a: Vaporeon|spd|1\n|\n|-heal|p1a: Vaporeon|214/364 par|[from] item: Leftovers\n|upkeep\n|turn|8\n|\n|t:|1733901977\n|switch|p2a: Volcanion|Volcanion, L79|256/256\n|move|p1a: Vaporeon|Wish|p1a: Vaporeon\n|\n|-heal|p1a: Vaporeon|236/364 par|[from] item: Leftovers\n|upkeep\n|turn|9\n|\n|t:|1733901986\n|switch|p1a: Jolteon|Jolteon, L84, F|246/246\n|move|p2a: Volcanion|Steam Eruption|p1a: Jolteon\n|-damage|p1a: Jolteon|117/246\n|\n|-heal|p1a: Jolteon|246/246|[from] move: Wish|[wisher] Vaporeon\n|upkeep\n|turn|10\n|\n|t:|1733902001\n|switch|p2a: Hydreigon|Hydreigon, L79, M|275/275\n|move|p1a: Jolteon|Calm Mind|p1a: Jolteon\n|-boost|p1a: Jolteon|spa|1\n|-boost|p1a: Jolteon|spd|1\n|\n|upkeep\n|turn|11\n|\n|t:|1733902007\n|move|p1a: Jolteon|Alluring Voice|p2a: Hydreigon\n|-supereffective|p2a: Hydreigon\n|-damage|p2a: Hydreigon|0 fnt\n|faint|p2a: Hydreigon\n|-damage|p1a: Jolteon|222/246|[from] item: Life Orb\n|\n|upkeep\n|\n|t:|1733902013\n|switch|p2a: Chesnaught|Chesnaught, L84, M|285/285\n|turn|12\n|\n|t:|1733902016\n|move|p1a: Jolteon|Alluring Voice|p2a: Chesnaught\n|-supereffective|p2a: Chesnaught\n|-damage|p2a: Chesnaught|25/285\n|-damage|p1a: Jolteon|198/246|[from] item: Life Orb\n|move|p2a: Chesnaught|Trailblaze|p1a: Jolteon\n|-damage|p1a: Jolteon|120/246\n|-boost|p2a: Chesnaught|spe|1\n|\n|-heal|p2a: Chesnaught|42/285|[from] item: Leftovers\n|upkeep\n|turn|13\n|\n|t:|1733902026\n|switch|p2a: Iron Crown|Iron Crown, L78|268/268\n|move|p1a: Jolteon|Alluring Voice|p2a: Iron Crown\n|-resisted|p2a: Iron Crown\n|-damage|p2a: Iron Crown|215/268\n|-damage|p1a: Jolteon|96/246|[from] item: Life Orb\n|\n|-heal|p2a: Iron Crown|231/268|[from] item: Leftovers\n|upkeep\n|turn|14\n|\n|t:|1733902039\n|switch|p1a: Arceus|Arceus-Fire, L72|206/291\n|move|p2a: Iron Crown|Psyshock|p1a: Arceus\n|-damage|p1a: Arceus|130/291\n|\n|-heal|p2a: Iron Crown|247/268|[from] item: Leftovers\n|upkeep\n|turn|15\n|\n|t:|1733902046\n|-end|p2a: Iron Crown|Quark Drive|[silent]\n|switch|p2a: Volcanion|Volcanion, L79|256/256\n|move|p1a: Arceus|Recover|p1a: Arceus\n|-heal|p1a: Arceus|276/291\n|\n|upkeep\n|turn|16\n|\n|t:|1733902052\n|switch|p1a: Vaporeon|Vaporeon, L86, F|236/364 par\n|move|p2a: Volcanion|Steam Eruption|p1a: Vaporeon\n|-heal|p1a: Vaporeon|327/364 par|[from] ability: Water Absorb|[of] p2a: Volcanion\n|\n|-heal|p1a: Vaporeon|349/364 par|[from] item: Leftovers\n|upkeep\n|turn|17\n|\n|t:|1733902059\n|move|p2a: Volcanion|Sludge Bomb|p1a: Vaporeon\n|-damage|p1a: Vaporeon|289/364 par\n|cant|p1a: Vaporeon|par\n|\n|-heal|p1a: Vaporeon|311/364 par|[from] item: Leftovers\n|upkeep\n|turn|18\n|\n|t:|1733902065\n|move|p2a: Volcanion|Sludge Bomb|p1a: Vaporeon\n|-damage|p1a: Vaporeon|250/364 par\n|move|p1a: Vaporeon|Wish|p1a: Vaporeon\n|\n|-heal|p1a: Vaporeon|272/364 par|[from] item: Leftovers\n|upkeep\n|turn|19\n|\n|t:|1733902078\n|switch|p1a: Haxorus|Haxorus, L77, M|244/244\n|-ability|p1a: Haxorus|Mold Breaker\n|move|p2a: Volcanion|Steam Eruption|p1a: Haxorus\n|-resisted|p1a: Haxorus\n|-damage|p1a: Haxorus|159/244\n|\n|-heal|p1a: Haxorus|244/244|[from] move: Wish|[wisher] Vaporeon\n|upkeep\n|turn|20\n|c|\u2606pisspoo|nice teams\n|c|\u2606pisspoo|bullshit ass\n|l|\u2606pisspoo\n|player|p2|\n|j|\u2606pisspoo\n|player|p2|pisspoo|169|\n|inactive|Battle timer is ON: inactive players will automatically lose when time's up. (requested by Adamsville)\n|l|\u2606pisspoo\n|inactive|pisspoo disconnected and has a minute to reconnect!\n|player|p2|\n|inactive|pisspoo has 30 seconds to reconnect!\n|inactive|pisspoo has 20 seconds to reconnect!\n|inactive|pisspoo has 15 seconds to reconnect!\n|inactive|pisspoo has 10 seconds to reconnect!\n|inactive|pisspoo has 5 seconds to reconnect!\n|-message|pisspoo lost due to inactivity.\n|\n|win|Adamsville\n", "inputlog": ">version bfd83cad13791eb5a5a409923076391caf6fb4d4\n>start {\"formatid\":\"gen9randombattle\",\"seed\":[26838,13350,23102,4083],\"rated\":\"Rated battle\"}\n>player p1 {\"name\":\"Adamsville\",\"avatar\":\"smasher\",\"rating\":1472,\"seed\":[15363,56954,27283,7115]}\n>player p2 {\"name\":\"pisspoo\",\"avatar\":\"169\",\"rating\":1501,\"seed\":[43297,40739,13859,30415]}\n>p1 switch 4\n>p2 move bellydrum\n>p1 move bodypress\n>p2 move earthquake\n>p1 move bodypress\n>p2 move earthquake\n>p1 switch 3\n>p1 move energyball\n>p2 move iceshard\n>p2 switch 6\n>p1 switch 6\n>p2 move flipturn\n>p1 move calmmind\n>p2 move thunderwave\n>p1 move calmmind\n>p2 move gunkshot\n>p1 move wish\n>p2 switch 2\n>p1 switch 4\n>p2 move steameruption\n>p1 move calmmind\n>p2 switch 3\n>p1 move alluringvoice\n>p2 move uturn\n>p2 switch 5\n>p1 move alluringvoice\n>p2 move trailblaze\n>p1 move alluringvoice\n>p2 switch 4\n>p1 switch 6\n>p2 move psyshock\n>p1 move recover\n>p2 switch 3\n>p1 switch 4\n>p2 move steameruption\n>p1 move wish\n>p2 move sludgebomb\n>p1 move wish\n>p2 move sludgebomb\n>p1 switch 2\n>p2 move steameruption\n>chat \u2606pisspoo|nice teams\n>chat \u2606pisspoo|bullshit ass\n>forcelose p2", "uploadtime": 1733902093, "views": 1, "formatid": "gen9randombattle", "rating": null, "private": 0, "password": null}