{"id": "gen9randombattle-2260643319", "format": "[Gen 9] Random Battle", "players": ["SchrodingersBalls", "Dracohdz"], "log": "|j|\u2606SchrodingersBalls\n|j|\u2606Dracohdz\n|t:|1733872947\n|gametype|singles\n|player|p1|SchrodingersBalls|pokemonranger|1905\n|player|p2|Dracohdz|guitarist|1893\n|teamsize|p1|6\n|teamsize|p2|6\n|gen|9\n|tier|[Gen 9] Random Battle\n|rated|\n|rule|Species Clause: Limit one of each Pok\u00e9mon\n|rule|HP Percentage Mod: HP is shown in percentages\n|rule|Sleep Clause Mod: Limit one foe put to sleep\n|rule|Illusion Level Mod: Illusion disguises the Pok\u00e9mon's true level\n|\n|t:|1733872947\n|start\n|switch|p1a: Flapple|Flapple, L88, F|266/266\n|switch|p2a: Froslass|Froslass, L87, F|263/263\n|turn|1\n|inactive|Battle timer is ON: inactive players will automatically lose when time's up. (requested by Dracohdz)\n|\n|t:|1733872971\n|switch|p1a: Slowking|Slowking, L88, M|310/310\n|move|p2a: Froslass|Will-O-Wisp|p1a: Slowking|[miss]\n|-miss|p2a: Froslass|p1a: Slowking\n|\n|upkeep\n|turn|2\n|\n|t:|1733872995\n|switch|p1a: Wyrdeer|Wyrdeer, L87, F|321/321\n|-ability|p1a: Wyrdeer|Intimidate|boost\n|-unboost|p2a: Froslass|atk|1\n|move|p2a: Froslass|Poltergeist|p1a: Wyrdeer\n|-immune|p1a: Wyrdeer\n|\n|upkeep\n|turn|3\n|\n|t:|1733873005\n|move|p2a: Froslass|Will-O-Wisp|p1a: Wyrdeer\n|-status|p1a: Wyrdeer|brn\n|move|p1a: Wyrdeer|Psychic Noise|p2a: Froslass\n|-damage|p2a: Froslass|154/263\n|-start|p2a: Froslass|move: Heal Block\n|\n|-damage|p1a: Wyrdeer|301/321 brn|[from] brn\n|upkeep\n|turn|4\n|\n|t:|1733873016\n|move|p2a: Froslass|Spikes|p1a: Wyrdeer\n|-sidestart|p1: SchrodingersBalls|Spikes\n|move|p1a: Wyrdeer|Psychic Noise|p2a: Froslass\n|-damage|p2a: Froslass|46/263\n|-start|p1a: Wyrdeer|Disable|Psychic Noise|[from] ability: Cursed Body|[of] p2a: Froslass\n|\n|-damage|p1a: Wyrdeer|281/321 brn|[from] brn\n|-end|p2a: Froslass|move: Heal Block\n|upkeep\n|turn|5\n|\n|t:|1733873025\n|move|p2a: Froslass|Spikes|p1a: Wyrdeer\n|-sidestart|p1: SchrodingersBalls|Spikes\n|move|p1a: Wyrdeer|Thunderbolt|p2a: Froslass\n|-damage|p2a: Froslass|0 fnt\n|faint|p2a: Froslass\n|\n|-damage|p1a: Wyrdeer|261/321 brn|[from] brn\n|upkeep\n|\n|t:|1733873041\n|switch|p2a: Crabominable|Crabominable, L90, M|321/321\n|turn|6\n|\n|t:|1733873063\n|switch|p1a: Okidogi|Okidogi, L77, M|262/262\n|-damage|p1a: Okidogi|219/262|[from] Spikes\n|move|p2a: Crabominable|Knock Off|p1a: Okidogi\n|-resisted|p1a: Okidogi\n|-damage|p1a: Okidogi|177/262\n|-enditem|p1a: Okidogi|Leftovers|[from] move: Knock Off|[of] p2a: Crabominable\n|\n|upkeep\n|turn|7\n|\n|t:|1733873073\n|move|p1a: Okidogi|Knock Off|p2a: Crabominable\n|-resisted|p2a: Crabominable\n|-damage|p2a: Crabominable|284/321\n|-status|p2a: Crabominable|tox|[from] ability: Toxic Chain|[of] p1a: Okidogi\n|-enditem|p2a: Crabominable|Assault Vest|[from] move: Knock Off|[of] p1a: Okidogi\n|move|p2a: Crabominable|Earthquake|p1a: Okidogi\n|-supereffective|p1a: Okidogi\n|-damage|p1a: Okidogi|0 fnt\n|faint|p1a: Okidogi\n|\n|-damage|p2a: Crabominable|264/321 tox|[from] psn\n|upkeep\n|\n|t:|1733873092\n|switch|p1a: Staraptor|Staraptor, L79, M|263/263\n|turn|8\n|\n|t:|1733873098\n|switch|p2a: Sandy Shocks|Sandy Shocks, L80|267/267\n|move|p1a: Staraptor|Brave Bird|p2a: Sandy Shocks\n|-resisted|p2a: Sandy Shocks\n|-damage|p2a: Sandy Shocks|144/267\n|-damage|p1a: Staraptor|222/263|[from] Recoil\n|\n|-heal|p2a: Sandy Shocks|160/267|[from] item: Leftovers\n|upkeep\n|turn|9\n|\n|t:|1733873114\n|switch|p1a: Kilowattrel|Kilowattrel, L83, F|252/252\n|move|p2a: Sandy Shocks|Stealth Rock|p1a: Kilowattrel\n|-sidestart|p1: SchrodingersBalls|move: Stealth Rock\n|\n|-heal|p2a: Sandy Shocks|176/267|[from] item: Leftovers\n|upkeep\n|turn|10\n|\n|t:|1733873122\n|-end|p2a: Sandy Shocks|Protosynthesis|[silent]\n|switch|p2a: Crabominable|Crabominable, L90, M|264/321 tox\n|move|p1a: Kilowattrel|Hurricane|p2a: Crabominable\n|-supereffective|p2a: Crabominable\n|-damage|p2a: Crabominable|0 fnt\n|faint|p2a: Crabominable\n|\n|upkeep\n|\n|t:|1733873131\n|switch|p2a: Cinccino|Cinccino, L83, M|260/260\n|turn|11\n|\n|t:|1733873140\n|move|p1a: Kilowattrel|U-turn|p2a: Cinccino\n|-damage|p2a: Cinccino|208/260\n|\n|t:|1733873142\n|switch|p1a: Wyrdeer|Wyrdeer, L87, F|261/321 brn|[from] U-turn\n|-damage|p1a: Wyrdeer|208/321 brn|[from] Spikes\n|-damage|p1a: Wyrdeer|168/321 brn|[from] Stealth Rock\n|-ability|p1a: Wyrdeer|Intimidate|boost\n|-unboost|p2a: Cinccino|atk|1\n|move|p2a: Cinccino|Triple Axel|p1a: Wyrdeer\n|-damage|p1a: Wyrdeer|152/321 brn\n|-damage|p1a: Wyrdeer|122/321 brn\n|-damage|p1a: Wyrdeer|80/321 brn\n|-hitcount|p1a: Wyrdeer|3\n|\n|-damage|p1a: Wyrdeer|60/321 brn|[from] brn\n|upkeep\n|turn|12\n|\n|t:|1733873156\n|move|p2a: Cinccino|Bullet Seed|p1a: Wyrdeer\n|-damage|p1a: Wyrdeer|39/321 brn\n|-damage|p1a: Wyrdeer|20/321 brn\n|-damage|p1a: Wyrdeer|1/321 brn\n|-damage|p1a: Wyrdeer|0 fnt\n|faint|p1a: Wyrdeer\n|-hitcount|p1: Wyrdeer|4\n|\n|upkeep\n|\n|t:|1733873163\n|switch|p1a: Kilowattrel|Kilowattrel, L83, F|252/252\n|turn|13\n|\n|t:|1733873173\n|switch|p2a: Palossand|Palossand, L89, M|296/296\n|move|p1a: Kilowattrel|U-turn|p2a: Palossand\n|-resisted|p2a: Palossand\n|-damage|p2a: Palossand|281/296\n|\n|t:|1733873185\n|switch|p1a: Flapple|Flapple, L88, F|266/266|[from] U-turn\n|-damage|p1a: Flapple|222/266|[from] Spikes\n|-damage|p1a: Flapple|189/266|[from] Stealth Rock\n|\n|-heal|p2a: Palossand|296/296|[from] item: Leftovers\n|upkeep\n|turn|14\n|\n|t:|1733873193\n|-terastallize|p2a: Palossand|Poison\n|move|p1a: Flapple|Dragon Dance|p1a: Flapple\n|-boost|p1a: Flapple|atk|1\n|-boost|p1a: Flapple|spe|1\n|move|p2a: Palossand|Sludge Bomb|p1a: Flapple\n|-supereffective|p1a: Flapple\n|-damage|p1a: Flapple|0 fnt\n|faint|p1a: Flapple\n|\n|upkeep\n|\n|t:|1733873196\n|switch|p1a: Slowking|Slowking, L88, M|310/310\n|turn|15\n|\n|t:|1733873204\n|switch|p2a: Whimsicott|Whimsicott, L85, M|241/241\n|move|p1a: Slowking|Future Sight|p2a: Whimsicott\n|-start|p1a: Slowking|move: Future Sight\n|\n|upkeep\n|turn|16\n|\n|t:|1733873216\n|move|p2a: Whimsicott|Moonblast|p1a: Slowking\n|-damage|p1a: Slowking|234/310\n|-unboost|p1a: Slowking|spa|1\n|move|p1a: Slowking|Chilly Reception|p1a: Slowking\n|-weather|Snow\n|\n|t:|1733873226\n|switch|p1a: Kilowattrel|Kilowattrel, L83, F|252/252|[from] Chilly Reception\n|\n|-weather|Snow|[upkeep]\n|upkeep\n|turn|17\n|\n|t:|1733873234\n|move|p1a: Kilowattrel|Hurricane|p2a: Whimsicott|[miss]\n|-miss|p1a: Kilowattrel|p2a: Whimsicott\n|move|p2a: Whimsicott|Moonblast|p1a: Kilowattrel\n|-damage|p1a: Kilowattrel|134/252\n|\n|-weather|Snow|[upkeep]\n|-end|p2a: Whimsicott|move: Future Sight\n|-crit|p2a: Whimsicott\n|-damage|p2a: Whimsicott|10/241\n|upkeep\n|turn|18\n|\n|t:|1733873243\n|move|p1a: Kilowattrel|Roost|p1a: Kilowattrel\n|-heal|p1a: Kilowattrel|252/252\n|-singleturn|p1a: Kilowattrel|move: Roost\n|move|p2a: Whimsicott|Moonblast|p1a: Kilowattrel\n|-damage|p1a: Kilowattrel|125/252\n|-unboost|p1a: Kilowattrel|spa|1\n|\n|-weather|Snow|[upkeep]\n|upkeep\n|turn|19\n|\n|t:|1733873252\n|move|p1a: Kilowattrel|U-turn|p2a: Whimsicott\n|-damage|p2a: Whimsicott|0 fnt\n|faint|p2a: Whimsicott\n|\n|t:|1733873267\n|switch|p1a: Slowking|Slowking, L88, M|310/310|[from] U-turn\n|\n|-weather|Snow|[upkeep]\n|upkeep\n|\n|t:|1733873276\n|switch|p2a: Cinccino|Cinccino, L83, M|208/260\n|turn|20\n|\n|t:|1733873281\n|move|p2a: Cinccino|Bullet Seed|p1a: Slowking\n|-supereffective|p1a: Slowking\n|-damage|p1a: Slowking|256/310\n|-supereffective|p1a: Slowking\n|-damage|p1a: Slowking|200/310\n|-supereffective|p1a: Slowking\n|-damage|p1a: Slowking|152/310\n|-supereffective|p1a: Slowking\n|-damage|p1a: Slowking|100/310\n|-supereffective|p1a: Slowking\n|-damage|p1a: Slowking|48/310\n|-hitcount|p1a: Slowking|5\n|move|p1a: Slowking|Scald|p2a: Cinccino\n|-damage|p2a: Cinccino|90/260\n|\n|-weather|none\n|upkeep\n|turn|21\n|\n|t:|1733873299\n|move|p2a: Cinccino|Tail Slap|p1a: Slowking\n|-damage|p1a: Slowking|12/310\n|-damage|p1a: Slowking|0 fnt\n|faint|p1a: Slowking\n|-hitcount|p1: Slowking|2\n|\n|upkeep\n|\n|t:|1733873301\n|switch|p1a: Kilowattrel|Kilowattrel, L83, F|125/252\n|turn|22\n|\n|t:|1733873308\n|switch|p2a: Palossand|Palossand, L89, M, tera:Poison|296/296\n|move|p1a: Kilowattrel|Thunderbolt|p2a: Palossand\n|-damage|p2a: Palossand|196/296\n|\n|-heal|p2a: Palossand|214/296|[from] item: Leftovers\n|upkeep\n|turn|23\n|\n|t:|1733873327\n|-terastallize|p1a: Kilowattrel|Steel\n|move|p1a: Kilowattrel|Hurricane|p2a: Palossand\n|-crit|p2a: Palossand\n|-damage|p2a: Palossand|15/296\n|move|p2a: Palossand|Earth Power|p1a: Kilowattrel\n|-supereffective|p1a: Kilowattrel\n|-damage|p1a: Kilowattrel|0 fnt\n|faint|p1a: Kilowattrel\n|\n|-heal|p2a: Palossand|33/296|[from] item: Leftovers\n|upkeep\n|-message|SchrodingersBalls forfeited.\n|\n|win|Dracohdz\n|raw|SchrodingersBalls's rating: 1905 &rarr; <strong>1884</strong><br />(-21 for losing)\n|raw|Dracohdz's rating: 1893 &rarr; <strong>1914</strong><br />(+21 for winning)\n|l|\u2606SchrodingersBalls\n|player|p1|\n", "inputlog": ">version bfd83cad13791eb5a5a409923076391caf6fb4d4\n>start {\"formatid\":\"gen9randombattle\",\"seed\":[41345,2500,6927,40383],\"rated\":\"Rated battle\"}\n>player p1 {\"name\":\"SchrodingersBalls\",\"avatar\":\"pokemonranger\",\"rating\":1905,\"seed\":[28973,30480,914,63707]}\n>player p2 {\"name\":\"Dracohdz\",\"avatar\":\"guitarist\",\"rating\":1893,\"seed\":[23507,674,62578,22075]}\n>p1 switch 5\n>p2 move willowisp\n>p1 switch 2\n>p2 move poltergeist\n>p1 move psychicnoise\n>p2 move willowisp\n>p1 move psychicnoise\n>p2 move spikes\n>p1 move thunderbolt\n>p2 move spikes\n>p2 switch 5\n>p1 switch 4\n>p2 move knockoff\n>p1 move knockoff\n>p2 move earthquake\n>p1 switch 3\n>p1 move bravebird\n>p2 switch 2\n>p1 switch 6\n>p2 move stealthrock\n>p1 move hurricane\n>p2 switch 2\n>p2 switch 4\n>p1 move uturn\n>p2 move tripleaxel\n>p1 switch 4\n>p1 move psychicnoise\n>p2 move bulletseed\n>p1 switch 4\n>p1 move uturn\n>p2 switch 6\n>p1 switch 5\n>p1 move dragondance\n>p2 move sludgebomb terastallize\n>p1 switch 2\n>p1 move futuresight\n>p2 switch 3\n>p1 move chillyreception\n>p2 move moonblast\n>p1 switch 5\n>p1 move hurricane\n>p2 move moonblast\n>p1 move roost\n>p2 move moonblast\n>p1 move uturn\n>p2 move moonblast\n>p1 switch 5\n>p2 switch 6\n>p1 move scald\n>p2 move bulletseed\n>p1 move scald\n>p2 move tailslap\n>p1 switch 5\n>p1 move thunderbolt\n>p2 switch 3\n>p1 move hurricane terastallize\n>p2 move earthpower\n>forcelose p1", "uploadtime": 1733873339, "views": 16, "formatid": "gen9randombattle", "rating": 1884, "private": 0, "password": null}