{"id": "gen9randombattle-2260547137", "format": "[Gen 9] Random Battle", "players": ["Fvkboycharmander", "Saaskin"], "log": "|j|\u2606Fvkboycharmander\n|j|\u2606Saaskin\n|t:|1733862264\n|gametype|singles\n|player|p1|Fvkboycharmander|265|1876\n|player|p2|Saaskin|170|1833\n|teamsize|p1|6\n|teamsize|p2|6\n|gen|9\n|tier|[Gen 9] Random Battle\n|rated|\n|rule|Species Clause: Limit one of each Pok\u00e9mon\n|rule|HP Percentage Mod: HP is shown in percentages\n|rule|Sleep Clause Mod: Limit one foe put to sleep\n|rule|Illusion Level Mod: Illusion disguises the Pok\u00e9mon's true level\n|\n|t:|1733862264\n|start\n|switch|p1a: Ceruledge|Ceruledge, L78, M|245/245\n|switch|p2a: Cinccino|Cinccino, L83, M|260/260\n|turn|1\n|inactive|Battle timer is ON: inactive players will automatically lose when time's up. (requested by Saaskin)\n|inactive|Saaskin has 120 seconds left.\n|\n|t:|1733862298\n|switch|p2a: Donphan|Donphan, L84, F|288/288\n|move|p1a: Ceruledge|Close Combat|p2a: Donphan\n|-damage|p2a: Donphan|220/288\n|-unboost|p1a: Ceruledge|def|1\n|-unboost|p1a: Ceruledge|spd|1\n|\n|-heal|p2a: Donphan|238/288|[from] item: Leftovers\n|upkeep\n|turn|2\n|\n|t:|1733862306\n|switch|p1a: Milotic|Milotic, L83, M|293/293\n|move|p2a: Donphan|Stealth Rock|p1a: Milotic\n|-sidestart|p1: Fvkboycharmander|move: Stealth Rock\n|\n|-heal|p2a: Donphan|256/288|[from] item: Leftovers\n|upkeep\n|turn|3\n|\n|t:|1733862314\n|switch|p2a: Bellibolt|Bellibolt, L84, F|320/320\n|move|p1a: Milotic|Scald|p2a: Bellibolt\n|-damage|p2a: Bellibolt|229/320\n|-start|p2a: Bellibolt|Charge|Scald|[from] ability: Electromorphosis\n|\n|-heal|p2a: Bellibolt|249/320|[from] item: Leftovers\n|upkeep\n|turn|4\n|\n|t:|1733862320\n|switch|p1a: Torterra|Torterra, L78, M|276/276\n|-damage|p1a: Torterra|259/276|[from] Stealth Rock\n|move|p2a: Bellibolt|Toxic|p1a: Torterra\n|-status|p1a: Torterra|tox\n|\n|-heal|p2a: Bellibolt|269/320|[from] item: Leftovers\n|-damage|p1a: Torterra|242/276 tox|[from] psn\n|upkeep\n|turn|5\n|\n|t:|1733862329\n|move|p1a: Torterra|Headlong Rush|p2a: Bellibolt\n|-supereffective|p2a: Bellibolt\n|-damage|p2a: Bellibolt|15/320\n|-unboost|p1a: Torterra|def|1\n|-unboost|p1a: Torterra|spd|1\n|-start|p2a: Bellibolt|Charge|Headlong Rush|[from] ability: Electromorphosis\n|move|p2a: Bellibolt|Muddy Water|p1a: Torterra\n|-damage|p1a: Torterra|137/276 tox\n|\n|-heal|p2a: Bellibolt|35/320|[from] item: Leftovers\n|-damage|p1a: Torterra|103/276 tox|[from] psn\n|upkeep\n|turn|6\n|\n|t:|1733862337\n|switch|p2a: Dipplin|Dipplin, L88, F|284/284\n|move|p1a: Torterra|Bullet Seed|p2a: Dipplin\n|-resisted|p2a: Dipplin\n|-damage|p2a: Dipplin|281/284\n|-resisted|p2a: Dipplin\n|-damage|p2a: Dipplin|278/284\n|-resisted|p2a: Dipplin\n|-damage|p2a: Dipplin|275/284\n|-resisted|p2a: Dipplin\n|-damage|p2a: Dipplin|272/284\n|-hitcount|p2a: Dipplin|4\n|\n|-damage|p1a: Torterra|52/276 tox|[from] psn\n|upkeep\n|turn|7\n|\n|t:|1733862346\n|move|p1a: Torterra|Headlong Rush|p2a: Dipplin\n|-resisted|p2a: Dipplin\n|-damage|p2a: Dipplin|241/284\n|-unboost|p1a: Torterra|def|1\n|-unboost|p1a: Torterra|spd|1\n|move|p2a: Dipplin|Giga Drain|p1a: Torterra\n|-damage|p1a: Torterra|0 fnt\n|-heal|p2a: Dipplin|267/284|[from] drain|[of] p1a: Torterra\n|faint|p1a: Torterra\n|\n|upkeep\n|\n|t:|1733862354\n|switch|p1a: Iron Crown|Iron Crown, L78|268/268\n|-damage|p1a: Iron Crown|252/268|[from] Stealth Rock\n|turn|8\n|\n|t:|1733862368\n|switch|p2a: Registeel|Registeel, L81|262/262\n|move|p1a: Iron Crown|Tachyon Cutter|p2a: Registeel\n|-resisted|p2a: Registeel\n|-damage|p2a: Registeel|234/262\n|-resisted|p2a: Registeel\n|-damage|p2a: Registeel|204/262\n|-hitcount|p2a: Registeel|2\n|\n|-heal|p2a: Registeel|220/262|[from] item: Leftovers\n|upkeep\n|turn|9\n|\n|t:|1733862373\n|-end|p1a: Iron Crown|Quark Drive|[silent]\n|switch|p1a: Milotic|Milotic, L83, M|293/293\n|-damage|p1a: Milotic|257/293|[from] Stealth Rock\n|move|p2a: Registeel|Thunder Wave|p1a: Milotic\n|-status|p1a: Milotic|par\n|\n|-heal|p2a: Registeel|236/262|[from] item: Leftovers\n|-heal|p1a: Milotic|275/293 par|[from] item: Leftovers\n|upkeep\n|turn|10\n|\n|t:|1733862393\n|move|p2a: Registeel|Iron Defense|p2a: Registeel\n|-boost|p2a: Registeel|def|2\n|move|p1a: Milotic|Scald|p2a: Registeel\n|-damage|p2a: Registeel|176/262\n|\n|-heal|p2a: Registeel|192/262|[from] item: Leftovers\n|-heal|p1a: Milotic|293/293 par|[from] item: Leftovers\n|upkeep\n|turn|11\n|\n|t:|1733862399\n|move|p2a: Registeel|Body Press|p1a: Milotic\n|-damage|p1a: Milotic|130/293 par\n|move|p1a: Milotic|Flip Turn|p2a: Registeel\n|-damage|p2a: Registeel|177/262\n|\n|t:|1733862410\n|switch|p1a: Ceruledge|Ceruledge, L78, M|245/245|[from] Flip Turn\n|\n|-heal|p2a: Registeel|193/262|[from] item: Leftovers\n|upkeep\n|turn|12\n|\n|t:|1733862416\n|move|p1a: Ceruledge|Swords Dance|p1a: Ceruledge\n|-boost|p1a: Ceruledge|atk|2\n|move|p2a: Registeel|Thunder Wave|p1a: Ceruledge\n|-status|p1a: Ceruledge|par\n|\n|-heal|p2a: Registeel|209/262|[from] item: Leftovers\n|upkeep\n|turn|13\n|\n|t:|1733862430\n|switch|p2a: Donphan|Donphan, L84, F|256/288\n|move|p1a: Ceruledge|Bitter Blade|p2a: Donphan\n|-damage|p2a: Donphan|97/288\n|\n|-heal|p2a: Donphan|115/288|[from] item: Leftovers\n|upkeep\n|turn|14\n|\n|t:|1733862438\n|move|p2a: Donphan|Earthquake|p1a: Ceruledge\n|-supereffective|p1a: Ceruledge\n|-damage|p1a: Ceruledge|0 fnt\n|faint|p1a: Ceruledge\n|\n|-heal|p2a: Donphan|133/288|[from] item: Leftovers\n|upkeep\n|\n|t:|1733862443\n|switch|p1a: Minun|Minun, L95, M|268/268\n|-damage|p1a: Minun|235/268|[from] Stealth Rock\n|turn|15\n|\n|t:|1733862463\n|move|p1a: Minun|Grass Knot|p2a: Donphan\n|-supereffective|p2a: Donphan\n|-damage|p2a: Donphan|0 fnt\n|faint|p2a: Donphan\n|-damage|p1a: Minun|209/268|[from] item: Life Orb\n|\n|upkeep\n|\n|t:|1733862478\n|switch|p2a: Dipplin|Dipplin, L88, F|267/284\n|turn|16\n|\n|t:|1733862487\n|move|p1a: Minun|Nasty Plot|p1a: Minun\n|-boost|p1a: Minun|spa|2\n|move|p2a: Dipplin|Giga Drain|p1a: Minun\n|-damage|p1a: Minun|125/268\n|-heal|p2a: Dipplin|284/284|[from] drain|[of] p1a: Minun\n|\n|upkeep\n|turn|17\n|\n|t:|1733862497\n|switch|p2a: Registeel|Registeel, L81|209/262\n|move|p1a: Minun|Alluring Voice|p2a: Registeel\n|-resisted|p2a: Registeel\n|-damage|p2a: Registeel|153/262\n|-damage|p1a: Minun|99/268|[from] item: Life Orb\n|\n|-heal|p2a: Registeel|169/262|[from] item: Leftovers\n|upkeep\n|turn|18\n|\n|t:|1733862503\n|switch|p2a: Dipplin|Dipplin, L88, F|284/284\n|move|p1a: Minun|Thunderbolt|p2a: Dipplin\n|-resisted|p2a: Dipplin\n|-damage|p2a: Dipplin|240/284\n|-damage|p1a: Minun|73/268|[from] item: Life Orb\n|\n|upkeep\n|turn|19\n|\n|t:|1733862506\n|move|p2a: Dipplin|Sucker Punch|p1a: Minun\n|-damage|p1a: Minun|10/268\n|move|p1a: Minun|Alluring Voice|p2a: Dipplin\n|-supereffective|p2a: Dipplin\n|-damage|p2a: Dipplin|14/284\n|-damage|p1a: Minun|0 fnt|[from] item: Life Orb\n|faint|p1a: Minun\n|\n|upkeep\n|\n|t:|1733862516\n|switch|p1a: Espathra|Espathra, L80, M|283/283\n|-damage|p1a: Espathra|248/283|[from] Stealth Rock\n|turn|20\n|\n|t:|1733862523\n|switch|p2a: Ambipom|Ambipom, L84, F|263/263\n|move|p1a: Espathra|Substitute|p1a: Espathra\n|-start|p1a: Espathra|Substitute\n|-damage|p1a: Espathra|178/283\n|\n|-heal|p1a: Espathra|195/283|[from] item: Leftovers\n|-ability|p1a: Espathra|Speed Boost|boost\n|-boost|p1a: Espathra|spe|1\n|upkeep\n|turn|21\n|\n|t:|1733862531\n|move|p1a: Espathra|Calm Mind|p1a: Espathra\n|-boost|p1a: Espathra|spa|1\n|-boost|p1a: Espathra|spd|1\n|move|p2a: Ambipom|Triple Axel|p1a: Espathra\n|-activate|p1a: Espathra|move: Substitute|[damage]\n|-end|p1a: Espathra|Substitute\n|-damage|p1a: Espathra|53/283\n|-hitcount|p1a: Espathra|3\n|\n|-heal|p1a: Espathra|70/283|[from] item: Leftovers\n|-ability|p1a: Espathra|Speed Boost|boost\n|-boost|p1a: Espathra|spe|1\n|upkeep\n|turn|22\n|\n|t:|1733862539\n|move|p1a: Espathra|Stored Power|p2a: Ambipom\n|-damage|p2a: Ambipom|83/263\n|move|p2a: Ambipom|Triple Axel|p1a: Espathra\n|-crit|p1a: Espathra\n|-damage|p1a: Espathra|6/283\n|-damage|p1a: Espathra|0 fnt\n|faint|p1a: Espathra\n|-hitcount|p1: Espathra|2\n|\n|upkeep\n|\n|t:|1733862544\n|switch|p1a: Iron Crown|Iron Crown, L78|252/268\n|-damage|p1a: Iron Crown|236/268|[from] Stealth Rock\n|turn|23\n|\n|t:|1733862550\n|switch|p2a: Dipplin|Dipplin, L88, F|14/284\n|move|p1a: Iron Crown|Tachyon Cutter|p2a: Dipplin\n|-damage|p2a: Dipplin|0 fnt\n|faint|p2a: Dipplin\n|-hitcount|p2: Dipplin|1\n|\n|upkeep\n|\n|t:|1733862554\n|switch|p2a: Registeel|Registeel, L81|169/262\n|turn|24\n|\n|t:|1733862557\n|-end|p1a: Iron Crown|Quark Drive|[silent]\n|switch|p1a: Milotic|Milotic, L83, M|130/293 par\n|-damage|p1a: Milotic|94/293 par|[from] Stealth Rock\n|move|p2a: Registeel|Iron Defense|p2a: Registeel\n|-boost|p2a: Registeel|def|2\n|\n|-heal|p2a: Registeel|185/262|[from] item: Leftovers\n|-heal|p1a: Milotic|112/293 par|[from] item: Leftovers\n|upkeep\n|turn|25\n|\n|t:|1733862560\n|move|p2a: Registeel|Body Press|p1a: Milotic\n|-damage|p1a: Milotic|0 fnt\n|faint|p1a: Milotic\n|\n|-heal|p2a: Registeel|201/262|[from] item: Leftovers\n|upkeep\n|-message|Fvkboycharmander forfeited.\n|\n|win|Saaskin\n|raw|Fvkboycharmander's rating: 1876 &rarr; <strong>1854</strong><br />(-22 for losing)\n|raw|Saaskin's rating: 1833 &rarr; <strong>1855</strong><br />(+22 for winning)\n|l|\u2606Fvkboycharmander\n|player|p1|\n", "inputlog": ">version bfd83cad13791eb5a5a409923076391caf6fb4d4\n>start {\"formatid\":\"gen9randombattle\",\"seed\":[40408,17614,6253,11479],\"rated\":\"Rated battle\"}\n>player p1 {\"name\":\"Fvkboycharmander\",\"avatar\":\"265\",\"rating\":1876,\"seed\":[22298,19434,41394,17635]}\n>player p2 {\"name\":\"Saaskin\",\"avatar\":\"170\",\"rating\":1833,\"seed\":[42844,63803,47335,13712]}\n>p1 move closecombat\n>p2 switch 4\n>p1 switch 5\n>p2 move stealthrock\n>p1 move scald\n>p2 switch 6\n>p1 switch 3\n>p2 move toxic\n>p1 move headlongrush\n>p2 move muddywater\n>p1 move bulletseed\n>p2 switch 3\n>p1 move headlongrush\n>p2 move gigadrain\n>p1 switch 4\n>p1 move tachyoncutter\n>p2 switch 2\n>p1 switch 3\n>p2 move thunderwave\n>p1 move scald\n>p2 move irondefense\n>p1 move flipturn\n>p2 move bodypress\n>p1 switch 5\n>p1 move swordsdance\n>p2 move thunderwave\n>p1 move bitterblade\n>p2 switch 6\n>p1 move bitterblade\n>p2 move earthquake\n>p1 switch 2\n>p1 move grassknot\n>p2 move earthquake\n>p2 switch 2\n>p1 move nastyplot\n>p2 move gigadrain\n>p1 move alluringvoice\n>p2 switch 6\n>p1 move thunderbolt\n>p2 switch 6\n>p1 move alluringvoice\n>p2 move suckerpunch\n>p1 switch 6\n>p1 move substitute\n>p2 switch 5\n>p1 move calmmind\n>p2 move tripleaxel\n>p1 move storedpower\n>p2 move tripleaxel\n>p1 switch 3\n>p1 move tachyoncutter\n>p2 switch 5\n>p2 switch 6\n>p1 switch 5\n>p2 move irondefense\n>p1 move scald\n>p2 move bodypress\n>forcelose p1", "uploadtime": 1733862568, "views": 2, "formatid": "gen9randombattle", "rating": 1854, "private": 0, "password": null}