{"id": "gen9randombattle-2260787955", "format": "[Gen 9] Random Battle", "players": ["mi1kweed", "Kash1624"], "log": "|j|\u2606mi1kweed\n|j|\u2606Kash1624\n|t:|1733892155\n|gametype|singles\n|player|p1|mi1kweed|pokemonranger-gen4|1320\n|player|p2|Kash1624|101|1289\n|teamsize|p1|6\n|teamsize|p2|6\n|gen|9\n|tier|[Gen 9] Random Battle\n|rated|\n|rule|Species Clause: Limit one of each Pok\u00e9mon\n|rule|HP Percentage Mod: HP is shown in percentages\n|rule|Sleep Clause Mod: Limit one foe put to sleep\n|rule|Illusion Level Mod: Illusion disguises the Pok\u00e9mon's true level\n|\n|t:|1733892155\n|start\n|switch|p1a: Typhlosion|Typhlosion, L84, F|267/267\n|switch|p2a: Umbreon|Umbreon, L84, M|297/297\n|turn|1\n|\n|t:|1733892163\n|switch|p1a: Gliscor|Gliscor, L76, F|239/239\n|move|p2a: Umbreon|Toxic|p1a: Gliscor\n|-status|p1a: Gliscor|tox\n|\n|upkeep\n|turn|2\n|\n|t:|1733892193\n|-terastallize|p2a: Umbreon|Poison\n|move|p1a: Gliscor|Substitute|p1a: Gliscor\n|-start|p1a: Gliscor|Substitute\n|-damage|p1a: Gliscor|180/239 tox\n|move|p2a: Umbreon|Foul Play|p1a: Gliscor\n|-crit|p1a: Gliscor\n|-end|p1a: Gliscor|Substitute\n|\n|-heal|p1a: Gliscor|209/239 tox|[from] ability: Poison Heal\n|upkeep\n|turn|3\n|inactive|Battle timer is ON: inactive players will automatically lose when time's up. (requested by Kash1624)\n|inactive|mi1kweed has 120 seconds left.\n|\n|t:|1733892242\n|move|p1a: Gliscor|Earthquake|p2a: Umbreon\n|-supereffective|p2a: Umbreon\n|-damage|p2a: Umbreon|159/297\n|move|p2a: Umbreon|Foul Play|p1a: Gliscor\n|-damage|p1a: Gliscor|137/239 tox\n|\n|-heal|p2a: Umbreon|177/297|[from] item: Leftovers\n|-heal|p1a: Gliscor|166/239 tox|[from] ability: Poison Heal\n|upkeep\n|turn|4\n|\n|t:|1733892262\n|switch|p2a: Araquanid|Araquanid, L82, M|246/246\n|move|p1a: Gliscor|Substitute|p1a: Gliscor\n|-start|p1a: Gliscor|Substitute\n|-damage|p1a: Gliscor|107/239 tox\n|\n|-heal|p1a: Gliscor|136/239 tox|[from] ability: Poison Heal\n|upkeep\n|turn|5\n|\n|t:|1733892273\n|move|p1a: Gliscor|Toxic|p2a: Araquanid\n|-status|p2a: Araquanid|tox\n|move|p2a: Araquanid|Sticky Web|p1a: Gliscor\n|-sidestart|p1: mi1kweed|move: Sticky Web\n|\n|-heal|p1a: Gliscor|165/239 tox|[from] ability: Poison Heal\n|-damage|p2a: Araquanid|231/246 tox|[from] psn\n|upkeep\n|turn|6\n|\n|t:|1733892279\n|move|p1a: Gliscor|Protect|p1a: Gliscor\n|-singleturn|p1a: Gliscor|Protect\n|move|p2a: Araquanid|Liquidation|p1a: Gliscor\n|-activate|p1a: Gliscor|move: Protect\n|\n|-heal|p1a: Gliscor|194/239 tox|[from] ability: Poison Heal\n|-damage|p2a: Araquanid|201/246 tox|[from] psn\n|upkeep\n|turn|7\n|\n|t:|1733892288\n|move|p1a: Gliscor|Substitute|p1a: Gliscor\n|-fail|p1a: Gliscor|move: Substitute\n|move|p2a: Araquanid|Liquidation|p1a: Gliscor\n|-supereffective|p1a: Gliscor\n|-end|p1a: Gliscor|Substitute\n|\n|-heal|p1a: Gliscor|223/239 tox|[from] ability: Poison Heal\n|-damage|p2a: Araquanid|156/246 tox|[from] psn\n|upkeep\n|turn|8\n|\n|t:|1733892294\n|move|p1a: Gliscor|Protect|p1a: Gliscor\n|-singleturn|p1a: Gliscor|Protect\n|move|p2a: Araquanid|Liquidation|p1a: Gliscor\n|-activate|p1a: Gliscor|move: Protect\n|\n|-heal|p1a: Gliscor|239/239 tox|[from] ability: Poison Heal\n|-damage|p2a: Araquanid|96/246 tox|[from] psn\n|upkeep\n|turn|9\n|\n|t:|1733892303\n|move|p1a: Gliscor|Substitute|p1a: Gliscor\n|-start|p1a: Gliscor|Substitute\n|-damage|p1a: Gliscor|180/239 tox\n|move|p2a: Araquanid|Liquidation|p1a: Gliscor\n|-supereffective|p1a: Gliscor\n|-end|p1a: Gliscor|Substitute\n|\n|-heal|p1a: Gliscor|209/239 tox|[from] ability: Poison Heal\n|-damage|p2a: Araquanid|21/246 tox|[from] psn\n|upkeep\n|turn|10\n|\n|t:|1733892310\n|move|p1a: Gliscor|Substitute|p1a: Gliscor\n|-start|p1a: Gliscor|Substitute\n|-damage|p1a: Gliscor|150/239 tox\n|move|p2a: Araquanid|Liquidation|p1a: Gliscor\n|-supereffective|p1a: Gliscor\n|-end|p1a: Gliscor|Substitute\n|\n|-heal|p1a: Gliscor|179/239 tox|[from] ability: Poison Heal\n|-damage|p2a: Araquanid|0 fnt|[from] psn\n|faint|p2a: Araquanid\n|upkeep\n|\n|t:|1733892329\n|switch|p2a: Heatran|Heatran, L79, F|273/273\n|-item|p2a: Heatran|Air Balloon\n|turn|11\n|\n|t:|1733892339\n|switch|p1a: Typhlosion|Typhlosion, L84, F|267/267\n|-activate|p1a: Typhlosion|move: Sticky Web\n|-unboost|p1a: Typhlosion|spe|1\n|move|p2a: Heatran|Stealth Rock|p1a: Typhlosion\n|-sidestart|p1: mi1kweed|move: Stealth Rock\n|\n|upkeep\n|turn|12\n|\n|t:|1733892345\n|move|p2a: Heatran|Earth Power|p1a: Typhlosion\n|-supereffective|p1a: Typhlosion\n|-damage|p1a: Typhlosion|123/267\n|move|p1a: Typhlosion|Focus Blast|p2a: Heatran\n|-supereffective|p2a: Heatran\n|-damage|p2a: Heatran|31/273\n|-enditem|p2a: Heatran|Air Balloon\n|\n|upkeep\n|turn|13\n|\n|t:|1733892354\n|switch|p1a: Gliscor|Gliscor, L76, F|179/239 tox\n|-damage|p1a: Gliscor|150/239 tox|[from] Stealth Rock\n|move|p2a: Heatran|Earth Power|p1a: Gliscor\n|-immune|p1a: Gliscor\n|\n|-heal|p1a: Gliscor|179/239 tox|[from] ability: Poison Heal\n|upkeep\n|turn|14\n|\n|t:|1733892359\n|move|p1a: Gliscor|Earthquake|p2a: Heatran\n|-supereffective|p2a: Heatran\n|-damage|p2a: Heatran|0 fnt\n|faint|p2a: Heatran\n|\n|-heal|p1a: Gliscor|208/239 tox|[from] ability: Poison Heal\n|upkeep\n|\n|t:|1733892378\n|switch|p2a: Magmortar|Magmortar, L88, F|275/275\n|turn|15\n|\n|t:|1733892399\n|switch|p1a: Typhlosion|Typhlosion, L84, F|123/267\n|-activate|p1a: Typhlosion|move: Sticky Web\n|-unboost|p1a: Typhlosion|spe|1\n|-damage|p1a: Typhlosion|57/267|[from] Stealth Rock\n|move|p2a: Magmortar|Taunt|p1a: Typhlosion\n|-start|p1a: Typhlosion|move: Taunt\n|\n|upkeep\n|turn|16\n|\n|t:|1733892408\n|move|p2a: Magmortar|Scorching Sands|p1a: Typhlosion\n|-supereffective|p1a: Typhlosion\n|-damage|p1a: Typhlosion|0 fnt\n|faint|p1a: Typhlosion\n|\n|upkeep\n|inactive|mi1kweed has 120 seconds left.\n|\n|t:|1733892440\n|switch|p1a: Slowking|Slowking-Galar, L85, F|300/300\n|-activate|p1a: Slowking|move: Sticky Web\n|-unboost|p1a: Slowking|spe|1\n|-damage|p1a: Slowking|263/300|[from] Stealth Rock\n|turn|17\n|\n|t:|1733892459\n|switch|p2a: Umbreon|Umbreon, L84, M, tera:Poison|177/297\n|switch|p1a: Squawkabilly|Squawkabilly, L85, M|278/278\n|-damage|p1a: Squawkabilly|209/278|[from] Stealth Rock\n|\n|-heal|p2a: Umbreon|195/297|[from] item: Leftovers\n|-status|p1a: Squawkabilly|brn|[from] item: Flame Orb\n|upkeep\n|turn|18\n|\n|t:|1733892481\n|switch|p1a: Gliscor|Gliscor, L76, F|208/239 tox\n|-damage|p1a: Gliscor|179/239 tox|[from] Stealth Rock\n|move|p2a: Umbreon|Foul Play|p1a: Gliscor\n|-damage|p1a: Gliscor|97/239 tox\n|\n|-heal|p2a: Umbreon|213/297|[from] item: Leftovers\n|-heal|p1a: Gliscor|126/239 tox|[from] ability: Poison Heal\n|upkeep\n|turn|19\n|\n|t:|1733892495\n|move|p1a: Gliscor|Protect|p1a: Gliscor\n|-singleturn|p1a: Gliscor|Protect\n|move|p2a: Umbreon|Protect||[still]\n|-fail|p2a: Umbreon\n|\n|-heal|p2a: Umbreon|231/297|[from] item: Leftovers\n|-heal|p1a: Gliscor|155/239 tox|[from] ability: Poison Heal\n|upkeep\n|turn|20\n|\n|t:|1733892509\n|move|p1a: Gliscor|Substitute|p1a: Gliscor\n|-start|p1a: Gliscor|Substitute\n|-damage|p1a: Gliscor|96/239 tox\n|move|p2a: Umbreon|Foul Play|p1a: Gliscor\n|-end|p1a: Gliscor|Substitute\n|\n|-heal|p2a: Umbreon|249/297|[from] item: Leftovers\n|-heal|p1a: Gliscor|125/239 tox|[from] ability: Poison Heal\n|upkeep\n|turn|21\n|\n|t:|1733892515\n|move|p1a: Gliscor|Protect|p1a: Gliscor\n|-singleturn|p1a: Gliscor|Protect\n|move|p2a: Umbreon|Foul Play|p1a: Gliscor\n|-activate|p1a: Gliscor|move: Protect\n|\n|-heal|p2a: Umbreon|267/297|[from] item: Leftovers\n|-heal|p1a: Gliscor|154/239 tox|[from] ability: Poison Heal\n|upkeep\n|turn|22\n|\n|t:|1733892521\n|switch|p2a: Tauros|Tauros, L82, M|257/257\n|move|p1a: Gliscor|Earthquake|p2a: Tauros\n|-damage|p2a: Tauros|167/257\n|\n|-heal|p1a: Gliscor|183/239 tox|[from] ability: Poison Heal\n|upkeep\n|turn|23\n|inactive|mi1kweed has 120 seconds left.\n|\n|t:|1733892544\n|move|p1a: Gliscor|Protect|p1a: Gliscor\n|-singleturn|p1a: Gliscor|Protect\n|move|p2a: Tauros|Body Slam|p1a: Gliscor\n|-activate|p1a: Gliscor|move: Protect\n|\n|-heal|p1a: Gliscor|212/239 tox|[from] ability: Poison Heal\n|upkeep\n|turn|24\n|\n|t:|1733892550\n|move|p2a: Tauros|Body Slam|p1a: Gliscor\n|-damage|p1a: Gliscor|82/239 tox\n|move|p1a: Gliscor|Toxic|p2a: Tauros\n|-status|p2a: Tauros|tox\n|\n|-damage|p2a: Tauros|151/257 tox|[from] psn\n|-heal|p1a: Gliscor|111/239 tox|[from] ability: Poison Heal\n|upkeep\n|turn|25\n|\n|t:|1733892556\n|move|p1a: Gliscor|Protect|p1a: Gliscor\n|-singleturn|p1a: Gliscor|Protect\n|move|p2a: Tauros|Body Slam|p1a: Gliscor\n|-activate|p1a: Gliscor|move: Protect\n|\n|-damage|p2a: Tauros|119/257 tox|[from] psn\n|-heal|p1a: Gliscor|140/239 tox|[from] ability: Poison Heal\n|upkeep\n|turn|26\n|inactive|mi1kweed has 120 seconds left.\n|\n|t:|1733892587\n|move|p2a: Tauros|Body Slam|p1a: Gliscor\n|-damage|p1a: Gliscor|19/239 tox\n|move|p1a: Gliscor|Earthquake|p2a: Tauros\n|-damage|p2a: Tauros|35/257 tox\n|\n|-damage|p2a: Tauros|0 fnt|[from] psn\n|faint|p2a: Tauros\n|-heal|p1a: Gliscor|48/239 tox|[from] ability: Poison Heal\n|upkeep\n|\n|t:|1733892597\n|switch|p2a: Magmortar|Magmortar, L88, F|275/275\n|turn|27\n|\n|t:|1733892604\n|move|p1a: Gliscor|Protect|p1a: Gliscor\n|-singleturn|p1a: Gliscor|Protect\n|move|p2a: Magmortar|Taunt|p1a: Gliscor\n|-activate|p1a: Gliscor|move: Protect\n|\n|-heal|p1a: Gliscor|77/239 tox|[from] ability: Poison Heal\n|upkeep\n|turn|28\n|\n|t:|1733892610\n|move|p2a: Magmortar|Taunt|p1a: Gliscor\n|-start|p1a: Gliscor|move: Taunt\n|move|p1a: Gliscor|Earthquake|p2a: Magmortar\n|-supereffective|p2a: Magmortar\n|-damage|p2a: Magmortar|83/275\n|\n|-heal|p1a: Gliscor|106/239 tox|[from] ability: Poison Heal\n|upkeep\n|turn|29\n|inactive|mi1kweed has 120 seconds left.\n|\n|t:|1733892633\n|switch|p1a: Feraligatr|Feraligatr, L79, F|264/264\n|-activate|p1a: Feraligatr|move: Sticky Web\n|-unboost|p1a: Feraligatr|spe|1\n|-damage|p1a: Feraligatr|231/264|[from] Stealth Rock\n|move|p2a: Magmortar|Fire Blast|p1a: Feraligatr\n|-resisted|p1a: Feraligatr\n|-damage|p1a: Feraligatr|143/264\n|\n|upkeep\n|turn|30\n|\n|t:|1733892641\n|switch|p2a: Amoonguss|Amoonguss, L82, F|321/321\n|move|p1a: Feraligatr|Liquidation|p2a: Amoonguss\n|-resisted|p2a: Amoonguss\n|-damage|p2a: Amoonguss|234/321\n|\n|-heal|p2a: Amoonguss|254/321|[from] item: Leftovers\n|upkeep\n|turn|31\n|\n|t:|1733892658\n|switch|p1a: Squawkabilly|Squawkabilly, L85, M|209/278 brn\n|-damage|p1a: Squawkabilly|140/278 brn|[from] Stealth Rock\n|move|p2a: Amoonguss|Spore||[still]\n|-fail|p2a: Amoonguss\n|\n|-heal|p2a: Amoonguss|274/321|[from] item: Leftovers\n|-damage|p1a: Squawkabilly|123/278 brn|[from] brn\n|upkeep\n|turn|32\n|\n|t:|1733892663\n|move|p1a: Squawkabilly|U-turn|p2a: Amoonguss\n|-damage|p2a: Amoonguss|174/321\n|\n|t:|1733892670\n|switch|p1a: Gliscor|Gliscor, L76, F|106/239 tox|[from] U-turn\n|-damage|p1a: Gliscor|77/239 tox|[from] Stealth Rock\n|move|p2a: Amoonguss|Sludge Bomb|p1a: Gliscor\n|-resisted|p1a: Gliscor\n|-damage|p1a: Gliscor|22/239 tox\n|\n|-heal|p2a: Amoonguss|194/321|[from] item: Leftovers\n|-heal|p1a: Gliscor|51/239 tox|[from] ability: Poison Heal\n|upkeep\n|turn|33\n|inactive|mi1kweed has 120 seconds left.\n|\n|t:|1733892676\n|move|p1a: Gliscor|Protect|p1a: Gliscor\n|-singleturn|p1a: Gliscor|Protect\n|move|p2a: Amoonguss|Sludge Bomb|p1a: Gliscor\n|-activate|p1a: Gliscor|move: Protect\n|\n|-heal|p2a: Amoonguss|214/321|[from] item: Leftovers\n|-heal|p1a: Gliscor|80/239 tox|[from] ability: Poison Heal\n|upkeep\n|turn|34\n|inactive|mi1kweed has 120 seconds left.\n|\n|t:|1733892707\n|switch|p1a: Slowking|Slowking-Galar, L85, F|300/300\n|-activate|p1a: Slowking|move: Sticky Web\n|-unboost|p1a: Slowking|spe|1\n|-damage|p1a: Slowking|263/300|[from] Stealth Rock\n|move|p2a: Amoonguss|Sludge Bomb|p1a: Slowking\n|-resisted|p1a: Slowking\n|-damage|p1a: Slowking|240/300\n|\n|-heal|p2a: Amoonguss|234/321|[from] item: Leftovers\n|upkeep\n|turn|35\n|inactive|mi1kweed has 120 seconds left.\n|\n|t:|1733892721\n|move|p2a: Amoonguss|Stomping Tantrum|p1a: Slowking\n|-supereffective|p1a: Slowking\n|-damage|p1a: Slowking|144/300\n|move|p1a: Slowking|Future Sight|p2a: Amoonguss\n|-start|p1a: Slowking|move: Future Sight\n|\n|-heal|p2a: Amoonguss|254/321|[from] item: Leftovers\n|upkeep\n|turn|36\n|\n|t:|1733892740\n|switch|p1a: Squawkabilly|Squawkabilly, L85, M|123/278 brn\n|-damage|p1a: Squawkabilly|54/278 brn|[from] Stealth Rock\n|move|p2a: Amoonguss|Spore||[still]\n|-fail|p2a: Amoonguss\n|\n|-heal|p2a: Amoonguss|274/321|[from] item: Leftovers\n|-damage|p1a: Squawkabilly|37/278 brn|[from] brn\n|upkeep\n|turn|37\n|inactive|mi1kweed has 120 seconds left.\n|\n|t:|1733892759\n|move|p1a: Squawkabilly|Facade|p2a: Amoonguss\n|-damage|p2a: Amoonguss|0 fnt\n|faint|p2a: Amoonguss\n|\n|-hint|Future Sight did not hit because the target is fainted.\n|-damage|p1a: Squawkabilly|20/278 brn|[from] brn\n|upkeep\n|\n|t:|1733892766\n|switch|p2a: Umbreon|Umbreon, L84, M, tera:Poison|267/297\n|turn|38\n|\n|t:|1733892769\n|move|p1a: Squawkabilly|Facade|p2a: Umbreon\n|-damage|p2a: Umbreon|80/297\n|move|p2a: Umbreon|Wish|p2a: Umbreon\n|\n|-heal|p2a: Umbreon|98/297|[from] item: Leftovers\n|-damage|p1a: Squawkabilly|3/278 brn|[from] brn\n|upkeep\n|turn|39\n|\n|t:|1733892783\n|move|p2a: Umbreon|Protect|p2a: Umbreon\n|-singleturn|p2a: Umbreon|Protect\n|move|p1a: Squawkabilly|Quick Attack|p2a: Umbreon\n|-activate|p2a: Umbreon|move: Protect\n|\n|-heal|p2a: Umbreon|246/297|[from] move: Wish|[wisher] Umbreon\n|-heal|p2a: Umbreon|264/297|[from] item: Leftovers\n|-damage|p1a: Squawkabilly|0 fnt|[from] brn\n|faint|p1a: Squawkabilly\n|upkeep\n|\n|t:|1733892787\n|switch|p1a: Gliscor|Gliscor, L76, F|80/239 tox\n|-damage|p1a: Gliscor|51/239 tox|[from] Stealth Rock\n|turn|40\n|\n|t:|1733892798\n|move|p1a: Gliscor|Protect|p1a: Gliscor\n|-singleturn|p1a: Gliscor|Protect\n|move|p2a: Umbreon|Foul Play|p1a: Gliscor\n|-activate|p1a: Gliscor|move: Protect\n|\n|-heal|p2a: Umbreon|282/297|[from] item: Leftovers\n|-heal|p1a: Gliscor|80/239 tox|[from] ability: Poison Heal\n|upkeep\n|turn|41\n|inactive|mi1kweed has 120 seconds left.\n|\n|t:|1733892832\n|switch|p1a: Feraligatr|Feraligatr, L79, F|143/264\n|-activate|p1a: Feraligatr|move: Sticky Web\n|-unboost|p1a: Feraligatr|spe|1\n|-damage|p1a: Feraligatr|110/264|[from] Stealth Rock\n|move|p2a: Umbreon|Foul Play|p1a: Feraligatr\n|-damage|p1a: Feraligatr|13/264\n|\n|-heal|p2a: Umbreon|297/297|[from] item: Leftovers\n|upkeep\n|turn|42\n|\n|t:|1733892843\n|move|p2a: Umbreon|Foul Play|p1a: Feraligatr\n|-damage|p1a: Feraligatr|0 fnt\n|faint|p1a: Feraligatr\n|\n|upkeep\n|inactive|mi1kweed has 120 seconds left.\n|\n|t:|1733892862\n|switch|p1a: Slowking|Slowking-Galar, L85, F|244/300\n|-activate|p1a: Slowking|move: Sticky Web\n|-unboost|p1a: Slowking|spe|1\n|-damage|p1a: Slowking|207/300|[from] Stealth Rock\n|turn|43\n|inactive|mi1kweed has 120 seconds left.\n|\n|t:|1733892880\n|-terastallize|p1a: Slowking|Poison\n|move|p2a: Umbreon|Foul Play|p1a: Slowking\n|-damage|p1a: Slowking|146/300\n|move|p1a: Slowking|Psychic Noise|p2a: Umbreon\n|-supereffective|p2a: Umbreon\n|-damage|p2a: Umbreon|175/297\n|-start|p2a: Umbreon|move: Heal Block\n|\n|upkeep\n|turn|44\n|inactive|mi1kweed has 120 seconds left.\n|\n|t:|1733892900\n|switch|p2a: Magmortar|Magmortar, L88, F|83/275\n|move|p1a: Slowking|Future Sight|p2a: Magmortar\n|-start|p1a: Slowking|move: Future Sight\n|\n|upkeep\n|turn|45\n|\n|t:|1733892918\n|switch|p1a: Gliscor|Gliscor, L76, F|80/239 tox\n|-damage|p1a: Gliscor|51/239 tox|[from] Stealth Rock\n|move|p2a: Magmortar|Scorching Sands|p1a: Gliscor\n|-immune|p1a: Gliscor\n|\n|-heal|p1a: Gliscor|80/239 tox|[from] ability: Poison Heal\n|upkeep\n|turn|46\n|\n|t:|1733892925\n|move|p1a: Gliscor|Protect|p1a: Gliscor\n|-singleturn|p1a: Gliscor|Protect\n|move|p2a: Magmortar|Fire Blast|p1a: Gliscor\n|-activate|p1a: Gliscor|move: Protect\n|\n|-end|p2a: Magmortar|move: Future Sight\n|-damage|p2a: Magmortar|0 fnt\n|faint|p2a: Magmortar\n|-heal|p1a: Gliscor|109/239 tox|[from] ability: Poison Heal\n|upkeep\n|\n|t:|1733892928\n|switch|p2a: Umbreon|Umbreon, L84, M, tera:Poison|175/297\n|turn|47\n|inactive|mi1kweed has 120 seconds left.\n|-message|Kash1624 forfeited.\n|\n|win|mi1kweed\n|raw|mi1kweed's rating: 1320 &rarr; <strong>1338</strong><br />(+18 for winning)\n|raw|Kash1624's rating: 1289 &rarr; <strong>1266</strong><br />(-23 for losing)\n|l|\u2606Kash1624\n|player|p2|\n", "inputlog": ">version bfd83cad13791eb5a5a409923076391caf6fb4d4\n>start {\"formatid\":\"gen9randombattle\",\"seed\":[54537,52440,61528,38891],\"rated\":\"Rated battle\"}\n>player p1 {\"name\":\"mi1kweed\",\"avatar\":\"pokemonranger-gen4\",\"rating\":1320,\"seed\":[9701,47736,27121,25636]}\n>player p2 {\"name\":\"Kash1624\",\"avatar\":\"101\",\"rating\":1289,\"seed\":[18524,39209,16911,40993]}\n>p1 switch 2\n>p2 move toxic\n>p1 move substitute\n>p2 move foulplay terastallize\n>p1 move earthquake\n>p2 move foulplay\n>p1 move substitute\n>p2 switch 5\n>p1 move toxic\n>p2 move stickyweb\n>p1 move protect\n>p2 move liquidation\n>p1 move substitute\n>p2 move liquidation\n>p1 move protect\n>p2 move liquidation\n>p1 move substitute\n>p2 move liquidation\n>p1 move substitute\n>p2 move liquidation\n>p2 switch 6\n>p1 switch 2\n>p2 move stealthrock\n>p1 move focusblast\n>p2 move earthpower\n>p1 switch 2\n>p2 move earthpower\n>p1 move earthquake\n>p2 move magmastorm\n>p2 switch 3\n>p1 switch 2\n>p2 move taunt\n>p1 move scorchingsands\n>p2 move scorchingsands\n>p1 switch 6\n>p1 switch 5\n>p2 switch 5\n>p1 switch 2\n>p2 move foulplay\n>p1 move protect\n>p2 move protect\n>p1 move substitute\n>p2 move foulplay\n>p1 move protect\n>p2 move foulplay\n>p1 move earthquake\n>p2 switch 4\n>p1 move protect\n>p2 move bodyslam\n>p1 move toxic\n>p2 move bodyslam\n>p1 move protect\n>p2 move bodyslam\n>p1 move earthquake\n>p2 move bodyslam\n>p2 switch 5\n>p1 move protect\n>p2 move taunt\n>p1 move earthquake\n>p2 move taunt\n>p1 switch 4\n>p2 move fireblast\n>p1 move liquidation\n>p2 switch 2\n>p1 switch 2\n>p2 move spore\n>p1 move uturn\n>p2 move sludgebomb\n>p1 switch 4\n>p1 move protect\n>p2 move sludgebomb\n>p1 switch 5\n>p2 move sludgebomb\n>p1 move futuresight\n>p2 move stompingtantrum\n>p1 switch 4\n>p2 move spore\n>p1 move facade\n>p2 move sludgebomb\n>p2 switch 4\n>p1 move facade\n>p2 move wish\n>p1 move quickattack\n>p2 move protect\n>p1 switch 5\n>p1 move protect\n>p2 move foulplay\n>p1 switch 2\n>p2 move foulplay\n>p1 move liquidation\n>p2 move foulplay\n>p1 switch 4\n>p1 move psychicnoise terastallize\n>p2 move foulplay\n>p1 move futuresight\n>p2 switch 2\n>p1 switch 2\n>p2 move scorchingsands\n>p1 move protect\n>p2 move fireblast\n>p2 switch 2\n>forcelose p2", "uploadtime": 1733892944, "views": 14, "formatid": "gen9randombattle", "rating": 1266, "private": 0, "password": null}