{"id": "gen9randombattle-2259943152", "format": "[Gen 9] Random Battle", "players": ["ShuckTillYouMuk", "GavidGrana49"], "log": "|j|\u2606ShuckTillYouMuk\n|j|\u2606GavidGrana49\n|t:|1733782573\n|gametype|singles\n|player|p1|ShuckTillYouMuk|266|1689\n|player|p2|GavidGrana49|266|1666\n|teamsize|p1|6\n|teamsize|p2|6\n|gen|9\n|tier|[Gen 9] Random Battle\n|rated|\n|rule|Species Clause: Limit one of each Pok\u00e9mon\n|rule|HP Percentage Mod: HP is shown in percentages\n|rule|Sleep Clause Mod: Limit one foe put to sleep\n|rule|Illusion Level Mod: Illusion disguises the Pok\u00e9mon's true level\n|\n|t:|1733782573\n|start\n|switch|p1a: Lapras|Lapras, L87, F|367/367\n|switch|p2a: Politoed|Politoed, L88, F|302/302\n|-weather|RainDance|[from] ability: Drizzle|[of] p2a: Politoed\n|turn|1\n|inactive|Battle timer is ON: inactive players will automatically lose when time's up. (requested by GavidGrana49)\n|\n|t:|1733782592\n|move|p2a: Politoed|Hypnosis|p1a: Lapras|[miss]\n|-miss|p2a: Politoed|p1a: Lapras\n|move|p1a: Lapras|Dragon Dance|p1a: Lapras\n|-boost|p1a: Lapras|atk|1\n|-boost|p1a: Lapras|spe|1\n|\n|-weather|RainDance|[upkeep]\n|upkeep\n|turn|2\n|\n|t:|1733782609\n|move|p1a: Lapras|Waterfall|p2a: Politoed\n|-resisted|p2a: Politoed\n|-damage|p2a: Politoed|198/302\n|move|p2a: Politoed|Encore|p1a: Lapras\n|-start|p1a: Lapras|Encore\n|\n|-weather|RainDance|[upkeep]\n|-heal|p2a: Politoed|216/302|[from] item: Leftovers\n|upkeep\n|turn|3\n|\n|t:|1733782616\n|switch|p2a: Clodsire|Clodsire, L81, M|343/343\n|move|p1a: Lapras|Waterfall|p2a: Clodsire\n|-immune|p2a: Clodsire|[from] ability: Water Absorb\n|\n|-weather|RainDance|[upkeep]\n|upkeep\n|turn|4\n|\n|t:|1733782621\n|switch|p1a: Cyclizar|Cyclizar, L83, F|252/252\n|move|p2a: Clodsire|Poison Jab|p1a: Cyclizar\n|-damage|p1a: Cyclizar|176/252\n|\n|-weather|RainDance|[upkeep]\n|upkeep\n|turn|5\n|\n|t:|1733782627\n|move|p1a: Cyclizar|Shed Tail|p1a: Cyclizar\n|-start|p1a: Cyclizar|Substitute|[from] move: Shed Tail\n|-damage|p1a: Cyclizar|50/252\n|\n|t:|1733782637\n|switch|p1a: Gumshoos|Gumshoos, L95, F|321/321|[from] Shed Tail\n|move|p2a: Clodsire|Stealth Rock|p1a: Gumshoos\n|-sidestart|p1: ShuckTillYouMuk|move: Stealth Rock\n|\n|-weather|none\n|upkeep\n|turn|6\n|\n|t:|1733782653\n|move|p1a: Gumshoos|Earthquake|p2a: Clodsire\n|-supereffective|p2a: Clodsire\n|-damage|p2a: Clodsire|0 fnt\n|faint|p2a: Clodsire\n|\n|upkeep\n|\n|t:|1733782659\n|switch|p2a: Galvantula|Galvantula, L82, M|249/249\n|turn|7\n|\n|t:|1733782668\n|move|p2a: Galvantula|Sticky Web|p1a: Gumshoos\n|-sidestart|p1: ShuckTillYouMuk|move: Sticky Web\n|move|p1a: Gumshoos|Earthquake|p2a: Galvantula\n|-damage|p2a: Galvantula|52/249\n|\n|upkeep\n|turn|8\n|\n|t:|1733782674\n|move|p2a: Galvantula|Thunder|p1a: Gumshoos\n|-end|p1a: Gumshoos|Substitute\n|move|p1a: Gumshoos|Earthquake|p2a: Galvantula\n|-damage|p2a: Galvantula|0 fnt\n|faint|p2a: Galvantula\n|\n|upkeep\n|\n|t:|1733782684\n|switch|p2a: Politoed|Politoed, L88, F|216/302\n|-weather|RainDance|[from] ability: Drizzle|[of] p2a: Politoed\n|turn|9\n|\n|t:|1733782688\n|move|p2a: Politoed|Hypnosis|p1a: Gumshoos\n|-status|p1a: Gumshoos|slp|[from] move: Hypnosis\n|cant|p1a: Gumshoos|slp\n|\n|-weather|RainDance|[upkeep]\n|-heal|p2a: Politoed|234/302|[from] item: Leftovers\n|upkeep\n|turn|10\n|\n|t:|1733782692\n|switch|p1a: Lapras|Lapras, L87, F|367/367\n|-damage|p1a: Lapras|276/367|[from] Stealth Rock\n|-activate|p1a: Lapras|move: Sticky Web\n|-unboost|p1a: Lapras|spe|1\n|move|p2a: Politoed|Surf|p1a: Lapras\n|-heal|p1a: Lapras|367/367|[from] ability: Water Absorb|[of] p2a: Politoed\n|\n|-weather|RainDance|[upkeep]\n|-heal|p2a: Politoed|252/302|[from] item: Leftovers\n|upkeep\n|turn|11\n|\n|t:|1733782704\n|switch|p1a: Cyclizar|Cyclizar, L83, F|134/252\n|move|p2a: Politoed|Ice Beam|p1a: Cyclizar\n|-supereffective|p1a: Cyclizar\n|-damage|p1a: Cyclizar|0 fnt\n|faint|p1a: Cyclizar\n|\n|-weather|RainDance|[upkeep]\n|-heal|p2a: Politoed|270/302|[from] item: Leftovers\n|upkeep\n|\n|t:|1733782715\n|switch|p1a: Hitmonlee|Hitmonlee, L85, M|224/224\n|-damage|p1a: Hitmonlee|210/224|[from] Stealth Rock\n|-activate|p1a: Hitmonlee|move: Sticky Web\n|-unboost|p1a: Hitmonlee|spe|1\n|-enditem|p1a: Hitmonlee|White Herb\n|-clearnegativeboost|p1a: Hitmonlee|[silent]\n|turn|12\n|\n|t:|1733782723\n|move|p1a: Hitmonlee|Swords Dance|p1a: Hitmonlee\n|-boost|p1a: Hitmonlee|atk|2\n|move|p2a: Politoed|Surf|p1a: Hitmonlee\n|-damage|p1a: Hitmonlee|75/224\n|\n|-weather|RainDance|[upkeep]\n|-heal|p2a: Politoed|288/302|[from] item: Leftovers\n|upkeep\n|turn|13\n|\n|t:|1733782728\n|move|p1a: Hitmonlee|Close Combat|p2a: Politoed\n|-damage|p2a: Politoed|0 fnt\n|-unboost|p1a: Hitmonlee|def|1\n|-unboost|p1a: Hitmonlee|spd|1\n|faint|p2a: Politoed\n|\n|-weather|none\n|upkeep\n|\n|t:|1733782733\n|switch|p2a: Arceus|Arceus-Grass, L72|292/292\n|turn|14\n|\n|t:|1733782739\n|-terastallize|p1a: Hitmonlee|Fighting\n|move|p1a: Hitmonlee|Close Combat|p2a: Arceus\n|-damage|p2a: Arceus|0 fnt\n|-unboost|p1a: Hitmonlee|def|1\n|-unboost|p1a: Hitmonlee|spd|1\n|faint|p2a: Arceus\n|\n|upkeep\n|\n|t:|1733782744\n|switch|p2a: Regigigas|Regigigas, L84|322/322\n|-start|p2a: Regigigas|ability: Slow Start\n|turn|15\n|\n|t:|1733782749\n|-terastallize|p2a: Regigigas|Ghost\n|move|p1a: Hitmonlee|Knock Off|p2a: Regigigas\n|-supereffective|p2a: Regigigas\n|-damage|p2a: Regigigas|30/322\n|-enditem|p2a: Regigigas|Leftovers|[from] move: Knock Off|[of] p1a: Hitmonlee\n|move|p2a: Regigigas|Body Slam|p1a: Hitmonlee\n|-damage|p1a: Hitmonlee|0 fnt\n|faint|p1a: Hitmonlee\n|\n|upkeep\n|-message|GavidGrana49 forfeited.\n|\n|win|ShuckTillYouMuk\n|raw|ShuckTillYouMuk's rating: 1689 &rarr; <strong>1708</strong><br />(+19 for winning)\n|raw|GavidGrana49's rating: 1666 &rarr; <strong>1647</strong><br />(-19 for losing)\n|l|\u2606GavidGrana49\n|player|p2|\n", "inputlog": ">version bfd83cad13791eb5a5a409923076391caf6fb4d4\n>start {\"formatid\":\"gen9randombattle\",\"seed\":[31988,60120,44787,11183],\"rated\":\"Rated battle\"}\n>player p1 {\"name\":\"ShuckTillYouMuk\",\"avatar\":\"266\",\"rating\":1689,\"seed\":[36835,30019,2154,64661]}\n>player p2 {\"name\":\"GavidGrana49\",\"avatar\":\"266\",\"rating\":1666,\"seed\":[62614,9558,17376,46642]}\n>p1 move dragondance\n>p2 move hypnosis\n>p1 move waterfall\n>p2 move encore\n>p1 move waterfall\n>p2 switch 6\n>p1 switch 3\n>p2 move poisonjab\n>p1 move shedtail\n>p2 move stealthrock\n>p1 switch 4\n>p1 move earthquake\n>p2 move earthquake\n>p2 switch 3\n>p1 move earthquake\n>p2 move stickyweb\n>p1 move earthquake\n>p2 move thunder\n>p2 switch 6\n>p1 move earthquake\n>p2 move hypnosis\n>p1 switch 3\n>p2 move surf\n>p1 switch 4\n>p2 move icebeam\n>p1 switch 6\n>p1 move swordsdance\n>p2 move surf\n>p1 move closecombat\n>p2 move surf\n>p2 switch 5\n>p1 move closecombat terastallize\n>p2 move judgment\n>p2 switch 2\n>p1 move knockoff\n>p2 move bodyslam terastallize\n>forcelose p2", "uploadtime": 1733782770, "views": 1, "formatid": "gen9randombattle", "rating": 1647, "private": 0, "password": null}