{"id": "gen9randombattle-2127136101", "format": "[Gen 9] Random Battle", "players": ["zanate15", "RaisedByChaos"], "log": "|j|\u2606zanate15\n|j|\u2606RaisedByChaos\n|t:|1716252601\n|gametype|singles\n|player|p1|zanate15|170|2235\n|player|p2|RaisedByChaos|ingo|2289\n|teamsize|p1|6\n|teamsize|p2|6\n|gen|9\n|tier|[Gen 9] Random Battle\n|rated|\n|rule|Species Clause: Limit one of each Pok\u00e9mon\n|rule|HP Percentage Mod: HP is shown in percentages\n|rule|Sleep Clause Mod: Limit one foe put to sleep\n|rule|Illusion Level Mod: Illusion disguises the Pok\u00e9mon's true level\n|\n|t:|1716252601\n|start\n|switch|p1a: Gengar|Gengar, L81, F|230/230\n|switch|p2a: Regieleki|Regieleki, L78|253/253\n|turn|1\n|inactive|Battle timer is ON: inactive players will automatically lose when time's up. (requested by zanate15)\n|\n|t:|1716252618\n|move|p2a: Regieleki|Volt Switch|p1a: Gengar\n|-damage|p1a: Gengar|116/230\n|j| 2xPride=2xFall\n|\n|t:|1716252623\n|switch|p2a: Camerupt|Camerupt, L91, F|275/275|[from] Volt Switch\n|move|p1a: Gengar|Sludge Wave|p2a: Camerupt\n|-resisted|p2a: Camerupt\n|-damage|p2a: Camerupt|197/275\n|-damage|p1a: Gengar|93/230|[from] item: Life Orb\n|\n|-heal|p2a: Camerupt|214/275|[from] item: Leftovers\n|upkeep\n|turn|2\n|\n|t:|1716252636\n|move|p1a: Gengar|Shadow Ball|p2a: Camerupt\n|-damage|p2a: Camerupt|80/275\n|-damage|p1a: Gengar|70/230|[from] item: Life Orb\n|move|p2a: Camerupt|Stealth Rock|p1a: Gengar\n|-sidestart|p1: zanate15|move: Stealth Rock\n|\n|-heal|p2a: Camerupt|97/275|[from] item: Leftovers\n|upkeep\n|turn|3\n|\n|t:|1716252642\n|move|p1a: Gengar|Shadow Ball|p2a: Camerupt\n|-damage|p2a: Camerupt|0 fnt\n|faint|p2a: Camerupt\n|-damage|p1a: Gengar|47/230|[from] item: Life Orb\n|\n|upkeep\n|\n|t:|1716252644\n|switch|p2a: Regieleki|Regieleki, L78|253/253\n|turn|4\n|\n|t:|1716252650\n|move|p2a: Regieleki|Thunderbolt|p1a: Gengar\n|-damage|p1a: Gengar|0 fnt\n|faint|p1a: Gengar\n|\n|upkeep\n|\n|t:|1716252653\n|switch|p1a: Trevenant|Trevenant, L88, F|293/293\n|-damage|p1a: Trevenant|257/293|[from] Stealth Rock\n|turn|5\n|\n|t:|1716252655\n|move|p2a: Regieleki|Volt Switch|p1a: Trevenant\n|-resisted|p1a: Trevenant\n|-damage|p1a: Trevenant|208/293\n|\n|t:|1716252662\n|switch|p2a: Brambleghast|Brambleghast, L88, M|240/240|[from] Volt Switch\n|move|p1a: Trevenant|Toxic|p2a: Brambleghast\n|-status|p2a: Brambleghast|tox\n|\n|-damage|p2a: Brambleghast|225/240 tox|[from] psn\n|upkeep\n|turn|6\n|\n|t:|1716252673\n|move|p1a: Trevenant|Protect|p1a: Trevenant\n|-singleturn|p1a: Trevenant|Protect\n|move|p2a: Brambleghast|Poltergeist|p1a: Trevenant\n|-activate|p1a: Trevenant|move: Protect\n|\n|-heal|p2a: Brambleghast|240/240 tox|[from] item: Leftovers\n|-damage|p2a: Brambleghast|210/240 tox|[from] psn\n|upkeep\n|turn|7\n|\n|t:|1716252692\n|switch|p1a: Regirock|Regirock, L85|275/275\n|-damage|p1a: Regirock|241/275|[from] Stealth Rock\n|move|p2a: Brambleghast|Poltergeist|p1a: Regirock\n|-activate|p1a: Regirock|move: Poltergeist|Leftovers\n|-damage|p1a: Regirock|160/275\n|\n|-heal|p2a: Brambleghast|225/240 tox|[from] item: Leftovers\n|-heal|p1a: Regirock|177/275|[from] item: Leftovers\n|-damage|p2a: Brambleghast|180/240 tox|[from] psn\n|upkeep\n|turn|8\n|c|\u2606RaisedByChaos|if i lose to toxic protect stall for my game to top 100 i will die\n|\n|t:|1716252699\n|move|p2a: Brambleghast|Leech Seed|p1a: Regirock\n|-start|p1a: Regirock|move: Leech Seed\n|move|p1a: Regirock|Stone Edge|p2a: Brambleghast\n|-damage|p2a: Brambleghast|48/240 tox\n|\n|-heal|p2a: Brambleghast|63/240 tox|[from] item: Leftovers\n|-heal|p1a: Regirock|194/275|[from] item: Leftovers\n|-damage|p1a: Regirock|160/275|[from] Leech Seed|[of] p2a: Brambleghast\n|-heal|p2a: Brambleghast|97/240 tox|[silent]\n|-damage|p2a: Brambleghast|37/240 tox|[from] psn\n|upkeep\n|turn|9\n|\n|t:|1716252713\n|switch|p1a: Trevenant|Trevenant, L88, F|208/293\n|-damage|p1a: Trevenant|172/293|[from] Stealth Rock\n|move|p2a: Brambleghast|Poltergeist|p1a: Trevenant\n|-activate|p1a: Trevenant|move: Poltergeist|Sitrus Berry\n|-supereffective|p1a: Trevenant\n|-damage|p1a: Trevenant|0 fnt\n|faint|p1a: Trevenant\n|\n|-heal|p2a: Brambleghast|52/240 tox|[from] item: Leftovers\n|-damage|p2a: Brambleghast|0 fnt|[from] psn\n|faint|p2a: Brambleghast\n|upkeep\n|\n|t:|1716252729\n|switch|p2a: Regieleki|Regieleki, L78|253/253\n|switch|p1a: Flamigo|Flamigo, L82, M, shiny|269/269\n|-damage|p1a: Flamigo|236/269|[from] Stealth Rock\n|turn|10\n|\n|t:|1716252749\n|switch|p1a: Regirock|Regirock, L85|160/275\n|-damage|p1a: Regirock|126/275|[from] Stealth Rock\n|-terastallize|p2a: Regieleki|Electric\n|move|p2a: Regieleki|Volt Switch|p1a: Regirock\n|-damage|p1a: Regirock|10/275\n|\n|t:|1716252760\n|switch|p2a: Miraidon|Miraidon, L65|238/238|[from] Volt Switch\n|-fieldstart|move: Electric Terrain|[from] ability: Hadron Engine|[of] p2a: Miraidon\n|\n|-heal|p1a: Regirock|27/275|[from] item: Leftovers\n|upkeep\n|turn|11\n|\n|t:|1716252766\n|move|p2a: Miraidon|Electro Drift|p1a: Regirock\n|-damage|p1a: Regirock|0 fnt\n|faint|p1a: Regirock\n|\n|upkeep\n|l| 2xPride=2xFall\n|\n|t:|1716252776\n|switch|p1a: Volcarona|Volcarona, L77, F|257/257\n|turn|12\n|\n|t:|1716252788\n|move|p2a: Miraidon|Electro Drift|p1a: Volcarona\n|-damage|p1a: Volcarona|109/257\n|move|p1a: Volcarona|Quiver Dance|p1a: Volcarona\n|-boost|p1a: Volcarona|spa|1\n|-boost|p1a: Volcarona|spd|1\n|-boost|p1a: Volcarona|spe|1\n|\n|upkeep\n|turn|13\n|\n|t:|1716252792\n|move|p1a: Volcarona|Morning Sun|p1a: Volcarona\n|-heal|p1a: Volcarona|237/257\n|move|p2a: Miraidon|Electro Drift|p1a: Volcarona\n|-damage|p1a: Volcarona|146/257\n|\n|upkeep\n|turn|14\n|\n|t:|1716252799\n|move|p1a: Volcarona|Quiver Dance|p1a: Volcarona\n|-boost|p1a: Volcarona|spa|1\n|-boost|p1a: Volcarona|spd|1\n|-boost|p1a: Volcarona|spe|1\n|move|p2a: Miraidon|Calm Mind|p2a: Miraidon\n|-boost|p2a: Miraidon|spa|1\n|-boost|p2a: Miraidon|spd|1\n|\n|-fieldend|move: Electric Terrain\n|upkeep\n|turn|15\n|\n|t:|1716252806\n|move|p1a: Volcarona|Fire Blast|p2a: Miraidon\n|-resisted|p2a: Miraidon\n|-damage|p2a: Miraidon|150/238\n|move|p2a: Miraidon|Calm Mind|p2a: Miraidon\n|-boost|p2a: Miraidon|spa|1\n|-boost|p2a: Miraidon|spd|1\n|\n|-heal|p2a: Miraidon|164/238|[from] item: Leftovers\n|upkeep\n|turn|16\n|\n|t:|1716252812\n|move|p1a: Volcarona|Fire Blast|p2a: Miraidon\n|-resisted|p2a: Miraidon\n|-damage|p2a: Miraidon|97/238\n|move|p2a: Miraidon|Calm Mind|p2a: Miraidon\n|-boost|p2a: Miraidon|spa|1\n|-boost|p2a: Miraidon|spd|1\n|\n|-heal|p2a: Miraidon|111/238|[from] item: Leftovers\n|upkeep\n|turn|17\n|j| 2xPride=2xFall\n|\n|t:|1716252823\n|move|p1a: Volcarona|Quiver Dance|p1a: Volcarona\n|-boost|p1a: Volcarona|spa|1\n|-boost|p1a: Volcarona|spd|1\n|-boost|p1a: Volcarona|spe|1\n|move|p2a: Miraidon|Calm Mind|p2a: Miraidon\n|-boost|p2a: Miraidon|spa|1\n|-boost|p2a: Miraidon|spd|1\n|\n|-heal|p2a: Miraidon|125/238|[from] item: Leftovers\n|upkeep\n|turn|18\n|\n|t:|1716252834\n|move|p1a: Volcarona|Fire Blast|p2a: Miraidon\n|-resisted|p2a: Miraidon\n|-damage|p2a: Miraidon|73/238\n|move|p2a: Miraidon|Calm Mind|p2a: Miraidon\n|-boost|p2a: Miraidon|spa|1\n|-boost|p2a: Miraidon|spd|1\n|\n|-heal|p2a: Miraidon|87/238|[from] item: Leftovers\n|upkeep\n|turn|19\n|\n|t:|1716252847\n|move|p1a: Volcarona|Quiver Dance|p1a: Volcarona\n|-boost|p1a: Volcarona|spa|1\n|-boost|p1a: Volcarona|spd|1\n|-boost|p1a: Volcarona|spe|1\n|move|p2a: Miraidon|Calm Mind|p2a: Miraidon\n|-boost|p2a: Miraidon|spa|1\n|-boost|p2a: Miraidon|spd|1\n|\n|-heal|p2a: Miraidon|101/238|[from] item: Leftovers\n|upkeep\n|turn|20\n|\n|t:|1716252855\n|move|p1a: Volcarona|Quiver Dance|p1a: Volcarona\n|-boost|p1a: Volcarona|spa|1\n|-boost|p1a: Volcarona|spd|1\n|-boost|p1a: Volcarona|spe|1\n|move|p2a: Miraidon|Electro Drift|p1a: Volcarona\n|-damage|p1a: Volcarona|58/257\n|-status|p2a: Miraidon|brn|[from] ability: Flame Body|[of] p1a: Volcarona\n|\n|-heal|p2a: Miraidon|115/238 brn|[from] item: Leftovers\n|-damage|p2a: Miraidon|101/238 brn|[from] brn\n|upkeep\n|turn|21\n|\n|t:|1716252871\n|move|p1a: Volcarona|Morning Sun|p1a: Volcarona\n|-heal|p1a: Volcarona|186/257\n|move|p2a: Miraidon|Electro Drift|p1a: Volcarona\n|-damage|p1a: Volcarona|99/257\n|\n|-heal|p2a: Miraidon|115/238 brn|[from] item: Leftovers\n|-damage|p2a: Miraidon|101/238 brn|[from] brn\n|upkeep\n|turn|22\n|c|\u2606RaisedByChaos|i didnt know this was contact\n|\n|t:|1716252882\n|move|p1a: Volcarona|Quiver Dance|p1a: Volcarona\n|-boost|p1a: Volcarona|spa|1\n|-boost|p1a: Volcarona|spd|1\n|-boost|p1a: Volcarona|spe|1\n|move|p2a: Miraidon|Electro Drift|p1a: Volcarona\n|-damage|p1a: Volcarona|15/257\n|\n|-heal|p2a: Miraidon|115/238 brn|[from] item: Leftovers\n|-damage|p2a: Miraidon|101/238 brn|[from] brn\n|upkeep\n|turn|23\n|\n|t:|1716252891\n|move|p1a: Volcarona|Morning Sun|p1a: Volcarona\n|-heal|p1a: Volcarona|143/257\n|move|p2a: Miraidon|Electro Drift|p1a: Volcarona\n|-damage|p1a: Volcarona|64/257\n|\n|-heal|p2a: Miraidon|115/238 brn|[from] item: Leftovers\n|-damage|p2a: Miraidon|101/238 brn|[from] brn\n|upkeep\n|turn|24\n|\n|t:|1716252901\n|move|p1a: Volcarona|Morning Sun|p1a: Volcarona\n|-heal|p1a: Volcarona|192/257\n|move|p2a: Miraidon|Electro Drift|p1a: Volcarona\n|-damage|p1a: Volcarona|105/257\n|\n|-heal|p2a: Miraidon|115/238 brn|[from] item: Leftovers\n|-damage|p2a: Miraidon|101/238 brn|[from] brn\n|upkeep\n|turn|25\n|\n|t:|1716252908\n|move|p1a: Volcarona|Morning Sun|p1a: Volcarona\n|-heal|p1a: Volcarona|233/257\n|move|p2a: Miraidon|Draco Meteor|p1a: Volcarona\n|-damage|p1a: Volcarona|133/257\n|-unboost|p2a: Miraidon|spa|2\n|\n|-heal|p2a: Miraidon|115/238 brn|[from] item: Leftovers\n|-damage|p2a: Miraidon|101/238 brn|[from] brn\n|upkeep\n|turn|26\n|\n|t:|1716252916\n|move|p1a: Volcarona|Giga Drain|p2a: Miraidon\n|-resisted|p2a: Miraidon\n|-damage|p2a: Miraidon|72/238 brn\n|-heal|p1a: Volcarona|148/257|[from] drain|[of] p2a: Miraidon\n|move|p2a: Miraidon|Draco Meteor|p1a: Volcarona\n|-damage|p1a: Volcarona|73/257\n|-unboost|p2a: Miraidon|spa|2\n|\n|-heal|p2a: Miraidon|86/238 brn|[from] item: Leftovers\n|-damage|p2a: Miraidon|72/238 brn|[from] brn\n|upkeep\n|turn|27\n|\n|t:|1716252926\n|move|p1a: Volcarona|Morning Sun|p1a: Volcarona\n|-heal|p1a: Volcarona|201/257\n|move|p2a: Miraidon|Draco Meteor|p1a: Volcarona\n|-damage|p1a: Volcarona|144/257\n|-unboost|p2a: Miraidon|spa|2\n|\n|-heal|p2a: Miraidon|86/238 brn|[from] item: Leftovers\n|-damage|p2a: Miraidon|72/238 brn|[from] brn\n|upkeep\n|turn|28\n|\n|t:|1716252939\n|move|p1a: Volcarona|Giga Drain|p2a: Miraidon\n|-resisted|p2a: Miraidon\n|-damage|p2a: Miraidon|42/238 brn\n|-heal|p1a: Volcarona|159/257|[from] drain|[of] p2a: Miraidon\n|move|p2a: Miraidon|Draco Meteor|p1a: Volcarona|[miss]\n|-miss|p2a: Miraidon|p1a: Volcarona\n|\n|-heal|p2a: Miraidon|56/238 brn|[from] item: Leftovers\n|-damage|p2a: Miraidon|42/238 brn|[from] brn\n|upkeep\n|turn|29\n|\n|t:|1716252946\n|move|p1a: Volcarona|Giga Drain|p2a: Miraidon\n|-resisted|p2a: Miraidon\n|-damage|p2a: Miraidon|11/238 brn\n|-heal|p1a: Volcarona|175/257|[from] drain|[of] p2a: Miraidon\n|move|p2a: Miraidon|Draco Meteor|p1a: Volcarona\n|-damage|p1a: Volcarona|150/257\n|-unboost|p2a: Miraidon|spa|2\n|\n|-heal|p2a: Miraidon|25/238 brn|[from] item: Leftovers\n|-damage|p2a: Miraidon|11/238 brn|[from] brn\n|upkeep\n|turn|30\n|\n|t:|1716252953\n|move|p1a: Volcarona|Giga Drain|p2a: Miraidon\n|-resisted|p2a: Miraidon\n|-damage|p2a: Miraidon|0 fnt\n|-heal|p1a: Volcarona|156/257|[from] drain|[of] p2a: Miraidon\n|faint|p2a: Miraidon\n|\n|upkeep\n|\n|t:|1716252955\n|switch|p2a: Trevenant|Trevenant, L88, M|293/293\n|turn|31\n|\n|t:|1716252961\n|move|p2a: Trevenant|Protect|p2a: Trevenant\n|-singleturn|p2a: Trevenant|Protect\n|move|p1a: Volcarona|Fire Blast|p2a: Trevenant\n|-activate|p2a: Trevenant|move: Protect\n|\n|upkeep\n|turn|32\n|\n|t:|1716252964\n|switch|p2a: Suicune|Suicune, L82|298/298\n|-ability|p2a: Suicune|Pressure\n|move|p1a: Volcarona|Fire Blast|p2a: Suicune\n|-resisted|p2a: Suicune\n|-damage|p2a: Suicune|93/298\n|-status|p2a: Suicune|brn\n|\n|-heal|p2a: Suicune|111/298 brn|[from] item: Leftovers\n|-damage|p2a: Suicune|93/298 brn|[from] brn\n|upkeep\n|turn|33\n|\n|t:|1716252974\n|switch|p2a: Trevenant|Trevenant, L88, M|293/293\n|move|p1a: Volcarona|Giga Drain|p2a: Trevenant\n|-resisted|p2a: Trevenant\n|-damage|p2a: Trevenant|173/293\n|-heal|p1a: Volcarona|216/257|[from] drain|[of] p2a: Trevenant\n|\n|upkeep\n|turn|34\n|\n|t:|1716252982\n|move|p2a: Trevenant|Protect|p2a: Trevenant\n|-singleturn|p2a: Trevenant|Protect\n|move|p1a: Volcarona|Fire Blast|p2a: Trevenant\n|-activate|p2a: Trevenant|move: Protect\n|\n|upkeep\n|turn|35\n|j| Shaky3\n|\n|t:|1716252992\n|switch|p2a: Suicune|Suicune, L82|93/298 brn\n|-ability|p2a: Suicune|Pressure\n|move|p1a: Volcarona|Giga Drain|p2a: Suicune\n|-supereffective|p2a: Suicune\n|-damage|p2a: Suicune|0 fnt\n|-heal|p1a: Volcarona|257/257|[from] drain|[of] p2a: Suicune\n|faint|p2a: Suicune\n|\n|upkeep\n|\n|t:|1716252994\n|switch|p2a: Trevenant|Trevenant, L88, M|173/293\n|turn|36\n|\n|t:|1716253000\n|move|p1a: Volcarona|Giga Drain|p2a: Trevenant\n|-resisted|p2a: Trevenant\n|-damage|p2a: Trevenant|52/293\n|-enditem|p2a: Trevenant|Sitrus Berry|[eat]\n|-heal|p2a: Trevenant|125/293|[from] item: Sitrus Berry\n|move|p2a: Trevenant|Toxic|p1a: Volcarona\n|-status|p1a: Volcarona|tox\n|\n|-damage|p1a: Volcarona|241/257 tox|[from] psn\n|-item|p2a: Trevenant|Sitrus Berry|[from] ability: Harvest\n|upkeep\n|-enditem|p2a: Trevenant|Sitrus Berry|[eat]\n|-heal|p2a: Trevenant|198/293|[from] item: Sitrus Berry\n|turn|37\n|\n|t:|1716253012\n|move|p1a: Volcarona|Giga Drain|p2a: Trevenant\n|-resisted|p2a: Trevenant\n|-damage|p2a: Trevenant|76/293\n|-heal|p1a: Volcarona|257/257 tox|[from] drain|[of] p2a: Trevenant\n|move|p2a: Trevenant|Poltergeist|p1a: Volcarona\n|-activate|p1a: Volcarona|move: Poltergeist|Heavy-Duty Boots\n|-damage|p1a: Volcarona|50/257 tox\n|\n|-damage|p1a: Volcarona|18/257 tox|[from] psn\n|upkeep\n|turn|38\n|inactive|RaisedByChaos has 120 seconds left.\n|inactive|RaisedByChaos has 90 seconds left.\n|\n|t:|1716253091\n|move|p2a: Trevenant|Protect|p2a: Trevenant\n|-singleturn|p2a: Trevenant|Protect\n|move|p1a: Volcarona|Giga Drain|p2a: Trevenant\n|-activate|p2a: Trevenant|move: Protect\n|\n|-damage|p1a: Volcarona|0 fnt|[from] psn\n|faint|p1a: Volcarona\n|-item|p2a: Trevenant|Sitrus Berry|[from] ability: Harvest\n|upkeep\n|-enditem|p2a: Trevenant|Sitrus Berry|[eat]\n|-heal|p2a: Trevenant|149/293|[from] item: Sitrus Berry\n|l| Shaky3\n|inactive|zanate15 has 120 seconds left.\n|\n|t:|1716253110\n|switch|p1a: Minior|Minior-Blue, L79|223/223\n|-damage|p1a: Minior|168/223|[from] Stealth Rock\n|-formechange|p1a: Minior|Minior-Meteor||[from] ability: Shields Down\n|turn|39\n|inactive|RaisedByChaos has 60 seconds left.\n|inactive|RaisedByChaos has 30 seconds left.\n|inactive|RaisedByChaos has 20 seconds left.\n|inactive|RaisedByChaos has 15 seconds left.\n|\n|t:|1716253186\n|switch|p2a: Regieleki|Regieleki, L78, tera:Electric|253/253\n|move|p1a: Minior|Shell Smash|p1a: Minior\n|-unboost|p1a: Minior|def|1\n|-unboost|p1a: Minior|spd|1\n|-boost|p1a: Minior|atk|2\n|-boost|p1a: Minior|spa|2\n|-boost|p1a: Minior|spe|2\n|-enditem|p1a: Minior|White Herb\n|-clearnegativeboost|p1a: Minior|[silent]\n|\n|upkeep\n|turn|40\n|inactive|RaisedByChaos has 25 seconds left this turn.\n|inactive|RaisedByChaos has 20 seconds left.\n|inactive|RaisedByChaos has 15 seconds left.\n|\n|t:|1716253199\n|move|p2a: Regieleki|Thunderbolt|p1a: Minior\n|-supereffective|p1a: Minior\n|-damage|p1a: Minior|0 fnt\n|faint|p1a: Minior\n|\n|upkeep\n|inactive|RaisedByChaos has 20 seconds left this turn.\n|\n|t:|1716253203\n|switch|p1a: Flamigo|Flamigo, L82, M, shiny|236/269\n|-damage|p1a: Flamigo|203/269|[from] Stealth Rock\n|turn|41\n|inactive|RaisedByChaos has 30 seconds left this turn.\n|c|\u2606RaisedByChaos|what a game\n|inactive|RaisedByChaos has 20 seconds left.\n|\n|t:|1716253214\n|-terastallize|p1a: Flamigo|Fighting\n|move|p2a: Regieleki|Volt Switch|p1a: Flamigo\n|-damage|p1a: Flamigo|13/269\n|inactive|RaisedByChaos has 25 seconds left this turn.\n|\n|t:|1716253215\n|switch|p2a: Trevenant|Trevenant, L88, M|149/293|[from] Volt Switch\n|move|p1a: Flamigo|Close Combat|p2a: Trevenant\n|-damage|p2a: Trevenant|0 fnt\n|-unboost|p1a: Flamigo|def|1\n|-unboost|p1a: Flamigo|spd|1\n|faint|p2a: Trevenant\n|-damage|p1a: Flamigo|0 fnt|[from] item: Life Orb\n|faint|p1a: Flamigo\n|\n|win|RaisedByChaos\n|inactive|RaisedByChaos has 30 seconds left this turn.\n|raw|zanate15's rating: 2235 &rarr; <strong>2218</strong><br />(-17 for losing)\n|raw|RaisedByChaos's rating: 2289 &rarr; <strong>2306</strong><br />(+17 for winning)\n", "inputlog": ">version 7158ead19aeac8750849df2840eabb6dbec77df6\n>start {\"formatid\":\"gen9randombattle\",\"seed\":[3702,764,7413,44431],\"rated\":\"Rated battle\"}\n>player p1 {\"name\":\"zanate15\",\"avatar\":\"170\",\"rating\":2235,\"seed\":[37419,52396,7085,64913]}\n>player p2 {\"name\":\"RaisedByChaos\",\"avatar\":\"ingo\",\"rating\":2289,\"seed\":[235,36340,31980,2279]}\n>p1 move sludgewave\n>p2 move voltswitch\n>p2 switch 2\n>p1 move shadowball\n>p2 move stealthrock\n>p1 move shadowball\n>p2 move earthquake\n>p2 switch 2\n>p1 move sludgewave\n>p2 move thunderbolt\n>p1 switch 3\n>p1 move toxic\n>p2 move voltswitch\n>p2 switch 3\n>p1 move protect\n>p2 move poltergeist\n>p1 switch 4\n>p2 move poltergeist\n>chat \u2606RaisedByChaos|if i lose to toxic protect stall for my game to top 100 i will die\n>p1 move stoneedge\n>p2 move leechseed\n>p1 switch 4\n>p2 move poltergeist\n>p1 switch 6\n>p2 switch 3\n>p1 switch 4\n>p2 move voltswitch terastallize\n>p2 switch 5\n>p1 move bodypress\n>p2 move electrodrift\n>p1 switch 5\n>p1 move quiverdance\n>p2 move electrodrift\n>p1 move morningsun\n>p2 move electrodrift\n>p1 move quiverdance\n>p2 move calmmind\n>p1 move fireblast\n>p2 move calmmind\n>p1 move fireblast\n>p2 move calmmind\n>p1 move quiverdance\n>p2 move calmmind\n>p1 move fireblast\n>p2 move calmmind\n>p1 move quiverdance\n>p2 move calmmind\n>p1 move quiverdance\n>p2 move electrodrift\n>p1 move morningsun\n>p2 move electrodrift\n>chat \u2606RaisedByChaos|i didnt know this was contact\n>p1 move quiverdance\n>p2 move electrodrift\n>p1 move morningsun\n>p2 move electrodrift\n>p1 move morningsun\n>p2 move electrodrift\n>p1 move morningsun\n>p2 move dracometeor\n>p1 move gigadrain\n>p2 move dracometeor\n>p1 move morningsun\n>p2 move dracometeor\n>p1 move gigadrain\n>p2 move dracometeor\n>p1 move gigadrain\n>p2 move dracometeor\n>p1 move gigadrain\n>p2 move dracometeor\n>p2 switch 4\n>p1 move fireblast\n>p2 move protect\n>p1 move fireblast\n>p2 switch 6\n>p1 move gigadrain\n>p2 switch 6\n>p1 move fireblast\n>p2 move protect\n>p1 move gigadrain\n>p2 switch 6\n>p2 switch 6\n>p1 move gigadrain\n>p2 move toxic\n>p1 move gigadrain\n>p2 move poltergeist\n>p1 move gigadrain\n>p2 move protect\n>p1 switch 2\n>p1 move shellsmash\n>p2 switch 5\n>p1 move earthquake\n>p2 move thunderbolt\n>p1 switch 4\n>chat \u2606RaisedByChaos|what a game\n>p1 move closecombat terastallize\n>p2 move voltswitch\n>p2 switch 5", "uploadtime": 1716253220, "views": 226, "formatid": "gen9randombattle", "rating": 2218, "private": 0, "password": null}