{"id": "gen9randombattle-2259977263", "format": "[Gen 9] Random Battle", "players": ["Tanker57", "makiboy2004"], "log": "|j|\u2606Tanker57\n|j|\u2606makiboy2004\n|t:|1733786621\n|gametype|singles\n|player|p1|Tanker57|hiker-gen4|1025\n|player|p2|makiboy2004|1|1048\n|teamsize|p1|6\n|teamsize|p2|6\n|gen|9\n|tier|[Gen 9] Random Battle\n|rated|\n|rule|Species Clause: Limit one of each Pok\u00e9mon\n|rule|HP Percentage Mod: HP is shown in percentages\n|rule|Sleep Clause Mod: Limit one foe put to sleep\n|rule|Illusion Level Mod: Illusion disguises the Pok\u00e9mon's true level\n|\n|t:|1733786621\n|start\n|switch|p1a: Froslass|Froslass, L87, F|263/263\n|switch|p2a: Great Tusk|Great Tusk, L77|304/304\n|turn|1\n|inactive|Battle timer is ON: inactive players will automatically lose when time's up. (requested by Tanker57)\n|c|\u2606Tanker57|nggier\n|\n|t:|1733786645\n|move|p1a: Froslass|Triple Axel|p2a: Great Tusk\n|-supereffective|p2a: Great Tusk\n|-damage|p2a: Great Tusk|268/304\n|-supereffective|p2a: Great Tusk\n|-damage|p2a: Great Tusk|206/304\n|-supereffective|p2a: Great Tusk\n|-damage|p2a: Great Tusk|104/304\n|-hitcount|p2a: Great Tusk|3\n|move|p2a: Great Tusk|Knock Off|p1a: Froslass\n|-supereffective|p1a: Froslass\n|-damage|p1a: Froslass|97/263\n|-enditem|p1a: Froslass|Wide Lens|[from] move: Knock Off|[of] p2a: Great Tusk\n|\n|upkeep\n|turn|2\n|inactive|makiboy2004 has 120 seconds left.\n|\n|t:|1733786681\n|-end|p2a: Great Tusk|Protosynthesis|[silent]\n|switch|p2a: Basculin|Basculin-Blue-Striped, L86, F|261/261\n|move|p1a: Froslass|Triple Axel|p2a: Basculin\n|-resisted|p2a: Basculin\n|-damage|p2a: Basculin|249/261\n|-resisted|p2a: Basculin\n|-damage|p2a: Basculin|225/261\n|-resisted|p2a: Basculin\n|-damage|p2a: Basculin|192/261\n|-hitcount|p2a: Basculin|3\n|\n|upkeep\n|turn|3\n|inactive|makiboy2004 has 120 seconds left.\n|\n|t:|1733786694\n|move|p1a: Froslass|Poltergeist|p2a: Basculin\n|-activate|p2a: Basculin|move: Poltergeist|Choice Band\n|-crit|p2a: Basculin\n|-damage|p2a: Basculin|0 fnt\n|faint|p2a: Basculin\n|\n|upkeep\n|inactive|makiboy2004 has 120 seconds left.\n|\n|t:|1733786707\n|switch|p2a: Azumarill|Azumarill, L82, M|298/298\n|turn|4\n|\n|t:|1733786716\n|move|p1a: Froslass|Triple Axel|p2a: Azumarill\n|-resisted|p2a: Azumarill\n|-damage|p2a: Azumarill|286/298\n|-resisted|p2a: Azumarill\n|-damage|p2a: Azumarill|266/298\n|-resisted|p2a: Azumarill\n|-damage|p2a: Azumarill|236/298\n|-hitcount|p2a: Azumarill|3\n|move|p2a: Azumarill|Play Rough|p1a: Froslass\n|-damage|p1a: Froslass|0 fnt\n|-start|p2a: Azumarill|Disable|Play Rough|[from] ability: Cursed Body|[of] p1a: Froslass\n|faint|p1a: Froslass\n|\n|upkeep\n|\n|t:|1733786738\n|switch|p1a: Rhyperior|Rhyperior, L82, M|219/219\n|turn|5\n|\n|t:|1733786748\n|switch|p2a: Spidops|Spidops, L96, M|271/271\n|move|p1a: Rhyperior|Bitter Malice|p2a: Spidops\n|-damage|p2a: Spidops|157/271\n|-unboost|p2a: Spidops|atk|1\n|\n|upkeep\n|turn|6\n|\n|t:|1733786758\n|move|p1a: Rhyperior|Bitter Malice|p2a: Spidops\n|-damage|p2a: Spidops|43/271\n|-unboost|p2a: Spidops|atk|1\n|move|p2a: Spidops|Toxic Spikes|p1a: Rhyperior\n|-sidestart|p1: Tanker57|move: Toxic Spikes\n|\n|upkeep\n|turn|7\n|\n|t:|1733786773\n|move|p1a: Rhyperior|Bitter Malice|p2a: Spidops\n|-damage|p2a: Spidops|0 fnt\n|faint|p2a: Spidops\n|\n|upkeep\n|\n|t:|1733786778\n|switch|p2a: Azumarill|Azumarill, L82, M|236/298\n|turn|8\n|\n|t:|1733786786\n|move|p2a: Azumarill|Aqua Jet|p1a: Rhyperior\n|-damage|p1a: Rhyperior|123/219\n|replace|p1a: Zoroark|Zoroark-Hisui, L80, M\n|-end|p1a: Zoroark|Illusion\n|-hint|Illusion Level Mod is active, so this Pok\u00e9mon's true level was hidden.\n|move|p1a: Zoroark|Bitter Malice|p2a: Azumarill\n|-damage|p2a: Azumarill|91/298\n|-unboost|p2a: Azumarill|atk|1\n|\n|upkeep\n|turn|9\n|\n|t:|1733786810\n|move|p2a: Azumarill|Aqua Jet|p1a: Zoroark\n|-damage|p1a: Zoroark|50/219\n|move|p1a: Zoroark|Bitter Malice|p2a: Azumarill\n|-damage|p2a: Azumarill|0 fnt\n|faint|p2a: Azumarill\n|\n|upkeep\n|\n|t:|1733786816\n|switch|p2a: Swalot|Swalot, L90, M|326/326\n|turn|10\n|\n|t:|1733786822\n|move|p1a: Zoroark|Bitter Malice|p2a: Swalot\n|-damage|p2a: Swalot|191/326\n|-unboost|p2a: Swalot|atk|1\n|move|p2a: Swalot|Earthquake|p1a: Zoroark\n|-damage|p1a: Zoroark|0 fnt\n|faint|p1a: Zoroark\n|\n|-heal|p2a: Swalot|211/326|[from] item: Leftovers\n|upkeep\n|\n|t:|1733786836\n|switch|p1a: Rhyperior|Rhyperior, L82, M|323/323\n|-status|p1a: Rhyperior|psn\n|turn|11\n|\n|t:|1733786843\n|move|p2a: Swalot|Protect|p2a: Swalot\n|-singleturn|p2a: Swalot|Protect\n|move|p1a: Rhyperior|Megahorn|p2a: Swalot\n|-activate|p2a: Swalot|move: Protect\n|\n|-heal|p2a: Swalot|231/326|[from] item: Leftovers\n|-damage|p1a: Rhyperior|283/323 psn|[from] psn\n|upkeep\n|turn|12\n|\n|t:|1733786854\n|-terastallize|p2a: Swalot|Ground\n|move|p2a: Swalot|Sludge Bomb|p1a: Rhyperior\n|-resisted|p1a: Rhyperior\n|-damage|p1a: Rhyperior|253/323 psn\n|move|p1a: Rhyperior|Megahorn|p2a: Swalot\n|-damage|p2a: Swalot|128/326\n|\n|-heal|p2a: Swalot|148/326|[from] item: Leftovers\n|-damage|p1a: Rhyperior|213/323 psn|[from] psn\n|upkeep\n|turn|13\n|\n|t:|1733786866\n|move|p2a: Swalot|Protect|p2a: Swalot\n|-singleturn|p2a: Swalot|Protect\n|move|p1a: Rhyperior|Earthquake|p2a: Swalot\n|-activate|p2a: Swalot|move: Protect\n|\n|-heal|p2a: Swalot|168/326|[from] item: Leftovers\n|-damage|p1a: Rhyperior|173/323 psn|[from] psn\n|upkeep\n|turn|14\n|\n|t:|1733786876\n|move|p2a: Swalot|Earthquake|p1a: Rhyperior\n|-supereffective|p1a: Rhyperior\n|-damage|p1a: Rhyperior|92/323 psn\n|-enditem|p1a: Rhyperior|Weakness Policy\n|-boost|p1a: Rhyperior|atk|2|[from] item: Weakness Policy\n|-boost|p1a: Rhyperior|spa|2|[from] item: Weakness Policy\n|move|p1a: Rhyperior|Earthquake|p2a: Swalot\n|-damage|p2a: Swalot|0 fnt\n|faint|p2a: Swalot\n|\n|-damage|p1a: Rhyperior|52/323 psn|[from] psn\n|upkeep\n|\n|t:|1733786886\n|switch|p2a: Skarmory|Skarmory, L80, F|235/235\n|turn|15\n|c|\u2606Tanker57|stupid niger\n|\n|t:|1733786905\n|move|p2a: Skarmory|Body Press|p1a: Rhyperior\n|-supereffective|p1a: Rhyperior\n|-damage|p1a: Rhyperior|0 fnt\n|faint|p1a: Rhyperior\n|\n|upkeep\n|\n|t:|1733786915\n|switch|p1a: Emboar|Emboar, L84, F|322/322\n|-status|p1a: Emboar|psn\n|turn|16\n|\n|t:|1733786938\n|switch|p2a: Great Tusk|Great Tusk, L77|104/304\n|move|p1a: Emboar|Flare Blitz|p2a: Great Tusk\n|-damage|p2a: Great Tusk|0 fnt\n|faint|p2a: Great Tusk\n|-end|p2a: Great Tusk|Protosynthesis|[silent]\n|-damage|p1a: Emboar|288/322 psn|[from] Recoil\n|\n|-damage|p1a: Emboar|248/322 psn|[from] psn\n|upkeep\n|inactive|makiboy2004 has 120 seconds left.\n|\n|t:|1733786978\n|switch|p2a: Skarmory|Skarmory, L80, F|235/235\n|turn|17\n|\n|t:|1733786987\n|move|p2a: Skarmory|Brave Bird|p1a: Emboar\n|-supereffective|p1a: Emboar\n|-damage|p1a: Emboar|0 fnt\n|faint|p1a: Emboar\n|-damage|p2a: Skarmory|153/235|[from] Recoil\n|\n|-heal|p2a: Skarmory|167/235|[from] item: Leftovers\n|upkeep\n|\n|t:|1733786996\n|switch|p1a: Rotom|Rotom-Heat, L83|219/219\n|turn|18\n|\n|t:|1733787004\n|move|p1a: Rotom|Overheat|p2a: Skarmory\n|-supereffective|p2a: Skarmory\n|-damage|p2a: Skarmory|0 fnt\n|-unboost|p1a: Rotom|spa|2\n|faint|p2a: Skarmory\n|\n|win|Tanker57\n", "inputlog": ">version bfd83cad13791eb5a5a409923076391caf6fb4d4\n>start {\"formatid\":\"gen9randombattle\",\"seed\":[25015,1595,16751,7767],\"rated\":\"Rated battle\"}\n>player p1 {\"name\":\"Tanker57\",\"avatar\":\"hiker-gen4\",\"rating\":1025,\"seed\":[43970,19141,39330,27028]}\n>player p2 {\"name\":\"makiboy2004\",\"avatar\":\"1\",\"rating\":1048,\"seed\":[30668,1838,29398,45033]}\n>chat \u2606Tanker57|nigger\n>chat \u2606Tanker57|nggier\n>p1 move tripleaxel\n>p2 move knockoff\n>p1 move tripleaxel\n>p2 switch 6\n>p1 move poltergeist\n>p2 move wavecrash\n>p2 switch 5\n>p1 move tripleaxel\n>p2 move playrough\n>p1 switch 5\n>p1 move bittermalice\n>p2 switch 4\n>p1 move bittermalice\n>p2 move toxicspikes\n>p1 move bittermalice\n>p2 move spikes\n>p2 switch 4\n>p1 move bittermalice\n>p2 move aquajet\n>p1 move bittermalice\n>p2 move aquajet\n>p2 switch 2\n>p1 move bittermalice\n>p2 move earthquake\n>p1 switch 6\n>p1 move megahorn\n>p2 move protect\n>p1 move megahorn\n>p2 move sludgebomb terastallize\n>p1 move earthquake\n>p2 move protect\n>p1 move earthquake\n>p2 move earthquake\n>p2 switch 3\n>chat \u2606Tanker57|stupid niger\n>p1 move stoneedge\n>p2 move bodypress\n>p1 switch 3\n>p1 move flareblitz\n>p2 switch 6\n>p2 switch 6\n>p1 move flareblitz\n>p2 move bravebird\n>p1 switch 2\n>p1 move overheat\n>p2 move bravebird", "uploadtime": 1733786902, "views": 11, "formatid": "gen9randombattle", "rating": null, "private": 0, "password": null}