{"id": "gen9randombattle-2166680675", "format": "[Gen 9] Random Battle", "players": ["ezws", "MichaelderBeste2"], "log": "|badge|p1|bronze|gen9randombattle|100-2\n|badge|p1|bronze|gen9ou|100-2\n|uhtml|medal-msg|<div class=\"broadcast-blue\">Curious what those medals under the avatar are? PS now has Ladder Seasons! For more information, check out the <a href=\"https://www.smogon.com/forums/threads/3740067/\">thread on Smogon.</a></div>\n|badge|p2|silver|gen9randombattle|30-2\n|uhtml|medal-msg|<div class=\"broadcast-blue\">Curious what those medals under the avatar are? PS now has Ladder Seasons! For more information, check out the <a href=\"https://www.smogon.com/forums/threads/3740067/\">thread on Smogon.</a></div>\n|j|\u2606ezws\n|j|\u2606MichaelderBeste2\n|t:|1721839982\n|gametype|singles\n|player|p1|ezws|lucas|2356\n|player|p2|MichaelderBeste2|#wcop2021germany|2426\n|teamsize|p1|6\n|teamsize|p2|6\n|gen|9\n|tier|[Gen 9] Random Battle\n|rated|\n|rule|Species Clause: Limit one of each Pok\u00e9mon\n|rule|HP Percentage Mod: HP is shown in percentages\n|rule|Sleep Clause Mod: Limit one foe put to sleep\n|rule|Illusion Level Mod: Illusion disguises the Pok\u00e9mon's true level\n|\n|t:|1721839982\n|start\n|switch|p1a: Shaymin|Shaymin-Sky, L73|266/266\n|switch|p2a: Salazzle|Salazzle, L82, F|246/246\n|turn|1\n|j| Referrals\n|\n|t:|1721840042\n|switch|p1a: Grafaiai|Grafaiai, L86, M|249/249\n|move|p2a: Salazzle|Fire Blast|p1a: Grafaiai\n|-damage|p1a: Grafaiai|161/249\n|\n|upkeep\n|turn|2\n|\n|t:|1721840057\n|move|p2a: Salazzle|Nasty Plot|p2a: Salazzle\n|-boost|p2a: Salazzle|spa|2\n|move|p1a: Grafaiai|U-turn|p2a: Salazzle\n|-resisted|p2a: Salazzle\n|-damage|p2a: Salazzle|228/246\n|\n|t:|1721840080\n|switch|p1a: Gallade|Gallade, L82, M|246/246|[from] U-turn\n|\n|upkeep\n|turn|3\n|\n|t:|1721840115\n|move|p2a: Salazzle|Fire Blast|p1a: Gallade\n|-damage|p1a: Gallade|26/246\n|move|p1a: Gallade|Psycho Cut|p2a: Salazzle\n|-supereffective|p2a: Salazzle\n|-damage|p2a: Salazzle|0 fnt\n|faint|p2a: Salazzle\n|-damage|p1a: Gallade|2/246|[from] item: Life Orb\n|\n|upkeep\n|\n|t:|1721840119\n|switch|p2a: Whimsicott|Whimsicott, L85, F|241/241\n|turn|4\n|j| hanma jr\n|\n|t:|1721840140\n|switch|p1a: Grafaiai|Grafaiai, L86, M|161/249\n|move|p2a: Whimsicott|U-turn|p1a: Grafaiai\n|-resisted|p1a: Grafaiai\n|-damage|p1a: Grafaiai|137/249\n|\n|t:|1721840176\n|switch|p2a: Azumarill|Azumarill, L82, M|298/298|[from] U-turn\n|\n|upkeep\n|turn|5\n|\n|t:|1721840212\n|move|p1a: Grafaiai|Gunk Shot|p2a: Azumarill\n|-supereffective|p2a: Azumarill\n|-damage|p2a: Azumarill|0 fnt\n|faint|p2a: Azumarill\n|\n|upkeep\n|\n|t:|1721840219\n|switch|p2a: Zekrom|Zekrom, L71|259/259\n|-ability|p2a: Zekrom|Teravolt\n|turn|6\n|\n|t:|1721840243\n|move|p1a: Grafaiai|U-turn|p2a: Zekrom\n|-damage|p2a: Zekrom|214/259\n|\n|t:|1721840246\n|switch|p1a: Krookodile|Krookodile, L80, F|283/283|[from] U-turn\n|-ability|p1a: Krookodile|Intimidate|boost\n|-unboost|p2a: Zekrom|atk|1\n|move|p2a: Zekrom|Dragon Dance|p2a: Zekrom\n|-boost|p2a: Zekrom|atk|1\n|-boost|p2a: Zekrom|spe|1\n|\n|-heal|p2a: Zekrom|230/259|[from] item: Leftovers\n|upkeep\n|turn|7\n|\n|t:|1721840271\n|switch|p2a: Whimsicott|Whimsicott, L85, F|241/241\n|switch|p1a: Grafaiai|Grafaiai, L86, M|137/249\n|\n|upkeep\n|turn|8\n|\n|t:|1721840276\n|move|p2a: Whimsicott|Stun Spore|p1a: Grafaiai\n|-status|p1a: Grafaiai|par\n|move|p1a: Grafaiai|Gunk Shot|p2a: Whimsicott|[miss]\n|-miss|p1a: Grafaiai|p2a: Whimsicott\n|\n|upkeep\n|turn|9\n|\n|t:|1721840283\n|move|p2a: Whimsicott|U-turn|p1a: Grafaiai\n|-resisted|p1a: Grafaiai\n|-damage|p1a: Grafaiai|113/249 par\n|\n|t:|1721840291\n|switch|p2a: Zekrom|Zekrom, L71|230/259|[from] U-turn\n|-ability|p2a: Zekrom|Teravolt\n|cant|p1a: Grafaiai|par\n|\n|-heal|p2a: Zekrom|246/259|[from] item: Leftovers\n|upkeep\n|turn|10\n|\n|t:|1721840298\n|switch|p2a: Whimsicott|Whimsicott, L85, F|241/241\n|switch|p1a: Krookodile|Krookodile, L80, F|283/283\n|-ability|p1a: Krookodile|Intimidate|boost\n|-unboost|p2a: Whimsicott|atk|1\n|\n|upkeep\n|turn|11\n|\n|t:|1721840322\n|switch|p1a: Grafaiai|Grafaiai, L86, M|113/249 par\n|move|p2a: Whimsicott|Moonblast|p1a: Grafaiai\n|-resisted|p1a: Grafaiai\n|-damage|p1a: Grafaiai|79/249 par\n|\n|upkeep\n|turn|12\n|\n|t:|1721840326\n|move|p2a: Whimsicott|U-turn|p1a: Grafaiai\n|-resisted|p1a: Grafaiai\n|-damage|p1a: Grafaiai|62/249 par\n|\n|t:|1721840327\n|switch|p2a: Zekrom|Zekrom, L71|246/259|[from] U-turn\n|-ability|p2a: Zekrom|Teravolt\n|move|p1a: Grafaiai|U-turn|p2a: Zekrom\n|-damage|p2a: Zekrom|198/259\n|\n|t:|1721840334\n|switch|p1a: Krookodile|Krookodile, L80, F|283/283|[from] U-turn\n|-ability|p1a: Krookodile|Intimidate|boost\n|-unboost|p2a: Zekrom|atk|1\n|\n|-heal|p2a: Zekrom|214/259|[from] item: Leftovers\n|upkeep\n|turn|13\n|\n|t:|1721840345\n|switch|p2a: Whimsicott|Whimsicott, L85, F|241/241\n|move|p1a: Krookodile|Gunk Shot|p2a: Whimsicott\n|-supereffective|p2a: Whimsicott\n|-damage|p2a: Whimsicott|0 fnt\n|faint|p2a: Whimsicott\n|-damage|p1a: Krookodile|255/283|[from] item: Life Orb\n|\n|upkeep\n|\n|t:|1721840348\n|switch|p2a: Manaphy|Manaphy, L78|284/284\n|turn|14\n|inactive|Battle timer is ON: inactive players will automatically lose when time's up. (requested by MichaelderBeste2)\n|\n|t:|1721840454\n|switch|p1a: Grafaiai|Grafaiai, L86, M|62/249 par\n|move|p2a: Manaphy|Surf|p1a: Grafaiai\n|-damage|p1a: Grafaiai|0 fnt\n|faint|p1a: Grafaiai\n|\n|upkeep\n|inactive|ezws has 120 seconds left.\n|\n|t:|1721840493\n|switch|p1a: Mismagius|Mismagius, L86, F|243/243\n|turn|15\n|\n|t:|1721840510\n|move|p1a: Mismagius|Nasty Plot|p1a: Mismagius\n|-boost|p1a: Mismagius|spa|2\n|move|p2a: Manaphy|Tail Glow|p2a: Manaphy\n|-boost|p2a: Manaphy|spa|3\n|\n|upkeep\n|turn|16\n|\n|t:|1721840518\n|-terastallize|p2a: Manaphy|Water\n|move|p1a: Mismagius|Shadow Ball|p2a: Manaphy\n|-damage|p2a: Manaphy|53/284\n|-damage|p1a: Mismagius|219/243|[from] item: Life Orb\n|move|p2a: Manaphy|Surf|p1a: Mismagius\n|-damage|p1a: Mismagius|0 fnt\n|faint|p1a: Mismagius\n|\n|-heal|p2a: Manaphy|70/284|[from] item: Leftovers\n|upkeep\n|\n|t:|1721840529\n|switch|p1a: Shaymin|Shaymin-Sky, L73|266/266\n|turn|17\n|inactive|ezws has 120 seconds left.\n|inactive|ezws has 90 seconds left.\n|\n|t:|1721840582\n|move|p1a: Shaymin|Seed Flare|p2a: Manaphy\n|-supereffective|p2a: Manaphy\n|-damage|p2a: Manaphy|0 fnt\n|faint|p2a: Manaphy\n|\n|upkeep\n|\n|t:|1721840601\n|switch|p2a: Zekrom|Zekrom, L71|214/259\n|-ability|p2a: Zekrom|Teravolt\n|turn|18\n|\n|t:|1721840605\n|switch|p1a: Krookodile|Krookodile, L80, F|255/283\n|-ability|p1a: Krookodile|Intimidate|boost\n|-unboost|p2a: Zekrom|atk|1\n|move|p2a: Zekrom|Dragon Dance|p2a: Zekrom\n|-boost|p2a: Zekrom|atk|1\n|-boost|p2a: Zekrom|spe|1\n|\n|-heal|p2a: Zekrom|230/259|[from] item: Leftovers\n|upkeep\n|turn|19\n|\n|t:|1721840612\n|switch|p2a: Dunsparce|Dunsparce, L86, F|312/312\n|switch|p1a: Gallade|Gallade, L82, M|2/246\n|\n|upkeep\n|turn|20\n|\n|t:|1721840626\n|switch|p2a: Zekrom|Zekrom, L71|230/259\n|-ability|p2a: Zekrom|Teravolt\n|move|p1a: Gallade|Sacred Sword|p2a: Zekrom\n|-damage|p2a: Zekrom|42/259\n|-damage|p1a: Gallade|0 fnt|[from] item: Life Orb\n|faint|p1a: Gallade\n|\n|-heal|p2a: Zekrom|58/259|[from] item: Leftovers\n|upkeep\n|\n|t:|1721840631\n|switch|p1a: Krookodile|Krookodile, L80, F|255/283\n|-ability|p1a: Krookodile|Intimidate|boost\n|-unboost|p2a: Zekrom|atk|1\n|turn|21\n|\n|t:|1721840635\n|move|p1a: Krookodile|Bulk Up|p1a: Krookodile\n|-boost|p1a: Krookodile|atk|1\n|-boost|p1a: Krookodile|def|1\n|move|p2a: Zekrom|Dragon Dance|p2a: Zekrom\n|-boost|p2a: Zekrom|atk|1\n|-boost|p2a: Zekrom|spe|1\n|\n|-heal|p2a: Zekrom|74/259|[from] item: Leftovers\n|upkeep\n|turn|22\n|inactive|ezws has 120 seconds left.\n|\n|t:|1721840641\n|move|p2a: Zekrom|Substitute|p2a: Zekrom\n|-start|p2a: Zekrom|Substitute\n|-damage|p2a: Zekrom|10/259\n|move|p1a: Krookodile|Earthquake|p2a: Zekrom\n|-supereffective|p2a: Zekrom\n|-end|p2a: Zekrom|Substitute\n|-damage|p1a: Krookodile|227/283|[from] item: Life Orb\n|\n|-heal|p2a: Zekrom|26/259|[from] item: Leftovers\n|upkeep\n|turn|23\n|\n|t:|1721840645\n|move|p2a: Zekrom|Outrage|p1a: Krookodile\n|-damage|p1a: Krookodile|122/283\n|move|p1a: Krookodile|Earthquake|p2a: Zekrom\n|-supereffective|p2a: Zekrom\n|-damage|p2a: Zekrom|0 fnt\n|faint|p2a: Zekrom\n|-damage|p1a: Krookodile|94/283|[from] item: Life Orb\n|\n|upkeep\n|\n|t:|1721840647\n|switch|p2a: Dunsparce|Dunsparce, L86, F|312/312\n|turn|24\n|\n|t:|1721840648\n|move|p1a: Krookodile|Knock Off|p2a: Dunsparce\n|-damage|p2a: Dunsparce|137/312\n|-enditem|p2a: Dunsparce|Eviolite|[from] move: Knock Off|[of] p1a: Krookodile\n|-damage|p1a: Krookodile|66/283|[from] item: Life Orb\n|move|p2a: Dunsparce|Coil|p2a: Dunsparce\n|-boost|p2a: Dunsparce|atk|1\n|-boost|p2a: Dunsparce|def|1\n|-boost|p2a: Dunsparce|accuracy|1\n|\n|upkeep\n|turn|25\n|\n|t:|1721840656\n|move|p1a: Krookodile|Earthquake|p2a: Dunsparce\n|-damage|p2a: Dunsparce|0 fnt\n|faint|p2a: Dunsparce\n|-damage|p1a: Krookodile|38/283|[from] item: Life Orb\n|\n|win|ezws\n|raw|ezws's rating: 2356 &rarr; <strong>2378</strong><br />(+22 for winning)\n|raw|MichaelderBeste2's rating: 2398 &rarr; <strong>2376</strong><br />(-22 for losing)\n|l| Referrals\n|l| hanma jr\n|l|\u2606ezws\n|player|p1|\n", "inputlog": ">version e8361dfa7636e84b87e7a2c993580ab47c51022d\n>start {\"formatid\":\"gen9randombattle\",\"seed\":[5807,9498,50975,10915],\"rated\":\"Rated battle\"}\n>player p1 {\"name\":\"ezws\",\"avatar\":\"lucas\",\"rating\":2356,\"seed\":[56369,48617,24828,19766]}\n>player p2 {\"name\":\"MichaelderBeste2\",\"avatar\":\"#wcop2021germany\",\"rating\":2426,\"seed\":[15113,17056,53098,47406]}\n>p1 switch 3\n>p2 move fireblast\n>p1 move uturn\n>p2 move nastyplot\n>p1 switch 2\n>p1 move psychocut\n>p2 move fireblast\n>p2 switch 6\n>p1 switch 2\n>p2 move uturn\n>p2 switch 3\n>p1 move gunkshot\n>p2 move liquidation\n>p2 switch 5\n>p1 move uturn\n>p2 move dragondance\n>p1 switch 6\n>p1 switch 6\n>p2 switch 3\n>p1 move gunkshot\n>p2 move stunspore\n>p1 move uturn\n>p2 move uturn\n>p2 switch 3\n>p1 switch 6\n>p2 switch 3\n>p1 switch 6\n>p2 move moonblast\n>p1 move uturn\n>p2 move uturn\n>p2 switch 3\n>p1 switch 6\n>p1 move gunkshot\n>p2 switch 3\n>p2 switch 2\n>p1 switch 6\n>p2 move surf\n>p1 switch 5\n>p1 move nastyplot\n>p2 move tailglow\n>p1 move shadowball\n>p2 move surf terastallize\n>p1 switch 3\n>p1 move seedflare\n>p2 move icebeam\n>p2 switch 3\n>p1 switch 6\n>p2 move dragondance\n>p1 switch 2\n>p2 switch 4\n>p1 move sacredsword\n>p2 switch 4\n>p1 switch 2\n>p1 move bulkup\n>p2 move dragondance\n>p1 move earthquake\n>p2 move substitute\n>p1 move earthquake\n>p2 move outrage\n>p2 switch 4\n>p1 move knockoff\n>p2 move coil\n>p1 move earthquake\n>p2 move roost", "uploadtime": 1721840676, "views": 159, "formatid": "gen9randombattle", "rating": 2376, "private": 0, "password": null}