{"id": "gen9randombattle-2260789687", "format": "[Gen 9] Random Battle", "players": ["alexjonesofpokemon", "shartboy"], "log": "|j|\u2606alexjonesofpokemon\n|j|\u2606shartboy\n|t:|1733892434\n|gametype|singles\n|player|p1|alexjonesofpokemon|265|1719\n|player|p2|shartboy|1|1753\n|teamsize|p1|6\n|teamsize|p2|6\n|gen|9\n|tier|[Gen 9] Random Battle\n|rated|\n|rule|Species Clause: Limit one of each Pok\u00e9mon\n|rule|HP Percentage Mod: HP is shown in percentages\n|rule|Sleep Clause Mod: Limit one foe put to sleep\n|rule|Illusion Level Mod: Illusion disguises the Pok\u00e9mon's true level\n|\n|t:|1733892434\n|start\n|switch|p1a: Avalugg|Avalugg-Hisui, L90, F|317/317\n|switch|p2a: Coalossal|Coalossal, L89, F|341/341\n|turn|1\n|inactive|Battle timer is ON: inactive players will automatically lose when time's up. (requested by alexjonesofpokemon)\n|\n|t:|1733892451\n|switch|p2a: Golduck|Golduck, L90, F|290/290\n|-ability|p2a: Golduck|Cloud Nine\n|move|p1a: Avalugg|Stone Edge|p2a: Golduck\n|-damage|p2a: Golduck|146/290\n|\n|upkeep\n|turn|2\n|\n|t:|1733892465\n|switch|p1a: Barraskewda|Barraskewda, L81, F|231/231\n|move|p2a: Golduck|Grass Knot|p1a: Barraskewda\n|-supereffective|p1a: Barraskewda\n|-damage|p1a: Barraskewda|52/231\n|-damage|p2a: Golduck|117/290|[from] item: Life Orb\n|\n|upkeep\n|turn|3\n|\n|t:|1733892485\n|switch|p2a: Mightyena|Mightyena, L95, F|287/287\n|-ability|p2a: Mightyena|Intimidate|boost\n|-unboost|p1a: Barraskewda|atk|1\n|move|p1a: Barraskewda|Close Combat|p2a: Mightyena\n|-supereffective|p2a: Mightyena\n|-damage|p2a: Mightyena|69/287\n|-unboost|p1a: Barraskewda|def|1\n|-unboost|p1a: Barraskewda|spd|1\n|\n|upkeep\n|turn|4\n|\n|t:|1733892496\n|switch|p1a: Lokix|Lokix, L82, M|251/251\n|move|p2a: Mightyena|Sucker Punch||[still]\n|-fail|p2a: Mightyena\n|\n|upkeep\n|turn|5\n|\n|t:|1733892506\n|switch|p2a: Coalossal|Coalossal, L89, F|341/341\n|move|p1a: Lokix|Knock Off|p2a: Coalossal\n|-damage|p2a: Coalossal|244/341\n|-enditem|p2a: Coalossal|Heavy-Duty Boots|[from] move: Knock Off|[of] p1a: Lokix\n|-damage|p1a: Lokix|226/251|[from] item: Life Orb\n|\n|upkeep\n|turn|6\n|\n|t:|1733892530\n|switch|p1a: Avalugg|Avalugg-Hisui, L90, F|317/317\n|move|p2a: Coalossal|Stone Edge|p1a: Avalugg\n|-supereffective|p1a: Avalugg\n|-crit|p1a: Avalugg\n|-damage|p1a: Avalugg|171/317\n|\n|upkeep\n|turn|7\n|\n|t:|1733892541\n|switch|p2a: Mightyena|Mightyena, L95, F|69/287\n|-ability|p2a: Mightyena|Intimidate|boost\n|-unboost|p1a: Avalugg|atk|1\n|move|p1a: Avalugg|Recover|p1a: Avalugg\n|-heal|p1a: Avalugg|317/317\n|\n|upkeep\n|turn|8\n|\n|t:|1733892557\n|switch|p2a: Golduck|Golduck, L90, F|117/290\n|-ability|p2a: Golduck|Cloud Nine\n|move|p1a: Avalugg|Body Press|p2a: Golduck\n|-damage|p2a: Golduck|0 fnt\n|faint|p2a: Golduck\n|\n|upkeep\n|\n|t:|1733892567\n|switch|p2a: Breloom|Breloom, L82, F|233/233\n|turn|9\n|\n|t:|1733892580\n|move|p2a: Breloom|Spore|p1a: Avalugg\n|-status|p1a: Avalugg|slp|[from] move: Spore\n|cant|p1a: Avalugg|slp\n|\n|upkeep\n|turn|10\n|\n|t:|1733892588\n|move|p2a: Breloom|Bullet Seed|p1a: Avalugg\n|-supereffective|p1a: Avalugg\n|-damage|p1a: Avalugg|252/317 slp\n|-supereffective|p1a: Avalugg\n|-damage|p1a: Avalugg|190/317 slp\n|-supereffective|p1a: Avalugg\n|-damage|p1a: Avalugg|120/317 slp\n|-hitcount|p1a: Avalugg|3\n|-damage|p2a: Breloom|210/233|[from] item: Life Orb\n|cant|p1a: Avalugg|slp\n|\n|upkeep\n|turn|11\n|\n|t:|1733892597\n|move|p2a: Breloom|Mach Punch|p1a: Avalugg\n|-supereffective|p1a: Avalugg\n|-damage|p1a: Avalugg|0 fnt\n|faint|p1a: Avalugg\n|-damage|p2a: Breloom|187/233|[from] item: Life Orb\n|\n|upkeep\n|\n|t:|1733892601\n|switch|p1a: Sneasler|Sneasler, L74, F|240/240\n|turn|12\n|\n|t:|1733892614\n|switch|p2a: Coalossal|Coalossal, L89, F|244/341\n|move|p1a: Sneasler|Acrobatics|p2a: Coalossal\n|-resisted|p2a: Coalossal\n|-damage|p2a: Coalossal|230/341\n|\n|upkeep\n|turn|13\n|\n|t:|1733892632\n|move|p1a: Sneasler|Close Combat|p2a: Coalossal\n|-supereffective|p2a: Coalossal\n|-damage|p2a: Coalossal|32/341\n|-unboost|p1a: Sneasler|def|1\n|-unboost|p1a: Sneasler|spd|1\n|-status|p1a: Sneasler|brn|[from] ability: Flame Body|[of] p2a: Coalossal\n|-enditem|p1a: Sneasler|White Herb\n|-clearnegativeboost|p1a: Sneasler|[silent]\n|move|p2a: Coalossal|Flamethrower|p1a: Sneasler\n|-damage|p1a: Sneasler|120/240 brn\n|\n|-damage|p1a: Sneasler|105/240 brn|[from] brn\n|upkeep\n|turn|14\n|\n|t:|1733892644\n|move|p1a: Sneasler|Close Combat|p2a: Coalossal\n|-supereffective|p2a: Coalossal\n|-damage|p2a: Coalossal|0 fnt\n|-unboost|p1a: Sneasler|def|1\n|-unboost|p1a: Sneasler|spd|1\n|faint|p2a: Coalossal\n|\n|-damage|p1a: Sneasler|90/240 brn|[from] brn\n|upkeep\n|\n|t:|1733892660\n|switch|p2a: Chimecho|Chimecho, L93, M|290/290\n|turn|15\n|\n|t:|1733892681\n|move|p1a: Sneasler|Gunk Shot|p2a: Chimecho\n|-damage|p2a: Chimecho|230/290\n|move|p2a: Chimecho|Cosmic Power|p2a: Chimecho\n|-boost|p2a: Chimecho|def|1\n|-boost|p2a: Chimecho|spd|1\n|\n|-heal|p2a: Chimecho|248/290|[from] item: Leftovers\n|-damage|p1a: Sneasler|75/240 brn|[from] brn\n|upkeep\n|turn|16\n|\n|t:|1733892692\n|move|p1a: Sneasler|Swords Dance|p1a: Sneasler\n|-boost|p1a: Sneasler|atk|2\n|move|p2a: Chimecho|Cosmic Power|p2a: Chimecho\n|-boost|p2a: Chimecho|def|1\n|-boost|p2a: Chimecho|spd|1\n|\n|-heal|p2a: Chimecho|266/290|[from] item: Leftovers\n|-damage|p1a: Sneasler|60/240 brn|[from] brn\n|upkeep\n|turn|17\n|inactive|alexjonesofpokemon has 120 seconds left.\n|\n|t:|1733892723\n|move|p1a: Sneasler|Gunk Shot|p2a: Chimecho\n|-damage|p2a: Chimecho|202/290\n|move|p2a: Chimecho|Dazzling Gleam|p1a: Sneasler\n|-damage|p1a: Sneasler|0 fnt\n|faint|p1a: Sneasler\n|\n|-heal|p2a: Chimecho|220/290|[from] item: Leftovers\n|upkeep\n|\n|t:|1733892737\n|switch|p1a: Barraskewda|Barraskewda, L81, F|52/231\n|turn|18\n|\n|t:|1733892741\n|move|p1a: Barraskewda|Throat Chop|p2a: Chimecho\n|-supereffective|p2a: Chimecho\n|-damage|p2a: Chimecho|128/290\n|-start|p2a: Chimecho|Throat Chop|[silent]\n|move|p2a: Chimecho|Recover|p2a: Chimecho\n|-heal|p2a: Chimecho|273/290\n|\n|-heal|p2a: Chimecho|290/290|[from] item: Leftovers\n|upkeep\n|turn|19\n|\n|t:|1733892750\n|switch|p1a: Gothitelle|Gothitelle, L90, F|272/272\n|move|p2a: Chimecho|Cosmic Power|p2a: Chimecho\n|-boost|p2a: Chimecho|def|1\n|-boost|p2a: Chimecho|spd|1\n|\n|-end|p2a: Chimecho|Throat Chop|[silent]\n|upkeep\n|turn|20\n|\n|t:|1733892761\n|move|p2a: Chimecho|Stored Power|p1a: Gothitelle\n|-resisted|p1a: Gothitelle\n|-damage|p1a: Gothitelle|204/272\n|move|p1a: Gothitelle|Thunder Wave|p2a: Chimecho\n|-status|p2a: Chimecho|par\n|\n|-heal|p1a: Gothitelle|221/272|[from] item: Leftovers\n|upkeep\n|turn|21\n|\n|t:|1733892776\n|move|p1a: Gothitelle|Dark Pulse|p2a: Chimecho\n|-supereffective|p2a: Chimecho\n|-damage|p2a: Chimecho|244/290 par\n|cant|p2a: Chimecho|par\n|\n|-heal|p1a: Gothitelle|238/272|[from] item: Leftovers\n|-heal|p2a: Chimecho|262/290 par|[from] item: Leftovers\n|upkeep\n|turn|22\n|\n|t:|1733892783\n|move|p1a: Gothitelle|Dark Pulse|p2a: Chimecho\n|-supereffective|p2a: Chimecho\n|-damage|p2a: Chimecho|214/290 par\n|move|p2a: Chimecho|Stored Power|p1a: Gothitelle\n|-resisted|p1a: Gothitelle\n|-damage|p1a: Gothitelle|163/272\n|\n|-heal|p1a: Gothitelle|180/272|[from] item: Leftovers\n|-heal|p2a: Chimecho|232/290 par|[from] item: Leftovers\n|upkeep\n|turn|23\n|\n|t:|1733892792\n|move|p1a: Gothitelle|Dark Pulse|p2a: Chimecho\n|-supereffective|p2a: Chimecho\n|-damage|p2a: Chimecho|188/290 par\n|move|p2a: Chimecho|Stored Power|p1a: Gothitelle\n|-resisted|p1a: Gothitelle\n|-damage|p1a: Gothitelle|110/272\n|\n|-heal|p1a: Gothitelle|127/272|[from] item: Leftovers\n|-heal|p2a: Chimecho|206/290 par|[from] item: Leftovers\n|upkeep\n|turn|24\n|\n|t:|1733892801\n|move|p1a: Gothitelle|Psychic Noise|p2a: Chimecho\n|-resisted|p2a: Chimecho\n|-damage|p2a: Chimecho|188/290 par\n|-start|p2a: Chimecho|move: Heal Block\n|move|p2a: Chimecho|Stored Power|p1a: Gothitelle\n|-resisted|p1a: Gothitelle\n|-damage|p1a: Gothitelle|55/272\n|\n|-heal|p1a: Gothitelle|72/272|[from] item: Leftovers\n|upkeep\n|turn|25\n|\n|t:|1733892821\n|move|p1a: Gothitelle|Dark Pulse|p2a: Chimecho\n|-supereffective|p2a: Chimecho\n|-damage|p2a: Chimecho|142/290 par\n|move|p2a: Chimecho|Stored Power|p1a: Gothitelle\n|-resisted|p1a: Gothitelle\n|-damage|p1a: Gothitelle|5/272\n|\n|-heal|p1a: Gothitelle|22/272|[from] item: Leftovers\n|-end|p2a: Chimecho|move: Heal Block\n|upkeep\n|turn|26\n|\n|t:|1733892830\n|move|p1a: Gothitelle|Psychic Noise|p2a: Chimecho\n|-resisted|p2a: Chimecho\n|-damage|p2a: Chimecho|127/290 par\n|-start|p2a: Chimecho|move: Heal Block\n|cant|p2a: Chimecho|par\n|\n|-heal|p1a: Gothitelle|39/272|[from] item: Leftovers\n|upkeep\n|turn|27\n|\n|t:|1733892840\n|move|p1a: Gothitelle|Dark Pulse|p2a: Chimecho\n|-supereffective|p2a: Chimecho\n|-damage|p2a: Chimecho|77/290 par\n|move|p2a: Chimecho|Stored Power|p1a: Gothitelle\n|-resisted|p1a: Gothitelle\n|-damage|p1a: Gothitelle|0 fnt\n|faint|p1a: Gothitelle\n|\n|-end|p2a: Chimecho|move: Heal Block\n|upkeep\n|\n|t:|1733892853\n|switch|p1a: Lokix|Lokix, L82, M|226/251\n|turn|28\n|\n|t:|1733892856\n|move|p1a: Lokix|Knock Off|p2a: Chimecho\n|-supereffective|p2a: Chimecho\n|-damage|p2a: Chimecho|0 fnt\n|-enditem|p2a: Chimecho|Leftovers|[from] move: Knock Off|[of] p1a: Lokix\n|faint|p2a: Chimecho\n|-damage|p1a: Lokix|201/251|[from] item: Life Orb\n|\n|upkeep\n|\n|t:|1733892863\n|switch|p2a: Breloom|Breloom, L82, F|187/233\n|turn|29\n|\n|t:|1733892880\n|-terastallize|p1a: Lokix|Bug\n|move|p2a: Breloom|Mach Punch|p1a: Lokix\n|-resisted|p1a: Lokix\n|-damage|p1a: Lokix|141/251\n|-damage|p2a: Breloom|164/233|[from] item: Life Orb\n|move|p1a: Lokix|Leech Life|p2a: Breloom\n|-damage|p2a: Breloom|11/233\n|-heal|p1a: Lokix|218/251|[from] drain|[of] p2a: Breloom\n|-damage|p1a: Lokix|193/251|[from] item: Life Orb\n|\n|upkeep\n|turn|30\n|\n|t:|1733892891\n|move|p2a: Breloom|Mach Punch|p1a: Lokix\n|-resisted|p1a: Lokix\n|-damage|p1a: Lokix|133/251\n|-damage|p2a: Breloom|0 fnt|[from] item: Life Orb\n|faint|p2a: Breloom\n|move|p1a: Lokix|Leech Life|p2: Breloom|[notarget]\n|-fail|p1a: Lokix\n|\n|upkeep\n|\n|t:|1733892897\n|switch|p2a: Mightyena|Mightyena, L95, F|69/287\n|-ability|p2a: Mightyena|Intimidate|boost\n|-unboost|p1a: Lokix|atk|1\n|turn|31\n|\n|t:|1733892906\n|move|p1a: Lokix|Leech Life|p2a: Mightyena\n|-supereffective|p2a: Mightyena\n|-damage|p2a: Mightyena|0 fnt\n|-heal|p1a: Lokix|168/251|[from] drain|[of] p2a: Mightyena\n|faint|p2a: Mightyena\n|-damage|p1a: Lokix|143/251|[from] item: Life Orb\n|\n|upkeep\n|-message|shartboy forfeited.\n|\n|win|alexjonesofpokemon\n|raw|alexjonesofpokemon's rating: 1719 &rarr; <strong>1741</strong><br />(+22 for winning)\n|raw|shartboy's rating: 1753 &rarr; <strong>1731</strong><br />(-22 for losing)\n|l|\u2606shartboy\n|player|p2|\n", "inputlog": ">version bfd83cad13791eb5a5a409923076391caf6fb4d4\n>start {\"formatid\":\"gen9randombattle\",\"seed\":[199,45310,48642,59597],\"rated\":\"Rated battle\"}\n>player p1 {\"name\":\"alexjonesofpokemon\",\"avatar\":\"265\",\"rating\":1719,\"seed\":[25929,7163,30681,18137]}\n>player p2 {\"name\":\"shartboy\",\"avatar\":\"1\",\"rating\":1753,\"seed\":[65196,33723,49079,31865]}\n>p1 move stoneedge\n>p2 switch 2\n>p1 switch 4\n>p2 move grassknot\n>p1 move closecombat\n>p2 switch 5\n>p1 switch 2\n>p2 move suckerpunch\n>p1 move knockoff\n>p2 switch 2\n>p1 switch 4\n>p2 move stoneedge\n>p1 move recover\n>p2 switch 2\n>p1 move bodypress\n>p2 switch 5\n>p2 switch 4\n>p1 move avalanche\n>p2 move spore\n>p1 move avalanche\n>p2 move bulletseed\n>p1 move avalanche\n>p2 move machpunch\n>p1 switch 3\n>p1 move acrobatics\n>p2 switch 2\n>p1 move closecombat\n>p2 move flamethrower\n>p1 move closecombat\n>p2 move stealthrock\n>p2 switch 6\n>p1 move gunkshot\n>p2 move cosmicpower\n>p1 move swordsdance\n>p2 move cosmicpower\n>p1 move gunkshot\n>p2 move dazzlinggleam\n>p1 switch 2\n>p1 move throatchop\n>p2 move recover\n>p1 switch 5\n>p2 move cosmicpower\n>p1 move thunderwave\n>p2 move storedpower\n>p1 move darkpulse\n>p2 move storedpower\n>p1 move darkpulse\n>p2 move storedpower\n>p1 move darkpulse\n>p2 move storedpower\n>p1 move psychicnoise\n>p2 move storedpower\n>p1 move darkpulse\n>p2 move storedpower\n>p1 move psychicnoise\n>p2 move storedpower\n>p1 move darkpulse\n>p2 move storedpower\n>p1 switch 4\n>p1 move knockoff\n>p2 move dazzlinggleam\n>p2 switch 2\n>p1 move leechlife terastallize\n>p2 move machpunch\n>p1 move leechlife\n>p2 move machpunch\n>p2 switch 5\n>p1 move leechlife\n>p2 move playrough\n>forcelose p2", "uploadtime": 1733893033, "views": 15, "formatid": "gen9randombattle", "rating": 1731, "private": 0, "password": null}