{"id": "gen9randombattle-2259777792", "format": "[Gen 9] Random Battle", "players": ["casanovastar", "DoubleScimitar"], "log": "|j|\u2606casanovastar\n|j|\u2606DoubleScimitar\n|t:|1733765750\n|gametype|singles\n|player|p1|casanovastar|depotagent|1175\n|player|p2|DoubleScimitar|265|1205\n|teamsize|p1|6\n|teamsize|p2|6\n|gen|9\n|tier|[Gen 9] Random Battle\n|rated|\n|rule|Species Clause: Limit one of each Pok\u00e9mon\n|rule|HP Percentage Mod: HP is shown in percentages\n|rule|Sleep Clause Mod: Limit one foe put to sleep\n|rule|Illusion Level Mod: Illusion disguises the Pok\u00e9mon's true level\n|\n|t:|1733765750\n|start\n|switch|p1a: Gogoat|Gogoat, L88, F|360/360\n|switch|p2a: Sableye|Sableye, L89, F|234/234\n|turn|1\n|inactive|Battle timer is ON: inactive players will automatically lose when time's up. (requested by DoubleScimitar)\n|inactive|casanovastar also wants the timer to be on.\n|\n|t:|1733765762\n|move|p1a: Gogoat|Horn Leech|p2a: Sableye\n|-damage|p2a: Sableye|129/234\n|move|p2a: Sableye|Knock Off|p1a: Gogoat\n|-damage|p1a: Gogoat|246/360\n|-enditem|p1a: Gogoat|Leftovers|[from] move: Knock Off|[of] p2a: Sableye\n|\n|-heal|p2a: Sableye|143/234|[from] item: Leftovers\n|upkeep\n|turn|2\n|\n|t:|1733765769\n|move|p2a: Sableye|Will-O-Wisp|p1a: Gogoat\n|-status|p1a: Gogoat|brn\n|move|p1a: Gogoat|Horn Leech|p2a: Sableye\n|-damage|p2a: Sableye|92/234\n|-heal|p1a: Gogoat|272/360 brn|[from] drain|[of] p2a: Sableye\n|\n|-heal|p2a: Sableye|106/234|[from] item: Leftovers\n|-damage|p1a: Gogoat|250/360 brn|[from] brn\n|upkeep\n|turn|3\n|inactive|DoubleScimitar has 120 seconds left.\n|\n|t:|1733765800\n|move|p2a: Sableye|Recover|p2a: Sableye\n|-heal|p2a: Sableye|223/234\n|move|p1a: Gogoat|Bulk Up|p1a: Gogoat\n|-boost|p1a: Gogoat|atk|1\n|-boost|p1a: Gogoat|def|1\n|\n|-heal|p2a: Sableye|234/234|[from] item: Leftovers\n|-damage|p1a: Gogoat|228/360 brn|[from] brn\n|upkeep\n|turn|4\n|inactive|DoubleScimitar has 120 seconds left.\n|inactive|casanovastar has 120 seconds left.\n|\n|t:|1733765834\n|switch|p2a: Persian|Persian, L92, M|269/269\n|move|p1a: Gogoat|Bulk Up|p1a: Gogoat\n|-boost|p1a: Gogoat|atk|1\n|-boost|p1a: Gogoat|def|1\n|\n|-damage|p1a: Gogoat|206/360 brn|[from] brn\n|upkeep\n|turn|5\n|\n|t:|1733765844\n|move|p2a: Persian|Gunk Shot|p1a: Gogoat\n|-supereffective|p1a: Gogoat\n|-damage|p1a: Gogoat|48/360 brn\n|move|p1a: Gogoat|Horn Leech|p2a: Persian\n|-damage|p2a: Persian|161/269\n|-heal|p1a: Gogoat|102/360 brn|[from] drain|[of] p2a: Persian\n|\n|-damage|p1a: Gogoat|80/360 brn|[from] brn\n|upkeep\n|turn|6\n|\n|t:|1733765852\n|move|p2a: Persian|Gunk Shot|p1a: Gogoat\n|-supereffective|p1a: Gogoat\n|-damage|p1a: Gogoat|0 fnt\n|faint|p1a: Gogoat\n|\n|upkeep\n|\n|t:|1733765855\n|switch|p1a: Skeledirge|Skeledirge, L79, F|294/294\n|turn|7\n|\n|t:|1733765861\n|switch|p2a: Araquanid|Araquanid, L82, F|246/246\n|move|p1a: Skeledirge|Flame Charge|p2a: Araquanid\n|-damage|p2a: Araquanid|225/246\n|-boost|p1a: Skeledirge|spe|1\n|\n|upkeep\n|turn|8\n|\n|t:|1733765873\n|switch|p1a: Duraludon|Duraludon, L82, M|249/249\n|move|p2a: Araquanid|Liquidation|p1a: Duraludon\n|-resisted|p1a: Duraludon\n|-damage|p1a: Duraludon|210/249\n|\n|upkeep\n|turn|9\n|\n|t:|1733765878\n|move|p1a: Duraludon|Flash Cannon|p2a: Araquanid\n|-resisted|p2a: Araquanid\n|-damage|p2a: Araquanid|189/246\n|move|p2a: Araquanid|Sticky Web|p1a: Duraludon\n|-sidestart|p1: casanovastar|move: Sticky Web\n|\n|upkeep\n|turn|10\n|\n|t:|1733765897\n|move|p2a: Araquanid|Leech Life|p1a: Duraludon\n|-resisted|p1a: Duraludon\n|-damage|p1a: Duraludon|192/249\n|-heal|p2a: Araquanid|198/246|[from] drain|[of] p1a: Duraludon\n|move|p1a: Duraludon|Dragon Tail|p2a: Araquanid\n|-damage|p2a: Araquanid|135/246\n|drag|p2a: Pecharunt|Pecharunt, L77|262/262\n|\n|upkeep\n|turn|11\n|inactive|casanovastar has 120 seconds left.\n|\n|t:|1733765943\n|move|p1a: Duraludon|Flash Cannon|p2a: Pecharunt\n|-damage|p2a: Pecharunt|162/262\n|move|p2a: Pecharunt|Shadow Ball|p1a: Duraludon\n|-damage|p1a: Duraludon|125/249\n|\n|upkeep\n|turn|12\n|inactive|DoubleScimitar has 120 seconds left.\n|\n|t:|1733765964\n|move|p1a: Duraludon|Flash Cannon|p2a: Pecharunt\n|-damage|p2a: Pecharunt|62/262\n|-unboost|p2a: Pecharunt|spd|1\n|move|p2a: Pecharunt|Recover|p2a: Pecharunt\n|-heal|p2a: Pecharunt|193/262\n|\n|upkeep\n|turn|13\n|inactive|casanovastar has 90 seconds left.\n|inactive|casanovastar has 60 seconds left.\n|\n|t:|1733766019\n|switch|p2a: Brute Bonnet|Brute Bonnet, L81|312/312\n|move|p1a: Duraludon|Flash Cannon|p2a: Brute Bonnet\n|-damage|p2a: Brute Bonnet|215/312\n|\n|-heal|p2a: Brute Bonnet|234/312|[from] item: Leftovers\n|upkeep\n|turn|14\n|\n|t:|1733766025\n|move|p1a: Duraludon|Body Press|p2a: Brute Bonnet\n|-supereffective|p2a: Brute Bonnet\n|-damage|p2a: Brute Bonnet|106/312\n|move|p2a: Brute Bonnet|Spore|p1a: Duraludon\n|-status|p1a: Duraludon|slp|[from] move: Spore\n|\n|-heal|p2a: Brute Bonnet|125/312|[from] item: Leftovers\n|upkeep\n|turn|15\n|\n|t:|1733766031\n|switch|p1a: Skeledirge|Skeledirge, L79, F|294/294\n|move|p2a: Brute Bonnet|Close Combat|p1a: Skeledirge\n|-immune|p1a: Skeledirge\n|\n|-heal|p2a: Brute Bonnet|144/312|[from] item: Leftovers\n|upkeep\n|turn|16\n|\n|t:|1733766038\n|move|p2a: Brute Bonnet|Sucker Punch|p1a: Skeledirge\n|-supereffective|p1a: Skeledirge\n|-damage|p1a: Skeledirge|136/294\n|move|p1a: Skeledirge|Torch Song|p2a: Brute Bonnet\n|-supereffective|p2a: Brute Bonnet\n|-damage|p2a: Brute Bonnet|0 fnt\n|-boost|p1a: Skeledirge|spa|1\n|faint|p2a: Brute Bonnet\n|-end|p2a: Brute Bonnet|Protosynthesis|[silent]\n|\n|upkeep\n|\n|t:|1733766045\n|switch|p2a: Persian|Persian, L92, M|161/269\n|turn|17\n|inactive|casanovastar has 90 seconds left.\n|inactive|casanovastar has 60 seconds left.\n|\n|t:|1733766088\n|move|p2a: Persian|Knock Off|p1a: Skeledirge\n|-supereffective|p1a: Skeledirge\n|-damage|p1a: Skeledirge|0 fnt\n|-enditem|p1a: Skeledirge|Heavy-Duty Boots|[from] move: Knock Off|[of] p2a: Persian\n|faint|p1a: Skeledirge\n|\n|upkeep\n|\n|t:|1733766091\n|switch|p1a: Lilligant|Lilligant-Hisui, L79, F|240/240\n|-activate|p1a: Lilligant|move: Sticky Web\n|-unboost|p1a: Lilligant|spe|1\n|turn|18\n|\n|t:|1733766096\n|switch|p2a: Pecharunt|Pecharunt, L77|193/262\n|move|p1a: Lilligant|Victory Dance|p1a: Lilligant\n|-boost|p1a: Lilligant|atk|1\n|-boost|p1a: Lilligant|def|1\n|-boost|p1a: Lilligant|spe|1\n|\n|upkeep\n|turn|19\n|\n|t:|1733766106\n|-terastallize|p1a: Lilligant|Steel\n|move|p1a: Lilligant|Ice Spinner|p2a: Pecharunt\n|-damage|p2a: Pecharunt|113/262\n|-damage|p1a: Lilligant|200/240|[from] item: Rocky Helmet|[of] p2a: Pecharunt\n|move|p2a: Pecharunt|Malignant Chain|p1a: Lilligant\n|-immune|p1a: Lilligant\n|\n|upkeep\n|turn|20\n|\n|t:|1733766117\n|switch|p2a: Araquanid|Araquanid, L82, F|135/246\n|move|p1a: Lilligant|Victory Dance|p1a: Lilligant\n|-boost|p1a: Lilligant|atk|1\n|-boost|p1a: Lilligant|def|1\n|-boost|p1a: Lilligant|spe|1\n|\n|upkeep\n|turn|21\n|\n|t:|1733766130\n|move|p1a: Lilligant|Leaf Blade|p2a: Araquanid\n|-damage|p2a: Araquanid|0 fnt\n|faint|p2a: Araquanid\n|\n|upkeep\n|\n|t:|1733766134\n|switch|p2a: Sableye|Sableye, L89, F|234/234\n|turn|22\n|inactive|casanovastar has 90 seconds left.\n|\n|t:|1733766141\n|move|p2a: Sableye|Will-O-Wisp|p1a: Lilligant\n|-status|p1a: Lilligant|brn\n|move|p1a: Lilligant|Leaf Blade|p2a: Sableye\n|-damage|p2a: Sableye|99/234\n|\n|-heal|p2a: Sableye|113/234|[from] item: Leftovers\n|-damage|p1a: Lilligant|185/240 brn|[from] brn\n|upkeep\n|turn|23\n|\n|t:|1733766150\n|move|p1a: Lilligant|Victory Dance|p1a: Lilligant\n|-boost|p1a: Lilligant|atk|1\n|-boost|p1a: Lilligant|def|1\n|-boost|p1a: Lilligant|spe|1\n|move|p2a: Sableye|Knock Off|p1a: Lilligant\n|-damage|p1a: Lilligant|143/240 brn\n|-enditem|p1a: Lilligant|Wide Lens|[from] move: Knock Off|[of] p2a: Sableye\n|\n|-heal|p2a: Sableye|127/234|[from] item: Leftovers\n|-damage|p1a: Lilligant|128/240 brn|[from] brn\n|upkeep\n|turn|24\n|\n|t:|1733766161\n|move|p2a: Sableye|Recover|p2a: Sableye\n|-heal|p2a: Sableye|234/234\n|move|p1a: Lilligant|Victory Dance|p1a: Lilligant\n|-boost|p1a: Lilligant|atk|1\n|-boost|p1a: Lilligant|def|1\n|-boost|p1a: Lilligant|spe|1\n|\n|-damage|p1a: Lilligant|113/240 brn|[from] brn\n|upkeep\n|turn|25\n|\n|t:|1733766178\n|switch|p2a: Leafeon|Leafeon, L88, F|258/258\n|move|p1a: Lilligant|Victory Dance|p1a: Lilligant\n|-boost|p1a: Lilligant|atk|1\n|-boost|p1a: Lilligant|def|1\n|-boost|p1a: Lilligant|spe|1\n|\n|-damage|p1a: Lilligant|98/240 brn|[from] brn\n|upkeep\n|turn|26\n|\n|t:|1733766186\n|move|p1a: Lilligant|Ice Spinner|p2a: Leafeon\n|-supereffective|p2a: Leafeon\n|-damage|p2a: Leafeon|77/258\n|move|p2a: Leafeon|Knock Off|p1a: Lilligant\n|-damage|p1a: Lilligant|71/240 brn\n|-damage|p2a: Leafeon|52/258|[from] item: Life Orb\n|\n|-damage|p1a: Lilligant|56/240 brn|[from] brn\n|upkeep\n|turn|27\n|\n|t:|1733766194\n|move|p1a: Lilligant|Ice Spinner|p2a: Leafeon\n|-supereffective|p2a: Leafeon\n|-damage|p2a: Leafeon|0 fnt\n|faint|p2a: Leafeon\n|\n|-damage|p1a: Lilligant|41/240 brn|[from] brn\n|upkeep\n|\n|t:|1733766201\n|switch|p2a: Sableye|Sableye, L89, F|234/234\n|turn|28\n|\n|t:|1733766204\n|move|p1a: Lilligant|Leaf Blade|p2a: Sableye\n|-crit|p2a: Sableye\n|-damage|p2a: Sableye|0 fnt\n|faint|p2a: Sableye\n|\n|-damage|p1a: Lilligant|26/240 brn|[from] brn\n|upkeep\n|\n|t:|1733766208\n|switch|p2a: Persian|Persian, L92, M|161/269\n|turn|29\n|\n|t:|1733766214\n|move|p1a: Lilligant|Leaf Blade|p2a: Persian|[miss]\n|-miss|p1a: Lilligant|p2a: Persian\n|move|p2a: Persian|Knock Off|p1a: Lilligant\n|-damage|p1a: Lilligant|4/240 brn\n|\n|-damage|p1a: Lilligant|0 fnt|[from] brn\n|faint|p1a: Lilligant\n|upkeep\n|\n|t:|1733766217\n|switch|p1a: Azelf|Azelf, L82|257/257\n|turn|30\n|\n|t:|1733766223\n|move|p2a: Persian|Knock Off|p1a: Azelf\n|-supereffective|p1a: Azelf\n|-damage|p1a: Azelf|41/257\n|-enditem|p1a: Azelf|Life Orb|[from] move: Knock Off|[of] p2a: Persian\n|move|p1a: Azelf|Explosion|p2a: Persian\n|-damage|p2a: Persian|0 fnt\n|faint|p1a: Azelf\n|faint|p2a: Persian\n|\n|upkeep\n|\n|t:|1733766232\n|switch|p2a: Pecharunt|Pecharunt, L77|113/262\n|switch|p1a: Mewtwo|Mewtwo, L72|272/272\n|-ability|p1a: Mewtwo|Unnerve\n|-activate|p1a: Mewtwo|move: Sticky Web\n|-unboost|p1a: Mewtwo|spe|1\n|turn|31\n|\n|t:|1733766242\n|-terastallize|p2a: Pecharunt|Dark\n|move|p2a: Pecharunt|Recover|p2a: Pecharunt\n|-heal|p2a: Pecharunt|244/262\n|move|p1a: Mewtwo|Psystrike|p2a: Pecharunt\n|-immune|p2a: Pecharunt\n|\n|upkeep\n|turn|32\n|\n|t:|1733766248\n|move|p2a: Pecharunt|Shadow Ball|p1a: Mewtwo\n|-supereffective|p1a: Mewtwo\n|-damage|p1a: Mewtwo|122/272\n|move|p1a: Mewtwo|Aura Sphere|p2a: Pecharunt\n|-supereffective|p2a: Pecharunt\n|-damage|p2a: Pecharunt|85/262\n|-damage|p1a: Mewtwo|95/272|[from] item: Life Orb\n|\n|upkeep\n|turn|33\n|\n|t:|1733766256\n|move|p2a: Pecharunt|Shadow Ball|p1a: Mewtwo\n|-supereffective|p1a: Mewtwo\n|-damage|p1a: Mewtwo|0 fnt\n|faint|p1a: Mewtwo\n|\n|upkeep\n|\n|t:|1733766258\n|switch|p1a: Duraludon|Duraludon, L82, M|125/249 slp\n|-activate|p1a: Duraludon|move: Sticky Web\n|-unboost|p1a: Duraludon|spe|1\n|turn|34\n|\n|t:|1733766266\n|move|p2a: Pecharunt|Recover|p2a: Pecharunt\n|-heal|p2a: Pecharunt|216/262\n|cant|p1a: Duraludon|slp\n|\n|upkeep\n|turn|35\n|\n|t:|1733766270\n|move|p2a: Pecharunt|Shadow Ball|p1a: Duraludon\n|-damage|p1a: Duraludon|62/249 slp\n|cant|p1a: Duraludon|slp\n|\n|upkeep\n|turn|36\n|\n|t:|1733766274\n|move|p2a: Pecharunt|Shadow Ball|p1a: Duraludon\n|-crit|p1a: Duraludon\n|-damage|p1a: Duraludon|0 fnt\n|faint|p1a: Duraludon\n|\n|win|DoubleScimitar\n|raw|casanovastar's rating: 1175 &rarr; <strong>1152</strong><br />(-23 for losing)\n|raw|DoubleScimitar's rating: 1205 &rarr; <strong>1228</strong><br />(+23 for winning)\n", "inputlog": ">version bfd83cad13791eb5a5a409923076391caf6fb4d4\n>start {\"formatid\":\"gen9randombattle\",\"seed\":[32003,33540,33526,57170],\"rated\":\"Rated battle\"}\n>player p1 {\"name\":\"casanovastar\",\"avatar\":\"depotagent\",\"rating\":1175,\"seed\":[774,7929,32539,26529]}\n>player p2 {\"name\":\"DoubleScimitar\",\"avatar\":\"265\",\"rating\":1205,\"seed\":[19143,19522,31657,55170]}\n>p1 move hornleech\n>p2 move knockoff\n>p1 move hornleech\n>p2 move willowisp\n>p1 move bulkup\n>p2 move recover\n>p1 move bulkup\n>p2 switch 6\n>p1 move hornleech\n>p2 move gunkshot\n>p1 move hornleech\n>p2 move gunkshot\n>p1 switch 3\n>p1 move flamecharge\n>p2 switch 2\n>p1 switch 5\n>p2 move liquidation\n>p1 move flashcannon\n>p2 move stickyweb\n>p1 move dragontail\n>p2 move leechlife\n>p1 move flashcannon\n>p2 move shadowball\n>p1 move flashcannon\n>p2 move recover\n>p1 move flashcannon\n>p2 switch 3\n>p1 move bodypress\n>p2 move spore\n>p1 switch 5\n>p2 move closecombat\n>p1 move torchsong\n>p2 move suckerpunch\n>p2 switch 2\n>p1 move torchsong\n>p2 move knockoff\n>p1 switch 6\n>p1 move victorydance\n>p2 switch 3\n>p1 move icespinner terastallize\n>p2 move malignantchain\n>p1 move victorydance\n>p2 switch 4\n>p1 move leafblade\n>p2 move hydropump\n>p2 switch 6\n>p1 move leafblade\n>p2 move willowisp\n>p1 move victorydance\n>p2 move knockoff\n>p1 move victorydance\n>p2 move recover\n>p1 move victorydance\n>p2 switch 5\n>p1 move icespinner\n>p2 move knockoff\n>p1 move icespinner\n>p2 move knockoff\n>p2 switch 5\n>p1 move leafblade\n>p2 move knockoff\n>p2 switch 3\n>p1 move leafblade\n>p2 move knockoff\n>p1 switch 4\n>p1 move explosion\n>p2 move knockoff\n>p1 switch 2\n>p2 switch 4\n>p1 move psystrike\n>p2 move recover terastallize\n>p1 move aurasphere\n>p2 move shadowball\n>p1 move aurasphere\n>p2 move shadowball\n>p1 switch 5\n>p1 move dracometeor\n>p2 move recover\n>p1 move flashcannon\n>p2 move shadowball\n>p1 move flashcannon\n>p2 move shadowball", "uploadtime": 1733766281, "views": 3, "formatid": "gen9randombattle", "rating": 1152, "private": 0, "password": null}