{"id": "gen9randombattle-2260786170", "format": "[Gen 9] Random Battle", "players": ["lsxlsx", "gpxzin1"], "log": "|j|\u2606lsxlsx\n|j|\u2606gpxzin1\n|t:|1733891867\n|gametype|singles\n|player|p1|lsxlsx|2|1040\n|player|p2|gpxzin1|169|1078\n|teamsize|p1|6\n|teamsize|p2|6\n|gen|9\n|tier|[Gen 9] Random Battle\n|rated|\n|rule|Species Clause: Limit one of each Pok\u00e9mon\n|rule|HP Percentage Mod: HP is shown in percentages\n|rule|Sleep Clause Mod: Limit one foe put to sleep\n|rule|Illusion Level Mod: Illusion disguises the Pok\u00e9mon's true level\n|\n|t:|1733891867\n|start\n|switch|p1a: Vivillon|Vivillon-Modern, L84, F|272/272\n|switch|p2a: Veluza|Veluza, L85, M|292/292\n|turn|1\n|\n|t:|1733891882\n|move|p1a: Vivillon|Sleep Powder|p2a: Veluza\n|-status|p2a: Veluza|slp|[from] move: Sleep Powder\n|cant|p2a: Veluza|slp\n|\n|upkeep\n|turn|2\n|\n|t:|1733891888\n|move|p1a: Vivillon|Quiver Dance|p1a: Vivillon\n|-boost|p1a: Vivillon|spa|1\n|-boost|p1a: Vivillon|spd|1\n|-boost|p1a: Vivillon|spe|1\n|cant|p2a: Veluza|slp\n|\n|upkeep\n|turn|3\n|\n|t:|1733891895\n|move|p1a: Vivillon|Quiver Dance|p1a: Vivillon\n|-boost|p1a: Vivillon|spa|1\n|-boost|p1a: Vivillon|spd|1\n|-boost|p1a: Vivillon|spe|1\n|-curestatus|p2a: Veluza|slp|[msg]\n|move|p2a: Veluza|Fillet Away|p2a: Veluza\n|-boost|p2a: Veluza|atk|2\n|-boost|p2a: Veluza|spa|2\n|-boost|p2a: Veluza|spe|2\n|-damage|p2a: Veluza|146/292\n|-enditem|p2a: Veluza|Sitrus Berry|[eat]\n|-heal|p2a: Veluza|219/292|[from] item: Sitrus Berry\n|\n|upkeep\n|turn|4\n|\n|t:|1733891921\n|move|p1a: Vivillon|Hurricane|p2a: Veluza\n|-damage|p2a: Veluza|0 fnt\n|faint|p2a: Veluza\n|\n|upkeep\n|\n|t:|1733891932\n|switch|p2a: Flamigo|Flamigo, L82, F|269/269\n|turn|5\n|\n|t:|1733891947\n|move|p1a: Vivillon|Hurricane|p2a: Flamigo\n|-supereffective|p2a: Flamigo\n|-damage|p2a: Flamigo|0 fnt\n|faint|p2a: Flamigo\n|\n|upkeep\n|\n|t:|1733891953\n|switch|p2a: Raging Bolt|Raging Bolt, L78|323/323\n|turn|6\n|\n|t:|1733891970\n|-terastallize|p1a: Vivillon|Ground\n|move|p2a: Raging Bolt|Thunderclap|p1a: Vivillon\n|-immune|p1a: Vivillon\n|move|p1a: Vivillon|Tera Blast|p2a: Raging Bolt|[anim] Tera Blast Ground\n|-supereffective|p2a: Raging Bolt\n|-damage|p2a: Raging Bolt|11/323\n|\n|-heal|p2a: Raging Bolt|31/323|[from] item: Leftovers\n|upkeep\n|turn|7\n|\n|t:|1733891983\n|move|p1a: Vivillon|Quiver Dance|p1a: Vivillon\n|-boost|p1a: Vivillon|spa|1\n|-boost|p1a: Vivillon|spd|1\n|-boost|p1a: Vivillon|spe|1\n|move|p2a: Raging Bolt|Dragon Pulse|p1a: Vivillon\n|-damage|p1a: Vivillon|208/272\n|\n|-heal|p2a: Raging Bolt|51/323|[from] item: Leftovers\n|upkeep\n|turn|8\n|\n|t:|1733891993\n|move|p1a: Vivillon|Tera Blast|p2a: Raging Bolt|[anim] Tera Blast Ground\n|-supereffective|p2a: Raging Bolt\n|-damage|p2a: Raging Bolt|0 fnt\n|faint|p2a: Raging Bolt\n|-end|p2a: Raging Bolt|Protosynthesis|[silent]\n|\n|upkeep\n|\n|t:|1733892007\n|switch|p2a: Iron Treads|Iron Treads, L77|265/265\n|turn|9\n|\n|t:|1733892016\n|move|p1a: Vivillon|Tera Blast|p2a: Iron Treads|[anim] Tera Blast Ground\n|-supereffective|p2a: Iron Treads\n|-damage|p2a: Iron Treads|0 fnt\n|faint|p2a: Iron Treads\n|-end|p2a: Iron Treads|Quark Drive|[silent]\n|\n|upkeep\n|-message|gpxzin1 forfeited.\n|\n|win|lsxlsx\n|raw|lsxlsx's rating: 1040 &rarr; <strong>1078</strong><br />(+38 for winning)\n|raw|gpxzin1's rating: 1078 &rarr; <strong>1054</strong><br />(-24 for losing)\n", "inputlog": ">version bfd83cad13791eb5a5a409923076391caf6fb4d4\n>start {\"formatid\":\"gen9randombattle\",\"seed\":[7794,2422,28433,7546],\"rated\":\"Rated battle\"}\n>player p1 {\"name\":\"lsxlsx\",\"avatar\":\"2\",\"rating\":1040,\"seed\":[18415,18184,35088,57447]}\n>player p2 {\"name\":\"gpxzin1\",\"avatar\":\"169\",\"rating\":1078,\"seed\":[25899,54664,26006,52113]}\n>p1 move sleeppowder\n>p2 move filletaway\n>p1 move quiverdance\n>p2 move filletaway\n>p1 move quiverdance\n>p2 move filletaway\n>p1 move hurricane\n>p2 move aquacutter\n>p2 switch 3\n>p1 move hurricane\n>p2 move bravebird\n>p2 switch 4\n>p1 move terablast terastallize\n>p2 move thunderclap\n>p1 move quiverdance\n>p2 move dragonpulse\n>p1 move terablast\n>p2 move dragonpulse\n>p2 switch 5\n>p1 move terablast\n>p2 move earthquake\n>forcelose p2", "uploadtime": 1733892022, "views": 14, "formatid": "gen9randombattle", "rating": 1054, "private": 0, "password": null}