{"id": "gen9randombattle-2260609889", "format": "[Gen 9] Random Battle", "players": ["Kilatas", "kokosus"], "log": "|j|\u2606Kilatas\n|j|\u2606kokosus\n|t:|1733868933\n|gametype|singles\n|player|p1|Kilatas|policeman|1262\n|player|p2|kokosus|dawn|1260\n|teamsize|p1|6\n|teamsize|p2|6\n|gen|9\n|tier|[Gen 9] Random Battle\n|rated|\n|rule|Species Clause: Limit one of each Pok\u00e9mon\n|rule|HP Percentage Mod: HP is shown in percentages\n|rule|Sleep Clause Mod: Limit one foe put to sleep\n|rule|Illusion Level Mod: Illusion disguises the Pok\u00e9mon's true level\n|\n|t:|1733868933\n|start\n|switch|p1a: Zebstrika|Zebstrika, L87, F|272/272\n|switch|p2a: Cetitan|Cetitan, L82, F|412/412\n|turn|1\n|inactive|Battle timer is ON: inactive players will automatically lose when time's up. (requested by Kilatas)\n|\n|t:|1733868947\n|move|p1a: Zebstrika|Overheat|p2a: Cetitan\n|-supereffective|p2a: Cetitan\n|-damage|p2a: Cetitan|264/412\n|-unboost|p1a: Zebstrika|spa|2\n|-damage|p1a: Zebstrika|245/272|[from] item: Life Orb\n|move|p2a: Cetitan|Earthquake|p1a: Zebstrika\n|-supereffective|p1a: Zebstrika\n|-damage|p1a: Zebstrika|67/272\n|\n|upkeep\n|turn|2\n|\n|t:|1733868955\n|move|p1a: Zebstrika|Volt Switch|p2a: Cetitan\n|-damage|p2a: Cetitan|194/412\n|-enditem|p2a: Cetitan|Sitrus Berry|[eat]\n|-heal|p2a: Cetitan|297/412|[from] item: Sitrus Berry\n|-damage|p1a: Zebstrika|40/272|[from] item: Life Orb\n|\n|t:|1733868977\n|switch|p1a: Mienshao|Mienshao, L83, F|243/243|[from] Volt Switch\n|move|p2a: Cetitan|Earthquake|p1a: Mienshao\n|-damage|p1a: Mienshao|141/243\n|\n|upkeep\n|turn|3\n|\n|t:|1733868986\n|move|p2a: Cetitan|Ice Shard|p1a: Mienshao\n|-damage|p1a: Mienshao|78/243\n|move|p1a: Mienshao|High Jump Kick|p2a: Cetitan\n|-supereffective|p2a: Cetitan\n|-damage|p2a: Cetitan|0 fnt\n|faint|p2a: Cetitan\n|\n|upkeep\n|\n|t:|1733868993\n|switch|p2a: Gallade|Gallade, L81, M|243/243\n|turn|4\n|\n|t:|1733868999\n|switch|p1a: Gyarados|Gyarados, L79, M|280/280\n|-ability|p1a: Gyarados|Intimidate|boost\n|-unboost|p2a: Gallade|atk|1\n|move|p2a: Gallade|Psycho Cut|p1a: Gyarados\n|-damage|p1a: Gyarados|159/280\n|-damage|p2a: Gallade|219/243|[from] item: Life Orb\n|\n|upkeep\n|turn|5\n|\n|t:|1733869005\n|move|p2a: Gallade|Swords Dance|p2a: Gallade\n|-boost|p2a: Gallade|atk|2\n|move|p1a: Gyarados|Dragon Dance|p1a: Gyarados\n|-boost|p1a: Gyarados|atk|1\n|-boost|p1a: Gyarados|spe|1\n|\n|upkeep\n|turn|6\n|\n|t:|1733869010\n|move|p1a: Gyarados|Waterfall|p2a: Gallade\n|-damage|p2a: Gallade|32/243\n|move|p2a: Gallade|Psycho Cut|p1a: Gyarados\n|-damage|p1a: Gyarados|0 fnt\n|faint|p1a: Gyarados\n|-damage|p2a: Gallade|8/243|[from] item: Life Orb\n|\n|upkeep\n|\n|t:|1733869014\n|switch|p1a: Zebstrika|Zebstrika, L87, F|40/272\n|turn|7\n|\n|t:|1733869017\n|move|p1a: Zebstrika|Volt Switch|p2a: Gallade\n|-damage|p2a: Gallade|0 fnt\n|faint|p2a: Gallade\n|-damage|p1a: Zebstrika|13/272|[from] item: Life Orb\n|\n|t:|1733869023\n|switch|p1a: Mienshao|Mienshao, L83, F|78/243|[from] Volt Switch\n|\n|upkeep\n|\n|t:|1733869047\n|switch|p2a: Clawitzer|Clawitzer, L87, M|265/265\n|turn|8\n|\n|t:|1733869052\n|move|p1a: Mienshao|High Jump Kick|p2a: Clawitzer\n|-damage|p2a: Clawitzer|0 fnt\n|faint|p2a: Clawitzer\n|\n|upkeep\n|\n|t:|1733869060\n|switch|p2a: Sudowoodo|Sudowoodo, L94, F|284/284\n|turn|9\n|\n|t:|1733869063\n|move|p1a: Mienshao|High Jump Kick|p2a: Sudowoodo\n|-supereffective|p2a: Sudowoodo\n|-damage|p2a: Sudowoodo|0 fnt\n|faint|p2a: Sudowoodo\n|\n|upkeep\n|-message|kokosus forfeited.\n|\n|win|Kilatas\n|raw|Kilatas's rating: 1262 &rarr; <strong>1287</strong><br />(+25 for winning)\n|raw|kokosus's rating: 1260 &rarr; <strong>1235</strong><br />(-25 for losing)\n|l|\u2606kokosus\n|player|p2|\n", "inputlog": ">version bfd83cad13791eb5a5a409923076391caf6fb4d4\n>start {\"formatid\":\"gen9randombattle\",\"seed\":[65237,16242,11931,32553],\"rated\":\"Rated battle\"}\n>player p1 {\"name\":\"Kilatas\",\"avatar\":\"policeman\",\"rating\":1262,\"seed\":[31045,41119,15628,24912]}\n>player p2 {\"name\":\"kokosus\",\"avatar\":\"dawn\",\"rating\":1260,\"seed\":[13974,31520,6151,27686]}\n>p1 move overheat\n>p2 move earthquake\n>p1 move voltswitch\n>p2 move earthquake\n>p1 switch 2\n>p1 move highjumpkick\n>p2 move iceshard\n>p2 switch 5\n>p1 switch 3\n>p2 move psychocut\n>p1 move dragondance\n>p2 move swordsdance\n>p1 move waterfall\n>p2 move psychocut\n>p1 switch 2\n>p1 move voltswitch\n>p2 move sacredsword\n>p1 switch 3\n>p2 switch 6\n>p1 move highjumpkick\n>p2 move aurasphere\n>p2 switch 2\n>p1 move highjumpkick\n>p2 move woodhammer\n>forcelose p2", "uploadtime": 1733869068, "views": 1, "formatid": "gen9randombattle", "rating": 1235, "private": 0, "password": null}