{"id": "gen9randombattle-2260809692", "format": "[Gen 9] Random Battle", "players": ["aceeeeeee", "Xxmoxx"], "log": "|j|\u2606aceeeeeee\n|j|\u2606Xxmoxx\n|t:|1733895964\n|gametype|singles\n|player|p1|aceeeeeee|dawn|1756\n|player|p2|Xxmoxx|169|1793\n|teamsize|p1|6\n|teamsize|p2|6\n|gen|9\n|tier|[Gen 9] Random Battle\n|rated|\n|rule|Species Clause: Limit one of each Pok\u00e9mon\n|rule|HP Percentage Mod: HP is shown in percentages\n|rule|Sleep Clause Mod: Limit one foe put to sleep\n|rule|Illusion Level Mod: Illusion disguises the Pok\u00e9mon's true level\n|\n|t:|1733895964\n|start\n|switch|p1a: Sandslash|Sandslash-Alola, L88, M|275/275\n|switch|p2a: Bastiodon|Bastiodon, L89, F|252/252\n|turn|1\n|inactive|Battle timer is ON: inactive players will automatically lose when time's up. (requested by Xxmoxx)\n|\n|t:|1733895987\n|switch|p1a: Hoopa|Hoopa, L85|275/275\n|move|p2a: Bastiodon|Body Press|p1a: Hoopa\n|-immune|p1a: Hoopa\n|\n|upkeep\n|turn|2\n|\n|t:|1733895995\n|move|p1a: Hoopa|Focus Blast|p2a: Bastiodon|[miss]\n|-miss|p1a: Hoopa|p2a: Bastiodon\n|move|p2a: Bastiodon|Foul Play|p1a: Hoopa\n|-supereffective|p1a: Hoopa\n|-damage|p1a: Hoopa|0 fnt\n|faint|p1a: Hoopa\n|\n|upkeep\n|\n|t:|1733896001\n|switch|p1a: Oinkologne|Oinkologne, L92, M|352/352\n|turn|3\n|\n|t:|1733896011\n|switch|p2a: Tentacruel|Tentacruel, L84, F|272/272\n|move|p1a: Oinkologne|High Horsepower|p2a: Tentacruel\n|-supereffective|p2a: Tentacruel\n|-damage|p2a: Tentacruel|52/272\n|\n|-heal|p2a: Tentacruel|69/272|[from] item: Leftovers\n|upkeep\n|turn|4\n|\n|t:|1733896020\n|switch|p2a: Sandaconda|Sandaconda, L84, M|258/258\n|move|p1a: Oinkologne|High Horsepower|p2a: Sandaconda\n|-damage|p2a: Sandaconda|195/258\n|\n|upkeep\n|turn|5\n|\n|t:|1733896026\n|move|p1a: Oinkologne|Double-Edge|p2a: Sandaconda\n|-damage|p2a: Sandaconda|84/258\n|-damage|p1a: Oinkologne|315/352|[from] Recoil\n|move|p2a: Sandaconda|Coil|p2a: Sandaconda\n|-boost|p2a: Sandaconda|atk|1\n|-boost|p2a: Sandaconda|def|1\n|-boost|p2a: Sandaconda|accuracy|1\n|\n|-heal|p1a: Oinkologne|337/352|[from] item: Leftovers\n|upkeep\n|turn|6\n|\n|t:|1733896043\n|move|p1a: Oinkologne|Double-Edge|p2a: Sandaconda\n|-damage|p2a: Sandaconda|9/258\n|-damage|p1a: Oinkologne|312/352|[from] Recoil\n|move|p2a: Sandaconda|Scale Shot|p1a: Oinkologne\n|-crit|p1a: Oinkologne\n|-damage|p1a: Oinkologne|268/352\n|-damage|p1a: Oinkologne|239/352\n|-damage|p1a: Oinkologne|210/352\n|-damage|p1a: Oinkologne|180/352\n|-hitcount|p1a: Oinkologne|4\n|-unboost|p2a: Sandaconda|def|1\n|-boost|p2a: Sandaconda|spe|1\n|\n|-heal|p1a: Oinkologne|202/352|[from] item: Leftovers\n|upkeep\n|turn|7\n|\n|t:|1733896062\n|move|p2a: Sandaconda|Earthquake|p1a: Oinkologne\n|-damage|p1a: Oinkologne|40/352\n|move|p1a: Oinkologne|High Horsepower|p2a: Sandaconda\n|-damage|p2a: Sandaconda|0 fnt\n|faint|p2a: Sandaconda\n|\n|-heal|p1a: Oinkologne|62/352|[from] item: Leftovers\n|upkeep\n|\n|t:|1733896069\n|switch|p2a: Luxray|Luxray, L88, M|283/283\n|turn|8\n|\n|t:|1733896080\n|move|p2a: Luxray|Supercell Slam|p1a: Oinkologne\n|-damage|p1a: Oinkologne|0 fnt\n|faint|p1a: Oinkologne\n|\n|-status|p2a: Luxray|brn|[from] item: Flame Orb\n|upkeep\n|\n|t:|1733896096\n|switch|p1a: Glastrier|Glastrier, L86|311/311\n|turn|9\n|\n|t:|1733896104\n|-terastallize|p2a: Luxray|Normal\n|move|p2a: Luxray|Facade|p1a: Glastrier\n|-damage|p1a: Glastrier|121/311\n|move|p1a: Glastrier|High Horsepower|p2a: Luxray\n|-damage|p2a: Luxray|138/283 brn\n|\n|-damage|p2a: Luxray|121/283 brn|[from] brn\n|upkeep\n|turn|10\n|\n|t:|1733896118\n|switch|p1a: Sandslash|Sandslash-Alola, L88, M|275/275\n|move|p2a: Luxray|Facade|p1a: Sandslash\n|-resisted|p1a: Sandslash\n|-damage|p1a: Sandslash|170/275\n|\n|-damage|p2a: Luxray|104/283 brn|[from] brn\n|upkeep\n|turn|11\n|\n|t:|1733896127\n|move|p2a: Luxray|Supercell Slam|p1a: Sandslash\n|-damage|p1a: Sandslash|26/275\n|move|p1a: Sandslash|Iron Head|p2a: Luxray\n|-damage|p2a: Luxray|0 fnt\n|faint|p2a: Luxray\n|\n|upkeep\n|\n|t:|1733896133\n|switch|p2a: Tentacruel|Tentacruel, L84, F|69/272\n|turn|12\n|\n|t:|1733896139\n|move|p2a: Tentacruel|Surf|p1a: Sandslash\n|-damage|p1a: Sandslash|0 fnt\n|faint|p1a: Sandslash\n|\n|-heal|p2a: Tentacruel|86/272|[from] item: Leftovers\n|upkeep\n|\n|t:|1733896158\n|switch|p1a: Victreebel|Victreebel, L90, F|290/290\n|turn|13\n|\n|t:|1733896163\n|move|p2a: Tentacruel|Sludge Bomb|p1a: Victreebel\n|-crit|p1a: Victreebel\n|-damage|p1a: Victreebel|148/290\n|move|p1a: Victreebel|Sunny Day|p1a: Victreebel\n|-weather|SunnyDay\n|\n|-weather|SunnyDay|[upkeep]\n|-heal|p2a: Tentacruel|103/272|[from] item: Leftovers\n|upkeep\n|turn|14\n|\n|t:|1733896169\n|move|p1a: Victreebel|Power Whip|p2a: Tentacruel\n|-damage|p2a: Tentacruel|0 fnt\n|faint|p2a: Tentacruel\n|-damage|p1a: Victreebel|119/290|[from] item: Life Orb\n|\n|-weather|SunnyDay|[upkeep]\n|upkeep\n|\n|t:|1733896180\n|switch|p2a: Kyogre|Kyogre, L71|259/259\n|-weather|RainDance|[from] ability: Drizzle|[of] p2a: Kyogre\n|turn|15\n|\n|t:|1733896187\n|switch|p2a: Bastiodon|Bastiodon, L89, F|252/252\n|move|p1a: Victreebel|Power Whip|p2a: Bastiodon\n|-damage|p2a: Bastiodon|139/252\n|-damage|p1a: Victreebel|90/290|[from] item: Life Orb\n|\n|-weather|RainDance|[upkeep]\n|upkeep\n|turn|16\n|\n|t:|1733896195\n|move|p1a: Victreebel|Weather Ball|p2a: Bastiodon\n|-supereffective|p2a: Bastiodon\n|-damage|p2a: Bastiodon|0 fnt\n|faint|p2a: Bastiodon\n|-damage|p1a: Victreebel|61/290|[from] item: Life Orb\n|\n|-weather|RainDance|[upkeep]\n|upkeep\n|\n|t:|1733896201\n|switch|p2a: Calyrex|Calyrex-Ice, L72|263/263\n|-ability|p2a: Calyrex|As One\n|-ability|p2a: Calyrex|Unnerve\n|turn|17\n|inactive|aceeeeeee has 120 seconds left.\n|\n|t:|1733896235\n|move|p1a: Victreebel|Weather Ball|p2a: Calyrex\n|-damage|p2a: Calyrex|121/263\n|-damage|p1a: Victreebel|32/290|[from] item: Life Orb\n|move|p2a: Calyrex|Glacial Lance|p1a: Victreebel\n|-supereffective|p1a: Victreebel\n|-damage|p1a: Victreebel|0 fnt\n|faint|p1a: Victreebel\n|-ability|p2a: Calyrex|Chilling Neigh|boost\n|-boost|p2a: Calyrex|atk|1\n|\n|-weather|RainDance|[upkeep]\n|upkeep\n|inactive|aceeeeeee has 120 seconds left.\n|\n|t:|1733896248\n|switch|p1a: Chimecho|Chimecho, L93, F|290/290\n|turn|18\n|inactive|aceeeeeee has 120 seconds left.\n|\n|t:|1733896257\n|move|p1a: Chimecho|Psychic Noise|p2a: Calyrex\n|-resisted|p2a: Calyrex\n|-damage|p2a: Calyrex|83/263\n|-start|p2a: Calyrex|move: Heal Block\n|move|p2a: Calyrex|Agility|p2a: Calyrex\n|-boost|p2a: Calyrex|spe|2\n|\n|-weather|RainDance|[upkeep]\n|upkeep\n|turn|19\n|\n|t:|1733896265\n|move|p2a: Calyrex|Glacial Lance|p1a: Chimecho\n|-damage|p1a: Chimecho|97/290\n|move|p1a: Chimecho|Thunder Wave|p2a: Calyrex\n|-status|p2a: Calyrex|par\n|\n|-weather|none\n|-heal|p1a: Chimecho|115/290|[from] item: Leftovers\n|-end|p2a: Calyrex|move: Heal Block\n|upkeep\n|turn|20\n|\n|t:|1733896270\n|move|p1a: Chimecho|Recover|p1a: Chimecho\n|-heal|p1a: Chimecho|260/290\n|move|p2a: Calyrex|Glacial Lance|p1a: Chimecho\n|-damage|p1a: Chimecho|49/290\n|\n|-heal|p1a: Chimecho|67/290|[from] item: Leftovers\n|upkeep\n|turn|21\n|\n|t:|1733896274\n|move|p1a: Chimecho|Recover|p1a: Chimecho\n|-heal|p1a: Chimecho|212/290\n|move|p2a: Calyrex|Agility|p2a: Calyrex\n|-boost|p2a: Calyrex|spe|2\n|\n|-heal|p1a: Chimecho|230/290|[from] item: Leftovers\n|upkeep\n|turn|22\n|\n|t:|1733896281\n|move|p1a: Chimecho|Psychic Noise|p2a: Calyrex\n|-resisted|p2a: Calyrex\n|-damage|p2a: Calyrex|40/263 par\n|-start|p2a: Calyrex|move: Heal Block\n|move|p2a: Calyrex|Agility|p2a: Calyrex\n|-boost|p2a: Calyrex|spe|2\n|\n|-heal|p1a: Chimecho|248/290|[from] item: Leftovers\n|upkeep\n|turn|23\n|\n|t:|1733896295\n|switch|p1a: Glastrier|Glastrier, L86|121/311\n|move|p2a: Calyrex|Glacial Lance|p1a: Glastrier\n|-resisted|p1a: Glastrier\n|-damage|p1a: Glastrier|49/311\n|\n|-end|p2a: Calyrex|move: Heal Block\n|upkeep\n|turn|24\n|\n|t:|1733896302\n|cant|p2a: Calyrex|par\n|move|p1a: Glastrier|Heavy Slam|p2a: Calyrex\n|-supereffective|p2a: Calyrex\n|-damage|p2a: Calyrex|0 fnt\n|faint|p2a: Calyrex\n|-ability|p1a: Glastrier|Chilling Neigh|boost\n|-boost|p1a: Glastrier|atk|1\n|\n|upkeep\n|\n|t:|1733896307\n|switch|p2a: Kyogre|Kyogre, L71|259/259\n|-weather|RainDance|[from] ability: Drizzle|[of] p2a: Kyogre\n|turn|25\n|\n|t:|1733896317\n|move|p2a: Kyogre|Thunder|p1a: Glastrier\n|-damage|p1a: Glastrier|0 fnt\n|faint|p1a: Glastrier\n|\n|-weather|RainDance|[upkeep]\n|upkeep\n|\n|t:|1733896321\n|switch|p1a: Chimecho|Chimecho, L93, F|248/290\n|turn|26\n|\n|t:|1733896337\n|move|p1a: Chimecho|Encore|p2a: Kyogre\n|-start|p2a: Kyogre|Encore\n|move|p2a: Kyogre|Thunder|p1a: Chimecho\n|-damage|p1a: Chimecho|181/290\n|\n|-weather|RainDance|[upkeep]\n|-heal|p1a: Chimecho|199/290|[from] item: Leftovers\n|upkeep\n|turn|27\n|\n|t:|1733896344\n|move|p1a: Chimecho|Thunder Wave|p2a: Kyogre\n|-status|p2a: Kyogre|par\n|cant|p2a: Kyogre|par\n|\n|-weather|RainDance|[upkeep]\n|-heal|p1a: Chimecho|217/290|[from] item: Leftovers\n|upkeep\n|turn|28\n|\n|t:|1733896352\n|move|p1a: Chimecho|Psychic Noise|p2a: Kyogre\n|-damage|p2a: Kyogre|184/259 par\n|-start|p2a: Kyogre|move: Heal Block\n|move|p2a: Kyogre|Thunder|p1a: Chimecho\n|-damage|p1a: Chimecho|142/290\n|\n|-weather|RainDance|[upkeep]\n|-heal|p1a: Chimecho|160/290|[from] item: Leftovers\n|-end|p2a: Kyogre|Encore\n|upkeep\n|turn|29\n|\n|t:|1733896364\n|move|p1a: Chimecho|Encore|p2a: Kyogre\n|-start|p2a: Kyogre|Encore\n|cant|p2a: Kyogre|par\n|\n|-weather|none\n|-heal|p1a: Chimecho|178/290|[from] item: Leftovers\n|-end|p2a: Kyogre|move: Heal Block\n|upkeep\n|turn|30\n|\n|t:|1733896369\n|move|p1a: Chimecho|Recover|p1a: Chimecho\n|-heal|p1a: Chimecho|290/290\n|cant|p2a: Kyogre|par\n|\n|-heal|p2a: Kyogre|200/259 par|[from] item: Leftovers\n|upkeep\n|turn|31\n|\n|t:|1733896376\n|move|p1a: Chimecho|Psychic Noise|p2a: Kyogre\n|-damage|p2a: Kyogre|124/259 par\n|-start|p2a: Kyogre|move: Heal Block\n|move|p2a: Kyogre|Thunder|p1a: Chimecho|[miss]\n|-miss|p2a: Kyogre|p1a: Chimecho\n|\n|-end|p2a: Kyogre|Encore\n|upkeep\n|turn|32\n|\n|t:|1733896388\n|move|p1a: Chimecho|Encore|p2a: Kyogre\n|-start|p2a: Kyogre|Encore\n|move|p2a: Kyogre|Thunder|p1a: Chimecho\n|-damage|p1a: Chimecho|220/290\n|\n|-heal|p1a: Chimecho|238/290|[from] item: Leftovers\n|-end|p2a: Kyogre|move: Heal Block\n|upkeep\n|turn|33\n|\n|t:|1733896397\n|move|p1a: Chimecho|Psychic Noise|p2a: Kyogre\n|-damage|p2a: Kyogre|48/259 par\n|-start|p2a: Kyogre|move: Heal Block\n|move|p2a: Kyogre|Thunder|p1a: Chimecho|[miss]\n|-miss|p2a: Kyogre|p1a: Chimecho\n|\n|-heal|p1a: Chimecho|256/290|[from] item: Leftovers\n|upkeep\n|turn|34\n|c|\u2606aceeeeeee|gg\n|\n|t:|1733896404\n|move|p1a: Chimecho|Psychic Noise|p2a: Kyogre\n|-damage|p2a: Kyogre|0 fnt\n|faint|p2a: Kyogre\n|\n|win|aceeeeeee\n|raw|aceeeeeee's rating: 1756 &rarr; <strong>1778</strong><br />(+22 for winning)\n|raw|Xxmoxx's rating: 1793 &rarr; <strong>1771</strong><br />(-22 for losing)\n", "inputlog": ">version bfd83cad13791eb5a5a409923076391caf6fb4d4\n>start {\"formatid\":\"gen9randombattle\",\"seed\":[48928,26145,50941,57141],\"rated\":\"Rated battle\"}\n>player p1 {\"name\":\"aceeeeeee\",\"avatar\":\"dawn\",\"rating\":1756,\"seed\":[47503,13657,37259,10971]}\n>player p2 {\"name\":\"Xxmoxx\",\"avatar\":\"169\",\"rating\":1793,\"seed\":[45485,11599,27134,44661]}\n>p1 switch 2\n>p2 move bodypress\n>p1 move focusblast\n>p2 move foulplay\n>p1 switch 5\n>p1 move highhorsepower\n>p2 switch 3\n>p1 move highhorsepower\n>p2 switch 4\n>p1 move doubleedge\n>p2 move coil\n>p1 move doubleedge\n>p2 move scaleshot\n>p1 move highhorsepower\n>p2 move earthquake\n>p2 switch 6\n>p1 move highhorsepower\n>p2 move supercellslam\n>p1 switch 3\n>p1 move highhorsepower\n>p2 move facade terastallize\n>p1 switch 2\n>p2 move facade\n>p1 move ironhead\n>p2 move supercellslam\n>p2 switch 4\n>p1 move knockoff\n>p2 move surf\n>p1 switch 4\n>p1 move sunnyday\n>p2 move sludgebomb\n>p1 move powerwhip\n>p2 move sludgebomb\n>p2 switch 5\n>p1 move powerwhip\n>p2 switch 3\n>p1 move weatherball\n>p2 move foulplay\n>p2 switch 2\n>p1 move weatherball\n>p2 move glaciallance\n>p1 switch 6\n>p1 move psychicnoise\n>p2 move agility\n>p1 move thunderwave\n>p2 move glaciallance\n>p1 move recover\n>p2 move glaciallance\n>p1 move recover\n>p2 move agility\n>p1 move psychicnoise\n>p2 move agility\n>p1 switch 2\n>p2 move glaciallance\n>p1 move heavyslam\n>p2 move closecombat\n>p2 switch 3\n>p1 move heavyslam\n>p2 move thunder\n>p1 switch 2\n>p1 move encore\n>p2 move calmmind\n>p1 move thunderwave\n>p2 move thunder\n>p1 move psychicnoise\n>p2 move thunder\n>p1 move encore\n>p2 move originpulse\n>p1 move recover\n>p2 move thunder\n>p1 move psychicnoise\n>p2 move thunder\n>p1 move encore\n>p2 move originpulse\n>p1 move psychicnoise\n>p2 move thunder\n>chat \u2606aceeeeeee|gg\n>p1 move psychicnoise\n>p2 move thunder", "uploadtime": 1733896409, "views": 1, "formatid": "gen9randombattle", "rating": 1771, "private": 0, "password": null}