{"id": "gen9randombattle-2259963627", "format": "[Gen 9] Random Battle", "players": ["Ettajames14", "EveryMatchIsRigged"], "log": "|j|\u2606Ettajames14\n|j|\u2606EveryMatchIsRigged\n|t:|1733784941\n|gametype|singles\n|player|p1|Ettajames14|265|1366\n|player|p2|EveryMatchIsRigged|acetrainerf|1340\n|teamsize|p1|6\n|teamsize|p2|6\n|gen|9\n|tier|[Gen 9] Random Battle\n|rated|\n|rule|Species Clause: Limit one of each Pok\u00e9mon\n|rule|HP Percentage Mod: HP is shown in percentages\n|rule|Sleep Clause Mod: Limit one foe put to sleep\n|rule|Illusion Level Mod: Illusion disguises the Pok\u00e9mon's true level\n|\n|t:|1733784941\n|start\n|switch|p1a: Kricketune|Kricketune, L99, M|311/311\n|switch|p2a: Slither Wing|Slither Wing, L81|270/270\n|turn|1\n|inactive|Battle timer is ON: inactive players will automatically lose when time's up. (requested by EveryMatchIsRigged)\n|c|\u2606EveryMatchIsRigged|good luck\n|\n|t:|1733784958\n|move|p1a: Kricketune|Sticky Web|p2a: Slither Wing\n|-sidestart|p2: EveryMatchIsRigged|move: Sticky Web\n|move|p2a: Slither Wing|Flare Blitz|p1a: Kricketune\n|-supereffective|p1a: Kricketune\n|-enditem|p1a: Kricketune|Focus Sash\n|-damage|p1a: Kricketune|1/311\n|-damage|p2a: Slither Wing|168/270|[from] Recoil\n|\n|upkeep\n|turn|2\n|\n|t:|1733784975\n|move|p1a: Kricketune|Knock Off|p2a: Slither Wing\n|-resisted|p2a: Slither Wing\n|-damage|p2a: Slither Wing|123/270\n|-enditem|p2a: Slither Wing|Choice Band|[from] move: Knock Off|[of] p1a: Kricketune\n|move|p2a: Slither Wing|Flare Blitz|p1a: Kricketune\n|-supereffective|p1a: Kricketune\n|-damage|p1a: Kricketune|0 fnt\n|faint|p1a: Kricketune\n|-damage|p2a: Slither Wing|122/270|[from] Recoil\n|\n|upkeep\n|\n|t:|1733784990\n|switch|p1a: Tauros|Tauros-Paldea-Blaze, L81, M|252/252\n|turn|3\n|\n|t:|1733785007\n|-terastallize|p2a: Slither Wing|Electric\n|move|p1a: Tauros|Raging Bull|p2a: Slither Wing\n|-damage|p2a: Slither Wing|14/270\n|move|p2a: Slither Wing|Wild Charge|p1a: Tauros\n|-damage|p1a: Tauros|138/252\n|-damage|p2a: Slither Wing|0 fnt|[from] Recoil\n|faint|p2a: Slither Wing\n|-end|p2a: Slither Wing|Protosynthesis|[silent]\n|\n|upkeep\n|\n|t:|1733785017\n|switch|p2a: Klefki|Klefki, L84, M|233/233\n|-activate|p2a: Klefki|move: Sticky Web\n|-unboost|p2a: Klefki|spe|1\n|turn|4\n|\n|t:|1733785023\n|move|p2a: Klefki|Thunder Wave|p1a: Tauros\n|-status|p1a: Tauros|par\n|move|p1a: Tauros|Raging Bull|p2a: Klefki\n|-supereffective|p2a: Klefki\n|-damage|p2a: Klefki|47/233\n|\n|-heal|p2a: Klefki|61/233|[from] item: Leftovers\n|upkeep\n|turn|5\n|\n|t:|1733785033\n|move|p2a: Klefki|Play Rough|p1a: Tauros\n|-damage|p1a: Tauros|62/252 par\n|-enditem|p1a: Tauros|Sitrus Berry|[eat]\n|-heal|p1a: Tauros|125/252 par|[from] item: Sitrus Berry\n|move|p1a: Tauros|Raging Bull|p2a: Klefki\n|-supereffective|p2a: Klefki\n|-damage|p2a: Klefki|0 fnt\n|faint|p2a: Klefki\n|\n|upkeep\n|\n|t:|1733785045\n|switch|p2a: Barraskewda|Barraskewda, L81, F|231/231\n|-activate|p2a: Barraskewda|move: Sticky Web\n|-unboost|p2a: Barraskewda|spe|1\n|turn|6\n|\n|t:|1733785063\n|move|p2a: Barraskewda|Waterfall|p1a: Tauros\n|-supereffective|p1a: Tauros\n|-damage|p1a: Tauros|0 fnt\n|faint|p1a: Tauros\n|\n|upkeep\n|\n|t:|1733785079\n|switch|p1a: Maushold|Maushold-Four, L76|238/238\n|turn|7\n|\n|t:|1733785087\n|move|p1a: Maushold|Population Bomb|p2a: Barraskewda\n|-damage|p2a: Barraskewda|201/231\n|-damage|p2a: Barraskewda|168/231\n|-damage|p2a: Barraskewda|138/231\n|-damage|p2a: Barraskewda|108/231\n|-damage|p2a: Barraskewda|78/231\n|-damage|p2a: Barraskewda|50/231\n|-damage|p2a: Barraskewda|20/231\n|-damage|p2a: Barraskewda|0 fnt\n|faint|p2a: Barraskewda\n|-hitcount|p2: Barraskewda|8\n|\n|upkeep\n|\n|t:|1733785101\n|switch|p2a: Mightyena|Mightyena, L95, M|287/287\n|-activate|p2a: Mightyena|move: Sticky Web\n|-unboost|p2a: Mightyena|spe|1\n|-ability|p2a: Mightyena|Intimidate|boost\n|-unboost|p1a: Maushold|atk|1\n|turn|8\n|\n|t:|1733785111\n|switch|p1a: Scream Tail|Scream Tail, L84|330/330\n|move|p2a: Mightyena|Play Rough|p1a: Scream Tail\n|-damage|p1a: Scream Tail|255/330\n|\n|-heal|p1a: Scream Tail|275/330|[from] item: Leftovers\n|upkeep\n|turn|9\n|\n|t:|1733785123\n|move|p1a: Scream Tail|Play Rough|p2a: Mightyena\n|-supereffective|p2a: Mightyena\n|-damage|p2a: Mightyena|137/287\n|move|p2a: Mightyena|Poison Fang|p1a: Scream Tail\n|-supereffective|p1a: Scream Tail\n|-damage|p1a: Scream Tail|195/330\n|-status|p1a: Scream Tail|tox\n|\n|-heal|p1a: Scream Tail|215/330 tox|[from] item: Leftovers\n|-damage|p1a: Scream Tail|195/330 tox|[from] psn\n|upkeep\n|turn|10\n|\n|t:|1733785135\n|switch|p2a: Dusknoir|Dusknoir, L89, F|225/225\n|-activate|p2a: Dusknoir|move: Sticky Web\n|-unboost|p2a: Dusknoir|spe|1\n|-item|p1a: Scream Tail|Leftovers|[from] ability: Frisk|[of] p2a: Dusknoir\n|move|p1a: Scream Tail|Play Rough|p2a: Dusknoir\n|-damage|p2a: Dusknoir|177/225\n|\n|-heal|p1a: Scream Tail|215/330 tox|[from] item: Leftovers\n|-heal|p2a: Dusknoir|191/225|[from] item: Leftovers\n|-damage|p1a: Scream Tail|175/330 tox|[from] psn\n|upkeep\n|turn|11\n|\n|t:|1733785156\n|move|p1a: Scream Tail|Wish|p1a: Scream Tail\n|move|p2a: Dusknoir|Substitute|p2a: Dusknoir\n|-start|p2a: Dusknoir|Substitute\n|-damage|p2a: Dusknoir|135/225\n|\n|-heal|p1a: Scream Tail|195/330 tox|[from] item: Leftovers\n|-heal|p2a: Dusknoir|149/225|[from] item: Leftovers\n|-damage|p1a: Scream Tail|135/330 tox|[from] psn\n|upkeep\n|turn|12\n|inactive|Ettajames14 has 120 seconds left.\n|\n|t:|1733785192\n|move|p1a: Scream Tail|Protect|p1a: Scream Tail\n|-singleturn|p1a: Scream Tail|Protect\n|move|p2a: Dusknoir|Poltergeist|p1a: Scream Tail\n|-activate|p1a: Scream Tail|move: Protect\n|\n|-heal|p1a: Scream Tail|300/330 tox|[from] move: Wish|[wisher] Scream Tail\n|-heal|p1a: Scream Tail|320/330 tox|[from] item: Leftovers\n|-heal|p2a: Dusknoir|163/225|[from] item: Leftovers\n|-damage|p1a: Scream Tail|240/330 tox|[from] psn\n|upkeep\n|turn|13\n|inactive|Ettajames14 has 120 seconds left.\n|inactive|Ettajames14 has 90 seconds left.\n|\n|t:|1733785249\n|-end|p1a: Scream Tail|Protosynthesis|[silent]\n|switch|p1a: Perrserker|Perrserker, L89, M|269/269\n|move|p2a: Dusknoir|Poltergeist|p1a: Perrserker\n|-activate|p1a: Perrserker|move: Poltergeist|Life Orb\n|-damage|p1a: Perrserker|154/269\n|\n|-heal|p2a: Dusknoir|177/225|[from] item: Leftovers\n|upkeep\n|turn|14\n|\n|t:|1733785259\n|-singleturn|p2a: Dusknoir|move: Focus Punch\n|move|p1a: Perrserker|Knock Off|p2a: Dusknoir\n|-supereffective|p2a: Dusknoir\n|-end|p2a: Dusknoir|Substitute\n|-damage|p1a: Perrserker|128/269|[from] item: Life Orb\n|move|p2a: Dusknoir|Focus Punch|p1a: Perrserker\n|-supereffective|p1a: Perrserker\n|-damage|p1a: Perrserker|0 fnt\n|faint|p1a: Perrserker\n|\n|-heal|p2a: Dusknoir|191/225|[from] item: Leftovers\n|upkeep\n|\n|t:|1733785277\n|switch|p1a: Keldeo|Keldeo-Resolute, L79|273/273\n|turn|15\n|\n|t:|1733785282\n|move|p1a: Keldeo|Air Slash|p2a: Dusknoir\n|-damage|p2a: Dusknoir|134/225\n|move|p2a: Dusknoir|Substitute|p2a: Dusknoir\n|-start|p2a: Dusknoir|Substitute\n|-damage|p2a: Dusknoir|78/225\n|\n|-heal|p2a: Dusknoir|92/225|[from] item: Leftovers\n|upkeep\n|turn|16\n|\n|t:|1733785291\n|move|p1a: Keldeo|Air Slash|p2a: Dusknoir\n|-crit|p2a: Dusknoir\n|-end|p2a: Dusknoir|Substitute\n|move|p2a: Dusknoir|Pain Split|p1a: Keldeo\n|-sethp|p1a: Keldeo|182/273|[from] move: Pain Split|[silent]\n|-sethp|p2a: Dusknoir|182/225|[from] move: Pain Split\n|\n|-heal|p2a: Dusknoir|196/225|[from] item: Leftovers\n|upkeep\n|turn|17\n|\n|t:|1733785300\n|move|p1a: Keldeo|Air Slash|p2a: Dusknoir\n|-damage|p2a: Dusknoir|131/225\n|move|p2a: Dusknoir|Substitute|p2a: Dusknoir\n|-start|p2a: Dusknoir|Substitute\n|-damage|p2a: Dusknoir|75/225\n|\n|-heal|p2a: Dusknoir|89/225|[from] item: Leftovers\n|upkeep\n|turn|18\n|\n|t:|1733785309\n|-singleturn|p2a: Dusknoir|move: Focus Punch\n|move|p1a: Keldeo|Air Slash|p2a: Dusknoir\n|-end|p2a: Dusknoir|Substitute\n|move|p2a: Dusknoir|Focus Punch|p1a: Keldeo\n|-damage|p1a: Keldeo|45/273\n|\n|-heal|p2a: Dusknoir|103/225|[from] item: Leftovers\n|upkeep\n|turn|19\n|inactive|Ettajames14 has 90 seconds left.\n|\n|t:|1733785320\n|move|p1a: Keldeo|Air Slash|p2a: Dusknoir|[miss]\n|-miss|p1a: Keldeo|p2a: Dusknoir\n|move|p2a: Dusknoir|Poltergeist|p1a: Keldeo\n|-activate|p1a: Keldeo|move: Poltergeist|Choice Specs\n|-damage|p1a: Keldeo|0 fnt\n|faint|p1a: Keldeo\n|\n|-heal|p2a: Dusknoir|117/225|[from] item: Leftovers\n|upkeep\n|inactive|Ettajames14 has 90 seconds left.\n|\n|t:|1733785333\n|switch|p1a: Maushold|Maushold-Four, L76|238/238\n|turn|20\n|\n|t:|1733785338\n|move|p1a: Maushold|Bite|p2a: Dusknoir\n|-supereffective|p2a: Dusknoir\n|-damage|p2a: Dusknoir|51/225\n|move|p2a: Dusknoir|Pain Split|p1a: Maushold\n|-sethp|p1a: Maushold|144/238|[from] move: Pain Split|[silent]\n|-sethp|p2a: Dusknoir|144/225|[from] move: Pain Split\n|\n|-heal|p2a: Dusknoir|158/225|[from] item: Leftovers\n|upkeep\n|turn|21\n|\n|t:|1733785348\n|move|p1a: Maushold|Bite|p2a: Dusknoir\n|-supereffective|p2a: Dusknoir\n|-damage|p2a: Dusknoir|94/225\n|move|p2a: Dusknoir|Substitute|p2a: Dusknoir\n|-start|p2a: Dusknoir|Substitute\n|-damage|p2a: Dusknoir|38/225\n|\n|-heal|p2a: Dusknoir|52/225|[from] item: Leftovers\n|upkeep\n|turn|22\n|\n|t:|1733785358\n|switch|p1a: Scream Tail|Scream Tail, L84|240/330 tox\n|-singleturn|p2a: Dusknoir|move: Focus Punch\n|move|p2a: Dusknoir|Focus Punch|p1a: Scream Tail\n|-resisted|p1a: Scream Tail\n|-damage|p1a: Scream Tail|213/330 tox\n|\n|-heal|p1a: Scream Tail|233/330 tox|[from] item: Leftovers\n|-heal|p2a: Dusknoir|66/225|[from] item: Leftovers\n|-damage|p1a: Scream Tail|213/330 tox|[from] psn\n|upkeep\n|turn|23\n|\n|t:|1733785369\n|move|p1a: Scream Tail|Play Rough|p2a: Dusknoir|[miss]\n|-miss|p1a: Scream Tail|p2a: Dusknoir\n|move|p2a: Dusknoir|Poltergeist|p1a: Scream Tail\n|-activate|p1a: Scream Tail|move: Poltergeist|Leftovers\n|-supereffective|p1a: Scream Tail\n|-damage|p1a: Scream Tail|0 fnt\n|faint|p1a: Scream Tail\n|-end|p1a: Scream Tail|Protosynthesis|[silent]\n|\n|-heal|p2a: Dusknoir|80/225|[from] item: Leftovers\n|upkeep\n|-message|Ettajames14 forfeited.\n|\n|win|EveryMatchIsRigged\n|raw|Ettajames14's rating: 1366 &rarr; <strong>1345</strong><br />(-21 for losing)\n|raw|EveryMatchIsRigged's rating: 1340 &rarr; <strong>1361</strong><br />(+21 for winning)\n|l|\u2606Ettajames14\n|player|p1|\n", "inputlog": ">version bfd83cad13791eb5a5a409923076391caf6fb4d4\n>start {\"formatid\":\"gen9randombattle\",\"seed\":[29446,2617,5367,41831],\"rated\":\"Rated battle\"}\n>player p1 {\"name\":\"Ettajames14\",\"avatar\":\"265\",\"rating\":1366,\"seed\":[41080,64090,63423,54916]}\n>player p2 {\"name\":\"EveryMatchIsRigged\",\"avatar\":\"acetrainerf\",\"rating\":1340,\"seed\":[15701,22979,54048,16303]}\n>chat \u2606EveryMatchIsRigged|good luck\n>p1 move stickyweb\n>p2 move flareblitz\n>p1 move knockoff\n>p2 move flareblitz\n>p1 switch 3\n>p1 move ragingbull\n>p2 move wildcharge terastallize\n>p2 switch 4\n>p1 move ragingbull\n>p2 move thunderwave\n>p1 move ragingbull\n>p2 move playrough\n>p2 switch 6\n>p1 move closecombat\n>p2 move waterfall\n>p1 switch 4\n>p1 move populationbomb\n>p2 move waterfall\n>p2 switch 5\n>p1 switch 2\n>p2 move playrough\n>p1 move playrough\n>p2 move poisonfang\n>p1 move playrough\n>p2 switch 3\n>p1 move wish\n>p2 move substitute\n>p1 move protect\n>p2 move poltergeist\n>p1 switch 6\n>p2 move poltergeist\n>p1 move knockoff\n>p2 move focuspunch\n>p1 switch 5\n>p1 move airslash\n>p2 move substitute\n>p1 move airslash\n>p2 move painsplit\n>p1 move airslash\n>p2 move substitute\n>p1 move airslash\n>p2 move focuspunch\n>p1 move airslash\n>p2 move poltergeist\n>p1 switch 2\n>p1 move bite\n>p2 move painsplit\n>p1 move bite\n>p2 move substitute\n>p1 switch 6\n>p2 move focuspunch\n>p1 move playrough\n>p2 move poltergeist\n>forcelose p1", "uploadtime": 1733785382, "views": 1, "formatid": "gen9randombattle", "rating": 1345, "private": 0, "password": null}