{"id": "gen9randombattle-2241123774", "format": "[Gen 9] Random Battle", "players": ["useemstohavefun", "Yusei1789"], "log": "|badge|p2|bronze|gen9randombattle|100-3\n|uhtml|medal-msg|<div class=\"broadcast-blue\">Curious what those medals under the avatar are? PS now has Ladder Seasons! For more information, check out the <a href=\"https://www.smogon.com/forums/threads/3740067/\">thread on Smogon.</a></div>\n|j|\u2606useemstohavefun\n|j|\u2606Yusei1789\n|t:|1731250819\n|gametype|singles\n|player|p1|useemstohavefun|thorton|2214\n|player|p2|Yusei1789|266|2350\n|teamsize|p1|6\n|teamsize|p2|6\n|gen|9\n|tier|[Gen 9] Random Battle\n|rated|\n|rule|Species Clause: Limit one of each Pok\u00e9mon\n|rule|HP Percentage Mod: HP is shown in percentages\n|rule|Sleep Clause Mod: Limit one foe put to sleep\n|rule|Illusion Level Mod: Illusion disguises the Pok\u00e9mon's true level\n|\n|t:|1731250819\n|start\n|switch|p1a: Chien-Pao|Chien-Pao, L72|234/234\n|switch|p2a: Raikou|Raikou, L81|278/278\n|-ability|p1a: Chien-Pao|Sword of Ruin\n|-ability|p2a: Raikou|Pressure\n|turn|1\n|inactive|Battle timer is ON: inactive players will automatically lose when time's up. (requested by useemstohavefun)\n|\n|t:|1731250839\n|move|p1a: Chien-Pao|Icicle Crash|p2a: Raikou\n|-damage|p2a: Raikou|154/278\n|cant|p2a: Raikou|flinch\n|\n|-heal|p2a: Raikou|171/278|[from] item: Leftovers\n|upkeep\n|turn|2\n|\n|t:|1731250849\n|switch|p1a: Lurantis|Lurantis, L87, F|264/264\n|move|p2a: Raikou|Scald|p1a: Lurantis\n|-resisted|p1a: Lurantis\n|-crit|p1a: Lurantis\n|-damage|p1a: Lurantis|236/264\n|-status|p1a: Lurantis|brn\n|\n|-heal|p2a: Raikou|188/278|[from] item: Leftovers\n|-damage|p1a: Lurantis|220/264 brn|[from] brn\n|upkeep\n|turn|3\n|\n|t:|1731250865\n|switch|p2a: Swalot|Swalot, L90, M|326/326\n|move|p1a: Lurantis|Leaf Storm|p2a: Swalot\n|-resisted|p2a: Swalot\n|-damage|p2a: Swalot|260/326\n|-boost|p1a: Lurantis|spa|2\n|\n|-heal|p2a: Swalot|280/326|[from] item: Leftovers\n|-damage|p1a: Lurantis|204/264 brn|[from] brn\n|upkeep\n|turn|4\n|\n|t:|1731250878\n|switch|p1a: Skarmory|Skarmory, L80, M|235/235\n|move|p2a: Swalot|Knock Off|p1a: Skarmory\n|-damage|p1a: Skarmory|185/235\n|-damage|p2a: Swalot|226/326|[from] item: Rocky Helmet|[of] p1a: Skarmory\n|-enditem|p1a: Skarmory|Rocky Helmet|[from] move: Knock Off|[of] p2a: Swalot\n|\n|-heal|p2a: Swalot|246/326|[from] item: Leftovers\n|upkeep\n|turn|5\n|\n|t:|1731250897\n|switch|p2a: Raikou|Raikou, L81|188/278\n|-ability|p2a: Raikou|Pressure\n|move|p1a: Skarmory|Stealth Rock|p2a: Raikou\n|-sidestart|p2: Yusei1789|move: Stealth Rock\n|\n|-heal|p2a: Raikou|205/278|[from] item: Leftovers\n|upkeep\n|turn|6\n|\n|t:|1731250911\n|switch|p2a: Zangoose|Zangoose, L85, F|263/263\n|-damage|p2a: Zangoose|231/263|[from] Stealth Rock\n|switch|p1a: Lurantis|Lurantis, L87, F|204/264 brn\n|\n|-damage|p1a: Lurantis|188/264 brn|[from] brn\n|-status|p2a: Zangoose|tox|[from] item: Toxic Orb\n|upkeep\n|turn|7\n|\n|t:|1731250921\n|move|p2a: Zangoose|Facade|p1a: Lurantis\n|-damage|p1a: Lurantis|0 fnt\n|faint|p1a: Lurantis\n|\n|-damage|p2a: Zangoose|215/263 tox|[from] psn\n|upkeep\n|\n|t:|1731250926\n|switch|p1a: Skarmory|Skarmory, L80, M|185/235\n|turn|8\n|inactive|Yusei1789 has 120 seconds left.\n|\n|t:|1731250951\n|move|p2a: Zangoose|Swords Dance|p2a: Zangoose\n|-boost|p2a: Zangoose|atk|2\n|move|p1a: Skarmory|Brave Bird|p2a: Zangoose\n|-damage|p2a: Zangoose|73/263 tox\n|-damage|p1a: Skarmory|138/235|[from] Recoil\n|\n|-damage|p2a: Zangoose|41/263 tox|[from] psn\n|upkeep\n|turn|9\n|\n|t:|1731250959\n|move|p2a: Zangoose|Facade|p1a: Skarmory\n|-resisted|p1a: Skarmory\n|-damage|p1a: Skarmory|0 fnt\n|faint|p1a: Skarmory\n|\n|-damage|p2a: Zangoose|0 fnt|[from] psn\n|faint|p2a: Zangoose\n|upkeep\n|\n|t:|1731250971\n|switch|p2a: Swalot|Swalot, L90, M|246/326\n|switch|p1a: Chien-Pao|Chien-Pao, L72|234/234\n|-ability|p1a: Chien-Pao|Sword of Ruin\n|-damage|p2a: Swalot|206/326|[from] Stealth Rock\n|turn|10\n|\n|t:|1731250984\n|move|p1a: Chien-Pao|Icicle Crash|p2a: Swalot\n|-damage|p2a: Swalot|109/326\n|move|p2a: Swalot|Sludge Bomb|p1a: Chien-Pao\n|-damage|p1a: Chien-Pao|110/234\n|\n|-heal|p2a: Swalot|129/326|[from] item: Leftovers\n|upkeep\n|turn|11\n|\n|t:|1731250993\n|switch|p1a: Arcanine|Arcanine-Hisui, L81, M|287/287\n|move|p2a: Swalot|Sludge Bomb|p1a: Arcanine\n|-resisted|p1a: Arcanine\n|-crit|p1a: Arcanine\n|-damage|p1a: Arcanine|213/287\n|-status|p1a: Arcanine|psn\n|\n|-heal|p2a: Swalot|149/326|[from] item: Leftovers\n|-damage|p1a: Arcanine|178/287 psn|[from] psn\n|upkeep\n|turn|12\n|\n|t:|1731251013\n|move|p1a: Arcanine|Flare Blitz|p2a: Swalot\n|-crit|p2a: Swalot\n|-damage|p2a: Swalot|0 fnt\n|faint|p2a: Swalot\n|\n|-damage|p1a: Arcanine|143/287 psn|[from] psn\n|upkeep\n|\n|t:|1731251027\n|switch|p2a: Raikou|Raikou, L81|205/278\n|-damage|p2a: Raikou|171/278|[from] Stealth Rock\n|-ability|p2a: Raikou|Pressure\n|turn|13\n|\n|t:|1731251038\n|switch|p1a: Volcanion|Volcanion, L79|255/255\n|move|p2a: Raikou|Scald|p1a: Volcanion\n|-immune|p1a: Volcanion|[from] ability: Water Absorb\n|\n|-heal|p2a: Raikou|188/278|[from] item: Leftovers\n|upkeep\n|turn|14\n|\n|t:|1731251053\n|switch|p1a: Arcanine|Arcanine-Hisui, L81, M|143/287 psn\n|move|p2a: Raikou|Thunderbolt|p1a: Arcanine\n|-damage|p1a: Arcanine|23/287 psn\n|\n|-heal|p2a: Raikou|205/278|[from] item: Leftovers\n|-damage|p1a: Arcanine|0 fnt|[from] psn\n|faint|p1a: Arcanine\n|upkeep\n|\n|t:|1731251058\n|switch|p1a: Chien-Pao|Chien-Pao, L72|110/234\n|-ability|p1a: Chien-Pao|Sword of Ruin\n|turn|15\n|\n|t:|1731251072\n|move|p1a: Chien-Pao|Icicle Crash|p2a: Raikou\n|-crit|p2a: Raikou\n|-damage|p2a: Raikou|9/278\n|cant|p2a: Raikou|flinch\n|\n|-heal|p2a: Raikou|26/278|[from] item: Leftovers\n|upkeep\n|turn|16\n|\n|t:|1731251087\n|move|p1a: Chien-Pao|Throat Chop|p2a: Raikou\n|-damage|p2a: Raikou|0 fnt\n|faint|p2a: Raikou\n|\n|upkeep\n|inactive|Yusei1789 has 120 seconds left.\n|\n|t:|1731251126\n|switch|p2a: Gliscor|Gliscor, L76, F|239/239\n|-damage|p2a: Gliscor|210/239|[from] Stealth Rock\n|turn|17\n|\n|t:|1731251134\n|-terastallize|p2a: Gliscor|Water\n|move|p1a: Chien-Pao|Throat Chop|p2a: Gliscor\n|-damage|p2a: Gliscor|120/239\n|-start|p2a: Gliscor|Throat Chop|[silent]\n|move|p2a: Gliscor|Toxic|p1a: Chien-Pao\n|-status|p1a: Chien-Pao|tox\n|\n|-damage|p1a: Chien-Pao|96/234 tox|[from] psn\n|-status|p2a: Gliscor|tox|[from] item: Toxic Orb\n|upkeep\n|turn|18\n|inactive|Yusei1789 has 120 seconds left.\n|\n|t:|1731251145\n|move|p2a: Gliscor|Protect|p2a: Gliscor\n|-singleturn|p2a: Gliscor|Protect\n|move|p1a: Chien-Pao|Swords Dance|p1a: Chien-Pao\n|-boost|p1a: Chien-Pao|atk|2\n|\n|-damage|p1a: Chien-Pao|68/234 tox|[from] psn\n|-heal|p2a: Gliscor|149/239 tox|[from] ability: Poison Heal\n|-end|p2a: Gliscor|Throat Chop|[silent]\n|upkeep\n|turn|19\n|inactive|Yusei1789 has 120 seconds left.\n|\n|t:|1731251156\n|switch|p2a: Articuno|Articuno-Galar, L84|238/238\n|-damage|p2a: Articuno|209/238|[from] Stealth Rock\n|move|p1a: Chien-Pao|Throat Chop|p2a: Articuno\n|-resisted|p2a: Articuno\n|-damage|p2a: Articuno|74/238\n|-start|p2a: Articuno|Throat Chop|[silent]\n|replace|p2a: Zoroark|Zoroark, L84, F\n|-end|p2a: Zoroark|Illusion\n|-hint|Illusion Level Mod is active, so this Pok\u00e9mon's true level was hidden.\n|\n|-damage|p1a: Chien-Pao|26/234 tox|[from] psn\n|upkeep\n|turn|20\n|inactive|Yusei1789 has 120 seconds left.\n|\n|t:|1731251169\n|move|p1a: Chien-Pao|Throat Chop|p2a: Zoroark\n|-resisted|p2a: Zoroark\n|-damage|p2a: Zoroark|0 fnt\n|faint|p2a: Zoroark\n|\n|-damage|p1a: Chien-Pao|0 fnt|[from] psn\n|faint|p1a: Chien-Pao\n|upkeep\n|\n|t:|1731251179\n|switch|p1a: Palafin|Palafin, L77, F|281/281\n|switch|p2a: Articuno|Articuno-Galar, L84|288/288\n|turn|21\n|\n|t:|1731251193\n|move|p2a: Articuno|Hurricane|p1a: Palafin\n|-damage|p1a: Palafin|76/281\n|-start|p1a: Palafin|confusion\n|-activate|p1a: Palafin|confusion\n|move|p1a: Palafin|Flip Turn|p2a: Articuno\n|-damage|p2a: Articuno|222/288\n|\n|t:|1731251199\n|detailschange|p1a: Palafin|Palafin-Hero, L77, F\n|switch|p1a: Volcanion|Volcanion, L79|255/255|[from] Flip Turn\n|\n|upkeep\n|turn|22\n|\n|t:|1731251205\n|move|p2a: Articuno|Calm Mind|p2a: Articuno\n|-boost|p2a: Articuno|spa|1\n|-boost|p2a: Articuno|spd|1\n|move|p1a: Volcanion|Sludge Bomb|p2a: Articuno\n|-damage|p2a: Articuno|162/288\n|-status|p2a: Articuno|psn\n|\n|-damage|p2a: Articuno|126/288 psn|[from] psn\n|upkeep\n|turn|23\n|\n|t:|1731251212\n|move|p2a: Articuno|Recover|p2a: Articuno\n|-heal|p2a: Articuno|270/288 psn\n|move|p1a: Volcanion|Sludge Bomb|p2a: Articuno\n|-damage|p2a: Articuno|207/288 psn\n|\n|-damage|p2a: Articuno|171/288 psn|[from] psn\n|upkeep\n|turn|24\n|\n|t:|1731251231\n|switch|p1a: Palafin|Palafin-Hero, L77, F|76/281\n|-activate|p1a: Palafin|ability: Zero to Hero\n|move|p2a: Articuno|Calm Mind|p2a: Articuno\n|-boost|p2a: Articuno|spa|1\n|-boost|p2a: Articuno|spd|1\n|\n|-damage|p2a: Articuno|135/288 psn|[from] psn\n|upkeep\n|turn|25\n|\n|t:|1731251236\n|move|p1a: Palafin|Jet Punch|p2a: Articuno\n|-damage|p2a: Articuno|8/288 psn\n|move|p2a: Articuno|Freezing Glare|p1a: Palafin\n|-damage|p1a: Palafin|0 fnt\n|faint|p1a: Palafin\n|\n|-damage|p2a: Articuno|0 fnt|[from] psn\n|faint|p2a: Articuno\n|upkeep\n|\n|t:|1731251246\n|switch|p2a: Gliscor|Gliscor, L76, F, tera:Water|149/239 tox\n|switch|p1a: Volcanion|Volcanion, L79|255/255\n|-damage|p2a: Gliscor|120/239 tox|[from] Stealth Rock\n|turn|26\n|\n|t:|1731251256\n|move|p2a: Gliscor|Protect|p2a: Gliscor\n|-singleturn|p2a: Gliscor|Protect\n|move|p1a: Volcanion|Earth Power|p2a: Gliscor\n|-activate|p2a: Gliscor|move: Protect\n|\n|-heal|p2a: Gliscor|149/239 tox|[from] ability: Poison Heal\n|upkeep\n|turn|27\n|\n|t:|1731251265\n|move|p2a: Gliscor|Earthquake|p1a: Volcanion\n|-supereffective|p1a: Volcanion\n|-damage|p1a: Volcanion|115/255\n|move|p1a: Volcanion|Earth Power|p2a: Gliscor\n|-damage|p2a: Gliscor|28/239 tox\n|\n|-heal|p2a: Gliscor|57/239 tox|[from] ability: Poison Heal\n|upkeep\n|turn|28\n|\n|t:|1731251282\n|-terastallize|p1a: Volcanion|Water\n|move|p2a: Gliscor|Protect|p2a: Gliscor\n|-singleturn|p2a: Gliscor|Protect\n|move|p1a: Volcanion|Earth Power|p2a: Gliscor\n|-activate|p2a: Gliscor|move: Protect\n|\n|-heal|p2a: Gliscor|86/239 tox|[from] ability: Poison Heal\n|upkeep\n|turn|29\n|\n|t:|1731251304\n|move|p2a: Gliscor|Substitute|p2a: Gliscor\n|-start|p2a: Gliscor|Substitute\n|-damage|p2a: Gliscor|27/239 tox\n|move|p1a: Volcanion|Earth Power|p2a: Gliscor\n|-end|p2a: Gliscor|Substitute\n|\n|-heal|p2a: Gliscor|56/239 tox|[from] ability: Poison Heal\n|upkeep\n|turn|30\n|\n|t:|1731251313\n|move|p2a: Gliscor|Protect|p2a: Gliscor\n|-singleturn|p2a: Gliscor|Protect\n|move|p1a: Volcanion|Earth Power|p2a: Gliscor\n|-activate|p2a: Gliscor|move: Protect\n|\n|-heal|p2a: Gliscor|85/239 tox|[from] ability: Poison Heal\n|upkeep\n|turn|31\n|\n|t:|1731251322\n|move|p2a: Gliscor|Substitute|p2a: Gliscor\n|-start|p2a: Gliscor|Substitute\n|-damage|p2a: Gliscor|26/239 tox\n|move|p1a: Volcanion|Earth Power|p2a: Gliscor\n|-end|p2a: Gliscor|Substitute\n|\n|-heal|p2a: Gliscor|55/239 tox|[from] ability: Poison Heal\n|upkeep\n|turn|32\n|c|\u2606useemstohavefun|gg\n|\n|t:|1731251332\n|move|p2a: Gliscor|Protect|p2a: Gliscor\n|-singleturn|p2a: Gliscor|Protect\n|move|p1a: Volcanion|Earth Power|p2a: Gliscor\n|-activate|p2a: Gliscor|move: Protect\n|\n|-heal|p2a: Gliscor|84/239 tox|[from] ability: Poison Heal\n|upkeep\n|turn|33\n|\n|t:|1731251340\n|move|p2a: Gliscor|Substitute|p2a: Gliscor\n|-start|p2a: Gliscor|Substitute\n|-damage|p2a: Gliscor|25/239 tox\n|move|p1a: Volcanion|Earth Power|p2a: Gliscor\n|-end|p2a: Gliscor|Substitute\n|\n|-heal|p2a: Gliscor|54/239 tox|[from] ability: Poison Heal\n|upkeep\n|turn|34\n|\n|t:|1731251349\n|move|p2a: Gliscor|Protect|p2a: Gliscor\n|-singleturn|p2a: Gliscor|Protect\n|move|p1a: Volcanion|Earth Power|p2a: Gliscor\n|-activate|p2a: Gliscor|move: Protect\n|\n|-heal|p2a: Gliscor|83/239 tox|[from] ability: Poison Heal\n|upkeep\n|turn|35\n|\n|t:|1731251358\n|move|p2a: Gliscor|Substitute|p2a: Gliscor\n|-start|p2a: Gliscor|Substitute\n|-damage|p2a: Gliscor|24/239 tox\n|move|p1a: Volcanion|Earth Power|p2a: Gliscor\n|-end|p2a: Gliscor|Substitute\n|\n|-heal|p2a: Gliscor|53/239 tox|[from] ability: Poison Heal\n|upkeep\n|turn|36\n|\n|t:|1731251367\n|move|p2a: Gliscor|Protect|p2a: Gliscor\n|-singleturn|p2a: Gliscor|Protect\n|move|p1a: Volcanion|Earth Power|p2a: Gliscor\n|-activate|p2a: Gliscor|move: Protect\n|\n|-heal|p2a: Gliscor|82/239 tox|[from] ability: Poison Heal\n|upkeep\n|turn|37\n|\n|t:|1731251377\n|move|p2a: Gliscor|Substitute|p2a: Gliscor\n|-start|p2a: Gliscor|Substitute\n|-damage|p2a: Gliscor|23/239 tox\n|move|p1a: Volcanion|Earth Power|p2a: Gliscor\n|-end|p2a: Gliscor|Substitute\n|\n|-heal|p2a: Gliscor|52/239 tox|[from] ability: Poison Heal\n|upkeep\n|turn|38\n|\n|t:|1731251386\n|move|p2a: Gliscor|Protect|p2a: Gliscor\n|-singleturn|p2a: Gliscor|Protect\n|move|p1a: Volcanion|Earth Power|p2a: Gliscor\n|-activate|p2a: Gliscor|move: Protect\n|\n|-heal|p2a: Gliscor|81/239 tox|[from] ability: Poison Heal\n|upkeep\n|turn|39\n|\n|t:|1731251395\n|move|p2a: Gliscor|Substitute|p2a: Gliscor\n|-start|p2a: Gliscor|Substitute\n|-damage|p2a: Gliscor|22/239 tox\n|move|p1a: Volcanion|Earth Power|p2a: Gliscor\n|-end|p2a: Gliscor|Substitute\n|\n|-heal|p2a: Gliscor|51/239 tox|[from] ability: Poison Heal\n|upkeep\n|turn|40\n|\n|t:|1731251405\n|move|p2a: Gliscor|Protect|p2a: Gliscor\n|-singleturn|p2a: Gliscor|Protect\n|move|p1a: Volcanion|Earth Power|p2a: Gliscor\n|-activate|p2a: Gliscor|move: Protect\n|\n|-heal|p2a: Gliscor|80/239 tox|[from] ability: Poison Heal\n|upkeep\n|turn|41\n|\n|t:|1731251414\n|move|p2a: Gliscor|Substitute|p2a: Gliscor\n|-start|p2a: Gliscor|Substitute\n|-damage|p2a: Gliscor|21/239 tox\n|move|p1a: Volcanion|Earth Power|p2a: Gliscor\n|-end|p2a: Gliscor|Substitute\n|\n|-heal|p2a: Gliscor|50/239 tox|[from] ability: Poison Heal\n|upkeep\n|turn|42\n|\n|t:|1731251423\n|move|p2a: Gliscor|Protect|p2a: Gliscor\n|-singleturn|p2a: Gliscor|Protect\n|-activate|p1a: Volcanion|move: Struggle\n|move|p1a: Volcanion|Struggle|p2a: Gliscor\n|-activate|p2a: Gliscor|move: Protect\n|\n|-heal|p2a: Gliscor|79/239 tox|[from] ability: Poison Heal\n|upkeep\n|turn|43\n|\n|t:|1731251432\n|move|p2a: Gliscor|Substitute|p2a: Gliscor\n|-start|p2a: Gliscor|Substitute\n|-damage|p2a: Gliscor|20/239 tox\n|-activate|p1a: Volcanion|move: Struggle\n|move|p1a: Volcanion|Struggle|p2a: Gliscor\n|-activate|p2a: Gliscor|move: Substitute|[damage]\n|-damage|p1a: Volcanion|51/255|[from] recoil\n|\n|-heal|p2a: Gliscor|49/239 tox|[from] ability: Poison Heal\n|upkeep\n|turn|44\n|\n|t:|1731251442\n|move|p2a: Gliscor|Protect|p2a: Gliscor\n|-singleturn|p2a: Gliscor|Protect\n|-activate|p1a: Volcanion|move: Struggle\n|move|p1a: Volcanion|Struggle|p2a: Gliscor\n|-activate|p2a: Gliscor|move: Protect\n|\n|-heal|p2a: Gliscor|78/239 tox|[from] ability: Poison Heal\n|upkeep\n|turn|45\n|\n|t:|1731251450\n|move|p2a: Gliscor|Earthquake|p1a: Volcanion\n|-damage|p1a: Volcanion|0 fnt\n|faint|p1a: Volcanion\n|\n|win|Yusei1789\n|raw|useemstohavefun's rating: 2214 &rarr; <strong>2201</strong><br />(-13 for losing)\n|raw|Yusei1789's rating: 2350 &rarr; <strong>2363</strong><br />(+13 for winning)\n|l|\u2606useemstohavefun\n|player|p1|\n", "inputlog": ">version 6cf2ed9506aaf20327444a00a9388215acbf9fb2\n>start {\"formatid\":\"gen9randombattle\",\"seed\":[5877,16788,12742,8396],\"rated\":\"Rated battle\"}\n>player p1 {\"name\":\"useemstohavefun\",\"avatar\":\"thorton\",\"rating\":2214,\"seed\":[9148,14968,45758,60099]}\n>player p2 {\"name\":\"Yusei1789\",\"avatar\":\"266\",\"rating\":2350,\"seed\":[24795,46238,56379,43591]}\n>p1 move iciclecrash\n>p2 move scald\n>p1 switch 4\n>p2 move scald\n>p1 move leafstorm\n>p2 switch 4\n>p1 switch 5\n>p2 move knockoff\n>p1 move stealthrock\n>p2 switch 4\n>p1 switch 5\n>p2 switch 5\n>p1 move leafstorm\n>p2 move facade\n>p1 switch 5\n>p1 move bravebird\n>p2 move swordsdance\n>p1 move roost\n>p2 move facade\n>p1 switch 4\n>p2 switch 4\n>p1 move iciclecrash\n>p2 move sludgebomb\n>p1 switch 3\n>p2 move sludgebomb\n>p1 move flareblitz\n>p2 move painsplit\n>p2 switch 5\n>p1 switch 2\n>p2 move scald\n>p1 switch 2\n>p2 move thunderbolt\n>p1 switch 3\n>p1 move iciclecrash\n>p2 move thunderbolt\n>p1 move throatchop\n>p2 move thunderbolt\n>p2 switch 6\n>p1 move throatchop\n>p2 move toxic terastallize\n>p1 move swordsdance\n>p2 move protect\n>p1 move throatchop\n>p2 switch 2\n>p1 move throatchop\n>p2 move sludgebomb\n>p1 switch 6\n>p2 switch 3\n>p1 move flipturn\n>p2 move hurricane\n>p1 switch 2\n>p1 move sludgebomb\n>p2 move calmmind\n>p1 move sludgebomb\n>p2 move recover\n>p1 switch 2\n>p2 move calmmind\n>p1 move jetpunch\n>p2 move freezingglare\n>p1 switch 2\n>p2 switch 2\n>p1 move earthpower\n>p2 move protect\n>p1 move earthpower\n>p2 move earthquake\n>p1 move earthpower terastallize\n>p2 move protect\n>p1 move earthpower\n>p2 move substitute\n>p1 move earthpower\n>p2 move protect\n>p1 move earthpower\n>p2 move substitute\n>chat \u2606useemstohavefun|gg\n>p1 move earthpower\n>p2 move protect\n>p1 move earthpower\n>p2 move substitute\n>p1 move earthpower\n>p2 move protect\n>p1 move earthpower\n>p2 move substitute\n>p1 move earthpower\n>p2 move protect\n>p1 move earthpower\n>p2 move substitute\n>p1 move earthpower\n>p2 move protect\n>p1 move earthpower\n>p2 move substitute\n>p1 move earthpower\n>p2 move protect\n>p1 move earthpower\n>p2 move substitute\n>p1 move struggle\n>p2 move protect\n>p1 move struggle\n>p2 move substitute\n>p1 move struggle\n>p2 move protect\n>p1 move struggle\n>p2 move earthquake", "uploadtime": 1731251464, "views": 32, "formatid": "gen9randombattle", "rating": 2201, "private": 0, "password": null}