{"id": "gen9randombattle-2260784319", "format": "[Gen 9] Random Battle", "players": ["pendejofc3", "pippleiple"], "log": "|j|\u2606pendejofc3\n|j|\u2606pippleiple\n|t:|1733891567\n|gametype|singles\n|player|p1|pendejofc3|266|1128\n|player|p2|pippleiple|shadowtriad|1113\n|teamsize|p1|6\n|teamsize|p2|6\n|gen|9\n|tier|[Gen 9] Random Battle\n|rated|\n|rule|Species Clause: Limit one of each Pok\u00e9mon\n|rule|HP Percentage Mod: HP is shown in percentages\n|rule|Sleep Clause Mod: Limit one foe put to sleep\n|rule|Illusion Level Mod: Illusion disguises the Pok\u00e9mon's true level\n|\n|t:|1733891567\n|start\n|switch|p1a: Zarude|Zarude, L78|292/292\n|switch|p2a: Eiscue|Eiscue, L88, M|272/272\n|turn|1\n|inactive|Battle timer is ON: inactive players will automatically lose when time's up. (requested by pippleiple)\n|\n|t:|1733891575\n|move|p1a: Zarude|Close Combat|p2a: Eiscue\n|-activate|p2a: Eiscue|ability: Ice Face\n|-damage|p2a: Eiscue|272/272\n|-unboost|p1a: Zarude|def|1\n|-unboost|p1a: Zarude|spd|1\n|detailschange|p2a: Eiscue|Eiscue-Noice, L88, M\n|move|p2a: Eiscue|Ice Spinner|p1a: Zarude\n|-supereffective|p1a: Zarude\n|-damage|p1a: Zarude|46/292\n|\n|upkeep\n|turn|2\n|\n|t:|1733891591\n|switch|p2a: Whiscash|Whiscash, L88, F|337/337\n|move|p1a: Zarude|Close Combat|p2a: Whiscash\n|-damage|p2a: Whiscash|246/337\n|-unboost|p1a: Zarude|def|1\n|-unboost|p1a: Zarude|spd|1\n|\n|upkeep\n|turn|3\n|\n|t:|1733891605\n|move|p1a: Zarude|Close Combat|p2a: Whiscash\n|-damage|p2a: Whiscash|153/337\n|-unboost|p1a: Zarude|def|1\n|-unboost|p1a: Zarude|spd|1\n|move|p2a: Whiscash|Stone Edge|p1a: Zarude|[miss]\n|-miss|p2a: Whiscash|p1a: Zarude\n|\n|upkeep\n|turn|4\n|\n|t:|1733891615\n|move|p1a: Zarude|Close Combat|p2a: Whiscash\n|-damage|p2a: Whiscash|60/337\n|-unboost|p1a: Zarude|def|1\n|-unboost|p1a: Zarude|spd|1\n|move|p2a: Whiscash|Earthquake|p1a: Zarude\n|-resisted|p1a: Zarude\n|-damage|p1a: Zarude|0 fnt\n|faint|p1a: Zarude\n|-damage|p2a: Whiscash|27/337|[from] item: Life Orb\n|\n|upkeep\n|\n|t:|1733891631\n|switch|p1a: Archaludon|Archaludon, L78, M|268/268\n|turn|5\n|\n|t:|1733891637\n|move|p1a: Archaludon|Iron Head|p2a: Whiscash\n|-resisted|p2a: Whiscash\n|-damage|p2a: Whiscash|0 fnt\n|faint|p2a: Whiscash\n|\n|upkeep\n|\n|t:|1733891656\n|switch|p2a: Flareon|Flareon, L90, F|263/263\n|turn|6\n|\n|t:|1733891663\n|move|p1a: Archaludon|Earthquake|p2a: Flareon\n|-supereffective|p2a: Flareon\n|-damage|p2a: Flareon|115/263\n|move|p2a: Flareon|Flare Blitz|p1a: Archaludon\n|-damage|p1a: Archaludon|126/268\n|-ability|p1a: Archaludon|Stamina|boost\n|-boost|p1a: Archaludon|def|1\n|-damage|p2a: Flareon|68/263|[from] Recoil\n|\n|-status|p2a: Flareon|tox|[from] item: Toxic Orb\n|upkeep\n|turn|7\n|\n|t:|1733891671\n|move|p1a: Archaludon|Earthquake|p2a: Flareon\n|-supereffective|p2a: Flareon\n|-damage|p2a: Flareon|0 fnt\n|faint|p2a: Flareon\n|\n|upkeep\n|\n|t:|1733891674\n|switch|p2a: Munkidori|Munkidori, L79, M|269/269\n|turn|8\n|\n|t:|1733891682\n|move|p2a: Munkidori|Fake Out|p1a: Archaludon\n|-resisted|p1a: Archaludon\n|-damage|p1a: Archaludon|121/268\n|-ability|p1a: Archaludon|Stamina|boost\n|-boost|p1a: Archaludon|def|1\n|cant|p1a: Archaludon|flinch\n|\n|upkeep\n|turn|9\n|\n|t:|1733891689\n|move|p2a: Munkidori|U-turn|p1a: Archaludon\n|-resisted|p1a: Archaludon\n|-damage|p1a: Archaludon|114/268\n|-ability|p1a: Archaludon|Stamina|boost\n|-boost|p1a: Archaludon|def|1\n|\n|t:|1733891693\n|switch|p2a: Corviknight|Corviknight, L80, F|288/288|[from] U-turn\n|move|p1a: Archaludon|Earthquake|p2a: Corviknight\n|-immune|p2a: Corviknight\n|\n|upkeep\n|turn|10\n|\n|t:|1733891699\n|move|p1a: Archaludon|Outrage|p2a: Corviknight\n|-resisted|p2a: Corviknight\n|-damage|p2a: Corviknight|231/288\n|-damage|p1a: Archaludon|70/268|[from] item: Rocky Helmet|[of] p2a: Corviknight\n|move|p2a: Corviknight|U-turn|p1a: Archaludon\n|-resisted|p1a: Archaludon\n|-damage|p1a: Archaludon|62/268\n|-ability|p1a: Archaludon|Stamina|boost\n|-boost|p1a: Archaludon|def|1\n|\n|t:|1733891714\n|switch|p2a: Braviary|Braviary, L85, M|309/309|[from] U-turn\n|\n|upkeep\n|turn|11\n|\n|t:|1733891718\n|move|p2a: Braviary|Close Combat|p1a: Archaludon\n|-supereffective|p1a: Archaludon\n|-damage|p1a: Archaludon|10/268\n|-unboost|p2a: Braviary|def|1\n|-unboost|p2a: Braviary|spd|1\n|-ability|p1a: Archaludon|Stamina|boost\n|-boost|p1a: Archaludon|def|1\n|move|p1a: Archaludon|Outrage|p2a: Braviary|[from]lockedmove\n|-damage|p2a: Braviary|95/309\n|-start|p1a: Archaludon|confusion|[fatigue]\n|-enditem|p1a: Archaludon|Lum Berry|[eat]\n|-end|p1a: Archaludon|confusion\n|\n|upkeep\n|turn|12\n|\n|t:|1733891727\n|move|p2a: Braviary|Close Combat|p1a: Archaludon\n|-supereffective|p1a: Archaludon\n|-damage|p1a: Archaludon|0 fnt\n|-unboost|p2a: Braviary|def|1\n|-unboost|p2a: Braviary|spd|1\n|faint|p1a: Archaludon\n|\n|upkeep\n|\n|t:|1733891737\n|switch|p1a: Wugtrio|Wugtrio, L91, F|212/212\n|turn|13\n|\n|t:|1733891746\n|move|p1a: Wugtrio|Liquidation|p2a: Braviary\n|-damage|p2a: Braviary|0 fnt\n|faint|p2a: Braviary\n|\n|upkeep\n|\n|t:|1733891755\n|switch|p2a: Munkidori|Munkidori, L79, M|269/269\n|turn|14\n|\n|t:|1733891772\n|move|p1a: Wugtrio|Liquidation|p2a: Munkidori\n|-damage|p2a: Munkidori|68/269\n|move|p2a: Munkidori|Psychic Noise|p1a: Wugtrio\n|-damage|p1a: Wugtrio|113/212\n|-start|p1a: Wugtrio|move: Heal Block\n|\n|upkeep\n|turn|15\n|c|\u2606pendejofc3|gg\n|\n|t:|1733891792\n|move|p1a: Wugtrio|Liquidation|p2a: Munkidori\n|-damage|p2a: Munkidori|0 fnt\n|faint|p2a: Munkidori\n|\n|-end|p1a: Wugtrio|move: Heal Block\n|upkeep\n|c|\u2606pippleiple|this isnt over\n|c|\u2606pippleiple|until i win\n|inactive|pippleiple has 120 seconds left.\n|c|\u2606pendejofc3|it most definitely is over\n|\n|t:|1733891819\n|switch|p2a: Corviknight|Corviknight, L80, F|231/288\n|turn|16\n|c|\u2606pendejofc3|you should just forfeit rn\n|\n|t:|1733891830\n|move|p1a: Wugtrio|Liquidation|p2a: Corviknight\n|-damage|p2a: Corviknight|86/288\n|-damage|p1a: Wugtrio|78/212|[from] item: Rocky Helmet|[of] p2a: Corviknight\n|move|p2a: Corviknight|Brave Bird|p1a: Wugtrio\n|-damage|p1a: Wugtrio|0 fnt\n|-ability|p1a: Wugtrio|Gooey\n|faint|p1a: Wugtrio\n|-damage|p2a: Corviknight|60/288|[from] Recoil\n|\n|upkeep\n|\n|t:|1733891836\n|switch|p1a: Emboar|Emboar, L84, F|322/322\n|turn|17\n|inactive|pippleiple has 120 seconds left.\n|c|\u2606pendejofc3|ima give you some time to forfeit\n|inactive|pendejofc3 has 120 seconds left.\n|c|\u2606pippleiple|pick a damn attack and die already\n|c|\u2606pendejofc3|this emboar can take both of your last 2 pokemon\n|\n|t:|1733891876\n|move|p1a: Emboar|Flare Blitz|p2a: Corviknight\n|-supereffective|p2a: Corviknight\n|-damage|p2a: Corviknight|0 fnt\n|-damage|p1a: Emboar|269/322|[from] item: Rocky Helmet|[of] p2a: Corviknight\n|faint|p2a: Corviknight\n|-damage|p1a: Emboar|249/322|[from] Recoil\n|\n|upkeep\n|\n|t:|1733891880\n|switch|p2a: Eiscue|Eiscue-Noice, L88, M|272/272\n|turn|18\n|\n|t:|1733891886\n|-terastallize|p2a: Eiscue|Water\n|move|p2a: Eiscue|Liquidation|p1a: Emboar\n|-supereffective|p1a: Emboar\n|-damage|p1a: Emboar|39/322\n|move|p1a: Emboar|Flare Blitz|p2a: Eiscue\n|-resisted|p2a: Eiscue\n|-damage|p2a: Eiscue|171/272\n|-damage|p1a: Emboar|6/322|[from] Recoil\n|\n|upkeep\n|turn|19\n|c|\u2606pendejofc3|I lied\n|c|\u2606pendejofc3|wow\n|\n|t:|1733891895\n|move|p1a: Emboar|Sucker Punch|p2a: Eiscue\n|-damage|p2a: Eiscue|108/272\n|move|p2a: Eiscue|Liquidation|p1a: Emboar\n|-supereffective|p1a: Emboar\n|-damage|p1a: Emboar|0 fnt\n|faint|p1a: Emboar\n|\n|upkeep\n|\n|t:|1733891901\n|switch|p1a: Slowbro|Slowbro, L85, M|300/300\n|turn|20\n|c|\u2606pippleiple|damn..\n|\n|t:|1733891910\n|move|p2a: Eiscue|Substitute|p2a: Eiscue\n|-start|p2a: Eiscue|Substitute\n|-damage|p2a: Eiscue|40/272\n|-enditem|p2a: Eiscue|Salac Berry|[eat]\n|-boost|p2a: Eiscue|spe|1|[from] item: Salac Berry\n|move|p1a: Slowbro|Calm Mind|p1a: Slowbro\n|-boost|p1a: Slowbro|spa|1\n|-boost|p1a: Slowbro|spd|1\n|\n|upkeep\n|turn|21\n|\n|t:|1733891918\n|move|p2a: Eiscue|Liquidation|p1a: Slowbro\n|-resisted|p1a: Slowbro\n|-damage|p1a: Slowbro|265/300\n|-unboost|p1a: Slowbro|def|1\n|move|p1a: Slowbro|Psychic Noise|p2a: Eiscue\n|-damage|p2a: Eiscue|0 fnt\n|faint|p2a: Eiscue\n|\n|win|pendejofc3\n", "inputlog": ">version bfd83cad13791eb5a5a409923076391caf6fb4d4\n>start {\"formatid\":\"gen9randombattle\",\"seed\":[38955,48359,1663,64747],\"rated\":\"Rated battle\"}\n>player p1 {\"name\":\"pendejofc3\",\"avatar\":\"266\",\"rating\":1128,\"seed\":[14181,3993,38586,32496]}\n>player p2 {\"name\":\"pippleiple\",\"avatar\":\"shadowtriad\",\"rating\":1113,\"seed\":[25792,15659,50927,34438]}\n>p1 move closecombat\n>p2 move icespinner\n>p1 move closecombat\n>p2 switch 5\n>p1 move closecombat\n>p2 move stoneedge\n>p1 move closecombat\n>p2 move earthquake\n>p1 switch 5\n>p1 move ironhead\n>p2 move earthquake\n>p2 switch 6\n>p1 move earthquake\n>p2 move flareblitz\n>p1 move earthquake\n>p2 move facade\n>p2 switch 3\n>p1 move earthquake\n>p2 move fakeout\n>p1 move earthquake\n>p2 move uturn\n>p2 switch 2\n>p1 move outrage\n>p2 move uturn\n>p2 switch 4\n>p1 move outrage\n>p2 move closecombat\n>p1 move ironhead\n>p2 move closecombat\n>p1 switch 3\n>p1 move liquidation\n>p2 move bravebird\n>p2 switch 2\n>p1 move liquidation\n>p2 move psychicnoise\n>chat \u2606pendejofc3|gg\n>p1 move liquidation\n>p2 move uturn\n>chat \u2606pippleiple|this isnt over\n>chat \u2606pippleiple|until i win\n>chat \u2606pendejofc3|it most definitely is over\n>p2 switch 4\n>chat \u2606pendejofc3|you should just forfeit rn\n>p1 move liquidation\n>p2 move bravebird\n>p1 switch 4\n>chat \u2606pendejofc3|ima give you some time to forfeit\n>chat \u2606pippleiple|pick a damn attack and die already\n>chat \u2606pendejofc3|this emboar can take both of your last 2 pokemon\n>p1 move flareblitz\n>p2 move bravebird\n>p2 switch 5\n>p1 move flareblitz\n>p2 move liquidation terastallize\n>chat \u2606pendejofc3|I lied\n>chat \u2606pendejofc3|wow\n>p1 move suckerpunch\n>p2 move liquidation\n>p1 switch 2\n>chat \u2606pippleiple|damn..\n>p1 move calmmind\n>p2 move substitute\n>p1 move psychicnoise\n>p2 move liquidation", "uploadtime": 1733891867, "views": 12, "formatid": "gen9randombattle", "rating": null, "private": 0, "password": null}