{"id": "gen9randombattle-2260306264", "format": "[Gen 9] Random Battle", "players": ["Phu_Magic", "LyghtTheif"], "log": "|j|\u2606Phu_Magic\n|j|\u2606LyghtTheif\n|t:|1733837855\n|gametype|singles\n|player|p1|Phu_Magic|hiker|1786\n|player|p2|LyghtTheif|dawn-gen4pt|1759\n|teamsize|p1|6\n|teamsize|p2|6\n|gen|9\n|tier|[Gen 9] Random Battle\n|rated|\n|rule|Species Clause: Limit one of each Pok\u00e9mon\n|rule|HP Percentage Mod: HP is shown in percentages\n|rule|Sleep Clause Mod: Limit one foe put to sleep\n|rule|Illusion Level Mod: Illusion disguises the Pok\u00e9mon's true level\n|\n|t:|1733837855\n|start\n|switch|p1a: Porygon-Z|Porygon-Z, L83|277/277\n|switch|p2a: Samurott|Samurott, L88, F|310/310\n|turn|1\n|inactive|Battle timer is ON: inactive players will automatically lose when time's up. (requested by LyghtTheif)\n|\n|t:|1733837862\n|switch|p2a: Hitmontop|Hitmontop, L88, M|231/231\n|-ability|p2a: Hitmontop|Intimidate|boost\n|-unboost|p1a: Porygon-Z|atk|1\n|move|p1a: Porygon-Z|Nasty Plot|p1a: Porygon-Z\n|-boost|p1a: Porygon-Z|spa|2\n|\n|upkeep\n|turn|2\n|\n|t:|1733837870\n|move|p1a: Porygon-Z|Tri Attack|p2a: Hitmontop\n|-damage|p2a: Hitmontop|26/231\n|-status|p2a: Hitmontop|brn\n|-damage|p1a: Porygon-Z|250/277|[from] item: Life Orb\n|move|p2a: Hitmontop|Rapid Spin|p1a: Porygon-Z\n|-damage|p1a: Porygon-Z|229/277\n|-boost|p2a: Hitmontop|spe|1\n|\n|-damage|p2a: Hitmontop|12/231 brn|[from] brn\n|upkeep\n|turn|3\n|\n|t:|1733837882\n|-terastallize|p1a: Porygon-Z|Ghost\n|move|p2a: Hitmontop|Close Combat|p1a: Porygon-Z\n|-immune|p1a: Porygon-Z\n|move|p1a: Porygon-Z|Tri Attack|p2a: Hitmontop\n|-damage|p2a: Hitmontop|0 fnt\n|faint|p2a: Hitmontop\n|-damage|p1a: Porygon-Z|202/277|[from] item: Life Orb\n|\n|upkeep\n|\n|t:|1733837896\n|switch|p2a: Muk|Muk-Alola, L82, M|306/306\n|turn|4\n|\n|t:|1733837903\n|move|p1a: Porygon-Z|Tri Attack|p2a: Muk\n|-damage|p2a: Muk|133/306\n|-status|p2a: Muk|par\n|-damage|p1a: Porygon-Z|175/277|[from] item: Life Orb\n|move|p2a: Muk|Knock Off|p1a: Porygon-Z\n|-supereffective|p1a: Porygon-Z\n|-damage|p1a: Porygon-Z|0 fnt\n|-enditem|p1a: Porygon-Z|Life Orb|[from] move: Knock Off|[of] p2a: Muk\n|faint|p1a: Porygon-Z\n|\n|upkeep\n|\n|t:|1733837918\n|switch|p1a: Masquerain|Masquerain, L87, F|264/264\n|-ability|p1a: Masquerain|Intimidate|boost\n|-unboost|p2a: Muk|atk|1\n|turn|5\n|\n|t:|1733837922\n|move|p1a: Masquerain|Quiver Dance|p1a: Masquerain\n|-boost|p1a: Masquerain|spa|1\n|-boost|p1a: Masquerain|spd|1\n|-boost|p1a: Masquerain|spe|1\n|cant|p2a: Muk|par\n|\n|upkeep\n|turn|6\n|\n|t:|1733837927\n|move|p1a: Masquerain|Bug Buzz|p2a: Muk\n|-damage|p2a: Muk|45/306 par\n|-unboost|p2a: Muk|spd|1\n|move|p2a: Muk|Knock Off|p1a: Masquerain\n|-damage|p1a: Masquerain|179/264\n|-enditem|p1a: Masquerain|Heavy-Duty Boots|[from] move: Knock Off|[of] p2a: Muk\n|\n|upkeep\n|turn|7\n|\n|t:|1733837935\n|move|p2a: Muk|Shadow Sneak|p1a: Masquerain\n|-damage|p1a: Masquerain|154/264\n|-status|p1a: Masquerain|psn|[from] ability: Poison Touch|[of] p2a: Muk\n|move|p1a: Masquerain|Quiver Dance|p1a: Masquerain\n|-boost|p1a: Masquerain|spa|1\n|-boost|p1a: Masquerain|spd|1\n|-boost|p1a: Masquerain|spe|1\n|\n|-damage|p1a: Masquerain|121/264 psn|[from] psn\n|upkeep\n|turn|8\n|\n|t:|1733837945\n|move|p1a: Masquerain|Bug Buzz|p2a: Muk\n|-damage|p2a: Muk|0 fnt\n|faint|p2a: Muk\n|\n|-damage|p1a: Masquerain|88/264 psn|[from] psn\n|upkeep\n|\n|t:|1733837954\n|switch|p2a: Samurott|Samurott, L88, F|310/310\n|turn|9\n|\n|t:|1733837964\n|move|p2a: Samurott|Aqua Jet|p1a: Masquerain\n|-crit|p1a: Masquerain\n|-damage|p1a: Masquerain|0 fnt\n|faint|p1a: Masquerain\n|-damage|p2a: Samurott|279/310|[from] item: Life Orb\n|\n|upkeep\n|\n|t:|1733837971\n|switch|p1a: Victreebel|Victreebel, L90, F|290/290\n|turn|10\n|\n|t:|1733837977\n|move|p1a: Victreebel|Power Whip|p2a: Samurott|[miss]\n|-miss|p1a: Victreebel|p2a: Samurott\n|move|p2a: Samurott|Megahorn|p1a: Victreebel\n|-damage|p1a: Victreebel|138/290\n|-damage|p2a: Samurott|248/310|[from] item: Life Orb\n|\n|upkeep\n|turn|11\n|\n|t:|1733837982\n|move|p1a: Victreebel|Strength Sap|p2a: Samurott\n|-unboost|p2a: Samurott|atk|1\n|-heal|p1a: Victreebel|290/290\n|move|p2a: Samurott|Megahorn|p1a: Victreebel\n|-damage|p1a: Victreebel|198/290\n|-damage|p2a: Samurott|217/310|[from] item: Life Orb\n|\n|upkeep\n|turn|12\n|\n|t:|1733837987\n|switch|p2a: Rabsca|Rabsca, L91, M|284/284\n|move|p1a: Victreebel|Power Whip|p2a: Rabsca\n|-resisted|p2a: Rabsca\n|-damage|p2a: Rabsca|187/284\n|-damage|p1a: Victreebel|169/290|[from] item: Life Orb\n|\n|upkeep\n|turn|13\n|\n|t:|1733837991\n|move|p1a: Victreebel|Knock Off|p2a: Rabsca\n|-supereffective|p2a: Rabsca\n|-damage|p2a: Rabsca|0 fnt\n|-enditem|p2a: Rabsca|Heavy-Duty Boots|[from] move: Knock Off|[of] p1a: Victreebel\n|faint|p2a: Rabsca\n|-damage|p1a: Victreebel|140/290|[from] item: Life Orb\n|\n|upkeep\n|\n|t:|1733837993\n|switch|p2a: Sandslash|Sandslash-Alola, L88, F|275/275\n|turn|14\n|\n|t:|1733838006\n|switch|p1a: Regigigas|Regigigas, L84|322/322\n|-start|p1a: Regigigas|ability: Slow Start\n|move|p2a: Sandslash|Triple Axel|p1a: Regigigas\n|-damage|p1a: Regigigas|303/322\n|-damage|p1a: Regigigas|266/322\n|-damage|p1a: Regigigas|206/322\n|-hitcount|p1a: Regigigas|3\n|\n|-heal|p1a: Regigigas|226/322|[from] item: Leftovers\n|upkeep\n|turn|15\n|\n|t:|1733838016\n|move|p1a: Regigigas|Protect|p1a: Regigigas\n|-singleturn|p1a: Regigigas|Protect\n|move|p2a: Sandslash|Spikes|p1a: Regigigas\n|-sidestart|p1: Phu_Magic|Spikes\n|\n|-heal|p1a: Regigigas|246/322|[from] item: Leftovers\n|upkeep\n|turn|16\n|\n|t:|1733838020\n|move|p2a: Sandslash|Knock Off|p1a: Regigigas\n|-damage|p1a: Regigigas|179/322\n|-enditem|p1a: Regigigas|Leftovers|[from] move: Knock Off|[of] p2a: Sandslash\n|move|p1a: Regigigas|Knock Off|p2a: Sandslash\n|-damage|p2a: Sandslash|236/275\n|-enditem|p2a: Sandslash|Leftovers|[from] move: Knock Off|[of] p1a: Regigigas\n|\n|upkeep\n|turn|17\n|\n|t:|1733838027\n|move|p2a: Sandslash|Spikes|p1a: Regigigas\n|-sidestart|p1: Phu_Magic|Spikes\n|move|p1a: Regigigas|Substitute|p1a: Regigigas\n|-start|p1a: Regigigas|Substitute\n|-damage|p1a: Regigigas|99/322\n|\n|upkeep\n|turn|18\n|\n|t:|1733838030\n|move|p1a: Regigigas|Protect|p1a: Regigigas\n|-singleturn|p1a: Regigigas|Protect\n|move|p2a: Sandslash|Triple Axel|p1a: Regigigas\n|-activate|p1a: Regigigas|move: Protect\n|\n|upkeep\n|turn|19\n|\n|t:|1733838032\n|move|p2a: Sandslash|Triple Axel|p1a: Regigigas\n|-activate|p1a: Regigigas|move: Substitute|[damage]\n|-activate|p1a: Regigigas|move: Substitute|[damage]\n|-end|p1a: Regigigas|Substitute\n|-hitcount|p1a: Regigigas|3\n|move|p1a: Regigigas|Body Slam|p2a: Sandslash\n|-resisted|p2a: Sandslash\n|-damage|p2a: Sandslash|208/275\n|-status|p2a: Sandslash|par\n|\n|-end|p1a: Regigigas|Slow Start\n|upkeep\n|turn|20\n|\n|t:|1733838046\n|move|p1a: Regigigas|Knock Off|p2a: Sandslash\n|-damage|p2a: Sandslash|154/275 par\n|move|p2a: Sandslash|Triple Axel|p1a: Regigigas\n|-damage|p1a: Regigigas|78/322\n|-damage|p1a: Regigigas|38/322\n|-damage|p1a: Regigigas|0 fnt\n|faint|p1a: Regigigas\n|-end|p1a: Regigigas|Slow Start|[silent]\n|-hitcount|p1: Regigigas|3\n|\n|upkeep\n|\n|t:|1733838061\n|switch|p1a: Victreebel|Victreebel, L90, F|140/290\n|-damage|p1a: Victreebel|92/290|[from] Spikes\n|turn|21\n|\n|t:|1733838066\n|move|p1a: Victreebel|Strength Sap|p2a: Sandslash\n|-unboost|p2a: Sandslash|atk|1\n|-heal|p1a: Victreebel|290/290\n|move|p2a: Sandslash|Spikes|p1a: Victreebel\n|-sidestart|p1: Phu_Magic|Spikes\n|\n|upkeep\n|turn|22\n|\n|t:|1733838073\n|move|p1a: Victreebel|Power Whip|p2a: Sandslash|[miss]\n|-miss|p1a: Victreebel|p2a: Sandslash\n|move|p2a: Sandslash|Triple Axel|p1a: Victreebel\n|-supereffective|p1a: Victreebel\n|-damage|p1a: Victreebel|248/290\n|-supereffective|p1a: Victreebel\n|-damage|p1a: Victreebel|168/290\n|-supereffective|p1a: Victreebel\n|-damage|p1a: Victreebel|60/290\n|-hitcount|p1a: Victreebel|3\n|\n|upkeep\n|turn|23\n|\n|t:|1733838082\n|move|p1a: Victreebel|Strength Sap|p2a: Sandslash\n|-unboost|p2a: Sandslash|atk|1\n|-heal|p1a: Victreebel|210/290\n|move|p2a: Sandslash|Triple Axel|p1a: Victreebel\n|-supereffective|p1a: Victreebel\n|-damage|p1a: Victreebel|184/290\n|-supereffective|p1a: Victreebel\n|-damage|p1a: Victreebel|128/290\n|-supereffective|p1a: Victreebel\n|-damage|p1a: Victreebel|44/290\n|-hitcount|p1a: Victreebel|3\n|\n|upkeep\n|turn|24\n|\n|t:|1733838091\n|move|p1a: Victreebel|Strength Sap|p2a: Sandslash\n|-unboost|p2a: Sandslash|atk|1\n|-heal|p1a: Victreebel|157/290\n|cant|p2a: Sandslash|par\n|\n|upkeep\n|turn|25\n|\n|t:|1733838096\n|move|p1a: Victreebel|Power Whip|p2a: Sandslash\n|-resisted|p2a: Sandslash\n|-damage|p2a: Sandslash|84/275 par\n|-damage|p1a: Victreebel|128/290|[from] item: Life Orb\n|move|p2a: Sandslash|Triple Axel|p1a: Victreebel\n|-supereffective|p1a: Victreebel\n|-damage|p1a: Victreebel|104/290\n|-supereffective|p1a: Victreebel\n|-damage|p1a: Victreebel|56/290\n|-supereffective|p1a: Victreebel\n|-damage|p1a: Victreebel|0 fnt\n|faint|p1a: Victreebel\n|-hitcount|p1: Victreebel|3\n|\n|upkeep\n|\n|t:|1733838099\n|switch|p1a: Darkrai|Darkrai, L77|234/234\n|-damage|p1a: Darkrai|176/234|[from] Spikes\n|turn|26\n|\n|t:|1733838109\n|move|p1a: Darkrai|Nasty Plot|p1a: Darkrai\n|-boost|p1a: Darkrai|spa|2\n|move|p2a: Sandslash|Knock Off|p1a: Darkrai\n|-resisted|p1a: Darkrai\n|-damage|p1a: Darkrai|160/234\n|-enditem|p1a: Darkrai|Life Orb|[from] move: Knock Off|[of] p2a: Sandslash\n|\n|upkeep\n|turn|27\n|\n|t:|1733838118\n|move|p1a: Darkrai|Nasty Plot|p1a: Darkrai\n|-boost|p1a: Darkrai|spa|2\n|cant|p2a: Sandslash|par\n|\n|upkeep\n|turn|28\n|\n|t:|1733838135\n|move|p1a: Darkrai|Dark Pulse|p2a: Sandslash\n|-damage|p2a: Sandslash|0 fnt\n|faint|p2a: Sandslash\n|\n|upkeep\n|\n|t:|1733838139\n|switch|p2a: Kingdra|Kingdra, L84, M|263/263\n|turn|29\n|\n|t:|1733838148\n|move|p1a: Darkrai|Dark Pulse|p2a: Kingdra\n|-damage|p2a: Kingdra|0 fnt\n|faint|p2a: Kingdra\n|\n|upkeep\n|\n|t:|1733838153\n|switch|p2a: Samurott|Samurott, L88, F|217/310\n|turn|30\n|\n|t:|1733838158\n|move|p1a: Darkrai|Dark Pulse|p2a: Samurott\n|-damage|p2a: Samurott|0 fnt\n|faint|p2a: Samurott\n|\n|win|Phu_Magic\n|raw|Phu_Magic's rating: 1786 &rarr; <strong>1804</strong><br />(+18 for winning)\n|raw|LyghtTheif's rating: 1759 &rarr; <strong>1741</strong><br />(-18 for losing)\n", "inputlog": ">version bfd83cad13791eb5a5a409923076391caf6fb4d4\n>start {\"formatid\":\"gen9randombattle\",\"seed\":[65470,23000,8107,35301],\"rated\":\"Rated battle\"}\n>player p1 {\"name\":\"Phu_Magic\",\"avatar\":\"hiker\",\"rating\":1786,\"seed\":[6657,52297,46395,13828]}\n>player p2 {\"name\":\"LyghtTheif\",\"avatar\":\"dawn-gen4pt\",\"rating\":1759,\"seed\":[65508,27110,36231,7168]}\n>p1 move nastyplot\n>p2 switch 3\n>p1 move triattack\n>p2 move rapidspin\n>p1 move triattack terastallize\n>p2 move closecombat\n>p2 switch 4\n>p1 move triattack\n>p2 move knockoff\n>p1 switch 3\n>p1 move quiverdance\n>p2 move knockoff\n>p1 move bugbuzz\n>p2 move knockoff\n>p1 move quiverdance\n>p2 move shadowsneak\n>p1 move bugbuzz\n>p2 move icepunch\n>p2 switch 3\n>p1 move hurricane\n>p2 move aquajet\n>p1 switch 5\n>p1 move powerwhip\n>p2 move megahorn\n>p1 move strengthsap\n>p2 move megahorn\n>p1 move powerwhip\n>p2 switch 6\n>p1 move knockoff\n>p2 move trickroom\n>p2 switch 5\n>p1 switch 4\n>p2 move tripleaxel\n>p1 move protect\n>p2 move spikes\n>p1 move knockoff\n>p2 move knockoff\n>p1 move substitute\n>p2 move spikes\n>p1 move protect\n>p2 move tripleaxel\n>p1 move bodyslam\n>p2 move tripleaxel\n>p1 move knockoff\n>p2 move tripleaxel\n>p1 switch 4\n>p1 move strengthsap\n>p2 move spikes\n>p1 move powerwhip\n>p2 move tripleaxel\n>p1 move strengthsap\n>p2 move tripleaxel\n>p1 move strengthsap\n>p2 move tripleaxel\n>p1 move powerwhip\n>p2 move tripleaxel\n>p1 switch 6\n>p1 move nastyplot\n>p2 move knockoff\n>p1 move nastyplot\n>p2 move tripleaxel\n>p1 move darkpulse\n>p2 move tripleaxel\n>p2 switch 2\n>p1 move darkpulse\n>p2 move dragondance\n>p2 switch 6\n>p1 move darkpulse\n>p2 move megahorn", "uploadtime": 1733838161, "views": 2, "formatid": "gen9randombattle", "rating": 1741, "private": 0, "password": null}