{"id": "gen9randombattle-2218534850", "format": "[Gen 9] Random Battle", "players": ["YveltalNL", "Chiori Mikami"], "log": "|badge|p1|silver|gen9randombattle|30-3\n|uhtml|medal-msg|<div class=\"broadcast-blue\">Curious what those medals under the avatar are? PS now has Ladder Seasons! For more information, check out the <a href=\"https://www.smogon.com/forums/threads/3740067/\">thread on Smogon.</a></div>\n|badge|p2|bronze|gen9randombattle|100-3\n|uhtml|medal-msg|<div class=\"broadcast-blue\">Curious what those medals under the avatar are? PS now has Ladder Seasons! For more information, check out the <a href=\"https://www.smogon.com/forums/threads/3740067/\">thread on Smogon.</a></div>\n|j|\u2606YveltalNL\n|j|\u2606Chiori Mikami\n|t:|1728395762\n|gametype|singles\n|player|p1|YveltalNL|#yveltalnl|2442\n|player|p2|Chiori Mikami|#rbtt7teamrayquazaf|2339\n|teamsize|p1|6\n|teamsize|p2|6\n|gen|9\n|tier|[Gen 9] Random Battle\n|rated|\n|rule|Species Clause: Limit one of each Pok\u00e9mon\n|rule|HP Percentage Mod: HP is shown in percentages\n|rule|Sleep Clause Mod: Limit one foe put to sleep\n|rule|Illusion Level Mod: Illusion disguises the Pok\u00e9mon's true level\n|\n|t:|1728395762\n|start\n|switch|p1a: Gardevoir|Gardevoir, L83, M|249/249\n|switch|p2a: Eelektross|Eelektross, L87, F|290/290\n|-ability|p1a: Gardevoir|Levitate|[from] ability: Trace|[of] p2a: Eelektross\n|turn|1\n|\n|t:|1728395777\n|switch|p1a: Chesnaught|Chesnaught, L84, F|285/285\n|move|p2a: Eelektross|Coil|p2a: Eelektross\n|-boost|p2a: Eelektross|atk|1\n|-boost|p2a: Eelektross|def|1\n|-boost|p2a: Eelektross|accuracy|1\n|\n|upkeep\n|turn|2\n|\n|t:|1728395793\n|move|p1a: Chesnaught|Knock Off|p2a: Eelektross\n|-damage|p2a: Eelektross|240/290\n|-enditem|p2a: Eelektross|Leftovers|[from] move: Knock Off|[of] p1a: Chesnaught\n|move|p2a: Eelektross|Fire Punch|p1a: Chesnaught\n|-supereffective|p1a: Chesnaught\n|-damage|p1a: Chesnaught|145/285\n|\n|-heal|p1a: Chesnaught|162/285|[from] item: Leftovers\n|upkeep\n|turn|3\n|\n|t:|1728395798\n|move|p1a: Chesnaught|Body Press|p2a: Eelektross\n|-damage|p2a: Eelektross|168/290\n|move|p2a: Eelektross|Fire Punch|p1a: Chesnaught\n|-supereffective|p1a: Chesnaught\n|-damage|p1a: Chesnaught|4/285\n|\n|-heal|p1a: Chesnaught|21/285|[from] item: Leftovers\n|upkeep\n|turn|4\n|\n|t:|1728395804\n|move|p1a: Chesnaught|Wood Hammer|p2a: Eelektross\n|-damage|p2a: Eelektross|65/290\n|-damage|p1a: Chesnaught|0 fnt|[from] Recoil\n|faint|p1a: Chesnaught\n|move|p2a: Eelektross|Drain Punch|p1: Chesnaught|[notarget]\n|-fail|p2a: Eelektross\n|\n|upkeep\n|\n|t:|1728395811\n|switch|p1a: Gardevoir|Gardevoir, L83, M|249/249\n|-ability|p1a: Gardevoir|Levitate|[from] ability: Trace|[of] p2a: Eelektross\n|turn|5\n|\n|t:|1728395837\n|move|p1a: Gardevoir|Moonblast|p2a: Eelektross\n|-damage|p2a: Eelektross|0 fnt\n|faint|p2a: Eelektross\n|\n|upkeep\n|\n|t:|1728395852\n|switch|p2a: Scovillain|Scovillain, L91, M|266/266\n|turn|6\n|\n|t:|1728395871\n|switch|p1a: Iron Moth|Iron Moth, L78|253/253\n|move|p2a: Scovillain|Overheat|p1a: Iron Moth\n|-resisted|p1a: Iron Moth\n|-damage|p1a: Iron Moth|136/253\n|-unboost|p2a: Scovillain|spa|2\n|\n|upkeep\n|turn|7\n|\n|t:|1728395885\n|switch|p2a: Mew|Mew, L82|298/298\n|move|p1a: Iron Moth|Fire Blast|p2a: Mew|[miss]\n|-miss|p1a: Iron Moth|p2a: Mew\n|\n|upkeep\n|turn|8\n|\n|t:|1728395900\n|move|p1a: Iron Moth|Fire Blast|p2a: Mew\n|-damage|p2a: Mew|118/298\n|move|p2a: Mew|U-turn|p1a: Iron Moth\n|-resisted|p1a: Iron Moth\n|-damage|p1a: Iron Moth|119/253\n|\n|t:|1728395912\n|switch|p2a: Appletun|Appletun, L92, F|352/352|[from] U-turn\n|\n|upkeep\n|turn|9\n|\n|t:|1728395931\n|-end|p1a: Iron Moth|Quark Drive|[silent]\n|switch|p1a: Ampharos|Ampharos, L88, M|302/302\n|move|p2a: Appletun|Leech Seed|p1a: Ampharos\n|-start|p1a: Ampharos|move: Leech Seed\n|\n|-damage|p1a: Ampharos|265/302|[from] Leech Seed|[of] p2a: Appletun\n|upkeep\n|turn|10\n|\n|t:|1728395964\n|move|p1a: Ampharos|Dazzling Gleam|p2a: Appletun\n|-supereffective|p2a: Appletun\n|-damage|p2a: Appletun|202/352\n|move|p2a: Appletun|Draco Meteor|p1a: Ampharos\n|-damage|p1a: Ampharos|153/302\n|-unboost|p2a: Appletun|spa|2\n|\n|-heal|p2a: Appletun|224/352|[from] item: Leftovers\n|-damage|p1a: Ampharos|116/302|[from] Leech Seed|[of] p2a: Appletun\n|-heal|p2a: Appletun|261/352|[silent]\n|upkeep\n|turn|11\n|\n|t:|1728395978\n|move|p1a: Ampharos|Volt Switch|p2a: Appletun\n|-resisted|p2a: Appletun\n|-damage|p2a: Appletun|240/352\n|\n|t:|1728395980\n|switch|p1a: Gardevoir|Gardevoir, L83, M|249/249|[from] Volt Switch\n|-ability|p1a: Gardevoir|Thick Fat|[from] ability: Trace|[of] p2a: Appletun\n|move|p2a: Appletun|Leech Seed|p1a: Gardevoir\n|-start|p1a: Gardevoir|move: Leech Seed\n|\n|-heal|p2a: Appletun|262/352|[from] item: Leftovers\n|-damage|p1a: Gardevoir|218/249|[from] Leech Seed|[of] p2a: Appletun\n|-heal|p2a: Appletun|293/352|[silent]\n|upkeep\n|turn|12\n|\n|t:|1728396024\n|switch|p2a: Scovillain|Scovillain, L91, M|266/266\n|move|p1a: Gardevoir|Moonblast|p2a: Scovillain\n|-resisted|p2a: Scovillain\n|-damage|p2a: Scovillain|191/266\n|\n|-damage|p1a: Gardevoir|187/249|[from] Leech Seed|[of] p2a: Scovillain\n|-heal|p2a: Scovillain|222/266|[silent]\n|upkeep\n|turn|13\n|\n|t:|1728396037\n|switch|p1a: Ampharos|Ampharos, L88, M|116/302\n|move|p2a: Scovillain|Overheat|p1a: Ampharos\n|-damage|p1a: Ampharos|0 fnt\n|-unboost|p2a: Scovillain|spa|2\n|faint|p1a: Ampharos\n|\n|upkeep\n|\n|t:|1728396041\n|switch|p1a: Miraidon|Miraidon, L65|238/238\n|-fieldstart|move: Electric Terrain|[from] ability: Hadron Engine|[of] p1a: Miraidon\n|turn|14\n|inactive|Battle timer is ON: inactive players will automatically lose when time's up. (requested by YveltalNL)\n|\n|t:|1728396108\n|switch|p2a: Appletun|Appletun, L92, F|293/352\n|move|p1a: Miraidon|Calm Mind|p1a: Miraidon\n|-boost|p1a: Miraidon|spa|1\n|-boost|p1a: Miraidon|spd|1\n|\n|-heal|p2a: Appletun|315/352|[from] item: Leftovers\n|upkeep\n|turn|15\n|\n|t:|1728396127\n|move|p1a: Miraidon|Substitute|p1a: Miraidon\n|-start|p1a: Miraidon|Substitute\n|-damage|p1a: Miraidon|179/238\n|move|p2a: Appletun|Draco Meteor|p1a: Miraidon\n|-supereffective|p1a: Miraidon\n|-end|p1a: Miraidon|Substitute\n|-unboost|p2a: Appletun|spa|2\n|\n|-heal|p1a: Miraidon|193/238|[from] item: Leftovers\n|-heal|p2a: Appletun|337/352|[from] item: Leftovers\n|upkeep\n|turn|16\n|\n|t:|1728396139\n|move|p1a: Miraidon|Substitute|p1a: Miraidon\n|-start|p1a: Miraidon|Substitute\n|-damage|p1a: Miraidon|134/238\n|move|p2a: Appletun|Draco Meteor|p1a: Miraidon\n|-supereffective|p1a: Miraidon\n|-end|p1a: Miraidon|Substitute\n|-unboost|p2a: Appletun|spa|2\n|\n|-heal|p1a: Miraidon|148/238|[from] item: Leftovers\n|-heal|p2a: Appletun|352/352|[from] item: Leftovers\n|upkeep\n|turn|17\n|inactive|Chiori Mikami has 120 seconds left.\n|\n|t:|1728396177\n|switch|p2a: Mew|Mew, L82|118/298\n|-terastallize|p1a: Miraidon|Electric\n|move|p1a: Miraidon|Substitute|p1a: Miraidon\n|-start|p1a: Miraidon|Substitute\n|-damage|p1a: Miraidon|89/238\n|\n|-heal|p1a: Miraidon|103/238|[from] item: Leftovers\n|-heal|p2a: Mew|136/298|[from] item: Leftovers\n|upkeep\n|turn|18\n|\n|t:|1728396184\n|switch|p2a: Appletun|Appletun, L92, F|352/352\n|move|p1a: Miraidon|Electro Drift|p2a: Appletun\n|-resisted|p2a: Appletun\n|-damage|p2a: Appletun|280/352\n|\n|-heal|p1a: Miraidon|117/238|[from] item: Leftovers\n|-heal|p2a: Appletun|302/352|[from] item: Leftovers\n|-fieldend|move: Electric Terrain\n|upkeep\n|turn|19\n|inactive|Chiori Mikami has 120 seconds left.\n|\n|t:|1728396212\n|move|p1a: Miraidon|Calm Mind|p1a: Miraidon\n|-boost|p1a: Miraidon|spa|1\n|-boost|p1a: Miraidon|spd|1\n|move|p2a: Appletun|Draco Meteor|p1a: Miraidon|[miss]\n|-miss|p2a: Appletun|p1a: Miraidon\n|\n|-heal|p1a: Miraidon|131/238|[from] item: Leftovers\n|-heal|p2a: Appletun|324/352|[from] item: Leftovers\n|upkeep\n|turn|20\n|\n|t:|1728396217\n|move|p1a: Miraidon|Draco Meteor|p2a: Appletun\n|-supereffective|p2a: Appletun\n|-damage|p2a: Appletun|0 fnt\n|-unboost|p1a: Miraidon|spa|2\n|faint|p2a: Appletun\n|\n|-heal|p1a: Miraidon|145/238|[from] item: Leftovers\n|upkeep\n|inactive|Chiori Mikami has 90 seconds left.\n|j| waanzinkat\n|inactive|Chiori Mikami has 60 seconds left.\n|\n|t:|1728396297\n|switch|p2a: Mew|Mew, L82|136/298\n|turn|21\n|\n|t:|1728396302\n|move|p1a: Miraidon|Electro Drift|p2a: Mew\n|-damage|p2a: Mew|20/298\n|move|p2a: Mew|U-turn|p1a: Miraidon\n|-activate|p1a: Miraidon|move: Substitute|[damage]\n|\n|t:|1728396307\n|switch|p2a: Scovillain|Scovillain, L91, M|222/266|[from] U-turn\n|\n|-heal|p1a: Miraidon|159/238|[from] item: Leftovers\n|upkeep\n|turn|22\n|\n|t:|1728396311\n|move|p1a: Miraidon|Calm Mind|p1a: Miraidon\n|-boost|p1a: Miraidon|spa|1\n|-boost|p1a: Miraidon|spd|1\n|move|p2a: Scovillain|Flamethrower|p1a: Miraidon\n|-end|p1a: Miraidon|Substitute\n|\n|-heal|p1a: Miraidon|173/238|[from] item: Leftovers\n|upkeep\n|turn|23\n|\n|t:|1728396316\n|move|p1a: Miraidon|Calm Mind|p1a: Miraidon\n|-boost|p1a: Miraidon|spa|1\n|-boost|p1a: Miraidon|spd|1\n|move|p2a: Scovillain|Flamethrower|p1a: Miraidon\n|-damage|p1a: Miraidon|104/238\n|\n|-heal|p1a: Miraidon|118/238|[from] item: Leftovers\n|upkeep\n|turn|24\n|\n|t:|1728396321\n|move|p1a: Miraidon|Calm Mind|p1a: Miraidon\n|-boost|p1a: Miraidon|spa|1\n|-boost|p1a: Miraidon|spd|1\n|move|p2a: Scovillain|Flamethrower|p1a: Miraidon\n|-damage|p1a: Miraidon|61/238\n|\n|-heal|p1a: Miraidon|75/238|[from] item: Leftovers\n|upkeep\n|turn|25\n|inactive|Chiori Mikami has 90 seconds left.\n|\n|t:|1728396329\n|move|p1a: Miraidon|Substitute|p1a: Miraidon\n|-start|p1a: Miraidon|Substitute\n|-damage|p1a: Miraidon|16/238\n|move|p2a: Scovillain|Flamethrower|p1a: Miraidon\n|-end|p1a: Miraidon|Substitute\n|\n|-heal|p1a: Miraidon|30/238|[from] item: Leftovers\n|upkeep\n|turn|26\n|\n|t:|1728396334\n|switch|p2a: Mew|Mew, L82|20/298\n|move|p1a: Miraidon|Draco Meteor|p2a: Mew\n|-damage|p2a: Mew|0 fnt\n|-unboost|p1a: Miraidon|spa|2\n|faint|p2a: Mew\n|\n|-heal|p1a: Miraidon|44/238|[from] item: Leftovers\n|upkeep\n|c|\u2606YveltalNL|hey man i thought we agreed no maxrolls\n|\n|t:|1728396343\n|switch|p2a: Scovillain|Scovillain, L91, M|222/266\n|turn|27\n|\n|t:|1728396347\n|move|p1a: Miraidon|Draco Meteor|p2a: Scovillain\n|-damage|p2a: Scovillain|21/266\n|-unboost|p1a: Miraidon|spa|2\n|move|p2a: Scovillain|Flamethrower|p1a: Miraidon\n|-damage|p1a: Miraidon|0 fnt\n|faint|p1a: Miraidon\n|\n|upkeep\n|\n|t:|1728396358\n|switch|p1a: Gardevoir|Gardevoir, L83, M|187/249\n|-ability|p1a: Gardevoir|Chlorophyll|[from] ability: Trace|[of] p2a: Scovillain\n|turn|28\n|\n|t:|1728396360\n|move|p1a: Gardevoir|Moonblast|p2a: Scovillain\n|-resisted|p2a: Scovillain\n|-crit|p2a: Scovillain\n|-damage|p2a: Scovillain|0 fnt\n|faint|p2a: Scovillain\n|\n|upkeep\n|\n|t:|1728396362\n|switch|p2a: Oricorio|Oricorio-Sensu, L85, M|266/266\n|turn|29\n|c| waanzinkat|whats a maxroll?\n|\n|t:|1728396366\n|switch|p1a: Malamar|Malamar, L82, M|275/275\n|move|p2a: Oricorio|Quiver Dance|p2a: Oricorio\n|-boost|p2a: Oricorio|spa|1\n|-boost|p2a: Oricorio|spd|1\n|-boost|p2a: Oricorio|spe|1\n|\n|upkeep\n|turn|30\n|c|\u2606YveltalNL|every move can do differing amounts of damage\n|c|\u2606YveltalNL|so like\n|c|\u2606YveltalNL|+1 Lvl 65 84 SpA Tera Electric Miraidon Draco Meteor vs. Lvl 91 84 HP / 84 SpD Scovillain: 177-208 (66.5 - 78.1%) -- guaranteed 2HKO\n|inactive|Chiori Mikami has 120 seconds left.\n|c|\u2606YveltalNL|for example\n|c| waanzinkat|you guys calculate tht for every attack?\n|c|\u2606YveltalNL|for that flamethrower, he needed to get the highest possible damage the flamethrower could do\n|c|\u2606YveltalNL|or it would not break the sub\n|c|\u2606YveltalNL|not every move no\n|inactive|Chiori Mikami has 90 seconds left.\n|\n|t:|1728396426\n|move|p2a: Oricorio|Revelation Dance|p1a: Malamar\n|-damage|p1a: Malamar|116/275\n|move|p1a: Malamar|Knock Off|p2a: Oricorio\n|-supereffective|p2a: Oricorio\n|-damage|p2a: Oricorio|54/266\n|-enditem|p2a: Oricorio|Heavy-Duty Boots|[from] move: Knock Off|[of] p1a: Malamar\n|\n|upkeep\n|turn|31\n|\n|t:|1728396443\n|move|p2a: Oricorio|Revelation Dance|p1a: Malamar\n|-crit|p1a: Malamar\n|-damage|p1a: Malamar|0 fnt\n|faint|p1a: Malamar\n|\n|upkeep\n|inactive|YveltalNL has 120 seconds left.\n|\n|t:|1728396465\n|switch|p1a: Gardevoir|Gardevoir, L83, M|187/249\n|-ability|p1a: Gardevoir|Dancer|[from] ability: Trace|[of] p2a: Oricorio\n|turn|32\n|c| waanzinkat|veel plezier\n|c|\u2606YveltalNL|well that sucked gg\n|c|\u2606Chiori Mikami|last was glastrier\n|l| waanzinkat\n|c|\u2606YveltalNL|yeah if you don't get the roll i might have a chance\n|c|\u2606Chiori Mikami|yeah definetely\n|inactive|Chiori Mikami has 90 seconds left.\n|c|\u2606YveltalNL|why not go glastrier on miraidon\n|\n|t:|1728396492\n|move|p2a: Oricorio|Revelation Dance|p1a: Gardevoir\n|-supereffective|p1a: Gardevoir\n|-damage|p1a: Gardevoir|0 fnt\n|faint|p1a: Gardevoir\n|\n|upkeep\n|\n|t:|1728396494\n|switch|p1a: Iron Moth|Iron Moth, L78|119/253\n|turn|33\n|inactive|Chiori Mikami has 90 seconds left.\n|inactive|Chiori Mikami has 60 seconds left.\n|j| newbs001\n|\n|t:|1728396547\n|move|p2a: Oricorio|Revelation Dance|p1a: Iron Moth\n|-damage|p1a: Iron Moth|0 fnt\n|faint|p1a: Iron Moth\n|-end|p1a: Iron Moth|Quark Drive|[silent]\n|\n|win|Chiori Mikami\n|raw|YveltalNL's rating: 2442 &rarr; <strong>2416</strong><br />(-26 for losing)\n|raw|Chiori Mikami's rating: 2339 &rarr; <strong>2365</strong><br />(+26 for winning)\n|l|\u2606YveltalNL\n|player|p1|\n", "inputlog": ">version 86ae7daf8e420bb3f6c82a6a988ddcc1b1aa7e58\n>start {\"formatid\":\"gen9randombattle\",\"seed\":[32670,60301,5032,8107],\"rated\":\"Rated battle\"}\n>player p1 {\"name\":\"YveltalNL\",\"avatar\":\"#yveltalnl\",\"rating\":2442,\"seed\":[9544,60618,58120,8358]}\n>player p2 {\"name\":\"Chiori Mikami\",\"avatar\":\"#rbtt7teamrayquazaf\",\"rating\":2339,\"seed\":[43519,3483,1071,8193]}\n>p1 switch 4\n>p2 move coil\n>p1 move knockoff\n>p2 move firepunch\n>p1 move bodypress\n>p2 move firepunch\n>p1 move woodhammer\n>p2 move drainpunch\n>p1 switch 4\n>p1 move moonblast\n>p2 move supercellslam\n>p2 switch 6\n>p1 switch 5\n>p2 move overheat\n>p1 move fireblast\n>p2 switch 5\n>p1 move fireblast\n>p2 move uturn\n>p2 switch 2\n>p1 switch 3\n>p2 move leechseed\n>p1 move dazzlinggleam\n>p2 move dracometeor\n>p1 move voltswitch\n>p2 move leechseed\n>p1 switch 5\n>p1 move moonblast\n>p2 switch 5\n>p1 switch 5\n>p2 move overheat\n>p1 switch 2\n>p1 move calmmind\n>p2 switch 5\n>p1 move substitute\n>p2 move dracometeor\n>p1 move substitute\n>p2 move dracometeor\n>p1 move substitute terastallize\n>p2 switch 2\n>p1 move electrodrift\n>p2 switch 2\n>p1 move calmmind\n>p2 move dracometeor\n>p1 move dracometeor\n>p2 move dracometeor\n>p2 switch 2\n>p1 move electrodrift\n>p2 move uturn\n>p2 switch 5\n>p1 move calmmind\n>p2 move flamethrower\n>p1 move calmmind\n>p2 move flamethrower\n>p1 move calmmind\n>p2 move flamethrower\n>p1 move substitute\n>p2 move flamethrower\n>p1 move dracometeor\n>p2 switch 5\n>chat \u2606YveltalNL|hey man i thought we agreed no maxrolls\n>p2 switch 5\n>p1 move dracometeor\n>p2 move flamethrower\n>p1 switch 5\n>p1 move moonblast\n>p2 move flamethrower\n>p2 switch 4\n>chat  waanzinkat|whats a maxroll?\n>p1 switch 6\n>p2 move quiverdance\n>chat \u2606YveltalNL|every move can do differing amounts of damage\n>chat \u2606YveltalNL|so like\n>chat \u2606YveltalNL|+1 Lvl 65 84 SpA Tera Electric Miraidon Draco Meteor vs. Lvl 91 84 HP / 84 SpD Scovillain: 177-208 (66.5 - 78.1%) -- guaranteed 2HKO\n>chat \u2606YveltalNL|for example\n>chat  waanzinkat|you guys calculate tht for every attack?\n>chat \u2606YveltalNL|for that flamethrower, he needed to get the highest possible damage the flamethrower could do\n>chat \u2606YveltalNL|or it would not break the sub\n>chat \u2606YveltalNL|not every move no\n>p1 move knockoff\n>p2 move revelationdance\n>p1 move knockoff\n>p2 move revelationdance\n>p1 switch 6\n>chat  waanzinkat|veel plezier\n>chat \u2606YveltalNL|well that sucked gg\n>chat \u2606Chiori Mikami|last was glastrier\n>chat \u2606YveltalNL|yeah if you don't get the roll i might have a chance\n>chat \u2606Chiori Mikami|yeah definetely\n>chat \u2606YveltalNL|why not go glastrier on miraidon\n>p1 move moonblast\n>p2 move revelationdance\n>p1 switch 3\n>p1 move fireblast\n>p2 move revelationdance", "uploadtime": 1728396558, "views": 72, "formatid": "gen9randombattle", "rating": 2365, "private": 0, "password": null}