{"id": "gen9randombattle-2259798910", "format": "[Gen 9] Random Battle", "players": ["Frikipulpo", "Warhammer66!"], "log": "|j|\u2606Frikipulpo\n|j|\u2606Warhammer66!\n|t:|1733767853\n|gametype|singles\n|player|p1|Frikipulpo|benga|1534\n|player|p2|Warhammer66!|2|1541\n|teamsize|p1|6\n|teamsize|p2|6\n|gen|9\n|tier|[Gen 9] Random Battle\n|rated|\n|rule|Species Clause: Limit one of each Pok\u00e9mon\n|rule|HP Percentage Mod: HP is shown in percentages\n|rule|Sleep Clause Mod: Limit one foe put to sleep\n|rule|Illusion Level Mod: Illusion disguises the Pok\u00e9mon's true level\n|\n|t:|1733767853\n|start\n|switch|p1a: Sableye|Sableye, L89, M|234/234\n|switch|p2a: Coalossal|Coalossal, L89, M|341/341\n|turn|1\n|inactive|Battle timer is ON: inactive players will automatically lose when time's up. (requested by Warhammer66!)\n|\n|t:|1733767872\n|switch|p1a: Keldeo|Keldeo-Resolute, L79|273/273\n|move|p2a: Coalossal|Will-O-Wisp|p1a: Keldeo\n|-status|p1a: Keldeo|brn\n|\n|-damage|p1a: Keldeo|256/273 brn|[from] brn\n|upkeep\n|turn|2\n|\n|t:|1733767888\n|switch|p2a: Mismagius|Mismagius, L86, F|243/243\n|move|p1a: Keldeo|Substitute|p1a: Keldeo\n|-start|p1a: Keldeo|Substitute\n|-damage|p1a: Keldeo|188/273 brn\n|\n|-heal|p1a: Keldeo|205/273 brn|[from] item: Leftovers\n|-damage|p1a: Keldeo|188/273 brn|[from] brn\n|upkeep\n|turn|3\n|\n|t:|1733767902\n|move|p2a: Mismagius|Shadow Ball|p1a: Keldeo\n|-end|p1a: Keldeo|Substitute\n|move|p1a: Keldeo|Hydro Pump|p2a: Mismagius\n|-damage|p2a: Mismagius|132/243\n|\n|-heal|p2a: Mismagius|147/243|[from] item: Leftovers\n|-heal|p1a: Keldeo|205/273 brn|[from] item: Leftovers\n|-damage|p1a: Keldeo|188/273 brn|[from] brn\n|upkeep\n|turn|4\n|\n|t:|1733767918\n|switch|p1a: Overqwil|Overqwil, L82, F|274/274\n|-ability|p1a: Overqwil|Intimidate|boost\n|-unboost|p2a: Mismagius|atk|1\n|move|p2a: Mismagius|Dazzling Gleam|p1a: Overqwil\n|-damage|p1a: Overqwil|186/274\n|\n|-heal|p2a: Mismagius|162/243|[from] item: Leftovers\n|upkeep\n|turn|5\n|\n|t:|1733767942\n|switch|p2a: Coalossal|Coalossal, L89, M|341/341\n|move|p1a: Overqwil|Crunch|p2a: Coalossal\n|-damage|p2a: Coalossal|278/341\n|\n|upkeep\n|turn|6\n|\n|t:|1733767954\n|switch|p1a: Keldeo|Keldeo-Resolute, L79|188/273 brn\n|move|p2a: Coalossal|Overheat|p1a: Keldeo\n|-resisted|p1a: Keldeo\n|-damage|p1a: Keldeo|114/273 brn\n|-unboost|p2a: Coalossal|spa|2\n|\n|-heal|p1a: Keldeo|131/273 brn|[from] item: Leftovers\n|-damage|p1a: Keldeo|114/273 brn|[from] brn\n|upkeep\n|turn|7\n|inactive|Warhammer66! has 120 seconds left.\n|\n|t:|1733767977\n|switch|p2a: Mismagius|Mismagius, L86, F|162/243\n|move|p1a: Keldeo|Hydro Pump|p2a: Mismagius\n|-damage|p2a: Mismagius|47/243\n|\n|-heal|p2a: Mismagius|62/243|[from] item: Leftovers\n|-heal|p1a: Keldeo|131/273 brn|[from] item: Leftovers\n|-damage|p1a: Keldeo|114/273 brn|[from] brn\n|upkeep\n|turn|8\n|inactive|Warhammer66! has 120 seconds left.\n|\n|t:|1733767988\n|switch|p1a: Overqwil|Overqwil, L82, F|186/274\n|-ability|p1a: Overqwil|Intimidate|boost\n|-unboost|p2a: Mismagius|atk|1\n|move|p2a: Mismagius|Dazzling Gleam|p1a: Overqwil\n|-damage|p1a: Overqwil|104/274\n|\n|-heal|p2a: Mismagius|77/243|[from] item: Leftovers\n|upkeep\n|turn|9\n|inactive|Warhammer66! has 120 seconds left.\n|inactive|Frikipulpo has 120 seconds left.\n|\n|t:|1733768028\n|switch|p2a: Coalossal|Coalossal, L89, M|278/341\n|move|p1a: Overqwil|Crunch|p2a: Coalossal\n|-damage|p2a: Coalossal|209/341\n|\n|upkeep\n|turn|10\n|inactive|Warhammer66! has 120 seconds left.\n|\n|t:|1733768047\n|switch|p1a: Keldeo|Keldeo-Resolute, L79|114/273 brn\n|move|p2a: Coalossal|Overheat|p1a: Keldeo\n|-resisted|p1a: Keldeo\n|-damage|p1a: Keldeo|48/273 brn\n|-unboost|p2a: Coalossal|spa|2\n|\n|-heal|p1a: Keldeo|65/273 brn|[from] item: Leftovers\n|-damage|p1a: Keldeo|48/273 brn|[from] brn\n|upkeep\n|turn|11\n|\n|t:|1733768058\n|move|p1a: Keldeo|Hydro Pump|p2a: Coalossal\n|-supereffective|p2a: Coalossal\n|-damage|p2a: Coalossal|0 fnt\n|faint|p2a: Coalossal\n|\n|-heal|p1a: Keldeo|65/273 brn|[from] item: Leftovers\n|-damage|p1a: Keldeo|48/273 brn|[from] brn\n|upkeep\n|\n|t:|1733768068\n|switch|p2a: Mismagius|Mismagius, L86, F|77/243\n|turn|12\n|\n|t:|1733768075\n|move|p2a: Mismagius|Dazzling Gleam|p1a: Keldeo\n|-supereffective|p1a: Keldeo\n|-damage|p1a: Keldeo|0 fnt\n|faint|p1a: Keldeo\n|\n|-heal|p2a: Mismagius|92/243|[from] item: Leftovers\n|upkeep\n|inactive|Frikipulpo has 120 seconds left.\n|\n|t:|1733768087\n|switch|p1a: Sableye|Sableye, L89, M|234/234\n|turn|13\n|\n|t:|1733768093\n|switch|p2a: Zangoose|Zangoose, L85, F|263/263\n|move|p1a: Sableye|Thunder Wave|p2a: Zangoose\n|-status|p2a: Zangoose|par\n|\n|upkeep\n|turn|14\n|\n|t:|1733768106\n|move|p1a: Sableye|Knock Off|p2a: Zangoose\n|-damage|p2a: Zangoose|133/263 par\n|-enditem|p2a: Zangoose|Toxic Orb|[from] move: Knock Off|[of] p1a: Sableye\n|move|p2a: Zangoose|Knock Off|p1a: Sableye\n|-damage|p1a: Sableye|141/234\n|-enditem|p1a: Sableye|Leftovers|[from] move: Knock Off|[of] p2a: Zangoose\n|\n|upkeep\n|turn|15\n|inactive|Frikipulpo has 120 seconds left.\n|inactive|Warhammer66! has 120 seconds left.\n|\n|t:|1733768130\n|switch|p1a: Overqwil|Overqwil, L82, F|104/274\n|-ability|p1a: Overqwil|Intimidate|boost\n|-unboost|p2a: Zangoose|atk|1\n|switch|p2a: Brute Bonnet|Brute Bonnet, L81|312/312\n|\n|upkeep\n|turn|16\n|\n|t:|1733768139\n|move|p1a: Overqwil|Gunk Shot|p2a: Brute Bonnet\n|-supereffective|p2a: Brute Bonnet\n|-damage|p2a: Brute Bonnet|36/312\n|move|p2a: Brute Bonnet|Spore|p1a: Overqwil\n|-status|p1a: Overqwil|slp|[from] move: Spore\n|\n|-heal|p2a: Brute Bonnet|55/312|[from] item: Leftovers\n|upkeep\n|turn|17\n|\n|t:|1733768149\n|cant|p1a: Overqwil|slp\n|move|p2a: Brute Bonnet|Close Combat|p1a: Overqwil\n|-damage|p1a: Overqwil|7/274 slp\n|-unboost|p2a: Brute Bonnet|def|1\n|-unboost|p2a: Brute Bonnet|spd|1\n|\n|-heal|p2a: Brute Bonnet|74/312|[from] item: Leftovers\n|upkeep\n|turn|18\n|inactive|Frikipulpo has 120 seconds left.\n|\n|t:|1733768193\n|move|p2a: Brute Bonnet|Sucker Punch|p1a: Overqwil\n|-resisted|p1a: Overqwil\n|-damage|p1a: Overqwil|0 fnt\n|faint|p1a: Overqwil\n|\n|-heal|p2a: Brute Bonnet|93/312|[from] item: Leftovers\n|upkeep\n|\n|t:|1733768203\n|switch|p1a: Breloom|Breloom, L82, M|233/233\n|turn|19\n|\n|t:|1733768216\n|move|p1a: Breloom|Rock Tomb|p2a: Brute Bonnet\n|-damage|p2a: Brute Bonnet|0 fnt\n|faint|p2a: Brute Bonnet\n|-end|p2a: Brute Bonnet|Protosynthesis|[silent]\n|-damage|p1a: Breloom|210/233|[from] item: Life Orb\n|\n|upkeep\n|\n|t:|1733768227\n|switch|p2a: Mismagius|Mismagius, L86, F|92/243\n|turn|20\n|inactive|Frikipulpo has 120 seconds left.\n|\n|t:|1733768246\n|switch|p1a: Froslass|Froslass, L87, F|263/263\n|move|p2a: Mismagius|Dazzling Gleam|p1a: Froslass\n|-damage|p1a: Froslass|196/263\n|-start|p2a: Mismagius|Disable|Dazzling Gleam|[from] ability: Cursed Body|[of] p1a: Froslass\n|\n|-heal|p2a: Mismagius|107/243|[from] item: Leftovers\n|upkeep\n|turn|21\n|inactive|Frikipulpo has 120 seconds left.\n|\n|t:|1733768271\n|switch|p2a: Zangoose|Zangoose, L85, F|133/263 par\n|move|p1a: Froslass|Triple Axel|p2a: Zangoose\n|-damage|p2a: Zangoose|108/263 par\n|-damage|p2a: Zangoose|54/263 par\n|-damage|p2a: Zangoose|0 fnt\n|faint|p2a: Zangoose\n|-hitcount|p2: Zangoose|3\n|\n|upkeep\n|inactive|Warhammer66! has 120 seconds left.\n|\n|t:|1733768295\n|switch|p2a: Sneasler|Sneasler, L74, F|240/240\n|turn|22\n|inactive|Warhammer66! has 120 seconds left.\n|\n|t:|1733768305\n|move|p1a: Froslass|Will-O-Wisp|p2a: Sneasler\n|-status|p2a: Sneasler|brn\n|move|p2a: Sneasler|Throat Chop|p1a: Froslass\n|-supereffective|p1a: Froslass\n|-damage|p1a: Froslass|96/263\n|-start|p1a: Froslass|Throat Chop|[silent]\n|-start|p2a: Sneasler|Disable|Throat Chop|[from] ability: Cursed Body|[of] p1a: Froslass\n|\n|-damage|p2a: Sneasler|225/240 brn|[from] brn\n|upkeep\n|turn|23\n|inactive|Warhammer66! has 120 seconds left.\n|inactive|Frikipulpo has 120 seconds left.\n|\n|t:|1733768325\n|switch|p1a: Breloom|Breloom, L82, M|210/233\n|switch|p2a: Mismagius|Mismagius, L86, F|107/243\n|\n|-heal|p2a: Mismagius|122/243|[from] item: Leftovers\n|upkeep\n|turn|24\n|inactive|Frikipulpo has 120 seconds left.\n|inactive|Warhammer66! has 120 seconds left.\n|\n|t:|1733768337\n|move|p2a: Mismagius|Dazzling Gleam|p1a: Breloom\n|-supereffective|p1a: Breloom\n|-damage|p1a: Breloom|50/233\n|move|p1a: Breloom|Rock Tomb|p2a: Mismagius\n|-damage|p2a: Mismagius|0 fnt\n|faint|p2a: Mismagius\n|-damage|p1a: Breloom|27/233|[from] item: Life Orb\n|\n|upkeep\n|\n|t:|1733768348\n|switch|p2a: Sneasler|Sneasler, L74, F|225/240 brn\n|turn|25\n|\n|t:|1733768357\n|move|p2a: Sneasler|Dire Claw|p1a: Breloom\n|-supereffective|p1a: Breloom\n|-damage|p1a: Breloom|0 fnt\n|faint|p1a: Breloom\n|\n|-damage|p2a: Sneasler|210/240 brn|[from] brn\n|upkeep\n|inactive|Frikipulpo has 120 seconds left.\n|\n|t:|1733768372\n|switch|p1a: Sableye|Sableye, L89, M|141/234\n|turn|26\n|inactive|Frikipulpo has 120 seconds left.\n|\n|t:|1733768399\n|-terastallize|p1a: Sableye|Steel\n|move|p2a: Sneasler|Dire Claw|p1a: Sableye\n|-immune|p1a: Sableye\n|move|p1a: Sableye|Knock Off|p2a: Sneasler\n|-resisted|p2a: Sneasler\n|-damage|p2a: Sneasler|138/240 brn\n|-enditem|p2a: Sneasler|Choice Band|[from] move: Knock Off|[of] p1a: Sableye\n|\n|-damage|p2a: Sneasler|123/240 brn|[from] brn\n|upkeep\n|turn|27\n|\n|t:|1733768413\n|move|p1a: Sableye|Encore|p2a: Sneasler\n|-start|p2a: Sneasler|Encore\n|move|p2a: Sneasler|Dire Claw|p1a: Sableye\n|-immune|p1a: Sableye\n|\n|-damage|p2a: Sneasler|108/240 brn|[from] brn\n|upkeep\n|turn|28\n|\n|t:|1733768421\n|switch|p2a: Zacian|Zacian, L69|241/241\n|-ability|p2a: Zacian|Intrepid Sword|boost\n|-boost|p2a: Zacian|atk|1\n|move|p1a: Sableye|Knock Off|p2a: Zacian\n|-resisted|p2a: Zacian\n|-damage|p2a: Zacian|193/241\n|-enditem|p2a: Zacian|Life Orb|[from] move: Knock Off|[of] p1a: Sableye\n|\n|upkeep\n|turn|29\n|inactive|Frikipulpo has 120 seconds left.\n|\n|t:|1733768437\n|switch|p1a: Froslass|Froslass, L87, F|96/263\n|move|p2a: Zacian|Close Combat|p1a: Froslass\n|-immune|p1a: Froslass\n|\n|upkeep\n|turn|30\n|\n|t:|1733768445\n|move|p1a: Froslass|Will-O-Wisp|p2a: Zacian\n|-status|p2a: Zacian|brn\n|move|p2a: Zacian|Play Rough|p1a: Froslass\n|-damage|p1a: Froslass|28/263\n|-unboost|p1a: Froslass|atk|1\n|\n|-damage|p2a: Zacian|178/241 brn|[from] brn\n|upkeep\n|turn|31\n|\n|t:|1733768455\n|move|p1a: Froslass|Triple Axel|p2a: Zacian\n|-damage|p2a: Zacian|163/241 brn\n|-damage|p2a: Zacian|135/241 brn\n|-damage|p2a: Zacian|98/241 brn\n|-hitcount|p2a: Zacian|3\n|move|p2a: Zacian|Play Rough|p1a: Froslass\n|-damage|p1a: Froslass|0 fnt\n|faint|p1a: Froslass\n|\n|-damage|p2a: Zacian|83/241 brn|[from] brn\n|upkeep\n|\n|t:|1733768464\n|switch|p1a: Sableye|Sableye, L89, M, tera:Steel|141/234\n|turn|32\n|\n|t:|1733768479\n|move|p1a: Sableye|Encore|p2a: Zacian\n|-start|p2a: Zacian|Encore\n|move|p2a: Zacian|Play Rough|p1a: Sableye\n|-resisted|p1a: Sableye\n|-damage|p1a: Sableye|109/234\n|\n|-damage|p2a: Zacian|68/241 brn|[from] brn\n|upkeep\n|turn|33\n|\n|t:|1733768488\n|switch|p2a: Sneasler|Sneasler, L74, F|108/240 brn\n|move|p1a: Sableye|Recover|p1a: Sableye\n|-heal|p1a: Sableye|226/234\n|\n|-damage|p2a: Sneasler|93/240 brn|[from] brn\n|upkeep\n|turn|34\n|inactive|Frikipulpo has 120 seconds left.\n|\n|t:|1733768542\n|switch|p1a: Iron Boulder|Iron Boulder, L77|265/265\n|-terastallize|p2a: Sneasler|Fighting\n|move|p2a: Sneasler|Close Combat|p1a: Iron Boulder\n|-damage|p1a: Iron Boulder|168/265\n|-unboost|p2a: Sneasler|def|1\n|-unboost|p2a: Sneasler|spd|1\n|\n|-damage|p2a: Sneasler|78/240 brn|[from] brn\n|upkeep\n|turn|35\n|\n|t:|1733768569\n|move|p1a: Iron Boulder|Zen Headbutt|p2a: Sneasler|[miss]\n|-miss|p1a: Iron Boulder|p2a: Sneasler\n|move|p2a: Sneasler|Close Combat|p1a: Iron Boulder\n|-damage|p1a: Iron Boulder|68/265\n|-unboost|p2a: Sneasler|def|1\n|-unboost|p2a: Sneasler|spd|1\n|-status|p1a: Iron Boulder|psn|[from] ability: Poison Touch|[of] p2a: Sneasler\n|\n|-damage|p1a: Iron Boulder|35/265 psn|[from] psn\n|-damage|p2a: Sneasler|63/240 brn|[from] brn\n|upkeep\n|turn|36\n|\n|t:|1733768583\n|move|p1a: Iron Boulder|Mighty Cleave|p2a: Sneasler\n|-resisted|p2a: Sneasler\n|-damage|p2a: Sneasler|0 fnt\n|faint|p2a: Sneasler\n|-damage|p1a: Iron Boulder|9/265 psn|[from] item: Life Orb\n|\n|-damage|p1a: Iron Boulder|0 fnt|[from] psn\n|faint|p1a: Iron Boulder\n|-end|p1a: Iron Boulder|Quark Drive|[silent]\n|upkeep\n|\n|t:|1733768593\n|switch|p1a: Sableye|Sableye, L89, M, tera:Steel|226/234\n|switch|p2a: Zacian|Zacian, L69|68/241 brn\n|turn|37\n|inactive|Frikipulpo has 120 seconds left.\n|\n|t:|1733768619\n|move|p2a: Zacian|Close Combat|p1a: Sableye\n|-supereffective|p1a: Sableye\n|-damage|p1a: Sableye|159/234\n|-unboost|p2a: Zacian|def|1\n|-unboost|p2a: Zacian|spd|1\n|move|p1a: Sableye|Knock Off|p2a: Zacian\n|-resisted|p2a: Zacian\n|-damage|p2a: Zacian|24/241 brn\n|\n|-damage|p2a: Zacian|9/241 brn|[from] brn\n|upkeep\n|turn|38\n|-message|Warhammer66! forfeited.\n|\n|win|Frikipulpo\n|raw|Frikipulpo's rating: 1534 &rarr; <strong>1554</strong><br />(+20 for winning)\n|raw|Warhammer66!'s rating: 1541 &rarr; <strong>1521</strong><br />(-20 for losing)\n|l|\u2606Warhammer66!\n|player|p2|\n", "inputlog": ">version bfd83cad13791eb5a5a409923076391caf6fb4d4\n>start {\"formatid\":\"gen9randombattle\",\"seed\":[44131,1310,8474,8001],\"rated\":\"Rated battle\"}\n>player p1 {\"name\":\"Frikipulpo\",\"avatar\":\"benga\",\"rating\":1534,\"seed\":[62994,20004,26051,3065]}\n>player p2 {\"name\":\"Warhammer66!\",\"avatar\":\"2\",\"rating\":1541,\"seed\":[2891,30092,55451,19531]}\n>p1 switch 2\n>p2 move willowisp\n>p1 move substitute\n>p2 switch 3\n>p1 move hydropump\n>p2 move shadowball\n>p1 switch 4\n>p2 move dazzlinggleam\n>p1 move crunch\n>p2 switch 3\n>p1 switch 4\n>p2 move overheat\n>p1 move hydropump\n>p2 switch 3\n>p1 switch 4\n>p2 move dazzlinggleam\n>p1 move crunch\n>p2 switch 3\n>p1 switch 4\n>p2 move overheat\n>p1 move hydropump\n>p2 move stoneedge\n>p2 switch 3\n>p1 move hydropump\n>p2 move dazzlinggleam\n>p1 switch 2\n>p1 move thunderwave\n>p2 switch 4\n>p1 move knockoff\n>p2 move knockoff\n>p1 switch 4\n>p2 switch 5\n>p1 move gunkshot\n>p2 move spore\n>p1 move scaleshot\n>p2 move closecombat\n>p1 move crunch\n>p2 move suckerpunch\n>p1 switch 5\n>p1 move rocktomb\n>p2 move closecombat\n>p2 switch 4\n>p1 switch 6\n>p2 move dazzlinggleam\n>p1 move tripleaxel\n>p2 switch 5\n>p2 switch 2\n>p1 move willowisp\n>p2 move throatchop\n>p1 switch 6\n>p2 switch 5\n>p1 move rocktomb\n>p2 move dazzlinggleam\n>p2 switch 5\n>p1 move rocktomb\n>p2 move direclaw\n>p1 switch 4\n>p1 move knockoff terastallize\n>p2 move direclaw\n>p1 move encore\n>p2 move closecombat\n>p1 move knockoff\n>p2 switch 6\n>p1 switch 6\n>p2 move closecombat\n>p1 move willowisp\n>p2 move playrough\n>p1 move tripleaxel\n>p2 move playrough\n>p1 switch 6\n>p1 move encore\n>p2 move swordsdance\n>p1 move recover\n>p2 switch 6\n>p1 switch 3\n>p2 move closecombat terastallize\n>p1 move zenheadbutt\n>p2 move closecombat\n>p1 move mightycleave\n>p2 move uturn\n>p1 switch 3\n>p2 switch 6\n>p1 move knockoff\n>p2 move closecombat\n>forcelose p2", "uploadtime": 1733768636, "views": 1, "formatid": "gen9randombattle", "rating": 1521, "private": 0, "password": null}