{"id": "gen9randombattle-2260854284", "format": "[Gen 9] Random Battle", "players": ["gen3333333", "NexusAS"], "log": "|j|\u2606gen3333333\n|j|\u2606NexusAS\n|t:|1733904756\n|gametype|singles\n|player|p1|gen3333333|dawn|2011\n|player|p2|NexusAS|red-masters|2078\n|teamsize|p1|6\n|teamsize|p2|6\n|gen|9\n|tier|[Gen 9] Random Battle\n|rated|\n|rule|Species Clause: Limit one of each Pok\u00e9mon\n|rule|HP Percentage Mod: HP is shown in percentages\n|rule|Sleep Clause Mod: Limit one foe put to sleep\n|rule|Illusion Level Mod: Illusion disguises the Pok\u00e9mon's true level\n|\n|t:|1733904756\n|start\n|switch|p1a: Comfey|Comfey, L85, M|225/225\n|switch|p2a: Palafin|Palafin, L77, F|281/281\n|turn|1\n|inactive|Battle timer is ON: inactive players will automatically lose when time's up. (requested by NexusAS)\n|inactive|gen3333333 also wants the timer to be on.\n|\n|t:|1733904771\n|detailschange|p2a: Palafin|Palafin-Hero, L77, F\n|switch|p2a: Regice|Regice, L88|284/284\n|move|p1a: Comfey|Calm Mind|p1a: Comfey\n|-boost|p1a: Comfey|spa|1\n|-boost|p1a: Comfey|spd|1\n|\n|upkeep\n|turn|2\n|\n|t:|1733904786\n|move|p1a: Comfey|Calm Mind|p1a: Comfey\n|-boost|p1a: Comfey|spa|1\n|-boost|p1a: Comfey|spd|1\n|move|p2a: Regice|Thunder Wave|p1a: Comfey\n|-status|p1a: Comfey|par\n|\n|upkeep\n|turn|3\n|\n|t:|1733904804\n|move|p2a: Regice|Ice Beam|p1a: Comfey\n|-damage|p1a: Comfey|183/225 par\n|move|p1a: Comfey|Calm Mind|p1a: Comfey\n|-boost|p1a: Comfey|spa|1\n|-boost|p1a: Comfey|spd|1\n|\n|-heal|p1a: Comfey|197/225 par|[from] item: Leftovers\n|upkeep\n|turn|4\n|\n|t:|1733904813\n|move|p2a: Regice|Ice Beam|p1a: Comfey\n|-damage|p1a: Comfey|163/225 par\n|move|p1a: Comfey|Calm Mind|p1a: Comfey\n|-boost|p1a: Comfey|spa|1\n|-boost|p1a: Comfey|spd|1\n|\n|-heal|p1a: Comfey|177/225 par|[from] item: Leftovers\n|upkeep\n|turn|5\n|\n|t:|1733904823\n|move|p2a: Regice|Ice Beam|p1a: Comfey\n|-damage|p1a: Comfey|147/225 par\n|move|p1a: Comfey|Calm Mind|p1a: Comfey\n|-boost|p1a: Comfey|spa|1\n|-boost|p1a: Comfey|spd|1\n|\n|-heal|p1a: Comfey|161/225 par|[from] item: Leftovers\n|upkeep\n|turn|6\n|\n|t:|1733904837\n|move|p2a: Regice|Ice Beam|p1a: Comfey\n|-damage|p1a: Comfey|133/225 par\n|move|p1a: Comfey|Calm Mind|p1a: Comfey\n|-boost|p1a: Comfey|spa|1\n|-boost|p1a: Comfey|spd|1\n|\n|-heal|p1a: Comfey|147/225 par|[from] item: Leftovers\n|upkeep\n|turn|7\n|\n|t:|1733904854\n|cant|p1a: Comfey|par\n|move|p2a: Regice|Ice Beam|p1a: Comfey\n|-damage|p1a: Comfey|123/225 par\n|\n|-heal|p1a: Comfey|137/225 par|[from] item: Leftovers\n|upkeep\n|turn|8\n|\n|t:|1733904862\n|move|p1a: Comfey|Draining Kiss|p2a: Regice\n|-damage|p2a: Regice|188/284\n|-heal|p1a: Comfey|209/225 par|[from] drain|[of] p2a: Regice\n|move|p2a: Regice|Ice Beam|p1a: Comfey\n|-damage|p1a: Comfey|185/225 par\n|\n|-heal|p1a: Comfey|199/225 par|[from] item: Leftovers\n|upkeep\n|turn|9\n|\n|t:|1733904874\n|move|p2a: Regice|Ice Beam|p1a: Comfey\n|-damage|p1a: Comfey|178/225 par\n|cant|p1a: Comfey|par\n|\n|-heal|p1a: Comfey|192/225 par|[from] item: Leftovers\n|upkeep\n|turn|10\n|\n|t:|1733904885\n|move|p2a: Regice|Ice Beam|p1a: Comfey\n|-damage|p1a: Comfey|168/225 par\n|move|p1a: Comfey|Stored Power|p2a: Regice\n|-damage|p2a: Regice|0 fnt\n|faint|p2a: Regice\n|\n|-heal|p1a: Comfey|182/225 par|[from] item: Leftovers\n|upkeep\n|\n|t:|1733904901\n|switch|p2a: Florges|Florges-Blue, L85, F|271/271\n|turn|11\n|\n|t:|1733904905\n|-terastallize|p2a: Florges|Steel\n|cant|p1a: Comfey|par\n|move|p2a: Florges|Calm Mind|p2a: Florges\n|-boost|p2a: Florges|spa|1\n|-boost|p2a: Florges|spd|1\n|\n|-heal|p1a: Comfey|196/225 par|[from] item: Leftovers\n|upkeep\n|turn|12\n|\n|t:|1733904927\n|switch|p1a: Plusle|Plusle, L95, M|268/268\n|move|p2a: Florges|Calm Mind|p2a: Florges\n|-boost|p2a: Florges|spa|1\n|-boost|p2a: Florges|spd|1\n|\n|upkeep\n|turn|13\n|\n|t:|1733904935\n|switch|p2a: Palossand|Palossand, L89, F|296/296\n|move|p1a: Plusle|Encore||[still]\n|-fail|p1a: Plusle\n|\n|upkeep\n|turn|14\n|\n|t:|1733904947\n|switch|p1a: Comfey|Comfey, L85, M|196/225 par\n|move|p2a: Palossand|Stealth Rock|p1a: Comfey\n|-sidestart|p1: gen3333333|move: Stealth Rock\n|\n|-heal|p1a: Comfey|210/225 par|[from] item: Leftovers\n|upkeep\n|turn|15\n|\n|t:|1733904955\n|switch|p2a: Florges|Florges-Blue, L85, F, tera:Steel|271/271\n|cant|p1a: Comfey|par\n|\n|-heal|p1a: Comfey|224/225 par|[from] item: Leftovers\n|upkeep\n|turn|16\n|\n|t:|1733904965\n|switch|p1a: Sudowoodo|Sudowoodo, L94, M|284/284\n|-damage|p1a: Sudowoodo|249/284|[from] Stealth Rock\n|move|p2a: Florges|Moonblast|p1a: Sudowoodo\n|-damage|p1a: Sudowoodo|129/284\n|\n|-heal|p1a: Sudowoodo|146/284|[from] item: Leftovers\n|upkeep\n|turn|17\n|\n|t:|1733904979\n|move|p2a: Florges|Moonblast|p1a: Sudowoodo\n|-damage|p1a: Sudowoodo|23/284\n|move|p1a: Sudowoodo|Stealth Rock|p2a: Florges\n|-sidestart|p2: NexusAS|move: Stealth Rock\n|\n|-heal|p1a: Sudowoodo|40/284|[from] item: Leftovers\n|upkeep\n|turn|18\n|\n|t:|1733904987\n|move|p2a: Florges|Moonblast|p1a: Sudowoodo\n|-damage|p1a: Sudowoodo|0 fnt\n|faint|p1a: Sudowoodo\n|\n|upkeep\n|\n|t:|1733904993\n|switch|p1a: Copperajah|Copperajah, L86, F|350/350\n|-damage|p1a: Copperajah|329/350|[from] Stealth Rock\n|turn|19\n|\n|t:|1733905000\n|switch|p2a: Palossand|Palossand, L89, F|296/296\n|-damage|p2a: Palossand|278/296|[from] Stealth Rock\n|move|p1a: Copperajah|Superpower|p2a: Palossand\n|-immune|p2a: Palossand\n|\n|-heal|p2a: Palossand|296/296|[from] item: Leftovers\n|upkeep\n|turn|20\n|\n|t:|1733905017\n|switch|p1a: Articuno|Articuno-Galar, L84|288/288\n|move|p2a: Palossand|Earth Power|p1a: Articuno\n|-immune|p1a: Articuno\n|\n|upkeep\n|turn|21\n|\n|t:|1733905028\n|switch|p1a: Copperajah|Copperajah, L86, F|329/350\n|-damage|p1a: Copperajah|308/350|[from] Stealth Rock\n|move|p2a: Palossand|Shadow Ball|p1a: Copperajah\n|-damage|p1a: Copperajah|190/350\n|-unboost|p1a: Copperajah|spd|1\n|\n|upkeep\n|turn|22\n|inactive|gen3333333 has 120 seconds left.\n|\n|t:|1733905075\n|switch|p1a: Comfey|Comfey, L85, M|224/225 par\n|-damage|p1a: Comfey|196/225 par|[from] Stealth Rock\n|move|p2a: Palossand|Earth Power|p1a: Comfey\n|-damage|p1a: Comfey|109/225 par\n|\n|-heal|p1a: Comfey|123/225 par|[from] item: Leftovers\n|upkeep\n|turn|23\n|\n|t:|1733905090\n|switch|p2a: Florges|Florges-Blue, L85, F, tera:Steel|271/271\n|-damage|p2a: Florges|255/271|[from] Stealth Rock\n|move|p1a: Comfey|Draining Kiss|p2a: Florges\n|-resisted|p2a: Florges\n|-damage|p2a: Florges|240/271\n|-heal|p1a: Comfey|134/225 par|[from] drain|[of] p2a: Florges\n|\n|-heal|p2a: Florges|256/271|[from] item: Leftovers\n|-heal|p1a: Comfey|148/225 par|[from] item: Leftovers\n|upkeep\n|turn|24\n|\n|t:|1733905106\n|switch|p1a: Mew|Mew, L82|298/298\n|-damage|p1a: Mew|261/298|[from] Stealth Rock\n|move|p2a: Florges|Moonblast|p1a: Mew\n|-damage|p1a: Mew|152/298\n|\n|-heal|p1a: Mew|170/298|[from] item: Leftovers\n|-heal|p2a: Florges|271/271|[from] item: Leftovers\n|upkeep\n|turn|25\n|\n|t:|1733905119\n|switch|p2a: Spiritomb|Spiritomb, L89, M|234/234\n|-damage|p2a: Spiritomb|205/234|[from] Stealth Rock\n|move|p1a: Mew|Knock Off|p2a: Spiritomb\n|-crit|p2a: Spiritomb\n|-damage|p2a: Spiritomb|117/234\n|-enditem|p2a: Spiritomb|Leftovers|[from] move: Knock Off|[of] p1a: Mew\n|\n|-heal|p1a: Mew|188/298|[from] item: Leftovers\n|upkeep\n|turn|26\n|inactive|gen3333333 has 90 seconds left.\n|\n|t:|1733905147\n|move|p1a: Mew|Will-O-Wisp|p2a: Spiritomb\n|-status|p2a: Spiritomb|brn\n|move|p2a: Spiritomb|Poltergeist|p1a: Mew\n|-activate|p1a: Mew|move: Poltergeist|Leftovers\n|-supereffective|p1a: Mew\n|-damage|p1a: Mew|62/298\n|\n|-heal|p1a: Mew|80/298|[from] item: Leftovers\n|-damage|p2a: Spiritomb|103/234 brn|[from] brn\n|upkeep\n|turn|27\n|\n|t:|1733905160\n|switch|p1a: Comfey|Comfey, L85, M|148/225 par\n|-damage|p1a: Comfey|120/225 par|[from] Stealth Rock\n|move|p2a: Spiritomb|Toxic||[still]\n|-fail|p2a: Spiritomb\n|\n|-heal|p1a: Comfey|134/225 par|[from] item: Leftovers\n|-damage|p2a: Spiritomb|89/234 brn|[from] brn\n|upkeep\n|turn|28\n|inactive|gen3333333 has 60 seconds left.\n|\n|t:|1733905201\n|move|p1a: Comfey|Draining Kiss|p2a: Spiritomb\n|-supereffective|p2a: Spiritomb\n|-damage|p2a: Spiritomb|15/234 brn\n|-heal|p1a: Comfey|190/225 par|[from] drain|[of] p2a: Spiritomb\n|move|p2a: Spiritomb|Poltergeist|p1a: Comfey|[miss]\n|-miss|p2a: Spiritomb|p1a: Comfey\n|\n|-heal|p1a: Comfey|204/225 par|[from] item: Leftovers\n|-damage|p2a: Spiritomb|1/234 brn|[from] brn\n|upkeep\n|turn|29\n|\n|t:|1733905221\n|switch|p2a: Florges|Florges-Blue, L85, F, tera:Steel|271/271\n|-damage|p2a: Florges|255/271|[from] Stealth Rock\n|move|p1a: Comfey|Draining Kiss|p2a: Florges\n|-resisted|p2a: Florges\n|-damage|p2a: Florges|240/271\n|-heal|p1a: Comfey|215/225 par|[from] drain|[of] p2a: Florges\n|\n|-heal|p2a: Florges|256/271|[from] item: Leftovers\n|-heal|p1a: Comfey|225/225 par|[from] item: Leftovers\n|upkeep\n|turn|30\n|\n|t:|1733905233\n|switch|p1a: Plusle|Plusle, L95, M|268/268\n|-damage|p1a: Plusle|235/268|[from] Stealth Rock\n|move|p2a: Florges|Moonblast|p1a: Plusle\n|-damage|p1a: Plusle|112/268\n|\n|-heal|p2a: Florges|271/271|[from] item: Leftovers\n|upkeep\n|turn|31\n|inactive|gen3333333 has 30 seconds left.\n|\n|t:|1733905257\n|move|p1a: Plusle|Thunderbolt|p2a: Florges\n|-damage|p2a: Florges|188/271\n|-damage|p1a: Plusle|86/268|[from] item: Life Orb\n|move|p2a: Florges|Moonblast|p1a: Plusle\n|-damage|p1a: Plusle|0 fnt\n|faint|p1a: Plusle\n|\n|-heal|p2a: Florges|204/271|[from] item: Leftovers\n|upkeep\n|inactive|gen3333333 has 30 seconds left.\n|\n|t:|1733905268\n|switch|p1a: Copperajah|Copperajah, L86, F|190/350\n|-damage|p1a: Copperajah|169/350|[from] Stealth Rock\n|turn|32\n|inactive|gen3333333 has 30 seconds left.\n|\n|t:|1733905273\n|switch|p2a: Spiritomb|Spiritomb, L89, M|1/234 brn\n|-damage|p2a: Spiritomb|0 fnt|[from] Stealth Rock\n|faint|p2a: Spiritomb\n|move|p1a: Copperajah|Iron Head|p2: Spiritomb|[notarget]\n|-fail|p1a: Copperajah\n|\n|upkeep\n|\n|t:|1733905281\n|switch|p2a: Palossand|Palossand, L89, F|296/296\n|-damage|p2a: Palossand|278/296|[from] Stealth Rock\n|turn|33\n|\n|t:|1733905292\n|switch|p1a: Comfey|Comfey, L85, M|225/225 par\n|-damage|p1a: Comfey|197/225 par|[from] Stealth Rock\n|move|p2a: Palossand|Earth Power|p1a: Comfey\n|-damage|p1a: Comfey|110/225 par\n|\n|-heal|p2a: Palossand|296/296|[from] item: Leftovers\n|-heal|p1a: Comfey|124/225 par|[from] item: Leftovers\n|upkeep\n|turn|34\n|inactive|gen3333333 has 30 seconds left.\n|\n|t:|1733905310\n|switch|p2a: Florges|Florges-Blue, L85, F, tera:Steel|204/271\n|-damage|p2a: Florges|188/271|[from] Stealth Rock\n|move|p1a: Comfey|Giga Drain|p2a: Florges\n|-resisted|p2a: Florges\n|-damage|p2a: Florges|173/271\n|-heal|p1a: Comfey|132/225 par|[from] drain|[of] p2a: Florges\n|\n|-heal|p2a: Florges|189/271|[from] item: Leftovers\n|-heal|p1a: Comfey|146/225 par|[from] item: Leftovers\n|upkeep\n|turn|35\n|inactive|gen3333333 has 30 seconds left.\n|\n|t:|1733905322\n|cant|p1a: Comfey|par\n|move|p2a: Florges|Moonblast|p1a: Comfey\n|-damage|p1a: Comfey|52/225 par\n|\n|-heal|p2a: Florges|205/271|[from] item: Leftovers\n|-heal|p1a: Comfey|66/225 par|[from] item: Leftovers\n|upkeep\n|turn|36\n|\n|t:|1733905332\n|move|p1a: Comfey|Draining Kiss|p2a: Florges\n|-resisted|p2a: Florges\n|-damage|p2a: Florges|189/271\n|-heal|p1a: Comfey|78/225 par|[from] drain|[of] p2a: Florges\n|move|p2a: Florges|Calm Mind|p2a: Florges\n|-boost|p2a: Florges|spa|1\n|-boost|p2a: Florges|spd|1\n|\n|-heal|p2a: Florges|205/271|[from] item: Leftovers\n|-heal|p1a: Comfey|92/225 par|[from] item: Leftovers\n|upkeep\n|turn|37\n|\n|t:|1733905344\n|switch|p1a: Mew|Mew, L82|80/298\n|-damage|p1a: Mew|43/298|[from] Stealth Rock\n|move|p2a: Florges|Moonblast|p1a: Mew\n|-damage|p1a: Mew|0 fnt\n|faint|p1a: Mew\n|\n|-heal|p2a: Florges|221/271|[from] item: Leftovers\n|upkeep\n|inactive|gen3333333 has 30 seconds left.\n|\n|t:|1733905354\n|switch|p1a: Copperajah|Copperajah, L86, F|169/350\n|-damage|p1a: Copperajah|148/350|[from] Stealth Rock\n|turn|38\n|\n|t:|1733905362\n|switch|p2a: Palossand|Palossand, L89, F|296/296\n|-damage|p2a: Palossand|278/296|[from] Stealth Rock\n|move|p1a: Copperajah|Superpower|p2a: Palossand\n|-immune|p2a: Palossand\n|\n|-heal|p2a: Palossand|296/296|[from] item: Leftovers\n|upkeep\n|turn|39\n|\n|t:|1733905372\n|move|p2a: Palossand|Earth Power|p1a: Copperajah\n|-supereffective|p1a: Copperajah\n|-damage|p1a: Copperajah|0 fnt\n|faint|p1a: Copperajah\n|\n|upkeep\n|\n|t:|1733905377\n|switch|p1a: Articuno|Articuno-Galar, L84|288/288\n|turn|40\n|\n|t:|1733905383\n|switch|p2a: Florges|Florges-Blue, L85, F, tera:Steel|221/271\n|-damage|p2a: Florges|205/271|[from] Stealth Rock\n|move|p1a: Articuno|Calm Mind|p1a: Articuno\n|-boost|p1a: Articuno|spa|1\n|-boost|p1a: Articuno|spd|1\n|\n|-heal|p2a: Florges|221/271|[from] item: Leftovers\n|upkeep\n|turn|41\n|\n|t:|1733905396\n|move|p1a: Articuno|Calm Mind|p1a: Articuno\n|-boost|p1a: Articuno|spa|1\n|-boost|p1a: Articuno|spd|1\n|move|p2a: Florges|Calm Mind|p2a: Florges\n|-boost|p2a: Florges|spa|1\n|-boost|p2a: Florges|spd|1\n|\n|-heal|p2a: Florges|237/271|[from] item: Leftovers\n|upkeep\n|turn|42\n|\n|t:|1733905406\n|move|p1a: Articuno|Calm Mind|p1a: Articuno\n|-boost|p1a: Articuno|spa|1\n|-boost|p1a: Articuno|spd|1\n|move|p2a: Florges|Calm Mind|p2a: Florges\n|-boost|p2a: Florges|spa|1\n|-boost|p2a: Florges|spd|1\n|\n|-heal|p2a: Florges|253/271|[from] item: Leftovers\n|upkeep\n|turn|43\n|\n|t:|1733905417\n|move|p1a: Articuno|Calm Mind|p1a: Articuno\n|-boost|p1a: Articuno|spa|1\n|-boost|p1a: Articuno|spd|1\n|move|p2a: Florges|Calm Mind|p2a: Florges\n|-boost|p2a: Florges|spa|1\n|-boost|p2a: Florges|spd|1\n|\n|-heal|p2a: Florges|269/271|[from] item: Leftovers\n|upkeep\n|turn|44\n|\n|t:|1733905429\n|move|p1a: Articuno|Calm Mind|p1a: Articuno\n|-boost|p1a: Articuno|spa|1\n|-boost|p1a: Articuno|spd|1\n|move|p2a: Florges|Calm Mind|p2a: Florges\n|-boost|p2a: Florges|spa|1\n|-boost|p2a: Florges|spd|1\n|\n|-heal|p2a: Florges|271/271|[from] item: Leftovers\n|upkeep\n|turn|45\n|\n|t:|1733905443\n|move|p1a: Articuno|Calm Mind|p1a: Articuno\n|-boost|p1a: Articuno|spa|1\n|-boost|p1a: Articuno|spd|1\n|move|p2a: Florges|Calm Mind|p2a: Florges\n|-boost|p2a: Florges|spa|1\n|-boost|p2a: Florges|spd|1\n|\n|upkeep\n|turn|46\n|\n|t:|1733905453\n|-terastallize|p1a: Articuno|Steel\n|move|p1a: Articuno|Freezing Glare|p2a: Florges\n|-resisted|p2a: Florges\n|-damage|p2a: Florges|232/271\n|move|p2a: Florges|Moonblast|p1a: Articuno\n|-resisted|p1a: Articuno\n|-damage|p1a: Articuno|240/288\n|-unboost|p1a: Articuno|spa|1\n|-ability|p1a: Articuno|Competitive|boost\n|-boost|p1a: Articuno|spa|1\n|\n|-heal|p2a: Florges|248/271|[from] item: Leftovers\n|upkeep\n|turn|47\n|\n|t:|1733905473\n|move|p1a: Articuno|Freezing Glare|p2a: Florges\n|-resisted|p2a: Florges\n|-damage|p2a: Florges|208/271\n|move|p2a: Florges|Calm Mind|p2a: Florges\n|-boost|p2a: Florges|spa|1\n|-boost|p2a: Florges|spd|1\n|\n|-heal|p2a: Florges|224/271|[from] item: Leftovers\n|upkeep\n|turn|48\n|\n|t:|1733905482\n|move|p1a: Articuno|Freezing Glare|p2a: Florges\n|-resisted|p2a: Florges\n|-damage|p2a: Florges|184/271\n|move|p2a: Florges|Moonblast|p1a: Articuno\n|-resisted|p1a: Articuno\n|-damage|p1a: Articuno|192/288\n|\n|-heal|p2a: Florges|200/271|[from] item: Leftovers\n|upkeep\n|turn|49\n|inactive|gen3333333 has 30 seconds left.\n|\n|t:|1733905511\n|move|p1a: Articuno|Calm Mind|p1a: Articuno\n|-boost|p1a: Articuno|spa|0\n|-boost|p1a: Articuno|spd|0\n|move|p2a: Florges|Moonblast|p1a: Articuno\n|-resisted|p1a: Articuno\n|-damage|p1a: Articuno|139/288\n|\n|-heal|p2a: Florges|216/271|[from] item: Leftovers\n|upkeep\n|turn|50\n|inactive|gen3333333 has 30 seconds left.\n|\n|t:|1733905523\n|move|p1a: Articuno|Freezing Glare|p2a: Florges\n|-resisted|p2a: Florges\n|-damage|p2a: Florges|177/271\n|-status|p2a: Florges|frz\n|-curestatus|p2a: Florges|frz|[msg]\n|move|p2a: Florges|Moonblast|p1a: Articuno\n|-resisted|p1a: Articuno\n|-damage|p1a: Articuno|91/288\n|\n|-heal|p2a: Florges|193/271|[from] item: Leftovers\n|upkeep\n|turn|51\n|inactive|gen3333333 has 30 seconds left.\n|\n|t:|1733905535\n|move|p1a: Articuno|Recover|p1a: Articuno\n|-heal|p1a: Articuno|235/288\n|move|p2a: Florges|Moonblast|p1a: Articuno\n|-resisted|p1a: Articuno\n|-damage|p1a: Articuno|179/288\n|-unboost|p1a: Articuno|spa|1\n|-ability|p1a: Articuno|Competitive|boost\n|-boost|p1a: Articuno|spa|1\n|\n|-heal|p2a: Florges|209/271|[from] item: Leftovers\n|upkeep\n|turn|52\n|inactive|gen3333333 has 30 seconds left.\n|\n|t:|1733905546\n|move|p1a: Articuno|Hurricane|p2a: Florges\n|-resisted|p2a: Florges\n|-damage|p2a: Florges|162/271\n|move|p2a: Florges|Moonblast|p1a: Articuno\n|-resisted|p1a: Articuno\n|-damage|p1a: Articuno|130/288\n|-unboost|p1a: Articuno|spa|1\n|-ability|p1a: Articuno|Competitive|boost\n|-boost|p1a: Articuno|spa|1\n|\n|-heal|p2a: Florges|178/271|[from] item: Leftovers\n|upkeep\n|turn|53\n|inactive|gen3333333 has 30 seconds left.\n|\n|t:|1733905563\n|move|p1a: Articuno|Hurricane|p2a: Florges\n|-resisted|p2a: Florges\n|-damage|p2a: Florges|132/271\n|-start|p2a: Florges|confusion\n|-activate|p2a: Florges|confusion\n|move|p2a: Florges|Moonblast|p1a: Articuno\n|-resisted|p1a: Articuno\n|-damage|p1a: Articuno|79/288\n|\n|-heal|p2a: Florges|148/271|[from] item: Leftovers\n|upkeep\n|turn|54\n|inactive|gen3333333 has 30 seconds left.\n|\n|t:|1733905575\n|move|p1a: Articuno|Recover|p1a: Articuno\n|-heal|p1a: Articuno|223/288\n|-end|p2a: Florges|confusion\n|move|p2a: Florges|Wish|p2a: Florges\n|\n|-heal|p2a: Florges|164/271|[from] item: Leftovers\n|upkeep\n|turn|55\n|inactive|gen3333333 has 30 seconds left.\n|\n|t:|1733905584\n|move|p1a: Articuno|Calm Mind|p1a: Articuno\n|-boost|p1a: Articuno|spa|0\n|-boost|p1a: Articuno|spd|0\n|move|p2a: Florges|Moonblast|p1a: Articuno\n|-resisted|p1a: Articuno\n|-damage|p1a: Articuno|166/288\n|\n|-heal|p2a: Florges|271/271|[from] move: Wish|[wisher] Florges\n|upkeep\n|turn|56\n|inactive|gen3333333 has 30 seconds left.\n|\n|t:|1733905601\n|move|p1a: Articuno|Calm Mind|p1a: Articuno\n|-boost|p1a: Articuno|spa|0\n|-boost|p1a: Articuno|spd|0\n|move|p2a: Florges|Moonblast|p1a: Articuno\n|-resisted|p1a: Articuno\n|-damage|p1a: Articuno|117/288\n|\n|upkeep\n|turn|57\n|inactive|gen3333333 has 30 seconds left.\n|\n|t:|1733905610\n|move|p1a: Articuno|Calm Mind|p1a: Articuno\n|-boost|p1a: Articuno|spa|0\n|-boost|p1a: Articuno|spd|0\n|move|p2a: Florges|Moonblast|p1a: Articuno\n|-resisted|p1a: Articuno\n|-damage|p1a: Articuno|63/288\n|\n|upkeep\n|turn|58\n|\n|t:|1733905618\n|move|p1a: Articuno|Recover|p1a: Articuno\n|-heal|p1a: Articuno|207/288\n|move|p2a: Florges|Moonblast|p1a: Articuno\n|-resisted|p1a: Articuno\n|-damage|p1a: Articuno|153/288\n|-unboost|p1a: Articuno|spa|1\n|-ability|p1a: Articuno|Competitive|boost\n|-boost|p1a: Articuno|spa|1\n|\n|upkeep\n|turn|59\n|\n|t:|1733905627\n|move|p1a: Articuno|Hurricane|p2a: Florges|[miss]\n|-miss|p1a: Articuno|p2a: Florges\n|move|p2a: Florges|Moonblast|p1a: Articuno\n|-resisted|p1a: Articuno\n|-damage|p1a: Articuno|97/288\n|\n|upkeep\n|turn|60\n|\n|t:|1733905635\n|move|p1a: Articuno|Recover|p1a: Articuno\n|-heal|p1a: Articuno|241/288\n|move|p2a: Florges|Moonblast|p1a: Articuno\n|-resisted|p1a: Articuno\n|-damage|p1a: Articuno|189/288\n|-unboost|p1a: Articuno|spa|1\n|-ability|p1a: Articuno|Competitive|boost\n|-boost|p1a: Articuno|spa|1\n|\n|upkeep\n|turn|61\n|\n|t:|1733905645\n|move|p1a: Articuno|Freezing Glare|p2a: Florges\n|-resisted|p2a: Florges\n|-damage|p2a: Florges|235/271\n|move|p2a: Florges|Moonblast|p1a: Articuno\n|-resisted|p1a: Articuno\n|-damage|p1a: Articuno|138/288\n|\n|-heal|p2a: Florges|251/271|[from] item: Leftovers\n|upkeep\n|turn|62\n|\n|t:|1733905655\n|move|p1a: Articuno|Recover|p1a: Articuno\n|-heal|p1a: Articuno|282/288\n|move|p2a: Florges|Moonblast|p1a: Articuno\n|-resisted|p1a: Articuno\n|-damage|p1a: Articuno|230/288\n|\n|-heal|p2a: Florges|267/271|[from] item: Leftovers\n|upkeep\n|turn|63\n|\n|t:|1733905665\n|move|p1a: Articuno|Calm Mind|p1a: Articuno\n|-boost|p1a: Articuno|spa|0\n|-boost|p1a: Articuno|spd|0\n|move|p2a: Florges|Moonblast|p1a: Articuno\n|-resisted|p1a: Articuno\n|-damage|p1a: Articuno|176/288\n|-unboost|p1a: Articuno|spa|1\n|-ability|p1a: Articuno|Competitive|boost\n|-boost|p1a: Articuno|spa|1\n|\n|-heal|p2a: Florges|271/271|[from] item: Leftovers\n|upkeep\n|turn|64\n|\n|t:|1733905689\n|move|p1a: Articuno|Hurricane|p2a: Florges\n|-resisted|p2a: Florges\n|-damage|p2a: Florges|229/271\n|-start|p2a: Florges|confusion\n|-activate|p2a: Florges|confusion\n|move|p2a: Florges|Calm Mind|p2a: Florges\n|-boost|p2a: Florges|spa|0\n|-boost|p2a: Florges|spd|0\n|\n|-heal|p2a: Florges|245/271|[from] item: Leftovers\n|upkeep\n|turn|65\n|\n|t:|1733905701\n|move|p1a: Articuno|Calm Mind|p1a: Articuno\n|-boost|p1a: Articuno|spa|0\n|-boost|p1a: Articuno|spd|0\n|-activate|p2a: Florges|confusion\n|-damage|p2a: Florges|225/271|[from] confusion\n|\n|-heal|p2a: Florges|241/271|[from] item: Leftovers\n|upkeep\n|turn|66\n|\n|t:|1733905709\n|move|p1a: Articuno|Calm Mind|p1a: Articuno\n|-boost|p1a: Articuno|spa|0\n|-boost|p1a: Articuno|spd|0\n|-end|p2a: Florges|confusion\n|move|p2a: Florges|Calm Mind|p2a: Florges\n|-boost|p2a: Florges|spa|0\n|-boost|p2a: Florges|spd|0\n|\n|-heal|p2a: Florges|257/271|[from] item: Leftovers\n|upkeep\n|turn|67\n|\n|t:|1733905719\n|move|p1a: Articuno|Calm Mind|p1a: Articuno\n|-boost|p1a: Articuno|spa|0\n|-boost|p1a: Articuno|spd|0\n|move|p2a: Florges|Calm Mind|p2a: Florges\n|-boost|p2a: Florges|spa|0\n|-boost|p2a: Florges|spd|0\n|\n|-heal|p2a: Florges|271/271|[from] item: Leftovers\n|upkeep\n|turn|68\n|\n|t:|1733905734\n|move|p1a: Articuno|Calm Mind|p1a: Articuno\n|-boost|p1a: Articuno|spa|0\n|-boost|p1a: Articuno|spd|0\n|move|p2a: Florges|Calm Mind|p2a: Florges\n|-boost|p2a: Florges|spa|0\n|-boost|p2a: Florges|spd|0\n|\n|upkeep\n|turn|69\n|\n|t:|1733905747\n|move|p1a: Articuno|Hurricane|p2a: Florges\n|-resisted|p2a: Florges\n|-damage|p2a: Florges|226/271\n|-start|p2a: Florges|confusion\n|-activate|p2a: Florges|confusion\n|move|p2a: Florges|Calm Mind|p2a: Florges\n|-boost|p2a: Florges|spa|0\n|-boost|p2a: Florges|spd|0\n|\n|-heal|p2a: Florges|242/271|[from] item: Leftovers\n|upkeep\n|turn|70\n|\n|t:|1733905759\n|move|p1a: Articuno|Freezing Glare|p2a: Florges\n|-resisted|p2a: Florges\n|-damage|p2a: Florges|204/271\n|-activate|p2a: Florges|confusion\n|move|p2a: Florges|Calm Mind|p2a: Florges\n|-boost|p2a: Florges|spa|0\n|-boost|p2a: Florges|spd|0\n|\n|-heal|p2a: Florges|220/271|[from] item: Leftovers\n|upkeep\n|turn|71\n|\n|t:|1733905769\n|move|p1a: Articuno|Calm Mind|p1a: Articuno\n|-boost|p1a: Articuno|spa|0\n|-boost|p1a: Articuno|spd|0\n|-end|p2a: Florges|confusion\n|move|p2a: Florges|Calm Mind|p2a: Florges\n|-boost|p2a: Florges|spa|0\n|-boost|p2a: Florges|spd|0\n|\n|-heal|p2a: Florges|236/271|[from] item: Leftovers\n|upkeep\n|turn|72\n|\n|t:|1733905789\n|move|p2a: Florges|Protect|p2a: Florges\n|-singleturn|p2a: Florges|Protect\n|move|p1a: Articuno|Freezing Glare|p2a: Florges\n|-activate|p2a: Florges|move: Protect\n|\n|-heal|p2a: Florges|252/271|[from] item: Leftovers\n|upkeep\n|turn|73\n|\n|t:|1733905798\n|move|p1a: Articuno|Recover|p1a: Articuno\n|-heal|p1a: Articuno|288/288\n|move|p2a: Florges|Calm Mind|p2a: Florges\n|-boost|p2a: Florges|spa|0\n|-boost|p2a: Florges|spd|0\n|\n|-heal|p2a: Florges|268/271|[from] item: Leftovers\n|upkeep\n|turn|74\n|\n|t:|1733905807\n|move|p1a: Articuno|Calm Mind|p1a: Articuno\n|-boost|p1a: Articuno|spa|0\n|-boost|p1a: Articuno|spd|0\n|move|p2a: Florges|Calm Mind|p2a: Florges\n|-boost|p2a: Florges|spa|0\n|-boost|p2a: Florges|spd|0\n|\n|-heal|p2a: Florges|271/271|[from] item: Leftovers\n|upkeep\n|turn|75\n|\n|t:|1733905817\n|move|p1a: Articuno|Calm Mind|p1a: Articuno\n|-boost|p1a: Articuno|spa|0\n|-boost|p1a: Articuno|spd|0\n|move|p2a: Florges|Calm Mind|p2a: Florges\n|-boost|p2a: Florges|spa|0\n|-boost|p2a: Florges|spd|0\n|\n|upkeep\n|turn|76\n|inactive|gen3333333 has 60 seconds left.\n|\n|t:|1733905841\n|move|p1a: Articuno|Calm Mind|p1a: Articuno\n|-boost|p1a: Articuno|spa|0\n|-boost|p1a: Articuno|spd|0\n|move|p2a: Florges|Calm Mind|p2a: Florges\n|-boost|p2a: Florges|spa|0\n|-boost|p2a: Florges|spd|0\n|\n|upkeep\n|turn|77\n|\n|t:|1733905851\n|move|p1a: Articuno|Calm Mind|p1a: Articuno\n|-boost|p1a: Articuno|spa|0\n|-boost|p1a: Articuno|spd|0\n|move|p2a: Florges|Calm Mind|p2a: Florges\n|-boost|p2a: Florges|spa|0\n|-boost|p2a: Florges|spd|0\n|\n|upkeep\n|turn|78\n|\n|t:|1733905858\n|move|p1a: Articuno|Calm Mind|p1a: Articuno\n|-boost|p1a: Articuno|spa|0\n|-boost|p1a: Articuno|spd|0\n|move|p2a: Florges|Calm Mind|p2a: Florges\n|-boost|p2a: Florges|spa|0\n|-boost|p2a: Florges|spd|0\n|\n|upkeep\n|turn|79\n|inactive|gen3333333 has 60 seconds left.\n|\n|t:|1733905867\n|move|p1a: Articuno|Freezing Glare|p2a: Florges\n|-resisted|p2a: Florges\n|-damage|p2a: Florges|231/271\n|move|p2a: Florges|Calm Mind|p2a: Florges\n|-boost|p2a: Florges|spa|0\n|-boost|p2a: Florges|spd|0\n|\n|-heal|p2a: Florges|247/271|[from] item: Leftovers\n|upkeep\n|turn|80\n|\n|t:|1733905877\n|move|p1a: Articuno|Calm Mind|p1a: Articuno\n|-boost|p1a: Articuno|spa|0\n|-boost|p1a: Articuno|spd|0\n|move|p2a: Florges|Calm Mind|p2a: Florges\n|-boost|p2a: Florges|spa|0\n|-boost|p2a: Florges|spd|0\n|\n|-heal|p2a: Florges|263/271|[from] item: Leftovers\n|upkeep\n|turn|81\n|inactive|gen3333333 has 60 seconds left.\n|\n|t:|1733905896\n|move|p1a: Articuno|Calm Mind|p1a: Articuno\n|-boost|p1a: Articuno|spa|0\n|-boost|p1a: Articuno|spd|0\n|move|p2a: Florges|Calm Mind|p2a: Florges\n|-boost|p2a: Florges|spa|0\n|-boost|p2a: Florges|spd|0\n|\n|-heal|p2a: Florges|271/271|[from] item: Leftovers\n|upkeep\n|turn|82\n|\n|t:|1733905905\n|move|p2a: Florges|Protect|p2a: Florges\n|-singleturn|p2a: Florges|Protect\n|move|p1a: Articuno|Calm Mind|p1a: Articuno\n|-boost|p1a: Articuno|spa|0\n|-boost|p1a: Articuno|spd|0\n|\n|upkeep\n|turn|83\n|\n|t:|1733905913\n|move|p1a: Articuno|Hurricane|p2a: Florges\n|-resisted|p2a: Florges\n|-damage|p2a: Florges|230/271\n|move|p2a: Florges|Calm Mind|p2a: Florges\n|-boost|p2a: Florges|spa|0\n|-boost|p2a: Florges|spd|0\n|\n|-heal|p2a: Florges|246/271|[from] item: Leftovers\n|upkeep\n|turn|84\n|\n|t:|1733905922\n|switch|p1a: Comfey|Comfey, L85, M|92/225 par\n|-damage|p1a: Comfey|64/225 par|[from] Stealth Rock\n|move|p2a: Florges|Wish|p2a: Florges\n|\n|-heal|p2a: Florges|262/271|[from] item: Leftovers\n|-heal|p1a: Comfey|78/225 par|[from] item: Leftovers\n|upkeep\n|turn|85\n|\n|t:|1733905934\n|switch|p2a: Palafin|Palafin-Hero, L77, F|281/281\n|-damage|p2a: Palafin|246/281|[from] Stealth Rock\n|-activate|p2a: Palafin|ability: Zero to Hero\n|move|p1a: Comfey|Giga Drain|p2a: Palafin\n|-supereffective|p2a: Palafin\n|-damage|p2a: Palafin|140/281\n|-heal|p1a: Comfey|131/225 par|[from] drain|[of] p2a: Palafin\n|\n|-heal|p2a: Palafin|275/281|[from] move: Wish|[wisher] Florges\n|-heal|p1a: Comfey|145/225 par|[from] item: Leftovers\n|upkeep\n|turn|86\n|\n|t:|1733905947\n|move|p1a: Comfey|Giga Drain|p2a: Palafin\n|-supereffective|p2a: Palafin\n|-damage|p2a: Palafin|163/281\n|-heal|p1a: Comfey|201/225 par|[from] drain|[of] p2a: Palafin\n|move|p2a: Palafin|Wave Crash|p1a: Comfey\n|-damage|p1a: Comfey|0 fnt\n|faint|p1a: Comfey\n|-damage|p2a: Palafin|97/281|[from] Recoil\n|\n|upkeep\n|\n|t:|1733905957\n|switch|p1a: Articuno|Articuno-Galar, L84, tera:Steel|288/288\n|turn|87\n|\n|t:|1733905961\n|move|p1a: Articuno|Freezing Glare|p2a: Palafin\n|-damage|p2a: Palafin|0 fnt\n|faint|p2a: Palafin\n|\n|upkeep\n|\n|t:|1733905963\n|switch|p2a: Palossand|Palossand, L89, F|296/296\n|-damage|p2a: Palossand|278/296|[from] Stealth Rock\n|turn|88\n|\n|t:|1733905971\n|move|p1a: Articuno|Calm Mind|p1a: Articuno\n|-boost|p1a: Articuno|spa|1\n|-boost|p1a: Articuno|spd|1\n|move|p2a: Palossand|Earth Power|p1a: Articuno\n|-supereffective|p1a: Articuno\n|-damage|p1a: Articuno|154/288\n|\n|-heal|p2a: Palossand|296/296|[from] item: Leftovers\n|upkeep\n|turn|89\n|\n|t:|1733905981\n|move|p1a: Articuno|Calm Mind|p1a: Articuno\n|-boost|p1a: Articuno|spa|1\n|-boost|p1a: Articuno|spd|1\n|move|p2a: Palossand|Earth Power|p1a: Articuno\n|-supereffective|p1a: Articuno\n|-damage|p1a: Articuno|62/288\n|\n|upkeep\n|turn|90\n|\n|t:|1733905989\n|move|p1a: Articuno|Recover|p1a: Articuno\n|-heal|p1a: Articuno|206/288\n|move|p2a: Palossand|Earth Power|p1a: Articuno\n|-supereffective|p1a: Articuno\n|-damage|p1a: Articuno|108/288\n|-unboost|p1a: Articuno|spd|1\n|-ability|p1a: Articuno|Competitive|boost\n|-boost|p1a: Articuno|spa|2\n|\n|upkeep\n|turn|91\n|\n|t:|1733906003\n|move|p1a: Articuno|Freezing Glare|p2a: Palossand\n|-damage|p2a: Palossand|0 fnt\n|faint|p2a: Palossand\n|\n|upkeep\n|\n|t:|1733906008\n|switch|p2a: Florges|Florges-Blue, L85, F, tera:Steel|262/271\n|-damage|p2a: Florges|246/271|[from] Stealth Rock\n|turn|92\n|\n|t:|1733906012\n|move|p1a: Articuno|Freezing Glare|p2a: Florges\n|-resisted|p2a: Florges\n|-damage|p2a: Florges|135/271\n|move|p2a: Florges|Calm Mind|p2a: Florges\n|-boost|p2a: Florges|spa|1\n|-boost|p2a: Florges|spd|1\n|\n|-heal|p2a: Florges|151/271|[from] item: Leftovers\n|upkeep\n|turn|93\n|\n|t:|1733906021\n|move|p1a: Articuno|Freezing Glare|p2a: Florges\n|-resisted|p2a: Florges\n|-damage|p2a: Florges|76/271\n|move|p2a: Florges|Wish|p2a: Florges\n|\n|-heal|p2a: Florges|92/271|[from] item: Leftovers\n|upkeep\n|turn|94\n|\n|t:|1733906031\n|move|p2a: Florges|Protect|p2a: Florges\n|-singleturn|p2a: Florges|Protect\n|move|p1a: Articuno|Calm Mind|p1a: Articuno\n|-boost|p1a: Articuno|spa|1\n|-boost|p1a: Articuno|spd|1\n|\n|-heal|p2a: Florges|227/271|[from] move: Wish|[wisher] Florges\n|-heal|p2a: Florges|243/271|[from] item: Leftovers\n|upkeep\n|turn|95\n|\n|t:|1733906042\n|move|p1a: Articuno|Hurricane|p2a: Florges\n|-resisted|p2a: Florges\n|-damage|p2a: Florges|130/271\n|move|p2a: Florges|Calm Mind|p2a: Florges\n|-boost|p2a: Florges|spa|1\n|-boost|p2a: Florges|spd|1\n|\n|-heal|p2a: Florges|146/271|[from] item: Leftovers\n|upkeep\n|turn|96\n|\n|t:|1733906051\n|move|p2a: Florges|Protect|p2a: Florges\n|-singleturn|p2a: Florges|Protect\n|move|p1a: Articuno|Freezing Glare|p2a: Florges\n|-activate|p2a: Florges|move: Protect\n|\n|-heal|p2a: Florges|162/271|[from] item: Leftovers\n|upkeep\n|turn|97\n|\n|t:|1733906063\n|move|p1a: Articuno|Hurricane|p2a: Florges\n|-resisted|p2a: Florges\n|-damage|p2a: Florges|89/271\n|move|p2a: Florges|Wish|p2a: Florges\n|\n|-heal|p2a: Florges|105/271|[from] item: Leftovers\n|upkeep\n|turn|98\n|\n|t:|1733906071\n|move|p2a: Florges|Protect|p2a: Florges\n|-singleturn|p2a: Florges|Protect\n|move|p1a: Articuno|Calm Mind|p1a: Articuno\n|-boost|p1a: Articuno|spa|1\n|-boost|p1a: Articuno|spd|1\n|\n|-heal|p2a: Florges|240/271|[from] move: Wish|[wisher] Florges\n|-heal|p2a: Florges|256/271|[from] item: Leftovers\n|upkeep\n|turn|99\n|\n|t:|1733906082\n|move|p1a: Articuno|Freezing Glare|p2a: Florges\n|-resisted|p2a: Florges\n|-damage|p2a: Florges|186/271\n|move|p2a: Florges|Calm Mind|p2a: Florges\n|-boost|p2a: Florges|spa|1\n|-boost|p2a: Florges|spd|1\n|\n|-heal|p2a: Florges|202/271|[from] item: Leftovers\n|upkeep\n|turn|100\n|\n|t:|1733906091\n|move|p1a: Articuno|Hurricane|p2a: Florges|[miss]\n|-miss|p1a: Articuno|p2a: Florges\n|move|p2a: Florges|Calm Mind|p2a: Florges\n|-boost|p2a: Florges|spa|1\n|-boost|p2a: Florges|spd|1\n|\n|-heal|p2a: Florges|218/271|[from] item: Leftovers\n|upkeep\n|turn|101\n|\n|t:|1733906100\n|move|p1a: Articuno|Hurricane|p2a: Florges|[miss]\n|-miss|p1a: Articuno|p2a: Florges\n|move|p2a: Florges|Wish|p2a: Florges\n|\n|-heal|p2a: Florges|234/271|[from] item: Leftovers\n|upkeep\n|turn|102\n|-message|gen3333333 forfeited.\n|\n|win|NexusAS\n|raw|gen3333333's rating: 2011 &rarr; <strong>1995</strong><br />(-16 for losing)\n|raw|NexusAS's rating: 2078 &rarr; <strong>2094</strong><br />(+16 for winning)\n|l|\u2606gen3333333\n|player|p1|\n", "inputlog": ">version bfd83cad13791eb5a5a409923076391caf6fb4d4\n>start {\"formatid\":\"gen9randombattle\",\"seed\":[56754,62320,33052,54073],\"rated\":\"Rated battle\"}\n>player p1 {\"name\":\"gen3333333\",\"avatar\":\"dawn\",\"rating\":2011,\"seed\":[45134,29049,13860,23182]}\n>player p2 {\"name\":\"NexusAS\",\"avatar\":\"red-masters\",\"rating\":2078,\"seed\":[23,28296,29860,54431]}\n>p1 move calmmind\n>p2 switch 4\n>p1 move calmmind\n>p2 move thunderwave\n>p1 move calmmind\n>p2 move icebeam\n>p1 move calmmind\n>p2 move icebeam\n>p1 move calmmind\n>p2 move icebeam\n>p1 move calmmind\n>p2 move icebeam\n>p1 move drainingkiss\n>p2 move icebeam\n>p1 move drainingkiss\n>p2 move icebeam\n>p1 move storedpower\n>p2 move icebeam\n>p1 move storedpower\n>p2 move icebeam\n>p2 switch 5\n>p1 move drainingkiss\n>p2 move calmmind terastallize\n>p1 switch 5\n>p2 move calmmind\n>p1 move encore\n>p2 switch 6\n>p1 switch 5\n>p2 move stealthrock\n>p1 move gigadrain\n>p2 switch 6\n>p1 switch 4\n>p2 move moonblast\n>p1 move stealthrock\n>p2 move moonblast\n>p1 move headsmash\n>p2 move moonblast\n>p1 switch 6\n>p1 move superpower\n>p2 switch 6\n>p1 switch 3\n>p2 move earthpower\n>p1 switch 3\n>p2 move shadowball\n>p1 switch 4\n>p2 move earthpower\n>p1 move drainingkiss\n>p2 switch 6\n>p1 switch 2\n>p2 move moonblast\n>p1 move knockoff\n>p2 switch 3\n>p1 move willowisp\n>p2 move poltergeist\n>p1 switch 2\n>p2 move toxic\n>p1 move drainingkiss\n>p2 move poltergeist\n>p1 move drainingkiss\n>p2 switch 3\n>p1 switch 5\n>p2 move moonblast\n>p1 move thunderbolt\n>p2 move moonblast\n>p1 switch 4\n>p1 move ironhead\n>p2 switch 3\n>p2 switch 6\n>p1 switch 5\n>p2 move earthpower\n>p1 move gigadrain\n>p2 switch 3\n>p1 move drainingkiss\n>p2 move moonblast\n>p1 move drainingkiss\n>p2 move calmmind\n>p1 switch 2\n>p2 move moonblast\n>p1 switch 5\n>p1 move superpower\n>p2 switch 3\n>p1 move ironhead\n>p2 move earthpower\n>p1 switch 3\n>p1 move calmmind\n>p2 switch 3\n>p1 move calmmind\n>p2 move calmmind\n>p1 move calmmind\n>p2 move calmmind\n>p1 move calmmind\n>p2 move calmmind\n>p1 move calmmind\n>p2 move calmmind\n>p1 move calmmind\n>p2 move calmmind\n>p1 move freezingglare terastallize\n>p2 move moonblast\n>p1 move freezingglare\n>p2 move calmmind\n>p1 move freezingglare\n>p2 move moonblast\n>p1 move calmmind\n>p2 move moonblast\n>p1 move freezingglare\n>p2 move moonblast\n>p1 move recover\n>p2 move moonblast\n>p1 move hurricane\n>p2 move moonblast\n>p1 move hurricane\n>p2 move moonblast\n>p1 move recover\n>p2 move wish\n>p1 move calmmind\n>p2 move moonblast\n>p1 move calmmind\n>p2 move moonblast\n>p1 move calmmind\n>p2 move moonblast\n>p1 move recover\n>p2 move moonblast\n>p1 move hurricane\n>p2 move moonblast\n>p1 move recover\n>p2 move moonblast\n>p1 move freezingglare\n>p2 move moonblast\n>p1 move recover\n>p2 move moonblast\n>p1 move calmmind\n>p2 move moonblast\n>p1 move hurricane\n>p2 move calmmind\n>p1 move calmmind\n>p2 move calmmind\n>p1 move calmmind\n>p2 move calmmind\n>p1 move calmmind\n>p2 move calmmind\n>p1 move calmmind\n>p2 move calmmind\n>p1 move hurricane\n>p2 move calmmind\n>p1 move freezingglare\n>p2 move calmmind\n>p1 move calmmind\n>p2 move calmmind\n>p1 move freezingglare\n>p2 move protect\n>p1 move recover\n>p2 move calmmind\n>p1 move calmmind\n>p2 move calmmind\n>p1 move calmmind\n>p2 move calmmind\n>p1 move calmmind\n>p2 move calmmind\n>p1 move calmmind\n>p2 move calmmind\n>p1 move calmmind\n>p2 move calmmind\n>p1 move freezingglare\n>p2 move calmmind\n>p1 move calmmind\n>p2 move calmmind\n>p1 move calmmind\n>p2 move calmmind\n>p1 move calmmind\n>p2 move protect\n>p1 move hurricane\n>p2 move calmmind\n>p1 switch 2\n>p2 move wish\n>p1 move gigadrain\n>p2 switch 4\n>p1 move gigadrain\n>p2 move wavecrash\n>p1 switch 2\n>p1 move freezingglare\n>p2 move wavecrash\n>p2 switch 3\n>p1 move calmmind\n>p2 move earthpower\n>p1 move calmmind\n>p2 move earthpower\n>p1 move recover\n>p2 move earthpower\n>p1 move freezingglare\n>p2 move earthpower\n>p2 switch 4\n>p1 move freezingglare\n>p2 move calmmind\n>p1 move freezingglare\n>p2 move wish\n>p1 move calmmind\n>p2 move protect\n>p1 move hurricane\n>p2 move calmmind\n>p1 move freezingglare\n>p2 move protect\n>p1 move hurricane\n>p2 move wish\n>p1 move calmmind\n>p2 move protect\n>p1 move freezingglare\n>p2 move calmmind\n>p1 move hurricane\n>p2 move calmmind\n>p1 move hurricane\n>p2 move wish\n>forcelose p1", "uploadtime": 1733906133, "views": 19, "formatid": "gen9randombattle", "rating": 1995, "private": 0, "password": null}