{"id": "gen9randombattle-2260301251", "format": "[Gen 9] Random Battle", "players": ["LolVariemai", "Gotta_ika296"], "log": "|j|\u2606LolVariemai\n|j|\u2606Gotta_ika296\n|t:|1733837232\n|gametype|singles\n|player|p1|LolVariemai|ghetsis|1439\n|player|p2|Gotta_ika296|bede-masters|1464\n|teamsize|p1|6\n|teamsize|p2|6\n|gen|9\n|tier|[Gen 9] Random Battle\n|rated|\n|rule|Species Clause: Limit one of each Pok\u00e9mon\n|rule|HP Percentage Mod: HP is shown in percentages\n|rule|Sleep Clause Mod: Limit one foe put to sleep\n|rule|Illusion Level Mod: Illusion disguises the Pok\u00e9mon's true level\n|\n|t:|1733837232\n|start\n|switch|p1a: Dragalge|Dragalge, L88, F|258/258\n|switch|p2a: Cramorant|Cramorant, L86, M|261/261\n|turn|1\n|inactive|Battle timer is ON: inactive players will automatically lose when time's up. (requested by Gotta_ika296)\n|\n|t:|1733837241\n|move|p2a: Cramorant|Brave Bird|p1a: Dragalge\n|-damage|p1a: Dragalge|144/258\n|-damage|p2a: Cramorant|223/261|[from] Recoil\n|move|p1a: Dragalge|Sludge Wave|p2a: Cramorant\n|-damage|p2a: Cramorant|31/261\n|\n|upkeep\n|turn|2\n|\n|t:|1733837250\n|switch|p2a: Pecharunt|Pecharunt, L77|262/262\n|move|p1a: Dragalge|Sludge Wave|p2a: Pecharunt\n|-resisted|p2a: Pecharunt\n|-damage|p2a: Pecharunt|200/262\n|\n|-heal|p2a: Pecharunt|216/262|[from] item: Leftovers\n|upkeep\n|turn|3\n|\n|t:|1733837259\n|switch|p1a: Bruxish|Bruxish, L85, F|254/254\n|move|p2a: Pecharunt|Parting Shot|p1a: Bruxish\n|-unboost|p1a: Bruxish|atk|1\n|-unboost|p1a: Bruxish|spa|1\n|\n|t:|1733837273\n|switch|p2a: Kommo-o|Kommo-o, L78, F|245/245|[from] Parting Shot\n|\n|upkeep\n|turn|4\n|\n|t:|1733837295\n|move|p1a: Bruxish|Swords Dance|p1a: Bruxish\n|-boost|p1a: Bruxish|atk|2\n|move|p2a: Kommo-o|Scale Shot|p1a: Bruxish\n|-damage|p1a: Bruxish|224/254\n|-damage|p1a: Bruxish|191/254\n|-damage|p1a: Bruxish|160/254\n|-damage|p1a: Bruxish|126/254\n|-hitcount|p1a: Bruxish|4\n|-unboost|p2a: Kommo-o|def|1\n|-boost|p2a: Kommo-o|spe|1\n|\n|upkeep\n|turn|5\n|\n|t:|1733837300\n|move|p2a: Kommo-o|Scale Shot|p1a: Bruxish\n|-damage|p1a: Bruxish|95/254\n|-damage|p1a: Bruxish|64/254\n|-damage|p1a: Bruxish|30/254\n|-damage|p1a: Bruxish|0 fnt\n|faint|p1a: Bruxish\n|-hitcount|p1: Bruxish|4\n|-unboost|p2a: Kommo-o|def|1\n|-boost|p2a: Kommo-o|spe|1\n|\n|upkeep\n|\n|t:|1733837313\n|switch|p1a: Flygon|Flygon, L82, M|265/265\n|turn|6\n|\n|t:|1733837316\n|-terastallize|p1a: Flygon|Rock\n|move|p2a: Kommo-o|Scale Shot|p1a: Flygon\n|-damage|p1a: Flygon|235/265\n|-damage|p1a: Flygon|207/265\n|-damage|p1a: Flygon|177/265\n|-damage|p1a: Flygon|146/265\n|-crit|p1a: Flygon\n|-damage|p1a: Flygon|104/265\n|-hitcount|p1a: Flygon|5\n|-unboost|p2a: Kommo-o|def|1\n|-boost|p2a: Kommo-o|spe|1\n|move|p1a: Flygon|Outrage|p2a: Kommo-o\n|-supereffective|p2a: Kommo-o\n|-damage|p2a: Kommo-o|0 fnt\n|faint|p2a: Kommo-o\n|\n|upkeep\n|\n|t:|1733837341\n|switch|p2a: Pecharunt|Pecharunt, L77|216/262\n|turn|7\n|\n|t:|1733837348\n|move|p1a: Flygon|Outrage|p2a: Pecharunt|[from]lockedmove\n|-damage|p2a: Pecharunt|138/262\n|-start|p1a: Flygon|confusion|[fatigue]\n|-enditem|p1a: Flygon|Lum Berry|[eat]\n|-end|p1a: Flygon|confusion\n|move|p2a: Pecharunt|Shadow Ball|p1a: Flygon\n|-damage|p1a: Flygon|29/265\n|\n|-heal|p2a: Pecharunt|154/262|[from] item: Leftovers\n|upkeep\n|turn|8\n|\n|t:|1733837362\n|move|p1a: Flygon|Earthquake|p2a: Pecharunt\n|-supereffective|p2a: Pecharunt\n|-damage|p2a: Pecharunt|16/262\n|move|p2a: Pecharunt|Recover|p2a: Pecharunt\n|-heal|p2a: Pecharunt|147/262\n|\n|-heal|p2a: Pecharunt|163/262|[from] item: Leftovers\n|upkeep\n|turn|9\n|\n|t:|1733837369\n|move|p1a: Flygon|Dragon Dance|p1a: Flygon\n|-boost|p1a: Flygon|atk|1\n|-boost|p1a: Flygon|spe|1\n|move|p2a: Pecharunt|Recover|p2a: Pecharunt\n|-heal|p2a: Pecharunt|262/262\n|\n|upkeep\n|turn|10\n|\n|t:|1733837373\n|move|p1a: Flygon|Earthquake|p2a: Pecharunt\n|-supereffective|p2a: Pecharunt\n|-damage|p2a: Pecharunt|52/262\n|move|p2a: Pecharunt|Shadow Ball|p1a: Flygon\n|-damage|p1a: Flygon|0 fnt\n|faint|p1a: Flygon\n|\n|-heal|p2a: Pecharunt|68/262|[from] item: Leftovers\n|upkeep\n|\n|t:|1733837382\n|switch|p1a: Pikachu|Pikachu-World, L93, M|216/216\n|turn|11\n|\n|t:|1733837391\n|move|p1a: Pikachu|Volt Tackle|p2a: Pecharunt\n|-damage|p2a: Pecharunt|0 fnt\n|faint|p2a: Pecharunt\n|-damage|p1a: Pikachu|194/216|[from] Recoil\n|\n|upkeep\n|\n|t:|1733837393\n|switch|p2a: Sandaconda|Sandaconda, L84, M|258/258\n|turn|12\n|\n|t:|1733837403\n|-terastallize|p2a: Sandaconda|Dragon\n|move|p1a: Pikachu|Surf|p2a: Sandaconda\n|-resisted|p2a: Sandaconda\n|-damage|p2a: Sandaconda|201/258\n|move|p2a: Sandaconda|Earthquake|p1a: Pikachu\n|-supereffective|p1a: Pikachu\n|-damage|p1a: Pikachu|0 fnt\n|faint|p1a: Pikachu\n|\n|-heal|p2a: Sandaconda|217/258|[from] item: Leftovers\n|upkeep\n|\n|t:|1733837408\n|switch|p1a: Arceus|Arceus-Ground, L70|284/284\n|turn|13\n|\n|t:|1733837413\n|move|p1a: Arceus|Calm Mind|p1a: Arceus\n|-boost|p1a: Arceus|spa|1\n|-boost|p1a: Arceus|spd|1\n|move|p2a: Sandaconda|Earthquake|p1a: Arceus\n|-damage|p1a: Arceus|178/284\n|\n|-heal|p2a: Sandaconda|233/258|[from] item: Leftovers\n|upkeep\n|turn|14\n|\n|t:|1733837419\n|move|p1a: Arceus|Judgment|p2a: Sandaconda\n|-damage|p2a: Sandaconda|38/258\n|move|p2a: Sandaconda|Earthquake|p1a: Arceus\n|-damage|p1a: Arceus|73/284\n|\n|-heal|p2a: Sandaconda|54/258|[from] item: Leftovers\n|upkeep\n|turn|15\n|\n|t:|1733837424\n|move|p1a: Arceus|Calm Mind|p1a: Arceus\n|-boost|p1a: Arceus|spa|1\n|-boost|p1a: Arceus|spd|1\n|move|p2a: Sandaconda|Earthquake|p1a: Arceus\n|-damage|p1a: Arceus|0 fnt\n|faint|p1a: Arceus\n|\n|-heal|p2a: Sandaconda|70/258|[from] item: Leftovers\n|upkeep\n|\n|t:|1733837427\n|switch|p1a: Hitmonchan|Hitmonchan, L87, M|229/229\n|turn|16\n|\n|t:|1733837430\n|move|p1a: Hitmonchan|Swords Dance|p1a: Hitmonchan\n|-boost|p1a: Hitmonchan|atk|2\n|move|p2a: Sandaconda|Earthquake|p1a: Hitmonchan\n|-damage|p1a: Hitmonchan|106/229\n|\n|-heal|p1a: Hitmonchan|120/229|[from] item: Leftovers\n|-heal|p2a: Sandaconda|86/258|[from] item: Leftovers\n|upkeep\n|turn|17\n|\n|t:|1733837432\n|move|p1a: Hitmonchan|Rapid Spin|p2a: Sandaconda\n|-damage|p2a: Sandaconda|30/258\n|-boost|p1a: Hitmonchan|spe|1\n|move|p2a: Sandaconda|Glare|p1a: Hitmonchan\n|-status|p1a: Hitmonchan|par\n|\n|-heal|p2a: Sandaconda|46/258|[from] item: Leftovers\n|-heal|p1a: Hitmonchan|134/229 par|[from] item: Leftovers\n|upkeep\n|turn|18\n|\n|t:|1733837437\n|move|p2a: Sandaconda|Earthquake|p1a: Hitmonchan\n|-damage|p1a: Hitmonchan|19/229 par\n|cant|p1a: Hitmonchan|par\n|\n|-heal|p2a: Sandaconda|62/258|[from] item: Leftovers\n|-heal|p1a: Hitmonchan|33/229 par|[from] item: Leftovers\n|upkeep\n|turn|19\n|-message|LolVariemai forfeited.\n|\n|win|Gotta_ika296\n|raw|LolVariemai's rating: 1439 &rarr; <strong>1420</strong><br />(-19 for losing)\n|raw|Gotta_ika296's rating: 1464 &rarr; <strong>1483</strong><br />(+19 for winning)\n|l|\u2606LolVariemai\n|player|p1|\n", "inputlog": ">version bfd83cad13791eb5a5a409923076391caf6fb4d4\n>start {\"formatid\":\"gen9randombattle\",\"seed\":[30899,40738,8165,12734],\"rated\":\"Rated battle\"}\n>player p1 {\"name\":\"LolVariemai\",\"avatar\":\"ghetsis\",\"rating\":1439,\"seed\":[39169,398,34883,34032]}\n>player p2 {\"name\":\"Gotta_ika296\",\"avatar\":\"bede-masters\",\"rating\":1464,\"seed\":[4577,27085,64456,50956]}\n>p1 move sludgewave\n>p2 move bravebird\n>p1 move sludgewave\n>p2 switch 6\n>p1 switch 2\n>p2 move partingshot\n>p2 switch 5\n>p1 move swordsdance\n>p2 move scaleshot\n>p1 move psychicfangs\n>p2 move scaleshot\n>p1 switch 3\n>p1 move outrage terastallize\n>p2 move scaleshot\n>p2 switch 5\n>p1 move outrage\n>p2 move shadowball\n>p1 move earthquake\n>p2 move recover\n>p1 move dragondance\n>p2 move recover\n>p1 move earthquake\n>p2 move shadowball\n>p1 switch 6\n>p1 move volttackle\n>p2 move malignantchain\n>p2 switch 2\n>p1 move surf\n>p2 move earthquake terastallize\n>p1 switch 5\n>p1 move calmmind\n>p2 move earthquake\n>p1 move judgment\n>p2 move earthquake\n>p1 move calmmind\n>p2 move earthquake\n>p1 switch 4\n>p1 move swordsdance\n>p2 move earthquake\n>p1 move rapidspin\n>p2 move glare\n>p1 move rapidspin\n>p2 move earthquake\n>forcelose p1", "uploadtime": 1733837451, "views": 14, "formatid": "gen9randombattle", "rating": 1420, "private": 0, "password": null}