{"id": "gen9randombattle-2170549478", "format": "[Gen 9] Random Battle", "players": ["samuelayers", "puccigae"], "log": "|badge|p1|bronze|gen9randombattle|100-2\n|uhtml|medal-msg|<div class=\"broadcast-blue\">Curious what those medals under the avatar are? PS now has Ladder Seasons! For more information, check out the <a href=\"https://www.smogon.com/forums/threads/3740067/\">thread on Smogon.</a></div>\n|j|\u2606samuelayers\n|j|\u2606puccigae\n|t:|1722397462\n|gametype|singles\n|player|p1|samuelayers|gentleman-gen4dp|2264\n|player|p2|puccigae|169|2189\n|teamsize|p1|6\n|teamsize|p2|6\n|gen|9\n|tier|[Gen 9] Random Battle\n|rated|\n|rule|Species Clause: Limit one of each Pok\u00e9mon\n|rule|HP Percentage Mod: HP is shown in percentages\n|rule|Sleep Clause Mod: Limit one foe put to sleep\n|rule|Illusion Level Mod: Illusion disguises the Pok\u00e9mon's true level\n|\n|t:|1722397462\n|start\n|switch|p1a: Tsareena|Tsareena, L87, F|267/267\n|switch|p2a: Houndstone|Houndstone, L86, F|264/264\n|turn|1\n|inactive|Battle timer is ON: inactive players will automatically lose when time's up. (requested by samuelayers)\n|\n|t:|1722397471\n|switch|p1a: Gumshoos|Gumshoos, L95, M|321/321\n|move|p2a: Houndstone|Poltergeist|p1a: Gumshoos\n|-immune|p1a: Gumshoos\n|\n|upkeep\n|turn|2\n|\n|t:|1722397476\n|move|p2a: Houndstone|Body Press|p1a: Gumshoos\n|-supereffective|p1a: Gumshoos\n|-damage|p1a: Gumshoos|185/321\n|move|p1a: Gumshoos|Double-Edge|p2a: Houndstone\n|-immune|p2a: Houndstone\n|\n|upkeep\n|turn|3\n|\n|t:|1722397482\n|switch|p1a: Leavanny|Leavanny, L87, M|272/272\n|move|p2a: Houndstone|Poltergeist|p1a: Leavanny\n|-activate|p1a: Leavanny|move: Poltergeist|Heavy-Duty Boots\n|-damage|p1a: Leavanny|131/272\n|\n|upkeep\n|turn|4\n|\n|t:|1722397488\n|move|p1a: Leavanny|Lunge|p2a: Houndstone\n|-resisted|p2a: Houndstone\n|-damage|p2a: Houndstone|242/264\n|-unboost|p2a: Houndstone|atk|1\n|move|p2a: Houndstone|Poltergeist|p1a: Leavanny\n|-activate|p1a: Leavanny|move: Poltergeist|Heavy-Duty Boots\n|-damage|p1a: Leavanny|50/272\n|\n|upkeep\n|turn|5\n|\n|t:|1722397496\n|move|p1a: Leavanny|Sticky Web|p2a: Houndstone\n|-sidestart|p2: puccigae|move: Sticky Web\n|move|p2a: Houndstone|Poltergeist|p1a: Leavanny\n|-activate|p1a: Leavanny|move: Poltergeist|Heavy-Duty Boots\n|-damage|p1a: Leavanny|0 fnt\n|faint|p1a: Leavanny\n|\n|upkeep\n|\n|t:|1722397499\n|switch|p1a: Gumshoos|Gumshoos, L95, M|185/321\n|turn|6\n|\n|t:|1722397508\n|move|p2a: Houndstone|Body Press|p1a: Gumshoos\n|-supereffective|p1a: Gumshoos\n|-damage|p1a: Gumshoos|41/321\n|move|p1a: Gumshoos|Knock Off|p2a: Houndstone\n|-supereffective|p2a: Houndstone\n|-damage|p2a: Houndstone|119/264\n|-enditem|p2a: Houndstone|Assault Vest|[from] move: Knock Off|[of] p1a: Gumshoos\n|\n|upkeep\n|turn|7\n|\n|t:|1722397513\n|move|p2a: Houndstone|Body Press|p1a: Gumshoos\n|-supereffective|p1a: Gumshoos\n|-damage|p1a: Gumshoos|0 fnt\n|faint|p1a: Gumshoos\n|\n|upkeep\n|\n|t:|1722397519\n|switch|p1a: Pachirisu|Pachirisu, L96, M|271/271\n|turn|8\n|\n|t:|1722397522\n|move|p1a: Pachirisu|Thunderbolt|p2a: Houndstone\n|-damage|p2a: Houndstone|50/264\n|move|p2a: Houndstone|Poltergeist|p1a: Pachirisu\n|-activate|p1a: Pachirisu|move: Poltergeist|Assault Vest\n|-damage|p1a: Pachirisu|178/271\n|\n|upkeep\n|turn|9\n|\n|t:|1722397530\n|switch|p2a: Quagsire|Quagsire, L84, M|297/297\n|-activate|p2a: Quagsire|move: Sticky Web\n|-unboost|p2a: Quagsire|spe|1\n|move|p1a: Pachirisu|Thunderbolt|p2a: Quagsire\n|-immune|p2a: Quagsire\n|\n|upkeep\n|turn|10\n|\n|t:|1722397536\n|move|p1a: Pachirisu|Super Fang|p2a: Quagsire|[miss]\n|-miss|p1a: Pachirisu|p2a: Quagsire\n|move|p2a: Quagsire|Toxic|p1a: Pachirisu\n|-status|p1a: Pachirisu|tox\n|\n|-damage|p1a: Pachirisu|162/271 tox|[from] psn\n|upkeep\n|turn|11\n|\n|t:|1722397540\n|move|p1a: Pachirisu|Super Fang|p2a: Quagsire\n|-damage|p2a: Quagsire|149/297\n|move|p2a: Quagsire|Earthquake|p1a: Pachirisu\n|-supereffective|p1a: Pachirisu\n|-damage|p1a: Pachirisu|0 fnt\n|faint|p1a: Pachirisu\n|\n|-heal|p2a: Quagsire|167/297|[from] item: Leftovers\n|upkeep\n|\n|t:|1722397542\n|switch|p1a: Tsareena|Tsareena, L87, F|267/267\n|turn|12\n|\n|t:|1722397547\n|switch|p2a: Illumise|Illumise, L91, F|266/266\n|move|p1a: Tsareena|Power Whip|p2a: Illumise\n|-resisted|p2a: Illumise\n|-damage|p2a: Illumise|176/266\n|\n|upkeep\n|turn|13\n|\n|t:|1722397553\n|-terastallize|p1a: Tsareena|Steel\n|move|p2a: Illumise|Bug Buzz|p1a: Tsareena\n|-resisted|p1a: Tsareena\n|-damage|p1a: Tsareena|225/267\n|move|p1a: Tsareena|Triple Axel|p2a: Illumise\n|-damage|p2a: Illumise|156/266\n|-damage|p2a: Illumise|116/266\n|-damage|p2a: Illumise|62/266\n|-hitcount|p2a: Illumise|3\n|\n|upkeep\n|turn|14\n|\n|t:|1722397567\n|switch|p2a: Wyrdeer|Wyrdeer, L87, F|321/321\n|-activate|p2a: Wyrdeer|move: Sticky Web\n|-unboost|p2a: Wyrdeer|spe|1\n|-ability|p2a: Wyrdeer|Intimidate|boost\n|-unboost|p1a: Tsareena|atk|1\n|move|p1a: Tsareena|Rapid Spin|p2a: Wyrdeer\n|-damage|p2a: Wyrdeer|288/321\n|-boost|p1a: Tsareena|spe|1\n|\n|-heal|p2a: Wyrdeer|308/321|[from] item: Leftovers\n|upkeep\n|turn|15\n|\n|t:|1722397573\n|switch|p1a: Gardevoir|Gardevoir, L83, M|249/249\n|-ability|p1a: Gardevoir|Intimidate|boost\n|-unboost|p2a: Wyrdeer|atk|1\n|-ability|p1a: Gardevoir|Intimidate|[from] ability: Trace|[of] p2a: Wyrdeer\n|move|p2a: Wyrdeer|Thunder Wave|p1a: Gardevoir\n|-status|p1a: Gardevoir|par\n|\n|-heal|p2a: Wyrdeer|321/321|[from] item: Leftovers\n|upkeep\n|turn|16\n|\n|t:|1722397586\n|switch|p2a: Araquanid|Araquanid, L82, F|246/246\n|move|p1a: Gardevoir|Moonblast|p2a: Araquanid\n|-damage|p2a: Araquanid|147/246\n|\n|upkeep\n|turn|17\n|\n|t:|1722397592\n|move|p1a: Gardevoir|Moonblast|p2a: Araquanid\n|-damage|p2a: Araquanid|59/246\n|move|p2a: Araquanid|Liquidation|p1a: Gardevoir\n|-damage|p1a: Gardevoir|89/249 par\n|\n|upkeep\n|turn|18\n|\n|t:|1722397604\n|move|p1a: Gardevoir|Moonblast|p2a: Araquanid\n|-damage|p2a: Araquanid|0 fnt\n|faint|p2a: Araquanid\n|\n|upkeep\n|\n|t:|1722397606\n|switch|p2a: Wyrdeer|Wyrdeer, L87, F|321/321\n|-activate|p2a: Wyrdeer|move: Sticky Web\n|-unboost|p2a: Wyrdeer|spe|1\n|-ability|p2a: Wyrdeer|Intimidate|boost\n|-unboost|p1a: Gardevoir|atk|1\n|turn|19\n|\n|t:|1722397610\n|switch|p1a: Tauros|Tauros-Paldea-Aqua, L81, M|254/254\n|-ability|p1a: Tauros|Intimidate|boost\n|-unboost|p2a: Wyrdeer|atk|1\n|move|p2a: Wyrdeer|Earthquake|p1a: Tauros\n|-damage|p1a: Tauros|205/254\n|\n|upkeep\n|turn|20\n|\n|t:|1722397617\n|switch|p1a: Gardevoir|Gardevoir, L83, M|89/249 par\n|-ability|p1a: Gardevoir|Intimidate|boost\n|-unboost|p2a: Wyrdeer|atk|1\n|-ability|p1a: Gardevoir|Intimidate|[from] ability: Trace|[of] p2a: Wyrdeer\n|move|p2a: Wyrdeer|Psychic Noise|p1a: Gardevoir\n|-resisted|p1a: Gardevoir\n|-damage|p1a: Gardevoir|50/249 par\n|-start|p1a: Gardevoir|move: Heal Block\n|\n|upkeep\n|turn|21\n|\n|t:|1722397626\n|move|p1a: Gardevoir|Moonblast|p2a: Wyrdeer\n|-damage|p2a: Wyrdeer|177/321\n|move|p2a: Wyrdeer|Earthquake|p1a: Gardevoir\n|-damage|p1a: Gardevoir|4/249 par\n|\n|-heal|p2a: Wyrdeer|197/321|[from] item: Leftovers\n|-end|p1a: Gardevoir|move: Heal Block\n|upkeep\n|turn|22\n|\n|t:|1722397630\n|switch|p2a: Houndstone|Houndstone, L86, F|50/264\n|-activate|p2a: Houndstone|move: Sticky Web\n|-unboost|p2a: Houndstone|spe|1\n|move|p1a: Gardevoir|Moonblast|p2a: Houndstone\n|-damage|p2a: Houndstone|0 fnt\n|faint|p2a: Houndstone\n|\n|upkeep\n|\n|t:|1722397634\n|switch|p2a: Conkeldurr|Conkeldurr, L80, F|299/299\n|-activate|p2a: Conkeldurr|move: Sticky Web\n|-unboost|p2a: Conkeldurr|spe|1\n|turn|23\n|\n|t:|1722397638\n|switch|p1a: Tauros|Tauros-Paldea-Aqua, L81, M|205/254\n|-ability|p1a: Tauros|Intimidate|boost\n|-unboost|p2a: Conkeldurr|atk|1\n|move|p2a: Conkeldurr|Mach Punch|p1a: Tauros\n|-damage|p1a: Tauros|171/254\n|\n|-status|p2a: Conkeldurr|brn|[from] item: Flame Orb\n|upkeep\n|turn|24\n|\n|t:|1722397645\n|switch|p1a: Gardevoir|Gardevoir, L83, M|4/249 par\n|-ability|p1a: Gardevoir|Guts|[from] ability: Trace|[of] p2a: Conkeldurr\n|move|p2a: Conkeldurr|Close Combat|p1a: Gardevoir\n|-resisted|p1a: Gardevoir\n|-damage|p1a: Gardevoir|0 fnt\n|-unboost|p2a: Conkeldurr|def|1\n|-unboost|p2a: Conkeldurr|spd|1\n|faint|p1a: Gardevoir\n|\n|-damage|p2a: Conkeldurr|281/299 brn|[from] brn\n|upkeep\n|\n|t:|1722397652\n|switch|p1a: Tauros|Tauros-Paldea-Aqua, L81, M|171/254\n|-ability|p1a: Tauros|Intimidate|boost\n|-unboost|p2a: Conkeldurr|atk|1\n|turn|25\n|\n|t:|1722397655\n|switch|p2a: Wyrdeer|Wyrdeer, L87, F|197/321\n|-activate|p2a: Wyrdeer|move: Sticky Web\n|-unboost|p2a: Wyrdeer|spe|1\n|-ability|p2a: Wyrdeer|Intimidate|boost\n|-unboost|p1a: Tauros|atk|1\n|move|p1a: Tauros|Wave Crash|p2a: Wyrdeer\n|-damage|p2a: Wyrdeer|44/321\n|-damage|p1a: Tauros|121/254|[from] Recoil\n|\n|-heal|p2a: Wyrdeer|64/321|[from] item: Leftovers\n|upkeep\n|turn|26\n|\n|t:|1722397666\n|move|p1a: Tauros|Wave Crash|p2a: Wyrdeer\n|-damage|p2a: Wyrdeer|0 fnt\n|faint|p2a: Wyrdeer\n|-damage|p1a: Tauros|100/254|[from] Recoil\n|\n|upkeep\n|\n|t:|1722397668\n|switch|p2a: Quagsire|Quagsire, L84, M|167/297\n|-activate|p2a: Quagsire|move: Sticky Web\n|-unboost|p2a: Quagsire|spe|1\n|turn|27\n|\n|t:|1722397670\n|move|p1a: Tauros|Wave Crash|p2a: Quagsire\n|-damage|p2a: Quagsire|0 fnt\n|faint|p2a: Quagsire\n|-damage|p1a: Tauros|45/254|[from] Recoil\n|\n|upkeep\n|\n|t:|1722397674\n|switch|p2a: Conkeldurr|Conkeldurr, L80, F|281/299 brn\n|-activate|p2a: Conkeldurr|move: Sticky Web\n|-unboost|p2a: Conkeldurr|spe|1\n|turn|28\n|\n|t:|1722397678\n|move|p2a: Conkeldurr|Mach Punch|p1a: Tauros\n|-damage|p1a: Tauros|0 fnt\n|faint|p1a: Tauros\n|\n|-damage|p2a: Conkeldurr|263/299 brn|[from] brn\n|upkeep\n|\n|t:|1722397680\n|switch|p1a: Tsareena|Tsareena, L87, F, tera:Steel|225/267\n|turn|29\n|\n|t:|1722397683\n|move|p1a: Tsareena|Power Whip|p2a: Conkeldurr\n|-damage|p2a: Conkeldurr|109/299 brn\n|move|p2a: Conkeldurr|Close Combat|p1a: Tsareena\n|-supereffective|p1a: Tsareena\n|-damage|p1a: Tsareena|0 fnt\n|-unboost|p2a: Conkeldurr|def|1\n|-unboost|p2a: Conkeldurr|spd|1\n|faint|p1a: Tsareena\n|\n|win|puccigae\n|raw|samuelayers's rating: 2264 &rarr; <strong>2240</strong><br />(-24 for losing)\n|raw|puccigae's rating: 2189 &rarr; <strong>2213</strong><br />(+24 for winning)\n|l|\u2606samuelayers\n|player|p1|\n", "inputlog": ">version 3c8c0ba6a3441824201ce9f0cf68dcc094963845\n>start {\"formatid\":\"gen9randombattle\",\"seed\":[41416,41750,14157,27649],\"rated\":\"Rated battle\"}\n>player p1 {\"name\":\"samuelayers\",\"avatar\":\"gentleman-gen4dp\",\"rating\":2264,\"seed\":[58766,17076,64463,34474]}\n>player p2 {\"name\":\"puccigae\",\"avatar\":\"169\",\"rating\":2189,\"seed\":[4457,53536,8813,1]}\n>p1 switch 5\n>p2 move poltergeist\n>p1 move doubleedge\n>p2 move bodypress\n>p1 switch 6\n>p2 move poltergeist\n>p1 move lunge\n>p2 move poltergeist\n>p1 move stickyweb\n>p2 move poltergeist\n>p1 switch 6\n>p1 move knockoff\n>p2 move bodypress\n>p1 move knockoff\n>p2 move bodypress\n>p1 switch 2\n>p1 move thunderbolt\n>p2 move poltergeist\n>p1 move thunderbolt\n>p2 switch 6\n>p1 move superfang\n>p2 move toxic\n>p1 move superfang\n>p2 move earthquake\n>p1 switch 5\n>p1 move powerwhip\n>p2 switch 5\n>p1 move tripleaxel terastallize\n>p2 move bugbuzz\n>p1 move rapidspin\n>p2 switch 2\n>p1 switch 3\n>p2 move thunderwave\n>p1 move moonblast\n>p2 switch 3\n>p1 move moonblast\n>p2 move liquidation\n>p1 move moonblast\n>p2 move liquidation\n>p2 switch 3\n>p1 switch 4\n>p2 move earthquake\n>p1 switch 4\n>p2 move psychicnoise\n>p1 move moonblast\n>p2 move earthquake\n>p1 move moonblast\n>p2 switch 6\n>p2 switch 4\n>p1 switch 4\n>p2 move machpunch\n>p1 switch 4\n>p2 move closecombat\n>p1 switch 4\n>p1 move wavecrash\n>p2 switch 6\n>p1 move wavecrash\n>p2 move psychicnoise\n>p2 switch 5\n>p1 move wavecrash\n>p2 move earthquake\n>p2 switch 6\n>p1 move wavecrash\n>p2 move machpunch\n>p1 switch 3\n>p1 move powerwhip\n>p2 move closecombat", "uploadtime": 1722397689, "views": 164, "formatid": "gen9randombattle", "rating": 2213, "private": 0, "password": null}