{"id": "gen9randombattle-2199319340", "format": "[Gen 9] Random Battle", "players": ["RBLT yerdunc", "lowaltitude"], "log": "|badge|p1|bronze|gen9randombattle|100-2\n|uhtml|medal-msg|<div class=\"broadcast-blue\">Curious what those medals under the avatar are? PS now has Ladder Seasons! For more information, check out the <a href=\"https://www.smogon.com/forums/threads/3740067/\">thread on Smogon.</a></div>\n|raw|<div class=\"broadcast-blue\"><strong>This battle is required to be public due to a player having a name starting with 'rblt'.</div>\n|j|\u2606RBLT yerdunc\n|j|\u2606lowaltitude\n|t:|1726064869\n|gametype|singles\n|player|p1|RBLT yerdunc|ethan|2393\n|player|p2|lowaltitude|102|2292\n|teamsize|p1|6\n|teamsize|p2|6\n|gen|9\n|tier|[Gen 9] Random Battle\n|rated|\n|rule|Species Clause: Limit one of each Pok\u00e9mon\n|rule|HP Percentage Mod: HP is shown in percentages\n|rule|Sleep Clause Mod: Limit one foe put to sleep\n|rule|Illusion Level Mod: Illusion disguises the Pok\u00e9mon's true level\n|\n|t:|1726064869\n|start\n|switch|p1a: Banette|Banette, L93, M|270/270\n|switch|p2a: Komala|Komala, L89, F|260/260\n|-ability|p2a: Komala|Comatose\n|turn|1\n|\n|t:|1726064876\n|move|p1a: Banette|Gunk Shot|p2a: Komala|[miss]\n|-miss|p1a: Banette|p2a: Komala\n|move|p2a: Komala|Knock Off|p1a: Banette\n|-supereffective|p1a: Banette\n|-damage|p1a: Banette|70/270\n|-enditem|p1a: Banette|Life Orb|[from] move: Knock Off|[of] p2a: Komala\n|\n|upkeep\n|turn|2\n|\n|t:|1726064881\n|move|p1a: Banette|Gunk Shot|p2a: Komala|[miss]\n|-miss|p1a: Banette|p2a: Komala\n|move|p2a: Komala|Earthquake|p1a: Banette\n|-damage|p1a: Banette|0 fnt\n|faint|p1a: Banette\n|\n|upkeep\n|\n|t:|1726064890\n|switch|p1a: Pikachu|Pikachu-Kalos, L93, M|216/216\n|turn|3\n|\n|t:|1726064924\n|switch|p2a: Uxie|Uxie, L83|260/260\n|move|p1a: Pikachu|Fake Out|p2a: Uxie\n|-damage|p2a: Uxie|226/260\n|\n|-heal|p2a: Uxie|242/260|[from] item: Leftovers\n|upkeep\n|turn|4\n|\n|t:|1726064930\n|move|p1a: Pikachu|Volt Tackle|p2a: Uxie\n|-damage|p2a: Uxie|80/260\n|-damage|p1a: Pikachu|163/216|[from] Recoil\n|move|p2a: Uxie|Knock Off|p1a: Pikachu\n|-damage|p1a: Pikachu|71/216\n|-enditem|p1a: Pikachu|Light Ball|[from] move: Knock Off|[of] p2a: Uxie\n|\n|-heal|p2a: Uxie|96/260|[from] item: Leftovers\n|upkeep\n|turn|5\n|j| antisocialkyle\n|\n|t:|1726064950\n|move|p1a: Pikachu|Volt Tackle|p2a: Uxie\n|-damage|p2a: Uxie|15/260\n|-damage|p1a: Pikachu|44/216|[from] Recoil\n|move|p2a: Uxie|Psychic Noise|p1a: Pikachu\n|-damage|p1a: Pikachu|0 fnt\n|faint|p1a: Pikachu\n|\n|-heal|p2a: Uxie|31/260|[from] item: Leftovers\n|upkeep\n|\n|t:|1726064958\n|switch|p1a: Kilowattrel|Kilowattrel, L83, F|252/252\n|turn|6\n|\n|t:|1726064980\n|switch|p2a: Komala|Komala, L89, F|260/260\n|-ability|p2a: Komala|Comatose\n|move|p1a: Kilowattrel|U-turn|p2a: Komala\n|-damage|p2a: Komala|216/260\n|j| JayMC0101\n|\n|t:|1726064987\n|switch|p1a: Lurantis|Lurantis, L87, M|264/264|[from] U-turn\n|\n|upkeep\n|turn|7\n|l| JayMC0101\n|\n|t:|1726065013\n|switch|p2a: Tentacruel|Tentacruel, L84, M|272/272\n|move|p1a: Lurantis|Superpower|p2a: Tentacruel\n|-resisted|p2a: Tentacruel\n|-damage|p2a: Tentacruel|209/272\n|-boost|p1a: Lurantis|atk|1\n|-boost|p1a: Lurantis|def|1\n|\n|-heal|p2a: Tentacruel|226/272|[from] item: Leftovers\n|upkeep\n|turn|8\n|\n|t:|1726065020\n|move|p2a: Tentacruel|Sludge Bomb|p1a: Lurantis\n|-supereffective|p1a: Lurantis\n|-damage|p1a: Lurantis|112/264\n|-status|p1a: Lurantis|psn\n|move|p1a: Lurantis|Knock Off|p2a: Tentacruel\n|-damage|p2a: Tentacruel|94/272\n|-enditem|p2a: Tentacruel|Leftovers|[from] move: Knock Off|[of] p1a: Lurantis\n|\n|-heal|p1a: Lurantis|128/264 psn|[from] item: Leftovers\n|-damage|p1a: Lurantis|95/264 psn|[from] psn\n|upkeep\n|turn|9\n|\n|t:|1726065043\n|move|p2a: Tentacruel|Sludge Bomb|p1a: Lurantis\n|-supereffective|p1a: Lurantis\n|-damage|p1a: Lurantis|0 fnt\n|faint|p1a: Lurantis\n|\n|upkeep\n|\n|t:|1726065045\n|switch|p1a: Kilowattrel|Kilowattrel, L83, F|252/252\n|turn|10\n|\n|t:|1726065060\n|switch|p2a: Uxie|Uxie, L83|31/260\n|move|p1a: Kilowattrel|Thunderbolt|p2a: Uxie\n|-damage|p2a: Uxie|0 fnt\n|faint|p2a: Uxie\n|\n|upkeep\n|\n|t:|1726065062\n|switch|p2a: Komala|Komala, L89, F|216/260\n|-ability|p2a: Komala|Comatose\n|turn|11\n|\n|t:|1726065066\n|move|p1a: Kilowattrel|Hurricane|p2a: Komala|[miss]\n|-miss|p1a: Kilowattrel|p2a: Komala\n|move|p2a: Komala|Body Slam|p1a: Kilowattrel\n|-damage|p1a: Kilowattrel|107/252\n|\n|upkeep\n|turn|12\n|\n|t:|1726065081\n|move|p1a: Kilowattrel|Hurricane|p2a: Komala\n|-damage|p2a: Komala|149/260\n|move|p2a: Komala|Body Slam|p1a: Kilowattrel\n|-damage|p1a: Kilowattrel|0 fnt\n|faint|p1a: Kilowattrel\n|\n|upkeep\n|\n|t:|1726065086\n|switch|p1a: Hydreigon|Hydreigon, L79, F|275/275\n|turn|13\n|\n|t:|1726065102\n|move|p1a: Hydreigon|Dark Pulse|p2a: Komala\n|-damage|p2a: Komala|70/260\n|move|p2a: Komala|Body Slam|p1a: Hydreigon\n|-damage|p1a: Hydreigon|154/275\n|\n|upkeep\n|turn|14\n|\n|t:|1726065112\n|move|p1a: Hydreigon|Dark Pulse|p2a: Komala\n|-damage|p2a: Komala|0 fnt\n|faint|p2a: Komala\n|\n|upkeep\n|\n|t:|1726065115\n|switch|p2a: Staraptor|Staraptor, L79, M|263/263\n|turn|15\n|\n|t:|1726065122\n|-terastallize|p1a: Hydreigon|Steel\n|move|p2a: Staraptor|U-turn|p1a: Hydreigon\n|-resisted|p1a: Hydreigon\n|-damage|p1a: Hydreigon|115/275\n|\n|t:|1726065129\n|switch|p2a: Tentacruel|Tentacruel, L84, M|94/272|[from] U-turn\n|move|p1a: Hydreigon|Dark Pulse|p2a: Tentacruel\n|-damage|p2a: Tentacruel|0 fnt\n|faint|p2a: Tentacruel\n|\n|upkeep\n|\n|t:|1726065134\n|switch|p2a: Staraptor|Staraptor, L79, M|263/263\n|turn|16\n|\n|t:|1726065137\n|move|p2a: Staraptor|Brave Bird|p1a: Hydreigon\n|-resisted|p1a: Hydreigon\n|-damage|p1a: Hydreigon|1/275\n|-damage|p2a: Staraptor|225/263|[from] Recoil\n|move|p1a: Hydreigon|Dark Pulse|p2a: Staraptor\n|-crit|p2a: Staraptor\n|-damage|p2a: Staraptor|0 fnt\n|faint|p2a: Staraptor\n|\n|upkeep\n|\n|t:|1726065143\n|switch|p2a: Golduck|Golduck, L90, F|290/290\n|-ability|p2a: Golduck|Cloud Nine\n|turn|17\n|\n|t:|1726065146\n|move|p2a: Golduck|Ice Beam|p1a: Hydreigon\n|-resisted|p1a: Hydreigon\n|-damage|p1a: Hydreigon|0 fnt\n|faint|p1a: Hydreigon\n|-damage|p2a: Golduck|261/290|[from] item: Life Orb\n|\n|upkeep\n|\n|t:|1726065148\n|switch|p1a: Comfey|Comfey, L85, M|225/225\n|turn|18\n|\n|t:|1726065151\n|switch|p2a: Polteageist|Polteageist-Antique, L79|224/224\n|move|p1a: Comfey|Calm Mind|p1a: Comfey\n|-boost|p1a: Comfey|spa|1\n|-boost|p1a: Comfey|spd|1\n|\n|upkeep\n|turn|19\n|\n|t:|1726065155\n|move|p1a: Comfey|Calm Mind|p1a: Comfey\n|-boost|p1a: Comfey|spa|1\n|-boost|p1a: Comfey|spd|1\n|move|p2a: Polteageist|Shell Smash|p2a: Polteageist\n|-unboost|p2a: Polteageist|def|1\n|-unboost|p2a: Polteageist|spd|1\n|-boost|p2a: Polteageist|atk|2\n|-boost|p2a: Polteageist|spa|2\n|-boost|p2a: Polteageist|spe|2\n|-enditem|p2a: Polteageist|White Herb\n|-clearnegativeboost|p2a: Polteageist|[silent]\n|\n|upkeep\n|turn|20\n|\n|t:|1726065160\n|move|p2a: Polteageist|Stored Power|p1a: Comfey\n|-damage|p1a: Comfey|129/225\n|move|p1a: Comfey|Calm Mind|p1a: Comfey\n|-boost|p1a: Comfey|spa|1\n|-boost|p1a: Comfey|spd|1\n|\n|-heal|p1a: Comfey|143/225|[from] item: Leftovers\n|upkeep\n|turn|21\n|\n|t:|1726065165\n|move|p2a: Polteageist|Stored Power|p1a: Comfey\n|-damage|p1a: Comfey|74/225\n|move|p1a: Comfey|Calm Mind|p1a: Comfey\n|-boost|p1a: Comfey|spa|1\n|-boost|p1a: Comfey|spd|1\n|\n|-heal|p1a: Comfey|88/225|[from] item: Leftovers\n|upkeep\n|turn|22\n|\n|t:|1726065169\n|move|p1a: Comfey|Draining Kiss|p2a: Polteageist\n|-damage|p2a: Polteageist|91/224\n|-heal|p1a: Comfey|188/225|[from] drain|[of] p2a: Polteageist\n|move|p2a: Polteageist|Stored Power|p1a: Comfey\n|-damage|p1a: Comfey|128/225\n|\n|-heal|p1a: Comfey|142/225|[from] item: Leftovers\n|upkeep\n|turn|23\n|\n|t:|1726065174\n|move|p1a: Comfey|Draining Kiss|p2a: Polteageist\n|-damage|p2a: Polteageist|0 fnt\n|-heal|p1a: Comfey|210/225|[from] drain|[of] p2a: Polteageist\n|faint|p2a: Polteageist\n|\n|-heal|p1a: Comfey|224/225|[from] item: Leftovers\n|upkeep\n|-message|lowaltitude forfeited.\n|\n|win|RBLT yerdunc\n|raw|RBLT yerdunc's rating: 2393 &rarr; <strong>2408</strong><br />(+15 for winning)\n|raw|lowaltitude's rating: 2309 &rarr; <strong>2294</strong><br />(-15 for losing)\n|l|\u2606lowaltitude\n|player|p2|\n", "inputlog": ">version 4aaeaf600b1c44f5d740f3e60432e126c6a1bdf3\n>start {\"formatid\":\"gen9randombattle\",\"seed\":[25849,34017,18350,43360],\"rated\":\"Rated battle\"}\n>player p1 {\"name\":\"RBLT yerdunc\",\"avatar\":\"ethan\",\"rating\":2393,\"seed\":[20854,33173,24309,27473]}\n>player p2 {\"name\":\"lowaltitude\",\"avatar\":\"102\",\"rating\":2292,\"seed\":[41347,2356,25890,5054]}\n>p1 move gunkshot\n>p2 move knockoff\n>p1 move gunkshot\n>p2 move earthquake\n>p1 switch 4\n>p1 move fakeout\n>p2 switch 5\n>p1 move volttackle\n>p2 move knockoff\n>p1 move volttackle\n>p2 move psychicnoise\n>p1 switch 5\n>p1 move uturn\n>p2 switch 5\n>p1 switch 2\n>p1 move superpower\n>p2 switch 2\n>p1 move knockoff\n>p2 move sludgebomb\n>p1 move knockoff\n>p2 move sludgebomb\n>p1 switch 2\n>p1 move thunderbolt\n>p2 switch 5\n>p2 switch 2\n>p1 move hurricane\n>p2 move bodyslam\n>p1 move hurricane\n>p2 move bodyslam\n>p1 switch 6\n>p1 move darkpulse\n>p2 move bodyslam\n>p1 move darkpulse\n>p2 move bodyslam\n>p2 switch 4\n>p1 move darkpulse terastallize\n>p2 move uturn\n>p2 switch 5\n>p2 switch 5\n>p1 move darkpulse\n>p2 move bravebird\n>p2 switch 3\n>p1 move darkpulse\n>p2 move icebeam\n>p1 switch 3\n>p1 move calmmind\n>p2 switch 6\n>p1 move calmmind\n>p2 move shellsmash\n>p1 move calmmind\n>p2 move storedpower\n>p1 move calmmind\n>p2 move storedpower\n>p1 move drainingkiss\n>p2 move storedpower\n>p1 move drainingkiss\n>p2 move storedpower\n>forcelose p2", "uploadtime": 1726065180, "views": 119, "formatid": "gen9randombattle", "rating": 2294, "private": 0, "password": null}