{"id": "gen9randombattle-2143192984", "format": "[Gen 9] Random Battle", "players": ["ingmajor", "yoo cho"], "log": "|badge|p2|bronze|gen9randombattle|100-1\n|uhtml|medal-msg|<div class=\"broadcast-blue\">Curious what those medals under the avatar are? PS now has Ladder Seasons! For more information, check out the <a href=\"https://www.smogon.com/forums/threads/3740067/\">thread on Smogon.</a></div>\n|j|\u2606ingmajor\n|j|\u2606yoo cho\n|t:|1718373776\n|gametype|singles\n|player|p1|ingmajor|lisia-masters|2266\n|player|p2|yoo cho|clair|2308\n|teamsize|p1|6\n|teamsize|p2|6\n|gen|9\n|tier|[Gen 9] Random Battle\n|rated|\n|rule|Species Clause: Limit one of each Pok\u00e9mon\n|rule|HP Percentage Mod: HP is shown in percentages\n|rule|Sleep Clause Mod: Limit one foe put to sleep\n|rule|Illusion Level Mod: Illusion disguises the Pok\u00e9mon's true level\n|\n|t:|1718373776\n|start\n|switch|p1a: Mienshao|Mienshao, L83, M|244/244\n|switch|p2a: Tauros|Tauros-Paldea-Combat, L83, M|260/260\n|-ability|p2a: Tauros|Intimidate|boost\n|-unboost|p1a: Mienshao|atk|1\n|turn|1\n|\n|t:|1718373787\n|switch|p1a: Bruxish|Bruxish, L85, F|254/254\n|move|p2a: Tauros|Bulk Up|p2a: Tauros\n|-boost|p2a: Tauros|atk|1\n|-boost|p2a: Tauros|def|1\n|\n|upkeep\n|turn|2\n|\n|t:|1718373799\n|switch|p2a: Orthworm|Orthworm, L88, F|266/266\n|move|p1a: Bruxish|Flip Turn|p2a: Orthworm\n|-damage|p2a: Orthworm|200/266\n|\n|t:|1718373804\n|switch|p1a: Mienshao|Mienshao, L83, M|244/244|[from] Flip Turn\n|\n|upkeep\n|turn|3\n|\n|t:|1718373814\n|switch|p2a: Tauros|Tauros-Paldea-Combat, L83, M|260/260\n|-ability|p2a: Tauros|Intimidate|boost\n|-unboost|p1a: Mienshao|atk|1\n|move|p1a: Mienshao|Close Combat|p2a: Tauros\n|-damage|p2a: Tauros|151/260\n|-unboost|p1a: Mienshao|def|1\n|-unboost|p1a: Mienshao|spd|1\n|-damage|p1a: Mienshao|220/244|[from] item: Life Orb\n|\n|upkeep\n|turn|4\n|\n|t:|1718373827\n|switch|p1a: Bruxish|Bruxish, L85, F|254/254\n|move|p2a: Tauros|Earthquake|p1a: Bruxish\n|-damage|p1a: Bruxish|145/254\n|-damage|p2a: Tauros|125/260|[from] item: Life Orb\n|\n|upkeep\n|turn|5\n|\n|t:|1718373842\n|switch|p1a: Mienshao|Mienshao, L83, M|244/244\n|move|p2a: Tauros|Earthquake|p1a: Mienshao\n|-damage|p1a: Mienshao|100/244\n|-damage|p2a: Tauros|99/260|[from] item: Life Orb\n|\n|upkeep\n|turn|6\n|\n|t:|1718373847\n|move|p1a: Mienshao|Close Combat|p2a: Tauros\n|-damage|p2a: Tauros|0 fnt\n|-unboost|p1a: Mienshao|def|1\n|-unboost|p1a: Mienshao|spd|1\n|faint|p2a: Tauros\n|-damage|p1a: Mienshao|76/244|[from] item: Life Orb\n|\n|upkeep\n|\n|t:|1718373854\n|switch|p2a: Sandslash|Sandslash, L88, M|275/275\n|turn|7\n|\n|t:|1718373866\n|switch|p1a: Palkia|Palkia, L75|259/259\n|-ability|p1a: Palkia|Pressure\n|move|p2a: Sandslash|Rapid Spin|p1a: Palkia\n|-damage|p1a: Palkia|218/259\n|-boost|p2a: Sandslash|spe|1\n|\n|upkeep\n|turn|8\n|\n|t:|1718373873\n|switch|p2a: Glaceon|Glaceon, L94, M|275/275\n|move|p1a: Palkia|Hydro Pump|p2a: Glaceon\n|-damage|p2a: Glaceon|163/275\n|\n|upkeep\n|turn|9\n|\n|t:|1718373882\n|switch|p1a: Tauros|Tauros-Paldea-Blaze, L81, M|254/254\n|-ability|p1a: Tauros|Intimidate|boost\n|-unboost|p2a: Glaceon|atk|1\n|move|p2a: Glaceon|Wish|p2a: Glaceon\n|\n|upkeep\n|turn|10\n|\n|t:|1718373891\n|switch|p2a: Sandslash|Sandslash, L88, M|275/275\n|move|p1a: Tauros|Close Combat|p2a: Sandslash\n|-damage|p2a: Sandslash|124/275\n|-unboost|p1a: Tauros|def|1\n|-unboost|p1a: Tauros|spd|1\n|\n|-heal|p2a: Sandslash|261/275|[from] move: Wish|[wisher] Glaceon\n|-heal|p2a: Sandslash|275/275|[from] item: Leftovers\n|upkeep\n|turn|11\n|\n|t:|1718373900\n|move|p1a: Tauros|Close Combat|p2a: Sandslash\n|-damage|p2a: Sandslash|124/275\n|-unboost|p1a: Tauros|def|1\n|-unboost|p1a: Tauros|spd|1\n|move|p2a: Sandslash|Earthquake|p1a: Tauros\n|-supereffective|p1a: Tauros\n|-damage|p1a: Tauros|0 fnt\n|faint|p1a: Tauros\n|\n|-heal|p2a: Sandslash|141/275|[from] item: Leftovers\n|upkeep\n|\n|t:|1718373906\n|switch|p1a: Mienshao|Mienshao, L83, M|157/244\n|turn|12\n|\n|t:|1718373913\n|move|p1a: Mienshao|Close Combat|p2a: Sandslash\n|-damage|p2a: Sandslash|0 fnt\n|-unboost|p1a: Mienshao|def|1\n|-unboost|p1a: Mienshao|spd|1\n|faint|p2a: Sandslash\n|-damage|p1a: Mienshao|133/244|[from] item: Life Orb\n|\n|upkeep\n|\n|t:|1718373915\n|switch|p2a: Clawitzer|Clawitzer, L86, F|262/262\n|turn|13\n|\n|t:|1718373923\n|switch|p1a: Dugtrio|Dugtrio-Alola, L84, M|196/196\n|move|p2a: Clawitzer|Dragon Pulse|p1a: Dugtrio\n|-resisted|p1a: Dugtrio\n|-damage|p1a: Dugtrio|94/196\n|\n|upkeep\n|turn|14\n|\n|t:|1718373929\n|switch|p1a: Mienshao|Mienshao, L83, M|214/244\n|move|p2a: Clawitzer|Dragon Pulse|p1a: Mienshao\n|-damage|p1a: Mienshao|0 fnt\n|faint|p1a: Mienshao\n|\n|upkeep\n|\n|t:|1718373935\n|switch|p1a: Bruxish|Bruxish, L85, F|145/254\n|turn|15\n|\n|t:|1718373936\n|move|p1a: Bruxish|Psychic Fangs|p2a: Clawitzer\n|-damage|p2a: Clawitzer|28/262\n|move|p2a: Clawitzer|Dragon Pulse|p1a: Bruxish\n|-damage|p1a: Bruxish|0 fnt\n|faint|p1a: Bruxish\n|\n|upkeep\n|\n|t:|1718373942\n|switch|p1a: Reshiram|Reshiram, L76|277/277\n|-ability|p1a: Reshiram|Turboblaze\n|turn|16\n|\n|t:|1718373946\n|move|p1a: Reshiram|Blue Flare|p2a: Clawitzer|[miss]\n|-miss|p1a: Reshiram|p2a: Clawitzer\n|move|p2a: Clawitzer|Dragon Pulse|p1a: Reshiram\n|-supereffective|p1a: Reshiram\n|-damage|p1a: Reshiram|0 fnt\n|faint|p1a: Reshiram\n|\n|upkeep\n|-message|ingmajor forfeited.\n|\n|win|yoo cho\n|raw|ingmajor's rating: 2266 &rarr; <strong>2248</strong><br />(-18 for losing)\n|raw|yoo cho's rating: 2308 &rarr; <strong>2326</strong><br />(+18 for winning)\n|l|\u2606ingmajor\n|player|p1|\n", "inputlog": ">version e046c5ea766451ca9500a73fe72ec774e92e6f7e\n>start {\"formatid\":\"gen9randombattle\",\"seed\":[38162,9999,29670,4406],\"rated\":\"Rated battle\"}\n>player p1 {\"name\":\"ingmajor\",\"avatar\":\"lisia-masters\",\"rating\":2266,\"seed\":[15347,3532,31544,59252]}\n>player p2 {\"name\":\"yoo cho\",\"avatar\":\"clair\",\"rating\":2308,\"seed\":[45696,4398,32788,32784]}\n>p1 switch 6\n>p2 move bulkup\n>p1 move flipturn\n>p2 switch 5\n>p1 switch 6\n>p1 move closecombat\n>p2 switch 5\n>p1 switch 6\n>p2 move earthquake\n>p1 switch 6\n>p2 move earthquake\n>p1 move closecombat\n>p2 move earthquake\n>p2 switch 2\n>p1 switch 5\n>p2 move rapidspin\n>p1 move hydropump\n>p2 switch 4\n>p1 switch 2\n>p2 move wish\n>p1 move closecombat\n>p2 switch 4\n>p1 move closecombat\n>p2 move earthquake\n>p1 switch 5\n>p1 move closecombat\n>p2 move earthquake\n>p2 switch 3\n>p1 switch 4\n>p2 move dragonpulse\n>p1 switch 4\n>p2 move dragonpulse\n>p1 switch 6\n>p1 move psychicfangs\n>p2 move dragonpulse\n>p1 switch 3\n>p1 move blueflare\n>p2 move dragonpulse\n>forcelose p1", "uploadtime": 1718373955, "views": 190, "formatid": "gen9randombattle", "rating": 2248, "private": 0, "password": null}