{"id": "gen9randombattle-2260886342", "format": "[Gen 9] Random Battle", "players": ["Jacobtk", "tza803"], "log": "|j|\u2606Jacobtk\n|j|\u2606tza803\n|t:|1733910921\n|gametype|singles\n|player|p1|Jacobtk|170|1352\n|player|p2|tza803|2|1398\n|teamsize|p1|6\n|teamsize|p2|6\n|gen|9\n|tier|[Gen 9] Random Battle\n|rated|\n|rule|Species Clause: Limit one of each Pok\u00e9mon\n|rule|HP Percentage Mod: HP is shown in percentages\n|rule|Sleep Clause Mod: Limit one foe put to sleep\n|rule|Illusion Level Mod: Illusion disguises the Pok\u00e9mon's true level\n|\n|t:|1733910921\n|start\n|switch|p1a: Quaquaval|Quaquaval, L79, M|264/264\n|switch|p2a: Regidrago|Regidrago, L77|435/435\n|turn|1\n|inactive|Battle timer is ON: inactive players will automatically lose when time's up. (requested by Jacobtk)\n|inactive|tza803 also wants the timer to be on.\n|\n|t:|1733910935\n|switch|p1a: Manaphy|Manaphy, L78|284/284\n|-terastallize|p2a: Regidrago|Dragon\n|move|p2a: Regidrago|Dragon Energy|p1a: Manaphy\n|-damage|p1a: Manaphy|22/284\n|\n|-heal|p1a: Manaphy|39/284|[from] item: Leftovers\n|upkeep\n|turn|2\n|\n|t:|1733910944\n|move|p2a: Regidrago|Dragon Energy|p1a: Manaphy\n|-damage|p1a: Manaphy|0 fnt\n|faint|p1a: Manaphy\n|\n|upkeep\n|\n|t:|1733910951\n|switch|p1a: Grumpig|Grumpig, L92, M|297/297\n|turn|3\n|\n|t:|1733910961\n|switch|p2a: Crawdaunt|Crawdaunt, L84, F|243/243\n|move|p1a: Grumpig|Dazzling Gleam|p2a: Crawdaunt\n|-supereffective|p2a: Crawdaunt\n|-damage|p2a: Crawdaunt|71/243\n|\n|upkeep\n|turn|4\n|\n|t:|1733910988\n|switch|p2a: Sunflora|Sunflora, F|312/312\n|move|p1a: Grumpig|Dazzling Gleam|p2a: Sunflora\n|-damage|p2a: Sunflora|258/312\n|\n|upkeep\n|turn|5\n|inactive|tza803 has 120 seconds left.\n|\n|t:|1733911003\n|switch|p1a: Rabsca|Rabsca, L91, F|284/284\n|move|p2a: Sunflora|Leaf Storm|p1a: Rabsca\n|-resisted|p1a: Rabsca\n|-damage|p1a: Rabsca|159/284\n|-unboost|p2a: Sunflora|spa|2\n|\n|upkeep\n|turn|6\n|inactive|tza803 has 120 seconds left.\n|inactive|Jacobtk has 120 seconds left.\n|\n|t:|1733911038\n|switch|p2a: Meloetta|Meloetta, L82|298/298\n|move|p1a: Rabsca|Trick Room|p1a: Rabsca\n|-fieldstart|move: Trick Room|[of] p1a: Rabsca\n|\n|upkeep\n|turn|7\n|\n|t:|1733911055\n|switch|p2a: Politoed|Politoed, L88, M|302/302\n|-weather|RainDance|[from] ability: Drizzle|[of] p2a: Politoed\n|move|p1a: Rabsca|Bug Buzz|p2a: Politoed\n|-damage|p2a: Politoed|188/302\n|\n|-weather|RainDance|[upkeep]\n|upkeep\n|turn|8\n|\n|t:|1733911064\n|move|p1a: Rabsca|Revival Blessing|p1a: Rabsca\n|\n|t:|1733911066\n|-heal|p1: Manaphy|142/284|[from] move: Revival Blessing\n|move|p2a: Politoed|Hydro Pump|p1a: Rabsca\n|-damage|p1a: Rabsca|15/284\n|\n|-weather|RainDance|[upkeep]\n|upkeep\n|turn|9\n|inactive|tza803 has 120 seconds left.\n|\n|t:|1733911077\n|switch|p2a: Ambipom|Ambipom, L84, M|263/263\n|move|p1a: Rabsca|Psychic|p2a: Ambipom\n|-damage|p2a: Ambipom|112/263\n|\n|-weather|RainDance|[upkeep]\n|upkeep\n|turn|10\n|inactive|tza803 has 120 seconds left.\n|\n|t:|1733911084\n|move|p2a: Ambipom|Fake Out|p1a: Rabsca\n|-damage|p1a: Rabsca|0 fnt\n|faint|p1a: Rabsca\n|\n|-weather|RainDance|[upkeep]\n|-fieldend|move: Trick Room\n|upkeep\n|\n|t:|1733911089\n|switch|p1a: Quaquaval|Quaquaval, L79, M|264/264\n|turn|11\n|inactive|tza803 has 120 seconds left.\n|\n|t:|1733911110\n|switch|p2a: Sunflora|Sunflora, F|258/312\n|move|p1a: Quaquaval|Aqua Step|p2a: Sunflora\n|-resisted|p2a: Sunflora\n|-damage|p2a: Sunflora|163/312\n|-boost|p1a: Quaquaval|spe|1\n|-damage|p1a: Quaquaval|238/264|[from] item: Life Orb\n|\n|-weather|none\n|upkeep\n|turn|12\n|inactive|tza803 has 120 seconds left.\n|\n|t:|1733911123\n|-terastallize|p1a: Quaquaval|Fighting\n|move|p1a: Quaquaval|Swords Dance|p1a: Quaquaval\n|-boost|p1a: Quaquaval|atk|2\n|move|p2a: Sunflora|Dazzling Gleam|p1a: Quaquaval\n|-supereffective|p1a: Quaquaval\n|-damage|p1a: Quaquaval|0 fnt\n|faint|p1a: Quaquaval\n|\n|upkeep\n|\n|t:|1733911136\n|switch|p1a: Manaphy|Manaphy, L78|142/284\n|turn|13\n|\n|t:|1733911144\n|move|p1a: Manaphy|Ice Beam|p2a: Sunflora\n|-supereffective|p2a: Sunflora\n|-damage|p2a: Sunflora|73/312\n|-status|p2a: Sunflora|frz\n|cant|p2a: Sunflora|frz\n|\n|-heal|p1a: Manaphy|159/284|[from] item: Leftovers\n|upkeep\n|turn|14\n|\n|t:|1733911155\n|switch|p2a: Regidrago|Regidrago, L77, tera:Dragon|435/435\n|move|p1a: Manaphy|Ice Beam|p2a: Regidrago\n|-supereffective|p2a: Regidrago\n|-damage|p2a: Regidrago|257/435\n|\n|-heal|p1a: Manaphy|176/284|[from] item: Leftovers\n|upkeep\n|turn|15\n|inactive|Jacobtk has 120 seconds left.\n|\n|t:|1733911185\n|move|p2a: Regidrago|Outrage|p1a: Manaphy\n|-damage|p1a: Manaphy|0 fnt\n|faint|p1a: Manaphy\n|\n|upkeep\n|\n|t:|1733911188\n|switch|p1a: Grumpig|Grumpig, L92, M|297/297\n|turn|16\n|\n|t:|1733911193\n|move|p2a: Regidrago|Outrage|p1a: Grumpig|[from]lockedmove\n|-damage|p1a: Grumpig|31/297\n|-start|p2a: Regidrago|confusion|[fatigue]\n|move|p1a: Grumpig|Dazzling Gleam|p2a: Regidrago\n|-supereffective|p2a: Regidrago\n|-damage|p2a: Regidrago|63/435\n|\n|-heal|p1a: Grumpig|49/297|[from] item: Leftovers\n|upkeep\n|turn|17\n|\n|t:|1733911200\n|-activate|p2a: Regidrago|confusion\n|move|p2a: Regidrago|Outrage|p1a: Grumpig\n|-damage|p1a: Grumpig|0 fnt\n|faint|p1a: Grumpig\n|\n|upkeep\n|\n|t:|1733911212\n|switch|p1a: Cyclizar|Cyclizar, L83, F|252/252\n|turn|18\n|\n|t:|1733911218\n|-activate|p2a: Regidrago|confusion\n|-damage|p2a: Regidrago|27/435|[from] confusion\n|move|p1a: Cyclizar|Knock Off|p2a: Regidrago\n|-damage|p2a: Regidrago|0 fnt\n|-enditem|p2a: Regidrago|Choice Scarf|[from] move: Knock Off|[of] p1a: Cyclizar\n|faint|p2a: Regidrago\n|\n|upkeep\n|\n|t:|1733911234\n|switch|p2a: Meloetta|Meloetta, L82|298/298\n|turn|19\n|\n|t:|1733911243\n|move|p1a: Cyclizar|Shed Tail|p1a: Cyclizar\n|-start|p1a: Cyclizar|Substitute|[from] move: Shed Tail\n|-damage|p1a: Cyclizar|126/252\n|\n|t:|1733911245\n|switch|p1a: Wo-Chien|Wo-Chien, L83|277/277|[from] Shed Tail\n|-ability|p1a: Wo-Chien|Tablets of Ruin\n|move|p2a: Meloetta|Relic Song|p1a: Wo-Chien\n|-damage|p1a: Wo-Chien|183/277\n|-formechange|p2a: Meloetta|Meloetta-Pirouette|[msg]\n|-damage|p2a: Meloetta|269/298|[from] item: Life Orb\n|\n|-heal|p1a: Wo-Chien|200/277|[from] item: Leftovers\n|upkeep\n|turn|20\n|\n|t:|1733911263\n|move|p2a: Meloetta|Triple Axel|p1a: Wo-Chien\n|-supereffective|p1a: Wo-Chien\n|-activate|p1a: Wo-Chien|move: Substitute|[damage]\n|-supereffective|p1a: Wo-Chien\n|-end|p1a: Wo-Chien|Substitute\n|-supereffective|p1a: Wo-Chien\n|-damage|p1a: Wo-Chien|114/277\n|-hitcount|p1a: Wo-Chien|3\n|-damage|p2a: Meloetta|240/298|[from] item: Life Orb\n|move|p1a: Wo-Chien|Knock Off|p2a: Meloetta\n|-resisted|p2a: Meloetta\n|-damage|p2a: Meloetta|192/298\n|-enditem|p2a: Meloetta|Life Orb|[from] move: Knock Off|[of] p1a: Wo-Chien\n|\n|-heal|p1a: Wo-Chien|131/277|[from] item: Leftovers\n|upkeep\n|turn|21\n|\n|t:|1733911276\n|move|p2a: Meloetta|Close Combat|p1a: Wo-Chien\n|-supereffective|p1a: Wo-Chien\n|-damage|p1a: Wo-Chien|0 fnt\n|-unboost|p2a: Meloetta|def|1\n|-unboost|p2a: Meloetta|spd|1\n|faint|p1a: Wo-Chien\n|\n|upkeep\n|\n|t:|1733911279\n|switch|p1a: Cyclizar|Cyclizar, L83, F|210/252\n|turn|22\n|\n|t:|1733911285\n|move|p2a: Meloetta|Triple Axel|p1a: Cyclizar\n|-supereffective|p1a: Cyclizar\n|-damage|p1a: Cyclizar|168/252\n|-supereffective|p1a: Cyclizar\n|-damage|p1a: Cyclizar|88/252\n|-supereffective|p1a: Cyclizar\n|-damage|p1a: Cyclizar|0 fnt\n|faint|p1a: Cyclizar\n|-hitcount|p1: Cyclizar|3\n|\n|win|tza803\n|raw|Jacobtk's rating: 1352 &rarr; <strong>1335</strong><br />(-17 for losing)\n|raw|tza803's rating: 1398 &rarr; <strong>1415</strong><br />(+17 for winning)\n|l|\u2606Jacobtk\n|player|p1|\n", "inputlog": ">version bfd83cad13791eb5a5a409923076391caf6fb4d4\n>start {\"formatid\":\"gen9randombattle\",\"seed\":[46021,6742,25794,23881],\"rated\":\"Rated battle\"}\n>player p1 {\"name\":\"Jacobtk\",\"avatar\":\"170\",\"rating\":1352,\"seed\":[17587,9452,3697,22340]}\n>player p2 {\"name\":\"tza803\",\"avatar\":\"2\",\"rating\":1398,\"seed\":[61253,48201,33179,58571]}\n>p1 switch 2\n>p2 move dragonenergy terastallize\n>p1 move icebeam\n>p2 move dragonenergy\n>p1 switch 3\n>p1 move dazzlinggleam\n>p2 switch 6\n>p1 move dazzlinggleam\n>p2 switch 2\n>p1 switch 5\n>p2 move leafstorm\n>p1 move trickroom\n>p2 switch 5\n>p1 move bugbuzz\n>p2 switch 4\n>p1 move revivalblessing\n>p2 move hydropump\n>p1 switch 3\n>p1 move psychic\n>p2 switch 3\n>p1 move psychic\n>p2 move fakeout\n>p1 switch 2\n>p1 move aquastep\n>p2 switch 5\n>p1 move swordsdance terastallize\n>p2 move dazzlinggleam\n>p1 switch 3\n>p1 move icebeam\n>p2 move dazzlinggleam\n>p1 move icebeam\n>p2 switch 6\n>p1 move icebeam\n>p2 move outrage\n>p1 switch 5\n>p1 move dazzlinggleam\n>p2 move outrage\n>p1 move dazzlinggleam\n>p2 move outrage\n>p1 switch 6\n>p1 move knockoff\n>p2 move outrage\n>p2 switch 4\n>p1 move shedtail\n>p2 move relicsong\n>p1 switch 4\n>p1 move knockoff\n>p2 move tripleaxel\n>p1 move stunspore\n>p2 move closecombat\n>p1 switch 4\n>p1 move dracometeor\n>p2 move tripleaxel", "uploadtime": 1733911294, "views": 1, "formatid": "gen9randombattle", "rating": 1335, "private": 0, "password": null}