{"id": "gen9randombattle-2260762650", "format": "[Gen 9] Random Battle", "players": ["takaitai", "x8ight"], "log": "|j|\u203dtakaitai\n|j|\u2606x8ight\n|t:|1733888385\n|gametype|singles\n|player|p1|takaitai|169|1121\n|player|p2|x8ight|265|1166\n|teamsize|p1|6\n|teamsize|p2|6\n|gen|9\n|tier|[Gen 9] Random Battle\n|rated|\n|rule|Species Clause: Limit one of each Pok\u00e9mon\n|rule|HP Percentage Mod: HP is shown in percentages\n|rule|Sleep Clause Mod: Limit one foe put to sleep\n|rule|Illusion Level Mod: Illusion disguises the Pok\u00e9mon's true level\n|\n|t:|1733888385\n|start\n|switch|p1a: Giratina|Giratina-Origin, L72|335/335\n|switch|p2a: Magnezone|Magnezone, L85|258/258\n|turn|1\n|inactive|Battle timer is ON: inactive players will automatically lose when time's up. (requested by x8ight)\n|\n|t:|1733888419\n|switch|p1a: Bellossom|Bellossom, L84, F|263/263\n|move|p2a: Magnezone|Flash Cannon|p1a: Bellossom\n|-damage|p1a: Bellossom|158/263\n|\n|-heal|p1a: Bellossom|174/263|[from] item: Leftovers\n|upkeep\n|turn|2\n|\n|t:|1733888438\n|move|p2a: Magnezone|Flash Cannon|p1a: Bellossom\n|-damage|p1a: Bellossom|69/263\n|move|p1a: Bellossom|Quiver Dance|p1a: Bellossom\n|-boost|p1a: Bellossom|spa|1\n|-boost|p1a: Bellossom|spd|1\n|-boost|p1a: Bellossom|spe|1\n|\n|-heal|p1a: Bellossom|85/263|[from] item: Leftovers\n|upkeep\n|turn|3\n|\n|t:|1733888452\n|move|p1a: Bellossom|Strength Sap|p2a: Magnezone\n|-unboost|p2a: Magnezone|atk|1\n|-heal|p1a: Bellossom|209/263\n|move|p2a: Magnezone|Flash Cannon|p1a: Bellossom\n|-damage|p1a: Bellossom|136/263\n|\n|-heal|p1a: Bellossom|152/263|[from] item: Leftovers\n|upkeep\n|turn|4\n|inactive|takaitai has 120 seconds left.\n|\n|t:|1733888504\n|move|p1a: Bellossom|Quiver Dance|p1a: Bellossom\n|-boost|p1a: Bellossom|spa|1\n|-boost|p1a: Bellossom|spd|1\n|-boost|p1a: Bellossom|spe|1\n|move|p2a: Magnezone|Flash Cannon|p1a: Bellossom\n|-damage|p1a: Bellossom|98/263\n|\n|-heal|p1a: Bellossom|114/263|[from] item: Leftovers\n|upkeep\n|turn|5\n|inactive|x8ight has 120 seconds left.\n|\n|t:|1733888532\n|move|p1a: Bellossom|Strength Sap|p2a: Magnezone\n|-unboost|p2a: Magnezone|atk|1\n|-heal|p1a: Bellossom|196/263\n|move|p2a: Magnezone|Flash Cannon|p1a: Bellossom\n|-damage|p1a: Bellossom|144/263\n|\n|-heal|p1a: Bellossom|160/263|[from] item: Leftovers\n|upkeep\n|turn|6\n|inactive|x8ight has 120 seconds left.\n|\n|t:|1733888548\n|move|p1a: Bellossom|Giga Drain|p2a: Magnezone\n|-resisted|p2a: Magnezone\n|-crit|p2a: Magnezone\n|-damage|p2a: Magnezone|148/258\n|-heal|p1a: Bellossom|215/263|[from] drain|[of] p2a: Magnezone\n|move|p2a: Magnezone|Iron Defense|p2a: Magnezone\n|-boost|p2a: Magnezone|def|2\n|\n|-heal|p1a: Bellossom|231/263|[from] item: Leftovers\n|-heal|p2a: Magnezone|164/258|[from] item: Leftovers\n|upkeep\n|turn|7\n|inactive|x8ight has 120 seconds left.\n|\n|t:|1733888559\n|move|p1a: Bellossom|Quiver Dance|p1a: Bellossom\n|-boost|p1a: Bellossom|spa|1\n|-boost|p1a: Bellossom|spd|1\n|-boost|p1a: Bellossom|spe|1\n|move|p2a: Magnezone|Body Press|p1a: Bellossom\n|-damage|p1a: Bellossom|94/263\n|\n|-heal|p1a: Bellossom|110/263|[from] item: Leftovers\n|-heal|p2a: Magnezone|180/258|[from] item: Leftovers\n|upkeep\n|turn|8\n|inactive|x8ight has 120 seconds left.\n|inactive|takaitai has 90 seconds left.\n|\n|t:|1733888578\n|move|p1a: Bellossom|Giga Drain|p2a: Magnezone\n|-resisted|p2a: Magnezone\n|-damage|p2a: Magnezone|96/258\n|-heal|p1a: Bellossom|152/263|[from] drain|[of] p2a: Magnezone\n|move|p2a: Magnezone|Body Press|p1a: Bellossom\n|-damage|p1a: Bellossom|29/263\n|\n|-heal|p1a: Bellossom|45/263|[from] item: Leftovers\n|-heal|p2a: Magnezone|112/258|[from] item: Leftovers\n|upkeep\n|turn|9\n|inactive|x8ight has 120 seconds left.\n|inactive|takaitai has 90 seconds left.\n|\n|t:|1733888590\n|move|p1a: Bellossom|Strength Sap|p2a: Magnezone\n|-unboost|p2a: Magnezone|atk|1\n|-heal|p1a: Bellossom|107/263\n|move|p2a: Magnezone|Body Press|p1a: Bellossom\n|-damage|p1a: Bellossom|0 fnt\n|faint|p1a: Bellossom\n|\n|-heal|p2a: Magnezone|128/258|[from] item: Leftovers\n|upkeep\n|inactive|takaitai has 90 seconds left.\n|\n|t:|1733888615\n|switch|p1a: Giratina|Giratina-Origin, L72|335/335\n|turn|10\n|\n|t:|1733888629\n|move|p1a: Giratina|Poltergeist|p2a: Magnezone\n|-activate|p2a: Magnezone|move: Poltergeist|Leftovers\n|-damage|p2a: Magnezone|79/258\n|move|p2a: Magnezone|Flash Cannon|p1a: Giratina\n|-damage|p1a: Giratina|223/335\n|\n|-heal|p2a: Magnezone|95/258|[from] item: Leftovers\n|upkeep\n|turn|11\n|\n|t:|1733888641\n|move|p1a: Giratina|Poltergeist|p2a: Magnezone\n|-activate|p2a: Magnezone|move: Poltergeist|Leftovers\n|-damage|p2a: Magnezone|50/258\n|move|p2a: Magnezone|Flash Cannon|p1a: Giratina\n|-damage|p1a: Giratina|105/335\n|\n|-heal|p2a: Magnezone|66/258|[from] item: Leftovers\n|upkeep\n|turn|12\n|\n|t:|1733888652\n|move|p2a: Magnezone|Flash Cannon|p1a: Giratina\n|-damage|p1a: Giratina|0 fnt\n|faint|p1a: Giratina\n|\n|-heal|p2a: Magnezone|82/258|[from] item: Leftovers\n|upkeep\n|inactive|takaitai has 60 seconds left.\n|\n|t:|1733888678\n|switch|p1a: Pecharunt|Pecharunt, L77|262/262\n|turn|13\n|inactive|x8ight has 120 seconds left.\n|\n|t:|1733888710\n|move|p1a: Pecharunt|Nasty Plot|p1a: Pecharunt\n|-boost|p1a: Pecharunt|spa|2\n|move|p2a: Magnezone|Thunderbolt|p1a: Pecharunt\n|-damage|p1a: Pecharunt|124/262\n|\n|-heal|p1a: Pecharunt|140/262|[from] item: Leftovers\n|-heal|p2a: Magnezone|98/258|[from] item: Leftovers\n|upkeep\n|turn|14\n|inactive|x8ight has 120 seconds left.\n|inactive|takaitai has 60 seconds left.\n|\n|t:|1733888735\n|move|p1a: Pecharunt|Nasty Plot|p1a: Pecharunt\n|-boost|p1a: Pecharunt|spa|2\n|move|p2a: Magnezone|Thunderbolt|p1a: Pecharunt\n|-damage|p1a: Pecharunt|0 fnt\n|faint|p1a: Pecharunt\n|\n|-heal|p2a: Magnezone|114/258|[from] item: Leftovers\n|upkeep\n|\n|t:|1733888748\n|switch|p1a: Farigiraf|Farigiraf, L91, F|366/366\n|turn|15\n|\n|t:|1733888759\n|move|p1a: Farigiraf|Hyper Voice|p2a: Magnezone\n|-resisted|p2a: Magnezone\n|-damage|p2a: Magnezone|51/258\n|move|p2a: Magnezone|Body Press|p1a: Farigiraf\n|-damage|p1a: Farigiraf|230/366\n|\n|-heal|p1a: Farigiraf|252/366|[from] item: Leftovers\n|-heal|p2a: Magnezone|67/258|[from] item: Leftovers\n|upkeep\n|turn|16\n|inactive|takaitai has 60 seconds left.\n|inactive|x8ight has 120 seconds left.\n|\n|t:|1733888786\n|move|p1a: Farigiraf|Future Sight|p2a: Magnezone\n|-start|p1a: Farigiraf|move: Future Sight\n|move|p2a: Magnezone|Body Press|p1a: Farigiraf\n|-damage|p1a: Farigiraf|98/366\n|\n|-heal|p1a: Farigiraf|120/366|[from] item: Leftovers\n|-heal|p2a: Magnezone|83/258|[from] item: Leftovers\n|upkeep\n|turn|17\n|\n|t:|1733888795\n|move|p1a: Farigiraf|Protect|p1a: Farigiraf\n|-singleturn|p1a: Farigiraf|Protect\n|move|p2a: Magnezone|Body Press|p1a: Farigiraf\n|-activate|p1a: Farigiraf|move: Protect\n|\n|-heal|p1a: Farigiraf|142/366|[from] item: Leftovers\n|-heal|p2a: Magnezone|99/258|[from] item: Leftovers\n|upkeep\n|turn|18\n|\n|t:|1733888814\n|move|p1a: Farigiraf|Wish|p1a: Farigiraf\n|move|p2a: Magnezone|Body Press|p1a: Farigiraf\n|-damage|p1a: Farigiraf|0 fnt\n|faint|p1a: Farigiraf\n|\n|-end|p2a: Magnezone|move: Future Sight\n|-resisted|p2a: Magnezone\n|-damage|p2a: Magnezone|21/258\n|-heal|p2a: Magnezone|37/258|[from] item: Leftovers\n|upkeep\n|\n|t:|1733888826\n|switch|p1a: Hitmonchan|Hitmonchan, L87, M|229/229\n|turn|19\n|\n|t:|1733888840\n|move|p1a: Hitmonchan|Bulk Up|p1a: Hitmonchan\n|-boost|p1a: Hitmonchan|atk|1\n|-boost|p1a: Hitmonchan|def|1\n|move|p2a: Magnezone|Body Press|p1a: Hitmonchan\n|-damage|p1a: Hitmonchan|140/229\n|\n|-heal|p1a: Hitmonchan|229/229|[from] move: Wish|[wisher] Farigiraf\n|-heal|p2a: Magnezone|53/258|[from] item: Leftovers\n|upkeep\n|turn|20\n|inactive|takaitai has 30 seconds left.\n|inactive|takaitai has 20 seconds left.\n|inactive|takaitai has 15 seconds left.\n|inactive|takaitai has 10 seconds left.\n|inactive|takaitai has 5 seconds left.\n|-message|takaitai lost due to inactivity.\n|\n|win|x8ight\n|raw|takaitai's rating: 1121 &rarr; <strong>1099</strong><br />(-22 for losing)\n|raw|x8ight's rating: 1166 &rarr; <strong>1188</strong><br />(+22 for winning)\n", "inputlog": ">version bfd83cad13791eb5a5a409923076391caf6fb4d4\n>start {\"formatid\":\"gen9randombattle\",\"seed\":[45324,739,63519,30904],\"rated\":\"Rated battle\"}\n>player p1 {\"name\":\"takaitai\",\"avatar\":\"169\",\"rating\":1121,\"seed\":[37047,37494,54667,11869]}\n>player p2 {\"name\":\"x8ight\",\"avatar\":\"265\",\"rating\":1166,\"seed\":[16690,49769,1458,30826]}\n>p1 switch 6\n>p2 move flashcannon\n>p1 move quiverdance\n>p2 move flashcannon\n>p1 move strengthsap\n>p2 move flashcannon\n>p1 move quiverdance\n>p2 move flashcannon\n>p1 move strengthsap\n>p2 move flashcannon\n>p1 move gigadrain\n>p2 move irondefense\n>p1 move quiverdance\n>p2 move bodypress\n>p1 move gigadrain\n>p2 move bodypress\n>p1 move strengthsap\n>p2 move bodypress\n>p1 switch 6\n>p1 move poltergeist\n>p2 move flashcannon\n>p1 move poltergeist\n>p2 move flashcannon\n>p1 move dragontail\n>p2 move flashcannon\n>p1 switch 5\n>p1 move nastyplot\n>p2 move thunderbolt\n>p1 move nastyplot\n>p2 move thunderbolt\n>p1 switch 2\n>p1 move hypervoice\n>p2 move bodypress\n>p1 move futuresight\n>p2 move bodypress\n>p1 move protect\n>p2 move bodypress\n>p1 move wish\n>p2 move bodypress\n>p1 switch 4\n>p1 move bulkup\n>p2 move bodypress\n>forcelose p1", "uploadtime": 1733888897, "views": 10, "formatid": "gen9randombattle", "rating": 1099, "private": 0, "password": null}