{"id": "gen9randombattle-2259799436", "format": "[Gen 9] Random Battle", "players": ["floating passage", "choboribi"], "log": "|j|\u2606floating passage\n|j|\u2606choboribi\n|t:|1733767903\n|gametype|singles\n|player|p1|floating passage|grimsley-gen7|1897\n|player|p2|choboribi|170|1909\n|teamsize|p1|6\n|teamsize|p2|6\n|gen|9\n|tier|[Gen 9] Random Battle\n|rated|\n|rule|Species Clause: Limit one of each Pok\u00e9mon\n|rule|HP Percentage Mod: HP is shown in percentages\n|rule|Sleep Clause Mod: Limit one foe put to sleep\n|rule|Illusion Level Mod: Illusion disguises the Pok\u00e9mon's true level\n|\n|t:|1733767903\n|start\n|switch|p1a: Clodsire|Clodsire, L81, F|343/343\n|switch|p2a: Palafin|Palafin, L77, M|281/281\n|turn|1\n|\n|t:|1733767923\n|detailschange|p2a: Palafin|Palafin-Hero, L77, M\n|switch|p2a: Baxcalibur|Baxcalibur, L75, F|295/295\n|move|p1a: Clodsire|Stealth Rock|p2a: Baxcalibur\n|-sidestart|p2: choboribi|move: Stealth Rock\n|\n|upkeep\n|turn|2\n|\n|t:|1733767932\n|switch|p1a: Avalugg|Avalugg, L88, F|310/310\n|move|p2a: Baxcalibur|Icicle Crash|p1a: Avalugg\n|-resisted|p1a: Avalugg\n|-damage|p1a: Avalugg|268/310\n|\n|upkeep\n|turn|3\n|\n|t:|1733767970\n|switch|p2a: Palafin|Palafin-Hero, L77, M|281/281\n|-damage|p2a: Palafin|246/281|[from] Stealth Rock\n|-activate|p2a: Palafin|ability: Zero to Hero\n|move|p1a: Avalugg|Body Press|p2a: Palafin\n|-damage|p2a: Palafin|130/281\n|\n|-heal|p2a: Palafin|147/281|[from] item: Leftovers\n|upkeep\n|turn|4\n|\n|t:|1733767980\n|switch|p1a: Banette|Banette, L93, M|270/270\n|-item|p2a: Palafin|Leftovers|[from] ability: Frisk|[of] p1a: Banette\n|move|p2a: Palafin|Bulk Up|p2a: Palafin\n|-boost|p2a: Palafin|atk|1\n|-boost|p2a: Palafin|def|1\n|\n|-heal|p2a: Palafin|164/281|[from] item: Leftovers\n|upkeep\n|turn|5\n|\n|t:|1733768013\n|switch|p2a: Klawf|Klawf, L90, M|272/272\n|-damage|p2a: Klawf|238/272|[from] Stealth Rock\n|move|p1a: Banette|Poltergeist|p2a: Klawf\n|-activate|p2a: Klawf|move: Poltergeist|Life Orb\n|-damage|p2a: Klawf|86/272\n|-damage|p1a: Banette|243/270|[from] item: Life Orb\n|\n|upkeep\n|turn|6\n|\n|t:|1733768024\n|move|p2a: Klawf|Knock Off|p1a: Banette\n|-supereffective|p1a: Banette\n|-damage|p1a: Banette|1/270\n|-enditem|p1a: Banette|Life Orb|[from] move: Knock Off|[of] p2a: Klawf\n|-damage|p2a: Klawf|59/272|[from] item: Life Orb\n|move|p1a: Banette|Poltergeist|p2a: Klawf\n|-activate|p2a: Klawf|move: Poltergeist|Life Orb\n|-damage|p2a: Klawf|0 fnt\n|faint|p2a: Klawf\n|\n|upkeep\n|\n|t:|1733768037\n|switch|p2a: Palafin|Palafin-Hero, L77, M|164/281\n|-damage|p2a: Palafin|129/281|[from] Stealth Rock\n|turn|7\n|\n|t:|1733768044\n|move|p2a: Palafin|Jet Punch|p1a: Banette\n|-damage|p1a: Banette|0 fnt\n|faint|p1a: Banette\n|\n|-heal|p2a: Palafin|146/281|[from] item: Leftovers\n|upkeep\n|\n|t:|1733768075\n|switch|p1a: Muk|Muk-Alola, L82, M|306/306\n|turn|8\n|\n|t:|1733768094\n|move|p2a: Palafin|Bulk Up|p2a: Palafin\n|-boost|p2a: Palafin|atk|1\n|-boost|p2a: Palafin|def|1\n|move|p1a: Muk|Knock Off|p2a: Palafin\n|-damage|p2a: Palafin|76/281\n|-enditem|p2a: Palafin|Leftovers|[from] move: Knock Off|[of] p1a: Muk\n|\n|upkeep\n|turn|9\n|\n|t:|1733768100\n|move|p2a: Palafin|Drain Punch|p1a: Muk\n|-damage|p1a: Muk|186/306\n|-heal|p2a: Palafin|136/281|[from] drain|[of] p1a: Muk\n|move|p1a: Muk|Poison Jab|p2a: Palafin\n|-damage|p2a: Palafin|79/281\n|-status|p2a: Palafin|psn|[from] ability: Poison Touch|[of] p1a: Muk\n|\n|-damage|p2a: Palafin|44/281 psn|[from] psn\n|upkeep\n|turn|10\n|\n|t:|1733768116\n|switch|p1a: Clodsire|Clodsire, L81, F|343/343\n|move|p2a: Palafin|Drain Punch|p1a: Clodsire\n|-resisted|p1a: Clodsire\n|-damage|p1a: Clodsire|278/343\n|-heal|p2a: Palafin|77/281 psn|[from] drain|[of] p1a: Clodsire\n|\n|-heal|p1a: Clodsire|299/343|[from] item: Leftovers\n|-damage|p2a: Palafin|42/281 psn|[from] psn\n|upkeep\n|turn|11\n|\n|t:|1733768124\n|switch|p1a: Avalugg|Avalugg, L88, F|268/310\n|move|p2a: Palafin|Ice Punch|p1a: Avalugg\n|-resisted|p1a: Avalugg\n|-damage|p1a: Avalugg|243/310\n|\n|-damage|p2a: Palafin|7/281 psn|[from] psn\n|upkeep\n|turn|12\n|\n|t:|1733768144\n|move|p2a: Palafin|Drain Punch|p1a: Avalugg\n|-supereffective|p1a: Avalugg\n|-damage|p1a: Avalugg|137/310\n|-heal|p2a: Palafin|60/281 psn|[from] drain|[of] p1a: Avalugg\n|move|p1a: Avalugg|Recover|p1a: Avalugg\n|-heal|p1a: Avalugg|292/310\n|\n|-damage|p2a: Palafin|25/281 psn|[from] psn\n|upkeep\n|turn|13\n|\n|t:|1733768151\n|move|p2a: Palafin|Drain Punch|p1a: Avalugg\n|-supereffective|p1a: Avalugg\n|-damage|p1a: Avalugg|182/310\n|-heal|p2a: Palafin|80/281 psn|[from] drain|[of] p1a: Avalugg\n|move|p1a: Avalugg|Body Press|p2a: Palafin\n|-damage|p2a: Palafin|10/281 psn\n|\n|-damage|p2a: Palafin|0 fnt|[from] psn\n|faint|p2a: Palafin\n|upkeep\n|\n|t:|1733768178\n|switch|p2a: Staraptor|Staraptor, L79, F|263/263\n|-damage|p2a: Staraptor|198/263|[from] Stealth Rock\n|turn|14\n|\n|t:|1733768199\n|move|p2a: Staraptor|Brave Bird|p1a: Avalugg\n|-damage|p1a: Avalugg|64/310\n|-damage|p2a: Staraptor|159/263|[from] Recoil\n|move|p1a: Avalugg|Avalanche|p2a: Staraptor\n|-supereffective|p2a: Staraptor\n|-damage|p2a: Staraptor|0 fnt\n|faint|p2a: Staraptor\n|\n|upkeep\n|\n|t:|1733768216\n|switch|p2a: Baxcalibur|Baxcalibur, L75, F|295/295\n|-damage|p2a: Baxcalibur|222/295|[from] Stealth Rock\n|turn|15\n|\n|t:|1733768223\n|move|p2a: Baxcalibur|Glaive Rush|p1a: Avalugg\n|-damage|p1a: Avalugg|0 fnt\n|-singlemove|p2a: Baxcalibur|Glaive Rush|[silent]\n|faint|p1a: Avalugg\n|\n|upkeep\n|inactive|Battle timer is ON: inactive players will automatically lose when time's up. (requested by choboribi)\n|\n|t:|1733768310\n|switch|p1a: Tyranitar|Tyranitar, L79, M|288/288\n|-weather|Sandstorm|[from] ability: Sand Stream|[of] p1a: Tyranitar\n|turn|16\n|\n|t:|1733768321\n|switch|p2a: Virizion|Virizion, L82|283/283\n|-damage|p2a: Virizion|266/283|[from] Stealth Rock\n|move|p1a: Tyranitar|Thunder Wave|p2a: Virizion\n|-status|p2a: Virizion|par\n|\n|-weather|Sandstorm|[upkeep]\n|-damage|p2a: Virizion|249/283 par|[from] Sandstorm\n|upkeep\n|turn|17\n|\n|t:|1733768336\n|switch|p1a: Jumpluff|Jumpluff, L87, M|271/271\n|move|p2a: Virizion|Close Combat|p1a: Jumpluff\n|-resisted|p1a: Jumpluff\n|-damage|p1a: Jumpluff|185/271\n|-unboost|p2a: Virizion|def|1\n|-unboost|p2a: Virizion|spd|1\n|-damage|p2a: Virizion|221/283 par|[from] item: Life Orb\n|\n|-weather|Sandstorm|[upkeep]\n|-damage|p1a: Jumpluff|169/271|[from] Sandstorm\n|-damage|p2a: Virizion|204/283 par|[from] Sandstorm\n|upkeep\n|turn|18\n|\n|t:|1733768346\n|switch|p2a: Dewgong|Dewgong, L94, F|322/322\n|move|p1a: Jumpluff|Substitute|p1a: Jumpluff\n|-start|p1a: Jumpluff|Substitute\n|-damage|p1a: Jumpluff|102/271\n|\n|-weather|Sandstorm|[upkeep]\n|-damage|p1a: Jumpluff|86/271|[from] Sandstorm\n|-damage|p2a: Dewgong|302/322|[from] Sandstorm\n|upkeep\n|turn|19\n|\n|t:|1733768358\n|move|p1a: Jumpluff|Strength Sap|p2a: Dewgong\n|-unboost|p2a: Dewgong|atk|1\n|-heal|p1a: Jumpluff|271/271\n|move|p2a: Dewgong|Encore|p1a: Jumpluff\n|-start|p1a: Jumpluff|Encore\n|\n|-weather|Sandstorm|[upkeep]\n|-damage|p1a: Jumpluff|255/271|[from] Sandstorm\n|-damage|p2a: Dewgong|282/322|[from] Sandstorm\n|upkeep\n|turn|20\n|\n|t:|1733768371\n|move|p1a: Jumpluff|Strength Sap|p2a: Dewgong\n|-unboost|p2a: Dewgong|atk|1\n|-heal|p1a: Jumpluff|271/271\n|move|p2a: Dewgong|Ice Beam|p1a: Jumpluff\n|-supereffective|p1a: Jumpluff\n|-end|p1a: Jumpluff|Substitute\n|\n|-weather|none\n|upkeep\n|turn|21\n|\n|t:|1733768377\n|switch|p1a: Muk|Muk-Alola, L82, M|186/306\n|move|p2a: Dewgong|Hydro Pump|p1a: Muk\n|-damage|p1a: Muk|108/306\n|\n|upkeep\n|turn|22\n|\n|t:|1733768407\n|switch|p2a: Virizion|Virizion, L82|204/283 par\n|-damage|p2a: Virizion|187/283 par|[from] Stealth Rock\n|move|p1a: Muk|Drain Punch|p2a: Virizion\n|-damage|p2a: Virizion|128/283 par\n|-heal|p1a: Muk|138/306|[from] drain|[of] p2a: Virizion\n|\n|upkeep\n|turn|23\n|\n|t:|1733768420\n|move|p1a: Muk|Poison Jab|p2a: Virizion\n|-supereffective|p2a: Virizion\n|-damage|p2a: Virizion|0 fnt\n|faint|p2a: Virizion\n|\n|upkeep\n|\n|t:|1733768423\n|switch|p2a: Baxcalibur|Baxcalibur, L75, F|222/295\n|-damage|p2a: Baxcalibur|149/295|[from] Stealth Rock\n|turn|24\n|\n|t:|1733768441\n|move|p2a: Baxcalibur|Glaive Rush|p1a: Muk\n|-damage|p1a: Muk|0 fnt\n|-singlemove|p2a: Baxcalibur|Glaive Rush|[silent]\n|faint|p1a: Muk\n|\n|upkeep\n|\n|t:|1733768444\n|switch|p1a: Clodsire|Clodsire, L81, F|299/343\n|turn|25\n|\n|t:|1733768453\n|switch|p2a: Dewgong|Dewgong, L94, F|282/322\n|-terastallize|p1a: Clodsire|Steel\n|move|p1a: Clodsire|Earthquake|p2a: Dewgong\n|-damage|p2a: Dewgong|198/322\n|\n|-heal|p1a: Clodsire|320/343|[from] item: Leftovers\n|upkeep\n|turn|26\n|\n|t:|1733768468\n|move|p2a: Dewgong|Knock Off|p1a: Clodsire\n|-damage|p1a: Clodsire|234/343\n|-enditem|p1a: Clodsire|Leftovers|[from] move: Knock Off|[of] p2a: Dewgong\n|move|p1a: Clodsire|Earthquake|p2a: Dewgong\n|-damage|p2a: Dewgong|119/322\n|\n|upkeep\n|turn|27\n|\n|t:|1733768487\n|move|p2a: Dewgong|Ice Beam|p1a: Clodsire\n|-resisted|p1a: Clodsire\n|-damage|p1a: Clodsire|189/343\n|move|p1a: Clodsire|Earthquake|p2a: Dewgong\n|-damage|p2a: Dewgong|43/322\n|\n|upkeep\n|turn|28\n|inactive|choboribi has 120 seconds left.\n|\n|t:|1733768509\n|move|p2a: Dewgong|Ice Beam|p1a: Clodsire\n|-resisted|p1a: Clodsire\n|-crit|p1a: Clodsire\n|-damage|p1a: Clodsire|118/343\n|move|p1a: Clodsire|Recover|p1a: Clodsire\n|-heal|p1a: Clodsire|290/343\n|\n|upkeep\n|turn|29\n|\n|t:|1733768515\n|move|p2a: Dewgong|Ice Beam|p1a: Clodsire\n|-resisted|p1a: Clodsire\n|-damage|p1a: Clodsire|245/343\n|move|p1a: Clodsire|Earthquake|p2a: Dewgong\n|-damage|p2a: Dewgong|0 fnt\n|faint|p2a: Dewgong\n|\n|upkeep\n|\n|t:|1733768519\n|switch|p2a: Baxcalibur|Baxcalibur, L75, F|149/295\n|-damage|p2a: Baxcalibur|76/295|[from] Stealth Rock\n|turn|30\n|\n|t:|1733768528\n|-terastallize|p2a: Baxcalibur|Dragon\n|move|p2a: Baxcalibur|Glaive Rush|p1a: Clodsire\n|-resisted|p1a: Clodsire\n|-damage|p1a: Clodsire|65/343\n|-singlemove|p2a: Baxcalibur|Glaive Rush|[silent]\n|move|p1a: Clodsire|Recover|p1a: Clodsire\n|-heal|p1a: Clodsire|237/343\n|\n|upkeep\n|turn|31\n|\n|t:|1733768534\n|move|p2a: Baxcalibur|Glaive Rush|p1a: Clodsire\n|-resisted|p1a: Clodsire\n|-damage|p1a: Clodsire|42/343\n|-singlemove|p2a: Baxcalibur|Glaive Rush|[silent]\n|move|p1a: Clodsire|Earthquake|p2a: Baxcalibur\n|-damage|p2a: Baxcalibur|0 fnt\n|faint|p2a: Baxcalibur\n|\n|win|floating passage\n|raw|floating passage's rating: 1897 &rarr; <strong>1918</strong><br />(+21 for winning)\n|raw|choboribi's rating: 1909 &rarr; <strong>1888</strong><br />(-21 for losing)\n|c|\u2606choboribi|gg\n|c|\u2606floating passage|gg\n|l|\u2606choboribi\n|player|p2|\n", "inputlog": ">version bfd83cad13791eb5a5a409923076391caf6fb4d4\n>start {\"formatid\":\"gen9randombattle\",\"seed\":[43915,29489,33314,29401],\"rated\":\"Rated battle\"}\n>player p1 {\"name\":\"floating passage\",\"avatar\":\"grimsley-gen7\",\"rating\":1897,\"seed\":[36302,16005,62034,60631]}\n>player p2 {\"name\":\"choboribi\",\"avatar\":\"170\",\"rating\":1909,\"seed\":[47818,13140,54381,37883]}\n>p1 move stealthrock\n>p2 switch 3\n>p1 switch 5\n>p2 move iciclecrash\n>p1 move bodypress\n>p2 switch 3\n>p1 switch 2\n>p2 move bulkup\n>p1 move poltergeist\n>p2 switch 6\n>p1 move poltergeist\n>p2 move knockoff\n>p2 switch 6\n>p1 move shadowsneak\n>p2 move jetpunch\n>p1 switch 6\n>p1 move knockoff\n>p2 move bulkup\n>p1 move poisonjab\n>p2 move drainpunch\n>p1 switch 5\n>p2 move drainpunch\n>p1 switch 2\n>p2 move icepunch\n>p1 move recover\n>p2 move drainpunch\n>p1 move bodypress\n>p2 move drainpunch\n>p2 switch 2\n>p1 move avalanche\n>p2 move bravebird\n>p2 switch 3\n>p1 move bodypress\n>p2 move glaiverush\n>p1 switch 3\n>p1 move thunderwave\n>p2 switch 5\n>p1 switch 4\n>p2 move closecombat\n>p1 move substitute\n>p2 switch 4\n>p1 move strengthsap\n>p2 move encore\n>p1 move strengthsap\n>p2 move icebeam\n>p1 switch 5\n>p2 move hydropump\n>p1 move drainpunch\n>p2 switch 4\n>p1 move poisonjab\n>p2 move closecombat\n>p2 switch 5\n>p1 move drainpunch\n>p2 move glaiverush\n>p1 switch 2\n>p1 move earthquake terastallize\n>p2 switch 4\n>p1 move earthquake\n>p2 move knockoff\n>p1 move earthquake\n>p2 move icebeam\n>p1 move recover\n>p2 move icebeam\n>p1 move earthquake\n>p2 move icebeam\n>p2 switch 4\n>p1 move recover\n>p2 move glaiverush terastallize\n>p1 move earthquake\n>p2 move glaiverush", "uploadtime": 1733768545, "views": 10, "formatid": "gen9randombattle", "rating": 1888, "private": 0, "password": null}