{"id": "gen9randombattle-2198324166", "format": "[Gen 9] Random Battle", "players": ["Lo Siento", "Aurrem173"], "log": "|j|\u2606Lo Siento\n|j|\u2606Aurrem173\n|t:|1725941012\n|gametype|singles\n|player|p1|Lo Siento|interviewers|2207\n|player|p2|Aurrem173|cynthia-gen4|2223\n|teamsize|p1|6\n|teamsize|p2|6\n|gen|9\n|tier|[Gen 9] Random Battle\n|rated|\n|rule|Species Clause: Limit one of each Pok\u00e9mon\n|rule|HP Percentage Mod: HP is shown in percentages\n|rule|Sleep Clause Mod: Limit one foe put to sleep\n|rule|Illusion Level Mod: Illusion disguises the Pok\u00e9mon's true level\n|\n|t:|1725941012\n|start\n|switch|p1a: Skuntank|Skuntank, L84, M|310/310\n|switch|p2a: Swampert|Swampert, L83, M|302/302\n|turn|1\n|inactive|Battle timer is ON: inactive players will automatically lose when time's up. (requested by Aurrem173)\n|\n|t:|1725941020\n|move|p1a: Skuntank|Knock Off|p2a: Swampert\n|-damage|p2a: Swampert|211/302\n|-enditem|p2a: Swampert|Leftovers|[from] move: Knock Off|[of] p1a: Skuntank\n|move|p2a: Swampert|Earthquake|p1a: Skuntank\n|-supereffective|p1a: Skuntank\n|-damage|p1a: Skuntank|44/310\n|\n|upkeep\n|turn|2\n|\n|t:|1725941025\n|move|p1a: Skuntank|Toxic Spikes|p2a: Swampert\n|-sidestart|p2: Aurrem173|move: Toxic Spikes\n|move|p2a: Swampert|Flip Turn|p1a: Skuntank\n|-damage|p1a: Skuntank|0 fnt\n|-damage|p2a: Swampert|136/302|[from] ability: Aftermath|[of] p1a: Skuntank\n|faint|p1a: Skuntank\n|\n|t:|1725941038\n|switch|p2a: Eelektross|Eelektross, L87, M|290/290|[from] Flip Turn\n|\n|upkeep\n|\n|t:|1725941043\n|switch|p1a: Torkoal|Torkoal, L88, M|266/266\n|-weather|SunnyDay|[from] ability: Drought|[of] p1a: Torkoal\n|turn|3\n|\n|t:|1725941050\n|switch|p2a: Dachsbun|Dachsbun, L91, M|252/252\n|-status|p2a: Dachsbun|psn\n|move|p1a: Torkoal|Lava Plume|p2a: Dachsbun\n|-ability|p2a: Dachsbun|Well-Baked Body|boost\n|-boost|p2a: Dachsbun|def|2\n|\n|-weather|SunnyDay|[upkeep]\n|-damage|p2a: Dachsbun|221/252 psn|[from] psn\n|upkeep\n|turn|4\n|\n|t:|1725941060\n|switch|p1a: Ditto|Ditto, L87|225/225\n|-transform|p1a: Ditto|p2a: Dachsbun|[from] ability: Imposter\n|move|p2a: Dachsbun|Stomping Tantrum|p1a: Ditto\n|-damage|p1a: Ditto|202/225\n|\n|-weather|SunnyDay|[upkeep]\n|-heal|p2a: Dachsbun|236/252 psn|[from] item: Leftovers\n|-damage|p2a: Dachsbun|205/252 psn|[from] psn\n|upkeep\n|turn|5\n|\n|t:|1725941067\n|move|p1a: Ditto|Wish|p1a: Ditto\n|move|p2a: Dachsbun|Wish|p2a: Dachsbun\n|\n|-weather|SunnyDay|[upkeep]\n|-heal|p2a: Dachsbun|220/252 psn|[from] item: Leftovers\n|-damage|p2a: Dachsbun|189/252 psn|[from] psn\n|upkeep\n|turn|6\n|\n|t:|1725941076\n|switch|p1a: Torkoal|Torkoal, L88, M|266/266\n|switch|p2a: Swampert|Swampert, L83, M|136/302\n|-status|p2a: Swampert|psn\n|\n|-weather|SunnyDay|[upkeep]\n|-heal|p2a: Swampert|262/302 psn|[from] move: Wish|[wisher] Dachsbun\n|-damage|p2a: Swampert|225/302 psn|[from] psn\n|upkeep\n|turn|7\n|\n|t:|1725941079\n|move|p2a: Swampert|Earthquake|p1a: Torkoal\n|-supereffective|p1a: Torkoal\n|-damage|p1a: Torkoal|110/266\n|move|p1a: Torkoal|Solar Beam||[still]\n|-prepare|p1a: Torkoal|Solar Beam\n|-anim|p1a: Torkoal|Solar Beam|p2a: Swampert\n|-supereffective|p2a: Swampert\n|-damage|p2a: Swampert|0 fnt\n|faint|p2a: Swampert\n|\n|-weather|none\n|upkeep\n|\n|t:|1725941101\n|switch|p2a: Diancie|Diancie, L82|216/216\n|-status|p2a: Diancie|psn\n|turn|8\n|\n|t:|1725941110\n|switch|p1a: Pincurchin|Pincurchin, M|258/258\n|-fieldstart|move: Electric Terrain|[from] ability: Electric Surge|[of] p1a: Pincurchin\n|move|p2a: Diancie|Diamond Storm|p1a: Pincurchin\n|-damage|p1a: Pincurchin|176/258\n|-boost|p2a: Diancie|def|2\n|\n|-heal|p1a: Pincurchin|192/258|[from] item: Leftovers\n|-damage|p2a: Diancie|189/216 psn|[from] psn\n|upkeep\n|turn|9\n|\n|t:|1725941115\n|move|p2a: Diancie|Earth Power|p1a: Pincurchin\n|-supereffective|p1a: Pincurchin\n|-damage|p1a: Pincurchin|88/258\n|move|p1a: Pincurchin|Curse|p1a: Pincurchin\n|-unboost|p1a: Pincurchin|spe|1\n|-boost|p1a: Pincurchin|atk|1\n|-boost|p1a: Pincurchin|def|1\n|\n|-heal|p1a: Pincurchin|104/258|[from] item: Leftovers\n|-damage|p2a: Diancie|162/216 psn|[from] psn\n|upkeep\n|turn|10\n|\n|t:|1725941122\n|move|p2a: Diancie|Earth Power|p1a: Pincurchin\n|-supereffective|p1a: Pincurchin\n|-damage|p1a: Pincurchin|0 fnt\n|faint|p1a: Pincurchin\n|\n|-damage|p2a: Diancie|135/216 psn|[from] psn\n|upkeep\n|\n|t:|1725941128\n|switch|p1a: Ditto|Ditto, L87|202/225\n|-transform|p1a: Ditto|p2a: Diancie|[from] ability: Imposter\n|turn|11\n|\n|t:|1725941140\n|move|p1a: Ditto|Body Press|p2a: Diancie\n|-crit|p2a: Diancie\n|-damage|p2a: Diancie|0 fnt\n|faint|p2a: Diancie\n|\n|upkeep\n|\n|t:|1725941155\n|switch|p2a: Dachsbun|Dachsbun, L91, M|189/252 psn\n|turn|12\n|\n|t:|1725941161\n|switch|p1a: Tornadus|Tornadus, L82, M|263/263\n|move|p2a: Dachsbun|Stomping Tantrum|p1a: Tornadus\n|-immune|p1a: Tornadus\n|\n|-heal|p2a: Dachsbun|204/252 psn|[from] item: Leftovers\n|-damage|p2a: Dachsbun|173/252 psn|[from] psn\n|-fieldend|move: Electric Terrain\n|upkeep\n|turn|13\n|\n|t:|1725941168\n|switch|p1a: Torkoal|Torkoal, L88, M|110/266\n|-weather|SunnyDay|[from] ability: Drought|[of] p1a: Torkoal\n|move|p2a: Dachsbun|Wish|p2a: Dachsbun\n|\n|-weather|SunnyDay|[upkeep]\n|-heal|p2a: Dachsbun|188/252 psn|[from] item: Leftovers\n|-damage|p2a: Dachsbun|157/252 psn|[from] psn\n|upkeep\n|turn|14\n|\n|t:|1725941175\n|move|p2a: Dachsbun|Stomping Tantrum|p1a: Torkoal\n|-supereffective|p1a: Torkoal\n|-damage|p1a: Torkoal|38/266\n|move|p1a: Torkoal|Rapid Spin|p2a: Dachsbun\n|-damage|p2a: Dachsbun|130/252 psn\n|-boost|p1a: Torkoal|spe|1\n|\n|-weather|SunnyDay|[upkeep]\n|-heal|p2a: Dachsbun|252/252 psn|[from] move: Wish|[wisher] Dachsbun\n|-damage|p2a: Dachsbun|221/252 psn|[from] psn\n|upkeep\n|turn|15\n|\n|t:|1725941198\n|switch|p1a: Tornadus|Tornadus, L82, M|263/263\n|move|p2a: Dachsbun|Stomping Tantrum|p1a: Tornadus\n|-immune|p1a: Tornadus\n|\n|-weather|SunnyDay|[upkeep]\n|-heal|p2a: Dachsbun|236/252 psn|[from] item: Leftovers\n|-damage|p2a: Dachsbun|205/252 psn|[from] psn\n|upkeep\n|turn|16\n|\n|t:|1725941203\n|move|p1a: Tornadus|Bleakwind Storm|p2a: Dachsbun\n|-damage|p2a: Dachsbun|30/252 psn\n|move|p2a: Dachsbun|Play Rough|p1a: Tornadus\n|-crit|p1a: Tornadus\n|-damage|p1a: Tornadus|92/263\n|\n|-weather|SunnyDay|[upkeep]\n|-heal|p2a: Dachsbun|45/252 psn|[from] item: Leftovers\n|-damage|p2a: Dachsbun|14/252 psn|[from] psn\n|upkeep\n|turn|17\n|\n|t:|1725941220\n|move|p1a: Tornadus|Bleakwind Storm|p2a: Dachsbun\n|-damage|p2a: Dachsbun|0 fnt\n|faint|p2a: Dachsbun\n|\n|-weather|none\n|upkeep\n|\n|t:|1725941224\n|switch|p2a: Eelektross|Eelektross, L87, M|290/290\n|turn|18\n|\n|t:|1725941230\n|switch|p1a: Farigiraf|Farigiraf, L91, F|366/366\n|move|p2a: Eelektross|Supercell Slam|p1a: Farigiraf\n|-damage|p1a: Farigiraf|237/366\n|\n|-heal|p1a: Farigiraf|259/366|[from] item: Leftovers\n|upkeep\n|turn|19\n|\n|t:|1725941244\n|switch|p2a: Incineroar|Incineroar, L83, M|293/293\n|-ability|p2a: Incineroar|Intimidate|boost\n|-unboost|p1a: Farigiraf|atk|1\n|move|p1a: Farigiraf|Wish|p1a: Farigiraf\n|\n|-heal|p1a: Farigiraf|281/366|[from] item: Leftovers\n|upkeep\n|turn|20\n|\n|t:|1725941249\n|move|p1a: Farigiraf|Hyper Voice|p2a: Incineroar\n|-damage|p2a: Incineroar|172/293\n|move|p2a: Incineroar|Knock Off|p1a: Farigiraf\n|-supereffective|p1a: Farigiraf\n|-damage|p1a: Farigiraf|33/366\n|-enditem|p1a: Farigiraf|Leftovers|[from] move: Knock Off|[of] p2a: Incineroar\n|\n|-heal|p1a: Farigiraf|216/366|[from] move: Wish|[wisher] Farigiraf\n|upkeep\n|turn|21\n|\n|t:|1725941255\n|move|p1a: Farigiraf|Wish|p1a: Farigiraf\n|move|p2a: Incineroar|Swords Dance|p2a: Incineroar\n|-boost|p2a: Incineroar|atk|2\n|\n|upkeep\n|turn|22\n|\n|t:|1725941261\n|-terastallize|p1a: Farigiraf|Fairy\n|move|p1a: Farigiraf|Hyper Voice|p2a: Incineroar\n|-damage|p2a: Incineroar|45/293\n|move|p2a: Incineroar|Knock Off|p1a: Farigiraf\n|-resisted|p1a: Farigiraf\n|-damage|p1a: Farigiraf|135/366\n|\n|-heal|p1a: Farigiraf|318/366|[from] move: Wish|[wisher] Farigiraf\n|upkeep\n|turn|23\n|\n|t:|1725941267\n|move|p1a: Farigiraf|Hyper Voice|p2a: Incineroar\n|-damage|p2a: Incineroar|0 fnt\n|faint|p2a: Incineroar\n|\n|upkeep\n|\n|t:|1725941270\n|switch|p2a: Eelektross|Eelektross, L87, M|290/290\n|turn|24\n|\n|t:|1725941275\n|move|p1a: Farigiraf|Future Sight|p2a: Eelektross\n|-start|p1a: Farigiraf|move: Future Sight\n|move|p2a: Eelektross|Coil|p2a: Eelektross\n|-boost|p2a: Eelektross|atk|1\n|-boost|p2a: Eelektross|def|1\n|-boost|p2a: Eelektross|accuracy|1\n|\n|upkeep\n|turn|25\n|\n|t:|1725941279\n|move|p1a: Farigiraf|Hyper Voice|p2a: Eelektross\n|-damage|p2a: Eelektross|154/290\n|move|p2a: Eelektross|Supercell Slam|p1a: Farigiraf\n|-damage|p1a: Farigiraf|101/366\n|\n|-heal|p2a: Eelektross|172/290|[from] item: Leftovers\n|upkeep\n|turn|26\n|\n|t:|1725941286\n|move|p1a: Farigiraf|Protect|p1a: Farigiraf\n|-singleturn|p1a: Farigiraf|Protect\n|move|p2a: Eelektross|Supercell Slam|p1a: Farigiraf\n|-activate|p1a: Farigiraf|move: Protect\n|-damage|p2a: Eelektross|27/290|[from] supercellslam\n|\n|-end|p2a: Eelektross|move: Future Sight\n|-damage|p2a: Eelektross|0 fnt\n|faint|p2a: Eelektross\n|upkeep\n|\n|t:|1725941289\n|switch|p2a: Latias|Latias, L79, F|256/256\n|turn|27\n|\n|t:|1725941306\n|move|p2a: Latias|Calm Mind|p2a: Latias\n|-boost|p2a: Latias|spa|1\n|-boost|p2a: Latias|spd|1\n|move|p1a: Farigiraf|Future Sight|p2a: Latias\n|-start|p1a: Farigiraf|move: Future Sight\n|\n|upkeep\n|turn|28\n|\n|t:|1725941309\n|move|p2a: Latias|Psyshock|p1a: Farigiraf\n|-damage|p1a: Farigiraf|0 fnt\n|faint|p1a: Farigiraf\n|\n|upkeep\n|\n|t:|1725941314\n|switch|p1a: Tornadus|Tornadus, L82, M|92/263\n|turn|29\n|\n|t:|1725941319\n|move|p1a: Tornadus|Bleakwind Storm|p2a: Latias\n|-damage|p2a: Latias|151/256\n|move|p2a: Latias|Psyshock|p1a: Tornadus\n|-damage|p1a: Tornadus|0 fnt\n|faint|p1a: Tornadus\n|\n|-end|p2a: Latias|move: Future Sight\n|-resisted|p2a: Latias\n|-damage|p2a: Latias|109/256\n|upkeep\n|\n|t:|1725941328\n|switch|p1a: Ditto|Ditto, L87|202/225\n|-transform|p1a: Ditto|p2a: Latias|[from] ability: Imposter\n|turn|30\n|\n|t:|1725941337\n|switch|p1a: Torkoal|Torkoal, L88, M|38/266\n|-weather|SunnyDay|[from] ability: Drought|[of] p1a: Torkoal\n|-terastallize|p2a: Latias|Steel\n|move|p2a: Latias|Draco Meteor|p1a: Torkoal\n|-damage|p1a: Torkoal|0 fnt\n|-unboost|p2a: Latias|spa|2\n|faint|p1a: Torkoal\n|\n|-weather|SunnyDay|[upkeep]\n|upkeep\n|\n|t:|1725941344\n|switch|p1a: Ditto|Ditto, L87|202/225\n|-transform|p1a: Ditto|p2a: Latias|[from] ability: Imposter\n|-start|p1a: Ditto|typechange|Dragon/Psychic|[silent]\n|turn|31\n|\n|t:|1725941348\n|move|p1a: Ditto|Aura Sphere|p2a: Latias\n|-supereffective|p2a: Latias\n|-damage|p2a: Latias|65/256\n|move|p2a: Latias|Draco Meteor|p1a: Ditto\n|-supereffective|p1a: Ditto\n|-damage|p1a: Ditto|98/225\n|-unboost|p2a: Latias|spa|2\n|\n|-weather|SunnyDay|[upkeep]\n|upkeep\n|turn|32\n|\n|t:|1725941357\n|move|p1a: Ditto|Aura Sphere|p2a: Latias\n|-supereffective|p2a: Latias\n|-damage|p2a: Latias|25/256\n|move|p2a: Latias|Draco Meteor|p1a: Ditto|[miss]\n|-miss|p2a: Latias|p1a: Ditto\n|\n|-weather|SunnyDay|[upkeep]\n|upkeep\n|turn|33\n|c|\u2606Lo Siento|\"Outstanding move\"\n|\n|t:|1725941373\n|move|p1a: Ditto|Aura Sphere|p2a: Latias\n|-supereffective|p2a: Latias\n|-damage|p2a: Latias|0 fnt\n|faint|p2a: Latias\n|\n|win|Lo Siento\n|raw|Lo Siento's rating: 2207 &rarr; <strong>2228</strong><br />(+21 for winning)\n|raw|Aurrem173's rating: 2223 &rarr; <strong>2202</strong><br />(-21 for losing)\n", "inputlog": ">version a7fd1c1c07600285a1536454bc1aca0abecfa22c\n>start {\"formatid\":\"gen9randombattle\",\"seed\":[22315,25064,40232,32781],\"rated\":\"Rated battle\"}\n>player p1 {\"name\":\"Lo Siento\",\"avatar\":\"interviewers\",\"rating\":2207,\"seed\":[27734,28372,36501,14576]}\n>player p2 {\"name\":\"Aurrem173\",\"avatar\":\"cynthia-gen4\",\"rating\":2223,\"seed\":[53612,65157,58091,33414]}\n>p1 move knockoff\n>p2 move earthquake\n>p1 move toxicspikes\n>p2 move flipturn\n>p2 switch 4\n>p1 switch 2\n>p1 move lavaplume\n>p2 switch 3\n>p1 switch 6\n>p2 move stompingtantrum\n>p1 move wish\n>p2 move wish\n>p1 switch 6\n>p2 switch 4\n>p1 move solarbeam\n>p2 move earthquake\n>p2 switch 2\n>p1 switch 4\n>p2 move diamondstorm\n>p1 move curse\n>p2 move earthpower\n>p1 move liquidation\n>p2 move earthpower\n>p1 switch 6\n>p1 move bodypress\n>p2 move earthpower\n>p2 switch 4\n>p1 switch 5\n>p2 move stompingtantrum\n>p1 switch 4\n>p2 move wish\n>p1 move rapidspin\n>p2 move stompingtantrum\n>p1 switch 4\n>p2 move stompingtantrum\n>p1 move bleakwindstorm\n>p2 move playrough\n>p1 move bleakwindstorm\n>p2 move playrough\n>p2 switch 3\n>p1 switch 3\n>p2 move supercellslam\n>p1 move wish\n>p2 switch 5\n>p1 move hypervoice\n>p2 move knockoff\n>p1 move wish\n>p2 move swordsdance\n>p1 move hypervoice terastallize\n>p2 move knockoff\n>p1 move hypervoice\n>p2 move flareblitz\n>p2 switch 5\n>p1 move futuresight\n>p2 move coil\n>p1 move hypervoice\n>p2 move supercellslam\n>p1 move protect\n>p2 move supercellslam\n>p2 switch 6\n>p1 move futuresight\n>p2 move calmmind\n>p1 move hypervoice\n>p2 move psyshock\n>p1 switch 3\n>p1 move bleakwindstorm\n>p2 move psyshock\n>p1 switch 5\n>p1 switch 4\n>p2 move dracometeor terastallize\n>p1 switch 4\n>p1 move aurasphere\n>p2 move dracometeor\n>p1 move aurasphere\n>p2 move dracometeor\n>chat \u2606Lo Siento|\"Outstanding move\"\n>p1 move aurasphere\n>p2 move dracometeor", "uploadtime": 1725941414, "views": 95, "formatid": "gen9randombattle", "rating": 2202, "private": 0, "password": null}