{"id": "gen9randombattle-2106071475", "format": "[Gen 9] Random Battle", "players": ["Referrals", "soTsoT"], "log": "|badge|p1|silver|gen9randombattle|30-1\n|uhtml|medal-msg|<div class=\"broadcast-blue\">Curious what those medals under the avatar are? PS now has Ladder Seasons! For more information, check out the <a href=\"https://www.smogon.com/forums/threads/3740067/\">thread on Smogon.</a></div>\n|badge|p2|silver|gen9randombattle|30-1\n|uhtml|medal-msg|<div class=\"broadcast-blue\">Curious what those medals under the avatar are? PS now has Ladder Seasons! For more information, check out the <a href=\"https://www.smogon.com/forums/threads/3740067/\">thread on Smogon.</a></div>\n|j|\u2606Referrals\n|j|\u2606soTsoT\n|t:|1713427734\n|gametype|singles\n|player|p1|Referrals|miku-ground|2480\n|player|p2|soTsoT|#teamskymin|2463\n|teamsize|p1|6\n|teamsize|p2|6\n|gen|9\n|tier|[Gen 9] Random Battle\n|rated|\n|rule|Species Clause: Limit one of each Pok\u00e9mon\n|rule|HP Percentage Mod: HP is shown in percentages\n|rule|Sleep Clause Mod: Limit one foe put to sleep\n|rule|Illusion Level Mod: Illusion disguises the Pok\u00e9mon's true level\n|\n|t:|1713427734\n|start\n|switch|p1a: Vikavolt|Vikavolt, L84, M|267/267\n|switch|p2a: Coalossal|Coalossal, L89, F|341/341\n|turn|1\n|inactive|Battle timer is ON: inactive players will automatically lose when time's up. (requested by Referrals)\n|\n|t:|1713427748\n|move|p1a: Vikavolt|Volt Switch|p2a: Coalossal\n|-damage|p2a: Coalossal|197/341\n|\n|t:|1713427750\n|switch|p1a: Pecharunt|Pecharunt, L77|262/262|[from] Volt Switch\n|move|p2a: Coalossal|Spikes|p1a: Pecharunt\n|-sidestart|p1: Referrals|Spikes\n|\n|upkeep\n|turn|2\n|\n|t:|1713427771\n|switch|p2a: Regigigas|Regigigas, L84|322/322\n|-start|p2a: Regigigas|ability: Slow Start\n|move|p1a: Pecharunt|Nasty Plot|p1a: Pecharunt\n|-boost|p1a: Pecharunt|spa|2\n|\n|upkeep\n|turn|3\n|j| rahull\n|\n|t:|1713427777\n|move|p1a: Pecharunt|Malignant Chain|p2a: Regigigas\n|-damage|p2a: Regigigas|181/322\n|-status|p2a: Regigigas|tox\n|-start|p2a: Regigigas|confusion|[from] ability: Poison Puppeteer|[of] p1a: Pecharunt\n|-activate|p2a: Regigigas|confusion\n|-damage|p2a: Regigigas|142/322 tox|[from] confusion\n|\n|-heal|p2a: Regigigas|162/322 tox|[from] item: Leftovers\n|-damage|p2a: Regigigas|142/322 tox|[from] psn\n|upkeep\n|turn|4\n|\n|t:|1713427787\n|move|p1a: Pecharunt|Nasty Plot|p1a: Pecharunt\n|-boost|p1a: Pecharunt|spa|2\n|-end|p2a: Regigigas|confusion\n|move|p2a: Regigigas|Knock Off|p1a: Pecharunt\n|-supereffective|p1a: Pecharunt\n|-damage|p1a: Pecharunt|198/262\n|-enditem|p1a: Pecharunt|Leftovers|[from] move: Knock Off|[of] p2a: Regigigas\n|\n|-heal|p2a: Regigigas|162/322 tox|[from] item: Leftovers\n|-damage|p2a: Regigigas|122/322 tox|[from] psn\n|upkeep\n|turn|5\n|\n|t:|1713427799\n|move|p1a: Pecharunt|Recover|p1a: Pecharunt\n|-heal|p1a: Pecharunt|262/262\n|move|p2a: Regigigas|Knock Off|p1a: Pecharunt\n|-supereffective|p1a: Pecharunt\n|-damage|p1a: Pecharunt|218/262\n|\n|-heal|p2a: Regigigas|142/322 tox|[from] item: Leftovers\n|-damage|p2a: Regigigas|82/322 tox|[from] psn\n|upkeep\n|turn|6\n|\n|t:|1713427807\n|move|p1a: Pecharunt|Malignant Chain|p2a: Regigigas\n|-damage|p2a: Regigigas|0 fnt\n|faint|p2a: Regigigas\n|-end|p2a: Regigigas|Slow Start|[silent]\n|\n|upkeep\n|inactive|soTsoT has 120 seconds left.\n|\n|t:|1713427848\n|switch|p2a: Typhlosion|Typhlosion-Hisui, L83, F|257/257\n|turn|7\n|\n|t:|1713427858\n|-terastallize|p2a: Typhlosion|Fire\n|move|p2a: Typhlosion|Eruption|p1a: Pecharunt\n|-damage|p1a: Pecharunt|0 fnt\n|faint|p1a: Pecharunt\n|\n|upkeep\n|\n|t:|1713427869\n|switch|p1a: Terapagos|Terapagos, L76, M|262/262\n|-activate|p1a: Terapagos|ability: Tera Shift\n|detailschange|p1a: Terapagos|Terapagos-Terastal, L76, M\n|-heal|p1a: Terapagos|269/269|[silent]\n|turn|8\n|inactive|soTsoT has 120 seconds left.\n|\n|t:|1713427888\n|switch|p2a: Ogerpon|Ogerpon-Cornerstone, L76, F|247/247\n|move|p1a: Terapagos|Earth Power|p2a: Ogerpon\n|-damage|p2a: Ogerpon|186/247\n|\n|upkeep\n|turn|9\n|inactive|soTsoT has 120 seconds left.\n|\n|t:|1713427895\n|switch|p1a: Skarmory|Skarmory, L80, F|235/235\n|move|p2a: Ogerpon|Ivy Cudgel|p1a: Skarmory|[anim] Ivy Cudgel Rock\n|-damage|p1a: Skarmory|142/235\n|\n|-heal|p1a: Skarmory|156/235|[from] item: Leftovers\n|upkeep\n|turn|10\n|\n|t:|1713427902\n|switch|p2a: Typhlosion|Typhlosion-Hisui, L83, F, tera:Fire|257/257\n|-item|p1a: Skarmory|Leftovers|[from] ability: Frisk|[of] p2a: Typhlosion|[identify]\n|move|p1a: Skarmory|Stealth Rock|p2a: Typhlosion\n|-sidestart|p2: soTsoT|move: Stealth Rock\n|\n|-heal|p1a: Skarmory|170/235|[from] item: Leftovers\n|upkeep\n|turn|11\n|\n|t:|1713427909\n|move|p2a: Typhlosion|Eruption|p1a: Skarmory\n|-supereffective|p1a: Skarmory\n|-damage|p1a: Skarmory|0 fnt\n|faint|p1a: Skarmory\n|\n|upkeep\n|\n|t:|1713427911\n|switch|p1a: Terapagos|Terapagos-Terastal, L76, M|269/269\n|turn|12\n|\n|t:|1713427922\n|switch|p2a: Ogerpon|Ogerpon-Cornerstone, L76, F|186/247\n|-damage|p2a: Ogerpon|156/247|[from] Stealth Rock\n|move|p1a: Terapagos|Earth Power|p2a: Ogerpon\n|-damage|p2a: Ogerpon|93/247\n|\n|upkeep\n|turn|13\n|inactive|Referrals has 120 seconds left.\n|inactive|Referrals has 90 seconds left.\n|\n|t:|1713427984\n|switch|p1a: Vikavolt|Vikavolt, L84, M|267/267\n|move|p2a: Ogerpon|Synthesis|p2a: Ogerpon\n|-heal|p2a: Ogerpon|216/247\n|\n|upkeep\n|turn|14\n|\n|t:|1713427992\n|switch|p2a: Coalossal|Coalossal, L89, F|197/341\n|move|p1a: Vikavolt|Bug Buzz|p2a: Coalossal\n|-resisted|p2a: Coalossal\n|-damage|p2a: Coalossal|107/341\n|\n|upkeep\n|turn|15\n|\n|t:|1713427998\n|switch|p1a: Misdreavus|Misdreavus, L90, M|254/254\n|move|p2a: Coalossal|Rapid Spin|p1a: Misdreavus\n|-immune|p1a: Misdreavus\n|\n|upkeep\n|turn|16\n|\n|t:|1713428003\n|move|p1a: Misdreavus|Calm Mind|p1a: Misdreavus\n|-boost|p1a: Misdreavus|spa|1\n|-boost|p1a: Misdreavus|spd|1\n|move|p2a: Coalossal|Stone Edge|p1a: Misdreavus\n|-damage|p1a: Misdreavus|172/254\n|\n|upkeep\n|turn|17\n|\n|t:|1713428012\n|move|p1a: Misdreavus|Shadow Ball|p2a: Coalossal\n|-damage|p2a: Coalossal|0 fnt\n|faint|p2a: Coalossal\n|\n|upkeep\n|\n|t:|1713428020\n|switch|p2a: Shaymin|Shaymin, L83|302/302\n|-damage|p2a: Shaymin|265/302|[from] Stealth Rock\n|turn|18\n|inactive|Referrals has 120 seconds left.\n|\n|t:|1713428043\n|switch|p1a: Vikavolt|Vikavolt, L84, M|267/267\n|move|p2a: Shaymin|Leech Seed|p1a: Vikavolt\n|-start|p1a: Vikavolt|move: Leech Seed\n|\n|-heal|p2a: Shaymin|283/302|[from] item: Leftovers\n|-damage|p1a: Vikavolt|234/267|[from] Leech Seed|[of] p2a: Shaymin\n|-heal|p2a: Shaymin|302/302|[silent]\n|upkeep\n|turn|19\n|\n|t:|1713428058\n|move|p2a: Shaymin|Air Slash|p1a: Vikavolt\n|-damage|p1a: Vikavolt|177/267\n|move|p1a: Vikavolt|Volt Switch|p2a: Shaymin\n|-resisted|p2a: Shaymin\n|-damage|p2a: Shaymin|231/302\n|\n|t:|1713428061\n|switch|p1a: Terapagos|Terapagos-Terastal, L76, M|269/269|[from] Volt Switch\n|\n|-heal|p2a: Shaymin|249/302|[from] item: Leftovers\n|upkeep\n|turn|20\n|\n|t:|1713428067\n|switch|p2a: Ogerpon|Ogerpon-Cornerstone, L76, F|216/247\n|-damage|p2a: Ogerpon|186/247|[from] Stealth Rock\n|move|p1a: Terapagos|Rapid Spin|p2a: Ogerpon\n|-resisted|p2a: Ogerpon\n|-damage|p2a: Ogerpon|162/247\n|-boost|p1a: Terapagos|spe|1\n|-sideend|p1: Referrals|Spikes|[from] move: Rapid Spin|[of] p1a: Terapagos\n|\n|upkeep\n|turn|21\n|\n|t:|1713428097\n|move|p1a: Terapagos|Calm Mind|p1a: Terapagos\n|-boost|p1a: Terapagos|spa|1\n|-boost|p1a: Terapagos|spd|1\n|move|p2a: Ogerpon|Synthesis|p2a: Ogerpon\n|-heal|p2a: Ogerpon|247/247\n|\n|upkeep\n|turn|22\n|\n|t:|1713428104\n|-terastallize|p1a: Terapagos|Stellar\n|detailschange|p1a: Terapagos|Terapagos-Stellar, L76, M, tera:Stellar\n|-heal|p1a: Terapagos|368/368|[silent]\n|move|p1a: Terapagos|Tera Starstorm|p2a: Ogerpon\n|-damage|p2a: Ogerpon|87/247\n|move|p2a: Ogerpon|Encore|p1a: Terapagos\n|-start|p1a: Terapagos|Encore\n|\n|upkeep\n|turn|23\n|\n|t:|1713428119\n|switch|p2a: Shaymin|Shaymin, L83|249/302\n|-damage|p2a: Shaymin|212/302|[from] Stealth Rock\n|move|p1a: Terapagos|Tera Starstorm|p2a: Shaymin\n|-damage|p2a: Shaymin|67/302\n|\n|-heal|p2a: Shaymin|85/302|[from] item: Leftovers\n|upkeep\n|turn|24\n|\n|t:|1713428124\n|move|p1a: Terapagos|Tera Starstorm|p2a: Shaymin\n|-damage|p2a: Shaymin|0 fnt\n|faint|p2a: Shaymin\n|\n|upkeep\n|\n|t:|1713428127\n|switch|p2a: Gallade|Gallade, L82, M|246/246\n|-damage|p2a: Gallade|231/246|[from] Stealth Rock\n|turn|25\n|inactive|Referrals has 120 seconds left.\n|\n|t:|1713428165\n|switch|p1a: Vikavolt|Vikavolt, L84, M|177/267\n|move|p2a: Gallade|Sacred Sword|p1a: Vikavolt\n|-resisted|p1a: Vikavolt\n|-damage|p1a: Vikavolt|76/267\n|-damage|p2a: Gallade|207/246|[from] item: Life Orb\n|\n|upkeep\n|turn|26\n|inactive|Referrals has 120 seconds left.\n|\n|t:|1713428182\n|move|p2a: Gallade|Night Slash|p1a: Vikavolt\n|-damage|p1a: Vikavolt|0 fnt\n|faint|p1a: Vikavolt\n|-damage|p2a: Gallade|183/246|[from] item: Life Orb\n|\n|upkeep\n|inactive|Referrals has 120 seconds left.\n|\n|t:|1713428200\n|switch|p1a: Misdreavus|Misdreavus, L90, M|172/254\n|turn|27\n|\n|t:|1713428209\n|switch|p2a: Typhlosion|Typhlosion-Hisui, L83, F, tera:Fire|257/257\n|-damage|p2a: Typhlosion|193/257|[from] Stealth Rock\n|-item|p1a: Misdreavus|Eviolite|[from] ability: Frisk|[of] p2a: Typhlosion|[identify]\n|move|p1a: Misdreavus|Shadow Ball|p2a: Typhlosion\n|-damage|p2a: Typhlosion|100/257\n|-unboost|p2a: Typhlosion|spd|1\n|\n|upkeep\n|turn|28\n|\n|t:|1713428223\n|move|p2a: Typhlosion|Fire Blast|p1a: Misdreavus\n|-damage|p1a: Misdreavus|66/254\n|move|p1a: Misdreavus|Shadow Ball|p2a: Typhlosion\n|-damage|p2a: Typhlosion|0 fnt\n|faint|p2a: Typhlosion\n|\n|upkeep\n|\n|t:|1713428228\n|switch|p2a: Ogerpon|Ogerpon-Cornerstone, L76, F|87/247\n|-damage|p2a: Ogerpon|57/247|[from] Stealth Rock\n|turn|29\n|\n|t:|1713428234\n|move|p2a: Ogerpon|Ivy Cudgel|p1a: Misdreavus|[anim] Ivy Cudgel Rock\n|-damage|p1a: Misdreavus|0 fnt\n|faint|p1a: Misdreavus\n|\n|upkeep\n|\n|t:|1713428247\n|switch|p1a: Terapagos|Terapagos-Stellar, L76, M, tera:Stellar|368/368\n|turn|30\n|\n|t:|1713428256\n|move|p2a: Ogerpon|Synthesis|p2a: Ogerpon\n|-heal|p2a: Ogerpon|180/247\n|move|p1a: Terapagos|Rapid Spin|p2a: Ogerpon\n|-resisted|p2a: Ogerpon\n|-damage|p2a: Ogerpon|135/247\n|-boost|p1a: Terapagos|spe|1\n|\n|upkeep\n|turn|31\n|\n|t:|1713428261\n|move|p1a: Terapagos|Tera Starstorm|p2a: Ogerpon\n|-damage|p2a: Ogerpon|26/247\n|move|p2a: Ogerpon|Encore|p1a: Terapagos\n|-start|p1a: Terapagos|Encore\n|\n|upkeep\n|turn|32\n|\n|t:|1713428264\n|move|p1a: Terapagos|Tera Starstorm|p2a: Ogerpon\n|-damage|p2a: Ogerpon|0 fnt\n|faint|p2a: Ogerpon\n|\n|upkeep\n|\n|t:|1713428265\n|switch|p2a: Gallade|Gallade, L82, M|183/246\n|-damage|p2a: Gallade|168/246|[from] Stealth Rock\n|turn|33\n|\n|t:|1713428267\n|move|p1a: Terapagos|Tera Starstorm|p2a: Gallade\n|-damage|p2a: Gallade|83/246\n|move|p2a: Gallade|Sacred Sword|p1a: Terapagos\n|-supereffective|p1a: Terapagos\n|-damage|p1a: Terapagos|0 fnt\n|faint|p1a: Terapagos\n|-damage|p2a: Gallade|59/246|[from] item: Life Orb\n|\n|upkeep\n|\n|t:|1713428269\n|switch|p1a: Deoxys|Deoxys, L74|196/196\n|-ability|p1a: Deoxys|Pressure\n|turn|34\n|\n|t:|1713428272\n|move|p1a: Deoxys|Knock Off|p2a: Gallade\n|-damage|p2a: Gallade|0 fnt\n|-enditem|p2a: Gallade|Life Orb|[from] move: Knock Off|[of] p1a: Deoxys\n|faint|p2a: Gallade\n|-damage|p1a: Deoxys|177/196|[from] item: Life Orb\n|\n|win|Referrals\n|raw|Referrals's rating: 2480 &rarr; <strong>2499</strong><br />(+19 for winning)\n|raw|soTsoT's rating: 2463 &rarr; <strong>2444</strong><br />(-19 for losing)\n|l|\u2606soTsoT\n|player|p2|\n|l|\u2606Referrals\n|player|p1|\n", "inputlog": ">version 353afcba8edc3ce061b3a30b18dec61a8b98d08c\n>start {\"formatid\":\"gen9randombattle\",\"seed\":[16953,3224,29552,54632],\"rated\":\"Rated battle\"}\n>player p1 {\"name\":\"Referrals\",\"avatar\":\"miku-ground\",\"rating\":2480,\"seed\":[65521,18755,24240,55971]}\n>player p2 {\"name\":\"soTsoT\",\"avatar\":\"#teamskymin\",\"rating\":2463,\"seed\":[22417,21288,54623,35783]}\n>p1 move voltswitch\n>p2 move spikes\n>p1 switch 4\n>p1 move nastyplot\n>p2 switch 6\n>p1 move malignantchain\n>p2 move knockoff\n>p1 move nastyplot\n>p2 move knockoff\n>p1 move recover\n>p2 move knockoff\n>p1 move malignantchain\n>p2 move knockoff\n>p2 switch 2\n>p1 move shadowball\n>p2 move eruption terastallize\n>p1 switch 5\n>p1 move earthpower\n>p2 switch 4\n>p1 switch 3\n>p2 move ivycudgel\n>p1 move stealthrock\n>p2 switch 4\n>p1 move whirlwind\n>p2 move eruption\n>p1 switch 3\n>p1 move earthpower\n>p2 switch 4\n>p1 switch 4\n>p2 move synthesis\n>p1 move bugbuzz\n>p2 switch 6\n>p1 switch 2\n>p2 move rapidspin\n>p1 move calmmind\n>p2 move stoneedge\n>p1 move shadowball\n>p2 move stoneedge\n>p2 switch 5\n>p1 switch 2\n>p2 move leechseed\n>p1 move voltswitch\n>p2 move airslash\n>p1 switch 4\n>p1 move rapidspin\n>p2 switch 6\n>p1 move calmmind\n>p2 move synthesis\n>p1 move terastarstorm terastallize\n>p2 move encore\n>p1 move terastarstorm\n>p2 switch 6\n>p1 move terastarstorm\n>p2 move leechseed\n>p2 switch 3\n>p1 switch 4\n>p2 move sacredsword\n>p1 move bugbuzz\n>p2 move nightslash\n>p1 switch 2\n>p1 move shadowball\n>p2 switch 4\n>p1 move shadowball\n>p2 move fireblast\n>p2 switch 6\n>p1 move willowisp\n>p2 move ivycudgel\n>p1 switch 4\n>p1 move rapidspin\n>p2 move synthesis\n>p1 move terastarstorm\n>p2 move encore\n>p1 move terastarstorm\n>p2 move ivycudgel\n>p2 switch 4\n>p1 move terastarstorm\n>p2 move sacredsword\n>p1 switch 6\n>p1 move knockoff\n>p2 move nightslash", "uploadtime": 1713428279, "views": 290, "formatid": "gen9randombattle", "rating": 2444, "private": 0, "password": null}