{"id": "gen9randombattle-2196799431", "format": "[Gen 9] Random Battle", "players": ["found it to", "lt111vz mdb2"], "log": "|badge|p2|silver|gen9randombattle|30-2\n|uhtml|medal-msg|<div class=\"broadcast-blue\">Curious what those medals under the avatar are? PS now has Ladder Seasons! For more information, check out the <a href=\"https://www.smogon.com/forums/threads/3740067/\">thread on Smogon.</a></div>\n|j|\u2606found it to\n|j|\u2606lt111vz mdb2\n|t:|1725751782\n|gametype|singles\n|player|p1|found it to|elesa-masters|2254\n|player|p2|lt111vz mdb2|red|2400\n|teamsize|p1|6\n|teamsize|p2|6\n|gen|9\n|tier|[Gen 9] Random Battle\n|rated|\n|rule|Species Clause: Limit one of each Pok\u00e9mon\n|rule|HP Percentage Mod: HP is shown in percentages\n|rule|Sleep Clause Mod: Limit one foe put to sleep\n|rule|Illusion Level Mod: Illusion disguises the Pok\u00e9mon's true level\n|\n|t:|1725751782\n|start\n|switch|p1a: Virizion|Virizion, L82|283/283\n|switch|p2a: Whiscash|Whiscash, L88, F|337/337\n|turn|1\n|c|\u2606found it to|glhf\n|\n|t:|1725751811\n|switch|p2a: Ampharos|Ampharos, L88, M|302/302\n|move|p1a: Virizion|Swords Dance|p1a: Virizion\n|-boost|p1a: Virizion|atk|2\n|\n|upkeep\n|turn|2\n|\n|t:|1725751825\n|move|p1a: Virizion|Leaf Blade|p2a: Ampharos\n|-crit|p2a: Ampharos\n|-damage|p2a: Ampharos|0 fnt\n|faint|p2a: Ampharos\n|-damage|p1a: Virizion|255/283|[from] item: Life Orb\n|\n|upkeep\n|\n|t:|1725751838\n|switch|p2a: Lugia|Lugia, L72|272/272\n|turn|3\n|\n|t:|1725751853\n|switch|p1a: Raikou|Raikou, L81|278/278\n|-ability|p1a: Raikou|Pressure\n|move|p2a: Lugia|Aeroblast|p1a: Raikou\n|-resisted|p1a: Raikou\n|-damage|p1a: Raikou|245/278\n|\n|-heal|p1a: Raikou|262/278|[from] item: Leftovers\n|upkeep\n|turn|4\n|j| paysa\n|l| paysa\n|\n|t:|1725751864\n|switch|p2a: Whiscash|Whiscash, L88, F|337/337\n|move|p1a: Raikou|Scald|p2a: Whiscash\n|-damage|p2a: Whiscash|271/337\n|-status|p2a: Whiscash|brn\n|\n|-heal|p1a: Raikou|278/278|[from] item: Leftovers\n|-heal|p2a: Whiscash|292/337 brn|[from] item: Leftovers\n|-damage|p2a: Whiscash|271/337 brn|[from] brn\n|upkeep\n|turn|5\n|\n|t:|1725751875\n|switch|p1a: Kricketune|Kricketune, L99, M|312/312\n|move|p2a: Whiscash|Spikes|p1a: Kricketune\n|-sidestart|p1: found it to|Spikes\n|\n|-heal|p2a: Whiscash|292/337 brn|[from] item: Leftovers\n|-damage|p2a: Whiscash|271/337 brn|[from] brn\n|upkeep\n|turn|6\n|\n|t:|1725751878\n|switch|p2a: Blissey|Blissey, L84, F|566/566\n|move|p1a: Kricketune|Taunt|p2a: Blissey\n|-start|p2a: Blissey|move: Taunt\n|\n|upkeep\n|turn|7\n|\n|t:|1725751888\n|switch|p2a: Lugia|Lugia, L72|272/272\n|move|p1a: Kricketune|Pounce|p2a: Lugia\n|-damage|p2a: Lugia|230/272\n|-unboost|p2a: Lugia|spe|1\n|\n|upkeep\n|turn|8\n|\n|t:|1725751895\n|move|p1a: Kricketune|Sticky Web|p2a: Lugia\n|-sidestart|p2: lt111vz mdb2|move: Sticky Web\n|move|p2a: Lugia|Aeroblast|p1a: Kricketune|[miss]\n|-miss|p2a: Lugia|p1a: Kricketune\n|\n|upkeep\n|turn|9\n|\n|t:|1725751900\n|move|p1a: Kricketune|Knock Off|p2a: Lugia\n|-supereffective|p2a: Lugia\n|-damage|p2a: Lugia|84/272\n|-enditem|p2a: Lugia|Heavy-Duty Boots|[from] move: Knock Off|[of] p1a: Kricketune\n|move|p2a: Lugia|Recover|p2a: Lugia\n|-heal|p2a: Lugia|220/272\n|\n|upkeep\n|turn|10\n|\n|t:|1725751907\n|move|p1a: Kricketune|Pounce|p2a: Lugia\n|-damage|p2a: Lugia|130/272\n|-unboost|p2a: Lugia|spe|1\n|move|p2a: Lugia|Aeroblast|p1a: Kricketune\n|-supereffective|p1a: Kricketune\n|-damage|p1a: Kricketune|124/312\n|\n|upkeep\n|turn|11\n|\n|t:|1725751911\n|move|p1a: Kricketune|Taunt|p2a: Lugia\n|-start|p2a: Lugia|move: Taunt\n|move|p2a: Lugia|Aeroblast|p1a: Kricketune\n|-supereffective|p1a: Kricketune\n|-crit|p1a: Kricketune\n|-damage|p1a: Kricketune|0 fnt\n|faint|p1a: Kricketune\n|\n|upkeep\n|\n|t:|1725751924\n|switch|p1a: Raikou|Raikou, L81|278/278\n|-damage|p1a: Raikou|244/278|[from] Spikes\n|-ability|p1a: Raikou|Pressure\n|turn|12\n|\n|t:|1725751928\n|switch|p2a: Whiscash|Whiscash, L88, F|271/337 brn\n|-activate|p2a: Whiscash|move: Sticky Web\n|-unboost|p2a: Whiscash|spe|1\n|move|p1a: Raikou|Calm Mind|p1a: Raikou\n|-boost|p1a: Raikou|spa|1\n|-boost|p1a: Raikou|spd|1\n|\n|-heal|p1a: Raikou|261/278|[from] item: Leftovers\n|-heal|p2a: Whiscash|292/337 brn|[from] item: Leftovers\n|-damage|p2a: Whiscash|271/337 brn|[from] brn\n|upkeep\n|turn|13\n|\n|t:|1725751935\n|switch|p1a: Virizion|Virizion, L82|255/283\n|-damage|p1a: Virizion|220/283|[from] Spikes\n|move|p2a: Whiscash|Stealth Rock|p1a: Virizion\n|-sidestart|p1: found it to|move: Stealth Rock\n|\n|-heal|p2a: Whiscash|292/337 brn|[from] item: Leftovers\n|-damage|p2a: Whiscash|271/337 brn|[from] brn\n|upkeep\n|turn|14\n|\n|t:|1725751944\n|switch|p2a: Lanturn|Lanturn, L89, F|367/367\n|-activate|p2a: Lanturn|move: Sticky Web\n|-unboost|p2a: Lanturn|spe|1\n|move|p1a: Virizion|Leaf Blade|p2a: Lanturn\n|-supereffective|p2a: Lanturn\n|-damage|p2a: Lanturn|107/367\n|-damage|p1a: Virizion|192/283|[from] item: Life Orb\n|\n|-heal|p2a: Lanturn|129/367|[from] item: Leftovers\n|upkeep\n|turn|15\n|j| iamsobadatrands\n|\n|t:|1725751957\n|move|p1a: Virizion|Leaf Blade|p2a: Lanturn\n|-supereffective|p2a: Lanturn\n|-damage|p2a: Lanturn|0 fnt\n|faint|p2a: Lanturn\n|-damage|p1a: Virizion|164/283|[from] item: Life Orb\n|\n|upkeep\n|\n|t:|1725751958\n|switch|p2a: Honchkrow|Honchkrow, L86, M|312/312\n|turn|16\n|\n|t:|1725751972\n|switch|p1a: Raikou|Raikou, L81|261/278\n|-damage|p1a: Raikou|227/278|[from] Spikes\n|-damage|p1a: Raikou|193/278|[from] Stealth Rock\n|-ability|p1a: Raikou|Pressure\n|move|p2a: Honchkrow|Lash Out|p1a: Raikou\n|-damage|p1a: Raikou|64/278\n|\n|-heal|p1a: Raikou|81/278|[from] item: Leftovers\n|upkeep\n|turn|17\n|\n|t:|1725751983\n|move|p2a: Honchkrow|Sucker Punch||[still]\n|-fail|p2a: Honchkrow\n|move|p1a: Raikou|Calm Mind|p1a: Raikou\n|-boost|p1a: Raikou|spa|1\n|-boost|p1a: Raikou|spd|1\n|\n|-heal|p1a: Raikou|98/278|[from] item: Leftovers\n|upkeep\n|turn|18\n|\n|t:|1725751990\n|switch|p2a: Blissey|Blissey, L84, F|566/566\n|-activate|p2a: Blissey|move: Sticky Web\n|-unboost|p2a: Blissey|spe|1\n|move|p1a: Raikou|Thunderbolt|p2a: Blissey\n|-damage|p2a: Blissey|466/566\n|-status|p2a: Blissey|par\n|\n|-heal|p1a: Raikou|115/278|[from] item: Leftovers\n|-heal|p2a: Blissey|501/566 par|[from] item: Leftovers\n|upkeep\n|turn|19\n|\n|t:|1725751998\n|switch|p1a: Metagross|Metagross, L79|256/256\n|-damage|p1a: Metagross|224/256|[from] Spikes\n|-damage|p1a: Metagross|208/256|[from] Stealth Rock\n|cant|p2a: Blissey|par\n|\n|-heal|p2a: Blissey|536/566 par|[from] item: Leftovers\n|upkeep\n|turn|20\n|\n|t:|1725752007\n|-curestatus|p2a: Blissey|par|[from] ability: Natural Cure\n|switch|p2a: Whiscash|Whiscash, L88, F|271/337 brn\n|-activate|p2a: Whiscash|move: Sticky Web\n|-unboost|p2a: Whiscash|spe|1\n|move|p1a: Metagross|Agility|p1a: Metagross\n|-boost|p1a: Metagross|spe|2\n|\n|-heal|p2a: Whiscash|292/337 brn|[from] item: Leftovers\n|-damage|p2a: Whiscash|271/337 brn|[from] brn\n|upkeep\n|turn|21\n|\n|t:|1725752012\n|move|p1a: Metagross|Knock Off|p2a: Whiscash\n|-damage|p2a: Whiscash|178/337 brn\n|-enditem|p2a: Whiscash|Leftovers|[from] move: Knock Off|[of] p1a: Metagross\n|move|p2a: Whiscash|Hydro Pump|p1a: Metagross\n|-damage|p1a: Metagross|105/256\n|\n|-damage|p2a: Whiscash|157/337 brn|[from] brn\n|upkeep\n|turn|22\n|\n|t:|1725752026\n|switch|p2a: Honchkrow|Honchkrow, L86, M|312/312\n|move|p1a: Metagross|Earthquake|p2a: Honchkrow\n|-immune|p2a: Honchkrow\n|\n|upkeep\n|turn|23\n|\n|t:|1725752035\n|move|p2a: Honchkrow|Sucker Punch|p1a: Metagross\n|-supereffective|p1a: Metagross\n|-damage|p1a: Metagross|0 fnt\n|faint|p1a: Metagross\n|-ability|p2a: Honchkrow|Moxie|boost\n|-boost|p2a: Honchkrow|atk|1\n|\n|upkeep\n|\n|t:|1725752042\n|switch|p1a: Virizion|Virizion, L82|164/283\n|-damage|p1a: Virizion|129/283|[from] Spikes\n|-damage|p1a: Virizion|112/283|[from] Stealth Rock\n|turn|24\n|\n|t:|1725752049\n|move|p2a: Honchkrow|Sucker Punch|p1a: Virizion\n|-resisted|p1a: Virizion\n|-damage|p1a: Virizion|28/283\n|-ability|p1a: Virizion|Justified|boost\n|-boost|p1a: Virizion|atk|1\n|move|p1a: Virizion|Stone Edge|p2a: Honchkrow\n|-supereffective|p2a: Honchkrow\n|-damage|p2a: Honchkrow|0 fnt\n|faint|p2a: Honchkrow\n|-damage|p1a: Virizion|0 fnt|[from] item: Life Orb\n|faint|p1a: Virizion\n|\n|upkeep\n|\n|t:|1725752067\n|switch|p1a: Charizard|Charizard, L85, M|271/271\n|switch|p2a: Lugia|Lugia, L72|130/272\n|turn|25\n|\n|t:|1725752072\n|move|p1a: Charizard|Swords Dance|p1a: Charizard\n|-boost|p1a: Charizard|atk|2\n|move|p2a: Lugia|Recover|p2a: Lugia\n|-heal|p2a: Lugia|266/272\n|\n|upkeep\n|turn|26\n|\n|t:|1725752076\n|-terastallize|p1a: Charizard|Dragon\n|move|p1a: Charizard|Outrage|p2a: Lugia\n|-damage|p2a: Lugia|47/272\n|move|p2a: Lugia|Aeroblast|p1a: Charizard\n|-damage|p1a: Charizard|193/271\n|\n|upkeep\n|turn|27\n|\n|t:|1725752091\n|move|p1a: Charizard|Outrage|p2a: Lugia|[from]lockedmove\n|-damage|p2a: Lugia|0 fnt\n|faint|p2a: Lugia\n|-start|p1a: Charizard|confusion|[fatigue]\n|\n|upkeep\n|\n|t:|1725752097\n|switch|p2a: Blissey|Blissey, L84, F|536/566\n|-activate|p2a: Blissey|move: Sticky Web\n|-unboost|p2a: Blissey|spe|1\n|turn|28\n|\n|t:|1725752108\n|-activate|p1a: Charizard|confusion\n|move|p1a: Charizard|Flare Blitz|p2a: Blissey\n|-damage|p2a: Blissey|0 fnt\n|faint|p2a: Blissey\n|-damage|p1a: Charizard|16/271|[from] Recoil\n|\n|upkeep\n|c|\u2606found it to|gg\n|-message|lt111vz mdb2 forfeited.\n|\n|win|found it to\n|raw|found it to's rating: 2254 &rarr; <strong>2282</strong><br />(+28 for winning)\n|raw|lt111vz mdb2's rating: 2409 &rarr; <strong>2381</strong><br />(-28 for losing)\n|l|\u2606lt111vz mdb2\n|player|p2|\n", "inputlog": ">version 0cf8241dca984da66af486149691a79a2b0e79e7\n>start {\"formatid\":\"gen9randombattle\",\"seed\":[19224,10358,48897,21804],\"rated\":\"Rated battle\"}\n>player p1 {\"name\":\"found it to\",\"avatar\":\"elesa-masters\",\"rating\":2254,\"seed\":[54900,25990,32481,55408]}\n>player p2 {\"name\":\"lt111vz mdb2\",\"avatar\":\"red\",\"rating\":2400,\"seed\":[51802,1844,65006,25896]}\n>chat \u2606found it to|glhf\n>p1 move swordsdance\n>p2 switch 6\n>p1 move leafblade\n>p2 move dazzlinggleam\n>p2 switch 5\n>p1 switch 6\n>p2 move aeroblast\n>p1 move scald\n>p2 switch 6\n>p1 switch 2\n>p2 move spikes\n>p1 move taunt\n>p2 switch 4\n>p1 move pounce\n>p2 switch 6\n>p1 move stickyweb\n>p2 move aeroblast\n>p1 move knockoff\n>p2 move recover\n>p1 move pounce\n>p2 move aeroblast\n>p1 move taunt\n>p2 move aeroblast\n>p1 switch 2\n>p1 move calmmind\n>p2 switch 4\n>p1 switch 6\n>p2 move stealthrock\n>p1 move leafblade\n>p2 switch 3\n>p1 move leafblade\n>p2 move icebeam\n>p2 switch 2\n>p1 switch 6\n>p2 move lashout\n>p1 move calmmind\n>p2 move suckerpunch\n>p1 move thunderbolt\n>p2 switch 6\n>p1 switch 4\n>p2 move seismictoss\n>p1 move agility\n>p2 switch 3\n>p1 move knockoff\n>p2 move hydropump\n>p1 move earthquake\n>p2 switch 6\n>p1 move heavyslam\n>p2 move suckerpunch\n>p1 switch 6\n>p1 move stoneedge\n>p2 move suckerpunch\n>p1 switch 3\n>p2 switch 4\n>p1 move swordsdance\n>p2 move recover\n>p1 move outrage terastallize\n>p2 move aeroblast\n>p1 move outrage\n>p2 move aeroblast\n>p2 switch 3\n>p1 move flareblitz\n>p2 move seismictoss\n>chat \u2606found it to|gg\n>forcelose p2", "uploadtime": 1725752163, "views": 96, "formatid": "gen9randombattle", "rating": 2282, "private": 0, "password": null}