{"id": "gen9randombattle-2216961629", "format": "[Gen 9] Random Battle", "players": ["Rl4t betathunder", "RL4T Pig"], "log": "|badge|p2|bronze|gen9randombattle|100-3\n|uhtml|medal-msg|<div class=\"broadcast-blue\">Curious what those medals under the avatar are? PS now has Ladder Seasons! For more information, check out the <a href=\"https://www.smogon.com/forums/threads/3740067/\">thread on Smogon.</a></div>\n|raw|<div class=\"broadcast-blue\"><strong>This battle is required to be public due to a player having a name starting with 'rl4t'.</div>\n|j|\u2606Rl4t betathunder\n|j|\u2606RL4T Pig\n|t:|1728198267\n|gametype|singles\n|player|p1|Rl4t betathunder|265|2240\n|player|p2|RL4T Pig|lucas|2318\n|teamsize|p1|6\n|teamsize|p2|6\n|gen|9\n|tier|[Gen 9] Random Battle\n|rated|\n|rule|Species Clause: Limit one of each Pok\u00e9mon\n|rule|HP Percentage Mod: HP is shown in percentages\n|rule|Sleep Clause Mod: Limit one foe put to sleep\n|rule|Illusion Level Mod: Illusion disguises the Pok\u00e9mon's true level\n|\n|t:|1728198267\n|start\n|switch|p1a: Excadrill|Excadrill, L80, F|307/307\n|switch|p2a: Iron Valiant|Iron Valiant, L78|244/244\n|-ability|p1a: Excadrill|Mold Breaker\n|turn|1\n|inactive|Battle timer is ON: inactive players will automatically lose when time's up. (requested by Rl4t betathunder)\n|\n|t:|1728198286\n|switch|p1a: Electrode|Electrode-Hisui, L87|246/246\n|move|p2a: Iron Valiant|Close Combat|p1a: Electrode\n|-damage|p1a: Electrode|47/246\n|-unboost|p2a: Iron Valiant|def|1\n|-unboost|p2a: Iron Valiant|spd|1\n|-damage|p2a: Iron Valiant|220/244|[from] item: Life Orb\n|\n|-heal|p1a: Electrode|62/246|[from] item: Leftovers\n|upkeep\n|turn|2\n|inactive|RL4T Pig has 120 seconds left.\n|\n|t:|1728198325\n|-end|p2a: Iron Valiant|Quark Drive|[silent]\n|switch|p2a: Hypno|Hypno, L95, M|315/315\n|move|p1a: Electrode|Thunderbolt|p2a: Hypno\n|-damage|p2a: Hypno|249/315\n|\n|-heal|p1a: Electrode|77/246|[from] item: Leftovers\n|-heal|p2a: Hypno|268/315|[from] item: Leftovers\n|upkeep\n|turn|3\n|\n|t:|1728198337\n|move|p1a: Electrode|Thunderbolt|p2a: Hypno\n|-damage|p2a: Hypno|208/315\n|move|p2a: Hypno|Knock Off|p1a: Electrode\n|-damage|p1a: Electrode|0 fnt\n|-enditem|p1a: Electrode|Leftovers|[from] move: Knock Off|[of] p2a: Hypno\n|faint|p1a: Electrode\n|\n|-heal|p2a: Hypno|227/315|[from] item: Leftovers\n|upkeep\n|\n|t:|1728198338\n|switch|p1a: Kleavor|Kleavor, L78, F|237/237\n|turn|4\n|\n|t:|1728198358\n|switch|p2a: Rhydon|Rhydon, L85, F|317/317\n|move|p1a: Kleavor|Stone Axe|p2a: Rhydon|[miss]\n|-miss|p1a: Kleavor|p2a: Rhydon\n|\n|upkeep\n|turn|5\n|\n|t:|1728198367\n|move|p1a: Kleavor|Stone Axe|p2a: Rhydon\n|-resisted|p2a: Rhydon\n|-damage|p2a: Rhydon|288/317\n|-sidestart|p2: RL4T Pig|move: Stealth Rock\n|move|p2a: Rhydon|Stone Edge|p1a: Kleavor\n|-supereffective|p1a: Kleavor\n|-damage|p1a: Kleavor|0 fnt\n|faint|p1a: Kleavor\n|\n|upkeep\n|\n|t:|1728198368\n|switch|p1a: Urshifu|Urshifu-Rapid-Strike, L75, F|274/274\n|turn|6\n|\n|t:|1728198382\n|switch|p2a: Hypno|Hypno, L95, M|227/315\n|-damage|p2a: Hypno|188/315|[from] Stealth Rock\n|move|p1a: Urshifu|Swords Dance|p1a: Urshifu\n|-boost|p1a: Urshifu|atk|2\n|\n|-heal|p2a: Hypno|207/315|[from] item: Leftovers\n|upkeep\n|turn|7\n|\n|t:|1728198397\n|move|p1a: Urshifu|Surging Strikes|p2a: Hypno\n|-crit|p2a: Hypno\n|-damage|p2a: Hypno|97/315\n|-crit|p2a: Hypno\n|-damage|p2a: Hypno|0 fnt\n|faint|p2a: Hypno\n|-hitcount|p2: Hypno|2\n|-damage|p1a: Urshifu|247/274|[from] item: Life Orb\n|\n|upkeep\n|\n|t:|1728198404\n|switch|p2a: Iron Valiant|Iron Valiant, L78|220/244\n|-damage|p2a: Iron Valiant|205/244|[from] Stealth Rock\n|turn|8\n|\n|t:|1728198407\n|-terastallize|p1a: Urshifu|Water\n|move|p2a: Iron Valiant|Moonblast|p1a: Urshifu\n|-damage|p1a: Urshifu|64/274\n|-unboost|p1a: Urshifu|spa|1\n|-damage|p2a: Iron Valiant|181/244|[from] item: Life Orb\n|move|p1a: Urshifu|Surging Strikes|p2a: Iron Valiant\n|-crit|p2a: Iron Valiant\n|-damage|p2a: Iron Valiant|15/244\n|-crit|p2a: Iron Valiant\n|-damage|p2a: Iron Valiant|0 fnt\n|faint|p2a: Iron Valiant\n|-end|p2a: Iron Valiant|Quark Drive|[silent]\n|-hitcount|p2: Iron Valiant|2\n|-damage|p1a: Urshifu|37/274|[from] item: Life Orb\n|\n|upkeep\n|\n|t:|1728198413\n|switch|p2a: Meowstic|Meowstic-F, L89, F|277/277\n|-damage|p2a: Meowstic|243/277|[from] Stealth Rock\n|turn|9\n|\n|t:|1728198416\n|move|p2a: Meowstic|Psychic|p1a: Urshifu\n|-damage|p1a: Urshifu|0 fnt\n|faint|p1a: Urshifu\n|-damage|p2a: Meowstic|216/277|[from] item: Life Orb\n|\n|upkeep\n|\n|t:|1728198418\n|switch|p1a: Excadrill|Excadrill, L80, F|307/307\n|-ability|p1a: Excadrill|Mold Breaker\n|turn|10\n|\n|t:|1728198430\n|move|p2a: Meowstic|Dark Pulse|p1a: Excadrill\n|-damage|p1a: Excadrill|208/307\n|-damage|p2a: Meowstic|189/277|[from] item: Life Orb\n|move|p1a: Excadrill|Swords Dance|p1a: Excadrill\n|-boost|p1a: Excadrill|atk|2\n|\n|-heal|p1a: Excadrill|227/307|[from] item: Leftovers\n|upkeep\n|turn|11\n|\n|t:|1728198437\n|move|p2a: Meowstic|Dark Pulse|p1a: Excadrill\n|-damage|p1a: Excadrill|133/307\n|-damage|p2a: Meowstic|162/277|[from] item: Life Orb\n|move|p1a: Excadrill|Rapid Spin|p2a: Meowstic\n|-damage|p2a: Meowstic|69/277\n|-boost|p1a: Excadrill|spe|1\n|\n|-heal|p1a: Excadrill|152/307|[from] item: Leftovers\n|upkeep\n|turn|12\n|\n|t:|1728198441\n|move|p1a: Excadrill|Rapid Spin|p2a: Meowstic\n|-damage|p2a: Meowstic|0 fnt\n|-boost|p1a: Excadrill|spe|1\n|faint|p2a: Meowstic\n|\n|-heal|p1a: Excadrill|171/307|[from] item: Leftovers\n|upkeep\n|\n|t:|1728198445\n|switch|p2a: Rhydon|Rhydon, L85, F|288/317\n|-damage|p2a: Rhydon|269/317|[from] Stealth Rock\n|turn|13\n|\n|t:|1728198449\n|-terastallize|p2a: Rhydon|Flying\n|move|p1a: Excadrill|Earthquake|p2a: Rhydon\n|-immune|p2a: Rhydon\n|move|p2a: Rhydon|Earthquake|p1a: Excadrill\n|-supereffective|p1a: Excadrill\n|-damage|p1a: Excadrill|0 fnt\n|faint|p1a: Excadrill\n|\n|upkeep\n|\n|t:|1728198451\n|switch|p1a: Maushold|Maushold, L76|238/238\n|turn|14\n|\n|t:|1728198457\n|move|p1a: Maushold|Population Bomb|p2a: Rhydon\n|-damage|p2a: Rhydon|256/317\n|-damage|p2a: Rhydon|243/317\n|-damage|p2a: Rhydon|231/317\n|-damage|p2a: Rhydon|218/317\n|-damage|p2a: Rhydon|206/317\n|-damage|p2a: Rhydon|191/317\n|-damage|p2a: Rhydon|178/317\n|-damage|p2a: Rhydon|165/317\n|-damage|p2a: Rhydon|153/317\n|-damage|p2a: Rhydon|138/317\n|-hitcount|p2a: Rhydon|10\n|move|p2a: Rhydon|Earthquake|p1a: Maushold\n|-damage|p1a: Maushold|48/238\n|\n|upkeep\n|turn|15\n|\n|t:|1728198459\n|move|p1a: Maushold|Population Bomb|p2a: Rhydon\n|-damage|p2a: Rhydon|126/317\n|-damage|p2a: Rhydon|114/317\n|-damage|p2a: Rhydon|102/317\n|-damage|p2a: Rhydon|89/317\n|-damage|p2a: Rhydon|76/317\n|-damage|p2a: Rhydon|63/317\n|-damage|p2a: Rhydon|51/317\n|-damage|p2a: Rhydon|38/317\n|-damage|p2a: Rhydon|25/317\n|-damage|p2a: Rhydon|13/317\n|-hitcount|p2a: Rhydon|10\n|move|p2a: Rhydon|Earthquake|p1a: Maushold\n|-damage|p1a: Maushold|0 fnt\n|faint|p1a: Maushold\n|\n|upkeep\n|\n|t:|1728198462\n|switch|p1a: Zekrom|Zekrom, L71|259/259\n|-ability|p1a: Zekrom|Teravolt\n|turn|16\n|\n|t:|1728198466\n|move|p1a: Zekrom|Bolt Strike|p2a: Rhydon|[miss]\n|-miss|p1a: Zekrom|p2a: Rhydon\n|move|p2a: Rhydon|Earthquake|p1a: Zekrom\n|-supereffective|p1a: Zekrom\n|-damage|p1a: Zekrom|0 fnt\n|faint|p1a: Zekrom\n|\n|win|RL4T Pig\n|raw|Rl4t betathunder's rating: 2240 &rarr; <strong>2224</strong><br />(-16 for losing)\n|raw|RL4T Pig's rating: 2318 &rarr; <strong>2334</strong><br />(+16 for winning)\n|l|\u2606Rl4t betathunder\n|player|p1|\n", "inputlog": ">version 86ae7daf8e420bb3f6c82a6a988ddcc1b1aa7e58\n>start {\"formatid\":\"gen9randombattle\",\"seed\":[61336,14921,25055,4812],\"rated\":\"Rated battle\"}\n>player p1 {\"name\":\"Rl4t betathunder\",\"avatar\":\"265\",\"rating\":2240,\"seed\":[30873,4577,60668,23233]}\n>player p2 {\"name\":\"RL4T Pig\",\"avatar\":\"lucas\",\"rating\":2318,\"seed\":[2339,37645,9836,38326]}\n>p1 switch 2\n>p2 move closecombat\n>p1 move thunderbolt\n>p2 switch 4\n>p1 move thunderbolt\n>p2 move knockoff\n>p1 switch 3\n>p1 move stoneaxe\n>p2 switch 5\n>p1 move stoneaxe\n>p2 move stoneedge\n>p1 switch 5\n>p1 move swordsdance\n>p2 switch 5\n>p1 move surgingstrikes\n>p2 move psychicnoise\n>p2 switch 4\n>p1 move surgingstrikes terastallize\n>p2 move moonblast\n>p2 switch 6\n>p1 move surgingstrikes\n>p2 move psychic\n>p1 switch 2\n>p1 move swordsdance\n>p2 move darkpulse\n>p1 move rapidspin\n>p2 move darkpulse\n>p1 move rapidspin\n>p2 move darkpulse\n>p2 switch 5\n>p1 move earthquake\n>p2 move earthquake terastallize\n>p1 switch 4\n>p1 move populationbomb\n>p2 move earthquake\n>p1 move populationbomb\n>p2 move earthquake\n>p1 switch 6\n>p1 move boltstrike\n>p2 move earthquake", "uploadtime": 1728198502, "views": 69, "formatid": "gen9randombattle", "rating": 2224, "private": 0, "password": null}