{"id": "gen9randombattle-2260524251", "format": "[Gen 9] Random Battle", "players": ["Majorian II", "LankyMFer"], "log": "|j|\u2606Majorian II\n|j|\u2606LankyMFer\n|t:|1733859953\n|gametype|singles\n|player|p1|Majorian II|steven|\n|player|p2|LankyMFer|ingo|\n|teamsize|p1|6\n|teamsize|p2|6\n|gen|9\n|tier|[Gen 9] Random Battle\n|rule|Species Clause: Limit one of each Pok\u00e9mon\n|rule|HP Percentage Mod: HP is shown in percentages\n|rule|Sleep Clause Mod: Limit one foe put to sleep\n|rule|Illusion Level Mod: Illusion disguises the Pok\u00e9mon's true level\n|\n|t:|1733859953\n|start\n|switch|p1a: Latios|Latios, L78, M|253/253\n|switch|p2a: Chesnaught|Chesnaught, L84, M|285/285\n|turn|1\n|inactive|Battle timer is ON: inactive players will automatically lose when time's up. (requested by Majorian II)\n|\n|t:|1733859965\n|switch|p2a: Comfey|Comfey, L85, M|225/225\n|move|p1a: Latios|Luster Purge|p2a: Comfey\n|-damage|p2a: Comfey|84/225\n|\n|-heal|p2a: Comfey|98/225|[from] item: Leftovers\n|upkeep\n|turn|2\n|\n|t:|1733859970\n|move|p2a: Comfey|Draining Kiss|p1a: Latios\n|-supereffective|p1a: Latios\n|-damage|p1a: Latios|169/253\n|-heal|p2a: Comfey|161/225|[from] drain|[of] p1a: Latios\n|move|p1a: Latios|Luster Purge|p2a: Comfey\n|-damage|p2a: Comfey|26/225\n|\n|-heal|p2a: Comfey|40/225|[from] item: Leftovers\n|upkeep\n|turn|3\n|\n|t:|1733859995\n|move|p2a: Comfey|Draining Kiss|p1a: Latios\n|-supereffective|p1a: Latios\n|-damage|p1a: Latios|83/253\n|-heal|p2a: Comfey|105/225|[from] drain|[of] p1a: Latios\n|move|p1a: Latios|Luster Purge|p2a: Comfey\n|-damage|p2a: Comfey|0 fnt\n|faint|p2a: Comfey\n|\n|upkeep\n|\n|t:|1733860009\n|switch|p2a: Mudsdale|Mudsdale, L84, M|305/305\n|turn|4\n|inactive|Majorian II has 270 seconds left.\n|\n|t:|1733860062\n|move|p1a: Latios|Luster Purge|p2a: Mudsdale\n|-damage|p2a: Mudsdale|122/305\n|-ability|p2a: Mudsdale|Stamina|boost\n|-boost|p2a: Mudsdale|def|1\n|move|p2a: Mudsdale|Roar|p1a: Latios\n|drag|p1a: Arceus|Arceus-Dragon, L71|288/288\n|\n|-heal|p2a: Mudsdale|141/305|[from] item: Leftovers\n|upkeep\n|turn|5\n|inactive|Majorian II has 240 seconds left.\n|inactive|LankyMFer has 270 seconds left.\n|\n|t:|1733860098\n|move|p1a: Arceus|Swords Dance|p1a: Arceus\n|-boost|p1a: Arceus|atk|2\n|move|p2a: Mudsdale|Earthquake|p1a: Arceus\n|-damage|p1a: Arceus|164/288\n|\n|-heal|p2a: Mudsdale|160/305|[from] item: Leftovers\n|upkeep\n|turn|6\n|\n|t:|1733860103\n|move|p1a: Arceus|Outrage|p2a: Mudsdale\n|-damage|p2a: Mudsdale|6/305\n|-ability|p2a: Mudsdale|Stamina|boost\n|-boost|p2a: Mudsdale|def|1\n|move|p2a: Mudsdale|Earthquake|p1a: Arceus\n|-damage|p1a: Arceus|53/288\n|\n|-heal|p2a: Mudsdale|25/305|[from] item: Leftovers\n|upkeep\n|turn|7\n|\n|t:|1733860106\n|move|p1a: Arceus|Outrage|p2a: Mudsdale|[from]lockedmove\n|-damage|p2a: Mudsdale|0 fnt\n|faint|p2a: Mudsdale\n|-start|p1a: Arceus|confusion|[fatigue]\n|\n|upkeep\n|c|\u2606Majorian II|swaps in a fairy type\n|c|\u2606Majorian II|I'LL KILL YOUUUUUUUUUUUUUUU\n|\n|t:|1733860118\n|switch|p2a: Pikachu|Pikachu, L93, M|216/216\n|turn|8\n|\n|t:|1733860132\n|switch|p1a: Regieleki|Regieleki, L79|256/256\n|move|p2a: Pikachu|Knock Off|p1a: Regieleki\n|-damage|p1a: Regieleki|77/256\n|-enditem|p1a: Regieleki|Magnet|[from] move: Knock Off|[of] p2a: Pikachu\n|\n|upkeep\n|turn|9\n|c|\u2606LankyMFer|i dont have one\n|\n|t:|1733860138\n|move|p1a: Regieleki|Explosion|p2a: Pikachu\n|-damage|p2a: Pikachu|0 fnt\n|faint|p1a: Regieleki\n|faint|p2a: Pikachu\n|\n|upkeep\n|c|\u2606Majorian II|claims to not have one\n|c|\u2606Majorian II|explodes\n|\n|t:|1733860151\n|switch|p1a: Arceus|Arceus-Dragon, L71|53/288\n|switch|p2a: Alomomola|Alomomola, L87, F|429/429\n|turn|10\n|\n|t:|1733860158\n|move|p1a: Arceus|Swords Dance|p1a: Arceus\n|-boost|p1a: Arceus|atk|2\n|move|p2a: Alomomola|Scald|p1a: Arceus\n|-resisted|p1a: Arceus\n|-damage|p1a: Arceus|32/288\n|\n|upkeep\n|turn|11\n|\n|t:|1733860162\n|move|p1a: Arceus|Swords Dance|p1a: Arceus\n|-boost|p1a: Arceus|atk|2\n|move|p2a: Alomomola|Scald|p1a: Arceus\n|-resisted|p1a: Arceus\n|-damage|p1a: Arceus|8/288\n|\n|upkeep\n|turn|12\n|\n|t:|1733860168\n|move|p2a: Alomomola|Protect|p2a: Alomomola\n|-singleturn|p2a: Alomomola|Protect\n|move|p1a: Arceus|Outrage|p2a: Alomomola\n|-activate|p2a: Alomomola|move: Protect\n|\n|upkeep\n|turn|13\n|\n|t:|1733860171\n|move|p1a: Arceus|Outrage|p2a: Alomomola\n|-damage|p2a: Alomomola|0 fnt\n|faint|p2a: Alomomola\n|\n|upkeep\n|c|\u2606Majorian II|huge\n|\n|t:|1733860176\n|switch|p2a: Cinderace|Cinderace, L77, F|249/249\n|turn|14\n|\n|t:|1733860182\n|move|p2a: Cinderace|Pyro Ball|p1a: Arceus\n|-resisted|p1a: Arceus\n|-damage|p1a: Arceus|0 fnt\n|faint|p1a: Arceus\n|\n|upkeep\n|\n|t:|1733860185\n|switch|p1a: Urshifu|Urshifu-Rapid-Strike, L75, M|274/274\n|turn|15\n|c|\u2606Majorian II|cya cuck\n|\n|t:|1733860190\n|-terastallize|p1a: Urshifu|Water\n|move|p2a: Cinderace|U-turn|p1a: Urshifu\n|-start|p2a: Cinderace|typechange|Bug|[from] ability: Libero\n|-damage|p1a: Urshifu|196/274\n|\n|t:|1733860193\n|switch|p2a: Chesnaught|Chesnaught, L84, M|285/285|[from] U-turn\n|move|p1a: Urshifu|Surging Strikes|p2a: Chesnaught\n|-resisted|p2a: Chesnaught\n|-crit|p2a: Chesnaught\n|-damage|p2a: Chesnaught|251/285\n|-resisted|p2a: Chesnaught\n|-crit|p2a: Chesnaught\n|-damage|p2a: Chesnaught|219/285\n|-resisted|p2a: Chesnaught\n|-crit|p2a: Chesnaught\n|-damage|p2a: Chesnaught|189/285\n|-hitcount|p2a: Chesnaught|3\n|\n|-heal|p2a: Chesnaught|206/285|[from] item: Leftovers\n|upkeep\n|turn|16\n|\n|t:|1733860200\n|switch|p1a: Latios|Latios, L78, M|83/253\n|move|p2a: Chesnaught|Iron Defense|p2a: Chesnaught\n|-boost|p2a: Chesnaught|def|2\n|\n|-heal|p2a: Chesnaught|223/285|[from] item: Leftovers\n|upkeep\n|turn|17\n|\n|t:|1733860208\n|move|p1a: Latios|Luster Purge|p2a: Chesnaught\n|-supereffective|p2a: Chesnaught\n|-damage|p2a: Chesnaught|0 fnt\n|faint|p2a: Chesnaught\n|\n|upkeep\n|\n|t:|1733860210\n|switch|p2a: Cinderace|Cinderace, L77, F|249/249\n|turn|18\n|\n|t:|1733860218\n|move|p2a: Cinderace|Pyro Ball|p1a: Latios\n|-resisted|p1a: Latios\n|-damage|p1a: Latios|19/253\n|move|p1a: Latios|Luster Purge|p2a: Cinderace\n|-damage|p2a: Cinderace|45/249\n|\n|upkeep\n|turn|19\n|\n|t:|1733860220\n|move|p2a: Cinderace|Pyro Ball|p1a: Latios\n|-resisted|p1a: Latios\n|-damage|p1a: Latios|0 fnt\n|faint|p1a: Latios\n|\n|upkeep\n|\n|t:|1733860226\n|switch|p1a: Dachsbun|Dachsbun, L92, M|254/254\n|turn|20\n|\n|t:|1733860231\n|move|p2a: Cinderace|U-turn|p1a: Dachsbun\n|-start|p2a: Cinderace|typechange|Bug|[from] ability: Libero\n|-resisted|p1a: Dachsbun\n|-damage|p1a: Dachsbun|228/254\n|move|p1a: Dachsbun|Wish|p1a: Dachsbun\n|\n|-heal|p1a: Dachsbun|243/254|[from] item: Leftovers\n|upkeep\n|turn|21\n|c|\u2606Majorian II|moment\n|\n|t:|1733860235\n|move|p2a: Cinderace|High Jump Kick|p1a: Dachsbun\n|-resisted|p1a: Dachsbun\n|-damage|p1a: Dachsbun|212/254\n|move|p1a: Dachsbun|Wish||[still]\n|-fail|p1a: Dachsbun\n|\n|-heal|p1a: Dachsbun|254/254|[from] move: Wish|[wisher] Dachsbun\n|upkeep\n|turn|22\n|\n|t:|1733860237\n|move|p2a: Cinderace|U-turn|p1a: Dachsbun\n|-resisted|p1a: Dachsbun\n|-damage|p1a: Dachsbun|229/254\n|move|p1a: Dachsbun|Wish|p1a: Dachsbun\n|\n|-heal|p1a: Dachsbun|244/254|[from] item: Leftovers\n|upkeep\n|turn|23\n|\n|t:|1733860242\n|move|p2a: Cinderace|Court Change||[still]\n|-swapsideconditions\n|-fail|p2a: Cinderace\n|move|p1a: Dachsbun|Body Press|p2a: Cinderace\n|-resisted|p2a: Cinderace\n|-damage|p2a: Cinderace|0 fnt\n|faint|p2a: Cinderace\n|\n|win|Majorian II\n|l|\u2606LankyMFer\n|player|p2|\n", "inputlog": ">version bfd83cad13791eb5a5a409923076391caf6fb4d4\n>start {\"formatid\":\"gen9randombattle\",\"seed\":[11974,44193,45549,56841]}\n>player p1 {\"name\":\"Majorian II\",\"avatar\":\"steven\",\"rating\":0,\"seed\":[51935,51729,49822,47646]}\n>player p2 {\"name\":\"LankyMFer\",\"avatar\":\"ingo\",\"rating\":0,\"seed\":[59327,39758,52143,58816]}\n>p1 move lusterpurge\n>p2 switch 3\n>p1 move lusterpurge\n>p2 move drainingkiss\n>p1 move lusterpurge\n>p2 move drainingkiss\n>p2 switch 6\n>p1 move lusterpurge\n>p2 move roar\n>p1 move swordsdance\n>p2 move earthquake\n>p1 move outrage\n>p2 move earthquake\n>p1 move outrage\n>p2 move earthquake\n>chat \u2606Majorian II|swaps in a fairy type\n>chat \u2606Majorian II|I'LL KILL YOUUUUUUUUUUUUUUU\n>p2 switch 2\n>p1 switch 2\n>p2 move knockoff\n>chat \u2606LankyMFer|i dont have one\n>p1 move explosion\n>p2 move knockoff\n>chat \u2606Majorian II|claims to not have one\n>chat \u2606Majorian II|explodes\n>p1 switch 2\n>p2 switch 5\n>p1 move swordsdance\n>p2 move scald\n>p1 move swordsdance\n>p2 move scald\n>p1 move outrage\n>p2 move protect\n>p1 move outrage\n>p2 move scald\n>chat \u2606Majorian II|huge\n>p2 switch 4\n>p1 move outrage\n>p2 move pyroball\n>p1 switch 5\n>chat \u2606Majorian II|cya cuck\n>p1 move surgingstrikes terastallize\n>p2 move uturn\n>p2 switch 3\n>p1 switch 3\n>p2 move irondefense\n>p1 move lusterpurge\n>p2 move trailblaze\n>p2 switch 3\n>p1 move lusterpurge\n>p2 move pyroball\n>p1 move lusterpurge\n>p2 move pyroball\n>p1 switch 6\n>p1 move wish\n>p2 move uturn\n>chat \u2606Majorian II|moment\n>p1 move wish\n>p2 move highjumpkick\n>p1 move wish\n>p2 move uturn\n>p1 move bodypress\n>p2 move courtchange", "uploadtime": 1733860245, "views": 1, "formatid": "gen9randombattle", "rating": null, "private": 0, "password": null}