{"id": "gen9randombattle-2200729067", "format": "[Gen 9] Random Battle", "players": ["Soren-sage", "RBLT yerdunc"], "log": "|badge|p2|silver|gen9randombattle|30-2\n|uhtml|medal-msg|<div class=\"broadcast-blue\">Curious what those medals under the avatar are? PS now has Ladder Seasons! For more information, check out the <a href=\"https://www.smogon.com/forums/threads/3740067/\">thread on Smogon.</a></div>\n|j|\u2606Soren-sage\n|j|\u2606RBLT yerdunc\n|t:|1726230232\n|gametype|singles\n|player|p1|Soren-sage|chili|2196\n|player|p2|RBLT yerdunc|ethan|2470\n|teamsize|p1|6\n|teamsize|p2|6\n|gen|9\n|tier|[Gen 9] Random Battle\n|rated|\n|rule|Species Clause: Limit one of each Pok\u00e9mon\n|rule|HP Percentage Mod: HP is shown in percentages\n|rule|Sleep Clause Mod: Limit one foe put to sleep\n|rule|Illusion Level Mod: Illusion disguises the Pok\u00e9mon's true level\n|\n|t:|1726230232\n|start\n|switch|p1a: Ursaring|Ursaring, L84, F|288/288\n|switch|p2a: Primarina|Primarina, L83, F|268/268\n|turn|1\n|\n|t:|1726230247\n|move|p2a: Primarina|Hydro Pump|p1a: Ursaring\n|-damage|p1a: Ursaring|122/288\n|move|p1a: Ursaring|Body Slam|p2a: Primarina\n|-damage|p2a: Primarina|136/268\n|-status|p2a: Primarina|par\n|\n|upkeep\n|turn|2\n|\n|t:|1726230255\n|move|p1a: Ursaring|Body Slam|p2a: Primarina\n|-damage|p2a: Primarina|16/268 par\n|move|p2a: Primarina|Hydro Pump|p1a: Ursaring|[miss]\n|-miss|p2a: Primarina|p1a: Ursaring\n|\n|upkeep\n|turn|3\n|j| RBLT Ilex\n|c| RBLT Ilex|lol this matchmaking\n|\n|t:|1726230281\n|switch|p1a: Leavanny|Leavanny, L86, M|269/269\n|cant|p2a: Primarina|par\n|\n|upkeep\n|turn|4\n|\n|t:|1726230288\n|switch|p2a: Glimmora|Glimmora, L75, F|248/248\n|move|p1a: Leavanny|Sticky Web|p2a: Glimmora\n|-sidestart|p2: RBLT yerdunc|move: Sticky Web\n|\n|upkeep\n|turn|5\n|j|+35Q71N\n|\n|t:|1726230294\n|switch|p1a: Bronzong|Bronzong, L88|261/261\n|move|p2a: Glimmora|Mortal Spin|p1a: Bronzong\n|-immune|p1a: Bronzong\n|\n|upkeep\n|turn|6\n|\n|t:|1726230310\n|switch|p2a: Honchkrow|Honchkrow, L86, M|312/312\n|move|p1a: Bronzong|Iron Defense|p1a: Bronzong\n|-boost|p1a: Bronzong|def|2\n|\n|upkeep\n|turn|7\n|\n|t:|1726230317\n|move|p2a: Honchkrow|Heat Wave|p1a: Bronzong\n|-supereffective|p1a: Bronzong\n|-damage|p1a: Bronzong|147/261\n|move|p1a: Bronzong|Iron Defense|p1a: Bronzong\n|-boost|p1a: Bronzong|def|2\n|\n|-heal|p1a: Bronzong|163/261|[from] item: Leftovers\n|upkeep\n|turn|8\n|\n|t:|1726230337\n|move|p2a: Honchkrow|U-turn|p1a: Bronzong\n|-damage|p1a: Bronzong|144/261\n|\n|t:|1726230341\n|switch|p2a: Braviary|Braviary-Hisui, L85, M|326/326|[from] U-turn\n|move|p1a: Bronzong|Body Press|p2a: Braviary\n|-resisted|p2a: Braviary\n|-damage|p2a: Braviary|265/326\n|\n|-heal|p1a: Bronzong|160/261|[from] item: Leftovers\n|upkeep\n|turn|9\n|\n|t:|1726230354\n|switch|p1a: Luxray|Luxray, L88, M|284/284\n|move|p2a: Braviary|Defog|p1a: Luxray\n|-unboost|p1a: Luxray|evasion|1\n|-sideend|p2: RBLT yerdunc|Sticky Web|[from] move: Defog|[of] p2a: Braviary\n|\n|-status|p1a: Luxray|brn|[from] item: Flame Orb\n|upkeep\n|turn|10\n|\n|t:|1726230366\n|switch|p1a: Greninja|Greninja, L80, M|246/246\n|switch|p2a: Primarina|Primarina, L83, F|16/268 par\n|\n|upkeep\n|turn|11\n|\n|t:|1726230375\n|switch|p2a: Bellibolt|Bellibolt, L84, F|320/320\n|move|p1a: Greninja|Hydro Pump|p2a: Bellibolt\n|-start|p1a: Greninja|typechange|Water|[from] ability: Protean\n|-damage|p2a: Bellibolt|130/320\n|-start|p2a: Bellibolt|Charge|Hydro Pump|[from] ability: Electromorphosis\n|\n|-heal|p2a: Bellibolt|150/320|[from] item: Leftovers\n|upkeep\n|turn|12\n|\n|t:|1726230387\n|switch|p2a: Primarina|Primarina, L83, F|16/268 par\n|move|p1a: Greninja|Hydro Pump|p2a: Primarina\n|-resisted|p2a: Primarina\n|-damage|p2a: Primarina|0 fnt\n|faint|p2a: Primarina\n|\n|upkeep\n|\n|t:|1726230395\n|switch|p2a: Braviary|Braviary-Hisui, L85, M|265/326\n|turn|13\n|\n|t:|1726230408\n|move|p1a: Greninja|Hydro Pump|p2a: Braviary\n|-damage|p2a: Braviary|82/326\n|move|p2a: Braviary|Esper Wing|p1a: Greninja\n|-damage|p1a: Greninja|117/246\n|-boost|p2a: Braviary|spe|1\n|\n|upkeep\n|turn|14\n|\n|t:|1726230417\n|switch|p1a: Bronzong|Bronzong, L88|160/261\n|move|p2a: Braviary|Roost|p2a: Braviary\n|-heal|p2a: Braviary|245/326\n|-singleturn|p2a: Braviary|move: Roost\n|\n|-heal|p1a: Bronzong|176/261|[from] item: Leftovers\n|upkeep\n|turn|15\n|\n|t:|1726230426\n|move|p2a: Braviary|Hurricane|p1a: Bronzong|[miss]\n|-miss|p2a: Braviary|p1a: Bronzong\n|move|p1a: Bronzong|Iron Head|p2a: Braviary\n|-damage|p2a: Braviary|134/326\n|\n|-heal|p1a: Bronzong|192/261|[from] item: Leftovers\n|upkeep\n|turn|16\n|j| RBLT Ivar57\n|\n|t:|1726230435\n|move|p2a: Braviary|Roost|p2a: Braviary\n|-heal|p2a: Braviary|297/326\n|-singleturn|p2a: Braviary|move: Roost\n|move|p1a: Bronzong|Iron Defense|p1a: Bronzong\n|-boost|p1a: Bronzong|def|2\n|\n|-heal|p1a: Bronzong|208/261|[from] item: Leftovers\n|upkeep\n|turn|17\n|\n|t:|1726230444\n|move|p2a: Braviary|Hurricane|p1a: Bronzong|[miss]\n|-miss|p2a: Braviary|p1a: Bronzong\n|move|p1a: Bronzong|Psychic Noise|p2a: Braviary\n|-resisted|p2a: Braviary\n|-damage|p2a: Braviary|250/326\n|-start|p2a: Braviary|move: Heal Block\n|\n|-heal|p1a: Bronzong|224/261|[from] item: Leftovers\n|upkeep\n|turn|18\n|\n|t:|1726230455\n|move|p2a: Braviary|Hurricane|p1a: Bronzong|[miss]\n|-miss|p2a: Braviary|p1a: Bronzong\n|move|p1a: Bronzong|Iron Head|p2a: Braviary\n|-damage|p2a: Braviary|144/326\n|\n|-heal|p1a: Bronzong|240/261|[from] item: Leftovers\n|-end|p2a: Braviary|move: Heal Block\n|upkeep\n|turn|19\n|\n|t:|1726230464\n|move|p2a: Braviary|Roost|p2a: Braviary\n|-heal|p2a: Braviary|307/326\n|-singleturn|p2a: Braviary|move: Roost\n|move|p1a: Bronzong|Iron Head|p2a: Braviary\n|-damage|p2a: Braviary|213/326\n|\n|-heal|p1a: Bronzong|256/261|[from] item: Leftovers\n|upkeep\n|turn|20\n|\n|t:|1726230473\n|move|p2a: Braviary|Hurricane|p1a: Bronzong|[miss]\n|-miss|p2a: Braviary|p1a: Bronzong\n|move|p1a: Bronzong|Iron Head|p2a: Braviary\n|-damage|p2a: Braviary|102/326\n|\n|-heal|p1a: Bronzong|261/261|[from] item: Leftovers\n|upkeep\n|turn|21\n|c|\u2606RBLT yerdunc|u cannot be serious\n|\n|t:|1726230483\n|move|p2a: Braviary|Roost|p2a: Braviary\n|-heal|p2a: Braviary|265/326\n|-singleturn|p2a: Braviary|move: Roost\n|move|p1a: Bronzong|Iron Defense|p1a: Bronzong\n|-boost|p1a: Bronzong|def|2\n|\n|upkeep\n|turn|22\n|c|\u2606RBLT yerdunc|how am i meant to win with this kind of luck\n|\n|t:|1726230491\n|move|p2a: Braviary|Hurricane|p1a: Bronzong\n|-resisted|p1a: Bronzong\n|-crit|p1a: Bronzong\n|-damage|p1a: Bronzong|95/261\n|move|p1a: Bronzong|Iron Head|p2a: Braviary\n|-damage|p2a: Braviary|168/326\n|\n|-heal|p1a: Bronzong|111/261|[from] item: Leftovers\n|upkeep\n|turn|23\n|\n|t:|1726230499\n|move|p2a: Braviary|Roost|p2a: Braviary\n|-heal|p2a: Braviary|326/326\n|-singleturn|p2a: Braviary|move: Roost\n|move|p1a: Bronzong|Iron Head|p2a: Braviary\n|-damage|p2a: Braviary|217/326\n|\n|-heal|p1a: Bronzong|127/261|[from] item: Leftovers\n|upkeep\n|turn|24\n|\n|t:|1726230508\n|move|p2a: Braviary|Hurricane|p1a: Bronzong|[miss]\n|-miss|p2a: Braviary|p1a: Bronzong\n|move|p1a: Bronzong|Iron Head|p2a: Braviary\n|-damage|p2a: Braviary|112/326\n|\n|-heal|p1a: Bronzong|143/261|[from] item: Leftovers\n|upkeep\n|turn|25\n|\n|t:|1726230516\n|move|p2a: Braviary|Roost|p2a: Braviary\n|-heal|p2a: Braviary|275/326\n|-singleturn|p2a: Braviary|move: Roost\n|move|p1a: Bronzong|Iron Head|p2a: Braviary\n|-damage|p2a: Braviary|182/326\n|\n|-heal|p1a: Bronzong|159/261|[from] item: Leftovers\n|upkeep\n|turn|26\n|\n|t:|1726230526\n|move|p2a: Braviary|Hurricane|p1a: Bronzong\n|-resisted|p1a: Bronzong\n|-crit|p1a: Bronzong\n|-damage|p1a: Bronzong|13/261\n|-start|p1a: Bronzong|confusion\n|-activate|p1a: Bronzong|confusion\n|move|p1a: Bronzong|Iron Head|p2a: Braviary\n|-damage|p2a: Braviary|79/326\n|\n|-heal|p1a: Bronzong|29/261|[from] item: Leftovers\n|upkeep\n|turn|27\n|\n|t:|1726230536\n|move|p2a: Braviary|Roost|p2a: Braviary\n|-heal|p2a: Braviary|242/326\n|-singleturn|p2a: Braviary|move: Roost\n|-activate|p1a: Bronzong|confusion\n|move|p1a: Bronzong|Iron Head|p2a: Braviary\n|-damage|p2a: Braviary|136/326\n|\n|-heal|p1a: Bronzong|45/261|[from] item: Leftovers\n|upkeep\n|turn|28\n|\n|t:|1726230546\n|move|p2a: Braviary|Roost|p2a: Braviary\n|-heal|p2a: Braviary|299/326\n|-singleturn|p2a: Braviary|move: Roost\n|-activate|p1a: Bronzong|confusion\n|-damage|p1a: Bronzong|37/261|[from] confusion\n|\n|-heal|p1a: Bronzong|53/261|[from] item: Leftovers\n|upkeep\n|turn|29\n|\n|t:|1726230554\n|move|p2a: Braviary|Hurricane|p1a: Bronzong\n|-resisted|p1a: Bronzong\n|-damage|p1a: Bronzong|0 fnt\n|faint|p1a: Bronzong\n|\n|upkeep\n|\n|t:|1726230560\n|switch|p1a: Luxray|Luxray, L88, M|284/284 brn\n|turn|30\n|\n|t:|1726230567\n|-terastallize|p2a: Braviary|Psychic\n|move|p2a: Braviary|Esper Wing|p1a: Luxray\n|-damage|p1a: Luxray|136/284 brn\n|-boost|p2a: Braviary|spe|1\n|move|p1a: Luxray|Supercell Slam|p2a: Braviary\n|-damage|p2a: Braviary|52/326\n|\n|-damage|p1a: Luxray|119/284 brn|[from] brn\n|upkeep\n|turn|31\n|\n|t:|1726230579\n|move|p2a: Braviary|Esper Wing|p1a: Luxray\n|-damage|p1a: Luxray|0 fnt\n|-boost|p2a: Braviary|spe|1\n|faint|p1a: Luxray\n|\n|upkeep\n|\n|t:|1726230586\n|switch|p1a: Kingdra|Kingdra, L84, F|263/263\n|turn|32\n|\n|t:|1726230591\n|move|p2a: Braviary|Esper Wing|p1a: Kingdra\n|-damage|p1a: Kingdra|135/263\n|-boost|p2a: Braviary|spe|1\n|move|p1a: Kingdra|Waterfall|p2a: Braviary\n|-damage|p2a: Braviary|0 fnt\n|faint|p2a: Braviary\n|\n|upkeep\n|\n|t:|1726230604\n|switch|p2a: Bellibolt|Bellibolt, L84, F|150/320\n|turn|33\n|\n|t:|1726230607\n|move|p1a: Kingdra|Dragon Dance|p1a: Kingdra\n|-boost|p1a: Kingdra|atk|1\n|-boost|p1a: Kingdra|spe|1\n|move|p2a: Bellibolt|Slack Off|p2a: Bellibolt\n|-heal|p2a: Bellibolt|310/320\n|\n|-heal|p2a: Bellibolt|320/320|[from] item: Leftovers\n|upkeep\n|turn|34\n|\n|t:|1726230616\n|move|p1a: Kingdra|Dragon Dance|p1a: Kingdra\n|-boost|p1a: Kingdra|atk|1\n|-boost|p1a: Kingdra|spe|1\n|move|p2a: Bellibolt|Thunderbolt|p1a: Kingdra\n|-damage|p1a: Kingdra|44/263\n|\n|upkeep\n|turn|35\n|\n|t:|1726230625\n|switch|p2a: Glimmora|Glimmora, L75, F|248/248\n|move|p1a: Kingdra|Outrage|p2a: Glimmora\n|-damage|p2a: Glimmora|0 fnt\n|-activate|p2a: Glimmora|ability: Toxic Debris\n|-sidestart|p1: Soren-sage|move: Toxic Spikes\n|faint|p2a: Glimmora\n|\n|upkeep\n|\n|t:|1726230631\n|switch|p2a: Ditto|Ditto, L87|225/225\n|-transform|p2a: Ditto|p1a: Kingdra|[from] ability: Imposter\n|turn|36\n|c|+35Q71N|Oh\n|\n|t:|1726230638\n|move|p2a: Ditto|Outrage|p1a: Kingdra\n|-supereffective|p1a: Kingdra\n|-damage|p1a: Kingdra|0 fnt\n|faint|p1a: Kingdra\n|\n|upkeep\n|\n|t:|1726230645\n|switch|p1a: Leavanny|Leavanny, L86, M|269/269\n|turn|37\n|\n|t:|1726230654\n|move|p2a: Ditto|Outrage|p1a: Leavanny|[from]lockedmove\n|-damage|p1a: Leavanny|0 fnt\n|faint|p1a: Leavanny\n|-start|p2a: Ditto|confusion|[fatigue]\n|\n|upkeep\n|\n|t:|1726230660\n|switch|p1a: Ursaring|Ursaring, L84, F|122/288\n|-status|p1a: Ursaring|psn\n|turn|38\n|\n|t:|1726230665\n|-activate|p2a: Ditto|confusion\n|-damage|p2a: Ditto|174/225|[from] confusion\n|move|p1a: Ursaring|Rest|p1a: Ursaring\n|-status|p1a: Ursaring|slp|[from] move: Rest\n|-heal|p1a: Ursaring|288/288 slp|[silent]\n|\n|upkeep\n|turn|39\n|\n|t:|1726230674\n|-activate|p2a: Ditto|confusion\n|-damage|p2a: Ditto|115/225|[from] confusion\n|cant|p1a: Ursaring|slp\n|move|p1a: Ursaring|Sleep Talk|p1a: Ursaring\n|move|p1a: Ursaring|Earthquake|p2a: Ditto|[from]move: Sleep Talk\n|-damage|p2a: Ditto|0 fnt\n|faint|p2a: Ditto\n|\n|upkeep\n|\n|t:|1726230691\n|switch|p2a: Bellibolt|Bellibolt, L84, F|320/320\n|turn|40\n|\n|t:|1726230698\n|cant|p1a: Ursaring|slp\n|move|p1a: Ursaring|Sleep Talk|p1a: Ursaring\n|move|p1a: Ursaring|Earthquake|p2a: Bellibolt|[from]move: Sleep Talk\n|-supereffective|p2a: Bellibolt\n|-damage|p2a: Bellibolt|64/320\n|-start|p2a: Bellibolt|Charge|Earthquake|[from] ability: Electromorphosis\n|move|p2a: Bellibolt|Thunderbolt|p1a: Ursaring\n|-damage|p1a: Ursaring|138/288 slp\n|-end|p2a: Bellibolt|Charge|[silent]\n|\n|-heal|p2a: Bellibolt|84/320|[from] item: Leftovers\n|upkeep\n|turn|41\n|\n|t:|1726230713\n|-curestatus|p1a: Ursaring|slp|[msg]\n|move|p1a: Ursaring|Earthquake|p2a: Bellibolt\n|-supereffective|p2a: Bellibolt\n|-damage|p2a: Bellibolt|0 fnt\n|faint|p2a: Bellibolt\n|\n|upkeep\n|\n|t:|1726230716\n|switch|p2a: Honchkrow|Honchkrow, L86, M|312/312\n|turn|42\n|\n|t:|1726230722\n|move|p2a: Honchkrow|Brave Bird|p1a: Ursaring\n|-damage|p1a: Ursaring|5/288\n|-damage|p2a: Honchkrow|268/312|[from] Recoil\n|move|p1a: Ursaring|Rest|p1a: Ursaring\n|-status|p1a: Ursaring|slp|[from] move: Rest\n|-heal|p1a: Ursaring|288/288 slp|[silent]\n|\n|upkeep\n|turn|43\n|\n|t:|1726230731\n|move|p2a: Honchkrow|Brave Bird|p1a: Ursaring\n|-damage|p1a: Ursaring|168/288 slp\n|-damage|p2a: Honchkrow|228/312|[from] Recoil\n|cant|p1a: Ursaring|slp\n|move|p1a: Ursaring|Sleep Talk|p1a: Ursaring\n|move|p1a: Ursaring|Body Slam|p2a: Honchkrow|[from]move: Sleep Talk\n|-damage|p2a: Honchkrow|0 fnt\n|faint|p2a: Honchkrow\n|\n|win|Soren-sage\n|raw|Soren-sage's rating: 2196 &rarr; <strong>2229</strong><br />(+33 for winning)\n|raw|RBLT yerdunc's rating: 2470 &rarr; <strong>2437</strong><br />(-33 for losing)\n|l|\u2606RBLT yerdunc\n|player|p2|\n|c|\u2606Soren-sage|This game was bullshit\n", "inputlog": ">version abcf08933808d3fb39dbc2b54a8665d830b47482\n>start {\"formatid\":\"gen9randombattle\",\"seed\":[37811,8702,9557,7157],\"rated\":\"Rated battle\"}\n>player p1 {\"name\":\"Soren-sage\",\"avatar\":\"chili\",\"rating\":2196,\"seed\":[58951,12447,22199,19927]}\n>player p2 {\"name\":\"RBLT yerdunc\",\"avatar\":\"ethan\",\"rating\":2470,\"seed\":[35327,17963,17498,37288]}\n>p1 move bodyslam\n>p2 move hydropump\n>p1 move bodyslam\n>p2 move hydropump\n>chat  RBLT Ilex|lol this matchmaking\n>p1 switch 5\n>p2 move hydropump\n>p1 move stickyweb\n>p2 switch 5\n>p1 switch 6\n>p2 move mortalspin\n>p1 move irondefense\n>p2 switch 3\n>p1 move irondefense\n>p2 move heatwave\n>p1 move bodypress\n>p2 move uturn\n>p2 switch 4\n>p1 switch 3\n>p2 move defog\n>p1 switch 4\n>p2 switch 5\n>p1 move hydropump\n>p2 switch 2\n>p1 move hydropump\n>p2 switch 2\n>p2 switch 5\n>p1 move hydropump\n>p2 move esperwing\n>p1 switch 3\n>p2 move roost\n>p1 move ironhead\n>p2 move hurricane\n>p1 move irondefense\n>p2 move roost\n>p1 move psychicnoise\n>p2 move hurricane\n>p1 move ironhead\n>p2 move hurricane\n>p1 move ironhead\n>p2 move roost\n>p1 move ironhead\n>p2 move hurricane\n>chat \u2606RBLT yerdunc|u cannot be serious\n>p1 move irondefense\n>p2 move roost\n>chat \u2606RBLT yerdunc|how am i meant to win with this kind of luck\n>p1 move ironhead\n>p2 move hurricane\n>p1 move ironhead\n>p2 move roost\n>p1 move ironhead\n>p2 move hurricane\n>p1 move ironhead\n>p2 move roost\n>p1 move ironhead\n>p2 move hurricane\n>p1 move ironhead\n>p2 move roost\n>p1 move ironhead\n>p2 move roost\n>p1 move ironhead\n>p2 move hurricane\n>p1 switch 4\n>p1 move supercellslam\n>p2 move esperwing terastallize\n>p1 move facade\n>p2 move esperwing\n>p1 switch 2\n>p1 move waterfall\n>p2 move esperwing\n>p2 switch 2\n>p1 move dragondance\n>p2 move slackoff\n>p1 move dragondance\n>p2 move thunderbolt\n>p1 move outrage\n>p2 switch 3\n>p2 switch 6\n>chat +35Q71N|Oh\n>p1 move outrage\n>p2 move outrage\n>p1 switch 6\n>p1 move lunge\n>p2 move outrage\n>p1 switch 5\n>p1 move rest\n>p2 move outrage\n>p1 move sleeptalk\n>p2 move outrage\n>p2 switch 3\n>p1 move sleeptalk\n>p2 move thunderbolt\n>p1 move earthquake\n>p2 move thunderbolt\n>p2 switch 4\n>p1 move rest\n>p2 move bravebird\n>p1 move sleeptalk\n>p2 move bravebird", "uploadtime": 1726230753, "views": 122, "formatid": "gen9randombattle", "rating": 2229, "private": 0, "password": null}