{"id": "gen9randombattle-2260730395", "format": "[Gen 9] Random Battle", "players": ["Not_Paint", "MagoSoul2940"], "log": "|j|\u2606Not_Paint\n|j|\u2606MagoSoul2940\n|t:|1733884031\n|gametype|singles\n|player|p1|Not_Paint|yellow|\n|player|p2|MagoSoul2940|steven|\n|teamsize|p1|6\n|teamsize|p2|6\n|gen|9\n|tier|[Gen 9] Random Battle\n|rule|Species Clause: Limit one of each Pok\u00e9mon\n|rule|HP Percentage Mod: HP is shown in percentages\n|rule|Sleep Clause Mod: Limit one foe put to sleep\n|rule|Illusion Level Mod: Illusion disguises the Pok\u00e9mon's true level\n|\n|t:|1733884031\n|start\n|switch|p1a: Raging Bolt|Raging Bolt, L78|323/323\n|switch|p2a: Ribombee|Ribombee, L82, F|233/233\n|turn|1\n|\n|t:|1733884038\n|-end|p1a: Raging Bolt|Protosynthesis|[silent]\n|switch|p1a: Magearna|Magearna, L77|250/250\n|move|p2a: Ribombee|Moonblast|p1a: Magearna\n|-resisted|p1a: Magearna\n|-damage|p1a: Magearna|212/250\n|-unboost|p1a: Magearna|spa|1\n|\n|-heal|p1a: Magearna|227/250|[from] item: Leftovers\n|upkeep\n|turn|2\n|inactive|Battle timer is ON: inactive players will automatically lose when time's up. (requested by Not_Paint)\n|\n|t:|1733884049\n|move|p2a: Ribombee|U-turn|p1a: Magearna\n|-resisted|p1a: Magearna\n|-damage|p1a: Magearna|216/250\n|\n|t:|1733884057\n|switch|p2a: Empoleon|Empoleon, L84, M|278/278|[from] U-turn\n|move|p1a: Magearna|Flash Cannon|p2a: Empoleon\n|-resisted|p2a: Empoleon\n|-crit|p2a: Empoleon\n|-damage|p2a: Empoleon|248/278\n|\n|-heal|p2a: Empoleon|265/278|[from] item: Leftovers\n|-heal|p1a: Magearna|231/250|[from] item: Leftovers\n|upkeep\n|turn|3\n|\n|t:|1733884071\n|move|p2a: Empoleon|Knock Off|p1a: Magearna\n|-resisted|p1a: Magearna\n|-crit|p1a: Magearna\n|-damage|p1a: Magearna|186/250\n|-enditem|p1a: Magearna|Leftovers|[from] move: Knock Off|[of] p2a: Empoleon\n|move|p1a: Magearna|Aura Sphere|p2a: Empoleon\n|-supereffective|p2a: Empoleon\n|-damage|p2a: Empoleon|189/278\n|\n|-heal|p2a: Empoleon|206/278|[from] item: Leftovers\n|upkeep\n|turn|4\n|\n|t:|1733884083\n|switch|p1a: Raging Bolt|Raging Bolt, L78|323/323\n|move|p2a: Empoleon|Surf|p1a: Raging Bolt\n|-resisted|p1a: Raging Bolt\n|-damage|p1a: Raging Bolt|266/323\n|\n|-heal|p1a: Raging Bolt|286/323|[from] item: Leftovers\n|-heal|p2a: Empoleon|223/278|[from] item: Leftovers\n|upkeep\n|turn|5\n|\n|t:|1733884097\n|move|p1a: Raging Bolt|Calm Mind|p1a: Raging Bolt\n|-boost|p1a: Raging Bolt|spa|1\n|-boost|p1a: Raging Bolt|spd|1\n|move|p2a: Empoleon|Knock Off|p1a: Raging Bolt\n|-damage|p1a: Raging Bolt|215/323\n|-enditem|p1a: Raging Bolt|Leftovers|[from] move: Knock Off|[of] p2a: Empoleon\n|\n|-heal|p2a: Empoleon|240/278|[from] item: Leftovers\n|upkeep\n|turn|6\n|\n|t:|1733884107\n|move|p1a: Raging Bolt|Thunderbolt|p2a: Empoleon\n|-supereffective|p2a: Empoleon\n|-damage|p2a: Empoleon|0 fnt\n|faint|p2a: Empoleon\n|\n|upkeep\n|\n|t:|1733884116\n|switch|p2a: Ninetales|Ninetales, L85, M|263/263\n|-weather|SunnyDay|[from] ability: Drought|[of] p2a: Ninetales\n|-activate|p1a: Raging Bolt|ability: Protosynthesis\n|-start|p1a: Raging Bolt|protosynthesisspa\n|turn|7\n|\n|t:|1733884127\n|-terastallize|p2a: Ninetales|Grass\n|move|p2a: Ninetales|Solar Beam||[still]\n|-prepare|p2a: Ninetales|Solar Beam\n|-anim|p2a: Ninetales|Solar Beam|p1a: Raging Bolt\n|-resisted|p1a: Raging Bolt\n|-damage|p1a: Raging Bolt|173/323\n|move|p1a: Raging Bolt|Thunderbolt|p2a: Ninetales\n|-resisted|p2a: Ninetales\n|-damage|p2a: Ninetales|164/263\n|\n|-weather|SunnyDay|[upkeep]\n|upkeep\n|turn|8\n|\n|t:|1733884141\n|move|p2a: Ninetales|Scorching Sands|p1a: Raging Bolt\n|-supereffective|p1a: Raging Bolt\n|-damage|p1a: Raging Bolt|107/323\n|move|p1a: Raging Bolt|Dragon Pulse|p2a: Ninetales\n|-damage|p2a: Ninetales|0 fnt\n|faint|p2a: Ninetales\n|\n|-weather|SunnyDay|[upkeep]\n|upkeep\n|j| Wralagath\n|\n|t:|1733884150\n|switch|p2a: Mabosstiff|Mabosstiff, L86, M|278/278\n|turn|9\n|c| Wralagath|Emotional Support had arrived\n|c| Wralagath|has*\n|\n|t:|1733884169\n|move|p2a: Mabosstiff|Play Rough|p1a: Raging Bolt\n|-supereffective|p1a: Raging Bolt\n|-damage|p1a: Raging Bolt|0 fnt\n|faint|p1a: Raging Bolt\n|-end|p1a: Raging Bolt|Protosynthesis|[silent]\n|\n|-weather|SunnyDay|[upkeep]\n|upkeep\n|c|\u2606Not_Paint|thaaaaaaaaaaaaaaaaaaaaaaaaaaaaanks :D\n|\n|t:|1733884177\n|switch|p1a: Magearna|Magearna, L77|186/250\n|turn|10\n|\n|t:|1733884183\n|move|p2a: Mabosstiff|Play Rough|p1a: Magearna\n|-resisted|p1a: Magearna\n|-damage|p1a: Magearna|138/250\n|move|p1a: Magearna|Aura Sphere|p2a: Mabosstiff\n|-supereffective|p2a: Mabosstiff\n|-damage|p2a: Mabosstiff|140/278\n|\n|-weather|SunnyDay|[upkeep]\n|upkeep\n|turn|11\n|\n|t:|1733884192\n|move|p2a: Mabosstiff|Play Rough|p1a: Magearna\n|-resisted|p1a: Magearna\n|-damage|p1a: Magearna|85/250\n|move|p1a: Magearna|Aura Sphere|p2a: Mabosstiff\n|-supereffective|p2a: Mabosstiff\n|-damage|p2a: Mabosstiff|0 fnt\n|faint|p2a: Mabosstiff\n|-ability|p1a: Magearna|Soul-Heart|boost\n|-boost|p1a: Magearna|spa|1\n|\n|-weather|none\n|upkeep\n|\n|t:|1733884204\n|switch|p2a: Pawmot|Pawmot, L80, M|243/243\n|turn|12\n|\n|t:|1733884213\n|move|p2a: Pawmot|Ice Punch|p1a: Magearna\n|-resisted|p1a: Magearna\n|-damage|p1a: Magearna|49/250\n|-damage|p2a: Pawmot|219/243|[from] item: Life Orb\n|move|p1a: Magearna|Fleur Cannon|p2a: Pawmot\n|-supereffective|p2a: Pawmot\n|-damage|p2a: Pawmot|0 fnt\n|-unboost|p1a: Magearna|spa|2\n|faint|p2a: Pawmot\n|-ability|p1a: Magearna|Soul-Heart|boost\n|-boost|p1a: Magearna|spa|1\n|\n|upkeep\n|\n|t:|1733884225\n|switch|p2a: Vivillon|Vivillon, L84, F|272/272\n|turn|13\n|\n|t:|1733884231\n|move|p2a: Vivillon|Sleep Powder|p1a: Magearna\n|-status|p1a: Magearna|slp|[from] move: Sleep Powder\n|cant|p1a: Magearna|slp\n|\n|upkeep\n|turn|14\n|\n|t:|1733884240\n|move|p2a: Vivillon|Quiver Dance|p2a: Vivillon\n|-boost|p2a: Vivillon|spa|1\n|-boost|p2a: Vivillon|spd|1\n|-boost|p2a: Vivillon|spe|1\n|-curestatus|p1a: Magearna|slp|[msg]\n|move|p1a: Magearna|Pain Split|p2a: Vivillon\n|-sethp|p2a: Vivillon|160/272|[from] move: Pain Split|[silent]\n|-sethp|p1a: Magearna|160/250|[from] move: Pain Split\n|\n|upkeep\n|turn|15\n|\n|t:|1733884250\n|move|p2a: Vivillon|Hurricane|p1a: Magearna\n|-resisted|p1a: Magearna\n|-damage|p1a: Magearna|93/250\n|-start|p1a: Magearna|confusion\n|-activate|p1a: Magearna|confusion\n|move|p1a: Magearna|Fleur Cannon|p2a: Vivillon\n|-damage|p2a: Vivillon|7/272\n|-unboost|p1a: Magearna|spa|2\n|\n|upkeep\n|turn|16\n|\n|t:|1733884262\n|move|p2a: Vivillon|Sleep Powder|p1a: Magearna\n|-status|p1a: Magearna|slp|[from] move: Sleep Powder\n|cant|p1a: Magearna|slp\n|\n|upkeep\n|turn|17\n|\n|t:|1733884268\n|switch|p1a: Magnezone|Magnezone, L85|258/258\n|move|p2a: Vivillon|Hurricane|p1a: Magnezone|[miss]\n|-miss|p2a: Vivillon|p1a: Magnezone\n|\n|upkeep\n|turn|18\n|\n|t:|1733884275\n|move|p2a: Vivillon|Sleep Powder|p1a: Magnezone\n|-message|Sleep Clause Mod activated.\n|-hint|Sleep Clause Mod prevents players from putting more than one of their opponent's Pok\u00e9mon to sleep at a time\n|move|p1a: Magnezone|Thunderbolt|p2a: Vivillon\n|-supereffective|p2a: Vivillon\n|-damage|p2a: Vivillon|0 fnt\n|faint|p2a: Vivillon\n|\n|upkeep\n|\n|t:|1733884283\n|switch|p2a: Ribombee|Ribombee, L82, F|233/233\n|turn|19\n|c|\u2606Not_Paint|i feel so sigma\n|c| Wralagath|Joe is so happy he has sleep clause\n|\n|t:|1733884292\n|move|p2a: Ribombee|Moonblast|p1a: Magnezone\n|-resisted|p1a: Magnezone\n|-damage|p1a: Magnezone|214/258\n|-unboost|p1a: Magnezone|spa|1\n|move|p1a: Magnezone|Flash Cannon|p2a: Ribombee\n|-supereffective|p2a: Ribombee\n|-damage|p2a: Ribombee|65/233\n|\n|-heal|p1a: Magnezone|230/258|[from] item: Leftovers\n|upkeep\n|turn|20\n|c|\u2606Not_Paint|you dont KNOW how happy i am\n|c| Wralagath|I do\n|\n|t:|1733884303\n|move|p2a: Ribombee|Stun Spore|p1a: Magnezone\n|-immune|p1a: Magnezone\n|move|p1a: Magnezone|Flash Cannon|p2a: Ribombee\n|-supereffective|p2a: Ribombee\n|-damage|p2a: Ribombee|0 fnt\n|faint|p2a: Ribombee\n|\n|win|Not_Paint\n|c|\u2606Not_Paint|ya you right\n|c|\u2606Not_Paint|ggs\n", "inputlog": ">version bfd83cad13791eb5a5a409923076391caf6fb4d4\n>start {\"formatid\":\"gen9randombattle\",\"seed\":[9026,39630,3509,18686]}\n>player p1 {\"name\":\"Not_Paint\",\"avatar\":\"yellow\",\"rating\":0,\"seed\":[31738,16092,36971,57708]}\n>player p2 {\"name\":\"MagoSoul2940\",\"avatar\":\"steven\",\"rating\":0,\"seed\":[8619,5026,63451,48771]}\n>p1 switch 5\n>p2 move moonblast\n>p1 move flashcannon\n>p2 move uturn\n>p2 switch 6\n>p1 move aurasphere\n>p2 move knockoff\n>p1 switch 5\n>p2 move surf\n>p1 move calmmind\n>p2 move knockoff\n>p1 move thunderbolt\n>p2 move yawn\n>p2 switch 5\n>p1 move thunderbolt\n>p2 move solarbeam terastallize\n>p1 move dragonpulse\n>p2 move scorchingsands\n>p2 switch 4\n>chat  Wralagath|Emotional Support had arrived\n>chat  Wralagath|has*\n>p1 move thunderbolt\n>p2 move playrough\n>chat \u2606Not_Paint|thaaaaaaaaaaaaaaaaaaaaaaaaaaaaanks :D\n>p1 switch 5\n>p1 move aurasphere\n>p2 move playrough\n>p1 move aurasphere\n>p2 move playrough\n>p2 switch 3\n>p1 move fleurcannon\n>p2 move icepunch\n>p2 switch 2\n>p1 move painsplit\n>p2 move sleeppowder\n>p1 move painsplit\n>p2 move quiverdance\n>p1 move fleurcannon\n>p2 move hurricane\n>p1 move aurasphere\n>p2 move sleeppowder\n>p1 switch 3\n>p2 move hurricane\n>p1 move thunderbolt\n>p2 move sleeppowder\n>p2 switch 6\n>chat \u2606Not_Paint|i feel so sigma\n>chat  Wralagath|Joe is so happy he has sleep clause\n>p1 move flashcannon\n>p2 move moonblast\n>chat \u2606Not_Paint|you dont KNOW how happy i am\n>chat  Wralagath|I do\n>p1 move flashcannon\n>p2 move stunspore", "uploadtime": 1733884313, "views": 9, "formatid": "gen9randombattle", "rating": null, "private": 0, "password": null}