{"id": "gen9randombattle-2260601955", "format": "[Gen 9] Random Battle", "players": ["fctguy", "Pigeonsarebirds"], "log": "|j|\u2606fctguy\n|j|\u2606Pigeonsarebirds\n|t:|1733868053\n|gametype|singles\n|player|p1|fctguy|2|1616\n|player|p2|Pigeonsarebirds|cynthia|1586\n|teamsize|p1|6\n|teamsize|p2|6\n|gen|9\n|tier|[Gen 9] Random Battle\n|rated|\n|rule|Species Clause: Limit one of each Pok\u00e9mon\n|rule|HP Percentage Mod: HP is shown in percentages\n|rule|Sleep Clause Mod: Limit one foe put to sleep\n|rule|Illusion Level Mod: Illusion disguises the Pok\u00e9mon's true level\n|\n|t:|1733868053\n|start\n|switch|p1a: Vespiquen|Vespiquen, L98, F|296/296\n|switch|p2a: Piloswine|Piloswine, L85, M|309/309\n|-ability|p1a: Vespiquen|Pressure\n|turn|1\n|inactive|Battle timer is ON: inactive players will automatically lose when time's up. (requested by Pigeonsarebirds)\n|\n|t:|1733868074\n|move|p2a: Piloswine|Stealth Rock|p1a: Vespiquen\n|-sidestart|p1: fctguy|move: Stealth Rock\n|move|p1a: Vespiquen|U-turn|p2a: Piloswine\n|-damage|p2a: Piloswine|242/309\n|\n|t:|1733868100\n|switch|p1a: Avalugg|Avalugg, L88, M|310/310|[from] U-turn\n|\n|upkeep\n|turn|2\n|\n|t:|1733868127\n|switch|p2a: Spectrier|Spectrier, L75|274/274\n|move|p1a: Avalugg|Rapid Spin|p2a: Spectrier\n|-immune|p2a: Spectrier\n|\n|upkeep\n|turn|3\n|\n|t:|1733868140\n|move|p2a: Spectrier|Shadow Ball|p1a: Avalugg\n|-damage|p1a: Avalugg|133/310\n|-damage|p2a: Spectrier|247/274|[from] item: Life Orb\n|move|p1a: Avalugg|Avalanche|p2a: Spectrier\n|-damage|p2a: Spectrier|27/274\n|\n|upkeep\n|turn|4\n|inactive|fctguy has 120 seconds left.\n|\n|t:|1733868165\n|move|p2a: Spectrier|Shadow Ball|p1a: Avalugg\n|-damage|p1a: Avalugg|0 fnt\n|faint|p1a: Avalugg\n|-ability|p2a: Spectrier|Grim Neigh|boost\n|-boost|p2a: Spectrier|spa|1\n|-damage|p2a: Spectrier|0 fnt|[from] item: Life Orb\n|faint|p2a: Spectrier\n|\n|upkeep\n|\n|t:|1733868183\n|switch|p2a: Piloswine|Piloswine, L85, M|242/309\n|switch|p1a: Blastoise|Blastoise, L80, M|258/258\n|-damage|p1a: Blastoise|226/258|[from] Stealth Rock\n|turn|5\n|inactive|fctguy has 120 seconds left.\n|\n|t:|1733868216\n|move|p1a: Blastoise|Shell Smash|p1a: Blastoise\n|-unboost|p1a: Blastoise|def|1\n|-unboost|p1a: Blastoise|spd|1\n|-boost|p1a: Blastoise|atk|2\n|-boost|p1a: Blastoise|spa|2\n|-boost|p1a: Blastoise|spe|2\n|-enditem|p1a: Blastoise|White Herb\n|-clearnegativeboost|p1a: Blastoise|[silent]\n|move|p2a: Piloswine|Earthquake|p1a: Blastoise\n|-damage|p1a: Blastoise|115/258\n|\n|upkeep\n|turn|6\n|\n|t:|1733868224\n|move|p1a: Blastoise|Hydro Pump|p2a: Piloswine\n|-supereffective|p2a: Piloswine\n|-damage|p2a: Piloswine|0 fnt\n|faint|p2a: Piloswine\n|\n|upkeep\n|inactive|Pigeonsarebirds has 120 seconds left.\n|\n|t:|1733868254\n|switch|p2a: Glastrier|Glastrier, L86|311/311\n|turn|7\n|inactive|fctguy has 120 seconds left.\n|\n|t:|1733868268\n|move|p1a: Blastoise|Hydro Pump|p2a: Glastrier\n|-damage|p2a: Glastrier|154/311\n|move|p2a: Glastrier|Close Combat|p1a: Blastoise\n|-damage|p1a: Blastoise|0 fnt\n|-unboost|p2a: Glastrier|def|1\n|-unboost|p2a: Glastrier|spd|1\n|faint|p1a: Blastoise\n|-ability|p2a: Glastrier|Chilling Neigh|boost\n|-boost|p2a: Glastrier|atk|1\n|\n|upkeep\n|inactive|fctguy has 120 seconds left.\n|\n|t:|1733868282\n|switch|p1a: Zamazenta|Zamazenta, L71|248/248\n|-damage|p1a: Zamazenta|233/248|[from] Stealth Rock\n|-ability|p1a: Zamazenta|Dauntless Shield|boost\n|-boost|p1a: Zamazenta|def|1\n|turn|8\n|inactive|fctguy has 120 seconds left.\n|inactive|Pigeonsarebirds has 120 seconds left.\n|\n|t:|1733868295\n|switch|p2a: Weezing|Weezing-Galar, L86, F|252/252\n|move|p1a: Zamazenta|Iron Head|p2a: Weezing\n|-supereffective|p2a: Weezing\n|-damage|p2a: Weezing|132/252\n|\n|-heal|p2a: Weezing|147/252|[from] item: Leftovers\n|upkeep\n|turn|9\n|inactive|Pigeonsarebirds has 120 seconds left.\n|\n|t:|1733868308\n|-terastallize|p1a: Zamazenta|Steel\n|move|p1a: Zamazenta|Iron Head|p2a: Weezing\n|-supereffective|p2a: Weezing\n|-damage|p2a: Weezing|0 fnt\n|faint|p2a: Weezing\n|\n|upkeep\n|\n|t:|1733868333\n|switch|p2a: Revavroom|Revavroom, L79, F|256/256\n|turn|10\n|inactive|fctguy has 120 seconds left.\n|inactive|Pigeonsarebirds has 90 seconds left.\n|l|\u2606fctguy\n|inactive|fctguy disconnected and has a minute to reconnect!\n|player|p1|\n|\n|t:|1733868381\n|switch|p1a: Garchomp|Garchomp, L74, M|282/282\n|-damage|p1a: Garchomp|265/282|[from] Stealth Rock\n|move|p2a: Revavroom|Shift Gear|p2a: Revavroom\n|-boost|p2a: Revavroom|spe|2\n|-boost|p2a: Revavroom|atk|1\n|\n|upkeep\n|turn|11\n|inactive|fctguy has 30 seconds to reconnect!\n|inactive|fctguy has 20 seconds to reconnect!\n|inactive|fctguy has 15 seconds to reconnect!\n|inactive|fctguy has 10 seconds to reconnect!\n|inactive|fctguy has 5 seconds to reconnect!\n|-message|fctguy lost due to inactivity.\n|\n|win|Pigeonsarebirds\n|raw|fctguy's rating: 1616 &rarr; <strong>1594</strong><br />(-22 for losing)\n|raw|Pigeonsarebirds's rating: 1586 &rarr; <strong>1608</strong><br />(+22 for winning)\n", "inputlog": ">version bfd83cad13791eb5a5a409923076391caf6fb4d4\n>start {\"formatid\":\"gen9randombattle\",\"seed\":[8349,36219,53627,41177],\"rated\":\"Rated battle\"}\n>player p1 {\"name\":\"fctguy\",\"avatar\":\"2\",\"rating\":1616,\"seed\":[6166,1109,61487,55614]}\n>player p2 {\"name\":\"Pigeonsarebirds\",\"avatar\":\"cynthia\",\"rating\":1586,\"seed\":[18980,8690,60465,1522]}\n>p1 move uturn\n>p2 move stealthrock\n>p1 switch 5\n>p1 move rapidspin\n>p2 switch 3\n>p1 move avalanche\n>p2 move shadowball\n>p1 move avalanche\n>p2 move shadowball\n>p1 switch 2\n>p2 switch 3\n>p1 move shellsmash\n>p2 move earthquake\n>p1 move hydropump\n>p2 move earthquake\n>p2 switch 4\n>p1 move hydropump\n>p2 move closecombat\n>p1 switch 6\n>p1 move ironhead\n>p2 switch 5\n>p1 move ironhead terastallize\n>p2 move strangesteam\n>p2 switch 2\n>p1 switch 4\n>p2 move shiftgear\n>forcelose p1", "uploadtime": 1733868454, "views": 9, "formatid": "gen9randombattle", "rating": 1594, "private": 0, "password": null}