{"id": "gen9randombattle-2260467344", "format": "[Gen 9] Random Battle", "players": ["YoshikageKira1", "Andras14"], "log": "|j|\u2606YoshikageKira1\n|j|\u2606Andras14\n|t:|1733854460\n|gametype|singles\n|player|p1|YoshikageKira1|palmer|1289\n|player|p2|Andras14|harlequin|1316\n|teamsize|p1|6\n|teamsize|p2|6\n|gen|9\n|tier|[Gen 9] Random Battle\n|rated|\n|rule|Species Clause: Limit one of each Pok\u00e9mon\n|rule|HP Percentage Mod: HP is shown in percentages\n|rule|Sleep Clause Mod: Limit one foe put to sleep\n|rule|Illusion Level Mod: Illusion disguises the Pok\u00e9mon's true level\n|\n|t:|1733854460\n|start\n|switch|p1a: Spectrier|Spectrier, L75|274/274\n|switch|p2a: Trevenant|Trevenant, L88, M|293/293\n|turn|1\n|inactive|Battle timer is ON: inactive players will automatically lose when time's up. (requested by Andras14)\n|\n|t:|1733854471\n|move|p1a: Spectrier|Shadow Ball|p2a: Trevenant\n|-supereffective|p2a: Trevenant\n|-damage|p2a: Trevenant|64/293\n|-enditem|p2a: Trevenant|Sitrus Berry|[eat]\n|-heal|p2a: Trevenant|137/293|[from] item: Sitrus Berry\n|-damage|p1a: Spectrier|247/274|[from] item: Life Orb\n|move|p2a: Trevenant|Poltergeist|p1a: Spectrier\n|-activate|p1a: Spectrier|move: Poltergeist|Life Orb\n|-supereffective|p1a: Spectrier\n|-damage|p1a: Spectrier|0 fnt\n|faint|p1a: Spectrier\n|\n|-item|p2a: Trevenant|Sitrus Berry|[from] ability: Harvest\n|upkeep\n|-enditem|p2a: Trevenant|Sitrus Berry|[eat]\n|-heal|p2a: Trevenant|210/293|[from] item: Sitrus Berry\n|\n|t:|1733854483\n|switch|p1a: Tyranitar|Tyranitar, L79, M|288/288\n|-weather|Sandstorm|[from] ability: Sand Stream|[of] p1a: Tyranitar\n|turn|2\n|\n|t:|1733854493\n|move|p2a: Trevenant|Protect|p2a: Trevenant\n|-singleturn|p2a: Trevenant|Protect\n|move|p1a: Tyranitar|Dragon Dance|p1a: Tyranitar\n|-boost|p1a: Tyranitar|atk|1\n|-boost|p1a: Tyranitar|spe|1\n|\n|-weather|Sandstorm|[upkeep]\n|-damage|p2a: Trevenant|192/293|[from] Sandstorm\n|upkeep\n|turn|3\n|\n|t:|1733854502\n|-terastallize|p2a: Trevenant|Fighting\n|move|p1a: Tyranitar|Knock Off|p2a: Trevenant\n|-resisted|p2a: Trevenant\n|-damage|p2a: Trevenant|126/293\n|move|p2a: Trevenant|Drain Punch|p1a: Tyranitar\n|-supereffective|p1a: Tyranitar\n|-damage|p1a: Tyranitar|0 fnt\n|-heal|p2a: Trevenant|270/293|[from] drain|[of] p1a: Tyranitar\n|faint|p1a: Tyranitar\n|\n|-weather|Sandstorm|[upkeep]\n|-damage|p2a: Trevenant|252/293|[from] Sandstorm\n|-item|p2a: Trevenant|Sitrus Berry|[from] ability: Harvest\n|upkeep\n|inactive|YoshikageKira1 has 120 seconds left.\n|\n|t:|1733854548\n|switch|p1a: Solgaleo|Solgaleo, L74|325/325\n|turn|4\n|\n|t:|1733854557\n|switch|p2a: Magcargo|Magcargo, L95, M|268/268\n|move|p1a: Solgaleo|Flare Blitz|p2a: Magcargo\n|-resisted|p2a: Magcargo\n|-damage|p2a: Magcargo|254/268\n|-status|p1a: Solgaleo|brn|[from] ability: Flame Body|[of] p2a: Magcargo\n|-damage|p1a: Solgaleo|320/325 brn|[from] Recoil\n|\n|-weather|Sandstorm|[upkeep]\n|-damage|p1a: Solgaleo|300/325 brn|[from] brn\n|upkeep\n|turn|5\n|-message|YoshikageKira1 forfeited.\n|\n|win|Andras14\n|raw|YoshikageKira1's rating: 1289 &rarr; <strong>1266</strong><br />(-23 for losing)\n|raw|Andras14's rating: 1316 &rarr; <strong>1334</strong><br />(+18 for winning)\n|l|\u2606YoshikageKira1\n|player|p1|\n", "inputlog": ">version bfd83cad13791eb5a5a409923076391caf6fb4d4\n>start {\"formatid\":\"gen9randombattle\",\"seed\":[47022,47468,57129,17772],\"rated\":\"Rated battle\"}\n>player p1 {\"name\":\"YoshikageKira1\",\"avatar\":\"palmer\",\"rating\":1289,\"seed\":[16203,49019,11234,3492]}\n>player p2 {\"name\":\"Andras14\",\"avatar\":\"harlequin\",\"rating\":1316,\"seed\":[25825,63548,51299,24957]}\n>p1 move shadowball\n>p2 move poltergeist\n>p1 switch 6\n>p1 move dragondance\n>p2 move protect\n>p1 move knockoff\n>p2 move drainpunch terastallize\n>p1 switch 5\n>p1 move flareblitz\n>p2 switch 6\n>forcelose p1", "uploadtime": 1733854570, "views": 1, "formatid": "gen9randombattle", "rating": 1266, "private": 0, "password": null}