{"id": "gen9randombattle-2260367195", "format": "[Gen 9] Random Battle", "players": ["IMDaLawww", "Confidentialinfo4"], "log": "|j|\u2606IMDaLawww\n|j|\u2606Confidentialinfo4\n|t:|1733844596\n|gametype|singles\n|player|p1|IMDaLawww|policeman|1373\n|player|p2|Confidentialinfo4|170|1343\n|teamsize|p1|6\n|teamsize|p2|6\n|gen|9\n|tier|[Gen 9] Random Battle\n|rated|\n|rule|Species Clause: Limit one of each Pok\u00e9mon\n|rule|HP Percentage Mod: HP is shown in percentages\n|rule|Sleep Clause Mod: Limit one foe put to sleep\n|rule|Illusion Level Mod: Illusion disguises the Pok\u00e9mon's true level\n|\n|t:|1733844596\n|start\n|switch|p1a: Masquerain|Masquerain, L87, M|264/264\n|switch|p2a: Swampert|Swampert, L83, M|302/302\n|-ability|p1a: Masquerain|Intimidate|boost\n|-unboost|p2a: Swampert|atk|1\n|turn|1\n|inactive|Battle timer is ON: inactive players will automatically lose when time's up. (requested by IMDaLawww)\n|\n|t:|1733844604\n|switch|p2a: Vikavolt|Vikavolt, L83, M|263/263\n|move|p1a: Masquerain|Sticky Web|p2a: Vikavolt\n|-sidestart|p2: Confidentialinfo4|move: Sticky Web\n|\n|upkeep\n|turn|2\n|\n|t:|1733844613\n|move|p1a: Masquerain|Hurricane|p2a: Vikavolt|[miss]\n|-miss|p1a: Masquerain|p2a: Vikavolt\n|move|p2a: Vikavolt|Sticky Web|p1a: Masquerain\n|-sidestart|p1: IMDaLawww|move: Sticky Web\n|\n|upkeep\n|turn|3\n|\n|t:|1733844639\n|switch|p1a: Miraidon|Miraidon, L65|238/238\n|-activate|p1a: Miraidon|move: Sticky Web\n|-unboost|p1a: Miraidon|spe|1\n|-fieldstart|move: Electric Terrain|[from] ability: Hadron Engine|[of] p1a: Miraidon\n|move|p2a: Vikavolt|Thunderbolt|p1a: Miraidon\n|-resisted|p1a: Miraidon\n|-crit|p1a: Miraidon\n|-damage|p1a: Miraidon|186/238\n|\n|-heal|p1a: Miraidon|200/238|[from] item: Leftovers\n|upkeep\n|turn|4\n|\n|t:|1733844661\n|move|p1a: Miraidon|Substitute|p1a: Miraidon\n|-start|p1a: Miraidon|Substitute\n|-damage|p1a: Miraidon|141/238\n|move|p2a: Vikavolt|Bug Buzz|p1a: Miraidon\n|-damage|p1a: Miraidon|0 fnt\n|faint|p1a: Miraidon\n|\n|upkeep\n|\n|t:|1733844671\n|switch|p1a: Greedent|Greedent, L86, M|347/347\n|-activate|p1a: Greedent|move: Sticky Web\n|-unboost|p1a: Greedent|spe|1\n|turn|5\n|\n|t:|1733844690\n|move|p2a: Vikavolt|Volt Switch|p1a: Greedent\n|-damage|p1a: Greedent|229/347\n|\n|t:|1733844692\n|switch|p2a: Swampert|Swampert, L83, M|302/302|[from] Volt Switch\n|-activate|p2a: Swampert|move: Sticky Web\n|-unboost|p2a: Swampert|spe|1\n|move|p1a: Greedent|Swords Dance|p1a: Greedent\n|-boost|p1a: Greedent|atk|2\n|\n|upkeep\n|turn|6\n|\n|t:|1733844701\n|move|p2a: Swampert|Earthquake|p1a: Greedent\n|-damage|p1a: Greedent|130/347\n|-enditem|p1a: Greedent|Sitrus Berry|[eat]\n|-heal|p1a: Greedent|216/347|[from] item: Sitrus Berry\n|-heal|p1a: Greedent|331/347|[from] ability: Cheek Pouch\n|move|p1a: Greedent|Body Slam|p2a: Swampert\n|-damage|p2a: Swampert|128/302\n|\n|-heal|p2a: Swampert|146/302|[from] item: Leftovers\n|upkeep\n|turn|7\n|\n|t:|1733844713\n|move|p2a: Swampert|Yawn|p1a: Greedent\n|-activate|p1a: Greedent|move: Electric Terrain\n|move|p1a: Greedent|Body Slam|p2a: Swampert\n|-damage|p2a: Swampert|0 fnt\n|faint|p2a: Swampert\n|\n|-fieldend|move: Electric Terrain\n|upkeep\n|\n|t:|1733844723\n|switch|p2a: Suicune|Suicune, L82|298/298\n|-activate|p2a: Suicune|move: Sticky Web\n|-unboost|p2a: Suicune|spe|1\n|-ability|p2a: Suicune|Pressure\n|turn|8\n|\n|t:|1733844746\n|switch|p1a: Seviper|Seviper, L93, F|287/287\n|-activate|p1a: Seviper|move: Sticky Web\n|-unboost|p1a: Seviper|spe|1\n|move|p2a: Suicune|Scald|p1a: Seviper\n|-damage|p1a: Seviper|191/287\n|\n|upkeep\n|turn|9\n|\n|t:|1733844754\n|move|p1a: Seviper|Switcheroo|p2a: Suicune\n|-activate|p1a: Seviper|move: Trick|[of] p2a: Suicune\n|-item|p2a: Suicune|Choice Scarf|[from] move: Switcheroo\n|-item|p1a: Seviper|Leftovers|[from] move: Switcheroo\n|move|p2a: Suicune|Calm Mind|p2a: Suicune\n|-boost|p2a: Suicune|spa|1\n|-boost|p2a: Suicune|spd|1\n|\n|-heal|p1a: Seviper|208/287|[from] item: Leftovers\n|upkeep\n|turn|10\n|\n|t:|1733844766\n|switch|p2a: Magmortar|Magmortar, L88, M|275/275\n|move|p1a: Seviper|Knock Off|p2a: Magmortar\n|-damage|p2a: Magmortar|176/275\n|-status|p1a: Seviper|brn|[from] ability: Flame Body|[of] p2a: Magmortar\n|-enditem|p2a: Magmortar|Heavy-Duty Boots|[from] move: Knock Off|[of] p1a: Seviper\n|\n|-heal|p1a: Seviper|225/287 brn|[from] item: Leftovers\n|-damage|p1a: Seviper|208/287 brn|[from] brn\n|upkeep\n|turn|11\n|\n|t:|1733844787\n|switch|p1a: Dachsbun|Dachsbun, L92, F|254/254\n|-activate|p1a: Dachsbun|move: Sticky Web\n|-unboost|p1a: Dachsbun|spe|1\n|move|p2a: Magmortar|Fire Blast|p1a: Dachsbun\n|-ability|p1a: Dachsbun|Well-Baked Body|boost\n|-boost|p1a: Dachsbun|def|2\n|\n|upkeep\n|turn|12\n|\n|t:|1733844800\n|move|p2a: Magmortar|Thunderbolt|p1a: Dachsbun\n|-damage|p1a: Dachsbun|172/254\n|move|p1a: Dachsbun|Wish|p1a: Dachsbun\n|\n|-heal|p1a: Dachsbun|187/254|[from] item: Leftovers\n|upkeep\n|turn|13\n|\n|t:|1733844808\n|move|p2a: Magmortar|Knock Off|p1a: Dachsbun\n|-resisted|p1a: Dachsbun\n|-damage|p1a: Dachsbun|172/254\n|-enditem|p1a: Dachsbun|Leftovers|[from] move: Knock Off|[of] p2a: Magmortar\n|move|p1a: Dachsbun|Body Press|p2a: Magmortar\n|-damage|p2a: Magmortar|1/275\n|\n|-heal|p1a: Dachsbun|254/254|[from] move: Wish|[wisher] Dachsbun\n|upkeep\n|turn|14\n|\n|t:|1733844819\n|move|p2a: Magmortar|Thunderbolt|p1a: Dachsbun\n|-damage|p1a: Dachsbun|174/254\n|move|p1a: Dachsbun|Wish|p1a: Dachsbun\n|\n|upkeep\n|turn|15\n|\n|t:|1733844825\n|move|p2a: Magmortar|Thunderbolt|p1a: Dachsbun\n|-damage|p1a: Dachsbun|83/254\n|-status|p1a: Dachsbun|par\n|move|p1a: Dachsbun|Play Rough|p2a: Magmortar\n|-resisted|p2a: Magmortar\n|-damage|p2a: Magmortar|0 fnt\n|faint|p2a: Magmortar\n|\n|-heal|p1a: Dachsbun|210/254 par|[from] move: Wish|[wisher] Dachsbun\n|upkeep\n|\n|t:|1733844836\n|switch|p2a: Magearna|Magearna, L77|250/250\n|-activate|p2a: Magearna|move: Sticky Web\n|-unboost|p2a: Magearna|spe|1\n|turn|16\n|\n|t:|1733844846\n|-terastallize|p1a: Dachsbun|Steel\n|move|p2a: Magearna|Calm Mind|p2a: Magearna\n|-boost|p2a: Magearna|spa|1\n|-boost|p2a: Magearna|spd|1\n|cant|p1a: Dachsbun|par\n|\n|upkeep\n|turn|17\n|\n|t:|1733844854\n|move|p2a: Magearna|Shift Gear|p2a: Magearna\n|-boost|p2a: Magearna|spe|2\n|-boost|p2a: Magearna|atk|1\n|move|p1a: Dachsbun|Body Press|p2a: Magearna\n|-damage|p2a: Magearna|118/250\n|\n|-heal|p2a: Magearna|133/250|[from] item: Leftovers\n|upkeep\n|turn|18\n|\n|t:|1733844862\n|move|p2a: Magearna|Flash Cannon|p1a: Dachsbun\n|-resisted|p1a: Dachsbun\n|-damage|p1a: Dachsbun|148/254 par\n|-unboost|p1a: Dachsbun|spd|1\n|move|p1a: Dachsbun|Body Press|p2a: Magearna\n|-damage|p2a: Magearna|4/250\n|\n|-heal|p2a: Magearna|19/250|[from] item: Leftovers\n|upkeep\n|turn|19\n|\n|t:|1733844872\n|move|p2a: Magearna|Fleur Cannon|p1a: Dachsbun\n|-resisted|p1a: Dachsbun\n|-damage|p1a: Dachsbun|0 fnt\n|-unboost|p2a: Magearna|spa|2\n|faint|p1a: Dachsbun\n|-ability|p2a: Magearna|Soul-Heart|boost\n|-boost|p2a: Magearna|spa|1\n|\n|-heal|p2a: Magearna|34/250|[from] item: Leftovers\n|upkeep\n|\n|t:|1733844894\n|switch|p1a: Greedent|Greedent, L86, M|331/347\n|-activate|p1a: Greedent|move: Sticky Web\n|-unboost|p1a: Greedent|spe|1\n|turn|20\n|\n|t:|1733844899\n|move|p2a: Magearna|Fleur Cannon|p1a: Greedent\n|-damage|p1a: Greedent|181/347\n|-unboost|p2a: Magearna|spa|2\n|move|p1a: Greedent|Earthquake|p2a: Magearna\n|-supereffective|p2a: Magearna\n|-damage|p2a: Magearna|0 fnt\n|faint|p2a: Magearna\n|\n|upkeep\n|\n|t:|1733844912\n|switch|p2a: Suicune|Suicune, L82|298/298\n|-activate|p2a: Suicune|move: Sticky Web\n|-unboost|p2a: Suicune|spe|1\n|-ability|p2a: Suicune|Pressure\n|turn|21\n|\n|t:|1733844918\n|move|p2a: Suicune|Scald|p1a: Greedent\n|-damage|p1a: Greedent|105/347\n|move|p1a: Greedent|Body Slam|p2a: Suicune\n|-damage|p2a: Suicune|226/298\n|\n|upkeep\n|turn|22\n|\n|t:|1733844925\n|move|p2a: Suicune|Scald|p1a: Greedent\n|-damage|p1a: Greedent|20/347\n|move|p1a: Greedent|Body Slam|p2a: Suicune\n|-damage|p2a: Suicune|151/298\n|\n|upkeep\n|turn|23\n|\n|t:|1733844932\n|move|p2a: Suicune|Scald|p1a: Greedent\n|-damage|p1a: Greedent|0 fnt\n|faint|p1a: Greedent\n|\n|upkeep\n|\n|t:|1733844937\n|switch|p1a: Venusaur|Venusaur, L84, F|272/272\n|-activate|p1a: Venusaur|move: Sticky Web\n|-unboost|p1a: Venusaur|spe|1\n|turn|24\n|\n|t:|1733844944\n|switch|p2a: Arceus|Arceus-Bug, L73|295/295\n|-activate|p2a: Arceus|move: Sticky Web\n|-unboost|p2a: Arceus|spe|1\n|move|p1a: Venusaur|Knock Off|p2a: Arceus\n|-damage|p2a: Arceus|260/295\n|\n|upkeep\n|turn|25\n|\n|t:|1733844955\n|switch|p1a: Masquerain|Masquerain, L87, M|264/264\n|-ability|p1a: Masquerain|Intimidate|boost\n|-unboost|p2a: Arceus|atk|1\n|move|p2a: Arceus|Calm Mind|p2a: Arceus\n|-boost|p2a: Arceus|spa|1\n|-boost|p2a: Arceus|spd|1\n|\n|upkeep\n|turn|26\n|\n|t:|1733844965\n|switch|p2a: Suicune|Suicune, L82|151/298\n|-activate|p2a: Suicune|move: Sticky Web\n|-unboost|p2a: Suicune|spe|1\n|-ability|p2a: Suicune|Pressure\n|move|p1a: Masquerain|Stun Spore|p2a: Suicune\n|-status|p2a: Suicune|par\n|\n|upkeep\n|turn|27\n|\n|t:|1733844975\n|switch|p1a: Seviper|Seviper, L93, F|208/287 brn\n|-activate|p1a: Seviper|move: Sticky Web\n|-unboost|p1a: Seviper|spe|1\n|move|p2a: Suicune|Rest|p2a: Suicune\n|-status|p2a: Suicune|slp|[from] move: Rest\n|-heal|p2a: Suicune|298/298 slp|[silent]\n|\n|-heal|p1a: Seviper|225/287 brn|[from] item: Leftovers\n|-damage|p1a: Seviper|208/287 brn|[from] brn\n|upkeep\n|turn|28\n|\n|t:|1733844993\n|switch|p2a: Arceus|Arceus-Bug, L73|260/295\n|-activate|p2a: Arceus|move: Sticky Web\n|-unboost|p2a: Arceus|spe|1\n|move|p1a: Seviper|Giga Drain|p2a: Arceus\n|-resisted|p2a: Arceus\n|-damage|p2a: Arceus|231/295\n|-heal|p1a: Seviper|223/287 brn|[from] drain|[of] p2a: Arceus\n|\n|-heal|p1a: Seviper|240/287 brn|[from] item: Leftovers\n|-damage|p1a: Seviper|223/287 brn|[from] brn\n|upkeep\n|turn|29\n|\n|t:|1733845006\n|move|p2a: Arceus|Earth Power|p1a: Seviper\n|-supereffective|p1a: Seviper\n|-damage|p1a: Seviper|77/287 brn\n|move|p1a: Seviper|Gunk Shot|p2a: Arceus\n|-damage|p2a: Arceus|163/295\n|\n|-heal|p1a: Seviper|94/287 brn|[from] item: Leftovers\n|-damage|p1a: Seviper|77/287 brn|[from] brn\n|upkeep\n|turn|30\n|\n|t:|1733845016\n|move|p2a: Arceus|Recover|p2a: Arceus\n|-heal|p2a: Arceus|295/295\n|move|p1a: Seviper|Gunk Shot|p2a: Arceus\n|-damage|p2a: Arceus|219/295\n|\n|-heal|p1a: Seviper|94/287 brn|[from] item: Leftovers\n|-damage|p1a: Seviper|77/287 brn|[from] brn\n|upkeep\n|turn|31\n|\n|t:|1733845026\n|switch|p1a: Masquerain|Masquerain, L87, M|264/264\n|-ability|p1a: Masquerain|Intimidate|boost\n|-unboost|p2a: Arceus|atk|1\n|move|p2a: Arceus|Earth Power|p1a: Masquerain\n|-immune|p1a: Masquerain\n|\n|upkeep\n|turn|32\n|\n|t:|1733845036\n|switch|p2a: Suicune|Suicune, L82|298/298 slp\n|-activate|p2a: Suicune|move: Sticky Web\n|-unboost|p2a: Suicune|spe|1\n|-ability|p2a: Suicune|Pressure\n|move|p1a: Masquerain|Hurricane|p2a: Suicune\n|-damage|p2a: Suicune|195/298 slp\n|\n|upkeep\n|turn|33\n|\n|t:|1733845045\n|switch|p1a: Seviper|Seviper, L93, F|77/287 brn\n|-activate|p1a: Seviper|move: Sticky Web\n|-unboost|p1a: Seviper|spe|1\n|cant|p2a: Suicune|slp\n|\n|-heal|p1a: Seviper|94/287 brn|[from] item: Leftovers\n|-damage|p1a: Seviper|77/287 brn|[from] brn\n|upkeep\n|turn|34\n|\n|t:|1733845056\n|cant|p2a: Suicune|slp\n|move|p1a: Seviper|Gunk Shot|p2a: Suicune\n|-damage|p2a: Suicune|123/298 slp\n|\n|-heal|p1a: Seviper|94/287 brn|[from] item: Leftovers\n|-damage|p1a: Seviper|77/287 brn|[from] brn\n|upkeep\n|turn|35\n|\n|t:|1733845065\n|-curestatus|p2a: Suicune|slp|[msg]\n|move|p2a: Suicune|Scald|p1a: Seviper\n|-damage|p1a: Seviper|0 fnt\n|faint|p1a: Seviper\n|\n|upkeep\n|\n|t:|1733845076\n|switch|p1a: Masquerain|Masquerain, L87, M|264/264\n|-ability|p1a: Masquerain|Intimidate|boost\n|-unboost|p2a: Suicune|atk|1\n|turn|36\n|\n|t:|1733845085\n|move|p1a: Masquerain|Stun Spore|p2a: Suicune\n|-status|p2a: Suicune|par\n|move|p2a: Suicune|Scald|p1a: Masquerain\n|-damage|p1a: Masquerain|188/264\n|\n|upkeep\n|turn|37\n|\n|t:|1733845094\n|move|p1a: Masquerain|Stun Spore|p2a: Suicune\n|-fail|p2a: Suicune|par\n|move|p2a: Suicune|Scald|p1a: Masquerain\n|-damage|p1a: Masquerain|109/264\n|-status|p1a: Masquerain|brn\n|\n|-damage|p1a: Masquerain|93/264 brn|[from] brn\n|upkeep\n|turn|38\n|\n|t:|1733845104\n|switch|p1a: Venusaur|Venusaur, L84, F|272/272\n|-activate|p1a: Venusaur|move: Sticky Web\n|-unboost|p1a: Venusaur|spe|1\n|move|p2a: Suicune|Scald|p1a: Venusaur\n|-resisted|p1a: Venusaur\n|-damage|p1a: Venusaur|240/272\n|-status|p1a: Venusaur|brn\n|\n|-heal|p1a: Venusaur|257/272 brn|[from] item: Leftovers\n|-damage|p1a: Venusaur|240/272 brn|[from] brn\n|upkeep\n|turn|39\n|\n|t:|1733845119\n|switch|p2a: Arceus|Arceus-Bug, L73|219/295\n|-activate|p2a: Arceus|move: Sticky Web\n|-unboost|p2a: Arceus|spe|1\n|move|p1a: Venusaur|Energy Ball|p2a: Arceus\n|-resisted|p2a: Arceus\n|-damage|p2a: Arceus|174/295\n|\n|-heal|p1a: Venusaur|257/272 brn|[from] item: Leftovers\n|-damage|p1a: Venusaur|240/272 brn|[from] brn\n|upkeep\n|turn|40\n|\n|t:|1733845131\n|switch|p1a: Masquerain|Masquerain, L87, M|93/264 brn\n|-ability|p1a: Masquerain|Intimidate|boost\n|-unboost|p2a: Arceus|atk|1\n|move|p2a: Arceus|Recover|p2a: Arceus\n|-heal|p2a: Arceus|295/295\n|\n|-damage|p1a: Masquerain|77/264 brn|[from] brn\n|upkeep\n|turn|41\n|\n|t:|1733845141\n|switch|p2a: Suicune|Suicune, L82|123/298 par\n|-activate|p2a: Suicune|move: Sticky Web\n|-unboost|p2a: Suicune|spe|1\n|-ability|p2a: Suicune|Pressure\n|move|p1a: Masquerain|Hurricane|p2a: Suicune\n|-crit|p2a: Suicune\n|-damage|p2a: Suicune|0 fnt\n|faint|p2a: Suicune\n|\n|-damage|p1a: Masquerain|61/264 brn|[from] brn\n|upkeep\n|\n|t:|1733845145\n|switch|p2a: Vikavolt|Vikavolt, L83, M|263/263\n|turn|42\n|\n|t:|1733845160\n|-terastallize|p2a: Vikavolt|Electric\n|move|p1a: Masquerain|Hurricane|p2a: Vikavolt|[miss]\n|-miss|p1a: Masquerain|p2a: Vikavolt\n|move|p2a: Vikavolt|Thunderbolt|p1a: Masquerain\n|-supereffective|p1a: Masquerain\n|-damage|p1a: Masquerain|0 fnt\n|faint|p1a: Masquerain\n|\n|upkeep\n|\n|t:|1733845170\n|switch|p1a: Venusaur|Venusaur, L84, F|240/272 brn\n|-activate|p1a: Venusaur|move: Sticky Web\n|-unboost|p1a: Venusaur|spe|1\n|turn|43\n|\n|t:|1733845175\n|move|p1a: Venusaur|Sludge Bomb|p2a: Vikavolt\n|-damage|p2a: Vikavolt|146/263\n|-status|p2a: Vikavolt|psn\n|move|p2a: Vikavolt|Bug Buzz|p1a: Venusaur\n|-damage|p1a: Venusaur|128/272 brn\n|-unboost|p1a: Venusaur|spd|1\n|\n|-heal|p1a: Venusaur|145/272 brn|[from] item: Leftovers\n|-damage|p2a: Vikavolt|114/263 psn|[from] psn\n|-damage|p1a: Venusaur|128/272 brn|[from] brn\n|upkeep\n|turn|44\n|\n|t:|1733845188\n|move|p1a: Venusaur|Sludge Bomb|p2a: Vikavolt\n|-damage|p2a: Vikavolt|9/263 psn\n|move|p2a: Vikavolt|Bug Buzz|p1a: Venusaur\n|-damage|p1a: Venusaur|0 fnt\n|faint|p1a: Venusaur\n|\n|win|Confidentialinfo4\n|raw|IMDaLawww's rating: 1373 &rarr; <strong>1351</strong><br />(-22 for losing)\n|raw|Confidentialinfo4's rating: 1343 &rarr; <strong>1365</strong><br />(+22 for winning)\n|c|\u2606IMDaLawww|Gg\n|l|\u2606IMDaLawww\n|player|p1|\n", "inputlog": ">version bfd83cad13791eb5a5a409923076391caf6fb4d4\n>start {\"formatid\":\"gen9randombattle\",\"seed\":[41720,29556,40588,52694],\"rated\":\"Rated battle\"}\n>player p1 {\"name\":\"IMDaLawww\",\"avatar\":\"policeman\",\"rating\":1373,\"seed\":[44059,37044,48520,38984]}\n>player p2 {\"name\":\"Confidentialinfo4\",\"avatar\":\"170\",\"rating\":1343,\"seed\":[47786,4104,62619,15303]}\n>p1 move stickyweb\n>p2 switch 5\n>p1 move hurricane\n>p2 move stickyweb\n>p1 switch 5\n>p2 move thunderbolt\n>p1 move substitute\n>p2 move bugbuzz\n>p1 switch 6\n>p1 move swordsdance\n>p2 move voltswitch\n>p2 switch 5\n>p1 move bodyslam\n>p2 move earthquake\n>p1 move bodyslam\n>p2 move yawn\n>p2 switch 3\n>p1 switch 2\n>p2 move scald\n>p1 move switcheroo\n>p2 move calmmind\n>p1 move knockoff\n>p2 switch 4\n>p1 switch 4\n>p2 move fireblast\n>p1 move wish\n>p2 move thunderbolt\n>p1 move bodypress\n>p2 move knockoff\n>p1 move wish\n>p2 move thunderbolt\n>p1 move playrough\n>p2 move thunderbolt\n>p2 switch 6\n>p1 move bodypress terastallize\n>p2 move calmmind\n>p1 move bodypress\n>p2 move shiftgear\n>p1 move bodypress\n>p2 move flashcannon\n>p1 move bodypress\n>p2 move fleurcannon\n>p1 switch 2\n>p1 move earthquake\n>p2 move fleurcannon\n>p2 switch 4\n>p1 move bodyslam\n>p2 move scald\n>p1 move bodyslam\n>p2 move scald\n>p1 move bodyslam\n>p2 move scald\n>p1 switch 3\n>p1 move knockoff\n>p2 switch 2\n>p1 switch 5\n>p2 move calmmind\n>p1 move stunspore\n>p2 switch 2\n>p1 switch 4\n>p2 move rest\n>p1 move gigadrain\n>p2 switch 2\n>p1 move gunkshot\n>p2 move earthpower\n>p1 move gunkshot\n>p2 move recover\n>p1 switch 4\n>p2 move earthpower\n>p1 move hurricane\n>p2 switch 2\n>p1 switch 4\n>p2 move scald\n>p1 move gunkshot\n>p2 move scald\n>p1 move gigadrain\n>p2 move scald\n>p1 switch 4\n>p1 move stunspore\n>p2 move scald\n>p1 move stunspore\n>p2 move scald\n>p1 switch 5\n>p2 move scald\n>p1 move energyball\n>p2 switch 2\n>p1 switch 5\n>p2 move recover\n>p1 move hurricane\n>p2 switch 2\n>p2 switch 5\n>p1 move hurricane\n>p2 move thunderbolt terastallize\n>p1 switch 5\n>p1 move sludgebomb\n>p2 move bugbuzz\n>p1 move sludgebomb\n>p2 move bugbuzz", "uploadtime": 1733845203, "views": 1, "formatid": "gen9randombattle", "rating": 1351, "private": 0, "password": null}