{"id": "gen9randombattle-2260644569", "format": "[Gen 9] Random Battle", "players": ["Atom Chicken", "Saaskin"], "log": "|j|\u2606Atom Chicken\n|j|\u2606Saaskin\n|t:|1733873111\n|gametype|singles\n|player|p1|Atom Chicken|pokemonranger-gen4|1877\n|player|p2|Saaskin|170|1930\n|teamsize|p1|6\n|teamsize|p2|6\n|gen|9\n|tier|[Gen 9] Random Battle\n|rated|\n|rule|Species Clause: Limit one of each Pok\u00e9mon\n|rule|HP Percentage Mod: HP is shown in percentages\n|rule|Sleep Clause Mod: Limit one foe put to sleep\n|rule|Illusion Level Mod: Illusion disguises the Pok\u00e9mon's true level\n|\n|t:|1733873111\n|start\n|switch|p1a: Quaquaval|Quaquaval, L79, F|264/264\n|switch|p2a: Charizard|Charizard, L85, F|271/271\n|turn|1\n|inactive|Battle timer is ON: inactive players will automatically lose when time's up. (requested by Saaskin)\n|\n|t:|1733873116\n|move|p2a: Charizard|Will-O-Wisp|p1a: Quaquaval\n|-status|p1a: Quaquaval|brn\n|move|p1a: Quaquaval|Aqua Step|p2a: Charizard\n|-supereffective|p2a: Charizard\n|-damage|p2a: Charizard|174/271\n|-boost|p1a: Quaquaval|spe|1\n|\n|-damage|p1a: Quaquaval|248/264 brn|[from] brn\n|upkeep\n|turn|2\n|\n|t:|1733873127\n|switch|p2a: Chimecho|Chimecho, L93, M|290/290\n|move|p1a: Quaquaval|Aqua Step|p2a: Chimecho\n|-damage|p2a: Chimecho|250/290\n|-boost|p1a: Quaquaval|spe|1\n|\n|-heal|p2a: Chimecho|268/290|[from] item: Leftovers\n|-damage|p1a: Quaquaval|232/264 brn|[from] brn\n|upkeep\n|turn|3\n|\n|t:|1733873133\n|move|p1a: Quaquaval|U-turn|p2a: Chimecho\n|-supereffective|p2a: Chimecho\n|-damage|p2a: Chimecho|218/290\n|\n|t:|1733873144\n|switch|p1a: Pelipper|Pelipper, L86, F|243/243|[from] U-turn\n|-weather|RainDance|[from] ability: Drizzle|[of] p1a: Pelipper\n|move|p2a: Chimecho|Thunder Wave|p1a: Pelipper\n|-status|p1a: Pelipper|par\n|\n|-weather|RainDance|[upkeep]\n|-heal|p2a: Chimecho|236/290|[from] item: Leftovers\n|upkeep\n|turn|4\n|\n|t:|1733873157\n|switch|p2a: Regice|Regice, L88|284/284\n|cant|p1a: Pelipper|par\n|\n|-weather|RainDance|[upkeep]\n|upkeep\n|turn|5\n|\n|t:|1733873162\n|move|p2a: Regice|Thunderbolt|p1a: Pelipper\n|-supereffective|p1a: Pelipper\n|-damage|p1a: Pelipper|0 fnt\n|faint|p1a: Pelipper\n|\n|-weather|RainDance|[upkeep]\n|upkeep\n|\n|t:|1733873169\n|switch|p1a: Ninetales|Ninetales-Alola, L78, M|242/242\n|-weather|Snow|[from] ability: Snow Warning|[of] p1a: Ninetales\n|turn|6\n|\n|t:|1733873176\n|switch|p2a: Hypno|Hypno, L95, F|315/315\n|move|p1a: Ninetales|Aurora Veil|p1a: Ninetales\n|-sidestart|p1: Atom Chicken|move: Aurora Veil\n|\n|-weather|Snow|[upkeep]\n|upkeep\n|turn|7\n|\n|t:|1733873188\n|switch|p1a: Noctowl|Noctowl, L95, F|344/344\n|move|p2a: Hypno|Knock Off|p1a: Noctowl\n|-damage|p1a: Noctowl|297/344\n|-enditem|p1a: Noctowl|Heavy-Duty Boots|[from] move: Knock Off|[of] p2a: Hypno\n|\n|-weather|Snow|[upkeep]\n|upkeep\n|turn|8\n|\n|t:|1733873193\n|move|p1a: Noctowl|Hyper Voice|p2a: Hypno\n|-damage|p2a: Hypno|233/315\n|move|p2a: Hypno|Encore|p1a: Noctowl\n|-start|p1a: Noctowl|Encore\n|\n|-weather|Snow|[upkeep]\n|-heal|p2a: Hypno|252/315|[from] item: Leftovers\n|upkeep\n|turn|9\n|\n|t:|1733873197\n|move|p1a: Noctowl|Hyper Voice|p2a: Hypno\n|-damage|p2a: Hypno|165/315\n|move|p2a: Hypno|Toxic|p1a: Noctowl\n|-status|p1a: Noctowl|tox\n|\n|-weather|Snow|[upkeep]\n|-heal|p2a: Hypno|184/315|[from] item: Leftovers\n|-damage|p1a: Noctowl|276/344 tox|[from] psn\n|upkeep\n|turn|10\n|\n|t:|1733873208\n|move|p1a: Noctowl|Hyper Voice|p2a: Hypno\n|-damage|p2a: Hypno|96/315\n|move|p2a: Hypno|Psychic Noise|p1a: Noctowl\n|-damage|p1a: Noctowl|243/344 tox\n|-start|p1a: Noctowl|move: Heal Block\n|\n|-weather|none\n|-heal|p2a: Hypno|115/315|[from] item: Leftovers\n|-damage|p1a: Noctowl|201/344 tox|[from] psn\n|upkeep\n|turn|11\n|\n|t:|1733873217\n|switch|p1a: Ursaluna|Ursaluna, L79, F|335/335\n|switch|p2a: Chimecho|Chimecho, L93, M|236/290\n|\n|-heal|p2a: Chimecho|254/290|[from] item: Leftovers\n|-status|p1a: Ursaluna|brn|[from] item: Flame Orb\n|upkeep\n|turn|12\n|\n|t:|1733873227\n|move|p2a: Chimecho|Psychic Noise|p1a: Ursaluna\n|-damage|p1a: Ursaluna|278/335 brn\n|-start|p1a: Ursaluna|move: Heal Block\n|move|p1a: Ursaluna|Facade|p2a: Chimecho\n|-damage|p2a: Chimecho|0 fnt\n|faint|p2a: Chimecho\n|\n|-damage|p1a: Ursaluna|258/335 brn|[from] brn\n|upkeep\n|\n|t:|1733873236\n|switch|p2a: Alomomola|Alomomola, L87, F|429/429\n|turn|13\n|\n|t:|1733873242\n|switch|p1a: Quaquaval|Quaquaval, L79, F|232/264 brn\n|move|p2a: Alomomola|Protect||[still]\n|-fail|p2a: Alomomola\n|\n|-damage|p1a: Quaquaval|216/264 brn|[from] brn\n|-sideend|p1: Atom Chicken|move: Aurora Veil\n|upkeep\n|turn|14\n|\n|t:|1733873249\n|move|p1a: Quaquaval|Close Combat|p2a: Alomomola\n|-damage|p2a: Alomomola|360/429\n|-unboost|p1a: Quaquaval|def|1\n|-unboost|p1a: Quaquaval|spd|1\n|move|p2a: Alomomola|Wish|p2a: Alomomola\n|\n|-heal|p2a: Alomomola|386/429|[from] item: Leftovers\n|-damage|p1a: Quaquaval|200/264 brn|[from] brn\n|upkeep\n|turn|15\n|\n|t:|1733873253\n|move|p1a: Quaquaval|U-turn|p2a: Alomomola\n|-damage|p2a: Alomomola|360/429\n|\n|t:|1733873258\n|switch|p1a: Noctowl|Noctowl, L95, F|201/344 tox|[from] U-turn\n|move|p2a: Alomomola|Flip Turn|p1a: Noctowl\n|-damage|p1a: Noctowl|128/344 tox\n|\n|t:|1733873264\n|switch|p2a: Hypno|Hypno, L95, F|115/315|[from] Flip Turn\n|\n|-heal|p2a: Hypno|315/315|[from] move: Wish|[wisher] Alomomola\n|-damage|p1a: Noctowl|107/344 tox|[from] psn\n|upkeep\n|turn|16\n|\n|t:|1733873269\n|move|p1a: Noctowl|Hurricane|p2a: Hypno|[miss]\n|-miss|p1a: Noctowl|p2a: Hypno\n|move|p2a: Hypno|Encore|p1a: Noctowl\n|-start|p1a: Noctowl|Encore\n|\n|-damage|p1a: Noctowl|65/344 tox|[from] psn\n|upkeep\n|turn|17\n|\n|t:|1733873273\n|move|p1a: Noctowl|Hurricane|p2a: Hypno\n|-damage|p2a: Hypno|218/315\n|move|p2a: Hypno|Psychic Noise|p1a: Noctowl\n|-damage|p1a: Noctowl|0 fnt\n|faint|p1a: Noctowl\n|\n|-heal|p2a: Hypno|237/315|[from] item: Leftovers\n|upkeep\n|\n|t:|1733873276\n|switch|p1a: Ursaluna|Ursaluna, L79, F|258/335 brn\n|turn|18\n|\n|t:|1733873280\n|move|p2a: Hypno|Psychic Noise|p1a: Ursaluna\n|-damage|p1a: Ursaluna|159/335 brn\n|-start|p1a: Ursaluna|move: Heal Block\n|move|p1a: Ursaluna|Facade|p2a: Hypno\n|-damage|p2a: Hypno|0 fnt\n|faint|p2a: Hypno\n|\n|-damage|p1a: Ursaluna|139/335 brn|[from] brn\n|upkeep\n|\n|t:|1733873285\n|switch|p2a: Charizard|Charizard, L85, F|174/271\n|turn|19\n|\n|t:|1733873304\n|switch|p1a: Quaquaval|Quaquaval, L79, F|200/264 brn\n|-terastallize|p2a: Charizard|Fire\n|move|p2a: Charizard|Flamethrower|p1a: Quaquaval\n|-resisted|p1a: Quaquaval\n|-damage|p1a: Quaquaval|146/264 brn\n|\n|-damage|p1a: Quaquaval|130/264 brn|[from] brn\n|upkeep\n|turn|20\n|\n|t:|1733873308\n|switch|p2a: Alomomola|Alomomola, L87, F|429/429\n|move|p1a: Quaquaval|Aqua Step|p2a: Alomomola\n|-resisted|p2a: Alomomola\n|-damage|p2a: Alomomola|408/429\n|-boost|p1a: Quaquaval|spe|1\n|\n|-heal|p2a: Alomomola|429/429|[from] item: Leftovers\n|-damage|p1a: Quaquaval|114/264 brn|[from] brn\n|upkeep\n|turn|21\n|\n|t:|1733873315\n|move|p1a: Quaquaval|Close Combat|p2a: Alomomola\n|-damage|p2a: Alomomola|355/429\n|-unboost|p1a: Quaquaval|def|1\n|-unboost|p1a: Quaquaval|spd|1\n|move|p2a: Alomomola|Flip Turn|p1a: Quaquaval\n|-resisted|p1a: Quaquaval\n|-damage|p1a: Quaquaval|63/264 brn\n|\n|t:|1733873321\n|switch|p2a: Charizard|Charizard, L85, F, tera:Fire|174/271|[from] Flip Turn\n|\n|-damage|p1a: Quaquaval|47/264 brn|[from] brn\n|upkeep\n|turn|22\n|\n|t:|1733873324\n|switch|p2a: Alomomola|Alomomola, L87, F|429/429\n|move|p1a: Quaquaval|Aqua Step|p2a: Alomomola\n|-resisted|p2a: Alomomola\n|-damage|p2a: Alomomola|406/429\n|-boost|p1a: Quaquaval|spe|1\n|\n|-heal|p2a: Alomomola|429/429|[from] item: Leftovers\n|-damage|p1a: Quaquaval|31/264 brn|[from] brn\n|upkeep\n|turn|23\n|\n|t:|1733873328\n|move|p1a: Quaquaval|Close Combat|p2a: Alomomola\n|-damage|p2a: Alomomola|361/429\n|-unboost|p1a: Quaquaval|def|1\n|-unboost|p1a: Quaquaval|spd|1\n|move|p2a: Alomomola|Wish|p2a: Alomomola\n|\n|-heal|p2a: Alomomola|387/429|[from] item: Leftovers\n|-damage|p1a: Quaquaval|15/264 brn|[from] brn\n|upkeep\n|turn|24\n|\n|t:|1733873332\n|move|p1a: Quaquaval|Close Combat|p2a: Alomomola\n|-damage|p2a: Alomomola|316/429\n|-unboost|p1a: Quaquaval|def|1\n|-unboost|p1a: Quaquaval|spd|1\n|move|p2a: Alomomola|Flip Turn|p1a: Quaquaval\n|-resisted|p1a: Quaquaval\n|-damage|p1a: Quaquaval|0 fnt\n|faint|p1a: Quaquaval\n|\n|t:|1733873336\n|switch|p2a: Charizard|Charizard, L85, F, tera:Fire|174/271|[from] Flip Turn\n|\n|-heal|p2a: Charizard|271/271|[from] move: Wish|[wisher] Alomomola\n|upkeep\n|\n|t:|1733873342\n|switch|p1a: Mismagius|Mismagius, L86, M|243/243\n|turn|25\n|\n|t:|1733873347\n|switch|p2a: Regice|Regice, L88|284/284\n|move|p1a: Mismagius|Thunderbolt|p2a: Regice\n|-damage|p2a: Regice|240/284\n|-damage|p1a: Mismagius|219/243|[from] item: Life Orb\n|\n|upkeep\n|turn|26\n|\n|t:|1733873352\n|switch|p1a: Ursaluna|Ursaluna, L79, F|139/335 brn\n|move|p2a: Regice|Ice Beam|p1a: Ursaluna\n|-supereffective|p1a: Ursaluna\n|-damage|p1a: Ursaluna|0 fnt\n|faint|p1a: Ursaluna\n|\n|upkeep\n|\n|t:|1733873356\n|switch|p1a: Ninetales|Ninetales-Alola, L78, M|242/242\n|-weather|Snow|[from] ability: Snow Warning|[of] p1a: Ninetales\n|turn|27\n|\n|t:|1733873359\n|move|p1a: Ninetales|Aurora Veil|p1a: Ninetales\n|-sidestart|p1: Atom Chicken|move: Aurora Veil\n|move|p2a: Regice|Thunderbolt|p1a: Ninetales\n|-damage|p1a: Ninetales|207/242\n|\n|-weather|Snow|[upkeep]\n|upkeep\n|turn|28\n|\n|t:|1733873365\n|switch|p1a: Mismagius|Mismagius, L86, M|219/243\n|move|p2a: Regice|Thunderbolt|p1a: Mismagius\n|-damage|p1a: Mismagius|191/243\n|\n|-weather|Snow|[upkeep]\n|upkeep\n|turn|29\n|\n|t:|1733873370\n|move|p1a: Mismagius|Nasty Plot|p1a: Mismagius\n|-boost|p1a: Mismagius|spa|2\n|move|p2a: Regice|Thunderbolt|p1a: Mismagius\n|-damage|p1a: Mismagius|163/243\n|\n|-weather|Snow|[upkeep]\n|upkeep\n|turn|30\n|\n|t:|1733873375\n|move|p1a: Mismagius|Nasty Plot|p1a: Mismagius\n|-boost|p1a: Mismagius|spa|2\n|move|p2a: Regice|Thunderbolt|p1a: Mismagius\n|-damage|p1a: Mismagius|133/243\n|\n|-weather|Snow|[upkeep]\n|upkeep\n|turn|31\n|\n|t:|1733873381\n|move|p1a: Mismagius|Shadow Ball|p2a: Regice\n|-damage|p2a: Regice|59/284\n|-damage|p1a: Mismagius|109/243|[from] item: Life Orb\n|move|p2a: Regice|Thunderbolt|p1a: Mismagius\n|-damage|p1a: Mismagius|77/243\n|\n|-weather|none\n|upkeep\n|turn|32\n|\n|t:|1733873385\n|move|p1a: Mismagius|Shadow Ball|p2a: Regice\n|-damage|p2a: Regice|0 fnt\n|faint|p2a: Regice\n|-damage|p1a: Mismagius|53/243|[from] item: Life Orb\n|\n|upkeep\n|\n|t:|1733873389\n|switch|p2a: Alomomola|Alomomola, L87, F|429/429\n|turn|33\n|\n|t:|1733873399\n|move|p1a: Mismagius|Shadow Ball|p2a: Alomomola\n|-damage|p2a: Alomomola|0 fnt\n|faint|p2a: Alomomola\n|-damage|p1a: Mismagius|29/243|[from] item: Life Orb\n|\n|upkeep\n|\n|t:|1733873403\n|switch|p2a: Regigigas|Regigigas, L84|322/322\n|-start|p2a: Regigigas|ability: Slow Start\n|turn|34\n|\n|t:|1733873416\n|move|p1a: Mismagius|Thunderbolt|p2a: Regigigas\n|-damage|p2a: Regigigas|79/322\n|-damage|p1a: Mismagius|5/243|[from] item: Life Orb\n|move|p2a: Regigigas|Knock Off|p1a: Mismagius\n|-supereffective|p1a: Mismagius\n|-damage|p1a: Mismagius|0 fnt\n|-enditem|p1a: Mismagius|Life Orb|[from] move: Knock Off|[of] p2a: Regigigas\n|faint|p1a: Mismagius\n|\n|-heal|p2a: Regigigas|99/322|[from] item: Leftovers\n|-sideend|p1: Atom Chicken|move: Aurora Veil\n|upkeep\n|\n|t:|1733873419\n|switch|p1a: Ninetales|Ninetales-Alola, L78, M|207/242\n|-weather|Snow|[from] ability: Snow Warning|[of] p1a: Ninetales\n|turn|35\n|\n|t:|1733873424\n|move|p1a: Ninetales|Aurora Veil|p1a: Ninetales\n|-sidestart|p1: Atom Chicken|move: Aurora Veil\n|move|p2a: Regigigas|Rest|p2a: Regigigas\n|-status|p2a: Regigigas|slp|[from] move: Rest\n|-heal|p2a: Regigigas|322/322 slp|[silent]\n|\n|-weather|Snow|[upkeep]\n|upkeep\n|turn|36\n|\n|t:|1733873428\n|move|p1a: Ninetales|Encore|p2a: Regigigas\n|-start|p2a: Regigigas|Encore\n|cant|p2a: Regigigas|slp\n|\n|-weather|Snow|[upkeep]\n|upkeep\n|turn|37\n|\n|t:|1733873434\n|move|p1a: Ninetales|Blizzard|p2a: Regigigas\n|-damage|p2a: Regigigas|241/322 slp\n|cant|p2a: Regigigas|slp\n|\n|-weather|Snow|[upkeep]\n|-heal|p2a: Regigigas|261/322 slp|[from] item: Leftovers\n|upkeep\n|turn|38\n|\n|t:|1733873440\n|move|p1a: Ninetales|Blizzard|p2a: Regigigas\n|-damage|p2a: Regigigas|191/322 slp\n|-curestatus|p2a: Regigigas|slp|[msg]\n|move|p2a: Regigigas|Rest|p2a: Regigigas\n|-status|p2a: Regigigas|slp|[from] move: Rest\n|-heal|p2a: Regigigas|322/322 slp|[silent]\n|\n|-weather|Snow|[upkeep]\n|-end|p2a: Regigigas|Encore\n|-end|p2a: Regigigas|Slow Start\n|upkeep\n|turn|39\n|\n|t:|1733873445\n|cant|p2a: Regigigas|slp\n|move|p2a: Regigigas|Sleep Talk|p2a: Regigigas\n|move|p2a: Regigigas|Body Slam|p1a: Ninetales|[from]move: Sleep Talk\n|-damage|p1a: Ninetales|150/242\n|move|p1a: Ninetales|Encore||[still]\n|-fail|p1a: Ninetales\n|\n|-weather|none\n|upkeep\n|turn|40\n|\n|t:|1733873451\n|cant|p2a: Regigigas|slp\n|move|p2a: Regigigas|Sleep Talk|p2a: Regigigas\n|move|p2a: Regigigas|Body Slam|p1a: Ninetales|[from]move: Sleep Talk\n|-damage|p1a: Ninetales|65/242\n|move|p1a: Ninetales|Blizzard|p2a: Regigigas\n|-damage|p2a: Regigigas|253/322 slp\n|\n|-heal|p2a: Regigigas|273/322 slp|[from] item: Leftovers\n|upkeep\n|turn|41\n|-message|Atom Chicken forfeited.\n|\n|win|Saaskin\n|raw|Atom Chicken's rating: 1877 &rarr; <strong>1860</strong><br />(-17 for losing)\n|raw|Saaskin's rating: 1930 &rarr; <strong>1947</strong><br />(+17 for winning)\n|l|\u2606Atom Chicken\n|player|p1|\n", "inputlog": ">version bfd83cad13791eb5a5a409923076391caf6fb4d4\n>start {\"formatid\":\"gen9randombattle\",\"seed\":[23294,18161,9073,64862],\"rated\":\"Rated battle\"}\n>player p1 {\"name\":\"Atom Chicken\",\"avatar\":\"pokemonranger-gen4\",\"rating\":1877,\"seed\":[13160,40240,13905,8870]}\n>player p2 {\"name\":\"Saaskin\",\"avatar\":\"170\",\"rating\":1930,\"seed\":[19594,54365,2501,26416]}\n>p1 move aquastep\n>p2 move willowisp\n>p1 move aquastep\n>p2 switch 6\n>p1 move uturn\n>p2 move thunderwave\n>p1 switch 4\n>p1 move hydropump\n>p2 switch 5\n>p1 move uturn\n>p2 move thunderbolt\n>p1 switch 5\n>p1 move auroraveil\n>p2 switch 3\n>p1 switch 3\n>p2 move knockoff\n>p1 move hypervoice\n>p2 move encore\n>p1 move hypervoice\n>p2 move toxic\n>p1 move hypervoice\n>p2 move psychicnoise\n>p1 switch 2\n>p2 switch 5\n>p1 move facade\n>p2 move psychicnoise\n>p2 switch 2\n>p1 switch 4\n>p2 move protect\n>p1 move closecombat\n>p2 move wish\n>p1 move uturn\n>p2 move flipturn\n>p1 switch 2\n>p2 switch 5\n>p1 move hurricane\n>p2 move encore\n>p1 move hurricane\n>p2 move psychicnoise\n>p1 switch 4\n>p1 move facade\n>p2 move psychicnoise\n>p2 switch 6\n>p1 switch 2\n>p2 move flamethrower terastallize\n>p1 move aquastep\n>p2 switch 5\n>p1 move closecombat\n>p2 move flipturn\n>p2 switch 5\n>p1 move aquastep\n>p2 switch 5\n>p1 move closecombat\n>p2 move wish\n>p1 move closecombat\n>p2 move flipturn\n>p2 switch 5\n>p1 switch 6\n>p1 move thunderbolt\n>p2 switch 3\n>p1 switch 2\n>p2 move icebeam\n>p1 switch 3\n>p1 move auroraveil\n>p2 move thunderbolt\n>p1 switch 2\n>p2 move thunderbolt\n>p1 move nastyplot\n>p2 move thunderbolt\n>p1 move nastyplot\n>p2 move thunderbolt\n>p1 move shadowball\n>p2 move thunderbolt\n>p1 move shadowball\n>p2 move thunderbolt\n>p2 switch 5\n>p1 move shadowball\n>p2 move flipturn\n>p2 switch 4\n>p1 move thunderbolt\n>p2 move knockoff\n>p1 switch 2\n>p1 move auroraveil\n>p2 move rest\n>p1 move encore\n>p2 move sleeptalk\n>p1 move blizzard\n>p2 move rest\n>p1 move blizzard\n>p2 move rest\n>p1 move encore\n>p2 move sleeptalk\n>p1 move blizzard\n>p2 move sleeptalk\n>forcelose p1", "uploadtime": 1733873463, "views": 2, "formatid": "gen9randombattle", "rating": 1860, "private": 0, "password": null}