{"id": "gen9randombattle-2259962116", "format": "[Gen 9] Random Battle", "players": ["Jsox", "Caps17"], "log": "|j|\u2606Jsox\n|j|\u2606Caps17\n|t:|1733784761\n|gametype|singles\n|player|p1|Jsox|steven|1475\n|player|p2|Caps17|101|1494\n|teamsize|p1|6\n|teamsize|p2|6\n|gen|9\n|tier|[Gen 9] Random Battle\n|rated|\n|rule|Species Clause: Limit one of each Pok\u00e9mon\n|rule|HP Percentage Mod: HP is shown in percentages\n|rule|Sleep Clause Mod: Limit one foe put to sleep\n|rule|Illusion Level Mod: Illusion disguises the Pok\u00e9mon's true level\n|\n|t:|1733784761\n|start\n|switch|p1a: Dragalge|Dragalge, L88, F|258/258\n|switch|p2a: Slaking|Slaking, L84, M|389/389\n|turn|1\n|\n|t:|1733784782\n|switch|p2a: Zamazenta|Zamazenta-Crowned, L68|238/238\n|-ability|p2a: Zamazenta|Dauntless Shield|boost\n|-boost|p2a: Zamazenta|def|1\n|switch|p1a: Passimian|Passimian, L83, F|302/302\n|\n|upkeep\n|turn|2\n|\n|t:|1733784802\n|switch|p2a: Granbull|Granbull, L88, F|302/302\n|-ability|p2a: Granbull|Intimidate|boost\n|-unboost|p1a: Passimian|atk|1\n|-ability|p1a: Passimian|Defiant|boost\n|-boost|p1a: Passimian|atk|2\n|move|p1a: Passimian|Bulk Up|p1a: Passimian\n|-boost|p1a: Passimian|atk|1\n|-boost|p1a: Passimian|def|1\n|\n|upkeep\n|turn|3\n|\n|t:|1733784818\n|move|p1a: Passimian|Gunk Shot|p2a: Granbull\n|-supereffective|p2a: Granbull\n|-crit|p2a: Granbull\n|-damage|p2a: Granbull|0 fnt\n|faint|p2a: Granbull\n|\n|upkeep\n|\n|t:|1733784836\n|switch|p2a: Iron Crown|Iron Crown, L78|268/268\n|turn|4\n|\n|t:|1733784843\n|-terastallize|p1a: Passimian|Poison\n|move|p2a: Iron Crown|Psyshock|p1a: Passimian\n|-supereffective|p1a: Passimian\n|-damage|p1a: Passimian|114/302\n|move|p1a: Passimian|Knock Off|p2a: Iron Crown\n|-supereffective|p2a: Iron Crown\n|-damage|p2a: Iron Crown|0 fnt\n|-enditem|p2a: Iron Crown|Choice Specs|[from] move: Knock Off|[of] p1a: Passimian\n|faint|p2a: Iron Crown\n|-end|p2a: Iron Crown|Quark Drive|[silent]\n|\n|-heal|p1a: Passimian|132/302|[from] item: Leftovers\n|upkeep\n|\n|t:|1733784866\n|switch|p2a: Slaking|Slaking, L84, M|389/389\n|turn|5\n|\n|t:|1733784872\n|move|p2a: Slaking|Earthquake|p1a: Passimian\n|-supereffective|p1a: Passimian\n|-damage|p1a: Passimian|0 fnt\n|faint|p1a: Passimian\n|\n|upkeep\n|\n|t:|1733784878\n|switch|p1a: Glaceon|Glaceon, L94, M|275/275\n|turn|6\n|\n|t:|1733784884\n|switch|p2a: Zamazenta|Zamazenta-Crowned, L68|238/238\n|move|p1a: Glaceon|Mud Shot|p2a: Zamazenta\n|-supereffective|p2a: Zamazenta\n|-damage|p2a: Zamazenta|126/238\n|-unboost|p2a: Zamazenta|spe|1\n|\n|upkeep\n|turn|7\n|\n|t:|1733784903\n|move|p1a: Glaceon|Mud Shot|p2a: Zamazenta\n|-supereffective|p2a: Zamazenta\n|-damage|p2a: Zamazenta|18/238\n|-unboost|p2a: Zamazenta|spe|1\n|move|p2a: Zamazenta|Heavy Slam|p1a: Glaceon\n|-supereffective|p1a: Glaceon\n|-damage|p1a: Glaceon|131/275\n|\n|upkeep\n|turn|8\n|\n|t:|1733784910\n|move|p1a: Glaceon|Mud Shot|p2a: Zamazenta\n|-supereffective|p2a: Zamazenta\n|-damage|p2a: Zamazenta|0 fnt\n|faint|p2a: Zamazenta\n|\n|upkeep\n|\n|t:|1733784917\n|switch|p2a: Slaking|Slaking, L84, M|389/389\n|turn|9\n|\n|t:|1733784925\n|move|p1a: Glaceon|Protect|p1a: Glaceon\n|-singleturn|p1a: Glaceon|Protect\n|move|p2a: Slaking|Giga Impact|p1a: Glaceon\n|-activate|p1a: Glaceon|move: Protect\n|\n|upkeep\n|turn|10\n|\n|t:|1733784931\n|switch|p2a: Mamoswine|Mamoswine, L81, M|311/311\n|move|p1a: Glaceon|Mud Shot|p2a: Mamoswine\n|-damage|p2a: Mamoswine|232/311\n|-unboost|p2a: Mamoswine|spe|1\n|\n|upkeep\n|turn|11\n|\n|t:|1733784939\n|move|p1a: Glaceon|Mud Shot|p2a: Mamoswine\n|-damage|p2a: Mamoswine|151/311\n|-unboost|p2a: Mamoswine|spe|1\n|move|p2a: Mamoswine|Earthquake|p1a: Glaceon\n|-damage|p1a: Glaceon|9/275\n|-damage|p2a: Mamoswine|120/311|[from] item: Life Orb\n|\n|upkeep\n|turn|12\n|\n|t:|1733784943\n|move|p2a: Mamoswine|Ice Shard|p1a: Glaceon\n|-resisted|p1a: Glaceon\n|-damage|p1a: Glaceon|0 fnt\n|faint|p1a: Glaceon\n|-damage|p2a: Mamoswine|89/311|[from] item: Life Orb\n|\n|upkeep\n|\n|t:|1733784951\n|switch|p1a: Metagross|Metagross, L79|256/256\n|turn|13\n|\n|t:|1733784958\n|move|p1a: Metagross|Agility|p1a: Metagross\n|-boost|p1a: Metagross|spe|2\n|move|p2a: Mamoswine|Earthquake|p1a: Metagross\n|-supereffective|p1a: Metagross\n|-damage|p1a: Metagross|4/256\n|-enditem|p1a: Metagross|Weakness Policy\n|-boost|p1a: Metagross|atk|2|[from] item: Weakness Policy\n|-boost|p1a: Metagross|spa|2|[from] item: Weakness Policy\n|-damage|p2a: Mamoswine|58/311|[from] item: Life Orb\n|\n|upkeep\n|turn|14\n|\n|t:|1733784968\n|move|p2a: Mamoswine|Ice Shard|p1a: Metagross\n|-resisted|p1a: Metagross\n|-damage|p1a: Metagross|0 fnt\n|faint|p1a: Metagross\n|-damage|p2a: Mamoswine|27/311|[from] item: Life Orb\n|\n|upkeep\n|\n|t:|1733784972\n|switch|p1a: Dudunsparce|Dudunsparce-Three-Segment, L83, F|343/343\n|turn|15\n|\n|t:|1733784978\n|move|p2a: Mamoswine|Ice Shard|p1a: Dudunsparce\n|-damage|p1a: Dudunsparce|275/343\n|-damage|p2a: Mamoswine|0 fnt|[from] item: Life Orb\n|faint|p2a: Mamoswine\n|move|p1a: Dudunsparce|Calm Mind|p1a: Dudunsparce\n|-boost|p1a: Dudunsparce|spa|1\n|-boost|p1a: Dudunsparce|spd|1\n|\n|-heal|p1a: Dudunsparce|296/343|[from] item: Leftovers\n|upkeep\n|\n|t:|1733784995\n|switch|p2a: Slaking|Slaking, L84, M|389/389\n|turn|16\n|\n|t:|1733785002\n|move|p2a: Slaking|Giga Impact|p1a: Dudunsparce\n|-damage|p1a: Dudunsparce|0 fnt\n|-mustrecharge|p2a: Slaking\n|faint|p1a: Dudunsparce\n|\n|upkeep\n|\n|t:|1733785006\n|switch|p1a: Dragalge|Dragalge, L88, F|258/258\n|turn|17\n|\n|t:|1733785009\n|cant|p2a: Slaking|recharge\n|move|p1a: Dragalge|Sludge Wave|p2a: Slaking\n|-damage|p2a: Slaking|105/389\n|\n|upkeep\n|turn|18\n|\n|t:|1733785017\n|move|p2a: Slaking|Giga Impact|p1a: Dragalge\n|-damage|p1a: Dragalge|0 fnt\n|-mustrecharge|p2a: Slaking\n|faint|p1a: Dragalge\n|\n|upkeep\n|\n|t:|1733785019\n|switch|p1a: Delphox|Delphox, L84, M|263/263\n|turn|19\n|\n|t:|1733785025\n|move|p1a: Delphox|Fire Blast|p2a: Slaking\n|-damage|p2a: Slaking|0 fnt\n|faint|p2a: Slaking\n|\n|upkeep\n|\n|t:|1733785030\n|switch|p2a: Arceus|Arceus-Dragon, L71|288/288\n|turn|20\n|\n|t:|1733785050\n|-terastallize|p2a: Arceus|Fire\n|move|p1a: Delphox|Nasty Plot|p1a: Delphox\n|-boost|p1a: Delphox|spa|2\n|move|p2a: Arceus|Dragon Dance|p2a: Arceus\n|-boost|p2a: Arceus|atk|1\n|-boost|p2a: Arceus|spe|1\n|\n|upkeep\n|turn|21\n|\n|t:|1733785062\n|move|p2a: Arceus|Outrage|p1a: Delphox\n|-damage|p1a: Delphox|31/263\n|move|p1a: Delphox|Nasty Plot|p1a: Delphox\n|-boost|p1a: Delphox|spa|2\n|\n|upkeep\n|turn|22\n|\n|t:|1733785065\n|move|p2a: Arceus|Outrage|p1a: Delphox|[from]lockedmove\n|-damage|p1a: Delphox|0 fnt\n|faint|p1a: Delphox\n|\n|win|Caps17\n|raw|Jsox's rating: 1454 &rarr; <strong>1436</strong><br />(-18 for losing)\n|raw|Caps17's rating: 1494 &rarr; <strong>1512</strong><br />(+18 for winning)\n|l|\u2606Jsox\n|player|p1|\n", "inputlog": ">version bfd83cad13791eb5a5a409923076391caf6fb4d4\n>start {\"formatid\":\"gen9randombattle\",\"seed\":[7384,616,5650,62507],\"rated\":\"Rated battle\"}\n>player p1 {\"name\":\"Jsox\",\"avatar\":\"steven\",\"rating\":1475,\"seed\":[10004,53005,3261,61505]}\n>player p2 {\"name\":\"Caps17\",\"avatar\":\"101\",\"rating\":1494,\"seed\":[8127,32157,11548,26371]}\n>p1 switch 5\n>p2 switch 2\n>p1 move bulkup\n>p2 switch 6\n>p1 move gunkshot\n>p2 move thunderwave\n>p2 switch 4\n>p1 move knockoff terastallize\n>p2 move psyshock\n>p2 switch 2\n>p1 move drainpunch\n>p2 move earthquake\n>p1 switch 6\n>p1 move mudshot\n>p2 switch 6\n>p1 move mudshot\n>p2 move heavyslam\n>p1 move mudshot\n>p2 move bodypress\n>p2 switch 6\n>p1 move protect\n>p2 move gigaimpact\n>p1 move mudshot\n>p2 switch 3\n>p1 move mudshot\n>p2 move earthquake\n>p1 move wish\n>p2 move iceshard\n>p1 switch 2\n>p1 move agility\n>p2 move earthquake\n>p1 move psychicfangs\n>p2 move iceshard\n>p1 switch 3\n>p1 move calmmind\n>p2 move iceshard\n>p2 switch 3\n>p1 move boomburst\n>p2 move gigaimpact\n>p1 switch 5\n>p1 move sludgewave\n>p2 move recharge\n>p1 move sludgewave\n>p2 move gigaimpact\n>p1 switch 4\n>p1 move fireblast\n>p2 move recharge\n>p2 switch 5\n>p1 move nastyplot\n>p2 move dragondance terastallize\n>p1 move nastyplot\n>p2 move outrage\n>p1 move psyshock\n>p2 move outrage", "uploadtime": 1733785087, "views": 1, "formatid": "gen9randombattle", "rating": 1436, "private": 0, "password": null}