{"id": "gen9randombattle-2116386125", "format": "[Gen 9] Random Battle", "players": ["Aqua", "moongo"], "log": "|badge|p1|bronze|gen9randombattle|100-1\n|uhtml|medal-msg|<div class=\"broadcast-blue\">Curious what those medals under the avatar are? PS now has Ladder Seasons! For more information, check out the <a href=\"https://www.smogon.com/forums/threads/3740067/\">thread on Smogon.</a></div>\n|j|\u2606Aqua\n|j|\u2606moongo\n|t:|1714671127\n|gametype|singles\n|player|p1|Aqua|#rbtt6teamlatias|2367\n|player|p2|moongo|pokemonranger|2238\n|teamsize|p1|6\n|teamsize|p2|6\n|gen|9\n|tier|[Gen 9] Random Battle\n|rated|\n|rule|Species Clause: Limit one of each Pok\u00e9mon\n|rule|HP Percentage Mod: HP is shown in percentages\n|rule|Sleep Clause Mod: Limit one foe put to sleep\n|rule|Illusion Level Mod: Illusion disguises the Pok\u00e9mon's true level\n|\n|t:|1714671127\n|start\n|switch|p1a: Appletun|Appletun, L92, M|352/352\n|switch|p2a: Tornadus|Tornadus, L82, M|263/263\n|turn|1\n|\n|t:|1714671143\n|switch|p1a: Zapdos|Zapdos, L78|268/268\n|move|p2a: Tornadus|Bleakwind Storm|p1a: Zapdos\n|-resisted|p1a: Zapdos\n|-damage|p1a: Zapdos|168/268\n|-unboost|p1a: Zapdos|spe|1\n|\n|upkeep\n|turn|2\n|j| teres bahji\n|j| Loudthump\n|\n|t:|1714671156\n|switch|p2a: Golem|Golem-Alola, L93, M|300/300\n|move|p1a: Zapdos|Roost|p1a: Zapdos\n|-heal|p1a: Zapdos|268/268\n|-singleturn|p1a: Zapdos|move: Roost\n|\n|upkeep\n|turn|3\n|\n|t:|1714671168\n|switch|p1a: Scrafty|Scrafty, L84, M|246/246\n|move|p2a: Golem|Stone Edge|p1a: Scrafty\n|-resisted|p1a: Scrafty\n|-damage|p1a: Scrafty|171/246\n|-damage|p2a: Golem|270/300|[from] item: Life Orb\n|\n|-heal|p1a: Scrafty|186/246|[from] item: Leftovers\n|upkeep\n|turn|4\n|\n|t:|1714671181\n|switch|p2a: Fezandipiti|Fezandipiti, L82, M|278/278\n|move|p1a: Scrafty|Knock Off|p2a: Fezandipiti\n|-resisted|p2a: Fezandipiti\n|-damage|p2a: Fezandipiti|222/278\n|-enditem|p2a: Fezandipiti|Life Orb|[from] move: Knock Off|[of] p1a: Scrafty\n|\n|-heal|p1a: Scrafty|201/246|[from] item: Leftovers\n|upkeep\n|turn|5\n|\n|t:|1714671194\n|switch|p1a: Zapdos|Zapdos, L78|268/268\n|move|p2a: Fezandipiti|Play Rough|p1a: Zapdos\n|-damage|p1a: Zapdos|175/268\n|\n|upkeep\n|turn|6\n|\n|t:|1714671206\n|move|p2a: Fezandipiti|Gunk Shot|p1a: Zapdos\n|-damage|p1a: Zapdos|55/268\n|-status|p1a: Zapdos|tox|[from] ability: Toxic Chain|[of] p2a: Fezandipiti\n|move|p1a: Zapdos|Roost|p1a: Zapdos\n|-heal|p1a: Zapdos|189/268 tox\n|-singleturn|p1a: Zapdos|move: Roost\n|\n|-damage|p1a: Zapdos|173/268 tox|[from] psn\n|upkeep\n|turn|7\n|\n|t:|1714671217\n|switch|p1a: Tyranitar|Tyranitar, L79, F|288/288\n|-weather|Sandstorm|[from] ability: Sand Stream|[of] p1a: Tyranitar\n|move|p2a: Fezandipiti|Gunk Shot|p1a: Tyranitar|[miss]\n|-miss|p2a: Fezandipiti|p1a: Tyranitar\n|\n|-weather|Sandstorm|[upkeep]\n|-damage|p2a: Fezandipiti|205/278|[from] Sandstorm\n|upkeep\n|turn|8\n|\n|t:|1714671227\n|switch|p2a: Houndstone|Houndstone, L86, M|264/264\n|move|p1a: Tyranitar|Earthquake|p2a: Houndstone\n|-damage|p2a: Houndstone|188/264\n|\n|-weather|Sandstorm|[upkeep]\n|-damage|p2a: Houndstone|172/264|[from] Sandstorm\n|-heal|p2a: Houndstone|188/264|[from] item: Leftovers\n|upkeep\n|turn|9\n|\n|t:|1714671246\n|switch|p1a: Appletun|Appletun, L92, M|352/352\n|move|p2a: Houndstone|Body Press|p1a: Appletun\n|-crit|p1a: Appletun\n|-damage|p1a: Appletun|258/352\n|\n|-weather|Sandstorm|[upkeep]\n|-damage|p2a: Houndstone|172/264|[from] Sandstorm\n|-damage|p1a: Appletun|236/352|[from] Sandstorm\n|-heal|p2a: Houndstone|188/264|[from] item: Leftovers\n|-heal|p1a: Appletun|258/352|[from] item: Leftovers\n|upkeep\n|turn|10\n|\n|t:|1714671258\n|switch|p2a: Fezandipiti|Fezandipiti, L82, M|205/278\n|move|p1a: Appletun|Leech Seed|p2a: Fezandipiti\n|-start|p2a: Fezandipiti|move: Leech Seed\n|\n|-weather|Sandstorm|[upkeep]\n|-damage|p2a: Fezandipiti|188/278|[from] Sandstorm\n|-damage|p1a: Appletun|236/352|[from] Sandstorm\n|-heal|p1a: Appletun|258/352|[from] item: Leftovers\n|-damage|p2a: Fezandipiti|154/278|[from] Leech Seed|[of] p1a: Appletun\n|-heal|p1a: Appletun|292/352|[silent]\n|upkeep\n|turn|11\n|\n|t:|1714671272\n|switch|p1a: Flareon|Flareon, L90, M|263/263\n|move|p2a: Fezandipiti|Play Rough|p1a: Flareon|[miss]\n|-miss|p2a: Fezandipiti|p1a: Flareon\n|\n|-weather|none\n|-damage|p2a: Fezandipiti|120/278|[from] Leech Seed|[of] p1a: Flareon\n|-status|p1a: Flareon|tox|[from] item: Toxic Orb\n|upkeep\n|turn|12\n|\n|t:|1714671294\n|switch|p2a: Golem|Golem-Alola, L93, M|270/300\n|move|p1a: Flareon|Flare Blitz|p2a: Golem\n|-resisted|p2a: Golem\n|-damage|p2a: Golem|178/300\n|-damage|p1a: Flareon|233/263 tox|[from] Recoil\n|\n|-damage|p1a: Flareon|217/263 tox|[from] psn\n|upkeep\n|turn|13\n|\n|t:|1714671305\n|switch|p1a: Scrafty|Scrafty, L84, M|201/246\n|move|p2a: Golem|Earthquake|p1a: Scrafty\n|-damage|p1a: Scrafty|83/246\n|-damage|p2a: Golem|148/300|[from] item: Life Orb\n|\n|-heal|p1a: Scrafty|98/246|[from] item: Leftovers\n|upkeep\n|turn|14\n|\n|t:|1714671318\n|switch|p2a: Tornadus|Tornadus, L82, M|263/263\n|move|p1a: Scrafty|Rest|p1a: Scrafty\n|-status|p1a: Scrafty|slp|[from] move: Rest\n|-heal|p1a: Scrafty|246/246 slp|[silent]\n|\n|upkeep\n|turn|15\n|\n|t:|1714671340\n|switch|p1a: Zapdos|Zapdos, L78|173/268 tox\n|move|p2a: Tornadus|Focus Blast|p1a: Zapdos|[miss]\n|-miss|p2a: Tornadus|p1a: Zapdos\n|\n|-damage|p1a: Zapdos|157/268 tox|[from] psn\n|upkeep\n|turn|16\n|\n|t:|1714671354\n|switch|p2a: Golem|Golem-Alola, L93, M|148/300\n|switch|p1a: Brambleghast|Brambleghast, L88, F|240/240\n|\n|upkeep\n|turn|17\n|\n|t:|1714671384\n|switch|p2a: Fezandipiti|Fezandipiti, L82, M|120/278\n|move|p1a: Brambleghast|Substitute|p1a: Brambleghast\n|-start|p1a: Brambleghast|Substitute\n|-damage|p1a: Brambleghast|180/240\n|\n|-heal|p1a: Brambleghast|195/240|[from] item: Leftovers\n|upkeep\n|turn|18\n|\n|t:|1714671389\n|move|p2a: Fezandipiti|Play Rough|p1a: Brambleghast|[miss]\n|-miss|p2a: Fezandipiti|p1a: Brambleghast\n|move|p1a: Brambleghast|Leech Seed|p2a: Fezandipiti|[miss]\n|-miss|p1a: Brambleghast|p2a: Fezandipiti\n|\n|-heal|p1a: Brambleghast|210/240|[from] item: Leftovers\n|upkeep\n|turn|19\n|\n|t:|1714671395\n|move|p2a: Fezandipiti|Play Rough|p1a: Brambleghast\n|-end|p1a: Brambleghast|Substitute\n|move|p1a: Brambleghast|Power Whip|p2a: Fezandipiti\n|-resisted|p2a: Fezandipiti\n|-damage|p2a: Fezandipiti|33/278\n|\n|-heal|p1a: Brambleghast|225/240|[from] item: Leftovers\n|upkeep\n|turn|20\n|\n|t:|1714671413\n|switch|p1a: Flareon|Flareon, L90, M|217/263 tox\n|move|p2a: Fezandipiti|Gunk Shot|p1a: Flareon\n|-damage|p1a: Flareon|79/263 tox\n|\n|-damage|p1a: Flareon|63/263 tox|[from] psn\n|upkeep\n|turn|21\n|\n|t:|1714671425\n|switch|p2a: Houndstone|Houndstone, L86, M|188/264\n|move|p1a: Flareon|Trailblaze|p2a: Houndstone\n|-damage|p2a: Houndstone|157/264\n|-boost|p1a: Flareon|spe|1\n|\n|-heal|p2a: Houndstone|173/264|[from] item: Leftovers\n|-damage|p1a: Flareon|31/263 tox|[from] psn\n|upkeep\n|turn|22\n|\n|t:|1714671439\n|switch|p1a: Appletun|Appletun, L92, M|292/352\n|switch|p2a: Fezandipiti|Fezandipiti, L82, M|33/278\n|\n|-heal|p1a: Appletun|314/352|[from] item: Leftovers\n|upkeep\n|turn|23\n|\n|t:|1714671447\n|-terastallize|p1a: Appletun|Steel\n|move|p2a: Fezandipiti|Gunk Shot|p1a: Appletun\n|-immune|p1a: Appletun\n|move|p1a: Appletun|Leech Seed|p2a: Fezandipiti\n|-start|p2a: Fezandipiti|move: Leech Seed\n|\n|-heal|p1a: Appletun|336/352|[from] item: Leftovers\n|-damage|p2a: Fezandipiti|0 fnt|[from] Leech Seed|[of] p1a: Appletun\n|-heal|p1a: Appletun|352/352|[silent]\n|faint|p2a: Fezandipiti\n|upkeep\n|\n|t:|1714671495\n|switch|p2a: Bellossom|Bellossom, L84, M|263/263\n|turn|24\n|\n|t:|1714671504\n|move|p2a: Bellossom|Sleep Powder|p1a: Appletun\n|-status|p1a: Appletun|slp|[from] move: Sleep Powder\n|cant|p1a: Appletun|slp\n|\n|upkeep\n|turn|25\n|\n|t:|1714671529\n|switch|p1a: Tyranitar|Tyranitar, L79, F|288/288\n|-weather|Sandstorm|[from] ability: Sand Stream|[of] p1a: Tyranitar\n|move|p2a: Bellossom|Quiver Dance|p2a: Bellossom\n|-boost|p2a: Bellossom|spa|1\n|-boost|p2a: Bellossom|spd|1\n|-boost|p2a: Bellossom|spe|1\n|\n|-weather|Sandstorm|[upkeep]\n|-damage|p2a: Bellossom|247/263|[from] Sandstorm\n|-heal|p2a: Bellossom|263/263|[from] item: Leftovers\n|upkeep\n|turn|26\n|\n|t:|1714671542\n|move|p2a: Bellossom|Giga Drain|p1a: Tyranitar\n|-supereffective|p1a: Tyranitar\n|-damage|p1a: Tyranitar|142/288\n|move|p1a: Tyranitar|Dragon Dance|p1a: Tyranitar\n|-boost|p1a: Tyranitar|atk|1\n|-boost|p1a: Tyranitar|spe|1\n|\n|-weather|Sandstorm|[upkeep]\n|-damage|p2a: Bellossom|247/263|[from] Sandstorm\n|-heal|p1a: Tyranitar|160/288|[from] item: Leftovers\n|-heal|p2a: Bellossom|263/263|[from] item: Leftovers\n|upkeep\n|turn|27\n|\n|t:|1714671547\n|move|p1a: Tyranitar|Dragon Dance|p1a: Tyranitar\n|-boost|p1a: Tyranitar|atk|1\n|-boost|p1a: Tyranitar|spe|1\n|move|p2a: Bellossom|Strength Sap|p1a: Tyranitar\n|-unboost|p1a: Tyranitar|atk|1\n|\n|-weather|Sandstorm|[upkeep]\n|-damage|p2a: Bellossom|247/263|[from] Sandstorm\n|-heal|p1a: Tyranitar|178/288|[from] item: Leftovers\n|-heal|p2a: Bellossom|263/263|[from] item: Leftovers\n|upkeep\n|turn|28\n|\n|t:|1714671557\n|move|p1a: Tyranitar|Dragon Dance|p1a: Tyranitar\n|-boost|p1a: Tyranitar|atk|1\n|-boost|p1a: Tyranitar|spe|1\n|move|p2a: Bellossom|Strength Sap|p1a: Tyranitar\n|-unboost|p1a: Tyranitar|atk|1\n|\n|-weather|Sandstorm|[upkeep]\n|-damage|p2a: Bellossom|247/263|[from] Sandstorm\n|-heal|p1a: Tyranitar|196/288|[from] item: Leftovers\n|-heal|p2a: Bellossom|263/263|[from] item: Leftovers\n|upkeep\n|turn|29\n|\n|t:|1714671561\n|move|p1a: Tyranitar|Dragon Dance|p1a: Tyranitar\n|-boost|p1a: Tyranitar|atk|1\n|-boost|p1a: Tyranitar|spe|1\n|move|p2a: Bellossom|Giga Drain|p1a: Tyranitar\n|-supereffective|p1a: Tyranitar\n|-damage|p1a: Tyranitar|50/288\n|\n|-weather|none\n|-heal|p1a: Tyranitar|68/288|[from] item: Leftovers\n|upkeep\n|turn|30\n|\n|t:|1714671567\n|move|p1a: Tyranitar|Knock Off|p2a: Bellossom\n|-damage|p2a: Bellossom|26/263\n|-enditem|p2a: Bellossom|Leftovers|[from] move: Knock Off|[of] p1a: Tyranitar\n|move|p2a: Bellossom|Giga Drain|p1a: Tyranitar\n|-supereffective|p1a: Tyranitar\n|-damage|p1a: Tyranitar|0 fnt\n|-heal|p2a: Bellossom|60/263|[from] drain|[of] p1a: Tyranitar\n|faint|p1a: Tyranitar\n|\n|upkeep\n|\n|t:|1714671604\n|switch|p1a: Zapdos|Zapdos, L78|157/268 tox\n|turn|31\n|\n|t:|1714671612\n|switch|p2a: Golem|Golem-Alola, L93, M|148/300\n|move|p1a: Zapdos|Hurricane|p2a: Golem\n|-resisted|p2a: Golem\n|-damage|p2a: Golem|111/300\n|\n|-damage|p1a: Zapdos|141/268 tox|[from] psn\n|upkeep\n|turn|32\n|\n|t:|1714671636\n|switch|p1a: Scrafty|Scrafty, L84, M|246/246 slp\n|move|p2a: Golem|Earthquake|p1a: Scrafty\n|-damage|p1a: Scrafty|142/246 slp\n|-damage|p2a: Golem|81/300|[from] item: Life Orb\n|\n|-heal|p1a: Scrafty|157/246 slp|[from] item: Leftovers\n|upkeep\n|turn|33\n|\n|t:|1714671654\n|switch|p1a: Brambleghast|Brambleghast, L88, F|225/240\n|move|p2a: Golem|Double-Edge|p1a: Brambleghast\n|-resisted|p1a: Brambleghast\n|-damage|p1a: Brambleghast|50/240\n|-damage|p2a: Golem|23/300|[from] Recoil\n|-damage|p2a: Golem|0 fnt|[from] item: Life Orb\n|faint|p2a: Golem\n|\n|-heal|p1a: Brambleghast|65/240|[from] item: Leftovers\n|upkeep\n|\n|t:|1714671668\n|switch|p2a: Houndstone|Houndstone, L86, M|173/264\n|turn|34\n|\n|t:|1714671672\n|switch|p1a: Scrafty|Scrafty, L84, M|157/246 slp\n|move|p2a: Houndstone|Poltergeist|p1a: Scrafty\n|-activate|p1a: Scrafty|move: Poltergeist|Leftovers\n|-resisted|p1a: Scrafty\n|-damage|p1a: Scrafty|103/246 slp\n|\n|-heal|p2a: Houndstone|189/264|[from] item: Leftovers\n|-heal|p1a: Scrafty|118/246 slp|[from] item: Leftovers\n|upkeep\n|turn|35\n|\n|t:|1714671683\n|switch|p1a: Zapdos|Zapdos, L78|141/268 tox\n|move|p2a: Houndstone|Body Press|p1a: Zapdos\n|-resisted|p1a: Zapdos\n|-damage|p1a: Zapdos|105/268 tox\n|\n|-heal|p2a: Houndstone|205/264|[from] item: Leftovers\n|-damage|p1a: Zapdos|89/268 tox|[from] psn\n|upkeep\n|turn|36\n|\n|t:|1714671705\n|switch|p1a: Flareon|Flareon, L90, M|31/263 tox\n|move|p2a: Houndstone|Poltergeist|p1a: Flareon|[miss]\n|-miss|p2a: Houndstone|p1a: Flareon\n|\n|-heal|p2a: Houndstone|221/264|[from] item: Leftovers\n|-damage|p1a: Flareon|15/263 tox|[from] psn\n|upkeep\n|turn|37\n|\n|t:|1714671724\n|switch|p2a: Tornadus|Tornadus, L82, M|263/263\n|move|p1a: Flareon|Flare Blitz|p2a: Tornadus\n|-damage|p2a: Tornadus|0 fnt\n|faint|p2a: Tornadus\n|-damage|p1a: Flareon|0 fnt|[from] Recoil\n|faint|p1a: Flareon\n|\n|upkeep\n|\n|t:|1714671746\n|switch|p2a: Houndstone|Houndstone, L86, M|221/264\n|switch|p1a: Brambleghast|Brambleghast, L88, F|65/240\n|turn|38\n|\n|t:|1714671752\n|move|p1a: Brambleghast|Poltergeist|p2a: Houndstone\n|-activate|p2a: Houndstone|move: Poltergeist|Leftovers\n|-supereffective|p2a: Houndstone\n|-damage|p2a: Houndstone|0 fnt\n|faint|p2a: Houndstone\n|\n|-heal|p1a: Brambleghast|80/240|[from] item: Leftovers\n|upkeep\n|\n|t:|1714671758\n|switch|p2a: Magearna|Magearna, L77|250/250\n|turn|39\n|\n|t:|1714671766\n|move|p1a: Brambleghast|Leech Seed|p2a: Magearna\n|-start|p2a: Magearna|move: Leech Seed\n|move|p2a: Magearna|Flash Cannon|p1a: Brambleghast\n|-damage|p1a: Brambleghast|0 fnt\n|faint|p1a: Brambleghast\n|-ability|p2a: Magearna|Soul-Heart|boost\n|-boost|p2a: Magearna|spa|1\n|\n|upkeep\n|\n|t:|1714671784\n|switch|p1a: Appletun|Appletun, L92, M, tera:Steel|352/352 slp\n|turn|40\n|\n|t:|1714671789\n|switch|p1a: Zapdos|Zapdos, L78|89/268 tox\n|move|p2a: Magearna|Aura Sphere|p1a: Zapdos\n|-resisted|p1a: Zapdos\n|-damage|p1a: Zapdos|40/268 tox\n|\n|-damage|p2a: Magearna|219/250|[from] Leech Seed|[of] p1a: Zapdos\n|-heal|p1a: Zapdos|71/268 tox|[silent]\n|-damage|p1a: Zapdos|55/268 tox|[from] psn\n|upkeep\n|turn|41\n|\n|t:|1714671823\n|move|p1a: Zapdos|Roost|p1a: Zapdos\n|-heal|p1a: Zapdos|189/268 tox\n|-singleturn|p1a: Zapdos|move: Roost\n|move|p2a: Magearna|Aura Sphere|p1a: Zapdos\n|-damage|p1a: Zapdos|98/268 tox\n|\n|-heal|p2a: Magearna|234/250|[from] item: Leftovers\n|-damage|p2a: Magearna|203/250|[from] Leech Seed|[of] p1a: Zapdos\n|-heal|p1a: Zapdos|129/268 tox|[silent]\n|-damage|p1a: Zapdos|97/268 tox|[from] psn\n|upkeep\n|turn|42\n|\n|t:|1714671835\n|switch|p1a: Appletun|Appletun, L92, M, tera:Steel|352/352 slp\n|move|p2a: Magearna|Fleur Cannon|p1a: Appletun\n|-resisted|p1a: Appletun\n|-damage|p1a: Appletun|247/352 slp\n|-unboost|p2a: Magearna|spa|2\n|\n|-heal|p2a: Magearna|218/250|[from] item: Leftovers\n|-heal|p1a: Appletun|269/352 slp|[from] item: Leftovers\n|-damage|p2a: Magearna|187/250|[from] Leech Seed|[of] p1a: Appletun\n|-heal|p1a: Appletun|300/352 slp|[silent]\n|upkeep\n|turn|43\n|\n|t:|1714671841\n|switch|p2a: Bellossom|Bellossom, L84, M|60/263\n|switch|p1a: Zapdos|Zapdos, L78|97/268 tox\n|\n|-damage|p1a: Zapdos|81/268 tox|[from] psn\n|upkeep\n|turn|44\n|\n|t:|1714671850\n|move|p1a: Zapdos|Heat Wave|p2a: Bellossom|[miss]\n|-miss|p1a: Zapdos|p2a: Bellossom\n|move|p2a: Bellossom|Strength Sap|p1a: Zapdos\n|-unboost|p1a: Zapdos|atk|1\n|-heal|p2a: Bellossom|205/263\n|\n|-damage|p1a: Zapdos|49/268 tox|[from] psn\n|upkeep\n|turn|45\n|c|\u2606Aqua|lol\n|c|\u2606Aqua|alright\n|c|\u2606moongo|fair enough\n|\n|t:|1714671868\n|switch|p2a: Magearna|Magearna, L77|187/250\n|move|p1a: Zapdos|Hurricane|p2a: Magearna\n|-resisted|p2a: Magearna\n|-damage|p2a: Magearna|132/250\n|-start|p2a: Magearna|confusion\n|\n|-heal|p2a: Magearna|147/250|[from] item: Leftovers\n|-damage|p1a: Zapdos|1/268 tox|[from] psn\n|upkeep\n|turn|46\n|\n|t:|1714671893\n|move|p1a: Zapdos|Roost|p1a: Zapdos\n|-heal|p1a: Zapdos|135/268 tox\n|-singleturn|p1a: Zapdos|move: Roost\n|-activate|p2a: Magearna|confusion\n|move|p2a: Magearna|Fleur Cannon|p1a: Zapdos\n|-damage|p1a: Zapdos|0 fnt\n|-unboost|p2a: Magearna|spa|2\n|faint|p1a: Zapdos\n|-ability|p2a: Magearna|Soul-Heart|boost\n|-boost|p2a: Magearna|spa|1\n|\n|-heal|p2a: Magearna|162/250|[from] item: Leftovers\n|upkeep\n|\n|t:|1714671904\n|switch|p1a: Appletun|Appletun, L92, M, tera:Steel|300/352 slp\n|turn|47\n|\n|t:|1714671911\n|switch|p2a: Bellossom|Bellossom, L84, M|205/263\n|-curestatus|p1a: Appletun|slp|[msg]\n|move|p1a: Appletun|Apple Acid|p2a: Bellossom\n|-resisted|p2a: Bellossom\n|-damage|p2a: Bellossom|162/263\n|-unboost|p2a: Bellossom|spd|1\n|\n|-heal|p1a: Appletun|322/352|[from] item: Leftovers\n|upkeep\n|turn|48\n|\n|t:|1714671922\n|move|p2a: Bellossom|Quiver Dance|p2a: Bellossom\n|-boost|p2a: Bellossom|spa|1\n|-boost|p2a: Bellossom|spd|1\n|-boost|p2a: Bellossom|spe|1\n|move|p1a: Appletun|Apple Acid|p2a: Bellossom\n|-resisted|p2a: Bellossom\n|-damage|p2a: Bellossom|114/263\n|-unboost|p2a: Bellossom|spd|1\n|\n|-heal|p1a: Appletun|344/352|[from] item: Leftovers\n|upkeep\n|turn|49\n|\n|t:|1714671925\n|move|p2a: Bellossom|Sleep Powder|p1a: Appletun\n|-status|p1a: Appletun|slp|[from] move: Sleep Powder\n|cant|p1a: Appletun|slp\n|\n|-heal|p1a: Appletun|352/352 slp|[from] item: Leftovers\n|upkeep\n|turn|50\n|\n|t:|1714671930\n|move|p2a: Bellossom|Quiver Dance|p2a: Bellossom\n|-boost|p2a: Bellossom|spa|1\n|-boost|p2a: Bellossom|spd|1\n|-boost|p2a: Bellossom|spe|1\n|cant|p1a: Appletun|slp\n|\n|upkeep\n|turn|51\n|\n|t:|1714671936\n|move|p2a: Bellossom|Giga Drain|p1a: Appletun\n|-resisted|p1a: Appletun\n|-damage|p1a: Appletun|285/352 slp\n|-heal|p2a: Bellossom|148/263|[from] drain|[of] p1a: Appletun\n|-curestatus|p1a: Appletun|slp|[msg]\n|move|p1a: Appletun|Apple Acid|p2a: Bellossom\n|-resisted|p2a: Bellossom\n|-crit|p2a: Bellossom\n|-damage|p2a: Bellossom|83/263\n|-unboost|p2a: Bellossom|spd|1\n|\n|-heal|p1a: Appletun|307/352|[from] item: Leftovers\n|upkeep\n|turn|52\n|\n|t:|1714671943\n|move|p2a: Bellossom|Sleep Powder|p1a: Appletun\n|-status|p1a: Appletun|slp|[from] move: Sleep Powder\n|cant|p1a: Appletun|slp\n|\n|-heal|p1a: Appletun|329/352 slp|[from] item: Leftovers\n|upkeep\n|turn|53\n|\n|t:|1714671947\n|move|p2a: Bellossom|Quiver Dance|p2a: Bellossom\n|-boost|p2a: Bellossom|spa|1\n|-boost|p2a: Bellossom|spd|1\n|-boost|p2a: Bellossom|spe|1\n|-curestatus|p1a: Appletun|slp|[msg]\n|move|p1a: Appletun|Apple Acid|p2a: Bellossom\n|-resisted|p2a: Bellossom\n|-crit|p2a: Bellossom\n|-damage|p2a: Bellossom|11/263\n|-unboost|p2a: Bellossom|spd|1\n|\n|-heal|p1a: Appletun|351/352|[from] item: Leftovers\n|upkeep\n|turn|54\n|\n|t:|1714671951\n|move|p2a: Bellossom|Strength Sap|p1a: Appletun\n|-unboost|p1a: Appletun|atk|1\n|-heal|p2a: Bellossom|172/263\n|move|p1a: Appletun|Draco Meteor|p2a: Bellossom\n|-crit|p2a: Bellossom\n|-damage|p2a: Bellossom|0 fnt\n|-unboost|p1a: Appletun|spa|2\n|faint|p2a: Bellossom\n|\n|-heal|p1a: Appletun|352/352|[from] item: Leftovers\n|upkeep\n|\n|t:|1714671956\n|switch|p2a: Magearna|Magearna, L77|162/250\n|turn|55\n|\n|t:|1714671960\n|move|p2a: Magearna|Aura Sphere|p1a: Appletun\n|-supereffective|p1a: Appletun\n|-damage|p1a: Appletun|230/352\n|move|p1a: Appletun|Leech Seed|p2a: Magearna\n|-start|p2a: Magearna|move: Leech Seed\n|\n|-heal|p2a: Magearna|177/250|[from] item: Leftovers\n|-heal|p1a: Appletun|252/352|[from] item: Leftovers\n|-damage|p2a: Magearna|146/250|[from] Leech Seed|[of] p1a: Appletun\n|-heal|p1a: Appletun|283/352|[silent]\n|upkeep\n|turn|56\n|-message|moongo forfeited.\n|\n|win|Aqua\n|raw|Aqua's rating: 2367 &rarr; <strong>2380</strong><br />(+13 for winning)\n|raw|moongo's rating: 2238 &rarr; <strong>2225</strong><br />(-13 for losing)\n|l|\u2606moongo\n|player|p2|\n", "inputlog": ">version 1545cb7b56a6c4a9ecd141e44b1f035e8ace9d59\n>start {\"formatid\":\"gen9randombattle\",\"seed\":[19054,9552,33346,46751],\"rated\":\"Rated battle\"}\n>player p1 {\"name\":\"Aqua\",\"avatar\":\"#rbtt6teamlatias\",\"rating\":2367,\"seed\":[7326,18572,38909,51802]}\n>player p2 {\"name\":\"moongo\",\"avatar\":\"pokemonranger\",\"rating\":2238,\"seed\":[53795,44049,56522,17441]}\n>p1 switch 5\n>p2 move bleakwindstorm\n>p1 move roost\n>p2 switch 4\n>p1 switch 3\n>p2 move stoneedge\n>p1 move knockoff\n>p2 switch 2\n>p1 switch 3\n>p2 move playrough\n>p1 move roost\n>p2 move gunkshot\n>p1 switch 4\n>p2 move gunkshot\n>p1 move earthquake\n>p2 switch 5\n>p1 switch 5\n>p2 move bodypress\n>p1 move leechseed\n>p2 switch 5\n>p1 switch 6\n>p2 move playrough\n>p1 move flareblitz\n>p2 switch 2\n>p1 switch 3\n>p2 move earthquake\n>p1 move rest\n>p2 switch 4\n>p1 switch 4\n>p2 move focusblast\n>p1 switch 2\n>p2 switch 4\n>p1 move substitute\n>p2 switch 2\n>p1 move leechseed\n>p2 move playrough\n>p1 move powerwhip\n>p2 move playrough\n>p1 switch 3\n>p2 move gunkshot\n>p1 move trailblaze\n>p2 switch 5\n>p1 switch 6\n>p2 switch 5\n>p1 move leechseed terastallize\n>p2 move gunkshot\n>p2 switch 6\n>p1 move appleacid\n>p2 move sleeppowder\n>p1 switch 5\n>p2 move quiverdance\n>p1 move dragondance\n>p2 move gigadrain\n>p1 move dragondance\n>p2 move strengthsap\n>p1 move dragondance\n>p2 move strengthsap\n>p1 move dragondance\n>p2 move gigadrain\n>p1 move knockoff\n>p2 move gigadrain\n>p1 switch 2\n>p1 move hurricane\n>p2 switch 2\n>p1 switch 4\n>p2 move earthquake\n>p1 switch 3\n>p2 move doubleedge\n>p2 switch 5\n>p1 switch 3\n>p2 move poltergeist\n>p1 switch 4\n>p2 move bodypress\n>p1 switch 6\n>p2 move poltergeist\n>p1 move flareblitz\n>p2 switch 4\n>p1 switch 3\n>p2 switch 4\n>p1 move poltergeist\n>p2 move poltergeist\n>p2 switch 3\n>p1 move leechseed\n>p2 move flashcannon\n>p1 switch 5\n>p1 switch 6\n>p2 move aurasphere\n>p1 move roost\n>p2 move aurasphere\n>p1 switch 6\n>p2 move fleurcannon\n>p1 switch 6\n>p2 switch 2\n>p1 move heatwave\n>p2 move strengthsap\n>chat \u2606Aqua|lol\n>chat \u2606Aqua|alright\n>chat \u2606moongo|fair enough\n>p1 move hurricane\n>p2 switch 2\n>p1 move roost\n>p2 move fleurcannon\n>p1 switch 6\n>p1 move appleacid\n>p2 switch 2\n>p1 move appleacid\n>p2 move quiverdance\n>p1 move appleacid\n>p2 move sleeppowder\n>p1 move appleacid\n>p2 move quiverdance\n>p1 move appleacid\n>p2 move gigadrain\n>p1 move appleacid\n>p2 move sleeppowder\n>p1 move appleacid\n>p2 move quiverdance\n>p1 move dracometeor\n>p2 move strengthsap\n>p2 switch 2\n>p1 move leechseed\n>p2 move aurasphere\n>forcelose p2", "uploadtime": 1714671971, "views": 223, "formatid": "gen9randombattle", "rating": 2225, "private": 0, "password": null}