{"id": "gen9randombattle-2260845978", "format": "[Gen 9] Random Battle", "players": ["336aidan", "Ghhjkkkcffc"], "log": "|j|\u2606336aidan\n|j|\u2606Ghhjkkkcffc\n|t:|1733903100\n|gametype|singles\n|player|p1|336aidan|102|1000\n|player|p2|Ghhjkkkcffc|adaman|1000\n|teamsize|p1|6\n|teamsize|p2|6\n|gen|9\n|tier|[Gen 9] Random Battle\n|rated|\n|rule|Species Clause: Limit one of each Pok\u00e9mon\n|rule|HP Percentage Mod: HP is shown in percentages\n|rule|Sleep Clause Mod: Limit one foe put to sleep\n|rule|Illusion Level Mod: Illusion disguises the Pok\u00e9mon's true level\n|\n|t:|1733903100\n|start\n|switch|p1a: Archaludon|Archaludon, L78, M|268/268\n|switch|p2a: Terrakion|Terrakion, L79|273/273\n|turn|1\n|inactive|Battle timer is ON: inactive players will automatically lose when time's up. (requested by Ghhjkkkcffc)\n|\n|t:|1733903114\n|move|p2a: Terrakion|Close Combat|p1a: Archaludon\n|-supereffective|p1a: Archaludon\n|-crit|p1a: Archaludon\n|-damage|p1a: Archaludon|0 fnt\n|-unboost|p2a: Terrakion|def|1\n|-unboost|p2a: Terrakion|spd|1\n|faint|p1a: Archaludon\n|\n|upkeep\n|\n|t:|1733903127\n|switch|p1a: Iron Crown|Iron Crown, L78|268/268\n|turn|2\n|\n|t:|1733903147\n|switch|p2a: Metagross|Metagross, L79|256/256\n|move|p1a: Iron Crown|Psyshock|p2a: Metagross\n|-resisted|p2a: Metagross\n|-damage|p2a: Metagross|229/256\n|\n|upkeep\n|turn|3\n|\n|t:|1733903164\n|-end|p1a: Iron Crown|Quark Drive|[silent]\n|switch|p1a: Charizard|Charizard, L85, M|271/271\n|move|p2a: Metagross|Earthquake|p1a: Charizard\n|-immune|p1a: Charizard\n|\n|upkeep\n|turn|4\n|\n|t:|1733903183\n|switch|p2a: Slowking|Slowking-Galar, L85, M|300/300\n|move|p1a: Charizard|Flare Blitz|p2a: Slowking\n|-damage|p2a: Slowking|180/300\n|-status|p2a: Slowking|brn\n|-damage|p1a: Charizard|231/271|[from] Recoil\n|\n|-heal|p2a: Slowking|198/300 brn|[from] item: Leftovers\n|-damage|p2a: Slowking|180/300 brn|[from] brn\n|upkeep\n|turn|5\n|\n|t:|1733903195\n|move|p1a: Charizard|Earthquake|p2a: Slowking\n|-supereffective|p2a: Slowking\n|-damage|p2a: Slowking|44/300 brn\n|move|p2a: Slowking|Sludge Bomb|p1a: Charizard\n|-crit|p1a: Charizard\n|-damage|p1a: Charizard|65/271\n|-status|p1a: Charizard|psn\n|\n|-heal|p2a: Slowking|62/300 brn|[from] item: Leftovers\n|-damage|p1a: Charizard|32/271 psn|[from] psn\n|-damage|p2a: Slowking|44/300 brn|[from] brn\n|upkeep\n|turn|6\n|\n|t:|1733903207\n|switch|p2a: Hydrapple|Hydrapple, L83, F|312/312\n|move|p1a: Charizard|Earthquake|p2a: Hydrapple\n|-resisted|p2a: Hydrapple\n|-damage|p2a: Hydrapple|286/312\n|\n|-damage|p1a: Charizard|0 fnt|[from] psn\n|faint|p1a: Charizard\n|upkeep\n|\n|t:|1733903218\n|switch|p1a: Sylveon|Sylveon, L85, M|300/300\n|turn|7\n|\n|t:|1733903230\n|switch|p2a: Metagross|Metagross, L79|229/256\n|move|p1a: Sylveon|Hyper Voice|p2a: Metagross\n|-resisted|p2a: Metagross\n|-damage|p2a: Metagross|157/256\n|\n|upkeep\n|turn|8\n|\n|t:|1733903244\n|-terastallize|p1a: Sylveon|Steel\n|move|p2a: Metagross|Heavy Slam|p1a: Sylveon\n|-resisted|p1a: Sylveon\n|-damage|p1a: Sylveon|166/300\n|move|p1a: Sylveon|Hyper Voice|p2a: Metagross\n|-resisted|p2a: Metagross\n|-damage|p2a: Metagross|88/256\n|\n|-heal|p1a: Sylveon|184/300|[from] item: Leftovers\n|upkeep\n|turn|9\n|\n|t:|1733903267\n|move|p1a: Sylveon|Protect|p1a: Sylveon\n|-singleturn|p1a: Sylveon|Protect\n|move|p2a: Metagross|Heavy Slam|p1a: Sylveon\n|-activate|p1a: Sylveon|move: Protect\n|\n|-heal|p1a: Sylveon|202/300|[from] item: Leftovers\n|upkeep\n|turn|10\n|\n|t:|1733903279\n|move|p1a: Sylveon|Protect||[still]\n|-fail|p1a: Sylveon\n|move|p2a: Metagross|Heavy Slam|p1a: Sylveon\n|-resisted|p1a: Sylveon\n|-damage|p1a: Sylveon|74/300\n|\n|-heal|p1a: Sylveon|92/300|[from] item: Leftovers\n|upkeep\n|turn|11\n|\n|t:|1733903287\n|move|p1a: Sylveon|Protect|p1a: Sylveon\n|-singleturn|p1a: Sylveon|Protect\n|move|p2a: Metagross|Heavy Slam|p1a: Sylveon\n|-activate|p1a: Sylveon|move: Protect\n|\n|-heal|p1a: Sylveon|110/300|[from] item: Leftovers\n|upkeep\n|turn|12\n|\n|t:|1733903295\n|move|p2a: Metagross|Heavy Slam|p1a: Sylveon\n|-resisted|p1a: Sylveon\n|-damage|p1a: Sylveon|0 fnt\n|faint|p1a: Sylveon\n|\n|upkeep\n|\n|t:|1733903304\n|switch|p1a: Kyurem|Kyurem, L77|319/319\n|-ability|p1a: Kyurem|Pressure\n|turn|13\n|\n|t:|1733903312\n|move|p1a: Kyurem|Icicle Spear|p2a: Metagross\n|-resisted|p2a: Metagross\n|-damage|p2a: Metagross|77/256\n|-resisted|p2a: Metagross\n|-damage|p2a: Metagross|65/256\n|-resisted|p2a: Metagross\n|-damage|p2a: Metagross|53/256\n|-resisted|p2a: Metagross\n|-damage|p2a: Metagross|41/256\n|-resisted|p2a: Metagross\n|-damage|p2a: Metagross|30/256\n|-hitcount|p2a: Metagross|5\n|move|p2a: Metagross|Heavy Slam|p1a: Kyurem\n|-supereffective|p1a: Kyurem\n|-damage|p1a: Kyurem|155/319\n|\n|upkeep\n|turn|14\n|\n|t:|1733903330\n|move|p1a: Kyurem|Icicle Spear|p2a: Metagross\n|-resisted|p2a: Metagross\n|-damage|p2a: Metagross|18/256\n|-resisted|p2a: Metagross\n|-damage|p2a: Metagross|6/256\n|-resisted|p2a: Metagross\n|-damage|p2a: Metagross|0 fnt\n|faint|p2a: Metagross\n|-hitcount|p2: Metagross|3\n|\n|upkeep\n|\n|t:|1733903342\n|switch|p2a: Terrakion|Terrakion, L79|273/273\n|turn|15\n|\n|t:|1733903348\n|move|p2a: Terrakion|Close Combat|p1a: Kyurem\n|-supereffective|p1a: Kyurem\n|-damage|p1a: Kyurem|0 fnt\n|-unboost|p2a: Terrakion|def|1\n|-unboost|p2a: Terrakion|spd|1\n|faint|p1a: Kyurem\n|\n|upkeep\n|\n|t:|1733903360\n|switch|p1a: Iron Crown|Iron Crown, L78|268/268\n|turn|16\n|\n|t:|1733903382\n|switch|p2a: Hydrapple|Hydrapple, L83, F|312/312\n|move|p1a: Iron Crown|Psyshock|p2a: Hydrapple\n|-damage|p2a: Hydrapple|198/312\n|\n|upkeep\n|turn|17\n|\n|t:|1733903388\n|move|p1a: Iron Crown|Psyshock|p2a: Hydrapple\n|-damage|p2a: Hydrapple|84/312\n|move|p2a: Hydrapple|Dragon Tail|p1a: Iron Crown\n|-resisted|p1a: Iron Crown\n|-damage|p1a: Iron Crown|243/268\n|-end|p1a: Iron Crown|Quark Drive|[silent]\n|drag|p1a: Iron Jugulis|Iron Jugulis, L78|275/275\n|\n|upkeep\n|turn|18\n|\n|t:|1733903410\n|switch|p2a: Slowking|Slowking-Galar, L85, M|144/300 brn\n|move|p1a: Iron Jugulis|Dark Pulse|p2a: Slowking\n|-supereffective|p2a: Slowking\n|-damage|p2a: Slowking|6/300 brn\n|\n|-heal|p2a: Slowking|24/300 brn|[from] item: Leftovers\n|-damage|p2a: Slowking|6/300 brn|[from] brn\n|upkeep\n|turn|19\n|\n|t:|1733903423\n|switch|p2a: Terrakion|Terrakion, L79|273/273\n|move|p1a: Iron Jugulis|Dark Pulse|p2a: Terrakion\n|-resisted|p2a: Terrakion\n|-damage|p2a: Terrakion|222/273\n|-ability|p2a: Terrakion|Justified|boost\n|-boost|p2a: Terrakion|atk|1\n|\n|upkeep\n|turn|20\n|\n|t:|1733903434\n|move|p2a: Terrakion|Close Combat|p1a: Iron Jugulis\n|-damage|p1a: Iron Jugulis|0 fnt\n|-unboost|p2a: Terrakion|def|1\n|-unboost|p2a: Terrakion|spd|1\n|faint|p1a: Iron Jugulis\n|-end|p1a: Iron Jugulis|Quark Drive|[silent]\n|\n|upkeep\n|\n|t:|1733903440\n|switch|p1a: Iron Crown|Iron Crown, L78|243/268\n|turn|21\n|\n|t:|1733903444\n|move|p2a: Terrakion|Close Combat|p1a: Iron Crown\n|-damage|p1a: Iron Crown|0 fnt\n|-unboost|p2a: Terrakion|def|1\n|-unboost|p2a: Terrakion|spd|1\n|faint|p1a: Iron Crown\n|-end|p1a: Iron Crown|Quark Drive|[silent]\n|\n|win|Ghhjkkkcffc\n|raw|336aidan's rating: 1000 &rarr; <strong>1000</strong><br />(+0 for losing)\n|raw|Ghhjkkkcffc's rating: 1000 &rarr; <strong>1040</strong><br />(+40 for winning)\n|c|\u2606Ghhjkkkcffc|Easy\n|c|\u2606Ghhjkkkcffc|clap\n|c|\u2606Ghhjkkkcffc|Disgusting\n|l|\u2606336aidan\n|player|p1|\n", "inputlog": ">version bfd83cad13791eb5a5a409923076391caf6fb4d4\n>start {\"formatid\":\"gen9randombattle\",\"seed\":[52085,48759,57049,64359],\"rated\":\"Rated battle\"}\n>player p1 {\"name\":\"336aidan\",\"avatar\":\"102\",\"rating\":1000,\"seed\":[103,31114,51528,36147]}\n>player p2 {\"name\":\"Ghhjkkkcffc\",\"avatar\":\"adaman\",\"rating\":1000,\"seed\":[33125,29791,767,10891]}\n>p1 move earthquake\n>p2 move closecombat\n>p1 switch 3\n>p1 move psyshock\n>p2 switch 5\n>p1 switch 5\n>p2 move earthquake\n>p1 move flareblitz\n>p2 switch 4\n>p1 move earthquake\n>p2 move sludgebomb\n>p1 move earthquake\n>p2 switch 2\n>p1 switch 6\n>p1 move hypervoice\n>p2 switch 4\n>p1 move hypervoice terastallize\n>p2 move heavyslam\n>p1 move protect\n>p2 move heavyslam\n>p1 move protect\n>p2 move heavyslam\n>p1 move protect\n>p2 move heavyslam\n>p1 move hypervoice\n>p2 move heavyslam\n>p1 switch 2\n>p1 move iciclespear\n>p2 move heavyslam\n>p1 move iciclespear\n>p2 move heavyslam\n>p2 switch 5\n>p1 move iciclespear\n>p2 move closecombat\n>p1 switch 5\n>p1 move psyshock\n>p2 switch 4\n>p1 move psyshock\n>p2 move dragontail\n>p1 move darkpulse\n>p2 switch 2\n>p1 move darkpulse\n>p2 switch 4\n>p1 move earthpower\n>p2 move closecombat\n>p1 switch 4\n>p1 move psyshock\n>p2 move closecombat", "uploadtime": 1733903467, "views": 1, "formatid": "gen9randombattle", "rating": 1000, "private": 0, "password": null}