{"id": "gen9randombattle-2259943151", "format": "[Gen 9] Random Battle", "players": ["doodoofarts", "Az1anSensation2"], "log": "|j|\u2606doodoofarts\n|j|\u203dAz1anSensation2\n|t:|1733782573\n|gametype|singles\n|player|p1|doodoofarts|101|2249\n|player|p2|Az1anSensation2|2|2152\n|teamsize|p1|6\n|teamsize|p2|6\n|gen|9\n|tier|[Gen 9] Random Battle\n|rated|\n|rule|Species Clause: Limit one of each Pok\u00e9mon\n|rule|HP Percentage Mod: HP is shown in percentages\n|rule|Sleep Clause Mod: Limit one foe put to sleep\n|rule|Illusion Level Mod: Illusion disguises the Pok\u00e9mon's true level\n|\n|t:|1733782573\n|start\n|switch|p1a: Azumarill|Azumarill, L82, F|298/298\n|switch|p2a: Sandslash|Sandslash-Alola, L88, F|275/275\n|turn|1\n|inactive|Battle timer is ON: inactive players will automatically lose when time's up. (requested by Az1anSensation2)\n|\n|t:|1733782603\n|switch|p1a: Sableye|Sableye, L89, F|234/234\n|move|p2a: Sandslash|Swords Dance|p2a: Sandslash\n|-boost|p2a: Sandslash|atk|2\n|\n|upkeep\n|turn|2\n|\n|t:|1733782625\n|switch|p2a: Primarina|Primarina, L83, M|268/268\n|move|p1a: Sableye|Encore||[still]\n|-fail|p1a: Sableye\n|\n|upkeep\n|turn|3\n|\n|t:|1733782634\n|switch|p1a: Wigglytuff|Wigglytuff, L96, M|424/424\n|move|p2a: Primarina|Moonblast|p1a: Wigglytuff\n|-damage|p1a: Wigglytuff|190/424\n|\n|-heal|p1a: Wigglytuff|216/424|[from] item: Leftovers\n|upkeep\n|turn|4\n|\n|t:|1733782642\n|-terastallize|p1a: Wigglytuff|Poison\n|move|p2a: Primarina|Moonblast|p1a: Wigglytuff\n|-resisted|p1a: Wigglytuff\n|-damage|p1a: Wigglytuff|105/424\n|move|p1a: Wigglytuff|Thunder Wave|p2a: Primarina\n|-status|p2a: Primarina|par\n|\n|-heal|p1a: Wigglytuff|131/424|[from] item: Leftovers\n|upkeep\n|turn|5\n|inactive|Az1anSensation2 has 120 seconds left.\n|\n|t:|1733782685\n|switch|p2a: Zarude|Zarude, L78|292/292\n|move|p1a: Wigglytuff|Thunder Wave|p2a: Zarude\n|-status|p2a: Zarude|par\n|\n|-heal|p1a: Wigglytuff|157/424|[from] item: Leftovers\n|upkeep\n|turn|6\n|\n|t:|1733782692\n|cant|p2a: Zarude|par\n|move|p1a: Wigglytuff|Dazzling Gleam|p2a: Zarude\n|-supereffective|p2a: Zarude\n|-damage|p2a: Zarude|76/292 par\n|\n|-heal|p1a: Wigglytuff|183/424|[from] item: Leftovers\n|upkeep\n|turn|7\n|inactive|Az1anSensation2 has 120 seconds left.\n|\n|t:|1733782698\n|move|p2a: Zarude|U-turn|p1a: Wigglytuff\n|-resisted|p1a: Wigglytuff\n|-damage|p1a: Wigglytuff|150/424\n|inactive|Az1anSensation2 has 120 seconds left.\n|\n|t:|1733782706\n|switch|p2a: Primarina|Primarina, L83, M|268/268 par|[from] U-turn\n|move|p1a: Wigglytuff|Dazzling Gleam|p2a: Primarina\n|-damage|p2a: Primarina|178/268 par\n|\n|-heal|p1a: Wigglytuff|176/424|[from] item: Leftovers\n|upkeep\n|turn|8\n|\n|t:|1733782713\n|switch|p1a: Azumarill|Azumarill, L82, F|298/298\n|cant|p2a: Primarina|par\n|\n|upkeep\n|turn|9\n|inactive|Az1anSensation2 has 120 seconds left.\n|\n|t:|1733782734\n|move|p1a: Azumarill|Liquidation|p2a: Primarina\n|-resisted|p2a: Primarina\n|-damage|p2a: Primarina|88/268 par\n|move|p2a: Primarina|Moonblast|p1a: Azumarill\n|-damage|p1a: Azumarill|105/298\n|-unboost|p1a: Azumarill|spa|1\n|\n|upkeep\n|turn|10\n|\n|t:|1733782738\n|move|p1a: Azumarill|Liquidation|p2a: Primarina\n|-resisted|p2a: Primarina\n|-crit|p2a: Primarina\n|-damage|p2a: Primarina|0 fnt\n|faint|p2a: Primarina\n|\n|upkeep\n|\n|t:|1733782753\n|switch|p2a: Sandslash|Sandslash-Alola, L88, F|275/275\n|turn|11\n|\n|t:|1733782758\n|move|p2a: Sandslash|Earthquake|p1a: Azumarill\n|-damage|p1a: Azumarill|0 fnt\n|faint|p1a: Azumarill\n|-damage|p2a: Sandslash|248/275|[from] item: Life Orb\n|\n|upkeep\n|\n|t:|1733782763\n|switch|p1a: Noivern|Noivern, L82, M|274/274\n|turn|12\n|\n|t:|1733782779\n|switch|p2a: Diancie|Diancie, L82|216/216\n|move|p1a: Noivern|Flamethrower|p2a: Diancie\n|-resisted|p2a: Diancie\n|-crit|p2a: Diancie\n|-damage|p2a: Diancie|167/216\n|\n|-heal|p2a: Diancie|180/216|[from] item: Leftovers\n|upkeep\n|turn|13\n|\n|t:|1733782798\n|switch|p1a: Donphan|Donphan, L84, F|288/288\n|move|p2a: Diancie|Diamond Storm|p1a: Donphan\n|-resisted|p1a: Donphan\n|-damage|p1a: Donphan|246/288\n|-boost|p2a: Diancie|def|2\n|\n|-heal|p2a: Diancie|193/216|[from] item: Leftovers\n|upkeep\n|turn|14\n|inactive|Az1anSensation2 has 120 seconds left.\n|\n|t:|1733782822\n|switch|p2a: Zarude|Zarude, L78|76/292 par\n|move|p1a: Donphan|Earthquake|p2a: Zarude\n|-resisted|p2a: Zarude\n|-damage|p2a: Zarude|0 fnt\n|faint|p2a: Zarude\n|\n|upkeep\n|inactive|Az1anSensation2 has 120 seconds left.\n|\n|t:|1733782835\n|switch|p2a: Sandslash|Sandslash-Alola, L88, F|248/275\n|turn|15\n|\n|t:|1733782844\n|move|p2a: Sandslash|Triple Axel|p1a: Donphan\n|-supereffective|p1a: Donphan\n|-damage|p1a: Donphan|197/288\n|-supereffective|p1a: Donphan\n|-damage|p1a: Donphan|101/288\n|-supereffective|p1a: Donphan\n|-crit|p1a: Donphan\n|-damage|p1a: Donphan|0 fnt\n|faint|p1a: Donphan\n|-hitcount|p1: Donphan|3\n|-damage|p2a: Sandslash|221/275|[from] item: Life Orb\n|\n|upkeep\n|\n|t:|1733782848\n|switch|p1a: Noivern|Noivern, L82, M|274/274\n|turn|16\n|\n|t:|1733782852\n|-terastallize|p2a: Sandslash|Ground\n|move|p1a: Noivern|U-turn|p2a: Sandslash\n|-damage|p2a: Sandslash|191/275\n|\n|t:|1733782856\n|switch|p1a: Sableye|Sableye, L89, F|234/234|[from] U-turn\n|move|p2a: Sandslash|Triple Axel|p1a: Sableye\n|-damage|p1a: Sableye|198/234\n|-damage|p1a: Sableye|134/234\n|-damage|p1a: Sableye|33/234\n|-hitcount|p1a: Sableye|3\n|-damage|p2a: Sandslash|164/275|[from] item: Life Orb\n|\n|-heal|p1a: Sableye|47/234|[from] item: Leftovers\n|upkeep\n|turn|17\n|inactive|Az1anSensation2 has 120 seconds left.\n|\n|t:|1733782893\n|switch|p2a: Komala|Komala, L89, F|260/260\n|-ability|p2a: Komala|Comatose\n|move|p1a: Sableye|Recover|p1a: Sableye\n|-heal|p1a: Sableye|164/234\n|\n|-heal|p1a: Sableye|178/234|[from] item: Leftovers\n|upkeep\n|turn|18\n|\n|t:|1733782897\n|move|p2a: Komala|Knock Off|p1a: Sableye\n|-damage|p1a: Sableye|37/234\n|-enditem|p1a: Sableye|Leftovers|[from] move: Knock Off|[of] p2a: Komala\n|move|p1a: Sableye|Knock Off|p2a: Komala\n|-damage|p2a: Komala|148/260\n|-enditem|p2a: Komala|Choice Band|[from] move: Knock Off|[of] p1a: Sableye\n|\n|upkeep\n|turn|19\n|\n|t:|1733782904\n|move|p1a: Sableye|Recover|p1a: Sableye\n|-heal|p1a: Sableye|154/234\n|move|p2a: Komala|Knock Off|p1a: Sableye\n|-damage|p1a: Sableye|94/234\n|\n|upkeep\n|turn|20\n|\n|t:|1733782909\n|move|p1a: Sableye|Recover|p1a: Sableye\n|-heal|p1a: Sableye|211/234\n|move|p2a: Komala|Earthquake|p1a: Sableye\n|-damage|p1a: Sableye|116/234\n|\n|upkeep\n|turn|21\n|\n|t:|1733782916\n|move|p2a: Komala|Earthquake|p1a: Sableye\n|-damage|p1a: Sableye|23/234\n|move|p1a: Sableye|Knock Off|p2a: Komala\n|-damage|p2a: Komala|67/260\n|\n|upkeep\n|turn|22\n|\n|t:|1733782921\n|move|p1a: Sableye|Recover|p1a: Sableye\n|-heal|p1a: Sableye|140/234\n|move|p2a: Komala|Earthquake|p1a: Sableye\n|-damage|p1a: Sableye|41/234\n|\n|upkeep\n|turn|23\n|\n|t:|1733782924\n|move|p1a: Sableye|Recover|p1a: Sableye\n|-heal|p1a: Sableye|158/234\n|move|p2a: Komala|Earthquake|p1a: Sableye\n|-damage|p1a: Sableye|67/234\n|\n|upkeep\n|turn|24\n|\n|t:|1733782927\n|move|p1a: Sableye|Recover|p1a: Sableye\n|-heal|p1a: Sableye|184/234\n|move|p2a: Komala|Earthquake|p1a: Sableye\n|-damage|p1a: Sableye|89/234\n|\n|upkeep\n|turn|25\n|\n|t:|1733782931\n|switch|p1a: Noivern|Noivern, L82, M|274/274\n|move|p2a: Komala|Earthquake|p1a: Noivern\n|-immune|p1a: Noivern\n|\n|upkeep\n|turn|26\n|\n|t:|1733782938\n|move|p1a: Noivern|U-turn|p2a: Komala\n|-damage|p2a: Komala|22/260\n|\n|t:|1733782940\n|switch|p1a: Sableye|Sableye, L89, F|89/234|[from] U-turn\n|move|p2a: Komala|Knock Off|p1a: Sableye\n|-damage|p1a: Sableye|24/234\n|\n|upkeep\n|turn|27\n|\n|t:|1733782947\n|move|p1a: Sableye|Recover|p1a: Sableye\n|-heal|p1a: Sableye|141/234\n|move|p2a: Komala|Earthquake|p1a: Sableye\n|-damage|p1a: Sableye|44/234\n|\n|upkeep\n|turn|28\n|\n|t:|1733782950\n|switch|p1a: Noivern|Noivern, L82, M|274/274\n|move|p2a: Komala|Earthquake|p1a: Noivern\n|-immune|p1a: Noivern\n|\n|upkeep\n|turn|29\n|\n|t:|1733782967\n|switch|p2a: Magmortar|Magmortar, L88, M|275/275\n|move|p1a: Noivern|U-turn|p2a: Magmortar\n|-resisted|p2a: Magmortar\n|-damage|p2a: Magmortar|253/275\n|-status|p1a: Noivern|brn|[from] ability: Flame Body|[of] p2a: Magmortar\n|inactive|doodoofarts has 120 seconds left.\n|inactive|doodoofarts has 90 seconds left.\n|\n|t:|1733783043\n|switch|p1a: Sableye|Sableye, L89, F|44/234|[from] U-turn\n|\n|upkeep\n|turn|30\n|\n|t:|1733783048\n|switch|p2a: Komala|Komala, L89, F|22/260\n|-ability|p2a: Komala|Comatose\n|move|p1a: Sableye|Thunder Wave|p2a: Komala\n|-immune|p2a: Komala|[from] ability: Comatose\n|\n|upkeep\n|turn|31\n|\n|t:|1733783053\n|move|p1a: Sableye|Recover|p1a: Sableye\n|-heal|p1a: Sableye|161/234\n|move|p2a: Komala|Earthquake|p1a: Sableye\n|-damage|p1a: Sableye|73/234\n|\n|upkeep\n|turn|32\n|\n|t:|1733783059\n|switch|p1a: Noivern|Noivern, L82, M|274/274 brn\n|move|p2a: Komala|Knock Off|p1a: Noivern\n|-damage|p1a: Noivern|178/274 brn\n|-enditem|p1a: Noivern|Choice Specs|[from] move: Knock Off|[of] p2a: Komala\n|\n|-damage|p1a: Noivern|161/274 brn|[from] brn\n|upkeep\n|turn|33\n|\n|t:|1733783081\n|switch|p2a: Diancie|Diancie, L82|193/216\n|move|p1a: Noivern|Hurricane|p2a: Diancie\n|-resisted|p2a: Diancie\n|-damage|p2a: Diancie|157/216\n|\n|-heal|p2a: Diancie|170/216|[from] item: Leftovers\n|-damage|p1a: Noivern|144/274 brn|[from] brn\n|upkeep\n|turn|34\n|inactive|doodoofarts has 90 seconds left.\n|\n|t:|1733783121\n|move|p1a: Noivern|U-turn|p2a: Diancie\n|-resisted|p2a: Diancie\n|-damage|p2a: Diancie|164/216\n|\n|t:|1733783129\n|switch|p1a: Sableye|Sableye, L89, F|73/234|[from] U-turn\n|move|p2a: Diancie|Diamond Storm|p1a: Sableye\n|-damage|p1a: Sableye|0 fnt\n|faint|p1a: Sableye\n|\n|-heal|p2a: Diancie|177/216|[from] item: Leftovers\n|upkeep\n|\n|t:|1733783133\n|switch|p1a: Wigglytuff|Wigglytuff, L96, M, tera:Poison|176/424\n|turn|35\n|\n|t:|1733783140\n|switch|p2a: Komala|Komala, L89, F|22/260\n|-ability|p2a: Komala|Comatose\n|move|p1a: Wigglytuff|Knock Off|p2a: Komala\n|-damage|p2a: Komala|0 fnt\n|faint|p2a: Komala\n|\n|-heal|p1a: Wigglytuff|202/424|[from] item: Leftovers\n|upkeep\n|\n|t:|1733783162\n|switch|p2a: Sandslash|Sandslash-Alola, L88, F, tera:Ground|164/275\n|turn|36\n|\n|t:|1733783184\n|move|p2a: Sandslash|Triple Axel|p1a: Wigglytuff\n|-damage|p1a: Wigglytuff|162/424\n|-damage|p1a: Wigglytuff|83/424\n|-damage|p1a: Wigglytuff|0 fnt\n|faint|p1a: Wigglytuff\n|-hitcount|p1: Wigglytuff|3\n|-damage|p2a: Sandslash|137/275|[from] item: Life Orb\n|\n|upkeep\n|\n|t:|1733783189\n|switch|p1a: Noivern|Noivern, L82, M|144/274 brn\n|turn|37\n|\n|t:|1733783195\n|switch|p2a: Diancie|Diancie, L82|177/216\n|move|p1a: Noivern|U-turn|p2a: Diancie\n|-resisted|p2a: Diancie\n|-damage|p2a: Diancie|171/216\n|\n|t:|1733783198\n|switch|p1a: Cryogonal|Cryogonal, L89|287/287|[from] U-turn\n|\n|-heal|p2a: Diancie|184/216|[from] item: Leftovers\n|upkeep\n|turn|38\n|\n|t:|1733783203\n|move|p1a: Cryogonal|Ice Beam|p2a: Diancie\n|-damage|p2a: Diancie|118/216\n|move|p2a: Diancie|Diamond Storm|p1a: Cryogonal\n|-supereffective|p1a: Cryogonal\n|-damage|p1a: Cryogonal|0 fnt\n|-boost|p2a: Diancie|def|2\n|faint|p1a: Cryogonal\n|\n|-heal|p2a: Diancie|131/216|[from] item: Leftovers\n|upkeep\n|-message|doodoofarts forfeited.\n|\n|win|Az1anSensation2\n|raw|doodoofarts's rating: 2249 &rarr; <strong>2224</strong><br />(-25 for losing)\n|raw|Az1anSensation2's rating: 2152 &rarr; <strong>2177</strong><br />(+25 for winning)\n|l|\u2606doodoofarts\n|player|p1|\n", "inputlog": ">version bfd83cad13791eb5a5a409923076391caf6fb4d4\n>start {\"formatid\":\"gen9randombattle\",\"seed\":[629,34816,22805,47320],\"rated\":\"Rated battle\"}\n>player p1 {\"name\":\"doodoofarts\",\"avatar\":\"101\",\"rating\":2249,\"seed\":[59294,6618,48396,16279]}\n>player p2 {\"name\":\"Az1anSensation2\",\"avatar\":\"2\",\"rating\":2152,\"seed\":[10532,21695,36236,46136]}\n>p1 switch 2\n>p2 move swordsdance\n>p1 move encore\n>p2 switch 4\n>p1 switch 4\n>p2 move moonblast\n>p1 move thunderwave terastallize\n>p2 move moonblast\n>p1 move thunderwave\n>p2 switch 5\n>p1 move dazzlinggleam\n>p2 move knockoff\n>p1 move dazzlinggleam\n>p2 move uturn\n>p2 switch 5\n>p1 switch 2\n>p2 move psychic\n>p1 move liquidation\n>p2 move moonblast\n>p1 move liquidation\n>p2 move moonblast\n>p2 switch 4\n>p1 move liquidation\n>p2 move earthquake\n>p1 switch 5\n>p1 move flamethrower\n>p2 switch 2\n>p1 switch 6\n>p2 move diamondstorm\n>p1 move earthquake\n>p2 switch 5\n>p2 switch 2\n>p1 move earthquake\n>p2 move tripleaxel\n>p1 switch 6\n>p1 move uturn\n>p2 move tripleaxel terastallize\n>p1 switch 4\n>p1 move recover\n>p2 switch 6\n>p1 move knockoff\n>p2 move knockoff\n>p1 move recover\n>p2 move knockoff\n>p1 move recover\n>p2 move earthquake\n>p1 move knockoff\n>p2 move earthquake\n>p1 move recover\n>p2 move earthquake\n>p1 move recover\n>p2 move earthquake\n>p1 move recover\n>p2 move earthquake\n>p1 switch 4\n>p2 move earthquake\n>p1 move uturn\n>p2 move knockoff\n>p1 switch 4\n>p1 move recover\n>p2 move earthquake\n>p1 switch 4\n>p2 move earthquake\n>p1 move uturn\n>p2 switch 3\n>p1 switch 4\n>p1 move thunderwave\n>p2 switch 3\n>p1 move recover\n>p2 move earthquake\n>p1 switch 4\n>p2 move knockoff\n>p1 move hurricane\n>p2 switch 5\n>p1 move uturn\n>p2 move diamondstorm\n>p1 switch 4\n>p1 switch 2\n>p1 move knockoff\n>p2 switch 5\n>p2 switch 6\n>p1 move fireblast\n>p2 move tripleaxel\n>p1 switch 4\n>p1 move uturn\n>p2 switch 5\n>p1 switch 3\n>p1 move icebeam\n>p2 move diamondstorm\n>forcelose p1", "uploadtime": 1733783210, "views": 4, "formatid": "gen9randombattle", "rating": 2177, "private": 0, "password": null}