{"id": "gen9randombattle-2260470639", "format": "[Gen 9] Random Battle", "players": ["Bigimonplayr", "Ravine2025"], "log": "|j|\u2606Bigimonplayr\n|j|\u2606Ravine2025\n|t:|1733854776\n|gametype|singles\n|player|p1|Bigimonplayr|hiker|1467\n|player|p2|Ravine2025|169|1468\n|teamsize|p1|6\n|teamsize|p2|6\n|gen|9\n|tier|[Gen 9] Random Battle\n|rated|\n|rule|Species Clause: Limit one of each Pok\u00e9mon\n|rule|HP Percentage Mod: HP is shown in percentages\n|rule|Sleep Clause Mod: Limit one foe put to sleep\n|rule|Illusion Level Mod: Illusion disguises the Pok\u00e9mon's true level\n|\n|t:|1733854776\n|start\n|switch|p1a: Bombirdier|Bombirdier, L85, F|258/258\n|switch|p2a: Mabosstiff|Mabosstiff, L86, M|278/278\n|turn|1\n|inactive|Battle timer is ON: inactive players will automatically lose when time's up. (requested by Ravine2025)\n|\n|t:|1733854803\n|move|p2a: Mabosstiff|Play Rough|p1a: Bombirdier\n|-supereffective|p1a: Bombirdier\n|-damage|p1a: Bombirdier|104/258\n|move|p1a: Bombirdier|U-turn|p2a: Mabosstiff\n|-supereffective|p2a: Mabosstiff\n|-damage|p2a: Mabosstiff|178/278\n|\n|t:|1733854818\n|switch|p1a: Ninetales|Ninetales-Alola, L78, M|242/242|[from] U-turn\n|-weather|Snow|[from] ability: Snow Warning|[of] p1a: Ninetales\n|\n|-weather|Snow|[upkeep]\n|upkeep\n|turn|2\n|\n|t:|1733854838\n|switch|p2a: Qwilfish|Qwilfish-Hisui, L83, M|244/244\n|-ability|p2a: Qwilfish|Intimidate|boost\n|-unboost|p1a: Ninetales|atk|1\n|move|p1a: Ninetales|Aurora Veil|p1a: Ninetales\n|-sidestart|p1: Bigimonplayr|move: Aurora Veil\n|\n|-weather|Snow|[upkeep]\n|upkeep\n|turn|3\n|\n|t:|1733854853\n|switch|p1a: Clodsire|Clodsire, L81, M|343/343\n|move|p2a: Qwilfish|Gunk Shot|p1a: Clodsire\n|-resisted|p1a: Clodsire\n|-damage|p1a: Clodsire|324/343\n|\n|-weather|Snow|[upkeep]\n|-heal|p1a: Clodsire|343/343|[from] item: Leftovers\n|upkeep\n|turn|4\n|\n|t:|1733854861\n|switch|p2a: Cramorant|Cramorant, L86, F|261/261\n|move|p1a: Clodsire|Earthquake|p2a: Cramorant\n|-immune|p2a: Cramorant\n|\n|-weather|Snow|[upkeep]\n|upkeep\n|turn|5\n|\n|t:|1733854883\n|move|p2a: Cramorant|Defog|p1a: Clodsire\n|-unboost|p1a: Clodsire|evasion|1\n|-sideend|p1: Bigimonplayr|move: Aurora Veil\n|move|p1a: Clodsire|Gunk Shot|p2a: Cramorant\n|-damage|p2a: Cramorant|125/261\n|-status|p2a: Cramorant|psn\n|\n|-weather|none\n|-damage|p2a: Cramorant|93/261 psn|[from] psn\n|upkeep\n|turn|6\n|\n|t:|1733854900\n|move|p2a: Cramorant|Surf|p1a: Clodsire\n|-immune|p1a: Clodsire|[from] ability: Water Absorb\n|move|p1a: Clodsire|Toxic Spikes|p2a: Cramorant\n|-sidestart|p2: Ravine2025|move: Toxic Spikes\n|\n|-damage|p2a: Cramorant|61/261 psn|[from] psn\n|upkeep\n|turn|7\n|\n|t:|1733854915\n|move|p2a: Cramorant|Brave Bird|p1a: Clodsire\n|-damage|p1a: Clodsire|186/343\n|-damage|p2a: Cramorant|9/261 psn|[from] Recoil\n|move|p1a: Clodsire|Toxic Spikes|p2a: Cramorant\n|-sidestart|p2: Ravine2025|move: Toxic Spikes\n|\n|-heal|p1a: Clodsire|207/343|[from] item: Leftovers\n|-damage|p2a: Cramorant|0 fnt|[from] psn\n|faint|p2a: Cramorant\n|upkeep\n|inactive|Ravine2025 has 120 seconds left.\n|\n|t:|1733854955\n|switch|p2a: Qwilfish|Qwilfish-Hisui, L83, M|244/244\n|-sideend|p2: Ravine2025|move: Toxic Spikes|[of] p2a: Qwilfish\n|-ability|p2a: Qwilfish|Intimidate|boost\n|-unboost|p1a: Clodsire|atk|1\n|turn|8\n|\n|t:|1733854965\n|move|p2a: Qwilfish|Taunt|p1a: Clodsire\n|-start|p1a: Clodsire|move: Taunt\n|move|p1a: Clodsire|Earthquake|p2a: Qwilfish\n|-supereffective|p2a: Qwilfish\n|-damage|p2a: Qwilfish|160/244\n|\n|-heal|p1a: Clodsire|228/343|[from] item: Leftovers\n|upkeep\n|turn|9\n|\n|t:|1733854982\n|move|p2a: Qwilfish|Crunch|p1a: Clodsire\n|-damage|p1a: Clodsire|120/343\n|move|p1a: Clodsire|Earthquake|p2a: Qwilfish\n|-supereffective|p2a: Qwilfish\n|-damage|p2a: Qwilfish|86/244\n|\n|-heal|p1a: Clodsire|141/343|[from] item: Leftovers\n|upkeep\n|turn|10\n|\n|t:|1733854995\n|switch|p1a: Bombirdier|Bombirdier, L85, F|104/258\n|move|p2a: Qwilfish|Crunch|p1a: Bombirdier\n|-resisted|p1a: Bombirdier\n|-damage|p1a: Bombirdier|62/258\n|\n|upkeep\n|turn|11\n|inactive|Ravine2025 has 120 seconds left.\n|\n|t:|1733855004\n|move|p2a: Qwilfish|Gunk Shot|p1a: Bombirdier\n|-damage|p1a: Bombirdier|0 fnt\n|faint|p1a: Bombirdier\n|\n|upkeep\n|\n|t:|1733855013\n|switch|p1a: Clodsire|Clodsire, L81, M|141/343\n|turn|12\n|inactive|Ravine2025 has 120 seconds left.\n|\n|t:|1733855030\n|move|p2a: Qwilfish|Crunch|p1a: Clodsire\n|-damage|p1a: Clodsire|33/343\n|move|p1a: Clodsire|Earthquake|p2a: Qwilfish\n|-supereffective|p2a: Qwilfish\n|-damage|p2a: Qwilfish|0 fnt\n|faint|p2a: Qwilfish\n|\n|-heal|p1a: Clodsire|54/343|[from] item: Leftovers\n|upkeep\n|inactive|Ravine2025 has 120 seconds left.\n|\n|t:|1733855036\n|switch|p2a: Cyclizar|Cyclizar, L83, F|252/252\n|turn|13\n|inactive|Ravine2025 has 120 seconds left.\n|\n|t:|1733855047\n|move|p2a: Cyclizar|Knock Off|p1a: Clodsire\n|-damage|p1a: Clodsire|0 fnt\n|-enditem|p1a: Clodsire|Leftovers|[from] move: Knock Off|[of] p2a: Cyclizar\n|faint|p1a: Clodsire\n|\n|upkeep\n|\n|t:|1733855054\n|switch|p1a: Duraludon|Duraludon, L82, F|249/249\n|turn|14\n|\n|t:|1733855064\n|move|p2a: Cyclizar|Shed Tail|p2a: Cyclizar\n|-start|p2a: Cyclizar|Substitute|[from] move: Shed Tail\n|-damage|p2a: Cyclizar|126/252\n|\n|t:|1733855068\n|switch|p2a: Falinks|Falinks, L84|246/246|[from] Shed Tail\n|move|p1a: Duraludon|Iron Defense|p1a: Duraludon\n|-boost|p1a: Duraludon|def|2\n|\n|upkeep\n|turn|15\n|\n|t:|1733855078\n|move|p1a: Duraludon|Flash Cannon|p2a: Falinks\n|-end|p2a: Falinks|Substitute\n|move|p2a: Falinks|No Retreat|p2a: Falinks\n|-boost|p2a: Falinks|atk|1\n|-boost|p2a: Falinks|def|1\n|-boost|p2a: Falinks|spa|1\n|-boost|p2a: Falinks|spd|1\n|-boost|p2a: Falinks|spe|1\n|-start|p2a: Falinks|move: No Retreat\n|\n|upkeep\n|turn|16\n|\n|t:|1733855100\n|-terastallize|p1a: Duraludon|Fighting\n|move|p2a: Falinks|Close Combat|p1a: Duraludon\n|-crit|p1a: Duraludon\n|-damage|p1a: Duraludon|42/249\n|-unboost|p2a: Falinks|def|1\n|-unboost|p2a: Falinks|spd|1\n|-damage|p2a: Falinks|222/246|[from] item: Life Orb\n|move|p1a: Duraludon|Body Press|p2a: Falinks\n|-damage|p2a: Falinks|56/246\n|\n|upkeep\n|turn|17\n|inactive|Ravine2025 has 120 seconds left.\n|\n|t:|1733855116\n|move|p2a: Falinks|Iron Head|p1a: Duraludon\n|-damage|p1a: Duraludon|12/249\n|-damage|p2a: Falinks|32/246|[from] item: Life Orb\n|cant|p1a: Duraludon|flinch\n|\n|upkeep\n|turn|18\n|\n|t:|1733855126\n|move|p2a: Falinks|Iron Head|p1a: Duraludon\n|-damage|p1a: Duraludon|0 fnt\n|faint|p1a: Duraludon\n|-damage|p2a: Falinks|8/246|[from] item: Life Orb\n|\n|upkeep\n|\n|t:|1733855140\n|switch|p1a: Ninetales|Ninetales-Alola, L78, M|242/242\n|-weather|Snow|[from] ability: Snow Warning|[of] p1a: Ninetales\n|turn|19\n|\n|t:|1733855144\n|switch|p1a: Delphox|Delphox, L84, F|263/263\n|move|p2a: Falinks|Iron Head|p1a: Delphox\n|-resisted|p1a: Delphox\n|-damage|p1a: Delphox|195/263\n|-damage|p2a: Falinks|0 fnt|[from] item: Life Orb\n|faint|p2a: Falinks\n|\n|-weather|Snow|[upkeep]\n|upkeep\n|\n|t:|1733855156\n|switch|p2a: Cyclizar|Cyclizar, L83, F|210/252\n|turn|20\n|\n|t:|1733855166\n|switch|p1a: Ninetales|Ninetales-Alola, L78, M|242/242\n|move|p2a: Cyclizar|Knock Off|p1a: Ninetales\n|-resisted|p1a: Ninetales\n|-damage|p1a: Ninetales|217/242\n|-enditem|p1a: Ninetales|Light Clay|[from] move: Knock Off|[of] p2a: Cyclizar\n|\n|-weather|Snow|[upkeep]\n|upkeep\n|turn|21\n|\n|t:|1733855185\n|move|p2a: Cyclizar|Shed Tail|p2a: Cyclizar\n|-start|p2a: Cyclizar|Substitute|[from] move: Shed Tail\n|-damage|p2a: Cyclizar|84/252\n|\n|t:|1733855188\n|switch|p2a: Dragalge|Dragalge, L88, F|258/258|[from] Shed Tail\n|move|p1a: Ninetales|Aurora Veil|p1a: Ninetales\n|-sidestart|p1: Bigimonplayr|move: Aurora Veil\n|\n|-weather|Snow|[upkeep]\n|upkeep\n|turn|22\n|\n|t:|1733855197\n|move|p1a: Ninetales|Blizzard|p2a: Dragalge\n|-supereffective|p2a: Dragalge\n|-end|p2a: Dragalge|Substitute\n|move|p2a: Dragalge|Sludge Wave|p1a: Ninetales\n|-supereffective|p1a: Ninetales\n|-damage|p1a: Ninetales|77/242\n|\n|-weather|Snow|[upkeep]\n|upkeep\n|turn|23\n|\n|t:|1733855207\n|-terastallize|p2a: Dragalge|Fighting\n|move|p1a: Ninetales|Blizzard|p2a: Dragalge\n|-damage|p2a: Dragalge|188/258\n|move|p2a: Dragalge|Sludge Wave|p1a: Ninetales\n|-supereffective|p1a: Ninetales\n|-damage|p1a: Ninetales|0 fnt\n|faint|p1a: Ninetales\n|\n|-weather|none\n|-heal|p2a: Dragalge|204/258|[from] item: Leftovers\n|upkeep\n|\n|t:|1733855223\n|switch|p1a: Smeargle|Smeargle, L95, F|258/258\n|turn|24\n|\n|t:|1733855231\n|move|p1a: Smeargle|Spore|p2a: Dragalge\n|-status|p2a: Dragalge|slp|[from] move: Spore\n|cant|p2a: Dragalge|slp\n|\n|-heal|p2a: Dragalge|220/258 slp|[from] item: Leftovers\n|upkeep\n|turn|25\n|\n|t:|1733855245\n|switch|p2a: Mabosstiff|Mabosstiff, L86, M|178/278\n|move|p1a: Smeargle|Shell Smash|p1a: Smeargle\n|-unboost|p1a: Smeargle|def|1\n|-unboost|p1a: Smeargle|spd|1\n|-boost|p1a: Smeargle|atk|2\n|-boost|p1a: Smeargle|spa|2\n|-boost|p1a: Smeargle|spe|2\n|\n|-sideend|p1: Bigimonplayr|move: Aurora Veil\n|upkeep\n|turn|26\n|\n|t:|1733855264\n|move|p1a: Smeargle|Population Bomb|p2a: Mabosstiff\n|-damage|p2a: Mabosstiff|147/278\n|-damage|p2a: Mabosstiff|114/278\n|-damage|p2a: Mabosstiff|84/278\n|-damage|p2a: Mabosstiff|51/278\n|-damage|p2a: Mabosstiff|21/278\n|-damage|p2a: Mabosstiff|0 fnt\n|faint|p2a: Mabosstiff\n|-hitcount|p2: Mabosstiff|6\n|\n|upkeep\n|\n|t:|1733855275\n|switch|p2a: Cyclizar|Cyclizar, L83, F|168/252\n|turn|27\n|\n|t:|1733855283\n|move|p1a: Smeargle|Population Bomb|p2a: Cyclizar\n|-damage|p2a: Cyclizar|128/252\n|-damage|p2a: Cyclizar|85/252\n|-damage|p2a: Cyclizar|45/252\n|-damage|p2a: Cyclizar|5/252\n|-damage|p2a: Cyclizar|0 fnt\n|faint|p2a: Cyclizar\n|-hitcount|p2: Cyclizar|5\n|\n|upkeep\n|c|\u2606Ravine2025|Why does this set exist\n|c|\u2606Ravine2025|actually the fucking dumbest thing on this shit website\n|\n|t:|1733855303\n|switch|p2a: Dragalge|Dragalge, L88, F, tera:Fighting|220/258 slp\n|turn|28\n|\n|t:|1733855309\n|move|p1a: Smeargle|Population Bomb|p2a: Dragalge\n|-damage|p2a: Dragalge|186/258 slp\n|-damage|p2a: Dragalge|155/258 slp\n|-damage|p2a: Dragalge|127/258 slp\n|-damage|p2a: Dragalge|97/258 slp\n|-damage|p2a: Dragalge|67/258 slp\n|-damage|p2a: Dragalge|37/258 slp\n|-damage|p2a: Dragalge|6/258 slp\n|-damage|p2a: Dragalge|0 fnt\n|faint|p2a: Dragalge\n|-hitcount|p2: Dragalge|8\n|\n|win|Bigimonplayr\n", "inputlog": ">version bfd83cad13791eb5a5a409923076391caf6fb4d4\n>start {\"formatid\":\"gen9randombattle\",\"seed\":[40535,23313,51508,57949],\"rated\":\"Rated battle\"}\n>player p1 {\"name\":\"Bigimonplayr\",\"avatar\":\"hiker\",\"rating\":1467,\"seed\":[50067,1828,28221,48208]}\n>player p2 {\"name\":\"Ravine2025\",\"avatar\":\"169\",\"rating\":1468,\"seed\":[27576,47520,26481,51659]}\n>p1 move uturn\n>p2 move playrough\n>p1 switch 4\n>p1 move auroraveil\n>p2 switch 6\n>p1 switch 5\n>p2 move gunkshot\n>p1 move earthquake\n>p2 switch 2\n>p1 move gunkshot\n>p2 move defog\n>p1 move toxicspikes\n>p2 move surf\n>p1 move toxicspikes\n>p2 move bravebird\n>p2 switch 2\n>p1 move earthquake\n>p2 move taunt\n>p1 move earthquake\n>p2 move crunch\n>p1 switch 4\n>p2 move crunch\n>p1 move roost\n>p2 move gunkshot\n>p1 switch 4\n>p1 move earthquake\n>p2 move crunch\n>p2 switch 3\n>p1 move recover\n>p2 move knockoff\n>p1 switch 3\n>p1 move irondefense\n>p2 move shedtail\n>p2 switch 5\n>p1 move flashcannon\n>p2 move noretreat\n>p1 move bodypress terastallize\n>p2 move closecombat\n>p1 move bodypress\n>p2 move ironhead\n>p1 move bodypress\n>p2 move ironhead\n>p1 switch 5\n>p1 switch 2\n>p2 move ironhead\n>p2 switch 5\n>p1 switch 2\n>p2 move knockoff\n>p1 move auroraveil\n>p2 move shedtail\n>p2 switch 4\n>p1 move blizzard\n>p2 move sludgewave\n>p1 move blizzard\n>p2 move sludgewave terastallize\n>p1 switch 6\n>p1 move spore\n>p2 move sludgewave\n>p1 move shellsmash\n>p2 switch 6\n>p1 move populationbomb\n>p2 move crunch\n>p2 switch 4\n>p1 move populationbomb\n>p2 move dracometeor\n>chat \u2606Ravine2025|Why does this set exist \n>chat \u2606Ravine2025|actually the fucking dumbest thing on this shit website \n>p2 switch 6\n>p1 move populationbomb\n>p2 move sludgewave", "uploadtime": 1733855300, "views": 1, "formatid": "gen9randombattle", "rating": null, "private": 0, "password": null}