{"id": "gen9randombattle-2260389885", "format": "[Gen 9] Random Battle", "players": ["Icey Claw", "chenks"], "log": "|j|\u2606Icey Claw\n|j|\u2606chenks\n|t:|1733846890\n|gametype|singles\n|player|p1|Icey Claw|2|1405\n|player|p2|chenks|169|1440\n|teamsize|p1|6\n|teamsize|p2|6\n|gen|9\n|tier|[Gen 9] Random Battle\n|rated|\n|rule|Species Clause: Limit one of each Pok\u00e9mon\n|rule|HP Percentage Mod: HP is shown in percentages\n|rule|Sleep Clause Mod: Limit one foe put to sleep\n|rule|Illusion Level Mod: Illusion disguises the Pok\u00e9mon's true level\n|\n|t:|1733846890\n|start\n|switch|p1a: Alomomola|Alomomola, L87, M|429/429\n|switch|p2a: Toxapex|Toxapex, L82, F|216/216\n|turn|1\n|inactive|Battle timer is ON: inactive players will automatically lose when time's up. (requested by chenks)\n|\n|t:|1733846903\n|switch|p1a: Magearna|Magearna-Original, L77|250/250\n|move|p2a: Toxapex|Toxic|p1a: Magearna\n|-immune|p1a: Magearna\n|\n|upkeep\n|turn|2\n|\n|t:|1733846913\n|move|p1a: Magearna|Thunder Wave|p2a: Toxapex\n|-status|p2a: Toxapex|par\n|cant|p2a: Toxapex|par\n|\n|upkeep\n|turn|3\n|l|\u2606chenks\n|inactive|chenks disconnected and has a minute to reconnect!\n|player|p2|\n|inactive|Icey Claw has 120 seconds left.\n|j|\u2606chenks\n|inactive|chenks reconnected.\n|player|p2|chenks|169|\n|inactive|Icey Claw has 90 seconds left.\n|\n|t:|1733846979\n|switch|p1a: Cryogonal|Cryogonal, L89|287/287\n|move|p2a: Toxapex|Haze|p2a: Toxapex\n|-clearallboost\n|\n|upkeep\n|turn|4\n|inactive|Icey Claw has 90 seconds left.\n|\n|t:|1733847005\n|-terastallize|p1a: Cryogonal|Electric\n|move|p1a: Cryogonal|Tera Blast|p2a: Toxapex|[anim] Tera Blast Electric\n|-supereffective|p2a: Toxapex\n|-damage|p2a: Toxapex|90/216 par\n|move|p2a: Toxapex|Toxic|p1a: Cryogonal\n|-status|p1a: Cryogonal|tox\n|\n|-heal|p2a: Toxapex|103/216 par|[from] item: Leftovers\n|-damage|p1a: Cryogonal|270/287 tox|[from] psn\n|upkeep\n|turn|5\n|inactive|Icey Claw has 90 seconds left.\n|inactive|chenks has 120 seconds left.\n|\n|t:|1733847022\n|switch|p2a: Carbink|Carbink, L90|236/236\n|move|p1a: Cryogonal|Ice Beam|p2a: Carbink\n|-damage|p2a: Carbink|173/236\n|-status|p2a: Carbink|frz\n|\n|-heal|p2a: Carbink|187/236 frz|[from] item: Leftovers\n|-damage|p1a: Cryogonal|236/287 tox|[from] psn\n|upkeep\n|turn|6\n|inactive|Icey Claw has 90 seconds left.\n|inactive|chenks has 120 seconds left.\n|\n|t:|1733847035\n|switch|p1a: Magearna|Magearna-Original, L77|250/250\n|cant|p2a: Carbink|frz\n|\n|-heal|p2a: Carbink|201/236 frz|[from] item: Leftovers\n|upkeep\n|turn|7\n|inactive|Icey Claw has 90 seconds left.\n|inactive|chenks has 120 seconds left.\n|\n|t:|1733847055\n|switch|p2a: Palafin|Palafin, L77, M|281/281\n|move|p1a: Magearna|Flash Cannon|p2a: Palafin\n|-resisted|p2a: Palafin\n|-damage|p2a: Palafin|217/281\n|\n|upkeep\n|turn|8\n|\n|t:|1733847062\n|move|p2a: Palafin|Flip Turn|p1a: Magearna\n|-damage|p1a: Magearna|196/250\n|\n|t:|1733847072\n|detailschange|p2a: Palafin|Palafin-Hero, L77, M\n|switch|p2a: Meganium|Meganium, L90, M|290/290|[from] Flip Turn\n|move|p1a: Magearna|Fleur Cannon|p2a: Meganium\n|-damage|p2a: Meganium|163/290\n|-unboost|p1a: Magearna|spa|2\n|\n|-heal|p2a: Meganium|181/290|[from] item: Leftovers\n|-heal|p1a: Magearna|211/250|[from] item: Leftovers\n|upkeep\n|turn|9\n|inactive|chenks has 120 seconds left.\n|\n|t:|1733847084\n|switch|p1a: Articuno|Articuno-Galar, L84|288/288\n|move|p2a: Meganium|Knock Off|p1a: Articuno\n|-supereffective|p1a: Articuno\n|-crit|p1a: Articuno\n|-damage|p1a: Articuno|78/288\n|-enditem|p1a: Articuno|Heavy-Duty Boots|[from] move: Knock Off|[of] p2a: Meganium\n|\n|-heal|p2a: Meganium|199/290|[from] item: Leftovers\n|upkeep\n|turn|10\n|inactive|chenks has 120 seconds left.\n|\n|t:|1733847101\n|switch|p2a: Lycanroc|Lycanroc-Dusk, L80, M|251/251\n|move|p1a: Articuno|Recover|p1a: Articuno\n|-heal|p1a: Articuno|222/288\n|\n|upkeep\n|turn|11\n|\n|t:|1733847121\n|switch|p1a: Magearna|Magearna-Original, L77|211/250\n|move|p2a: Lycanroc|Close Combat|p1a: Magearna\n|-damage|p1a: Magearna|65/250\n|-unboost|p2a: Lycanroc|def|1\n|-unboost|p2a: Lycanroc|spd|1\n|\n|-heal|p1a: Magearna|80/250|[from] item: Leftovers\n|upkeep\n|turn|12\n|inactive|Icey Claw has 120 seconds left.\n|\n|t:|1733847130\n|switch|p1a: Alomomola|Alomomola, L87, M|429/429\n|move|p2a: Lycanroc|Close Combat|p1a: Alomomola\n|-damage|p1a: Alomomola|240/429\n|-unboost|p2a: Lycanroc|def|1\n|-unboost|p2a: Lycanroc|spd|1\n|-damage|p2a: Lycanroc|210/251|[from] item: Rocky Helmet|[of] p1a: Alomomola\n|\n|upkeep\n|turn|13\n|\n|t:|1733847140\n|switch|p2a: Palafin|Palafin-Hero, L77, M|217/281\n|-activate|p2a: Palafin|ability: Zero to Hero\n|move|p1a: Alomomola|Flip Turn|p2a: Palafin\n|-resisted|p2a: Palafin\n|-damage|p2a: Palafin|187/281\n|\n|t:|1733847146\n|switch|p1a: Cryogonal|Cryogonal, L89, tera:Electric|236/287 tox|[from] Flip Turn\n|\n|-damage|p1a: Cryogonal|219/287 tox|[from] psn\n|upkeep\n|turn|14\n|inactive|chenks has 120 seconds left.\n|\n|t:|1733847160\n|switch|p1a: Magearna|Magearna-Original, L77|80/250\n|switch|p2a: Carbink|Carbink, L90|201/236 frz\n|\n|-heal|p1a: Magearna|95/250|[from] item: Leftovers\n|-heal|p2a: Carbink|215/236 frz|[from] item: Leftovers\n|upkeep\n|turn|15\n|inactive|chenks has 120 seconds left.\n|\n|t:|1733847172\n|move|p1a: Magearna|Fleur Cannon|p2a: Carbink\n|-damage|p2a: Carbink|124/236 frz\n|-unboost|p1a: Magearna|spa|2\n|cant|p2a: Carbink|frz\n|\n|-heal|p1a: Magearna|110/250|[from] item: Leftovers\n|-heal|p2a: Carbink|138/236 frz|[from] item: Leftovers\n|upkeep\n|turn|16\n|\n|t:|1733847182\n|move|p1a: Magearna|Flash Cannon|p2a: Carbink\n|-supereffective|p2a: Carbink\n|-damage|p2a: Carbink|26/236 frz\n|cant|p2a: Carbink|frz\n|\n|-heal|p1a: Magearna|125/250|[from] item: Leftovers\n|-heal|p2a: Carbink|40/236 frz|[from] item: Leftovers\n|upkeep\n|turn|17\n|\n|t:|1733847191\n|move|p1a: Magearna|Flash Cannon|p2a: Carbink\n|-supereffective|p2a: Carbink\n|-damage|p2a: Carbink|0 fnt\n|faint|p2a: Carbink\n|-ability|p1a: Magearna|Soul-Heart|boost\n|-boost|p1a: Magearna|spa|1\n|\n|-heal|p1a: Magearna|140/250|[from] item: Leftovers\n|upkeep\n|\n|t:|1733847200\n|switch|p2a: Palafin|Palafin-Hero, L77, M|187/281\n|turn|18\n|\n|t:|1733847204\n|switch|p1a: Alomomola|Alomomola, L87, M|383/429\n|move|p2a: Palafin|Wave Crash|p1a: Alomomola\n|-resisted|p1a: Alomomola\n|-damage|p1a: Alomomola|269/429\n|-damage|p2a: Palafin|141/281|[from] item: Rocky Helmet|[of] p1a: Alomomola\n|-damage|p2a: Palafin|103/281|[from] Recoil\n|\n|upkeep\n|turn|19\n|\n|t:|1733847220\n|switch|p2a: Terapagos|Terapagos, L76, M|262/262\n|-activate|p2a: Terapagos|ability: Tera Shift\n|detailschange|p2a: Terapagos|Terapagos-Terastal, L76, M\n|-heal|p2a: Terapagos|269/269|[silent]\n|move|p1a: Alomomola|Wish|p1a: Alomomola\n|\n|upkeep\n|turn|20\n|\n|t:|1733847229\n|move|p2a: Terapagos|Calm Mind|p2a: Terapagos\n|-boost|p2a: Terapagos|spa|1\n|-boost|p2a: Terapagos|spd|1\n|move|p1a: Alomomola|Flip Turn|p2a: Terapagos\n|-activate|p2a: Terapagos|ability: Tera Shell\n|-resisted|p2a: Terapagos\n|-damage|p2a: Terapagos|242/269\n|\n|t:|1733847240\n|switch|p1a: Urshifu|Urshifu, L74, M|270/270|[from] Flip Turn\n|\n|upkeep\n|turn|21\n|\n|t:|1733847253\n|-terastallize|p2a: Terapagos|Stellar\n|detailschange|p2a: Terapagos|Terapagos-Stellar, L76, M, tera:Stellar\n|-heal|p2a: Terapagos|341/368|[silent]\n|move|p1a: Urshifu|Close Combat|p2a: Terapagos\n|-supereffective|p2a: Terapagos\n|-damage|p2a: Terapagos|65/368\n|-unboost|p1a: Urshifu|def|1\n|-unboost|p1a: Urshifu|spd|1\n|-damage|p1a: Urshifu|243/270|[from] item: Life Orb\n|move|p2a: Terapagos|Rapid Spin|p1a: Urshifu\n|-damage|p1a: Urshifu|127/270\n|-boost|p2a: Terapagos|spe|1\n|\n|upkeep\n|turn|22\n|\n|t:|1733847268\n|move|p1a: Urshifu|Sucker Punch|p2a: Terapagos\n|-damage|p2a: Terapagos|0 fnt\n|faint|p2a: Terapagos\n|-damage|p1a: Urshifu|100/270|[from] item: Life Orb\n|\n|upkeep\n|\n|t:|1733847277\n|switch|p2a: Palafin|Palafin-Hero, L77, M|103/281\n|turn|23\n|\n|t:|1733847283\n|switch|p1a: Alomomola|Alomomola, L87, M|412/429\n|move|p2a: Palafin|Flip Turn|p1a: Alomomola\n|-resisted|p1a: Alomomola\n|-damage|p1a: Alomomola|354/429\n|-damage|p2a: Palafin|57/281|[from] item: Rocky Helmet|[of] p1a: Alomomola\n|l|\u2606chenks\n|inactive|chenks disconnected and has a minute to reconnect!\n|player|p2|\n|j|\u2606chenks\n|inactive|chenks reconnected and has 125 seconds left.\n|player|p2|chenks|169|\n|inactive|chenks has 120 seconds left.\n|\n|t:|1733847314\n|switch|p2a: Lycanroc|Lycanroc-Dusk, L80, M|210/251|[from] Flip Turn\n|\n|upkeep\n|turn|24\n|inactive|chenks has 120 seconds left.\n|\n|t:|1733847321\n|move|p2a: Lycanroc|Stone Edge|p1a: Alomomola\n|-damage|p1a: Alomomola|180/429\n|move|p1a: Alomomola|Flip Turn|p2a: Lycanroc\n|-supereffective|p2a: Lycanroc\n|-damage|p2a: Lycanroc|58/251\n|-message|chenks forfeited.\n|\n|win|Icey Claw\n|raw|Icey Claw's rating: 1405 &rarr; <strong>1427</strong><br />(+22 for winning)\n|raw|chenks's rating: 1440 &rarr; <strong>1418</strong><br />(-22 for losing)\n|l|\u2606chenks\n|player|p2|\n", "inputlog": ">version bfd83cad13791eb5a5a409923076391caf6fb4d4\n>start {\"formatid\":\"gen9randombattle\",\"seed\":[60234,22293,14681,36207],\"rated\":\"Rated battle\"}\n>player p1 {\"name\":\"Icey Claw\",\"avatar\":\"2\",\"rating\":1405,\"seed\":[30794,60020,36698,42732]}\n>player p2 {\"name\":\"chenks\",\"avatar\":\"169\",\"rating\":1440,\"seed\":[49247,2,34348,46140]}\n>p1 switch 3\n>p2 move toxic\n>p1 move thunderwave\n>p2 move liquidation\n>p1 switch 4\n>p2 move haze\n>p1 move terablast terastallize\n>p2 move toxic\n>p1 move icebeam\n>p2 switch 3\n>p1 switch 4\n>p2 move rockpolish\n>p1 move flashcannon\n>p2 switch 4\n>p1 move fleurcannon\n>p2 move flipturn\n>p2 switch 6\n>p1 switch 6\n>p2 move knockoff\n>p1 move recover\n>p2 switch 5\n>p1 switch 6\n>p2 move closecombat\n>p1 switch 3\n>p2 move closecombat\n>p1 move flipturn\n>p2 switch 6\n>p1 switch 4\n>p1 switch 3\n>p2 switch 4\n>p1 move fleurcannon\n>p2 move rockpolish\n>p1 move flashcannon\n>p2 move rockpolish\n>p1 move flashcannon\n>p2 move rockpolish\n>p2 switch 4\n>p1 switch 4\n>p2 move wavecrash\n>p1 move wish\n>p2 switch 2\n>p1 move flipturn\n>p2 move calmmind\n>p1 switch 5\n>p1 move closecombat\n>p2 move rapidspin terastallize\n>p1 move suckerpunch\n>p2 move terastarstorm\n>p2 switch 2\n>p1 switch 5\n>p2 move flipturn\n>p2 switch 6\n>p1 move flipturn\n>p2 move stoneedge\n>forcelose p2", "uploadtime": 1733847328, "views": 1, "formatid": "gen9randombattle", "rating": 1418, "private": 0, "password": null}