{"id": "gen9randombattle-2260306458", "format": "[Gen 9] Random Battle", "players": ["leybatman1997", "Gotta_ika296"], "log": "|j|\u2606leybatman1997\n|j|\u2606Gotta_ika296\n|t:|1733837877\n|gametype|singles\n|player|p1|leybatman1997|266|1459\n|player|p2|Gotta_ika296|bede-masters|1464\n|teamsize|p1|6\n|teamsize|p2|6\n|gen|9\n|tier|[Gen 9] Random Battle\n|rated|\n|rule|Species Clause: Limit one of each Pok\u00e9mon\n|rule|HP Percentage Mod: HP is shown in percentages\n|rule|Sleep Clause Mod: Limit one foe put to sleep\n|rule|Illusion Level Mod: Illusion disguises the Pok\u00e9mon's true level\n|\n|t:|1733837877\n|start\n|switch|p1a: Primarina|Primarina, L83, M|268/268\n|switch|p2a: Gyarados|Gyarados, L79, M|280/280\n|-ability|p2a: Gyarados|Intimidate|boost\n|-unboost|p1a: Primarina|atk|1\n|turn|1\n|inactive|Battle timer is ON: inactive players will automatically lose when time's up. (requested by Gotta_ika296)\n|inactive|leybatman1997 also wants the timer to be on.\n|\n|t:|1733837885\n|move|p2a: Gyarados|Dragon Dance|p2a: Gyarados\n|-boost|p2a: Gyarados|atk|1\n|-boost|p2a: Gyarados|spe|1\n|move|p1a: Primarina|Calm Mind|p1a: Primarina\n|-boost|p1a: Primarina|spa|1\n|-boost|p1a: Primarina|spd|1\n|\n|upkeep\n|turn|2\n|\n|t:|1733837890\n|move|p2a: Gyarados|Dragon Dance|p2a: Gyarados\n|-boost|p2a: Gyarados|atk|1\n|-boost|p2a: Gyarados|spe|1\n|move|p1a: Primarina|Moonblast|p2a: Gyarados\n|-damage|p2a: Gyarados|120/280\n|\n|upkeep\n|turn|3\n|\n|t:|1733837896\n|-terastallize|p2a: Gyarados|Flying\n|move|p2a: Gyarados|Tera Blast|p1a: Primarina|[anim] Tera Blast Flying\n|-damage|p1a: Primarina|0 fnt\n|faint|p1a: Primarina\n|\n|upkeep\n|\n|t:|1733837924\n|switch|p1a: Baxcalibur|Baxcalibur, L75, F|295/295\n|turn|4\n|\n|t:|1733837931\n|move|p2a: Gyarados|Tera Blast|p1a: Baxcalibur|[anim] Tera Blast Flying\n|-damage|p1a: Baxcalibur|55/295\n|move|p1a: Baxcalibur|Scale Shot|p2a: Gyarados\n|-damage|p2a: Gyarados|86/280\n|-damage|p2a: Gyarados|52/280\n|-damage|p2a: Gyarados|15/280\n|-damage|p2a: Gyarados|0 fnt\n|faint|p2a: Gyarados\n|-hitcount|p2: Gyarados|4\n|-unboost|p1a: Baxcalibur|def|1\n|-boost|p1a: Baxcalibur|spe|1\n|\n|upkeep\n|\n|t:|1733837941\n|switch|p2a: Banette|Banette, L93, F|270/270\n|turn|5\n|inactive|leybatman1997 has 120 seconds left.\n|\n|t:|1733837967\n|move|p2a: Banette|Shadow Sneak|p1a: Baxcalibur\n|-damage|p1a: Baxcalibur|0 fnt\n|faint|p1a: Baxcalibur\n|-damage|p2a: Banette|243/270|[from] item: Life Orb\n|\n|upkeep\n|inactive|leybatman1997 has 120 seconds left.\n|\n|t:|1733837974\n|switch|p1a: Magmortar|Magmortar, L88, M|275/275\n|turn|6\n|\n|t:|1733837981\n|switch|p2a: Magcargo|Magcargo, L95, M|268/268\n|move|p1a: Magmortar|Knock Off|p2a: Magcargo\n|-damage|p2a: Magcargo|216/268\n|-ability|p2a: Magcargo|Weak Armor|boost\n|-unboost|p2a: Magcargo|def|1\n|-boost|p2a: Magcargo|spe|2\n|-enditem|p2a: Magcargo|Heavy-Duty Boots|[from] move: Knock Off|[of] p1a: Magmortar\n|\n|upkeep\n|turn|7\n|inactive|leybatman1997 has 120 seconds left.\n|\n|t:|1733838027\n|switch|p1a: Perrserker|Perrserker, L89, F|269/269\n|move|p2a: Magcargo|Shell Smash|p2a: Magcargo\n|-unboost|p2a: Magcargo|def|1\n|-unboost|p2a: Magcargo|spd|1\n|-boost|p2a: Magcargo|atk|2\n|-boost|p2a: Magcargo|spa|2\n|-boost|p2a: Magcargo|spe|2\n|\n|upkeep\n|turn|8\n|\n|t:|1733838032\n|switch|p1a: Basculegion|Basculegion, L81, M|327/327\n|move|p2a: Magcargo|Earth Power|p1a: Basculegion\n|-damage|p1a: Basculegion|217/327\n|\n|upkeep\n|turn|9\n|\n|t:|1733838036\n|move|p1a: Basculegion|Aqua Jet|p2a: Magcargo\n|-supereffective|p2a: Magcargo\n|-damage|p2a: Magcargo|0 fnt\n|faint|p2a: Magcargo\n|\n|upkeep\n|\n|t:|1733838041\n|switch|p2a: Banette|Banette, L93, F|243/270\n|turn|10\n|inactive|leybatman1997 has 120 seconds left.\n|\n|t:|1733838056\n|switch|p1a: Magmortar|Magmortar, L88, M|275/275\n|move|p2a: Banette|Poltergeist|p1a: Magmortar\n|-activate|p1a: Magmortar|move: Poltergeist|Heavy-Duty Boots\n|-damage|p1a: Magmortar|12/275\n|-damage|p2a: Banette|216/270|[from] item: Life Orb\n|\n|upkeep\n|turn|11\n|\n|t:|1733838058\n|move|p2a: Banette|Shadow Sneak|p1a: Magmortar\n|-damage|p1a: Magmortar|0 fnt\n|faint|p1a: Magmortar\n|-damage|p2a: Banette|189/270|[from] item: Life Orb\n|\n|upkeep\n|\n|t:|1733838065\n|switch|p1a: Perrserker|Perrserker, L89, F|269/269\n|turn|12\n|\n|t:|1733838072\n|move|p2a: Banette|Poltergeist|p1a: Perrserker\n|-activate|p1a: Perrserker|move: Poltergeist|Life Orb\n|-damage|p1a: Perrserker|88/269\n|-damage|p2a: Banette|162/270|[from] item: Life Orb\n|move|p1a: Perrserker|Stealth Rock|p2a: Banette\n|-sidestart|p2: Gotta_ika296|move: Stealth Rock\n|\n|upkeep\n|turn|13\n|\n|t:|1733838080\n|move|p2a: Banette|Poltergeist|p1a: Perrserker\n|-activate|p1a: Perrserker|move: Poltergeist|Life Orb\n|-damage|p1a: Perrserker|0 fnt\n|faint|p1a: Perrserker\n|-damage|p2a: Banette|135/270|[from] item: Life Orb\n|\n|upkeep\n|\n|t:|1733838088\n|switch|p1a: Basculegion|Basculegion, L81, M|217/327\n|turn|14\n|\n|t:|1733838090\n|move|p1a: Basculegion|Aqua Jet|p2a: Banette\n|-damage|p2a: Banette|67/270\n|move|p2a: Banette|Poltergeist|p1a: Basculegion\n|-activate|p1a: Basculegion|move: Poltergeist|Assault Vest\n|-supereffective|p1a: Basculegion\n|-damage|p1a: Basculegion|0 fnt\n|faint|p1a: Basculegion\n|-damage|p2a: Banette|40/270|[from] item: Life Orb\n|\n|upkeep\n|\n|t:|1733838093\n|switch|p1a: Skeledirge|Skeledirge, L79, F|294/294\n|turn|15\n|\n|t:|1733838099\n|-terastallize|p1a: Skeledirge|Water\n|move|p2a: Banette|Poltergeist|p1a: Skeledirge\n|-activate|p1a: Skeledirge|move: Poltergeist|Heavy-Duty Boots\n|-damage|p1a: Skeledirge|76/294\n|-damage|p2a: Banette|13/270|[from] item: Life Orb\n|move|p1a: Skeledirge|Torch Song|p2a: Banette\n|-damage|p2a: Banette|0 fnt\n|-boost|p1a: Skeledirge|spa|1\n|faint|p2a: Banette\n|\n|upkeep\n|\n|t:|1733838104\n|switch|p2a: Dragonite|Dragonite, L74, M|257/257\n|turn|16\n|\n|t:|1733838115\n|move|p2a: Dragonite|Outrage|p1a: Skeledirge\n|-damage|p1a: Skeledirge|0 fnt\n|faint|p1a: Skeledirge\n|\n|win|Gotta_ika296\n|raw|leybatman1997's rating: 1459 &rarr; <strong>1439</strong><br />(-20 for losing)\n|raw|Gotta_ika296's rating: 1464 &rarr; <strong>1484</strong><br />(+20 for winning)\n|l|\u2606leybatman1997\n|player|p1|\n", "inputlog": ">version bfd83cad13791eb5a5a409923076391caf6fb4d4\n>start {\"formatid\":\"gen9randombattle\",\"seed\":[23782,1741,28077,56409],\"rated\":\"Rated battle\"}\n>player p1 {\"name\":\"leybatman1997\",\"avatar\":\"266\",\"rating\":1459,\"seed\":[56529,3317,43096,913]}\n>player p2 {\"name\":\"Gotta_ika296\",\"avatar\":\"bede-masters\",\"rating\":1464,\"seed\":[54063,4066,45422,34476]}\n>p1 move calmmind\n>p2 move dragondance\n>p1 move moonblast\n>p2 move dragondance\n>p1 move drainingkiss\n>p2 move terablast terastallize\n>p1 switch 2\n>p1 move scaleshot\n>p2 move terablast\n>p2 switch 6\n>p1 move iciclespear\n>p2 move shadowsneak\n>p1 switch 4\n>p1 move knockoff\n>p2 switch 4\n>p1 switch 6\n>p2 move shellsmash\n>p1 switch 5\n>p2 move earthpower\n>p1 move aquajet\n>p2 move powergem\n>p2 switch 4\n>p1 switch 6\n>p2 move poltergeist\n>p1 move knockoff\n>p2 move shadowsneak\n>p1 switch 5\n>p1 move stealthrock\n>p2 move poltergeist\n>p1 move ironhead\n>p2 move poltergeist\n>p1 switch 6\n>p1 move aquajet\n>p2 move poltergeist\n>p1 switch 3\n>p1 move torchsong terastallize\n>p2 move poltergeist\n>p2 switch 3\n>p1 move willowisp\n>p2 move outrage", "uploadtime": 1733838134, "views": 2, "formatid": "gen9randombattle", "rating": 1439, "private": 0, "password": null}