{"id": "gen9randombattle-2260776248", "format": "[Gen 9] Random Battle", "players": ["samuelayers", "qiuescent"], "log": "|j|\u2606samuelayers\n|j|\u203dqiuescent\n|t:|1733890337\n|gametype|singles\n|player|p1|samuelayers|gentleman-gen4dp|2233\n|player|p2|qiuescent|266|2254\n|teamsize|p1|6\n|teamsize|p2|6\n|gen|9\n|tier|[Gen 9] Random Battle\n|rated|\n|rule|Species Clause: Limit one of each Pok\u00e9mon\n|rule|HP Percentage Mod: HP is shown in percentages\n|rule|Sleep Clause Mod: Limit one foe put to sleep\n|rule|Illusion Level Mod: Illusion disguises the Pok\u00e9mon's true level\n|\n|t:|1733890337\n|start\n|switch|p1a: Tropius|Tropius, L91, F|328/328\n|switch|p2a: Tyranitar|Tyranitar, L79, F|288/288\n|-weather|Sandstorm|[from] ability: Sand Stream|[of] p2a: Tyranitar\n|turn|1\n|inactive|Battle timer is ON: inactive players will automatically lose when time's up. (requested by samuelayers)\n|\n|t:|1733890358\n|switch|p1a: Toxapex|Toxapex, L82, F|216/216\n|move|p2a: Tyranitar|Knock Off|p1a: Toxapex\n|-damage|p1a: Toxapex|135/216\n|-enditem|p1a: Toxapex|Leftovers|[from] move: Knock Off|[of] p2a: Tyranitar\n|\n|-weather|Sandstorm|[upkeep]\n|-damage|p1a: Toxapex|122/216|[from] Sandstorm\n|upkeep\n|turn|2\n|\n|t:|1733890364\n|move|p2a: Tyranitar|Earthquake|p1a: Toxapex\n|-supereffective|p1a: Toxapex\n|-damage|p1a: Toxapex|14/216\n|move|p1a: Toxapex|Recover|p1a: Toxapex\n|-heal|p1a: Toxapex|122/216\n|\n|-weather|Sandstorm|[upkeep]\n|-damage|p1a: Toxapex|109/216|[from] Sandstorm\n|upkeep\n|turn|3\n|\n|t:|1733890370\n|-terastallize|p1a: Toxapex|Fairy\n|move|p2a: Tyranitar|Earthquake|p1a: Toxapex\n|-damage|p1a: Toxapex|59/216\n|move|p1a: Toxapex|Recover|p1a: Toxapex\n|-heal|p1a: Toxapex|167/216\n|\n|-weather|Sandstorm|[upkeep]\n|-damage|p1a: Toxapex|154/216|[from] Sandstorm\n|upkeep\n|turn|4\n|\n|t:|1733890374\n|switch|p2a: Sableye|Sableye, L89, M|234/234\n|move|p1a: Toxapex|Toxic Spikes|p2a: Sableye\n|-sidestart|p2: qiuescent|move: Toxic Spikes\n|\n|-weather|Sandstorm|[upkeep]\n|-damage|p2a: Sableye|220/234|[from] Sandstorm\n|-damage|p1a: Toxapex|141/216|[from] Sandstorm\n|-heal|p2a: Sableye|234/234|[from] item: Leftovers\n|upkeep\n|turn|5\n|\n|t:|1733890376\n|move|p2a: Sableye|Thunder Wave|p1a: Toxapex\n|-status|p1a: Toxapex|par\n|cant|p1a: Toxapex|par\n|\n|-weather|none\n|upkeep\n|turn|6\n|inactive|qiuescent has 120 seconds left.\n|l|\u203dqiuescent\n|inactive|qiuescent disconnected and has a minute to reconnect!\n|player|p2|\n|j|\u203dqiuescent\n|inactive|qiuescent reconnected and has 100 seconds left.\n|player|p2|qiuescent|266|\n|n|\u203dqiuescent|qiuescent\n|n|\u203dqiuescent|qiuescent\n|\n|t:|1733890436\n|switch|p2a: Lycanroc|Lycanroc, L86, M|269/269\n|-status|p2a: Lycanroc|psn\n|move|p1a: Toxapex|Toxic Spikes|p2a: Lycanroc\n|-sidestart|p2: qiuescent|move: Toxic Spikes\n|\n|-damage|p2a: Lycanroc|236/269 psn|[from] psn\n|upkeep\n|turn|7\n|\n|t:|1733890447\n|switch|p1a: Raikou|Raikou, L81|278/278\n|-ability|p1a: Raikou|Pressure\n|move|p2a: Lycanroc|Stone Edge|p1a: Raikou|[miss]\n|-miss|p2a: Lycanroc|p1a: Raikou\n|\n|-damage|p2a: Lycanroc|203/269 psn|[from] psn\n|upkeep\n|turn|8\n|\n|t:|1733890452\n|move|p2a: Lycanroc|Stone Edge|p1a: Raikou\n|-damage|p1a: Raikou|103/278\n|-damage|p2a: Lycanroc|177/269 psn|[from] item: Life Orb\n|move|p1a: Raikou|Scald|p2a: Lycanroc\n|-supereffective|p2a: Lycanroc\n|-damage|p2a: Lycanroc|41/269 psn\n|\n|-heal|p1a: Raikou|120/278|[from] item: Leftovers\n|-damage|p2a: Lycanroc|8/269 psn|[from] psn\n|upkeep\n|turn|9\n|\n|t:|1733890456\n|switch|p1a: Toxapex|Toxapex, L82, F, tera:Fairy|213/216 par\n|move|p2a: Lycanroc|Stone Edge|p1a: Toxapex\n|-damage|p1a: Toxapex|110/216 par\n|-damage|p2a: Lycanroc|0 fnt|[from] item: Life Orb\n|faint|p2a: Lycanroc\n|\n|upkeep\n|\n|t:|1733890458\n|switch|p2a: Rayquaza|Rayquaza, L72|270/270\n|-ability|p2a: Rayquaza|Air Lock\n|turn|10\n|\n|t:|1733890461\n|move|p2a: Rayquaza|Swords Dance|p2a: Rayquaza\n|-boost|p2a: Rayquaza|atk|2\n|move|p1a: Toxapex|Haze|p1a: Toxapex\n|-clearallboost\n|\n|upkeep\n|turn|11\n|\n|t:|1733890470\n|switch|p1a: Serperior|Serperior, L79, F|248/248\n|move|p2a: Rayquaza|Swords Dance|p2a: Rayquaza\n|-boost|p2a: Rayquaza|atk|2\n|\n|upkeep\n|turn|12\n|\n|t:|1733890476\n|move|p1a: Serperior|Glare|p2a: Rayquaza\n|-status|p2a: Rayquaza|par\n|move|p2a: Rayquaza|Scale Shot|p1a: Serperior\n|-damage|p1a: Serperior|194/248\n|-damage|p1a: Serperior|137/248\n|-damage|p1a: Serperior|80/248\n|-damage|p1a: Serperior|28/248\n|-damage|p1a: Serperior|0 fnt\n|faint|p1a: Serperior\n|-hitcount|p1: Serperior|5\n|-unboost|p2a: Rayquaza|def|1\n|-boost|p2a: Rayquaza|spe|1\n|\n|upkeep\n|\n|t:|1733890483\n|switch|p1a: Bombirdier|Bombirdier, L85, F|258/258\n|turn|13\n|\n|t:|1733890490\n|switch|p2a: Groudon|Groudon, L72|263/263\n|-status|p2a: Groudon|tox\n|-weather|SunnyDay|[from] ability: Drought|[of] p2a: Groudon\n|move|p1a: Bombirdier|Knock Off|p2a: Groudon\n|-damage|p2a: Groudon|173/263 tox\n|-enditem|p2a: Groudon|Leftovers|[from] move: Knock Off|[of] p1a: Bombirdier\n|\n|-weather|SunnyDay|[upkeep]\n|-damage|p2a: Groudon|157/263 tox|[from] psn\n|upkeep\n|turn|14\n|\n|t:|1733890500\n|move|p1a: Bombirdier|Brave Bird|p2a: Groudon\n|-damage|p2a: Groudon|48/263 tox\n|-damage|p1a: Bombirdier|222/258|[from] Recoil\n|move|p2a: Groudon|Heat Crash|p1a: Bombirdier\n|-damage|p1a: Bombirdier|83/258\n|\n|-weather|SunnyDay|[upkeep]\n|-damage|p2a: Groudon|16/263 tox|[from] psn\n|upkeep\n|turn|15\n|\n|t:|1733890504\n|move|p1a: Bombirdier|Knock Off|p2a: Groudon\n|-damage|p2a: Groudon|0 fnt\n|faint|p2a: Groudon\n|\n|-weather|SunnyDay|[upkeep]\n|upkeep\n|\n|t:|1733890508\n|switch|p2a: Tyranitar|Tyranitar, L79, F|288/288\n|-status|p2a: Tyranitar|tox\n|-weather|Sandstorm|[from] ability: Sand Stream|[of] p2a: Tyranitar\n|turn|16\n|\n|t:|1733890512\n|move|p1a: Bombirdier|Roost|p1a: Bombirdier\n|-heal|p1a: Bombirdier|212/258\n|-singleturn|p1a: Bombirdier|move: Roost\n|move|p2a: Tyranitar|Dragon Dance|p2a: Tyranitar\n|-boost|p2a: Tyranitar|atk|1\n|-boost|p2a: Tyranitar|spe|1\n|\n|-weather|Sandstorm|[upkeep]\n|-damage|p1a: Bombirdier|196/258|[from] Sandstorm\n|-damage|p2a: Tyranitar|270/288 tox|[from] psn\n|upkeep\n|turn|17\n|\n|t:|1733890523\n|switch|p1a: Toxapex|Toxapex, L82, F, tera:Fairy|182/216 par\n|move|p2a: Tyranitar|Stone Edge|p1a: Toxapex\n|-crit|p1a: Toxapex\n|-damage|p1a: Toxapex|4/216 par\n|\n|-weather|Sandstorm|[upkeep]\n|-damage|p1a: Toxapex|0 fnt|[from] Sandstorm\n|faint|p1a: Toxapex\n|-heal|p2a: Tyranitar|288/288 tox|[from] item: Leftovers\n|-damage|p2a: Tyranitar|252/288 tox|[from] psn\n|upkeep\n|\n|t:|1733890529\n|switch|p1a: Persian|Persian-Alola, L86, M|252/252\n|turn|18\n|\n|t:|1733890537\n|switch|p1a: Raikou|Raikou, L81|120/278\n|-ability|p1a: Raikou|Pressure\n|move|p2a: Tyranitar|Dragon Dance|p2a: Tyranitar\n|-boost|p2a: Tyranitar|atk|1\n|-boost|p2a: Tyranitar|spe|1\n|\n|-weather|Sandstorm|[upkeep]\n|-damage|p1a: Raikou|103/278|[from] Sandstorm\n|-heal|p2a: Tyranitar|270/288 tox|[from] item: Leftovers\n|-heal|p1a: Raikou|120/278|[from] item: Leftovers\n|-damage|p2a: Tyranitar|216/288 tox|[from] psn\n|upkeep\n|turn|19\n|\n|t:|1733890543\n|switch|p1a: Bombirdier|Bombirdier, L85, F|196/258\n|move|p2a: Tyranitar|Stone Edge|p1a: Bombirdier\n|-supereffective|p1a: Bombirdier\n|-damage|p1a: Bombirdier|0 fnt\n|faint|p1a: Bombirdier\n|\n|-weather|Sandstorm|[upkeep]\n|-heal|p2a: Tyranitar|234/288 tox|[from] item: Leftovers\n|-damage|p2a: Tyranitar|162/288 tox|[from] psn\n|upkeep\n|\n|t:|1733890545\n|switch|p1a: Tropius|Tropius, L91, F|328/328\n|turn|20\n|\n|t:|1733890548\n|move|p1a: Tropius|Protect|p1a: Tropius\n|-singleturn|p1a: Tropius|Protect\n|move|p2a: Tyranitar|Stone Edge|p1a: Tropius\n|-activate|p1a: Tropius|move: Protect\n|\n|-weather|none\n|-heal|p2a: Tyranitar|180/288 tox|[from] item: Leftovers\n|-damage|p2a: Tyranitar|90/288 tox|[from] psn\n|upkeep\n|turn|21\n|\n|t:|1733890551\n|switch|p1a: Persian|Persian-Alola, L86, M|252/252\n|move|p2a: Tyranitar|Stone Edge|p1a: Persian\n|-damage|p1a: Persian|101/252\n|\n|-heal|p2a: Tyranitar|108/288 tox|[from] item: Leftovers\n|-damage|p2a: Tyranitar|0 fnt|[from] psn\n|faint|p2a: Tyranitar\n|upkeep\n|\n|t:|1733890558\n|switch|p2a: Rayquaza|Rayquaza, L72|270/270 par\n|-ability|p2a: Rayquaza|Air Lock\n|turn|22\n|\n|t:|1733890562\n|move|p1a: Persian|Nasty Plot|p1a: Persian\n|-boost|p1a: Persian|spa|2\n|move|p2a: Rayquaza|Scale Shot|p1a: Persian\n|-damage|p1a: Persian|85/252\n|-damage|p1a: Persian|66/252\n|-crit|p1a: Persian\n|-damage|p1a: Persian|39/252\n|-damage|p1a: Persian|21/252\n|-hitcount|p1a: Persian|4\n|-unboost|p2a: Rayquaza|def|1\n|-boost|p2a: Rayquaza|spe|1\n|\n|upkeep\n|turn|23\n|\n|t:|1733890566\n|move|p1a: Persian|Power Gem|p2a: Rayquaza\n|-supereffective|p2a: Rayquaza\n|-damage|p2a: Rayquaza|0 fnt\n|faint|p2a: Rayquaza\n|-damage|p1a: Persian|0 fnt|[from] item: Life Orb\n|faint|p1a: Persian\n|\n|upkeep\n|\n|t:|1733890572\n|switch|p1a: Tropius|Tropius, L91, F|328/328\n|switch|p2a: Sableye|Sableye, L89, M|234/234\n|-status|p2a: Sableye|tox\n|turn|24\n|\n|t:|1733890575\n|move|p1a: Tropius|Protect|p1a: Tropius\n|-singleturn|p1a: Tropius|Protect\n|move|p2a: Sableye|Knock Off|p1a: Tropius\n|-activate|p1a: Tropius|move: Protect\n|\n|-damage|p2a: Sableye|220/234 tox|[from] psn\n|upkeep\n|turn|25\n|\n|t:|1733890579\n|move|p2a: Sableye|Encore|p1a: Tropius\n|-start|p1a: Tropius|Encore\n|move|p1a: Tropius|Protect||[still]\n|-fail|p1a: Tropius\n|\n|-heal|p2a: Sableye|234/234 tox|[from] item: Leftovers\n|-damage|p2a: Sableye|206/234 tox|[from] psn\n|upkeep\n|turn|26\n|\n|t:|1733890582\n|move|p1a: Tropius|Protect|p1a: Tropius\n|-singleturn|p1a: Tropius|Protect\n|move|p2a: Sableye|Knock Off|p1a: Tropius\n|-activate|p1a: Tropius|move: Protect\n|\n|-heal|p2a: Sableye|220/234 tox|[from] item: Leftovers\n|-damage|p2a: Sableye|178/234 tox|[from] psn\n|upkeep\n|turn|27\n|\n|t:|1733890588\n|switch|p1a: Raikou|Raikou, L81|120/278\n|-ability|p1a: Raikou|Pressure\n|move|p2a: Sableye|Knock Off|p1a: Raikou\n|-damage|p1a: Raikou|6/278\n|-enditem|p1a: Raikou|Leftovers|[from] move: Knock Off|[of] p2a: Sableye\n|\n|-heal|p2a: Sableye|192/234 tox|[from] item: Leftovers\n|-damage|p2a: Sableye|136/234 tox|[from] psn\n|upkeep\n|turn|28\n|\n|t:|1733890591\n|move|p1a: Raikou|Thunderbolt|p2a: Sableye\n|-damage|p2a: Sableye|24/234 tox\n|move|p2a: Sableye|Knock Off|p1a: Raikou\n|-damage|p1a: Raikou|0 fnt\n|faint|p1a: Raikou\n|\n|-heal|p2a: Sableye|38/234 tox|[from] item: Leftovers\n|-damage|p2a: Sableye|0 fnt|[from] psn\n|faint|p2a: Sableye\n|upkeep\n|\n|t:|1733890593\n|switch|p1a: Tropius|Tropius, L91, F|328/328\n|switch|p2a: Oranguru|Oranguru, L92, F|315/315\n|-status|p2a: Oranguru|tox\n|turn|29\n|\n|t:|1733890597\n|move|p2a: Oranguru|Nasty Plot|p2a: Oranguru\n|-boost|p2a: Oranguru|spa|2\n|move|p1a: Tropius|Leech Seed|p2a: Oranguru\n|-start|p2a: Oranguru|move: Leech Seed\n|\n|-damage|p2a: Oranguru|276/315 tox|[from] Leech Seed|[of] p1a: Tropius\n|-damage|p2a: Oranguru|257/315 tox|[from] psn\n|upkeep\n|turn|30\n|\n|t:|1733890601\n|move|p2a: Oranguru|Nasty Plot|p2a: Oranguru\n|-boost|p2a: Oranguru|spa|2\n|move|p1a: Tropius|Air Slash|p2a: Oranguru\n|-damage|p2a: Oranguru|205/315 tox\n|\n|-heal|p2a: Oranguru|224/315 tox|[from] item: Leftovers\n|-damage|p2a: Oranguru|185/315 tox|[from] Leech Seed|[of] p1a: Tropius\n|-damage|p2a: Oranguru|147/315 tox|[from] psn\n|upkeep\n|turn|31\n|\n|t:|1733890603\n|move|p1a: Tropius|Protect|p1a: Tropius\n|-singleturn|p1a: Tropius|Protect\n|move|p2a: Oranguru|Nasty Plot|p2a: Oranguru\n|-boost|p2a: Oranguru|spa|2\n|\n|-heal|p2a: Oranguru|166/315 tox|[from] item: Leftovers\n|-damage|p2a: Oranguru|127/315 tox|[from] Leech Seed|[of] p1a: Tropius\n|-damage|p2a: Oranguru|70/315 tox|[from] psn\n|upkeep\n|turn|32\n|\n|t:|1733890605\n|-terastallize|p2a: Oranguru|Psychic\n|move|p1a: Tropius|Protect||[still]\n|-fail|p1a: Tropius\n|move|p2a: Oranguru|Psychic|p1a: Tropius\n|-damage|p1a: Tropius|0 fnt\n|faint|p1a: Tropius\n|\n|win|qiuescent\n|raw|samuelayers's rating: 2233 &rarr; <strong>2214</strong><br />(-19 for losing)\n|raw|qiuescent's rating: 2254 &rarr; <strong>2273</strong><br />(+19 for winning)\n", "inputlog": ">version bfd83cad13791eb5a5a409923076391caf6fb4d4\n>start {\"formatid\":\"gen9randombattle\",\"seed\":[42462,25415,52459,4815],\"rated\":\"Rated battle\"}\n>player p1 {\"name\":\"samuelayers\",\"avatar\":\"gentleman-gen4dp\",\"rating\":2233,\"seed\":[42450,63805,31950,35504]}\n>player p2 {\"name\":\"qiuescent\",\"avatar\":\"266\",\"rating\":2254,\"seed\":[40225,36584,31383,24767]}\n>p1 switch 5\n>p2 move knockoff\n>p1 move recover\n>p2 move earthquake\n>p1 move recover terastallize\n>p2 move earthquake\n>p1 move toxicspikes\n>p2 switch 3\n>p1 move toxicspikes\n>p2 move thunderwave\n>p1 move toxicspikes\n>p2 switch 2\n>p1 switch 6\n>p2 move stoneedge\n>p1 move scald\n>p2 move stoneedge\n>p1 switch 6\n>p2 move stoneedge\n>p2 switch 5\n>p1 move haze\n>p2 move swordsdance\n>p1 switch 3\n>p2 move swordsdance\n>p1 move glare\n>p2 move scaleshot\n>p1 switch 2\n>p1 move knockoff\n>p2 switch 6\n>p1 move bravebird\n>p2 move heatcrash\n>p1 move knockoff\n>p2 move heatcrash\n>p2 switch 3\n>p1 move roost\n>p2 move dragondance\n>p1 switch 3\n>p2 move stoneedge\n>p1 switch 4\n>p1 switch 6\n>p2 move dragondance\n>p1 switch 3\n>p2 move stoneedge\n>p1 switch 5\n>p1 move protect\n>p2 move stoneedge\n>p1 switch 6\n>p2 move stoneedge\n>p2 switch 6\n>p1 move nastyplot\n>p2 move scaleshot\n>p1 move powergem\n>p2 move scaleshot\n>p1 switch 6\n>p2 switch 2\n>p1 move protect\n>p2 move knockoff\n>p1 move substitute\n>p2 move encore\n>p1 move protect\n>p2 move knockoff\n>p1 switch 3\n>p2 move knockoff\n>p1 move thunderbolt\n>p2 move knockoff\n>p1 switch 3\n>p2 switch 4\n>p1 move leechseed\n>p2 move nastyplot\n>p1 move airslash\n>p2 move nastyplot\n>p1 move protect\n>p2 move nastyplot\n>p1 move protect\n>p2 move psychic terastallize", "uploadtime": 1733890608, "views": 17, "formatid": "gen9randombattle", "rating": 2214, "private": 0, "password": null}