{"id": "gen9randombattle-2124448218", "format": "[Gen 9] Random Battle", "players": ["Yusei1789", "smokyaim"], "log": "|j|\u2606Yusei1789\n|j|\u203dsmokyaim\n|t:|1715689239\n|gametype|singles\n|player|p1|Yusei1789|2|2207\n|player|p2|smokyaim|266|2276\n|teamsize|p1|6\n|teamsize|p2|6\n|gen|9\n|tier|[Gen 9] Random Battle\n|rated|\n|rule|Species Clause: Limit one of each Pok\u00e9mon\n|rule|HP Percentage Mod: HP is shown in percentages\n|rule|Sleep Clause Mod: Limit one foe put to sleep\n|rule|Illusion Level Mod: Illusion disguises the Pok\u00e9mon's true level\n|\n|t:|1715689239\n|start\n|switch|p1a: Rabsca|Rabsca, L91, M|284/284\n|switch|p2a: Chi-Yu|Chi-Yu, L77|211/211\n|-ability|p2a: Chi-Yu|Beads of Ruin\n|turn|1\n|inactive|Battle timer is ON: inactive players will automatically lose when time's up. (requested by Yusei1789)\n|\n|t:|1715689256\n|switch|p1a: Azumarill|Azumarill, L82, M|298/298\n|move|p2a: Chi-Yu|Dark Pulse|p1a: Azumarill\n|-resisted|p1a: Azumarill\n|-damage|p1a: Azumarill|192/298\n|\n|upkeep\n|turn|2\n|\n|t:|1715689269\n|switch|p2a: Milotic|Milotic, L83, M|293/293\n|move|p1a: Azumarill|Belly Drum|p1a: Azumarill\n|-damage|p1a: Azumarill|43/298\n|-setboost|p1a: Azumarill|atk|6|[from] move: Belly Drum\n|-enditem|p1a: Azumarill|Sitrus Berry|[eat]\n|-heal|p1a: Azumarill|117/298|[from] item: Sitrus Berry\n|\n|upkeep\n|turn|3\n|\n|t:|1715689278\n|move|p2a: Milotic|Haze|p2a: Milotic\n|-clearallboost\n|move|p1a: Azumarill|Play Rough|p2a: Milotic\n|-damage|p2a: Milotic|166/293\n|\n|-heal|p2a: Milotic|184/293|[from] item: Leftovers\n|upkeep\n|turn|4\n|\n|t:|1715689294\n|move|p2a: Milotic|Scald|p1a: Azumarill\n|-resisted|p1a: Azumarill\n|-damage|p1a: Azumarill|69/298\n|move|p1a: Azumarill|Play Rough|p2a: Milotic\n|-damage|p2a: Milotic|64/293\n|\n|-heal|p2a: Milotic|82/293|[from] item: Leftovers\n|upkeep\n|turn|5\n|j| Popowito\n|\n|t:|1715689302\n|switch|p1a: Thundurus|Thundurus-Therian, L80, M|258/258\n|move|p2a: Milotic|Recover|p2a: Milotic\n|-heal|p2a: Milotic|229/293\n|\n|-heal|p2a: Milotic|247/293|[from] item: Leftovers\n|upkeep\n|turn|6\n|\n|t:|1715689316\n|move|p1a: Thundurus|Sludge Wave|p2a: Milotic\n|-damage|p2a: Milotic|184/293\n|move|p2a: Milotic|Ice Beam|p1a: Thundurus\n|-supereffective|p1a: Thundurus\n|-damage|p1a: Thundurus|112/258\n|\n|-heal|p2a: Milotic|202/293|[from] item: Leftovers\n|upkeep\n|turn|7\n|\n|t:|1715689329\n|switch|p1a: Azumarill|Azumarill, L82, M|69/298\n|switch|p2a: Brambleghast|Brambleghast, L88, M|240/240\n|\n|upkeep\n|turn|8\n|\n|t:|1715689336\n|switch|p1a: Chesnaught|Chesnaught, L84, M|285/285\n|move|p2a: Brambleghast|Power Whip|p1a: Chesnaught\n|-resisted|p1a: Chesnaught\n|-crit|p1a: Chesnaught\n|-damage|p1a: Chesnaught|200/285\n|-damage|p2a: Brambleghast|200/240|[from] item: Rocky Helmet|[of] p1a: Chesnaught\n|\n|-heal|p2a: Brambleghast|215/240|[from] item: Leftovers\n|upkeep\n|turn|9\n|\n|t:|1715689347\n|switch|p2a: Deoxys|Deoxys-Speed, L82|216/216\n|-ability|p2a: Deoxys|Pressure\n|move|p1a: Chesnaught|Spikes|p2a: Deoxys\n|-sidestart|p2: smokyaim|Spikes\n|\n|upkeep\n|turn|10\n|\n|t:|1715689358\n|switch|p1a: Overqwil|Overqwil, L82, M|274/274\n|-ability|p1a: Overqwil|Intimidate|boost\n|-unboost|p2a: Deoxys|atk|1\n|move|p2a: Deoxys|Stealth Rock|p1a: Overqwil\n|-sidestart|p1: Yusei1789|move: Stealth Rock\n|\n|upkeep\n|turn|11\n|\n|t:|1715689387\n|move|p2a: Deoxys|Taunt|p1a: Overqwil\n|-start|p1a: Overqwil|move: Taunt\n|move|p1a: Overqwil|Gunk Shot|p2a: Deoxys\n|-damage|p2a: Deoxys|26/216\n|\n|-heal|p2a: Deoxys|39/216|[from] item: Leftovers\n|upkeep\n|turn|12\n|\n|t:|1715689398\n|move|p2a: Deoxys|Knock Off|p1a: Overqwil\n|-resisted|p1a: Overqwil\n|-damage|p1a: Overqwil|252/274\n|-enditem|p1a: Overqwil|Choice Band|[from] move: Knock Off|[of] p2a: Deoxys\n|move|p1a: Overqwil|Gunk Shot|p2a: Deoxys\n|-damage|p2a: Deoxys|0 fnt\n|faint|p2a: Deoxys\n|\n|upkeep\n|inactive|smokyaim has 120 seconds left.\n|\n|t:|1715689424\n|switch|p2a: Chi-Yu|Chi-Yu, L77|211/211\n|-damage|p2a: Chi-Yu|185/211|[from] Spikes\n|-ability|p2a: Chi-Yu|Beads of Ruin\n|turn|13\n|\n|t:|1715689446\n|-terastallize|p1a: Overqwil|Water\n|move|p2a: Chi-Yu|Flamethrower|p1a: Overqwil\n|-resisted|p1a: Overqwil\n|-damage|p1a: Overqwil|114/274\n|move|p1a: Overqwil|Liquidation|p2a: Chi-Yu\n|-supereffective|p2a: Chi-Yu\n|-damage|p2a: Chi-Yu|0 fnt\n|faint|p2a: Chi-Yu\n|\n|-end|p1a: Overqwil|move: Taunt\n|upkeep\n|\n|t:|1715689458\n|switch|p2a: Brambleghast|Brambleghast, L88, M|215/240\n|-damage|p2a: Brambleghast|185/240|[from] Spikes\n|turn|14\n|\n|t:|1715689466\n|switch|p1a: Azumarill|Azumarill, L82, M|69/298\n|-damage|p1a: Azumarill|32/298|[from] Stealth Rock\n|move|p2a: Brambleghast|Substitute|p2a: Brambleghast\n|-start|p2a: Brambleghast|Substitute\n|-damage|p2a: Brambleghast|125/240\n|\n|-heal|p2a: Brambleghast|140/240|[from] item: Leftovers\n|upkeep\n|turn|15\n|\n|t:|1715689473\n|move|p1a: Azumarill|Aqua Jet|p2a: Brambleghast\n|-resisted|p2a: Brambleghast\n|-activate|p2a: Brambleghast|move: Substitute|[damage]\n|move|p2a: Brambleghast|Power Whip|p1a: Azumarill\n|-supereffective|p1a: Azumarill\n|-damage|p1a: Azumarill|0 fnt\n|faint|p1a: Azumarill\n|\n|-heal|p2a: Brambleghast|155/240|[from] item: Leftovers\n|upkeep\n|\n|t:|1715689483\n|switch|p1a: Chesnaught|Chesnaught, L84, M|200/285\n|-damage|p1a: Chesnaught|183/285|[from] Stealth Rock\n|turn|16\n|\n|t:|1715689487\n|move|p2a: Brambleghast|Poltergeist|p1a: Chesnaught\n|-activate|p1a: Chesnaught|move: Poltergeist|Rocky Helmet\n|-damage|p1a: Chesnaught|78/285\n|move|p1a: Chesnaught|Synthesis|p1a: Chesnaught\n|-heal|p1a: Chesnaught|220/285\n|\n|-heal|p2a: Brambleghast|170/240|[from] item: Leftovers\n|upkeep\n|turn|17\n|\n|t:|1715689508\n|move|p2a: Brambleghast|Poltergeist|p1a: Chesnaught\n|-activate|p1a: Chesnaught|move: Poltergeist|Rocky Helmet\n|-damage|p1a: Chesnaught|106/285\n|move|p1a: Chesnaught|Synthesis|p1a: Chesnaught\n|-heal|p1a: Chesnaught|248/285\n|\n|-heal|p2a: Brambleghast|185/240|[from] item: Leftovers\n|upkeep\n|turn|18\n|\n|t:|1715689517\n|move|p2a: Brambleghast|Poltergeist|p1a: Chesnaught\n|-activate|p1a: Chesnaught|move: Poltergeist|Rocky Helmet\n|-damage|p1a: Chesnaught|131/285\n|move|p1a: Chesnaught|Spikes|p2a: Brambleghast\n|-sidestart|p2: smokyaim|Spikes\n|\n|-heal|p2a: Brambleghast|200/240|[from] item: Leftovers\n|upkeep\n|turn|19\n|\n|t:|1715689524\n|move|p2a: Brambleghast|Poltergeist|p1a: Chesnaught|[miss]\n|-miss|p2a: Brambleghast|p1a: Chesnaught\n|move|p1a: Chesnaught|Synthesis|p1a: Chesnaught\n|-heal|p1a: Chesnaught|273/285\n|\n|-heal|p2a: Brambleghast|215/240|[from] item: Leftovers\n|upkeep\n|turn|20\n|\n|t:|1715689531\n|move|p2a: Brambleghast|Power Whip|p1a: Chesnaught\n|-resisted|p1a: Chesnaught\n|-crit|p1a: Chesnaught\n|-damage|p1a: Chesnaught|180/285\n|-damage|p2a: Brambleghast|175/240|[from] item: Rocky Helmet|[of] p1a: Chesnaught\n|move|p1a: Chesnaught|Spikes|p2a: Brambleghast\n|-sidestart|p2: smokyaim|Spikes\n|\n|-heal|p2a: Brambleghast|190/240|[from] item: Leftovers\n|upkeep\n|turn|21\n|\n|t:|1715689537\n|move|p2a: Brambleghast|Poltergeist|p1a: Chesnaught\n|-activate|p1a: Chesnaught|move: Poltergeist|Rocky Helmet\n|-damage|p1a: Chesnaught|66/285\n|move|p1a: Chesnaught|Synthesis|p1a: Chesnaught\n|-heal|p1a: Chesnaught|208/285\n|\n|-heal|p2a: Brambleghast|205/240|[from] item: Leftovers\n|upkeep\n|turn|22\n|\n|t:|1715689546\n|move|p2a: Brambleghast|Power Whip|p1a: Chesnaught\n|-resisted|p1a: Chesnaught\n|-damage|p1a: Chesnaught|149/285\n|-damage|p2a: Brambleghast|165/240|[from] item: Rocky Helmet|[of] p1a: Chesnaught\n|move|p1a: Chesnaught|Synthesis|p1a: Chesnaught\n|-heal|p1a: Chesnaught|285/285\n|\n|-heal|p2a: Brambleghast|180/240|[from] item: Leftovers\n|upkeep\n|turn|23\n|\n|t:|1715689554\n|move|p2a: Brambleghast|Power Whip|p1a: Chesnaught\n|-resisted|p1a: Chesnaught\n|-damage|p1a: Chesnaught|218/285\n|-damage|p2a: Brambleghast|140/240|[from] item: Rocky Helmet|[of] p1a: Chesnaught\n|move|p1a: Chesnaught|Wood Hammer|p2a: Brambleghast\n|-resisted|p2a: Brambleghast\n|-end|p2a: Brambleghast|Substitute\n|-damage|p1a: Chesnaught|208/285|[from] Recoil|[of] p2a: Brambleghast\n|\n|-heal|p2a: Brambleghast|155/240|[from] item: Leftovers\n|upkeep\n|turn|24\n|\n|t:|1715689568\n|switch|p2a: Honchkrow|Honchkrow, L86, F|312/312\n|move|p1a: Chesnaught|Wood Hammer|p2a: Honchkrow\n|-resisted|p2a: Honchkrow\n|-damage|p2a: Honchkrow|218/312\n|-damage|p1a: Chesnaught|177/285|[from] Recoil\n|\n|upkeep\n|turn|25\n|\n|t:|1715689585\n|move|p2a: Honchkrow|Brave Bird|p1a: Chesnaught\n|-supereffective|p1a: Chesnaught\n|-damage|p1a: Chesnaught|0 fnt\n|-damage|p2a: Honchkrow|166/312|[from] item: Rocky Helmet|[of] p1a: Chesnaught\n|faint|p1a: Chesnaught\n|-ability|p2a: Honchkrow|Moxie|boost\n|-boost|p2a: Honchkrow|atk|1\n|-damage|p2a: Honchkrow|108/312|[from] Recoil\n|\n|upkeep\n|\n|t:|1715689594\n|switch|p1a: Overqwil|Overqwil, L82, M, tera:Water|114/274\n|-damage|p1a: Overqwil|80/274|[from] Stealth Rock\n|-ability|p1a: Overqwil|Intimidate|boost\n|-unboost|p2a: Honchkrow|atk|1\n|turn|26\n|\n|t:|1715689607\n|move|p1a: Overqwil|Liquidation|p2a: Honchkrow\n|-damage|p2a: Honchkrow|0 fnt\n|faint|p2a: Honchkrow\n|\n|upkeep\n|\n|t:|1715689612\n|switch|p2a: Brambleghast|Brambleghast, L88, M|155/240\n|-damage|p2a: Brambleghast|95/240|[from] Spikes\n|turn|27\n|\n|t:|1715689617\n|move|p2a: Brambleghast|Power Whip|p1a: Overqwil\n|-supereffective|p1a: Overqwil\n|-damage|p1a: Overqwil|0 fnt\n|faint|p1a: Overqwil\n|\n|-heal|p2a: Brambleghast|110/240|[from] item: Leftovers\n|upkeep\n|j| Delta 2777\n|l| Delta 2777\n|\n|t:|1715689637\n|switch|p1a: Araquanid|Araquanid, L82, F|246/246\n|turn|28\n|\n|t:|1715689649\n|move|p2a: Brambleghast|Power Whip|p1a: Araquanid\n|-damage|p1a: Araquanid|77/246\n|move|p1a: Araquanid|Leech Life|p2a: Brambleghast\n|-damage|p2a: Brambleghast|35/240\n|-heal|p1a: Araquanid|115/246|[from] drain|[of] p2a: Brambleghast\n|\n|-heal|p2a: Brambleghast|50/240|[from] item: Leftovers\n|upkeep\n|turn|29\n|\n|t:|1715689658\n|move|p2a: Brambleghast|Poltergeist|p1a: Araquanid\n|-activate|p1a: Araquanid|move: Poltergeist|Heavy-Duty Boots\n|-damage|p1a: Araquanid|0 fnt\n|faint|p1a: Araquanid\n|\n|-heal|p2a: Brambleghast|65/240|[from] item: Leftovers\n|upkeep\n|\n|t:|1715689661\n|switch|p1a: Thundurus|Thundurus-Therian, L80, M|112/258\n|-damage|p1a: Thundurus|48/258|[from] Stealth Rock\n|turn|30\n|\n|t:|1715689670\n|move|p1a: Thundurus|Thunderbolt|p2a: Brambleghast\n|-resisted|p2a: Brambleghast\n|-damage|p2a: Brambleghast|0 fnt\n|faint|p2a: Brambleghast\n|\n|upkeep\n|\n|t:|1715689676\n|switch|p2a: Araquanid|Araquanid, L82, F|246/246\n|turn|31\n|\n|t:|1715689682\n|-terastallize|p2a: Araquanid|Ground\n|move|p1a: Thundurus|Thunderbolt|p2a: Araquanid\n|-immune|p2a: Araquanid\n|move|p2a: Araquanid|Liquidation|p1a: Thundurus\n|-damage|p1a: Thundurus|0 fnt\n|faint|p1a: Thundurus\n|\n|upkeep\n|\n|t:|1715689685\n|switch|p1a: Rabsca|Rabsca, L91, M|284/284\n|turn|32\n|\n|t:|1715689697\n|move|p2a: Araquanid|Leech Life|p1a: Rabsca\n|-supereffective|p1a: Rabsca\n|-damage|p1a: Rabsca|158/284\n|move|p1a: Rabsca|Revival Blessing|p1a: Rabsca\n|\n|t:|1715689708\n|-heal|p1: Chesnaught|142/285|[from] move: Revival Blessing\n|\n|upkeep\n|turn|33\n|\n|t:|1715689719\n|move|p2a: Araquanid|Sticky Web|p1a: Rabsca\n|-sidestart|p1: Yusei1789|move: Sticky Web\n|move|p1a: Rabsca|Psychic|p2a: Araquanid\n|-damage|p2a: Araquanid|156/246\n|-unboost|p2a: Araquanid|spd|1\n|\n|upkeep\n|turn|34\n|\n|t:|1715689737\n|move|p2a: Araquanid|Hydro Pump|p1a: Rabsca\n|-damage|p1a: Rabsca|40/284\n|move|p1a: Rabsca|Trick Room|p1a: Rabsca\n|-fieldstart|move: Trick Room|[of] p1a: Rabsca\n|\n|upkeep\n|turn|35\n|\n|t:|1715689744\n|move|p1a: Rabsca|Psychic|p2a: Araquanid\n|-damage|p2a: Araquanid|21/246\n|move|p2a: Araquanid|Sticky Web||[still]\n|-fail|p2a: Araquanid\n|\n|upkeep\n|turn|36\n|\n|t:|1715689756\n|move|p1a: Rabsca|Psychic|p2a: Araquanid\n|-damage|p2a: Araquanid|0 fnt\n|faint|p2a: Araquanid\n|\n|upkeep\n|j| Meat pie dealer\n|\n|t:|1715689758\n|switch|p2a: Milotic|Milotic, L83, M|202/293\n|-damage|p2a: Milotic|129/293|[from] Spikes\n|turn|37\n|inactive|smokyaim has 120 seconds left.\n|inactive|smokyaim has 90 seconds left.\n|\n|t:|1715689836\n|move|p1a: Rabsca|Psychic|p2a: Milotic\n|-damage|p2a: Milotic|29/293\n|move|p2a: Milotic|Ice Beam|p1a: Rabsca\n|-damage|p1a: Rabsca|0 fnt\n|faint|p1a: Rabsca\n|\n|-heal|p2a: Milotic|47/293|[from] item: Leftovers\n|upkeep\n|\n|t:|1715689841\n|switch|p1a: Chesnaught|Chesnaught, L84, M|142/285\n|-damage|p1a: Chesnaught|125/285|[from] Stealth Rock\n|-activate|p1a: Chesnaught|move: Sticky Web\n|-unboost|p1a: Chesnaught|spe|1\n|turn|38\n|-message|smokyaim forfeited.\n|\n|win|Yusei1789\n|raw|Yusei1789's rating: 2207 &rarr; <strong>2231</strong><br />(+24 for winning)\n|raw|smokyaim's rating: 2276 &rarr; <strong>2252</strong><br />(-24 for losing)\n|l|\u203dsmokyaim\n|player|p2|\n", "inputlog": ">version 80ea9d1f890aa30f79744790e00b820c91be1203\n>start {\"formatid\":\"gen9randombattle\",\"seed\":[43289,58217,9483,30399],\"rated\":\"Rated battle\"}\n>player p1 {\"name\":\"Yusei1789\",\"avatar\":\"2\",\"rating\":2207,\"seed\":[48628,6918,38010,3469]}\n>player p2 {\"name\":\"smokyaim\",\"avatar\":\"266\",\"rating\":2276,\"seed\":[48632,38313,34845,31050]}\n>p1 switch 6\n>p2 move darkpulse\n>p1 move bellydrum\n>p2 switch 3\n>p1 move playrough\n>p2 move haze\n>p1 move playrough\n>p2 move scald\n>p1 switch 2\n>p2 move recover\n>p1 move sludgewave\n>p2 move icebeam\n>p1 switch 2\n>p2 switch 2\n>p1 switch 5\n>p2 move powerwhip\n>p1 move spikes\n>p2 switch 5\n>p1 switch 4\n>p2 move stealthrock\n>p1 move gunkshot\n>p2 move taunt\n>p1 move gunkshot\n>p2 move knockoff\n>p2 switch 3\n>p1 move liquidation terastallize\n>p2 move flamethrower\n>p2 switch 5\n>p1 switch 5\n>p2 move substitute\n>p1 move aquajet\n>p2 move powerwhip\n>p1 switch 4\n>p1 move synthesis\n>p2 move poltergeist\n>p1 move synthesis\n>p2 move poltergeist\n>p1 move spikes\n>p2 move poltergeist\n>p1 move synthesis\n>p2 move poltergeist\n>p1 move spikes\n>p2 move powerwhip\n>p1 move synthesis\n>p2 move poltergeist\n>p1 move synthesis\n>p2 move powerwhip\n>p1 move woodhammer\n>p2 move powerwhip\n>p1 move woodhammer\n>p2 switch 4\n>p1 move bodypress\n>p2 move bravebird\n>p1 switch 5\n>p1 move liquidation\n>p2 move bravebird\n>p2 switch 4\n>p1 move crunch\n>p2 move powerwhip\n>p1 switch 3\n>p1 move leechlife\n>p2 move powerwhip\n>p1 move leechlife\n>p2 move poltergeist\n>p1 switch 2\n>p1 move thunderbolt\n>p2 move poltergeist\n>p2 switch 6\n>p1 move thunderbolt\n>p2 move liquidation terastallize\n>p1 switch 6\n>p1 move revivalblessing\n>p2 move leechlife\n>p1 switch 5\n>p1 move psychic\n>p2 move stickyweb\n>p1 move trickroom\n>p2 move hydropump\n>p1 move psychic\n>p2 move stickyweb\n>p1 move psychic\n>p2 move liquidation\n>p2 switch 2\n>p1 move psychic\n>p2 move icebeam\n>p1 switch 5\n>forcelose p2", "uploadtime": 1715689855, "views": 225, "formatid": "gen9randombattle", "rating": 2231, "private": 0, "password": null}