{"id": "gen9randombattle-2260521026", "format": "[Gen 9] Random Battle", "players": ["gastrodyurt", "sesebseesb"], "log": "|j|\u2606gastrodyurt\n|j|\u2606sesebseesb\n|t:|1733859640\n|gametype|singles\n|player|p1|gastrodyurt|schoolkid-gen4dp|1121\n|player|p2|sesebseesb|266|1077\n|teamsize|p1|6\n|teamsize|p2|6\n|gen|9\n|tier|[Gen 9] Random Battle\n|rated|\n|rule|Species Clause: Limit one of each Pok\u00e9mon\n|rule|HP Percentage Mod: HP is shown in percentages\n|rule|Sleep Clause Mod: Limit one foe put to sleep\n|rule|Illusion Level Mod: Illusion disguises the Pok\u00e9mon's true level\n|\n|t:|1733859640\n|start\n|switch|p1a: Rotom|Rotom, L88|231/231\n|switch|p2a: Sudowoodo|Sudowoodo, L94, F|284/284\n|turn|1\n|\n|t:|1733859651\n|move|p1a: Rotom|Will-O-Wisp|p2a: Sudowoodo\n|-status|p2a: Sudowoodo|brn\n|move|p2a: Sudowoodo|Stealth Rock|p1a: Rotom\n|-sidestart|p1: gastrodyurt|move: Stealth Rock\n|\n|-damage|p2a: Sudowoodo|267/284 brn|[from] brn\n|upkeep\n|turn|2\n|\n|t:|1733859660\n|move|p1a: Rotom|Nasty Plot|p1a: Rotom\n|-boost|p1a: Rotom|spa|2\n|move|p2a: Sudowoodo|Head Smash|p1a: Rotom\n|-damage|p1a: Rotom|123/231\n|\n|-heal|p2a: Sudowoodo|284/284 brn|[from] item: Leftovers\n|-damage|p2a: Sudowoodo|267/284 brn|[from] brn\n|upkeep\n|turn|3\n|\n|t:|1733859673\n|move|p2a: Sudowoodo|Sucker Punch|p1a: Rotom\n|-supereffective|p1a: Rotom\n|-damage|p1a: Rotom|59/231\n|move|p1a: Rotom|Shadow Ball|p2a: Sudowoodo\n|-damage|p2a: Sudowoodo|25/284 brn\n|-unboost|p2a: Sudowoodo|spd|1\n|-damage|p1a: Rotom|36/231|[from] item: Life Orb\n|\n|-heal|p2a: Sudowoodo|42/284 brn|[from] item: Leftovers\n|-damage|p2a: Sudowoodo|25/284 brn|[from] brn\n|upkeep\n|turn|4\n|\n|t:|1733859685\n|move|p1a: Rotom|Nasty Plot|p1a: Rotom\n|-boost|p1a: Rotom|spa|2\n|move|p2a: Sudowoodo|Head Smash|p1a: Rotom\n|-damage|p1a: Rotom|0 fnt\n|faint|p1a: Rotom\n|\n|-heal|p2a: Sudowoodo|42/284 brn|[from] item: Leftovers\n|-damage|p2a: Sudowoodo|25/284 brn|[from] brn\n|upkeep\n|\n|t:|1733859717\n|switch|p1a: Tatsugiri|Tatsugiri, L87, F|260/260\n|turn|5\n|\n|t:|1733859725\n|switch|p2a: Amoonguss|Amoonguss, L82, M|321/321\n|move|p1a: Tatsugiri|Rapid Spin|p2a: Amoonguss\n|-damage|p2a: Amoonguss|291/321\n|-boost|p1a: Tatsugiri|spe|1\n|-sideend|p1: gastrodyurt|Stealth Rock|[from] move: Rapid Spin|[of] p1a: Tatsugiri\n|\n|-heal|p2a: Amoonguss|311/321|[from] item: Leftovers\n|upkeep\n|turn|6\n|\n|t:|1733859746\n|switch|p1a: Decidueye|Decidueye, L88, M|281/281\n|move|p2a: Amoonguss|Toxic|p1a: Decidueye\n|-status|p1a: Decidueye|tox\n|\n|-heal|p2a: Amoonguss|321/321|[from] item: Leftovers\n|-damage|p1a: Decidueye|264/281 tox|[from] psn\n|upkeep\n|turn|7\n|\n|t:|1733859758\n|switch|p2a: Toucannon|Toucannon, L88, F|284/284\n|move|p1a: Decidueye|Swords Dance|p1a: Decidueye\n|-boost|p1a: Decidueye|atk|2\n|\n|-damage|p1a: Decidueye|230/281 tox|[from] psn\n|upkeep\n|turn|8\n|\n|t:|1733859768\n|-singleturn|p2a: Toucannon|move: Beak Blast\n|move|p1a: Decidueye|Poltergeist|p2a: Toucannon\n|-immune|p2a: Toucannon\n|move|p2a: Toucannon|Beak Blast|p1a: Decidueye\n|-supereffective|p1a: Decidueye\n|-crit|p1a: Decidueye\n|-damage|p1a: Decidueye|0 fnt\n|faint|p1a: Decidueye\n|\n|upkeep\n|-message|gastrodyurt forfeited.\n|\n|win|sesebseesb\n|raw|gastrodyurt's rating: 1121 &rarr; <strong>1095</strong><br />(-26 for losing)\n|raw|sesebseesb's rating: 1107 &rarr; <strong>1133</strong><br />(+26 for winning)\n|l|\u2606gastrodyurt\n|player|p1|\n", "inputlog": ">version bfd83cad13791eb5a5a409923076391caf6fb4d4\n>start {\"formatid\":\"gen9randombattle\",\"seed\":[55504,9242,26726,31747],\"rated\":\"Rated battle\"}\n>player p1 {\"name\":\"gastrodyurt\",\"avatar\":\"schoolkid-gen4dp\",\"rating\":1121,\"seed\":[49112,49682,15899,34417]}\n>player p2 {\"name\":\"sesebseesb\",\"avatar\":\"266\",\"rating\":1077,\"seed\":[35640,31196,33094,23327]}\n>p1 move willowisp\n>p2 move stealthrock\n>p1 move nastyplot\n>p2 move headsmash\n>p1 move shadowball\n>p2 move suckerpunch\n>p1 move nastyplot\n>p2 move headsmash\n>p1 switch 2\n>p1 move rapidspin\n>p2 switch 5\n>p1 switch 5\n>p2 move toxic\n>p1 move swordsdance\n>p2 switch 3\n>p1 move poltergeist\n>p2 move beakblast\n>forcelose p1", "uploadtime": 1733859785, "views": 1, "formatid": "gen9randombattle", "rating": 1095, "private": 0, "password": null}