{"id": "gen9randombattle-2260857617", "format": "[Gen 9] Random Battle", "players": ["lunadream", "Arxz"], "log": "|j|\u2606lunadream\n|j|\u2606Arxz\n|t:|1733905436\n|gametype|singles\n|player|p1|lunadream|265|2083\n|player|p2|Arxz|hoopster|2052\n|teamsize|p1|6\n|teamsize|p2|6\n|gen|9\n|tier|[Gen 9] Random Battle\n|rated|\n|rule|Species Clause: Limit one of each Pok\u00e9mon\n|rule|HP Percentage Mod: HP is shown in percentages\n|rule|Sleep Clause Mod: Limit one foe put to sleep\n|rule|Illusion Level Mod: Illusion disguises the Pok\u00e9mon's true level\n|\n|t:|1733905436\n|start\n|switch|p1a: Cyclizar|Cyclizar, L83, F|252/252\n|switch|p2a: Clodsire|Clodsire, L81, M|343/343\n|turn|1\n|inactive|Battle timer is ON: inactive players will automatically lose when time's up. (requested by lunadream)\n|\n|t:|1733905442\n|move|p1a: Cyclizar|Knock Off|p2a: Clodsire\n|-damage|p2a: Clodsire|248/343\n|-enditem|p2a: Clodsire|Leftovers|[from] move: Knock Off|[of] p1a: Cyclizar\n|move|p2a: Clodsire|Stealth Rock|p1a: Cyclizar\n|-sidestart|p1: lunadream|move: Stealth Rock\n|\n|upkeep\n|turn|2\n|\n|t:|1733905445\n|move|p1a: Cyclizar|Rapid Spin|p2a: Clodsire\n|-damage|p2a: Clodsire|181/343\n|-boost|p1a: Cyclizar|spe|1\n|-sideend|p1: lunadream|Stealth Rock|[from] move: Rapid Spin|[of] p1a: Cyclizar\n|move|p2a: Clodsire|Earthquake|p1a: Cyclizar\n|-damage|p1a: Cyclizar|155/252\n|\n|upkeep\n|turn|3\n|\n|t:|1733905450\n|move|p1a: Cyclizar|Shed Tail|p1a: Cyclizar\n|-start|p1a: Cyclizar|Substitute|[from] move: Shed Tail\n|-damage|p1a: Cyclizar|29/252\n|\n|t:|1733905460\n|switch|p1a: Sawsbuck|Sawsbuck-Autumn, L88, M|284/284|[from] Shed Tail\n|move|p2a: Clodsire|Recover|p2a: Clodsire\n|-heal|p2a: Clodsire|343/343\n|\n|upkeep\n|turn|4\n|\n|t:|1733905482\n|switch|p2a: Skuntank|Skuntank, L84, M|310/310\n|move|p1a: Sawsbuck|Swords Dance|p1a: Sawsbuck\n|-boost|p1a: Sawsbuck|atk|2\n|\n|upkeep\n|turn|5\n|\n|t:|1733905487\n|move|p2a: Skuntank|Sucker Punch|p1a: Sawsbuck\n|-end|p1a: Sawsbuck|Substitute\n|move|p1a: Sawsbuck|Headbutt|p2a: Skuntank\n|-damage|p2a: Skuntank|29/310\n|-damage|p1a: Sawsbuck|256/284|[from] item: Life Orb\n|\n|upkeep\n|turn|6\n|\n|t:|1733905500\n|switch|p1a: Cyclizar|Cyclizar, L83, F|113/252\n|move|p2a: Skuntank|Knock Off|p1a: Cyclizar\n|-damage|p1a: Cyclizar|0 fnt\n|-enditem|p1a: Cyclizar|Heavy-Duty Boots|[from] move: Knock Off|[of] p2a: Skuntank\n|faint|p1a: Cyclizar\n|\n|upkeep\n|c|\u2606lunadream|okay i did not expect that\n|inactive|lunadream has 120 seconds left.\n|\n|t:|1733905533\n|switch|p1a: Meganium|Meganium, L90, F|290/290\n|turn|7\n|\n|t:|1733905551\n|move|p1a: Meganium|Earthquake|p2a: Skuntank\n|-supereffective|p2a: Skuntank\n|-damage|p2a: Skuntank|0 fnt\n|faint|p2a: Skuntank\n|-damage|p1a: Meganium|261/290|[from] item: Life Orb\n|\n|upkeep\n|\n|t:|1733905560\n|switch|p2a: Heracross|Heracross, L80, F|259/259\n|turn|8\n|\n|t:|1733905566\n|switch|p1a: Granbull|Granbull, L88, F|302/302\n|-ability|p1a: Granbull|Intimidate|boost\n|-unboost|p2a: Heracross|atk|1\n|move|p2a: Heracross|Trailblaze|p1a: Granbull\n|-damage|p1a: Granbull|274/302\n|-boost|p2a: Heracross|spe|1\n|\n|-heal|p1a: Granbull|292/302|[from] item: Leftovers\n|-status|p2a: Heracross|brn|[from] item: Flame Orb\n|upkeep\n|turn|9\n|c|\u2606Arxz|I'm not liking my odds even than with this team\n|inactive|Arxz has 120 seconds left.\n|\n|t:|1733905612\n|move|p2a: Heracross|Facade|p1a: Granbull\n|-damage|p1a: Granbull|166/302\n|move|p1a: Granbull|Roar|p2a: Heracross\n|drag|p2a: Phione|Phione, L91|293/293\n|\n|-heal|p1a: Granbull|184/302|[from] item: Leftovers\n|upkeep\n|turn|10\n|inactive|lunadream has 120 seconds left.\n|\n|t:|1733905656\n|switch|p1a: Meganium|Meganium, L90, F|261/290\n|move|p2a: Phione|Scald|p1a: Meganium\n|-resisted|p1a: Meganium\n|-damage|p1a: Meganium|226/290\n|\n|upkeep\n|turn|11\n|\n|t:|1733905664\n|switch|p2a: Heracross|Heracross, L80, F|259/259 brn\n|move|p1a: Meganium|Knock Off|p2a: Heracross\n|-resisted|p2a: Heracross\n|-damage|p2a: Heracross|203/259 brn\n|-enditem|p2a: Heracross|Flame Orb|[from] move: Knock Off|[of] p1a: Meganium\n|-damage|p1a: Meganium|197/290|[from] item: Life Orb\n|\n|-damage|p2a: Heracross|187/259 brn|[from] brn\n|upkeep\n|turn|12\n|inactive|Arxz has 120 seconds left.\n|\n|t:|1733905669\n|switch|p1a: Granbull|Granbull, L88, F|184/302\n|-ability|p1a: Granbull|Intimidate|boost\n|-unboost|p2a: Heracross|atk|1\n|move|p2a: Heracross|Facade|p1a: Granbull\n|-damage|p1a: Granbull|71/302\n|\n|-heal|p1a: Granbull|89/302|[from] item: Leftovers\n|-damage|p2a: Heracross|171/259 brn|[from] brn\n|upkeep\n|turn|13\n|\n|t:|1733905676\n|move|p2a: Heracross|Facade|p1a: Granbull\n|-damage|p1a: Granbull|0 fnt\n|faint|p1a: Granbull\n|\n|-damage|p2a: Heracross|155/259 brn|[from] brn\n|upkeep\n|\n|t:|1733905688\n|switch|p1a: Solgaleo|Solgaleo, L74|325/325\n|turn|14\n|\n|t:|1733905707\n|switch|p2a: Clodsire|Clodsire, L81, M|343/343\n|move|p1a: Solgaleo|Flare Blitz|p2a: Clodsire\n|-damage|p2a: Clodsire|229/343\n|-damage|p1a: Solgaleo|287/325|[from] Recoil\n|\n|-heal|p1a: Solgaleo|307/325|[from] item: Leftovers\n|upkeep\n|turn|15\n|\n|t:|1733905719\n|move|p1a: Solgaleo|Sunsteel Strike|p2a: Clodsire\n|-damage|p2a: Clodsire|75/343\n|move|p2a: Clodsire|Earthquake|p1a: Solgaleo\n|-supereffective|p1a: Solgaleo\n|-damage|p1a: Solgaleo|161/325\n|\n|-heal|p1a: Solgaleo|181/325|[from] item: Leftovers\n|upkeep\n|turn|16\n|\n|t:|1733905724\n|move|p1a: Solgaleo|Sunsteel Strike|p2a: Clodsire\n|-damage|p2a: Clodsire|0 fnt\n|faint|p2a: Clodsire\n|\n|-heal|p1a: Solgaleo|201/325|[from] item: Leftovers\n|upkeep\n|\n|t:|1733905732\n|switch|p2a: Phione|Phione, L91|293/293\n|turn|17\n|\n|t:|1733905737\n|switch|p1a: Meganium|Meganium, L90, F|197/290\n|move|p2a: Phione|Scald|p1a: Meganium\n|-resisted|p1a: Meganium\n|-damage|p1a: Meganium|161/290\n|-status|p1a: Meganium|brn\n|\n|-damage|p1a: Meganium|143/290 brn|[from] brn\n|upkeep\n|turn|18\n|\n|t:|1733905743\n|switch|p2a: Heracross|Heracross, L80, F|155/259 brn\n|move|p1a: Meganium|Knock Off|p2a: Heracross\n|-resisted|p2a: Heracross\n|-damage|p2a: Heracross|137/259 brn\n|-damage|p1a: Meganium|114/290 brn|[from] item: Life Orb\n|\n|-damage|p1a: Meganium|96/290 brn|[from] brn\n|-damage|p2a: Heracross|121/259 brn|[from] brn\n|upkeep\n|turn|19\n|\n|t:|1733905746\n|move|p1a: Meganium|Petal Blizzard|p2a: Heracross\n|-resisted|p2a: Heracross\n|-damage|p2a: Heracross|66/259 brn\n|-damage|p1a: Meganium|67/290 brn|[from] item: Life Orb\n|move|p2a: Heracross|Trailblaze|p1a: Meganium\n|-resisted|p1a: Meganium\n|-damage|p1a: Meganium|40/290 brn\n|-boost|p2a: Heracross|spe|1\n|\n|-damage|p2a: Heracross|50/259 brn|[from] brn\n|-damage|p1a: Meganium|22/290 brn|[from] brn\n|upkeep\n|turn|20\n|\n|t:|1733905752\n|move|p2a: Heracross|Knock Off|p1a: Meganium\n|-damage|p1a: Meganium|0 fnt\n|-enditem|p1a: Meganium|Life Orb|[from] move: Knock Off|[of] p2a: Heracross\n|faint|p1a: Meganium\n|\n|-damage|p2a: Heracross|34/259 brn|[from] brn\n|upkeep\n|\n|t:|1733905760\n|switch|p1a: Empoleon|Empoleon, L84, F|278/278\n|turn|21\n|\n|t:|1733905770\n|-terastallize|p1a: Empoleon|Flying\n|move|p2a: Heracross|Close Combat|p1a: Empoleon\n|-resisted|p1a: Empoleon\n|-damage|p1a: Empoleon|179/278\n|-unboost|p2a: Heracross|def|1\n|-unboost|p2a: Heracross|spd|1\n|move|p1a: Empoleon|Surf|p2a: Heracross\n|-damage|p2a: Heracross|0 fnt\n|faint|p2a: Heracross\n|\n|-heal|p1a: Empoleon|196/278|[from] item: Leftovers\n|upkeep\n|\n|t:|1733905783\n|switch|p2a: Crawdaunt|Crawdaunt, L84, M|243/243\n|turn|22\n|\n|t:|1733905792\n|move|p1a: Empoleon|Knock Off|p2a: Crawdaunt\n|-resisted|p2a: Crawdaunt\n|-damage|p2a: Crawdaunt|213/243\n|-enditem|p2a: Crawdaunt|Choice Band|[from] move: Knock Off|[of] p1a: Empoleon\n|move|p2a: Crawdaunt|Knock Off|p1a: Empoleon\n|-damage|p1a: Empoleon|44/278\n|-enditem|p1a: Empoleon|Leftovers|[from] move: Knock Off|[of] p2a: Crawdaunt\n|\n|upkeep\n|turn|23\n|\n|t:|1733905801\n|move|p1a: Empoleon|Roost|p1a: Empoleon\n|-heal|p1a: Empoleon|183/278\n|-hint|If a Terastallized Pokemon uses Roost, it remains Flying-type.\n|move|p2a: Crawdaunt|Knock Off|p1a: Empoleon\n|-damage|p1a: Empoleon|67/278\n|\n|upkeep\n|turn|24\n|\n|t:|1733905808\n|move|p1a: Empoleon|Surf|p2a: Crawdaunt\n|-resisted|p2a: Crawdaunt\n|-damage|p2a: Crawdaunt|138/243\n|move|p2a: Crawdaunt|Knock Off|p1a: Empoleon\n|-damage|p1a: Empoleon|0 fnt\n|faint|p1a: Empoleon\n|\n|upkeep\n|\n|t:|1733905813\n|switch|p1a: Sawsbuck|Sawsbuck-Autumn, L88, M|256/284\n|turn|25\n|\n|t:|1733905821\n|move|p1a: Sawsbuck|Horn Leech|p2a: Crawdaunt\n|-supereffective|p2a: Crawdaunt\n|-damage|p2a: Crawdaunt|0 fnt\n|-heal|p1a: Sawsbuck|284/284|[from] drain|[of] p2a: Crawdaunt\n|faint|p2a: Crawdaunt\n|-damage|p1a: Sawsbuck|256/284|[from] item: Life Orb\n|\n|upkeep\n|\n|t:|1733905826\n|switch|p2a: Bastiodon|Bastiodon, L89, M|252/252\n|turn|26\n|\n|t:|1733905833\n|-terastallize|p2a: Bastiodon|Fighting\n|move|p1a: Sawsbuck|High Horsepower|p2a: Bastiodon\n|-damage|p2a: Bastiodon|196/252\n|-damage|p1a: Sawsbuck|228/284|[from] item: Life Orb\n|move|p2a: Bastiodon|Iron Defense|p2a: Bastiodon\n|-boost|p2a: Bastiodon|def|2\n|\n|upkeep\n|turn|27\n|\n|t:|1733905844\n|move|p1a: Sawsbuck|Swords Dance|p1a: Sawsbuck\n|-boost|p1a: Sawsbuck|atk|2\n|move|p2a: Bastiodon|Body Press|p1a: Sawsbuck\n|-supereffective|p1a: Sawsbuck\n|-damage|p1a: Sawsbuck|0 fnt\n|faint|p1a: Sawsbuck\n|\n|upkeep\n|\n|t:|1733905847\n|switch|p1a: Solgaleo|Solgaleo, L74|201/325\n|turn|28\n|\n|t:|1733905853\n|move|p1a: Solgaleo|Flare Blitz|p2a: Bastiodon\n|-damage|p2a: Bastiodon|171/252\n|-damage|p1a: Solgaleo|193/325|[from] Recoil\n|move|p2a: Bastiodon|Body Press|p1a: Solgaleo\n|-damage|p1a: Solgaleo|0 fnt\n|faint|p1a: Solgaleo\n|\n|win|Arxz\n|raw|lunadream's rating: 2083 &rarr; <strong>2061</strong><br />(-22 for losing)\n|raw|Arxz's rating: 2052 &rarr; <strong>2074</strong><br />(+22 for winning)\n|l|\u2606lunadream\n|player|p1|\n", "inputlog": ">version bfd83cad13791eb5a5a409923076391caf6fb4d4\n>start {\"formatid\":\"gen9randombattle\",\"seed\":[14170,55692,9746,34974],\"rated\":\"Rated battle\"}\n>player p1 {\"name\":\"lunadream\",\"avatar\":\"265\",\"rating\":2083,\"seed\":[6265,64092,20805,60891]}\n>player p2 {\"name\":\"Arxz\",\"avatar\":\"hoopster\",\"rating\":2052,\"seed\":[56732,15784,53231,60611]}\n>p1 move knockoff\n>p2 move stealthrock\n>p1 move rapidspin\n>p2 move earthquake\n>p1 move shedtail\n>p2 move recover\n>p1 switch 2\n>p1 move swordsdance\n>p2 switch 4\n>p1 move headbutt\n>p2 move suckerpunch\n>p1 switch 2\n>p2 move knockoff\n>chat \u2606lunadream|okay i did not expect that\n>p1 switch 3\n>p1 move earthquake\n>p2 move gunkshot\n>p2 switch 5\n>p1 switch 5\n>p2 move trailblaze\n>chat \u2606Arxz|I'm not liking my odds even than with this team\n>p1 move roar\n>p2 move facade\n>p1 switch 5\n>p2 move scald\n>p1 move knockoff\n>p2 switch 3\n>p1 switch 5\n>p2 move facade\n>p1 move playrough\n>p2 move facade\n>p1 switch 6\n>p1 move flareblitz\n>p2 switch 4\n>p1 move sunsteelstrike\n>p2 move earthquake\n>p1 move sunsteelstrike\n>p2 move recover\n>p2 switch 3\n>p1 switch 5\n>p2 move scald\n>p1 move knockoff\n>p2 switch 4\n>p1 move petalblizzard\n>p2 move trailblaze\n>p1 move petalblizzard\n>p2 move knockoff\n>p1 switch 4\n>p1 move surf terastallize\n>p2 move closecombat\n>p2 switch 2\n>p1 move knockoff\n>p2 move knockoff\n>p1 move roost\n>p2 move knockoff\n>p1 move surf\n>p2 move knockoff\n>p1 switch 2\n>p1 move hornleech\n>p2 move closecombat\n>p2 switch 6\n>p1 move highhorsepower\n>p2 move irondefense terastallize\n>p1 move swordsdance\n>p2 move bodypress\n>p1 switch 5\n>p1 move flareblitz\n>p2 move bodypress", "uploadtime": 1733905861, "views": 1, "formatid": "gen9randombattle", "rating": 2061, "private": 0, "password": null}