{"id": "gen9randombattle-2189417686", "format": "[Gen 9] Random Battle", "players": ["Qiuescent", "Kuribro"], "log": "|badge|p1|bronze|gen9randombattle|100-2\n|uhtml|medal-msg|<div class=\"broadcast-blue\">Curious what those medals under the avatar are? PS now has Ladder Seasons! For more information, check out the <a href=\"https://www.smogon.com/forums/threads/3740067/\">thread on Smogon.</a></div>\n|j|\u203dQiuescent\n|j|\u2606Kuribro\n|t:|1724830086\n|gametype|singles\n|player|p1|Qiuescent|169|2328\n|player|p2|Kuribro|101|2232\n|teamsize|p1|6\n|teamsize|p2|6\n|gen|9\n|tier|[Gen 9] Random Battle\n|rated|\n|rule|Species Clause: Limit one of each Pok\u00e9mon\n|rule|HP Percentage Mod: HP is shown in percentages\n|rule|Sleep Clause Mod: Limit one foe put to sleep\n|rule|Illusion Level Mod: Illusion disguises the Pok\u00e9mon's true level\n|\n|t:|1724830086\n|start\n|switch|p1a: Bellossom|Bellossom, L84, F|263/263\n|switch|p2a: Gliscor|Gliscor, L76, M|239/239\n|turn|1\n|\n|t:|1724830094\n|switch|p1a: Probopass|Probopass, L92, M|260/260\n|-item|p1a: Probopass|Air Balloon\n|move|p2a: Gliscor|Substitute|p2a: Gliscor\n|-start|p2a: Gliscor|Substitute\n|-damage|p2a: Gliscor|180/239\n|\n|-status|p2a: Gliscor|tox|[from] item: Toxic Orb\n|upkeep\n|turn|2\n|inactive|Battle timer is ON: inactive players will automatically lose when time's up. (requested by Qiuescent)\n|\n|t:|1724830102\n|switch|p2a: Tentacruel|Tentacruel, L84, M|272/272\n|move|p1a: Probopass|Thunder Wave|p2a: Tentacruel\n|-status|p2a: Tentacruel|par\n|\n|upkeep\n|turn|3\n|\n|t:|1724830112\n|switch|p1a: Iron Jugulis|Iron Jugulis, L78|275/275\n|cant|p2a: Tentacruel|par\n|\n|upkeep\n|turn|4\n|\n|t:|1724830118\n|switch|p2a: Regice|Regice, L88|284/284\n|move|p1a: Iron Jugulis|Dark Pulse|p2a: Regice\n|-crit|p2a: Regice\n|-damage|p2a: Regice|179/284\n|\n|upkeep\n|turn|5\n|\n|t:|1724830129\n|-end|p1a: Iron Jugulis|Quark Drive|[silent]\n|switch|p1a: Registeel|Registeel, L82|265/265\n|move|p2a: Regice|Ice Beam|p1a: Registeel\n|-resisted|p1a: Registeel\n|-damage|p1a: Registeel|229/265\n|\n|upkeep\n|turn|6\n|\n|t:|1724830136\n|switch|p2a: Spectrier|Spectrier, L75|274/274\n|move|p1a: Registeel|Iron Defense|p1a: Registeel\n|-boost|p1a: Registeel|def|2\n|\n|upkeep\n|turn|7\n|\n|t:|1724830142\n|switch|p2a: Gliscor|Gliscor, L76, M|180/239 tox\n|move|p1a: Registeel|Iron Head|p2a: Gliscor\n|-damage|p2a: Gliscor|129/239 tox\n|\n|-heal|p2a: Gliscor|158/239 tox|[from] ability: Poison Heal\n|upkeep\n|turn|8\n|\n|t:|1724830152\n|switch|p2a: Spectrier|Spectrier, L75|274/274\n|move|p1a: Registeel|Iron Defense|p1a: Registeel\n|-boost|p1a: Registeel|def|2\n|\n|upkeep\n|turn|9\n|\n|t:|1724830157\n|switch|p1a: Iron Jugulis|Iron Jugulis, L78|275/275\n|move|p2a: Spectrier|Nasty Plot|p2a: Spectrier\n|-boost|p2a: Spectrier|spa|2\n|\n|upkeep\n|turn|10\n|\n|t:|1724830166\n|switch|p2a: Tentacruel|Tentacruel, L84, M|272/272 par\n|move|p1a: Iron Jugulis|Dark Pulse|p2a: Tentacruel\n|-damage|p2a: Tentacruel|208/272 par\n|\n|upkeep\n|turn|11\n|inactive|Qiuescent has 120 seconds left.\n|\n|t:|1724830197\n|-end|p1a: Iron Jugulis|Quark Drive|[silent]\n|switch|p1a: Registeel|Registeel, L82|229/265\n|move|p2a: Tentacruel|Surf|p1a: Registeel\n|-damage|p1a: Registeel|171/265\n|\n|upkeep\n|turn|12\n|\n|t:|1724830203\n|switch|p1a: Zarude|Zarude, L78|292/292\n|move|p2a: Tentacruel|Knock Off|p1a: Zarude\n|-resisted|p1a: Zarude\n|-damage|p1a: Zarude|266/292\n|-enditem|p1a: Zarude|Choice Band|[from] move: Knock Off|[of] p2a: Tentacruel\n|\n|upkeep\n|turn|13\n|\n|t:|1724830214\n|move|p1a: Zarude|Knock Off|p2a: Tentacruel\n|-damage|p2a: Tentacruel|66/272 par\n|-enditem|p2a: Tentacruel|Assault Vest|[from] move: Knock Off|[of] p1a: Zarude\n|move|p2a: Tentacruel|Sludge Bomb|p1a: Zarude\n|-supereffective|p1a: Zarude\n|-damage|p1a: Zarude|84/292\n|-status|p1a: Zarude|psn\n|\n|-damage|p1a: Zarude|48/292 psn|[from] psn\n|upkeep\n|turn|14\n|\n|t:|1724830220\n|move|p1a: Zarude|Knock Off|p2a: Tentacruel\n|-damage|p2a: Tentacruel|0 fnt\n|faint|p2a: Tentacruel\n|\n|-damage|p1a: Zarude|12/292 psn|[from] psn\n|upkeep\n|\n|t:|1724830244\n|switch|p2a: Spectrier|Spectrier, L75|274/274\n|turn|15\n|\n|t:|1724830250\n|switch|p1a: Iron Jugulis|Iron Jugulis, L78|275/275\n|move|p2a: Spectrier|Shadow Ball|p1a: Iron Jugulis\n|-resisted|p1a: Iron Jugulis\n|-damage|p1a: Iron Jugulis|202/275\n|-damage|p2a: Spectrier|247/274|[from] item: Life Orb\n|\n|upkeep\n|turn|16\n|\n|t:|1724830256\n|switch|p2a: Regice|Regice, L88|179/284\n|move|p1a: Iron Jugulis|Dark Pulse|p2a: Regice\n|-damage|p2a: Regice|110/284\n|\n|upkeep\n|turn|17\n|\n|t:|1724830268\n|-end|p1a: Iron Jugulis|Quark Drive|[silent]\n|switch|p1a: Registeel|Registeel, L82|171/265\n|move|p2a: Regice|Rest|p2a: Regice\n|-status|p2a: Regice|slp|[from] move: Rest\n|-heal|p2a: Regice|284/284 slp|[silent]\n|\n|upkeep\n|turn|18\n|\n|t:|1724830273\n|switch|p2a: Gliscor|Gliscor, L76, M|158/239 tox\n|move|p1a: Registeel|Iron Defense|p1a: Registeel\n|-boost|p1a: Registeel|def|2\n|\n|-heal|p2a: Gliscor|187/239 tox|[from] ability: Poison Heal\n|upkeep\n|turn|19\n|\n|t:|1724830281\n|switch|p2a: Spectrier|Spectrier, L75|247/274\n|move|p1a: Registeel|Iron Defense|p1a: Registeel\n|-boost|p1a: Registeel|def|2\n|\n|upkeep\n|turn|20\n|\n|t:|1724830285\n|move|p2a: Spectrier|Will-O-Wisp|p1a: Registeel\n|-status|p1a: Registeel|brn\n|move|p1a: Registeel|Iron Head|p2a: Spectrier\n|-damage|p2a: Spectrier|198/274\n|\n|-damage|p1a: Registeel|155/265 brn|[from] brn\n|upkeep\n|turn|21\n|\n|t:|1724830293\n|switch|p1a: Iron Jugulis|Iron Jugulis, L78|202/275\n|move|p2a: Spectrier|Shadow Ball|p1a: Iron Jugulis\n|-resisted|p1a: Iron Jugulis\n|-damage|p1a: Iron Jugulis|124/275\n|-unboost|p1a: Iron Jugulis|spd|1\n|-damage|p2a: Spectrier|171/274|[from] item: Life Orb\n|\n|upkeep\n|turn|22\n|\n|t:|1724830303\n|switch|p2a: Regice|Regice, L88|284/284 slp\n|move|p1a: Iron Jugulis|Dark Pulse|p2a: Regice\n|-damage|p2a: Regice|218/284 slp\n|\n|upkeep\n|turn|23\n|\n|t:|1724830321\n|switch|p2a: Spectrier|Spectrier, L75|171/274\n|move|p1a: Iron Jugulis|Dark Pulse|p2a: Spectrier\n|-supereffective|p2a: Spectrier\n|-damage|p2a: Spectrier|0 fnt\n|faint|p2a: Spectrier\n|\n|upkeep\n|\n|t:|1724830328\n|switch|p2a: Floatzel|Floatzel, L85, F|283/283\n|turn|24\n|\n|t:|1724830332\n|-end|p1a: Iron Jugulis|Quark Drive|[silent]\n|switch|p1a: Zarude|Zarude, L78|12/292 psn\n|move|p2a: Floatzel|Bulk Up|p2a: Floatzel\n|-boost|p2a: Floatzel|atk|1\n|-boost|p2a: Floatzel|def|1\n|\n|-damage|p1a: Zarude|0 fnt|[from] psn\n|faint|p1a: Zarude\n|upkeep\n|\n|t:|1724830337\n|switch|p1a: Bellossom|Bellossom, L84, F|263/263\n|turn|25\n|\n|t:|1724830342\n|-terastallize|p2a: Floatzel|Steel\n|-terastallize|p1a: Bellossom|Steel\n|move|p2a: Floatzel|Bulk Up|p2a: Floatzel\n|-boost|p2a: Floatzel|atk|1\n|-boost|p2a: Floatzel|def|1\n|move|p1a: Bellossom|Strength Sap|p2a: Floatzel\n|-unboost|p2a: Floatzel|atk|1\n|\n|upkeep\n|turn|26\n|\n|t:|1724830348\n|move|p2a: Floatzel|Wave Crash|p1a: Bellossom\n|-crit|p1a: Bellossom\n|-damage|p1a: Bellossom|0 fnt\n|faint|p1a: Bellossom\n|-damage|p2a: Floatzel|196/283|[from] Recoil\n|\n|-heal|p2a: Floatzel|213/283|[from] item: Leftovers\n|upkeep\n|\n|t:|1724830357\n|switch|p1a: Registeel|Registeel, L82|155/265 brn\n|turn|27\n|\n|t:|1724830361\n|move|p2a: Floatzel|Wave Crash|p1a: Registeel\n|-damage|p1a: Registeel|20/265 brn\n|-damage|p2a: Floatzel|168/283|[from] Recoil\n|move|p1a: Registeel|Rest|p1a: Registeel\n|-status|p1a: Registeel|slp|[from] move: Rest\n|-heal|p1a: Registeel|265/265 slp|[silent]\n|-enditem|p1a: Registeel|Chesto Berry|[eat]\n|-curestatus|p1a: Registeel|slp|[msg]\n|\n|-heal|p2a: Floatzel|185/283|[from] item: Leftovers\n|upkeep\n|turn|28\n|inactive|Kuribro has 120 seconds left.\n|\n|t:|1724830396\n|switch|p2a: Gliscor|Gliscor, L76, M|187/239 tox\n|move|p1a: Registeel|Iron Defense|p1a: Registeel\n|-boost|p1a: Registeel|def|2\n|\n|-heal|p2a: Gliscor|216/239 tox|[from] ability: Poison Heal\n|upkeep\n|turn|29\n|\n|t:|1724830399\n|move|p2a: Gliscor|Substitute|p2a: Gliscor\n|-start|p2a: Gliscor|Substitute\n|-damage|p2a: Gliscor|157/239 tox\n|move|p1a: Registeel|Iron Defense|p1a: Registeel\n|-boost|p1a: Registeel|def|2\n|\n|-heal|p2a: Gliscor|186/239 tox|[from] ability: Poison Heal\n|upkeep\n|turn|30\n|\n|t:|1724830401\n|move|p2a: Gliscor|Earthquake|p1a: Registeel\n|-supereffective|p1a: Registeel\n|-damage|p1a: Registeel|227/265\n|move|p1a: Registeel|Iron Defense|p1a: Registeel\n|-boost|p1a: Registeel|def|2\n|\n|-heal|p2a: Gliscor|215/239 tox|[from] ability: Poison Heal\n|upkeep\n|turn|31\n|\n|t:|1724830405\n|move|p2a: Gliscor|Earthquake|p1a: Registeel\n|-supereffective|p1a: Registeel\n|-damage|p1a: Registeel|195/265\n|move|p1a: Registeel|Rest|p1a: Registeel\n|-status|p1a: Registeel|slp|[from] move: Rest\n|-heal|p1a: Registeel|265/265 slp|[silent]\n|\n|-heal|p2a: Gliscor|239/239 tox|[from] ability: Poison Heal\n|upkeep\n|turn|32\n|\n|t:|1724830411\n|move|p2a: Gliscor|Earthquake|p1a: Registeel\n|-supereffective|p1a: Registeel\n|-damage|p1a: Registeel|235/265 slp\n|cant|p1a: Registeel|slp\n|\n|upkeep\n|turn|33\n|\n|t:|1724830415\n|move|p2a: Gliscor|Earthquake|p1a: Registeel\n|-supereffective|p1a: Registeel\n|-damage|p1a: Registeel|203/265 slp\n|cant|p1a: Registeel|slp\n|\n|upkeep\n|turn|34\n|\n|t:|1724830418\n|move|p2a: Gliscor|Earthquake|p1a: Registeel\n|-supereffective|p1a: Registeel\n|-damage|p1a: Registeel|171/265 slp\n|-curestatus|p1a: Registeel|slp|[msg]\n|move|p1a: Registeel|Iron Head|p2a: Gliscor\n|-activate|p2a: Gliscor|move: Substitute|[damage]\n|\n|upkeep\n|turn|35\n|\n|t:|1724830422\n|move|p2a: Gliscor|Earthquake|p1a: Registeel\n|-supereffective|p1a: Registeel\n|-crit|p1a: Registeel\n|-damage|p1a: Registeel|0 fnt\n|faint|p1a: Registeel\n|\n|upkeep\n|\n|t:|1724830427\n|switch|p1a: Probopass|Probopass, L92, M|260/260\n|-item|p1a: Probopass|Air Balloon\n|turn|36\n|\n|t:|1724830434\n|switch|p2a: Floatzel|Floatzel, L85, F, tera:Steel|185/283\n|move|p1a: Probopass|Power Gem|p2a: Floatzel\n|-resisted|p2a: Floatzel\n|-damage|p2a: Floatzel|119/283\n|\n|-heal|p2a: Floatzel|136/283|[from] item: Leftovers\n|upkeep\n|turn|37\n|\n|t:|1724830437\n|move|p2a: Floatzel|Wave Crash|p1a: Probopass\n|-supereffective|p1a: Probopass\n|-damage|p1a: Probopass|96/260\n|-enditem|p1a: Probopass|Air Balloon\n|-damage|p2a: Floatzel|82/283|[from] Recoil\n|move|p1a: Probopass|Thunder Wave|p2a: Floatzel\n|-status|p2a: Floatzel|par\n|\n|-heal|p2a: Floatzel|99/283 par|[from] item: Leftovers\n|upkeep\n|turn|38\n|\n|t:|1724830445\n|switch|p1a: Iron Jugulis|Iron Jugulis, L78|124/275\n|move|p2a: Floatzel|Wave Crash|p1a: Iron Jugulis\n|-damage|p1a: Iron Jugulis|0 fnt\n|faint|p1a: Iron Jugulis\n|-end|p1a: Iron Jugulis|Quark Drive|[silent]\n|-damage|p2a: Floatzel|58/283 par|[from] Recoil\n|\n|-heal|p2a: Floatzel|75/283 par|[from] item: Leftovers\n|upkeep\n|\n|t:|1724830446\n|switch|p1a: Polteageist|Polteageist, L79|224/224\n|turn|39\n|\n|t:|1724830451\n|move|p1a: Polteageist|Shell Smash|p1a: Polteageist\n|-unboost|p1a: Polteageist|def|1\n|-unboost|p1a: Polteageist|spd|1\n|-boost|p1a: Polteageist|atk|2\n|-boost|p1a: Polteageist|spa|2\n|-boost|p1a: Polteageist|spe|2\n|-enditem|p1a: Polteageist|White Herb\n|-clearnegativeboost|p1a: Polteageist|[silent]\n|move|p2a: Floatzel|Wave Crash|p1a: Polteageist\n|-damage|p1a: Polteageist|32/224\n|-damage|p2a: Floatzel|12/283 par|[from] Recoil\n|\n|-heal|p2a: Floatzel|29/283 par|[from] item: Leftovers\n|upkeep\n|turn|40\n|\n|t:|1724830459\n|switch|p2a: Regice|Regice, L88|218/284 slp\n|move|p1a: Polteageist|Strength Sap|p2a: Regice\n|-fail|p2a: Regice|unboost|[from] ability: Clear Body|[of] p2a: Regice\n|-heal|p1a: Polteageist|125/224\n|\n|upkeep\n|turn|41\n|\n|t:|1724830468\n|move|p1a: Polteageist|Shadow Ball|p2a: Regice\n|-damage|p2a: Regice|115/284 slp\n|cant|p2a: Regice|slp\n|move|p2a: Regice|Sleep Talk|p2a: Regice\n|move|p2a: Regice|Rest||[from]move: Sleep Talk|[still]\n|-fail|p2a: Regice\n|\n|upkeep\n|turn|42\n|\n|t:|1724830492\n|move|p1a: Polteageist|Shell Smash|p1a: Polteageist\n|-unboost|p1a: Polteageist|def|1\n|-unboost|p1a: Polteageist|spd|1\n|-boost|p1a: Polteageist|atk|2\n|-boost|p1a: Polteageist|spa|2\n|-boost|p1a: Polteageist|spe|2\n|cant|p2a: Regice|slp\n|move|p2a: Regice|Sleep Talk|p2a: Regice\n|move|p2a: Regice|Rest||[from]move: Sleep Talk|[still]\n|-fail|p2a: Regice\n|\n|upkeep\n|turn|43\n|\n|t:|1724830498\n|move|p1a: Polteageist|Shadow Ball|p2a: Regice\n|-damage|p2a: Regice|0 fnt\n|faint|p2a: Regice\n|\n|upkeep\n|-message|Kuribro forfeited.\n|\n|win|Qiuescent\n|raw|Qiuescent's rating: 2328 &rarr; <strong>2343</strong><br />(+15 for winning)\n|raw|Kuribro's rating: 2232 &rarr; <strong>2217</strong><br />(-15 for losing)\n|l|\u2606Kuribro\n|player|p2|\n", "inputlog": ">version 2e590d34c814cccdb89d4fed97a7fe8ad0bc829c\n>start {\"formatid\":\"gen9randombattle\",\"seed\":[32963,25574,43002,63778],\"rated\":\"Rated battle\"}\n>player p1 {\"name\":\"Qiuescent\",\"avatar\":\"169\",\"rating\":2328,\"seed\":[37746,38984,3028,9357]}\n>player p2 {\"name\":\"Kuribro\",\"avatar\":\"101\",\"rating\":2232,\"seed\":[24319,416,15591,51732]}\n>p1 switch 3\n>p2 move substitute\n>p1 move thunderwave\n>p2 switch 6\n>p1 switch 6\n>p2 move knockoff\n>p1 move darkpulse\n>p2 switch 5\n>p1 switch 4\n>p2 move icebeam\n>p1 move irondefense\n>p2 switch 3\n>p1 move ironhead\n>p2 switch 6\n>p1 move irondefense\n>p2 switch 6\n>p1 switch 4\n>p2 move nastyplot\n>p1 move darkpulse\n>p2 switch 5\n>p1 switch 4\n>p2 move surf\n>p1 switch 2\n>p2 move knockoff\n>p1 move knockoff\n>p2 move sludgebomb\n>p1 move knockoff\n>p2 move sludgebomb\n>p2 switch 5\n>p1 switch 4\n>p2 move shadowball\n>p1 move darkpulse\n>p2 switch 3\n>p1 switch 2\n>p2 move rest\n>p1 move irondefense\n>p2 switch 6\n>p1 move irondefense\n>p2 switch 3\n>p1 move ironhead\n>p2 move willowisp\n>p1 switch 2\n>p2 move shadowball\n>p1 move darkpulse\n>p2 switch 6\n>p1 move darkpulse\n>p2 switch 6\n>p2 switch 2\n>p1 switch 4\n>p2 move bulkup\n>p1 switch 3\n>p1 move strengthsap terastallize\n>p2 move bulkup terastallize\n>p1 move sleeppowder\n>p2 move wavecrash\n>p1 switch 2\n>p1 move rest\n>p2 move wavecrash\n>p1 move irondefense\n>p2 switch 3\n>p1 move irondefense\n>p2 move substitute\n>p1 move irondefense\n>p2 move earthquake\n>p1 move rest\n>p2 move earthquake\n>p1 move bodypress\n>p2 move earthquake\n>p1 move bodypress\n>p2 move earthquake\n>p1 move ironhead\n>p2 move earthquake\n>p1 move rest\n>p2 move earthquake\n>p1 switch 6\n>p1 move powergem\n>p2 switch 3\n>p1 move thunderwave\n>p2 move wavecrash\n>p1 switch 4\n>p2 move wavecrash\n>p1 switch 5\n>p1 move shellsmash\n>p2 move wavecrash\n>p1 move strengthsap\n>p2 switch 6\n>p1 move shadowball\n>p2 move sleeptalk\n>p1 move shellsmash\n>p2 move sleeptalk\n>p1 move shadowball\n>p2 move icebeam\n>forcelose p2", "uploadtime": 1724830505, "views": 107, "formatid": "gen9randombattle", "rating": 2217, "private": 0, "password": null}