{"id": "gen9randombattle-2260675602", "format": "[Gen 9] Random Battle", "players": ["im kz", "deuzd"], "log": "|j|\u2606im kz\n|j|\u2606deuzd\n|t:|1733877015\n|gametype|singles\n|player|p1|im kz|bugcatcher-gen1|1637\n|player|p2|deuzd|hilbert|1651\n|teamsize|p1|6\n|teamsize|p2|6\n|gen|9\n|tier|[Gen 9] Random Battle\n|rated|\n|rule|Species Clause: Limit one of each Pok\u00e9mon\n|rule|HP Percentage Mod: HP is shown in percentages\n|rule|Sleep Clause Mod: Limit one foe put to sleep\n|rule|Illusion Level Mod: Illusion disguises the Pok\u00e9mon's true level\n|\n|t:|1733877015\n|start\n|switch|p1a: Reshiram|Reshiram, L76|277/277\n|switch|p2a: Vikavolt|Vikavolt, L83, M|263/263\n|-ability|p1a: Reshiram|Turboblaze\n|turn|1\n|inactive|Battle timer is ON: inactive players will automatically lose when time's up. (requested by deuzd)\n|inactive|im kz also wants the timer to be on.\n|\n|t:|1733877025\n|move|p1a: Reshiram|Dragon Dance|p1a: Reshiram\n|-boost|p1a: Reshiram|atk|1\n|-boost|p1a: Reshiram|spe|1\n|move|p2a: Vikavolt|Sticky Web|p1a: Reshiram\n|-sidestart|p1: im kz|move: Sticky Web\n|\n|upkeep\n|turn|2\n|\n|t:|1733877039\n|move|p1a: Reshiram|Dragon Dance|p1a: Reshiram\n|-boost|p1a: Reshiram|atk|1\n|-boost|p1a: Reshiram|spe|1\n|move|p2a: Vikavolt|Thunderbolt|p1a: Reshiram\n|-resisted|p1a: Reshiram\n|-damage|p1a: Reshiram|217/277\n|\n|upkeep\n|turn|3\n|\n|t:|1733877045\n|move|p1a: Reshiram|Flare Blitz|p2a: Vikavolt\n|-supereffective|p2a: Vikavolt\n|-damage|p2a: Vikavolt|0 fnt\n|faint|p2a: Vikavolt\n|-damage|p1a: Reshiram|130/277|[from] Recoil\n|\n|upkeep\n|\n|t:|1733877057\n|switch|p2a: Mimikyu|Mimikyu, L79, M|216/216\n|turn|4\n|\n|t:|1733877082\n|move|p1a: Reshiram|Flare Blitz|p2a: Mimikyu\n|-damage|p2a: Mimikyu|0 fnt\n|faint|p2a: Mimikyu\n|-damage|p1a: Reshiram|59/277|[from] Recoil\n|\n|upkeep\n|\n|t:|1733877092\n|switch|p2a: Bombirdier|Bombirdier, L85, F|258/258\n|turn|5\n|\n|t:|1733877109\n|move|p2a: Bombirdier|Sucker Punch|p1a: Reshiram\n|-damage|p1a: Reshiram|0 fnt\n|faint|p1a: Reshiram\n|\n|upkeep\n|\n|t:|1733877115\n|switch|p1a: Iron Hands|Iron Hands, L79|373/373\n|-activate|p1a: Iron Hands|move: Sticky Web\n|-unboost|p1a: Iron Hands|spe|1\n|turn|6\n|\n|t:|1733877125\n|switch|p2a: Jolteon|Jolteon, L84, M|246/246\n|move|p1a: Iron Hands|Thunder Punch|p2a: Jolteon\n|-immune|p2a: Jolteon|[from] ability: Volt Absorb\n|\n|upkeep\n|turn|7\n|\n|t:|1733877135\n|move|p2a: Jolteon|Substitute|p2a: Jolteon\n|-start|p2a: Jolteon|Substitute\n|-damage|p2a: Jolteon|185/246\n|move|p1a: Iron Hands|Drain Punch|p2a: Jolteon\n|-end|p2a: Jolteon|Substitute\n|\n|-heal|p2a: Jolteon|200/246|[from] item: Leftovers\n|upkeep\n|turn|8\n|\n|t:|1733877153\n|move|p2a: Jolteon|Tera Blast|p1a: Iron Hands\n|-damage|p1a: Iron Hands|289/373\n|move|p1a: Iron Hands|Drain Punch|p2a: Jolteon\n|-damage|p2a: Jolteon|79/246\n|-heal|p1a: Iron Hands|350/373|[from] drain|[of] p2a: Jolteon\n|\n|-heal|p2a: Jolteon|94/246|[from] item: Leftovers\n|-heal|p1a: Iron Hands|373/373|[from] item: Leftovers\n|upkeep\n|turn|9\n|\n|t:|1733877171\n|switch|p2a: Espeon|Espeon, L84, F|246/246\n|move|p1a: Iron Hands|Drain Punch|p2a: Espeon\n|-resisted|p2a: Espeon\n|-damage|p2a: Espeon|184/246\n|\n|upkeep\n|turn|10\n|\n|t:|1733877189\n|-end|p1a: Iron Hands|Quark Drive|[silent]\n|switch|p1a: Deoxys|Deoxys-Defense, L84|221/221\n|-activate|p1a: Deoxys|move: Sticky Web\n|-unboost|p1a: Deoxys|spe|1\n|-ability|p1a: Deoxys|Pressure\n|move|p2a: Espeon|Psyshock|p1a: Deoxys\n|-resisted|p1a: Deoxys\n|-damage|p1a: Deoxys|178/221\n|-damage|p2a: Espeon|160/246|[from] item: Life Orb\n|\n|-heal|p1a: Deoxys|191/221|[from] item: Leftovers\n|upkeep\n|turn|11\n|\n|t:|1733877197\n|move|p2a: Espeon|Shadow Ball|p1a: Deoxys\n|-supereffective|p1a: Deoxys\n|-damage|p1a: Deoxys|69/221\n|-damage|p2a: Espeon|136/246|[from] item: Life Orb\n|move|p1a: Deoxys|Cosmic Power|p1a: Deoxys\n|-boost|p1a: Deoxys|def|1\n|-boost|p1a: Deoxys|spd|1\n|\n|-heal|p1a: Deoxys|82/221|[from] item: Leftovers\n|upkeep\n|turn|12\n|\n|t:|1733877206\n|move|p2a: Espeon|Shadow Ball|p1a: Deoxys\n|-supereffective|p1a: Deoxys\n|-damage|p1a: Deoxys|0 fnt\n|faint|p1a: Deoxys\n|-damage|p2a: Espeon|112/246|[from] item: Life Orb\n|\n|upkeep\n|\n|t:|1733877210\n|switch|p1a: Decidueye|Decidueye, L88, F|281/281\n|-activate|p1a: Decidueye|move: Sticky Web\n|-unboost|p1a: Decidueye|spe|1\n|turn|13\n|\n|t:|1733877218\n|switch|p2a: Bombirdier|Bombirdier, L85, F|258/258\n|move|p1a: Decidueye|Knock Off|p2a: Bombirdier\n|-resisted|p2a: Bombirdier\n|-damage|p2a: Bombirdier|219/258\n|-enditem|p2a: Bombirdier|Choice Band|[from] move: Knock Off|[of] p1a: Decidueye\n|\n|upkeep\n|turn|14\n|\n|t:|1733877226\n|switch|p1a: Iron Hands|Iron Hands, L79|373/373\n|-activate|p1a: Iron Hands|move: Sticky Web\n|-unboost|p1a: Iron Hands|spe|1\n|move|p2a: Bombirdier|Knock Off|p1a: Iron Hands\n|-resisted|p1a: Iron Hands\n|-damage|p1a: Iron Hands|322/373\n|-enditem|p1a: Iron Hands|Leftovers|[from] move: Knock Off|[of] p2a: Bombirdier\n|\n|upkeep\n|turn|15\n|\n|t:|1733877243\n|switch|p2a: Espeon|Espeon, L84, F|112/246\n|move|p1a: Iron Hands|Swords Dance|p1a: Iron Hands\n|-boost|p1a: Iron Hands|atk|2\n|\n|upkeep\n|turn|16\n|\n|t:|1733877254\n|move|p2a: Espeon|Psyshock|p1a: Iron Hands\n|-supereffective|p1a: Iron Hands\n|-damage|p1a: Iron Hands|46/373\n|-damage|p2a: Espeon|88/246|[from] item: Life Orb\n|move|p1a: Iron Hands|Drain Punch|p2a: Espeon\n|-resisted|p2a: Espeon\n|-damage|p2a: Espeon|0 fnt\n|-heal|p1a: Iron Hands|90/373|[from] drain|[of] p2a: Espeon\n|faint|p2a: Espeon\n|\n|upkeep\n|\n|t:|1733877268\n|switch|p2a: Hawlucha|Hawlucha, L80, F|256/256\n|turn|17\n|\n|t:|1733877274\n|move|p2a: Hawlucha|Close Combat|p1a: Iron Hands\n|-damage|p1a: Iron Hands|0 fnt\n|-unboost|p2a: Hawlucha|def|1\n|-unboost|p2a: Hawlucha|spd|1\n|-enditem|p2a: Hawlucha|White Herb\n|-clearnegativeboost|p2a: Hawlucha|[silent]\n|faint|p1a: Iron Hands\n|-end|p1a: Iron Hands|Quark Drive|[silent]\n|\n|upkeep\n|\n|t:|1733877282\n|switch|p1a: Delphox|Delphox, L84, F|263/263\n|-activate|p1a: Delphox|move: Sticky Web\n|-unboost|p1a: Delphox|spe|1\n|turn|18\n|\n|t:|1733877292\n|move|p2a: Hawlucha|Brave Bird|p1a: Delphox\n|-damage|p1a: Delphox|130/263\n|-damage|p2a: Hawlucha|212/256|[from] Recoil\n|move|p1a: Delphox|Fire Blast|p2a: Hawlucha\n|-damage|p2a: Hawlucha|0 fnt\n|faint|p2a: Hawlucha\n|\n|upkeep\n|\n|t:|1733877303\n|switch|p2a: Jolteon|Jolteon, L84, M|94/246\n|turn|19\n|\n|t:|1733877321\n|move|p2a: Jolteon|Thunderbolt|p1a: Delphox\n|-damage|p1a: Delphox|33/263\n|move|p1a: Delphox|Fire Blast|p2a: Jolteon\n|-damage|p2a: Jolteon|0 fnt\n|faint|p2a: Jolteon\n|\n|upkeep\n|\n|t:|1733877325\n|switch|p2a: Bombirdier|Bombirdier, L85, F|219/258\n|turn|20\n|\n|t:|1733877329\n|move|p2a: Bombirdier|Knock Off|p1a: Delphox\n|-supereffective|p1a: Delphox\n|-damage|p1a: Delphox|0 fnt\n|-enditem|p1a: Delphox|Choice Specs|[from] move: Knock Off|[of] p2a: Bombirdier\n|faint|p1a: Delphox\n|\n|upkeep\n|\n|t:|1733877334\n|switch|p1a: Zamazenta|Zamazenta, L71|248/248\n|-activate|p1a: Zamazenta|move: Sticky Web\n|-unboost|p1a: Zamazenta|spe|1\n|-ability|p1a: Zamazenta|Dauntless Shield|boost\n|-boost|p1a: Zamazenta|def|1\n|turn|21\n|\n|t:|1733877343\n|move|p2a: Bombirdier|Brave Bird|p1a: Zamazenta\n|-supereffective|p1a: Zamazenta\n|-damage|p1a: Zamazenta|78/248\n|-damage|p2a: Bombirdier|163/258|[from] Recoil\n|move|p1a: Zamazenta|Stone Edge|p2a: Bombirdier\n|-supereffective|p2a: Bombirdier\n|-damage|p2a: Bombirdier|0 fnt\n|faint|p2a: Bombirdier\n|\n|win|im kz\n|raw|im kz's rating: 1637 &rarr; <strong>1658</strong><br />(+21 for winning)\n|raw|deuzd's rating: 1651 &rarr; <strong>1630</strong><br />(-21 for losing)\n|l|\u2606deuzd\n|player|p2|\n", "inputlog": ">version bfd83cad13791eb5a5a409923076391caf6fb4d4\n>start {\"formatid\":\"gen9randombattle\",\"seed\":[44653,62589,22052,16203],\"rated\":\"Rated battle\"}\n>player p1 {\"name\":\"im kz\",\"avatar\":\"bugcatcher-gen1\",\"rating\":1637,\"seed\":[41474,27858,692,39092]}\n>player p2 {\"name\":\"deuzd\",\"avatar\":\"hilbert\",\"rating\":1651,\"seed\":[7118,31621,25705,23535]}\n>p1 move dragondance\n>p2 move stickyweb\n>p1 move dragondance\n>p2 move thunderbolt\n>p1 move flareblitz\n>p2 move thunderbolt\n>p2 switch 2\n>p1 move flareblitz\n>p2 move playrough\n>p2 switch 3\n>p1 move stoneedge\n>p2 move suckerpunch\n>p1 switch 6\n>p1 move thunderpunch\n>p2 switch 6\n>p1 move drainpunch\n>p2 move substitute\n>p1 move drainpunch\n>p2 move terablast\n>p1 move drainpunch\n>p2 switch 5\n>p1 switch 4\n>p2 move psyshock\n>p1 move cosmicpower\n>p2 move shadowball\n>p1 move recover\n>p2 move shadowball\n>p1 switch 3\n>p1 move knockoff\n>p2 switch 6\n>p1 switch 4\n>p2 move knockoff\n>p1 move swordsdance\n>p2 switch 6\n>p1 move drainpunch\n>p2 move psyshock\n>p2 switch 4\n>p1 move thunderpunch\n>p2 move closecombat\n>p1 switch 5\n>p1 move fireblast\n>p2 move bravebird\n>p2 switch 5\n>p1 move fireblast\n>p2 move thunderbolt\n>p2 switch 6\n>p1 move fireblast\n>p2 move knockoff\n>p1 switch 2\n>p1 move stoneedge\n>p2 move bravebird", "uploadtime": 1733877355, "views": 1, "formatid": "gen9randombattle", "rating": 1630, "private": 0, "password": null}