{"id": "gen9randombattle-2259786062", "format": "[Gen 9] Random Battle", "players": ["the_zehn", "Dippiedaan"], "log": "|j|\u2606the_zehn\n|j|\u2606Dippiedaan\n|t:|1733766560\n|gametype|singles\n|player|p1|the_zehn|n|1077\n|player|p2|Dippiedaan|skyla|1114\n|teamsize|p1|6\n|teamsize|p2|6\n|gen|9\n|tier|[Gen 9] Random Battle\n|rated|\n|rule|Species Clause: Limit one of each Pok\u00e9mon\n|rule|HP Percentage Mod: HP is shown in percentages\n|rule|Sleep Clause Mod: Limit one foe put to sleep\n|rule|Illusion Level Mod: Illusion disguises the Pok\u00e9mon's true level\n|\n|t:|1733766560\n|start\n|switch|p1a: Haxorus|Haxorus, L77, F|244/244\n|switch|p2a: Comfey|Comfey, L85, F|225/225\n|-ability|p1a: Haxorus|Mold Breaker\n|turn|1\n|inactive|Battle timer is ON: inactive players will automatically lose when time's up. (requested by Dippiedaan)\n|inactive|the_zehn also wants the timer to be on.\n|\n|t:|1733766575\n|-terastallize|p2a: Comfey|Poison\n|-terastallize|p1a: Haxorus|Steel\n|move|p2a: Comfey|Calm Mind|p2a: Comfey\n|-boost|p2a: Comfey|spa|1\n|-boost|p2a: Comfey|spd|1\n|move|p1a: Haxorus|Swords Dance|p1a: Haxorus\n|-boost|p1a: Haxorus|atk|2\n|\n|upkeep\n|turn|2\n|\n|t:|1733766591\n|move|p2a: Comfey|Calm Mind|p2a: Comfey\n|-boost|p2a: Comfey|spa|1\n|-boost|p2a: Comfey|spd|1\n|move|p1a: Haxorus|Scale Shot|p2a: Comfey\n|-damage|p2a: Comfey|168/225\n|-damage|p2a: Comfey|105/225\n|-damage|p2a: Comfey|50/225\n|-damage|p2a: Comfey|0 fnt\n|faint|p2a: Comfey\n|-hitcount|p2: Comfey|4\n|-unboost|p1a: Haxorus|def|1\n|-boost|p1a: Haxorus|spe|1\n|\n|upkeep\n|\n|t:|1733766601\n|switch|p2a: Landorus|Landorus, L75, M|257/257\n|turn|3\n|\n|t:|1733766609\n|move|p1a: Haxorus|Scale Shot|p2a: Landorus\n|-damage|p2a: Landorus|188/257\n|-damage|p2a: Landorus|119/257\n|-damage|p2a: Landorus|52/257\n|-damage|p2a: Landorus|0 fnt\n|faint|p2a: Landorus\n|-hitcount|p2: Landorus|4\n|-unboost|p1a: Haxorus|def|1\n|-boost|p1a: Haxorus|spe|1\n|\n|upkeep\n|\n|t:|1733766614\n|switch|p2a: Dewgong|Dewgong, L94, F|322/322\n|turn|4\n|\n|t:|1733766625\n|move|p1a: Haxorus|Close Combat|p2a: Dewgong\n|-supereffective|p2a: Dewgong\n|-damage|p2a: Dewgong|0 fnt\n|-unboost|p1a: Haxorus|def|1\n|-unboost|p1a: Haxorus|spd|1\n|faint|p2a: Dewgong\n|\n|upkeep\n|\n|t:|1733766629\n|switch|p2a: Hatterene|Hatterene, L85, F|236/236\n|turn|5\n|\n|t:|1733766634\n|move|p1a: Haxorus|Iron Head|p2a: Hatterene\n|-supereffective|p2a: Hatterene\n|-damage|p2a: Hatterene|0 fnt\n|faint|p2a: Hatterene\n|\n|upkeep\n|\n|t:|1733766637\n|switch|p2a: Pachirisu|Pachirisu, L96, M|271/271\n|turn|6\n|\n|t:|1733766642\n|move|p1a: Haxorus|Scale Shot|p2a: Pachirisu\n|-damage|p2a: Pachirisu|202/271\n|-damage|p2a: Pachirisu|132/271\n|-damage|p2a: Pachirisu|68/271\n|-damage|p2a: Pachirisu|0 fnt\n|faint|p2a: Pachirisu\n|-hitcount|p2: Pachirisu|4\n|-unboost|p1a: Haxorus|def|1\n|-boost|p1a: Haxorus|spe|1\n|\n|upkeep\n|\n|t:|1733766647\n|switch|p2a: Skarmory|Skarmory, L80, F|235/235\n|turn|7\n|\n|t:|1733766657\n|move|p1a: Haxorus|Close Combat|p2a: Skarmory\n|-damage|p2a: Skarmory|79/235\n|-unboost|p1a: Haxorus|def|1\n|-unboost|p1a: Haxorus|spd|1\n|move|p2a: Skarmory|Iron Defense|p2a: Skarmory\n|-boost|p2a: Skarmory|def|2\n|\n|-heal|p2a: Skarmory|93/235|[from] item: Leftovers\n|upkeep\n|turn|8\n|c|\u2606Dippiedaan|wow\n|\n|t:|1733766664\n|move|p1a: Haxorus|Close Combat|p2a: Skarmory\n|-damage|p2a: Skarmory|19/235\n|-unboost|p1a: Haxorus|def|1\n|-unboost|p1a: Haxorus|spd|1\n|move|p2a: Skarmory|Roost|p2a: Skarmory\n|-heal|p2a: Skarmory|137/235\n|-singleturn|p2a: Skarmory|move: Roost\n|\n|-heal|p2a: Skarmory|151/235|[from] item: Leftovers\n|upkeep\n|turn|9\n|\n|t:|1733766676\n|move|p1a: Haxorus|Swords Dance|p1a: Haxorus\n|-boost|p1a: Haxorus|atk|2\n|move|p2a: Skarmory|Roost|p2a: Skarmory\n|-heal|p2a: Skarmory|235/235\n|-singleturn|p2a: Skarmory|move: Roost\n|\n|upkeep\n|turn|10\n|\n|t:|1733766682\n|move|p1a: Haxorus|Swords Dance|p1a: Haxorus\n|-boost|p1a: Haxorus|atk|2\n|move|p2a: Skarmory|Iron Defense|p2a: Skarmory\n|-boost|p2a: Skarmory|def|2\n|\n|upkeep\n|turn|11\n|\n|t:|1733766687\n|move|p1a: Haxorus|Close Combat|p2a: Skarmory\n|-damage|p2a: Skarmory|137/235\n|-unboost|p1a: Haxorus|spd|1\n|move|p2a: Skarmory|Iron Defense|p2a: Skarmory\n|-boost|p2a: Skarmory|def|2\n|\n|-heal|p2a: Skarmory|151/235|[from] item: Leftovers\n|upkeep\n|turn|12\n|\n|t:|1733766692\n|move|p1a: Haxorus|Scale Shot|p2a: Skarmory\n|-resisted|p2a: Skarmory\n|-damage|p2a: Skarmory|139/235\n|-resisted|p2a: Skarmory\n|-damage|p2a: Skarmory|127/235\n|-resisted|p2a: Skarmory\n|-damage|p2a: Skarmory|115/235\n|-resisted|p2a: Skarmory\n|-damage|p2a: Skarmory|104/235\n|-resisted|p2a: Skarmory\n|-damage|p2a: Skarmory|92/235\n|-hitcount|p2a: Skarmory|5\n|-boost|p1a: Haxorus|spe|1\n|move|p2a: Skarmory|Body Press|p1a: Haxorus\n|-supereffective|p1a: Haxorus\n|-damage|p1a: Haxorus|0 fnt\n|faint|p1a: Haxorus\n|\n|-heal|p2a: Skarmory|106/235|[from] item: Leftovers\n|upkeep\n|\n|t:|1733766713\n|switch|p1a: Venusaur|Venusaur, L84, M|272/272\n|turn|13\n|\n|t:|1733766719\n|move|p1a: Venusaur|Leech Seed|p2a: Skarmory\n|-start|p2a: Skarmory|move: Leech Seed\n|move|p2a: Skarmory|Roost|p2a: Skarmory\n|-heal|p2a: Skarmory|224/235\n|-singleturn|p2a: Skarmory|move: Roost\n|\n|-heal|p2a: Skarmory|235/235|[from] item: Leftovers\n|-damage|p2a: Skarmory|206/235|[from] Leech Seed|[of] p1a: Venusaur\n|upkeep\n|turn|14\n|\n|t:|1733766735\n|switch|p1a: Glaceon|Glaceon, L94, M|275/275\n|move|p2a: Skarmory|Brave Bird|p1a: Glaceon\n|-damage|p1a: Glaceon|199/275\n|-damage|p2a: Skarmory|181/235|[from] Recoil\n|\n|-heal|p2a: Skarmory|195/235|[from] item: Leftovers\n|-damage|p2a: Skarmory|166/235|[from] Leech Seed|[of] p1a: Glaceon\n|-heal|p1a: Glaceon|228/275|[silent]\n|upkeep\n|turn|15\n|\n|t:|1733766744\n|move|p1a: Glaceon|Wish|p1a: Glaceon\n|move|p2a: Skarmory|Body Press|p1a: Glaceon\n|-supereffective|p1a: Glaceon\n|-damage|p1a: Glaceon|0 fnt\n|faint|p1a: Glaceon\n|\n|-heal|p2a: Skarmory|180/235|[from] item: Leftovers\n|upkeep\n|\n|t:|1733766752\n|switch|p1a: Jolteon|Jolteon, L84, M|246/246\n|turn|16\n|\n|t:|1733766755\n|move|p1a: Jolteon|Calm Mind|p1a: Jolteon\n|-boost|p1a: Jolteon|spa|1\n|-boost|p1a: Jolteon|spd|1\n|move|p2a: Skarmory|Body Press|p1a: Jolteon\n|-damage|p1a: Jolteon|0 fnt\n|faint|p1a: Jolteon\n|\n|-heal|p2a: Skarmory|194/235|[from] item: Leftovers\n|upkeep\n|\n|t:|1733766767\n|switch|p1a: Venusaur|Venusaur, L84, M|272/272\n|turn|17\n|\n|t:|1733766772\n|move|p1a: Venusaur|Substitute|p1a: Venusaur\n|-start|p1a: Venusaur|Substitute\n|-damage|p1a: Venusaur|204/272\n|move|p2a: Skarmory|Body Press|p1a: Venusaur\n|-resisted|p1a: Venusaur\n|-end|p1a: Venusaur|Substitute\n|\n|-heal|p1a: Venusaur|221/272|[from] item: Leftovers\n|-heal|p2a: Skarmory|208/235|[from] item: Leftovers\n|-damage|p2a: Skarmory|179/235|[from] Leech Seed|[of] p1a: Venusaur\n|-heal|p1a: Venusaur|250/272|[silent]\n|upkeep\n|turn|18\n|\n|t:|1733766775\n|move|p1a: Venusaur|Substitute|p1a: Venusaur\n|-start|p1a: Venusaur|Substitute\n|-damage|p1a: Venusaur|182/272\n|move|p2a: Skarmory|Brave Bird|p1a: Venusaur\n|-supereffective|p1a: Venusaur\n|-end|p1a: Venusaur|Substitute\n|-damage|p2a: Skarmory|157/235|[from] Recoil|[of] p1a: Venusaur\n|\n|-heal|p1a: Venusaur|199/272|[from] item: Leftovers\n|-heal|p2a: Skarmory|171/235|[from] item: Leftovers\n|-damage|p2a: Skarmory|142/235|[from] Leech Seed|[of] p1a: Venusaur\n|-heal|p1a: Venusaur|228/272|[silent]\n|upkeep\n|turn|19\n|\n|t:|1733766784\n|move|p1a: Venusaur|Substitute|p1a: Venusaur\n|-start|p1a: Venusaur|Substitute\n|-damage|p1a: Venusaur|160/272\n|move|p2a: Skarmory|Brave Bird|p1a: Venusaur\n|-supereffective|p1a: Venusaur\n|-end|p1a: Venusaur|Substitute\n|-damage|p2a: Skarmory|120/235|[from] Recoil|[of] p1a: Venusaur\n|\n|-heal|p1a: Venusaur|177/272|[from] item: Leftovers\n|-heal|p2a: Skarmory|134/235|[from] item: Leftovers\n|-damage|p2a: Skarmory|105/235|[from] Leech Seed|[of] p1a: Venusaur\n|-heal|p1a: Venusaur|206/272|[silent]\n|upkeep\n|turn|20\n|\n|t:|1733766791\n|move|p1a: Venusaur|Substitute|p1a: Venusaur\n|-start|p1a: Venusaur|Substitute\n|-damage|p1a: Venusaur|138/272\n|move|p2a: Skarmory|Brave Bird|p1a: Venusaur\n|-supereffective|p1a: Venusaur\n|-end|p1a: Venusaur|Substitute\n|-damage|p2a: Skarmory|83/235|[from] Recoil|[of] p1a: Venusaur\n|\n|-heal|p1a: Venusaur|155/272|[from] item: Leftovers\n|-heal|p2a: Skarmory|97/235|[from] item: Leftovers\n|-damage|p2a: Skarmory|68/235|[from] Leech Seed|[of] p1a: Venusaur\n|-heal|p1a: Venusaur|184/272|[silent]\n|upkeep\n|turn|21\n|\n|t:|1733766799\n|move|p1a: Venusaur|Giga Drain|p2a: Skarmory\n|-resisted|p2a: Skarmory\n|-damage|p2a: Skarmory|43/235\n|-heal|p1a: Venusaur|197/272|[from] drain|[of] p2a: Skarmory\n|move|p2a: Skarmory|Roost|p2a: Skarmory\n|-heal|p2a: Skarmory|161/235\n|-singleturn|p2a: Skarmory|move: Roost\n|\n|-heal|p1a: Venusaur|214/272|[from] item: Leftovers\n|-heal|p2a: Skarmory|175/235|[from] item: Leftovers\n|-damage|p2a: Skarmory|146/235|[from] Leech Seed|[of] p1a: Venusaur\n|-heal|p1a: Venusaur|243/272|[silent]\n|upkeep\n|turn|22\n|\n|t:|1733766803\n|move|p1a: Venusaur|Substitute|p1a: Venusaur\n|-start|p1a: Venusaur|Substitute\n|-damage|p1a: Venusaur|175/272\n|move|p2a: Skarmory|Brave Bird|p1a: Venusaur\n|-supereffective|p1a: Venusaur\n|-end|p1a: Venusaur|Substitute\n|-damage|p2a: Skarmory|124/235|[from] Recoil|[of] p1a: Venusaur\n|\n|-heal|p1a: Venusaur|192/272|[from] item: Leftovers\n|-heal|p2a: Skarmory|138/235|[from] item: Leftovers\n|-damage|p2a: Skarmory|109/235|[from] Leech Seed|[of] p1a: Venusaur\n|-heal|p1a: Venusaur|221/272|[silent]\n|upkeep\n|turn|23\n|\n|t:|1733766814\n|move|p1a: Venusaur|Substitute|p1a: Venusaur\n|-start|p1a: Venusaur|Substitute\n|-damage|p1a: Venusaur|153/272\n|move|p2a: Skarmory|Body Press|p1a: Venusaur\n|-resisted|p1a: Venusaur\n|-end|p1a: Venusaur|Substitute\n|\n|-heal|p1a: Venusaur|170/272|[from] item: Leftovers\n|-heal|p2a: Skarmory|123/235|[from] item: Leftovers\n|-damage|p2a: Skarmory|94/235|[from] Leech Seed|[of] p1a: Venusaur\n|-heal|p1a: Venusaur|199/272|[silent]\n|upkeep\n|turn|24\n|\n|t:|1733766821\n|move|p1a: Venusaur|Substitute|p1a: Venusaur\n|-start|p1a: Venusaur|Substitute\n|-damage|p1a: Venusaur|131/272\n|move|p2a: Skarmory|Body Press|p1a: Venusaur\n|-resisted|p1a: Venusaur\n|-end|p1a: Venusaur|Substitute\n|\n|-heal|p1a: Venusaur|148/272|[from] item: Leftovers\n|-heal|p2a: Skarmory|108/235|[from] item: Leftovers\n|-damage|p2a: Skarmory|79/235|[from] Leech Seed|[of] p1a: Venusaur\n|-heal|p1a: Venusaur|177/272|[silent]\n|upkeep\n|turn|25\n|\n|t:|1733766829\n|move|p1a: Venusaur|Substitute|p1a: Venusaur\n|-start|p1a: Venusaur|Substitute\n|-damage|p1a: Venusaur|109/272\n|move|p2a: Skarmory|Body Press|p1a: Venusaur\n|-resisted|p1a: Venusaur\n|-end|p1a: Venusaur|Substitute\n|\n|-heal|p1a: Venusaur|126/272|[from] item: Leftovers\n|-heal|p2a: Skarmory|93/235|[from] item: Leftovers\n|-damage|p2a: Skarmory|64/235|[from] Leech Seed|[of] p1a: Venusaur\n|-heal|p1a: Venusaur|155/272|[silent]\n|upkeep\n|turn|26\n|\n|t:|1733766838\n|move|p1a: Venusaur|Substitute|p1a: Venusaur\n|-start|p1a: Venusaur|Substitute\n|-damage|p1a: Venusaur|87/272\n|move|p2a: Skarmory|Body Press|p1a: Venusaur\n|-resisted|p1a: Venusaur\n|-end|p1a: Venusaur|Substitute\n|\n|-heal|p1a: Venusaur|104/272|[from] item: Leftovers\n|-heal|p2a: Skarmory|78/235|[from] item: Leftovers\n|-damage|p2a: Skarmory|49/235|[from] Leech Seed|[of] p1a: Venusaur\n|-heal|p1a: Venusaur|133/272|[silent]\n|upkeep\n|turn|27\n|\n|t:|1733766842\n|move|p1a: Venusaur|Giga Drain|p2a: Skarmory\n|-resisted|p2a: Skarmory\n|-damage|p2a: Skarmory|25/235\n|-heal|p1a: Venusaur|145/272|[from] drain|[of] p2a: Skarmory\n|move|p2a: Skarmory|Body Press|p1a: Venusaur\n|-resisted|p1a: Venusaur\n|-damage|p1a: Venusaur|0 fnt\n|faint|p1a: Venusaur\n|\n|-heal|p2a: Skarmory|39/235|[from] item: Leftovers\n|upkeep\n|\n|t:|1733766849\n|switch|p1a: Piloswine|Piloswine, L85, F|309/309\n|turn|28\n|\n|t:|1733766854\n|move|p2a: Skarmory|Roost|p2a: Skarmory\n|-heal|p2a: Skarmory|157/235\n|-singleturn|p2a: Skarmory|move: Roost\n|move|p1a: Piloswine|Icicle Crash|p2a: Skarmory\n|-resisted|p2a: Skarmory\n|-damage|p2a: Skarmory|148/235\n|\n|-heal|p2a: Skarmory|162/235|[from] item: Leftovers\n|-damage|p2a: Skarmory|133/235|[from] Leech Seed|[of] p1a: Piloswine\n|upkeep\n|turn|29\n|\n|t:|1733766860\n|move|p2a: Skarmory|Body Press|p1a: Piloswine\n|-supereffective|p1a: Piloswine\n|-crit|p1a: Piloswine\n|-damage|p1a: Piloswine|0 fnt\n|faint|p1a: Piloswine\n|\n|-heal|p2a: Skarmory|147/235|[from] item: Leftovers\n|upkeep\n|\n|t:|1733766873\n|switch|p1a: Ting-Lu|Ting-Lu, L78|370/370\n|-ability|p1a: Ting-Lu|Vessel of Ruin\n|turn|30\n|\n|t:|1733766879\n|move|p2a: Skarmory|Body Press|p1a: Ting-Lu\n|-supereffective|p1a: Ting-Lu\n|-damage|p1a: Ting-Lu|0 fnt\n|faint|p1a: Ting-Lu\n|\n|win|Dippiedaan\n|raw|the_zehn's rating: 1077 &rarr; <strong>1058</strong><br />(-19 for losing)\n|raw|Dippiedaan's rating: 1114 &rarr; <strong>1136</strong><br />(+22 for winning)\n|l|\u2606the_zehn\n|player|p1|\n|c|\u2606Dippiedaan|WTF\n", "inputlog": ">version bfd83cad13791eb5a5a409923076391caf6fb4d4\n>start {\"formatid\":\"gen9randombattle\",\"seed\":[54122,27538,61257,4112],\"rated\":\"Rated battle\"}\n>player p1 {\"name\":\"the_zehn\",\"avatar\":\"n\",\"rating\":1077,\"seed\":[33179,36617,40662,62777]}\n>player p2 {\"name\":\"Dippiedaan\",\"avatar\":\"skyla\",\"rating\":1114,\"seed\":[62136,20759,21686,34137]}\n>p1 move swordsdance terastallize\n>p2 move calmmind terastallize\n>p1 move scaleshot\n>p2 move calmmind\n>p2 switch 6\n>p1 move scaleshot\n>p2 move earthpower\n>p2 switch 4\n>p1 move closecombat\n>p2 move knockoff\n>p2 switch 3\n>p1 move ironhead\n>p2 move mysticalfire\n>p2 switch 2\n>p1 move scaleshot\n>p2 move superfang\n>p2 switch 5\n>p1 move closecombat\n>p2 move irondefense\n>chat \u2606Dippiedaan|wow\n>p1 move closecombat\n>p2 move roost\n>p1 move swordsdance\n>p2 move roost\n>p1 move swordsdance\n>p2 move irondefense\n>p1 move closecombat\n>p2 move irondefense\n>p1 move scaleshot\n>p2 move bodypress\n>p1 switch 5\n>p1 move leechseed\n>p2 move roost\n>p1 switch 6\n>p2 move bravebird\n>p1 move wish\n>p2 move bodypress\n>p1 switch 2\n>p1 move calmmind\n>p2 move bodypress\n>p1 switch 6\n>p1 move substitute\n>p2 move bodypress\n>p1 move substitute\n>p2 move bravebird\n>p1 move substitute\n>p2 move bravebird\n>p1 move substitute\n>p2 move bravebird\n>p1 move gigadrain\n>p2 move roost\n>p1 move substitute\n>p2 move bravebird\n>p1 move substitute\n>p2 move bodypress\n>p1 move substitute\n>p2 move bodypress\n>p1 move substitute\n>p2 move bodypress\n>p1 move substitute\n>p2 move bodypress\n>p1 move gigadrain\n>p2 move bodypress\n>p1 switch 3\n>p1 move iciclecrash\n>p2 move roost\n>p1 move iciclecrash\n>p2 move bodypress\n>p1 switch 4\n>p1 move payback\n>p2 move bodypress", "uploadtime": 1733766886, "views": 28, "formatid": "gen9randombattle", "rating": 1058, "private": 0, "password": null}