{"id": "gen9randombattle-2136780341", "format": "[Gen 9] Random Battle", "players": ["Iceman8911", "vaxisii"], "log": "|badge|p2|silver|gen9randombattle|30-1\n|uhtml|medal-msg|<div class=\"broadcast-blue\">Curious what those medals under the avatar are? PS now has Ladder Seasons! For more information, check out the <a href=\"https://www.smogon.com/forums/threads/3740067/\">thread on Smogon.</a></div>\n|j|\u2606Iceman8911\n|j|\u2606vaxisii\n|t:|1717514678\n|gametype|singles\n|player|p1|Iceman8911|lysandre-masters|2217\n|player|p2|vaxisii|iris|2438\n|teamsize|p1|6\n|teamsize|p2|6\n|gen|9\n|tier|[Gen 9] Random Battle\n|rated|\n|rule|Species Clause: Limit one of each Pok\u00e9mon\n|rule|HP Percentage Mod: HP is shown in percentages\n|rule|Sleep Clause Mod: Limit one foe put to sleep\n|rule|Illusion Level Mod: Illusion disguises the Pok\u00e9mon's true level\n|\n|t:|1717514678\n|start\n|switch|p1a: Dodrio|Dodrio, L86, M|243/243\n|switch|p2a: Noctowl|Noctowl, L95, M|344/344\n|turn|1\n|j| HUUKPTUH\n|inactive|Battle timer is ON: inactive players will automatically lose when time's up. (requested by vaxisii)\n|inactive|Iceman8911 has 120 seconds left.\n|\n|t:|1717514739\n|switch|p1a: Clefable|Clefable, L83, M|293/293\n|move|p2a: Noctowl|Hyper Voice|p1a: Clefable\n|-damage|p1a: Clefable|179/293\n|\n|-heal|p1a: Clefable|197/293|[from] item: Leftovers\n|upkeep\n|turn|2\n|j| Popinazo\n|l| Popinazo\n|\n|t:|1717514769\n|switch|p2a: Sandslash|Sandslash, L88, M|275/275\n|move|p1a: Clefable|Thunder Wave|p2a: Sandslash\n|-immune|p2a: Sandslash\n|\n|-heal|p1a: Clefable|215/293|[from] item: Leftovers\n|upkeep\n|turn|3\n|\n|t:|1717514776\n|move|p2a: Sandslash|Knock Off|p1a: Clefable\n|-resisted|p1a: Clefable\n|-damage|p1a: Clefable|169/293\n|-enditem|p1a: Clefable|Leftovers|[from] move: Knock Off|[of] p2a: Sandslash\n|move|p1a: Clefable|Moonblast|p2a: Sandslash\n|-damage|p2a: Sandslash|193/275\n|\n|upkeep\n|turn|4\n|\n|t:|1717514784\n|move|p2a: Sandslash|Earthquake|p1a: Clefable\n|-crit|p1a: Clefable\n|-damage|p1a: Clefable|0 fnt\n|faint|p1a: Clefable\n|\n|upkeep\n|\n|t:|1717514792\n|switch|p1a: Palkia|Palkia-Origin, L72|249/249\n|-ability|p1a: Palkia|Pressure\n|turn|5\n|\n|t:|1717514798\n|switch|p2a: Noctowl|Noctowl, L95, M|344/344\n|move|p1a: Palkia|Hydro Pump|p2a: Noctowl\n|-damage|p2a: Noctowl|217/344\n|\n|upkeep\n|turn|6\n|\n|t:|1717514806\n|move|p1a: Palkia|Thunder Wave|p2a: Noctowl\n|-status|p2a: Noctowl|par\n|cant|p2a: Noctowl|par\n|\n|upkeep\n|turn|7\n|\n|t:|1717514811\n|move|p1a: Palkia|Hydro Pump|p2a: Noctowl\n|-damage|p2a: Noctowl|105/344 par\n|move|p2a: Noctowl|Roost|p2a: Noctowl\n|-heal|p2a: Noctowl|277/344 par\n|-singleturn|p2a: Noctowl|move: Roost\n|\n|upkeep\n|turn|8\n|\n|t:|1717514816\n|move|p1a: Palkia|Hydro Pump|p2a: Noctowl\n|-damage|p2a: Noctowl|148/344 par\n|cant|p2a: Noctowl|par\n|\n|upkeep\n|turn|9\n|\n|t:|1717514822\n|move|p1a: Palkia|Hydro Pump|p2a: Noctowl\n|-damage|p2a: Noctowl|34/344 par\n|move|p2a: Noctowl|Roost|p2a: Noctowl\n|-heal|p2a: Noctowl|206/344 par\n|-singleturn|p2a: Noctowl|move: Roost\n|\n|upkeep\n|turn|10\n|\n|t:|1717514829\n|switch|p1a: Maushold|Maushold, L76|238/238\n|move|p2a: Noctowl|Roost|p2a: Noctowl\n|-heal|p2a: Noctowl|344/344 par\n|-singleturn|p2a: Noctowl|move: Roost\n|\n|upkeep\n|turn|11\n|\n|t:|1717514842\n|move|p1a: Maushold|Tidy Up|p1a: Maushold\n|-boost|p1a: Maushold|atk|1\n|-boost|p1a: Maushold|spe|1\n|cant|p2a: Noctowl|par\n|\n|upkeep\n|turn|12\n|\n|t:|1717514851\n|move|p1a: Maushold|Encore|p2a: Noctowl\n|-start|p2a: Noctowl|Encore\n|move|p2a: Noctowl|Roost||[still]\n|-fail|p2a: Noctowl|heal\n|\n|upkeep\n|turn|13\n|\n|t:|1717514864\n|switch|p2a: Articuno|Articuno-Galar, L83|285/285\n|move|p1a: Maushold|Tidy Up|p1a: Maushold\n|-boost|p1a: Maushold|atk|1\n|-boost|p1a: Maushold|spe|1\n|\n|upkeep\n|turn|14\n|\n|t:|1717514880\n|-terastallize|p1a: Maushold|Normal\n|-terastallize|p2a: Articuno|Steel\n|move|p1a: Maushold|Population Bomb|p2a: Articuno\n|-resisted|p2a: Articuno\n|-damage|p2a: Articuno|252/285\n|-resisted|p2a: Articuno\n|-damage|p2a: Articuno|224/285\n|-resisted|p2a: Articuno\n|-damage|p2a: Articuno|196/285\n|-resisted|p2a: Articuno\n|-crit|p2a: Articuno\n|-damage|p2a: Articuno|153/285\n|-resisted|p2a: Articuno\n|-damage|p2a: Articuno|119/285\n|-resisted|p2a: Articuno\n|-crit|p2a: Articuno\n|-damage|p2a: Articuno|73/285\n|-resisted|p2a: Articuno\n|-damage|p2a: Articuno|43/285\n|-resisted|p2a: Articuno\n|-damage|p2a: Articuno|13/285\n|-resisted|p2a: Articuno\n|-damage|p2a: Articuno|0 fnt\n|faint|p2a: Articuno\n|-hitcount|p2: Articuno|9\n|\n|upkeep\n|-message|vaxisii forfeited.\n|\n|win|Iceman8911\n|raw|Iceman8911's rating: 2198 &rarr; <strong>2230</strong><br />(+32 for winning)\n|raw|vaxisii's rating: 2438 &rarr; <strong>2406</strong><br />(-32 for losing)\n|l|\u2606vaxisii\n|player|p2|\n", "inputlog": ">version 44ea4080b22383dffbfbbbc072caa3821a8e16c7\n>start {\"formatid\":\"gen9randombattle\",\"seed\":[18447,39114,17713,8721],\"rated\":\"Rated battle\"}\n>player p1 {\"name\":\"Iceman8911\",\"avatar\":\"lysandre-masters\",\"rating\":2217,\"seed\":[38868,1124,37015,27104]}\n>player p2 {\"name\":\"vaxisii\",\"avatar\":\"iris\",\"rating\":2438,\"seed\":[13420,46207,48994,47688]}\n>p1 switch 2\n>p2 move hypervoice\n>p1 move thunderwave\n>p2 switch 4\n>p1 move moonblast\n>p2 move knockoff\n>p1 move moonlight\n>p2 move earthquake\n>p1 switch 5\n>p1 move hydropump\n>p2 switch 4\n>p1 move thunderwave\n>p2 move roost\n>p1 move hydropump\n>p2 move roost\n>p1 move hydropump\n>p2 move roost\n>p1 move hydropump\n>p2 move roost\n>p1 switch 4\n>p2 move roost\n>p1 move tidyup\n>p2 move hypervoice\n>p1 move encore\n>p2 move hypervoice\n>p1 move tidyup\n>p2 switch 5\n>p1 move populationbomb terastallize\n>p2 move hurricane terastallize\n>forcelose p2", "uploadtime": 1717514907, "views": 197, "formatid": "gen9randombattle", "rating": 2230, "private": 0, "password": null}