{"id": "gen9randombattle-2260771810", "format": "[Gen 9] Random Battle", "players": ["xinyazhili", "Zara home 001"], "log": "|j|\u2606xinyazhili\n|j|\u2606Zara home 001\n|t:|1733889685\n|gametype|singles\n|player|p1|xinyazhili|170|\n|player|p2|Zara home 001|266|\n|teamsize|p1|6\n|teamsize|p2|6\n|gen|9\n|tier|[Gen 9] Random Battle\n|rule|Species Clause: Limit one of each Pok\u00e9mon\n|rule|HP Percentage Mod: HP is shown in percentages\n|rule|Sleep Clause Mod: Limit one foe put to sleep\n|rule|Illusion Level Mod: Illusion disguises the Pok\u00e9mon's true level\n|\n|t:|1733889685\n|start\n|switch|p1a: Skarmory|Skarmory, L80, M|235/235\n|switch|p2a: Greninja|Greninja, L80, M|246/246\n|turn|1\n|inactive|Battle timer is ON: inactive players will automatically lose when time's up. (requested by xinyazhili)\n|\n|t:|1733889696\n|move|p2a: Greninja|Hydro Pump|p1a: Skarmory|[miss]\n|-miss|p2a: Greninja|p1a: Skarmory\n|move|p1a: Skarmory|Spikes|p2a: Greninja\n|-sidestart|p2: Zara home 001|Spikes\n|\n|upkeep\n|turn|2\n|\n|t:|1733889701\n|switch|p2a: Ribombee|Ribombee, L82, F|233/233\n|move|p1a: Skarmory|Body Press|p2a: Ribombee\n|-resisted|p2a: Ribombee\n|-damage|p2a: Ribombee|210/233\n|\n|upkeep\n|turn|3\n|\n|t:|1733889704\n|move|p2a: Ribombee|Sticky Web|p1a: Skarmory\n|-sidestart|p1: xinyazhili|move: Sticky Web\n|move|p1a: Skarmory|Brave Bird|p2a: Ribombee\n|-supereffective|p2a: Ribombee\n|-damage|p2a: Ribombee|0 fnt\n|faint|p2a: Ribombee\n|-damage|p1a: Skarmory|166/235|[from] Recoil\n|\n|upkeep\n|\n|t:|1733889715\n|switch|p2a: Zekrom|Zekrom, L71|259/259\n|-damage|p2a: Zekrom|227/259|[from] Spikes\n|-ability|p2a: Zekrom|Teravolt\n|turn|4\n|\n|t:|1733889719\n|move|p2a: Zekrom|Dragon Dance|p2a: Zekrom\n|-boost|p2a: Zekrom|atk|1\n|-boost|p2a: Zekrom|spe|1\n|move|p1a: Skarmory|Roost|p1a: Skarmory\n|-heal|p1a: Skarmory|235/235\n|-singleturn|p1a: Skarmory|move: Roost\n|\n|-heal|p2a: Zekrom|243/259|[from] item: Leftovers\n|upkeep\n|turn|5\n|\n|t:|1733889722\n|move|p2a: Zekrom|Dragon Dance|p2a: Zekrom\n|-boost|p2a: Zekrom|atk|1\n|-boost|p2a: Zekrom|spe|1\n|move|p1a: Skarmory|Body Press|p2a: Zekrom\n|-damage|p2a: Zekrom|175/259\n|\n|-heal|p2a: Zekrom|191/259|[from] item: Leftovers\n|upkeep\n|turn|6\n|\n|t:|1733889732\n|move|p2a: Zekrom|Substitute|p2a: Zekrom\n|-start|p2a: Zekrom|Substitute\n|-damage|p2a: Zekrom|127/259\n|move|p1a: Skarmory|Body Press|p2a: Zekrom\n|-end|p2a: Zekrom|Substitute\n|\n|-heal|p2a: Zekrom|143/259|[from] item: Leftovers\n|upkeep\n|turn|7\n|\n|t:|1733889735\n|move|p2a: Zekrom|Dragon Dance|p2a: Zekrom\n|-boost|p2a: Zekrom|atk|1\n|-boost|p2a: Zekrom|spe|1\n|move|p1a: Skarmory|Body Press|p2a: Zekrom\n|-damage|p2a: Zekrom|78/259\n|\n|-heal|p2a: Zekrom|94/259|[from] item: Leftovers\n|upkeep\n|turn|8\n|\n|t:|1733889738\n|move|p2a: Zekrom|Bolt Strike|p1a: Skarmory\n|-supereffective|p1a: Skarmory\n|-damage|p1a: Skarmory|0 fnt\n|-damage|p2a: Zekrom|51/259|[from] item: Rocky Helmet|[of] p1a: Skarmory\n|faint|p1a: Skarmory\n|\n|-heal|p2a: Zekrom|67/259|[from] item: Leftovers\n|upkeep\n|\n|t:|1733889745\n|switch|p1a: Cetitan|Cetitan, L82, F|412/412\n|-activate|p1a: Cetitan|move: Sticky Web\n|-unboost|p1a: Cetitan|spe|1\n|turn|9\n|\n|t:|1733889753\n|-terastallize|p2a: Zekrom|Steel\n|move|p1a: Cetitan|Ice Shard|p2a: Zekrom\n|-resisted|p2a: Zekrom\n|-damage|p2a: Zekrom|47/259\n|move|p2a: Zekrom|Bolt Strike|p1a: Cetitan\n|-damage|p1a: Cetitan|0 fnt\n|faint|p1a: Cetitan\n|\n|-heal|p2a: Zekrom|63/259|[from] item: Leftovers\n|upkeep\n|\n|t:|1733889760\n|switch|p1a: Raging Bolt|Raging Bolt, L78|323/323\n|-activate|p1a: Raging Bolt|move: Sticky Web\n|-unboost|p1a: Raging Bolt|spe|1\n|turn|10\n|\n|t:|1733889763\n|-terastallize|p1a: Raging Bolt|Fairy\n|move|p2a: Zekrom|Outrage|p1a: Raging Bolt\n|-immune|p1a: Raging Bolt\n|move|p1a: Raging Bolt|Dragon Pulse|p2a: Zekrom\n|-resisted|p2a: Zekrom\n|-damage|p2a: Zekrom|9/259\n|\n|-heal|p2a: Zekrom|25/259|[from] item: Leftovers\n|upkeep\n|turn|11\n|\n|t:|1733889771\n|move|p1a: Raging Bolt|Thunderclap|p2a: Zekrom\n|-damage|p2a: Zekrom|0 fnt\n|faint|p2a: Zekrom\n|\n|upkeep\n|\n|t:|1733889776\n|switch|p2a: Sandslash|Sandslash, L88, F|275/275\n|-damage|p2a: Sandslash|241/275|[from] Spikes\n|turn|12\n|\n|t:|1733889781\n|move|p2a: Sandslash|Rapid Spin|p1a: Raging Bolt\n|-damage|p1a: Raging Bolt|279/323\n|-boost|p2a: Sandslash|spe|1\n|-sideend|p2: Zara home 001|Spikes|[from] move: Rapid Spin|[of] p2a: Sandslash\n|move|p1a: Raging Bolt|Calm Mind|p1a: Raging Bolt\n|-boost|p1a: Raging Bolt|spa|1\n|-boost|p1a: Raging Bolt|spd|1\n|\n|-heal|p2a: Sandslash|258/275|[from] item: Leftovers\n|-heal|p1a: Raging Bolt|299/323|[from] item: Leftovers\n|upkeep\n|turn|13\n|\n|t:|1733889784\n|move|p2a: Sandslash|Earthquake|p1a: Raging Bolt\n|-damage|p1a: Raging Bolt|178/323\n|move|p1a: Raging Bolt|Thunderbolt|p2a: Sandslash\n|-immune|p2a: Sandslash\n|\n|-heal|p2a: Sandslash|275/275|[from] item: Leftovers\n|-heal|p1a: Raging Bolt|198/323|[from] item: Leftovers\n|upkeep\n|turn|14\n|\n|t:|1733889787\n|move|p2a: Sandslash|Knock Off|p1a: Raging Bolt\n|-resisted|p1a: Raging Bolt\n|-damage|p1a: Raging Bolt|154/323\n|-enditem|p1a: Raging Bolt|Leftovers|[from] move: Knock Off|[of] p2a: Sandslash\n|move|p1a: Raging Bolt|Dragon Pulse|p2a: Sandslash\n|-damage|p2a: Sandslash|82/275\n|\n|-heal|p2a: Sandslash|99/275|[from] item: Leftovers\n|upkeep\n|turn|15\n|\n|t:|1733889790\n|move|p2a: Sandslash|Earthquake|p1a: Raging Bolt\n|-damage|p1a: Raging Bolt|28/323\n|move|p1a: Raging Bolt|Dragon Pulse|p2a: Sandslash\n|-damage|p2a: Sandslash|0 fnt\n|faint|p2a: Sandslash\n|\n|upkeep\n|\n|t:|1733889794\n|switch|p2a: Greninja|Greninja, L80, M|246/246\n|turn|16\n|\n|t:|1733889796\n|move|p1a: Raging Bolt|Thunderclap|p2a: Greninja\n|-supereffective|p2a: Greninja\n|-damage|p2a: Greninja|0 fnt\n|faint|p2a: Greninja\n|\n|upkeep\n|\n|t:|1733889799\n|switch|p2a: Pincurchin|Pincurchin, M|258/258\n|-fieldstart|move: Electric Terrain|[from] ability: Electric Surge|[of] p2a: Pincurchin\n|turn|17\n|\n|t:|1733889806\n|move|p1a: Raging Bolt|Dragon Pulse|p2a: Pincurchin\n|-damage|p2a: Pincurchin|128/258\n|move|p2a: Pincurchin|Scald|p1a: Raging Bolt\n|-damage|p1a: Raging Bolt|0 fnt\n|faint|p1a: Raging Bolt\n|-end|p1a: Raging Bolt|Protosynthesis|[silent]\n|\n|-heal|p2a: Pincurchin|144/258|[from] item: Leftovers\n|upkeep\n|\n|t:|1733889809\n|switch|p1a: Zekrom|Zekrom, L71|259/259\n|-activate|p1a: Zekrom|move: Sticky Web\n|-unboost|p1a: Zekrom|spe|1\n|-ability|p1a: Zekrom|Teravolt\n|turn|18\n|\n|t:|1733889812\n|move|p1a: Zekrom|Substitute|p1a: Zekrom\n|-start|p1a: Zekrom|Substitute\n|-damage|p1a: Zekrom|195/259\n|move|p2a: Pincurchin|Scald|p1a: Zekrom\n|-resisted|p1a: Zekrom\n|-activate|p1a: Zekrom|move: Substitute|[damage]\n|\n|-heal|p1a: Zekrom|211/259|[from] item: Leftovers\n|-heal|p2a: Pincurchin|160/258|[from] item: Leftovers\n|upkeep\n|turn|19\n|\n|t:|1733889815\n|move|p1a: Zekrom|Dragon Dance|p1a: Zekrom\n|-boost|p1a: Zekrom|atk|1\n|-boost|p1a: Zekrom|spe|1\n|move|p2a: Pincurchin|Scald|p1a: Zekrom\n|-resisted|p1a: Zekrom\n|-end|p1a: Zekrom|Substitute\n|\n|-heal|p1a: Zekrom|227/259|[from] item: Leftovers\n|-heal|p2a: Pincurchin|176/258|[from] item: Leftovers\n|upkeep\n|turn|20\n|\n|t:|1733889818\n|switch|p2a: Toucannon|Toucannon, L88, M|284/284\n|move|p1a: Zekrom|Substitute|p1a: Zekrom\n|-start|p1a: Zekrom|Substitute\n|-damage|p1a: Zekrom|163/259\n|\n|-heal|p1a: Zekrom|179/259|[from] item: Leftovers\n|upkeep\n|turn|21\n|\n|t:|1733889822\n|move|p1a: Zekrom|Dragon Dance|p1a: Zekrom\n|-boost|p1a: Zekrom|atk|1\n|-boost|p1a: Zekrom|spe|1\n|move|p2a: Toucannon|Boomburst|p1a: Zekrom\n|-damage|p1a: Zekrom|38/259\n|\n|-heal|p1a: Zekrom|54/259|[from] item: Leftovers\n|-fieldend|move: Electric Terrain\n|upkeep\n|turn|22\n|\n|t:|1733889825\n|-singleturn|p2a: Toucannon|move: Beak Blast\n|move|p1a: Zekrom|Bolt Strike|p2a: Toucannon|[miss]\n|-miss|p1a: Zekrom|p2a: Toucannon\n|move|p2a: Toucannon|Beak Blast|p1a: Zekrom\n|-resisted|p1a: Zekrom\n|-activate|p1a: Zekrom|move: Substitute|[damage]\n|\n|-heal|p1a: Zekrom|70/259|[from] item: Leftovers\n|upkeep\n|turn|23\n|\n|t:|1733889834\n|-singleturn|p2a: Toucannon|move: Beak Blast\n|move|p1a: Zekrom|Outrage|p2a: Toucannon\n|-damage|p2a: Toucannon|0 fnt\n|-status|p1a: Zekrom|brn\n|faint|p2a: Toucannon\n|\n|-heal|p1a: Zekrom|86/259 brn|[from] item: Leftovers\n|-damage|p1a: Zekrom|70/259 brn|[from] brn\n|upkeep\n|\n|t:|1733889836\n|switch|p2a: Pincurchin|Pincurchin, M|176/258\n|-fieldstart|move: Electric Terrain|[from] ability: Electric Surge|[of] p2a: Pincurchin\n|turn|24\n|\n|t:|1733889838\n|move|p1a: Zekrom|Outrage|p2a: Pincurchin|[from]lockedmove\n|-damage|p2a: Pincurchin|75/258\n|-start|p1a: Zekrom|confusion|[fatigue]\n|move|p2a: Pincurchin|Recover|p2a: Pincurchin\n|-heal|p2a: Pincurchin|204/258\n|\n|-heal|p1a: Zekrom|86/259 brn|[from] item: Leftovers\n|-heal|p2a: Pincurchin|220/258|[from] item: Leftovers\n|-damage|p1a: Zekrom|70/259 brn|[from] brn\n|upkeep\n|turn|25\n|\n|t:|1733889842\n|-activate|p1a: Zekrom|confusion\n|-damage|p1a: Zekrom|12/259 brn|[from] confusion\n|move|p2a: Pincurchin|Scald|p1a: Zekrom\n|-resisted|p1a: Zekrom\n|-end|p1a: Zekrom|Substitute\n|\n|-heal|p1a: Zekrom|28/259 brn|[from] item: Leftovers\n|-heal|p2a: Pincurchin|236/258|[from] item: Leftovers\n|-damage|p1a: Zekrom|12/259 brn|[from] brn\n|upkeep\n|turn|26\n|\n|t:|1733889845\n|-end|p1a: Zekrom|confusion\n|move|p1a: Zekrom|Outrage|p2a: Pincurchin\n|-damage|p2a: Pincurchin|124/258\n|move|p2a: Pincurchin|Recover|p2a: Pincurchin\n|-heal|p2a: Pincurchin|253/258\n|\n|-heal|p1a: Zekrom|28/259 brn|[from] item: Leftovers\n|-heal|p2a: Pincurchin|258/258|[from] item: Leftovers\n|-damage|p1a: Zekrom|12/259 brn|[from] brn\n|upkeep\n|turn|27\n|\n|t:|1733889851\n|move|p1a: Zekrom|Outrage|p2a: Pincurchin|[from]lockedmove\n|-damage|p2a: Pincurchin|152/258\n|-start|p1a: Zekrom|confusion|[fatigue]\n|move|p2a: Pincurchin|Scald|p1a: Zekrom\n|-resisted|p1a: Zekrom\n|-damage|p1a: Zekrom|0 fnt\n|faint|p1a: Zekrom\n|\n|-heal|p2a: Pincurchin|168/258|[from] item: Leftovers\n|upkeep\n|\n|t:|1733889854\n|switch|p1a: Spidops|Spidops, L96, M|271/271\n|turn|28\n|\n|t:|1733889857\n|move|p1a: Spidops|Knock Off|p2a: Pincurchin\n|-damage|p2a: Pincurchin|112/258\n|-enditem|p2a: Pincurchin|Leftovers|[from] move: Knock Off|[of] p1a: Spidops\n|move|p2a: Pincurchin|Thunderbolt|p1a: Spidops\n|-damage|p1a: Spidops|132/271\n|\n|-fieldend|move: Electric Terrain\n|upkeep\n|turn|29\n|\n|t:|1733889864\n|move|p1a: Spidops|Knock Off|p2a: Pincurchin\n|-damage|p2a: Pincurchin|71/258\n|move|p2a: Pincurchin|Recover|p2a: Pincurchin\n|-heal|p2a: Pincurchin|200/258\n|\n|upkeep\n|turn|30\n|\n|t:|1733889868\n|move|p1a: Spidops|Knock Off|p2a: Pincurchin\n|-damage|p2a: Pincurchin|161/258\n|move|p2a: Pincurchin|Spikes|p1a: Spidops\n|-sidestart|p1: xinyazhili|Spikes\n|\n|upkeep\n|turn|31\n|\n|t:|1733889871\n|move|p1a: Spidops|Knock Off|p2a: Pincurchin\n|-damage|p2a: Pincurchin|118/258\n|move|p2a: Pincurchin|Spikes|p1a: Spidops\n|-sidestart|p1: xinyazhili|Spikes\n|\n|upkeep\n|turn|32\n|\n|t:|1733889873\n|move|p1a: Spidops|Knock Off|p2a: Pincurchin\n|-damage|p2a: Pincurchin|78/258\n|move|p2a: Pincurchin|Recover|p2a: Pincurchin\n|-heal|p2a: Pincurchin|207/258\n|\n|upkeep\n|turn|33\n|\n|t:|1733889877\n|move|p2a: Pincurchin|Spikes|p1a: Spidops\n|-sidestart|p1: xinyazhili|Spikes\n|move|p1a: Spidops|Circle Throw|p2a: Pincurchin\n|-damage|p2a: Pincurchin|169/258\n|\n|upkeep\n|turn|34\n|\n|t:|1733889880\n|move|p1a: Spidops|Knock Off|p2a: Pincurchin\n|-damage|p2a: Pincurchin|126/258\n|move|p2a: Pincurchin|Recover|p2a: Pincurchin\n|-heal|p2a: Pincurchin|255/258\n|\n|upkeep\n|turn|35\n|\n|t:|1733889883\n|move|p1a: Spidops|Knock Off|p2a: Pincurchin\n|-damage|p2a: Pincurchin|215/258\n|move|p2a: Pincurchin|Thunderbolt|p1a: Spidops\n|-damage|p1a: Spidops|18/271\n|\n|upkeep\n|turn|36\n|\n|t:|1733889886\n|move|p1a: Spidops|Knock Off|p2a: Pincurchin\n|-damage|p2a: Pincurchin|171/258\n|move|p2a: Pincurchin|Thunderbolt|p1a: Spidops\n|-damage|p1a: Spidops|0 fnt\n|faint|p1a: Spidops\n|\n|upkeep\n|\n|t:|1733889887\n|switch|p1a: Braviary|Braviary, L85, M|309/309\n|turn|37\n|\n|t:|1733889894\n|move|p1a: Braviary|Brave Bird|p2a: Pincurchin\n|-resisted|p2a: Pincurchin\n|-damage|p2a: Pincurchin|108/258\n|-damage|p1a: Braviary|288/309|[from] Recoil\n|move|p2a: Pincurchin|Thunderbolt|p1a: Braviary\n|-supereffective|p1a: Braviary\n|-damage|p1a: Braviary|12/309\n|\n|upkeep\n|turn|38\n|\n|t:|1733889901\n|move|p1a: Braviary|Close Combat|p2a: Pincurchin\n|-damage|p2a: Pincurchin|17/258\n|-unboost|p1a: Braviary|def|1\n|-unboost|p1a: Braviary|spd|1\n|move|p2a: Pincurchin|Thunderbolt|p1a: Braviary\n|-supereffective|p1a: Braviary\n|-damage|p1a: Braviary|0 fnt\n|faint|p1a: Braviary\n|\n|win|Zara home 001\n|l|\u2606xinyazhili\n|player|p1|\n", "inputlog": ">version bfd83cad13791eb5a5a409923076391caf6fb4d4\n>start {\"formatid\":\"gen9randombattle\",\"seed\":[65160,1100,28939,30363]}\n>player p1 {\"name\":\"xinyazhili\",\"avatar\":\"170\",\"rating\":0,\"seed\":[64937,17603,1369,28246]}\n>player p2 {\"name\":\"Zara home 001\",\"avatar\":\"266\",\"rating\":0,\"seed\":[1845,26875,64864,36324]}\n>p1 move spikes\n>p2 move hydropump\n>p1 move bodypress\n>p2 switch 2\n>p1 move bravebird\n>p2 move stickyweb\n>p2 switch 5\n>p1 move roost\n>p2 move dragondance\n>p1 move bodypress\n>p2 move dragondance\n>p1 move bodypress\n>p2 move substitute\n>p1 move bodypress\n>p2 move dragondance\n>p1 move bodypress\n>p2 move boltstrike\n>p1 switch 6\n>p1 move iceshard\n>p2 move boltstrike terastallize\n>p1 switch 2\n>p1 move dragonpulse terastallize\n>p2 move outrage\n>p1 move thunderclap\n>p2 move boltstrike\n>p2 switch 4\n>p1 move calmmind\n>p2 move rapidspin\n>p1 move thunderbolt\n>p2 move earthquake\n>p1 move dragonpulse\n>p2 move knockoff\n>p1 move dragonpulse\n>p2 move earthquake\n>p2 switch 2\n>p1 move thunderclap\n>p2 move icebeam\n>p2 switch 6\n>p1 move dragonpulse\n>p2 move scald\n>p1 switch 3\n>p1 move substitute\n>p2 move scald\n>p1 move dragondance\n>p2 move scald\n>p1 move substitute\n>p2 switch 3\n>p1 move dragondance\n>p2 move boomburst\n>p1 move boltstrike\n>p2 move beakblast\n>p1 move outrage\n>p2 move beakblast\n>p2 switch 3\n>p1 move outrage\n>p2 move recover\n>p1 move dragondance\n>p2 move scald\n>p1 move outrage\n>p2 move recover\n>p1 move outrage\n>p2 move scald\n>p1 switch 4\n>p1 move knockoff\n>p2 move thunderbolt\n>p1 move knockoff\n>p2 move recover\n>p1 move knockoff\n>p2 move spikes\n>p1 move knockoff\n>p2 move spikes\n>p1 move knockoff\n>p2 move recover\n>p1 move circlethrow\n>p2 move spikes\n>p1 move knockoff\n>p2 move recover\n>p1 move knockoff\n>p2 move thunderbolt\n>p1 move knockoff\n>p2 move thunderbolt\n>p1 switch 5\n>p1 move bravebird\n>p2 move thunderbolt\n>p1 move closecombat\n>p2 move thunderbolt", "uploadtime": 1733889904, "views": 10, "formatid": "gen9randombattle", "rating": null, "private": 0, "password": null}