{"id": "gen9randombattle-2260854733", "format": "[Gen 9] Random Battle", "players": ["yngbroken", "rhyfinn090"], "log": "|j|\u2606yngbroken\n|j|\u2606rhyfinn090\n|t:|1733904847\n|gametype|singles\n|player|p1|yngbroken|169|1049\n|player|p2|rhyfinn090|ninjaboy|1029\n|teamsize|p1|6\n|teamsize|p2|6\n|gen|9\n|tier|[Gen 9] Random Battle\n|rated|\n|rule|Species Clause: Limit one of each Pok\u00e9mon\n|rule|HP Percentage Mod: HP is shown in percentages\n|rule|Sleep Clause Mod: Limit one foe put to sleep\n|rule|Illusion Level Mod: Illusion disguises the Pok\u00e9mon's true level\n|\n|t:|1733904847\n|start\n|switch|p1a: Blastoise|Blastoise, L80, M|258/258\n|switch|p2a: Bellibolt|Bellibolt, L84, F|320/320\n|turn|1\n|inactive|Battle timer is ON: inactive players will automatically lose when time's up. (requested by rhyfinn090)\n|\n|t:|1733904863\n|-terastallize|p1a: Blastoise|Electric\n|move|p1a: Blastoise|Shell Smash|p1a: Blastoise\n|-unboost|p1a: Blastoise|def|1\n|-unboost|p1a: Blastoise|spd|1\n|-boost|p1a: Blastoise|atk|2\n|-boost|p1a: Blastoise|spa|2\n|-boost|p1a: Blastoise|spe|2\n|-enditem|p1a: Blastoise|White Herb\n|-clearnegativeboost|p1a: Blastoise|[silent]\n|move|p2a: Bellibolt|Volt Switch|p1a: Blastoise\n|-resisted|p1a: Blastoise\n|-damage|p1a: Blastoise|225/258\n|inactive|rhyfinn090 has 120 seconds left.\n|\n|t:|1733904896\n|switch|p2a: Kingdra|Kingdra, L84, F|263/263|[from] Volt Switch\n|\n|upkeep\n|turn|2\n|\n|t:|1733904904\n|move|p1a: Blastoise|Ice Beam|p2a: Kingdra\n|-damage|p2a: Kingdra|160/263\n|-status|p2a: Kingdra|frz\n|-enditem|p2a: Kingdra|Lum Berry|[eat]\n|-curestatus|p2a: Kingdra|frz|[msg]\n|move|p2a: Kingdra|Outrage|p1a: Blastoise\n|-damage|p1a: Blastoise|116/258\n|\n|upkeep\n|turn|3\n|\n|t:|1733904911\n|move|p1a: Blastoise|Tera Blast|p2a: Kingdra|[anim] Tera Blast Electric\n|-damage|p2a: Kingdra|24/263\n|move|p2a: Kingdra|Outrage|p1a: Blastoise|[from]lockedmove\n|-damage|p1a: Blastoise|0 fnt\n|faint|p1a: Blastoise\n|-start|p2a: Kingdra|confusion|[fatigue]\n|\n|upkeep\n|\n|t:|1733904927\n|switch|p1a: Rillaboom|Rillaboom, L79, M|288/288\n|-fieldstart|move: Grassy Terrain|[from] ability: Grassy Surge|[of] p1a: Rillaboom\n|turn|4\n|\n|t:|1733904936\n|-activate|p2a: Kingdra|confusion\n|move|p2a: Kingdra|Outrage|p1a: Rillaboom\n|-damage|p1a: Rillaboom|165/288\n|move|p1a: Rillaboom|Swords Dance|p1a: Rillaboom\n|-boost|p1a: Rillaboom|atk|2\n|\n|-heal|p2a: Kingdra|40/263|[from] Grassy Terrain\n|-heal|p1a: Rillaboom|183/288|[from] Grassy Terrain\n|upkeep\n|turn|5\n|\n|t:|1733904945\n|move|p1a: Rillaboom|Grassy Glide|p2a: Kingdra\n|-damage|p2a: Kingdra|0 fnt\n|faint|p2a: Kingdra\n|-damage|p1a: Rillaboom|155/288|[from] item: Life Orb\n|\n|-heal|p1a: Rillaboom|173/288|[from] Grassy Terrain\n|upkeep\n|\n|t:|1733904949\n|switch|p2a: Altaria|Altaria, L88, F|275/275\n|turn|6\n|\n|t:|1733904973\n|move|p2a: Altaria|Brave Bird|p1a: Rillaboom\n|-supereffective|p1a: Rillaboom\n|-damage|p1a: Rillaboom|0 fnt\n|faint|p1a: Rillaboom\n|-damage|p2a: Altaria|218/275|[from] Recoil\n|\n|upkeep\n|\n|t:|1733904978\n|switch|p1a: Beartic|Beartic, L91, M|321/321\n|turn|7\n|inactive|rhyfinn090 has 120 seconds left.\n|\n|t:|1733905012\n|move|p2a: Altaria|Brave Bird|p1a: Beartic\n|-damage|p1a: Beartic|206/321\n|-damage|p2a: Altaria|180/275|[from] Recoil\n|move|p1a: Beartic|Snowscape|p1a: Beartic\n|-weather|Snow\n|\n|-weather|Snow|[upkeep]\n|-heal|p1a: Beartic|226/321|[from] Grassy Terrain\n|upkeep\n|turn|8\n|\n|t:|1733905022\n|move|p1a: Beartic|Icicle Crash|p2a: Altaria\n|-supereffective|p2a: Altaria\n|-damage|p2a: Altaria|0 fnt\n|faint|p2a: Altaria\n|\n|-weather|Snow|[upkeep]\n|-heal|p1a: Beartic|246/321|[from] Grassy Terrain\n|-fieldend|move: Grassy Terrain\n|upkeep\n|\n|t:|1733905026\n|switch|p2a: Crabominable|Crabominable, L90, F|321/321\n|turn|9\n|\n|t:|1733905032\n|-terastallize|p2a: Crabominable|Ground\n|move|p1a: Beartic|Close Combat|p2a: Crabominable\n|-damage|p2a: Crabominable|188/321\n|-unboost|p1a: Beartic|def|1\n|-unboost|p1a: Beartic|spd|1\n|move|p2a: Crabominable|Drain Punch|p1a: Beartic\n|-supereffective|p1a: Beartic\n|-damage|p1a: Beartic|0 fnt\n|-heal|p2a: Crabominable|311/321|[from] drain|[of] p1a: Beartic\n|faint|p1a: Beartic\n|\n|-weather|Snow|[upkeep]\n|upkeep\n|\n|t:|1733905046\n|switch|p1a: Swanna|Swanna, L88, F|275/275\n|turn|10\n|\n|t:|1733905052\n|switch|p2a: Bellibolt|Bellibolt, L84, F|320/320\n|move|p1a: Swanna|Hydro Pump|p2a: Bellibolt\n|-damage|p2a: Bellibolt|190/320\n|-start|p2a: Bellibolt|Charge|Hydro Pump|[from] ability: Electromorphosis\n|\n|-weather|Snow|[upkeep]\n|-heal|p2a: Bellibolt|210/320|[from] item: Leftovers\n|upkeep\n|turn|11\n|\n|t:|1733905073\n|switch|p1a: Slowking|Slowking-Galar, L85, M|300/300\n|move|p2a: Bellibolt|Volt Switch|p1a: Slowking\n|-damage|p1a: Slowking|212/300\n|-end|p2a: Bellibolt|Charge|[silent]\n|\n|t:|1733905084\n|switch|p2a: Crabominable|Crabominable, L90, F, tera:Ground|311/321|[from] Volt Switch\n|\n|-weather|none\n|upkeep\n|turn|12\n|\n|t:|1733905088\n|move|p2a: Crabominable|Earthquake|p1a: Slowking\n|-supereffective|p1a: Slowking\n|-damage|p1a: Slowking|0 fnt\n|faint|p1a: Slowking\n|\n|upkeep\n|\n|t:|1733905097\n|switch|p1a: Chimecho|Chimecho, L93, F|290/290\n|turn|13\n|\n|t:|1733905105\n|switch|p2a: Bellibolt|Bellibolt, L84, F|210/320\n|move|p1a: Chimecho|Cosmic Power|p1a: Chimecho\n|-boost|p1a: Chimecho|def|1\n|-boost|p1a: Chimecho|spd|1\n|\n|-heal|p2a: Bellibolt|230/320|[from] item: Leftovers\n|upkeep\n|turn|14\n|\n|t:|1733905118\n|move|p1a: Chimecho|Stored Power|p2a: Bellibolt\n|-damage|p2a: Bellibolt|145/320\n|-start|p2a: Bellibolt|Charge|Stored Power|[from] ability: Electromorphosis\n|move|p2a: Bellibolt|Volt Switch|p1a: Chimecho\n|-damage|p1a: Chimecho|191/290\n|-end|p2a: Bellibolt|Charge|[silent]\n|\n|t:|1733905123\n|switch|p2a: Crabominable|Crabominable, L90, F, tera:Ground|311/321|[from] Volt Switch\n|\n|-heal|p1a: Chimecho|209/290|[from] item: Leftovers\n|upkeep\n|turn|15\n|\n|t:|1733905126\n|move|p1a: Chimecho|Dazzling Gleam|p2a: Crabominable\n|-damage|p2a: Crabominable|236/321\n|move|p2a: Crabominable|Ice Hammer|p1a: Chimecho\n|-damage|p1a: Chimecho|23/290\n|-unboost|p2a: Crabominable|spe|1\n|\n|-heal|p1a: Chimecho|41/290|[from] item: Leftovers\n|upkeep\n|turn|16\n|\n|t:|1733905133\n|move|p1a: Chimecho|Recover|p1a: Chimecho\n|-heal|p1a: Chimecho|186/290\n|move|p2a: Crabominable|Ice Hammer|p1a: Chimecho\n|-damage|p1a: Chimecho|6/290\n|-unboost|p2a: Crabominable|spe|1\n|\n|-heal|p1a: Chimecho|24/290|[from] item: Leftovers\n|upkeep\n|turn|17\n|\n|t:|1733905139\n|move|p1a: Chimecho|Recover|p1a: Chimecho\n|-heal|p1a: Chimecho|169/290\n|move|p2a: Crabominable|Ice Hammer|p1a: Chimecho\n|-damage|p1a: Chimecho|0 fnt\n|-unboost|p2a: Crabominable|spe|1\n|faint|p1a: Chimecho\n|\n|upkeep\n|\n|t:|1733905142\n|switch|p1a: Swanna|Swanna, L88, F|275/275\n|turn|18\n|\n|t:|1733905148\n|move|p1a: Swanna|Brave Bird|p2a: Crabominable\n|-damage|p2a: Crabominable|110/321\n|-damage|p1a: Swanna|233/275|[from] Recoil\n|move|p2a: Crabominable|Ice Hammer|p1a: Swanna\n|-damage|p1a: Swanna|0 fnt\n|-unboost|p2a: Crabominable|spe|1\n|faint|p1a: Swanna\n|\n|win|rhyfinn090\n|raw|yngbroken's rating: 1049 &rarr; <strong>1031</strong><br />(-18 for losing)\n|raw|rhyfinn090's rating: 1029 &rarr; <strong>1067</strong><br />(+38 for winning)\n|l|\u2606yngbroken\n|player|p1|\n", "inputlog": ">version bfd83cad13791eb5a5a409923076391caf6fb4d4\n>start {\"formatid\":\"gen9randombattle\",\"seed\":[65023,55104,50240,62238],\"rated\":\"Rated battle\"}\n>player p1 {\"name\":\"yngbroken\",\"avatar\":\"169\",\"rating\":1049,\"seed\":[27132,48950,57056,5087]}\n>player p2 {\"name\":\"rhyfinn090\",\"avatar\":\"ninjaboy\",\"rating\":1029,\"seed\":[4342,3816,16245,27671]}\n>p1 move shellsmash terastallize\n>p2 move voltswitch\n>p2 switch 3\n>p1 move icebeam\n>p2 move outrage\n>p1 move terablast\n>p2 move outrage\n>p1 switch 2\n>p1 move swordsdance\n>p2 move outrage\n>p1 move grassyglide\n>p2 move outrage\n>p2 switch 5\n>p1 move knockoff\n>p2 move bravebird\n>p1 switch 3\n>p1 move snowscape\n>p2 move bravebird\n>p1 move iciclecrash\n>p2 move bravebird\n>p2 switch 2\n>p1 move closecombat\n>p2 move drainpunch terastallize\n>p1 switch 4\n>p1 move hydropump\n>p2 switch 3\n>p1 switch 5\n>p2 move voltswitch\n>p2 switch 3\n>p1 move surf\n>p2 move earthquake\n>p1 switch 6\n>p1 move cosmicpower\n>p2 switch 3\n>p1 move storedpower\n>p2 move voltswitch\n>p2 switch 3\n>p1 move dazzlinggleam\n>p2 move icehammer\n>p1 move recover\n>p2 move icehammer\n>p1 move recover\n>p2 move icehammer\n>p1 switch 5\n>p1 move bravebird\n>p2 move icehammer", "uploadtime": 1733905154, "views": 1, "formatid": "gen9randombattle", "rating": 1031, "private": 0, "password": null}