{"id": "gen9randombattle-2260285441", "format": "[Gen 9] Random Battle", "players": ["Eggcho", "skibidisaurus"], "log": "|j|\u2606Eggcho\n|j|\u2606skibidisaurus\n|t:|1733835141\n|gametype|singles\n|player|p1|Eggcho|pokemaniac|1139\n|player|p2|skibidisaurus|2|1101\n|teamsize|p1|6\n|teamsize|p2|6\n|gen|9\n|tier|[Gen 9] Random Battle\n|rated|\n|rule|Species Clause: Limit one of each Pok\u00e9mon\n|rule|HP Percentage Mod: HP is shown in percentages\n|rule|Sleep Clause Mod: Limit one foe put to sleep\n|rule|Illusion Level Mod: Illusion disguises the Pok\u00e9mon's true level\n|\n|t:|1733835141\n|start\n|switch|p1a: Electrode|Electrode-Hisui, L87|246/246\n|switch|p2a: Bruxish|Bruxish, L85, F|254/254\n|turn|1\n|inactive|Battle timer is ON: inactive players will automatically lose when time's up. (requested by Eggcho)\n|\n|t:|1733835156\n|switch|p2a: Camerupt|Camerupt, L91, M|275/275\n|move|p1a: Electrode|Thunderbolt|p2a: Camerupt\n|-immune|p2a: Camerupt\n|\n|upkeep\n|turn|2\n|\n|t:|1733835168\n|move|p1a: Electrode|Leech Seed|p2a: Camerupt\n|-start|p2a: Camerupt|move: Leech Seed\n|move|p2a: Camerupt|Earthquake|p1a: Electrode\n|-damage|p1a: Electrode|95/246\n|\n|-heal|p1a: Electrode|110/246|[from] item: Leftovers\n|-damage|p2a: Camerupt|241/275|[from] Leech Seed|[of] p1a: Electrode\n|-heal|p1a: Electrode|144/246|[silent]\n|upkeep\n|turn|3\n|\n|t:|1733835179\n|move|p1a: Electrode|Giga Drain|p2a: Camerupt\n|-damage|p2a: Camerupt|163/275\n|-heal|p1a: Electrode|183/246|[from] drain|[of] p2a: Camerupt\n|move|p2a: Camerupt|Earthquake|p1a: Electrode\n|-damage|p1a: Electrode|29/246\n|\n|-heal|p1a: Electrode|44/246|[from] item: Leftovers\n|-heal|p2a: Camerupt|180/275|[from] item: Leftovers\n|-damage|p2a: Camerupt|146/275|[from] Leech Seed|[of] p1a: Electrode\n|-heal|p1a: Electrode|78/246|[silent]\n|upkeep\n|turn|4\n|\n|t:|1733835191\n|move|p1a: Electrode|Giga Drain|p2a: Camerupt\n|-damage|p2a: Camerupt|65/275\n|-heal|p1a: Electrode|119/246|[from] drain|[of] p2a: Camerupt\n|move|p2a: Camerupt|Earthquake|p1a: Electrode\n|-damage|p1a: Electrode|0 fnt\n|faint|p1a: Electrode\n|\n|-heal|p2a: Camerupt|82/275|[from] item: Leftovers\n|upkeep\n|\n|t:|1733835201\n|switch|p1a: Dunsparce|Dunsparce, L86, M|312/312\n|turn|5\n|\n|t:|1733835207\n|move|p1a: Dunsparce|Earthquake|p2a: Camerupt\n|-supereffective|p2a: Camerupt\n|-damage|p2a: Camerupt|0 fnt\n|faint|p2a: Camerupt\n|\n|upkeep\n|\n|t:|1733835228\n|switch|p2a: Bruxish|Bruxish, L85, F|254/254\n|turn|6\n|\n|t:|1733835245\n|move|p2a: Bruxish|Ice Fang|p1a: Dunsparce|[miss]\n|-miss|p2a: Bruxish|p1a: Dunsparce\n|move|p1a: Dunsparce|Coil|p1a: Dunsparce\n|-boost|p1a: Dunsparce|atk|1\n|-boost|p1a: Dunsparce|def|1\n|-boost|p1a: Dunsparce|accuracy|1\n|\n|upkeep\n|turn|7\n|\n|t:|1733835255\n|move|p2a: Bruxish|Ice Fang|p1a: Dunsparce\n|-damage|p1a: Dunsparce|274/312\n|move|p1a: Dunsparce|Coil|p1a: Dunsparce\n|-boost|p1a: Dunsparce|atk|1\n|-boost|p1a: Dunsparce|def|1\n|-boost|p1a: Dunsparce|accuracy|1\n|\n|upkeep\n|turn|8\n|\n|t:|1733835270\n|switch|p2a: Talonflame|Talonflame, L83, M|265/265\n|move|p1a: Dunsparce|Coil|p1a: Dunsparce\n|-boost|p1a: Dunsparce|atk|1\n|-boost|p1a: Dunsparce|def|1\n|-boost|p1a: Dunsparce|accuracy|1\n|\n|upkeep\n|turn|9\n|\n|t:|1733835284\n|switch|p2a: Bruxish|Bruxish, L85, F|254/254\n|move|p1a: Dunsparce|Body Slam|p2a: Bruxish\n|-crit|p2a: Bruxish\n|-damage|p2a: Bruxish|0 fnt\n|faint|p2a: Bruxish\n|\n|upkeep\n|\n|t:|1733835295\n|switch|p2a: Talonflame|Talonflame, L83, M|265/265\n|turn|10\n|inactive|Eggcho has 120 seconds left.\n|inactive|Eggcho has 90 seconds left.\n|\n|t:|1733835359\n|move|p2a: Talonflame|Swords Dance|p2a: Talonflame\n|-boost|p2a: Talonflame|atk|2\n|move|p1a: Dunsparce|Body Slam|p2a: Talonflame\n|-damage|p2a: Talonflame|57/265\n|-status|p2a: Talonflame|par\n|\n|upkeep\n|turn|11\n|inactive|Eggcho has 90 seconds left.\n|inactive|skibidisaurus has 120 seconds left.\n|\n|t:|1733835389\n|move|p2a: Talonflame|Flare Blitz|p1a: Dunsparce\n|-damage|p1a: Dunsparce|211/312\n|-damage|p2a: Talonflame|36/265 par|[from] Recoil\n|move|p1a: Dunsparce|Coil|p1a: Dunsparce\n|-boost|p1a: Dunsparce|atk|1\n|-boost|p1a: Dunsparce|def|1\n|-boost|p1a: Dunsparce|accuracy|1\n|\n|upkeep\n|turn|12\n|inactive|skibidisaurus has 120 seconds left.\n|inactive|Eggcho has 90 seconds left.\n|\n|t:|1733835401\n|move|p2a: Talonflame|Flare Blitz|p1a: Dunsparce\n|-damage|p1a: Dunsparce|156/312\n|-damage|p2a: Talonflame|18/265 par|[from] Recoil\n|move|p1a: Dunsparce|Roost|p1a: Dunsparce\n|-heal|p1a: Dunsparce|312/312\n|-singleturn|p1a: Dunsparce|move: Roost\n|\n|upkeep\n|turn|13\n|inactive|skibidisaurus has 120 seconds left.\n|\n|t:|1733835416\n|move|p2a: Talonflame|Flare Blitz|p1a: Dunsparce\n|-damage|p1a: Dunsparce|252/312\n|-damage|p2a: Talonflame|0 fnt|[from] Recoil\n|faint|p2a: Talonflame\n|move|p1a: Dunsparce|Body Slam|p2: Talonflame|[notarget]\n|-fail|p1a: Dunsparce\n|\n|upkeep\n|\n|t:|1733835424\n|switch|p2a: Honchkrow|Honchkrow, L86, F|312/312\n|turn|14\n|\n|t:|1733835430\n|move|p2a: Honchkrow|Thunder Wave|p1a: Dunsparce\n|-status|p1a: Dunsparce|par\n|move|p1a: Dunsparce|Body Slam|p2a: Honchkrow\n|-damage|p2a: Honchkrow|5/312\n|-status|p2a: Honchkrow|par\n|\n|upkeep\n|turn|15\n|inactive|skibidisaurus has 120 seconds left.\n|\n|t:|1733835450\n|move|p2a: Honchkrow|Brave Bird|p1a: Dunsparce\n|-damage|p1a: Dunsparce|207/312 par\n|-damage|p2a: Honchkrow|0 fnt|[from] Recoil\n|faint|p2a: Honchkrow\n|cant|p1a: Dunsparce|par\n|\n|upkeep\n|\n|t:|1733835464\n|switch|p2a: Hydrapple|Hydrapple, L83, M|312/312\n|turn|16\n|\n|t:|1733835485\n|move|p2a: Hydrapple|Earth Power|p1a: Dunsparce\n|-damage|p1a: Dunsparce|111/312 par\n|cant|p1a: Dunsparce|par\n|\n|upkeep\n|turn|17\n|\n|t:|1733835492\n|move|p2a: Hydrapple|Earth Power|p1a: Dunsparce\n|-damage|p1a: Dunsparce|25/312 par\n|move|p1a: Dunsparce|Roost|p1a: Dunsparce\n|-heal|p1a: Dunsparce|181/312 par\n|-singleturn|p1a: Dunsparce|move: Roost\n|\n|upkeep\n|turn|18\n|\n|t:|1733835498\n|move|p2a: Hydrapple|Earth Power|p1a: Dunsparce\n|-damage|p1a: Dunsparce|83/312 par\n|move|p1a: Dunsparce|Roost|p1a: Dunsparce\n|-heal|p1a: Dunsparce|239/312 par\n|-singleturn|p1a: Dunsparce|move: Roost\n|\n|upkeep\n|turn|19\n|\n|t:|1733835505\n|move|p2a: Hydrapple|Earth Power|p1a: Dunsparce\n|-damage|p1a: Dunsparce|151/312 par\n|cant|p1a: Dunsparce|par\n|\n|upkeep\n|turn|20\n|inactive|skibidisaurus has 120 seconds left.\n|\n|t:|1733835511\n|move|p2a: Hydrapple|Earth Power|p1a: Dunsparce\n|-damage|p1a: Dunsparce|64/312 par\n|move|p1a: Dunsparce|Roost|p1a: Dunsparce\n|-heal|p1a: Dunsparce|220/312 par\n|-singleturn|p1a: Dunsparce|move: Roost\n|\n|upkeep\n|turn|21\n|\n|t:|1733835518\n|move|p2a: Hydrapple|Earth Power|p1a: Dunsparce\n|-damage|p1a: Dunsparce|126/312 par\n|move|p1a: Dunsparce|Roost|p1a: Dunsparce\n|-heal|p1a: Dunsparce|282/312 par\n|-singleturn|p1a: Dunsparce|move: Roost\n|\n|upkeep\n|turn|22\n|\n|t:|1733835526\n|switch|p2a: Uxie|Uxie, L83|260/260\n|cant|p1a: Dunsparce|par\n|\n|upkeep\n|turn|23\n|\n|t:|1733835539\n|move|p2a: Uxie|Psychic Noise|p1a: Dunsparce\n|-damage|p1a: Dunsparce|231/312 par\n|-start|p1a: Dunsparce|move: Heal Block\n|move|p1a: Dunsparce|Body Slam|p2a: Uxie\n|-damage|p2a: Uxie|92/260\n|-status|p2a: Uxie|par\n|\n|-heal|p2a: Uxie|108/260 par|[from] item: Leftovers\n|upkeep\n|turn|24\n|\n|t:|1733835553\n|move|p2a: Uxie|U-turn|p1a: Dunsparce\n|-damage|p1a: Dunsparce|219/312 par\n|\n|t:|1733835555\n|switch|p2a: Hydrapple|Hydrapple, L83, M|312/312|[from] U-turn\n|move|p1a: Dunsparce|Body Slam|p2a: Hydrapple\n|-damage|p2a: Hydrapple|117/312\n|-status|p2a: Hydrapple|par\n|\n|-end|p1a: Dunsparce|move: Heal Block\n|upkeep\n|turn|25\n|\n|t:|1733835566\n|move|p1a: Dunsparce|Roost|p1a: Dunsparce\n|-heal|p1a: Dunsparce|312/312 par\n|-singleturn|p1a: Dunsparce|move: Roost\n|move|p2a: Hydrapple|Fickle Beam|p1a: Dunsparce\n|-damage|p1a: Dunsparce|195/312 par\n|\n|upkeep\n|turn|26\n|\n|t:|1733835572\n|move|p1a: Dunsparce|Body Slam|p2a: Hydrapple\n|-damage|p2a: Hydrapple|0 fnt\n|faint|p2a: Hydrapple\n|\n|upkeep\n|\n|t:|1733835577\n|switch|p2a: Uxie|Uxie, L83|108/260 par\n|turn|27\n|\n|t:|1733835585\n|move|p2a: Uxie|Knock Off|p1a: Dunsparce\n|-damage|p1a: Dunsparce|179/312 par\n|-enditem|p1a: Dunsparce|Eviolite|[from] move: Knock Off|[of] p2a: Uxie\n|move|p1a: Dunsparce|Body Slam|p2a: Uxie\n|-damage|p2a: Uxie|0 fnt\n|faint|p2a: Uxie\n|\n|win|Eggcho\n|raw|Eggcho's rating: 1139 &rarr; <strong>1161</strong><br />(+22 for winning)\n|raw|skibidisaurus's rating: 1101 &rarr; <strong>1079</strong><br />(-22 for losing)\n|l|\u2606skibidisaurus\n|player|p2|\n", "inputlog": ">version bfd83cad13791eb5a5a409923076391caf6fb4d4\n>start {\"formatid\":\"gen9randombattle\",\"seed\":[46774,50730,50169,20614],\"rated\":\"Rated battle\"}\n>player p1 {\"name\":\"Eggcho\",\"avatar\":\"pokemaniac\",\"rating\":1139,\"seed\":[41642,12771,26769,10560]}\n>player p2 {\"name\":\"skibidisaurus\",\"avatar\":\"2\",\"rating\":1101,\"seed\":[46126,43437,3741,32642]}\n>p1 move thunderbolt\n>p2 switch 4\n>p1 move leechseed\n>p2 move earthquake\n>p1 move gigadrain\n>p2 move earthquake\n>p1 move gigadrain\n>p2 move earthquake\n>p1 switch 6\n>p1 move earthquake\n>p2 move overheat\n>p2 switch 4\n>p1 move coil\n>p2 move icefang\n>p1 move coil\n>p2 move icefang\n>p1 move coil\n>p2 switch 2\n>p1 move bodyslam\n>p2 switch 2\n>p2 switch 2\n>p1 move bodyslam\n>p2 move swordsdance\n>p1 move coil\n>p2 move flareblitz\n>p1 move roost\n>p2 move flareblitz\n>p1 move bodyslam\n>p2 move flareblitz\n>p2 switch 5\n>p1 move bodyslam\n>p2 move thunderwave\n>p1 move bodyslam\n>p2 move bravebird\n>p2 switch 3\n>p1 move bodyslam\n>p2 move earthpower\n>p1 move roost\n>p2 move earthpower\n>p1 move roost\n>p2 move earthpower\n>p1 move roost\n>p2 move earthpower\n>p1 move roost\n>p2 move earthpower\n>p1 move roost\n>p2 move earthpower\n>p1 move bodyslam\n>p2 switch 6\n>p1 move bodyslam\n>p2 move psychicnoise\n>p1 move bodyslam\n>p2 move uturn\n>p2 switch 6\n>p1 move roost\n>p2 move ficklebeam\n>p1 move bodyslam\n>p2 move ficklebeam\n>p2 switch 6\n>p1 move bodyslam\n>p2 move knockoff", "uploadtime": 1733835593, "views": 5, "formatid": "gen9randombattle", "rating": 1079, "private": 0, "password": null}