{"id": "gen9randombattle-2079344391", "format": "[Gen 9] Random Battle", "players": ["kandkad", "YveltalNL"], "log": "|j|\u2606kandkad\n|j|\u2606YveltalNL\n|t:|1710258738\n|gametype|singles\n|player|p1|kandkad|clemont|2258\n|player|p2|YveltalNL|#yveltalnl|2270\n|teamsize|p1|6\n|teamsize|p2|6\n|gen|9\n|tier|[Gen 9] Random Battle\n|rated|\n|rule|Species Clause: Limit one of each Pok\u00e9mon\n|rule|HP Percentage Mod: HP is shown in percentages\n|rule|Sleep Clause Mod: Limit one foe put to sleep\n|rule|Illusion Level Mod: Illusion disguises the Pok\u00e9mon's true level\n|\n|t:|1710258738\n|start\n|switch|p1a: Carbink|Carbink, L90|236/236\n|switch|p2a: Gholdengo|Gholdengo, L77|261/261\n|turn|1\n|inactive|Battle timer is ON: inactive players will automatically lose when time's up. (requested by kandkad)\n|inactive|kandkad has 120 seconds left.\n|j| ossamew\n|inactive|kandkad has 90 seconds left.\n|\n|t:|1710258799\n|switch|p1a: Chandelure|Chandelure, L83, M|235/235\n|move|p2a: Gholdengo|Make It Rain|p1a: Chandelure\n|-resisted|p1a: Chandelure\n|-damage|p1a: Chandelure|172/235\n|-unboost|p2a: Gholdengo|spa|1\n|\n|upkeep\n|turn|2\n|\n|t:|1710258813\n|switch|p2a: Clawitzer|Clawitzer, L86, F|262/262\n|move|p1a: Chandelure|Trick|p2a: Clawitzer\n|-activate|p1a: Chandelure|move: Trick|[of] p2a: Clawitzer\n|-item|p2a: Clawitzer|Choice Scarf|[from] move: Trick\n|-item|p1a: Chandelure|Choice Specs|[from] move: Trick\n|\n|upkeep\n|turn|3\n|\n|t:|1710258819\n|switch|p1a: Tatsugiri|Tatsugiri-Stretchy, L86, F|257/257\n|move|p2a: Clawitzer|Water Pulse|p1a: Tatsugiri\n|-ability|p1a: Tatsugiri|Storm Drain|boost\n|-boost|p1a: Tatsugiri|spa|1\n|\n|upkeep\n|turn|4\n|\n|t:|1710258826\n|switch|p2a: Bruxish|Bruxish, L85, M|254/254\n|move|p1a: Tatsugiri|Nasty Plot|p1a: Tatsugiri\n|-boost|p1a: Tatsugiri|spa|2\n|\n|upkeep\n|turn|5\n|\n|t:|1710258854\n|-terastallize|p2a: Bruxish|Dark\n|move|p2a: Bruxish|Crunch|p1a: Tatsugiri\n|-damage|p1a: Tatsugiri|0 fnt\n|faint|p1a: Tatsugiri\n|\n|upkeep\n|\n|t:|1710258860\n|switch|p1a: Flamigo|Flamigo, L83, M|272/272\n|turn|6\n|\n|t:|1710258867\n|switch|p2a: Clawitzer|Clawitzer, L86, F|262/262\n|move|p1a: Flamigo|Close Combat|p2a: Clawitzer\n|-damage|p2a: Clawitzer|133/262\n|-unboost|p1a: Flamigo|def|1\n|-unboost|p1a: Flamigo|spd|1\n|\n|upkeep\n|turn|7\n|\n|t:|1710258873\n|move|p1a: Flamigo|Close Combat|p2a: Clawitzer\n|-damage|p2a: Clawitzer|0 fnt\n|-unboost|p1a: Flamigo|def|1\n|-unboost|p1a: Flamigo|spd|1\n|faint|p2a: Clawitzer\n|\n|upkeep\n|\n|t:|1710258879\n|switch|p2a: Kricketune|Kricketune, L99, F|312/312\n|turn|8\n|j| ShaneTheShroomish\n|l| ShaneTheShroomish\n|\n|t:|1710258888\n|switch|p1a: Crabominable|Crabominable, L90, M|321/321\n|move|p2a: Kricketune|Knock Off|p1a: Crabominable\n|-resisted|p1a: Crabominable\n|-damage|p1a: Crabominable|276/321\n|-enditem|p1a: Crabominable|Choice Band|[from] move: Knock Off|[of] p2a: Kricketune\n|\n|upkeep\n|turn|9\n|\n|t:|1710258894\n|move|p2a: Kricketune|Sticky Web|p1a: Crabominable\n|-sidestart|p1: kandkad|move: Sticky Web\n|move|p1a: Crabominable|Ice Hammer|p2a: Kricketune\n|-damage|p2a: Kricketune|80/312\n|-unboost|p1a: Crabominable|spe|1\n|\n|upkeep\n|turn|10\n|\n|t:|1710258902\n|switch|p2a: Typhlosion|Typhlosion-Hisui, L83, F|257/257\n|move|p1a: Crabominable|Ice Hammer|p2a: Typhlosion\n|-resisted|p2a: Typhlosion\n|-damage|p2a: Typhlosion|154/257\n|-unboost|p1a: Crabominable|spe|1\n|\n|upkeep\n|turn|11\n|\n|t:|1710258907\n|switch|p1a: Chandelure|Chandelure, L83, M|172/235\n|-activate|p1a: Chandelure|move: Sticky Web\n|-unboost|p1a: Chandelure|spe|1\n|move|p2a: Typhlosion|Fire Blast|p1a: Chandelure\n|-start|p1a: Chandelure|ability: Flash Fire\n|\n|upkeep\n|turn|12\n|\n|t:|1710258912\n|move|p2a: Typhlosion|Shadow Ball|p1a: Chandelure\n|-supereffective|p1a: Chandelure\n|-damage|p1a: Chandelure|0 fnt\n|faint|p1a: Chandelure\n|\n|upkeep\n|\n|t:|1710258915\n|switch|p1a: Flamigo|Flamigo, L83, M|272/272\n|turn|13\n|\n|t:|1710258925\n|-terastallize|p1a: Flamigo|Fighting\n|move|p1a: Flamigo|Close Combat|p2a: Typhlosion\n|-crit|p2a: Typhlosion\n|-damage|p2a: Typhlosion|0 fnt\n|-unboost|p1a: Flamigo|def|1\n|-unboost|p1a: Flamigo|spd|1\n|faint|p2a: Typhlosion\n|\n|upkeep\n|\n|t:|1710258932\n|switch|p2a: Emboar|Emboar, L84, M|322/322\n|turn|14\n|\n|t:|1710258938\n|switch|p1a: Carbink|Carbink, L90|236/236\n|-activate|p1a: Carbink|move: Sticky Web\n|-unboost|p1a: Carbink|spe|1\n|move|p2a: Emboar|Flare Blitz|p1a: Carbink\n|-resisted|p1a: Carbink\n|-damage|p1a: Carbink|179/236\n|-damage|p2a: Emboar|303/322|[from] Recoil\n|\n|-heal|p2a: Emboar|322/322|[from] item: Leftovers\n|-heal|p1a: Carbink|193/236|[from] item: Leftovers\n|upkeep\n|turn|15\n|\n|t:|1710258945\n|switch|p1a: Flamigo|Flamigo, L83, M, tera:Fighting|272/272\n|-activate|p1a: Flamigo|move: Sticky Web\n|-unboost|p1a: Flamigo|spe|1\n|move|p2a: Emboar|Bulk Up|p2a: Emboar\n|-boost|p2a: Emboar|atk|1\n|-boost|p2a: Emboar|def|1\n|\n|upkeep\n|turn|16\n|j| limelames\n|\n|t:|1710258951\n|move|p1a: Flamigo|U-turn|p2a: Emboar\n|-resisted|p2a: Emboar\n|-damage|p2a: Emboar|311/322\n|\n|t:|1710258956\n|switch|p1a: Carbink|Carbink, L90|193/236|[from] U-turn\n|-activate|p1a: Carbink|move: Sticky Web\n|-unboost|p1a: Carbink|spe|1\n|move|p2a: Emboar|Trailblaze|p1a: Carbink\n|-supereffective|p1a: Carbink\n|-damage|p1a: Carbink|113/236\n|-boost|p2a: Emboar|spe|1\n|\n|-heal|p2a: Emboar|322/322|[from] item: Leftovers\n|-heal|p1a: Carbink|127/236|[from] item: Leftovers\n|upkeep\n|turn|17\n|\n|t:|1710258966\n|move|p2a: Emboar|Bulk Up|p2a: Emboar\n|-boost|p2a: Emboar|atk|1\n|-boost|p2a: Emboar|def|1\n|move|p1a: Carbink|Moonblast|p2a: Emboar\n|-damage|p2a: Emboar|226/322\n|\n|-heal|p2a: Emboar|246/322|[from] item: Leftovers\n|-heal|p1a: Carbink|141/236|[from] item: Leftovers\n|upkeep\n|turn|18\n|\n|t:|1710258969\n|switch|p1a: Tornadus|Tornadus-Therian, L79, M|254/254\n|move|p2a: Emboar|Drain Punch|p1a: Tornadus\n|-resisted|p1a: Tornadus\n|-damage|p1a: Tornadus|150/254\n|-heal|p2a: Emboar|298/322|[from] drain|[of] p1a: Tornadus\n|\n|-heal|p2a: Emboar|318/322|[from] item: Leftovers\n|upkeep\n|turn|19\n|\n|t:|1710258973\n|move|p1a: Tornadus|Bleakwind Storm|p2a: Emboar\n|-supereffective|p2a: Emboar\n|-damage|p2a: Emboar|0 fnt\n|faint|p2a: Emboar\n|\n|upkeep\n|\n|t:|1710258978\n|switch|p2a: Gholdengo|Gholdengo, L77|261/261\n|turn|20\n|\n|t:|1710258989\n|switch|p1a: Carbink|Carbink, L90|141/236\n|-activate|p1a: Carbink|move: Sticky Web\n|-unboost|p1a: Carbink|spe|1\n|move|p2a: Gholdengo|Thunder Wave|p1a: Carbink\n|-status|p1a: Carbink|par\n|\n|-heal|p1a: Carbink|155/236 par|[from] item: Leftovers\n|upkeep\n|turn|21\n|\n|t:|1710258993\n|move|p2a: Gholdengo|Make It Rain|p1a: Carbink\n|-supereffective|p1a: Carbink\n|-damage|p1a: Carbink|0 fnt\n|-unboost|p2a: Gholdengo|spa|1\n|faint|p1a: Carbink\n|\n|upkeep\n|\n|t:|1710258995\n|switch|p1a: Flamigo|Flamigo, L83, M, tera:Fighting|272/272\n|-activate|p1a: Flamigo|move: Sticky Web\n|-unboost|p1a: Flamigo|spe|1\n|turn|22\n|\n|t:|1710258997\n|switch|p2a: Kricketune|Kricketune, L99, F|80/312\n|move|p1a: Flamigo|Close Combat|p2a: Kricketune\n|-resisted|p2a: Kricketune\n|-damage|p2a: Kricketune|0 fnt\n|-unboost|p1a: Flamigo|def|1\n|-unboost|p1a: Flamigo|spd|1\n|faint|p2a: Kricketune\n|\n|upkeep\n|\n|t:|1710259001\n|switch|p2a: Bruxish|Bruxish, L85, M, tera:Dark|254/254\n|turn|23\n|\n|t:|1710259004\n|switch|p1a: Crabominable|Crabominable, L90, M|276/321\n|-activate|p1a: Crabominable|move: Sticky Web\n|-unboost|p1a: Crabominable|spe|1\n|move|p2a: Bruxish|Psychic Fangs|p1a: Crabominable\n|-supereffective|p1a: Crabominable\n|-damage|p1a: Crabominable|0 fnt\n|faint|p1a: Crabominable\n|\n|upkeep\n|\n|t:|1710259009\n|switch|p1a: Tornadus|Tornadus-Therian, L79, M|234/254\n|turn|24\n|\n|t:|1710259014\n|move|p1a: Tornadus|Heat Wave|p2a: Bruxish\n|-damage|p2a: Bruxish|145/254\n|-status|p2a: Bruxish|brn\n|move|p2a: Bruxish|Psychic Fangs|p1a: Tornadus\n|-damage|p1a: Tornadus|119/254\n|\n|-damage|p2a: Bruxish|130/254 brn|[from] brn\n|upkeep\n|turn|25\n|c|\u2606YveltalNL|bruhhhhh\n|c|\u2606YveltalNL|all that for that\n|c|\u2606YveltalNL|shit gae\n|\n|t:|1710259028\n|move|p1a: Tornadus|Heat Wave|p2a: Bruxish\n|-damage|p2a: Bruxish|16/254 brn\n|move|p2a: Bruxish|Psychic Fangs|p1a: Tornadus\n|-damage|p1a: Tornadus|0 fnt\n|faint|p1a: Tornadus\n|\n|-damage|p2a: Bruxish|1/254 brn|[from] brn\n|upkeep\n|\n|t:|1710259031\n|switch|p1a: Flamigo|Flamigo, L83, M, tera:Fighting|272/272\n|-activate|p1a: Flamigo|move: Sticky Web\n|-unboost|p1a: Flamigo|spe|1\n|turn|26\n|\n|t:|1710259036\n|switch|p2a: Gholdengo|Gholdengo, L77|261/261\n|move|p1a: Flamigo|Close Combat|p2a: Gholdengo\n|-supereffective|p2a: Gholdengo\n|-damage|p2a: Gholdengo|0 fnt\n|-unboost|p1a: Flamigo|def|1\n|-unboost|p1a: Flamigo|spd|1\n|faint|p2a: Gholdengo\n|\n|upkeep\n|\n|t:|1710259038\n|switch|p2a: Bruxish|Bruxish, L85, M, tera:Dark|1/254 brn\n|turn|27\n|\n|t:|1710259040\n|move|p2a: Bruxish|Psychic Fangs|p1a: Flamigo\n|-supereffective|p1a: Flamigo\n|-damage|p1a: Flamigo|0 fnt\n|faint|p1a: Flamigo\n|\n|win|YveltalNL\n|raw|kandkad's rating: 2258 &rarr; <strong>2239</strong><br />(-19 for losing)\n|raw|YveltalNL's rating: 2270 &rarr; <strong>2289</strong><br />(+19 for winning)\n|l|\u2606kandkad\n|player|p1|\n|c|\u2606YveltalNL|wow\n", "inputlog": ">version d10fed743de208195d665d865c72154ce22dd3c0\n>start {\"formatid\":\"gen9randombattle\",\"seed\":[31730,20282,14347,46301],\"rated\":\"Rated battle\"}\n>player p1 {\"name\":\"kandkad\",\"avatar\":\"clemont\",\"rating\":2258,\"seed\":[22370,10154,48484,37489]}\n>player p2 {\"name\":\"YveltalNL\",\"avatar\":\"#yveltalnl\",\"rating\":2270,\"seed\":[1678,36786,64836,13555]}\n>p1 switch 2\n>p2 move makeitrain\n>p1 move trick\n>p2 switch 4\n>p1 switch 3\n>p2 move waterpulse\n>p1 move nastyplot\n>p2 switch 3\n>p1 move dracometeor\n>p2 move crunch terastallize\n>p1 switch 4\n>p1 move closecombat\n>p2 switch 3\n>p1 move closecombat\n>p2 move waterpulse\n>p2 switch 2\n>p1 switch 5\n>p2 move knockoff\n>p1 move icehammer\n>p2 move stickyweb\n>p1 move icehammer\n>p2 switch 6\n>p1 switch 3\n>p2 move fireblast\n>p1 move fireblast\n>p2 move shadowball\n>p1 switch 5\n>p1 move closecombat terastallize\n>p2 move fireblast\n>p2 switch 5\n>p1 switch 2\n>p2 move flareblitz\n>p1 switch 2\n>p2 move bulkup\n>p1 move uturn\n>p2 move trailblaze\n>p1 switch 2\n>p1 move moonblast\n>p2 move bulkup\n>p1 switch 6\n>p2 move drainpunch\n>p1 move bleakwindstorm\n>p2 move trailblaze\n>p2 switch 4\n>p1 switch 6\n>p2 move thunderwave\n>p1 move stealthrock\n>p2 move makeitrain\n>p1 switch 2\n>p1 move closecombat\n>p2 switch 6\n>p2 switch 3\n>p1 switch 3\n>p2 move psychicfangs\n>p1 switch 6\n>p1 move heatwave\n>p2 move psychicfangs\n>chat \u2606YveltalNL|bruhhhhh\n>chat \u2606YveltalNL|all that for that\n>chat \u2606YveltalNL|shit gae\n>p1 move heatwave\n>p2 move psychicfangs\n>p1 switch 3\n>p1 move closecombat\n>p2 switch 6\n>p2 switch 6\n>p1 move closecombat\n>p2 move psychicfangs", "uploadtime": 1710259099, "views": 254, "formatid": "gen9randombattle", "rating": 2239, "private": 0, "password": null}