{"id": "gen9randombattle-2260293017", "format": "[Gen 9] Random Battle", "players": ["the_champ12345", "don'tmindme009"], "log": "|j|\u2606the_champ12345\n|j|\u2606don'tmindme009\n|t:|1733836172\n|gametype|singles\n|player|p1|the_champ12345|265|1439\n|player|p2|don'tmindme009|cynthia|1473\n|teamsize|p1|6\n|teamsize|p2|6\n|gen|9\n|tier|[Gen 9] Random Battle\n|rated|\n|rule|Species Clause: Limit one of each Pok\u00e9mon\n|rule|HP Percentage Mod: HP is shown in percentages\n|rule|Sleep Clause Mod: Limit one foe put to sleep\n|rule|Illusion Level Mod: Illusion disguises the Pok\u00e9mon's true level\n|\n|t:|1733836172\n|start\n|switch|p1a: Sceptile|Sceptile, L87, M|264/264\n|switch|p2a: Sceptile|Sceptile, L87, M|264/264\n|turn|1\n|inactive|Battle timer is ON: inactive players will automatically lose when time's up. (requested by don'tmindme009)\n|c|\u2606don'tmindme009|Huh\n|c|\u2606don'tmindme009|I'm not in mirror right?\n|inactive|don'tmindme009 has 120 seconds left.\n|\n|t:|1733836209\n|switch|p1a: Scream Tail|Scream Tail, L84|330/330\n|move|p2a: Sceptile|Rock Slide|p1a: Scream Tail\n|-damage|p1a: Scream Tail|272/330\n|-damage|p2a: Sceptile|238/264|[from] item: Life Orb\n|\n|-heal|p1a: Scream Tail|292/330|[from] item: Leftovers\n|upkeep\n|turn|2\n|inactive|the_champ12345 has 120 seconds left.\n|\n|t:|1733836260\n|move|p2a: Sceptile|Leaf Blade|p1a: Scream Tail\n|-damage|p1a: Scream Tail|182/330\n|-damage|p2a: Sceptile|212/264|[from] item: Life Orb\n|move|p1a: Scream Tail|Dazzling Gleam|p2a: Sceptile\n|-crit|p2a: Sceptile\n|-damage|p2a: Sceptile|124/264\n|\n|-heal|p1a: Scream Tail|202/330|[from] item: Leftovers\n|upkeep\n|turn|3\n|inactive|the_champ12345 has 90 seconds left.\n|\n|t:|1733836289\n|move|p2a: Sceptile|Swords Dance|p2a: Sceptile\n|-boost|p2a: Sceptile|atk|2\n|move|p1a: Scream Tail|Dazzling Gleam|p2a: Sceptile\n|-damage|p2a: Sceptile|55/264\n|\n|-heal|p1a: Scream Tail|222/330|[from] item: Leftovers\n|upkeep\n|turn|4\n|inactive|the_champ12345 has 90 seconds left.\n|\n|t:|1733836295\n|move|p2a: Sceptile|Leaf Blade|p1a: Scream Tail\n|-damage|p1a: Scream Tail|0 fnt\n|faint|p1a: Scream Tail\n|-end|p1a: Scream Tail|Protosynthesis|[silent]\n|-damage|p2a: Sceptile|29/264|[from] item: Life Orb\n|\n|upkeep\n|inactive|the_champ12345 has 90 seconds left.\n|\n|t:|1733836306\n|switch|p1a: Sceptile|Sceptile, L87, M|264/264\n|turn|5\n|\n|t:|1733836310\n|move|p1a: Sceptile|Substitute|p1a: Sceptile\n|-start|p1a: Sceptile|Substitute\n|-damage|p1a: Sceptile|198/264\n|move|p2a: Sceptile|Leaf Blade|p1a: Sceptile\n|-resisted|p1a: Sceptile\n|-end|p1a: Sceptile|Substitute\n|-damage|p2a: Sceptile|3/264|[from] item: Life Orb\n|\n|-heal|p1a: Sceptile|214/264|[from] item: Leftovers\n|upkeep\n|turn|6\n|\n|t:|1733836318\n|move|p2a: Sceptile|Leaf Blade|p1a: Sceptile\n|-resisted|p1a: Sceptile\n|-damage|p1a: Sceptile|15/264\n|-damage|p2a: Sceptile|0 fnt|[from] item: Life Orb\n|faint|p2a: Sceptile\n|move|p1a: Sceptile|Giga Drain|p2: Sceptile|[notarget]\n|-fail|p1a: Sceptile\n|\n|-heal|p1a: Sceptile|31/264|[from] item: Leftovers\n|upkeep\n|inactive|don'tmindme009 has 120 seconds left.\n|\n|t:|1733836358\n|switch|p2a: Iron Crown|Iron Crown, L78|268/268\n|turn|7\n|inactive|the_champ12345 has 90 seconds left.\n|\n|t:|1733836383\n|move|p1a: Sceptile|Leech Seed|p2a: Iron Crown\n|-start|p2a: Iron Crown|move: Leech Seed\n|move|p2a: Iron Crown|Tachyon Cutter|p1a: Sceptile\n|-damage|p1a: Sceptile|0 fnt\n|faint|p1a: Sceptile\n|-hitcount|p1: Sceptile|1\n|\n|upkeep\n|inactive|the_champ12345 has 90 seconds left.\n|\n|t:|1733836390\n|switch|p1a: Virizion|Virizion, L82|283/283\n|turn|8\n|\n|t:|1733836403\n|move|p1a: Virizion|Swords Dance|p1a: Virizion\n|-boost|p1a: Virizion|atk|2\n|move|p2a: Iron Crown|Psyshock|p1a: Virizion\n|-supereffective|p1a: Virizion\n|-damage|p1a: Virizion|83/283\n|\n|-damage|p2a: Iron Crown|235/268|[from] Leech Seed|[of] p1a: Virizion\n|-heal|p1a: Virizion|116/283|[silent]\n|upkeep\n|turn|9\n|inactive|don'tmindme009 has 120 seconds left.\n|\n|t:|1733836424\n|move|p1a: Virizion|Close Combat|p2a: Iron Crown\n|-damage|p2a: Iron Crown|0 fnt\n|-unboost|p1a: Virizion|def|1\n|-unboost|p1a: Virizion|spd|1\n|faint|p2a: Iron Crown\n|-end|p2a: Iron Crown|Quark Drive|[silent]\n|-damage|p1a: Virizion|88/283|[from] item: Life Orb\n|\n|upkeep\n|\n|t:|1733836454\n|switch|p2a: Rayquaza|Rayquaza, L72|270/270\n|-ability|p2a: Rayquaza|Air Lock\n|turn|10\n|\n|t:|1733836467\n|move|p1a: Virizion|Stone Edge|p2a: Rayquaza|[miss]\n|-miss|p1a: Virizion|p2a: Rayquaza\n|move|p2a: Rayquaza|Dragon Dance|p2a: Rayquaza\n|-boost|p2a: Rayquaza|atk|1\n|-boost|p2a: Rayquaza|spe|1\n|\n|upkeep\n|turn|11\n|\n|t:|1733836478\n|move|p2a: Rayquaza|Earthquake|p1a: Virizion\n|-resisted|p1a: Virizion\n|-damage|p1a: Virizion|0 fnt\n|faint|p1a: Virizion\n|\n|upkeep\n|\n|t:|1733836491\n|switch|p1a: Kyogre|Kyogre, L71|259/259\n|-weather|RainDance|[from] ability: Drizzle|[of] p1a: Kyogre\n|turn|12\n|\n|t:|1733836506\n|-terastallize|p2a: Rayquaza|Steel\n|move|p2a: Rayquaza|Outrage|p1a: Kyogre\n|-damage|p1a: Kyogre|16/259\n|move|p1a: Kyogre|Ice Beam|p2a: Rayquaza\n|-resisted|p2a: Rayquaza\n|-damage|p2a: Rayquaza|234/270\n|\n|-weather|RainDance|[upkeep]\n|-heal|p1a: Kyogre|32/259|[from] item: Leftovers\n|upkeep\n|turn|13\n|inactive|the_champ12345 has 120 seconds left.\n|\n|t:|1733836517\n|move|p2a: Rayquaza|Outrage|p1a: Kyogre|[from]lockedmove\n|-damage|p1a: Kyogre|0 fnt\n|faint|p1a: Kyogre\n|-start|p2a: Rayquaza|confusion|[fatigue]\n|\n|-weather|RainDance|[upkeep]\n|upkeep\n|inactive|the_champ12345 has 120 seconds left.\n|\n|t:|1733836525\n|switch|p1a: Gengar|Gengar, L81, F|230/230\n|turn|14\n|inactive|don'tmindme009 has 120 seconds left.\n|\n|t:|1733836530\n|-activate|p2a: Rayquaza|confusion\n|-damage|p2a: Rayquaza|180/270|[from] confusion\n|move|p1a: Gengar|Toxic Spikes|p2a: Rayquaza\n|-sidestart|p2: don'tmindme009|move: Toxic Spikes\n|\n|-weather|RainDance|[upkeep]\n|upkeep\n|turn|15\n|\n|t:|1733836541\n|-activate|p2a: Rayquaza|confusion\n|move|p2a: Rayquaza|Earthquake|p1a: Gengar\n|-supereffective|p1a: Gengar\n|-damage|p1a: Gengar|0 fnt\n|faint|p1a: Gengar\n|\n|-weather|RainDance|[upkeep]\n|upkeep\n|\n|t:|1733836543\n|switch|p1a: Haxorus|Haxorus, L77, F|244/244\n|-ability|p1a: Haxorus|Mold Breaker\n|turn|16\n|\n|t:|1733836551\n|-terastallize|p1a: Haxorus|Steel\n|-activate|p2a: Rayquaza|confusion\n|-damage|p2a: Rayquaza|127/270|[from] confusion\n|move|p1a: Haxorus|Dragon Dance|p1a: Haxorus\n|-boost|p1a: Haxorus|atk|1\n|-boost|p1a: Haxorus|spe|1\n|\n|-weather|none\n|upkeep\n|turn|17\n|\n|t:|1733836562\n|move|p1a: Haxorus|Close Combat|p2a: Rayquaza\n|-supereffective|p2a: Rayquaza\n|-damage|p2a: Rayquaza|0 fnt\n|-unboost|p1a: Haxorus|def|1\n|-unboost|p1a: Haxorus|spd|1\n|faint|p2a: Rayquaza\n|\n|upkeep\n|\n|t:|1733836590\n|switch|p2a: Umbreon|Umbreon, L84, M|297/297\n|-status|p2a: Umbreon|psn\n|turn|18\n|inactive|the_champ12345 has 120 seconds left.\n|\n|t:|1733836628\n|move|p1a: Haxorus|Close Combat|p2a: Umbreon\n|-supereffective|p2a: Umbreon\n|-damage|p2a: Umbreon|37/297 psn\n|-unboost|p1a: Haxorus|def|1\n|-unboost|p1a: Haxorus|spd|1\n|move|p2a: Umbreon|Foul Play|p1a: Haxorus\n|-damage|p1a: Haxorus|0 fnt\n|faint|p1a: Haxorus\n|\n|win|don'tmindme009\n|raw|the_champ12345's rating: 1439 &rarr; <strong>1421</strong><br />(-18 for losing)\n|raw|don&apos;tmindme009's rating: 1473 &rarr; <strong>1491</strong><br />(+18 for winning)\n|l|\u2606the_champ12345\n|player|p1|\n|c|\u2606don'tmindme009|gg u have too much atk\n", "inputlog": ">version bfd83cad13791eb5a5a409923076391caf6fb4d4\n>start {\"formatid\":\"gen9randombattle\",\"seed\":[16613,44754,58909,6791],\"rated\":\"Rated battle\"}\n>player p1 {\"name\":\"the_champ12345\",\"avatar\":\"265\",\"rating\":1439,\"seed\":[5486,7491,62295,28703]}\n>player p2 {\"name\":\"don'tmindme009\",\"avatar\":\"cynthia\",\"rating\":1473,\"seed\":[64863,25758,49655,20168]}\n>chat \u2606don'tmindme009|Huh\n>chat \u2606don'tmindme009|I'm not in mirror right? \n>p1 switch 4\n>p2 move rockslide\n>p1 move dazzlinggleam\n>p2 move leafblade\n>p1 move dazzlinggleam\n>p2 move swordsdance\n>p1 move dazzlinggleam\n>p2 move leafblade\n>p1 switch 4\n>p1 move substitute\n>p2 move leafblade\n>p1 move gigadrain\n>p2 move leafblade\n>p2 switch 5\n>p1 move leechseed\n>p2 move tachyoncutter\n>p1 switch 2\n>p1 move swordsdance\n>p2 move psyshock\n>p1 move closecombat\n>p2 move psyshock\n>p2 switch 2\n>p1 move stoneedge\n>p2 move dragondance\n>p1 move stoneedge\n>p2 move earthquake\n>p1 switch 5\n>p1 move icebeam\n>p2 move outrage terastallize\n>p1 move icebeam\n>p2 move outrage\n>p1 switch 6\n>p1 move toxicspikes\n>p2 move earthquake\n>p1 move shadowball\n>p2 move earthquake\n>p1 switch 3\n>p1 move dragondance terastallize\n>p2 move outrage\n>p1 move closecombat\n>p2 move earthquake\n>p2 switch 6\n>p1 move closecombat\n>p2 move foulplay", "uploadtime": 1733836654, "views": 1, "formatid": "gen9randombattle", "rating": 1421, "private": 0, "password": null}