{"id": "gen9randombattle-2260421158", "format": "[Gen 9] Random Battle", "players": ["PMCJTMred", "SneakyEne"], "log": "|j|\u2606PMCJTMred\n|j|\u2606SneakyEne\n|t:|1733849973\n|gametype|singles\n|player|p1|PMCJTMred|ethan|1525\n|player|p2|SneakyEne|170|1530\n|teamsize|p1|6\n|teamsize|p2|6\n|gen|9\n|tier|[Gen 9] Random Battle\n|rated|\n|rule|Species Clause: Limit one of each Pok\u00e9mon\n|rule|HP Percentage Mod: HP is shown in percentages\n|rule|Sleep Clause Mod: Limit one foe put to sleep\n|rule|Illusion Level Mod: Illusion disguises the Pok\u00e9mon's true level\n|\n|t:|1733849973\n|start\n|switch|p1a: Baxcalibur|Baxcalibur, L75, F|296/296\n|switch|p2a: Toxtricity|Toxtricity, L82, M|257/257\n|turn|1\n|inactive|Battle timer is ON: inactive players will automatically lose when time's up. (requested by PMCJTMred)\n|\n|t:|1733850000\n|switch|p2a: Annihilape|Annihilape, L76, M|292/292\n|move|p1a: Baxcalibur|Dragon Dance|p1a: Baxcalibur\n|-boost|p1a: Baxcalibur|atk|1\n|-boost|p1a: Baxcalibur|spe|1\n|\n|upkeep\n|turn|2\n|\n|t:|1733850009\n|switch|p1a: Bellibolt|Bellibolt, L84, M|320/320\n|move|p2a: Annihilape|Drain Punch|p1a: Bellibolt\n|-damage|p1a: Bellibolt|245/320\n|-start|p1a: Bellibolt|Charge|Drain Punch|[from] ability: Electromorphosis\n|\n|-heal|p1a: Bellibolt|265/320|[from] item: Leftovers\n|upkeep\n|turn|3\n|\n|t:|1733850013\n|move|p2a: Annihilape|Bulk Up|p2a: Annihilape\n|-boost|p2a: Annihilape|atk|1\n|-boost|p2a: Annihilape|def|1\n|move|p1a: Bellibolt|Toxic|p2a: Annihilape\n|-status|p2a: Annihilape|tox\n|\n|-heal|p1a: Bellibolt|285/320|[from] item: Leftovers\n|-damage|p2a: Annihilape|274/292 tox|[from] psn\n|upkeep\n|turn|4\n|\n|t:|1733850023\n|move|p2a: Annihilape|Gunk Shot|p1a: Bellibolt\n|-damage|p1a: Bellibolt|169/320\n|-start|p1a: Bellibolt|Charge|Gunk Shot|[from] ability: Electromorphosis\n|move|p1a: Bellibolt|Thunderbolt|p2a: Annihilape\n|-damage|p2a: Annihilape|70/292 tox\n|-end|p1a: Bellibolt|Charge|[silent]\n|\n|-heal|p2a: Annihilape|88/292 tox|[from] item: Leftovers\n|-heal|p1a: Bellibolt|189/320|[from] item: Leftovers\n|-damage|p2a: Annihilape|52/292 tox|[from] psn\n|upkeep\n|turn|5\n|\n|t:|1733850034\n|switch|p2a: Chansey|Chansey, L85, F|564/564\n|move|p1a: Bellibolt|Slack Off|p1a: Bellibolt\n|-heal|p1a: Bellibolt|320/320\n|\n|upkeep\n|turn|6\n|\n|t:|1733850058\n|switch|p1a: Rhydon|Rhydon, L85, F|317/317\n|move|p2a: Chansey|Stealth Rock|p1a: Rhydon\n|-sidestart|p1: PMCJTMred|move: Stealth Rock\n|\n|upkeep\n|turn|7\n|\n|t:|1733850063\n|switch|p2a: Serperior|Serperior, L79, M|248/248\n|move|p1a: Rhydon|Stealth Rock|p2a: Serperior\n|-sidestart|p2: SneakyEne|move: Stealth Rock\n|\n|upkeep\n|turn|8\n|\n|t:|1733850072\n|move|p2a: Serperior|Substitute|p2a: Serperior\n|-start|p2a: Serperior|Substitute\n|-damage|p2a: Serperior|186/248\n|move|p1a: Rhydon|Megahorn|p2a: Serperior\n|-supereffective|p2a: Serperior\n|-end|p2a: Serperior|Substitute\n|\n|-heal|p2a: Serperior|201/248|[from] item: Leftovers\n|upkeep\n|turn|9\n|\n|t:|1733850084\n|move|p2a: Serperior|Leaf Storm|p1a: Rhydon\n|-supereffective|p1a: Rhydon\n|-damage|p1a: Rhydon|0 fnt\n|-boost|p2a: Serperior|spa|2\n|faint|p1a: Rhydon\n|\n|-heal|p2a: Serperior|216/248|[from] item: Leftovers\n|upkeep\n|\n|t:|1733850094\n|switch|p1a: Scovillain|Scovillain, L91, M|266/266\n|turn|10\n|\n|t:|1733850107\n|-terastallize|p2a: Serperior|Dragon\n|move|p2a: Serperior|Substitute|p2a: Serperior\n|-start|p2a: Serperior|Substitute\n|-damage|p2a: Serperior|154/248\n|move|p1a: Scovillain|Sunny Day|p1a: Scovillain\n|-weather|SunnyDay\n|\n|-weather|SunnyDay|[upkeep]\n|-heal|p2a: Serperior|169/248|[from] item: Leftovers\n|upkeep\n|turn|11\n|\n|t:|1733850136\n|move|p1a: Scovillain|Stomping Tantrum|p2a: Serperior\n|-end|p2a: Serperior|Substitute\n|move|p2a: Serperior|Dragon Pulse|p1a: Scovillain\n|-damage|p1a: Scovillain|110/266\n|\n|-weather|SunnyDay|[upkeep]\n|-heal|p2a: Serperior|184/248|[from] item: Leftovers\n|upkeep\n|turn|12\n|\n|t:|1733850141\n|move|p1a: Scovillain|Fire Blast|p2a: Serperior\n|-resisted|p2a: Serperior\n|-crit|p2a: Serperior\n|-damage|p2a: Serperior|7/248\n|move|p2a: Serperior|Dragon Pulse|p1a: Scovillain\n|-damage|p1a: Scovillain|0 fnt\n|faint|p1a: Scovillain\n|\n|-weather|SunnyDay|[upkeep]\n|-heal|p2a: Serperior|22/248|[from] item: Leftovers\n|upkeep\n|\n|t:|1733850160\n|switch|p1a: Bellibolt|Bellibolt, L84, M|320/320\n|-damage|p1a: Bellibolt|280/320|[from] Stealth Rock\n|turn|13\n|\n|t:|1733850164\n|move|p2a: Serperior|Leaf Storm|p1a: Bellibolt\n|-damage|p1a: Bellibolt|75/320\n|-boost|p2a: Serperior|spa|2\n|-start|p1a: Bellibolt|Charge|Leaf Storm|[from] ability: Electromorphosis\n|move|p1a: Bellibolt|Thunderbolt|p2a: Serperior\n|-resisted|p2a: Serperior\n|-damage|p2a: Serperior|0 fnt\n|faint|p2a: Serperior\n|-end|p1a: Bellibolt|Charge|[silent]\n|\n|-weather|SunnyDay|[upkeep]\n|-heal|p1a: Bellibolt|95/320|[from] item: Leftovers\n|upkeep\n|\n|t:|1733850171\n|switch|p2a: Toxtricity|Toxtricity, L82, M|257/257\n|-damage|p2a: Toxtricity|225/257|[from] Stealth Rock\n|turn|14\n|\n|t:|1733850176\n|move|p2a: Toxtricity|Shift Gear|p2a: Toxtricity\n|-boost|p2a: Toxtricity|spe|2\n|-boost|p2a: Toxtricity|atk|1\n|move|p1a: Bellibolt|Slack Off|p1a: Bellibolt\n|-heal|p1a: Bellibolt|255/320\n|\n|-weather|none\n|-heal|p1a: Bellibolt|275/320|[from] item: Leftovers\n|upkeep\n|turn|15\n|\n|t:|1733850182\n|move|p2a: Toxtricity|Boomburst|p1a: Bellibolt\n|-damage|p1a: Bellibolt|121/320\n|-start|p1a: Bellibolt|Charge|Boomburst|[from] ability: Electromorphosis\n|-enditem|p2a: Toxtricity|Throat Spray\n|-boost|p2a: Toxtricity|spa|1|[from] item: Throat Spray\n|move|p1a: Bellibolt|Muddy Water|p2a: Toxtricity\n|-damage|p2a: Toxtricity|138/257\n|\n|-heal|p1a: Bellibolt|141/320|[from] item: Leftovers\n|upkeep\n|turn|16\n|\n|t:|1733850190\n|move|p2a: Toxtricity|Boomburst|p1a: Bellibolt\n|-damage|p1a: Bellibolt|0 fnt\n|faint|p1a: Bellibolt\n|\n|upkeep\n|\n|t:|1733850196\n|switch|p1a: Baxcalibur|Baxcalibur, L75, F|296/296\n|turn|17\n|\n|t:|1733850201\n|move|p2a: Toxtricity|Boomburst|p1a: Baxcalibur\n|-damage|p1a: Baxcalibur|59/296\n|move|p1a: Baxcalibur|Earthquake|p2a: Toxtricity\n|-supereffective|p2a: Toxtricity\n|-damage|p2a: Toxtricity|0 fnt\n|faint|p2a: Toxtricity\n|\n|upkeep\n|\n|t:|1733850206\n|switch|p2a: Flamigo|Flamigo, L82, M|269/269\n|-damage|p2a: Flamigo|236/269|[from] Stealth Rock\n|turn|18\n|\n|t:|1733850211\n|move|p2a: Flamigo|Close Combat|p1a: Baxcalibur\n|-supereffective|p1a: Baxcalibur\n|-damage|p1a: Baxcalibur|0 fnt\n|-unboost|p2a: Flamigo|def|1\n|-unboost|p2a: Flamigo|spd|1\n|faint|p1a: Baxcalibur\n|\n|upkeep\n|\n|t:|1733850214\n|switch|p1a: Eiscue|Eiscue, L88, M|274/274\n|-damage|p1a: Eiscue|206/274|[from] Stealth Rock\n|turn|19\n|\n|t:|1733850218\n|move|p2a: Flamigo|Close Combat|p1a: Eiscue\n|-activate|p1a: Eiscue|ability: Ice Face\n|-damage|p1a: Eiscue|206/274\n|-unboost|p2a: Flamigo|def|1\n|-unboost|p2a: Flamigo|spd|1\n|detailschange|p1a: Eiscue|Eiscue-Noice, L88, M\n|move|p1a: Eiscue|Belly Drum|p1a: Eiscue\n|-damage|p1a: Eiscue|69/274\n|-setboost|p1a: Eiscue|atk|6|[from] move: Belly Drum\n|-enditem|p1a: Eiscue|Sitrus Berry|[eat]\n|-heal|p1a: Eiscue|137/274|[from] item: Sitrus Berry\n|\n|upkeep\n|turn|20\n|\n|t:|1733850225\n|switch|p2a: Annihilape|Annihilape, L76, M|52/292 tox\n|-damage|p2a: Annihilape|34/292 tox|[from] Stealth Rock\n|move|p1a: Eiscue|Ice Spinner|p2a: Annihilape\n|-damage|p2a: Annihilape|0 fnt\n|faint|p2a: Annihilape\n|\n|upkeep\n|\n|t:|1733850230\n|switch|p2a: Snorlax|Snorlax, L82, F|397/397\n|-damage|p2a: Snorlax|348/397|[from] Stealth Rock\n|turn|21\n|\n|t:|1733850235\n|-terastallize|p1a: Eiscue|Water\n|move|p1a: Eiscue|Liquidation|p2a: Snorlax\n|-damage|p2a: Snorlax|0 fnt\n|faint|p2a: Snorlax\n|\n|upkeep\n|-message|SneakyEne forfeited.\n|\n|win|PMCJTMred\n|raw|PMCJTMred's rating: 1525 &rarr; <strong>1545</strong><br />(+20 for winning)\n|raw|SneakyEne's rating: 1530 &rarr; <strong>1510</strong><br />(-20 for losing)\n|l|\u2606SneakyEne\n|player|p2|\n", "inputlog": ">version bfd83cad13791eb5a5a409923076391caf6fb4d4\n>start {\"formatid\":\"gen9randombattle\",\"seed\":[10236,62328,36105,18470],\"rated\":\"Rated battle\"}\n>player p1 {\"name\":\"PMCJTMred\",\"avatar\":\"ethan\",\"rating\":1525,\"seed\":[2147,7734,19622,32346]}\n>player p2 {\"name\":\"SneakyEne\",\"avatar\":\"170\",\"rating\":1530,\"seed\":[56681,59252,60798,44976]}\n>p1 move dragondance\n>p2 switch 3\n>p1 switch 6\n>p2 move drainpunch\n>p1 move toxic\n>p2 move bulkup\n>p1 move thunderbolt\n>p2 move gunkshot\n>p1 move slackoff\n>p2 switch 2\n>p1 switch 5\n>p2 move stealthrock\n>p1 move stealthrock\n>p2 switch 6\n>p1 move megahorn\n>p2 move substitute\n>p1 move megahorn\n>p2 move leafstorm\n>p1 switch 2\n>p1 move sunnyday\n>p2 move substitute terastallize\n>p1 move stompingtantrum\n>p2 move dragonpulse\n>p1 move fireblast\n>p2 move dragonpulse\n>p1 switch 5\n>p1 move thunderbolt\n>p2 move leafstorm\n>p2 switch 3\n>p1 move slackoff\n>p2 move shiftgear\n>p1 move muddywater\n>p2 move boomburst\n>p1 move muddywater\n>p2 move boomburst\n>p1 switch 6\n>p1 move earthquake\n>p2 move boomburst\n>p2 switch 5\n>p1 move iciclecrash\n>p2 move closecombat\n>p1 switch 3\n>p1 move bellydrum\n>p2 move closecombat\n>p1 move icespinner\n>p2 switch 2\n>p2 switch 4\n>p1 move liquidation terastallize\n>p2 move bodyslam\n>forcelose p2", "uploadtime": 1733850242, "views": 1, "formatid": "gen9randombattle", "rating": 1510, "private": 0, "password": null}