{"id": "gen9randombattle-2260274423", "format": "[Gen 9] Random Battle", "players": ["ConnorH342", "aoport"], "log": "|j|\u203dConnorH342\n|j|\u2606aoport\n|t:|1733833567\n|gametype|singles\n|player|p1|ConnorH342|n|1347\n|player|p2|aoport|266|1339\n|teamsize|p1|6\n|teamsize|p2|6\n|gen|9\n|tier|[Gen 9] Random Battle\n|rated|\n|rule|Species Clause: Limit one of each Pok\u00e9mon\n|rule|HP Percentage Mod: HP is shown in percentages\n|rule|Sleep Clause Mod: Limit one foe put to sleep\n|rule|Illusion Level Mod: Illusion disguises the Pok\u00e9mon's true level\n|\n|t:|1733833567\n|start\n|switch|p1a: Fezandipiti|Fezandipiti, L82, M|278/278\n|switch|p2a: Slither Wing|Slither Wing, L81|270/270\n|turn|1\n|inactive|Battle timer is ON: inactive players will automatically lose when time's up. (requested by ConnorH342)\n|\n|t:|1733833588\n|-end|p2a: Slither Wing|Protosynthesis|[silent]\n|switch|p2a: Donphan|Donphan, L84, M|288/288\n|move|p1a: Fezandipiti|Play Rough|p2a: Donphan\n|-damage|p2a: Donphan|221/288\n|\n|-heal|p2a: Donphan|239/288|[from] item: Leftovers\n|upkeep\n|turn|2\n|\n|t:|1733833602\n|move|p1a: Fezandipiti|U-turn|p2a: Donphan\n|-damage|p2a: Donphan|202/288\n|\n|t:|1733833608\n|switch|p1a: Vikavolt|Vikavolt, L83, F|263/263|[from] U-turn\n|move|p2a: Donphan|Stealth Rock|p1a: Vikavolt\n|-sidestart|p1: ConnorH342|move: Stealth Rock\n|\n|-heal|p2a: Donphan|220/288|[from] item: Leftovers\n|upkeep\n|turn|3\n|\n|t:|1733833627\n|move|p2a: Donphan|Rapid Spin|p1a: Vikavolt\n|-damage|p1a: Vikavolt|221/263\n|-boost|p2a: Donphan|spe|1\n|move|p1a: Vikavolt|Energy Ball|p2a: Donphan\n|-supereffective|p2a: Donphan\n|-damage|p2a: Donphan|0 fnt\n|faint|p2a: Donphan\n|\n|upkeep\n|\n|t:|1733833636\n|switch|p2a: Slither Wing|Slither Wing, L81|270/270\n|turn|4\n|\n|t:|1733833642\n|move|p2a: Slither Wing|Flare Blitz|p1a: Vikavolt\n|-supereffective|p1a: Vikavolt\n|-damage|p1a: Vikavolt|0 fnt\n|faint|p1a: Vikavolt\n|-damage|p2a: Slither Wing|197/270|[from] Recoil\n|-damage|p2a: Slither Wing|170/270|[from] item: Life Orb\n|\n|upkeep\n|\n|t:|1733833652\n|switch|p1a: Fezandipiti|Fezandipiti, L82, M|278/278\n|-damage|p1a: Fezandipiti|244/278|[from] Stealth Rock\n|turn|5\n|\n|t:|1733833663\n|-end|p2a: Slither Wing|Protosynthesis|[silent]\n|switch|p2a: Bastiodon|Bastiodon, L89, M|252/252\n|move|p1a: Fezandipiti|Play Rough|p2a: Bastiodon\n|-resisted|p2a: Bastiodon\n|-damage|p2a: Bastiodon|228/252\n|\n|-heal|p1a: Fezandipiti|261/278|[from] item: Leftovers\n|upkeep\n|turn|6\n|\n|t:|1733833675\n|move|p1a: Fezandipiti|U-turn|p2a: Bastiodon\n|-resisted|p2a: Bastiodon\n|-damage|p2a: Bastiodon|216/252\n|\n|t:|1733833689\n|switch|p1a: Morpeko|Morpeko, L88, F|245/245|[from] U-turn\n|move|p2a: Bastiodon|Iron Defense|p2a: Bastiodon\n|-boost|p2a: Bastiodon|def|2\n|\n|-formechange|p1a: Morpeko|Morpeko-Hangry||[from] ability: Hunger Switch\n|upkeep\n|turn|7\n|\n|t:|1733833701\n|move|p1a: Morpeko|Rapid Spin|p2a: Bastiodon\n|-resisted|p2a: Bastiodon\n|-damage|p2a: Bastiodon|213/252\n|-boost|p1a: Morpeko|spe|1\n|-sideend|p1: ConnorH342|Stealth Rock|[from] move: Rapid Spin|[of] p1a: Morpeko\n|move|p2a: Bastiodon|Body Press|p1a: Morpeko\n|-supereffective|p1a: Morpeko\n|-damage|p1a: Morpeko|0 fnt\n|faint|p1a: Morpeko\n|\n|upkeep\n|\n|t:|1733833720\n|switch|p1a: Incineroar|Incineroar, L82, F|290/290\n|-ability|p1a: Incineroar|Intimidate|boost\n|-unboost|p2a: Bastiodon|atk|1\n|turn|8\n|\n|t:|1733833727\n|move|p1a: Incineroar|Knock Off|p2a: Bastiodon\n|-crit|p2a: Bastiodon\n|-damage|p2a: Bastiodon|117/252\n|-enditem|p2a: Bastiodon|Chesto Berry|[from] move: Knock Off|[of] p1a: Incineroar\n|move|p2a: Bastiodon|Body Press|p1a: Incineroar\n|-supereffective|p1a: Incineroar\n|-damage|p1a: Incineroar|0 fnt\n|faint|p1a: Incineroar\n|\n|upkeep\n|\n|t:|1733833731\n|switch|p1a: Torterra|Torterra, L78, F|276/276\n|turn|9\n|\n|t:|1733833742\n|move|p1a: Torterra|Headlong Rush|p2a: Bastiodon\n|-supereffective|p2a: Bastiodon\n|-damage|p2a: Bastiodon|0 fnt\n|-unboost|p1a: Torterra|def|1\n|-unboost|p1a: Torterra|spd|1\n|faint|p2a: Bastiodon\n|\n|upkeep\n|\n|t:|1733833757\n|switch|p2a: Espeon|Espeon, L84, F|246/246\n|turn|10\n|\n|t:|1733833772\n|switch|p1a: Delibird|Delibird, M|252/252\n|move|p2a: Espeon|Alluring Voice|p1a: Delibird\n|-damage|p1a: Delibird|103/252\n|\n|upkeep\n|turn|11\n|\n|t:|1733833782\n|move|p2a: Espeon|Alluring Voice|p1a: Delibird\n|-damage|p1a: Delibird|0 fnt\n|faint|p1a: Delibird\n|\n|upkeep\n|\n|t:|1733833784\n|switch|p1a: Torterra|Torterra, L78, F|276/276\n|turn|12\n|\n|t:|1733833789\n|move|p2a: Espeon|Alluring Voice|p1a: Torterra\n|-damage|p1a: Torterra|149/276\n|move|p1a: Torterra|Shell Smash|p1a: Torterra\n|-unboost|p1a: Torterra|def|1\n|-unboost|p1a: Torterra|spd|1\n|-boost|p1a: Torterra|atk|2\n|-boost|p1a: Torterra|spa|2\n|-boost|p1a: Torterra|spe|2\n|\n|upkeep\n|turn|13\n|\n|t:|1733833798\n|-terastallize|p1a: Torterra|Grass\n|move|p1a: Torterra|Bullet Seed|p2a: Espeon\n|-damage|p2a: Espeon|162/246\n|-damage|p2a: Espeon|74/246\n|-damage|p2a: Espeon|0 fnt\n|faint|p2a: Espeon\n|-hitcount|p2: Espeon|3\n|\n|upkeep\n|\n|t:|1733833808\n|switch|p2a: Slither Wing|Slither Wing, L81|170/270\n|turn|14\n|\n|t:|1733833814\n|move|p2a: Slither Wing|First Impression|p1a: Torterra\n|-supereffective|p1a: Torterra\n|-damage|p1a: Torterra|0 fnt\n|faint|p1a: Torterra\n|-damage|p2a: Slither Wing|143/270|[from] item: Life Orb\n|\n|upkeep\n|\n|t:|1733833817\n|switch|p1a: Fezandipiti|Fezandipiti, L82, M|261/278\n|turn|15\n|\n|t:|1733833829\n|-end|p2a: Slither Wing|Protosynthesis|[silent]\n|switch|p2a: Luvdisc|Luvdisc, F|247/247\n|move|p1a: Fezandipiti|Play Rough|p2a: Luvdisc|[miss]\n|-miss|p1a: Fezandipiti|p2a: Luvdisc\n|\n|-heal|p1a: Fezandipiti|278/278|[from] item: Leftovers\n|upkeep\n|turn|16\n|\n|t:|1733833839\n|move|p2a: Luvdisc|Whirlpool|p1a: Fezandipiti|[miss]\n|-miss|p2a: Luvdisc|p1a: Fezandipiti\n|move|p1a: Fezandipiti|Gunk Shot|p2a: Luvdisc\n|-damage|p2a: Luvdisc|117/247\n|\n|upkeep\n|turn|17\n|\n|t:|1733833854\n|move|p2a: Luvdisc|Substitute|p2a: Luvdisc\n|-start|p2a: Luvdisc|Substitute\n|-damage|p2a: Luvdisc|56/247\n|move|p1a: Fezandipiti|Gunk Shot|p2a: Luvdisc\n|-end|p2a: Luvdisc|Substitute\n|\n|upkeep\n|turn|18\n|\n|t:|1733833860\n|move|p2a: Luvdisc|Endeavor|p1a: Fezandipiti\n|-damage|p1a: Fezandipiti|56/278\n|move|p1a: Fezandipiti|Gunk Shot|p2a: Luvdisc\n|-damage|p2a: Luvdisc|0 fnt\n|faint|p2a: Luvdisc\n|\n|-heal|p1a: Fezandipiti|73/278|[from] item: Leftovers\n|upkeep\n|\n|t:|1733833874\n|switch|p2a: Mewtwo|Mewtwo, L72|272/272\n|-ability|p2a: Mewtwo|Unnerve\n|turn|19\n|\n|t:|1733833882\n|move|p2a: Mewtwo|Psystrike|p1a: Fezandipiti\n|-supereffective|p1a: Fezandipiti\n|-crit|p1a: Fezandipiti\n|-damage|p1a: Fezandipiti|0 fnt\n|faint|p1a: Fezandipiti\n|-damage|p2a: Mewtwo|245/272|[from] item: Life Orb\n|\n|win|aoport\n|raw|ConnorH342's rating: 1347 &rarr; <strong>1327</strong><br />(-20 for losing)\n|raw|aoport's rating: 1339 &rarr; <strong>1359</strong><br />(+20 for winning)\n|l|\u203dConnorH342\n|player|p1|\n", "inputlog": ">version bfd83cad13791eb5a5a409923076391caf6fb4d4\n>start {\"formatid\":\"gen9randombattle\",\"seed\":[62848,1632,31129,57720],\"rated\":\"Rated battle\"}\n>player p1 {\"name\":\"ConnorH342\",\"avatar\":\"n\",\"rating\":1347,\"seed\":[6066,29327,28080,25556]}\n>player p2 {\"name\":\"aoport\",\"avatar\":\"266\",\"rating\":1339,\"seed\":[25665,59884,65006,57458]}\n>p1 move playrough\n>p2 switch 3\n>p1 move uturn\n>p2 move stealthrock\n>p1 switch 2\n>p1 move energyball\n>p2 move rapidspin\n>p2 switch 3\n>p1 move stickyweb\n>p2 move flareblitz\n>p1 switch 2\n>p1 move playrough\n>p2 switch 4\n>p1 move uturn\n>p2 move irondefense\n>p1 switch 6\n>p1 move rapidspin\n>p2 move bodypress\n>p1 switch 4\n>p1 move knockoff\n>p2 move bodypress\n>p1 switch 3\n>p1 move headlongrush\n>p2 move foulplay\n>p2 switch 6\n>p1 switch 5\n>p2 move alluringvoice\n>p1 move spikes\n>p2 move alluringvoice\n>p1 switch 5\n>p1 move shellsmash\n>p2 move alluringvoice\n>p1 move bulletseed terastallize\n>p2 move alluringvoice\n>p2 switch 4\n>p1 move rockblast\n>p2 move firstimpression\n>p1 switch 6\n>p1 move playrough\n>p2 switch 5\n>p1 move gunkshot\n>p2 move whirlpool\n>p1 move gunkshot\n>p2 move substitute\n>p1 move gunkshot\n>p2 move endeavor\n>p2 switch 2\n>p1 move uturn\n>p2 move psystrike", "uploadtime": 1733833890, "views": 3, "formatid": "gen9randombattle", "rating": 1327, "private": 0, "password": null}