{"id": "gen9randombattle-2260359288", "format": "[Gen 9] Random Battle", "players": ["bolin_rs", "Vitor 32"], "log": "|j|\u2606bolin_rs\n|j|\u2606Vitor 32\n|t:|1733843774\n|gametype|singles\n|player|p1|bolin_rs|lucas|\n|player|p2|Vitor 32|2|\n|teamsize|p1|6\n|teamsize|p2|6\n|gen|9\n|tier|[Gen 9] Random Battle\n|rule|Species Clause: Limit one of each Pok\u00e9mon\n|rule|HP Percentage Mod: HP is shown in percentages\n|rule|Sleep Clause Mod: Limit one foe put to sleep\n|rule|Illusion Level Mod: Illusion disguises the Pok\u00e9mon's true level\n|\n|t:|1733843774\n|start\n|switch|p1a: Torterra|Torterra, L78, M|276/276\n|switch|p2a: Kingambit|Kingambit, L74, M|270/270\n|turn|1\n|\n|t:|1733843795\n|-end|p2a: Kingambit|fallenundefined|[silent]\n|switch|p2a: Whimsicott|Whimsicott, L85, M|241/241\n|move|p1a: Torterra|Shell Smash|p1a: Torterra\n|-unboost|p1a: Torterra|def|1\n|-unboost|p1a: Torterra|spd|1\n|-boost|p1a: Torterra|atk|2\n|-boost|p1a: Torterra|spa|2\n|-boost|p1a: Torterra|spe|2\n|\n|upkeep\n|turn|2\n|\n|t:|1733843804\n|move|p1a: Torterra|Shell Smash|p1a: Torterra\n|-unboost|p1a: Torterra|def|1\n|-unboost|p1a: Torterra|spd|1\n|-boost|p1a: Torterra|atk|2\n|-boost|p1a: Torterra|spa|2\n|-boost|p1a: Torterra|spe|2\n|move|p2a: Whimsicott|Moonblast|p1a: Torterra\n|-damage|p1a: Torterra|98/276\n|\n|upkeep\n|turn|3\n|\n|t:|1733843813\n|move|p1a: Torterra|Rock Blast|p2a: Whimsicott\n|-damage|p2a: Whimsicott|191/241\n|-damage|p2a: Whimsicott|141/241\n|-damage|p2a: Whimsicott|92/241\n|-damage|p2a: Whimsicott|43/241\n|-hitcount|p2a: Whimsicott|4\n|move|p2a: Whimsicott|Moonblast|p1a: Torterra\n|-damage|p1a: Torterra|0 fnt\n|faint|p1a: Torterra\n|\n|-heal|p2a: Whimsicott|58/241|[from] item: Leftovers\n|upkeep\n|\n|t:|1733843824\n|switch|p1a: Iron Jugulis|Iron Jugulis, L78|275/275\n|turn|4\n|\n|t:|1733843830\n|move|p2a: Whimsicott|Moonblast|p1a: Iron Jugulis\n|-supereffective|p1a: Iron Jugulis\n|-damage|p1a: Iron Jugulis|87/275\n|-unboost|p1a: Iron Jugulis|spa|1\n|move|p1a: Iron Jugulis|Hurricane|p2a: Whimsicott\n|-supereffective|p2a: Whimsicott\n|-crit|p2a: Whimsicott\n|-damage|p2a: Whimsicott|0 fnt\n|faint|p2a: Whimsicott\n|\n|upkeep\n|\n|t:|1733843843\n|switch|p2a: Infernape|Infernape, L82, M|259/259\n|turn|5\n|\n|t:|1733843848\n|move|p2a: Infernape|Close Combat|p1a: Iron Jugulis\n|-damage|p1a: Iron Jugulis|0 fnt\n|-unboost|p2a: Infernape|def|1\n|-unboost|p2a: Infernape|spd|1\n|faint|p1a: Iron Jugulis\n|-end|p1a: Iron Jugulis|Quark Drive|[silent]\n|-damage|p2a: Infernape|234/259|[from] item: Life Orb\n|\n|upkeep\n|\n|t:|1733843852\n|switch|p1a: Phione|Phione, L91|293/293\n|turn|6\n|\n|t:|1733843861\n|-terastallize|p2a: Infernape|Fire\n|move|p2a: Infernape|Close Combat|p1a: Phione\n|-damage|p1a: Phione|140/293\n|-unboost|p2a: Infernape|def|1\n|-unboost|p2a: Infernape|spd|1\n|-damage|p2a: Infernape|209/259|[from] item: Life Orb\n|move|p1a: Phione|Scald|p2a: Infernape\n|-supereffective|p2a: Infernape\n|-damage|p2a: Infernape|0 fnt\n|faint|p2a: Infernape\n|\n|-heal|p1a: Phione|158/293|[from] item: Leftovers\n|upkeep\n|\n|t:|1733843878\n|switch|p2a: Pachirisu|Pachirisu, L96, F|271/271\n|turn|7\n|\n|t:|1733843883\n|move|p2a: Pachirisu|Thunderbolt|p1a: Phione\n|-supereffective|p1a: Phione\n|-damage|p1a: Phione|2/293\n|move|p1a: Phione|Grass Knot|p2a: Pachirisu\n|-damage|p2a: Pachirisu|262/271\n|\n|-heal|p1a: Phione|20/293|[from] item: Leftovers\n|upkeep\n|turn|8\n|\n|t:|1733843892\n|move|p2a: Pachirisu|Thunderbolt|p1a: Phione\n|-supereffective|p1a: Phione\n|-damage|p1a: Phione|0 fnt\n|faint|p1a: Phione\n|\n|upkeep\n|\n|t:|1733843898\n|switch|p1a: Sceptile|Sceptile, L87, M|264/264\n|turn|9\n|\n|t:|1733843904\n|move|p1a: Sceptile|Leech Seed|p2a: Pachirisu\n|-start|p2a: Pachirisu|move: Leech Seed\n|move|p2a: Pachirisu|Thunderbolt|p1a: Sceptile\n|-resisted|p1a: Sceptile\n|-damage|p1a: Sceptile|226/264\n|\n|-heal|p1a: Sceptile|242/264|[from] item: Leftovers\n|-damage|p2a: Pachirisu|229/271|[from] Leech Seed|[of] p1a: Sceptile\n|-heal|p1a: Sceptile|264/264|[silent]\n|upkeep\n|turn|10\n|\n|t:|1733843916\n|move|p1a: Sceptile|Focus Blast|p2a: Pachirisu|[miss]\n|-miss|p1a: Sceptile|p2a: Pachirisu\n|move|p2a: Pachirisu|Nuzzle|p1a: Sceptile\n|-resisted|p1a: Sceptile\n|-damage|p1a: Sceptile|255/264\n|-status|p1a: Sceptile|par\n|\n|-heal|p1a: Sceptile|264/264 par|[from] item: Leftovers\n|-damage|p2a: Pachirisu|196/271|[from] Leech Seed|[of] p1a: Sceptile\n|upkeep\n|turn|11\n|\n|t:|1733843927\n|move|p2a: Pachirisu|U-turn|p1a: Sceptile\n|-supereffective|p1a: Sceptile\n|-damage|p1a: Sceptile|164/264 par\n|\n|t:|1733843932\n|switch|p2a: Ambipom|Ambipom, L84, F|263/263|[from] U-turn\n|move|p1a: Sceptile|Focus Blast|p2a: Ambipom|[miss]\n|-miss|p1a: Sceptile|p2a: Ambipom\n|\n|-heal|p1a: Sceptile|180/264 par|[from] item: Leftovers\n|upkeep\n|turn|12\n|\n|t:|1733843942\n|move|p2a: Ambipom|Low Kick|p1a: Sceptile\n|-damage|p1a: Sceptile|110/264 par\n|move|p1a: Sceptile|Focus Blast|p2a: Ambipom|[miss]\n|-miss|p1a: Sceptile|p2a: Ambipom\n|\n|-heal|p1a: Sceptile|126/264 par|[from] item: Leftovers\n|upkeep\n|turn|13\n|\n|t:|1733843952\n|move|p2a: Ambipom|Low Kick|p1a: Sceptile\n|-damage|p1a: Sceptile|62/264 par\n|move|p1a: Sceptile|Focus Blast|p2a: Ambipom\n|-supereffective|p2a: Ambipom\n|-damage|p2a: Ambipom|25/263\n|\n|-heal|p1a: Sceptile|78/264 par|[from] item: Leftovers\n|upkeep\n|turn|14\n|\n|t:|1733843961\n|move|p2a: Ambipom|Double-Edge|p1a: Sceptile\n|-damage|p1a: Sceptile|0 fnt\n|faint|p1a: Sceptile\n|-damage|p2a: Ambipom|0 fnt|[from] Recoil\n|faint|p2a: Ambipom\n|\n|upkeep\n|\n|t:|1733843971\n|switch|p1a: Slither Wing|Slither Wing, L81|270/270\n|switch|p2a: Scrafty|Scrafty, L84, M|246/246\n|-ability|p2a: Scrafty|Intimidate|boost\n|-unboost|p1a: Slither Wing|atk|1\n|-enditem|p1a: Slither Wing|Booster Energy\n|-activate|p1a: Slither Wing|ability: Protosynthesis|[fromitem]\n|-start|p1a: Slither Wing|protosynthesisspd\n|turn|15\n|\n|t:|1733843983\n|-end|p1a: Slither Wing|Protosynthesis|[silent]\n|switch|p1a: Chansey|Chansey, L85, F|564/564\n|move|p2a: Scrafty|Dragon Dance|p2a: Scrafty\n|-boost|p2a: Scrafty|atk|1\n|-boost|p2a: Scrafty|spe|1\n|\n|upkeep\n|turn|16\n|\n|t:|1733843990\n|move|p2a: Scrafty|Close Combat|p1a: Chansey\n|-supereffective|p1a: Chansey\n|-damage|p1a: Chansey|0 fnt\n|-unboost|p2a: Scrafty|def|1\n|-unboost|p2a: Scrafty|spd|1\n|faint|p1a: Chansey\n|-damage|p2a: Scrafty|222/246|[from] item: Life Orb\n|\n|upkeep\n|\n|t:|1733843993\n|switch|p1a: Slither Wing|Slither Wing, L81|270/270\n|turn|17\n|\n|t:|1733844003\n|move|p2a: Scrafty|Close Combat|p1a: Slither Wing\n|-resisted|p1a: Slither Wing\n|-damage|p1a: Slither Wing|143/270\n|-unboost|p2a: Scrafty|def|1\n|-unboost|p2a: Scrafty|spd|1\n|-damage|p2a: Scrafty|198/246|[from] item: Life Orb\n|move|p1a: Slither Wing|Bulk Up|p1a: Slither Wing\n|-boost|p1a: Slither Wing|atk|1\n|-boost|p1a: Slither Wing|def|1\n|\n|upkeep\n|turn|18\n|\n|t:|1733844013\n|move|p2a: Scrafty|Close Combat|p1a: Slither Wing\n|-resisted|p1a: Slither Wing\n|-damage|p1a: Slither Wing|61/270\n|-unboost|p2a: Scrafty|def|1\n|-unboost|p2a: Scrafty|spd|1\n|-damage|p2a: Scrafty|174/246|[from] item: Life Orb\n|move|p1a: Slither Wing|Close Combat|p2a: Scrafty\n|-supereffective|p2a: Scrafty\n|-damage|p2a: Scrafty|0 fnt\n|-unboost|p1a: Slither Wing|def|1\n|-unboost|p1a: Slither Wing|spd|1\n|faint|p2a: Scrafty\n|\n|upkeep\n|\n|t:|1733844027\n|switch|p2a: Pachirisu|Pachirisu, L96, F|196/271\n|turn|19\n|\n|t:|1733844033\n|move|p2a: Pachirisu|Thunderbolt|p1a: Slither Wing\n|-damage|p1a: Slither Wing|0 fnt\n|faint|p1a: Slither Wing\n|-end|p1a: Slither Wing|Protosynthesis|[silent]\n|\n|win|Vitor 32\n|l|\u2606bolin_rs\n|player|p1|\n|l|\u2606Vitor 32\n|player|p2|\n", "inputlog": ">version bfd83cad13791eb5a5a409923076391caf6fb4d4\n>start {\"formatid\":\"gen9randombattle\",\"seed\":[40634,3533,57296,11662]}\n>player p1 {\"name\":\"bolin_rs\",\"avatar\":\"lucas\",\"rating\":0,\"seed\":[31902,19502,29264,32877]}\n>player p2 {\"name\":\"Vitor 32\",\"avatar\":\"2\",\"rating\":0,\"seed\":[28485,30730,4636,23949]}\n>p1 move shellsmash\n>p2 switch 6\n>p1 move shellsmash\n>p2 move moonblast\n>p1 move rockblast\n>p2 move moonblast\n>p1 switch 6\n>p1 move hurricane\n>p2 move moonblast\n>p2 switch 2\n>p1 move hurricane\n>p2 move closecombat\n>p1 switch 3\n>p1 move scald\n>p2 move closecombat terastallize\n>p2 switch 3\n>p1 move grassknot\n>p2 move thunderbolt\n>p1 move icebeam\n>p2 move thunderbolt\n>p1 switch 2\n>p1 move leechseed\n>p2 move thunderbolt\n>p1 move focusblast\n>p2 move nuzzle\n>p1 move focusblast\n>p2 move uturn\n>p2 switch 5\n>p1 move focusblast\n>p2 move lowkick\n>p1 move focusblast\n>p2 move lowkick\n>p1 move gigadrain\n>p2 move doubleedge\n>p1 switch 4\n>p2 switch 4\n>p1 switch 5\n>p2 move dragondance\n>p1 move seismictoss\n>p2 move closecombat\n>p1 switch 5\n>p1 move bulkup\n>p2 move closecombat\n>p1 move closecombat\n>p2 move closecombat\n>p2 switch 5\n>p1 move closecombat\n>p2 move thunderbolt", "uploadtime": 1733844178, "views": 1, "formatid": "gen9randombattle", "rating": null, "private": 0, "password": null}