{"id": "gen9randombattle-2260894561", "format": "[Gen 9] Random Battle", "players": ["jmagzmate", "2028330279JUS"], "log": "|j|\u2606jmagzmate\n|j|\u26062028330279JUS\n|t:|1733912448\n|gametype|singles\n|player|p1|jmagzmate|1|1388\n|player|p2|2028330279JUS|266|1428\n|teamsize|p1|6\n|teamsize|p2|6\n|gen|9\n|tier|[Gen 9] Random Battle\n|rated|\n|rule|Species Clause: Limit one of each Pok\u00e9mon\n|rule|HP Percentage Mod: HP is shown in percentages\n|rule|Sleep Clause Mod: Limit one foe put to sleep\n|rule|Illusion Level Mod: Illusion disguises the Pok\u00e9mon's true level\n|\n|t:|1733912448\n|start\n|switch|p1a: Orthworm|Orthworm, L88, F|266/266\n|switch|p2a: Azelf|Azelf, L82|257/257\n|turn|1\n|inactive|Battle timer is ON: inactive players will automatically lose when time's up. (requested by 2028330279JUS)\n|\n|t:|1733912479\n|move|p2a: Azelf|Fire Blast|p1a: Orthworm\n|-supereffective|p1a: Orthworm\n|-damage|p1a: Orthworm|30/266\n|move|p1a: Orthworm|Coil|p1a: Orthworm\n|-boost|p1a: Orthworm|atk|1\n|-boost|p1a: Orthworm|def|1\n|-boost|p1a: Orthworm|accuracy|1\n|\n|upkeep\n|turn|2\n|\n|t:|1733912492\n|move|p2a: Azelf|Psychic|p1a: Orthworm\n|-resisted|p1a: Orthworm\n|-damage|p1a: Orthworm|0 fnt\n|faint|p1a: Orthworm\n|\n|upkeep\n|\n|t:|1733912509\n|switch|p1a: Electrode|Electrode-Hisui, L87|246/246\n|turn|3\n|\n|t:|1733912529\n|switch|p2a: Vikavolt|Vikavolt, L83, M|263/263\n|move|p1a: Electrode|Leech Seed|p2a: Vikavolt|[miss]\n|-miss|p1a: Electrode|p2a: Vikavolt\n|\n|upkeep\n|turn|4\n|\n|t:|1733912536\n|move|p1a: Electrode|Substitute|p1a: Electrode\n|-start|p1a: Electrode|Substitute\n|-damage|p1a: Electrode|185/246\n|move|p2a: Vikavolt|Sticky Web|p1a: Electrode\n|-sidestart|p1: jmagzmate|move: Sticky Web\n|\n|-heal|p1a: Electrode|200/246|[from] item: Leftovers\n|upkeep\n|turn|5\n|\n|t:|1733912540\n|move|p1a: Electrode|Leech Seed|p2a: Vikavolt\n|-start|p2a: Vikavolt|move: Leech Seed\n|move|p2a: Vikavolt|Bug Buzz|p1a: Electrode\n|-immune|p1a: Electrode|[from] ability: Soundproof\n|\n|-heal|p1a: Electrode|215/246|[from] item: Leftovers\n|-damage|p2a: Vikavolt|231/263|[from] Leech Seed|[of] p1a: Electrode\n|-heal|p1a: Electrode|246/246|[silent]\n|upkeep\n|turn|6\n|\n|t:|1733912559\n|switch|p2a: Sunflora|Sunflora, F|312/312\n|move|p1a: Electrode|Thunderbolt|p2a: Sunflora\n|-resisted|p2a: Sunflora\n|-damage|p2a: Sunflora|276/312\n|\n|upkeep\n|turn|7\n|\n|t:|1733912572\n|move|p1a: Electrode|Thunderbolt|p2a: Sunflora\n|-resisted|p2a: Sunflora\n|-damage|p2a: Sunflora|240/312\n|move|p2a: Sunflora|Sunny Day|p2a: Sunflora\n|-weather|SunnyDay\n|\n|-weather|SunnyDay|[upkeep]\n|upkeep\n|turn|8\n|\n|t:|1733912582\n|move|p1a: Electrode|Giga Drain|p2a: Sunflora\n|-resisted|p2a: Sunflora\n|-damage|p2a: Sunflora|210/312\n|move|p2a: Sunflora|Weather Ball|p1a: Electrode\n|-supereffective|p1a: Electrode\n|-end|p1a: Electrode|Substitute\n|-damage|p2a: Sunflora|179/312|[from] item: Life Orb\n|\n|-weather|SunnyDay|[upkeep]\n|upkeep\n|turn|9\n|inactive|jmagzmate has 120 seconds left.\n|\n|t:|1733912616\n|switch|p1a: Blissey|Blissey, L84, F|566/566\n|-activate|p1a: Blissey|move: Sticky Web\n|-unboost|p1a: Blissey|spe|1\n|move|p2a: Sunflora|Weather Ball|p1a: Blissey\n|-damage|p1a: Blissey|420/566\n|-damage|p2a: Sunflora|148/312|[from] item: Life Orb\n|\n|-weather|SunnyDay|[upkeep]\n|-heal|p1a: Blissey|455/566|[from] item: Leftovers\n|upkeep\n|turn|10\n|inactive|jmagzmate has 120 seconds left.\n|\n|t:|1733912643\n|switch|p2a: Azelf|Azelf, L82|257/257\n|move|p1a: Blissey|Thunder Wave|p2a: Azelf\n|-status|p2a: Azelf|par\n|\n|-weather|SunnyDay|[upkeep]\n|-heal|p1a: Blissey|490/566|[from] item: Leftovers\n|upkeep\n|turn|11\n|inactive|jmagzmate has 120 seconds left.\n|\n|t:|1733912657\n|move|p2a: Azelf|U-turn|p1a: Blissey\n|-damage|p1a: Blissey|319/566\n|\n|t:|1733912663\n|switch|p2a: Espathra|Espathra, L80, M|283/283|[from] U-turn\n|move|p1a: Blissey|Stealth Rock|p2a: Espathra\n|-sidestart|p2: 2028330279JUS|move: Stealth Rock\n|\n|-weather|none\n|-heal|p1a: Blissey|354/566|[from] item: Leftovers\n|upkeep\n|turn|12\n|\n|t:|1733912672\n|move|p2a: Espathra|Substitute|p2a: Espathra\n|-start|p2a: Espathra|Substitute\n|-damage|p2a: Espathra|213/283\n|move|p1a: Blissey|Thunder Wave||[still]\n|-fail|p1a: Blissey\n|\n|-heal|p2a: Espathra|230/283|[from] item: Leftovers\n|-heal|p1a: Blissey|389/566|[from] item: Leftovers\n|-ability|p2a: Espathra|Speed Boost|boost\n|-boost|p2a: Espathra|spe|1\n|upkeep\n|turn|13\n|\n|t:|1733912682\n|switch|p1a: Tatsugiri|Tatsugiri-Droopy, L87, M|260/260\n|move|p2a: Espathra|Calm Mind|p2a: Espathra\n|-boost|p2a: Espathra|spa|1\n|-boost|p2a: Espathra|spd|1\n|\n|-heal|p2a: Espathra|247/283|[from] item: Leftovers\n|-ability|p2a: Espathra|Speed Boost|boost\n|-boost|p2a: Espathra|spe|1\n|upkeep\n|turn|14\n|\n|t:|1733912688\n|move|p2a: Espathra|Dazzling Gleam|p1a: Tatsugiri\n|-supereffective|p1a: Tatsugiri\n|-damage|p1a: Tatsugiri|108/260\n|move|p1a: Tatsugiri|Rapid Spin|p2a: Espathra\n|-activate|p2a: Espathra|move: Substitute|[damage]\n|-sideend|p1: jmagzmate|Sticky Web|[from] move: Rapid Spin|[of] p1a: Tatsugiri\n|-boost|p1a: Tatsugiri|spe|1\n|\n|-heal|p2a: Espathra|264/283|[from] item: Leftovers\n|-ability|p2a: Espathra|Speed Boost|boost\n|-boost|p2a: Espathra|spe|1\n|upkeep\n|turn|15\n|inactive|jmagzmate has 120 seconds left.\n|\n|t:|1733912719\n|switch|p1a: Electrode|Electrode-Hisui, L87|246/246\n|move|p2a: Espathra|Calm Mind|p2a: Espathra\n|-boost|p2a: Espathra|spa|1\n|-boost|p2a: Espathra|spd|1\n|\n|-heal|p2a: Espathra|281/283|[from] item: Leftovers\n|-ability|p2a: Espathra|Speed Boost|boost\n|-boost|p2a: Espathra|spe|1\n|upkeep\n|turn|16\n|inactive|jmagzmate has 120 seconds left.\n|\n|t:|1733912725\n|move|p2a: Espathra|Stored Power|p1a: Electrode\n|-damage|p1a: Electrode|0 fnt\n|faint|p1a: Electrode\n|\n|-heal|p2a: Espathra|283/283|[from] item: Leftovers\n|-ability|p2a: Espathra|Speed Boost|boost\n|-boost|p2a: Espathra|spe|1\n|upkeep\n|inactive|jmagzmate has 120 seconds left.\n|-message|jmagzmate forfeited.\n|\n|win|2028330279JUS\n|raw|jmagzmate's rating: 1388 &rarr; <strong>1370</strong><br />(-18 for losing)\n|raw|2028330279JUS's rating: 1428 &rarr; <strong>1446</strong><br />(+18 for winning)\n|l|\u2606jmagzmate\n|player|p1|\n", "inputlog": ">version bfd83cad13791eb5a5a409923076391caf6fb4d4\n>start {\"formatid\":\"gen9randombattle\",\"seed\":[27642,27832,11150,19494],\"rated\":\"Rated battle\"}\n>player p1 {\"name\":\"jmagzmate\",\"avatar\":\"1\",\"rating\":1388,\"seed\":[1374,65175,13941,49442]}\n>player p2 {\"name\":\"2028330279JUS\",\"avatar\":\"266\",\"rating\":1428,\"seed\":[26835,25966,49617,31192]}\n>p1 move coil\n>p2 move fireblast\n>p1 move irontail\n>p2 move psychic\n>p1 switch 6\n>p1 move leechseed\n>p2 switch 3\n>p1 move substitute\n>p2 move stickyweb\n>p1 move leechseed\n>p2 move bugbuzz\n>p1 move thunderbolt\n>p2 switch 4\n>p1 move thunderbolt\n>p2 move sunnyday\n>p1 move gigadrain\n>p2 move weatherball\n>p1 switch 5\n>p2 move weatherball\n>p1 move thunderwave\n>p2 switch 3\n>p1 move stealthrock\n>p2 move uturn\n>p2 switch 5\n>p1 move thunderwave\n>p2 move substitute\n>p1 switch 2\n>p2 move calmmind\n>p1 move rapidspin\n>p2 move dazzlinggleam\n>p1 switch 5\n>p2 move calmmind\n>p1 move leechseed\n>p2 move storedpower\n>forcelose p1", "uploadtime": 1733912736, "views": 1, "formatid": "gen9randombattle", "rating": 1370, "private": 0, "password": null}