{"id": "gen9randombattle-2259938614", "format": "[Gen 9] Random Battle", "players": ["Mmo00", "Az1anSensation2"], "log": "|j|\u2606Mmo00\n|j|\u203dAz1anSensation2\n|t:|1733782071\n|gametype|singles\n|player|p1|Mmo00|266|2148\n|player|p2|Az1anSensation2|2|2131\n|teamsize|p1|6\n|teamsize|p2|6\n|gen|9\n|tier|[Gen 9] Random Battle\n|rated|\n|rule|Species Clause: Limit one of each Pok\u00e9mon\n|rule|HP Percentage Mod: HP is shown in percentages\n|rule|Sleep Clause Mod: Limit one foe put to sleep\n|rule|Illusion Level Mod: Illusion disguises the Pok\u00e9mon's true level\n|\n|t:|1733782071\n|start\n|switch|p1a: Greedent|Greedent, L86, M|347/347\n|switch|p2a: Gurdurr|Gurdurr, L85, F|283/283\n|turn|1\n|inactive|Battle timer is ON: inactive players will automatically lose when time's up. (requested by Az1anSensation2)\n|\n|t:|1733782094\n|switch|p1a: Dewgong|Dewgong, L94, M|322/322\n|move|p2a: Gurdurr|Knock Off|p1a: Dewgong\n|-damage|p1a: Dewgong|255/322\n|-enditem|p1a: Dewgong|Heavy-Duty Boots|[from] move: Knock Off|[of] p2a: Gurdurr\n|\n|upkeep\n|turn|2\n|\n|t:|1733782109\n|move|p1a: Dewgong|Encore|p2a: Gurdurr\n|-start|p2a: Gurdurr|Encore\n|move|p2a: Gurdurr|Knock Off|p1a: Dewgong\n|-damage|p1a: Dewgong|206/322\n|\n|upkeep\n|turn|3\n|\n|t:|1733782137\n|switch|p2a: Swanna|Swanna, L88, F|275/275\n|move|p1a: Dewgong|Surf|p2a: Swanna\n|-resisted|p2a: Swanna\n|-damage|p2a: Swanna|218/275\n|\n|upkeep\n|turn|4\n|\n|t:|1733782153\n|switch|p1a: Greedent|Greedent, L86, M|347/347\n|move|p2a: Swanna|Brave Bird|p1a: Greedent\n|-damage|p1a: Greedent|223/347\n|-damage|p2a: Swanna|177/275|[from] Recoil\n|\n|upkeep\n|turn|5\n|\n|t:|1733782165\n|move|p2a: Swanna|Brave Bird|p1a: Greedent\n|-damage|p1a: Greedent|111/347\n|-enditem|p1a: Greedent|Sitrus Berry|[eat]\n|-heal|p1a: Greedent|197/347|[from] item: Sitrus Berry\n|-heal|p1a: Greedent|312/347|[from] ability: Cheek Pouch\n|-damage|p2a: Swanna|140/275|[from] Recoil\n|move|p1a: Greedent|Double-Edge|p2a: Swanna\n|-damage|p2a: Swanna|0 fnt\n|faint|p2a: Swanna\n|-damage|p1a: Greedent|266/347|[from] Recoil\n|\n|upkeep\n|\n|t:|1733782179\n|switch|p2a: Gurdurr|Gurdurr, L85, F|283/283\n|turn|6\n|\n|t:|1733782183\n|move|p2a: Gurdurr|Drain Punch|p1a: Greedent\n|-supereffective|p1a: Greedent\n|-damage|p1a: Greedent|114/347\n|move|p1a: Greedent|Knock Off|p2a: Gurdurr\n|-resisted|p2a: Gurdurr\n|-damage|p2a: Gurdurr|258/283\n|-enditem|p2a: Gurdurr|Eviolite|[from] move: Knock Off|[of] p1a: Greedent\n|\n|upkeep\n|turn|7\n|\n|t:|1733782194\n|switch|p1a: Espathra|Espathra, L80, F|283/283\n|move|p2a: Gurdurr|Drain Punch|p1a: Espathra\n|-resisted|p1a: Espathra\n|-damage|p1a: Espathra|219/283\n|-heal|p2a: Gurdurr|283/283|[from] drain|[of] p1a: Espathra\n|\n|upkeep\n|turn|8\n|inactive|Az1anSensation2 has 120 seconds left.\n|\n|t:|1733782240\n|move|p1a: Espathra|Lumina Crash|p2a: Gurdurr\n|-supereffective|p2a: Gurdurr\n|-damage|p2a: Gurdurr|0 fnt\n|faint|p2a: Gurdurr\n|\n|-ability|p1a: Espathra|Speed Boost|boost\n|-boost|p1a: Espathra|spe|1\n|upkeep\n|\n|t:|1733782256\n|switch|p2a: Electivire|Electivire, L84, M|263/263\n|turn|9\n|\n|t:|1733782282\n|switch|p1a: Greedent|Greedent, L86, M|114/347\n|move|p2a: Electivire|Knock Off|p1a: Greedent\n|-damage|p1a: Greedent|41/347\n|\n|upkeep\n|turn|10\n|\n|t:|1733782288\n|move|p2a: Electivire|Knock Off|p1a: Greedent\n|-damage|p1a: Greedent|0 fnt\n|faint|p1a: Greedent\n|\n|upkeep\n|\n|t:|1733782302\n|switch|p1a: Tatsugiri|Tatsugiri-Droopy, L87, F|260/260\n|turn|11\n|inactive|Az1anSensation2 has 120 seconds left.\n|\n|t:|1733782324\n|move|p2a: Electivire|Knock Off|p1a: Tatsugiri\n|-damage|p1a: Tatsugiri|109/260\n|-enditem|p1a: Tatsugiri|Heavy-Duty Boots|[from] move: Knock Off|[of] p2a: Electivire\n|move|p1a: Tatsugiri|Draco Meteor|p2a: Electivire\n|-damage|p2a: Electivire|88/263\n|-unboost|p1a: Tatsugiri|spa|2\n|\n|upkeep\n|turn|12\n|\n|t:|1733782347\n|switch|p2a: Regirock|Regirock, L83|268/268\n|move|p1a: Tatsugiri|Rapid Spin|p2a: Regirock\n|-resisted|p2a: Regirock\n|-damage|p2a: Regirock|262/268\n|-boost|p1a: Tatsugiri|spe|1\n|\n|-heal|p2a: Regirock|268/268|[from] item: Leftovers\n|upkeep\n|turn|13\n|\n|t:|1733782365\n|move|p1a: Tatsugiri|Hydro Pump|p2a: Regirock\n|-supereffective|p2a: Regirock\n|-damage|p2a: Regirock|142/268\n|move|p2a: Regirock|Body Press|p1a: Tatsugiri\n|-damage|p1a: Tatsugiri|0 fnt\n|faint|p1a: Tatsugiri\n|\n|-heal|p2a: Regirock|158/268|[from] item: Leftovers\n|upkeep\n|\n|t:|1733782370\n|switch|p1a: Espathra|Espathra, L80, F|219/283\n|turn|14\n|\n|t:|1733782393\n|-terastallize|p1a: Espathra|Psychic\n|move|p1a: Espathra|Lumina Crash|p2a: Regirock\n|-damage|p2a: Regirock|10/268\n|move|p2a: Regirock|Stone Edge|p1a: Espathra\n|-damage|p1a: Espathra|71/283\n|\n|-heal|p2a: Regirock|26/268|[from] item: Leftovers\n|-ability|p1a: Espathra|Speed Boost|boost\n|-boost|p1a: Espathra|spe|1\n|upkeep\n|turn|15\n|\n|t:|1733782401\n|move|p1a: Espathra|Lumina Crash|p2a: Regirock\n|-damage|p2a: Regirock|0 fnt\n|faint|p2a: Regirock\n|\n|-ability|p1a: Espathra|Speed Boost|boost\n|-boost|p1a: Espathra|spe|1\n|upkeep\n|\n|t:|1733782415\n|switch|p2a: Salazzle|Salazzle, L83, F|249/249\n|turn|16\n|\n|t:|1733782425\n|-terastallize|p2a: Salazzle|Grass\n|move|p1a: Espathra|Lumina Crash|p2a: Salazzle\n|-damage|p2a: Salazzle|49/249\n|-unboost|p2a: Salazzle|spd|2\n|move|p2a: Salazzle|Sludge Wave|p1a: Espathra\n|-damage|p1a: Espathra|0 fnt\n|faint|p1a: Espathra\n|\n|upkeep\n|\n|t:|1733782432\n|switch|p1a: Froslass|Froslass, L87, F|263/263\n|turn|17\n|\n|t:|1733782439\n|move|p2a: Salazzle|Fire Blast|p1a: Froslass\n|-supereffective|p1a: Froslass\n|-damage|p1a: Froslass|0 fnt\n|faint|p1a: Froslass\n|\n|upkeep\n|\n|t:|1733782444\n|switch|p1a: Dewgong|Dewgong, L94, M|206/322\n|turn|18\n|inactive|Az1anSensation2 has 120 seconds left.\n|\n|t:|1733782460\n|move|p2a: Salazzle|Tera Blast|p1a: Dewgong|[anim] Tera Blast Grass\n|-supereffective|p1a: Dewgong\n|-damage|p1a: Dewgong|56/322\n|move|p1a: Dewgong|Triple Axel|p2a: Salazzle\n|-supereffective|p2a: Salazzle\n|-damage|p2a: Salazzle|0 fnt\n|faint|p2a: Salazzle\n|-hitcount|p2: Salazzle|1\n|\n|upkeep\n|\n|t:|1733782471\n|switch|p2a: Electivire|Electivire, L84, M|88/263\n|turn|19\n|\n|t:|1733782479\n|move|p2a: Electivire|Knock Off|p1a: Dewgong\n|-damage|p1a: Dewgong|0 fnt\n|faint|p1a: Dewgong\n|\n|upkeep\n|\n|t:|1733782482\n|switch|p1a: Cresselia|Cresselia, L80, F|323/323\n|turn|20\n|\n|t:|1733782485\n|move|p2a: Electivire|Knock Off|p1a: Cresselia\n|-supereffective|p1a: Cresselia\n|-damage|p1a: Cresselia|105/323\n|-enditem|p1a: Cresselia|Leftovers|[from] move: Knock Off|[of] p2a: Electivire\n|move|p1a: Cresselia|Moonlight|p1a: Cresselia\n|-heal|p1a: Cresselia|266/323\n|\n|upkeep\n|turn|21\n|\n|t:|1733782504\n|move|p2a: Electivire|Knock Off|p1a: Cresselia\n|-supereffective|p1a: Cresselia\n|-damage|p1a: Cresselia|114/323\n|move|p1a: Cresselia|Moonlight|p1a: Cresselia\n|-heal|p1a: Cresselia|275/323\n|\n|upkeep\n|turn|22\n|\n|t:|1733782509\n|move|p2a: Electivire|Knock Off|p1a: Cresselia\n|-supereffective|p1a: Cresselia\n|-damage|p1a: Cresselia|139/323\n|move|p1a: Cresselia|Moonlight|p1a: Cresselia\n|-heal|p1a: Cresselia|300/323\n|\n|upkeep\n|turn|23\n|\n|t:|1733782513\n|move|p2a: Electivire|Knock Off|p1a: Cresselia\n|-supereffective|p1a: Cresselia\n|-damage|p1a: Cresselia|148/323\n|move|p1a: Cresselia|Psyshock|p2a: Electivire\n|-damage|p2a: Electivire|6/263\n|\n|upkeep\n|turn|24\n|\n|t:|1733782519\n|move|p2a: Electivire|Knock Off|p1a: Cresselia\n|-supereffective|p1a: Cresselia\n|-damage|p1a: Cresselia|6/323\n|move|p1a: Cresselia|Moonlight|p1a: Cresselia\n|-heal|p1a: Cresselia|167/323\n|\n|upkeep\n|turn|25\n|\n|t:|1733782522\n|move|p2a: Electivire|Knock Off|p1a: Cresselia\n|-supereffective|p1a: Cresselia\n|-damage|p1a: Cresselia|25/323\n|move|p1a: Cresselia|Moonlight|p1a: Cresselia\n|-heal|p1a: Cresselia|186/323\n|\n|upkeep\n|turn|26\n|\n|t:|1733782525\n|move|p2a: Electivire|Knock Off|p1a: Cresselia\n|-supereffective|p1a: Cresselia\n|-damage|p1a: Cresselia|32/323\n|move|p1a: Cresselia|Moonlight|p1a: Cresselia\n|-heal|p1a: Cresselia|193/323\n|\n|upkeep\n|turn|27\n|\n|t:|1733782529\n|move|p2a: Electivire|Knock Off|p1a: Cresselia\n|-supereffective|p1a: Cresselia\n|-damage|p1a: Cresselia|55/323\n|move|p1a: Cresselia|Psyshock|p2a: Electivire\n|-damage|p2a: Electivire|0 fnt\n|faint|p2a: Electivire\n|\n|upkeep\n|\n|t:|1733782531\n|switch|p2a: Flamigo|Flamigo, L82, M|269/269\n|turn|28\n|\n|t:|1733782542\n|move|p2a: Flamigo|U-turn|p1a: Cresselia\n|-supereffective|p1a: Cresselia\n|-damage|p1a: Cresselia|0 fnt\n|faint|p1a: Cresselia\n|\n|win|Az1anSensation2\n|raw|Mmo00's rating: 2148 &rarr; <strong>2127</strong><br />(-21 for losing)\n|raw|Az1anSensation2's rating: 2131 &rarr; <strong>2152</strong><br />(+21 for winning)\n|l|\u2606Mmo00\n|player|p1|\n", "inputlog": ">version bfd83cad13791eb5a5a409923076391caf6fb4d4\n>start {\"formatid\":\"gen9randombattle\",\"seed\":[24490,35617,5670,52256],\"rated\":\"Rated battle\"}\n>player p1 {\"name\":\"Mmo00\",\"avatar\":\"266\",\"rating\":2148,\"seed\":[23489,25895,14698,9117]}\n>player p2 {\"name\":\"Az1anSensation2\",\"avatar\":\"2\",\"rating\":2131,\"seed\":[24104,7399,24507,52219]}\n>p1 switch 2\n>p2 move knockoff\n>p1 move encore\n>p2 move drainpunch\n>p1 move surf\n>p2 switch 4\n>p1 switch 2\n>p2 move bravebird\n>p1 move doubleedge\n>p2 move bravebird\n>p2 switch 4\n>p1 move knockoff\n>p2 move drainpunch\n>p1 switch 4\n>p2 move drainpunch\n>p1 move luminacrash\n>p2 move knockoff\n>p2 switch 6\n>p1 switch 4\n>p2 move knockoff\n>p1 move knockoff\n>p2 move knockoff\n>p1 switch 6\n>p1 move dracometeor\n>p2 move knockoff\n>p1 move rapidspin\n>p2 switch 5\n>p1 move hydropump\n>p2 move bodypress\n>p1 switch 4\n>p1 move luminacrash terastallize\n>p2 move stoneedge\n>p1 move luminacrash\n>p2 move stoneedge\n>p2 switch 3\n>p1 move luminacrash\n>p2 move sludgewave terastallize\n>p1 switch 5\n>p1 move tripleaxel\n>p2 move fireblast\n>p1 switch 2\n>p1 move tripleaxel\n>p2 move terablast\n>p2 switch 5\n>p1 move surf\n>p2 move knockoff\n>p1 switch 3\n>p1 move moonlight\n>p2 move knockoff\n>p1 move moonlight\n>p2 move knockoff\n>p1 move moonlight\n>p2 move knockoff\n>p1 move psyshock\n>p2 move knockoff\n>p1 move moonlight\n>p2 move knockoff\n>p1 move moonlight\n>p2 move knockoff\n>p1 move moonlight\n>p2 move knockoff\n>p1 move psyshock\n>p2 move knockoff\n>p2 switch 2\n>p1 move moonlight\n>p2 move uturn", "uploadtime": 1733782545, "views": 3, "formatid": "gen9randombattle", "rating": 2127, "private": 0, "password": null}