{"id": "gen9randombattle-2222563750", "format": "[Gen 9] Random Battle", "players": ["strange journey", "vaxisii"], "log": "|badge|p2|bronze|gen9randombattle|100-3\n|uhtml|medal-msg|<div class=\"broadcast-blue\">Curious what those medals under the avatar are? PS now has Ladder Seasons! For more information, check out the <a href=\"https://www.smogon.com/forums/threads/3740067/\">thread on Smogon.</a></div>\n|j|\u2606strange journey\n|j|\u2606vaxisii\n|t:|1728898126\n|gametype|singles\n|player|p1|strange journey|unknown|2191\n|player|p2|vaxisii|pokekid|2299\n|teamsize|p1|6\n|teamsize|p2|6\n|gen|9\n|tier|[Gen 9] Random Battle\n|rated|\n|rule|Species Clause: Limit one of each Pok\u00e9mon\n|rule|HP Percentage Mod: HP is shown in percentages\n|rule|Sleep Clause Mod: Limit one foe put to sleep\n|rule|Illusion Level Mod: Illusion disguises the Pok\u00e9mon's true level\n|\n|t:|1728898126\n|start\n|switch|p1a: Sudowoodo|Sudowoodo, L94, F|284/284\n|switch|p2a: Delphox|Delphox, L84, F|263/263\n|turn|1\n|inactive|Battle timer is ON: inactive players will automatically lose when time's up. (requested by strange journey)\n|\n|t:|1728898169\n|switch|p2a: Qwilfish|Qwilfish, L86, M|252/252\n|-ability|p2a: Qwilfish|Intimidate|boost\n|-unboost|p1a: Sudowoodo|atk|1\n|move|p1a: Sudowoodo|Stealth Rock|p2a: Qwilfish\n|-sidestart|p2: vaxisii|move: Stealth Rock\n|\n|upkeep\n|turn|2\n|\n|t:|1728898181\n|switch|p1a: Eternatus|Eternatus, L69|308/308\n|-ability|p1a: Eternatus|Pressure\n|move|p2a: Qwilfish|Toxic|p1a: Eternatus\n|-immune|p1a: Eternatus\n|\n|upkeep\n|turn|3\n|\n|t:|1728898186\n|move|p1a: Eternatus|Dynamax Cannon|p2a: Qwilfish\n|-damage|p2a: Qwilfish|128/252\n|move|p2a: Qwilfish|Pain Split|p1a: Eternatus\n|-sethp|p1a: Eternatus|218/308|[from] move: Pain Split|[silent]\n|-sethp|p2a: Qwilfish|218/252|[from] move: Pain Split\n|\n|-heal|p1a: Eternatus|237/308|[from] item: Leftovers\n|upkeep\n|turn|4\n|\n|t:|1728898200\n|move|p1a: Eternatus|Dynamax Cannon|p2a: Qwilfish\n|-damage|p2a: Qwilfish|71/252\n|move|p2a: Qwilfish|Flip Turn|p1a: Eternatus\n|-resisted|p1a: Eternatus\n|-damage|p1a: Eternatus|203/308\n|\n|t:|1728898204\n|switch|p2a: Delphox|Delphox, L84, F|263/263|[from] Flip Turn\n|-damage|p2a: Delphox|198/263|[from] Stealth Rock\n|\n|-heal|p1a: Eternatus|222/308|[from] item: Leftovers\n|upkeep\n|turn|5\n|\n|t:|1728898210\n|switch|p1a: Mudsdale|Mudsdale, L84, F|305/305\n|move|p2a: Delphox|Psyshock|p1a: Mudsdale\n|-damage|p1a: Mudsdale|215/305\n|-ability|p1a: Mudsdale|Stamina|boost\n|-boost|p1a: Mudsdale|def|1\n|\n|upkeep\n|turn|6\n|\n|t:|1728898217\n|switch|p2a: Basculegion|Basculegion, L81, M|327/327\n|-damage|p2a: Basculegion|287/327|[from] Stealth Rock\n|move|p1a: Mudsdale|Earthquake|p2a: Basculegion\n|-damage|p2a: Basculegion|31/327\n|\n|upkeep\n|turn|7\n|\n|t:|1728898226\n|switch|p1a: Greninja|Greninja, L80, M|246/246\n|move|p2a: Basculegion|Shadow Ball|p1a: Greninja\n|-resisted|p1a: Greninja\n|-damage|p1a: Greninja|192/246\n|-unboost|p1a: Greninja|spd|1\n|\n|upkeep\n|turn|8\n|\n|t:|1728898232\n|move|p2a: Basculegion|Aqua Jet|p1a: Greninja\n|-resisted|p1a: Greninja\n|-damage|p1a: Greninja|155/246\n|move|p1a: Greninja|Dark Pulse|p2a: Basculegion\n|-supereffective|p2a: Basculegion\n|-damage|p2a: Basculegion|0 fnt\n|faint|p2a: Basculegion\n|-ability|p1a: Greninja|Battle Bond|boost\n|-boost|p1a: Greninja|atk|1\n|-boost|p1a: Greninja|spa|1\n|-boost|p1a: Greninja|spe|1\n|-activate|p1a: Greninja|ability: Battle Bond\n|-damage|p1a: Greninja|131/246|[from] item: Life Orb\n|\n|upkeep\n|\n|t:|1728898246\n|switch|p2a: Dunsparce|Dunsparce, L86, F|312/312\n|-damage|p2a: Dunsparce|273/312|[from] Stealth Rock\n|turn|9\n|\n|t:|1728898253\n|move|p1a: Greninja|Hydro Pump|p2a: Dunsparce\n|-crit|p2a: Dunsparce\n|-damage|p2a: Dunsparce|0 fnt\n|faint|p2a: Dunsparce\n|-damage|p1a: Greninja|107/246|[from] item: Life Orb\n|\n|upkeep\n|-message|vaxisii forfeited.\n|\n|win|strange journey\n|raw|strange journey's rating: 2191 &rarr; <strong>2217</strong><br />(+26 for winning)\n|raw|vaxisii's rating: 2299 &rarr; <strong>2273</strong><br />(-26 for losing)\n|l|\u2606vaxisii\n|player|p2|\n", "inputlog": ">version 24b5ea12b3dbe77b1f0aa07975a48e3bd4b94ca5\n>start {\"formatid\":\"gen9randombattle\",\"seed\":[3492,21380,44288,8727],\"rated\":\"Rated battle\"}\n>player p1 {\"name\":\"strange journey\",\"avatar\":\"unknown\",\"rating\":2191,\"seed\":[22198,46006,64324,9255]}\n>player p2 {\"name\":\"vaxisii\",\"avatar\":\"pokekid\",\"rating\":2299,\"seed\":[33104,64520,48622,30538]}\n>p1 move stealthrock\n>p2 switch 2\n>p1 switch 2\n>p2 move toxic\n>p1 move dynamaxcannon\n>p2 move painsplit\n>p1 move dynamaxcannon\n>p2 move flipturn\n>p2 switch 2\n>p1 switch 5\n>p2 move psyshock\n>p1 move earthquake\n>p2 switch 3\n>p1 switch 4\n>p2 move shadowball\n>p1 move darkpulse\n>p2 move aquajet\n>p2 switch 5\n>p1 move hydropump\n>p2 move bodyslam\n>forcelose p2", "uploadtime": 1728898270, "views": 60, "formatid": "gen9randombattle", "rating": 2217, "private": 0, "password": null}