{"id": "gen9randombattle-2260479628", "format": "[Gen 9] Random Battle", "players": ["Tropiyuh", "junvvee"], "log": "|j|\u2606Tropiyuh\n|j|\u2606junvvee\n|t:|1733855626\n|gametype|singles\n|player|p1|Tropiyuh|scientist|1069\n|player|p2|junvvee|proton|1077\n|teamsize|p1|6\n|teamsize|p2|6\n|gen|9\n|tier|[Gen 9] Random Battle\n|rated|\n|rule|Species Clause: Limit one of each Pok\u00e9mon\n|rule|HP Percentage Mod: HP is shown in percentages\n|rule|Sleep Clause Mod: Limit one foe put to sleep\n|rule|Illusion Level Mod: Illusion disguises the Pok\u00e9mon's true level\n|\n|t:|1733855626\n|start\n|switch|p1a: Mewtwo|Mewtwo, L72|272/272\n|switch|p2a: Arceus|Arceus-Ground, L70|284/284\n|-ability|p1a: Mewtwo|Unnerve\n|turn|1\n|inactive|Battle timer is ON: inactive players will automatically lose when time's up. (requested by Tropiyuh)\n|\n|t:|1733855656\n|move|p1a: Mewtwo|Psystrike|p2a: Arceus\n|-damage|p2a: Arceus|148/284\n|-damage|p1a: Mewtwo|245/272|[from] item: Life Orb\n|move|p2a: Arceus|Swords Dance|p2a: Arceus\n|-boost|p2a: Arceus|atk|2\n|\n|upkeep\n|turn|2\n|\n|t:|1733855666\n|move|p2a: Arceus|Extreme Speed|p1a: Mewtwo\n|-damage|p1a: Mewtwo|137/272\n|move|p1a: Mewtwo|Psystrike|p2a: Arceus\n|-damage|p2a: Arceus|4/284\n|-damage|p1a: Mewtwo|110/272|[from] item: Life Orb\n|\n|upkeep\n|turn|3\n|\n|t:|1733855675\n|move|p2a: Arceus|Extreme Speed|p1a: Mewtwo\n|-damage|p1a: Mewtwo|5/272\n|move|p1a: Mewtwo|Recover|p1a: Mewtwo\n|-heal|p1a: Mewtwo|141/272\n|\n|upkeep\n|turn|4\n|\n|t:|1733855683\n|move|p2a: Arceus|Extreme Speed|p1a: Mewtwo\n|-damage|p1a: Mewtwo|23/272\n|move|p1a: Mewtwo|Recover|p1a: Mewtwo\n|-heal|p1a: Mewtwo|159/272\n|\n|upkeep\n|turn|5\n|\n|t:|1733855690\n|move|p2a: Arceus|Extreme Speed|p1a: Mewtwo\n|-damage|p1a: Mewtwo|49/272\n|move|p1a: Mewtwo|Psystrike|p2a: Arceus\n|-crit|p2a: Arceus\n|-damage|p2a: Arceus|0 fnt\n|faint|p2a: Arceus\n|-damage|p1a: Mewtwo|22/272|[from] item: Life Orb\n|\n|upkeep\n|\n|t:|1733855701\n|switch|p2a: Pyroar|Pyroar, L88, M|295/295\n|-ability|p2a: Pyroar|Unnerve\n|turn|6\n|\n|t:|1733855710\n|move|p2a: Pyroar|Hyper Voice|p1a: Mewtwo\n|-damage|p1a: Mewtwo|0 fnt\n|faint|p1a: Mewtwo\n|\n|upkeep\n|\n|t:|1733855719\n|switch|p1a: Koraidon|Koraidon, L64|235/235\n|-weather|SunnyDay|[from] ability: Orichalcum Pulse|[of] p1a: Koraidon\n|-activate|p1a: Koraidon|Orichalcum Pulse|[source]\n|turn|7\n|\n|t:|1733855744\n|move|p2a: Pyroar|Fire Blast|p1a: Koraidon\n|-resisted|p1a: Koraidon\n|-damage|p1a: Koraidon|102/235\n|move|p1a: Koraidon|Close Combat|p2a: Pyroar\n|-supereffective|p2a: Pyroar\n|-damage|p2a: Pyroar|0 fnt\n|-unboost|p1a: Koraidon|def|1\n|-unboost|p1a: Koraidon|spd|1\n|faint|p2a: Pyroar\n|\n|-weather|SunnyDay|[upkeep]\n|upkeep\n|inactive|junvvee has 120 seconds left.\n|\n|t:|1733855759\n|switch|p2a: Tauros|Tauros-Paldea-Combat, L82, M|257/257\n|-ability|p2a: Tauros|Intimidate|boost\n|-unboost|p1a: Koraidon|atk|1\n|turn|8\n|\n|t:|1733855775\n|switch|p1a: Regidrago|Regidrago, L77|435/435\n|move|p2a: Tauros|Throat Chop|p1a: Regidrago\n|-damage|p1a: Regidrago|285/435\n|-start|p1a: Regidrago|Throat Chop|[silent]\n|\n|-weather|SunnyDay|[upkeep]\n|upkeep\n|turn|9\n|\n|t:|1733855789\n|switch|p2a: Arbok|Arbok, L87, F|246/246\n|-ability|p2a: Arbok|Intimidate|boost\n|-unboost|p1a: Regidrago|atk|1\n|move|p1a: Regidrago|Dragon Dance|p1a: Regidrago\n|-boost|p1a: Regidrago|atk|1\n|-boost|p1a: Regidrago|spe|1\n|\n|-weather|SunnyDay|[upkeep]\n|-end|p1a: Regidrago|Throat Chop|[silent]\n|upkeep\n|turn|10\n|inactive|junvvee has 120 seconds left.\n|\n|t:|1733855810\n|-terastallize|p1a: Regidrago|Steel\n|move|p1a: Regidrago|Dragon Dance|p1a: Regidrago\n|-boost|p1a: Regidrago|atk|1\n|-boost|p1a: Regidrago|spe|1\n|move|p2a: Arbok|Gunk Shot|p1a: Regidrago\n|-immune|p1a: Regidrago\n|\n|-weather|SunnyDay|[upkeep]\n|upkeep\n|turn|11\n|inactive|junvvee has 120 seconds left.\n|\n|t:|1733855825\n|move|p1a: Regidrago|Dragon Claw|p2a: Arbok\n|-damage|p2a: Arbok|11/246\n|-damage|p1a: Regidrago|242/435|[from] item: Life Orb\n|move|p2a: Arbok|Earthquake|p1a: Regidrago\n|-supereffective|p1a: Regidrago\n|-damage|p1a: Regidrago|0 fnt\n|faint|p1a: Regidrago\n|-damage|p2a: Arbok|0 fnt|[from] item: Life Orb\n|faint|p2a: Arbok\n|\n|-weather|none\n|upkeep\n|inactive|junvvee has 120 seconds left.\n|\n|t:|1733855841\n|switch|p2a: Tauros|Tauros-Paldea-Combat, L82, M|257/257\n|switch|p1a: Perrserker|Perrserker, L89, M|269/269\n|-ability|p2a: Tauros|Intimidate|boost\n|-unboost|p1a: Perrserker|atk|1\n|turn|12\n|inactive|junvvee has 120 seconds left.\n|\n|t:|1733855856\n|switch|p1a: Iron Moth|Iron Moth, L78|253/253\n|move|p2a: Tauros|Close Combat|p1a: Iron Moth\n|-resisted|p1a: Iron Moth\n|-damage|p1a: Iron Moth|110/253\n|-unboost|p2a: Tauros|def|1\n|-unboost|p2a: Tauros|spd|1\n|\n|upkeep\n|turn|13\n|\n|t:|1733855872\n|move|p1a: Iron Moth|Fire Blast|p2a: Tauros\n|-damage|p2a: Tauros|4/257\n|move|p2a: Tauros|Close Combat|p1a: Iron Moth\n|-resisted|p1a: Iron Moth\n|-damage|p1a: Iron Moth|0 fnt\n|-unboost|p2a: Tauros|def|1\n|-unboost|p2a: Tauros|spd|1\n|faint|p1a: Iron Moth\n|-end|p1a: Iron Moth|Quark Drive|[silent]\n|\n|upkeep\n|inactive|Tropiyuh has 120 seconds left.\n|\n|t:|1733855888\n|switch|p1a: Koraidon|Koraidon, L64|102/235\n|-weather|SunnyDay|[from] ability: Orichalcum Pulse|[of] p1a: Koraidon\n|-activate|p1a: Koraidon|Orichalcum Pulse|[source]\n|turn|14\n|\n|t:|1733855897\n|move|p1a: Koraidon|U-turn|p2a: Tauros\n|-resisted|p2a: Tauros\n|-damage|p2a: Tauros|0 fnt\n|faint|p2a: Tauros\n|\n|t:|1733855902\n|switch|p1a: Perrserker|Perrserker, L89, M|269/269|[from] U-turn\n|\n|-weather|SunnyDay|[upkeep]\n|upkeep\n|inactive|junvvee has 120 seconds left.\n|\n|t:|1733855909\n|switch|p2a: Mamoswine|Mamoswine, L81, F|311/311\n|turn|15\n|\n|t:|1733855918\n|-terastallize|p2a: Mamoswine|Ground\n|move|p2a: Mamoswine|Earthquake|p1a: Perrserker\n|-supereffective|p1a: Perrserker\n|-damage|p1a: Perrserker|0 fnt\n|faint|p1a: Perrserker\n|\n|-weather|SunnyDay|[upkeep]\n|upkeep\n|\n|t:|1733855929\n|switch|p1a: Forretress|Forretress, L84, F|263/263\n|turn|16\n|\n|t:|1733855937\n|switch|p2a: Azumarill|Azumarill, L82, M|298/298\n|move|p1a: Forretress|Body Press|p2a: Azumarill\n|-resisted|p2a: Azumarill\n|-damage|p2a: Azumarill|259/298\n|\n|-weather|SunnyDay|[upkeep]\n|upkeep\n|turn|17\n|\n|t:|1733855959\n|move|p2a: Azumarill|Belly Drum|p2a: Azumarill\n|-damage|p2a: Azumarill|110/298\n|-setboost|p2a: Azumarill|atk|6|[from] move: Belly Drum\n|-enditem|p2a: Azumarill|Sitrus Berry|[eat]\n|-heal|p2a: Azumarill|184/298|[from] item: Sitrus Berry\n|move|p1a: Forretress|Rapid Spin|p2a: Azumarill\n|-damage|p2a: Azumarill|147/298\n|-boost|p1a: Forretress|spe|1\n|\n|-weather|SunnyDay|[upkeep]\n|upkeep\n|turn|18\n|\n|t:|1733855971\n|move|p1a: Forretress|Iron Head|p2a: Azumarill\n|-damage|p2a: Azumarill|57/298\n|move|p2a: Azumarill|Liquidation|p1a: Forretress\n|-damage|p1a: Forretress|112/263\n|-unboost|p1a: Forretress|def|1\n|\n|-weather|none\n|-heal|p1a: Forretress|128/263|[from] item: Leftovers\n|upkeep\n|turn|19\n|\n|t:|1733855979\n|move|p2a: Azumarill|Aqua Jet|p1a: Forretress\n|-damage|p1a: Forretress|0 fnt\n|faint|p1a: Forretress\n|\n|upkeep\n|\n|t:|1733855983\n|switch|p1a: Koraidon|Koraidon, L64|102/235\n|-weather|SunnyDay|[from] ability: Orichalcum Pulse|[of] p1a: Koraidon\n|-activate|p1a: Koraidon|Orichalcum Pulse|[source]\n|turn|20\n|\n|t:|1733855994\n|move|p1a: Koraidon|Close Combat|p2a: Azumarill\n|-resisted|p2a: Azumarill\n|-damage|p2a: Azumarill|0 fnt\n|-unboost|p1a: Koraidon|def|1\n|-unboost|p1a: Koraidon|spd|1\n|faint|p2a: Azumarill\n|\n|-weather|SunnyDay|[upkeep]\n|upkeep\n|\n|t:|1733856003\n|switch|p2a: Mamoswine|Mamoswine, L81, F, tera:Ground|311/311\n|turn|21\n|\n|t:|1733856018\n|move|p1a: Koraidon|Close Combat|p2a: Mamoswine\n|-damage|p2a: Mamoswine|98/311\n|-unboost|p1a: Koraidon|def|1\n|-unboost|p1a: Koraidon|spd|1\n|move|p2a: Mamoswine|Earthquake|p1a: Koraidon\n|-damage|p1a: Koraidon|0 fnt\n|faint|p1a: Koraidon\n|\n|win|junvvee\n|raw|Tropiyuh's rating: 1069 &rarr; <strong>1049</strong><br />(-20 for losing)\n|raw|junvvee's rating: 1077 &rarr; <strong>1105</strong><br />(+28 for winning)\n|c|\u2606junvvee|gg\n", "inputlog": ">version bfd83cad13791eb5a5a409923076391caf6fb4d4\n>start {\"formatid\":\"gen9randombattle\",\"seed\":[37179,20747,10127,13498],\"rated\":\"Rated battle\"}\n>player p1 {\"name\":\"Tropiyuh\",\"avatar\":\"scientist\",\"rating\":1069,\"seed\":[48952,23204,15427,62843]}\n>player p2 {\"name\":\"junvvee\",\"avatar\":\"proton\",\"rating\":1077,\"seed\":[19120,41467,29685,2663]}\n>p1 move psystrike\n>p2 move swordsdance\n>p1 move psystrike\n>p2 move extremespeed\n>p1 move recover\n>p2 move extremespeed\n>p1 move recover\n>p2 move extremespeed\n>p1 move psystrike\n>p2 move extremespeed\n>p2 switch 4\n>p1 move recover\n>p2 move hypervoice\n>p1 switch 5\n>p1 move closecombat\n>p2 move fireblast\n>p2 switch 5\n>p1 switch 4\n>p2 move throatchop\n>p1 move dragondance\n>p2 switch 2\n>p1 move dragondance terastallize\n>p2 move gunkshot\n>p1 move dragonclaw\n>p2 move earthquake\n>p1 switch 2\n>p2 switch 2\n>p1 switch 3\n>p2 move closecombat\n>p1 move fireblast\n>p2 move closecombat\n>p1 switch 4\n>p1 move uturn\n>p2 move closecombat\n>p1 switch 3\n>p2 switch 3\n>p1 move ironhead\n>p2 move earthquake terastallize\n>p1 switch 6\n>p1 move bodypress\n>p2 switch 6\n>p1 move rapidspin\n>p2 move bellydrum\n>p1 move ironhead\n>p2 move liquidation\n>p1 move ironhead\n>p2 move aquajet\n>p1 switch 3\n>p1 move closecombat\n>p2 move playrough\n>p2 switch 6\n>p1 move closecombat\n>p2 move earthquake", "uploadtime": 1733856029, "views": 10, "formatid": "gen9randombattle", "rating": 1049, "private": 0, "password": null}