{"id": "gen9randombattle-2260815926", "format": "[Gen 9] Random Battle", "players": ["DJDQ\u840c\u65b0", "MochcanL"], "log": "|j|\u2606DJDQ\u840c\u65b0\n|j|\u2606MochcanL\n|t:|1733897140\n|gametype|singles\n|player|p1|DJDQ\u840c\u65b0|marley|2097\n|player|p2|MochcanL|furisodegirl-black|2015\n|teamsize|p1|6\n|teamsize|p2|6\n|gen|9\n|tier|[Gen 9] Random Battle\n|rated|\n|rule|Species Clause: Limit one of each Pok\u00e9mon\n|rule|HP Percentage Mod: HP is shown in percentages\n|rule|Sleep Clause Mod: Limit one foe put to sleep\n|rule|Illusion Level Mod: Illusion disguises the Pok\u00e9mon's true level\n|\n|t:|1733897140\n|start\n|switch|p1a: Eelektross|Eelektross, L87, M|290/290\n|switch|p2a: Meowstic|Meowstic, L89, M|277/277\n|turn|1\n|inactive|Battle timer is ON: inactive players will automatically lose when time's up. (requested by MochcanL)\n|\n|t:|1733897164\n|move|p2a: Meowstic|Reflect|p2a: Meowstic\n|-sidestart|p2: MochcanL|Reflect\n|move|p1a: Eelektross|Dragon Tail|p2a: Meowstic\n|-damage|p2a: Meowstic|251/277\n|drag|p2a: Victreebel|Victreebel, L90, F|290/290\n|\n|upkeep\n|turn|2\n|\n|t:|1733897173\n|move|p2a: Victreebel|Power Whip|p1a: Eelektross\n|-damage|p1a: Eelektross|94/290\n|-damage|p2a: Victreebel|261/290|[from] item: Life Orb\n|move|p1a: Eelektross|Dragon Tail|p2a: Victreebel\n|-damage|p2a: Victreebel|230/290\n|drag|p2a: Heracross|Heracross, L80, F|259/259\n|\n|upkeep\n|turn|3\n|\n|t:|1733897188\n|move|p2a: Heracross|Knock Off|p1a: Eelektross\n|-damage|p1a: Eelektross|0 fnt\n|-enditem|p1a: Eelektross|Assault Vest|[from] move: Knock Off|[of] p2a: Heracross\n|faint|p1a: Eelektross\n|-ability|p2a: Heracross|Moxie|boost\n|-boost|p2a: Heracross|atk|1\n|\n|upkeep\n|\n|t:|1733897192\n|switch|p1a: Meowscarada|Meowscarada, L78, M|247/247\n|turn|4\n|\n|t:|1733897203\n|move|p1a: Meowscarada|Knock Off|p2a: Heracross\n|-start|p1a: Meowscarada|typechange|Dark|[from] ability: Protean\n|-resisted|p2a: Heracross\n|-damage|p2a: Heracross|218/259\n|-enditem|p2a: Heracross|Choice Band|[from] move: Knock Off|[of] p1a: Meowscarada\n|-damage|p1a: Meowscarada|223/247|[from] item: Life Orb\n|move|p2a: Heracross|Knock Off|p1a: Meowscarada\n|-resisted|p1a: Meowscarada\n|-damage|p1a: Meowscarada|144/247\n|-enditem|p1a: Meowscarada|Life Orb|[from] move: Knock Off|[of] p2a: Heracross\n|\n|upkeep\n|turn|5\n|\n|t:|1733897215\n|move|p1a: Meowscarada|Toxic Spikes|p2a: Heracross\n|-sidestart|p2: MochcanL|move: Toxic Spikes\n|move|p2a: Heracross|Megahorn|p1a: Meowscarada\n|-supereffective|p1a: Meowscarada\n|-damage|p1a: Meowscarada|0 fnt\n|faint|p1a: Meowscarada\n|-ability|p2a: Heracross|Moxie|boost\n|-boost|p2a: Heracross|atk|1\n|\n|upkeep\n|\n|t:|1733897220\n|switch|p1a: Magcargo|Magcargo, L95, M|268/268\n|turn|6\n|\n|t:|1733897227\n|-terastallize|p1a: Magcargo|Dragon\n|move|p2a: Heracross|Close Combat|p1a: Magcargo\n|-damage|p1a: Magcargo|75/268\n|-unboost|p2a: Heracross|def|1\n|-unboost|p2a: Heracross|spd|1\n|-ability|p1a: Magcargo|Weak Armor|boost\n|-unboost|p1a: Magcargo|def|1\n|-boost|p1a: Magcargo|spe|2\n|move|p1a: Magcargo|Shell Smash|p1a: Magcargo\n|-unboost|p1a: Magcargo|def|1\n|-unboost|p1a: Magcargo|spd|1\n|-boost|p1a: Magcargo|atk|2\n|-boost|p1a: Magcargo|spa|2\n|-boost|p1a: Magcargo|spe|2\n|\n|upkeep\n|turn|7\n|\n|t:|1733897240\n|move|p1a: Magcargo|Power Gem|p2a: Heracross\n|-damage|p2a: Heracross|0 fnt\n|faint|p2a: Heracross\n|\n|upkeep\n|\n|t:|1733897253\n|switch|p2a: Carbink|Carbink, L90|236/236\n|-status|p2a: Carbink|psn\n|turn|8\n|\n|t:|1733897257\n|move|p1a: Magcargo|Earth Power|p2a: Carbink\n|-supereffective|p2a: Carbink\n|-damage|p2a: Carbink|38/236 psn\n|-unboost|p2a: Carbink|spd|1\n|move|p2a: Carbink|Moonblast|p1a: Magcargo\n|-supereffective|p1a: Magcargo\n|-damage|p1a: Magcargo|0 fnt\n|faint|p1a: Magcargo\n|\n|-heal|p2a: Carbink|52/236 psn|[from] item: Leftovers\n|-damage|p2a: Carbink|23/236 psn|[from] psn\n|-sideend|p2: MochcanL|Reflect\n|upkeep\n|\n|t:|1733897262\n|switch|p1a: Quaquaval|Quaquaval, L79, F|264/264\n|turn|9\n|\n|t:|1733897277\n|move|p1a: Quaquaval|Aqua Step|p2a: Carbink\n|-supereffective|p2a: Carbink\n|-damage|p2a: Carbink|0 fnt\n|-boost|p1a: Quaquaval|spe|1\n|faint|p2a: Carbink\n|-ability|p1a: Quaquaval|Moxie|boost\n|-boost|p1a: Quaquaval|atk|1\n|\n|upkeep\n|\n|t:|1733897285\n|switch|p2a: Meowstic|Meowstic, L89, M|251/277\n|-status|p2a: Meowstic|psn\n|turn|10\n|\n|t:|1733897289\n|move|p2a: Meowstic|Thunder Wave|p1a: Quaquaval\n|-status|p1a: Quaquaval|par\n|move|p1a: Quaquaval|Aqua Step|p2a: Meowstic\n|-damage|p2a: Meowstic|32/277 psn\n|-boost|p1a: Quaquaval|spe|1\n|\n|-damage|p2a: Meowstic|0 fnt|[from] psn\n|faint|p2a: Meowstic\n|upkeep\n|\n|t:|1733897299\n|switch|p2a: Victreebel|Victreebel, L90, F|230/290\n|-sideend|p2: MochcanL|move: Toxic Spikes|[of] p2a: Victreebel\n|turn|11\n|\n|t:|1733897305\n|move|p1a: Quaquaval|Aqua Step|p2a: Victreebel\n|-resisted|p2a: Victreebel\n|-damage|p2a: Victreebel|105/290\n|-boost|p1a: Quaquaval|spe|1\n|move|p2a: Victreebel|Power Whip|p1a: Quaquaval\n|-supereffective|p1a: Quaquaval\n|-damage|p1a: Quaquaval|0 fnt\n|faint|p1a: Quaquaval\n|-damage|p2a: Victreebel|76/290|[from] item: Life Orb\n|\n|upkeep\n|\n|t:|1733897309\n|switch|p1a: Grafaiai|Grafaiai, L86, F|249/249\n|turn|12\n|\n|t:|1733897313\n|move|p2a: Victreebel|Sucker Punch|p1a: Grafaiai\n|-damage|p1a: Grafaiai|154/249\n|-damage|p2a: Victreebel|47/290|[from] item: Life Orb\n|move|p1a: Grafaiai|Knock Off|p2a: Victreebel\n|-damage|p2a: Victreebel|0 fnt\n|-enditem|p2a: Victreebel|Life Orb|[from] move: Knock Off|[of] p1a: Grafaiai\n|faint|p2a: Victreebel\n|-damage|p1a: Grafaiai|130/249|[from] item: Life Orb\n|\n|upkeep\n|\n|t:|1733897319\n|switch|p2a: Moltres|Moltres, L81|278/278\n|turn|13\n|\n|t:|1733897328\n|move|p1a: Grafaiai|Gunk Shot|p2a: Moltres\n|-damage|p2a: Moltres|97/278\n|-damage|p1a: Grafaiai|106/249|[from] item: Life Orb\n|move|p2a: Moltres|Brave Bird|p1a: Grafaiai\n|-damage|p1a: Grafaiai|0 fnt\n|faint|p1a: Grafaiai\n|-damage|p2a: Moltres|62/278|[from] Recoil\n|\n|upkeep\n|\n|t:|1733897331\n|switch|p1a: Weavile|Weavile, L79, F|240/240\n|turn|14\n|\n|t:|1733897341\n|move|p1a: Weavile|Knock Off|p2a: Moltres\n|-damage|p2a: Moltres|0 fnt\n|-enditem|p2a: Moltres|Heavy-Duty Boots|[from] move: Knock Off|[of] p1a: Weavile\n|faint|p2a: Moltres\n|\n|upkeep\n|\n|t:|1733897343\n|switch|p2a: Roaring Moon|Roaring Moon, L72|270/270\n|turn|15\n|\n|t:|1733897348\n|-terastallize|p2a: Roaring Moon|Steel\n|move|p1a: Weavile|Low Kick|p2a: Roaring Moon\n|-supereffective|p2a: Roaring Moon\n|-damage|p2a: Roaring Moon|22/270\n|move|p2a: Roaring Moon|Iron Head|p1a: Weavile\n|-supereffective|p1a: Weavile\n|-damage|p1a: Weavile|0 fnt\n|faint|p1a: Weavile\n|\n|win|MochcanL\n|raw|DJDQ\u840c\u65b0's rating: 2097 &rarr; <strong>2072</strong><br />(-25 for losing)\n|raw|MochcanL's rating: 2015 &rarr; <strong>2040</strong><br />(+25 for winning)\n", "inputlog": ">version bfd83cad13791eb5a5a409923076391caf6fb4d4\n>start {\"formatid\":\"gen9randombattle\",\"seed\":[42938,53266,61768,32782],\"rated\":\"Rated battle\"}\n>player p1 {\"name\":\"DJDQ\u840c\u65b0\",\"avatar\":\"marley\",\"rating\":2097,\"seed\":[30122,29714,36796,19791]}\n>player p2 {\"name\":\"MochcanL\",\"avatar\":\"furisodegirl-black\",\"rating\":2015,\"seed\":[6510,40327,3065,48664]}\n>p1 move dragontail\n>p2 move reflect\n>p1 move dragontail\n>p2 move powerwhip\n>p1 move discharge\n>p2 move knockoff\n>p1 switch 2\n>p1 move knockoff\n>p2 move knockoff\n>p1 move toxicspikes\n>p2 move megahorn\n>p1 switch 4\n>p1 move shellsmash terastallize\n>p2 move closecombat\n>p1 move powergem\n>p2 move knockoff\n>p2 switch 4\n>p1 move earthpower\n>p2 move moonblast\n>p1 switch 3\n>p1 move aquastep\n>p2 move moonblast\n>p2 switch 6\n>p1 move aquastep\n>p2 move thunderwave\n>p2 switch 3\n>p1 move aquastep\n>p2 move powerwhip\n>p1 switch 5\n>p1 move knockoff\n>p2 move suckerpunch\n>p2 switch 5\n>p1 move gunkshot\n>p2 move bravebird\n>p1 switch 6\n>p1 move knockoff\n>p2 move willowisp\n>p2 switch 2\n>p1 move lowkick\n>p2 move ironhead terastallize", "uploadtime": 1733897350, "views": 2, "formatid": "gen9randombattle", "rating": 2040, "private": 0, "password": null}