{"id": "gen9randombattle-2260864656", "format": "[Gen 9] Random Battle", "players": ["Plz Don't 6-0 Me", "Jauhn Sheena"], "log": "|j|\u2606Plz Don't 6-0 Me\n|j|\u2606Jauhn Sheena\n|t:|1733906808\n|gametype|singles\n|player|p1|Plz Don't 6-0 Me|colress|\n|player|p2|Jauhn Sheena|roxanne|\n|teamsize|p1|6\n|teamsize|p2|6\n|gen|9\n|tier|[Gen 9] Random Battle\n|rule|Species Clause: Limit one of each Pok\u00e9mon\n|rule|HP Percentage Mod: HP is shown in percentages\n|rule|Sleep Clause Mod: Limit one foe put to sleep\n|rule|Illusion Level Mod: Illusion disguises the Pok\u00e9mon's true level\n|\n|t:|1733906808\n|start\n|switch|p1a: Tornadus|Tornadus, L82, M|264/264\n|switch|p2a: Jumpluff|Jumpluff, L87, F|271/271\n|turn|1\n|inactive|Battle timer is ON: inactive players will automatically lose when time's up. (requested by Plz Don't 6-0 Me)\n|\n|t:|1733906831\n|move|p2a: Jumpluff|Substitute|p2a: Jumpluff\n|-start|p2a: Jumpluff|Substitute\n|-damage|p2a: Jumpluff|204/271\n|move|p1a: Tornadus|Bleakwind Storm|p2a: Jumpluff|[miss]\n|-miss|p1a: Tornadus|p2a: Jumpluff\n|\n|upkeep\n|turn|2\n|inactive|Plz Don't 6-0 Me has 270 seconds left.\n|\n|t:|1733906864\n|switch|p1a: Iron Treads|Iron Treads, L77|265/265\n|move|p2a: Jumpluff|Leech Seed|p1a: Iron Treads\n|-start|p1a: Iron Treads|move: Leech Seed\n|\n|-damage|p1a: Iron Treads|232/265|[from] Leech Seed|[of] p2a: Jumpluff\n|-heal|p2a: Jumpluff|237/271|[silent]\n|upkeep\n|turn|3\n|\n|t:|1733906883\n|move|p2a: Jumpluff|Strength Sap|p1a: Iron Treads\n|-unboost|p1a: Iron Treads|atk|1\n|-heal|p2a: Jumpluff|271/271\n|move|p1a: Iron Treads|Rapid Spin|p2a: Jumpluff\n|-activate|p2a: Jumpluff|move: Substitute|[damage]\n|-end|p1a: Iron Treads|Leech Seed|[from] move: Rapid Spin|[of] p1a: Iron Treads\n|-boost|p1a: Iron Treads|spe|1\n|\n|upkeep\n|turn|4\n|\n|t:|1733906894\n|move|p1a: Iron Treads|Iron Head|p2a: Jumpluff\n|-end|p2a: Jumpluff|Substitute\n|move|p2a: Jumpluff|Leech Seed|p1a: Iron Treads|[miss]\n|-miss|p2a: Jumpluff|p1a: Iron Treads\n|\n|upkeep\n|turn|5\n|\n|t:|1733906901\n|move|p1a: Iron Treads|Iron Head|p2a: Jumpluff\n|-damage|p2a: Jumpluff|211/271\n|cant|p2a: Jumpluff|flinch\n|\n|upkeep\n|turn|6\n|\n|t:|1733906907\n|move|p1a: Iron Treads|Iron Head|p2a: Jumpluff\n|-damage|p2a: Jumpluff|151/271\n|cant|p2a: Jumpluff|flinch\n|\n|upkeep\n|turn|7\n|\n|t:|1733906911\n|move|p1a: Iron Treads|Iron Head|p2a: Jumpluff\n|-damage|p2a: Jumpluff|93/271\n|move|p2a: Jumpluff|Leech Seed|p1a: Iron Treads\n|-start|p1a: Iron Treads|move: Leech Seed\n|\n|-damage|p1a: Iron Treads|199/265|[from] Leech Seed|[of] p2a: Jumpluff\n|-heal|p2a: Jumpluff|126/271|[silent]\n|upkeep\n|turn|8\n|\n|t:|1733906919\n|move|p1a: Iron Treads|Rapid Spin|p2a: Jumpluff\n|-damage|p2a: Jumpluff|99/271\n|-boost|p1a: Iron Treads|spe|1\n|-end|p1a: Iron Treads|Leech Seed|[from] move: Rapid Spin|[of] p1a: Iron Treads\n|move|p2a: Jumpluff|Strength Sap|p1a: Iron Treads\n|-unboost|p1a: Iron Treads|atk|1\n|-heal|p2a: Jumpluff|243/271\n|\n|upkeep\n|turn|9\n|\n|t:|1733906927\n|move|p1a: Iron Treads|Iron Head|p2a: Jumpluff\n|-damage|p2a: Jumpluff|195/271\n|move|p2a: Jumpluff|Leech Seed|p1a: Iron Treads\n|-start|p1a: Iron Treads|move: Leech Seed\n|\n|-damage|p1a: Iron Treads|166/265|[from] Leech Seed|[of] p2a: Jumpluff\n|-heal|p2a: Jumpluff|228/271|[silent]\n|upkeep\n|turn|10\n|\n|t:|1733906932\n|move|p1a: Iron Treads|Rapid Spin|p2a: Jumpluff\n|-damage|p2a: Jumpluff|208/271\n|-boost|p1a: Iron Treads|spe|1\n|-end|p1a: Iron Treads|Leech Seed|[from] move: Rapid Spin|[of] p1a: Iron Treads\n|move|p2a: Jumpluff|Substitute|p2a: Jumpluff\n|-start|p2a: Jumpluff|Substitute\n|-damage|p2a: Jumpluff|141/271\n|\n|upkeep\n|turn|11\n|\n|t:|1733906955\n|move|p1a: Iron Treads|Volt Switch|p2a: Jumpluff\n|-activate|p2a: Jumpluff|move: Substitute|[damage]\n|\n|t:|1733906962\n|-end|p1a: Iron Treads|Quark Drive|[silent]\n|switch|p1a: Yanmega|Yanmega, L82, M|275/275|[from] Volt Switch\n|move|p2a: Jumpluff|Leech Seed|p1a: Yanmega\n|-start|p1a: Yanmega|move: Leech Seed\n|\n|-damage|p1a: Yanmega|241/275|[from] Leech Seed|[of] p2a: Jumpluff\n|-heal|p2a: Jumpluff|175/271|[silent]\n|upkeep\n|turn|12\n|\n|t:|1733906973\n|move|p1a: Yanmega|Protect|p1a: Yanmega\n|-singleturn|p1a: Yanmega|Protect\n|move|p2a: Jumpluff|Acrobatics|p1a: Yanmega\n|-activate|p1a: Yanmega|move: Protect\n|\n|-damage|p1a: Yanmega|207/275|[from] Leech Seed|[of] p2a: Jumpluff\n|-heal|p2a: Jumpluff|209/271|[silent]\n|-ability|p1a: Yanmega|Speed Boost|boost\n|-boost|p1a: Yanmega|spe|1\n|upkeep\n|turn|13\n|\n|t:|1733906988\n|move|p1a: Yanmega|Bug Buzz|p2a: Jumpluff\n|-damage|p2a: Jumpluff|106/271\n|move|p2a: Jumpluff|Acrobatics|p1a: Yanmega\n|-supereffective|p1a: Yanmega\n|-damage|p1a: Yanmega|19/275\n|\n|-damage|p1a: Yanmega|0 fnt|[from] Leech Seed|[of] p2a: Jumpluff\n|-heal|p2a: Jumpluff|125/271|[silent]\n|faint|p1a: Yanmega\n|upkeep\n|\n|t:|1733906996\n|switch|p1a: Floatzel|Floatzel, L85, M|283/283\n|turn|14\n|\n|t:|1733907000\n|move|p1a: Floatzel|Taunt|p2a: Jumpluff\n|-start|p2a: Jumpluff|move: Taunt\n|cant|p2a: Jumpluff|move: Taunt|Strength Sap\n|\n|upkeep\n|turn|15\n|\n|t:|1733907008\n|move|p1a: Floatzel|Bulk Up|p1a: Floatzel\n|-boost|p1a: Floatzel|atk|1\n|-boost|p1a: Floatzel|def|1\n|move|p2a: Jumpluff|Acrobatics|p1a: Floatzel\n|-damage|p1a: Floatzel|214/283\n|\n|-heal|p1a: Floatzel|231/283|[from] item: Leftovers\n|upkeep\n|turn|16\n|\n|t:|1733907018\n|switch|p2a: Slowbro|Slowbro, L85, F|300/300\n|move|p1a: Floatzel|Bulk Up|p1a: Floatzel\n|-boost|p1a: Floatzel|atk|1\n|-boost|p1a: Floatzel|def|1\n|\n|-heal|p1a: Floatzel|248/283|[from] item: Leftovers\n|upkeep\n|turn|17\n|\n|t:|1733907027\n|move|p1a: Floatzel|Taunt|p2a: Slowbro\n|-start|p2a: Slowbro|move: Taunt\n|move|p2a: Slowbro|Psychic Noise|p1a: Floatzel\n|-damage|p1a: Floatzel|124/283\n|-start|p1a: Floatzel|move: Heal Block\n|\n|upkeep\n|turn|18\n|\n|t:|1733907044\n|-terastallize|p1a: Floatzel|Water\n|move|p1a: Floatzel|Wave Crash|p2a: Slowbro\n|-resisted|p2a: Slowbro\n|-damage|p2a: Slowbro|158/300\n|-damage|p1a: Floatzel|77/283|[from] item: Rocky Helmet|[of] p2a: Slowbro\n|-damage|p1a: Floatzel|30/283|[from] Recoil\n|move|p2a: Slowbro|Psychic Noise|p1a: Floatzel\n|-damage|p1a: Floatzel|0 fnt\n|faint|p1a: Floatzel\n|\n|upkeep\n|\n|t:|1733907060\n|switch|p1a: Tornadus|Tornadus, L82, M|264/264\n|turn|19\n|\n|t:|1733907070\n|switch|p2a: Blissey|Blissey, L84, F|566/566\n|move|p1a: Tornadus|Nasty Plot|p1a: Tornadus\n|-boost|p1a: Tornadus|spa|2\n|\n|upkeep\n|turn|20\n|\n|t:|1733907088\n|switch|p1a: Iron Treads|Iron Treads, L77|166/265\n|move|p2a: Blissey|Thunder Wave|p1a: Iron Treads\n|-immune|p1a: Iron Treads\n|\n|upkeep\n|turn|21\n|\n|t:|1733907095\n|switch|p2a: Slowbro|Slowbro, L85, F|258/300\n|move|p1a: Iron Treads|Iron Head|p2a: Slowbro\n|-resisted|p2a: Slowbro\n|-damage|p2a: Slowbro|222/300\n|-damage|p1a: Iron Treads|122/265|[from] item: Rocky Helmet|[of] p2a: Slowbro\n|\n|upkeep\n|turn|22\n|\n|t:|1733907107\n|move|p1a: Iron Treads|Volt Switch|p2a: Slowbro\n|-supereffective|p2a: Slowbro\n|-damage|p2a: Slowbro|148/300\n|\n|t:|1733907118\n|-end|p1a: Iron Treads|Quark Drive|[silent]\n|switch|p1a: Tornadus|Tornadus, L82, M|264/264|[from] Volt Switch\n|move|p2a: Slowbro|Scald|p1a: Tornadus\n|-damage|p1a: Tornadus|156/264\n|-status|p1a: Tornadus|brn\n|\n|-damage|p1a: Tornadus|140/264 brn|[from] brn\n|upkeep\n|turn|23\n|\n|t:|1733907124\n|switch|p2a: Blissey|Blissey, L84, F|566/566\n|move|p1a: Tornadus|Bleakwind Storm|p2a: Blissey\n|-damage|p2a: Blissey|473/566\n|\n|-heal|p2a: Blissey|508/566|[from] item: Leftovers\n|-damage|p1a: Tornadus|124/264 brn|[from] brn\n|upkeep\n|turn|24\n|\n|t:|1733907140\n|switch|p1a: Bastiodon|Bastiodon, L89, F|252/252\n|move|p2a: Blissey|Stealth Rock|p1a: Bastiodon\n|-sidestart|p1: Plz Don't 6-0 Me|move: Stealth Rock\n|\n|-heal|p2a: Blissey|543/566|[from] item: Leftovers\n|upkeep\n|turn|25\n|\n|t:|1733907162\n|switch|p2a: Jumpluff|Jumpluff, L87, F|125/271\n|move|p1a: Bastiodon|Iron Defense|p1a: Bastiodon\n|-boost|p1a: Bastiodon|def|2\n|\n|upkeep\n|turn|26\n|\n|t:|1733907168\n|move|p2a: Jumpluff|Substitute|p2a: Jumpluff\n|-start|p2a: Jumpluff|Substitute\n|-damage|p2a: Jumpluff|58/271\n|move|p1a: Bastiodon|Foul Play|p2a: Jumpluff\n|-activate|p2a: Jumpluff|move: Substitute|[damage]\n|\n|upkeep\n|turn|27\n|-message|Plz Don't 6-0 Me forfeited.\n|\n|win|Jauhn Sheena\n", "inputlog": ">version bfd83cad13791eb5a5a409923076391caf6fb4d4\n>start {\"formatid\":\"gen9randombattle\",\"seed\":[65364,35742,61997,17578]}\n>player p1 {\"name\":\"Plz Don't 6-0 Me\",\"avatar\":\"colress\",\"rating\":0,\"seed\":[17592,26815,25237,28388]}\n>player p2 {\"name\":\"Jauhn Sheena\",\"avatar\":\"roxanne\",\"rating\":0,\"seed\":[7640,5511,52627,12854]}\n>p1 move bleakwindstorm\n>p2 move substitute\n>p1 switch 2\n>p2 move leechseed\n>p1 move rapidspin\n>p2 move strengthsap\n>p1 move ironhead\n>p2 move leechseed\n>p1 move ironhead\n>p2 move leechseed\n>p1 move ironhead\n>p2 move leechseed\n>p1 move ironhead\n>p2 move leechseed\n>p1 move rapidspin\n>p2 move strengthsap\n>p1 move ironhead\n>p2 move leechseed\n>p1 move rapidspin\n>p2 move substitute\n>p1 move voltswitch\n>p2 move leechseed\n>p1 switch 3\n>p1 move protect\n>p2 move acrobatics\n>p1 move bugbuzz\n>p2 move acrobatics\n>p1 switch 4\n>p1 move taunt\n>p2 move strengthsap\n>p1 move bulkup\n>p2 move acrobatics\n>p1 move bulkup\n>p2 switch 2\n>p1 move taunt\n>p2 move psychicnoise\n>p1 move wavecrash terastallize\n>p2 move psychicnoise\n>p1 switch 2\n>p1 move nastyplot\n>p2 switch 4\n>p1 switch 3\n>p2 move thunderwave\n>p1 move ironhead\n>p2 switch 4\n>p1 move voltswitch\n>p2 move scald\n>p1 switch 3\n>p1 move bleakwindstorm\n>p2 switch 4\n>p1 switch 6\n>p2 move stealthrock\n>p1 move irondefense\n>p2 switch 2\n>p1 move foulplay\n>p2 move substitute\n>forcelose p1", "uploadtime": 1733907240, "views": 3, "formatid": "gen9randombattle", "rating": null, "private": 0, "password": null}