{"id": "gen9randombattle-2260914997", "format": "[Gen 9] Random Battle", "players": ["RaydenPlayzPokemon", "OmniChatter"], "log": "|j|\u2606RaydenPlayzPokemon\n|j|\u2606OmniChatter\n|t:|1733916021\n|gametype|singles\n|player|p1|RaydenPlayzPokemon|clerk|\n|player|p2|OmniChatter|gambler|\n|teamsize|p1|6\n|teamsize|p2|6\n|gen|9\n|tier|[Gen 9] Random Battle\n|rule|Species Clause: Limit one of each Pok\u00e9mon\n|rule|HP Percentage Mod: HP is shown in percentages\n|rule|Sleep Clause Mod: Limit one foe put to sleep\n|rule|Illusion Level Mod: Illusion disguises the Pok\u00e9mon's true level\n|\n|t:|1733916021\n|start\n|switch|p1a: Miraidon|Miraidon, L65|238/238\n|switch|p2a: Mightyena|Mightyena, L95, M|287/287\n|-fieldstart|move: Electric Terrain|[from] ability: Hadron Engine|[of] p1a: Miraidon\n|-ability|p2a: Mightyena|Intimidate|boost\n|-unboost|p1a: Miraidon|atk|1\n|turn|1\n|\n|t:|1733916055\n|switch|p1a: Oinkologne|Oinkologne-F, L92, F|361/361\n|move|p2a: Mightyena|Throat Chop|p1a: Oinkologne\n|-damage|p1a: Oinkologne|256/361\n|-start|p1a: Oinkologne|Throat Chop|[silent]\n|\n|-heal|p1a: Oinkologne|278/361|[from] item: Leftovers\n|upkeep\n|turn|2\n|\n|t:|1733916077\n|move|p2a: Mightyena|Play Rough|p1a: Oinkologne\n|-crit|p1a: Oinkologne\n|-damage|p1a: Oinkologne|147/361\n|-unboost|p1a: Oinkologne|atk|1\n|move|p1a: Oinkologne|Body Slam|p2a: Mightyena\n|-damage|p2a: Mightyena|217/287\n|-status|p2a: Mightyena|par\n|\n|-heal|p1a: Oinkologne|169/361|[from] item: Leftovers\n|-end|p1a: Oinkologne|Throat Chop|[silent]\n|upkeep\n|turn|3\n|\n|t:|1733916088\n|move|p1a: Oinkologne|Body Slam|p2a: Mightyena\n|-damage|p2a: Mightyena|145/287 par\n|cant|p2a: Mightyena|par\n|\n|-heal|p1a: Oinkologne|191/361|[from] item: Leftovers\n|upkeep\n|turn|4\n|\n|t:|1733916098\n|move|p1a: Oinkologne|Body Slam|p2a: Mightyena\n|-damage|p2a: Mightyena|76/287 par\n|cant|p2a: Mightyena|par\n|\n|-heal|p1a: Oinkologne|213/361|[from] item: Leftovers\n|upkeep\n|turn|5\n|\n|t:|1733916105\n|move|p1a: Oinkologne|Body Slam|p2a: Mightyena\n|-damage|p2a: Mightyena|10/287 par\n|move|p2a: Mightyena|Play Rough|p1a: Oinkologne\n|-damage|p1a: Oinkologne|123/361\n|\n|-heal|p1a: Oinkologne|145/361|[from] item: Leftovers\n|-fieldend|move: Electric Terrain\n|upkeep\n|turn|6\n|\n|t:|1733916114\n|move|p2a: Mightyena|Sucker Punch|p1a: Oinkologne\n|-damage|p1a: Oinkologne|49/361\n|move|p1a: Oinkologne|Body Slam|p2a: Mightyena\n|-damage|p2a: Mightyena|0 fnt\n|faint|p2a: Mightyena\n|\n|-heal|p1a: Oinkologne|71/361|[from] item: Leftovers\n|upkeep\n|\n|t:|1733916128\n|switch|p2a: Flutter Mane|Flutter Mane, L74|203/203\n|turn|7\n|\n|t:|1733916144\n|move|p2a: Flutter Mane|Shadow Ball|p1a: Oinkologne\n|-immune|p1a: Oinkologne\n|move|p1a: Oinkologne|Body Slam|p2a: Flutter Mane\n|-immune|p2a: Flutter Mane\n|\n|-heal|p1a: Oinkologne|93/361|[from] item: Leftovers\n|upkeep\n|turn|8\n|\n|t:|1733916161\n|-end|p2a: Flutter Mane|Protosynthesis|[silent]\n|switch|p2a: Dewgong|Dewgong, L94, M|322/322\n|move|p1a: Oinkologne|Rest|p1a: Oinkologne\n|-status|p1a: Oinkologne|slp|[from] move: Rest\n|-heal|p1a: Oinkologne|361/361 slp|[silent]\n|\n|upkeep\n|turn|9\n|\n|t:|1733916170\n|move|p2a: Dewgong|Knock Off|p1a: Oinkologne\n|-damage|p1a: Oinkologne|287/361 slp\n|-enditem|p1a: Oinkologne|Leftovers|[from] move: Knock Off|[of] p2a: Dewgong\n|cant|p1a: Oinkologne|slp\n|move|p1a: Oinkologne|Sleep Talk|p1a: Oinkologne\n|move|p1a: Oinkologne|Curse|p1a: Oinkologne|[from]move: Sleep Talk\n|-unboost|p1a: Oinkologne|spe|1\n|-boost|p1a: Oinkologne|atk|1\n|-boost|p1a: Oinkologne|def|1\n|\n|upkeep\n|turn|10\n|\n|t:|1733916182\n|move|p2a: Dewgong|Triple Axel|p1a: Oinkologne\n|-damage|p1a: Oinkologne|278/361 slp\n|-damage|p1a: Oinkologne|262/361 slp\n|-damage|p1a: Oinkologne|241/361 slp\n|-hitcount|p1a: Oinkologne|3\n|cant|p1a: Oinkologne|slp\n|move|p1a: Oinkologne|Sleep Talk|p1a: Oinkologne\n|move|p1a: Oinkologne|Body Slam|p2a: Dewgong|[from]move: Sleep Talk\n|-damage|p2a: Dewgong|223/322\n|\n|upkeep\n|turn|11\n|\n|t:|1733916194\n|move|p2a: Dewgong|Knock Off|p1a: Oinkologne\n|-damage|p1a: Oinkologne|206/361 slp\n|-curestatus|p1a: Oinkologne|slp|[msg]\n|move|p1a: Oinkologne|Sleep Talk||[still]\n|-fail|p1a: Oinkologne\n|\n|upkeep\n|turn|12\n|\n|t:|1733916202\n|move|p2a: Dewgong|Knock Off|p1a: Oinkologne\n|-damage|p1a: Oinkologne|171/361\n|move|p1a: Oinkologne|Body Slam|p2a: Dewgong\n|-damage|p2a: Dewgong|133/322\n|\n|upkeep\n|turn|13\n|\n|t:|1733916209\n|move|p2a: Dewgong|Knock Off|p1a: Oinkologne\n|-damage|p1a: Oinkologne|141/361\n|move|p1a: Oinkologne|Body Slam|p2a: Dewgong\n|-damage|p2a: Dewgong|42/322\n|\n|upkeep\n|turn|14\n|\n|t:|1733916217\n|move|p2a: Dewgong|Triple Axel|p1a: Oinkologne\n|-damage|p1a: Oinkologne|132/361\n|-damage|p1a: Oinkologne|117/361\n|-damage|p1a: Oinkologne|95/361\n|-hitcount|p1a: Oinkologne|3\n|move|p1a: Oinkologne|Body Slam|p2a: Dewgong\n|-damage|p2a: Dewgong|0 fnt\n|faint|p2a: Dewgong\n|\n|upkeep\n|\n|t:|1733916233\n|switch|p2a: Flutter Mane|Flutter Mane, L74|203/203\n|turn|15\n|\n|t:|1733916241\n|move|p2a: Flutter Mane|Moonblast|p1a: Oinkologne\n|-damage|p1a: Oinkologne|0 fnt\n|faint|p1a: Oinkologne\n|\n|upkeep\n|\n|t:|1733916249\n|switch|p1a: Vileplume|Vileplume, L85, F|266/266\n|turn|16\n|\n|t:|1733916261\n|move|p2a: Flutter Mane|Moonblast|p1a: Vileplume\n|-resisted|p1a: Vileplume\n|-damage|p1a: Vileplume|193/266\n|move|p1a: Vileplume|Sludge Bomb|p2a: Flutter Mane\n|-damage|p2a: Flutter Mane|116/203\n|\n|-heal|p1a: Vileplume|209/266|[from] item: Leftovers\n|upkeep\n|turn|17\n|\n|t:|1733916272\n|move|p2a: Flutter Mane|Moonblast|p1a: Vileplume\n|-resisted|p1a: Vileplume\n|-damage|p1a: Vileplume|128/266\n|move|p1a: Vileplume|Sleep Powder|p2a: Flutter Mane\n|-status|p2a: Flutter Mane|slp|[from] move: Sleep Powder\n|\n|-heal|p1a: Vileplume|144/266|[from] item: Leftovers\n|upkeep\n|turn|18\n|\n|t:|1733916280\n|cant|p2a: Flutter Mane|slp\n|move|p1a: Vileplume|Sludge Bomb|p2a: Flutter Mane\n|-damage|p2a: Flutter Mane|25/203 slp\n|\n|-heal|p1a: Vileplume|160/266|[from] item: Leftovers\n|upkeep\n|turn|19\n|\n|t:|1733916288\n|cant|p2a: Flutter Mane|slp\n|move|p1a: Vileplume|Sludge Bomb|p2a: Flutter Mane\n|-damage|p2a: Flutter Mane|0 fnt\n|faint|p2a: Flutter Mane\n|-end|p2a: Flutter Mane|Protosynthesis|[silent]\n|\n|-heal|p1a: Vileplume|176/266|[from] item: Leftovers\n|upkeep\n|\n|t:|1733916301\n|switch|p2a: Lunala|Lunala, L70|308/308\n|turn|20\n|\n|t:|1733916307\n|move|p2a: Lunala|Psyshock|p1a: Vileplume\n|-supereffective|p1a: Vileplume\n|-damage|p1a: Vileplume|24/266\n|move|p1a: Vileplume|Sleep Powder|p2a: Lunala\n|-status|p2a: Lunala|slp|[from] move: Sleep Powder\n|\n|-heal|p1a: Vileplume|40/266|[from] item: Leftovers\n|upkeep\n|turn|21\n|\n|t:|1733916320\n|cant|p2a: Lunala|slp\n|move|p1a: Vileplume|Giga Drain|p2a: Lunala\n|-damage|p2a: Lunala|261/308 slp\n|-heal|p1a: Vileplume|64/266|[from] drain|[of] p2a: Lunala\n|\n|-heal|p2a: Lunala|280/308 slp|[from] item: Leftovers\n|-heal|p1a: Vileplume|80/266|[from] item: Leftovers\n|upkeep\n|turn|22\n|\n|t:|1733916348\n|switch|p1a: Minior|Minior-Green, L79|219/219\n|cant|p2a: Lunala|slp\n|\n|-heal|p2a: Lunala|299/308 slp|[from] item: Leftovers\n|upkeep\n|turn|23\n|\n|t:|1733916369\n|-terastallize|p2a: Lunala|Dark\n|move|p1a: Minior|Bitter Malice|p2a: Lunala\n|-resisted|p2a: Lunala\n|-damage|p2a: Lunala|237/308 slp\n|-unboost|p2a: Lunala|atk|1\n|-damage|p1a: Minior|198/219|[from] item: Life Orb\n|-curestatus|p2a: Lunala|slp|[msg]\n|move|p2a: Lunala|Calm Mind|p2a: Lunala\n|-boost|p2a: Lunala|spa|1\n|-boost|p2a: Lunala|spd|1\n|\n|-heal|p2a: Lunala|256/308|[from] item: Leftovers\n|upkeep\n|turn|24\n|\n|t:|1733916392\n|move|p1a: Minior|Bitter Malice|p2a: Lunala\n|-resisted|p2a: Lunala\n|-damage|p2a: Lunala|218/308\n|-unboost|p2a: Lunala|atk|1\n|-damage|p1a: Minior|177/219|[from] item: Life Orb\n|move|p2a: Lunala|Calm Mind|p2a: Lunala\n|-boost|p2a: Lunala|spa|1\n|-boost|p2a: Lunala|spd|1\n|\n|-heal|p2a: Lunala|237/308|[from] item: Leftovers\n|upkeep\n|turn|25\n|\n|t:|1733916408\n|move|p1a: Minior|Nasty Plot|p1a: Minior\n|-boost|p1a: Minior|spa|2\n|move|p2a: Lunala|Moongeist Beam|p1a: Minior\n|-immune|p1a: Minior\n|\n|-heal|p2a: Lunala|256/308|[from] item: Leftovers\n|upkeep\n|turn|26\n|\n|t:|1733916419\n|move|p1a: Minior|Bitter Malice|p2a: Lunala\n|-resisted|p2a: Lunala\n|-damage|p2a: Lunala|200/308\n|-unboost|p2a: Lunala|atk|1\n|-damage|p1a: Minior|156/219|[from] item: Life Orb\n|move|p2a: Lunala|Psyshock|p1a: Minior\n|-damage|p1a: Minior|0 fnt\n|replace|p1a: Zoroark|Zoroark-Hisui, L80, F\n|-end|p1a: Zoroark|Illusion\n|-hint|Illusion Level Mod is active, so this Pok\u00e9mon's true level was hidden.\n|faint|p1a: Zoroark\n|\n|-heal|p2a: Lunala|219/308|[from] item: Leftovers\n|upkeep\n|inactive|Battle timer is ON: inactive players will automatically lose when time's up. (requested by OmniChatter)\n|\n|t:|1733916470\n|switch|p1a: Bastiodon|Bastiodon, L89, M|252/252\n|turn|27\n|inactive|RaydenPlayzPokemon has 270 seconds left.\n|\n|t:|1733916504\n|move|p2a: Lunala|Calm Mind|p2a: Lunala\n|-boost|p2a: Lunala|spa|1\n|-boost|p2a: Lunala|spd|1\n|move|p1a: Bastiodon|Foul Play|p2a: Lunala\n|-resisted|p2a: Lunala\n|-damage|p2a: Lunala|205/308\n|\n|-heal|p2a: Lunala|224/308|[from] item: Leftovers\n|upkeep\n|turn|28\n|inactive|RaydenPlayzPokemon has 270 seconds left.\n|\n|t:|1733916526\n|-terastallize|p1a: Bastiodon|Fighting\n|move|p2a: Lunala|Calm Mind|p2a: Lunala\n|-boost|p2a: Lunala|spa|1\n|-boost|p2a: Lunala|spd|1\n|move|p1a: Bastiodon|Body Press|p2a: Lunala\n|-supereffective|p2a: Lunala\n|-damage|p2a: Lunala|0 fnt\n|faint|p2a: Lunala\n|\n|upkeep\n|\n|t:|1733916539\n|switch|p2a: Alomomola|Alomomola, L87, F|429/429\n|turn|29\n|inactive|RaydenPlayzPokemon has 270 seconds left.\n|\n|t:|1733916554\n|move|p2a: Alomomola|Wish|p2a: Alomomola\n|move|p1a: Bastiodon|Foul Play|p2a: Alomomola\n|-damage|p2a: Alomomola|362/429\n|\n|upkeep\n|turn|30\n|\n|t:|1733916562\n|move|p2a: Alomomola|Scald|p1a: Bastiodon\n|-damage|p1a: Bastiodon|219/252\n|move|p1a: Bastiodon|Iron Defense|p1a: Bastiodon\n|-boost|p1a: Bastiodon|def|2\n|\n|-heal|p2a: Alomomola|429/429|[from] move: Wish|[wisher] Alomomola\n|upkeep\n|turn|31\n|\n|t:|1733916573\n|move|p2a: Alomomola|Protect|p2a: Alomomola\n|-singleturn|p2a: Alomomola|Protect\n|move|p1a: Bastiodon|Body Press|p2a: Alomomola\n|-activate|p2a: Alomomola|move: Protect\n|\n|upkeep\n|turn|32\n|\n|t:|1733916581\n|move|p2a: Alomomola|Scald|p1a: Bastiodon\n|-damage|p1a: Bastiodon|188/252\n|move|p1a: Bastiodon|Body Press|p2a: Alomomola\n|-damage|p2a: Alomomola|149/429\n|\n|upkeep\n|turn|33\n|\n|t:|1733916588\n|move|p2a: Alomomola|Wish|p2a: Alomomola\n|move|p1a: Bastiodon|Body Press|p2a: Alomomola\n|-damage|p2a: Alomomola|0 fnt\n|faint|p2a: Alomomola\n|\n|upkeep\n|\n|t:|1733916593\n|switch|p2a: Arceus|Arceus-Steel, L70|284/284\n|turn|34\n|\n|t:|1733916612\n|move|p2a: Arceus|Earthquake|p1a: Bastiodon\n|-damage|p1a: Bastiodon|171/252\n|move|p1a: Bastiodon|Body Press|p2a: Arceus\n|-supereffective|p2a: Arceus\n|-damage|p2a: Arceus|0 fnt\n|faint|p2a: Arceus\n|\n|win|RaydenPlayzPokemon\n", "inputlog": ">version bfd83cad13791eb5a5a409923076391caf6fb4d4\n>start {\"formatid\":\"gen9randombattle\",\"seed\":[12014,38726,32707,64804]}\n>player p1 {\"name\":\"RaydenPlayzPokemon\",\"avatar\":\"clerk\",\"rating\":0,\"seed\":[54022,25112,13960,39229]}\n>player p2 {\"name\":\"OmniChatter\",\"avatar\":\"gambler\",\"rating\":0,\"seed\":[42537,36143,52764,46075]}\n>p1 switch 5\n>p2 move throatchop\n>p1 move bodyslam\n>p2 move playrough\n>p1 move bodyslam\n>p2 move playrough\n>p1 move bodyslam\n>p2 move playrough\n>p1 move bodyslam\n>p2 move playrough\n>p1 move bodyslam\n>p2 move suckerpunch\n>p2 switch 5\n>p1 move bodyslam\n>p2 move shadowball\n>p1 move rest\n>p2 switch 4\n>p1 move sleeptalk\n>p2 move knockoff\n>p1 move sleeptalk\n>p2 move tripleaxel\n>p1 move sleeptalk\n>p2 move knockoff\n>p1 move bodyslam\n>p2 move knockoff\n>p1 move bodyslam\n>p2 move knockoff\n>p1 move bodyslam\n>p2 move tripleaxel\n>p2 switch 4\n>p1 move rest\n>p2 move moonblast\n>p1 switch 4\n>p1 move sludgebomb\n>p2 move moonblast\n>p1 move sleeppowder\n>p2 move moonblast\n>p1 move sludgebomb\n>p2 move moonblast\n>p1 move sludgebomb\n>p2 move moonblast\n>p2 switch 2\n>p1 move sleeppowder\n>p2 move psyshock\n>p1 move gigadrain\n>p2 move psyshock\n>p1 switch 2\n>p2 move psyshock\n>p1 move bittermalice\n>p2 move calmmind terastallize\n>p1 move bittermalice\n>p2 move calmmind\n>p1 move nastyplot\n>p2 move moongeistbeam\n>p1 move bittermalice\n>p2 move psyshock\n>p1 switch 3\n>p1 move foulplay\n>p2 move calmmind\n>p1 move bodypress terastallize\n>p2 move calmmind\n>p2 switch 3\n>p1 move foulplay\n>p2 move wish\n>p1 move irondefense\n>p2 move scald\n>p1 move bodypress\n>p2 move protect\n>p1 move bodypress\n>p2 move scald\n>p1 move bodypress\n>p2 move wish\n>p2 switch 6\n>p1 move bodypress\n>p2 move earthquake", "uploadtime": 1733916663, "views": 2, "formatid": "gen9randombattle", "rating": null, "private": 0, "password": null}