{"id": "gen9randombattle-2260721980", "format": "[Gen 9] Random Battle", "players": ["lil theet", "Valenteddi"], "log": "|j|\u2606lil theet\n|j|\u2606Valenteddi\n|t:|1733882923\n|gametype|singles\n|player|p1|lil theet|101|1704\n|player|p2|Valenteddi|alec-anime|1681\n|teamsize|p1|6\n|teamsize|p2|6\n|gen|9\n|tier|[Gen 9] Random Battle\n|rated|\n|rule|Species Clause: Limit one of each Pok\u00e9mon\n|rule|HP Percentage Mod: HP is shown in percentages\n|rule|Sleep Clause Mod: Limit one foe put to sleep\n|rule|Illusion Level Mod: Illusion disguises the Pok\u00e9mon's true level\n|\n|t:|1733882923\n|start\n|switch|p1a: Arceus|Arceus-Ground, L70|284/284\n|switch|p2a: Solgaleo|Solgaleo, L74|325/325\n|turn|1\n|inactive|Battle timer is ON: inactive players will automatically lose when time's up. (requested by lil theet)\n|\n|t:|1733882935\n|switch|p2a: Leafeon|Leafeon, L88, F|258/258\n|move|p1a: Arceus|Calm Mind|p1a: Arceus\n|-boost|p1a: Arceus|spa|1\n|-boost|p1a: Arceus|spd|1\n|\n|upkeep\n|turn|2\n|inactive|Valenteddi has 120 seconds left.\n|\n|t:|1733882977\n|switch|p1a: Registeel|Registeel, L81|262/262\n|move|p2a: Leafeon|Substitute|p2a: Leafeon\n|-start|p2a: Leafeon|Substitute\n|-damage|p2a: Leafeon|194/258\n|\n|-heal|p2a: Leafeon|210/258|[from] item: Leftovers\n|upkeep\n|turn|3\n|inactive|Valenteddi has 120 seconds left.\n|\n|t:|1733882990\n|switch|p2a: Klefki|Klefki, L84, M|233/233\n|move|p1a: Registeel|Iron Head|p2a: Klefki\n|-damage|p2a: Klefki|164/233\n|\n|-heal|p2a: Klefki|178/233|[from] item: Leftovers\n|upkeep\n|turn|4\n|\n|t:|1733882996\n|move|p2a: Klefki|Thunder Wave|p1a: Registeel\n|-status|p1a: Registeel|par\n|cant|p1a: Registeel|par\n|\n|-heal|p2a: Klefki|192/233|[from] item: Leftovers\n|upkeep\n|turn|5\n|\n|t:|1733883006\n|switch|p2a: Dunsparce|Dunsparce, L86, F|312/312\n|move|p1a: Registeel|Stealth Rock|p2a: Dunsparce\n|-sidestart|p2: Valenteddi|move: Stealth Rock\n|\n|upkeep\n|turn|6\n|\n|t:|1733883012\n|move|p2a: Dunsparce|Coil|p2a: Dunsparce\n|-boost|p2a: Dunsparce|atk|1\n|-boost|p2a: Dunsparce|def|1\n|-boost|p2a: Dunsparce|accuracy|1\n|cant|p1a: Registeel|par\n|\n|upkeep\n|turn|7\n|\n|t:|1733883019\n|move|p2a: Dunsparce|Coil|p2a: Dunsparce\n|-boost|p2a: Dunsparce|atk|1\n|-boost|p2a: Dunsparce|def|1\n|-boost|p2a: Dunsparce|accuracy|1\n|move|p1a: Registeel|Body Press|p2a: Dunsparce\n|-supereffective|p2a: Dunsparce\n|-damage|p2a: Dunsparce|258/312\n|\n|upkeep\n|turn|8\n|\n|t:|1733883024\n|move|p2a: Dunsparce|Coil|p2a: Dunsparce\n|-boost|p2a: Dunsparce|atk|1\n|-boost|p2a: Dunsparce|def|1\n|-boost|p2a: Dunsparce|accuracy|1\n|cant|p1a: Registeel|par\n|\n|upkeep\n|turn|9\n|\n|t:|1733883035\n|move|p2a: Dunsparce|Earthquake|p1a: Registeel\n|-supereffective|p1a: Registeel\n|-damage|p1a: Registeel|78/262 par\n|move|p1a: Registeel|Thunder Wave|p2a: Dunsparce\n|-status|p2a: Dunsparce|par\n|\n|-heal|p1a: Registeel|94/262 par|[from] item: Leftovers\n|upkeep\n|turn|10\n|\n|t:|1733883042\n|move|p1a: Registeel|Body Press|p2a: Dunsparce\n|-supereffective|p2a: Dunsparce\n|-damage|p2a: Dunsparce|210/312 par\n|move|p2a: Dunsparce|Earthquake|p1a: Registeel\n|-supereffective|p1a: Registeel\n|-damage|p1a: Registeel|0 fnt\n|faint|p1a: Registeel\n|\n|upkeep\n|\n|t:|1733883058\n|switch|p1a: Klefki|Klefki, L84, F|233/233\n|turn|11\n|\n|t:|1733883069\n|move|p1a: Klefki|Foul Play|p2a: Dunsparce\n|-damage|p2a: Dunsparce|168/312 par\n|cant|p2a: Dunsparce|par\n|\n|upkeep\n|turn|12\n|\n|t:|1733883078\n|move|p1a: Klefki|Spikes|p2a: Dunsparce\n|-sidestart|p2: Valenteddi|Spikes\n|move|p2a: Dunsparce|Earthquake|p1a: Klefki\n|-supereffective|p1a: Klefki\n|-damage|p1a: Klefki|0 fnt\n|faint|p1a: Klefki\n|\n|upkeep\n|\n|t:|1733883083\n|switch|p1a: Arceus|Arceus-Ground, L70|284/284\n|turn|13\n|inactive|Valenteddi has 120 seconds left.\n|\n|t:|1733883117\n|-terastallize|p1a: Arceus|Ground\n|move|p1a: Arceus|Judgment|p2a: Dunsparce\n|-damage|p2a: Dunsparce|50/312 par\n|move|p2a: Dunsparce|Body Slam|p1a: Arceus\n|-damage|p1a: Arceus|101/284\n|-status|p1a: Arceus|par\n|\n|upkeep\n|turn|14\n|-message|lil theet forfeited.\n|\n|win|Valenteddi\n|raw|lil theet's rating: 1704 &rarr; <strong>1683</strong><br />(-21 for losing)\n|raw|Valenteddi's rating: 1681 &rarr; <strong>1702</strong><br />(+21 for winning)\n|l|\u2606lil theet\n|player|p1|\n", "inputlog": ">version bfd83cad13791eb5a5a409923076391caf6fb4d4\n>start {\"formatid\":\"gen9randombattle\",\"seed\":[3414,15177,21890,27022],\"rated\":\"Rated battle\"}\n>player p1 {\"name\":\"lil theet\",\"avatar\":\"101\",\"rating\":1704,\"seed\":[2342,25785,24900,21155]}\n>player p2 {\"name\":\"Valenteddi\",\"avatar\":\"alec-anime\",\"rating\":1681,\"seed\":[43355,44855,26399,23421]}\n>p1 move calmmind\n>p2 switch 6\n>p1 switch 4\n>p2 move substitute\n>p1 move ironhead\n>p2 switch 4\n>p1 move stealthrock\n>p2 move thunderwave\n>p1 move stealthrock\n>p2 switch 2\n>p1 move bodypress\n>p2 move coil\n>p1 move bodypress\n>p2 move coil\n>p1 move thunderwave\n>p2 move coil\n>p1 move thunderwave\n>p2 move earthquake\n>p1 move bodypress\n>p2 move earthquake\n>p1 switch 6\n>p1 move foulplay\n>p2 move earthquake\n>p1 move spikes\n>p2 move earthquake\n>p1 switch 4\n>p1 move judgment terastallize\n>p2 move bodyslam\n>forcelose p1", "uploadtime": 1733883145, "views": 2, "formatid": "gen9randombattle", "rating": 1683, "private": 0, "password": null}