{"id": "gen9randombattle-2260450574", "format": "[Gen 9] Random Battle", "players": ["jdldkrvo", "asdfadsf1"], "log": "|j|\u2606jdldkrvo\n|j|\u2606asdfadsf1\n|t:|1733852819\n|gametype|singles\n|player|p1|jdldkrvo|102|1106\n|player|p2|asdfadsf1|266|1122\n|teamsize|p1|6\n|teamsize|p2|6\n|gen|9\n|tier|[Gen 9] Random Battle\n|rated|\n|rule|Species Clause: Limit one of each Pok\u00e9mon\n|rule|HP Percentage Mod: HP is shown in percentages\n|rule|Sleep Clause Mod: Limit one foe put to sleep\n|rule|Illusion Level Mod: Illusion disguises the Pok\u00e9mon's true level\n|\n|t:|1733852819\n|start\n|switch|p1a: Espathra|Espathra, L80, M|283/283\n|switch|p2a: Chandelure|Chandelure, L83, M|235/235\n|turn|1\n|inactive|Battle timer is ON: inactive players will automatically lose when time's up. (requested by jdldkrvo)\n|\n|t:|1733852828\n|move|p1a: Espathra|U-turn|p2a: Chandelure\n|-resisted|p2a: Chandelure\n|-damage|p2a: Chandelure|227/235\n|-status|p1a: Espathra|brn|[from] ability: Flame Body|[of] p2a: Chandelure\n|\n|t:|1733852844\n|switch|p1a: Qwilfish|Qwilfish-Hisui, L83, M|244/244|[from] U-turn\n|-ability|p1a: Qwilfish|Intimidate|boost\n|-unboost|p2a: Chandelure|atk|1\n|move|p2a: Chandelure|Shadow Ball|p1a: Qwilfish\n|-resisted|p1a: Qwilfish\n|-damage|p1a: Qwilfish|194/244\n|\n|upkeep\n|turn|2\n|\n|t:|1733852853\n|move|p1a: Qwilfish|Crunch|p2a: Chandelure\n|-supereffective|p2a: Chandelure\n|-damage|p2a: Chandelure|51/235\n|-unboost|p2a: Chandelure|def|1\n|move|p2a: Chandelure|Will-O-Wisp|p1a: Qwilfish\n|-status|p1a: Qwilfish|brn\n|\n|-damage|p1a: Qwilfish|179/244 brn|[from] brn\n|upkeep\n|turn|3\n|\n|t:|1733852870\n|switch|p2a: Great Tusk|Great Tusk, L77|304/304\n|move|p1a: Qwilfish|Spikes|p2a: Great Tusk\n|-sidestart|p2: asdfadsf1|Spikes\n|\n|-damage|p1a: Qwilfish|164/244 brn|[from] brn\n|upkeep\n|turn|4\n|\n|t:|1733852879\n|switch|p1a: Gyarados|Gyarados, L79, F|280/280\n|-ability|p1a: Gyarados|Intimidate|boost\n|-unboost|p2a: Great Tusk|atk|1\n|move|p2a: Great Tusk|Rapid Spin|p1a: Gyarados\n|-damage|p1a: Gyarados|249/280\n|-boost|p2a: Great Tusk|spe|1\n|-sideend|p2: asdfadsf1|Spikes|[from] move: Rapid Spin|[of] p2a: Great Tusk\n|\n|upkeep\n|turn|5\n|\n|t:|1733852889\n|-end|p2a: Great Tusk|Protosynthesis|[silent]\n|switch|p2a: Slowbro|Slowbro, L85, F|300/300\n|move|p1a: Gyarados|Dragon Dance|p1a: Gyarados\n|-boost|p1a: Gyarados|atk|1\n|-boost|p1a: Gyarados|spe|1\n|\n|upkeep\n|turn|6\n|\n|t:|1733852902\n|switch|p1a: Qwilfish|Qwilfish-Hisui, L83, M|164/244 brn\n|-ability|p1a: Qwilfish|Intimidate|boost\n|-unboost|p2a: Slowbro|atk|1\n|move|p2a: Slowbro|Scald|p1a: Qwilfish\n|-damage|p1a: Qwilfish|82/244 brn\n|\n|-damage|p1a: Qwilfish|67/244 brn|[from] brn\n|upkeep\n|turn|7\n|\n|t:|1733852920\n|switch|p1a: Kyogre|Kyogre, L71|259/259\n|-weather|RainDance|[from] ability: Drizzle|[of] p1a: Kyogre\n|move|p2a: Slowbro|Scald|p1a: Kyogre\n|-resisted|p1a: Kyogre\n|-damage|p1a: Kyogre|205/259\n|-status|p1a: Kyogre|brn\n|\n|-weather|RainDance|[upkeep]\n|-damage|p1a: Kyogre|189/259 brn|[from] brn\n|upkeep\n|turn|8\n|\n|t:|1733852930\n|move|p1a: Kyogre|Water Spout|p2a: Slowbro\n|-resisted|p2a: Slowbro\n|-damage|p2a: Slowbro|236/300\n|move|p2a: Slowbro|Psychic Noise|p1a: Kyogre\n|-damage|p1a: Kyogre|125/259 brn\n|-start|p1a: Kyogre|move: Heal Block\n|\n|-weather|RainDance|[upkeep]\n|-damage|p1a: Kyogre|109/259 brn|[from] brn\n|upkeep\n|turn|9\n|-message|jdldkrvo forfeited.\n|\n|win|asdfadsf1\n|raw|jdldkrvo's rating: 1106 &rarr; <strong>1082</strong><br />(-24 for losing)\n|raw|asdfadsf1's rating: 1122 &rarr; <strong>1146</strong><br />(+24 for winning)\n|l|\u2606jdldkrvo\n|player|p1|\n", "inputlog": ">version bfd83cad13791eb5a5a409923076391caf6fb4d4\n>start {\"formatid\":\"gen9randombattle\",\"seed\":[57441,61907,54544,36685],\"rated\":\"Rated battle\"}\n>player p1 {\"name\":\"jdldkrvo\",\"avatar\":\"102\",\"rating\":1106,\"seed\":[2019,12752,11296,7983]}\n>player p2 {\"name\":\"asdfadsf1\",\"avatar\":\"266\",\"rating\":1122,\"seed\":[40639,28451,7432,55082]}\n>p1 move uturn\n>p2 move shadowball\n>p1 switch 2\n>p1 move crunch\n>p2 move willowisp\n>p1 move spikes\n>p2 switch 3\n>p1 switch 6\n>p2 move rapidspin\n>p1 move dragondance\n>p2 switch 4\n>p1 switch 6\n>p2 move scald\n>p1 switch 3\n>p2 move scald\n>p1 move waterspout\n>p2 move psychicnoise\n>forcelose p1", "uploadtime": 1733852936, "views": 1, "formatid": "gen9randombattle", "rating": 1082, "private": 0, "password": null}