{"id": "gen9randombattle-2260792936", "format": "[Gen 9] Random Battle", "players": ["Ycjesnj", "AnonymousFog"], "log": "|j|\u2606Ycjesnj\n|j|\u2606AnonymousFog\n|t:|1733892975\n|gametype|singles\n|player|p1|Ycjesnj|170|1239\n|player|p2|AnonymousFog|cynthia-masters|1184\n|teamsize|p1|6\n|teamsize|p2|6\n|gen|9\n|tier|[Gen 9] Random Battle\n|rated|\n|rule|Species Clause: Limit one of each Pok\u00e9mon\n|rule|HP Percentage Mod: HP is shown in percentages\n|rule|Sleep Clause Mod: Limit one foe put to sleep\n|rule|Illusion Level Mod: Illusion disguises the Pok\u00e9mon's true level\n|\n|t:|1733892975\n|start\n|switch|p1a: Iron Thorns|Iron Thorns, L83|302/302\n|switch|p2a: Primarina|Primarina, L83, F|268/268\n|-item|p1a: Iron Thorns|Air Balloon\n|turn|1\n|\n|t:|1733893011\n|move|p1a: Iron Thorns|Wild Charge|p2a: Primarina\n|-supereffective|p2a: Primarina\n|-damage|p2a: Primarina|0 fnt\n|faint|p2a: Primarina\n|-damage|p1a: Iron Thorns|235/302|[from] Recoil\n|\n|upkeep\n|\n|t:|1733893023\n|switch|p2a: Victreebel|Victreebel, L90, F|290/290\n|turn|2\n|\n|t:|1733893043\n|-terastallize|p1a: Iron Thorns|Flying\n|move|p2a: Victreebel|Strength Sap|p1a: Iron Thorns\n|-unboost|p1a: Iron Thorns|atk|1\n|move|p1a: Iron Thorns|Stealth Rock|p2a: Victreebel\n|-sidestart|p2: AnonymousFog|move: Stealth Rock\n|\n|upkeep\n|turn|3\n|\n|t:|1733893055\n|move|p2a: Victreebel|Sludge Wave|p1a: Iron Thorns\n|-damage|p1a: Iron Thorns|71/302\n|-enditem|p1a: Iron Thorns|Air Balloon\n|-damage|p2a: Victreebel|261/290|[from] item: Life Orb\n|move|p1a: Iron Thorns|Ice Punch|p2a: Victreebel\n|-supereffective|p2a: Victreebel\n|-damage|p2a: Victreebel|159/290\n|\n|upkeep\n|turn|4\n|\n|t:|1733893080\n|-end|p1a: Iron Thorns|Quark Drive|[silent]\n|switch|p1a: Ting-Lu|Ting-Lu, L78|370/370\n|-ability|p1a: Ting-Lu|Vessel of Ruin\n|move|p2a: Victreebel|Strength Sap|p1a: Ting-Lu\n|-unboost|p1a: Ting-Lu|atk|1\n|-heal|p2a: Victreebel|290/290\n|\n|upkeep\n|turn|5\n|\n|t:|1733893104\n|switch|p1a: Seviper|Seviper, L93, F|287/287\n|move|p2a: Victreebel|Power Whip|p1a: Seviper|[miss]\n|-miss|p2a: Victreebel|p1a: Seviper\n|\n|upkeep\n|turn|6\n|\n|t:|1733893119\n|move|p1a: Seviper|Flamethrower|p2a: Victreebel\n|-supereffective|p2a: Victreebel\n|-damage|p2a: Victreebel|114/290\n|move|p2a: Victreebel|Strength Sap|p1a: Seviper\n|-unboost|p1a: Seviper|atk|1\n|-heal|p2a: Victreebel|290/290\n|\n|upkeep\n|turn|7\n|\n|t:|1733893134\n|move|p2a: Victreebel|Sucker Punch|p1a: Seviper\n|-damage|p1a: Seviper|199/287\n|-damage|p2a: Victreebel|261/290|[from] item: Life Orb\n|move|p1a: Seviper|Flamethrower|p2a: Victreebel\n|-supereffective|p2a: Victreebel\n|-crit|p2a: Victreebel\n|-damage|p2a: Victreebel|0 fnt\n|faint|p2a: Victreebel\n|\n|upkeep\n|\n|t:|1733893161\n|switch|p2a: Dunsparce|Dunsparce, L86, F|312/312\n|-damage|p2a: Dunsparce|273/312|[from] Stealth Rock\n|turn|8\n|\n|t:|1733893175\n|switch|p1a: Tatsugiri|Tatsugiri, L87, M|260/260\n|move|p2a: Dunsparce|Earthquake|p1a: Tatsugiri\n|-damage|p1a: Tatsugiri|191/260\n|\n|upkeep\n|turn|9\n|\n|t:|1733893186\n|move|p1a: Tatsugiri|Nasty Plot|p1a: Tatsugiri\n|-boost|p1a: Tatsugiri|spa|2\n|move|p2a: Dunsparce|Coil|p2a: Dunsparce\n|-boost|p2a: Dunsparce|atk|1\n|-boost|p2a: Dunsparce|def|1\n|-boost|p2a: Dunsparce|accuracy|1\n|\n|upkeep\n|turn|10\n|\n|t:|1733893196\n|move|p1a: Tatsugiri|Draco Meteor|p2a: Dunsparce\n|-damage|p2a: Dunsparce|12/312\n|-unboost|p1a: Tatsugiri|spa|2\n|move|p2a: Dunsparce|Body Slam|p1a: Tatsugiri\n|-damage|p1a: Tatsugiri|59/260\n|\n|upkeep\n|turn|11\n|\n|t:|1733893206\n|move|p1a: Tatsugiri|Surf|p2a: Dunsparce\n|-damage|p2a: Dunsparce|0 fnt\n|faint|p2a: Dunsparce\n|\n|upkeep\n|\n|t:|1733893235\n|switch|p2a: Gurdurr|Gurdurr, L85, F|283/283\n|-damage|p2a: Gurdurr|266/283|[from] Stealth Rock\n|turn|12\n|\n|t:|1733893243\n|move|p1a: Tatsugiri|Draco Meteor|p2a: Gurdurr\n|-damage|p2a: Gurdurr|91/283\n|-unboost|p1a: Tatsugiri|spa|2\n|move|p2a: Gurdurr|Bulk Up|p2a: Gurdurr\n|-boost|p2a: Gurdurr|atk|1\n|-boost|p2a: Gurdurr|def|1\n|\n|upkeep\n|turn|13\n|\n|t:|1733893255\n|move|p2a: Gurdurr|Mach Punch|p1a: Tatsugiri\n|-damage|p1a: Tatsugiri|0 fnt\n|faint|p1a: Tatsugiri\n|\n|upkeep\n|\n|t:|1733893272\n|switch|p1a: Venusaur|Venusaur, L84, F|272/272\n|turn|14\n|\n|t:|1733893292\n|move|p1a: Venusaur|Sludge Bomb|p2a: Gurdurr\n|-damage|p2a: Gurdurr|1/283\n|-status|p2a: Gurdurr|psn\n|move|p2a: Gurdurr|Knock Off|p1a: Venusaur\n|-damage|p1a: Venusaur|87/272\n|-enditem|p1a: Venusaur|Leftovers|[from] move: Knock Off|[of] p2a: Gurdurr\n|\n|-damage|p2a: Gurdurr|0 fnt|[from] psn\n|faint|p2a: Gurdurr\n|upkeep\n|\n|t:|1733893310\n|switch|p2a: Scyther|Scyther, L82, F|249/249\n|turn|15\n|\n|t:|1733893324\n|move|p2a: Scyther|Dual Wingbeat|p1a: Venusaur\n|-supereffective|p1a: Venusaur\n|-damage|p1a: Venusaur|0 fnt\n|faint|p1a: Venusaur\n|-hitcount|p1: Venusaur|1\n|\n|upkeep\n|\n|t:|1733893345\n|switch|p1a: Iron Thorns|Iron Thorns, L83, tera:Flying|71/302\n|turn|16\n|c|\u2606AnonymousFog|the game really did just decide to give be three not fully evolved Pok\u00e9mon huh\n|\n|t:|1733893371\n|move|p2a: Scyther|Dual Wingbeat|p1a: Iron Thorns\n|-damage|p1a: Iron Thorns|14/302\n|-damage|p1a: Iron Thorns|0 fnt\n|faint|p1a: Iron Thorns\n|-end|p1a: Iron Thorns|Quark Drive|[silent]\n|-hitcount|p1: Iron Thorns|2\n|\n|upkeep\n|\n|t:|1733893392\n|switch|p1a: Ting-Lu|Ting-Lu, L78|370/370\n|-ability|p1a: Ting-Lu|Vessel of Ruin\n|turn|17\n|\n|t:|1733893406\n|move|p2a: Scyther|Close Combat|p1a: Ting-Lu\n|-supereffective|p1a: Ting-Lu\n|-damage|p1a: Ting-Lu|236/370\n|-unboost|p2a: Scyther|def|1\n|-unboost|p2a: Scyther|spd|1\n|move|p1a: Ting-Lu|Payback|p2a: Scyther\n|-damage|p2a: Scyther|89/249\n|\n|-heal|p1a: Ting-Lu|259/370|[from] item: Leftovers\n|upkeep\n|turn|18\n|\n|t:|1733893419\n|move|p2a: Scyther|U-turn|p1a: Ting-Lu\n|-supereffective|p1a: Ting-Lu\n|-damage|p1a: Ting-Lu|127/370\n|\n|t:|1733893422\n|switch|p2a: Metagross|Metagross, L79|256/256|[from] U-turn\n|-damage|p2a: Metagross|240/256|[from] Stealth Rock\n|move|p1a: Ting-Lu|Payback|p2a: Metagross\n|-supereffective|p2a: Metagross\n|-damage|p2a: Metagross|166/256\n|-enditem|p2a: Metagross|Weakness Policy\n|-boost|p2a: Metagross|atk|2|[from] item: Weakness Policy\n|-boost|p2a: Metagross|spa|2|[from] item: Weakness Policy\n|\n|-heal|p1a: Ting-Lu|150/370|[from] item: Leftovers\n|upkeep\n|turn|19\n|\n|t:|1733893448\n|move|p2a: Metagross|Agility|p2a: Metagross\n|-boost|p2a: Metagross|spe|2\n|move|p1a: Ting-Lu|Earthquake|p2a: Metagross\n|-supereffective|p2a: Metagross\n|-damage|p2a: Metagross|10/256\n|\n|-heal|p1a: Ting-Lu|173/370|[from] item: Leftovers\n|upkeep\n|turn|20\n|\n|t:|1733893463\n|-terastallize|p2a: Metagross|Ground\n|move|p2a: Metagross|Earthquake|p1a: Ting-Lu\n|-damage|p1a: Ting-Lu|0 fnt\n|faint|p1a: Ting-Lu\n|\n|upkeep\n|\n|t:|1733893472\n|switch|p1a: Seviper|Seviper, L93, F|199/287\n|turn|21\n|\n|t:|1733893477\n|move|p2a: Metagross|Earthquake|p1a: Seviper\n|-supereffective|p1a: Seviper\n|-damage|p1a: Seviper|0 fnt\n|faint|p1a: Seviper\n|\n|upkeep\n|\n|t:|1733893486\n|switch|p1a: Hitmonlee|Hitmonlee, L85, M|223/223\n|turn|22\n|\n|t:|1733893508\n|move|p2a: Metagross|Psychic Fangs|p1a: Hitmonlee\n|-supereffective|p1a: Hitmonlee\n|-damage|p1a: Hitmonlee|0 fnt\n|faint|p1a: Hitmonlee\n|\n|win|AnonymousFog\n|raw|Ycjesnj's rating: 1239 &rarr; <strong>1210</strong><br />(-29 for losing)\n|raw|AnonymousFog's rating: 1184 &rarr; <strong>1213</strong><br />(+29 for winning)\n|c|\u2606AnonymousFog|Well this is an interesting turn of events\n|l|\u2606Ycjesnj\n|player|p1|\n", "inputlog": ">version bfd83cad13791eb5a5a409923076391caf6fb4d4\n>start {\"formatid\":\"gen9randombattle\",\"seed\":[58397,12383,7638,49716],\"rated\":\"Rated battle\"}\n>player p1 {\"name\":\"Ycjesnj\",\"avatar\":\"170\",\"rating\":1239,\"seed\":[57991,19542,49531,56371]}\n>player p2 {\"name\":\"AnonymousFog\",\"avatar\":\"cynthia-masters\",\"rating\":1184,\"seed\":[41841,39353,16971,46495]}\n>p1 move wildcharge\n>p2 move flipturn\n>p2 switch 6\n>p1 move stealthrock terastallize\n>p2 move strengthsap\n>p1 move icepunch\n>p2 move sludgewave\n>p1 switch 3\n>p2 move strengthsap\n>p1 switch 4\n>p2 move powerwhip\n>p1 move flamethrower\n>p2 move strengthsap\n>p1 move flamethrower\n>p2 move suckerpunch\n>p2 switch 5\n>p1 switch 2\n>p2 move earthquake\n>p1 move nastyplot\n>p2 move coil\n>p1 move dracometeor\n>p2 move bodyslam\n>p1 move surf\n>p2 move roost\n>p2 switch 4\n>p1 move dracometeor\n>p2 move bulkup\n>p1 move dracometeor\n>p2 move machpunch\n>p1 switch 6\n>p1 move sludgebomb\n>p2 move knockoff\n>p2 switch 3\n>p1 move sludgebomb\n>p2 move dualwingbeat\n>p1 switch 3\n>chat \u2606AnonymousFog|the game really did just decide to give be three not fully evolved Pok\u00e9mon huh\n>p1 move stoneedge\n>p2 move dualwingbeat\n>p1 switch 4\n>p1 move payback\n>p2 move closecombat\n>p1 move payback\n>p2 move uturn\n>p2 switch 2\n>p1 move earthquake\n>p2 move agility\n>p1 move earthquake\n>p2 move earthquake terastallize\n>p1 switch 2\n>p1 move flamethrower\n>p2 move earthquake\n>p1 switch 5\n>p1 move highjumpkick\n>p2 move psychicfangs", "uploadtime": 1733893521, "views": 22, "formatid": "gen9randombattle", "rating": 1210, "private": 0, "password": null}