{"id": "gen9randombattle-2260373749", "format": "[Gen 9] Random Battle", "players": ["TheGoldenGoomy", "I Hate Max"], "log": "|j|\u2606TheGoldenGoomy\n|j|\u2606I Hate Max\n|t:|1733845257\n|gametype|singles\n|player|p1|TheGoldenGoomy|102|1958\n|player|p2|I Hate Max|emmet|1949\n|teamsize|p1|6\n|teamsize|p2|6\n|gen|9\n|tier|[Gen 9] Random Battle\n|rated|\n|rule|Species Clause: Limit one of each Pok\u00e9mon\n|rule|HP Percentage Mod: HP is shown in percentages\n|rule|Sleep Clause Mod: Limit one foe put to sleep\n|rule|Illusion Level Mod: Illusion disguises the Pok\u00e9mon's true level\n|\n|t:|1733845257\n|start\n|switch|p1a: Wo-Chien|Wo-Chien, L83|277/277\n|switch|p2a: Jolteon|Jolteon, L84, F|219/219\n|-ability|p1a: Wo-Chien|Tablets of Ruin\n|turn|1\n|inactive|Battle timer is ON: inactive players will automatically lose when time's up. (requested by I Hate Max)\n|\n|t:|1733845264\n|switch|p2a: Jumpluff|Jumpluff, L87, M|271/271\n|move|p1a: Wo-Chien|Knock Off|p2a: Jumpluff\n|-damage|p2a: Jumpluff|205/271\n|\n|upkeep\n|turn|2\n|\n|t:|1733845272\n|switch|p1a: Pyroar|Pyroar, L88, F|295/295\n|-ability|p1a: Pyroar|Unnerve\n|move|p2a: Jumpluff|Acrobatics|p1a: Pyroar\n|-damage|p1a: Pyroar|207/295\n|\n|upkeep\n|turn|3\n|\n|t:|1733845276\n|move|p2a: Jumpluff|Sleep Powder|p1a: Pyroar\n|-status|p1a: Pyroar|slp|[from] move: Sleep Powder\n|cant|p1a: Pyroar|slp\n|\n|upkeep\n|turn|4\n|\n|t:|1733845283\n|switch|p1a: Honchkrow|Honchkrow, L86, F|312/312\n|move|p2a: Jumpluff|U-turn|p1a: Honchkrow\n|-damage|p1a: Honchkrow|266/312\n|\n|t:|1733845286\n|switch|p2a: Jolteon|Jolteon, L84, F|219/219|[from] U-turn\n|\n|upkeep\n|turn|5\n|\n|t:|1733845292\n|switch|p1a: Wo-Chien|Wo-Chien, L83|277/277\n|-ability|p1a: Wo-Chien|Tablets of Ruin\n|move|p2a: Jolteon|Will-O-Wisp|p1a: Wo-Chien\n|-status|p1a: Wo-Chien|brn\n|\n|-damage|p1a: Wo-Chien|260/277 brn|[from] brn\n|upkeep\n|turn|6\n|\n|t:|1733845304\n|switch|p2a: Jumpluff|Jumpluff, L87, M|205/271\n|switch|p1a: Honchkrow|Honchkrow, L86, F|266/312\n|\n|upkeep\n|turn|7\n|\n|t:|1733845334\n|move|p2a: Jumpluff|U-turn|p1a: Honchkrow\n|-damage|p1a: Honchkrow|217/312\n|\n|t:|1733845336\n|switch|p2a: Skuntank|Skuntank, L84, M|310/310|[from] U-turn\n|move|p1a: Honchkrow|Brave Bird|p2a: Skuntank\n|-damage|p2a: Skuntank|129/310\n|-damage|p1a: Honchkrow|157/312|[from] Recoil\n|\n|upkeep\n|turn|8\n|\n|t:|1733845349\n|switch|p1a: Tinkaton|Tinkaton, L82, F|274/274\n|-ability|p1a: Tinkaton|Mold Breaker\n|move|p2a: Skuntank|Gunk Shot|p1a: Tinkaton\n|-immune|p1a: Tinkaton\n|\n|upkeep\n|turn|9\n|\n|t:|1733845353\n|switch|p2a: Lumineon|Lumineon, L93, F|279/279\n|move|p1a: Tinkaton|Play Rough|p2a: Lumineon\n|-damage|p2a: Lumineon|201/279\n|\n|upkeep\n|turn|10\n|\n|t:|1733845358\n|move|p2a: Lumineon|Encore|p1a: Tinkaton\n|-start|p1a: Tinkaton|Encore\n|move|p1a: Tinkaton|Play Rough|p2a: Lumineon\n|-damage|p2a: Lumineon|122/279\n|\n|upkeep\n|turn|11\n|\n|t:|1733845366\n|move|p2a: Lumineon|Alluring Voice|p1a: Tinkaton\n|-resisted|p1a: Tinkaton\n|-damage|p1a: Tinkaton|243/274\n|-damage|p2a: Lumineon|95/279|[from] item: Life Orb\n|move|p1a: Tinkaton|Play Rough|p2a: Lumineon\n|-damage|p2a: Lumineon|23/279\n|\n|-heal|p1a: Tinkaton|260/274|[from] item: Leftovers\n|upkeep\n|turn|12\n|\n|t:|1733845373\n|switch|p1a: Wo-Chien|Wo-Chien, L83|260/277 brn\n|-ability|p1a: Wo-Chien|Tablets of Ruin\n|move|p2a: Lumineon|Hydro Pump|p1a: Wo-Chien\n|-resisted|p1a: Wo-Chien\n|-damage|p1a: Wo-Chien|205/277 brn\n|-damage|p2a: Lumineon|0 fnt|[from] item: Life Orb\n|faint|p2a: Lumineon\n|\n|-heal|p1a: Wo-Chien|222/277 brn|[from] item: Leftovers\n|-damage|p1a: Wo-Chien|205/277 brn|[from] brn\n|upkeep\n|\n|t:|1733845378\n|switch|p2a: Jumpluff|Jumpluff, L87, M|205/271\n|turn|13\n|\n|t:|1733845388\n|switch|p1a: Tinkaton|Tinkaton, L82, F|260/274\n|-ability|p1a: Tinkaton|Mold Breaker\n|move|p2a: Jumpluff|Acrobatics|p1a: Tinkaton\n|-resisted|p1a: Tinkaton\n|-damage|p1a: Tinkaton|213/274\n|\n|-heal|p1a: Tinkaton|230/274|[from] item: Leftovers\n|upkeep\n|turn|14\n|\n|t:|1733845396\n|move|p2a: Jumpluff|U-turn|p1a: Tinkaton\n|-resisted|p1a: Tinkaton\n|-damage|p1a: Tinkaton|221/274\n|\n|t:|1733845398\n|switch|p2a: Jolteon|Jolteon, L84, F|246/246|[from] U-turn\n|move|p1a: Tinkaton|Play Rough|p2a: Jolteon|[miss]\n|-miss|p1a: Tinkaton|p2a: Jolteon\n|\n|-heal|p1a: Tinkaton|238/274|[from] item: Leftovers\n|upkeep\n|turn|15\n|\n|t:|1733845402\n|move|p2a: Jolteon|Calm Mind|p2a: Jolteon\n|-boost|p2a: Jolteon|spa|1\n|-boost|p2a: Jolteon|spd|1\n|move|p1a: Tinkaton|Play Rough|p2a: Jolteon\n|-damage|p2a: Jolteon|155/246\n|\n|-heal|p1a: Tinkaton|255/274|[from] item: Leftovers\n|upkeep\n|turn|16\n|\n|t:|1733845407\n|move|p2a: Jolteon|Thunderbolt|p1a: Tinkaton\n|-damage|p1a: Tinkaton|68/274\n|-damage|p2a: Jolteon|131/246|[from] item: Life Orb\n|move|p1a: Tinkaton|Play Rough|p2a: Jolteon\n|-damage|p2a: Jolteon|34/246\n|\n|-heal|p1a: Tinkaton|85/274|[from] item: Leftovers\n|upkeep\n|turn|17\n|\n|t:|1733845416\n|switch|p1a: Wo-Chien|Wo-Chien, L83|205/277 brn\n|-ability|p1a: Wo-Chien|Tablets of Ruin\n|move|p2a: Jolteon|Thunderbolt|p1a: Wo-Chien\n|-resisted|p1a: Wo-Chien\n|-damage|p1a: Wo-Chien|135/277 brn\n|-damage|p2a: Jolteon|10/246|[from] item: Life Orb\n|\n|-heal|p1a: Wo-Chien|152/277 brn|[from] item: Leftovers\n|-damage|p1a: Wo-Chien|135/277 brn|[from] brn\n|upkeep\n|turn|18\n|\n|t:|1733845421\n|move|p2a: Jolteon|Alluring Voice|p1a: Wo-Chien\n|-supereffective|p1a: Wo-Chien\n|-damage|p1a: Wo-Chien|0 fnt\n|faint|p1a: Wo-Chien\n|-damage|p2a: Jolteon|0 fnt|[from] item: Life Orb\n|faint|p2a: Jolteon\n|\n|upkeep\n|\n|t:|1733845427\n|switch|p2a: Jumpluff|Jumpluff, L87, M|219/219\n|switch|p1a: Honchkrow|Honchkrow, L86, F|157/312\n|turn|19\n|\n|t:|1733845433\n|switch|p2a: Jumpluff|Jumpluff, L87, M|205/271\n|move|p1a: Honchkrow|Thunder Wave|p2a: Jumpluff\n|-status|p2a: Jumpluff|par\n|\n|upkeep\n|turn|20\n|\n|t:|1733845437\n|move|p1a: Honchkrow|Brave Bird|p2a: Jumpluff\n|-supereffective|p2a: Jumpluff\n|-damage|p2a: Jumpluff|0 fnt\n|faint|p2a: Jumpluff\n|-ability|p1a: Honchkrow|Moxie|boost\n|-boost|p1a: Honchkrow|atk|1\n|-damage|p1a: Honchkrow|89/312|[from] Recoil\n|\n|upkeep\n|\n|t:|1733845441\n|switch|p2a: Skuntank|Skuntank, L84, M|129/310\n|turn|21\n|\n|t:|1733845446\n|switch|p1a: Cyclizar|Cyclizar, L83, F|252/252\n|move|p2a: Skuntank|Knock Off|p1a: Cyclizar\n|-damage|p1a: Cyclizar|100/252\n|-enditem|p1a: Cyclizar|Heavy-Duty Boots|[from] move: Knock Off|[of] p2a: Skuntank\n|-damage|p2a: Skuntank|98/310|[from] item: Life Orb\n|\n|upkeep\n|turn|22\n|\n|t:|1733845450\n|move|p1a: Cyclizar|Draco Meteor|p2a: Skuntank|[miss]\n|-miss|p1a: Cyclizar|p2a: Skuntank\n|move|p2a: Skuntank|Knock Off|p1a: Cyclizar\n|-damage|p1a: Cyclizar|0 fnt\n|faint|p1a: Cyclizar\n|-damage|p2a: Skuntank|67/310|[from] item: Life Orb\n|\n|upkeep\n|\n|t:|1733845457\n|switch|p1a: Tinkaton|Tinkaton, L82, F|85/274\n|-ability|p1a: Tinkaton|Mold Breaker\n|turn|23\n|\n|t:|1733845461\n|move|p2a: Skuntank|Sucker Punch|p1a: Tinkaton\n|-resisted|p1a: Tinkaton\n|-damage|p1a: Tinkaton|33/274\n|-damage|p2a: Skuntank|36/310|[from] item: Life Orb\n|move|p1a: Tinkaton|Play Rough|p2a: Skuntank\n|-damage|p2a: Skuntank|0 fnt\n|-damage|p1a: Tinkaton|0 fnt|[from] ability: Aftermath|[of] p2a: Skuntank\n|faint|p2a: Skuntank\n|faint|p1a: Tinkaton\n|\n|upkeep\n|\n|t:|1733845467\n|switch|p1a: Basculin|Basculin-Blue-Striped, L86, M|261/261\n|switch|p2a: Cloyster|Cloyster, L80, M|219/219\n|turn|24\n|\n|t:|1733845475\n|move|p2a: Cloyster|Hyper Voice|p1a: Basculin\n|-damage|p1a: Basculin|80/261\n|-damage|p2a: Cloyster|198/219|[from] item: Life Orb\n|move|p1a: Basculin|Double-Edge|p2a: Cloyster\n|-immune|p2a: Cloyster\n|\n|upkeep\n|turn|25\n|-message|TheGoldenGoomy forfeited.\n|\n|win|I Hate Max\n|raw|TheGoldenGoomy's rating: 1958 &rarr; <strong>1937</strong><br />(-21 for losing)\n|raw|I Hate Max's rating: 1949 &rarr; <strong>1970</strong><br />(+21 for winning)\n|l|\u2606TheGoldenGoomy\n|player|p1|\n", "inputlog": ">version bfd83cad13791eb5a5a409923076391caf6fb4d4\n>start {\"formatid\":\"gen9randombattle\",\"seed\":[4774,6878,4240,47874],\"rated\":\"Rated battle\"}\n>player p1 {\"name\":\"TheGoldenGoomy\",\"avatar\":\"102\",\"rating\":1958,\"seed\":[59685,13329,9744,49692]}\n>player p2 {\"name\":\"I Hate Max\",\"avatar\":\"emmet\",\"rating\":1949,\"seed\":[50212,56985,52561,15237]}\n>p1 move knockoff\n>p2 switch 2\n>p1 switch 3\n>p2 move acrobatics\n>p1 move willowisp\n>p2 move sleeppowder\n>p1 switch 2\n>p2 move uturn\n>p2 switch 2\n>p1 switch 3\n>p2 move willowisp\n>p1 switch 3\n>p2 switch 2\n>p1 move bravebird\n>p2 move uturn\n>p2 switch 4\n>p1 switch 4\n>p2 move gunkshot\n>p1 move playrough\n>p2 switch 3\n>p1 move knockoff\n>p2 move encore\n>p1 move playrough\n>p2 move alluringvoice\n>p1 switch 3\n>p2 move hydropump\n>p2 switch 4\n>p1 switch 3\n>p2 move acrobatics\n>p1 move playrough\n>p2 move uturn\n>p2 switch 6\n>p1 move playrough\n>p2 move calmmind\n>p1 move playrough\n>p2 move thunderbolt\n>p1 switch 3\n>p2 move thunderbolt\n>p1 move knockoff\n>p2 move alluringvoice\n>p1 switch 4\n>p2 switch 2\n>p1 move thunderwave\n>p2 switch 6\n>p1 move bravebird\n>p2 move acrobatics\n>p2 switch 3\n>p1 switch 5\n>p2 move knockoff\n>p1 move dracometeor\n>p2 move knockoff\n>p1 switch 3\n>p1 move playrough\n>p2 move suckerpunch\n>p1 switch 6\n>p2 switch 6\n>p1 move doubleedge\n>p2 move hypervoice\n>forcelose p1", "uploadtime": 1733845487, "views": 10, "formatid": "gen9randombattle", "rating": 1937, "private": 0, "password": null}