{"id": "gen9randombattle-2206989798", "format": "[Gen 9] Random Battle", "players": ["5Turtles", "RB2T Unstoppable"], "log": "|badge|p2|bronze|gen9randombattle|100-2\n|uhtml|medal-msg|<div class=\"broadcast-blue\">Curious what those medals under the avatar are? PS now has Ladder Seasons! For more information, check out the <a href=\"https://www.smogon.com/forums/threads/3740067/\">thread on Smogon.</a></div>\n|raw|<div class=\"broadcast-blue\"><strong>This battle is required to be public due to a player having a name starting with 'rb2t'.</div>\n|j|\u26065Turtles\n|j|\u203dRB2T Unstoppable\n|t:|1726980654\n|gametype|singles\n|player|p1|5Turtles|266|2266\n|player|p2|RB2T Unstoppable|waitress-gen4|2308\n|teamsize|p1|6\n|teamsize|p2|6\n|gen|9\n|tier|[Gen 9] Random Battle\n|rated|\n|rule|Species Clause: Limit one of each Pok\u00e9mon\n|rule|HP Percentage Mod: HP is shown in percentages\n|rule|Sleep Clause Mod: Limit one foe put to sleep\n|rule|Illusion Level Mod: Illusion disguises the Pok\u00e9mon's true level\n|\n|t:|1726980654\n|start\n|switch|p1a: Dunsparce|Dunsparce, L86, F|312/312\n|switch|p2a: Terrakion|Terrakion, L79|273/273\n|turn|1\n|inactive|Battle timer is ON: inactive players will automatically lose when time's up. (requested by RB2T Unstoppable)\n|\n|t:|1726980674\n|switch|p2a: Eelektross|Eelektross, L87, F|290/290\n|move|p1a: Dunsparce|Earthquake|p2a: Eelektross\n|-immune|p2a: Eelektross|[from] ability: Levitate\n|\n|upkeep\n|turn|2\n|\n|t:|1726980686\n|switch|p1a: Kricketune|Kricketune, L99, M|312/312\n|move|p2a: Eelektross|Knock Off|p1a: Kricketune\n|-damage|p1a: Kricketune|210/312\n|-enditem|p1a: Kricketune|Heavy-Duty Boots|[from] move: Knock Off|[of] p2a: Eelektross\n|\n|upkeep\n|turn|3\n|\n|t:|1726980697\n|move|p1a: Kricketune|Sticky Web|p2a: Eelektross\n|-sidestart|p2: RB2T Unstoppable|move: Sticky Web\n|move|p2a: Eelektross|Coil|p2a: Eelektross\n|-boost|p2a: Eelektross|atk|1\n|-boost|p2a: Eelektross|def|1\n|-boost|p2a: Eelektross|accuracy|1\n|\n|upkeep\n|turn|4\n|\n|t:|1726980704\n|move|p1a: Kricketune|Knock Off|p2a: Eelektross\n|-damage|p2a: Eelektross|226/290\n|-enditem|p2a: Eelektross|Leftovers|[from] move: Knock Off|[of] p1a: Kricketune\n|move|p2a: Eelektross|Supercell Slam|p1a: Kricketune\n|-damage|p1a: Kricketune|0 fnt\n|faint|p1a: Kricketune\n|\n|upkeep\n|\n|t:|1726980727\n|switch|p1a: Perrserker|Perrserker, L89, M|269/269\n|turn|5\n|\n|t:|1726980734\n|move|p1a: Perrserker|U-turn|p2a: Eelektross\n|-damage|p2a: Eelektross|168/290\n|\n|t:|1726980737\n|switch|p1a: Minun|Minun, L95, F|268/268|[from] U-turn\n|move|p2a: Eelektross|Drain Punch|p1a: Minun\n|-damage|p1a: Minun|137/268\n|-heal|p2a: Eelektross|234/290|[from] drain|[of] p1a: Minun\n|\n|upkeep\n|turn|6\n|\n|t:|1726980753\n|move|p1a: Minun|Alluring Voice|p2a: Eelektross\n|-damage|p2a: Eelektross|148/290\n|-damage|p1a: Minun|111/268|[from] item: Life Orb\n|move|p2a: Eelektross|Knock Off|p1a: Minun\n|-damage|p1a: Minun|0 fnt\n|-enditem|p1a: Minun|Life Orb|[from] move: Knock Off|[of] p2a: Eelektross\n|faint|p1a: Minun\n|\n|upkeep\n|inactive|5Turtles has 120 seconds left.\n|j| Ghostilex\n|\n|t:|1726980782\n|switch|p1a: Perrserker|Perrserker, L89, M|269/269\n|turn|7\n|l| Ghostilex\n|\n|t:|1726980787\n|move|p1a: Perrserker|U-turn|p2a: Eelektross\n|-damage|p2a: Eelektross|82/290\n|\n|t:|1726980789\n|switch|p1a: Tentacruel|Tentacruel, L84, M|272/272|[from] U-turn\n|move|p2a: Eelektross|Drain Punch|p1a: Tentacruel\n|-resisted|p1a: Tentacruel\n|-damage|p1a: Tentacruel|214/272\n|-damage|p2a: Eelektross|53/290|[from] ability: Liquid Ooze|[of] p1a: Tentacruel\n|\n|-heal|p1a: Tentacruel|231/272|[from] item: Leftovers\n|upkeep\n|turn|8\n|\n|t:|1726980801\n|move|p1a: Tentacruel|Surf|p2a: Eelektross\n|-damage|p2a: Eelektross|0 fnt\n|faint|p2a: Eelektross\n|\n|-heal|p1a: Tentacruel|248/272|[from] item: Leftovers\n|upkeep\n|\n|t:|1726980820\n|switch|p2a: Jumpluff|Jumpluff, L87, F|271/271\n|turn|9\n|\n|t:|1726980831\n|move|p2a: Jumpluff|Acrobatics|p1a: Tentacruel\n|-damage|p1a: Tentacruel|146/272\n|move|p1a: Tentacruel|Sludge Bomb|p2a: Jumpluff\n|-supereffective|p2a: Jumpluff\n|-damage|p2a: Jumpluff|113/271\n|\n|-heal|p1a: Tentacruel|163/272|[from] item: Leftovers\n|upkeep\n|turn|10\n|\n|t:|1726980840\n|move|p2a: Jumpluff|Acrobatics|p1a: Tentacruel\n|-damage|p1a: Tentacruel|52/272\n|move|p1a: Tentacruel|Rapid Spin|p2a: Jumpluff\n|-damage|p2a: Jumpluff|80/271\n|-boost|p1a: Tentacruel|spe|1\n|\n|-heal|p1a: Tentacruel|69/272|[from] item: Leftovers\n|upkeep\n|turn|11\n|\n|t:|1726980854\n|move|p1a: Tentacruel|Sludge Bomb|p2a: Jumpluff\n|-supereffective|p2a: Jumpluff\n|-damage|p2a: Jumpluff|0 fnt\n|faint|p2a: Jumpluff\n|\n|-heal|p1a: Tentacruel|86/272|[from] item: Leftovers\n|upkeep\n|\n|t:|1726980861\n|switch|p2a: Gogoat|Gogoat, L88, F|360/360\n|-activate|p2a: Gogoat|move: Sticky Web\n|-unboost|p2a: Gogoat|spe|1\n|turn|12\n|\n|t:|1726980868\n|move|p1a: Tentacruel|Sludge Bomb|p2a: Gogoat\n|-supereffective|p2a: Gogoat\n|-damage|p2a: Gogoat|184/360\n|-status|p2a: Gogoat|psn\n|move|p2a: Gogoat|Earthquake|p1a: Tentacruel\n|-supereffective|p1a: Tentacruel\n|-damage|p1a: Tentacruel|0 fnt\n|faint|p1a: Tentacruel\n|\n|-heal|p2a: Gogoat|206/360 psn|[from] item: Leftovers\n|-damage|p2a: Gogoat|161/360 psn|[from] psn\n|upkeep\n|\n|t:|1726980881\n|switch|p1a: Perrserker|Perrserker, L89, M|269/269\n|turn|13\n|\n|t:|1726980886\n|move|p1a: Perrserker|U-turn|p2a: Gogoat\n|-supereffective|p2a: Gogoat\n|-damage|p2a: Gogoat|0 fnt\n|faint|p2a: Gogoat\n|\n|t:|1726980890\n|switch|p1a: Dunsparce|Dunsparce, L86, F|312/312|[from] U-turn\n|\n|upkeep\n|\n|t:|1726980905\n|switch|p2a: Manaphy|Manaphy, L78|284/284\n|-activate|p2a: Manaphy|move: Sticky Web\n|-unboost|p2a: Manaphy|spe|1\n|turn|14\n|\n|t:|1726980918\n|move|p2a: Manaphy|Tail Glow|p2a: Manaphy\n|-boost|p2a: Manaphy|spa|3\n|move|p1a: Dunsparce|Body Slam|p2a: Manaphy\n|-damage|p2a: Manaphy|208/284\n|-status|p2a: Manaphy|par\n|\n|-heal|p2a: Manaphy|225/284 par|[from] item: Leftovers\n|upkeep\n|turn|15\n|\n|t:|1726980927\n|move|p1a: Dunsparce|Coil|p1a: Dunsparce\n|-boost|p1a: Dunsparce|atk|1\n|-boost|p1a: Dunsparce|def|1\n|-boost|p1a: Dunsparce|accuracy|1\n|move|p2a: Manaphy|Hydro Pump|p1a: Dunsparce|[miss]\n|-miss|p2a: Manaphy|p1a: Dunsparce\n|\n|-heal|p2a: Manaphy|242/284 par|[from] item: Leftovers\n|upkeep\n|turn|16\n|\n|t:|1726980937\n|move|p1a: Dunsparce|Body Slam|p2a: Manaphy\n|-damage|p2a: Manaphy|125/284 par\n|move|p2a: Manaphy|Hydro Pump|p1a: Dunsparce\n|-damage|p1a: Dunsparce|113/312\n|\n|-heal|p2a: Manaphy|142/284 par|[from] item: Leftovers\n|upkeep\n|turn|17\n|\n|t:|1726980945\n|move|p1a: Dunsparce|Body Slam|p2a: Manaphy\n|-damage|p2a: Manaphy|31/284 par\n|cant|p2a: Manaphy|par\n|\n|-heal|p2a: Manaphy|48/284 par|[from] item: Leftovers\n|upkeep\n|turn|18\n|\n|t:|1726980955\n|move|p1a: Dunsparce|Body Slam|p2a: Manaphy\n|-damage|p2a: Manaphy|0 fnt\n|faint|p2a: Manaphy\n|\n|upkeep\n|\n|t:|1726980964\n|switch|p2a: Terrakion|Terrakion, L79|273/273\n|-activate|p2a: Terrakion|move: Sticky Web\n|-unboost|p2a: Terrakion|spe|1\n|turn|19\n|\n|t:|1726980990\n|-terastallize|p2a: Terrakion|Fighting\n|move|p2a: Terrakion|Close Combat|p1a: Dunsparce\n|-supereffective|p1a: Dunsparce\n|-damage|p1a: Dunsparce|0 fnt\n|-unboost|p2a: Terrakion|def|1\n|-unboost|p2a: Terrakion|spd|1\n|faint|p1a: Dunsparce\n|-damage|p2a: Terrakion|246/273|[from] item: Life Orb\n|\n|upkeep\n|\n|t:|1726980999\n|switch|p1a: Exeggutor|Exeggutor-Alola, L89, M|314/314\n|turn|20\n|\n|t:|1726981012\n|switch|p2a: Palafin|Palafin, L77, M|281/281\n|-activate|p2a: Palafin|move: Sticky Web\n|-unboost|p2a: Palafin|spe|1\n|move|p1a: Exeggutor|Dragon Pulse|p2a: Palafin\n|-damage|p2a: Palafin|116/281\n|\n|upkeep\n|turn|21\n|\n|t:|1726981022\n|move|p2a: Palafin|Close Combat|p1a: Exeggutor\n|-crit|p1a: Exeggutor\n|-damage|p1a: Exeggutor|182/314\n|-unboost|p2a: Palafin|def|1\n|-unboost|p2a: Palafin|spd|1\n|move|p1a: Exeggutor|Giga Drain|p2a: Palafin\n|-supereffective|p2a: Palafin\n|-damage|p2a: Palafin|0 fnt\n|-heal|p1a: Exeggutor|240/314|[from] drain|[of] p2a: Palafin\n|faint|p2a: Palafin\n|\n|upkeep\n|\n|t:|1726981024\n|switch|p2a: Terrakion|Terrakion, L79, tera:Fighting|246/273\n|-activate|p2a: Terrakion|move: Sticky Web\n|-unboost|p2a: Terrakion|spe|1\n|turn|22\n|\n|t:|1726981040\n|move|p2a: Terrakion|Swords Dance|p2a: Terrakion\n|-boost|p2a: Terrakion|atk|2\n|move|p1a: Exeggutor|Dragon Pulse|p2a: Terrakion\n|-damage|p2a: Terrakion|128/273\n|\n|upkeep\n|turn|23\n|\n|t:|1726981066\n|move|p2a: Terrakion|Close Combat|p1a: Exeggutor\n|-damage|p1a: Exeggutor|0 fnt\n|-unboost|p2a: Terrakion|def|1\n|-unboost|p2a: Terrakion|spd|1\n|faint|p1a: Exeggutor\n|-damage|p2a: Terrakion|101/273|[from] item: Life Orb\n|\n|upkeep\n|\n|t:|1726981073\n|switch|p1a: Perrserker|Perrserker, L89, M|269/269\n|turn|24\n|\n|t:|1726981086\n|-terastallize|p1a: Perrserker|Fighting\n|move|p2a: Terrakion|Close Combat|p1a: Perrserker\n|-damage|p1a: Perrserker|0 fnt\n|-unboost|p2a: Terrakion|def|1\n|-unboost|p2a: Terrakion|spd|1\n|faint|p1a: Perrserker\n|-damage|p2a: Terrakion|74/273|[from] item: Life Orb\n|\n|win|RB2T Unstoppable\n|raw|5Turtles's rating: 2266 &rarr; <strong>2248</strong><br />(-18 for losing)\n|raw|RB2T Unstoppable's rating: 2308 &rarr; <strong>2326</strong><br />(+18 for winning)\n", "inputlog": ">version ddf5848a381b6afa3b8db755b9bdef59b522c4eb\n>start {\"formatid\":\"gen9randombattle\",\"seed\":[32631,56534,30378,58135],\"rated\":\"Rated battle\"}\n>player p1 {\"name\":\"5Turtles\",\"avatar\":\"266\",\"rating\":2266,\"seed\":[5219,6218,47766,52229]}\n>player p2 {\"name\":\"RB2T Unstoppable\",\"avatar\":\"waitress-gen4\",\"rating\":2308,\"seed\":[32972,23776,30237,28964]}\n>p1 move earthquake\n>p2 switch 4\n>p1 switch 5\n>p2 move knockoff\n>p1 move stickyweb\n>p2 move coil\n>p1 move knockoff\n>p2 move supercellslam\n>p1 switch 6\n>p1 move uturn\n>p2 move drainpunch\n>p1 switch 3\n>p1 move alluringvoice\n>p2 move knockoff\n>p1 switch 3\n>p1 move uturn\n>p2 move drainpunch\n>p1 switch 4\n>p1 move surf\n>p2 move supercellslam\n>p2 switch 2\n>p1 move sludgebomb\n>p2 move acrobatics\n>p1 move rapidspin\n>p2 move acrobatics\n>p1 move sludgebomb\n>p2 move acrobatics\n>p2 switch 5\n>p1 move sludgebomb\n>p2 move earthquake\n>p1 switch 4\n>p1 move uturn\n>p2 move earthquake\n>p1 switch 5\n>p2 switch 3\n>p1 move bodyslam\n>p2 move tailglow\n>p1 move coil\n>p2 move hydropump\n>p1 move bodyslam\n>p2 move hydropump\n>p1 move bodyslam\n>p2 move hydropump\n>p1 move bodyslam\n>p2 move hydropump\n>p2 switch 4\n>p1 move earthquake\n>p2 move closecombat terastallize\n>p1 switch 2\n>p1 move dragonpulse\n>p2 switch 6\n>p1 move gigadrain\n>p2 move closecombat\n>p2 switch 6\n>p1 move dragonpulse\n>p2 move swordsdance\n>p1 move dragonpulse\n>p2 move closecombat\n>p1 switch 5\n>p1 move ironhead terastallize\n>p2 move closecombat", "uploadtime": 1726981089, "views": 85, "formatid": "gen9randombattle", "rating": 2248, "private": 0, "password": null}