{"id": "gen9randombattle-2260304656", "format": "[Gen 9] Random Battle", "players": ["wtflip", "YoMrPokemon"], "log": "|j|\u2606wtflip\n|j|\u2606YoMrPokemon\n|inactive|Battle timer is ON: inactive players will automatically lose when time's up.\n|j|*Lady Monita \u2600\n|t:|1733837655\n|gametype|singles\n|player|p1|wtflip|169|\n|player|p2|YoMrPokemon|unknown|\n|teamsize|p1|6\n|teamsize|p2|6\n|gen|9\n|tier|[Gen 9] Random Battle\n|rated|Tournament battle\n|rule|Species Clause: Limit one of each Pok\u00e9mon\n|rule|HP Percentage Mod: HP is shown in percentages\n|rule|Sleep Clause Mod: Limit one foe put to sleep\n|rule|Illusion Level Mod: Illusion disguises the Pok\u00e9mon's true level\n|\n|t:|1733837655\n|start\n|switch|p1a: Espathra|Espathra, L80, M|283/283\n|switch|p2a: Hawlucha|Hawlucha, L80, M|256/256\n|turn|1\n|inactive|YoMrPokemon also wants the timer to be on.\n|\n|t:|1733837672\n|switch|p2a: Gothitelle|Gothitelle, L90, F|272/272\n|move|p1a: Espathra|Substitute|p1a: Espathra\n|-start|p1a: Espathra|Substitute\n|-damage|p1a: Espathra|213/283\n|\n|-heal|p1a: Espathra|230/283|[from] item: Leftovers\n|-ability|p1a: Espathra|Speed Boost|boost\n|-boost|p1a: Espathra|spe|1\n|upkeep\n|turn|2\n|\n|t:|1733837691\n|move|p1a: Espathra|Calm Mind|p1a: Espathra\n|-boost|p1a: Espathra|spa|1\n|-boost|p1a: Espathra|spd|1\n|move|p2a: Gothitelle|Dark Pulse|p1a: Espathra\n|-supereffective|p1a: Espathra\n|-end|p1a: Espathra|Substitute\n|\n|-heal|p1a: Espathra|247/283|[from] item: Leftovers\n|-ability|p1a: Espathra|Speed Boost|boost\n|-boost|p1a: Espathra|spe|1\n|upkeep\n|turn|3\n|inactive|wtflip has 120 seconds left.\n|\n|t:|1733837732\n|-terastallize|p1a: Espathra|Fairy\n|move|p1a: Espathra|Substitute|p1a: Espathra\n|-start|p1a: Espathra|Substitute\n|-damage|p1a: Espathra|177/283\n|move|p2a: Gothitelle|Dark Pulse|p1a: Espathra\n|-resisted|p1a: Espathra\n|-activate|p1a: Espathra|move: Substitute|[damage]\n|\n|-heal|p1a: Espathra|194/283|[from] item: Leftovers\n|-ability|p1a: Espathra|Speed Boost|boost\n|-boost|p1a: Espathra|spe|1\n|upkeep\n|turn|4\n|\n|t:|1733837754\n|switch|p2a: Victreebel|Victreebel, L90, M|290/290\n|move|p1a: Espathra|Calm Mind|p1a: Espathra\n|-boost|p1a: Espathra|spa|1\n|-boost|p1a: Espathra|spd|1\n|\n|-heal|p1a: Espathra|211/283|[from] item: Leftovers\n|-ability|p1a: Espathra|Speed Boost|boost\n|-boost|p1a: Espathra|spe|1\n|upkeep\n|turn|5\n|\n|t:|1733837765\n|move|p1a: Espathra|Stored Power|p2a: Victreebel\n|-supereffective|p2a: Victreebel\n|-damage|p2a: Victreebel|0 fnt\n|faint|p2a: Victreebel\n|\n|-heal|p1a: Espathra|228/283|[from] item: Leftovers\n|-ability|p1a: Espathra|Speed Boost|boost\n|-boost|p1a: Espathra|spe|1\n|upkeep\n|\n|t:|1733837768\n|switch|p2a: Calyrex|Calyrex-Shadow, L64|235/235\n|-ability|p2a: Calyrex|As One\n|-ability|p2a: Calyrex|Unnerve\n|turn|6\n|\n|t:|1733837784\n|-terastallize|p2a: Calyrex|Dark\n|move|p1a: Espathra|Stored Power|p2a: Calyrex\n|-immune|p2a: Calyrex\n|move|p2a: Calyrex|Trick||[still]\n|-fail|p2a: Calyrex\n|\n|-heal|p1a: Espathra|245/283|[from] item: Leftovers\n|-ability|p1a: Espathra|Speed Boost|boost\n|-boost|p1a: Espathra|spe|1\n|upkeep\n|turn|7\n|\n|t:|1733837796\n|switch|p2a: Gothitelle|Gothitelle, L90, F|272/272\n|move|p1a: Espathra|Dazzling Gleam|p2a: Gothitelle\n|-damage|p2a: Gothitelle|154/272\n|\n|-heal|p1a: Espathra|262/283|[from] item: Leftovers\n|-heal|p2a: Gothitelle|171/272|[from] item: Leftovers\n|upkeep\n|turn|8\n|inactive|wtflip has 120 seconds left.\n|\n|t:|1733837802\n|move|p1a: Espathra|Stored Power|p2a: Gothitelle\n|-resisted|p2a: Gothitelle\n|-damage|p2a: Gothitelle|0 fnt\n|faint|p2a: Gothitelle\n|\n|-heal|p1a: Espathra|279/283|[from] item: Leftovers\n|upkeep\n|\n|t:|1733837805\n|switch|p2a: Calyrex|Calyrex-Shadow, L64, tera:Dark|235/235\n|-ability|p2a: Calyrex|As One\n|-ability|p2a: Calyrex|Unnerve\n|turn|9\n|\n|t:|1733837810\n|move|p1a: Espathra|Dazzling Gleam|p2a: Calyrex\n|-supereffective|p2a: Calyrex\n|-damage|p2a: Calyrex|0 fnt\n|faint|p2a: Calyrex\n|\n|-heal|p1a: Espathra|283/283|[from] item: Leftovers\n|upkeep\n|\n|t:|1733837813\n|switch|p2a: Clawitzer|Clawitzer, L87, M|265/265\n|turn|10\n|\n|t:|1733837819\n|move|p1a: Espathra|Stored Power|p2a: Clawitzer\n|-damage|p2a: Clawitzer|0 fnt\n|faint|p2a: Clawitzer\n|\n|upkeep\n|c|\u2606YoMrPokemon|dude espathra is so OP\n|\n|t:|1733837824\n|switch|p2a: Hariyama|Hariyama, L87, F|392/392\n|turn|11\n|c|\u2606wtflip|im literlly not even paying attention man fr\n|j| yell0w_birb\n|c|\u2606wtflip|this shit is so op\n|\n|t:|1733837849\n|move|p2a: Hariyama|Fake Out|p1a: Espathra\n|-end|p1a: Espathra|Substitute\n|move|p1a: Espathra|Stored Power|p2a: Hariyama\n|-supereffective|p2a: Hariyama\n|-damage|p2a: Hariyama|0 fnt\n|faint|p2a: Hariyama\n|\n|upkeep\n|\n|t:|1733837855\n|switch|p2a: Hawlucha|Hawlucha, L80, M|256/256\n|turn|12\n|c|\u2606YoMrPokemon|fr\n|\n|t:|1733837861\n|move|p1a: Espathra|Dazzling Gleam|p2a: Hawlucha\n|-supereffective|p2a: Hawlucha\n|-damage|p2a: Hawlucha|0 fnt\n|faint|p2a: Hawlucha\n|\n|win|wtflip\n|n|\u2606wtflip|wtflip\n|n|\u2606YoMrPokemon|yomrpokemon\n|n|*Lady Monita \u2600|ladymonita\n|n| yell0w_birb|yell0wbirb\n|l|*Lady Monita \u2600\n|c|\u2606wtflip|gg\n|c|\u2606YoMrPokemon|ggwp\n|l|\u2606YoMrPokemon\n|player|p2|\n|l|\u2606wtflip\n|player|p1|\n|j|\u2606wtflip\n|player|p1|wtflip|169|\n", "inputlog": ">version bfd83cad13791eb5a5a409923076391caf6fb4d4\n>start {\"formatid\":\"gen9randombattle\",\"seed\":[12272,60823,53004,63616],\"rated\":\"Tournament battle\"}\n>player p1 {\"name\":\"wtflip\",\"avatar\":\"169\",\"rating\":0,\"seed\":[59207,34945,22423,43044]}\n>player p2 {\"name\":\"YoMrPokemon\",\"avatar\":\"unknown\",\"rating\":0,\"seed\":[34531,9117,40320,53558]}\n>p1 move substitute\n>p2 switch 3\n>p1 move calmmind\n>p2 move darkpulse\n>p1 move substitute terastallize\n>p2 move darkpulse\n>p1 move calmmind\n>p2 switch 6\n>p1 move storedpower\n>p2 move sludgewave\n>p2 switch 5\n>p1 move storedpower\n>p2 move trick terastallize\n>p1 move dazzlinggleam\n>p2 switch 6\n>p1 move storedpower\n>p2 move psychicnoise\n>p2 switch 6\n>p1 move dazzlinggleam\n>p2 move astralbarrage\n>p2 switch 2\n>p1 move storedpower\n>p2 move waterpulse\n>chat \u2606YoMrPokemon|dude espathra is so OP\n>p2 switch 4\n>chat \u2606wtflip|im literlly not even paying attention man fr\n>chat \u2606wtflip|this shit is so op\n>p1 move storedpower\n>p2 move fakeout\n>p2 switch 3\n>chat \u2606YoMrPokemon|fr\n>p1 move dazzlinggleam\n>p2 move acrobatics", "uploadtime": 1733837866, "views": 1, "formatid": "gen9randombattle", "rating": null, "private": 0, "password": null}