{"id": "gen9randombattle-2260300490", "format": "[Gen 9] Random Battle", "players": ["DARXIKUN", "WinstonZaHuman"], "log": "|j|\u2606DARXIKUN\n|j|\u2606WinstonZaHuman\n|t:|1733837132\n|gametype|singles\n|player|p1|DARXIKUN|ghetsis-gen5bw|1330\n|player|p2|WinstonZaHuman|anabel-gen7|1348\n|teamsize|p1|6\n|teamsize|p2|6\n|gen|9\n|tier|[Gen 9] Random Battle\n|rated|\n|rule|Species Clause: Limit one of each Pok\u00e9mon\n|rule|HP Percentage Mod: HP is shown in percentages\n|rule|Sleep Clause Mod: Limit one foe put to sleep\n|rule|Illusion Level Mod: Illusion disguises the Pok\u00e9mon's true level\n|\n|t:|1733837132\n|start\n|switch|p1a: Sandy Shocks|Sandy Shocks, L80|267/267\n|switch|p2a: Glastrier|Glastrier, L86|312/312\n|turn|1\n|inactive|Battle timer is ON: inactive players will automatically lose when time's up. (requested by WinstonZaHuman)\n|inactive|DARXIKUN also wants the timer to be on.\n|\n|t:|1733837152\n|move|p1a: Sandy Shocks|Volt Switch|p2a: Glastrier\n|-damage|p2a: Glastrier|240/312\n|\n|t:|1733837158\n|-end|p1a: Sandy Shocks|Protosynthesis|[silent]\n|switch|p1a: Palkia|Palkia, L75|259/259|[from] Volt Switch\n|-ability|p1a: Palkia|Pressure\n|move|p2a: Glastrier|Icicle Crash|p1a: Palkia\n|-damage|p1a: Palkia|115/259\n|\n|upkeep\n|turn|2\n|\n|t:|1733837168\n|move|p1a: Palkia|Fire Blast|p2a: Glastrier\n|-supereffective|p2a: Glastrier\n|-damage|p2a: Glastrier|30/312\n|move|p2a: Glastrier|Icicle Crash|p1a: Palkia\n|-damage|p1a: Palkia|0 fnt\n|faint|p1a: Palkia\n|-ability|p2a: Glastrier|Chilling Neigh|boost\n|-boost|p2a: Glastrier|atk|1\n|\n|upkeep\n|\n|t:|1733837179\n|switch|p1a: Sandy Shocks|Sandy Shocks, L80|267/267\n|turn|3\n|\n|t:|1733837187\n|move|p1a: Sandy Shocks|Volt Switch|p2a: Glastrier\n|-damage|p2a: Glastrier|0 fnt\n|faint|p2a: Glastrier\n|\n|t:|1733837197\n|-end|p1a: Sandy Shocks|Protosynthesis|[silent]\n|switch|p1a: Clefable|Clefable, L83, F|293/293|[from] Volt Switch\n|\n|upkeep\n|\n|t:|1733837202\n|switch|p2a: Sneasler|Sneasler, L74, M|240/240\n|turn|4\n|\n|t:|1733837219\n|-terastallize|p1a: Clefable|Steel\n|move|p2a: Sneasler|Gunk Shot|p1a: Clefable\n|-immune|p1a: Clefable\n|move|p1a: Clefable|Fire Blast|p2a: Sneasler|[miss]\n|-miss|p1a: Clefable|p2a: Sneasler\n|\n|upkeep\n|turn|5\n|\n|t:|1733837227\n|switch|p2a: Moltres|Moltres, L81|278/278\n|move|p1a: Clefable|Fire Blast|p2a: Moltres\n|-resisted|p2a: Moltres\n|-damage|p2a: Moltres|225/278\n|\n|upkeep\n|turn|6\n|\n|t:|1733837236\n|move|p2a: Moltres|Scorching Sands|p1a: Clefable\n|-supereffective|p1a: Clefable\n|-damage|p1a: Clefable|183/293\n|move|p1a: Clefable|Moonblast|p2a: Moltres\n|-resisted|p2a: Moltres\n|-damage|p2a: Moltres|152/278\n|\n|upkeep\n|turn|7\n|\n|t:|1733837246\n|switch|p1a: Zapdos|Zapdos, L78|268/268\n|move|p2a: Moltres|Fire Blast|p1a: Zapdos\n|-crit|p1a: Zapdos\n|-damage|p1a: Zapdos|39/268\n|-status|p1a: Zapdos|brn\n|\n|-damage|p1a: Zapdos|23/268 brn|[from] brn\n|upkeep\n|turn|8\n|\n|t:|1733837257\n|switch|p2a: Pikachu|Pikachu-World, L93, M|216/216\n|move|p1a: Zapdos|Thunderbolt|p2a: Pikachu\n|-ability|p2a: Pikachu|Lightning Rod|boost\n|-boost|p2a: Pikachu|spa|1\n|\n|-damage|p1a: Zapdos|7/268 brn|[from] brn\n|upkeep\n|turn|9\n|\n|t:|1733837267\n|move|p2a: Pikachu|Knock Off|p1a: Zapdos\n|-damage|p1a: Zapdos|0 fnt\n|-enditem|p1a: Zapdos|Heavy-Duty Boots|[from] move: Knock Off|[of] p2a: Pikachu\n|faint|p1a: Zapdos\n|\n|upkeep\n|\n|t:|1733837274\n|switch|p1a: Sandy Shocks|Sandy Shocks, L80|267/267\n|turn|10\n|\n|t:|1733837278\n|move|p2a: Pikachu|Surf|p1a: Sandy Shocks\n|-supereffective|p1a: Sandy Shocks\n|-damage|p1a: Sandy Shocks|0 fnt\n|faint|p1a: Sandy Shocks\n|-end|p1a: Sandy Shocks|Protosynthesis|[silent]\n|\n|upkeep\n|\n|t:|1733837286\n|switch|p1a: Dachsbun|Dachsbun, L92, F|254/254\n|turn|11\n|\n|t:|1733837294\n|move|p1a: Dachsbun|Stomping Tantrum|p2a: Pikachu\n|-supereffective|p2a: Pikachu\n|-crit|p2a: Pikachu\n|-damage|p2a: Pikachu|0 fnt\n|faint|p2a: Pikachu\n|\n|upkeep\n|\n|t:|1733837299\n|switch|p2a: Moltres|Moltres, L81|152/278\n|turn|12\n|\n|t:|1733837303\n|move|p1a: Dachsbun|Play Rough|p2a: Moltres|[miss]\n|-miss|p1a: Dachsbun|p2a: Moltres\n|move|p2a: Moltres|Roost|p2a: Moltres\n|-heal|p2a: Moltres|278/278\n|-singleturn|p2a: Moltres|move: Roost\n|\n|upkeep\n|turn|13\n|\n|t:|1733837310\n|move|p1a: Dachsbun|Play Rough|p2a: Moltres|[miss]\n|-miss|p1a: Dachsbun|p2a: Moltres\n|move|p2a: Moltres|Scorching Sands|p1a: Dachsbun\n|-damage|p1a: Dachsbun|201/254\n|\n|-heal|p1a: Dachsbun|216/254|[from] item: Leftovers\n|upkeep\n|turn|14\n|c|\u2606DARXIKUN|wtf\n|\n|t:|1733837320\n|move|p1a: Dachsbun|Play Rough|p2a: Moltres|[miss]\n|-miss|p1a: Dachsbun|p2a: Moltres\n|move|p2a: Moltres|Scorching Sands|p1a: Dachsbun\n|-damage|p1a: Dachsbun|163/254\n|\n|-heal|p1a: Dachsbun|178/254|[from] item: Leftovers\n|upkeep\n|turn|15\n|\n|t:|1733837328\n|move|p1a: Dachsbun|Play Rough|p2a: Moltres\n|-resisted|p2a: Moltres\n|-damage|p2a: Moltres|228/278\n|move|p2a: Moltres|Scorching Sands|p1a: Dachsbun\n|-damage|p1a: Dachsbun|122/254\n|-status|p1a: Dachsbun|brn\n|\n|-heal|p1a: Dachsbun|137/254 brn|[from] item: Leftovers\n|-damage|p1a: Dachsbun|122/254 brn|[from] brn\n|upkeep\n|turn|16\n|\n|t:|1733837346\n|move|p1a: Dachsbun|Wish|p1a: Dachsbun\n|move|p2a: Moltres|Scorching Sands|p1a: Dachsbun\n|-damage|p1a: Dachsbun|66/254 brn\n|\n|-heal|p1a: Dachsbun|81/254 brn|[from] item: Leftovers\n|-damage|p1a: Dachsbun|66/254 brn|[from] brn\n|upkeep\n|turn|17\n|\n|t:|1733837354\n|move|p1a: Dachsbun|Protect|p1a: Dachsbun\n|-singleturn|p1a: Dachsbun|Protect\n|move|p2a: Moltres|Roost|p2a: Moltres\n|-heal|p2a: Moltres|278/278\n|-singleturn|p2a: Moltres|move: Roost\n|\n|-heal|p1a: Dachsbun|193/254 brn|[from] move: Wish|[wisher] Dachsbun\n|-heal|p1a: Dachsbun|208/254 brn|[from] item: Leftovers\n|-damage|p1a: Dachsbun|193/254 brn|[from] brn\n|upkeep\n|turn|18\n|c|\u2606WinstonZaHuman|that aim was crazy\n|inactive|DARXIKUN has 120 seconds left.\n|\n|t:|1733837387\n|move|p1a: Dachsbun|Wish|p1a: Dachsbun\n|move|p2a: Moltres|Brave Bird|p1a: Dachsbun\n|-damage|p1a: Dachsbun|109/254 brn\n|-damage|p2a: Moltres|250/278|[from] Recoil\n|\n|-heal|p1a: Dachsbun|124/254 brn|[from] item: Leftovers\n|-damage|p1a: Dachsbun|109/254 brn|[from] brn\n|upkeep\n|turn|19\n|c|\u2606DARXIKUN|ya\n|c|\u2606DARXIKUN|4 times miss\n|\n|t:|1733837398\n|move|p1a: Dachsbun|Wish||[still]\n|-fail|p1a: Dachsbun\n|move|p2a: Moltres|Brave Bird|p1a: Dachsbun\n|-damage|p1a: Dachsbun|22/254 brn\n|-damage|p2a: Moltres|221/278|[from] Recoil\n|\n|-heal|p1a: Dachsbun|149/254 brn|[from] move: Wish|[wisher] Dachsbun\n|-heal|p1a: Dachsbun|164/254 brn|[from] item: Leftovers\n|-damage|p1a: Dachsbun|149/254 brn|[from] brn\n|upkeep\n|turn|20\n|\n|t:|1733837412\n|switch|p1a: Clefable|Clefable, L83, F, tera:Steel|183/293\n|move|p2a: Moltres|Brave Bird|p1a: Clefable\n|-resisted|p1a: Clefable\n|-crit|p1a: Clefable\n|-damage|p1a: Clefable|79/293\n|-damage|p2a: Moltres|187/278|[from] Recoil\n|\n|upkeep\n|turn|21\n|\n|t:|1733837424\n|move|p2a: Moltres|Scorching Sands|p1a: Clefable\n|-supereffective|p1a: Clefable\n|-damage|p1a: Clefable|0 fnt\n|faint|p1a: Clefable\n|\n|upkeep\n|\n|t:|1733837429\n|switch|p1a: Reuniclus|Reuniclus, L88, M|337/337\n|turn|22\n|\n|t:|1733837435\n|move|p2a: Moltres|Roost|p2a: Moltres\n|-heal|p2a: Moltres|278/278\n|-singleturn|p2a: Moltres|move: Roost\n|move|p1a: Reuniclus|Psyshock|p2a: Moltres\n|-damage|p2a: Moltres|113/278\n|\n|upkeep\n|turn|23\n|\n|t:|1733837444\n|move|p2a: Moltres|Brave Bird|p1a: Reuniclus\n|-crit|p1a: Reuniclus\n|-damage|p1a: Reuniclus|136/337\n|-damage|p2a: Moltres|47/278|[from] Recoil\n|move|p1a: Reuniclus|Psyshock|p2a: Moltres\n|-damage|p2a: Moltres|0 fnt\n|faint|p2a: Moltres\n|\n|upkeep\n|\n|t:|1733837449\n|switch|p2a: Sneasler|Sneasler, L74, M|240/240\n|turn|24\n|c|\u2606DARXIKUN|gg\n|c|\u2606DARXIKUN|lets have a rematch\n|\n|t:|1733837469\n|move|p2a: Sneasler|Throat Chop|p1a: Reuniclus\n|-supereffective|p1a: Reuniclus\n|-crit|p1a: Reuniclus\n|-damage|p1a: Reuniclus|0 fnt\n|faint|p1a: Reuniclus\n|\n|upkeep\n|\n|t:|1733837473\n|switch|p1a: Dachsbun|Dachsbun, L92, F|149/254 brn\n|turn|25\n|\n|t:|1733837478\n|switch|p2a: Blissey|Blissey, L84, F|566/566\n|move|p1a: Dachsbun|Stomping Tantrum|p2a: Blissey\n|-crit|p2a: Blissey\n|-damage|p2a: Blissey|445/566\n|\n|-heal|p1a: Dachsbun|164/254 brn|[from] item: Leftovers\n|-heal|p2a: Blissey|480/566|[from] item: Leftovers\n|-damage|p1a: Dachsbun|149/254 brn|[from] brn\n|upkeep\n|turn|26\n|c|\u2606WinstonZaHuman|ok\n|\n|t:|1733837497\n|move|p1a: Dachsbun|Play Rough|p2a: Blissey\n|-damage|p2a: Blissey|324/566\n|-unboost|p2a: Blissey|atk|1\n|move|p2a: Blissey|Seismic Toss|p1a: Dachsbun\n|-damage|p1a: Dachsbun|65/254 brn\n|\n|-heal|p1a: Dachsbun|80/254 brn|[from] item: Leftovers\n|-heal|p2a: Blissey|359/566|[from] item: Leftovers\n|-damage|p1a: Dachsbun|65/254 brn|[from] brn\n|upkeep\n|turn|27\n|\n|t:|1733837508\n|switch|p2a: Primarina|Primarina, L83, M|268/268\n|move|p1a: Dachsbun|Protect||[still]\n|-fail|p1a: Dachsbun\n|\n|-heal|p1a: Dachsbun|80/254 brn|[from] item: Leftovers\n|-damage|p1a: Dachsbun|65/254 brn|[from] brn\n|upkeep\n|turn|28\n|\n|t:|1733837516\n|move|p1a: Dachsbun|Wish|p1a: Dachsbun\n|move|p2a: Primarina|Psychic Noise|p1a: Dachsbun\n|-damage|p1a: Dachsbun|0 fnt\n|faint|p1a: Dachsbun\n|\n|win|WinstonZaHuman\n|raw|DARXIKUN's rating: 1330 &rarr; <strong>1311</strong><br />(-19 for losing)\n|raw|WinstonZaHuman's rating: 1348 &rarr; <strong>1367</strong><br />(+19 for winning)\n", "inputlog": ">version bfd83cad13791eb5a5a409923076391caf6fb4d4\n>start {\"formatid\":\"gen9randombattle\",\"seed\":[4936,42840,55121,52118],\"rated\":\"Rated battle\"}\n>player p1 {\"name\":\"DARXIKUN\",\"avatar\":\"ghetsis-gen5bw\",\"rating\":1330,\"seed\":[20576,39266,19373,19447]}\n>player p2 {\"name\":\"WinstonZaHuman\",\"avatar\":\"anabel-gen7\",\"rating\":1348,\"seed\":[56201,55302,18697,40411]}\n>p1 move voltswitch\n>p2 move iciclecrash\n>p1 switch 2\n>p1 move fireblast\n>p2 move iciclecrash\n>p1 switch 2\n>p1 move voltswitch\n>p2 move iciclecrash\n>p1 switch 4\n>p2 switch 4\n>p1 move fireblast terastallize\n>p2 move gunkshot\n>p1 move fireblast\n>p2 switch 2\n>p1 move moonblast\n>p2 move scorchingsands\n>p1 switch 5\n>p2 move fireblast\n>p1 move thunderbolt\n>p2 switch 3\n>p1 move hurricane\n>p2 move knockoff\n>p1 switch 4\n>p1 move earthpower\n>p2 move surf\n>p1 switch 6\n>p1 move stompingtantrum\n>p2 move surf\n>p2 switch 3\n>p1 move playrough\n>p2 move roost\n>p1 move playrough\n>p2 move scorchingsands\n>chat \u2606DARXIKUN|wtf\n>p1 move playrough\n>p2 move scorchingsands\n>p1 move playrough\n>p2 move scorchingsands\n>p1 move wish\n>p2 move scorchingsands\n>p1 move protect\n>p2 move roost\n>chat \u2606WinstonZaHuman|that aim was crazy\n>p1 move wish\n>p2 move bravebird\n>chat \u2606DARXIKUN|ya\n>chat \u2606DARXIKUN|4 times miss\n>p1 move wish\n>p2 move bravebird\n>p1 switch 5\n>p2 move bravebird\n>p1 move moonlight\n>p2 move scorchingsands\n>p1 switch 3\n>p1 move psyshock\n>p2 move roost\n>p1 move psyshock\n>p2 move bravebird\n>p2 switch 2\n>chat \u2606DARXIKUN|gg\n>chat \u2606DARXIKUN|lets have a rematch\n>p1 move psyshock\n>p2 move throatchop\n>p1 switch 5\n>p1 move stompingtantrum\n>p2 switch 6\n>chat \u2606WinstonZaHuman|ok\n>p1 move playrough\n>p2 move seismictoss\n>p1 move protect\n>p2 switch 5\n>p1 move wish\n>p2 move psychicnoise", "uploadtime": 1733837522, "views": 1, "formatid": "gen9randombattle", "rating": 1311, "private": 0, "password": null}