{"id": "gen9randombattle-2260313107", "format": "[Gen 9] Random Battle", "players": ["Clack Volley", "Supermel"], "log": "|j|\u2606Clack Volley\n|j|\u2606Supermel\n|t:|1733838674\n|gametype|singles\n|player|p1|Clack Volley|gambler|1742\n|player|p2|Supermel|palmer|1720\n|teamsize|p1|6\n|teamsize|p2|6\n|gen|9\n|tier|[Gen 9] Random Battle\n|rated|\n|rule|Species Clause: Limit one of each Pok\u00e9mon\n|rule|HP Percentage Mod: HP is shown in percentages\n|rule|Sleep Clause Mod: Limit one foe put to sleep\n|rule|Illusion Level Mod: Illusion disguises the Pok\u00e9mon's true level\n|\n|t:|1733838674\n|start\n|switch|p1a: Dialga|Dialga-Origin, L73|266/266\n|switch|p2a: Florges|Florges, L85, F|271/271\n|-ability|p1a: Dialga|Pressure\n|turn|1\n|inactive|Battle timer is ON: inactive players will automatically lose when time's up. (requested by Supermel)\n|inactive|Clack Volley has 120 seconds left.\n|inactive|Clack Volley has 90 seconds left.\n|\n|t:|1733838807\n|-terastallize|p2a: Florges|Ground\n|move|p2a: Florges|Calm Mind|p2a: Florges\n|-boost|p2a: Florges|spa|1\n|-boost|p2a: Florges|spd|1\n|move|p1a: Dialga|Thunder Wave|p2a: Florges\n|-immune|p2a: Florges\n|\n|upkeep\n|turn|2\n|\n|t:|1733838818\n|switch|p1a: Swanna|Swanna, L88, F|275/275\n|move|p2a: Florges|Tera Blast|p1a: Swanna|[anim] Tera Blast Ground\n|-immune|p1a: Swanna\n|\n|upkeep\n|turn|3\n|\n|t:|1733838823\n|switch|p2a: Rotom|Rotom-Wash, L82|216/216\n|move|p1a: Swanna|Hydro Pump|p2a: Rotom\n|-resisted|p2a: Rotom\n|-damage|p2a: Rotom|164/216\n|\n|-heal|p2a: Rotom|177/216|[from] item: Leftovers\n|upkeep\n|turn|4\n|\n|t:|1733838828\n|switch|p1a: Scovillain|Scovillain, L91, F|266/266\n|move|p2a: Rotom|Volt Switch|p1a: Scovillain\n|-resisted|p1a: Scovillain\n|-damage|p1a: Scovillain|224/266\n|\n|t:|1733838833\n|switch|p2a: Glimmora|Glimmora, L75, M|248/248|[from] Volt Switch\n|\n|-heal|p1a: Scovillain|240/266|[from] item: Leftovers\n|upkeep\n|turn|5\n|\n|t:|1733838838\n|switch|p1a: Swanna|Swanna, L88, F|275/275\n|move|p2a: Glimmora|Sludge Wave|p1a: Swanna\n|-damage|p1a: Swanna|140/275\n|-status|p1a: Swanna|psn\n|\n|-damage|p1a: Swanna|106/275 psn|[from] psn\n|upkeep\n|turn|6\n|\n|t:|1733838847\n|switch|p2a: Rotom|Rotom-Wash, L82|177/216\n|move|p1a: Swanna|Roost|p1a: Swanna\n|-heal|p1a: Swanna|244/275 psn\n|-singleturn|p1a: Swanna|move: Roost\n|\n|-heal|p2a: Rotom|190/216|[from] item: Leftovers\n|-damage|p1a: Swanna|210/275 psn|[from] psn\n|upkeep\n|turn|7\n|\n|t:|1733838859\n|move|p1a: Swanna|Hydro Pump|p2a: Rotom\n|-resisted|p2a: Rotom\n|-damage|p2a: Rotom|139/216\n|move|p2a: Rotom|Volt Switch|p1a: Swanna\n|-supereffective|p1a: Swanna\n|-damage|p1a: Swanna|0 fnt\n|faint|p1a: Swanna\n|\n|t:|1733838863\n|switch|p2a: Masquerain|Masquerain, L87, F|264/264|[from] Volt Switch\n|\n|upkeep\n|\n|t:|1733838869\n|switch|p1a: Scovillain|Scovillain, L91, F|240/266\n|turn|8\n|\n|t:|1733838880\n|move|p2a: Masquerain|Sticky Web|p1a: Scovillain\n|-sidestart|p1: Clack Volley|move: Sticky Web\n|move|p1a: Scovillain|Flamethrower|p2a: Masquerain\n|-supereffective|p2a: Masquerain\n|-damage|p2a: Masquerain|0 fnt\n|faint|p2a: Masquerain\n|\n|-heal|p1a: Scovillain|256/266|[from] item: Leftovers\n|upkeep\n|\n|t:|1733838887\n|switch|p2a: Rotom|Rotom-Wash, L82|139/216\n|turn|9\n|\n|t:|1733838892\n|move|p2a: Rotom|Hydro Pump|p1a: Scovillain\n|-damage|p1a: Scovillain|118/266\n|move|p1a: Scovillain|Leech Seed|p2a: Rotom\n|-start|p2a: Rotom|move: Leech Seed\n|\n|-heal|p2a: Rotom|152/216|[from] item: Leftovers\n|-heal|p1a: Scovillain|134/266|[from] item: Leftovers\n|-damage|p2a: Rotom|125/216|[from] Leech Seed|[of] p1a: Scovillain\n|-heal|p1a: Scovillain|161/266|[silent]\n|upkeep\n|turn|10\n|\n|t:|1733838903\n|move|p1a: Scovillain|Substitute|p1a: Scovillain\n|-start|p1a: Scovillain|Substitute\n|-damage|p1a: Scovillain|95/266\n|move|p2a: Rotom|Hydro Pump|p1a: Scovillain|[miss]\n|-miss|p2a: Rotom|p1a: Scovillain\n|\n|-heal|p1a: Scovillain|111/266|[from] item: Leftovers\n|-heal|p2a: Rotom|138/216|[from] item: Leftovers\n|-damage|p2a: Rotom|111/216|[from] Leech Seed|[of] p1a: Scovillain\n|-heal|p1a: Scovillain|138/266|[silent]\n|upkeep\n|turn|11\n|\n|t:|1733838909\n|move|p1a: Scovillain|Leech Seed||[still]\n|-fail|p1a: Scovillain\n|move|p2a: Rotom|Hydro Pump|p1a: Scovillain|[miss]\n|-miss|p2a: Rotom|p1a: Scovillain\n|\n|-heal|p1a: Scovillain|154/266|[from] item: Leftovers\n|-heal|p2a: Rotom|124/216|[from] item: Leftovers\n|-damage|p2a: Rotom|97/216|[from] Leech Seed|[of] p1a: Scovillain\n|-heal|p1a: Scovillain|181/266|[silent]\n|upkeep\n|turn|12\n|\n|t:|1733838915\n|move|p1a: Scovillain|Protect|p1a: Scovillain\n|-singleturn|p1a: Scovillain|Protect\n|move|p2a: Rotom|Hydro Pump|p1a: Scovillain\n|-activate|p1a: Scovillain|move: Protect\n|\n|-heal|p1a: Scovillain|197/266|[from] item: Leftovers\n|-heal|p2a: Rotom|110/216|[from] item: Leftovers\n|-damage|p2a: Rotom|83/216|[from] Leech Seed|[of] p1a: Scovillain\n|-heal|p1a: Scovillain|224/266|[silent]\n|upkeep\n|turn|13\n|\n|t:|1733838921\n|move|p1a: Scovillain|Leech Seed||[still]\n|-fail|p1a: Scovillain\n|move|p2a: Rotom|Hydro Pump|p1a: Scovillain\n|-end|p1a: Scovillain|Substitute\n|\n|-heal|p1a: Scovillain|240/266|[from] item: Leftovers\n|-heal|p2a: Rotom|96/216|[from] item: Leftovers\n|-damage|p2a: Rotom|69/216|[from] Leech Seed|[of] p1a: Scovillain\n|-heal|p1a: Scovillain|266/266|[silent]\n|upkeep\n|turn|14\n|\n|t:|1733838927\n|move|p1a: Scovillain|Substitute|p1a: Scovillain\n|-start|p1a: Scovillain|Substitute\n|-damage|p1a: Scovillain|200/266\n|move|p2a: Rotom|Volt Switch|p1a: Scovillain\n|-resisted|p1a: Scovillain\n|-activate|p1a: Scovillain|move: Substitute|[damage]\n|\n|t:|1733838930\n|switch|p2a: Grumpig|Grumpig, L92, M|297/297|[from] Volt Switch\n|\n|-heal|p1a: Scovillain|216/266|[from] item: Leftovers\n|upkeep\n|turn|15\n|\n|t:|1733838932\n|move|p2a: Grumpig|Shadow Ball|p1a: Scovillain\n|-end|p1a: Scovillain|Substitute\n|move|p1a: Scovillain|Leech Seed|p2a: Grumpig\n|-start|p2a: Grumpig|move: Leech Seed\n|\n|-heal|p1a: Scovillain|232/266|[from] item: Leftovers\n|-damage|p2a: Grumpig|260/297|[from] Leech Seed|[of] p1a: Scovillain\n|-heal|p1a: Scovillain|266/266|[silent]\n|upkeep\n|turn|16\n|\n|t:|1733838936\n|move|p2a: Grumpig|Shadow Ball|p1a: Scovillain\n|-damage|p1a: Scovillain|198/266\n|move|p1a: Scovillain|Substitute|p1a: Scovillain\n|-start|p1a: Scovillain|Substitute\n|-damage|p1a: Scovillain|132/266\n|\n|-heal|p1a: Scovillain|148/266|[from] item: Leftovers\n|-damage|p2a: Grumpig|223/297|[from] Leech Seed|[of] p1a: Scovillain\n|-heal|p1a: Scovillain|185/266|[silent]\n|upkeep\n|turn|17\n|\n|t:|1733838940\n|move|p1a: Scovillain|Protect|p1a: Scovillain\n|-singleturn|p1a: Scovillain|Protect\n|move|p2a: Grumpig|Shadow Ball|p1a: Scovillain\n|-activate|p1a: Scovillain|move: Protect\n|\n|-heal|p1a: Scovillain|201/266|[from] item: Leftovers\n|-damage|p2a: Grumpig|186/297|[from] Leech Seed|[of] p1a: Scovillain\n|-heal|p1a: Scovillain|238/266|[silent]\n|upkeep\n|turn|18\n|\n|t:|1733838944\n|move|p2a: Grumpig|Shadow Ball|p1a: Scovillain\n|-end|p1a: Scovillain|Substitute\n|move|p1a: Scovillain|Flamethrower|p2a: Grumpig\n|-damage|p2a: Grumpig|140/297\n|\n|-heal|p1a: Scovillain|254/266|[from] item: Leftovers\n|-damage|p2a: Grumpig|103/297|[from] Leech Seed|[of] p1a: Scovillain\n|-heal|p1a: Scovillain|266/266|[silent]\n|upkeep\n|turn|19\n|\n|t:|1733838948\n|switch|p2a: Landorus|Landorus, L75, M|257/257\n|move|p1a: Scovillain|Substitute|p1a: Scovillain\n|-start|p1a: Scovillain|Substitute\n|-damage|p1a: Scovillain|200/266\n|\n|-heal|p1a: Scovillain|216/266|[from] item: Leftovers\n|upkeep\n|turn|20\n|\n|t:|1733838950\n|move|p2a: Landorus|Rock Slide|p1a: Scovillain\n|-supereffective|p1a: Scovillain\n|-end|p1a: Scovillain|Substitute\n|move|p1a: Scovillain|Leech Seed|p2a: Landorus\n|-start|p2a: Landorus|move: Leech Seed\n|\n|-heal|p1a: Scovillain|232/266|[from] item: Leftovers\n|-damage|p2a: Landorus|225/257|[from] Leech Seed|[of] p1a: Scovillain\n|-heal|p1a: Scovillain|264/266|[silent]\n|upkeep\n|turn|21\n|\n|t:|1733838970\n|move|p2a: Landorus|Rock Slide|p1a: Scovillain\n|-supereffective|p1a: Scovillain\n|-damage|p1a: Scovillain|53/266\n|move|p1a: Scovillain|Substitute|p1a: Scovillain\n|-fail|p1a: Scovillain|move: Substitute|[weak]\n|\n|-heal|p1a: Scovillain|69/266|[from] item: Leftovers\n|-damage|p2a: Landorus|193/257|[from] Leech Seed|[of] p1a: Scovillain\n|-heal|p1a: Scovillain|101/266|[silent]\n|upkeep\n|turn|22\n|\n|t:|1733838974\n|move|p1a: Scovillain|Protect|p1a: Scovillain\n|-singleturn|p1a: Scovillain|Protect\n|move|p2a: Landorus|Earth Power|p1a: Scovillain\n|-activate|p1a: Scovillain|move: Protect\n|\n|-heal|p1a: Scovillain|117/266|[from] item: Leftovers\n|-damage|p2a: Landorus|161/257|[from] Leech Seed|[of] p1a: Scovillain\n|-heal|p1a: Scovillain|149/266|[silent]\n|upkeep\n|turn|23\n|\n|t:|1733838977\n|switch|p1a: Toxapex|Toxapex, L82, F|216/216\n|-activate|p1a: Toxapex|move: Sticky Web\n|-unboost|p1a: Toxapex|spe|1\n|move|p2a: Landorus|Earth Power|p1a: Toxapex\n|-supereffective|p1a: Toxapex\n|-damage|p1a: Toxapex|0 fnt\n|faint|p1a: Toxapex\n|\n|upkeep\n|\n|t:|1733838981\n|switch|p1a: Delibird|Delibird, M|252/252\n|turn|24\n|\n|t:|1733838995\n|move|p1a: Delibird|Ice Spinner|p2a: Landorus\n|-supereffective|p2a: Landorus\n|-damage|p2a: Landorus|0 fnt\n|faint|p2a: Landorus\n|\n|upkeep\n|\n|t:|1733838998\n|switch|p2a: Rotom|Rotom-Wash, L82|69/216\n|turn|25\n|\n|t:|1733839005\n|move|p1a: Delibird|Ice Spinner|p2a: Rotom\n|-resisted|p2a: Rotom\n|-damage|p2a: Rotom|18/216\n|move|p2a: Rotom|Volt Switch|p1a: Delibird\n|-supereffective|p1a: Delibird\n|-damage|p1a: Delibird|60/252\n|\n|t:|1733839012\n|switch|p2a: Grumpig|Grumpig, L92, M|103/297|[from] Volt Switch\n|\n|upkeep\n|turn|26\n|\n|t:|1733839015\n|move|p2a: Grumpig|Psyshock|p1a: Delibird\n|-damage|p1a: Delibird|0 fnt\n|faint|p1a: Delibird\n|\n|upkeep\n|\n|t:|1733839025\n|switch|p1a: Dialga|Dialga-Origin, L73|266/266\n|-activate|p1a: Dialga|move: Sticky Web\n|-unboost|p1a: Dialga|spe|1\n|-ability|p1a: Dialga|Pressure\n|turn|27\n|\n|t:|1733839030\n|switch|p2a: Glimmora|Glimmora, L75, M|248/248\n|move|p1a: Dialga|Thunder Wave|p2a: Glimmora\n|-status|p2a: Glimmora|par\n|\n|upkeep\n|turn|28\n|\n|t:|1733839034\n|move|p1a: Dialga|Heavy Slam|p2a: Glimmora\n|-supereffective|p2a: Glimmora\n|-crit|p2a: Glimmora\n|-damage|p2a: Glimmora|0 fnt\n|-activate|p2a: Glimmora|ability: Toxic Debris\n|-sidestart|p1: Clack Volley|move: Toxic Spikes\n|faint|p2a: Glimmora\n|\n|upkeep\n|\n|t:|1733839037\n|switch|p2a: Florges|Florges, L85, F, tera:Ground|271/271\n|turn|29\n|\n|t:|1733839041\n|switch|p1a: Scovillain|Scovillain, L91, F|149/266\n|-activate|p1a: Scovillain|move: Sticky Web\n|-unboost|p1a: Scovillain|spe|1\n|-status|p1a: Scovillain|psn\n|move|p2a: Florges|Calm Mind|p2a: Florges\n|-boost|p2a: Florges|spa|1\n|-boost|p2a: Florges|spd|1\n|\n|-heal|p1a: Scovillain|165/266 psn|[from] item: Leftovers\n|-damage|p1a: Scovillain|132/266 psn|[from] psn\n|upkeep\n|turn|30\n|\n|t:|1733839044\n|move|p2a: Florges|Tera Blast|p1a: Scovillain|[anim] Tera Blast Ground\n|-damage|p1a: Scovillain|0 fnt\n|faint|p1a: Scovillain\n|\n|upkeep\n|\n|t:|1733839046\n|switch|p1a: Snorlax|Snorlax, L82, F|397/397\n|-activate|p1a: Snorlax|move: Sticky Web\n|-unboost|p1a: Snorlax|spe|1\n|-status|p1a: Snorlax|psn\n|turn|31\n|\n|t:|1733839052\n|move|p2a: Florges|Moonblast|p1a: Snorlax\n|-damage|p1a: Snorlax|249/397 psn\n|-unboost|p1a: Snorlax|spa|1\n|move|p1a: Snorlax|Curse|p1a: Snorlax\n|-unboost|p1a: Snorlax|spe|1\n|-boost|p1a: Snorlax|atk|1\n|-boost|p1a: Snorlax|def|1\n|\n|-damage|p1a: Snorlax|200/397 psn|[from] psn\n|upkeep\n|turn|32\n|\n|t:|1733839059\n|move|p2a: Florges|Moonblast|p1a: Snorlax\n|-damage|p1a: Snorlax|52/397 psn\n|move|p1a: Snorlax|Rest|p1a: Snorlax\n|-status|p1a: Snorlax|slp|[from] move: Rest\n|-heal|p1a: Snorlax|397/397 slp|[silent]\n|-enditem|p1a: Snorlax|Chesto Berry|[eat]\n|-curestatus|p1a: Snorlax|slp|[msg]\n|\n|upkeep\n|turn|33\n|\n|t:|1733839063\n|move|p2a: Florges|Moonblast|p1a: Snorlax\n|-damage|p1a: Snorlax|246/397\n|-unboost|p1a: Snorlax|spa|1\n|move|p1a: Snorlax|Body Slam|p2a: Florges\n|-damage|p2a: Florges|109/271\n|\n|-heal|p2a: Florges|125/271|[from] item: Leftovers\n|upkeep\n|turn|34\n|\n|t:|1733839074\n|move|p2a: Florges|Moonblast|p1a: Snorlax\n|-damage|p1a: Snorlax|83/397\n|move|p1a: Snorlax|Body Slam|p2a: Florges\n|-damage|p2a: Florges|0 fnt\n|faint|p2a: Florges\n|\n|upkeep\n|\n|t:|1733839079\n|switch|p2a: Rotom|Rotom-Wash, L82|18/216\n|turn|35\n|\n|t:|1733839082\n|move|p2a: Rotom|Thunderbolt|p1a: Snorlax\n|-damage|p1a: Snorlax|2/397\n|move|p1a: Snorlax|Body Slam|p2a: Rotom\n|-damage|p2a: Rotom|0 fnt\n|faint|p2a: Rotom\n|\n|upkeep\n|\n|t:|1733839085\n|switch|p2a: Grumpig|Grumpig, L92, M|103/297\n|turn|36\n|\n|t:|1733839088\n|move|p2a: Grumpig|Earth Power|p1a: Snorlax\n|-damage|p1a: Snorlax|0 fnt\n|faint|p1a: Snorlax\n|\n|upkeep\n|\n|t:|1733839089\n|switch|p1a: Dialga|Dialga-Origin, L73|266/266\n|-activate|p1a: Dialga|move: Sticky Web\n|-unboost|p1a: Dialga|spe|1\n|-ability|p1a: Dialga|Pressure\n|turn|37\n|\n|t:|1733839093\n|-terastallize|p1a: Dialga|Flying\n|move|p2a: Grumpig|Earth Power|p1a: Dialga\n|-immune|p1a: Dialga\n|move|p1a: Dialga|Thunder Wave|p2a: Grumpig\n|-status|p2a: Grumpig|par\n|\n|upkeep\n|turn|38\n|-message|Supermel forfeited.\n|\n|win|Clack Volley\n|raw|Clack Volley's rating: 1742 &rarr; <strong>1761</strong><br />(+19 for winning)\n|raw|Supermel's rating: 1720 &rarr; <strong>1701</strong><br />(-19 for losing)\n|l|\u2606Supermel\n|player|p2|\n", "inputlog": ">version bfd83cad13791eb5a5a409923076391caf6fb4d4\n>start {\"formatid\":\"gen9randombattle\",\"seed\":[34926,5562,3542,1852],\"rated\":\"Rated battle\"}\n>player p1 {\"name\":\"Clack Volley\",\"avatar\":\"gambler\",\"rating\":1742,\"seed\":[52011,22335,53266,61618]}\n>player p2 {\"name\":\"Supermel\",\"avatar\":\"palmer\",\"rating\":1720,\"seed\":[34291,60471,42537,12458]}\n>p1 move thunderwave\n>p2 move calmmind terastallize\n>p1 switch 4\n>p2 move terablast\n>p1 move hydropump\n>p2 switch 2\n>p1 switch 6\n>p2 move voltswitch\n>p2 switch 4\n>p1 switch 6\n>p2 move sludgewave\n>p1 move roost\n>p2 switch 4\n>p1 move hydropump\n>p2 move voltswitch\n>p2 switch 5\n>p1 switch 6\n>p1 move flamethrower\n>p2 move stickyweb\n>p2 switch 5\n>p1 move leechseed\n>p2 move hydropump\n>p1 move substitute\n>p2 move hydropump\n>p1 move leechseed\n>p2 move hydropump\n>p1 move protect\n>p2 move hydropump\n>p1 move leechseed\n>p2 move hydropump\n>p1 move substitute\n>p2 move voltswitch\n>p2 switch 3\n>p1 move leechseed\n>p2 move shadowball\n>p1 move substitute\n>p2 move shadowball\n>p1 move protect\n>p2 move shadowball\n>p1 move flamethrower\n>p2 move shadowball\n>p1 move substitute\n>p2 switch 6\n>p1 move leechseed\n>p2 move rockslide\n>p1 move substitute\n>p2 move rockslide\n>p1 move protect\n>p2 move earthpower\n>p1 switch 2\n>p2 move earthpower\n>p1 switch 3\n>p1 move icespinner\n>p2 move rockslide\n>p2 switch 3\n>p1 move icespinner\n>p2 move voltswitch\n>p2 switch 6\n>p1 move icespinner\n>p2 move psyshock\n>p1 switch 4\n>p1 move thunderwave\n>p2 switch 4\n>p1 move heavyslam\n>p2 move earthpower\n>p2 switch 2\n>p1 switch 2\n>p2 move calmmind\n>p1 move leechseed\n>p2 move terablast\n>p1 switch 5\n>p1 move curse\n>p2 move moonblast\n>p1 move rest\n>p2 move moonblast\n>p1 move bodyslam\n>p2 move moonblast\n>p1 move bodyslam\n>p2 move moonblast\n>p2 switch 6\n>p1 move bodyslam\n>p2 move thunderbolt\n>p2 switch 4\n>p1 move bodyslam\n>p2 move earthpower\n>p1 switch 2\n>p1 move thunderwave terastallize\n>p2 move earthpower\n>forcelose p2", "uploadtime": 1733839105, "views": 2, "formatid": "gen9randombattle", "rating": 1701, "private": 0, "password": null}