{"id": "gen9randombattle-2260520746", "format": "[Gen 9] Random Battle", "players": ["tloww", "BlueCatWhiteHat"], "log": "|j|\u2606tloww\n|j|\u2606BlueCatWhiteHat\n|t:|1733859616\n|gametype|singles\n|player|p1|tloww|1|1414\n|player|p2|BlueCatWhiteHat|ghetsis-gen5bw|1450\n|teamsize|p1|6\n|teamsize|p2|6\n|gen|9\n|tier|[Gen 9] Random Battle\n|rated|\n|rule|Species Clause: Limit one of each Pok\u00e9mon\n|rule|HP Percentage Mod: HP is shown in percentages\n|rule|Sleep Clause Mod: Limit one foe put to sleep\n|rule|Illusion Level Mod: Illusion disguises the Pok\u00e9mon's true level\n|\n|t:|1733859616\n|start\n|switch|p1a: Decidueye|Decidueye-Hisui, L87, M|295/295\n|switch|p2a: Skeledirge|Skeledirge, L79, M|294/294\n|turn|1\n|inactive|Battle timer is ON: inactive players will automatically lose when time's up. (requested by BlueCatWhiteHat)\n|\n|t:|1733859626\n|move|p1a: Decidueye|U-turn|p2a: Skeledirge\n|-resisted|p2a: Skeledirge\n|-damage|p2a: Skeledirge|281/294\n|\n|t:|1733859629\n|switch|p1a: Heatran|Heatran, L79, F|273/273|[from] U-turn\n|move|p2a: Skeledirge|Flame Charge|p1a: Heatran\n|-start|p1a: Heatran|ability: Flash Fire\n|\n|upkeep\n|turn|2\n|\n|t:|1733859650\n|switch|p2a: Metagross|Metagross, L79|256/256\n|move|p1a: Heatran|Earth Power|p2a: Metagross\n|-supereffective|p2a: Metagross\n|-damage|p2a: Metagross|104/256\n|-enditem|p2a: Metagross|Weakness Policy\n|-boost|p2a: Metagross|atk|2|[from] item: Weakness Policy\n|-boost|p2a: Metagross|spa|2|[from] item: Weakness Policy\n|\n|upkeep\n|turn|3\n|\n|t:|1733859658\n|-terastallize|p2a: Metagross|Ground\n|move|p1a: Heatran|Magma Storm|p2a: Metagross|[miss]\n|-miss|p1a: Heatran|p2a: Metagross\n|move|p2a: Metagross|Agility|p2a: Metagross\n|-boost|p2a: Metagross|spe|2\n|\n|upkeep\n|turn|4\n|\n|t:|1733859664\n|move|p2a: Metagross|Earthquake|p1a: Heatran\n|-supereffective|p1a: Heatran\n|-damage|p1a: Heatran|0 fnt\n|faint|p1a: Heatran\n|\n|upkeep\n|\n|t:|1733859670\n|switch|p1a: Decidueye|Decidueye-Hisui, L87, M|295/295\n|turn|5\n|\n|t:|1733859676\n|move|p2a: Metagross|Psychic Fangs|p1a: Decidueye\n|-supereffective|p1a: Decidueye\n|-damage|p1a: Decidueye|0 fnt\n|faint|p1a: Decidueye\n|\n|upkeep\n|\n|t:|1733859679\n|switch|p1a: Perrserker|Perrserker, L89, M|269/269\n|turn|6\n|\n|t:|1733859683\n|move|p2a: Metagross|Earthquake|p1a: Perrserker\n|-supereffective|p1a: Perrserker\n|-damage|p1a: Perrserker|0 fnt\n|faint|p1a: Perrserker\n|\n|upkeep\n|\n|t:|1733859685\n|switch|p1a: Basculegion|Basculegion, L81, M|327/327\n|turn|7\n|\n|t:|1733859696\n|move|p1a: Basculegion|Aqua Jet|p2a: Metagross\n|-supereffective|p2a: Metagross\n|-damage|p2a: Metagross|8/256\n|move|p2a: Metagross|Earthquake|p1a: Basculegion\n|-damage|p1a: Basculegion|17/327\n|\n|upkeep\n|turn|8\n|\n|t:|1733859705\n|switch|p2a: Lilligant|Lilligant, L86, F|261/261\n|move|p1a: Basculegion|Aqua Jet|p2a: Lilligant\n|-resisted|p2a: Lilligant\n|-damage|p2a: Lilligant|230/261\n|\n|upkeep\n|turn|9\n|\n|t:|1733859716\n|move|p2a: Lilligant|Quiver Dance|p2a: Lilligant\n|-boost|p2a: Lilligant|spa|1\n|-boost|p2a: Lilligant|spd|1\n|-boost|p2a: Lilligant|spe|1\n|move|p1a: Basculegion|Shadow Ball|p2a: Lilligant\n|-damage|p2a: Lilligant|160/261\n|\n|upkeep\n|turn|10\n|-message|tloww forfeited.\n|\n|win|BlueCatWhiteHat\n|raw|tloww's rating: 1414 &rarr; <strong>1396</strong><br />(-18 for losing)\n|raw|BlueCatWhiteHat's rating: 1450 &rarr; <strong>1468</strong><br />(+18 for winning)\n|l|\u2606tloww\n|player|p1|\n", "inputlog": ">version bfd83cad13791eb5a5a409923076391caf6fb4d4\n>start {\"formatid\":\"gen9randombattle\",\"seed\":[23880,53225,32855,27210],\"rated\":\"Rated battle\"}\n>player p1 {\"name\":\"tloww\",\"avatar\":\"1\",\"rating\":1414,\"seed\":[6441,48218,23195,24734]}\n>player p2 {\"name\":\"BlueCatWhiteHat\",\"avatar\":\"ghetsis-gen5bw\",\"rating\":1450,\"seed\":[2867,44148,56232,26717]}\n>p1 move uturn\n>p2 move flamecharge\n>p1 switch 4\n>p1 move earthpower\n>p2 switch 5\n>p1 move magmastorm\n>p2 move agility terastallize\n>p1 move magmastorm\n>p2 move earthquake\n>p1 switch 4\n>p1 move leafblade\n>p2 move psychicfangs\n>p1 switch 3\n>p1 move knockoff\n>p2 move earthquake\n>p1 switch 6\n>p1 move aquajet\n>p2 move earthquake\n>p1 move aquajet\n>p2 switch 3\n>p1 move shadowball\n>p2 move quiverdance\n>forcelose p1", "uploadtime": 1733859727, "views": 1, "formatid": "gen9randombattle", "rating": 1396, "private": 0, "password": null}