{"id": "gen9randombattle-2260332888", "format": "[Gen 9] Random Battle", "players": ["KT Rinku", "Tormato"], "log": "|j|\u2606KT Rinku\n|j|\u2606Tormato\n|t:|1733840955\n|gametype|singles\n|player|p1|KT Rinku|steven|1194\n|player|p2|Tormato|miku-water|1208\n|teamsize|p1|6\n|teamsize|p2|6\n|gen|9\n|tier|[Gen 9] Random Battle\n|rated|\n|rule|Species Clause: Limit one of each Pok\u00e9mon\n|rule|HP Percentage Mod: HP is shown in percentages\n|rule|Sleep Clause Mod: Limit one foe put to sleep\n|rule|Illusion Level Mod: Illusion disguises the Pok\u00e9mon's true level\n|\n|t:|1733840955\n|start\n|switch|p1a: Espathra|Espathra, L80, M|283/283\n|switch|p2a: Pachirisu|Pachirisu, L96, M|271/271\n|turn|1\n|inactive|Battle timer is ON: inactive players will automatically lose when time's up. (requested by Tormato)\n|\n|t:|1733840977\n|move|p2a: Pachirisu|Super Fang|p1a: Espathra\n|-damage|p1a: Espathra|142/283\n|move|p1a: Espathra|U-turn|p2a: Pachirisu\n|-damage|p2a: Pachirisu|239/271\n|\n|t:|1733840987\n|switch|p1a: Smeargle|Smeargle, L95, F|258/258|[from] U-turn\n|\n|upkeep\n|turn|2\n|\n|t:|1733841000\n|move|p2a: Pachirisu|Discharge|p1a: Smeargle\n|-damage|p1a: Smeargle|173/258\n|move|p1a: Smeargle|Spore|p2a: Pachirisu\n|-status|p2a: Pachirisu|slp|[from] move: Spore\n|\n|upkeep\n|turn|3\n|\n|t:|1733841008\n|cant|p2a: Pachirisu|slp\n|move|p1a: Smeargle|Shell Smash|p1a: Smeargle\n|-unboost|p1a: Smeargle|def|1\n|-unboost|p1a: Smeargle|spd|1\n|-boost|p1a: Smeargle|atk|2\n|-boost|p1a: Smeargle|spa|2\n|-boost|p1a: Smeargle|spe|2\n|\n|upkeep\n|turn|4\n|\n|t:|1733841019\n|move|p1a: Smeargle|Population Bomb|p2a: Pachirisu\n|-damage|p2a: Pachirisu|205/271 slp\n|-damage|p2a: Pachirisu|174/271 slp\n|-damage|p2a: Pachirisu|140/271 slp\n|-damage|p2a: Pachirisu|107/271 slp\n|-damage|p2a: Pachirisu|71/271 slp\n|-damage|p2a: Pachirisu|38/271 slp\n|-damage|p2a: Pachirisu|1/271 slp\n|-damage|p2a: Pachirisu|0 fnt\n|faint|p2a: Pachirisu\n|-hitcount|p2: Pachirisu|8\n|\n|upkeep\n|\n|t:|1733841031\n|switch|p2a: Iron Thorns|Iron Thorns, L83|302/302\n|-enditem|p2a: Iron Thorns|Booster Energy\n|-activate|p2a: Iron Thorns|ability: Quark Drive|[fromitem]\n|-start|p2a: Iron Thorns|quarkdriveatk\n|turn|5\n|\n|t:|1733841040\n|move|p1a: Smeargle|Spore|p2a: Iron Thorns\n|-status|p2a: Iron Thorns|slp|[from] move: Spore\n|cant|p2a: Iron Thorns|slp\n|\n|upkeep\n|turn|6\n|\n|t:|1733841047\n|move|p1a: Smeargle|Population Bomb|p2a: Iron Thorns\n|-resisted|p2a: Iron Thorns\n|-damage|p2a: Iron Thorns|289/302 slp\n|-resisted|p2a: Iron Thorns\n|-damage|p2a: Iron Thorns|274/302 slp\n|-resisted|p2a: Iron Thorns\n|-damage|p2a: Iron Thorns|259/302 slp\n|-resisted|p2a: Iron Thorns\n|-damage|p2a: Iron Thorns|245/302 slp\n|-resisted|p2a: Iron Thorns\n|-damage|p2a: Iron Thorns|230/302 slp\n|-hitcount|p2a: Iron Thorns|5\n|-curestatus|p2a: Iron Thorns|slp|[msg]\n|move|p2a: Iron Thorns|Dragon Dance|p2a: Iron Thorns\n|-boost|p2a: Iron Thorns|atk|1\n|-boost|p2a: Iron Thorns|spe|1\n|\n|upkeep\n|turn|7\n|\n|t:|1733841067\n|move|p1a: Smeargle|Spore|p2a: Iron Thorns\n|-status|p2a: Iron Thorns|slp|[from] move: Spore\n|cant|p2a: Iron Thorns|slp\n|\n|upkeep\n|turn|8\n|inactive|Tormato has 120 seconds left.\n|inactive|Tormato has 90 seconds left.\n|\n|t:|1733841129\n|move|p1a: Smeargle|Power Trip|p2a: Iron Thorns\n|-damage|p2a: Iron Thorns|146/302 slp\n|cant|p2a: Iron Thorns|slp\n|\n|upkeep\n|turn|9\n|\n|t:|1733841142\n|move|p1a: Smeargle|Population Bomb|p2a: Iron Thorns\n|-resisted|p2a: Iron Thorns\n|-damage|p2a: Iron Thorns|134/302 slp\n|-resisted|p2a: Iron Thorns\n|-damage|p2a: Iron Thorns|120/302 slp\n|-resisted|p2a: Iron Thorns\n|-damage|p2a: Iron Thorns|107/302 slp\n|-resisted|p2a: Iron Thorns\n|-damage|p2a: Iron Thorns|93/302 slp\n|-resisted|p2a: Iron Thorns\n|-damage|p2a: Iron Thorns|79/302 slp\n|-resisted|p2a: Iron Thorns\n|-damage|p2a: Iron Thorns|64/302 slp\n|-resisted|p2a: Iron Thorns\n|-damage|p2a: Iron Thorns|49/302 slp\n|-resisted|p2a: Iron Thorns\n|-damage|p2a: Iron Thorns|36/302 slp\n|-resisted|p2a: Iron Thorns\n|-damage|p2a: Iron Thorns|22/302 slp\n|-resisted|p2a: Iron Thorns\n|-damage|p2a: Iron Thorns|9/302 slp\n|-hitcount|p2a: Iron Thorns|10\n|-curestatus|p2a: Iron Thorns|slp|[msg]\n|move|p2a: Iron Thorns|Dragon Dance|p2a: Iron Thorns\n|-boost|p2a: Iron Thorns|atk|1\n|-boost|p2a: Iron Thorns|spe|1\n|\n|upkeep\n|turn|10\n|inactive|Tormato has 90 seconds left.\n|inactive|KT Rinku has 120 seconds left.\n|inactive|Tormato has 60 seconds left.\n|\n|t:|1733841200\n|move|p1a: Smeargle|Power Trip|p2a: Iron Thorns\n|-damage|p2a: Iron Thorns|0 fnt\n|faint|p2a: Iron Thorns\n|-end|p2a: Iron Thorns|Quark Drive|[silent]\n|\n|upkeep\n|\n|t:|1733841210\n|switch|p2a: Regice|Regice, L88|284/284\n|turn|11\n|\n|t:|1733841216\n|move|p1a: Smeargle|Spore|p2a: Regice\n|-status|p2a: Regice|slp|[from] move: Spore\n|cant|p2a: Regice|slp\n|move|p2a: Regice|Sleep Talk|p2a: Regice\n|move|p2a: Regice|Rest||[from]move: Sleep Talk|[still]\n|-fail|p2a: Regice\n|\n|upkeep\n|turn|12\n|\n|t:|1733841228\n|move|p1a: Smeargle|Population Bomb|p2a: Regice\n|-damage|p2a: Regice|256/284 slp\n|-damage|p2a: Regice|226/284 slp\n|-damage|p2a: Regice|196/284 slp\n|-damage|p2a: Regice|168/284 slp\n|-damage|p2a: Regice|140/284 slp\n|-damage|p2a: Regice|110/284 slp\n|-damage|p2a: Regice|80/284 slp\n|-damage|p2a: Regice|52/284 slp\n|-damage|p2a: Regice|27/284 slp\n|-damage|p2a: Regice|0 fnt\n|faint|p2a: Regice\n|-hitcount|p2: Regice|10\n|\n|upkeep\n|\n|t:|1733841234\n|switch|p2a: Golduck|Golduck, L90, M|290/290\n|-ability|p2a: Golduck|Cloud Nine\n|turn|13\n|inactive|Tormato has 60 seconds left.\n|\n|t:|1733841245\n|move|p1a: Smeargle|Spore|p2a: Golduck\n|-status|p2a: Golduck|slp|[from] move: Spore\n|cant|p2a: Golduck|slp\n|\n|upkeep\n|turn|14\n|\n|t:|1733841251\n|move|p1a: Smeargle|Population Bomb|p2a: Golduck\n|-damage|p2a: Golduck|256/290 slp\n|-damage|p2a: Golduck|222/290 slp\n|-damage|p2a: Golduck|191/290 slp\n|-damage|p2a: Golduck|155/290 slp\n|-damage|p2a: Golduck|124/290 slp\n|-damage|p2a: Golduck|90/290 slp\n|-damage|p2a: Golduck|56/290 slp\n|-damage|p2a: Golduck|22/290 slp\n|-damage|p2a: Golduck|0 fnt\n|faint|p2a: Golduck\n|-hitcount|p2: Golduck|9\n|\n|upkeep\n|\n|t:|1733841256\n|switch|p2a: Wyrdeer|Wyrdeer, L87, F|321/321\n|-ability|p2a: Wyrdeer|Intimidate|boost\n|-unboost|p1a: Smeargle|atk|1\n|turn|15\n|\n|t:|1733841268\n|switch|p2a: Braviary|Braviary, L85, M|309/309\n|move|p1a: Smeargle|Spore|p2a: Braviary\n|-status|p2a: Braviary|slp|[from] move: Spore\n|\n|upkeep\n|turn|16\n|\n|t:|1733841274\n|switch|p2a: Wyrdeer|Wyrdeer, L87, F|321/321\n|-ability|p2a: Wyrdeer|Intimidate|boost\n|-unboost|p1a: Smeargle|atk|1\n|move|p1a: Smeargle|Shell Smash|p1a: Smeargle\n|-unboost|p1a: Smeargle|def|1\n|-unboost|p1a: Smeargle|spd|1\n|-boost|p1a: Smeargle|atk|2\n|-boost|p1a: Smeargle|spa|2\n|-boost|p1a: Smeargle|spe|2\n|\n|upkeep\n|turn|17\n|\n|t:|1733841287\n|switch|p2a: Braviary|Braviary, L85, M|309/309 slp\n|move|p1a: Smeargle|Spore|p2a: Braviary\n|-fail|p2a: Braviary|slp\n|\n|upkeep\n|turn|18\n|inactive|Tormato has 90 seconds left.\n|\n|t:|1733841293\n|move|p1a: Smeargle|Shell Smash|p1a: Smeargle\n|-unboost|p1a: Smeargle|def|1\n|-unboost|p1a: Smeargle|spd|1\n|-boost|p1a: Smeargle|atk|2\n|-boost|p1a: Smeargle|spa|2\n|-boost|p1a: Smeargle|spe|2\n|cant|p2a: Braviary|slp\n|\n|upkeep\n|turn|19\n|\n|t:|1733841301\n|move|p1a: Smeargle|Population Bomb|p2a: Braviary\n|-damage|p2a: Braviary|251/309 slp\n|-damage|p2a: Braviary|194/309 slp\n|-damage|p2a: Braviary|139/309 slp\n|-damage|p2a: Braviary|87/309 slp\n|-damage|p2a: Braviary|36/309 slp\n|-damage|p2a: Braviary|0 fnt\n|faint|p2a: Braviary\n|-hitcount|p2: Braviary|6\n|\n|upkeep\n|\n|t:|1733841303\n|switch|p2a: Wyrdeer|Wyrdeer, L87, F|321/321\n|-ability|p2a: Wyrdeer|Intimidate|boost\n|-unboost|p1a: Smeargle|atk|1\n|turn|20\n|\n|t:|1733841314\n|move|p1a: Smeargle|Population Bomb|p2a: Wyrdeer\n|-damage|p2a: Wyrdeer|278/321\n|-damage|p2a: Wyrdeer|235/321\n|-damage|p2a: Wyrdeer|190/321\n|-damage|p2a: Wyrdeer|145/321\n|-damage|p2a: Wyrdeer|99/321\n|-damage|p2a: Wyrdeer|51/321\n|-damage|p2a: Wyrdeer|6/321\n|-damage|p2a: Wyrdeer|0 fnt\n|faint|p2a: Wyrdeer\n|-hitcount|p2: Wyrdeer|8\n|\n|win|KT Rinku\n|raw|KT Rinku's rating: 1194 &rarr; <strong>1220</strong><br />(+26 for winning)\n|raw|Tormato's rating: 1208 &rarr; <strong>1182</strong><br />(-26 for losing)\n|c|\u2606Tormato|gg\n|l|\u2606KT Rinku\n|player|p1|\n", "inputlog": ">version bfd83cad13791eb5a5a409923076391caf6fb4d4\n>start {\"formatid\":\"gen9randombattle\",\"seed\":[6687,20141,9091,57180],\"rated\":\"Rated battle\"}\n>player p1 {\"name\":\"KT Rinku\",\"avatar\":\"steven\",\"rating\":1194,\"seed\":[4263,52089,15847,58757]}\n>player p2 {\"name\":\"Tormato\",\"avatar\":\"miku-water\",\"rating\":1208,\"seed\":[14986,50424,13687,8469]}\n>p1 move uturn\n>p2 move superfang\n>p1 switch 4\n>p1 move spore\n>p2 move discharge\n>p1 move shellsmash\n>p2 move encore\n>p1 move populationbomb\n>p2 move encore\n>p2 switch 3\n>p1 move spore\n>p2 move dragondance\n>p1 move populationbomb\n>p2 move dragondance\n>p1 move spore\n>p2 move dragondance\n>p1 move powertrip\n>p2 move dragondance\n>p1 move populationbomb\n>p2 move dragondance\n>p1 move powertrip\n>p2 move icepunch\n>p2 switch 6\n>p1 move spore\n>p2 move sleeptalk\n>p1 move populationbomb\n>p2 move sleeptalk\n>p2 switch 2\n>p1 move spore\n>p2 move hydropump\n>p1 move populationbomb\n>p2 move hydropump\n>p2 switch 4\n>p1 move spore\n>p2 switch 5\n>p1 move shellsmash\n>p2 switch 5\n>p1 move spore\n>p2 switch 5\n>p1 move shellsmash\n>p2 move closecombat\n>p1 move populationbomb\n>p2 move closecombat\n>p2 switch 5\n>p1 move populationbomb\n>p2 move thunderwave", "uploadtime": 1733841643, "views": 1, "formatid": "gen9randombattle", "rating": 1182, "private": 0, "password": null}