{"id": "gen9randombattle-2132012011", "format": "[Gen 9] Random Battle", "players": ["bomby23", "dcenoris"], "log": "|badge|p1|silver|gen9randombattle|30-1\n|html|<div class=\"broadcast-red\"><strong>This battle is required to be public due to one or more player having a season medal.</strong><br />During the public phase, you can discuss the state of the ladder <a href=\"/seasondiscussion\">in a special chatroom.</a></div>\n|uhtml|medal-msg|<div class=\"broadcast-blue\">Curious what those medals under the avatar are? PS now has Ladder Seasons! For more information, check out the <a href=\"https://www.smogon.com/forums/threads/3740067/\">thread on Smogon.</a></div>\n|j|\u2606bomby23\n|j|\u2606dcenoris\n|t:|1716885136\n|gametype|singles\n|player|p1|bomby23|hilbert|2393\n|player|p2|dcenoris|lucas|2384\n|teamsize|p1|6\n|teamsize|p2|6\n|gen|9\n|tier|[Gen 9] Random Battle\n|rated|\n|rule|Species Clause: Limit one of each Pok\u00e9mon\n|rule|HP Percentage Mod: HP is shown in percentages\n|rule|Sleep Clause Mod: Limit one foe put to sleep\n|rule|Illusion Level Mod: Illusion disguises the Pok\u00e9mon's true level\n|\n|t:|1716885136\n|start\n|switch|p1a: Leafeon|Leafeon, L88, F|258/258\n|switch|p2a: Magnezone|Magnezone, L85|258/258\n|turn|1\n|\n|t:|1716885148\n|move|p1a: Leafeon|Swords Dance|p1a: Leafeon\n|-boost|p1a: Leafeon|atk|2\n|move|p2a: Magnezone|Volt Switch|p1a: Leafeon\n|-resisted|p1a: Leafeon\n|-damage|p1a: Leafeon|200/258\n|\n|t:|1716885160\n|switch|p2a: Rotom|Rotom-Fan, L86|226/226|[from] Volt Switch\n|\n|upkeep\n|turn|2\n|\n|t:|1716885165\n|switch|p2a: Magnezone|Magnezone, L85|258/258\n|move|p1a: Leafeon|Double-Edge|p2a: Magnezone\n|-resisted|p2a: Magnezone\n|-damage|p2a: Magnezone|142/258\n|-damage|p1a: Leafeon|162/258|[from] Recoil\n|-damage|p1a: Leafeon|137/258|[from] item: Life Orb\n|\n|upkeep\n|turn|3\n|\n|t:|1716885172\n|move|p1a: Leafeon|Knock Off|p2a: Magnezone\n|-damage|p2a: Magnezone|0 fnt\n|-enditem|p2a: Magnezone|Assault Vest|[from] move: Knock Off|[of] p1a: Leafeon\n|faint|p2a: Magnezone\n|-damage|p1a: Leafeon|112/258|[from] item: Life Orb\n|\n|upkeep\n|\n|t:|1716885176\n|switch|p2a: Dragapult|Dragapult, L77, F|262/262\n|turn|4\n|\n|t:|1716885188\n|switch|p1a: Blissey|Blissey, L84, F|566/566\n|move|p2a: Dragapult|Dragon Darts|p1a: Blissey\n|-damage|p1a: Blissey|371/566\n|-anim|p2a: Dragapult|Dragon Darts|p1a: Blissey\n|-damage|p1a: Blissey|180/566\n|-damage|p2a: Dragapult|236/262|[from] item: Life Orb\n|\n|-heal|p1a: Blissey|215/566|[from] item: Leftovers\n|upkeep\n|turn|5\n|\n|t:|1716885196\n|switch|p1a: Sudowoodo|Sudowoodo, L93, M|281/281\n|move|p2a: Dragapult|Dragon Darts|p1a: Sudowoodo\n|-damage|p1a: Sudowoodo|226/281\n|-anim|p2a: Dragapult|Dragon Darts|p1a: Sudowoodo\n|-damage|p1a: Sudowoodo|175/281\n|-damage|p2a: Dragapult|210/262|[from] item: Life Orb\n|\n|upkeep\n|turn|6\n|\n|t:|1716885208\n|switch|p2a: Chimecho|Chimecho, L94, M|293/293\n|move|p1a: Sudowoodo|Head Smash|p2a: Chimecho|[miss]\n|-miss|p1a: Sudowoodo|p2a: Chimecho\n|\n|upkeep\n|turn|7\n|\n|t:|1716885213\n|move|p2a: Chimecho|Psychic Noise|p1a: Sudowoodo\n|-damage|p1a: Sudowoodo|73/281\n|-start|p1a: Sudowoodo|move: Heal Block\n|move|p1a: Sudowoodo|Head Smash|p2a: Chimecho\n|-damage|p2a: Chimecho|11/293\n|\n|-heal|p2a: Chimecho|29/293|[from] item: Leftovers\n|upkeep\n|turn|8\n|\n|t:|1716885223\n|switch|p1a: Blissey|Blissey, L84, F|215/566\n|move|p2a: Chimecho|Psychic Noise|p1a: Blissey\n|-damage|p1a: Blissey|148/566\n|-start|p1a: Blissey|move: Heal Block\n|\n|-heal|p2a: Chimecho|47/293|[from] item: Leftovers\n|upkeep\n|turn|9\n|\n|t:|1716885234\n|move|p2a: Chimecho|Psychic Noise|p1a: Blissey\n|-crit|p1a: Blissey\n|-damage|p1a: Blissey|40/566\n|move|p1a: Blissey|Thunder Wave|p2a: Chimecho\n|-status|p2a: Chimecho|par\n|\n|-heal|p2a: Chimecho|65/293 par|[from] item: Leftovers\n|-end|p1a: Blissey|move: Heal Block\n|upkeep\n|turn|10\n|\n|t:|1716885241\n|move|p1a: Blissey|Soft-Boiled|p1a: Blissey\n|-heal|p1a: Blissey|323/566\n|move|p2a: Chimecho|Recover|p2a: Chimecho\n|-heal|p2a: Chimecho|212/293 par\n|\n|-heal|p1a: Blissey|358/566|[from] item: Leftovers\n|-heal|p2a: Chimecho|230/293 par|[from] item: Leftovers\n|upkeep\n|turn|11\n|\n|t:|1716885248\n|switch|p2a: Hatterene|Hatterene, L85, F|236/236\n|move|p1a: Blissey|Seismic Toss|p2a: Hatterene\n|-damage|p2a: Hatterene|152/236\n|\n|-heal|p1a: Blissey|393/566|[from] item: Leftovers\n|-heal|p2a: Hatterene|166/236|[from] item: Leftovers\n|upkeep\n|turn|12\n|\n|t:|1716885254\n|switch|p1a: Sudowoodo|Sudowoodo, L93, M|73/281\n|move|p2a: Hatterene|Draining Kiss|p1a: Sudowoodo\n|-damage|p1a: Sudowoodo|0 fnt\n|-heal|p2a: Hatterene|221/236|[from] drain|[of] p1a: Sudowoodo\n|faint|p1a: Sudowoodo\n|\n|-heal|p2a: Hatterene|235/236|[from] item: Leftovers\n|upkeep\n|\n|t:|1716885266\n|switch|p1a: Crabominable|Crabominable, L90, M|321/321\n|turn|13\n|\n|t:|1716885272\n|move|p1a: Crabominable|Ice Hammer|p2a: Hatterene\n|-damage|p2a: Hatterene|0 fnt\n|-unboost|p1a: Crabominable|spe|1\n|faint|p2a: Hatterene\n|\n|upkeep\n|\n|t:|1716885277\n|switch|p2a: Rotom|Rotom-Fan, L86|226/226\n|turn|14\n|\n|t:|1716885281\n|move|p2a: Rotom|Volt Switch|p1a: Crabominable\n|-damage|p1a: Crabominable|222/321\n|\n|t:|1716885284\n|switch|p2a: Chimecho|Chimecho, L94, M|230/293 par|[from] Volt Switch\n|move|p1a: Crabominable|Ice Hammer|p2a: Chimecho\n|-damage|p2a: Chimecho|0 fnt\n|-unboost|p1a: Crabominable|spe|1\n|faint|p2a: Chimecho\n|\n|upkeep\n|\n|t:|1716885291\n|switch|p2a: Rotom|Rotom-Fan, L86|226/226\n|turn|15\n|\n|t:|1716885296\n|switch|p1a: Sandy Shocks|Sandy Shocks, L80|267/267\n|move|p2a: Rotom|Air Slash|p1a: Sandy Shocks\n|-resisted|p1a: Sandy Shocks\n|-damage|p1a: Sandy Shocks|223/267\n|\n|-heal|p1a: Sandy Shocks|239/267|[from] item: Leftovers\n|upkeep\n|turn|16\n|\n|t:|1716885305\n|move|p1a: Sandy Shocks|Thunderbolt|p2a: Rotom\n|-damage|p2a: Rotom|138/226\n|move|p2a: Rotom|Will-O-Wisp|p1a: Sandy Shocks\n|-status|p1a: Sandy Shocks|brn\n|\n|-heal|p1a: Sandy Shocks|255/267 brn|[from] item: Leftovers\n|-damage|p1a: Sandy Shocks|239/267 brn|[from] brn\n|upkeep\n|turn|17\n|\n|t:|1716885310\n|move|p1a: Sandy Shocks|Thunderbolt|p2a: Rotom\n|-damage|p2a: Rotom|47/226\n|move|p2a: Rotom|Air Slash|p1a: Sandy Shocks\n|-resisted|p1a: Sandy Shocks\n|-damage|p1a: Sandy Shocks|194/267 brn\n|\n|-heal|p1a: Sandy Shocks|210/267 brn|[from] item: Leftovers\n|-damage|p1a: Sandy Shocks|194/267 brn|[from] brn\n|upkeep\n|turn|18\n|\n|t:|1716885313\n|move|p1a: Sandy Shocks|Spikes|p2a: Rotom\n|-sidestart|p2: dcenoris|Spikes\n|move|p2a: Rotom|Air Slash|p1a: Sandy Shocks\n|-resisted|p1a: Sandy Shocks\n|-damage|p1a: Sandy Shocks|147/267 brn\n|\n|-heal|p1a: Sandy Shocks|163/267 brn|[from] item: Leftovers\n|-damage|p1a: Sandy Shocks|147/267 brn|[from] brn\n|upkeep\n|turn|19\n|\n|t:|1716885317\n|move|p1a: Sandy Shocks|Thunderbolt|p2a: Rotom\n|-damage|p2a: Rotom|0 fnt\n|faint|p2a: Rotom\n|\n|-heal|p1a: Sandy Shocks|163/267 brn|[from] item: Leftovers\n|-damage|p1a: Sandy Shocks|147/267 brn|[from] brn\n|upkeep\n|\n|t:|1716885319\n|switch|p2a: Kleavor|Kleavor, L78, F|237/237\n|turn|20\n|\n|t:|1716885323\n|move|p1a: Sandy Shocks|Thunderbolt|p2a: Kleavor\n|-damage|p2a: Kleavor|105/237\n|move|p2a: Kleavor|X-Scissor|p1a: Sandy Shocks\n|-damage|p1a: Sandy Shocks|18/267 brn\n|\n|-heal|p1a: Sandy Shocks|34/267 brn|[from] item: Leftovers\n|-damage|p1a: Sandy Shocks|18/267 brn|[from] brn\n|upkeep\n|turn|21\n|\n|t:|1716885327\n|move|p1a: Sandy Shocks|Thunderbolt|p2a: Kleavor\n|-damage|p2a: Kleavor|0 fnt\n|faint|p2a: Kleavor\n|\n|-heal|p1a: Sandy Shocks|34/267 brn|[from] item: Leftovers\n|-damage|p1a: Sandy Shocks|18/267 brn|[from] brn\n|upkeep\n|\n|t:|1716885329\n|switch|p2a: Dragapult|Dragapult, L77, F|210/262\n|-damage|p2a: Dragapult|178/262|[from] Spikes\n|turn|22\n|\n|t:|1716885332\n|move|p2a: Dragapult|Dragon Dance|p2a: Dragapult\n|-boost|p2a: Dragapult|atk|1\n|-boost|p2a: Dragapult|spe|1\n|move|p1a: Sandy Shocks|Thunder Wave|p2a: Dragapult\n|-status|p2a: Dragapult|par\n|\n|-heal|p1a: Sandy Shocks|34/267 brn|[from] item: Leftovers\n|-damage|p1a: Sandy Shocks|18/267 brn|[from] brn\n|upkeep\n|turn|23\n|\n|t:|1716885339\n|move|p1a: Sandy Shocks|Earth Power|p2a: Dragapult\n|-damage|p2a: Dragapult|58/262 par\n|cant|p2a: Dragapult|par\n|\n|-heal|p1a: Sandy Shocks|34/267 brn|[from] item: Leftovers\n|-damage|p1a: Sandy Shocks|18/267 brn|[from] brn\n|upkeep\n|turn|24\n|j| Ragnnis\n|-message|dcenoris forfeited.\n|\n|win|bomby23\n|raw|bomby23's rating: 2393 &rarr; <strong>2412</strong><br />(+19 for winning)\n|raw|dcenoris's rating: 2384 &rarr; <strong>2365</strong><br />(-19 for losing)\n|l|\u2606dcenoris\n|player|p2|\n|l| Ragnnis\n", "inputlog": ">version 7158ead19aeac8750849df2840eabb6dbec77df6\n>start {\"formatid\":\"gen9randombattle\",\"seed\":[50039,18331,39762,55517],\"rated\":\"Rated battle\"}\n>player p1 {\"name\":\"bomby23\",\"avatar\":\"hilbert\",\"rating\":2393,\"seed\":[37510,41363,3329,27884]}\n>player p2 {\"name\":\"dcenoris\",\"avatar\":\"lucas\",\"rating\":2384,\"seed\":[47469,52878,54089,33189]}\n>p1 move swordsdance\n>p2 move voltswitch\n>p2 switch 5\n>p1 move doubleedge\n>p2 switch 5\n>p1 move knockoff\n>p2 move voltswitch\n>p2 switch 2\n>p1 switch 4\n>p2 move dragondarts\n>p1 switch 2\n>p2 move dragondarts\n>p1 move headsmash\n>p2 switch 6\n>p1 move headsmash\n>p2 move psychicnoise\n>p1 switch 2\n>p2 move psychicnoise\n>p1 move thunderwave\n>p2 move psychicnoise\n>p1 move softboiled\n>p2 move recover\n>p1 move seismictoss\n>p2 switch 3\n>p1 switch 2\n>p2 move drainingkiss\n>p1 switch 6\n>p1 move icehammer\n>p2 move drainingkiss\n>p2 switch 5\n>p1 move icehammer\n>p2 move voltswitch\n>p2 switch 3\n>p2 switch 3\n>p1 switch 5\n>p2 move airslash\n>p1 move thunderbolt\n>p2 move willowisp\n>p1 move thunderbolt\n>p2 move airslash\n>p1 move spikes\n>p2 move airslash\n>p1 move thunderbolt\n>p2 move airslash\n>p2 switch 4\n>p1 move thunderbolt\n>p2 move xscissor\n>p1 move thunderbolt\n>p2 move stoneaxe\n>p2 switch 6\n>p1 move thunderwave\n>p2 move dragondance\n>p1 move earthpower\n>p2 move dragondance\n>forcelose p2", "uploadtime": 1716885496, "views": 201, "formatid": "gen9randombattle", "rating": 2365, "private": 0, "password": null}