{"id": "gen9randombattle-2259807796", "format": "[Gen 9] Random Battle", "players": ["durantpoop", "Pureanarchy"], "log": "|j|\u2606durantpoop\n|j|\u2606Pureanarchy\n|t:|1733768707\n|gametype|singles\n|player|p1|durantpoop|ghetsis|1232\n|player|p2|Pureanarchy|265|1206\n|teamsize|p1|6\n|teamsize|p2|6\n|gen|9\n|tier|[Gen 9] Random Battle\n|rated|\n|rule|Species Clause: Limit one of each Pok\u00e9mon\n|rule|HP Percentage Mod: HP is shown in percentages\n|rule|Sleep Clause Mod: Limit one foe put to sleep\n|rule|Illusion Level Mod: Illusion disguises the Pok\u00e9mon's true level\n|\n|t:|1733768707\n|start\n|switch|p1a: Garganacl|Garganacl, L80, F|291/291\n|switch|p2a: Venusaur|Venusaur, L84, M|272/272\n|turn|1\n|inactive|Battle timer is ON: inactive players will automatically lose when time's up. (requested by Pureanarchy)\n|\n|t:|1733768720\n|move|p1a: Garganacl|Protect|p1a: Garganacl\n|-singleturn|p1a: Garganacl|Protect\n|move|p2a: Venusaur|Substitute|p2a: Venusaur\n|-start|p2a: Venusaur|Substitute\n|-damage|p2a: Venusaur|204/272\n|\n|-heal|p2a: Venusaur|221/272|[from] item: Leftovers\n|upkeep\n|turn|2\n|\n|t:|1733768732\n|move|p2a: Venusaur|Sleep Powder|p1a: Garganacl|[miss]\n|-miss|p2a: Venusaur|p1a: Garganacl\n|move|p1a: Garganacl|Salt Cure|p2a: Venusaur\n|-activate|p2a: Venusaur|move: Substitute|[damage]\n|\n|-heal|p2a: Venusaur|238/272|[from] item: Leftovers\n|upkeep\n|turn|3\n|\n|t:|1733768747\n|switch|p1a: Houndoom|Houndoom, L87, M|272/272\n|move|p2a: Venusaur|Sleep Powder|p1a: Houndoom\n|-status|p1a: Houndoom|slp|[from] move: Sleep Powder\n|\n|-heal|p2a: Venusaur|255/272|[from] item: Leftovers\n|upkeep\n|turn|4\n|\n|t:|1733768756\n|cant|p1a: Houndoom|slp\n|move|p2a: Venusaur|Leech Seed|p1a: Houndoom\n|-start|p1a: Houndoom|move: Leech Seed\n|\n|-heal|p2a: Venusaur|272/272|[from] item: Leftovers\n|-damage|p1a: Houndoom|238/272 slp|[from] Leech Seed|[of] p2a: Venusaur\n|upkeep\n|turn|5\n|\n|t:|1733768763\n|cant|p1a: Houndoom|slp\n|move|p2a: Venusaur|Sludge Bomb|p1a: Houndoom\n|-damage|p1a: Houndoom|139/272 slp\n|\n|-damage|p1a: Houndoom|105/272 slp|[from] Leech Seed|[of] p2a: Venusaur\n|upkeep\n|turn|6\n|\n|t:|1733768770\n|-curestatus|p1a: Houndoom|slp|[msg]\n|move|p1a: Houndoom|Dark Pulse|p2a: Venusaur\n|-end|p2a: Venusaur|Substitute\n|move|p2a: Venusaur|Sludge Bomb|p1a: Houndoom\n|-damage|p1a: Houndoom|9/272\n|-status|p1a: Houndoom|psn\n|\n|-damage|p1a: Houndoom|0 fnt|[from] Leech Seed|[of] p2a: Venusaur\n|faint|p1a: Houndoom\n|upkeep\n|\n|t:|1733768798\n|switch|p1a: Delibird|Delibird, F|252/252\n|turn|7\n|\n|t:|1733768806\n|-terastallize|p2a: Venusaur|Steel\n|move|p1a: Delibird|Brave Bird|p2a: Venusaur\n|-resisted|p2a: Venusaur\n|-damage|p2a: Venusaur|213/272\n|-damage|p1a: Delibird|233/252|[from] Recoil\n|move|p2a: Venusaur|Substitute|p2a: Venusaur\n|-start|p2a: Venusaur|Substitute\n|-damage|p2a: Venusaur|145/272\n|\n|-heal|p2a: Venusaur|162/272|[from] item: Leftovers\n|upkeep\n|turn|8\n|\n|t:|1733768820\n|move|p1a: Delibird|Freeze-Dry|p2a: Venusaur\n|-resisted|p2a: Venusaur\n|-activate|p2a: Venusaur|move: Substitute|[damage]\n|move|p2a: Venusaur|Sleep Powder|p1a: Delibird\n|-immune|p1a: Delibird|[from] ability: Vital Spirit\n|\n|-heal|p2a: Venusaur|179/272|[from] item: Leftovers\n|upkeep\n|turn|9\n|inactive|durantpoop has 120 seconds left.\n|\n|t:|1733768844\n|switch|p1a: Misdreavus|Misdreavus, L90, M|254/254\n|move|p2a: Venusaur|Leech Seed|p1a: Misdreavus\n|-start|p1a: Misdreavus|move: Leech Seed\n|\n|-heal|p2a: Venusaur|196/272|[from] item: Leftovers\n|-damage|p1a: Misdreavus|223/254|[from] Leech Seed|[of] p2a: Venusaur\n|-heal|p2a: Venusaur|227/272|[silent]\n|upkeep\n|turn|10\n|\n|t:|1733768852\n|move|p1a: Misdreavus|Will-O-Wisp||[still]\n|-fail|p1a: Misdreavus\n|move|p2a: Venusaur|Sleep Powder|p1a: Misdreavus|[miss]\n|-miss|p2a: Venusaur|p1a: Misdreavus\n|\n|-heal|p2a: Venusaur|244/272|[from] item: Leftovers\n|-damage|p1a: Misdreavus|192/254|[from] Leech Seed|[of] p2a: Venusaur\n|-heal|p2a: Venusaur|272/272|[silent]\n|upkeep\n|turn|11\n|\n|t:|1733768862\n|move|p1a: Misdreavus|Shadow Ball|p2a: Venusaur\n|-end|p2a: Venusaur|Substitute\n|move|p2a: Venusaur|Sleep Powder|p1a: Misdreavus\n|-status|p1a: Misdreavus|slp|[from] move: Sleep Powder\n|\n|-damage|p1a: Misdreavus|161/254 slp|[from] Leech Seed|[of] p2a: Venusaur\n|upkeep\n|turn|12\n|\n|t:|1733768870\n|cant|p1a: Misdreavus|slp\n|move|p2a: Venusaur|Substitute|p2a: Venusaur\n|-start|p2a: Venusaur|Substitute\n|-damage|p2a: Venusaur|204/272\n|\n|-heal|p2a: Venusaur|221/272|[from] item: Leftovers\n|-damage|p1a: Misdreavus|130/254 slp|[from] Leech Seed|[of] p2a: Venusaur\n|-heal|p2a: Venusaur|252/272|[silent]\n|upkeep\n|turn|13\n|-message|durantpoop forfeited.\n|\n|win|Pureanarchy\n|raw|durantpoop's rating: 1232 &rarr; <strong>1205</strong><br />(-27 for losing)\n|raw|Pureanarchy's rating: 1206 &rarr; <strong>1233</strong><br />(+27 for winning)\n|l|\u2606durantpoop\n|player|p1|\n", "inputlog": ">version bfd83cad13791eb5a5a409923076391caf6fb4d4\n>start {\"formatid\":\"gen9randombattle\",\"seed\":[57334,12334,51902,42564],\"rated\":\"Rated battle\"}\n>player p1 {\"name\":\"durantpoop\",\"avatar\":\"ghetsis\",\"rating\":1232,\"seed\":[13294,16910,4432,22991]}\n>player p2 {\"name\":\"Pureanarchy\",\"avatar\":\"265\",\"rating\":1206,\"seed\":[57408,45301,59245,19132]}\n>p1 move protect\n>p2 move substitute\n>p1 move saltcure\n>p2 move sleeppowder\n>p1 switch 4\n>p2 move sleeppowder\n>p1 move sludgebomb\n>p2 move leechseed\n>p1 move darkpulse\n>p2 move sludgebomb\n>p1 move darkpulse\n>p2 move sludgebomb\n>p1 switch 2\n>p1 move bravebird\n>p2 move substitute terastallize\n>p1 move freezedry\n>p2 move sleeppowder\n>p1 switch 5\n>p2 move leechseed\n>p1 move willowisp\n>p2 move sleeppowder\n>p1 move shadowball\n>p2 move sleeppowder\n>p1 move willowisp\n>p2 move substitute\n>forcelose p1", "uploadtime": 1733768879, "views": 1, "formatid": "gen9randombattle", "rating": 1205, "private": 0, "password": null}