{"id": "gen9randombattle-2260913575", "format": "[Gen 9] Random Battle", "players": ["child3", "Djemba"], "log": "|j|\u2606child3\n|j|\u2606Djemba\n|t:|1733915773\n|gametype|singles\n|player|p1|child3|emmet|1477\n|player|p2|Djemba|170|1475\n|teamsize|p1|6\n|teamsize|p2|6\n|gen|9\n|tier|[Gen 9] Random Battle\n|rated|\n|rule|Species Clause: Limit one of each Pok\u00e9mon\n|rule|HP Percentage Mod: HP is shown in percentages\n|rule|Sleep Clause Mod: Limit one foe put to sleep\n|rule|Illusion Level Mod: Illusion disguises the Pok\u00e9mon's true level\n|\n|t:|1733915773\n|start\n|switch|p1a: Vigoroth|Vigoroth, L85, F|275/275\n|switch|p2a: Spidops|Spidops, L96, M|271/271\n|turn|1\n|inactive|Battle timer is ON: inactive players will automatically lose when time's up. (requested by child3)\n|\n|t:|1733915782\n|move|p1a: Vigoroth|Bulk Up|p1a: Vigoroth\n|-boost|p1a: Vigoroth|atk|1\n|-boost|p1a: Vigoroth|def|1\n|move|p2a: Spidops|Sticky Web|p1a: Vigoroth\n|-sidestart|p1: child3|move: Sticky Web\n|\n|upkeep\n|turn|2\n|\n|t:|1733915790\n|move|p1a: Vigoroth|Bulk Up|p1a: Vigoroth\n|-boost|p1a: Vigoroth|atk|1\n|-boost|p1a: Vigoroth|def|1\n|move|p2a: Spidops|Circle Throw|p1a: Vigoroth\n|-supereffective|p1a: Vigoroth\n|-damage|p1a: Vigoroth|243/275\n|drag|p1a: Archaludon|Archaludon, L78, M|268/268\n|-activate|p1a: Archaludon|move: Sticky Web\n|-unboost|p1a: Archaludon|spe|1\n|\n|upkeep\n|turn|3\n|\n|t:|1733915805\n|move|p2a: Spidops|Spikes|p1a: Archaludon\n|-sidestart|p1: child3|Spikes\n|move|p1a: Archaludon|Body Press|p2a: Spidops\n|-resisted|p2a: Spidops\n|-damage|p2a: Spidops|243/271\n|\n|upkeep\n|turn|4\n|\n|t:|1733915811\n|move|p2a: Spidops|Spikes|p1a: Archaludon\n|-sidestart|p1: child3|Spikes\n|move|p1a: Archaludon|Dragon Tail|p2a: Spidops\n|-damage|p2a: Spidops|189/271\n|drag|p2a: Flareon|Flareon, L90, F|263/263\n|\n|-status|p2a: Flareon|tox|[from] item: Toxic Orb\n|upkeep\n|turn|5\n|\n|t:|1733915824\n|move|p2a: Flareon|Trailblaze|p1a: Archaludon\n|-resisted|p1a: Archaludon\n|-damage|p1a: Archaludon|252/268\n|-boost|p2a: Flareon|spe|1\n|-ability|p1a: Archaludon|Stamina|boost\n|-boost|p1a: Archaludon|def|1\n|move|p1a: Archaludon|Draco Meteor|p2a: Flareon\n|-damage|p2a: Flareon|154/263 tox\n|-unboost|p1a: Archaludon|spa|2\n|\n|-damage|p2a: Flareon|138/263 tox|[from] psn\n|upkeep\n|turn|6\n|\n|t:|1733915838\n|move|p2a: Flareon|Flare Blitz|p1a: Archaludon\n|-damage|p1a: Archaludon|114/268\n|-ability|p1a: Archaludon|Stamina|boost\n|-boost|p1a: Archaludon|def|1\n|-damage|p2a: Flareon|92/263 tox|[from] Recoil\n|move|p1a: Archaludon|Dragon Tail|p2a: Flareon\n|-damage|p2a: Flareon|19/263 tox\n|drag|p2a: Terrakion|Terrakion, L79|273/273\n|\n|upkeep\n|turn|7\n|\n|t:|1733915849\n|move|p2a: Terrakion|Earthquake|p1a: Archaludon\n|-supereffective|p1a: Archaludon\n|-damage|p1a: Archaludon|22/268\n|-ability|p1a: Archaludon|Stamina|boost\n|-boost|p1a: Archaludon|def|1\n|move|p1a: Archaludon|Body Press|p2a: Terrakion\n|-supereffective|p2a: Terrakion\n|-damage|p2a: Terrakion|0 fnt\n|faint|p2a: Terrakion\n|\n|upkeep\n|\n|t:|1733915860\n|switch|p2a: Flareon|Flareon, L90, F|19/263 tox\n|turn|8\n|\n|t:|1733915864\n|move|p2a: Flareon|Flare Blitz|p1a: Archaludon\n|-damage|p1a: Archaludon|0 fnt\n|faint|p1a: Archaludon\n|-damage|p2a: Flareon|12/263 tox|[from] Recoil\n|\n|-damage|p2a: Flareon|0 fnt|[from] psn\n|faint|p2a: Flareon\n|upkeep\n|\n|t:|1733915880\n|switch|p1a: Dodrio|Dodrio, L86, M|243/243\n|switch|p2a: Spidops|Spidops, L96, M|189/271\n|turn|9\n|\n|t:|1733915887\n|move|p1a: Dodrio|Swords Dance|p1a: Dodrio\n|-boost|p1a: Dodrio|atk|2\n|move|p2a: Spidops|Spikes|p1a: Dodrio\n|-sidestart|p1: child3|Spikes\n|\n|upkeep\n|turn|10\n|\n|t:|1733915893\n|move|p1a: Dodrio|Brave Bird|p2a: Spidops\n|-supereffective|p2a: Spidops\n|-damage|p2a: Spidops|0 fnt\n|faint|p2a: Spidops\n|-damage|p1a: Dodrio|181/243|[from] Recoil\n|\n|upkeep\n|\n|t:|1733915903\n|switch|p2a: Deoxys|Deoxys, L74|196/196\n|-ability|p2a: Deoxys|Pressure\n|turn|11\n|\n|t:|1733915914\n|-terastallize|p1a: Dodrio|Normal\n|move|p2a: Deoxys|Ice Beam|p1a: Dodrio\n|-damage|p1a: Dodrio|52/243\n|-damage|p2a: Deoxys|177/196|[from] item: Life Orb\n|move|p1a: Dodrio|Double-Edge|p2a: Deoxys\n|-damage|p2a: Deoxys|0 fnt\n|faint|p2a: Deoxys\n|-damage|p1a: Dodrio|0 fnt|[from] Recoil\n|faint|p1a: Dodrio\n|\n|upkeep\n|\n|t:|1733915933\n|switch|p2a: Urshifu|Urshifu, L74, M|270/270\n|switch|p1a: Beartic|Beartic, L91, M|321/321\n|-activate|p1a: Beartic|move: Sticky Web\n|-unboost|p1a: Beartic|spe|1\n|-damage|p1a: Beartic|241/321|[from] Spikes\n|turn|12\n|\n|t:|1733915941\n|move|p2a: Urshifu|Swords Dance|p2a: Urshifu\n|-boost|p2a: Urshifu|atk|2\n|move|p1a: Beartic|Close Combat|p2a: Urshifu\n|-supereffective|p2a: Urshifu\n|-damage|p2a: Urshifu|0 fnt\n|-unboost|p1a: Beartic|def|1\n|-unboost|p1a: Beartic|spd|1\n|faint|p2a: Urshifu\n|\n|upkeep\n|\n|t:|1733915953\n|switch|p2a: Exeggutor|Exeggutor, L89, F|312/312\n|turn|13\n|\n|t:|1733915960\n|move|p2a: Exeggutor|Psychic Noise|p1a: Beartic\n|-damage|p1a: Beartic|78/321\n|-start|p1a: Beartic|move: Heal Block\n|move|p1a: Beartic|Close Combat|p2a: Exeggutor\n|-resisted|p2a: Exeggutor\n|-damage|p2a: Exeggutor|221/312\n|-unboost|p1a: Beartic|def|1\n|-unboost|p1a: Beartic|spd|1\n|\n|upkeep\n|turn|14\n|\n|t:|1733915971\n|move|p2a: Exeggutor|Psychic Noise|p1a: Beartic\n|-damage|p1a: Beartic|0 fnt\n|faint|p1a: Beartic\n|\n|upkeep\n|\n|t:|1733915976\n|switch|p1a: Shaymin|Shaymin, L82|298/298\n|-activate|p1a: Shaymin|move: Sticky Web\n|-unboost|p1a: Shaymin|spe|1\n|-damage|p1a: Shaymin|224/298|[from] Spikes\n|turn|15\n|\n|t:|1733915984\n|move|p2a: Exeggutor|Psychic Noise|p1a: Shaymin\n|-damage|p1a: Shaymin|128/298\n|-start|p1a: Shaymin|move: Heal Block\n|move|p1a: Shaymin|Air Slash|p2a: Exeggutor\n|-supereffective|p2a: Exeggutor\n|-damage|p2a: Exeggutor|115/312\n|-enditem|p2a: Exeggutor|Sitrus Berry|[eat]\n|-heal|p2a: Exeggutor|193/312|[from] item: Sitrus Berry\n|\n|-item|p2a: Exeggutor|Sitrus Berry|[from] ability: Harvest\n|upkeep\n|turn|16\n|\n|t:|1733915998\n|move|p2a: Exeggutor|Psychic Noise|p1a: Shaymin\n|-damage|p1a: Shaymin|28/298\n|move|p1a: Shaymin|Air Slash|p2a: Exeggutor\n|-supereffective|p2a: Exeggutor\n|-damage|p2a: Exeggutor|77/312\n|-enditem|p2a: Exeggutor|Sitrus Berry|[eat]\n|-heal|p2a: Exeggutor|155/312|[from] item: Sitrus Berry\n|\n|-end|p1a: Shaymin|move: Heal Block\n|upkeep\n|turn|17\n|\n|t:|1733916010\n|move|p2a: Exeggutor|Psychic Noise|p1a: Shaymin\n|-damage|p1a: Shaymin|0 fnt\n|faint|p1a: Shaymin\n|\n|-item|p2a: Exeggutor|Sitrus Berry|[from] ability: Harvest\n|upkeep\n|-enditem|p2a: Exeggutor|Sitrus Berry|[eat]\n|-heal|p2a: Exeggutor|233/312|[from] item: Sitrus Berry\n|\n|t:|1733916012\n|switch|p1a: Arceus|Arceus-Poison, L70|284/284\n|-activate|p1a: Arceus|move: Sticky Web\n|-unboost|p1a: Arceus|spe|1\n|-damage|p1a: Arceus|213/284|[from] Spikes\n|turn|18\n|\n|t:|1733916030\n|move|p2a: Exeggutor|Leech Seed|p1a: Arceus\n|-start|p1a: Arceus|move: Leech Seed\n|move|p1a: Arceus|Gunk Shot|p2a: Exeggutor\n|-supereffective|p2a: Exeggutor\n|-damage|p2a: Exeggutor|0 fnt\n|faint|p2a: Exeggutor\n|\n|win|child3\n|raw|child3's rating: 1477 &rarr; <strong>1497</strong><br />(+20 for winning)\n|raw|Djemba's rating: 1475 &rarr; <strong>1455</strong><br />(-20 for losing)\n|l|\u2606Djemba\n|player|p2|\n", "inputlog": ">version bfd83cad13791eb5a5a409923076391caf6fb4d4\n>start {\"formatid\":\"gen9randombattle\",\"seed\":[64965,5301,35303,57615],\"rated\":\"Rated battle\"}\n>player p1 {\"name\":\"child3\",\"avatar\":\"emmet\",\"rating\":1477,\"seed\":[65302,56256,42643,58436]}\n>player p2 {\"name\":\"Djemba\",\"avatar\":\"170\",\"rating\":1475,\"seed\":[44499,52970,36499,64430]}\n>p1 move bulkup\n>p2 move stickyweb\n>p1 move bulkup\n>p2 move circlethrow\n>p1 move bodypress\n>p2 move spikes\n>p1 move dragontail\n>p2 move spikes\n>p1 move dracometeor\n>p2 move trailblaze\n>p1 move dragontail\n>p2 move flareblitz\n>p1 move bodypress\n>p2 move earthquake\n>p2 switch 5\n>p1 move bodypress\n>p2 move flareblitz\n>p1 switch 4\n>p2 switch 3\n>p1 move swordsdance\n>p2 move spikes\n>p1 move bravebird\n>p2 move circlethrow\n>p2 switch 2\n>p1 move doubleedge terastallize\n>p2 move icebeam\n>p1 switch 3\n>p2 switch 6\n>p1 move closecombat\n>p2 move swordsdance\n>p2 switch 4\n>p1 move closecombat\n>p2 move psychicnoise\n>p1 move closecombat\n>p2 move psychicnoise\n>p1 switch 6\n>p1 move airslash\n>p2 move psychicnoise\n>p1 move airslash\n>p2 move psychicnoise\n>p1 move airslash\n>p2 move psychicnoise\n>p1 switch 5\n>p1 move gunkshot\n>p2 move leechseed", "uploadtime": 1733916254, "views": 1, "formatid": "gen9randombattle", "rating": 1455, "private": 0, "password": null}