{"id": "gen9randombattle-2260573678", "format": "[Gen 9] Random Battle", "players": ["Razor998", "fujyno"], "log": "|j|\u2606Razor998\n|j|\u2606fujyno\n|t:|1733864997\n|gametype|singles\n|player|p1|Razor998|nate|\n|player|p2|fujyno|elesa|\n|teamsize|p1|6\n|teamsize|p2|6\n|gen|9\n|tier|[Gen 9] Random Battle\n|rule|Species Clause: Limit one of each Pok\u00e9mon\n|rule|HP Percentage Mod: HP is shown in percentages\n|rule|Sleep Clause Mod: Limit one foe put to sleep\n|rule|Illusion Level Mod: Illusion disguises the Pok\u00e9mon's true level\n|\n|t:|1733864997\n|start\n|switch|p1a: Cryogonal|Cryogonal, L89|287/287\n|switch|p2a: Altaria|Altaria, L88, M|275/275\n|turn|1\n|\n|t:|1733865018\n|switch|p2a: Carbink|Carbink, L90|236/236\n|move|p1a: Cryogonal|Ice Beam|p2a: Carbink\n|-damage|p2a: Carbink|172/236\n|\n|-heal|p2a: Carbink|186/236|[from] item: Leftovers\n|upkeep\n|turn|2\n|\n|t:|1733865029\n|switch|p1a: Dugtrio|Dugtrio-Alola, L84, F|196/196\n|move|p2a: Carbink|Iron Defense|p2a: Carbink\n|-boost|p2a: Carbink|def|2\n|\n|-heal|p2a: Carbink|200/236|[from] item: Leftovers\n|upkeep\n|turn|3\n|\n|t:|1733865039\n|move|p1a: Dugtrio|Iron Head|p2a: Carbink\n|-supereffective|p2a: Carbink\n|-damage|p2a: Carbink|54/236\n|-damage|p1a: Dugtrio|177/196|[from] item: Life Orb\n|move|p2a: Carbink|Rock Polish|p2a: Carbink\n|-boost|p2a: Carbink|spe|2\n|\n|-heal|p2a: Carbink|68/236|[from] item: Leftovers\n|upkeep\n|turn|4\n|\n|t:|1733865047\n|move|p2a: Carbink|Body Press|p1a: Dugtrio\n|-supereffective|p1a: Dugtrio\n|-damage|p1a: Dugtrio|0 fnt\n|-ability|p1a: Dugtrio|Tangling Hair\n|-fail|p2a: Carbink|unboost|[from] ability: Clear Body|[of] p2a: Carbink\n|faint|p1a: Dugtrio\n|\n|-heal|p2a: Carbink|82/236|[from] item: Leftovers\n|upkeep\n|\n|t:|1733865060\n|switch|p1a: Pachirisu|Pachirisu, L96, F|271/271\n|turn|5\n|\n|t:|1733865069\n|move|p2a: Carbink|Body Press|p1a: Pachirisu\n|-damage|p1a: Pachirisu|63/271\n|move|p1a: Pachirisu|Thunderbolt|p2a: Carbink\n|-damage|p2a: Carbink|37/236\n|\n|-heal|p2a: Carbink|51/236|[from] item: Leftovers\n|upkeep\n|turn|6\n|\n|t:|1733865076\n|move|p2a: Carbink|Body Press|p1a: Pachirisu\n|-damage|p1a: Pachirisu|0 fnt\n|faint|p1a: Pachirisu\n|\n|-heal|p2a: Carbink|65/236|[from] item: Leftovers\n|upkeep\n|\n|t:|1733865088\n|switch|p1a: Charizard|Charizard, L85, F|271/271\n|turn|7\n|\n|t:|1733865100\n|move|p2a: Carbink|Iron Defense|p2a: Carbink\n|-boost|p2a: Carbink|def|2\n|move|p1a: Charizard|Swords Dance|p1a: Charizard\n|-boost|p1a: Charizard|atk|2\n|\n|-heal|p2a: Carbink|79/236|[from] item: Leftovers\n|upkeep\n|turn|8\n|\n|t:|1733865105\n|move|p2a: Carbink|Body Press|p1a: Charizard\n|-resisted|p1a: Charizard\n|-damage|p1a: Charizard|109/271\n|move|p1a: Charizard|Swords Dance|p1a: Charizard\n|-boost|p1a: Charizard|atk|2\n|\n|-heal|p2a: Carbink|93/236|[from] item: Leftovers\n|upkeep\n|turn|9\n|\n|t:|1733865111\n|move|p2a: Carbink|Body Press|p1a: Charizard\n|-resisted|p1a: Charizard\n|-damage|p1a: Charizard|0 fnt\n|faint|p1a: Charizard\n|\n|-heal|p2a: Carbink|107/236|[from] item: Leftovers\n|upkeep\n|\n|t:|1733865120\n|switch|p1a: Gallade|Gallade, L81, M|243/243\n|turn|10\n|\n|t:|1733865129\n|-terastallize|p2a: Carbink|Fighting\n|move|p2a: Carbink|Body Press|p1a: Gallade\n|-resisted|p1a: Gallade\n|-damage|p1a: Gallade|0 fnt\n|faint|p1a: Gallade\n|\n|-heal|p2a: Carbink|121/236|[from] item: Leftovers\n|upkeep\n|\n|t:|1733865133\n|switch|p1a: Piloswine|Piloswine, L85, M|309/309\n|turn|11\n|\n|t:|1733865139\n|move|p2a: Carbink|Body Press|p1a: Piloswine\n|-supereffective|p1a: Piloswine\n|-damage|p1a: Piloswine|0 fnt\n|faint|p1a: Piloswine\n|\n|-heal|p2a: Carbink|135/236|[from] item: Leftovers\n|upkeep\n|\n|t:|1733865141\n|switch|p1a: Cryogonal|Cryogonal, L89|287/287\n|turn|12\n|\n|t:|1733865148\n|-terastallize|p1a: Cryogonal|Electric\n|move|p2a: Carbink|Body Press|p1a: Cryogonal\n|-damage|p1a: Cryogonal|0 fnt\n|faint|p1a: Cryogonal\n|\n|win|fujyno\n|l|\u2606Razor998\n|player|p1|\n", "inputlog": ">version bfd83cad13791eb5a5a409923076391caf6fb4d4\n>start {\"formatid\":\"gen9randombattle\",\"seed\":[51396,27748,20317,30237]}\n>player p1 {\"name\":\"Razor998\",\"avatar\":\"nate\",\"rating\":0,\"seed\":[49589,6925,46936,62233]}\n>player p2 {\"name\":\"fujyno\",\"avatar\":\"elesa\",\"rating\":0,\"seed\":[4791,1992,528,25058]}\n>p1 move icebeam\n>p2 switch 4\n>p1 switch 3\n>p2 move irondefense\n>p1 move ironhead\n>p2 move rockpolish\n>p1 move ironhead\n>p2 move bodypress\n>p1 switch 4\n>p1 move thunderbolt\n>p2 move bodypress\n>p1 move thunderbolt\n>p2 move bodypress\n>p1 switch 2\n>p1 move swordsdance\n>p2 move irondefense\n>p1 move swordsdance\n>p2 move bodypress\n>p1 move earthquake\n>p2 move bodypress\n>p1 switch 6\n>p1 move leafblade\n>p2 move bodypress terastallize\n>p1 switch 5\n>p1 move stealthrock\n>p2 move bodypress\n>p1 switch 3\n>p1 move rapidspin terastallize\n>p2 move bodypress", "uploadtime": 1733865154, "views": 6, "formatid": "gen9randombattle", "rating": null, "private": 0, "password": null}