{"id": "gen9randombattle-2259769901", "format": "[Gen 9] Random Battle", "players": ["sanfrancanfran", "EL NEGRO 0SCUR0"], "log": "|j|\u2606sanfrancanfran\n|j|\u2606EL NEGRO 0SCUR0\n|t:|1733764973\n|gametype|singles\n|player|p1|sanfrancanfran|2|2065\n|player|p2|EL NEGRO 0SCUR0|hoopster|2007\n|teamsize|p1|6\n|teamsize|p2|6\n|gen|9\n|tier|[Gen 9] Random Battle\n|rated|\n|rule|Species Clause: Limit one of each Pok\u00e9mon\n|rule|HP Percentage Mod: HP is shown in percentages\n|rule|Sleep Clause Mod: Limit one foe put to sleep\n|rule|Illusion Level Mod: Illusion disguises the Pok\u00e9mon's true level\n|\n|t:|1733764973\n|start\n|switch|p1a: Basculin|Basculin, L86, M|261/261\n|switch|p2a: Great Tusk|Great Tusk, L77|304/304\n|turn|1\n|\n|t:|1733764986\n|-end|p2a: Great Tusk|Protosynthesis|[silent]\n|switch|p2a: Ogerpon|Ogerpon, L80, F|259/259\n|move|p1a: Basculin|Flip Turn|p2a: Ogerpon\n|-resisted|p2a: Ogerpon\n|-damage|p2a: Ogerpon|186/259\n|inactive|Battle timer is ON: inactive players will automatically lose when time's up. (requested by EL NEGRO 0SCUR0)\n|\n|t:|1733764998\n|switch|p1a: Bellibolt|Bellibolt, L84, F|320/320|[from] Flip Turn\n|\n|-heal|p2a: Ogerpon|202/259|[from] item: Leftovers\n|upkeep\n|turn|2\n|\n|t:|1733765004\n|move|p2a: Ogerpon|Spikes|p1a: Bellibolt\n|-sidestart|p1: sanfrancanfran|Spikes\n|move|p1a: Bellibolt|Toxic|p2a: Ogerpon\n|-status|p2a: Ogerpon|tox\n|\n|-heal|p2a: Ogerpon|218/259 tox|[from] item: Leftovers\n|-damage|p2a: Ogerpon|202/259 tox|[from] psn\n|upkeep\n|turn|3\n|\n|t:|1733765011\n|move|p2a: Ogerpon|Encore|p1a: Bellibolt\n|-start|p1a: Bellibolt|Encore\n|move|p1a: Bellibolt|Toxic|p2a: Ogerpon\n|-fail|p2a: Ogerpon|tox\n|\n|-heal|p2a: Ogerpon|218/259 tox|[from] item: Leftovers\n|-damage|p2a: Ogerpon|186/259 tox|[from] psn\n|upkeep\n|turn|4\n|\n|t:|1733765017\n|move|p2a: Ogerpon|Spikes|p1a: Bellibolt\n|-sidestart|p1: sanfrancanfran|Spikes\n|move|p1a: Bellibolt|Toxic|p2a: Ogerpon\n|-fail|p2a: Ogerpon|tox\n|\n|-heal|p2a: Ogerpon|202/259 tox|[from] item: Leftovers\n|-damage|p2a: Ogerpon|154/259 tox|[from] psn\n|upkeep\n|turn|5\n|\n|t:|1733765024\n|switch|p1a: Pincurchin|Pincurchin, M|258/258\n|-damage|p1a: Pincurchin|215/258|[from] Spikes\n|-fieldstart|move: Electric Terrain|[from] ability: Electric Surge|[of] p1a: Pincurchin\n|move|p2a: Ogerpon|Spikes|p1a: Pincurchin\n|-sidestart|p1: sanfrancanfran|Spikes\n|\n|-heal|p2a: Ogerpon|170/259 tox|[from] item: Leftovers\n|-heal|p1a: Pincurchin|231/258|[from] item: Leftovers\n|-damage|p2a: Ogerpon|106/259 tox|[from] psn\n|upkeep\n|turn|6\n|\n|t:|1733765030\n|switch|p2a: Groudon|Groudon, L72|263/263\n|-weather|SunnyDay|[from] ability: Drought|[of] p2a: Groudon\n|move|p1a: Pincurchin|Liquidation|p2a: Groudon\n|-supereffective|p2a: Groudon\n|-damage|p2a: Groudon|197/263\n|\n|-weather|SunnyDay|[upkeep]\n|-heal|p2a: Groudon|213/263|[from] item: Leftovers\n|-heal|p1a: Pincurchin|247/258|[from] item: Leftovers\n|upkeep\n|turn|7\n|\n|t:|1733765037\n|switch|p1a: Ting-Lu|Ting-Lu, L78|370/370\n|-damage|p1a: Ting-Lu|278/370|[from] Spikes\n|-ability|p1a: Ting-Lu|Vessel of Ruin\n|move|p2a: Groudon|Precipice Blades|p1a: Ting-Lu\n|-damage|p1a: Ting-Lu|160/370\n|\n|-weather|SunnyDay|[upkeep]\n|-heal|p2a: Groudon|229/263|[from] item: Leftovers\n|-heal|p1a: Ting-Lu|183/370|[from] item: Leftovers\n|upkeep\n|turn|8\n|\n|t:|1733765045\n|move|p2a: Groudon|Precipice Blades|p1a: Ting-Lu\n|-damage|p1a: Ting-Lu|78/370\n|move|p1a: Ting-Lu|Stealth Rock|p2a: Groudon\n|-sidestart|p2: EL NEGRO 0SCUR0|move: Stealth Rock\n|\n|-weather|SunnyDay|[upkeep]\n|-heal|p2a: Groudon|245/263|[from] item: Leftovers\n|-heal|p1a: Ting-Lu|101/370|[from] item: Leftovers\n|upkeep\n|turn|9\n|\n|t:|1733765049\n|move|p2a: Groudon|Precipice Blades|p1a: Ting-Lu\n|-damage|p1a: Ting-Lu|0 fnt\n|faint|p1a: Ting-Lu\n|\n|-weather|SunnyDay|[upkeep]\n|-heal|p2a: Groudon|261/263|[from] item: Leftovers\n|-fieldend|move: Electric Terrain\n|upkeep\n|\n|t:|1733765053\n|switch|p1a: Iron Leaves|Iron Leaves, L80|275/275\n|-damage|p1a: Iron Leaves|207/275|[from] Spikes\n|turn|10\n|\n|t:|1733765061\n|move|p1a: Iron Leaves|Leaf Blade|p2a: Groudon\n|-supereffective|p2a: Groudon\n|-damage|p2a: Groudon|0 fnt\n|faint|p2a: Groudon\n|\n|-weather|none\n|upkeep\n|\n|t:|1733765070\n|switch|p2a: Gouging Fire|Gouging Fire, L74|277/277\n|turn|11\n|\n|t:|1733765074\n|-end|p1a: Iron Leaves|Quark Drive|[silent]\n|switch|p1a: Bellibolt|Bellibolt, L84, F|320/320\n|-damage|p1a: Bellibolt|240/320|[from] Spikes\n|move|p2a: Gouging Fire|Dragon Dance|p2a: Gouging Fire\n|-boost|p2a: Gouging Fire|atk|1\n|-boost|p2a: Gouging Fire|spe|1\n|\n|-heal|p1a: Bellibolt|260/320|[from] item: Leftovers\n|upkeep\n|turn|12\n|\n|t:|1733765079\n|move|p2a: Gouging Fire|Dragon Dance|p2a: Gouging Fire\n|-boost|p2a: Gouging Fire|atk|1\n|-boost|p2a: Gouging Fire|spe|1\n|move|p1a: Bellibolt|Toxic|p2a: Gouging Fire\n|-status|p2a: Gouging Fire|tox\n|\n|-heal|p1a: Bellibolt|280/320|[from] item: Leftovers\n|-damage|p2a: Gouging Fire|260/277 tox|[from] psn\n|upkeep\n|turn|13\n|\n|t:|1733765082\n|move|p2a: Gouging Fire|Earthquake|p1a: Bellibolt\n|-supereffective|p1a: Bellibolt\n|-damage|p1a: Bellibolt|46/320\n|-start|p1a: Bellibolt|Charge|Earthquake|[from] ability: Electromorphosis\n|move|p1a: Bellibolt|Muddy Water|p2a: Gouging Fire\n|-damage|p2a: Gouging Fire|186/277 tox\n|\n|-heal|p1a: Bellibolt|66/320|[from] item: Leftovers\n|-damage|p2a: Gouging Fire|152/277 tox|[from] psn\n|upkeep\n|turn|14\n|\n|t:|1733765092\n|move|p2a: Gouging Fire|Heat Crash|p1a: Bellibolt\n|-damage|p1a: Bellibolt|0 fnt\n|faint|p1a: Bellibolt\n|\n|-damage|p2a: Gouging Fire|101/277 tox|[from] psn\n|upkeep\n|\n|t:|1733765104\n|switch|p1a: Pincurchin|Pincurchin, M|247/258\n|-damage|p1a: Pincurchin|183/258|[from] Spikes\n|-fieldstart|move: Electric Terrain|[from] ability: Electric Surge|[of] p1a: Pincurchin\n|turn|15\n|\n|t:|1733765112\n|move|p2a: Gouging Fire|Outrage|p1a: Pincurchin\n|-damage|p1a: Pincurchin|11/258\n|move|p1a: Pincurchin|Recover|p1a: Pincurchin\n|-heal|p1a: Pincurchin|140/258\n|\n|-heal|p1a: Pincurchin|156/258|[from] item: Leftovers\n|-damage|p2a: Gouging Fire|33/277 tox|[from] psn\n|upkeep\n|turn|16\n|\n|t:|1733765117\n|move|p2a: Gouging Fire|Outrage|p1a: Pincurchin|[from]lockedmove\n|-damage|p1a: Pincurchin|0 fnt\n|faint|p1a: Pincurchin\n|-start|p2a: Gouging Fire|confusion|[fatigue]\n|\n|-damage|p2a: Gouging Fire|0 fnt|[from] psn\n|faint|p2a: Gouging Fire\n|-end|p2a: Gouging Fire|Protosynthesis|[silent]\n|upkeep\n|\n|t:|1733765124\n|switch|p2a: Ogerpon|Ogerpon, L80, F|106/259 tox\n|switch|p1a: Iron Leaves|Iron Leaves, L80|207/275\n|-damage|p2a: Ogerpon|74/259 tox|[from] Stealth Rock\n|-damage|p1a: Iron Leaves|139/275|[from] Spikes\n|-activate|p1a: Iron Leaves|ability: Quark Drive\n|-start|p1a: Iron Leaves|quarkdriveatk\n|turn|17\n|\n|t:|1733765129\n|move|p2a: Ogerpon|Knock Off|p1a: Iron Leaves\n|-supereffective|p1a: Iron Leaves\n|-crit|p1a: Iron Leaves\n|-damage|p1a: Iron Leaves|0 fnt\n|-enditem|p1a: Iron Leaves|Choice Band|[from] move: Knock Off|[of] p2a: Ogerpon\n|faint|p1a: Iron Leaves\n|-end|p1a: Iron Leaves|Quark Drive|[silent]\n|\n|-heal|p2a: Ogerpon|90/259 tox|[from] item: Leftovers\n|-damage|p2a: Ogerpon|74/259 tox|[from] psn\n|upkeep\n|\n|t:|1733765145\n|switch|p1a: Poliwrath|Poliwrath, L88, M|302/302\n|-damage|p1a: Poliwrath|227/302|[from] Spikes\n|turn|18\n|\n|t:|1733765150\n|-terastallize|p1a: Poliwrath|Dark\n|move|p2a: Ogerpon|Knock Off|p1a: Poliwrath\n|-resisted|p1a: Poliwrath\n|-damage|p1a: Poliwrath|193/302\n|-enditem|p1a: Poliwrath|Life Orb|[from] move: Knock Off|[of] p2a: Ogerpon\n|move|p1a: Poliwrath|Rain Dance|p1a: Poliwrath\n|-weather|RainDance\n|\n|-weather|RainDance|[upkeep]\n|-heal|p2a: Ogerpon|90/259 tox|[from] item: Leftovers\n|-damage|p2a: Ogerpon|58/259 tox|[from] psn\n|upkeep\n|turn|19\n|\n|t:|1733765165\n|move|p1a: Poliwrath|Liquidation|p2a: Ogerpon\n|-resisted|p2a: Ogerpon\n|-damage|p2a: Ogerpon|0 fnt\n|faint|p2a: Ogerpon\n|\n|-weather|RainDance|[upkeep]\n|-fieldend|move: Electric Terrain\n|upkeep\n|\n|t:|1733765169\n|switch|p2a: Wigglytuff|Wigglytuff, L96, F|424/424\n|-damage|p2a: Wigglytuff|371/424|[from] Stealth Rock\n|turn|20\n|\n|t:|1733765172\n|move|p2a: Wigglytuff|Protect|p2a: Wigglytuff\n|-singleturn|p2a: Wigglytuff|Protect\n|move|p1a: Poliwrath|Liquidation|p2a: Wigglytuff\n|-activate|p2a: Wigglytuff|move: Protect\n|\n|-weather|RainDance|[upkeep]\n|-heal|p2a: Wigglytuff|397/424|[from] item: Leftovers\n|upkeep\n|turn|21\n|\n|t:|1733765176\n|move|p1a: Poliwrath|Liquidation|p2a: Wigglytuff\n|-damage|p2a: Wigglytuff|181/424\n|move|p2a: Wigglytuff|Wish|p2a: Wigglytuff\n|\n|-weather|RainDance|[upkeep]\n|-heal|p2a: Wigglytuff|207/424|[from] item: Leftovers\n|upkeep\n|turn|22\n|\n|t:|1733765180\n|move|p2a: Wigglytuff|Protect|p2a: Wigglytuff\n|-singleturn|p2a: Wigglytuff|Protect\n|move|p1a: Poliwrath|Knock Off|p2a: Wigglytuff\n|-activate|p2a: Wigglytuff|move: Protect\n|\n|-weather|none\n|-heal|p2a: Wigglytuff|419/424|[from] move: Wish|[wisher] Wigglytuff\n|-heal|p2a: Wigglytuff|424/424|[from] item: Leftovers\n|upkeep\n|turn|23\n|\n|t:|1733765184\n|move|p1a: Poliwrath|Rain Dance|p1a: Poliwrath\n|-weather|RainDance\n|move|p2a: Wigglytuff|Wish|p2a: Wigglytuff\n|\n|-weather|RainDance|[upkeep]\n|upkeep\n|turn|24\n|\n|t:|1733765188\n|move|p1a: Poliwrath|Knock Off|p2a: Wigglytuff\n|-resisted|p2a: Wigglytuff\n|-damage|p2a: Wigglytuff|349/424\n|-enditem|p2a: Wigglytuff|Leftovers|[from] move: Knock Off|[of] p1a: Poliwrath\n|move|p2a: Wigglytuff|Dazzling Gleam|p1a: Poliwrath\n|-supereffective|p1a: Poliwrath\n|-damage|p1a: Poliwrath|5/302\n|\n|-weather|RainDance|[upkeep]\n|-heal|p2a: Wigglytuff|424/424|[from] move: Wish|[wisher] Wigglytuff\n|upkeep\n|turn|25\n|\n|t:|1733765193\n|move|p2a: Wigglytuff|Protect|p2a: Wigglytuff\n|-singleturn|p2a: Wigglytuff|Protect\n|move|p1a: Poliwrath|Liquidation|p2a: Wigglytuff\n|-activate|p2a: Wigglytuff|move: Protect\n|\n|-weather|RainDance|[upkeep]\n|upkeep\n|turn|26\n|\n|t:|1733765196\n|move|p1a: Poliwrath|Liquidation|p2a: Wigglytuff\n|-damage|p2a: Wigglytuff|220/424\n|-unboost|p2a: Wigglytuff|def|1\n|-ability|p2a: Wigglytuff|Competitive|boost\n|-boost|p2a: Wigglytuff|spa|2\n|move|p2a: Wigglytuff|Wish|p2a: Wigglytuff\n|\n|-weather|RainDance|[upkeep]\n|upkeep\n|turn|27\n|\n|t:|1733765200\n|move|p2a: Wigglytuff|Protect|p2a: Wigglytuff\n|-singleturn|p2a: Wigglytuff|Protect\n|move|p1a: Poliwrath|Liquidation|p2a: Wigglytuff\n|-activate|p2a: Wigglytuff|move: Protect\n|\n|-weather|none\n|-heal|p2a: Wigglytuff|424/424|[from] move: Wish|[wisher] Wigglytuff\n|upkeep\n|turn|28\n|\n|t:|1733765202\n|move|p1a: Poliwrath|Rain Dance|p1a: Poliwrath\n|-weather|RainDance\n|move|p2a: Wigglytuff|Dazzling Gleam|p1a: Poliwrath\n|-supereffective|p1a: Poliwrath\n|-damage|p1a: Poliwrath|0 fnt\n|faint|p1a: Poliwrath\n|\n|-weather|RainDance|[upkeep]\n|upkeep\n|\n|t:|1733765206\n|switch|p1a: Basculin|Basculin, L86, M|261/261\n|-damage|p1a: Basculin|196/261|[from] Spikes\n|turn|29\n|\n|t:|1733765210\n|move|p2a: Wigglytuff|Protect|p2a: Wigglytuff\n|-singleturn|p2a: Wigglytuff|Protect\n|move|p1a: Basculin|Wave Crash|p2a: Wigglytuff\n|-activate|p2a: Wigglytuff|move: Protect\n|\n|-weather|RainDance|[upkeep]\n|upkeep\n|turn|30\n|\n|t:|1733765215\n|switch|p2a: Great Tusk|Great Tusk, L77|304/304\n|-damage|p2a: Great Tusk|295/304|[from] Stealth Rock\n|move|p1a: Basculin|Wave Crash|p2a: Great Tusk\n|-supereffective|p2a: Great Tusk\n|-damage|p2a: Great Tusk|0 fnt\n|faint|p2a: Great Tusk\n|-end|p2a: Great Tusk|Protosynthesis|[silent]\n|-damage|p1a: Basculin|99/261|[from] Recoil\n|\n|-weather|RainDance|[upkeep]\n|upkeep\n|\n|t:|1733765220\n|switch|p2a: Wigglytuff|Wigglytuff, L96, F|424/424\n|-damage|p2a: Wigglytuff|371/424|[from] Stealth Rock\n|turn|31\n|\n|t:|1733765223\n|move|p2a: Wigglytuff|Protect|p2a: Wigglytuff\n|-singleturn|p2a: Wigglytuff|Protect\n|move|p1a: Basculin|Wave Crash|p2a: Wigglytuff\n|-activate|p2a: Wigglytuff|move: Protect\n|\n|-weather|RainDance|[upkeep]\n|upkeep\n|turn|32\n|\n|t:|1733765227\n|move|p1a: Basculin|Wave Crash|p2a: Wigglytuff\n|-damage|p2a: Wigglytuff|0 fnt\n|faint|p2a: Wigglytuff\n|-damage|p1a: Basculin|0 fnt|[from] Recoil\n|faint|p1a: Basculin\n|\n|win|EL NEGRO 0SCUR0\n|raw|sanfrancanfran's rating: 2065 &rarr; <strong>2042</strong><br />(-23 for losing)\n|raw|EL NEGRO 0SCUR0's rating: 2007 &rarr; <strong>2030</strong><br />(+23 for winning)\n|l|\u2606sanfrancanfran\n|player|p1|\n", "inputlog": ">version bfd83cad13791eb5a5a409923076391caf6fb4d4\n>start {\"formatid\":\"gen9randombattle\",\"seed\":[50574,38841,20337,53876],\"rated\":\"Rated battle\"}\n>player p1 {\"name\":\"sanfrancanfran\",\"avatar\":\"2\",\"rating\":2065,\"seed\":[53504,28888,13315,34433]}\n>player p2 {\"name\":\"EL NEGRO 0SCUR0\",\"avatar\":\"hoopster\",\"rating\":2007,\"seed\":[63224,49525,30789,50444]}\n>p1 move flipturn\n>p2 switch 3\n>p1 switch 4\n>p1 move toxic\n>p2 move spikes\n>p1 move thunderbolt\n>p2 move encore\n>p1 move toxic\n>p2 move spikes\n>p1 switch 5\n>p2 move spikes\n>p1 move liquidation\n>p2 switch 2\n>p1 switch 6\n>p2 move precipiceblades\n>p1 move stealthrock\n>p2 move precipiceblades\n>p1 move earthquake\n>p2 move precipiceblades\n>p1 switch 2\n>p1 move leafblade\n>p2 move heatcrash\n>p2 switch 5\n>p1 switch 5\n>p2 move dragondance\n>p1 move toxic\n>p2 move dragondance\n>p1 move muddywater\n>p2 move earthquake\n>p1 move muddywater\n>p2 move heatcrash\n>p1 switch 6\n>p1 move recover\n>p2 move outrage\n>p1 move recover\n>p2 move outrage\n>p1 switch 5\n>p2 switch 2\n>p1 move leafblade\n>p2 move knockoff\n>p1 switch 3\n>p1 move raindance terastallize\n>p2 move knockoff\n>p1 move liquidation\n>p2 move ivycudgel\n>p2 switch 4\n>p1 move liquidation\n>p2 move protect\n>p1 move liquidation\n>p2 move wish\n>p1 move knockoff\n>p2 move protect\n>p1 move raindance\n>p2 move wish\n>p1 move knockoff\n>p2 move dazzlinggleam\n>p1 move liquidation\n>p2 move protect\n>p1 move liquidation\n>p2 move wish\n>p1 move liquidation\n>p2 move protect\n>p1 move raindance\n>p2 move dazzlinggleam\n>p1 switch 4\n>p1 move wavecrash\n>p2 move protect\n>p1 move wavecrash\n>p2 switch 3\n>p2 switch 3\n>p1 move wavecrash\n>p2 move protect\n>p1 move wavecrash\n>p2 move wish", "uploadtime": 1733765236, "views": 1, "formatid": "gen9randombattle", "rating": 2030, "private": 0, "password": null}