{"id": "gen9randombattle-2243625206", "format": "[Gen 9] Random Battle", "players": ["Iceman8911", "ryonabot"], "log": "|j|\u203dIceman8911\n|j|\u2606ryonabot\n|t:|1731577944\n|gametype|singles\n|player|p1|Iceman8911|plasmagrunt|2201\n|player|p2|ryonabot|lucian|2247\n|teamsize|p1|6\n|teamsize|p2|6\n|gen|9\n|tier|[Gen 9] Random Battle\n|rated|\n|rule|Species Clause: Limit one of each Pok\u00e9mon\n|rule|HP Percentage Mod: HP is shown in percentages\n|rule|Sleep Clause Mod: Limit one foe put to sleep\n|rule|Illusion Level Mod: Illusion disguises the Pok\u00e9mon's true level\n|\n|t:|1731577944\n|start\n|switch|p1a: Wo-Chien|Wo-Chien, L83|277/277\n|switch|p2a: Giratina|Giratina-Origin, L72|335/335\n|-ability|p1a: Wo-Chien|Tablets of Ruin\n|turn|1\n|\n|t:|1731577955\n|switch|p2a: Galvantula|Galvantula, L82, F|249/249\n|move|p1a: Wo-Chien|Stun Spore|p2a: Galvantula\n|-immune|p2a: Galvantula\n|\n|upkeep\n|turn|2\n|inactive|Battle timer is ON: inactive players will automatically lose when time's up. (requested by Iceman8911)\n|\n|t:|1731577963\n|move|p2a: Galvantula|Sticky Web|p1a: Wo-Chien\n|-sidestart|p1: Iceman8911|move: Sticky Web\n|move|p1a: Wo-Chien|Knock Off|p2a: Galvantula\n|-damage|p2a: Galvantula|126/249\n|-enditem|p2a: Galvantula|Heavy-Duty Boots|[from] move: Knock Off|[of] p1a: Wo-Chien\n|\n|upkeep\n|turn|3\n|\n|t:|1731577971\n|move|p1a: Wo-Chien|Protect|p1a: Wo-Chien\n|-singleturn|p1a: Wo-Chien|Protect\n|move|p2a: Galvantula|Bug Buzz|p1a: Wo-Chien\n|-activate|p1a: Wo-Chien|move: Protect\n|\n|upkeep\n|turn|4\n|\n|t:|1731577986\n|switch|p1a: Toxicroak|Toxicroak, L84, F|277/277\n|-activate|p1a: Toxicroak|move: Sticky Web\n|-unboost|p1a: Toxicroak|spe|1\n|move|p2a: Galvantula|Bug Buzz|p1a: Toxicroak\n|-resisted|p1a: Toxicroak\n|-damage|p1a: Toxicroak|249/277\n|\n|upkeep\n|turn|5\n|j| antho_rbn\n|l| antho_rbn\n|\n|t:|1731577996\n|move|p2a: Galvantula|Thunder|p1a: Toxicroak\n|-damage|p1a: Toxicroak|107/277\n|move|p1a: Toxicroak|Gunk Shot|p2a: Galvantula|[miss]\n|-miss|p1a: Toxicroak|p2a: Galvantula\n|\n|upkeep\n|turn|6\n|\n|t:|1731578003\n|move|p2a: Galvantula|Thunder|p1a: Toxicroak\n|-damage|p1a: Toxicroak|0 fnt\n|faint|p1a: Toxicroak\n|\n|upkeep\n|\n|t:|1731578007\n|switch|p1a: Vikavolt|Vikavolt, L83, F|263/263\n|turn|7\n|\n|t:|1731578015\n|switch|p2a: Giratina|Giratina-Origin, L72|335/335\n|move|p1a: Vikavolt|Sticky Web|p2a: Giratina\n|-sidestart|p2: ryonabot|move: Sticky Web\n|\n|upkeep\n|turn|8\n|\n|t:|1731578020\n|switch|p1a: Wo-Chien|Wo-Chien, L83|277/277\n|-activate|p1a: Wo-Chien|move: Sticky Web\n|-unboost|p1a: Wo-Chien|spe|1\n|-ability|p1a: Wo-Chien|Tablets of Ruin\n|move|p2a: Giratina|Poltergeist|p1a: Wo-Chien\n|-activate|p1a: Wo-Chien|move: Poltergeist|Leftovers\n|-resisted|p1a: Wo-Chien\n|-damage|p1a: Wo-Chien|239/277\n|\n|-heal|p1a: Wo-Chien|256/277|[from] item: Leftovers\n|upkeep\n|turn|9\n|\n|t:|1731578029\n|switch|p2a: Galvantula|Galvantula, L82, F|126/249\n|-activate|p2a: Galvantula|move: Sticky Web\n|-unboost|p2a: Galvantula|spe|1\n|move|p1a: Wo-Chien|Leech Seed|p2a: Galvantula|[miss]\n|-miss|p1a: Wo-Chien|p2a: Galvantula\n|\n|-heal|p1a: Wo-Chien|273/277|[from] item: Leftovers\n|upkeep\n|turn|10\n|\n|t:|1731578041\n|switch|p1a: Lugia|Lugia, L72|219/219\n|-activate|p1a: Lugia|move: Sticky Web\n|-unboost|p1a: Lugia|spe|1\n|move|p2a: Galvantula|Bug Buzz|p1a: Lugia\n|-resisted|p1a: Lugia\n|-damage|p1a: Lugia|160/219\n|replace|p1a: Zoroark|Zoroark-Hisui, L80, M\n|-end|p1a: Zoroark|Illusion\n|-hint|Illusion Level Mod is active, so this Pok\u00e9mon's true level was hidden.\n|\n|upkeep\n|turn|11\n|\n|t:|1731578055\n|switch|p2a: Vigoroth|Vigoroth, L85, M|275/275\n|-activate|p2a: Vigoroth|move: Sticky Web\n|-unboost|p2a: Vigoroth|spe|1\n|move|p1a: Zoroark|Bitter Malice|p2a: Vigoroth\n|-immune|p2a: Vigoroth\n|\n|upkeep\n|turn|12\n|\n|t:|1731578064\n|switch|p1a: Vikavolt|Vikavolt, L83, F|263/263\n|move|p2a: Vigoroth|Bulk Up|p2a: Vigoroth\n|-boost|p2a: Vigoroth|atk|1\n|-boost|p2a: Vigoroth|def|1\n|\n|upkeep\n|turn|13\n|\n|t:|1731578068\n|move|p2a: Vigoroth|Body Slam|p1a: Vikavolt\n|-damage|p1a: Vikavolt|134/263\n|move|p1a: Vikavolt|Discharge|p2a: Vigoroth\n|-damage|p2a: Vigoroth|163/275\n|\n|upkeep\n|turn|14\n|\n|t:|1731578075\n|move|p2a: Vigoroth|Body Slam|p1a: Vikavolt\n|-damage|p1a: Vikavolt|5/263\n|move|p1a: Vikavolt|Discharge|p2a: Vigoroth\n|-damage|p2a: Vigoroth|52/275\n|-status|p2a: Vigoroth|par\n|\n|upkeep\n|turn|15\n|\n|t:|1731578081\n|move|p1a: Vikavolt|Bug Buzz|p2a: Vigoroth\n|-damage|p2a: Vigoroth|0 fnt\n|faint|p2a: Vigoroth\n|\n|upkeep\n|\n|t:|1731578096\n|switch|p2a: Arcanine|Arcanine, L84, F|288/288\n|-ability|p2a: Arcanine|Intimidate|boost\n|-unboost|p1a: Vikavolt|atk|1\n|turn|16\n|\n|t:|1731578104\n|switch|p1a: Keldeo|Keldeo-Resolute, L79|273/273\n|-activate|p1a: Keldeo|move: Sticky Web\n|-unboost|p1a: Keldeo|spe|1\n|move|p2a: Arcanine|Flare Blitz|p1a: Keldeo\n|-resisted|p1a: Keldeo\n|-damage|p1a: Keldeo|205/273\n|-damage|p2a: Arcanine|266/288|[from] Recoil\n|\n|-heal|p1a: Keldeo|222/273|[from] item: Leftovers\n|upkeep\n|turn|17\n|\n|t:|1731578111\n|switch|p2a: Giratina|Giratina-Origin, L72|335/335\n|switch|p1a: Wo-Chien|Wo-Chien, L83|273/277\n|-activate|p1a: Wo-Chien|move: Sticky Web\n|-unboost|p1a: Wo-Chien|spe|1\n|-ability|p1a: Wo-Chien|Tablets of Ruin\n|\n|-heal|p1a: Wo-Chien|277/277|[from] item: Leftovers\n|upkeep\n|turn|18\n|\n|t:|1731578118\n|switch|p2a: Galvantula|Galvantula, L82, F|126/249\n|-activate|p2a: Galvantula|move: Sticky Web\n|-unboost|p2a: Galvantula|spe|1\n|move|p1a: Wo-Chien|Leech Seed|p2a: Galvantula\n|-start|p2a: Galvantula|move: Leech Seed\n|\n|-damage|p2a: Galvantula|95/249|[from] Leech Seed|[of] p1a: Wo-Chien\n|upkeep\n|turn|19\n|\n|t:|1731578124\n|move|p1a: Wo-Chien|Protect|p1a: Wo-Chien\n|-singleturn|p1a: Wo-Chien|Protect\n|move|p2a: Galvantula|Bug Buzz|p1a: Wo-Chien\n|-activate|p1a: Wo-Chien|move: Protect\n|\n|-damage|p2a: Galvantula|64/249|[from] Leech Seed|[of] p1a: Wo-Chien\n|upkeep\n|turn|20\n|\n|t:|1731578132\n|switch|p1a: Lugia|Lugia, L72|160/219\n|-activate|p1a: Lugia|move: Sticky Web\n|-unboost|p1a: Lugia|spe|1\n|move|p2a: Galvantula|Thunder|p1a: Lugia\n|-damage|p1a: Lugia|0 fnt\n|replace|p1a: Zoroark|Zoroark-Hisui, L80, M\n|-end|p1a: Zoroark|Illusion\n|faint|p1a: Zoroark\n|\n|upkeep\n|\n|t:|1731578140\n|switch|p1a: Lugia|Lugia, L72|272/272\n|turn|21\n|\n|t:|1731578146\n|move|p1a: Lugia|Aeroblast|p2a: Galvantula\n|-damage|p2a: Galvantula|0 fnt\n|faint|p2a: Galvantula\n|\n|upkeep\n|\n|t:|1731578153\n|switch|p2a: Gholdengo|Gholdengo, L77|261/261\n|-activate|p2a: Gholdengo|move: Sticky Web\n|-unboost|p2a: Gholdengo|spe|1\n|turn|22\n|\n|t:|1731578161\n|switch|p1a: Vikavolt|Vikavolt, L83, F|5/263\n|move|p2a: Gholdengo|Trick|p1a: Vikavolt\n|-activate|p2a: Gholdengo|move: Trick|[of] p1a: Vikavolt\n|-item|p1a: Vikavolt|Choice Scarf|[from] move: Trick\n|-item|p2a: Gholdengo|Heavy-Duty Boots|[from] move: Trick\n|\n|upkeep\n|turn|23\n|\n|t:|1731578167\n|switch|p1a: Wo-Chien|Wo-Chien, L83|277/277\n|-activate|p1a: Wo-Chien|move: Sticky Web\n|-unboost|p1a: Wo-Chien|spe|1\n|-ability|p1a: Wo-Chien|Tablets of Ruin\n|move|p2a: Gholdengo|Trick|p1a: Wo-Chien\n|-activate|p2a: Gholdengo|move: Trick|[of] p1a: Wo-Chien\n|-item|p1a: Wo-Chien|Heavy-Duty Boots|[from] move: Trick\n|-item|p2a: Gholdengo|Leftovers|[from] move: Trick\n|\n|upkeep\n|turn|24\n|\n|t:|1731578175\n|move|p2a: Gholdengo|Focus Blast|p1a: Wo-Chien\n|-supereffective|p1a: Wo-Chien\n|-damage|p1a: Wo-Chien|143/277\n|move|p1a: Wo-Chien|Knock Off|p2a: Gholdengo\n|-supereffective|p2a: Gholdengo\n|-damage|p2a: Gholdengo|81/261\n|-enditem|p2a: Gholdengo|Leftovers|[from] move: Knock Off|[of] p1a: Wo-Chien\n|\n|upkeep\n|turn|25\n|\n|t:|1731578181\n|move|p2a: Gholdengo|Focus Blast|p1a: Wo-Chien\n|-supereffective|p1a: Wo-Chien\n|-damage|p1a: Wo-Chien|7/277\n|-unboost|p1a: Wo-Chien|spd|1\n|move|p1a: Wo-Chien|Knock Off|p2a: Gholdengo\n|-supereffective|p2a: Gholdengo\n|-damage|p2a: Gholdengo|0 fnt\n|faint|p2a: Gholdengo\n|\n|upkeep\n|\n|t:|1731578188\n|switch|p2a: Arcanine|Arcanine, L84, F|266/288\n|-ability|p2a: Arcanine|Intimidate|boost\n|-unboost|p1a: Wo-Chien|atk|1\n|turn|26\n|\n|t:|1731578199\n|move|p2a: Arcanine|Flare Blitz|p1a: Wo-Chien\n|-supereffective|p1a: Wo-Chien\n|-damage|p1a: Wo-Chien|0 fnt\n|faint|p1a: Wo-Chien\n|-damage|p2a: Arcanine|264/288|[from] Recoil\n|\n|upkeep\n|\n|t:|1731578202\n|switch|p1a: Keldeo|Keldeo-Resolute, L79|222/273\n|-activate|p1a: Keldeo|move: Sticky Web\n|-unboost|p1a: Keldeo|spe|1\n|turn|27\n|\n|t:|1731578207\n|switch|p2a: Giratina|Giratina-Origin, L72|335/335\n|move|p1a: Keldeo|Calm Mind|p1a: Keldeo\n|-boost|p1a: Keldeo|spa|1\n|-boost|p1a: Keldeo|spd|1\n|\n|-heal|p1a: Keldeo|239/273|[from] item: Leftovers\n|upkeep\n|turn|28\n|\n|t:|1731578212\n|move|p2a: Giratina|Poltergeist|p1a: Keldeo\n|-activate|p1a: Keldeo|move: Poltergeist|Leftovers\n|-damage|p1a: Keldeo|122/273\n|move|p1a: Keldeo|Substitute|p1a: Keldeo\n|-start|p1a: Keldeo|Substitute\n|-damage|p1a: Keldeo|54/273\n|\n|-heal|p1a: Keldeo|71/273|[from] item: Leftovers\n|upkeep\n|turn|29\n|\n|t:|1731578217\n|move|p2a: Giratina|Poltergeist|p1a: Keldeo\n|-activate|p1a: Keldeo|move: Poltergeist|Leftovers\n|-end|p1a: Keldeo|Substitute\n|move|p1a: Keldeo|Surf|p2a: Giratina\n|-resisted|p2a: Giratina\n|-damage|p2a: Giratina|254/335\n|\n|-heal|p1a: Keldeo|88/273|[from] item: Leftovers\n|upkeep\n|turn|30\n|\n|t:|1731578219\n|move|p2a: Giratina|Poltergeist|p1a: Keldeo\n|-activate|p1a: Keldeo|move: Poltergeist|Leftovers\n|-damage|p1a: Keldeo|0 fnt\n|faint|p1a: Keldeo\n|\n|upkeep\n|\n|t:|1731578221\n|switch|p1a: Lugia|Lugia, L72|272/272\n|turn|31\n|\n|t:|1731578224\n|-terastallize|p1a: Lugia|Ground\n|move|p1a: Lugia|Calm Mind|p1a: Lugia\n|-boost|p1a: Lugia|spa|1\n|-boost|p1a: Lugia|spd|1\n|move|p2a: Giratina|Poltergeist|p1a: Lugia\n|-activate|p1a: Lugia|move: Poltergeist|Heavy-Duty Boots\n|-damage|p1a: Lugia|218/272\n|\n|upkeep\n|turn|32\n|\n|t:|1731578232\n|move|p1a: Lugia|Aeroblast|p2a: Giratina\n|-crit|p2a: Giratina\n|-damage|p2a: Giratina|88/335\n|move|p2a: Giratina|Poltergeist|p1a: Lugia\n|-activate|p1a: Lugia|move: Poltergeist|Heavy-Duty Boots\n|-damage|p1a: Lugia|118/272\n|\n|upkeep\n|turn|33\n|j| isacfodaokkkkkkkkk\n|\n|t:|1731578240\n|switch|p2a: Arcanine|Arcanine, L84, F|264/288\n|-ability|p2a: Arcanine|Intimidate|boost\n|-unboost|p1a: Lugia|atk|1\n|move|p1a: Lugia|Recover|p1a: Lugia\n|-heal|p1a: Lugia|254/272\n|\n|upkeep\n|turn|34\n|\n|t:|1731578246\n|-terastallize|p2a: Arcanine|Normal\n|move|p2a: Arcanine|Will-O-Wisp|p1a: Lugia\n|-status|p1a: Lugia|brn\n|move|p1a: Lugia|Earth Power|p2a: Arcanine\n|-damage|p2a: Arcanine|159/288\n|\n|-damage|p1a: Lugia|237/272 brn|[from] brn\n|upkeep\n|turn|35\n|\n|t:|1731578252\n|move|p2a: Arcanine|Extreme Speed|p1a: Lugia\n|-damage|p1a: Lugia|156/272 brn\n|move|p1a: Lugia|Aeroblast|p2a: Arcanine\n|-damage|p2a: Arcanine|39/288\n|\n|-damage|p1a: Lugia|139/272 brn|[from] brn\n|upkeep\n|turn|36\n|\n|t:|1731578258\n|move|p2a: Arcanine|Morning Sun|p2a: Arcanine\n|-heal|p2a: Arcanine|183/288\n|move|p1a: Lugia|Recover|p1a: Lugia\n|-heal|p1a: Lugia|272/272 brn\n|\n|-damage|p1a: Lugia|255/272 brn|[from] brn\n|upkeep\n|turn|37\n|\n|t:|1731578262\n|move|p2a: Arcanine|Extreme Speed|p1a: Lugia\n|-damage|p1a: Lugia|173/272 brn\n|move|p1a: Lugia|Calm Mind|p1a: Lugia\n|-boost|p1a: Lugia|spa|1\n|-boost|p1a: Lugia|spd|1\n|\n|-damage|p1a: Lugia|156/272 brn|[from] brn\n|upkeep\n|turn|38\n|\n|t:|1731578270\n|move|p2a: Arcanine|Extreme Speed|p1a: Lugia\n|-damage|p1a: Lugia|74/272 brn\n|move|p1a: Lugia|Recover|p1a: Lugia\n|-heal|p1a: Lugia|210/272 brn\n|\n|-damage|p1a: Lugia|193/272 brn|[from] brn\n|upkeep\n|turn|39\n|\n|t:|1731578276\n|move|p2a: Arcanine|Flare Blitz|p1a: Lugia\n|-damage|p1a: Lugia|72/272 brn\n|-damage|p2a: Arcanine|143/288|[from] Recoil\n|move|p1a: Lugia|Aeroblast|p2a: Arcanine\n|-damage|p2a: Arcanine|0 fnt\n|faint|p2a: Arcanine\n|\n|-damage|p1a: Lugia|55/272 brn|[from] brn\n|upkeep\n|\n|t:|1731578290\n|switch|p2a: Giratina|Giratina-Origin, L72|88/335\n|turn|40\n|\n|t:|1731578295\n|move|p1a: Lugia|Recover|p1a: Lugia\n|-heal|p1a: Lugia|191/272 brn\n|move|p2a: Giratina|Poltergeist|p1a: Lugia\n|-activate|p1a: Lugia|move: Poltergeist|Heavy-Duty Boots\n|-damage|p1a: Lugia|83/272 brn\n|\n|-damage|p1a: Lugia|66/272 brn|[from] brn\n|upkeep\n|turn|41\n|\n|t:|1731578301\n|move|p1a: Lugia|Recover|p1a: Lugia\n|-heal|p1a: Lugia|202/272 brn\n|move|p2a: Giratina|Poltergeist|p1a: Lugia\n|-activate|p1a: Lugia|move: Poltergeist|Heavy-Duty Boots\n|-damage|p1a: Lugia|88/272 brn\n|\n|-damage|p1a: Lugia|71/272 brn|[from] brn\n|upkeep\n|turn|42\n|\n|t:|1731578311\n|move|p2a: Giratina|Shadow Sneak|p1a: Lugia\n|-damage|p1a: Lugia|32/272 brn\n|move|p1a: Lugia|Recover|p1a: Lugia\n|-heal|p1a: Lugia|168/272 brn\n|\n|-damage|p1a: Lugia|151/272 brn|[from] brn\n|upkeep\n|turn|43\n|\n|t:|1731578316\n|move|p2a: Giratina|Shadow Sneak|p1a: Lugia\n|-damage|p1a: Lugia|109/272 brn\n|move|p1a: Lugia|Recover|p1a: Lugia\n|-heal|p1a: Lugia|245/272 brn\n|\n|-damage|p1a: Lugia|228/272 brn|[from] brn\n|upkeep\n|turn|44\n|\n|t:|1731578320\n|move|p2a: Giratina|Shadow Sneak|p1a: Lugia\n|-damage|p1a: Lugia|191/272 brn\n|move|p1a: Lugia|Calm Mind|p1a: Lugia\n|-boost|p1a: Lugia|spa|1\n|-boost|p1a: Lugia|spd|1\n|\n|-damage|p1a: Lugia|174/272 brn|[from] brn\n|upkeep\n|turn|45\n|\n|t:|1731578325\n|move|p2a: Giratina|Shadow Sneak|p1a: Lugia\n|-damage|p1a: Lugia|134/272 brn\n|move|p1a: Lugia|Recover|p1a: Lugia\n|-heal|p1a: Lugia|270/272 brn\n|\n|-damage|p1a: Lugia|253/272 brn|[from] brn\n|upkeep\n|turn|46\n|\n|t:|1731578328\n|move|p1a: Lugia|Aeroblast|p2a: Giratina\n|-damage|p2a: Giratina|0 fnt\n|faint|p2a: Giratina\n|\n|-damage|p1a: Lugia|236/272 brn|[from] brn\n|upkeep\n|\n|t:|1731578330\n|switch|p2a: Registeel|Registeel, L81|262/262\n|-activate|p2a: Registeel|move: Sticky Web\n|-fail|p2a: Registeel|unboost|[from] ability: Clear Body|[of] p2a: Registeel\n|turn|47\n|\n|t:|1731578334\n|move|p1a: Lugia|Earth Power|p2a: Registeel\n|-supereffective|p2a: Registeel\n|-damage|p2a: Registeel|34/262\n|move|p2a: Registeel|Body Press|p1a: Lugia\n|-damage|p1a: Lugia|171/272 brn\n|\n|-heal|p2a: Registeel|50/262|[from] item: Leftovers\n|-damage|p1a: Lugia|154/272 brn|[from] brn\n|upkeep\n|turn|48\n|\n|t:|1731578346\n|move|p1a: Lugia|Earth Power|p2a: Registeel\n|-supereffective|p2a: Registeel\n|-damage|p2a: Registeel|0 fnt\n|faint|p2a: Registeel\n|\n|win|Iceman8911\n|raw|Iceman8911's rating: 2201 &rarr; <strong>2224</strong><br />(+23 for winning)\n|raw|ryonabot's rating: 2247 &rarr; <strong>2224</strong><br />(-23 for losing)\n", "inputlog": ">version 48604a2341c6e7bec58958c0f00ddbd3a745b6d0\n>start {\"formatid\":\"gen9randombattle\",\"seed\":[8806,57139,13012,15103],\"rated\":\"Rated battle\"}\n>player p1 {\"name\":\"Iceman8911\",\"avatar\":\"plasmagrunt\",\"rating\":2201,\"seed\":[11616,25082,42304,53225]}\n>player p2 {\"name\":\"ryonabot\",\"avatar\":\"lucian\",\"rating\":2247,\"seed\":[51705,39909,29710,55649]}\n>p1 move stunspore\n>p2 switch 6\n>p1 move knockoff\n>p2 move stickyweb\n>p1 move protect\n>p2 move bugbuzz\n>p1 switch 4\n>p2 move bugbuzz\n>p1 move gunkshot\n>p2 move thunder\n>p1 move closecombat\n>p2 move thunder\n>p1 switch 2\n>p1 move stickyweb\n>p2 switch 6\n>p1 switch 4\n>p2 move poltergeist\n>p1 move leechseed\n>p2 switch 6\n>p1 switch 3\n>p2 move bugbuzz\n>p1 move bittermalice\n>p2 switch 3\n>p1 switch 4\n>p2 move bulkup\n>p1 move discharge\n>p2 move bodyslam\n>p1 move discharge\n>p2 move bodyslam\n>p1 move bugbuzz\n>p2 move slackoff\n>p2 switch 4\n>p1 switch 5\n>p2 move flareblitz\n>p1 switch 3\n>p2 switch 6\n>p1 move leechseed\n>p2 switch 3\n>p1 move protect\n>p2 move bugbuzz\n>p1 switch 4\n>p2 move thunder\n>p1 switch 6\n>p1 move aeroblast\n>p2 move thunder\n>p2 switch 2\n>p1 switch 5\n>p2 move trick\n>p1 switch 4\n>p2 move trick\n>p1 move knockoff\n>p2 move focusblast\n>p1 move knockoff\n>p2 move focusblast\n>p2 switch 6\n>p1 move leechseed\n>p2 move flareblitz\n>p1 switch 3\n>p1 move calmmind\n>p2 switch 3\n>p1 move substitute\n>p2 move poltergeist\n>p1 move surf\n>p2 move poltergeist\n>p1 move surf\n>p2 move poltergeist\n>p1 switch 5\n>p1 move calmmind terastallize\n>p2 move poltergeist\n>p1 move aeroblast\n>p2 move poltergeist\n>p1 move recover\n>p2 switch 3\n>p1 move earthpower\n>p2 move willowisp terastallize\n>p1 move aeroblast\n>p2 move extremespeed\n>p1 move recover\n>p2 move morningsun\n>p1 move calmmind\n>p2 move extremespeed\n>p1 move recover\n>p2 move extremespeed\n>p1 move aeroblast\n>p2 move flareblitz\n>p2 switch 3\n>p1 move recover\n>p2 move poltergeist\n>p1 move recover\n>p2 move poltergeist\n>p1 move recover\n>p2 move shadowsneak\n>p1 move recover\n>p2 move shadowsneak\n>p1 move calmmind\n>p2 move shadowsneak\n>p1 move recover\n>p2 move shadowsneak\n>p1 move aeroblast\n>p2 move dracometeor\n>p2 switch 5\n>p1 move earthpower\n>p2 move bodypress\n>p1 move earthpower\n>p2 move bodypress", "uploadtime": 1731578348, "views": 28, "formatid": "gen9randombattle", "rating": 2224, "private": 0, "password": null}