{"id": "gen9randombattle-2260368237", "format": "[Gen 9] Random Battle", "players": ["YellowmenPico", "azertyuip"], "log": "|j|\u2606YellowmenPico\n|j|\u2606azertyuip\n|t:|1733844699\n|gametype|singles\n|player|p1|YellowmenPico|benga|1042\n|player|p2|azertyuip|102|1013\n|teamsize|p1|6\n|teamsize|p2|6\n|gen|9\n|tier|[Gen 9] Random Battle\n|rated|\n|rule|Species Clause: Limit one of each Pok\u00e9mon\n|rule|HP Percentage Mod: HP is shown in percentages\n|rule|Sleep Clause Mod: Limit one foe put to sleep\n|rule|Illusion Level Mod: Illusion disguises the Pok\u00e9mon's true level\n|\n|t:|1733844699\n|start\n|switch|p1a: Arceus|Arceus-Bug, L73|295/295\n|switch|p2a: Arcanine|Arcanine-Hisui, L80, M|283/283\n|turn|1\n|\n|t:|1733844724\n|switch|p1a: Garchomp|Garchomp, L74, F|282/282\n|move|p2a: Arcanine|Close Combat|p1a: Garchomp\n|-damage|p1a: Garchomp|135/282\n|-unboost|p2a: Arcanine|def|1\n|-unboost|p2a: Arcanine|spd|1\n|-damage|p2a: Arcanine|248/283|[from] ability: Rough Skin|[of] p1a: Garchomp\n|-damage|p2a: Arcanine|201/283|[from] item: Rocky Helmet|[of] p1a: Garchomp\n|\n|upkeep\n|turn|2\n|\n|t:|1733844737\n|move|p1a: Garchomp|Earthquake|p2a: Arcanine\n|-supereffective|p2a: Arcanine\n|-damage|p2a: Arcanine|0 fnt\n|faint|p2a: Arcanine\n|\n|upkeep\n|\n|t:|1733844759\n|switch|p2a: Dondozo|Dondozo, L78, F|362/362\n|turn|3\n|inactive|Battle timer is ON: inactive players will automatically lose when time's up. (requested by YellowmenPico)\n|\n|t:|1733844768\n|move|p1a: Garchomp|Outrage|p2a: Dondozo\n|-damage|p2a: Dondozo|256/362\n|move|p2a: Dondozo|Wave Crash|p1a: Garchomp\n|-damage|p1a: Garchomp|24/282\n|-damage|p2a: Dondozo|211/362|[from] ability: Rough Skin|[of] p1a: Garchomp\n|-damage|p2a: Dondozo|151/362|[from] item: Rocky Helmet|[of] p1a: Garchomp\n|-damage|p2a: Dondozo|114/362|[from] Recoil\n|\n|-heal|p2a: Dondozo|136/362|[from] item: Leftovers\n|upkeep\n|turn|4\n|\n|t:|1733844781\n|move|p1a: Garchomp|Outrage|p2a: Dondozo|[from]lockedmove\n|-damage|p2a: Dondozo|28/362\n|-start|p1a: Garchomp|confusion|[fatigue]\n|move|p2a: Dondozo|Rest|p2a: Dondozo\n|-status|p2a: Dondozo|slp|[from] move: Rest\n|-heal|p2a: Dondozo|362/362 slp|[silent]\n|\n|upkeep\n|turn|5\n|\n|t:|1733844795\n|-activate|p1a: Garchomp|confusion\n|move|p1a: Garchomp|Earthquake|p2a: Dondozo\n|-damage|p2a: Dondozo|269/362 slp\n|cant|p2a: Dondozo|slp\n|move|p2a: Dondozo|Sleep Talk|p2a: Dondozo\n|move|p2a: Dondozo|Curse|p2a: Dondozo|[from]move: Sleep Talk\n|-unboost|p2a: Dondozo|spe|1\n|-boost|p2a: Dondozo|atk|1\n|-boost|p2a: Dondozo|def|1\n|\n|-heal|p2a: Dondozo|291/362 slp|[from] item: Leftovers\n|upkeep\n|turn|6\n|\n|t:|1733844808\n|-activate|p1a: Garchomp|confusion\n|move|p1a: Garchomp|Stealth Rock|p2a: Dondozo\n|-sidestart|p2: azertyuip|move: Stealth Rock\n|cant|p2a: Dondozo|slp\n|move|p2a: Dondozo|Sleep Talk|p2a: Dondozo\n|move|p2a: Dondozo|Curse|p2a: Dondozo|[from]move: Sleep Talk\n|-unboost|p2a: Dondozo|spe|1\n|-boost|p2a: Dondozo|atk|1\n|-boost|p2a: Dondozo|def|1\n|\n|-heal|p2a: Dondozo|313/362 slp|[from] item: Leftovers\n|upkeep\n|turn|7\n|\n|t:|1733844831\n|-activate|p1a: Garchomp|confusion\n|-damage|p1a: Garchomp|0 fnt|[from] confusion\n|faint|p1a: Garchomp\n|-curestatus|p2a: Dondozo|slp|[msg]\n|move|p2a: Dondozo|Sleep Talk||[still]\n|-fail|p2a: Dondozo\n|\n|-heal|p2a: Dondozo|335/362|[from] item: Leftovers\n|upkeep\n|\n|t:|1733844853\n|switch|p1a: Scyther|Scyther, L82, M|249/249\n|turn|8\n|\n|t:|1733844858\n|move|p1a: Scyther|U-turn|p2a: Dondozo\n|-damage|p2a: Dondozo|302/362\n|\n|t:|1733844860\n|switch|p1a: Terrakion|Terrakion, L79|273/273|[from] U-turn\n|move|p2a: Dondozo|Wave Crash|p1a: Terrakion\n|-supereffective|p1a: Terrakion\n|-damage|p1a: Terrakion|0 fnt\n|faint|p1a: Terrakion\n|-damage|p2a: Dondozo|212/362|[from] Recoil\n|\n|-heal|p2a: Dondozo|234/362|[from] item: Leftovers\n|upkeep\n|\n|t:|1733844872\n|switch|p1a: Arceus|Arceus-Bug, L73|295/295\n|turn|9\n|\n|t:|1733844878\n|move|p1a: Arceus|Judgment|p2a: Dondozo\n|-damage|p2a: Dondozo|86/362\n|move|p2a: Dondozo|Wave Crash|p1a: Arceus\n|-damage|p1a: Arceus|108/295\n|-damage|p2a: Dondozo|24/362|[from] Recoil\n|\n|-heal|p2a: Dondozo|46/362|[from] item: Leftovers\n|upkeep\n|turn|10\n|\n|t:|1733844888\n|move|p1a: Arceus|Judgment|p2a: Dondozo\n|-crit|p2a: Dondozo\n|-damage|p2a: Dondozo|0 fnt\n|faint|p2a: Dondozo\n|\n|upkeep\n|\n|t:|1733844903\n|switch|p2a: Forretress|Forretress, L84, F|263/263\n|-damage|p2a: Forretress|231/263|[from] Stealth Rock\n|turn|11\n|\n|t:|1733844915\n|move|p1a: Arceus|Fire Blast|p2a: Forretress\n|-supereffective|p2a: Forretress\n|-damage|p2a: Forretress|0 fnt\n|faint|p2a: Forretress\n|\n|upkeep\n|inactive|azertyuip has 120 seconds left.\n|\n|t:|1733844941\n|switch|p2a: Clodsire|Clodsire, L81, F|343/343\n|-damage|p2a: Clodsire|322/343|[from] Stealth Rock\n|turn|12\n|inactive|azertyuip has 120 seconds left.\n|\n|t:|1733844958\n|switch|p1a: Milotic|Milotic, L83, M|293/293\n|move|p2a: Clodsire|Gunk Shot|p1a: Milotic\n|-damage|p1a: Milotic|194/293\n|\n|-heal|p1a: Milotic|212/293|[from] item: Leftovers\n|-heal|p2a: Clodsire|343/343|[from] item: Leftovers\n|upkeep\n|turn|13\n|inactive|azertyuip has 120 seconds left.\n|\n|t:|1733844975\n|switch|p2a: Breloom|Breloom, L82, M|233/233\n|-damage|p2a: Breloom|219/233|[from] Stealth Rock\n|move|p1a: Milotic|Scald|p2a: Breloom\n|-resisted|p2a: Breloom\n|-damage|p2a: Breloom|162/233\n|\n|-heal|p1a: Milotic|230/293|[from] item: Leftovers\n|upkeep\n|turn|14\n|inactive|azertyuip has 120 seconds left.\n|\n|t:|1733844988\n|-terastallize|p1a: Milotic|Steel\n|move|p1a: Milotic|Ice Beam|p2a: Breloom\n|-supereffective|p2a: Breloom\n|-damage|p2a: Breloom|0 fnt\n|faint|p2a: Breloom\n|\n|-heal|p1a: Milotic|248/293|[from] item: Leftovers\n|upkeep\n|\n|t:|1733845000\n|switch|p2a: Dragapult|Dragapult, L77, M|262/262\n|turn|15\n|\n|t:|1733845010\n|move|p2a: Dragapult|Will-O-Wisp|p1a: Milotic\n|-status|p1a: Milotic|brn\n|move|p1a: Milotic|Ice Beam|p2a: Dragapult\n|-supereffective|p2a: Dragapult\n|-damage|p2a: Dragapult|110/262\n|\n|-heal|p1a: Milotic|266/293 brn|[from] item: Leftovers\n|-damage|p1a: Milotic|248/293 brn|[from] brn\n|upkeep\n|turn|16\n|inactive|azertyuip has 120 seconds left.\n|\n|t:|1733845023\n|move|p2a: Dragapult|Dragon Darts|p1a: Milotic\n|-resisted|p1a: Milotic\n|-damage|p1a: Milotic|221/293 brn\n|-anim|p2a: Dragapult|Dragon Darts|p1a: Milotic\n|-resisted|p1a: Milotic\n|-damage|p1a: Milotic|194/293 brn\n|move|p1a: Milotic|Ice Beam|p2a: Dragapult\n|-supereffective|p2a: Dragapult\n|-damage|p2a: Dragapult|0 fnt\n|faint|p2a: Dragapult\n|\n|-heal|p1a: Milotic|212/293 brn|[from] item: Leftovers\n|-damage|p1a: Milotic|194/293 brn|[from] brn\n|upkeep\n|\n|t:|1733845035\n|switch|p2a: Clodsire|Clodsire, L81, F|343/343\n|-damage|p2a: Clodsire|322/343|[from] Stealth Rock\n|turn|17\n|\n|t:|1733845040\n|move|p1a: Milotic|Scald|p2a: Clodsire\n|-heal|p2a: Clodsire|343/343|[from] ability: Water Absorb|[of] p1a: Milotic\n|move|p2a: Clodsire|Earthquake|p1a: Milotic\n|-supereffective|p1a: Milotic\n|-damage|p1a: Milotic|26/293 brn\n|\n|-heal|p1a: Milotic|44/293 brn|[from] item: Leftovers\n|-damage|p1a: Milotic|26/293 brn|[from] brn\n|upkeep\n|turn|18\n|inactive|azertyuip has 120 seconds left.\n|\n|t:|1733845053\n|move|p1a: Milotic|Ice Beam|p2a: Clodsire\n|-supereffective|p2a: Clodsire\n|-damage|p2a: Clodsire|223/343\n|-status|p2a: Clodsire|frz\n|cant|p2a: Clodsire|frz\n|\n|-heal|p1a: Milotic|44/293 brn|[from] item: Leftovers\n|-heal|p2a: Clodsire|244/343 frz|[from] item: Leftovers\n|-damage|p1a: Milotic|26/293 brn|[from] brn\n|upkeep\n|turn|19\n|inactive|azertyuip has 120 seconds left.\n|\n|t:|1733845065\n|move|p1a: Milotic|Ice Beam|p2a: Clodsire\n|-supereffective|p2a: Clodsire\n|-damage|p2a: Clodsire|124/343 frz\n|cant|p2a: Clodsire|frz\n|\n|-heal|p1a: Milotic|44/293 brn|[from] item: Leftovers\n|-heal|p2a: Clodsire|145/343 frz|[from] item: Leftovers\n|-damage|p1a: Milotic|26/293 brn|[from] brn\n|upkeep\n|turn|20\n|\n|t:|1733845076\n|move|p1a: Milotic|Ice Beam|p2a: Clodsire\n|-supereffective|p2a: Clodsire\n|-crit|p2a: Clodsire\n|-damage|p2a: Clodsire|0 fnt\n|faint|p2a: Clodsire\n|\n|win|YellowmenPico\n|raw|YellowmenPico's rating: 1042 &rarr; <strong>1073</strong><br />(+31 for winning)\n|raw|azertyuip's rating: 1013 &rarr; <strong>1002</strong><br />(-11 for losing)\n|l|\u2606azertyuip\n|player|p2|\n", "inputlog": ">version bfd83cad13791eb5a5a409923076391caf6fb4d4\n>start {\"formatid\":\"gen9randombattle\",\"seed\":[48041,41474,7982,31477],\"rated\":\"Rated battle\"}\n>player p1 {\"name\":\"YellowmenPico\",\"avatar\":\"benga\",\"rating\":1042,\"seed\":[17388,9986,64101,41482]}\n>player p2 {\"name\":\"azertyuip\",\"avatar\":\"102\",\"rating\":1013,\"seed\":[25393,3256,21650,36481]}\n>p1 switch 2\n>p2 move closecombat\n>p1 move earthquake\n>p2 move closecombat\n>p2 switch 2\n>p1 move outrage\n>p2 move wavecrash\n>p1 move outrage\n>p2 move rest\n>p1 move earthquake\n>p2 move sleeptalk\n>p1 move stealthrock\n>p2 move sleeptalk\n>p1 move outrage\n>p2 move sleeptalk\n>p1 switch 4\n>p1 move uturn\n>p2 move wavecrash\n>p1 switch 5\n>p1 switch 2\n>p1 move judgment\n>p2 move wavecrash\n>p1 move judgment\n>p2 move rest\n>p2 switch 4\n>p1 move fireblast\n>p2 move ironhead\n>p2 switch 3\n>p1 switch 3\n>p2 move gunkshot\n>p1 move scald\n>p2 switch 6\n>p1 move icebeam terastallize\n>p2 move spore\n>p2 switch 5\n>p1 move icebeam\n>p2 move willowisp\n>p1 move icebeam\n>p2 move dragondarts\n>p2 switch 6\n>p1 move scald\n>p2 move earthquake\n>p1 move icebeam\n>p2 move earthquake\n>p1 move icebeam\n>p2 move earthquake\n>p1 move icebeam\n>p2 move earthquake", "uploadtime": 1733845089, "views": 6, "formatid": "gen9randombattle", "rating": 1002, "private": 0, "password": null}