{"id": "gen9randombattle-2192495346", "format": "[Gen 9] Random Battle", "players": ["Ace Saga", "nocomment3"], "log": "|badge|p1|bronze|gen9randombattle|100-2\n|uhtml|medal-msg|<div class=\"broadcast-blue\">Curious what those medals under the avatar are? PS now has Ladder Seasons! For more information, check out the <a href=\"https://www.smogon.com/forums/threads/3740067/\">thread on Smogon.</a></div>\n|badge|p2|bronze|gen9randombattle|100-2\n|uhtml|medal-msg|<div class=\"broadcast-blue\">Curious what those medals under the avatar are? PS now has Ladder Seasons! For more information, check out the <a href=\"https://www.smogon.com/forums/threads/3740067/\">thread on Smogon.</a></div>\n|j|\u2606Ace Saga\n|j|\u2606nocomment3\n|t:|1725218001\n|gametype|singles\n|player|p1|Ace Saga|1|2384\n|player|p2|nocomment3|265|2385\n|teamsize|p1|6\n|teamsize|p2|6\n|gen|9\n|tier|[Gen 9] Random Battle\n|rated|\n|rule|Species Clause: Limit one of each Pok\u00e9mon\n|rule|HP Percentage Mod: HP is shown in percentages\n|rule|Sleep Clause Mod: Limit one foe put to sleep\n|rule|Illusion Level Mod: Illusion disguises the Pok\u00e9mon's true level\n|\n|t:|1725218001\n|start\n|switch|p1a: Pawmot|Pawmot, L80, F|243/243\n|switch|p2a: Bastiodon|Bastiodon, L89, M|252/252\n|turn|1\n|\n|t:|1725218012\n|switch|p2a: Spiritomb|Spiritomb, L89, F|234/234\n|move|p1a: Pawmot|Close Combat|p2a: Spiritomb\n|-immune|p2a: Spiritomb\n|\n|upkeep\n|turn|2\n|\n|t:|1725218021\n|switch|p1a: Ursaring|Ursaring, L84, M|288/288\n|move|p2a: Spiritomb|Poltergeist|p1a: Ursaring\n|-immune|p1a: Ursaring\n|\n|upkeep\n|turn|3\n|\n|t:|1725218030\n|switch|p2a: Medicham|Medicham, L86, F|243/243\n|move|p1a: Ursaring|Earthquake|p2a: Medicham\n|-damage|p2a: Medicham|148/243\n|\n|upkeep\n|turn|4\n|\n|t:|1725218041\n|switch|p1a: Eternatus|Eternatus, L69|308/308\n|-ability|p1a: Eternatus|Pressure\n|move|p2a: Medicham|Close Combat|p1a: Eternatus\n|-resisted|p1a: Eternatus\n|-damage|p1a: Eternatus|159/308\n|-unboost|p2a: Medicham|def|1\n|-unboost|p2a: Medicham|spd|1\n|-damage|p2a: Medicham|108/243|[from] item: Rocky Helmet|[of] p1a: Eternatus\n|\n|upkeep\n|turn|5\n|\n|t:|1725218051\n|switch|p1a: Pawmot|Pawmot, L80, F|243/243\n|switch|p2a: Wyrdeer|Wyrdeer, L87, F|321/321\n|-ability|p2a: Wyrdeer|Intimidate|boost\n|-unboost|p1a: Pawmot|atk|1\n|\n|upkeep\n|turn|6\n|\n|t:|1725218076\n|switch|p1a: Palafin|Palafin, L77, M|281/281\n|move|p2a: Wyrdeer|Psychic Noise|p1a: Palafin\n|-damage|p1a: Palafin|152/281\n|-start|p1a: Palafin|move: Heal Block\n|\n|upkeep\n|turn|7\n|\n|t:|1725218084\n|move|p1a: Palafin|Flip Turn|p2a: Wyrdeer\n|-damage|p2a: Wyrdeer|255/321\n|\n|t:|1725218089\n|detailschange|p1a: Palafin|Palafin-Hero, L77, M\n|switch|p1a: Groudon|Groudon, L72|263/263|[from] Flip Turn\n|-weather|SunnyDay|[from] ability: Drought|[of] p1a: Groudon\n|move|p2a: Wyrdeer|Psychic Noise|p1a: Groudon\n|-crit|p1a: Groudon\n|-damage|p1a: Groudon|122/263\n|-start|p1a: Groudon|move: Heal Block\n|\n|-weather|SunnyDay|[upkeep]\n|-heal|p2a: Wyrdeer|275/321|[from] item: Leftovers\n|upkeep\n|turn|8\n|\n|t:|1725218094\n|move|p1a: Groudon|Precipice Blades|p2a: Wyrdeer|[miss]\n|-miss|p1a: Groudon|p2a: Wyrdeer\n|move|p2a: Wyrdeer|Psychic Noise|p1a: Groudon\n|-damage|p1a: Groudon|16/263\n|\n|-weather|SunnyDay|[upkeep]\n|-heal|p2a: Wyrdeer|295/321|[from] item: Leftovers\n|-end|p1a: Groudon|move: Heal Block\n|upkeep\n|turn|9\n|\n|t:|1725218102\n|switch|p2a: Leavanny|Leavanny, L86, F|269/269\n|move|p1a: Groudon|Precipice Blades|p2a: Leavanny\n|-resisted|p2a: Leavanny\n|-damage|p2a: Leavanny|233/269\n|\n|-weather|SunnyDay|[upkeep]\n|-heal|p1a: Groudon|32/263|[from] item: Leftovers\n|upkeep\n|turn|10\n|\n|t:|1725218114\n|-terastallize|p2a: Leavanny|Ghost\n|move|p2a: Leavanny|Sticky Web|p1a: Groudon\n|-sidestart|p1: Ace Saga|move: Sticky Web\n|move|p1a: Groudon|Heat Crash|p2a: Leavanny\n|-damage|p2a: Leavanny|92/269\n|\n|-weather|SunnyDay|[upkeep]\n|-heal|p1a: Groudon|48/263|[from] item: Leftovers\n|upkeep\n|turn|11\n|\n|t:|1725218123\n|switch|p1a: Eternatus|Eternatus, L69|159/308\n|-activate|p1a: Eternatus|move: Sticky Web\n|-unboost|p1a: Eternatus|spe|1\n|-ability|p1a: Eternatus|Pressure\n|move|p2a: Leavanny|Leaf Blade|p1a: Eternatus\n|-resisted|p1a: Eternatus\n|-damage|p1a: Eternatus|129/308\n|-damage|p2a: Leavanny|48/269|[from] item: Rocky Helmet|[of] p1a: Eternatus\n|\n|-weather|none\n|upkeep\n|turn|12\n|\n|t:|1725218131\n|switch|p2a: Wyrdeer|Wyrdeer, L87, F|295/321\n|-ability|p2a: Wyrdeer|Intimidate|boost\n|-unboost|p1a: Eternatus|atk|1\n|move|p1a: Eternatus|Toxic|p2a: Wyrdeer\n|-status|p2a: Wyrdeer|tox\n|\n|-heal|p2a: Wyrdeer|315/321 tox|[from] item: Leftovers\n|-damage|p2a: Wyrdeer|295/321 tox|[from] psn\n|upkeep\n|turn|13\n|\n|t:|1725218155\n|switch|p1a: Groudon|Groudon, L72|48/263\n|-activate|p1a: Groudon|move: Sticky Web\n|-unboost|p1a: Groudon|spe|1\n|-weather|SunnyDay|[from] ability: Drought|[of] p1a: Groudon\n|move|p2a: Wyrdeer|Psychic Noise|p1a: Groudon\n|-damage|p1a: Groudon|0 fnt\n|faint|p1a: Groudon\n|\n|-weather|SunnyDay|[upkeep]\n|-heal|p2a: Wyrdeer|315/321 tox|[from] item: Leftovers\n|-damage|p2a: Wyrdeer|275/321 tox|[from] psn\n|upkeep\n|\n|t:|1725218164\n|switch|p1a: Ursaring|Ursaring, L84, M|288/288\n|-activate|p1a: Ursaring|move: Sticky Web\n|-unboost|p1a: Ursaring|spe|1\n|turn|14\n|\n|t:|1725218167\n|move|p2a: Wyrdeer|Psychic Noise|p1a: Ursaring\n|-damage|p1a: Ursaring|221/288\n|-start|p1a: Ursaring|move: Heal Block\n|move|p1a: Ursaring|Body Slam|p2a: Wyrdeer\n|-damage|p2a: Wyrdeer|142/321 tox\n|\n|-weather|SunnyDay|[upkeep]\n|-heal|p2a: Wyrdeer|162/321 tox|[from] item: Leftovers\n|-damage|p2a: Wyrdeer|102/321 tox|[from] psn\n|upkeep\n|turn|15\n|\n|t:|1725218172\n|move|p2a: Wyrdeer|Psychic Noise|p1a: Ursaring\n|-damage|p1a: Ursaring|155/288\n|move|p1a: Ursaring|Earthquake|p2a: Wyrdeer\n|-damage|p2a: Wyrdeer|9/321 tox\n|\n|-weather|SunnyDay|[upkeep]\n|-heal|p2a: Wyrdeer|29/321 tox|[from] item: Leftovers\n|-damage|p2a: Wyrdeer|0 fnt|[from] psn\n|faint|p2a: Wyrdeer\n|-end|p1a: Ursaring|move: Heal Block\n|upkeep\n|j| MYPICKUPMUNCHLAX>(\n|\n|t:|1725218188\n|switch|p2a: Medicham|Medicham, L86, F|108/243\n|turn|16\n|\n|t:|1725218192\n|switch|p1a: Eternatus|Eternatus, L69|129/308\n|-activate|p1a: Eternatus|move: Sticky Web\n|-unboost|p1a: Eternatus|spe|1\n|-ability|p1a: Eternatus|Pressure\n|move|p2a: Medicham|Close Combat|p1a: Eternatus\n|-resisted|p1a: Eternatus\n|-damage|p1a: Eternatus|0 fnt\n|-unboost|p2a: Medicham|def|1\n|-unboost|p2a: Medicham|spd|1\n|-damage|p2a: Medicham|68/243|[from] item: Rocky Helmet|[of] p1a: Eternatus\n|faint|p1a: Eternatus\n|\n|-weather|SunnyDay|[upkeep]\n|upkeep\n|\n|t:|1725218209\n|switch|p1a: Palafin|Palafin-Hero, L77, M|152/281\n|-activate|p1a: Palafin|move: Sticky Web\n|-unboost|p1a: Palafin|spe|1\n|-activate|p1a: Palafin|ability: Zero to Hero\n|turn|17\n|\n|t:|1725218216\n|switch|p2a: Spiritomb|Spiritomb, L89, F|234/234\n|move|p1a: Palafin|Jet Punch|p2a: Spiritomb\n|-damage|p2a: Spiritomb|191/234\n|\n|-weather|none\n|-heal|p2a: Spiritomb|205/234|[from] item: Leftovers\n|upkeep\n|turn|18\n|\n|t:|1725218226\n|switch|p1a: Ursaring|Ursaring, L84, M|155/288\n|-activate|p1a: Ursaring|move: Sticky Web\n|-unboost|p1a: Ursaring|spe|1\n|move|p2a: Spiritomb|Foul Play|p1a: Ursaring\n|-damage|p1a: Ursaring|55/288\n|\n|-heal|p2a: Spiritomb|219/234|[from] item: Leftovers\n|upkeep\n|turn|19\n|\n|t:|1725218233\n|move|p2a: Spiritomb|Foul Play|p1a: Ursaring\n|-damage|p1a: Ursaring|0 fnt\n|faint|p1a: Ursaring\n|\n|-heal|p2a: Spiritomb|233/234|[from] item: Leftovers\n|upkeep\n|\n|t:|1725218250\n|switch|p1a: Dugtrio|Dugtrio, L84, M|196/196\n|-activate|p1a: Dugtrio|move: Sticky Web\n|-unboost|p1a: Dugtrio|spe|1\n|turn|20\n|\n|t:|1725218255\n|move|p1a: Dugtrio|Earthquake|p2a: Spiritomb\n|-damage|p2a: Spiritomb|113/234\n|move|p2a: Spiritomb|Poltergeist|p1a: Dugtrio\n|-activate|p1a: Dugtrio|move: Poltergeist|Choice Band\n|-damage|p1a: Dugtrio|0 fnt\n|faint|p1a: Dugtrio\n|\n|-heal|p2a: Spiritomb|127/234|[from] item: Leftovers\n|upkeep\n|\n|t:|1725218262\n|switch|p1a: Pawmot|Pawmot, L80, F|243/243\n|-activate|p1a: Pawmot|move: Sticky Web\n|-unboost|p1a: Pawmot|spe|1\n|turn|21\n|\n|t:|1725218268\n|move|p1a: Pawmot|Revival Blessing|p1a: Pawmot\n|\n|t:|1725218271\n|-heal|p1: Ursaring|144/288|[from] move: Revival Blessing\n|move|p2a: Spiritomb|Poltergeist|p1a: Pawmot\n|-activate|p1a: Pawmot|move: Poltergeist|Life Orb\n|-damage|p1a: Pawmot|96/243\n|\n|-heal|p2a: Spiritomb|141/234|[from] item: Leftovers\n|upkeep\n|turn|22\n|\n|t:|1725218276\n|move|p1a: Pawmot|Double Shock|p2a: Spiritomb\n|-damage|p2a: Spiritomb|0 fnt\n|-start|p1a: Pawmot|typechange|???/Fighting|[from] move: Double Shock\n|faint|p2a: Spiritomb\n|-damage|p1a: Pawmot|72/243|[from] item: Life Orb\n|\n|upkeep\n|\n|t:|1725218286\n|switch|p2a: Leavanny|Leavanny, L86, F, tera:Ghost|48/269\n|turn|23\n|\n|t:|1725218295\n|move|p2a: Leavanny|Leaf Blade|p1a: Pawmot\n|-damage|p1a: Pawmot|0 fnt\n|faint|p1a: Pawmot\n|\n|upkeep\n|\n|t:|1725218308\n|switch|p1a: Palafin|Palafin-Hero, L77, M|152/281\n|-activate|p1a: Palafin|move: Sticky Web\n|-unboost|p1a: Palafin|spe|1\n|turn|24\n|\n|t:|1725218341\n|move|p1a: Palafin|Jet Punch|p2a: Leavanny\n|-damage|p2a: Leavanny|0 fnt\n|faint|p2a: Leavanny\n|\n|upkeep\n|\n|t:|1725218362\n|switch|p2a: Bastiodon|Bastiodon, L89, M|252/252\n|turn|25\n|\n|t:|1725218367\n|move|p1a: Palafin|Jet Punch|p2a: Bastiodon\n|-supereffective|p2a: Bastiodon\n|-damage|p2a: Bastiodon|124/252\n|move|p2a: Bastiodon|Body Press|p1a: Palafin\n|-damage|p1a: Palafin|56/281\n|\n|upkeep\n|turn|26\n|\n|t:|1725218372\n|move|p1a: Palafin|Jet Punch|p2a: Bastiodon\n|-supereffective|p2a: Bastiodon\n|-damage|p2a: Bastiodon|0 fnt\n|faint|p2a: Bastiodon\n|\n|upkeep\n|\n|t:|1725218374\n|switch|p2a: Gholdengo|Gholdengo, L77|261/261\n|turn|27\n|\n|t:|1725218379\n|move|p1a: Palafin|Jet Punch|p2a: Gholdengo\n|-damage|p2a: Gholdengo|135/261\n|move|p2a: Gholdengo|Shadow Ball|p1a: Palafin\n|-damage|p1a: Palafin|0 fnt\n|faint|p1a: Palafin\n|\n|-heal|p2a: Gholdengo|151/261|[from] item: Leftovers\n|upkeep\n|\n|t:|1725218386\n|switch|p1a: Ursaring|Ursaring, L84, M|144/288\n|-activate|p1a: Ursaring|move: Sticky Web\n|-unboost|p1a: Ursaring|spe|1\n|turn|28\n|\n|t:|1725218397\n|move|p2a: Gholdengo|Make It Rain|p1a: Ursaring\n|-damage|p1a: Ursaring|45/288\n|-unboost|p2a: Gholdengo|spa|1\n|move|p1a: Ursaring|Rest|p1a: Ursaring\n|-status|p1a: Ursaring|slp|[from] move: Rest\n|-heal|p1a: Ursaring|288/288 slp|[silent]\n|\n|-heal|p2a: Gholdengo|167/261|[from] item: Leftovers\n|upkeep\n|turn|29\n|\n|t:|1725218415\n|move|p2a: Gholdengo|Recover|p2a: Gholdengo\n|-heal|p2a: Gholdengo|261/261\n|cant|p1a: Ursaring|slp\n|move|p1a: Ursaring|Sleep Talk|p1a: Ursaring\n|move|p1a: Ursaring|Rest||[from]move: Sleep Talk|[still]\n|-fail|p1a: Ursaring\n|\n|upkeep\n|turn|30\n|\n|t:|1725218431\n|-terastallize|p1a: Ursaring|Ground\n|move|p2a: Gholdengo|Make It Rain|p1a: Ursaring\n|-damage|p1a: Ursaring|216/288 slp\n|-unboost|p2a: Gholdengo|spa|1\n|cant|p1a: Ursaring|slp\n|move|p1a: Ursaring|Sleep Talk|p1a: Ursaring\n|move|p1a: Ursaring|Earthquake|p2a: Gholdengo|[from]move: Sleep Talk\n|-supereffective|p2a: Gholdengo\n|-damage|p2a: Gholdengo|0 fnt\n|faint|p2a: Gholdengo\n|\n|upkeep\n|\n|t:|1725218440\n|switch|p2a: Medicham|Medicham, L86, F|68/243\n|turn|31\n|\n|t:|1725218446\n|move|p2a: Medicham|Ice Punch|p1a: Ursaring\n|-supereffective|p1a: Ursaring\n|-damage|p1a: Ursaring|40/288 slp\n|-curestatus|p1a: Ursaring|slp|[msg]\n|move|p1a: Ursaring|Earthquake|p2a: Medicham\n|-damage|p2a: Medicham|0 fnt\n|faint|p2a: Medicham\n|\n|win|Ace Saga\n|raw|Ace Saga's rating: 2384 &rarr; <strong>2404</strong><br />(+20 for winning)\n|raw|nocomment3's rating: 2385 &rarr; <strong>2365</strong><br />(-20 for losing)\n|l|\u2606nocomment3\n|player|p2|\n|l| MYPICKUPMUNCHLAX>(\n", "inputlog": ">version a3fcb389a0411c3e6e77b2431013de8dea223baf\n>start {\"formatid\":\"gen9randombattle\",\"seed\":[56613,13413,1659,60193],\"rated\":\"Rated battle\"}\n>player p1 {\"name\":\"Ace Saga\",\"avatar\":\"1\",\"rating\":2384,\"seed\":[55771,29835,47782,46516]}\n>player p2 {\"name\":\"nocomment3\",\"avatar\":\"265\",\"rating\":2385,\"seed\":[500,3474,29559,48214]}\n>p1 move closecombat\n>p2 switch 5\n>p1 switch 6\n>p2 move poltergeist\n>p1 move earthquake\n>p2 switch 6\n>p1 switch 5\n>p2 move closecombat\n>p1 switch 6\n>p2 switch 2\n>p1 switch 3\n>p2 move psychicnoise\n>p1 move flipturn\n>p2 move psychicnoise\n>p1 switch 2\n>p1 move precipiceblades\n>p2 move psychicnoise\n>p1 move precipiceblades\n>p2 switch 3\n>p1 move heatcrash\n>p2 move stickyweb terastallize\n>p1 switch 6\n>p2 move leafblade\n>p1 move toxic\n>p2 switch 3\n>p1 switch 6\n>p2 move psychicnoise\n>p1 switch 5\n>p1 move bodyslam\n>p2 move psychicnoise\n>p1 move earthquake\n>p2 move psychicnoise\n>p2 switch 2\n>p1 switch 6\n>p2 move closecombat\n>p1 switch 2\n>p1 move jetpunch\n>p2 switch 6\n>p1 switch 6\n>p2 move foulplay\n>p1 move rest\n>p2 move foulplay\n>p1 switch 4\n>p1 move earthquake\n>p2 move poltergeist\n>p1 switch 3\n>p1 move revivalblessing\n>p2 move poltergeist\n>p1 switch 4\n>p1 move doubleshock\n>p2 move poltergeist\n>p2 switch 3\n>p1 move icepunch\n>p2 move leafblade\n>p1 switch 6\n>p1 move jetpunch\n>p2 move leafblade\n>p2 switch 5\n>p1 move jetpunch\n>p2 move bodypress\n>p1 move jetpunch\n>p2 move bodypress\n>p2 switch 4\n>p1 move jetpunch\n>p2 move shadowball\n>p1 switch 4\n>p1 move rest\n>p2 move makeitrain\n>p1 move sleeptalk\n>p2 move recover\n>p1 move sleeptalk terastallize\n>p2 move makeitrain\n>p2 switch 6\n>p1 move earthquake\n>p2 move icepunch", "uploadtime": 1725218494, "views": 102, "formatid": "gen9randombattle", "rating": 2365, "private": 0, "password": null}