{"id": "gen9randombattle-2143594103", "format": "[Gen 9] Random Battle", "players": ["Qiuescent", "Existential Risk"], "log": "|badge|p1|bronze|gen9randombattle|100-1\n|uhtml|medal-msg|<div class=\"broadcast-blue\">Curious what those medals under the avatar are? PS now has Ladder Seasons! For more information, check out the <a href=\"https://www.smogon.com/forums/threads/3740067/\">thread on Smogon.</a></div>\n|j|\u203dQiuescent\n|j|\u2606Existential Risk\n|t:|1718423064\n|gametype|singles\n|player|p1|Qiuescent|170|2289\n|player|p2|Existential Risk|170|2247\n|teamsize|p1|6\n|teamsize|p2|6\n|gen|9\n|tier|[Gen 9] Random Battle\n|rated|\n|rule|Species Clause: Limit one of each Pok\u00e9mon\n|rule|HP Percentage Mod: HP is shown in percentages\n|rule|Sleep Clause Mod: Limit one foe put to sleep\n|rule|Illusion Level Mod: Illusion disguises the Pok\u00e9mon's true level\n|\n|t:|1718423064\n|start\n|switch|p1a: Skarmory|Skarmory, L80, M|235/235\n|switch|p2a: Smeargle|Smeargle, L94, F|256/256\n|turn|1\n|inactive|Battle timer is ON: inactive players will automatically lose when time's up. (requested by Existential Risk)\n|j| Dekushootstyle25\n|\n|t:|1718423089\n|move|p2a: Smeargle|Sticky Web|p1a: Skarmory\n|-sidestart|p1: Qiuescent|move: Sticky Web\n|move|p1a: Skarmory|Stealth Rock|p2a: Smeargle\n|-sidestart|p2: Existential Risk|move: Stealth Rock\n|\n|upkeep\n|turn|2\n|\n|t:|1718423092\n|move|p2a: Smeargle|Spore|p1a: Skarmory\n|-status|p1a: Skarmory|slp|[from] move: Spore\n|cant|p1a: Skarmory|slp\n|\n|upkeep\n|turn|3\n|j| shuckleneverdies\n|\n|t:|1718423100\n|move|p2a: Smeargle|Ceaseless Edge|p1a: Skarmory\n|-damage|p1a: Skarmory|217/235 slp\n|-damage|p2a: Smeargle|214/256|[from] item: Rocky Helmet|[of] p1a: Skarmory\n|-sidestart|p1: Qiuescent|Spikes\n|cant|p1a: Skarmory|slp\n|\n|upkeep\n|turn|4\n|\n|t:|1718423117\n|cant|p1a: Skarmory|slp\n|move|p2a: Smeargle|Whirlwind|p1a: Skarmory\n|drag|p1a: Farigiraf|Farigiraf, L91, M|366/366\n|-activate|p1a: Farigiraf|move: Sticky Web\n|-unboost|p1a: Farigiraf|spe|1\n|-damage|p1a: Farigiraf|321/366|[from] Spikes\n|\n|-heal|p1a: Farigiraf|343/366|[from] item: Leftovers\n|upkeep\n|turn|5\n|\n|t:|1718423125\n|move|p2a: Smeargle|Ceaseless Edge|p1a: Farigiraf\n|-supereffective|p1a: Farigiraf\n|-crit|p1a: Farigiraf\n|-damage|p1a: Farigiraf|267/366\n|-sidestart|p1: Qiuescent|Spikes\n|move|p1a: Farigiraf|Body Slam|p2a: Smeargle\n|-damage|p2a: Smeargle|39/256\n|\n|-heal|p1a: Farigiraf|289/366|[from] item: Leftovers\n|upkeep\n|turn|6\n|\n|t:|1718423142\n|switch|p2a: Spiritomb|Spiritomb, L90, F|236/236\n|-damage|p2a: Spiritomb|207/236|[from] Stealth Rock\n|move|p1a: Farigiraf|Wish|p1a: Farigiraf\n|\n|-heal|p2a: Spiritomb|221/236|[from] item: Leftovers\n|-heal|p1a: Farigiraf|311/366|[from] item: Leftovers\n|upkeep\n|turn|7\n|\n|t:|1718423158\n|switch|p2a: Electrode|Electrode, L92|260/260\n|-damage|p2a: Electrode|228/260|[from] Stealth Rock\n|switch|p1a: Torkoal|Torkoal, L88, M|266/266\n|-weather|SunnyDay|[from] ability: Drought|[of] p1a: Torkoal\n|\n|-weather|SunnyDay|[upkeep]\n|upkeep\n|turn|8\n|\n|t:|1718423167\n|move|p2a: Electrode|Volt Switch|p1a: Torkoal\n|-damage|p1a: Torkoal|149/266\n|-damage|p2a: Electrode|202/260|[from] item: Life Orb\n|\n|t:|1718423171\n|switch|p2a: Spiritomb|Spiritomb, L90, F|221/236|[from] Volt Switch\n|-damage|p2a: Spiritomb|192/236|[from] Stealth Rock\n|move|p1a: Torkoal|Lava Plume|p2a: Spiritomb\n|-damage|p2a: Spiritomb|89/236\n|\n|-weather|SunnyDay|[upkeep]\n|-heal|p2a: Spiritomb|103/236|[from] item: Leftovers\n|upkeep\n|turn|9\n|inactive|Existential Risk has 120 seconds left.\n|\n|t:|1718423206\n|move|p2a: Spiritomb|Poltergeist|p1a: Torkoal\n|-activate|p1a: Torkoal|move: Poltergeist|Heavy-Duty Boots\n|-damage|p1a: Torkoal|68/266\n|move|p1a: Torkoal|Lava Plume|p2a: Spiritomb\n|-damage|p2a: Spiritomb|0 fnt\n|faint|p2a: Spiritomb\n|\n|-weather|SunnyDay|[upkeep]\n|upkeep\n|\n|t:|1718423232\n|switch|p2a: Gouging Fire|Gouging Fire, L74|277/277\n|-activate|p2a: Gouging Fire|ability: Protosynthesis\n|-start|p2a: Gouging Fire|protosynthesisdef\n|turn|10\n|\n|t:|1718423238\n|move|p2a: Gouging Fire|Earthquake|p1a: Torkoal\n|-supereffective|p1a: Torkoal\n|-damage|p1a: Torkoal|0 fnt\n|faint|p1a: Torkoal\n|\n|-weather|SunnyDay|[upkeep]\n|upkeep\n|\n|t:|1718423242\n|switch|p1a: Farigiraf|Farigiraf, L91, M|311/366\n|-activate|p1a: Farigiraf|move: Sticky Web\n|-unboost|p1a: Farigiraf|spe|1\n|-damage|p1a: Farigiraf|250/366|[from] Spikes\n|turn|11\n|j| silentzoom\n|\n|t:|1718423258\n|-end|p2a: Gouging Fire|Protosynthesis|[silent]\n|switch|p2a: Smeargle|Smeargle, L94, F|39/256\n|-damage|p2a: Smeargle|7/256|[from] Stealth Rock\n|move|p1a: Farigiraf|Body Slam|p2a: Smeargle\n|-crit|p2a: Smeargle\n|-damage|p2a: Smeargle|0 fnt\n|faint|p2a: Smeargle\n|\n|-weather|none\n|-heal|p1a: Farigiraf|272/366|[from] item: Leftovers\n|upkeep\n|\n|t:|1718423267\n|switch|p2a: Mienshao|Mienshao, L83, M|243/243\n|-damage|p2a: Mienshao|228/243|[from] Stealth Rock\n|turn|12\n|\n|t:|1718423273\n|move|p1a: Farigiraf|Protect|p1a: Farigiraf\n|-singleturn|p1a: Farigiraf|Protect\n|move|p2a: Mienshao|Knock Off|p1a: Farigiraf\n|-activate|p1a: Farigiraf|move: Protect\n|\n|-heal|p1a: Farigiraf|294/366|[from] item: Leftovers\n|upkeep\n|turn|13\n|\n|t:|1718423279\n|switch|p1a: Skarmory|Skarmory, L80, M|217/235 slp\n|move|p2a: Mienshao|Knock Off|p1a: Skarmory\n|-damage|p1a: Skarmory|124/235 slp\n|-damage|p2a: Mienshao|188/243|[from] item: Rocky Helmet|[of] p1a: Skarmory\n|-enditem|p1a: Skarmory|Rocky Helmet|[from] move: Knock Off|[of] p2a: Mienshao\n|\n|upkeep\n|turn|14\n|\n|t:|1718423300\n|switch|p2a: Electrode|Electrode, L92|202/260\n|-damage|p2a: Electrode|170/260|[from] Stealth Rock\n|switch|p1a: Chandelure|Chandelure, L83, F|235/235\n|\n|upkeep\n|turn|15\n|inactive|Existential Risk has 90 seconds left.\n|\n|t:|1718423325\n|move|p2a: Electrode|Thunderbolt|p1a: Chandelure\n|-damage|p1a: Chandelure|117/235\n|-damage|p2a: Electrode|144/260|[from] item: Life Orb\n|move|p1a: Chandelure|Shadow Ball|p2a: Electrode\n|-damage|p2a: Electrode|27/260\n|\n|upkeep\n|turn|16\n|inactive|Existential Risk has 90 seconds left.\n|\n|t:|1718423332\n|move|p2a: Electrode|Thunderbolt|p1a: Chandelure\n|-crit|p1a: Chandelure\n|-damage|p1a: Chandelure|0 fnt\n|faint|p1a: Chandelure\n|-damage|p2a: Electrode|1/260|[from] item: Life Orb\n|\n|upkeep\n|\n|t:|1718423335\n|switch|p1a: Farigiraf|Farigiraf, L91, M|294/366\n|-activate|p1a: Farigiraf|move: Sticky Web\n|-unboost|p1a: Farigiraf|spe|1\n|-damage|p1a: Farigiraf|233/366|[from] Spikes\n|turn|17\n|\n|t:|1718423341\n|move|p1a: Farigiraf|Protect|p1a: Farigiraf\n|-singleturn|p1a: Farigiraf|Protect\n|move|p2a: Electrode|Taunt|p1a: Farigiraf\n|-activate|p1a: Farigiraf|move: Protect\n|\n|-heal|p1a: Farigiraf|255/366|[from] item: Leftovers\n|upkeep\n|turn|18\n|\n|t:|1718423347\n|move|p2a: Electrode|Taunt|p1a: Farigiraf\n|-start|p1a: Farigiraf|move: Taunt\n|cant|p1a: Farigiraf|move: Taunt|Wish\n|\n|-heal|p1a: Farigiraf|277/366|[from] item: Leftovers\n|upkeep\n|turn|19\n|\n|t:|1718423356\n|move|p2a: Electrode|Thunderbolt|p1a: Farigiraf\n|-crit|p1a: Farigiraf\n|-damage|p1a: Farigiraf|78/366\n|-status|p1a: Farigiraf|par\n|-damage|p2a: Electrode|0 fnt|[from] item: Life Orb\n|faint|p2a: Electrode\n|move|p1a: Farigiraf|Body Slam|p2: Electrode|[notarget]\n|-fail|p1a: Farigiraf\n|\n|-heal|p1a: Farigiraf|100/366 par|[from] item: Leftovers\n|upkeep\n|\n|t:|1718423365\n|switch|p2a: Mienshao|Mienshao, L83, M|188/243\n|-damage|p2a: Mienshao|173/243|[from] Stealth Rock\n|turn|20\n|\n|t:|1718423374\n|move|p2a: Mienshao|U-turn|p1a: Farigiraf\n|-supereffective|p1a: Farigiraf\n|-damage|p1a: Farigiraf|0 fnt\n|faint|p1a: Farigiraf\n|\n|t:|1718423380\n|switch|p2a: Gouging Fire|Gouging Fire, L74|277/277|[from] U-turn\n|\n|upkeep\n|\n|t:|1718423388\n|switch|p1a: Haxorus|Haxorus, L77, F|244/244\n|-activate|p1a: Haxorus|move: Sticky Web\n|-unboost|p1a: Haxorus|spe|1\n|-damage|p1a: Haxorus|204/244|[from] Spikes\n|-ability|p1a: Haxorus|Mold Breaker\n|turn|21\n|inactive|Existential Risk has 120 seconds left.\n|\n|t:|1718423398\n|-terastallize|p2a: Gouging Fire|Ground\n|move|p2a: Gouging Fire|Dragon Dance|p2a: Gouging Fire\n|-boost|p2a: Gouging Fire|atk|1\n|-boost|p2a: Gouging Fire|spe|1\n|move|p1a: Haxorus|Scale Shot|p2a: Gouging Fire\n|-damage|p2a: Gouging Fire|250/277\n|-damage|p2a: Gouging Fire|222/277\n|-damage|p2a: Gouging Fire|194/277\n|-damage|p2a: Gouging Fire|167/277\n|-damage|p2a: Gouging Fire|136/277\n|-hitcount|p2a: Gouging Fire|5\n|-unboost|p1a: Haxorus|def|1\n|-boost|p1a: Haxorus|spe|1\n|\n|upkeep\n|turn|22\n|inactive|Existential Risk has 120 seconds left.\n|\n|t:|1718423411\n|move|p2a: Gouging Fire|Earthquake|p1a: Haxorus\n|-damage|p1a: Haxorus|0 fnt\n|faint|p1a: Haxorus\n|\n|upkeep\n|\n|t:|1718423414\n|switch|p1a: Cloyster|Cloyster, L79, M|209/209\n|-activate|p1a: Cloyster|move: Sticky Web\n|-unboost|p1a: Cloyster|spe|1\n|-damage|p1a: Cloyster|175/209|[from] Spikes\n|-enditem|p1a: Cloyster|White Herb\n|-clearnegativeboost|p1a: Cloyster|[silent]\n|turn|23\n|inactive|Existential Risk has 120 seconds left.\n|\n|t:|1718423433\n|move|p2a: Gouging Fire|Dragon Dance|p2a: Gouging Fire\n|-boost|p2a: Gouging Fire|atk|1\n|-boost|p2a: Gouging Fire|spe|1\n|move|p1a: Cloyster|Icicle Spear|p2a: Gouging Fire\n|-supereffective|p2a: Gouging Fire\n|-damage|p2a: Gouging Fire|92/277\n|-supereffective|p2a: Gouging Fire\n|-damage|p2a: Gouging Fire|48/277\n|-supereffective|p2a: Gouging Fire\n|-damage|p2a: Gouging Fire|6/277\n|-supereffective|p2a: Gouging Fire\n|-damage|p2a: Gouging Fire|0 fnt\n|faint|p2a: Gouging Fire\n|-end|p2a: Gouging Fire|Protosynthesis|[silent]\n|-hitcount|p2: Gouging Fire|4\n|\n|upkeep\n|inactive|Existential Risk has 120 seconds left.\n|\n|t:|1718423446\n|switch|p2a: Mienshao|Mienshao, L83, M|173/243\n|-damage|p2a: Mienshao|158/243|[from] Stealth Rock\n|turn|24\n|inactive|Existential Risk has 120 seconds left.\n|\n|t:|1718423453\n|-terastallize|p1a: Cloyster|Ground\n|move|p2a: Mienshao|High Jump Kick|p1a: Cloyster\n|-damage|p1a: Cloyster|7/209\n|move|p1a: Cloyster|Shell Smash|p1a: Cloyster\n|-unboost|p1a: Cloyster|def|1\n|-unboost|p1a: Cloyster|spd|1\n|-boost|p1a: Cloyster|atk|2\n|-boost|p1a: Cloyster|spa|2\n|-boost|p1a: Cloyster|spe|2\n|\n|upkeep\n|turn|25\n|inactive|Existential Risk has 120 seconds left.\n|\n|t:|1718423464\n|move|p1a: Cloyster|Icicle Spear|p2a: Mienshao\n|-damage|p2a: Mienshao|100/243\n|-damage|p2a: Mienshao|31/243\n|-damage|p2a: Mienshao|0 fnt\n|faint|p2a: Mienshao\n|-hitcount|p2: Mienshao|3\n|\n|upkeep\n|inactive|Existential Risk has 120 seconds left.\n|\n|t:|1718423470\n|switch|p2a: Beartic|Beartic, L90, F|317/317\n|turn|26\n|\n|t:|1718423473\n|move|p2a: Beartic|Aqua Jet|p1a: Cloyster\n|-supereffective|p1a: Cloyster\n|-damage|p1a: Cloyster|0 fnt\n|faint|p1a: Cloyster\n|\n|upkeep\n|\n|t:|1718423475\n|switch|p1a: Skarmory|Skarmory, L80, M|124/235 slp\n|turn|27\n|\n|t:|1718423483\n|-curestatus|p1a: Skarmory|slp|[msg]\n|move|p1a: Skarmory|Body Press|p2a: Beartic\n|-supereffective|p2a: Beartic\n|-damage|p2a: Beartic|187/317\n|move|p2a: Beartic|Snowscape|p2a: Beartic\n|-weather|Snow\n|\n|-weather|Snow|[upkeep]\n|upkeep\n|turn|28\n|\n|t:|1718423491\n|move|p2a: Beartic|Icicle Crash|p1a: Skarmory\n|-damage|p1a: Skarmory|30/235\n|move|p1a: Skarmory|Roost|p1a: Skarmory\n|-heal|p1a: Skarmory|148/235\n|-singleturn|p1a: Skarmory|move: Roost\n|\n|-weather|Snow|[upkeep]\n|upkeep\n|turn|29\n|\n|t:|1718423498\n|move|p2a: Beartic|Icicle Crash|p1a: Skarmory\n|-damage|p1a: Skarmory|58/235\n|move|p1a: Skarmory|Roost|p1a: Skarmory\n|-heal|p1a: Skarmory|176/235\n|-singleturn|p1a: Skarmory|move: Roost\n|\n|-weather|Snow|[upkeep]\n|upkeep\n|turn|30\n|\n|t:|1718423505\n|move|p2a: Beartic|Icicle Crash|p1a: Skarmory|[miss]\n|-miss|p2a: Beartic|p1a: Skarmory\n|move|p1a: Skarmory|Roost|p1a: Skarmory\n|-heal|p1a: Skarmory|235/235\n|-singleturn|p1a: Skarmory|move: Roost\n|\n|-weather|Snow|[upkeep]\n|upkeep\n|turn|31\n|\n|t:|1718423513\n|move|p2a: Beartic|Icicle Crash|p1a: Skarmory\n|-damage|p1a: Skarmory|133/235\n|move|p1a: Skarmory|Body Press|p2a: Beartic\n|-supereffective|p2a: Beartic\n|-damage|p2a: Beartic|99/317\n|\n|-weather|none\n|upkeep\n|turn|32\n|\n|t:|1718423522\n|move|p1a: Skarmory|Body Press|p2a: Beartic\n|-supereffective|p2a: Beartic\n|-damage|p2a: Beartic|0 fnt\n|faint|p2a: Beartic\n|\n|win|Qiuescent\n|raw|Qiuescent's rating: 2289 &rarr; <strong>2307</strong><br />(+18 for winning)\n|raw|Existential Risk's rating: 2247 &rarr; <strong>2229</strong><br />(-18 for losing)\n", "inputlog": ">version e046c5ea766451ca9500a73fe72ec774e92e6f7e\n>start {\"formatid\":\"gen9randombattle\",\"seed\":[33064,51594,52112,12890],\"rated\":\"Rated battle\"}\n>player p1 {\"name\":\"Qiuescent\",\"avatar\":\"170\",\"rating\":2289,\"seed\":[58671,64419,5328,42053]}\n>player p2 {\"name\":\"Existential Risk\",\"avatar\":\"170\",\"rating\":2247,\"seed\":[37407,12029,2472,50378]}\n>p1 move stealthrock\n>p2 move stickyweb\n>p1 move bodypress\n>p2 move spore\n>p1 move bodypress\n>p2 move ceaselessedge\n>p1 move bodypress\n>p2 move whirlwind\n>p1 move bodyslam\n>p2 move ceaselessedge\n>p1 move wish\n>p2 switch 2\n>p1 switch 4\n>p2 switch 4\n>p1 move lavaplume\n>p2 move voltswitch\n>p2 switch 4\n>p1 move lavaplume\n>p2 move poltergeist\n>p2 switch 5\n>p1 move yawn\n>p2 move earthquake\n>p1 switch 4\n>p1 move bodyslam\n>p2 switch 2\n>p2 switch 6\n>p1 move protect\n>p2 move knockoff\n>p1 switch 5\n>p2 move knockoff\n>p1 switch 3\n>p2 switch 4\n>p1 move shadowball\n>p2 move thunderbolt\n>p1 move shadowball\n>p2 move thunderbolt\n>p1 switch 5\n>p1 move protect\n>p2 move taunt\n>p1 move wish\n>p2 move taunt\n>p1 move bodyslam\n>p2 move thunderbolt\n>p2 switch 4\n>p1 move psychicnoise\n>p2 move uturn\n>p2 switch 2\n>p1 switch 6\n>p1 move scaleshot\n>p2 move dragondance terastallize\n>p1 move scaleshot\n>p2 move earthquake\n>p1 switch 2\n>p1 move iciclespear\n>p2 move dragondance\n>p2 switch 2\n>p1 move shellsmash terastallize\n>p2 move highjumpkick\n>p1 move iciclespear\n>p2 move highjumpkick\n>p2 switch 3\n>p1 move rockblast\n>p2 move aquajet\n>p1 switch 3\n>p1 move bodypress\n>p2 move snowscape\n>p1 move roost\n>p2 move iciclecrash\n>p1 move roost\n>p2 move iciclecrash\n>p1 move roost\n>p2 move iciclecrash\n>p1 move bodypress\n>p2 move iciclecrash\n>p1 move bodypress\n>p2 move snowscape", "uploadtime": 1718423524, "views": 203, "formatid": "gen9randombattle", "rating": 2229, "private": 0, "password": null}