{"id": "gen9randombattle-2260315258", "format": "[Gen 9] Random Battle", "players": ["Guexxr", "Garchomp D'Ice"], "log": "|j|\u2606Guexxr\n|j|\u2606Garchomp D'Ice\n|t:|1733838925\n|gametype|singles\n|player|p1|Guexxr|102|1959\n|player|p2|Garchomp D'Ice|102|1939\n|teamsize|p1|6\n|teamsize|p2|6\n|gen|9\n|tier|[Gen 9] Random Battle\n|rated|\n|rule|Species Clause: Limit one of each Pok\u00e9mon\n|rule|HP Percentage Mod: HP is shown in percentages\n|rule|Sleep Clause Mod: Limit one foe put to sleep\n|rule|Illusion Level Mod: Illusion disguises the Pok\u00e9mon's true level\n|\n|t:|1733838925\n|start\n|switch|p1a: Probopass|Probopass, L92, M|260/260\n|switch|p2a: Latias|Latias, L79, F|238/238\n|turn|1\n|inactive|Battle timer is ON: inactive players will automatically lose when time's up. (requested by Garchomp D'Ice)\n|inactive|Guexxr has 120 seconds left.\n|\n|t:|1733838969\n|move|p2a: Latias|Nasty Plot|p2a: Latias\n|-boost|p2a: Latias|spa|2\n|move|p1a: Probopass|Iron Defense|p1a: Probopass\n|-boost|p1a: Probopass|def|2\n|\n|upkeep\n|turn|2\n|\n|t:|1733838981\n|move|p2a: Latias|Dark Pulse|p1a: Probopass\n|-damage|p1a: Probopass|108/260\n|-damage|p2a: Latias|215/238|[from] item: Life Orb\n|move|p1a: Probopass|Body Press|p2a: Latias\n|-supereffective|p2a: Latias\n|-damage|p2a: Latias|0 fnt\n|replace|p2a: Zoroark|Zoroark, L84, M\n|-end|p2a: Zoroark|Illusion\n|-hint|Illusion Level Mod is active, so this Pok\u00e9mon's true level was hidden.\n|faint|p2a: Zoroark\n|\n|-heal|p1a: Probopass|124/260|[from] item: Leftovers\n|upkeep\n|\n|t:|1733838990\n|switch|p2a: Swanna|Swanna, L88, M|275/275\n|turn|3\n|c|\u2606Garchomp D'Ice|Really?\n|\n|t:|1733839005\n|move|p2a: Swanna|Hydro Pump|p1a: Probopass|[miss]\n|-miss|p2a: Swanna|p1a: Probopass\n|move|p1a: Probopass|Power Gem|p2a: Swanna\n|-supereffective|p2a: Swanna\n|-damage|p2a: Swanna|65/275\n|\n|-heal|p1a: Probopass|140/260|[from] item: Leftovers\n|upkeep\n|turn|4\n|\n|t:|1733839015\n|move|p2a: Swanna|Hydro Pump|p1a: Probopass|[miss]\n|-miss|p2a: Swanna|p1a: Probopass\n|move|p1a: Probopass|Body Press|p2a: Swanna\n|-resisted|p2a: Swanna\n|-damage|p2a: Swanna|0 fnt\n|faint|p2a: Swanna\n|\n|-heal|p1a: Probopass|156/260|[from] item: Leftovers\n|upkeep\n|c|\u2606Guexxr|Really\n|c|\u2606Garchomp D'Ice|Fuck my day\n|c|\u2606Guexxr|Chill\n|c|\u2606Guexxr|just rands\n|inactive|Garchomp D'Ice has 120 seconds left.\n|\n|t:|1733839058\n|switch|p2a: Latias|Latias, L79, F|256/256\n|turn|5\n|c|\u2606Guexxr|Dunno what else happened for you today tho\n|\n|t:|1733839069\n|move|p2a: Latias|Calm Mind|p2a: Latias\n|-boost|p2a: Latias|spa|1\n|-boost|p2a: Latias|spd|1\n|move|p1a: Probopass|Body Press|p2a: Latias\n|-resisted|p2a: Latias\n|-damage|p2a: Latias|162/256\n|\n|-heal|p1a: Probopass|172/260|[from] item: Leftovers\n|upkeep\n|turn|6\n|\n|t:|1733839073\n|move|p2a: Latias|Calm Mind|p2a: Latias\n|-boost|p2a: Latias|spa|1\n|-boost|p2a: Latias|spd|1\n|move|p1a: Probopass|Body Press|p2a: Latias\n|-resisted|p2a: Latias\n|-damage|p2a: Latias|72/256\n|\n|-heal|p1a: Probopass|188/260|[from] item: Leftovers\n|upkeep\n|turn|7\n|\n|t:|1733839077\n|move|p2a: Latias|Recover|p2a: Latias\n|-heal|p2a: Latias|200/256\n|move|p1a: Probopass|Body Press|p2a: Latias\n|-resisted|p2a: Latias\n|-damage|p2a: Latias|105/256\n|\n|-heal|p1a: Probopass|204/260|[from] item: Leftovers\n|upkeep\n|turn|8\n|\n|t:|1733839083\n|move|p2a: Latias|Calm Mind|p2a: Latias\n|-boost|p2a: Latias|spa|1\n|-boost|p2a: Latias|spd|1\n|move|p1a: Probopass|Iron Defense|p1a: Probopass\n|-boost|p1a: Probopass|def|2\n|\n|-heal|p1a: Probopass|220/260|[from] item: Leftovers\n|upkeep\n|turn|9\n|\n|t:|1733839085\n|move|p2a: Latias|Recover|p2a: Latias\n|-heal|p2a: Latias|233/256\n|move|p1a: Probopass|Body Press|p2a: Latias\n|-resisted|p2a: Latias\n|-damage|p2a: Latias|80/256\n|\n|-heal|p1a: Probopass|236/260|[from] item: Leftovers\n|upkeep\n|turn|10\n|\n|t:|1733839088\n|move|p2a: Latias|Draco Meteor|p1a: Probopass\n|-resisted|p1a: Probopass\n|-damage|p1a: Probopass|117/260\n|-unboost|p2a: Latias|spa|2\n|move|p1a: Probopass|Body Press|p2a: Latias\n|-resisted|p2a: Latias\n|-damage|p2a: Latias|0 fnt\n|faint|p2a: Latias\n|\n|-heal|p1a: Probopass|133/260|[from] item: Leftovers\n|upkeep\n|-message|Garchomp D'Ice forfeited.\n|\n|win|Guexxr\n|raw|Guexxr's rating: 1959 &rarr; <strong>1977</strong><br />(+18 for winning)\n|raw|Garchomp D&apos;Ice's rating: 1918 &rarr; <strong>1900</strong><br />(-18 for losing)\n|l|\u2606Garchomp D'Ice\n|player|p2|\n", "inputlog": ">version bfd83cad13791eb5a5a409923076391caf6fb4d4\n>start {\"formatid\":\"gen9randombattle\",\"seed\":[41129,10882,56182,55372],\"rated\":\"Rated battle\"}\n>player p1 {\"name\":\"Guexxr\",\"avatar\":\"102\",\"rating\":1959,\"seed\":[46461,45490,14893,31005]}\n>player p2 {\"name\":\"Garchomp D'Ice\",\"avatar\":\"102\",\"rating\":1939,\"seed\":[8564,3283,17974,20436]}\n>p1 move irondefense\n>p2 move nastyplot\n>p1 move bodypress\n>p2 move darkpulse\n>p2 switch 3\n>chat \u2606Garchomp D'Ice|Really?\n>p1 move powergem\n>p2 move hydropump\n>p1 move bodypress\n>p2 move hydropump\n>chat \u2606Guexxr|Really\n>chat \u2606Garchomp D'Ice|Fuck my day\n>chat \u2606Guexxr|Chill\n>chat \u2606Guexxr|just rands\n>p2 switch 6\n>chat \u2606Guexxr|Dunno what else happened for you today tho\n>p1 move bodypress\n>p2 move calmmind\n>p1 move bodypress\n>p2 move calmmind\n>p1 move bodypress\n>p2 move recover\n>p1 move irondefense\n>p2 move calmmind\n>p1 move bodypress\n>p2 move recover\n>p1 move bodypress\n>p2 move dracometeor\n>forcelose p2", "uploadtime": 1733839107, "views": 1, "formatid": "gen9randombattle", "rating": 1900, "private": 0, "password": null}