{"id": "gen9randombattle-2260904038", "format": "[Gen 9] Random Battle", "players": ["Pwhite123", "Yavhar"], "log": "|j|\u2606Pwhite123\n|j|\u2606Yavhar\n|t:|1733914128\n|gametype|singles\n|player|p1|Pwhite123|ghetsis-gen5bw|1144\n|player|p2|Yavhar|265|1140\n|teamsize|p1|6\n|teamsize|p2|6\n|gen|9\n|tier|[Gen 9] Random Battle\n|rated|\n|rule|Species Clause: Limit one of each Pok\u00e9mon\n|rule|HP Percentage Mod: HP is shown in percentages\n|rule|Sleep Clause Mod: Limit one foe put to sleep\n|rule|Illusion Level Mod: Illusion disguises the Pok\u00e9mon's true level\n|\n|t:|1733914128\n|start\n|switch|p1a: Iron Moth|Iron Moth, L78|253/253\n|switch|p2a: Arceus|Arceus-Ghost, L69|280/280\n|turn|1\n|\n|t:|1733914160\n|switch|p2a: Manaphy|Manaphy, L78|284/284\n|move|p1a: Iron Moth|Sludge Wave|p2a: Manaphy\n|-damage|p2a: Manaphy|167/284\n|\n|-heal|p2a: Manaphy|184/284|[from] item: Leftovers\n|upkeep\n|turn|2\n|\n|t:|1733914169\n|move|p1a: Iron Moth|Energy Ball|p2a: Manaphy\n|-supereffective|p2a: Manaphy\n|-damage|p2a: Manaphy|30/284\n|move|p2a: Manaphy|Hydro Pump|p1a: Iron Moth\n|-supereffective|p1a: Iron Moth\n|-damage|p1a: Iron Moth|77/253\n|\n|-heal|p2a: Manaphy|47/284|[from] item: Leftovers\n|upkeep\n|turn|3\n|\n|t:|1733914183\n|-terastallize|p2a: Manaphy|Water\n|move|p1a: Iron Moth|Energy Ball|p2a: Manaphy\n|-supereffective|p2a: Manaphy\n|-damage|p2a: Manaphy|0 fnt\n|faint|p2a: Manaphy\n|\n|upkeep\n|\n|t:|1733914196\n|switch|p2a: Noivern|Noivern, L82, M|274/274\n|turn|4\n|\n|t:|1733914205\n|move|p2a: Noivern|Hurricane|p1a: Iron Moth\n|-crit|p1a: Iron Moth\n|-damage|p1a: Iron Moth|0 fnt\n|faint|p1a: Iron Moth\n|-end|p1a: Iron Moth|Quark Drive|[silent]\n|\n|upkeep\n|\n|t:|1733914219\n|switch|p1a: Carbink|Carbink, L90|236/236\n|turn|5\n|\n|t:|1733914231\n|switch|p2a: Groudon|Groudon, L72|263/263\n|-weather|SunnyDay|[from] ability: Drought|[of] p2a: Groudon\n|move|p1a: Carbink|Iron Defense|p1a: Carbink\n|-boost|p1a: Carbink|def|2\n|\n|-weather|SunnyDay|[upkeep]\n|upkeep\n|turn|6\n|\n|t:|1733914244\n|move|p2a: Groudon|Precipice Blades|p1a: Carbink\n|-supereffective|p1a: Carbink\n|-damage|p1a: Carbink|150/236\n|move|p1a: Carbink|Iron Defense|p1a: Carbink\n|-boost|p1a: Carbink|def|2\n|\n|-weather|SunnyDay|[upkeep]\n|upkeep\n|turn|7\n|\n|t:|1733914253\n|move|p2a: Groudon|Will-O-Wisp|p1a: Carbink\n|-status|p1a: Carbink|brn\n|move|p1a: Carbink|Iron Defense|p1a: Carbink\n|-boost|p1a: Carbink|def|2\n|\n|-weather|SunnyDay|[upkeep]\n|-damage|p1a: Carbink|136/236 brn|[from] brn\n|upkeep\n|turn|8\n|\n|t:|1733914262\n|move|p2a: Groudon|Heat Crash|p1a: Carbink\n|-resisted|p1a: Carbink\n|-damage|p1a: Carbink|126/236 brn\n|move|p1a: Carbink|Body Press|p2a: Groudon\n|-damage|p2a: Groudon|105/263\n|\n|-weather|SunnyDay|[upkeep]\n|-heal|p2a: Groudon|121/263|[from] item: Leftovers\n|-damage|p1a: Carbink|112/236 brn|[from] brn\n|upkeep\n|turn|9\n|\n|t:|1733914274\n|move|p2a: Groudon|Spikes|p1a: Carbink\n|-sidestart|p1: Pwhite123|Spikes\n|move|p1a: Carbink|Body Press|p2a: Groudon\n|-damage|p2a: Groudon|0 fnt\n|faint|p2a: Groudon\n|\n|-weather|none\n|-damage|p1a: Carbink|98/236 brn|[from] brn\n|upkeep\n|\n|t:|1733914285\n|switch|p2a: Deoxys|Deoxys-Defense, L84|221/221\n|-ability|p2a: Deoxys|Pressure\n|turn|10\n|\n|t:|1733914307\n|move|p2a: Deoxys|Cosmic Power|p2a: Deoxys\n|-boost|p2a: Deoxys|def|1\n|-boost|p2a: Deoxys|spd|1\n|move|p1a: Carbink|Rest|p1a: Carbink\n|-status|p1a: Carbink|slp|[from] move: Rest\n|-heal|p1a: Carbink|236/236 slp|[silent]\n|-enditem|p1a: Carbink|Chesto Berry|[eat]\n|-curestatus|p1a: Carbink|slp|[msg]\n|\n|upkeep\n|turn|11\n|\n|t:|1733914323\n|move|p2a: Deoxys|Cosmic Power|p2a: Deoxys\n|-boost|p2a: Deoxys|def|1\n|-boost|p2a: Deoxys|spd|1\n|move|p1a: Carbink|Moonblast|p2a: Deoxys\n|-damage|p2a: Deoxys|199/221\n|-unboost|p2a: Deoxys|spa|1\n|\n|-heal|p2a: Deoxys|212/221|[from] item: Leftovers\n|upkeep\n|turn|12\n|\n|t:|1733914334\n|move|p2a: Deoxys|Cosmic Power|p2a: Deoxys\n|-boost|p2a: Deoxys|def|1\n|-boost|p2a: Deoxys|spd|1\n|move|p1a: Carbink|Body Press|p2a: Deoxys\n|-resisted|p2a: Deoxys\n|-damage|p2a: Deoxys|166/221\n|\n|-heal|p2a: Deoxys|179/221|[from] item: Leftovers\n|upkeep\n|turn|13\n|\n|t:|1733914344\n|move|p2a: Deoxys|Cosmic Power|p2a: Deoxys\n|-boost|p2a: Deoxys|def|1\n|-boost|p2a: Deoxys|spd|1\n|move|p1a: Carbink|Body Press|p2a: Deoxys\n|-resisted|p2a: Deoxys\n|-damage|p2a: Deoxys|144/221\n|\n|-heal|p2a: Deoxys|157/221|[from] item: Leftovers\n|upkeep\n|turn|14\n|\n|t:|1733914353\n|move|p2a: Deoxys|Cosmic Power|p2a: Deoxys\n|-boost|p2a: Deoxys|def|1\n|-boost|p2a: Deoxys|spd|1\n|move|p1a: Carbink|Body Press|p2a: Deoxys\n|-resisted|p2a: Deoxys\n|-damage|p2a: Deoxys|123/221\n|\n|-heal|p2a: Deoxys|136/221|[from] item: Leftovers\n|upkeep\n|turn|15\n|inactive|Battle timer is ON: inactive players will automatically lose when time's up. (requested by Pwhite123)\n|inactive|Yavhar has 120 seconds left.\n|inactive|Yavhar has 90 seconds left.\n|\n|t:|1733914418\n|move|p2a: Deoxys|Cosmic Power|p2a: Deoxys\n|-boost|p2a: Deoxys|def|1\n|-boost|p2a: Deoxys|spd|1\n|move|p1a: Carbink|Body Press|p2a: Deoxys\n|-resisted|p2a: Deoxys\n|-damage|p2a: Deoxys|108/221\n|\n|-heal|p2a: Deoxys|121/221|[from] item: Leftovers\n|upkeep\n|turn|16\n|\n|t:|1733914441\n|move|p2a: Deoxys|Recover|p2a: Deoxys\n|-heal|p2a: Deoxys|221/221\n|move|p1a: Carbink|Body Press|p2a: Deoxys\n|-resisted|p2a: Deoxys\n|-damage|p2a: Deoxys|192/221\n|\n|-heal|p2a: Deoxys|205/221|[from] item: Leftovers\n|upkeep\n|turn|17\n|\n|t:|1733914450\n|move|p2a: Deoxys|Night Shade|p1a: Carbink\n|-damage|p1a: Carbink|152/236\n|move|p1a: Carbink|Body Press|p2a: Deoxys\n|-resisted|p2a: Deoxys\n|-damage|p2a: Deoxys|177/221\n|\n|-heal|p2a: Deoxys|190/221|[from] item: Leftovers\n|upkeep\n|turn|18\n|\n|t:|1733914459\n|move|p2a: Deoxys|Night Shade|p1a: Carbink\n|-damage|p1a: Carbink|68/236\n|move|p1a: Carbink|Moonblast|p2a: Deoxys\n|-damage|p2a: Deoxys|178/221\n|\n|-heal|p2a: Deoxys|191/221|[from] item: Leftovers\n|upkeep\n|turn|19\n|\n|t:|1733914467\n|move|p2a: Deoxys|Night Shade|p1a: Carbink\n|-damage|p1a: Carbink|0 fnt\n|faint|p1a: Carbink\n|\n|-heal|p2a: Deoxys|204/221|[from] item: Leftovers\n|upkeep\n|\n|t:|1733914473\n|switch|p1a: Crawdaunt|Crawdaunt, L84, M|243/243\n|-damage|p1a: Crawdaunt|213/243|[from] Spikes\n|turn|20\n|\n|t:|1733914481\n|move|p2a: Deoxys|Night Shade|p1a: Crawdaunt\n|-damage|p1a: Crawdaunt|129/243\n|move|p1a: Crawdaunt|Knock Off|p2a: Deoxys\n|-supereffective|p2a: Deoxys\n|-damage|p2a: Deoxys|131/221\n|-enditem|p2a: Deoxys|Leftovers|[from] move: Knock Off|[of] p1a: Crawdaunt\n|-damage|p1a: Crawdaunt|105/243|[from] item: Life Orb\n|\n|upkeep\n|turn|21\n|\n|t:|1733914489\n|switch|p1a: Mesprit|Mesprit, L85|275/275\n|move|p2a: Deoxys|Night Shade|p1a: Mesprit\n|-damage|p1a: Mesprit|191/275\n|\n|upkeep\n|turn|22\n|\n|t:|1733914497\n|move|p2a: Deoxys|Night Shade|p1a: Mesprit\n|-damage|p1a: Mesprit|107/275\n|move|p1a: Mesprit|Knock Off|p2a: Deoxys\n|-supereffective|p2a: Deoxys\n|-damage|p2a: Deoxys|113/221\n|\n|upkeep\n|turn|23\n|\n|t:|1733914505\n|move|p2a: Deoxys|Night Shade|p1a: Mesprit\n|-damage|p1a: Mesprit|23/275\n|move|p1a: Mesprit|Ice Beam|p2a: Deoxys\n|-damage|p2a: Deoxys|102/221\n|-status|p2a: Deoxys|frz\n|\n|upkeep\n|turn|24\n|\n|t:|1733914514\n|cant|p2a: Deoxys|frz\n|move|p1a: Mesprit|Knock Off|p2a: Deoxys\n|-supereffective|p2a: Deoxys\n|-damage|p2a: Deoxys|84/221 frz\n|\n|upkeep\n|turn|25\n|\n|t:|1733914520\n|cant|p2a: Deoxys|frz\n|move|p1a: Mesprit|Thunderbolt|p2a: Deoxys\n|-damage|p2a: Deoxys|72/221 frz\n|\n|upkeep\n|turn|26\n|\n|t:|1733914525\n|cant|p2a: Deoxys|frz\n|move|p1a: Mesprit|Ice Beam|p2a: Deoxys\n|-damage|p2a: Deoxys|60/221 frz\n|\n|upkeep\n|turn|27\n|\n|t:|1733914531\n|cant|p2a: Deoxys|frz\n|move|p1a: Mesprit|Thunderbolt|p2a: Deoxys\n|-damage|p2a: Deoxys|49/221 frz\n|\n|upkeep\n|turn|28\n|\n|t:|1733914537\n|cant|p2a: Deoxys|frz\n|move|p1a: Mesprit|Knock Off|p2a: Deoxys\n|-supereffective|p2a: Deoxys\n|-damage|p2a: Deoxys|33/221 frz\n|\n|upkeep\n|turn|29\n|\n|t:|1733914543\n|cant|p2a: Deoxys|frz\n|move|p1a: Mesprit|Knock Off|p2a: Deoxys\n|-supereffective|p2a: Deoxys\n|-damage|p2a: Deoxys|15/221 frz\n|\n|upkeep\n|turn|30\n|\n|t:|1733914549\n|cant|p2a: Deoxys|frz\n|move|p1a: Mesprit|Knock Off|p2a: Deoxys\n|-supereffective|p2a: Deoxys\n|-damage|p2a: Deoxys|0 fnt\n|faint|p2a: Deoxys\n|\n|upkeep\n|\n|t:|1733914560\n|switch|p2a: Noivern|Noivern, L82, M|274/274\n|turn|31\n|\n|t:|1733914565\n|move|p2a: Noivern|Hurricane|p1a: Mesprit\n|-damage|p1a: Mesprit|0 fnt\n|faint|p1a: Mesprit\n|\n|upkeep\n|\n|t:|1733914574\n|switch|p1a: Groudon|Groudon, L72|263/263\n|-damage|p1a: Groudon|231/263|[from] Spikes\n|-weather|SunnyDay|[from] ability: Drought|[of] p1a: Groudon\n|turn|32\n|\n|t:|1733914590\n|move|p2a: Noivern|Hurricane|p1a: Groudon\n|-damage|p1a: Groudon|108/263\n|move|p1a: Groudon|Stone Edge|p2a: Noivern\n|-supereffective|p2a: Noivern\n|-damage|p2a: Noivern|106/274\n|\n|-weather|SunnyDay|[upkeep]\n|-heal|p1a: Groudon|124/263|[from] item: Leftovers\n|upkeep\n|turn|33\n|\n|t:|1733914601\n|-terastallize|p1a: Groudon|Fire\n|move|p2a: Noivern|Hurricane|p1a: Groudon|[miss]\n|-miss|p2a: Noivern|p1a: Groudon\n|move|p1a: Groudon|Stone Edge|p2a: Noivern\n|-supereffective|p2a: Noivern\n|-damage|p2a: Noivern|0 fnt\n|faint|p2a: Noivern\n|\n|-weather|SunnyDay|[upkeep]\n|-heal|p1a: Groudon|140/263|[from] item: Leftovers\n|upkeep\n|inactive|Yavhar has 120 seconds left.\n|\n|t:|1733914622\n|switch|p2a: Arceus|Arceus-Ghost, L69|280/280\n|turn|34\n|\n|t:|1733914631\n|move|p2a: Arceus|Judgment|p1a: Groudon\n|-damage|p1a: Groudon|22/263\n|move|p1a: Groudon|Precipice Blades|p2a: Arceus\n|-damage|p2a: Arceus|151/280\n|\n|-weather|SunnyDay|[upkeep]\n|-heal|p1a: Groudon|38/263|[from] item: Leftovers\n|upkeep\n|turn|35\n|\n|t:|1733914645\n|move|p2a: Arceus|Judgment|p1a: Groudon\n|-damage|p1a: Groudon|0 fnt\n|faint|p1a: Groudon\n|\n|-weather|SunnyDay|[upkeep]\n|upkeep\n|\n|t:|1733914648\n|switch|p1a: Crawdaunt|Crawdaunt, L84, M|105/243\n|-damage|p1a: Crawdaunt|75/243|[from] Spikes\n|turn|36\n|\n|t:|1733914661\n|move|p2a: Arceus|Focus Blast|p1a: Crawdaunt\n|-supereffective|p1a: Crawdaunt\n|-damage|p1a: Crawdaunt|0 fnt\n|faint|p1a: Crawdaunt\n|\n|-weather|none\n|upkeep\n|\n|t:|1733914664\n|switch|p1a: Tornadus|Tornadus-Therian, L79, M|254/254\n|turn|37\n|\n|t:|1733914684\n|move|p1a: Tornadus|Nasty Plot|p1a: Tornadus\n|-boost|p1a: Tornadus|spa|2\n|move|p2a: Arceus|Judgment|p1a: Tornadus\n|-damage|p1a: Tornadus|139/254\n|\n|upkeep\n|turn|38\n|\n|t:|1733914696\n|move|p1a: Tornadus|Bleakwind Storm|p2a: Arceus|[miss]\n|-miss|p1a: Tornadus|p2a: Arceus\n|move|p2a: Arceus|Focus Blast|p1a: Tornadus\n|-resisted|p1a: Tornadus\n|-damage|p1a: Tornadus|102/254\n|\n|upkeep\n|turn|39\n|\n|t:|1733914703\n|move|p1a: Tornadus|Bleakwind Storm|p2a: Arceus\n|-damage|p2a: Arceus|0 fnt\n|faint|p2a: Arceus\n|\n|upkeep\n|\n|t:|1733914709\n|switch|p2a: Dachsbun|Dachsbun, L92, M|254/254\n|turn|40\n|\n|t:|1733914718\n|move|p1a: Tornadus|Bleakwind Storm|p2a: Dachsbun\n|-damage|p2a: Dachsbun|64/254\n|move|p2a: Dachsbun|Play Rough|p1a: Tornadus\n|-damage|p1a: Tornadus|0 fnt\n|faint|p1a: Tornadus\n|\n|win|Yavhar\n|raw|Pwhite123's rating: 1144 &rarr; <strong>1119</strong><br />(-25 for losing)\n|raw|Yavhar's rating: 1140 &rarr; <strong>1165</strong><br />(+25 for winning)\n|l|\u2606Pwhite123\n|player|p1|\n|c|\u2606Yavhar|Close one\n", "inputlog": ">version bfd83cad13791eb5a5a409923076391caf6fb4d4\n>start {\"formatid\":\"gen9randombattle\",\"seed\":[49236,27080,40460,36938],\"rated\":\"Rated battle\"}\n>player p1 {\"name\":\"Pwhite123\",\"avatar\":\"ghetsis-gen5bw\",\"rating\":1144,\"seed\":[48140,20907,23721,53405]}\n>player p2 {\"name\":\"Yavhar\",\"avatar\":\"265\",\"rating\":1140,\"seed\":[34343,35954,11729,37054]}\n>p1 move sludgewave\n>p2 switch 4\n>p1 move energyball\n>p2 move hydropump\n>p1 move energyball\n>p2 move hydropump terastallize\n>p2 switch 3\n>p1 move morningsun\n>p2 move hurricane\n>p1 switch 5\n>p1 move irondefense\n>p2 switch 2\n>p1 move irondefense\n>p2 move precipiceblades\n>p1 move irondefense\n>p2 move willowisp\n>p1 move bodypress\n>p2 move heatcrash\n>p1 move bodypress\n>p2 move spikes\n>p2 switch 6\n>p1 move rest\n>p2 move cosmicpower\n>p1 move moonblast\n>p2 move cosmicpower\n>p1 move bodypress\n>p2 move cosmicpower\n>p1 move bodypress\n>p2 move cosmicpower\n>p1 move bodypress\n>p2 move cosmicpower\n>p1 move bodypress\n>p2 move cosmicpower\n>p1 move bodypress\n>p2 move recover\n>p1 move bodypress\n>p2 move nightshade\n>p1 move moonblast\n>p2 move nightshade\n>p1 move rest\n>p2 move nightshade\n>p1 switch 6\n>p1 move knockoff\n>p2 move nightshade\n>p1 switch 3\n>p2 move nightshade\n>p1 move knockoff\n>p2 move nightshade\n>p1 move icebeam\n>p2 move nightshade\n>p1 move knockoff\n>p2 move recover\n>p1 move thunderbolt\n>p2 move recover\n>p1 move icebeam\n>p2 move recover\n>p1 move thunderbolt\n>p2 move recover\n>p1 move knockoff\n>p2 move recover\n>p1 move knockoff\n>p2 move recover\n>p1 move knockoff\n>p2 move recover\n>p2 switch 2\n>p1 move thunderbolt\n>p2 move hurricane\n>p1 switch 4\n>p1 move stoneedge\n>p2 move hurricane\n>p1 move stoneedge terastallize\n>p2 move hurricane\n>p2 switch 4\n>p1 move precipiceblades\n>p2 move judgment\n>p1 move precipiceblades\n>p2 move judgment\n>p1 switch 3\n>p1 move knockoff\n>p2 move focusblast\n>p1 switch 2\n>p1 move nastyplot\n>p2 move judgment\n>p1 move bleakwindstorm\n>p2 move focusblast\n>p1 move bleakwindstorm\n>p2 move judgment\n>p2 switch 5\n>p1 move bleakwindstorm\n>p2 move playrough", "uploadtime": 1733914746, "views": 1, "formatid": "gen9randombattle", "rating": 1119, "private": 0, "password": null}