{"id": "gen9randombattle-2260509322", "format": "[Gen 9] Random Battle", "players": ["Fishest", "min1ko"], "log": "|j|\u2606Fishest\n|j|\u2606min1ko\n|t:|1733858485\n|gametype|singles\n|player|p1|Fishest|silver|\n|player|p2|min1ko|guitarist|\n|teamsize|p1|6\n|teamsize|p2|6\n|gen|9\n|tier|[Gen 9] Random Battle\n|rule|Species Clause: Limit one of each Pok\u00e9mon\n|rule|HP Percentage Mod: HP is shown in percentages\n|rule|Sleep Clause Mod: Limit one foe put to sleep\n|rule|Illusion Level Mod: Illusion disguises the Pok\u00e9mon's true level\n|\n|t:|1733858485\n|start\n|switch|p1a: Gogoat|Gogoat, L88, F|360/360\n|switch|p2a: Necrozma|Necrozma, L80|286/286\n|turn|1\n|c|\u2606min1ko|what the fuck am i\n|c|\u2606min1ko|what is this creature\n|c|\u2606Fishest|ENLJCNLDKJDNL\n|c|\u2606Fishest|NECORSMA\n|c|\u2606Fishest|WHY DO YOU GET NECROZMA\n|c|\u2606min1ko|idk man\n|c|\u2606min1ko|I don't even know what this is\n|\n|t:|1733858602\n|switch|p1a: Froslass|Froslass, L87, F|263/263\n|move|p2a: Necrozma|Earthquake|p1a: Froslass\n|-damage|p1a: Froslass|159/263\n|-damage|p2a: Necrozma|258/286|[from] item: Life Orb\n|\n|upkeep\n|turn|2\n|\n|t:|1733858619\n|switch|p2a: Dunsparce|Dunsparce, L86, M|312/312\n|move|p1a: Froslass|Will-O-Wisp|p2a: Dunsparce\n|-status|p2a: Dunsparce|brn\n|\n|-damage|p2a: Dunsparce|293/312 brn|[from] brn\n|upkeep\n|turn|3\n|c|\u2606min1ko|I got a little goober\n|\n|t:|1733858640\n|switch|p1a: Terrakion|Terrakion, L79|273/273\n|move|p2a: Dunsparce|Coil|p2a: Dunsparce\n|-boost|p2a: Dunsparce|atk|1\n|-boost|p2a: Dunsparce|def|1\n|-boost|p2a: Dunsparce|accuracy|1\n|\n|-damage|p2a: Dunsparce|274/312 brn|[from] brn\n|upkeep\n|turn|4\n|\n|t:|1733858651\n|move|p1a: Terrakion|Close Combat|p2a: Dunsparce\n|-supereffective|p2a: Dunsparce\n|-damage|p2a: Dunsparce|62/312 brn\n|-unboost|p1a: Terrakion|def|1\n|-unboost|p1a: Terrakion|spd|1\n|move|p2a: Dunsparce|Earthquake|p1a: Terrakion\n|-supereffective|p1a: Terrakion\n|-damage|p1a: Terrakion|128/273\n|\n|-damage|p2a: Dunsparce|43/312 brn|[from] brn\n|upkeep\n|turn|5\n|\n|t:|1733858670\n|move|p1a: Terrakion|Close Combat|p2a: Dunsparce\n|-supereffective|p2a: Dunsparce\n|-damage|p2a: Dunsparce|0 fnt\n|-unboost|p1a: Terrakion|def|1\n|-unboost|p1a: Terrakion|spd|1\n|faint|p2a: Dunsparce\n|\n|upkeep\n|\n|t:|1733858684\n|switch|p2a: Necrozma|Necrozma, L80|258/286\n|turn|6\n|\n|t:|1733858694\n|switch|p1a: Froslass|Froslass, L87, F|159/263\n|move|p2a: Necrozma|Earthquake|p1a: Froslass\n|-damage|p1a: Froslass|58/263\n|-start|p2a: Necrozma|Disable|Earthquake|[from] ability: Cursed Body|[of] p1a: Froslass\n|-damage|p2a: Necrozma|230/286|[from] item: Life Orb\n|\n|upkeep\n|turn|7\n|\n|t:|1733858707\n|move|p1a: Froslass|Will-O-Wisp|p2a: Necrozma\n|-status|p2a: Necrozma|brn\n|move|p2a: Necrozma|Knock Off|p1a: Froslass\n|-supereffective|p1a: Froslass\n|-damage|p1a: Froslass|0 fnt\n|-enditem|p1a: Froslass|Wide Lens|[from] move: Knock Off|[of] p2a: Necrozma\n|faint|p1a: Froslass\n|-damage|p2a: Necrozma|202/286 brn|[from] item: Life Orb\n|\n|-damage|p2a: Necrozma|185/286 brn|[from] brn\n|upkeep\n|c|\u2606Fishest|WOOO\n|\n|t:|1733858730\n|switch|p1a: Gogoat|Gogoat, L88, F|360/360\n|turn|8\n|\n|t:|1733858745\n|move|p2a: Necrozma|Photon Geyser|p1a: Gogoat\n|-damage|p1a: Gogoat|188/360\n|-damage|p2a: Necrozma|157/286 brn|[from] item: Life Orb\n|move|p1a: Gogoat|Horn Leech|p2a: Necrozma\n|-damage|p2a: Necrozma|67/286 brn\n|-heal|p1a: Gogoat|233/360|[from] drain|[of] p2a: Necrozma\n|\n|-heal|p1a: Gogoat|255/360|[from] item: Leftovers\n|-damage|p2a: Necrozma|50/286 brn|[from] brn\n|upkeep\n|turn|9\n|c|\u2606Fishest|WHAT WAS THAT ANIMATION\n|\n|t:|1733858767\n|switch|p2a: Slowking|Slowking-Galar, L85, M|300/300\n|move|p1a: Gogoat|Horn Leech|p2a: Slowking\n|-resisted|p2a: Slowking\n|-damage|p2a: Slowking|255/300\n|-heal|p1a: Gogoat|278/360|[from] drain|[of] p2a: Slowking\n|\n|-heal|p1a: Gogoat|300/360|[from] item: Leftovers\n|upkeep\n|turn|10\n|c|\u2606min1ko|IT OBLITERATED\n|\n|t:|1733858834\n|switch|p1a: Dragonite|Dragonite, L74, M|257/257\n|move|p2a: Slowking|Future Sight|p1a: Dragonite\n|-start|p2a: Slowking|move: Future Sight\n|\n|upkeep\n|turn|11\n|\n|t:|1733858845\n|move|p1a: Dragonite|Earthquake|p2a: Slowking\n|-supereffective|p2a: Slowking\n|-damage|p2a: Slowking|113/300\n|move|p2a: Slowking|Sludge Bomb|p1a: Dragonite\n|-damage|p1a: Dragonite|201/257\n|-status|p1a: Dragonite|psn\n|\n|-damage|p1a: Dragonite|169/257 psn|[from] psn\n|upkeep\n|turn|12\n|\n|t:|1733858880\n|switch|p2a: Drednaw|Drednaw, L81, M|278/278\n|move|p1a: Dragonite|Dragon Dance|p1a: Dragonite\n|-boost|p1a: Dragonite|atk|1\n|-boost|p1a: Dragonite|spe|1\n|\n|-end|p1a: Dragonite|move: Future Sight\n|-damage|p1a: Dragonite|19/257 psn\n|-damage|p1a: Dragonite|0 fnt|[from] psn\n|faint|p1a: Dragonite\n|upkeep\n|c|\u2606min1ko|HELP>>\n|c|\u2606min1ko|WHAT JUST HAPPENED\n|c|\u2606Fishest|I left and he wasgone hellow\n|c|\u2606Fishest|still not sure how furutre sight works\n|c|\u2606min1ko|what the hell is a future sight\n|c|\u2606min1ko|why did it one shot him\n|\n|t:|1733858952\n|switch|p1a: Gogoat|Gogoat, L88, F|300/360\n|turn|13\n|c|\u2606Fishest|it takes two turns to do damage but It has 140 base power\n|c|\u2606Fishest|there's a way to avoid it\n|c|\u2606min1ko|ohh\n|c|\u2606Fishest|I forgot what it was though\n|c|\u2606min1ko|OH THATS WHAT MY SLOWKING DIDDD\n|c|\u2606Fishest|i got it confused with return\n|c|\u2606Fishest|DO YOU NOT READ THE MOVE DESC\n|\n|t:|1733859007\n|move|p1a: Gogoat|Horn Leech|p2a: Drednaw\n|-supereffective|p2a: Drednaw\n|-damage|p2a: Drednaw|0 fnt\n|-heal|p1a: Gogoat|360/360|[from] drain|[of] p2a: Drednaw\n|faint|p2a: Drednaw\n|\n|upkeep\n|c|\u2606Fishest|anyways bye buue\n|\n|t:|1733859030\n|switch|p2a: Slowking|Slowking-Galar, L85, M|213/300\n|turn|14\n|\n|t:|1733859040\n|move|p1a: Gogoat|Horn Leech|p2a: Slowking\n|-resisted|p2a: Slowking\n|-damage|p2a: Slowking|168/300\n|move|p2a: Slowking|Sludge Bomb|p1a: Gogoat\n|-supereffective|p1a: Gogoat\n|-damage|p1a: Gogoat|132/360\n|-status|p1a: Gogoat|psn\n|\n|-heal|p1a: Gogoat|154/360 psn|[from] item: Leftovers\n|-damage|p1a: Gogoat|109/360 psn|[from] psn\n|upkeep\n|turn|15\n|\n|t:|1733859075\n|move|p1a: Gogoat|Earthquake|p2a: Slowking\n|-supereffective|p2a: Slowking\n|-damage|p2a: Slowking|8/300\n|move|p2a: Slowking|Sludge Bomb|p1a: Gogoat\n|-supereffective|p1a: Gogoat\n|-damage|p1a: Gogoat|0 fnt\n|faint|p1a: Gogoat\n|\n|upkeep\n|c|\u2606min1ko|HOW AM I ALIVE\n|\n|t:|1733859100\n|switch|p1a: Terrakion|Terrakion, L79|128/273\n|turn|16\n|c|\u2606Fishest|slowking is really tanky on the special side so\n|c|\u2606Fishest|wait how did you survive\n|c|\u2606Fishest|that was a physical attack\n|c|\u2606Fishest|also hurry up like\n|c|\u2606Fishest|):<<\n|c|\u2606Fishest|that was mean mb\n|\n|t:|1733859214\n|move|p1a: Terrakion|Quick Attack|p2a: Slowking\n|-damage|p2a: Slowking|0 fnt\n|faint|p2a: Slowking\n|\n|upkeep\n|c|\u2606min1ko|mb\n|\n|t:|1733859222\n|switch|p2a: Rillaboom|Rillaboom, L79, M|288/288\n|-fieldstart|move: Grassy Terrain|[from] ability: Grassy Surge|[of] p2a: Rillaboom\n|turn|17\n|c|\u2606Fishest|hey dide\n|c|\u2606min1ko|:3\n|c|\u2606Fishest|remember your dunsparce\n|c|\u2606min1ko|yeah\n|c|\u2606Fishest|youre not ready  for this\n|\n|t:|1733859274\n|switch|p1a: Dudunsparce|Dudunsparce, L83, F|343/343\n|move|p2a: Rillaboom|Wood Hammer|p1a: Dudunsparce\n|-damage|p1a: Dudunsparce|97/343\n|-damage|p2a: Rillaboom|207/288|[from] Recoil\n|-damage|p2a: Rillaboom|179/288|[from] item: Life Orb\n|\n|-heal|p2a: Rillaboom|197/288|[from] Grassy Terrain\n|-heal|p1a: Dudunsparce|118/343|[from] Grassy Terrain\n|-heal|p1a: Dudunsparce|139/343|[from] item: Leftovers\n|upkeep\n|turn|18\n|c|\u2606min1ko|HELP ME\n|c|\u2606min1ko|HOW THE FUCK DID YOU NOT DIE\n|c|\u2606Fishest|dudunsparce\n|\n|t:|1733859297\n|move|p2a: Rillaboom|Knock Off|p1a: Dudunsparce\n|-damage|p1a: Dudunsparce|36/343\n|-enditem|p1a: Dudunsparce|Leftovers|[from] move: Knock Off|[of] p2a: Rillaboom\n|-damage|p2a: Rillaboom|169/288|[from] item: Life Orb\n|move|p1a: Dudunsparce|Roost|p1a: Dudunsparce\n|-heal|p1a: Dudunsparce|208/343\n|-singleturn|p1a: Dudunsparce|move: Roost\n|\n|-heal|p2a: Rillaboom|187/288|[from] Grassy Terrain\n|-heal|p1a: Dudunsparce|229/343|[from] Grassy Terrain\n|upkeep\n|turn|19\n|c|\u2606min1ko|fuck you\n|\n|t:|1733859309\n|move|p2a: Rillaboom|Wood Hammer|p1a: Dudunsparce\n|-damage|p1a: Dudunsparce|0 fnt\n|faint|p1a: Dudunsparce\n|-damage|p2a: Rillaboom|111/288|[from] Recoil\n|-damage|p2a: Rillaboom|83/288|[from] item: Life Orb\n|\n|-heal|p2a: Rillaboom|101/288|[from] Grassy Terrain\n|upkeep\n|c|\u2606min1ko|YES\n|c|\u2606Fishest|I got your health down 44% and I didn't even attack hello\n|\n|t:|1733859337\n|switch|p1a: Virizion|Virizion, L82|283/283\n|turn|20\n|c|\u2606Fishest|I love verizon\n|c|\u2606min1ko|its the move I used\n|c|\u2606Fishest|ik but still I thought that was funny\n|\n|t:|1733859373\n|switch|p2a: Necrozma|Necrozma, L80|50/286 brn\n|move|p1a: Virizion|Close Combat|p2a: Necrozma\n|-resisted|p2a: Necrozma\n|-damage|p2a: Necrozma|0 fnt\n|-unboost|p1a: Virizion|def|1\n|-unboost|p1a: Virizion|spd|1\n|faint|p2a: Necrozma\n|-damage|p1a: Virizion|255/283|[from] item: Life Orb\n|\n|-heal|p1a: Virizion|272/283|[from] Grassy Terrain\n|upkeep\n|c|\u2606min1ko|uh oh I'm cooked\n|\n|t:|1733859385\n|switch|p2a: Sandslash|Sandslash-Alola, L88, F|275/275\n|turn|21\n|c|\u2606Fishest|why do like all my teamsnow close combat\n|c|\u2606min1ko|SAME\n|\n|t:|1733859414\n|move|p1a: Virizion|Leaf Blade|p2a: Sandslash\n|-resisted|p2a: Sandslash\n|-damage|p2a: Sandslash|224/275\n|-damage|p1a: Virizion|244/283|[from] item: Life Orb\n|move|p2a: Sandslash|Triple Axel|p1a: Virizion\n|-supereffective|p1a: Virizion\n|-damage|p1a: Virizion|158/283\n|-supereffective|p1a: Virizion\n|-damage|p1a: Virizion|0 fnt\n|faint|p1a: Virizion\n|-hitcount|p1: Virizion|2\n|\n|-heal|p2a: Sandslash|241/275|[from] Grassy Terrain\n|-fieldend|move: Grassy Terrain\n|upkeep\n|c|\u2606min1ko|triple Axel is figure skating thing woah\n|c|\u2606min1ko|joink\n|c|\u2606Fishest|I was looking at regular sandlash's resistances...\n|\n|t:|1733859441\n|switch|p1a: Terrakion|Terrakion, L79|128/273\n|turn|22\n|c|\u2606min1ko|HELP\n|\n|t:|1733859448\n|move|p1a: Terrakion|Earthquake|p2a: Sandslash\n|-supereffective|p2a: Sandslash\n|-damage|p2a: Sandslash|49/275\n|move|p2a: Sandslash|Earthquake|p1a: Terrakion\n|-supereffective|p1a: Terrakion\n|-damage|p1a: Terrakion|0 fnt\n|faint|p1a: Terrakion\n|\n|win|min1ko\n|c|\u2606min1ko|I win\n|c|\u2606Fishest|GG\n", "inputlog": ">version bfd83cad13791eb5a5a409923076391caf6fb4d4\n>start {\"formatid\":\"gen9randombattle\",\"seed\":[51551,28213,31493,37592]}\n>player p1 {\"name\":\"Fishest\",\"avatar\":\"silver\",\"rating\":0,\"seed\":[57556,44138,64830,35682]}\n>player p2 {\"name\":\"min1ko\",\"avatar\":\"guitarist\",\"rating\":0,\"seed\":[21585,35027,60513,43407]}\n>chat \u2606min1ko|what the fuck am i\n>chat \u2606min1ko|what is this creature\n>chat \u2606Fishest|ENLJCNLDKJDNL\n>chat \u2606Fishest|NECORSMA\n>chat \u2606Fishest|WHY DO YOU GET NECROZMA\n>chat \u2606min1ko|idk man\n>chat \u2606min1ko|I don't even know what this is\n>p1 switch 4\n>p2 move earthquake\n>p1 move willowisp\n>p2 switch 3\n>chat \u2606min1ko|I got a little goober\n>p1 switch 3\n>p2 move coil\n>p1 move closecombat\n>p2 move earthquake\n>p1 move closecombat\n>p2 move earthquake\n>p2 switch 3\n>p1 switch 3\n>p2 move earthquake\n>p1 move willowisp\n>p2 move knockoff\n>chat \u2606Fishest|WOOO\n>p1 switch 4\n>p1 move hornleech\n>p2 move photongeyser\n>chat \u2606Fishest|WHAT WAS THAT ANIMATION\n>p1 move hornleech\n>p2 switch 4\n>chat \u2606min1ko|IT OBLITERATED \n>p1 switch 6\n>p2 move futuresight\n>p1 move earthquake\n>p2 move sludgebomb\n>p1 move dragondance\n>p2 switch 2\n>chat \u2606min1ko|HELP>>\n>chat \u2606min1ko|WHAT JUST HAPPENED\n>chat \u2606Fishest|I left and he wasgone hellow \n>chat \u2606Fishest|still not sure how furutre sight works\n>chat \u2606min1ko|what the hell is a future sight\n>chat \u2606min1ko|why did it one shot him\n>p1 switch 6\n>chat \u2606Fishest|it takes two turns to do damage but It has 140 base power\n>chat \u2606Fishest|there's a way to avoid it\n>chat \u2606min1ko|ohh\n>chat \u2606Fishest|I forgot what it was though \n>chat \u2606min1ko|OH THATS WHAT MY SLOWKING DIDDD\n>chat \u2606Fishest|i got it confused with return\n>chat \u2606Fishest|DO YOU NOT READ THE MOVE DESC\n>p1 move hornleech\n>p2 move liquidation\n>chat \u2606Fishest|anyways bye buue\n>p2 switch 2\n>p1 move hornleech\n>p2 move sludgebomb\n>p1 move earthquake\n>p2 move sludgebomb\n>chat \u2606min1ko|HOW AM I ALIVE\n>p1 switch 3\n>chat \u2606Fishest|slowking is really tanky on the special side so\n>chat \u2606Fishest|wait how did you survive\n>chat \u2606Fishest|that was a physical attack\n>chat \u2606Fishest|also hurry up like\n>chat \u2606Fishest|):<<\n>chat \u2606Fishest|that was mean mb\n>p1 move quickattack\n>p2 move futuresight\n>chat \u2606min1ko|mb\n>p2 switch 6\n>chat \u2606Fishest|hey dide\n>chat \u2606min1ko|:3\n>chat \u2606Fishest|remember your dunsparce \n>chat \u2606min1ko|yeah\n>chat \u2606Fishest|youre not ready  for this\n>p1 switch 5\n>p2 move woodhammer\n>chat \u2606min1ko|HELP ME\n>chat \u2606min1ko|HOW THE FUCK DID YOU NOT DIE\n>chat \u2606Fishest|dudunsparce\n>p1 move roost\n>p2 move knockoff\n>chat \u2606min1ko|fuck you\n>p1 move glare\n>p2 move woodhammer\n>chat \u2606min1ko|YES\n>chat \u2606Fishest|I got your health down 44% and I didn't even attack hello\n>p1 switch 2\n>chat \u2606Fishest|I love verizon\n>chat \u2606min1ko|its the move I used\n>chat \u2606Fishest|ik but still I thought that was funny\n>p1 move closecombat\n>p2 switch 4\n>chat \u2606min1ko|uh oh I'm cooked\n>p2 switch 5\n>chat \u2606Fishest|why do like all my teamsnow close combat\n>chat \u2606min1ko|SAME\n>p1 move leafblade\n>p2 move tripleaxel\n>chat \u2606min1ko|triple Axel is figure skating thing woah\n>chat \u2606min1ko|joink\n>chat \u2606Fishest|I was looking at regular sandlash's resistances...\n>p1 switch 5\n>chat \u2606min1ko|HELP\n>p1 move earthquake\n>p2 move earthquake", "uploadtime": 1733859458, "views": 11, "formatid": "gen9randombattle", "rating": null, "private": 0, "password": null}