{"id": "gen9randombattle-2207101655", "format": "[Gen 9] Random Battle", "players": ["rb2t tb", "Marrickchill"], "log": "|badge|p2|bronze|gen9randombattle|100-2\n|uhtml|medal-msg|<div class=\"broadcast-blue\">Curious what those medals under the avatar are? PS now has Ladder Seasons! For more information, check out the <a href=\"https://www.smogon.com/forums/threads/3740067/\">thread on Smogon.</a></div>\n|j|\u2606rb2t tb\n|j|\u2606Marrickchill\n|t:|1727001460\n|gametype|singles\n|player|p1|rb2t tb|265|2323\n|player|p2|Marrickchill|266|2253\n|teamsize|p1|6\n|teamsize|p2|6\n|gen|9\n|tier|[Gen 9] Random Battle\n|rated|\n|rule|Species Clause: Limit one of each Pok\u00e9mon\n|rule|HP Percentage Mod: HP is shown in percentages\n|rule|Sleep Clause Mod: Limit one foe put to sleep\n|rule|Illusion Level Mod: Illusion disguises the Pok\u00e9mon's true level\n|\n|t:|1727001460\n|start\n|switch|p1a: Venusaur|Venusaur, L84, M|272/272\n|switch|p2a: Dragonite|Dragonite, L74, F|257/257\n|turn|1\n|inactive|Battle timer is ON: inactive players will automatically lose when time's up. (requested by rb2t tb)\n|\n|t:|1727001472\n|switch|p2a: Zarude|Zarude, L78|292/292\n|move|p1a: Venusaur|Sludge Bomb|p2a: Zarude\n|-supereffective|p2a: Zarude\n|-damage|p2a: Zarude|86/292\n|\n|upkeep\n|turn|2\n|\n|t:|1727001478\n|move|p2a: Zarude|Knock Off|p1a: Venusaur\n|-damage|p1a: Venusaur|123/272\n|-enditem|p1a: Venusaur|Leftovers|[from] move: Knock Off|[of] p2a: Zarude\n|-damage|p2a: Zarude|57/292|[from] item: Life Orb\n|move|p1a: Venusaur|Sludge Bomb|p2a: Zarude\n|-supereffective|p2a: Zarude\n|-damage|p2a: Zarude|0 fnt\n|faint|p2a: Zarude\n|\n|upkeep\n|\n|t:|1727001487\n|switch|p2a: Typhlosion|Typhlosion-Hisui, L83, F|257/257\n|turn|3\n|\n|t:|1727001492\n|move|p2a: Typhlosion|Eruption|p1a: Venusaur\n|-supereffective|p1a: Venusaur\n|-damage|p1a: Venusaur|0 fnt\n|faint|p1a: Venusaur\n|\n|upkeep\n|\n|t:|1727001501\n|switch|p1a: Blaziken|Blaziken, L76, F|247/247\n|turn|4\n|j| Sheik\n|\n|t:|1727001506\n|move|p2a: Typhlosion|Eruption|p1a: Blaziken\n|-resisted|p1a: Blaziken\n|-damage|p1a: Blaziken|77/247\n|move|p1a: Blaziken|Swords Dance|p1a: Blaziken\n|-boost|p1a: Blaziken|atk|2\n|\n|-ability|p1a: Blaziken|Speed Boost|boost\n|-boost|p1a: Blaziken|spe|1\n|upkeep\n|turn|5\n|c| Sheik|LuckerBahji?\n|\n|t:|1727001516\n|switch|p2a: Heracross|Heracross, L80, M|259/259\n|move|p1a: Blaziken|Knock Off|p2a: Heracross\n|-resisted|p2a: Heracross\n|-damage|p2a: Heracross|155/259\n|-enditem|p2a: Heracross|Choice Scarf|[from] move: Knock Off|[of] p1a: Blaziken\n|-damage|p1a: Blaziken|53/247|[from] item: Life Orb\n|\n|-ability|p1a: Blaziken|Speed Boost|boost\n|-boost|p1a: Blaziken|spe|1\n|upkeep\n|turn|6\n|\n|t:|1727001525\n|move|p1a: Blaziken|Flare Blitz|p2a: Heracross\n|-supereffective|p2a: Heracross\n|-damage|p2a: Heracross|0 fnt\n|faint|p2a: Heracross\n|-damage|p1a: Blaziken|2/247|[from] Recoil\n|-damage|p1a: Blaziken|0 fnt|[from] item: Life Orb\n|faint|p1a: Blaziken\n|\n|upkeep\n|\n|t:|1727001533\n|switch|p2a: Typhlosion|Typhlosion-Hisui, L83, F|257/257\n|switch|p1a: Tauros|Tauros, L82, M|257/257\n|turn|7\n|\n|t:|1727001538\n|switch|p2a: Oinkologne|Oinkologne, L92, M|352/352\n|move|p1a: Tauros|Throat Chop|p2a: Oinkologne\n|-damage|p2a: Oinkologne|255/352\n|\n|-heal|p2a: Oinkologne|277/352|[from] item: Leftovers\n|upkeep\n|turn|8\n|\n|t:|1727001546\n|switch|p1a: Dialga|Dialga, L73|266/266\n|-ability|p1a: Dialga|Pressure\n|move|p2a: Oinkologne|Double-Edge|p1a: Dialga\n|-resisted|p1a: Dialga\n|-damage|p1a: Dialga|191/266\n|-damage|p2a: Oinkologne|252/352|[from] Recoil\n|\n|-heal|p1a: Dialga|207/266|[from] item: Leftovers\n|-heal|p2a: Oinkologne|274/352|[from] item: Leftovers\n|upkeep\n|turn|9\n|\n|t:|1727001557\n|move|p1a: Dialga|Stealth Rock|p2a: Oinkologne\n|-sidestart|p2: Marrickchill|move: Stealth Rock\n|move|p2a: Oinkologne|High Horsepower|p1a: Dialga|[miss]\n|-miss|p2a: Oinkologne|p1a: Dialga\n|\n|-heal|p1a: Dialga|223/266|[from] item: Leftovers\n|-heal|p2a: Oinkologne|296/352|[from] item: Leftovers\n|upkeep\n|turn|10\n|c| Sheik|Dialga lmao\n|\n|t:|1727001564\n|move|p1a: Dialga|Heavy Slam|p2a: Oinkologne\n|-damage|p2a: Oinkologne|167/352\n|move|p2a: Oinkologne|High Horsepower|p1a: Dialga\n|-supereffective|p1a: Dialga\n|-damage|p1a: Dialga|85/266\n|\n|-heal|p1a: Dialga|101/266|[from] item: Leftovers\n|-heal|p2a: Oinkologne|189/352|[from] item: Leftovers\n|upkeep\n|turn|11\n|\n|t:|1727001572\n|move|p1a: Dialga|Heavy Slam|p2a: Oinkologne\n|-damage|p2a: Oinkologne|59/352\n|move|p2a: Oinkologne|High Horsepower|p1a: Dialga\n|-supereffective|p1a: Dialga\n|-damage|p1a: Dialga|0 fnt\n|faint|p1a: Dialga\n|\n|-heal|p2a: Oinkologne|81/352|[from] item: Leftovers\n|upkeep\n|\n|t:|1727001576\n|switch|p1a: Smeargle|Smeargle, L95, F|258/258\n|turn|12\n|c| Sheik|Ojo\n|\n|t:|1727001583\n|move|p1a: Smeargle|Spore|p2a: Oinkologne\n|-status|p2a: Oinkologne|slp|[from] move: Spore\n|cant|p2a: Oinkologne|slp\n|\n|-heal|p2a: Oinkologne|103/352 slp|[from] item: Leftovers\n|upkeep\n|turn|13\n|\n|t:|1727001591\n|switch|p2a: Typhlosion|Typhlosion-Hisui, L83, F|257/257\n|-damage|p2a: Typhlosion|193/257|[from] Stealth Rock\n|move|p1a: Smeargle|Shell Smash|p1a: Smeargle\n|-unboost|p1a: Smeargle|def|1\n|-unboost|p1a: Smeargle|spd|1\n|-boost|p1a: Smeargle|atk|2\n|-boost|p1a: Smeargle|spa|2\n|-boost|p1a: Smeargle|spe|2\n|\n|upkeep\n|turn|14\n|\n|t:|1727001600\n|move|p1a: Smeargle|Power Trip|p2a: Typhlosion\n|-supereffective|p2a: Typhlosion\n|-crit|p2a: Typhlosion\n|-damage|p2a: Typhlosion|0 fnt\n|faint|p2a: Typhlosion\n|\n|upkeep\n|\n|t:|1727001606\n|switch|p2a: Dragonite|Dragonite, L74, F|257/257\n|turn|15\n|c| Sheik|LMFAOOOOOOOOO\n|\n|t:|1727001616\n|-terastallize|p2a: Dragonite|Steel\n|move|p1a: Smeargle|Population Bomb|p2a: Dragonite\n|-resisted|p2a: Dragonite\n|-damage|p2a: Dragonite|248/257\n|-resisted|p2a: Dragonite\n|-crit|p2a: Dragonite\n|-damage|p2a: Dragonite|224/257\n|-resisted|p2a: Dragonite\n|-damage|p2a: Dragonite|206/257\n|-resisted|p2a: Dragonite\n|-damage|p2a: Dragonite|188/257\n|-resisted|p2a: Dragonite\n|-damage|p2a: Dragonite|170/257\n|-resisted|p2a: Dragonite\n|-damage|p2a: Dragonite|152/257\n|-resisted|p2a: Dragonite\n|-damage|p2a: Dragonite|134/257\n|-resisted|p2a: Dragonite\n|-damage|p2a: Dragonite|116/257\n|-resisted|p2a: Dragonite\n|-damage|p2a: Dragonite|99/257\n|-resisted|p2a: Dragonite\n|-damage|p2a: Dragonite|81/257\n|-hitcount|p2a: Dragonite|10\n|move|p2a: Dragonite|Dragon Dance|p2a: Dragonite\n|-boost|p2a: Dragonite|atk|1\n|-boost|p2a: Dragonite|spe|1\n|\n|upkeep\n|turn|16\n|-message|Marrickchill forfeited.\n|\n|win|rb2t tb\n|raw|rb2t tb's rating: 2323 &rarr; <strong>2339</strong><br />(+16 for winning)\n|raw|Marrickchill's rating: 2253 &rarr; <strong>2237</strong><br />(-16 for losing)\n|l|\u2606Marrickchill\n|player|p2|\n|l|\u2606rb2t tb\n|player|p1|\n|c| Sheik|LOOOOOOOOOOL\n", "inputlog": ">version ddf5848a381b6afa3b8db755b9bdef59b522c4eb\n>start {\"formatid\":\"gen9randombattle\",\"seed\":[7506,55109,7279,23395],\"rated\":\"Rated battle\"}\n>player p1 {\"name\":\"rb2t tb\",\"avatar\":\"265\",\"rating\":2323,\"seed\":[28870,28319,39977,44190]}\n>player p2 {\"name\":\"Marrickchill\",\"avatar\":\"266\",\"rating\":2253,\"seed\":[16066,21141,60042,27760]}\n>p1 move sludgebomb\n>p2 switch 4\n>p1 move sludgebomb\n>p2 move knockoff\n>p2 switch 5\n>p1 move toxic\n>p2 move eruption\n>p1 switch 5\n>p1 move swordsdance\n>p2 move eruption\n>chat  Sheik|LuckerBahji?\n>p1 move knockoff\n>p2 switch 3\n>p1 move flareblitz\n>p2 move earthquake\n>p1 switch 2\n>p2 switch 3\n>p1 move throatchop\n>p2 switch 6\n>p1 switch 6\n>p2 move doubleedge\n>p1 move stealthrock\n>p2 move highhorsepower\n>chat  Sheik|Dialga lmao\n>p1 move heavyslam\n>p2 move highhorsepower\n>p1 move heavyslam\n>p2 move highhorsepower\n>p1 switch 3\n>chat  Sheik|Ojo\n>p1 move spore\n>p2 move doubleedge\n>p1 move shellsmash\n>p2 switch 6\n>p1 move powertrip\n>p2 move fireblast\n>p2 switch 4\n>chat  Sheik|LMFAOOOOOOOOO\n>p1 move populationbomb\n>p2 move dragondance terastallize\n>forcelose p2", "uploadtime": 1727001647, "views": 84, "formatid": "gen9randombattle", "rating": 2237, "private": 0, "password": null}