{"id": "gen9randombattle-2260567671", "format": "[Gen 9] Random Battle", "players": ["Lamb and Wolff", "RichieIsTheBest"], "log": "|j|\u2606Lamb and Wolff\n|j|\u2606RichieIsTheBest\n|t:|1733864371\n|gametype|singles\n|player|p1|Lamb and Wolff|lass-gen4dp|1273\n|player|p2|RichieIsTheBest|1|1232\n|teamsize|p1|6\n|teamsize|p2|6\n|gen|9\n|tier|[Gen 9] Random Battle\n|rated|\n|rule|Species Clause: Limit one of each Pok\u00e9mon\n|rule|HP Percentage Mod: HP is shown in percentages\n|rule|Sleep Clause Mod: Limit one foe put to sleep\n|rule|Illusion Level Mod: Illusion disguises the Pok\u00e9mon's true level\n|\n|t:|1733864371\n|start\n|switch|p1a: Espathra|Espathra, L80, M|283/283\n|switch|p2a: Cloyster|Cloyster, L80, F|211/211\n|turn|1\n|\n|t:|1733864389\n|switch|p2a: Moltres|Moltres-Galar, L79|271/271\n|move|p1a: Espathra|Calm Mind|p1a: Espathra\n|-boost|p1a: Espathra|spa|1\n|-boost|p1a: Espathra|spd|1\n|\n|-ability|p1a: Espathra|Speed Boost|boost\n|-boost|p1a: Espathra|spe|1\n|upkeep\n|turn|2\n|inactive|Battle timer is ON: inactive players will automatically lose when time's up. (requested by RichieIsTheBest)\n|\n|t:|1733864407\n|move|p1a: Espathra|Calm Mind|p1a: Espathra\n|-boost|p1a: Espathra|spa|1\n|-boost|p1a: Espathra|spd|1\n|move|p2a: Moltres|Nasty Plot|p2a: Moltres\n|-boost|p2a: Moltres|spa|2\n|\n|-ability|p1a: Espathra|Speed Boost|boost\n|-boost|p1a: Espathra|spe|1\n|upkeep\n|turn|3\n|\n|t:|1733864422\n|-terastallize|p1a: Espathra|Fairy\n|move|p1a: Espathra|Calm Mind|p1a: Espathra\n|-boost|p1a: Espathra|spa|1\n|-boost|p1a: Espathra|spd|1\n|move|p2a: Moltres|Fiery Wrath|p1a: Espathra\n|-resisted|p1a: Espathra\n|-damage|p1a: Espathra|232/283\n|\n|-heal|p1a: Espathra|249/283|[from] item: Leftovers\n|-ability|p1a: Espathra|Speed Boost|boost\n|-boost|p1a: Espathra|spe|1\n|upkeep\n|turn|4\n|\n|t:|1733864433\n|move|p1a: Espathra|Substitute|p1a: Espathra\n|-start|p1a: Espathra|Substitute\n|-damage|p1a: Espathra|179/283\n|move|p2a: Moltres|Hurricane|p1a: Espathra|[miss]\n|-miss|p2a: Moltres|p1a: Espathra\n|\n|-heal|p1a: Espathra|196/283|[from] item: Leftovers\n|-ability|p1a: Espathra|Speed Boost|boost\n|-boost|p1a: Espathra|spe|1\n|upkeep\n|turn|5\n|\n|t:|1733864445\n|switch|p2a: Toxtricity|Toxtricity, L82, M|257/257\n|move|p1a: Espathra|Calm Mind|p1a: Espathra\n|-boost|p1a: Espathra|spa|1\n|-boost|p1a: Espathra|spd|1\n|\n|-heal|p1a: Espathra|213/283|[from] item: Leftovers\n|-ability|p1a: Espathra|Speed Boost|boost\n|-boost|p1a: Espathra|spe|1\n|upkeep\n|turn|6\n|\n|t:|1733864460\n|move|p1a: Espathra|Stored Power|p2a: Toxtricity\n|-supereffective|p2a: Toxtricity\n|-damage|p2a: Toxtricity|0 fnt\n|faint|p2a: Toxtricity\n|\n|-heal|p1a: Espathra|230/283|[from] item: Leftovers\n|-ability|p1a: Espathra|Speed Boost|boost\n|-boost|p1a: Espathra|spe|1\n|upkeep\n|inactive|RichieIsTheBest has 120 seconds left.\n|inactive|RichieIsTheBest has 90 seconds left.\n|\n|t:|1733864516\n|switch|p2a: Bombirdier|Bombirdier, L85, F|258/258\n|turn|7\n|\n|t:|1733864523\n|move|p1a: Espathra|Dazzling Gleam|p2a: Bombirdier\n|-supereffective|p2a: Bombirdier\n|-damage|p2a: Bombirdier|0 fnt\n|faint|p2a: Bombirdier\n|\n|-heal|p1a: Espathra|247/283|[from] item: Leftovers\n|upkeep\n|-message|RichieIsTheBest forfeited.\n|\n|win|Lamb and Wolff\n|raw|Lamb and Wolff's rating: 1273 &rarr; <strong>1295</strong><br />(+22 for winning)\n|raw|RichieIsTheBest's rating: 1232 &rarr; <strong>1210</strong><br />(-22 for losing)\n|l|\u2606RichieIsTheBest\n|player|p2|\n", "inputlog": ">version bfd83cad13791eb5a5a409923076391caf6fb4d4\n>start {\"formatid\":\"gen9randombattle\",\"seed\":[32241,712,12321,27815],\"rated\":\"Rated battle\"}\n>player p1 {\"name\":\"Lamb and Wolff\",\"avatar\":\"lass-gen4dp\",\"rating\":1273,\"seed\":[32726,49608,48299,27377]}\n>player p2 {\"name\":\"RichieIsTheBest\",\"avatar\":\"1\",\"rating\":1232,\"seed\":[4057,29140,57212,53875]}\n>p1 move calmmind\n>p2 switch 6\n>p1 move calmmind\n>p2 move nastyplot\n>p1 move calmmind terastallize\n>p2 move fierywrath\n>p1 move substitute\n>p2 move hurricane\n>p1 move calmmind\n>p2 switch 5\n>p1 move storedpower\n>p2 move sludgewave\n>p2 switch 2\n>p1 move dazzlinggleam\n>p2 move knockoff\n>forcelose p2", "uploadtime": 1733864606, "views": 1, "formatid": "gen9randombattle", "rating": 1210, "private": 0, "password": null}