{"id": "gen9randombattle-2260799135", "format": "[Gen 9] Random Battle", "players": ["Valenteddi", "Grimgars"], "log": "|j|\u2606Valenteddi\n|j|\u2606Grimgars\n|t:|1733894034\n|gametype|singles\n|player|p1|Valenteddi|alec-anime|1636\n|player|p2|Grimgars|169|1628\n|teamsize|p1|6\n|teamsize|p2|6\n|gen|9\n|tier|[Gen 9] Random Battle\n|rated|\n|rule|Species Clause: Limit one of each Pok\u00e9mon\n|rule|HP Percentage Mod: HP is shown in percentages\n|rule|Sleep Clause Mod: Limit one foe put to sleep\n|rule|Illusion Level Mod: Illusion disguises the Pok\u00e9mon's true level\n|\n|t:|1733894034\n|start\n|switch|p1a: Copperajah|Copperajah, L86, F|350/350\n|switch|p2a: Mismagius|Mismagius, L86, F|243/243\n|turn|1\n|\n|t:|1733894059\n|switch|p2a: Vespiquen|Vespiquen, L98, F|296/296\n|-ability|p2a: Vespiquen|Pressure\n|move|p1a: Copperajah|Iron Head|p2a: Vespiquen\n|-damage|p2a: Vespiquen|147/296\n|\n|upkeep\n|turn|2\n|\n|t:|1733894068\n|move|p2a: Vespiquen|Toxic Spikes|p1a: Copperajah\n|-sidestart|p1: Valenteddi|move: Toxic Spikes\n|move|p1a: Copperajah|Stealth Rock|p2a: Vespiquen\n|-sidestart|p2: Grimgars|move: Stealth Rock\n|\n|upkeep\n|turn|3\n|\n|t:|1733894080\n|move|p2a: Vespiquen|Toxic Spikes|p1a: Copperajah\n|-sidestart|p1: Valenteddi|move: Toxic Spikes\n|move|p1a: Copperajah|Iron Head|p2a: Vespiquen\n|-damage|p2a: Vespiquen|9/296\n|\n|upkeep\n|turn|4\n|\n|t:|1733894095\n|move|p2a: Vespiquen|Roost|p2a: Vespiquen\n|-heal|p2a: Vespiquen|157/296\n|-singleturn|p2a: Vespiquen|move: Roost\n|move|p1a: Copperajah|Iron Head|p2a: Vespiquen\n|-damage|p2a: Vespiquen|23/296\n|\n|upkeep\n|turn|5\n|\n|t:|1733894104\n|move|p2a: Vespiquen|Spikes|p1a: Copperajah\n|-sidestart|p1: Valenteddi|Spikes\n|move|p1a: Copperajah|Iron Head|p2a: Vespiquen\n|-damage|p2a: Vespiquen|0 fnt\n|faint|p2a: Vespiquen\n|\n|upkeep\n|\n|t:|1733894114\n|switch|p2a: Morpeko|Morpeko, L88, F|245/245\n|turn|6\n|\n|t:|1733894123\n|move|p2a: Morpeko|Rapid Spin|p1a: Copperajah\n|-resisted|p1a: Copperajah\n|-damage|p1a: Copperajah|326/350\n|-boost|p2a: Morpeko|spe|1\n|-sideend|p2: Grimgars|Stealth Rock|[from] move: Rapid Spin|[of] p2a: Morpeko\n|move|p1a: Copperajah|Play Rough|p2a: Morpeko\n|-supereffective|p2a: Morpeko\n|-damage|p2a: Morpeko|0 fnt\n|faint|p2a: Morpeko\n|\n|upkeep\n|\n|t:|1733894142\n|switch|p2a: Meloetta|Meloetta, L82|298/298\n|turn|7\n|\n|t:|1733894152\n|move|p2a: Meloetta|Focus Blast|p1a: Copperajah\n|-supereffective|p1a: Copperajah\n|-damage|p1a: Copperajah|30/350\n|-damage|p2a: Meloetta|269/298|[from] item: Life Orb\n|move|p1a: Copperajah|Iron Head|p2a: Meloetta\n|-damage|p2a: Meloetta|66/298\n|\n|upkeep\n|turn|8\n|inactive|Battle timer is ON: inactive players will automatically lose when time's up. (requested by Grimgars)\n|\n|t:|1733894164\n|move|p2a: Meloetta|Hyper Voice|p1a: Copperajah\n|-resisted|p1a: Copperajah\n|-damage|p1a: Copperajah|0 fnt\n|faint|p1a: Copperajah\n|-damage|p2a: Meloetta|37/298|[from] item: Life Orb\n|\n|upkeep\n|\n|t:|1733894168\n|switch|p1a: Metagross|Metagross, L79|256/256\n|-damage|p1a: Metagross|224/256|[from] Spikes\n|turn|9\n|\n|t:|1733894180\n|move|p2a: Meloetta|Focus Blast|p1a: Metagross\n|-damage|p1a: Metagross|97/256\n|-damage|p2a: Meloetta|8/298|[from] item: Life Orb\n|move|p1a: Metagross|Knock Off|p2a: Meloetta\n|-supereffective|p2a: Meloetta\n|-damage|p2a: Meloetta|0 fnt\n|-enditem|p2a: Meloetta|Life Orb|[from] move: Knock Off|[of] p1a: Metagross\n|faint|p2a: Meloetta\n|\n|upkeep\n|\n|t:|1733894193\n|switch|p2a: Mismagius|Mismagius, L86, F|243/243\n|turn|10\n|\n|t:|1733894218\n|switch|p1a: Flygon|Flygon, L82, M|265/265\n|move|p2a: Mismagius|Substitute|p2a: Mismagius\n|-start|p2a: Mismagius|Substitute\n|-damage|p2a: Mismagius|183/243\n|\n|-heal|p2a: Mismagius|198/243|[from] item: Leftovers\n|upkeep\n|turn|11\n|\n|t:|1733894239\n|move|p2a: Mismagius|Nasty Plot|p2a: Mismagius\n|-boost|p2a: Mismagius|spa|2\n|move|p1a: Flygon|Stone Edge|p2a: Mismagius\n|-end|p2a: Mismagius|Substitute\n|\n|-heal|p2a: Mismagius|213/243|[from] item: Leftovers\n|upkeep\n|turn|12\n|\n|t:|1733894248\n|move|p2a: Mismagius|Shadow Ball|p1a: Flygon\n|-damage|p1a: Flygon|52/265\n|-unboost|p1a: Flygon|spd|1\n|move|p1a: Flygon|Stone Edge|p2a: Mismagius\n|-damage|p2a: Mismagius|78/243\n|\n|-heal|p2a: Mismagius|93/243|[from] item: Leftovers\n|upkeep\n|turn|13\n|\n|t:|1733894258\n|move|p2a: Mismagius|Shadow Ball|p1a: Flygon\n|-crit|p1a: Flygon\n|-damage|p1a: Flygon|0 fnt\n|faint|p1a: Flygon\n|\n|-heal|p2a: Mismagius|108/243|[from] item: Leftovers\n|upkeep\n|\n|t:|1733894262\n|switch|p1a: Deoxys|Deoxys-Attack, L72|191/191\n|-status|p1a: Deoxys|tox\n|-damage|p1a: Deoxys|168/191 tox|[from] Spikes\n|-ability|p1a: Deoxys|Pressure\n|turn|14\n|\n|t:|1733894278\n|-terastallize|p2a: Mismagius|Fighting\n|move|p1a: Deoxys|Knock Off|p2a: Mismagius\n|-resisted|p2a: Mismagius\n|-damage|p2a: Mismagius|35/243\n|-enditem|p2a: Mismagius|Leftovers|[from] move: Knock Off|[of] p1a: Deoxys\n|-damage|p1a: Deoxys|149/191 tox|[from] item: Life Orb\n|move|p2a: Mismagius|Shadow Ball|p1a: Deoxys\n|-supereffective|p1a: Deoxys\n|-damage|p1a: Deoxys|0 fnt\n|faint|p1a: Deoxys\n|\n|upkeep\n|\n|t:|1733894286\n|switch|p1a: Metagross|Metagross, L79|97/256\n|-damage|p1a: Metagross|65/256|[from] Spikes\n|turn|15\n|\n|t:|1733894294\n|move|p1a: Metagross|Bullet Punch|p2a: Mismagius\n|-damage|p2a: Mismagius|0 fnt\n|faint|p2a: Mismagius\n|\n|upkeep\n|\n|t:|1733894298\n|switch|p2a: Kyogre|Kyogre, L71|259/259\n|-weather|RainDance|[from] ability: Drizzle|[of] p2a: Kyogre\n|turn|16\n|\n|t:|1733894308\n|move|p1a: Metagross|Bullet Punch|p2a: Kyogre\n|-resisted|p2a: Kyogre\n|-damage|p2a: Kyogre|220/259\n|move|p2a: Kyogre|Thunder|p1a: Metagross\n|-damage|p1a: Metagross|0 fnt\n|faint|p1a: Metagross\n|\n|-weather|RainDance|[upkeep]\n|-heal|p2a: Kyogre|236/259|[from] item: Leftovers\n|upkeep\n|\n|t:|1733894317\n|switch|p1a: Bellossom|Bellossom, L84, F|263/263\n|-status|p1a: Bellossom|tox\n|-damage|p1a: Bellossom|231/263 tox|[from] Spikes\n|turn|17\n|\n|t:|1733894338\n|move|p2a: Kyogre|Ice Beam|p1a: Bellossom\n|-supereffective|p1a: Bellossom\n|-damage|p1a: Bellossom|105/263 tox\n|move|p1a: Bellossom|Quiver Dance|p1a: Bellossom\n|-boost|p1a: Bellossom|spa|1\n|-boost|p1a: Bellossom|spd|1\n|-boost|p1a: Bellossom|spe|1\n|\n|-weather|RainDance|[upkeep]\n|-heal|p1a: Bellossom|121/263 tox|[from] item: Leftovers\n|-heal|p2a: Kyogre|252/259|[from] item: Leftovers\n|-damage|p1a: Bellossom|105/263 tox|[from] psn\n|upkeep\n|turn|18\n|\n|t:|1733894354\n|-terastallize|p1a: Bellossom|Fire\n|move|p1a: Bellossom|Giga Drain|p2a: Kyogre\n|-supereffective|p2a: Kyogre\n|-damage|p2a: Kyogre|78/259\n|-heal|p1a: Bellossom|192/263 tox|[from] drain|[of] p2a: Kyogre\n|move|p2a: Kyogre|Ice Beam|p1a: Bellossom\n|-resisted|p1a: Bellossom\n|-crit|p1a: Bellossom\n|-damage|p1a: Bellossom|148/263 tox\n|\n|-weather|RainDance|[upkeep]\n|-heal|p1a: Bellossom|164/263 tox|[from] item: Leftovers\n|-heal|p2a: Kyogre|94/259|[from] item: Leftovers\n|-damage|p1a: Bellossom|132/263 tox|[from] psn\n|upkeep\n|turn|19\n|\n|t:|1733894368\n|move|p1a: Bellossom|Giga Drain|p2a: Kyogre\n|-supereffective|p2a: Kyogre\n|-crit|p2a: Kyogre\n|-damage|p2a: Kyogre|0 fnt\n|-heal|p1a: Bellossom|179/263 tox|[from] drain|[of] p2a: Kyogre\n|faint|p2a: Kyogre\n|\n|-weather|RainDance|[upkeep]\n|-heal|p1a: Bellossom|195/263 tox|[from] item: Leftovers\n|-damage|p1a: Bellossom|147/263 tox|[from] psn\n|upkeep\n|\n|t:|1733894378\n|switch|p2a: Glastrier|Glastrier, L86|312/312\n|turn|20\n|\n|t:|1733894387\n|move|p1a: Bellossom|Strength Sap|p2a: Glastrier\n|-unboost|p2a: Glastrier|atk|1\n|-heal|p1a: Bellossom|263/263 tox\n|move|p2a: Glastrier|Close Combat|p1a: Bellossom\n|-damage|p1a: Bellossom|191/263 tox\n|-unboost|p2a: Glastrier|def|1\n|-unboost|p2a: Glastrier|spd|1\n|\n|-weather|none\n|-heal|p1a: Bellossom|207/263 tox|[from] item: Leftovers\n|-damage|p1a: Bellossom|143/263 tox|[from] psn\n|upkeep\n|turn|21\n|\n|t:|1733894403\n|move|p1a: Bellossom|Tera Blast|p2a: Glastrier|[anim] Tera Blast Fire\n|-supereffective|p2a: Glastrier\n|-damage|p2a: Glastrier|22/312\n|move|p2a: Glastrier|Swords Dance|p2a: Glastrier\n|-boost|p2a: Glastrier|atk|2\n|\n|-heal|p1a: Bellossom|159/263 tox|[from] item: Leftovers\n|-damage|p1a: Bellossom|79/263 tox|[from] psn\n|upkeep\n|turn|22\n|-message|Grimgars forfeited.\n|\n|win|Valenteddi\n|raw|Valenteddi's rating: 1636 &rarr; <strong>1656</strong><br />(+20 for winning)\n|raw|Grimgars's rating: 1628 &rarr; <strong>1608</strong><br />(-20 for losing)\n|l|\u2606Grimgars\n|player|p2|\n", "inputlog": ">version bfd83cad13791eb5a5a409923076391caf6fb4d4\n>start {\"formatid\":\"gen9randombattle\",\"seed\":[4914,50095,59064,17589],\"rated\":\"Rated battle\"}\n>player p1 {\"name\":\"Valenteddi\",\"avatar\":\"alec-anime\",\"rating\":1636,\"seed\":[22005,19469,64658,53735]}\n>player p2 {\"name\":\"Grimgars\",\"avatar\":\"169\",\"rating\":1628,\"seed\":[10279,19730,46953,3963]}\n>p1 move ironhead\n>p2 switch 6\n>p1 move stealthrock\n>p2 move toxicspikes\n>p1 move ironhead\n>p2 move toxicspikes\n>p1 move ironhead\n>p2 move roost\n>p1 move ironhead\n>p2 move spikes\n>p2 switch 3\n>p1 move playrough\n>p2 move rapidspin\n>p2 switch 4\n>p1 move ironhead\n>p2 move focusblast\n>p1 move ironhead\n>p2 move hypervoice\n>p1 switch 2\n>p1 move knockoff\n>p2 move focusblast\n>p2 switch 6\n>p1 switch 4\n>p2 move substitute\n>p1 move stoneedge\n>p2 move nastyplot\n>p1 move stoneedge\n>p2 move shadowball\n>p1 move stoneedge\n>p2 move shadowball\n>p1 switch 3\n>p1 move knockoff\n>p2 move shadowball terastallize\n>p1 switch 4\n>p1 move bulletpunch\n>p2 move shadowball\n>p2 switch 5\n>p1 move bulletpunch\n>p2 move thunder\n>p1 switch 5\n>p1 move quiverdance\n>p2 move icebeam\n>p1 move gigadrain terastallize\n>p2 move icebeam\n>p1 move gigadrain\n>p2 move originpulse\n>p2 switch 2\n>p1 move strengthsap\n>p2 move closecombat\n>p1 move terablast\n>p2 move swordsdance\n>forcelose p2", "uploadtime": 1733894412, "views": 1, "formatid": "gen9randombattle", "rating": 1608, "private": 0, "password": null}