{"id": "gen9randombattle-2160987892", "format": "[Gen 9] Random Battle", "players": ["Arxz", "bachir3"], "log": "|j|\u2606Arxz\n|j|\u2606bachir3\n|t:|1720996881\n|gametype|singles\n|player|p1|Arxz|hoopster|2233\n|player|p2|bachir3|harlequin|2238\n|teamsize|p1|6\n|teamsize|p2|6\n|gen|9\n|tier|[Gen 9] Random Battle\n|rated|\n|rule|Species Clause: Limit one of each Pok\u00e9mon\n|rule|HP Percentage Mod: HP is shown in percentages\n|rule|Sleep Clause Mod: Limit one foe put to sleep\n|rule|Illusion Level Mod: Illusion disguises the Pok\u00e9mon's true level\n|\n|t:|1720996881\n|start\n|switch|p1a: Uxie|Uxie, L83|260/260\n|switch|p2a: Pelipper|Pelipper, L86, F|243/243\n|-weather|RainDance|[from] ability: Drizzle|[of] p2a: Pelipper\n|turn|1\n|inactive|Battle timer is ON: inactive players will automatically lose when time's up. (requested by Arxz)\n|\n|t:|1720996906\n|move|p1a: Uxie|Psychic Noise|p2a: Pelipper\n|-damage|p2a: Pelipper|173/243\n|-start|p2a: Pelipper|move: Heal Block\n|move|p2a: Pelipper|Surf|p1a: Uxie\n|-damage|p1a: Uxie|101/260\n|\n|-weather|RainDance|[upkeep]\n|-heal|p1a: Uxie|117/260|[from] item: Leftovers\n|upkeep\n|turn|2\n|\n|t:|1720996917\n|move|p1a: Uxie|Stealth Rock|p2a: Pelipper\n|-sidestart|p2: bachir3|move: Stealth Rock\n|move|p2a: Pelipper|Surf|p1a: Uxie\n|-damage|p1a: Uxie|0 fnt\n|faint|p1a: Uxie\n|\n|-weather|RainDance|[upkeep]\n|-end|p2a: Pelipper|move: Heal Block\n|upkeep\n|\n|t:|1720996921\n|switch|p1a: Golem|Golem, L87, M|281/281\n|turn|3\n|\n|t:|1720996938\n|move|p2a: Pelipper|Surf|p1a: Golem\n|-supereffective|p1a: Golem\n|-ability|p1a: Golem|Sturdy\n|-damage|p1a: Golem|1/281\n|-enditem|p1a: Golem|Weakness Policy\n|-boost|p1a: Golem|atk|2|[from] item: Weakness Policy\n|-boost|p1a: Golem|spa|2|[from] item: Weakness Policy\n|move|p1a: Golem|Stone Edge|p2a: Pelipper\n|-supereffective|p2a: Pelipper\n|-crit|p2a: Pelipper\n|-damage|p2a: Pelipper|0 fnt\n|faint|p2a: Pelipper\n|\n|-weather|RainDance|[upkeep]\n|upkeep\n|\n|t:|1720996954\n|switch|p2a: Lumineon|Lumineon, L93, F|279/279\n|turn|4\n|\n|t:|1720996966\n|move|p2a: Lumineon|Ice Beam|p1a: Golem\n|-supereffective|p1a: Golem\n|-damage|p1a: Golem|0 fnt\n|faint|p1a: Golem\n|\n|-weather|RainDance|[upkeep]\n|upkeep\n|\n|t:|1720996979\n|switch|p1a: Necrozma|Necrozma, L81|290/290\n|turn|5\n|\n|t:|1720996986\n|move|p2a: Lumineon|Hydro Pump|p1a: Necrozma\n|-damage|p1a: Necrozma|115/290\n|move|p1a: Necrozma|Photon Geyser|p2a: Lumineon\n|-damage|p2a: Lumineon|174/279\n|\n|-weather|none\n|-heal|p1a: Necrozma|133/290|[from] item: Leftovers\n|upkeep\n|turn|6\n|\n|t:|1720997004\n|move|p2a: Lumineon|Ice Beam|p1a: Necrozma\n|-damage|p1a: Necrozma|68/290\n|move|p1a: Necrozma|Moonlight|p1a: Necrozma\n|-heal|p1a: Necrozma|213/290\n|\n|-heal|p1a: Necrozma|231/290|[from] item: Leftovers\n|upkeep\n|turn|7\n|\n|t:|1720997013\n|move|p2a: Lumineon|Encore|p1a: Necrozma\n|-start|p1a: Necrozma|Encore\n|move|p1a: Necrozma|Moonlight|p1a: Necrozma\n|-heal|p1a: Necrozma|290/290\n|\n|upkeep\n|turn|8\n|\n|t:|1720997020\n|move|p2a: Lumineon|Ice Beam|p1a: Necrozma\n|-damage|p1a: Necrozma|233/290\n|move|p1a: Necrozma|Moonlight|p1a: Necrozma\n|-heal|p1a: Necrozma|290/290\n|\n|upkeep\n|turn|9\n|\n|t:|1720997025\n|move|p2a: Lumineon|Ice Beam|p1a: Necrozma\n|-damage|p1a: Necrozma|229/290\n|-status|p1a: Necrozma|frz\n|cant|p1a: Necrozma|frz\n|\n|-heal|p1a: Necrozma|247/290 frz|[from] item: Leftovers\n|-end|p1a: Necrozma|Encore\n|upkeep\n|turn|10\n|\n|t:|1720997030\n|move|p2a: Lumineon|Hydro Pump|p1a: Necrozma\n|-damage|p1a: Necrozma|139/290 frz\n|cant|p1a: Necrozma|frz\n|\n|-heal|p1a: Necrozma|157/290 frz|[from] item: Leftovers\n|upkeep\n|turn|11\n|\n|t:|1720997034\n|move|p2a: Lumineon|Hydro Pump|p1a: Necrozma\n|-damage|p1a: Necrozma|33/290 frz\n|-curestatus|p1a: Necrozma|frz|[msg]\n|move|p1a: Necrozma|Moonlight|p1a: Necrozma\n|-heal|p1a: Necrozma|178/290\n|\n|-heal|p1a: Necrozma|196/290|[from] item: Leftovers\n|upkeep\n|turn|12\n|\n|t:|1720997040\n|switch|p1a: Sandy Shocks|Sandy Shocks, L80|267/267\n|move|p2a: Lumineon|Encore||[still]\n|-fail|p2a: Lumineon\n|\n|upkeep\n|turn|13\n|\n|t:|1720997056\n|move|p2a: Lumineon|Hydro Pump|p1a: Sandy Shocks\n|-supereffective|p1a: Sandy Shocks\n|-damage|p1a: Sandy Shocks|27/267\n|move|p1a: Sandy Shocks|Thunderbolt|p2a: Lumineon\n|-supereffective|p2a: Lumineon\n|-damage|p2a: Lumineon|0 fnt\n|faint|p2a: Lumineon\n|\n|upkeep\n|\n|t:|1720997069\n|switch|p2a: Delphox|Delphox, L84, M|263/263\n|-damage|p2a: Delphox|198/263|[from] Stealth Rock\n|turn|14\n|\n|t:|1720997082\n|move|p2a: Delphox|Fire Blast|p1a: Sandy Shocks\n|-damage|p1a: Sandy Shocks|0 fnt\n|faint|p1a: Sandy Shocks\n|-end|p1a: Sandy Shocks|Protosynthesis|[silent]\n|\n|upkeep\n|\n|t:|1720997091\n|switch|p1a: Kommo-o|Kommo-o, L78, M|245/245\n|turn|15\n|\n|t:|1720997114\n|switch|p2a: Copperajah|Copperajah, L86, M|350/350\n|-damage|p2a: Copperajah|329/350|[from] Stealth Rock\n|move|p1a: Kommo-o|Scale Shot|p2a: Copperajah\n|-resisted|p2a: Copperajah\n|-damage|p2a: Copperajah|312/350\n|-resisted|p2a: Copperajah\n|-crit|p2a: Copperajah\n|-damage|p2a: Copperajah|287/350\n|-resisted|p2a: Copperajah\n|-damage|p2a: Copperajah|272/350\n|-resisted|p2a: Copperajah\n|-damage|p2a: Copperajah|257/350\n|-hitcount|p2a: Copperajah|4\n|-unboost|p1a: Kommo-o|def|1\n|-boost|p1a: Kommo-o|spe|1\n|\n|upkeep\n|turn|16\n|inactive|bachir3 has 120 seconds left.\n|\n|t:|1720997140\n|switch|p1a: Necrozma|Necrozma, L81|196/290\n|move|p2a: Copperajah|Earthquake|p1a: Necrozma\n|-damage|p1a: Necrozma|84/290\n|-damage|p2a: Copperajah|222/350|[from] item: Life Orb\n|\n|-heal|p1a: Necrozma|102/290|[from] item: Leftovers\n|upkeep\n|turn|17\n|inactive|bachir3 has 120 seconds left.\n|\n|t:|1720997156\n|switch|p2a: Drifblim|Drifblim, L86, M|396/396\n|-damage|p2a: Drifblim|297/396|[from] Stealth Rock\n|move|p1a: Necrozma|Moonlight|p1a: Necrozma\n|-heal|p1a: Necrozma|247/290\n|\n|-heal|p1a: Necrozma|265/290|[from] item: Leftovers\n|upkeep\n|turn|18\n|\n|t:|1720997174\n|switch|p1a: Maushold|Maushold-Four, L76|238/238\n|move|p2a: Drifblim|Calm Mind|p2a: Drifblim\n|-boost|p2a: Drifblim|spa|1\n|-boost|p2a: Drifblim|spd|1\n|\n|upkeep\n|turn|19\n|\n|t:|1720997181\n|move|p1a: Maushold|Encore|p2a: Drifblim\n|-start|p2a: Drifblim|Encore\n|move|p2a: Drifblim|Calm Mind|p2a: Drifblim\n|-boost|p2a: Drifblim|spa|1\n|-boost|p2a: Drifblim|spd|1\n|\n|upkeep\n|turn|20\n|inactive|bachir3 has 120 seconds left.\n|\n|t:|1720997190\n|switch|p2a: Toxtricity|Toxtricity, L82, F|257/257\n|-damage|p2a: Toxtricity|225/257|[from] Stealth Rock\n|move|p1a: Maushold|Population Bomb|p2a: Toxtricity\n|-damage|p2a: Toxtricity|200/257\n|-damage|p2a: Toxtricity|173/257\n|-damage|p2a: Toxtricity|143/257\n|-damage|p2a: Toxtricity|116/257\n|-damage|p2a: Toxtricity|88/257\n|-damage|p2a: Toxtricity|61/257\n|-damage|p2a: Toxtricity|36/257\n|-damage|p2a: Toxtricity|8/257\n|-damage|p2a: Toxtricity|0 fnt\n|faint|p2a: Toxtricity\n|-hitcount|p2: Toxtricity|9\n|\n|upkeep\n|inactive|bachir3 has 120 seconds left.\n|\n|t:|1720997197\n|switch|p2a: Drifblim|Drifblim, L86, M|297/396\n|-damage|p2a: Drifblim|198/396|[from] Stealth Rock\n|-enditem|p2a: Drifblim|Sitrus Berry|[eat]\n|-heal|p2a: Drifblim|297/396|[from] item: Sitrus Berry\n|turn|21\n|\n|t:|1720997222\n|move|p2a: Drifblim|Air Slash|p1a: Maushold\n|-damage|p1a: Maushold|144/238\n|cant|p1a: Maushold|flinch\n|\n|upkeep\n|turn|22\n|\n|t:|1720997230\n|move|p2a: Drifblim|Air Slash|p1a: Maushold\n|-damage|p1a: Maushold|38/238\n|cant|p1a: Maushold|flinch\n|\n|upkeep\n|turn|23\n|\n|t:|1720997234\n|move|p2a: Drifblim|Air Slash|p1a: Maushold\n|-damage|p1a: Maushold|0 fnt\n|faint|p1a: Maushold\n|\n|upkeep\n|\n|t:|1720997238\n|switch|p1a: Necrozma|Necrozma, L81|265/290\n|turn|24\n|\n|t:|1720997250\n|move|p2a: Drifblim|Shadow Ball|p1a: Necrozma\n|-supereffective|p1a: Necrozma\n|-damage|p1a: Necrozma|144/290\n|move|p1a: Necrozma|Calm Mind|p1a: Necrozma\n|-boost|p1a: Necrozma|spa|1\n|-boost|p1a: Necrozma|spd|1\n|\n|-heal|p1a: Necrozma|162/290|[from] item: Leftovers\n|upkeep\n|turn|25\n|\n|t:|1720997264\n|move|p2a: Drifblim|Calm Mind|p2a: Drifblim\n|-boost|p2a: Drifblim|spa|1\n|-boost|p2a: Drifblim|spd|1\n|move|p1a: Necrozma|Moonlight|p1a: Necrozma\n|-heal|p1a: Necrozma|290/290\n|\n|upkeep\n|turn|26\n|\n|t:|1720997270\n|move|p2a: Drifblim|Calm Mind|p2a: Drifblim\n|-boost|p2a: Drifblim|spa|1\n|-boost|p2a: Drifblim|spd|1\n|move|p1a: Necrozma|Photon Geyser|p2a: Drifblim\n|-damage|p2a: Drifblim|168/396\n|\n|upkeep\n|turn|27\n|\n|t:|1720997286\n|-terastallize|p1a: Necrozma|Fairy\n|move|p2a: Drifblim|Strength Sap|p1a: Necrozma\n|-unboost|p1a: Necrozma|atk|1\n|-heal|p2a: Drifblim|346/396\n|move|p1a: Necrozma|Calm Mind|p1a: Necrozma\n|-boost|p1a: Necrozma|spa|1\n|-boost|p1a: Necrozma|spd|1\n|\n|upkeep\n|turn|28\n|\n|t:|1720997292\n|move|p2a: Drifblim|Calm Mind|p2a: Drifblim\n|-boost|p2a: Drifblim|spa|1\n|-boost|p2a: Drifblim|spd|1\n|move|p1a: Necrozma|Calm Mind|p1a: Necrozma\n|-boost|p1a: Necrozma|spa|1\n|-boost|p1a: Necrozma|spd|1\n|\n|upkeep\n|turn|29\n|\n|t:|1720997294\n|move|p2a: Drifblim|Calm Mind|p2a: Drifblim\n|-boost|p2a: Drifblim|spa|1\n|-boost|p2a: Drifblim|spd|1\n|move|p1a: Necrozma|Calm Mind|p1a: Necrozma\n|-boost|p1a: Necrozma|spa|1\n|-boost|p1a: Necrozma|spd|1\n|\n|upkeep\n|turn|30\n|\n|t:|1720997297\n|move|p2a: Drifblim|Calm Mind|p2a: Drifblim\n|-boost|p2a: Drifblim|spa|1\n|-boost|p2a: Drifblim|spd|1\n|move|p1a: Necrozma|Calm Mind|p1a: Necrozma\n|-boost|p1a: Necrozma|spa|1\n|-boost|p1a: Necrozma|spd|1\n|\n|upkeep\n|turn|31\n|\n|t:|1720997299\n|move|p2a: Drifblim|Calm Mind|p2a: Drifblim\n|-boost|p2a: Drifblim|spa|1\n|-boost|p2a: Drifblim|spd|1\n|move|p1a: Necrozma|Calm Mind|p1a: Necrozma\n|-boost|p1a: Necrozma|spa|1\n|-boost|p1a: Necrozma|spd|1\n|\n|upkeep\n|turn|32\n|c|\u2606bachir3|first to crit wins\n|c|\u2606bachir3|ig\n|\n|t:|1720997310\n|move|p2a: Drifblim|Air Slash|p1a: Necrozma\n|-damage|p1a: Necrozma|212/290\n|cant|p1a: Necrozma|flinch\n|\n|-heal|p1a: Necrozma|230/290|[from] item: Leftovers\n|upkeep\n|turn|33\n|c|\u2606Arxz|yep\n|\n|t:|1720997314\n|move|p2a: Drifblim|Air Slash|p1a: Necrozma\n|-damage|p1a: Necrozma|151/290\n|move|p1a: Necrozma|Photon Geyser|p2a: Drifblim\n|-damage|p2a: Drifblim|190/396\n|\n|-heal|p1a: Necrozma|169/290|[from] item: Leftovers\n|upkeep\n|turn|34\n|\n|t:|1720997319\n|move|p2a: Drifblim|Air Slash|p1a: Necrozma\n|-damage|p1a: Necrozma|94/290\n|cant|p1a: Necrozma|flinch\n|\n|-heal|p1a: Necrozma|112/290|[from] item: Leftovers\n|upkeep\n|turn|35\n|\n|t:|1720997322\n|move|p2a: Drifblim|Air Slash|p1a: Necrozma\n|-damage|p1a: Necrozma|37/290\n|move|p1a: Necrozma|Moonlight|p1a: Necrozma\n|-heal|p1a: Necrozma|182/290\n|\n|-heal|p1a: Necrozma|200/290|[from] item: Leftovers\n|upkeep\n|turn|36\n|\n|t:|1720997326\n|move|p2a: Drifblim|Air Slash|p1a: Necrozma\n|-damage|p1a: Necrozma|112/290\n|move|p1a: Necrozma|Photon Geyser|p2a: Drifblim\n|-damage|p2a: Drifblim|24/396\n|\n|-heal|p1a: Necrozma|130/290|[from] item: Leftovers\n|upkeep\n|turn|37\n|\n|t:|1720997332\n|move|p2a: Drifblim|Air Slash|p1a: Necrozma\n|-damage|p1a: Necrozma|45/290\n|move|p1a: Necrozma|Moonlight|p1a: Necrozma\n|-heal|p1a: Necrozma|190/290\n|\n|-heal|p1a: Necrozma|208/290|[from] item: Leftovers\n|upkeep\n|turn|38\n|\n|t:|1720997336\n|move|p2a: Drifblim|Air Slash|p1a: Necrozma\n|-damage|p1a: Necrozma|133/290\n|move|p1a: Necrozma|Photon Geyser|p2a: Drifblim\n|-damage|p2a: Drifblim|0 fnt\n|faint|p2a: Drifblim\n|\n|-heal|p1a: Necrozma|151/290|[from] item: Leftovers\n|upkeep\n|\n|t:|1720997341\n|switch|p2a: Delphox|Delphox, L84, M|198/263\n|-damage|p2a: Delphox|133/263|[from] Stealth Rock\n|turn|39\n|\n|t:|1720997347\n|move|p2a: Delphox|Psyshock|p1a: Necrozma\n|-damage|p1a: Necrozma|52/290\n|move|p1a: Necrozma|Earth Power|p2a: Delphox\n|-supereffective|p2a: Delphox\n|-damage|p2a: Delphox|0 fnt\n|faint|p2a: Delphox\n|\n|-heal|p1a: Necrozma|70/290|[from] item: Leftovers\n|upkeep\n|\n|t:|1720997351\n|switch|p2a: Copperajah|Copperajah, L86, M|222/350\n|-damage|p2a: Copperajah|201/350|[from] Stealth Rock\n|turn|40\n|-message|bachir3 forfeited.\n|\n|win|Arxz\n|raw|Arxz's rating: 2233 &rarr; <strong>2253</strong><br />(+20 for winning)\n|raw|bachir3's rating: 2238 &rarr; <strong>2218</strong><br />(-20 for losing)\n|l|\u2606bachir3\n|player|p2|\n", "inputlog": ">version f7ad7c1b8a6ce355e8dbcd95eca255f5f71ead83\n>start {\"formatid\":\"gen9randombattle\",\"seed\":[6081,91,35416,34080],\"rated\":\"Rated battle\"}\n>player p1 {\"name\":\"Arxz\",\"avatar\":\"hoopster\",\"rating\":2233,\"seed\":[63997,59180,27192,41697]}\n>player p2 {\"name\":\"bachir3\",\"avatar\":\"harlequin\",\"rating\":2238,\"seed\":[2697,26376,14205,13361]}\n>p1 move psychicnoise\n>p2 move surf\n>p1 move stealthrock\n>p2 move surf\n>p1 switch 2\n>p1 move stoneedge\n>p2 move surf\n>p2 switch 3\n>p1 move explosion\n>p2 move icebeam\n>p1 switch 4\n>p1 move photongeyser\n>p2 move hydropump\n>p1 move moonlight\n>p2 move icebeam\n>p1 move photongeyser\n>p2 move encore\n>p1 move moonlight\n>p2 move icebeam\n>p1 move moonlight\n>p2 move icebeam\n>p1 move photongeyser\n>p2 move hydropump\n>p1 move moonlight\n>p2 move hydropump\n>p1 switch 3\n>p2 move encore\n>p1 move thunderbolt\n>p2 move hydropump\n>p2 switch 6\n>p1 move thunderbolt\n>p2 move fireblast\n>p1 switch 5\n>p1 move scaleshot\n>p2 switch 4\n>p1 switch 3\n>p2 move earthquake\n>p1 move moonlight\n>p2 switch 5\n>p1 switch 6\n>p2 move calmmind\n>p1 move encore\n>p2 move strengthsap\n>p1 move populationbomb\n>p2 switch 2\n>p2 switch 2\n>p1 move bite\n>p2 move airslash\n>p1 move bite\n>p2 move airslash\n>p1 move bite\n>p2 move airslash\n>p1 switch 6\n>p1 move calmmind\n>p2 move shadowball\n>p1 move moonlight\n>p2 move calmmind\n>p1 move photongeyser\n>p2 move calmmind\n>p1 move calmmind terastallize\n>p2 move strengthsap\n>p1 move calmmind\n>p2 move calmmind\n>p1 move calmmind\n>p2 move calmmind\n>p1 move calmmind\n>p2 move calmmind\n>p1 move calmmind\n>p2 move calmmind\n>chat \u2606bachir3|first to crit wins\n>chat \u2606bachir3|ig\n>p1 move photongeyser\n>p2 move airslash\n>chat \u2606Arxz|yep\n>p1 move photongeyser\n>p2 move airslash\n>p1 move photongeyser\n>p2 move airslash\n>p1 move moonlight\n>p2 move airslash\n>p1 move photongeyser\n>p2 move airslash\n>p1 move moonlight\n>p2 move airslash\n>p1 move photongeyser\n>p2 move airslash\n>p2 switch 4\n>p1 move earthpower\n>p2 move psyshock\n>p2 switch 5\n>forcelose p2", "uploadtime": 1720997359, "views": 153, "formatid": "gen9randombattle", "rating": 2218, "private": 0, "password": null}