{"id": "gen9randombattle-2259813253", "format": "[Gen 9] Random Battle", "players": ["3rfqwtgqewtreg", "inodawey"], "log": "|j|\u26063rfqwtgqewtreg\n|j|\u2606inodawey\n|t:|1733769235\n|gametype|singles\n|player|p1|3rfqwtgqewtreg|266|1000\n|player|p2|inodawey|170|1040\n|teamsize|p1|6\n|teamsize|p2|6\n|gen|9\n|tier|[Gen 9] Random Battle\n|rated|\n|rule|Species Clause: Limit one of each Pok\u00e9mon\n|rule|HP Percentage Mod: HP is shown in percentages\n|rule|Sleep Clause Mod: Limit one foe put to sleep\n|rule|Illusion Level Mod: Illusion disguises the Pok\u00e9mon's true level\n|\n|t:|1733769235\n|start\n|switch|p1a: Squawkabilly|Squawkabilly-Yellow, L89, M|291/291\n|switch|p2a: Hitmonchan|Hitmonchan, L87, M|229/229\n|turn|1\n|inactive|Battle timer is ON: inactive players will automatically lose when time's up. (requested by 3rfqwtgqewtreg)\n|\n|t:|1733769248\n|move|p1a: Squawkabilly|Brave Bird|p2a: Hitmonchan\n|-supereffective|p2a: Hitmonchan\n|-damage|p2a: Hitmonchan|0 fnt\n|faint|p2a: Hitmonchan\n|-damage|p1a: Squawkabilly|215/291|[from] Recoil\n|\n|upkeep\n|\n|t:|1733769263\n|switch|p2a: Banette|Banette, L93, F|270/270\n|turn|2\n|\n|t:|1733769270\n|move|p2a: Banette|Shadow Sneak|p1a: Squawkabilly\n|-immune|p1a: Squawkabilly\n|move|p1a: Squawkabilly|Brave Bird|p2a: Banette\n|-crit|p2a: Banette\n|-damage|p2a: Banette|0 fnt\n|-start|p1a: Squawkabilly|Disable|Brave Bird|[from] ability: Cursed Body|[of] p2a: Banette\n|faint|p2a: Banette\n|-damage|p1a: Squawkabilly|126/291|[from] Recoil\n|\n|upkeep\n|\n|t:|1733769280\n|switch|p2a: Manaphy|Manaphy, L78|284/284\n|turn|3\n|\n|t:|1733769298\n|switch|p1a: Wo-Chien|Wo-Chien, L83|277/277\n|-ability|p1a: Wo-Chien|Tablets of Ruin\n|move|p2a: Manaphy|Energy Ball|p1a: Wo-Chien\n|-resisted|p1a: Wo-Chien\n|-damage|p1a: Wo-Chien|258/277\n|\n|-heal|p1a: Wo-Chien|275/277|[from] item: Leftovers\n|upkeep\n|turn|4\n|\n|t:|1733769311\n|move|p2a: Manaphy|Surf|p1a: Wo-Chien\n|-resisted|p1a: Wo-Chien\n|-damage|p1a: Wo-Chien|247/277\n|move|p1a: Wo-Chien|Leech Seed|p2a: Manaphy\n|-start|p2a: Manaphy|move: Leech Seed\n|\n|-heal|p1a: Wo-Chien|264/277|[from] item: Leftovers\n|-damage|p2a: Manaphy|249/284|[from] Leech Seed|[of] p1a: Wo-Chien\n|-heal|p1a: Wo-Chien|277/277|[silent]\n|upkeep\n|turn|5\n|\n|t:|1733769324\n|-terastallize|p2a: Manaphy|Water\n|move|p2a: Manaphy|Energy Ball|p1a: Wo-Chien\n|-resisted|p1a: Wo-Chien\n|-damage|p1a: Wo-Chien|257/277\n|move|p1a: Wo-Chien|Knock Off|p2a: Manaphy\n|-damage|p2a: Manaphy|162/284\n|-enditem|p2a: Manaphy|Leftovers|[from] move: Knock Off|[of] p1a: Wo-Chien\n|\n|-heal|p1a: Wo-Chien|274/277|[from] item: Leftovers\n|-damage|p2a: Manaphy|127/284|[from] Leech Seed|[of] p1a: Wo-Chien\n|-heal|p1a: Wo-Chien|277/277|[silent]\n|upkeep\n|turn|6\n|\n|t:|1733769337\n|move|p2a: Manaphy|Ice Beam|p1a: Wo-Chien\n|-supereffective|p1a: Wo-Chien\n|-damage|p1a: Wo-Chien|193/277\n|move|p1a: Wo-Chien|Stun Spore|p2a: Manaphy|[miss]\n|-miss|p1a: Wo-Chien|p2a: Manaphy\n|\n|-heal|p1a: Wo-Chien|210/277|[from] item: Leftovers\n|-damage|p2a: Manaphy|92/284|[from] Leech Seed|[of] p1a: Wo-Chien\n|-heal|p1a: Wo-Chien|245/277|[silent]\n|upkeep\n|turn|7\n|\n|t:|1733769353\n|switch|p2a: Gurdurr|Gurdurr, L85, M|283/283\n|move|p1a: Wo-Chien|Knock Off|p2a: Gurdurr\n|-resisted|p2a: Gurdurr\n|-damage|p2a: Gurdurr|253/283\n|-enditem|p2a: Gurdurr|Eviolite|[from] move: Knock Off|[of] p1a: Wo-Chien\n|\n|-heal|p1a: Wo-Chien|262/277|[from] item: Leftovers\n|upkeep\n|turn|8\n|inactive|inodawey has 120 seconds left.\n|\n|t:|1733769374\n|move|p1a: Wo-Chien|Leech Seed|p2a: Gurdurr\n|-start|p2a: Gurdurr|move: Leech Seed\n|move|p2a: Gurdurr|Drain Punch|p1a: Wo-Chien\n|-supereffective|p1a: Wo-Chien\n|-damage|p1a: Wo-Chien|136/277\n|-heal|p2a: Gurdurr|283/283|[from] drain|[of] p1a: Wo-Chien\n|\n|-heal|p1a: Wo-Chien|153/277|[from] item: Leftovers\n|-damage|p2a: Gurdurr|248/283|[from] Leech Seed|[of] p1a: Wo-Chien\n|-heal|p1a: Wo-Chien|188/277|[silent]\n|upkeep\n|turn|9\n|inactive|inodawey has 120 seconds left.\n|\n|t:|1733769387\n|switch|p1a: Iron Moth|Iron Moth, L78|253/253\n|move|p2a: Gurdurr|Mach Punch|p1a: Iron Moth\n|-resisted|p1a: Iron Moth\n|-damage|p1a: Iron Moth|218/253\n|\n|-damage|p2a: Gurdurr|213/283|[from] Leech Seed|[of] p1a: Iron Moth\n|-heal|p1a: Iron Moth|253/253|[silent]\n|upkeep\n|turn|10\n|inactive|inodawey has 120 seconds left.\n|\n|t:|1733769402\n|move|p1a: Iron Moth|Fiery Dance|p2a: Gurdurr\n|-damage|p2a: Gurdurr|78/283\n|move|p2a: Gurdurr|Drain Punch|p1a: Iron Moth\n|-resisted|p1a: Iron Moth\n|-damage|p1a: Iron Moth|193/253\n|-heal|p2a: Gurdurr|108/283|[from] drain|[of] p1a: Iron Moth\n|\n|-damage|p2a: Gurdurr|73/283|[from] Leech Seed|[of] p1a: Iron Moth\n|-heal|p1a: Iron Moth|228/253|[silent]\n|upkeep\n|turn|11\n|inactive|inodawey has 120 seconds left.\n|\n|t:|1733769420\n|switch|p2a: Glastrier|Glastrier, L86|312/312\n|move|p1a: Iron Moth|Fiery Dance|p2a: Glastrier\n|-supereffective|p2a: Glastrier\n|-crit|p2a: Glastrier\n|-damage|p2a: Glastrier|78/312\n|\n|upkeep\n|turn|12\n|\n|t:|1733769437\n|move|p1a: Iron Moth|Fiery Dance|p2a: Glastrier\n|-supereffective|p2a: Glastrier\n|-damage|p2a: Glastrier|0 fnt\n|-boost|p1a: Iron Moth|spa|1\n|faint|p2a: Glastrier\n|\n|upkeep\n|\n|t:|1733769444\n|switch|p2a: Manaphy|Manaphy, L78, tera:Water|92/284\n|turn|13\n|\n|t:|1733769456\n|move|p1a: Iron Moth|Energy Ball|p2a: Manaphy\n|-supereffective|p2a: Manaphy\n|-damage|p2a: Manaphy|0 fnt\n|faint|p2a: Manaphy\n|\n|upkeep\n|\n|t:|1733769470\n|switch|p2a: Volcarona|Volcarona, L77, F|257/257\n|turn|14\n|\n|t:|1733769475\n|move|p1a: Iron Moth|Fiery Dance|p2a: Volcarona\n|-damage|p2a: Volcarona|119/257\n|move|p2a: Volcarona|Quiver Dance|p2a: Volcarona\n|-boost|p2a: Volcarona|spa|1\n|-boost|p2a: Volcarona|spd|1\n|-boost|p2a: Volcarona|spe|1\n|\n|upkeep\n|turn|15\n|\n|t:|1733769482\n|move|p2a: Volcarona|Giga Drain|p1a: Iron Moth\n|-resisted|p1a: Iron Moth\n|-damage|p1a: Iron Moth|209/253\n|-heal|p2a: Volcarona|129/257|[from] drain|[of] p1a: Iron Moth\n|move|p1a: Iron Moth|Fiery Dance|p2a: Volcarona\n|-damage|p2a: Volcarona|35/257\n|\n|upkeep\n|turn|16\n|\n|t:|1733769493\n|move|p2a: Volcarona|Morning Sun|p2a: Volcarona\n|-heal|p2a: Volcarona|163/257\n|move|p1a: Iron Moth|Fiery Dance|p2a: Volcarona\n|-damage|p2a: Volcarona|73/257\n|-boost|p1a: Iron Moth|spa|1\n|\n|upkeep\n|turn|17\n|\n|t:|1733769501\n|move|p2a: Volcarona|Morning Sun|p2a: Volcarona\n|-heal|p2a: Volcarona|201/257\n|move|p1a: Iron Moth|Fiery Dance|p2a: Volcarona\n|-damage|p2a: Volcarona|74/257\n|\n|upkeep\n|turn|18\n|inactive|inodawey has 120 seconds left.\n|\n|t:|1733769508\n|move|p2a: Volcarona|Morning Sun|p2a: Volcarona\n|-heal|p2a: Volcarona|202/257\n|move|p1a: Iron Moth|Fiery Dance|p2a: Volcarona\n|-damage|p2a: Volcarona|75/257\n|-boost|p1a: Iron Moth|spa|1\n|\n|upkeep\n|turn|19\n|\n|t:|1733769515\n|move|p2a: Volcarona|Morning Sun|p2a: Volcarona\n|-heal|p2a: Volcarona|203/257\n|move|p1a: Iron Moth|Fiery Dance|p2a: Volcarona\n|-damage|p2a: Volcarona|38/257\n|-boost|p1a: Iron Moth|spa|1\n|\n|upkeep\n|turn|20\n|\n|t:|1733769526\n|move|p2a: Volcarona|Giga Drain|p1a: Iron Moth\n|-resisted|p1a: Iron Moth\n|-damage|p1a: Iron Moth|189/253\n|-heal|p2a: Volcarona|48/257|[from] drain|[of] p1a: Iron Moth\n|move|p1a: Iron Moth|Fiery Dance|p2a: Volcarona\n|-damage|p2a: Volcarona|0 fnt\n|faint|p2a: Volcarona\n|\n|upkeep\n|\n|t:|1733769535\n|switch|p2a: Gurdurr|Gurdurr, L85, M|73/283\n|turn|21\n|\n|t:|1733769541\n|move|p1a: Iron Moth|Fiery Dance|p2a: Gurdurr\n|-damage|p2a: Gurdurr|0 fnt\n|faint|p2a: Gurdurr\n|\n|win|3rfqwtgqewtreg\n|raw|3rfqwtgqewtreg's rating: 1000 &rarr; <strong>1045</strong><br />(+45 for winning)\n|raw|inodawey's rating: 1040 &rarr; <strong>1022</strong><br />(-18 for losing)\n", "inputlog": ">version bfd83cad13791eb5a5a409923076391caf6fb4d4\n>start {\"formatid\":\"gen9randombattle\",\"seed\":[39805,9998,49112,44801],\"rated\":\"Rated battle\"}\n>player p1 {\"name\":\"3rfqwtgqewtreg\",\"avatar\":\"266\",\"rating\":1000,\"seed\":[9534,3737,2115,43091]}\n>player p2 {\"name\":\"inodawey\",\"avatar\":\"170\",\"rating\":1040,\"seed\":[7375,23419,58152,61729]}\n>p1 move bravebird\n>p2 move closecombat\n>p2 switch 2\n>p1 move bravebird\n>p2 move shadowsneak\n>p2 switch 3\n>p1 switch 6\n>p2 move energyball\n>p1 move leechseed\n>p2 move surf\n>p1 move knockoff\n>p2 move energyball terastallize\n>p1 move stunspore\n>p2 move icebeam\n>p1 move knockoff\n>p2 switch 4\n>p1 move leechseed\n>p2 move drainpunch\n>p1 switch 3\n>p2 move machpunch\n>p1 move fierydance\n>p2 move drainpunch\n>p1 move fierydance\n>p2 switch 6\n>p1 move fierydance\n>p2 move highhorsepower\n>p2 switch 4\n>p1 move energyball\n>p2 move energyball\n>p2 switch 5\n>p1 move fierydance\n>p2 move quiverdance\n>p1 move fierydance\n>p2 move gigadrain\n>p1 move fierydance\n>p2 move morningsun\n>p1 move fierydance\n>p2 move morningsun\n>p1 move fierydance\n>p2 move morningsun\n>p1 move fierydance\n>p2 move morningsun\n>p1 move fierydance\n>p2 move gigadrain\n>p2 switch 6\n>p1 move fierydance\n>p2 move drainpunch", "uploadtime": 1733769544, "views": 1, "formatid": "gen9randombattle", "rating": 1022, "private": 0, "password": null}