{"id": "gen9randombattle-2176820854", "format": "[Gen 9] Random Battle", "players": ["Thanos(Angelo)", "Qiuescent"], "log": "|badge|p2|bronze|gen9randombattle|100-2\n|uhtml|medal-msg|<div class=\"broadcast-blue\">Curious what those medals under the avatar are? PS now has Ladder Seasons! For more information, check out the <a href=\"https://www.smogon.com/forums/threads/3740067/\">thread on Smogon.</a></div>\n|j|\u2606Thanos(Angelo)\n|j|\u203dQiuescent\n|t:|1723226227\n|gametype|singles\n|player|p1|Thanos(Angelo)|alec-anime|2258\n|player|p2|Qiuescent|169|2325\n|teamsize|p1|6\n|teamsize|p2|6\n|gen|9\n|tier|[Gen 9] Random Battle\n|rated|\n|rule|Species Clause: Limit one of each Pok\u00e9mon\n|rule|HP Percentage Mod: HP is shown in percentages\n|rule|Sleep Clause Mod: Limit one foe put to sleep\n|rule|Illusion Level Mod: Illusion disguises the Pok\u00e9mon's true level\n|\n|t:|1723226227\n|start\n|switch|p1a: Eelektross|Eelektross, L87, F|290/290\n|switch|p2a: Toxapex|Toxapex, L82, F|216/216\n|turn|1\n|\n|t:|1723226234\n|move|p1a: Eelektross|Knock Off|p2a: Toxapex\n|-damage|p2a: Toxapex|161/216\n|-enditem|p2a: Toxapex|Leftovers|[from] move: Knock Off|[of] p1a: Eelektross\n|move|p2a: Toxapex|Toxic Spikes|p1a: Eelektross\n|-sidestart|p1: Thanos(Angelo)|move: Toxic Spikes\n|\n|upkeep\n|turn|2\n|\n|t:|1723226237\n|move|p1a: Eelektross|U-turn|p2a: Toxapex\n|-resisted|p2a: Toxapex\n|-damage|p2a: Toxapex|143/216\n|\n|t:|1723226239\n|switch|p1a: Salazzle|Salazzle, L82, F|246/246|[from] U-turn\n|-sideend|p1: Thanos(Angelo)|move: Toxic Spikes|[of] p1a: Salazzle\n|move|p2a: Toxapex|Recover|p2a: Toxapex\n|-heal|p2a: Toxapex|216/216\n|\n|upkeep\n|turn|3\n|\n|t:|1723226244\n|switch|p1a: Serperior|Serperior, L79, M|248/248\n|switch|p2a: Blissey|Blissey, L84, F|566/566\n|\n|upkeep\n|turn|4\n|\n|t:|1723226247\n|move|p1a: Serperior|Glare|p2a: Blissey\n|-status|p2a: Blissey|par\n|move|p2a: Blissey|Seismic Toss|p1a: Serperior\n|-damage|p1a: Serperior|164/248\n|\n|upkeep\n|turn|5\n|\n|t:|1723226250\n|move|p1a: Serperior|Leaf Storm|p2a: Blissey\n|-damage|p2a: Blissey|479/566 par\n|-boost|p1a: Serperior|spa|2\n|-damage|p1a: Serperior|140/248|[from] item: Life Orb\n|move|p2a: Blissey|Thunder Wave|p1a: Serperior\n|-status|p1a: Serperior|par\n|\n|-heal|p2a: Blissey|514/566 par|[from] item: Leftovers\n|upkeep\n|turn|6\n|\n|t:|1723226259\n|switch|p1a: Eelektross|Eelektross, L87, F|290/290\n|-curestatus|p2a: Blissey|par|[from] ability: Natural Cure\n|switch|p2a: Oricorio|Oricorio-Pa'u, L87, M|272/272\n|\n|upkeep\n|turn|7\n|\n|t:|1723226265\n|switch|p2a: Rhydon|Rhydon, L85, M, shiny|317/317\n|move|p1a: Eelektross|Discharge|p2a: Rhydon\n|-ability|p2a: Rhydon|Lightning Rod|boost\n|-boost|p2a: Rhydon|spa|1\n|\n|upkeep\n|turn|8\n|\n|t:|1723226269\n|move|p1a: Eelektross|Knock Off|p2a: Rhydon\n|-damage|p2a: Rhydon|273/317\n|-enditem|p2a: Rhydon|Eviolite|[from] move: Knock Off|[of] p1a: Eelektross\n|move|p2a: Rhydon|Stone Edge|p1a: Eelektross\n|-damage|p1a: Eelektross|134/290\n|\n|upkeep\n|turn|9\n|\n|t:|1723226272\n|move|p1a: Eelektross|U-turn|p2a: Rhydon\n|-damage|p2a: Rhydon|227/317\n|\n|t:|1723226274\n|switch|p1a: Conkeldurr|Conkeldurr, L80, F|299/299|[from] U-turn\n|move|p2a: Rhydon|Stone Edge|p1a: Conkeldurr|[miss]\n|-miss|p2a: Rhydon|p1a: Conkeldurr\n|\n|-status|p1a: Conkeldurr|brn|[from] item: Flame Orb\n|upkeep\n|turn|10\n|\n|t:|1723226299\n|move|p1a: Conkeldurr|Close Combat|p2a: Rhydon\n|-supereffective|p2a: Rhydon\n|-damage|p2a: Rhydon|0 fnt\n|-unboost|p1a: Conkeldurr|def|1\n|-unboost|p1a: Conkeldurr|spd|1\n|faint|p2a: Rhydon\n|\n|-damage|p1a: Conkeldurr|281/299 brn|[from] brn\n|upkeep\n|\n|t:|1723226304\n|switch|p2a: Oricorio|Oricorio-Pa'u, L87, M|272/272\n|turn|11\n|\n|t:|1723226311\n|switch|p1a: Jolteon|Jolteon, L84, M|246/246\n|move|p2a: Oricorio|Revelation Dance|p1a: Jolteon\n|-damage|p1a: Jolteon|144/246\n|\n|upkeep\n|turn|12\n|inactive|Battle timer is ON: inactive players will automatically lose when time's up. (requested by Qiuescent)\n|\n|t:|1723226323\n|move|p1a: Jolteon|Volt Switch|p2a: Oricorio\n|-supereffective|p2a: Oricorio\n|-damage|p2a: Oricorio|0 fnt\n|faint|p2a: Oricorio\n|\n|t:|1723226330\n|switch|p1a: Eelektross|Eelektross, L87, F|134/290|[from] Volt Switch\n|\n|upkeep\n|\n|t:|1723226336\n|switch|p2a: Klawf|Klawf, L90, M|272/272\n|turn|13\n|\n|t:|1723226340\n|move|p2a: Klawf|Stone Edge|p1a: Eelektross\n|-damage|p1a: Eelektross|0 fnt\n|faint|p1a: Eelektross\n|\n|upkeep\n|\n|t:|1723226344\n|switch|p1a: Conkeldurr|Conkeldurr, L80, F|281/299 brn\n|turn|14\n|\n|t:|1723226346\n|move|p2a: Klawf|Stone Edge|p1a: Conkeldurr|[miss]\n|-miss|p2a: Klawf|p1a: Conkeldurr\n|move|p1a: Conkeldurr|Facade|p2a: Klawf\n|-resisted|p2a: Klawf\n|-damage|p2a: Klawf|200/272\n|\n|-damage|p1a: Conkeldurr|263/299 brn|[from] brn\n|upkeep\n|turn|15\n|\n|t:|1723226349\n|switch|p2a: Toxapex|Toxapex, L82, F|216/216\n|move|p1a: Conkeldurr|Close Combat|p2a: Toxapex\n|-resisted|p2a: Toxapex\n|-damage|p2a: Toxapex|141/216\n|-unboost|p1a: Conkeldurr|def|1\n|-unboost|p1a: Conkeldurr|spd|1\n|\n|-damage|p1a: Conkeldurr|245/299 brn|[from] brn\n|upkeep\n|turn|16\n|\n|t:|1723226355\n|switch|p1a: Jolteon|Jolteon, L84, M|144/246\n|switch|p2a: Klawf|Klawf, L90, M|272/272\n|\n|upkeep\n|turn|17\n|\n|t:|1723226360\n|move|p1a: Jolteon|Volt Switch|p2a: Klawf\n|-damage|p2a: Klawf|119/272\n|\n|t:|1723226363\n|switch|p1a: Serperior|Serperior, L79, M|140/248 par|[from] Volt Switch\n|move|p2a: Klawf|Stone Edge|p1a: Serperior|[miss]\n|-miss|p2a: Klawf|p1a: Serperior\n|\n|upkeep\n|turn|18\n|\n|t:|1723226367\n|move|p2a: Klawf|Stone Edge|p1a: Serperior\n|-damage|p1a: Serperior|0 fnt\n|faint|p1a: Serperior\n|\n|upkeep\n|\n|t:|1723226369\n|switch|p1a: Jolteon|Jolteon, L84, M|144/246\n|turn|19\n|\n|t:|1723226372\n|switch|p2a: Blissey|Blissey, L84, F|514/566\n|move|p1a: Jolteon|Volt Switch|p2a: Blissey\n|-damage|p2a: Blissey|433/566\n|\n|t:|1723226373\n|switch|p1a: Conkeldurr|Conkeldurr, L80, F|245/299 brn|[from] Volt Switch\n|\n|-heal|p2a: Blissey|468/566|[from] item: Leftovers\n|-damage|p1a: Conkeldurr|227/299 brn|[from] brn\n|upkeep\n|turn|20\n|\n|t:|1723226385\n|switch|p2a: Klawf|Klawf, L90, M|209/272\n|move|p1a: Conkeldurr|Close Combat|p2a: Klawf\n|-supereffective|p2a: Klawf\n|-damage|p2a: Klawf|0 fnt\n|-unboost|p1a: Conkeldurr|def|1\n|-unboost|p1a: Conkeldurr|spd|1\n|faint|p2a: Klawf\n|\n|-damage|p1a: Conkeldurr|209/299 brn|[from] brn\n|upkeep\n|\n|t:|1723226388\n|switch|p2a: Lumineon|Lumineon, L93, M|279/279\n|turn|21\n|\n|t:|1723226394\n|switch|p1a: Drifblim|Drifblim, L86, F|398/398\n|move|p2a: Lumineon|Hydro Pump|p1a: Drifblim\n|-damage|p1a: Drifblim|250/398\n|\n|upkeep\n|turn|22\n|\n|t:|1723226399\n|move|p2a: Lumineon|Hydro Pump|p1a: Drifblim\n|-damage|p1a: Drifblim|90/398\n|move|p1a: Drifblim|Strength Sap|p2a: Lumineon\n|-unboost|p2a: Lumineon|atk|1\n|-heal|p1a: Drifblim|271/398\n|\n|upkeep\n|turn|23\n|\n|t:|1723226412\n|move|p2a: Lumineon|Hydro Pump|p1a: Drifblim\n|-damage|p1a: Drifblim|126/398\n|move|p1a: Drifblim|Shadow Ball|p2a: Lumineon\n|-damage|p2a: Lumineon|200/279\n|\n|upkeep\n|turn|24\n|\n|t:|1723226417\n|move|p2a: Lumineon|Hydro Pump|p1a: Drifblim\n|-damage|p1a: Drifblim|0 fnt\n|faint|p1a: Drifblim\n|\n|upkeep\n|\n|t:|1723226419\n|switch|p1a: Jolteon|Jolteon, L84, M|144/246\n|turn|25\n|\n|t:|1723226430\n|switch|p2a: Blissey|Blissey, L84, F|468/566\n|-terastallize|p1a: Jolteon|Electric\n|move|p1a: Jolteon|Thunderbolt|p2a: Blissey\n|-damage|p2a: Blissey|328/566\n|\n|-heal|p2a: Blissey|363/566|[from] item: Leftovers\n|upkeep\n|turn|26\n|\n|t:|1723226435\n|switch|p1a: Salazzle|Salazzle, L82, F|246/246\n|move|p2a: Blissey|Seismic Toss|p1a: Salazzle\n|-damage|p1a: Salazzle|162/246\n|\n|-heal|p2a: Blissey|398/566|[from] item: Leftovers\n|upkeep\n|turn|27\n|\n|t:|1723226440\n|move|p1a: Salazzle|Nasty Plot|p1a: Salazzle\n|-boost|p1a: Salazzle|spa|2\n|move|p2a: Blissey|Stealth Rock|p1a: Salazzle\n|-sidestart|p1: Thanos(Angelo)|move: Stealth Rock\n|\n|-heal|p2a: Blissey|433/566|[from] item: Leftovers\n|upkeep\n|turn|28\n|\n|t:|1723226443\n|move|p1a: Salazzle|Nasty Plot|p1a: Salazzle\n|-boost|p1a: Salazzle|spa|2\n|move|p2a: Blissey|Seismic Toss|p1a: Salazzle\n|-damage|p1a: Salazzle|78/246\n|\n|-heal|p2a: Blissey|468/566|[from] item: Leftovers\n|upkeep\n|turn|29\n|\n|t:|1723226446\n|move|p1a: Salazzle|Fire Blast|p2a: Blissey\n|-damage|p2a: Blissey|212/566\n|move|p2a: Blissey|Thunder Wave|p1a: Salazzle\n|-status|p1a: Salazzle|par\n|\n|-heal|p2a: Blissey|247/566|[from] item: Leftovers\n|upkeep\n|turn|30\n|\n|t:|1723226449\n|move|p2a: Blissey|Soft-Boiled|p2a: Blissey\n|-heal|p2a: Blissey|530/566\n|move|p1a: Salazzle|Fire Blast|p2a: Blissey\n|-damage|p2a: Blissey|263/566\n|\n|-heal|p2a: Blissey|298/566|[from] item: Leftovers\n|upkeep\n|turn|31\n|\n|t:|1723226452\n|move|p2a: Blissey|Soft-Boiled|p2a: Blissey\n|-heal|p2a: Blissey|566/566\n|move|p1a: Salazzle|Sludge Wave|p2a: Blissey\n|-damage|p2a: Blissey|359/566\n|\n|-heal|p2a: Blissey|394/566|[from] item: Leftovers\n|upkeep\n|turn|32\n|\n|t:|1723226455\n|move|p2a: Blissey|Soft-Boiled|p2a: Blissey\n|-heal|p2a: Blissey|566/566\n|move|p1a: Salazzle|Sludge Wave|p2a: Blissey\n|-damage|p2a: Blissey|329/566\n|\n|-heal|p2a: Blissey|364/566|[from] item: Leftovers\n|upkeep\n|turn|33\n|\n|t:|1723226457\n|switch|p1a: Conkeldurr|Conkeldurr, L80, F|209/299 brn\n|-damage|p1a: Conkeldurr|191/299 brn|[from] Stealth Rock\n|move|p2a: Blissey|Soft-Boiled|p2a: Blissey\n|-heal|p2a: Blissey|566/566\n|\n|-damage|p1a: Conkeldurr|173/299 brn|[from] brn\n|upkeep\n|turn|34\n|\n|t:|1723226464\n|-terastallize|p2a: Blissey|Ghost\n|move|p2a: Blissey|Seismic Toss|p1a: Conkeldurr\n|-damage|p1a: Conkeldurr|89/299 brn\n|move|p1a: Conkeldurr|Facade|p2a: Blissey\n|-immune|p2a: Blissey\n|\n|-damage|p1a: Conkeldurr|71/299 brn|[from] brn\n|upkeep\n|turn|35\n|-message|Thanos(Angelo) forfeited.\n|\n|win|Qiuescent\n|raw|Thanos(Angelo)'s rating: 2258 &rarr; <strong>2242</strong><br />(-16 for losing)\n|raw|Qiuescent's rating: 2325 &rarr; <strong>2341</strong><br />(+16 for winning)\n|l|\u2606Thanos(Angelo)\n|player|p1|\n", "inputlog": ">version 645aa3833dc4d492fc8695bcaa26b087252171ab\n>start {\"formatid\":\"gen9randombattle\",\"seed\":[23906,26126,22417,63165],\"rated\":\"Rated battle\"}\n>player p1 {\"name\":\"Thanos(Angelo)\",\"avatar\":\"alec-anime\",\"rating\":2258,\"seed\":[47742,21376,57439,39316]}\n>player p2 {\"name\":\"Qiuescent\",\"avatar\":\"169\",\"rating\":2325,\"seed\":[45718,58169,54777,47269]}\n>p1 move knockoff\n>p2 move toxicspikes\n>p1 move uturn\n>p2 move recover\n>p1 switch 3\n>p1 switch 5\n>p2 switch 2\n>p1 move glare\n>p2 move seismictoss\n>p1 move leafstorm\n>p2 move thunderwave\n>p1 switch 3\n>p2 switch 5\n>p1 move discharge\n>p2 switch 3\n>p1 move knockoff\n>p2 move stoneedge\n>p1 move uturn\n>p2 move stoneedge\n>p1 switch 2\n>p1 move closecombat\n>p2 move earthquake\n>p2 switch 3\n>p1 switch 4\n>p2 move revelationdance\n>p1 move voltswitch\n>p2 move revelationdance\n>p1 switch 2\n>p2 switch 4\n>p1 move discharge\n>p2 move stoneedge\n>p1 switch 4\n>p1 move facade\n>p2 move stoneedge\n>p1 move closecombat\n>p2 switch 2\n>p1 switch 2\n>p2 switch 2\n>p1 move voltswitch\n>p2 move stoneedge\n>p1 switch 3\n>p1 move leafstorm\n>p2 move stoneedge\n>p1 switch 3\n>p1 move voltswitch\n>p2 switch 5\n>p1 switch 2\n>p1 move closecombat\n>p2 switch 5\n>p2 switch 6\n>p1 switch 6\n>p2 move hydropump\n>p1 move strengthsap\n>p2 move hydropump\n>p1 move shadowball\n>p2 move hydropump\n>p1 move strengthsap\n>p2 move hydropump\n>p1 switch 2\n>p1 move thunderbolt terastallize\n>p2 switch 5\n>p1 switch 5\n>p2 move seismictoss\n>p1 move nastyplot\n>p2 move stealthrock\n>p1 move nastyplot\n>p2 move seismictoss\n>p1 move fireblast\n>p2 move thunderwave\n>p1 move fireblast\n>p2 move softboiled\n>p1 move sludgewave\n>p2 move softboiled\n>p1 move sludgewave\n>p2 move softboiled\n>p1 switch 6\n>p2 move softboiled\n>p1 move facade\n>p2 move seismictoss terastallize\n>forcelose p1", "uploadtime": 1723226475, "views": 128, "formatid": "gen9randombattle", "rating": 2242, "private": 0, "password": null}