{"id": "gen9randombattle-2260642585", "format": "[Gen 9] Random Battle", "players": ["Riezoe", "zantaRay"], "log": "|j|\u2606Riezoe\n|j|\u2606zantaRay\n|t:|1733872856\n|gametype|singles\n|player|p1|Riezoe|266|1944\n|player|p2|zantaRay|1|1990\n|teamsize|p1|6\n|teamsize|p2|6\n|gen|9\n|tier|[Gen 9] Random Battle\n|rated|\n|rule|Species Clause: Limit one of each Pok\u00e9mon\n|rule|HP Percentage Mod: HP is shown in percentages\n|rule|Sleep Clause Mod: Limit one foe put to sleep\n|rule|Illusion Level Mod: Illusion disguises the Pok\u00e9mon's true level\n|\n|t:|1733872856\n|start\n|switch|p1a: Ting-Lu|Ting-Lu, L78|370/370\n|switch|p2a: Luxray|Luxray, L88, M|284/284\n|-ability|p2a: Luxray|Intimidate|boost\n|-unboost|p1a: Ting-Lu|atk|1\n|-ability|p1a: Ting-Lu|Vessel of Ruin\n|turn|1\n|\n|t:|1733872890\n|switch|p2a: Salamence|Salamence, L77, M|273/273\n|-ability|p2a: Salamence|Intimidate|boost\n|-unboost|p1a: Ting-Lu|atk|1\n|move|p1a: Ting-Lu|Earthquake|p2a: Salamence\n|-immune|p2a: Salamence\n|\n|upkeep\n|turn|2\n|\n|t:|1733872899\n|switch|p2a: Tentacruel|Tentacruel, L84, F|272/272\n|switch|p1a: Feraligatr|Feraligatr, L79, M|264/264\n|\n|upkeep\n|turn|3\n|\n|t:|1733872906\n|move|p2a: Tentacruel|Sludge Bomb|p1a: Feraligatr\n|-damage|p1a: Feraligatr|177/264\n|move|p1a: Feraligatr|Dragon Dance|p1a: Feraligatr\n|-boost|p1a: Feraligatr|atk|1\n|-boost|p1a: Feraligatr|spe|1\n|\n|upkeep\n|turn|4\n|\n|t:|1733872916\n|move|p1a: Feraligatr|Crunch|p2a: Tentacruel\n|-damage|p2a: Tentacruel|90/272\n|move|p2a: Tentacruel|Knock Off|p1a: Feraligatr\n|-damage|p1a: Feraligatr|121/264\n|-enditem|p1a: Feraligatr|Life Orb|[from] move: Knock Off|[of] p2a: Tentacruel\n|\n|upkeep\n|turn|5\n|\n|t:|1733872925\n|switch|p2a: Luxray|Luxray, L88, M|284/284\n|-ability|p2a: Luxray|Intimidate|boost\n|-unboost|p1a: Feraligatr|atk|1\n|move|p1a: Feraligatr|Crunch|p2a: Luxray\n|-damage|p2a: Luxray|214/284\n|\n|upkeep\n|turn|6\n|\n|t:|1733872930\n|switch|p1a: Toedscruel|Toedscruel, L87, F|281/281\n|move|p2a: Luxray|Volt Switch|p1a: Toedscruel\n|-immune|p1a: Toedscruel\n|\n|upkeep\n|turn|7\n|\n|t:|1733872937\n|switch|p2a: Salamence|Salamence, L77, M|273/273\n|-ability|p2a: Salamence|Intimidate|boost\n|-unboost|p1a: Toedscruel|atk|1\n|move|p1a: Toedscruel|Spore|p2a: Salamence\n|-status|p2a: Salamence|slp|[from] move: Spore\n|\n|upkeep\n|turn|8\n|\n|t:|1733872957\n|switch|p1a: Feraligatr|Feraligatr, L79, M|121/264\n|cant|p2a: Salamence|slp\n|\n|upkeep\n|turn|9\n|\n|t:|1733872963\n|switch|p2a: Luxray|Luxray, L88, M|214/284\n|-ability|p2a: Luxray|Intimidate|boost\n|-unboost|p1a: Feraligatr|atk|1\n|move|p1a: Feraligatr|Dragon Dance|p1a: Feraligatr\n|-boost|p1a: Feraligatr|atk|1\n|-boost|p1a: Feraligatr|spe|1\n|\n|upkeep\n|turn|10\n|\n|t:|1733872969\n|move|p1a: Feraligatr|Liquidation|p2a: Luxray\n|-damage|p2a: Luxray|108/284\n|move|p2a: Luxray|Volt Switch|p1a: Feraligatr\n|-supereffective|p1a: Feraligatr\n|-damage|p1a: Feraligatr|0 fnt\n|faint|p1a: Feraligatr\n|\n|t:|1733872974\n|switch|p2a: Typhlosion|Typhlosion, L84, M|267/267|[from] Volt Switch\n|\n|upkeep\n|\n|t:|1733872977\n|switch|p1a: Gothitelle|Gothitelle, L90, F|272/272\n|turn|11\n|\n|t:|1733872985\n|move|p1a: Gothitelle|Psychic|p2a: Typhlosion\n|-damage|p2a: Typhlosion|152/267\n|move|p2a: Typhlosion|Fire Blast|p1a: Gothitelle|[miss]\n|-miss|p2a: Typhlosion|p1a: Gothitelle\n|\n|upkeep\n|turn|12\n|\n|t:|1733872993\n|switch|p1a: Ting-Lu|Ting-Lu, L78|370/370\n|-ability|p1a: Ting-Lu|Vessel of Ruin\n|move|p2a: Typhlosion|Fire Blast|p1a: Ting-Lu\n|-damage|p1a: Ting-Lu|256/370\n|\n|upkeep\n|turn|13\n|\n|t:|1733873002\n|switch|p2a: Luxray|Luxray, L88, M|108/284\n|-ability|p2a: Luxray|Intimidate|boost\n|-unboost|p1a: Ting-Lu|atk|1\n|move|p1a: Ting-Lu|Ruination|p2a: Luxray\n|-damage|p2a: Luxray|54/284\n|\n|upkeep\n|turn|14\n|\n|t:|1733873007\n|switch|p2a: Salamence|Salamence, L77, M|273/273 slp\n|-ability|p2a: Salamence|Intimidate|boost\n|-unboost|p1a: Ting-Lu|atk|1\n|move|p1a: Ting-Lu|Payback|p2a: Salamence\n|-crit|p2a: Salamence\n|-damage|p2a: Salamence|189/273 slp\n|\n|upkeep\n|turn|15\n|\n|t:|1733873013\n|cant|p2a: Salamence|slp\n|move|p1a: Ting-Lu|Payback|p2a: Salamence\n|-damage|p2a: Salamence|126/273 slp\n|\n|upkeep\n|turn|16\n|\n|t:|1733873028\n|switch|p1a: Gothitelle|Gothitelle, L90, F|272/272\n|-curestatus|p2a: Salamence|slp|[msg]\n|move|p2a: Salamence|Dragon Dance|p2a: Salamence\n|-boost|p2a: Salamence|atk|1\n|-boost|p2a: Salamence|spe|1\n|\n|upkeep\n|turn|17\n|\n|t:|1733873041\n|move|p2a: Salamence|Outrage|p1a: Gothitelle\n|-damage|p1a: Gothitelle|91/272\n|move|p1a: Gothitelle|Psychic|p2a: Salamence\n|-damage|p2a: Salamence|0 fnt\n|faint|p2a: Salamence\n|\n|upkeep\n|\n|t:|1733873053\n|switch|p2a: Typhlosion|Typhlosion, L84, M|152/267\n|turn|18\n|\n|t:|1733873064\n|switch|p1a: Ting-Lu|Ting-Lu, L78|256/370\n|-ability|p1a: Ting-Lu|Vessel of Ruin\n|move|p2a: Typhlosion|Fire Blast|p1a: Ting-Lu\n|-damage|p1a: Ting-Lu|142/370\n|-status|p1a: Ting-Lu|brn\n|\n|-damage|p1a: Ting-Lu|119/370 brn|[from] brn\n|upkeep\n|turn|19\n|\n|t:|1733873085\n|-terastallize|p2a: Typhlosion|Fire\n|move|p2a: Typhlosion|Fire Blast|p1a: Ting-Lu\n|-damage|p1a: Ting-Lu|0 fnt\n|faint|p1a: Ting-Lu\n|\n|upkeep\n|\n|t:|1733873090\n|switch|p1a: Toedscruel|Toedscruel, L87, F|281/281\n|turn|20\n|\n|t:|1733873167\n|switch|p2a: Luxray|Luxray, L88, M|54/284\n|-ability|p2a: Luxray|Intimidate|boost\n|-unboost|p1a: Toedscruel|atk|1\n|move|p1a: Toedscruel|Earth Power|p2a: Luxray\n|-supereffective|p2a: Luxray\n|-damage|p2a: Luxray|0 fnt\n|faint|p2a: Luxray\n|\n|upkeep\n|\n|t:|1733873173\n|switch|p2a: Gothitelle|Gothitelle, L90, F|272/272\n|turn|21\n|\n|t:|1733873182\n|move|p2a: Gothitelle|Trick|p1a: Toedscruel\n|-activate|p2a: Gothitelle|move: Trick|[of] p1a: Toedscruel\n|-item|p1a: Toedscruel|Choice Scarf|[from] move: Trick\n|-item|p2a: Gothitelle|Leftovers|[from] move: Trick\n|move|p1a: Toedscruel|Spore|p2a: Gothitelle\n|-status|p2a: Gothitelle|slp|[from] move: Spore\n|\n|upkeep\n|turn|22\n|\n|t:|1733873187\n|cant|p2a: Gothitelle|slp\n|move|p1a: Toedscruel|Spore|p2a: Gothitelle\n|-fail|p2a: Gothitelle|slp\n|\n|upkeep\n|turn|23\n|\n|t:|1733873189\n|cant|p2a: Gothitelle|slp\n|move|p1a: Toedscruel|Spore|p2a: Gothitelle\n|-fail|p2a: Gothitelle|slp\n|\n|upkeep\n|turn|24\n|\n|t:|1733873191\n|-curestatus|p2a: Gothitelle|slp|[msg]\n|move|p2a: Gothitelle|Psychic|p1a: Toedscruel\n|-damage|p1a: Toedscruel|203/281\n|move|p1a: Toedscruel|Spore|p2a: Gothitelle\n|-status|p2a: Gothitelle|slp|[from] move: Spore\n|\n|upkeep\n|turn|25\n|\n|t:|1733873194\n|cant|p2a: Gothitelle|slp\n|move|p1a: Toedscruel|Spore|p2a: Gothitelle\n|-fail|p2a: Gothitelle|slp\n|\n|upkeep\n|turn|26\n|\n|t:|1733873196\n|-curestatus|p2a: Gothitelle|slp|[msg]\n|move|p2a: Gothitelle|Psychic|p1a: Toedscruel\n|-damage|p1a: Toedscruel|118/281\n|move|p1a: Toedscruel|Spore|p2a: Gothitelle\n|-status|p2a: Gothitelle|slp|[from] move: Spore\n|\n|upkeep\n|turn|27\n|\n|t:|1733873198\n|cant|p2a: Gothitelle|slp\n|move|p1a: Toedscruel|Spore|p2a: Gothitelle\n|-fail|p2a: Gothitelle|slp\n|\n|upkeep\n|turn|28\n|\n|t:|1733873199\n|-curestatus|p2a: Gothitelle|slp|[msg]\n|move|p2a: Gothitelle|Psychic|p1a: Toedscruel\n|-damage|p1a: Toedscruel|40/281\n|-unboost|p1a: Toedscruel|spd|1\n|move|p1a: Toedscruel|Spore|p2a: Gothitelle\n|-status|p2a: Gothitelle|slp|[from] move: Spore\n|\n|upkeep\n|turn|29\n|\n|t:|1733873202\n|cant|p2a: Gothitelle|slp\n|move|p1a: Toedscruel|Spore|p2a: Gothitelle\n|-fail|p2a: Gothitelle|slp\n|\n|upkeep\n|turn|30\n|\n|t:|1733873209\n|cant|p2a: Gothitelle|slp\n|move|p1a: Toedscruel|Spore|p2a: Gothitelle\n|-fail|p2a: Gothitelle|slp\n|\n|upkeep\n|turn|31\n|\n|t:|1733873213\n|cant|p2a: Gothitelle|slp\n|move|p1a: Toedscruel|Spore|p2a: Gothitelle\n|-fail|p2a: Gothitelle|slp\n|\n|upkeep\n|turn|32\n|\n|t:|1733873218\n|-curestatus|p2a: Gothitelle|slp|[msg]\n|move|p2a: Gothitelle|Psychic|p1a: Toedscruel\n|-damage|p1a: Toedscruel|0 fnt\n|faint|p1a: Toedscruel\n|\n|upkeep\n|\n|t:|1733873221\n|switch|p1a: Urshifu|Urshifu, L74, M|270/270\n|turn|33\n|\n|t:|1733873230\n|switch|p2a: Tentacruel|Tentacruel, L84, F|90/272\n|move|p1a: Urshifu|Wicked Blow|p2a: Tentacruel\n|-crit|p2a: Tentacruel\n|-damage|p2a: Tentacruel|0 fnt\n|faint|p2a: Tentacruel\n|-damage|p1a: Urshifu|243/270|[from] item: Life Orb\n|\n|upkeep\n|\n|t:|1733873246\n|switch|p2a: Flutter Mane|Flutter Mane, L74|203/203\n|turn|34\n|\n|t:|1733873251\n|switch|p1a: Pecharunt|Pecharunt, L77|262/262\n|move|p2a: Flutter Mane|Moonblast|p1a: Pecharunt\n|-resisted|p1a: Pecharunt\n|-damage|p1a: Pecharunt|178/262\n|\n|-heal|p1a: Pecharunt|194/262|[from] item: Leftovers\n|upkeep\n|turn|35\n|\n|t:|1733873264\n|-end|p2a: Flutter Mane|Protosynthesis|[silent]\n|switch|p2a: Gothitelle|Gothitelle, L90, F|272/272\n|move|p1a: Pecharunt|Shadow Ball|p2a: Gothitelle\n|-supereffective|p2a: Gothitelle\n|-damage|p2a: Gothitelle|158/272\n|\n|-heal|p1a: Pecharunt|210/262|[from] item: Leftovers\n|-heal|p2a: Gothitelle|175/272|[from] item: Leftovers\n|upkeep\n|turn|36\n|\n|t:|1733873273\n|-terastallize|p1a: Pecharunt|Dark\n|move|p1a: Pecharunt|Shadow Ball|p2a: Gothitelle\n|-supereffective|p2a: Gothitelle\n|-damage|p2a: Gothitelle|71/272\n|move|p2a: Gothitelle|Psychic|p1a: Pecharunt\n|-immune|p1a: Pecharunt\n|\n|-heal|p1a: Pecharunt|226/262|[from] item: Leftovers\n|-heal|p2a: Gothitelle|88/272|[from] item: Leftovers\n|upkeep\n|turn|37\n|\n|t:|1733873285\n|move|p1a: Pecharunt|Shadow Ball|p2a: Gothitelle\n|-supereffective|p2a: Gothitelle\n|-damage|p2a: Gothitelle|0 fnt\n|faint|p2a: Gothitelle\n|\n|-heal|p1a: Pecharunt|242/262|[from] item: Leftovers\n|upkeep\n|\n|t:|1733873288\n|switch|p2a: Flutter Mane|Flutter Mane, L74|203/203\n|turn|38\n|\n|t:|1733873308\n|move|p2a: Flutter Mane|Moonblast|p1a: Pecharunt\n|-supereffective|p1a: Pecharunt\n|-damage|p1a: Pecharunt|0 fnt\n|faint|p1a: Pecharunt\n|\n|upkeep\n|\n|t:|1733873314\n|switch|p1a: Gothitelle|Gothitelle, L90, F|91/272\n|turn|39\n|\n|t:|1733873322\n|move|p1a: Gothitelle|Psychic|p2a: Flutter Mane\n|-damage|p2a: Flutter Mane|110/203\n|move|p2a: Flutter Mane|Moonblast|p1a: Gothitelle\n|-damage|p1a: Gothitelle|0 fnt\n|faint|p1a: Gothitelle\n|\n|upkeep\n|\n|t:|1733873326\n|switch|p1a: Urshifu|Urshifu, L74, M|243/270\n|turn|40\n|\n|t:|1733873352\n|-end|p2a: Flutter Mane|Protosynthesis|[silent]\n|switch|p2a: Typhlosion|Typhlosion, L84, M, tera:Fire|152/267\n|move|p1a: Urshifu|Sucker Punch||[still]\n|-fail|p1a: Urshifu\n|\n|upkeep\n|turn|41\n|\n|t:|1733873379\n|move|p2a: Typhlosion|Fire Blast|p1a: Urshifu\n|-damage|p1a: Urshifu|0 fnt\n|faint|p1a: Urshifu\n|\n|win|zantaRay\n|raw|Riezoe's rating: 1944 &rarr; <strong>1927</strong><br />(-17 for losing)\n|raw|zantaRay's rating: 1990 &rarr; <strong>2007</strong><br />(+17 for winning)\n|l|\u2606Riezoe\n|player|p1|\n", "inputlog": ">version bfd83cad13791eb5a5a409923076391caf6fb4d4\n>start {\"formatid\":\"gen9randombattle\",\"seed\":[61849,7910,36212,24145],\"rated\":\"Rated battle\"}\n>player p1 {\"name\":\"Riezoe\",\"avatar\":\"266\",\"rating\":1944,\"seed\":[21721,26388,24283,65413]}\n>player p2 {\"name\":\"zantaRay\",\"avatar\":\"1\",\"rating\":1990,\"seed\":[6837,23286,48641,23749]}\n>p1 move earthquake\n>p2 switch 5\n>p1 switch 2\n>p2 switch 4\n>p1 move dragondance\n>p2 move sludgebomb\n>p1 move crunch\n>p2 move knockoff\n>p1 move crunch\n>p2 switch 5\n>p1 switch 6\n>p2 move voltswitch\n>p1 move spore\n>p2 switch 4\n>p1 switch 6\n>p2 move dragondance\n>p1 move dragondance\n>p2 switch 4\n>p1 move liquidation\n>p2 move voltswitch\n>p2 switch 2\n>p1 switch 3\n>p1 move psychic\n>p2 move fireblast\n>p1 switch 2\n>p2 move fireblast\n>p1 move ruination\n>p2 switch 2\n>p1 move payback\n>p2 switch 4\n>p1 move payback\n>p2 move dragondance\n>p1 switch 2\n>p2 move dragondance\n>p1 move psychic\n>p2 move outrage\n>p2 switch 2\n>p1 switch 2\n>p2 move fireblast\n>p1 move earthquake\n>p2 move fireblast terastallize\n>p1 switch 6\n>p1 move earthpower\n>p2 switch 4\n>p2 switch 3\n>p1 move spore\n>p2 move trick\n>p1 move spore\n>p2 move psychic\n>p1 move spore\n>p2 move psychic\n>p1 move spore\n>p2 move psychic\n>p1 move spore\n>p2 move psychic\n>p1 move spore\n>p2 move psychic\n>p1 move spore\n>p2 move psychic\n>p1 move spore\n>p2 move psychic\n>p1 move spore\n>p2 move psychic\n>p1 move spore\n>p2 move psychic\n>p1 move spore\n>p2 move psychic\n>p1 move spore\n>p2 move psychic\n>p1 switch 4\n>p1 move wickedblow\n>p2 switch 5\n>p2 switch 6\n>p1 switch 5\n>p2 move moonblast\n>p1 move shadowball\n>p2 switch 5\n>p1 move shadowball terastallize\n>p2 move psychic\n>p1 move shadowball\n>p2 move focusblast\n>p2 switch 5\n>p1 move shadowball\n>p2 move moonblast\n>p1 switch 2\n>p1 move psychic\n>p2 move moonblast\n>p1 switch 5\n>p1 move suckerpunch\n>p2 switch 4\n>p1 move swordsdance\n>p2 move fireblast", "uploadtime": 1733873387, "views": 29, "formatid": "gen9randombattle", "rating": 1927, "private": 0, "password": null}