{"id": "gen9randombattle-2260865617", "format": "[Gen 9] Random Battle", "players": ["Ugvyytttfcdddc", "Pffect3"], "log": "|j|\u2606Ugvyytttfcdddc\n|j|\u2606Pffect3\n|t:|1733906990\n|gametype|singles\n|player|p1|Ugvyytttfcdddc|102|1122\n|player|p2|Pffect3|nate|1095\n|teamsize|p1|6\n|teamsize|p2|6\n|gen|9\n|tier|[Gen 9] Random Battle\n|rated|\n|rule|Species Clause: Limit one of each Pok\u00e9mon\n|rule|HP Percentage Mod: HP is shown in percentages\n|rule|Sleep Clause Mod: Limit one foe put to sleep\n|rule|Illusion Level Mod: Illusion disguises the Pok\u00e9mon's true level\n|\n|t:|1733906990\n|start\n|switch|p1a: Poliwrath|Poliwrath, L88, F|302/302\n|switch|p2a: Brute Bonnet|Brute Bonnet, L81|312/312\n|turn|1\n|\n|t:|1733907008\n|move|p1a: Poliwrath|Close Combat|p2a: Brute Bonnet\n|-supereffective|p2a: Brute Bonnet\n|-damage|p2a: Brute Bonnet|70/312\n|-unboost|p1a: Poliwrath|def|1\n|-unboost|p1a: Poliwrath|spd|1\n|move|p2a: Brute Bonnet|Spore|p1a: Poliwrath\n|-status|p1a: Poliwrath|slp|[from] move: Spore\n|\n|-heal|p2a: Brute Bonnet|89/312|[from] item: Leftovers\n|upkeep\n|turn|2\n|\n|t:|1733907018\n|switch|p1a: Clefable|Clefable, L83, M|293/293\n|move|p2a: Brute Bonnet|Seed Bomb|p1a: Clefable\n|-damage|p1a: Clefable|182/293\n|\n|-heal|p1a: Clefable|200/293|[from] item: Leftovers\n|-heal|p2a: Brute Bonnet|108/312|[from] item: Leftovers\n|upkeep\n|turn|3\n|\n|t:|1733907037\n|-end|p2a: Brute Bonnet|Protosynthesis|[silent]\n|switch|p2a: Rhydon|Rhydon, L85, F|317/317\n|move|p1a: Clefable|Stealth Rock|p2a: Rhydon\n|-sidestart|p2: Pffect3|move: Stealth Rock\n|\n|-heal|p1a: Clefable|218/293|[from] item: Leftovers\n|upkeep\n|turn|4\n|\n|t:|1733907042\n|move|p1a: Clefable|Knock Off|p2a: Rhydon\n|-damage|p2a: Rhydon|291/317\n|-enditem|p2a: Rhydon|Eviolite|[from] move: Knock Off|[of] p1a: Clefable\n|move|p2a: Rhydon|Stealth Rock|p1a: Clefable\n|-sidestart|p1: Ugvyytttfcdddc|move: Stealth Rock\n|\n|-heal|p1a: Clefable|236/293|[from] item: Leftovers\n|upkeep\n|turn|5\n|\n|t:|1733907054\n|move|p1a: Clefable|Moonblast|p2a: Rhydon\n|-damage|p2a: Rhydon|143/317\n|move|p2a: Rhydon|Megahorn|p1a: Clefable\n|-resisted|p1a: Clefable\n|-damage|p1a: Clefable|172/293\n|\n|-heal|p1a: Clefable|190/293|[from] item: Leftovers\n|upkeep\n|turn|6\n|\n|t:|1733907064\n|move|p1a: Clefable|Moonblast|p2a: Rhydon\n|-damage|p2a: Rhydon|0 fnt\n|faint|p2a: Rhydon\n|\n|-heal|p1a: Clefable|208/293|[from] item: Leftovers\n|upkeep\n|\n|t:|1733907078\n|switch|p2a: Dugtrio|Dugtrio, L84, M|196/196\n|-damage|p2a: Dugtrio|184/196|[from] Stealth Rock\n|turn|7\n|\n|t:|1733907084\n|move|p2a: Dugtrio|Sucker Punch|p1a: Clefable\n|-resisted|p1a: Clefable\n|-damage|p1a: Clefable|161/293\n|move|p1a: Clefable|Moonblast|p2a: Dugtrio\n|-damage|p2a: Dugtrio|67/196\n|\n|-heal|p1a: Clefable|179/293|[from] item: Leftovers\n|upkeep\n|turn|8\n|\n|t:|1733907093\n|move|p2a: Dugtrio|Sucker Punch||[still]\n|-fail|p2a: Dugtrio\n|move|p1a: Clefable|Moonlight|p1a: Clefable\n|-heal|p1a: Clefable|293/293\n|\n|upkeep\n|turn|9\n|\n|t:|1733907096\n|move|p2a: Dugtrio|Sucker Punch|p1a: Clefable\n|-resisted|p1a: Clefable\n|-crit|p1a: Clefable\n|-damage|p1a: Clefable|230/293\n|move|p1a: Clefable|Moonblast|p2a: Dugtrio\n|-damage|p2a: Dugtrio|0 fnt\n|faint|p2a: Dugtrio\n|\n|-heal|p1a: Clefable|248/293|[from] item: Leftovers\n|upkeep\n|\n|t:|1733907107\n|switch|p2a: Feraligatr|Feraligatr, L79, F|264/264\n|-damage|p2a: Feraligatr|231/264|[from] Stealth Rock\n|turn|10\n|\n|t:|1733907129\n|move|p2a: Feraligatr|Liquidation|p1a: Clefable\n|-damage|p1a: Clefable|79/293\n|move|p1a: Clefable|Knock Off|p2a: Feraligatr\n|-damage|p2a: Feraligatr|182/264\n|-enditem|p2a: Feraligatr|Life Orb|[from] move: Knock Off|[of] p1a: Clefable\n|\n|-heal|p1a: Clefable|97/293|[from] item: Leftovers\n|upkeep\n|turn|11\n|\n|t:|1733907136\n|move|p2a: Feraligatr|Liquidation|p1a: Clefable\n|-damage|p1a: Clefable|0 fnt\n|faint|p1a: Clefable\n|\n|upkeep\n|\n|t:|1733907143\n|switch|p1a: Gumshoos|Gumshoos, L95, M|321/321\n|-damage|p1a: Gumshoos|281/321|[from] Stealth Rock\n|turn|12\n|\n|t:|1733907162\n|move|p2a: Feraligatr|Liquidation|p1a: Gumshoos\n|-damage|p1a: Gumshoos|160/321\n|move|p1a: Gumshoos|Double-Edge|p2a: Feraligatr\n|-crit|p2a: Feraligatr\n|-damage|p2a: Feraligatr|0 fnt\n|faint|p2a: Feraligatr\n|-damage|p1a: Gumshoos|100/321|[from] Recoil\n|\n|upkeep\n|\n|t:|1733907171\n|switch|p2a: Typhlosion|Typhlosion, L84, M|267/267\n|-damage|p2a: Typhlosion|201/267|[from] Stealth Rock\n|turn|13\n|\n|t:|1733907178\n|move|p2a: Typhlosion|Fire Blast|p1a: Gumshoos\n|-damage|p1a: Gumshoos|0 fnt\n|faint|p1a: Gumshoos\n|\n|upkeep\n|\n|t:|1733907180\n|switch|p1a: Poliwrath|Poliwrath, L88, F|302/302 slp\n|-damage|p1a: Poliwrath|284/302 slp|[from] Stealth Rock\n|turn|14\n|\n|t:|1733907186\n|move|p2a: Typhlosion|Fire Blast|p1a: Poliwrath\n|-resisted|p1a: Poliwrath\n|-damage|p1a: Poliwrath|224/302 slp\n|cant|p1a: Poliwrath|slp\n|\n|upkeep\n|turn|15\n|\n|t:|1733907194\n|-terastallize|p2a: Typhlosion|Fire\n|move|p2a: Typhlosion|Fire Blast|p1a: Poliwrath\n|-resisted|p1a: Poliwrath\n|-damage|p1a: Poliwrath|147/302 slp\n|-curestatus|p1a: Poliwrath|slp|[msg]\n|move|p1a: Poliwrath|Liquidation|p2a: Typhlosion\n|-supereffective|p2a: Typhlosion\n|-damage|p2a: Typhlosion|0 fnt\n|faint|p2a: Typhlosion\n|\n|upkeep\n|\n|t:|1733907203\n|switch|p2a: Brute Bonnet|Brute Bonnet, L81|108/312\n|-damage|p2a: Brute Bonnet|69/312|[from] Stealth Rock\n|turn|16\n|\n|t:|1733907209\n|move|p1a: Poliwrath|Close Combat|p2a: Brute Bonnet\n|-supereffective|p2a: Brute Bonnet\n|-damage|p2a: Brute Bonnet|0 fnt\n|-unboost|p1a: Poliwrath|def|1\n|-unboost|p1a: Poliwrath|spd|1\n|faint|p2a: Brute Bonnet\n|-end|p2a: Brute Bonnet|Protosynthesis|[silent]\n|\n|upkeep\n|\n|t:|1733907213\n|switch|p2a: Eiscue|Eiscue, L88, M|274/274\n|-damage|p2a: Eiscue|206/274|[from] Stealth Rock\n|turn|17\n|\n|t:|1733907216\n|move|p1a: Poliwrath|Knock Off|p2a: Eiscue\n|-activate|p2a: Eiscue|ability: Ice Face\n|-damage|p2a: Eiscue|206/274\n|-enditem|p2a: Eiscue|Sitrus Berry|[from] move: Knock Off|[of] p1a: Poliwrath\n|detailschange|p2a: Eiscue|Eiscue-Noice, L88, M\n|move|p2a: Eiscue|Zen Headbutt|p1a: Poliwrath\n|-supereffective|p1a: Poliwrath\n|-damage|p1a: Poliwrath|3/302\n|\n|upkeep\n|turn|18\n|\n|t:|1733907232\n|move|p2a: Eiscue|Ice Spinner|p1a: Poliwrath\n|-resisted|p1a: Poliwrath\n|-damage|p1a: Poliwrath|0 fnt\n|faint|p1a: Poliwrath\n|\n|upkeep\n|\n|t:|1733907252\n|switch|p1a: Arcanine|Arcanine, L84, M|288/288\n|-ability|p1a: Arcanine|Intimidate|boost\n|-unboost|p2a: Eiscue|atk|1\n|turn|19\n|\n|t:|1733907256\n|move|p2a: Eiscue|Liquidation|p1a: Arcanine\n|-supereffective|p1a: Arcanine\n|-damage|p1a: Arcanine|210/288\n|move|p1a: Arcanine|Flare Blitz|p2a: Eiscue\n|-supereffective|p2a: Eiscue\n|-damage|p2a: Eiscue|0 fnt\n|faint|p2a: Eiscue\n|-damage|p1a: Arcanine|142/288|[from] Recoil\n|\n|win|Ugvyytttfcdddc\n|raw|Ugvyytttfcdddc's rating: 1122 &rarr; <strong>1145</strong><br />(+23 for winning)\n|raw|Pffect3's rating: 1095 &rarr; <strong>1073</strong><br />(-22 for losing)\n|l|\u2606Pffect3\n|player|p2|\n", "inputlog": ">version bfd83cad13791eb5a5a409923076391caf6fb4d4\n>start {\"formatid\":\"gen9randombattle\",\"seed\":[24434,18386,60325,15115],\"rated\":\"Rated battle\"}\n>player p1 {\"name\":\"Ugvyytttfcdddc\",\"avatar\":\"102\",\"rating\":1122,\"seed\":[43874,62761,44851,23089]}\n>player p2 {\"name\":\"Pffect3\",\"avatar\":\"nate\",\"rating\":1095,\"seed\":[33973,29187,33909,55552]}\n>p1 move closecombat\n>p2 move spore\n>p1 switch 3\n>p2 move seedbomb\n>p1 move stealthrock\n>p2 switch 6\n>p1 move knockoff\n>p2 move stealthrock\n>p1 move moonblast\n>p2 move megahorn\n>p1 move moonblast\n>p2 move earthquake\n>p2 switch 4\n>p1 move moonblast\n>p2 move suckerpunch\n>p1 move moonlight\n>p2 move suckerpunch\n>p1 move moonblast\n>p2 move suckerpunch\n>p2 switch 3\n>p1 move knockoff\n>p2 move liquidation\n>p1 move moonblast\n>p2 move liquidation\n>p1 switch 5\n>p1 move doubleedge\n>p2 move liquidation\n>p2 switch 5\n>p1 move doubleedge\n>p2 move fireblast\n>p1 switch 3\n>p1 move knockoff\n>p2 move fireblast\n>p1 move liquidation\n>p2 move fireblast terastallize\n>p2 switch 6\n>p1 move closecombat\n>p2 move seedbomb\n>p2 switch 2\n>p1 move knockoff\n>p2 move zenheadbutt\n>p1 move closecombat\n>p2 move icespinner\n>p1 switch 2\n>p1 move flareblitz\n>p2 move liquidation", "uploadtime": 1733907269, "views": 1, "formatid": "gen9randombattle", "rating": 1073, "private": 0, "password": null}