{"id": "gen9randombattle-2111718850", "format": "[Gen 9] Random Battle", "players": ["YBNCuck", "paysa"], "log": "|uhtml|medal-msg|<div class=\"broadcast-blue\">Curious what those medals under the avatar are? PS now has Ladder Seasons! For more information, check out the <a href=\"https://www.smogon.com/forums/threads/3740067/\">thread on Smogon.</a></div>\n|uhtml|medal-msg|<div class=\"broadcast-blue\">Curious what those medals under the avatar are? PS now has Ladder Seasons! For more information, check out the <a href=\"https://www.smogon.com/forums/threads/3740067/\">thread on Smogon.</a></div>\n|j|\u2606YBNCuck\n|j|\u2606paysa\n|t:|1714096290\n|gametype|singles\n|player|p1|YBNCuck|170|2243\n|player|p2|paysa|caitlin|2263\n|teamsize|p1|6\n|teamsize|p2|6\n|gen|9\n|tier|[Gen 9] Random Battle\n|rated|\n|rule|Species Clause: Limit one of each Pok\u00e9mon\n|rule|HP Percentage Mod: HP is shown in percentages\n|rule|Sleep Clause Mod: Limit one foe put to sleep\n|rule|Illusion Level Mod: Illusion disguises the Pok\u00e9mon's true level\n|\n|t:|1714096290\n|start\n|switch|p1a: Dipplin|Dipplin, L88, M|284/284\n|switch|p2a: Bombirdier|Bombirdier, L85, M|258/258\n|turn|1\n|inactive|Battle timer is ON: inactive players will automatically lose when time's up. (requested by paysa)\n|\n|t:|1714096301\n|switch|p1a: Hippowdon|Hippowdon, L82, F|311/311\n|-weather|Sandstorm|[from] ability: Sand Stream|[of] p1a: Hippowdon\n|move|p2a: Bombirdier|U-turn|p1a: Hippowdon\n|-damage|p1a: Hippowdon|263/311\n|\n|t:|1714096317\n|switch|p2a: Kingdra|Kingdra, L84, M|263/263|[from] U-turn\n|\n|-weather|Sandstorm|[upkeep]\n|-damage|p2a: Kingdra|247/263|[from] Sandstorm\n|-heal|p1a: Hippowdon|282/311|[from] item: Leftovers\n|upkeep\n|turn|2\n|\n|t:|1714096325\n|move|p2a: Kingdra|Dragon Dance|p2a: Kingdra\n|-boost|p2a: Kingdra|atk|1\n|-boost|p2a: Kingdra|spe|1\n|move|p1a: Hippowdon|Stealth Rock|p2a: Kingdra\n|-sidestart|p2: paysa|move: Stealth Rock\n|\n|-weather|Sandstorm|[upkeep]\n|-damage|p2a: Kingdra|231/263|[from] Sandstorm\n|-heal|p1a: Hippowdon|301/311|[from] item: Leftovers\n|upkeep\n|turn|3\n|j| Referrals\n|\n|t:|1714096337\n|switch|p1a: Dipplin|Dipplin, L88, M|284/284\n|move|p2a: Kingdra|Wave Crash|p1a: Dipplin\n|-resisted|p1a: Dipplin\n|-damage|p1a: Dipplin|260/284\n|-damage|p2a: Kingdra|223/263|[from] Recoil\n|\n|-weather|Sandstorm|[upkeep]\n|-damage|p2a: Kingdra|207/263|[from] Sandstorm\n|-damage|p1a: Dipplin|243/284|[from] Sandstorm\n|upkeep\n|turn|4\n|\n|t:|1714096342\n|switch|p1a: Quagsire|Quagsire, L84, M|297/297\n|move|p2a: Kingdra|Outrage|p1a: Quagsire\n|-damage|p1a: Quagsire|168/297\n|\n|-weather|Sandstorm|[upkeep]\n|-damage|p2a: Kingdra|191/263|[from] Sandstorm\n|-heal|p1a: Quagsire|186/297|[from] item: Leftovers\n|upkeep\n|turn|5\n|\n|t:|1714096349\n|move|p2a: Kingdra|Outrage|p1a: Quagsire|[from]lockedmove\n|-damage|p1a: Quagsire|68/297\n|move|p1a: Quagsire|Recover|p1a: Quagsire\n|-heal|p1a: Quagsire|217/297\n|\n|-weather|none\n|-heal|p1a: Quagsire|235/297|[from] item: Leftovers\n|upkeep\n|turn|6\n|\n|t:|1714096358\n|move|p2a: Kingdra|Outrage|p1a: Quagsire|[from]lockedmove\n|-damage|p1a: Quagsire|111/297\n|-start|p2a: Kingdra|confusion|[fatigue]\n|-enditem|p2a: Kingdra|Lum Berry|[eat]\n|-end|p2a: Kingdra|confusion\n|move|p1a: Quagsire|Recover|p1a: Quagsire\n|-heal|p1a: Quagsire|260/297\n|\n|-heal|p1a: Quagsire|278/297|[from] item: Leftovers\n|upkeep\n|turn|7\n|\n|t:|1714096378\n|switch|p2a: Scizor|Scizor, L79, M|240/240\n|-damage|p2a: Scizor|210/240|[from] Stealth Rock\n|move|p1a: Quagsire|Toxic|p2a: Scizor\n|-immune|p2a: Scizor\n|\n|-heal|p2a: Scizor|225/240|[from] item: Leftovers\n|-heal|p1a: Quagsire|296/297|[from] item: Leftovers\n|upkeep\n|turn|8\n|\n|t:|1714096385\n|move|p2a: Scizor|Knock Off|p1a: Quagsire\n|-damage|p1a: Quagsire|217/297\n|-enditem|p1a: Quagsire|Leftovers|[from] move: Knock Off|[of] p2a: Scizor\n|move|p1a: Quagsire|Spikes|p2a: Scizor\n|-sidestart|p2: paysa|Spikes\n|\n|-heal|p2a: Scizor|240/240|[from] item: Leftovers\n|upkeep\n|turn|9\n|\n|t:|1714096390\n|move|p2a: Scizor|Defog|p1a: Quagsire\n|-unboost|p1a: Quagsire|evasion|1\n|-sideend|p2: paysa|Spikes|[from] move: Defog|[of] p2a: Scizor\n|-sideend|p2: paysa|Stealth Rock|[from] move: Defog|[of] p2a: Scizor\n|move|p1a: Quagsire|Spikes|p2a: Scizor\n|-sidestart|p2: paysa|Spikes\n|\n|upkeep\n|turn|10\n|\n|t:|1714096395\n|move|p2a: Scizor|U-turn|p1a: Quagsire\n|-damage|p1a: Quagsire|138/297\n|\n|t:|1714096403\n|switch|p2a: Bombirdier|Bombirdier, L85, M|258/258|[from] U-turn\n|move|p1a: Quagsire|Earthquake|p2a: Bombirdier\n|-immune|p2a: Bombirdier\n|\n|upkeep\n|turn|11\n|\n|t:|1714096408\n|move|p2a: Bombirdier|Brave Bird|p1a: Quagsire\n|-damage|p1a: Quagsire|0 fnt\n|faint|p1a: Quagsire\n|-damage|p2a: Bombirdier|212/258|[from] Recoil\n|\n|upkeep\n|\n|t:|1714096412\n|switch|p1a: Raichu|Raichu-Alola, L87, F|246/246\n|turn|12\n|c|\u2606paysa|sweepers rejoice\n|\n|t:|1714096416\n|switch|p2a: Rhydon|Rhydon, L85, F|317/317\n|-damage|p2a: Rhydon|278/317|[from] Spikes\n|move|p1a: Raichu|Thunderbolt|p2a: Rhydon\n|-ability|p2a: Rhydon|Lightning Rod|boost\n|-boost|p2a: Rhydon|spa|1\n|\n|upkeep\n|turn|13\n|\n|t:|1714096423\n|switch|p1a: Dipplin|Dipplin, L88, M|243/284\n|move|p2a: Rhydon|Megahorn|p1a: Dipplin\n|-supereffective|p1a: Dipplin\n|-damage|p1a: Dipplin|113/284\n|\n|upkeep\n|turn|14\n|\n|t:|1714096427\n|switch|p2a: Bombirdier|Bombirdier, L85, M|212/258\n|move|p1a: Dipplin|Recover|p1a: Dipplin\n|-heal|p1a: Dipplin|255/284\n|\n|upkeep\n|turn|15\n|\n|t:|1714096434\n|switch|p1a: Hippowdon|Hippowdon, L82, F|301/311\n|-weather|Sandstorm|[from] ability: Sand Stream|[of] p1a: Hippowdon\n|move|p2a: Bombirdier|Brave Bird|p1a: Hippowdon\n|-damage|p1a: Hippowdon|195/311\n|-damage|p2a: Bombirdier|177/258|[from] Recoil\n|\n|-weather|Sandstorm|[upkeep]\n|-damage|p2a: Bombirdier|161/258|[from] Sandstorm\n|-heal|p1a: Hippowdon|214/311|[from] item: Leftovers\n|upkeep\n|turn|16\n|\n|t:|1714096439\n|switch|p2a: Scizor|Scizor, L79, M|240/240\n|-damage|p2a: Scizor|210/240|[from] Spikes\n|move|p1a: Hippowdon|Stealth Rock|p2a: Scizor\n|-sidestart|p2: paysa|move: Stealth Rock\n|\n|-weather|Sandstorm|[upkeep]\n|-heal|p2a: Scizor|225/240|[from] item: Leftovers\n|-heal|p1a: Hippowdon|233/311|[from] item: Leftovers\n|upkeep\n|turn|17\n|j| hfeath\n|\n|t:|1714096443\n|move|p2a: Scizor|Knock Off|p1a: Hippowdon\n|-damage|p1a: Hippowdon|165/311\n|-enditem|p1a: Hippowdon|Leftovers|[from] move: Knock Off|[of] p2a: Scizor\n|move|p1a: Hippowdon|Earthquake|p2a: Scizor\n|-damage|p2a: Scizor|110/240\n|\n|-weather|Sandstorm|[upkeep]\n|-heal|p2a: Scizor|125/240|[from] item: Leftovers\n|upkeep\n|turn|18\n|\n|t:|1714096447\n|move|p2a: Scizor|Defog|p1a: Hippowdon\n|-unboost|p1a: Hippowdon|evasion|1\n|-sideend|p2: paysa|Spikes|[from] move: Defog|[of] p2a: Scizor\n|-sideend|p2: paysa|Stealth Rock|[from] move: Defog|[of] p2a: Scizor\n|move|p1a: Hippowdon|Earthquake|p2a: Scizor\n|-damage|p2a: Scizor|25/240\n|\n|-weather|Sandstorm|[upkeep]\n|-heal|p2a: Scizor|40/240|[from] item: Leftovers\n|upkeep\n|turn|19\n|\n|t:|1714096450\n|move|p2a: Scizor|U-turn|p1a: Hippowdon\n|-damage|p1a: Hippowdon|99/311\n|\n|t:|1714096454\n|switch|p2a: Kingdra|Kingdra, L84, M|191/263|[from] U-turn\n|move|p1a: Hippowdon|Stealth Rock|p2a: Kingdra\n|-sidestart|p2: paysa|move: Stealth Rock\n|\n|-weather|none\n|upkeep\n|turn|20\n|\n|t:|1714096465\n|switch|p1a: Metagross|Metagross, L79|256/256\n|move|p2a: Kingdra|Dragon Dance|p2a: Kingdra\n|-boost|p2a: Kingdra|atk|1\n|-boost|p2a: Kingdra|spe|1\n|\n|upkeep\n|turn|21\n|\n|t:|1714096469\n|move|p2a: Kingdra|Wave Crash|p1a: Metagross\n|-damage|p1a: Metagross|120/256\n|-damage|p2a: Kingdra|146/263|[from] Recoil\n|move|p1a: Metagross|Psychic Fangs|p2a: Kingdra\n|-damage|p2a: Kingdra|5/263\n|\n|upkeep\n|turn|22\n|c| Referrals|we dancin and crashin\n|\n|t:|1714096476\n|switch|p1a: Hippowdon|Hippowdon, L82, F|99/311\n|-weather|Sandstorm|[from] ability: Sand Stream|[of] p1a: Hippowdon\n|move|p2a: Kingdra|Outrage|p1a: Hippowdon\n|-damage|p1a: Hippowdon|0 fnt\n|faint|p1a: Hippowdon\n|\n|-weather|Sandstorm|[upkeep]\n|-damage|p2a: Kingdra|0 fnt|[from] Sandstorm\n|faint|p2a: Kingdra\n|upkeep\n|c|\u2606paysa|it isnt fun unless you set up fr\n|\n|t:|1714096499\n|switch|p2a: Bombirdier|Bombirdier, L85, M|161/258\n|switch|p1a: Golduck|Golduck, L90, F|290/290\n|-damage|p2a: Bombirdier|97/258|[from] Stealth Rock\n|-ability|p1a: Golduck|Cloud Nine\n|turn|23\n|\n|t:|1714096507\n|move|p2a: Bombirdier|U-turn|p1a: Golduck\n|-damage|p1a: Golduck|238/290\n|\n|t:|1714096513\n|switch|p2a: Porygon2|Porygon2, L82|274/274|[from] U-turn\n|-damage|p2a: Porygon2|240/274|[from] Stealth Rock\n|-ability|p2a: Porygon2|Download|boost\n|-boost|p2a: Porygon2|atk|1\n|move|p1a: Golduck|Ice Beam|p2a: Porygon2\n|-damage|p2a: Porygon2|175/274\n|-damage|p1a: Golduck|209/290|[from] item: Life Orb\n|\n|-weather|Sandstorm|[upkeep]\n|upkeep\n|turn|24\n|\n|t:|1714096522\n|switch|p1a: Metagross|Metagross, L79|120/256\n|move|p2a: Porygon2|Recover|p2a: Porygon2\n|-heal|p2a: Porygon2|274/274\n|\n|-weather|Sandstorm|[upkeep]\n|-damage|p2a: Porygon2|257/274|[from] Sandstorm\n|upkeep\n|turn|25\n|\n|t:|1714096547\n|move|p1a: Metagross|Knock Off|p2a: Porygon2\n|-damage|p2a: Porygon2|173/274\n|-enditem|p2a: Porygon2|Eviolite|[from] move: Knock Off|[of] p1a: Metagross\n|move|p2a: Porygon2|Recover|p2a: Porygon2\n|-heal|p2a: Porygon2|274/274\n|\n|-weather|Sandstorm|[upkeep]\n|-damage|p2a: Porygon2|257/274|[from] Sandstorm\n|upkeep\n|turn|26\n|\n|t:|1714096558\n|switch|p1a: Dipplin|Dipplin, L88, M|255/284\n|move|p2a: Porygon2|Tri Attack|p1a: Dipplin\n|-damage|p1a: Dipplin|201/284\n|\n|-weather|none\n|upkeep\n|turn|27\n|\n|t:|1714096562\n|move|p2a: Porygon2|Ice Beam|p1a: Dipplin\n|-supereffective|p1a: Dipplin\n|-damage|p1a: Dipplin|17/284\n|move|p1a: Dipplin|Dragon Tail|p2a: Porygon2\n|-damage|p2a: Porygon2|194/274\n|drag|p2a: Espathra|Espathra, L80, M|283/283\n|-damage|p2a: Espathra|248/283|[from] Stealth Rock\n|\n|-heal|p2a: Espathra|265/283|[from] item: Leftovers\n|upkeep\n|turn|28\n|j| pepitodecrema\n|\n|t:|1714096587\n|switch|p1a: Raichu|Raichu-Alola, L87, F|246/246\n|move|p2a: Espathra|Dazzling Gleam|p1a: Raichu\n|-damage|p1a: Raichu|192/246\n|\n|-heal|p2a: Espathra|282/283|[from] item: Leftovers\n|-ability|p2a: Espathra|Speed Boost|boost\n|-boost|p2a: Espathra|spe|1\n|upkeep\n|turn|29\n|\n|t:|1714096607\n|move|p2a: Espathra|Calm Mind|p2a: Espathra\n|-boost|p2a: Espathra|spa|1\n|-boost|p2a: Espathra|spd|1\n|move|p1a: Raichu|Alluring Voice|p2a: Espathra\n|-damage|p2a: Espathra|207/283\n|-start|p2a: Espathra|confusion\n|\n|-heal|p2a: Espathra|224/283|[from] item: Leftovers\n|-ability|p2a: Espathra|Speed Boost|boost\n|-boost|p2a: Espathra|spe|1\n|upkeep\n|turn|30\n|\n|t:|1714096617\n|switch|p1a: Metagross|Metagross, L79|120/256\n|-activate|p2a: Espathra|confusion\n|move|p2a: Espathra|Stored Power|p1a: Metagross\n|-resisted|p1a: Metagross\n|-damage|p1a: Metagross|83/256\n|\n|-heal|p2a: Espathra|241/283|[from] item: Leftovers\n|-ability|p2a: Espathra|Speed Boost|boost\n|-boost|p2a: Espathra|spe|1\n|upkeep\n|turn|31\n|\n|t:|1714096634\n|switch|p2a: Scizor|Scizor, L79, M|40/240\n|-damage|p2a: Scizor|10/240|[from] Stealth Rock\n|move|p1a: Metagross|Heavy Slam|p2a: Scizor\n|-resisted|p2a: Scizor\n|-damage|p2a: Scizor|0 fnt\n|faint|p2a: Scizor\n|\n|upkeep\n|\n|t:|1714096637\n|switch|p2a: Bombirdier|Bombirdier, L85, M|97/258\n|-damage|p2a: Bombirdier|33/258|[from] Stealth Rock\n|turn|32\n|\n|t:|1714096651\n|switch|p1a: Golduck|Golduck, L90, F|209/290\n|-ability|p1a: Golduck|Cloud Nine\n|move|p2a: Bombirdier|Knock Off|p1a: Golduck\n|-damage|p1a: Golduck|104/290\n|-enditem|p1a: Golduck|Life Orb|[from] move: Knock Off|[of] p2a: Bombirdier\n|\n|upkeep\n|turn|33\n|c|\u2606paysa|crit\n|\n|t:|1714096662\n|move|p2a: Bombirdier|Knock Off|p1a: Golduck\n|-damage|p1a: Golduck|32/290\n|move|p1a: Golduck|Ice Beam|p2a: Bombirdier\n|-supereffective|p2a: Bombirdier\n|-damage|p2a: Bombirdier|0 fnt\n|faint|p2a: Bombirdier\n|\n|upkeep\n|c|\u2606paysa|fraud\n|\n|t:|1714096670\n|switch|p2a: Espathra|Espathra, L80, M|241/283\n|-damage|p2a: Espathra|206/283|[from] Stealth Rock\n|turn|34\n|\n|t:|1714096686\n|move|p2a: Espathra|Dazzling Gleam|p1a: Golduck\n|-damage|p1a: Golduck|0 fnt\n|faint|p1a: Golduck\n|\n|-heal|p2a: Espathra|223/283|[from] item: Leftovers\n|-ability|p2a: Espathra|Speed Boost|boost\n|-boost|p2a: Espathra|spe|1\n|upkeep\n|\n|t:|1714096694\n|switch|p1a: Metagross|Metagross, L79|83/256\n|turn|35\n|\n|t:|1714096700\n|switch|p2a: Rhydon|Rhydon, L85, F|278/317\n|-damage|p2a: Rhydon|259/317|[from] Stealth Rock\n|move|p1a: Metagross|Heavy Slam|p2a: Rhydon\n|-supereffective|p2a: Rhydon\n|-damage|p2a: Rhydon|65/317\n|\n|upkeep\n|turn|36\n|\n|t:|1714096705\n|move|p1a: Metagross|Heavy Slam|p2a: Rhydon\n|-supereffective|p2a: Rhydon\n|-damage|p2a: Rhydon|0 fnt\n|faint|p2a: Rhydon\n|\n|upkeep\n|\n|t:|1714096708\n|switch|p2a: Porygon2|Porygon2, L82|194/274\n|-damage|p2a: Porygon2|160/274|[from] Stealth Rock\n|-ability|p2a: Porygon2|Download|boost\n|-boost|p2a: Porygon2|spa|1\n|turn|37\n|\n|t:|1714096716\n|switch|p1a: Dipplin|Dipplin, L88, M|17/284\n|-terastallize|p2a: Porygon2|Electric\n|move|p2a: Porygon2|Discharge|p1a: Dipplin\n|-resisted|p1a: Dipplin\n|-damage|p1a: Dipplin|0 fnt\n|faint|p1a: Dipplin\n|\n|upkeep\n|\n|t:|1714096729\n|switch|p1a: Raichu|Raichu-Alola, L87, F|192/246\n|turn|38\n|\n|t:|1714096734\n|-terastallize|p1a: Raichu|Fairy\n|move|p1a: Raichu|Alluring Voice|p2a: Porygon2\n|-damage|p2a: Porygon2|30/274\n|move|p2a: Porygon2|Recover|p2a: Porygon2\n|-heal|p2a: Porygon2|167/274\n|\n|upkeep\n|turn|39\n|\n|t:|1714096740\n|move|p1a: Raichu|Alluring Voice|p2a: Porygon2\n|-damage|p2a: Porygon2|40/274\n|move|p2a: Porygon2|Recover|p2a: Porygon2\n|-heal|p2a: Porygon2|177/274\n|\n|upkeep\n|turn|40\n|\n|t:|1714096744\n|move|p1a: Raichu|Alluring Voice|p2a: Porygon2\n|-damage|p2a: Porygon2|54/274\n|move|p2a: Porygon2|Recover|p2a: Porygon2\n|-heal|p2a: Porygon2|191/274\n|\n|upkeep\n|turn|41\n|\n|t:|1714096746\n|move|p1a: Raichu|Alluring Voice|p2a: Porygon2\n|-crit|p2a: Porygon2\n|-damage|p2a: Porygon2|0 fnt\n|faint|p2a: Porygon2\n|\n|upkeep\n|\n|t:|1714096749\n|switch|p2a: Espathra|Espathra, L80, M|223/283\n|-damage|p2a: Espathra|188/283|[from] Stealth Rock\n|turn|42\n|c| pepitodecrema|nooo\n|c|\u2606YBNCuck|crit\n|\n|t:|1714096760\n|move|p1a: Raichu|Alluring Voice|p2a: Espathra\n|-damage|p2a: Espathra|13/283\n|move|p2a: Espathra|Calm Mind|p2a: Espathra\n|-boost|p2a: Espathra|spa|1\n|-boost|p2a: Espathra|spd|1\n|\n|-heal|p2a: Espathra|30/283|[from] item: Leftovers\n|-ability|p2a: Espathra|Speed Boost|boost\n|-boost|p2a: Espathra|spe|1\n|upkeep\n|turn|43\n|\n|t:|1714096765\n|move|p2a: Espathra|Roost|p2a: Espathra\n|-heal|p2a: Espathra|172/283\n|-singleturn|p2a: Espathra|move: Roost\n|move|p1a: Raichu|Alluring Voice|p2a: Espathra\n|-damage|p2a: Espathra|52/283\n|\n|-heal|p2a: Espathra|69/283|[from] item: Leftovers\n|-ability|p2a: Espathra|Speed Boost|boost\n|-boost|p2a: Espathra|spe|1\n|upkeep\n|turn|44\n|\n|t:|1714096786\n|switch|p1a: Metagross|Metagross, L79|83/256\n|move|p2a: Espathra|Dazzling Gleam|p1a: Metagross\n|-resisted|p1a: Metagross\n|-damage|p1a: Metagross|40/256\n|\n|-heal|p2a: Espathra|86/283|[from] item: Leftovers\n|-ability|p2a: Espathra|Speed Boost|boost\n|-boost|p2a: Espathra|spe|1\n|upkeep\n|turn|45\n|c|\u2606paysa|gg\n|\n|t:|1714096793\n|move|p1a: Metagross|Bullet Punch|p2a: Espathra\n|-damage|p2a: Espathra|0 fnt\n|faint|p2a: Espathra\n|\n|win|YBNCuck\n|raw|YBNCuck's rating: 2243 &rarr; <strong>2264</strong><br />(+21 for winning)\n|raw|paysa's rating: 2263 &rarr; <strong>2242</strong><br />(-21 for losing)\n|c|\u2606paysa|fuck\n|c|\u2606paysa|gg\n|c|\u2606YBNCuck|gg\n|l|\u2606paysa\n|player|p2|\n|l| Referrals\n|l| pepitodecrema\n", "inputlog": ">version 56c3b69fcd3b113ffc796eb8c36c032ea017d75b\n>start {\"formatid\":\"gen9randombattle\",\"seed\":[11342,37074,10323,29257],\"rated\":\"Rated battle\"}\n>player p1 {\"name\":\"YBNCuck\",\"avatar\":\"170\",\"rating\":2243,\"seed\":[809,12710,42482,48262]}\n>player p2 {\"name\":\"paysa\",\"avatar\":\"caitlin\",\"rating\":2263,\"seed\":[56756,32893,37689,12206]}\n>p1 switch 2\n>p2 move uturn\n>p2 switch 6\n>p1 move stealthrock\n>p2 move dragondance\n>p1 switch 2\n>p2 move wavecrash\n>p1 switch 4\n>p2 move outrage\n>p1 move recover\n>p2 move outrage\n>p1 move recover\n>p2 move outrage\n>p1 move toxic\n>p2 switch 3\n>p1 move spikes\n>p2 move knockoff\n>p1 move spikes\n>p2 move defog\n>p1 move earthquake\n>p2 move uturn\n>p2 switch 6\n>p1 move recover\n>p2 move bravebird\n>p1 switch 6\n>chat \u2606paysa|sweepers rejoice\n>p1 move thunderbolt\n>p2 switch 4\n>p1 switch 4\n>p2 move megahorn\n>p1 move recover\n>p2 switch 4\n>p1 switch 2\n>p2 move bravebird\n>p1 move stealthrock\n>p2 switch 6\n>p1 move earthquake\n>p2 move knockoff\n>p1 move earthquake\n>p2 move defog\n>p1 move stealthrock\n>p2 move uturn\n>p2 switch 3\n>p1 switch 3\n>p2 move dragondance\n>p1 move psychicfangs\n>p2 move wavecrash\n>chat  Referrals|we dancin and crashin\n>p1 switch 3\n>p2 move outrage\n>chat \u2606paysa|it isnt fun unless you set up fr\n>p1 switch 5\n>p2 switch 6\n>p1 move icebeam\n>p2 move uturn\n>p2 switch 2\n>p1 switch 3\n>p2 move recover\n>p1 move knockoff\n>p2 move recover\n>p1 switch 2\n>p2 move triattack\n>p1 move dragontail\n>p2 move icebeam\n>p1 switch 4\n>p2 move dazzlinggleam\n>p1 move alluringvoice\n>p2 move calmmind\n>p1 switch 2\n>p2 move storedpower\n>p1 move heavyslam\n>p2 switch 3\n>p2 switch 2\n>p1 switch 3\n>p2 move knockoff\n>chat \u2606paysa|crit\n>p1 move icebeam\n>p2 move knockoff\n>chat \u2606paysa|fraud\n>p2 switch 3\n>p1 move hydropump\n>p2 move dazzlinggleam\n>p1 switch 3\n>p1 move heavyslam\n>p2 switch 4\n>p1 move heavyslam\n>p2 move earthquake\n>p2 switch 5\n>p1 switch 4\n>p2 move discharge terastallize\n>p1 switch 2\n>p1 move alluringvoice terastallize\n>p2 move recover\n>p1 move alluringvoice\n>p2 move recover\n>p1 move alluringvoice\n>p2 move recover\n>p1 move alluringvoice\n>p2 move recover\n>p2 switch 4\n>chat  pepitodecrema|nooo\n>chat \u2606YBNCuck|crit\n>p1 move alluringvoice\n>p2 move calmmind\n>p1 move alluringvoice\n>p2 move roost\n>p1 switch 4\n>p2 move dazzlinggleam\n>chat \u2606paysa|gg\n>p1 move bulletpunch\n>p2 move storedpower", "uploadtime": 1714096830, "views": 239, "formatid": "gen9randombattle", "rating": 2242, "private": 0, "password": null}