{"id": "gen9randombattle-2260884135", "format": "[Gen 9] Random Battle", "players": ["ravenoid1", "Flowey Hugo"], "log": "|j|\u2606ravenoid1\n|j|\u2606Flowey Hugo\n|t:|1733910506\n|gametype|singles\n|player|p1|ravenoid1|2|1101\n|player|p2|Flowey Hugo|roxie|1146\n|teamsize|p1|6\n|teamsize|p2|6\n|gen|9\n|tier|[Gen 9] Random Battle\n|rated|\n|rule|Species Clause: Limit one of each Pok\u00e9mon\n|rule|HP Percentage Mod: HP is shown in percentages\n|rule|Sleep Clause Mod: Limit one foe put to sleep\n|rule|Illusion Level Mod: Illusion disguises the Pok\u00e9mon's true level\n|\n|t:|1733910506\n|start\n|switch|p1a: Miraidon|Miraidon, L65|238/238\n|switch|p2a: Inteleon|Inteleon, L81, M|246/246\n|-fieldstart|move: Electric Terrain|[from] ability: Hadron Engine|[of] p1a: Miraidon\n|turn|1\n|\n|t:|1733910527\n|switch|p2a: Morpeko|Morpeko, L88, F|245/245\n|move|p1a: Miraidon|Electro Drift|p2a: Morpeko\n|-resisted|p2a: Morpeko\n|-damage|p2a: Morpeko|105/245\n|\n|-heal|p2a: Morpeko|120/245|[from] item: Leftovers\n|-formechange|p2a: Morpeko|Morpeko-Hangry||[from] ability: Hunger Switch\n|upkeep\n|turn|2\n|inactive|Battle timer is ON: inactive players will automatically lose when time's up. (requested by Flowey Hugo)\n|\n|t:|1733910544\n|move|p2a: Morpeko|Aura Wheel|p1a: Miraidon\n|-damage|p1a: Miraidon|93/238\n|-boost|p2a: Morpeko|spe|1\n|move|p1a: Miraidon|Electro Drift|p2a: Morpeko\n|-resisted|p2a: Morpeko\n|-damage|p2a: Morpeko|0 fnt\n|faint|p2a: Morpeko\n|\n|upkeep\n|\n|t:|1733910557\n|switch|p2a: Uxie|Uxie, L83|260/260\n|turn|3\n|\n|t:|1733910564\n|move|p1a: Miraidon|Electro Drift|p2a: Uxie\n|-damage|p2a: Uxie|107/260\n|move|p2a: Uxie|Stealth Rock|p1a: Miraidon\n|-sidestart|p1: ravenoid1|move: Stealth Rock\n|\n|-heal|p2a: Uxie|123/260|[from] item: Leftovers\n|upkeep\n|turn|4\n|\n|t:|1733910575\n|move|p1a: Miraidon|Electro Drift|p2a: Uxie\n|-damage|p2a: Uxie|0 fnt\n|faint|p2a: Uxie\n|\n|upkeep\n|\n|t:|1733910585\n|switch|p2a: Urshifu|Urshifu-Rapid-Strike, L75, M|274/274\n|turn|5\n|\n|t:|1733910596\n|move|p1a: Miraidon|Electro Drift|p2a: Urshifu\n|-supereffective|p2a: Urshifu\n|-damage|p2a: Urshifu|0 fnt\n|faint|p2a: Urshifu\n|\n|-fieldend|move: Electric Terrain\n|upkeep\n|\n|t:|1733910604\n|switch|p2a: Bombirdier|Bombirdier, L85, M|258/258\n|turn|6\n|\n|t:|1733910617\n|-terastallize|p2a: Bombirdier|Steel\n|move|p1a: Miraidon|Electro Drift|p2a: Bombirdier\n|-damage|p2a: Bombirdier|135/258\n|move|p2a: Bombirdier|Knock Off|p1a: Miraidon\n|-damage|p1a: Miraidon|0 fnt\n|-enditem|p1a: Miraidon|Choice Specs|[from] move: Knock Off|[of] p2a: Bombirdier\n|faint|p1a: Miraidon\n|\n|upkeep\n|\n|t:|1733910629\n|switch|p1a: Houndoom|Houndoom, L87, F|272/272\n|turn|7\n|\n|t:|1733910638\n|switch|p2a: Inteleon|Inteleon, L81, M|246/246\n|move|p1a: Houndoom|Fire Blast|p2a: Inteleon|[miss]\n|-miss|p1a: Houndoom|p2a: Inteleon\n|\n|upkeep\n|turn|8\n|\n|t:|1733910647\n|move|p1a: Houndoom|Sucker Punch|p2a: Inteleon\n|-damage|p2a: Inteleon|149/246\n|move|p2a: Inteleon|Hydro Pump|p1a: Houndoom\n|-supereffective|p1a: Houndoom\n|-damage|p1a: Houndoom|0 fnt\n|faint|p1a: Houndoom\n|\n|upkeep\n|\n|t:|1733910655\n|switch|p1a: Toxtricity|Toxtricity, L82, M|257/257\n|-damage|p1a: Toxtricity|225/257|[from] Stealth Rock\n|turn|9\n|\n|t:|1733910662\n|switch|p2a: Bombirdier|Bombirdier, L85, M, tera:Steel|135/258\n|move|p1a: Toxtricity|Overdrive|p2a: Bombirdier\n|-damage|p2a: Bombirdier|17/258\n|-enditem|p1a: Toxtricity|Throat Spray\n|-boost|p1a: Toxtricity|spa|1|[from] item: Throat Spray\n|\n|upkeep\n|turn|10\n|\n|t:|1733910672\n|move|p2a: Bombirdier|Roost|p2a: Bombirdier\n|-heal|p2a: Bombirdier|146/258\n|move|p1a: Toxtricity|Overdrive|p2a: Bombirdier\n|-damage|p2a: Bombirdier|0 fnt\n|faint|p2a: Bombirdier\n|\n|upkeep\n|\n|t:|1733910680\n|switch|p2a: Illumise|Illumise, L91, F|266/266\n|turn|11\n|\n|t:|1733910688\n|move|p2a: Illumise|Bug Buzz|p1a: Toxtricity\n|-resisted|p1a: Toxtricity\n|-damage|p1a: Toxtricity|200/257\n|move|p1a: Toxtricity|Gunk Shot|p2a: Illumise\n|-damage|p2a: Illumise|142/266\n|\n|upkeep\n|turn|12\n|\n|t:|1733910696\n|move|p2a: Illumise|Roost|p2a: Illumise\n|-heal|p2a: Illumise|266/266\n|-singleturn|p2a: Illumise|move: Roost\n|move|p1a: Toxtricity|Boomburst|p2a: Illumise\n|-damage|p2a: Illumise|83/266\n|\n|upkeep\n|turn|13\n|\n|t:|1733910703\n|move|p2a: Illumise|Roost|p2a: Illumise\n|-heal|p2a: Illumise|216/266\n|-singleturn|p2a: Illumise|move: Roost\n|move|p1a: Toxtricity|Gunk Shot|p2a: Illumise\n|-damage|p2a: Illumise|96/266\n|\n|upkeep\n|turn|14\n|\n|t:|1733910710\n|move|p2a: Illumise|Roost|p2a: Illumise\n|-heal|p2a: Illumise|229/266\n|-singleturn|p2a: Illumise|move: Roost\n|move|p1a: Toxtricity|Gunk Shot|p2a: Illumise\n|-damage|p2a: Illumise|111/266\n|-status|p2a: Illumise|psn\n|\n|-damage|p2a: Illumise|78/266 psn|[from] psn\n|upkeep\n|turn|15\n|\n|t:|1733910722\n|move|p2a: Illumise|Roost|p2a: Illumise\n|-heal|p2a: Illumise|211/266 psn\n|-singleturn|p2a: Illumise|move: Roost\n|move|p1a: Toxtricity|Gunk Shot|p2a: Illumise\n|-damage|p2a: Illumise|87/266 psn\n|\n|-damage|p2a: Illumise|54/266 psn|[from] psn\n|upkeep\n|turn|16\n|\n|t:|1733910731\n|move|p2a: Illumise|Roost|p2a: Illumise\n|-heal|p2a: Illumise|187/266 psn\n|-singleturn|p2a: Illumise|move: Roost\n|move|p1a: Toxtricity|Boomburst|p2a: Illumise\n|-damage|p2a: Illumise|0 fnt\n|faint|p2a: Illumise\n|\n|upkeep\n|\n|t:|1733910739\n|switch|p2a: Inteleon|Inteleon, L81, M|149/246\n|turn|17\n|\n|t:|1733910747\n|move|p2a: Inteleon|Ice Beam|p1a: Toxtricity\n|-damage|p1a: Toxtricity|63/257\n|move|p1a: Toxtricity|Overdrive|p2a: Inteleon\n|-supereffective|p2a: Inteleon\n|-crit|p2a: Inteleon\n|-damage|p2a: Inteleon|0 fnt\n|faint|p2a: Inteleon\n|\n|win|ravenoid1\n|raw|ravenoid1's rating: 1101 &rarr; <strong>1129</strong><br />(+28 for winning)\n|raw|Flowey Hugo's rating: 1146 &rarr; <strong>1118</strong><br />(-28 for losing)\n", "inputlog": ">version bfd83cad13791eb5a5a409923076391caf6fb4d4\n>start {\"formatid\":\"gen9randombattle\",\"seed\":[31513,56083,50363,34482],\"rated\":\"Rated battle\"}\n>player p1 {\"name\":\"ravenoid1\",\"avatar\":\"2\",\"rating\":1101,\"seed\":[1173,42494,56355,22186]}\n>player p2 {\"name\":\"Flowey Hugo\",\"avatar\":\"roxie\",\"rating\":1146,\"seed\":[54183,12857,37744,51224]}\n>p1 move electrodrift\n>p2 switch 6\n>p1 move electrodrift\n>p2 move aurawheel\n>p2 switch 5\n>p1 move electrodrift\n>p2 move stealthrock\n>p1 move electrodrift\n>p2 move knockoff\n>p2 switch 4\n>p1 move electrodrift\n>p2 move icespinner\n>p2 switch 3\n>p1 move electrodrift\n>p2 move knockoff terastallize\n>p1 switch 3\n>p1 move fireblast\n>p2 switch 6\n>p1 move suckerpunch\n>p2 move hydropump\n>p1 switch 2\n>p1 move overdrive\n>p2 switch 6\n>p1 move overdrive\n>p2 move roost\n>p2 switch 2\n>p1 move gunkshot\n>p2 move bugbuzz\n>p1 move boomburst\n>p2 move roost\n>p1 move gunkshot\n>p2 move roost\n>p1 move gunkshot\n>p2 move roost\n>p1 move gunkshot\n>p2 move roost\n>p1 move boomburst\n>p2 move roost\n>p2 switch 6\n>p1 move overdrive\n>p2 move icebeam", "uploadtime": 1733910760, "views": 1, "formatid": "gen9randombattle", "rating": 1118, "private": 0, "password": null}