{"id": "gen9randombattle-2259953471", "format": "[Gen 9] Random Battle", "players": ["Geoff Bridges", "ToxicWyvern"], "log": "|j|\u2606Geoff Bridges\n|j|\u2606ToxicWyvern\n|t:|1733783743\n|gametype|singles\n|player|p1|Geoff Bridges|265|1605\n|player|p2|ToxicWyvern|ethan|1644\n|teamsize|p1|6\n|teamsize|p2|6\n|gen|9\n|tier|[Gen 9] Random Battle\n|rated|\n|rule|Species Clause: Limit one of each Pok\u00e9mon\n|rule|HP Percentage Mod: HP is shown in percentages\n|rule|Sleep Clause Mod: Limit one foe put to sleep\n|rule|Illusion Level Mod: Illusion disguises the Pok\u00e9mon's true level\n|\n|t:|1733783743\n|start\n|switch|p1a: Tatsugiri|Tatsugiri, L87, M|260/260\n|switch|p2a: Latias|Latias, L79, F|256/256\n|turn|1\n|\n|t:|1733783778\n|switch|p1a: Probopass|Probopass, L92, F|260/260\n|move|p2a: Latias|Draco Meteor|p1a: Probopass\n|-resisted|p1a: Probopass\n|-damage|p1a: Probopass|211/260\n|-unboost|p2a: Latias|spa|2\n|\n|-heal|p1a: Probopass|227/260|[from] item: Leftovers\n|upkeep\n|turn|2\n|\n|t:|1733783789\n|switch|p2a: Grumpig|Grumpig, L92, M|297/297\n|move|p1a: Probopass|Iron Defense|p1a: Probopass\n|-boost|p1a: Probopass|def|2\n|\n|-heal|p1a: Probopass|243/260|[from] item: Leftovers\n|upkeep\n|turn|3\n|inactive|Battle timer is ON: inactive players will automatically lose when time's up. (requested by Geoff Bridges)\n|\n|t:|1733783841\n|move|p2a: Grumpig|Trick|p1a: Probopass\n|-activate|p2a: Grumpig|move: Trick|[of] p1a: Probopass\n|-item|p1a: Probopass|Choice Scarf|[from] move: Trick\n|-item|p2a: Grumpig|Leftovers|[from] move: Trick\n|move|p1a: Probopass|Body Press|p2a: Grumpig\n|-resisted|p2a: Grumpig\n|-damage|p2a: Grumpig|193/297\n|\n|-heal|p2a: Grumpig|211/297|[from] item: Leftovers\n|upkeep\n|turn|4\n|\n|t:|1733783846\n|move|p2a: Grumpig|Earth Power|p1a: Probopass\n|-supereffective|p1a: Probopass\n|-damage|p1a: Probopass|63/260\n|move|p1a: Probopass|Body Press|p2a: Grumpig\n|-resisted|p2a: Grumpig\n|-damage|p2a: Grumpig|109/297\n|\n|-heal|p2a: Grumpig|127/297|[from] item: Leftovers\n|upkeep\n|turn|5\n|inactive|Geoff Bridges has 120 seconds left.\n|\n|t:|1733783882\n|switch|p1a: Eelektross|Eelektross, L87, F|290/290\n|move|p2a: Grumpig|Shadow Ball|p1a: Eelektross\n|-damage|p1a: Eelektross|245/290\n|\n|-heal|p2a: Grumpig|145/297|[from] item: Leftovers\n|upkeep\n|turn|6\n|\n|t:|1733783893\n|move|p2a: Grumpig|Trick|p1a: Eelektross\n|-activate|p2a: Grumpig|move: Trick|[of] p1a: Eelektross\n|-item|p1a: Eelektross|Leftovers|[from] move: Trick\n|-item|p2a: Grumpig|Assault Vest|[from] move: Trick\n|move|p1a: Eelektross|U-turn|p2a: Grumpig\n|-supereffective|p2a: Grumpig\n|-damage|p2a: Grumpig|5/297\n|inactive|Geoff Bridges has 120 seconds left.\n|\n|t:|1733783908\n|switch|p1a: Tatsugiri|Tatsugiri, L87, M|260/260|[from] U-turn\n|\n|upkeep\n|turn|7\n|\n|t:|1733783911\n|move|p2a: Grumpig|Psyshock|p1a: Tatsugiri\n|-crit|p1a: Tatsugiri\n|-damage|p1a: Tatsugiri|67/260\n|move|p1a: Tatsugiri|Rapid Spin|p2a: Grumpig\n|-damage|p2a: Grumpig|0 fnt\n|-boost|p1a: Tatsugiri|spe|1\n|faint|p2a: Grumpig\n|\n|upkeep\n|\n|t:|1733783918\n|switch|p2a: Goodra|Goodra-Hisui, L82, M|265/265\n|turn|8\n|\n|t:|1733783926\n|switch|p1a: Deoxys|Deoxys-Defense, L84|221/221\n|-ability|p1a: Deoxys|Pressure\n|move|p2a: Goodra|Dragon Tail|p1a: Deoxys\n|-damage|p1a: Deoxys|179/221\n|drag|p1a: Greninja|Greninja, L80, M|246/246\n|\n|upkeep\n|turn|9\n|inactive|ToxicWyvern has 120 seconds left.\n|inactive|ToxicWyvern has 90 seconds left.\n|\n|t:|1733784005\n|move|p1a: Greninja|Grass Knot|p2a: Goodra\n|-start|p1a: Greninja|typechange|Grass|[from] ability: Protean\n|-ability|p2a: Goodra|Sap Sipper|boost\n|-boost|p2a: Goodra|atk|1\n|move|p2a: Goodra|Dragon Tail|p1a: Greninja\n|-damage|p1a: Greninja|134/246\n|drag|p1a: Eelektross|Eelektross, L87, F|245/290\n|\n|-heal|p1a: Eelektross|263/290|[from] item: Leftovers\n|upkeep\n|turn|10\n|\n|t:|1733784016\n|move|p2a: Goodra|Knock Off|p1a: Eelektross\n|-damage|p1a: Eelektross|155/290\n|-enditem|p1a: Eelektross|Leftovers|[from] move: Knock Off|[of] p2a: Goodra\n|move|p1a: Eelektross|Dragon Tail|p2a: Goodra\n|-damage|p2a: Goodra|219/265\n|drag|p2a: Barraskewda|Barraskewda, L81, M|231/231\n|\n|upkeep\n|turn|11\n|inactive|ToxicWyvern has 90 seconds left.\n|inactive|ToxicWyvern has 60 seconds left.\n|\n|t:|1733784079\n|move|p2a: Barraskewda|Flip Turn|p1a: Eelektross\n|-damage|p1a: Eelektross|47/290\n|\n|t:|1733784083\n|switch|p2a: Goodra|Goodra-Hisui, L82, M|219/265|[from] Flip Turn\n|move|p1a: Eelektross|Discharge|p2a: Goodra\n|-resisted|p2a: Goodra\n|-damage|p2a: Goodra|199/265\n|\n|upkeep\n|turn|12\n|\n|t:|1733784093\n|move|p2a: Goodra|Knock Off|p1a: Eelektross\n|-damage|p1a: Eelektross|0 fnt\n|faint|p1a: Eelektross\n|\n|upkeep\n|\n|t:|1733784096\n|switch|p1a: Torkoal|Torkoal, L88, M|266/266\n|-weather|SunnyDay|[from] ability: Drought|[of] p1a: Torkoal\n|turn|13\n|inactive|ToxicWyvern has 60 seconds left.\n|inactive|ToxicWyvern has 30 seconds left.\n|inactive|ToxicWyvern has 20 seconds left.\n|\n|t:|1733784145\n|move|p2a: Goodra|Knock Off|p1a: Torkoal\n|-damage|p1a: Torkoal|224/266\n|-enditem|p1a: Torkoal|Heavy-Duty Boots|[from] move: Knock Off|[of] p2a: Goodra\n|move|p1a: Torkoal|Lava Plume|p2a: Goodra\n|-damage|p2a: Goodra|145/265\n|\n|-weather|SunnyDay|[upkeep]\n|upkeep\n|turn|14\n|inactive|ToxicWyvern has 30 seconds left this turn.\n|\n|t:|1733784164\n|move|p2a: Goodra|Draco Meteor|p1a: Torkoal\n|-damage|p1a: Torkoal|47/266\n|-unboost|p2a: Goodra|spa|2\n|move|p1a: Torkoal|Earthquake|p2a: Goodra\n|-supereffective|p2a: Goodra\n|-damage|p2a: Goodra|1/265\n|\n|-weather|SunnyDay|[upkeep]\n|upkeep\n|turn|15\n|inactive|ToxicWyvern has 30 seconds left.\n|inactive|ToxicWyvern has 20 seconds left.\n|\n|t:|1733784182\n|move|p2a: Goodra|Draco Meteor|p1a: Torkoal|[miss]\n|-miss|p2a: Goodra|p1a: Torkoal\n|move|p1a: Torkoal|Earthquake|p2a: Goodra\n|-supereffective|p2a: Goodra\n|-damage|p2a: Goodra|0 fnt\n|faint|p2a: Goodra\n|\n|-weather|SunnyDay|[upkeep]\n|upkeep\n|inactive|ToxicWyvern has 25 seconds left this turn.\n|inactive|ToxicWyvern has 20 seconds left.\n|\n|t:|1733784187\n|switch|p2a: Pyroar|Pyroar, L88, M|295/295\n|-ability|p2a: Pyroar|Unnerve\n|turn|16\n|inactive|ToxicWyvern has 30 seconds left this turn.\n|\n|t:|1733784192\n|move|p2a: Pyroar|Hyper Voice|p1a: Torkoal\n|-damage|p1a: Torkoal|0 fnt\n|faint|p1a: Torkoal\n|\n|-weather|SunnyDay|[upkeep]\n|upkeep\n|\n|t:|1733784198\n|switch|p1a: Greninja|Greninja, L80, M|134/246\n|turn|17\n|\n|t:|1733784205\n|-terastallize|p1a: Greninja|Water\n|move|p1a: Greninja|Hydro Pump|p2a: Pyroar\n|-supereffective|p2a: Pyroar\n|-damage|p2a: Pyroar|7/295\n|move|p2a: Pyroar|Hyper Voice|p1a: Greninja\n|-damage|p1a: Greninja|4/246\n|\n|-weather|none\n|upkeep\n|turn|18\n|\n|t:|1733784213\n|switch|p2a: Latias|Latias, L79, F|256/256\n|move|p1a: Greninja|Hydro Pump|p2a: Latias\n|-resisted|p2a: Latias\n|-damage|p2a: Latias|175/256\n|\n|upkeep\n|turn|19\n|\n|t:|1733784219\n|switch|p1a: Probopass|Probopass, L92, F|63/260\n|move|p2a: Latias|Psyshock|p1a: Probopass\n|-resisted|p1a: Probopass\n|-damage|p1a: Probopass|34/260\n|\n|upkeep\n|turn|20\n|\n|t:|1733784224\n|move|p2a: Latias|Draco Meteor|p1a: Probopass\n|-resisted|p1a: Probopass\n|-damage|p1a: Probopass|0 fnt\n|-unboost|p2a: Latias|spa|2\n|faint|p1a: Probopass\n|\n|upkeep\n|\n|t:|1733784229\n|switch|p1a: Greninja|Greninja, L80, M, tera:Water|4/246\n|turn|21\n|\n|t:|1733784248\n|-terastallize|p2a: Latias|Steel\n|move|p1a: Greninja|Dark Pulse|p2a: Latias\n|-damage|p2a: Latias|79/256\n|move|p2a: Latias|Recover|p2a: Latias\n|-heal|p2a: Latias|207/256\n|\n|upkeep\n|turn|22\n|\n|t:|1733784254\n|move|p1a: Greninja|Dark Pulse|p2a: Latias\n|-damage|p2a: Latias|104/256\n|move|p2a: Latias|Calm Mind|p2a: Latias\n|-boost|p2a: Latias|spa|1\n|-boost|p2a: Latias|spd|1\n|\n|upkeep\n|turn|23\n|\n|t:|1733784258\n|move|p1a: Greninja|Dark Pulse|p2a: Latias\n|-damage|p2a: Latias|38/256\n|move|p2a: Latias|Recover|p2a: Latias\n|-heal|p2a: Latias|166/256\n|\n|upkeep\n|turn|24\n|\n|t:|1733784265\n|switch|p1a: Tatsugiri|Tatsugiri, L87, M|67/260\n|move|p2a: Latias|Psyshock|p1a: Tatsugiri\n|-damage|p1a: Tatsugiri|0 fnt\n|faint|p1a: Tatsugiri\n|\n|upkeep\n|\n|t:|1733784267\n|switch|p1a: Greninja|Greninja, L80, M, tera:Water|4/246\n|turn|25\n|\n|t:|1733784270\n|move|p1a: Greninja|Dark Pulse|p2a: Latias\n|-damage|p2a: Latias|99/256\n|cant|p2a: Latias|flinch\n|\n|upkeep\n|turn|26\n|\n|t:|1733784275\n|move|p1a: Greninja|Dark Pulse|p2a: Latias\n|-damage|p2a: Latias|38/256\n|move|p2a: Latias|Psyshock|p1a: Greninja\n|-damage|p1a: Greninja|0 fnt\n|faint|p1a: Greninja\n|\n|upkeep\n|\n|t:|1733784278\n|switch|p1a: Deoxys|Deoxys-Defense, L84|179/221\n|-ability|p1a: Deoxys|Pressure\n|turn|27\n|\n|t:|1733784281\n|move|p2a: Latias|Draco Meteor|p1a: Deoxys\n|-damage|p1a: Deoxys|112/221\n|-unboost|p2a: Latias|spa|2\n|move|p1a: Deoxys|Knock Off|p2a: Latias\n|-damage|p2a: Latias|0 fnt\n|-enditem|p2a: Latias|Soul Dew|[from] move: Knock Off|[of] p1a: Deoxys\n|faint|p2a: Latias\n|\n|-heal|p1a: Deoxys|125/221|[from] item: Leftovers\n|upkeep\n|-message|Geoff Bridges forfeited.\n|\n|win|ToxicWyvern\n|raw|Geoff Bridges's rating: 1605 &rarr; <strong>1587</strong><br />(-18 for losing)\n|raw|ToxicWyvern's rating: 1644 &rarr; <strong>1662</strong><br />(+18 for winning)\n|l|\u2606Geoff Bridges\n|player|p1|\n", "inputlog": ">version bfd83cad13791eb5a5a409923076391caf6fb4d4\n>start {\"formatid\":\"gen9randombattle\",\"seed\":[19853,15641,13609,12776],\"rated\":\"Rated battle\"}\n>player p1 {\"name\":\"Geoff Bridges\",\"avatar\":\"265\",\"rating\":1605,\"seed\":[43541,56614,43271,62946]}\n>player p2 {\"name\":\"ToxicWyvern\",\"avatar\":\"ethan\",\"rating\":1644,\"seed\":[31985,5096,32637,32378]}\n>p1 switch 5\n>p2 move dracometeor\n>p1 move irondefense\n>p2 switch 2\n>p1 move bodypress\n>p2 move trick\n>p1 move bodypress\n>p2 move earthpower\n>p1 switch 3\n>p2 move shadowball\n>p1 move uturn\n>p2 move trick\n>p1 switch 5\n>p1 move rapidspin\n>p2 move psyshock\n>p2 switch 5\n>p1 switch 2\n>p2 move dragontail\n>p1 move grassknot\n>p2 move dragontail\n>p1 move dragontail\n>p2 move knockoff\n>p1 move discharge\n>p2 move flipturn\n>p2 switch 6\n>p1 move uturn\n>p2 move knockoff\n>p1 switch 6\n>p1 move lavaplume\n>p2 move knockoff\n>p1 move earthquake\n>p2 move dracometeor\n>p1 move earthquake\n>p2 move dracometeor\n>p2 switch 4\n>p1 move earthquake\n>p2 move hypervoice\n>p1 switch 5\n>p1 move hydropump terastallize\n>p2 move hypervoice\n>p1 move hydropump\n>p2 switch 2\n>p1 switch 3\n>p2 move psyshock\n>p1 move flashcannon\n>p2 move dracometeor\n>p1 switch 3\n>p1 move darkpulse\n>p2 move recover terastallize\n>p1 move darkpulse\n>p2 move calmmind\n>p1 move darkpulse\n>p2 move recover\n>p1 switch 2\n>p2 move psyshock\n>p1 switch 2\n>p1 move darkpulse\n>p2 move psyshock\n>p1 move darkpulse\n>p2 move psyshock\n>p1 switch 4\n>p1 move knockoff\n>p2 move dracometeor\n>forcelose p1", "uploadtime": 1733784292, "views": 11, "formatid": "gen9randombattle", "rating": 1587, "private": 0, "password": null}