{"id": "gen9randombattle-2260772060", "format": "[Gen 9] Random Battle", "players": ["rahiemmmmmm", "bvcbbb"], "log": "|j|\u2606rahiemmmmmm\n|j|\u2606bvcbbb\n|t:|1733889722\n|gametype|singles\n|player|p1|rahiemmmmmm|265|1042\n|player|p2|bvcbbb|1|1000\n|teamsize|p1|6\n|teamsize|p2|6\n|gen|9\n|tier|[Gen 9] Random Battle\n|rated|\n|rule|Species Clause: Limit one of each Pok\u00e9mon\n|rule|HP Percentage Mod: HP is shown in percentages\n|rule|Sleep Clause Mod: Limit one foe put to sleep\n|rule|Illusion Level Mod: Illusion disguises the Pok\u00e9mon's true level\n|\n|t:|1733889722\n|start\n|switch|p1a: Luvdisc|Luvdisc, F|247/247\n|switch|p2a: Kommo-o|Kommo-o, L78, F|245/245\n|turn|1\n|inactive|Battle timer is ON: inactive players will automatically lose when time's up. (requested by bvcbbb)\n|\n|t:|1733889731\n|switch|p2a: Regice|Regice, L88|284/284\n|move|p1a: Luvdisc|Substitute|p1a: Luvdisc\n|-start|p1a: Luvdisc|Substitute\n|-damage|p1a: Luvdisc|186/247\n|\n|upkeep\n|turn|2\n|\n|t:|1733889745\n|move|p1a: Luvdisc|Substitute|p1a: Luvdisc\n|-fail|p1a: Luvdisc|move: Substitute\n|move|p2a: Regice|Thunderbolt|p1a: Luvdisc\n|-supereffective|p1a: Luvdisc\n|-end|p1a: Luvdisc|Substitute\n|\n|upkeep\n|turn|3\n|\n|t:|1733889748\n|move|p1a: Luvdisc|Substitute|p1a: Luvdisc\n|-start|p1a: Luvdisc|Substitute\n|-damage|p1a: Luvdisc|125/247\n|move|p2a: Regice|Thunderbolt|p1a: Luvdisc\n|-supereffective|p1a: Luvdisc\n|-end|p1a: Luvdisc|Substitute\n|\n|upkeep\n|turn|4\n|\n|t:|1733889756\n|move|p1a: Luvdisc|Endeavor|p2a: Regice\n|-damage|p2a: Regice|125/284\n|move|p2a: Regice|Thunderbolt|p1a: Luvdisc\n|-supereffective|p1a: Luvdisc\n|-damage|p1a: Luvdisc|0 fnt\n|faint|p1a: Luvdisc\n|\n|upkeep\n|\n|t:|1733889764\n|switch|p1a: Falinks|Falinks, L84|246/246\n|turn|5\n|\n|t:|1733889787\n|move|p1a: Falinks|Iron Head|p2a: Regice\n|-supereffective|p2a: Regice\n|-damage|p2a: Regice|5/284\n|-damage|p1a: Falinks|222/246|[from] item: Life Orb\n|cant|p2a: Regice|flinch\n|\n|upkeep\n|turn|6\n|\n|t:|1733889797\n|move|p1a: Falinks|Iron Head|p2a: Regice\n|-supereffective|p2a: Regice\n|-damage|p2a: Regice|0 fnt\n|faint|p2a: Regice\n|-damage|p1a: Falinks|198/246|[from] item: Life Orb\n|\n|upkeep\n|\n|t:|1733889806\n|switch|p2a: Espathra|Espathra, L80, F|283/283\n|turn|7\n|\n|t:|1733889813\n|move|p2a: Espathra|Substitute|p2a: Espathra\n|-start|p2a: Espathra|Substitute\n|-damage|p2a: Espathra|213/283\n|move|p1a: Falinks|Knock Off|p2a: Espathra\n|-supereffective|p2a: Espathra\n|-end|p2a: Espathra|Substitute\n|-damage|p1a: Falinks|174/246|[from] item: Life Orb\n|\n|-heal|p2a: Espathra|230/283|[from] item: Leftovers\n|-ability|p2a: Espathra|Speed Boost|boost\n|-boost|p2a: Espathra|spe|1\n|upkeep\n|turn|8\n|\n|t:|1733889831\n|switch|p2a: Kommo-o|Kommo-o, L78, F|245/245\n|move|p1a: Falinks|Knock Off|p2a: Kommo-o\n|-resisted|p2a: Kommo-o\n|-crit|p2a: Kommo-o\n|-damage|p2a: Kommo-o|185/245\n|-enditem|p2a: Kommo-o|Throat Spray|[from] move: Knock Off|[of] p1a: Falinks\n|-damage|p1a: Falinks|150/246|[from] item: Life Orb\n|\n|upkeep\n|turn|9\n|\n|t:|1733889854\n|switch|p1a: Pelipper|Pelipper, L86, F|243/243\n|-weather|RainDance|[from] ability: Drizzle|[of] p1a: Pelipper\n|move|p2a: Kommo-o|Clanging Scales|p1a: Pelipper\n|-damage|p1a: Pelipper|122/243\n|-unboost|p2a: Kommo-o|def|1\n|\n|-weather|RainDance|[upkeep]\n|upkeep\n|turn|10\n|\n|t:|1733889861\n|move|p2a: Kommo-o|Boomburst|p1a: Pelipper\n|-damage|p1a: Pelipper|11/243\n|move|p1a: Pelipper|Hurricane|p2a: Kommo-o\n|-supereffective|p2a: Kommo-o\n|-crit|p2a: Kommo-o\n|-damage|p2a: Kommo-o|0 fnt\n|faint|p2a: Kommo-o\n|\n|-weather|RainDance|[upkeep]\n|upkeep\n|\n|t:|1733889867\n|switch|p2a: Espathra|Espathra, L80, F|230/283\n|turn|11\n|inactive|rahiemmmmmm has 120 seconds left.\n|\n|t:|1733889901\n|switch|p1a: Persian|Persian-Alola, L86, F|252/252\n|move|p2a: Espathra|Calm Mind|p2a: Espathra\n|-boost|p2a: Espathra|spa|1\n|-boost|p2a: Espathra|spd|1\n|\n|-weather|RainDance|[upkeep]\n|-heal|p2a: Espathra|247/283|[from] item: Leftovers\n|-ability|p2a: Espathra|Speed Boost|boost\n|-boost|p2a: Espathra|spe|1\n|upkeep\n|turn|12\n|\n|t:|1733889910\n|move|p2a: Espathra|Substitute|p2a: Espathra\n|-start|p2a: Espathra|Substitute\n|-damage|p2a: Espathra|177/283\n|move|p1a: Persian|Thunder Wave||[still]\n|-fail|p1a: Persian\n|\n|-weather|RainDance|[upkeep]\n|-heal|p2a: Espathra|194/283|[from] item: Leftovers\n|-ability|p2a: Espathra|Speed Boost|boost\n|-boost|p2a: Espathra|spe|1\n|upkeep\n|turn|13\n|\n|t:|1733889920\n|move|p2a: Espathra|Calm Mind|p2a: Espathra\n|-boost|p2a: Espathra|spa|1\n|-boost|p2a: Espathra|spd|1\n|move|p1a: Persian|Knock Off|p2a: Espathra\n|-supereffective|p2a: Espathra\n|-end|p2a: Espathra|Substitute\n|\n|-weather|none\n|-heal|p2a: Espathra|211/283|[from] item: Leftovers\n|-ability|p2a: Espathra|Speed Boost|boost\n|-boost|p2a: Espathra|spe|1\n|upkeep\n|turn|14\n|\n|t:|1733889925\n|-terastallize|p2a: Espathra|Fairy\n|move|p2a: Espathra|Substitute|p2a: Espathra\n|-start|p2a: Espathra|Substitute\n|-damage|p2a: Espathra|141/283\n|move|p1a: Persian|Taunt|p2a: Espathra\n|-start|p2a: Espathra|move: Taunt\n|\n|-heal|p2a: Espathra|158/283|[from] item: Leftovers\n|-ability|p2a: Espathra|Speed Boost|boost\n|-boost|p2a: Espathra|spe|1\n|upkeep\n|turn|15\n|\n|t:|1733889937\n|move|p2a: Espathra|Dazzling Gleam|p1a: Persian\n|-supereffective|p1a: Persian\n|-damage|p1a: Persian|0 fnt\n|faint|p1a: Persian\n|\n|-heal|p2a: Espathra|175/283|[from] item: Leftovers\n|-ability|p2a: Espathra|Speed Boost|boost\n|-boost|p2a: Espathra|spe|1\n|upkeep\n|-message|rahiemmmmmm forfeited.\n|\n|win|bvcbbb\n|raw|rahiemmmmmm's rating: 1042 &rarr; <strong>1024</strong><br />(-18 for losing)\n|raw|bvcbbb's rating: 1000 &rarr; <strong>1045</strong><br />(+45 for winning)\n|l|\u2606rahiemmmmmm\n|player|p1|\n", "inputlog": ">version bfd83cad13791eb5a5a409923076391caf6fb4d4\n>start {\"formatid\":\"gen9randombattle\",\"seed\":[40642,48598,51127,1322],\"rated\":\"Rated battle\"}\n>player p1 {\"name\":\"rahiemmmmmm\",\"avatar\":\"265\",\"rating\":1042,\"seed\":[2330,60763,21670,57177]}\n>player p2 {\"name\":\"bvcbbb\",\"avatar\":\"1\",\"rating\":1000,\"seed\":[64646,24538,45082,23580]}\n>p1 move substitute\n>p2 switch 2\n>p1 move substitute\n>p2 move thunderbolt\n>p1 move substitute\n>p2 move thunderbolt\n>p1 move endeavor\n>p2 move thunderbolt\n>p1 switch 3\n>p1 move ironhead\n>p2 move icebeam\n>p1 move ironhead\n>p2 move icebeam\n>p2 switch 3\n>p1 move knockoff\n>p2 move substitute\n>p1 move knockoff\n>p2 switch 2\n>p1 switch 5\n>p2 move clangingscales\n>p1 move hurricane\n>p2 move boomburst\n>p2 switch 2\n>p1 switch 4\n>p2 move calmmind\n>p1 move thunderwave\n>p2 move substitute\n>p1 move knockoff\n>p2 move calmmind\n>p1 move taunt\n>p2 move substitute terastallize\n>p1 move knockoff\n>p2 move dazzlinggleam\n>forcelose p1", "uploadtime": 1733889942, "views": 10, "formatid": "gen9randombattle", "rating": 1024, "private": 0, "password": null}