{"id": "gen9randombattle-2212075046", "format": "[Gen 9] Random Battle", "players": ["R3lt gloriousplays", "R3LT chiefbeef1234"], "log": "|j|\u2606R3lt gloriousplays\n|j|\u2606R3LT chiefbeef1234\n|t:|1727606231\n|gametype|singles\n|player|p1|R3lt gloriousplays|ash-kalos|2225\n|player|p2|R3LT chiefbeef1234|shadowtriad|2285\n|teamsize|p1|6\n|teamsize|p2|6\n|gen|9\n|tier|[Gen 9] Random Battle\n|rated|\n|rule|Species Clause: Limit one of each Pok\u00e9mon\n|rule|HP Percentage Mod: HP is shown in percentages\n|rule|Sleep Clause Mod: Limit one foe put to sleep\n|rule|Illusion Level Mod: Illusion disguises the Pok\u00e9mon's true level\n|\n|t:|1727606231\n|start\n|switch|p1a: Scizor|Scizor, L79, M|240/240\n|switch|p2a: Dialga|Dialga, L73|266/266\n|-ability|p2a: Dialga|Pressure\n|turn|1\n|inactive|Battle timer is ON: inactive players will automatically lose when time's up. (requested by R3LT chiefbeef1234)\n|\n|t:|1727606242\n|switch|p1a: Empoleon|Empoleon, L84, F|278/278\n|move|p2a: Dialga|Fire Blast|p1a: Empoleon\n|-damage|p1a: Empoleon|200/278\n|\n|-heal|p1a: Empoleon|217/278|[from] item: Leftovers\n|upkeep\n|turn|2\n|\n|t:|1727606255\n|switch|p2a: Grumpig|Grumpig, L92, F|297/297\n|move|p1a: Empoleon|Knock Off|p2a: Grumpig\n|-supereffective|p2a: Grumpig\n|-crit|p2a: Grumpig\n|-damage|p2a: Grumpig|81/297\n|-enditem|p2a: Grumpig|Leftovers|[from] move: Knock Off|[of] p1a: Empoleon\n|\n|-heal|p1a: Empoleon|234/278|[from] item: Leftovers\n|upkeep\n|turn|3\n|\n|t:|1727606262\n|move|p2a: Grumpig|Psyshock|p1a: Empoleon\n|-resisted|p1a: Empoleon\n|-damage|p1a: Empoleon|185/278\n|move|p1a: Empoleon|Knock Off|p2a: Grumpig\n|-supereffective|p2a: Grumpig\n|-damage|p2a: Grumpig|0 fnt\n|faint|p2a: Grumpig\n|\n|-heal|p1a: Empoleon|202/278|[from] item: Leftovers\n|upkeep\n|\n|t:|1727606270\n|switch|p2a: Zacian|Zacian-Crowned, L64|225/225\n|-ability|p2a: Zacian|Intrepid Sword|boost\n|-boost|p2a: Zacian|atk|1\n|turn|4\n|\n|t:|1727606275\n|switch|p1a: Illumise|Illumise, L91, F|266/266\n|move|p2a: Zacian|Close Combat|p1a: Illumise\n|-resisted|p1a: Illumise\n|-damage|p1a: Illumise|214/266\n|-unboost|p2a: Zacian|def|1\n|-unboost|p2a: Zacian|spd|1\n|\n|upkeep\n|turn|5\n|\n|t:|1727606281\n|switch|p2a: Gliscor|Gliscor, L76, F|239/239\n|move|p1a: Illumise|Encore||[still]\n|-fail|p1a: Illumise\n|\n|-status|p2a: Gliscor|tox|[from] item: Toxic Orb\n|upkeep\n|turn|6\n|\n|t:|1727606291\n|switch|p1a: Empoleon|Empoleon, L84, F|202/278\n|move|p2a: Gliscor|Knock Off|p1a: Empoleon\n|-damage|p1a: Empoleon|149/278\n|-enditem|p1a: Empoleon|Leftovers|[from] move: Knock Off|[of] p2a: Gliscor\n|\n|upkeep\n|turn|7\n|\n|t:|1727606296\n|move|p2a: Gliscor|Earthquake|p1a: Empoleon\n|-supereffective|p1a: Empoleon\n|-damage|p1a: Empoleon|0 fnt\n|faint|p1a: Empoleon\n|\n|upkeep\n|\n|t:|1727606304\n|switch|p1a: Scizor|Scizor, L79, M|240/240\n|turn|8\n|\n|t:|1727606309\n|move|p2a: Gliscor|Knock Off|p1a: Scizor\n|-damage|p1a: Scizor|181/240\n|-enditem|p1a: Scizor|Life Orb|[from] move: Knock Off|[of] p2a: Gliscor\n|move|p1a: Scizor|Swords Dance|p1a: Scizor\n|-boost|p1a: Scizor|atk|2\n|\n|upkeep\n|turn|9\n|\n|t:|1727606315\n|switch|p2a: Talonflame|Talonflame, L84, F|268/268\n|move|p1a: Scizor|Knock Off|p2a: Talonflame\n|-damage|p2a: Talonflame|86/268\n|-enditem|p2a: Talonflame|Heavy-Duty Boots|[from] move: Knock Off|[of] p1a: Scizor\n|\n|upkeep\n|turn|10\n|\n|t:|1727606327\n|move|p1a: Scizor|Bullet Punch|p2a: Talonflame\n|-resisted|p2a: Talonflame\n|-damage|p2a: Talonflame|8/268\n|move|p2a: Talonflame|Flare Blitz|p1a: Scizor\n|-supereffective|p1a: Scizor\n|-damage|p1a: Scizor|0 fnt\n|faint|p1a: Scizor\n|-damage|p2a: Talonflame|0 fnt|[from] Recoil\n|faint|p2a: Talonflame\n|\n|upkeep\n|\n|t:|1727606334\n|switch|p2a: Gliscor|Gliscor, L76, F|239/239 tox\n|switch|p1a: Illumise|Illumise, L91, F|214/266\n|turn|11\n|\n|t:|1727606337\n|move|p1a: Illumise|Bug Buzz|p2a: Gliscor\n|-resisted|p2a: Gliscor\n|-damage|p2a: Gliscor|185/239 tox\n|-unboost|p2a: Gliscor|spd|1\n|move|p2a: Gliscor|Toxic|p1a: Illumise\n|-status|p1a: Illumise|tox\n|\n|-damage|p1a: Illumise|198/266 tox|[from] psn\n|-heal|p2a: Gliscor|214/239 tox|[from] ability: Poison Heal\n|upkeep\n|turn|12\n|\n|t:|1727606343\n|switch|p2a: Dialga|Dialga, L73|266/266\n|-ability|p2a: Dialga|Pressure\n|move|p1a: Illumise|Encore||[still]\n|-fail|p1a: Illumise\n|\n|-damage|p1a: Illumise|166/266 tox|[from] psn\n|upkeep\n|turn|13\n|\n|t:|1727606347\n|move|p1a: Illumise|Thunder Wave|p2a: Dialga\n|-status|p2a: Dialga|par\n|cant|p2a: Dialga|par\n|\n|-damage|p1a: Illumise|118/266 tox|[from] psn\n|upkeep\n|turn|14\n|\n|t:|1727606350\n|move|p1a: Illumise|Bug Buzz|p2a: Dialga\n|-resisted|p2a: Dialga\n|-damage|p2a: Dialga|237/266 par\n|move|p2a: Dialga|Heavy Slam|p1a: Illumise\n|-damage|p1a: Illumise|6/266 tox\n|\n|-damage|p1a: Illumise|0 fnt|[from] psn\n|faint|p1a: Illumise\n|upkeep\n|\n|t:|1727606357\n|switch|p1a: Cloyster|Cloyster, L79, F|209/209\n|turn|15\n|\n|t:|1727606361\n|move|p1a: Cloyster|Shell Smash|p1a: Cloyster\n|-unboost|p1a: Cloyster|def|1\n|-unboost|p1a: Cloyster|spd|1\n|-boost|p1a: Cloyster|atk|2\n|-boost|p1a: Cloyster|spa|2\n|-boost|p1a: Cloyster|spe|2\n|-enditem|p1a: Cloyster|White Herb\n|-clearnegativeboost|p1a: Cloyster|[silent]\n|cant|p2a: Dialga|par\n|\n|upkeep\n|turn|16\n|\n|t:|1727606367\n|-terastallize|p1a: Cloyster|Ice\n|move|p1a: Cloyster|Icicle Spear|p2a: Dialga\n|-damage|p2a: Dialga|185/266 par\n|-damage|p2a: Dialga|133/266 par\n|-damage|p2a: Dialga|75/266 par\n|-damage|p2a: Dialga|17/266 par\n|-damage|p2a: Dialga|0 fnt\n|faint|p2a: Dialga\n|-hitcount|p2: Dialga|5\n|\n|upkeep\n|\n|t:|1727606375\n|switch|p2a: Gliscor|Gliscor, L76, F|214/239 tox\n|turn|17\n|c|\u2606R3LT chiefbeef1234|wp on the luck\n|c|\u2606R3LT chiefbeef1234|truly\n|c|\u2606R3LT chiefbeef1234|wp\n|\n|t:|1727606385\n|-terastallize|p2a: Gliscor|Water\n|move|p1a: Cloyster|Icicle Spear|p2a: Gliscor\n|-resisted|p2a: Gliscor\n|-damage|p2a: Gliscor|188/239 tox\n|-resisted|p2a: Gliscor\n|-damage|p2a: Gliscor|162/239 tox\n|-resisted|p2a: Gliscor\n|-damage|p2a: Gliscor|134/239 tox\n|-resisted|p2a: Gliscor\n|-damage|p2a: Gliscor|107/239 tox\n|-resisted|p2a: Gliscor\n|-damage|p2a: Gliscor|80/239 tox\n|-hitcount|p2a: Gliscor|5\n|move|p2a: Gliscor|Toxic|p1a: Cloyster\n|-status|p1a: Cloyster|tox\n|\n|-damage|p1a: Cloyster|196/209 tox|[from] psn\n|-heal|p2a: Gliscor|109/239 tox|[from] ability: Poison Heal\n|upkeep\n|turn|18\n|\n|t:|1727606392\n|switch|p2a: Donphan|Donphan, L84, F|288/288\n|move|p1a: Cloyster|Icicle Spear|p2a: Donphan\n|-supereffective|p2a: Donphan\n|-damage|p2a: Donphan|188/288\n|-supereffective|p2a: Donphan\n|-damage|p2a: Donphan|88/288\n|-supereffective|p2a: Donphan\n|-damage|p2a: Donphan|0 fnt\n|faint|p2a: Donphan\n|-hitcount|p2: Donphan|3\n|\n|-damage|p1a: Cloyster|170/209 tox|[from] psn\n|upkeep\n|\n|t:|1727606393\n|switch|p2a: Zacian|Zacian-Crowned, L64|225/225\n|turn|19\n|inactive|R3lt gloriousplays has 120 seconds left.\n|\n|t:|1727606438\n|move|p1a: Cloyster|Icicle Spear|p2a: Zacian\n|-resisted|p2a: Zacian\n|-damage|p2a: Zacian|195/225\n|-resisted|p2a: Zacian\n|-damage|p2a: Zacian|163/225\n|-resisted|p2a: Zacian\n|-damage|p2a: Zacian|131/225\n|-resisted|p2a: Zacian\n|-damage|p2a: Zacian|98/225\n|-resisted|p2a: Zacian\n|-damage|p2a: Zacian|65/225\n|-hitcount|p2a: Zacian|5\n|move|p2a: Zacian|Behemoth Blade|p1a: Cloyster\n|-supereffective|p1a: Cloyster\n|-damage|p1a: Cloyster|62/209 tox\n|\n|-damage|p1a: Cloyster|23/209 tox|[from] psn\n|upkeep\n|turn|20\n|\n|t:|1727606445\n|move|p1a: Cloyster|Icicle Spear|p2a: Zacian\n|-resisted|p2a: Zacian\n|-damage|p2a: Zacian|29/225\n|-resisted|p2a: Zacian\n|-damage|p2a: Zacian|0 fnt\n|faint|p2a: Zacian\n|-hitcount|p2: Zacian|2\n|\n|-damage|p1a: Cloyster|0 fnt|[from] psn\n|faint|p1a: Cloyster\n|upkeep\n|inactive|R3lt gloriousplays has 120 seconds left.\n|\n|t:|1727606456\n|switch|p2a: Gliscor|Gliscor, L76, F, tera:Water|109/239 tox\n|switch|p1a: Hippowdon|Hippowdon, L82, M|311/311\n|-weather|Sandstorm|[from] ability: Sand Stream|[of] p1a: Hippowdon\n|turn|21\n|\n|t:|1727606460\n|move|p2a: Gliscor|Toxic|p1a: Hippowdon\n|-status|p1a: Hippowdon|tox\n|move|p1a: Hippowdon|Earthquake|p2a: Gliscor\n|-damage|p2a: Gliscor|10/239 tox\n|\n|-weather|Sandstorm|[upkeep]\n|-damage|p2a: Gliscor|0 fnt|[from] Sandstorm\n|faint|p2a: Gliscor\n|\n|win|R3lt gloriousplays\n|upkeep\n|raw|R3lt gloriousplays's rating: 2225 &rarr; <strong>2248</strong><br />(+23 for winning)\n|raw|R3LT chiefbeef1234's rating: 2285 &rarr; <strong>2262</strong><br />(-23 for losing)\n|l|\u2606R3LT chiefbeef1234\n|player|p2|\n", "inputlog": ">version 69ff0b2f47ddc97367302b06f7f2ae172fb214dd\n>start {\"formatid\":\"gen9randombattle\",\"seed\":[65497,57455,43683,36235],\"rated\":\"Rated battle\"}\n>player p1 {\"name\":\"R3lt gloriousplays\",\"avatar\":\"ash-kalos\",\"rating\":2225,\"seed\":[37246,3394,38761,43285]}\n>player p2 {\"name\":\"R3LT chiefbeef1234\",\"avatar\":\"shadowtriad\",\"rating\":2285,\"seed\":[36673,6740,52784,35689]}\n>p1 switch 4\n>p2 move fireblast\n>p1 move knockoff\n>p2 switch 5\n>p1 move knockoff\n>p2 move psyshock\n>p2 switch 2\n>p1 switch 5\n>p2 move closecombat\n>p1 move encore\n>p2 switch 4\n>p1 switch 5\n>p2 move knockoff\n>p1 move surf\n>p2 move earthquake\n>p1 switch 4\n>p1 move swordsdance\n>p2 move knockoff\n>p1 move knockoff\n>p2 switch 3\n>p1 move bulletpunch\n>p2 move flareblitz\n>p1 switch 5\n>p2 switch 3\n>p1 move bugbuzz\n>p2 move toxic\n>p1 move encore\n>p2 switch 5\n>p1 move thunderwave\n>p2 move heavyslam\n>p1 move bugbuzz\n>p2 move heavyslam\n>p1 switch 6\n>p1 move shellsmash\n>p2 move dracometeor\n>p1 move iciclespear terastallize\n>p2 move dracometeor\n>p2 switch 5\n>chat \u2606R3LT chiefbeef1234|wp on the luck\n>chat \u2606R3LT chiefbeef1234|truly\n>chat \u2606R3LT chiefbeef1234|wp\n>p1 move iciclespear\n>p2 move toxic terastallize\n>p1 move iciclespear\n>p2 switch 6\n>p2 switch 4\n>p1 move iciclespear\n>p2 move behemothblade\n>p1 move iciclespear\n>p2 move behemothblade\n>p1 switch 2\n>p2 switch 6\n>p1 move earthquake\n>p2 move toxic", "uploadtime": 1727606465, "views": 89, "formatid": "gen9randombattle", "rating": 2248, "private": 0, "password": null}