{"id": "gen9randombattle-2260592781", "format": "[Gen 9] Random Battle", "players": ["Kukeksior", "TheHaxIsShitty"], "log": "|j|\u2606Kukeksior\n|j|\u2606TheHaxIsShitty\n|t:|1733867046\n|gametype|singles\n|player|p1|Kukeksior|2|1181\n|player|p2|TheHaxIsShitty|2|1173\n|teamsize|p1|6\n|teamsize|p2|6\n|gen|9\n|tier|[Gen 9] Random Battle\n|rated|\n|rule|Species Clause: Limit one of each Pok\u00e9mon\n|rule|HP Percentage Mod: HP is shown in percentages\n|rule|Sleep Clause Mod: Limit one foe put to sleep\n|rule|Illusion Level Mod: Illusion disguises the Pok\u00e9mon's true level\n|\n|t:|1733867046\n|start\n|switch|p1a: Feraligatr|Feraligatr, L79, M|264/264\n|switch|p2a: Baxcalibur|Baxcalibur, L75, M|295/295\n|turn|1\n|inactive|Battle timer is ON: inactive players will automatically lose when time's up. (requested by Kukeksior)\n|inactive|TheHaxIsShitty has 120 seconds left.\n|\n|t:|1733867124\n|switch|p1a: Medicham|Medicham, L86, F|243/243\n|move|p2a: Baxcalibur|Glaive Rush|p1a: Medicham\n|-damage|p1a: Medicham|14/243\n|-singlemove|p2a: Baxcalibur|Glaive Rush|[silent]\n|\n|upkeep\n|turn|2\n|\n|t:|1733867135\n|switch|p2a: Regieleki|Regieleki, L79|256/256\n|move|p1a: Medicham|Close Combat|p2a: Regieleki\n|-damage|p2a: Regieleki|0 fnt\n|-unboost|p1a: Medicham|def|1\n|-unboost|p1a: Medicham|spd|1\n|faint|p2a: Regieleki\n|\n|upkeep\n|\n|t:|1733867139\n|switch|p2a: Luvdisc|Luvdisc, M|247/247\n|turn|3\n|\n|t:|1733867151\n|move|p2a: Luvdisc|Surf|p1a: Medicham\n|-damage|p1a: Medicham|0 fnt\n|faint|p1a: Medicham\n|\n|upkeep\n|\n|t:|1733867167\n|switch|p1a: Sinistcha|Sinistcha, L83|254/254\n|turn|4\n|inactive|Kukeksior has 120 seconds left.\n|\n|t:|1733867202\n|move|p2a: Luvdisc|Whirlpool|p1a: Sinistcha\n|-resisted|p1a: Sinistcha\n|-damage|p1a: Sinistcha|239/254\n|-activate|p1a: Sinistcha|move: Whirlpool|[of] p2a: Luvdisc\n|move|p1a: Sinistcha|Matcha Gotcha|p2a: Luvdisc\n|-supereffective|p2a: Luvdisc\n|-damage|p2a: Luvdisc|23/247\n|-heal|p1a: Sinistcha|254/254|[from] drain|[of] p2a: Luvdisc\n|\n|-damage|p1a: Sinistcha|223/254|[from] move: Whirlpool|[partiallytrapped]\n|upkeep\n|turn|5\n|\n|t:|1733867219\n|move|p2a: Luvdisc|Endeavor|p1a: Sinistcha\n|-immune|p1a: Sinistcha\n|move|p1a: Sinistcha|Calm Mind|p1a: Sinistcha\n|-boost|p1a: Sinistcha|spa|1\n|-boost|p1a: Sinistcha|spd|1\n|\n|-heal|p1a: Sinistcha|238/254|[from] item: Leftovers\n|-damage|p1a: Sinistcha|207/254|[from] move: Whirlpool|[partiallytrapped]\n|upkeep\n|turn|6\n|\n|t:|1733867229\n|switch|p2a: Illumise|Illumise, L91, F|266/266\n|move|p1a: Sinistcha|Calm Mind|p1a: Sinistcha\n|-boost|p1a: Sinistcha|spa|1\n|-boost|p1a: Sinistcha|spd|1\n|\n|-heal|p1a: Sinistcha|222/254|[from] item: Leftovers\n|-end|p1a: Sinistcha|Whirlpool|[partiallytrapped]|[silent]\n|upkeep\n|turn|7\n|inactive|Kukeksior has 90 seconds left.\n|\n|t:|1733867265\n|move|p2a: Illumise|Encore|p1a: Sinistcha\n|-start|p1a: Sinistcha|Encore\n|move|p1a: Sinistcha|Calm Mind|p1a: Sinistcha\n|-boost|p1a: Sinistcha|spa|1\n|-boost|p1a: Sinistcha|spd|1\n|\n|-heal|p1a: Sinistcha|237/254|[from] item: Leftovers\n|upkeep\n|turn|8\n|\n|t:|1733867272\n|move|p2a: Illumise|Thunder Wave|p1a: Sinistcha\n|-status|p1a: Sinistcha|par\n|move|p1a: Sinistcha|Calm Mind|p1a: Sinistcha\n|-boost|p1a: Sinistcha|spa|1\n|-boost|p1a: Sinistcha|spd|1\n|\n|-heal|p1a: Sinistcha|252/254 par|[from] item: Leftovers\n|upkeep\n|turn|9\n|inactive|Kukeksior has 90 seconds left.\n|\n|t:|1733867289\n|move|p2a: Illumise|Bug Buzz|p1a: Sinistcha\n|-damage|p1a: Sinistcha|221/254 par\n|move|p1a: Sinistcha|Calm Mind|p1a: Sinistcha\n|-boost|p1a: Sinistcha|spa|1\n|-boost|p1a: Sinistcha|spd|1\n|\n|-heal|p1a: Sinistcha|236/254 par|[from] item: Leftovers\n|-end|p1a: Sinistcha|Encore\n|upkeep\n|turn|10\n|\n|t:|1733867298\n|move|p2a: Illumise|Encore|p1a: Sinistcha\n|-start|p1a: Sinistcha|Encore\n|move|p1a: Sinistcha|Calm Mind|p1a: Sinistcha\n|-boost|p1a: Sinistcha|spa|1\n|-boost|p1a: Sinistcha|spd|1\n|\n|-heal|p1a: Sinistcha|251/254 par|[from] item: Leftovers\n|upkeep\n|turn|11\n|inactive|Kukeksior has 90 seconds left.\n|\n|t:|1733867305\n|move|p2a: Illumise|Bug Buzz|p1a: Sinistcha\n|-damage|p1a: Sinistcha|224/254 par\n|move|p1a: Sinistcha|Calm Mind|p1a: Sinistcha\n|-boost|p1a: Sinistcha|spa|0\n|-boost|p1a: Sinistcha|spd|0\n|\n|-heal|p1a: Sinistcha|239/254 par|[from] item: Leftovers\n|upkeep\n|turn|12\n|\n|t:|1733867312\n|move|p2a: Illumise|Bug Buzz|p1a: Sinistcha\n|-damage|p1a: Sinistcha|215/254 par\n|move|p1a: Sinistcha|Calm Mind|p1a: Sinistcha\n|-boost|p1a: Sinistcha|spa|0\n|-boost|p1a: Sinistcha|spd|0\n|\n|-heal|p1a: Sinistcha|230/254 par|[from] item: Leftovers\n|-end|p1a: Sinistcha|Encore\n|upkeep\n|turn|13\n|\n|t:|1733867326\n|move|p2a: Illumise|Encore|p1a: Sinistcha\n|-start|p1a: Sinistcha|Encore\n|move|p1a: Sinistcha|Calm Mind|p1a: Sinistcha\n|-boost|p1a: Sinistcha|spa|0\n|-boost|p1a: Sinistcha|spd|0\n|\n|-heal|p1a: Sinistcha|245/254 par|[from] item: Leftovers\n|upkeep\n|turn|14\n|\n|t:|1733867336\n|switch|p2a: Baxcalibur|Baxcalibur, L75, M|295/295\n|switch|p1a: Heatran|Heatran, L79, M|273/273\n|-item|p1a: Heatran|Air Balloon\n|\n|upkeep\n|turn|15\n|inactive|Kukeksior has 90 seconds left.\n|\n|t:|1733867358\n|-terastallize|p2a: Baxcalibur|Ground\n|move|p2a: Baxcalibur|Icicle Crash|p1a: Heatran\n|-resisted|p1a: Heatran\n|-damage|p1a: Heatran|239/273\n|-enditem|p1a: Heatran|Air Balloon\n|move|p1a: Heatran|Stealth Rock|p2a: Baxcalibur\n|-sidestart|p2: TheHaxIsShitty|move: Stealth Rock\n|\n|upkeep\n|turn|16\n|inactive|Kukeksior has 90 seconds left.\n|\n|t:|1733867371\n|switch|p2a: Luvdisc|Luvdisc, M|23/247\n|switch|p1a: Sinistcha|Sinistcha, L83|245/254 par\n|\n|-heal|p1a: Sinistcha|254/254 par|[from] item: Leftovers\n|upkeep\n|turn|17\n|inactive|Kukeksior has 90 seconds left.\n|\n|t:|1733867381\n|switch|p2a: Illumise|Illumise, L91, F|266/266\n|move|p1a: Sinistcha|Calm Mind|p1a: Sinistcha\n|-boost|p1a: Sinistcha|spa|1\n|-boost|p1a: Sinistcha|spd|1\n|\n|upkeep\n|turn|18\n|\n|t:|1733867388\n|switch|p1a: Heatran|Heatran, L79, M|239/273\n|move|p2a: Illumise|Encore||[still]\n|-fail|p2a: Illumise\n|\n|upkeep\n|turn|19\n|inactive|Kukeksior has 90 seconds left.\n|\n|t:|1733867404\n|switch|p2a: Luvdisc|Luvdisc, M|23/247\n|move|p1a: Heatran|Lava Plume|p2a: Luvdisc\n|-resisted|p2a: Luvdisc\n|-damage|p2a: Luvdisc|0 fnt\n|faint|p2a: Luvdisc\n|\n|upkeep\n|\n|t:|1733867412\n|switch|p2a: Greninja|Greninja, L80, M|246/246\n|-damage|p2a: Greninja|216/246|[from] Stealth Rock\n|turn|20\n|inactive|Kukeksior has 90 seconds left.\n|inactive|Kukeksior has 60 seconds left.\n|\n|t:|1733867464\n|switch|p1a: Sinistcha|Sinistcha, L83|254/254 par\n|move|p2a: Greninja|Dark Pulse|p1a: Sinistcha\n|-start|p2a: Greninja|typechange|Dark|[from] ability: Protean\n|-supereffective|p1a: Sinistcha\n|-damage|p1a: Sinistcha|0 fnt\n|faint|p1a: Sinistcha\n|\n|upkeep\n|\n|t:|1733867489\n|switch|p1a: Meowscarada|Meowscarada, L78, F|247/247\n|turn|21\n|inactive|Kukeksior has 30 seconds left.\n|inactive|Kukeksior has 20 seconds left.\n|inactive|Kukeksior has 15 seconds left.\n|inactive|Kukeksior has 10 seconds left.\n|inactive|Kukeksior has 5 seconds left.\n|-message|Kukeksior lost due to inactivity.\n|\n|win|TheHaxIsShitty\n|raw|Kukeksior's rating: 1181 &rarr; <strong>1155</strong><br />(-26 for losing)\n|raw|TheHaxIsShitty's rating: 1173 &rarr; <strong>1199</strong><br />(+26 for winning)\n", "inputlog": ">version bfd83cad13791eb5a5a409923076391caf6fb4d4\n>start {\"formatid\":\"gen9randombattle\",\"seed\":[16714,64314,21338,9363],\"rated\":\"Rated battle\"}\n>player p1 {\"name\":\"Kukeksior\",\"avatar\":\"2\",\"rating\":1181,\"seed\":[56777,22246,44637,13777]}\n>player p2 {\"name\":\"TheHaxIsShitty\",\"avatar\":\"2\",\"rating\":1173,\"seed\":[54309,8425,5616,20038]}\n>p1 switch 4\n>p2 move glaiverush\n>p1 move closecombat\n>p2 switch 6\n>p2 switch 2\n>p1 move closecombat\n>p2 move surf\n>p1 switch 6\n>p1 move matchagotcha\n>p2 move whirlpool\n>p1 move calmmind\n>p2 move endeavor\n>p1 move calmmind\n>p2 switch 5\n>p1 move matchagotcha\n>p2 move encore\n>p1 move calmmind\n>p2 move thunderwave\n>p1 move calmmind\n>p2 move bugbuzz\n>p1 move matchagotcha\n>p2 move encore\n>p1 move calmmind\n>p2 move bugbuzz\n>p1 move calmmind\n>p2 move bugbuzz\n>p1 move strengthsap\n>p2 move encore\n>p1 switch 2\n>p2 switch 6\n>p1 move stealthrock\n>p2 move iciclecrash terastallize\n>p1 switch 2\n>p2 switch 5\n>p1 move calmmind\n>p2 switch 6\n>p1 switch 2\n>p2 move encore\n>p1 move lavaplume\n>p2 switch 6\n>p2 switch 4\n>p1 switch 2\n>p2 move darkpulse\n>p1 switch 5\n>forcelose p1", "uploadtime": 1733867536, "views": 1, "formatid": "gen9randombattle", "rating": 1155, "private": 0, "password": null}