{"id": "gen9randombattle-2260528693", "format": "[Gen 9] Random Battle", "players": ["sesebseesb", "Smoke Dog 4WD"], "log": "|j|\u2606sesebseesb\n|j|\u2606Smoke Dog 4WD\n|t:|1733860387\n|gametype|singles\n|player|p1|sesebseesb|266|1156\n|player|p2|Smoke Dog 4WD|sabrina|1139\n|teamsize|p1|6\n|teamsize|p2|6\n|gen|9\n|tier|[Gen 9] Random Battle\n|rated|\n|rule|Species Clause: Limit one of each Pok\u00e9mon\n|rule|HP Percentage Mod: HP is shown in percentages\n|rule|Sleep Clause Mod: Limit one foe put to sleep\n|rule|Illusion Level Mod: Illusion disguises the Pok\u00e9mon's true level\n|\n|t:|1733860387\n|start\n|switch|p1a: Electrode|Electrode, L92|260/260\n|switch|p2a: Araquanid|Araquanid, L82, F|246/246\n|turn|1\n|inactive|Battle timer is ON: inactive players will automatically lose when time's up. (requested by Smoke Dog 4WD)\n|\n|t:|1733860403\n|switch|p2a: Brute Bonnet|Brute Bonnet, L81|312/312\n|move|p1a: Electrode|Taunt|p2a: Brute Bonnet\n|-start|p2a: Brute Bonnet|move: Taunt\n|\n|upkeep\n|turn|2\n|\n|t:|1733860415\n|switch|p1a: Amoonguss|Amoonguss, L82, M|321/321\n|move|p2a: Brute Bonnet|Crunch|p1a: Amoonguss\n|-damage|p1a: Amoonguss|212/321\n|-unboost|p1a: Amoonguss|def|1\n|\n|-heal|p1a: Amoonguss|232/321|[from] item: Leftovers\n|upkeep\n|turn|3\n|\n|t:|1733860438\n|move|p2a: Brute Bonnet|Crunch|p1a: Amoonguss\n|-damage|p1a: Amoonguss|45/321\n|move|p1a: Amoonguss|Sludge Bomb|p2a: Brute Bonnet\n|-supereffective|p2a: Brute Bonnet\n|-damage|p2a: Brute Bonnet|148/312\n|\n|-heal|p2a: Brute Bonnet|167/312|[from] item: Leftovers\n|-heal|p1a: Amoonguss|65/321|[from] item: Leftovers\n|-end|p2a: Brute Bonnet|move: Taunt\n|upkeep\n|turn|4\n|\n|t:|1733860443\n|switch|p1a: Tauros|Tauros-Paldea-Aqua, L81, M|252/252\n|move|p2a: Brute Bonnet|Crunch|p1a: Tauros\n|-resisted|p1a: Tauros\n|-damage|p1a: Tauros|210/252\n|\n|-heal|p2a: Brute Bonnet|186/312|[from] item: Leftovers\n|upkeep\n|turn|5\n|\n|t:|1733860462\n|move|p1a: Tauros|Close Combat|p2a: Brute Bonnet\n|-supereffective|p2a: Brute Bonnet\n|-damage|p2a: Brute Bonnet|0 fnt\n|-unboost|p1a: Tauros|def|1\n|-unboost|p1a: Tauros|spd|1\n|faint|p2a: Brute Bonnet\n|-end|p2a: Brute Bonnet|Protosynthesis|[silent]\n|\n|upkeep\n|\n|t:|1733860474\n|switch|p2a: Chimecho|Chimecho, L93, F|290/290\n|turn|6\n|\n|t:|1733860485\n|switch|p1a: Iron Crown|Iron Crown, L78|268/268\n|move|p2a: Chimecho|Calm Mind|p2a: Chimecho\n|-boost|p2a: Chimecho|spa|1\n|-boost|p2a: Chimecho|spd|1\n|\n|upkeep\n|turn|7\n|\n|t:|1733860499\n|move|p1a: Iron Crown|Calm Mind|p1a: Iron Crown\n|-boost|p1a: Iron Crown|spa|1\n|-boost|p1a: Iron Crown|spd|1\n|move|p2a: Chimecho|Psyshock|p1a: Iron Crown\n|-resisted|p1a: Iron Crown\n|-damage|p1a: Iron Crown|233/268\n|\n|-heal|p1a: Iron Crown|249/268|[from] item: Leftovers\n|upkeep\n|turn|8\n|\n|t:|1733860508\n|switch|p2a: Cinderace|Cinderace, L77, F|249/249\n|move|p1a: Iron Crown|Calm Mind|p1a: Iron Crown\n|-boost|p1a: Iron Crown|spa|1\n|-boost|p1a: Iron Crown|spd|1\n|\n|-heal|p1a: Iron Crown|265/268|[from] item: Leftovers\n|upkeep\n|turn|9\n|\n|t:|1733860519\n|-end|p1a: Iron Crown|Quark Drive|[silent]\n|switch|p1a: Typhlosion|Typhlosion, L84, M|267/267\n|move|p2a: Cinderace|Pyro Ball|p1a: Typhlosion\n|-start|p1a: Typhlosion|ability: Flash Fire\n|\n|upkeep\n|turn|10\n|\n|t:|1733860526\n|switch|p2a: Araquanid|Araquanid, L82, F|246/246\n|move|p1a: Typhlosion|Eruption|p2a: Araquanid\n|-damage|p2a: Araquanid|98/246\n|\n|upkeep\n|turn|11\n|\n|t:|1733860536\n|move|p1a: Typhlosion|Eruption|p2a: Araquanid\n|-damage|p2a: Araquanid|0 fnt\n|faint|p2a: Araquanid\n|\n|upkeep\n|\n|t:|1733860541\n|switch|p2a: Salamence|Salamence, L77, F|273/273\n|-ability|p2a: Salamence|Intimidate|boost\n|-unboost|p1a: Typhlosion|atk|1\n|turn|12\n|\n|t:|1733860552\n|move|p1a: Typhlosion|Eruption|p2a: Salamence\n|-resisted|p2a: Salamence\n|-damage|p2a: Salamence|63/273\n|move|p2a: Salamence|Earthquake|p1a: Typhlosion\n|-supereffective|p1a: Typhlosion\n|-damage|p1a: Typhlosion|111/267\n|\n|upkeep\n|turn|13\n|\n|t:|1733860561\n|move|p1a: Typhlosion|Eruption|p2a: Salamence\n|-resisted|p2a: Salamence\n|-damage|p2a: Salamence|0 fnt\n|faint|p2a: Salamence\n|\n|upkeep\n|\n|t:|1733860564\n|switch|p2a: Cinderace|Cinderace, L77, F|249/249\n|turn|14\n|\n|t:|1733860575\n|-end|p1a: Typhlosion|ability: Flash Fire|[silent]\n|switch|p1a: Amoonguss|Amoonguss, L82, M|172/321\n|move|p2a: Cinderace|Gunk Shot|p1a: Amoonguss\n|-start|p2a: Cinderace|typechange|Poison|[from] ability: Libero\n|-damage|p1a: Amoonguss|0 fnt\n|faint|p1a: Amoonguss\n|\n|upkeep\n|\n|t:|1733860579\n|switch|p1a: Iron Crown|Iron Crown, L78|265/268\n|turn|15\n|\n|t:|1733860590\n|switch|p2a: Scizor|Scizor, L79, M|240/240\n|move|p1a: Iron Crown|Tachyon Cutter|p2a: Scizor\n|-resisted|p2a: Scizor\n|-damage|p2a: Scizor|208/240\n|-resisted|p2a: Scizor\n|-damage|p2a: Scizor|176/240\n|-hitcount|p2a: Scizor|2\n|\n|-heal|p1a: Iron Crown|268/268|[from] item: Leftovers\n|upkeep\n|turn|16\n|\n|t:|1733860610\n|move|p1a: Iron Crown|Focus Blast|p2a: Scizor|[miss]\n|-miss|p1a: Iron Crown|p2a: Scizor\n|move|p2a: Scizor|Close Combat|p1a: Iron Crown\n|-damage|p1a: Iron Crown|154/268\n|-unboost|p2a: Scizor|def|1\n|-unboost|p2a: Scizor|spd|1\n|-damage|p2a: Scizor|152/240|[from] item: Life Orb\n|\n|-heal|p1a: Iron Crown|170/268|[from] item: Leftovers\n|upkeep\n|turn|17\n|\n|t:|1733860619\n|move|p1a: Iron Crown|Tachyon Cutter|p2a: Scizor\n|-resisted|p2a: Scizor\n|-damage|p2a: Scizor|104/240\n|-resisted|p2a: Scizor\n|-damage|p2a: Scizor|57/240\n|-hitcount|p2a: Scizor|2\n|move|p2a: Scizor|Close Combat|p1a: Iron Crown\n|-damage|p1a: Iron Crown|56/268\n|-unboost|p2a: Scizor|def|1\n|-unboost|p2a: Scizor|spd|1\n|-damage|p2a: Scizor|33/240|[from] item: Life Orb\n|\n|-heal|p1a: Iron Crown|72/268|[from] item: Leftovers\n|upkeep\n|turn|18\n|\n|t:|1733860632\n|move|p1a: Iron Crown|Tachyon Cutter|p2a: Scizor\n|-resisted|p2a: Scizor\n|-damage|p2a: Scizor|0 fnt\n|faint|p2a: Scizor\n|-hitcount|p2: Scizor|1\n|\n|-heal|p1a: Iron Crown|88/268|[from] item: Leftovers\n|upkeep\n|\n|t:|1733860635\n|switch|p2a: Cinderace|Cinderace, L77, F|249/249\n|turn|19\n|\n|t:|1733860640\n|-terastallize|p2a: Cinderace|Fighting\n|move|p2a: Cinderace|High Jump Kick|p1a: Iron Crown\n|-damage|p1a: Iron Crown|0 fnt\n|faint|p1a: Iron Crown\n|-end|p1a: Iron Crown|Quark Drive|[silent]\n|\n|upkeep\n|\n|t:|1733860652\n|switch|p1a: Electrode|Electrode, L92|260/260\n|turn|20\n|\n|t:|1733860654\n|move|p1a: Electrode|Volt Switch|p2a: Cinderace\n|-damage|p2a: Cinderace|131/249\n|-damage|p1a: Electrode|234/260|[from] item: Life Orb\n|\n|t:|1733860666\n|switch|p1a: Tauros|Tauros-Paldea-Aqua, L81, M|210/252|[from] Volt Switch\n|move|p2a: Cinderace|High Jump Kick|p1a: Tauros\n|-damage|p1a: Tauros|30/252\n|-enditem|p1a: Tauros|Sitrus Berry|[eat]\n|-heal|p1a: Tauros|93/252|[from] item: Sitrus Berry\n|\n|upkeep\n|turn|21\n|\n|t:|1733860673\n|move|p2a: Cinderace|High Jump Kick|p1a: Tauros\n|-damage|p1a: Tauros|0 fnt\n|faint|p1a: Tauros\n|\n|upkeep\n|\n|t:|1733860678\n|switch|p1a: Electrode|Electrode, L92|234/260\n|turn|22\n|\n|t:|1733860680\n|move|p1a: Electrode|Thunderbolt|p2a: Cinderace\n|-damage|p2a: Cinderace|0 fnt\n|faint|p2a: Cinderace\n|-damage|p1a: Electrode|208/260|[from] item: Life Orb\n|\n|upkeep\n|\n|t:|1733860683\n|switch|p2a: Chimecho|Chimecho, L93, F|290/290\n|turn|23\n|\n|t:|1733860690\n|move|p1a: Electrode|Taunt|p2a: Chimecho\n|-start|p2a: Chimecho|move: Taunt\n|move|p2a: Chimecho|Psyshock|p1a: Electrode\n|-damage|p1a: Electrode|106/260\n|\n|upkeep\n|turn|24\n|\n|t:|1733860700\n|move|p1a: Electrode|Volt Switch|p2a: Chimecho\n|-damage|p2a: Chimecho|195/290\n|-damage|p1a: Electrode|80/260|[from] item: Life Orb\n|\n|t:|1733860703\n|switch|p1a: Suicune|Suicune, L82|298/298|[from] Volt Switch\n|-ability|p1a: Suicune|Pressure\n|move|p2a: Chimecho|Psyshock|p1a: Suicune\n|-damage|p1a: Suicune|207/298\n|\n|-heal|p1a: Suicune|225/298|[from] item: Leftovers\n|-heal|p2a: Chimecho|213/290|[from] item: Leftovers\n|upkeep\n|turn|25\n|\n|t:|1733860710\n|move|p1a: Suicune|Scald|p2a: Chimecho\n|-damage|p2a: Chimecho|147/290\n|move|p2a: Chimecho|Psyshock|p1a: Suicune\n|-damage|p1a: Suicune|138/298\n|\n|-heal|p1a: Suicune|156/298|[from] item: Leftovers\n|-heal|p2a: Chimecho|165/290|[from] item: Leftovers\n|-end|p2a: Chimecho|move: Taunt\n|upkeep\n|turn|26\n|\n|t:|1733860715\n|move|p1a: Suicune|Scald|p2a: Chimecho\n|-damage|p2a: Chimecho|93/290\n|move|p2a: Chimecho|Recover|p2a: Chimecho\n|-heal|p2a: Chimecho|238/290\n|\n|-heal|p1a: Suicune|174/298|[from] item: Leftovers\n|-heal|p2a: Chimecho|256/290|[from] item: Leftovers\n|upkeep\n|turn|27\n|\n|t:|1733860719\n|move|p1a: Suicune|Scald|p2a: Chimecho\n|-damage|p2a: Chimecho|184/290\n|-status|p2a: Chimecho|brn\n|move|p2a: Chimecho|Recover|p2a: Chimecho\n|-heal|p2a: Chimecho|290/290 brn\n|\n|-heal|p1a: Suicune|192/298|[from] item: Leftovers\n|-damage|p2a: Chimecho|272/290 brn|[from] brn\n|upkeep\n|turn|28\n|\n|t:|1733860723\n|move|p1a: Suicune|Calm Mind|p1a: Suicune\n|-boost|p1a: Suicune|spa|1\n|-boost|p1a: Suicune|spd|1\n|move|p2a: Chimecho|Calm Mind|p2a: Chimecho\n|-boost|p2a: Chimecho|spa|1\n|-boost|p2a: Chimecho|spd|1\n|\n|-heal|p1a: Suicune|210/298|[from] item: Leftovers\n|-heal|p2a: Chimecho|290/290 brn|[from] item: Leftovers\n|-damage|p2a: Chimecho|272/290 brn|[from] brn\n|upkeep\n|turn|29\n|\n|t:|1733860734\n|move|p1a: Suicune|Substitute|p1a: Suicune\n|-start|p1a: Suicune|Substitute\n|-damage|p1a: Suicune|136/298\n|move|p2a: Chimecho|Calm Mind|p2a: Chimecho\n|-boost|p2a: Chimecho|spa|1\n|-boost|p2a: Chimecho|spd|1\n|\n|-heal|p1a: Suicune|154/298|[from] item: Leftovers\n|-heal|p2a: Chimecho|290/290 brn|[from] item: Leftovers\n|-damage|p2a: Chimecho|272/290 brn|[from] brn\n|upkeep\n|turn|30\n|\n|t:|1733860739\n|move|p1a: Suicune|Calm Mind|p1a: Suicune\n|-boost|p1a: Suicune|spa|1\n|-boost|p1a: Suicune|spd|1\n|move|p2a: Chimecho|Psyshock|p1a: Suicune\n|-end|p1a: Suicune|Substitute\n|\n|-heal|p1a: Suicune|172/298|[from] item: Leftovers\n|-heal|p2a: Chimecho|290/290 brn|[from] item: Leftovers\n|-damage|p2a: Chimecho|272/290 brn|[from] brn\n|upkeep\n|turn|31\n|\n|t:|1733860744\n|move|p1a: Suicune|Protect|p1a: Suicune\n|-singleturn|p1a: Suicune|Protect\n|move|p2a: Chimecho|Psyshock|p1a: Suicune\n|-activate|p1a: Suicune|move: Protect\n|\n|-heal|p1a: Suicune|190/298|[from] item: Leftovers\n|-heal|p2a: Chimecho|290/290 brn|[from] item: Leftovers\n|-damage|p2a: Chimecho|272/290 brn|[from] brn\n|upkeep\n|turn|32\n|\n|t:|1733860750\n|move|p1a: Suicune|Substitute|p1a: Suicune\n|-start|p1a: Suicune|Substitute\n|-damage|p1a: Suicune|116/298\n|move|p2a: Chimecho|Psyshock|p1a: Suicune\n|-end|p1a: Suicune|Substitute\n|\n|-heal|p1a: Suicune|134/298|[from] item: Leftovers\n|-heal|p2a: Chimecho|290/290 brn|[from] item: Leftovers\n|-damage|p2a: Chimecho|272/290 brn|[from] brn\n|upkeep\n|turn|33\n|\n|t:|1733860758\n|switch|p1a: Electrode|Electrode, L92|80/260\n|move|p2a: Chimecho|Psyshock|p1a: Electrode\n|-damage|p1a: Electrode|0 fnt\n|faint|p1a: Electrode\n|\n|-heal|p2a: Chimecho|290/290 brn|[from] item: Leftovers\n|-damage|p2a: Chimecho|272/290 brn|[from] brn\n|upkeep\n|\n|t:|1733860761\n|switch|p1a: Suicune|Suicune, L82|134/298\n|-ability|p1a: Suicune|Pressure\n|turn|34\n|\n|t:|1733860764\n|move|p1a: Suicune|Protect|p1a: Suicune\n|-singleturn|p1a: Suicune|Protect\n|move|p2a: Chimecho|Psyshock|p1a: Suicune\n|-activate|p1a: Suicune|move: Protect\n|\n|-heal|p1a: Suicune|152/298|[from] item: Leftovers\n|-heal|p2a: Chimecho|290/290 brn|[from] item: Leftovers\n|-damage|p2a: Chimecho|272/290 brn|[from] brn\n|upkeep\n|turn|35\n|\n|t:|1733860767\n|move|p1a: Suicune|Substitute|p1a: Suicune\n|-start|p1a: Suicune|Substitute\n|-damage|p1a: Suicune|78/298\n|move|p2a: Chimecho|Psyshock|p1a: Suicune\n|-end|p1a: Suicune|Substitute\n|\n|-heal|p1a: Suicune|96/298|[from] item: Leftovers\n|-heal|p2a: Chimecho|290/290 brn|[from] item: Leftovers\n|-damage|p2a: Chimecho|272/290 brn|[from] brn\n|upkeep\n|turn|36\n|\n|t:|1733860774\n|move|p1a: Suicune|Protect|p1a: Suicune\n|-singleturn|p1a: Suicune|Protect\n|move|p2a: Chimecho|Dazzling Gleam|p1a: Suicune\n|-activate|p1a: Suicune|move: Protect\n|\n|-heal|p1a: Suicune|114/298|[from] item: Leftovers\n|-heal|p2a: Chimecho|290/290 brn|[from] item: Leftovers\n|-damage|p2a: Chimecho|272/290 brn|[from] brn\n|upkeep\n|turn|37\n|\n|t:|1733860784\n|-terastallize|p1a: Suicune|Steel\n|move|p1a: Suicune|Calm Mind|p1a: Suicune\n|-boost|p1a: Suicune|spa|1\n|-boost|p1a: Suicune|spd|1\n|move|p2a: Chimecho|Dazzling Gleam|p1a: Suicune\n|-resisted|p1a: Suicune\n|-damage|p1a: Suicune|75/298\n|\n|-heal|p1a: Suicune|93/298|[from] item: Leftovers\n|-heal|p2a: Chimecho|290/290 brn|[from] item: Leftovers\n|-damage|p2a: Chimecho|272/290 brn|[from] brn\n|upkeep\n|turn|38\n|\n|t:|1733860792\n|move|p1a: Suicune|Protect|p1a: Suicune\n|-singleturn|p1a: Suicune|Protect\n|move|p2a: Chimecho|Dazzling Gleam|p1a: Suicune\n|-activate|p1a: Suicune|move: Protect\n|\n|-heal|p1a: Suicune|111/298|[from] item: Leftovers\n|-heal|p2a: Chimecho|290/290 brn|[from] item: Leftovers\n|-damage|p2a: Chimecho|272/290 brn|[from] brn\n|upkeep\n|turn|39\n|-message|Smoke Dog 4WD forfeited.\n|\n|win|sesebseesb\n|raw|sesebseesb's rating: 1109 &rarr; <strong>1136</strong><br />(+27 for winning)\n|raw|Smoke Dog 4WD's rating: 1139 &rarr; <strong>1112</strong><br />(-27 for losing)\n|l|\u2606Smoke Dog 4WD\n|player|p2|\n", "inputlog": ">version bfd83cad13791eb5a5a409923076391caf6fb4d4\n>start {\"formatid\":\"gen9randombattle\",\"seed\":[53436,51126,31799,4318],\"rated\":\"Rated battle\"}\n>player p1 {\"name\":\"sesebseesb\",\"avatar\":\"266\",\"rating\":1156,\"seed\":[6862,19214,13167,23286]}\n>player p2 {\"name\":\"Smoke Dog 4WD\",\"avatar\":\"sabrina\",\"rating\":1139,\"seed\":[13992,20978,40590,335]}\n>p1 move taunt\n>p2 switch 2\n>p1 switch 5\n>p2 move crunch\n>p1 move sludgebomb\n>p2 move crunch\n>p1 switch 6\n>p2 move crunch\n>p1 move closecombat\n>p2 move seedbomb\n>p2 switch 4\n>p1 switch 2\n>p2 move calmmind\n>p1 move calmmind\n>p2 move psyshock\n>p1 move calmmind\n>p2 switch 6\n>p1 switch 3\n>p2 move pyroball\n>p1 move eruption\n>p2 switch 2\n>p1 move eruption\n>p2 move liquidation\n>p2 switch 5\n>p1 move eruption\n>p2 move earthquake\n>p1 move eruption\n>p2 move earthquake\n>p2 switch 2\n>p1 switch 6\n>p2 move gunkshot\n>p1 switch 3\n>p1 move tachyoncutter\n>p2 switch 3\n>p1 move focusblast\n>p2 move closecombat\n>p1 move tachyoncutter\n>p2 move closecombat\n>p1 move tachyoncutter\n>p2 move closecombat\n>p2 switch 3\n>p1 move tachyoncutter\n>p2 move highjumpkick terastallize\n>p1 switch 5\n>p1 move voltswitch\n>p2 move highjumpkick\n>p1 switch 2\n>p1 move liquidation\n>p2 move highjumpkick\n>p1 switch 2\n>p1 move thunderbolt\n>p2 move highjumpkick\n>p2 switch 6\n>p1 move taunt\n>p2 move psyshock\n>p1 move voltswitch\n>p2 move psyshock\n>p1 switch 4\n>p1 move scald\n>p2 move psyshock\n>p1 move scald\n>p2 move recover\n>p1 move scald\n>p2 move recover\n>p1 move calmmind\n>p2 move calmmind\n>p1 move substitute\n>p2 move calmmind\n>p1 move calmmind\n>p2 move psyshock\n>p1 move protect\n>p2 move psyshock\n>p1 move substitute\n>p2 move psyshock\n>p1 switch 4\n>p2 move psyshock\n>p1 switch 4\n>p1 move protect\n>p2 move psyshock\n>p1 move substitute\n>p2 move psyshock\n>p1 move protect\n>p2 move dazzlinggleam\n>p1 move calmmind terastallize\n>p2 move dazzlinggleam\n>p1 move protect\n>p2 move dazzlinggleam\n>forcelose p2", "uploadtime": 1733860800, "views": 1, "formatid": "gen9randombattle", "rating": 1112, "private": 0, "password": null}