{"id": "gen9randombattle-2260482956", "format": "[Gen 9] Random Battle", "players": ["Dkkgnl", "ratbrg83"], "log": "|j|\u203dDkkgnl\n|j|\u2606ratbrg83\n|t:|1733855942\n|gametype|singles\n|player|p1|Dkkgnl|2|1000\n|player|p2|ratbrg83|lucas|1000\n|teamsize|p1|6\n|teamsize|p2|6\n|gen|9\n|tier|[Gen 9] Random Battle\n|rated|\n|rule|Species Clause: Limit one of each Pok\u00e9mon\n|rule|HP Percentage Mod: HP is shown in percentages\n|rule|Sleep Clause Mod: Limit one foe put to sleep\n|rule|Illusion Level Mod: Illusion disguises the Pok\u00e9mon's true level\n|\n|t:|1733855942\n|start\n|switch|p1a: Miraidon|Miraidon, L65|238/238\n|switch|p2a: Garganacl|Garganacl, L80, M|291/291\n|-fieldstart|move: Electric Terrain|[from] ability: Hadron Engine|[of] p1a: Miraidon\n|turn|1\n|inactive|Battle timer is ON: inactive players will automatically lose when time's up. (requested by ratbrg83)\n|\n|t:|1733855963\n|switch|p1a: Politoed|Politoed, L88, M|302/302\n|-weather|RainDance|[from] ability: Drizzle|[of] p1a: Politoed\n|move|p2a: Garganacl|Earthquake|p1a: Politoed\n|-damage|p1a: Politoed|227/302\n|\n|-weather|RainDance|[upkeep]\n|upkeep\n|turn|2\n|\n|t:|1733855973\n|move|p2a: Garganacl|Protect|p2a: Garganacl\n|-singleturn|p2a: Garganacl|Protect\n|move|p1a: Politoed|Weather Ball|p2a: Garganacl\n|-activate|p2a: Garganacl|move: Protect\n|\n|-weather|RainDance|[upkeep]\n|upkeep\n|turn|3\n|\n|t:|1733855994\n|switch|p2a: Amoonguss|Amoonguss, L82, M|321/321\n|move|p1a: Politoed|Weather Ball|p2a: Amoonguss\n|-resisted|p2a: Amoonguss\n|-damage|p2a: Amoonguss|192/321\n|\n|-weather|RainDance|[upkeep]\n|-heal|p2a: Amoonguss|212/321|[from] item: Leftovers\n|upkeep\n|turn|4\n|\n|t:|1733856007\n|switch|p1a: Kyurem|Kyurem, L77|319/319\n|-ability|p1a: Kyurem|Pressure\n|move|p2a: Amoonguss|Sludge Bomb|p1a: Kyurem\n|-damage|p1a: Kyurem|232/319\n|\n|-weather|RainDance|[upkeep]\n|-heal|p2a: Amoonguss|232/321|[from] item: Leftovers\n|upkeep\n|turn|5\n|\n|t:|1733856016\n|switch|p2a: Muk|Muk, L86, F|321/321\n|move|p1a: Kyurem|Freeze-Dry|p2a: Muk\n|-damage|p2a: Muk|249/321\n|\n|-weather|none\n|-fieldend|move: Electric Terrain\n|upkeep\n|turn|6\n|\n|t:|1733856021\n|switch|p1a: Probopass|Probopass, L92, F|260/260\n|move|p2a: Muk|Knock Off|p1a: Probopass\n|-damage|p1a: Probopass|213/260\n|-enditem|p1a: Probopass|Chesto Berry|[from] move: Knock Off|[of] p2a: Muk\n|\n|upkeep\n|turn|7\n|\n|t:|1733856032\n|move|p2a: Muk|Drain Punch|p1a: Probopass\n|-supereffective|p1a: Probopass\n|-damage|p1a: Probopass|77/260\n|-heal|p2a: Muk|317/321|[from] drain|[of] p1a: Probopass\n|move|p1a: Probopass|Iron Defense|p1a: Probopass\n|-boost|p1a: Probopass|def|2\n|\n|upkeep\n|turn|8\n|\n|t:|1733856046\n|move|p2a: Muk|Drain Punch|p1a: Probopass\n|-supereffective|p1a: Probopass\n|-damage|p1a: Probopass|1/260\n|-heal|p2a: Muk|321/321|[from] drain|[of] p1a: Probopass\n|move|p1a: Probopass|Rest|p1a: Probopass\n|-status|p1a: Probopass|slp|[from] move: Rest\n|-heal|p1a: Probopass|260/260 slp|[silent]\n|\n|upkeep\n|turn|9\n|\n|t:|1733856057\n|switch|p2a: Garganacl|Garganacl, L80, M|291/291\n|cant|p1a: Probopass|slp\n|\n|upkeep\n|turn|10\n|\n|t:|1733856059\n|cant|p1a: Probopass|slp\n|move|p2a: Garganacl|Salt Cure|p1a: Probopass\n|-resisted|p1a: Probopass\n|-damage|p1a: Probopass|254/260 slp\n|-start|p1a: Probopass|Salt Cure\n|\n|-damage|p1a: Probopass|189/260 slp|[from] Salt Cure\n|upkeep\n|turn|11\n|\n|t:|1733856067\n|move|p2a: Garganacl|Protect|p2a: Garganacl\n|-singleturn|p2a: Garganacl|Protect\n|-curestatus|p1a: Probopass|slp|[msg]\n|move|p1a: Probopass|Body Press|p2a: Garganacl\n|-activate|p2a: Garganacl|move: Protect\n|\n|-damage|p1a: Probopass|124/260|[from] Salt Cure\n|upkeep\n|turn|12\n|\n|t:|1733856075\n|switch|p2a: Amoonguss|Amoonguss, L82, M|321/321\n|move|p1a: Probopass|Body Press|p2a: Amoonguss\n|-resisted|p2a: Amoonguss\n|-damage|p2a: Amoonguss|219/321\n|\n|-heal|p2a: Amoonguss|239/321|[from] item: Leftovers\n|-damage|p1a: Probopass|59/260|[from] Salt Cure\n|upkeep\n|turn|13\n|-message|Dkkgnl forfeited.\n|\n|win|ratbrg83\n|raw|Dkkgnl's rating: 1000 &rarr; <strong>1000</strong><br />(+0 for losing)\n|raw|ratbrg83's rating: 1000 &rarr; <strong>1040</strong><br />(+40 for winning)\n|l|\u203dDkkgnl\n|player|p1|\n", "inputlog": ">version bfd83cad13791eb5a5a409923076391caf6fb4d4\n>start {\"formatid\":\"gen9randombattle\",\"seed\":[41058,35214,25347,17469],\"rated\":\"Rated battle\"}\n>player p1 {\"name\":\"Dkkgnl\",\"avatar\":\"2\",\"rating\":1000,\"seed\":[46715,62865,30437,21597]}\n>player p2 {\"name\":\"ratbrg83\",\"avatar\":\"lucas\",\"rating\":1000,\"seed\":[29515,39789,32801,37397]}\n>p1 switch 3\n>p2 move earthquake\n>p1 move weatherball\n>p2 move protect\n>p1 move weatherball\n>p2 switch 6\n>p1 switch 6\n>p2 move sludgebomb\n>p1 move freezedry\n>p2 switch 5\n>p1 switch 4\n>p2 move knockoff\n>p1 move irondefense\n>p2 move drainpunch\n>p1 move rest\n>p2 move drainpunch\n>p1 move irondefense\n>p2 switch 6\n>p1 move irondefense\n>p2 move saltcure\n>p1 move bodypress\n>p2 move protect\n>p1 move bodypress\n>p2 switch 5\n>forcelose p1", "uploadtime": 1733856113, "views": 2, "formatid": "gen9randombattle", "rating": 1000, "private": 0, "password": null}