{"id": "gen9randombattle-2260588334", "format": "[Gen 9] Random Battle", "players": ["jdkdjxjbv", "awegvdagwea"], "log": "|j|\u2606jdkdjxjbv\n|j|\u2606awegvdagwea\n|t:|1733866562\n|gametype|singles\n|player|p1|jdkdjxjbv|170|1040\n|player|p2|awegvdagwea|2|1000\n|teamsize|p1|6\n|teamsize|p2|6\n|gen|9\n|tier|[Gen 9] Random Battle\n|rated|\n|rule|Species Clause: Limit one of each Pok\u00e9mon\n|rule|HP Percentage Mod: HP is shown in percentages\n|rule|Sleep Clause Mod: Limit one foe put to sleep\n|rule|Illusion Level Mod: Illusion disguises the Pok\u00e9mon's true level\n|\n|t:|1733866562\n|start\n|switch|p1a: Frosmoth|Frosmoth, L82, F|249/249\n|switch|p2a: Veluza|Veluza, L85, M|292/292\n|turn|1\n|\n|t:|1733866571\n|switch|p1a: Appletun|Appletun, L92, F|352/352\n|move|p2a: Veluza|Flip Turn|p1a: Appletun\n|-resisted|p1a: Appletun\n|-crit|p1a: Appletun\n|-damage|p1a: Appletun|329/352\n|\n|t:|1733866581\n|switch|p2a: Kyurem|Kyurem-White, L73|303/303|[from] Flip Turn\n|-ability|p2a: Kyurem|Turboblaze\n|\n|-heal|p1a: Appletun|351/352|[from] item: Leftovers\n|upkeep\n|turn|2\n|\n|t:|1733866588\n|switch|p1a: Volbeat|Volbeat, L90, M|263/263\n|move|p2a: Kyurem|Ice Beam|p1a: Volbeat\n|-damage|p1a: Volbeat|161/263\n|\n|upkeep\n|turn|3\n|inactive|Battle timer is ON: inactive players will automatically lose when time's up. (requested by awegvdagwea)\n|\n|t:|1733866593\n|switch|p2a: Iron Treads|Iron Treads, L77|265/265\n|move|p1a: Volbeat|Thunder Wave|p2a: Iron Treads\n|-immune|p2a: Iron Treads\n|\n|upkeep\n|turn|4\n|\n|t:|1733866602\n|move|p2a: Iron Treads|Stealth Rock|p1a: Volbeat\n|-sidestart|p1: jdkdjxjbv|move: Stealth Rock\n|move|p1a: Volbeat|Lunge|p2a: Iron Treads\n|-resisted|p2a: Iron Treads\n|-damage|p2a: Iron Treads|228/265\n|-unboost|p2a: Iron Treads|atk|1\n|\n|-heal|p2a: Iron Treads|244/265|[from] item: Leftovers\n|upkeep\n|turn|5\n|\n|t:|1733866608\n|move|p1a: Volbeat|Encore|p2a: Iron Treads\n|-start|p2a: Iron Treads|Encore\n|move|p2a: Iron Treads|Stealth Rock||[still]\n|-fail|p2a: Iron Treads\n|\n|-heal|p2a: Iron Treads|260/265|[from] item: Leftovers\n|upkeep\n|turn|6\n|\n|t:|1733866614\n|-end|p2a: Iron Treads|Quark Drive|[silent]\n|switch|p2a: Rhyperior|Rhyperior, L82, M|323/323\n|move|p1a: Volbeat|Roost|p1a: Volbeat\n|-heal|p1a: Volbeat|263/263\n|-singleturn|p1a: Volbeat|move: Roost\n|\n|upkeep\n|turn|7\n|\n|t:|1733866618\n|move|p1a: Volbeat|Lunge|p2a: Rhyperior\n|-damage|p2a: Rhyperior|262/323\n|-unboost|p2a: Rhyperior|atk|1\n|move|p2a: Rhyperior|Stone Edge|p1a: Volbeat\n|-supereffective|p1a: Volbeat\n|-crit|p1a: Volbeat\n|-damage|p1a: Volbeat|0 fnt\n|faint|p1a: Volbeat\n|\n|upkeep\n|\n|t:|1733866624\n|switch|p1a: Cinderace|Cinderace, L77, M|249/249\n|turn|8\n|\n|t:|1733866628\n|move|p1a: Cinderace|Court Change|p1a: Cinderace\n|-start|p1a: Cinderace|typechange|Normal|[from] ability: Libero\n|-swapsideconditions\n|-activate|p1a: Cinderace|move: Court Change\n|move|p2a: Rhyperior|Stone Edge|p1a: Cinderace\n|-damage|p1a: Cinderace|137/249\n|\n|upkeep\n|turn|9\n|\n|t:|1733866637\n|switch|p1a: Golduck|Golduck, L90, F|290/290\n|-ability|p1a: Golduck|Cloud Nine\n|move|p2a: Rhyperior|Earthquake|p1a: Golduck\n|-damage|p1a: Golduck|190/290\n|\n|upkeep\n|turn|10\n|\n|t:|1733866652\n|switch|p2a: Whimsicott|Whimsicott, L85, M|241/241\n|-damage|p2a: Whimsicott|211/241|[from] Stealth Rock\n|move|p1a: Golduck|Nasty Plot|p1a: Golduck\n|-boost|p1a: Golduck|spa|2\n|\n|-heal|p2a: Whimsicott|226/241|[from] item: Leftovers\n|upkeep\n|turn|11\n|\n|t:|1733866654\n|move|p2a: Whimsicott|Encore|p1a: Golduck\n|-start|p1a: Golduck|Encore\n|move|p1a: Golduck|Nasty Plot|p1a: Golduck\n|-boost|p1a: Golduck|spa|2\n|\n|-heal|p2a: Whimsicott|241/241|[from] item: Leftovers\n|upkeep\n|turn|12\n|\n|t:|1733866659\n|switch|p1a: Frosmoth|Frosmoth, L82, F|249/249\n|move|p2a: Whimsicott|Substitute|p2a: Whimsicott\n|-start|p2a: Whimsicott|Substitute\n|-damage|p2a: Whimsicott|181/241\n|\n|-heal|p2a: Whimsicott|196/241|[from] item: Leftovers\n|upkeep\n|turn|13\n|\n|t:|1733866661\n|move|p2a: Whimsicott|Leech Seed|p1a: Frosmoth\n|-start|p1a: Frosmoth|move: Leech Seed\n|move|p1a: Frosmoth|Ice Beam|p2a: Whimsicott\n|-supereffective|p2a: Whimsicott\n|-end|p2a: Whimsicott|Substitute\n|\n|-heal|p2a: Whimsicott|211/241|[from] item: Leftovers\n|-damage|p1a: Frosmoth|218/249|[from] Leech Seed|[of] p2a: Whimsicott\n|-heal|p2a: Whimsicott|241/241|[silent]\n|upkeep\n|turn|14\n|\n|t:|1733866674\n|switch|p2a: Iron Treads|Iron Treads, L77|260/265\n|-damage|p2a: Iron Treads|252/265|[from] Stealth Rock\n|move|p1a: Frosmoth|Bug Buzz|p2a: Iron Treads\n|-resisted|p2a: Iron Treads\n|-damage|p2a: Iron Treads|185/265\n|\n|-heal|p2a: Iron Treads|201/265|[from] item: Leftovers\n|-damage|p1a: Frosmoth|187/249|[from] Leech Seed|[of] p2a: Iron Treads\n|-heal|p2a: Iron Treads|232/265|[silent]\n|upkeep\n|turn|15\n|\n|t:|1733866677\n|switch|p1a: Appletun|Appletun, L92, F|351/352\n|move|p2a: Iron Treads|Rapid Spin|p1a: Appletun\n|-damage|p1a: Appletun|320/352\n|-boost|p2a: Iron Treads|spe|1\n|-sideend|p2: awegvdagwea|Stealth Rock|[from] move: Rapid Spin|[of] p2a: Iron Treads\n|\n|-heal|p2a: Iron Treads|248/265|[from] item: Leftovers\n|-heal|p1a: Appletun|342/352|[from] item: Leftovers\n|upkeep\n|turn|16\n|\n|t:|1733866680\n|move|p2a: Iron Treads|Stealth Rock|p1a: Appletun\n|-sidestart|p1: jdkdjxjbv|move: Stealth Rock\n|move|p1a: Appletun|Apple Acid|p2a: Iron Treads\n|-damage|p2a: Iron Treads|118/265\n|-unboost|p2a: Iron Treads|spd|1\n|\n|-heal|p2a: Iron Treads|134/265|[from] item: Leftovers\n|-heal|p1a: Appletun|352/352|[from] item: Leftovers\n|upkeep\n|turn|17\n|\n|t:|1733866683\n|-end|p2a: Iron Treads|Quark Drive|[silent]\n|switch|p2a: Whimsicott|Whimsicott, L85, M|241/241\n|move|p1a: Appletun|Apple Acid|p2a: Whimsicott\n|-resisted|p2a: Whimsicott\n|-damage|p2a: Whimsicott|187/241\n|-unboost|p2a: Whimsicott|spd|1\n|\n|-heal|p2a: Whimsicott|202/241|[from] item: Leftovers\n|upkeep\n|turn|18\n|\n|t:|1733866688\n|switch|p1a: Frosmoth|Frosmoth, L82, F|187/249\n|move|p2a: Whimsicott|Moonblast|p1a: Frosmoth\n|-damage|p1a: Frosmoth|146/249\n|\n|-heal|p2a: Whimsicott|217/241|[from] item: Leftovers\n|upkeep\n|turn|19\n|\n|t:|1733866691\n|move|p2a: Whimsicott|Substitute|p2a: Whimsicott\n|-start|p2a: Whimsicott|Substitute\n|-damage|p2a: Whimsicott|157/241\n|move|p1a: Frosmoth|Ice Beam|p2a: Whimsicott\n|-supereffective|p2a: Whimsicott\n|-end|p2a: Whimsicott|Substitute\n|\n|-heal|p2a: Whimsicott|172/241|[from] item: Leftovers\n|upkeep\n|turn|20\n|\n|t:|1733866696\n|switch|p2a: Veluza|Veluza, L85, M|292/292\n|move|p1a: Frosmoth|Ice Beam|p2a: Veluza\n|-resisted|p2a: Veluza\n|-damage|p2a: Veluza|226/292\n|\n|upkeep\n|turn|21\n|\n|t:|1733866702\n|move|p2a: Veluza|Psycho Cut|p1a: Frosmoth\n|-damage|p1a: Frosmoth|0 fnt\n|faint|p1a: Frosmoth\n|\n|upkeep\n|n|\u2606jdkdjxjbv|jdkdjxjbv\n|inactive|jdkdjxjbv has 120 seconds left.\n|c|\u2606jdkdjxjbv|congrats on getting bullshit pokemon to spam your pussie bitch strats\n|c|\u2606jdkdjxjbv|enjoy your timer since you just want to spam switches\n|inactive|jdkdjxjbv has 90 seconds left.\n|l|\u2606jdkdjxjbv\n|inactive|jdkdjxjbv disconnected and has a minute to reconnect!\n|player|p1|\n|inactive|jdkdjxjbv has 30 seconds to reconnect!\n|inactive|jdkdjxjbv has 20 seconds to reconnect!\n|inactive|jdkdjxjbv has 15 seconds to reconnect!\n|inactive|jdkdjxjbv has 10 seconds to reconnect!\n|inactive|jdkdjxjbv has 5 seconds to reconnect!\n|-message|jdkdjxjbv lost due to inactivity.\n|\n|win|awegvdagwea\n", "inputlog": ">version bfd83cad13791eb5a5a409923076391caf6fb4d4\n>start {\"formatid\":\"gen9randombattle\",\"seed\":[6819,7932,34121,3882],\"rated\":\"Rated battle\"}\n>player p1 {\"name\":\"jdkdjxjbv\",\"avatar\":\"170\",\"rating\":1040,\"seed\":[58266,36009,20966,5062]}\n>player p2 {\"name\":\"awegvdagwea\",\"avatar\":\"2\",\"rating\":1000,\"seed\":[59934,18631,1579,51642]}\n>p1 switch 6\n>p2 move flipturn\n>p2 switch 2\n>p1 switch 3\n>p2 move icebeam\n>p1 move thunderwave\n>p2 switch 3\n>p1 move lunge\n>p2 move stealthrock\n>p1 move encore\n>p2 move ironhead\n>p1 move roost\n>p2 switch 5\n>p1 move lunge\n>p2 move stoneedge\n>p1 switch 4\n>p1 move courtchange\n>p2 move stoneedge\n>p1 switch 5\n>p2 move earthquake\n>p1 move nastyplot\n>p2 switch 4\n>p1 move icebeam\n>p2 move encore\n>p1 switch 6\n>p2 move substitute\n>p1 move icebeam\n>p2 move leechseed\n>p1 move bugbuzz\n>p2 switch 5\n>p1 switch 3\n>p2 move rapidspin\n>p1 move appleacid\n>p2 move stealthrock\n>p1 move appleacid\n>p2 switch 5\n>p1 switch 3\n>p2 move moonblast\n>p1 move icebeam\n>p2 move substitute\n>p1 move icebeam\n>p2 switch 2\n>p1 move quiverdance\n>p2 move psychocut\n>chat \u2606jdkdjxjbv|congrats on getting bullshit pokemon to spam your pussie bitch strats\n>chat \u2606jdkdjxjbv|enjoy your timer since you just want to spam switches\n>forcelose p1", "uploadtime": 1733866742, "views": 5, "formatid": "gen9randombattle", "rating": null, "private": 0, "password": null}