{"id": "gen9randombattle-2024495630", "format": "[Gen 9] Random Battle", "players": ["berryalolawater123", "MichaelderBeste2"], "log": "|j|\u2606berryalolawater123\n|j|\u2606MichaelderBeste2\n|t:|1704105583\n|gametype|singles\n|player|p1|berryalolawater123|klara|2197\n|player|p2|MichaelderBeste2|#wcop2023germany|2480\n|teamsize|p1|6\n|teamsize|p2|6\n|gen|9\n|tier|[Gen 9] Random Battle\n|rated|\n|rule|Species Clause: Limit one of each Pok\u00e9mon\n|rule|HP Percentage Mod: HP is shown in percentages\n|rule|Sleep Clause Mod: Limit one foe put to sleep\n|rule|Illusion Level Mod: Illusion disguises the Pok\u00e9mon's true level\n|\n|t:|1704105583\n|start\n|switch|p1a: Cetitan|Cetitan, L82, F|216/216\n|switch|p2a: Lurantis|Lurantis, L88, F|266/266\n|turn|1\n|c|\u2606berryalolawater123|o shit\n|j| beans14\n|inactive|Battle timer is ON: inactive players will automatically lose when time's up. (requested by berryalolawater123)\n|inactive|MichaelderBeste2 has 120 seconds left.\n|\n|t:|1704105663\n|move|p1a: Cetitan|Focus Blast|p2a: Lurantis\n|-damage|p2a: Lurantis|137/266\n|move|p2a: Lurantis|Superpower|p1a: Cetitan\n|-immune|p1a: Cetitan\n|\n|-heal|p2a: Lurantis|153/266|[from] item: Leftovers\n|upkeep\n|turn|2\n|\n|t:|1704105675\n|switch|p1a: Venusaur|Venusaur, L84, M|272/272\n|move|p2a: Lurantis|Synthesis|p2a: Lurantis\n|-heal|p2a: Lurantis|266/266\n|\n|upkeep\n|turn|3\n|\n|t:|1704105682\n|switch|p2a: Vigoroth|Vigoroth, L85, M|275/275\n|move|p1a: Venusaur|Sunny Day|p1a: Venusaur\n|-weather|SunnyDay\n|\n|-weather|SunnyDay|[upkeep]\n|upkeep\n|turn|4\n|\n|t:|1704105693\n|move|p1a: Venusaur|Sludge Bomb|p2a: Vigoroth\n|-damage|p2a: Vigoroth|161/275\n|-damage|p1a: Venusaur|245/272|[from] item: Life Orb\n|move|p2a: Vigoroth|Slack Off|p2a: Vigoroth\n|-heal|p2a: Vigoroth|275/275\n|\n|-weather|SunnyDay|[upkeep]\n|upkeep\n|turn|5\n|\n|t:|1704105698\n|move|p1a: Venusaur|Sludge Bomb|p2a: Vigoroth\n|-damage|p2a: Vigoroth|153/275\n|-damage|p1a: Venusaur|218/272|[from] item: Life Orb\n|move|p2a: Vigoroth|Slack Off|p2a: Vigoroth\n|-heal|p2a: Vigoroth|275/275\n|\n|-weather|SunnyDay|[upkeep]\n|upkeep\n|turn|6\n|\n|t:|1704105702\n|move|p1a: Venusaur|Sludge Bomb|p2a: Vigoroth\n|-damage|p2a: Vigoroth|168/275\n|-damage|p1a: Venusaur|191/272|[from] item: Life Orb\n|move|p2a: Vigoroth|Slack Off|p2a: Vigoroth\n|-heal|p2a: Vigoroth|275/275\n|\n|-weather|SunnyDay|[upkeep]\n|upkeep\n|turn|7\n|\n|t:|1704105706\n|move|p1a: Venusaur|Sludge Bomb|p2a: Vigoroth\n|-damage|p2a: Vigoroth|168/275\n|-damage|p1a: Venusaur|164/272|[from] item: Life Orb\n|move|p2a: Vigoroth|Body Slam|p1a: Venusaur\n|-crit|p1a: Venusaur\n|-damage|p1a: Venusaur|46/272\n|\n|-weather|none\n|upkeep\n|turn|8\n|\n|t:|1704105727\n|switch|p1a: Camerupt|Camerupt, L90, F|272/272\n|move|p2a: Vigoroth|Earthquake|p1a: Camerupt\n|-supereffective|p1a: Camerupt\n|-damage|p1a: Camerupt|163/272\n|\n|-heal|p1a: Camerupt|180/272|[from] item: Leftovers\n|upkeep\n|turn|9\n|\n|t:|1704105751\n|move|p2a: Vigoroth|Body Slam|p1a: Camerupt\n|-damage|p1a: Camerupt|98/272\n|-status|p1a: Camerupt|par\n|move|p1a: Camerupt|Lava Plume|p2a: Vigoroth\n|-damage|p2a: Vigoroth|74/275\n|-status|p2a: Vigoroth|brn\n|\n|-heal|p1a: Camerupt|115/272 par|[from] item: Leftovers\n|-damage|p2a: Vigoroth|57/275 brn|[from] brn\n|upkeep\n|turn|10\n|\n|t:|1704105765\n|switch|p2a: Crawdaunt|Crawdaunt, L84, M|243/243\n|move|p1a: Camerupt|Stealth Rock|p2a: Crawdaunt\n|-sidestart|p2: MichaelderBeste2|move: Stealth Rock\n|\n|-heal|p1a: Camerupt|132/272 par|[from] item: Leftovers\n|upkeep\n|turn|11\n|\n|t:|1704105783\n|move|p2a: Crawdaunt|Knock Off|p1a: Camerupt\n|-damage|p1a: Camerupt|0 fnt\n|-enditem|p1a: Camerupt|Leftovers|[from] move: Knock Off|[of] p2a: Crawdaunt\n|faint|p1a: Camerupt\n|\n|upkeep\n|\n|t:|1704105798\n|switch|p1a: Venusaur|Venusaur, L84, M|46/272\n|turn|12\n|\n|t:|1704105815\n|switch|p2a: Vigoroth|Vigoroth, L85, M|57/275 brn\n|-damage|p2a: Vigoroth|23/275 brn|[from] Stealth Rock\n|move|p1a: Venusaur|Power Whip|p2a: Vigoroth\n|-damage|p2a: Vigoroth|0 fnt\n|faint|p2a: Vigoroth\n|-damage|p1a: Venusaur|19/272|[from] item: Life Orb\n|\n|upkeep\n|\n|t:|1704105823\n|switch|p2a: Talonflame|Talonflame, L84, F|268/268\n|turn|13\n|\n|t:|1704105833\n|move|p2a: Talonflame|Brave Bird|p1a: Venusaur\n|-supereffective|p1a: Venusaur\n|-damage|p1a: Venusaur|0 fnt\n|faint|p1a: Venusaur\n|-damage|p2a: Talonflame|262/268|[from] Recoil\n|\n|upkeep\n|\n|t:|1704105853\n|switch|p1a: Cetitan|Cetitan, L82, F|412/412\n|turn|14\n|\n|t:|1704105877\n|move|p2a: Talonflame|Will-O-Wisp|p1a: Cetitan|[miss]\n|-miss|p2a: Talonflame|p1a: Cetitan\n|move|p1a: Cetitan|Belly Drum|p1a: Cetitan\n|-damage|p1a: Cetitan|206/412\n|-setboost|p1a: Cetitan|atk|6|[from] move: Belly Drum\n|-enditem|p1a: Cetitan|Sitrus Berry|[eat]\n|-heal|p1a: Cetitan|309/412|[from] item: Sitrus Berry\n|\n|upkeep\n|turn|15\n|\n|t:|1704105886\n|-terastallize|p1a: Cetitan|Ice\n|move|p1a: Cetitan|Ice Shard|p2a: Talonflame\n|-damage|p2a: Talonflame|0 fnt\n|faint|p2a: Talonflame\n|\n|upkeep\n|\n|t:|1704105905\n|switch|p2a: Chien-Pao|Chien-Pao, L72|234/234\n|-damage|p2a: Chien-Pao|176/234|[from] Stealth Rock\n|-ability|p2a: Chien-Pao|Sword of Ruin\n|turn|16\n|\n|t:|1704105913\n|move|p1a: Cetitan|Ice Shard|p2a: Chien-Pao\n|-resisted|p2a: Chien-Pao\n|-damage|p2a: Chien-Pao|26/234\n|move|p2a: Chien-Pao|Sacred Sword|p1a: Cetitan\n|-supereffective|p1a: Cetitan\n|-crit|p1a: Cetitan\n|-damage|p1a: Cetitan|0 fnt\n|faint|p1a: Cetitan\n|\n|upkeep\n|\n|t:|1704105939\n|switch|p1a: Sandslash|Sandslash, L88, F|216/216\n|turn|17\n|\n|t:|1704105947\n|move|p2a: Chien-Pao|Sacred Sword|p1a: Sandslash\n|-immune|p1a: Sandslash\n|move|p1a: Sandslash|U-turn|p2a: Chien-Pao\n|-supereffective|p2a: Chien-Pao\n|-damage|p2a: Chien-Pao|0 fnt\n|faint|p2a: Chien-Pao\n|\n|t:|1704105956\n|switch|p1a: Roaring Moon|Roaring Moon, L73|274/274|[from] U-turn\n|\n|upkeep\n|\n|t:|1704105969\n|switch|p2a: Lurantis|Lurantis, L88, F|266/266\n|-damage|p2a: Lurantis|233/266|[from] Stealth Rock\n|turn|18\n|\n|t:|1704105981\n|move|p1a: Roaring Moon|U-turn|p2a: Lurantis\n|-supereffective|p2a: Lurantis\n|-damage|p2a: Lurantis|93/266\n|\n|t:|1704105983\n|-end|p1a: Roaring Moon|Protosynthesis|[silent]\n|switch|p1a: Sandslash|Sandslash, L88, F|216/216|[from] U-turn\n|move|p2a: Lurantis|Synthesis|p2a: Lurantis\n|-heal|p2a: Lurantis|226/266\n|\n|-heal|p2a: Lurantis|242/266|[from] item: Leftovers\n|upkeep\n|turn|19\n|inactive|MichaelderBeste2 has 120 seconds left.\n|\n|t:|1704106025\n|move|p1a: Sandslash|Hyper Voice|p2a: Lurantis\n|-damage|p2a: Lurantis|89/266\n|move|p2a: Lurantis|Synthesis|p2a: Lurantis\n|-heal|p2a: Lurantis|222/266\n|\n|-heal|p2a: Lurantis|238/266|[from] item: Leftovers\n|upkeep\n|turn|20\n|inactive|MichaelderBeste2 has 120 seconds left.\n|\n|t:|1704106030\n|switch|p2a: Sinistcha|Sinistcha, L83|254/254\n|-damage|p2a: Sinistcha|223/254|[from] Stealth Rock\n|move|p1a: Sandslash|Hyper Voice|p2a: Sinistcha\n|-immune|p2a: Sinistcha\n|\n|-heal|p2a: Sinistcha|238/254|[from] item: Leftovers\n|upkeep\n|turn|21\n|\n|t:|1704106041\n|switch|p1a: Roaring Moon|Roaring Moon, L73|274/274\n|move|p2a: Sinistcha|Matcha Gotcha|p1a: Roaring Moon\n|-resisted|p1a: Roaring Moon\n|-damage|p1a: Roaring Moon|227/274\n|-heal|p2a: Sinistcha|254/254|[from] drain|[of] p1a: Roaring Moon\n|\n|upkeep\n|turn|22\n|inactive|MichaelderBeste2 has 120 seconds left.\n|\n|t:|1704106085\n|-terastallize|p2a: Sinistcha|Steel\n|move|p1a: Roaring Moon|Knock Off|p2a: Sinistcha\n|-damage|p2a: Sinistcha|112/254\n|-enditem|p2a: Sinistcha|Leftovers|[from] move: Knock Off|[of] p1a: Roaring Moon\n|move|p2a: Sinistcha|Strength Sap|p1a: Roaring Moon\n|-unboost|p1a: Roaring Moon|atk|1\n|-heal|p2a: Sinistcha|254/254\n|\n|upkeep\n|turn|23\n|\n|t:|1704106095\n|-end|p1a: Roaring Moon|Protosynthesis|[silent]\n|switch|p1a: Sandslash|Sandslash, L88, F|216/216\n|move|p2a: Sinistcha|Matcha Gotcha|p1a: Sandslash\n|-damage|p1a: Sandslash|80/216\n|replace|p1a: Zoroark|Zoroark-Hisui, L79, M\n|-end|p1a: Zoroark|Illusion\n|-hint|Illusion Level Mod is active, so this Pok\u00e9mon's true level was hidden.\n|\n|upkeep\n|turn|24\n|\n|t:|1704106102\n|switch|p2a: Lurantis|Lurantis, L88, F|238/266\n|-damage|p2a: Lurantis|205/266|[from] Stealth Rock\n|move|p1a: Zoroark|Focus Blast|p2a: Lurantis|[miss]\n|-miss|p1a: Zoroark|p2a: Lurantis\n|\n|-heal|p2a: Lurantis|221/266|[from] item: Leftovers\n|upkeep\n|turn|25\n|c|\u2606berryalolawater123|man\n|c|\u2606berryalolawater123|tough\n|\n|t:|1704106112\n|move|p1a: Zoroark|Focus Blast|p2a: Lurantis\n|-damage|p2a: Lurantis|84/266\n|-boost|p2a: Lurantis|spd|1\n|move|p2a: Lurantis|Knock Off|p1a: Zoroark\n|-supereffective|p1a: Zoroark\n|-damage|p1a: Zoroark|0 fnt\n|-enditem|p1a: Zoroark|Choice Specs|[from] move: Knock Off|[of] p2a: Lurantis\n|faint|p1a: Zoroark\n|\n|-heal|p2a: Lurantis|100/266|[from] item: Leftovers\n|upkeep\n|\n|t:|1704106119\n|switch|p1a: Roaring Moon|Roaring Moon, L73|227/274\n|turn|26\n|\n|t:|1704106125\n|move|p1a: Roaring Moon|U-turn|p2a: Lurantis\n|-supereffective|p2a: Lurantis\n|-damage|p2a: Lurantis|0 fnt\n|faint|p2a: Lurantis\n|\n|t:|1704106128\n|-end|p1a: Roaring Moon|Protosynthesis|[silent]\n|switch|p1a: Sandslash|Sandslash, L88, F|275/275|[from] U-turn\n|\n|upkeep\n|\n|t:|1704106137\n|switch|p2a: Crawdaunt|Crawdaunt, L84, M|243/243\n|-damage|p2a: Crawdaunt|213/243|[from] Stealth Rock\n|turn|27\n|\n|t:|1704106145\n|switch|p1a: Roaring Moon|Roaring Moon, L73|227/274\n|move|p2a: Crawdaunt|Crabhammer|p1a: Roaring Moon\n|-resisted|p1a: Roaring Moon\n|-damage|p1a: Roaring Moon|74/274\n|\n|upkeep\n|turn|28\n|\n|t:|1704106154\n|move|p1a: Roaring Moon|Outrage|p2a: Crawdaunt\n|-damage|p2a: Crawdaunt|0 fnt\n|faint|p2a: Crawdaunt\n|\n|upkeep\n|\n|t:|1704106156\n|switch|p2a: Sinistcha|Sinistcha, L83, tera:Steel|254/254\n|-damage|p2a: Sinistcha|239/254|[from] Stealth Rock\n|turn|29\n|\n|t:|1704106166\n|move|p1a: Roaring Moon|Outrage|p2a: Sinistcha|[from]lockedmove\n|-resisted|p2a: Sinistcha\n|-damage|p2a: Sinistcha|154/254\n|-start|p1a: Roaring Moon|confusion|[fatigue]\n|move|p2a: Sinistcha|Calm Mind|p2a: Sinistcha\n|-boost|p2a: Sinistcha|spa|1\n|-boost|p2a: Sinistcha|spd|1\n|\n|upkeep\n|turn|30\n|\n|t:|1704106172\n|-activate|p1a: Roaring Moon|confusion\n|move|p1a: Roaring Moon|Outrage|p2a: Sinistcha\n|-resisted|p2a: Sinistcha\n|-damage|p2a: Sinistcha|64/254\n|move|p2a: Sinistcha|Strength Sap|p1a: Roaring Moon\n|-unboost|p1a: Roaring Moon|atk|1\n|-heal|p2a: Sinistcha|254/254\n|\n|upkeep\n|turn|31\n|\n|t:|1704106176\n|-end|p1a: Roaring Moon|confusion\n|move|p1a: Roaring Moon|Outrage|p2a: Sinistcha|[from]lockedmove\n|-resisted|p2a: Sinistcha\n|-damage|p2a: Sinistcha|194/254\n|move|p2a: Sinistcha|Calm Mind|p2a: Sinistcha\n|-boost|p2a: Sinistcha|spa|1\n|-boost|p2a: Sinistcha|spd|1\n|\n|upkeep\n|turn|32\n|\n|t:|1704106181\n|move|p1a: Roaring Moon|Outrage|p2a: Sinistcha|[from]lockedmove\n|-resisted|p2a: Sinistcha\n|-damage|p2a: Sinistcha|134/254\n|-start|p1a: Roaring Moon|confusion|[fatigue]\n|move|p2a: Sinistcha|Strength Sap|p1a: Roaring Moon\n|-unboost|p1a: Roaring Moon|atk|1\n|-heal|p2a: Sinistcha|254/254\n|\n|upkeep\n|turn|33\n|\n|t:|1704106185\n|-activate|p1a: Roaring Moon|confusion\n|-damage|p1a: Roaring Moon|53/274|[from] confusion\n|move|p2a: Sinistcha|Strength Sap|p1a: Roaring Moon\n|-unboost|p1a: Roaring Moon|atk|1\n|\n|upkeep\n|turn|34\n|\n|t:|1704106189\n|-activate|p1a: Roaring Moon|confusion\n|move|p1a: Roaring Moon|Outrage|p2a: Sinistcha\n|-resisted|p2a: Sinistcha\n|-damage|p2a: Sinistcha|218/254\n|move|p2a: Sinistcha|Matcha Gotcha|p1a: Roaring Moon\n|-resisted|p1a: Roaring Moon\n|-damage|p1a: Roaring Moon|0 fnt\n|-heal|p2a: Sinistcha|245/254|[from] drain|[of] p1a: Roaring Moon\n|faint|p1a: Roaring Moon\n|-end|p1a: Roaring Moon|Protosynthesis|[silent]\n|\n|upkeep\n|\n|t:|1704106191\n|switch|p1a: Sandslash|Sandslash, L88, F|275/275\n|turn|35\n|\n|t:|1704106197\n|move|p1a: Sandslash|Earthquake|p2a: Sinistcha\n|-supereffective|p2a: Sinistcha\n|-crit|p2a: Sinistcha\n|-damage|p2a: Sinistcha|0 fnt\n|faint|p2a: Sinistcha\n|\n|win|berryalolawater123\n|raw|berryalolawater123's rating: 2197 &rarr; <strong>2230</strong><br />(+33 for winning)\n|raw|MichaelderBeste2's rating: 2480 &rarr; <strong>2447</strong><br />(-33 for losing)\n|c|\u2606berryalolawater123|LOL\n|c|\u2606berryalolawater123|gg i guess\n|c|\u2606berryalolawater123|robbery\n|c|\u2606berryalolawater123|wp\n", "inputlog": ">version f741bea6f0f34531193ce50912a8d61d69567317\n>start {\"formatid\":\"gen9randombattle\",\"seed\":[47096,31274,5775,55538],\"rated\":\"Rated battle\"}\n>player p1 {\"name\":\"berryalolawater123\",\"avatar\":\"klara\",\"rating\":2197,\"seed\":[12055,59150,53562,30796]}\n>player p2 {\"name\":\"MichaelderBeste2\",\"avatar\":\"#wcop2023germany\",\"rating\":2480,\"seed\":[64045,57181,12715,29004]}\n>chat \u2606berryalolawater123|o shit\n>p1 move focusblast\n>p2 move superpower\n>p1 switch 5\n>p2 move synthesis\n>p1 move sunnyday\n>p2 switch 5\n>p1 move sludgebomb\n>p2 move slackoff\n>p1 move sludgebomb\n>p2 move slackoff\n>p1 move sludgebomb\n>p2 move slackoff\n>p1 move sludgebomb\n>p2 move bodyslam\n>p1 switch 2\n>p2 move earthquake\n>p1 move lavaplume\n>p2 move bodyslam\n>p1 move stealthrock\n>p2 switch 4\n>p1 move roar\n>p2 move knockoff\n>p1 switch 2\n>p1 move powerwhip\n>p2 switch 4\n>p2 switch 6\n>p1 move sludgebomb\n>p2 move bravebird\n>p1 switch 6\n>p1 move bellydrum\n>p2 move willowisp\n>p1 move iceshard terastallize\n>p2 move willowisp\n>p2 switch 2\n>p1 move iceshard\n>p2 move sacredsword\n>p1 switch 5\n>p1 move uturn\n>p2 move sacredsword\n>p1 switch 3\n>p2 switch 5\n>p1 move uturn\n>p2 move synthesis\n>p1 switch 3\n>p1 move hypervoice\n>p2 move synthesis\n>p1 move hypervoice\n>p2 switch 3\n>p1 switch 3\n>p2 move matchagotcha\n>p1 move knockoff\n>p2 move strengthsap terastallize\n>p1 switch 3\n>p2 move matchagotcha\n>p1 move focusblast\n>p2 switch 3\n>chat \u2606berryalolawater123|man\n>chat \u2606berryalolawater123|tough\n>p1 move focusblast\n>p2 move knockoff\n>p1 switch 3\n>p1 move uturn\n>p2 move synthesis\n>p1 switch 4\n>p2 switch 4\n>p1 switch 4\n>p2 move crabhammer\n>p1 move outrage\n>p2 move crabhammer\n>p2 switch 3\n>p1 move outrage\n>p2 move calmmind\n>p1 move outrage\n>p2 move strengthsap\n>p1 move outrage\n>p2 move calmmind\n>p1 move outrage\n>p2 move strengthsap\n>p1 move outrage\n>p2 move strengthsap\n>p1 move outrage\n>p2 move matchagotcha\n>p1 switch 4\n>p1 move earthquake\n>p2 move matchagotcha", "uploadtime": 1704106213, "views": 276, "formatid": "gen9randombattle", "rating": 2230, "private": 0, "password": null}