{"id": "gen9randombattle-2260791195", "format": "[Gen 9] Random Battle", "players": ["vampyclover", "ufigwfhiwfbwo"], "log": "|j|\u2606vampyclover\n|j|\u2606ufigwfhiwfbwo\n|t:|1733892679\n|gametype|singles\n|player|p1|vampyclover|265|1018\n|player|p2|ufigwfhiwfbwo|1|1000\n|teamsize|p1|6\n|teamsize|p2|6\n|gen|9\n|tier|[Gen 9] Random Battle\n|rated|\n|rule|Species Clause: Limit one of each Pok\u00e9mon\n|rule|HP Percentage Mod: HP is shown in percentages\n|rule|Sleep Clause Mod: Limit one foe put to sleep\n|rule|Illusion Level Mod: Illusion disguises the Pok\u00e9mon's true level\n|\n|t:|1733892679\n|start\n|switch|p1a: Scrafty|Scrafty, L84, M|246/246\n|switch|p2a: Mew|Mew, L82|298/298\n|turn|1\n|inactive|Battle timer is ON: inactive players will automatically lose when time's up. (requested by vampyclover)\n|\n|t:|1733892706\n|switch|p2a: Iron Hands|Iron Hands, L79|373/373\n|move|p1a: Scrafty|Bulk Up|p1a: Scrafty\n|-boost|p1a: Scrafty|atk|1\n|-boost|p1a: Scrafty|def|1\n|\n|upkeep\n|turn|2\n|\n|t:|1733892718\n|move|p1a: Scrafty|Knock Off|p2a: Iron Hands\n|-resisted|p2a: Iron Hands\n|-damage|p2a: Iron Hands|313/373\n|-enditem|p2a: Iron Hands|Assault Vest|[from] move: Knock Off|[of] p1a: Scrafty\n|move|p2a: Iron Hands|Close Combat|p1a: Scrafty\n|-supereffective|p1a: Scrafty\n|-damage|p1a: Scrafty|76/246\n|-unboost|p2a: Iron Hands|def|1\n|-unboost|p2a: Iron Hands|spd|1\n|\n|-heal|p1a: Scrafty|91/246|[from] item: Leftovers\n|upkeep\n|turn|3\n|\n|t:|1733892730\n|move|p1a: Scrafty|Drain Punch|p2a: Iron Hands\n|-damage|p2a: Iron Hands|160/373\n|-heal|p1a: Scrafty|168/246|[from] drain|[of] p2a: Iron Hands\n|move|p2a: Iron Hands|Close Combat|p1a: Scrafty\n|-supereffective|p1a: Scrafty\n|-damage|p1a: Scrafty|10/246\n|-unboost|p2a: Iron Hands|def|1\n|-unboost|p2a: Iron Hands|spd|1\n|\n|-heal|p1a: Scrafty|25/246|[from] item: Leftovers\n|upkeep\n|turn|4\n|\n|t:|1733892740\n|move|p1a: Scrafty|Drain Punch|p2a: Iron Hands\n|-damage|p2a: Iron Hands|0 fnt\n|-heal|p1a: Scrafty|105/246|[from] drain|[of] p2a: Iron Hands\n|faint|p2a: Iron Hands\n|-end|p2a: Iron Hands|Quark Drive|[silent]\n|\n|-heal|p1a: Scrafty|120/246|[from] item: Leftovers\n|upkeep\n|\n|t:|1733892744\n|switch|p2a: Tauros|Tauros-Paldea-Aqua, L81, M|254/254\n|-ability|p2a: Tauros|Intimidate|boost\n|-unboost|p1a: Scrafty|atk|1\n|turn|5\n|\n|t:|1733892752\n|move|p2a: Tauros|Bulk Up|p2a: Tauros\n|-boost|p2a: Tauros|atk|1\n|-boost|p2a: Tauros|def|1\n|move|p1a: Scrafty|Knock Off|p2a: Tauros\n|-resisted|p2a: Tauros\n|-damage|p2a: Tauros|225/254\n|-enditem|p2a: Tauros|Life Orb|[from] move: Knock Off|[of] p1a: Scrafty\n|\n|-heal|p1a: Scrafty|135/246|[from] item: Leftovers\n|upkeep\n|turn|6\n|\n|t:|1733892761\n|move|p2a: Tauros|Close Combat|p1a: Scrafty\n|-supereffective|p1a: Scrafty\n|-damage|p1a: Scrafty|0 fnt\n|-unboost|p2a: Tauros|def|1\n|-unboost|p2a: Tauros|spd|1\n|faint|p1a: Scrafty\n|\n|upkeep\n|\n|t:|1733892790\n|switch|p1a: Meowstic|Meowstic, L89, M|277/277\n|turn|7\n|\n|t:|1733892801\n|move|p1a: Meowstic|Light Screen|p1a: Meowstic\n|-sidestart|p1: vampyclover|move: Light Screen\n|move|p2a: Tauros|Liquidation|p1a: Meowstic\n|-damage|p1a: Meowstic|142/277\n|\n|upkeep\n|turn|8\n|\n|t:|1733892819\n|move|p1a: Meowstic|Yawn|p2a: Tauros\n|-start|p2a: Tauros|move: Yawn|[of] p1a: Meowstic\n|move|p2a: Tauros|Liquidation|p1a: Meowstic\n|-damage|p1a: Meowstic|7/277\n|\n|upkeep\n|turn|9\n|\n|t:|1733892827\n|switch|p2a: Clawitzer|Clawitzer, L87, F|265/265\n|move|p1a: Meowstic|Psychic Noise|p2a: Clawitzer\n|-damage|p2a: Clawitzer|190/265\n|-start|p2a: Clawitzer|move: Heal Block\n|\n|upkeep\n|turn|10\n|\n|t:|1733892834\n|move|p1a: Meowstic|Yawn|p2a: Clawitzer\n|-start|p2a: Clawitzer|move: Yawn|[of] p1a: Meowstic\n|move|p2a: Clawitzer|Water Pulse|p1a: Meowstic\n|-damage|p1a: Meowstic|0 fnt\n|faint|p1a: Meowstic\n|\n|-end|p2a: Clawitzer|move: Heal Block\n|upkeep\n|\n|t:|1733892844\n|switch|p1a: Terapagos|Terapagos, L76, F|262/262\n|-activate|p1a: Terapagos|ability: Tera Shift\n|detailschange|p1a: Terapagos|Terapagos-Terastal, L76, F\n|-heal|p1a: Terapagos|269/269|[silent]\n|turn|11\n|\n|t:|1733892853\n|switch|p2a: Delphox|Delphox, L84, F|263/263\n|move|p1a: Terapagos|Calm Mind|p1a: Terapagos\n|-boost|p1a: Terapagos|spa|1\n|-boost|p1a: Terapagos|spd|1\n|\n|upkeep\n|turn|12\n|\n|t:|1733892864\n|switch|p2a: Clawitzer|Clawitzer, L87, F|190/265\n|move|p1a: Terapagos|Calm Mind|p1a: Terapagos\n|-boost|p1a: Terapagos|spa|1\n|-boost|p1a: Terapagos|spd|1\n|\n|upkeep\n|turn|13\n|\n|t:|1733892872\n|-terastallize|p1a: Terapagos|Stellar\n|detailschange|p1a: Terapagos|Terapagos-Stellar, L76, F, tera:Stellar\n|-heal|p1a: Terapagos|368/368|[silent]\n|move|p1a: Terapagos|Tera Starstorm|p2a: Clawitzer\n|-damage|p2a: Clawitzer|2/265\n|move|p2a: Clawitzer|U-turn|p1a: Terapagos\n|-damage|p1a: Terapagos|328/368\n|\n|t:|1733892879\n|switch|p2a: Tauros|Tauros-Paldea-Aqua, L81, M|225/254|[from] U-turn\n|-ability|p2a: Tauros|Intimidate|boost\n|-unboost|p1a: Terapagos|atk|1\n|\n|upkeep\n|turn|14\n|\n|t:|1733892885\n|move|p2a: Tauros|Close Combat|p1a: Terapagos\n|-supereffective|p1a: Terapagos\n|-damage|p1a: Terapagos|88/368\n|-unboost|p2a: Tauros|def|1\n|-unboost|p2a: Tauros|spd|1\n|move|p1a: Terapagos|Tera Starstorm|p2a: Tauros\n|-damage|p2a: Tauros|0 fnt\n|faint|p2a: Tauros\n|\n|-sideend|p1: vampyclover|move: Light Screen\n|upkeep\n|\n|t:|1733892895\n|switch|p2a: Delphox|Delphox, L84, F|263/263\n|turn|15\n|\n|t:|1733892902\n|move|p2a: Delphox|Nasty Plot|p2a: Delphox\n|-boost|p2a: Delphox|spa|2\n|move|p1a: Terapagos|Tera Starstorm|p2a: Delphox\n|-damage|p2a: Delphox|73/263\n|\n|upkeep\n|turn|16\n|\n|t:|1733892909\n|move|p2a: Delphox|Psyshock|p1a: Terapagos\n|-damage|p1a: Terapagos|0 fnt\n|faint|p1a: Terapagos\n|\n|upkeep\n|\n|t:|1733892919\n|switch|p1a: Noivern|Noivern, L82, F|274/274\n|turn|17\n|\n|t:|1733892944\n|move|p1a: Noivern|Hurricane|p2a: Delphox\n|-damage|p2a: Delphox|0 fnt\n|faint|p2a: Delphox\n|\n|upkeep\n|\n|t:|1733892947\n|switch|p2a: Porygon2|Porygon2, L82|274/274\n|-ability|p2a: Porygon2|Download|boost\n|-boost|p2a: Porygon2|spa|1\n|turn|18\n|\n|t:|1733892954\n|move|p1a: Noivern|Hurricane|p2a: Porygon2\n|-damage|p2a: Porygon2|172/274\n|move|p2a: Porygon2|Ice Beam|p1a: Noivern\n|-supereffective|p1a: Noivern\n|-damage|p1a: Noivern|0 fnt\n|faint|p1a: Noivern\n|\n|upkeep\n|\n|t:|1733892962\n|switch|p1a: Perrserker|Perrserker, L89, M|269/269\n|turn|19\n|\n|t:|1733892968\n|move|p2a: Porygon2|Discharge|p1a: Perrserker\n|-damage|p1a: Perrserker|165/269\n|-status|p1a: Perrserker|par\n|cant|p1a: Perrserker|par\n|\n|upkeep\n|turn|20\n|\n|t:|1733892973\n|move|p2a: Porygon2|Discharge|p1a: Perrserker\n|-damage|p1a: Perrserker|69/269 par\n|move|p1a: Perrserker|Close Combat|p2a: Porygon2\n|-supereffective|p2a: Porygon2\n|-damage|p2a: Porygon2|0 fnt\n|-unboost|p1a: Perrserker|def|1\n|-unboost|p1a: Perrserker|spd|1\n|faint|p2a: Porygon2\n|-damage|p1a: Perrserker|43/269 par|[from] item: Life Orb\n|\n|upkeep\n|\n|t:|1733892978\n|switch|p2a: Clawitzer|Clawitzer, L87, F|2/265\n|turn|21\n|\n|t:|1733892986\n|move|p2a: Clawitzer|Water Pulse|p1a: Perrserker\n|-damage|p1a: Perrserker|0 fnt\n|faint|p1a: Perrserker\n|\n|upkeep\n|\n|t:|1733892990\n|switch|p1a: Haxorus|Haxorus, L77, F|244/244\n|-ability|p1a: Haxorus|Mold Breaker\n|turn|22\n|\n|t:|1733892998\n|move|p1a: Haxorus|Iron Head|p2a: Clawitzer\n|-resisted|p2a: Clawitzer\n|-damage|p2a: Clawitzer|0 fnt\n|faint|p2a: Clawitzer\n|\n|upkeep\n|\n|t:|1733893001\n|switch|p2a: Mew|Mew, L82|298/298\n|turn|23\n|\n|t:|1733893025\n|move|p2a: Mew|Nasty Plot|p2a: Mew\n|-boost|p2a: Mew|spa|2\n|move|p1a: Haxorus|Iron Head|p2a: Mew\n|-damage|p2a: Mew|237/298\n|\n|upkeep\n|turn|24\n|\n|t:|1733893033\n|-terastallize|p2a: Mew|Dark\n|move|p2a: Mew|Dark Pulse|p1a: Haxorus\n|-damage|p1a: Haxorus|0 fnt\n|faint|p1a: Haxorus\n|-damage|p2a: Mew|208/298|[from] item: Life Orb\n|\n|win|ufigwfhiwfbwo\n|raw|vampyclover's rating: 1018 &rarr; <strong>1005</strong><br />(-13 for losing)\n|raw|ufigwfhiwfbwo's rating: 1000 &rarr; <strong>1042</strong><br />(+42 for winning)\n", "inputlog": ">version bfd83cad13791eb5a5a409923076391caf6fb4d4\n>start {\"formatid\":\"gen9randombattle\",\"seed\":[55635,17383,64635,5353],\"rated\":\"Rated battle\"}\n>player p1 {\"name\":\"vampyclover\",\"avatar\":\"265\",\"rating\":1018,\"seed\":[65113,50781,14575,16154]}\n>player p2 {\"name\":\"ufigwfhiwfbwo\",\"avatar\":\"1\",\"rating\":1000,\"seed\":[19538,59910,16559,55993]}\n>p1 move bulkup\n>p2 switch 3\n>p1 move knockoff\n>p2 move closecombat\n>p1 move drainpunch\n>p2 move closecombat\n>p1 move drainpunch\n>p2 move closecombat\n>p2 switch 2\n>p1 move knockoff\n>p2 move bulkup\n>p1 move bulkup\n>p2 move closecombat\n>p1 switch 5\n>p1 move lightscreen\n>p2 move liquidation\n>p1 move yawn\n>p2 move liquidation\n>p1 move psychicnoise\n>p2 switch 4\n>p1 move yawn\n>p2 move waterpulse\n>p1 switch 2\n>p1 move calmmind\n>p2 switch 5\n>p1 move calmmind\n>p2 switch 5\n>p1 move terastarstorm terastallize\n>p2 move uturn\n>p2 switch 4\n>p1 move terastarstorm\n>p2 move closecombat\n>p2 switch 5\n>p1 move terastarstorm\n>p2 move nastyplot\n>p1 move terastarstorm\n>p2 move psyshock\n>p1 switch 6\n>p1 move hurricane\n>p2 move psyshock\n>p2 switch 6\n>p1 move hurricane\n>p2 move icebeam\n>p1 switch 3\n>p1 move closecombat\n>p2 move discharge\n>p1 move closecombat\n>p2 move discharge\n>p2 switch 4\n>p1 move stealthrock\n>p2 move waterpulse\n>p1 switch 4\n>p1 move ironhead\n>p2 move waterpulse\n>p2 switch 3\n>p1 move ironhead\n>p2 move nastyplot\n>p1 move swordsdance\n>p2 move darkpulse terastallize", "uploadtime": 1733893036, "views": 14, "formatid": "gen9randombattle", "rating": 1005, "private": 0, "password": null}