{"id": "gen9randombattle-2260274012", "format": "[Gen 9] Random Battle", "players": ["jdkdnxbh", "Ghoulhakura"], "log": "|j|\u2606jdkdnxbh\n|j|\u2606Ghoulhakura\n|t:|1733833506\n|gametype|singles\n|player|p1|jdkdnxbh|1|1022\n|player|p2|Ghoulhakura|170|1062\n|teamsize|p1|6\n|teamsize|p2|6\n|gen|9\n|tier|[Gen 9] Random Battle\n|rated|\n|rule|Species Clause: Limit one of each Pok\u00e9mon\n|rule|HP Percentage Mod: HP is shown in percentages\n|rule|Sleep Clause Mod: Limit one foe put to sleep\n|rule|Illusion Level Mod: Illusion disguises the Pok\u00e9mon's true level\n|\n|t:|1733833506\n|start\n|switch|p1a: Metagross|Metagross, L79|256/256\n|switch|p2a: Barraskewda|Barraskewda, L81, M|231/231\n|turn|1\n|\n|t:|1733833518\n|switch|p2a: Salazzle|Salazzle, L83, F|249/249\n|move|p1a: Metagross|Stealth Rock|p2a: Salazzle\n|-sidestart|p2: Ghoulhakura|move: Stealth Rock\n|\n|upkeep\n|turn|2\n|\n|t:|1733833537\n|move|p2a: Salazzle|Toxic|p1a: Metagross\n|-status|p1a: Metagross|tox\n|move|p1a: Metagross|Psychic Fangs|p2a: Salazzle\n|-supereffective|p2a: Salazzle\n|-damage|p2a: Salazzle|0 fnt\n|faint|p2a: Salazzle\n|\n|-damage|p1a: Metagross|240/256 tox|[from] psn\n|upkeep\n|\n|t:|1733833542\n|switch|p2a: Magmortar|Magmortar, L88, F|275/275\n|turn|3\n|\n|t:|1733833555\n|move|p2a: Magmortar|Fire Blast|p1a: Metagross\n|-supereffective|p1a: Metagross\n|-damage|p1a: Metagross|0 fnt\n|faint|p1a: Metagross\n|\n|upkeep\n|\n|t:|1733833558\n|switch|p1a: Basculin|Basculin, L86, M|261/261\n|turn|4\n|\n|t:|1733833570\n|switch|p2a: Dudunsparce|Dudunsparce, L83, F|343/343\n|-damage|p2a: Dudunsparce|301/343|[from] Stealth Rock\n|move|p1a: Basculin|Flip Turn|p2a: Dudunsparce\n|-damage|p2a: Dudunsparce|173/343\n|\n|t:|1733833579\n|switch|p1a: Trevenant|Trevenant, L88, F|293/293|[from] Flip Turn\n|\n|-heal|p2a: Dudunsparce|194/343|[from] item: Leftovers\n|upkeep\n|turn|5\n|\n|t:|1733833591\n|move|p1a: Trevenant|Drain Punch|p2a: Dudunsparce\n|-supereffective|p2a: Dudunsparce\n|-damage|p2a: Dudunsparce|9/343\n|-damage|p1a: Trevenant|264/293|[from] item: Life Orb\n|move|p2a: Dudunsparce|Earthquake|p1a: Trevenant\n|-resisted|p1a: Trevenant\n|-damage|p1a: Trevenant|229/293\n|\n|-heal|p2a: Dudunsparce|30/343|[from] item: Leftovers\n|upkeep\n|turn|6\n|\n|t:|1733833608\n|move|p1a: Trevenant|Drain Punch|p2a: Dudunsparce\n|-supereffective|p2a: Dudunsparce\n|-damage|p2a: Dudunsparce|0 fnt\n|-heal|p1a: Trevenant|244/293|[from] drain|[of] p2a: Dudunsparce\n|faint|p2a: Dudunsparce\n|-damage|p1a: Trevenant|215/293|[from] item: Life Orb\n|\n|upkeep\n|\n|t:|1733833611\n|switch|p2a: Magmortar|Magmortar, L88, F|275/275\n|turn|7\n|\n|t:|1733833619\n|switch|p1a: Lugia|Lugia, L72|272/272\n|move|p2a: Magmortar|Thunderbolt|p1a: Lugia\n|-supereffective|p1a: Lugia\n|-damage|p1a: Lugia|212/272\n|\n|upkeep\n|turn|8\n|\n|t:|1733833627\n|move|p1a: Lugia|Calm Mind|p1a: Lugia\n|-boost|p1a: Lugia|spa|1\n|-boost|p1a: Lugia|spd|1\n|move|p2a: Magmortar|Knock Off|p1a: Lugia\n|-supereffective|p1a: Lugia\n|-damage|p1a: Lugia|92/272\n|-enditem|p1a: Lugia|Heavy-Duty Boots|[from] move: Knock Off|[of] p2a: Magmortar\n|\n|upkeep\n|turn|9\n|\n|t:|1733833637\n|move|p1a: Lugia|Recover|p1a: Lugia\n|-heal|p1a: Lugia|228/272\n|move|p2a: Magmortar|Knock Off|p1a: Lugia\n|-supereffective|p1a: Lugia\n|-damage|p1a: Lugia|146/272\n|\n|upkeep\n|turn|10\n|\n|t:|1733833644\n|move|p1a: Lugia|Calm Mind|p1a: Lugia\n|-boost|p1a: Lugia|spa|1\n|-boost|p1a: Lugia|spd|1\n|move|p2a: Magmortar|Knock Off|p1a: Lugia\n|-supereffective|p1a: Lugia\n|-damage|p1a: Lugia|62/272\n|\n|upkeep\n|turn|11\n|\n|t:|1733833652\n|move|p1a: Lugia|Earth Power|p2a: Magmortar\n|-supereffective|p2a: Magmortar\n|-damage|p2a: Magmortar|129/275\n|move|p2a: Magmortar|Knock Off|p1a: Lugia\n|-supereffective|p1a: Lugia\n|-damage|p1a: Lugia|0 fnt\n|faint|p1a: Lugia\n|\n|upkeep\n|\n|t:|1733833655\n|switch|p1a: Basculin|Basculin, L86, M|261/261\n|turn|12\n|\n|t:|1733833664\n|move|p1a: Basculin|Double-Edge|p2a: Magmortar\n|-damage|p2a: Magmortar|0 fnt\n|faint|p2a: Magmortar\n|-damage|p1a: Basculin|218/261|[from] Recoil\n|\n|upkeep\n|\n|t:|1733833669\n|switch|p2a: Cobalion|Cobalion, L80|277/277\n|-damage|p2a: Cobalion|269/277|[from] Stealth Rock\n|turn|13\n|\n|t:|1733833674\n|switch|p1a: Trevenant|Trevenant, L88, F|215/293\n|move|p2a: Cobalion|Swords Dance|p2a: Cobalion\n|-boost|p2a: Cobalion|atk|2\n|\n|upkeep\n|turn|14\n|\n|t:|1733833681\n|move|p2a: Cobalion|Swords Dance|p2a: Cobalion\n|-boost|p2a: Cobalion|atk|2\n|move|p1a: Trevenant|Drain Punch|p2a: Cobalion\n|-supereffective|p2a: Cobalion\n|-damage|p2a: Cobalion|134/277\n|-heal|p1a: Trevenant|283/293|[from] drain|[of] p2a: Cobalion\n|-damage|p1a: Trevenant|254/293|[from] item: Life Orb\n|\n|upkeep\n|turn|15\n|\n|t:|1733833685\n|move|p2a: Cobalion|Iron Head|p1a: Trevenant\n|-damage|p1a: Trevenant|0 fnt\n|faint|p1a: Trevenant\n|-damage|p2a: Cobalion|107/277|[from] item: Life Orb\n|\n|upkeep\n|\n|t:|1733833691\n|switch|p1a: Basculin|Basculin, L86, M|218/261\n|turn|16\n|\n|t:|1733833695\n|-terastallize|p1a: Basculin|Water\n|move|p1a: Basculin|Aqua Jet|p2a: Cobalion\n|-damage|p2a: Cobalion|37/277\n|move|p2a: Cobalion|Iron Head|p1a: Basculin\n|-resisted|p1a: Basculin\n|-damage|p1a: Basculin|35/261\n|-damage|p2a: Cobalion|10/277|[from] item: Life Orb\n|\n|upkeep\n|turn|17\n|\n|t:|1733833703\n|move|p1a: Basculin|Aqua Jet|p2a: Cobalion\n|-damage|p2a: Cobalion|0 fnt\n|faint|p2a: Cobalion\n|\n|upkeep\n|\n|t:|1733833705\n|switch|p2a: Barraskewda|Barraskewda, L81, M|231/231\n|-damage|p2a: Barraskewda|203/231|[from] Stealth Rock\n|turn|18\n|\n|t:|1733833713\n|move|p1a: Basculin|Aqua Jet|p2a: Barraskewda\n|-resisted|p2a: Barraskewda\n|-damage|p2a: Barraskewda|138/231\n|move|p2a: Barraskewda|Psychic Fangs|p1a: Basculin\n|-damage|p1a: Basculin|0 fnt\n|faint|p1a: Basculin\n|\n|upkeep\n|\n|t:|1733833716\n|switch|p1a: Tyranitar|Tyranitar, L79, F|288/288\n|-weather|Sandstorm|[from] ability: Sand Stream|[of] p1a: Tyranitar\n|turn|19\n|\n|t:|1733833721\n|switch|p2a: Regigigas|Regigigas, L84|322/322\n|-damage|p2a: Regigigas|282/322|[from] Stealth Rock\n|-start|p2a: Regigigas|ability: Slow Start\n|move|p1a: Tyranitar|Dragon Dance|p1a: Tyranitar\n|-boost|p1a: Tyranitar|atk|1\n|-boost|p1a: Tyranitar|spe|1\n|\n|-weather|Sandstorm|[upkeep]\n|-damage|p2a: Regigigas|262/322|[from] Sandstorm\n|-heal|p2a: Regigigas|282/322|[from] item: Leftovers\n|upkeep\n|turn|20\n|\n|t:|1733833755\n|move|p1a: Tyranitar|Knock Off|p2a: Regigigas\n|-damage|p2a: Regigigas|129/322\n|-enditem|p2a: Regigigas|Leftovers|[from] move: Knock Off|[of] p1a: Tyranitar\n|move|p2a: Regigigas|Knock Off|p1a: Tyranitar\n|-resisted|p1a: Tyranitar\n|-damage|p1a: Tyranitar|264/288\n|-enditem|p1a: Tyranitar|Leftovers|[from] move: Knock Off|[of] p2a: Regigigas\n|\n|-weather|Sandstorm|[upkeep]\n|-damage|p2a: Regigigas|109/322|[from] Sandstorm\n|upkeep\n|turn|21\n|\n|t:|1733833764\n|-terastallize|p2a: Regigigas|Ghost\n|move|p1a: Tyranitar|Dragon Dance|p1a: Tyranitar\n|-boost|p1a: Tyranitar|atk|1\n|-boost|p1a: Tyranitar|spe|1\n|move|p2a: Regigigas|Rest|p2a: Regigigas\n|-status|p2a: Regigigas|slp|[from] move: Rest\n|-heal|p2a: Regigigas|322/322 slp|[silent]\n|\n|-weather|Sandstorm|[upkeep]\n|-damage|p2a: Regigigas|302/322 slp|[from] Sandstorm\n|upkeep\n|turn|22\n|\n|t:|1733833767\n|move|p1a: Tyranitar|Knock Off|p2a: Regigigas\n|-supereffective|p2a: Regigigas\n|-damage|p2a: Regigigas|20/322 slp\n|cant|p2a: Regigigas|slp\n|move|p2a: Regigigas|Sleep Talk|p2a: Regigigas\n|move|p2a: Regigigas|Body Slam|p1a: Tyranitar|[from]move: Sleep Talk\n|-resisted|p1a: Tyranitar\n|-damage|p1a: Tyranitar|235/288\n|\n|-weather|Sandstorm|[upkeep]\n|-damage|p2a: Regigigas|0 fnt|[from] Sandstorm\n|faint|p2a: Regigigas\n|-end|p2a: Regigigas|Slow Start|[silent]\n|upkeep\n|\n|t:|1733833770\n|switch|p2a: Barraskewda|Barraskewda, L81, M|138/231\n|-damage|p2a: Barraskewda|110/231|[from] Stealth Rock\n|turn|23\n|\n|t:|1733833773\n|move|p1a: Tyranitar|Knock Off|p2a: Barraskewda\n|-damage|p2a: Barraskewda|0 fnt\n|-enditem|p2a: Barraskewda|Choice Band|[from] move: Knock Off|[of] p1a: Tyranitar\n|faint|p2a: Barraskewda\n|\n|win|jdkdnxbh\n|raw|jdkdnxbh's rating: 1022 &rarr; <strong>1063</strong><br />(+41 for winning)\n|raw|Ghoulhakura's rating: 1062 &rarr; <strong>1040</strong><br />(-22 for losing)\n", "inputlog": ">version bfd83cad13791eb5a5a409923076391caf6fb4d4\n>start {\"formatid\":\"gen9randombattle\",\"seed\":[17370,46955,1003,36335],\"rated\":\"Rated battle\"}\n>player p1 {\"name\":\"jdkdnxbh\",\"avatar\":\"1\",\"rating\":1022,\"seed\":[56657,17307,13880,9563]}\n>player p2 {\"name\":\"Ghoulhakura\",\"avatar\":\"170\",\"rating\":1062,\"seed\":[28837,24770,41774,53901]}\n>p1 move stealthrock\n>p2 switch 2\n>p1 move psychicfangs\n>p2 move toxic\n>p2 switch 4\n>p1 move psychicfangs\n>p2 move fireblast\n>p1 switch 3\n>p1 move flipturn\n>p2 switch 6\n>p1 switch 6\n>p1 move drainpunch\n>p2 move earthquake\n>p1 move drainpunch\n>p2 move earthquake\n>p2 switch 6\n>p1 switch 2\n>p2 move thunderbolt\n>p1 move calmmind\n>p2 move knockoff\n>p1 move recover\n>p2 move knockoff\n>p1 move calmmind\n>p2 move knockoff\n>p1 move earthpower\n>p2 move knockoff\n>p1 switch 6\n>p1 move doubleedge\n>p2 move thunderbolt\n>p2 switch 3\n>p1 switch 2\n>p2 move swordsdance\n>p1 move drainpunch\n>p2 move swordsdance\n>p1 move drainpunch\n>p2 move ironhead\n>p1 switch 2\n>p1 move aquajet terastallize\n>p2 move ironhead\n>p1 move aquajet\n>p2 move closecombat\n>p2 switch 2\n>p1 move aquajet\n>p2 move psychicfangs\n>p1 switch 4\n>p1 move dragondance\n>p2 switch 5\n>p1 move knockoff\n>p2 move knockoff\n>p1 move dragondance\n>p2 move rest terastallize\n>p1 move knockoff\n>p2 move sleeptalk\n>p2 switch 5\n>p1 move knockoff\n>p2 move waterfall", "uploadtime": 1733833775, "views": 3, "formatid": "gen9randombattle", "rating": 1040, "private": 0, "password": null}