{"id": "gen9randombattle-2259771488", "format": "[Gen 9] Random Battle", "players": ["Lockoleo", "Seenuft"], "log": "|j|\u2606Lockoleo\n|j|\u2606Seenuft\n|t:|1733765132\n|gametype|singles\n|player|p1|Lockoleo|2|1197\n|player|p2|Seenuft|drayden|1246\n|teamsize|p1|6\n|teamsize|p2|6\n|gen|9\n|tier|[Gen 9] Random Battle\n|rated|\n|rule|Species Clause: Limit one of each Pok\u00e9mon\n|rule|HP Percentage Mod: HP is shown in percentages\n|rule|Sleep Clause Mod: Limit one foe put to sleep\n|rule|Illusion Level Mod: Illusion disguises the Pok\u00e9mon's true level\n|\n|t:|1733765132\n|start\n|switch|p1a: Ludicolo|Ludicolo, L90, F|290/290\n|switch|p2a: Noctowl|Noctowl, L95, F|344/344\n|turn|1\n|inactive|Battle timer is ON: inactive players will automatically lose when time's up. (requested by Lockoleo)\n|\n|t:|1733765143\n|move|p2a: Noctowl|Hurricane|p1a: Ludicolo\n|-supereffective|p1a: Ludicolo\n|-damage|p1a: Ludicolo|38/290\n|move|p1a: Ludicolo|Ice Beam|p2a: Noctowl\n|-supereffective|p2a: Noctowl\n|-damage|p2a: Noctowl|186/344\n|\n|upkeep\n|turn|2\n|\n|t:|1733765162\n|switch|p1a: Altaria|Altaria, L88, F|275/275\n|move|p2a: Noctowl|Hyper Voice|p1a: Altaria\n|-damage|p1a: Altaria|188/275\n|\n|upkeep\n|turn|3\n|\n|t:|1733765175\n|move|p1a: Altaria|Brave Bird|p2a: Noctowl\n|-damage|p2a: Noctowl|36/344\n|-damage|p1a: Altaria|138/275|[from] Recoil\n|move|p2a: Noctowl|Hurricane|p1a: Altaria\n|-damage|p1a: Altaria|29/275\n|\n|upkeep\n|turn|4\n|\n|t:|1733765186\n|switch|p2a: Eternatus|Eternatus, L69|308/308\n|-ability|p2a: Eternatus|Pressure\n|move|p1a: Altaria|Roost|p1a: Altaria\n|-heal|p1a: Altaria|167/275\n|-singleturn|p1a: Altaria|move: Roost\n|\n|upkeep\n|turn|5\n|\n|t:|1733765203\n|move|p2a: Eternatus|Dynamax Cannon|p1a: Altaria\n|-supereffective|p1a: Altaria\n|-damage|p1a: Altaria|5/275\n|move|p1a: Altaria|Brave Bird|p2a: Eternatus\n|-crit|p2a: Eternatus\n|-damage|p2a: Eternatus|113/308\n|-damage|p1a: Altaria|0 fnt|[from] Recoil\n|faint|p1a: Altaria\n|\n|-heal|p2a: Eternatus|132/308|[from] item: Leftovers\n|upkeep\n|\n|t:|1733765221\n|switch|p1a: Ludicolo|Ludicolo, L90, F|38/290\n|turn|6\n|\n|t:|1733765235\n|move|p2a: Eternatus|Flamethrower|p1a: Ludicolo\n|-crit|p1a: Ludicolo\n|-damage|p1a: Ludicolo|0 fnt\n|faint|p1a: Ludicolo\n|\n|-heal|p2a: Eternatus|151/308|[from] item: Leftovers\n|upkeep\n|inactive|Lockoleo has 120 seconds left.\n|\n|t:|1733765263\n|switch|p1a: Tauros|Tauros-Paldea-Blaze, L81, M|252/252\n|turn|7\n|inactive|Lockoleo has 120 seconds left.\n|\n|t:|1733765291\n|move|p2a: Eternatus|Toxic|p1a: Tauros\n|-status|p1a: Tauros|tox\n|move|p1a: Tauros|Bulk Up|p1a: Tauros\n|-boost|p1a: Tauros|atk|1\n|-boost|p1a: Tauros|def|1\n|\n|-heal|p2a: Eternatus|170/308|[from] item: Leftovers\n|-damage|p1a: Tauros|237/252 tox|[from] psn\n|upkeep\n|turn|8\n|inactive|Lockoleo has 120 seconds left.\n|\n|t:|1733765303\n|move|p2a: Eternatus|Dynamax Cannon|p1a: Tauros\n|-damage|p1a: Tauros|125/252 tox\n|-enditem|p1a: Tauros|Sitrus Berry|[eat]\n|-heal|p1a: Tauros|188/252 tox|[from] item: Sitrus Berry\n|move|p1a: Tauros|Raging Bull|p2a: Eternatus\n|-resisted|p2a: Eternatus\n|-crit|p2a: Eternatus\n|-damage|p2a: Eternatus|54/308\n|\n|-heal|p2a: Eternatus|73/308|[from] item: Leftovers\n|-damage|p1a: Tauros|158/252 tox|[from] psn\n|upkeep\n|turn|9\n|inactive|Lockoleo has 120 seconds left.\n|\n|t:|1733765320\n|move|p2a: Eternatus|Recover|p2a: Eternatus\n|-heal|p2a: Eternatus|227/308\n|move|p1a: Tauros|Raging Bull|p2a: Eternatus\n|-resisted|p2a: Eternatus\n|-damage|p2a: Eternatus|143/308\n|\n|-heal|p2a: Eternatus|162/308|[from] item: Leftovers\n|-damage|p1a: Tauros|113/252 tox|[from] psn\n|-activate|p1a: Tauros|ability: Cud Chew\n|-enditem|p1a: Tauros|Sitrus Berry|[eat]\n|-heal|p1a: Tauros|176/252 tox|[from] item: Sitrus Berry\n|upkeep\n|turn|10\n|inactive|Lockoleo has 120 seconds left.\n|\n|t:|1733765334\n|move|p2a: Eternatus|Dynamax Cannon|p1a: Tauros\n|-damage|p1a: Tauros|50/252 tox\n|move|p1a: Tauros|Close Combat|p2a: Eternatus\n|-resisted|p2a: Eternatus\n|-damage|p2a: Eternatus|42/308\n|-unboost|p1a: Tauros|def|1\n|-unboost|p1a: Tauros|spd|1\n|\n|-heal|p2a: Eternatus|61/308|[from] item: Leftovers\n|-damage|p1a: Tauros|0 fnt|[from] psn\n|faint|p1a: Tauros\n|upkeep\n|\n|t:|1733765348\n|switch|p1a: Primarina|Primarina, L83, M|268/268\n|turn|11\n|inactive|Seenuft has 120 seconds left.\n|\n|t:|1733765373\n|move|p2a: Eternatus|Recover|p2a: Eternatus\n|-heal|p2a: Eternatus|215/308\n|move|p1a: Primarina|Calm Mind|p1a: Primarina\n|-boost|p1a: Primarina|spa|1\n|-boost|p1a: Primarina|spd|1\n|\n|-heal|p2a: Eternatus|234/308|[from] item: Leftovers\n|upkeep\n|turn|12\n|inactive|Lockoleo has 120 seconds left.\n|\n|t:|1733765384\n|move|p2a: Eternatus|Toxic|p1a: Primarina\n|-status|p1a: Primarina|tox\n|move|p1a: Primarina|Psychic|p2a: Eternatus\n|-supereffective|p2a: Eternatus\n|-damage|p2a: Eternatus|0 fnt\n|faint|p2a: Eternatus\n|\n|-damage|p1a: Primarina|252/268 tox|[from] psn\n|upkeep\n|inactive|Seenuft has 120 seconds left.\n|\n|t:|1733765396\n|switch|p2a: Noctowl|Noctowl, L95, F|36/344\n|turn|13\n|\n|t:|1733765400\n|move|p2a: Noctowl|Roost|p2a: Noctowl\n|-heal|p2a: Noctowl|208/344\n|-singleturn|p2a: Noctowl|move: Roost\n|move|p1a: Primarina|Draining Kiss|p2a: Noctowl\n|-damage|p2a: Noctowl|127/344\n|-heal|p1a: Primarina|268/268 tox|[from] drain|[of] p2a: Noctowl\n|\n|-damage|p1a: Primarina|236/268 tox|[from] psn\n|upkeep\n|turn|14\n|inactive|Seenuft has 120 seconds left.\n|\n|t:|1733765421\n|move|p2a: Noctowl|Roost|p2a: Noctowl\n|-heal|p2a: Noctowl|299/344\n|-singleturn|p2a: Noctowl|move: Roost\n|move|p1a: Primarina|Calm Mind|p1a: Primarina\n|-boost|p1a: Primarina|spa|1\n|-boost|p1a: Primarina|spd|1\n|\n|-heal|p1a: Primarina|252/268 tox|[from] item: Leftovers\n|-damage|p1a: Primarina|204/268 tox|[from] psn\n|upkeep\n|turn|15\n|inactive|Seenuft has 120 seconds left.\n|\n|t:|1733765446\n|move|p2a: Noctowl|Hurricane|p1a: Primarina\n|-damage|p1a: Primarina|149/268 tox\n|move|p1a: Primarina|Sparkling Aria|p2a: Noctowl\n|-damage|p2a: Noctowl|115/344\n|\n|-heal|p1a: Primarina|165/268 tox|[from] item: Leftovers\n|-damage|p1a: Primarina|101/268 tox|[from] psn\n|upkeep\n|turn|16\n|\n|t:|1733765457\n|move|p2a: Noctowl|Roost|p2a: Noctowl\n|-heal|p2a: Noctowl|287/344\n|-singleturn|p2a: Noctowl|move: Roost\n|move|p1a: Primarina|Sparkling Aria|p2a: Noctowl\n|-damage|p2a: Noctowl|94/344\n|\n|-heal|p1a: Primarina|117/268 tox|[from] item: Leftovers\n|-damage|p1a: Primarina|37/268 tox|[from] psn\n|upkeep\n|turn|17\n|\n|t:|1733765470\n|move|p2a: Noctowl|Roost|p2a: Noctowl\n|-heal|p2a: Noctowl|266/344\n|-singleturn|p2a: Noctowl|move: Roost\n|move|p1a: Primarina|Sparkling Aria|p2a: Noctowl\n|-damage|p2a: Noctowl|0 fnt\n|faint|p2a: Noctowl\n|\n|-heal|p1a: Primarina|53/268 tox|[from] item: Leftovers\n|-damage|p1a: Primarina|0 fnt|[from] psn\n|faint|p1a: Primarina\n|upkeep\n|\n|t:|1733765494\n|switch|p2a: Wo-Chien|Wo-Chien, L83|277/277\n|switch|p1a: Sneasler|Sneasler, L74, F|240/240\n|-ability|p2a: Wo-Chien|Tablets of Ruin\n|turn|18\n|\n|t:|1733765511\n|move|p2a: Wo-Chien|Protect|p2a: Wo-Chien\n|-singleturn|p2a: Wo-Chien|Protect\n|move|p1a: Sneasler|Gunk Shot|p2a: Wo-Chien\n|-activate|p2a: Wo-Chien|move: Protect\n|\n|upkeep\n|turn|19\n|\n|t:|1733765526\n|switch|p2a: Weezing|Weezing, L88, F|258/258\n|move|p1a: Sneasler|Gunk Shot|p2a: Weezing\n|-resisted|p2a: Weezing\n|-damage|p2a: Weezing|192/258\n|\n|-heal|p2a: Weezing|208/258|[from] item: Leftovers\n|upkeep\n|turn|20\n|\n|t:|1733765543\n|switch|p1a: Talonflame|Talonflame, L83, M|265/265\n|move|p2a: Weezing|Fire Blast|p1a: Talonflame\n|-resisted|p1a: Talonflame\n|-damage|p1a: Talonflame|219/265\n|\n|-heal|p2a: Weezing|224/258|[from] item: Leftovers\n|upkeep\n|turn|21\n|\n|t:|1733765554\n|move|p1a: Talonflame|Swords Dance|p1a: Talonflame\n|-boost|p1a: Talonflame|atk|2\n|move|p2a: Weezing|Gunk Shot|p1a: Talonflame\n|-damage|p1a: Talonflame|53/265\n|\n|-heal|p2a: Weezing|240/258|[from] item: Leftovers\n|upkeep\n|turn|22\n|\n|t:|1733765563\n|move|p1a: Talonflame|Brave Bird|p2a: Weezing\n|-damage|p2a: Weezing|87/258\n|-damage|p1a: Talonflame|3/265|[from] Recoil\n|move|p2a: Weezing|Gunk Shot|p1a: Talonflame\n|-damage|p1a: Talonflame|0 fnt\n|faint|p1a: Talonflame\n|\n|-heal|p2a: Weezing|103/258|[from] item: Leftovers\n|upkeep\n|\n|t:|1733765574\n|switch|p1a: Sneasler|Sneasler, L74, F|240/240\n|turn|23\n|\n|t:|1733765583\n|-terastallize|p1a: Sneasler|Fighting\n|move|p1a: Sneasler|Close Combat|p2a: Weezing\n|-resisted|p2a: Weezing\n|-damage|p2a: Weezing|5/258\n|-unboost|p1a: Sneasler|def|1\n|-unboost|p1a: Sneasler|spd|1\n|move|p2a: Weezing|Pain Split|p1a: Sneasler\n|-sethp|p1a: Sneasler|122/240|[from] move: Pain Split|[silent]\n|-sethp|p2a: Weezing|122/258|[from] move: Pain Split\n|\n|-heal|p2a: Weezing|138/258|[from] item: Leftovers\n|upkeep\n|turn|24\n|\n|t:|1733765597\n|move|p1a: Sneasler|Close Combat|p2a: Weezing\n|-resisted|p2a: Weezing\n|-damage|p2a: Weezing|49/258\n|-unboost|p1a: Sneasler|def|1\n|-unboost|p1a: Sneasler|spd|1\n|move|p2a: Weezing|Gunk Shot|p1a: Sneasler\n|-damage|p1a: Sneasler|0 fnt\n|faint|p1a: Sneasler\n|\n|win|Seenuft\n|raw|Lockoleo's rating: 1197 &rarr; <strong>1176</strong><br />(-21 for losing)\n|raw|Seenuft's rating: 1246 &rarr; <strong>1267</strong><br />(+21 for winning)\n|l|\u2606Lockoleo\n|player|p1|\n", "inputlog": ">version bfd83cad13791eb5a5a409923076391caf6fb4d4\n>start {\"formatid\":\"gen9randombattle\",\"seed\":[8461,49326,9413,60023],\"rated\":\"Rated battle\"}\n>player p1 {\"name\":\"Lockoleo\",\"avatar\":\"2\",\"rating\":1197,\"seed\":[35750,50163,53131,14174]}\n>player p2 {\"name\":\"Seenuft\",\"avatar\":\"drayden\",\"rating\":1246,\"seed\":[7553,19385,18835,55087]}\n>p1 move icebeam\n>p2 move hurricane\n>p1 switch 6\n>p2 move hypervoice\n>p1 move bravebird\n>p2 move hurricane\n>p1 move roost\n>p2 switch 2\n>p1 move bravebird\n>p2 move dynamaxcannon\n>p1 switch 6\n>p1 move icebeam\n>p2 move flamethrower\n>p1 switch 2\n>p1 move bulkup\n>p2 move toxic\n>p1 move ragingbull\n>p2 move dynamaxcannon\n>p1 move ragingbull\n>p2 move recover\n>p1 move closecombat\n>p2 move dynamaxcannon\n>p1 switch 3\n>p1 move calmmind\n>p2 move recover\n>p1 move psychic\n>p2 move toxic\n>p2 switch 2\n>p1 move drainingkiss\n>p2 move roost\n>p1 move calmmind\n>p2 move roost\n>p1 move sparklingaria\n>p2 move hurricane\n>p1 move sparklingaria\n>p2 move roost\n>p1 move sparklingaria\n>p2 move roost\n>p1 switch 5\n>p2 switch 5\n>p1 move gunkshot\n>p2 move protect\n>p1 move gunkshot\n>p2 switch 3\n>p1 switch 4\n>p2 move fireblast\n>p1 move swordsdance\n>p2 move gunkshot\n>p1 move bravebird\n>p2 move gunkshot\n>p1 switch 4\n>p1 move closecombat terastallize\n>p2 move painsplit\n>p1 move closecombat\n>p2 move gunkshot", "uploadtime": 1733765685, "views": 2, "formatid": "gen9randombattle", "rating": 1176, "private": 0, "password": null}