{"id": "gen9randombattle-2260093922", "format": "[Gen 9] Random Battle", "players": ["dominic fong", "eviolite girafarig"], "log": "|j|\u2606dominic fong\n|j|\u2606eviolite girafarig\n|t:|1733801522\n|gametype|singles\n|player|p1|dominic fong|101|1103\n|player|p2|eviolite girafarig|waitress|1148\n|teamsize|p1|6\n|teamsize|p2|6\n|gen|9\n|tier|[Gen 9] Random Battle\n|rated|\n|rule|Species Clause: Limit one of each Pok\u00e9mon\n|rule|HP Percentage Mod: HP is shown in percentages\n|rule|Sleep Clause Mod: Limit one foe put to sleep\n|rule|Illusion Level Mod: Illusion disguises the Pok\u00e9mon's true level\n|\n|t:|1733801522\n|start\n|switch|p1a: Gouging Fire|Gouging Fire, L74|277/277\n|switch|p2a: Ursaluna|Ursaluna-Bloodmoon, L79, M|308/308\n|turn|1\n|\n|t:|1733801533\n|-terastallize|p1a: Gouging Fire|Ground\n|move|p1a: Gouging Fire|Dragon Dance|p1a: Gouging Fire\n|-boost|p1a: Gouging Fire|atk|1\n|-boost|p1a: Gouging Fire|spe|1\n|move|p2a: Ursaluna|Earth Power|p1a: Gouging Fire\n|-damage|p1a: Gouging Fire|150/277\n|\n|upkeep\n|turn|2\n|\n|t:|1733801549\n|move|p1a: Gouging Fire|Dragon Dance|p1a: Gouging Fire\n|-boost|p1a: Gouging Fire|atk|1\n|-boost|p1a: Gouging Fire|spe|1\n|move|p2a: Ursaluna|Calm Mind|p2a: Ursaluna\n|-boost|p2a: Ursaluna|spa|1\n|-boost|p2a: Ursaluna|spd|1\n|\n|upkeep\n|turn|3\n|\n|t:|1733801559\n|move|p1a: Gouging Fire|Earthquake|p2a: Ursaluna\n|-damage|p2a: Ursaluna|140/308\n|move|p2a: Ursaluna|Blood Moon|p1a: Gouging Fire\n|-damage|p1a: Gouging Fire|0 fnt\n|faint|p1a: Gouging Fire\n|-end|p1a: Gouging Fire|Protosynthesis|[silent]\n|\n|-heal|p2a: Ursaluna|159/308|[from] item: Leftovers\n|upkeep\n|\n|t:|1733801578\n|switch|p1a: Virizion|Virizion, L82|283/283\n|turn|4\n|\n|t:|1733801584\n|move|p1a: Virizion|Leaf Blade|p2a: Ursaluna\n|-supereffective|p2a: Ursaluna\n|-damage|p2a: Ursaluna|0 fnt\n|faint|p2a: Ursaluna\n|-damage|p1a: Virizion|255/283|[from] item: Life Orb\n|\n|upkeep\n|\n|t:|1733801589\n|switch|p2a: Dedenne|Dedenne, L88, F|261/261\n|turn|5\n|\n|t:|1733801593\n|switch|p1a: Dugtrio|Dugtrio-Alola, L84, M|196/196\n|move|p2a: Dedenne|Dazzling Gleam|p1a: Dugtrio\n|-resisted|p1a: Dugtrio\n|-damage|p1a: Dugtrio|151/196\n|\n|upkeep\n|turn|6\n|\n|t:|1733801608\n|switch|p2a: Orthworm|Orthworm, L88, F|266/266\n|move|p1a: Dugtrio|Swords Dance|p1a: Dugtrio\n|-boost|p1a: Dugtrio|atk|2\n|\n|upkeep\n|turn|7\n|\n|t:|1733801615\n|move|p1a: Dugtrio|Earthquake|p2a: Orthworm\n|-immune|p2a: Orthworm|[from] ability: Earth Eater\n|move|p2a: Orthworm|Body Press|p1a: Dugtrio\n|-supereffective|p1a: Dugtrio\n|-damage|p1a: Dugtrio|0 fnt\n|-ability|p1a: Dugtrio|Tangling Hair\n|-unboost|p2a: Orthworm|spe|1\n|faint|p1a: Dugtrio\n|\n|upkeep\n|\n|t:|1733801636\n|switch|p1a: Palkia|Palkia-Origin, L72|249/249\n|-ability|p1a: Palkia|Pressure\n|turn|8\n|\n|t:|1733801652\n|switch|p2a: Dedenne|Dedenne, L88, F|261/261\n|move|p1a: Palkia|Fire Blast|p2a: Dedenne\n|-damage|p2a: Dedenne|161/261\n|-status|p2a: Dedenne|brn\n|\n|-damage|p2a: Dedenne|145/261 brn|[from] brn\n|upkeep\n|turn|9\n|\n|t:|1733801667\n|switch|p1a: Okidogi|Okidogi, L77, M|262/262\n|move|p2a: Dedenne|Dazzling Gleam|p1a: Okidogi\n|-damage|p1a: Okidogi|198/262\n|\n|-damage|p2a: Dedenne|129/261 brn|[from] brn\n|upkeep\n|-enditem|p2a: Dedenne|Sitrus Berry|[eat]\n|-heal|p2a: Dedenne|194/261 brn|[from] item: Sitrus Berry\n|-heal|p2a: Dedenne|261/261 brn|[from] ability: Cheek Pouch\n|turn|10\n|\n|t:|1733801682\n|move|p2a: Dedenne|Dazzling Gleam|p1a: Okidogi\n|-damage|p1a: Okidogi|141/262\n|move|p1a: Okidogi|High Horsepower|p2a: Dedenne\n|-supereffective|p2a: Dedenne\n|-damage|p2a: Dedenne|79/261 brn\n|\n|-damage|p2a: Dedenne|63/261 brn|[from] brn\n|upkeep\n|turn|11\n|\n|t:|1733801718\n|move|p2a: Dedenne|Super Fang|p1a: Okidogi\n|-damage|p1a: Okidogi|71/262\n|move|p1a: Okidogi|Drain Punch|p2a: Dedenne\n|-resisted|p2a: Dedenne\n|-damage|p2a: Dedenne|6/261 brn\n|-heal|p1a: Okidogi|100/262|[from] drain|[of] p2a: Dedenne\n|\n|-damage|p2a: Dedenne|0 fnt|[from] brn\n|faint|p2a: Dedenne\n|upkeep\n|\n|t:|1733801726\n|switch|p2a: Scovillain|Scovillain, L91, M|266/266\n|turn|12\n|\n|t:|1733801732\n|move|p2a: Scovillain|Stomping Tantrum|p1a: Okidogi\n|-supereffective|p1a: Okidogi\n|-damage|p1a: Okidogi|0 fnt\n|faint|p1a: Okidogi\n|\n|upkeep\n|\n|t:|1733801748\n|switch|p1a: Zarude|Zarude-Dada, L78|292/292\n|turn|13\n|\n|t:|1733801756\n|move|p1a: Zarude|Knock Off|p2a: Scovillain\n|-damage|p2a: Scovillain|89/266\n|-enditem|p2a: Scovillain|Heavy-Duty Boots|[from] move: Knock Off|[of] p1a: Zarude\n|move|p2a: Scovillain|Fire Blast|p1a: Zarude|[miss]\n|-miss|p2a: Scovillain|p1a: Zarude\n|\n|upkeep\n|turn|14\n|\n|t:|1733801763\n|move|p1a: Zarude|Knock Off|p2a: Scovillain\n|-damage|p2a: Scovillain|0 fnt\n|faint|p2a: Scovillain\n|\n|upkeep\n|\n|t:|1733801768\n|switch|p2a: Gurdurr|Gurdurr, L85, M|283/283\n|turn|15\n|\n|t:|1733801774\n|switch|p1a: Virizion|Virizion, L82|255/283\n|move|p2a: Gurdurr|Mach Punch|p1a: Virizion\n|-damage|p1a: Virizion|201/283\n|\n|upkeep\n|turn|16\n|\n|t:|1733801793\n|switch|p2a: Glimmora|Glimmora, L75, M|248/248\n|move|p1a: Virizion|Swords Dance|p1a: Virizion\n|-boost|p1a: Virizion|atk|2\n|\n|upkeep\n|turn|17\n|\n|t:|1733801806\n|move|p1a: Virizion|Leaf Blade|p2a: Glimmora\n|-damage|p2a: Glimmora|0 fnt\n|-activate|p2a: Glimmora|ability: Toxic Debris\n|-sidestart|p1: dominic fong|move: Toxic Spikes\n|faint|p2a: Glimmora\n|-damage|p1a: Virizion|173/283|[from] item: Life Orb\n|\n|upkeep\n|\n|t:|1733801814\n|switch|p2a: Orthworm|Orthworm, L88, F|266/266\n|turn|18\n|c|\u2606dominic fong|ey bruh ggs\n|\n|t:|1733801825\n|-terastallize|p2a: Orthworm|Electric\n|move|p1a: Virizion|Close Combat|p2a: Orthworm\n|-damage|p2a: Orthworm|91/266\n|-unboost|p1a: Virizion|def|1\n|-unboost|p1a: Virizion|spd|1\n|-damage|p1a: Virizion|145/283|[from] item: Life Orb\n|move|p2a: Orthworm|Body Press|p1a: Virizion\n|-damage|p1a: Virizion|0 fnt\n|faint|p1a: Virizion\n|\n|upkeep\n|\n|t:|1733801847\n|switch|p1a: Zarude|Zarude-Dada, L78|292/292\n|-status|p1a: Zarude|psn\n|turn|19\n|\n|t:|1733801861\n|move|p1a: Zarude|Close Combat|p2a: Orthworm\n|-damage|p2a: Orthworm|9/266\n|-unboost|p1a: Zarude|def|1\n|-unboost|p1a: Zarude|spd|1\n|move|p2a: Orthworm|Body Press|p1a: Zarude\n|-supereffective|p1a: Zarude\n|-damage|p1a: Zarude|34/292 psn\n|\n|-damage|p1a: Zarude|0 fnt|[from] psn\n|faint|p1a: Zarude\n|upkeep\n|c|\u2606dominic fong|ain no way\n|\n|t:|1733801874\n|switch|p1a: Palkia|Palkia-Origin, L72|249/249\n|-status|p1a: Palkia|psn\n|-ability|p1a: Palkia|Pressure\n|turn|20\n|c|\u2606eviolite girafarig|yeah dawg\n|\n|t:|1733801888\n|move|p1a: Palkia|Fire Blast|p2a: Orthworm|[miss]\n|-miss|p1a: Palkia|p2a: Orthworm\n|move|p2a: Orthworm|Rest|p2a: Orthworm\n|-status|p2a: Orthworm|slp|[from] move: Rest\n|-heal|p2a: Orthworm|266/266 slp|[silent]\n|-enditem|p2a: Orthworm|Chesto Berry|[eat]\n|-curestatus|p2a: Orthworm|slp|[msg]\n|\n|-damage|p1a: Palkia|218/249 psn|[from] psn\n|upkeep\n|turn|21\n|c|\u2606dominic fong|cooked\n|\n|t:|1733801910\n|move|p1a: Palkia|Draco Meteor|p2a: Orthworm\n|-damage|p2a: Orthworm|53/266\n|-unboost|p1a: Palkia|spa|2\n|move|p2a: Orthworm|Body Press|p1a: Palkia\n|-damage|p1a: Palkia|134/249 psn\n|\n|-damage|p1a: Palkia|103/249 psn|[from] psn\n|upkeep\n|turn|22\n|\n|t:|1733801920\n|move|p1a: Palkia|Fire Blast|p2a: Orthworm\n|-damage|p2a: Orthworm|0 fnt\n|faint|p2a: Orthworm\n|\n|-damage|p1a: Palkia|72/249 psn|[from] psn\n|upkeep\n|\n|t:|1733801924\n|switch|p2a: Gurdurr|Gurdurr, L85, M|283/283\n|turn|23\n|\n|t:|1733801940\n|move|p2a: Gurdurr|Mach Punch|p1a: Palkia\n|-damage|p1a: Palkia|21/249 psn\n|move|p1a: Palkia|Hydro Pump|p2a: Gurdurr|[miss]\n|-miss|p1a: Palkia|p2a: Gurdurr\n|\n|-damage|p1a: Palkia|0 fnt|[from] psn\n|faint|p1a: Palkia\n|\n|win|eviolite girafarig\n|upkeep\n|raw|dominic fong's rating: 1103 &rarr; <strong>1081</strong><br />(-22 for losing)\n|raw|eviolite girafarig's rating: 1148 &rarr; <strong>1170</strong><br />(+22 for winning)\n|c|\u2606eviolite girafarig|ggg\n|c|\u2606dominic fong|gg\n", "inputlog": ">version bfd83cad13791eb5a5a409923076391caf6fb4d4\n>start {\"formatid\":\"gen9randombattle\",\"seed\":[40567,28211,43171,10723],\"rated\":\"Rated battle\"}\n>player p1 {\"name\":\"dominic fong\",\"avatar\":\"101\",\"rating\":1103,\"seed\":[51464,48973,52862,26477]}\n>player p2 {\"name\":\"eviolite girafarig\",\"avatar\":\"waitress\",\"rating\":1148,\"seed\":[24486,5628,2135,24351]}\n>p1 move dragondance terastallize\n>p2 move earthpower\n>p1 move dragondance\n>p2 move calmmind\n>p1 move earthquake\n>p2 move bloodmoon\n>p1 switch 5\n>p1 move leafblade\n>p2 move moonlight\n>p2 switch 3\n>p1 switch 6\n>p2 move dazzlinggleam\n>p1 move swordsdance\n>p2 switch 2\n>p1 move earthquake\n>p2 move bodypress\n>p1 switch 4\n>p1 move fireblast\n>p2 switch 2\n>p1 switch 2\n>p2 move dazzlinggleam\n>p1 move highhorsepower\n>p2 move dazzlinggleam\n>p1 move drainpunch\n>p2 move superfang\n>p2 switch 6\n>p1 move gunkshot\n>p2 move stompingtantrum\n>p1 switch 3\n>p1 move knockoff\n>p2 move fireblast\n>p1 move knockoff\n>p2 move fireblast\n>p2 switch 5\n>p1 switch 6\n>p2 move machpunch\n>p1 move swordsdance\n>p2 switch 4\n>p1 move leafblade\n>p2 move sludgewave\n>p2 switch 2\n>chat \u2606dominic fong|ey bruh ggs\n>p1 move closecombat\n>p2 move bodypress terastallize\n>p1 switch 6\n>p1 move closecombat\n>p2 move bodypress\n>chat \u2606dominic fong|ain no way\n>p1 switch 2\n>chat \u2606eviolite girafarig|yeah dawg\n>p1 move fireblast\n>p2 move rest\n>chat \u2606dominic fong|cooked\n>p1 move dracometeor\n>p2 move bodypress\n>p1 move fireblast\n>p2 move bodypress\n>p2 switch 4\n>p1 move hydropump\n>p2 move machpunch", "uploadtime": 1733801952, "views": 18, "formatid": "gen9randombattle", "rating": 1081, "private": 0, "password": null}