{"id": "gen9randombattle-2260584664", "format": "[Gen 9] Random Battle", "players": ["MidnightMadman", "copoi"], "log": "|j|\u2606MidnightMadman\n|j|\u2606copoi\n|t:|1733866167\n|gametype|singles\n|player|p1|MidnightMadman|266|1319\n|player|p2|copoi|2|1269\n|teamsize|p1|6\n|teamsize|p2|6\n|gen|9\n|tier|[Gen 9] Random Battle\n|rated|\n|rule|Species Clause: Limit one of each Pok\u00e9mon\n|rule|HP Percentage Mod: HP is shown in percentages\n|rule|Sleep Clause Mod: Limit one foe put to sleep\n|rule|Illusion Level Mod: Illusion disguises the Pok\u00e9mon's true level\n|\n|t:|1733866167\n|start\n|switch|p1a: Gallade|Gallade, L81, M|243/243\n|switch|p2a: Dachsbun|Dachsbun, L92, M|254/254\n|turn|1\n|inactive|Battle timer is ON: inactive players will automatically lose when time's up. (requested by MidnightMadman)\n|inactive|copoi also wants the timer to be on.\n|inactive|copoi has 120 seconds left.\n|\n|t:|1733866205\n|switch|p1a: Landorus|Landorus-Therian, L76, M|260/260\n|-ability|p1a: Landorus|Intimidate|boost\n|-unboost|p2a: Dachsbun|atk|1\n|move|p2a: Dachsbun|Play Rough|p1a: Landorus\n|-damage|p1a: Landorus|187/260\n|\n|-heal|p1a: Landorus|203/260|[from] item: Leftovers\n|upkeep\n|turn|2\n|\n|t:|1733866228\n|switch|p2a: Bronzong|Bronzong, L88|261/261\n|move|p1a: Landorus|Taunt|p2a: Bronzong\n|-start|p2a: Bronzong|move: Taunt\n|\n|-heal|p1a: Landorus|219/260|[from] item: Leftovers\n|upkeep\n|turn|3\n|\n|t:|1733866237\n|move|p1a: Landorus|U-turn|p2a: Bronzong\n|-damage|p2a: Bronzong|221/261\n|\n|t:|1733866245\n|switch|p1a: Meowscarada|Meowscarada, L78, M|247/247|[from] U-turn\n|move|p2a: Bronzong|Iron Head|p1a: Meowscarada\n|-damage|p1a: Meowscarada|141/247\n|\n|-heal|p2a: Bronzong|237/261|[from] item: Leftovers\n|upkeep\n|turn|4\n|\n|t:|1733866263\n|switch|p2a: Dachsbun|Dachsbun, L92, M|254/254\n|move|p1a: Meowscarada|Toxic Spikes|p2a: Dachsbun\n|-start|p1a: Meowscarada|typechange|Poison|[from] ability: Protean\n|-sidestart|p2: copoi|move: Toxic Spikes\n|\n|upkeep\n|turn|5\n|\n|t:|1733866287\n|move|p1a: Meowscarada|Toxic Spikes|p2a: Dachsbun\n|-sidestart|p2: copoi|move: Toxic Spikes\n|move|p2a: Dachsbun|Play Rough|p1a: Meowscarada\n|-resisted|p1a: Meowscarada\n|-damage|p1a: Meowscarada|75/247\n|\n|upkeep\n|turn|6\n|inactive|copoi has 120 seconds left.\n|\n|t:|1733866303\n|move|p1a: Meowscarada|Knock Off|p2a: Dachsbun\n|-resisted|p2a: Dachsbun\n|-damage|p2a: Dachsbun|224/254\n|-enditem|p2a: Dachsbun|Leftovers|[from] move: Knock Off|[of] p1a: Meowscarada\n|-damage|p1a: Meowscarada|51/247|[from] item: Life Orb\n|move|p2a: Dachsbun|Wish|p2a: Dachsbun\n|\n|upkeep\n|turn|7\n|\n|t:|1733866316\n|switch|p1a: Plusle|Plusle, L95, F|268/268\n|move|p2a: Dachsbun|Play Rough|p1a: Plusle\n|-damage|p1a: Plusle|111/268\n|\n|-heal|p2a: Dachsbun|254/254|[from] move: Wish|[wisher] Dachsbun\n|upkeep\n|turn|8\n|\n|t:|1733866326\n|move|p2a: Dachsbun|Protect|p2a: Dachsbun\n|-singleturn|p2a: Dachsbun|Protect\n|move|p1a: Plusle|Thunderbolt|p2a: Dachsbun\n|-activate|p2a: Dachsbun|move: Protect\n|\n|upkeep\n|turn|9\n|\n|t:|1733866330\n|move|p1a: Plusle|Thunderbolt|p2a: Dachsbun\n|-damage|p2a: Dachsbun|114/254\n|-damage|p1a: Plusle|85/268|[from] item: Life Orb\n|move|p2a: Dachsbun|Play Rough|p1a: Plusle\n|-damage|p1a: Plusle|0 fnt\n|faint|p1a: Plusle\n|\n|upkeep\n|\n|t:|1733866339\n|switch|p1a: Flutter Mane|Flutter Mane, L74|203/203\n|turn|10\n|\n|t:|1733866346\n|move|p1a: Flutter Mane|Calm Mind|p1a: Flutter Mane\n|-boost|p1a: Flutter Mane|spa|1\n|-boost|p1a: Flutter Mane|spd|1\n|move|p2a: Dachsbun|Play Rough|p1a: Flutter Mane\n|-damage|p1a: Flutter Mane|38/203\n|-unboost|p1a: Flutter Mane|atk|1\n|\n|upkeep\n|turn|11\n|\n|t:|1733866375\n|move|p1a: Flutter Mane|Shadow Ball|p2a: Dachsbun\n|-damage|p2a: Dachsbun|0 fnt\n|faint|p2a: Dachsbun\n|-damage|p1a: Flutter Mane|18/203|[from] item: Life Orb\n|\n|upkeep\n|inactive|copoi has 120 seconds left.\n|\n|t:|1733866391\n|switch|p2a: Spidops|Spidops, L96, F|271/271\n|turn|12\n|inactive|copoi has 120 seconds left.\n|\n|t:|1733866403\n|move|p1a: Flutter Mane|Mystical Fire|p2a: Spidops\n|-supereffective|p2a: Spidops\n|-crit|p2a: Spidops\n|-damage|p2a: Spidops|0 fnt\n|faint|p2a: Spidops\n|-damage|p1a: Flutter Mane|0 fnt|[from] item: Life Orb\n|faint|p1a: Flutter Mane\n|-end|p1a: Flutter Mane|Protosynthesis|[silent]\n|\n|upkeep\n|inactive|copoi has 120 seconds left.\n|\n|t:|1733866414\n|switch|p1a: Landorus|Landorus-Therian, L76, M|219/260\n|switch|p2a: Dragalge|Dragalge, L88, F|258/258\n|-ability|p1a: Landorus|Intimidate|boost\n|-unboost|p2a: Dragalge|atk|1\n|-sideend|p2: copoi|move: Toxic Spikes|[of] p2a: Dragalge\n|turn|13\n|\n|t:|1733866425\n|switch|p2a: Bronzong|Bronzong, L88|237/261\n|move|p1a: Landorus|U-turn|p2a: Bronzong\n|-crit|p2a: Bronzong\n|-damage|p2a: Bronzong|171/261\n|\n|t:|1733866429\n|switch|p1a: Gallade|Gallade, L81, M|243/243|[from] U-turn\n|\n|-heal|p2a: Bronzong|187/261|[from] item: Leftovers\n|upkeep\n|turn|14\n|\n|t:|1733866434\n|move|p1a: Gallade|Night Slash|p2a: Bronzong\n|-supereffective|p2a: Bronzong\n|-damage|p2a: Bronzong|23/261\n|-damage|p1a: Gallade|219/243|[from] item: Life Orb\n|move|p2a: Bronzong|Iron Defense|p2a: Bronzong\n|-boost|p2a: Bronzong|def|2\n|\n|-heal|p2a: Bronzong|39/261|[from] item: Leftovers\n|upkeep\n|turn|15\n|-message|copoi forfeited.\n|\n|win|MidnightMadman\n|raw|MidnightMadman's rating: 1319 &rarr; <strong>1336</strong><br />(+17 for winning)\n|raw|copoi's rating: 1269 &rarr; <strong>1248</strong><br />(-21 for losing)\n|l|\u2606copoi\n|player|p2|\n", "inputlog": ">version bfd83cad13791eb5a5a409923076391caf6fb4d4\n>start {\"formatid\":\"gen9randombattle\",\"seed\":[44532,29791,14849,27597],\"rated\":\"Rated battle\"}\n>player p1 {\"name\":\"MidnightMadman\",\"avatar\":\"266\",\"rating\":1319,\"seed\":[40643,34870,58115,53414]}\n>player p2 {\"name\":\"copoi\",\"avatar\":\"2\",\"rating\":1269,\"seed\":[64891,62415,34257,54215]}\n>p1 switch 2\n>p2 move playrough\n>p1 move taunt\n>p2 switch 3\n>p1 move uturn\n>p2 move ironhead\n>p1 switch 6\n>p1 move toxicspikes\n>p2 switch 3\n>p1 move toxicspikes\n>p2 move playrough\n>p1 move knockoff\n>p2 move wish\n>p1 switch 4\n>p2 move playrough\n>p1 move thunderbolt\n>p2 move protect\n>p1 move thunderbolt\n>p2 move playrough\n>p1 switch 3\n>p1 move calmmind\n>p2 move playrough\n>p1 move shadowball\n>p2 move playrough\n>p2 switch 6\n>p1 move mysticalfire\n>p2 move stickyweb\n>p1 switch 6\n>p2 switch 5\n>p1 move uturn\n>p2 switch 3\n>p1 switch 2\n>p1 move nightslash\n>p2 move irondefense\n>forcelose p2", "uploadtime": 1733866441, "views": 1, "formatid": "gen9randombattle", "rating": 1248, "private": 0, "password": null}