{"id": "gen9randombattle-2260781546", "format": "[Gen 9] Random Battle", "players": ["mango128", "mi1kweed"], "log": "|j|\u2606mango128\n|j|\u2606mi1kweed\n|t:|1733891137\n|gametype|singles\n|player|p1|mango128|101|1271\n|player|p2|mi1kweed|pokemonranger-gen4|1240\n|teamsize|p1|6\n|teamsize|p2|6\n|gen|9\n|tier|[Gen 9] Random Battle\n|rated|\n|rule|Species Clause: Limit one of each Pok\u00e9mon\n|rule|HP Percentage Mod: HP is shown in percentages\n|rule|Sleep Clause Mod: Limit one foe put to sleep\n|rule|Illusion Level Mod: Illusion disguises the Pok\u00e9mon's true level\n|\n|t:|1733891137\n|start\n|switch|p1a: Chandelure|Chandelure, L83, F|235/235\n|switch|p2a: Wyrdeer|Wyrdeer, L87, F|321/321\n|-ability|p2a: Wyrdeer|Intimidate|boost\n|-unboost|p1a: Chandelure|atk|1\n|turn|1\n|inactive|Battle timer is ON: inactive players will automatically lose when time's up. (requested by mi1kweed)\n|\n|t:|1733891156\n|move|p1a: Chandelure|Calm Mind|p1a: Chandelure\n|-boost|p1a: Chandelure|spa|1\n|-boost|p1a: Chandelure|spd|1\n|move|p2a: Wyrdeer|Earthquake|p1a: Chandelure\n|-supereffective|p1a: Chandelure\n|-damage|p1a: Chandelure|87/235\n|\n|upkeep\n|turn|2\n|\n|t:|1733891171\n|move|p1a: Chandelure|Fire Blast|p2a: Wyrdeer\n|-damage|p2a: Wyrdeer|137/321\n|-status|p2a: Wyrdeer|brn\n|move|p2a: Wyrdeer|Earthquake|p1a: Chandelure\n|-supereffective|p1a: Chandelure\n|-damage|p1a: Chandelure|13/235\n|\n|-damage|p2a: Wyrdeer|117/321 brn|[from] brn\n|upkeep\n|turn|3\n|\n|t:|1733891186\n|switch|p2a: Koraidon|Koraidon, L64|235/235\n|-weather|SunnyDay|[from] ability: Orichalcum Pulse|[of] p2a: Koraidon\n|-activate|p2a: Koraidon|Orichalcum Pulse|[source]\n|move|p1a: Chandelure|Fire Blast|p2a: Koraidon|[miss]\n|-miss|p1a: Chandelure|p2a: Koraidon\n|\n|-weather|SunnyDay|[upkeep]\n|upkeep\n|turn|4\n|\n|t:|1733891208\n|move|p2a: Koraidon|U-turn|p1a: Chandelure\n|-resisted|p1a: Chandelure\n|-damage|p1a: Chandelure|0 fnt\n|faint|p1a: Chandelure\n|\n|t:|1733891215\n|switch|p2a: Zarude|Zarude-Dada, L78|292/292|[from] U-turn\n|\n|-weather|SunnyDay|[upkeep]\n|upkeep\n|\n|t:|1733891225\n|switch|p1a: Salazzle|Salazzle, L83, F|249/249\n|turn|5\n|\n|t:|1733891247\n|move|p1a: Salazzle|Toxic|p2a: Zarude\n|-immune|p2a: Zarude|[from] ability: Leaf Guard\n|move|p2a: Zarude|Swords Dance|p2a: Zarude\n|-boost|p2a: Zarude|atk|2\n|\n|-weather|SunnyDay|[upkeep]\n|upkeep\n|turn|6\n|inactive|mi1kweed has 120 seconds left.\n|\n|t:|1733891269\n|switch|p2a: Wyrdeer|Wyrdeer, L87, F|117/321 brn\n|-ability|p2a: Wyrdeer|Intimidate|boost\n|-unboost|p1a: Salazzle|atk|1\n|move|p1a: Salazzle|Flamethrower|p2a: Wyrdeer\n|-damage|p2a: Wyrdeer|0 fnt\n|faint|p2a: Wyrdeer\n|\n|-weather|SunnyDay|[upkeep]\n|upkeep\n|inactive|mi1kweed has 120 seconds left.\n|\n|t:|1733891284\n|switch|p2a: Cyclizar|Cyclizar, L83, M|252/252\n|turn|7\n|\n|t:|1733891292\n|move|p2a: Cyclizar|Taunt|p1a: Salazzle\n|-start|p1a: Salazzle|move: Taunt\n|cant|p1a: Salazzle|move: Taunt|Toxic\n|\n|-weather|none\n|upkeep\n|turn|8\n|inactive|mi1kweed has 120 seconds left.\n|\n|t:|1733891315\n|switch|p1a: Mightyena|Mightyena, L95, M|287/287\n|-ability|p1a: Mightyena|Intimidate|boost\n|-unboost|p2a: Cyclizar|atk|1\n|move|p2a: Cyclizar|Draco Meteor|p1a: Mightyena|[miss]\n|-miss|p2a: Cyclizar|p1a: Mightyena\n|\n|upkeep\n|turn|9\n|inactive|mi1kweed has 120 seconds left.\n|\n|t:|1733891326\n|switch|p2a: Overqwil|Overqwil, L82, F|274/274\n|-ability|p2a: Overqwil|Intimidate|boost\n|-unboost|p1a: Mightyena|atk|1\n|move|p1a: Mightyena|Play Rough|p2a: Overqwil\n|-damage|p2a: Overqwil|194/274\n|\n|upkeep\n|turn|10\n|inactive|mi1kweed has 120 seconds left.\n|inactive|mango128 has 120 seconds left.\n|\n|t:|1733891347\n|switch|p1a: Falinks|Falinks, L84|246/246\n|move|p2a: Overqwil|Liquidation|p1a: Falinks\n|-damage|p1a: Falinks|158/246\n|\n|upkeep\n|turn|11\n|inactive|mi1kweed has 120 seconds left.\n|\n|t:|1733891361\n|move|p2a: Overqwil|Liquidation|p1a: Falinks\n|-damage|p1a: Falinks|72/246\n|move|p1a: Falinks|No Retreat|p1a: Falinks\n|-boost|p1a: Falinks|atk|1\n|-boost|p1a: Falinks|def|1\n|-boost|p1a: Falinks|spa|1\n|-boost|p1a: Falinks|spd|1\n|-boost|p1a: Falinks|spe|1\n|-start|p1a: Falinks|move: No Retreat\n|\n|upkeep\n|turn|12\n|\n|t:|1733891372\n|move|p1a: Falinks|Close Combat|p2a: Overqwil\n|-damage|p2a: Overqwil|0 fnt\n|-unboost|p1a: Falinks|def|1\n|-unboost|p1a: Falinks|spd|1\n|faint|p2a: Overqwil\n|-damage|p1a: Falinks|48/246|[from] item: Life Orb\n|\n|upkeep\n|inactive|mi1kweed has 120 seconds left.\n|\n|t:|1733891391\n|switch|p2a: Cyclizar|Cyclizar, L83, M|252/252\n|turn|13\n|inactive|mi1kweed has 120 seconds left.\n|\n|t:|1733891398\n|-terastallize|p2a: Cyclizar|Ghost\n|move|p1a: Falinks|Close Combat|p2a: Cyclizar\n|-immune|p2a: Cyclizar\n|move|p2a: Cyclizar|Rapid Spin|p1a: Falinks\n|-damage|p1a: Falinks|2/246\n|-boost|p2a: Cyclizar|spe|1\n|\n|upkeep\n|turn|14\n|inactive|mi1kweed has 120 seconds left.\n|\n|t:|1733891423\n|move|p2a: Cyclizar|Rapid Spin|p1a: Falinks\n|-damage|p1a: Falinks|0 fnt\n|-boost|p2a: Cyclizar|spe|1\n|faint|p1a: Falinks\n|\n|upkeep\n|\n|t:|1733891433\n|switch|p1a: Mightyena|Mightyena, L95, M|287/287\n|-ability|p1a: Mightyena|Intimidate|boost\n|-unboost|p2a: Cyclizar|atk|1\n|turn|15\n|inactive|mi1kweed has 120 seconds left.\n|\n|t:|1733891442\n|move|p1a: Mightyena|Sucker Punch||[still]\n|-fail|p1a: Mightyena\n|move|p2a: Cyclizar|Shed Tail|p2a: Cyclizar\n|-start|p2a: Cyclizar|Substitute|[from] move: Shed Tail\n|-damage|p2a: Cyclizar|126/252\n|inactive|mi1kweed has 120 seconds left.\n|\n|t:|1733891452\n|switch|p2a: Zarude|Zarude-Dada, L78|292/292|[from] Shed Tail\n|\n|upkeep\n|turn|16\n|inactive|mi1kweed has 120 seconds left.\n|\n|t:|1733891467\n|switch|p1a: Salazzle|Salazzle, L83, F|249/249\n|move|p2a: Zarude|Swords Dance|p2a: Zarude\n|-boost|p2a: Zarude|atk|2\n|\n|upkeep\n|turn|17\n|inactive|mi1kweed has 120 seconds left.\n|\n|t:|1733891489\n|move|p1a: Salazzle|Flamethrower|p2a: Zarude\n|-supereffective|p2a: Zarude\n|-end|p2a: Zarude|Substitute\n|move|p2a: Zarude|Knock Off|p1a: Salazzle\n|-damage|p1a: Salazzle|0 fnt\n|-enditem|p1a: Salazzle|Leftovers|[from] move: Knock Off|[of] p2a: Zarude\n|faint|p1a: Salazzle\n|\n|upkeep\n|\n|t:|1733891501\n|switch|p1a: Mightyena|Mightyena, L95, M|287/287\n|-ability|p1a: Mightyena|Intimidate|boost\n|-unboost|p2a: Zarude|atk|1\n|turn|18\n|inactive|mi1kweed has 120 seconds left.\n|\n|t:|1733891526\n|move|p2a: Zarude|Power Whip|p1a: Mightyena\n|-damage|p1a: Mightyena|94/287\n|move|p1a: Mightyena|Play Rough|p2a: Zarude\n|-supereffective|p2a: Zarude\n|-damage|p2a: Zarude|88/292\n|-unboost|p2a: Zarude|atk|1\n|\n|-heal|p2a: Zarude|106/292|[from] item: Leftovers\n|upkeep\n|turn|19\n|\n|t:|1733891540\n|move|p2a: Zarude|Synthesis|p2a: Zarude\n|-heal|p2a: Zarude|252/292\n|move|p1a: Mightyena|Play Rough|p2a: Zarude\n|-supereffective|p2a: Zarude\n|-damage|p2a: Zarude|36/292\n|\n|-heal|p2a: Zarude|54/292|[from] item: Leftovers\n|upkeep\n|turn|20\n|\n|t:|1733891551\n|switch|p2a: Mewtwo|Mewtwo, L72|272/272\n|-ability|p2a: Mewtwo|Unnerve\n|move|p1a: Mightyena|Play Rough|p2a: Mewtwo\n|-damage|p2a: Mewtwo|145/272\n|\n|upkeep\n|turn|21\n|\n|t:|1733891561\n|move|p2a: Mewtwo|Recover|p2a: Mewtwo\n|-heal|p2a: Mewtwo|272/272\n|move|p1a: Mightyena|Play Rough|p2a: Mewtwo|[miss]\n|-miss|p1a: Mightyena|p2a: Mewtwo\n|\n|upkeep\n|turn|22\n|inactive|mi1kweed has 120 seconds left.\n|-message|mango128 forfeited.\n|\n|win|mi1kweed\n|raw|mango128's rating: 1271 &rarr; <strong>1244</strong><br />(-27 for losing)\n|raw|mi1kweed's rating: 1240 &rarr; <strong>1267</strong><br />(+27 for winning)\n|l|\u2606mango128\n|player|p1|\n", "inputlog": ">version bfd83cad13791eb5a5a409923076391caf6fb4d4\n>start {\"formatid\":\"gen9randombattle\",\"seed\":[17951,50670,20484,28748],\"rated\":\"Rated battle\"}\n>player p1 {\"name\":\"mango128\",\"avatar\":\"101\",\"rating\":1271,\"seed\":[37339,42061,37004,36710]}\n>player p2 {\"name\":\"mi1kweed\",\"avatar\":\"pokemonranger-gen4\",\"rating\":1240,\"seed\":[29067,54297,61330,32895]}\n>p1 move calmmind\n>p2 move earthquake\n>p1 move fireblast\n>p2 move earthquake\n>p1 move fireblast\n>p2 switch 2\n>p1 move shadowball\n>p2 move uturn\n>p2 switch 4\n>p1 switch 3\n>p1 move toxic\n>p2 move swordsdance\n>p1 move flamethrower\n>p2 switch 2\n>p2 switch 5\n>p1 move toxic\n>p2 move taunt\n>p1 switch 5\n>p2 move dracometeor\n>p1 move playrough\n>p2 switch 6\n>p1 switch 6\n>p2 move liquidation\n>p1 move noretreat\n>p2 move liquidation\n>p1 move closecombat\n>p2 move liquidation\n>p2 switch 6\n>p1 move closecombat\n>p2 move rapidspin terastallize\n>p1 move knockoff\n>p2 move rapidspin\n>p1 switch 6\n>p1 move suckerpunch\n>p2 move shedtail\n>p2 switch 2\n>p1 switch 5\n>p2 move swordsdance\n>p1 move flamethrower\n>p2 move knockoff\n>p1 switch 5\n>p1 move playrough\n>p2 move powerwhip\n>p1 move playrough\n>p2 move synthesis\n>p1 move playrough\n>p2 switch 3\n>p1 move playrough\n>p2 move recover\n>forcelose p1", "uploadtime": 1733891569, "views": 13, "formatid": "gen9randombattle", "rating": 1244, "private": 0, "password": null}