{"id": "gen9randombattle-2260323726", "format": "[Gen 9] Random Battle", "players": ["Saaaaanic", "goldrichman9"], "log": "|j|\u2606Saaaaanic\n|j|\u2606goldrichman9\n|t:|1733839911\n|gametype|singles\n|player|p1|Saaaaanic|hilbert|1281\n|player|p2|goldrichman9|265|1285\n|teamsize|p1|6\n|teamsize|p2|6\n|gen|9\n|tier|[Gen 9] Random Battle\n|rated|\n|rule|Species Clause: Limit one of each Pok\u00e9mon\n|rule|HP Percentage Mod: HP is shown in percentages\n|rule|Sleep Clause Mod: Limit one foe put to sleep\n|rule|Illusion Level Mod: Illusion disguises the Pok\u00e9mon's true level\n|\n|t:|1733839911\n|start\n|switch|p1a: Vileplume|Vileplume, L85, F|266/266\n|switch|p2a: Garganacl|Garganacl, L80, F|291/291\n|turn|1\n|inactive|Battle timer is ON: inactive players will automatically lose when time's up. (requested by Saaaaanic)\n|\n|t:|1733839926\n|switch|p2a: Glalie|Glalie, L96, F|309/309\n|move|p1a: Vileplume|Leech Seed|p2a: Glalie\n|-start|p2a: Glalie|move: Leech Seed\n|\n|-damage|p2a: Glalie|271/309|[from] Leech Seed|[of] p1a: Vileplume\n|upkeep\n|turn|2\n|\n|t:|1733839940\n|switch|p1a: Scizor|Scizor, L79, M|240/240\n|move|p2a: Glalie|Freeze-Dry|p1a: Scizor\n|-resisted|p1a: Scizor\n|-damage|p1a: Scizor|196/240\n|\n|-damage|p2a: Glalie|233/309|[from] Leech Seed|[of] p1a: Scizor\n|-heal|p1a: Scizor|234/240|[silent]\n|upkeep\n|turn|3\n|\n|t:|1733839949\n|move|p1a: Scizor|Bullet Punch|p2a: Glalie\n|-supereffective|p2a: Glalie\n|-damage|p2a: Glalie|47/309\n|move|p2a: Glalie|Earthquake|p1a: Scizor\n|-damage|p1a: Scizor|152/240\n|\n|-damage|p2a: Glalie|9/309|[from] Leech Seed|[of] p1a: Scizor\n|-heal|p1a: Scizor|190/240|[silent]\n|upkeep\n|turn|4\n|\n|t:|1733839966\n|move|p1a: Scizor|Bullet Punch|p2a: Glalie\n|-supereffective|p2a: Glalie\n|-damage|p2a: Glalie|0 fnt\n|faint|p2a: Glalie\n|\n|upkeep\n|\n|t:|1733839981\n|switch|p2a: Blaziken|Blaziken, L76, F|247/247\n|turn|5\n|\n|t:|1733839997\n|switch|p1a: Hypno|Hypno, L95, M|315/315\n|move|p2a: Blaziken|Swords Dance|p2a: Blaziken\n|-boost|p2a: Blaziken|atk|2\n|\n|-ability|p2a: Blaziken|Speed Boost|boost\n|-boost|p2a: Blaziken|spe|1\n|upkeep\n|turn|6\n|\n|t:|1733840007\n|move|p2a: Blaziken|Knock Off|p1a: Hypno\n|-supereffective|p1a: Hypno\n|-damage|p1a: Hypno|0 fnt\n|-enditem|p1a: Hypno|Leftovers|[from] move: Knock Off|[of] p2a: Blaziken\n|faint|p1a: Hypno\n|-damage|p2a: Blaziken|223/247|[from] item: Life Orb\n|\n|-ability|p2a: Blaziken|Speed Boost|boost\n|-boost|p2a: Blaziken|spe|1\n|upkeep\n|\n|t:|1733840024\n|switch|p1a: Raikou|Raikou, L81|278/278\n|-ability|p1a: Raikou|Pressure\n|turn|7\n|\n|t:|1733840033\n|move|p2a: Blaziken|Flare Blitz|p1a: Raikou\n|-damage|p1a: Raikou|0 fnt\n|faint|p1a: Raikou\n|-damage|p2a: Blaziken|131/247|[from] Recoil\n|-damage|p2a: Blaziken|107/247|[from] item: Life Orb\n|\n|-ability|p2a: Blaziken|Speed Boost|boost\n|-boost|p2a: Blaziken|spe|1\n|upkeep\n|\n|t:|1733840045\n|switch|p1a: Hitmontop|Hitmontop, L88, M|231/231\n|turn|8\n|\n|t:|1733840055\n|move|p2a: Blaziken|Close Combat|p1a: Hitmontop\n|-damage|p1a: Hitmontop|0 fnt\n|-unboost|p2a: Blaziken|def|1\n|-unboost|p2a: Blaziken|spd|1\n|faint|p1a: Hitmontop\n|-damage|p2a: Blaziken|83/247|[from] item: Life Orb\n|\n|-ability|p2a: Blaziken|Speed Boost|boost\n|-boost|p2a: Blaziken|spe|1\n|upkeep\n|\n|t:|1733840064\n|switch|p1a: Scizor|Scizor, L79, M|190/240\n|turn|9\n|\n|t:|1733840067\n|-terastallize|p1a: Scizor|Steel\n|move|p1a: Scizor|Bullet Punch|p2a: Blaziken\n|-resisted|p2a: Blaziken\n|-damage|p2a: Blaziken|0 fnt\n|faint|p2a: Blaziken\n|\n|upkeep\n|\n|t:|1733840076\n|switch|p2a: Garganacl|Garganacl, L80, F|291/291\n|turn|10\n|\n|t:|1733840080\n|move|p1a: Scizor|Bullet Punch|p2a: Garganacl\n|-supereffective|p2a: Garganacl\n|-damage|p2a: Garganacl|67/291\n|move|p2a: Garganacl|Salt Cure|p1a: Scizor\n|-resisted|p1a: Scizor\n|-damage|p1a: Scizor|169/240\n|-start|p1a: Scizor|Salt Cure\n|\n|-heal|p2a: Garganacl|85/291|[from] item: Leftovers\n|-damage|p1a: Scizor|109/240|[from] Salt Cure\n|upkeep\n|turn|11\n|\n|t:|1733840090\n|switch|p1a: Vileplume|Vileplume, L85, F|266/266\n|switch|p2a: Rotom|Rotom, L88|231/231\n|\n|upkeep\n|turn|12\n|\n|t:|1733840096\n|move|p2a: Rotom|Will-O-Wisp|p1a: Vileplume\n|-status|p1a: Vileplume|brn\n|move|p1a: Vileplume|Leech Seed|p2a: Rotom\n|-start|p2a: Rotom|move: Leech Seed\n|\n|-damage|p2a: Rotom|203/231|[from] Leech Seed|[of] p1a: Vileplume\n|-damage|p1a: Vileplume|250/266 brn|[from] brn\n|upkeep\n|turn|13\n|\n|t:|1733840105\n|move|p2a: Rotom|Volt Switch|p1a: Vileplume\n|-resisted|p1a: Vileplume\n|-damage|p1a: Vileplume|195/266 brn\n|-damage|p2a: Rotom|180/231|[from] item: Life Orb\n|\n|t:|1733840108\n|switch|p2a: Garganacl|Garganacl, L80, F|85/291|[from] Volt Switch\n|move|p1a: Vileplume|Sludge Bomb|p2a: Garganacl\n|-resisted|p2a: Garganacl\n|-damage|p2a: Garganacl|28/291\n|\n|-heal|p1a: Vileplume|211/266 brn|[from] item: Leftovers\n|-heal|p2a: Garganacl|46/291|[from] item: Leftovers\n|-damage|p1a: Vileplume|195/266 brn|[from] brn\n|upkeep\n|turn|14\n|\n|t:|1733840120\n|move|p1a: Vileplume|Giga Drain|p2a: Garganacl\n|-supereffective|p2a: Garganacl\n|-damage|p2a: Garganacl|0 fnt\n|-heal|p1a: Vileplume|218/266 brn|[from] drain|[of] p2a: Garganacl\n|faint|p2a: Garganacl\n|\n|-heal|p1a: Vileplume|234/266 brn|[from] item: Leftovers\n|-damage|p1a: Vileplume|218/266 brn|[from] brn\n|upkeep\n|\n|t:|1733840123\n|switch|p2a: Farigiraf|Farigiraf, L91, F|366/366\n|turn|15\n|\n|t:|1733840137\n|switch|p1a: Porygon-Z|Porygon-Z, L83|277/277\n|move|p2a: Farigiraf|Psychic Noise|p1a: Porygon-Z\n|-damage|p1a: Porygon-Z|154/277\n|-start|p1a: Porygon-Z|move: Heal Block\n|\n|upkeep\n|turn|16\n|\n|t:|1733840149\n|move|p1a: Porygon-Z|Nasty Plot|p1a: Porygon-Z\n|-boost|p1a: Porygon-Z|spa|2\n|move|p2a: Farigiraf|Wish|p2a: Farigiraf\n|\n|-end|p1a: Porygon-Z|move: Heal Block\n|upkeep\n|turn|17\n|\n|t:|1733840158\n|move|p1a: Porygon-Z|Nasty Plot|p1a: Porygon-Z\n|-boost|p1a: Porygon-Z|spa|2\n|move|p2a: Farigiraf|Body Slam|p1a: Porygon-Z\n|-damage|p1a: Porygon-Z|24/277\n|\n|upkeep\n|turn|18\n|\n|t:|1733840164\n|move|p1a: Porygon-Z|Tera Blast|p2a: Farigiraf\n|-damage|p2a: Farigiraf|0 fnt\n|faint|p2a: Farigiraf\n|-damage|p1a: Porygon-Z|0 fnt|[from] item: Life Orb\n|faint|p1a: Porygon-Z\n|\n|upkeep\n|\n|t:|1733840173\n|switch|p1a: Vileplume|Vileplume, L85, F|218/266 brn\n|switch|p2a: Rotom|Rotom, L88|180/231\n|turn|19\n|\n|t:|1733840177\n|move|p2a: Rotom|Shadow Ball|p1a: Vileplume\n|-damage|p1a: Vileplume|93/266 brn\n|-damage|p2a: Rotom|157/231|[from] item: Life Orb\n|move|p1a: Vileplume|Leech Seed|p2a: Rotom\n|-start|p2a: Rotom|move: Leech Seed\n|\n|-heal|p1a: Vileplume|109/266 brn|[from] item: Leftovers\n|-damage|p2a: Rotom|129/231|[from] Leech Seed|[of] p1a: Vileplume\n|-heal|p1a: Vileplume|137/266 brn|[silent]\n|-damage|p1a: Vileplume|121/266 brn|[from] brn\n|upkeep\n|turn|20\n|\n|t:|1733840191\n|move|p2a: Rotom|Shadow Ball|p1a: Vileplume\n|-damage|p1a: Vileplume|0 fnt\n|faint|p1a: Vileplume\n|-damage|p2a: Rotom|106/231|[from] item: Life Orb\n|\n|upkeep\n|\n|t:|1733840197\n|switch|p1a: Scizor|Scizor, L79, M, tera:Steel|109/240\n|turn|21\n|\n|t:|1733840211\n|move|p1a: Scizor|Bullet Punch|p2a: Rotom\n|-resisted|p2a: Rotom\n|-damage|p2a: Rotom|25/231\n|move|p2a: Rotom|Will-O-Wisp|p1a: Scizor\n|-status|p1a: Scizor|brn\n|\n|-damage|p2a: Rotom|0 fnt|[from] Leech Seed|[of] p1a: Scizor\n|-heal|p1a: Scizor|134/240 brn|[silent]\n|faint|p2a: Rotom\n|-damage|p1a: Scizor|119/240 brn|[from] brn\n|upkeep\n|\n|t:|1733840213\n|switch|p2a: Persian|Persian, L92, M|269/269\n|turn|22\n|\n|t:|1733840227\n|move|p1a: Scizor|Bullet Punch|p2a: Persian\n|-damage|p2a: Persian|179/269\n|move|p2a: Persian|Double-Edge|p1a: Scizor\n|-resisted|p1a: Scizor\n|-damage|p1a: Scizor|37/240 brn\n|-damage|p2a: Persian|152/269|[from] Recoil\n|\n|-damage|p1a: Scizor|22/240 brn|[from] brn\n|upkeep\n|turn|23\n|\n|t:|1733840248\n|move|p1a: Scizor|Bullet Punch|p2a: Persian\n|-damage|p2a: Persian|61/269\n|move|p2a: Persian|Double-Edge|p1a: Scizor\n|-resisted|p1a: Scizor\n|-damage|p1a: Scizor|0 fnt\n|faint|p1a: Scizor\n|-damage|p2a: Persian|54/269|[from] Recoil\n|\n|win|goldrichman9\n|raw|Saaaaanic's rating: 1281 &rarr; <strong>1256</strong><br />(-25 for losing)\n|raw|goldrichman9's rating: 1285 &rarr; <strong>1310</strong><br />(+25 for winning)\n|l|\u2606Saaaaanic\n|player|p1|\n", "inputlog": ">version bfd83cad13791eb5a5a409923076391caf6fb4d4\n>start {\"formatid\":\"gen9randombattle\",\"seed\":[15589,6443,30652,12617],\"rated\":\"Rated battle\"}\n>player p1 {\"name\":\"Saaaaanic\",\"avatar\":\"hilbert\",\"rating\":1281,\"seed\":[54524,33234,25591,39798]}\n>player p2 {\"name\":\"goldrichman9\",\"avatar\":\"265\",\"rating\":1285,\"seed\":[27337,36871,6170,44884]}\n>p1 move leechseed\n>p2 switch 4\n>p1 switch 3\n>p2 move freezedry\n>p1 move bulletpunch\n>p2 move earthquake\n>p1 move bulletpunch\n>p2 move spikes\n>p2 switch 3\n>p1 switch 5\n>p2 move swordsdance\n>p1 move toxic\n>p2 move knockoff\n>p1 switch 4\n>p1 move scald\n>p2 move flareblitz\n>p1 switch 2\n>p1 move closecombat\n>p2 move closecombat\n>p1 switch 5\n>p1 move bulletpunch terastallize\n>p2 move flareblitz\n>p2 switch 4\n>p1 move bulletpunch\n>p2 move saltcure\n>p1 switch 3\n>p2 switch 5\n>p1 move leechseed\n>p2 move willowisp\n>p1 move sludgebomb\n>p2 move voltswitch\n>p2 switch 5\n>p1 move gigadrain\n>p2 move recover\n>p2 switch 6\n>p1 switch 6\n>p2 move psychicnoise\n>p1 move nastyplot\n>p2 move wish\n>p1 move nastyplot\n>p2 move bodyslam\n>p1 move terablast\n>p2 move bodyslam\n>p1 switch 6\n>p2 switch 5\n>p1 move leechseed\n>p2 move shadowball\n>p1 move strengthsap\n>p2 move shadowball\n>p1 switch 3\n>p1 move bulletpunch\n>p2 move willowisp\n>p2 switch 2\n>p1 move bulletpunch\n>p2 move doubleedge\n>p1 move bulletpunch\n>p2 move doubleedge", "uploadtime": 1733840336, "views": 1, "formatid": "gen9randombattle", "rating": 1256, "private": 0, "password": null}