{"id": "gen9randombattle-2260583841", "format": "[Gen 9] Random Battle", "players": ["llukote08", "Almonds4Days"], "log": "|j|\u2606llukote08\n|j|\u2606Almonds4Days\n|t:|1733866081\n|gametype|singles\n|player|p1|llukote08|265|1136\n|player|p2|Almonds4Days|102|1184\n|teamsize|p1|6\n|teamsize|p2|6\n|gen|9\n|tier|[Gen 9] Random Battle\n|rated|\n|rule|Species Clause: Limit one of each Pok\u00e9mon\n|rule|HP Percentage Mod: HP is shown in percentages\n|rule|Sleep Clause Mod: Limit one foe put to sleep\n|rule|Illusion Level Mod: Illusion disguises the Pok\u00e9mon's true level\n|\n|t:|1733866081\n|start\n|switch|p1a: Glalie|Glalie, L96, F|309/309\n|switch|p2a: Klawf|Klawf, L90, M|272/272\n|turn|1\n|\n|t:|1733866096\n|move|p1a: Glalie|Spikes|p2a: Klawf\n|-sidestart|p2: Almonds4Days|Spikes\n|move|p2a: Klawf|Swords Dance|p2a: Klawf\n|-boost|p2a: Klawf|atk|2\n|\n|upkeep\n|turn|2\n|\n|t:|1733866112\n|move|p1a: Glalie|Earthquake|p2a: Klawf\n|-supereffective|p2a: Klawf\n|-damage|p2a: Klawf|146/272\n|move|p2a: Klawf|Stone Edge|p1a: Glalie\n|-supereffective|p1a: Glalie\n|-crit|p1a: Glalie\n|-damage|p1a: Glalie|0 fnt\n|faint|p1a: Glalie\n|\n|upkeep\n|\n|t:|1733866139\n|switch|p1a: Probopass|Probopass, L92, M|260/260\n|turn|3\n|\n|t:|1733866146\n|move|p2a: Klawf|High Horsepower|p1a: Probopass\n|-supereffective|p1a: Probopass\n|-damage|p1a: Probopass|0 fnt\n|faint|p1a: Probopass\n|\n|upkeep\n|\n|t:|1733866156\n|switch|p1a: Tatsugiri|Tatsugiri, L87, F|260/260\n|turn|4\n|\n|t:|1733866165\n|move|p1a: Tatsugiri|Rapid Spin|p2a: Klawf\n|-resisted|p2a: Klawf\n|-damage|p2a: Klawf|137/272\n|-boost|p1a: Tatsugiri|spe|1\n|move|p2a: Klawf|Stone Edge|p1a: Tatsugiri\n|-crit|p1a: Tatsugiri\n|-damage|p1a: Tatsugiri|0 fnt\n|faint|p1a: Tatsugiri\n|\n|upkeep\n|\n|t:|1733866176\n|switch|p1a: Ursaluna|Ursaluna, L79, F|335/335\n|turn|5\n|\n|t:|1733866184\n|move|p2a: Klawf|Crabhammer|p1a: Ursaluna\n|-supereffective|p1a: Ursaluna\n|-crit|p1a: Ursaluna\n|-damage|p1a: Ursaluna|0 fnt\n|faint|p1a: Ursaluna\n|\n|upkeep\n|\n|t:|1733866191\n|switch|p1a: Tinkaton|Tinkaton, L82, F|274/274\n|-ability|p1a: Tinkaton|Mold Breaker\n|turn|6\n|\n|t:|1733866204\n|move|p1a: Tinkaton|Gigaton Hammer|p2a: Klawf\n|-supereffective|p2a: Klawf\n|-damage|p2a: Klawf|0 fnt\n|faint|p2a: Klawf\n|-damage|p1a: Tinkaton|247/274|[from] item: Life Orb\n|\n|upkeep\n|\n|t:|1733866226\n|switch|p2a: Archaludon|Archaludon, L78, F|268/268\n|-damage|p2a: Archaludon|235/268|[from] Spikes\n|turn|7\n|\n|t:|1733866238\n|move|p1a: Tinkaton|Swords Dance|p1a: Tinkaton\n|-boost|p1a: Tinkaton|atk|2\n|move|p2a: Archaludon|Flash Cannon|p1a: Tinkaton\n|-damage|p1a: Tinkaton|162/274\n|\n|-heal|p2a: Archaludon|251/268|[from] item: Leftovers\n|upkeep\n|turn|8\n|\n|t:|1733866253\n|move|p1a: Tinkaton|Play Rough|p2a: Archaludon\n|-damage|p2a: Archaludon|87/268\n|-ability|p2a: Archaludon|Stamina|boost\n|-boost|p2a: Archaludon|def|1\n|-damage|p1a: Tinkaton|135/274|[from] item: Life Orb\n|move|p2a: Archaludon|Flash Cannon|p1a: Tinkaton\n|-damage|p1a: Tinkaton|60/274\n|\n|-heal|p2a: Archaludon|103/268|[from] item: Leftovers\n|upkeep\n|turn|9\n|\n|t:|1733866265\n|move|p1a: Tinkaton|Play Rough|p2a: Archaludon\n|-damage|p2a: Archaludon|8/268\n|-unboost|p2a: Archaludon|atk|1\n|-ability|p2a: Archaludon|Stamina|boost\n|-boost|p2a: Archaludon|def|1\n|-damage|p1a: Tinkaton|33/274|[from] item: Life Orb\n|move|p2a: Archaludon|Flash Cannon|p1a: Tinkaton\n|-damage|p1a: Tinkaton|0 fnt\n|faint|p1a: Tinkaton\n|\n|-heal|p2a: Archaludon|24/268|[from] item: Leftovers\n|upkeep\n|\n|t:|1733866279\n|switch|p1a: Bombirdier|Bombirdier, L85, F|258/258\n|turn|10\n|\n|t:|1733866302\n|move|p1a: Bombirdier|Brave Bird|p2a: Archaludon\n|-resisted|p2a: Archaludon\n|-damage|p2a: Archaludon|0 fnt\n|faint|p2a: Archaludon\n|-damage|p1a: Bombirdier|250/258|[from] Recoil\n|\n|upkeep\n|\n|t:|1733866309\n|switch|p2a: Ludicolo|Ludicolo, L90, M|290/290\n|-damage|p2a: Ludicolo|254/290|[from] Spikes\n|turn|11\n|\n|t:|1733866314\n|-terastallize|p2a: Ludicolo|Steel\n|move|p1a: Bombirdier|Brave Bird|p2a: Ludicolo\n|-resisted|p2a: Ludicolo\n|-damage|p2a: Ludicolo|135/290\n|-damage|p1a: Bombirdier|211/258|[from] Recoil\n|move|p2a: Ludicolo|Ice Beam|p1a: Bombirdier\n|-supereffective|p1a: Bombirdier\n|-damage|p1a: Bombirdier|19/258\n|-damage|p2a: Ludicolo|106/290|[from] item: Life Orb\n|\n|upkeep\n|turn|12\n|\n|t:|1733866332\n|-terastallize|p1a: Bombirdier|Rock\n|move|p1a: Bombirdier|Brave Bird|p2a: Ludicolo\n|-resisted|p2a: Ludicolo\n|-damage|p2a: Ludicolo|0 fnt\n|faint|p2a: Ludicolo\n|-damage|p1a: Bombirdier|0 fnt|[from] Recoil\n|faint|p1a: Bombirdier\n|\n|win|Almonds4Days\n|raw|llukote08's rating: 1136 &rarr; <strong>1114</strong><br />(-22 for losing)\n|raw|Almonds4Days's rating: 1184 &rarr; <strong>1206</strong><br />(+22 for winning)\n|l|\u2606llukote08\n|player|p1|\n", "inputlog": ">version bfd83cad13791eb5a5a409923076391caf6fb4d4\n>start {\"formatid\":\"gen9randombattle\",\"seed\":[20040,57190,42272,5967],\"rated\":\"Rated battle\"}\n>player p1 {\"name\":\"llukote08\",\"avatar\":\"265\",\"rating\":1136,\"seed\":[647,41997,61249,28097]}\n>player p2 {\"name\":\"Almonds4Days\",\"avatar\":\"102\",\"rating\":1184,\"seed\":[14785,36443,29454,8704]}\n>p1 move spikes\n>p2 move swordsdance\n>p1 move earthquake\n>p2 move stoneedge\n>p1 switch 4\n>p1 move bodypress\n>p2 move highhorsepower\n>p1 switch 2\n>p1 move rapidspin\n>p2 move stoneedge\n>p1 switch 5\n>p1 move headlongrush\n>p2 move crabhammer\n>p1 switch 6\n>p1 move gigatonhammer\n>p2 move highhorsepower\n>p2 switch 4\n>p1 move swordsdance\n>p2 move flashcannon\n>p1 move playrough\n>p2 move flashcannon\n>p1 move playrough\n>p2 move flashcannon\n>p1 switch 3\n>p1 move bravebird\n>p2 move bodypress\n>p2 switch 2\n>p1 move bravebird\n>p2 move icebeam terastallize\n>p1 move bravebird terastallize\n>p2 move icebeam", "uploadtime": 1733866580, "views": 2, "formatid": "gen9randombattle", "rating": 1114, "private": 0, "password": null}