{"id": "gen9randombattle-2260708585", "format": "[Gen 9] Random Battle", "players": ["AlmiranteDwater", "PearPerson"], "log": "|j|\u2606AlmiranteDwater\n|j|\u2606PearPerson\n|t:|1733881201\n|gametype|singles\n|player|p1|AlmiranteDwater|lucas|1045\n|player|p2|PearPerson|cynthia-masters|1079\n|teamsize|p1|6\n|teamsize|p2|6\n|gen|9\n|tier|[Gen 9] Random Battle\n|rated|\n|rule|Species Clause: Limit one of each Pok\u00e9mon\n|rule|HP Percentage Mod: HP is shown in percentages\n|rule|Sleep Clause Mod: Limit one foe put to sleep\n|rule|Illusion Level Mod: Illusion disguises the Pok\u00e9mon's true level\n|\n|t:|1733881201\n|start\n|switch|p1a: Vikavolt|Vikavolt, L83, F|263/263\n|switch|p2a: Bruxish|Bruxish, L85, M|254/254\n|turn|1\n|\n|t:|1733881210\n|move|p2a: Bruxish|Flip Turn|p1a: Vikavolt\n|-damage|p1a: Vikavolt|196/263\n|\n|t:|1733881215\n|switch|p2a: Vigoroth|Vigoroth, L85, F|275/275|[from] Flip Turn\n|move|p1a: Vikavolt|Discharge|p2a: Vigoroth\n|-damage|p2a: Vigoroth|166/275\n|\n|upkeep\n|turn|2\n|\n|t:|1733881260\n|move|p2a: Vigoroth|Bulk Up|p2a: Vigoroth\n|-boost|p2a: Vigoroth|atk|1\n|-boost|p2a: Vigoroth|def|1\n|move|p1a: Vikavolt|Sticky Web|p2a: Vigoroth\n|-sidestart|p2: PearPerson|move: Sticky Web\n|\n|upkeep\n|turn|3\n|\n|t:|1733881293\n|move|p2a: Vigoroth|Bulk Up|p2a: Vigoroth\n|-boost|p2a: Vigoroth|atk|1\n|-boost|p2a: Vigoroth|def|1\n|move|p1a: Vikavolt|Discharge|p2a: Vigoroth\n|-damage|p2a: Vigoroth|64/275\n|\n|upkeep\n|turn|4\n|\n|t:|1733881305\n|switch|p1a: Venusaur|Venusaur, L84, M|272/272\n|move|p2a: Vigoroth|Slack Off|p2a: Vigoroth\n|-heal|p2a: Vigoroth|202/275\n|\n|upkeep\n|turn|5\n|\n|t:|1733881316\n|move|p2a: Vigoroth|Earthquake|p1a: Venusaur\n|-crit|p1a: Venusaur\n|-damage|p1a: Venusaur|76/272\n|move|p1a: Venusaur|Sludge Bomb|p2a: Vigoroth\n|-damage|p2a: Vigoroth|109/275\n|\n|-heal|p1a: Venusaur|93/272|[from] item: Leftovers\n|upkeep\n|turn|6\n|\n|t:|1733881329\n|switch|p1a: Volcarona|Volcarona, L77, M|257/257\n|move|p2a: Vigoroth|Slack Off|p2a: Vigoroth\n|-heal|p2a: Vigoroth|247/275\n|\n|upkeep\n|turn|7\n|c|\u2606PearPerson|ah you have flame body huh\n|\n|t:|1733881354\n|move|p2a: Vigoroth|Bulk Up|p2a: Vigoroth\n|-boost|p2a: Vigoroth|atk|1\n|-boost|p2a: Vigoroth|def|1\n|move|p1a: Volcarona|Fire Blast|p2a: Vigoroth\n|-crit|p2a: Vigoroth\n|-damage|p2a: Vigoroth|82/275\n|\n|upkeep\n|turn|8\n|c|\u2606PearPerson|damn okay crit\n|\n|t:|1733881367\n|move|p2a: Vigoroth|Slack Off|p2a: Vigoroth\n|-heal|p2a: Vigoroth|220/275\n|move|p1a: Volcarona|Giga Drain|p2a: Vigoroth\n|-damage|p2a: Vigoroth|171/275\n|\n|upkeep\n|turn|9\n|\n|t:|1733881374\n|move|p2a: Vigoroth|Bulk Up|p2a: Vigoroth\n|-boost|p2a: Vigoroth|atk|1\n|-boost|p2a: Vigoroth|def|1\n|move|p1a: Volcarona|Fire Blast|p2a: Vigoroth\n|-damage|p2a: Vigoroth|44/275\n|\n|upkeep\n|turn|10\n|\n|t:|1733881383\n|move|p2a: Vigoroth|Slack Off|p2a: Vigoroth\n|-heal|p2a: Vigoroth|182/275\n|move|p1a: Volcarona|Fire Blast|p2a: Vigoroth\n|-damage|p2a: Vigoroth|68/275\n|\n|upkeep\n|turn|11\n|\n|t:|1733881391\n|move|p2a: Vigoroth|Slack Off|p2a: Vigoroth\n|-heal|p2a: Vigoroth|206/275\n|move|p1a: Volcarona|Tera Blast|p2a: Vigoroth\n|-damage|p2a: Vigoroth|153/275\n|\n|upkeep\n|turn|12\n|\n|t:|1733881398\n|move|p2a: Vigoroth|Earthquake|p1a: Volcarona\n|-damage|p1a: Volcarona|19/257\n|move|p1a: Volcarona|Fire Blast|p2a: Vigoroth|[miss]\n|-miss|p1a: Volcarona|p2a: Vigoroth\n|\n|upkeep\n|turn|13\n|\n|t:|1733881409\n|move|p2a: Vigoroth|Earthquake|p1a: Volcarona\n|-damage|p1a: Volcarona|0 fnt\n|faint|p1a: Volcarona\n|\n|upkeep\n|\n|t:|1733881425\n|switch|p1a: Lycanroc|Lycanroc-Midnight, L89, M|296/296\n|turn|14\n|\n|t:|1733881430\n|move|p2a: Vigoroth|Earthquake|p1a: Lycanroc\n|-supereffective|p1a: Lycanroc\n|-damage|p1a: Lycanroc|0 fnt\n|faint|p1a: Lycanroc\n|\n|upkeep\n|\n|t:|1733881436\n|switch|p1a: Golduck|Golduck, L90, M|290/290\n|-ability|p1a: Golduck|Cloud Nine\n|turn|15\n|\n|t:|1733881440\n|move|p1a: Golduck|Hydro Pump|p2a: Vigoroth\n|-damage|p2a: Vigoroth|26/275\n|move|p2a: Vigoroth|Earthquake|p1a: Golduck\n|-damage|p1a: Golduck|112/290\n|\n|-heal|p1a: Golduck|130/290|[from] item: Leftovers\n|upkeep\n|turn|16\n|\n|t:|1733881449\n|move|p1a: Golduck|Hydro Pump|p2a: Vigoroth\n|-crit|p2a: Vigoroth\n|-damage|p2a: Vigoroth|0 fnt\n|faint|p2a: Vigoroth\n|\n|-heal|p1a: Golduck|148/290|[from] item: Leftovers\n|upkeep\n|\n|t:|1733881467\n|switch|p2a: Necrozma|Necrozma, L80|286/286\n|-activate|p2a: Necrozma|move: Sticky Web\n|-unboost|p2a: Necrozma|spe|1\n|turn|17\n|\n|t:|1733881479\n|move|p1a: Golduck|Nasty Plot|p1a: Golduck\n|-boost|p1a: Golduck|spa|2\n|move|p2a: Necrozma|Swords Dance|p2a: Necrozma\n|-boost|p2a: Necrozma|atk|2\n|\n|-heal|p1a: Golduck|166/290|[from] item: Leftovers\n|upkeep\n|turn|18\n|\n|t:|1733881487\n|move|p1a: Golduck|Encore|p2a: Necrozma\n|-start|p2a: Necrozma|Encore\n|move|p2a: Necrozma|Swords Dance|p2a: Necrozma\n|-boost|p2a: Necrozma|atk|2\n|\n|-heal|p1a: Golduck|184/290|[from] item: Leftovers\n|upkeep\n|turn|19\n|c|\u2606PearPerson|of course you have encore\n|\n|t:|1733881498\n|move|p1a: Golduck|Ice Beam|p2a: Necrozma\n|-crit|p2a: Necrozma\n|-damage|p2a: Necrozma|58/286\n|move|p2a: Necrozma|Swords Dance|p2a: Necrozma\n|-boost|p2a: Necrozma|atk|2\n|\n|-heal|p1a: Golduck|202/290|[from] item: Leftovers\n|upkeep\n|turn|20\n|\n|t:|1733881506\n|move|p1a: Golduck|Ice Beam|p2a: Necrozma\n|-damage|p2a: Necrozma|0 fnt\n|faint|p2a: Necrozma\n|\n|-heal|p1a: Golduck|220/290|[from] item: Leftovers\n|upkeep\n|\n|t:|1733881513\n|switch|p2a: Bruxish|Bruxish, L85, M|254/254\n|-activate|p2a: Bruxish|move: Sticky Web\n|-unboost|p2a: Bruxish|spe|1\n|turn|21\n|\n|t:|1733881521\n|move|p1a: Golduck|Encore||[still]\n|-fail|p1a: Golduck\n|move|p2a: Bruxish|Wave Crash|p1a: Golduck\n|-resisted|p1a: Golduck\n|-damage|p1a: Golduck|148/290\n|-damage|p2a: Bruxish|230/254|[from] Recoil\n|\n|-heal|p1a: Golduck|166/290|[from] item: Leftovers\n|upkeep\n|turn|22\n|\n|t:|1733881532\n|move|p1a: Golduck|Encore|p2a: Bruxish\n|-start|p2a: Bruxish|Encore\n|move|p2a: Bruxish|Wave Crash|p1a: Golduck\n|-resisted|p1a: Golduck\n|-damage|p1a: Golduck|100/290\n|-damage|p2a: Bruxish|208/254|[from] Recoil\n|\n|-heal|p1a: Golduck|118/290|[from] item: Leftovers\n|upkeep\n|turn|23\n|\n|t:|1733881544\n|switch|p1a: Venusaur|Venusaur, L84, M|93/272\n|move|p2a: Bruxish|Wave Crash|p1a: Venusaur\n|-resisted|p1a: Venusaur\n|-damage|p1a: Venusaur|18/272\n|-damage|p2a: Bruxish|183/254|[from] Recoil\n|\n|-heal|p1a: Venusaur|35/272|[from] item: Leftovers\n|upkeep\n|turn|24\n|\n|t:|1733881555\n|move|p2a: Bruxish|Wave Crash|p1a: Venusaur\n|-resisted|p1a: Venusaur\n|-damage|p1a: Venusaur|0 fnt\n|faint|p1a: Venusaur\n|-damage|p2a: Bruxish|171/254|[from] Recoil\n|\n|-end|p2a: Bruxish|Encore\n|upkeep\n|\n|t:|1733881562\n|switch|p1a: Tauros|Tauros, L82, M|257/257\n|turn|25\n|\n|t:|1733881567\n|move|p1a: Tauros|Close Combat|p2a: Bruxish\n|-resisted|p2a: Bruxish\n|-damage|p2a: Bruxish|106/254\n|-unboost|p1a: Tauros|def|1\n|-unboost|p1a: Tauros|spd|1\n|-damage|p1a: Tauros|232/257|[from] item: Life Orb\n|move|p2a: Bruxish|Wave Crash|p1a: Tauros\n|-damage|p1a: Tauros|42/257\n|-damage|p2a: Bruxish|43/254|[from] Recoil\n|\n|upkeep\n|turn|26\n|\n|t:|1733881577\n|move|p1a: Tauros|Body Slam|p2a: Bruxish\n|-damage|p2a: Bruxish|0 fnt\n|faint|p2a: Bruxish\n|\n|upkeep\n|\n|t:|1733881584\n|switch|p2a: Palossand|Palossand, L89, M|296/296\n|-activate|p2a: Palossand|move: Sticky Web\n|-unboost|p2a: Palossand|spe|1\n|turn|27\n|\n|t:|1733881608\n|move|p1a: Tauros|Body Slam|p2a: Palossand\n|-immune|p2a: Palossand\n|move|p2a: Palossand|Earth Power|p1a: Tauros\n|-damage|p1a: Tauros|0 fnt\n|faint|p1a: Tauros\n|\n|upkeep\n|\n|t:|1733881615\n|switch|p1a: Golduck|Golduck, L90, M|118/290\n|-ability|p1a: Golduck|Cloud Nine\n|turn|28\n|\n|t:|1733881627\n|-terastallize|p2a: Palossand|Poison\n|move|p1a: Golduck|Hydro Pump|p2a: Palossand\n|-damage|p2a: Palossand|151/296\n|-ability|p2a: Palossand|Water Compaction|boost\n|-boost|p2a: Palossand|def|2\n|move|p2a: Palossand|Sludge Bomb|p1a: Golduck\n|-damage|p1a: Golduck|16/290\n|-status|p1a: Golduck|psn\n|\n|-heal|p1a: Golduck|34/290 psn|[from] item: Leftovers\n|-heal|p2a: Palossand|169/296|[from] item: Leftovers\n|-damage|p1a: Golduck|0 fnt|[from] psn\n|faint|p1a: Golduck\n|upkeep\n|\n|t:|1733881638\n|switch|p1a: Vikavolt|Vikavolt, L83, F|196/263\n|turn|29\n|\n|t:|1733881665\n|switch|p2a: Ting-Lu|Ting-Lu, L78|370/370\n|-activate|p2a: Ting-Lu|move: Sticky Web\n|-unboost|p2a: Ting-Lu|spe|1\n|-ability|p2a: Ting-Lu|Vessel of Ruin\n|-terastallize|p1a: Vikavolt|Electric\n|move|p1a: Vikavolt|Bug Buzz|p2a: Ting-Lu\n|-supereffective|p2a: Ting-Lu\n|-damage|p2a: Ting-Lu|140/370\n|\n|-heal|p2a: Ting-Lu|163/370|[from] item: Leftovers\n|upkeep\n|turn|30\n|\n|t:|1733881678\n|move|p1a: Vikavolt|Energy Ball|p2a: Ting-Lu\n|-supereffective|p2a: Ting-Lu\n|-damage|p2a: Ting-Lu|13/370\n|move|p2a: Ting-Lu|Earthquake|p1a: Vikavolt\n|-immune|p1a: Vikavolt|[from] ability: Levitate\n|\n|-heal|p2a: Ting-Lu|36/370|[from] item: Leftovers\n|upkeep\n|turn|31\n|c|\u2606PearPerson|fuck i didnt ch3eck ability\n|\n|t:|1733881697\n|move|p1a: Vikavolt|Bug Buzz|p2a: Ting-Lu\n|-supereffective|p2a: Ting-Lu\n|-damage|p2a: Ting-Lu|0 fnt\n|faint|p2a: Ting-Lu\n|\n|upkeep\n|\n|t:|1733881702\n|switch|p2a: Dudunsparce|Dudunsparce-Three-Segment, L83, F|343/343\n|-activate|p2a: Dudunsparce|move: Sticky Web\n|-unboost|p2a: Dudunsparce|spe|1\n|turn|32\n|\n|t:|1733881717\n|move|p1a: Vikavolt|Discharge|p2a: Dudunsparce\n|-damage|p2a: Dudunsparce|167/343\n|move|p2a: Dudunsparce|Boomburst|p1a: Vikavolt\n|-damage|p1a: Vikavolt|51/263\n|\n|-heal|p2a: Dudunsparce|188/343|[from] item: Leftovers\n|upkeep\n|turn|33\n|\n|t:|1733881728\n|move|p1a: Vikavolt|Bug Buzz|p2a: Dudunsparce\n|-damage|p2a: Dudunsparce|31/343\n|-ability|p2a: Dudunsparce|Rattled|boost\n|-boost|p2a: Dudunsparce|spe|1\n|move|p2a: Dudunsparce|Boomburst|p1a: Vikavolt\n|-damage|p1a: Vikavolt|0 fnt\n|faint|p1a: Vikavolt\n|\n|win|PearPerson\n|raw|AlmiranteDwater's rating: 1045 &rarr; <strong>1030</strong><br />(-15 for losing)\n|raw|PearPerson's rating: 1079 &rarr; <strong>1104</strong><br />(+25 for winning)\n", "inputlog": ">version bfd83cad13791eb5a5a409923076391caf6fb4d4\n>start {\"formatid\":\"gen9randombattle\",\"seed\":[30777,11248,64102,9801],\"rated\":\"Rated battle\"}\n>player p1 {\"name\":\"AlmiranteDwater\",\"avatar\":\"lucas\",\"rating\":1045,\"seed\":[11126,64138,21455,41221]}\n>player p2 {\"name\":\"PearPerson\",\"avatar\":\"cynthia-masters\",\"rating\":1079,\"seed\":[10705,55107,47228,2555]}\n>p1 move discharge\n>p2 move flipturn\n>p2 switch 6\n>p1 move stickyweb\n>p2 move bulkup\n>p1 move discharge\n>p2 move bulkup\n>p1 switch 5\n>p2 move slackoff\n>p1 move sludgebomb\n>p2 move earthquake\n>p1 switch 3\n>p2 move slackoff\n>chat \u2606PearPerson|ah you have flame body huh\n>p1 move fireblast\n>p2 move bulkup\n>chat \u2606PearPerson|damn okay crit\n>p1 move gigadrain\n>p2 move slackoff\n>p1 move fireblast\n>p2 move bulkup\n>p1 move fireblast\n>p2 move slackoff\n>p1 move terablast\n>p2 move slackoff\n>p1 move fireblast\n>p2 move earthquake\n>p1 move fireblast\n>p2 move earthquake\n>p1 switch 6\n>p1 move closecombat\n>p2 move earthquake\n>p1 switch 2\n>p1 move hydropump\n>p2 move earthquake\n>p1 move hydropump\n>p2 move slackoff\n>p2 switch 3\n>p1 move nastyplot\n>p2 move swordsdance\n>p1 move encore\n>p2 move photongeyser\n>chat \u2606PearPerson|of course you have encore\n>p1 move icebeam\n>p2 move swordsdance\n>p1 move icebeam\n>p2 move swordsdance\n>p2 switch 6\n>p1 move encore\n>p2 move wavecrash\n>p1 move encore\n>p2 move wavecrash\n>p1 switch 3\n>p2 move wavecrash\n>p1 move synthesis\n>p2 move wavecrash\n>p1 switch 4\n>p1 move closecombat\n>p2 move wavecrash\n>p1 move bodyslam\n>p2 move wavecrash\n>p2 switch 4\n>p1 move bodyslam\n>p2 move earthpower\n>p1 switch 3\n>p1 move hydropump\n>p2 move sludgebomb terastallize\n>p1 switch 5\n>p1 move bugbuzz terastallize\n>p2 switch 5\n>p1 move energyball\n>p2 move earthquake\n>chat \u2606PearPerson|fuck i didnt ch3eck ability\n>p1 move bugbuzz\n>p2 move throatchop\n>p2 switch 2\n>p1 move discharge\n>p2 move boomburst\n>p1 move bugbuzz\n>p2 move boomburst", "uploadtime": 1733881741, "views": 4, "formatid": "gen9randombattle", "rating": 1030, "private": 0, "password": null}