{"id": "gen9randombattle-2260748212", "format": "[Gen 9] Random Battle", "players": ["Nightslash4", "ALOisgood"], "log": "|j|\u2606Nightslash4\n|j|\u2606ALOisgood\n|t:|1733886404\n|gametype|singles\n|player|p1|Nightslash4|gambler|1601\n|player|p2|ALOisgood|swimmer-gen4dp|1639\n|teamsize|p1|6\n|teamsize|p2|6\n|gen|9\n|tier|[Gen 9] Random Battle\n|rated|\n|rule|Species Clause: Limit one of each Pok\u00e9mon\n|rule|HP Percentage Mod: HP is shown in percentages\n|rule|Sleep Clause Mod: Limit one foe put to sleep\n|rule|Illusion Level Mod: Illusion disguises the Pok\u00e9mon's true level\n|\n|t:|1733886404\n|start\n|switch|p1a: Hitmontop|Hitmontop, L88, M|231/231\n|switch|p2a: Volcanion|Volcanion, L79|255/255\n|turn|1\n|c|\u2606ALOisgood|INTERESTING\n|\n|t:|1733886463\n|move|p1a: Hitmontop|Rapid Spin|p2a: Volcanion\n|-damage|p2a: Volcanion|210/255\n|-boost|p1a: Hitmontop|spe|1\n|move|p2a: Volcanion|Flame Charge|p1a: Hitmontop\n|-damage|p1a: Hitmontop|185/231\n|-boost|p2a: Volcanion|spe|1\n|\n|-heal|p1a: Hitmontop|199/231|[from] item: Leftovers\n|upkeep\n|turn|2\n|c|\u2606Nightslash4|indeed\n|c|\u2606ALOisgood|ah\n|c|\u2606ALOisgood|i thought that was a\n|c|\u2606ALOisgood|whats it called\n|c|\u2606ALOisgood|zoroark\n|c|\u2606ALOisgood|but nah, just had a different ability\n|c|\u2606ALOisgood|boring\n|\n|t:|1733886499\n|move|p1a: Hitmontop|Bulk Up|p1a: Hitmontop\n|-boost|p1a: Hitmontop|atk|1\n|-boost|p1a: Hitmontop|def|1\n|move|p2a: Volcanion|Steam Eruption|p1a: Hitmontop\n|-damage|p1a: Hitmontop|96/231\n|\n|-heal|p1a: Hitmontop|110/231|[from] item: Leftovers\n|upkeep\n|turn|3\n|c|\u2606Nightslash4|yep zoroak hasnt been switched in yet\n|\n|t:|1733886516\n|move|p1a: Hitmontop|Close Combat|p2a: Volcanion\n|-damage|p2a: Volcanion|39/255\n|-unboost|p1a: Hitmontop|def|1\n|-unboost|p1a: Hitmontop|spd|1\n|move|p2a: Volcanion|Flame Charge|p1a: Hitmontop\n|-damage|p1a: Hitmontop|62/231\n|-boost|p2a: Volcanion|spe|1\n|\n|-heal|p1a: Hitmontop|76/231|[from] item: Leftovers\n|upkeep\n|turn|4\n|c|\u2606ALOisgood|hahaha\n|\n|t:|1733886526\n|move|p2a: Volcanion|Flamethrower|p1a: Hitmontop\n|-damage|p1a: Hitmontop|0 fnt\n|faint|p1a: Hitmontop\n|\n|upkeep\n|c|\u2606ALOisgood|nice one\n|\n|t:|1733886538\n|switch|p1a: Glaceon|Glaceon, L94, F|275/275\n|turn|5\n|c|\u2606ALOisgood|alright, my volcaca is kinda dead\n|\n|t:|1733886550\n|move|p2a: Volcanion|Flamethrower|p1a: Glaceon\n|-supereffective|p1a: Glaceon\n|-damage|p1a: Glaceon|107/275\n|move|p1a: Glaceon|Freeze-Dry|p2a: Volcanion\n|-crit|p2a: Volcanion\n|-damage|p2a: Volcanion|0 fnt\n|faint|p2a: Volcanion\n|\n|upkeep\n|c|\u2606ALOisgood|i wish volcaca had recover\n|c|\u2606ALOisgood|dont you ? :)\n|\n|t:|1733886589\n|switch|p2a: Lunala|Lunala, L70|308/308\n|turn|6\n|\n|t:|1733886594\n|switch|p1a: Salazzle|Salazzle, L83, F|249/249\n|move|p2a: Lunala|Calm Mind|p2a: Lunala\n|-boost|p2a: Lunala|spa|1\n|-boost|p2a: Lunala|spd|1\n|\n|upkeep\n|turn|7\n|\n|t:|1733886609\n|switch|p2a: Clodsire|Clodsire, L81, F|343/343\n|move|p1a: Salazzle|Toxic|p2a: Clodsire\n|-status|p2a: Clodsire|tox\n|\n|-damage|p2a: Clodsire|322/343 tox|[from] psn\n|upkeep\n|turn|8\n|\n|t:|1733886618\n|move|p1a: Salazzle|Protect|p1a: Salazzle\n|-singleturn|p1a: Salazzle|Protect\n|move|p2a: Clodsire|Earthquake|p1a: Salazzle\n|-activate|p1a: Salazzle|move: Protect\n|\n|-heal|p2a: Clodsire|343/343 tox|[from] item: Leftovers\n|-damage|p2a: Clodsire|301/343 tox|[from] psn\n|upkeep\n|turn|9\n|\n|t:|1733886622\n|switch|p1a: Glaceon|Glaceon, L94, F|107/275\n|move|p2a: Clodsire|Earthquake|p1a: Glaceon\n|-damage|p1a: Glaceon|47/275\n|\n|-heal|p2a: Clodsire|322/343 tox|[from] item: Leftovers\n|-damage|p2a: Clodsire|259/343 tox|[from] psn\n|upkeep\n|turn|10\n|c|\u2606ALOisgood|bruh, a poision type should not be able to poison another poison type\n|c|\u2606ALOisgood|i don't want to hear it\n|\n|t:|1733886641\n|switch|p2a: Lunala|Lunala, L70|308/308\n|move|p1a: Glaceon|Wish|p1a: Glaceon\n|\n|upkeep\n|turn|11\n|\n|t:|1733886657\n|switch|p1a: Salazzle|Salazzle, L83, F|249/249\n|move|p2a: Lunala|Moonlight|p2a: Lunala\n|-fail|p2a: Lunala|heal\n|\n|upkeep\n|turn|12\n|\n|t:|1733886666\n|move|p1a: Salazzle|Substitute|p1a: Salazzle\n|-start|p1a: Salazzle|Substitute\n|-damage|p1a: Salazzle|187/249\n|move|p2a: Lunala|Moongeist Beam|p1a: Salazzle\n|-end|p1a: Salazzle|Substitute\n|\n|-heal|p1a: Salazzle|202/249|[from] item: Leftovers\n|upkeep\n|turn|13\n|c|\u2606ALOisgood|i mean to press another thing..\n|\n|t:|1733886686\n|move|p1a: Salazzle|Toxic|p2a: Lunala\n|-status|p2a: Lunala|tox\n|move|p2a: Lunala|Moongeist Beam|p1a: Salazzle\n|-damage|p1a: Salazzle|72/249\n|\n|-heal|p1a: Salazzle|87/249|[from] item: Leftovers\n|-damage|p2a: Lunala|289/308 tox|[from] psn\n|upkeep\n|turn|14\n|c|\u2606Nightslash4|unfort\n|c|\u2606ALOisgood|omg\n|c|\u2606ALOisgood|i hate this thing\n|\n|t:|1733886709\n|move|p1a: Salazzle|Protect|p1a: Salazzle\n|-singleturn|p1a: Salazzle|Protect\n|move|p2a: Lunala|Moongeist Beam|p1a: Salazzle\n|-activate|p1a: Salazzle|move: Protect\n|\n|-heal|p1a: Salazzle|102/249|[from] item: Leftovers\n|-heal|p2a: Lunala|308/308 tox|[from] item: Leftovers\n|-damage|p2a: Lunala|270/308 tox|[from] psn\n|upkeep\n|turn|15\n|\n|t:|1733886712\n|move|p1a: Salazzle|Substitute|p1a: Salazzle\n|-start|p1a: Salazzle|Substitute\n|-damage|p1a: Salazzle|40/249\n|move|p2a: Lunala|Moongeist Beam|p1a: Salazzle\n|-end|p1a: Salazzle|Substitute\n|\n|-heal|p1a: Salazzle|55/249|[from] item: Leftovers\n|-heal|p2a: Lunala|289/308 tox|[from] item: Leftovers\n|-damage|p2a: Lunala|232/308 tox|[from] psn\n|upkeep\n|turn|16\n|c|\u2606ALOisgood|yea yea\n|\n|t:|1733886717\n|move|p1a: Salazzle|Protect|p1a: Salazzle\n|-singleturn|p1a: Salazzle|Protect\n|move|p2a: Lunala|Moongeist Beam|p1a: Salazzle\n|-activate|p1a: Salazzle|move: Protect\n|\n|-heal|p1a: Salazzle|70/249|[from] item: Leftovers\n|-heal|p2a: Lunala|251/308 tox|[from] item: Leftovers\n|-damage|p2a: Lunala|175/308 tox|[from] psn\n|upkeep\n|turn|17\n|\n|t:|1733886725\n|move|p1a: Salazzle|Substitute|p1a: Salazzle\n|-start|p1a: Salazzle|Substitute\n|-damage|p1a: Salazzle|8/249\n|move|p2a: Lunala|Moongeist Beam|p1a: Salazzle\n|-end|p1a: Salazzle|Substitute\n|\n|-heal|p1a: Salazzle|23/249|[from] item: Leftovers\n|-heal|p2a: Lunala|194/308 tox|[from] item: Leftovers\n|-damage|p2a: Lunala|99/308 tox|[from] psn\n|upkeep\n|turn|18\n|\n|t:|1733886728\n|move|p1a: Salazzle|Protect|p1a: Salazzle\n|-singleturn|p1a: Salazzle|Protect\n|move|p2a: Lunala|Moongeist Beam|p1a: Salazzle\n|-activate|p1a: Salazzle|move: Protect\n|\n|-heal|p1a: Salazzle|38/249|[from] item: Leftovers\n|-heal|p2a: Lunala|118/308 tox|[from] item: Leftovers\n|-damage|p2a: Lunala|4/308 tox|[from] psn\n|upkeep\n|turn|19\n|\n|t:|1733886733\n|move|p1a: Salazzle|Flamethrower|p2a: Lunala\n|-damage|p2a: Lunala|0 fnt\n|faint|p2a: Lunala\n|\n|-heal|p1a: Salazzle|53/249|[from] item: Leftovers\n|upkeep\n|c|\u2606ALOisgood|i know your routine\n|\n|t:|1733886752\n|switch|p2a: Clodsire|Clodsire, L81, F|259/343 tox\n|turn|20\n|\n|t:|1733886755\n|move|p1a: Salazzle|Protect|p1a: Salazzle\n|-singleturn|p1a: Salazzle|Protect\n|move|p2a: Clodsire|Earthquake|p1a: Salazzle\n|-activate|p1a: Salazzle|move: Protect\n|\n|-heal|p1a: Salazzle|68/249|[from] item: Leftovers\n|-heal|p2a: Clodsire|280/343 tox|[from] item: Leftovers\n|-damage|p2a: Clodsire|259/343 tox|[from] psn\n|upkeep\n|turn|21\n|\n|t:|1733886759\n|switch|p1a: Glaceon|Glaceon, L94, F|47/275\n|move|p2a: Clodsire|Earthquake|p1a: Glaceon\n|-damage|p1a: Glaceon|0 fnt\n|faint|p1a: Glaceon\n|\n|-heal|p2a: Clodsire|280/343 tox|[from] item: Leftovers\n|-damage|p2a: Clodsire|238/343 tox|[from] psn\n|upkeep\n|\n|t:|1733886763\n|switch|p1a: Iron Jugulis|Iron Jugulis, L78|275/275\n|turn|22\n|c|\u2606ALOisgood|i need that salazzle dead\n|\n|t:|1733886775\n|switch|p2a: Articuno|Articuno, L86|295/295\n|-ability|p2a: Articuno|Pressure\n|move|p1a: Iron Jugulis|Earth Power|p2a: Articuno\n|-immune|p2a: Articuno\n|\n|upkeep\n|turn|23\n|\n|t:|1733886786\n|-end|p1a: Iron Jugulis|Quark Drive|[silent]\n|switch|p1a: Pikachu|Pikachu-Partner, L93, M|216/216\n|move|p2a: Articuno|Freeze-Dry|p1a: Pikachu\n|-damage|p1a: Pikachu|120/216\n|-status|p1a: Pikachu|frz\n|\n|upkeep\n|turn|24\n|\n|t:|1733886795\n|cant|p1a: Pikachu|frz\n|move|p2a: Articuno|Substitute|p2a: Articuno\n|-start|p2a: Articuno|Substitute\n|-damage|p2a: Articuno|222/295\n|\n|upkeep\n|turn|25\n|c|\u2606ALOisgood|YES\n|c|\u2606ALOisgood|hourrah\n|c|\u2606Nightslash4|lol\n|\n|t:|1733886803\n|cant|p1a: Pikachu|frz\n|move|p2a: Articuno|Freeze-Dry|p1a: Pikachu\n|-damage|p1a: Pikachu|21/216 frz\n|\n|upkeep\n|turn|26\n|\n|t:|1733886808\n|cant|p1a: Pikachu|frz\n|move|p2a: Articuno|Freeze-Dry|p1a: Pikachu\n|-damage|p1a: Pikachu|0 fnt\n|faint|p1a: Pikachu\n|\n|upkeep\n|c|\u2606ALOisgood|die you creature !\n|\n|t:|1733886812\n|switch|p1a: Groudon|Groudon, L72|263/263\n|-weather|SunnyDay|[from] ability: Drought|[of] p1a: Groudon\n|turn|27\n|\n|t:|1733886823\n|move|p2a: Articuno|Freeze-Dry|p1a: Groudon\n|-supereffective|p1a: Groudon\n|-damage|p1a: Groudon|93/263\n|move|p1a: Groudon|Roar|p2a: Articuno\n|drag|p2a: Zekrom|Zekrom, L71|259/259\n|-ability|p2a: Zekrom|Teravolt\n|\n|-weather|SunnyDay|[upkeep]\n|-heal|p1a: Groudon|109/263|[from] item: Leftovers\n|upkeep\n|turn|28\n|\n|t:|1733886843\n|switch|p2a: Clodsire|Clodsire, L81, F|238/343 tox\n|move|p1a: Groudon|Precipice Blades|p2a: Clodsire\n|-supereffective|p2a: Clodsire\n|-damage|p2a: Clodsire|0 fnt\n|faint|p2a: Clodsire\n|\n|-weather|SunnyDay|[upkeep]\n|-heal|p1a: Groudon|125/263|[from] item: Leftovers\n|upkeep\n|\n|t:|1733886847\n|switch|p2a: Feraligatr|Feraligatr, L79, M|264/264\n|turn|29\n|\n|t:|1733886855\n|switch|p1a: Iron Jugulis|Iron Jugulis, L78|275/275\n|move|p2a: Feraligatr|Dragon Dance|p2a: Feraligatr\n|-boost|p2a: Feraligatr|atk|1\n|-boost|p2a: Feraligatr|spe|1\n|\n|-weather|SunnyDay|[upkeep]\n|upkeep\n|turn|30\n|\n|t:|1733886884\n|-end|p1a: Iron Jugulis|Quark Drive|[silent]\n|switch|p1a: Groudon|Groudon, L72|125/263\n|move|p2a: Feraligatr|Dragon Dance|p2a: Feraligatr\n|-boost|p2a: Feraligatr|atk|1\n|-boost|p2a: Feraligatr|spe|1\n|\n|-weather|SunnyDay|[upkeep]\n|-heal|p1a: Groudon|141/263|[from] item: Leftovers\n|upkeep\n|turn|31\n|c|\u2606ALOisgood|ICE PUNCH TO THE WIN BABE\n|\n|t:|1733886890\n|move|p2a: Feraligatr|Ice Punch|p1a: Groudon\n|-supereffective|p1a: Groudon\n|-damage|p1a: Groudon|0 fnt\n|faint|p1a: Groudon\n|\n|-weather|none\n|upkeep\n|\n|t:|1733886894\n|switch|p1a: Salazzle|Salazzle, L83, F|68/249\n|turn|32\n|\n|t:|1733886900\n|-terastallize|p1a: Salazzle|Grass\n|move|p2a: Feraligatr|Liquidation|p1a: Salazzle\n|-resisted|p1a: Salazzle\n|-damage|p1a: Salazzle|0 fnt\n|faint|p1a: Salazzle\n|\n|upkeep\n|\n|t:|1733886904\n|switch|p1a: Iron Jugulis|Iron Jugulis, L78|275/275\n|turn|33\n|\n|t:|1733886907\n|move|p2a: Feraligatr|Ice Punch|p1a: Iron Jugulis\n|-supereffective|p1a: Iron Jugulis\n|-damage|p1a: Iron Jugulis|0 fnt\n|faint|p1a: Iron Jugulis\n|-end|p1a: Iron Jugulis|Quark Drive|[silent]\n|\n|win|ALOisgood\n", "inputlog": ">version bfd83cad13791eb5a5a409923076391caf6fb4d4\n>start {\"formatid\":\"gen9randombattle\",\"seed\":[15014,26349,54733,52170],\"rated\":\"Rated battle\"}\n>player p1 {\"name\":\"Nightslash4\",\"avatar\":\"gambler\",\"rating\":1601,\"seed\":[11697,21941,57734,49713]}\n>player p2 {\"name\":\"ALOisgood\",\"avatar\":\"swimmer-gen4dp\",\"rating\":1639,\"seed\":[111,10700,3823,4847]}\n>chat \u2606ALOisgood|INTERESTING\n>p1 move rapidspin\n>p2 move flamecharge\n>chat \u2606Nightslash4|indeed\n>chat \u2606ALOisgood|ah\n>chat \u2606ALOisgood|i thought that was a\n>chat \u2606ALOisgood|whats it called\n>chat \u2606ALOisgood|zoroark\n>chat \u2606ALOisgood|but nah, just had a different ability\n>chat \u2606ALOisgood|boring\n>p1 move bulkup\n>p2 move steameruption\n>chat \u2606Nightslash4|yep zoroak hasnt been switched in yet\n>p1 move closecombat\n>p2 move flamecharge\n>chat \u2606ALOisgood|hahaha\n>p1 move rapidspin\n>p2 move flamethrower\n>chat \u2606ALOisgood|nice one\n>p1 switch 3\n>chat \u2606ALOisgood|alright, my volcaca is kinda dead\n>p1 move freezedry\n>p2 move flamethrower\n>chat \u2606ALOisgood|i wish volcaca had recover\n>chat \u2606ALOisgood|dont you ? :)\n>p2 switch 3\n>p1 switch 4\n>p2 move calmmind\n>p1 move toxic\n>p2 switch 5\n>p1 move protect\n>p2 move earthquake\n>p1 switch 4\n>p2 move earthquake\n>chat \u2606ALOisgood|bruh, a poision type should not be able to poison another poison type\n>chat \u2606ALOisgood|i don't want to hear it\n>p1 move wish\n>p2 switch 5\n>p1 switch 4\n>p2 move moonlight\n>p1 move substitute\n>p2 move moongeistbeam\n>chat \u2606ALOisgood|i mean to press another thing..\n>p1 move toxic\n>p2 move moongeistbeam\n>chat \u2606Nightslash4|unfort\n>chat \u2606ALOisgood|omg\n>chat \u2606ALOisgood|i hate this thing\n>p1 move protect\n>p2 move moongeistbeam\n>p1 move substitute\n>p2 move moongeistbeam\n>chat \u2606ALOisgood|yea yea\n>p1 move protect\n>p2 move moongeistbeam\n>p1 move substitute\n>p2 move moongeistbeam\n>p1 move protect\n>p2 move moongeistbeam\n>p1 move flamethrower\n>p2 move moongeistbeam\n>chat \u2606ALOisgood|i know your routine\n>p2 switch 5\n>p1 move protect\n>p2 move earthquake\n>p1 switch 4\n>p2 move earthquake\n>p1 switch 5\n>chat \u2606ALOisgood|i need that salazzle dead\n>p1 move earthpower\n>p2 switch 4\n>p1 switch 2\n>p2 move freezedry\n>p1 move volttackle\n>p2 move substitute\n>chat \u2606ALOisgood|YES\n>chat \u2606ALOisgood|hourrah\n>chat \u2606Nightslash4|lol\n>p1 move voltswitch\n>p2 move freezedry\n>p1 move voltswitch\n>p2 move freezedry\n>chat \u2606ALOisgood|die you creature !\n>p1 switch 6\n>p1 move roar\n>p2 move freezedry\n>p1 move precipiceblades\n>p2 switch 4\n>p2 switch 6\n>p1 switch 2\n>p2 move dragondance\n>p1 switch 2\n>p2 move dragondance\n>chat \u2606ALOisgood|ICE PUNCH TO THE WIN BABE\n>p1 move roar\n>p2 move icepunch\n>p1 switch 4\n>p1 move toxic terastallize\n>p2 move liquidation\n>p1 switch 2\n>p1 move hurricane\n>p2 move icepunch", "uploadtime": 1733886812, "views": 7, "formatid": "gen9randombattle", "rating": null, "private": 0, "password": null}