{"id": "gen9randombattle-2214869206", "format": "[Gen 9] Random Battle", "players": ["rl4t sugar daddy", "aesf"], "log": "|raw|<div class=\"broadcast-blue\"><strong>This battle is required to be public due to a player having a name starting with 'rl4t'.</div>\n|j|\u203drl4t sugar daddy\n|j|\u2606aesf\n|t:|1727940089\n|gametype|singles\n|player|p1|rl4t sugar daddy|lucas|2269\n|player|p2|aesf|#wcop2024ussouth|2249\n|teamsize|p1|6\n|teamsize|p2|6\n|gen|9\n|tier|[Gen 9] Random Battle\n|rated|\n|rule|Species Clause: Limit one of each Pok\u00e9mon\n|rule|HP Percentage Mod: HP is shown in percentages\n|rule|Sleep Clause Mod: Limit one foe put to sleep\n|rule|Illusion Level Mod: Illusion disguises the Pok\u00e9mon's true level\n|\n|t:|1727940089\n|start\n|switch|p1a: Azumarill|Azumarill, L82, M|298/298\n|switch|p2a: Volbeat|Volbeat, L90, M|263/263\n|turn|1\n|inactive|Battle timer is ON: inactive players will automatically lose when time's up. (requested by rl4t sugar daddy)\n|\n|t:|1727940116\n|switch|p1a: Ursaluna|Ursaluna, L79, F|335/335\n|move|p2a: Volbeat|Thunder Wave|p1a: Ursaluna\n|-immune|p1a: Ursaluna\n|\n|-status|p1a: Ursaluna|brn|[from] item: Flame Orb\n|upkeep\n|turn|2\n|\n|t:|1727940138\n|move|p2a: Volbeat|U-turn|p1a: Ursaluna\n|-damage|p1a: Ursaluna|266/335 brn\n|\n|t:|1727940142\n|switch|p2a: Incineroar|Incineroar, L83, F|293/293|[from] U-turn\n|-ability|p2a: Incineroar|Intimidate|boost\n|-unboost|p1a: Ursaluna|atk|1\n|move|p1a: Ursaluna|Facade|p2a: Incineroar\n|-damage|p2a: Incineroar|107/293\n|\n|-damage|p1a: Ursaluna|246/335 brn|[from] brn\n|upkeep\n|turn|3\n|\n|t:|1727940149\n|switch|p1a: Azumarill|Azumarill, L82, M|298/298\n|move|p2a: Incineroar|Flare Blitz|p1a: Azumarill\n|-resisted|p1a: Azumarill\n|-damage|p1a: Azumarill|217/298\n|-damage|p2a: Incineroar|80/293|[from] Recoil\n|\n|upkeep\n|turn|4\n|\n|t:|1727940163\n|move|p2a: Incineroar|Will-O-Wisp|p1a: Azumarill\n|-status|p1a: Azumarill|brn\n|move|p1a: Azumarill|Liquidation|p2a: Incineroar\n|-supereffective|p2a: Incineroar\n|-damage|p2a: Incineroar|0 fnt\n|faint|p2a: Incineroar\n|\n|-damage|p1a: Azumarill|199/298 brn|[from] brn\n|upkeep\n|\n|t:|1727940179\n|switch|p2a: Torterra|Torterra, L78, M|276/276\n|turn|5\n|inactive|rl4t sugar daddy has 120 seconds left.\n|\n|t:|1727940232\n|switch|p1a: Spiritomb|Spiritomb, L89, F|234/234\n|move|p2a: Torterra|Shell Smash|p2a: Torterra\n|-unboost|p2a: Torterra|def|1\n|-unboost|p2a: Torterra|spd|1\n|-boost|p2a: Torterra|atk|2\n|-boost|p2a: Torterra|spa|2\n|-boost|p2a: Torterra|spe|2\n|\n|upkeep\n|turn|6\n|\n|t:|1727940245\n|-terastallize|p2a: Torterra|Ground\n|move|p2a: Torterra|Headlong Rush|p1a: Spiritomb\n|-crit|p1a: Spiritomb\n|-damage|p1a: Spiritomb|0 fnt\n|-unboost|p2a: Torterra|def|1\n|-unboost|p2a: Torterra|spd|1\n|faint|p1a: Spiritomb\n|\n|upkeep\n|\n|t:|1727940250\n|switch|p1a: Zamazenta|Zamazenta, L71|248/248\n|-ability|p1a: Zamazenta|Dauntless Shield|boost\n|-boost|p1a: Zamazenta|def|1\n|turn|7\n|\n|t:|1727940257\n|switch|p2a: Volbeat|Volbeat, L90, M|263/263\n|move|p1a: Zamazenta|Body Press|p2a: Volbeat\n|-resisted|p2a: Volbeat\n|-damage|p2a: Volbeat|212/263\n|\n|upkeep\n|turn|8\n|\n|t:|1727940269\n|switch|p1a: Ursaluna|Ursaluna, L79, F|246/335 brn\n|move|p2a: Volbeat|U-turn|p1a: Ursaluna\n|-damage|p1a: Ursaluna|179/335 brn\n|\n|t:|1727940287\n|switch|p2a: Hariyama|Hariyama, L87, M|392/392|[from] U-turn\n|\n|-damage|p1a: Ursaluna|159/335 brn|[from] brn\n|-status|p2a: Hariyama|brn|[from] item: Flame Orb\n|upkeep\n|turn|9\n|inactive|rl4t sugar daddy has 120 seconds left.\n|\n|t:|1727940293\n|switch|p1a: Azumarill|Azumarill, L82, M|199/298 brn\n|move|p2a: Hariyama|Close Combat|p1a: Azumarill\n|-resisted|p1a: Azumarill\n|-damage|p1a: Azumarill|79/298 brn\n|-unboost|p2a: Hariyama|def|1\n|-unboost|p2a: Hariyama|spd|1\n|\n|-damage|p2a: Hariyama|368/392 brn|[from] brn\n|-damage|p1a: Azumarill|61/298 brn|[from] brn\n|upkeep\n|turn|10\n|\n|t:|1727940309\n|move|p1a: Azumarill|Aqua Jet|p2a: Hariyama\n|-damage|p2a: Hariyama|293/392 brn\n|move|p2a: Hariyama|Facade|p1a: Azumarill\n|-damage|p1a: Azumarill|0 fnt\n|faint|p1a: Azumarill\n|\n|-damage|p2a: Hariyama|269/392 brn|[from] brn\n|upkeep\n|\n|t:|1727940313\n|switch|p1a: Raichu|Raichu-Alola, L87, M|246/246\n|turn|11\n|\n|t:|1727940329\n|move|p1a: Raichu|Psyshock|p2a: Hariyama\n|-supereffective|p2a: Hariyama\n|-damage|p2a: Hariyama|0 fnt\n|faint|p2a: Hariyama\n|-damage|p1a: Raichu|222/246|[from] item: Life Orb\n|\n|upkeep\n|\n|t:|1727940339\n|switch|p2a: Torterra|Torterra, L78, M, tera:Ground|276/276\n|turn|12\n|\n|t:|1727940346\n|-terastallize|p1a: Raichu|Grass\n|move|p1a: Raichu|Grass Knot|p2a: Torterra\n|-supereffective|p2a: Torterra\n|-damage|p2a: Torterra|0 fnt\n|faint|p2a: Torterra\n|-damage|p1a: Raichu|198/246|[from] item: Life Orb\n|\n|upkeep\n|\n|t:|1727940361\n|switch|p2a: Volbeat|Volbeat, L90, M|212/263\n|turn|13\n|\n|t:|1727940367\n|switch|p1a: Ursaluna|Ursaluna, L79, F|159/335 brn\n|move|p2a: Volbeat|U-turn|p1a: Ursaluna\n|-damage|p1a: Ursaluna|95/335 brn\n|\n|t:|1727940387\n|switch|p2a: Swanna|Swanna, L88, F|275/275|[from] U-turn\n|\n|-damage|p1a: Ursaluna|75/335 brn|[from] brn\n|upkeep\n|turn|14\n|\n|t:|1727940395\n|move|p2a: Swanna|Brave Bird|p1a: Ursaluna\n|-damage|p1a: Ursaluna|0 fnt\n|faint|p1a: Ursaluna\n|-damage|p2a: Swanna|250/275|[from] Recoil\n|\n|upkeep\n|\n|t:|1727940397\n|switch|p1a: Raichu|Raichu-Alola, L87, M, tera:Grass|198/246\n|turn|15\n|\n|t:|1727940401\n|switch|p2a: Volbeat|Volbeat, L90, M|212/263\n|move|p1a: Raichu|Thunderbolt|p2a: Volbeat\n|-damage|p2a: Volbeat|76/263\n|-damage|p1a: Raichu|174/246|[from] item: Life Orb\n|\n|upkeep\n|turn|16\n|\n|t:|1727940409\n|move|p2a: Volbeat|Thunder Wave|p1a: Raichu\n|-status|p1a: Raichu|par\n|move|p1a: Raichu|Thunderbolt|p2a: Volbeat\n|-damage|p2a: Volbeat|0 fnt\n|faint|p2a: Volbeat\n|-damage|p1a: Raichu|150/246 par|[from] item: Life Orb\n|\n|upkeep\n|\n|t:|1727940412\n|switch|p2a: Swanna|Swanna, L88, F|250/275\n|turn|17\n|\n|t:|1727940417\n|move|p2a: Swanna|Brave Bird|p1a: Raichu\n|-supereffective|p1a: Raichu\n|-damage|p1a: Raichu|0 fnt\n|faint|p1a: Raichu\n|-damage|p2a: Swanna|200/275|[from] Recoil\n|\n|upkeep\n|\n|t:|1727940425\n|switch|p1a: Zamazenta|Zamazenta, L71|248/248\n|turn|18\n|\n|t:|1727940430\n|move|p1a: Zamazenta|Iron Defense|p1a: Zamazenta\n|-boost|p1a: Zamazenta|def|2\n|move|p2a: Swanna|Roost|p2a: Swanna\n|-heal|p2a: Swanna|275/275\n|-singleturn|p2a: Swanna|move: Roost\n|\n|upkeep\n|turn|19\n|\n|t:|1727940437\n|move|p1a: Zamazenta|Iron Defense|p1a: Zamazenta\n|-boost|p1a: Zamazenta|def|2\n|move|p2a: Swanna|Hydro Pump|p1a: Zamazenta\n|-damage|p1a: Zamazenta|139/248\n|\n|-heal|p1a: Zamazenta|154/248|[from] item: Leftovers\n|upkeep\n|turn|20\n|\n|t:|1727940443\n|move|p1a: Zamazenta|Body Press|p2a: Swanna\n|-resisted|p2a: Swanna\n|-damage|p2a: Swanna|146/275\n|move|p2a: Swanna|Hydro Pump|p1a: Zamazenta\n|-damage|p1a: Zamazenta|34/248\n|\n|-heal|p1a: Zamazenta|49/248|[from] item: Leftovers\n|upkeep\n|turn|21\n|\n|t:|1727940449\n|move|p1a: Zamazenta|Body Press|p2a: Swanna\n|-resisted|p2a: Swanna\n|-damage|p2a: Swanna|12/275\n|move|p2a: Swanna|Brave Bird|p1a: Zamazenta\n|-supereffective|p1a: Zamazenta\n|-damage|p1a: Zamazenta|0 fnt\n|faint|p1a: Zamazenta\n|-damage|p2a: Swanna|0 fnt|[from] Recoil\n|faint|p2a: Swanna\n|\n|upkeep\n|\n|t:|1727940452\n|switch|p1a: Rhyperior|Rhyperior, L82, F|323/323\n|switch|p2a: Cresselia|Cresselia, L80, F|323/323\n|turn|22\n|\n|t:|1727940458\n|move|p2a: Cresselia|Calm Mind|p2a: Cresselia\n|-boost|p2a: Cresselia|spa|1\n|-boost|p2a: Cresselia|spd|1\n|move|p1a: Rhyperior|Megahorn|p2a: Cresselia\n|-supereffective|p2a: Cresselia\n|-damage|p2a: Cresselia|147/323\n|\n|-heal|p2a: Cresselia|167/323|[from] item: Leftovers\n|upkeep\n|turn|23\n|\n|t:|1727940469\n|move|p2a: Cresselia|Moonlight|p2a: Cresselia\n|-heal|p2a: Cresselia|323/323\n|move|p1a: Rhyperior|Megahorn|p2a: Cresselia\n|-supereffective|p2a: Cresselia\n|-damage|p2a: Cresselia|129/323\n|\n|-heal|p2a: Cresselia|149/323|[from] item: Leftovers\n|upkeep\n|turn|24\n|\n|t:|1727940472\n|move|p2a: Cresselia|Moonlight|p2a: Cresselia\n|-heal|p2a: Cresselia|310/323\n|move|p1a: Rhyperior|Megahorn|p2a: Cresselia\n|-supereffective|p2a: Cresselia\n|-damage|p2a: Cresselia|128/323\n|\n|-heal|p2a: Cresselia|148/323|[from] item: Leftovers\n|upkeep\n|turn|25\n|\n|t:|1727940475\n|move|p2a: Cresselia|Moonlight|p2a: Cresselia\n|-heal|p2a: Cresselia|309/323\n|move|p1a: Rhyperior|Megahorn|p2a: Cresselia\n|-supereffective|p2a: Cresselia\n|-damage|p2a: Cresselia|121/323\n|\n|-heal|p2a: Cresselia|141/323|[from] item: Leftovers\n|upkeep\n|turn|26\n|\n|t:|1727940477\n|move|p2a: Cresselia|Moonlight|p2a: Cresselia\n|-heal|p2a: Cresselia|302/323\n|move|p1a: Rhyperior|Megahorn|p2a: Cresselia\n|-supereffective|p2a: Cresselia\n|-damage|p2a: Cresselia|120/323\n|\n|-heal|p2a: Cresselia|140/323|[from] item: Leftovers\n|upkeep\n|turn|27\n|\n|t:|1727940480\n|move|p2a: Cresselia|Moonlight|p2a: Cresselia\n|-heal|p2a: Cresselia|301/323\n|move|p1a: Rhyperior|Megahorn|p2a: Cresselia|[miss]\n|-miss|p1a: Rhyperior|p2a: Cresselia\n|\n|-heal|p2a: Cresselia|321/323|[from] item: Leftovers\n|upkeep\n|turn|28\n|\n|t:|1727940482\n|move|p2a: Cresselia|Calm Mind|p2a: Cresselia\n|-boost|p2a: Cresselia|spa|1\n|-boost|p2a: Cresselia|spd|1\n|move|p1a: Rhyperior|Megahorn|p2a: Cresselia\n|-supereffective|p2a: Cresselia\n|-crit|p2a: Cresselia\n|-damage|p2a: Cresselia|39/323\n|\n|-heal|p2a: Cresselia|59/323|[from] item: Leftovers\n|upkeep\n|turn|29\n|\n|t:|1727940486\n|move|p2a: Cresselia|Moonlight|p2a: Cresselia\n|-heal|p2a: Cresselia|220/323\n|move|p1a: Rhyperior|Megahorn|p2a: Cresselia\n|-supereffective|p2a: Cresselia\n|-damage|p2a: Cresselia|20/323\n|\n|-heal|p2a: Cresselia|40/323|[from] item: Leftovers\n|upkeep\n|turn|30\n|\n|t:|1727940488\n|move|p2a: Cresselia|Moonlight|p2a: Cresselia\n|-heal|p2a: Cresselia|201/323\n|move|p1a: Rhyperior|Megahorn|p2a: Cresselia\n|-supereffective|p2a: Cresselia\n|-damage|p2a: Cresselia|21/323\n|\n|-heal|p2a: Cresselia|41/323|[from] item: Leftovers\n|upkeep\n|turn|31\n|\n|t:|1727940490\n|move|p2a: Cresselia|Moonlight|p2a: Cresselia\n|-heal|p2a: Cresselia|202/323\n|move|p1a: Rhyperior|Megahorn|p2a: Cresselia\n|-supereffective|p2a: Cresselia\n|-damage|p2a: Cresselia|14/323\n|\n|-heal|p2a: Cresselia|34/323|[from] item: Leftovers\n|upkeep\n|turn|32\n|\n|t:|1727940493\n|move|p2a: Cresselia|Psyshock|p1a: Rhyperior\n|-damage|p1a: Rhyperior|223/323\n|move|p1a: Rhyperior|Megahorn|p2a: Cresselia|[miss]\n|-miss|p1a: Rhyperior|p2a: Cresselia\n|\n|-heal|p2a: Cresselia|54/323|[from] item: Leftovers\n|upkeep\n|turn|33\n|\n|t:|1727940497\n|move|p2a: Cresselia|Psyshock|p1a: Rhyperior\n|-damage|p1a: Rhyperior|123/323\n|move|p1a: Rhyperior|Megahorn|p2a: Cresselia\n|-supereffective|p2a: Cresselia\n|-damage|p2a: Cresselia|0 fnt\n|faint|p2a: Cresselia\n|\n|win|rl4t sugar daddy\n|raw|rl4t sugar daddy's rating: 2269 &rarr; <strong>2288</strong><br />(+19 for winning)\n|raw|aesf's rating: 2249 &rarr; <strong>2230</strong><br />(-19 for losing)\n", "inputlog": ">version 86ae7daf8e420bb3f6c82a6a988ddcc1b1aa7e58\n>start {\"formatid\":\"gen9randombattle\",\"seed\":[45966,29154,51525,1134],\"rated\":\"Rated battle\"}\n>player p1 {\"name\":\"rl4t sugar daddy\",\"avatar\":\"lucas\",\"rating\":2269,\"seed\":[61494,8584,10212,46949]}\n>player p2 {\"name\":\"aesf\",\"avatar\":\"#wcop2024ussouth\",\"rating\":2249,\"seed\":[63827,51794,59,25191]}\n>p1 switch 4\n>p2 move thunderwave\n>p1 move facade\n>p2 move uturn\n>p2 switch 6\n>p1 switch 4\n>p2 move flareblitz\n>p1 move liquidation\n>p2 move willowisp\n>p2 switch 4\n>p1 switch 3\n>p2 move shellsmash\n>p1 move foulplay\n>p2 move headlongrush terastallize\n>p1 switch 2\n>p1 move bodypress\n>p2 switch 6\n>p1 switch 4\n>p2 move uturn\n>p2 switch 5\n>p1 switch 3\n>p2 move closecombat\n>p1 move aquajet\n>p2 move facade\n>p1 switch 6\n>p1 move psyshock\n>p2 move knockoff\n>p2 switch 6\n>p1 move grassknot terastallize\n>p2 move shellsmash\n>p2 switch 5\n>p1 switch 3\n>p2 move uturn\n>p2 switch 2\n>p1 move facade\n>p2 move bravebird\n>p1 switch 3\n>p1 move thunderbolt\n>p2 switch 2\n>p1 move thunderbolt\n>p2 move thunderwave\n>p2 switch 2\n>p1 move thunderbolt\n>p2 move bravebird\n>p1 switch 4\n>p1 move irondefense\n>p2 move roost\n>p1 move irondefense\n>p2 move hydropump\n>p1 move bodypress\n>p2 move hydropump\n>p1 move bodypress\n>p2 move bravebird\n>p1 switch 5\n>p2 switch 3\n>p1 move megahorn\n>p2 move calmmind\n>p1 move megahorn\n>p2 move moonlight\n>p1 move megahorn\n>p2 move moonlight\n>p1 move megahorn\n>p2 move moonlight\n>p1 move megahorn\n>p2 move moonlight\n>p1 move megahorn\n>p2 move moonlight\n>p1 move megahorn\n>p2 move calmmind\n>p1 move megahorn\n>p2 move moonlight\n>p1 move megahorn\n>p2 move moonlight\n>p1 move megahorn\n>p2 move moonlight\n>p1 move megahorn\n>p2 move psyshock\n>p1 move megahorn\n>p2 move psyshock", "uploadtime": 1727940499, "views": 72, "formatid": "gen9randombattle", "rating": 2230, "private": 0, "password": null}