{"id": "gen9randombattle-2260268284", "format": "[Gen 9] Random Battle", "players": ["trying_toget_tough", "IwaoHazuki"], "log": "|j|\u2606trying_toget_tough\n|j|\u2606IwaoHazuki\n|t:|1733832655\n|gametype|singles\n|player|p1|trying_toget_tough|266|1702\n|player|p2|IwaoHazuki|169|1689\n|teamsize|p1|6\n|teamsize|p2|6\n|gen|9\n|tier|[Gen 9] Random Battle\n|rated|\n|rule|Species Clause: Limit one of each Pok\u00e9mon\n|rule|HP Percentage Mod: HP is shown in percentages\n|rule|Sleep Clause Mod: Limit one foe put to sleep\n|rule|Illusion Level Mod: Illusion disguises the Pok\u00e9mon's true level\n|\n|t:|1733832655\n|start\n|switch|p1a: Piloswine|Piloswine, L85, F|309/309\n|switch|p2a: Morpeko|Morpeko, L88, F|245/245\n|turn|1\n|inactive|Battle timer is ON: inactive players will automatically lose when time's up. (requested by trying_toget_tough)\n|\n|t:|1733832676\n|switch|p2a: Heracross|Heracross, L80, M|259/259\n|move|p1a: Piloswine|Earthquake|p2a: Heracross\n|-resisted|p2a: Heracross\n|-damage|p2a: Heracross|195/259\n|\n|-status|p2a: Heracross|brn|[from] item: Flame Orb\n|upkeep\n|turn|2\n|inactive|trying_toget_tough has 120 seconds left.\n|inactive|IwaoHazuki has 120 seconds left.\n|\n|t:|1733832714\n|switch|p1a: Hoopa|Hoopa, L85|275/275\n|move|p2a: Heracross|Trailblaze|p1a: Hoopa\n|-damage|p1a: Hoopa|196/275\n|-boost|p2a: Heracross|spe|1\n|\n|-damage|p2a: Heracross|179/259 brn|[from] brn\n|upkeep\n|turn|3\n|inactive|trying_toget_tough has 120 seconds left.\n|inactive|IwaoHazuki has 120 seconds left.\n|\n|t:|1733832727\n|move|p2a: Heracross|Knock Off|p1a: Hoopa\n|-supereffective|p1a: Hoopa\n|-damage|p1a: Hoopa|0 fnt\n|-enditem|p1a: Hoopa|Choice Scarf|[from] move: Knock Off|[of] p2a: Heracross\n|faint|p1a: Hoopa\n|\n|-damage|p2a: Heracross|163/259 brn|[from] brn\n|upkeep\n|\n|t:|1733832739\n|switch|p1a: Piloswine|Piloswine, L85, F|309/309\n|turn|4\n|inactive|IwaoHazuki has 120 seconds left.\n|\n|t:|1733832755\n|-terastallize|p1a: Piloswine|Poison\n|move|p2a: Heracross|Close Combat|p1a: Piloswine\n|-resisted|p1a: Piloswine\n|-damage|p1a: Piloswine|237/309\n|-unboost|p2a: Heracross|def|1\n|-unboost|p2a: Heracross|spd|1\n|move|p1a: Piloswine|Earthquake|p2a: Heracross\n|-resisted|p2a: Heracross\n|-damage|p2a: Heracross|67/259 brn\n|\n|-damage|p2a: Heracross|51/259 brn|[from] brn\n|upkeep\n|turn|5\n|inactive|trying_toget_tough has 120 seconds left.\n|inactive|IwaoHazuki has 120 seconds left.\n|\n|t:|1733832786\n|move|p1a: Piloswine|Ice Shard|p2a: Heracross\n|-damage|p2a: Heracross|0 fnt\n|faint|p2a: Heracross\n|\n|upkeep\n|inactive|IwaoHazuki has 120 seconds left.\n|inactive|IwaoHazuki has 90 seconds left.\n|\n|t:|1733832826\n|switch|p2a: Drednaw|Drednaw, L81, F|278/278\n|turn|6\n|\n|t:|1733832846\n|move|p2a: Drednaw|Shell Smash|p2a: Drednaw\n|-unboost|p2a: Drednaw|def|1\n|-unboost|p2a: Drednaw|spd|1\n|-boost|p2a: Drednaw|atk|2\n|-boost|p2a: Drednaw|spa|2\n|-boost|p2a: Drednaw|spe|2\n|-enditem|p2a: Drednaw|White Herb\n|-clearnegativeboost|p2a: Drednaw|[silent]\n|move|p1a: Piloswine|Roar|p2a: Drednaw\n|drag|p2a: Kingdra|Kingdra, L84, F|263/263\n|\n|upkeep\n|turn|7\n|inactive|IwaoHazuki has 90 seconds left.\n|inactive|IwaoHazuki has 60 seconds left.\n|\n|t:|1733832908\n|move|p2a: Kingdra|Dragon Dance|p2a: Kingdra\n|-boost|p2a: Kingdra|atk|1\n|-boost|p2a: Kingdra|spe|1\n|move|p1a: Piloswine|Icicle Crash|p2a: Kingdra\n|-damage|p2a: Kingdra|179/263\n|\n|upkeep\n|turn|8\n|\n|t:|1733832918\n|move|p2a: Kingdra|Wave Crash|p1a: Piloswine\n|-damage|p1a: Piloswine|111/309\n|-damage|p2a: Kingdra|137/263|[from] Recoil\n|move|p1a: Piloswine|Roar|p2a: Kingdra\n|drag|p2a: Seviper|Seviper, L93, F|287/287\n|\n|upkeep\n|turn|9\n|\n|t:|1733832945\n|move|p2a: Seviper|Earthquake|p1a: Piloswine\n|-supereffective|p1a: Piloswine\n|-damage|p1a: Piloswine|0 fnt\n|faint|p1a: Piloswine\n|-damage|p2a: Seviper|259/287|[from] item: Life Orb\n|\n|upkeep\n|inactive|trying_toget_tough has 90 seconds left.\n|\n|t:|1733832984\n|switch|p1a: Reuniclus|Reuniclus, L88, M|337/337\n|turn|10\n|\n|t:|1733832994\n|move|p2a: Seviper|Gunk Shot|p1a: Reuniclus\n|-damage|p1a: Reuniclus|121/337\n|-damage|p2a: Seviper|231/287|[from] item: Life Orb\n|move|p1a: Reuniclus|Calm Mind|p1a: Reuniclus\n|-boost|p1a: Reuniclus|spa|1\n|-boost|p1a: Reuniclus|spd|1\n|\n|upkeep\n|turn|11\n|c|\u2606trying_toget_tough|why u dint switchg\n|c|\u2606IwaoHazuki|WQhy should I have to?\n|c|\u2606trying_toget_tough|ohysic\n|inactive|IwaoHazuki has 30 seconds left.\n|c|\u2606trying_toget_tough|physic\n|c|\u2606IwaoHazuki|You assume that I need to keep my serviper\n|inactive|IwaoHazuki has 20 seconds left.\n|\n|t:|1733833038\n|switch|p1a: Excadrill|Excadrill, L79, F|303/303\n|-ability|p1a: Excadrill|Mold Breaker\n|move|p2a: Seviper|Gunk Shot|p1a: Excadrill\n|-immune|p1a: Excadrill\n|\n|upkeep\n|turn|12\n|inactive|IwaoHazuki has 30 seconds left this turn.\n|\n|t:|1733833049\n|-terastallize|p2a: Seviper|Ground\n|move|p1a: Excadrill|Earthquake|p2a: Seviper\n|-damage|p2a: Seviper|78/287\n|move|p2a: Seviper|Earthquake|p1a: Excadrill\n|-supereffective|p1a: Excadrill\n|-damage|p1a: Excadrill|0 fnt\n|faint|p1a: Excadrill\n|-damage|p2a: Seviper|50/287|[from] item: Life Orb\n|\n|upkeep\n|inactive|IwaoHazuki has 30 seconds left this turn.\n|c|\u2606trying_toget_tough|liar XD\n|c|\u2606trying_toget_tough|i truested  you\n|inactive|trying_toget_tough has 60 seconds left.\n|c|\u2606trying_toget_tough|with every cell of my body\n|\n|t:|1733833081\n|switch|p1a: Houndstone|Houndstone, L86, F|264/264\n|turn|13\n|\n|t:|1733833089\n|move|p1a: Houndstone|Shadow Sneak|p2a: Seviper\n|-damage|p2a: Seviper|0 fnt\n|faint|p2a: Seviper\n|\n|upkeep\n|c|\u2606IwaoHazuki|oh o\n|c|\u2606IwaoHazuki|no\n|inactive|IwaoHazuki has 30 seconds left.\n|\n|t:|1733833100\n|switch|p2a: Morpeko|Morpeko, L88, F|245/245\n|turn|14\n|\n|t:|1733833109\n|switch|p1a: Reuniclus|Reuniclus, L88, M|121/337\n|move|p2a: Morpeko|Knock Off|p1a: Reuniclus\n|-supereffective|p1a: Reuniclus\n|-damage|p1a: Reuniclus|0 fnt\n|-enditem|p1a: Reuniclus|Life Orb|[from] move: Knock Off|[of] p2a: Morpeko\n|faint|p1a: Reuniclus\n|\n|-formechange|p2a: Morpeko|Morpeko-Hangry||[from] ability: Hunger Switch\n|upkeep\n|\n|t:|1733833111\n|switch|p1a: Dudunsparce|Dudunsparce, L83, F|343/343\n|turn|15\n|inactive|IwaoHazuki has 30 seconds left.\n|\n|t:|1733833137\n|switch|p2a: Vigoroth|Vigoroth, L85, M|275/275\n|move|p1a: Dudunsparce|Earthquake|p2a: Vigoroth\n|-damage|p2a: Vigoroth|227/275\n|\n|upkeep\n|turn|16\n|inactive|trying_toget_tough has 90 seconds left.\n|\n|t:|1733833157\n|move|p2a: Vigoroth|Bulk Up|p2a: Vigoroth\n|-boost|p2a: Vigoroth|atk|1\n|-boost|p2a: Vigoroth|def|1\n|move|p1a: Dudunsparce|Glare|p2a: Vigoroth\n|-status|p2a: Vigoroth|par\n|\n|upkeep\n|turn|17\n|inactive|IwaoHazuki has 30 seconds left.\n|\n|t:|1733833176\n|move|p1a: Dudunsparce|Headbutt|p2a: Vigoroth\n|-damage|p2a: Vigoroth|190/275 par\n|cant|p2a: Vigoroth|flinch\n|\n|upkeep\n|turn|18\n|\n|t:|1733833181\n|move|p1a: Dudunsparce|Headbutt|p2a: Vigoroth\n|-damage|p2a: Vigoroth|151/275 par\n|cant|p2a: Vigoroth|flinch\n|\n|upkeep\n|turn|19\n|\n|t:|1733833185\n|move|p1a: Dudunsparce|Headbutt|p2a: Vigoroth\n|-damage|p2a: Vigoroth|117/275 par\n|cant|p2a: Vigoroth|flinch\n|\n|upkeep\n|turn|20\n|\n|t:|1733833189\n|move|p1a: Dudunsparce|Headbutt|p2a: Vigoroth\n|-damage|p2a: Vigoroth|78/275 par\n|cant|p2a: Vigoroth|flinch\n|\n|upkeep\n|turn|21\n|inactive|IwaoHazuki has 60 seconds left.\n|\n|t:|1733833202\n|move|p1a: Dudunsparce|Headbutt|p2a: Vigoroth\n|-damage|p2a: Vigoroth|44/275 par\n|cant|p2a: Vigoroth|par\n|\n|upkeep\n|turn|22\n|\n|t:|1733833206\n|move|p1a: Dudunsparce|Earthquake|p2a: Vigoroth\n|-damage|p2a: Vigoroth|9/275 par\n|move|p2a: Vigoroth|Slack Off|p2a: Vigoroth\n|-heal|p2a: Vigoroth|147/275 par\n|\n|upkeep\n|turn|23\n|\n|t:|1733833217\n|move|p1a: Dudunsparce|Headbutt|p2a: Vigoroth\n|-crit|p2a: Vigoroth\n|-damage|p2a: Vigoroth|69/275 par\n|move|p2a: Vigoroth|Slack Off|p2a: Vigoroth\n|-heal|p2a: Vigoroth|207/275 par\n|\n|upkeep\n|turn|24\n|\n|t:|1733833224\n|move|p1a: Dudunsparce|Headbutt|p2a: Vigoroth\n|-damage|p2a: Vigoroth|173/275 par\n|cant|p2a: Vigoroth|flinch\n|\n|upkeep\n|turn|25\n|\n|t:|1733833233\n|switch|p1a: Houndstone|Houndstone, L86, F|264/264\n|move|p2a: Vigoroth|Body Slam|p1a: Houndstone\n|-immune|p1a: Houndstone\n|\n|upkeep\n|turn|26\n|inactive|IwaoHazuki has 90 seconds left.\n|\n|t:|1733833239\n|move|p1a: Houndstone|Body Press|p2a: Vigoroth\n|-supereffective|p2a: Vigoroth\n|-damage|p2a: Vigoroth|119/275 par\n|move|p2a: Vigoroth|Earthquake|p1a: Houndstone\n|-crit|p1a: Houndstone\n|-damage|p1a: Houndstone|138/264\n|\n|-heal|p1a: Houndstone|154/264|[from] item: Leftovers\n|upkeep\n|turn|27\n|\n|t:|1733833245\n|move|p2a: Vigoroth|Slack Off|p2a: Vigoroth\n|-heal|p2a: Vigoroth|257/275 par\n|move|p1a: Houndstone|Roar|p2a: Vigoroth\n|drag|p2a: Drednaw|Drednaw, L81, F|278/278\n|\n|-heal|p1a: Houndstone|170/264|[from] item: Leftovers\n|upkeep\n|turn|28\n|inactive|IwaoHazuki has 90 seconds left.\n|\n|t:|1733833267\n|move|p2a: Drednaw|Liquidation|p1a: Houndstone\n|-damage|p1a: Houndstone|131/264\n|move|p1a: Houndstone|Body Press|p2a: Drednaw\n|-supereffective|p2a: Drednaw\n|-damage|p2a: Drednaw|164/278\n|\n|-heal|p1a: Houndstone|147/264|[from] item: Leftovers\n|upkeep\n|turn|29\n|\n|t:|1733833277\n|move|p2a: Drednaw|Liquidation|p1a: Houndstone\n|-damage|p1a: Houndstone|102/264\n|move|p1a: Houndstone|Body Press|p2a: Drednaw\n|-supereffective|p2a: Drednaw\n|-damage|p2a: Drednaw|28/278\n|\n|-heal|p1a: Houndstone|118/264|[from] item: Leftovers\n|upkeep\n|turn|30\n|\n|t:|1733833284\n|move|p1a: Houndstone|Shadow Sneak|p2a: Drednaw\n|-damage|p2a: Drednaw|0 fnt\n|faint|p2a: Drednaw\n|\n|-heal|p1a: Houndstone|134/264|[from] item: Leftovers\n|upkeep\n|\n|t:|1733833303\n|switch|p2a: Morpeko|Morpeko, L88, F|245/245\n|turn|31\n|\n|t:|1733833329\n|move|p2a: Morpeko|Knock Off|p1a: Houndstone\n|-supereffective|p1a: Houndstone\n|-damage|p1a: Houndstone|38/264\n|-enditem|p1a: Houndstone|Leftovers|[from] move: Knock Off|[of] p2a: Morpeko\n|move|p1a: Houndstone|Body Press|p2a: Morpeko\n|-supereffective|p2a: Morpeko\n|-damage|p2a: Morpeko|85/245\n|\n|-heal|p2a: Morpeko|100/245|[from] item: Leftovers\n|-formechange|p2a: Morpeko|Morpeko-Hangry||[from] ability: Hunger Switch\n|upkeep\n|turn|32\n|inactive|IwaoHazuki has 90 seconds left.\n|\n|t:|1733833353\n|move|p1a: Houndstone|Shadow Sneak|p2a: Morpeko\n|-resisted|p2a: Morpeko\n|-damage|p2a: Morpeko|72/245\n|move|p2a: Morpeko|Aura Wheel|p1a: Houndstone\n|-supereffective|p1a: Houndstone\n|-damage|p1a: Houndstone|0 fnt\n|-boost|p2a: Morpeko|spe|1\n|faint|p1a: Houndstone\n|\n|-heal|p2a: Morpeko|87/245|[from] item: Leftovers\n|-formechange|p2a: Morpeko|Morpeko||[from] ability: Hunger Switch\n|upkeep\n|\n|t:|1733833357\n|switch|p1a: Dudunsparce|Dudunsparce, L83, F|343/343\n|turn|33\n|\n|t:|1733833362\n|move|p2a: Morpeko|Knock Off|p1a: Dudunsparce\n|-damage|p1a: Dudunsparce|228/343\n|-enditem|p1a: Dudunsparce|Leftovers|[from] move: Knock Off|[of] p2a: Morpeko\n|move|p1a: Dudunsparce|Earthquake|p2a: Morpeko\n|-supereffective|p2a: Morpeko\n|-damage|p2a: Morpeko|0 fnt\n|faint|p2a: Morpeko\n|\n|upkeep\n|\n|t:|1733833373\n|switch|p2a: Kingdra|Kingdra, L84, F|137/263\n|turn|34\n|\n|t:|1733833381\n|move|p2a: Kingdra|Outrage|p1a: Dudunsparce\n|-damage|p1a: Dudunsparce|101/343\n|move|p1a: Dudunsparce|Glare|p2a: Kingdra\n|-status|p2a: Kingdra|par\n|-enditem|p2a: Kingdra|Lum Berry|[eat]\n|-curestatus|p2a: Kingdra|par|[msg]\n|\n|upkeep\n|turn|35\n|c|\u2606trying_toget_tough|gg\n|c|\u2606IwaoHazuki|gg\n|\n|t:|1733833392\n|move|p2a: Kingdra|Outrage|p1a: Dudunsparce|[from]lockedmove\n|-crit|p1a: Dudunsparce\n|-damage|p1a: Dudunsparce|0 fnt\n|faint|p1a: Dudunsparce\n|\n|win|IwaoHazuki\n|raw|trying_toget_tough's rating: 1702 &rarr; <strong>1681</strong><br />(-21 for losing)\n|raw|IwaoHazuki's rating: 1689 &rarr; <strong>1710</strong><br />(+21 for winning)\n|l|\u2606IwaoHazuki\n|player|p2|\n", "inputlog": ">version bfd83cad13791eb5a5a409923076391caf6fb4d4\n>start {\"formatid\":\"gen9randombattle\",\"seed\":[32864,1745,12488,12290],\"rated\":\"Rated battle\"}\n>player p1 {\"name\":\"trying_toget_tough\",\"avatar\":\"266\",\"rating\":1702,\"seed\":[23629,20161,58176,52371]}\n>player p2 {\"name\":\"IwaoHazuki\",\"avatar\":\"169\",\"rating\":1689,\"seed\":[37996,49173,59370,29293]}\n>p1 move earthquake\n>p2 switch 4\n>p1 switch 2\n>p2 move trailblaze\n>p1 move psyshock\n>p2 move knockoff\n>p1 switch 2\n>p1 move earthquake terastallize\n>p2 move closecombat\n>p1 move iceshard\n>p2 move knockoff\n>p2 switch 2\n>p1 move roar\n>p2 move shellsmash\n>p1 move iciclecrash\n>p2 move dragondance\n>p1 move roar\n>p2 move wavecrash\n>p1 move earthquake\n>p2 move earthquake\n>p1 switch 6\n>p1 move calmmind\n>p2 move gunkshot\n>chat \u2606trying_toget_tough|why u dint switchg\n>chat \u2606IwaoHazuki|WQhy should I have to?\n>chat \u2606trying_toget_tough|ohysic\n>chat \u2606trying_toget_tough|physic\n>chat \u2606IwaoHazuki|You assume that I need to keep my serviper\n>p1 switch 3\n>p2 move gunkshot\n>p1 move earthquake\n>p2 move earthquake terastallize\n>chat \u2606trying_toget_tough|liar XD\n>chat \u2606trying_toget_tough|i truested  you\n>chat \u2606trying_toget_tough|with every cell of my body\n>p1 switch 5\n>p1 move shadowsneak\n>p2 move glare\n>chat \u2606IwaoHazuki|oh o\n>chat \u2606IwaoHazuki|no\n>p2 switch 4\n>p1 switch 3\n>p2 move knockoff\n>p1 switch 4\n>p1 move earthquake\n>p2 switch 5\n>p1 move glare\n>p2 move bulkup\n>p1 move headbutt\n>p2 move bodyslam\n>p1 move headbutt\n>p2 move bodyslam\n>p1 move headbutt\n>p2 move slackoff\n>p1 move headbutt\n>p2 move slackoff\n>p1 move headbutt\n>p2 move slackoff\n>p1 move earthquake\n>p2 move slackoff\n>p1 move headbutt\n>p2 move slackoff\n>p1 move headbutt\n>p2 move bulkup\n>p1 switch 3\n>p2 move bodyslam\n>p1 move bodypress\n>p2 move earthquake\n>p1 move roar\n>p2 move slackoff\n>p1 move bodypress\n>p2 move liquidation\n>p1 move bodypress\n>p2 move liquidation\n>p1 move shadowsneak\n>p2 move liquidation\n>p2 switch 5\n>p1 move bodypress\n>p2 move knockoff\n>p1 move shadowsneak\n>p2 move aurawheel\n>p1 switch 3\n>p1 move earthquake\n>p2 move knockoff\n>p2 switch 3\n>p1 move glare\n>p2 move outrage\n>chat \u2606trying_toget_tough|gg\n>chat \u2606IwaoHazuki|gg\n>p1 move glare\n>p2 move outrage", "uploadtime": 1733833397, "views": 1, "formatid": "gen9randombattle", "rating": 1681, "private": 0, "password": null}