{"id": "gen9randombattle-2260470745", "format": "[Gen 9] Random Battle", "players": ["Guuse_Munch", "goldrichman9"], "log": "|j|\u2606Guuse_Munch\n|j|\u2606goldrichman9\n|t:|1733854787\n|gametype|singles\n|player|p1|Guuse_Munch|clown|1296\n|player|p2|goldrichman9|266|1267\n|teamsize|p1|6\n|teamsize|p2|6\n|gen|9\n|tier|[Gen 9] Random Battle\n|rated|\n|rule|Species Clause: Limit one of each Pok\u00e9mon\n|rule|HP Percentage Mod: HP is shown in percentages\n|rule|Sleep Clause Mod: Limit one foe put to sleep\n|rule|Illusion Level Mod: Illusion disguises the Pok\u00e9mon's true level\n|\n|t:|1733854787\n|start\n|switch|p1a: Gurdurr|Gurdurr, L85, M|283/283\n|switch|p2a: Camerupt|Camerupt, L91, M|275/275\n|turn|1\n|\n|t:|1733854806\n|move|p2a: Camerupt|Will-O-Wisp|p1a: Gurdurr\n|-status|p1a: Gurdurr|brn\n|move|p1a: Gurdurr|Drain Punch|p2a: Camerupt\n|-damage|p2a: Camerupt|128/275\n|\n|-heal|p2a: Camerupt|145/275|[from] item: Leftovers\n|-damage|p1a: Gurdurr|266/283 brn|[from] brn\n|upkeep\n|turn|2\n|\n|t:|1733854828\n|move|p2a: Camerupt|Stealth Rock|p1a: Gurdurr\n|-sidestart|p1: Guuse_Munch|move: Stealth Rock\n|move|p1a: Gurdurr|Drain Punch|p2a: Camerupt\n|-damage|p2a: Camerupt|3/275\n|-heal|p1a: Gurdurr|283/283 brn|[from] drain|[of] p2a: Camerupt\n|\n|-heal|p2a: Camerupt|20/275|[from] item: Leftovers\n|-damage|p1a: Gurdurr|266/283 brn|[from] brn\n|upkeep\n|turn|3\n|\n|t:|1733854835\n|switch|p2a: Corviknight|Corviknight, L80, F|288/288\n|-ability|p2a: Corviknight|Pressure\n|move|p1a: Gurdurr|Knock Off|p2a: Corviknight\n|-damage|p2a: Corviknight|191/288\n|-damage|p1a: Gurdurr|219/283 brn|[from] item: Rocky Helmet|[of] p2a: Corviknight\n|-enditem|p2a: Corviknight|Rocky Helmet|[from] move: Knock Off|[of] p1a: Gurdurr\n|\n|-damage|p1a: Gurdurr|202/283 brn|[from] brn\n|upkeep\n|turn|4\n|\n|t:|1733854861\n|switch|p1a: Glaceon|Glaceon, L94, M|275/275\n|move|p2a: Corviknight|Brave Bird|p1a: Glaceon\n|-damage|p1a: Glaceon|193/275\n|-damage|p2a: Corviknight|164/288|[from] Recoil\n|\n|upkeep\n|turn|5\n|\n|t:|1733854875\n|move|p1a: Glaceon|Wish|p1a: Glaceon\n|move|p2a: Corviknight|U-turn|p1a: Glaceon\n|-damage|p1a: Glaceon|161/275\n|\n|t:|1733854899\n|switch|p2a: Cetitan|Cetitan, L82, F|413/413|[from] U-turn\n|\n|upkeep\n|turn|6\n|\n|t:|1733854915\n|switch|p1a: Gurdurr|Gurdurr, L85, M|202/283 brn\n|-damage|p1a: Gurdurr|185/283 brn|[from] Stealth Rock\n|move|p2a: Cetitan|Earthquake|p1a: Gurdurr\n|-damage|p1a: Gurdurr|123/283 brn\n|-damage|p2a: Cetitan|372/413|[from] item: Life Orb\n|\n|-heal|p1a: Gurdurr|260/283 brn|[from] move: Wish|[wisher] Glaceon\n|-damage|p1a: Gurdurr|243/283 brn|[from] brn\n|upkeep\n|turn|7\n|\n|t:|1733854929\n|switch|p2a: Corviknight|Corviknight, L80, F|164/288\n|-ability|p2a: Corviknight|Pressure\n|move|p1a: Gurdurr|Drain Punch|p2a: Corviknight\n|-damage|p2a: Corviknight|47/288\n|-heal|p1a: Gurdurr|283/283 brn|[from] drain|[of] p2a: Corviknight\n|\n|-damage|p1a: Gurdurr|266/283 brn|[from] brn\n|upkeep\n|turn|8\n|\n|t:|1733854935\n|move|p2a: Corviknight|Roost|p2a: Corviknight\n|-heal|p2a: Corviknight|191/288\n|-singleturn|p2a: Corviknight|move: Roost\n|move|p1a: Gurdurr|Drain Punch|p2a: Corviknight\n|-supereffective|p2a: Corviknight\n|-damage|p2a: Corviknight|0 fnt\n|-heal|p1a: Gurdurr|283/283 brn|[from] drain|[of] p2a: Corviknight\n|faint|p2a: Corviknight\n|\n|-damage|p1a: Gurdurr|266/283 brn|[from] brn\n|upkeep\n|\n|t:|1733854940\n|switch|p2a: Lugia|Lugia, L72|272/272\n|turn|9\n|\n|t:|1733854947\n|-terastallize|p1a: Gurdurr|Steel\n|move|p2a: Lugia|Aeroblast|p1a: Gurdurr\n|-resisted|p1a: Gurdurr\n|-damage|p1a: Gurdurr|231/283 brn\n|move|p1a: Gurdurr|Knock Off|p2a: Lugia\n|-supereffective|p2a: Lugia\n|-damage|p2a: Lugia|172/272\n|-enditem|p2a: Lugia|Heavy-Duty Boots|[from] move: Knock Off|[of] p1a: Gurdurr\n|\n|-damage|p1a: Gurdurr|214/283 brn|[from] brn\n|upkeep\n|turn|10\n|\n|t:|1733854972\n|move|p2a: Lugia|Earth Power|p1a: Gurdurr\n|-supereffective|p1a: Gurdurr\n|-damage|p1a: Gurdurr|126/283 brn\n|-unboost|p1a: Gurdurr|spd|1\n|move|p1a: Gurdurr|Knock Off|p2a: Lugia\n|-supereffective|p2a: Lugia\n|-damage|p2a: Lugia|32/272\n|\n|-damage|p1a: Gurdurr|109/283 brn|[from] brn\n|upkeep\n|turn|11\n|\n|t:|1733854986\n|switch|p1a: Glaceon|Glaceon, L94, M|161/275\n|move|p2a: Lugia|Recover|p2a: Lugia\n|-heal|p2a: Lugia|168/272\n|\n|upkeep\n|turn|12\n|\n|t:|1733854994\n|switch|p2a: Camerupt|Camerupt, L91, M|20/275\n|move|p1a: Glaceon|Freeze-Dry|p2a: Camerupt\n|-damage|p2a: Camerupt|0 fnt\n|faint|p2a: Camerupt\n|\n|upkeep\n|\n|t:|1733855001\n|switch|p2a: Araquanid|Araquanid, L82, F|246/246\n|turn|13\n|\n|t:|1733855006\n|move|p1a: Glaceon|Freeze-Dry|p2a: Araquanid\n|-supereffective|p2a: Araquanid\n|-damage|p2a: Araquanid|84/246\n|move|p2a: Araquanid|Sticky Web|p1a: Glaceon\n|-sidestart|p1: Guuse_Munch|move: Sticky Web\n|\n|upkeep\n|turn|14\n|\n|t:|1733855016\n|move|p1a: Glaceon|Freeze-Dry|p2a: Araquanid\n|-supereffective|p2a: Araquanid\n|-damage|p2a: Araquanid|0 fnt\n|faint|p2a: Araquanid\n|\n|upkeep\n|\n|t:|1733855021\n|switch|p2a: Ampharos|Ampharos, L88, M|302/302\n|turn|15\n|\n|t:|1733855025\n|move|p1a: Glaceon|Mud Shot|p2a: Ampharos\n|-supereffective|p2a: Ampharos\n|-damage|p2a: Ampharos|188/302\n|-unboost|p2a: Ampharos|spe|1\n|move|p2a: Ampharos|Focus Blast|p1a: Glaceon\n|-supereffective|p1a: Glaceon\n|-damage|p1a: Glaceon|0 fnt\n|faint|p1a: Glaceon\n|\n|upkeep\n|\n|t:|1733855037\n|switch|p1a: Ursaluna|Ursaluna, L79, M|335/335\n|-damage|p1a: Ursaluna|315/335|[from] Stealth Rock\n|-activate|p1a: Ursaluna|move: Sticky Web\n|-unboost|p1a: Ursaluna|spe|1\n|turn|16\n|\n|t:|1733855042\n|move|p2a: Ampharos|Focus Blast|p1a: Ursaluna|[miss]\n|-miss|p2a: Ampharos|p1a: Ursaluna\n|move|p1a: Ursaluna|Trailblaze|p2a: Ampharos\n|-crit|p2a: Ampharos\n|-damage|p2a: Ampharos|122/302\n|-boost|p1a: Ursaluna|spe|1\n|\n|-status|p1a: Ursaluna|brn|[from] item: Flame Orb\n|upkeep\n|turn|17\n|\n|t:|1733855054\n|move|p1a: Ursaluna|Facade|p2a: Ampharos\n|-damage|p2a: Ampharos|0 fnt\n|faint|p2a: Ampharos\n|\n|-damage|p1a: Ursaluna|295/335 brn|[from] brn\n|upkeep\n|\n|t:|1733855064\n|switch|p2a: Cetitan|Cetitan, L82, F|372/413\n|turn|18\n|inactive|Battle timer is ON: inactive players will automatically lose when time's up. (requested by goldrichman9)\n|\n|t:|1733855091\n|switch|p1a: Flutter Mane|Flutter Mane, L74|203/203\n|-damage|p1a: Flutter Mane|178/203|[from] Stealth Rock\n|-activate|p1a: Flutter Mane|move: Sticky Web\n|-unboost|p1a: Flutter Mane|spe|1\n|move|p2a: Cetitan|Liquidation|p1a: Flutter Mane\n|-damage|p1a: Flutter Mane|6/203\n|\n|upkeep\n|turn|19\n|\n|t:|1733855107\n|move|p2a: Cetitan|Ice Shard|p1a: Flutter Mane\n|-damage|p1a: Flutter Mane|0 fnt\n|faint|p1a: Flutter Mane\n|-end|p1a: Flutter Mane|Protosynthesis|[silent]\n|-damage|p2a: Cetitan|331/413|[from] item: Life Orb\n|\n|upkeep\n|\n|t:|1733855113\n|switch|p1a: Azelf|Azelf, L82|257/257\n|-damage|p1a: Azelf|225/257|[from] Stealth Rock\n|turn|20\n|\n|t:|1733855117\n|move|p1a: Azelf|Fire Blast|p2a: Cetitan\n|-supereffective|p2a: Cetitan\n|-damage|p2a: Cetitan|0 fnt\n|faint|p2a: Cetitan\n|\n|upkeep\n|\n|t:|1733855120\n|switch|p2a: Lugia|Lugia, L72|168/272\n|turn|21\n|\n|t:|1733855123\n|-terastallize|p2a: Lugia|Ground\n|move|p1a: Azelf|Fire Blast|p2a: Lugia|[miss]\n|-miss|p1a: Azelf|p2a: Lugia\n|move|p2a: Lugia|Recover|p2a: Lugia\n|-heal|p2a: Lugia|272/272\n|\n|upkeep\n|turn|22\n|\n|t:|1733855146\n|switch|p1a: Spidops|Spidops, L96, M|271/271\n|move|p2a: Lugia|Calm Mind|p2a: Lugia\n|-boost|p2a: Lugia|spa|1\n|-boost|p2a: Lugia|spd|1\n|\n|upkeep\n|turn|23\n|\n|t:|1733855164\n|switch|p1a: Ursaluna|Ursaluna, L79, M|295/335 brn\n|-damage|p1a: Ursaluna|275/335 brn|[from] Stealth Rock\n|-activate|p1a: Ursaluna|move: Sticky Web\n|-unboost|p1a: Ursaluna|spe|1\n|move|p2a: Lugia|Calm Mind|p2a: Lugia\n|-boost|p2a: Lugia|spa|1\n|-boost|p2a: Lugia|spd|1\n|\n|-damage|p1a: Ursaluna|255/335 brn|[from] brn\n|upkeep\n|turn|24\n|\n|t:|1733855175\n|move|p2a: Lugia|Aeroblast|p1a: Ursaluna\n|-damage|p1a: Ursaluna|96/335 brn\n|move|p1a: Ursaluna|Facade|p2a: Lugia\n|-damage|p2a: Lugia|167/272\n|\n|-damage|p1a: Ursaluna|76/335 brn|[from] brn\n|upkeep\n|turn|25\n|\n|t:|1733855184\n|move|p2a: Lugia|Aeroblast|p1a: Ursaluna\n|-damage|p1a: Ursaluna|0 fnt\n|faint|p1a: Ursaluna\n|\n|upkeep\n|\n|t:|1733855193\n|switch|p1a: Gurdurr|Gurdurr, L85, M, tera:Steel|109/283 brn\n|-damage|p1a: Gurdurr|92/283 brn|[from] Stealth Rock\n|-activate|p1a: Gurdurr|move: Sticky Web\n|-unboost|p1a: Gurdurr|spe|1\n|turn|26\n|\n|t:|1733855201\n|move|p2a: Lugia|Earth Power|p1a: Gurdurr\n|-supereffective|p1a: Gurdurr\n|-crit|p1a: Gurdurr\n|-damage|p1a: Gurdurr|0 fnt\n|faint|p1a: Gurdurr\n|\n|upkeep\n|\n|t:|1733855204\n|switch|p1a: Azelf|Azelf, L82|225/257\n|-damage|p1a: Azelf|193/257|[from] Stealth Rock\n|turn|27\n|\n|t:|1733855222\n|move|p1a: Azelf|Trick|p2a: Lugia\n|-activate|p1a: Azelf|move: Trick|[of] p2a: Lugia\n|-item|p2a: Lugia|Choice Specs|[from] move: Trick\n|-enditem|p1a: Azelf|Choice Specs|[silent]|[from] move: Trick\n|move|p2a: Lugia|Aeroblast|p1a: Azelf\n|-damage|p1a: Azelf|0 fnt\n|faint|p1a: Azelf\n|\n|upkeep\n|\n|t:|1733855228\n|switch|p1a: Spidops|Spidops, L96, M|271/271\n|turn|28\n|-message|Guuse_Munch forfeited.\n|\n|win|goldrichman9\n|raw|Guuse_Munch's rating: 1296 &rarr; <strong>1269</strong><br />(-27 for losing)\n|raw|goldrichman9's rating: 1267 &rarr; <strong>1294</strong><br />(+27 for winning)\n|l|\u2606Guuse_Munch\n|player|p1|\n", "inputlog": ">version bfd83cad13791eb5a5a409923076391caf6fb4d4\n>start {\"formatid\":\"gen9randombattle\",\"seed\":[59964,38225,6548,1976],\"rated\":\"Rated battle\"}\n>player p1 {\"name\":\"Guuse_Munch\",\"avatar\":\"clown\",\"rating\":1296,\"seed\":[57371,62363,20755,15900]}\n>player p2 {\"name\":\"goldrichman9\",\"avatar\":\"266\",\"rating\":1267,\"seed\":[46660,13294,50131,32388]}\n>p1 move drainpunch\n>p2 move willowisp\n>p1 move drainpunch\n>p2 move stealthrock\n>p1 move knockoff\n>p2 switch 3\n>p1 switch 2\n>p2 move bravebird\n>p1 move wish\n>p2 move uturn\n>p2 switch 6\n>p1 switch 2\n>p2 move earthquake\n>p1 move drainpunch\n>p2 switch 6\n>p1 move drainpunch\n>p2 move roost\n>p2 switch 4\n>p1 move knockoff terastallize\n>p2 move aeroblast\n>p1 move knockoff\n>p2 move earthpower\n>p1 switch 2\n>p2 move recover\n>p1 move freezedry\n>p2 switch 3\n>p2 switch 2\n>p1 move freezedry\n>p2 move stickyweb\n>p1 move freezedry\n>p2 move mirrorcoat\n>p2 switch 5\n>p1 move mudshot\n>p2 move focusblast\n>p1 switch 4\n>p1 move trailblaze\n>p2 move focusblast\n>p1 move facade\n>p2 move focusblast\n>p2 switch 6\n>p1 switch 6\n>p2 move liquidation\n>p1 move shadowball\n>p2 move iceshard\n>p1 switch 3\n>p1 move fireblast\n>p2 move iciclecrash\n>p2 switch 3\n>p1 move fireblast\n>p2 move recover terastallize\n>p1 switch 5\n>p2 move calmmind\n>p1 switch 6\n>p2 move calmmind\n>p1 move facade\n>p2 move aeroblast\n>p1 move facade\n>p2 move aeroblast\n>p1 switch 2\n>p1 move drainpunch\n>p2 move earthpower\n>p1 switch 5\n>p1 move trick\n>p2 move aeroblast\n>p1 switch 6\n>forcelose p1", "uploadtime": 1733855243, "views": 1, "formatid": "gen9randombattle", "rating": 1269, "private": 0, "password": null}