{"id": "gen9randombattle-2118322560", "format": "[Gen 9] Random Battle", "players": ["ThePianoSonataNo12", "smokyaim"], "log": "|badge|p2|bronze|gen9randombattle|100-1\n|uhtml|medal-msg|<div class=\"broadcast-blue\">Curious what those medals under the avatar are? PS now has Ladder Seasons! For more information, check out the <a href=\"https://www.smogon.com/forums/threads/3740067/\">thread on Smogon.</a></div>\n|j|\u2606ThePianoSonataNo12\n|j|\u203dsmokyaim\n|t:|1714922505\n|gametype|singles\n|player|p1|ThePianoSonataNo12|pokekid|2267\n|player|p2|smokyaim|1|2396\n|teamsize|p1|6\n|teamsize|p2|6\n|gen|9\n|tier|[Gen 9] Random Battle\n|rated|\n|rule|Species Clause: Limit one of each Pok\u00e9mon\n|rule|HP Percentage Mod: HP is shown in percentages\n|rule|Sleep Clause Mod: Limit one foe put to sleep\n|rule|Illusion Level Mod: Illusion disguises the Pok\u00e9mon's true level\n|\n|t:|1714922505\n|start\n|switch|p1a: Clodsire|Clodsire, L81, M|343/343\n|switch|p2a: Mismagius|Mismagius, L86, M|243/243\n|turn|1\n|\n|t:|1714922616\n|switch|p2a: Slowking|Slowking, L88, M|310/310\n|switch|p1a: Meloetta|Meloetta, L82|298/298\n|\n|upkeep\n|turn|2\n|\n|t:|1714922623\n|move|p1a: Meloetta|Calm Mind|p1a: Meloetta\n|-boost|p1a: Meloetta|spa|1\n|-boost|p1a: Meloetta|spd|1\n|move|p2a: Slowking|Scald|p1a: Meloetta\n|-damage|p1a: Meloetta|247/298\n|-status|p1a: Meloetta|brn\n|\n|-damage|p1a: Meloetta|229/298 brn|[from] brn\n|upkeep\n|turn|3\n|inactive|Battle timer is ON: inactive players will automatically lose when time's up. (requested by smokyaim)\n|\n|t:|1714922654\n|move|p1a: Meloetta|Calm Mind|p1a: Meloetta\n|-boost|p1a: Meloetta|spa|1\n|-boost|p1a: Meloetta|spd|1\n|move|p2a: Slowking|Chilly Reception|p2a: Slowking\n|-weather|Snow\n|\n|t:|1714922661\n|switch|p2a: Scyther|Scyther, L82, M|249/249|[from] Chilly Reception\n|\n|-weather|Snow|[upkeep]\n|-damage|p1a: Meloetta|211/298 brn|[from] brn\n|upkeep\n|turn|4\n|\n|t:|1714922676\n|move|p2a: Scyther|U-turn|p1a: Meloetta\n|-supereffective|p1a: Meloetta\n|-damage|p1a: Meloetta|37/298 brn\n|\n|t:|1714922679\n|switch|p2a: Mismagius|Mismagius, L86, M|243/243|[from] U-turn\n|move|p1a: Meloetta|Hyper Voice|p2a: Mismagius\n|-immune|p2a: Mismagius\n|\n|-weather|Snow|[upkeep]\n|-damage|p1a: Meloetta|19/298 brn|[from] brn\n|upkeep\n|turn|5\n|\n|t:|1714922692\n|switch|p1a: Clodsire|Clodsire, L81, M|343/343\n|move|p2a: Mismagius|Mystical Fire|p1a: Clodsire\n|-damage|p1a: Clodsire|263/343\n|-unboost|p1a: Clodsire|spa|1\n|\n|-weather|Snow|[upkeep]\n|-heal|p1a: Clodsire|284/343|[from] item: Leftovers\n|upkeep\n|turn|6\n|\n|t:|1714922697\n|switch|p2a: Slowking|Slowking, L88, M|310/310\n|move|p1a: Clodsire|Toxic|p2a: Slowking\n|-status|p2a: Slowking|tox\n|\n|-weather|Snow|[upkeep]\n|-heal|p1a: Clodsire|305/343|[from] item: Leftovers\n|-damage|p2a: Slowking|291/310 tox|[from] psn\n|upkeep\n|turn|7\n|\n|t:|1714922706\n|switch|p1a: Meloetta|Meloetta, L82|19/298 brn\n|move|p2a: Slowking|Future Sight|p1a: Meloetta\n|-start|p2a: Slowking|move: Future Sight\n|\n|-weather|none\n|-damage|p2a: Slowking|253/310 tox|[from] psn\n|-damage|p1a: Meloetta|1/298 brn|[from] brn\n|upkeep\n|turn|8\n|\n|t:|1714922716\n|switch|p1a: Clodsire|Clodsire, L81, M|305/343\n|move|p2a: Slowking|Chilly Reception|p2a: Slowking\n|-weather|Snow\n|\n|t:|1714922730\n|switch|p2a: Sawsbuck|Sawsbuck-Autumn, L88, F|284/284|[from] Chilly Reception\n|\n|-weather|Snow|[upkeep]\n|-heal|p1a: Clodsire|326/343|[from] item: Leftovers\n|upkeep\n|turn|9\n|\n|t:|1714922738\n|switch|p1a: Meloetta|Meloetta, L82|1/298 brn\n|move|p2a: Sawsbuck|Swords Dance|p2a: Sawsbuck\n|-boost|p2a: Sawsbuck|atk|2\n|\n|-weather|Snow|[upkeep]\n|-end|p1a: Meloetta|move: Future Sight\n|-resisted|p1a: Meloetta\n|-damage|p1a: Meloetta|0 fnt\n|faint|p1a: Meloetta\n|upkeep\n|\n|t:|1714922744\n|switch|p1a: Articuno|Articuno, L86|295/295\n|-ability|p1a: Articuno|Pressure\n|turn|10\n|\n|t:|1714922752\n|move|p2a: Sawsbuck|Headbutt|p1a: Articuno\n|-damage|p1a: Articuno|170/295\n|-damage|p2a: Sawsbuck|256/284|[from] item: Life Orb\n|move|p1a: Articuno|Brave Bird|p2a: Sawsbuck\n|-supereffective|p2a: Sawsbuck\n|-damage|p2a: Sawsbuck|0 fnt\n|faint|p2a: Sawsbuck\n|-damage|p1a: Articuno|86/295|[from] Recoil\n|\n|-weather|Snow|[upkeep]\n|upkeep\n|\n|t:|1714922769\n|switch|p2a: Mismagius|Mismagius, L86, M|243/243\n|turn|11\n|\n|t:|1714922775\n|move|p2a: Mismagius|Shadow Ball|p1a: Articuno\n|-damage|p1a: Articuno|0 fnt\n|faint|p1a: Articuno\n|\n|-weather|Snow|[upkeep]\n|upkeep\n|\n|t:|1714922781\n|switch|p1a: Zangoose|Zangoose, L86, M|266/266\n|turn|12\n|\n|t:|1714922786\n|switch|p2a: Minun|Minun, L95, M|268/268\n|move|p1a: Zangoose|Swords Dance|p1a: Zangoose\n|-boost|p1a: Zangoose|atk|2\n|\n|-weather|none\n|-status|p1a: Zangoose|tox|[from] item: Toxic Orb\n|upkeep\n|turn|13\n|\n|t:|1714922790\n|switch|p1a: Clodsire|Clodsire, L81, M|326/343\n|move|p2a: Minun|Thunderbolt|p1a: Clodsire\n|-immune|p1a: Clodsire\n|\n|-heal|p1a: Clodsire|343/343|[from] item: Leftovers\n|upkeep\n|turn|14\n|\n|t:|1714922798\n|move|p2a: Minun|Thunderbolt|p1a: Clodsire\n|-immune|p1a: Clodsire\n|move|p1a: Clodsire|Poison Jab|p2a: Minun\n|-crit|p2a: Minun\n|-damage|p2a: Minun|135/268\n|-status|p2a: Minun|psn\n|\n|-damage|p2a: Minun|102/268 psn|[from] psn\n|upkeep\n|turn|15\n|\n|t:|1714922805\n|move|p2a: Minun|Grass Knot|p1a: Clodsire\n|-damage|p1a: Clodsire|236/343\n|-damage|p2a: Minun|76/268 psn|[from] item: Life Orb\n|move|p1a: Clodsire|Poison Jab|p2a: Minun\n|-damage|p2a: Minun|0 fnt\n|faint|p2a: Minun\n|\n|-heal|p1a: Clodsire|257/343|[from] item: Leftovers\n|upkeep\n|\n|t:|1714922808\n|switch|p2a: Slowking|Slowking, L88, M|310/310 tox\n|turn|16\n|\n|t:|1714922817\n|switch|p1a: Dachsbun|Dachsbun, L91, F|252/252\n|move|p2a: Slowking|Future Sight|p1a: Dachsbun\n|-start|p2a: Slowking|move: Future Sight\n|\n|-damage|p2a: Slowking|291/310 tox|[from] psn\n|upkeep\n|turn|17\n|\n|t:|1714922823\n|move|p1a: Dachsbun|Wish|p1a: Dachsbun\n|move|p2a: Slowking|Scald|p1a: Dachsbun\n|-damage|p1a: Dachsbun|149/252\n|-status|p1a: Dachsbun|brn\n|\n|-heal|p1a: Dachsbun|164/252 brn|[from] item: Leftovers\n|-damage|p2a: Slowking|253/310 tox|[from] psn\n|-damage|p1a: Dachsbun|149/252 brn|[from] brn\n|upkeep\n|turn|18\n|\n|t:|1714922831\n|move|p1a: Dachsbun|Protect|p1a: Dachsbun\n|-singleturn|p1a: Dachsbun|Protect\n|move|p2a: Slowking|Chilly Reception|p2a: Slowking\n|-weather|Snow\n|\n|t:|1714922840\n|switch|p2a: Scyther|Scyther, L82, M|249/249|[from] Chilly Reception\n|\n|-weather|Snow|[upkeep]\n|-end|p1a: Dachsbun|move: Future Sight\n|-damage|p1a: Dachsbun|4/252 brn\n|-heal|p1a: Dachsbun|130/252 brn|[from] move: Wish|[wisher] Dachsbun\n|-heal|p1a: Dachsbun|145/252 brn|[from] item: Leftovers\n|-damage|p1a: Dachsbun|130/252 brn|[from] brn\n|upkeep\n|turn|19\n|\n|t:|1714922847\n|move|p1a: Dachsbun|Wish|p1a: Dachsbun\n|move|p2a: Scyther|Dual Wingbeat|p1a: Dachsbun|[miss]\n|-miss|p2a: Scyther|p1a: Dachsbun\n|\n|-weather|Snow|[upkeep]\n|-heal|p1a: Dachsbun|145/252 brn|[from] item: Leftovers\n|-damage|p1a: Dachsbun|130/252 brn|[from] brn\n|upkeep\n|turn|20\n|\n|t:|1714922855\n|switch|p1a: Clodsire|Clodsire, L81, M|257/343\n|move|p2a: Scyther|Dual Wingbeat|p1a: Clodsire\n|-damage|p1a: Clodsire|161/343\n|-damage|p1a: Clodsire|70/343\n|-hitcount|p1a: Clodsire|2\n|\n|-weather|Snow|[upkeep]\n|-heal|p1a: Clodsire|196/343|[from] move: Wish|[wisher] Dachsbun\n|-heal|p1a: Clodsire|217/343|[from] item: Leftovers\n|upkeep\n|turn|21\n|\n|t:|1714922862\n|move|p2a: Scyther|Dual Wingbeat|p1a: Clodsire\n|-damage|p1a: Clodsire|132/343\n|-damage|p1a: Clodsire|42/343\n|-hitcount|p1a: Clodsire|2\n|move|p1a: Clodsire|Recover|p1a: Clodsire\n|-heal|p1a: Clodsire|214/343\n|\n|-weather|Snow|[upkeep]\n|-heal|p1a: Clodsire|235/343|[from] item: Leftovers\n|upkeep\n|turn|22\n|\n|t:|1714922866\n|move|p2a: Scyther|Dual Wingbeat|p1a: Clodsire\n|-damage|p1a: Clodsire|148/343\n|-damage|p1a: Clodsire|63/343\n|-hitcount|p1a: Clodsire|2\n|move|p1a: Clodsire|Recover|p1a: Clodsire\n|-heal|p1a: Clodsire|235/343\n|\n|-weather|none\n|-heal|p1a: Clodsire|256/343|[from] item: Leftovers\n|upkeep\n|turn|23\n|\n|t:|1714922870\n|move|p2a: Scyther|Dual Wingbeat|p1a: Clodsire\n|-damage|p1a: Clodsire|172/343\n|-damage|p1a: Clodsire|76/343\n|-hitcount|p1a: Clodsire|2\n|move|p1a: Clodsire|Toxic|p2a: Scyther\n|-status|p2a: Scyther|tox\n|\n|-heal|p1a: Clodsire|97/343|[from] item: Leftovers\n|-damage|p2a: Scyther|234/249 tox|[from] psn\n|upkeep\n|turn|24\n|\n|t:|1714922875\n|switch|p1a: Dachsbun|Dachsbun, L91, F|130/252 brn\n|move|p2a: Scyther|Dual Wingbeat|p1a: Dachsbun\n|-damage|p1a: Dachsbun|79/252 brn\n|-damage|p1a: Dachsbun|30/252 brn\n|-hitcount|p1a: Dachsbun|2\n|\n|-heal|p1a: Dachsbun|45/252 brn|[from] item: Leftovers\n|-damage|p2a: Scyther|204/249 tox|[from] psn\n|-damage|p1a: Dachsbun|30/252 brn|[from] brn\n|upkeep\n|turn|25\n|\n|t:|1714922887\n|move|p1a: Dachsbun|Protect|p1a: Dachsbun\n|-singleturn|p1a: Dachsbun|Protect\n|move|p2a: Scyther|Dual Wingbeat|p1a: Dachsbun\n|-activate|p1a: Dachsbun|move: Protect\n|\n|-heal|p1a: Dachsbun|45/252 brn|[from] item: Leftovers\n|-damage|p2a: Scyther|159/249 tox|[from] psn\n|-damage|p1a: Dachsbun|30/252 brn|[from] brn\n|upkeep\n|turn|26\n|\n|t:|1714922894\n|move|p1a: Dachsbun|Wish|p1a: Dachsbun\n|move|p2a: Scyther|Dual Wingbeat|p1a: Dachsbun\n|-damage|p1a: Dachsbun|0 fnt\n|faint|p1a: Dachsbun\n|-hitcount|p1: Dachsbun|1\n|\n|-damage|p2a: Scyther|99/249 tox|[from] psn\n|upkeep\n|\n|t:|1714922900\n|switch|p1a: Zangoose|Zangoose, L86, M|266/266 tox\n|turn|27\n|\n|t:|1714922905\n|switch|p2a: Mismagius|Mismagius, L86, M|243/243\n|switch|p1a: Clodsire|Clodsire, L81, M|97/343\n|\n|-heal|p1a: Clodsire|223/343|[from] move: Wish|[wisher] Dachsbun\n|-heal|p1a: Clodsire|244/343|[from] item: Leftovers\n|upkeep\n|turn|28\n|\n|t:|1714922914\n|switch|p2a: Slowking|Slowking, L88, M|310/310 tox\n|move|p1a: Clodsire|Toxic|p2a: Slowking\n|-fail|p2a: Slowking|tox\n|\n|-heal|p1a: Clodsire|265/343|[from] item: Leftovers\n|-damage|p2a: Slowking|291/310 tox|[from] psn\n|upkeep\n|turn|29\n|\n|t:|1714922921\n|move|p2a: Slowking|Scald|p1a: Clodsire\n|-supereffective|p1a: Clodsire\n|-damage|p1a: Clodsire|97/343\n|move|p1a: Clodsire|Earthquake|p2a: Slowking\n|-damage|p2a: Slowking|210/310 tox\n|\n|-heal|p1a: Clodsire|118/343|[from] item: Leftovers\n|-damage|p2a: Slowking|172/310 tox|[from] psn\n|upkeep\n|turn|30\n|\n|t:|1714922928\n|move|p2a: Slowking|Scald|p1a: Clodsire\n|-supereffective|p1a: Clodsire\n|-damage|p1a: Clodsire|0 fnt\n|faint|p1a: Clodsire\n|\n|-damage|p2a: Slowking|115/310 tox|[from] psn\n|upkeep\n|\n|t:|1714922933\n|switch|p1a: Zangoose|Zangoose, L86, M|266/266 tox\n|turn|31\n|\n|t:|1714922953\n|move|p1a: Zangoose|Knock Off|p2a: Slowking\n|-supereffective|p2a: Slowking\n|-crit|p2a: Slowking\n|-damage|p2a: Slowking|0 fnt\n|-enditem|p2a: Slowking|Heavy-Duty Boots|[from] move: Knock Off|[of] p1a: Zangoose\n|faint|p2a: Slowking\n|\n|-damage|p1a: Zangoose|250/266 tox|[from] psn\n|upkeep\n|\n|t:|1714922957\n|switch|p2a: Scyther|Scyther, L82, M|99/249 tox\n|turn|32\n|\n|t:|1714922965\n|switch|p1a: Palossand|Palossand, L89, F|296/296\n|move|p2a: Scyther|Close Combat|p1a: Palossand\n|-immune|p1a: Palossand\n|\n|-damage|p2a: Scyther|84/249 tox|[from] psn\n|upkeep\n|turn|33\n|\n|t:|1714922973\n|move|p2a: Scyther|U-turn|p1a: Palossand\n|-resisted|p1a: Palossand\n|-damage|p1a: Palossand|267/296\n|\n|t:|1714922974\n|switch|p2a: Zekrom|Zekrom, L71|259/259|[from] U-turn\n|-ability|p2a: Zekrom|Teravolt\n|move|p1a: Palossand|Stealth Rock|p2a: Zekrom\n|-sidestart|p2: smokyaim|move: Stealth Rock\n|\n|-heal|p1a: Palossand|285/296|[from] item: Leftovers\n|upkeep\n|turn|34\n|\n|t:|1714922982\n|switch|p2a: Mismagius|Mismagius, L86, M|243/243\n|-damage|p2a: Mismagius|213/243|[from] Stealth Rock\n|move|p1a: Palossand|Shadow Ball|p2a: Mismagius\n|-supereffective|p2a: Mismagius\n|-damage|p2a: Mismagius|33/243\n|\n|-heal|p1a: Palossand|296/296|[from] item: Leftovers\n|upkeep\n|turn|35\n|\n|t:|1714922995\n|switch|p2a: Scyther|Scyther, L82, M|84/249 tox\n|switch|p1a: Zangoose|Zangoose, L86, M|250/266 tox\n|\n|-damage|p2a: Scyther|69/249 tox|[from] psn\n|-damage|p1a: Zangoose|234/266 tox|[from] psn\n|upkeep\n|turn|36\n|\n|t:|1714923001\n|switch|p2a: Mismagius|Mismagius, L86, M|33/243\n|-damage|p2a: Mismagius|3/243|[from] Stealth Rock\n|move|p1a: Zangoose|Knock Off|p2a: Mismagius\n|-supereffective|p2a: Mismagius\n|-damage|p2a: Mismagius|0 fnt\n|-enditem|p2a: Mismagius|Choice Specs|[from] move: Knock Off|[of] p1a: Zangoose\n|faint|p2a: Mismagius\n|\n|-damage|p1a: Zangoose|202/266 tox|[from] psn\n|upkeep\n|\n|t:|1714923008\n|switch|p2a: Scyther|Scyther, L82, M|69/249 tox\n|turn|37\n|\n|t:|1714923013\n|switch|p1a: Palossand|Palossand, L89, F|296/296\n|move|p2a: Scyther|U-turn|p1a: Palossand\n|-resisted|p1a: Palossand\n|-damage|p1a: Palossand|263/296\n|\n|t:|1714923015\n|switch|p2a: Zekrom|Zekrom, L71|259/259|[from] U-turn\n|-damage|p2a: Zekrom|227/259|[from] Stealth Rock\n|-ability|p2a: Zekrom|Teravolt\n|\n|-heal|p2a: Zekrom|243/259|[from] item: Leftovers\n|-heal|p1a: Palossand|281/296|[from] item: Leftovers\n|upkeep\n|turn|38\n|-message|smokyaim forfeited.\n|\n|win|ThePianoSonataNo12\n|raw|ThePianoSonataNo12's rating: 2267 &rarr; <strong>2294</strong><br />(+27 for winning)\n|raw|smokyaim's rating: 2396 &rarr; <strong>2369</strong><br />(-27 for losing)\n|l|\u203dsmokyaim\n|player|p2|\n|c|\u2606ThePianoSonataNo12|locked\n|c|\u2606ThePianoSonataNo12|lmfao\n|c|\u2606ThePianoSonataNo12|bg\n|c|\u2606ThePianoSonataNo12|terrible plays\n|c|\u2606ThePianoSonataNo12|ladder is not reliable anymore if someone like you can crack the high 2300s\n|c|\u2606ThePianoSonataNo12|this game is absolute trash, I retire from here, level is just way too low nowadays\n", "inputlog": ">version 2cc90ceb603322b9c7a55380fd27efd5fc357af5\n>start {\"formatid\":\"gen9randombattle\",\"seed\":[6480,58294,38152,14979],\"rated\":\"Rated battle\"}\n>player p1 {\"name\":\"ThePianoSonataNo12\",\"avatar\":\"pokekid\",\"rating\":2267,\"seed\":[19255,32981,18077,41375]}\n>player p2 {\"name\":\"smokyaim\",\"avatar\":\"1\",\"rating\":2396,\"seed\":[58661,48291,53369,46172]}\n>p1 switch 6\n>p2 switch 3\n>p1 move calmmind\n>p2 move scald\n>p1 move calmmind\n>p2 move chillyreception\n>p2 switch 5\n>p1 move hypervoice\n>p2 move uturn\n>p2 switch 3\n>p1 switch 6\n>p2 move mysticalfire\n>p1 move toxic\n>p2 switch 5\n>p1 switch 6\n>p2 move futuresight\n>p1 switch 6\n>p2 move chillyreception\n>p2 switch 2\n>p1 switch 6\n>p2 move swordsdance\n>p1 switch 5\n>p1 move bravebird\n>p2 move headbutt\n>p2 switch 5\n>p1 move roost\n>p2 move shadowball\n>p1 switch 2\n>p1 move swordsdance\n>p2 switch 6\n>p1 switch 6\n>p2 move thunderbolt\n>p1 move poisonjab\n>p2 move thunderbolt\n>p1 move poisonjab\n>p2 move grassknot\n>p2 switch 2\n>p1 switch 4\n>p2 move futuresight\n>p1 move wish\n>p2 move scald\n>p1 move protect\n>p2 move chillyreception\n>p2 switch 3\n>p1 move wish\n>p2 move dualwingbeat\n>p1 switch 4\n>p2 move dualwingbeat\n>p1 move recover\n>p2 move dualwingbeat\n>p1 move recover\n>p2 move dualwingbeat\n>p1 move toxic\n>p2 move dualwingbeat\n>p1 switch 4\n>p2 move dualwingbeat\n>p1 move protect\n>p2 move dualwingbeat\n>p1 move wish\n>p2 move dualwingbeat\n>p1 switch 6\n>p1 switch 4\n>p2 switch 6\n>p1 move toxic\n>p2 switch 3\n>p1 move earthquake\n>p2 move scald\n>p1 move recover\n>p2 move scald\n>p1 switch 4\n>p1 move knockoff\n>p2 move scald\n>p2 switch 6\n>p1 switch 3\n>p2 move closecombat\n>p1 move stealthrock\n>p2 move uturn\n>p2 switch 4\n>p1 move shadowball\n>p2 switch 3\n>p1 switch 3\n>p2 switch 4\n>p1 move knockoff\n>p2 switch 4\n>p2 switch 4\n>p1 switch 3\n>p2 move uturn\n>p2 switch 3\n>forcelose p2", "uploadtime": 1714923027, "views": 327, "formatid": "gen9randombattle", "rating": 2294, "private": 0, "password": null}