{"id": "gen9randombattle-2260688069", "format": "[Gen 9] Random Battle", "players": ["Milara", "Rogue K"], "log": "|j|\u2606Milara\n|j|\u2606Rogue K\n|t:|1733878581\n|gametype|singles\n|player|p1|Milara|266|1237\n|player|p2|Rogue K|harlequin|1277\n|teamsize|p1|6\n|teamsize|p2|6\n|gen|9\n|tier|[Gen 9] Random Battle\n|rated|\n|rule|Species Clause: Limit one of each Pok\u00e9mon\n|rule|HP Percentage Mod: HP is shown in percentages\n|rule|Sleep Clause Mod: Limit one foe put to sleep\n|rule|Illusion Level Mod: Illusion disguises the Pok\u00e9mon's true level\n|\n|t:|1733878581\n|start\n|switch|p1a: Vespiquen|Vespiquen, L98, F|296/296\n|switch|p2a: Bronzong|Bronzong, L88|261/261\n|-ability|p1a: Vespiquen|Pressure\n|turn|1\n|\n|t:|1733878592\n|move|p1a: Vespiquen|Toxic Spikes|p2a: Bronzong\n|-sidestart|p2: Rogue K|move: Toxic Spikes\n|move|p2a: Bronzong|Stealth Rock|p1a: Vespiquen\n|-sidestart|p1: Milara|move: Stealth Rock\n|\n|upkeep\n|turn|2\n|inactive|Battle timer is ON: inactive players will automatically lose when time's up. (requested by Rogue K)\n|\n|t:|1733878598\n|move|p1a: Vespiquen|Toxic Spikes|p2a: Bronzong\n|-sidestart|p2: Rogue K|move: Toxic Spikes\n|move|p2a: Bronzong|Hypnosis|p1a: Vespiquen|[miss]\n|-miss|p2a: Bronzong|p1a: Vespiquen\n|\n|upkeep\n|turn|3\n|\n|t:|1733878603\n|move|p1a: Vespiquen|Spikes|p2a: Bronzong\n|-sidestart|p2: Rogue K|Spikes\n|move|p2a: Bronzong|Hypnosis|p1a: Vespiquen\n|-status|p1a: Vespiquen|slp|[from] move: Hypnosis\n|\n|upkeep\n|turn|4\n|\n|t:|1733878613\n|switch|p1a: Typhlosion|Typhlosion-Hisui, L83, F|257/257\n|-damage|p1a: Typhlosion|193/257|[from] Stealth Rock\n|move|p2a: Bronzong|Iron Head|p1a: Typhlosion\n|-resisted|p1a: Typhlosion\n|-damage|p1a: Typhlosion|143/257\n|\n|upkeep\n|turn|5\n|\n|t:|1733878626\n|switch|p2a: Arbok|Arbok, L87, F|246/246\n|-sideend|p2: Rogue K|move: Toxic Spikes|[of] p2a: Arbok\n|-damage|p2a: Arbok|216/246|[from] Spikes\n|-ability|p2a: Arbok|Intimidate|boost\n|-unboost|p1a: Typhlosion|atk|1\n|move|p1a: Typhlosion|Eruption|p2a: Arbok\n|-damage|p2a: Arbok|101/246\n|\n|upkeep\n|turn|6\n|\n|t:|1733878634\n|move|p2a: Arbok|Sucker Punch|p1a: Typhlosion\n|-supereffective|p1a: Typhlosion\n|-damage|p1a: Typhlosion|0 fnt\n|faint|p1a: Typhlosion\n|\n|upkeep\n|\n|t:|1733878644\n|switch|p1a: Regigigas|Regigigas, L84|322/322\n|-damage|p1a: Regigigas|282/322|[from] Stealth Rock\n|-start|p1a: Regigigas|ability: Slow Start\n|turn|7\n|\n|t:|1733878657\n|switch|p2a: Bronzong|Bronzong, L88|261/261\n|move|p1a: Regigigas|Knock Off|p2a: Bronzong\n|-supereffective|p2a: Bronzong\n|-damage|p2a: Bronzong|185/261\n|-enditem|p2a: Bronzong|Leftovers|[from] move: Knock Off|[of] p1a: Regigigas\n|\n|-heal|p1a: Regigigas|302/322|[from] item: Leftovers\n|upkeep\n|turn|8\n|\n|t:|1733878677\n|-end|p1a: Regigigas|Slow Start|[silent]\n|switch|p1a: Falinks|Falinks, L84|246/246\n|-damage|p1a: Falinks|231/246|[from] Stealth Rock\n|move|p2a: Bronzong|Psychic Noise|p1a: Falinks\n|-supereffective|p1a: Falinks\n|-crit|p1a: Falinks\n|-damage|p1a: Falinks|0 fnt\n|faint|p1a: Falinks\n|\n|upkeep\n|inactive|Milara has 120 seconds left.\n|\n|t:|1733878717\n|switch|p1a: Dedenne|Dedenne, L88, F|261/261\n|-damage|p1a: Dedenne|229/261|[from] Stealth Rock\n|turn|9\n|\n|t:|1733878735\n|move|p1a: Dedenne|Thunderbolt|p2a: Bronzong\n|-damage|p2a: Bronzong|112/261\n|move|p2a: Bronzong|Iron Head|p1a: Dedenne\n|-damage|p1a: Dedenne|106/261\n|-enditem|p1a: Dedenne|Sitrus Berry|[eat]\n|-heal|p1a: Dedenne|171/261|[from] item: Sitrus Berry\n|-heal|p1a: Dedenne|258/261|[from] ability: Cheek Pouch\n|\n|upkeep\n|turn|10\n|\n|t:|1733878748\n|move|p1a: Dedenne|Thunderbolt|p2a: Bronzong\n|-damage|p2a: Bronzong|45/261\n|move|p2a: Bronzong|Iron Head|p1a: Dedenne\n|-damage|p1a: Dedenne|144/261\n|\n|upkeep\n|turn|11\n|\n|t:|1733878753\n|move|p1a: Dedenne|Thunderbolt|p2a: Bronzong\n|-damage|p2a: Bronzong|0 fnt\n|faint|p2a: Bronzong\n|\n|upkeep\n|\n|t:|1733878766\n|switch|p2a: Arbok|Arbok, L87, F|101/246\n|-damage|p2a: Arbok|71/246|[from] Spikes\n|-ability|p2a: Arbok|Intimidate|boost\n|-unboost|p1a: Dedenne|atk|1\n|turn|12\n|inactive|Milara has 120 seconds left.\n|\n|t:|1733878772\n|move|p1a: Dedenne|Thunderbolt|p2a: Arbok\n|-damage|p2a: Arbok|0 fnt\n|faint|p2a: Arbok\n|\n|upkeep\n|\n|t:|1733878776\n|switch|p2a: Diancie|Diancie, L82|216/216\n|-damage|p2a: Diancie|189/216|[from] Spikes\n|turn|13\n|\n|t:|1733878785\n|move|p1a: Dedenne|Super Fang|p2a: Diancie\n|-damage|p2a: Diancie|95/216\n|move|p2a: Diancie|Rock Polish|p2a: Diancie\n|-boost|p2a: Diancie|spe|2\n|\n|-heal|p2a: Diancie|108/216|[from] item: Leftovers\n|upkeep\n|turn|14\n|\n|t:|1733878795\n|move|p2a: Diancie|Diamond Storm|p1a: Dedenne|[miss]\n|-miss|p2a: Diancie|p1a: Dedenne\n|move|p1a: Dedenne|Thunderbolt|p2a: Diancie\n|-damage|p2a: Diancie|48/216\n|-status|p2a: Diancie|par\n|\n|-heal|p2a: Diancie|61/216 par|[from] item: Leftovers\n|upkeep\n|turn|15\n|c|\u2606Rogue K|unfortunate\n|\n|t:|1733878803\n|move|p1a: Dedenne|Thunderbolt|p2a: Diancie\n|-damage|p2a: Diancie|0 fnt\n|faint|p2a: Diancie\n|\n|upkeep\n|\n|t:|1733878811\n|switch|p2a: Farigiraf|Farigiraf, L91, M|366/366\n|-damage|p2a: Farigiraf|321/366|[from] Spikes\n|turn|16\n|\n|t:|1733878818\n|move|p1a: Dedenne|Super Fang|p2a: Farigiraf|[miss]\n|-miss|p1a: Dedenne|p2a: Farigiraf\n|move|p2a: Farigiraf|Body Slam|p1a: Dedenne\n|-damage|p1a: Dedenne|9/261\n|\n|-heal|p2a: Farigiraf|343/366|[from] item: Leftovers\n|upkeep\n|turn|17\n|\n|t:|1733878828\n|move|p1a: Dedenne|Super Fang|p2a: Farigiraf\n|-damage|p2a: Farigiraf|172/366\n|move|p2a: Farigiraf|Psychic Noise|p1a: Dedenne\n|-damage|p1a: Dedenne|0 fnt\n|faint|p1a: Dedenne\n|\n|-heal|p2a: Farigiraf|194/366|[from] item: Leftovers\n|upkeep\n|\n|t:|1733878839\n|switch|p1a: Regigigas|Regigigas, L84|302/322\n|-damage|p1a: Regigigas|262/322|[from] Stealth Rock\n|-start|p1a: Regigigas|ability: Slow Start\n|turn|18\n|\n|t:|1733878853\n|move|p2a: Farigiraf|Wish|p2a: Farigiraf\n|move|p1a: Regigigas|Knock Off|p2a: Farigiraf\n|-supereffective|p2a: Farigiraf\n|-damage|p2a: Farigiraf|90/366\n|-enditem|p2a: Farigiraf|Leftovers|[from] move: Knock Off|[of] p1a: Regigigas\n|\n|-heal|p1a: Regigigas|282/322|[from] item: Leftovers\n|upkeep\n|turn|19\n|\n|t:|1733878861\n|move|p2a: Farigiraf|Protect|p2a: Farigiraf\n|-singleturn|p2a: Farigiraf|Protect\n|move|p1a: Regigigas|Knock Off|p2a: Farigiraf\n|-activate|p2a: Farigiraf|move: Protect\n|\n|-heal|p2a: Farigiraf|273/366|[from] move: Wish|[wisher] Farigiraf\n|-heal|p1a: Regigigas|302/322|[from] item: Leftovers\n|upkeep\n|turn|20\n|\n|t:|1733878875\n|move|p2a: Farigiraf|Wish|p2a: Farigiraf\n|move|p1a: Regigigas|Knock Off|p2a: Farigiraf\n|-supereffective|p2a: Farigiraf\n|-damage|p2a: Farigiraf|197/366\n|\n|-heal|p1a: Regigigas|322/322|[from] item: Leftovers\n|upkeep\n|turn|21\n|\n|t:|1733878887\n|move|p1a: Regigigas|Protect|p1a: Regigigas\n|-singleturn|p1a: Regigigas|Protect\n|move|p2a: Farigiraf|Body Slam|p1a: Regigigas\n|-activate|p1a: Regigigas|move: Protect\n|\n|-heal|p2a: Farigiraf|366/366|[from] move: Wish|[wisher] Farigiraf\n|upkeep\n|turn|22\n|\n|t:|1733878894\n|move|p2a: Farigiraf|Body Slam|p1a: Regigigas\n|-damage|p1a: Regigigas|237/322\n|move|p1a: Regigigas|Knock Off|p2a: Farigiraf\n|-supereffective|p2a: Farigiraf\n|-damage|p2a: Farigiraf|286/366\n|\n|-heal|p1a: Regigigas|257/322|[from] item: Leftovers\n|-end|p1a: Regigigas|Slow Start\n|upkeep\n|turn|23\n|\n|t:|1733878907\n|move|p1a: Regigigas|Body Slam|p2a: Farigiraf\n|-damage|p2a: Farigiraf|148/366\n|-status|p2a: Farigiraf|par\n|move|p2a: Farigiraf|Body Slam|p1a: Regigigas\n|-damage|p1a: Regigigas|179/322\n|\n|-heal|p1a: Regigigas|199/322|[from] item: Leftovers\n|upkeep\n|turn|24\n|\n|t:|1733878915\n|move|p1a: Regigigas|Body Slam|p2a: Farigiraf\n|-damage|p2a: Farigiraf|6/366 par\n|move|p2a: Farigiraf|Body Slam|p1a: Regigigas\n|-damage|p1a: Regigigas|108/322\n|-status|p1a: Regigigas|par\n|\n|-heal|p1a: Regigigas|128/322 par|[from] item: Leftovers\n|upkeep\n|turn|25\n|\n|t:|1733878926\n|move|p1a: Regigigas|Body Slam|p2a: Farigiraf\n|-damage|p2a: Farigiraf|0 fnt\n|faint|p2a: Farigiraf\n|\n|-heal|p1a: Regigigas|148/322 par|[from] item: Leftovers\n|upkeep\n|\n|t:|1733878930\n|switch|p2a: Pelipper|Pelipper, L86, F|243/243\n|-weather|RainDance|[from] ability: Drizzle|[of] p2a: Pelipper\n|turn|26\n|\n|t:|1733878941\n|move|p2a: Pelipper|Weather Ball|p1a: Regigigas\n|-damage|p1a: Regigigas|0 fnt\n|faint|p1a: Regigigas\n|-end|p1a: Regigigas|Slow Start|[silent]\n|\n|-weather|RainDance|[upkeep]\n|upkeep\n|\n|t:|1733878953\n|switch|p1a: Cyclizar|Cyclizar, L83, F|252/252\n|turn|27\n|\n|t:|1733878963\n|switch|p2a: Feraligatr|Feraligatr, L79, F|264/264\n|-damage|p2a: Feraligatr|231/264|[from] Spikes\n|move|p1a: Cyclizar|Rapid Spin|p2a: Feraligatr\n|-damage|p2a: Feraligatr|185/264\n|-boost|p1a: Cyclizar|spe|1\n|-sideend|p1: Milara|Stealth Rock|[from] move: Rapid Spin|[of] p1a: Cyclizar\n|\n|-weather|RainDance|[upkeep]\n|upkeep\n|turn|28\n|\n|t:|1733878974\n|move|p1a: Cyclizar|Taunt|p2a: Feraligatr\n|-start|p2a: Feraligatr|move: Taunt\n|cant|p2a: Feraligatr|move: Taunt|Dragon Dance\n|\n|-weather|RainDance|[upkeep]\n|upkeep\n|turn|29\n|\n|t:|1733878980\n|move|p1a: Cyclizar|Draco Meteor|p2a: Feraligatr\n|-damage|p2a: Feraligatr|37/264\n|-unboost|p1a: Cyclizar|spa|2\n|move|p2a: Feraligatr|Ice Punch|p1a: Cyclizar\n|-supereffective|p1a: Cyclizar\n|-damage|p1a: Cyclizar|39/252\n|\n|-weather|RainDance|[upkeep]\n|upkeep\n|turn|30\n|\n|t:|1733878991\n|move|p1a: Cyclizar|Rapid Spin|p2a: Feraligatr\n|-damage|p2a: Feraligatr|0 fnt\n|-boost|p1a: Cyclizar|spe|1\n|faint|p2a: Feraligatr\n|\n|-weather|none\n|upkeep\n|\n|t:|1733878993\n|switch|p2a: Pelipper|Pelipper, L86, F|243/243\n|-weather|RainDance|[from] ability: Drizzle|[of] p2a: Pelipper\n|turn|31\n|\n|t:|1733879004\n|move|p1a: Cyclizar|Shed Tail|p1a: Cyclizar\n|-fail|p1a: Cyclizar|move: Shed Tail|[weak]\n|move|p2a: Pelipper|Hurricane|p1a: Cyclizar\n|-damage|p1a: Cyclizar|0 fnt\n|faint|p1a: Cyclizar\n|\n|-weather|RainDance|[upkeep]\n|upkeep\n|\n|t:|1733879015\n|switch|p1a: Vespiquen|Vespiquen, L98, F|296/296 slp\n|-ability|p1a: Vespiquen|Pressure\n|turn|32\n|\n|t:|1733879020\n|-terastallize|p1a: Vespiquen|Steel\n|move|p2a: Pelipper|Hurricane|p1a: Vespiquen\n|-resisted|p1a: Vespiquen\n|-damage|p1a: Vespiquen|222/296 slp\n|cant|p1a: Vespiquen|slp\n|\n|-weather|RainDance|[upkeep]\n|upkeep\n|turn|33\n|\n|t:|1733879027\n|move|p2a: Pelipper|Hurricane|p1a: Vespiquen\n|-resisted|p1a: Vespiquen\n|-damage|p1a: Vespiquen|148/296 slp\n|-start|p1a: Vespiquen|confusion\n|-curestatus|p1a: Vespiquen|slp|[msg]\n|-activate|p1a: Vespiquen|confusion\n|move|p1a: Vespiquen|Roost|p1a: Vespiquen\n|-heal|p1a: Vespiquen|296/296\n|\n|-weather|RainDance|[upkeep]\n|upkeep\n|turn|34\n|\n|t:|1733879038\n|move|p2a: Pelipper|Hurricane|p1a: Vespiquen\n|-resisted|p1a: Vespiquen\n|-damage|p1a: Vespiquen|229/296\n|-activate|p1a: Vespiquen|confusion\n|move|p1a: Vespiquen|Hurricane|p2a: Pelipper\n|-damage|p2a: Pelipper|72/243\n|\n|-weather|RainDance|[upkeep]\n|upkeep\n|turn|35\n|c|\u2606Rogue K|damn shoulda went for hydro pump :/\n|c|\u2606Rogue K|ggs\n|\n|t:|1733879047\n|move|p2a: Pelipper|Hurricane|p1a: Vespiquen\n|-resisted|p1a: Vespiquen\n|-damage|p1a: Vespiquen|157/296\n|-activate|p1a: Vespiquen|confusion\n|move|p1a: Vespiquen|Hurricane|p2a: Pelipper\n|-damage|p2a: Pelipper|0 fnt\n|faint|p2a: Pelipper\n|\n|win|Milara\n|raw|Milara's rating: 1237 &rarr; <strong>1265</strong><br />(+28 for winning)\n|raw|Rogue K's rating: 1277 &rarr; <strong>1249</strong><br />(-28 for losing)\n|l|\u2606Rogue K\n|player|p2|\n", "inputlog": ">version bfd83cad13791eb5a5a409923076391caf6fb4d4\n>start {\"formatid\":\"gen9randombattle\",\"seed\":[47909,52445,32997,42381],\"rated\":\"Rated battle\"}\n>player p1 {\"name\":\"Milara\",\"avatar\":\"266\",\"rating\":1237,\"seed\":[32583,35208,53045,62803]}\n>player p2 {\"name\":\"Rogue K\",\"avatar\":\"harlequin\",\"rating\":1277,\"seed\":[16361,53249,21457,6965]}\n>p1 move toxicspikes\n>p2 move stealthrock\n>p1 move toxicspikes\n>p2 move hypnosis\n>p1 move spikes\n>p2 move hypnosis\n>p1 switch 2\n>p2 move ironhead\n>p1 move eruption\n>p2 switch 5\n>p1 move eruption\n>p2 move suckerpunch\n>p1 switch 3\n>p1 move knockoff\n>p2 switch 5\n>p1 switch 6\n>p2 move psychicnoise\n>p1 switch 4\n>p1 move thunderbolt\n>p2 move ironhead\n>p1 move thunderbolt\n>p2 move ironhead\n>p1 move thunderbolt\n>p2 move ironhead\n>p2 switch 5\n>p1 move thunderbolt\n>p2 move gunkshot\n>p2 switch 3\n>p1 move superfang\n>p2 move rockpolish\n>p1 move thunderbolt\n>p2 move diamondstorm\n>chat \u2606Rogue K|unfortunate\n>p1 move thunderbolt\n>p2 move diamondstorm\n>p2 switch 6\n>p1 move superfang\n>p2 move bodyslam\n>p1 move superfang\n>p2 move psychicnoise\n>p1 switch 6\n>p1 move knockoff\n>p2 move wish\n>p1 move knockoff\n>p2 move protect\n>p1 move knockoff\n>p2 move wish\n>p1 move protect\n>p2 move bodyslam\n>p1 move knockoff\n>p2 move bodyslam\n>p1 move bodyslam\n>p2 move bodyslam\n>p1 move bodyslam\n>p2 move bodyslam\n>p1 move bodyslam\n>p2 move psychicnoise\n>p2 switch 4\n>p1 move knockoff\n>p2 move weatherball\n>p1 switch 5\n>p1 move rapidspin\n>p2 switch 2\n>p1 move taunt\n>p2 move dragondance\n>p1 move dracometeor\n>p2 move icepunch\n>p1 move rapidspin\n>p2 move icepunch\n>p2 switch 2\n>p1 move shedtail\n>p2 move hurricane\n>p1 switch 2\n>p1 move hurricane terastallize\n>p2 move hurricane\n>p1 move roost\n>p2 move hurricane\n>p1 move hurricane\n>p2 move hurricane\n>chat \u2606Rogue K|damn shoulda went for hydro pump :/\n>chat \u2606Rogue K|ggs\n>p1 move hurricane\n>p2 move hurricane", "uploadtime": 1733879064, "views": 1, "formatid": "gen9randombattle", "rating": 1249, "private": 0, "password": null}