{"id": "gen9randombattle-2260891154", "format": "[Gen 9] Random Battle", "players": ["Xelou7", "Wyattstick"], "log": "|j|\u2606Xelou7\n|j|\u2606Wyattstick\n|t:|1733911832\n|gametype|singles\n|player|p1|Xelou7|pokemaniac|1110\n|player|p2|Wyattstick|102|1073\n|teamsize|p1|6\n|teamsize|p2|6\n|gen|9\n|tier|[Gen 9] Random Battle\n|rated|\n|rule|Species Clause: Limit one of each Pok\u00e9mon\n|rule|HP Percentage Mod: HP is shown in percentages\n|rule|Sleep Clause Mod: Limit one foe put to sleep\n|rule|Illusion Level Mod: Illusion disguises the Pok\u00e9mon's true level\n|\n|t:|1733911832\n|start\n|switch|p1a: Furret|Furret, L94, M|312/312\n|switch|p2a: Salazzle|Salazzle, L83, F|249/249\n|-item|p2a: Salazzle|Leftovers|[from] ability: Frisk|[of] p1a: Furret\n|turn|1\n|\n|t:|1733911855\n|move|p2a: Salazzle|Toxic|p1a: Furret\n|-status|p1a: Furret|tox\n|move|p1a: Furret|Trick|p2a: Salazzle\n|-activate|p1a: Furret|move: Trick|[of] p2a: Salazzle\n|-item|p2a: Salazzle|Choice Band|[from] move: Trick\n|-item|p1a: Furret|Leftovers|[from] move: Trick\n|\n|-damage|p1a: Furret|293/312 tox|[from] psn\n|upkeep\n|turn|2\n|\n|t:|1733911874\n|move|p2a: Salazzle|Protect|p2a: Salazzle\n|-singleturn|p2a: Salazzle|Protect\n|move|p1a: Furret|Double-Edge|p2a: Salazzle\n|-activate|p2a: Salazzle|move: Protect\n|\n|-heal|p1a: Furret|312/312 tox|[from] item: Leftovers\n|-damage|p1a: Furret|274/312 tox|[from] psn\n|upkeep\n|turn|3\n|\n|t:|1733911901\n|switch|p2a: Amoonguss|Amoonguss, L82, F|321/321\n|move|p1a: Furret|Knock Off|p2a: Amoonguss\n|-damage|p2a: Amoonguss|228/321\n|-enditem|p2a: Amoonguss|Leftovers|[from] move: Knock Off|[of] p1a: Furret\n|\n|-heal|p1a: Furret|293/312 tox|[from] item: Leftovers\n|-damage|p1a: Furret|236/312 tox|[from] psn\n|upkeep\n|turn|4\n|\n|t:|1733911921\n|move|p1a: Furret|Double-Edge|p2a: Amoonguss\n|-damage|p2a: Amoonguss|78/321\n|-damage|p1a: Furret|186/312 tox|[from] Recoil\n|move|p2a: Amoonguss|Giga Drain|p1a: Furret\n|-damage|p1a: Furret|101/312 tox\n|-heal|p2a: Amoonguss|121/321|[from] drain|[of] p1a: Furret\n|\n|-heal|p1a: Furret|120/312 tox|[from] item: Leftovers\n|-damage|p1a: Furret|44/312 tox|[from] psn\n|upkeep\n|turn|5\n|\n|t:|1733911953\n|move|p1a: Furret|Double-Edge|p2a: Amoonguss\n|-damage|p2a: Amoonguss|0 fnt\n|faint|p2a: Amoonguss\n|-damage|p1a: Furret|4/312 tox|[from] Recoil\n|\n|-heal|p1a: Furret|23/312 tox|[from] item: Leftovers\n|-damage|p1a: Furret|0 fnt|[from] psn\n|faint|p1a: Furret\n|upkeep\n|\n|t:|1733911976\n|switch|p1a: Espeon|Espeon, L84, M|246/246\n|switch|p2a: Phione|Phione, L91|293/293\n|turn|6\n|\n|t:|1733912010\n|switch|p1a: Comfey|Comfey, L85, M|225/225\n|move|p2a: Phione|Scald|p1a: Comfey\n|-crit|p1a: Comfey\n|-damage|p1a: Comfey|122/225\n|-status|p1a: Comfey|brn\n|\n|-heal|p1a: Comfey|136/225 brn|[from] item: Leftovers\n|-damage|p1a: Comfey|122/225 brn|[from] brn\n|upkeep\n|turn|7\n|\n|t:|1733912023\n|move|p1a: Comfey|Giga Drain|p2a: Phione\n|-supereffective|p2a: Phione\n|-damage|p2a: Phione|195/293\n|-heal|p1a: Comfey|171/225 brn|[from] drain|[of] p2a: Phione\n|move|p2a: Phione|Scald|p1a: Comfey\n|-damage|p1a: Comfey|93/225 brn\n|\n|-heal|p1a: Comfey|107/225 brn|[from] item: Leftovers\n|-heal|p2a: Phione|213/293|[from] item: Leftovers\n|-damage|p1a: Comfey|93/225 brn|[from] brn\n|upkeep\n|turn|8\n|\n|t:|1733912044\n|switch|p2a: Salazzle|Salazzle, L83, F|249/249\n|move|p1a: Comfey|Giga Drain|p2a: Salazzle\n|-resisted|p2a: Salazzle\n|-damage|p2a: Salazzle|232/249\n|-heal|p1a: Comfey|102/225 brn|[from] drain|[of] p2a: Salazzle\n|\n|-heal|p1a: Comfey|116/225 brn|[from] item: Leftovers\n|-damage|p1a: Comfey|102/225 brn|[from] brn\n|upkeep\n|turn|9\n|\n|t:|1733912058\n|move|p2a: Salazzle|Flamethrower|p1a: Comfey\n|-damage|p1a: Comfey|18/225 brn\n|move|p1a: Comfey|Stored Power|p2a: Salazzle\n|-supereffective|p2a: Salazzle\n|-damage|p2a: Salazzle|196/249\n|\n|-heal|p1a: Comfey|32/225 brn|[from] item: Leftovers\n|-damage|p1a: Comfey|18/225 brn|[from] brn\n|upkeep\n|turn|10\n|\n|t:|1733912067\n|-terastallize|p1a: Comfey|Poison\n|move|p2a: Salazzle|Flamethrower|p1a: Comfey\n|-damage|p1a: Comfey|0 fnt\n|faint|p1a: Comfey\n|\n|upkeep\n|\n|t:|1733912084\n|switch|p1a: Iron Bundle|Iron Bundle, L77|213/213\n|turn|11\n|\n|t:|1733912091\n|move|p1a: Iron Bundle|Hydro Pump|p2a: Salazzle\n|-supereffective|p2a: Salazzle\n|-damage|p2a: Salazzle|0 fnt\n|faint|p2a: Salazzle\n|\n|upkeep\n|\n|t:|1733912109\n|switch|p2a: Cryogonal|Cryogonal, L89|287/287\n|turn|12\n|\n|t:|1733912123\n|-end|p1a: Iron Bundle|Quark Drive|[silent]\n|switch|p1a: Ogerpon|Ogerpon-Hearthflame, L74, F|239/239\n|-ability|p1a: Ogerpon|Mold Breaker\n|move|p2a: Cryogonal|Freeze-Dry|p1a: Ogerpon\n|-damage|p1a: Ogerpon|158/239\n|\n|upkeep\n|turn|13\n|\n|t:|1733912144\n|switch|p2a: Phione|Phione, L91|213/293\n|move|p1a: Ogerpon|Horn Leech|p2a: Phione\n|-supereffective|p2a: Phione\n|-damage|p2a: Phione|37/293\n|-heal|p1a: Ogerpon|239/239|[from] drain|[of] p2a: Phione\n|\n|-heal|p2a: Phione|55/293|[from] item: Leftovers\n|upkeep\n|turn|14\n|c|\u2606Wyattstick|that was big brain\n|\n|t:|1733912166\n|move|p1a: Ogerpon|Knock Off|p2a: Phione\n|-damage|p2a: Phione|0 fnt\n|-enditem|p2a: Phione|Leftovers|[from] move: Knock Off|[of] p1a: Ogerpon\n|faint|p2a: Phione\n|\n|upkeep\n|c|\u2606Xelou7|thank you\n|\n|t:|1733912172\n|switch|p2a: Greninja|Greninja, L80, M|246/246\n|turn|15\n|\n|t:|1733912183\n|move|p2a: Greninja|Hydro Pump|p1a: Ogerpon\n|-start|p2a: Greninja|typechange|Water|[from] ability: Protean\n|-damage|p1a: Ogerpon|97/239\n|-damage|p2a: Greninja|222/246|[from] item: Life Orb\n|move|p1a: Ogerpon|Horn Leech|p2a: Greninja\n|-supereffective|p2a: Greninja\n|-damage|p2a: Greninja|6/246\n|-heal|p1a: Ogerpon|205/239|[from] drain|[of] p2a: Greninja\n|\n|upkeep\n|turn|16\n|\n|t:|1733912210\n|move|p2a: Greninja|Toxic Spikes|p1a: Ogerpon\n|-sidestart|p1: Xelou7|move: Toxic Spikes\n|move|p1a: Ogerpon|Horn Leech|p2a: Greninja\n|-supereffective|p2a: Greninja\n|-damage|p2a: Greninja|0 fnt\n|-heal|p1a: Ogerpon|208/239|[from] drain|[of] p2a: Greninja\n|faint|p2a: Greninja\n|\n|upkeep\n|\n|t:|1733912213\n|switch|p2a: Cryogonal|Cryogonal, L89|287/287\n|turn|17\n|\n|t:|1733912219\n|move|p2a: Cryogonal|Freeze-Dry|p1a: Ogerpon\n|-damage|p1a: Ogerpon|127/239\n|move|p1a: Ogerpon|Ivy Cudgel|p2a: Cryogonal|[anim] Ivy Cudgel Fire\n|-supereffective|p2a: Cryogonal\n|-damage|p2a: Cryogonal|0 fnt\n|faint|p2a: Cryogonal\n|\n|upkeep\n|\n|t:|1733912230\n|switch|p2a: Torterra|Torterra, L78, M|276/276\n|turn|18\n|\n|t:|1733912256\n|move|p1a: Ogerpon|Ivy Cudgel|p2a: Torterra|[anim] Ivy Cudgel Fire\n|-supereffective|p2a: Torterra\n|-crit|p2a: Torterra\n|-damage|p2a: Torterra|0 fnt\n|faint|p2a: Torterra\n|\n|win|Xelou7\n|raw|Xelou7's rating: 1110 &rarr; <strong>1132</strong><br />(+22 for winning)\n|raw|Wyattstick's rating: 1073 &rarr; <strong>1054</strong><br />(-19 for losing)\n|l|\u2606Wyattstick\n|player|p2|\n", "inputlog": ">version bfd83cad13791eb5a5a409923076391caf6fb4d4\n>start {\"formatid\":\"gen9randombattle\",\"seed\":[57932,58406,46640,25325],\"rated\":\"Rated battle\"}\n>player p1 {\"name\":\"Xelou7\",\"avatar\":\"pokemaniac\",\"rating\":1110,\"seed\":[27796,64989,60804,27378]}\n>player p2 {\"name\":\"Wyattstick\",\"avatar\":\"102\",\"rating\":1073,\"seed\":[4719,14040,19293,57473]}\n>p1 move trick\n>p2 move toxic\n>p1 move doubleedge\n>p2 move protect\n>p1 move knockoff\n>p2 switch 2\n>p1 move doubleedge\n>p2 move gigadrain\n>p1 move doubleedge\n>p2 move gigadrain\n>p1 switch 2\n>p2 switch 4\n>p1 switch 4\n>p2 move scald\n>p1 move gigadrain\n>p2 move scald\n>p1 move gigadrain\n>p2 switch 2\n>p1 move storedpower\n>p2 move flamethrower\n>p1 move calmmind terastallize\n>p2 move flamethrower\n>p1 switch 5\n>p1 move hydropump\n>p2 move flamethrower\n>p2 switch 3\n>p1 switch 6\n>p2 move freezedry\n>p1 move hornleech\n>p2 switch 2\n>chat \u2606Wyattstick|that was big brain\n>p1 move knockoff\n>p2 move scald\n>chat \u2606Xelou7|thank you\n>p2 switch 6\n>p1 move hornleech\n>p2 move hydropump\n>p1 move hornleech\n>p2 move toxicspikes\n>p2 switch 2\n>p1 move ivycudgel\n>p2 move freezedry\n>p2 switch 5\n>p1 move ivycudgel\n>p2 move headlongrush", "uploadtime": 1733912261, "views": 1, "formatid": "gen9randombattle", "rating": 1054, "private": 0, "password": null}