{"id": "gen9randombattle-2069292388", "format": "[Gen 9] Random Battle", "players": ["amv3", "F1ish"], "log": "|j|\u2606amv3\n|j|\u203dF1ish\n|t:|1709096204\n|gametype|singles\n|player|p1|amv3|169|2259\n|player|p2|F1ish|101|2321\n|teamsize|p1|6\n|teamsize|p2|6\n|gen|9\n|tier|[Gen 9] Random Battle\n|rated|\n|rule|Species Clause: Limit one of each Pok\u00e9mon\n|rule|HP Percentage Mod: HP is shown in percentages\n|rule|Sleep Clause Mod: Limit one foe put to sleep\n|rule|Illusion Level Mod: Illusion disguises the Pok\u00e9mon's true level\n|\n|t:|1709096204\n|start\n|switch|p1a: Typhlosion|Typhlosion-Hisui, L83, M|257/257\n|switch|p2a: Pyroar|Pyroar, L88, M|295/295\n|-ability|p2a: Pyroar|Unnerve\n|-item|p2a: Pyroar|Heavy-Duty Boots|[from] ability: Frisk|[of] p1a: Typhlosion|[identify]\n|turn|1\n|inactive|Battle timer is ON: inactive players will automatically lose when time's up. (requested by amv3)\n|\n|t:|1709096237\n|switch|p1a: Rotom|Rotom-Heat, L82|216/216\n|move|p2a: Pyroar|Work Up|p2a: Pyroar\n|-boost|p2a: Pyroar|atk|1\n|-boost|p2a: Pyroar|spa|1\n|\n|upkeep\n|turn|2\n|\n|t:|1709096241\n|move|p2a: Pyroar|Hyper Voice|p1a: Rotom\n|-damage|p1a: Rotom|77/216\n|move|p1a: Rotom|Thunderbolt|p2a: Pyroar\n|-damage|p2a: Pyroar|174/295\n|\n|upkeep\n|turn|3\n|\n|t:|1709096246\n|move|p2a: Pyroar|Hyper Voice|p1a: Rotom\n|-damage|p1a: Rotom|0 fnt\n|faint|p1a: Rotom\n|\n|upkeep\n|\n|t:|1709096256\n|switch|p1a: Meloetta|Meloetta, L82|298/298\n|turn|4\n|\n|t:|1709096274\n|move|p2a: Pyroar|Fire Blast|p1a: Meloetta\n|-crit|p1a: Meloetta\n|-damage|p1a: Meloetta|75/298\n|move|p1a: Meloetta|Hyper Voice|p2a: Pyroar\n|-damage|p2a: Pyroar|0 fnt\n|faint|p2a: Pyroar\n|\n|upkeep\n|\n|t:|1709096288\n|switch|p2a: Revavroom|Revavroom, L79, F|256/256\n|turn|5\n|\n|t:|1709096295\n|switch|p1a: Typhlosion|Typhlosion-Hisui, L83, M|257/257\n|-item|p2a: Revavroom|Life Orb|[from] ability: Frisk|[of] p1a: Typhlosion|[identify]\n|move|p2a: Revavroom|Shift Gear|p2a: Revavroom\n|-boost|p2a: Revavroom|spe|2\n|-boost|p2a: Revavroom|atk|1\n|\n|upkeep\n|turn|6\n|\n|t:|1709096300\n|-terastallize|p1a: Typhlosion|Ghost\n|move|p2a: Revavroom|High Horsepower|p1a: Typhlosion\n|-damage|p1a: Typhlosion|111/257\n|-damage|p2a: Revavroom|231/256|[from] item: Life Orb\n|move|p1a: Typhlosion|Fire Blast|p2a: Revavroom\n|-supereffective|p2a: Revavroom\n|-crit|p2a: Revavroom\n|-damage|p2a: Revavroom|0 fnt\n|faint|p2a: Revavroom\n|\n|-heal|p1a: Typhlosion|127/257|[from] item: Leftovers\n|upkeep\n|\n|t:|1709096317\n|switch|p2a: Munkidori|Munkidori, L79, M|269/269\n|turn|7\n|\n|t:|1709096323\n|switch|p1a: Meloetta|Meloetta, L82|75/298\n|move|p2a: Munkidori|Psyshock|p1a: Meloetta\n|-resisted|p1a: Meloetta\n|-damage|p1a: Meloetta|5/298\n|-status|p1a: Meloetta|tox|[from] ability: Toxic Chain|[of] p2a: Munkidori\n|-damage|p2a: Munkidori|243/269|[from] item: Life Orb\n|\n|-damage|p1a: Meloetta|0 fnt|[from] psn\n|faint|p1a: Meloetta\n|upkeep\n|\n|t:|1709096335\n|switch|p1a: Chien-Pao|Chien-Pao, L72|234/234\n|-ability|p1a: Chien-Pao|Sword of Ruin\n|turn|8\n|\n|t:|1709096342\n|switch|p2a: Brute Bonnet|Brute Bonnet, L81|312/312\n|move|p1a: Chien-Pao|Throat Chop|p2a: Brute Bonnet\n|-resisted|p2a: Brute Bonnet\n|-damage|p2a: Brute Bonnet|267/312\n|-start|p2a: Brute Bonnet|Throat Chop|[silent]\n|\n|upkeep\n|turn|9\n|\n|t:|1709096352\n|switch|p1a: Arceus|Arceus-Grass, L72|292/292\n|move|p2a: Brute Bonnet|Seed Bomb|p1a: Arceus\n|-resisted|p1a: Arceus\n|-damage|p1a: Arceus|221/292\n|\n|-end|p2a: Brute Bonnet|Throat Chop|[silent]\n|upkeep\n|turn|10\n|\n|t:|1709096369\n|-end|p2a: Brute Bonnet|Protosynthesis|[silent]\n|switch|p2a: Munkidori|Munkidori, L79, M|243/269\n|move|p1a: Arceus|Calm Mind|p1a: Arceus\n|-boost|p1a: Arceus|spa|1\n|-boost|p1a: Arceus|spd|1\n|\n|upkeep\n|turn|11\n|\n|t:|1709096376\n|move|p1a: Arceus|Earth Power|p2a: Munkidori\n|-supereffective|p2a: Munkidori\n|-damage|p2a: Munkidori|55/269\n|move|p2a: Munkidori|Sludge Wave|p1a: Arceus\n|-supereffective|p1a: Arceus\n|-damage|p1a: Arceus|49/292\n|-damage|p2a: Munkidori|29/269|[from] item: Life Orb\n|\n|upkeep\n|turn|12\n|\n|t:|1709096395\n|switch|p2a: Brute Bonnet|Brute Bonnet, L81|267/312\n|move|p1a: Arceus|Ice Beam|p2a: Brute Bonnet\n|-supereffective|p2a: Brute Bonnet\n|-damage|p2a: Brute Bonnet|103/312\n|\n|upkeep\n|turn|13\n|\n|t:|1709096401\n|move|p2a: Brute Bonnet|Sucker Punch|p1a: Arceus\n|-crit|p1a: Arceus\n|-damage|p1a: Arceus|0 fnt\n|faint|p1a: Arceus\n|\n|upkeep\n|\n|t:|1709096404\n|switch|p1a: Chien-Pao|Chien-Pao, L72|234/234\n|-ability|p1a: Chien-Pao|Sword of Ruin\n|turn|14\n|\n|t:|1709096407\n|move|p2a: Brute Bonnet|Sucker Punch||[still]\n|-fail|p2a: Brute Bonnet\n|move|p1a: Chien-Pao|Swords Dance|p1a: Chien-Pao\n|-boost|p1a: Chien-Pao|atk|2\n|\n|upkeep\n|turn|15\n|\n|t:|1709096415\n|-end|p2a: Brute Bonnet|Protosynthesis|[silent]\n|switch|p2a: Munkidori|Munkidori, L79, M|29/269\n|move|p1a: Chien-Pao|Swords Dance|p1a: Chien-Pao\n|-boost|p1a: Chien-Pao|atk|2\n|\n|upkeep\n|turn|16\n|\n|t:|1709096444\n|move|p1a: Chien-Pao|Throat Chop|p2a: Munkidori\n|-supereffective|p2a: Munkidori\n|-damage|p2a: Munkidori|0 fnt\n|faint|p2a: Munkidori\n|\n|upkeep\n|j| spofyt21\n|\n|t:|1709096451\n|switch|p2a: Lurantis|Lurantis, L88, M|266/266\n|turn|17\n|\n|t:|1709096456\n|-terastallize|p2a: Lurantis|Fighting\n|move|p1a: Chien-Pao|Icicle Crash|p2a: Lurantis\n|-damage|p2a: Lurantis|0 fnt\n|faint|p2a: Lurantis\n|\n|upkeep\n|\n|t:|1709096464\n|switch|p2a: Brute Bonnet|Brute Bonnet, L81|103/312\n|turn|18\n|\n|t:|1709096469\n|move|p1a: Chien-Pao|Sacred Sword|p2a: Brute Bonnet\n|-supereffective|p2a: Brute Bonnet\n|-crit|p2a: Brute Bonnet\n|-damage|p2a: Brute Bonnet|0 fnt\n|faint|p2a: Brute Bonnet\n|-end|p2a: Brute Bonnet|Protosynthesis|[silent]\n|\n|upkeep\n|\n|t:|1709096471\n|switch|p2a: Garchomp|Garchomp, L74, F|282/282\n|turn|19\n|c| spofyt21|oh my lordy lord\n|c| spofyt21|someone gotta lock in and i aint amv3\n|\n|t:|1709096496\n|move|p1a: Chien-Pao|Throat Chop|p2a: Garchomp\n|-damage|p2a: Garchomp|0 fnt\n|-damage|p1a: Chien-Pao|205/234|[from] ability: Rough Skin|[of] p2a: Garchomp\n|faint|p2a: Garchomp\n|\n|win|amv3\n|raw|amv3's rating: 2259 &rarr; <strong>2283</strong><br />(+24 for winning)\n|raw|F1ish's rating: 2321 &rarr; <strong>2297</strong><br />(-24 for losing)\n|l|\u203dF1ish\n|player|p2|\n|j|\u203dF1ish\n|player|p2|F1ish|101\n|c| spofyt21|I guess we'll never know what that last mon is\n|c| spofyt21|coulda been anything\n", "inputlog": ">version 45e459a1b851fd07b8d09e888dd7464b4ad610f8\n>start {\"formatid\":\"gen9randombattle\",\"seed\":[30596,60167,4453,50278],\"rated\":\"Rated battle\"}\n>player p1 {\"name\":\"amv3\",\"avatar\":\"169\",\"rating\":2259,\"seed\":[44588,2676,34471,8041]}\n>player p2 {\"name\":\"F1ish\",\"avatar\":\"101\",\"rating\":2321,\"seed\":[65400,22485,10497,47902]}\n>p1 switch 6\n>p2 move workup\n>p1 move thunderbolt\n>p2 move hypervoice\n>p1 move voltswitch\n>p2 move hypervoice\n>p1 switch 3\n>p1 move hypervoice\n>p2 move fireblast\n>p2 switch 3\n>p1 switch 6\n>p2 move shiftgear\n>p1 move fireblast terastallize\n>p2 move highhorsepower\n>p2 switch 6\n>p1 switch 6\n>p2 move psyshock\n>p1 switch 2\n>p1 move throatchop\n>p2 switch 5\n>p1 switch 5\n>p2 move seedbomb\n>p1 move calmmind\n>p2 switch 5\n>p1 move earthpower\n>p2 move sludgewave\n>p1 move icebeam\n>p2 switch 5\n>p1 move icebeam\n>p2 move suckerpunch\n>p1 switch 5\n>p1 move swordsdance\n>p2 move suckerpunch\n>p1 move swordsdance\n>p2 switch 5\n>p1 move throatchop\n>p2 move focusblast\n>p2 switch 4\n>p1 move iciclecrash\n>p2 move superpower terastallize\n>p2 switch 5\n>p1 move sacredsword\n>p2 move closecombat\n>p2 switch 2\n>chat  spofyt21|oh my lordy lord\n>chat  spofyt21|someone gotta lock in and i aint amv3\n>p1 move throatchop\n>p2 move scaleshot", "uploadtime": 1709096560, "views": 248, "formatid": "gen9randombattle", "rating": 2283, "private": 0, "password": null}