{"id": "gen9randombattle-2259959554", "format": "[Gen 9] Random Battle", "players": ["danishdanish", "Salty Saggybottom"], "log": "|j|\u2606danishdanish\n|j|\u2606Salty Saggybottom\n|t:|1733784453\n|gametype|singles\n|player|p1|danishdanish|iris-gen5bw2|1354\n|player|p2|Salty Saggybottom|backpacker|1322\n|teamsize|p1|6\n|teamsize|p2|6\n|gen|9\n|tier|[Gen 9] Random Battle\n|rated|\n|rule|Species Clause: Limit one of each Pok\u00e9mon\n|rule|HP Percentage Mod: HP is shown in percentages\n|rule|Sleep Clause Mod: Limit one foe put to sleep\n|rule|Illusion Level Mod: Illusion disguises the Pok\u00e9mon's true level\n|\n|t:|1733784453\n|start\n|switch|p1a: Clawitzer|Clawitzer, L87, M|265/265\n|switch|p2a: Sableye|Sableye, L89, F|234/234\n|turn|1\n|\n|t:|1733784460\n|move|p2a: Sableye|Thunder Wave|p1a: Clawitzer\n|-status|p1a: Clawitzer|par\n|move|p1a: Clawitzer|Dragon Pulse|p2a: Sableye\n|-damage|p2a: Sableye|22/234\n|\n|-heal|p2a: Sableye|36/234|[from] item: Leftovers\n|upkeep\n|turn|2\n|\n|t:|1733784470\n|switch|p2a: Cryogonal|Cryogonal, L89|287/287\n|move|p1a: Clawitzer|Dragon Pulse|p2a: Cryogonal\n|-damage|p2a: Cryogonal|164/287\n|\n|upkeep\n|turn|3\n|\n|t:|1733784482\n|move|p2a: Cryogonal|Freeze-Dry|p1a: Clawitzer\n|-supereffective|p1a: Clawitzer\n|-damage|p1a: Clawitzer|115/265 par\n|move|p1a: Clawitzer|Dragon Pulse|p2a: Cryogonal\n|-damage|p2a: Cryogonal|44/287\n|\n|upkeep\n|turn|4\n|\n|t:|1733784496\n|switch|p1a: Empoleon|Empoleon, L84, M|278/278\n|move|p2a: Cryogonal|Recover|p2a: Cryogonal\n|-heal|p2a: Cryogonal|188/287\n|\n|upkeep\n|turn|5\n|\n|t:|1733784518\n|switch|p2a: Landorus|Landorus-Therian, L76, M|260/260\n|-ability|p2a: Landorus|Intimidate|boost\n|-unboost|p1a: Empoleon|atk|1\n|-ability|p1a: Empoleon|Competitive|boost\n|-boost|p1a: Empoleon|spa|2\n|move|p1a: Empoleon|Surf|p2a: Landorus\n|-supereffective|p2a: Landorus\n|-damage|p2a: Landorus|0 fnt\n|faint|p2a: Landorus\n|\n|upkeep\n|\n|t:|1733784529\n|switch|p2a: Hitmonchan|Hitmonchan, L87, M|229/229\n|turn|6\n|\n|t:|1733784547\n|switch|p1a: Hawlucha|Hawlucha, L80, M|256/256\n|move|p2a: Hitmonchan|Close Combat|p1a: Hawlucha\n|-resisted|p1a: Hawlucha\n|-damage|p1a: Hawlucha|144/256\n|-unboost|p2a: Hitmonchan|def|1\n|-unboost|p2a: Hitmonchan|spd|1\n|-damage|p2a: Hitmonchan|207/229|[from] item: Life Orb\n|\n|upkeep\n|turn|7\n|\n|t:|1733784562\n|switch|p2a: Copperajah|Copperajah, L86, M|349/349\n|move|p1a: Hawlucha|Close Combat|p2a: Copperajah\n|-supereffective|p2a: Copperajah\n|-damage|p2a: Copperajah|77/349\n|-unboost|p1a: Hawlucha|def|1\n|-unboost|p1a: Hawlucha|spd|1\n|-enditem|p1a: Hawlucha|White Herb\n|-clearnegativeboost|p1a: Hawlucha|[silent]\n|\n|upkeep\n|turn|8\n|\n|t:|1733784575\n|switch|p2a: Sableye|Sableye, L89, F|36/234\n|move|p1a: Hawlucha|Close Combat|p2a: Sableye\n|-immune|p2a: Sableye\n|\n|-heal|p2a: Sableye|50/234|[from] item: Leftovers\n|upkeep\n|turn|9\n|\n|t:|1733784585\n|move|p2a: Sableye|Encore|p1a: Hawlucha\n|-start|p1a: Hawlucha|Encore\n|move|p1a: Hawlucha|Close Combat|p2a: Sableye\n|-immune|p2a: Sableye\n|\n|-heal|p2a: Sableye|64/234|[from] item: Leftovers\n|upkeep\n|turn|10\n|\n|t:|1733784605\n|switch|p1a: Zamazenta|Zamazenta-Crowned, L68|238/238\n|-ability|p1a: Zamazenta|Dauntless Shield|boost\n|-boost|p1a: Zamazenta|def|1\n|move|p2a: Sableye|Recover|p2a: Sableye\n|-heal|p2a: Sableye|181/234\n|\n|-heal|p2a: Sableye|195/234|[from] item: Leftovers\n|upkeep\n|turn|11\n|\n|t:|1733784611\n|move|p2a: Sableye|Thunder Wave|p1a: Zamazenta\n|-status|p1a: Zamazenta|par\n|move|p1a: Zamazenta|Heavy Slam|p2a: Sableye\n|-damage|p2a: Sableye|80/234\n|\n|-heal|p2a: Sableye|94/234|[from] item: Leftovers\n|upkeep\n|turn|12\n|\n|t:|1733784620\n|move|p2a: Sableye|Recover|p2a: Sableye\n|-heal|p2a: Sableye|211/234\n|move|p1a: Zamazenta|Heavy Slam|p2a: Sableye\n|-damage|p2a: Sableye|96/234\n|\n|-heal|p2a: Sableye|110/234|[from] item: Leftovers\n|upkeep\n|turn|13\n|\n|t:|1733784627\n|move|p2a: Sableye|Recover|p2a: Sableye\n|-heal|p2a: Sableye|227/234\n|cant|p1a: Zamazenta|par\n|\n|-heal|p2a: Sableye|234/234|[from] item: Leftovers\n|upkeep\n|turn|14\n|\n|t:|1733784636\n|switch|p2a: Copperajah|Copperajah, L86, M|77/349\n|move|p1a: Zamazenta|Heavy Slam|p2a: Copperajah\n|-resisted|p2a: Copperajah\n|-damage|p2a: Copperajah|58/349\n|\n|upkeep\n|turn|15\n|inactive|Battle timer is ON: inactive players will automatically lose when time's up. (requested by Salty Saggybottom)\n|\n|t:|1733784646\n|move|p1a: Zamazenta|Body Press|p2a: Copperajah\n|-supereffective|p2a: Copperajah\n|-damage|p2a: Copperajah|0 fnt\n|faint|p2a: Copperajah\n|\n|upkeep\n|\n|t:|1733784655\n|switch|p2a: Hitmonchan|Hitmonchan, L87, M|207/229\n|turn|16\n|\n|t:|1733784667\n|move|p2a: Hitmonchan|Close Combat|p1a: Zamazenta\n|-supereffective|p1a: Zamazenta\n|-damage|p1a: Zamazenta|17/238 par\n|-unboost|p2a: Hitmonchan|def|1\n|-unboost|p2a: Hitmonchan|spd|1\n|-damage|p2a: Hitmonchan|185/229|[from] item: Life Orb\n|cant|p1a: Zamazenta|par\n|\n|upkeep\n|turn|17\n|\n|t:|1733784684\n|switch|p1a: Hawlucha|Hawlucha, L80, M|144/256\n|move|p2a: Hitmonchan|Mach Punch|p1a: Hawlucha\n|-resisted|p1a: Hawlucha\n|-damage|p1a: Hawlucha|97/256\n|-damage|p2a: Hitmonchan|163/229|[from] item: Life Orb\n|\n|upkeep\n|turn|18\n|\n|t:|1733784693\n|switch|p2a: Cryogonal|Cryogonal, L89|188/287\n|move|p1a: Hawlucha|Acrobatics|p2a: Cryogonal\n|-damage|p2a: Cryogonal|47/287\n|\n|upkeep\n|turn|19\n|\n|t:|1733784704\n|move|p2a: Cryogonal|Freeze-Dry|p1a: Hawlucha\n|-supereffective|p1a: Hawlucha\n|-damage|p1a: Hawlucha|0 fnt\n|faint|p1a: Hawlucha\n|\n|upkeep\n|\n|t:|1733784718\n|switch|p1a: Empoleon|Empoleon, L84, M|278/278\n|turn|20\n|\n|t:|1733784724\n|move|p2a: Cryogonal|Recover|p2a: Cryogonal\n|-heal|p2a: Cryogonal|191/287\n|move|p1a: Empoleon|Surf|p2a: Cryogonal\n|-damage|p2a: Cryogonal|122/287\n|\n|upkeep\n|turn|21\n|\n|t:|1733784731\n|move|p2a: Cryogonal|Recover|p2a: Cryogonal\n|-heal|p2a: Cryogonal|266/287\n|move|p1a: Empoleon|Stealth Rock|p2a: Cryogonal\n|-sidestart|p2: Salty Saggybottom|move: Stealth Rock\n|\n|upkeep\n|turn|22\n|\n|t:|1733784747\n|switch|p1a: Greedent|Greedent, L86, M|347/347\n|move|p2a: Cryogonal|Rapid Spin|p1a: Greedent\n|-damage|p1a: Greedent|325/347\n|-boost|p2a: Cryogonal|spe|1\n|-sideend|p2: Salty Saggybottom|Stealth Rock|[from] move: Rapid Spin|[of] p2a: Cryogonal\n|\n|upkeep\n|turn|23\n|\n|t:|1733784757\n|switch|p2a: Sableye|Sableye, L89, F|234/234\n|move|p1a: Greedent|Knock Off|p2a: Sableye\n|-damage|p2a: Sableye|163/234\n|-enditem|p2a: Sableye|Leftovers|[from] move: Knock Off|[of] p1a: Greedent\n|\n|upkeep\n|turn|24\n|\n|t:|1733784761\n|move|p2a: Sableye|Thunder Wave|p1a: Greedent\n|-status|p1a: Greedent|par\n|move|p1a: Greedent|Earthquake|p2a: Sableye\n|-damage|p2a: Sableye|90/234\n|\n|upkeep\n|turn|25\n|\n|t:|1733784764\n|move|p2a: Sableye|Recover|p2a: Sableye\n|-heal|p2a: Sableye|207/234\n|cant|p1a: Greedent|par\n|\n|upkeep\n|turn|26\n|\n|t:|1733784783\n|switch|p1a: Clawitzer|Clawitzer, L87, M|115/265 par\n|move|p2a: Sableye|Knock Off|p1a: Clawitzer\n|-damage|p1a: Clawitzer|25/265 par\n|-enditem|p1a: Clawitzer|Choice Specs|[from] move: Knock Off|[of] p2a: Sableye\n|\n|upkeep\n|turn|27\n|\n|t:|1733784795\n|move|p2a: Sableye|Knock Off|p1a: Clawitzer\n|-damage|p1a: Clawitzer|0 fnt\n|faint|p1a: Clawitzer\n|\n|upkeep\n|\n|t:|1733784800\n|switch|p1a: Noivern|Noivern, L82, M|274/274\n|turn|28\n|\n|t:|1733784817\n|move|p2a: Sableye|Thunder Wave|p1a: Noivern\n|-status|p1a: Noivern|par\n|move|p1a: Noivern|Draco Meteor|p2a: Sableye\n|-damage|p2a: Sableye|48/234\n|-unboost|p1a: Noivern|spa|2\n|\n|upkeep\n|turn|29\n|\n|t:|1733784829\n|move|p2a: Sableye|Recover|p2a: Sableye\n|-heal|p2a: Sableye|165/234\n|move|p1a: Noivern|Draco Meteor|p2a: Sableye\n|-damage|p2a: Sableye|92/234\n|-unboost|p1a: Noivern|spa|2\n|\n|upkeep\n|turn|30\n|\n|t:|1733784837\n|move|p2a: Sableye|Knock Off|p1a: Noivern\n|-damage|p1a: Noivern|178/274 par\n|-enditem|p1a: Noivern|Heavy-Duty Boots|[from] move: Knock Off|[of] p2a: Sableye\n|move|p1a: Noivern|Hurricane|p2a: Sableye\n|-damage|p2a: Sableye|50/234\n|\n|upkeep\n|turn|31\n|\n|t:|1733784846\n|move|p2a: Sableye|Recover|p2a: Sableye\n|-heal|p2a: Sableye|167/234\n|cant|p1a: Noivern|par\n|\n|upkeep\n|turn|32\n|\n|t:|1733784852\n|move|p2a: Sableye|Encore|p1a: Noivern\n|-start|p1a: Noivern|Encore\n|move|p1a: Noivern|Hurricane|p2a: Sableye|[miss]\n|-miss|p1a: Noivern|p2a: Sableye\n|\n|upkeep\n|turn|33\n|\n|t:|1733784869\n|switch|p2a: Cryogonal|Cryogonal, L89|266/287\n|switch|p1a: Empoleon|Empoleon, L84, M|278/278\n|\n|upkeep\n|turn|34\n|\n|t:|1733784877\n|move|p2a: Cryogonal|Freeze-Dry|p1a: Empoleon\n|-damage|p1a: Empoleon|205/278\n|move|p1a: Empoleon|Surf|p2a: Cryogonal\n|-damage|p2a: Cryogonal|199/287\n|\n|-heal|p1a: Empoleon|222/278|[from] item: Leftovers\n|upkeep\n|turn|35\n|\n|t:|1733784883\n|move|p2a: Cryogonal|Freeze-Dry|p1a: Empoleon\n|-damage|p1a: Empoleon|149/278\n|move|p1a: Empoleon|Surf|p2a: Cryogonal\n|-damage|p2a: Cryogonal|133/287\n|\n|-heal|p1a: Empoleon|166/278|[from] item: Leftovers\n|upkeep\n|turn|36\n|\n|t:|1733784888\n|move|p2a: Cryogonal|Recover|p2a: Cryogonal\n|-heal|p2a: Cryogonal|277/287\n|move|p1a: Empoleon|Surf|p2a: Cryogonal\n|-damage|p2a: Cryogonal|204/287\n|\n|-heal|p1a: Empoleon|183/278|[from] item: Leftovers\n|upkeep\n|turn|37\n|\n|t:|1733784895\n|move|p2a: Cryogonal|Freeze-Dry|p1a: Empoleon\n|-damage|p1a: Empoleon|114/278\n|move|p1a: Empoleon|Surf|p2a: Cryogonal\n|-damage|p2a: Cryogonal|137/287\n|\n|-heal|p1a: Empoleon|131/278|[from] item: Leftovers\n|upkeep\n|turn|38\n|\n|t:|1733784904\n|move|p2a: Cryogonal|Recover|p2a: Cryogonal\n|-heal|p2a: Cryogonal|281/287\n|move|p1a: Empoleon|Surf|p2a: Cryogonal\n|-damage|p2a: Cryogonal|206/287\n|\n|-heal|p1a: Empoleon|148/278|[from] item: Leftovers\n|upkeep\n|turn|39\n|\n|t:|1733784912\n|move|p2a: Cryogonal|Freeze-Dry|p1a: Empoleon\n|-crit|p1a: Empoleon\n|-damage|p1a: Empoleon|43/278\n|move|p1a: Empoleon|Surf|p2a: Cryogonal\n|-damage|p2a: Cryogonal|136/287\n|\n|-heal|p1a: Empoleon|60/278|[from] item: Leftovers\n|upkeep\n|turn|40\n|\n|t:|1733784916\n|move|p2a: Cryogonal|Recover|p2a: Cryogonal\n|-heal|p2a: Cryogonal|280/287\n|move|p1a: Empoleon|Roost|p1a: Empoleon\n|-heal|p1a: Empoleon|199/278\n|-singleturn|p1a: Empoleon|move: Roost\n|\n|-heal|p1a: Empoleon|216/278|[from] item: Leftovers\n|upkeep\n|turn|41\n|\n|t:|1733784928\n|switch|p2a: Hitmonchan|Hitmonchan, L87, M|163/229\n|move|p1a: Empoleon|Stealth Rock|p2a: Hitmonchan\n|-sidestart|p2: Salty Saggybottom|move: Stealth Rock\n|\n|-heal|p1a: Empoleon|233/278|[from] item: Leftovers\n|upkeep\n|turn|42\n|\n|t:|1733784943\n|switch|p1a: Noivern|Noivern, L82, M|178/274 par\n|move|p2a: Hitmonchan|Knock Off|p1a: Noivern\n|-damage|p1a: Noivern|100/274 par\n|-damage|p2a: Hitmonchan|141/229|[from] item: Life Orb\n|\n|upkeep\n|turn|43\n|\n|t:|1733784960\n|switch|p2a: Yanmega|Yanmega, L82, M|275/275\n|-damage|p2a: Yanmega|138/275|[from] Stealth Rock\n|move|p1a: Noivern|Hurricane|p2a: Yanmega\n|-supereffective|p2a: Yanmega\n|-damage|p2a: Yanmega|0 fnt\n|faint|p2a: Yanmega\n|\n|upkeep\n|\n|t:|1733784967\n|switch|p2a: Cryogonal|Cryogonal, L89|280/287\n|turn|44\n|\n|t:|1733784987\n|switch|p1a: Greedent|Greedent, L86, M|325/347 par\n|move|p2a: Cryogonal|Rapid Spin|p1a: Greedent\n|-damage|p1a: Greedent|301/347 par\n|-boost|p2a: Cryogonal|spe|1\n|-sideend|p2: Salty Saggybottom|Stealth Rock|[from] move: Rapid Spin|[of] p2a: Cryogonal\n|\n|upkeep\n|turn|45\n|\n|t:|1733785002\n|switch|p2a: Sableye|Sableye, L89, F|167/234\n|-terastallize|p1a: Greedent|Ground\n|move|p1a: Greedent|Body Slam|p2a: Sableye\n|-immune|p2a: Sableye\n|\n|upkeep\n|turn|46\n|\n|t:|1733785010\n|move|p2a: Sableye|Encore|p1a: Greedent\n|-start|p1a: Greedent|Encore\n|cant|p1a: Greedent|par\n|\n|upkeep\n|turn|47\n|\n|t:|1733785021\n|switch|p1a: Empoleon|Empoleon, L84, M|233/278\n|move|p2a: Sableye|Knock Off|p1a: Empoleon\n|-damage|p1a: Empoleon|131/278\n|-enditem|p1a: Empoleon|Leftovers|[from] move: Knock Off|[of] p2a: Sableye\n|\n|upkeep\n|turn|48\n|\n|t:|1733785028\n|move|p2a: Sableye|Thunder Wave|p1a: Empoleon\n|-status|p1a: Empoleon|par\n|move|p1a: Empoleon|Surf|p2a: Sableye\n|-damage|p2a: Sableye|41/234\n|\n|upkeep\n|turn|49\n|\n|t:|1733785032\n|move|p2a: Sableye|Recover|p2a: Sableye\n|-heal|p2a: Sableye|158/234\n|cant|p1a: Empoleon|par\n|\n|upkeep\n|turn|50\n|\n|t:|1733785046\n|move|p2a: Sableye|Knock Off|p1a: Empoleon\n|-damage|p1a: Empoleon|73/278 par\n|move|p1a: Empoleon|Surf|p2a: Sableye\n|-damage|p2a: Sableye|32/234\n|\n|upkeep\n|turn|51\n|\n|t:|1733785052\n|move|p2a: Sableye|Recover|p2a: Sableye\n|-heal|p2a: Sableye|149/234\n|move|p1a: Empoleon|Surf|p2a: Sableye\n|-damage|p2a: Sableye|34/234\n|\n|upkeep\n|turn|52\n|\n|t:|1733785060\n|move|p2a: Sableye|Knock Off|p1a: Empoleon\n|-damage|p1a: Empoleon|15/278 par\n|cant|p1a: Empoleon|par\n|\n|upkeep\n|turn|53\n|\n|t:|1733785065\n|move|p2a: Sableye|Knock Off|p1a: Empoleon\n|-damage|p1a: Empoleon|0 fnt\n|faint|p1a: Empoleon\n|\n|upkeep\n|\n|t:|1733785071\n|switch|p1a: Greedent|Greedent, L86, M, tera:Ground|301/347 par\n|turn|54\n|\n|t:|1733785075\n|move|p2a: Sableye|Knock Off|p1a: Greedent\n|-damage|p1a: Greedent|211/347 par\n|-enditem|p1a: Greedent|Sitrus Berry|[from] move: Knock Off|[of] p2a: Sableye\n|move|p1a: Greedent|Knock Off|p2a: Sableye\n|-damage|p2a: Sableye|0 fnt\n|faint|p2a: Sableye\n|\n|upkeep\n|\n|t:|1733785081\n|switch|p2a: Hitmonchan|Hitmonchan, L87, M|141/229\n|turn|55\n|\n|t:|1733785091\n|move|p2a: Hitmonchan|Swords Dance|p2a: Hitmonchan\n|-boost|p2a: Hitmonchan|atk|2\n|move|p1a: Greedent|Body Slam|p2a: Hitmonchan\n|-damage|p2a: Hitmonchan|45/229\n|-status|p2a: Hitmonchan|par\n|\n|upkeep\n|turn|56\n|\n|t:|1733785102\n|move|p2a: Hitmonchan|Close Combat|p1a: Greedent\n|-damage|p1a: Greedent|0 fnt\n|-unboost|p2a: Hitmonchan|def|1\n|-unboost|p2a: Hitmonchan|spd|1\n|faint|p1a: Greedent\n|-damage|p2a: Hitmonchan|23/229 par|[from] item: Life Orb\n|\n|upkeep\n|\n|t:|1733785114\n|switch|p1a: Noivern|Noivern, L82, M|100/274 par\n|turn|57\n|\n|t:|1733785119\n|move|p2a: Hitmonchan|Mach Punch|p1a: Noivern\n|-resisted|p1a: Noivern\n|-damage|p1a: Noivern|21/274 par\n|-damage|p2a: Hitmonchan|1/229 par|[from] item: Life Orb\n|move|p1a: Noivern|Boomburst|p2a: Hitmonchan\n|-damage|p2a: Hitmonchan|0 fnt\n|faint|p2a: Hitmonchan\n|\n|upkeep\n|\n|t:|1733785121\n|switch|p2a: Cryogonal|Cryogonal, L89|280/287\n|turn|58\n|\n|t:|1733785132\n|switch|p1a: Zamazenta|Zamazenta-Crowned, L68|17/238 par\n|move|p2a: Cryogonal|Freeze-Dry|p1a: Zamazenta\n|-resisted|p1a: Zamazenta\n|-damage|p1a: Zamazenta|0 fnt\n|faint|p1a: Zamazenta\n|\n|upkeep\n|\n|t:|1733785134\n|switch|p1a: Noivern|Noivern, L82, M|21/274 par\n|turn|59\n|\n|t:|1733785137\n|move|p2a: Cryogonal|Freeze-Dry|p1a: Noivern\n|-supereffective|p1a: Noivern\n|-damage|p1a: Noivern|0 fnt\n|faint|p1a: Noivern\n|\n|win|Salty Saggybottom\n|raw|danishdanish's rating: 1354 &rarr; <strong>1332</strong><br />(-22 for losing)\n|raw|Salty Saggybottom's rating: 1322 &rarr; <strong>1344</strong><br />(+22 for winning)\n|l|\u2606danishdanish\n|player|p1|\n|c|\u2606Salty Saggybottom|ggs\n", "inputlog": ">version bfd83cad13791eb5a5a409923076391caf6fb4d4\n>start {\"formatid\":\"gen9randombattle\",\"seed\":[13055,18562,22222,21392],\"rated\":\"Rated battle\"}\n>player p1 {\"name\":\"danishdanish\",\"avatar\":\"iris-gen5bw2\",\"rating\":1354,\"seed\":[3008,52287,37213,516]}\n>player p2 {\"name\":\"Salty Saggybottom\",\"avatar\":\"backpacker\",\"rating\":1322,\"seed\":[33581,41721,13477,36198]}\n>p1 move dragonpulse\n>p2 move thunderwave\n>p1 move dragonpulse\n>p2 switch 2\n>p1 move dragonpulse\n>p2 move freezedry\n>p1 switch 3\n>p2 move recover\n>p1 move surf\n>p2 switch 3\n>p2 switch 6\n>p1 switch 4\n>p2 move closecombat\n>p1 move closecombat\n>p2 switch 5\n>p1 move closecombat\n>p2 switch 2\n>p1 move acrobatics\n>p2 move encore\n>p1 switch 5\n>p2 move recover\n>p1 move heavyslam\n>p2 move thunderwave\n>p1 move heavyslam\n>p2 move recover\n>p1 move heavyslam\n>p2 move recover\n>p1 move heavyslam\n>p2 switch 2\n>p1 move bodypress\n>p2 move heatcrash\n>p2 switch 5\n>p1 move bodypress\n>p2 move closecombat\n>p1 switch 5\n>p2 move machpunch\n>p1 move acrobatics\n>p2 switch 3\n>p1 move acrobatics\n>p2 move freezedry\n>p1 switch 4\n>p1 move surf\n>p2 move recover\n>p1 move stealthrock\n>p2 move recover\n>p1 switch 6\n>p2 move rapidspin\n>p1 move knockoff\n>p2 switch 2\n>p1 move earthquake\n>p2 move thunderwave\n>p1 move earthquake\n>p2 move recover\n>p1 switch 3\n>p2 move knockoff\n>p1 move waterpulse\n>p2 move knockoff\n>p1 switch 2\n>p1 move dracometeor\n>p2 move thunderwave\n>p1 move dracometeor\n>p2 move recover\n>p1 move hurricane\n>p2 move knockoff\n>p1 move hurricane\n>p2 move recover\n>p1 move roost\n>p2 move encore\n>p1 switch 6\n>p2 switch 2\n>p1 move surf\n>p2 move freezedry\n>p1 move surf\n>p2 move freezedry\n>p1 move surf\n>p2 move recover\n>p1 move surf\n>p2 move freezedry\n>p1 move surf\n>p2 move recover\n>p1 move surf\n>p2 move freezedry\n>p1 move roost\n>p2 move recover\n>p1 move stealthrock\n>p2 switch 3\n>p1 switch 6\n>p2 move knockoff\n>p1 move hurricane\n>p2 switch 4\n>p2 switch 3\n>p1 switch 3\n>p2 move rapidspin\n>p1 move bodyslam terastallize\n>p2 switch 2\n>p1 move knockoff\n>p2 move encore\n>p1 switch 6\n>p2 move knockoff\n>p1 move surf\n>p2 move thunderwave\n>p1 move surf\n>p2 move recover\n>p1 move surf\n>p2 move knockoff\n>p1 move surf\n>p2 move recover\n>p1 move surf\n>p2 move knockoff\n>p1 move roost\n>p2 move knockoff\n>p1 switch 6\n>p1 move knockoff\n>p2 move knockoff\n>p2 switch 4\n>p1 move bodyslam\n>p2 move swordsdance\n>p1 move bodyslam\n>p2 move closecombat\n>p1 switch 3\n>p1 move boomburst\n>p2 move machpunch\n>p2 switch 2\n>p1 switch 5\n>p2 move freezedry\n>p1 switch 5\n>p1 move roost\n>p2 move freezedry", "uploadtime": 1733785148, "views": 28, "formatid": "gen9randombattle", "rating": 1332, "private": 0, "password": null}