{"id": "gen9randombattle-2260668651", "format": "[Gen 9] Random Battle", "players": ["jglassx", "Blitzkrieg123"], "log": "|j|\u2606jglassx\n|j|\u2606Blitzkrieg123\n|t:|1733876129\n|gametype|singles\n|player|p1|jglassx|cyclist|\n|player|p2|Blitzkrieg123|red|\n|teamsize|p1|6\n|teamsize|p2|6\n|gen|9\n|tier|[Gen 9] Random Battle\n|rule|Species Clause: Limit one of each Pok\u00e9mon\n|rule|HP Percentage Mod: HP is shown in percentages\n|rule|Sleep Clause Mod: Limit one foe put to sleep\n|rule|Illusion Level Mod: Illusion disguises the Pok\u00e9mon's true level\n|\n|t:|1733876129\n|start\n|switch|p1a: Corviknight|Corviknight, L80, M|288/288\n|switch|p2a: Ogerpon|Ogerpon-Hearthflame, L74, F|239/239\n|-ability|p2a: Ogerpon|Mold Breaker\n|-ability|p1a: Corviknight|Pressure\n|turn|1\n|\n|t:|1733876141\n|-terastallize|p1a: Corviknight|Dragon\n|move|p2a: Ogerpon|Ivy Cudgel|p1a: Corviknight|[anim] Ivy Cudgel Fire\n|-resisted|p1a: Corviknight\n|-damage|p1a: Corviknight|233/288\n|move|p1a: Corviknight|Brave Bird|p2a: Ogerpon\n|-supereffective|p2a: Ogerpon\n|-damage|p2a: Ogerpon|0 fnt\n|faint|p2a: Ogerpon\n|-damage|p1a: Corviknight|154/288|[from] Recoil\n|\n|-heal|p1a: Corviknight|172/288|[from] item: Leftovers\n|upkeep\n|\n|t:|1733876156\n|switch|p2a: Cyclizar|Cyclizar, L83, M|252/252\n|turn|2\n|\n|t:|1733876195\n|switch|p1a: Oinkologne|Oinkologne, L92, M|352/352\n|move|p2a: Cyclizar|Draco Meteor|p1a: Oinkologne\n|-damage|p1a: Oinkologne|232/352\n|-unboost|p2a: Cyclizar|spa|2\n|\n|-heal|p1a: Oinkologne|254/352|[from] item: Leftovers\n|upkeep\n|turn|3\n|\n|t:|1733876207\n|move|p2a: Cyclizar|Knock Off|p1a: Oinkologne\n|-damage|p1a: Oinkologne|179/352\n|-enditem|p1a: Oinkologne|Leftovers|[from] move: Knock Off|[of] p2a: Cyclizar\n|move|p1a: Oinkologne|Double-Edge|p2a: Cyclizar\n|-damage|p2a: Cyclizar|47/252\n|-damage|p1a: Oinkologne|111/352|[from] Recoil\n|\n|upkeep\n|turn|4\n|\n|t:|1733876233\n|switch|p2a: Pincurchin|Pincurchin, M|258/258\n|-fieldstart|move: Electric Terrain|[from] ability: Electric Surge|[of] p2a: Pincurchin\n|move|p1a: Oinkologne|Double-Edge|p2a: Pincurchin\n|-damage|p2a: Pincurchin|146/258\n|-damage|p1a: Oinkologne|74/352|[from] Recoil\n|\n|-heal|p2a: Pincurchin|162/258|[from] item: Leftovers\n|upkeep\n|turn|5\n|\n|t:|1733876246\n|move|p1a: Oinkologne|High Horsepower|p2a: Pincurchin|[miss]\n|-miss|p1a: Oinkologne|p2a: Pincurchin\n|move|p2a: Pincurchin|Recover|p2a: Pincurchin\n|-heal|p2a: Pincurchin|258/258\n|\n|upkeep\n|turn|6\n|\n|t:|1733876252\n|move|p1a: Oinkologne|High Horsepower|p2a: Pincurchin\n|-supereffective|p2a: Pincurchin\n|-damage|p2a: Pincurchin|120/258\n|move|p2a: Pincurchin|Discharge|p1a: Oinkologne\n|-damage|p1a: Oinkologne|0 fnt\n|faint|p1a: Oinkologne\n|\n|-heal|p2a: Pincurchin|136/258|[from] item: Leftovers\n|upkeep\n|\n|t:|1733876284\n|switch|p1a: Skeledirge|Skeledirge, L79, M|294/294\n|turn|7\n|\n|t:|1733876295\n|move|p1a: Skeledirge|Will-O-Wisp|p2a: Pincurchin\n|-status|p2a: Pincurchin|brn\n|move|p2a: Pincurchin|Scald|p1a: Skeledirge\n|-supereffective|p1a: Skeledirge\n|-damage|p1a: Skeledirge|126/294\n|\n|-heal|p2a: Pincurchin|152/258 brn|[from] item: Leftovers\n|-damage|p2a: Pincurchin|136/258 brn|[from] brn\n|upkeep\n|turn|8\n|\n|t:|1733876309\n|switch|p1a: Eternatus|Eternatus, L69|308/308\n|-ability|p1a: Eternatus|Pressure\n|move|p2a: Pincurchin|Scald|p1a: Eternatus\n|-resisted|p1a: Eternatus\n|-damage|p1a: Eternatus|265/308\n|-status|p1a: Eternatus|brn\n|\n|-heal|p2a: Pincurchin|152/258 brn|[from] item: Leftovers\n|-damage|p1a: Eternatus|246/308 brn|[from] brn\n|-damage|p2a: Pincurchin|136/258 brn|[from] brn\n|-fieldend|move: Electric Terrain\n|upkeep\n|turn|9\n|\n|t:|1733876323\n|move|p1a: Eternatus|Dynamax Cannon|p2a: Pincurchin\n|-damage|p2a: Pincurchin|55/258 brn\n|move|p2a: Pincurchin|Recover|p2a: Pincurchin\n|-heal|p2a: Pincurchin|184/258 brn\n|\n|-heal|p2a: Pincurchin|200/258 brn|[from] item: Leftovers\n|-damage|p1a: Eternatus|227/308 brn|[from] brn\n|-damage|p2a: Pincurchin|184/258 brn|[from] brn\n|upkeep\n|turn|10\n|\n|t:|1733876332\n|move|p1a: Eternatus|Dynamax Cannon|p2a: Pincurchin\n|-damage|p2a: Pincurchin|105/258 brn\n|move|p2a: Pincurchin|Spikes|p1a: Eternatus\n|-sidestart|p1: jglassx|Spikes\n|\n|-heal|p2a: Pincurchin|121/258 brn|[from] item: Leftovers\n|-damage|p1a: Eternatus|208/308 brn|[from] brn\n|-damage|p2a: Pincurchin|105/258 brn|[from] brn\n|upkeep\n|turn|11\n|\n|t:|1733876340\n|move|p1a: Eternatus|Dynamax Cannon|p2a: Pincurchin\n|-damage|p2a: Pincurchin|21/258 brn\n|move|p2a: Pincurchin|Recover|p2a: Pincurchin\n|-heal|p2a: Pincurchin|150/258 brn\n|\n|-heal|p2a: Pincurchin|166/258 brn|[from] item: Leftovers\n|-damage|p1a: Eternatus|189/308 brn|[from] brn\n|-damage|p2a: Pincurchin|150/258 brn|[from] brn\n|upkeep\n|turn|12\n|\n|t:|1733876349\n|move|p1a: Eternatus|Sludge Bomb|p2a: Pincurchin\n|-damage|p2a: Pincurchin|72/258 brn\n|move|p2a: Pincurchin|Spikes|p1a: Eternatus\n|-sidestart|p1: jglassx|Spikes\n|\n|-heal|p2a: Pincurchin|88/258 brn|[from] item: Leftovers\n|-damage|p1a: Eternatus|170/308 brn|[from] brn\n|-damage|p2a: Pincurchin|72/258 brn|[from] brn\n|upkeep\n|turn|13\n|c|\u2606Blitzkrieg123|bro endless\n|c|\u2606Blitzkrieg123|wtf man\n|c|\u2606jglassx|he's not here\n|\n|t:|1733876383\n|move|p1a: Eternatus|Sludge Bomb|p2a: Pincurchin\n|-damage|p2a: Pincurchin|0 fnt\n|faint|p2a: Pincurchin\n|\n|-damage|p1a: Eternatus|151/308 brn|[from] brn\n|upkeep\n|\n|t:|1733876391\n|switch|p2a: Mesprit|Mesprit, L85|275/275\n|turn|14\n|j| EndlessSweeps\n|c| EndlessSweeps|I am.\n|\n|t:|1733876413\n|move|p2a: Mesprit|Psychic|p1a: Eternatus\n|-supereffective|p1a: Eternatus\n|-damage|p1a: Eternatus|0 fnt\n|faint|p1a: Eternatus\n|\n|upkeep\n|\n|t:|1733876418\n|switch|p1a: Lunala|Lunala, L70|308/308\n|-damage|p1a: Lunala|257/308|[from] Spikes\n|turn|15\n|c| EndlessSweeps|I thought the last battle was the last one\n|\n|t:|1733876440\n|switch|p2a: Ambipom|Ambipom, L84, M|263/263\n|move|p1a: Lunala|Moongeist Beam|p2a: Ambipom\n|-immune|p2a: Ambipom\n|\n|-heal|p1a: Lunala|276/308|[from] item: Leftovers\n|upkeep\n|turn|16\n|\n|t:|1733876455\n|switch|p1a: Tauros|Tauros-Paldea-Combat, L82, M|257/257\n|-damage|p1a: Tauros|215/257|[from] Spikes\n|-ability|p1a: Tauros|Intimidate|boost\n|-unboost|p2a: Ambipom|atk|1\n|move|p2a: Ambipom|Knock Off|p1a: Tauros\n|-resisted|p1a: Tauros\n|-damage|p1a: Tauros|194/257\n|-enditem|p1a: Tauros|Choice Band|[from] move: Knock Off|[of] p2a: Ambipom\n|\n|upkeep\n|turn|17\n|\n|t:|1733876468\n|move|p2a: Ambipom|U-turn|p1a: Tauros\n|-resisted|p1a: Tauros\n|-damage|p1a: Tauros|180/257\n|\n|t:|1733876472\n|switch|p2a: Mesprit|Mesprit, L85|275/275|[from] U-turn\n|move|p1a: Tauros|Close Combat|p2a: Mesprit\n|-resisted|p2a: Mesprit\n|-damage|p2a: Mesprit|221/275\n|-unboost|p1a: Tauros|def|1\n|-unboost|p1a: Tauros|spd|1\n|\n|upkeep\n|turn|18\n|\n|t:|1733876498\n|move|p2a: Mesprit|Dazzling Gleam|p1a: Tauros\n|-supereffective|p1a: Tauros\n|-damage|p1a: Tauros|0 fnt\n|faint|p1a: Tauros\n|\n|upkeep\n|\n|t:|1733876505\n|switch|p1a: Lunala|Lunala, L70|276/308\n|-damage|p1a: Lunala|225/308|[from] Spikes\n|turn|19\n|\n|t:|1733876513\n|switch|p2a: Ambipom|Ambipom, L84, M|263/263\n|move|p1a: Lunala|Psyshock|p2a: Ambipom\n|-damage|p2a: Ambipom|160/263\n|\n|-heal|p1a: Lunala|244/308|[from] item: Leftovers\n|upkeep\n|turn|20\n|c|\u2606jglassx|oh shit\n|c|\u2606jglassx|it's scarved\n|\n|t:|1733876528\n|move|p2a: Ambipom|Knock Off|p1a: Lunala\n|-supereffective|p1a: Lunala\n|-damage|p1a: Lunala|0 fnt\n|-enditem|p1a: Lunala|Leftovers|[from] move: Knock Off|[of] p2a: Ambipom\n|faint|p1a: Lunala\n|\n|upkeep\n|\n|t:|1733876531\n|switch|p1a: Corviknight|Corviknight, L80, M, tera:Dragon|172/288\n|-damage|p1a: Corviknight|124/288|[from] Spikes\n|-ability|p1a: Corviknight|Pressure\n|turn|21\n|c|\u2606jglassx|I think I lost\n|j| FireOfPies\n|c| FireOfPies|I think I got pinged\n|\n|t:|1733876550\n|move|p2a: Ambipom|Knock Off|p1a: Corviknight\n|-damage|p1a: Corviknight|56/288\n|-enditem|p1a: Corviknight|Leftovers|[from] move: Knock Off|[of] p2a: Ambipom\n|move|p1a: Corviknight|Roost|p1a: Corviknight\n|-heal|p1a: Corviknight|200/288\n|\n|upkeep\n|turn|22\n|\n|t:|1733876561\n|move|p2a: Ambipom|Double-Edge|p1a: Corviknight\n|-damage|p1a: Corviknight|50/288\n|-damage|p2a: Ambipom|110/263|[from] Recoil\n|move|p1a: Corviknight|Roost|p1a: Corviknight\n|-heal|p1a: Corviknight|194/288\n|\n|upkeep\n|turn|23\n|\n|t:|1733876568\n|move|p2a: Ambipom|U-turn|p1a: Corviknight\n|-damage|p1a: Corviknight|149/288\n|c| EndlessSweeps|Never say never.\n|\n|t:|1733876573\n|switch|p2a: Mesprit|Mesprit, L85|221/275|[from] U-turn\n|move|p1a: Corviknight|Roost|p1a: Corviknight\n|-heal|p1a: Corviknight|288/288\n|\n|upkeep\n|turn|24\n|c| EndlessSweeps|Especially when you have a set up mon.\n|c| FireOfPies|It\u2019s over\n|\n|t:|1733876583\n|move|p2a: Mesprit|Dazzling Gleam|p1a: Corviknight\n|-supereffective|p1a: Corviknight\n|-damage|p1a: Corviknight|154/288\n|move|p1a: Corviknight|Brave Bird|p2a: Mesprit\n|-damage|p2a: Mesprit|130/275\n|-damage|p1a: Corviknight|124/288|[from] Recoil\n|\n|upkeep\n|turn|25\n|\n|t:|1733876590\n|move|p2a: Mesprit|Dazzling Gleam|p1a: Corviknight\n|-supereffective|p1a: Corviknight\n|-damage|p1a: Corviknight|0 fnt\n|faint|p1a: Corviknight\n|\n|upkeep\n|c|\u2606jglassx|yeah it is\n|\n|t:|1733876595\n|switch|p1a: Skeledirge|Skeledirge, L79, M|126/294\n|turn|26\n|c|\u2606Blitzkrieg123|did u throw\n|\n|t:|1733876600\n|move|p2a: Mesprit|Dazzling Gleam|p1a: Skeledirge\n|-resisted|p1a: Skeledirge\n|-damage|p1a: Skeledirge|86/294\n|move|p1a: Skeledirge|Slack Off|p1a: Skeledirge\n|-heal|p1a: Skeledirge|233/294\n|\n|upkeep\n|turn|27\n|l| FireOfPies\n|c|\u2606jglassx|no, what should I have done?\n|\n|t:|1733876609\n|switch|p2a: Cyclizar|Cyclizar, L83, M|131/252\n|move|p1a: Skeledirge|Torch Song|p2a: Cyclizar\n|-resisted|p2a: Cyclizar\n|-damage|p2a: Cyclizar|77/252\n|-boost|p1a: Skeledirge|spa|1\n|\n|upkeep\n|turn|28\n|c|\u2606Blitzkrieg123|idk\n|\n|t:|1733876625\n|move|p2a: Cyclizar|Knock Off|p1a: Skeledirge\n|-supereffective|p1a: Skeledirge\n|-crit|p1a: Skeledirge\n|-damage|p1a: Skeledirge|51/294\n|-enditem|p1a: Skeledirge|Heavy-Duty Boots|[from] move: Knock Off|[of] p2a: Cyclizar\n|move|p1a: Skeledirge|Torch Song|p2a: Cyclizar\n|-resisted|p2a: Cyclizar\n|-crit|p2a: Cyclizar\n|-damage|p2a: Cyclizar|0 fnt\n|-boost|p1a: Skeledirge|spa|1\n|faint|p2a: Cyclizar\n|\n|upkeep\n|\n|t:|1733876637\n|switch|p2a: Ambipom|Ambipom, L84, M|110/263\n|turn|29\n|c| EndlessSweeps|Noooooooooooooooooooooo\n|\n|t:|1733876641\n|move|p2a: Ambipom|Knock Off|p1a: Skeledirge\n|-supereffective|p1a: Skeledirge\n|-damage|p1a: Skeledirge|0 fnt\n|faint|p1a: Skeledirge\n|\n|win|Blitzkrieg123\n|c| EndlessSweeps|Shoulda healed\n|c| EndlessSweeps|Knock off woulda did less damage\n|c| EndlessSweeps|After the item got removed\n|c|\u2606jglassx|yeah but that much less?\n|c|\u2606jglassx|Idk about that\n|c|\u2606jglassx|but ggs Blitz\n|c| EndlessSweeps|Worth the try\n|c| EndlessSweeps|Skeliderge bulky\n", "inputlog": ">version bfd83cad13791eb5a5a409923076391caf6fb4d4\n>start {\"formatid\":\"gen9randombattle\",\"seed\":[19612,34376,10356,22286]}\n>player p1 {\"name\":\"jglassx\",\"avatar\":\"cyclist\",\"rating\":0,\"seed\":[15223,32030,64294,55533]}\n>player p2 {\"name\":\"Blitzkrieg123\",\"avatar\":\"red\",\"rating\":0,\"seed\":[2976,63794,3534,42883]}\n>p1 move bravebird terastallize\n>p2 move ivycudgel\n>p2 switch 2\n>p1 switch 4\n>p2 move dracometeor\n>p1 move doubleedge\n>p2 move knockoff\n>p1 move doubleedge\n>p2 switch 3\n>p1 move highhorsepower\n>p2 move recover\n>p1 move highhorsepower\n>p2 move discharge\n>p1 switch 6\n>p1 move willowisp\n>p2 move scald\n>p1 switch 5\n>p2 move scald\n>p1 move dynamaxcannon\n>p2 move recover\n>p1 move dynamaxcannon\n>p2 move spikes\n>p1 move dynamaxcannon\n>p2 move recover\n>p1 move sludgebomb\n>p2 move spikes\n>chat \u2606Blitzkrieg123|bro endless\n>chat \u2606Blitzkrieg123|wtf man\n>chat \u2606jglassx|he's not here\n>p1 move sludgebomb\n>p2 move recover\n>p2 switch 5\n>chat  EndlessSweeps|I am.\n>p1 move recover\n>p2 move psychic\n>p1 switch 3\n>chat  EndlessSweeps|I thought the last battle was the last one\n>p1 move moongeistbeam\n>p2 switch 6\n>p1 switch 2\n>p2 move knockoff\n>p1 move closecombat\n>p2 move uturn\n>p2 switch 6\n>p1 move throatchop\n>p2 move dazzlinggleam\n>p1 switch 2\n>p1 move psyshock\n>p2 switch 6\n>chat \u2606jglassx|oh shit\n>chat \u2606jglassx|it's scarved\n>p1 move moonlight\n>p2 move knockoff\n>p1 switch 4\n>chat \u2606jglassx|I think I lost\n>chat  FireOfPies|I think I got pinged\n>p1 move roost\n>p2 move knockoff\n>p1 move roost\n>p2 move doubleedge\n>p1 move roost\n>p2 move uturn\n>chat  EndlessSweeps|Never say never.\n>p2 switch 6\n>chat  EndlessSweeps|Especially when you have a set up mon.\n>chat  FireOfPies|It\u2019s over\n>p1 move bravebird\n>p2 move dazzlinggleam\n>p1 move roost\n>p2 move dazzlinggleam\n>chat \u2606jglassx|yeah it is\n>p1 switch 5\n>chat \u2606Blitzkrieg123|did u throw\n>p1 move slackoff\n>p2 move dazzlinggleam\n>chat \u2606jglassx|no, what should I have done?\n>p1 move torchsong\n>p2 switch 3\n>chat \u2606Blitzkrieg123|idk\n>p1 move torchsong\n>p2 move knockoff\n>p2 switch 6\n>chat  EndlessSweeps|Noooooooooooooooooooooo\n>p1 move slackoff\n>p2 move knockoff", "uploadtime": 1733876676, "views": 5, "formatid": "gen9randombattle", "rating": null, "private": 0, "password": null}