{"id": "gen9randombattle-2260436499", "format": "[Gen 9] Random Battle", "players": ["Freeeky", "paysa"], "log": "|badge|p2|bronze|gen9randombattle|100-3\n|uhtml|medal-msg|<div class=\"broadcast-blue\">Curious what those medals under the avatar are? PS now has Ladder Seasons! For more information, check out the <a href=\"https://www.smogon.com/forums/threads/3740067/\">thread on Smogon.</a></div>\n|j|\u2606Freeeky\n|j|\u2606paysa\n|t:|1733851456\n|gametype|singles\n|player|p1|Freeeky|102|2273\n|player|p2|paysa|lucas|2377\n|teamsize|p1|6\n|teamsize|p2|6\n|gen|9\n|tier|[Gen 9] Random Battle\n|rated|\n|rule|Species Clause: Limit one of each Pok\u00e9mon\n|rule|HP Percentage Mod: HP is shown in percentages\n|rule|Sleep Clause Mod: Limit one foe put to sleep\n|rule|Illusion Level Mod: Illusion disguises the Pok\u00e9mon's true level\n|\n|t:|1733851456\n|start\n|switch|p1a: Dugtrio|Dugtrio-Alola, L84, M|196/196\n|switch|p2a: Girafarig|Girafarig, L89, M|269/269\n|turn|1\n|inactive|Battle timer is ON: inactive players will automatically lose when time's up. (requested by paysa)\n|inactive|Freeeky also wants the timer to be on.\n|\n|t:|1733851481\n|switch|p2a: Arboliva|Arboliva, L91, M|288/288\n|move|p1a: Dugtrio|Swords Dance|p1a: Dugtrio\n|-boost|p1a: Dugtrio|atk|2\n|\n|upkeep\n|turn|2\n|\n|t:|1733851497\n|switch|p2a: Dondozo|Dondozo, L78, M|362/362\n|move|p1a: Dugtrio|Iron Head|p2a: Dondozo\n|-resisted|p2a: Dondozo\n|-damage|p2a: Dondozo|311/362\n|-damage|p1a: Dugtrio|177/196|[from] item: Life Orb\n|\n|-heal|p2a: Dondozo|333/362|[from] item: Leftovers\n|upkeep\n|turn|3\n|\n|t:|1733851507\n|switch|p1a: Gothitelle|Gothitelle, L90, M|272/272\n|move|p2a: Dondozo|Curse|p2a: Dondozo\n|-unboost|p2a: Dondozo|spe|1\n|-boost|p2a: Dondozo|atk|1\n|-boost|p2a: Dondozo|def|1\n|\n|-heal|p2a: Dondozo|355/362|[from] item: Leftovers\n|upkeep\n|turn|4\n|\n|t:|1733851511\n|move|p1a: Gothitelle|Psychic Noise|p2a: Dondozo\n|-damage|p2a: Dondozo|240/362\n|-start|p2a: Dondozo|move: Heal Block\n|move|p2a: Dondozo|Wave Crash|p1a: Gothitelle\n|-damage|p1a: Gothitelle|115/272\n|-damage|p2a: Dondozo|188/362|[from] Recoil\n|\n|-heal|p1a: Gothitelle|132/272|[from] item: Leftovers\n|upkeep\n|turn|5\n|\n|t:|1733851521\n|move|p1a: Gothitelle|Psychic Noise|p2a: Dondozo\n|-damage|p2a: Dondozo|73/362\n|move|p2a: Dondozo|Wave Crash|p1a: Gothitelle\n|-damage|p1a: Gothitelle|0 fnt\n|faint|p1a: Gothitelle\n|-damage|p2a: Dondozo|29/362|[from] Recoil\n|\n|-end|p2a: Dondozo|move: Heal Block\n|upkeep\n|inactive|Freeeky has 120 seconds left.\n|\n|t:|1733851557\n|switch|p1a: Vikavolt|Vikavolt, L83, M|263/263\n|turn|6\n|l|\u2606Freeeky\n|inactive|Freeeky disconnected and has a minute to reconnect!\n|player|p1|\n|j|\u2606Freeeky\n|inactive|Freeeky reconnected.\n|player|p1|Freeeky|102|\n|\n|t:|1733851586\n|move|p1a: Vikavolt|Volt Switch|p2a: Dondozo\n|-supereffective|p2a: Dondozo\n|-damage|p2a: Dondozo|0 fnt\n|faint|p2a: Dondozo\n|inactive|Freeeky has 120 seconds left.\n|\n|t:|1733851599\n|switch|p1a: Altaria|Altaria, L88, F|275/275|[from] Volt Switch\n|\n|upkeep\n|inactive|paysa has 120 seconds left.\n|\n|t:|1733851628\n|switch|p2a: Girafarig|Girafarig, L89, M|269/269\n|turn|7\n|\n|t:|1733851638\n|switch|p1a: Dugtrio|Dugtrio-Alola, L84, M|177/196\n|move|p2a: Girafarig|Nasty Plot|p2a: Girafarig\n|-boost|p2a: Girafarig|spa|2\n|\n|upkeep\n|turn|8\n|\n|t:|1733851643\n|move|p1a: Dugtrio|Swords Dance|p1a: Dugtrio\n|-boost|p1a: Dugtrio|atk|2\n|move|p2a: Girafarig|Hyper Voice|p1a: Dugtrio\n|-resisted|p1a: Dugtrio\n|-damage|p1a: Dugtrio|54/196\n|\n|upkeep\n|turn|9\n|\n|t:|1733851649\n|move|p1a: Dugtrio|Sucker Punch|p2a: Girafarig\n|-supereffective|p2a: Girafarig\n|-damage|p2a: Girafarig|51/269\n|-damage|p1a: Dugtrio|35/196|[from] item: Life Orb\n|move|p2a: Girafarig|Hyper Voice|p1a: Dugtrio\n|-resisted|p1a: Dugtrio\n|-damage|p1a: Dugtrio|0 fnt\n|faint|p1a: Dugtrio\n|\n|upkeep\n|\n|t:|1733851656\n|switch|p1a: Dodrio|Dodrio, L86, M|243/243\n|turn|10\n|\n|t:|1733851675\n|move|p1a: Dodrio|Knock Off|p2a: Girafarig\n|-supereffective|p2a: Girafarig\n|-damage|p2a: Girafarig|0 fnt\n|-enditem|p2a: Girafarig|Eviolite|[from] move: Knock Off|[of] p1a: Dodrio\n|faint|p2a: Girafarig\n|\n|upkeep\n|\n|t:|1733851687\n|switch|p2a: Arboliva|Arboliva, L91, M|288/288\n|turn|11\n|\n|t:|1733851698\n|switch|p1a: Altaria|Altaria, L88, F|275/275\n|move|p2a: Arboliva|Hyper Voice|p1a: Altaria\n|-damage|p1a: Altaria|155/275\n|\n|upkeep\n|turn|12\n|\n|t:|1733851704\n|move|p1a: Altaria|Dragon Dance|p1a: Altaria\n|-boost|p1a: Altaria|atk|1\n|-boost|p1a: Altaria|spe|1\n|move|p2a: Arboliva|Hyper Voice|p1a: Altaria\n|-damage|p1a: Altaria|43/275\n|\n|upkeep\n|turn|13\n|\n|t:|1733851711\n|switch|p2a: Ribombee|Ribombee, L82, M|233/233\n|move|p1a: Altaria|Roost|p1a: Altaria\n|-heal|p1a: Altaria|181/275\n|-singleturn|p1a: Altaria|move: Roost\n|\n|upkeep\n|turn|14\n|\n|t:|1733851715\n|move|p1a: Altaria|Brave Bird|p2a: Ribombee\n|-supereffective|p2a: Ribombee\n|-damage|p2a: Ribombee|0 fnt\n|faint|p2a: Ribombee\n|-damage|p1a: Altaria|104/275|[from] Recoil\n|\n|upkeep\n|\n|t:|1733851717\n|switch|p2a: Arboliva|Arboliva, L91, M|288/288\n|turn|15\n|\n|t:|1733851720\n|move|p1a: Altaria|Roost|p1a: Altaria\n|-heal|p1a: Altaria|242/275\n|-singleturn|p1a: Altaria|move: Roost\n|move|p2a: Arboliva|Hyper Voice|p1a: Altaria\n|-damage|p1a: Altaria|118/275\n|\n|upkeep\n|turn|16\n|\n|t:|1733851726\n|move|p1a: Altaria|Roost|p1a: Altaria\n|-heal|p1a: Altaria|256/275\n|-singleturn|p1a: Altaria|move: Roost\n|move|p2a: Arboliva|Hyper Voice|p1a: Altaria\n|-damage|p1a: Altaria|133/275\n|\n|upkeep\n|turn|17\n|\n|t:|1733851745\n|move|p1a: Altaria|Roost|p1a: Altaria\n|-heal|p1a: Altaria|271/275\n|-singleturn|p1a: Altaria|move: Roost\n|move|p2a: Arboliva|Hyper Voice|p1a: Altaria\n|-damage|p1a: Altaria|159/275\n|\n|upkeep\n|turn|18\n|\n|t:|1733851751\n|move|p1a: Altaria|Dragon Dance|p1a: Altaria\n|-boost|p1a: Altaria|atk|1\n|-boost|p1a: Altaria|spe|1\n|move|p2a: Arboliva|Hyper Voice|p1a: Altaria\n|-damage|p1a: Altaria|39/275\n|\n|upkeep\n|turn|19\n|\n|t:|1733851753\n|move|p1a: Altaria|Roost|p1a: Altaria\n|-heal|p1a: Altaria|177/275\n|-singleturn|p1a: Altaria|move: Roost\n|move|p2a: Arboliva|Leech Seed|p1a: Altaria\n|-start|p1a: Altaria|move: Leech Seed\n|\n|-damage|p1a: Altaria|143/275|[from] Leech Seed|[of] p2a: Arboliva\n|upkeep\n|turn|20\n|\n|t:|1733851760\n|move|p2a: Arboliva|Protect|p2a: Arboliva\n|-singleturn|p2a: Arboliva|Protect\n|move|p1a: Altaria|Brave Bird|p2a: Arboliva\n|-activate|p2a: Arboliva|move: Protect\n|\n|-damage|p1a: Altaria|109/275|[from] Leech Seed|[of] p2a: Arboliva\n|upkeep\n|turn|21\n|\n|t:|1733851776\n|move|p2a: Arboliva|Protect|p2a: Arboliva\n|-singleturn|p2a: Arboliva|Protect\n|move|p1a: Altaria|Roost|p1a: Altaria\n|-heal|p1a: Altaria|247/275\n|-singleturn|p1a: Altaria|move: Roost\n|\n|-damage|p1a: Altaria|213/275|[from] Leech Seed|[of] p2a: Arboliva\n|upkeep\n|turn|22\n|\n|t:|1733851785\n|-terastallize|p2a: Arboliva|Poison\n|move|p1a: Altaria|Brave Bird|p2a: Arboliva\n|-damage|p2a: Arboliva|72/288\n|-enditem|p2a: Arboliva|Sitrus Berry|[eat]\n|-heal|p2a: Arboliva|144/288|[from] item: Sitrus Berry\n|-damage|p1a: Altaria|142/275|[from] Recoil\n|move|p2a: Arboliva|Hyper Voice|p1a: Altaria\n|-damage|p1a: Altaria|25/275\n|\n|-damage|p1a: Altaria|0 fnt|[from] Leech Seed|[of] p2a: Arboliva\n|-heal|p2a: Arboliva|169/288|[silent]\n|faint|p1a: Altaria\n|upkeep\n|\n|t:|1733851807\n|switch|p1a: Dodrio|Dodrio, L86, M|243/243\n|turn|23\n|\n|t:|1733851817\n|move|p1a: Dodrio|Swords Dance|p1a: Dodrio\n|-boost|p1a: Dodrio|atk|2\n|move|p2a: Arboliva|Hyper Voice|p1a: Dodrio\n|-damage|p1a: Dodrio|57/243\n|\n|-item|p2a: Arboliva|Sitrus Berry|[from] ability: Harvest\n|upkeep\n|turn|24\n|\n|t:|1733851836\n|move|p2a: Arboliva|Protect|p2a: Arboliva\n|-singleturn|p2a: Arboliva|Protect\n|move|p1a: Dodrio|Knock Off|p2a: Arboliva\n|-activate|p2a: Arboliva|move: Protect\n|\n|upkeep\n|turn|25\n|\n|t:|1733851844\n|switch|p2a: Chesnaught|Chesnaught, L84, F|285/285\n|move|p1a: Dodrio|Drill Run|p2a: Chesnaught\n|-resisted|p2a: Chesnaught\n|-damage|p2a: Chesnaught|234/285\n|\n|-heal|p2a: Chesnaught|251/285|[from] item: Leftovers\n|upkeep\n|turn|26\n|\n|t:|1733851851\n|move|p1a: Dodrio|Brave Bird|p2a: Chesnaught\n|-supereffective|p2a: Chesnaught\n|-damage|p2a: Chesnaught|0 fnt\n|faint|p2a: Chesnaught\n|-damage|p1a: Dodrio|0 fnt|[from] Recoil\n|faint|p1a: Dodrio\n|\n|upkeep\n|\n|t:|1733851857\n|switch|p1a: Urshifu|Urshifu, L74, F|270/270\n|switch|p2a: Iron Moth|Iron Moth, L78|253/253\n|turn|27\n|j| thee in world\n|\n|t:|1733851877\n|move|p2a: Iron Moth|Fire Blast|p1a: Urshifu\n|-damage|p1a: Urshifu|0 fnt\n|faint|p1a: Urshifu\n|\n|upkeep\n|c|\u2606Freeeky|You\u2019re the luckiest player on here\n|l|\u2606Freeeky\n|inactive|Freeeky disconnected and has a minute to reconnect!\n|player|p1|\n|j| distant world star\n|inactive|Freeeky has 30 seconds to reconnect!\n|j| MDILL97\n|inactive|Freeeky has 20 seconds to reconnect!\n|c| MDILL97|holy midoff\n|c|\u2606paysa|nothing lucky happened this game\n|inactive|Freeeky has 15 seconds to reconnect!\n|l| thee in world\n|c|\u2606paysa|bro is bitching for no reason\n|inactive|Freeeky has 10 seconds to reconnect!\n|inactive|Freeeky has 5 seconds to reconnect!\n|-message|Freeeky lost due to inactivity.\n|\n|win|paysa\n|raw|Freeeky's rating: 2273 &rarr; <strong>2259</strong><br />(-14 for losing)\n|raw|paysa's rating: 2377 &rarr; <strong>2391</strong><br />(+14 for winning)\n|c| MDILL97|ill take care of him in dms\n|c|\u2606paysa|not even a single critical hit lmao\n|c|\u2606paysa|no\n|c|\u2606paysa|dont\n|l| MDILL97\n|c|\u2606paysa|i already got in trouble for using pg16 language\n|c|\u2606paysa|NOOOO\n", "inputlog": ">version bfd83cad13791eb5a5a409923076391caf6fb4d4\n>start {\"formatid\":\"gen9randombattle\",\"seed\":[55074,13252,24721,60995],\"rated\":\"Rated battle\"}\n>player p1 {\"name\":\"Freeeky\",\"avatar\":\"102\",\"rating\":2273,\"seed\":[22531,22674,59207,58304]}\n>player p2 {\"name\":\"paysa\",\"avatar\":\"lucas\",\"rating\":2377,\"seed\":[28919,12289,56908,13444]}\n>p1 move swordsdance\n>p2 switch 4\n>p1 move ironhead\n>p2 switch 5\n>p1 switch 3\n>p2 move curse\n>p1 move psychicnoise\n>p2 move wavecrash\n>p1 move psychicnoise\n>p2 move wavecrash\n>p1 switch 5\n>p1 move voltswitch\n>p2 move wavecrash\n>p1 switch 2\n>p2 switch 4\n>p1 switch 3\n>p2 move nastyplot\n>p1 move swordsdance\n>p2 move hypervoice\n>p1 move suckerpunch\n>p2 move hypervoice\n>p1 switch 4\n>p1 move knockoff\n>p2 move psyshock\n>p2 switch 5\n>p1 switch 3\n>p2 move hypervoice\n>p1 move dragondance\n>p2 move hypervoice\n>p1 move roost\n>p2 switch 2\n>p1 move bravebird\n>p2 move moonblast\n>p2 switch 2\n>p1 move roost\n>p2 move hypervoice\n>p1 move roost\n>p2 move hypervoice\n>p1 move roost\n>p2 move hypervoice\n>p1 move dragondance\n>p2 move hypervoice\n>p1 move roost\n>p2 move leechseed\n>p1 move bravebird\n>p2 move protect\n>p1 move roost\n>p2 move protect\n>p1 move bravebird\n>p2 move hypervoice terastallize\n>p1 switch 3\n>p1 move swordsdance\n>p2 move hypervoice\n>p1 move knockoff\n>p2 move protect\n>p1 move drillrun\n>p2 switch 6\n>p1 move bravebird\n>p2 move irondefense\n>p1 switch 6\n>p2 switch 3\n>p1 move wickedblow\n>p2 move fireblast\n>chat \u2606Freeeky|You\u2019re the luckiest player on here\n>chat  MDILL97|holy midoff\n>chat \u2606paysa|nothing lucky happened this game\n>chat \u2606paysa|bro is bitching for no reason\n>forcelose p1", "uploadtime": 1733851975, "views": 13, "formatid": "gen9randombattle", "rating": 2259, "private": 0, "password": null}