{"id": "gen9randombattle-2260791953", "format": "[Gen 9] Random Battle", "players": ["Thunkin", "Almightynikey"], "log": "|j|\u2606Thunkin\n|j|\u2606Almightynikey\n|t:|1733892805\n|gametype|singles\n|player|p1|Thunkin|boarder|1846\n|player|p2|Almightynikey|juan|1809\n|teamsize|p1|6\n|teamsize|p2|6\n|gen|9\n|tier|[Gen 9] Random Battle\n|rated|\n|rule|Species Clause: Limit one of each Pok\u00e9mon\n|rule|HP Percentage Mod: HP is shown in percentages\n|rule|Sleep Clause Mod: Limit one foe put to sleep\n|rule|Illusion Level Mod: Illusion disguises the Pok\u00e9mon's true level\n|\n|t:|1733892805\n|start\n|switch|p1a: Solgaleo|Solgaleo, L74|325/325\n|switch|p2a: Komala|Komala, L89, F|260/260\n|-ability|p2a: Komala|Comatose\n|turn|1\n|inactive|Battle timer is ON: inactive players will automatically lose when time's up. (requested by Almightynikey)\n|\n|t:|1733892824\n|move|p1a: Solgaleo|Close Combat|p2a: Komala\n|-supereffective|p2a: Komala\n|-damage|p2a: Komala|52/260\n|-unboost|p1a: Solgaleo|def|1\n|-unboost|p1a: Solgaleo|spd|1\n|move|p2a: Komala|Knock Off|p1a: Solgaleo\n|-supereffective|p1a: Solgaleo\n|-damage|p1a: Solgaleo|0 fnt\n|-enditem|p1a: Solgaleo|Weakness Policy|[from] move: Knock Off|[of] p2a: Komala\n|faint|p1a: Solgaleo\n|\n|upkeep\n|\n|t:|1733892834\n|switch|p1a: Volcarona|Volcarona, L77, F|257/257\n|turn|2\n|\n|t:|1733892842\n|move|p1a: Volcarona|Fiery Dance|p2a: Komala\n|-damage|p2a: Komala|0 fnt\n|-boost|p1a: Volcarona|spa|1\n|faint|p2a: Komala\n|\n|upkeep\n|\n|t:|1733892847\n|switch|p2a: Clawitzer|Clawitzer, L87, F|265/265\n|turn|3\n|\n|t:|1733892852\n|switch|p1a: Volcanion|Volcanion, L79|255/255\n|move|p2a: Clawitzer|Water Pulse|p1a: Volcanion\n|-immune|p1a: Volcanion|[from] ability: Water Absorb\n|\n|upkeep\n|turn|4\n|\n|t:|1733892856\n|move|p1a: Volcanion|Steam Eruption|p2a: Clawitzer\n|-resisted|p2a: Clawitzer\n|-damage|p2a: Clawitzer|222/265\n|move|p2a: Clawitzer|Dragon Pulse|p1a: Volcanion\n|-damage|p1a: Volcanion|177/255\n|\n|upkeep\n|turn|5\n|\n|t:|1733892867\n|switch|p1a: Orthworm|Orthworm, L88, M|266/266\n|move|p2a: Clawitzer|Dragon Pulse|p1a: Orthworm\n|-resisted|p1a: Orthworm\n|-damage|p1a: Orthworm|197/266\n|\n|-heal|p1a: Orthworm|213/266|[from] item: Leftovers\n|upkeep\n|turn|6\n|\n|t:|1733892870\n|move|p1a: Orthworm|Stealth Rock|p2a: Clawitzer\n|-sidestart|p2: Almightynikey|move: Stealth Rock\n|move|p2a: Clawitzer|Water Pulse|p1a: Orthworm\n|-damage|p1a: Orthworm|50/266\n|\n|-heal|p1a: Orthworm|66/266|[from] item: Leftovers\n|upkeep\n|turn|7\n|\n|t:|1733892873\n|move|p1a: Orthworm|Spikes|p2a: Clawitzer\n|-sidestart|p2: Almightynikey|Spikes\n|move|p2a: Clawitzer|Dragon Pulse|p1a: Orthworm\n|-resisted|p1a: Orthworm\n|-damage|p1a: Orthworm|0 fnt\n|faint|p1a: Orthworm\n|\n|upkeep\n|\n|t:|1733892877\n|switch|p1a: Staraptor|Staraptor, L79, F|263/263\n|turn|8\n|\n|t:|1733892888\n|move|p1a: Staraptor|Brave Bird|p2a: Clawitzer\n|-damage|p2a: Clawitzer|11/265\n|-damage|p1a: Staraptor|193/263|[from] Recoil\n|move|p2a: Clawitzer|U-turn|p1a: Staraptor\n|-resisted|p1a: Staraptor\n|-crit|p1a: Staraptor\n|-damage|p1a: Staraptor|150/263\n|\n|t:|1733892902\n|switch|p2a: Magearna|Magearna, L77|250/250|[from] U-turn\n|-damage|p2a: Magearna|235/250|[from] Stealth Rock\n|-damage|p2a: Magearna|204/250|[from] Spikes\n|\n|-heal|p2a: Magearna|219/250|[from] item: Leftovers\n|upkeep\n|turn|9\n|\n|t:|1733892905\n|switch|p1a: Volcanion|Volcanion, L79|177/255\n|move|p2a: Magearna|Shift Gear|p2a: Magearna\n|-boost|p2a: Magearna|spe|2\n|-boost|p2a: Magearna|atk|1\n|\n|-heal|p2a: Magearna|234/250|[from] item: Leftovers\n|upkeep\n|turn|10\n|\n|t:|1733892916\n|move|p2a: Magearna|Calm Mind|p2a: Magearna\n|-boost|p2a: Magearna|spa|1\n|-boost|p2a: Magearna|spd|1\n|move|p1a: Volcanion|Flamethrower|p2a: Magearna\n|-supereffective|p2a: Magearna\n|-damage|p2a: Magearna|96/250\n|\n|-heal|p2a: Magearna|111/250|[from] item: Leftovers\n|upkeep\n|turn|11\n|\n|t:|1733892936\n|move|p2a: Magearna|Fleur Cannon|p1a: Volcanion|[miss]\n|-miss|p2a: Magearna|p1a: Volcanion\n|move|p1a: Volcanion|Flamethrower|p2a: Magearna\n|-supereffective|p2a: Magearna\n|-damage|p2a: Magearna|0 fnt\n|faint|p2a: Magearna\n|\n|upkeep\n|\n|t:|1733892944\n|switch|p2a: Crabominable|Crabominable, L90, F|321/321\n|-damage|p2a: Crabominable|281/321|[from] Stealth Rock\n|-damage|p2a: Crabominable|241/321|[from] Spikes\n|turn|12\n|\n|t:|1733892948\n|switch|p2a: Dachsbun|Dachsbun, L92, F|254/254\n|-damage|p2a: Dachsbun|223/254|[from] Stealth Rock\n|-damage|p2a: Dachsbun|192/254|[from] Spikes\n|move|p1a: Volcanion|Flamethrower|p2a: Dachsbun\n|-ability|p2a: Dachsbun|Well-Baked Body|boost\n|-boost|p2a: Dachsbun|def|2\n|\n|-heal|p2a: Dachsbun|207/254|[from] item: Leftovers\n|upkeep\n|turn|13\n|\n|t:|1733892951\n|move|p2a: Dachsbun|Body Press|p1a: Volcanion\n|-damage|p1a: Volcanion|53/255\n|move|p1a: Volcanion|Steam Eruption|p2a: Dachsbun\n|-damage|p2a: Dachsbun|77/254\n|\n|-heal|p2a: Dachsbun|92/254|[from] item: Leftovers\n|upkeep\n|turn|14\n|\n|t:|1733892978\n|switch|p1a: Whiscash|Whiscash, L88, M|337/337\n|move|p2a: Dachsbun|Body Press|p1a: Whiscash\n|-damage|p1a: Whiscash|162/337\n|\n|-heal|p2a: Dachsbun|107/254|[from] item: Leftovers\n|upkeep\n|turn|15\n|\n|t:|1733892985\n|move|p2a: Dachsbun|Wish|p2a: Dachsbun\n|move|p1a: Whiscash|Liquidation|p2a: Dachsbun\n|-damage|p2a: Dachsbun|68/254\n|-damage|p1a: Whiscash|129/337|[from] item: Life Orb\n|\n|-heal|p2a: Dachsbun|83/254|[from] item: Leftovers\n|upkeep\n|turn|16\n|\n|t:|1733892994\n|move|p2a: Dachsbun|Body Press|p1a: Whiscash\n|-damage|p1a: Whiscash|0 fnt\n|faint|p1a: Whiscash\n|\n|-heal|p2a: Dachsbun|210/254|[from] move: Wish|[wisher] Dachsbun\n|-heal|p2a: Dachsbun|225/254|[from] item: Leftovers\n|upkeep\n|\n|t:|1733892998\n|switch|p1a: Volcarona|Volcarona, L77, F|257/257\n|turn|17\n|\n|t:|1733893002\n|move|p2a: Dachsbun|Wish|p2a: Dachsbun\n|move|p1a: Volcarona|Bug Buzz|p2a: Dachsbun\n|-resisted|p2a: Dachsbun\n|-damage|p2a: Dachsbun|176/254\n|-unboost|p2a: Dachsbun|spd|1\n|\n|-heal|p2a: Dachsbun|191/254|[from] item: Leftovers\n|upkeep\n|turn|18\n|\n|t:|1733893008\n|move|p2a: Dachsbun|Body Press|p1a: Volcarona\n|-resisted|p1a: Volcarona\n|-damage|p1a: Volcarona|163/257\n|move|p1a: Volcarona|Quiver Dance|p1a: Volcarona\n|-boost|p1a: Volcarona|spa|1\n|-boost|p1a: Volcarona|spd|1\n|-boost|p1a: Volcarona|spe|1\n|\n|-heal|p2a: Dachsbun|254/254|[from] move: Wish|[wisher] Dachsbun\n|upkeep\n|turn|19\n|\n|t:|1733893015\n|move|p1a: Volcarona|Bug Buzz|p2a: Dachsbun\n|-resisted|p2a: Dachsbun\n|-damage|p2a: Dachsbun|142/254\n|move|p2a: Dachsbun|Body Press|p1a: Volcarona\n|-resisted|p1a: Volcarona\n|-damage|p1a: Volcarona|54/257\n|\n|-heal|p2a: Dachsbun|157/254|[from] item: Leftovers\n|upkeep\n|turn|20\n|\n|t:|1733893021\n|move|p1a: Volcarona|Bug Buzz|p2a: Dachsbun\n|-resisted|p2a: Dachsbun\n|-damage|p2a: Dachsbun|0 fnt\n|faint|p2a: Dachsbun\n|\n|upkeep\n|\n|t:|1733893030\n|switch|p2a: Clawitzer|Clawitzer, L87, F|11/265\n|-damage|p2a: Clawitzer|0 fnt|[from] Stealth Rock\n|faint|p2a: Clawitzer\n|\n|t:|1733893032\n|switch|p2a: Crabominable|Crabominable, L90, F|241/321\n|-damage|p2a: Crabominable|201/321|[from] Stealth Rock\n|-damage|p2a: Crabominable|161/321|[from] Spikes\n|turn|21\n|inactive|Thunkin has 120 seconds left.\n|\n|t:|1733893062\n|move|p1a: Volcarona|Fiery Dance|p2a: Crabominable\n|-supereffective|p2a: Crabominable\n|-damage|p2a: Crabominable|0 fnt\n|faint|p2a: Crabominable\n|\n|upkeep\n|\n|t:|1733893070\n|switch|p2a: Cobalion|Cobalion, L80|277/277\n|-damage|p2a: Cobalion|269/277|[from] Stealth Rock\n|-damage|p2a: Cobalion|235/277|[from] Spikes\n|turn|22\n|\n|t:|1733893084\n|-terastallize|p2a: Cobalion|Ghost\n|move|p1a: Volcarona|Fiery Dance|p2a: Cobalion\n|-damage|p2a: Cobalion|64/277\n|move|p2a: Cobalion|Calm Mind|p2a: Cobalion\n|-boost|p2a: Cobalion|spa|1\n|-boost|p2a: Cobalion|spd|1\n|\n|-heal|p2a: Cobalion|81/277|[from] item: Leftovers\n|upkeep\n|turn|23\n|\n|t:|1733893089\n|move|p2a: Cobalion|Vacuum Wave|p1a: Volcarona\n|-resisted|p1a: Volcarona\n|-damage|p1a: Volcarona|34/257\n|move|p1a: Volcarona|Fiery Dance|p2a: Cobalion\n|-damage|p2a: Cobalion|0 fnt\n|faint|p2a: Cobalion\n|\n|win|Thunkin\n|raw|Thunkin's rating: 1846 &rarr; <strong>1864</strong><br />(+18 for winning)\n|raw|Almightynikey's rating: 1809 &rarr; <strong>1791</strong><br />(-18 for losing)\n", "inputlog": ">version bfd83cad13791eb5a5a409923076391caf6fb4d4\n>start {\"formatid\":\"gen9randombattle\",\"seed\":[48830,21793,24353,40211],\"rated\":\"Rated battle\"}\n>player p1 {\"name\":\"Thunkin\",\"avatar\":\"boarder\",\"rating\":1846,\"seed\":[50470,36732,16593,4901]}\n>player p2 {\"name\":\"Almightynikey\",\"avatar\":\"juan\",\"rating\":1809,\"seed\":[60399,42337,30871,12560]}\n>p1 move closecombat\n>p2 move knockoff\n>p1 switch 4\n>p1 move fierydance\n>p2 move knockoff\n>p2 switch 3\n>p1 switch 6\n>p2 move waterpulse\n>p1 move steameruption\n>p2 move dragonpulse\n>p1 switch 3\n>p2 move dragonpulse\n>p1 move stealthrock\n>p2 move waterpulse\n>p1 move spikes\n>p2 move dragonpulse\n>p1 switch 5\n>p1 move bravebird\n>p2 move uturn\n>p2 switch 4\n>p1 switch 3\n>p2 move shiftgear\n>p1 move flamethrower\n>p2 move calmmind\n>p1 move flamethrower\n>p2 move fleurcannon\n>p2 switch 2\n>p1 move flamethrower\n>p2 switch 5\n>p1 move steameruption\n>p2 move bodypress\n>p1 switch 2\n>p2 move bodypress\n>p1 move liquidation\n>p2 move wish\n>p1 move dragondance\n>p2 move bodypress\n>p1 switch 6\n>p1 move bugbuzz\n>p2 move wish\n>p1 move quiverdance\n>p2 move bodypress\n>p1 move bugbuzz\n>p2 move bodypress\n>p1 move bugbuzz\n>p2 move bodypress\n>p2 switch 4\n>p2 switch 5\n>p1 move fierydance\n>p2 move drainpunch\n>p2 switch 6\n>p1 move fierydance\n>p2 move calmmind terastallize\n>p1 move fierydance\n>p2 move vacuumwave", "uploadtime": 1733893091, "views": 20, "formatid": "gen9randombattle", "rating": 1791, "private": 0, "password": null}