{"id": "gen9randombattle-2260790735", "format": "[Gen 9] Random Battle", "players": ["qiuescent", "TryOrDie"], "log": "|badge|p2|bronze|gen9randombattle|100-3\n|uhtml|medal-msg|<div class=\"broadcast-blue\">Curious what those medals under the avatar are? PS now has Ladder Seasons! For more information, check out the <a href=\"https://www.smogon.com/forums/threads/3740067/\">thread on Smogon.</a></div>\n|j|\u203dqiuescent\n|j|\u2606TryOrDie\n|t:|1733892609\n|gametype|singles\n|player|p1|qiuescent|266|2244\n|player|p2|TryOrDie|101|2303\n|teamsize|p1|6\n|teamsize|p2|6\n|gen|9\n|tier|[Gen 9] Random Battle\n|rated|\n|rule|Species Clause: Limit one of each Pok\u00e9mon\n|rule|HP Percentage Mod: HP is shown in percentages\n|rule|Sleep Clause Mod: Limit one foe put to sleep\n|rule|Illusion Level Mod: Illusion disguises the Pok\u00e9mon's true level\n|\n|t:|1733892609\n|start\n|switch|p1a: Brambleghast|Brambleghast, L88, F|240/240\n|switch|p2a: Araquanid|Araquanid, L82, M|246/246\n|turn|1\n|\n|t:|1733892635\n|move|p1a: Brambleghast|Power Whip|p2a: Araquanid|[miss]\n|-miss|p1a: Brambleghast|p2a: Araquanid\n|move|p2a: Araquanid|Sticky Web|p1a: Brambleghast\n|-sidestart|p1: qiuescent|move: Sticky Web\n|\n|upkeep\n|turn|2\n|j| ponisceck\n|\n|t:|1733892639\n|switch|p2a: Salazzle|Salazzle, L83, F|249/249\n|move|p1a: Brambleghast|Power Whip|p2a: Salazzle|[miss]\n|-miss|p1a: Brambleghast|p2a: Salazzle\n|\n|upkeep\n|turn|3\n|\n|t:|1733892645\n|switch|p1a: Espeon|Espeon, L84, M|246/246\n|-activate|p1a: Espeon|move: Sticky Web\n|-unboost|p1a: Espeon|spe|1\n|move|p2a: Salazzle|Flamethrower|p1a: Espeon\n|-damage|p1a: Espeon|140/246\n|\n|upkeep\n|turn|4\n|inactive|Battle timer is ON: inactive players will automatically lose when time's up. (requested by qiuescent)\n|inactive|TryOrDie has 120 seconds left.\n|\n|t:|1733892689\n|switch|p2a: Klefki|Klefki, L84, M|233/233\n|move|p1a: Espeon|Morning Sun|p1a: Espeon\n|-heal|p1a: Espeon|246/246\n|\n|upkeep\n|turn|5\n|\n|t:|1733892695\n|move|p2a: Klefki|Play Rough|p1a: Espeon\n|-damage|p1a: Espeon|137/246\n|move|p1a: Espeon|Shadow Ball|p2a: Klefki\n|-damage|p2a: Klefki|145/233\n|-unboost|p2a: Klefki|spd|1\n|-damage|p1a: Espeon|113/246|[from] item: Life Orb\n|\n|-heal|p2a: Klefki|159/233|[from] item: Leftovers\n|upkeep\n|turn|6\n|\n|t:|1733892706\n|switch|p2a: Araquanid|Araquanid, L82, M|246/246\n|move|p1a: Espeon|Morning Sun|p1a: Espeon\n|-heal|p1a: Espeon|236/246\n|\n|upkeep\n|turn|7\n|\n|t:|1733892724\n|switch|p1a: Dachsbun|Dachsbun, L92, M|254/254\n|-activate|p1a: Dachsbun|move: Sticky Web\n|-unboost|p1a: Dachsbun|spe|1\n|move|p2a: Araquanid|Leech Life|p1a: Dachsbun\n|-resisted|p1a: Dachsbun\n|-damage|p1a: Dachsbun|232/254\n|\n|-heal|p1a: Dachsbun|247/254|[from] item: Leftovers\n|upkeep\n|turn|8\n|\n|t:|1733892741\n|switch|p2a: Salazzle|Salazzle, L83, F|249/249\n|move|p1a: Dachsbun|Play Rough|p2a: Salazzle\n|-resisted|p2a: Salazzle\n|-damage|p2a: Salazzle|215/249\n|-unboost|p2a: Salazzle|atk|1\n|\n|-heal|p2a: Salazzle|230/249|[from] item: Leftovers\n|-heal|p1a: Dachsbun|254/254|[from] item: Leftovers\n|upkeep\n|turn|9\n|\n|t:|1733892754\n|switch|p1a: Espeon|Espeon, L84, M|236/246\n|-activate|p1a: Espeon|move: Sticky Web\n|-unboost|p1a: Espeon|spe|1\n|move|p2a: Salazzle|Substitute|p2a: Salazzle\n|-start|p2a: Salazzle|Substitute\n|-damage|p2a: Salazzle|168/249\n|\n|-heal|p2a: Salazzle|183/249|[from] item: Leftovers\n|upkeep\n|turn|10\n|\n|t:|1733892779\n|switch|p1a: Dachsbun|Dachsbun, L92, M|254/254\n|-activate|p1a: Dachsbun|move: Sticky Web\n|-unboost|p1a: Dachsbun|spe|1\n|move|p2a: Salazzle|Flamethrower|p1a: Dachsbun\n|-ability|p1a: Dachsbun|Well-Baked Body|boost\n|-boost|p1a: Dachsbun|def|2\n|\n|-heal|p2a: Salazzle|198/249|[from] item: Leftovers\n|upkeep\n|turn|11\n|\n|t:|1733892788\n|switch|p2a: Pelipper|Pelipper, L86, M|243/243\n|-weather|RainDance|[from] ability: Drizzle|[of] p2a: Pelipper\n|move|p1a: Dachsbun|Protect||[still]\n|-fail|p1a: Dachsbun\n|\n|-weather|RainDance|[upkeep]\n|upkeep\n|turn|12\n|\n|t:|1733892796\n|move|p2a: Pelipper|Weather Ball|p1a: Dachsbun\n|-damage|p1a: Dachsbun|0 fnt\n|faint|p1a: Dachsbun\n|\n|-weather|RainDance|[upkeep]\n|upkeep\n|\n|t:|1733892799\n|switch|p1a: Decidueye|Decidueye, L88, F|281/281\n|turn|13\n|inactive|TryOrDie has 120 seconds left.\n|\n|t:|1733892830\n|switch|p2a: Ampharos|Ampharos, L88, F|302/302\n|move|p1a: Decidueye|Defog|p2a: Ampharos\n|-unboost|p2a: Ampharos|evasion|1\n|-sideend|p1: qiuescent|Sticky Web|[from] move: Defog|[of] p1a: Decidueye\n|\n|-weather|RainDance|[upkeep]\n|upkeep\n|turn|14\n|inactive|TryOrDie has 120 seconds left.\n|\n|t:|1733892844\n|move|p1a: Decidueye|Spirit Shackle|p2a: Ampharos\n|-damage|p2a: Ampharos|197/302\n|-activate|p2a: Ampharos|trapped\n|move|p2a: Ampharos|Dazzling Gleam|p1a: Decidueye\n|-damage|p1a: Decidueye|197/281\n|-damage|p2a: Ampharos|167/302|[from] item: Life Orb\n|\n|-weather|RainDance|[upkeep]\n|upkeep\n|turn|15\n|\n|t:|1733892852\n|move|p1a: Decidueye|Spirit Shackle|p2a: Ampharos\n|-damage|p2a: Ampharos|64/302\n|move|p2a: Ampharos|Dazzling Gleam|p1a: Decidueye\n|-damage|p1a: Decidueye|120/281\n|-damage|p2a: Ampharos|34/302|[from] item: Life Orb\n|\n|-weather|none\n|upkeep\n|turn|16\n|\n|t:|1733892861\n|move|p1a: Decidueye|Roost|p1a: Decidueye\n|-heal|p1a: Decidueye|261/281\n|-singleturn|p1a: Decidueye|move: Roost\n|move|p2a: Ampharos|Dazzling Gleam|p1a: Decidueye\n|-damage|p1a: Decidueye|179/281\n|-damage|p2a: Ampharos|4/302|[from] item: Life Orb\n|\n|upkeep\n|turn|17\n|\n|t:|1733892865\n|move|p1a: Decidueye|Spirit Shackle|p2a: Ampharos\n|-damage|p2a: Ampharos|0 fnt\n|faint|p2a: Ampharos\n|\n|upkeep\n|\n|t:|1733892867\n|switch|p2a: Dusknoir|Dusknoir, L89, F|225/225\n|-item|p1a: Decidueye|Heavy-Duty Boots|[from] ability: Frisk|[of] p2a: Dusknoir\n|turn|18\n|\n|t:|1733892872\n|switch|p1a: Hydreigon|Hydreigon, L79, F|275/275\n|move|p2a: Dusknoir|Poltergeist|p1a: Hydreigon|[miss]\n|-miss|p2a: Dusknoir|p1a: Hydreigon\n|\n|upkeep\n|turn|19\n|\n|t:|1733892890\n|-terastallize|p2a: Dusknoir|Fighting\n|move|p1a: Hydreigon|Dark Pulse|p2a: Dusknoir\n|-resisted|p2a: Dusknoir\n|-damage|p2a: Dusknoir|181/225\n|move|p2a: Dusknoir|Substitute|p2a: Dusknoir\n|-start|p2a: Dusknoir|Substitute\n|-damage|p2a: Dusknoir|125/225\n|\n|-heal|p2a: Dusknoir|139/225|[from] item: Leftovers\n|upkeep\n|turn|20\n|inactive|qiuescent has 120 seconds left.\n|\n|t:|1733892936\n|switch|p1a: Brambleghast|Brambleghast, L88, F|240/240\n|-singleturn|p2a: Dusknoir|move: Focus Punch\n|move|p2a: Dusknoir|Focus Punch|p1a: Brambleghast\n|-immune|p1a: Brambleghast\n|\n|-heal|p2a: Dusknoir|153/225|[from] item: Leftovers\n|upkeep\n|turn|21\n|\n|t:|1733892942\n|move|p1a: Brambleghast|Substitute|p1a: Brambleghast\n|-start|p1a: Brambleghast|Substitute\n|-damage|p1a: Brambleghast|180/240\n|move|p2a: Dusknoir|Poltergeist|p1a: Brambleghast\n|-activate|p1a: Brambleghast|move: Poltergeist|Leftovers\n|-supereffective|p1a: Brambleghast\n|-end|p1a: Brambleghast|Substitute\n|\n|-heal|p1a: Brambleghast|195/240|[from] item: Leftovers\n|-heal|p2a: Dusknoir|167/225|[from] item: Leftovers\n|upkeep\n|turn|22\n|\n|t:|1733892946\n|move|p1a: Brambleghast|Substitute|p1a: Brambleghast\n|-start|p1a: Brambleghast|Substitute\n|-damage|p1a: Brambleghast|135/240\n|move|p2a: Dusknoir|Poltergeist|p1a: Brambleghast\n|-activate|p1a: Brambleghast|move: Poltergeist|Leftovers\n|-supereffective|p1a: Brambleghast\n|-end|p1a: Brambleghast|Substitute\n|\n|-heal|p1a: Brambleghast|150/240|[from] item: Leftovers\n|-heal|p2a: Dusknoir|181/225|[from] item: Leftovers\n|upkeep\n|turn|23\n|\n|t:|1733892951\n|move|p1a: Brambleghast|Substitute|p1a: Brambleghast\n|-start|p1a: Brambleghast|Substitute\n|-damage|p1a: Brambleghast|90/240\n|move|p2a: Dusknoir|Poltergeist|p1a: Brambleghast\n|-activate|p1a: Brambleghast|move: Poltergeist|Leftovers\n|-supereffective|p1a: Brambleghast\n|-end|p1a: Brambleghast|Substitute\n|\n|-heal|p1a: Brambleghast|105/240|[from] item: Leftovers\n|-heal|p2a: Dusknoir|195/225|[from] item: Leftovers\n|upkeep\n|turn|24\n|\n|t:|1733892960\n|switch|p1a: Espeon|Espeon, L84, M|236/246\n|move|p2a: Dusknoir|Poltergeist|p1a: Espeon\n|-activate|p1a: Espeon|move: Poltergeist|Life Orb\n|-supereffective|p1a: Espeon\n|-damage|p1a: Espeon|0 fnt\n|faint|p1a: Espeon\n|\n|-heal|p2a: Dusknoir|209/225|[from] item: Leftovers\n|upkeep\n|\n|t:|1733892964\n|switch|p1a: Hydreigon|Hydreigon, L79, F|275/275\n|turn|25\n|\n|t:|1733892968\n|-singleturn|p2a: Dusknoir|move: Focus Punch\n|move|p1a: Hydreigon|U-turn|p2a: Dusknoir\n|-resisted|p2a: Dusknoir\n|-activate|p2a: Dusknoir|move: Substitute|[damage]\n|\n|t:|1733892972\n|switch|p1a: Brambleghast|Brambleghast, L88, F|105/240|[from] U-turn\n|move|p2a: Dusknoir|Focus Punch|p1a: Brambleghast\n|-immune|p1a: Brambleghast\n|\n|-heal|p1a: Brambleghast|120/240|[from] item: Leftovers\n|-heal|p2a: Dusknoir|223/225|[from] item: Leftovers\n|upkeep\n|turn|26\n|\n|t:|1733892977\n|switch|p1a: Hydreigon|Hydreigon, L79, F|275/275\n|move|p2a: Dusknoir|Poltergeist|p1a: Hydreigon\n|-activate|p1a: Hydreigon|move: Poltergeist|Choice Specs\n|-resisted|p1a: Hydreigon\n|-damage|p1a: Hydreigon|212/275\n|\n|-heal|p2a: Dusknoir|225/225|[from] item: Leftovers\n|upkeep\n|turn|27\n|\n|t:|1733892988\n|move|p1a: Hydreigon|U-turn|p2a: Dusknoir\n|-resisted|p2a: Dusknoir\n|-activate|p2a: Dusknoir|move: Substitute|[damage]\n|\n|t:|1733892991\n|switch|p1a: Brambleghast|Brambleghast, L88, F|120/240|[from] U-turn\n|move|p2a: Dusknoir|Substitute|p2a: Dusknoir\n|-fail|p2a: Dusknoir|move: Substitute\n|\n|-heal|p1a: Brambleghast|135/240|[from] item: Leftovers\n|upkeep\n|turn|28\n|\n|t:|1733892996\n|move|p1a: Brambleghast|Substitute|p1a: Brambleghast\n|-start|p1a: Brambleghast|Substitute\n|-damage|p1a: Brambleghast|75/240\n|move|p2a: Dusknoir|Poltergeist|p1a: Brambleghast\n|-activate|p1a: Brambleghast|move: Poltergeist|Leftovers\n|-supereffective|p1a: Brambleghast\n|-end|p1a: Brambleghast|Substitute\n|\n|-heal|p1a: Brambleghast|90/240|[from] item: Leftovers\n|upkeep\n|turn|29\n|\n|t:|1733893011\n|move|p1a: Brambleghast|Substitute|p1a: Brambleghast\n|-start|p1a: Brambleghast|Substitute\n|-damage|p1a: Brambleghast|30/240\n|move|p2a: Dusknoir|Poltergeist|p1a: Brambleghast\n|-activate|p1a: Brambleghast|move: Poltergeist|Leftovers\n|-supereffective|p1a: Brambleghast\n|-end|p1a: Brambleghast|Substitute\n|\n|-heal|p1a: Brambleghast|45/240|[from] item: Leftovers\n|upkeep\n|turn|30\n|\n|t:|1733893029\n|switch|p2a: Klefki|Klefki, L84, M|159/233\n|move|p1a: Brambleghast|Poltergeist|p2a: Klefki\n|-activate|p2a: Klefki|move: Poltergeist|Leftovers\n|-crit|p2a: Klefki\n|-damage|p2a: Klefki|0 fnt\n|faint|p2a: Klefki\n|\n|-heal|p1a: Brambleghast|60/240|[from] item: Leftovers\n|upkeep\n|\n|t:|1733893035\n|switch|p2a: Salazzle|Salazzle, L83, F|198/249\n|turn|31\n|\n|t:|1733893049\n|switch|p1a: Poliwrath|Poliwrath, L88, M|302/302\n|move|p2a: Salazzle|Toxic|p1a: Poliwrath\n|-status|p1a: Poliwrath|tox\n|\n|-heal|p2a: Salazzle|213/249|[from] item: Leftovers\n|-damage|p1a: Poliwrath|284/302 tox|[from] psn\n|upkeep\n|turn|32\n|l| ponisceck\n|\n|t:|1733893066\n|move|p2a: Salazzle|Substitute|p2a: Salazzle\n|-start|p2a: Salazzle|Substitute\n|-damage|p2a: Salazzle|151/249\n|move|p1a: Poliwrath|Liquidation|p2a: Salazzle\n|-supereffective|p2a: Salazzle\n|-end|p2a: Salazzle|Substitute\n|\n|-heal|p2a: Salazzle|166/249|[from] item: Leftovers\n|-heal|p1a: Poliwrath|302/302 tox|[from] item: Leftovers\n|-damage|p1a: Poliwrath|266/302 tox|[from] psn\n|upkeep\n|turn|33\n|\n|t:|1733893072\n|switch|p1a: Hydreigon|Hydreigon, L79, F|212/275\n|move|p2a: Salazzle|Protect||[still]\n|-fail|p2a: Salazzle\n|\n|-heal|p2a: Salazzle|181/249|[from] item: Leftovers\n|upkeep\n|turn|34\n|\n|t:|1733893078\n|move|p2a: Salazzle|Protect|p2a: Salazzle\n|-singleturn|p2a: Salazzle|Protect\n|move|p1a: Hydreigon|Draco Meteor|p2a: Salazzle\n|-activate|p2a: Salazzle|move: Protect\n|\n|-heal|p2a: Salazzle|196/249|[from] item: Leftovers\n|upkeep\n|turn|35\n|\n|t:|1733893085\n|switch|p2a: Dusknoir|Dusknoir, L89, F, tera:Fighting|225/225\n|-item|p1a: Hydreigon|Choice Specs|[from] ability: Frisk|[of] p2a: Dusknoir\n|move|p1a: Hydreigon|Draco Meteor|p2a: Dusknoir\n|-damage|p2a: Dusknoir|80/225\n|-unboost|p1a: Hydreigon|spa|2\n|\n|-heal|p2a: Dusknoir|94/225|[from] item: Leftovers\n|upkeep\n|turn|36\n|\n|t:|1733893093\n|switch|p1a: Poliwrath|Poliwrath, L88, M|266/302 tox\n|switch|p2a: Pelipper|Pelipper, L86, M|243/243\n|-weather|RainDance|[from] ability: Drizzle|[of] p2a: Pelipper\n|\n|-weather|RainDance|[upkeep]\n|-heal|p1a: Poliwrath|284/302 tox|[from] item: Leftovers\n|-damage|p1a: Poliwrath|266/302 tox|[from] psn\n|upkeep\n|turn|37\n|\n|t:|1733893101\n|move|p1a: Poliwrath|Ice Punch|p2a: Pelipper\n|-damage|p2a: Pelipper|194/243\n|move|p2a: Pelipper|Hurricane|p1a: Poliwrath\n|-supereffective|p1a: Poliwrath\n|-damage|p1a: Poliwrath|0 fnt\n|faint|p1a: Poliwrath\n|\n|-weather|RainDance|[upkeep]\n|upkeep\n|\n|t:|1733893118\n|switch|p1a: Brambleghast|Brambleghast, L88, F|60/240\n|turn|38\n|\n|t:|1733893130\n|switch|p2a: Araquanid|Araquanid, L82, M|246/246\n|move|p1a: Brambleghast|Poltergeist|p2a: Araquanid\n|-activate|p2a: Araquanid|move: Poltergeist|Heavy-Duty Boots\n|-damage|p2a: Araquanid|104/246\n|\n|-weather|RainDance|[upkeep]\n|-heal|p1a: Brambleghast|75/240|[from] item: Leftovers\n|upkeep\n|turn|39\n|\n|t:|1733893140\n|move|p1a: Brambleghast|Poltergeist|p2a: Araquanid\n|-activate|p2a: Araquanid|move: Poltergeist|Heavy-Duty Boots\n|-damage|p2a: Araquanid|0 fnt\n|faint|p2a: Araquanid\n|\n|-weather|RainDance|[upkeep]\n|-heal|p1a: Brambleghast|90/240|[from] item: Leftovers\n|upkeep\n|\n|t:|1733893155\n|switch|p2a: Salazzle|Salazzle, L83, F|196/249\n|turn|40\n|\n|t:|1733893162\n|move|p2a: Salazzle|Flamethrower|p1a: Brambleghast\n|-supereffective|p1a: Brambleghast\n|-damage|p1a: Brambleghast|0 fnt\n|faint|p1a: Brambleghast\n|\n|-weather|none\n|-heal|p2a: Salazzle|211/249|[from] item: Leftovers\n|upkeep\n|\n|t:|1733893166\n|switch|p1a: Hydreigon|Hydreigon, L79, F|212/275\n|turn|41\n|\n|t:|1733893177\n|move|p2a: Salazzle|Protect|p2a: Salazzle\n|-singleturn|p2a: Salazzle|Protect\n|move|p1a: Hydreigon|Dark Pulse|p2a: Salazzle\n|-activate|p2a: Salazzle|move: Protect\n|\n|-heal|p2a: Salazzle|226/249|[from] item: Leftovers\n|upkeep\n|turn|42\n|\n|t:|1733893186\n|switch|p2a: Dusknoir|Dusknoir, L89, F, tera:Fighting|94/225\n|-item|p1a: Hydreigon|Choice Specs|[from] ability: Frisk|[of] p2a: Dusknoir\n|move|p1a: Hydreigon|Dark Pulse|p2a: Dusknoir\n|-resisted|p2a: Dusknoir\n|-damage|p2a: Dusknoir|46/225\n|\n|-heal|p2a: Dusknoir|60/225|[from] item: Leftovers\n|upkeep\n|turn|43\n|\n|t:|1733893199\n|switch|p2a: Pelipper|Pelipper, L86, M|194/243\n|-weather|RainDance|[from] ability: Drizzle|[of] p2a: Pelipper\n|move|p1a: Hydreigon|Dark Pulse|p2a: Pelipper\n|-crit|p2a: Pelipper\n|-damage|p2a: Pelipper|0 fnt\n|faint|p2a: Pelipper\n|\n|-weather|RainDance|[upkeep]\n|upkeep\n|\n|t:|1733893207\n|switch|p2a: Salazzle|Salazzle, L83, F|226/249\n|turn|44\n|\n|t:|1733893213\n|move|p2a: Salazzle|Protect|p2a: Salazzle\n|-singleturn|p2a: Salazzle|Protect\n|move|p1a: Hydreigon|Dark Pulse|p2a: Salazzle\n|-activate|p2a: Salazzle|move: Protect\n|\n|-weather|RainDance|[upkeep]\n|-heal|p2a: Salazzle|241/249|[from] item: Leftovers\n|upkeep\n|turn|45\n|\n|t:|1733893217\n|move|p2a: Salazzle|Toxic|p1a: Hydreigon\n|-status|p1a: Hydreigon|tox\n|move|p1a: Hydreigon|Dark Pulse|p2a: Salazzle\n|-damage|p2a: Salazzle|43/249\n|\n|-weather|RainDance|[upkeep]\n|-heal|p2a: Salazzle|58/249|[from] item: Leftovers\n|-damage|p1a: Hydreigon|195/275 tox|[from] psn\n|upkeep\n|turn|46\n|\n|t:|1733893223\n|move|p2a: Salazzle|Protect|p2a: Salazzle\n|-singleturn|p2a: Salazzle|Protect\n|move|p1a: Hydreigon|Dark Pulse|p2a: Salazzle\n|-activate|p2a: Salazzle|move: Protect\n|\n|-weather|RainDance|[upkeep]\n|-heal|p2a: Salazzle|73/249|[from] item: Leftovers\n|-damage|p1a: Hydreigon|161/275 tox|[from] psn\n|upkeep\n|turn|47\n|\n|t:|1733893228\n|switch|p2a: Dusknoir|Dusknoir, L89, F, tera:Fighting|60/225\n|-item|p1a: Hydreigon|Choice Specs|[from] ability: Frisk|[of] p2a: Dusknoir\n|move|p1a: Hydreigon|Dark Pulse|p2a: Dusknoir\n|-resisted|p2a: Dusknoir\n|-damage|p2a: Dusknoir|16/225\n|\n|-weather|none\n|-heal|p2a: Dusknoir|30/225|[from] item: Leftovers\n|-damage|p1a: Hydreigon|110/275 tox|[from] psn\n|upkeep\n|turn|48\n|\n|t:|1733893237\n|switch|p1a: Decidueye|Decidueye, L88, F|179/281\n|move|p2a: Dusknoir|Pain Split|p1a: Decidueye\n|-sethp|p1a: Decidueye|104/281|[from] move: Pain Split|[silent]\n|-sethp|p2a: Dusknoir|104/225|[from] move: Pain Split\n|\n|-heal|p2a: Dusknoir|118/225|[from] item: Leftovers\n|upkeep\n|turn|49\n|\n|t:|1733893246\n|switch|p2a: Salazzle|Salazzle, L83, F|73/249\n|move|p1a: Decidueye|Spirit Shackle|p2a: Salazzle\n|-damage|p2a: Salazzle|0 fnt\n|faint|p2a: Salazzle\n|\n|upkeep\n|\n|t:|1733893248\n|switch|p2a: Dusknoir|Dusknoir, L89, F, tera:Fighting|118/225\n|-item|p1a: Decidueye|Heavy-Duty Boots|[from] ability: Frisk|[of] p2a: Dusknoir\n|turn|50\n|-message|TryOrDie forfeited.\n|\n|win|qiuescent\n|raw|qiuescent's rating: 2259 &rarr; <strong>2281</strong><br />(+22 for winning)\n|raw|TryOrDie's rating: 2286 &rarr; <strong>2264</strong><br />(-22 for losing)\n|l|\u2606TryOrDie\n|player|p2|\n", "inputlog": ">version bfd83cad13791eb5a5a409923076391caf6fb4d4\n>start {\"formatid\":\"gen9randombattle\",\"seed\":[14688,61957,58593,56322],\"rated\":\"Rated battle\"}\n>player p1 {\"name\":\"qiuescent\",\"avatar\":\"266\",\"rating\":2244,\"seed\":[65387,4292,7485,18313]}\n>player p2 {\"name\":\"TryOrDie\",\"avatar\":\"101\",\"rating\":2303,\"seed\":[40556,50142,47063,59721]}\n>p1 move powerwhip\n>p2 move stickyweb\n>p1 move powerwhip\n>p2 switch 6\n>p1 switch 6\n>p2 move flamethrower\n>p1 move morningsun\n>p2 switch 2\n>p1 move shadowball\n>p2 move playrough\n>p1 move morningsun\n>p2 switch 6\n>p1 switch 5\n>p2 move leechlife\n>p1 move playrough\n>p2 switch 2\n>p1 switch 5\n>p2 move substitute\n>p1 switch 5\n>p2 move flamethrower\n>p1 move protect\n>p2 switch 3\n>p1 move wish\n>p2 move weatherball\n>p1 switch 3\n>p1 move defog\n>p2 switch 5\n>p1 move spiritshackle\n>p2 move dazzlinggleam\n>p1 move spiritshackle\n>p2 move dazzlinggleam\n>p1 move roost\n>p2 move dazzlinggleam\n>p1 move spiritshackle\n>p2 move dazzlinggleam\n>p2 switch 4\n>p1 switch 4\n>p2 move poltergeist\n>p1 move darkpulse\n>p2 move substitute terastallize\n>p1 switch 6\n>p2 move focuspunch\n>p1 move substitute\n>p2 move poltergeist\n>p1 move substitute\n>p2 move poltergeist\n>p1 move substitute\n>p2 move poltergeist\n>p1 switch 5\n>p2 move poltergeist\n>p1 switch 6\n>p1 move uturn\n>p2 move focuspunch\n>p1 switch 5\n>p1 switch 5\n>p2 move poltergeist\n>p1 move uturn\n>p2 move substitute\n>p1 switch 5\n>p1 move substitute\n>p2 move poltergeist\n>p1 move substitute\n>p2 move poltergeist\n>p1 move poltergeist\n>p2 switch 6\n>p2 switch 3\n>p1 switch 2\n>p2 move toxic\n>p1 move liquidation\n>p2 move substitute\n>p1 switch 5\n>p2 move protect\n>p1 move dracometeor\n>p2 move protect\n>p1 move dracometeor\n>p2 switch 6\n>p1 switch 5\n>p2 switch 5\n>p1 move icepunch\n>p2 move hurricane\n>p1 switch 2\n>p1 move poltergeist\n>p2 switch 2\n>p1 move poltergeist\n>p2 move leechlife\n>p2 switch 6\n>p1 move poltergeist\n>p2 move flamethrower\n>p1 switch 5\n>p1 move darkpulse\n>p2 move protect\n>p1 move darkpulse\n>p2 switch 5\n>p1 move darkpulse\n>p2 switch 2\n>p2 switch 5\n>p1 move darkpulse\n>p2 move protect\n>p1 move darkpulse\n>p2 move toxic\n>p1 move darkpulse\n>p2 move protect\n>p1 move darkpulse\n>p2 switch 2\n>p1 switch 4\n>p2 move painsplit\n>p1 move spiritshackle\n>p2 switch 2\n>p2 switch 2\n>forcelose p2", "uploadtime": 1733893255, "views": 25, "formatid": "gen9randombattle", "rating": 2264, "private": 0, "password": null}