{"id": "gen9randombattle-2260775624", "format": "[Gen 9] Random Battle", "players": ["Dnejronrnr", "gbfdhghdgf"], "log": "|j|\u2606Dnejronrnr\n|j|\u2606gbfdhghdgf\n|t:|1733890244\n|gametype|singles\n|player|p1|Dnejronrnr|lucas|1000\n|player|p2|gbfdhghdgf|juan|1000\n|teamsize|p1|6\n|teamsize|p2|6\n|gen|9\n|tier|[Gen 9] Random Battle\n|rated|\n|rule|Species Clause: Limit one of each Pok\u00e9mon\n|rule|HP Percentage Mod: HP is shown in percentages\n|rule|Sleep Clause Mod: Limit one foe put to sleep\n|rule|Illusion Level Mod: Illusion disguises the Pok\u00e9mon's true level\n|\n|t:|1733890244\n|start\n|switch|p1a: Bellibolt|Bellibolt, L84, F|320/320\n|switch|p2a: Zangoose|Zangoose, L85, M|263/263\n|turn|1\n|inactive|Battle timer is ON: inactive players will automatically lose when time's up. (requested by gbfdhghdgf)\n|\n|t:|1733890250\n|move|p2a: Zangoose|Swords Dance|p2a: Zangoose\n|-boost|p2a: Zangoose|atk|2\n|move|p1a: Bellibolt|Volt Switch|p2a: Zangoose\n|-damage|p2a: Zangoose|163/263\n|\n|t:|1733890268\n|switch|p1a: Cinderace|Cinderace, L77, F|249/249|[from] Volt Switch\n|\n|-status|p2a: Zangoose|tox|[from] item: Toxic Orb\n|upkeep\n|turn|2\n|\n|t:|1733890272\n|move|p2a: Zangoose|Quick Attack|p1a: Cinderace\n|-damage|p1a: Cinderace|65/249\n|move|p1a: Cinderace|Pyro Ball|p2a: Zangoose\n|-damage|p2a: Zangoose|0 fnt\n|faint|p2a: Zangoose\n|\n|upkeep\n|\n|t:|1733890279\n|switch|p2a: Basculin|Basculin-Blue-Striped, L86, M|261/261\n|turn|3\n|\n|t:|1733890283\n|switch|p1a: Bellibolt|Bellibolt, L84, F|320/320\n|move|p2a: Basculin|Aqua Jet|p1a: Bellibolt\n|-damage|p1a: Bellibolt|236/320\n|-start|p1a: Bellibolt|Charge|Aqua Jet|[from] ability: Electromorphosis\n|\n|-heal|p1a: Bellibolt|256/320|[from] item: Leftovers\n|upkeep\n|turn|4\n|\n|t:|1733890287\n|switch|p2a: Raging Bolt|Raging Bolt, L78|323/323\n|move|p1a: Bellibolt|Volt Switch|p2a: Raging Bolt\n|-resisted|p2a: Raging Bolt\n|-damage|p2a: Raging Bolt|298/323\n|-end|p1a: Bellibolt|Charge|[silent]\n|\n|t:|1733890292\n|switch|p1a: Espeon|Espeon, L84, F|246/246|[from] Volt Switch\n|\n|upkeep\n|turn|5\n|\n|t:|1733890297\n|-end|p2a: Raging Bolt|Protosynthesis|[silent]\n|switch|p2a: Jirachi|Jirachi, L80|291/291\n|move|p1a: Espeon|Alluring Voice|p2a: Jirachi\n|-resisted|p2a: Jirachi\n|-damage|p2a: Jirachi|243/291\n|\n|-heal|p2a: Jirachi|261/291|[from] item: Leftovers\n|upkeep\n|turn|6\n|\n|t:|1733890304\n|switch|p1a: Kricketune|Kricketune, L99, F|312/312\n|move|p2a: Jirachi|Iron Head|p1a: Kricketune\n|-damage|p1a: Kricketune|218/312\n|\n|-heal|p2a: Jirachi|279/291|[from] item: Leftovers\n|upkeep\n|turn|7\n|\n|t:|1733890312\n|move|p2a: Jirachi|Iron Head|p1a: Kricketune\n|-damage|p1a: Kricketune|113/312\n|cant|p1a: Kricketune|flinch\n|\n|-heal|p2a: Jirachi|291/291|[from] item: Leftovers\n|upkeep\n|turn|8\n|\n|t:|1733890317\n|move|p2a: Jirachi|Iron Head|p1a: Kricketune\n|-damage|p1a: Kricketune|17/312\n|cant|p1a: Kricketune|flinch\n|\n|upkeep\n|turn|9\n|\n|t:|1733890323\n|move|p2a: Jirachi|Iron Head|p1a: Kricketune\n|-damage|p1a: Kricketune|0 fnt\n|faint|p1a: Kricketune\n|\n|upkeep\n|\n|t:|1733890324\n|switch|p1a: Cinderace|Cinderace, L77, F|65/249\n|turn|10\n|\n|t:|1733890327\n|switch|p2a: Raging Bolt|Raging Bolt, L78|298/323\n|move|p1a: Cinderace|Pyro Ball|p2a: Raging Bolt\n|-resisted|p2a: Raging Bolt\n|-damage|p2a: Raging Bolt|196/323\n|\n|upkeep\n|turn|11\n|\n|t:|1733890335\n|switch|p1a: Bellibolt|Bellibolt, L84, F|256/320\n|move|p2a: Raging Bolt|Volt Switch|p1a: Bellibolt\n|-resisted|p1a: Bellibolt\n|-damage|p1a: Bellibolt|210/320\n|-start|p1a: Bellibolt|Charge|Volt Switch|[from] ability: Electromorphosis\n|\n|t:|1733890340\n|-end|p2a: Raging Bolt|Protosynthesis|[silent]\n|switch|p2a: Basculin|Basculin-Blue-Striped, L86, M|261/261|[from] Volt Switch\n|\n|-heal|p1a: Bellibolt|230/320|[from] item: Leftovers\n|upkeep\n|turn|12\n|\n|t:|1733890345\n|move|p2a: Basculin|Flip Turn|p1a: Bellibolt\n|-damage|p1a: Bellibolt|100/320\n|-start|p1a: Bellibolt|Charge|Flip Turn|[from] ability: Electromorphosis\n|\n|t:|1733890348\n|switch|p2a: Raging Bolt|Raging Bolt, L78|196/323|[from] Flip Turn\n|move|p1a: Bellibolt|Volt Switch|p2a: Raging Bolt\n|-resisted|p2a: Raging Bolt\n|-damage|p2a: Raging Bolt|168/323\n|-end|p1a: Bellibolt|Charge|[silent]\n|\n|t:|1733890352\n|switch|p1a: Espeon|Espeon, L84, F|246/246|[from] Volt Switch\n|\n|upkeep\n|turn|13\n|\n|t:|1733890357\n|-end|p2a: Raging Bolt|Protosynthesis|[silent]\n|switch|p2a: Jirachi|Jirachi, L80|291/291\n|move|p1a: Espeon|Shadow Ball|p2a: Jirachi\n|-supereffective|p2a: Jirachi\n|-damage|p2a: Jirachi|91/291\n|\n|-heal|p2a: Jirachi|109/291|[from] item: Leftovers\n|upkeep\n|turn|14\n|\n|t:|1733890363\n|move|p2a: Jirachi|Protect|p2a: Jirachi\n|-singleturn|p2a: Jirachi|Protect\n|move|p1a: Espeon|Shadow Ball|p2a: Jirachi\n|-activate|p2a: Jirachi|move: Protect\n|\n|-heal|p2a: Jirachi|127/291|[from] item: Leftovers\n|upkeep\n|turn|15\n|\n|t:|1733890365\n|move|p1a: Espeon|Shadow Ball|p2a: Jirachi\n|-supereffective|p2a: Jirachi\n|-damage|p2a: Jirachi|0 fnt\n|faint|p2a: Jirachi\n|\n|upkeep\n|\n|t:|1733890369\n|switch|p2a: Mandibuzz|Mandibuzz, L85, F|326/326\n|turn|16\n|\n|t:|1733890379\n|switch|p1a: Cinderace|Cinderace, L77, F|65/249\n|move|p2a: Mandibuzz|Foul Play|p1a: Cinderace\n|-damage|p1a: Cinderace|0 fnt\n|faint|p1a: Cinderace\n|\n|upkeep\n|\n|t:|1733890384\n|switch|p1a: Bellibolt|Bellibolt, L84, F|100/320\n|turn|17\n|\n|t:|1733890386\n|-terastallize|p2a: Mandibuzz|Steel\n|move|p2a: Mandibuzz|Toxic|p1a: Bellibolt\n|-status|p1a: Bellibolt|tox\n|move|p1a: Bellibolt|Slack Off|p1a: Bellibolt\n|-heal|p1a: Bellibolt|260/320 tox\n|\n|-heal|p1a: Bellibolt|280/320 tox|[from] item: Leftovers\n|-damage|p1a: Bellibolt|260/320 tox|[from] psn\n|upkeep\n|turn|18\n|\n|t:|1733890392\n|move|p2a: Mandibuzz|Foul Play|p1a: Bellibolt\n|-damage|p1a: Bellibolt|200/320 tox\n|-start|p1a: Bellibolt|Charge|Foul Play|[from] ability: Electromorphosis\n|move|p1a: Bellibolt|Volt Switch|p2a: Mandibuzz\n|-damage|p2a: Mandibuzz|179/326\n|-end|p1a: Bellibolt|Charge|[silent]\n|\n|t:|1733890399\n|switch|p1a: Gurdurr|Gurdurr, L85, M|283/283|[from] Volt Switch\n|\n|upkeep\n|turn|19\n|\n|t:|1733890406\n|move|p2a: Mandibuzz|Brave Bird|p1a: Gurdurr\n|-supereffective|p1a: Gurdurr\n|-damage|p1a: Gurdurr|139/283\n|-damage|p2a: Mandibuzz|131/326|[from] Recoil\n|move|p1a: Gurdurr|Drain Punch|p2a: Mandibuzz\n|-supereffective|p2a: Mandibuzz\n|-damage|p2a: Mandibuzz|0 fnt\n|-heal|p1a: Gurdurr|205/283|[from] drain|[of] p2a: Mandibuzz\n|faint|p2a: Mandibuzz\n|\n|upkeep\n|\n|t:|1733890411\n|switch|p2a: Raging Bolt|Raging Bolt, L78|168/323\n|turn|20\n|\n|t:|1733890414\n|move|p2a: Raging Bolt|Discharge|p1a: Gurdurr\n|-damage|p1a: Gurdurr|115/283\n|move|p1a: Gurdurr|Drain Punch|p2a: Raging Bolt\n|-damage|p2a: Raging Bolt|81/323\n|-heal|p1a: Gurdurr|159/283|[from] drain|[of] p2a: Raging Bolt\n|\n|upkeep\n|turn|21\n|\n|t:|1733890420\n|switch|p1a: Bellibolt|Bellibolt, L84, F|200/320 tox\n|move|p2a: Raging Bolt|Draco Meteor|p1a: Bellibolt\n|-damage|p1a: Bellibolt|47/320 tox\n|-unboost|p2a: Raging Bolt|spa|2\n|-start|p1a: Bellibolt|Charge|Draco Meteor|[from] ability: Electromorphosis\n|\n|-heal|p1a: Bellibolt|67/320 tox|[from] item: Leftovers\n|-damage|p1a: Bellibolt|47/320 tox|[from] psn\n|upkeep\n|turn|22\n|\n|t:|1733890430\n|move|p2a: Raging Bolt|Draco Meteor|p1a: Bellibolt|[miss]\n|-miss|p2a: Raging Bolt|p1a: Bellibolt\n|move|p1a: Bellibolt|Thunderbolt|p2a: Raging Bolt\n|-resisted|p2a: Raging Bolt\n|-damage|p2a: Raging Bolt|44/323\n|-end|p1a: Bellibolt|Charge|[silent]\n|\n|-heal|p1a: Bellibolt|67/320 tox|[from] item: Leftovers\n|-damage|p1a: Bellibolt|27/320 tox|[from] psn\n|upkeep\n|turn|23\n|\n|t:|1733890434\n|move|p2a: Raging Bolt|Thunderclap||[still]\n|-fail|p2a: Raging Bolt\n|move|p1a: Bellibolt|Slack Off|p1a: Bellibolt\n|-heal|p1a: Bellibolt|187/320 tox\n|\n|-heal|p1a: Bellibolt|207/320 tox|[from] item: Leftovers\n|-damage|p1a: Bellibolt|147/320 tox|[from] psn\n|upkeep\n|turn|24\n|\n|t:|1733890439\n|move|p2a: Raging Bolt|Thunderclap||[still]\n|-fail|p2a: Raging Bolt\n|move|p1a: Bellibolt|Slack Off|p1a: Bellibolt\n|-heal|p1a: Bellibolt|307/320 tox\n|\n|-heal|p1a: Bellibolt|320/320 tox|[from] item: Leftovers\n|-damage|p1a: Bellibolt|240/320 tox|[from] psn\n|upkeep\n|turn|25\n|\n|t:|1733890443\n|-end|p2a: Raging Bolt|Protosynthesis|[silent]\n|switch|p2a: Darkrai|Darkrai, L77|234/234\n|move|p1a: Bellibolt|Volt Switch|p2a: Darkrai\n|-damage|p2a: Darkrai|153/234\n|\n|t:|1733890446\n|switch|p1a: Gurdurr|Gurdurr, L85, M|159/283|[from] Volt Switch\n|\n|upkeep\n|turn|26\n|\n|t:|1733890451\n|switch|p2a: Raging Bolt|Raging Bolt, L78|44/323\n|move|p1a: Gurdurr|Drain Punch|p2a: Raging Bolt\n|-damage|p2a: Raging Bolt|0 fnt\n|-heal|p1a: Gurdurr|181/283|[from] drain|[of] p2a: Raging Bolt\n|faint|p2a: Raging Bolt\n|-end|p2a: Raging Bolt|Protosynthesis|[silent]\n|\n|upkeep\n|\n|t:|1733890452\n|switch|p2a: Basculin|Basculin-Blue-Striped, L86, M|261/261\n|turn|27\n|\n|t:|1733890456\n|move|p2a: Basculin|Wave Crash|p1a: Gurdurr\n|-damage|p1a: Gurdurr|13/283\n|-damage|p2a: Basculin|206/261|[from] Recoil\n|move|p1a: Gurdurr|Drain Punch|p2a: Basculin\n|-crit|p2a: Basculin\n|-damage|p2a: Basculin|34/261\n|-heal|p1a: Gurdurr|99/283|[from] drain|[of] p2a: Basculin\n|\n|upkeep\n|turn|28\n|\n|t:|1733890459\n|move|p1a: Gurdurr|Mach Punch|p2a: Basculin\n|-damage|p2a: Basculin|0 fnt\n|faint|p2a: Basculin\n|\n|upkeep\n|\n|t:|1733890461\n|switch|p2a: Darkrai|Darkrai, L77|153/234\n|turn|29\n|\n|t:|1733890464\n|move|p1a: Gurdurr|Mach Punch|p2a: Darkrai\n|-supereffective|p2a: Darkrai\n|-crit|p2a: Darkrai\n|-damage|p2a: Darkrai|0 fnt\n|faint|p2a: Darkrai\n|\n|win|Dnejronrnr\n|raw|Dnejronrnr's rating: 1000 &rarr; <strong>1040</strong><br />(+40 for winning)\n|raw|gbfdhghdgf's rating: 1000 &rarr; <strong>1000</strong><br />(+0 for losing)\n|l|\u2606gbfdhghdgf\n|player|p2|\n", "inputlog": ">version bfd83cad13791eb5a5a409923076391caf6fb4d4\n>start {\"formatid\":\"gen9randombattle\",\"seed\":[40412,22590,37486,56937],\"rated\":\"Rated battle\"}\n>player p1 {\"name\":\"Dnejronrnr\",\"avatar\":\"lucas\",\"rating\":1000,\"seed\":[44548,63076,4398,4406]}\n>player p2 {\"name\":\"gbfdhghdgf\",\"avatar\":\"juan\",\"rating\":1000,\"seed\":[17490,19152,48570,49126]}\n>p1 move voltswitch\n>p2 move swordsdance\n>p1 switch 3\n>p1 move pyroball\n>p2 move quickattack\n>p2 switch 2\n>p1 switch 3\n>p2 move aquajet\n>p1 move voltswitch\n>p2 switch 6\n>p1 switch 5\n>p1 move alluringvoice\n>p2 switch 5\n>p1 switch 6\n>p2 move ironhead\n>p1 move pounce\n>p2 move ironhead\n>p1 move pounce\n>p2 move ironhead\n>p1 move stickyweb\n>p2 move ironhead\n>p1 switch 3\n>p1 move pyroball\n>p2 switch 5\n>p1 switch 5\n>p2 move voltswitch\n>p2 switch 6\n>p1 move voltswitch\n>p2 move flipturn\n>p2 switch 6\n>p1 switch 6\n>p1 move shadowball\n>p2 switch 5\n>p1 move shadowball\n>p2 move protect\n>p1 move shadowball\n>p2 move ironhead\n>p2 switch 3\n>p1 switch 5\n>p2 move foulplay\n>p1 switch 6\n>p1 move slackoff\n>p2 move toxic terastallize\n>p1 move voltswitch\n>p2 move foulplay\n>p1 switch 4\n>p1 move drainpunch\n>p2 move bravebird\n>p2 switch 5\n>p1 move drainpunch\n>p2 move discharge\n>p1 switch 4\n>p2 move dracometeor\n>p1 move thunderbolt\n>p2 move dracometeor\n>p1 move slackoff\n>p2 move thunderclap\n>p1 move slackoff\n>p2 move thunderclap\n>p1 move voltswitch\n>p2 switch 4\n>p1 switch 4\n>p1 move drainpunch\n>p2 switch 4\n>p2 switch 6\n>p1 move drainpunch\n>p2 move wavecrash\n>p1 move machpunch\n>p2 move wavecrash\n>p2 switch 4\n>p1 move machpunch\n>p2 move focusblast", "uploadtime": 1733890478, "views": 11, "formatid": "gen9randombattle", "rating": 1000, "private": 0, "password": null}