{"id": "gen9randombattle-2260777714", "format": "[Gen 9] Random Battle", "players": ["sodpnw", "aervolt"], "log": "|j|\u2606sodpnw\n|j|\u203daervolt\n|t:|1733890563\n|gametype|singles\n|player|p1|sodpnw|1|1577\n|player|p2|aervolt|102|1581\n|teamsize|p1|6\n|teamsize|p2|6\n|gen|9\n|tier|[Gen 9] Random Battle\n|rated|\n|rule|Species Clause: Limit one of each Pok\u00e9mon\n|rule|HP Percentage Mod: HP is shown in percentages\n|rule|Sleep Clause Mod: Limit one foe put to sleep\n|rule|Illusion Level Mod: Illusion disguises the Pok\u00e9mon's true level\n|\n|t:|1733890563\n|start\n|switch|p1a: Iron Boulder|Iron Boulder, L77|265/265\n|switch|p2a: Chimecho|Chimecho, L93, F|290/290\n|turn|1\n|inactive|Battle timer is ON: inactive players will automatically lose when time's up. (requested by aervolt)\n|\n|t:|1733890577\n|-end|p1a: Iron Boulder|Quark Drive|[silent]\n|switch|p1a: Deoxys|Deoxys-Defense, L84|221/221\n|-ability|p1a: Deoxys|Pressure\n|move|p2a: Chimecho|Cosmic Power|p2a: Chimecho\n|-boost|p2a: Chimecho|def|1\n|-boost|p2a: Chimecho|spd|1\n|\n|upkeep\n|turn|2\n|\n|t:|1733890584\n|move|p1a: Deoxys|Cosmic Power|p1a: Deoxys\n|-boost|p1a: Deoxys|def|1\n|-boost|p1a: Deoxys|spd|1\n|move|p2a: Chimecho|Cosmic Power|p2a: Chimecho\n|-boost|p2a: Chimecho|def|1\n|-boost|p2a: Chimecho|spd|1\n|\n|upkeep\n|turn|3\n|\n|t:|1733890589\n|move|p1a: Deoxys|Cosmic Power|p1a: Deoxys\n|-boost|p1a: Deoxys|def|1\n|-boost|p1a: Deoxys|spd|1\n|move|p2a: Chimecho|Cosmic Power|p2a: Chimecho\n|-boost|p2a: Chimecho|def|1\n|-boost|p2a: Chimecho|spd|1\n|\n|upkeep\n|turn|4\n|\n|t:|1733890595\n|move|p1a: Deoxys|Cosmic Power|p1a: Deoxys\n|-boost|p1a: Deoxys|def|1\n|-boost|p1a: Deoxys|spd|1\n|move|p2a: Chimecho|Cosmic Power|p2a: Chimecho\n|-boost|p2a: Chimecho|def|1\n|-boost|p2a: Chimecho|spd|1\n|\n|upkeep\n|turn|5\n|\n|t:|1733890597\n|move|p1a: Deoxys|Cosmic Power|p1a: Deoxys\n|-boost|p1a: Deoxys|def|1\n|-boost|p1a: Deoxys|spd|1\n|move|p2a: Chimecho|Cosmic Power|p2a: Chimecho\n|-boost|p2a: Chimecho|def|1\n|-boost|p2a: Chimecho|spd|1\n|\n|upkeep\n|turn|6\n|\n|t:|1733890603\n|move|p1a: Deoxys|Cosmic Power|p1a: Deoxys\n|-boost|p1a: Deoxys|def|1\n|-boost|p1a: Deoxys|spd|1\n|move|p2a: Chimecho|Cosmic Power|p2a: Chimecho\n|-boost|p2a: Chimecho|def|1\n|-boost|p2a: Chimecho|spd|1\n|\n|upkeep\n|turn|7\n|\n|t:|1733890608\n|move|p1a: Deoxys|Cosmic Power|p1a: Deoxys\n|-boost|p1a: Deoxys|def|1\n|-boost|p1a: Deoxys|spd|1\n|move|p2a: Chimecho|Stored Power|p1a: Deoxys\n|-resisted|p1a: Deoxys\n|-damage|p1a: Deoxys|194/221\n|\n|-heal|p1a: Deoxys|207/221|[from] item: Leftovers\n|upkeep\n|turn|8\n|\n|t:|1733890617\n|move|p1a: Deoxys|Night Shade|p2a: Chimecho\n|-damage|p2a: Chimecho|206/290\n|move|p2a: Chimecho|Stored Power|p1a: Deoxys\n|-resisted|p1a: Deoxys\n|-damage|p1a: Deoxys|179/221\n|\n|-heal|p1a: Deoxys|192/221|[from] item: Leftovers\n|-heal|p2a: Chimecho|224/290|[from] item: Leftovers\n|upkeep\n|turn|9\n|\n|t:|1733890626\n|move|p1a: Deoxys|Stored Power|p2a: Chimecho\n|-resisted|p2a: Chimecho\n|-damage|p2a: Chimecho|199/290\n|move|p2a: Chimecho|Stored Power|p1a: Deoxys\n|-resisted|p1a: Deoxys\n|-damage|p1a: Deoxys|168/221\n|\n|-heal|p1a: Deoxys|181/221|[from] item: Leftovers\n|-heal|p2a: Chimecho|217/290|[from] item: Leftovers\n|upkeep\n|turn|10\n|\n|t:|1733890635\n|move|p1a: Deoxys|Night Shade|p2a: Chimecho\n|-damage|p2a: Chimecho|133/290\n|move|p2a: Chimecho|Stored Power|p1a: Deoxys\n|-resisted|p1a: Deoxys\n|-crit|p1a: Deoxys\n|-damage|p1a: Deoxys|25/221\n|\n|-heal|p1a: Deoxys|38/221|[from] item: Leftovers\n|-heal|p2a: Chimecho|151/290|[from] item: Leftovers\n|upkeep\n|turn|11\n|\n|t:|1733890641\n|move|p1a: Deoxys|Recover|p1a: Deoxys\n|-heal|p1a: Deoxys|149/221\n|move|p2a: Chimecho|Stored Power|p1a: Deoxys\n|-resisted|p1a: Deoxys\n|-damage|p1a: Deoxys|122/221\n|\n|-heal|p1a: Deoxys|135/221|[from] item: Leftovers\n|-heal|p2a: Chimecho|169/290|[from] item: Leftovers\n|upkeep\n|turn|12\n|\n|t:|1733890647\n|move|p1a: Deoxys|Recover|p1a: Deoxys\n|-heal|p1a: Deoxys|221/221\n|move|p2a: Chimecho|Recover|p2a: Chimecho\n|-heal|p2a: Chimecho|290/290\n|\n|upkeep\n|turn|13\n|\n|t:|1733890652\n|move|p1a: Deoxys|Night Shade|p2a: Chimecho\n|-damage|p2a: Chimecho|206/290\n|move|p2a: Chimecho|Stored Power|p1a: Deoxys\n|-resisted|p1a: Deoxys\n|-damage|p1a: Deoxys|196/221\n|\n|-heal|p1a: Deoxys|209/221|[from] item: Leftovers\n|-heal|p2a: Chimecho|224/290|[from] item: Leftovers\n|upkeep\n|turn|14\n|\n|t:|1733890662\n|move|p1a: Deoxys|Night Shade|p2a: Chimecho\n|-damage|p2a: Chimecho|140/290\n|move|p2a: Chimecho|Cosmic Power|p2a: Chimecho\n|-boost|p2a: Chimecho|def|0\n|-boost|p2a: Chimecho|spd|0\n|\n|-heal|p1a: Deoxys|221/221|[from] item: Leftovers\n|-heal|p2a: Chimecho|158/290|[from] item: Leftovers\n|upkeep\n|turn|15\n|\n|t:|1733890668\n|move|p1a: Deoxys|Night Shade|p2a: Chimecho\n|-damage|p2a: Chimecho|74/290\n|move|p2a: Chimecho|Recover|p2a: Chimecho\n|-heal|p2a: Chimecho|219/290\n|\n|-heal|p2a: Chimecho|237/290|[from] item: Leftovers\n|upkeep\n|turn|16\n|\n|t:|1733890673\n|move|p1a: Deoxys|Night Shade|p2a: Chimecho\n|-damage|p2a: Chimecho|153/290\n|move|p2a: Chimecho|Cosmic Power|p2a: Chimecho\n|-boost|p2a: Chimecho|def|0\n|-boost|p2a: Chimecho|spd|0\n|\n|-heal|p2a: Chimecho|171/290|[from] item: Leftovers\n|upkeep\n|turn|17\n|\n|t:|1733890689\n|move|p1a: Deoxys|Night Shade|p2a: Chimecho\n|-damage|p2a: Chimecho|87/290\n|move|p2a: Chimecho|Cosmic Power|p2a: Chimecho\n|-boost|p2a: Chimecho|def|0\n|-boost|p2a: Chimecho|spd|0\n|\n|-heal|p2a: Chimecho|105/290|[from] item: Leftovers\n|upkeep\n|turn|18\n|\n|t:|1733890695\n|move|p1a: Deoxys|Night Shade|p2a: Chimecho\n|-damage|p2a: Chimecho|21/290\n|move|p2a: Chimecho|Recover|p2a: Chimecho\n|-heal|p2a: Chimecho|166/290\n|\n|-heal|p2a: Chimecho|184/290|[from] item: Leftovers\n|upkeep\n|turn|19\n|\n|t:|1733890704\n|move|p1a: Deoxys|Night Shade|p2a: Chimecho\n|-damage|p2a: Chimecho|100/290\n|move|p2a: Chimecho|Cosmic Power|p2a: Chimecho\n|-boost|p2a: Chimecho|def|0\n|-boost|p2a: Chimecho|spd|0\n|\n|-heal|p2a: Chimecho|118/290|[from] item: Leftovers\n|upkeep\n|turn|20\n|\n|t:|1733890708\n|move|p1a: Deoxys|Night Shade|p2a: Chimecho\n|-damage|p2a: Chimecho|34/290\n|move|p2a: Chimecho|Recover|p2a: Chimecho\n|-heal|p2a: Chimecho|179/290\n|\n|-heal|p2a: Chimecho|197/290|[from] item: Leftovers\n|upkeep\n|turn|21\n|\n|t:|1733890721\n|move|p1a: Deoxys|Night Shade|p2a: Chimecho\n|-damage|p2a: Chimecho|113/290\n|move|p2a: Chimecho|Recover|p2a: Chimecho\n|-heal|p2a: Chimecho|258/290\n|\n|-heal|p2a: Chimecho|276/290|[from] item: Leftovers\n|upkeep\n|turn|22\n|\n|t:|1733890725\n|move|p1a: Deoxys|Night Shade|p2a: Chimecho\n|-damage|p2a: Chimecho|192/290\n|move|p2a: Chimecho|Cosmic Power|p2a: Chimecho\n|-boost|p2a: Chimecho|def|0\n|-boost|p2a: Chimecho|spd|0\n|\n|-heal|p2a: Chimecho|210/290|[from] item: Leftovers\n|upkeep\n|turn|23\n|\n|t:|1733890732\n|move|p1a: Deoxys|Night Shade|p2a: Chimecho\n|-damage|p2a: Chimecho|126/290\n|move|p2a: Chimecho|Cosmic Power|p2a: Chimecho\n|-boost|p2a: Chimecho|def|0\n|-boost|p2a: Chimecho|spd|0\n|\n|-heal|p2a: Chimecho|144/290|[from] item: Leftovers\n|upkeep\n|turn|24\n|\n|t:|1733890736\n|move|p1a: Deoxys|Night Shade|p2a: Chimecho\n|-damage|p2a: Chimecho|60/290\n|move|p2a: Chimecho|Recover|p2a: Chimecho\n|-heal|p2a: Chimecho|205/290\n|\n|-heal|p2a: Chimecho|223/290|[from] item: Leftovers\n|upkeep\n|turn|25\n|\n|t:|1733890748\n|move|p1a: Deoxys|Cosmic Power|p1a: Deoxys\n|-boost|p1a: Deoxys|def|0\n|-boost|p1a: Deoxys|spd|0\n|move|p2a: Chimecho|Cosmic Power|p2a: Chimecho\n|-boost|p2a: Chimecho|def|0\n|-boost|p2a: Chimecho|spd|0\n|\n|-heal|p2a: Chimecho|241/290|[from] item: Leftovers\n|upkeep\n|turn|26\n|\n|t:|1733890751\n|move|p1a: Deoxys|Cosmic Power|p1a: Deoxys\n|-boost|p1a: Deoxys|def|0\n|-boost|p1a: Deoxys|spd|0\n|move|p2a: Chimecho|Cosmic Power|p2a: Chimecho\n|-boost|p2a: Chimecho|def|0\n|-boost|p2a: Chimecho|spd|0\n|\n|-heal|p2a: Chimecho|259/290|[from] item: Leftovers\n|upkeep\n|turn|27\n|\n|t:|1733890758\n|move|p1a: Deoxys|Cosmic Power|p1a: Deoxys\n|-boost|p1a: Deoxys|def|0\n|-boost|p1a: Deoxys|spd|0\n|move|p2a: Chimecho|Cosmic Power|p2a: Chimecho\n|-boost|p2a: Chimecho|def|0\n|-boost|p2a: Chimecho|spd|0\n|\n|-heal|p2a: Chimecho|277/290|[from] item: Leftovers\n|upkeep\n|turn|28\n|\n|t:|1733890761\n|move|p1a: Deoxys|Cosmic Power|p1a: Deoxys\n|-boost|p1a: Deoxys|def|0\n|-boost|p1a: Deoxys|spd|0\n|move|p2a: Chimecho|Cosmic Power|p2a: Chimecho\n|-boost|p2a: Chimecho|def|0\n|-boost|p2a: Chimecho|spd|0\n|\n|-heal|p2a: Chimecho|290/290|[from] item: Leftovers\n|upkeep\n|turn|29\n|\n|t:|1733890765\n|move|p1a: Deoxys|Cosmic Power|p1a: Deoxys\n|-boost|p1a: Deoxys|def|0\n|-boost|p1a: Deoxys|spd|0\n|move|p2a: Chimecho|Cosmic Power|p2a: Chimecho\n|-boost|p2a: Chimecho|def|0\n|-boost|p2a: Chimecho|spd|0\n|\n|upkeep\n|turn|30\n|\n|t:|1733890767\n|move|p1a: Deoxys|Cosmic Power|p1a: Deoxys\n|-boost|p1a: Deoxys|def|0\n|-boost|p1a: Deoxys|spd|0\n|move|p2a: Chimecho|Cosmic Power|p2a: Chimecho\n|-boost|p2a: Chimecho|def|0\n|-boost|p2a: Chimecho|spd|0\n|\n|upkeep\n|turn|31\n|\n|t:|1733890771\n|move|p1a: Deoxys|Cosmic Power|p1a: Deoxys\n|-boost|p1a: Deoxys|def|0\n|-boost|p1a: Deoxys|spd|0\n|move|p2a: Chimecho|Cosmic Power|p2a: Chimecho\n|-boost|p2a: Chimecho|def|0\n|-boost|p2a: Chimecho|spd|0\n|\n|upkeep\n|turn|32\n|\n|t:|1733890775\n|move|p1a: Deoxys|Cosmic Power|p1a: Deoxys\n|-boost|p1a: Deoxys|def|0\n|-boost|p1a: Deoxys|spd|0\n|move|p2a: Chimecho|Cosmic Power|p2a: Chimecho\n|-boost|p2a: Chimecho|def|0\n|-boost|p2a: Chimecho|spd|0\n|\n|upkeep\n|turn|33\n|\n|t:|1733890779\n|move|p1a: Deoxys|Night Shade|p2a: Chimecho\n|-damage|p2a: Chimecho|206/290\n|move|p2a: Chimecho|Cosmic Power|p2a: Chimecho\n|-boost|p2a: Chimecho|def|0\n|-boost|p2a: Chimecho|spd|0\n|\n|-heal|p2a: Chimecho|224/290|[from] item: Leftovers\n|upkeep\n|turn|34\n|\n|t:|1733890785\n|move|p1a: Deoxys|Night Shade|p2a: Chimecho\n|-damage|p2a: Chimecho|140/290\n|move|p2a: Chimecho|Cosmic Power|p2a: Chimecho\n|-boost|p2a: Chimecho|def|0\n|-boost|p2a: Chimecho|spd|0\n|\n|-heal|p2a: Chimecho|158/290|[from] item: Leftovers\n|upkeep\n|turn|35\n|\n|t:|1733890792\n|move|p1a: Deoxys|Night Shade|p2a: Chimecho\n|-damage|p2a: Chimecho|74/290\n|move|p2a: Chimecho|Recover|p2a: Chimecho\n|-heal|p2a: Chimecho|219/290\n|\n|-heal|p2a: Chimecho|237/290|[from] item: Leftovers\n|upkeep\n|turn|36\n|\n|t:|1733890800\n|move|p1a: Deoxys|Cosmic Power|p1a: Deoxys\n|-boost|p1a: Deoxys|def|0\n|-boost|p1a: Deoxys|spd|0\n|move|p2a: Chimecho|Cosmic Power|p2a: Chimecho\n|-boost|p2a: Chimecho|def|0\n|-boost|p2a: Chimecho|spd|0\n|\n|-heal|p2a: Chimecho|255/290|[from] item: Leftovers\n|upkeep\n|turn|37\n|\n|t:|1733890803\n|move|p1a: Deoxys|Cosmic Power|p1a: Deoxys\n|-boost|p1a: Deoxys|def|0\n|-boost|p1a: Deoxys|spd|0\n|move|p2a: Chimecho|Cosmic Power|p2a: Chimecho\n|-boost|p2a: Chimecho|def|0\n|-boost|p2a: Chimecho|spd|0\n|\n|-heal|p2a: Chimecho|273/290|[from] item: Leftovers\n|upkeep\n|turn|38\n|\n|t:|1733890806\n|move|p1a: Deoxys|Cosmic Power|p1a: Deoxys\n|-boost|p1a: Deoxys|def|0\n|-boost|p1a: Deoxys|spd|0\n|move|p2a: Chimecho|Cosmic Power|p2a: Chimecho\n|-boost|p2a: Chimecho|def|0\n|-boost|p2a: Chimecho|spd|0\n|\n|-heal|p2a: Chimecho|290/290|[from] item: Leftovers\n|upkeep\n|turn|39\n|\n|t:|1733890811\n|move|p1a: Deoxys|Cosmic Power|p1a: Deoxys\n|-boost|p1a: Deoxys|def|0\n|-boost|p1a: Deoxys|spd|0\n|move|p2a: Chimecho|Cosmic Power|p2a: Chimecho\n|-boost|p2a: Chimecho|def|0\n|-boost|p2a: Chimecho|spd|0\n|\n|upkeep\n|turn|40\n|\n|t:|1733890815\n|move|p1a: Deoxys|Cosmic Power|p1a: Deoxys\n|-boost|p1a: Deoxys|def|0\n|-boost|p1a: Deoxys|spd|0\n|move|p2a: Chimecho|Cosmic Power|p2a: Chimecho\n|-boost|p2a: Chimecho|def|0\n|-boost|p2a: Chimecho|spd|0\n|\n|upkeep\n|turn|41\n|\n|t:|1733890818\n|move|p1a: Deoxys|Cosmic Power|p1a: Deoxys\n|-boost|p1a: Deoxys|def|0\n|-boost|p1a: Deoxys|spd|0\n|move|p2a: Chimecho|Cosmic Power|p2a: Chimecho\n|-boost|p2a: Chimecho|def|0\n|-boost|p2a: Chimecho|spd|0\n|\n|upkeep\n|turn|42\n|\n|t:|1733890821\n|move|p1a: Deoxys|Cosmic Power|p1a: Deoxys\n|-boost|p1a: Deoxys|def|0\n|-boost|p1a: Deoxys|spd|0\n|move|p2a: Chimecho|Cosmic Power|p2a: Chimecho\n|-boost|p2a: Chimecho|def|0\n|-boost|p2a: Chimecho|spd|0\n|\n|upkeep\n|turn|43\n|\n|t:|1733890824\n|move|p1a: Deoxys|Cosmic Power|p1a: Deoxys\n|-boost|p1a: Deoxys|def|0\n|-boost|p1a: Deoxys|spd|0\n|move|p2a: Chimecho|Cosmic Power|p2a: Chimecho\n|-boost|p2a: Chimecho|def|0\n|-boost|p2a: Chimecho|spd|0\n|\n|upkeep\n|turn|44\n|\n|t:|1733890829\n|move|p1a: Deoxys|Cosmic Power|p1a: Deoxys\n|-boost|p1a: Deoxys|def|0\n|-boost|p1a: Deoxys|spd|0\n|move|p2a: Chimecho|Cosmic Power|p2a: Chimecho\n|-boost|p2a: Chimecho|def|0\n|-boost|p2a: Chimecho|spd|0\n|\n|upkeep\n|turn|45\n|\n|t:|1733890832\n|move|p1a: Deoxys|Cosmic Power|p1a: Deoxys\n|-boost|p1a: Deoxys|def|0\n|-boost|p1a: Deoxys|spd|0\n|move|p2a: Chimecho|Cosmic Power|p2a: Chimecho\n|-boost|p2a: Chimecho|def|0\n|-boost|p2a: Chimecho|spd|0\n|\n|upkeep\n|turn|46\n|\n|t:|1733890837\n|move|p1a: Deoxys|Cosmic Power|p1a: Deoxys\n|-boost|p1a: Deoxys|def|0\n|-boost|p1a: Deoxys|spd|0\n|move|p2a: Chimecho|Dazzling Gleam|p1a: Deoxys\n|-damage|p1a: Deoxys|209/221\n|\n|-heal|p1a: Deoxys|221/221|[from] item: Leftovers\n|upkeep\n|turn|47\n|\n|t:|1733890840\n|move|p1a: Deoxys|Cosmic Power|p1a: Deoxys\n|-boost|p1a: Deoxys|def|0\n|-boost|p1a: Deoxys|spd|0\n|move|p2a: Chimecho|Dazzling Gleam|p1a: Deoxys\n|-damage|p1a: Deoxys|210/221\n|\n|-heal|p1a: Deoxys|221/221|[from] item: Leftovers\n|upkeep\n|turn|48\n|-message|aervolt forfeited.\n|\n|win|sodpnw\n|raw|sodpnw's rating: 1577 &rarr; <strong>1597</strong><br />(+20 for winning)\n|raw|aervolt's rating: 1581 &rarr; <strong>1561</strong><br />(-20 for losing)\n|l|\u203daervolt\n|player|p2|\n", "inputlog": ">version bfd83cad13791eb5a5a409923076391caf6fb4d4\n>start {\"formatid\":\"gen9randombattle\",\"seed\":[43861,38178,25069,65025],\"rated\":\"Rated battle\"}\n>player p1 {\"name\":\"sodpnw\",\"avatar\":\"1\",\"rating\":1577,\"seed\":[10058,21478,40970,56150]}\n>player p2 {\"name\":\"aervolt\",\"avatar\":\"102\",\"rating\":1581,\"seed\":[42209,51109,61902,61828]}\n>p1 switch 2\n>p2 move cosmicpower\n>p1 move cosmicpower\n>p2 move cosmicpower\n>p1 move cosmicpower\n>p2 move cosmicpower\n>p1 move cosmicpower\n>p2 move cosmicpower\n>p1 move cosmicpower\n>p2 move cosmicpower\n>p1 move cosmicpower\n>p2 move cosmicpower\n>p1 move cosmicpower\n>p2 move storedpower\n>p1 move nightshade\n>p2 move storedpower\n>p1 move storedpower\n>p2 move storedpower\n>p1 move nightshade\n>p2 move storedpower\n>p1 move recover\n>p2 move storedpower\n>p1 move recover\n>p2 move recover\n>p1 move nightshade\n>p2 move storedpower\n>p1 move nightshade\n>p2 move cosmicpower\n>p1 move nightshade\n>p2 move recover\n>p1 move nightshade\n>p2 move cosmicpower\n>p1 move nightshade\n>p2 move cosmicpower\n>p1 move nightshade\n>p2 move recover\n>p1 move nightshade\n>p2 move cosmicpower\n>p1 move nightshade\n>p2 move recover\n>p1 move nightshade\n>p2 move recover\n>p1 move nightshade\n>p2 move cosmicpower\n>p1 move nightshade\n>p2 move cosmicpower\n>p1 move nightshade\n>p2 move recover\n>p1 move cosmicpower\n>p2 move cosmicpower\n>p1 move cosmicpower\n>p2 move cosmicpower\n>p1 move cosmicpower\n>p2 move cosmicpower\n>p1 move cosmicpower\n>p2 move cosmicpower\n>p1 move cosmicpower\n>p2 move cosmicpower\n>p1 move cosmicpower\n>p2 move cosmicpower\n>p1 move cosmicpower\n>p2 move cosmicpower\n>p1 move cosmicpower\n>p2 move cosmicpower\n>p1 move nightshade\n>p2 move cosmicpower\n>p1 move nightshade\n>p2 move cosmicpower\n>p1 move nightshade\n>p2 move recover\n>p1 move cosmicpower\n>p2 move cosmicpower\n>p1 move cosmicpower\n>p2 move cosmicpower\n>p1 move cosmicpower\n>p2 move cosmicpower\n>p1 move cosmicpower\n>p2 move cosmicpower\n>p1 move cosmicpower\n>p2 move cosmicpower\n>p1 move cosmicpower\n>p2 move cosmicpower\n>p1 move cosmicpower\n>p2 move cosmicpower\n>p1 move cosmicpower\n>p2 move cosmicpower\n>p1 move cosmicpower\n>p2 move cosmicpower\n>p1 move cosmicpower\n>p2 move cosmicpower\n>p1 move cosmicpower\n>p2 move dazzlinggleam\n>p1 move cosmicpower\n>p2 move dazzlinggleam\n>forcelose p2", "uploadtime": 1733890854, "views": 11, "formatid": "gen9randombattle", "rating": 1561, "private": 0, "password": null}