{"id": "gen9randombattle-2260389440", "format": "[Gen 9] Random Battle", "players": ["151 187s", "In Distress"], "log": "|j|\u2606151 187s\n|j|\u2606In Distress\n|t:|1733846846\n|gametype|singles\n|player|p1|151 187s|266|1181\n|player|p2|In Distress|cynthia-gen4|1183\n|teamsize|p1|6\n|teamsize|p2|6\n|gen|9\n|tier|[Gen 9] Random Battle\n|rated|\n|rule|Species Clause: Limit one of each Pok\u00e9mon\n|rule|HP Percentage Mod: HP is shown in percentages\n|rule|Sleep Clause Mod: Limit one foe put to sleep\n|rule|Illusion Level Mod: Illusion disguises the Pok\u00e9mon's true level\n|\n|t:|1733846846\n|start\n|switch|p1a: Regidrago|Regidrago, L77|435/435\n|switch|p2a: Dunsparce|Dunsparce, L86, F|312/312\n|turn|1\n|inactive|Battle timer is ON: inactive players will automatically lose when time's up. (requested by In Distress)\n|\n|t:|1733846876\n|switch|p1a: Passimian|Passimian, L83, M|302/302\n|move|p2a: Dunsparce|Body Slam|p1a: Passimian\n|-damage|p1a: Passimian|230/302\n|-status|p1a: Passimian|par\n|\n|upkeep\n|turn|2\n|\n|t:|1733846899\n|switch|p2a: Wyrdeer|Wyrdeer, L87, M|321/321\n|-ability|p2a: Wyrdeer|Intimidate|boost\n|-unboost|p1a: Passimian|atk|1\n|-ability|p1a: Passimian|Defiant|boost\n|-boost|p1a: Passimian|atk|2\n|cant|p1a: Passimian|par\n|\n|upkeep\n|turn|3\n|\n|t:|1733846917\n|move|p2a: Wyrdeer|Psychic Noise|p1a: Passimian\n|-supereffective|p1a: Passimian\n|-damage|p1a: Passimian|0 fnt\n|faint|p1a: Passimian\n|\n|upkeep\n|\n|t:|1733846924\n|switch|p1a: Kingdra|Kingdra, L84, F|263/263\n|turn|4\n|inactive|In Distress has 120 seconds left.\n|inactive|In Distress has 90 seconds left.\n|\n|t:|1733846976\n|move|p1a: Kingdra|Rain Dance|p1a: Kingdra\n|-weather|RainDance\n|move|p2a: Wyrdeer|Thunderbolt|p1a: Kingdra\n|-damage|p1a: Kingdra|195/263\n|-status|p1a: Kingdra|par\n|\n|-weather|RainDance|[upkeep]\n|upkeep\n|turn|5\n|\n|t:|1733846995\n|move|p1a: Kingdra|Wave Crash|p2a: Wyrdeer\n|-damage|p2a: Wyrdeer|60/321\n|-damage|p1a: Kingdra|109/263 par|[from] Recoil\n|-damage|p1a: Kingdra|83/263 par|[from] item: Life Orb\n|move|p2a: Wyrdeer|Megahorn|p1a: Kingdra\n|-crit|p1a: Kingdra\n|-damage|p1a: Kingdra|0 fnt\n|faint|p1a: Kingdra\n|\n|-weather|RainDance|[upkeep]\n|upkeep\n|\n|t:|1733847007\n|switch|p1a: Lumineon|Lumineon, L93, M|279/279\n|turn|6\n|inactive|In Distress has 90 seconds left.\n|\n|t:|1733847030\n|move|p1a: Lumineon|Ice Beam|p2a: Wyrdeer\n|-damage|p2a: Wyrdeer|0 fnt\n|faint|p2a: Wyrdeer\n|\n|-weather|RainDance|[upkeep]\n|upkeep\n|inactive|In Distress has 90 seconds left.\n|\n|t:|1733847045\n|switch|p2a: Frosmoth|Frosmoth, L82, F|249/249\n|turn|7\n|\n|t:|1733847056\n|move|p1a: Lumineon|Ice Beam|p2a: Frosmoth\n|-resisted|p2a: Frosmoth\n|-damage|p2a: Frosmoth|225/249\n|move|p2a: Frosmoth|Quiver Dance|p2a: Frosmoth\n|-boost|p2a: Frosmoth|spa|1\n|-boost|p2a: Frosmoth|spd|1\n|-boost|p2a: Frosmoth|spe|1\n|\n|-weather|RainDance|[upkeep]\n|upkeep\n|turn|8\n|\n|t:|1733847069\n|switch|p1a: Dachsbun|Dachsbun, L92, M|254/254\n|move|p2a: Frosmoth|Quiver Dance|p2a: Frosmoth\n|-boost|p2a: Frosmoth|spa|1\n|-boost|p2a: Frosmoth|spd|1\n|-boost|p2a: Frosmoth|spe|1\n|\n|-weather|none\n|upkeep\n|turn|9\n|inactive|In Distress has 90 seconds left.\n|\n|t:|1733847098\n|-terastallize|p2a: Frosmoth|Ground\n|move|p2a: Frosmoth|Tera Blast|p1a: Dachsbun|[anim] Tera Blast Ground\n|-damage|p1a: Dachsbun|49/254\n|move|p1a: Dachsbun|Stomping Tantrum|p2a: Frosmoth\n|-damage|p2a: Frosmoth|155/249\n|\n|-heal|p1a: Dachsbun|64/254|[from] item: Leftovers\n|upkeep\n|turn|10\n|\n|t:|1733847111\n|move|p2a: Frosmoth|Giga Drain|p1a: Dachsbun\n|-damage|p1a: Dachsbun|0 fnt\n|-heal|p2a: Frosmoth|187/249|[from] drain|[of] p1a: Dachsbun\n|faint|p1a: Dachsbun\n|\n|upkeep\n|\n|t:|1733847123\n|switch|p1a: Deoxys|Deoxys-Attack, L72|191/191\n|-ability|p1a: Deoxys|Pressure\n|turn|11\n|\n|t:|1733847133\n|move|p2a: Frosmoth|Giga Drain|p1a: Deoxys\n|-damage|p1a: Deoxys|0 fnt\n|-heal|p2a: Frosmoth|249/249|[from] drain|[of] p1a: Deoxys\n|faint|p1a: Deoxys\n|\n|upkeep\n|-message|151 187s forfeited.\n|\n|win|In Distress\n|raw|151 187s's rating: 1181 &rarr; <strong>1156</strong><br />(-25 for losing)\n|raw|In Distress's rating: 1183 &rarr; <strong>1208</strong><br />(+25 for winning)\n|l|\u2606151 187s\n|player|p1|\n", "inputlog": ">version bfd83cad13791eb5a5a409923076391caf6fb4d4\n>start {\"formatid\":\"gen9randombattle\",\"seed\":[53859,43013,7679,22582],\"rated\":\"Rated battle\"}\n>player p1 {\"name\":\"151 187s\",\"avatar\":\"266\",\"rating\":1181,\"seed\":[39354,47065,21445,21689]}\n>player p2 {\"name\":\"In Distress\",\"avatar\":\"cynthia-gen4\",\"rating\":1183,\"seed\":[24729,37817,1297,16596]}\n>p1 switch 4\n>p2 move bodyslam\n>p1 move closecombat\n>p2 switch 2\n>p1 move knockoff\n>p2 move psychicnoise\n>p1 switch 2\n>p1 move raindance\n>p2 move thunderbolt\n>p1 move wavecrash\n>p2 move megahorn\n>p1 switch 5\n>p1 move icebeam\n>p2 move thunderbolt\n>p2 switch 6\n>p1 move icebeam\n>p2 move quiverdance\n>p1 switch 3\n>p2 move quiverdance\n>p1 move stompingtantrum\n>p2 move terablast terastallize\n>p1 move wish\n>p2 move gigadrain\n>p1 switch 6\n>p1 move icebeam\n>p2 move gigadrain\n>forcelose p1", "uploadtime": 1733847149, "views": 1, "formatid": "gen9randombattle", "rating": 1156, "private": 0, "password": null}