{"id": "gen9randombattle-2260469172", "format": "[Gen 9] Random Battle", "players": ["Viciart", "Mattattac"], "log": "|j|\u2606Viciart\n|j|\u2606Mattattac\n|t:|1733854634\n|gametype|singles\n|player|p1|Viciart|palmer|1695\n|player|p2|Mattattac|nate|1664\n|teamsize|p1|6\n|teamsize|p2|6\n|gen|9\n|tier|[Gen 9] Random Battle\n|rated|\n|rule|Species Clause: Limit one of each Pok\u00e9mon\n|rule|HP Percentage Mod: HP is shown in percentages\n|rule|Sleep Clause Mod: Limit one foe put to sleep\n|rule|Illusion Level Mod: Illusion disguises the Pok\u00e9mon's true level\n|\n|t:|1733854634\n|start\n|switch|p1a: Flutter Mane|Flutter Mane, L74|203/203\n|switch|p2a: Moltres|Moltres-Galar, L79|271/271\n|turn|1\n|inactive|Battle timer is ON: inactive players will automatically lose when time's up. (requested by Viciart)\n|\n|t:|1733854650\n|move|p1a: Flutter Mane|Moonblast|p2a: Moltres\n|-supereffective|p2a: Moltres\n|-damage|p2a: Moltres|5/271\n|-ability|p2a: Moltres|Berserk|boost\n|-boost|p2a: Moltres|spa|1\n|move|p2a: Moltres|Fiery Wrath|p1a: Flutter Mane\n|-damage|p1a: Flutter Mane|89/203\n|\n|upkeep\n|turn|2\n|\n|t:|1733854655\n|move|p1a: Flutter Mane|Moonblast|p2a: Moltres\n|-supereffective|p2a: Moltres\n|-damage|p2a: Moltres|0 fnt\n|faint|p2a: Moltres\n|\n|upkeep\n|\n|t:|1733854678\n|switch|p2a: Medicham|Medicham, L86, M|243/243\n|turn|3\n|\n|t:|1733854690\n|-end|p1a: Flutter Mane|Protosynthesis|[silent]\n|switch|p1a: Zamazenta|Zamazenta, L71|248/248\n|-ability|p1a: Zamazenta|Dauntless Shield|boost\n|-boost|p1a: Zamazenta|def|1\n|move|p2a: Medicham|Ice Punch|p1a: Zamazenta\n|-damage|p1a: Zamazenta|195/248\n|\n|upkeep\n|turn|4\n|\n|t:|1733854700\n|switch|p2a: Vaporeon|Vaporeon, L86, M|364/364\n|move|p1a: Zamazenta|Iron Defense|p1a: Zamazenta\n|-boost|p1a: Zamazenta|def|2\n|\n|upkeep\n|turn|5\n|\n|t:|1733854711\n|move|p1a: Zamazenta|Body Press|p2a: Vaporeon\n|-damage|p2a: Vaporeon|154/364\n|move|p2a: Vaporeon|Scald|p1a: Zamazenta\n|-damage|p1a: Zamazenta|104/248\n|\n|-heal|p2a: Vaporeon|176/364|[from] item: Leftovers\n|upkeep\n|turn|6\n|\n|t:|1733854717\n|move|p2a: Vaporeon|Protect|p2a: Vaporeon\n|-singleturn|p2a: Vaporeon|Protect\n|move|p1a: Zamazenta|Body Press|p2a: Vaporeon\n|-activate|p2a: Vaporeon|move: Protect\n|\n|-heal|p2a: Vaporeon|198/364|[from] item: Leftovers\n|upkeep\n|turn|7\n|\n|t:|1733854720\n|move|p2a: Vaporeon|Protect||[still]\n|-fail|p2a: Vaporeon\n|move|p1a: Zamazenta|Body Press|p2a: Vaporeon\n|-damage|p2a: Vaporeon|0 fnt\n|faint|p2a: Vaporeon\n|\n|upkeep\n|\n|t:|1733854739\n|switch|p2a: Inteleon|Inteleon, L81, M|246/246\n|turn|8\n|\n|t:|1733854748\n|switch|p1a: Regigigas|Regigigas, L84|322/322\n|-start|p1a: Regigigas|ability: Slow Start\n|move|p2a: Inteleon|Scald|p1a: Regigigas\n|-damage|p1a: Regigigas|198/322\n|\n|-heal|p1a: Regigigas|218/322|[from] item: Leftovers\n|upkeep\n|turn|9\n|\n|t:|1733854753\n|move|p2a: Inteleon|Scald|p1a: Regigigas\n|-crit|p1a: Regigigas\n|-damage|p1a: Regigigas|25/322\n|-status|p1a: Regigigas|brn\n|move|p1a: Regigigas|Substitute|p1a: Regigigas\n|-fail|p1a: Regigigas|move: Substitute|[weak]\n|\n|-heal|p1a: Regigigas|45/322 brn|[from] item: Leftovers\n|-damage|p1a: Regigigas|25/322 brn|[from] brn\n|upkeep\n|turn|10\n|\n|t:|1733854760\n|move|p2a: Inteleon|Scald|p1a: Regigigas\n|-damage|p1a: Regigigas|0 fnt\n|faint|p1a: Regigigas\n|-end|p1a: Regigigas|Slow Start|[silent]\n|\n|upkeep\n|\n|t:|1733854767\n|switch|p1a: Porygon2|Porygon2, L82|274/274\n|-ability|p1a: Porygon2|Download|boost\n|-boost|p1a: Porygon2|spa|1\n|turn|11\n|\n|t:|1733854779\n|move|p2a: Inteleon|Scald|p1a: Porygon2\n|-damage|p1a: Porygon2|180/274\n|-status|p1a: Porygon2|brn\n|move|p1a: Porygon2|Discharge|p2a: Inteleon\n|-supereffective|p2a: Inteleon\n|-damage|p2a: Inteleon|18/246\n|-status|p2a: Inteleon|par\n|\n|-damage|p1a: Porygon2|163/274 brn|[from] brn\n|upkeep\n|turn|12\n|\n|t:|1733854787\n|move|p1a: Porygon2|Discharge|p2a: Inteleon\n|-supereffective|p2a: Inteleon\n|-damage|p2a: Inteleon|0 fnt\n|faint|p2a: Inteleon\n|\n|-damage|p1a: Porygon2|146/274 brn|[from] brn\n|upkeep\n|inactive|Mattattac has 120 seconds left.\n|\n|t:|1733854828\n|switch|p2a: Medicham|Medicham, L86, M|243/243\n|turn|13\n|inactive|Viciart has 120 seconds left.\n|inactive|Viciart has 90 seconds left.\n|inactive|Viciart has 60 seconds left.\n|inactive|Viciart has 30 seconds left.\n|inactive|Viciart has 20 seconds left.\n|inactive|Viciart has 15 seconds left.\n|inactive|Viciart has 10 seconds left.\n|inactive|Viciart has 5 seconds left.\n|-message|Viciart lost due to inactivity.\n|\n|win|Mattattac\n|raw|Viciart's rating: 1714 &rarr; <strong>1691</strong><br />(-23 for losing)\n|raw|Mattattac's rating: 1664 &rarr; <strong>1687</strong><br />(+23 for winning)\n", "inputlog": ">version bfd83cad13791eb5a5a409923076391caf6fb4d4\n>start {\"formatid\":\"gen9randombattle\",\"seed\":[52022,8883,42138,48161],\"rated\":\"Rated battle\"}\n>player p1 {\"name\":\"Viciart\",\"avatar\":\"palmer\",\"rating\":1695,\"seed\":[1557,30791,36508,362]}\n>player p2 {\"name\":\"Mattattac\",\"avatar\":\"nate\",\"rating\":1664,\"seed\":[51629,19559,12290,55374]}\n>p1 move moonblast\n>p2 move fierywrath\n>p1 move moonblast\n>p2 move rest\n>p2 switch 3\n>p1 switch 2\n>p2 move icepunch\n>p1 move irondefense\n>p2 switch 2\n>p1 move bodypress\n>p2 move scald\n>p1 move bodypress\n>p2 move protect\n>p1 move bodypress\n>p2 move protect\n>p2 switch 4\n>p1 switch 3\n>p2 move scald\n>p1 move substitute\n>p2 move scald\n>p1 move bodyslam\n>p2 move scald\n>p1 switch 4\n>p1 move discharge\n>p2 move scald\n>p1 move discharge\n>p2 move scald\n>p2 switch 2\n>forcelose p1", "uploadtime": 1733854980, "views": 2, "formatid": "gen9randombattle", "rating": 1687, "private": 0, "password": null}