{"id": "gen9randombattle-2241052293", "format": "[Gen 9] Random Battle", "players": ["tinkatonkateng", "Gloriousplays"], "log": "|badge|p2|bronze|gen9randombattle|100-3\n|uhtml|medal-msg|<div class=\"broadcast-blue\">Curious what those medals under the avatar are? PS now has Ladder Seasons! For more information, check out the <a href=\"https://www.smogon.com/forums/threads/3740067/\">thread on Smogon.</a></div>\n|j|\u2606tinkatonkateng\n|j|\u2606Gloriousplays\n|t:|1731238506\n|gametype|singles\n|player|p1|tinkatonkateng|170|2204\n|player|p2|Gloriousplays|ash|2318\n|teamsize|p1|6\n|teamsize|p2|6\n|gen|9\n|tier|[Gen 9] Random Battle\n|rated|\n|rule|Species Clause: Limit one of each Pok\u00e9mon\n|rule|HP Percentage Mod: HP is shown in percentages\n|rule|Sleep Clause Mod: Limit one foe put to sleep\n|rule|Illusion Level Mod: Illusion disguises the Pok\u00e9mon's true level\n|\n|t:|1731238506\n|start\n|switch|p1a: Greedent|Greedent, L86, F|347/347\n|switch|p2a: Blastoise|Blastoise, L80, F|258/258\n|turn|1\n|\n|t:|1731238523\n|switch|p2a: Emboar|Emboar, L84, M|322/322\n|move|p1a: Greedent|Swords Dance|p1a: Greedent\n|-boost|p1a: Greedent|atk|2\n|\n|upkeep\n|turn|2\n|\n|t:|1731238530\n|-terastallize|p1a: Greedent|Ghost\n|move|p2a: Emboar|Knock Off|p1a: Greedent\n|-supereffective|p1a: Greedent\n|-damage|p1a: Greedent|195/347\n|-enditem|p1a: Greedent|Sitrus Berry|[from] move: Knock Off|[of] p2a: Emboar\n|move|p1a: Greedent|Earthquake|p2a: Emboar\n|-supereffective|p2a: Emboar\n|-damage|p2a: Emboar|0 fnt\n|faint|p2a: Emboar\n|\n|upkeep\n|\n|t:|1731238600\n|switch|p2a: Braviary|Braviary-Hisui, L85, M|326/326\n|turn|3\n|\n|t:|1731238632\n|-terastallize|p2a: Braviary|Psychic\n|move|p2a: Braviary|Esper Wing|p1a: Greedent\n|-damage|p1a: Greedent|0 fnt\n|-boost|p2a: Braviary|spe|1\n|faint|p1a: Greedent\n|\n|upkeep\n|\n|t:|1731238637\n|switch|p1a: Morpeko|Morpeko, L88, M|245/245\n|turn|4\n|\n|t:|1731238643\n|switch|p2a: Incineroar|Incineroar, L82, F|290/290\n|-ability|p2a: Incineroar|Intimidate|boost\n|-unboost|p1a: Morpeko|atk|1\n|move|p1a: Morpeko|Protect||[still]\n|-fail|p1a: Morpeko\n|\n|-formechange|p1a: Morpeko|Morpeko-Hangry||[from] ability: Hunger Switch\n|upkeep\n|turn|5\n|\n|t:|1731238646\n|move|p1a: Morpeko|Parting Shot|p2a: Incineroar\n|-unboost|p2a: Incineroar|atk|1\n|-unboost|p2a: Incineroar|spa|1\n|\n|t:|1731238653\n|switch|p1a: Oricorio|Oricorio, L84, F|263/263|[from] Parting Shot\n|move|p2a: Incineroar|Flare Blitz|p1a: Oricorio\n|-resisted|p1a: Oricorio\n|-damage|p1a: Oricorio|213/263\n|-damage|p2a: Incineroar|273/290|[from] Recoil\n|\n|upkeep\n|turn|6\n|\n|t:|1731238665\n|switch|p2a: Braviary|Braviary-Hisui, L85, M, tera:Psychic|326/326\n|move|p1a: Oricorio|Quiver Dance|p1a: Oricorio\n|-boost|p1a: Oricorio|spa|1\n|-boost|p1a: Oricorio|spd|1\n|-boost|p1a: Oricorio|spe|1\n|\n|upkeep\n|turn|7\n|\n|t:|1731238675\n|move|p1a: Oricorio|Revelation Dance|p2a: Braviary\n|-damage|p2a: Braviary|169/326\n|move|p2a: Braviary|Esper Wing|p1a: Oricorio\n|-crit|p1a: Oricorio\n|-damage|p1a: Oricorio|0 fnt\n|-boost|p2a: Braviary|spe|1\n|faint|p1a: Oricorio\n|\n|upkeep\n|\n|t:|1731238682\n|switch|p1a: Morpeko|Morpeko, L88, M|245/245\n|turn|8\n|\n|t:|1731238690\n|switch|p2a: Incineroar|Incineroar, L82, F|273/290\n|-ability|p2a: Incineroar|Intimidate|boost\n|-unboost|p1a: Morpeko|atk|1\n|move|p1a: Morpeko|Aura Wheel|p2a: Incineroar\n|-damage|p2a: Incineroar|182/290\n|-boost|p1a: Morpeko|spe|1\n|\n|-formechange|p1a: Morpeko|Morpeko-Hangry||[from] ability: Hunger Switch\n|upkeep\n|turn|9\n|\n|t:|1731238729\n|move|p1a: Morpeko|Parting Shot|p2a: Incineroar\n|-unboost|p2a: Incineroar|atk|1\n|-unboost|p2a: Incineroar|spa|1\n|\n|t:|1731238738\n|switch|p1a: Zebstrika|Zebstrika, L87, M|272/272|[from] Parting Shot\n|move|p2a: Incineroar|Knock Off|p1a: Zebstrika\n|-crit|p1a: Zebstrika\n|-damage|p1a: Zebstrika|80/272\n|-enditem|p1a: Zebstrika|Life Orb|[from] move: Knock Off|[of] p2a: Incineroar\n|\n|upkeep\n|turn|10\n|\n|t:|1731238753\n|switch|p2a: Brambleghast|Brambleghast, L88, M|240/240\n|move|p1a: Zebstrika|Supercell Slam|p2a: Brambleghast\n|-resisted|p2a: Brambleghast\n|-damage|p2a: Brambleghast|172/240\n|\n|-heal|p2a: Brambleghast|187/240|[from] item: Leftovers\n|upkeep\n|turn|11\n|\n|t:|1731238782\n|switch|p2a: Incineroar|Incineroar, L82, F|182/290\n|-ability|p2a: Incineroar|Intimidate|boost\n|-unboost|p1a: Zebstrika|atk|1\n|move|p1a: Zebstrika|Overheat|p2a: Incineroar\n|-resisted|p2a: Incineroar\n|-damage|p2a: Incineroar|139/290\n|-unboost|p1a: Zebstrika|spa|2\n|\n|upkeep\n|turn|12\n|\n|t:|1731238788\n|move|p1a: Zebstrika|Volt Switch|p2a: Incineroar\n|-damage|p2a: Incineroar|106/290\n|\n|t:|1731238799\n|switch|p1a: Morpeko|Morpeko, L88, M|245/245|[from] Volt Switch\n|move|p2a: Incineroar|Earthquake|p1a: Morpeko\n|-supereffective|p1a: Morpeko\n|-damage|p1a: Morpeko|51/245\n|\n|-formechange|p1a: Morpeko|Morpeko-Hangry||[from] ability: Hunger Switch\n|upkeep\n|turn|13\n|\n|t:|1731238813\n|move|p1a: Morpeko|Parting Shot|p2a: Incineroar\n|-unboost|p2a: Incineroar|atk|1\n|-unboost|p2a: Incineroar|spa|1\n|\n|t:|1731238819\n|switch|p1a: Hoopa|Hoopa, L85|275/275|[from] Parting Shot\n|move|p2a: Incineroar|Earthquake|p1a: Hoopa\n|-damage|p1a: Hoopa|213/275\n|\n|upkeep\n|turn|14\n|\n|t:|1731238836\n|switch|p2a: Delibird|Delibird, F|252/252\n|move|p1a: Hoopa|Shadow Ball|p2a: Delibird\n|-damage|p2a: Delibird|32/252\n|-damage|p1a: Hoopa|186/275|[from] item: Life Orb\n|\n|upkeep\n|turn|15\n|\n|t:|1731238843\n|move|p2a: Delibird|Brave Bird|p1a: Hoopa\n|-damage|p1a: Hoopa|0 fnt\n|faint|p1a: Hoopa\n|-damage|p2a: Delibird|0 fnt|[from] Recoil\n|faint|p2a: Delibird\n|\n|upkeep\n|\n|t:|1731238872\n|switch|p2a: Braviary|Braviary-Hisui, L85, M, tera:Psychic|169/326\n|switch|p1a: Morpeko|Morpeko, L88, M|51/245\n|turn|16\n|\n|t:|1731238883\n|move|p2a: Braviary|Vacuum Wave|p1a: Morpeko\n|-supereffective|p1a: Morpeko\n|-damage|p1a: Morpeko|0 fnt\n|faint|p1a: Morpeko\n|\n|upkeep\n|\n|t:|1731238887\n|switch|p1a: Comfey|Comfey, L85, M|225/225\n|turn|17\n|\n|t:|1731238892\n|switch|p2a: Brambleghast|Brambleghast, L88, M|187/240\n|move|p1a: Comfey|Calm Mind|p1a: Comfey\n|-boost|p1a: Comfey|spa|1\n|-boost|p1a: Comfey|spd|1\n|\n|-heal|p2a: Brambleghast|202/240|[from] item: Leftovers\n|upkeep\n|turn|18\n|\n|t:|1731238901\n|move|p1a: Comfey|Calm Mind|p1a: Comfey\n|-boost|p1a: Comfey|spa|1\n|-boost|p1a: Comfey|spd|1\n|move|p2a: Brambleghast|Leech Seed|p1a: Comfey\n|-start|p1a: Comfey|move: Leech Seed\n|\n|-heal|p2a: Brambleghast|217/240|[from] item: Leftovers\n|-damage|p1a: Comfey|197/225|[from] Leech Seed|[of] p2a: Brambleghast\n|-heal|p2a: Brambleghast|240/240|[silent]\n|upkeep\n|turn|19\n|\n|t:|1731238906\n|move|p1a: Comfey|Calm Mind|p1a: Comfey\n|-boost|p1a: Comfey|spa|1\n|-boost|p1a: Comfey|spd|1\n|move|p2a: Brambleghast|Substitute|p2a: Brambleghast\n|-start|p2a: Brambleghast|Substitute\n|-damage|p2a: Brambleghast|180/240\n|\n|-heal|p1a: Comfey|211/225|[from] item: Leftovers\n|-heal|p2a: Brambleghast|195/240|[from] item: Leftovers\n|-damage|p1a: Comfey|183/225|[from] Leech Seed|[of] p2a: Brambleghast\n|-heal|p2a: Brambleghast|223/240|[silent]\n|upkeep\n|turn|20\n|\n|t:|1731238913\n|move|p1a: Comfey|Draining Kiss|p2a: Brambleghast\n|-end|p2a: Brambleghast|Substitute\n|-heal|p1a: Comfey|225/225|[from] drain|[of] p2a: Brambleghast\n|move|p2a: Brambleghast|Power Whip|p1a: Comfey\n|-damage|p1a: Comfey|66/225\n|\n|-heal|p1a: Comfey|80/225|[from] item: Leftovers\n|-heal|p2a: Brambleghast|238/240|[from] item: Leftovers\n|-damage|p1a: Comfey|52/225|[from] Leech Seed|[of] p2a: Brambleghast\n|-heal|p2a: Brambleghast|240/240|[silent]\n|upkeep\n|turn|21\n|\n|t:|1731238919\n|move|p1a: Comfey|Stored Power|p2a: Brambleghast\n|-damage|p2a: Brambleghast|0 fnt\n|faint|p2a: Brambleghast\n|\n|-heal|p1a: Comfey|66/225|[from] item: Leftovers\n|upkeep\n|\n|t:|1731238944\n|switch|p2a: Incineroar|Incineroar, L82, F|106/290\n|-ability|p2a: Incineroar|Intimidate|boost\n|-unboost|p1a: Comfey|atk|1\n|turn|22\n|c|\u2606Gloriousplays|Please\n|c|\u2606Gloriousplays|can toga drain\n|c|\u2606Gloriousplays|I am so close sliver medal\n|c|\u2606tinkatonkateng|whats silver medal\n|c|\u2606Gloriousplays|You get it when hit top 30\n|c|\u2606Gloriousplays|i am one point away man\n|inactive|Battle timer is ON: inactive players will automatically lose when time's up. (requested by tinkatonkateng)\n|c|\u2606Gloriousplays|sigh :(\n|c|\u2606Gloriousplays|Pls\n|\n|t:|1731239021\n|move|p1a: Comfey|Draining Kiss|p2a: Incineroar\n|-damage|p2a: Incineroar|0 fnt\n|-heal|p1a: Comfey|146/225|[from] drain|[of] p2a: Incineroar\n|faint|p2a: Incineroar\n|\n|-heal|p1a: Comfey|160/225|[from] item: Leftovers\n|upkeep\n|\n|t:|1731239023\n|switch|p2a: Braviary|Braviary-Hisui, L85, M, tera:Psychic|169/326\n|turn|23\n|\n|t:|1731239029\n|move|p1a: Comfey|Draining Kiss|p2a: Braviary\n|-damage|p2a: Braviary|40/326\n|-heal|p1a: Comfey|225/225|[from] drain|[of] p2a: Braviary\n|move|p2a: Braviary|Vacuum Wave|p1a: Comfey\n|-resisted|p1a: Comfey\n|-damage|p1a: Comfey|207/225\n|\n|-heal|p1a: Comfey|221/225|[from] item: Leftovers\n|-damage|p1a: Comfey|193/225|[from] Leech Seed|[of] p2a: Braviary\n|-heal|p2a: Braviary|68/326|[silent]\n|upkeep\n|turn|24\n|\n|t:|1731239034\n|move|p1a: Comfey|Draining Kiss|p2a: Braviary\n|-damage|p2a: Braviary|0 fnt\n|-heal|p1a: Comfey|225/225|[from] drain|[of] p2a: Braviary\n|faint|p2a: Braviary\n|\n|upkeep\n|\n|t:|1731239038\n|switch|p2a: Blastoise|Blastoise, L80, F|258/258\n|turn|25\n|-message|Gloriousplays forfeited.\n|\n|win|tinkatonkateng\n|raw|tinkatonkateng's rating: 2204 &rarr; <strong>2230</strong><br />(+26 for winning)\n|raw|Gloriousplays's rating: 2318 &rarr; <strong>2292</strong><br />(-26 for losing)\n|l|\u2606tinkatonkateng\n|player|p1|\n", "inputlog": ">version 6cf2ed9506aaf20327444a00a9388215acbf9fb2\n>start {\"formatid\":\"gen9randombattle\",\"seed\":[30827,10054,19232,25404],\"rated\":\"Rated battle\"}\n>player p1 {\"name\":\"tinkatonkateng\",\"avatar\":\"170\",\"rating\":2204,\"seed\":[33958,33845,12022,3022]}\n>player p2 {\"name\":\"Gloriousplays\",\"avatar\":\"ash\",\"rating\":2318,\"seed\":[55182,58759,23852,62814]}\n>p1 move swordsdance\n>p2 switch 3\n>p1 move earthquake terastallize\n>p2 move knockoff\n>p2 switch 4\n>p1 move bodyslam\n>p2 move esperwing terastallize\n>p1 switch 3\n>p1 move protect\n>p2 switch 6\n>p1 move partingshot\n>p2 move flareblitz\n>p1 switch 4\n>p1 move quiverdance\n>p2 switch 6\n>p1 move revelationdance\n>p2 move esperwing\n>p1 switch 4\n>p1 move aurawheel\n>p2 switch 6\n>p1 move partingshot\n>p2 move knockoff\n>p1 switch 2\n>p1 move supercellslam\n>p2 switch 5\n>p1 move overheat\n>p2 switch 5\n>p1 move voltswitch\n>p2 move earthquake\n>p1 switch 2\n>p1 move partingshot\n>p2 move earthquake\n>p1 switch 5\n>p1 move shadowball\n>p2 switch 2\n>p1 move shadowball\n>p2 move bravebird\n>p1 switch 5\n>p2 switch 6\n>p1 move aurawheel\n>p2 move vacuumwave\n>p1 switch 6\n>p1 move calmmind\n>p2 switch 5\n>p1 move calmmind\n>p2 move leechseed\n>p1 move calmmind\n>p2 move substitute\n>p1 move drainingkiss\n>p2 move powerwhip\n>p1 move storedpower\n>p2 move powerwhip\n>p2 switch 2\n>chat \u2606Gloriousplays|Please \n>chat \u2606Gloriousplays|can toga drain \n>chat \u2606Gloriousplays| I am so close sliver medal\n>chat \u2606tinkatonkateng|whats silver medal\n>chat \u2606Gloriousplays|You get it when hit top 30\n>chat \u2606Gloriousplays|i am one point away man \n>chat \u2606Gloriousplays|sigh :(\n>chat \u2606Gloriousplays|Pls\n>p1 move drainingkiss\n>p2 move flareblitz\n>p2 switch 5\n>p1 move drainingkiss\n>p2 move vacuumwave\n>p1 move drainingkiss\n>p2 move vacuumwave\n>p2 switch 3\n>forcelose p2", "uploadtime": 1731239089, "views": 33, "formatid": "gen9randombattle", "rating": 2230, "private": 0, "password": null}