{"id": "gen9randombattle-2259770449", "format": "[Gen 9] Random Battle", "players": ["luks2024", "hlf123"], "log": "|j|\u2606luks2024\n|j|\u2606hlf123\n|t:|1733765030\n|gametype|singles\n|player|p1|luks2024|265|\n|player|p2|hlf123|101|\n|teamsize|p1|6\n|teamsize|p2|6\n|gen|9\n|tier|[Gen 9] Random Battle\n|rule|Species Clause: Limit one of each Pok\u00e9mon\n|rule|HP Percentage Mod: HP is shown in percentages\n|rule|Sleep Clause Mod: Limit one foe put to sleep\n|rule|Illusion Level Mod: Illusion disguises the Pok\u00e9mon's true level\n|\n|t:|1733765030\n|start\n|switch|p1a: Pachirisu|Pachirisu, L96, F|271/271\n|switch|p2a: Tauros|Tauros-Paldea-Combat, L82, M|257/257\n|-ability|p2a: Tauros|Intimidate|boost\n|-unboost|p1a: Pachirisu|atk|1\n|turn|1\n|\n|t:|1733765049\n|move|p1a: Pachirisu|U-turn|p2a: Tauros\n|-resisted|p2a: Tauros\n|-damage|p2a: Tauros|246/257\n|\n|t:|1733765063\n|switch|p1a: Cloyster|Cloyster, L80, F|211/211|[from] U-turn\n|move|p2a: Tauros|Stone Edge|p1a: Cloyster|[miss]\n|-miss|p2a: Tauros|p1a: Cloyster\n|\n|upkeep\n|turn|2\n|\n|t:|1733765104\n|switch|p2a: Rotom|Rotom-Mow, L86|226/226\n|move|p1a: Cloyster|Hydro Pump|p2a: Rotom\n|-resisted|p2a: Rotom\n|-damage|p2a: Rotom|183/226\n|\n|upkeep\n|turn|3\n|\n|t:|1733765119\n|move|p2a: Rotom|Thunderbolt|p1a: Cloyster\n|-supereffective|p1a: Cloyster\n|-damage|p1a: Cloyster|0 fnt\n|faint|p1a: Cloyster\n|-damage|p2a: Rotom|161/226|[from] item: Life Orb\n|\n|upkeep\n|\n|t:|1733765126\n|switch|p1a: Iron Treads|Iron Treads, L77|265/265\n|turn|4\n|\n|t:|1733765142\n|switch|p2a: Lycanroc|Lycanroc-Midnight, L89, M|296/296\n|move|p1a: Iron Treads|Iron Head|p2a: Lycanroc\n|-supereffective|p2a: Lycanroc\n|-damage|p2a: Lycanroc|138/296\n|\n|upkeep\n|turn|5\n|\n|t:|1733765154\n|move|p1a: Iron Treads|Iron Head|p2a: Lycanroc\n|-supereffective|p2a: Lycanroc\n|-damage|p2a: Lycanroc|0 fnt\n|faint|p2a: Lycanroc\n|\n|upkeep\n|\n|t:|1733765160\n|switch|p2a: Tauros|Tauros-Paldea-Combat, L82, M|246/257\n|-ability|p2a: Tauros|Intimidate|boost\n|-unboost|p1a: Iron Treads|atk|1\n|turn|6\n|\n|t:|1733765168\n|move|p2a: Tauros|Close Combat|p1a: Iron Treads\n|-supereffective|p1a: Iron Treads\n|-damage|p1a: Iron Treads|0 fnt\n|-unboost|p2a: Tauros|def|1\n|-unboost|p2a: Tauros|spd|1\n|faint|p1a: Iron Treads\n|-end|p1a: Iron Treads|Quark Drive|[silent]\n|\n|upkeep\n|\n|t:|1733765175\n|switch|p1a: Moltres|Moltres, L81|278/278\n|turn|7\n|\n|t:|1733765190\n|switch|p2a: Mudsdale|Mudsdale, L84, F|305/305\n|move|p1a: Moltres|Fire Blast|p2a: Mudsdale\n|-damage|p2a: Mudsdale|173/305\n|-ability|p2a: Mudsdale|Stamina|boost\n|-boost|p2a: Mudsdale|def|1\n|\n|-heal|p2a: Mudsdale|192/305|[from] item: Leftovers\n|upkeep\n|turn|8\n|-message|luks2024 forfeited.\n|\n|win|hlf123\n|l|\u2606luks2024\n|player|p1|\n", "inputlog": ">version bfd83cad13791eb5a5a409923076391caf6fb4d4\n>start {\"formatid\":\"gen9randombattle\",\"seed\":[47671,26863,21563,18382]}\n>player p1 {\"name\":\"luks2024\",\"avatar\":\"265\",\"rating\":0,\"seed\":[63102,49023,26923,10579]}\n>player p2 {\"name\":\"hlf123\",\"avatar\":\"101\",\"rating\":0,\"seed\":[10162,13404,6559,23983]}\n>p1 move uturn\n>p2 move stoneedge\n>p1 switch 4\n>p1 move hydropump\n>p2 switch 6\n>p1 move rockblast\n>p2 move thunderbolt\n>p1 switch 3\n>p1 move ironhead\n>p2 switch 5\n>p1 move ironhead\n>p2 move closecombat\n>p2 switch 6\n>p1 move ironhead\n>p2 move closecombat\n>p1 switch 6\n>p1 move fireblast\n>p2 switch 2\n>forcelose p1", "uploadtime": 1733765205, "views": 1, "formatid": "gen9randombattle", "rating": null, "private": 0, "password": null}