{"id": "gen9randombattle-2259974975", "format": "[Gen 9] Random Battle", "players": ["GraNooooLa", "Muk Muk Goodra"], "log": "|j|\u2606GraNooooLa\n|j|\u2606Muk Muk Goodra\n|t:|1733786338\n|gametype|singles\n|player|p1|GraNooooLa|102|1863\n|player|p2|Muk Muk Goodra|170|1898\n|teamsize|p1|6\n|teamsize|p2|6\n|gen|9\n|tier|[Gen 9] Random Battle\n|rated|\n|rule|Species Clause: Limit one of each Pok\u00e9mon\n|rule|HP Percentage Mod: HP is shown in percentages\n|rule|Sleep Clause Mod: Limit one foe put to sleep\n|rule|Illusion Level Mod: Illusion disguises the Pok\u00e9mon's true level\n|\n|t:|1733786338\n|start\n|switch|p1a: Quaquaval|Quaquaval, L79, F|264/264\n|switch|p2a: Terapagos|Terapagos, L76, M|262/262\n|-activate|p2a: Terapagos|ability: Tera Shift\n|detailschange|p2a: Terapagos|Terapagos-Terastal, L76, M\n|-heal|p2a: Terapagos|269/269|[silent]\n|turn|1\n|inactive|Battle timer is ON: inactive players will automatically lose when time's up. (requested by Muk Muk Goodra)\n|\n|t:|1733786354\n|switch|p2a: Vileplume|Vileplume, L85, M|266/266\n|move|p1a: Quaquaval|Close Combat|p2a: Vileplume\n|-resisted|p2a: Vileplume\n|-damage|p2a: Vileplume|197/266\n|-unboost|p1a: Quaquaval|def|1\n|-unboost|p1a: Quaquaval|spd|1\n|\n|-heal|p2a: Vileplume|213/266|[from] item: Leftovers\n|upkeep\n|turn|2\n|\n|t:|1733786361\n|switch|p1a: Regice|Regice, L88|284/284\n|move|p2a: Vileplume|Sludge Bomb|p1a: Regice\n|-crit|p1a: Regice\n|-damage|p1a: Regice|197/284\n|-status|p1a: Regice|psn\n|\n|-heal|p2a: Vileplume|229/266|[from] item: Leftovers\n|-damage|p1a: Regice|162/284 psn|[from] psn\n|upkeep\n|turn|3\n|\n|t:|1733786369\n|switch|p2a: Glaceon|Glaceon, L94, M|275/275\n|move|p1a: Regice|Ice Beam|p2a: Glaceon\n|-resisted|p2a: Glaceon\n|-damage|p2a: Glaceon|227/275\n|\n|-damage|p1a: Regice|127/284 psn|[from] psn\n|upkeep\n|turn|4\n|\n|t:|1733786374\n|move|p2a: Glaceon|Wish|p2a: Glaceon\n|move|p1a: Regice|Rest|p1a: Regice\n|-status|p1a: Regice|slp|[from] move: Rest\n|-heal|p1a: Regice|284/284 slp|[silent]\n|\n|upkeep\n|turn|5\n|\n|t:|1733786384\n|switch|p1a: Spidops|Spidops, L96, M|271/271\n|move|p2a: Glaceon|Calm Mind|p2a: Glaceon\n|-boost|p2a: Glaceon|spa|1\n|-boost|p2a: Glaceon|spd|1\n|\n|-heal|p2a: Glaceon|275/275|[from] move: Wish|[wisher] Glaceon\n|upkeep\n|turn|6\n|\n|t:|1733786393\n|move|p2a: Glaceon|Freeze-Dry|p1a: Spidops\n|-damage|p1a: Spidops|108/271\n|move|p1a: Spidops|Circle Throw|p2a: Glaceon|[miss]\n|-miss|p1a: Spidops|p2a: Glaceon\n|\n|upkeep\n|turn|7\n|\n|t:|1733786399\n|switch|p1a: Quaquaval|Quaquaval, L79, F|264/264\n|move|p2a: Glaceon|Freeze-Dry|p1a: Quaquaval\n|-supereffective|p1a: Quaquaval\n|-damage|p1a: Quaquaval|0 fnt\n|faint|p1a: Quaquaval\n|\n|upkeep\n|\n|t:|1733786402\n|switch|p1a: Regice|Regice, L88|284/284 slp\n|turn|8\n|\n|t:|1733786407\n|move|p2a: Glaceon|Calm Mind|p2a: Glaceon\n|-boost|p2a: Glaceon|spa|1\n|-boost|p2a: Glaceon|spd|1\n|cant|p1a: Regice|slp\n|move|p1a: Regice|Sleep Talk|p1a: Regice\n|move|p1a: Regice|Rest||[from]move: Sleep Talk|[still]\n|-fail|p1a: Regice\n|\n|upkeep\n|turn|9\n|\n|t:|1733786432\n|switch|p2a: Golurk|Golurk, L87|297/297\n|cant|p1a: Regice|slp\n|move|p1a: Regice|Sleep Talk|p1a: Regice\n|move|p1a: Regice|Rest||[from]move: Sleep Talk|[still]\n|-fail|p1a: Regice\n|\n|upkeep\n|turn|10\n|\n|t:|1733786439\n|move|p2a: Golurk|Dynamic Punch|p1a: Regice\n|-supereffective|p1a: Regice\n|-damage|p1a: Regice|79/284 slp\n|-start|p1a: Regice|confusion\n|-damage|p2a: Golurk|268/297|[from] item: Life Orb\n|-curestatus|p1a: Regice|slp|[msg]\n|-activate|p1a: Regice|confusion\n|-damage|p1a: Regice|66/284|[from] confusion\n|\n|upkeep\n|turn|11\n|\n|t:|1733786445\n|switch|p1a: Spidops|Spidops, L96, M|108/271\n|move|p2a: Golurk|Earthquake|p1a: Spidops\n|-resisted|p1a: Spidops\n|-damage|p1a: Spidops|29/271\n|-damage|p2a: Golurk|239/297|[from] item: Life Orb\n|\n|upkeep\n|turn|12\n|\n|t:|1733786453\n|move|p2a: Golurk|Dynamic Punch|p1a: Spidops\n|-resisted|p1a: Spidops\n|-damage|p1a: Spidops|0 fnt\n|faint|p1a: Spidops\n|-damage|p2a: Golurk|210/297|[from] item: Life Orb\n|\n|upkeep\n|\n|t:|1733786457\n|switch|p1a: Feraligatr|Feraligatr, L79, M|264/264\n|turn|13\n|\n|t:|1733786465\n|switch|p2a: Glaceon|Glaceon, L94, M|275/275\n|move|p1a: Feraligatr|Ice Punch|p2a: Glaceon\n|-resisted|p2a: Glaceon\n|-damage|p2a: Glaceon|243/275\n|\n|upkeep\n|turn|14\n|\n|t:|1733786469\n|move|p2a: Glaceon|Freeze-Dry|p1a: Feraligatr\n|-supereffective|p1a: Feraligatr\n|-damage|p1a: Feraligatr|10/264\n|move|p1a: Feraligatr|Crunch|p2a: Glaceon\n|-damage|p2a: Glaceon|175/275\n|\n|upkeep\n|turn|15\n|\n|t:|1733786477\n|move|p2a: Glaceon|Wish|p2a: Glaceon\n|move|p1a: Feraligatr|Liquidation|p2a: Glaceon\n|-damage|p2a: Glaceon|61/275\n|\n|upkeep\n|turn|16\n|\n|t:|1733786483\n|move|p2a: Glaceon|Freeze-Dry|p1a: Feraligatr\n|-supereffective|p1a: Feraligatr\n|-damage|p1a: Feraligatr|0 fnt\n|faint|p1a: Feraligatr\n|\n|-heal|p2a: Glaceon|198/275|[from] move: Wish|[wisher] Glaceon\n|upkeep\n|\n|t:|1733786485\n|switch|p1a: Pikachu|Pikachu-Sinnoh, L93, M|216/216\n|turn|17\n|\n|t:|1733786488\n|move|p2a: Glaceon|Protect|p2a: Glaceon\n|-singleturn|p2a: Glaceon|Protect\n|move|p1a: Pikachu|Fake Out|p2a: Glaceon\n|-activate|p2a: Glaceon|move: Protect\n|\n|upkeep\n|turn|18\n|\n|t:|1733786498\n|move|p1a: Pikachu|Volt Tackle|p2a: Glaceon\n|-damage|p2a: Glaceon|47/275\n|-damage|p1a: Pikachu|166/216|[from] Recoil\n|move|p2a: Glaceon|Freeze-Dry|p1a: Pikachu\n|-damage|p1a: Pikachu|7/216\n|-status|p1a: Pikachu|frz\n|\n|upkeep\n|turn|19\n|\n|t:|1733786507\n|switch|p1a: Regice|Regice, L88|66/284\n|move|p2a: Glaceon|Wish|p2a: Glaceon\n|\n|upkeep\n|turn|20\n|\n|t:|1733786511\n|move|p2a: Glaceon|Protect|p2a: Glaceon\n|-singleturn|p2a: Glaceon|Protect\n|move|p1a: Regice|Rest|p1a: Regice\n|-status|p1a: Regice|slp|[from] move: Rest\n|-heal|p1a: Regice|284/284 slp|[silent]\n|\n|-heal|p2a: Glaceon|184/275|[from] move: Wish|[wisher] Glaceon\n|upkeep\n|turn|21\n|\n|t:|1733786514\n|switch|p2a: Golurk|Golurk, L87|210/297\n|cant|p1a: Regice|slp\n|move|p1a: Regice|Sleep Talk|p1a: Regice\n|move|p1a: Regice|Ice Beam|p2a: Golurk|[from]move: Sleep Talk\n|-supereffective|p2a: Golurk\n|-crit|p2a: Golurk\n|-damage|p2a: Golurk|0 fnt\n|faint|p2a: Golurk\n|\n|upkeep\n|c|\u2606Muk Muk Goodra|oh\n|inactive|Muk Muk Goodra has 120 seconds left.\n|\n|t:|1733786549\n|switch|p2a: Glaceon|Glaceon, L94, M|184/275\n|turn|22\n|\n|t:|1733786553\n|move|p2a: Glaceon|Calm Mind|p2a: Glaceon\n|-boost|p2a: Glaceon|spa|1\n|-boost|p2a: Glaceon|spd|1\n|cant|p1a: Regice|slp\n|move|p1a: Regice|Sleep Talk|p1a: Regice\n|move|p1a: Regice|Rest||[from]move: Sleep Talk|[still]\n|-fail|p1a: Regice\n|\n|upkeep\n|turn|23\n|\n|t:|1733786558\n|-terastallize|p1a: Regice|Electric\n|move|p2a: Glaceon|Calm Mind|p2a: Glaceon\n|-boost|p2a: Glaceon|spa|1\n|-boost|p2a: Glaceon|spd|1\n|-curestatus|p1a: Regice|slp|[msg]\n|move|p1a: Regice|Thunderbolt|p2a: Glaceon\n|-damage|p2a: Glaceon|139/275\n|\n|upkeep\n|turn|24\n|\n|t:|1733786567\n|move|p2a: Glaceon|Calm Mind|p2a: Glaceon\n|-boost|p2a: Glaceon|spa|1\n|-boost|p2a: Glaceon|spd|1\n|move|p1a: Regice|Thunderbolt|p2a: Glaceon\n|-damage|p2a: Glaceon|105/275\n|\n|upkeep\n|turn|25\n|\n|t:|1733786569\n|move|p2a: Glaceon|Wish|p2a: Glaceon\n|move|p1a: Regice|Thunderbolt|p2a: Glaceon\n|-damage|p2a: Glaceon|69/275\n|-status|p2a: Glaceon|par\n|\n|upkeep\n|turn|26\n|\n|t:|1733786576\n|move|p1a: Regice|Thunderbolt|p2a: Glaceon\n|-damage|p2a: Glaceon|32/275 par\n|move|p2a: Glaceon|Calm Mind|p2a: Glaceon\n|-boost|p2a: Glaceon|spa|1\n|-boost|p2a: Glaceon|spd|1\n|\n|-heal|p2a: Glaceon|169/275 par|[from] move: Wish|[wisher] Glaceon\n|upkeep\n|turn|27\n|\n|t:|1733786581\n|move|p1a: Regice|Thunderbolt|p2a: Glaceon\n|-damage|p2a: Glaceon|141/275 par\n|cant|p2a: Glaceon|par\n|\n|upkeep\n|turn|28\n|\n|t:|1733786584\n|move|p1a: Regice|Thunderbolt|p2a: Glaceon\n|-crit|p2a: Glaceon\n|-damage|p2a: Glaceon|11/275 par\n|cant|p2a: Glaceon|par\n|\n|upkeep\n|turn|29\n|c|\u2606Muk Muk Goodra|geez\n|\n|t:|1733786605\n|move|p1a: Regice|Thunderbolt|p2a: Glaceon\n|-damage|p2a: Glaceon|0 fnt\n|faint|p2a: Glaceon\n|\n|upkeep\n|\n|t:|1733786608\n|switch|p2a: Terapagos|Terapagos-Terastal, L76, M|269/269\n|turn|30\n|\n|t:|1733786612\n|move|p2a: Terapagos|Calm Mind|p2a: Terapagos\n|-boost|p2a: Terapagos|spa|1\n|-boost|p2a: Terapagos|spd|1\n|move|p1a: Regice|Thunderbolt|p2a: Terapagos\n|-activate|p2a: Terapagos|ability: Tera Shell\n|-resisted|p2a: Terapagos\n|-damage|p2a: Terapagos|238/269\n|\n|upkeep\n|turn|31\n|\n|t:|1733786620\n|move|p2a: Terapagos|Earth Power|p1a: Regice\n|-supereffective|p1a: Regice\n|-damage|p1a: Regice|196/284\n|move|p1a: Regice|Thunderbolt|p2a: Terapagos\n|-damage|p2a: Terapagos|166/269\n|\n|upkeep\n|turn|32\n|\n|t:|1733786623\n|move|p2a: Terapagos|Earth Power|p1a: Regice\n|-supereffective|p1a: Regice\n|-damage|p1a: Regice|112/284\n|move|p1a: Regice|Thunderbolt|p2a: Terapagos\n|-damage|p2a: Terapagos|96/269\n|\n|upkeep\n|turn|33\n|\n|t:|1733786628\n|move|p2a: Terapagos|Earth Power|p1a: Regice\n|-supereffective|p1a: Regice\n|-damage|p1a: Regice|28/284\n|move|p1a: Regice|Rest|p1a: Regice\n|-status|p1a: Regice|slp|[from] move: Rest\n|-heal|p1a: Regice|284/284 slp|[silent]\n|\n|upkeep\n|turn|34\n|\n|t:|1733786632\n|move|p2a: Terapagos|Calm Mind|p2a: Terapagos\n|-boost|p2a: Terapagos|spa|1\n|-boost|p2a: Terapagos|spd|1\n|cant|p1a: Regice|slp\n|move|p1a: Regice|Sleep Talk|p1a: Regice\n|move|p1a: Regice|Rest||[from]move: Sleep Talk|[still]\n|-fail|p1a: Regice\n|\n|upkeep\n|turn|35\n|\n|t:|1733786636\n|move|p2a: Terapagos|Earth Power|p1a: Regice\n|-supereffective|p1a: Regice\n|-damage|p1a: Regice|174/284 slp\n|cant|p1a: Regice|slp\n|move|p1a: Regice|Sleep Talk|p1a: Regice\n|move|p1a: Regice|Rest||[from]move: Sleep Talk|[still]\n|-fail|p1a: Regice\n|\n|upkeep\n|turn|36\n|\n|t:|1733786641\n|move|p2a: Terapagos|Earth Power|p1a: Regice\n|-supereffective|p1a: Regice\n|-damage|p1a: Regice|64/284 slp\n|-curestatus|p1a: Regice|slp|[msg]\n|move|p1a: Regice|Rest|p1a: Regice\n|-status|p1a: Regice|slp|[from] move: Rest\n|-heal|p1a: Regice|284/284 slp|[silent]\n|\n|upkeep\n|turn|37\n|\n|t:|1733786644\n|move|p2a: Terapagos|Earth Power|p1a: Regice\n|-supereffective|p1a: Regice\n|-damage|p1a: Regice|164/284 slp\n|cant|p1a: Regice|slp\n|move|p1a: Regice|Sleep Talk|p1a: Regice\n|move|p1a: Regice|Rest||[from]move: Sleep Talk|[still]\n|-fail|p1a: Regice\n|\n|upkeep\n|turn|38\n|\n|t:|1733786648\n|move|p2a: Terapagos|Earth Power|p1a: Regice\n|-supereffective|p1a: Regice\n|-damage|p1a: Regice|50/284 slp\n|cant|p1a: Regice|slp\n|move|p1a: Regice|Sleep Talk|p1a: Regice\n|move|p1a: Regice|Ice Beam|p2a: Terapagos|[from]move: Sleep Talk\n|-damage|p2a: Terapagos|50/269\n|\n|upkeep\n|turn|39\n|\n|t:|1733786651\n|move|p2a: Terapagos|Earth Power|p1a: Regice\n|-supereffective|p1a: Regice\n|-damage|p1a: Regice|0 fnt\n|faint|p1a: Regice\n|\n|upkeep\n|\n|t:|1733786653\n|switch|p1a: Serperior|Serperior, L79, F|248/248\n|turn|40\n|\n|t:|1733786665\n|move|p1a: Serperior|Leaf Storm|p2a: Terapagos\n|-damage|p2a: Terapagos|0 fnt\n|-boost|p1a: Serperior|spa|2\n|faint|p2a: Terapagos\n|\n|upkeep\n|\n|t:|1733786667\n|switch|p2a: Yanmega|Yanmega, L82, F|275/275\n|turn|41\n|\n|t:|1733786672\n|move|p1a: Serperior|Dragon Pulse|p2a: Yanmega\n|-damage|p2a: Yanmega|144/275\n|move|p2a: Yanmega|Bug Buzz|p1a: Serperior\n|-supereffective|p1a: Serperior\n|-damage|p1a: Serperior|0 fnt\n|faint|p1a: Serperior\n|\n|upkeep\n|\n|t:|1733786674\n|switch|p1a: Pikachu|Pikachu-Sinnoh, L93, M|7/216 frz\n|turn|42\n|\n|t:|1733786676\n|-curestatus|p1a: Pikachu|frz|[msg]\n|move|p1a: Pikachu|Fake Out|p2a: Yanmega\n|-damage|p2a: Yanmega|95/275\n|cant|p2a: Yanmega|flinch\n|\n|upkeep\n|turn|43\n|\n|t:|1733786682\n|move|p1a: Pikachu|Surf|p2a: Yanmega\n|-damage|p2a: Yanmega|0 fnt\n|faint|p2a: Yanmega\n|\n|upkeep\n|\n|t:|1733786685\n|switch|p2a: Lanturn|Lanturn, L89, M|367/367\n|turn|44\n|\n|t:|1733786687\n|move|p1a: Pikachu|Knock Off|p2a: Lanturn\n|-damage|p2a: Lanturn|229/367\n|-enditem|p2a: Lanturn|Heavy-Duty Boots|[from] move: Knock Off|[of] p1a: Pikachu\n|move|p2a: Lanturn|Scald|p1a: Pikachu\n|-damage|p1a: Pikachu|0 fnt\n|faint|p1a: Pikachu\n|\n|win|Muk Muk Goodra\n|raw|GraNooooLa's rating: 1863 &rarr; <strong>1845</strong><br />(-18 for losing)\n|raw|Muk Muk Goodra's rating: 1898 &rarr; <strong>1916</strong><br />(+18 for winning)\n|l|\u2606GraNooooLa\n|player|p1|\n", "inputlog": ">version bfd83cad13791eb5a5a409923076391caf6fb4d4\n>start {\"formatid\":\"gen9randombattle\",\"seed\":[57197,17976,48829,59184],\"rated\":\"Rated battle\"}\n>player p1 {\"name\":\"GraNooooLa\",\"avatar\":\"102\",\"rating\":1863,\"seed\":[39896,18231,34641,7664]}\n>player p2 {\"name\":\"Muk Muk Goodra\",\"avatar\":\"170\",\"rating\":1898,\"seed\":[15228,63228,11512,20719]}\n>p1 move closecombat\n>p2 switch 2\n>p1 switch 2\n>p2 move sludgebomb\n>p1 move icebeam\n>p2 switch 6\n>p1 move rest\n>p2 move wish\n>p1 switch 3\n>p2 move calmmind\n>p1 move circlethrow\n>p2 move freezedry\n>p1 switch 2\n>p2 move freezedry\n>p1 switch 3\n>p1 move sleeptalk\n>p2 move calmmind\n>p1 move sleeptalk\n>p2 switch 5\n>p1 move icebeam\n>p2 move dynamicpunch\n>p1 switch 2\n>p2 move earthquake\n>p1 move stickyweb\n>p2 move dynamicpunch\n>p1 switch 4\n>p1 move icepunch\n>p2 switch 5\n>p1 move crunch\n>p2 move freezedry\n>p1 move liquidation\n>p2 move wish\n>p1 move liquidation\n>p2 move freezedry\n>p1 switch 6\n>p1 move fakeout\n>p2 move protect\n>p1 move volttackle\n>p2 move freezedry\n>p1 switch 2\n>p2 move wish\n>p1 move rest\n>p2 move protect\n>p1 move sleeptalk\n>p2 switch 5\n>chat \u2606Muk Muk Goodra|oh\n>p2 switch 5\n>p1 move sleeptalk\n>p2 move calmmind\n>p1 move thunderbolt terastallize\n>p2 move calmmind\n>p1 move thunderbolt\n>p2 move calmmind\n>p1 move thunderbolt\n>p2 move wish\n>p1 move thunderbolt\n>p2 move calmmind\n>p1 move thunderbolt\n>p2 move wish\n>p1 move thunderbolt\n>p2 move wish\n>chat \u2606Muk Muk Goodra|geez\n>p1 move thunderbolt\n>p2 move freezedry\n>p2 switch 2\n>p1 move thunderbolt\n>p2 move calmmind\n>p1 move thunderbolt\n>p2 move earthpower\n>p1 move thunderbolt\n>p2 move earthpower\n>p1 move rest\n>p2 move earthpower\n>p1 move sleeptalk\n>p2 move calmmind\n>p1 move sleeptalk\n>p2 move earthpower\n>p1 move rest\n>p2 move earthpower\n>p1 move sleeptalk\n>p2 move earthpower\n>p1 move sleeptalk\n>p2 move earthpower\n>p1 move sleeptalk\n>p2 move earthpower\n>p1 switch 5\n>p1 move leafstorm\n>p2 move terastarstorm\n>p2 switch 4\n>p1 move dragonpulse\n>p2 move bugbuzz\n>p1 switch 2\n>p1 move fakeout\n>p2 move bugbuzz\n>p1 move surf\n>p2 move bugbuzz\n>p2 switch 3\n>p1 move knockoff\n>p2 move scald", "uploadtime": 1733786689, "views": 3, "formatid": "gen9randombattle", "rating": 1845, "private": 0, "password": null}