{"id": "gen9randombattle-2260741014", "format": "[Gen 9] Random Battle", "players": ["TheBlitzKing", "ARTT477"], "log": "|j|\u2606TheBlitzKing\n|j|\u2606ARTT477\n|t:|1733885435\n|gametype|singles\n|player|p1|TheBlitzKing|bruno|1183\n|player|p2|ARTT477|giovanni|1153\n|teamsize|p1|6\n|teamsize|p2|6\n|gen|9\n|tier|[Gen 9] Random Battle\n|rated|\n|rule|Species Clause: Limit one of each Pok\u00e9mon\n|rule|HP Percentage Mod: HP is shown in percentages\n|rule|Sleep Clause Mod: Limit one foe put to sleep\n|rule|Illusion Level Mod: Illusion disguises the Pok\u00e9mon's true level\n|\n|t:|1733885435\n|start\n|switch|p1a: Reshiram|Reshiram, L76|277/277\n|switch|p2a: Arbok|Arbok, L87, F|246/246\n|-ability|p2a: Arbok|Intimidate|boost\n|-unboost|p1a: Reshiram|atk|1\n|-ability|p1a: Reshiram|Turboblaze\n|turn|1\n|\n|t:|1733885449\n|switch|p1a: Iron Crown|Iron Crown, L78|268/268\n|move|p2a: Arbok|Toxic Spikes|p1a: Iron Crown\n|-sidestart|p1: TheBlitzKing|move: Toxic Spikes\n|\n|upkeep\n|turn|2\n|inactive|Battle timer is ON: inactive players will automatically lose when time's up. (requested by ARTT477)\n|\n|t:|1733885468\n|switch|p2a: Electivire|Electivire, L84, F|263/263\n|move|p1a: Iron Crown|Calm Mind|p1a: Iron Crown\n|-boost|p1a: Iron Crown|spa|1\n|-boost|p1a: Iron Crown|spd|1\n|\n|upkeep\n|turn|3\n|\n|t:|1733885487\n|move|p2a: Electivire|Earthquake|p1a: Iron Crown\n|-supereffective|p1a: Iron Crown\n|-damage|p1a: Iron Crown|37/268\n|-damage|p2a: Electivire|237/263|[from] item: Life Orb\n|move|p1a: Iron Crown|Focus Blast|p2a: Electivire\n|-damage|p2a: Electivire|92/263\n|\n|-heal|p1a: Iron Crown|53/268|[from] item: Leftovers\n|upkeep\n|turn|4\n|\n|t:|1733885500\n|-end|p1a: Iron Crown|Quark Drive|[silent]\n|switch|p1a: Mesprit|Mesprit, L85|275/275\n|move|p2a: Electivire|Earthquake|p1a: Mesprit\n|-immune|p1a: Mesprit|[from] ability: Levitate\n|\n|upkeep\n|turn|5\n|\n|t:|1733885511\n|switch|p2a: Crawdaunt|Crawdaunt, L84, M|243/243\n|move|p1a: Mesprit|U-turn|p2a: Crawdaunt\n|-supereffective|p2a: Crawdaunt\n|-damage|p2a: Crawdaunt|131/243\n|\n|t:|1733885526\n|switch|p1a: Poliwrath|Poliwrath, L88, F|302/302|[from] U-turn\n|-status|p1a: Poliwrath|psn\n|\n|-damage|p1a: Poliwrath|265/302 psn|[from] psn\n|upkeep\n|turn|6\n|\n|t:|1733885540\n|switch|p2a: Electivire|Electivire, L84, F|92/263\n|move|p1a: Poliwrath|Circle Throw|p2a: Electivire\n|-damage|p2a: Electivire|4/263\n|drag|p2a: Crawdaunt|Crawdaunt, L84, M|131/243\n|\n|-damage|p1a: Poliwrath|228/302 psn|[from] psn\n|upkeep\n|turn|7\n|\n|t:|1733885551\n|switch|p2a: Electivire|Electivire, L84, F|4/263\n|move|p1a: Poliwrath|Close Combat|p2a: Electivire\n|-damage|p2a: Electivire|0 fnt\n|-unboost|p1a: Poliwrath|def|1\n|-unboost|p1a: Poliwrath|spd|1\n|faint|p2a: Electivire\n|\n|-damage|p1a: Poliwrath|191/302 psn|[from] psn\n|upkeep\n|\n|t:|1733885564\n|switch|p2a: Arbok|Arbok, L87, F|246/246\n|-ability|p2a: Arbok|Intimidate|boost\n|-unboost|p1a: Poliwrath|atk|1\n|turn|8\n|\n|t:|1733885573\n|move|p2a: Arbok|Toxic Spikes|p1a: Poliwrath\n|-sidestart|p1: TheBlitzKing|move: Toxic Spikes\n|move|p1a: Poliwrath|Knock Off|p2a: Arbok\n|-damage|p2a: Arbok|184/246\n|-enditem|p2a: Arbok|Focus Sash|[from] move: Knock Off|[of] p1a: Poliwrath\n|\n|-damage|p1a: Poliwrath|154/302 psn|[from] psn\n|upkeep\n|turn|9\n|\n|t:|1733885583\n|move|p2a: Arbok|Glare||[still]\n|-fail|p2a: Arbok\n|move|p1a: Poliwrath|Liquidation|p2a: Arbok\n|-damage|p2a: Arbok|108/246\n|\n|-damage|p1a: Poliwrath|117/302 psn|[from] psn\n|upkeep\n|turn|10\n|\n|t:|1733885595\n|move|p2a: Arbok|Earthquake|p1a: Poliwrath\n|-damage|p1a: Poliwrath|23/302 psn\n|move|p1a: Poliwrath|Circle Throw|p2a: Arbok\n|-resisted|p2a: Arbok\n|-damage|p2a: Arbok|81/246\n|drag|p2a: Victreebel|Victreebel, L90, F|290/290\n|\n|-damage|p1a: Poliwrath|0 fnt|[from] psn\n|faint|p1a: Poliwrath\n|upkeep\n|\n|t:|1733885599\n|switch|p1a: Mesprit|Mesprit, L85|275/275\n|turn|11\n|\n|t:|1733885611\n|move|p2a: Victreebel|Sucker Punch||[still]\n|-fail|p2a: Victreebel\n|move|p1a: Mesprit|Thunder Wave|p2a: Victreebel\n|-status|p2a: Victreebel|par\n|\n|upkeep\n|turn|12\n|\n|t:|1733885624\n|switch|p1a: Iron Crown|Iron Crown, L78|53/268\n|move|p2a: Victreebel|Power Whip|p1a: Iron Crown\n|-resisted|p1a: Iron Crown\n|-damage|p1a: Iron Crown|0 fnt\n|faint|p1a: Iron Crown\n|-end|p1a: Iron Crown|Quark Drive|[silent]\n|-damage|p2a: Victreebel|261/290 par|[from] item: Life Orb\n|\n|upkeep\n|\n|t:|1733885629\n|switch|p1a: Maushold|Maushold, L76|238/238\n|-status|p1a: Maushold|tox\n|turn|13\n|\n|t:|1733885640\n|switch|p2a: Arbok|Arbok, L87, F|81/246\n|-ability|p2a: Arbok|Intimidate|boost\n|-unboost|p1a: Maushold|atk|1\n|move|p1a: Maushold|Encore||[still]\n|-fail|p1a: Maushold\n|\n|-damage|p1a: Maushold|224/238 tox|[from] psn\n|upkeep\n|turn|14\n|\n|t:|1733885650\n|move|p1a: Maushold|Tidy Up|p1a: Maushold\n|-sideend|p1: TheBlitzKing|Toxic Spikes\n|-activate|p1a: Maushold|move: Tidy Up\n|-boost|p1a: Maushold|atk|1\n|-boost|p1a: Maushold|spe|1\n|move|p2a: Arbok|Gunk Shot|p1a: Maushold\n|-damage|p1a: Maushold|56/238 tox\n|\n|-damage|p1a: Maushold|28/238 tox|[from] psn\n|upkeep\n|turn|15\n|\n|t:|1733885664\n|switch|p2a: Drifblim|Drifblim, L86, F|398/398\n|move|p1a: Maushold|Population Bomb|p2a: Drifblim\n|-immune|p2a: Drifblim\n|\n|-damage|p1a: Maushold|0 fnt|[from] psn\n|faint|p1a: Maushold\n|upkeep\n|\n|t:|1733885676\n|switch|p1a: Mesprit|Mesprit, L85|275/275\n|turn|16\n|\n|t:|1733885681\n|move|p2a: Drifblim|Shadow Ball|p1a: Mesprit\n|-supereffective|p1a: Mesprit\n|-damage|p1a: Mesprit|129/275\n|-unboost|p1a: Mesprit|spd|1\n|move|p1a: Mesprit|Thunder Wave|p2a: Drifblim\n|-status|p2a: Drifblim|par\n|\n|-heal|p1a: Mesprit|146/275|[from] item: Leftovers\n|upkeep\n|turn|17\n|\n|t:|1733885694\n|move|p1a: Mesprit|U-turn|p2a: Drifblim\n|-resisted|p2a: Drifblim\n|-damage|p2a: Drifblim|377/398 par\n|\n|t:|1733885701\n|switch|p1a: Reshiram|Reshiram, L76|277/277|[from] U-turn\n|-ability|p1a: Reshiram|Turboblaze\n|move|p2a: Drifblim|Shadow Ball|p1a: Reshiram\n|-damage|p1a: Reshiram|208/277\n|\n|upkeep\n|turn|18\n|\n|t:|1733885711\n|move|p1a: Reshiram|Dragon Dance|p1a: Reshiram\n|-boost|p1a: Reshiram|atk|1\n|-boost|p1a: Reshiram|spe|1\n|move|p2a: Drifblim|Strength Sap|p1a: Reshiram\n|-unboost|p1a: Reshiram|atk|1\n|-heal|p2a: Drifblim|398/398 par\n|\n|upkeep\n|turn|19\n|\n|t:|1733885719\n|move|p1a: Reshiram|Stone Edge|p2a: Drifblim\n|-supereffective|p2a: Drifblim\n|-damage|p2a: Drifblim|188/398 par\n|move|p2a: Drifblim|Strength Sap|p1a: Reshiram\n|-unboost|p1a: Reshiram|atk|1\n|-heal|p2a: Drifblim|398/398 par\n|\n|upkeep\n|turn|20\n|\n|t:|1733885729\n|switch|p1a: Mesprit|Mesprit, L85|146/275\n|switch|p2a: Arbok|Arbok, L87, F|81/246\n|-ability|p2a: Arbok|Intimidate|boost\n|-unboost|p1a: Mesprit|atk|1\n|\n|-heal|p1a: Mesprit|163/275|[from] item: Leftovers\n|upkeep\n|turn|21\n|\n|t:|1733885740\n|switch|p2a: Crawdaunt|Crawdaunt, L84, M|131/243\n|move|p1a: Mesprit|Psychic Noise|p2a: Crawdaunt\n|-immune|p2a: Crawdaunt\n|\n|-heal|p1a: Mesprit|180/275|[from] item: Leftovers\n|upkeep\n|turn|22\n|\n|t:|1733885750\n|move|p1a: Mesprit|Drain Punch|p2a: Crawdaunt\n|-supereffective|p2a: Crawdaunt\n|-damage|p2a: Crawdaunt|51/243\n|-heal|p1a: Mesprit|220/275|[from] drain|[of] p2a: Crawdaunt\n|move|p2a: Crawdaunt|Knock Off|p1a: Mesprit\n|-supereffective|p1a: Mesprit\n|-damage|p1a: Mesprit|0 fnt\n|-enditem|p1a: Mesprit|Leftovers|[from] move: Knock Off|[of] p2a: Crawdaunt\n|faint|p1a: Mesprit\n|-damage|p2a: Crawdaunt|27/243|[from] item: Life Orb\n|\n|upkeep\n|\n|t:|1733885754\n|switch|p1a: Reshiram|Reshiram, L76|208/277\n|-ability|p1a: Reshiram|Turboblaze\n|turn|23\n|\n|t:|1733885768\n|move|p1a: Reshiram|Dragon Dance|p1a: Reshiram\n|-boost|p1a: Reshiram|atk|1\n|-boost|p1a: Reshiram|spe|1\n|move|p2a: Crawdaunt|Knock Off|p1a: Reshiram\n|-damage|p1a: Reshiram|0 fnt\n|-enditem|p1a: Reshiram|Heavy-Duty Boots|[from] move: Knock Off|[of] p2a: Crawdaunt\n|faint|p1a: Reshiram\n|-damage|p2a: Crawdaunt|3/243|[from] item: Life Orb\n|\n|upkeep\n|\n|t:|1733885770\n|switch|p1a: Groudon|Groudon, L72|263/263\n|-weather|SunnyDay|[from] ability: Drought|[of] p1a: Groudon\n|turn|24\n|\n|t:|1733885787\n|move|p2a: Crawdaunt|Aqua Jet|p1a: Groudon\n|-supereffective|p1a: Groudon\n|-damage|p1a: Groudon|195/263\n|-damage|p2a: Crawdaunt|0 fnt|[from] item: Life Orb\n|faint|p2a: Crawdaunt\n|move|p1a: Groudon|Heat Crash|p2: Crawdaunt|[notarget]\n|-fail|p1a: Groudon\n|\n|-weather|SunnyDay|[upkeep]\n|-heal|p1a: Groudon|211/263|[from] item: Leftovers\n|upkeep\n|\n|t:|1733885801\n|switch|p2a: Arbok|Arbok, L87, F|81/246\n|-ability|p2a: Arbok|Intimidate|boost\n|-unboost|p1a: Groudon|atk|1\n|turn|25\n|\n|t:|1733885808\n|switch|p2a: Victreebel|Victreebel, L90, F|261/290 par\n|move|p1a: Groudon|Precipice Blades|p2a: Victreebel\n|-damage|p2a: Victreebel|153/290 par\n|\n|-weather|SunnyDay|[upkeep]\n|-heal|p1a: Groudon|227/263|[from] item: Leftovers\n|upkeep\n|turn|26\n|\n|t:|1733885817\n|move|p2a: Victreebel|Power Whip|p1a: Groudon\n|-supereffective|p1a: Groudon\n|-damage|p1a: Groudon|0 fnt\n|faint|p1a: Groudon\n|-damage|p2a: Victreebel|124/290 par|[from] item: Life Orb\n|\n|win|ARTT477\n|raw|TheBlitzKing's rating: 1183 &rarr; <strong>1156</strong><br />(-27 for losing)\n|raw|ARTT477's rating: 1153 &rarr; <strong>1180</strong><br />(+27 for winning)\n|l|\u2606TheBlitzKing\n|player|p1|\n", "inputlog": ">version bfd83cad13791eb5a5a409923076391caf6fb4d4\n>start {\"formatid\":\"gen9randombattle\",\"seed\":[35345,15300,53571,62821],\"rated\":\"Rated battle\"}\n>player p1 {\"name\":\"TheBlitzKing\",\"avatar\":\"bruno\",\"rating\":1183,\"seed\":[39499,54845,25673,5149]}\n>player p2 {\"name\":\"ARTT477\",\"avatar\":\"giovanni\",\"rating\":1153,\"seed\":[41654,61064,59899,1668]}\n>p1 switch 4\n>p2 move toxicspikes\n>p1 move calmmind\n>p2 switch 6\n>p1 move focusblast\n>p2 move earthquake\n>p1 switch 3\n>p2 move earthquake\n>p1 move uturn\n>p2 switch 2\n>p1 switch 2\n>p1 move circlethrow\n>p2 switch 2\n>p1 move closecombat\n>p2 switch 2\n>p2 switch 6\n>p1 move knockoff\n>p2 move toxicspikes\n>p1 move liquidation\n>p2 move glare\n>p1 move circlethrow\n>p2 move earthquake\n>p1 switch 2\n>p1 move thunderwave\n>p2 move suckerpunch\n>p1 switch 3\n>p2 move powerwhip\n>p1 switch 6\n>p1 move encore\n>p2 switch 3\n>p1 move tidyup\n>p2 move gunkshot\n>p1 move populationbomb\n>p2 switch 4\n>p1 switch 3\n>p1 move thunderwave\n>p2 move shadowball\n>p1 move uturn\n>p2 move shadowball\n>p1 switch 4\n>p1 move dragondance\n>p2 move strengthsap\n>p1 move stoneedge\n>p2 move strengthsap\n>p1 switch 4\n>p2 switch 4\n>p1 move psychicnoise\n>p2 switch 2\n>p1 move drainpunch\n>p2 move knockoff\n>p1 switch 4\n>p1 move dragondance\n>p2 move knockoff\n>p1 switch 5\n>p1 move heatcrash\n>p2 move aquajet\n>p2 switch 2\n>p1 move precipiceblades\n>p2 switch 3\n>p1 move heatcrash\n>p2 move powerwhip", "uploadtime": 1733885857, "views": 6, "formatid": "gen9randombattle", "rating": 1156, "private": 0, "password": null}