{"id": "gen9randombattle-2148989829", "format": "[Gen 9] Random Battle", "players": ["GothamPaladin", "daddyntheboy"], "log": "|j|\u2606GothamPaladin\n|j|\u2606daddyntheboy\n|t:|1719207463\n|gametype|singles\n|player|p1|GothamPaladin|flannery|2215\n|player|p2|daddyntheboy|pokefan-gen4|2263\n|teamsize|p1|6\n|teamsize|p2|6\n|gen|9\n|tier|[Gen 9] Random Battle\n|rated|\n|rule|Species Clause: Limit one of each Pok\u00e9mon\n|rule|HP Percentage Mod: HP is shown in percentages\n|rule|Sleep Clause Mod: Limit one foe put to sleep\n|rule|Illusion Level Mod: Illusion disguises the Pok\u00e9mon's true level\n|\n|t:|1719207463\n|start\n|switch|p1a: Palossand|Palossand, L89, M|296/296\n|switch|p2a: Zebstrika|Zebstrika, L88, F|275/275\n|turn|1\n|inactive|Battle timer is ON: inactive players will automatically lose when time's up. (requested by daddyntheboy)\n|\n|t:|1719207473\n|switch|p2a: Delibird|Delibird, F|252/252\n|move|p1a: Palossand|Stealth Rock|p2a: Delibird\n|-sidestart|p2: daddyntheboy|move: Stealth Rock\n|\n|upkeep\n|turn|2\n|\n|t:|1719207484\n|switch|p1a: Palkia|Palkia, L75|259/259\n|-ability|p1a: Palkia|Pressure\n|move|p2a: Delibird|Ice Spinner|p1a: Palkia|[miss]\n|-miss|p2a: Delibird|p1a: Palkia\n|\n|upkeep\n|turn|3\n|\n|t:|1719207490\n|move|p2a: Delibird|Ice Spinner|p1a: Palkia\n|-damage|p1a: Palkia|135/259\n|move|p1a: Palkia|Spacial Rend|p2a: Delibird\n|-damage|p2a: Delibird|59/252\n|\n|upkeep\n|turn|4\n|\n|t:|1719207498\n|move|p2a: Delibird|Brave Bird|p1a: Palkia\n|-damage|p1a: Palkia|0 fnt\n|faint|p1a: Palkia\n|-damage|p2a: Delibird|14/252|[from] Recoil\n|\n|upkeep\n|\n|t:|1719207509\n|switch|p1a: Pawmot|Pawmot, L80, M|243/243\n|turn|5\n|\n|t:|1719207513\n|move|p1a: Pawmot|Nuzzle|p2a: Delibird\n|-supereffective|p2a: Delibird\n|-damage|p2a: Delibird|0 fnt\n|faint|p2a: Delibird\n|\n|upkeep\n|\n|t:|1719207524\n|switch|p2a: Iron Leaves|Iron Leaves, L80|275/275\n|-damage|p2a: Iron Leaves|241/275|[from] Stealth Rock\n|turn|6\n|\n|t:|1719207532\n|switch|p1a: Farigiraf|Farigiraf, L91, M|366/366\n|move|p2a: Iron Leaves|Psyblade|p1a: Farigiraf\n|-resisted|p1a: Farigiraf\n|-crit|p1a: Farigiraf\n|-damage|p1a: Farigiraf|235/366\n|\n|-heal|p1a: Farigiraf|257/366|[from] item: Leftovers\n|upkeep\n|turn|7\n|\n|t:|1719207547\n|-end|p2a: Iron Leaves|Quark Drive|[silent]\n|switch|p2a: Cyclizar|Cyclizar, L83, F|252/252\n|move|p1a: Farigiraf|Body Slam|p2a: Cyclizar\n|-damage|p2a: Cyclizar|123/252\n|\n|-heal|p1a: Farigiraf|279/366|[from] item: Leftovers\n|upkeep\n|turn|8\n|\n|t:|1719207558\n|move|p2a: Cyclizar|Draco Meteor|p1a: Farigiraf\n|-damage|p1a: Farigiraf|138/366\n|-unboost|p2a: Cyclizar|spa|2\n|move|p1a: Farigiraf|Body Slam|p2a: Cyclizar\n|-damage|p2a: Cyclizar|2/252\n|\n|-heal|p1a: Farigiraf|160/366|[from] item: Leftovers\n|upkeep\n|turn|9\n|\n|t:|1719207562\n|move|p2a: Cyclizar|Rapid Spin|p1a: Farigiraf\n|-damage|p1a: Farigiraf|106/366\n|-boost|p2a: Cyclizar|spe|1\n|-sideend|p2: daddyntheboy|Stealth Rock|[from] move: Rapid Spin|[of] p2a: Cyclizar\n|move|p1a: Farigiraf|Wish|p1a: Farigiraf\n|\n|-heal|p1a: Farigiraf|128/366|[from] item: Leftovers\n|upkeep\n|turn|10\n|\n|t:|1719207565\n|switch|p2a: Houndstone|Houndstone, L86, M|264/264\n|move|p1a: Farigiraf|Body Slam|p2a: Houndstone\n|-immune|p2a: Houndstone\n|\n|-heal|p1a: Farigiraf|311/366|[from] move: Wish|[wisher] Farigiraf\n|-heal|p1a: Farigiraf|333/366|[from] item: Leftovers\n|upkeep\n|turn|11\n|\n|t:|1719207579\n|switch|p2a: Arcanine|Arcanine, L84, F|288/288\n|-ability|p2a: Arcanine|Intimidate|boost\n|-unboost|p1a: Farigiraf|atk|1\n|move|p1a: Farigiraf|Protect||[still]\n|-fail|p1a: Farigiraf\n|\n|-heal|p1a: Farigiraf|355/366|[from] item: Leftovers\n|upkeep\n|turn|12\n|\n|t:|1719207584\n|move|p1a: Farigiraf|Protect|p1a: Farigiraf\n|-singleturn|p1a: Farigiraf|Protect\n|move|p2a: Arcanine|Flare Blitz|p1a: Farigiraf\n|-activate|p1a: Farigiraf|move: Protect\n|\n|-heal|p1a: Farigiraf|366/366|[from] item: Leftovers\n|upkeep\n|turn|13\n|\n|t:|1719207588\n|move|p2a: Arcanine|Flare Blitz|p1a: Farigiraf\n|-damage|p1a: Farigiraf|221/366\n|-status|p1a: Farigiraf|brn\n|-damage|p2a: Arcanine|240/288|[from] Recoil\n|move|p1a: Farigiraf|Wish|p1a: Farigiraf\n|\n|-heal|p1a: Farigiraf|243/366 brn|[from] item: Leftovers\n|-damage|p1a: Farigiraf|221/366 brn|[from] brn\n|upkeep\n|turn|14\n|\n|t:|1719207597\n|switch|p2a: Houndstone|Houndstone, L86, M|264/264\n|switch|p1a: Palossand|Palossand, L89, M|296/296\n|\n|upkeep\n|turn|15\n|\n|t:|1719207604\n|switch|p2a: Cyclizar|Cyclizar, L83, F|86/252\n|move|p1a: Palossand|Stealth Rock|p2a: Cyclizar\n|-sidestart|p2: daddyntheboy|move: Stealth Rock\n|\n|upkeep\n|turn|16\n|\n|t:|1719207612\n|switch|p2a: Houndstone|Houndstone, L86, M|264/264\n|-damage|p2a: Houndstone|231/264|[from] Stealth Rock\n|move|p1a: Palossand|Earth Power|p2a: Houndstone\n|-damage|p2a: Houndstone|162/264\n|\n|upkeep\n|turn|17\n|\n|t:|1719207617\n|switch|p1a: Farigiraf|Farigiraf, L91, M|221/366 brn\n|move|p2a: Houndstone|Poltergeist|p1a: Farigiraf\n|-immune|p1a: Farigiraf\n|\n|-heal|p1a: Farigiraf|243/366 brn|[from] item: Leftovers\n|-damage|p1a: Farigiraf|221/366 brn|[from] brn\n|upkeep\n|turn|18\n|\n|t:|1719207623\n|switch|p2a: Arcanine|Arcanine, L84, F|240/288\n|-ability|p2a: Arcanine|Intimidate|boost\n|-unboost|p1a: Farigiraf|atk|1\n|move|p1a: Farigiraf|Psychic Noise|p2a: Arcanine\n|-damage|p2a: Arcanine|138/288\n|-start|p2a: Arcanine|move: Heal Block\n|\n|-heal|p1a: Farigiraf|243/366 brn|[from] item: Leftovers\n|-damage|p1a: Farigiraf|221/366 brn|[from] brn\n|upkeep\n|turn|19\n|\n|t:|1719207632\n|switch|p1a: Rhydon|Rhydon, L85, M|317/317\n|move|p2a: Arcanine|Flare Blitz|p1a: Rhydon\n|-resisted|p1a: Rhydon\n|-damage|p1a: Rhydon|281/317\n|-damage|p2a: Arcanine|126/288|[from] Recoil\n|\n|-end|p2a: Arcanine|move: Heal Block\n|upkeep\n|turn|20\n|\n|t:|1719207651\n|move|p2a: Arcanine|Close Combat|p1a: Rhydon\n|-supereffective|p1a: Rhydon\n|-damage|p1a: Rhydon|181/317\n|-unboost|p2a: Arcanine|def|1\n|-unboost|p2a: Arcanine|spd|1\n|move|p1a: Rhydon|Megahorn|p2a: Arcanine\n|-resisted|p2a: Arcanine\n|-damage|p2a: Arcanine|39/288\n|\n|upkeep\n|turn|21\n|\n|t:|1719207662\n|move|p2a: Arcanine|Close Combat|p1a: Rhydon\n|-supereffective|p1a: Rhydon\n|-damage|p1a: Rhydon|83/317\n|-unboost|p2a: Arcanine|def|1\n|-unboost|p2a: Arcanine|spd|1\n|move|p1a: Rhydon|Megahorn|p2a: Arcanine\n|-resisted|p2a: Arcanine\n|-damage|p2a: Arcanine|0 fnt\n|faint|p2a: Arcanine\n|\n|upkeep\n|\n|t:|1719207668\n|switch|p2a: Zebstrika|Zebstrika, L88, F|275/275\n|-damage|p2a: Zebstrika|241/275|[from] Stealth Rock\n|turn|22\n|\n|t:|1719207683\n|switch|p1a: Palossand|Palossand, L89, M|296/296\n|move|p2a: Zebstrika|High Horsepower|p1a: Palossand\n|-damage|p1a: Palossand|221/296\n|-damage|p2a: Zebstrika|214/275|[from] item: Life Orb\n|\n|-heal|p1a: Palossand|239/296|[from] item: Leftovers\n|upkeep\n|turn|23\n|\n|t:|1719207702\n|-terastallize|p2a: Zebstrika|Ground\n|move|p2a: Zebstrika|High Horsepower|p1a: Palossand\n|-damage|p1a: Palossand|113/296\n|-damage|p2a: Zebstrika|187/275|[from] item: Life Orb\n|move|p1a: Palossand|Earth Power|p2a: Zebstrika\n|-damage|p2a: Zebstrika|58/275\n|-unboost|p2a: Zebstrika|spd|1\n|\n|-heal|p1a: Palossand|131/296|[from] item: Leftovers\n|upkeep\n|turn|24\n|\n|t:|1719207708\n|switch|p2a: Iron Leaves|Iron Leaves, L80|241/275\n|-damage|p2a: Iron Leaves|207/275|[from] Stealth Rock\n|move|p1a: Palossand|Shore Up|p1a: Palossand\n|-heal|p1a: Palossand|279/296\n|\n|-heal|p1a: Palossand|296/296|[from] item: Leftovers\n|upkeep\n|turn|25\n|\n|t:|1719207718\n|-terastallize|p1a: Palossand|Poison\n|move|p2a: Iron Leaves|Psyblade|p1a: Palossand\n|-supereffective|p1a: Palossand\n|-damage|p1a: Palossand|68/296\n|move|p1a: Palossand|Shadow Ball|p2a: Iron Leaves\n|-supereffective|p2a: Iron Leaves\n|-damage|p2a: Iron Leaves|27/275\n|\n|-heal|p1a: Palossand|86/296|[from] item: Leftovers\n|upkeep\n|turn|26\n|\n|t:|1719207725\n|switch|p1a: Rhydon|Rhydon, L85, M|83/317\n|move|p2a: Iron Leaves|Psyblade|p1a: Rhydon\n|-damage|p1a: Rhydon|4/317\n|\n|upkeep\n|turn|27\n|\n|t:|1719207727\n|move|p2a: Iron Leaves|Psyblade|p1a: Rhydon\n|-damage|p1a: Rhydon|0 fnt\n|faint|p1a: Rhydon\n|\n|upkeep\n|\n|t:|1719207730\n|switch|p1a: Pawmot|Pawmot, L80, M|243/243\n|turn|28\n|\n|t:|1719207739\n|move|p1a: Pawmot|Double Shock|p2a: Iron Leaves\n|-resisted|p2a: Iron Leaves\n|-damage|p2a: Iron Leaves|0 fnt\n|-start|p1a: Pawmot|typechange|???/Fighting|[from] move: Double Shock\n|faint|p2a: Iron Leaves\n|-end|p2a: Iron Leaves|Quark Drive|[silent]\n|\n|upkeep\n|\n|t:|1719207749\n|switch|p2a: Zebstrika|Zebstrika, L88, F, tera:Ground|58/275\n|-damage|p2a: Zebstrika|41/275|[from] Stealth Rock\n|turn|29\n|\n|t:|1719207764\n|switch|p1a: Palossand|Palossand, L89, M, tera:Poison|86/296\n|move|p2a: Zebstrika|High Horsepower|p1a: Palossand\n|-supereffective|p1a: Palossand\n|-damage|p1a: Palossand|0 fnt\n|faint|p1a: Palossand\n|-damage|p2a: Zebstrika|14/275|[from] item: Life Orb\n|\n|upkeep\n|\n|t:|1719207769\n|switch|p1a: Shaymin|Shaymin-Sky, L73|266/266\n|turn|30\n|\n|t:|1719207780\n|switch|p2a: Cyclizar|Cyclizar, L83, F|170/252\n|switch|p1a: Pawmot|Pawmot, L80, M|243/243\n|\n|upkeep\n|turn|31\n|\n|t:|1719207789\n|move|p2a: Cyclizar|Shed Tail|p2a: Cyclizar\n|-start|p2a: Cyclizar|Substitute|[from] move: Shed Tail\n|-damage|p2a: Cyclizar|44/252\n|\n|t:|1719207790\n|switch|p2a: Houndstone|Houndstone, L86, M|162/264|[from] Shed Tail\n|-damage|p2a: Houndstone|129/264|[from] Stealth Rock\n|move|p1a: Pawmot|Close Combat|p2a: Houndstone\n|-immune|p2a: Houndstone\n|\n|upkeep\n|turn|32\n|\n|t:|1719207796\n|move|p1a: Pawmot|Double Shock|p2a: Houndstone\n|-activate|p2a: Houndstone|move: Substitute|[damage]\n|-start|p1a: Pawmot|typechange|???/Fighting|[from] move: Double Shock\n|move|p2a: Houndstone|Play Rough|p1a: Pawmot|[miss]\n|-miss|p2a: Houndstone|p1a: Pawmot\n|\n|upkeep\n|turn|33\n|\n|t:|1719207807\n|switch|p1a: Farigiraf|Farigiraf, L91, M|221/366 brn\n|move|p2a: Houndstone|Play Rough|p1a: Farigiraf\n|-damage|p1a: Farigiraf|139/366 brn\n|\n|-heal|p1a: Farigiraf|161/366 brn|[from] item: Leftovers\n|-damage|p1a: Farigiraf|139/366 brn|[from] brn\n|upkeep\n|turn|34\n|\n|t:|1719207814\n|move|p2a: Houndstone|Play Rough|p1a: Farigiraf\n|-damage|p1a: Farigiraf|64/366 brn\n|move|p1a: Farigiraf|Wish|p1a: Farigiraf\n|\n|-heal|p1a: Farigiraf|86/366 brn|[from] item: Leftovers\n|-damage|p1a: Farigiraf|64/366 brn|[from] brn\n|upkeep\n|turn|35\n|\n|t:|1719207820\n|switch|p2a: Cyclizar|Cyclizar, L83, F|128/252\n|move|p1a: Farigiraf|Protect||[still]\n|-fail|p1a: Farigiraf\n|\n|-heal|p1a: Farigiraf|247/366 brn|[from] move: Wish|[wisher] Farigiraf\n|-heal|p1a: Farigiraf|269/366 brn|[from] item: Leftovers\n|-damage|p1a: Farigiraf|247/366 brn|[from] brn\n|upkeep\n|turn|36\n|\n|t:|1719207825\n|move|p2a: Cyclizar|Rapid Spin|p1a: Farigiraf\n|-crit|p1a: Farigiraf\n|-damage|p1a: Farigiraf|168/366 brn\n|-boost|p2a: Cyclizar|spe|1\n|-sideend|p2: daddyntheboy|Stealth Rock|[from] move: Rapid Spin|[of] p2a: Cyclizar\n|move|p1a: Farigiraf|Psychic Noise|p2a: Cyclizar\n|-damage|p2a: Cyclizar|0 fnt\n|faint|p2a: Cyclizar\n|\n|-heal|p1a: Farigiraf|190/366 brn|[from] item: Leftovers\n|-damage|p1a: Farigiraf|168/366 brn|[from] brn\n|upkeep\n|\n|t:|1719207831\n|switch|p2a: Zebstrika|Zebstrika, L88, F, tera:Ground|14/275\n|turn|37\n|\n|t:|1719207836\n|switch|p1a: Shaymin|Shaymin-Sky, L73|266/266\n|move|p2a: Zebstrika|High Horsepower|p1a: Shaymin\n|-immune|p1a: Shaymin\n|\n|upkeep\n|turn|38\n|\n|t:|1719207843\n|move|p2a: Zebstrika|Overheat|p1a: Shaymin\n|-supereffective|p1a: Shaymin\n|-damage|p1a: Shaymin|0 fnt\n|-unboost|p2a: Zebstrika|spa|2\n|faint|p1a: Shaymin\n|-damage|p2a: Zebstrika|0 fnt|[from] item: Life Orb\n|faint|p2a: Zebstrika\n|\n|upkeep\n|-message|daddyntheboy forfeited.\n|\n|win|GothamPaladin\n|raw|GothamPaladin's rating: 2215 &rarr; <strong>2238</strong><br />(+23 for winning)\n|raw|daddyntheboy's rating: 2263 &rarr; <strong>2240</strong><br />(-23 for losing)\n|l|\u2606daddyntheboy\n|player|p2|\n|l|\u2606GothamPaladin\n|player|p1|\n", "inputlog": ">version fa2fcbefacd9ec28b920d1fe3a63da14f50ab6c0\n>start {\"formatid\":\"gen9randombattle\",\"seed\":[56903,56426,2960,48472],\"rated\":\"Rated battle\"}\n>player p1 {\"name\":\"GothamPaladin\",\"avatar\":\"flannery\",\"rating\":2215,\"seed\":[59353,28193,49517,60196]}\n>player p2 {\"name\":\"daddyntheboy\",\"avatar\":\"pokefan-gen4\",\"rating\":2263,\"seed\":[17976,48074,1745,9445]}\n>p1 move stealthrock\n>p2 switch 3\n>p1 switch 6\n>p2 move icespinner\n>p1 move spacialrend\n>p2 move icespinner\n>p1 move spacialrend\n>p2 move bravebird\n>p1 switch 4\n>p1 move nuzzle\n>p2 move drillrun\n>p2 switch 2\n>p1 switch 2\n>p2 move psyblade\n>p1 move bodyslam\n>p2 switch 4\n>p1 move bodyslam\n>p2 move dracometeor\n>p1 move wish\n>p2 move rapidspin\n>p1 move bodyslam\n>p2 switch 6\n>p1 move protect\n>p2 switch 5\n>p1 move protect\n>p2 move flareblitz\n>p1 move wish\n>p2 move flareblitz\n>p1 switch 6\n>p2 switch 5\n>p1 move stealthrock\n>p2 switch 6\n>p1 move earthpower\n>p2 switch 6\n>p1 switch 6\n>p2 move poltergeist\n>p1 move psychicnoise\n>p2 switch 5\n>p1 switch 3\n>p2 move flareblitz\n>p1 move megahorn\n>p2 move closecombat\n>p1 move megahorn\n>p2 move closecombat\n>p2 switch 3\n>p1 switch 6\n>p2 move highhorsepower\n>p1 move earthpower\n>p2 move highhorsepower terastallize\n>p1 move shoreup\n>p2 switch 4\n>p1 move shadowball terastallize\n>p2 move psyblade\n>p1 switch 6\n>p2 move psyblade\n>p1 move earthquake\n>p2 move psyblade\n>p1 switch 2\n>p1 move doubleshock\n>p2 move psyblade\n>p2 switch 4\n>p1 switch 6\n>p2 move highhorsepower\n>p1 switch 5\n>p1 switch 6\n>p2 switch 6\n>p1 move closecombat\n>p2 move shedtail\n>p2 switch 5\n>p1 move doubleshock\n>p2 move playrough\n>p1 switch 3\n>p2 move playrough\n>p1 move wish\n>p2 move playrough\n>p1 move protect\n>p2 switch 5\n>p1 move psychicnoise\n>p2 move rapidspin\n>p2 switch 6\n>p1 switch 6\n>p2 move highhorsepower\n>p1 move airslash\n>p2 move overheat\n>forcelose p2", "uploadtime": 1719207869, "views": 205, "formatid": "gen9randombattle", "rating": 2238, "private": 0, "password": null}