{"id": "gen9randombattle-2260737476", "format": "[Gen 9] Random Battle", "players": ["jajajajhola", "vyujcvygulhk"], "log": "|j|\u2606jajajajhola\n|j|\u2606vyujcvygulhk\n|t:|1733884955\n|gametype|singles\n|player|p1|jajajajhola|2|1081\n|player|p2|vyujcvygulhk|2|1040\n|teamsize|p1|6\n|teamsize|p2|6\n|gen|9\n|tier|[Gen 9] Random Battle\n|rated|\n|rule|Species Clause: Limit one of each Pok\u00e9mon\n|rule|HP Percentage Mod: HP is shown in percentages\n|rule|Sleep Clause Mod: Limit one foe put to sleep\n|rule|Illusion Level Mod: Illusion disguises the Pok\u00e9mon's true level\n|\n|t:|1733884955\n|start\n|switch|p1a: Gallade|Gallade, L81, M|243/243\n|switch|p2a: Hydrapple|Hydrapple, L83, F|312/312\n|turn|1\n|inactive|Battle timer is ON: inactive players will automatically lose when time's up. (requested by vyujcvygulhk)\n|\n|t:|1733884992\n|move|p1a: Gallade|Sacred Sword|p2a: Hydrapple\n|-damage|p2a: Hydrapple|139/312\n|-damage|p1a: Gallade|219/243|[from] item: Life Orb\n|move|p2a: Hydrapple|Leaf Storm|p1a: Gallade\n|-damage|p1a: Gallade|9/243\n|-unboost|p2a: Hydrapple|spa|2\n|\n|upkeep\n|turn|2\n|\n|t:|1733884998\n|switch|p2a: Granbull|Granbull, L88, F|302/302\n|-ability|p2a: Granbull|Intimidate|boost\n|-unboost|p1a: Gallade|atk|1\n|move|p1a: Gallade|Sacred Sword|p2a: Granbull\n|-resisted|p2a: Granbull\n|-damage|p2a: Granbull|220/302\n|-damage|p1a: Gallade|0 fnt|[from] item: Life Orb\n|faint|p1a: Gallade\n|\n|-heal|p2a: Granbull|238/302|[from] item: Leftovers\n|upkeep\n|\n|t:|1733885010\n|switch|p1a: Slowking|Slowking-Galar, L85, M|300/300\n|turn|3\n|\n|t:|1733885017\n|-terastallize|p2a: Granbull|Ground\n|move|p2a: Granbull|Earthquake|p1a: Slowking\n|-supereffective|p1a: Slowking\n|-damage|p1a: Slowking|0 fnt\n|faint|p1a: Slowking\n|\n|-heal|p2a: Granbull|256/302|[from] item: Leftovers\n|upkeep\n|\n|t:|1733885039\n|switch|p1a: Minior|Minior-Green, L79|224/224\n|-formechange|p1a: Minior|Minior-Meteor||[from] ability: Shields Down\n|turn|4\n|inactive|vyujcvygulhk has 120 seconds left.\n|\n|t:|1733885070\n|move|p1a: Minior|Shell Smash|p1a: Minior\n|-unboost|p1a: Minior|def|1\n|-unboost|p1a: Minior|spd|1\n|-boost|p1a: Minior|atk|2\n|-boost|p1a: Minior|spa|2\n|-boost|p1a: Minior|spe|2\n|-enditem|p1a: Minior|White Herb\n|-clearnegativeboost|p1a: Minior|[silent]\n|move|p2a: Granbull|Encore|p1a: Minior\n|-start|p1a: Minior|Encore\n|\n|-heal|p2a: Granbull|274/302|[from] item: Leftovers\n|upkeep\n|turn|5\n|\n|t:|1733885082\n|move|p1a: Minior|Shell Smash|p1a: Minior\n|-unboost|p1a: Minior|def|1\n|-unboost|p1a: Minior|spd|1\n|-boost|p1a: Minior|atk|2\n|-boost|p1a: Minior|spa|2\n|-boost|p1a: Minior|spe|2\n|move|p2a: Granbull|Play Rough|p1a: Minior|[miss]\n|-miss|p2a: Granbull|p1a: Minior\n|\n|-heal|p2a: Granbull|292/302|[from] item: Leftovers\n|upkeep\n|turn|6\n|\n|t:|1733885092\n|move|p1a: Minior|Shell Smash|p1a: Minior\n|-unboost|p1a: Minior|def|1\n|-unboost|p1a: Minior|spd|1\n|-boost|p1a: Minior|atk|2\n|-boost|p1a: Minior|spa|2\n|-boost|p1a: Minior|spe|2\n|move|p2a: Granbull|Play Rough|p1a: Minior\n|-damage|p1a: Minior|0 fnt\n|faint|p1a: Minior\n|\n|-heal|p2a: Granbull|302/302|[from] item: Leftovers\n|upkeep\n|-message|jajajajhola forfeited.\n|\n|win|vyujcvygulhk\n|raw|jajajajhola's rating: 1081 &rarr; <strong>1058</strong><br />(-23 for losing)\n|raw|vyujcvygulhk's rating: 1074 &rarr; <strong>1103</strong><br />(+29 for winning)\n|l|\u2606jajajajhola\n|player|p1|\n", "inputlog": ">version bfd83cad13791eb5a5a409923076391caf6fb4d4\n>start {\"formatid\":\"gen9randombattle\",\"seed\":[51388,32189,32149,48934],\"rated\":\"Rated battle\"}\n>player p1 {\"name\":\"jajajajhola\",\"avatar\":\"2\",\"rating\":1081,\"seed\":[10909,50047,6150,50710]}\n>player p2 {\"name\":\"vyujcvygulhk\",\"avatar\":\"2\",\"rating\":1040,\"seed\":[39002,14468,29479,61787]}\n>p1 move sacredsword\n>p2 move leafstorm\n>p1 move sacredsword\n>p2 switch 5\n>p1 switch 6\n>p1 move sludgebomb\n>p2 move earthquake terastallize\n>p1 switch 3\n>p1 move shellsmash\n>p2 move encore\n>p1 move shellsmash\n>p2 move playrough\n>p1 move shellsmash\n>p2 move playrough\n>forcelose p1", "uploadtime": 1733885098, "views": 4, "formatid": "gen9randombattle", "rating": 1058, "private": 0, "password": null}