{"id": "gen9randombattle-2146324316", "format": "[Gen 9] Random Battle", "players": ["TechBuster", "MasterJ007"], "log": "|badge|p1|bronze|gen9randombattle|100-1\n|uhtml|medal-msg|<div class=\"broadcast-blue\">Curious what those medals under the avatar are? PS now has Ladder Seasons! For more information, check out the <a href=\"https://www.smogon.com/forums/threads/3740067/\">thread on Smogon.</a></div>\n|badge|p2|silver|gen9randombattle|30-1\n|uhtml|medal-msg|<div class=\"broadcast-blue\">Curious what those medals under the avatar are? PS now has Ladder Seasons! For more information, check out the <a href=\"https://www.smogon.com/forums/threads/3740067/\">thread on Smogon.</a></div>\n|j|\u2606TechBuster\n|j|\u2606MasterJ007\n|t:|1718817553\n|gametype|singles\n|player|p1|TechBuster|cynthia|2387\n|player|p2|MasterJ007|#rbtt7teamsuicune|2387\n|teamsize|p1|6\n|teamsize|p2|6\n|gen|9\n|tier|[Gen 9] Random Battle\n|rated|\n|rule|Species Clause: Limit one of each Pok\u00e9mon\n|rule|HP Percentage Mod: HP is shown in percentages\n|rule|Sleep Clause Mod: Limit one foe put to sleep\n|rule|Illusion Level Mod: Illusion disguises the Pok\u00e9mon's true level\n|\n|t:|1718817553\n|start\n|switch|p1a: Hypno|Hypno, L95, F|315/315\n|switch|p2a: Copperajah|Copperajah, L86, M|350/350\n|turn|1\n|inactive|Battle timer is ON: inactive players will automatically lose when time's up. (requested by MasterJ007)\n|\n|t:|1718817585\n|move|p1a: Hypno|Focus Blast|p2a: Copperajah|[miss]\n|-miss|p1a: Hypno|p2a: Copperajah\n|move|p2a: Copperajah|Heavy Slam|p1a: Hypno\n|-damage|p1a: Hypno|51/315\n|\n|-heal|p1a: Hypno|70/315|[from] item: Leftovers\n|upkeep\n|turn|2\n|\n|t:|1718817603\n|move|p1a: Hypno|Protect|p1a: Hypno\n|-singleturn|p1a: Hypno|Protect\n|move|p2a: Copperajah|Heavy Slam|p1a: Hypno\n|-activate|p1a: Hypno|move: Protect\n|\n|-heal|p1a: Hypno|89/315|[from] item: Leftovers\n|upkeep\n|turn|3\n|inactive|TechBuster has 120 seconds left.\n|\n|t:|1718817646\n|move|p1a: Hypno|Focus Blast|p2a: Copperajah|[miss]\n|-miss|p1a: Hypno|p2a: Copperajah\n|move|p2a: Copperajah|Heavy Slam|p1a: Hypno\n|-damage|p1a: Hypno|0 fnt\n|faint|p1a: Hypno\n|\n|upkeep\n|\n|t:|1718817656\n|switch|p1a: Passimian|Passimian, L83, M|302/302\n|turn|4\n|\n|t:|1718817662\n|switch|p2a: Eternatus|Eternatus, L69|308/308\n|-ability|p2a: Eternatus|Pressure\n|move|p1a: Passimian|Bulk Up|p1a: Passimian\n|-boost|p1a: Passimian|atk|1\n|-boost|p1a: Passimian|def|1\n|\n|upkeep\n|turn|5\n|\n|t:|1718817684\n|move|p2a: Eternatus|Dynamax Cannon|p1a: Passimian\n|-damage|p1a: Passimian|179/302\n|move|p1a: Passimian|Knock Off|p2a: Eternatus\n|-damage|p2a: Eternatus|160/308\n|-enditem|p2a: Eternatus|Leftovers|[from] move: Knock Off|[of] p1a: Passimian\n|\n|-heal|p1a: Passimian|197/302|[from] item: Leftovers\n|upkeep\n|turn|6\n|\n|t:|1718817700\n|switch|p1a: Braviary|Braviary, L85, M|309/309\n|move|p2a: Eternatus|Dynamax Cannon|p1a: Braviary\n|-damage|p1a: Braviary|203/309\n|\n|upkeep\n|turn|7\n|j| kanika_emo\n|\n|t:|1718817715\n|move|p2a: Eternatus|Recover|p2a: Eternatus\n|-heal|p2a: Eternatus|308/308\n|move|p1a: Braviary|Bulk Up|p1a: Braviary\n|-boost|p1a: Braviary|atk|1\n|-boost|p1a: Braviary|def|1\n|\n|upkeep\n|turn|8\n|\n|t:|1718817719\n|move|p2a: Eternatus|Toxic Spikes|p1a: Braviary\n|-sidestart|p1: TechBuster|move: Toxic Spikes\n|move|p1a: Braviary|Roost|p1a: Braviary\n|-heal|p1a: Braviary|309/309\n|-singleturn|p1a: Braviary|move: Roost\n|\n|upkeep\n|turn|9\n|\n|t:|1718817724\n|move|p2a: Eternatus|Toxic Spikes|p1a: Braviary\n|-sidestart|p1: TechBuster|move: Toxic Spikes\n|move|p1a: Braviary|Brave Bird|p2a: Eternatus\n|-damage|p2a: Eternatus|22/308\n|-damage|p1a: Braviary|215/309|[from] Recoil\n|\n|upkeep\n|turn|10\n|inactive|TechBuster has 120 seconds left.\n|\n|t:|1718817730\n|move|p2a: Eternatus|Dynamax Cannon|p1a: Braviary\n|-damage|p1a: Braviary|94/309\n|move|p1a: Braviary|Roost|p1a: Braviary\n|-heal|p1a: Braviary|249/309\n|-singleturn|p1a: Braviary|move: Roost\n|\n|upkeep\n|turn|11\n|\n|t:|1718817733\n|move|p2a: Eternatus|Dynamax Cannon|p1a: Braviary\n|-damage|p1a: Braviary|137/309\n|move|p1a: Braviary|Roost|p1a: Braviary\n|-heal|p1a: Braviary|292/309\n|-singleturn|p1a: Braviary|move: Roost\n|\n|upkeep\n|turn|12\n|\n|t:|1718817735\n|move|p2a: Eternatus|Dynamax Cannon|p1a: Braviary\n|-damage|p1a: Braviary|181/309\n|move|p1a: Braviary|Roost|p1a: Braviary\n|-heal|p1a: Braviary|309/309\n|-singleturn|p1a: Braviary|move: Roost\n|\n|upkeep\n|turn|13\n|\n|t:|1718817738\n|move|p2a: Eternatus|Dynamax Cannon|p1a: Braviary\n|-damage|p1a: Braviary|189/309\n|move|p1a: Braviary|Brave Bird|p2a: Eternatus\n|-damage|p2a: Eternatus|0 fnt\n|faint|p2a: Eternatus\n|-damage|p1a: Braviary|182/309|[from] Recoil\n|\n|upkeep\n|\n|t:|1718817753\n|switch|p2a: Golduck|Golduck, L90, M|290/290\n|-ability|p2a: Golduck|Cloud Nine\n|turn|14\n|\n|t:|1718817780\n|move|p2a: Golduck|Hydro Pump|p1a: Braviary\n|-damage|p1a: Braviary|0 fnt\n|faint|p1a: Braviary\n|-damage|p2a: Golduck|261/290|[from] item: Life Orb\n|\n|upkeep\n|inactive|TechBuster has 120 seconds left.\n|inactive|TechBuster has 90 seconds left.\n|\n|t:|1718817823\n|switch|p1a: Deoxys|Deoxys-Attack, L72|191/191\n|-status|p1a: Deoxys|tox\n|-ability|p1a: Deoxys|Pressure\n|turn|15\n|\n|t:|1718817833\n|-terastallize|p1a: Deoxys|Psychic\n|move|p1a: Deoxys|Psycho Boost|p2a: Golduck\n|-damage|p2a: Golduck|0 fnt\n|-unboost|p1a: Deoxys|spa|2\n|faint|p2a: Golduck\n|-damage|p1a: Deoxys|172/191 tox|[from] item: Life Orb\n|\n|-damage|p1a: Deoxys|161/191 tox|[from] psn\n|upkeep\n|\n|t:|1718817838\n|switch|p2a: Sceptile|Sceptile, L87, M|264/264\n|turn|16\n|\n|t:|1718817848\n|switch|p1a: Passimian|Passimian, L83, M|197/302\n|-status|p1a: Passimian|tox\n|move|p2a: Sceptile|Substitute|p2a: Sceptile\n|-start|p2a: Sceptile|Substitute\n|-damage|p2a: Sceptile|198/264\n|\n|-heal|p2a: Sceptile|214/264|[from] item: Leftovers\n|-heal|p1a: Passimian|215/302 tox|[from] item: Leftovers\n|-damage|p1a: Passimian|197/302 tox|[from] psn\n|upkeep\n|turn|17\n|\n|t:|1718817854\n|move|p2a: Sceptile|Giga Drain|p1a: Passimian\n|-damage|p1a: Passimian|68/302 tox\n|-heal|p2a: Sceptile|264/264|[from] drain|[of] p1a: Passimian\n|move|p1a: Passimian|Drain Punch|p2a: Sceptile\n|-end|p2a: Sceptile|Substitute\n|-heal|p1a: Passimian|101/302 tox|[from] drain|[of] p2a: Sceptile\n|\n|-heal|p1a: Passimian|119/302 tox|[from] item: Leftovers\n|-damage|p1a: Passimian|83/302 tox|[from] psn\n|upkeep\n|turn|18\n|inactive|TechBuster has 120 seconds left.\n|\n|t:|1718817860\n|move|p2a: Sceptile|Giga Drain|p1a: Passimian\n|-damage|p1a: Passimian|0 fnt\n|faint|p1a: Passimian\n|\n|upkeep\n|inactive|TechBuster has 120 seconds left.\n|inactive|TechBuster has 90 seconds left.\n|\n|t:|1718817897\n|switch|p1a: Deoxys|Deoxys-Attack, L72|238/238\n|-status|p1a: Deoxys|tox\n|turn|19\n|inactive|TechBuster has 90 seconds left.\n|\n|t:|1718817907\n|switch|p2a: Sylveon|Sylveon, L85, M|300/300\n|move|p1a: Deoxys|Flamethrower|p2a: Sylveon\n|-damage|p2a: Sylveon|226/300\n|-damage|p1a: Deoxys|215/238 tox|[from] item: Life Orb\n|\n|-heal|p2a: Sylveon|244/300|[from] item: Leftovers\n|-damage|p1a: Deoxys|201/238 tox|[from] psn\n|upkeep\n|turn|20\n|inactive|TechBuster has 90 seconds left.\n|\n|t:|1718817952\n|switch|p1a: Wugtrio|Wugtrio, L91, M|212/212\n|-status|p1a: Wugtrio|tox\n|move|p2a: Sylveon|Hyper Voice|p1a: Wugtrio\n|-damage|p1a: Wugtrio|74/212 tox\n|\n|-heal|p2a: Sylveon|262/300|[from] item: Leftovers\n|-damage|p1a: Wugtrio|61/212 tox|[from] psn\n|upkeep\n|turn|21\n|\n|t:|1718817963\n|move|p2a: Sylveon|Protect|p2a: Sylveon\n|-singleturn|p2a: Sylveon|Protect\n|move|p1a: Wugtrio|Liquidation|p2a: Sylveon\n|-activate|p2a: Sylveon|move: Protect\n|\n|-heal|p2a: Sylveon|280/300|[from] item: Leftovers\n|-damage|p1a: Wugtrio|35/212 tox|[from] psn\n|upkeep\n|turn|22\n|inactive|TechBuster has 60 seconds left.\n|\n|t:|1718817978\n|switch|p1a: Deoxys|Deoxys-Attack, L72|201/238 tox\n|move|p2a: Sylveon|Wish|p2a: Sylveon\n|\n|-heal|p2a: Sylveon|298/300|[from] item: Leftovers\n|-damage|p1a: Deoxys|187/238 tox|[from] psn\n|upkeep\n|turn|23\n|\n|t:|1718817987\n|move|p1a: Deoxys|Nasty Plot|p1a: Deoxys\n|-boost|p1a: Deoxys|spa|2\n|move|p2a: Sylveon|Hyper Voice|p1a: Deoxys\n|-supereffective|p1a: Deoxys\n|-damage|p1a: Deoxys|0 fnt\n|replace|p1a: Zoroark|Zoroark, L84, F\n|-end|p1a: Zoroark|Illusion\n|-hint|Illusion Level Mod is active, so this Pok\u00e9mon's true level was hidden.\n|faint|p1a: Zoroark\n|\n|-heal|p2a: Sylveon|300/300|[from] move: Wish|[wisher] Sylveon\n|upkeep\n|\n|t:|1718817994\n|switch|p1a: Deoxys|Deoxys-Attack, L72, tera:Psychic|161/191 tox\n|-ability|p1a: Deoxys|Pressure\n|turn|24\n|\n|t:|1718817999\n|move|p2a: Sylveon|Protect|p2a: Sylveon\n|-singleturn|p2a: Sylveon|Protect\n|move|p1a: Deoxys|Psycho Boost|p2a: Sylveon\n|-activate|p2a: Sylveon|move: Protect\n|\n|-damage|p1a: Deoxys|150/191 tox|[from] psn\n|upkeep\n|turn|25\n|\n|t:|1718818003\n|switch|p2a: Copperajah|Copperajah, L86, M|350/350\n|move|p1a: Deoxys|Psycho Boost|p2a: Copperajah\n|-resisted|p2a: Copperajah\n|-damage|p2a: Copperajah|173/350\n|-unboost|p1a: Deoxys|spa|2\n|-damage|p1a: Deoxys|131/191 tox|[from] item: Life Orb\n|\n|-damage|p1a: Deoxys|109/191 tox|[from] psn\n|upkeep\n|turn|26\n|inactive|TechBuster has 90 seconds left.\n|\n|t:|1718818009\n|move|p1a: Deoxys|Superpower|p2a: Copperajah\n|-supereffective|p2a: Copperajah\n|-damage|p2a: Copperajah|0 fnt\n|-unboost|p1a: Deoxys|atk|1\n|-unboost|p1a: Deoxys|def|1\n|faint|p2a: Copperajah\n|-damage|p1a: Deoxys|90/191 tox|[from] item: Life Orb\n|\n|-damage|p1a: Deoxys|57/191 tox|[from] psn\n|upkeep\n|\n|t:|1718818012\n|switch|p2a: Sceptile|Sceptile, L87, M|264/264\n|turn|27\n|\n|t:|1718818018\n|move|p2a: Sceptile|Giga Drain|p1a: Deoxys\n|-damage|p1a: Deoxys|0 fnt\n|faint|p1a: Deoxys\n|\n|upkeep\n|\n|t:|1718818020\n|switch|p1a: Wugtrio|Wugtrio, L91, M|35/212 tox\n|turn|28\n|\n|t:|1718818025\n|move|p1a: Wugtrio|Throat Chop|p2a: Sceptile\n|-damage|p2a: Sceptile|134/264\n|-start|p2a: Sceptile|Throat Chop|[silent]\n|move|p2a: Sceptile|Leech Seed|p1a: Wugtrio\n|-start|p1a: Wugtrio|move: Leech Seed\n|\n|-heal|p2a: Sceptile|150/264|[from] item: Leftovers\n|-damage|p1a: Wugtrio|9/212 tox|[from] Leech Seed|[of] p2a: Sceptile\n|-heal|p2a: Sceptile|176/264|[silent]\n|-damage|p1a: Wugtrio|0 fnt|[from] psn\n|faint|p1a: Wugtrio\n|\n|win|MasterJ007\n|upkeep\n|raw|TechBuster's rating: 2387 &rarr; <strong>2367</strong><br />(-20 for losing)\n|raw|MasterJ007's rating: 2387 &rarr; <strong>2407</strong><br />(+20 for winning)\n|c|\u2606TechBuster|gg\n", "inputlog": ">version 8819e60f9a01cede7471b534a2fb53a3a85674fc\n>start {\"formatid\":\"gen9randombattle\",\"seed\":[27284,40564,12121,41924],\"rated\":\"Rated battle\"}\n>player p1 {\"name\":\"TechBuster\",\"avatar\":\"cynthia\",\"rating\":2387,\"seed\":[1085,46981,56432,7806]}\n>player p2 {\"name\":\"MasterJ007\",\"avatar\":\"#rbtt7teamsuicune\",\"rating\":2387,\"seed\":[48088,40652,1323,50003]}\n>p1 move focusblast\n>p2 move heavyslam\n>p1 move protect\n>p2 move heavyslam\n>p1 move focusblast\n>p2 move heavyslam\n>p1 switch 4\n>p1 move bulkup\n>p2 switch 4\n>p1 move knockoff\n>p2 move dynamaxcannon\n>p1 switch 6\n>p2 move dynamaxcannon\n>p1 move bulkup\n>p2 move recover\n>p1 move roost\n>p2 move toxicspikes\n>p1 move bravebird\n>p2 move toxicspikes\n>p1 move roost\n>p2 move dynamaxcannon\n>p1 move roost\n>p2 move dynamaxcannon\n>p1 move roost\n>p2 move dynamaxcannon\n>p1 move bravebird\n>p2 move dynamaxcannon\n>p2 switch 5\n>p1 move bravebird\n>p2 move hydropump\n>p1 switch 2\n>p1 move psychoboost terastallize\n>p2 move icebeam\n>p2 switch 2\n>p1 switch 6\n>p2 move substitute\n>p1 move drainpunch\n>p2 move gigadrain\n>p1 move gunkshot\n>p2 move gigadrain\n>p1 switch 3\n>p1 move flamethrower\n>p2 switch 6\n>p1 switch 5\n>p2 move hypervoice\n>p1 move liquidation\n>p2 move protect\n>p1 switch 5\n>p2 move wish\n>p1 move nastyplot\n>p2 move hypervoice\n>p1 switch 6\n>p1 move psychoboost\n>p2 move protect\n>p1 move psychoboost\n>p2 switch 4\n>p1 move superpower\n>p2 move heavyslam\n>p2 switch 6\n>p1 move psychoboost\n>p2 move gigadrain\n>p1 switch 5\n>p1 move throatchop\n>p2 move leechseed", "uploadtime": 1718818028, "views": 177, "formatid": "gen9randombattle", "rating": 2367, "private": 0, "password": null}