{"id": "gen9randombattle-2260824128", "format": "[Gen 9] Random Battle", "players": ["Kemaster", "Fiske53"], "log": "|j|\u2606Kemaster\n|j|\u2606Fiske53\n|t:|1733898715\n|gametype|singles\n|player|p1|Kemaster|red|1474\n|player|p2|Fiske53|steven|1513\n|teamsize|p1|6\n|teamsize|p2|6\n|gen|9\n|tier|[Gen 9] Random Battle\n|rated|\n|rule|Species Clause: Limit one of each Pok\u00e9mon\n|rule|HP Percentage Mod: HP is shown in percentages\n|rule|Sleep Clause Mod: Limit one foe put to sleep\n|rule|Illusion Level Mod: Illusion disguises the Pok\u00e9mon's true level\n|\n|t:|1733898715\n|start\n|switch|p1a: Victreebel|Victreebel, L90, F|290/290\n|switch|p2a: Salamence|Salamence, L77, F|273/273\n|-ability|p2a: Salamence|Intimidate|boost\n|-unboost|p1a: Victreebel|atk|1\n|turn|1\n|inactive|Battle timer is ON: inactive players will automatically lose when time's up. (requested by Fiske53)\n|\n|t:|1733898727\n|switch|p1a: Iron Treads|Iron Treads, L77|265/265\n|move|p2a: Salamence|Dual Wingbeat|p1a: Iron Treads\n|-resisted|p1a: Iron Treads\n|-damage|p1a: Iron Treads|244/265\n|-resisted|p1a: Iron Treads\n|-damage|p1a: Iron Treads|226/265\n|-hitcount|p1a: Iron Treads|2\n|\n|upkeep\n|turn|2\n|\n|t:|1733898737\n|switch|p2a: Perrserker|Perrserker, L89, M|269/269\n|move|p1a: Iron Treads|Rapid Spin|p2a: Perrserker\n|-resisted|p2a: Perrserker\n|-damage|p2a: Perrserker|256/269\n|-boost|p1a: Iron Treads|spe|1\n|\n|upkeep\n|turn|3\n|\n|t:|1733898741\n|move|p1a: Iron Treads|Earthquake|p2a: Perrserker\n|-supereffective|p2a: Perrserker\n|-damage|p2a: Perrserker|86/269\n|move|p2a: Perrserker|Stealth Rock|p1a: Iron Treads\n|-sidestart|p1: Kemaster|move: Stealth Rock\n|\n|upkeep\n|turn|4\n|\n|t:|1733898747\n|switch|p2a: Swanna|Swanna, L88, M|275/275\n|move|p1a: Iron Treads|Earthquake|p2a: Swanna\n|-immune|p2a: Swanna\n|\n|upkeep\n|turn|5\n|\n|t:|1733898756\n|move|p1a: Iron Treads|Rapid Spin|p2a: Swanna\n|-damage|p2a: Swanna|235/275\n|-boost|p1a: Iron Treads|spe|1\n|-sideend|p1: Kemaster|Stealth Rock|[from] move: Rapid Spin|[of] p1a: Iron Treads\n|move|p2a: Swanna|Hydro Pump|p1a: Iron Treads\n|-supereffective|p1a: Iron Treads\n|-damage|p1a: Iron Treads|22/265\n|\n|upkeep\n|turn|6\n|\n|t:|1733898766\n|-end|p1a: Iron Treads|Quark Drive|[silent]\n|switch|p1a: Victreebel|Victreebel, L90, F|290/290\n|move|p2a: Swanna|Hydro Pump|p1a: Victreebel\n|-resisted|p1a: Victreebel\n|-damage|p1a: Victreebel|229/290\n|\n|upkeep\n|turn|7\n|\n|t:|1733898771\n|move|p2a: Swanna|Brave Bird|p1a: Victreebel\n|-supereffective|p1a: Victreebel\n|-damage|p1a: Victreebel|0 fnt\n|faint|p1a: Victreebel\n|-damage|p2a: Swanna|159/275|[from] Recoil\n|\n|upkeep\n|\n|t:|1733898780\n|switch|p1a: Dragapult|Dragapult, L77, F|262/262\n|turn|8\n|\n|t:|1733898785\n|move|p1a: Dragapult|Draco Meteor|p2a: Swanna\n|-damage|p2a: Swanna|0 fnt\n|-unboost|p1a: Dragapult|spa|2\n|faint|p2a: Swanna\n|\n|upkeep\n|\n|t:|1733898796\n|switch|p2a: Cetitan|Cetitan, L82, F|412/412\n|turn|9\n|\n|t:|1733898801\n|switch|p1a: Emboar|Emboar, L84, F|322/322\n|move|p2a: Cetitan|Belly Drum|p2a: Cetitan\n|-damage|p2a: Cetitan|206/412\n|-setboost|p2a: Cetitan|atk|6|[from] move: Belly Drum\n|-enditem|p2a: Cetitan|Sitrus Berry|[eat]\n|-heal|p2a: Cetitan|309/412|[from] item: Sitrus Berry\n|\n|upkeep\n|turn|10\n|\n|t:|1733898810\n|move|p2a: Cetitan|Earthquake|p1a: Emboar\n|-supereffective|p1a: Emboar\n|-damage|p1a: Emboar|0 fnt\n|faint|p1a: Emboar\n|\n|upkeep\n|\n|t:|1733898813\n|switch|p1a: Iron Treads|Iron Treads, L77|22/265\n|turn|11\n|\n|t:|1733898815\n|move|p2a: Cetitan|Ice Shard|p1a: Iron Treads\n|-damage|p1a: Iron Treads|0 fnt\n|faint|p1a: Iron Treads\n|-end|p1a: Iron Treads|Quark Drive|[silent]\n|\n|upkeep\n|\n|t:|1733898820\n|switch|p1a: Mew|Mew, L82|298/298\n|turn|12\n|\n|t:|1733898831\n|-terastallize|p2a: Cetitan|Ice\n|move|p2a: Cetitan|Ice Shard|p1a: Mew\n|-damage|p1a: Mew|62/298\n|move|p1a: Mew|Aura Sphere|p2a: Cetitan\n|-supereffective|p2a: Cetitan\n|-damage|p2a: Cetitan|104/412\n|-damage|p1a: Mew|33/298|[from] item: Life Orb\n|\n|upkeep\n|turn|13\n|\n|t:|1733898839\n|move|p2a: Cetitan|Ice Shard|p1a: Mew\n|-damage|p1a: Mew|0 fnt\n|faint|p1a: Mew\n|\n|upkeep\n|\n|t:|1733898841\n|switch|p1a: Hydreigon|Hydreigon, L79, F|275/275\n|turn|14\n|\n|t:|1733898845\n|move|p2a: Cetitan|Ice Shard|p1a: Hydreigon\n|-supereffective|p1a: Hydreigon\n|-damage|p1a: Hydreigon|0 fnt\n|faint|p1a: Hydreigon\n|\n|upkeep\n|\n|t:|1733898848\n|switch|p1a: Dragapult|Dragapult, L77, F|262/262\n|turn|15\n|\n|t:|1733898850\n|move|p2a: Cetitan|Ice Shard|p1a: Dragapult\n|-supereffective|p1a: Dragapult\n|-damage|p1a: Dragapult|0 fnt\n|faint|p1a: Dragapult\n|\n|win|Fiske53\n|raw|Kemaster's rating: 1474 &rarr; <strong>1456</strong><br />(-18 for losing)\n|raw|Fiske53's rating: 1513 &rarr; <strong>1531</strong><br />(+18 for winning)\n|l|\u2606Kemaster\n|player|p1|\n", "inputlog": ">version bfd83cad13791eb5a5a409923076391caf6fb4d4\n>start {\"formatid\":\"gen9randombattle\",\"seed\":[58312,49033,15871,44792],\"rated\":\"Rated battle\"}\n>player p1 {\"name\":\"Kemaster\",\"avatar\":\"red\",\"rating\":1474,\"seed\":[42760,11652,38072,15066]}\n>player p2 {\"name\":\"Fiske53\",\"avatar\":\"steven\",\"rating\":1513,\"seed\":[29978,52093,62988,13496]}\n>p1 switch 3\n>p2 move dualwingbeat\n>p1 move rapidspin\n>p2 switch 4\n>p1 move earthquake\n>p2 move stealthrock\n>p1 move earthquake\n>p2 switch 3\n>p1 move rapidspin\n>p2 move hydropump\n>p1 switch 3\n>p2 move hydropump\n>p1 move sunnyday\n>p2 move bravebird\n>p1 switch 6\n>p1 move dracometeor\n>p2 move bravebird\n>p2 switch 6\n>p1 switch 2\n>p2 move bellydrum\n>p1 move flareblitz\n>p2 move earthquake\n>p1 switch 3\n>p1 move ironhead\n>p2 move iceshard\n>p1 switch 5\n>p1 move aurasphere\n>p2 move iceshard terastallize\n>p1 move aurasphere\n>p2 move iceshard\n>p1 switch 4\n>p1 move darkpulse\n>p2 move iceshard\n>p1 switch 2\n>p1 move shadowball\n>p2 move iceshard", "uploadtime": 1733898857, "views": 1, "formatid": "gen9randombattle", "rating": 1456, "private": 0, "password": null}