{"id": "gen9randombattle-2260745397", "format": "[Gen 9] Random Battle", "players": ["CarlosIX", "Oozaru16"], "log": "|j|\u2606CarlosIX\n|j|\u2606Oozaru16\n|t:|1733886019\n|gametype|singles\n|player|p1|CarlosIX|265|1392\n|player|p2|Oozaru16|linebacker|1443\n|teamsize|p1|6\n|teamsize|p2|6\n|gen|9\n|tier|[Gen 9] Random Battle\n|rated|\n|rule|Species Clause: Limit one of each Pok\u00e9mon\n|rule|HP Percentage Mod: HP is shown in percentages\n|rule|Sleep Clause Mod: Limit one foe put to sleep\n|rule|Illusion Level Mod: Illusion disguises the Pok\u00e9mon's true level\n|\n|t:|1733886019\n|start\n|switch|p1a: Rotom|Rotom-Mow, L86|226/226\n|switch|p2a: Avalugg|Avalugg, L88, F|310/310\n|turn|1\n|inactive|Battle timer is ON: inactive players will automatically lose when time's up. (requested by Oozaru16)\n|\n|t:|1733886029\n|switch|p2a: Weezing|Weezing, L88, M|258/258\n|move|p1a: Rotom|Trick|p2a: Weezing\n|-activate|p1a: Rotom|move: Trick|[of] p2a: Weezing\n|-item|p2a: Weezing|Choice Scarf|[from] move: Trick\n|-item|p1a: Rotom|Leftovers|[from] move: Trick\n|\n|upkeep\n|turn|2\n|\n|t:|1733886046\n|switch|p1a: Mudsdale|Mudsdale, L84, M|305/305\n|move|p2a: Weezing|Gunk Shot|p1a: Mudsdale\n|-resisted|p1a: Mudsdale\n|-damage|p1a: Mudsdale|246/305\n|-ability|p1a: Mudsdale|Stamina|boost\n|-boost|p1a: Mudsdale|def|1\n|\n|-heal|p1a: Mudsdale|265/305|[from] item: Leftovers\n|upkeep\n|turn|3\n|\n|t:|1733886062\n|switch|p2a: Braviary|Braviary, L85, M|309/309\n|move|p1a: Mudsdale|Roar|p2a: Braviary\n|drag|p2a: Pecharunt|Pecharunt, L77|262/262\n|\n|-heal|p1a: Mudsdale|284/305|[from] item: Leftovers\n|upkeep\n|turn|4\n|\n|t:|1733886074\n|move|p2a: Pecharunt|Parting Shot|p1a: Mudsdale\n|-unboost|p1a: Mudsdale|atk|1\n|-unboost|p1a: Mudsdale|spa|1\n|\n|t:|1733886076\n|switch|p2a: Braviary|Braviary, L85, M|309/309|[from] Parting Shot\n|move|p1a: Mudsdale|Stealth Rock|p2a: Braviary\n|-sidestart|p2: Oozaru16|move: Stealth Rock\n|\n|-heal|p1a: Mudsdale|303/305|[from] item: Leftovers\n|upkeep\n|turn|5\n|\n|t:|1733886087\n|move|p2a: Braviary|Bulk Up|p2a: Braviary\n|-boost|p2a: Braviary|atk|1\n|-boost|p2a: Braviary|def|1\n|move|p1a: Mudsdale|Roar|p2a: Braviary\n|drag|p2a: Ambipom|Ambipom, L84, F|263/263\n|-damage|p2a: Ambipom|231/263|[from] Stealth Rock\n|\n|-heal|p1a: Mudsdale|305/305|[from] item: Leftovers\n|upkeep\n|turn|6\n|\n|t:|1733886099\n|move|p2a: Ambipom|Knock Off|p1a: Mudsdale\n|-damage|p1a: Mudsdale|265/305\n|-ability|p1a: Mudsdale|Stamina|boost\n|-boost|p1a: Mudsdale|def|1\n|-enditem|p1a: Mudsdale|Leftovers|[from] move: Knock Off|[of] p2a: Ambipom\n|move|p1a: Mudsdale|Roar|p2a: Ambipom\n|drag|p2a: Avalugg|Avalugg, L88, F|310/310\n|\n|upkeep\n|turn|7\n|\n|t:|1733886112\n|switch|p1a: Infernape|Infernape, L82, F|259/259\n|move|p2a: Avalugg|Avalanche|p1a: Infernape\n|-resisted|p1a: Infernape\n|-damage|p1a: Infernape|211/259\n|\n|upkeep\n|turn|8\n|\n|t:|1733886121\n|move|p1a: Infernape|Stone Edge|p2a: Avalugg\n|-supereffective|p2a: Avalugg\n|-damage|p2a: Avalugg|232/310\n|move|p2a: Avalugg|Avalanche|p1a: Infernape\n|-resisted|p1a: Infernape\n|-damage|p1a: Infernape|117/259\n|\n|upkeep\n|turn|9\n|\n|t:|1733886132\n|switch|p1a: Golduck|Golduck, L90, F|290/290\n|-ability|p1a: Golduck|Cloud Nine\n|move|p2a: Avalugg|Recover|p2a: Avalugg\n|-heal|p2a: Avalugg|310/310\n|\n|upkeep\n|turn|10\n|\n|t:|1733886146\n|move|p1a: Golduck|Grass Knot|p2a: Avalugg\n|-damage|p2a: Avalugg|80/310\n|move|p2a: Avalugg|Rapid Spin|p1a: Golduck\n|-damage|p1a: Golduck|246/290\n|-boost|p2a: Avalugg|spe|1\n|-sideend|p2: Oozaru16|Stealth Rock|[from] move: Rapid Spin|[of] p2a: Avalugg\n|\n|upkeep\n|turn|11\n|\n|t:|1733886151\n|move|p1a: Golduck|Grass Knot|p2a: Avalugg\n|-damage|p2a: Avalugg|0 fnt\n|faint|p2a: Avalugg\n|\n|upkeep\n|\n|t:|1733886153\n|switch|p2a: Weezing|Weezing, L88, M|258/258\n|turn|12\n|\n|t:|1733886157\n|switch|p1a: Mudsdale|Mudsdale, L84, M|265/305\n|move|p2a: Weezing|Gunk Shot|p1a: Mudsdale\n|-resisted|p1a: Mudsdale\n|-damage|p1a: Mudsdale|208/305\n|-status|p1a: Mudsdale|psn\n|-ability|p1a: Mudsdale|Stamina|boost\n|-boost|p1a: Mudsdale|def|1\n|\n|-damage|p1a: Mudsdale|170/305 psn|[from] psn\n|upkeep\n|turn|13\n|\n|t:|1733886169\n|move|p2a: Weezing|Gunk Shot|p1a: Mudsdale\n|-resisted|p1a: Mudsdale\n|-damage|p1a: Mudsdale|131/305 psn\n|-ability|p1a: Mudsdale|Stamina|boost\n|-boost|p1a: Mudsdale|def|1\n|move|p1a: Mudsdale|Stealth Rock|p2a: Weezing\n|-sidestart|p2: Oozaru16|move: Stealth Rock\n|\n|-damage|p1a: Mudsdale|93/305 psn|[from] psn\n|upkeep\n|turn|14\n|\n|t:|1733886182\n|move|p2a: Weezing|Gunk Shot|p1a: Mudsdale\n|-resisted|p1a: Mudsdale\n|-damage|p1a: Mudsdale|61/305 psn\n|-ability|p1a: Mudsdale|Stamina|boost\n|-boost|p1a: Mudsdale|def|1\n|move|p1a: Mudsdale|Heavy Slam|p2a: Weezing\n|-damage|p2a: Weezing|176/258\n|\n|-damage|p1a: Mudsdale|23/305 psn|[from] psn\n|upkeep\n|turn|15\n|\n|t:|1733886192\n|move|p2a: Weezing|Gunk Shot|p1a: Mudsdale\n|-resisted|p1a: Mudsdale\n|-damage|p1a: Mudsdale|0 fnt\n|faint|p1a: Mudsdale\n|\n|upkeep\n|\n|t:|1733886207\n|switch|p1a: Infernape|Infernape, L82, F|117/259\n|turn|16\n|\n|t:|1733886213\n|move|p1a: Infernape|Flare Blitz|p2a: Weezing\n|-damage|p2a: Weezing|85/258\n|-damage|p1a: Infernape|87/259|[from] Recoil\n|move|p2a: Weezing|Gunk Shot|p1a: Infernape\n|-damage|p1a: Infernape|0 fnt\n|faint|p1a: Infernape\n|\n|upkeep\n|\n|t:|1733886224\n|switch|p1a: Golduck|Golduck, L90, F|246/290\n|-ability|p1a: Golduck|Cloud Nine\n|turn|17\n|\n|t:|1733886230\n|move|p2a: Weezing|Gunk Shot|p1a: Golduck|[miss]\n|-miss|p2a: Weezing|p1a: Golduck\n|move|p1a: Golduck|Hydro Pump|p2a: Weezing\n|-damage|p2a: Weezing|0 fnt\n|faint|p2a: Weezing\n|\n|upkeep\n|\n|t:|1733886233\n|switch|p2a: Ambipom|Ambipom, L84, F|231/263\n|-damage|p2a: Ambipom|199/263|[from] Stealth Rock\n|turn|18\n|\n|t:|1733886240\n|move|p2a: Ambipom|Fake Out|p1a: Golduck\n|-damage|p1a: Golduck|164/290\n|cant|p1a: Golduck|flinch\n|\n|upkeep\n|turn|19\n|\n|t:|1733886246\n|move|p2a: Ambipom|Double-Edge|p1a: Golduck\n|-damage|p1a: Golduck|11/290\n|-damage|p2a: Ambipom|149/263|[from] Recoil\n|move|p1a: Golduck|Hydro Pump|p2a: Ambipom\n|-damage|p2a: Ambipom|0 fnt\n|faint|p2a: Ambipom\n|\n|upkeep\n|\n|t:|1733886249\n|switch|p2a: Cryogonal|Cryogonal, L89|287/287\n|turn|20\n|\n|t:|1733886257\n|move|p2a: Cryogonal|Freeze-Dry|p1a: Golduck\n|-supereffective|p1a: Golduck\n|-damage|p1a: Golduck|0 fnt\n|faint|p1a: Golduck\n|\n|upkeep\n|\n|t:|1733886263\n|switch|p1a: Volbeat|Volbeat, L90, M|263/263\n|turn|21\n|\n|t:|1733886266\n|move|p1a: Volbeat|Thunder Wave|p2a: Cryogonal\n|-status|p2a: Cryogonal|par\n|cant|p2a: Cryogonal|par\n|\n|upkeep\n|turn|22\n|\n|t:|1733886273\n|switch|p1a: Rotom|Rotom-Mow, L86|226/226\n|move|p2a: Cryogonal|Freeze-Dry|p1a: Rotom\n|-supereffective|p1a: Rotom\n|-damage|p1a: Rotom|82/226\n|\n|-heal|p1a: Rotom|96/226|[from] item: Leftovers\n|upkeep\n|turn|23\n|\n|t:|1733886278\n|move|p1a: Rotom|Leaf Storm|p2a: Cryogonal\n|-damage|p2a: Cryogonal|188/287 par\n|-unboost|p1a: Rotom|spa|2\n|cant|p2a: Cryogonal|par\n|\n|-heal|p1a: Rotom|110/226|[from] item: Leftovers\n|upkeep\n|turn|24\n|\n|t:|1733886283\n|move|p1a: Rotom|Volt Switch|p2a: Cryogonal\n|-damage|p2a: Cryogonal|163/287 par\n|\n|t:|1733886286\n|switch|p1a: Volbeat|Volbeat, L90, M|263/263|[from] Volt Switch\n|move|p2a: Cryogonal|Freeze-Dry|p1a: Volbeat\n|-damage|p1a: Volbeat|184/263\n|\n|upkeep\n|turn|25\n|\n|t:|1733886292\n|move|p1a: Volbeat|Lunge|p2a: Cryogonal\n|-damage|p2a: Cryogonal|46/287 par\n|-unboost|p2a: Cryogonal|atk|1\n|move|p2a: Cryogonal|Recover|p2a: Cryogonal\n|-heal|p2a: Cryogonal|190/287 par\n|\n|upkeep\n|turn|26\n|\n|t:|1733886300\n|move|p1a: Volbeat|Encore|p2a: Cryogonal\n|-start|p2a: Cryogonal|Encore\n|move|p2a: Cryogonal|Recover|p2a: Cryogonal\n|-heal|p2a: Cryogonal|287/287 par\n|\n|upkeep\n|turn|27\n|\n|t:|1733886305\n|move|p1a: Volbeat|Roost|p1a: Volbeat\n|-heal|p1a: Volbeat|263/263\n|-singleturn|p1a: Volbeat|move: Roost\n|move|p2a: Cryogonal|Recover||[still]\n|-fail|p2a: Cryogonal|heal\n|\n|upkeep\n|turn|28\n|\n|t:|1733886311\n|switch|p2a: Pecharunt|Pecharunt, L77|262/262\n|-damage|p2a: Pecharunt|230/262|[from] Stealth Rock\n|move|p1a: Volbeat|Lunge|p2a: Pecharunt\n|-resisted|p2a: Pecharunt\n|-damage|p2a: Pecharunt|218/262\n|-unboost|p2a: Pecharunt|atk|1\n|\n|-heal|p2a: Pecharunt|234/262|[from] item: Leftovers\n|upkeep\n|turn|29\n|\n|t:|1733886323\n|move|p1a: Volbeat|Thunder Wave|p2a: Pecharunt\n|-status|p2a: Pecharunt|par\n|move|p2a: Pecharunt|Malignant Chain|p1a: Volbeat\n|-damage|p1a: Volbeat|190/263\n|-status|p1a: Volbeat|tox\n|-start|p1a: Volbeat|confusion|[from] ability: Poison Puppeteer|[of] p2a: Pecharunt\n|\n|-heal|p2a: Pecharunt|250/262 par|[from] item: Leftovers\n|-damage|p1a: Volbeat|174/263 tox|[from] psn\n|upkeep\n|turn|30\n|\n|t:|1733886332\n|-activate|p1a: Volbeat|confusion\n|move|p1a: Volbeat|Roost|p1a: Volbeat\n|-heal|p1a: Volbeat|263/263 tox\n|-singleturn|p1a: Volbeat|move: Roost\n|move|p2a: Pecharunt|Parting Shot|p1a: Volbeat\n|-unboost|p1a: Volbeat|atk|1\n|-unboost|p1a: Volbeat|spa|1\n|\n|t:|1733886334\n|switch|p2a: Cryogonal|Cryogonal, L89|287/287 par|[from] Parting Shot\n|\n|-damage|p1a: Volbeat|231/263 tox|[from] psn\n|upkeep\n|turn|31\n|\n|t:|1733886343\n|-activate|p1a: Volbeat|confusion\n|-damage|p1a: Volbeat|213/263 tox|[from] confusion\n|move|p2a: Cryogonal|Freeze-Dry|p1a: Volbeat\n|-damage|p1a: Volbeat|137/263 tox\n|\n|-damage|p1a: Volbeat|89/263 tox|[from] psn\n|upkeep\n|turn|32\n|\n|t:|1733886347\n|-activate|p1a: Volbeat|confusion\n|move|p1a: Volbeat|Roost|p1a: Volbeat\n|-heal|p1a: Volbeat|221/263 tox\n|-singleturn|p1a: Volbeat|move: Roost\n|move|p2a: Cryogonal|Flash Cannon|p1a: Volbeat\n|-damage|p1a: Volbeat|159/263 tox\n|\n|-damage|p1a: Volbeat|95/263 tox|[from] psn\n|upkeep\n|turn|33\n|\n|t:|1733886352\n|-activate|p1a: Volbeat|confusion\n|move|p1a: Volbeat|Encore|p2a: Cryogonal\n|-start|p2a: Cryogonal|Encore\n|move|p2a: Cryogonal|Flash Cannon|p1a: Volbeat\n|-damage|p1a: Volbeat|34/263 tox\n|\n|-damage|p1a: Volbeat|0 fnt|[from] psn\n|faint|p1a: Volbeat\n|upkeep\n|\n|t:|1733886354\n|switch|p1a: Brambleghast|Brambleghast, L88, M|240/240\n|turn|34\n|\n|t:|1733886361\n|move|p1a: Brambleghast|Substitute|p1a: Brambleghast\n|-start|p1a: Brambleghast|Substitute\n|-damage|p1a: Brambleghast|180/240\n|move|p2a: Cryogonal|Flash Cannon|p1a: Brambleghast\n|-end|p1a: Brambleghast|Substitute\n|\n|-heal|p1a: Brambleghast|195/240|[from] item: Leftovers\n|upkeep\n|turn|35\n|\n|t:|1733886368\n|-terastallize|p1a: Brambleghast|Water\n|move|p1a: Brambleghast|Substitute|p1a: Brambleghast\n|-start|p1a: Brambleghast|Substitute\n|-damage|p1a: Brambleghast|135/240\n|move|p2a: Cryogonal|Flash Cannon|p1a: Brambleghast\n|-resisted|p1a: Brambleghast\n|-activate|p1a: Brambleghast|move: Substitute|[damage]\n|\n|-heal|p1a: Brambleghast|150/240|[from] item: Leftovers\n|-end|p2a: Cryogonal|Encore\n|upkeep\n|turn|36\n|\n|t:|1733886372\n|move|p1a: Brambleghast|Leech Seed|p2a: Cryogonal|[miss]\n|-miss|p1a: Brambleghast|p2a: Cryogonal\n|cant|p2a: Cryogonal|par\n|\n|-heal|p1a: Brambleghast|165/240|[from] item: Leftovers\n|upkeep\n|turn|37\n|\n|t:|1733886378\n|move|p1a: Brambleghast|Leech Seed|p2a: Cryogonal\n|-start|p2a: Cryogonal|move: Leech Seed\n|cant|p2a: Cryogonal|par\n|\n|-heal|p1a: Brambleghast|180/240|[from] item: Leftovers\n|-damage|p2a: Cryogonal|252/287 par|[from] Leech Seed|[of] p1a: Brambleghast\n|-heal|p1a: Brambleghast|215/240|[silent]\n|upkeep\n|turn|38\n|\n|t:|1733886383\n|switch|p2a: Braviary|Braviary, L85, M|309/309\n|move|p1a: Brambleghast|Poltergeist|p2a: Braviary\n|-immune|p2a: Braviary\n|\n|-heal|p1a: Brambleghast|230/240|[from] item: Leftovers\n|upkeep\n|turn|39\n|\n|t:|1733886393\n|move|p1a: Brambleghast|Leech Seed|p2a: Braviary\n|-start|p2a: Braviary|move: Leech Seed\n|move|p2a: Braviary|Bulk Up|p2a: Braviary\n|-boost|p2a: Braviary|atk|1\n|-boost|p2a: Braviary|def|1\n|\n|-heal|p1a: Brambleghast|240/240|[from] item: Leftovers\n|-damage|p2a: Braviary|271/309|[from] Leech Seed|[of] p1a: Brambleghast\n|upkeep\n|turn|40\n|\n|t:|1733886404\n|move|p1a: Brambleghast|Power Whip|p2a: Braviary\n|-resisted|p2a: Braviary\n|-damage|p2a: Braviary|210/309\n|move|p2a: Braviary|Brave Bird|p1a: Brambleghast\n|-end|p1a: Brambleghast|Substitute\n|-damage|p2a: Braviary|201/309|[from] Recoil|[of] p1a: Brambleghast\n|\n|-damage|p2a: Braviary|163/309|[from] Leech Seed|[of] p1a: Brambleghast\n|upkeep\n|turn|41\n|\n|t:|1733886408\n|move|p1a: Brambleghast|Substitute|p1a: Brambleghast\n|-start|p1a: Brambleghast|Substitute\n|-damage|p1a: Brambleghast|180/240\n|move|p2a: Braviary|Brave Bird|p1a: Brambleghast\n|-end|p1a: Brambleghast|Substitute\n|-damage|p2a: Braviary|143/309|[from] Recoil|[of] p1a: Brambleghast\n|\n|-heal|p1a: Brambleghast|195/240|[from] item: Leftovers\n|-damage|p2a: Braviary|105/309|[from] Leech Seed|[of] p1a: Brambleghast\n|-heal|p1a: Brambleghast|233/240|[silent]\n|upkeep\n|turn|42\n|\n|t:|1733886410\n|move|p1a: Brambleghast|Substitute|p1a: Brambleghast\n|-start|p1a: Brambleghast|Substitute\n|-damage|p1a: Brambleghast|173/240\n|move|p2a: Braviary|Roost|p2a: Braviary\n|-heal|p2a: Braviary|260/309\n|-singleturn|p2a: Braviary|move: Roost\n|\n|-heal|p1a: Brambleghast|188/240|[from] item: Leftovers\n|-damage|p2a: Braviary|222/309|[from] Leech Seed|[of] p1a: Brambleghast\n|-heal|p1a: Brambleghast|226/240|[silent]\n|upkeep\n|turn|43\n|\n|t:|1733886421\n|move|p1a: Brambleghast|Power Whip|p2a: Braviary\n|-resisted|p2a: Braviary\n|-damage|p2a: Braviary|165/309\n|move|p2a: Braviary|Roost|p2a: Braviary\n|-heal|p2a: Braviary|309/309\n|-singleturn|p2a: Braviary|move: Roost\n|\n|-heal|p1a: Brambleghast|240/240|[from] item: Leftovers\n|-damage|p2a: Braviary|271/309|[from] Leech Seed|[of] p1a: Brambleghast\n|upkeep\n|turn|44\n|\n|t:|1733886436\n|switch|p2a: Pecharunt|Pecharunt, L77|250/262 par\n|-damage|p2a: Pecharunt|218/262 par|[from] Stealth Rock\n|move|p1a: Brambleghast|Power Whip|p2a: Pecharunt|[miss]\n|-miss|p1a: Brambleghast|p2a: Pecharunt\n|\n|-heal|p2a: Pecharunt|234/262 par|[from] item: Leftovers\n|upkeep\n|turn|45\n|\n|t:|1733886449\n|-terastallize|p2a: Pecharunt|Dark\n|move|p1a: Brambleghast|Leech Seed|p2a: Pecharunt\n|-start|p2a: Pecharunt|move: Leech Seed\n|move|p2a: Pecharunt|Parting Shot|p1a: Brambleghast\n|-unboost|p1a: Brambleghast|atk|1\n|-unboost|p1a: Brambleghast|spa|1\n|\n|t:|1733886453\n|switch|p2a: Braviary|Braviary, L85, M|271/309|[from] Parting Shot\n|\n|upkeep\n|turn|46\n|\n|t:|1733886457\n|switch|p2a: Pecharunt|Pecharunt, L77, tera:Dark|234/262 par\n|-damage|p2a: Pecharunt|202/262 par|[from] Stealth Rock\n|move|p1a: Brambleghast|Leech Seed|p2a: Pecharunt\n|-start|p2a: Pecharunt|move: Leech Seed\n|\n|-heal|p2a: Pecharunt|218/262 par|[from] item: Leftovers\n|-damage|p2a: Pecharunt|186/262 par|[from] Leech Seed|[of] p1a: Brambleghast\n|upkeep\n|turn|47\n|\n|t:|1733886466\n|move|p1a: Brambleghast|Leech Seed||[still]\n|-fail|p1a: Brambleghast\n|move|p2a: Pecharunt|Parting Shot|p1a: Brambleghast\n|-unboost|p1a: Brambleghast|atk|1\n|-unboost|p1a: Brambleghast|spa|1\n|\n|t:|1733886475\n|switch|p2a: Braviary|Braviary, L85, M|271/309|[from] Parting Shot\n|\n|upkeep\n|turn|48\n|\n|t:|1733886483\n|switch|p2a: Pecharunt|Pecharunt, L77, tera:Dark|186/262 par\n|-damage|p2a: Pecharunt|154/262 par|[from] Stealth Rock\n|move|p1a: Brambleghast|Leech Seed|p2a: Pecharunt\n|-start|p2a: Pecharunt|move: Leech Seed\n|\n|-heal|p2a: Pecharunt|170/262 par|[from] item: Leftovers\n|-damage|p2a: Pecharunt|138/262 par|[from] Leech Seed|[of] p1a: Brambleghast\n|upkeep\n|turn|49\n|\n|t:|1733886493\n|move|p1a: Brambleghast|Leech Seed||[still]\n|-fail|p1a: Brambleghast\n|move|p2a: Pecharunt|Recover|p2a: Pecharunt\n|-heal|p2a: Pecharunt|262/262 par\n|\n|-damage|p2a: Pecharunt|230/262 par|[from] Leech Seed|[of] p1a: Brambleghast\n|upkeep\n|turn|50\n|\n|t:|1733886502\n|move|p1a: Brambleghast|Poltergeist|p2a: Pecharunt\n|-activate|p2a: Pecharunt|move: Poltergeist|Leftovers\n|-resisted|p2a: Pecharunt\n|-damage|p2a: Pecharunt|206/262 par\n|move|p2a: Pecharunt|Parting Shot|p1a: Brambleghast\n|-unboost|p1a: Brambleghast|atk|1\n|-unboost|p1a: Brambleghast|spa|1\n|\n|t:|1733886505\n|switch|p2a: Braviary|Braviary, L85, M|271/309|[from] Parting Shot\n|\n|upkeep\n|turn|51\n|\n|t:|1733886509\n|move|p1a: Brambleghast|Leech Seed|p2a: Braviary\n|-start|p2a: Braviary|move: Leech Seed\n|move|p2a: Braviary|Bulk Up|p2a: Braviary\n|-boost|p2a: Braviary|atk|1\n|-boost|p2a: Braviary|def|1\n|\n|-damage|p2a: Braviary|233/309|[from] Leech Seed|[of] p1a: Brambleghast\n|upkeep\n|turn|52\n|\n|t:|1733886516\n|switch|p2a: Pecharunt|Pecharunt, L77, tera:Dark|206/262 par\n|-damage|p2a: Pecharunt|174/262 par|[from] Stealth Rock\n|move|p1a: Brambleghast|Power Whip|p2a: Pecharunt\n|-damage|p2a: Pecharunt|131/262 par\n|\n|-heal|p2a: Pecharunt|147/262 par|[from] item: Leftovers\n|upkeep\n|turn|53\n|\n|t:|1733886524\n|move|p1a: Brambleghast|Leech Seed|p2a: Pecharunt\n|-start|p2a: Pecharunt|move: Leech Seed\n|move|p2a: Pecharunt|Recover|p2a: Pecharunt\n|-heal|p2a: Pecharunt|262/262 par\n|\n|-damage|p2a: Pecharunt|230/262 par|[from] Leech Seed|[of] p1a: Brambleghast\n|upkeep\n|turn|54\n|\n|t:|1733886532\n|move|p1a: Brambleghast|Power Whip|p2a: Pecharunt\n|-damage|p2a: Pecharunt|187/262 par\n|cant|p2a: Pecharunt|par\n|\n|-heal|p2a: Pecharunt|203/262 par|[from] item: Leftovers\n|-damage|p2a: Pecharunt|171/262 par|[from] Leech Seed|[of] p1a: Brambleghast\n|upkeep\n|turn|55\n|\n|t:|1733886538\n|switch|p2a: Braviary|Braviary, L85, M|233/309\n|move|p1a: Brambleghast|Power Whip|p2a: Braviary\n|-resisted|p2a: Braviary\n|-damage|p2a: Braviary|200/309\n|\n|upkeep\n|turn|56\n|\n|t:|1733886547\n|move|p1a: Brambleghast|Leech Seed|p2a: Braviary\n|-start|p2a: Braviary|move: Leech Seed\n|move|p2a: Braviary|Roost|p2a: Braviary\n|-heal|p2a: Braviary|309/309\n|-singleturn|p2a: Braviary|move: Roost\n|\n|-damage|p2a: Braviary|271/309|[from] Leech Seed|[of] p1a: Brambleghast\n|upkeep\n|turn|57\n|\n|t:|1733886562\n|switch|p1a: Rotom|Rotom-Mow, L86|110/226\n|move|p2a: Braviary|Brave Bird|p1a: Rotom\n|-damage|p1a: Rotom|0 fnt\n|faint|p1a: Rotom\n|-damage|p2a: Braviary|235/309|[from] Recoil\n|\n|upkeep\n|-message|CarlosIX forfeited.\n|\n|win|Oozaru16\n|raw|CarlosIX's rating: 1392 &rarr; <strong>1375</strong><br />(-17 for losing)\n|raw|Oozaru16's rating: 1443 &rarr; <strong>1460</strong><br />(+17 for winning)\n|l|\u2606CarlosIX\n|player|p1|\n", "inputlog": ">version bfd83cad13791eb5a5a409923076391caf6fb4d4\n>start {\"formatid\":\"gen9randombattle\",\"seed\":[33633,21852,49030,14175],\"rated\":\"Rated battle\"}\n>player p1 {\"name\":\"CarlosIX\",\"avatar\":\"265\",\"rating\":1392,\"seed\":[56022,7254,21438,37021]}\n>player p2 {\"name\":\"Oozaru16\",\"avatar\":\"linebacker\",\"rating\":1443,\"seed\":[14994,25141,62761,14593]}\n>p1 move trick\n>p2 switch 6\n>p1 switch 3\n>p2 move gunkshot\n>p1 move roar\n>p2 switch 5\n>p1 move stealthrock\n>p2 move partingshot\n>p2 switch 4\n>p1 move roar\n>p2 move bulkup\n>p1 move roar\n>p2 move knockoff\n>p1 switch 6\n>p2 move avalanche\n>p1 move stoneedge\n>p2 move avalanche\n>p1 switch 5\n>p2 move recover\n>p1 move grassknot\n>p2 move rapidspin\n>p1 move grassknot\n>p2 move avalanche\n>p2 switch 5\n>p1 switch 6\n>p2 move gunkshot\n>p1 move stealthrock\n>p2 move gunkshot\n>p1 move heavyslam\n>p2 move gunkshot\n>p1 move heavyslam\n>p2 move gunkshot\n>p1 switch 5\n>p1 move flareblitz\n>p2 move gunkshot\n>p1 switch 6\n>p1 move hydropump\n>p2 move gunkshot\n>p2 switch 6\n>p1 move hydropump\n>p2 move fakeout\n>p1 move hydropump\n>p2 move doubleedge\n>p2 switch 3\n>p1 move hydropump\n>p2 move freezedry\n>p1 switch 4\n>p1 move thunderwave\n>p2 move freezedry\n>p1 switch 3\n>p2 move freezedry\n>p1 move leafstorm\n>p2 move freezedry\n>p1 move voltswitch\n>p2 move freezedry\n>p1 switch 3\n>p1 move lunge\n>p2 move recover\n>p1 move encore\n>p2 move recover\n>p1 move roost\n>p2 move recover\n>p1 move lunge\n>p2 switch 4\n>p1 move thunderwave\n>p2 move malignantchain\n>p1 move roost\n>p2 move partingshot\n>p2 switch 4\n>p1 move roost\n>p2 move freezedry\n>p1 move roost\n>p2 move flashcannon\n>p1 move encore\n>p2 move flashcannon\n>p1 switch 2\n>p1 move substitute\n>p2 move flashcannon\n>p1 move substitute terastallize\n>p2 move flashcannon\n>p1 move leechseed\n>p2 move freezedry\n>p1 move leechseed\n>p2 move freezedry\n>p1 move poltergeist\n>p2 switch 2\n>p1 move leechseed\n>p2 move bulkup\n>p1 move powerwhip\n>p2 move bravebird\n>p1 move substitute\n>p2 move bravebird\n>p1 move substitute\n>p2 move roost\n>p1 move powerwhip\n>p2 move roost\n>p1 move powerwhip\n>p2 switch 4\n>p1 move leechseed\n>p2 move partingshot terastallize\n>p2 switch 4\n>p1 move leechseed\n>p2 switch 4\n>p1 move leechseed\n>p2 move partingshot\n>p2 switch 4\n>p1 move leechseed\n>p2 switch 4\n>p1 move leechseed\n>p2 move recover\n>p1 move poltergeist\n>p2 move partingshot\n>p2 switch 4\n>p1 move leechseed\n>p2 move bulkup\n>p1 move powerwhip\n>p2 switch 4\n>p1 move leechseed\n>p2 move recover\n>p1 move powerwhip\n>p2 move partingshot\n>p1 move powerwhip\n>p2 switch 4\n>p1 move leechseed\n>p2 move roost\n>p1 switch 3\n>p2 move bravebird\n>forcelose p1", "uploadtime": 1733886581, "views": 6, "formatid": "gen9randombattle", "rating": 1375, "private": 0, "password": null}