{"id": "gen9randombattle-2103559750", "format": "[Gen 9] Random Battle", "players": ["mapss", "pokeblade\u2606101"], "log": "|uhtml|medal-msg|<div class=\"broadcast-blue\">Curious what those medals under the avatar are? PS now has Ladder Seasons! For more information, check out the <a href=\"https://www.smogon.com/forums/threads/3740067/\">thread on Smogon.</a></div>\n|badge|p2|gold|gen9randombattle|3-1\n|uhtml|medal-msg|<div class=\"broadcast-blue\">Curious what those medals under the avatar are? PS now has Ladder Seasons! For more information, check out the <a href=\"https://www.smogon.com/forums/threads/3740067/\">thread on Smogon.</a></div>\n|j|\u2606mapss\n|j|\u2606pokeblade\u2606101\n|t:|1713142461\n|gametype|singles\n|player|p1|mapss|265|2204\n|player|p2|pokeblade\u2606101|#rbtt7teamchiyu|2472\n|teamsize|p1|6\n|teamsize|p2|6\n|gen|9\n|tier|[Gen 9] Random Battle\n|rated|\n|rule|Species Clause: Limit one of each Pok\u00e9mon\n|rule|HP Percentage Mod: HP is shown in percentages\n|rule|Sleep Clause Mod: Limit one foe put to sleep\n|rule|Illusion Level Mod: Illusion disguises the Pok\u00e9mon's true level\n|\n|t:|1713142461\n|start\n|switch|p1a: Tyranitar|Tyranitar, L79, M|288/288\n|switch|p2a: Iron Jugulis|Iron Jugulis, L78|275/275\n|-weather|Sandstorm|[from] ability: Sand Stream|[of] p1a: Tyranitar\n|turn|1\n|\n|t:|1713142491\n|-end|p2a: Iron Jugulis|Quark Drive|[silent]\n|switch|p2a: Mamoswine|Mamoswine, L81, F|311/311\n|move|p1a: Tyranitar|Stealth Rock|p2a: Mamoswine\n|-sidestart|p2: pokeblade\u2606101|move: Stealth Rock\n|\n|-weather|Sandstorm|[upkeep]\n|upkeep\n|turn|2\n|\n|t:|1713142499\n|switch|p1a: Sawsbuck|Sawsbuck, L88, F|284/284\n|move|p2a: Mamoswine|Stealth Rock|p1a: Sawsbuck\n|-sidestart|p1: mapss|move: Stealth Rock\n|\n|-weather|Sandstorm|[upkeep]\n|-damage|p1a: Sawsbuck|267/284|[from] Sandstorm\n|upkeep\n|turn|3\n|\n|t:|1713142506\n|move|p1a: Sawsbuck|Swords Dance|p1a: Sawsbuck\n|-boost|p1a: Sawsbuck|atk|2\n|move|p2a: Mamoswine|Icicle Crash|p1a: Sawsbuck\n|-supereffective|p1a: Sawsbuck\n|-damage|p1a: Sawsbuck|0 fnt\n|faint|p1a: Sawsbuck\n|-damage|p2a: Mamoswine|280/311|[from] item: Life Orb\n|\n|-weather|Sandstorm|[upkeep]\n|upkeep\n|\n|t:|1713142508\n|switch|p1a: Scrafty|Scrafty, L84, F|246/246\n|-damage|p1a: Scrafty|231/246|[from] Stealth Rock\n|-ability|p1a: Scrafty|Intimidate|boost\n|-unboost|p2a: Mamoswine|atk|1\n|turn|4\n|j|+Aqua\n|\n|t:|1713142522\n|switch|p2a: Medicham|Medicham, L86, M|243/243\n|-damage|p2a: Medicham|228/243|[from] Stealth Rock\n|move|p1a: Scrafty|Dragon Dance|p1a: Scrafty\n|-boost|p1a: Scrafty|atk|1\n|-boost|p1a: Scrafty|spe|1\n|\n|-weather|Sandstorm|[upkeep]\n|-damage|p1a: Scrafty|216/246|[from] Sandstorm\n|-damage|p2a: Medicham|213/243|[from] Sandstorm\n|upkeep\n|turn|5\n|\n|t:|1713142533\n|move|p1a: Scrafty|Knock Off|p2a: Medicham\n|-damage|p2a: Medicham|0 fnt\n|-enditem|p2a: Medicham|Choice Band|[from] move: Knock Off|[of] p1a: Scrafty\n|faint|p2a: Medicham\n|-damage|p1a: Scrafty|192/246|[from] item: Life Orb\n|\n|-weather|none\n|upkeep\n|c|\u2606pokeblade\u2606101|oh ok\n|\n|t:|1713142569\n|switch|p2a: Mamoswine|Mamoswine, L81, F|280/311\n|-damage|p2a: Mamoswine|242/311|[from] Stealth Rock\n|turn|6\n|\n|t:|1713142572\n|switch|p2a: Kingdra|Kingdra, L84, F|263/263\n|-damage|p2a: Kingdra|231/263|[from] Stealth Rock\n|move|p1a: Scrafty|Close Combat|p2a: Kingdra\n|-damage|p2a: Kingdra|9/263\n|-unboost|p1a: Scrafty|def|1\n|-unboost|p1a: Scrafty|spd|1\n|-damage|p1a: Scrafty|168/246|[from] item: Life Orb\n|\n|upkeep\n|turn|7\n|\n|t:|1713142577\n|move|p1a: Scrafty|Knock Off|p2a: Kingdra\n|-damage|p2a: Kingdra|0 fnt\n|-enditem|p2a: Kingdra|Life Orb|[from] move: Knock Off|[of] p1a: Scrafty\n|faint|p2a: Kingdra\n|-damage|p1a: Scrafty|144/246|[from] item: Life Orb\n|\n|upkeep\n|\n|t:|1713142580\n|switch|p2a: Serperior|Serperior, L80, F|251/251\n|-damage|p2a: Serperior|220/251|[from] Stealth Rock\n|turn|8\n|\n|t:|1713142584\n|move|p2a: Serperior|Leaf Storm|p1a: Scrafty\n|-damage|p1a: Scrafty|0 fnt\n|-boost|p2a: Serperior|spa|2\n|faint|p1a: Scrafty\n|-damage|p2a: Serperior|195/251|[from] item: Life Orb\n|\n|upkeep\n|\n|t:|1713142588\n|switch|p1a: Farigiraf|Farigiraf, L92, F|370/370\n|-damage|p1a: Farigiraf|324/370|[from] Stealth Rock\n|turn|9\n|\n|t:|1713142595\n|move|p2a: Serperior|Knock Off|p1a: Farigiraf\n|-supereffective|p1a: Farigiraf\n|-crit|p1a: Farigiraf\n|-damage|p1a: Farigiraf|95/370\n|-enditem|p1a: Farigiraf|Leftovers|[from] move: Knock Off|[of] p2a: Serperior\n|-damage|p2a: Serperior|170/251|[from] item: Life Orb\n|move|p1a: Farigiraf|Body Slam|p2a: Serperior\n|-damage|p2a: Serperior|64/251\n|\n|upkeep\n|turn|10\n|\n|t:|1713142607\n|move|p2a: Serperior|Tera Blast|p1a: Farigiraf\n|-damage|p1a: Farigiraf|0 fnt\n|faint|p1a: Farigiraf\n|-damage|p2a: Serperior|39/251|[from] item: Life Orb\n|\n|upkeep\n|\n|t:|1713142611\n|switch|p1a: Tentacruel|Tentacruel, L84, F|272/272\n|-damage|p1a: Tentacruel|238/272|[from] Stealth Rock\n|turn|11\n|\n|t:|1713142617\n|move|p2a: Serperior|Leaf Storm|p1a: Tentacruel\n|-damage|p1a: Tentacruel|89/272\n|-boost|p2a: Serperior|spa|2\n|-damage|p2a: Serperior|14/251|[from] item: Life Orb\n|move|p1a: Tentacruel|Rapid Spin|p2a: Serperior\n|-damage|p2a: Serperior|0 fnt\n|-boost|p1a: Tentacruel|spe|1\n|-sideend|p1: mapss|Stealth Rock|[from] move: Rapid Spin|[of] p1a: Tentacruel\n|faint|p2a: Serperior\n|\n|upkeep\n|\n|t:|1713142626\n|switch|p2a: Iron Jugulis|Iron Jugulis, L78|275/275\n|-damage|p2a: Iron Jugulis|207/275|[from] Stealth Rock\n|turn|12\n|\n|t:|1713142634\n|move|p1a: Tentacruel|Knock Off|p2a: Iron Jugulis\n|-resisted|p2a: Iron Jugulis\n|-damage|p2a: Iron Jugulis|180/275\n|-enditem|p2a: Iron Jugulis|Choice Specs|[from] move: Knock Off|[of] p1a: Tentacruel\n|move|p2a: Iron Jugulis|Earth Power|p1a: Tentacruel\n|-supereffective|p1a: Tentacruel\n|-damage|p1a: Tentacruel|23/272\n|\n|upkeep\n|turn|13\n|\n|t:|1713142639\n|move|p1a: Tentacruel|Sludge Bomb|p2a: Iron Jugulis\n|-damage|p2a: Iron Jugulis|81/275\n|-status|p2a: Iron Jugulis|psn\n|move|p2a: Iron Jugulis|Earth Power|p1a: Tentacruel\n|-supereffective|p1a: Tentacruel\n|-damage|p1a: Tentacruel|0 fnt\n|faint|p1a: Tentacruel\n|\n|-damage|p2a: Iron Jugulis|47/275 psn|[from] psn\n|upkeep\n|\n|t:|1713142652\n|switch|p1a: Thundurus|Thundurus-Therian, L80, M|258/258\n|turn|14\n|\n|t:|1713142660\n|move|p1a: Thundurus|Grass Knot|p2a: Iron Jugulis\n|-resisted|p2a: Iron Jugulis\n|-damage|p2a: Iron Jugulis|0 fnt\n|faint|p2a: Iron Jugulis\n|-end|p2a: Iron Jugulis|Quark Drive|[silent]\n|\n|upkeep\n|\n|t:|1713142663\n|switch|p2a: Lunala|Lunala, L70|308/308\n|-damage|p2a: Lunala|270/308|[from] Stealth Rock\n|turn|15\n|\n|t:|1713142667\n|switch|p1a: Tyranitar|Tyranitar, L79, M|288/288\n|-weather|Sandstorm|[from] ability: Sand Stream|[of] p1a: Tyranitar\n|switch|p2a: Mamoswine|Mamoswine, L81, F|242/311\n|-damage|p2a: Mamoswine|204/311|[from] Stealth Rock\n|\n|-weather|Sandstorm|[upkeep]\n|upkeep\n|turn|16\n|\n|t:|1713142685\n|switch|p1a: Thundurus|Thundurus-Therian, L80, M|258/258\n|move|p2a: Mamoswine|Earthquake|p1a: Thundurus\n|-immune|p1a: Thundurus\n|\n|-weather|Sandstorm|[upkeep]\n|-damage|p1a: Thundurus|242/258|[from] Sandstorm\n|upkeep\n|turn|17\n|\n|t:|1713142698\n|move|p2a: Mamoswine|Ice Shard|p1a: Thundurus\n|-supereffective|p1a: Thundurus\n|-damage|p1a: Thundurus|78/258\n|-damage|p2a: Mamoswine|173/311|[from] item: Life Orb\n|move|p1a: Thundurus|Sludge Wave|p2a: Mamoswine\n|-resisted|p2a: Mamoswine\n|-crit|p2a: Mamoswine\n|-damage|p2a: Mamoswine|86/311\n|\n|-weather|Sandstorm|[upkeep]\n|-damage|p1a: Thundurus|62/258|[from] Sandstorm\n|upkeep\n|turn|18\n|\n|t:|1713142707\n|-terastallize|p1a: Thundurus|Poison\n|move|p1a: Thundurus|Sludge Wave|p2a: Mamoswine\n|-resisted|p2a: Mamoswine\n|-damage|p2a: Mamoswine|0 fnt\n|faint|p2a: Mamoswine\n|\n|-weather|Sandstorm|[upkeep]\n|-damage|p1a: Thundurus|46/258|[from] Sandstorm\n|upkeep\n|\n|t:|1713142711\n|switch|p2a: Lunala|Lunala, L70|270/308\n|-damage|p2a: Lunala|232/308|[from] Stealth Rock\n|turn|19\n|\n|t:|1713142716\n|move|p1a: Thundurus|Sludge Wave|p2a: Lunala\n|-resisted|p2a: Lunala\n|-damage|p2a: Lunala|166/308\n|move|p2a: Lunala|Calm Mind|p2a: Lunala\n|-boost|p2a: Lunala|spa|1\n|-boost|p2a: Lunala|spd|1\n|\n|-weather|none\n|-heal|p2a: Lunala|185/308|[from] item: Leftovers\n|upkeep\n|turn|20\n|\n|t:|1713142723\n|switch|p1a: Tyranitar|Tyranitar, L79, M|288/288\n|-weather|Sandstorm|[from] ability: Sand Stream|[of] p1a: Tyranitar\n|move|p2a: Lunala|Moonlight|p2a: Lunala\n|-heal|p2a: Lunala|262/308\n|\n|-weather|Sandstorm|[upkeep]\n|-damage|p2a: Lunala|243/308|[from] Sandstorm\n|-heal|p2a: Lunala|262/308|[from] item: Leftovers\n|upkeep\n|turn|21\n|j| Referrals\n|\n|t:|1713142731\n|-terastallize|p2a: Lunala|Fairy\n|move|p2a: Lunala|Moonblast|p1a: Tyranitar\n|-supereffective|p1a: Tyranitar\n|-damage|p1a: Tyranitar|114/288\n|move|p1a: Tyranitar|Knock Off|p2a: Lunala\n|-resisted|p2a: Lunala\n|-damage|p2a: Lunala|190/308\n|-enditem|p2a: Lunala|Leftovers|[from] move: Knock Off|[of] p1a: Tyranitar\n|\n|-weather|Sandstorm|[upkeep]\n|-damage|p2a: Lunala|171/308|[from] Sandstorm\n|-heal|p1a: Tyranitar|132/288|[from] item: Leftovers\n|upkeep\n|turn|22\n|\n|t:|1713142736\n|move|p2a: Lunala|Moonblast|p1a: Tyranitar\n|-supereffective|p1a: Tyranitar\n|-damage|p1a: Tyranitar|0 fnt\n|faint|p1a: Tyranitar\n|\n|-weather|Sandstorm|[upkeep]\n|-damage|p2a: Lunala|152/308|[from] Sandstorm\n|upkeep\n|\n|t:|1713142740\n|switch|p1a: Thundurus|Thundurus-Therian, L80, M, tera:Poison|46/258\n|turn|23\n|\n|t:|1713142743\n|move|p1a: Thundurus|Sludge Wave|p2a: Lunala\n|-supereffective|p2a: Lunala\n|-damage|p2a: Lunala|0 fnt\n|faint|p2a: Lunala\n|\n|win|mapss\n|raw|mapss's rating: 2204 &rarr; <strong>2237</strong><br />(+33 for winning)\n|raw|pokeblade\u2606101's rating: 2472 &rarr; <strong>2439</strong><br />(-33 for losing)\n|c|\u2606pokeblade\u2606101|well played\n|l|\u2606mapss\n|player|p1|\n", "inputlog": ">version 94cb14e6e593f9434fd234bef139544825d280b8\n>start {\"formatid\":\"gen9randombattle\",\"seed\":[51530,60884,53896,24094],\"rated\":\"Rated battle\"}\n>player p1 {\"name\":\"mapss\",\"avatar\":\"265\",\"rating\":2204,\"seed\":[24061,20515,2886,16494]}\n>player p2 {\"name\":\"pokeblade\u2606101\",\"avatar\":\"#rbtt7teamchiyu\",\"rating\":2472,\"seed\":[30466,5,26056,56439]}\n>p1 move stealthrock\n>p2 switch 2\n>p1 switch 3\n>p2 move stealthrock\n>p1 move swordsdance\n>p2 move iciclecrash\n>p1 switch 2\n>p1 move dragondance\n>p2 switch 5\n>p1 move knockoff\n>p2 move closecombat\n>chat \u2606pokeblade\u2606101|oh ok\n>p2 switch 5\n>p1 move closecombat\n>p2 switch 4\n>p1 move knockoff\n>p2 move wavecrash\n>p2 switch 6\n>p1 move poisonjab\n>p2 move leafstorm\n>p1 switch 6\n>p1 move bodyslam\n>p2 move knockoff\n>p1 move psychicnoise\n>p2 move terablast\n>p1 switch 4\n>p1 move rapidspin\n>p2 move leafstorm\n>p2 switch 2\n>p1 move knockoff\n>p2 move earthpower\n>p1 move sludgebomb\n>p2 move earthpower\n>p1 switch 5\n>p1 move grassknot\n>p2 move darkpulse\n>p2 switch 3\n>p1 switch 3\n>p2 switch 4\n>p1 switch 3\n>p2 move earthquake\n>p1 move sludgewave\n>p2 move iceshard\n>p1 move sludgewave terastallize\n>p2 move stealthrock\n>p2 switch 4\n>p1 move sludgewave\n>p2 move calmmind\n>p1 switch 3\n>p2 move moonlight\n>p1 move knockoff\n>p2 move moonblast terastallize\n>p1 move stoneedge\n>p2 move moonblast\n>p1 switch 3\n>p1 move sludgewave\n>p2 move moonblast", "uploadtime": 1713142756, "views": 241, "formatid": "gen9randombattle", "rating": 2237, "private": 0, "password": null}