{"id": "gen9randombattle-2260580271", "format": "[Gen 9] Random Battle", "players": ["Marcel16HD", "Sliimii"], "log": "|j|\u2606Marcel16HD\n|j|\u2606Sliimii\n|t:|1733865702\n|gametype|singles\n|player|p1|Marcel16HD|ash-alola|1535\n|player|p2|Sliimii|bellelba|1543\n|teamsize|p1|6\n|teamsize|p2|6\n|gen|9\n|tier|[Gen 9] Random Battle\n|rated|\n|rule|Species Clause: Limit one of each Pok\u00e9mon\n|rule|HP Percentage Mod: HP is shown in percentages\n|rule|Sleep Clause Mod: Limit one foe put to sleep\n|rule|Illusion Level Mod: Illusion disguises the Pok\u00e9mon's true level\n|\n|t:|1733865702\n|start\n|switch|p1a: Houndstone|Houndstone, L86, F|264/264\n|switch|p2a: Calyrex|Calyrex-Shadow, L64|235/235\n|-ability|p2a: Calyrex|As One\n|-ability|p2a: Calyrex|Unnerve\n|turn|1\n|inactive|Battle timer is ON: inactive players will automatically lose when time's up. (requested by Sliimii)\n|\n|t:|1733865713\n|switch|p2a: Samurott|Samurott, L88, F|310/310\n|move|p1a: Houndstone|Poltergeist|p2a: Samurott\n|-activate|p2a: Samurott|move: Poltergeist|Assault Vest\n|-damage|p2a: Samurott|192/310\n|\n|upkeep\n|turn|2\n|\n|t:|1733865724\n|move|p2a: Samurott|Knock Off|p1a: Houndstone\n|-supereffective|p1a: Houndstone\n|-damage|p1a: Houndstone|198/264\n|-enditem|p1a: Houndstone|Leftovers|[from] move: Knock Off|[of] p2a: Samurott\n|move|p1a: Houndstone|Poltergeist|p2a: Samurott\n|-activate|p2a: Samurott|move: Poltergeist|Assault Vest\n|-damage|p2a: Samurott|75/310\n|\n|upkeep\n|turn|3\n|\n|t:|1733865734\n|move|p2a: Samurott|Hydro Pump|p1a: Houndstone\n|-damage|p1a: Houndstone|23/264\n|move|p1a: Houndstone|Poltergeist|p2a: Samurott\n|-activate|p2a: Samurott|move: Poltergeist|Assault Vest\n|-damage|p2a: Samurott|0 fnt\n|faint|p2a: Samurott\n|\n|upkeep\n|\n|t:|1733865754\n|switch|p2a: Kyogre|Kyogre, L71|259/259\n|-weather|RainDance|[from] ability: Drizzle|[of] p2a: Kyogre\n|turn|4\n|\n|t:|1733865760\n|move|p1a: Houndstone|Shadow Sneak|p2a: Kyogre\n|-damage|p2a: Kyogre|208/259\n|move|p2a: Kyogre|Ice Beam|p1a: Houndstone\n|-damage|p1a: Houndstone|0 fnt\n|faint|p1a: Houndstone\n|\n|-weather|RainDance|[upkeep]\n|-heal|p2a: Kyogre|224/259|[from] item: Leftovers\n|upkeep\n|\n|t:|1733865767\n|switch|p1a: Registeel|Registeel, L81|262/262\n|turn|5\n|\n|t:|1733865780\n|move|p2a: Kyogre|Calm Mind|p2a: Kyogre\n|-boost|p2a: Kyogre|spa|1\n|-boost|p2a: Kyogre|spd|1\n|move|p1a: Registeel|Thunder Wave|p2a: Kyogre\n|-status|p2a: Kyogre|par\n|\n|-weather|RainDance|[upkeep]\n|-heal|p2a: Kyogre|240/259 par|[from] item: Leftovers\n|upkeep\n|turn|6\n|inactive|Marcel16HD has 120 seconds left.\n|\n|t:|1733865811\n|move|p1a: Registeel|Iron Defense|p1a: Registeel\n|-boost|p1a: Registeel|def|2\n|move|p2a: Kyogre|Origin Pulse|p1a: Registeel\n|-damage|p1a: Registeel|64/262\n|\n|-weather|RainDance|[upkeep]\n|-heal|p1a: Registeel|80/262|[from] item: Leftovers\n|-heal|p2a: Kyogre|256/259 par|[from] item: Leftovers\n|upkeep\n|turn|7\n|\n|t:|1733865827\n|switch|p2a: Calyrex|Calyrex-Shadow, L64|235/235\n|-ability|p2a: Calyrex|As One\n|-ability|p2a: Calyrex|Unnerve\n|move|p1a: Registeel|Body Press|p2a: Calyrex\n|-immune|p2a: Calyrex\n|\n|-weather|RainDance|[upkeep]\n|-heal|p1a: Registeel|96/262|[from] item: Leftovers\n|upkeep\n|turn|8\n|\n|t:|1733865833\n|move|p2a: Calyrex|Astral Barrage|p1a: Registeel\n|-damage|p1a: Registeel|0 fnt\n|faint|p1a: Registeel\n|-ability|p2a: Calyrex|Grim Neigh|boost\n|-boost|p2a: Calyrex|spa|1\n|-damage|p2a: Calyrex|212/235|[from] item: Life Orb\n|\n|-weather|none\n|upkeep\n|\n|t:|1733865851\n|switch|p1a: Indeedee|Indeedee, L84, M|238/238\n|-fieldstart|move: Psychic Terrain|[from] ability: Psychic Surge|[of] p1a: Indeedee\n|turn|9\n|\n|t:|1733865873\n|switch|p2a: Kyogre|Kyogre, L71|256/259 par\n|-weather|RainDance|[from] ability: Drizzle|[of] p2a: Kyogre\n|move|p1a: Indeedee|Shadow Ball|p2a: Kyogre\n|-damage|p2a: Kyogre|186/259 par\n|-damage|p1a: Indeedee|215/238|[from] item: Life Orb\n|\n|-weather|RainDance|[upkeep]\n|-heal|p2a: Kyogre|202/259 par|[from] item: Leftovers\n|upkeep\n|turn|10\n|\n|t:|1733865890\n|move|p1a: Indeedee|Calm Mind|p1a: Indeedee\n|-boost|p1a: Indeedee|spa|1\n|-boost|p1a: Indeedee|spd|1\n|cant|p2a: Kyogre|par\n|\n|-weather|RainDance|[upkeep]\n|-heal|p2a: Kyogre|218/259 par|[from] item: Leftovers\n|upkeep\n|turn|11\n|inactive|Sliimii has 120 seconds left.\n|\n|t:|1733865919\n|move|p1a: Indeedee|Calm Mind|p1a: Indeedee\n|-boost|p1a: Indeedee|spa|1\n|-boost|p1a: Indeedee|spd|1\n|move|p2a: Kyogre|Origin Pulse|p1a: Indeedee\n|-damage|p1a: Indeedee|136/238\n|\n|-weather|RainDance|[upkeep]\n|-heal|p2a: Kyogre|234/259 par|[from] item: Leftovers\n|upkeep\n|turn|12\n|inactive|Sliimii has 120 seconds left.\n|\n|t:|1733865930\n|move|p1a: Indeedee|Expanding Force|p2a: Kyogre\n|-crit|p2a: Kyogre\n|-damage|p2a: Kyogre|0 fnt\n|faint|p2a: Kyogre\n|-damage|p1a: Indeedee|113/238|[from] item: Life Orb\n|\n|-weather|RainDance|[upkeep]\n|upkeep\n|inactive|Sliimii has 120 seconds left.\n|\n|t:|1733865962\n|switch|p2a: Calyrex|Calyrex-Shadow, L64|212/235\n|-ability|p2a: Calyrex|As One\n|-ability|p2a: Calyrex|Unnerve\n|turn|13\n|\n|t:|1733865970\n|move|p2a: Calyrex|Psyshock|p1a: Indeedee\n|-resisted|p1a: Indeedee\n|-damage|p1a: Indeedee|26/238\n|-damage|p2a: Calyrex|189/235|[from] item: Life Orb\n|move|p1a: Indeedee|Shadow Ball|p2a: Calyrex\n|-supereffective|p2a: Calyrex\n|-damage|p2a: Calyrex|0 fnt\n|faint|p2a: Calyrex\n|-damage|p1a: Indeedee|3/238|[from] item: Life Orb\n|\n|-weather|none\n|-fieldend|move: Psychic Terrain\n|upkeep\n|\n|t:|1733865977\n|switch|p2a: Cetitan|Cetitan, L82, F|412/412\n|turn|14\n|\n|t:|1733865986\n|move|p2a: Cetitan|Ice Shard|p1a: Indeedee\n|-damage|p1a: Indeedee|0 fnt\n|faint|p1a: Indeedee\n|\n|upkeep\n|\n|t:|1733865991\n|switch|p1a: Skarmory|Skarmory, L80, F|235/235\n|turn|15\n|inactive|Sliimii has 120 seconds left.\n|\n|t:|1733866000\n|switch|p2a: Spectrier|Spectrier, L75|274/274\n|move|p1a: Skarmory|Iron Defense|p1a: Skarmory\n|-boost|p1a: Skarmory|def|2\n|\n|upkeep\n|turn|16\n|\n|t:|1733866007\n|move|p2a: Spectrier|Shadow Ball|p1a: Skarmory\n|-damage|p1a: Skarmory|91/235\n|-damage|p2a: Spectrier|247/274|[from] item: Life Orb\n|move|p1a: Skarmory|Brave Bird|p2a: Spectrier\n|-crit|p2a: Spectrier\n|-damage|p2a: Spectrier|22/274\n|-damage|p1a: Skarmory|17/235|[from] Recoil\n|\n|-heal|p1a: Skarmory|31/235|[from] item: Leftovers\n|upkeep\n|turn|17\n|\n|t:|1733866018\n|move|p2a: Spectrier|Dark Pulse|p1a: Skarmory\n|-damage|p1a: Skarmory|0 fnt\n|faint|p1a: Skarmory\n|-ability|p2a: Spectrier|Grim Neigh|boost\n|-boost|p2a: Spectrier|spa|1\n|-damage|p2a: Spectrier|0 fnt|[from] item: Life Orb\n|faint|p2a: Spectrier\n|\n|upkeep\n|\n|t:|1733866023\n|switch|p2a: Cetitan|Cetitan, L82, F|412/412\n|switch|p1a: Toxapex|Toxapex, L82, F|216/216\n|turn|18\n|\n|t:|1733866033\n|move|p2a: Cetitan|Earthquake|p1a: Toxapex\n|-supereffective|p1a: Toxapex\n|-damage|p1a: Toxapex|122/216\n|move|p1a: Toxapex|Toxic|p2a: Cetitan\n|-status|p2a: Cetitan|tox\n|\n|-heal|p1a: Toxapex|135/216|[from] item: Leftovers\n|-damage|p2a: Cetitan|387/412 tox|[from] psn\n|upkeep\n|turn|19\n|\n|t:|1733866044\n|move|p2a: Cetitan|Belly Drum|p2a: Cetitan\n|-damage|p2a: Cetitan|181/412 tox\n|-setboost|p2a: Cetitan|atk|6|[from] move: Belly Drum\n|-enditem|p2a: Cetitan|Sitrus Berry|[eat]\n|-heal|p2a: Cetitan|284/412 tox|[from] item: Sitrus Berry\n|move|p1a: Toxapex|Recover|p1a: Toxapex\n|-heal|p1a: Toxapex|216/216\n|\n|-damage|p2a: Cetitan|234/412 tox|[from] psn\n|upkeep\n|turn|20\n|\n|t:|1733866057\n|-terastallize|p1a: Toxapex|Flying\n|move|p2a: Cetitan|Earthquake|p1a: Toxapex\n|-immune|p1a: Toxapex\n|move|p1a: Toxapex|Haze|p1a: Toxapex\n|-clearallboost\n|\n|-damage|p2a: Cetitan|159/412 tox|[from] psn\n|upkeep\n|turn|21\n|\n|t:|1733866072\n|switch|p2a: Grumpig|Grumpig, L92, M|297/297\n|move|p1a: Toxapex|Liquidation|p2a: Grumpig\n|-damage|p2a: Grumpig|228/297\n|\n|-heal|p2a: Grumpig|246/297|[from] item: Leftovers\n|upkeep\n|turn|22\n|\n|t:|1733866085\n|move|p2a: Grumpig|Nasty Plot|p2a: Grumpig\n|-boost|p2a: Grumpig|spa|2\n|move|p1a: Toxapex|Toxic|p2a: Grumpig\n|-status|p2a: Grumpig|tox\n|\n|-heal|p2a: Grumpig|264/297 tox|[from] item: Leftovers\n|-damage|p2a: Grumpig|246/297 tox|[from] psn\n|upkeep\n|turn|23\n|\n|t:|1733866093\n|move|p2a: Grumpig|Psychic|p1a: Toxapex\n|-damage|p1a: Toxapex|74/216\n|move|p1a: Toxapex|Haze|p1a: Toxapex\n|-clearallboost\n|\n|-heal|p2a: Grumpig|264/297 tox|[from] item: Leftovers\n|-heal|p1a: Toxapex|87/216|[from] item: Leftovers\n|-damage|p2a: Grumpig|228/297 tox|[from] psn\n|upkeep\n|turn|24\n|\n|t:|1733866114\n|switch|p2a: Cetitan|Cetitan, L82, F|159/412 tox\n|move|p1a: Toxapex|Recover|p1a: Toxapex\n|-heal|p1a: Toxapex|195/216\n|\n|-heal|p1a: Toxapex|208/216|[from] item: Leftovers\n|-damage|p2a: Cetitan|134/412 tox|[from] psn\n|upkeep\n|turn|25\n|\n|t:|1733866127\n|-terastallize|p2a: Cetitan|Ice\n|move|p2a: Cetitan|Ice Spinner|p1a: Toxapex\n|-supereffective|p1a: Toxapex\n|-damage|p1a: Toxapex|40/216\n|move|p1a: Toxapex|Liquidation|p2a: Cetitan\n|-crit|p2a: Cetitan\n|-damage|p2a: Cetitan|8/412 tox\n|\n|-heal|p1a: Toxapex|53/216|[from] item: Leftovers\n|-damage|p2a: Cetitan|0 fnt|[from] psn\n|faint|p2a: Cetitan\n|upkeep\n|\n|t:|1733866133\n|switch|p2a: Grumpig|Grumpig, L92, M|228/297 tox\n|turn|26\n|\n|t:|1733866137\n|move|p2a: Grumpig|Psychic|p1a: Toxapex\n|-crit|p1a: Toxapex\n|-damage|p1a: Toxapex|0 fnt\n|faint|p1a: Toxapex\n|\n|-heal|p2a: Grumpig|246/297 tox|[from] item: Leftovers\n|-damage|p2a: Grumpig|228/297 tox|[from] psn\n|upkeep\n|\n|t:|1733866140\n|switch|p1a: Tatsugiri|Tatsugiri, L87, F|260/260\n|turn|27\n|inactive|Sliimii has 120 seconds left.\n|\n|t:|1733866178\n|move|p2a: Grumpig|Nasty Plot|p2a: Grumpig\n|-boost|p2a: Grumpig|spa|2\n|move|p1a: Tatsugiri|Rapid Spin|p2a: Grumpig\n|-damage|p2a: Grumpig|201/297 tox\n|-boost|p1a: Tatsugiri|spe|1\n|\n|-heal|p2a: Grumpig|219/297 tox|[from] item: Leftovers\n|-damage|p2a: Grumpig|183/297 tox|[from] psn\n|upkeep\n|turn|28\n|inactive|Sliimii has 120 seconds left.\n|\n|t:|1733866206\n|move|p1a: Tatsugiri|Draco Meteor|p2a: Grumpig\n|-damage|p2a: Grumpig|47/297 tox\n|-unboost|p1a: Tatsugiri|spa|2\n|move|p2a: Grumpig|Psychic|p1a: Tatsugiri\n|-crit|p1a: Tatsugiri\n|-damage|p1a: Tatsugiri|0 fnt\n|faint|p1a: Tatsugiri\n|\n|win|Sliimii\n|raw|Marcel16HD's rating: 1535 &rarr; <strong>1515</strong><br />(-20 for losing)\n|raw|Sliimii's rating: 1543 &rarr; <strong>1563</strong><br />(+20 for winning)\n|c|\u2606Sliimii|daaamn\n", "inputlog": ">version bfd83cad13791eb5a5a409923076391caf6fb4d4\n>start {\"formatid\":\"gen9randombattle\",\"seed\":[45431,51821,52961,24554],\"rated\":\"Rated battle\"}\n>player p1 {\"name\":\"Marcel16HD\",\"avatar\":\"ash-alola\",\"rating\":1535,\"seed\":[57944,43212,57423,39037]}\n>player p2 {\"name\":\"Sliimii\",\"avatar\":\"bellelba\",\"rating\":1543,\"seed\":[53169,17819,48955,1913]}\n>p1 move poltergeist\n>p2 switch 4\n>p1 move poltergeist\n>p2 move knockoff\n>p1 move poltergeist\n>p2 move hydropump\n>p2 switch 3\n>p1 move shadowsneak\n>p2 move icebeam\n>p1 switch 3\n>p1 move thunderwave\n>p2 move calmmind\n>p1 move irondefense\n>p2 move originpulse\n>p1 move bodypress\n>p2 switch 4\n>p1 move thunderwave\n>p2 move astralbarrage\n>p1 switch 6\n>p1 move shadowball\n>p2 switch 4\n>p1 move calmmind\n>p2 move originpulse\n>p1 move calmmind\n>p2 move originpulse\n>p1 move expandingforce\n>p2 move originpulse\n>p2 switch 4\n>p1 move shadowball\n>p2 move psyshock\n>p2 switch 2\n>p1 move hypervoice\n>p2 move iceshard\n>p1 switch 2\n>p1 move irondefense\n>p2 switch 5\n>p1 move bravebird\n>p2 move shadowball\n>p1 move roost\n>p2 move darkpulse\n>p1 switch 5\n>p2 switch 5\n>p1 move toxic\n>p2 move earthquake\n>p1 move recover\n>p2 move bellydrum\n>p1 move haze terastallize\n>p2 move earthquake\n>p1 move liquidation\n>p2 switch 6\n>p1 move toxic\n>p2 move nastyplot\n>p1 move haze\n>p2 move psychic\n>p1 move recover\n>p2 switch 6\n>p1 move liquidation\n>p2 move icespinner terastallize\n>p2 switch 6\n>p1 move recover\n>p2 move psychic\n>p1 switch 4\n>p1 move rapidspin\n>p2 move nastyplot\n>p1 move dracometeor\n>p2 move psychic", "uploadtime": 1733866221, "views": 3, "formatid": "gen9randombattle", "rating": 1515, "private": 0, "password": null}