{"id": "gen9randombattle-2260396610", "format": "[Gen 9] Random Battle", "players": ["QueenRebecce", "Voggz"], "log": "|j|\u2606QueenRebecce\n|j|\u2606Voggz\n|t:|1733847563\n|gametype|singles\n|player|p1|QueenRebecce|iris-gen5bw2|1748\n|player|p2|Voggz|101|1711\n|teamsize|p1|6\n|teamsize|p2|6\n|gen|9\n|tier|[Gen 9] Random Battle\n|rated|\n|rule|Species Clause: Limit one of each Pok\u00e9mon\n|rule|HP Percentage Mod: HP is shown in percentages\n|rule|Sleep Clause Mod: Limit one foe put to sleep\n|rule|Illusion Level Mod: Illusion disguises the Pok\u00e9mon's true level\n|\n|t:|1733847563\n|start\n|switch|p1a: Dipplin|Dipplin, L88, F|284/284\n|switch|p2a: Mandibuzz|Mandibuzz, L85, F|326/326\n|turn|1\n|inactive|Battle timer is ON: inactive players will automatically lose when time's up. (requested by Voggz)\n|\n|t:|1733847586\n|switch|p1a: Registeel|Registeel, L81|262/262\n|move|p2a: Mandibuzz|U-turn|p1a: Registeel\n|-resisted|p1a: Registeel\n|-damage|p1a: Registeel|250/262\n|\n|t:|1733847601\n|switch|p2a: Seviper|Seviper, L93, M|287/287|[from] U-turn\n|\n|-heal|p1a: Registeel|262/262|[from] item: Leftovers\n|upkeep\n|turn|2\n|\n|t:|1733847613\n|move|p2a: Seviper|Knock Off|p1a: Registeel\n|-damage|p1a: Registeel|183/262\n|-enditem|p1a: Registeel|Leftovers|[from] move: Knock Off|[of] p2a: Seviper\n|-damage|p2a: Seviper|259/287|[from] item: Life Orb\n|move|p1a: Registeel|Iron Defense|p1a: Registeel\n|-boost|p1a: Registeel|def|2\n|\n|upkeep\n|turn|3\n|\n|t:|1733847625\n|move|p2a: Seviper|Flamethrower|p1a: Registeel\n|-supereffective|p1a: Registeel\n|-damage|p1a: Registeel|37/262\n|-damage|p2a: Seviper|231/287|[from] item: Life Orb\n|move|p1a: Registeel|Thunder Wave|p2a: Seviper|[miss]\n|-miss|p1a: Registeel|p2a: Seviper\n|\n|upkeep\n|turn|4\n|\n|t:|1733847633\n|move|p2a: Seviper|Flamethrower|p1a: Registeel\n|-supereffective|p1a: Registeel\n|-crit|p1a: Registeel\n|-damage|p1a: Registeel|0 fnt\n|faint|p1a: Registeel\n|-damage|p2a: Seviper|203/287|[from] item: Life Orb\n|\n|upkeep\n|\n|t:|1733847646\n|switch|p1a: Deoxys|Deoxys, L74|196/196\n|-ability|p1a: Deoxys|Pressure\n|turn|5\n|\n|t:|1733847674\n|switch|p2a: Mandibuzz|Mandibuzz, L85, F|326/326\n|move|p1a: Deoxys|Ice Beam|p2a: Mandibuzz\n|-supereffective|p2a: Mandibuzz\n|-damage|p2a: Mandibuzz|139/326\n|-damage|p1a: Deoxys|177/196|[from] item: Life Orb\n|\n|upkeep\n|turn|6\n|\n|t:|1733847686\n|-terastallize|p2a: Mandibuzz|Steel\n|move|p1a: Deoxys|Ice Beam|p2a: Mandibuzz\n|-resisted|p2a: Mandibuzz\n|-damage|p2a: Mandibuzz|92/326\n|-damage|p1a: Deoxys|158/196|[from] item: Life Orb\n|move|p2a: Mandibuzz|Foul Play|p1a: Deoxys\n|-supereffective|p1a: Deoxys\n|-damage|p1a: Deoxys|0 fnt\n|faint|p1a: Deoxys\n|\n|upkeep\n|\n|t:|1733847695\n|switch|p1a: Regirock|Regirock, L83|268/268\n|turn|7\n|\n|t:|1733847702\n|move|p2a: Mandibuzz|Foul Play|p1a: Regirock\n|-damage|p1a: Regirock|211/268\n|move|p1a: Regirock|Body Press|p2a: Mandibuzz\n|-supereffective|p2a: Mandibuzz\n|-damage|p2a: Mandibuzz|0 fnt\n|faint|p2a: Mandibuzz\n|\n|upkeep\n|\n|t:|1733847712\n|switch|p2a: Lumineon|Lumineon, L93, M|279/279\n|turn|8\n|\n|t:|1733847719\n|move|p2a: Lumineon|Ice Beam|p1a: Regirock\n|-damage|p1a: Regirock|158/268\n|move|p1a: Regirock|Body Press|p2a: Lumineon\n|-damage|p2a: Lumineon|183/279\n|\n|upkeep\n|turn|9\n|\n|t:|1733847726\n|move|p2a: Lumineon|Hydro Pump|p1a: Regirock\n|-supereffective|p1a: Regirock\n|-damage|p1a: Regirock|0 fnt\n|faint|p1a: Regirock\n|\n|upkeep\n|\n|t:|1733847728\n|switch|p1a: Spidops|Spidops, L96, F|271/271\n|turn|10\n|\n|t:|1733847735\n|move|p2a: Lumineon|Hydro Pump|p1a: Spidops|[miss]\n|-miss|p2a: Lumineon|p1a: Spidops\n|move|p1a: Spidops|Sticky Web|p2a: Lumineon\n|-sidestart|p2: Voggz|move: Sticky Web\n|\n|upkeep\n|turn|11\n|\n|t:|1733847743\n|move|p2a: Lumineon|Encore|p1a: Spidops\n|-start|p1a: Spidops|Encore\n|move|p1a: Spidops|Sticky Web||[still]\n|-fail|p1a: Spidops\n|\n|upkeep\n|turn|12\n|\n|t:|1733847749\n|switch|p1a: Bronzong|Bronzong, L88|261/261\n|move|p2a: Lumineon|Ice Beam|p1a: Bronzong\n|-resisted|p1a: Bronzong\n|-damage|p1a: Bronzong|236/261\n|\n|upkeep\n|turn|13\n|\n|t:|1733847762\n|move|p2a: Lumineon|U-turn|p1a: Bronzong\n|-damage|p1a: Bronzong|198/261\n|\n|t:|1733847771\n|switch|p2a: Bombirdier|Bombirdier, L85, F|258/258|[from] U-turn\n|move|p1a: Bronzong|Psychic Noise|p2a: Bombirdier\n|-immune|p2a: Bombirdier\n|\n|upkeep\n|turn|14\n|\n|t:|1733847784\n|move|p2a: Bombirdier|Knock Off|p1a: Bronzong\n|-supereffective|p1a: Bronzong\n|-damage|p1a: Bronzong|16/261\n|-enditem|p1a: Bronzong|Chesto Berry|[from] move: Knock Off|[of] p2a: Bombirdier\n|move|p1a: Bronzong|Body Press|p2a: Bombirdier\n|-damage|p2a: Bombirdier|185/258\n|\n|upkeep\n|turn|15\n|\n|t:|1733847792\n|move|p2a: Bombirdier|Knock Off|p1a: Bronzong\n|-supereffective|p1a: Bronzong\n|-damage|p1a: Bronzong|0 fnt\n|faint|p1a: Bronzong\n|\n|upkeep\n|\n|t:|1733847803\n|switch|p1a: Dipplin|Dipplin, L88, F|284/284\n|turn|16\n|\n|t:|1733847816\n|-terastallize|p1a: Dipplin|Steel\n|move|p2a: Bombirdier|Brave Bird|p1a: Dipplin\n|-resisted|p1a: Dipplin\n|-damage|p1a: Dipplin|244/284\n|-damage|p2a: Bombirdier|172/258|[from] Recoil\n|move|p1a: Dipplin|Dragon Pulse|p2a: Bombirdier\n|-damage|p2a: Bombirdier|78/258\n|\n|upkeep\n|turn|17\n|\n|t:|1733847831\n|move|p2a: Bombirdier|Roost|p2a: Bombirdier\n|-heal|p2a: Bombirdier|207/258\n|-singleturn|p2a: Bombirdier|move: Roost\n|move|p1a: Dipplin|Dragon Pulse|p2a: Bombirdier\n|-damage|p2a: Bombirdier|111/258\n|\n|upkeep\n|turn|18\n|\n|t:|1733847848\n|switch|p2a: Regieleki|Regieleki, L79|256/256\n|-activate|p2a: Regieleki|move: Sticky Web\n|-unboost|p2a: Regieleki|spe|1\n|move|p1a: Dipplin|Dragon Tail|p2a: Regieleki\n|-damage|p2a: Regieleki|157/256\n|drag|p2a: Bombirdier|Bombirdier, L85, F|111/258\n|\n|upkeep\n|turn|19\n|\n|t:|1733847859\n|move|p2a: Bombirdier|Roost|p2a: Bombirdier\n|-heal|p2a: Bombirdier|240/258\n|-singleturn|p2a: Bombirdier|move: Roost\n|move|p1a: Dipplin|Dragon Pulse|p2a: Bombirdier\n|-damage|p2a: Bombirdier|134/258\n|\n|upkeep\n|turn|20\n|\n|t:|1733847870\n|switch|p2a: Regieleki|Regieleki, L79|157/256\n|-activate|p2a: Regieleki|move: Sticky Web\n|-unboost|p2a: Regieleki|spe|1\n|move|p1a: Dipplin|Dragon Tail|p2a: Regieleki\n|-damage|p2a: Regieleki|63/256\n|drag|p2a: Seviper|Seviper, L93, M|203/287\n|-activate|p2a: Seviper|move: Sticky Web\n|-unboost|p2a: Seviper|spe|1\n|\n|upkeep\n|turn|21\n|\n|t:|1733847888\n|move|p1a: Dipplin|Dragon Pulse|p2a: Seviper\n|-damage|p2a: Seviper|91/287\n|move|p2a: Seviper|Gunk Shot|p1a: Dipplin\n|-immune|p1a: Dipplin\n|\n|upkeep\n|turn|22\n|\n|t:|1733847898\n|move|p1a: Dipplin|Dragon Pulse|p2a: Seviper\n|-damage|p2a: Seviper|0 fnt\n|faint|p2a: Seviper\n|\n|upkeep\n|\n|t:|1733847910\n|switch|p2a: Regieleki|Regieleki, L79|63/256\n|-activate|p2a: Regieleki|move: Sticky Web\n|-unboost|p2a: Regieleki|spe|1\n|turn|23\n|\n|t:|1733847922\n|switch|p1a: Spidops|Spidops, L96, F|271/271\n|move|p2a: Regieleki|Volt Switch|p1a: Spidops\n|-damage|p1a: Spidops|181/271\n|\n|t:|1733847929\n|switch|p2a: Bombirdier|Bombirdier, L85, F|134/258|[from] Volt Switch\n|\n|upkeep\n|turn|24\n|\n|t:|1733847939\n|move|p2a: Bombirdier|Brave Bird|p1a: Spidops\n|-supereffective|p1a: Spidops\n|-damage|p1a: Spidops|0 fnt\n|faint|p1a: Spidops\n|-damage|p2a: Bombirdier|74/258|[from] Recoil\n|\n|upkeep\n|\n|t:|1733847941\n|switch|p1a: Dipplin|Dipplin, L88, F, tera:Steel|244/284\n|turn|25\n|\n|t:|1733847951\n|move|p2a: Bombirdier|Knock Off|p1a: Dipplin\n|-damage|p1a: Dipplin|180/284\n|-activate|p1a: Dipplin|ability: Sticky Hold\n|move|p1a: Dipplin|Giga Drain|p2a: Bombirdier\n|-resisted|p2a: Bombirdier\n|-damage|p2a: Bombirdier|32/258\n|-heal|p1a: Dipplin|201/284|[from] drain|[of] p2a: Bombirdier\n|\n|upkeep\n|turn|26\n|\n|t:|1733847965\n|move|p2a: Bombirdier|Knock Off|p1a: Dipplin\n|-damage|p1a: Dipplin|140/284\n|-activate|p1a: Dipplin|ability: Sticky Hold\n|move|p1a: Dipplin|Dragon Tail|p2a: Bombirdier\n|-damage|p2a: Bombirdier|0 fnt\n|faint|p2a: Bombirdier\n|\n|upkeep\n|\n|t:|1733847973\n|switch|p2a: Regieleki|Regieleki, L79|63/256\n|-activate|p2a: Regieleki|move: Sticky Web\n|-unboost|p2a: Regieleki|spe|1\n|turn|27\n|\n|t:|1733847978\n|move|p2a: Regieleki|Thunderbolt|p1a: Dipplin\n|-damage|p1a: Dipplin|46/284\n|move|p1a: Dipplin|Recover|p1a: Dipplin\n|-heal|p1a: Dipplin|188/284\n|\n|upkeep\n|turn|28\n|\n|t:|1733847985\n|move|p2a: Regieleki|Thunderbolt|p1a: Dipplin\n|-damage|p1a: Dipplin|92/284\n|move|p1a: Dipplin|Recover|p1a: Dipplin\n|-heal|p1a: Dipplin|234/284\n|\n|upkeep\n|turn|29\n|\n|t:|1733847992\n|move|p2a: Regieleki|Thunderbolt|p1a: Dipplin\n|-damage|p1a: Dipplin|132/284\n|move|p1a: Dipplin|Giga Drain|p2a: Regieleki\n|-damage|p2a: Regieleki|0 fnt\n|-heal|p1a: Dipplin|164/284|[from] drain|[of] p2a: Regieleki\n|faint|p2a: Regieleki\n|\n|upkeep\n|\n|t:|1733848002\n|switch|p2a: Glalie|Glalie, L96, M|309/309\n|turn|30\n|\n|t:|1733848012\n|move|p2a: Glalie|Earthquake|p1a: Dipplin\n|-supereffective|p1a: Dipplin\n|-damage|p1a: Dipplin|86/284\n|move|p1a: Dipplin|Giga Drain|p2a: Glalie\n|-damage|p2a: Glalie|224/309\n|-heal|p1a: Dipplin|129/284|[from] drain|[of] p2a: Glalie\n|\n|upkeep\n|turn|31\n|\n|t:|1733848020\n|move|p2a: Glalie|Earthquake|p1a: Dipplin\n|-supereffective|p1a: Dipplin\n|-damage|p1a: Dipplin|49/284\n|move|p1a: Dipplin|Recover|p1a: Dipplin\n|-heal|p1a: Dipplin|191/284\n|\n|upkeep\n|turn|32\n|\n|t:|1733848031\n|move|p2a: Glalie|Earthquake|p1a: Dipplin\n|-supereffective|p1a: Dipplin\n|-damage|p1a: Dipplin|103/284\n|move|p1a: Dipplin|Giga Drain|p2a: Glalie\n|-damage|p2a: Glalie|145/309\n|-heal|p1a: Dipplin|143/284|[from] drain|[of] p2a: Glalie\n|\n|upkeep\n|turn|33\n|\n|t:|1733848039\n|move|p2a: Glalie|Earthquake|p1a: Dipplin\n|-supereffective|p1a: Dipplin\n|-damage|p1a: Dipplin|49/284\n|move|p1a: Dipplin|Recover|p1a: Dipplin\n|-heal|p1a: Dipplin|191/284\n|\n|upkeep\n|turn|34\n|\n|t:|1733848046\n|move|p2a: Glalie|Earthquake|p1a: Dipplin\n|-supereffective|p1a: Dipplin\n|-damage|p1a: Dipplin|109/284\n|move|p1a: Dipplin|Recover|p1a: Dipplin\n|-heal|p1a: Dipplin|251/284\n|\n|upkeep\n|turn|35\n|\n|t:|1733848053\n|move|p2a: Glalie|Earthquake|p1a: Dipplin\n|-supereffective|p1a: Dipplin\n|-crit|p1a: Dipplin\n|-damage|p1a: Dipplin|131/284\n|move|p1a: Dipplin|Giga Drain|p2a: Glalie\n|-damage|p2a: Glalie|64/309\n|-heal|p1a: Dipplin|172/284|[from] drain|[of] p2a: Glalie\n|\n|upkeep\n|turn|36\n|\n|t:|1733848063\n|move|p2a: Glalie|Earthquake|p1a: Dipplin\n|-supereffective|p1a: Dipplin\n|-damage|p1a: Dipplin|92/284\n|move|p1a: Dipplin|Recover|p1a: Dipplin\n|-heal|p1a: Dipplin|234/284\n|\n|upkeep\n|turn|37\n|\n|t:|1733848070\n|move|p2a: Glalie|Earthquake|p1a: Dipplin\n|-supereffective|p1a: Dipplin\n|-damage|p1a: Dipplin|146/284\n|move|p1a: Dipplin|Giga Drain|p2a: Glalie\n|-damage|p2a: Glalie|0 fnt\n|-heal|p1a: Dipplin|178/284|[from] drain|[of] p2a: Glalie\n|faint|p2a: Glalie\n|\n|upkeep\n|\n|t:|1733848079\n|switch|p2a: Lumineon|Lumineon, L93, M|183/279\n|turn|38\n|\n|t:|1733848083\n|move|p2a: Lumineon|Hydro Pump|p1a: Dipplin\n|-damage|p1a: Dipplin|103/284\n|move|p1a: Dipplin|Giga Drain|p2a: Lumineon\n|-supereffective|p2a: Lumineon\n|-damage|p2a: Lumineon|33/279\n|-heal|p1a: Dipplin|178/284|[from] drain|[of] p2a: Lumineon\n|\n|upkeep\n|turn|39\n|-message|Voggz forfeited.\n|\n|win|QueenRebecce\n|raw|QueenRebecce's rating: 1748 &rarr; <strong>1766</strong><br />(+18 for winning)\n|raw|Voggz's rating: 1711 &rarr; <strong>1693</strong><br />(-18 for losing)\n|l|\u2606Voggz\n|player|p2|\n", "inputlog": ">version bfd83cad13791eb5a5a409923076391caf6fb4d4\n>start {\"formatid\":\"gen9randombattle\",\"seed\":[62733,1467,20297,25961],\"rated\":\"Rated battle\"}\n>player p1 {\"name\":\"QueenRebecce\",\"avatar\":\"iris-gen5bw2\",\"rating\":1748,\"seed\":[11837,41109,32602,21027]}\n>player p2 {\"name\":\"Voggz\",\"avatar\":\"101\",\"rating\":1711,\"seed\":[12363,33909,6907,8748]}\n>p1 switch 3\n>p2 move uturn\n>p2 switch 2\n>p1 move irondefense\n>p2 move knockoff\n>p1 move thunderwave\n>p2 move flamethrower\n>p1 move thunderwave\n>p2 move flamethrower\n>p1 switch 2\n>p1 move icebeam\n>p2 switch 2\n>p1 move icebeam\n>p2 move foulplay terastallize\n>p1 switch 6\n>p1 move bodypress\n>p2 move foulplay\n>p2 switch 5\n>p1 move bodypress\n>p2 move icebeam\n>p1 move bodypress\n>p2 move hydropump\n>p1 switch 5\n>p1 move stickyweb\n>p2 move hydropump\n>p1 move spikes\n>p2 move encore\n>p1 switch 4\n>p2 move icebeam\n>p1 move psychicnoise\n>p2 move uturn\n>p2 switch 3\n>p1 move bodypress\n>p2 move knockoff\n>p1 move bodypress\n>p2 move knockoff\n>p1 switch 3\n>p1 move dragonpulse terastallize\n>p2 move bravebird\n>p1 move dragonpulse\n>p2 move roost\n>p1 move dragontail\n>p2 switch 6\n>p1 move dragonpulse\n>p2 move roost\n>p1 move dragontail\n>p2 switch 6\n>p1 move dragonpulse\n>p2 move gunkshot\n>p1 move dragonpulse\n>p2 move earthquake\n>p2 switch 2\n>p1 switch 4\n>p2 move voltswitch\n>p2 switch 6\n>p1 move spikes\n>p2 move bravebird\n>p1 switch 4\n>p1 move gigadrain\n>p2 move knockoff\n>p1 move dragontail\n>p2 move knockoff\n>p2 switch 6\n>p1 move recover\n>p2 move thunderbolt\n>p1 move recover\n>p2 move thunderbolt\n>p1 move gigadrain\n>p2 move thunderbolt\n>p2 switch 4\n>p1 move gigadrain\n>p2 move earthquake\n>p1 move recover\n>p2 move earthquake\n>p1 move gigadrain\n>p2 move earthquake\n>p1 move recover\n>p2 move earthquake\n>p1 move recover\n>p2 move earthquake\n>p1 move gigadrain\n>p2 move earthquake\n>p1 move recover\n>p2 move earthquake\n>p1 move gigadrain\n>p2 move earthquake\n>p2 switch 3\n>p1 move gigadrain\n>p2 move hydropump\n>forcelose p2", "uploadtime": 1733848092, "views": 2, "formatid": "gen9randombattle", "rating": 1693, "private": 0, "password": null}