{"id": "gen9randombattle-2201857668", "format": "[Gen 9] Random Battle", "players": ["RBLT Unstoppable", "rblt apache"], "log": "|raw|<div class=\"broadcast-blue\"><strong>This battle is required to be public due to a player having a name starting with 'rblt'.</div>\n|j|\u2606RBLT Unstoppable\n|j|\u2606rblt apache\n|t:|1726364801\n|gametype|singles\n|player|p1|RBLT Unstoppable|jasmine|2207\n|player|p2|rblt apache|blackbelt-gen4dp|2235\n|teamsize|p1|6\n|teamsize|p2|6\n|gen|9\n|tier|[Gen 9] Random Battle\n|rated|\n|rule|Species Clause: Limit one of each Pok\u00e9mon\n|rule|HP Percentage Mod: HP is shown in percentages\n|rule|Sleep Clause Mod: Limit one foe put to sleep\n|rule|Illusion Level Mod: Illusion disguises the Pok\u00e9mon's true level\n|\n|t:|1726364801\n|start\n|switch|p1a: Deoxys|Deoxys, L74|196/196\n|switch|p2a: Ninetales|Ninetales-Alola, L78, M|242/242\n|-ability|p1a: Deoxys|Pressure\n|-weather|Snow|[from] ability: Snow Warning|[of] p2a: Ninetales\n|turn|1\n|inactive|Battle timer is ON: inactive players will automatically lose when time's up. (requested by RBLT Unstoppable)\n|\n|t:|1726364829\n|move|p1a: Deoxys|Psycho Boost|p2a: Ninetales|[miss]\n|-miss|p1a: Deoxys|p2a: Ninetales\n|move|p2a: Ninetales|Blizzard|p1a: Deoxys\n|-damage|p1a: Deoxys|45/196\n|\n|-weather|Snow|[upkeep]\n|upkeep\n|turn|2\n|\n|t:|1726364846\n|move|p1a: Deoxys|Psycho Boost|p2a: Ninetales\n|-damage|p2a: Ninetales|26/242\n|-unboost|p1a: Deoxys|spa|2\n|-damage|p1a: Deoxys|26/196|[from] item: Life Orb\n|move|p2a: Ninetales|Blizzard|p1a: Deoxys\n|-damage|p1a: Deoxys|0 fnt\n|faint|p1a: Deoxys\n|\n|-weather|Snow|[upkeep]\n|upkeep\n|\n|t:|1726364863\n|switch|p1a: Arceus|Arceus-Electric, L70|284/284\n|turn|3\n|\n|t:|1726364873\n|move|p2a: Ninetales|Aurora Veil|p2a: Ninetales\n|-sidestart|p2: rblt apache|move: Aurora Veil\n|move|p1a: Arceus|Judgment|p2a: Ninetales\n|-damage|p2a: Ninetales|0 fnt\n|faint|p2a: Ninetales\n|\n|-weather|Snow|[upkeep]\n|upkeep\n|\n|t:|1726364884\n|switch|p2a: Swampert|Swampert, L83, M|302/302\n|turn|4\n|\n|t:|1726364888\n|switch|p1a: Abomasnow|Abomasnow, L85, M|291/291\n|move|p2a: Swampert|Stealth Rock|p1a: Abomasnow\n|-sidestart|p1: RBLT Unstoppable|move: Stealth Rock\n|\n|-weather|Snow|[upkeep]\n|upkeep\n|turn|5\n|\n|t:|1726364898\n|switch|p2a: Volcanion|Volcanion, L79|255/255\n|move|p1a: Abomasnow|Aurora Veil|p1a: Abomasnow\n|-sidestart|p1: RBLT Unstoppable|move: Aurora Veil\n|\n|-weather|none\n|upkeep\n|turn|6\n|\n|t:|1726364921\n|switch|p1a: Arceus|Arceus-Electric, L70|284/284\n|-damage|p1a: Arceus|249/284|[from] Stealth Rock\n|move|p2a: Volcanion|Flamethrower|p1a: Arceus\n|-damage|p1a: Arceus|203/284\n|\n|upkeep\n|turn|7\n|inactive|RBLT Unstoppable has 120 seconds left.\n|\n|t:|1726364943\n|switch|p1a: Donphan|Donphan, L84, F|288/288\n|-damage|p1a: Donphan|270/288|[from] Stealth Rock\n|switch|p2a: Swampert|Swampert, L83, M|302/302\n|\n|-heal|p1a: Donphan|288/288|[from] item: Leftovers\n|upkeep\n|turn|8\n|\n|t:|1726364955\n|move|p2a: Swampert|Knock Off|p1a: Donphan\n|-damage|p1a: Donphan|259/288\n|-enditem|p1a: Donphan|Leftovers|[from] move: Knock Off|[of] p2a: Swampert\n|move|p1a: Donphan|Stealth Rock|p2a: Swampert\n|-sidestart|p2: rblt apache|move: Stealth Rock\n|\n|upkeep\n|turn|9\n|\n|t:|1726364963\n|move|p1a: Donphan|Rapid Spin|p2a: Swampert\n|-damage|p2a: Swampert|279/302\n|-boost|p1a: Donphan|spe|1\n|-sideend|p1: RBLT Unstoppable|Stealth Rock|[from] move: Rapid Spin|[of] p1a: Donphan\n|move|p2a: Swampert|Roar|p1a: Donphan\n|drag|p1a: Sinistcha|Sinistcha, L83|254/254\n|\n|-heal|p2a: Swampert|297/302|[from] item: Leftovers\n|upkeep\n|turn|10\n|\n|t:|1726364976\n|switch|p2a: Volcanion|Volcanion, L79|255/255\n|-damage|p2a: Volcanion|192/255|[from] Stealth Rock\n|move|p1a: Sinistcha|Matcha Gotcha|p2a: Volcanion\n|-damage|p2a: Volcanion|158/255\n|\n|-sideend|p2: rblt apache|move: Aurora Veil\n|upkeep\n|turn|11\n|\n|t:|1726364994\n|move|p1a: Sinistcha|Calm Mind|p1a: Sinistcha\n|-boost|p1a: Sinistcha|spa|1\n|-boost|p1a: Sinistcha|spd|1\n|move|p2a: Volcanion|Flamethrower|p1a: Sinistcha\n|-supereffective|p1a: Sinistcha\n|-damage|p1a: Sinistcha|215/254\n|\n|-heal|p1a: Sinistcha|230/254|[from] item: Leftovers\n|upkeep\n|turn|12\n|\n|t:|1726364999\n|switch|p2a: Flygon|Flygon, L82, M|265/265\n|-damage|p2a: Flygon|249/265|[from] Stealth Rock\n|move|p1a: Sinistcha|Calm Mind|p1a: Sinistcha\n|-boost|p1a: Sinistcha|spa|1\n|-boost|p1a: Sinistcha|spd|1\n|\n|-heal|p1a: Sinistcha|245/254|[from] item: Leftovers\n|-sideend|p1: RBLT Unstoppable|move: Aurora Veil\n|upkeep\n|turn|13\n|\n|t:|1726365008\n|move|p2a: Flygon|U-turn|p1a: Sinistcha\n|-damage|p1a: Sinistcha|203/254\n|\n|t:|1726365010\n|switch|p2a: Volcanion|Volcanion, L79|158/255|[from] U-turn\n|-damage|p2a: Volcanion|95/255|[from] Stealth Rock\n|move|p1a: Sinistcha|Strength Sap|p2a: Volcanion\n|-unboost|p2a: Volcanion|atk|1\n|-heal|p1a: Sinistcha|254/254\n|\n|upkeep\n|turn|14\n|\n|t:|1726365017\n|switch|p2a: Arceus|Arceus-Flying, L69|279/279\n|-damage|p2a: Arceus|210/279|[from] Stealth Rock\n|move|p1a: Sinistcha|Matcha Gotcha|p2a: Arceus\n|-resisted|p2a: Arceus\n|-damage|p2a: Arceus|123/279\n|\n|upkeep\n|turn|15\n|\n|t:|1726365026\n|move|p2a: Arceus|Calm Mind|p2a: Arceus\n|-boost|p2a: Arceus|spa|1\n|-boost|p2a: Arceus|spd|1\n|move|p1a: Sinistcha|Shadow Ball|p2a: Arceus\n|-damage|p2a: Arceus|3/279\n|\n|upkeep\n|turn|16\n|\n|t:|1726365045\n|switch|p1a: Arceus|Arceus-Electric, L70|203/284\n|move|p2a: Arceus|Recover|p2a: Arceus\n|-heal|p2a: Arceus|143/279\n|\n|upkeep\n|turn|17\n|\n|t:|1726365070\n|-terastallize|p2a: Arceus|Ground\n|move|p1a: Arceus|Judgment|p2a: Arceus\n|-immune|p2a: Arceus\n|move|p2a: Arceus|Recover|p2a: Arceus\n|-heal|p2a: Arceus|279/279\n|\n|upkeep\n|turn|18\n|\n|t:|1726365094\n|-terastallize|p1a: Arceus|Ice\n|move|p1a: Arceus|Calm Mind|p1a: Arceus\n|-boost|p1a: Arceus|spa|1\n|-boost|p1a: Arceus|spd|1\n|move|p2a: Arceus|Calm Mind|p2a: Arceus\n|-boost|p2a: Arceus|spa|1\n|-boost|p2a: Arceus|spd|1\n|\n|upkeep\n|turn|19\n|\n|t:|1726365098\n|move|p1a: Arceus|Calm Mind|p1a: Arceus\n|-boost|p1a: Arceus|spa|1\n|-boost|p1a: Arceus|spd|1\n|move|p2a: Arceus|Judgment|p1a: Arceus\n|-damage|p1a: Arceus|107/284\n|\n|upkeep\n|turn|20\n|\n|t:|1726365101\n|move|p1a: Arceus|Recover|p1a: Arceus\n|-heal|p1a: Arceus|249/284\n|move|p2a: Arceus|Judgment|p1a: Arceus\n|-damage|p1a: Arceus|152/284\n|\n|upkeep\n|turn|21\n|\n|t:|1726365105\n|move|p1a: Arceus|Ice Beam|p2a: Arceus\n|-supereffective|p2a: Arceus\n|-crit|p2a: Arceus\n|-damage|p2a: Arceus|0 fnt\n|faint|p2a: Arceus\n|\n|upkeep\n|\n|t:|1726365129\n|switch|p2a: Iron Leaves|Iron Leaves, L80|275/275\n|-damage|p2a: Iron Leaves|241/275|[from] Stealth Rock\n|turn|22\n|\n|t:|1726365151\n|move|p2a: Iron Leaves|Megahorn|p1a: Arceus\n|-damage|p1a: Arceus|11/284\n|move|p1a: Arceus|Ice Beam|p2a: Iron Leaves\n|-supereffective|p2a: Iron Leaves\n|-damage|p2a: Iron Leaves|0 fnt\n|faint|p2a: Iron Leaves\n|-end|p2a: Iron Leaves|Quark Drive|[silent]\n|\n|upkeep\n|\n|t:|1726365155\n|switch|p2a: Flygon|Flygon, L82, M|249/265\n|-damage|p2a: Flygon|233/265|[from] Stealth Rock\n|turn|23\n|\n|t:|1726365158\n|move|p2a: Flygon|U-turn|p1a: Arceus\n|-damage|p1a: Arceus|0 fnt\n|faint|p1a: Arceus\n|c|\u2606rblt apache|gg cant break the sinistcha\n|-message|rblt apache forfeited.\n|\n|win|RBLT Unstoppable\n|raw|RBLT Unstoppable's rating: 2207 &rarr; <strong>2229</strong><br />(+22 for winning)\n|raw|rblt apache's rating: 2235 &rarr; <strong>2213</strong><br />(-22 for losing)\n|l|\u2606rblt apache\n|player|p2|\n", "inputlog": ">version abcf08933808d3fb39dbc2b54a8665d830b47482\n>start {\"formatid\":\"gen9randombattle\",\"seed\":[47329,40345,53695,63316],\"rated\":\"Rated battle\"}\n>player p1 {\"name\":\"RBLT Unstoppable\",\"avatar\":\"jasmine\",\"rating\":2207,\"seed\":[41385,6901,30501,42707]}\n>player p2 {\"name\":\"rblt apache\",\"avatar\":\"blackbelt-gen4dp\",\"rating\":2235,\"seed\":[41509,62080,19189,9124]}\n>p1 move psychoboost\n>p2 move blizzard\n>p1 move psychoboost\n>p2 move blizzard\n>p1 switch 6\n>p1 move judgment\n>p2 move auroraveil\n>p2 switch 3\n>p1 switch 3\n>p2 move stealthrock\n>p1 move auroraveil\n>p2 switch 4\n>p1 switch 3\n>p2 move flamethrower\n>p1 switch 4\n>p2 switch 4\n>p1 move stealthrock\n>p2 move knockoff\n>p1 move rapidspin\n>p2 move roar\n>p1 move matchagotcha\n>p2 switch 4\n>p1 move calmmind\n>p2 move flamethrower\n>p1 move calmmind\n>p2 switch 5\n>p1 move strengthsap\n>p2 move uturn\n>p2 switch 5\n>p1 move matchagotcha\n>p2 switch 2\n>p1 move shadowball\n>p2 move calmmind\n>p1 switch 4\n>p2 move recover\n>p1 move judgment\n>p2 move recover terastallize\n>p1 move calmmind terastallize\n>p2 move calmmind\n>p1 move calmmind\n>p2 move judgment\n>p1 move recover\n>p2 move judgment\n>p1 move icebeam\n>p2 move calmmind\n>p2 switch 6\n>p1 move icebeam\n>p2 move megahorn\n>p2 switch 5\n>p1 move recover\n>p2 move uturn\n>chat \u2606rblt apache|gg cant break the sinistcha\n>forcelose p2", "uploadtime": 1726365176, "views": 90, "formatid": "gen9randombattle", "rating": 2213, "private": 0, "password": null}