{"id": "gen9randombattle-2143935168", "format": "[Gen 9] Random Battle", "players": ["ceru-edge", "Tinkatwink"], "log": "|badge|p1|silver|gen9randombattle|30-1\n|badge|p1|gold|gen9ou|3-1\n|badge|p1|silver|gen9monotype|30-1\n|uhtml|medal-msg|<div class=\"broadcast-blue\">Curious what those medals under the avatar are? PS now has Ladder Seasons! For more information, check out the <a href=\"https://www.smogon.com/forums/threads/3740067/\">thread on Smogon.</a></div>\n|j|\u2606ceru-edge\n|j|\u2606Tinkatwink\n|t:|1718478601\n|gametype|singles\n|player|p1|ceru-edge|bugcatcher-gen4dp|2395\n|player|p2|Tinkatwink|tulip|2318\n|teamsize|p1|6\n|teamsize|p2|6\n|gen|9\n|tier|[Gen 9] Random Battle\n|rated|\n|rule|Species Clause: Limit one of each Pok\u00e9mon\n|rule|HP Percentage Mod: HP is shown in percentages\n|rule|Sleep Clause Mod: Limit one foe put to sleep\n|rule|Illusion Level Mod: Illusion disguises the Pok\u00e9mon's true level\n|\n|t:|1718478601\n|start\n|switch|p1a: Rampardos|Rampardos, L90, F|321/321\n|switch|p2a: Ninetales|Ninetales-Alola, L79, M|245/245\n|-weather|Snow|[from] ability: Snow Warning|[of] p2a: Ninetales\n|turn|1\n|c|\u2606ceru-edge|nice name hf\n|c|\u2606Tinkatwink|ty u2\n|\n|t:|1718478621\n|switch|p2a: Bronzong|Bronzong, L88|261/261\n|move|p1a: Rampardos|Rock Slide|p2a: Bronzong\n|-resisted|p2a: Bronzong\n|-damage|p2a: Bronzong|192/261\n|\n|-weather|Snow|[upkeep]\n|-heal|p2a: Bronzong|208/261|[from] item: Leftovers\n|upkeep\n|turn|2\n|\n|t:|1718478628\n|switch|p1a: Overqwil|Overqwil, L82, M|274/274\n|-ability|p1a: Overqwil|Intimidate|boost\n|-unboost|p2a: Bronzong|atk|1\n|move|p2a: Bronzong|Iron Head|p1a: Overqwil\n|-damage|p1a: Overqwil|222/274\n|\n|-weather|Snow|[upkeep]\n|-heal|p2a: Bronzong|224/261|[from] item: Leftovers\n|upkeep\n|turn|3\n|\n|t:|1718478633\n|move|p1a: Overqwil|Crunch|p2a: Bronzong\n|-supereffective|p2a: Bronzong\n|-damage|p2a: Bronzong|30/261\n|move|p2a: Bronzong|Stealth Rock|p1a: Overqwil\n|-sidestart|p1: ceru-edge|move: Stealth Rock\n|\n|-weather|Snow|[upkeep]\n|-heal|p2a: Bronzong|46/261|[from] item: Leftovers\n|upkeep\n|turn|4\n|\n|t:|1718478639\n|switch|p2a: Ninetales|Ninetales-Alola, L79, M|245/245\n|move|p1a: Overqwil|Crunch|p2a: Ninetales\n|-resisted|p2a: Ninetales\n|-damage|p2a: Ninetales|191/245\n|\n|-weather|Snow|[upkeep]\n|upkeep\n|turn|5\n|\n|t:|1718478641\n|switch|p1a: Hippowdon|Hippowdon, L82, F|311/311\n|-damage|p1a: Hippowdon|292/311|[from] Stealth Rock\n|-weather|Sandstorm|[from] ability: Sand Stream|[of] p1a: Hippowdon\n|move|p2a: Ninetales|Moonblast|p1a: Hippowdon\n|-damage|p1a: Hippowdon|199/311\n|\n|-weather|Sandstorm|[upkeep]\n|-damage|p2a: Ninetales|176/245|[from] Sandstorm\n|-heal|p1a: Hippowdon|218/311|[from] item: Leftovers\n|upkeep\n|turn|6\n|\n|t:|1718478647\n|switch|p1a: Jirachi|Jirachi, L80|291/291\n|-damage|p1a: Jirachi|273/291|[from] Stealth Rock\n|move|p2a: Ninetales|Blizzard|p1a: Jirachi\n|-resisted|p1a: Jirachi\n|-crit|p1a: Jirachi\n|-damage|p1a: Jirachi|213/291\n|\n|-weather|Sandstorm|[upkeep]\n|-damage|p2a: Ninetales|161/245|[from] Sandstorm\n|-heal|p1a: Jirachi|231/291|[from] item: Leftovers\n|upkeep\n|turn|7\n|\n|t:|1718478653\n|switch|p2a: Sableye|Sableye, L90, F|236/236\n|move|p1a: Jirachi|Body Slam|p2a: Sableye\n|-immune|p2a: Sableye\n|\n|-weather|Sandstorm|[upkeep]\n|-damage|p2a: Sableye|222/236|[from] Sandstorm\n|-heal|p1a: Jirachi|249/291|[from] item: Leftovers\n|-heal|p2a: Sableye|236/236|[from] item: Leftovers\n|upkeep\n|turn|8\n|\n|t:|1718478660\n|move|p1a: Jirachi|Protect|p1a: Jirachi\n|-singleturn|p1a: Jirachi|Protect\n|move|p2a: Sableye|Knock Off|p1a: Jirachi\n|-activate|p1a: Jirachi|move: Protect\n|\n|-weather|Sandstorm|[upkeep]\n|-damage|p2a: Sableye|222/236|[from] Sandstorm\n|-heal|p1a: Jirachi|267/291|[from] item: Leftovers\n|-heal|p2a: Sableye|236/236|[from] item: Leftovers\n|upkeep\n|turn|9\n|\n|t:|1718478665\n|switch|p1a: Hippowdon|Hippowdon, L82, F|218/311\n|-damage|p1a: Hippowdon|199/311|[from] Stealth Rock\n|move|p2a: Sableye|Knock Off|p1a: Hippowdon\n|-damage|p1a: Hippowdon|112/311\n|-enditem|p1a: Hippowdon|Leftovers|[from] move: Knock Off|[of] p2a: Sableye\n|\n|-weather|none\n|upkeep\n|turn|10\n|\n|t:|1718478669\n|move|p2a: Sableye|Taunt|p1a: Hippowdon\n|-start|p1a: Hippowdon|move: Taunt\n|cant|p1a: Hippowdon|move: Taunt|Slack Off\n|\n|upkeep\n|turn|11\n|\n|t:|1718478672\n|move|p2a: Sableye|Knock Off|p1a: Hippowdon\n|-damage|p1a: Hippowdon|58/311\n|move|p1a: Hippowdon|Earthquake|p2a: Sableye\n|-damage|p2a: Sableye|109/236\n|\n|-heal|p2a: Sableye|123/236|[from] item: Leftovers\n|upkeep\n|turn|12\n|\n|t:|1718478677\n|switch|p1a: Overqwil|Overqwil, L82, M|222/274\n|-damage|p1a: Overqwil|188/274|[from] Stealth Rock\n|-ability|p1a: Overqwil|Intimidate|boost\n|-unboost|p2a: Sableye|atk|1\n|move|p2a: Sableye|Taunt|p1a: Overqwil\n|-hint|Since gen 7, Dark is immune to Prankster moves.\n|-immune|p1a: Overqwil\n|\n|-heal|p2a: Sableye|137/236|[from] item: Leftovers\n|upkeep\n|turn|13\n|\n|t:|1718478684\n|switch|p2a: Ninetales|Ninetales-Alola, L79, M|161/245\n|-weather|Snow|[from] ability: Snow Warning|[of] p2a: Ninetales\n|move|p1a: Overqwil|Crunch|p2a: Ninetales\n|-resisted|p2a: Ninetales\n|-damage|p2a: Ninetales|101/245\n|\n|-weather|Snow|[upkeep]\n|upkeep\n|turn|14\n|\n|t:|1718478689\n|switch|p1a: Jirachi|Jirachi, L80|267/291\n|-damage|p1a: Jirachi|249/291|[from] Stealth Rock\n|move|p2a: Ninetales|Moonblast|p1a: Jirachi\n|-resisted|p1a: Jirachi\n|-damage|p1a: Jirachi|210/291\n|\n|-weather|Snow|[upkeep]\n|-heal|p1a: Jirachi|228/291|[from] item: Leftovers\n|upkeep\n|turn|15\n|\n|t:|1718478694\n|switch|p2a: Bronzong|Bronzong, L88|46/261\n|move|p1a: Jirachi|Wish|p1a: Jirachi\n|\n|-weather|Snow|[upkeep]\n|-heal|p1a: Jirachi|246/291|[from] item: Leftovers\n|-heal|p2a: Bronzong|62/261|[from] item: Leftovers\n|upkeep\n|turn|16\n|\n|t:|1718478697\n|switch|p1a: Overqwil|Overqwil, L82, M|188/274\n|-damage|p1a: Overqwil|154/274|[from] Stealth Rock\n|-ability|p1a: Overqwil|Intimidate|boost\n|-unboost|p2a: Bronzong|atk|1\n|move|p2a: Bronzong|Stealth Rock||[still]\n|-fail|p2a: Bronzong\n|\n|-weather|Snow|[upkeep]\n|-heal|p1a: Overqwil|274/274|[from] move: Wish|[wisher] Jirachi\n|-heal|p2a: Bronzong|78/261|[from] item: Leftovers\n|upkeep\n|turn|17\n|\n|t:|1718478702\n|switch|p2a: Beartic|Beartic, L90, M|317/317\n|move|p1a: Overqwil|Crunch|p2a: Beartic\n|-damage|p2a: Beartic|224/317\n|\n|-weather|none\n|upkeep\n|turn|18\n|\n|t:|1718478707\n|move|p1a: Overqwil|Crunch|p2a: Beartic\n|-damage|p2a: Beartic|77/317\n|move|p2a: Beartic|Icicle Crash|p1a: Overqwil\n|-damage|p1a: Overqwil|154/274\n|\n|upkeep\n|turn|19\n|\n|t:|1718478712\n|switch|p2a: Ninetales|Ninetales-Alola, L79, M|101/245\n|-weather|Snow|[from] ability: Snow Warning|[of] p2a: Ninetales\n|move|p1a: Overqwil|Crunch|p2a: Ninetales\n|-resisted|p2a: Ninetales\n|-damage|p2a: Ninetales|46/245\n|\n|-weather|Snow|[upkeep]\n|upkeep\n|turn|20\n|\n|t:|1718478714\n|switch|p1a: Jirachi|Jirachi, L80|246/291\n|-damage|p1a: Jirachi|228/291|[from] Stealth Rock\n|move|p2a: Ninetales|Moonblast|p1a: Jirachi\n|-resisted|p1a: Jirachi\n|-damage|p1a: Jirachi|191/291\n|\n|-weather|Snow|[upkeep]\n|-heal|p1a: Jirachi|209/291|[from] item: Leftovers\n|upkeep\n|turn|21\n|\n|t:|1718478719\n|move|p2a: Ninetales|Nasty Plot|p2a: Ninetales\n|-boost|p2a: Ninetales|spa|2\n|move|p1a: Jirachi|Wish|p1a: Jirachi\n|\n|-weather|Snow|[upkeep]\n|-heal|p1a: Jirachi|227/291|[from] item: Leftovers\n|upkeep\n|turn|22\n|\n|t:|1718478729\n|-terastallize|p2a: Ninetales|Ground\n|move|p1a: Jirachi|Protect|p1a: Jirachi\n|-singleturn|p1a: Jirachi|Protect\n|move|p2a: Ninetales|Tera Blast|p1a: Jirachi|[anim] Tera Blast Ground\n|-activate|p1a: Jirachi|move: Protect\n|\n|-weather|Snow|[upkeep]\n|-heal|p1a: Jirachi|291/291|[from] move: Wish|[wisher] Jirachi\n|upkeep\n|turn|23\n|\n|t:|1718478736\n|switch|p1a: Hippowdon|Hippowdon, L82, F|58/311\n|-damage|p1a: Hippowdon|39/311|[from] Stealth Rock\n|-weather|Sandstorm|[from] ability: Sand Stream|[of] p1a: Hippowdon\n|move|p2a: Ninetales|Tera Blast|p1a: Hippowdon|[anim] Tera Blast Ground\n|-damage|p1a: Hippowdon|0 fnt\n|faint|p1a: Hippowdon\n|\n|-weather|Sandstorm|[upkeep]\n|upkeep\n|\n|t:|1718478745\n|switch|p1a: Toedscruel|Toedscruel, L87, F|281/281\n|-damage|p1a: Toedscruel|264/281|[from] Stealth Rock\n|turn|24\n|\n|t:|1718478753\n|switch|p2a: Sableye|Sableye, L90, F|137/236\n|move|p1a: Toedscruel|Knock Off|p2a: Sableye\n|-damage|p2a: Sableye|77/236\n|-enditem|p2a: Sableye|Leftovers|[from] move: Knock Off|[of] p1a: Toedscruel\n|\n|-weather|Sandstorm|[upkeep]\n|-damage|p2a: Sableye|63/236|[from] Sandstorm\n|upkeep\n|turn|25\n|\n|t:|1718478757\n|move|p2a: Sableye|Recover|p2a: Sableye\n|-heal|p2a: Sableye|181/236\n|move|p1a: Toedscruel|Earth Power|p2a: Sableye\n|-damage|p2a: Sableye|78/236\n|\n|-weather|Sandstorm|[upkeep]\n|-damage|p2a: Sableye|64/236|[from] Sandstorm\n|upkeep\n|turn|26\n|\n|t:|1718478759\n|move|p2a: Sableye|Recover|p2a: Sableye\n|-heal|p2a: Sableye|182/236\n|move|p1a: Toedscruel|Earth Power|p2a: Sableye\n|-damage|p2a: Sableye|89/236\n|\n|-weather|Sandstorm|[upkeep]\n|-damage|p2a: Sableye|75/236|[from] Sandstorm\n|upkeep\n|turn|27\n|\n|t:|1718478762\n|move|p2a: Sableye|Recover|p2a: Sableye\n|-heal|p2a: Sableye|193/236\n|move|p1a: Toedscruel|Earth Power|p2a: Sableye\n|-damage|p2a: Sableye|82/236\n|\n|-weather|none\n|upkeep\n|turn|28\n|\n|t:|1718478765\n|switch|p1a: Overqwil|Overqwil, L82, M|154/274\n|-damage|p1a: Overqwil|120/274|[from] Stealth Rock\n|-ability|p1a: Overqwil|Intimidate|boost\n|-unboost|p2a: Sableye|atk|1\n|move|p2a: Sableye|Recover|p2a: Sableye\n|-heal|p2a: Sableye|200/236\n|\n|upkeep\n|turn|29\n|\n|t:|1718478768\n|move|p1a: Overqwil|Crunch|p2a: Sableye\n|-damage|p2a: Sableye|47/236\n|move|p2a: Sableye|Knock Off|p1a: Overqwil\n|-resisted|p1a: Overqwil\n|-damage|p1a: Overqwil|89/274\n|-enditem|p1a: Overqwil|Choice Band|[from] move: Knock Off|[of] p2a: Sableye\n|\n|upkeep\n|turn|30\n|\n|t:|1718478771\n|move|p2a: Sableye|Recover|p2a: Sableye\n|-heal|p2a: Sableye|165/236\n|move|p1a: Overqwil|Crunch|p2a: Sableye\n|-damage|p2a: Sableye|69/236\n|-unboost|p2a: Sableye|def|1\n|\n|upkeep\n|turn|31\n|\n|t:|1718478778\n|switch|p2a: Bronzong|Bronzong, L88|78/261\n|move|p1a: Overqwil|Crunch|p2a: Bronzong\n|-supereffective|p2a: Bronzong\n|-damage|p2a: Bronzong|0 fnt\n|faint|p2a: Bronzong\n|\n|upkeep\n|\n|t:|1718478781\n|switch|p2a: Ninetales|Ninetales-Alola, L79, M, tera:Ground|46/245\n|-weather|Snow|[from] ability: Snow Warning|[of] p2a: Ninetales\n|turn|32\n|\n|t:|1718478790\n|switch|p2a: Zekrom|Zekrom, L71|259/259\n|-ability|p2a: Zekrom|Teravolt\n|move|p1a: Overqwil|Aqua Jet|p2a: Zekrom\n|-resisted|p2a: Zekrom\n|-damage|p2a: Zekrom|246/259\n|\n|-weather|Snow|[upkeep]\n|-heal|p2a: Zekrom|259/259|[from] item: Leftovers\n|upkeep\n|turn|33\n|\n|t:|1718478795\n|move|p1a: Overqwil|Gunk Shot|p2a: Zekrom\n|-damage|p2a: Zekrom|133/259\n|-status|p2a: Zekrom|psn\n|move|p2a: Zekrom|Substitute|p2a: Zekrom\n|-start|p2a: Zekrom|Substitute\n|-damage|p2a: Zekrom|69/259 psn\n|\n|-weather|Snow|[upkeep]\n|-heal|p2a: Zekrom|85/259 psn|[from] item: Leftovers\n|-damage|p2a: Zekrom|53/259 psn|[from] psn\n|upkeep\n|turn|34\n|\n|t:|1718478802\n|switch|p1a: Toedscruel|Toedscruel, L87, F|264/281\n|-damage|p1a: Toedscruel|247/281|[from] Stealth Rock\n|move|p2a: Zekrom|Bolt Strike|p1a: Toedscruel\n|-immune|p1a: Toedscruel\n|\n|-weather|Snow|[upkeep]\n|-heal|p2a: Zekrom|69/259 psn|[from] item: Leftovers\n|-damage|p2a: Zekrom|37/259 psn|[from] psn\n|upkeep\n|turn|35\n|\n|t:|1718478807\n|move|p1a: Toedscruel|Rapid Spin|p2a: Zekrom\n|-activate|p2a: Zekrom|move: Substitute|[damage]\n|-sideend|p1: ceru-edge|Stealth Rock|[from] move: Rapid Spin|[of] p1a: Toedscruel\n|-boost|p1a: Toedscruel|spe|1\n|move|p2a: Zekrom|Outrage|p1a: Toedscruel\n|-damage|p1a: Toedscruel|91/281\n|\n|-weather|Snow|[upkeep]\n|-heal|p2a: Zekrom|53/259 psn|[from] item: Leftovers\n|-damage|p2a: Zekrom|21/259 psn|[from] psn\n|upkeep\n|turn|36\n|\n|t:|1718478809\n|switch|p1a: Jirachi|Jirachi, L80|291/291\n|move|p2a: Zekrom|Outrage|p1a: Jirachi|[from]lockedmove\n|-resisted|p1a: Jirachi\n|-damage|p1a: Jirachi|225/291\n|-start|p2a: Zekrom|confusion|[fatigue]\n|\n|-weather|none\n|-heal|p1a: Jirachi|243/291|[from] item: Leftovers\n|-heal|p2a: Zekrom|37/259 psn|[from] item: Leftovers\n|-damage|p2a: Zekrom|5/259 psn|[from] psn\n|upkeep\n|turn|37\n|\n|t:|1718478814\n|switch|p2a: Sableye|Sableye, L90, F|69/236\n|move|p1a: Jirachi|Protect||[still]\n|-fail|p1a: Jirachi\n|\n|-heal|p1a: Jirachi|261/291|[from] item: Leftovers\n|upkeep\n|turn|38\n|\n|t:|1718478817\n|move|p2a: Sableye|Recover|p2a: Sableye\n|-heal|p2a: Sableye|187/236\n|move|p1a: Jirachi|Wish|p1a: Jirachi\n|\n|-heal|p1a: Jirachi|279/291|[from] item: Leftovers\n|upkeep\n|turn|39\n|\n|t:|1718478823\n|switch|p1a: Overqwil|Overqwil, L82, M|89/274\n|-ability|p1a: Overqwil|Intimidate|boost\n|-unboost|p2a: Sableye|atk|1\n|move|p2a: Sableye|Knock Off|p1a: Overqwil\n|-resisted|p1a: Overqwil\n|-damage|p1a: Overqwil|69/274\n|\n|-heal|p1a: Overqwil|214/274|[from] move: Wish|[wisher] Jirachi\n|upkeep\n|turn|40\n|\n|t:|1718478830\n|move|p1a: Overqwil|Crunch|p2a: Sableye\n|-damage|p2a: Sableye|81/236\n|move|p2a: Sableye|Knock Off|p1a: Overqwil\n|-resisted|p1a: Overqwil\n|-damage|p1a: Overqwil|193/274\n|\n|upkeep\n|turn|41\n|\n|t:|1718478833\n|move|p2a: Sableye|Recover|p2a: Sableye\n|-heal|p2a: Sableye|199/236\n|move|p1a: Overqwil|Crunch|p2a: Sableye\n|-damage|p2a: Sableye|108/236\n|\n|upkeep\n|turn|42\n|\n|t:|1718478835\n|switch|p2a: Zekrom|Zekrom, L71|5/259 psn\n|-ability|p2a: Zekrom|Teravolt\n|move|p1a: Overqwil|Crunch|p2a: Zekrom\n|-damage|p2a: Zekrom|0 fnt\n|faint|p2a: Zekrom\n|\n|upkeep\n|\n|t:|1718478836\n|switch|p2a: Ninetales|Ninetales-Alola, L79, M, tera:Ground|46/245\n|-weather|Snow|[from] ability: Snow Warning|[of] p2a: Ninetales\n|turn|43\n|\n|t:|1718478843\n|switch|p2a: Sableye|Sableye, L90, F|108/236\n|move|p1a: Overqwil|Aqua Jet|p2a: Sableye\n|-damage|p2a: Sableye|72/236\n|\n|-weather|Snow|[upkeep]\n|upkeep\n|turn|44\n|\n|t:|1718478846\n|move|p1a: Overqwil|Crunch|p2a: Sableye\n|-damage|p2a: Sableye|0 fnt\n|faint|p2a: Sableye\n|\n|-weather|Snow|[upkeep]\n|upkeep\n|\n|t:|1718478848\n|switch|p2a: Beartic|Beartic, L90, M|77/317\n|turn|45\n|\n|t:|1718478851\n|switch|p1a: Jirachi|Jirachi, L80|279/291\n|move|p2a: Beartic|Close Combat|p1a: Jirachi\n|-damage|p1a: Jirachi|163/291\n|-unboost|p2a: Beartic|def|1\n|-unboost|p2a: Beartic|spd|1\n|\n|-weather|Snow|[upkeep]\n|-heal|p1a: Jirachi|181/291|[from] item: Leftovers\n|upkeep\n|turn|46\n|\n|t:|1718478854\n|switch|p2a: Iron Thorns|Iron Thorns, L83|302/302\n|move|p1a: Jirachi|Iron Head|p2a: Iron Thorns\n|-damage|p2a: Iron Thorns|229/302\n|\n|-weather|Snow|[upkeep]\n|-heal|p1a: Jirachi|199/291|[from] item: Leftovers\n|upkeep\n|turn|47\n|\n|t:|1718478861\n|switch|p1a: Toedscruel|Toedscruel, L87, F|91/281\n|move|p2a: Iron Thorns|Spikes|p1a: Toedscruel\n|-sidestart|p1: ceru-edge|Spikes\n|\n|-weather|none\n|upkeep\n|turn|48\n|c|\u2606Tinkatwink|yeah gg i got cooked so ad\n|c|\u2606ceru-edge|gg\n|-message|Tinkatwink forfeited.\n|\n|win|ceru-edge\n|raw|ceru-edge's rating: 2395 &rarr; <strong>2411</strong><br />(+16 for winning)\n|raw|Tinkatwink's rating: 2318 &rarr; <strong>2302</strong><br />(-16 for losing)\n|l|\u2606Tinkatwink\n|player|p2|\n", "inputlog": ">version e046c5ea766451ca9500a73fe72ec774e92e6f7e\n>start {\"formatid\":\"gen9randombattle\",\"seed\":[5111,60096,28640,63587],\"rated\":\"Rated battle\"}\n>player p1 {\"name\":\"ceru-edge\",\"avatar\":\"bugcatcher-gen4dp\",\"rating\":2395,\"seed\":[55252,9992,22029,10308]}\n>player p2 {\"name\":\"Tinkatwink\",\"avatar\":\"tulip\",\"rating\":2318,\"seed\":[9644,56156,56312,32744]}\n>chat \u2606ceru-edge|nice name hf\n>chat \u2606Tinkatwink|ty u2\n>p1 move rockslide\n>p2 switch 4\n>p1 switch 4\n>p2 move ironhead\n>p1 move crunch\n>p2 move stealthrock\n>p1 move crunch\n>p2 switch 4\n>p1 switch 2\n>p2 move moonblast\n>p1 switch 3\n>p2 move blizzard\n>p1 move bodyslam\n>p2 switch 6\n>p1 move protect\n>p2 move knockoff\n>p1 switch 3\n>p2 move knockoff\n>p1 move slackoff\n>p2 move taunt\n>p1 move earthquake\n>p2 move knockoff\n>p1 switch 2\n>p2 move taunt\n>p1 move crunch\n>p2 switch 6\n>p1 switch 3\n>p2 move moonblast\n>p1 move wish\n>p2 switch 4\n>p1 switch 3\n>p2 move stealthrock\n>p1 move crunch\n>p2 switch 3\n>p1 move crunch\n>p2 move iciclecrash\n>p1 move crunch\n>p2 switch 4\n>p1 switch 3\n>p2 move moonblast\n>p1 move wish\n>p2 move nastyplot\n>p1 move protect\n>p2 move terablast terastallize\n>p1 switch 2\n>p2 move terablast\n>p1 switch 5\n>p1 move knockoff\n>p2 switch 6\n>p1 move earthpower\n>p2 move recover\n>p1 move earthpower\n>p2 move recover\n>p1 move earthpower\n>p2 move recover\n>p1 switch 3\n>p2 move recover\n>p1 move crunch\n>p2 move knockoff\n>p1 move crunch\n>p2 move recover\n>p1 move crunch\n>p2 switch 3\n>p2 switch 6\n>p1 move aquajet\n>p2 switch 2\n>p1 move gunkshot\n>p2 move substitute\n>p1 switch 3\n>p2 move boltstrike\n>p1 move rapidspin\n>p2 move outrage\n>p1 switch 2\n>p2 move outrage\n>p1 move protect\n>p2 switch 3\n>p1 move wish\n>p2 move recover\n>p1 switch 3\n>p2 move knockoff\n>p1 move crunch\n>p2 move knockoff\n>p1 move crunch\n>p2 move recover\n>p1 move crunch\n>p2 switch 3\n>p2 switch 2\n>p1 move aquajet\n>p2 switch 3\n>p1 move crunch\n>p2 move knockoff\n>p2 switch 4\n>p1 switch 3\n>p2 move closecombat\n>p1 move ironhead\n>p2 switch 5\n>p1 switch 2\n>p2 move spikes\n>chat \u2606Tinkatwink|yeah gg i got cooked so ad\n>chat \u2606ceru-edge|gg\n>forcelose p2", "uploadtime": 1718478916, "views": 200, "formatid": "gen9randombattle", "rating": 2302, "private": 0, "password": null}