{"id": "gen9randombattle-2260801658", "format": "[Gen 9] Random Battle", "players": ["UnGato21", "dejsejjde"], "log": "|j|\u2606UnGato21\n|j|\u2606dejsejjde\n|t:|1733894493\n|gametype|singles\n|player|p1|UnGato21|alder|1029\n|player|p2|dejsejjde|1|1049\n|teamsize|p1|6\n|teamsize|p2|6\n|gen|9\n|tier|[Gen 9] Random Battle\n|rated|\n|rule|Species Clause: Limit one of each Pok\u00e9mon\n|rule|HP Percentage Mod: HP is shown in percentages\n|rule|Sleep Clause Mod: Limit one foe put to sleep\n|rule|Illusion Level Mod: Illusion disguises the Pok\u00e9mon's true level\n|\n|t:|1733894493\n|start\n|switch|p1a: Garganacl|Garganacl, L80, M|291/291\n|switch|p2a: Swampert|Swampert, L83, F|302/302\n|turn|1\n|\n|t:|1733894507\n|-terastallize|p1a: Garganacl|Ghost\n|move|p2a: Swampert|Knock Off|p1a: Garganacl\n|-supereffective|p1a: Garganacl\n|-damage|p1a: Garganacl|173/291\n|-enditem|p1a: Garganacl|Leftovers|[from] move: Knock Off|[of] p2a: Swampert\n|move|p1a: Garganacl|Earthquake|p2a: Swampert\n|-damage|p2a: Swampert|234/302\n|\n|-heal|p2a: Swampert|252/302|[from] item: Leftovers\n|upkeep\n|turn|2\n|\n|t:|1733894520\n|switch|p2a: Hippowdon|Hippowdon, L82, F|311/311\n|-weather|Sandstorm|[from] ability: Sand Stream|[of] p2a: Hippowdon\n|move|p1a: Garganacl|Earthquake|p2a: Hippowdon\n|-damage|p2a: Hippowdon|257/311\n|\n|-weather|Sandstorm|[upkeep]\n|-damage|p1a: Garganacl|155/291|[from] Sandstorm\n|upkeep\n|turn|3\n|\n|t:|1733894536\n|move|p2a: Hippowdon|Stealth Rock|p1a: Garganacl\n|-sidestart|p1: UnGato21|move: Stealth Rock\n|move|p1a: Garganacl|Recover|p1a: Garganacl\n|-heal|p1a: Garganacl|291/291\n|\n|-weather|Sandstorm|[upkeep]\n|-damage|p1a: Garganacl|273/291|[from] Sandstorm\n|upkeep\n|turn|4\n|\n|t:|1733894542\n|move|p2a: Hippowdon|Earthquake|p1a: Garganacl\n|-damage|p1a: Garganacl|180/291\n|move|p1a: Garganacl|Salt Cure|p2a: Hippowdon\n|-resisted|p2a: Hippowdon\n|-damage|p2a: Hippowdon|239/311\n|-start|p2a: Hippowdon|Salt Cure\n|\n|-weather|Sandstorm|[upkeep]\n|-damage|p1a: Garganacl|162/291|[from] Sandstorm\n|-damage|p2a: Hippowdon|201/311|[from] Salt Cure\n|upkeep\n|turn|5\n|\n|t:|1733894557\n|move|p2a: Hippowdon|Earthquake|p1a: Garganacl\n|-damage|p1a: Garganacl|83/291\n|move|p1a: Garganacl|Earthquake|p2a: Hippowdon\n|-damage|p2a: Hippowdon|143/311\n|\n|-weather|Sandstorm|[upkeep]\n|-damage|p1a: Garganacl|65/291|[from] Sandstorm\n|-damage|p2a: Hippowdon|105/311|[from] Salt Cure\n|upkeep\n|turn|6\n|\n|t:|1733894573\n|move|p2a: Hippowdon|Earthquake|p1a: Garganacl\n|-damage|p1a: Garganacl|0 fnt\n|faint|p1a: Garganacl\n|\n|-weather|none\n|-damage|p2a: Hippowdon|67/311|[from] Salt Cure\n|upkeep\n|\n|t:|1733894593\n|switch|p1a: Iron Boulder|Iron Boulder, L77|265/265\n|-damage|p1a: Iron Boulder|232/265|[from] Stealth Rock\n|turn|7\n|\n|t:|1733894603\n|move|p1a: Iron Boulder|Close Combat|p2a: Hippowdon\n|-damage|p2a: Hippowdon|0 fnt\n|-unboost|p1a: Iron Boulder|def|1\n|-unboost|p1a: Iron Boulder|spd|1\n|-damage|p1a: Iron Boulder|188/265|[from] item: Rocky Helmet|[of] p2a: Hippowdon\n|faint|p2a: Hippowdon\n|-damage|p1a: Iron Boulder|162/265|[from] item: Life Orb\n|\n|upkeep\n|\n|t:|1733894610\n|switch|p2a: Swampert|Swampert, L83, F|252/302\n|turn|8\n|\n|t:|1733894626\n|move|p1a: Iron Boulder|Close Combat|p2a: Swampert\n|-damage|p2a: Swampert|143/302\n|-unboost|p1a: Iron Boulder|def|1\n|-unboost|p1a: Iron Boulder|spd|1\n|-damage|p1a: Iron Boulder|136/265|[from] item: Life Orb\n|move|p2a: Swampert|Earthquake|p1a: Iron Boulder\n|-supereffective|p1a: Iron Boulder\n|-damage|p1a: Iron Boulder|0 fnt\n|faint|p1a: Iron Boulder\n|-end|p1a: Iron Boulder|Quark Drive|[silent]\n|\n|-heal|p2a: Swampert|161/302|[from] item: Leftovers\n|upkeep\n|\n|t:|1733894639\n|switch|p1a: Iron Hands|Iron Hands, L79|373/373\n|-damage|p1a: Iron Hands|350/373|[from] Stealth Rock\n|turn|9\n|\n|t:|1733894649\n|move|p2a: Swampert|Earthquake|p1a: Iron Hands\n|-supereffective|p1a: Iron Hands\n|-damage|p1a: Iron Hands|140/373\n|move|p1a: Iron Hands|Ice Punch|p2a: Swampert\n|-damage|p2a: Swampert|100/302\n|-status|p2a: Swampert|frz\n|\n|-heal|p2a: Swampert|118/302 frz|[from] item: Leftovers\n|-heal|p1a: Iron Hands|163/373|[from] item: Leftovers\n|upkeep\n|turn|10\n|\n|t:|1733894662\n|cant|p2a: Swampert|frz\n|move|p1a: Iron Hands|Drain Punch|p2a: Swampert\n|-damage|p2a: Swampert|30/302 frz\n|-heal|p1a: Iron Hands|207/373|[from] drain|[of] p2a: Swampert\n|\n|-heal|p2a: Swampert|48/302 frz|[from] item: Leftovers\n|-heal|p1a: Iron Hands|230/373|[from] item: Leftovers\n|upkeep\n|turn|11\n|\n|t:|1733894673\n|switch|p2a: Latios|Latios, L78, M|253/253\n|move|p1a: Iron Hands|Drain Punch|p2a: Latios\n|-resisted|p2a: Latios\n|-damage|p2a: Latios|200/253\n|-heal|p1a: Iron Hands|257/373|[from] drain|[of] p2a: Latios\n|\n|-heal|p1a: Iron Hands|280/373|[from] item: Leftovers\n|upkeep\n|turn|12\n|\n|t:|1733894681\n|move|p2a: Latios|Luster Purge|p1a: Iron Hands\n|-supereffective|p1a: Iron Hands\n|-damage|p1a: Iron Hands|0 fnt\n|faint|p1a: Iron Hands\n|-end|p1a: Iron Hands|Quark Drive|[silent]\n|\n|upkeep\n|\n|t:|1733894687\n|switch|p1a: Piloswine|Piloswine, L85, M|309/309\n|-damage|p1a: Piloswine|271/309|[from] Stealth Rock\n|turn|13\n|\n|t:|1733894693\n|move|p2a: Latios|Luster Purge|p1a: Piloswine\n|-damage|p1a: Piloswine|121/309\n|-unboost|p1a: Piloswine|spd|1\n|move|p1a: Piloswine|Icicle Crash|p2a: Latios\n|-supereffective|p2a: Latios\n|-damage|p2a: Latios|0 fnt\n|faint|p2a: Latios\n|\n|upkeep\n|\n|t:|1733894701\n|switch|p2a: Shiftry|Shiftry, L89, M|305/305\n|turn|14\n|\n|t:|1733894705\n|move|p2a: Shiftry|Leaf Blade|p1a: Piloswine\n|-supereffective|p1a: Piloswine\n|-damage|p1a: Piloswine|0 fnt\n|faint|p1a: Piloswine\n|-damage|p2a: Shiftry|275/305|[from] item: Life Orb\n|\n|upkeep\n|\n|t:|1733894712\n|switch|p1a: Venomoth|Venomoth, L84, F|255/255\n|turn|15\n|\n|t:|1733894718\n|switch|p2a: Chansey|Chansey, L85, F|564/564\n|move|p1a: Venomoth|Bug Buzz|p2a: Chansey\n|-damage|p2a: Chansey|507/564\n|\n|upkeep\n|turn|16\n|\n|t:|1733894725\n|move|p1a: Venomoth|Sleep Powder|p2a: Chansey\n|-status|p2a: Chansey|slp|[from] move: Sleep Powder\n|cant|p2a: Chansey|slp\n|\n|upkeep\n|turn|17\n|\n|t:|1733894734\n|move|p1a: Venomoth|Quiver Dance|p1a: Venomoth\n|-boost|p1a: Venomoth|spa|1\n|-boost|p1a: Venomoth|spd|1\n|-boost|p1a: Venomoth|spe|1\n|-curestatus|p2a: Chansey|slp|[msg]\n|move|p2a: Chansey|Thunder Wave|p1a: Venomoth\n|-status|p1a: Venomoth|par\n|\n|upkeep\n|turn|18\n|\n|t:|1733894741\n|move|p1a: Venomoth|Quiver Dance|p1a: Venomoth\n|-boost|p1a: Venomoth|spa|1\n|-boost|p1a: Venomoth|spd|1\n|-boost|p1a: Venomoth|spe|1\n|move|p2a: Chansey|Seismic Toss|p1a: Venomoth\n|-damage|p1a: Venomoth|170/255 par\n|\n|upkeep\n|turn|19\n|\n|t:|1733894750\n|move|p1a: Venomoth|Sludge Wave|p2a: Chansey\n|-damage|p2a: Chansey|401/564\n|move|p2a: Chansey|Seismic Toss|p1a: Venomoth\n|-damage|p1a: Venomoth|85/255 par\n|\n|upkeep\n|turn|20\n|\n|t:|1733894757\n|move|p1a: Venomoth|Sleep Powder|p2a: Chansey\n|-status|p2a: Chansey|slp|[from] move: Sleep Powder\n|cant|p2a: Chansey|slp\n|\n|upkeep\n|turn|21\n|\n|t:|1733894762\n|move|p1a: Venomoth|Bug Buzz|p2a: Chansey\n|-damage|p2a: Chansey|302/564 slp\n|cant|p2a: Chansey|slp\n|\n|upkeep\n|turn|22\n|\n|t:|1733894767\n|move|p1a: Venomoth|Sludge Wave|p2a: Chansey\n|-damage|p2a: Chansey|190/564 slp\n|cant|p2a: Chansey|slp\n|\n|upkeep\n|turn|23\n|\n|t:|1733894771\n|move|p1a: Venomoth|Sludge Wave|p2a: Chansey\n|-damage|p2a: Chansey|90/564 slp\n|-curestatus|p2a: Chansey|slp|[msg]\n|move|p2a: Chansey|Soft-Boiled|p2a: Chansey\n|-heal|p2a: Chansey|372/564\n|\n|upkeep\n|turn|24\n|\n|t:|1733894778\n|move|p1a: Venomoth|Sleep Powder|p2a: Chansey\n|-status|p2a: Chansey|slp|[from] move: Sleep Powder\n|cant|p2a: Chansey|slp\n|\n|upkeep\n|turn|25\n|\n|t:|1733894785\n|move|p1a: Venomoth|Bug Buzz|p2a: Chansey\n|-damage|p2a: Chansey|273/564 slp\n|cant|p2a: Chansey|slp\n|\n|upkeep\n|turn|26\n|\n|t:|1733894789\n|move|p1a: Venomoth|Bug Buzz|p2a: Chansey\n|-damage|p2a: Chansey|161/564 slp\n|cant|p2a: Chansey|slp\n|\n|upkeep\n|turn|27\n|\n|t:|1733894794\n|move|p1a: Venomoth|Bug Buzz|p2a: Chansey\n|-damage|p2a: Chansey|49/564 slp\n|-curestatus|p2a: Chansey|slp|[msg]\n|move|p2a: Chansey|Soft-Boiled|p2a: Chansey\n|-heal|p2a: Chansey|331/564\n|\n|upkeep\n|turn|28\n|\n|t:|1733894801\n|move|p1a: Venomoth|Sleep Powder|p2a: Chansey|[miss]\n|-miss|p1a: Venomoth|p2a: Chansey\n|move|p2a: Chansey|Seismic Toss|p1a: Venomoth\n|-damage|p1a: Venomoth|0 fnt\n|faint|p1a: Venomoth\n|\n|upkeep\n|\n|t:|1733894808\n|switch|p1a: Komala|Komala, L89, F|260/260\n|-damage|p1a: Komala|228/260|[from] Stealth Rock\n|-ability|p1a: Komala|Comatose\n|turn|29\n|\n|t:|1733894817\n|switch|p2a: Swampert|Swampert, L83, F|48/302 frz\n|move|p1a: Komala|Knock Off|p2a: Swampert\n|-damage|p2a: Swampert|0 fnt\n|-enditem|p2a: Swampert|Leftovers|[from] move: Knock Off|[of] p1a: Komala\n|faint|p2a: Swampert\n|\n|upkeep\n|\n|t:|1733894821\n|switch|p2a: Shiftry|Shiftry, L89, M|275/305\n|turn|30\n|\n|t:|1733894827\n|move|p2a: Shiftry|Knock Off|p1a: Komala\n|-crit|p1a: Komala\n|-damage|p1a: Komala|0 fnt\n|-enditem|p1a: Komala|Assault Vest|[from] move: Knock Off|[of] p2a: Shiftry\n|faint|p1a: Komala\n|-damage|p2a: Shiftry|245/305|[from] item: Life Orb\n|\n|win|dejsejjde\n|raw|UnGato21's rating: 1062 &rarr; <strong>1041</strong><br />(-21 for losing)\n|raw|dejsejjde's rating: 1034 &rarr; <strong>1072</strong><br />(+38 for winning)\n|l|\u2606UnGato21\n|player|p1|\n", "inputlog": ">version bfd83cad13791eb5a5a409923076391caf6fb4d4\n>start {\"formatid\":\"gen9randombattle\",\"seed\":[63451,34702,33975,26549],\"rated\":\"Rated battle\"}\n>player p1 {\"name\":\"UnGato21\",\"avatar\":\"alder\",\"rating\":1029,\"seed\":[15880,7246,59899,26993]}\n>player p2 {\"name\":\"dejsejjde\",\"avatar\":\"1\",\"rating\":1049,\"seed\":[54959,55079,16679,11014]}\n>p1 move earthquake terastallize\n>p2 move knockoff\n>p1 move earthquake\n>p2 switch 6\n>p1 move recover\n>p2 move stealthrock\n>p1 move saltcure\n>p2 move earthquake\n>p1 move earthquake\n>p2 move earthquake\n>p1 move earthquake\n>p2 move earthquake\n>p1 switch 2\n>p1 move closecombat\n>p2 move earthquake\n>p2 switch 6\n>p1 move closecombat\n>p2 move earthquake\n>p1 switch 5\n>p1 move icepunch\n>p2 move earthquake\n>p1 move drainpunch\n>p2 move earthquake\n>p1 move drainpunch\n>p2 switch 5\n>p1 move icepunch\n>p2 move lusterpurge\n>p1 switch 3\n>p1 move iciclecrash\n>p2 move lusterpurge\n>p2 switch 4\n>p1 move iciclecrash\n>p2 move leafblade\n>p1 switch 6\n>p1 move bugbuzz\n>p2 switch 3\n>p1 move sleeppowder\n>p2 move thunderwave\n>p1 move quiverdance\n>p2 move thunderwave\n>p1 move quiverdance\n>p2 move seismictoss\n>p1 move sludgewave\n>p2 move seismictoss\n>p1 move sleeppowder\n>p2 move healbell\n>p1 move bugbuzz\n>p2 move softboiled\n>p1 move sludgewave\n>p2 move softboiled\n>p1 move sludgewave\n>p2 move softboiled\n>p1 move sleeppowder\n>p2 move healbell\n>p1 move bugbuzz\n>p2 move healbell\n>p1 move bugbuzz\n>p2 move softboiled\n>p1 move bugbuzz\n>p2 move softboiled\n>p1 move sleeppowder\n>p2 move seismictoss\n>p1 switch 4\n>p1 move knockoff\n>p2 switch 5\n>p2 switch 3\n>p1 move earthquake\n>p2 move knockoff", "uploadtime": 1733894846, "views": 1, "formatid": "gen9randombattle", "rating": 1041, "private": 0, "password": null}