{"id": "gen9randombattle-2260688026", "format": "[Gen 9] Random Battle", "players": ["Dainvel", "Nickman68"], "log": "|j|\u2606Dainvel\n|j|\u2606Nickman68\n|t:|1733878574\n|gametype|singles\n|player|p1|Dainvel|erika|1583\n|player|p2|Nickman68|n|1565\n|teamsize|p1|6\n|teamsize|p2|6\n|gen|9\n|tier|[Gen 9] Random Battle\n|rated|\n|rule|Species Clause: Limit one of each Pok\u00e9mon\n|rule|HP Percentage Mod: HP is shown in percentages\n|rule|Sleep Clause Mod: Limit one foe put to sleep\n|rule|Illusion Level Mod: Illusion disguises the Pok\u00e9mon's true level\n|\n|t:|1733878574\n|start\n|switch|p1a: Chi-Yu|Chi-Yu, L77|211/211\n|switch|p2a: Hypno|Hypno, L95, F|315/315\n|-ability|p1a: Chi-Yu|Beads of Ruin\n|turn|1\n|inactive|Battle timer is ON: inactive players will automatically lose when time's up. (requested by Dainvel)\n|\n|t:|1733878584\n|move|p1a: Chi-Yu|Nasty Plot|p1a: Chi-Yu\n|-boost|p1a: Chi-Yu|spa|2\n|move|p2a: Hypno|Toxic|p1a: Chi-Yu\n|-status|p1a: Chi-Yu|tox\n|\n|-damage|p1a: Chi-Yu|198/211 tox|[from] psn\n|upkeep\n|turn|2\n|\n|t:|1733878590\n|switch|p2a: Alomomola|Alomomola, L87, F|429/429\n|move|p1a: Chi-Yu|Nasty Plot|p1a: Chi-Yu\n|-boost|p1a: Chi-Yu|spa|2\n|\n|-damage|p1a: Chi-Yu|172/211 tox|[from] psn\n|upkeep\n|turn|3\n|\n|t:|1733878595\n|move|p2a: Alomomola|Protect|p2a: Alomomola\n|-singleturn|p2a: Alomomola|Protect\n|move|p1a: Chi-Yu|Dark Pulse|p2a: Alomomola\n|-activate|p2a: Alomomola|move: Protect\n|\n|-damage|p1a: Chi-Yu|133/211 tox|[from] psn\n|upkeep\n|turn|4\n|\n|t:|1733878599\n|move|p1a: Chi-Yu|Dark Pulse|p2a: Alomomola\n|-damage|p2a: Alomomola|0 fnt\n|faint|p2a: Alomomola\n|\n|-damage|p1a: Chi-Yu|81/211 tox|[from] psn\n|upkeep\n|\n|t:|1733878602\n|switch|p2a: Regieleki|Regieleki, L79|256/256\n|turn|5\n|\n|t:|1733878605\n|move|p2a: Regieleki|Thunderbolt|p1a: Chi-Yu\n|-damage|p1a: Chi-Yu|0 fnt\n|faint|p1a: Chi-Yu\n|\n|upkeep\n|\n|t:|1733878611\n|switch|p1a: Lanturn|Lanturn, L89, M|367/367\n|turn|6\n|\n|t:|1733878615\n|switch|p2a: Hypno|Hypno, L95, F|315/315\n|move|p1a: Lanturn|Thunder Wave|p2a: Hypno\n|-status|p2a: Hypno|par\n|\n|upkeep\n|turn|7\n|\n|t:|1733878622\n|move|p1a: Lanturn|Volt Switch|p2a: Hypno\n|-damage|p2a: Hypno|261/315 par\n|\n|t:|1733878624\n|switch|p1a: Okidogi|Okidogi, L77, M|262/262|[from] Volt Switch\n|cant|p2a: Hypno|par\n|\n|-heal|p2a: Hypno|280/315 par|[from] item: Leftovers\n|upkeep\n|turn|8\n|\n|t:|1733878632\n|move|p1a: Okidogi|Knock Off|p2a: Hypno\n|-supereffective|p2a: Hypno\n|-damage|p2a: Hypno|124/315 par\n|-enditem|p2a: Hypno|Leftovers|[from] move: Knock Off|[of] p1a: Okidogi\n|move|p2a: Hypno|Psychic Noise|p1a: Okidogi\n|-supereffective|p1a: Okidogi\n|-damage|p1a: Okidogi|0 fnt\n|faint|p1a: Okidogi\n|\n|upkeep\n|\n|t:|1733878643\n|switch|p1a: Serperior|Serperior, L79, M|248/248\n|turn|9\n|\n|t:|1733878646\n|move|p1a: Serperior|Substitute|p1a: Serperior\n|-start|p1a: Serperior|Substitute\n|-damage|p1a: Serperior|186/248\n|move|p2a: Hypno|Toxic||[still]\n|-fail|p2a: Hypno\n|\n|-heal|p1a: Serperior|201/248|[from] item: Leftovers\n|upkeep\n|turn|10\n|\n|t:|1733878650\n|move|p1a: Serperior|Leaf Storm|p2a: Hypno\n|-damage|p2a: Hypno|51/315 par\n|-boost|p1a: Serperior|spa|2\n|cant|p2a: Hypno|par\n|\n|-heal|p1a: Serperior|216/248|[from] item: Leftovers\n|upkeep\n|turn|11\n|\n|t:|1733878653\n|move|p1a: Serperior|Leaf Storm|p2a: Hypno|[miss]\n|-miss|p1a: Serperior|p2a: Hypno\n|move|p2a: Hypno|Psychic Noise|p1a: Serperior\n|-damage|p1a: Serperior|137/248\n|-start|p1a: Serperior|move: Heal Block\n|\n|upkeep\n|turn|12\n|\n|t:|1733878656\n|move|p1a: Serperior|Leaf Storm|p2a: Hypno\n|-damage|p2a: Hypno|0 fnt\n|-boost|p1a: Serperior|spa|2\n|faint|p2a: Hypno\n|\n|-end|p1a: Serperior|move: Heal Block\n|upkeep\n|\n|t:|1733878662\n|switch|p2a: Kyogre|Kyogre, L71|259/259\n|-weather|RainDance|[from] ability: Drizzle|[of] p2a: Kyogre\n|turn|13\n|\n|t:|1733878667\n|move|p2a: Kyogre|Water Spout|p1a: Serperior\n|-resisted|p1a: Serperior\n|-end|p1a: Serperior|Substitute\n|move|p1a: Serperior|Leaf Storm|p2a: Kyogre\n|-supereffective|p2a: Kyogre\n|-damage|p2a: Kyogre|0 fnt\n|-boost|p1a: Serperior|spa|2\n|faint|p2a: Kyogre\n|\n|-weather|RainDance|[upkeep]\n|-heal|p1a: Serperior|152/248|[from] item: Leftovers\n|upkeep\n|\n|t:|1733878675\n|switch|p2a: Regieleki|Regieleki, L79|256/256\n|turn|14\n|\n|t:|1733878679\n|-terastallize|p2a: Regieleki|Ice\n|-terastallize|p1a: Serperior|Fire\n|move|p2a: Regieleki|Tera Blast|p1a: Serperior|[anim] Tera Blast Ice\n|-resisted|p1a: Serperior\n|-damage|p1a: Serperior|112/248\n|move|p1a: Serperior|Tera Blast|p2a: Regieleki|[anim] Tera Blast Fire\n|-supereffective|p2a: Regieleki\n|-crit|p2a: Regieleki\n|-damage|p2a: Regieleki|0 fnt\n|faint|p2a: Regieleki\n|\n|-weather|RainDance|[upkeep]\n|-heal|p1a: Serperior|127/248|[from] item: Leftovers\n|upkeep\n|-message|Nickman68 forfeited.\n|\n|win|Dainvel\n|raw|Dainvel's rating: 1583 &rarr; <strong>1602</strong><br />(+19 for winning)\n|raw|Nickman68's rating: 1565 &rarr; <strong>1546</strong><br />(-19 for losing)\n|l|\u2606Nickman68\n|player|p2|\n", "inputlog": ">version bfd83cad13791eb5a5a409923076391caf6fb4d4\n>start {\"formatid\":\"gen9randombattle\",\"seed\":[11641,18353,63232,53028],\"rated\":\"Rated battle\"}\n>player p1 {\"name\":\"Dainvel\",\"avatar\":\"erika\",\"rating\":1583,\"seed\":[62845,24448,7576,39922]}\n>player p2 {\"name\":\"Nickman68\",\"avatar\":\"n\",\"rating\":1565,\"seed\":[24749,64868,38856,3716]}\n>p1 move nastyplot\n>p2 move toxic\n>p1 move nastyplot\n>p2 switch 2\n>p1 move darkpulse\n>p2 move protect\n>p1 move darkpulse\n>p2 move wish\n>p2 switch 6\n>p1 move darkpulse\n>p2 move thunderbolt\n>p1 switch 4\n>p1 move thunderwave\n>p2 switch 2\n>p1 move voltswitch\n>p2 move toxic\n>p1 switch 6\n>p1 move knockoff\n>p2 move psychicnoise\n>p1 switch 2\n>p1 move substitute\n>p2 move toxic\n>p1 move leafstorm\n>p2 move psychicnoise\n>p1 move leafstorm\n>p2 move psychicnoise\n>p1 move leafstorm\n>p2 move psychicnoise\n>p2 switch 3\n>p1 move leafstorm\n>p2 move waterspout\n>p2 switch 2\n>p1 move terablast terastallize\n>p2 move terablast terastallize\n>forcelose p2", "uploadtime": 1733878692, "views": 1, "formatid": "gen9randombattle", "rating": 1546, "private": 0, "password": null}