{"id": "gen9randombattle-2260737001", "format": "[Gen 9] Random Battle", "players": ["Raydoge", "PrickFig"], "log": "|j|\u2606Raydoge\n|j|\u2606PrickFig\n|t:|1733884893\n|gametype|singles\n|player|p1|Raydoge|brendan-rs|1355\n|player|p2|PrickFig|266|1348\n|teamsize|p1|6\n|teamsize|p2|6\n|gen|9\n|tier|[Gen 9] Random Battle\n|rated|\n|rule|Species Clause: Limit one of each Pok\u00e9mon\n|rule|HP Percentage Mod: HP is shown in percentages\n|rule|Sleep Clause Mod: Limit one foe put to sleep\n|rule|Illusion Level Mod: Illusion disguises the Pok\u00e9mon's true level\n|\n|t:|1733884893\n|start\n|switch|p1a: Swampert|Swampert, L83, M|302/302\n|switch|p2a: Plusle|Plusle, L95, F|268/268\n|turn|1\n|j| HWK_WARRIOR7\n|inactive|Battle timer is ON: inactive players will automatically lose when time's up. (requested by PrickFig)\n|\n|t:|1733884905\n|switch|p1a: Swalot|Swalot, L90, M|326/326\n|move|p2a: Plusle|Grass Knot|p1a: Swalot\n|-resisted|p1a: Swalot\n|-damage|p1a: Swalot|283/326\n|-damage|p2a: Plusle|242/268|[from] item: Life Orb\n|\n|-heal|p1a: Swalot|303/326|[from] item: Leftovers\n|upkeep\n|turn|2\n|\n|t:|1733884914\n|switch|p2a: Groudon|Groudon, L72|263/263\n|-weather|SunnyDay|[from] ability: Drought|[of] p2a: Groudon\n|move|p1a: Swalot|Knock Off|p2a: Groudon\n|-damage|p2a: Groudon|208/263\n|-enditem|p2a: Groudon|Leftovers|[from] move: Knock Off|[of] p1a: Swalot\n|\n|-weather|SunnyDay|[upkeep]\n|-heal|p1a: Swalot|323/326|[from] item: Leftovers\n|upkeep\n|turn|3\n|\n|t:|1733884923\n|switch|p1a: Sunflora|Sunflora, F|312/312\n|move|p2a: Groudon|Precipice Blades|p1a: Sunflora\n|-resisted|p1a: Sunflora\n|-damage|p1a: Sunflora|236/312\n|\n|-weather|SunnyDay|[upkeep]\n|upkeep\n|turn|4\n|\n|t:|1733884928\n|move|p1a: Sunflora|Solar Beam||[still]\n|-prepare|p1a: Sunflora|Solar Beam\n|-anim|p1a: Sunflora|Solar Beam|p2a: Groudon\n|-supereffective|p2a: Groudon\n|-damage|p2a: Groudon|0 fnt\n|faint|p2a: Groudon\n|-damage|p1a: Sunflora|205/312|[from] item: Life Orb\n|\n|-weather|SunnyDay|[upkeep]\n|upkeep\n|\n|t:|1733884940\n|switch|p2a: Plusle|Plusle, L95, F|242/268\n|turn|5\n|\n|t:|1733884949\n|move|p2a: Plusle|Thunderbolt|p1a: Sunflora\n|-resisted|p1a: Sunflora\n|-damage|p1a: Sunflora|147/312\n|-damage|p2a: Plusle|216/268|[from] item: Life Orb\n|move|p1a: Sunflora|Weather Ball|p2a: Plusle\n|-damage|p2a: Plusle|0 fnt\n|faint|p2a: Plusle\n|-damage|p1a: Sunflora|116/312|[from] item: Life Orb\n|\n|-weather|SunnyDay|[upkeep]\n|upkeep\n|\n|t:|1733884961\n|switch|p2a: Iron Bundle|Iron Bundle, L77|213/213\n|turn|6\n|\n|t:|1733884964\n|move|p2a: Iron Bundle|Ice Beam|p1a: Sunflora\n|-supereffective|p1a: Sunflora\n|-damage|p1a: Sunflora|0 fnt\n|faint|p1a: Sunflora\n|\n|-weather|none\n|upkeep\n|\n|t:|1733884969\n|switch|p1a: Ludicolo|Ludicolo, L90, F|290/290\n|turn|7\n|\n|t:|1733884977\n|move|p2a: Iron Bundle|Freeze-Dry|p1a: Ludicolo\n|-supereffective|p1a: Ludicolo\n|-damage|p1a: Ludicolo|26/290\n|move|p1a: Ludicolo|Rain Dance|p1a: Ludicolo\n|-weather|RainDance\n|\n|-weather|RainDance|[upkeep]\n|upkeep\n|turn|8\n|\n|t:|1733884985\n|move|p1a: Ludicolo|Giga Drain|p2a: Iron Bundle\n|-supereffective|p2a: Iron Bundle\n|-damage|p2a: Iron Bundle|0 fnt\n|-heal|p1a: Ludicolo|133/290|[from] drain|[of] p2a: Iron Bundle\n|faint|p2a: Iron Bundle\n|-end|p2a: Iron Bundle|Quark Drive|[silent]\n|-damage|p1a: Ludicolo|104/290|[from] item: Life Orb\n|\n|-weather|RainDance|[upkeep]\n|upkeep\n|\n|t:|1733884996\n|switch|p2a: Persian|Persian-Alola, L86, F|252/252\n|turn|9\n|\n|t:|1733885000\n|move|p1a: Ludicolo|Hydro Pump|p2a: Persian\n|-damage|p2a: Persian|0 fnt\n|faint|p2a: Persian\n|-damage|p1a: Ludicolo|75/290|[from] item: Life Orb\n|\n|-weather|RainDance|[upkeep]\n|upkeep\n|\n|t:|1733885003\n|switch|p2a: Sceptile|Sceptile, L87, F|264/264\n|turn|10\n|\n|t:|1733885006\n|move|p1a: Ludicolo|Ice Beam|p2a: Sceptile\n|-supereffective|p2a: Sceptile\n|-damage|p2a: Sceptile|77/264\n|-damage|p1a: Ludicolo|46/290|[from] item: Life Orb\n|move|p2a: Sceptile|Leaf Blade|p1a: Ludicolo\n|-damage|p1a: Ludicolo|0 fnt\n|faint|p1a: Ludicolo\n|-damage|p2a: Sceptile|51/264|[from] item: Life Orb\n|\n|-weather|RainDance|[upkeep]\n|upkeep\n|\n|t:|1733885015\n|switch|p1a: Meowstic|Meowstic, L89, M|277/277\n|turn|11\n|\n|t:|1733885020\n|move|p1a: Meowstic|Light Screen|p1a: Meowstic\n|-sidestart|p1: Raydoge|move: Light Screen\n|move|p2a: Sceptile|Leaf Blade|p1a: Meowstic\n|-damage|p1a: Meowstic|92/277\n|-damage|p2a: Sceptile|25/264|[from] item: Life Orb\n|\n|-weather|none\n|upkeep\n|turn|12\n|\n|t:|1733885024\n|move|p1a: Meowstic|Reflect|p1a: Meowstic\n|-sidestart|p1: Raydoge|Reflect\n|move|p2a: Sceptile|Leaf Blade|p1a: Meowstic\n|-damage|p1a: Meowstic|0 fnt\n|faint|p1a: Meowstic\n|-damage|p2a: Sceptile|0 fnt|[from] item: Life Orb\n|faint|p2a: Sceptile\n|\n|upkeep\n|\n|t:|1733885034\n|switch|p2a: Hydrapple|Hydrapple, L83, F|312/312\n|switch|p1a: Swalot|Swalot, L90, M|323/326\n|turn|13\n|\n|t:|1733885047\n|move|p1a: Swalot|Gunk Shot|p2a: Hydrapple|[miss]\n|-miss|p1a: Swalot|p2a: Hydrapple\n|move|p2a: Hydrapple|Fickle Beam|p1a: Swalot|[anim] Fickle Beam All Out\n|-activate|p2a: Hydrapple|move: Fickle Beam\n|-damage|p1a: Swalot|235/326\n|\n|-heal|p1a: Swalot|255/326|[from] item: Leftovers\n|upkeep\n|turn|14\n|\n|t:|1733885050\n|move|p1a: Swalot|Swords Dance|p1a: Swalot\n|-boost|p1a: Swalot|atk|2\n|move|p2a: Hydrapple|Earth Power|p1a: Swalot\n|-supereffective|p1a: Swalot\n|-damage|p1a: Swalot|177/326\n|\n|-heal|p1a: Swalot|197/326|[from] item: Leftovers\n|upkeep\n|turn|15\n|\n|t:|1733885053\n|-terastallize|p2a: Hydrapple|Steel\n|move|p1a: Swalot|Gunk Shot|p2a: Hydrapple\n|-immune|p2a: Hydrapple\n|move|p2a: Hydrapple|Earth Power|p1a: Swalot\n|-supereffective|p1a: Swalot\n|-damage|p1a: Swalot|121/326\n|\n|-heal|p1a: Swalot|141/326|[from] item: Leftovers\n|upkeep\n|turn|16\n|\n|t:|1733885063\n|move|p1a: Swalot|Earthquake|p2a: Hydrapple\n|-supereffective|p2a: Hydrapple\n|-damage|p2a: Hydrapple|86/312\n|move|p2a: Hydrapple|Dragon Tail|p1a: Swalot\n|-damage|p1a: Swalot|115/326\n|drag|p1a: Garchomp|Garchomp, L74, M|282/282\n|\n|upkeep\n|turn|17\n|\n|t:|1733885067\n|move|p1a: Garchomp|Earthquake|p2a: Hydrapple\n|-supereffective|p2a: Hydrapple\n|-damage|p2a: Hydrapple|0 fnt\n|faint|p2a: Hydrapple\n|\n|win|Raydoge\n|raw|Raydoge's rating: 1355 &rarr; <strong>1375</strong><br />(+20 for winning)\n|raw|PrickFig's rating: 1348 &rarr; <strong>1328</strong><br />(-20 for losing)\n", "inputlog": ">version bfd83cad13791eb5a5a409923076391caf6fb4d4\n>start {\"formatid\":\"gen9randombattle\",\"seed\":[30112,33815,30709,14001],\"rated\":\"Rated battle\"}\n>player p1 {\"name\":\"Raydoge\",\"avatar\":\"brendan-rs\",\"rating\":1355,\"seed\":[27996,52657,21117,15757]}\n>player p2 {\"name\":\"PrickFig\",\"avatar\":\"266\",\"rating\":1348,\"seed\":[63338,21793,55593,12905]}\n>p1 switch 6\n>p2 move grassknot\n>p1 move knockoff\n>p2 switch 3\n>p1 switch 4\n>p2 move precipiceblades\n>p1 move solarbeam\n>p2 move heatcrash\n>p2 switch 3\n>p1 move weatherball\n>p2 move thunderbolt\n>p2 switch 4\n>p1 move solarbeam\n>p2 move icebeam\n>p1 switch 2\n>p1 move raindance\n>p2 move freezedry\n>p1 move gigadrain\n>p2 move freezedry\n>p2 switch 2\n>p1 move hydropump\n>p2 move darkpulse\n>p2 switch 5\n>p1 move icebeam\n>p2 move leafblade\n>p1 switch 5\n>p1 move lightscreen\n>p2 move leafblade\n>p1 move reflect\n>p2 move leafblade\n>p1 switch 4\n>p2 switch 6\n>p1 move gunkshot\n>p2 move ficklebeam\n>p1 move swordsdance\n>p2 move earthpower\n>p1 move gunkshot\n>p2 move earthpower terastallize\n>p1 move earthquake\n>p2 move dragontail\n>p1 move earthquake\n>p2 move ficklebeam", "uploadtime": 1733885070, "views": 4, "formatid": "gen9randombattle", "rating": 1328, "private": 0, "password": null}