{"id": "gen9randombattle-2260871596", "format": "[Gen 9] Random Battle", "players": ["Oozaru16", "no tengo enemigos"], "log": "|j|\u2606Oozaru16\n|j|\u2606no tengo enemigos\n|t:|1733908168\n|gametype|singles\n|player|p1|Oozaru16|linebacker|1476\n|player|p2|no tengo enemigos|169|1431\n|teamsize|p1|6\n|teamsize|p2|6\n|gen|9\n|tier|[Gen 9] Random Battle\n|rated|\n|rule|Species Clause: Limit one of each Pok\u00e9mon\n|rule|HP Percentage Mod: HP is shown in percentages\n|rule|Sleep Clause Mod: Limit one foe put to sleep\n|rule|Illusion Level Mod: Illusion disguises the Pok\u00e9mon's true level\n|\n|t:|1733908168\n|start\n|switch|p1a: Dragonite|Dragonite, L74, M|257/257\n|switch|p2a: Golem|Golem, L87, M|281/281\n|turn|1\n|inactive|Battle timer is ON: inactive players will automatically lose when time's up. (requested by Oozaru16)\n|\n|t:|1733908183\n|move|p1a: Dragonite|Dragon Dance|p1a: Dragonite\n|-boost|p1a: Dragonite|atk|1\n|-boost|p1a: Dragonite|spe|1\n|move|p2a: Golem|Rock Polish|p2a: Golem\n|-boost|p2a: Golem|spe|2\n|\n|upkeep\n|turn|2\n|\n|t:|1733908199\n|move|p2a: Golem|Stone Edge|p1a: Dragonite\n|-supereffective|p1a: Dragonite\n|-damage|p1a: Dragonite|119/257\n|move|p1a: Dragonite|Outrage|p2a: Golem\n|-damage|p2a: Golem|155/281\n|\n|upkeep\n|turn|3\n|\n|t:|1733908201\n|move|p2a: Golem|Stone Edge|p1a: Dragonite\n|-supereffective|p1a: Dragonite\n|-damage|p1a: Dragonite|0 fnt\n|faint|p1a: Dragonite\n|\n|upkeep\n|\n|t:|1733908207\n|switch|p1a: Eelektross|Eelektross, L87, F|290/290\n|turn|4\n|\n|t:|1733908216\n|move|p2a: Golem|Explosion|p1a: Eelektross\n|-damage|p1a: Eelektross|55/290\n|faint|p2a: Golem\n|move|p1a: Eelektross|Close Combat|p2: Golem|[notarget]\n|-fail|p1a: Eelektross\n|\n|upkeep\n|\n|t:|1733908233\n|switch|p2a: Gumshoos|Gumshoos, L95, M|321/321\n|turn|5\n|\n|t:|1733908236\n|move|p2a: Gumshoos|Knock Off|p1a: Eelektross\n|-damage|p1a: Eelektross|0 fnt\n|-enditem|p1a: Eelektross|Assault Vest|[from] move: Knock Off|[of] p2a: Gumshoos\n|faint|p1a: Eelektross\n|\n|upkeep\n|\n|t:|1733908244\n|switch|p1a: Swalot|Swalot, L90, M|326/326\n|turn|6\n|\n|t:|1733908261\n|move|p1a: Swalot|Swords Dance|p1a: Swalot\n|-boost|p1a: Swalot|atk|2\n|move|p2a: Gumshoos|Knock Off|p1a: Swalot\n|-damage|p1a: Swalot|180/326\n|-enditem|p1a: Swalot|Leftovers|[from] move: Knock Off|[of] p2a: Gumshoos\n|\n|upkeep\n|turn|7\n|\n|t:|1733908275\n|move|p1a: Swalot|Gunk Shot|p2a: Gumshoos\n|-crit|p2a: Gumshoos\n|-damage|p2a: Gumshoos|0 fnt\n|faint|p2a: Gumshoos\n|\n|upkeep\n|\n|t:|1733908283\n|switch|p2a: Victreebel|Victreebel, L90, M|290/290\n|turn|8\n|\n|t:|1733908289\n|-terastallize|p2a: Victreebel|Fire\n|move|p2a: Victreebel|Sunny Day|p2a: Victreebel\n|-weather|SunnyDay\n|move|p1a: Swalot|Earthquake|p2a: Victreebel\n|-supereffective|p2a: Victreebel\n|-damage|p2a: Victreebel|4/290\n|\n|-weather|SunnyDay|[upkeep]\n|upkeep\n|turn|9\n|\n|t:|1733908295\n|move|p2a: Victreebel|Weather Ball|p1a: Swalot\n|-damage|p1a: Swalot|0 fnt\n|faint|p1a: Swalot\n|-damage|p2a: Victreebel|0 fnt|[from] item: Life Orb\n|faint|p2a: Victreebel\n|\n|-weather|SunnyDay|[upkeep]\n|upkeep\n|inactive|no tengo enemigos has 120 seconds left.\n|\n|t:|1733908328\n|switch|p2a: Araquanid|Araquanid, L82, M|246/246\n|switch|p1a: Flutter Mane|Flutter Mane, L74|203/203\n|-activate|p1a: Flutter Mane|ability: Protosynthesis\n|-start|p1a: Flutter Mane|protosynthesisspa\n|turn|10\n|\n|t:|1733908333\n|move|p1a: Flutter Mane|Thunderbolt|p2a: Araquanid\n|-supereffective|p2a: Araquanid\n|-damage|p2a: Araquanid|52/246\n|move|p2a: Araquanid|Sticky Web|p1a: Flutter Mane\n|-sidestart|p1: Oozaru16|move: Sticky Web\n|\n|-weather|SunnyDay|[upkeep]\n|upkeep\n|turn|11\n|\n|t:|1733908345\n|move|p1a: Flutter Mane|Thunderbolt|p2a: Araquanid\n|-supereffective|p2a: Araquanid\n|-damage|p2a: Araquanid|0 fnt\n|faint|p2a: Araquanid\n|\n|-weather|SunnyDay|[upkeep]\n|upkeep\n|\n|t:|1733908346\n|switch|p2a: Regice|Regice, L88|284/284\n|turn|12\n|\n|t:|1733908349\n|move|p1a: Flutter Mane|Thunderbolt|p2a: Regice\n|-damage|p2a: Regice|226/284\n|move|p2a: Regice|Thunder Wave|p1a: Flutter Mane\n|-status|p1a: Flutter Mane|par\n|\n|-weather|none\n|-end|p1a: Flutter Mane|Protosynthesis\n|upkeep\n|turn|13\n|\n|t:|1733908359\n|move|p2a: Regice|Ice Beam|p1a: Flutter Mane\n|-damage|p1a: Flutter Mane|118/203 par\n|move|p1a: Flutter Mane|Thunderbolt|p2a: Regice\n|-damage|p2a: Regice|182/284\n|\n|upkeep\n|turn|14\n|\n|t:|1733908362\n|move|p2a: Regice|Ice Beam|p1a: Flutter Mane\n|-damage|p1a: Flutter Mane|30/203 par\n|cant|p1a: Flutter Mane|par\n|\n|upkeep\n|turn|15\n|\n|t:|1733908364\n|move|p2a: Regice|Ice Beam|p1a: Flutter Mane\n|-damage|p1a: Flutter Mane|0 fnt\n|faint|p1a: Flutter Mane\n|-end|p1a: Flutter Mane|Protosynthesis|[silent]\n|\n|upkeep\n|\n|t:|1733908370\n|switch|p1a: Weavile|Weavile, L79, M|240/240\n|turn|16\n|\n|t:|1733908374\n|move|p1a: Weavile|Swords Dance|p1a: Weavile\n|-boost|p1a: Weavile|atk|2\n|move|p2a: Regice|Body Press|p1a: Weavile\n|-supereffective|p1a: Weavile\n|-damage|p1a: Weavile|0 fnt\n|faint|p1a: Weavile\n|\n|upkeep\n|\n|t:|1733908379\n|switch|p1a: Oricorio|Oricorio-Pa'u, L87, M|272/272\n|turn|17\n|\n|t:|1733908385\n|-terastallize|p1a: Oricorio|Fighting\n|move|p1a: Oricorio|Quiver Dance|p1a: Oricorio\n|-boost|p1a: Oricorio|spa|1\n|-boost|p1a: Oricorio|spd|1\n|-boost|p1a: Oricorio|spe|1\n|move|p2a: Regice|Ice Beam|p1a: Oricorio\n|-damage|p1a: Oricorio|185/272\n|\n|upkeep\n|turn|18\n|\n|t:|1733908389\n|move|p1a: Oricorio|Hurricane|p2a: Regice\n|-damage|p2a: Regice|92/284\n|move|p2a: Regice|Thunder Wave|p1a: Oricorio\n|-status|p1a: Oricorio|par\n|\n|upkeep\n|turn|19\n|\n|t:|1733908395\n|cant|p1a: Oricorio|par\n|move|p2a: Regice|Thunderbolt|p1a: Oricorio\n|-damage|p1a: Oricorio|130/272 par\n|\n|upkeep\n|turn|20\n|\n|t:|1733908400\n|cant|p1a: Oricorio|par\n|move|p2a: Regice|Thunderbolt|p1a: Oricorio\n|-damage|p1a: Oricorio|79/272 par\n|\n|upkeep\n|turn|21\n|\n|t:|1733908402\n|move|p1a: Oricorio|Roost|p1a: Oricorio\n|-heal|p1a: Oricorio|215/272 par\n|move|p2a: Regice|Body Press|p1a: Oricorio\n|-damage|p1a: Oricorio|148/272 par\n|\n|upkeep\n|turn|22\n|\n|t:|1733908404\n|cant|p1a: Oricorio|par\n|move|p2a: Regice|Body Press|p1a: Oricorio\n|-damage|p1a: Oricorio|74/272 par\n|\n|upkeep\n|turn|23\n|\n|t:|1733908406\n|move|p1a: Oricorio|Roost|p1a: Oricorio\n|-heal|p1a: Oricorio|210/272 par\n|move|p2a: Regice|Body Press|p1a: Oricorio\n|-damage|p1a: Oricorio|139/272 par\n|\n|upkeep\n|turn|24\n|\n|t:|1733908408\n|move|p1a: Oricorio|Quiver Dance|p1a: Oricorio\n|-boost|p1a: Oricorio|spa|1\n|-boost|p1a: Oricorio|spd|1\n|-boost|p1a: Oricorio|spe|1\n|move|p2a: Regice|Body Press|p1a: Oricorio\n|-damage|p1a: Oricorio|63/272 par\n|\n|upkeep\n|turn|25\n|\n|t:|1733908410\n|move|p1a: Oricorio|Roost|p1a: Oricorio\n|-heal|p1a: Oricorio|199/272 par\n|move|p2a: Regice|Body Press|p1a: Oricorio\n|-damage|p1a: Oricorio|124/272 par\n|\n|upkeep\n|turn|26\n|\n|t:|1733908412\n|move|p1a: Oricorio|Roost|p1a: Oricorio\n|-heal|p1a: Oricorio|260/272 par\n|move|p2a: Regice|Body Press|p1a: Oricorio\n|-damage|p1a: Oricorio|193/272 par\n|\n|upkeep\n|turn|27\n|\n|t:|1733908415\n|move|p1a: Oricorio|Quiver Dance|p1a: Oricorio\n|-boost|p1a: Oricorio|spa|1\n|-boost|p1a: Oricorio|spd|1\n|-boost|p1a: Oricorio|spe|1\n|move|p2a: Regice|Body Press|p1a: Oricorio\n|-crit|p1a: Oricorio\n|-damage|p1a: Oricorio|91/272 par\n|\n|upkeep\n|turn|28\n|\n|t:|1733908417\n|move|p1a: Oricorio|Roost|p1a: Oricorio\n|-heal|p1a: Oricorio|227/272 par\n|move|p2a: Regice|Body Press|p1a: Oricorio\n|-damage|p1a: Oricorio|151/272 par\n|\n|upkeep\n|turn|29\n|\n|t:|1733908419\n|move|p1a: Oricorio|Revelation Dance|p2a: Regice\n|-supereffective|p2a: Regice\n|-damage|p2a: Regice|0 fnt\n|faint|p2a: Regice\n|\n|upkeep\n|\n|t:|1733908422\n|switch|p2a: Leavanny|Leavanny, L86, F|269/269\n|turn|30\n|\n|t:|1733908428\n|move|p1a: Oricorio|Hurricane|p2a: Leavanny|[miss]\n|-miss|p1a: Oricorio|p2a: Leavanny\n|move|p2a: Leavanny|Leaf Blade|p1a: Oricorio\n|-damage|p1a: Oricorio|42/272 par\n|\n|upkeep\n|turn|31\n|\n|t:|1733908431\n|move|p1a: Oricorio|Hurricane|p2a: Leavanny\n|-supereffective|p2a: Leavanny\n|-damage|p2a: Leavanny|0 fnt\n|faint|p2a: Leavanny\n|\n|win|Oozaru16\n|raw|Oozaru16's rating: 1476 &rarr; <strong>1493</strong><br />(+17 for winning)\n|raw|no tengo enemigos's rating: 1431 &rarr; <strong>1414</strong><br />(-17 for losing)\n|l|\u2606no tengo enemigos\n|player|p2|\n|c|\u2606Oozaru16|So close\n", "inputlog": ">version bfd83cad13791eb5a5a409923076391caf6fb4d4\n>start {\"formatid\":\"gen9randombattle\",\"seed\":[41959,43826,201,10560],\"rated\":\"Rated battle\"}\n>player p1 {\"name\":\"Oozaru16\",\"avatar\":\"linebacker\",\"rating\":1476,\"seed\":[41280,46017,40092,17358]}\n>player p2 {\"name\":\"no tengo enemigos\",\"avatar\":\"169\",\"rating\":1431,\"seed\":[58345,45060,54463,683]}\n>p1 move dragondance\n>p2 move rockpolish\n>p1 move outrage\n>p2 move stoneedge\n>p1 move outrage\n>p2 move stoneedge\n>p1 switch 3\n>p1 move closecombat\n>p2 move explosion\n>p2 switch 3\n>p1 move closecombat\n>p2 move knockoff\n>p1 switch 6\n>p1 move swordsdance\n>p2 move knockoff\n>p1 move gunkshot\n>p2 move knockoff\n>p2 switch 4\n>p1 move earthquake\n>p2 move sunnyday terastallize\n>p1 move knockoff\n>p2 move weatherball\n>p1 switch 2\n>p2 switch 2\n>p1 move thunderbolt\n>p2 move stickyweb\n>p1 move thunderbolt\n>p2 move leechlife\n>p2 switch 6\n>p1 move thunderbolt\n>p2 move thunderwave\n>p1 move thunderbolt\n>p2 move icebeam\n>p1 move thunderbolt\n>p2 move icebeam\n>p1 move thunderbolt\n>p2 move icebeam\n>p1 switch 5\n>p1 move swordsdance\n>p2 move bodypress\n>p1 switch 4\n>p1 move quiverdance terastallize\n>p2 move icebeam\n>p1 move hurricane\n>p2 move thunderwave\n>p1 move quiverdance\n>p2 move thunderbolt\n>p1 move roost\n>p2 move thunderbolt\n>p1 move roost\n>p2 move bodypress\n>p1 move quiverdance\n>p2 move bodypress\n>p1 move roost\n>p2 move bodypress\n>p1 move quiverdance\n>p2 move bodypress\n>p1 move roost\n>p2 move bodypress\n>p1 move roost\n>p2 move bodypress\n>p1 move quiverdance\n>p2 move bodypress\n>p1 move roost\n>p2 move bodypress\n>p1 move revelationdance\n>p2 move bodypress\n>p2 switch 5\n>p1 move hurricane\n>p2 move leafblade\n>p1 move hurricane\n>p2 move leafblade", "uploadtime": 1733908434, "views": 1, "formatid": "gen9randombattle", "rating": 1414, "private": 0, "password": null}