{"id": "gen9randombattle-2260392973", "format": "[Gen 9] Random Battle", "players": ["Ieatdrywall023", "dedededje"], "log": "|j|\u2606Ieatdrywall023\n|j|\u2606dedededje\n|t:|1733847201\n|gametype|singles\n|player|p1|Ieatdrywall023|shadowtriad|1159\n|player|p2|dedededje|169|1201\n|teamsize|p1|6\n|teamsize|p2|6\n|gen|9\n|tier|[Gen 9] Random Battle\n|rated|\n|rule|Species Clause: Limit one of each Pok\u00e9mon\n|rule|HP Percentage Mod: HP is shown in percentages\n|rule|Sleep Clause Mod: Limit one foe put to sleep\n|rule|Illusion Level Mod: Illusion disguises the Pok\u00e9mon's true level\n|\n|t:|1733847201\n|start\n|switch|p1a: Mudsdale|Mudsdale, L84, M|305/305\n|switch|p2a: Quagsire|Quagsire, L84, M|297/297\n|turn|1\n|\n|t:|1733847211\n|-terastallize|p1a: Mudsdale|Steel\n|move|p2a: Quagsire|Toxic|p1a: Mudsdale|[miss]\n|-miss|p2a: Quagsire|p1a: Mudsdale\n|move|p1a: Mudsdale|Heavy Slam|p2a: Quagsire\n|-resisted|p2a: Quagsire\n|-crit|p2a: Quagsire\n|-damage|p2a: Quagsire|175/297\n|\n|-heal|p2a: Quagsire|193/297|[from] item: Leftovers\n|upkeep\n|turn|2\n|\n|t:|1733847221\n|move|p1a: Mudsdale|Heavy Slam|p2a: Quagsire\n|-resisted|p2a: Quagsire\n|-damage|p2a: Quagsire|112/297\n|move|p2a: Quagsire|Recover|p2a: Quagsire\n|-heal|p2a: Quagsire|261/297\n|\n|-heal|p2a: Quagsire|279/297|[from] item: Leftovers\n|upkeep\n|turn|3\n|\n|t:|1733847231\n|move|p1a: Mudsdale|Heavy Slam|p2a: Quagsire\n|-resisted|p2a: Quagsire\n|-damage|p2a: Quagsire|198/297\n|move|p2a: Quagsire|Spikes|p1a: Mudsdale\n|-sidestart|p1: Ieatdrywall023|Spikes\n|\n|-heal|p2a: Quagsire|216/297|[from] item: Leftovers\n|upkeep\n|turn|4\n|\n|t:|1733847236\n|move|p2a: Quagsire|Spikes|p1a: Mudsdale\n|-sidestart|p1: Ieatdrywall023|Spikes\n|move|p1a: Mudsdale|Heavy Slam|p2a: Quagsire\n|-resisted|p2a: Quagsire\n|-damage|p2a: Quagsire|133/297\n|\n|-heal|p2a: Quagsire|151/297|[from] item: Leftovers\n|upkeep\n|turn|5\n|\n|t:|1733847240\n|move|p1a: Mudsdale|Heavy Slam|p2a: Quagsire\n|-resisted|p2a: Quagsire\n|-damage|p2a: Quagsire|78/297\n|move|p2a: Quagsire|Recover|p2a: Quagsire\n|-heal|p2a: Quagsire|227/297\n|\n|-heal|p2a: Quagsire|245/297|[from] item: Leftovers\n|upkeep\n|turn|6\n|\n|t:|1733847246\n|move|p2a: Quagsire|Spikes|p1a: Mudsdale\n|-sidestart|p1: Ieatdrywall023|Spikes\n|move|p1a: Mudsdale|Heavy Slam|p2a: Quagsire\n|-resisted|p2a: Quagsire\n|-damage|p2a: Quagsire|161/297\n|\n|-heal|p2a: Quagsire|179/297|[from] item: Leftovers\n|upkeep\n|turn|7\n|\n|t:|1733847256\n|move|p2a: Quagsire|Earthquake|p1a: Mudsdale\n|-supereffective|p1a: Mudsdale\n|-damage|p1a: Mudsdale|137/305\n|-ability|p1a: Mudsdale|Stamina|boost\n|-boost|p1a: Mudsdale|def|1\n|move|p1a: Mudsdale|Roar|p2a: Quagsire\n|drag|p2a: Morpeko|Morpeko, L88, M|245/245\n|\n|-heal|p1a: Mudsdale|156/305|[from] item: Leftovers\n|-formechange|p2a: Morpeko|Morpeko-Hangry||[from] ability: Hunger Switch\n|upkeep\n|turn|8\n|inactive|Battle timer is ON: inactive players will automatically lose when time's up. (requested by Ieatdrywall023)\n|\n|t:|1733847267\n|move|p2a: Morpeko|Parting Shot|p1a: Mudsdale\n|-unboost|p1a: Mudsdale|atk|1\n|-unboost|p1a: Mudsdale|spa|1\n|\n|t:|1733847273\n|switch|p2a: Quagsire|Quagsire, L84, M|179/297|[from] Parting Shot\n|move|p1a: Mudsdale|Earthquake|p2a: Quagsire\n|-damage|p2a: Quagsire|35/297\n|\n|-heal|p2a: Quagsire|53/297|[from] item: Leftovers\n|-heal|p1a: Mudsdale|175/305|[from] item: Leftovers\n|upkeep\n|turn|9\n|\n|t:|1733847288\n|switch|p1a: Dragonite|Dragonite, L74, M|257/257\n|move|p2a: Quagsire|Recover|p2a: Quagsire\n|-heal|p2a: Quagsire|202/297\n|\n|-heal|p2a: Quagsire|220/297|[from] item: Leftovers\n|upkeep\n|turn|10\n|\n|t:|1733847301\n|move|p1a: Dragonite|Earthquake|p2a: Quagsire\n|-damage|p2a: Quagsire|147/297\n|move|p2a: Quagsire|Toxic|p1a: Dragonite\n|-status|p1a: Dragonite|tox\n|\n|-heal|p2a: Quagsire|165/297|[from] item: Leftovers\n|-damage|p1a: Dragonite|241/257 tox|[from] psn\n|upkeep\n|turn|11\n|\n|t:|1733847311\n|move|p1a: Dragonite|Outrage|p2a: Quagsire\n|-damage|p2a: Quagsire|26/297\n|move|p2a: Quagsire|Recover|p2a: Quagsire\n|-heal|p2a: Quagsire|175/297\n|\n|-heal|p2a: Quagsire|193/297|[from] item: Leftovers\n|-damage|p1a: Dragonite|209/257 tox|[from] psn\n|upkeep\n|turn|12\n|\n|t:|1733847320\n|move|p1a: Dragonite|Outrage|p2a: Quagsire|[from]lockedmove\n|-damage|p2a: Quagsire|61/297\n|move|p2a: Quagsire|Recover|p2a: Quagsire\n|-heal|p2a: Quagsire|210/297\n|\n|-heal|p2a: Quagsire|228/297|[from] item: Leftovers\n|-damage|p1a: Dragonite|161/257 tox|[from] psn\n|upkeep\n|turn|13\n|\n|t:|1733847330\n|move|p1a: Dragonite|Outrage|p2a: Quagsire|[from]lockedmove\n|-damage|p2a: Quagsire|104/297\n|-start|p1a: Dragonite|confusion|[fatigue]\n|move|p2a: Quagsire|Recover|p2a: Quagsire\n|-heal|p2a: Quagsire|253/297\n|\n|-heal|p2a: Quagsire|271/297|[from] item: Leftovers\n|-damage|p1a: Dragonite|97/257 tox|[from] psn\n|upkeep\n|turn|14\n|\n|t:|1733847347\n|-activate|p1a: Dragonite|confusion\n|-damage|p1a: Dragonite|65/257 tox|[from] confusion\n|move|p2a: Quagsire|Recover|p2a: Quagsire\n|-heal|p2a: Quagsire|297/297\n|\n|-damage|p1a: Dragonite|0 fnt|[from] psn\n|faint|p1a: Dragonite\n|upkeep\n|\n|t:|1733847356\n|switch|p1a: Ursaring|Ursaring, L84, M|288/288\n|-damage|p1a: Ursaring|216/288|[from] Spikes\n|turn|15\n|\n|t:|1733847370\n|move|p1a: Ursaring|Body Slam|p2a: Quagsire\n|-damage|p2a: Quagsire|179/297\n|-status|p2a: Quagsire|par\n|move|p2a: Quagsire|Earthquake|p1a: Ursaring\n|-damage|p1a: Ursaring|149/288\n|\n|-heal|p2a: Quagsire|197/297 par|[from] item: Leftovers\n|upkeep\n|turn|16\n|\n|t:|1733847378\n|move|p1a: Ursaring|Throat Chop|p2a: Quagsire\n|-damage|p2a: Quagsire|128/297 par\n|-start|p2a: Quagsire|Throat Chop|[silent]\n|move|p2a: Quagsire|Earthquake|p1a: Ursaring\n|-damage|p1a: Ursaring|79/288\n|\n|-heal|p2a: Quagsire|146/297 par|[from] item: Leftovers\n|upkeep\n|turn|17\n|\n|t:|1733847384\n|move|p1a: Ursaring|Body Slam|p2a: Quagsire\n|-damage|p2a: Quagsire|28/297 par\n|move|p2a: Quagsire|Earthquake|p1a: Ursaring\n|-damage|p1a: Ursaring|3/288\n|\n|-heal|p2a: Quagsire|46/297 par|[from] item: Leftovers\n|-end|p2a: Quagsire|Throat Chop|[silent]\n|upkeep\n|turn|18\n|\n|t:|1733847388\n|move|p1a: Ursaring|Body Slam|p2a: Quagsire\n|-damage|p2a: Quagsire|0 fnt\n|faint|p2a: Quagsire\n|\n|upkeep\n|c|\u2606Ieatdrywall023|That was rough\n|\n|t:|1733847403\n|switch|p2a: Morpeko|Morpeko, L88, M|245/245\n|turn|19\n|\n|t:|1733847415\n|move|p2a: Morpeko|Rapid Spin|p1a: Ursaring\n|-damage|p1a: Ursaring|0 fnt\n|-boost|p2a: Morpeko|spe|1\n|faint|p1a: Ursaring\n|\n|-formechange|p2a: Morpeko|Morpeko-Hangry||[from] ability: Hunger Switch\n|upkeep\n|\n|t:|1733847423\n|switch|p1a: Mudsdale|Mudsdale, L84, M, tera:Steel|175/305\n|-damage|p1a: Mudsdale|99/305|[from] Spikes\n|turn|20\n|n|\u2606dedededje|dedededje\n|c|\u2606dedededje|yeah not the most exciting gameplay but thats how u play quag\n|\n|t:|1733847451\n|move|p2a: Morpeko|Aura Wheel|p1a: Mudsdale\n|-damage|p1a: Mudsdale|0 fnt\n|-boost|p2a: Morpeko|spe|1\n|faint|p1a: Mudsdale\n|\n|-formechange|p2a: Morpeko|Morpeko||[from] ability: Hunger Switch\n|upkeep\n|\n|t:|1733847462\n|switch|p1a: Seviper|Seviper, L93, F|287/287\n|-damage|p1a: Seviper|216/287|[from] Spikes\n|turn|21\n|\n|t:|1733847474\n|move|p2a: Morpeko|Parting Shot|p1a: Seviper\n|-unboost|p1a: Seviper|atk|1\n|-unboost|p1a: Seviper|spa|1\n|\n|t:|1733847476\n|switch|p2a: Vileplume|Vileplume, L85, M|266/266|[from] Parting Shot\n|move|p1a: Seviper|Earthquake|p2a: Vileplume\n|-damage|p2a: Vileplume|206/266\n|\n|-heal|p2a: Vileplume|222/266|[from] item: Leftovers\n|upkeep\n|turn|22\n|c|\u2606Ieatdrywall023|Ain\u2019t no way I\u2019m gonna win this, gg\n|-message|Ieatdrywall023 forfeited.\n|\n|win|dedededje\n|raw|Ieatdrywall023's rating: 1159 &rarr; <strong>1140</strong><br />(-19 for losing)\n|raw|dedededje's rating: 1242 &rarr; <strong>1261</strong><br />(+19 for winning)\n|l|\u2606Ieatdrywall023\n|player|p1|\n|c|\u2606dedededje|gg\n", "inputlog": ">version bfd83cad13791eb5a5a409923076391caf6fb4d4\n>start {\"formatid\":\"gen9randombattle\",\"seed\":[28516,46432,499,19713],\"rated\":\"Rated battle\"}\n>player p1 {\"name\":\"Ieatdrywall023\",\"avatar\":\"shadowtriad\",\"rating\":1159,\"seed\":[22114,18268,377,55315]}\n>player p2 {\"name\":\"dedededje\",\"avatar\":\"169\",\"rating\":1201,\"seed\":[31299,47747,11832,61585]}\n>p1 move heavyslam terastallize\n>p2 move toxic\n>p1 move heavyslam\n>p2 move recover\n>p1 move heavyslam\n>p2 move spikes\n>p1 move heavyslam\n>p2 move spikes\n>p1 move heavyslam\n>p2 move recover\n>p1 move heavyslam\n>p2 move spikes\n>p1 move roar\n>p2 move earthquake\n>p1 move earthquake\n>p2 move partingshot\n>p2 switch 6\n>p1 switch 4\n>p2 move recover\n>p1 move earthquake\n>p2 move toxic\n>p1 move outrage\n>p2 move recover\n>p1 move outrage\n>p2 move recover\n>p1 move outrage\n>p2 move recover\n>p1 move dragondance\n>p2 move recover\n>p1 switch 3\n>p1 move bodyslam\n>p2 move earthquake\n>p1 move throatchop\n>p2 move earthquake\n>p1 move bodyslam\n>p2 move earthquake\n>p1 move bodyslam\n>p2 move earthquake\n>chat \u2606Ieatdrywall023|That was rough\n>p2 switch 6\n>p1 move bodyslam\n>p2 move rapidspin\n>p1 switch 4\n>chat \u2606dedededje|yeah not the most exciting gameplay but thats how u play quag\n>p1 move earthquake\n>p2 move aurawheel\n>p1 switch 5\n>p1 move earthquake\n>p2 move partingshot\n>p2 switch 2\n>chat \u2606Ieatdrywall023|Ain\u2019t no way I\u2019m gonna win this, gg \n>forcelose p1", "uploadtime": 1733847497, "views": 1, "formatid": "gen9randombattle", "rating": 1140, "private": 0, "password": null}