{"id": "gen9randombattle-2260395502", "format": "[Gen 9] Random Battle", "players": ["zu5zu5", "CVF1"], "log": "|j|\u2606zu5zu5\n|j|\u2606CVF1\n|t:|1733847451\n|gametype|singles\n|player|p1|zu5zu5|1|1073\n|player|p2|CVF1|calem-masters|1110\n|teamsize|p1|6\n|teamsize|p2|6\n|gen|9\n|tier|[Gen 9] Random Battle\n|rated|\n|rule|Species Clause: Limit one of each Pok\u00e9mon\n|rule|HP Percentage Mod: HP is shown in percentages\n|rule|Sleep Clause Mod: Limit one foe put to sleep\n|rule|Illusion Level Mod: Illusion disguises the Pok\u00e9mon's true level\n|\n|t:|1733847451\n|start\n|switch|p1a: Wigglytuff|Wigglytuff, L96, F|424/424\n|switch|p2a: Granbull|Granbull, L88, F|302/302\n|-ability|p2a: Granbull|Intimidate|boost\n|-unboost|p1a: Wigglytuff|atk|1\n|-ability|p1a: Wigglytuff|Competitive|boost\n|-boost|p1a: Wigglytuff|spa|2\n|turn|1\n|\n|t:|1733847477\n|move|p1a: Wigglytuff|Thunder Wave|p2a: Granbull\n|-status|p2a: Granbull|par\n|cant|p2a: Granbull|par\n|\n|upkeep\n|turn|2\n|\n|t:|1733847487\n|move|p1a: Wigglytuff|Fire Blast|p2a: Granbull|[miss]\n|-miss|p1a: Wigglytuff|p2a: Granbull\n|move|p2a: Granbull|Encore|p1a: Wigglytuff\n|-start|p1a: Wigglytuff|Encore\n|\n|upkeep\n|turn|3\n|\n|t:|1733847499\n|move|p1a: Wigglytuff|Fire Blast|p2a: Granbull\n|-damage|p2a: Granbull|68/302 par\n|move|p2a: Granbull|Thunder Wave|p1a: Wigglytuff\n|-status|p1a: Wigglytuff|par\n|\n|-heal|p2a: Granbull|86/302 par|[from] item: Leftovers\n|upkeep\n|turn|4\n|\n|t:|1733847509\n|switch|p2a: Pecharunt|Pecharunt, L77|262/262\n|move|p1a: Wigglytuff|Fire Blast|p2a: Pecharunt\n|-damage|p2a: Pecharunt|54/262\n|\n|-heal|p2a: Pecharunt|70/262|[from] item: Leftovers\n|upkeep\n|turn|5\n|\n|t:|1733847520\n|move|p2a: Pecharunt|Recover|p2a: Pecharunt\n|-heal|p2a: Pecharunt|201/262\n|move|p1a: Wigglytuff|Fire Blast|p2a: Pecharunt\n|-damage|p2a: Pecharunt|0 fnt\n|faint|p2a: Pecharunt\n|\n|-end|p1a: Wigglytuff|Encore\n|upkeep\n|\n|t:|1733847525\n|switch|p2a: Latios|Latios, L78, M|253/253\n|turn|6\n|\n|t:|1733847532\n|move|p2a: Latios|Luster Purge|p1a: Wigglytuff\n|-damage|p1a: Wigglytuff|204/424 par\n|-unboost|p1a: Wigglytuff|spd|1\n|-ability|p1a: Wigglytuff|Competitive|boost\n|-boost|p1a: Wigglytuff|spa|2\n|move|p1a: Wigglytuff|Alluring Voice|p2a: Latios\n|-supereffective|p2a: Latios\n|-damage|p2a: Latios|0 fnt\n|faint|p2a: Latios\n|\n|-heal|p1a: Wigglytuff|230/424 par|[from] item: Leftovers\n|upkeep\n|\n|t:|1733847538\n|switch|p2a: Granbull|Granbull, L88, F|86/302 par\n|-ability|p2a: Granbull|Intimidate|boost\n|-unboost|p1a: Wigglytuff|atk|1\n|-ability|p1a: Wigglytuff|Competitive|boost\n|-boost|p1a: Wigglytuff|spa|2\n|turn|7\n|\n|t:|1733847552\n|move|p1a: Wigglytuff|Fire Blast|p2a: Granbull\n|-damage|p2a: Granbull|0 fnt\n|faint|p2a: Granbull\n|\n|-heal|p1a: Wigglytuff|256/424 par|[from] item: Leftovers\n|upkeep\n|\n|t:|1733847555\n|switch|p2a: Sawsbuck|Sawsbuck-Winter, L88, M|284/284\n|turn|8\n|\n|t:|1733847564\n|move|p2a: Sawsbuck|Swords Dance|p2a: Sawsbuck\n|-boost|p2a: Sawsbuck|atk|2\n|move|p1a: Wigglytuff|Fire Blast|p2a: Sawsbuck\n|-supereffective|p2a: Sawsbuck\n|-damage|p2a: Sawsbuck|0 fnt\n|faint|p2a: Sawsbuck\n|\n|-heal|p1a: Wigglytuff|282/424 par|[from] item: Leftovers\n|upkeep\n|\n|t:|1733847569\n|switch|p2a: Grumpig|Grumpig, L92, F|297/297\n|turn|9\n|\n|t:|1733847583\n|move|p2a: Grumpig|Nasty Plot|p2a: Grumpig\n|-boost|p2a: Grumpig|spa|2\n|move|p1a: Wigglytuff|Alluring Voice|p2a: Grumpig\n|-damage|p2a: Grumpig|0 fnt\n|faint|p2a: Grumpig\n|\n|-heal|p1a: Wigglytuff|308/424 par|[from] item: Leftovers\n|upkeep\n|\n|t:|1733847590\n|switch|p2a: Gastrodon|Gastrodon, L86, F|331/331\n|turn|10\n|\n|t:|1733847598\n|move|p2a: Gastrodon|Earthquake|p1a: Wigglytuff\n|-damage|p1a: Wigglytuff|173/424 par\n|move|p1a: Wigglytuff|Alluring Voice|p2a: Gastrodon\n|-damage|p2a: Gastrodon|0 fnt\n|faint|p2a: Gastrodon\n|\n|win|zu5zu5\n|raw|zu5zu5's rating: 1073 &rarr; <strong>1105</strong><br />(+32 for winning)\n|raw|CVF1's rating: 1110 &rarr; <strong>1082</strong><br />(-28 for losing)\n|l|\u2606CVF1\n|player|p2|\n", "inputlog": ">version bfd83cad13791eb5a5a409923076391caf6fb4d4\n>start {\"formatid\":\"gen9randombattle\",\"seed\":[54322,59824,40866,52754],\"rated\":\"Rated battle\"}\n>player p1 {\"name\":\"zu5zu5\",\"avatar\":\"1\",\"rating\":1073,\"seed\":[58127,35360,6577,14355]}\n>player p2 {\"name\":\"CVF1\",\"avatar\":\"calem-masters\",\"rating\":1110,\"seed\":[61068,45280,11093,12750]}\n>p1 move thunderwave\n>p2 move thunderwave\n>p1 move fireblast\n>p2 move encore\n>p1 move fireblast\n>p2 move thunderwave\n>p1 move fireblast\n>p2 switch 3\n>p1 move fireblast\n>p2 move recover\n>p2 switch 2\n>p1 move alluringvoice\n>p2 move lusterpurge\n>p2 switch 3\n>p1 move fireblast\n>p2 move playrough\n>p2 switch 4\n>p1 move fireblast\n>p2 move swordsdance\n>p2 switch 5\n>p1 move alluringvoice\n>p2 move nastyplot\n>p2 switch 6\n>p1 move alluringvoice\n>p2 move earthquake", "uploadtime": 1733847607, "views": 3, "formatid": "gen9randombattle", "rating": 1082, "private": 0, "password": null}