{"id": "gen9randombattle-2260876018", "format": "[Gen 9] Random Battle", "players": ["Southwest Road", "mak7xz"], "log": "|j|\u2606Southwest Road\n|j|\u203dmak7xz\n|t:|1733908989\n|gametype|singles\n|player|p1|Southwest Road|kahili|1535\n|player|p2|mak7xz|worker-gen4|1568\n|teamsize|p1|6\n|teamsize|p2|6\n|gen|9\n|tier|[Gen 9] Random Battle\n|rated|\n|rule|Species Clause: Limit one of each Pok\u00e9mon\n|rule|HP Percentage Mod: HP is shown in percentages\n|rule|Sleep Clause Mod: Limit one foe put to sleep\n|rule|Illusion Level Mod: Illusion disguises the Pok\u00e9mon's true level\n|\n|t:|1733908989\n|start\n|switch|p1a: Glaceon|Glaceon, L94, M|275/275\n|switch|p2a: Skeledirge|Skeledirge, L79, F|294/294\n|turn|1\n|inactive|Battle timer is ON: inactive players will automatically lose when time's up. (requested by mak7xz)\n|\n|t:|1733908999\n|switch|p1a: Clodsire|Clodsire, L81, M|343/343\n|move|p2a: Skeledirge|Shadow Ball|p1a: Clodsire\n|-damage|p1a: Clodsire|268/343\n|\n|-heal|p1a: Clodsire|289/343|[from] item: Leftovers\n|upkeep\n|turn|2\n|\n|t:|1733909007\n|switch|p2a: Glalie|Glalie, L96, F|309/309\n|move|p1a: Clodsire|Toxic|p2a: Glalie\n|-status|p2a: Glalie|tox\n|\n|-heal|p1a: Clodsire|310/343|[from] item: Leftovers\n|-damage|p2a: Glalie|290/309 tox|[from] psn\n|upkeep\n|turn|3\n|\n|t:|1733909015\n|switch|p1a: Primarina|Primarina, L83, M|268/268\n|move|p2a: Glalie|Spikes|p1a: Primarina\n|-sidestart|p1: Southwest Road|Spikes\n|\n|-damage|p2a: Glalie|252/309 tox|[from] psn\n|upkeep\n|turn|4\n|\n|t:|1733909021\n|move|p2a: Glalie|Freeze-Dry|p1a: Primarina\n|-supereffective|p1a: Primarina\n|-damage|p1a: Primarina|128/268\n|move|p1a: Primarina|Calm Mind|p1a: Primarina\n|-boost|p1a: Primarina|spa|1\n|-boost|p1a: Primarina|spd|1\n|\n|-heal|p1a: Primarina|144/268|[from] item: Leftovers\n|-damage|p2a: Glalie|195/309 tox|[from] psn\n|upkeep\n|turn|5\n|\n|t:|1733909031\n|-terastallize|p1a: Primarina|Steel\n|move|p2a: Glalie|Spikes|p1a: Primarina\n|-sidestart|p1: Southwest Road|Spikes\n|move|p1a: Primarina|Calm Mind|p1a: Primarina\n|-boost|p1a: Primarina|spa|1\n|-boost|p1a: Primarina|spd|1\n|\n|-heal|p1a: Primarina|160/268|[from] item: Leftovers\n|-damage|p2a: Glalie|119/309 tox|[from] psn\n|upkeep\n|turn|6\n|\n|t:|1733909035\n|move|p2a: Glalie|Earthquake|p1a: Primarina\n|-supereffective|p1a: Primarina\n|-damage|p1a: Primarina|0 fnt\n|faint|p1a: Primarina\n|\n|-damage|p2a: Glalie|24/309 tox|[from] psn\n|upkeep\n|\n|t:|1733909059\n|switch|p1a: Glaceon|Glaceon, L94, M|275/275\n|turn|7\n|\n|t:|1733909065\n|switch|p2a: Zangoose|Zangoose, L85, F|263/263\n|move|p1a: Glaceon|Wish|p1a: Glaceon\n|\n|-status|p2a: Zangoose|tox|[from] item: Toxic Orb\n|upkeep\n|turn|8\n|\n|t:|1733909070\n|switch|p1a: Clodsire|Clodsire, L81, M|310/343\n|-damage|p1a: Clodsire|253/343|[from] Spikes\n|move|p2a: Zangoose|Knock Off|p1a: Clodsire\n|-damage|p1a: Clodsire|84/343\n|-enditem|p1a: Clodsire|Leftovers|[from] move: Knock Off|[of] p2a: Zangoose\n|\n|-heal|p1a: Clodsire|221/343|[from] move: Wish|[wisher] Glaceon\n|-damage|p2a: Zangoose|247/263 tox|[from] psn\n|upkeep\n|turn|9\n|\n|t:|1733909075\n|move|p2a: Zangoose|Facade|p1a: Clodsire\n|-damage|p1a: Clodsire|0 fnt\n|faint|p1a: Clodsire\n|\n|-damage|p2a: Zangoose|215/263 tox|[from] psn\n|upkeep\n|-message|Southwest Road forfeited.\n|\n|win|mak7xz\n|raw|Southwest Road's rating: 1535 &rarr; <strong>1517</strong><br />(-18 for losing)\n|raw|mak7xz's rating: 1568 &rarr; <strong>1586</strong><br />(+18 for winning)\n|l|\u2606Southwest Road\n|player|p1|\n", "inputlog": ">version bfd83cad13791eb5a5a409923076391caf6fb4d4\n>start {\"formatid\":\"gen9randombattle\",\"seed\":[34303,5750,44897,35791],\"rated\":\"Rated battle\"}\n>player p1 {\"name\":\"Southwest Road\",\"avatar\":\"kahili\",\"rating\":1535,\"seed\":[40805,13459,44647,52017]}\n>player p2 {\"name\":\"mak7xz\",\"avatar\":\"worker-gen4\",\"rating\":1568,\"seed\":[4795,58083,65357,3778]}\n>p1 switch 4\n>p2 move shadowball\n>p1 move toxic\n>p2 switch 4\n>p1 switch 5\n>p2 move spikes\n>p1 move calmmind\n>p2 move freezedry\n>p1 move calmmind terastallize\n>p2 move spikes\n>p1 move drainingkiss\n>p2 move earthquake\n>p1 switch 4\n>p1 move wish\n>p2 switch 5\n>p1 switch 5\n>p2 move knockoff\n>p1 move stealthrock\n>p2 move facade\n>forcelose p1", "uploadtime": 1733909084, "views": 1, "formatid": "gen9randombattle", "rating": 1517, "private": 0, "password": null}