{"id": "gen9randombattle-2259804376", "format": "[Gen 9] Random Battle", "players": ["A1xer", "AppointedKhan"], "log": "|j|\u2606A1xer\n|j|\u2606AppointedKhan\n|t:|1733768382\n|gametype|singles\n|player|p1|A1xer|169|1325\n|player|p2|AppointedKhan|266|1273\n|teamsize|p1|6\n|teamsize|p2|6\n|gen|9\n|tier|[Gen 9] Random Battle\n|rated|\n|rule|Species Clause: Limit one of each Pok\u00e9mon\n|rule|HP Percentage Mod: HP is shown in percentages\n|rule|Sleep Clause Mod: Limit one foe put to sleep\n|rule|Illusion Level Mod: Illusion disguises the Pok\u00e9mon's true level\n|\n|t:|1733768382\n|start\n|switch|p1a: Beartic|Beartic, L91, M|321/321\n|switch|p2a: Chesnaught|Chesnaught, L84, F|285/285\n|turn|1\n|\n|t:|1733768408\n|switch|p1a: Articuno|Articuno-Galar, L84|288/288\n|move|p2a: Chesnaught|Iron Defense|p2a: Chesnaught\n|-boost|p2a: Chesnaught|def|2\n|\n|upkeep\n|turn|2\n|\n|t:|1733768422\n|switch|p2a: Eelektross|Eelektross, L87, F|290/290\n|move|p1a: Articuno|Freezing Glare|p2a: Eelektross\n|-damage|p2a: Eelektross|169/290\n|\n|-heal|p2a: Eelektross|187/290|[from] item: Leftovers\n|upkeep\n|turn|3\n|\n|t:|1733768434\n|move|p1a: Articuno|Calm Mind|p1a: Articuno\n|-boost|p1a: Articuno|spa|1\n|-boost|p1a: Articuno|spd|1\n|move|p2a: Eelektross|Coil|p2a: Eelektross\n|-boost|p2a: Eelektross|atk|1\n|-boost|p2a: Eelektross|def|1\n|-boost|p2a: Eelektross|accuracy|1\n|\n|-heal|p2a: Eelektross|205/290|[from] item: Leftovers\n|upkeep\n|turn|4\n|\n|t:|1733768442\n|move|p1a: Articuno|Freezing Glare|p2a: Eelektross\n|-damage|p2a: Eelektross|12/290\n|move|p2a: Eelektross|Knock Off|p1a: Articuno\n|-supereffective|p1a: Articuno\n|-damage|p1a: Articuno|44/288\n|-enditem|p1a: Articuno|Heavy-Duty Boots|[from] move: Knock Off|[of] p2a: Eelektross\n|\n|-heal|p2a: Eelektross|30/290|[from] item: Leftovers\n|upkeep\n|turn|5\n|\n|t:|1733768464\n|move|p1a: Articuno|Freezing Glare|p2a: Eelektross\n|-damage|p2a: Eelektross|0 fnt\n|faint|p2a: Eelektross\n|\n|upkeep\n|\n|t:|1733768467\n|switch|p2a: Registeel|Registeel, L81|262/262\n|turn|6\n|\n|t:|1733768473\n|move|p1a: Articuno|Recover|p1a: Articuno\n|-heal|p1a: Articuno|188/288\n|move|p2a: Registeel|Iron Head|p1a: Articuno\n|-damage|p1a: Articuno|121/288\n|\n|upkeep\n|turn|7\n|\n|t:|1733768480\n|switch|p1a: Quagsire|Quagsire, L84, F|297/297\n|move|p2a: Registeel|Iron Defense|p2a: Registeel\n|-boost|p2a: Registeel|def|2\n|\n|upkeep\n|turn|8\n|\n|t:|1733768485\n|move|p2a: Registeel|Body Press|p1a: Quagsire\n|-damage|p1a: Quagsire|226/297\n|move|p1a: Quagsire|Earthquake|p2a: Registeel\n|-supereffective|p2a: Registeel\n|-damage|p2a: Registeel|140/262\n|\n|-heal|p1a: Quagsire|244/297|[from] item: Leftovers\n|upkeep\n|turn|9\n|\n|t:|1733768491\n|switch|p2a: Hydrapple|Hydrapple, L83, M|312/312\n|move|p1a: Quagsire|Earthquake|p2a: Hydrapple\n|-resisted|p2a: Hydrapple\n|-damage|p2a: Hydrapple|274/312\n|\n|-heal|p1a: Quagsire|262/297|[from] item: Leftovers\n|upkeep\n|turn|10\n|\n|t:|1733768504\n|switch|p2a: Camerupt|Camerupt, L91, M|275/275\n|switch|p1a: Flamigo|Flamigo, L82, F|269/269\n|\n|upkeep\n|turn|11\n|\n|t:|1733768509\n|move|p1a: Flamigo|U-turn|p2a: Camerupt\n|-resisted|p2a: Camerupt\n|-damage|p2a: Camerupt|245/275\n|\n|t:|1733768511\n|switch|p1a: Quagsire|Quagsire, L84, F|262/297|[from] U-turn\n|move|p2a: Camerupt|Stealth Rock|p1a: Quagsire\n|-sidestart|p1: A1xer|move: Stealth Rock\n|\n|-heal|p2a: Camerupt|262/275|[from] item: Leftovers\n|-heal|p1a: Quagsire|280/297|[from] item: Leftovers\n|upkeep\n|turn|12\n|\n|t:|1733768521\n|switch|p2a: Chesnaught|Chesnaught, L84, F|285/285\n|move|p1a: Quagsire|Ice Beam|p2a: Chesnaught\n|-supereffective|p2a: Chesnaught\n|-damage|p2a: Chesnaught|187/285\n|\n|-heal|p2a: Chesnaught|204/285|[from] item: Leftovers\n|-heal|p1a: Quagsire|297/297|[from] item: Leftovers\n|upkeep\n|turn|13\n|\n|t:|1733768530\n|switch|p1a: Flamigo|Flamigo, L82, F|269/269\n|-damage|p1a: Flamigo|236/269|[from] Stealth Rock\n|move|p2a: Chesnaught|Trailblaze|p1a: Flamigo\n|-resisted|p1a: Flamigo\n|-damage|p1a: Flamigo|205/269\n|-boost|p2a: Chesnaught|spe|1\n|\n|-heal|p2a: Chesnaught|221/285|[from] item: Leftovers\n|upkeep\n|turn|14\n|\n|t:|1733768539\n|switch|p2a: Registeel|Registeel, L81|140/262\n|move|p1a: Flamigo|Brave Bird|p2a: Registeel\n|-resisted|p2a: Registeel\n|-damage|p2a: Registeel|96/262\n|-damage|p1a: Flamigo|190/269|[from] Recoil\n|\n|upkeep\n|turn|15\n|\n|t:|1733768545\n|switch|p1a: Quagsire|Quagsire, L84, F|297/297\n|-damage|p1a: Quagsire|279/297|[from] Stealth Rock\n|move|p2a: Registeel|Rest|p2a: Registeel\n|-status|p2a: Registeel|slp|[from] move: Rest\n|-heal|p2a: Registeel|262/262 slp|[silent]\n|-enditem|p2a: Registeel|Chesto Berry|[eat]\n|-curestatus|p2a: Registeel|slp|[msg]\n|\n|-heal|p1a: Quagsire|297/297|[from] item: Leftovers\n|upkeep\n|turn|16\n|\n|t:|1733768556\n|switch|p2a: Hydrapple|Hydrapple, L83, M|312/312\n|move|p1a: Quagsire|Spikes|p2a: Hydrapple\n|-sidestart|p2: AppointedKhan|Spikes\n|\n|upkeep\n|turn|17\n|\n|t:|1733768562\n|move|p2a: Hydrapple|Giga Drain|p1a: Quagsire\n|-supereffective|p1a: Quagsire\n|-damage|p1a: Quagsire|0 fnt\n|faint|p1a: Quagsire\n|\n|upkeep\n|-message|A1xer forfeited.\n|\n|win|AppointedKhan\n|raw|A1xer's rating: 1325 &rarr; <strong>1302</strong><br />(-23 for losing)\n|raw|AppointedKhan's rating: 1273 &rarr; <strong>1302</strong><br />(+29 for winning)\n|l|\u2606A1xer\n|player|p1|\n", "inputlog": ">version bfd83cad13791eb5a5a409923076391caf6fb4d4\n>start {\"formatid\":\"gen9randombattle\",\"seed\":[41797,50711,55806,26896],\"rated\":\"Rated battle\"}\n>player p1 {\"name\":\"A1xer\",\"avatar\":\"169\",\"rating\":1325,\"seed\":[63154,16067,30906,52138]}\n>player p2 {\"name\":\"AppointedKhan\",\"avatar\":\"266\",\"rating\":1273,\"seed\":[12408,5414,56329,45713]}\n>p1 switch 4\n>p2 move irondefense\n>p1 move freezingglare\n>p2 switch 2\n>p1 move calmmind\n>p2 move coil\n>p1 move freezingglare\n>p2 move knockoff\n>p1 move freezingglare\n>p2 move knockoff\n>p2 switch 5\n>p1 move recover\n>p2 move ironhead\n>p1 switch 3\n>p2 move irondefense\n>p1 move earthquake\n>p2 move bodypress\n>p1 move earthquake\n>p2 switch 3\n>p1 switch 6\n>p2 switch 4\n>p1 move uturn\n>p2 move stealthrock\n>p1 switch 6\n>p1 move icebeam\n>p2 switch 2\n>p1 switch 6\n>p2 move trailblaze\n>p1 move bravebird\n>p2 switch 3\n>p1 switch 6\n>p2 move rest\n>p1 move spikes\n>p2 switch 4\n>p1 move icebeam\n>p2 move gigadrain\n>forcelose p1", "uploadtime": 1733768581, "views": 11, "formatid": "gen9randombattle", "rating": 1302, "private": 0, "password": null}