{"id": "gen9randombattle-2260529888", "format": "[Gen 9] Random Battle", "players": ["ikwilkaas12346", "I<3GirlsW/Glasses"], "log": "|j|\u2606ikwilkaas12346\n|j|\u2606I<3GirlsW/Glasses\n|t:|1733860505\n|gametype|singles\n|player|p1|ikwilkaas12346|hiker-gen4|1325\n|player|p2|I<3GirlsW/Glasses|101|1323\n|teamsize|p1|6\n|teamsize|p2|6\n|gen|9\n|tier|[Gen 9] Random Battle\n|rated|\n|rule|Species Clause: Limit one of each Pok\u00e9mon\n|rule|HP Percentage Mod: HP is shown in percentages\n|rule|Sleep Clause Mod: Limit one foe put to sleep\n|rule|Illusion Level Mod: Illusion disguises the Pok\u00e9mon's true level\n|\n|t:|1733860505\n|start\n|switch|p1a: Gyarados|Gyarados, L79, M|280/280\n|switch|p2a: Zapdos|Zapdos, L78|268/268\n|-ability|p1a: Gyarados|Intimidate|boost\n|-unboost|p2a: Zapdos|atk|1\n|turn|1\n|\n|t:|1733860523\n|switch|p1a: Volbeat|Volbeat, L90, M|263/263\n|move|p2a: Zapdos|U-turn|p1a: Volbeat\n|-damage|p1a: Volbeat|234/263\n|inactive|Battle timer is ON: inactive players will automatically lose when time's up. (requested by ikwilkaas12346)\n|\n|t:|1733860539\n|switch|p2a: Infernape|Infernape, L82, M|259/259|[from] U-turn\n|\n|upkeep\n|turn|2\n|\n|t:|1733860551\n|switch|p2a: Zapdos|Zapdos, L78|268/268\n|move|p1a: Volbeat|Thunder Wave|p2a: Zapdos\n|-immune|p2a: Zapdos\n|\n|upkeep\n|turn|3\n|\n|t:|1733860561\n|move|p1a: Volbeat|Roost|p1a: Volbeat\n|-heal|p1a: Volbeat|263/263\n|-singleturn|p1a: Volbeat|move: Roost\n|move|p2a: Zapdos|Hurricane|p1a: Volbeat|[miss]\n|-miss|p2a: Zapdos|p1a: Volbeat\n|\n|upkeep\n|turn|4\n|\n|t:|1733860567\n|move|p1a: Volbeat|Encore|p2a: Zapdos\n|-start|p2a: Zapdos|Encore\n|move|p2a: Zapdos|Hurricane|p1a: Volbeat|[miss]\n|-miss|p2a: Zapdos|p1a: Volbeat\n|\n|upkeep\n|turn|5\n|\n|t:|1733860574\n|switch|p1a: Tyranitar|Tyranitar, L79, M|288/288\n|-weather|Sandstorm|[from] ability: Sand Stream|[of] p1a: Tyranitar\n|switch|p2a: Infernape|Infernape, L82, M|259/259\n|\n|-weather|Sandstorm|[upkeep]\n|-damage|p2a: Infernape|243/259|[from] Sandstorm\n|upkeep\n|turn|6\n|\n|t:|1733860585\n|move|p2a: Infernape|Close Combat|p1a: Tyranitar\n|-supereffective|p1a: Tyranitar\n|-damage|p1a: Tyranitar|0 fnt\n|-unboost|p2a: Infernape|def|1\n|-unboost|p2a: Infernape|spd|1\n|faint|p1a: Tyranitar\n|-damage|p2a: Infernape|218/259|[from] item: Life Orb\n|\n|-weather|Sandstorm|[upkeep]\n|-damage|p2a: Infernape|202/259|[from] Sandstorm\n|upkeep\n|\n|t:|1733860590\n|switch|p1a: Alomomola|Alomomola, L87, M|429/429\n|turn|7\n|\n|t:|1733860602\n|move|p2a: Infernape|Grass Knot|p1a: Alomomola\n|-supereffective|p1a: Alomomola\n|-damage|p1a: Alomomola|260/429\n|-damage|p2a: Infernape|177/259|[from] item: Life Orb\n|move|p1a: Alomomola|Scald|p2a: Infernape\n|-supereffective|p2a: Infernape\n|-damage|p2a: Infernape|0 fnt\n|faint|p2a: Infernape\n|\n|-weather|Sandstorm|[upkeep]\n|-damage|p1a: Alomomola|234/429|[from] Sandstorm\n|upkeep\n|\n|t:|1733860610\n|switch|p2a: Zapdos|Zapdos, L78|268/268\n|turn|8\n|\n|t:|1733860620\n|-terastallize|p1a: Alomomola|Steel\n|move|p2a: Zapdos|Thunderbolt|p1a: Alomomola\n|-damage|p1a: Alomomola|74/429\n|-status|p1a: Alomomola|par\n|move|p1a: Alomomola|Scald|p2a: Zapdos\n|-damage|p2a: Zapdos|219/268\n|\n|-weather|Sandstorm|[upkeep]\n|-damage|p2a: Zapdos|203/268|[from] Sandstorm\n|upkeep\n|turn|9\n|\n|t:|1733860628\n|move|p2a: Zapdos|Thunderbolt|p1a: Alomomola\n|-damage|p1a: Alomomola|0 fnt\n|faint|p1a: Alomomola\n|\n|-weather|none\n|upkeep\n|\n|t:|1733860635\n|switch|p1a: Slither Wing|Slither Wing, L81|270/270\n|turn|10\n|\n|t:|1733860638\n|move|p1a: Slither Wing|First Impression|p2a: Zapdos\n|-resisted|p2a: Zapdos\n|-damage|p2a: Zapdos|113/268\n|-status|p1a: Slither Wing|par|[from] ability: Static|[of] p2a: Zapdos\n|-damage|p1a: Slither Wing|243/270 par|[from] item: Life Orb\n|move|p2a: Zapdos|Hurricane|p1a: Slither Wing\n|-supereffective|p1a: Slither Wing\n|-damage|p1a: Slither Wing|0 fnt\n|faint|p1a: Slither Wing\n|-end|p1a: Slither Wing|Protosynthesis|[silent]\n|\n|upkeep\n|\n|t:|1733860645\n|switch|p1a: Volbeat|Volbeat, L90, M|263/263\n|turn|11\n|\n|t:|1733860654\n|move|p1a: Volbeat|U-turn|p2a: Zapdos\n|-resisted|p2a: Zapdos\n|-damage|p2a: Zapdos|73/268\n|-status|p1a: Volbeat|par|[from] ability: Static|[of] p2a: Zapdos\n|\n|t:|1733860659\n|switch|p1a: Falinks|Falinks, L84|246/246|[from] U-turn\n|move|p2a: Zapdos|Hurricane|p1a: Falinks\n|-supereffective|p1a: Falinks\n|-damage|p1a: Falinks|0 fnt\n|faint|p1a: Falinks\n|\n|upkeep\n|\n|t:|1733860661\n|switch|p1a: Gyarados|Gyarados, L79, M|280/280\n|-ability|p1a: Gyarados|Intimidate|boost\n|-unboost|p2a: Zapdos|atk|1\n|turn|12\n|\n|t:|1733860669\n|move|p2a: Zapdos|Thunderbolt|p1a: Gyarados\n|-supereffective|p1a: Gyarados\n|-damage|p1a: Gyarados|0 fnt\n|faint|p1a: Gyarados\n|\n|upkeep\n|\n|t:|1733860672\n|switch|p1a: Volbeat|Volbeat, L90, M|263/263 par\n|turn|13\n|\n|t:|1733860674\n|move|p2a: Zapdos|Hurricane|p1a: Volbeat\n|-supereffective|p1a: Volbeat\n|-damage|p1a: Volbeat|21/263 par\n|-start|p1a: Volbeat|confusion\n|-activate|p1a: Volbeat|confusion\n|cant|p1a: Volbeat|par\n|\n|upkeep\n|turn|14\n|\n|t:|1733860676\n|move|p2a: Zapdos|Thunderbolt|p1a: Volbeat\n|-damage|p1a: Volbeat|0 fnt\n|faint|p1a: Volbeat\n|\n|win|I<3GirlsW/Glasses\n|raw|ikwilkaas12346's rating: 1325 &rarr; <strong>1305</strong><br />(-20 for losing)\n|raw|I&lt;3GirlsW&#x2f;Glasses's rating: 1323 &rarr; <strong>1343</strong><br />(+20 for winning)\n|c|\u2606I<3GirlsW/Glasses|gg\n", "inputlog": ">version bfd83cad13791eb5a5a409923076391caf6fb4d4\n>start {\"formatid\":\"gen9randombattle\",\"seed\":[34485,35473,16527,19246],\"rated\":\"Rated battle\"}\n>player p1 {\"name\":\"ikwilkaas12346\",\"avatar\":\"hiker-gen4\",\"rating\":1325,\"seed\":[46809,16091,32034,4103]}\n>player p2 {\"name\":\"I<3GirlsW/Glasses\",\"avatar\":\"101\",\"rating\":1323,\"seed\":[23377,45579,38970,46183]}\n>p1 switch 4\n>p2 move uturn\n>p2 switch 3\n>p1 move thunderwave\n>p2 switch 3\n>p1 move roost\n>p2 move hurricane\n>p1 move encore\n>p2 move thunderbolt\n>p1 switch 5\n>p2 switch 3\n>p1 move dragontail\n>p2 move closecombat\n>p1 switch 6\n>p1 move scald\n>p2 move grassknot\n>p2 switch 3\n>p1 move scald terastallize\n>p2 move thunderbolt\n>p1 move wish\n>p2 move thunderbolt\n>p1 switch 2\n>p1 move firstimpression\n>p2 move hurricane\n>p1 switch 5\n>p1 move uturn\n>p2 move hurricane\n>p1 switch 3\n>p1 switch 4\n>p1 move waterfall\n>p2 move thunderbolt\n>p1 switch 3\n>p1 move uturn\n>p2 move hurricane\n>p1 move uturn\n>p2 move thunderbolt", "uploadtime": 1733860681, "views": 1, "formatid": "gen9randombattle", "rating": 1305, "private": 0, "password": null}