{"id": "gen9randombattle-2259809606", "format": "[Gen 9] Random Battle", "players": ["steelixprismgx", "psully31"], "log": "|j|\u2606steelixprismgx\n|j|\u2606psully31\n|t:|1733768881\n|gametype|singles\n|player|p1|steelixprismgx|colress|1768\n|player|p2|psully31|101|1762\n|teamsize|p1|6\n|teamsize|p2|6\n|gen|9\n|tier|[Gen 9] Random Battle\n|rated|\n|rule|Species Clause: Limit one of each Pok\u00e9mon\n|rule|HP Percentage Mod: HP is shown in percentages\n|rule|Sleep Clause Mod: Limit one foe put to sleep\n|rule|Illusion Level Mod: Illusion disguises the Pok\u00e9mon's true level\n|\n|t:|1733768881\n|start\n|switch|p1a: Frosmoth|Frosmoth, L82, M|249/249\n|switch|p2a: Bombirdier|Bombirdier, L85, F|258/258\n|turn|1\n|inactive|Battle timer is ON: inactive players will automatically lose when time's up. (requested by psully31)\n|\n|t:|1733768896\n|switch|p1a: Empoleon|Empoleon, L84, F|278/278\n|move|p2a: Bombirdier|Brave Bird|p1a: Empoleon\n|-resisted|p1a: Empoleon\n|-damage|p1a: Empoleon|206/278\n|-damage|p2a: Bombirdier|234/258|[from] Recoil\n|\n|-heal|p1a: Empoleon|223/278|[from] item: Leftovers\n|upkeep\n|turn|2\n|\n|t:|1733768922\n|move|p2a: Bombirdier|Knock Off|p1a: Empoleon\n|-damage|p1a: Empoleon|105/278\n|-enditem|p1a: Empoleon|Leftovers|[from] move: Knock Off|[of] p2a: Bombirdier\n|move|p1a: Empoleon|Flip Turn|p2a: Bombirdier\n|-crit|p2a: Bombirdier\n|-damage|p2a: Bombirdier|143/258\n|\n|t:|1733768936\n|switch|p1a: Golduck|Golduck, L90, M|290/290|[from] Flip Turn\n|-ability|p1a: Golduck|Cloud Nine\n|\n|upkeep\n|turn|3\n|inactive|psully31 has 120 seconds left.\n|\n|t:|1733768965\n|move|p1a: Golduck|Ice Beam|p2a: Bombirdier\n|-supereffective|p2a: Bombirdier\n|-damage|p2a: Bombirdier|0 fnt\n|faint|p2a: Bombirdier\n|\n|upkeep\n|\n|t:|1733768982\n|switch|p2a: Morpeko|Morpeko, L88, M|245/245\n|turn|4\n|\n|t:|1733768991\n|switch|p1a: Toedscruel|Toedscruel, L87, F|281/281\n|move|p2a: Morpeko|Aura Wheel|p1a: Toedscruel\n|-immune|p1a: Toedscruel\n|\n|-formechange|p2a: Morpeko|Morpeko-Hangry||[from] ability: Hunger Switch\n|upkeep\n|turn|5\n|inactive|psully31 has 120 seconds left.\n|\n|t:|1733769008\n|switch|p2a: Swanna|Swanna, L88, M|275/275\n|move|p1a: Toedscruel|Earth Power|p2a: Swanna\n|-immune|p2a: Swanna\n|\n|upkeep\n|turn|6\n|\n|t:|1733769020\n|switch|p1a: Empoleon|Empoleon, L84, F|105/278\n|move|p2a: Swanna|Brave Bird|p1a: Empoleon\n|-resisted|p1a: Empoleon\n|-damage|p1a: Empoleon|44/278\n|-damage|p2a: Swanna|255/275|[from] Recoil\n|\n|upkeep\n|turn|7\n|\n|t:|1733769029\n|move|p2a: Swanna|Brave Bird|p1a: Empoleon\n|-resisted|p1a: Empoleon\n|-damage|p1a: Empoleon|0 fnt\n|faint|p1a: Empoleon\n|-damage|p2a: Swanna|240/275|[from] Recoil\n|\n|upkeep\n|\n|t:|1733769038\n|switch|p1a: Frosmoth|Frosmoth, L82, M|238/238\n|turn|8\n|\n|t:|1733769046\n|move|p1a: Frosmoth|Dark Pulse|p2a: Swanna\n|-damage|p2a: Swanna|72/275\n|-damage|p1a: Frosmoth|215/238|[from] item: Life Orb\n|move|p2a: Swanna|Brave Bird|p1a: Frosmoth\n|-damage|p1a: Frosmoth|44/238\n|replace|p1a: Zoroark|Zoroark, L84, M\n|-end|p1a: Zoroark|Illusion\n|-hint|Illusion Level Mod is active, so this Pok\u00e9mon's true level was hidden.\n|-damage|p2a: Swanna|16/275|[from] Recoil\n|\n|upkeep\n|turn|9\n|inactive|psully31 has 120 seconds left.\n|\n|t:|1733769068\n|switch|p2a: Toxicroak|Toxicroak, L84, M|277/277\n|move|p1a: Zoroark|Dark Pulse|p2a: Toxicroak\n|-resisted|p2a: Toxicroak\n|-damage|p2a: Toxicroak|202/277\n|-damage|p1a: Zoroark|21/238|[from] item: Life Orb\n|\n|upkeep\n|turn|10\n|inactive|psully31 has 120 seconds left.\n|\n|t:|1733769078\n|move|p1a: Zoroark|Psychic|p2a: Toxicroak\n|-supereffective|p2a: Toxicroak\n|-damage|p2a: Toxicroak|0 fnt\n|faint|p2a: Toxicroak\n|-damage|p1a: Zoroark|0 fnt|[from] item: Life Orb\n|faint|p1a: Zoroark\n|\n|upkeep\n|inactive|psully31 has 120 seconds left.\n|\n|t:|1733769097\n|switch|p1a: Golduck|Golduck, L90, M|290/290\n|switch|p2a: Kingdra|Kingdra, L84, F|263/263\n|-ability|p1a: Golduck|Cloud Nine\n|turn|11\n|inactive|psully31 has 120 seconds left.\n|\n|t:|1733769106\n|move|p1a: Golduck|Grass Knot|p2a: Kingdra\n|-damage|p2a: Kingdra|153/263\n|move|p2a: Kingdra|Rain Dance|p2a: Kingdra\n|-weather|RainDance\n|\n|-weather|RainDance|[upkeep]\n|upkeep\n|turn|12\n|\n|t:|1733769116\n|move|p1a: Golduck|Grass Knot|p2a: Kingdra\n|-damage|p2a: Kingdra|34/263\n|move|p2a: Kingdra|Hurricane|p1a: Golduck|[miss]\n|-miss|p2a: Kingdra|p1a: Golduck\n|\n|-weather|RainDance|[upkeep]\n|upkeep\n|turn|13\n|c|\u2606psully31|Right\n|inactive|psully31 has 120 seconds left.\n|c|\u2606psully31|Cloud\n|\n|t:|1733769146\n|switch|p2a: Morpeko|Morpeko, L88, M|245/245\n|move|p1a: Golduck|Grass Knot|p2a: Morpeko\n|-damage|p2a: Morpeko|213/245\n|\n|-weather|RainDance|[upkeep]\n|-heal|p2a: Morpeko|228/245|[from] item: Leftovers\n|-formechange|p2a: Morpeko|Morpeko-Hangry||[from] ability: Hunger Switch\n|upkeep\n|turn|14\n|\n|t:|1733769154\n|switch|p1a: Toedscruel|Toedscruel, L87, F|281/281\n|move|p2a: Morpeko|Knock Off|p1a: Toedscruel\n|-damage|p1a: Toedscruel|142/281\n|-enditem|p1a: Toedscruel|Assault Vest|[from] move: Knock Off|[of] p2a: Morpeko\n|\n|-weather|RainDance|[upkeep]\n|-heal|p2a: Morpeko|243/245|[from] item: Leftovers\n|-formechange|p2a: Morpeko|Morpeko||[from] ability: Hunger Switch\n|upkeep\n|turn|15\n|inactive|psully31 has 120 seconds left.\n|inactive|steelixprismgx has 120 seconds left.\n|\n|t:|1733769190\n|switch|p2a: Swanna|Swanna, L88, M|16/275\n|move|p1a: Toedscruel|Earth Power|p2a: Swanna\n|-immune|p2a: Swanna\n|\n|-weather|none\n|upkeep\n|turn|16\n|inactive|steelixprismgx has 120 seconds left.\n|inactive|psully31 has 120 seconds left.\n|\n|t:|1733769200\n|move|p1a: Toedscruel|Rapid Spin|p2a: Swanna\n|-damage|p2a: Swanna|0 fnt\n|-boost|p1a: Toedscruel|spe|1\n|faint|p2a: Swanna\n|\n|upkeep\n|\n|t:|1733769212\n|switch|p2a: Spectrier|Spectrier, L75|274/274\n|turn|17\n|\n|t:|1733769220\n|move|p1a: Toedscruel|Knock Off|p2a: Spectrier\n|-supereffective|p2a: Spectrier\n|-damage|p2a: Spectrier|116/274\n|-enditem|p2a: Spectrier|Leftovers|[from] move: Knock Off|[of] p1a: Toedscruel\n|move|p2a: Spectrier|Shadow Ball|p1a: Toedscruel\n|-damage|p1a: Toedscruel|73/281\n|-unboost|p1a: Toedscruel|spd|1\n|\n|upkeep\n|turn|18\n|inactive|psully31 has 120 seconds left.\n|\n|t:|1733769231\n|-terastallize|p2a: Spectrier|Fairy\n|move|p1a: Toedscruel|Leaf Storm|p2a: Spectrier|[miss]\n|-miss|p1a: Toedscruel|p2a: Spectrier\n|move|p2a: Spectrier|Shadow Ball|p1a: Toedscruel\n|-damage|p1a: Toedscruel|0 fnt\n|faint|p1a: Toedscruel\n|-ability|p2a: Spectrier|Grim Neigh|boost\n|-boost|p2a: Spectrier|spa|1\n|\n|upkeep\n|c|\u2606steelixprismgx|damn you!!!\n|\n|t:|1733769240\n|switch|p1a: Golduck|Golduck, L90, M|290/290\n|-ability|p1a: Golduck|Cloud Nine\n|turn|19\n|inactive|psully31 has 120 seconds left.\n|\n|t:|1733769251\n|move|p2a: Spectrier|Draining Kiss|p1a: Golduck\n|-damage|p1a: Golduck|191/290\n|-heal|p2a: Spectrier|190/274|[from] drain|[of] p1a: Golduck\n|move|p1a: Golduck|Ice Beam|p2a: Spectrier\n|-damage|p2a: Spectrier|56/274\n|\n|upkeep\n|turn|20\n|inactive|psully31 has 120 seconds left.\n|\n|t:|1733769262\n|move|p2a: Spectrier|Draining Kiss|p1a: Golduck\n|-damage|p1a: Golduck|86/290\n|-heal|p2a: Spectrier|135/274|[from] drain|[of] p1a: Golduck\n|move|p1a: Golduck|Ice Beam|p2a: Spectrier\n|-damage|p2a: Spectrier|9/274\n|\n|upkeep\n|turn|21\n|\n|t:|1733769272\n|move|p2a: Spectrier|Draining Kiss|p1a: Golduck\n|-damage|p1a: Golduck|0 fnt\n|-heal|p2a: Spectrier|74/274|[from] drain|[of] p1a: Golduck\n|faint|p1a: Golduck\n|-ability|p2a: Spectrier|Grim Neigh|boost\n|-boost|p2a: Spectrier|spa|1\n|\n|upkeep\n|\n|t:|1733769274\n|switch|p1a: Frosmoth|Frosmoth, L82, M|249/249\n|turn|22\n|\n|t:|1733769285\n|move|p2a: Spectrier|Shadow Ball|p1a: Frosmoth\n|-damage|p1a: Frosmoth|155/249\n|-unboost|p1a: Frosmoth|spd|1\n|move|p1a: Frosmoth|Quiver Dance|p1a: Frosmoth\n|-boost|p1a: Frosmoth|spa|1\n|-boost|p1a: Frosmoth|spd|1\n|-boost|p1a: Frosmoth|spe|1\n|\n|upkeep\n|turn|23\n|\n|t:|1733769296\n|move|p2a: Spectrier|Draining Kiss|p1a: Frosmoth\n|-crit|p1a: Frosmoth\n|-damage|p1a: Frosmoth|46/249\n|-heal|p2a: Spectrier|156/274|[from] drain|[of] p1a: Frosmoth\n|move|p1a: Frosmoth|Quiver Dance|p1a: Frosmoth\n|-boost|p1a: Frosmoth|spa|1\n|-boost|p1a: Frosmoth|spd|1\n|-boost|p1a: Frosmoth|spe|1\n|\n|upkeep\n|turn|24\n|\n|t:|1733769306\n|move|p1a: Frosmoth|Ice Beam|p2a: Spectrier\n|-damage|p2a: Spectrier|0 fnt\n|faint|p2a: Spectrier\n|\n|upkeep\n|\n|t:|1733769314\n|switch|p2a: Morpeko|Morpeko, L88, M|243/245\n|turn|25\n|\n|t:|1733769321\n|-terastallize|p1a: Frosmoth|Ground\n|move|p1a: Frosmoth|Tera Blast|p2a: Morpeko|[anim] Tera Blast Ground\n|-supereffective|p2a: Morpeko\n|-damage|p2a: Morpeko|0 fnt\n|faint|p2a: Morpeko\n|\n|upkeep\n|-message|psully31 forfeited.\n|\n|win|steelixprismgx\n|raw|steelixprismgx's rating: 1768 &rarr; <strong>1788</strong><br />(+20 for winning)\n|raw|psully31's rating: 1762 &rarr; <strong>1742</strong><br />(-20 for losing)\n|l|\u2606psully31\n|player|p2|\n", "inputlog": ">version bfd83cad13791eb5a5a409923076391caf6fb4d4\n>start {\"formatid\":\"gen9randombattle\",\"seed\":[54986,16157,49379,34036],\"rated\":\"Rated battle\"}\n>player p1 {\"name\":\"steelixprismgx\",\"avatar\":\"colress\",\"rating\":1768,\"seed\":[30543,51686,47569,59075]}\n>player p2 {\"name\":\"psully31\",\"avatar\":\"101\",\"rating\":1762,\"seed\":[46957,20165,3151,57965]}\n>p1 switch 6\n>p2 move bravebird\n>p1 move flipturn\n>p2 move knockoff\n>p1 switch 3\n>p1 move icebeam\n>p2 move roost\n>p2 switch 5\n>p1 switch 5\n>p2 move aurawheel\n>p1 move earthpower\n>p2 switch 2\n>p1 switch 3\n>p2 move bravebird\n>p1 move roost\n>p2 move bravebird\n>p1 switch 4\n>p1 move darkpulse\n>p2 move bravebird\n>p1 move darkpulse\n>p2 switch 4\n>p1 move psychic\n>p2 move knockoff\n>p1 switch 5\n>p2 switch 3\n>p1 move grassknot\n>p2 move raindance\n>p1 move grassknot\n>p2 move hurricane\n>chat \u2606psully31|Right\n>chat \u2606psully31|Cloud\n>p1 move grassknot\n>p2 switch 2\n>p1 switch 3\n>p2 move knockoff\n>p1 move earthpower\n>p2 switch 4\n>p1 move rapidspin\n>p2 move roost\n>p2 switch 6\n>p1 move knockoff\n>p2 move shadowball\n>p1 move leafstorm\n>p2 move shadowball terastallize\n>chat \u2606steelixprismgx|damn you!!!\n>p1 switch 3\n>p1 move icebeam\n>p2 move drainingkiss\n>p1 move icebeam\n>p2 move drainingkiss\n>p1 move icebeam\n>p2 move drainingkiss\n>p1 switch 6\n>p1 move quiverdance\n>p2 move shadowball\n>p1 move quiverdance\n>p2 move drainingkiss\n>p1 move icebeam\n>p2 move drainingkiss\n>p2 switch 4\n>p1 move terablast terastallize\n>p2 move aurawheel\n>forcelose p2", "uploadtime": 1733769331, "views": 3, "formatid": "gen9randombattle", "rating": 1742, "private": 0, "password": null}