{"id": "gen9randombattle-2260032663", "format": "[Gen 9] Random Battle", "players": ["Chewy1312", "ShadySableye77"], "log": "|j|\u2606Chewy1312\n|j|\u2606ShadySableye77\n|t:|1733793540\n|gametype|singles\n|player|p1|Chewy1312|102|1346\n|player|p2|ShadySableye77|hilbert|1378\n|teamsize|p1|6\n|teamsize|p2|6\n|gen|9\n|tier|[Gen 9] Random Battle\n|rated|\n|rule|Species Clause: Limit one of each Pok\u00e9mon\n|rule|HP Percentage Mod: HP is shown in percentages\n|rule|Sleep Clause Mod: Limit one foe put to sleep\n|rule|Illusion Level Mod: Illusion disguises the Pok\u00e9mon's true level\n|\n|t:|1733793540\n|start\n|switch|p1a: Minior|Minior-Yellow, L79|224/224\n|switch|p2a: Iron Treads|Iron Treads, L77|265/265\n|-formechange|p1a: Minior|Minior-Meteor||[from] ability: Shields Down\n|turn|1\n|\n|t:|1733793562\n|switch|p1a: Poliwrath|Poliwrath, L88, F|302/302\n|move|p2a: Iron Treads|Iron Head|p1a: Poliwrath\n|-resisted|p1a: Poliwrath\n|-damage|p1a: Poliwrath|269/302\n|\n|-heal|p1a: Poliwrath|287/302|[from] item: Leftovers\n|upkeep\n|turn|2\n|inactive|Battle timer is ON: inactive players will automatically lose when time's up. (requested by Chewy1312)\n|\n|t:|1733793569\n|move|p2a: Iron Treads|Volt Switch|p1a: Poliwrath\n|-supereffective|p1a: Poliwrath\n|-damage|p1a: Poliwrath|219/302\n|\n|t:|1733793579\n|-end|p2a: Iron Treads|Quark Drive|[silent]\n|switch|p2a: Bruxish|Bruxish, L85, M|254/254|[from] Volt Switch\n|move|p1a: Poliwrath|Bulk Up|p1a: Poliwrath\n|-boost|p1a: Poliwrath|atk|1\n|-boost|p1a: Poliwrath|def|1\n|\n|-heal|p1a: Poliwrath|237/302|[from] item: Leftovers\n|upkeep\n|turn|3\n|inactive|Chewy1312 has 120 seconds left.\n|\n|t:|1733793615\n|move|p2a: Bruxish|Psychic Fangs|p1a: Poliwrath\n|-supereffective|p1a: Poliwrath\n|-damage|p1a: Poliwrath|63/302\n|move|p1a: Poliwrath|Liquidation|p2a: Bruxish\n|-resisted|p2a: Bruxish\n|-damage|p2a: Bruxish|169/254\n|\n|-heal|p1a: Poliwrath|81/302|[from] item: Leftovers\n|upkeep\n|turn|4\n|inactive|Chewy1312 has 120 seconds left.\n|\n|t:|1733793631\n|move|p2a: Bruxish|Psychic Fangs|p1a: Poliwrath\n|-supereffective|p1a: Poliwrath\n|-damage|p1a: Poliwrath|0 fnt\n|faint|p1a: Poliwrath\n|\n|upkeep\n|\n|t:|1733793647\n|switch|p1a: Pikachu|Pikachu-World, L93, M|216/216\n|turn|5\n|\n|t:|1733793651\n|switch|p2a: Iron Treads|Iron Treads, L77|265/265\n|move|p1a: Pikachu|Fake Out|p2a: Iron Treads\n|-resisted|p2a: Iron Treads\n|-damage|p2a: Iron Treads|244/265\n|\n|upkeep\n|turn|6\n|\n|t:|1733793658\n|move|p1a: Pikachu|Surf|p2a: Iron Treads\n|-supereffective|p2a: Iron Treads\n|-damage|p2a: Iron Treads|66/265\n|move|p2a: Iron Treads|Earthquake|p1a: Pikachu\n|-supereffective|p1a: Pikachu\n|-crit|p1a: Pikachu\n|-damage|p1a: Pikachu|0 fnt\n|faint|p1a: Pikachu\n|\n|upkeep\n|inactive|Chewy1312 has 120 seconds left.\n|\n|t:|1733793667\n|switch|p1a: Minior|Minior-Yellow, L79|224/224\n|-formechange|p1a: Minior|Minior-Meteor||[from] ability: Shields Down\n|turn|7\n|\n|t:|1733793671\n|move|p2a: Iron Treads|Iron Head|p1a: Minior\n|-supereffective|p1a: Minior\n|-damage|p1a: Minior|62/224\n|move|p1a: Minior|Earthquake|p2a: Iron Treads\n|-supereffective|p2a: Iron Treads\n|-damage|p2a: Iron Treads|0 fnt\n|faint|p2a: Iron Treads\n|-end|p2a: Iron Treads|Quark Drive|[silent]\n|\n|-formechange|p1a: Minior|Minior-Yellow||[from] ability: Shields Down\n|upkeep\n|\n|t:|1733793679\n|switch|p2a: Bruxish|Bruxish, L85, M|169/254\n|turn|8\n|inactive|Chewy1312 has 120 seconds left.\n|\n|t:|1733793717\n|switch|p1a: Leavanny|Leavanny, L86, M|269/269\n|move|p2a: Bruxish|Wave Crash|p1a: Leavanny\n|-resisted|p1a: Leavanny\n|-crit|p1a: Leavanny\n|-damage|p1a: Leavanny|166/269\n|-damage|p2a: Bruxish|135/254|[from] Recoil\n|\n|upkeep\n|turn|9\n|\n|t:|1733793729\n|switch|p2a: Noctowl|Noctowl, L95, M|344/344\n|move|p1a: Leavanny|Knock Off|p2a: Noctowl\n|-damage|p2a: Noctowl|242/344\n|-enditem|p2a: Noctowl|Heavy-Duty Boots|[from] move: Knock Off|[of] p1a: Leavanny\n|\n|upkeep\n|turn|10\n|inactive|Chewy1312 has 120 seconds left.\n|\n|t:|1733793739\n|move|p1a: Leavanny|Sticky Web|p2a: Noctowl\n|-sidestart|p2: ShadySableye77|move: Sticky Web\n|move|p2a: Noctowl|Hurricane|p1a: Leavanny\n|-supereffective|p1a: Leavanny\n|-crit|p1a: Leavanny\n|-damage|p1a: Leavanny|0 fnt\n|faint|p1a: Leavanny\n|\n|upkeep\n|inactive|Chewy1312 has 120 seconds left.\n|\n|t:|1733793749\n|switch|p1a: Minior|Minior-Yellow, L79|62/224\n|turn|11\n|\n|t:|1733793756\n|-terastallize|p2a: Noctowl|Ground\n|move|p1a: Minior|Shell Smash|p1a: Minior\n|-unboost|p1a: Minior|def|1\n|-unboost|p1a: Minior|spd|1\n|-boost|p1a: Minior|atk|2\n|-boost|p1a: Minior|spa|2\n|-boost|p1a: Minior|spe|2\n|-enditem|p1a: Minior|White Herb\n|-clearnegativeboost|p1a: Minior|[silent]\n|move|p2a: Noctowl|Hyper Voice|p1a: Minior\n|-resisted|p1a: Minior\n|-damage|p1a: Minior|0 fnt\n|faint|p1a: Minior\n|\n|upkeep\n|inactive|Chewy1312 has 120 seconds left.\n|\n|t:|1733793770\n|switch|p1a: Landorus|Landorus-Therian, L76, M|260/260\n|-ability|p1a: Landorus|Intimidate|boost\n|-unboost|p2a: Noctowl|atk|1\n|turn|12\n|\n|t:|1733793780\n|move|p2a: Noctowl|Hurricane|p1a: Landorus\n|-damage|p1a: Landorus|88/260\n|-start|p1a: Landorus|confusion\n|-activate|p1a: Landorus|confusion\n|move|p1a: Landorus|Earthquake|p2a: Noctowl\n|-damage|p2a: Noctowl|89/344\n|\n|-heal|p1a: Landorus|104/260|[from] item: Leftovers\n|upkeep\n|turn|13\n|\n|t:|1733793788\n|move|p2a: Noctowl|Roost|p2a: Noctowl\n|-heal|p2a: Noctowl|261/344\n|-end|p1a: Landorus|confusion\n|move|p1a: Landorus|Stealth Rock|p2a: Noctowl\n|-sidestart|p2: ShadySableye77|move: Stealth Rock\n|\n|-heal|p1a: Landorus|120/260|[from] item: Leftovers\n|upkeep\n|turn|14\n|\n|t:|1733793795\n|move|p2a: Noctowl|Hurricane|p1a: Landorus\n|-damage|p1a: Landorus|0 fnt\n|faint|p1a: Landorus\n|\n|upkeep\n|\n|t:|1733793797\n|switch|p1a: Arbok|Arbok, L87, F|246/246\n|-ability|p1a: Arbok|Intimidate|boost\n|-unboost|p2a: Noctowl|atk|1\n|turn|15\n|\n|t:|1733793805\n|move|p1a: Arbok|Trailblaze|p2a: Noctowl\n|-supereffective|p2a: Noctowl\n|-damage|p2a: Noctowl|163/344\n|-boost|p1a: Arbok|spe|1\n|move|p2a: Noctowl|Hurricane|p1a: Arbok\n|-crit|p1a: Arbok\n|-damage|p1a: Arbok|48/246\n|-start|p1a: Arbok|confusion\n|\n|-heal|p1a: Arbok|63/246|[from] item: Leftovers\n|upkeep\n|turn|16\n|\n|t:|1733793817\n|-activate|p1a: Arbok|confusion\n|-damage|p1a: Arbok|31/246|[from] confusion\n|move|p2a: Noctowl|Roost|p2a: Noctowl\n|-heal|p2a: Noctowl|335/344\n|\n|-heal|p1a: Arbok|46/246|[from] item: Leftovers\n|upkeep\n|turn|17\n|\n|t:|1733793827\n|-activate|p1a: Arbok|confusion\n|move|p1a: Arbok|Coil|p1a: Arbok\n|-boost|p1a: Arbok|atk|1\n|-boost|p1a: Arbok|def|1\n|-boost|p1a: Arbok|accuracy|1\n|move|p2a: Noctowl|Hyper Voice|p1a: Arbok\n|-damage|p1a: Arbok|0 fnt\n|faint|p1a: Arbok\n|\n|win|ShadySableye77\n|raw|Chewy1312's rating: 1346 &rarr; <strong>1328</strong><br />(-18 for losing)\n|raw|ShadySableye77's rating: 1378 &rarr; <strong>1396</strong><br />(+18 for winning)\n", "inputlog": ">version bfd83cad13791eb5a5a409923076391caf6fb4d4\n>start {\"formatid\":\"gen9randombattle\",\"seed\":[23307,14952,37785,7984],\"rated\":\"Rated battle\"}\n>player p1 {\"name\":\"Chewy1312\",\"avatar\":\"102\",\"rating\":1346,\"seed\":[26997,57497,13877,9589]}\n>player p2 {\"name\":\"ShadySableye77\",\"avatar\":\"hilbert\",\"rating\":1378,\"seed\":[27869,43889,53617,43338]}\n>p1 switch 6\n>p2 move ironhead\n>p1 move bulkup\n>p2 move voltswitch\n>p2 switch 6\n>p1 move liquidation\n>p2 move psychicfangs\n>p1 move drainpunch\n>p2 move psychicfangs\n>p1 switch 2\n>p1 move fakeout\n>p2 switch 6\n>p1 move surf\n>p2 move earthquake\n>p1 switch 6\n>p1 move earthquake\n>p2 move ironhead\n>p2 switch 6\n>p1 switch 3\n>p2 move wavecrash\n>p1 move knockoff\n>p2 switch 5\n>p1 move stickyweb\n>p2 move hurricane\n>p1 switch 3\n>p1 move shellsmash\n>p2 move hypervoice terastallize\n>p1 switch 5\n>p1 move earthquake\n>p2 move hurricane\n>p1 move stealthrock\n>p2 move roost\n>p1 move taunt\n>p2 move hurricane\n>p1 switch 4\n>p1 move trailblaze\n>p2 move hurricane\n>p1 move trailblaze\n>p2 move roost\n>p1 move coil\n>p2 move hypervoice", "uploadtime": 1733793839, "views": 16, "formatid": "gen9randombattle", "rating": 1328, "private": 0, "password": null}