{"id": "gen9randombattle-2260723868", "format": "[Gen 9] Random Battle", "players": ["pm32", "Oh didufghA"], "log": "|j|\u2606pm32\n|j|\u2606Oh didufghA\n|t:|1733883177\n|gametype|singles\n|player|p1|pm32|depotagent|1440\n|player|p2|Oh didufghA|102|1440\n|teamsize|p1|6\n|teamsize|p2|6\n|gen|9\n|tier|[Gen 9] Random Battle\n|rated|\n|rule|Species Clause: Limit one of each Pok\u00e9mon\n|rule|HP Percentage Mod: HP is shown in percentages\n|rule|Sleep Clause Mod: Limit one foe put to sleep\n|rule|Illusion Level Mod: Illusion disguises the Pok\u00e9mon's true level\n|\n|t:|1733883177\n|start\n|switch|p1a: Venomoth|Venomoth, L84, M|255/255\n|switch|p2a: Klawf|Klawf, L90, M|272/272\n|turn|1\n|inactive|Battle timer is ON: inactive players will automatically lose when time's up. (requested by pm32)\n|\n|t:|1733883188\n|move|p1a: Venomoth|Sleep Powder|p2a: Klawf\n|-status|p2a: Klawf|slp|[from] move: Sleep Powder\n|cant|p2a: Klawf|slp\n|\n|upkeep\n|turn|2\n|\n|t:|1733883194\n|switch|p1a: Toedscruel|Toedscruel, L87, M|281/281\n|-curestatus|p2a: Klawf|slp|[msg]\n|move|p2a: Klawf|Stealth Rock|p1a: Toedscruel\n|-sidestart|p1: pm32|move: Stealth Rock\n|\n|upkeep\n|turn|3\n|\n|t:|1733883213\n|move|p1a: Toedscruel|Rapid Spin|p2a: Klawf\n|-resisted|p2a: Klawf\n|-damage|p2a: Klawf|260/272\n|-boost|p1a: Toedscruel|spe|1\n|-sideend|p1: pm32|Stealth Rock|[from] move: Rapid Spin|[of] p1a: Toedscruel\n|move|p2a: Klawf|Knock Off|p1a: Toedscruel\n|-damage|p1a: Toedscruel|158/281\n|-enditem|p1a: Toedscruel|Leftovers|[from] move: Knock Off|[of] p2a: Klawf\n|-damage|p2a: Klawf|233/272|[from] item: Life Orb\n|\n|upkeep\n|turn|4\n|\n|t:|1733883227\n|switch|p2a: Forretress|Forretress, L84, M|263/263\n|move|p1a: Toedscruel|Giga Drain|p2a: Forretress\n|-resisted|p2a: Forretress\n|-damage|p2a: Forretress|238/263\n|-heal|p1a: Toedscruel|171/281|[from] drain|[of] p2a: Forretress\n|\n|-heal|p2a: Forretress|254/263|[from] item: Leftovers\n|upkeep\n|turn|5\n|\n|t:|1733883236\n|move|p2a: Forretress|Rapid Spin|p1a: Toedscruel\n|-damage|p1a: Toedscruel|129/281\n|-boost|p2a: Forretress|spe|1\n|move|p1a: Toedscruel|Spore|p2a: Forretress\n|-status|p2a: Forretress|slp|[from] move: Spore\n|\n|-heal|p2a: Forretress|263/263 slp|[from] item: Leftovers\n|upkeep\n|turn|6\n|\n|t:|1733883253\n|switch|p1a: Kingdra|Kingdra, L84, M|263/263\n|cant|p2a: Forretress|slp\n|\n|upkeep\n|turn|7\n|\n|t:|1733883270\n|switch|p2a: Eternatus|Eternatus, L69|308/308\n|-ability|p2a: Eternatus|Pressure\n|move|p1a: Kingdra|Rain Dance|p1a: Kingdra\n|-weather|RainDance\n|\n|-weather|RainDance|[upkeep]\n|upkeep\n|turn|8\n|\n|t:|1733883292\n|switch|p2a: Metagross|Metagross, L79|256/256\n|move|p1a: Kingdra|Draco Meteor|p2a: Metagross\n|-resisted|p2a: Metagross\n|-damage|p2a: Metagross|159/256\n|-unboost|p1a: Kingdra|spa|2\n|-damage|p1a: Kingdra|237/263|[from] item: Life Orb\n|\n|-weather|RainDance|[upkeep]\n|upkeep\n|turn|9\n|\n|t:|1733883299\n|switch|p1a: Sandslash|Sandslash, L88, F|275/275\n|move|p2a: Metagross|Knock Off|p1a: Sandslash\n|-damage|p1a: Sandslash|215/275\n|-enditem|p1a: Sandslash|Leftovers|[from] move: Knock Off|[of] p2a: Metagross\n|\n|-weather|RainDance|[upkeep]\n|upkeep\n|turn|10\n|\n|t:|1733883320\n|move|p1a: Sandslash|Swords Dance|p1a: Sandslash\n|-boost|p1a: Sandslash|atk|2\n|move|p2a: Metagross|Agility|p2a: Metagross\n|-boost|p2a: Metagross|spe|2\n|\n|-weather|RainDance|[upkeep]\n|upkeep\n|turn|11\n|\n|t:|1733883328\n|-terastallize|p2a: Metagross|Ground\n|move|p2a: Metagross|Earthquake|p1a: Sandslash\n|-damage|p1a: Sandslash|112/275\n|move|p1a: Sandslash|Knock Off|p2a: Metagross\n|-damage|p2a: Metagross|39/256\n|-enditem|p2a: Metagross|Weakness Policy|[from] move: Knock Off|[of] p1a: Sandslash\n|\n|-weather|none\n|upkeep\n|turn|12\n|\n|t:|1733883338\n|move|p2a: Metagross|Earthquake|p1a: Sandslash\n|-damage|p1a: Sandslash|15/275\n|move|p1a: Sandslash|Earthquake|p2a: Metagross\n|-damage|p2a: Metagross|0 fnt\n|faint|p2a: Metagross\n|\n|upkeep\n|\n|t:|1733883351\n|switch|p2a: Hydreigon|Hydreigon, L79, M|275/275\n|turn|13\n|\n|t:|1733883358\n|move|p2a: Hydreigon|Dark Pulse|p1a: Sandslash\n|-damage|p1a: Sandslash|0 fnt\n|faint|p1a: Sandslash\n|-damage|p2a: Hydreigon|248/275|[from] item: Life Orb\n|\n|upkeep\n|\n|t:|1733883362\n|switch|p1a: Venomoth|Venomoth, L84, M|255/255\n|turn|14\n|\n|t:|1733883371\n|switch|p2a: Klawf|Klawf, L90, M|272/272\n|move|p1a: Venomoth|Bug Buzz|p2a: Klawf\n|-damage|p2a: Klawf|163/272\n|\n|upkeep\n|turn|15\n|\n|t:|1733883385\n|move|p1a: Venomoth|Sludge Wave|p2a: Klawf\n|-resisted|p2a: Klawf\n|-damage|p2a: Klawf|49/272\n|move|p2a: Klawf|Stealth Rock|p1a: Venomoth\n|-sidestart|p1: pm32|move: Stealth Rock\n|\n|upkeep\n|turn|16\n|\n|t:|1733883393\n|switch|p2a: Forretress|Forretress, L84, M|263/263 slp\n|move|p1a: Venomoth|Bug Buzz|p2a: Forretress\n|-resisted|p2a: Forretress\n|-damage|p2a: Forretress|149/263 slp\n|\n|-heal|p2a: Forretress|165/263 slp|[from] item: Leftovers\n|upkeep\n|turn|17\n|\n|t:|1733883400\n|move|p1a: Venomoth|Bug Buzz|p2a: Forretress\n|-resisted|p2a: Forretress\n|-damage|p2a: Forretress|45/263 slp\n|cant|p2a: Forretress|slp\n|\n|-heal|p2a: Forretress|61/263 slp|[from] item: Leftovers\n|upkeep\n|turn|18\n|\n|t:|1733883405\n|move|p1a: Venomoth|Bug Buzz|p2a: Forretress\n|-resisted|p2a: Forretress\n|-damage|p2a: Forretress|0 fnt\n|faint|p2a: Forretress\n|\n|upkeep\n|\n|t:|1733883409\n|switch|p2a: Eternatus|Eternatus, L69|308/308\n|-ability|p2a: Eternatus|Pressure\n|turn|19\n|\n|t:|1733883413\n|move|p2a: Eternatus|Flamethrower|p1a: Venomoth\n|-supereffective|p1a: Venomoth\n|-crit|p1a: Venomoth\n|-damage|p1a: Venomoth|33/255\n|move|p1a: Venomoth|Quiver Dance|p1a: Venomoth\n|-boost|p1a: Venomoth|spa|1\n|-boost|p1a: Venomoth|spd|1\n|-boost|p1a: Venomoth|spe|1\n|\n|upkeep\n|turn|20\n|\n|t:|1733883418\n|move|p1a: Venomoth|Sleep Powder|p2a: Eternatus\n|-status|p2a: Eternatus|slp|[from] move: Sleep Powder\n|cant|p2a: Eternatus|slp\n|\n|upkeep\n|turn|21\n|\n|t:|1733883422\n|move|p1a: Venomoth|Bug Buzz|p2a: Eternatus\n|-resisted|p2a: Eternatus\n|-damage|p2a: Eternatus|162/308 slp\n|cant|p2a: Eternatus|slp\n|\n|-heal|p2a: Eternatus|181/308 slp|[from] item: Leftovers\n|upkeep\n|turn|22\n|\n|t:|1733883426\n|move|p1a: Venomoth|Bug Buzz|p2a: Eternatus\n|-resisted|p2a: Eternatus\n|-damage|p2a: Eternatus|25/308 slp\n|-curestatus|p2a: Eternatus|slp|[msg]\n|move|p2a: Eternatus|Flamethrower|p1a: Venomoth\n|-supereffective|p1a: Venomoth\n|-damage|p1a: Venomoth|0 fnt\n|faint|p1a: Venomoth\n|\n|-heal|p2a: Eternatus|44/308|[from] item: Leftovers\n|upkeep\n|\n|t:|1733883436\n|switch|p1a: Toedscruel|Toedscruel, L87, M|129/281\n|-damage|p1a: Toedscruel|112/281|[from] Stealth Rock\n|turn|23\n|\n|t:|1733883445\n|move|p1a: Toedscruel|Giga Drain|p2a: Eternatus\n|-resisted|p2a: Eternatus\n|-damage|p2a: Eternatus|22/308\n|-heal|p1a: Toedscruel|123/281|[from] drain|[of] p2a: Eternatus\n|move|p2a: Eternatus|Flamethrower|p1a: Toedscruel\n|-supereffective|p1a: Toedscruel\n|-damage|p1a: Toedscruel|25/281\n|-status|p1a: Toedscruel|brn\n|\n|-heal|p2a: Eternatus|41/308|[from] item: Leftovers\n|-damage|p1a: Toedscruel|8/281 brn|[from] brn\n|upkeep\n|turn|24\n|\n|t:|1733883452\n|move|p1a: Toedscruel|Earth Power|p2a: Eternatus\n|-supereffective|p2a: Eternatus\n|-damage|p2a: Eternatus|0 fnt\n|faint|p2a: Eternatus\n|\n|-damage|p1a: Toedscruel|0 fnt|[from] brn\n|faint|p1a: Toedscruel\n|upkeep\n|\n|t:|1733883459\n|switch|p1a: Gallade|Gallade, L81, M|243/243\n|switch|p2a: Hydreigon|Hydreigon, L79, M|248/275\n|-damage|p1a: Gallade|228/243|[from] Stealth Rock\n|turn|25\n|\n|t:|1733883468\n|switch|p2a: Klawf|Klawf, L90, M|139/272\n|move|p1a: Gallade|Agility|p1a: Gallade\n|-boost|p1a: Gallade|spe|2\n|\n|upkeep\n|turn|26\n|\n|t:|1733883475\n|move|p1a: Gallade|Sacred Sword|p2a: Klawf\n|-supereffective|p2a: Klawf\n|-damage|p2a: Klawf|0 fnt\n|faint|p2a: Klawf\n|-damage|p1a: Gallade|204/243|[from] item: Life Orb\n|\n|upkeep\n|\n|t:|1733883478\n|switch|p2a: Iron Jugulis|Iron Jugulis, L78|275/275\n|turn|27\n|\n|t:|1733883502\n|-terastallize|p1a: Gallade|Dark\n|move|p1a: Gallade|Sacred Sword|p2a: Iron Jugulis\n|-damage|p2a: Iron Jugulis|55/275\n|-damage|p1a: Gallade|180/243|[from] item: Life Orb\n|move|p2a: Iron Jugulis|Hurricane|p1a: Gallade\n|-damage|p1a: Gallade|23/243\n|\n|upkeep\n|turn|28\n|\n|t:|1733883516\n|move|p1a: Gallade|Sacred Sword|p2a: Iron Jugulis\n|-crit|p2a: Iron Jugulis\n|-damage|p2a: Iron Jugulis|0 fnt\n|faint|p2a: Iron Jugulis\n|-end|p2a: Iron Jugulis|Quark Drive|[silent]\n|-damage|p1a: Gallade|0 fnt|[from] item: Life Orb\n|faint|p1a: Gallade\n|\n|upkeep\n|\n|t:|1733883518\n|switch|p2a: Hydreigon|Hydreigon, L79, M|248/275\n|switch|p1a: Skarmory|Skarmory, L80, M|235/235\n|-damage|p1a: Skarmory|206/235|[from] Stealth Rock\n|turn|29\n|\n|t:|1733883521\n|move|p2a: Hydreigon|Nasty Plot|p2a: Hydreigon\n|-boost|p2a: Hydreigon|spa|2\n|move|p1a: Skarmory|Body Press|p2a: Hydreigon\n|-supereffective|p2a: Hydreigon\n|-damage|p2a: Hydreigon|110/275\n|\n|-heal|p1a: Skarmory|220/235|[from] item: Leftovers\n|upkeep\n|turn|30\n|\n|t:|1733883527\n|move|p2a: Hydreigon|Dark Pulse|p1a: Skarmory\n|-damage|p1a: Skarmory|0 fnt\n|faint|p1a: Skarmory\n|-damage|p2a: Hydreigon|83/275|[from] item: Life Orb\n|\n|upkeep\n|\n|t:|1733883530\n|switch|p1a: Kingdra|Kingdra, L84, M|237/263\n|-damage|p1a: Kingdra|205/263|[from] Stealth Rock\n|turn|31\n|\n|t:|1733883536\n|move|p2a: Hydreigon|Draco Meteor|p1a: Kingdra\n|-supereffective|p1a: Kingdra\n|-crit|p1a: Kingdra\n|-damage|p1a: Kingdra|0 fnt\n|-unboost|p2a: Hydreigon|spa|2\n|faint|p1a: Kingdra\n|-damage|p2a: Hydreigon|56/275|[from] item: Life Orb\n|\n|win|Oh didufghA\n|raw|pm32's rating: 1440 &rarr; <strong>1420</strong><br />(-20 for losing)\n|raw|Oh didufghA's rating: 1440 &rarr; <strong>1460</strong><br />(+20 for winning)\n", "inputlog": ">version bfd83cad13791eb5a5a409923076391caf6fb4d4\n>start {\"formatid\":\"gen9randombattle\",\"seed\":[19890,65126,65149,23736],\"rated\":\"Rated battle\"}\n>player p1 {\"name\":\"pm32\",\"avatar\":\"depotagent\",\"rating\":1440,\"seed\":[11853,47071,25950,46865]}\n>player p2 {\"name\":\"Oh didufghA\",\"avatar\":\"102\",\"rating\":1440,\"seed\":[26969,62729,38275,34319]}\n>p1 move sleeppowder\n>p2 move stealthrock\n>p1 switch 2\n>p2 move stealthrock\n>p1 move rapidspin\n>p2 move knockoff\n>p1 move gigadrain\n>p2 switch 6\n>p1 move spore\n>p2 move rapidspin\n>p1 switch 4\n>p2 move rapidspin\n>p1 move raindance\n>p2 switch 4\n>p1 move dracometeor\n>p2 switch 5\n>p1 switch 6\n>p2 move knockoff\n>p1 move swordsdance\n>p2 move agility\n>p1 move knockoff\n>p2 move earthquake terastallize\n>p1 move earthquake\n>p2 move earthquake\n>p2 switch 2\n>p1 move stoneedge\n>p2 move darkpulse\n>p1 switch 2\n>p1 move bugbuzz\n>p2 switch 6\n>p1 move sludgewave\n>p2 move stealthrock\n>p1 move bugbuzz\n>p2 switch 4\n>p1 move bugbuzz\n>p2 move rapidspin\n>p1 move bugbuzz\n>p2 move rapidspin\n>p2 switch 5\n>p1 move quiverdance\n>p2 move flamethrower\n>p1 move sleeppowder\n>p2 move flamethrower\n>p1 move bugbuzz\n>p2 move flamethrower\n>p1 move bugbuzz\n>p2 move flamethrower\n>p1 switch 4\n>p1 move gigadrain\n>p2 move flamethrower\n>p1 move earthpower\n>p2 move recover\n>p1 switch 3\n>p2 switch 6\n>p1 move agility\n>p2 switch 4\n>p1 move sacredsword\n>p2 move knockoff\n>p2 switch 3\n>p1 move sacredsword terastallize\n>p2 move hurricane\n>p1 move sacredsword\n>p2 move hurricane\n>p1 switch 5\n>p2 switch 4\n>p1 move bodypress\n>p2 move nastyplot\n>p1 move bodypress\n>p2 move darkpulse\n>p1 switch 6\n>p1 move dracometeor\n>p2 move dracometeor", "uploadtime": 1733883553, "views": 3, "formatid": "gen9randombattle", "rating": 1420, "private": 0, "password": null}