{"id": "gen9randombattle-2260878527", "format": "[Gen 9] Random Battle", "players": ["Hdcubdbjcddx", "sunnyownu"], "log": "|j|\u2606Hdcubdbjcddx\n|j|\u2606sunnyownu\n|t:|1733909465\n|gametype|singles\n|player|p1|Hdcubdbjcddx|170|1079\n|player|p2|sunnyownu|2|1129\n|teamsize|p1|6\n|teamsize|p2|6\n|gen|9\n|tier|[Gen 9] Random Battle\n|rated|\n|rule|Species Clause: Limit one of each Pok\u00e9mon\n|rule|HP Percentage Mod: HP is shown in percentages\n|rule|Sleep Clause Mod: Limit one foe put to sleep\n|rule|Illusion Level Mod: Illusion disguises the Pok\u00e9mon's true level\n|\n|t:|1733909465\n|start\n|switch|p1a: Samurott|Samurott, L88, M|310/310\n|switch|p2a: Swanna|Swanna, L88, F|275/275\n|turn|1\n|\n|t:|1733909488\n|move|p2a: Swanna|Hydro Pump|p1a: Samurott\n|-resisted|p1a: Samurott\n|-damage|p1a: Samurott|266/310\n|move|p1a: Samurott|Flip Turn|p2a: Swanna\n|-resisted|p2a: Swanna\n|-damage|p2a: Swanna|234/275\n|\n|t:|1733909503\n|switch|p1a: Magmortar|Magmortar, L88, M|275/275|[from] Flip Turn\n|\n|upkeep\n|turn|2\n|\n|t:|1733909533\n|move|p2a: Swanna|Hydro Pump|p1a: Magmortar|[miss]\n|-miss|p2a: Swanna|p1a: Magmortar\n|move|p1a: Magmortar|Thunderbolt|p2a: Swanna\n|-supereffective|p2a: Swanna\n|-damage|p2a: Swanna|0 fnt\n|faint|p2a: Swanna\n|\n|upkeep\n|\n|t:|1733909538\n|switch|p2a: Azelf|Azelf, L82|257/257\n|turn|3\n|\n|t:|1733909555\n|move|p2a: Azelf|Knock Off|p1a: Magmortar\n|-damage|p1a: Magmortar|148/275\n|-enditem|p1a: Magmortar|Heavy-Duty Boots|[from] move: Knock Off|[of] p2a: Azelf\n|-damage|p2a: Azelf|232/257|[from] item: Life Orb\n|move|p1a: Magmortar|Fire Blast|p2a: Azelf\n|-damage|p2a: Azelf|30/257\n|\n|upkeep\n|turn|4\n|\n|t:|1733909563\n|move|p2a: Azelf|Psychic|p1a: Magmortar\n|-damage|p1a: Magmortar|8/275\n|-damage|p2a: Azelf|5/257|[from] item: Life Orb\n|move|p1a: Magmortar|Thunderbolt|p2a: Azelf\n|-damage|p2a: Azelf|0 fnt\n|faint|p2a: Azelf\n|\n|upkeep\n|\n|t:|1733909575\n|switch|p2a: Iron Jugulis|Iron Jugulis, L78|275/275\n|turn|5\n|\n|t:|1733909580\n|move|p2a: Iron Jugulis|Earth Power|p1a: Magmortar\n|-supereffective|p1a: Magmortar\n|-damage|p1a: Magmortar|0 fnt\n|faint|p1a: Magmortar\n|\n|upkeep\n|\n|t:|1733909583\n|switch|p1a: Lokix|Lokix, L82, M|251/251\n|turn|6\n|\n|t:|1733909595\n|move|p1a: Lokix|First Impression|p2a: Iron Jugulis\n|-damage|p2a: Iron Jugulis|133/275\n|-damage|p1a: Lokix|226/251|[from] item: Life Orb\n|move|p2a: Iron Jugulis|Hurricane|p1a: Lokix\n|-supereffective|p1a: Lokix\n|-damage|p1a: Lokix|0 fnt\n|faint|p1a: Lokix\n|\n|upkeep\n|\n|t:|1733909602\n|switch|p1a: Samurott|Samurott, L88, M|266/310\n|turn|7\n|\n|t:|1733909615\n|move|p2a: Iron Jugulis|Hurricane|p1a: Samurott\n|-damage|p1a: Samurott|166/310\n|-start|p1a: Samurott|confusion\n|-activate|p1a: Samurott|confusion\n|move|p1a: Samurott|Hydro Pump|p2a: Iron Jugulis\n|-damage|p2a: Iron Jugulis|0 fnt\n|faint|p2a: Iron Jugulis\n|-end|p2a: Iron Jugulis|Quark Drive|[silent]\n|\n|upkeep\n|\n|t:|1733909624\n|switch|p2a: Sinistcha|Sinistcha, L83|254/254\n|turn|8\n|\n|t:|1733909626\n|-activate|p1a: Samurott|confusion\n|-damage|p1a: Samurott|135/310|[from] confusion\n|move|p2a: Sinistcha|Matcha Gotcha|p1a: Samurott\n|-supereffective|p1a: Samurott\n|-damage|p1a: Samurott|0 fnt\n|faint|p1a: Samurott\n|\n|upkeep\n|\n|t:|1733909630\n|switch|p1a: Ceruledge|Ceruledge, L78, F|245/245\n|turn|9\n|\n|t:|1733909644\n|move|p1a: Ceruledge|Swords Dance|p1a: Ceruledge\n|-boost|p1a: Ceruledge|atk|2\n|move|p2a: Sinistcha|Strength Sap|p1a: Ceruledge\n|-unboost|p1a: Ceruledge|atk|1\n|\n|upkeep\n|turn|10\n|\n|t:|1733909649\n|move|p1a: Ceruledge|Swords Dance|p1a: Ceruledge\n|-boost|p1a: Ceruledge|atk|2\n|move|p2a: Sinistcha|Shadow Ball|p1a: Ceruledge\n|-supereffective|p1a: Ceruledge\n|-damage|p1a: Ceruledge|57/245\n|\n|upkeep\n|turn|11\n|\n|t:|1733909655\n|move|p1a: Ceruledge|Poltergeist|p2a: Sinistcha\n|-activate|p2a: Sinistcha|move: Poltergeist|Leftovers\n|-supereffective|p2a: Sinistcha\n|-damage|p2a: Sinistcha|0 fnt\n|faint|p2a: Sinistcha\n|\n|upkeep\n|\n|t:|1733909661\n|switch|p2a: Excadrill|Excadrill, L79, M|303/303\n|-ability|p2a: Excadrill|Mold Breaker\n|turn|12\n|\n|t:|1733909664\n|move|p2a: Excadrill|Earthquake|p1a: Ceruledge\n|-supereffective|p1a: Ceruledge\n|-damage|p1a: Ceruledge|0 fnt\n|faint|p1a: Ceruledge\n|\n|upkeep\n|\n|t:|1733909666\n|switch|p1a: Mismagius|Mismagius, L86, F|243/243\n|turn|13\n|\n|t:|1733909681\n|move|p1a: Mismagius|Nasty Plot|p1a: Mismagius\n|-boost|p1a: Mismagius|spa|2\n|move|p2a: Excadrill|Iron Head|p1a: Mismagius\n|-damage|p1a: Mismagius|108/243\n|\n|-heal|p1a: Mismagius|123/243|[from] item: Leftovers\n|upkeep\n|turn|14\n|\n|t:|1733909689\n|-terastallize|p1a: Mismagius|Fighting\n|move|p1a: Mismagius|Tera Blast|p2a: Excadrill|[anim] Tera Blast Fighting\n|-supereffective|p2a: Excadrill\n|-damage|p2a: Excadrill|0 fnt\n|faint|p2a: Excadrill\n|\n|-heal|p1a: Mismagius|138/243|[from] item: Leftovers\n|upkeep\n|\n|t:|1733909693\n|switch|p2a: Lucario|Lucario, L84, M|255/255\n|turn|15\n|\n|t:|1733909703\n|-terastallize|p2a: Lucario|Fighting\n|move|p1a: Mismagius|Tera Blast|p2a: Lucario|[anim] Tera Blast Fighting\n|-damage|p2a: Lucario|20/255\n|move|p2a: Lucario|Focus Blast|p1a: Mismagius\n|-crit|p1a: Mismagius\n|-damage|p1a: Mismagius|0 fnt\n|faint|p1a: Mismagius\n|-damage|p2a: Lucario|0 fnt|[from] item: Life Orb\n|faint|p2a: Lucario\n|\n|win|Hdcubdbjcddx\n|raw|Hdcubdbjcddx's rating: 1103 &rarr; <strong>1130</strong><br />(+27 for winning)\n|raw|sunnyownu's rating: 1129 &rarr; <strong>1102</strong><br />(-27 for losing)\n|l|\u2606sunnyownu\n|player|p2|\n", "inputlog": ">version bfd83cad13791eb5a5a409923076391caf6fb4d4\n>start {\"formatid\":\"gen9randombattle\",\"seed\":[25127,23100,23375,30795],\"rated\":\"Rated battle\"}\n>player p1 {\"name\":\"Hdcubdbjcddx\",\"avatar\":\"170\",\"rating\":1079,\"seed\":[45994,56172,24998,30664]}\n>player p2 {\"name\":\"sunnyownu\",\"avatar\":\"2\",\"rating\":1129,\"seed\":[22728,31588,13906,44622]}\n>p1 move flipturn\n>p2 move hydropump\n>p1 switch 2\n>p1 move thunderbolt\n>p2 move hydropump\n>p2 switch 5\n>p1 move fireblast\n>p2 move knockoff\n>p1 move thunderbolt\n>p2 move psychic\n>p2 switch 6\n>p1 move thunderbolt\n>p2 move earthpower\n>p1 switch 6\n>p1 move firstimpression\n>p2 move hurricane\n>p1 switch 2\n>p1 move hydropump\n>p2 move hurricane\n>p2 switch 2\n>p1 move knockoff\n>p2 move matchagotcha\n>p1 switch 4\n>p1 move swordsdance\n>p2 move strengthsap\n>p1 move swordsdance\n>p2 move shadowball\n>p1 move poltergeist\n>p2 move shadowball\n>p2 switch 3\n>p1 move bitterblade\n>p2 move earthquake\n>p1 switch 5\n>p1 move nastyplot\n>p2 move ironhead\n>p1 move terablast terastallize\n>p2 move ironhead\n>p2 switch 4\n>p1 move terablast\n>p2 move focusblast terastallize", "uploadtime": 1733909718, "views": 2, "formatid": "gen9randombattle", "rating": 1102, "private": 0, "password": null}