{"id": "gen9randombattle-2170987407", "format": "[Gen 9] Random Battle", "players": ["Fillo_VCG", "puccigae"], "log": "|j|\u2606Fillo_VCG\n|j|\u2606puccigae\n|t:|1722459737\n|gametype|singles\n|player|p1|Fillo_VCG|bruno|2287\n|player|p2|puccigae|1|2206\n|teamsize|p1|6\n|teamsize|p2|6\n|gen|9\n|tier|[Gen 9] Random Battle\n|rated|\n|rule|Species Clause: Limit one of each Pok\u00e9mon\n|rule|HP Percentage Mod: HP is shown in percentages\n|rule|Sleep Clause Mod: Limit one foe put to sleep\n|rule|Illusion Level Mod: Illusion disguises the Pok\u00e9mon's true level\n|\n|t:|1722459737\n|start\n|switch|p1a: Regidrago|Regidrago, L77|435/435\n|switch|p2a: Infernape|Infernape, L82, M|259/259\n|turn|1\n|\n|t:|1722459751\n|switch|p1a: Gothitelle|Gothitelle, L90, M|272/272\n|move|p2a: Infernape|Close Combat|p1a: Gothitelle\n|-resisted|p1a: Gothitelle\n|-damage|p1a: Gothitelle|192/272\n|-unboost|p2a: Infernape|def|1\n|-unboost|p2a: Infernape|spd|1\n|\n|upkeep\n|turn|2\n|\n|t:|1722459764\n|-terastallize|p2a: Infernape|Dark\n|move|p1a: Gothitelle|Psychic|p2a: Infernape\n|-immune|p2a: Infernape\n|move|p2a: Infernape|Close Combat|p1a: Gothitelle\n|-resisted|p1a: Gothitelle\n|-damage|p1a: Gothitelle|104/272\n|-unboost|p2a: Infernape|def|1\n|-unboost|p2a: Infernape|spd|1\n|\n|upkeep\n|turn|3\n|\n|t:|1722459773\n|switch|p1a: Amoonguss|Amoonguss, L82, F|321/321\n|move|p2a: Infernape|Close Combat|p1a: Amoonguss\n|-resisted|p1a: Amoonguss\n|-damage|p1a: Amoonguss|216/321\n|-unboost|p2a: Infernape|def|1\n|-unboost|p2a: Infernape|spd|1\n|\n|-heal|p1a: Amoonguss|236/321|[from] item: Leftovers\n|upkeep\n|turn|4\n|\n|t:|1722459781\n|switch|p2a: Sableye|Sableye, L90, M|236/236\n|move|p1a: Amoonguss|Spore|p2a: Sableye\n|-status|p2a: Sableye|slp|[from] move: Spore\n|\n|-heal|p1a: Amoonguss|256/321|[from] item: Leftovers\n|upkeep\n|turn|5\n|\n|t:|1722459793\n|switch|p2a: Infernape|Infernape, L82, M, tera:Dark|259/259\n|switch|p1a: Roaring Moon|Roaring Moon, L72|270/270\n|-enditem|p1a: Roaring Moon|Booster Energy\n|-activate|p1a: Roaring Moon|ability: Protosynthesis|[fromitem]\n|-start|p1a: Roaring Moon|protosynthesisatk\n|\n|upkeep\n|turn|6\n|\n|t:|1722459800\n|-end|p1a: Roaring Moon|Protosynthesis|[silent]\n|switch|p1a: Illumise|Illumise, L91, F|266/266\n|move|p2a: Infernape|U-turn|p1a: Illumise\n|-damage|p1a: Illumise|187/266\n|\n|t:|1722459806\n|switch|p2a: Kingambit|Kingambit, L74, M|270/270|[from] U-turn\n|\n|upkeep\n|turn|7\n|\n|t:|1722459816\n|switch|p1a: Gothitelle|Gothitelle, L90, M|104/272\n|move|p2a: Kingambit|Swords Dance|p2a: Kingambit\n|-boost|p2a: Kingambit|atk|2\n|\n|upkeep\n|turn|8\n|inactive|Battle timer is ON: inactive players will automatically lose when time's up. (requested by Fillo_VCG)\n|\n|t:|1722459838\n|move|p1a: Gothitelle|Trick|p2a: Kingambit\n|-activate|p1a: Gothitelle|move: Trick|[of] p2a: Kingambit\n|-item|p2a: Kingambit|Choice Scarf|[from] move: Trick\n|-item|p1a: Gothitelle|Leftovers|[from] move: Trick\n|move|p2a: Kingambit|Kowtow Cleave|p1a: Gothitelle\n|-supereffective|p1a: Gothitelle\n|-damage|p1a: Gothitelle|0 fnt\n|faint|p1a: Gothitelle\n|\n|upkeep\n|\n|t:|1722459846\n|switch|p1a: Roaring Moon|Roaring Moon, L72|270/270\n|turn|9\n|\n|t:|1722459851\n|move|p1a: Roaring Moon|Dragon Dance|p1a: Roaring Moon\n|-boost|p1a: Roaring Moon|atk|1\n|-boost|p1a: Roaring Moon|spe|1\n|move|p2a: Kingambit|Kowtow Cleave|p1a: Roaring Moon\n|-resisted|p1a: Roaring Moon\n|-damage|p1a: Roaring Moon|144/270\n|\n|upkeep\n|turn|10\n|\n|t:|1722459855\n|move|p1a: Roaring Moon|Dragon Dance|p1a: Roaring Moon\n|-boost|p1a: Roaring Moon|atk|1\n|-boost|p1a: Roaring Moon|spe|1\n|move|p2a: Kingambit|Kowtow Cleave|p1a: Roaring Moon\n|-resisted|p1a: Roaring Moon\n|-damage|p1a: Roaring Moon|27/270\n|\n|upkeep\n|turn|11\n|\n|t:|1722459862\n|move|p1a: Roaring Moon|Outrage|p2a: Kingambit\n|-resisted|p2a: Kingambit\n|-damage|p2a: Kingambit|160/270\n|move|p2a: Kingambit|Kowtow Cleave|p1a: Roaring Moon\n|-resisted|p1a: Roaring Moon\n|-damage|p1a: Roaring Moon|0 fnt\n|faint|p1a: Roaring Moon\n|-end|p1a: Roaring Moon|Protosynthesis|[silent]\n|\n|upkeep\n|\n|t:|1722459882\n|switch|p1a: Kricketune|Kricketune, L99, M|312/312\n|turn|12\n|\n|t:|1722459891\n|move|p1a: Kricketune|Pounce|p2a: Kingambit\n|-crit|p2a: Kingambit\n|-damage|p2a: Kingambit|36/270\n|-unboost|p2a: Kingambit|spe|1\n|move|p2a: Kingambit|Kowtow Cleave|p1a: Kricketune\n|-damage|p1a: Kricketune|83/312\n|\n|upkeep\n|turn|13\n|\n|t:|1722459904\n|-end|p2a: Kingambit|fallenundefined|[silent]\n|switch|p2a: Duraludon|Duraludon, L82, F|249/249\n|move|p1a: Kricketune|Sticky Web|p2a: Duraludon\n|-sidestart|p2: puccigae|move: Sticky Web\n|\n|upkeep\n|turn|14\n|\n|t:|1722459911\n|switch|p1a: Illumise|Illumise, L91, F|187/266\n|move|p2a: Duraludon|Flash Cannon|p1a: Illumise\n|-damage|p1a: Illumise|103/266\n|\n|upkeep\n|turn|15\n|\n|t:|1722459915\n|move|p1a: Illumise|Roost|p1a: Illumise\n|-heal|p1a: Illumise|236/266\n|-singleturn|p1a: Illumise|move: Roost\n|move|p2a: Duraludon|Flash Cannon|p1a: Illumise\n|-damage|p1a: Illumise|143/266\n|\n|upkeep\n|turn|16\n|\n|t:|1722459926\n|move|p1a: Illumise|Roost|p1a: Illumise\n|-heal|p1a: Illumise|266/266\n|-singleturn|p1a: Illumise|move: Roost\n|move|p2a: Duraludon|Flash Cannon|p1a: Illumise\n|-damage|p1a: Illumise|178/266\n|\n|upkeep\n|turn|17\n|\n|t:|1722459929\n|move|p1a: Illumise|Thunder Wave|p2a: Duraludon\n|-status|p2a: Duraludon|par\n|move|p2a: Duraludon|Flash Cannon|p1a: Illumise\n|-damage|p1a: Illumise|91/266\n|-unboost|p1a: Illumise|spd|1\n|\n|upkeep\n|turn|18\n|\n|t:|1722459936\n|switch|p1a: Amoonguss|Amoonguss, L82, F|321/321\n|move|p2a: Duraludon|Flash Cannon|p1a: Amoonguss\n|-crit|p1a: Amoonguss\n|-damage|p1a: Amoonguss|155/321\n|\n|-heal|p1a: Amoonguss|175/321|[from] item: Leftovers\n|upkeep\n|turn|19\n|\n|t:|1722459944\n|switch|p1a: Kricketune|Kricketune, L99, M|83/312\n|move|p2a: Duraludon|Flash Cannon|p1a: Kricketune\n|-damage|p1a: Kricketune|0 fnt\n|faint|p1a: Kricketune\n|\n|upkeep\n|\n|t:|1722459952\n|switch|p1a: Illumise|Illumise, L91, F|91/266\n|turn|20\n|\n|t:|1722459954\n|move|p1a: Illumise|Roost|p1a: Illumise\n|-heal|p1a: Illumise|224/266\n|-singleturn|p1a: Illumise|move: Roost\n|move|p2a: Duraludon|Flash Cannon|p1a: Illumise\n|-damage|p1a: Illumise|127/266\n|\n|upkeep\n|turn|21\n|\n|t:|1722459958\n|move|p1a: Illumise|Roost|p1a: Illumise\n|-heal|p1a: Illumise|260/266\n|-singleturn|p1a: Illumise|move: Roost\n|move|p2a: Duraludon|Flash Cannon|p1a: Illumise\n|-damage|p1a: Illumise|161/266\n|\n|upkeep\n|turn|22\n|\n|t:|1722459963\n|move|p1a: Illumise|Bug Buzz|p2a: Duraludon\n|-resisted|p2a: Duraludon\n|-damage|p2a: Duraludon|201/249 par\n|move|p2a: Duraludon|Flash Cannon|p1a: Illumise\n|-damage|p1a: Illumise|77/266\n|\n|upkeep\n|turn|23\n|\n|t:|1722459966\n|move|p1a: Illumise|Roost|p1a: Illumise\n|-heal|p1a: Illumise|210/266\n|-singleturn|p1a: Illumise|move: Roost\n|cant|p2a: Duraludon|par\n|\n|upkeep\n|turn|24\n|\n|t:|1722459972\n|move|p1a: Illumise|Bug Buzz|p2a: Duraludon\n|-resisted|p2a: Duraludon\n|-damage|p2a: Duraludon|152/249 par\n|move|p2a: Duraludon|Flash Cannon|p1a: Illumise\n|-damage|p1a: Illumise|122/266\n|\n|upkeep\n|turn|25\n|\n|t:|1722459977\n|move|p1a: Illumise|Roost|p1a: Illumise\n|-heal|p1a: Illumise|255/266\n|-singleturn|p1a: Illumise|move: Roost\n|move|p2a: Duraludon|Flash Cannon|p1a: Illumise\n|-damage|p1a: Illumise|159/266\n|\n|upkeep\n|turn|26\n|\n|t:|1722459979\n|move|p1a: Illumise|Bug Buzz|p2a: Duraludon\n|-resisted|p2a: Duraludon\n|-damage|p2a: Duraludon|110/249 par\n|move|p2a: Duraludon|Flash Cannon|p1a: Illumise\n|-damage|p1a: Illumise|60/266\n|\n|upkeep\n|turn|27\n|\n|t:|1722459985\n|switch|p2a: Kleavor|Kleavor, L78, M|237/237\n|move|p1a: Illumise|Roost|p1a: Illumise\n|-heal|p1a: Illumise|193/266\n|-singleturn|p1a: Illumise|move: Roost\n|\n|upkeep\n|turn|28\n|\n|t:|1722459992\n|move|p1a: Illumise|Thunder Wave|p2a: Kleavor|[miss]\n|-miss|p1a: Illumise|p2a: Kleavor\n|move|p2a: Kleavor|Stone Axe|p1a: Illumise\n|-supereffective|p1a: Illumise\n|-damage|p1a: Illumise|0 fnt\n|-sidestart|p1: Fillo_VCG|move: Stealth Rock\n|faint|p1a: Illumise\n|\n|upkeep\n|\n|t:|1722459997\n|switch|p1a: Amoonguss|Amoonguss, L82, F|282/321\n|-damage|p1a: Amoonguss|242/321|[from] Stealth Rock\n|turn|29\n|\n|t:|1722460002\n|move|p2a: Kleavor|X-Scissor|p1a: Amoonguss\n|-damage|p1a: Amoonguss|55/321\n|move|p1a: Amoonguss|Giga Drain|p2a: Kleavor\n|-damage|p2a: Kleavor|156/237\n|-heal|p1a: Amoonguss|96/321|[from] drain|[of] p2a: Kleavor\n|\n|-heal|p1a: Amoonguss|116/321|[from] item: Leftovers\n|upkeep\n|turn|30\n|\n|t:|1722460006\n|move|p2a: Kleavor|X-Scissor|p1a: Amoonguss\n|-damage|p1a: Amoonguss|0 fnt\n|faint|p1a: Amoonguss\n|\n|upkeep\n|\n|t:|1722460008\n|switch|p1a: Regidrago|Regidrago, L77|435/435\n|-damage|p1a: Regidrago|381/435|[from] Stealth Rock\n|turn|31\n|\n|t:|1722460036\n|move|p2a: Kleavor|X-Scissor|p1a: Regidrago\n|-damage|p1a: Regidrago|162/435\n|move|p1a: Regidrago|Dragon Dance|p1a: Regidrago\n|-boost|p1a: Regidrago|atk|1\n|-boost|p1a: Regidrago|spe|1\n|\n|upkeep\n|turn|32\n|\n|t:|1722460050\n|move|p1a: Regidrago|Outrage|p2a: Kleavor\n|-damage|p2a: Kleavor|0 fnt\n|faint|p2a: Kleavor\n|\n|upkeep\n|\n|t:|1722460052\n|switch|p2a: Kingambit|Kingambit, L74, M|36/270\n|-activate|p2a: Kingambit|move: Sticky Web\n|-unboost|p2a: Kingambit|spe|1\n|-activate|p2a: Kingambit|ability: Supreme Overlord\n|-start|p2a: Kingambit|fallen1|[silent]\n|turn|33\n|\n|t:|1722460056\n|-end|p2a: Kingambit|fallen1|[silent]\n|switch|p2a: Duraludon|Duraludon, L82, F|110/249 par\n|-activate|p2a: Duraludon|move: Sticky Web\n|-unboost|p2a: Duraludon|spe|1\n|move|p1a: Regidrago|Outrage|p2a: Duraludon|[from]lockedmove\n|-damage|p2a: Duraludon|0 fnt\n|faint|p2a: Duraludon\n|-start|p1a: Regidrago|confusion|[fatigue]\n|-enditem|p1a: Regidrago|Lum Berry|[eat]\n|-end|p1a: Regidrago|confusion\n|\n|upkeep\n|\n|t:|1722460064\n|switch|p2a: Poliwrath|Poliwrath, L88, M|302/302\n|-activate|p2a: Poliwrath|move: Sticky Web\n|-unboost|p2a: Poliwrath|spe|1\n|turn|34\n|\n|t:|1722460071\n|move|p1a: Regidrago|Dragon Dance|p1a: Regidrago\n|-boost|p1a: Regidrago|atk|1\n|-boost|p1a: Regidrago|spe|1\n|move|p2a: Poliwrath|Close Combat|p1a: Regidrago\n|-damage|p1a: Regidrago|0 fnt\n|-unboost|p2a: Poliwrath|def|1\n|-unboost|p2a: Poliwrath|spd|1\n|faint|p1a: Regidrago\n|-damage|p2a: Poliwrath|272/302|[from] item: Life Orb\n|\n|win|puccigae\n|raw|Fillo_VCG's rating: 2287 &rarr; <strong>2262</strong><br />(-25 for losing)\n|raw|puccigae's rating: 2206 &rarr; <strong>2231</strong><br />(+25 for winning)\n|l|\u2606Fillo_VCG\n|player|p1|\n", "inputlog": ">version 3c8c0ba6a3441824201ce9f0cf68dcc094963845\n>start {\"formatid\":\"gen9randombattle\",\"seed\":[20572,46684,63001,47054],\"rated\":\"Rated battle\"}\n>player p1 {\"name\":\"Fillo_VCG\",\"avatar\":\"bruno\",\"rating\":2287,\"seed\":[43901,52193,26430,34266]}\n>player p2 {\"name\":\"puccigae\",\"avatar\":\"1\",\"rating\":2206,\"seed\":[407,27945,27371,48826]}\n>p1 switch 6\n>p2 move closecombat\n>p1 move psychic\n>p2 move closecombat terastallize\n>p1 switch 2\n>p2 move closecombat\n>p1 move spore\n>p2 switch 4\n>p1 switch 3\n>p2 switch 4\n>p1 switch 5\n>p2 move uturn\n>p2 switch 5\n>p1 switch 2\n>p2 move swordsdance\n>p1 move trick\n>p2 move kowtowcleave\n>p1 switch 5\n>p1 move dragondance\n>p2 move kowtowcleave\n>p1 move dragondance\n>p2 move kowtowcleave\n>p1 move outrage\n>p2 move kowtowcleave\n>p1 switch 4\n>p1 move pounce\n>p2 move kowtowcleave\n>p1 move stickyweb\n>p2 switch 3\n>p1 switch 2\n>p2 move flashcannon\n>p1 move roost\n>p2 move flashcannon\n>p1 move roost\n>p2 move flashcannon\n>p1 move thunderwave\n>p2 move flashcannon\n>p1 switch 3\n>p2 move flashcannon\n>p1 switch 2\n>p2 move flashcannon\n>p1 switch 3\n>p1 move roost\n>p2 move flashcannon\n>p1 move roost\n>p2 move flashcannon\n>p1 move bugbuzz\n>p2 move flashcannon\n>p1 move roost\n>p2 move flashcannon\n>p1 move bugbuzz\n>p2 move flashcannon\n>p1 move roost\n>p2 move flashcannon\n>p1 move bugbuzz\n>p2 move flashcannon\n>p1 move roost\n>p2 switch 6\n>p1 move thunderwave\n>p2 move stoneaxe\n>p1 switch 2\n>p1 move gigadrain\n>p2 move xscissor\n>p1 move gigadrain\n>p2 move xscissor\n>p1 switch 6\n>p1 move dragondance\n>p2 move xscissor\n>p1 move outrage\n>p2 move xscissor\n>p2 switch 3\n>p1 move outrage\n>p2 switch 6\n>p2 switch 2\n>p1 move dragondance\n>p2 move closecombat", "uploadtime": 1722460127, "views": 162, "formatid": "gen9randombattle", "rating": 2231, "private": 0, "password": null}