{"id": "gen9randombattle-2260755066", "format": "[Gen 9] Random Battle", "players": ["qiuescent", "ralilinsky"], "log": "|j|\u203dqiuescent\n|j|\u2606ralilinsky\n|t:|1733887348\n|gametype|singles\n|player|p1|qiuescent|266|2233\n|player|p2|ralilinsky|dahlia|2217\n|teamsize|p1|6\n|teamsize|p2|6\n|gen|9\n|tier|[Gen 9] Random Battle\n|rated|\n|rule|Species Clause: Limit one of each Pok\u00e9mon\n|rule|HP Percentage Mod: HP is shown in percentages\n|rule|Sleep Clause Mod: Limit one foe put to sleep\n|rule|Illusion Level Mod: Illusion disguises the Pok\u00e9mon's true level\n|\n|t:|1733887348\n|start\n|switch|p1a: Klawf|Klawf, L90, F|272/272\n|switch|p2a: Farigiraf|Farigiraf, L91, M|366/366\n|turn|1\n|\n|t:|1733887372\n|move|p1a: Klawf|Knock Off|p2a: Farigiraf\n|-supereffective|p2a: Farigiraf\n|-damage|p2a: Farigiraf|178/366\n|-enditem|p2a: Farigiraf|Leftovers|[from] move: Knock Off|[of] p1a: Klawf\n|move|p2a: Farigiraf|Future Sight|p1a: Klawf\n|-start|p2a: Farigiraf|move: Future Sight\n|\n|upkeep\n|turn|2\n|\n|t:|1733887398\n|move|p1a: Klawf|Knock Off|p2a: Farigiraf\n|-supereffective|p2a: Farigiraf\n|-damage|p2a: Farigiraf|64/366\n|move|p2a: Farigiraf|Wish|p2a: Farigiraf\n|\n|upkeep\n|turn|3\n|inactive|Battle timer is ON: inactive players will automatically lose when time's up. (requested by ralilinsky)\n|\n|t:|1733887404\n|switch|p1a: Incineroar|Incineroar, L82, F|290/290\n|-ability|p1a: Incineroar|Intimidate|boost\n|-unboost|p2a: Farigiraf|atk|1\n|move|p2a: Farigiraf|Protect||[still]\n|-fail|p2a: Farigiraf\n|\n|-end|p1a: Incineroar|move: Future Sight\n|-immune|p1a: Incineroar\n|-heal|p2a: Farigiraf|247/366|[from] move: Wish|[wisher] Farigiraf\n|upkeep\n|turn|4\n|\n|t:|1733887427\n|move|p2a: Farigiraf|Wish|p2a: Farigiraf\n|move|p1a: Incineroar|Knock Off|p2a: Farigiraf\n|-supereffective|p2a: Farigiraf\n|-damage|p2a: Farigiraf|79/366\n|\n|upkeep\n|turn|5\n|\n|t:|1733887432\n|move|p2a: Farigiraf|Protect|p2a: Farigiraf\n|-singleturn|p2a: Farigiraf|Protect\n|move|p1a: Incineroar|Knock Off|p2a: Farigiraf\n|-activate|p2a: Farigiraf|move: Protect\n|\n|-heal|p2a: Farigiraf|262/366|[from] move: Wish|[wisher] Farigiraf\n|upkeep\n|turn|6\n|\n|t:|1733887436\n|switch|p2a: Diancie|Diancie, L82|216/216\n|move|p1a: Incineroar|Knock Off|p2a: Diancie\n|-resisted|p2a: Diancie\n|-damage|p2a: Diancie|177/216\n|-enditem|p2a: Diancie|Leftovers|[from] move: Knock Off|[of] p1a: Incineroar\n|\n|upkeep\n|turn|7\n|\n|t:|1733887450\n|switch|p1a: Ogerpon|Ogerpon, L80, F|259/259\n|move|p2a: Diancie|Diamond Storm|p1a: Ogerpon\n|-damage|p1a: Ogerpon|154/259\n|-boost|p2a: Diancie|def|2\n|\n|upkeep\n|turn|8\n|inactive|ralilinsky has 120 seconds left.\n|\n|t:|1733887483\n|-terastallize|p2a: Diancie|Fairy\n|move|p1a: Ogerpon|Ivy Cudgel|p2a: Diancie\n|-crit|p2a: Diancie\n|-damage|p2a: Diancie|25/216\n|-damage|p1a: Ogerpon|129/259|[from] item: Life Orb\n|move|p2a: Diancie|Diamond Storm|p1a: Ogerpon\n|-damage|p1a: Ogerpon|12/259\n|-boost|p2a: Diancie|def|2\n|\n|upkeep\n|turn|9\n|\n|t:|1733887492\n|move|p1a: Ogerpon|Ivy Cudgel|p2a: Diancie\n|-damage|p2a: Diancie|0 fnt\n|faint|p2a: Diancie\n|-damage|p1a: Ogerpon|0 fnt|[from] item: Life Orb\n|faint|p1a: Ogerpon\n|\n|upkeep\n|\n|t:|1733887506\n|switch|p1a: Veluza|Veluza, L85, M|292/292\n|switch|p2a: Farigiraf|Farigiraf, L91, M|262/366\n|turn|10\n|\n|t:|1733887512\n|move|p1a: Veluza|Fillet Away|p1a: Veluza\n|-boost|p1a: Veluza|atk|2\n|-boost|p1a: Veluza|spa|2\n|-boost|p1a: Veluza|spe|2\n|-damage|p1a: Veluza|146/292\n|-enditem|p1a: Veluza|Sitrus Berry|[eat]\n|-heal|p1a: Veluza|219/292|[from] item: Sitrus Berry\n|move|p2a: Farigiraf|Hyper Voice|p1a: Veluza\n|-damage|p1a: Veluza|65/292\n|\n|upkeep\n|turn|11\n|inactive|ralilinsky has 120 seconds left.\n|inactive|ralilinsky has 90 seconds left.\n|\n|t:|1733887567\n|move|p1a: Veluza|Night Slash|p2a: Farigiraf\n|-supereffective|p2a: Farigiraf\n|-damage|p2a: Farigiraf|0 fnt\n|faint|p2a: Farigiraf\n|\n|upkeep\n|inactive|ralilinsky has 90 seconds left.\n|\n|t:|1733887580\n|switch|p2a: Conkeldurr|Conkeldurr, L80, F|299/299\n|turn|12\n|\n|t:|1733887584\n|move|p2a: Conkeldurr|Mach Punch|p1a: Veluza\n|-resisted|p1a: Veluza\n|-damage|p1a: Veluza|35/292\n|move|p1a: Veluza|Psycho Cut|p2a: Conkeldurr\n|-supereffective|p2a: Conkeldurr\n|-damage|p2a: Conkeldurr|0 fnt\n|faint|p2a: Conkeldurr\n|\n|upkeep\n|-message|ralilinsky forfeited.\n|\n|win|qiuescent\n|raw|qiuescent's rating: 2233 &rarr; <strong>2252</strong><br />(+19 for winning)\n|raw|ralilinsky's rating: 2217 &rarr; <strong>2198</strong><br />(-19 for losing)\n", "inputlog": ">version bfd83cad13791eb5a5a409923076391caf6fb4d4\n>start {\"formatid\":\"gen9randombattle\",\"seed\":[17270,46266,59811,15262],\"rated\":\"Rated battle\"}\n>player p1 {\"name\":\"qiuescent\",\"avatar\":\"266\",\"rating\":2233,\"seed\":[33772,905,33053,14644]}\n>player p2 {\"name\":\"ralilinsky\",\"avatar\":\"dahlia\",\"rating\":2217,\"seed\":[47045,57654,34112,29768]}\n>p1 move knockoff\n>p2 move futuresight\n>p1 move knockoff\n>p2 move wish\n>p1 switch 3\n>p2 move protect\n>p1 move knockoff\n>p2 move wish\n>p1 move knockoff\n>p2 move protect\n>p1 move knockoff\n>p2 switch 6\n>p1 switch 5\n>p2 move diamondstorm\n>p1 move ivycudgel\n>p2 move diamondstorm terastallize\n>p1 move ivycudgel\n>p2 move drainingkiss\n>p1 switch 6\n>p2 switch 6\n>p1 move filletaway\n>p2 move hypervoice\n>p1 move nightslash\n>p2 move hypervoice\n>p2 switch 4\n>p1 move psychocut\n>p2 move machpunch\n>forcelose p2", "uploadtime": 1733887599, "views": 8, "formatid": "gen9randombattle", "rating": 2198, "private": 0, "password": null}