{"id": "gen9randombattle-2003276926", "format": "[Gen 9] Random Battle", "players": ["pokeblade\u2606101", "Thick Room"], "log": "|j|\u2606pokeblade\u2606101\n|j|\u2606Thick Room\n|t:|1701539934\n|gametype|singles\n|player|p1|pokeblade\u2606101|#helpstaffxmas|2300\n|player|p2|Thick Room|janitor|2221\n|teamsize|p1|6\n|teamsize|p2|6\n|gen|9\n|tier|[Gen 9] Random Battle\n|rated|\n|rule|Species Clause: Limit one of each Pok\u00e9mon\n|rule|HP Percentage Mod: HP is shown in percentages\n|rule|Sleep Clause Mod: Limit one foe put to sleep\n|rule|Illusion Level Mod: Illusion disguises the Pok\u00e9mon's true level\n|\n|t:|1701539934\n|start\n|switch|p1a: Mamoswine|Mamoswine, L81, F|311/311\n|switch|p2a: Girafarig|Girafarig, L89, F|269/269\n|turn|1\n|\n|t:|1701539950\n|move|p2a: Girafarig|Nasty Plot|p2a: Girafarig\n|-boost|p2a: Girafarig|spa|2\n|move|p1a: Mamoswine|Knock Off|p2a: Girafarig\n|-supereffective|p2a: Girafarig\n|-damage|p2a: Girafarig|75/269\n|-enditem|p2a: Girafarig|Eviolite|[from] move: Knock Off|[of] p1a: Mamoswine\n|\n|upkeep\n|turn|2\n|j| Fake Peralta\n|\n|t:|1701539958\n|switch|p1a: Bombirdier|Bombirdier, L85, M|258/258\n|move|p2a: Girafarig|Psyshock|p1a: Bombirdier\n|-immune|p1a: Bombirdier\n|\n|upkeep\n|turn|3\n|j| Nodragondanceinrb\n|j| Wachowder\n|\n|t:|1701539965\n|move|p1a: Bombirdier|Sucker Punch|p2a: Girafarig\n|-supereffective|p2a: Girafarig\n|-damage|p2a: Girafarig|0 fnt\n|faint|p2a: Girafarig\n|\n|upkeep\n|\n|t:|1701539975\n|switch|p2a: Rotom|Rotom-Heat, L82|216/216\n|turn|4\n|\n|t:|1701539991\n|switch|p1a: Eelektross|Eelektross, L87, M|290/290\n|move|p2a: Rotom|Will-O-Wisp|p1a: Eelektross\n|-status|p1a: Eelektross|brn\n|\n|-damage|p1a: Eelektross|272/290 brn|[from] brn\n|upkeep\n|turn|5\n|\n|t:|1701539999\n|move|p2a: Rotom|Volt Switch|p1a: Eelektross\n|-resisted|p1a: Eelektross\n|-damage|p1a: Eelektross|248/290 brn\n|\n|t:|1701540012\n|switch|p2a: Magnezone|Magnezone, L85|258/258|[from] Volt Switch\n|move|p1a: Eelektross|Acid Spray|p2a: Magnezone\n|-immune|p2a: Magnezone\n|\n|-damage|p1a: Eelektross|230/290 brn|[from] brn\n|upkeep\n|turn|6\n|\n|t:|1701540019\n|move|p2a: Magnezone|Body Press|p1a: Eelektross\n|-damage|p1a: Eelektross|157/290 brn\n|move|p1a: Eelektross|Knock Off|p2a: Magnezone\n|-damage|p2a: Magnezone|226/258\n|-enditem|p2a: Magnezone|Choice Scarf|[from] move: Knock Off|[of] p1a: Eelektross\n|\n|-damage|p1a: Eelektross|139/290 brn|[from] brn\n|upkeep\n|turn|7\n|\n|t:|1701540028\n|switch|p1a: Sunflora|Sunflora, F|312/312\n|move|p2a: Magnezone|Body Press|p1a: Sunflora\n|-damage|p1a: Sunflora|239/312\n|\n|upkeep\n|turn|8\n|\n|t:|1701540034\n|move|p2a: Magnezone|Volt Switch|p1a: Sunflora\n|-resisted|p1a: Sunflora\n|-damage|p1a: Sunflora|197/312\n|\n|t:|1701540037\n|switch|p2a: Tropius|Tropius, L90, M|324/324|[from] Volt Switch\n|move|p1a: Sunflora|Leaf Storm|p2a: Tropius\n|-resisted|p2a: Tropius\n|-damage|p2a: Tropius|256/324\n|-unboost|p1a: Sunflora|spa|2\n|\n|upkeep\n|turn|9\n|\n|t:|1701540056\n|switch|p1a: Zapdos|Zapdos, L78|268/268\n|move|p2a: Tropius|Substitute|p2a: Tropius\n|-start|p2a: Tropius|Substitute\n|-damage|p2a: Tropius|175/324\n|\n|upkeep\n|turn|10\n|\n|t:|1701540061\n|move|p1a: Zapdos|Discharge|p2a: Tropius\n|-end|p2a: Tropius|Substitute\n|move|p2a: Tropius|Leech Seed|p1a: Zapdos\n|-start|p1a: Zapdos|move: Leech Seed\n|\n|-damage|p1a: Zapdos|235/268|[from] Leech Seed|[of] p2a: Tropius\n|-heal|p2a: Tropius|208/324|[silent]\n|upkeep\n|turn|11\n|\n|t:|1701540080\n|move|p1a: Zapdos|Discharge|p2a: Tropius\n|-damage|p2a: Tropius|130/324\n|-enditem|p2a: Tropius|Sitrus Berry|[eat]\n|-heal|p2a: Tropius|211/324|[from] item: Sitrus Berry\n|move|p2a: Tropius|Substitute|p2a: Tropius\n|-start|p2a: Tropius|Substitute\n|-damage|p2a: Tropius|130/324\n|\n|-damage|p1a: Zapdos|202/268|[from] Leech Seed|[of] p2a: Tropius\n|-heal|p2a: Tropius|163/324|[silent]\n|upkeep\n|turn|12\n|\n|t:|1701540099\n|switch|p1a: Eelektross|Eelektross, L87, M|139/290 brn\n|move|p2a: Tropius|Protect||[still]\n|-fail|p2a: Tropius\n|\n|-damage|p1a: Eelektross|121/290 brn|[from] brn\n|upkeep\n|turn|13\n|\n|t:|1701540105\n|move|p2a: Tropius|Leech Seed|p1a: Eelektross\n|-start|p1a: Eelektross|move: Leech Seed\n|move|p1a: Eelektross|U-turn|p2a: Tropius\n|-crit|p2a: Tropius\n|-activate|p2a: Tropius|move: Substitute|[damage]\n|\n|t:|1701540108\n|switch|p1a: Zapdos|Zapdos, L78|202/268|[from] U-turn\n|\n|upkeep\n|turn|14\n|\n|t:|1701540115\n|move|p1a: Zapdos|Discharge|p2a: Tropius\n|-end|p2a: Tropius|Substitute\n|move|p2a: Tropius|Leech Seed|p1a: Zapdos\n|-start|p1a: Zapdos|move: Leech Seed\n|\n|-damage|p1a: Zapdos|169/268|[from] Leech Seed|[of] p2a: Tropius\n|-heal|p2a: Tropius|196/324|[silent]\n|upkeep\n|turn|15\n|\n|t:|1701540122\n|switch|p2a: Rotom|Rotom-Heat, L82|216/216\n|move|p1a: Zapdos|Roost|p1a: Zapdos\n|-heal|p1a: Zapdos|268/268\n|-singleturn|p1a: Zapdos|move: Roost\n|\n|-damage|p1a: Zapdos|235/268|[from] Leech Seed|[of] p2a: Rotom\n|upkeep\n|turn|16\n|\n|t:|1701540134\n|move|p1a: Zapdos|U-turn|p2a: Rotom\n|-resisted|p2a: Rotom\n|-damage|p2a: Rotom|197/216\n|\n|t:|1701540154\n|switch|p1a: Eelektross|Eelektross, L87, M|121/290 brn|[from] U-turn\n|move|p2a: Rotom|Volt Switch|p1a: Eelektross\n|-resisted|p1a: Eelektross\n|-damage|p1a: Eelektross|97/290 brn\n|\n|t:|1701540171\n|switch|p2a: Basculegion|Basculegion, L83, M|335/335|[from] Volt Switch\n|\n|-damage|p1a: Eelektross|79/290 brn|[from] brn\n|upkeep\n|turn|17\n|\n|t:|1701540192\n|move|p2a: Basculegion|Wave Crash|p1a: Eelektross\n|-damage|p1a: Eelektross|0 fnt\n|faint|p1a: Eelektross\n|-damage|p2a: Basculegion|309/335|[from] Recoil\n|\n|upkeep\n|\n|t:|1701540198\n|switch|p1a: Sunflora|Sunflora, F|197/312\n|turn|18\n|\n|t:|1701540205\n|switch|p2a: Magnezone|Magnezone, L85|226/258\n|move|p1a: Sunflora|Leaf Storm|p2a: Magnezone\n|-resisted|p2a: Magnezone\n|-damage|p2a: Magnezone|63/258\n|-unboost|p1a: Sunflora|spa|2\n|\n|upkeep\n|turn|19\n|\n|t:|1701540221\n|switch|p1a: Zapdos|Zapdos, L78|235/268\n|move|p2a: Magnezone|Flash Cannon|p1a: Zapdos\n|-resisted|p1a: Zapdos\n|-damage|p1a: Zapdos|180/268\n|\n|upkeep\n|turn|20\n|\n|t:|1701540228\n|move|p1a: Zapdos|Roost|p1a: Zapdos\n|-heal|p1a: Zapdos|268/268\n|-singleturn|p1a: Zapdos|move: Roost\n|move|p2a: Magnezone|Volt Switch|p1a: Zapdos\n|-resisted|p1a: Zapdos\n|-damage|p1a: Zapdos|217/268\n|\n|t:|1701540238\n|switch|p2a: Rotom|Rotom-Heat, L82|197/216|[from] Volt Switch\n|\n|upkeep\n|turn|21\n|\n|t:|1701540246\n|move|p1a: Zapdos|Hurricane|p2a: Rotom\n|-resisted|p2a: Rotom\n|-damage|p2a: Rotom|139/216\n|-start|p2a: Rotom|confusion\n|-activate|p2a: Rotom|confusion\n|-damage|p2a: Rotom|126/216|[from] confusion\n|\n|upkeep\n|turn|22\n|\n|t:|1701540263\n|move|p1a: Zapdos|Hurricane|p2a: Rotom|[miss]\n|-miss|p1a: Zapdos|p2a: Rotom\n|-end|p2a: Rotom|confusion\n|move|p2a: Rotom|Will-O-Wisp|p1a: Zapdos\n|-status|p1a: Zapdos|brn\n|\n|-damage|p1a: Zapdos|201/268 brn|[from] brn\n|upkeep\n|turn|23\n|\n|t:|1701540271\n|move|p1a: Zapdos|Hurricane|p2a: Rotom\n|-resisted|p2a: Rotom\n|-damage|p2a: Rotom|72/216\n|move|p2a: Rotom|Thunderbolt|p1a: Zapdos\n|-damage|p1a: Zapdos|107/268 brn\n|\n|-damage|p1a: Zapdos|91/268 brn|[from] brn\n|upkeep\n|turn|24\n|\n|t:|1701540279\n|move|p1a: Zapdos|Roost|p1a: Zapdos\n|-heal|p1a: Zapdos|225/268 brn\n|-singleturn|p1a: Zapdos|move: Roost\n|move|p2a: Rotom|Overheat|p1a: Zapdos\n|-damage|p1a: Zapdos|77/268 brn\n|-unboost|p2a: Rotom|spa|2\n|\n|-damage|p1a: Zapdos|61/268 brn|[from] brn\n|upkeep\n|turn|25\n|\n|t:|1701540288\n|move|p1a: Zapdos|Roost|p1a: Zapdos\n|-heal|p1a: Zapdos|195/268 brn\n|-singleturn|p1a: Zapdos|move: Roost\n|move|p2a: Rotom|Volt Switch|p1a: Zapdos\n|-resisted|p1a: Zapdos\n|-damage|p1a: Zapdos|174/268 brn\n|\n|t:|1701540299\n|switch|p2a: Magnezone|Magnezone, L85|63/258|[from] Volt Switch\n|\n|-damage|p1a: Zapdos|158/268 brn|[from] brn\n|upkeep\n|turn|26\n|\n|t:|1701540314\n|move|p1a: Zapdos|Roost|p1a: Zapdos\n|-heal|p1a: Zapdos|268/268 brn\n|-singleturn|p1a: Zapdos|move: Roost\n|move|p2a: Magnezone|Flash Cannon|p1a: Zapdos\n|-resisted|p1a: Zapdos\n|-damage|p1a: Zapdos|209/268 brn\n|\n|-damage|p1a: Zapdos|193/268 brn|[from] brn\n|upkeep\n|turn|27\n|\n|t:|1701540323\n|move|p1a: Zapdos|Discharge|p2a: Magnezone\n|-resisted|p2a: Magnezone\n|-damage|p2a: Magnezone|18/258\n|move|p2a: Magnezone|Thunderbolt|p1a: Zapdos\n|-damage|p1a: Zapdos|51/268 brn\n|\n|-damage|p1a: Zapdos|35/268 brn|[from] brn\n|upkeep\n|turn|28\n|\n|t:|1701540332\n|move|p1a: Zapdos|Roost|p1a: Zapdos\n|-heal|p1a: Zapdos|169/268 brn\n|-singleturn|p1a: Zapdos|move: Roost\n|move|p2a: Magnezone|Body Press|p1a: Zapdos\n|-damage|p1a: Zapdos|93/268 brn\n|\n|-damage|p1a: Zapdos|77/268 brn|[from] brn\n|upkeep\n|turn|29\n|\n|t:|1701540357\n|move|p1a: Zapdos|Roost|p1a: Zapdos\n|-heal|p1a: Zapdos|211/268 brn\n|-singleturn|p1a: Zapdos|move: Roost\n|move|p2a: Magnezone|Body Press|p1a: Zapdos\n|-damage|p1a: Zapdos|139/268 brn\n|\n|-damage|p1a: Zapdos|123/268 brn|[from] brn\n|upkeep\n|turn|30\n|\n|t:|1701540366\n|move|p1a: Zapdos|Discharge|p2a: Magnezone\n|-resisted|p2a: Magnezone\n|-damage|p2a: Magnezone|0 fnt\n|faint|p2a: Magnezone\n|\n|-damage|p1a: Zapdos|107/268 brn|[from] brn\n|upkeep\n|\n|t:|1701540373\n|switch|p2a: Rotom|Rotom-Heat, L82|72/216\n|turn|31\n|\n|t:|1701540388\n|move|p1a: Zapdos|Roost|p1a: Zapdos\n|-heal|p1a: Zapdos|241/268 brn\n|-singleturn|p1a: Zapdos|move: Roost\n|move|p2a: Rotom|Thunderbolt|p1a: Zapdos\n|-resisted|p1a: Zapdos\n|-damage|p1a: Zapdos|190/268 brn\n|\n|-damage|p1a: Zapdos|174/268 brn|[from] brn\n|upkeep\n|turn|32\n|j| THEAsianFaLiUrE\n|\n|t:|1701540430\n|move|p1a: Zapdos|Hurricane|p2a: Rotom|[miss]\n|-miss|p1a: Zapdos|p2a: Rotom\n|move|p2a: Rotom|Overheat|p1a: Zapdos\n|-damage|p1a: Zapdos|24/268 brn\n|-unboost|p2a: Rotom|spa|2\n|\n|-damage|p1a: Zapdos|8/268 brn|[from] brn\n|upkeep\n|turn|33\n|\n|t:|1701540438\n|move|p1a: Zapdos|Hurricane|p2a: Rotom\n|-resisted|p2a: Rotom\n|-damage|p2a: Rotom|21/216\n|move|p2a: Rotom|Volt Switch|p1a: Zapdos\n|-damage|p1a: Zapdos|0 fnt\n|faint|p1a: Zapdos\n|\n|t:|1701540447\n|switch|p2a: Cramorant|Cramorant, L86, F|261/261|[from] Volt Switch\n|\n|upkeep\n|\n|t:|1701540474\n|switch|p1a: Bombirdier|Bombirdier, L85, M|258/258\n|turn|34\n|\n|t:|1701540498\n|-terastallize|p2a: Cramorant|Ground\n|move|p2a: Cramorant|Surf|p1a: Bombirdier\n|-formechange|p2a: Cramorant|Cramorant-Gulping|\n|-damage|p1a: Bombirdier|170/258\n|move|p1a: Bombirdier|Stone Edge|p2a: Cramorant\n|-resisted|p2a: Cramorant\n|-damage|p2a: Cramorant|134/261\n|-damage|p1a: Bombirdier|106/258|[from] ability: Gulp Missile|[of] p2a: Cramorant\n|-unboost|p1a: Bombirdier|def|1\n|-formechange|p2a: Cramorant|Cramorant|\n|\n|upkeep\n|turn|35\n|\n|t:|1701540531\n|switch|p1a: Sunflora|Sunflora, F|197/312\n|move|p2a: Cramorant|Roost|p2a: Cramorant\n|-heal|p2a: Cramorant|261/261\n|\n|upkeep\n|turn|36\n|\n|t:|1701540537\n|switch|p1a: Mamoswine|Mamoswine, L81, F|311/311\n|move|p2a: Cramorant|Brave Bird|p1a: Mamoswine\n|-damage|p1a: Mamoswine|185/311\n|-damage|p2a: Cramorant|219/261|[from] Recoil\n|\n|upkeep\n|turn|37\n|\n|t:|1701540550\n|move|p1a: Mamoswine|Ice Shard|p2a: Cramorant\n|-supereffective|p2a: Cramorant\n|-damage|p2a: Cramorant|1/261\n|move|p2a: Cramorant|Surf|p1a: Mamoswine\n|-formechange|p2a: Cramorant|Cramorant-Gorging|\n|-supereffective|p1a: Mamoswine\n|-damage|p1a: Mamoswine|0 fnt\n|faint|p1a: Mamoswine\n|\n|upkeep\n|\n|t:|1701540557\n|switch|p1a: Sunflora|Sunflora, F|197/312\n|turn|38\n|\n|t:|1701540568\n|move|p2a: Cramorant|Brave Bird|p1a: Sunflora\n|-supereffective|p1a: Sunflora\n|-damage|p1a: Sunflora|0 fnt\n|faint|p1a: Sunflora\n|-damage|p2a: Cramorant|0 fnt|[from] Recoil\n|faint|p2a: Cramorant\n|\n|upkeep\n|\n|t:|1701540577\n|switch|p2a: Rotom|Rotom-Heat, L82|21/216\n|switch|p1a: Bombirdier|Bombirdier, L85, M|106/258\n|turn|39\n|\n|t:|1701540586\n|move|p1a: Bombirdier|Knock Off|p2a: Rotom\n|-damage|p2a: Rotom|0 fnt\n|-enditem|p2a: Rotom|Heavy-Duty Boots|[from] move: Knock Off|[of] p1a: Bombirdier\n|faint|p2a: Rotom\n|\n|upkeep\n|\n|t:|1701540592\n|switch|p2a: Basculegion|Basculegion, L83, M|309/335\n|turn|40\n|\n|t:|1701540596\n|move|p1a: Bombirdier|Knock Off|p2a: Basculegion\n|-supereffective|p2a: Basculegion\n|-damage|p2a: Basculegion|0 fnt\n|-enditem|p2a: Basculegion|Assault Vest|[from] move: Knock Off|[of] p1a: Bombirdier\n|faint|p2a: Basculegion\n|\n|upkeep\n|\n|t:|1701540601\n|switch|p2a: Tropius|Tropius, L90, M|196/324\n|turn|41\n|\n|t:|1701540607\n|move|p1a: Bombirdier|Knock Off|p2a: Tropius\n|-damage|p2a: Tropius|87/324\n|move|p2a: Tropius|Air Slash|p1a: Bombirdier\n|-damage|p1a: Bombirdier|24/258\n|\n|-item|p2a: Tropius|Sitrus Berry|[from] ability: Harvest\n|upkeep\n|-enditem|p2a: Tropius|Sitrus Berry|[eat]\n|-heal|p2a: Tropius|168/324|[from] item: Sitrus Berry\n|turn|42\n|\n|t:|1701540625\n|switch|p1a: Zacian|Zacian-Crowned, L64|225/225\n|-ability|p1a: Zacian|Intrepid Sword|boost\n|-boost|p1a: Zacian|atk|1\n|move|p2a: Tropius|Leech Seed|p1a: Zacian\n|-start|p1a: Zacian|move: Leech Seed\n|\n|-damage|p1a: Zacian|197/225|[from] Leech Seed|[of] p2a: Tropius\n|-heal|p2a: Tropius|196/324|[silent]\n|upkeep\n|turn|43\n|\n|t:|1701540635\n|move|p1a: Zacian|Swords Dance|p1a: Zacian\n|-boost|p1a: Zacian|atk|2\n|move|p2a: Tropius|Substitute|p2a: Tropius\n|-start|p2a: Tropius|Substitute\n|-damage|p2a: Tropius|115/324\n|\n|-damage|p1a: Zacian|169/225|[from] Leech Seed|[of] p2a: Tropius\n|-heal|p2a: Tropius|143/324|[silent]\n|-item|p2a: Tropius|Sitrus Berry|[from] ability: Harvest\n|upkeep\n|-enditem|p2a: Tropius|Sitrus Berry|[eat]\n|-heal|p2a: Tropius|224/324|[from] item: Sitrus Berry\n|turn|44\n|\n|t:|1701540646\n|move|p2a: Tropius|Protect|p2a: Tropius\n|-singleturn|p2a: Tropius|Protect\n|move|p1a: Zacian|Behemoth Blade|p2a: Tropius\n|-activate|p2a: Tropius|move: Protect\n|\n|-damage|p1a: Zacian|141/225|[from] Leech Seed|[of] p2a: Tropius\n|-heal|p2a: Tropius|252/324|[silent]\n|upkeep\n|turn|45\n|-message|pokeblade\u2606101 forfeited.\n|\n|win|Thick Room\n|raw|pokeblade\u2606101's rating: 2252 &rarr; <strong>2230</strong><br />(-22 for losing)\n|raw|Thick Room's rating: 2221 &rarr; <strong>2243</strong><br />(+22 for winning)\n|l|\u2606pokeblade\u2606101\n", "inputlog": ">version 13c8c190640db44383e729cb060ae5378271d604\n>version-origin 603e3cd82fdfe84d212deced846c29c90e430d2b\n>start {\"formatid\":\"gen9randombattle\",\"seed\":[16949,60908,18767,39924],\"rated\":\"Rated battle\"}\n>player p1 {\"name\":\"pokeblade\u2606101\",\"avatar\":\"#helpstaffxmas\",\"rating\":2300,\"seed\":[37819,16248,49673,13156]}\n>player p2 {\"name\":\"Thick Room\",\"avatar\":\"janitor\",\"rating\":2221,\"seed\":[63906,23814,50385,24367]}\n>p1 move knockoff\n>p2 move nastyplot\n>p1 switch 2\n>p2 move psyshock\n>p1 move suckerpunch\n>p2 move thunderbolt\n>p2 switch 5\n>p1 switch 4\n>p2 move willowisp\n>p1 move acidspray\n>p2 move voltswitch\n>p2 switch 2\n>p1 move knockoff\n>p2 move bodypress\n>p1 switch 5\n>p2 move bodypress\n>p1 move leafstorm\n>p2 move voltswitch\n>p2 switch 6\n>p1 switch 6\n>p2 move substitute\n>p1 move discharge\n>p2 move leechseed\n>p1 move discharge\n>p2 move substitute\n>p1 switch 5\n>p2 move protect\n>p1 move uturn\n>p2 move leechseed\n>p1 switch 5\n>p1 move discharge\n>p2 move leechseed\n>p1 move roost\n>p2 switch 2\n>p1 move uturn\n>p2 move voltswitch\n>p1 switch 5\n>p2 switch 3\n>p1 move thunderbolt\n>p2 move wavecrash\n>p1 switch 6\n>p1 move leafstorm\n>p2 switch 6\n>p1 switch 5\n>p2 move flashcannon\n>p1 move roost\n>p2 move voltswitch\n>p2 switch 3\n>p1 move hurricane\n>p2 move willowisp\n>p1 move hurricane\n>p2 move willowisp\n>p1 move hurricane\n>p2 move thunderbolt\n>p1 move roost\n>p2 move overheat\n>p1 move roost\n>p2 move voltswitch\n>p2 switch 3\n>p1 move roost\n>p2 move flashcannon\n>p1 move discharge\n>p2 move thunderbolt\n>p1 move roost\n>p2 move bodypress\n>p1 move roost\n>p2 move bodypress\n>p1 move discharge\n>p2 move bodypress\n>p2 switch 3\n>p1 move roost\n>p2 move thunderbolt\n>p1 move hurricane\n>p2 move overheat\n>p1 move hurricane\n>p2 move voltswitch\n>p2 switch 4\n>p1 switch 4\n>p1 move stoneedge\n>p2 move surf terastallize\n>p1 switch 5\n>p2 move roost\n>p1 switch 2\n>p2 move bravebird\n>p1 move iceshard\n>p2 move surf\n>p1 switch 2\n>p1 move sludgebomb\n>p2 move bravebird\n>p1 switch 5\n>p2 switch 4\n>p1 move knockoff\n>p2 move thunderbolt\n>p2 switch 6\n>p1 move knockoff\n>p2 move wavecrash\n>p2 switch 2\n>p1 move knockoff\n>p2 move airslash\n>p1 switch 3\n>p2 move leechseed\n>p1 move swordsdance\n>p2 move substitute\n>p1 move behemothblade\n>p2 move protect\n>forcelose p1", "uploadtime": 1701540649, "views": 265, "formatid": "gen9randombattle", "rating": 2230, "private": 0, "password": null}