{"id": "gen9randombattle-2110340747", "format": "[Gen 9] Random Battle", "players": ["chemcoop", "marrickchill"], "log": "|uhtml|medal-msg|<div class=\"broadcast-blue\">Curious what those medals under the avatar are? PS now has Ladder Seasons! For more information, check out the <a href=\"https://www.smogon.com/forums/threads/3740067/\">thread on Smogon.</a></div>\n|uhtml|medal-msg|<div class=\"broadcast-blue\">Curious what those medals under the avatar are? PS now has Ladder Seasons! For more information, check out the <a href=\"https://www.smogon.com/forums/threads/3740067/\">thread on Smogon.</a></div>\n|j|\u2606chemcoop\n|j|\u2606marrickchill\n|t:|1713942361\n|gametype|singles\n|player|p1|chemcoop|#chemcoop|2314\n|player|p2|marrickchill|youngster-gen4dp|2228\n|teamsize|p1|6\n|teamsize|p2|6\n|gen|9\n|tier|[Gen 9] Random Battle\n|rated|\n|rule|Species Clause: Limit one of each Pok\u00e9mon\n|rule|HP Percentage Mod: HP is shown in percentages\n|rule|Sleep Clause Mod: Limit one foe put to sleep\n|rule|Illusion Level Mod: Illusion disguises the Pok\u00e9mon's true level\n|\n|t:|1713942361\n|start\n|switch|p1a: Illumise|Illumise, L91, F|266/266\n|switch|p2a: Rhyperior|Rhyperior, L83, M|327/327\n|turn|1\n|j| zaaya\n|\n|t:|1713942449\n|switch|p1a: Oinkologne|Oinkologne-F, L93, F|365/365\n|move|p2a: Rhyperior|Stone Edge|p1a: Oinkologne\n|-damage|p1a: Oinkologne|125/365\n|\n|-heal|p1a: Oinkologne|147/365|[from] item: Leftovers\n|upkeep\n|turn|2\n|\n|t:|1713942457\n|move|p1a: Oinkologne|High Horsepower|p2a: Rhyperior\n|-supereffective|p2a: Rhyperior\n|-damage|p2a: Rhyperior|234/327\n|move|p2a: Rhyperior|Stone Edge|p1a: Oinkologne|[miss]\n|-miss|p2a: Rhyperior|p1a: Oinkologne\n|\n|-heal|p1a: Oinkologne|169/365|[from] item: Leftovers\n|upkeep\n|turn|3\n|\n|t:|1713942465\n|move|p1a: Oinkologne|High Horsepower|p2a: Rhyperior\n|-supereffective|p2a: Rhyperior\n|-damage|p2a: Rhyperior|150/327\n|move|p2a: Rhyperior|Stone Edge|p1a: Oinkologne\n|-damage|p1a: Oinkologne|0 fnt\n|faint|p1a: Oinkologne\n|\n|upkeep\n|\n|t:|1713942469\n|switch|p1a: Glaceon|Glaceon, L94, M|275/275\n|turn|4\n|\n|t:|1713942475\n|switch|p2a: Cresselia|Cresselia, L80, F|323/323\n|move|p1a: Glaceon|Freeze-Dry|p2a: Cresselia\n|-damage|p2a: Cresselia|233/323\n|\n|-heal|p2a: Cresselia|253/323|[from] item: Leftovers\n|upkeep\n|turn|5\n|\n|t:|1713942483\n|switch|p2a: Rhyperior|Rhyperior, L83, M|150/327\n|move|p1a: Glaceon|Freeze-Dry|p2a: Rhyperior\n|-supereffective|p2a: Rhyperior\n|-damage|p2a: Rhyperior|0 fnt\n|faint|p2a: Rhyperior\n|\n|upkeep\n|\n|t:|1713942490\n|switch|p2a: Gholdengo|Gholdengo, L77|261/261\n|turn|6\n|\n|t:|1713942500\n|switch|p1a: Furret|Furret, L93, M|309/309\n|-item|p2a: Gholdengo|Choice Scarf|[from] ability: Frisk|[of] p1a: Furret|[identify]\n|move|p2a: Gholdengo|Trick|p1a: Furret\n|-activate|p2a: Gholdengo|move: Trick|[of] p1a: Furret\n|-item|p1a: Furret|Choice Scarf|[from] move: Trick\n|-item|p2a: Gholdengo|Life Orb|[from] move: Trick\n|\n|upkeep\n|turn|7\n|\n|t:|1713942509\n|switch|p2a: Brute Bonnet|Brute Bonnet, L81|312/312\n|move|p1a: Furret|Knock Off|p2a: Brute Bonnet\n|-resisted|p2a: Brute Bonnet\n|-damage|p2a: Brute Bonnet|277/312\n|-enditem|p2a: Brute Bonnet|Leftovers|[from] move: Knock Off|[of] p1a: Furret\n|\n|upkeep\n|turn|8\n|\n|t:|1713942518\n|switch|p1a: Glaceon|Glaceon, L94, M|275/275\n|move|p2a: Brute Bonnet|Spore|p1a: Glaceon\n|-status|p1a: Glaceon|slp|[from] move: Spore\n|\n|upkeep\n|turn|9\n|\n|t:|1713942526\n|switch|p1a: Illumise|Illumise, L91, F|266/266\n|move|p2a: Brute Bonnet|Crunch|p1a: Illumise\n|-damage|p1a: Illumise|161/266\n|\n|upkeep\n|turn|10\n|\n|t:|1713942532\n|switch|p1a: Mismagius|Mismagius, L86, M|243/243\n|-end|p2a: Brute Bonnet|Protosynthesis|[silent]\n|switch|p2a: Gholdengo|Gholdengo, L77|261/261\n|\n|upkeep\n|turn|11\n|\n|t:|1713942538\n|switch|p2a: Milotic|Milotic, L83, F|293/293\n|move|p1a: Mismagius|Substitute|p1a: Mismagius\n|-start|p1a: Mismagius|Substitute\n|-damage|p1a: Mismagius|183/243\n|\n|-heal|p1a: Mismagius|198/243|[from] item: Leftovers\n|upkeep\n|turn|12\n|\n|t:|1713942546\n|move|p1a: Mismagius|Nasty Plot|p1a: Mismagius\n|-boost|p1a: Mismagius|spa|2\n|move|p2a: Milotic|Scald|p1a: Mismagius\n|-end|p1a: Mismagius|Substitute\n|\n|-heal|p1a: Mismagius|213/243|[from] item: Leftovers\n|upkeep\n|turn|13\n|\n|t:|1713942555\n|move|p1a: Mismagius|Shadow Ball|p2a: Milotic\n|-damage|p2a: Milotic|157/293\n|move|p2a: Milotic|Flip Turn|p1a: Mismagius\n|-damage|p1a: Mismagius|159/243\n|\n|t:|1713942561\n|switch|p2a: Brute Bonnet|Brute Bonnet, L81|277/312|[from] Flip Turn\n|\n|-heal|p1a: Mismagius|174/243|[from] item: Leftovers\n|upkeep\n|turn|14\n|\n|t:|1713942568\n|-terastallize|p1a: Mismagius|Fighting\n|move|p1a: Mismagius|Tera Blast|p2a: Brute Bonnet|[anim] Tera Blast Fighting\n|-supereffective|p2a: Brute Bonnet\n|-damage|p2a: Brute Bonnet|0 fnt\n|faint|p2a: Brute Bonnet\n|-end|p2a: Brute Bonnet|Protosynthesis|[silent]\n|\n|-heal|p1a: Mismagius|189/243|[from] item: Leftovers\n|upkeep\n|\n|t:|1713942580\n|switch|p2a: Cresselia|Cresselia, L80, F|253/323\n|turn|15\n|\n|t:|1713942595\n|move|p1a: Mismagius|Shadow Ball|p2a: Cresselia\n|-supereffective|p2a: Cresselia\n|-damage|p2a: Cresselia|0 fnt\n|faint|p2a: Cresselia\n|\n|-heal|p1a: Mismagius|204/243|[from] item: Leftovers\n|upkeep\n|\n|t:|1713942603\n|switch|p2a: Milotic|Milotic, L83, F|157/293\n|turn|16\n|\n|t:|1713942610\n|move|p1a: Mismagius|Shadow Ball|p2a: Milotic\n|-damage|p2a: Milotic|12/293\n|move|p2a: Milotic|Scald|p1a: Mismagius\n|-damage|p1a: Mismagius|123/243\n|\n|-heal|p1a: Mismagius|138/243|[from] item: Leftovers\n|-heal|p2a: Milotic|30/293|[from] item: Leftovers\n|upkeep\n|turn|17\n|-message|marrickchill forfeited.\n|\n|win|chemcoop\n|raw|chemcoop's rating: 2314 &rarr; <strong>2329</strong><br />(+15 for winning)\n|raw|marrickchill's rating: 2228 &rarr; <strong>2213</strong><br />(-15 for losing)\n|l|\u2606marrickchill\n|player|p2|\n|l|\u2606chemcoop\n|player|p1|\n", "inputlog": ">version 56c3b69fcd3b113ffc796eb8c36c032ea017d75b\n>start {\"formatid\":\"gen9randombattle\",\"seed\":[7959,18534,43901,45056],\"rated\":\"Rated battle\"}\n>player p1 {\"name\":\"chemcoop\",\"avatar\":\"#chemcoop\",\"rating\":2314,\"seed\":[42587,56262,13487,52833]}\n>player p2 {\"name\":\"marrickchill\",\"avatar\":\"youngster-gen4dp\",\"rating\":2228,\"seed\":[47797,1386,11374,38163]}\n>p1 switch 4\n>p2 move stoneedge\n>p1 move highhorsepower\n>p2 move stoneedge\n>p1 move highhorsepower\n>p2 move stoneedge\n>p1 switch 5\n>p1 move freezedry\n>p2 switch 3\n>p1 move freezedry\n>p2 switch 3\n>p2 switch 4\n>p1 switch 3\n>p2 move trick\n>p1 move knockoff\n>p2 switch 6\n>p1 switch 3\n>p2 move spore\n>p1 switch 4\n>p2 move crunch\n>p1 switch 2\n>p2 switch 6\n>p1 move substitute\n>p2 switch 2\n>p1 move nastyplot\n>p2 move scald\n>p1 move shadowball\n>p2 move flipturn\n>p2 switch 6\n>p1 move terablast terastallize\n>p2 move spore\n>p2 switch 3\n>p1 move shadowball\n>p2 move psyshock\n>p2 switch 6\n>p1 move shadowball\n>p2 move scald\n>forcelose p2", "uploadtime": 1713942634, "views": 247, "formatid": "gen9randombattle", "rating": 2213, "private": 0, "password": null}