{"id": "gen9randombattle-2185954391", "format": "[Gen 9] Random Battle", "players": ["Qiuescent", "LT_Alt1"], "log": "|j|\u203dQiuescent\n|j|\u203dLT_Alt1\n|t:|1724395883\n|gametype|singles\n|player|p1|Qiuescent|266|2268\n|player|p2|LT_Alt1|101|2269\n|teamsize|p1|6\n|teamsize|p2|6\n|gen|9\n|tier|[Gen 9] Random Battle\n|rated|\n|rule|Species Clause: Limit one of each Pok\u00e9mon\n|rule|HP Percentage Mod: HP is shown in percentages\n|rule|Sleep Clause Mod: Limit one foe put to sleep\n|rule|Illusion Level Mod: Illusion disguises the Pok\u00e9mon's true level\n|\n|t:|1724395883\n|start\n|switch|p1a: Magnezone|Magnezone, L85|258/258\n|switch|p2a: Chi-Yu|Chi-Yu, L77|211/211\n|-ability|p2a: Chi-Yu|Beads of Ruin\n|turn|1\n|\n|t:|1724395896\n|switch|p1a: Milotic|Milotic, L83, M|293/293\n|move|p2a: Chi-Yu|Overheat|p1a: Milotic\n|-resisted|p1a: Milotic\n|-damage|p1a: Milotic|210/293\n|-unboost|p2a: Chi-Yu|spa|2\n|\n|-heal|p1a: Milotic|228/293|[from] item: Leftovers\n|upkeep\n|turn|2\n|\n|t:|1724395910\n|switch|p2a: Toxicroak|Toxicroak, L84, F|277/277\n|move|p1a: Milotic|Scald|p2a: Toxicroak\n|-immune|p2a: Toxicroak|[from] ability: Dry Skin\n|\n|-heal|p1a: Milotic|246/293|[from] item: Leftovers\n|upkeep\n|turn|3\n|\n|t:|1724395918\n|switch|p2a: Gliscor|Gliscor, L76, M|239/239\n|switch|p1a: Mismagius|Mismagius, L86, F|243/243\n|\n|-status|p2a: Gliscor|tox|[from] item: Toxic Orb\n|upkeep\n|turn|4\n|\n|t:|1724395924\n|move|p1a: Mismagius|Shadow Ball|p2a: Gliscor\n|-damage|p2a: Gliscor|59/239 tox\n|move|p2a: Gliscor|Knock Off|p1a: Mismagius\n|-supereffective|p1a: Mismagius\n|-damage|p1a: Mismagius|95/243\n|-enditem|p1a: Mismagius|Choice Specs|[from] move: Knock Off|[of] p2a: Gliscor\n|\n|-heal|p2a: Gliscor|88/239 tox|[from] ability: Poison Heal\n|upkeep\n|turn|5\n|\n|t:|1724395940\n|move|p2a: Gliscor|Protect|p2a: Gliscor\n|-singleturn|p2a: Gliscor|Protect\n|move|p1a: Mismagius|Shadow Ball|p2a: Gliscor\n|-activate|p2a: Gliscor|move: Protect\n|\n|-heal|p2a: Gliscor|117/239 tox|[from] ability: Poison Heal\n|upkeep\n|turn|6\n|\n|t:|1724395949\n|switch|p2a: Chi-Yu|Chi-Yu, L77|211/211\n|-ability|p2a: Chi-Yu|Beads of Ruin\n|move|p1a: Mismagius|Shadow Ball|p2a: Chi-Yu\n|-resisted|p2a: Chi-Yu\n|-damage|p2a: Chi-Yu|169/211\n|\n|upkeep\n|turn|7\n|\n|t:|1724395967\n|switch|p2a: Gliscor|Gliscor, L76, M|117/239 tox\n|switch|p1a: Mandibuzz|Mandibuzz, L85, F|326/326\n|\n|-heal|p2a: Gliscor|146/239 tox|[from] ability: Poison Heal\n|upkeep\n|turn|8\n|\n|t:|1724395974\n|move|p2a: Gliscor|Toxic Spikes|p1a: Mandibuzz\n|-sidestart|p1: Qiuescent|move: Toxic Spikes\n|move|p1a: Mandibuzz|U-turn|p2a: Gliscor\n|-resisted|p2a: Gliscor\n|-damage|p2a: Gliscor|130/239 tox\n|\n|t:|1724395991\n|switch|p1a: Sylveon|Sylveon, L85, M|300/300|[from] U-turn\n|-status|p1a: Sylveon|psn\n|\n|-heal|p2a: Gliscor|159/239 tox|[from] ability: Poison Heal\n|-damage|p1a: Sylveon|263/300 psn|[from] psn\n|upkeep\n|turn|9\n|\n|t:|1724396003\n|switch|p2a: Gothitelle|Gothitelle, L90, F|272/272\n|move|p1a: Sylveon|Calm Mind|p1a: Sylveon\n|-boost|p1a: Sylveon|spa|1\n|-boost|p1a: Sylveon|spd|1\n|\n|-heal|p1a: Sylveon|281/300 psn|[from] item: Leftovers\n|-damage|p1a: Sylveon|244/300 psn|[from] psn\n|upkeep\n|turn|10\n|\n|t:|1724396011\n|move|p2a: Gothitelle|Calm Mind|p2a: Gothitelle\n|-boost|p2a: Gothitelle|spa|1\n|-boost|p2a: Gothitelle|spd|1\n|move|p1a: Sylveon|Hyper Voice|p2a: Gothitelle\n|-damage|p2a: Gothitelle|160/272\n|\n|-heal|p2a: Gothitelle|177/272|[from] item: Leftovers\n|-heal|p1a: Sylveon|262/300 psn|[from] item: Leftovers\n|-damage|p1a: Sylveon|225/300 psn|[from] psn\n|upkeep\n|turn|11\n|\n|t:|1724396016\n|move|p2a: Gothitelle|Calm Mind|p2a: Gothitelle\n|-boost|p2a: Gothitelle|spa|1\n|-boost|p2a: Gothitelle|spd|1\n|move|p1a: Sylveon|Hyper Voice|p2a: Gothitelle\n|-damage|p2a: Gothitelle|95/272\n|\n|-heal|p2a: Gothitelle|112/272|[from] item: Leftovers\n|-heal|p1a: Sylveon|243/300 psn|[from] item: Leftovers\n|-damage|p1a: Sylveon|206/300 psn|[from] psn\n|upkeep\n|turn|12\n|\n|t:|1724396022\n|move|p2a: Gothitelle|Psychic Noise|p1a: Sylveon\n|-damage|p1a: Sylveon|113/300 psn\n|-start|p1a: Sylveon|move: Heal Block\n|cant|p1a: Sylveon|move: Heal Block|Wish\n|\n|-heal|p2a: Gothitelle|129/272|[from] item: Leftovers\n|-damage|p1a: Sylveon|76/300 psn|[from] psn\n|upkeep\n|turn|13\n|\n|t:|1724396030\n|move|p2a: Gothitelle|Psychic Noise|p1a: Sylveon\n|-damage|p1a: Sylveon|0 fnt\n|faint|p1a: Sylveon\n|\n|-heal|p2a: Gothitelle|146/272|[from] item: Leftovers\n|upkeep\n|\n|t:|1724396035\n|switch|p1a: Mandibuzz|Mandibuzz, L85, F|326/326\n|turn|14\n|\n|t:|1724396042\n|-terastallize|p2a: Gothitelle|Fairy\n|move|p1a: Mandibuzz|Foul Play|p2a: Gothitelle\n|-resisted|p2a: Gothitelle\n|-damage|p2a: Gothitelle|122/272\n|move|p2a: Gothitelle|Thunderbolt|p1a: Mandibuzz\n|-supereffective|p1a: Mandibuzz\n|-damage|p1a: Mandibuzz|76/326\n|\n|-heal|p2a: Gothitelle|139/272|[from] item: Leftovers\n|upkeep\n|turn|15\n|\n|t:|1724396054\n|move|p1a: Mandibuzz|Defog|p2a: Gothitelle\n|-unboost|p2a: Gothitelle|evasion|1\n|-sideend|p1: Qiuescent|Toxic Spikes|[from] move: Defog|[of] p1a: Mandibuzz\n|move|p2a: Gothitelle|Dark Pulse|p1a: Mandibuzz\n|-resisted|p1a: Mandibuzz\n|-damage|p1a: Mandibuzz|14/326\n|\n|-heal|p2a: Gothitelle|156/272|[from] item: Leftovers\n|upkeep\n|turn|16\n|\n|t:|1724396068\n|move|p1a: Mandibuzz|Foul Play|p2a: Gothitelle\n|-resisted|p2a: Gothitelle\n|-damage|p2a: Gothitelle|135/272\n|move|p2a: Gothitelle|Dark Pulse|p1a: Mandibuzz\n|-resisted|p1a: Mandibuzz\n|-damage|p1a: Mandibuzz|0 fnt\n|faint|p1a: Mandibuzz\n|\n|-heal|p2a: Gothitelle|152/272|[from] item: Leftovers\n|upkeep\n|\n|t:|1724396079\n|switch|p1a: Volbeat|Volbeat, L90, M|263/263\n|turn|17\n|\n|t:|1724396086\n|switch|p2a: Gliscor|Gliscor, L76, M|159/239 tox\n|move|p1a: Volbeat|Thunder Wave|p2a: Gliscor\n|-immune|p2a: Gliscor\n|\n|-heal|p2a: Gliscor|188/239 tox|[from] ability: Poison Heal\n|upkeep\n|turn|18\n|\n|t:|1724396097\n|move|p1a: Volbeat|U-turn|p2a: Gliscor\n|-resisted|p2a: Gliscor\n|-damage|p2a: Gliscor|156/239 tox\n|\n|t:|1724396099\n|switch|p1a: Milotic|Milotic, L83, M|246/293|[from] U-turn\n|move|p2a: Gliscor|Knock Off|p1a: Milotic\n|-damage|p1a: Milotic|181/293\n|-enditem|p1a: Milotic|Leftovers|[from] move: Knock Off|[of] p2a: Gliscor\n|\n|-heal|p2a: Gliscor|185/239 tox|[from] ability: Poison Heal\n|upkeep\n|turn|19\n|\n|t:|1724396110\n|move|p2a: Gliscor|Toxic Spikes|p1a: Milotic\n|-sidestart|p1: Qiuescent|move: Toxic Spikes\n|move|p1a: Milotic|Ice Beam|p2a: Gliscor\n|-supereffective|p2a: Gliscor\n|-damage|p2a: Gliscor|0 fnt\n|faint|p2a: Gliscor\n|\n|upkeep\n|\n|t:|1724396122\n|switch|p2a: Toxicroak|Toxicroak, L84, F|277/277\n|turn|20\n|\n|t:|1724396132\n|move|p2a: Toxicroak|Close Combat|p1a: Milotic\n|-damage|p1a: Milotic|0 fnt\n|-unboost|p2a: Toxicroak|def|1\n|-unboost|p2a: Toxicroak|spd|1\n|faint|p1a: Milotic\n|\n|upkeep\n|\n|t:|1724396134\n|switch|p1a: Mismagius|Mismagius, L86, F|95/243\n|turn|21\n|\n|t:|1724396140\n|switch|p2a: Chi-Yu|Chi-Yu, L77|169/211\n|-ability|p2a: Chi-Yu|Beads of Ruin\n|move|p1a: Mismagius|Thunderbolt|p2a: Chi-Yu\n|-damage|p2a: Chi-Yu|109/211\n|\n|upkeep\n|turn|22\n|\n|t:|1724396144\n|move|p2a: Chi-Yu|Flamethrower|p1a: Mismagius\n|-damage|p1a: Mismagius|0 fnt\n|faint|p1a: Mismagius\n|\n|upkeep\n|\n|t:|1724396148\n|switch|p1a: Magnezone|Magnezone, L85|258/258\n|turn|23\n|\n|t:|1724396154\n|move|p2a: Chi-Yu|Flamethrower|p1a: Magnezone\n|-supereffective|p1a: Magnezone\n|-damage|p1a: Magnezone|6/258\n|move|p1a: Magnezone|Discharge|p2a: Chi-Yu\n|-damage|p2a: Chi-Yu|18/211\n|\n|-heal|p1a: Magnezone|22/258|[from] item: Leftovers\n|upkeep\n|turn|24\n|-message|Qiuescent forfeited.\n|\n|win|LT_Alt1\n|raw|Qiuescent's rating: 2244 &rarr; <strong>2225</strong><br />(-19 for losing)\n|raw|LT_Alt1's rating: 2269 &rarr; <strong>2288</strong><br />(+19 for winning)\n|l|\u203dQiuescent\n|player|p1|\n", "inputlog": ">version 6a1360c35b8aa5f7d54e32a492626d5298caa6f7\n>start {\"formatid\":\"gen9randombattle\",\"seed\":[49605,26394,62395,12588],\"rated\":\"Rated battle\"}\n>player p1 {\"name\":\"Qiuescent\",\"avatar\":\"266\",\"rating\":2268,\"seed\":[16569,19862,12173,30405]}\n>player p2 {\"name\":\"LT_Alt1\",\"avatar\":\"101\",\"rating\":2269,\"seed\":[11916,62646,28344,38890]}\n>p1 switch 4\n>p2 move overheat\n>p1 move scald\n>p2 switch 5\n>p1 switch 3\n>p2 switch 6\n>p1 move shadowball\n>p2 move knockoff\n>p1 move shadowball\n>p2 move protect\n>p1 move shadowball\n>p2 switch 5\n>p1 switch 6\n>p2 switch 5\n>p1 move uturn\n>p2 move toxicspikes\n>p1 switch 5\n>p1 move calmmind\n>p2 switch 3\n>p1 move hypervoice\n>p2 move calmmind\n>p1 move hypervoice\n>p2 move calmmind\n>p1 move wish\n>p2 move psychicnoise\n>p1 move hypervoice\n>p2 move psychicnoise\n>p1 switch 5\n>p1 move foulplay\n>p2 move thunderbolt terastallize\n>p1 move defog\n>p2 move darkpulse\n>p1 move foulplay\n>p2 move darkpulse\n>p1 switch 2\n>p1 move thunderwave\n>p2 switch 3\n>p1 move uturn\n>p2 move knockoff\n>p1 switch 3\n>p1 move icebeam\n>p2 move toxicspikes\n>p2 switch 6\n>p1 move recover\n>p2 move closecombat\n>p1 switch 6\n>p1 move thunderbolt\n>p2 switch 5\n>p1 move mysticalfire\n>p2 move flamethrower\n>p1 switch 4\n>p1 move discharge\n>p2 move flamethrower\n>forcelose p1", "uploadtime": 1724396166, "views": 124, "formatid": "gen9randombattle", "rating": 2225, "private": 0, "password": null}