{"id": "gen9randombattle-2260371971", "format": "[Gen 9] Random Battle", "players": ["Yan's Thighs Crush", "RavenLasting"], "log": "|j|\u2606Yan's Thighs Crush\n|j|\u2606RavenLasting\n|t:|1733845078\n|gametype|singles\n|player|p1|Yan's Thighs Crush|acetrainerf|1262\n|player|p2|RavenLasting|steven|1300\n|teamsize|p1|6\n|teamsize|p2|6\n|gen|9\n|tier|[Gen 9] Random Battle\n|rated|\n|rule|Species Clause: Limit one of each Pok\u00e9mon\n|rule|HP Percentage Mod: HP is shown in percentages\n|rule|Sleep Clause Mod: Limit one foe put to sleep\n|rule|Illusion Level Mod: Illusion disguises the Pok\u00e9mon's true level\n|\n|t:|1733845078\n|start\n|switch|p1a: Mienshao|Mienshao, L83, F|244/244\n|switch|p2a: Dudunsparce|Dudunsparce-Three-Segment, L83, M|343/343\n|turn|1\n|inactive|Battle timer is ON: inactive players will automatically lose when time's up. (requested by Yan's Thighs Crush)\n|inactive|RavenLasting has 120 seconds left.\n|\n|t:|1733845120\n|-terastallize|p2a: Dudunsparce|Fairy\n|move|p1a: Mienshao|Fake Out|p2a: Dudunsparce\n|-damage|p2a: Dudunsparce|304/343\n|cant|p2a: Dudunsparce|flinch\n|\n|-heal|p2a: Dudunsparce|325/343|[from] item: Leftovers\n|upkeep\n|turn|2\n|\n|t:|1733845129\n|move|p1a: Mienshao|Knock Off|p2a: Dudunsparce\n|-resisted|p2a: Dudunsparce\n|-damage|p2a: Dudunsparce|283/343\n|-ability|p2a: Dudunsparce|Rattled|boost\n|-boost|p2a: Dudunsparce|spe|1\n|-enditem|p2a: Dudunsparce|Leftovers|[from] move: Knock Off|[of] p1a: Mienshao\n|move|p2a: Dudunsparce|Calm Mind|p2a: Dudunsparce\n|-boost|p2a: Dudunsparce|spa|1\n|-boost|p2a: Dudunsparce|spd|1\n|\n|upkeep\n|turn|3\n|\n|t:|1733845139\n|switch|p1a: Toxtricity|Toxtricity, L82, F|257/257\n|move|p2a: Dudunsparce|Calm Mind|p2a: Dudunsparce\n|-boost|p2a: Dudunsparce|spa|1\n|-boost|p2a: Dudunsparce|spd|1\n|\n|upkeep\n|turn|4\n|\n|t:|1733845148\n|move|p2a: Dudunsparce|Earth Power|p1a: Toxtricity\n|-supereffective|p1a: Toxtricity\n|-damage|p1a: Toxtricity|0 fnt\n|faint|p1a: Toxtricity\n|\n|upkeep\n|\n|t:|1733845154\n|switch|p1a: Excadrill|Excadrill, L79, M|303/303\n|-ability|p1a: Excadrill|Mold Breaker\n|turn|5\n|\n|t:|1733845174\n|-terastallize|p1a: Excadrill|Water\n|move|p2a: Dudunsparce|Earth Power|p1a: Excadrill\n|-damage|p1a: Excadrill|206/303\n|move|p1a: Excadrill|Iron Head|p2a: Dudunsparce\n|-supereffective|p2a: Dudunsparce\n|-damage|p2a: Dudunsparce|83/343\n|\n|upkeep\n|turn|6\n|\n|t:|1733845194\n|move|p2a: Dudunsparce|Boomburst|p1a: Excadrill\n|-damage|p1a: Excadrill|0 fnt\n|faint|p1a: Excadrill\n|\n|upkeep\n|\n|t:|1733845205\n|switch|p1a: Calyrex|Calyrex-Ice, L72|263/263\n|-ability|p1a: Calyrex|As One\n|-ability|p1a: Calyrex|Unnerve\n|turn|7\n|\n|t:|1733845215\n|move|p2a: Dudunsparce|Roost|p2a: Dudunsparce\n|-heal|p2a: Dudunsparce|255/343\n|move|p1a: Calyrex|Trick Room|p1a: Calyrex\n|-fieldstart|move: Trick Room|[of] p1a: Calyrex\n|\n|upkeep\n|turn|8\n|\n|t:|1733845233\n|move|p1a: Calyrex|Glacial Lance|p2a: Dudunsparce\n|-damage|p2a: Dudunsparce|105/343\n|move|p2a: Dudunsparce|Calm Mind|p2a: Dudunsparce\n|-boost|p2a: Dudunsparce|spa|1\n|-boost|p2a: Dudunsparce|spd|1\n|\n|upkeep\n|turn|9\n|\n|t:|1733845242\n|move|p1a: Calyrex|Glacial Lance|p2a: Dudunsparce\n|-damage|p2a: Dudunsparce|0 fnt\n|faint|p2a: Dudunsparce\n|-ability|p1a: Calyrex|Chilling Neigh|boost\n|-boost|p1a: Calyrex|atk|1\n|\n|upkeep\n|\n|t:|1733845262\n|switch|p2a: Scyther|Scyther, L82, M|249/249\n|turn|10\n|\n|t:|1733845270\n|move|p1a: Calyrex|Glacial Lance|p2a: Scyther\n|-supereffective|p2a: Scyther\n|-damage|p2a: Scyther|0 fnt\n|faint|p2a: Scyther\n|-ability|p1a: Calyrex|Chilling Neigh|boost\n|-boost|p1a: Calyrex|atk|1\n|\n|upkeep\n|\n|t:|1733845279\n|switch|p2a: Copperajah|Copperajah, L86, M|350/350\n|turn|11\n|\n|t:|1733845287\n|move|p1a: Calyrex|High Horsepower|p2a: Copperajah\n|-supereffective|p2a: Copperajah\n|-damage|p2a: Copperajah|0 fnt\n|faint|p2a: Copperajah\n|-ability|p1a: Calyrex|Chilling Neigh|boost\n|-boost|p1a: Calyrex|atk|1\n|\n|-fieldend|move: Trick Room\n|upkeep\n|\n|t:|1733845304\n|switch|p2a: Beartic|Beartic, L91, F|321/321\n|turn|12\n|inactive|RavenLasting has 120 seconds left.\n|\n|t:|1733845322\n|move|p2a: Beartic|Earthquake|p1a: Calyrex\n|-crit|p1a: Calyrex\n|-damage|p1a: Calyrex|141/263\n|move|p1a: Calyrex|Trick Room|p1a: Calyrex\n|-fieldstart|move: Trick Room|[of] p1a: Calyrex\n|\n|upkeep\n|turn|13\n|\n|t:|1733845327\n|move|p1a: Calyrex|Close Combat|p2a: Beartic\n|-supereffective|p2a: Beartic\n|-damage|p2a: Beartic|0 fnt\n|-unboost|p1a: Calyrex|def|1\n|-unboost|p1a: Calyrex|spd|1\n|faint|p2a: Beartic\n|-ability|p1a: Calyrex|Chilling Neigh|boost\n|-boost|p1a: Calyrex|atk|1\n|\n|upkeep\n|-message|RavenLasting forfeited.\n|\n|win|Yan's Thighs Crush\n|raw|Yan&apos;s Thighs Crush's rating: 1262 &rarr; <strong>1290</strong><br />(+28 for winning)\n|raw|RavenLasting's rating: 1300 &rarr; <strong>1272</strong><br />(-28 for losing)\n|l|\u2606RavenLasting\n|player|p2|\n", "inputlog": ">version bfd83cad13791eb5a5a409923076391caf6fb4d4\n>start {\"formatid\":\"gen9randombattle\",\"seed\":[1116,14504,59406,48130],\"rated\":\"Rated battle\"}\n>player p1 {\"name\":\"Yan's Thighs Crush\",\"avatar\":\"acetrainerf\",\"rating\":1262,\"seed\":[29601,59181,21765,64848]}\n>player p2 {\"name\":\"RavenLasting\",\"avatar\":\"steven\",\"rating\":1300,\"seed\":[38646,65020,38884,43052]}\n>p1 move fakeout\n>p2 move calmmind terastallize\n>p1 move knockoff\n>p2 move calmmind\n>p1 switch 4\n>p2 move calmmind\n>p1 move gunkshot\n>p2 move earthpower\n>p1 switch 3\n>p1 move ironhead terastallize\n>p2 move earthpower\n>p1 move ironhead\n>p2 move boomburst\n>p1 switch 6\n>p1 move trickroom\n>p2 move roost\n>p1 move glaciallance\n>p2 move calmmind\n>p1 move glaciallance\n>p2 move roost\n>p2 switch 2\n>p1 move glaciallance\n>p2 move bugbite\n>p2 switch 3\n>p1 move highhorsepower\n>p2 move ironhead\n>p2 switch 4\n>p1 move trickroom\n>p2 move earthquake\n>p1 move closecombat\n>p2 move earthquake\n>forcelose p2", "uploadtime": 1733845340, "views": 1, "formatid": "gen9randombattle", "rating": 1272, "private": 0, "password": null}