{"id": "gen9randombattle-2260678960", "format": "[Gen 9] Random Battle", "players": ["sammyc304", "RaZ3xUber"], "log": "|j|\u2606sammyc304\n|j|\u2606RaZ3xUber\n|t:|1733877433\n|gametype|singles\n|player|p1|sammyc304|265|1909\n|player|p2|RaZ3xUber|101|1879\n|teamsize|p1|6\n|teamsize|p2|6\n|gen|9\n|tier|[Gen 9] Random Battle\n|rated|\n|rule|Species Clause: Limit one of each Pok\u00e9mon\n|rule|HP Percentage Mod: HP is shown in percentages\n|rule|Sleep Clause Mod: Limit one foe put to sleep\n|rule|Illusion Level Mod: Illusion disguises the Pok\u00e9mon's true level\n|\n|t:|1733877433\n|start\n|switch|p1a: Regice|Regice, L88|284/284\n|switch|p2a: Toedscruel|Toedscruel, L87, F|281/281\n|turn|1\n|inactive|Battle timer is ON: inactive players will automatically lose when time's up. (requested by sammyc304)\n|\n|t:|1733877456\n|switch|p2a: Coalossal|Coalossal, L89, F|341/341\n|move|p1a: Regice|Thunderbolt|p2a: Coalossal\n|-damage|p2a: Coalossal|277/341\n|\n|upkeep\n|turn|2\n|\n|t:|1733877467\n|switch|p1a: Piloswine|Piloswine, L85, M|309/309\n|move|p2a: Coalossal|Spikes|p1a: Piloswine\n|-sidestart|p1: sammyc304|Spikes\n|\n|upkeep\n|turn|3\n|inactive|RaZ3xUber has 120 seconds left.\n|\n|t:|1733877500\n|switch|p2a: Clawitzer|Clawitzer, L87, F|265/265\n|move|p1a: Piloswine|Earthquake|p2a: Clawitzer\n|-damage|p2a: Clawitzer|150/265\n|\n|upkeep\n|turn|4\n|\n|t:|1733877514\n|switch|p1a: Exeggutor|Exeggutor, L89, M|312/312\n|-damage|p1a: Exeggutor|273/312|[from] Spikes\n|move|p2a: Clawitzer|Water Pulse|p1a: Exeggutor\n|-resisted|p1a: Exeggutor\n|-damage|p1a: Exeggutor|170/312\n|\n|upkeep\n|turn|5\n|inactive|RaZ3xUber has 120 seconds left.\n|\n|t:|1733877530\n|switch|p2a: Coalossal|Coalossal, L89, F|277/341\n|move|p1a: Exeggutor|Substitute|p1a: Exeggutor\n|-start|p1a: Exeggutor|Substitute\n|-damage|p1a: Exeggutor|92/312\n|-enditem|p1a: Exeggutor|Sitrus Berry|[eat]\n|-heal|p1a: Exeggutor|170/312|[from] item: Sitrus Berry\n|\n|upkeep\n|turn|6\n|\n|t:|1733877538\n|move|p1a: Exeggutor|Calm Mind|p1a: Exeggutor\n|-boost|p1a: Exeggutor|spa|1\n|-boost|p1a: Exeggutor|spd|1\n|move|p2a: Coalossal|Spikes|p1a: Exeggutor\n|-sidestart|p1: sammyc304|Spikes\n|\n|upkeep\n|turn|7\n|\n|t:|1733877544\n|move|p1a: Exeggutor|Calm Mind|p1a: Exeggutor\n|-boost|p1a: Exeggutor|spa|1\n|-boost|p1a: Exeggutor|spd|1\n|move|p2a: Coalossal|Stone Edge|p1a: Exeggutor\n|-end|p1a: Exeggutor|Substitute\n|\n|-item|p1a: Exeggutor|Sitrus Berry|[from] ability: Harvest\n|upkeep\n|turn|8\n|\n|t:|1733877550\n|move|p1a: Exeggutor|Substitute|p1a: Exeggutor\n|-start|p1a: Exeggutor|Substitute\n|-damage|p1a: Exeggutor|92/312\n|-enditem|p1a: Exeggutor|Sitrus Berry|[eat]\n|-heal|p1a: Exeggutor|170/312|[from] item: Sitrus Berry\n|move|p2a: Coalossal|Stone Edge|p1a: Exeggutor\n|-end|p1a: Exeggutor|Substitute\n|\n|-item|p1a: Exeggutor|Sitrus Berry|[from] ability: Harvest\n|upkeep\n|turn|9\n|\n|t:|1733877559\n|-terastallize|p1a: Exeggutor|Steel\n|move|p1a: Exeggutor|Substitute|p1a: Exeggutor\n|-start|p1a: Exeggutor|Substitute\n|-damage|p1a: Exeggutor|92/312\n|-enditem|p1a: Exeggutor|Sitrus Berry|[eat]\n|-heal|p1a: Exeggutor|170/312|[from] item: Sitrus Berry\n|move|p2a: Coalossal|Stone Edge|p1a: Exeggutor|[miss]\n|-miss|p2a: Coalossal|p1a: Exeggutor\n|\n|-item|p1a: Exeggutor|Sitrus Berry|[from] ability: Harvest\n|upkeep\n|turn|10\n|\n|t:|1733877573\n|move|p1a: Exeggutor|Calm Mind|p1a: Exeggutor\n|-boost|p1a: Exeggutor|spa|1\n|-boost|p1a: Exeggutor|spd|1\n|move|p2a: Coalossal|Spikes|p1a: Exeggutor\n|-sidestart|p1: sammyc304|Spikes\n|\n|upkeep\n|turn|11\n|\n|t:|1733877581\n|move|p1a: Exeggutor|Calm Mind|p1a: Exeggutor\n|-boost|p1a: Exeggutor|spa|1\n|-boost|p1a: Exeggutor|spd|1\n|move|p2a: Coalossal|Overheat|p1a: Exeggutor\n|-supereffective|p1a: Exeggutor\n|-end|p1a: Exeggutor|Substitute\n|-unboost|p2a: Coalossal|spa|2\n|\n|upkeep\n|turn|12\n|\n|t:|1733877591\n|switch|p2a: Samurott|Samurott, L88, M|310/310\n|move|p1a: Exeggutor|Substitute|p1a: Exeggutor\n|-start|p1a: Exeggutor|Substitute\n|-damage|p1a: Exeggutor|92/312\n|-enditem|p1a: Exeggutor|Sitrus Berry|[eat]\n|-heal|p1a: Exeggutor|170/312|[from] item: Sitrus Berry\n|\n|upkeep\n|turn|13\n|\n|t:|1733877597\n|move|p2a: Samurott|Flip Turn|p1a: Exeggutor\n|-activate|p1a: Exeggutor|move: Substitute|[damage]\n|\n|t:|1733877602\n|switch|p2a: Coalossal|Coalossal, L89, F|277/341|[from] Flip Turn\n|move|p1a: Exeggutor|Giga Drain|p2a: Coalossal\n|-damage|p2a: Coalossal|0 fnt\n|-heal|p1a: Exeggutor|309/312|[from] drain|[of] p2a: Coalossal\n|faint|p2a: Coalossal\n|\n|-item|p1a: Exeggutor|Sitrus Berry|[from] ability: Harvest\n|upkeep\n|c|\u2606sammyc304|Lol\n|inactive|RaZ3xUber has 120 seconds left.\n|\n|t:|1733877634\n|switch|p2a: Toedscruel|Toedscruel, L87, F|281/281\n|turn|14\n|c|\u2606sammyc304|This pineapple is too powerful\n|\n|t:|1733877651\n|move|p2a: Toedscruel|Earth Power|p1a: Exeggutor\n|-supereffective|p1a: Exeggutor\n|-end|p1a: Exeggutor|Substitute\n|move|p1a: Exeggutor|Substitute|p1a: Exeggutor\n|-start|p1a: Exeggutor|Substitute\n|-damage|p1a: Exeggutor|231/312\n|\n|upkeep\n|turn|15\n|\n|t:|1733877658\n|move|p2a: Toedscruel|Earth Power|p1a: Exeggutor\n|-supereffective|p1a: Exeggutor\n|-activate|p1a: Exeggutor|move: Substitute|[damage]\n|move|p1a: Exeggutor|Giga Drain|p2a: Toedscruel\n|-damage|p2a: Toedscruel|53/281\n|-heal|p1a: Exeggutor|312/312|[from] drain|[of] p2a: Toedscruel\n|\n|-heal|p2a: Toedscruel|70/281|[from] item: Leftovers\n|upkeep\n|turn|16\n|\n|t:|1733877669\n|move|p2a: Toedscruel|Rapid Spin|p1a: Exeggutor\n|-resisted|p1a: Exeggutor\n|-end|p1a: Exeggutor|Substitute\n|-boost|p2a: Toedscruel|spe|1\n|move|p1a: Exeggutor|Substitute|p1a: Exeggutor\n|-start|p1a: Exeggutor|Substitute\n|-damage|p1a: Exeggutor|234/312\n|\n|-heal|p2a: Toedscruel|87/281|[from] item: Leftovers\n|upkeep\n|turn|17\n|\n|t:|1733877676\n|move|p2a: Toedscruel|Earth Power|p1a: Exeggutor\n|-supereffective|p1a: Exeggutor\n|-activate|p1a: Exeggutor|move: Substitute|[damage]\n|move|p1a: Exeggutor|Giga Drain|p2a: Toedscruel\n|-damage|p2a: Toedscruel|0 fnt\n|-heal|p1a: Exeggutor|278/312|[from] drain|[of] p2a: Toedscruel\n|faint|p2a: Toedscruel\n|\n|upkeep\n|\n|t:|1733877680\n|switch|p2a: Samurott|Samurott, L88, M|310/310\n|turn|18\n|\n|t:|1733877686\n|move|p2a: Samurott|Flip Turn|p1a: Exeggutor\n|-end|p1a: Exeggutor|Substitute\n|\n|t:|1733877689\n|switch|p2a: Clawitzer|Clawitzer, L87, F|150/265|[from] Flip Turn\n|move|p1a: Exeggutor|Substitute|p1a: Exeggutor\n|-start|p1a: Exeggutor|Substitute\n|-damage|p1a: Exeggutor|200/312\n|\n|upkeep\n|turn|19\n|\n|t:|1733877694\n|move|p2a: Clawitzer|Water Pulse|p1a: Exeggutor\n|-activate|p1a: Exeggutor|move: Substitute|[damage]\n|move|p1a: Exeggutor|Giga Drain|p2a: Clawitzer\n|-supereffective|p2a: Clawitzer\n|-damage|p2a: Clawitzer|0 fnt\n|-heal|p1a: Exeggutor|275/312|[from] drain|[of] p2a: Clawitzer\n|faint|p2a: Clawitzer\n|\n|upkeep\n|c|\u2606sammyc304|Lmao\n|c|\u2606sammyc304|egg sweep\n|\n|t:|1733877711\n|switch|p2a: Samurott|Samurott, L88, M|310/310\n|turn|20\n|\n|t:|1733877729\n|move|p2a: Samurott|Flip Turn|p1a: Exeggutor\n|-end|p1a: Exeggutor|Substitute\n|\n|t:|1733877730\n|switch|p2a: Garganacl|Garganacl, L80, M|291/291|[from] Flip Turn\n|move|p1a: Exeggutor|Giga Drain|p2a: Garganacl\n|-supereffective|p2a: Garganacl\n|-damage|p2a: Garganacl|0 fnt\n|-heal|p1a: Exeggutor|312/312|[from] drain|[of] p2a: Garganacl\n|faint|p2a: Garganacl\n|\n|upkeep\n|\n|t:|1733877732\n|switch|p2a: Chien-Pao|Chien-Pao, L72|234/234\n|-ability|p2a: Chien-Pao|Sword of Ruin\n|turn|21\n|\n|t:|1733877742\n|-terastallize|p2a: Chien-Pao|Dark\n|move|p2a: Chien-Pao|Throat Chop|p1a: Exeggutor\n|-damage|p1a: Exeggutor|182/312\n|-start|p1a: Exeggutor|Throat Chop|[silent]\n|move|p1a: Exeggutor|Giga Drain|p2a: Chien-Pao\n|-damage|p2a: Chien-Pao|0 fnt\n|-heal|p1a: Exeggutor|299/312|[from] drain|[of] p2a: Chien-Pao\n|faint|p2a: Chien-Pao\n|\n|upkeep\n|\n|t:|1733877748\n|switch|p2a: Samurott|Samurott, L88, M|310/310\n|turn|22\n|-message|RaZ3xUber forfeited.\n|\n|win|sammyc304\n|raw|sammyc304's rating: 1909 &rarr; <strong>1927</strong><br />(+18 for winning)\n|raw|RaZ3xUber's rating: 1879 &rarr; <strong>1861</strong><br />(-18 for losing)\n|l|\u2606RaZ3xUber\n|player|p2|\n", "inputlog": ">version bfd83cad13791eb5a5a409923076391caf6fb4d4\n>start {\"formatid\":\"gen9randombattle\",\"seed\":[5582,30149,61081,28124],\"rated\":\"Rated battle\"}\n>player p1 {\"name\":\"sammyc304\",\"avatar\":\"265\",\"rating\":1909,\"seed\":[2468,44348,59734,40070]}\n>player p2 {\"name\":\"RaZ3xUber\",\"avatar\":\"101\",\"rating\":1879,\"seed\":[40379,49506,25444,41711]}\n>p1 move thunderbolt\n>p2 switch 6\n>p1 switch 5\n>p2 move spikes\n>p1 move earthquake\n>p2 switch 4\n>p1 switch 3\n>p2 move waterpulse\n>p1 move substitute\n>p2 switch 4\n>p1 move calmmind\n>p2 move spikes\n>p1 move calmmind\n>p2 move stoneedge\n>p1 move substitute\n>p2 move stoneedge\n>p1 move substitute terastallize\n>p2 move stoneedge\n>p1 move calmmind\n>p2 move spikes\n>p1 move calmmind\n>p2 move overheat\n>p1 move substitute\n>p2 switch 5\n>p1 move gigadrain\n>p2 move flipturn\n>p2 switch 5\n>chat \u2606sammyc304|Lol\n>p2 switch 6\n>chat \u2606sammyc304|This pineapple is too powerful\n>p1 move substitute\n>p2 move earthpower\n>p1 move gigadrain\n>p2 move earthpower\n>p1 move substitute\n>p2 move rapidspin\n>p1 move gigadrain\n>p2 move earthpower\n>p2 switch 5\n>p1 move substitute\n>p2 move flipturn\n>p2 switch 4\n>p1 move gigadrain\n>p2 move waterpulse\n>chat \u2606sammyc304|Lmao\n>chat \u2606sammyc304|egg sweep\n>p2 switch 4\n>p1 move gigadrain\n>p2 move flipturn\n>p2 switch 3\n>p2 switch 2\n>p1 move gigadrain\n>p2 move throatchop terastallize\n>p2 switch 3\n>forcelose p2", "uploadtime": 1733877778, "views": 18, "formatid": "gen9randombattle", "rating": 1861, "private": 0, "password": null}