{"id": "gen9randombattle-2260437307", "format": "[Gen 9] Random Battle", "players": ["kzoskxbhu", "i lose forever"], "log": "|j|\u2606kzoskxbhu\n|j|\u2606i lose forever\n|t:|1733851534\n|gametype|singles\n|player|p1|kzoskxbhu|266|1000\n|player|p2|i lose forever|2|1040\n|teamsize|p1|6\n|teamsize|p2|6\n|gen|9\n|tier|[Gen 9] Random Battle\n|rated|\n|rule|Species Clause: Limit one of each Pok\u00e9mon\n|rule|HP Percentage Mod: HP is shown in percentages\n|rule|Sleep Clause Mod: Limit one foe put to sleep\n|rule|Illusion Level Mod: Illusion disguises the Pok\u00e9mon's true level\n|\n|t:|1733851534\n|start\n|switch|p1a: Skuntank|Skuntank, L84, M|310/310\n|switch|p2a: Greninja|Greninja, L80, M|246/246\n|turn|1\n|\n|t:|1733851550\n|switch|p2a: Empoleon|Empoleon, L84, M|278/278\n|move|p1a: Skuntank|Toxic Spikes|p2a: Empoleon\n|-sidestart|p2: i lose forever|move: Toxic Spikes\n|\n|upkeep\n|turn|2\n|l|\u2606kzoskxbhu\n|player|p1|\n|inactive|Battle timer is ON: inactive players will automatically lose when time's up. (requested by i lose forever)\n|j|\u2606kzoskxbhu\n|inactive|kzoskxbhu reconnected and has 135 seconds left.\n|player|p1|kzoskxbhu|266|\n|\n|t:|1733851582\n|move|p1a: Skuntank|Knock Off|p2a: Empoleon\n|-damage|p2a: Empoleon|182/278\n|-enditem|p2a: Empoleon|Leftovers|[from] move: Knock Off|[of] p1a: Skuntank\n|move|p2a: Empoleon|Yawn|p1a: Skuntank\n|-start|p1a: Skuntank|move: Yawn|[of] p2a: Empoleon\n|\n|upkeep\n|turn|3\n|\n|t:|1733851593\n|move|p1a: Skuntank|Toxic Spikes|p2a: Empoleon\n|-sidestart|p2: i lose forever|move: Toxic Spikes\n|move|p2a: Empoleon|Stealth Rock|p1a: Skuntank\n|-sidestart|p1: kzoskxbhu|move: Stealth Rock\n|\n|-end|p1a: Skuntank|move: Yawn|[silent]\n|-status|p1a: Skuntank|slp\n|upkeep\n|turn|4\n|\n|t:|1733851598\n|switch|p1a: Wo-Chien|Wo-Chien, L83|277/277\n|-damage|p1a: Wo-Chien|243/277|[from] Stealth Rock\n|-ability|p1a: Wo-Chien|Tablets of Ruin\n|move|p2a: Empoleon|Surf|p1a: Wo-Chien\n|-resisted|p1a: Wo-Chien\n|-damage|p1a: Wo-Chien|203/277\n|\n|-heal|p1a: Wo-Chien|220/277|[from] item: Leftovers\n|upkeep\n|turn|5\n|\n|t:|1733851602\n|switch|p2a: Talonflame|Talonflame, L83, M|265/265\n|move|p1a: Wo-Chien|Leech Seed|p2a: Talonflame\n|-start|p2a: Talonflame|move: Leech Seed\n|\n|-heal|p1a: Wo-Chien|237/277|[from] item: Leftovers\n|-damage|p2a: Talonflame|232/265|[from] Leech Seed|[of] p1a: Wo-Chien\n|-heal|p1a: Wo-Chien|270/277|[silent]\n|upkeep\n|turn|6\n|\n|t:|1733851606\n|switch|p2a: Empoleon|Empoleon, L84, M|182/278\n|move|p1a: Wo-Chien|Protect||[still]\n|-fail|p1a: Wo-Chien\n|\n|-heal|p1a: Wo-Chien|277/277|[from] item: Leftovers\n|upkeep\n|turn|7\n|\n|t:|1733851610\n|move|p1a: Wo-Chien|Leech Seed|p2a: Empoleon|[miss]\n|-miss|p1a: Wo-Chien|p2a: Empoleon\n|move|p2a: Empoleon|Roost|p2a: Empoleon\n|-heal|p2a: Empoleon|278/278\n|-singleturn|p2a: Empoleon|move: Roost\n|\n|upkeep\n|turn|8\n|\n|t:|1733851616\n|switch|p2a: Virizion|Virizion, L82|283/283\n|-status|p2a: Virizion|tox\n|move|p1a: Wo-Chien|Leech Seed|p2a: Virizion\n|-immune|p2a: Virizion\n|\n|-damage|p2a: Virizion|266/283 tox|[from] psn\n|upkeep\n|turn|9\n|\n|t:|1733851621\n|switch|p2a: Talonflame|Talonflame, L83, M|232/265\n|switch|p1a: Braviary|Braviary, L85, M|309/309\n|\n|upkeep\n|turn|10\n|\n|t:|1733851624\n|move|p2a: Talonflame|Taunt|p1a: Braviary\n|-start|p1a: Braviary|move: Taunt\n|cant|p1a: Braviary|move: Taunt|Bulk Up\n|\n|upkeep\n|turn|11\n|\n|t:|1733851626\n|move|p2a: Talonflame|Overheat|p1a: Braviary\n|-damage|p1a: Braviary|188/309\n|-unboost|p2a: Talonflame|spa|2\n|move|p1a: Braviary|Brave Bird|p2a: Talonflame\n|-damage|p2a: Talonflame|55/265\n|-damage|p1a: Braviary|130/309|[from] Recoil\n|\n|upkeep\n|turn|12\n|\n|t:|1733851628\n|move|p2a: Talonflame|Brave Bird|p1a: Braviary\n|-damage|p1a: Braviary|4/309\n|-damage|p2a: Talonflame|13/265|[from] Recoil\n|move|p1a: Braviary|Brave Bird|p2a: Talonflame\n|-damage|p2a: Talonflame|0 fnt\n|faint|p2a: Talonflame\n|-damage|p1a: Braviary|0 fnt|[from] Recoil\n|faint|p1a: Braviary\n|\n|upkeep\n|\n|t:|1733851635\n|switch|p2a: Weezing|Weezing, L88, M|258/258\n|switch|p1a: Wo-Chien|Wo-Chien, L83|277/277\n|-damage|p1a: Wo-Chien|243/277|[from] Stealth Rock\n|-ability|p1a: Wo-Chien|Tablets of Ruin\n|turn|13\n|\n|t:|1733851639\n|move|p1a: Wo-Chien|Leech Seed|p2a: Weezing\n|-start|p2a: Weezing|move: Leech Seed\n|move|p2a: Weezing|Sludge Bomb|p1a: Wo-Chien\n|-supereffective|p1a: Wo-Chien\n|-damage|p1a: Wo-Chien|115/277\n|-status|p1a: Wo-Chien|psn\n|\n|-heal|p1a: Wo-Chien|132/277 psn|[from] item: Leftovers\n|-damage|p2a: Weezing|226/258|[from] Leech Seed|[of] p1a: Wo-Chien\n|-heal|p1a: Wo-Chien|164/277 psn|[silent]\n|-damage|p1a: Wo-Chien|130/277 psn|[from] psn\n|upkeep\n|turn|14\n|\n|t:|1733851642\n|move|p1a: Wo-Chien|Knock Off|p2a: Weezing\n|-damage|p2a: Weezing|154/258\n|-enditem|p2a: Weezing|Leftovers|[from] move: Knock Off|[of] p1a: Wo-Chien\n|move|p2a: Weezing|Toxic Spikes|p1a: Wo-Chien\n|-sidestart|p1: kzoskxbhu|move: Toxic Spikes\n|\n|-heal|p1a: Wo-Chien|147/277 psn|[from] item: Leftovers\n|-damage|p2a: Weezing|122/258|[from] Leech Seed|[of] p1a: Wo-Chien\n|-heal|p1a: Wo-Chien|179/277 psn|[silent]\n|-damage|p1a: Wo-Chien|145/277 psn|[from] psn\n|upkeep\n|turn|15\n|\n|t:|1733851646\n|move|p1a: Wo-Chien|Protect|p1a: Wo-Chien\n|-singleturn|p1a: Wo-Chien|Protect\n|move|p2a: Weezing|Sludge Bomb|p1a: Wo-Chien\n|-activate|p1a: Wo-Chien|move: Protect\n|\n|-heal|p1a: Wo-Chien|162/277 psn|[from] item: Leftovers\n|-damage|p2a: Weezing|90/258|[from] Leech Seed|[of] p1a: Wo-Chien\n|-heal|p1a: Wo-Chien|194/277 psn|[silent]\n|-damage|p1a: Wo-Chien|160/277 psn|[from] psn\n|upkeep\n|turn|16\n|\n|t:|1733851651\n|move|p1a: Wo-Chien|Knock Off|p2a: Weezing\n|-damage|p2a: Weezing|44/258\n|move|p2a: Weezing|Pain Split|p1a: Wo-Chien\n|-sethp|p1a: Wo-Chien|102/277 psn|[from] move: Pain Split|[silent]\n|-sethp|p2a: Weezing|102/258|[from] move: Pain Split\n|\n|-heal|p1a: Wo-Chien|119/277 psn|[from] item: Leftovers\n|-damage|p2a: Weezing|70/258|[from] Leech Seed|[of] p1a: Wo-Chien\n|-heal|p1a: Wo-Chien|151/277 psn|[silent]\n|-damage|p1a: Wo-Chien|117/277 psn|[from] psn\n|upkeep\n|turn|17\n|\n|t:|1733851656\n|switch|p2a: Virizion|Virizion, L82|266/283 tox\n|move|p1a: Wo-Chien|Protect||[still]\n|-fail|p1a: Wo-Chien\n|\n|-heal|p1a: Wo-Chien|134/277 psn|[from] item: Leftovers\n|-damage|p2a: Virizion|249/283 tox|[from] psn\n|-damage|p1a: Wo-Chien|100/277 psn|[from] psn\n|upkeep\n|turn|18\n|\n|t:|1733851658\n|switch|p1a: Skuntank|Skuntank, L84, M|310/310 slp\n|-damage|p1a: Skuntank|272/310 slp|[from] Stealth Rock\n|-sideend|p1: kzoskxbhu|move: Toxic Spikes|[of] p1a: Skuntank\n|move|p2a: Virizion|Close Combat|p1a: Skuntank\n|-damage|p1a: Skuntank|77/310 slp\n|-unboost|p2a: Virizion|def|1\n|-unboost|p2a: Virizion|spd|1\n|-damage|p2a: Virizion|221/283 tox|[from] item: Life Orb\n|\n|-damage|p2a: Virizion|187/283 tox|[from] psn\n|upkeep\n|turn|19\n|\n|t:|1733851663\n|switch|p2a: Weezing|Weezing, L88, M|70/258\n|switch|p1a: Comfey|Comfey, L85, F|225/225\n|-damage|p1a: Comfey|197/225|[from] Stealth Rock\n|\n|-heal|p1a: Comfey|211/225|[from] item: Leftovers\n|upkeep\n|turn|20\n|\n|t:|1733851671\n|switch|p1a: Politoed|Politoed, L88, M|302/302\n|-damage|p1a: Politoed|265/302|[from] Stealth Rock\n|-weather|RainDance|[from] ability: Drizzle|[of] p1a: Politoed\n|move|p2a: Weezing|Sludge Bomb|p1a: Politoed\n|-damage|p1a: Politoed|187/302\n|-status|p1a: Politoed|psn\n|\n|-weather|RainDance|[upkeep]\n|-damage|p1a: Politoed|150/302 psn|[from] psn\n|upkeep\n|turn|21\n|\n|t:|1733851674\n|switch|p2a: Virizion|Virizion, L82|187/283 tox\n|move|p1a: Politoed|Ice Beam|p2a: Virizion\n|-supereffective|p2a: Virizion\n|-damage|p2a: Virizion|85/283 tox\n|\n|-weather|RainDance|[upkeep]\n|-damage|p2a: Virizion|68/283 tox|[from] psn\n|-damage|p1a: Politoed|113/302 psn|[from] psn\n|upkeep\n|turn|22\n|\n|t:|1733851679\n|switch|p1a: Wo-Chien|Wo-Chien, L83|100/277 psn\n|-damage|p1a: Wo-Chien|66/277 psn|[from] Stealth Rock\n|-ability|p1a: Wo-Chien|Tablets of Ruin\n|move|p2a: Virizion|Leaf Blade|p1a: Wo-Chien\n|-resisted|p1a: Wo-Chien\n|-damage|p1a: Wo-Chien|27/277 psn\n|-damage|p2a: Virizion|40/283 tox|[from] item: Life Orb\n|\n|-weather|RainDance|[upkeep]\n|-heal|p1a: Wo-Chien|44/277 psn|[from] item: Leftovers\n|-damage|p2a: Virizion|6/283 tox|[from] psn\n|-damage|p1a: Wo-Chien|10/277 psn|[from] psn\n|upkeep\n|turn|23\n|\n|t:|1733851682\n|switch|p2a: Weezing|Weezing, L88, M|70/258\n|move|p1a: Wo-Chien|Leech Seed|p2a: Weezing\n|-start|p2a: Weezing|move: Leech Seed\n|\n|-weather|RainDance|[upkeep]\n|-heal|p1a: Wo-Chien|27/277 psn|[from] item: Leftovers\n|-damage|p2a: Weezing|38/258|[from] Leech Seed|[of] p1a: Wo-Chien\n|-heal|p1a: Wo-Chien|59/277 psn|[silent]\n|-damage|p1a: Wo-Chien|25/277 psn|[from] psn\n|upkeep\n|turn|24\n|\n|t:|1733851687\n|move|p1a: Wo-Chien|Giga Drain|p2a: Weezing\n|-resisted|p2a: Weezing\n|-damage|p2a: Weezing|0 fnt\n|-heal|p1a: Wo-Chien|44/277 psn|[from] drain|[of] p2a: Weezing\n|faint|p2a: Weezing\n|\n|-weather|none\n|-heal|p1a: Wo-Chien|61/277 psn|[from] item: Leftovers\n|-damage|p1a: Wo-Chien|27/277 psn|[from] psn\n|upkeep\n|\n|t:|1733851691\n|switch|p2a: Empoleon|Empoleon, L84, M|278/278\n|turn|25\n|\n|t:|1733851693\n|move|p1a: Wo-Chien|Giga Drain|p2a: Empoleon\n|-damage|p2a: Empoleon|209/278\n|-heal|p1a: Wo-Chien|62/277 psn|[from] drain|[of] p2a: Empoleon\n|move|p2a: Empoleon|Surf|p1a: Wo-Chien\n|-resisted|p1a: Wo-Chien\n|-damage|p1a: Wo-Chien|22/277 psn\n|\n|-heal|p1a: Wo-Chien|39/277 psn|[from] item: Leftovers\n|-damage|p1a: Wo-Chien|5/277 psn|[from] psn\n|upkeep\n|turn|26\n|\n|t:|1733851697\n|move|p1a: Wo-Chien|Leech Seed|p2a: Empoleon\n|-start|p2a: Empoleon|move: Leech Seed\n|move|p2a: Empoleon|Surf|p1a: Wo-Chien\n|-resisted|p1a: Wo-Chien\n|-damage|p1a: Wo-Chien|0 fnt\n|faint|p1a: Wo-Chien\n|\n|upkeep\n|\n|t:|1733851700\n|switch|p1a: Comfey|Comfey, L85, F|211/225\n|-damage|p1a: Comfey|183/225|[from] Stealth Rock\n|turn|27\n|\n|t:|1733851703\n|switch|p2a: Hariyama|Hariyama, L87, F|392/392\n|-status|p2a: Hariyama|tox\n|move|p1a: Comfey|Calm Mind|p1a: Comfey\n|-boost|p1a: Comfey|spa|1\n|-boost|p1a: Comfey|spd|1\n|\n|-heal|p1a: Comfey|197/225|[from] item: Leftovers\n|-damage|p2a: Hariyama|368/392 tox|[from] psn\n|upkeep\n|turn|28\n|\n|t:|1733851707\n|-terastallize|p2a: Hariyama|Normal\n|move|p1a: Comfey|Draining Kiss|p2a: Hariyama\n|-damage|p2a: Hariyama|272/392 tox\n|-heal|p1a: Comfey|225/225|[from] drain|[of] p2a: Hariyama\n|move|p2a: Hariyama|Facade|p1a: Comfey\n|-damage|p1a: Comfey|0 fnt\n|faint|p1a: Comfey\n|\n|-damage|p2a: Hariyama|224/392 tox|[from] psn\n|upkeep\n|\n|t:|1733851710\n|switch|p1a: Politoed|Politoed, L88, M|113/302 psn\n|-damage|p1a: Politoed|76/302 psn|[from] Stealth Rock\n|-weather|RainDance|[from] ability: Drizzle|[of] p1a: Politoed\n|turn|29\n|\n|t:|1733851716\n|switch|p2a: Empoleon|Empoleon, L84, M|209/278\n|move|p1a: Politoed|Surf|p2a: Empoleon\n|-resisted|p2a: Empoleon\n|-damage|p2a: Empoleon|141/278\n|\n|-weather|RainDance|[upkeep]\n|-damage|p1a: Politoed|39/302 psn|[from] psn\n|upkeep\n|turn|30\n|\n|t:|1733851718\n|move|p1a: Politoed|Rest|p1a: Politoed\n|-status|p1a: Politoed|slp|[from] move: Rest\n|-heal|p1a: Politoed|302/302 slp|[silent]\n|-enditem|p1a: Politoed|Chesto Berry|[eat]\n|-curestatus|p1a: Politoed|slp|[msg]\n|move|p2a: Empoleon|Roost|p2a: Empoleon\n|-heal|p2a: Empoleon|278/278\n|-singleturn|p2a: Empoleon|move: Roost\n|\n|-weather|RainDance|[upkeep]\n|upkeep\n|turn|31\n|\n|t:|1733851721\n|move|p1a: Politoed|Encore|p2a: Empoleon\n|-start|p2a: Empoleon|Encore\n|move|p2a: Empoleon|Roost||[still]\n|-fail|p2a: Empoleon|heal\n|\n|-weather|RainDance|[upkeep]\n|upkeep\n|turn|32\n|\n|t:|1733851724\n|move|p1a: Politoed|Ice Beam|p2a: Empoleon\n|-resisted|p2a: Empoleon\n|-damage|p2a: Empoleon|263/278\n|move|p2a: Empoleon|Roost|p2a: Empoleon\n|-heal|p2a: Empoleon|278/278\n|-singleturn|p2a: Empoleon|move: Roost\n|\n|-weather|RainDance|[upkeep]\n|upkeep\n|turn|33\n|\n|t:|1733851727\n|move|p1a: Politoed|Surf|p2a: Empoleon\n|-resisted|p2a: Empoleon\n|-crit|p2a: Empoleon\n|-damage|p2a: Empoleon|176/278\n|move|p2a: Empoleon|Roost|p2a: Empoleon\n|-heal|p2a: Empoleon|278/278\n|-singleturn|p2a: Empoleon|move: Roost\n|\n|-weather|none\n|-end|p2a: Empoleon|Encore\n|upkeep\n|turn|34\n|\n|t:|1733851730\n|switch|p2a: Hariyama|Hariyama, L87, F, tera:Normal|224/392 tox\n|move|p1a: Politoed|Encore||[still]\n|-fail|p1a: Politoed\n|\n|-damage|p2a: Hariyama|200/392 tox|[from] psn\n|upkeep\n|turn|35\n|\n|t:|1733851734\n|switch|p1a: Skuntank|Skuntank, L84, M|77/310 slp\n|-damage|p1a: Skuntank|39/310 slp|[from] Stealth Rock\n|move|p2a: Hariyama|Facade|p1a: Skuntank\n|-damage|p1a: Skuntank|0 fnt\n|-damage|p2a: Hariyama|102/392 tox|[from] ability: Aftermath|[of] p1a: Skuntank\n|faint|p1a: Skuntank\n|\n|-damage|p2a: Hariyama|54/392 tox|[from] psn\n|upkeep\n|\n|t:|1733851736\n|switch|p1a: Politoed|Politoed, L88, M|302/302\n|-damage|p1a: Politoed|265/302|[from] Stealth Rock\n|-weather|RainDance|[from] ability: Drizzle|[of] p1a: Politoed\n|turn|36\n|\n|t:|1733851738\n|switch|p2a: Empoleon|Empoleon, L84, M|278/278\n|move|p1a: Politoed|Surf|p2a: Empoleon\n|-resisted|p2a: Empoleon\n|-damage|p2a: Empoleon|206/278\n|\n|-weather|RainDance|[upkeep]\n|upkeep\n|turn|37\n|\n|t:|1733851742\n|move|p1a: Politoed|Surf|p2a: Empoleon\n|-resisted|p2a: Empoleon\n|-damage|p2a: Empoleon|137/278\n|move|p2a: Empoleon|Yawn|p1a: Politoed\n|-start|p1a: Politoed|move: Yawn|[of] p2a: Empoleon\n|\n|-weather|RainDance|[upkeep]\n|upkeep\n|turn|38\n|\n|t:|1733851744\n|move|p1a: Politoed|Surf|p2a: Empoleon\n|-resisted|p2a: Empoleon\n|-damage|p2a: Empoleon|76/278\n|move|p2a: Empoleon|Yawn||[still]\n|-fail|p2a: Empoleon\n|\n|-weather|RainDance|[upkeep]\n|-end|p1a: Politoed|move: Yawn|[silent]\n|-status|p1a: Politoed|slp\n|upkeep\n|turn|39\n|\n|t:|1733851748\n|switch|p1a: Rayquaza|Rayquaza, L72|270/270\n|-ability|p1a: Rayquaza|Air Lock\n|move|p2a: Empoleon|Roost|p2a: Empoleon\n|-heal|p2a: Empoleon|215/278\n|-singleturn|p2a: Empoleon|move: Roost\n|\n|-weather|RainDance|[upkeep]\n|upkeep\n|turn|40\n|\n|t:|1733851750\n|move|p1a: Rayquaza|Dragon Dance|p1a: Rayquaza\n|-boost|p1a: Rayquaza|atk|1\n|-boost|p1a: Rayquaza|spe|1\n|move|p2a: Empoleon|Surf|p1a: Rayquaza\n|-resisted|p1a: Rayquaza\n|-damage|p1a: Rayquaza|210/270\n|\n|-weather|none\n|upkeep\n|turn|41\n|\n|t:|1733851754\n|move|p1a: Rayquaza|Dragon Dance|p1a: Rayquaza\n|-boost|p1a: Rayquaza|atk|1\n|-boost|p1a: Rayquaza|spe|1\n|move|p2a: Empoleon|Surf|p1a: Rayquaza\n|-resisted|p1a: Rayquaza\n|-damage|p1a: Rayquaza|155/270\n|\n|upkeep\n|turn|42\n|\n|t:|1733851756\n|move|p1a: Rayquaza|Earthquake|p2a: Empoleon\n|-supereffective|p2a: Empoleon\n|-damage|p2a: Empoleon|0 fnt\n|faint|p2a: Empoleon\n|\n|upkeep\n|l|\u2606kzoskxbhu\n|inactive|kzoskxbhu disconnected and has a minute to reconnect!\n|player|p1|\n|\n|t:|1733851763\n|switch|p2a: Hariyama|Hariyama, L87, F, tera:Normal|54/392 tox\n|turn|43\n|l|\u2606i lose forever\n|inactive|i lose forever disconnected and has a minute to reconnect!\n|player|p2|\n|j|\u2606kzoskxbhu\n|inactive|kzoskxbhu reconnected and has 130 seconds left.\n|player|p1|kzoskxbhu|266|\n|inactive|i lose forever has 30 seconds to reconnect!\n|inactive|i lose forever has 20 seconds to reconnect!\n|inactive|i lose forever has 15 seconds to reconnect!\n|inactive|i lose forever has 10 seconds to reconnect!\n|inactive|i lose forever has 5 seconds to reconnect!\n|-message|i lose forever lost due to inactivity.\n|\n|win|kzoskxbhu\n|raw|kzoskxbhu's rating: 1000 &rarr; <strong>1045</strong><br />(+45 for winning)\n|raw|i lose forever's rating: 1040 &rarr; <strong>1022</strong><br />(-18 for losing)\n", "inputlog": ">version bfd83cad13791eb5a5a409923076391caf6fb4d4\n>start {\"formatid\":\"gen9randombattle\",\"seed\":[31701,16311,47045,26817],\"rated\":\"Rated battle\"}\n>player p1 {\"name\":\"kzoskxbhu\",\"avatar\":\"266\",\"rating\":1000,\"seed\":[40138,40505,45796,17762]}\n>player p2 {\"name\":\"i lose forever\",\"avatar\":\"2\",\"rating\":1040,\"seed\":[3856,29200,826,22732]}\n>p1 move toxicspikes\n>p2 switch 4\n>p1 move knockoff\n>p2 move yawn\n>p1 move toxicspikes\n>p2 move stealthrock\n>p1 switch 4\n>p2 move surf\n>p1 move leechseed\n>p2 switch 3\n>p1 move protect\n>p2 switch 3\n>p1 move leechseed\n>p2 move roost\n>p1 move leechseed\n>p2 switch 2\n>p1 switch 3\n>p2 switch 3\n>p1 move bulkup\n>p2 move taunt\n>p1 move bravebird\n>p2 move overheat\n>p1 move bravebird\n>p2 move bravebird\n>p1 switch 3\n>p2 switch 6\n>p1 move leechseed\n>p2 move sludgebomb\n>p1 move knockoff\n>p2 move toxicspikes\n>p1 move protect\n>p2 move sludgebomb\n>p1 move knockoff\n>p2 move painsplit\n>p1 move protect\n>p2 switch 3\n>p1 switch 4\n>p2 move closecombat\n>p1 switch 5\n>p2 switch 3\n>p1 switch 6\n>p2 move sludgebomb\n>p1 move icebeam\n>p2 switch 3\n>p1 switch 4\n>p2 move leafblade\n>p1 move leechseed\n>p2 switch 3\n>p1 move gigadrain\n>p2 move sludgebomb\n>p2 switch 2\n>p1 move gigadrain\n>p2 move surf\n>p1 move leechseed\n>p2 move surf\n>p1 switch 6\n>p1 move calmmind\n>p2 switch 5\n>p1 move drainingkiss\n>p2 move facade terastallize\n>p1 switch 4\n>p1 move surf\n>p2 switch 5\n>p1 move rest\n>p2 move roost\n>p1 move encore\n>p2 move surf\n>p1 move icebeam\n>p2 move roost\n>p1 move surf\n>p2 move roost\n>p1 move encore\n>p2 switch 5\n>p1 switch 5\n>p2 move facade\n>p1 switch 5\n>p1 move surf\n>p2 switch 5\n>p1 move surf\n>p2 move yawn\n>p1 move surf\n>p2 move yawn\n>p1 switch 2\n>p2 move roost\n>p1 move dragondance\n>p2 move surf\n>p1 move dragondance\n>p2 move surf\n>p1 move earthquake\n>p2 move surf\n>p2 switch 5\n>forcelose p2", "uploadtime": 1733851882, "views": 2, "formatid": "gen9randombattle", "rating": 1022, "private": 0, "password": null}