{"id": "gen9randombattle-2259773797", "format": "[Gen 9] Random Battle", "players": ["rileycorridore", "ilovevims"], "log": "|j|\u2606rileycorridore\n|j|\u2606ilovevims\n|t:|1733765354\n|gametype|singles\n|player|p1|rileycorridore|102|\n|player|p2|ilovevims|crasherwake|\n|teamsize|p1|6\n|teamsize|p2|6\n|gen|9\n|tier|[Gen 9] Random Battle\n|rule|Species Clause: Limit one of each Pok\u00e9mon\n|rule|HP Percentage Mod: HP is shown in percentages\n|rule|Sleep Clause Mod: Limit one foe put to sleep\n|rule|Illusion Level Mod: Illusion disguises the Pok\u00e9mon's true level\n|\n|t:|1733765354\n|start\n|switch|p1a: Annihilape|Annihilape, L76, M|292/292\n|switch|p2a: Conkeldurr|Conkeldurr, L80, M|299/299\n|turn|1\n|\n|t:|1733765369\n|move|p1a: Annihilape|Bulk Up|p1a: Annihilape\n|-boost|p1a: Annihilape|atk|1\n|-boost|p1a: Annihilape|def|1\n|move|p2a: Conkeldurr|Knock Off|p1a: Annihilape\n|-damage|p1a: Annihilape|230/292\n|-enditem|p1a: Annihilape|Chesto Berry|[from] move: Knock Off|[of] p2a: Conkeldurr\n|\n|-status|p2a: Conkeldurr|brn|[from] item: Flame Orb\n|upkeep\n|turn|2\n|\n|t:|1733765383\n|move|p1a: Annihilape|Bulk Up|p1a: Annihilape\n|-boost|p1a: Annihilape|atk|1\n|-boost|p1a: Annihilape|def|1\n|move|p2a: Conkeldurr|Facade|p1a: Annihilape\n|-immune|p1a: Annihilape\n|\n|-damage|p2a: Conkeldurr|281/299 brn|[from] brn\n|upkeep\n|turn|3\n|\n|t:|1733765410\n|switch|p2a: Frosmoth|Frosmoth, L82, F|249/249\n|move|p1a: Annihilape|Drain Punch|p2a: Frosmoth\n|-damage|p2a: Frosmoth|51/249\n|-heal|p1a: Annihilape|292/292|[from] drain|[of] p2a: Frosmoth\n|\n|upkeep\n|turn|4\n|\n|t:|1733765423\n|move|p1a: Annihilape|Drain Punch|p2a: Frosmoth\n|-damage|p2a: Frosmoth|0 fnt\n|faint|p2a: Frosmoth\n|\n|upkeep\n|\n|t:|1733765430\n|switch|p2a: Regigigas|Regigigas, L84|322/322\n|-start|p2a: Regigigas|ability: Slow Start\n|turn|5\n|\n|t:|1733765444\n|move|p1a: Annihilape|Bulk Up|p1a: Annihilape\n|-boost|p1a: Annihilape|atk|1\n|-boost|p1a: Annihilape|def|1\n|move|p2a: Regigigas|Knock Off|p1a: Annihilape\n|-damage|p1a: Annihilape|274/292\n|\n|upkeep\n|turn|6\n|\n|t:|1733765455\n|-end|p2a: Regigigas|Slow Start|[silent]\n|switch|p2a: Ogerpon|Ogerpon-Wellspring, L76, F|247/247\n|move|p1a: Annihilape|Drain Punch|p2a: Ogerpon\n|-damage|p2a: Ogerpon|49/247\n|-heal|p1a: Annihilape|292/292|[from] drain|[of] p2a: Ogerpon\n|\n|upkeep\n|turn|7\n|\n|t:|1733765476\n|move|p2a: Ogerpon|Ivy Cudgel|p1a: Annihilape|[anim] Ivy Cudgel Water\n|-damage|p1a: Annihilape|231/292\n|move|p1a: Annihilape|Bulk Up|p1a: Annihilape\n|-boost|p1a: Annihilape|atk|1\n|-boost|p1a: Annihilape|def|1\n|\n|upkeep\n|turn|8\n|\n|t:|1733765488\n|move|p2a: Ogerpon|Spikes|p1a: Annihilape\n|-sidestart|p1: rileycorridore|Spikes\n|move|p1a: Annihilape|Drain Punch|p2a: Ogerpon\n|-damage|p2a: Ogerpon|0 fnt\n|-heal|p1a: Annihilape|256/292|[from] drain|[of] p2a: Ogerpon\n|faint|p2a: Ogerpon\n|\n|upkeep\n|\n|t:|1733765507\n|switch|p2a: Azumarill|Azumarill, L82, F|298/298\n|turn|9\n|\n|t:|1733765529\n|move|p2a: Azumarill|Aqua Jet|p1a: Annihilape\n|-damage|p1a: Annihilape|237/292\n|move|p1a: Annihilape|Rage Fist|p2a: Azumarill\n|-damage|p2a: Azumarill|0 fnt\n|faint|p2a: Azumarill\n|\n|upkeep\n|\n|t:|1733765552\n|switch|p2a: Regigigas|Regigigas, L84|322/322\n|-start|p2a: Regigigas|ability: Slow Start\n|turn|10\n|\n|t:|1733765560\n|move|p1a: Annihilape|Drain Punch|p2a: Regigigas\n|-supereffective|p2a: Regigigas\n|-damage|p2a: Regigigas|0 fnt\n|-heal|p1a: Annihilape|292/292|[from] drain|[of] p2a: Regigigas\n|faint|p2a: Regigigas\n|-end|p2a: Regigigas|Slow Start|[silent]\n|\n|upkeep\n|\n|t:|1733765568\n|switch|p2a: Conkeldurr|Conkeldurr, L80, M|281/299 brn\n|turn|11\n|\n|t:|1733765577\n|move|p1a: Annihilape|Bulk Up|p1a: Annihilape\n|-boost|p1a: Annihilape|atk|1\n|-boost|p1a: Annihilape|def|1\n|move|p2a: Conkeldurr|Close Combat|p1a: Annihilape\n|-immune|p1a: Annihilape\n|\n|-damage|p2a: Conkeldurr|263/299 brn|[from] brn\n|upkeep\n|turn|12\n|\n|t:|1733765591\n|move|p1a: Annihilape|Drain Punch|p2a: Conkeldurr\n|-damage|p2a: Conkeldurr|0 fnt\n|faint|p2a: Conkeldurr\n|\n|upkeep\n|\n|t:|1733765597\n|switch|p2a: Iron Treads|Iron Treads, L77|265/265\n|turn|13\n|\n|t:|1733765616\n|move|p2a: Iron Treads|Iron Head|p1a: Annihilape\n|-damage|p1a: Annihilape|262/292\n|cant|p1a: Annihilape|flinch\n|\n|upkeep\n|turn|14\n|\n|t:|1733765623\n|move|p2a: Iron Treads|Iron Head|p1a: Annihilape\n|-damage|p1a: Annihilape|234/292\n|move|p1a: Annihilape|Drain Punch|p2a: Iron Treads\n|-supereffective|p2a: Iron Treads\n|-damage|p2a: Iron Treads|0 fnt\n|-heal|p1a: Annihilape|292/292|[from] drain|[of] p2a: Iron Treads\n|faint|p2a: Iron Treads\n|-end|p2a: Iron Treads|Quark Drive|[silent]\n|\n|win|rileycorridore\n", "inputlog": ">version bfd83cad13791eb5a5a409923076391caf6fb4d4\n>start {\"formatid\":\"gen9randombattle\",\"seed\":[42068,7654,50270,56371]}\n>player p1 {\"name\":\"rileycorridore\",\"avatar\":\"102\",\"rating\":0,\"seed\":[13784,57022,554,29723]}\n>player p2 {\"name\":\"ilovevims\",\"avatar\":\"crasherwake\",\"rating\":0,\"seed\":[26887,10562,43778,43133]}\n>p1 move bulkup\n>p2 move knockoff\n>p1 move bulkup\n>p2 move facade\n>p1 move drainpunch\n>p2 switch 2\n>p1 move drainpunch\n>p2 move gigadrain\n>p2 switch 4\n>p1 move bulkup\n>p2 move knockoff\n>p1 move drainpunch\n>p2 switch 5\n>p1 move bulkup\n>p2 move ivycudgel\n>p1 move drainpunch\n>p2 move spikes\n>p2 switch 6\n>p1 move ragefist\n>p2 move aquajet\n>p2 switch 5\n>p1 move drainpunch\n>p2 move rest\n>p2 switch 2\n>p1 move bulkup\n>p2 move closecombat\n>p1 move drainpunch\n>p2 move knockoff\n>p2 switch 3\n>p1 move drainpunch\n>p2 move ironhead\n>p1 move drainpunch\n>p2 move ironhead", "uploadtime": 1733765640, "views": 1, "formatid": "gen9randombattle", "rating": null, "private": 0, "password": null}