{"id": "gen9randombattle-2260721222", "format": "[Gen 9] Random Battle", "players": ["mi1kweed", "santimocco"], "log": "|j|\u2606mi1kweed\n|j|\u2606santimocco\n|t:|1733882822\n|gametype|singles\n|player|p1|mi1kweed|pokemonranger-gen4|1189\n|player|p2|santimocco|265|1203\n|teamsize|p1|6\n|teamsize|p2|6\n|gen|9\n|tier|[Gen 9] Random Battle\n|rated|\n|rule|Species Clause: Limit one of each Pok\u00e9mon\n|rule|HP Percentage Mod: HP is shown in percentages\n|rule|Sleep Clause Mod: Limit one foe put to sleep\n|rule|Illusion Level Mod: Illusion disguises the Pok\u00e9mon's true level\n|\n|t:|1733882822\n|start\n|switch|p1a: Crawdaunt|Crawdaunt, L84, M|243/243\n|switch|p2a: Polteageist|Polteageist-Antique, L79|224/224\n|turn|1\n|inactive|Battle timer is ON: inactive players will automatically lose when time's up. (requested by mi1kweed)\n|\n|t:|1733882863\n|switch|p2a: Jolteon|Jolteon, L84, F|246/246\n|move|p1a: Crawdaunt|Crabhammer|p2a: Jolteon\n|-damage|p2a: Jolteon|0 fnt\n|faint|p2a: Jolteon\n|-damage|p1a: Crawdaunt|219/243|[from] item: Life Orb\n|\n|upkeep\n|\n|t:|1733882873\n|switch|p2a: Serperior|Serperior, L79, M|248/248\n|turn|2\n|inactive|mi1kweed has 120 seconds left.\n|\n|t:|1733882909\n|switch|p1a: Blaziken|Blaziken, L76, M|247/247\n|move|p2a: Serperior|Leaf Storm|p1a: Blaziken\n|-resisted|p1a: Blaziken\n|-damage|p1a: Blaziken|156/247\n|-boost|p2a: Serperior|spa|2\n|-damage|p2a: Serperior|224/248|[from] item: Life Orb\n|\n|upkeep\n|turn|3\n|inactive|mi1kweed has 120 seconds left.\n|inactive|santimocco has 120 seconds left.\n|\n|t:|1733882946\n|move|p2a: Serperior|Glare|p1a: Blaziken\n|-status|p1a: Blaziken|par\n|move|p1a: Blaziken|Swords Dance|p1a: Blaziken\n|-boost|p1a: Blaziken|atk|2\n|\n|-ability|p1a: Blaziken|Speed Boost|boost\n|-boost|p1a: Blaziken|spe|1\n|upkeep\n|turn|4\n|inactive|santimocco has 120 seconds left.\n|\n|t:|1733882958\n|switch|p2a: Clodsire|Clodsire, L81, F|343/343\n|move|p1a: Blaziken|Knock Off|p2a: Clodsire\n|-damage|p2a: Clodsire|221/343\n|-enditem|p2a: Clodsire|Leftovers|[from] move: Knock Off|[of] p1a: Blaziken\n|-damage|p1a: Blaziken|132/247 par|[from] item: Life Orb\n|\n|-ability|p1a: Blaziken|Speed Boost|boost\n|-boost|p1a: Blaziken|spe|1\n|upkeep\n|turn|5\n|inactive|santimocco has 120 seconds left.\n|\n|t:|1733882979\n|switch|p1a: Kingambit|Kingambit, L74, F|270/270\n|move|p2a: Clodsire|Earthquake|p1a: Kingambit\n|-supereffective|p1a: Kingambit\n|-damage|p1a: Kingambit|132/270\n|\n|-heal|p1a: Kingambit|148/270|[from] item: Leftovers\n|upkeep\n|turn|6\n|inactive|santimocco has 120 seconds left.\n|\n|t:|1733882993\n|-end|p1a: Kingambit|fallenundefined|[silent]\n|switch|p1a: Ludicolo|Ludicolo, L90, M|290/290\n|move|p2a: Clodsire|Earthquake|p1a: Ludicolo\n|-resisted|p1a: Ludicolo\n|-damage|p1a: Ludicolo|241/290\n|\n|upkeep\n|turn|7\n|inactive|santimocco has 120 seconds left.\n|\n|t:|1733883003\n|move|p1a: Ludicolo|Rain Dance|p1a: Ludicolo\n|-weather|RainDance\n|move|p2a: Clodsire|Gunk Shot|p1a: Ludicolo\n|-supereffective|p1a: Ludicolo\n|-damage|p1a: Ludicolo|41/290\n|\n|-weather|RainDance|[upkeep]\n|upkeep\n|turn|8\n|inactive|santimocco has 120 seconds left.\n|inactive|mi1kweed has 90 seconds left.\n|inactive|mi1kweed has 60 seconds left.\n|\n|t:|1733883051\n|move|p1a: Ludicolo|Hydro Pump|p2a: Clodsire\n|-supereffective|p2a: Clodsire\n|-damage|p2a: Clodsire|0 fnt\n|faint|p2a: Clodsire\n|-damage|p1a: Ludicolo|12/290|[from] item: Life Orb\n|\n|-weather|RainDance|[upkeep]\n|upkeep\n|\n|t:|1733883063\n|switch|p2a: Oinkologne|Oinkologne-F, L92, F|361/361\n|turn|9\n|\n|t:|1733883073\n|move|p1a: Ludicolo|Giga Drain|p2a: Oinkologne\n|-damage|p2a: Oinkologne|267/361\n|-heal|p1a: Ludicolo|59/290|[from] drain|[of] p2a: Oinkologne\n|-damage|p1a: Ludicolo|30/290|[from] item: Life Orb\n|move|p2a: Oinkologne|Curse|p2a: Oinkologne\n|-unboost|p2a: Oinkologne|spe|1\n|-boost|p2a: Oinkologne|atk|1\n|-boost|p2a: Oinkologne|def|1\n|\n|-weather|RainDance|[upkeep]\n|-heal|p2a: Oinkologne|289/361|[from] item: Leftovers\n|upkeep\n|turn|10\n|inactive|santimocco has 120 seconds left.\n|\n|t:|1733883091\n|move|p1a: Ludicolo|Hydro Pump|p2a: Oinkologne|[miss]\n|-miss|p1a: Ludicolo|p2a: Oinkologne\n|move|p2a: Oinkologne|Curse|p2a: Oinkologne\n|-unboost|p2a: Oinkologne|spe|1\n|-boost|p2a: Oinkologne|atk|1\n|-boost|p2a: Oinkologne|def|1\n|\n|-weather|RainDance|[upkeep]\n|-heal|p2a: Oinkologne|311/361|[from] item: Leftovers\n|upkeep\n|turn|11\n|\n|t:|1733883100\n|move|p1a: Ludicolo|Hydro Pump|p2a: Oinkologne\n|-damage|p2a: Oinkologne|84/361\n|-damage|p1a: Ludicolo|1/290|[from] item: Life Orb\n|move|p2a: Oinkologne|Body Slam|p1a: Ludicolo\n|-damage|p1a: Ludicolo|0 fnt\n|faint|p1a: Ludicolo\n|\n|-weather|none\n|-heal|p2a: Oinkologne|106/361|[from] item: Leftovers\n|upkeep\n|inactive|mi1kweed has 60 seconds left.\n|\n|t:|1733883142\n|switch|p1a: Carbink|Carbink, L90|236/236\n|turn|12\n|\n|t:|1733883148\n|move|p1a: Carbink|Iron Defense|p1a: Carbink\n|-boost|p1a: Carbink|def|2\n|move|p2a: Oinkologne|Rest|p2a: Oinkologne\n|-status|p2a: Oinkologne|slp|[from] move: Rest\n|-heal|p2a: Oinkologne|361/361 slp|[silent]\n|\n|upkeep\n|turn|13\n|\n|t:|1733883155\n|move|p1a: Carbink|Iron Defense|p1a: Carbink\n|-boost|p1a: Carbink|def|2\n|cant|p2a: Oinkologne|slp\n|move|p2a: Oinkologne|Sleep Talk|p2a: Oinkologne\n|move|p2a: Oinkologne|Rest||[from]move: Sleep Talk|[still]\n|-fail|p2a: Oinkologne\n|\n|upkeep\n|turn|14\n|inactive|mi1kweed has 60 seconds left.\n|\n|t:|1733883173\n|switch|p1a: Houndstone|Houndstone, L86, M|264/264\n|cant|p2a: Oinkologne|slp\n|move|p2a: Oinkologne|Sleep Talk|p2a: Oinkologne\n|move|p2a: Oinkologne|Curse|p2a: Oinkologne|[from]move: Sleep Talk\n|-unboost|p2a: Oinkologne|spe|1\n|-boost|p2a: Oinkologne|atk|1\n|-boost|p2a: Oinkologne|def|1\n|\n|upkeep\n|turn|15\n|\n|t:|1733883185\n|switch|p2a: Serperior|Serperior, L79, M|224/248\n|move|p1a: Houndstone|Play Rough|p2a: Serperior\n|-damage|p2a: Serperior|116/248\n|\n|upkeep\n|turn|16\n|\n|t:|1733883197\n|switch|p1a: Blaziken|Blaziken, L76, M|132/247 par\n|move|p2a: Serperior|Glare|p1a: Blaziken\n|-fail|p1a: Blaziken|par\n|\n|upkeep\n|turn|17\n|inactive|santimocco has 120 seconds left.\n|\n|t:|1733883254\n|move|p2a: Serperior|Dragon Pulse|p1a: Blaziken\n|-damage|p1a: Blaziken|63/247 par\n|-damage|p2a: Serperior|92/248|[from] item: Life Orb\n|move|p1a: Blaziken|Flare Blitz|p2a: Serperior\n|-supereffective|p2a: Serperior\n|-damage|p2a: Serperior|0 fnt\n|faint|p2a: Serperior\n|-damage|p1a: Blaziken|33/247 par|[from] Recoil\n|-damage|p1a: Blaziken|9/247 par|[from] item: Life Orb\n|\n|-ability|p1a: Blaziken|Speed Boost|boost\n|-boost|p1a: Blaziken|spe|1\n|upkeep\n|inactive|santimocco has 90 seconds left.\n|\n|t:|1733883278\n|switch|p2a: Oinkologne|Oinkologne-F, L92, F|361/361 slp\n|turn|18\n|\n|t:|1733883281\n|switch|p1a: Houndstone|Houndstone, L86, M|264/264\n|-curestatus|p2a: Oinkologne|slp|[msg]\n|move|p2a: Oinkologne|Sleep Talk||[still]\n|-fail|p2a: Oinkologne\n|\n|upkeep\n|turn|19\n|inactive|mi1kweed has 90 seconds left.\n|inactive|santimocco has 90 seconds left.\n|\n|t:|1733883293\n|switch|p2a: Baxcalibur|Baxcalibur, L75, M|295/295\n|move|p1a: Houndstone|Poltergeist|p2a: Baxcalibur\n|-activate|p2a: Baxcalibur|move: Poltergeist|Loaded Dice\n|-damage|p2a: Baxcalibur|102/295\n|\n|upkeep\n|turn|20\n|inactive|mi1kweed has 90 seconds left.\n|inactive|santimocco has 90 seconds left.\n|\n|t:|1733883305\n|switch|p1a: Crawdaunt|Crawdaunt, L84, M|219/243\n|move|p2a: Baxcalibur|Icicle Spear|p1a: Crawdaunt\n|-resisted|p1a: Crawdaunt\n|-damage|p1a: Crawdaunt|205/243\n|-resisted|p1a: Crawdaunt\n|-damage|p1a: Crawdaunt|189/243\n|-resisted|p1a: Crawdaunt\n|-damage|p1a: Crawdaunt|173/243\n|-resisted|p1a: Crawdaunt\n|-damage|p1a: Crawdaunt|157/243\n|-hitcount|p1a: Crawdaunt|4\n|\n|upkeep\n|turn|21\n|inactive|santimocco has 90 seconds left.\n|\n|t:|1733883316\n|move|p2a: Baxcalibur|Scale Shot|p1a: Crawdaunt\n|-damage|p1a: Crawdaunt|124/243\n|-damage|p1a: Crawdaunt|93/243\n|-damage|p1a: Crawdaunt|62/243\n|-damage|p1a: Crawdaunt|32/243\n|-damage|p1a: Crawdaunt|2/243\n|-hitcount|p1a: Crawdaunt|5\n|-unboost|p2a: Baxcalibur|def|1\n|-boost|p2a: Baxcalibur|spe|1\n|move|p1a: Crawdaunt|Dragon Dance|p1a: Crawdaunt\n|-boost|p1a: Crawdaunt|atk|1\n|-boost|p1a: Crawdaunt|spe|1\n|\n|upkeep\n|turn|22\n|inactive|santimocco has 90 seconds left.\n|\n|t:|1733883329\n|move|p1a: Crawdaunt|Aqua Jet|p2a: Baxcalibur\n|-resisted|p2a: Baxcalibur\n|-damage|p2a: Baxcalibur|0 fnt\n|faint|p2a: Baxcalibur\n|-damage|p1a: Crawdaunt|0 fnt|[from] item: Life Orb\n|faint|p1a: Crawdaunt\n|\n|upkeep\n|inactive|mi1kweed has 90 seconds left.\n|\n|t:|1733883350\n|switch|p2a: Polteageist|Polteageist-Antique, L79|224/224\n|switch|p1a: Kingambit|Kingambit, L74, F|148/270\n|-activate|p1a: Kingambit|ability: Supreme Overlord\n|-start|p1a: Kingambit|fallen2|[silent]\n|turn|23\n|\n|t:|1733883361\n|-terastallize|p2a: Polteageist|Fighting\n|move|p2a: Polteageist|Shell Smash|p2a: Polteageist\n|-unboost|p2a: Polteageist|def|1\n|-unboost|p2a: Polteageist|spd|1\n|-boost|p2a: Polteageist|atk|2\n|-boost|p2a: Polteageist|spa|2\n|-boost|p2a: Polteageist|spe|2\n|-enditem|p2a: Polteageist|White Herb\n|-clearnegativeboost|p2a: Polteageist|[silent]\n|move|p1a: Kingambit|Swords Dance|p1a: Kingambit\n|-boost|p1a: Kingambit|atk|2\n|\n|-heal|p1a: Kingambit|164/270|[from] item: Leftovers\n|upkeep\n|turn|24\n|inactive|mi1kweed has 90 seconds left.\n|inactive|santimocco has 90 seconds left.\n|\n|t:|1733883377\n|-terastallize|p1a: Kingambit|Flying\n|move|p2a: Polteageist|Tera Blast|p1a: Kingambit|[anim] Tera Blast Fighting\n|-resisted|p1a: Kingambit\n|-damage|p1a: Kingambit|50/270\n|move|p1a: Kingambit|Iron Head|p2a: Polteageist\n|-damage|p2a: Polteageist|0 fnt\n|faint|p2a: Polteageist\n|\n|-heal|p1a: Kingambit|66/270|[from] item: Leftovers\n|upkeep\n|inactive|santimocco has 90 seconds left.\n|-message|santimocco forfeited.\n|\n|win|mi1kweed\n|raw|mi1kweed's rating: 1189 &rarr; <strong>1215</strong><br />(+26 for winning)\n|raw|santimocco's rating: 1203 &rarr; <strong>1177</strong><br />(-26 for losing)\n|l|\u2606santimocco\n|player|p2|\n", "inputlog": ">version bfd83cad13791eb5a5a409923076391caf6fb4d4\n>start {\"formatid\":\"gen9randombattle\",\"seed\":[8073,21016,43097,1941],\"rated\":\"Rated battle\"}\n>player p1 {\"name\":\"mi1kweed\",\"avatar\":\"pokemonranger-gen4\",\"rating\":1189,\"seed\":[50604,64888,56563,29586]}\n>player p2 {\"name\":\"santimocco\",\"avatar\":\"265\",\"rating\":1203,\"seed\":[50285,42404,30536,58177]}\n>p1 move crabhammer\n>p2 switch 2\n>p2 switch 4\n>p1 switch 3\n>p2 move leafstorm\n>p1 move swordsdance\n>p2 move glare\n>p1 move knockoff\n>p2 switch 6\n>p1 switch 2\n>p2 move earthquake\n>p1 switch 6\n>p2 move earthquake\n>p1 move raindance\n>p2 move gunkshot\n>p1 move hydropump\n>p2 move earthquake\n>p2 switch 5\n>p1 move gigadrain\n>p2 move curse\n>p1 move hydropump\n>p2 move curse\n>p1 move hydropump\n>p2 move bodyslam\n>p1 switch 4\n>p1 move irondefense\n>p2 move rest\n>p1 move irondefense\n>p2 move sleeptalk\n>p1 switch 5\n>p2 move sleeptalk\n>p1 move playrough\n>p2 switch 6\n>p1 switch 2\n>p2 move glare\n>p1 move flareblitz\n>p2 move dragonpulse\n>p2 switch 6\n>p1 switch 2\n>p2 move sleeptalk\n>p1 move poltergeist\n>p2 switch 3\n>p1 switch 3\n>p2 move iciclespear\n>p1 move dragondance\n>p2 move scaleshot\n>p1 move aquajet\n>p2 move earthquake\n>p1 switch 6\n>p2 switch 2\n>p1 move swordsdance\n>p2 move shellsmash terastallize\n>p1 move ironhead terastallize\n>p2 move terablast\n>forcelose p2", "uploadtime": 1733883390, "views": 3, "formatid": "gen9randombattle", "rating": 1177, "private": 0, "password": null}