{"id": "gen9randombattle-2043996338", "format": "[Gen 9] Random Battle", "players": ["Alfhan", "MichaelderBeste2"], "log": "|j|\u2606Alfhan\n|j|\u2606MichaelderBeste2\n|t:|1706212783\n|gametype|singles\n|player|p1|Alfhan|169|2271\n|player|p2|MichaelderBeste2|#rbtt7teamdarkraif|2369\n|teamsize|p1|6\n|teamsize|p2|6\n|gen|9\n|tier|[Gen 9] Random Battle\n|rated|\n|rule|Species Clause: Limit one of each Pok\u00e9mon\n|rule|HP Percentage Mod: HP is shown in percentages\n|rule|Sleep Clause Mod: Limit one foe put to sleep\n|rule|Illusion Level Mod: Illusion disguises the Pok\u00e9mon's true level\n|\n|t:|1706212783\n|start\n|switch|p1a: Cramorant|Cramorant, L86, F|261/261\n|switch|p2a: Shiftry|Shiftry, L89, M|305/305\n|turn|1\n|inactive|Battle timer is ON: inactive players will automatically lose when time's up. (requested by Alfhan)\n|\n|t:|1706212815\n|switch|p2a: Dudunsparce|Dudunsparce-Three-Segment, L82, F|339/339\n|move|p1a: Cramorant|Surf|p2a: Dudunsparce\n|-formechange|p1a: Cramorant|Cramorant-Gulping|\n|-damage|p2a: Dudunsparce|228/339\n|\n|-heal|p2a: Dudunsparce|249/339|[from] item: Leftovers\n|upkeep\n|turn|2\n|inactive|Alfhan has 120 seconds left.\n|\n|t:|1706212846\n|move|p1a: Cramorant|Brave Bird|p2a: Dudunsparce\n|-damage|p2a: Dudunsparce|119/339\n|-damage|p1a: Cramorant|218/261|[from] Recoil\n|move|p2a: Dudunsparce|Roost|p2a: Dudunsparce\n|-heal|p2a: Dudunsparce|289/339\n|-singleturn|p2a: Dudunsparce|move: Roost\n|\n|-heal|p2a: Dudunsparce|310/339|[from] item: Leftovers\n|upkeep\n|turn|3\n|\n|t:|1706212854\n|switch|p1a: Eelektross|Eelektross, L87, F|290/290\n|move|p2a: Dudunsparce|Calm Mind|p2a: Dudunsparce\n|-boost|p2a: Dudunsparce|spa|1\n|-boost|p2a: Dudunsparce|spd|1\n|\n|-heal|p2a: Dudunsparce|331/339|[from] item: Leftovers\n|upkeep\n|turn|4\n|\n|t:|1706212861\n|move|p2a: Dudunsparce|Boomburst|p1a: Eelektross\n|-damage|p1a: Eelektross|161/290\n|move|p1a: Eelektross|Acid Spray|p2a: Dudunsparce\n|-damage|p2a: Dudunsparce|306/339\n|-unboost|p2a: Dudunsparce|spd|2\n|\n|-heal|p2a: Dudunsparce|327/339|[from] item: Leftovers\n|upkeep\n|turn|5\n|\n|t:|1706212869\n|move|p1a: Eelektross|Acid Spray|p2a: Dudunsparce\n|-damage|p2a: Dudunsparce|274/339\n|-unboost|p2a: Dudunsparce|spd|2\n|move|p2a: Dudunsparce|Calm Mind|p2a: Dudunsparce\n|-boost|p2a: Dudunsparce|spa|1\n|-boost|p2a: Dudunsparce|spd|1\n|\n|-heal|p2a: Dudunsparce|295/339|[from] item: Leftovers\n|upkeep\n|turn|6\n|\n|t:|1706212873\n|move|p1a: Eelektross|Thunderbolt|p2a: Dudunsparce\n|-damage|p2a: Dudunsparce|40/339\n|move|p2a: Dudunsparce|Boomburst|p1a: Eelektross\n|-damage|p1a: Eelektross|0 fnt\n|faint|p1a: Eelektross\n|\n|-heal|p2a: Dudunsparce|61/339|[from] item: Leftovers\n|upkeep\n|\n|t:|1706212884\n|switch|p1a: Cramorant|Cramorant, L86, F|218/261\n|turn|7\n|j| tteamttester\n|inactive|MichaelderBeste2 has 120 seconds left.\n|\n|t:|1706212916\n|switch|p2a: Grafaiai|Grafaiai, L86, M|249/249\n|move|p1a: Cramorant|Surf|p2a: Grafaiai\n|-formechange|p1a: Cramorant|Cramorant-Gulping|\n|-damage|p2a: Grafaiai|146/249\n|\n|upkeep\n|turn|8\n|\n|t:|1706212924\n|move|p2a: Grafaiai|Gunk Shot|p1a: Cramorant\n|-damage|p1a: Cramorant|29/261\n|-damage|p2a: Grafaiai|84/249|[from] ability: Gulp Missile|[of] p1a: Cramorant\n|-unboost|p2a: Grafaiai|def|1\n|-formechange|p1a: Cramorant|Cramorant|\n|move|p1a: Cramorant|Brave Bird|p2a: Grafaiai\n|-damage|p2a: Grafaiai|0 fnt\n|faint|p2a: Grafaiai\n|-damage|p1a: Cramorant|1/261|[from] Recoil\n|\n|upkeep\n|\n|t:|1706212928\n|switch|p2a: Talonflame|Talonflame, L84, M|268/268\n|turn|9\n|\n|t:|1706212948\n|switch|p1a: Lugia|Lugia, L74|279/279\n|move|p2a: Talonflame|Brave Bird|p1a: Lugia\n|-damage|p1a: Lugia|234/279\n|-damage|p2a: Talonflame|253/268|[from] Recoil\n|\n|upkeep\n|turn|10\n|\n|t:|1706212957\n|move|p2a: Talonflame|Will-O-Wisp|p1a: Lugia\n|-status|p1a: Lugia|brn\n|move|p1a: Lugia|Aeroblast|p2a: Talonflame\n|-damage|p2a: Talonflame|153/268\n|\n|-damage|p1a: Lugia|217/279 brn|[from] brn\n|upkeep\n|turn|11\n|\n|t:|1706212962\n|move|p2a: Talonflame|Roost|p2a: Talonflame\n|-heal|p2a: Talonflame|268/268\n|-singleturn|p2a: Talonflame|move: Roost\n|move|p1a: Lugia|Calm Mind|p1a: Lugia\n|-boost|p1a: Lugia|spa|1\n|-boost|p1a: Lugia|spd|1\n|\n|-damage|p1a: Lugia|200/279 brn|[from] brn\n|upkeep\n|turn|12\n|\n|t:|1706212979\n|switch|p2a: Shiftry|Shiftry, L89, M|305/305\n|move|p1a: Lugia|Aeroblast|p2a: Shiftry\n|-ability|p2a: Shiftry|Wind Rider|boost\n|-boost|p2a: Shiftry|atk|1\n|\n|-damage|p1a: Lugia|183/279 brn|[from] brn\n|upkeep\n|turn|13\n|inactive|Alfhan has 120 seconds left.\n|c|\u2606Alfhan|oh i just have not checked what moves that came back with the dlc do what\n|c|\u2606Alfhan|whoops lmao\n|\n|t:|1706213020\n|switch|p1a: Koraidon|Koraidon, L64|235/235\n|-weather|SunnyDay|[from] ability: Orichalcum Pulse|[of] p1a: Koraidon\n|-activate|p1a: Koraidon|Orichalcum Pulse|[source]\n|move|p2a: Shiftry|Tailwind|p2a: Shiftry\n|-sidestart|p2: MichaelderBeste2|move: Tailwind\n|-ability|p2a: Shiftry|Wind Rider|boost\n|-boost|p2a: Shiftry|atk|1\n|\n|-weather|SunnyDay|[upkeep]\n|upkeep\n|turn|14\n|\n|t:|1706213026\n|move|p2a: Shiftry|Low Kick|p1a: Koraidon\n|-damage|p1a: Koraidon|0 fnt\n|faint|p1a: Koraidon\n|-damage|p2a: Shiftry|275/305|[from] item: Life Orb\n|\n|-weather|SunnyDay|[upkeep]\n|upkeep\n|\n|t:|1706213032\n|switch|p1a: Dipplin|Dipplin, L88, F|284/284\n|turn|15\n|\n|t:|1706213036\n|move|p2a: Shiftry|Knock Off|p1a: Dipplin\n|-damage|p1a: Dipplin|119/284\n|-activate|p1a: Dipplin|ability: Sticky Hold\n|-damage|p2a: Shiftry|245/305|[from] item: Life Orb\n|move|p1a: Dipplin|Dragon Pulse|p2a: Shiftry\n|-damage|p2a: Shiftry|128/305\n|\n|-weather|SunnyDay|[upkeep]\n|upkeep\n|turn|16\n|\n|t:|1706213044\n|move|p2a: Shiftry|Knock Off|p1a: Dipplin\n|-damage|p1a: Dipplin|0 fnt\n|-enditem|p1a: Dipplin|Eviolite|[from] move: Knock Off|[of] p2a: Shiftry\n|faint|p1a: Dipplin\n|-damage|p2a: Shiftry|98/305|[from] item: Life Orb\n|\n|-weather|SunnyDay|[upkeep]\n|-sideend|p2: MichaelderBeste2|move: Tailwind\n|upkeep\n|\n|t:|1706213047\n|switch|p1a: Cramorant|Cramorant, L86, F|1/261\n|turn|17\n|l| tteamttester\n|\n|t:|1706213065\n|switch|p2a: Dudunsparce|Dudunsparce-Three-Segment, L82, F|61/339\n|move|p1a: Cramorant|Surf|p2a: Dudunsparce\n|-formechange|p1a: Cramorant|Cramorant-Gorging|\n|-damage|p2a: Dudunsparce|7/339\n|\n|-weather|none\n|-heal|p2a: Dudunsparce|28/339|[from] item: Leftovers\n|upkeep\n|turn|18\n|\n|t:|1706213070\n|move|p1a: Cramorant|Surf|p2a: Dudunsparce\n|-damage|p2a: Dudunsparce|0 fnt\n|faint|p2a: Dudunsparce\n|\n|upkeep\n|\n|t:|1706213078\n|switch|p2a: Talonflame|Talonflame, L84, M|268/268\n|turn|19\n|\n|t:|1706213083\n|move|p2a: Talonflame|Brave Bird|p1a: Cramorant\n|-damage|p1a: Cramorant|0 fnt\n|-damage|p2a: Talonflame|201/268|[from] ability: Gulp Missile|[of] p1a: Cramorant\n|-status|p2a: Talonflame|par\n|-formechange|p1a: Cramorant|Cramorant|\n|faint|p1a: Cramorant\n|-damage|p2a: Talonflame|200/268 par|[from] Recoil\n|\n|upkeep\n|\n|t:|1706213091\n|switch|p1a: Polteageist|Polteageist, L79|224/224\n|turn|20\n|\n|t:|1706213097\n|move|p1a: Polteageist|Shell Smash|p1a: Polteageist\n|-unboost|p1a: Polteageist|def|1\n|-unboost|p1a: Polteageist|spd|1\n|-boost|p1a: Polteageist|atk|2\n|-boost|p1a: Polteageist|spa|2\n|-boost|p1a: Polteageist|spe|2\n|-enditem|p1a: Polteageist|White Herb\n|-clearnegativeboost|p1a: Polteageist|[silent]\n|move|p2a: Talonflame|Brave Bird|p1a: Polteageist\n|-damage|p1a: Polteageist|73/224\n|-damage|p2a: Talonflame|150/268 par|[from] Recoil\n|\n|upkeep\n|turn|21\n|\n|t:|1706213102\n|move|p1a: Polteageist|Shadow Ball|p2a: Talonflame\n|-damage|p2a: Talonflame|0 fnt\n|faint|p2a: Talonflame\n|\n|upkeep\n|\n|t:|1706213109\n|switch|p2a: Revavroom|Revavroom, L79, M|256/256\n|turn|22\n|\n|t:|1706213115\n|-terastallize|p1a: Polteageist|Psychic\n|move|p1a: Polteageist|Stored Power|p2a: Revavroom\n|-damage|p2a: Revavroom|0 fnt\n|faint|p2a: Revavroom\n|\n|upkeep\n|\n|t:|1706213119\n|switch|p2a: Shiftry|Shiftry, L89, M|98/305\n|turn|23\n|\n|t:|1706213124\n|move|p1a: Polteageist|Shadow Ball|p2a: Shiftry\n|-resisted|p2a: Shiftry\n|-damage|p2a: Shiftry|0 fnt\n|faint|p2a: Shiftry\n|\n|upkeep\n|\n|t:|1706213129\n|switch|p2a: Kleavor|Kleavor, L78, M|237/237\n|turn|24\n|\n|t:|1706213131\n|move|p1a: Polteageist|Stored Power|p2a: Kleavor\n|-damage|p2a: Kleavor|0 fnt\n|faint|p2a: Kleavor\n|\n|win|Alfhan\n|raw|Alfhan's rating: 2271 &rarr; <strong>2296</strong><br />(+25 for winning)\n|raw|MichaelderBeste2's rating: 2369 &rarr; <strong>2344</strong><br />(-25 for losing)\n|c|\u2606Alfhan|gg\n|l|\u2606MichaelderBeste2\n|player|p2|\n", "inputlog": ">version 51ab69b80e10af9383edde933ca36e02e9e47e55\n>start {\"formatid\":\"gen9randombattle\",\"seed\":[63016,4135,64914,33451],\"rated\":\"Rated battle\"}\n>player p1 {\"name\":\"Alfhan\",\"avatar\":\"169\",\"rating\":2271,\"seed\":[29546,57517,48712,41035]}\n>player p2 {\"name\":\"MichaelderBeste2\",\"avatar\":\"#rbtt7teamdarkraif\",\"rating\":2369,\"seed\":[25134,35663,57134,25713]}\n>p1 move surf\n>p2 switch 5\n>p1 move bravebird\n>p2 move roost\n>p1 switch 6\n>p2 move calmmind\n>p1 move acidspray\n>p2 move boomburst\n>p1 move acidspray\n>p2 move calmmind\n>p1 move thunderbolt\n>p2 move boomburst\n>p1 switch 6\n>p1 move surf\n>p2 switch 6\n>p1 move bravebird\n>p2 move gunkshot\n>p2 switch 2\n>p1 switch 4\n>p2 move bravebird\n>p1 move aeroblast\n>p2 move willowisp\n>p1 move calmmind\n>p2 move roost\n>p1 move aeroblast\n>p2 switch 5\n>chat \u2606Alfhan|oh i just have not checked what moves that came back with the dlc do what\n>chat \u2606Alfhan|whoops lmao\n>p1 switch 5\n>p2 move tailwind\n>p1 move flareblitz\n>p2 move lowkick\n>p1 switch 2\n>p1 move dragonpulse\n>p2 move knockoff\n>p1 move dragonpulse\n>p2 move knockoff\n>p1 switch 4\n>p1 move surf\n>p2 switch 6\n>p1 move surf\n>p2 move boomburst\n>p2 switch 5\n>p1 move roost\n>p2 move bravebird\n>p1 switch 3\n>p1 move shellsmash\n>p2 move bravebird\n>p1 move shadowball\n>p2 move bravebird\n>p2 switch 4\n>p1 move storedpower terastallize\n>p2 move ironhead\n>p2 switch 6\n>p1 move shadowball\n>p2 move knockoff\n>p2 switch 3\n>p1 move storedpower\n>p2 move xscissor", "uploadtime": 1706213168, "views": 293, "formatid": "gen9randombattle", "rating": 2296, "private": 0, "password": null}