{"id": "gen9randombattle-2259979908", "format": "[Gen 9] Random Battle", "players": ["MJS1337", "ZaneCrescentB"], "log": "|j|\u2606MJS1337\n|j|\u2606ZaneCrescentB\n|t:|1733786950\n|gametype|singles\n|player|p1|MJS1337|169|1537\n|player|p2|ZaneCrescentB|vessa|1498\n|teamsize|p1|6\n|teamsize|p2|6\n|gen|9\n|tier|[Gen 9] Random Battle\n|rated|\n|rule|Species Clause: Limit one of each Pok\u00e9mon\n|rule|HP Percentage Mod: HP is shown in percentages\n|rule|Sleep Clause Mod: Limit one foe put to sleep\n|rule|Illusion Level Mod: Illusion disguises the Pok\u00e9mon's true level\n|\n|t:|1733786950\n|start\n|switch|p1a: Tauros|Tauros-Paldea-Blaze, L81, M|254/254\n|switch|p2a: Kingambit|Kingambit, L74, M|270/270\n|-ability|p1a: Tauros|Intimidate|boost\n|-unboost|p2a: Kingambit|atk|1\n|turn|1\n|c|\u2606ZaneCrescentB|Gl hf.\n|c|\u2606ZaneCrescentB|Let's GO!\n|\n|t:|1733786995\n|-end|p2a: Kingambit|fallenundefined|[silent]\n|switch|p2a: Salamence|Salamence, L77, F|273/273\n|-ability|p2a: Salamence|Intimidate|boost\n|-unboost|p1a: Tauros|atk|1\n|move|p1a: Tauros|Close Combat|p2a: Salamence\n|-resisted|p2a: Salamence\n|-damage|p2a: Salamence|195/273\n|-unboost|p1a: Tauros|def|1\n|-unboost|p1a: Tauros|spd|1\n|\n|upkeep\n|turn|2\n|\n|t:|1733787003\n|switch|p1a: Wyrdeer|Wyrdeer, L87, F|321/321\n|-ability|p1a: Wyrdeer|Intimidate|boost\n|-unboost|p2a: Salamence|atk|1\n|move|p2a: Salamence|Dragon Dance|p2a: Salamence\n|-boost|p2a: Salamence|atk|1\n|-boost|p2a: Salamence|spe|1\n|\n|upkeep\n|turn|3\n|\n|t:|1733787011\n|switch|p2a: Froslass|Froslass, L87, F|263/263\n|move|p1a: Wyrdeer|Thunder Wave|p2a: Froslass\n|-status|p2a: Froslass|par\n|\n|upkeep\n|turn|4\n|\n|t:|1733787018\n|switch|p1a: Tauros|Tauros-Paldea-Blaze, L81, M|254/254\n|-ability|p1a: Tauros|Intimidate|boost\n|-unboost|p2a: Froslass|atk|1\n|cant|p2a: Froslass|par\n|\n|upkeep\n|turn|5\n|\n|t:|1733787022\n|switch|p2a: Salamence|Salamence, L77, F|195/273\n|-ability|p2a: Salamence|Intimidate|boost\n|-unboost|p1a: Tauros|atk|1\n|move|p1a: Tauros|Flare Blitz|p2a: Salamence\n|-resisted|p2a: Salamence\n|-damage|p2a: Salamence|124/273\n|-damage|p1a: Tauros|231/254|[from] Recoil\n|\n|upkeep\n|turn|6\n|\n|t:|1733787041\n|switch|p1a: Wyrdeer|Wyrdeer, L87, F|321/321\n|-ability|p1a: Wyrdeer|Intimidate|boost\n|-unboost|p2a: Salamence|atk|1\n|move|p2a: Salamence|Dual Wingbeat|p1a: Wyrdeer\n|-damage|p1a: Wyrdeer|288/321\n|-damage|p1a: Wyrdeer|255/321\n|-hitcount|p1a: Wyrdeer|2\n|\n|-heal|p1a: Wyrdeer|275/321|[from] item: Leftovers\n|upkeep\n|turn|7\n|\n|t:|1733787047\n|switch|p2a: Wo-Chien|Wo-Chien, L83|277/277\n|-ability|p2a: Wo-Chien|Tablets of Ruin\n|move|p1a: Wyrdeer|Psychic Noise|p2a: Wo-Chien\n|-immune|p2a: Wo-Chien\n|\n|-heal|p1a: Wyrdeer|295/321|[from] item: Leftovers\n|upkeep\n|turn|8\n|\n|t:|1733787057\n|switch|p1a: Spidops|Spidops, L96, F|271/271\n|move|p2a: Wo-Chien|Stun Spore|p1a: Spidops\n|-status|p1a: Spidops|par\n|\n|upkeep\n|turn|9\n|\n|t:|1733787066\n|move|p2a: Wo-Chien|Knock Off|p1a: Spidops\n|-damage|p1a: Spidops|195/271 par\n|-enditem|p1a: Spidops|Heavy-Duty Boots|[from] move: Knock Off|[of] p2a: Wo-Chien\n|move|p1a: Spidops|Sticky Web|p2a: Wo-Chien\n|-sidestart|p2: ZaneCrescentB|move: Sticky Web\n|\n|upkeep\n|turn|10\n|\n|t:|1733787078\n|switch|p2a: Froslass|Froslass, L87, F|263/263 par\n|-activate|p2a: Froslass|move: Sticky Web\n|-unboost|p2a: Froslass|spe|1\n|move|p1a: Spidops|Spikes|p2a: Froslass\n|-sidestart|p2: ZaneCrescentB|Spikes\n|\n|upkeep\n|turn|11\n|\n|t:|1733787087\n|cant|p2a: Froslass|par\n|move|p1a: Spidops|Knock Off|p2a: Froslass\n|-supereffective|p2a: Froslass\n|-damage|p2a: Froslass|75/263 par\n|-enditem|p2a: Froslass|Wide Lens|[from] move: Knock Off|[of] p1a: Spidops\n|\n|upkeep\n|turn|12\n|\n|t:|1733787091\n|move|p2a: Froslass|Destiny Bond|p2a: Froslass\n|-singlemove|p2a: Froslass|Destiny Bond\n|cant|p1a: Spidops|par\n|\n|upkeep\n|turn|13\n|\n|t:|1733787097\n|cant|p2a: Froslass|par\n|move|p1a: Spidops|Spikes|p2a: Froslass\n|-sidestart|p2: ZaneCrescentB|Spikes\n|\n|upkeep\n|turn|14\n|\n|t:|1733787100\n|move|p2a: Froslass|Destiny Bond|p2a: Froslass\n|-singlemove|p2a: Froslass|Destiny Bond\n|move|p1a: Spidops|Spikes|p2a: Froslass\n|-sidestart|p2: ZaneCrescentB|Spikes\n|\n|upkeep\n|turn|15\n|\n|t:|1733787116\n|move|p2a: Froslass|Triple Axel|p1a: Spidops\n|-damage|p1a: Spidops|179/271 par\n|-damage|p1a: Spidops|145/271 par\n|-damage|p1a: Spidops|96/271 par\n|-hitcount|p1a: Spidops|3\n|move|p1a: Spidops|Knock Off|p2a: Froslass\n|-supereffective|p2a: Froslass\n|-damage|p2a: Froslass|0 fnt\n|-start|p1a: Spidops|Disable|Knock Off|[from] ability: Cursed Body|[of] p2a: Froslass\n|faint|p2a: Froslass\n|\n|upkeep\n|\n|t:|1733787125\n|switch|p2a: Basculin|Basculin, L86, F|261/261\n|-activate|p2a: Basculin|move: Sticky Web\n|-unboost|p2a: Basculin|spe|1\n|-damage|p2a: Basculin|196/261|[from] Spikes\n|turn|16\n|c|\u2606ZaneCrescentB|Damn.\n|c|\u2606ZaneCrescentB|This match might already be over.\n|\n|t:|1733787150\n|move|p2a: Basculin|Flip Turn|p1a: Spidops\n|-damage|p1a: Spidops|0 fnt\n|faint|p1a: Spidops\n|c|\u2606ZaneCrescentB|How annoying.\n|inactive|Battle timer is ON: inactive players will automatically lose when time's up. (requested by MJS1337)\n|c|\u2606ZaneCrescentB|Timer...\n|c|\u2606ZaneCrescentB|Le-Sigh...\n|c|\u2606ZaneCrescentB|Don't mind that.\n|c|\u2606ZaneCrescentB|I just say it.\n|\n|t:|1733787170\n|switch|p2a: Wo-Chien|Wo-Chien, L83|277/277|[from] Flip Turn\n|-activate|p2a: Wo-Chien|move: Sticky Web\n|-unboost|p2a: Wo-Chien|spe|1\n|-damage|p2a: Wo-Chien|208/277|[from] Spikes\n|-ability|p2a: Wo-Chien|Tablets of Ruin\n|\n|-heal|p2a: Wo-Chien|225/277|[from] item: Leftovers\n|upkeep\n|inactiveoff|Battle timer is now OFF.\n|c|\u2606MJS1337|i gotchu\n|\n|t:|1733787181\n|switch|p1a: Tauros|Tauros-Paldea-Blaze, L81, M|231/254\n|-ability|p1a: Tauros|Intimidate|boost\n|-unboost|p2a: Wo-Chien|atk|1\n|turn|17\n|\n|t:|1733787194\n|switch|p2a: Salamence|Salamence, L77, F|124/273\n|-ability|p2a: Salamence|Intimidate|boost\n|-unboost|p1a: Tauros|atk|1\n|move|p1a: Tauros|Flare Blitz|p2a: Salamence\n|-resisted|p2a: Salamence\n|-damage|p2a: Salamence|54/273\n|-status|p2a: Salamence|brn\n|-damage|p1a: Tauros|208/254|[from] Recoil\n|\n|-damage|p2a: Salamence|37/273 brn|[from] brn\n|upkeep\n|turn|18\n|\n|t:|1733787200\n|move|p1a: Tauros|Flare Blitz|p2a: Salamence\n|-resisted|p2a: Salamence\n|-damage|p2a: Salamence|0 fnt\n|faint|p2a: Salamence\n|-damage|p1a: Tauros|196/254|[from] Recoil\n|\n|upkeep\n|\n|t:|1733787205\n|switch|p2a: Basculin|Basculin, L86, F|196/261\n|-activate|p2a: Basculin|move: Sticky Web\n|-unboost|p2a: Basculin|spe|1\n|-damage|p2a: Basculin|131/261|[from] Spikes\n|turn|19\n|\n|t:|1733787219\n|switch|p1a: Wyrdeer|Wyrdeer, L87, F|295/321\n|-ability|p1a: Wyrdeer|Intimidate|boost\n|-unboost|p2a: Basculin|atk|1\n|move|p2a: Basculin|Flip Turn|p1a: Wyrdeer\n|-damage|p1a: Wyrdeer|199/321\n|\n|t:|1733787233\n|switch|p2a: Wo-Chien|Wo-Chien, L83|225/277|[from] Flip Turn\n|-activate|p2a: Wo-Chien|move: Sticky Web\n|-unboost|p2a: Wo-Chien|spe|1\n|-damage|p2a: Wo-Chien|156/277|[from] Spikes\n|-ability|p2a: Wo-Chien|Tablets of Ruin\n|\n|-heal|p1a: Wyrdeer|219/321|[from] item: Leftovers\n|-heal|p2a: Wo-Chien|173/277|[from] item: Leftovers\n|upkeep\n|turn|20\n|\n|t:|1733787269\n|switch|p1a: Hawlucha|Hawlucha, L80, M|256/256\n|move|p2a: Wo-Chien|Stun Spore|p1a: Hawlucha|[miss]\n|-miss|p2a: Wo-Chien|p1a: Hawlucha\n|\n|-heal|p2a: Wo-Chien|190/277|[from] item: Leftovers\n|upkeep\n|turn|21\n|\n|t:|1733787276\n|move|p1a: Hawlucha|Swords Dance|p1a: Hawlucha\n|-boost|p1a: Hawlucha|atk|2\n|move|p2a: Wo-Chien|Stun Spore|p1a: Hawlucha\n|-status|p1a: Hawlucha|par\n|\n|-heal|p2a: Wo-Chien|207/277|[from] item: Leftovers\n|upkeep\n|turn|22\n|\n|t:|1733787292\n|move|p1a: Hawlucha|Close Combat|p2a: Wo-Chien\n|-supereffective|p2a: Wo-Chien\n|-damage|p2a: Wo-Chien|0 fnt\n|-unboost|p1a: Hawlucha|def|1\n|-unboost|p1a: Hawlucha|spd|1\n|-enditem|p1a: Hawlucha|White Herb\n|-clearnegativeboost|p1a: Hawlucha|[silent]\n|faint|p2a: Wo-Chien\n|\n|upkeep\n|inactive|Battle timer is ON: inactive players will automatically lose when time's up. (requested by MJS1337)\n|\n|t:|1733787301\n|switch|p2a: Latias|Latias, L79, F|256/256\n|turn|23\n|\n|t:|1733787315\n|cant|p1a: Hawlucha|par\n|move|p2a: Latias|Psyshock|p1a: Hawlucha\n|-supereffective|p1a: Hawlucha\n|-damage|p1a: Hawlucha|14/256 par\n|\n|upkeep\n|turn|24\n|\n|t:|1733787324\n|move|p1a: Hawlucha|Acrobatics|p2a: Latias\n|-crit|p2a: Latias\n|-damage|p2a: Latias|0 fnt\n|faint|p2a: Latias\n|\n|upkeep\n|\n|t:|1733787327\n|switch|p2a: Basculin|Basculin, L86, F|131/261\n|-activate|p2a: Basculin|move: Sticky Web\n|-unboost|p2a: Basculin|spe|1\n|-damage|p2a: Basculin|66/261|[from] Spikes\n|turn|25\n|\n|t:|1733787328\n|move|p2a: Basculin|Aqua Jet|p1a: Hawlucha\n|-damage|p1a: Hawlucha|0 fnt\n|faint|p1a: Hawlucha\n|\n|upkeep\n|\n|t:|1733787336\n|switch|p1a: Regidrago|Regidrago, L77|435/435\n|turn|26\n|\n|t:|1733787340\n|move|p2a: Basculin|Aqua Jet|p1a: Regidrago\n|-resisted|p1a: Regidrago\n|-damage|p1a: Regidrago|368/435\n|move|p1a: Regidrago|Earthquake|p2a: Basculin\n|-damage|p2a: Basculin|0 fnt\n|faint|p2a: Basculin\n|\n|upkeep\n|\n|t:|1733787345\n|switch|p2a: Kingambit|Kingambit, L74, M|270/270\n|-activate|p2a: Kingambit|move: Sticky Web\n|-unboost|p2a: Kingambit|spe|1\n|-damage|p2a: Kingambit|203/270|[from] Spikes\n|-activate|p2a: Kingambit|ability: Supreme Overlord\n|-start|p2a: Kingambit|fallen5|[silent]\n|turn|27\n|\n|t:|1733787350\n|-terastallize|p2a: Kingambit|Dark\n|move|p1a: Regidrago|Earthquake|p2a: Kingambit\n|-damage|p2a: Kingambit|151/270\n|move|p2a: Kingambit|Swords Dance|p2a: Kingambit\n|-boost|p2a: Kingambit|atk|2\n|\n|-heal|p2a: Kingambit|167/270|[from] item: Leftovers\n|upkeep\n|turn|28\n|\n|t:|1733787361\n|switch|p1a: Wyrdeer|Wyrdeer, L87, F|219/321\n|-ability|p1a: Wyrdeer|Intimidate|boost\n|-unboost|p2a: Kingambit|atk|1\n|move|p2a: Kingambit|Kowtow Cleave|p1a: Wyrdeer\n|-supereffective|p1a: Wyrdeer\n|-damage|p1a: Wyrdeer|0 fnt\n|faint|p1a: Wyrdeer\n|\n|-heal|p2a: Kingambit|183/270|[from] item: Leftovers\n|upkeep\n|\n|t:|1733787365\n|switch|p1a: Tauros|Tauros-Paldea-Blaze, L81, M|196/254\n|-ability|p1a: Tauros|Intimidate|boost\n|-unboost|p2a: Kingambit|atk|1\n|turn|29\n|\n|t:|1733787369\n|-terastallize|p1a: Tauros|Fighting\n|move|p1a: Tauros|Close Combat|p2a: Kingambit\n|-supereffective|p2a: Kingambit\n|-damage|p2a: Kingambit|0 fnt\n|-unboost|p1a: Tauros|def|1\n|-unboost|p1a: Tauros|spd|1\n|faint|p2a: Kingambit\n|-end|p2a: Kingambit|fallen5|[silent]\n|\n|win|MJS1337\n|raw|MJS1337's rating: 1540 &rarr; <strong>1558</strong><br />(+18 for winning)\n|raw|ZaneCrescentB's rating: 1498 &rarr; <strong>1480</strong><br />(-18 for losing)\n|l|\u2606MJS1337\n|player|p1|\n|c|\u2606ZaneCrescentB|Gg.\n", "inputlog": ">version bfd83cad13791eb5a5a409923076391caf6fb4d4\n>start {\"formatid\":\"gen9randombattle\",\"seed\":[59085,43766,59065,58973],\"rated\":\"Rated battle\"}\n>player p1 {\"name\":\"MJS1337\",\"avatar\":\"169\",\"rating\":1537,\"seed\":[5604,2600,14479,47283]}\n>player p2 {\"name\":\"ZaneCrescentB\",\"avatar\":\"vessa\",\"rating\":1498,\"seed\":[6179,29150,27801,23746]}\n>chat \u2606ZaneCrescentB|Gl hf.\n>chat \u2606ZaneCrescentB|Let's GO!\n>p1 move closecombat\n>p2 switch 4\n>p1 switch 6\n>p2 move dragondance\n>p1 move thunderwave\n>p2 switch 3\n>p1 switch 6\n>p2 move willowisp\n>p1 move flareblitz\n>p2 switch 3\n>p1 switch 6\n>p2 move dualwingbeat\n>p1 move psychicnoise\n>p2 switch 5\n>p1 switch 2\n>p2 move stunspore\n>p1 move stickyweb\n>p2 move knockoff\n>p1 move spikes\n>p2 switch 3\n>p1 move knockoff\n>p2 move tripleaxel\n>p1 move spikes\n>p2 move destinybond\n>p1 move spikes\n>p2 move tripleaxel\n>p1 move spikes\n>p2 move destinybond\n>p1 move knockoff\n>p2 move tripleaxel\n>p2 switch 2\n>chat \u2606ZaneCrescentB|Damn.\n>chat \u2606ZaneCrescentB|This match might already be over.\n>p1 move uturn\n>p2 move flipturn\n>chat \u2606ZaneCrescentB|How annoying.\n>chat \u2606ZaneCrescentB|Timer...\n>chat \u2606ZaneCrescentB|Le-Sigh...\n>chat \u2606ZaneCrescentB|Don't mind that.\n>chat \u2606ZaneCrescentB|I just say it.\n>p2 switch 3\n>chat \u2606MJS1337|i gotchu\n>p1 switch 6\n>p1 move flareblitz\n>p2 switch 5\n>p1 move flareblitz\n>p2 move dualwingbeat\n>p2 switch 3\n>p1 switch 2\n>p2 move flipturn\n>p2 switch 5\n>p1 switch 5\n>p2 move stunspore\n>p1 move swordsdance\n>p2 move stunspore\n>p1 move closecombat\n>p2 move ruination\n>p2 switch 6\n>p1 move acrobatics\n>p2 move psyshock\n>p1 move acrobatics\n>p2 move psyshock\n>p2 switch 5\n>p1 move acrobatics\n>p2 move aquajet\n>p1 switch 3\n>p1 move earthquake\n>p2 move aquajet\n>p2 switch 4\n>p1 move earthquake\n>p2 move swordsdance terastallize\n>p1 switch 5\n>p2 move kowtowcleave\n>p1 switch 2\n>p1 move closecombat terastallize\n>p2 move swordsdance", "uploadtime": 1733787376, "views": 2, "formatid": "gen9randombattle", "rating": 1480, "private": 0, "password": null}