{"id": "gen9randombattle-2258092778", "format": "[Gen 9] Random Battle", "players": ["Qiuescent", "smokyaim"], "log": "|badge|p2|silver|gen9randombattle|30-3\n|uhtml|medal-msg|<div class=\"broadcast-blue\">Curious what those medals under the avatar are? PS now has Ladder Seasons! For more information, check out the <a href=\"https://www.smogon.com/forums/threads/3740067/\">thread on Smogon.</a></div>\n|j|\u203dQiuescent\n|j|\u2606smokyaim\n|t:|1733514620\n|gametype|singles\n|player|p1|Qiuescent|102|2293\n|player|p2|smokyaim|169|2390\n|teamsize|p1|6\n|teamsize|p2|6\n|gen|9\n|tier|[Gen 9] Random Battle\n|rated|\n|rule|Species Clause: Limit one of each Pok\u00e9mon\n|rule|HP Percentage Mod: HP is shown in percentages\n|rule|Sleep Clause Mod: Limit one foe put to sleep\n|rule|Illusion Level Mod: Illusion disguises the Pok\u00e9mon's true level\n|\n|t:|1733514620\n|start\n|switch|p1a: Kleavor|Kleavor, L78, F|237/237\n|switch|p2a: Pecharunt|Pecharunt, L77|262/262\n|turn|1\n|\n|t:|1733514636\n|move|p2a: Pecharunt|Malignant Chain|p1a: Kleavor\n|-resisted|p1a: Kleavor\n|-damage|p1a: Kleavor|183/237\n|-status|p1a: Kleavor|tox\n|-start|p1a: Kleavor|confusion|[from] ability: Poison Puppeteer|[of] p2a: Pecharunt\n|-activate|p1a: Kleavor|confusion\n|move|p1a: Kleavor|Stone Axe|p2a: Pecharunt\n|-crit|p2a: Pecharunt\n|-damage|p2a: Pecharunt|148/262\n|-damage|p1a: Kleavor|144/237 tox|[from] item: Rocky Helmet|[of] p2a: Pecharunt\n|-sidestart|p2: smokyaim|move: Stealth Rock\n|\n|-damage|p1a: Kleavor|130/237 tox|[from] psn\n|upkeep\n|turn|2\n|\n|t:|1733514665\n|move|p2a: Pecharunt|Recover|p2a: Pecharunt\n|-heal|p2a: Pecharunt|262/262\n|-activate|p1a: Kleavor|confusion\n|move|p1a: Kleavor|U-turn|p2a: Pecharunt\n|-resisted|p2a: Pecharunt\n|-damage|p2a: Pecharunt|248/262\n|-damage|p1a: Kleavor|91/237 tox|[from] item: Rocky Helmet|[of] p2a: Pecharunt\n|\n|t:|1733514671\n|switch|p1a: Cyclizar|Cyclizar, L83, F|252/252|[from] U-turn\n|\n|upkeep\n|turn|3\n|\n|t:|1733514676\n|move|p1a: Cyclizar|Knock Off|p2a: Pecharunt\n|-supereffective|p2a: Pecharunt\n|-damage|p2a: Pecharunt|164/262\n|-damage|p1a: Cyclizar|210/252|[from] item: Rocky Helmet|[of] p2a: Pecharunt\n|-enditem|p2a: Pecharunt|Rocky Helmet|[from] move: Knock Off|[of] p1a: Cyclizar\n|move|p2a: Pecharunt|Parting Shot|p1a: Cyclizar\n|-unboost|p1a: Cyclizar|atk|1\n|-unboost|p1a: Cyclizar|spa|1\n|\n|t:|1733514688\n|switch|p2a: Lurantis|Lurantis, L87, F|264/264|[from] Parting Shot\n|-damage|p2a: Lurantis|231/264|[from] Stealth Rock\n|\n|-heal|p2a: Lurantis|247/264|[from] item: Leftovers\n|upkeep\n|turn|4\n|\n|t:|1733514690\n|move|p1a: Cyclizar|Shed Tail|p1a: Cyclizar\n|-start|p1a: Cyclizar|Substitute|[from] move: Shed Tail\n|-damage|p1a: Cyclizar|84/252\n|\n|t:|1733514692\n|switch|p1a: Ninetales|Ninetales, L85, F|263/263|[from] Shed Tail\n|-weather|SunnyDay|[from] ability: Drought|[of] p1a: Ninetales\n|move|p2a: Lurantis|Superpower|p1a: Ninetales\n|-end|p1a: Ninetales|Substitute\n|-boost|p2a: Lurantis|atk|1\n|-boost|p2a: Lurantis|def|1\n|\n|-weather|SunnyDay|[upkeep]\n|-heal|p2a: Lurantis|263/264|[from] item: Leftovers\n|upkeep\n|turn|5\n|inactive|Battle timer is ON: inactive players will automatically lose when time's up. (requested by Qiuescent)\n|\n|t:|1733514723\n|-terastallize|p2a: Lurantis|Fighting\n|move|p1a: Ninetales|Nasty Plot|p1a: Ninetales\n|-boost|p1a: Ninetales|spa|2\n|move|p2a: Lurantis|Superpower|p1a: Ninetales\n|-damage|p1a: Ninetales|29/263\n|-boost|p2a: Lurantis|atk|1\n|-boost|p2a: Lurantis|def|1\n|\n|-weather|SunnyDay|[upkeep]\n|-heal|p2a: Lurantis|264/264|[from] item: Leftovers\n|upkeep\n|turn|6\n|\n|t:|1733514732\n|move|p1a: Ninetales|Fire Blast|p2a: Lurantis\n|-damage|p2a: Lurantis|0 fnt\n|faint|p2a: Lurantis\n|\n|-weather|SunnyDay|[upkeep]\n|upkeep\n|\n|t:|1733514737\n|switch|p2a: Regidrago|Regidrago, L77|435/435\n|-damage|p2a: Regidrago|381/435|[from] Stealth Rock\n|turn|7\n|\n|t:|1733514740\n|move|p2a: Regidrago|Dragon Energy|p1a: Ninetales\n|-damage|p1a: Ninetales|0 fnt\n|faint|p1a: Ninetales\n|\n|-weather|SunnyDay|[upkeep]\n|upkeep\n|\n|t:|1733514744\n|switch|p1a: Tauros|Tauros, L82, M|257/257\n|turn|8\n|\n|t:|1733514748\n|move|p2a: Regidrago|Dragon Energy|p1a: Tauros\n|-damage|p1a: Tauros|47/257\n|move|p1a: Tauros|Throat Chop|p2a: Regidrago\n|-damage|p2a: Regidrago|238/435\n|\n|-weather|none\n|upkeep\n|turn|9\n|\n|t:|1733514751\n|move|p2a: Regidrago|Dragon Energy|p1a: Tauros\n|-damage|p1a: Tauros|0 fnt\n|faint|p1a: Tauros\n|\n|upkeep\n|\n|t:|1733514760\n|switch|p1a: Hawlucha|Hawlucha, L80, F|256/256\n|turn|10\n|j| FloSoup\n|\n|t:|1733514766\n|switch|p2a: Pecharunt|Pecharunt, L77|164/262\n|-damage|p2a: Pecharunt|132/262|[from] Stealth Rock\n|move|p1a: Hawlucha|Close Combat|p2a: Pecharunt\n|-immune|p2a: Pecharunt\n|\n|upkeep\n|turn|11\n|\n|t:|1733514774\n|move|p1a: Hawlucha|Swords Dance|p1a: Hawlucha\n|-boost|p1a: Hawlucha|atk|2\n|move|p2a: Pecharunt|Malignant Chain|p1a: Hawlucha\n|-damage|p1a: Hawlucha|142/256\n|\n|upkeep\n|turn|12\n|\n|t:|1733514780\n|move|p1a: Hawlucha|Throat Chop|p2a: Pecharunt\n|-supereffective|p2a: Pecharunt\n|-damage|p2a: Pecharunt|0 fnt\n|faint|p2a: Pecharunt\n|\n|upkeep\n|\n|t:|1733514784\n|switch|p2a: Regidrago|Regidrago, L77|238/435\n|-damage|p2a: Regidrago|184/435|[from] Stealth Rock\n|turn|13\n|\n|t:|1733514789\n|switch|p1a: Kleavor|Kleavor, L78, F|91/237 tox\n|move|p2a: Regidrago|Draco Meteor|p1a: Kleavor\n|-damage|p1a: Kleavor|0 fnt\n|-unboost|p2a: Regidrago|spa|2\n|faint|p1a: Kleavor\n|\n|upkeep\n|\n|t:|1733514794\n|switch|p1a: Tatsugiri|Tatsugiri-Droopy, L87, F|260/260\n|turn|14\n|\n|t:|1733514805\n|switch|p2a: Mew|Mew, L82|298/298\n|-damage|p2a: Mew|261/298|[from] Stealth Rock\n|move|p1a: Tatsugiri|Nasty Plot|p1a: Tatsugiri\n|-boost|p1a: Tatsugiri|spa|2\n|\n|upkeep\n|turn|15\n|\n|t:|1733514812\n|move|p2a: Mew|Psychic Fangs|p1a: Tatsugiri\n|-damage|p1a: Tatsugiri|118/260\n|-damage|p2a: Mew|232/298|[from] item: Life Orb\n|move|p1a: Tatsugiri|Draco Meteor|p2a: Mew\n|-damage|p2a: Mew|0 fnt\n|-unboost|p1a: Tatsugiri|spa|2\n|faint|p2a: Mew\n|-damage|p1a: Tatsugiri|92/260|[from] item: Life Orb\n|\n|upkeep\n|\n|t:|1733514822\n|switch|p2a: Necrozma|Necrozma-Dusk-Mane, L69|248/248\n|-damage|p2a: Necrozma|233/248|[from] Stealth Rock\n|turn|16\n|\n|t:|1733514826\n|move|p1a: Tatsugiri|Hydro Pump|p2a: Necrozma\n|-damage|p2a: Necrozma|25/248\n|-damage|p1a: Tatsugiri|66/260|[from] item: Life Orb\n|move|p2a: Necrozma|Dragon Dance|p2a: Necrozma\n|-boost|p2a: Necrozma|atk|1\n|-boost|p2a: Necrozma|spe|1\n|\n|upkeep\n|turn|17\n|\n|t:|1733514832\n|move|p2a: Necrozma|Sunsteel Strike|p1a: Tatsugiri\n|-resisted|p1a: Tatsugiri\n|-damage|p1a: Tatsugiri|0 fnt\n|faint|p1a: Tatsugiri\n|\n|upkeep\n|\n|t:|1733514834\n|switch|p1a: Cyclizar|Cyclizar, L83, F|168/252\n|turn|18\n|\n|t:|1733514838\n|-terastallize|p1a: Cyclizar|Steel\n|move|p1a: Cyclizar|Knock Off|p2a: Necrozma\n|-supereffective|p2a: Necrozma\n|-damage|p2a: Necrozma|0 fnt\n|-enditem|p2a: Necrozma|Weakness Policy|[from] move: Knock Off|[of] p1a: Cyclizar\n|faint|p2a: Necrozma\n|\n|upkeep\n|\n|t:|1733514855\n|switch|p2a: Cloyster|Cloyster, L80, M|211/211\n|-damage|p2a: Cloyster|159/211|[from] Stealth Rock\n|turn|19\n|\n|t:|1733514861\n|move|p1a: Cyclizar|Draco Meteor|p2a: Cloyster\n|-damage|p2a: Cloyster|0 fnt\n|-unboost|p1a: Cyclizar|spa|2\n|faint|p2a: Cloyster\n|\n|upkeep\n|\n|t:|1733514864\n|switch|p2a: Regidrago|Regidrago, L77|184/435\n|-damage|p2a: Regidrago|130/435|[from] Stealth Rock\n|turn|20\n|\n|t:|1733514867\n|move|p2a: Regidrago|Outrage|p1a: Cyclizar\n|-resisted|p1a: Cyclizar\n|-damage|p1a: Cyclizar|71/252\n|move|p1a: Cyclizar|Knock Off|p2a: Regidrago\n|-damage|p2a: Regidrago|16/435\n|-enditem|p2a: Regidrago|Choice Scarf|[from] move: Knock Off|[of] p1a: Cyclizar\n|\n|upkeep\n|turn|21\n|-message|smokyaim forfeited.\n|\n|win|Qiuescent\n|raw|Qiuescent's rating: 2268 &rarr; <strong>2295</strong><br />(+27 for winning)\n|raw|smokyaim's rating: 2390 &rarr; <strong>2363</strong><br />(-27 for losing)\n|l|\u2606smokyaim\n|player|p2|\n", "inputlog": ">version f27bf860d389bcfdfe10192499dbd80f1998dac7\n>start {\"formatid\":\"gen9randombattle\",\"seed\":[35446,61114,21534,38696],\"rated\":\"Rated battle\"}\n>player p1 {\"name\":\"Qiuescent\",\"avatar\":\"102\",\"rating\":2293,\"seed\":[11498,51509,53116,4366]}\n>player p2 {\"name\":\"smokyaim\",\"avatar\":\"169\",\"rating\":2390,\"seed\":[55378,44364,7313,54396]}\n>p1 move stoneaxe\n>p2 move malignantchain\n>p1 move uturn\n>p2 move recover\n>p1 switch 5\n>p1 move knockoff\n>p2 move partingshot\n>p2 switch 5\n>p1 move shedtail\n>p2 move superpower\n>p1 switch 4\n>p1 move nastyplot\n>p2 move superpower terastallize\n>p1 move fireblast\n>p2 move superpower\n>p2 switch 6\n>p1 move scorchingsands\n>p2 move dragonenergy\n>p1 switch 2\n>p1 move throatchop\n>p2 move dragonenergy\n>p1 move bodyslam\n>p2 move dragonenergy\n>p1 switch 3\n>p1 move closecombat\n>p2 switch 5\n>p1 move swordsdance\n>p2 move malignantchain\n>p1 move throatchop\n>p2 move malignantchain\n>p2 switch 5\n>p1 switch 5\n>p2 move dracometeor\n>p1 switch 6\n>p1 move nastyplot\n>p2 switch 2\n>p1 move dracometeor\n>p2 move psychicfangs\n>p2 switch 4\n>p1 move hydropump\n>p2 move dragondance\n>p1 move hydropump\n>p2 move sunsteelstrike\n>p1 switch 4\n>p1 move knockoff terastallize\n>p2 move sunsteelstrike\n>p2 switch 3\n>p1 move dracometeor\n>p2 move shellsmash\n>p2 switch 2\n>p1 move knockoff\n>p2 move outrage\n>forcelose p2", "uploadtime": 1733514875, "views": 5, "formatid": "gen9randombattle", "rating": 2295, "private": 0, "password": null}