{"id": "gen9randombattle-2007195133", "format": "[Gen 9] Random Battle", "players": ["supergriefer101", "Haunted Diamond"], "log": "|j|\u2606supergriefer101\n|j|\u2606Haunted Diamond\n|t:|1702011053\n|gametype|singles\n|player|p1|supergriefer101|gardenia|2405\n|player|p2|Haunted Diamond|backpackerf|2369\n|teamsize|p1|6\n|teamsize|p2|6\n|gen|9\n|tier|[Gen 9] Random Battle\n|rated|\n|rule|Species Clause: Limit one of each Pok\u00e9mon\n|rule|HP Percentage Mod: HP is shown in percentages\n|rule|Sleep Clause Mod: Limit one foe put to sleep\n|rule|Illusion Level Mod: Illusion disguises the Pok\u00e9mon's true level\n|\n|t:|1702011053\n|start\n|switch|p1a: Tornadus|Tornadus, L82, M|263/263\n|switch|p2a: Ursaluna|Ursaluna-Bloodmoon, L79, M|308/308\n|turn|1\n|inactive|Battle timer is ON: inactive players will automatically lose when time's up. (requested by Haunted Diamond)\n|inactive|Haunted Diamond has 120 seconds left.\n|\n|t:|1702011084\n|switch|p2a: Articuno|Articuno, L86|295/295\n|-ability|p2a: Articuno|Pressure\n|move|p1a: Tornadus|Grass Knot|p2a: Articuno\n|-resisted|p2a: Articuno\n|-damage|p2a: Articuno|257/295\n|\n|upkeep\n|turn|2\n|\n|t:|1702011103\n|switch|p1a: Zamazenta|Zamazenta, L72|251/251\n|-ability|p1a: Zamazenta|Dauntless Shield|boost\n|-boost|p1a: Zamazenta|def|1\n|switch|p2a: Staraptor|Staraptor, L79, M|263/263\n|\n|upkeep\n|turn|3\n|\n|t:|1702011126\n|move|p1a: Zamazenta|Body Press|p2a: Staraptor\n|-damage|p2a: Staraptor|136/263\n|move|p2a: Staraptor|U-turn|p1a: Zamazenta\n|-resisted|p1a: Zamazenta\n|-damage|p1a: Zamazenta|225/251\n|\n|t:|1702011134\n|switch|p2a: Weezing|Weezing-Galar, L86, F|252/252|[from] U-turn\n|\n|-heal|p1a: Zamazenta|240/251|[from] item: Leftovers\n|upkeep\n|turn|4\n|j| gen9sucksballs\n|\n|t:|1702011145\n|switch|p1a: Eternatus|Eternatus, L69|308/308\n|-ability|p1a: Eternatus|Pressure\n|move|p2a: Weezing|Strange Steam|p1a: Eternatus\n|-damage|p1a: Eternatus|214/308\n|\n|-heal|p1a: Eternatus|233/308|[from] item: Leftovers\n|upkeep\n|turn|5\n|\n|t:|1702011164\n|switch|p2a: Articuno|Articuno, L86|257/295\n|-ability|p2a: Articuno|Pressure\n|move|p1a: Eternatus|Sludge Bomb|p2a: Articuno\n|-damage|p2a: Articuno|193/295\n|\n|-heal|p1a: Eternatus|252/308|[from] item: Leftovers\n|upkeep\n|turn|6\n|\n|t:|1702011175\n|move|p1a: Eternatus|Sludge Bomb|p2a: Articuno\n|-damage|p2a: Articuno|124/295\n|move|p2a: Articuno|Substitute|p2a: Articuno\n|-start|p2a: Articuno|Substitute\n|-damage|p2a: Articuno|51/295\n|\n|-heal|p1a: Eternatus|271/308|[from] item: Leftovers\n|upkeep\n|turn|7\n|\n|t:|1702011183\n|move|p1a: Eternatus|Dynamax Cannon|p2a: Articuno\n|-activate|p2a: Articuno|move: Substitute|[damage]\n|move|p2a: Articuno|Roost|p2a: Articuno\n|-heal|p2a: Articuno|199/295\n|-singleturn|p2a: Articuno|move: Roost\n|\n|-heal|p1a: Eternatus|290/308|[from] item: Leftovers\n|upkeep\n|turn|8\n|\n|t:|1702011189\n|move|p1a: Eternatus|Sludge Bomb|p2a: Articuno\n|-end|p2a: Articuno|Substitute\n|move|p2a: Articuno|Freeze-Dry|p1a: Eternatus\n|-supereffective|p1a: Eternatus\n|-damage|p1a: Eternatus|128/308\n|\n|-heal|p1a: Eternatus|147/308|[from] item: Leftovers\n|upkeep\n|turn|9\n|\n|t:|1702011195\n|move|p1a: Eternatus|Recover|p1a: Eternatus\n|-heal|p1a: Eternatus|301/308\n|move|p2a: Articuno|Freeze-Dry|p1a: Eternatus\n|-supereffective|p1a: Eternatus\n|-damage|p1a: Eternatus|125/308\n|\n|-heal|p1a: Eternatus|144/308|[from] item: Leftovers\n|upkeep\n|turn|10\n|\n|t:|1702011198\n|move|p1a: Eternatus|Recover|p1a: Eternatus\n|-heal|p1a: Eternatus|298/308\n|move|p2a: Articuno|Freeze-Dry|p1a: Eternatus\n|-supereffective|p1a: Eternatus\n|-damage|p1a: Eternatus|134/308\n|\n|-heal|p1a: Eternatus|153/308|[from] item: Leftovers\n|upkeep\n|turn|11\n|\n|t:|1702011200\n|move|p1a: Eternatus|Recover|p1a: Eternatus\n|-heal|p1a: Eternatus|307/308\n|move|p2a: Articuno|Substitute|p2a: Articuno\n|-start|p2a: Articuno|Substitute\n|-damage|p2a: Articuno|126/295\n|\n|-heal|p1a: Eternatus|308/308|[from] item: Leftovers\n|upkeep\n|turn|12\n|\n|t:|1702011203\n|move|p1a: Eternatus|Fire Blast|p2a: Articuno\n|-supereffective|p2a: Articuno\n|-end|p2a: Articuno|Substitute\n|move|p2a: Articuno|Roost|p2a: Articuno\n|-heal|p2a: Articuno|274/295\n|-singleturn|p2a: Articuno|move: Roost\n|\n|upkeep\n|turn|13\n|\n|t:|1702011219\n|move|p1a: Eternatus|Sludge Bomb|p2a: Articuno\n|-damage|p2a: Articuno|211/295\n|move|p2a: Articuno|Freeze-Dry|p1a: Eternatus\n|-supereffective|p1a: Eternatus\n|-damage|p1a: Eternatus|116/308\n|\n|-heal|p1a: Eternatus|135/308|[from] item: Leftovers\n|upkeep\n|turn|14\n|\n|t:|1702011229\n|switch|p1a: Zamazenta|Zamazenta, L72|240/251\n|move|p2a: Articuno|Freeze-Dry|p1a: Zamazenta\n|-damage|p1a: Zamazenta|164/251\n|\n|-heal|p1a: Zamazenta|179/251|[from] item: Leftovers\n|upkeep\n|turn|15\n|\n|t:|1702011259\n|switch|p1a: Eternatus|Eternatus, L69|135/308\n|-ability|p1a: Eternatus|Pressure\n|switch|p2a: Weezing|Weezing-Galar, L86, F|252/252\n|\n|-heal|p1a: Eternatus|154/308|[from] item: Leftovers\n|upkeep\n|turn|16\n|inactive|Haunted Diamond has 120 seconds left.\n|\n|t:|1702011278\n|switch|p2a: Slowbro|Slowbro, L84, F|297/297\n|move|p1a: Eternatus|Sludge Bomb|p2a: Slowbro\n|-damage|p2a: Slowbro|231/297\n|\n|-heal|p1a: Eternatus|173/308|[from] item: Leftovers\n|upkeep\n|turn|17\n|\n|t:|1702011286\n|switch|p1a: Tsareena|Tsareena, L87, F|267/267\n|move|p2a: Slowbro|Psychic|p1a: Tsareena\n|-damage|p1a: Tsareena|209/267\n|\n|upkeep\n|turn|18\n|\n|t:|1702011299\n|switch|p2a: Weezing|Weezing-Galar, L86, F|252/252\n|move|p1a: Tsareena|U-turn|p2a: Weezing\n|-resisted|p2a: Weezing\n|-damage|p2a: Weezing|240/252\n|\n|t:|1702011304\n|switch|p1a: Eternatus|Eternatus, L69|173/308|[from] U-turn\n|-ability|p1a: Eternatus|Pressure\n|\n|-heal|p1a: Eternatus|192/308|[from] item: Leftovers\n|-heal|p2a: Weezing|252/252|[from] item: Leftovers\n|upkeep\n|turn|19\n|\n|t:|1702011316\n|switch|p2a: Slowbro|Slowbro, L84, F|297/297\n|move|p1a: Eternatus|Sludge Bomb|p2a: Slowbro\n|-damage|p2a: Slowbro|239/297\n|-status|p2a: Slowbro|psn\n|\n|-heal|p1a: Eternatus|211/308|[from] item: Leftovers\n|-damage|p2a: Slowbro|202/297 psn|[from] psn\n|upkeep\n|turn|20\n|\n|t:|1702011324\n|switch|p1a: Tsareena|Tsareena, L87, F|209/267\n|move|p2a: Slowbro|Psychic|p1a: Tsareena\n|-crit|p1a: Tsareena\n|-damage|p1a: Tsareena|124/267\n|-unboost|p1a: Tsareena|spd|1\n|\n|-damage|p2a: Slowbro|165/297 psn|[from] psn\n|upkeep\n|turn|21\n|\n|t:|1702011333\n|switch|p2a: Weezing|Weezing-Galar, L86, F|252/252\n|move|p1a: Tsareena|U-turn|p2a: Weezing\n|-resisted|p2a: Weezing\n|-damage|p2a: Weezing|241/252\n|\n|t:|1702011334\n|switch|p1a: Tornadus|Tornadus, L82, M|263/263|[from] U-turn\n|\n|-heal|p2a: Weezing|252/252|[from] item: Leftovers\n|upkeep\n|turn|22\n|inactive|Haunted Diamond has 120 seconds left.\n|\n|t:|1702011379\n|switch|p2a: Slowbro|Slowbro, L84, F|264/297 psn\n|move|p1a: Tornadus|Bleakwind Storm|p2a: Slowbro\n|-crit|p2a: Slowbro\n|-damage|p2a: Slowbro|81/297 psn\n|-unboost|p2a: Slowbro|spe|1\n|\n|-damage|p2a: Slowbro|44/297 psn|[from] psn\n|upkeep\n|turn|23\n|\n|t:|1702011392\n|move|p1a: Tornadus|Bleakwind Storm|p2a: Slowbro\n|-damage|p2a: Slowbro|0 fnt\n|faint|p2a: Slowbro\n|\n|upkeep\n|\n|t:|1702011394\n|switch|p2a: Articuno|Articuno, L86|211/295\n|-ability|p2a: Articuno|Pressure\n|turn|24\n|\n|t:|1702011408\n|switch|p1a: Zamazenta|Zamazenta, L72|179/251\n|move|p2a: Articuno|Freeze-Dry|p1a: Zamazenta\n|-damage|p1a: Zamazenta|109/251\n|\n|-heal|p1a: Zamazenta|124/251|[from] item: Leftovers\n|upkeep\n|turn|25\n|inactive|Haunted Diamond has 120 seconds left.\n|\n|t:|1702011417\n|switch|p2a: Weezing|Weezing-Galar, L86, F|252/252\n|move|p1a: Zamazenta|Stone Edge|p2a: Weezing\n|-damage|p2a: Weezing|204/252\n|\n|-heal|p1a: Zamazenta|139/251|[from] item: Leftovers\n|-heal|p2a: Weezing|219/252|[from] item: Leftovers\n|upkeep\n|turn|26\n|inactive|Haunted Diamond has 120 seconds left.\n|\n|t:|1702011430\n|switch|p1a: Eternatus|Eternatus, L69|211/308\n|-ability|p1a: Eternatus|Pressure\n|move|p2a: Weezing|Strange Steam|p1a: Eternatus\n|-crit|p1a: Eternatus\n|-damage|p1a: Eternatus|66/308\n|\n|-heal|p1a: Eternatus|85/308|[from] item: Leftovers\n|-heal|p2a: Weezing|234/252|[from] item: Leftovers\n|upkeep\n|turn|27\n|\n|t:|1702011438\n|move|p1a: Eternatus|Recover|p1a: Eternatus\n|-heal|p1a: Eternatus|239/308\n|move|p2a: Weezing|Strange Steam|p1a: Eternatus|[miss]\n|-miss|p2a: Weezing|p1a: Eternatus\n|\n|-heal|p1a: Eternatus|258/308|[from] item: Leftovers\n|-heal|p2a: Weezing|249/252|[from] item: Leftovers\n|upkeep\n|turn|28\n|\n|t:|1702011452\n|move|p1a: Eternatus|Sludge Bomb|p2a: Weezing\n|-damage|p2a: Weezing|153/252\n|move|p2a: Weezing|Strange Steam|p1a: Eternatus\n|-damage|p1a: Eternatus|152/308\n|\n|-heal|p1a: Eternatus|171/308|[from] item: Leftovers\n|-heal|p2a: Weezing|168/252|[from] item: Leftovers\n|upkeep\n|turn|29\n|\n|t:|1702011460\n|move|p1a: Eternatus|Sludge Bomb|p2a: Weezing\n|-damage|p2a: Weezing|69/252\n|move|p2a: Weezing|Strange Steam|p1a: Eternatus\n|-damage|p1a: Eternatus|77/308\n|\n|-heal|p1a: Eternatus|96/308|[from] item: Leftovers\n|-heal|p2a: Weezing|84/252|[from] item: Leftovers\n|upkeep\n|turn|30\n|\n|t:|1702011474\n|switch|p2a: Ursaluna|Ursaluna-Bloodmoon, L79, M|308/308\n|move|p1a: Eternatus|Sludge Bomb|p2a: Ursaluna\n|-resisted|p2a: Ursaluna\n|-damage|p2a: Ursaluna|251/308\n|\n|-heal|p1a: Eternatus|115/308|[from] item: Leftovers\n|-heal|p2a: Ursaluna|270/308|[from] item: Leftovers\n|upkeep\n|turn|31\n|\n|t:|1702011484\n|switch|p1a: Tsareena|Tsareena, L87, F|124/267\n|move|p2a: Ursaluna|Earth Power|p1a: Tsareena\n|-resisted|p1a: Tsareena\n|-damage|p1a: Tsareena|93/267\n|\n|-heal|p2a: Ursaluna|289/308|[from] item: Leftovers\n|upkeep\n|turn|32\n|\n|t:|1702011494\n|-terastallize|p2a: Ursaluna|Poison\n|move|p1a: Tsareena|Knock Off|p2a: Ursaluna\n|-damage|p2a: Ursaluna|215/308\n|-enditem|p2a: Ursaluna|Leftovers|[from] move: Knock Off|[of] p1a: Tsareena\n|move|p2a: Ursaluna|Calm Mind|p2a: Ursaluna\n|-boost|p2a: Ursaluna|spa|1\n|-boost|p2a: Ursaluna|spd|1\n|\n|upkeep\n|turn|33\n|\n|t:|1702011519\n|move|p1a: Tsareena|U-turn|p2a: Ursaluna\n|-resisted|p2a: Ursaluna\n|-damage|p2a: Ursaluna|189/308\n|\n|t:|1702011537\n|switch|p1a: Eternatus|Eternatus, L69|115/308|[from] U-turn\n|-ability|p1a: Eternatus|Pressure\n|move|p2a: Ursaluna|Calm Mind|p2a: Ursaluna\n|-boost|p2a: Ursaluna|spa|1\n|-boost|p2a: Ursaluna|spd|1\n|\n|-heal|p1a: Eternatus|134/308|[from] item: Leftovers\n|upkeep\n|turn|34\n|\n|t:|1702011547\n|move|p1a: Eternatus|Dynamax Cannon|p2a: Ursaluna\n|-damage|p2a: Ursaluna|119/308\n|move|p2a: Ursaluna|Moonlight|p2a: Ursaluna\n|-heal|p2a: Ursaluna|273/308\n|\n|-heal|p1a: Eternatus|153/308|[from] item: Leftovers\n|upkeep\n|turn|35\n|\n|t:|1702011554\n|move|p1a: Eternatus|Dynamax Cannon|p2a: Ursaluna\n|-damage|p2a: Ursaluna|206/308\n|move|p2a: Ursaluna|Calm Mind|p2a: Ursaluna\n|-boost|p2a: Ursaluna|spa|1\n|-boost|p2a: Ursaluna|spd|1\n|\n|-heal|p1a: Eternatus|172/308|[from] item: Leftovers\n|upkeep\n|turn|36\n|\n|t:|1702011558\n|move|p1a: Eternatus|Dynamax Cannon|p2a: Ursaluna\n|-damage|p2a: Ursaluna|154/308\n|move|p2a: Ursaluna|Moonlight|p2a: Ursaluna\n|-heal|p2a: Ursaluna|308/308\n|\n|-heal|p1a: Eternatus|191/308|[from] item: Leftovers\n|upkeep\n|turn|37\n|\n|t:|1702011564\n|switch|p1a: Tornadus|Tornadus, L82, M|263/263\n|move|p2a: Ursaluna|Calm Mind|p2a: Ursaluna\n|-boost|p2a: Ursaluna|spa|1\n|-boost|p2a: Ursaluna|spd|1\n|\n|upkeep\n|turn|38\n|\n|t:|1702011567\n|move|p1a: Tornadus|Bleakwind Storm|p2a: Ursaluna|[miss]\n|-miss|p1a: Tornadus|p2a: Ursaluna\n|move|p2a: Ursaluna|Blood Moon|p1a: Tornadus\n|-damage|p1a: Tornadus|0 fnt\n|faint|p1a: Tornadus\n|\n|upkeep\n|\n|t:|1702011570\n|switch|p1a: Annihilape|Annihilape, L76, M|292/292\n|turn|39\n|\n|t:|1702011575\n|move|p1a: Annihilape|Bulk Up|p1a: Annihilape\n|-boost|p1a: Annihilape|atk|1\n|-boost|p1a: Annihilape|def|1\n|move|p2a: Ursaluna|Earth Power|p1a: Annihilape\n|-damage|p1a: Annihilape|0 fnt\n|faint|p1a: Annihilape\n|\n|upkeep\n|\n|t:|1702011579\n|switch|p1a: Darkrai|Darkrai, L76|231/231\n|turn|40\n|\n|t:|1702011583\n|move|p1a: Darkrai|Dark Pulse|p2a: Ursaluna\n|-damage|p2a: Ursaluna|257/308\n|-damage|p1a: Darkrai|208/231|[from] item: Life Orb\n|cant|p2a: Ursaluna|flinch\n|\n|upkeep\n|turn|41\n|\n|t:|1702011586\n|move|p1a: Darkrai|Dark Pulse|p2a: Ursaluna\n|-damage|p2a: Ursaluna|206/308\n|-damage|p1a: Darkrai|185/231|[from] item: Life Orb\n|move|p2a: Ursaluna|Blood Moon|p1a: Darkrai\n|-damage|p1a: Darkrai|0 fnt\n|faint|p1a: Darkrai\n|\n|upkeep\n|\n|t:|1702011589\n|switch|p1a: Zamazenta|Zamazenta, L72|139/251\n|turn|42\n|\n|t:|1702011593\n|-terastallize|p1a: Zamazenta|Steel\n|move|p1a: Zamazenta|Iron Head|p2a: Ursaluna\n|-damage|p2a: Ursaluna|149/308\n|move|p2a: Ursaluna|Earth Power|p1a: Zamazenta\n|-supereffective|p1a: Zamazenta\n|-damage|p1a: Zamazenta|0 fnt\n|faint|p1a: Zamazenta\n|\n|upkeep\n|-message|supergriefer101 forfeited.\n|\n|win|Haunted Diamond\n|raw|supergriefer101's rating: 2405 &rarr; <strong>2383</strong><br />(-22 for losing)\n|raw|Haunted Diamond's rating: 2369 &rarr; <strong>2391</strong><br />(+22 for winning)\n|l|\u2606supergriefer101\n|j| Artsg\n|l| Artsg\n", "inputlog": ">version 2ada402f225975da7a16ef47c10f19a4b7931380\n>start {\"formatid\":\"gen9randombattle\",\"seed\":[9273,16448,55754,37925],\"rated\":\"Rated battle\"}\n>player p1 {\"name\":\"supergriefer101\",\"avatar\":\"gardenia\",\"rating\":2405,\"seed\":[49070,51346,7150,44809]}\n>player p2 {\"name\":\"Haunted Diamond\",\"avatar\":\"backpackerf\",\"rating\":2369,\"seed\":[1071,37285,11441,13606]}\n>p1 move grassknot\n>p2 switch 6\n>p1 switch 4\n>p2 switch 3\n>p1 move bodypress\n>p2 move uturn\n>p2 switch 4\n>p1 switch 3\n>p2 move strangesteam\n>p1 move sludgebomb\n>p2 switch 3\n>p1 move sludgebomb\n>p2 move substitute\n>p1 move dynamaxcannon\n>p2 move roost\n>p1 move sludgebomb\n>p2 move freezedry\n>p1 move recover\n>p2 move freezedry\n>p1 move recover\n>p2 move freezedry\n>p1 move recover\n>p2 move substitute\n>p1 move fireblast\n>p2 move roost\n>p1 move sludgebomb\n>p2 move freezedry\n>p1 switch 3\n>p2 move freezedry\n>p1 switch 3\n>p2 switch 3\n>p1 move sludgebomb\n>p2 switch 5\n>p1 switch 6\n>p2 move psychic\n>p1 move uturn\n>p2 switch 5\n>p1 switch 6\n>p1 move sludgebomb\n>p2 switch 5\n>p1 switch 6\n>p2 move psychic\n>p1 move uturn\n>p2 switch 5\n>p1 switch 4\n>p1 move bleakwindstorm\n>p2 switch 5\n>p1 move bleakwindstorm\n>p2 move icebeam\n>p2 switch 3\n>p1 switch 3\n>p2 move freezedry\n>p1 move stoneedge\n>p2 switch 5\n>p1 switch 6\n>p2 move strangesteam\n>p1 move recover\n>p2 move strangesteam\n>p1 move sludgebomb\n>p2 move strangesteam\n>p1 move sludgebomb\n>p2 move strangesteam\n>p1 move sludgebomb\n>p2 switch 6\n>p1 switch 4\n>p2 move earthpower\n>p1 move knockoff\n>p2 move calmmind terastallize\n>p1 move uturn\n>p2 move calmmind\n>p1 switch 4\n>p1 move dynamaxcannon\n>p2 move moonlight\n>p1 move dynamaxcannon\n>p2 move calmmind\n>p1 move dynamaxcannon\n>p2 move moonlight\n>p1 switch 3\n>p2 move calmmind\n>p1 move bleakwindstorm\n>p2 move bloodmoon\n>p1 switch 2\n>p1 move bulkup\n>p2 move earthpower\n>p1 switch 5\n>p1 move darkpulse\n>p2 move bloodmoon\n>p1 move darkpulse\n>p2 move bloodmoon\n>p1 switch 6\n>p1 move ironhead terastallize\n>p2 move earthpower\n>forcelose p1", "uploadtime": 1702011694, "views": 306, "formatid": "gen9randombattle", "rating": 2383, "private": 0, "password": null}