{"id": "gen9randombattle-2260391905", "format": "[Gen 9] Random Battle", "players": ["Onerahh", "a10hero"], "log": "|j|\u2606Onerahh\n|j|\u2606a10hero\n|t:|1733847091\n|gametype|singles\n|player|p1|Onerahh|169|1097\n|player|p2|a10hero|cynthia-gen4|1121\n|teamsize|p1|6\n|teamsize|p2|6\n|gen|9\n|tier|[Gen 9] Random Battle\n|rated|\n|rule|Species Clause: Limit one of each Pok\u00e9mon\n|rule|HP Percentage Mod: HP is shown in percentages\n|rule|Sleep Clause Mod: Limit one foe put to sleep\n|rule|Illusion Level Mod: Illusion disguises the Pok\u00e9mon's true level\n|\n|t:|1733847091\n|start\n|switch|p1a: Lilligant|Lilligant, L86, F|261/261\n|switch|p2a: Kingambit|Kingambit, L74, F|270/270\n|turn|1\n|\n|t:|1733847102\n|move|p1a: Lilligant|Sleep Powder|p2a: Kingambit\n|-status|p2a: Kingambit|slp|[from] move: Sleep Powder\n|cant|p2a: Kingambit|slp\n|\n|upkeep\n|turn|2\n|\n|t:|1733847119\n|-end|p2a: Kingambit|fallenundefined|[silent]\n|switch|p2a: Krookodile|Krookodile, L80, M|283/283\n|-ability|p2a: Krookodile|Intimidate|boost\n|-fail|p1a: Lilligant|unboost|Attack|[from] ability: Own Tempo|[of] p1a: Lilligant\n|move|p1a: Lilligant|Quiver Dance|p1a: Lilligant\n|-boost|p1a: Lilligant|spa|1\n|-boost|p1a: Lilligant|spd|1\n|-boost|p1a: Lilligant|spe|1\n|\n|upkeep\n|turn|3\n|\n|t:|1733847128\n|move|p1a: Lilligant|Petal Dance|p2a: Krookodile\n|-supereffective|p2a: Krookodile\n|-damage|p2a: Krookodile|0 fnt\n|faint|p2a: Krookodile\n|-damage|p1a: Lilligant|235/261|[from] item: Life Orb\n|\n|upkeep\n|\n|t:|1733847140\n|switch|p2a: Klefki|Klefki, L84, M|233/233\n|turn|4\n|\n|t:|1733847158\n|move|p2a: Klefki|Thunder Wave|p1a: Lilligant\n|-status|p1a: Lilligant|par\n|cant|p1a: Lilligant|par\n|\n|upkeep\n|turn|5\n|\n|t:|1733847173\n|move|p2a: Klefki|Play Rough|p1a: Lilligant\n|-damage|p1a: Lilligant|151/261 par\n|cant|p1a: Lilligant|par\n|\n|upkeep\n|turn|6\n|\n|t:|1733847182\n|move|p2a: Klefki|Play Rough|p1a: Lilligant\n|-damage|p1a: Lilligant|66/261 par\n|move|p1a: Lilligant|Sleep Powder|p2a: Klefki\n|-message|Sleep Clause Mod activated.\n|-hint|Sleep Clause Mod prevents players from putting more than one of their opponent's Pok\u00e9mon to sleep at a time\n|\n|upkeep\n|turn|7\n|\n|t:|1733847191\n|move|p2a: Klefki|Play Rough|p1a: Lilligant\n|-damage|p1a: Lilligant|0 fnt\n|faint|p1a: Lilligant\n|\n|upkeep\n|\n|t:|1733847217\n|switch|p1a: Milotic|Milotic, L83, M|293/293\n|turn|8\n|\n|t:|1733847224\n|move|p2a: Klefki|Thunder Wave|p1a: Milotic\n|-status|p1a: Milotic|par\n|move|p1a: Milotic|Scald|p2a: Klefki\n|-damage|p2a: Klefki|149/233\n|\n|-heal|p2a: Klefki|163/233|[from] item: Leftovers\n|upkeep\n|turn|9\n|\n|t:|1733847234\n|move|p2a: Klefki|Magnet Rise|p2a: Klefki\n|-start|p2a: Klefki|Magnet Rise\n|cant|p1a: Milotic|par\n|\n|-heal|p2a: Klefki|177/233|[from] item: Leftovers\n|upkeep\n|turn|10\n|\n|t:|1733847240\n|move|p2a: Klefki|Spikes|p1a: Milotic\n|-sidestart|p1: Onerahh|Spikes\n|cant|p1a: Milotic|par\n|\n|-heal|p2a: Klefki|191/233|[from] item: Leftovers\n|upkeep\n|turn|11\n|\n|t:|1733847246\n|move|p2a: Klefki|Play Rough|p1a: Milotic\n|-damage|p1a: Milotic|200/293 par\n|cant|p1a: Milotic|par\n|\n|-heal|p2a: Klefki|205/233|[from] item: Leftovers\n|-heal|p1a: Milotic|218/293 par|[from] item: Leftovers\n|upkeep\n|turn|12\n|\n|t:|1733847253\n|move|p2a: Klefki|Play Rough|p1a: Milotic\n|-damage|p1a: Milotic|134/293 par\n|cant|p1a: Milotic|par\n|\n|-heal|p2a: Klefki|219/233|[from] item: Leftovers\n|-heal|p1a: Milotic|152/293 par|[from] item: Leftovers\n|upkeep\n|turn|13\n|\n|t:|1733847261\n|move|p2a: Klefki|Play Rough|p1a: Milotic\n|-crit|p1a: Milotic\n|-damage|p1a: Milotic|7/293 par\n|move|p1a: Milotic|Scald|p2a: Klefki\n|-damage|p2a: Klefki|131/233\n|-status|p2a: Klefki|brn\n|\n|-heal|p2a: Klefki|145/233 brn|[from] item: Leftovers\n|-heal|p1a: Milotic|25/293 par|[from] item: Leftovers\n|-damage|p2a: Klefki|131/233 brn|[from] brn\n|-end|p2a: Klefki|Magnet Rise\n|upkeep\n|turn|14\n|\n|t:|1733847274\n|move|p2a: Klefki|Play Rough|p1a: Milotic\n|-damage|p1a: Milotic|0 fnt\n|faint|p1a: Milotic\n|\n|-heal|p2a: Klefki|145/233 brn|[from] item: Leftovers\n|-damage|p2a: Klefki|131/233 brn|[from] brn\n|upkeep\n|\n|t:|1733847285\n|switch|p1a: Exeggutor|Exeggutor-Alola, L89, F|314/314\n|-damage|p1a: Exeggutor|275/314|[from] Spikes\n|-item|p2a: Klefki|Leftovers|[from] ability: Frisk|[of] p1a: Exeggutor\n|turn|15\n|\n|t:|1733847291\n|-terastallize|p1a: Exeggutor|Fire\n|move|p2a: Klefki|Play Rough|p1a: Exeggutor\n|-resisted|p1a: Exeggutor\n|-damage|p1a: Exeggutor|256/314\n|move|p1a: Exeggutor|Flamethrower|p2a: Klefki\n|-supereffective|p2a: Klefki\n|-damage|p2a: Klefki|0 fnt\n|faint|p2a: Klefki\n|\n|upkeep\n|\n|t:|1733847311\n|switch|p2a: Gastrodon|Gastrodon, L86, M|331/331\n|turn|16\n|\n|t:|1733847319\n|switch|p1a: Archaludon|Archaludon, L78, M|268/268\n|-damage|p1a: Archaludon|235/268|[from] Spikes\n|move|p2a: Gastrodon|Surf|p1a: Archaludon\n|-resisted|p1a: Archaludon\n|-damage|p1a: Archaludon|166/268\n|-ability|p1a: Archaludon|Stamina|boost\n|-boost|p1a: Archaludon|def|1\n|\n|upkeep\n|turn|17\n|\n|t:|1733847333\n|move|p1a: Archaludon|Outrage|p2a: Gastrodon\n|-damage|p2a: Gastrodon|202/331\n|move|p2a: Gastrodon|Earthquake|p1a: Archaludon\n|-supereffective|p1a: Archaludon\n|-damage|p1a: Archaludon|52/268\n|-ability|p1a: Archaludon|Stamina|boost\n|-boost|p1a: Archaludon|def|1\n|\n|-heal|p2a: Gastrodon|222/331|[from] item: Leftovers\n|upkeep\n|turn|18\n|\n|t:|1733847345\n|move|p1a: Archaludon|Outrage|p2a: Gastrodon|[from]lockedmove\n|-damage|p2a: Gastrodon|90/331\n|move|p2a: Gastrodon|Earthquake|p1a: Archaludon\n|-supereffective|p1a: Archaludon\n|-damage|p1a: Archaludon|0 fnt\n|faint|p1a: Archaludon\n|\n|-heal|p2a: Gastrodon|110/331|[from] item: Leftovers\n|upkeep\n|\n|t:|1733847358\n|switch|p1a: Spiritomb|Spiritomb, L89, M|234/234\n|-damage|p1a: Spiritomb|205/234|[from] Spikes\n|turn|19\n|\n|t:|1733847379\n|move|p2a: Gastrodon|Recover|p2a: Gastrodon\n|-heal|p2a: Gastrodon|276/331\n|move|p1a: Spiritomb|Poltergeist|p2a: Gastrodon\n|-activate|p2a: Gastrodon|move: Poltergeist|Leftovers\n|-damage|p2a: Gastrodon|129/331\n|\n|-heal|p2a: Gastrodon|149/331|[from] item: Leftovers\n|-heal|p1a: Spiritomb|219/234|[from] item: Leftovers\n|upkeep\n|turn|20\n|\n|t:|1733847389\n|move|p2a: Gastrodon|Stealth Rock|p1a: Spiritomb\n|-sidestart|p1: Onerahh|move: Stealth Rock\n|move|p1a: Spiritomb|Poltergeist|p2a: Gastrodon\n|-activate|p2a: Gastrodon|move: Poltergeist|Leftovers\n|-damage|p2a: Gastrodon|0 fnt\n|faint|p2a: Gastrodon\n|\n|-heal|p1a: Spiritomb|233/234|[from] item: Leftovers\n|upkeep\n|\n|t:|1733847412\n|switch|p2a: Veluza|Veluza, L85, F|292/292\n|turn|21\n|\n|t:|1733847425\n|move|p2a: Veluza|Aqua Cutter|p1a: Spiritomb\n|-damage|p1a: Spiritomb|137/234\n|move|p1a: Spiritomb|Poltergeist|p2a: Veluza\n|-activate|p2a: Veluza|move: Poltergeist|Sitrus Berry\n|-supereffective|p2a: Veluza\n|-damage|p2a: Veluza|0 fnt\n|faint|p2a: Veluza\n|\n|-heal|p1a: Spiritomb|151/234|[from] item: Leftovers\n|upkeep\n|\n|t:|1733847436\n|switch|p2a: Kingambit|Kingambit, L74, F|270/270 slp\n|-activate|p2a: Kingambit|ability: Supreme Overlord\n|-start|p2a: Kingambit|fallen4|[silent]\n|turn|22\n|\n|t:|1733847444\n|switch|p1a: Exeggutor|Exeggutor-Alola, L89, F, tera:Fire|256/314\n|-damage|p1a: Exeggutor|217/314|[from] Spikes\n|-damage|p1a: Exeggutor|139/314|[from] Stealth Rock\n|-item|p2a: Kingambit|Leftovers|[from] ability: Frisk|[of] p1a: Exeggutor\n|-curestatus|p2a: Kingambit|slp|[msg]\n|move|p2a: Kingambit|Swords Dance|p2a: Kingambit\n|-boost|p2a: Kingambit|atk|2\n|\n|upkeep\n|turn|23\n|\n|t:|1733847457\n|-terastallize|p2a: Kingambit|Flying\n|move|p1a: Exeggutor|Flamethrower|p2a: Kingambit\n|-damage|p2a: Kingambit|29/270\n|move|p2a: Kingambit|Kowtow Cleave|p1a: Exeggutor\n|-damage|p1a: Exeggutor|0 fnt\n|faint|p1a: Exeggutor\n|\n|-heal|p2a: Kingambit|45/270|[from] item: Leftovers\n|upkeep\n|\n|t:|1733847479\n|switch|p1a: Spiritomb|Spiritomb, L89, M|151/234\n|-damage|p1a: Spiritomb|122/234|[from] Spikes\n|-damage|p1a: Spiritomb|93/234|[from] Stealth Rock\n|turn|24\n|\n|t:|1733847492\n|move|p2a: Kingambit|Kowtow Cleave|p1a: Spiritomb\n|-damage|p1a: Spiritomb|0 fnt\n|faint|p1a: Spiritomb\n|\n|-heal|p2a: Kingambit|61/270|[from] item: Leftovers\n|upkeep\n|\n|t:|1733847498\n|switch|p1a: Palafin|Palafin, L77, F|281/281\n|-damage|p1a: Palafin|246/281|[from] Spikes\n|-damage|p1a: Palafin|211/281|[from] Stealth Rock\n|turn|25\n|\n|t:|1733847531\n|move|p1a: Palafin|Jet Punch|p2a: Kingambit\n|-damage|p2a: Kingambit|22/270\n|move|p2a: Kingambit|Kowtow Cleave|p1a: Palafin\n|-damage|p1a: Palafin|0 fnt\n|faint|p1a: Palafin\n|\n|win|a10hero\n|raw|Onerahh's rating: 1097 &rarr; <strong>1074</strong><br />(-23 for losing)\n|raw|a10hero's rating: 1121 &rarr; <strong>1144</strong><br />(+23 for winning)\n", "inputlog": ">version bfd83cad13791eb5a5a409923076391caf6fb4d4\n>start {\"formatid\":\"gen9randombattle\",\"seed\":[59292,41677,18064,11963],\"rated\":\"Rated battle\"}\n>player p1 {\"name\":\"Onerahh\",\"avatar\":\"169\",\"rating\":1097,\"seed\":[43113,43931,37802,62877]}\n>player p2 {\"name\":\"a10hero\",\"avatar\":\"cynthia-gen4\",\"rating\":1121,\"seed\":[59728,19555,50482,52574]}\n>p1 move sleeppowder\n>p2 move kowtowcleave\n>p1 move quiverdance\n>p2 switch 2\n>p1 move petaldance\n>p2 move gunkshot\n>p2 switch 3\n>p1 move petaldance\n>p2 move thunderwave\n>p1 move sleeppowder\n>p2 move playrough\n>p1 move sleeppowder\n>p2 move playrough\n>p1 move petaldance\n>p2 move playrough\n>p1 switch 2\n>p1 move scald\n>p2 move thunderwave\n>p1 move scald\n>p2 move magnetrise\n>p1 move scald\n>p2 move spikes\n>p1 move scald\n>p2 move playrough\n>p1 move scald\n>p2 move playrough\n>p1 move scald\n>p2 move playrough\n>p1 move scald\n>p2 move playrough\n>p1 switch 3\n>p1 move flamethrower terastallize\n>p2 move playrough\n>p2 switch 5\n>p1 switch 6\n>p2 move surf\n>p1 move outrage\n>p2 move earthquake\n>p1 move outrage\n>p2 move earthquake\n>p1 switch 4\n>p1 move poltergeist\n>p2 move recover\n>p1 move poltergeist\n>p2 move stealthrock\n>p2 switch 4\n>p1 move poltergeist\n>p2 move aquacutter\n>p2 switch 2\n>p1 switch 6\n>p2 move swordsdance\n>p1 move flamethrower\n>p2 move kowtowcleave terastallize\n>p1 switch 6\n>p1 move foulplay\n>p2 move kowtowcleave\n>p1 switch 5\n>p1 move jetpunch\n>p2 move kowtowcleave", "uploadtime": 1733847537, "views": 1, "formatid": "gen9randombattle", "rating": 1074, "private": 0, "password": null}