{"id": "gen9randombattle-2260519068", "format": "[Gen 9] Random Battle", "players": ["gordonashe", "conico0108"], "log": "|j|\u2606gordonashe\n|j|\u2606conico0108\n|t:|1733859453\n|gametype|singles\n|player|p1|gordonashe|170|1616\n|player|p2|conico0108|richboy-gen4|1594\n|teamsize|p1|6\n|teamsize|p2|6\n|gen|9\n|tier|[Gen 9] Random Battle\n|rated|\n|rule|Species Clause: Limit one of each Pok\u00e9mon\n|rule|HP Percentage Mod: HP is shown in percentages\n|rule|Sleep Clause Mod: Limit one foe put to sleep\n|rule|Illusion Level Mod: Illusion disguises the Pok\u00e9mon's true level\n|\n|t:|1733859453\n|start\n|switch|p1a: Thundurus|Thundurus, L80, M|258/258\n|switch|p2a: Terrakion|Terrakion, L79|273/273\n|turn|1\n|inactive|Battle timer is ON: inactive players will automatically lose when time's up. (requested by conico0108)\n|\n|t:|1733859474\n|switch|p1a: Flygon|Flygon, L82, M|265/265\n|move|p2a: Terrakion|Stone Edge|p1a: Flygon\n|-resisted|p1a: Flygon\n|-damage|p1a: Flygon|179/265\n|-damage|p2a: Terrakion|246/273|[from] item: Life Orb\n|\n|upkeep\n|turn|2\n|\n|t:|1733859491\n|switch|p2a: Azumarill|Azumarill, L82, M|298/298\n|move|p1a: Flygon|Earthquake|p2a: Azumarill\n|-damage|p2a: Azumarill|183/298\n|\n|upkeep\n|turn|3\n|\n|t:|1733859496\n|switch|p1a: Thundurus|Thundurus, L80, M|258/258\n|move|p2a: Azumarill|Ice Spinner|p1a: Thundurus\n|-supereffective|p1a: Thundurus\n|-damage|p1a: Thundurus|10/258\n|\n|upkeep\n|turn|4\n|\n|t:|1733859510\n|move|p1a: Thundurus|Thunderbolt|p2a: Azumarill\n|-supereffective|p2a: Azumarill\n|-damage|p2a: Azumarill|0 fnt\n|faint|p2a: Azumarill\n|\n|upkeep\n|\n|t:|1733859514\n|switch|p2a: Gurdurr|Gurdurr, L85, F|283/283\n|turn|5\n|\n|t:|1733859520\n|move|p2a: Gurdurr|Mach Punch|p1a: Thundurus\n|-resisted|p1a: Thundurus\n|-damage|p1a: Thundurus|0 fnt\n|faint|p1a: Thundurus\n|\n|upkeep\n|\n|t:|1733859529\n|switch|p1a: Moltres|Moltres-Galar, L79|271/271\n|turn|6\n|\n|t:|1733859535\n|switch|p2a: Terrakion|Terrakion, L79|246/273\n|move|p1a: Moltres|Hurricane|p2a: Terrakion\n|-damage|p2a: Terrakion|129/273\n|\n|upkeep\n|turn|7\n|\n|t:|1733859540\n|switch|p1a: Flygon|Flygon, L82, M|179/265\n|move|p2a: Terrakion|Stone Edge|p1a: Flygon|[miss]\n|-miss|p2a: Terrakion|p1a: Flygon\n|\n|upkeep\n|turn|8\n|\n|t:|1733859547\n|switch|p2a: Lugia|Lugia, L72|272/272\n|move|p1a: Flygon|Earthquake|p2a: Lugia\n|-immune|p2a: Lugia\n|\n|upkeep\n|turn|9\n|\n|t:|1733859550\n|switch|p1a: Moltres|Moltres-Galar, L79|271/271\n|move|p2a: Lugia|Calm Mind|p2a: Lugia\n|-boost|p2a: Lugia|spa|1\n|-boost|p2a: Lugia|spd|1\n|\n|upkeep\n|turn|10\n|\n|t:|1733859557\n|switch|p2a: Weezing|Weezing-Galar, L86, M|252/252\n|move|p1a: Moltres|Fiery Wrath|p2a: Weezing\n|-resisted|p2a: Weezing\n|-damage|p2a: Weezing|204/252\n|\n|-heal|p2a: Weezing|219/252|[from] item: Leftovers\n|upkeep\n|turn|11\n|\n|t:|1733859565\n|switch|p1a: Entei|Entei, L78|307/307\n|move|p2a: Weezing|Will-O-Wisp|p1a: Entei\n|-immune|p1a: Entei\n|\n|-heal|p2a: Weezing|234/252|[from] item: Leftovers\n|upkeep\n|turn|12\n|\n|t:|1733859573\n|move|p1a: Entei|Sacred Fire|p2a: Weezing\n|-damage|p2a: Weezing|120/252\n|-status|p2a: Weezing|brn\n|move|p2a: Weezing|Gunk Shot|p1a: Entei\n|-damage|p1a: Entei|241/307\n|\n|-heal|p2a: Weezing|135/252 brn|[from] item: Leftovers\n|-damage|p2a: Weezing|120/252 brn|[from] brn\n|upkeep\n|turn|13\n|\n|t:|1733859580\n|move|p1a: Entei|Sacred Fire|p2a: Weezing\n|-damage|p2a: Weezing|0 fnt\n|faint|p2a: Weezing\n|\n|upkeep\n|\n|t:|1733859590\n|switch|p2a: Terrakion|Terrakion, L79|129/273\n|turn|14\n|\n|t:|1733859600\n|switch|p1a: Flygon|Flygon, L82, M|179/265\n|move|p2a: Terrakion|Stone Edge|p1a: Flygon\n|-resisted|p1a: Flygon\n|-damage|p1a: Flygon|98/265\n|-damage|p2a: Terrakion|102/273|[from] item: Life Orb\n|\n|upkeep\n|turn|15\n|\n|t:|1733859607\n|move|p1a: Flygon|U-turn|p2a: Terrakion\n|-resisted|p2a: Terrakion\n|-damage|p2a: Terrakion|77/273\n|\n|t:|1733859611\n|switch|p1a: Spectrier|Spectrier, L75|274/274|[from] U-turn\n|move|p2a: Terrakion|Close Combat|p1a: Spectrier\n|-immune|p1a: Spectrier\n|\n|upkeep\n|turn|16\n|\n|t:|1733859623\n|switch|p2a: Gurdurr|Gurdurr, L85, F|283/283\n|move|p1a: Spectrier|Shadow Ball|p2a: Gurdurr\n|-damage|p2a: Gurdurr|161/283\n|-damage|p1a: Spectrier|247/274|[from] item: Life Orb\n|\n|upkeep\n|turn|17\n|\n|t:|1733859636\n|-terastallize|p1a: Spectrier|Fairy\n|move|p1a: Spectrier|Nasty Plot|p1a: Spectrier\n|-boost|p1a: Spectrier|spa|2\n|move|p2a: Gurdurr|Knock Off|p1a: Spectrier\n|-resisted|p1a: Spectrier\n|-damage|p1a: Spectrier|189/274\n|-enditem|p1a: Spectrier|Life Orb|[from] move: Knock Off|[of] p2a: Gurdurr\n|\n|upkeep\n|turn|18\n|\n|t:|1733859655\n|switch|p2a: Lugia|Lugia, L72|272/272\n|move|p1a: Spectrier|Shadow Ball|p2a: Lugia\n|-supereffective|p2a: Lugia\n|-damage|p2a: Lugia|124/272\n|\n|upkeep\n|turn|19\n|\n|t:|1733859660\n|-terastallize|p2a: Lugia|Ground\n|move|p1a: Spectrier|Shadow Ball|p2a: Lugia\n|-damage|p2a: Lugia|0 fnt\n|faint|p2a: Lugia\n|-ability|p1a: Spectrier|Grim Neigh|boost\n|-boost|p1a: Spectrier|spa|1\n|\n|upkeep\n|-message|conico0108 forfeited.\n|\n|win|gordonashe\n|raw|gordonashe's rating: 1616 &rarr; <strong>1635</strong><br />(+19 for winning)\n|raw|conico0108's rating: 1594 &rarr; <strong>1575</strong><br />(-19 for losing)\n|l|\u2606conico0108\n|player|p2|\n", "inputlog": ">version bfd83cad13791eb5a5a409923076391caf6fb4d4\n>start {\"formatid\":\"gen9randombattle\",\"seed\":[9548,23634,43136,61603],\"rated\":\"Rated battle\"}\n>player p1 {\"name\":\"gordonashe\",\"avatar\":\"170\",\"rating\":1616,\"seed\":[18614,53660,40533,3909]}\n>player p2 {\"name\":\"conico0108\",\"avatar\":\"richboy-gen4\",\"rating\":1594,\"seed\":[24487,43747,41890,32199]}\n>p1 switch 5\n>p2 move stoneedge\n>p1 move earthquake\n>p2 switch 3\n>p1 switch 5\n>p2 move icespinner\n>p1 move thunderbolt\n>p2 move icespinner\n>p2 switch 4\n>p1 move thunderbolt\n>p2 move machpunch\n>p1 switch 4\n>p1 move hurricane\n>p2 switch 3\n>p1 switch 5\n>p2 move stoneedge\n>p1 move earthquake\n>p2 switch 2\n>p1 switch 5\n>p2 move calmmind\n>p1 move fierywrath\n>p2 switch 5\n>p1 switch 3\n>p2 move willowisp\n>p1 move sacredfire\n>p2 move gunkshot\n>p1 move sacredfire\n>p2 move strangesteam\n>p2 switch 2\n>p1 switch 5\n>p2 move stoneedge\n>p1 move uturn\n>p2 move closecombat\n>p1 switch 6\n>p1 move shadowball\n>p2 switch 3\n>p1 move nastyplot terastallize\n>p2 move knockoff\n>p1 move shadowball\n>p2 switch 5\n>p1 move shadowball\n>p2 move earthpower terastallize\n>forcelose p2", "uploadtime": 1733859680, "views": 2, "formatid": "gen9randombattle", "rating": 1575, "private": 0, "password": null}