{"id": "gen9randombattle-2252855127", "format": "[Gen 9] Random Battle", "players": ["Gloriousplays", "Qiuescent"], "log": "|badge|p1|bronze|gen9randombattle|100-3\n|uhtml|medal-msg|<div class=\"broadcast-blue\">Curious what those medals under the avatar are? PS now has Ladder Seasons! For more information, check out the <a href=\"https://www.smogon.com/forums/threads/3740067/\">thread on Smogon.</a></div>\n|j|\u2606Gloriousplays\n|j|\u203dQiuescent\n|t:|1732811887\n|gametype|singles\n|player|p1|Gloriousplays|ash|2366\n|player|p2|Qiuescent|266|2307\n|teamsize|p1|6\n|teamsize|p2|6\n|gen|9\n|tier|[Gen 9] Random Battle\n|rated|\n|rule|Species Clause: Limit one of each Pok\u00e9mon\n|rule|HP Percentage Mod: HP is shown in percentages\n|rule|Sleep Clause Mod: Limit one foe put to sleep\n|rule|Illusion Level Mod: Illusion disguises the Pok\u00e9mon's true level\n|\n|t:|1732811887\n|start\n|switch|p1a: Chi-Yu|Chi-Yu, L77|211/211\n|switch|p2a: Pincurchin|Pincurchin, F|258/258\n|-ability|p1a: Chi-Yu|Beads of Ruin\n|-fieldstart|move: Electric Terrain|[from] ability: Electric Surge|[of] p2a: Pincurchin\n|turn|1\n|\n|t:|1732811898\n|move|p1a: Chi-Yu|Flamethrower|p2a: Pincurchin\n|-damage|p2a: Pincurchin|135/258\n|move|p2a: Pincurchin|Thunderbolt|p1a: Chi-Yu\n|-damage|p1a: Chi-Yu|58/211\n|\n|-heal|p2a: Pincurchin|151/258|[from] item: Leftovers\n|upkeep\n|turn|2\n|\n|t:|1732811906\n|switch|p1a: Slowbro|Slowbro-Galar, L87, M|307/307\n|move|p2a: Pincurchin|Recover|p2a: Pincurchin\n|-heal|p2a: Pincurchin|258/258\n|\n|upkeep\n|turn|3\n|\n|t:|1732811908\n|move|p1a: Slowbro|Shell Side Arm|p2a: Pincurchin|[anim] Shell Side Arm Special\n|-damage|p2a: Pincurchin|170/258\n|-hint|Special Shell Side Arm\n|move|p2a: Pincurchin|Spikes|p1a: Slowbro\n|-sidestart|p1: Gloriousplays|Spikes\n|\n|-heal|p2a: Pincurchin|186/258|[from] item: Leftovers\n|upkeep\n|turn|4\n|\n|t:|1732811916\n|move|p1a: Slowbro|Psychic|p2a: Pincurchin\n|-damage|p2a: Pincurchin|98/258\n|move|p2a: Pincurchin|Recover|p2a: Pincurchin\n|-heal|p2a: Pincurchin|227/258\n|\n|-heal|p2a: Pincurchin|243/258|[from] item: Leftovers\n|upkeep\n|turn|5\n|\n|t:|1732811922\n|switch|p1a: Girafarig|Girafarig, L89, M|269/269\n|-damage|p1a: Girafarig|236/269|[from] Spikes\n|move|p2a: Pincurchin|Spikes|p1a: Girafarig\n|-sidestart|p1: Gloriousplays|Spikes\n|\n|-heal|p2a: Pincurchin|258/258|[from] item: Leftovers\n|-fieldend|move: Electric Terrain\n|upkeep\n|turn|6\n|\n|t:|1732811950\n|move|p1a: Girafarig|Nasty Plot|p1a: Girafarig\n|-boost|p1a: Girafarig|spa|2\n|move|p2a: Pincurchin|Thunderbolt|p1a: Girafarig\n|-damage|p1a: Girafarig|127/269\n|\n|upkeep\n|turn|7\n|\n|t:|1732811954\n|move|p1a: Girafarig|Hyper Voice|p2a: Pincurchin\n|-damage|p2a: Pincurchin|98/258\n|move|p2a: Pincurchin|Thunderbolt|p1a: Girafarig\n|-damage|p1a: Girafarig|33/269\n|\n|-heal|p2a: Pincurchin|114/258|[from] item: Leftovers\n|upkeep\n|turn|8\n|\n|t:|1732811957\n|move|p1a: Girafarig|Hyper Voice|p2a: Pincurchin\n|-damage|p2a: Pincurchin|0 fnt\n|faint|p2a: Pincurchin\n|\n|upkeep\n|\n|t:|1732811959\n|switch|p2a: Palafin|Palafin, L77, F|281/281\n|turn|9\n|\n|t:|1732811962\n|move|p2a: Palafin|Jet Punch|p1a: Girafarig\n|-damage|p1a: Girafarig|0 fnt\n|faint|p1a: Girafarig\n|\n|upkeep\n|\n|t:|1732811964\n|switch|p1a: Rayquaza|Rayquaza, L72|270/270\n|-ability|p1a: Rayquaza|Air Lock\n|turn|10\n|\n|t:|1732811991\n|detailschange|p2a: Palafin|Palafin-Hero, L77, F\n|switch|p2a: Flygon|Flygon, L82, F|265/265\n|move|p1a: Rayquaza|Dragon Dance|p1a: Rayquaza\n|-boost|p1a: Rayquaza|atk|1\n|-boost|p1a: Rayquaza|spe|1\n|\n|upkeep\n|turn|11\n|inactive|Battle timer is ON: inactive players will automatically lose when time's up. (requested by Qiuescent)\n|\n|t:|1732812047\n|-terastallize|p1a: Rayquaza|Steel\n|move|p1a: Rayquaza|Dragon Dance|p1a: Rayquaza\n|-boost|p1a: Rayquaza|atk|1\n|-boost|p1a: Rayquaza|spe|1\n|move|p2a: Flygon|Outrage|p1a: Rayquaza\n|-resisted|p1a: Rayquaza\n|-damage|p1a: Rayquaza|157/270\n|\n|upkeep\n|turn|12\n|\n|t:|1732812050\n|move|p1a: Rayquaza|Dragon Ascent|p2a: Flygon\n|-damage|p2a: Flygon|0 fnt\n|-unboost|p1a: Rayquaza|def|1\n|-unboost|p1a: Rayquaza|spd|1\n|faint|p2a: Flygon\n|\n|upkeep\n|\n|t:|1732812053\n|switch|p2a: Palafin|Palafin-Hero, L77, F|281/281\n|-activate|p2a: Palafin|ability: Zero to Hero\n|turn|13\n|\n|t:|1732812061\n|switch|p1a: Slowbro|Slowbro-Galar, L87, M|307/307\n|-damage|p1a: Slowbro|256/307|[from] Spikes\n|-terastallize|p2a: Palafin|Water\n|move|p2a: Palafin|Jet Punch|p1a: Slowbro\n|-damage|p1a: Slowbro|110/307\n|\n|-heal|p1a: Slowbro|129/307|[from] item: Leftovers\n|upkeep\n|turn|14\n|\n|t:|1732812067\n|switch|p1a: Froslass|Froslass, L87, F|263/263\n|-damage|p1a: Froslass|220/263|[from] Spikes\n|move|p2a: Palafin|Jet Punch|p1a: Froslass\n|-damage|p1a: Froslass|32/263\n|-start|p2a: Palafin|Disable|Jet Punch|[from] ability: Cursed Body|[of] p1a: Froslass\n|\n|upkeep\n|turn|15\n|\n|t:|1732812073\n|switch|p2a: Blissey|Blissey, L84, F|566/566\n|move|p1a: Froslass|Spikes|p2a: Blissey\n|-sidestart|p2: Qiuescent|Spikes\n|\n|upkeep\n|turn|16\n|\n|t:|1732812080\n|move|p1a: Froslass|Poltergeist|p2a: Blissey\n|-immune|p2a: Blissey\n|move|p2a: Blissey|Thunder Wave|p1a: Froslass\n|-status|p1a: Froslass|par\n|\n|upkeep\n|turn|17\n|\n|t:|1732812083\n|move|p2a: Blissey|Stealth Rock|p1a: Froslass\n|-sidestart|p1: Gloriousplays|move: Stealth Rock\n|cant|p1a: Froslass|par\n|\n|upkeep\n|turn|18\n|\n|t:|1732812086\n|switch|p2a: Palafin|Palafin-Hero, L77, F, tera:Water|281/281\n|-damage|p2a: Palafin|246/281|[from] Spikes\n|cant|p1a: Froslass|par\n|\n|upkeep\n|turn|19\n|\n|t:|1732812090\n|move|p2a: Palafin|Jet Punch|p1a: Froslass\n|-damage|p1a: Froslass|0 fnt\n|-start|p2a: Palafin|Disable|Jet Punch|[from] ability: Cursed Body|[of] p1a: Froslass\n|faint|p1a: Froslass\n|\n|upkeep\n|\n|t:|1732812098\n|switch|p1a: Rayquaza|Rayquaza, L72, tera:Steel|157/270\n|-ability|p1a: Rayquaza|Air Lock\n|turn|20\n|\n|t:|1732812101\n|switch|p2a: Solgaleo|Solgaleo, L74|325/325\n|-damage|p2a: Solgaleo|285/325|[from] Spikes\n|move|p1a: Rayquaza|Dragon Ascent|p2a: Solgaleo\n|-resisted|p2a: Solgaleo\n|-damage|p2a: Solgaleo|217/325\n|-unboost|p1a: Rayquaza|def|1\n|-unboost|p1a: Rayquaza|spd|1\n|\n|-heal|p2a: Solgaleo|237/325|[from] item: Leftovers\n|upkeep\n|turn|21\n|\n|t:|1732812103\n|move|p2a: Solgaleo|Close Combat|p1a: Rayquaza\n|-supereffective|p1a: Rayquaza\n|-damage|p1a: Rayquaza|0 fnt\n|-unboost|p2a: Solgaleo|def|1\n|-unboost|p2a: Solgaleo|spd|1\n|faint|p1a: Rayquaza\n|\n|-heal|p2a: Solgaleo|257/325|[from] item: Leftovers\n|upkeep\n|\n|t:|1732812106\n|switch|p1a: Chi-Yu|Chi-Yu, L77|58/211\n|-damage|p1a: Chi-Yu|23/211|[from] Spikes\n|-damage|p1a: Chi-Yu|0 fnt|[from] Stealth Rock\n|faint|p1a: Chi-Yu\n|\n|t:|1732812108\n|switch|p1a: Kingambit|Kingambit, L74, F|270/270\n|-damage|p1a: Kingambit|225/270|[from] Spikes\n|-damage|p1a: Kingambit|209/270|[from] Stealth Rock\n|-activate|p1a: Kingambit|ability: Supreme Overlord\n|-start|p1a: Kingambit|fallen4|[silent]\n|turn|22\n|\n|t:|1732812112\n|move|p2a: Solgaleo|Close Combat|p1a: Kingambit\n|-supereffective|p1a: Kingambit\n|-damage|p1a: Kingambit|0 fnt\n|-unboost|p2a: Solgaleo|def|1\n|-unboost|p2a: Solgaleo|spd|1\n|faint|p1a: Kingambit\n|-end|p1a: Kingambit|fallen4|[silent]\n|\n|-heal|p2a: Solgaleo|277/325|[from] item: Leftovers\n|upkeep\n|\n|t:|1732812113\n|switch|p1a: Slowbro|Slowbro-Galar, L87, M|231/307\n|-damage|p1a: Slowbro|180/307|[from] Spikes\n|-damage|p1a: Slowbro|142/307|[from] Stealth Rock\n|turn|23\n|-message|Gloriousplays forfeited.\n|\n|win|Qiuescent\n|raw|Gloriousplays's rating: 2366 &rarr; <strong>2343</strong><br />(-23 for losing)\n|raw|Qiuescent's rating: 2307 &rarr; <strong>2330</strong><br />(+23 for winning)\n|l|\u2606Gloriousplays\n|player|p1|\n", "inputlog": ">version b107d77f5c90bd6555267ae244a6264823309ead\n>start {\"formatid\":\"gen9randombattle\",\"seed\":[57804,50413,14131,559],\"rated\":\"Rated battle\"}\n>player p1 {\"name\":\"Gloriousplays\",\"avatar\":\"ash\",\"rating\":2366,\"seed\":[23287,17416,31961,9520]}\n>player p2 {\"name\":\"Qiuescent\",\"avatar\":\"266\",\"rating\":2307,\"seed\":[51275,23315,48909,56784]}\n>p1 move flamethrower\n>p2 move thunderbolt\n>p1 switch 2\n>p2 move recover\n>p1 move shellsidearm\n>p2 move spikes\n>p1 move psychic\n>p2 move recover\n>p1 switch 6\n>p2 move spikes\n>p1 move nastyplot\n>p2 move thunderbolt\n>p1 move hypervoice\n>p2 move thunderbolt\n>p1 move hypervoice\n>p2 move thunderbolt\n>p2 switch 2\n>p1 move hypervoice\n>p2 move jetpunch\n>p1 switch 4\n>p1 move dragondance\n>p2 switch 5\n>p1 move dragondance terastallize\n>p2 move outrage\n>p1 move dragonascent\n>p2 move outrage\n>p2 switch 5\n>p1 switch 6\n>p2 move jetpunch terastallize\n>p1 switch 5\n>p2 move jetpunch\n>p1 move spikes\n>p2 switch 6\n>p1 move poltergeist\n>p2 move thunderwave\n>p1 move poltergeist\n>p2 move stealthrock\n>p1 move poltergeist\n>p2 switch 6\n>p1 move poltergeist\n>p2 move jetpunch\n>p1 switch 6\n>p1 move dragonascent\n>p2 switch 4\n>p1 move earthquake\n>p2 move closecombat\n>p1 switch 2\n>p1 switch 3\n>p1 move swordsdance\n>p2 move closecombat\n>p1 switch 5\n>forcelose p1", "uploadtime": 1732812117, "views": 23, "formatid": "gen9randombattle", "rating": 2330, "private": 0, "password": null}