{"id": "gen9randombattle-2132924939", "format": "[Gen 9] Random Battle", "players": ["helicopyer", "supergriefer101"], "log": "|badge|p1|bronze|gen9randombattle|100-1\n|html|<div class=\"broadcast-red\"><strong>This battle is required to be public due to one or more player having a season medal.</strong><br />During the public phase, you can discuss the state of the ladder <a href=\"/seasondiscussion\">in a special chatroom.</a></div>\n|uhtml|medal-msg|<div class=\"broadcast-blue\">Curious what those medals under the avatar are? PS now has Ladder Seasons! For more information, check out the <a href=\"https://www.smogon.com/forums/threads/3740067/\">thread on Smogon.</a></div>\n|raw|<div class=\"broadcast-blue\"><strong>This battle is required to be public due to a player having a name starting with 'medal'.</div>\n|j|\u2606helicopyer\n|j|\u2606supergriefer101\n|t:|1716998387\n|gametype|singles\n|player|p1|helicopyer|ethan|2284\n|player|p2|supergriefer101|aromalady|2351\n|teamsize|p1|6\n|teamsize|p2|6\n|gen|9\n|tier|[Gen 9] Random Battle\n|rated|\n|rule|Species Clause: Limit one of each Pok\u00e9mon\n|rule|HP Percentage Mod: HP is shown in percentages\n|rule|Sleep Clause Mod: Limit one foe put to sleep\n|rule|Illusion Level Mod: Illusion disguises the Pok\u00e9mon's true level\n|\n|t:|1716998387\n|start\n|switch|p1a: Gastrodon|Gastrodon, L86, F|331/331\n|switch|p2a: Iron Treads|Iron Treads, L77|265/265\n|turn|1\n|c|\u2606helicopyer|O\n|c|\u2606supergriefer101|omg\n|c|\u2606supergriefer101|this guy\n|\n|t:|1716998403\n|-end|p2a: Iron Treads|Quark Drive|[silent]\n|switch|p2a: Cacturne|Cacturne, L92, M|278/278\n|move|p1a: Gastrodon|Surf|p2a: Cacturne\n|-immune|p2a: Cacturne|[from] ability: Water Absorb\n|\n|upkeep\n|turn|2\n|\n|t:|1716998424\n|switch|p1a: Emboar|Emboar, L84, F|322/322\n|move|p2a: Cacturne|Knock Off|p1a: Emboar\n|-resisted|p1a: Emboar\n|-damage|p1a: Emboar|219/322\n|-enditem|p1a: Emboar|Choice Scarf|[from] move: Knock Off|[of] p2a: Cacturne\n|-damage|p2a: Cacturne|251/278|[from] item: Life Orb\n|\n|upkeep\n|turn|3\n|c|\u2606supergriefer101|phew\n|\n|t:|1716998431\n|switch|p2a: Alomomola|Alomomola, L87, M|429/429\n|move|p1a: Emboar|Knock Off|p2a: Alomomola\n|-damage|p2a: Alomomola|344/429\n|-enditem|p2a: Alomomola|Heavy-Duty Boots|[from] move: Knock Off|[of] p1a: Emboar\n|\n|upkeep\n|turn|4\n|c|\u2606helicopyer|the cteam is crazy\n|c|\u2606helicopyer|how do i even win this\n|\n|t:|1716998447\n|move|p2a: Alomomola|Scald|p1a: Emboar\n|-supereffective|p1a: Emboar\n|-damage|p1a: Emboar|93/322\n|move|p1a: Emboar|Flare Blitz|p2a: Alomomola\n|-resisted|p2a: Alomomola\n|-damage|p2a: Alomomola|254/429\n|-damage|p1a: Emboar|63/322|[from] Recoil\n|\n|upkeep\n|turn|5\n|n|!supergriefer101|supergriefer101\n|\n|t:|1716998455\n|move|p2a: Alomomola|Flip Turn|p1a: Emboar\n|-supereffective|p1a: Emboar\n|-damage|p1a: Emboar|0 fnt\n|faint|p1a: Emboar\n|c|\u2606helicopyer|lmao\n|\n|t:|1716998489\n|switch|p2a: Cacturne|Cacturne, L92, M|251/278|[from] Flip Turn\n|\n|upkeep\n|\n|t:|1716998499\n|switch|p1a: Cinderace|Cinderace, L77, M|250/250\n|turn|6\n|\n|t:|1716998512\n|switch|p2a: Alomomola|Alomomola, L87, M|397/429\n|move|p1a: Cinderace|U-turn|p2a: Alomomola\n|-start|p1a: Cinderace|typechange|Bug|[from] ability: Libero\n|-damage|p2a: Alomomola|330/429\n|\n|t:|1716998529\n|switch|p1a: Magearna|Magearna, L77|250/250|[from] U-turn\n|\n|upkeep\n|turn|7\n|c|\u2606helicopyer|i can't even do anything\n|c|\u2606helicopyer|like there's physically nothing i can do to break this team\n|\n|t:|1716998557\n|switch|p1a: Gastrodon|Gastrodon, L86, F|331/331\n|move|p2a: Alomomola|Flip Turn|p1a: Gastrodon\n|-ability|p1a: Gastrodon|Storm Drain|boost\n|-boost|p1a: Gastrodon|spa|1\n|\n|upkeep\n|turn|8\n|\n|t:|1716998566\n|switch|p2a: Vikavolt|Vikavolt, L84, F|267/267\n|move|p1a: Gastrodon|Sludge Bomb|p2a: Vikavolt\n|-damage|p2a: Vikavolt|167/267\n|\n|upkeep\n|turn|9\n|inactive|Battle timer is ON: inactive players will automatically lose when time's up. (requested by supergriefer101)\n|\n|t:|1716998604\n|switch|p1a: Scizor|Scizor, L79, M|240/240\n|move|p2a: Vikavolt|Bug Buzz|p1a: Scizor\n|-resisted|p1a: Scizor\n|-damage|p1a: Scizor|168/240\n|\n|upkeep\n|turn|10\n|\n|t:|1716998617\n|switch|p2a: Alomomola|Alomomola, L87, M|429/429\n|move|p1a: Scizor|U-turn|p2a: Alomomola\n|-damage|p2a: Alomomola|305/429\n|inactive|helicopyer has 120 seconds left.\n|\n|t:|1716998659\n|switch|p1a: Gastrodon|Gastrodon, L86, F|331/331|[from] U-turn\n|\n|upkeep\n|turn|11\n|\n|t:|1716998666\n|move|p2a: Alomomola|Wish|p2a: Alomomola\n|move|p1a: Gastrodon|Sludge Bomb|p2a: Alomomola\n|-damage|p2a: Alomomola|210/429\n|-status|p2a: Alomomola|psn\n|\n|-damage|p2a: Alomomola|157/429 psn|[from] psn\n|upkeep\n|turn|12\n|inactive|helicopyer has 120 seconds left.\n|\n|t:|1716998688\n|switch|p2a: Cacturne|Cacturne, L92, M|251/278\n|move|p1a: Gastrodon|Sludge Bomb|p2a: Cacturne\n|-supereffective|p2a: Cacturne\n|-damage|p2a: Cacturne|97/278\n|-status|p2a: Cacturne|psn\n|\n|-heal|p2a: Cacturne|278/278 psn|[from] move: Wish|[wisher] Alomomola\n|-damage|p2a: Cacturne|244/278 psn|[from] psn\n|upkeep\n|turn|13\n|c|\u2606helicopyer|chance ball\n|\n|t:|1716998699\n|switch|p1a: Magearna|Magearna, L77|250/250\n|move|p2a: Cacturne|Knock Off|p1a: Magearna\n|-resisted|p1a: Magearna\n|-damage|p1a: Magearna|175/250\n|-enditem|p1a: Magearna|Leftovers|[from] move: Knock Off|[of] p2a: Cacturne\n|-damage|p2a: Cacturne|217/278 psn|[from] item: Life Orb\n|\n|-damage|p2a: Cacturne|183/278 psn|[from] psn\n|upkeep\n|turn|14\n|\n|t:|1716998713\n|switch|p2a: Iron Treads|Iron Treads, L77|265/265\n|move|p1a: Magearna|Fleur Cannon|p2a: Iron Treads\n|-resisted|p2a: Iron Treads\n|-damage|p2a: Iron Treads|205/265\n|-unboost|p1a: Magearna|spa|2\n|\n|upkeep\n|turn|15\n|inactive|helicopyer has 120 seconds left.\n|\n|t:|1716998732\n|-end|p2a: Iron Treads|Quark Drive|[silent]\n|switch|p2a: Cacturne|Cacturne, L92, M|183/278 psn\n|switch|p1a: Hariyama|Hariyama, L87, M|392/392\n|\n|-damage|p2a: Cacturne|149/278 psn|[from] psn\n|upkeep\n|turn|16\n|inactive|helicopyer has 120 seconds left.\n|inactive|supergriefer101 has 120 seconds left.\n|inactive|helicopyer has 90 seconds left.\n|\n|t:|1716998774\n|switch|p2a: Vikavolt|Vikavolt, L84, F|167/267\n|move|p1a: Hariyama|Close Combat|p2a: Vikavolt\n|-resisted|p2a: Vikavolt\n|-damage|p2a: Vikavolt|92/267\n|-unboost|p1a: Hariyama|def|1\n|-unboost|p1a: Hariyama|spd|1\n|\n|upkeep\n|turn|17\n|inactive|helicopyer has 90 seconds left.\n|inactive|supergriefer101 has 120 seconds left.\n|\n|t:|1716998790\n|move|p1a: Hariyama|Stone Edge|p2a: Vikavolt\n|-supereffective|p2a: Vikavolt\n|-damage|p2a: Vikavolt|0 fnt\n|faint|p2a: Vikavolt\n|\n|upkeep\n|inactive|supergriefer101 has 90 seconds left.\n|\n|t:|1716998815\n|switch|p2a: Cacturne|Cacturne, L92, M|149/278 psn\n|turn|18\n|inactive|helicopyer has 90 seconds left.\n|\n|t:|1716998825\n|move|p2a: Cacturne|Leaf Storm|p1a: Hariyama\n|-damage|p1a: Hariyama|61/392\n|-unboost|p2a: Cacturne|spa|2\n|-damage|p2a: Cacturne|122/278 psn|[from] item: Life Orb\n|move|p1a: Hariyama|Close Combat|p2a: Cacturne\n|-supereffective|p2a: Cacturne\n|-damage|p2a: Cacturne|0 fnt\n|-unboost|p1a: Hariyama|def|1\n|-unboost|p1a: Hariyama|spd|1\n|faint|p2a: Cacturne\n|\n|upkeep\n|\n|t:|1716998832\n|switch|p2a: Iron Treads|Iron Treads, L77|205/265\n|turn|19\n|\n|t:|1716998842\n|move|p2a: Iron Treads|Earthquake|p1a: Hariyama\n|-damage|p1a: Hariyama|0 fnt\n|faint|p1a: Hariyama\n|\n|upkeep\n|\n|t:|1716998845\n|switch|p1a: Gastrodon|Gastrodon, L86, F|331/331\n|turn|20\n|inactive|supergriefer101 has 120 seconds left.\n|\n|t:|1716998856\n|-end|p2a: Iron Treads|Quark Drive|[silent]\n|switch|p2a: Clawitzer|Clawitzer, L86, F|262/262\n|move|p1a: Gastrodon|Surf|p2a: Clawitzer\n|-resisted|p2a: Clawitzer\n|-damage|p2a: Clawitzer|212/262\n|\n|upkeep\n|turn|21\n|inactive|supergriefer101 has 120 seconds left.\n|\n|t:|1716998862\n|move|p2a: Clawitzer|Aura Sphere|p1a: Gastrodon\n|-damage|p1a: Gastrodon|164/331\n|move|p1a: Gastrodon|Recover|p1a: Gastrodon\n|-heal|p1a: Gastrodon|330/331\n|\n|-heal|p1a: Gastrodon|331/331|[from] item: Leftovers\n|upkeep\n|turn|22\n|inactive|helicopyer has 120 seconds left.\n|n|\u2606supergriefer101|supergriefer101\n|c|\u2606supergriefer101|mute expired\n|c|\u2606supergriefer101|click faster\n|c|\u2606helicopyer|what do i even click here\n|c|\u2606supergriefer101|x\n|c|\u2606helicopyer|this is ridiculous\n|\n|t:|1716998897\n|move|p2a: Clawitzer|Aura Sphere|p1a: Gastrodon\n|-damage|p1a: Gastrodon|157/331\n|move|p1a: Gastrodon|Sludge Bomb|p2a: Clawitzer\n|-damage|p2a: Clawitzer|150/262\n|-status|p2a: Clawitzer|psn\n|\n|-heal|p1a: Gastrodon|177/331|[from] item: Leftovers\n|-damage|p2a: Clawitzer|118/262 psn|[from] psn\n|upkeep\n|turn|23\n|\n|t:|1716998900\n|-terastallize|p2a: Clawitzer|Fighting\n|move|p2a: Clawitzer|Aura Sphere|p1a: Gastrodon\n|-crit|p1a: Gastrodon\n|-damage|p1a: Gastrodon|0 fnt\n|faint|p1a: Gastrodon\n|\n|-damage|p2a: Clawitzer|86/262 psn|[from] psn\n|upkeep\n|c|\u2606helicopyer|well\n|c|\u2606helicopyer|i prolly should've saved that\n|c|\u2606supergriefer101|LMAO\n|\n|t:|1716998919\n|switch|p1a: Cinderace|Cinderace, L77, M|250/250\n|turn|24\n|\n|t:|1716998924\n|switch|p2a: Alomomola|Alomomola, L87, M|300/429 psn\n|move|p1a: Cinderace|Gunk Shot|p2a: Alomomola\n|-start|p1a: Cinderace|typechange|Poison|[from] ability: Libero\n|-damage|p2a: Alomomola|173/429 psn\n|\n|-damage|p2a: Alomomola|120/429 psn|[from] psn\n|upkeep\n|turn|25\n|\n|t:|1716998937\n|switch|p2a: Iron Treads|Iron Treads, L77|205/265\n|move|p1a: Cinderace|Pyro Ball|p2a: Iron Treads|[miss]\n|-miss|p1a: Cinderace|p2a: Iron Treads\n|\n|upkeep\n|turn|26\n|c|\u2606supergriefer101|HAHAHA\n|\n|t:|1716998945\n|-terastallize|p1a: Cinderace|Fire\n|move|p1a: Cinderace|Pyro Ball|p2a: Iron Treads\n|-supereffective|p2a: Iron Treads\n|-damage|p2a: Iron Treads|0 fnt\n|faint|p2a: Iron Treads\n|-end|p2a: Iron Treads|Quark Drive|[silent]\n|\n|upkeep\n|c|\u2606supergriefer101|NOOOOOO\n|\n|t:|1716998959\n|switch|p2a: Alomomola|Alomomola, L87, M|263/429 psn\n|turn|27\n|c|\u2606supergriefer101|dude my hubris\n|c|\u2606helicopyer|showdown praying on my downfall\n|inactive|helicopyer has 120 seconds left.\n|\n|t:|1716998970\n|move|p1a: Cinderace|U-turn|p2a: Alomomola\n|-damage|p2a: Alomomola|218/429 psn\n|\n|t:|1716998972\n|switch|p1a: Magearna|Magearna, L77|175/250|[from] U-turn\n|move|p2a: Alomomola|Flip Turn|p1a: Magearna\n|-damage|p1a: Magearna|123/250\n|\n|t:|1716998975\n|switch|p2a: Electivire|Electivire, L85, F|266/266|[from] Flip Turn\n|\n|upkeep\n|turn|28\n|\n|t:|1716998981\n|switch|p1a: Scizor|Scizor, L79, M|168/240\n|move|p2a: Electivire|Earthquake|p1a: Scizor\n|-damage|p1a: Scizor|76/240\n|\n|upkeep\n|turn|29\n|c|\u2606supergriefer101|my fucking hubris\n|\n|t:|1716998987\n|move|p1a: Scizor|Bullet Punch|p2a: Electivire\n|-resisted|p2a: Electivire\n|-crit|p2a: Electivire\n|-damage|p2a: Electivire|177/266\n|move|p2a: Electivire|Earthquake|p1a: Scizor\n|-damage|p1a: Scizor|0 fnt\n|faint|p1a: Scizor\n|\n|upkeep\n|\n|t:|1716998990\n|switch|p1a: Cinderace|Cinderace, L77, M, tera:Fire|250/250\n|turn|30\n|\n|t:|1716998994\n|switch|p2a: Clawitzer|Clawitzer, L86, F, tera:Fighting|86/262 psn\n|move|p1a: Cinderace|Pyro Ball|p2a: Clawitzer\n|-damage|p2a: Clawitzer|0 fnt\n|faint|p2a: Clawitzer\n|\n|upkeep\n|\n|t:|1716998996\n|switch|p2a: Alomomola|Alomomola, L87, M|361/429 psn\n|turn|31\n|c|\u2606supergriefer101|nvm\n|c|\u2606supergriefer101|hooray\n|\n|t:|1716999014\n|move|p1a: Cinderace|Gunk Shot|p2a: Alomomola|[miss]\n|-miss|p1a: Cinderace|p2a: Alomomola\n|move|p2a: Alomomola|Flip Turn|p1a: Cinderace\n|-supereffective|p1a: Cinderace\n|-damage|p1a: Cinderace|122/250\n|\n|t:|1716999016\n|switch|p2a: Electivire|Electivire, L85, F|177/266|[from] Flip Turn\n|\n|upkeep\n|turn|32\n|\n|t:|1716999020\n|move|p2a: Electivire|Earthquake|p1a: Cinderace\n|-supereffective|p1a: Cinderace\n|-crit|p1a: Cinderace\n|-damage|p1a: Cinderace|0 fnt\n|faint|p1a: Cinderace\n|\n|upkeep\n|c|\u2606helicopyer|oh you're scarf\n|c|\u2606helicopyer|lmao\n|c|\u2606helicopyer|GG.\n|-message|helicopyer forfeited.\n|\n|win|supergriefer101\n|raw|helicopyer's rating: 2312 &rarr; <strong>2294</strong><br />(-18 for losing)\n|raw|supergriefer101's rating: 2351 &rarr; <strong>2369</strong><br />(+18 for winning)\n", "inputlog": ">version 82ceab39522df80d6289bc3fb83a311a02ed08de\n>start {\"formatid\":\"gen9randombattle\",\"seed\":[49211,8878,36778,39837],\"rated\":\"Rated battle\"}\n>player p1 {\"name\":\"helicopyer\",\"avatar\":\"ethan\",\"rating\":2284,\"seed\":[11903,56415,8879,23762]}\n>player p2 {\"name\":\"supergriefer101\",\"avatar\":\"aromalady\",\"rating\":2351,\"seed\":[43581,4797,38868,61689]}\n>chat \u2606helicopyer|O\n>chat \u2606supergriefer101|omg\n>chat \u2606supergriefer101|this guy\n>p1 move surf\n>p2 switch 4\n>p1 switch 5\n>p2 move knockoff\n>chat \u2606supergriefer101|phew\n>p1 move knockoff\n>p2 switch 3\n>chat \u2606helicopyer|the cteam is crazy\n>chat \u2606helicopyer|how do i even win this\n>p1 move flareblitz\n>p2 move scald\n>chat \u2606supergriefer101|fuck u\n>p1 move flareblitz\n>p2 move flipturn\n>chat \u2606helicopyer|lmao\n>p2 switch 3\n>p1 switch 6\n>p1 move uturn\n>p2 switch 3\n>p1 switch 4\n>chat \u2606helicopyer|i can't even do anything\n>chat \u2606helicopyer|like there's physically nothing i can do to break this team\n>p1 switch 5\n>p2 move flipturn\n>p1 move sludgebomb\n>p2 switch 6\n>p1 switch 2\n>p2 move bugbuzz\n>p1 move uturn\n>p2 switch 6\n>p1 switch 2\n>p1 move sludgebomb\n>p2 move wish\n>p1 move sludgebomb\n>p2 switch 3\n>chat \u2606helicopyer|chance ball\n>p1 switch 5\n>p2 move knockoff\n>p1 move fleurcannon\n>p2 switch 4\n>p1 switch 3\n>p2 switch 4\n>p1 move closecombat\n>p2 switch 6\n>p1 move stoneedge\n>p2 move thunderbolt\n>p2 switch 6\n>p1 move closecombat\n>p2 move leafstorm\n>p2 switch 4\n>p1 move closecombat\n>p2 move earthquake\n>p1 switch 5\n>p1 move surf\n>p2 switch 5\n>p1 move recover\n>p2 move aurasphere\n>chat \u2606supergriefer101|mute expired\n>chat \u2606supergriefer101|click faster\n>chat \u2606helicopyer|what do i even click here\n>chat \u2606supergriefer101|x\n>chat \u2606helicopyer|this is ridiculous\n>p1 move sludgebomb\n>p2 move aurasphere\n>p1 move recover\n>p2 move aurasphere terastallize\n>chat \u2606helicopyer|well\n>chat \u2606helicopyer|i prolly should've saved that\n>chat \u2606supergriefer101|LMAO\n>p1 switch 4\n>p1 move gunkshot\n>p2 switch 3\n>p1 move pyroball\n>p2 switch 5\n>chat \u2606supergriefer101|HAHAHA\n>p1 move pyroball terastallize\n>p2 move earthquake\n>chat \u2606supergriefer101|NOOOOOO\n>p2 switch 5\n>chat \u2606supergriefer101|dude my hubris\n>chat \u2606helicopyer|showdown praying on my downfall\n>p1 move uturn\n>p2 move flipturn\n>p1 switch 3\n>p2 switch 2\n>p1 switch 2\n>p2 move earthquake\n>chat \u2606supergriefer101|my fucking hubris\n>p1 move bulletpunch\n>p2 move earthquake\n>p1 switch 3\n>p1 move pyroball\n>p2 switch 3\n>p2 switch 2\n>chat \u2606supergriefer101|nvm\n>chat \u2606supergriefer101|hooray\n>p1 move gunkshot\n>p2 move flipturn\n>p2 switch 3\n>p1 move uturn\n>p2 move earthquake\n>chat \u2606helicopyer|oh you're scarf\n>chat \u2606helicopyer|lmao\n>chat \u2606helicopyer|GG.\n>forcelose p1", "uploadtime": 1716998449, "views": 229, "formatid": "gen9randombattle", "rating": 2294, "private": 0, "password": null}