{"id": "gen9randombattle-2260519410", "format": "[Gen 9] Random Battle", "players": ["Gatchimonaka", "dshinmaster"], "log": "|j|\u2606Gatchimonaka\n|j|\u2606dshinmaster\n|t:|1733859485\n|gametype|singles\n|player|p1|Gatchimonaka|#gatchimonaka|1692\n|player|p2|dshinmaster|ltsurge|1729\n|teamsize|p1|6\n|teamsize|p2|6\n|gen|9\n|tier|[Gen 9] Random Battle\n|rated|\n|rule|Species Clause: Limit one of each Pok\u00e9mon\n|rule|HP Percentage Mod: HP is shown in percentages\n|rule|Sleep Clause Mod: Limit one foe put to sleep\n|rule|Illusion Level Mod: Illusion disguises the Pok\u00e9mon's true level\n|\n|t:|1733859485\n|start\n|switch|p1a: Brute Bonnet|Brute Bonnet, L81|312/312\n|switch|p2a: Torkoal|Torkoal, L88, F|266/266\n|-weather|SunnyDay|[from] ability: Drought|[of] p2a: Torkoal\n|-activate|p1a: Brute Bonnet|ability: Protosynthesis\n|-start|p1a: Brute Bonnet|protosynthesisatk\n|turn|1\n|inactive|Battle timer is ON: inactive players will automatically lose when time's up. (requested by dshinmaster)\n|\n|t:|1733859495\n|move|p1a: Brute Bonnet|Spore|p2a: Torkoal\n|-status|p2a: Torkoal|slp|[from] move: Spore\n|cant|p2a: Torkoal|slp\n|\n|-weather|SunnyDay|[upkeep]\n|upkeep\n|turn|2\n|\n|t:|1733859504\n|move|p1a: Brute Bonnet|Close Combat|p2a: Torkoal\n|-damage|p2a: Torkoal|174/266 slp\n|-unboost|p1a: Brute Bonnet|def|1\n|-unboost|p1a: Brute Bonnet|spd|1\n|-curestatus|p2a: Torkoal|slp|[msg]\n|move|p2a: Torkoal|Lava Plume|p1a: Brute Bonnet\n|-supereffective|p1a: Brute Bonnet\n|-damage|p1a: Brute Bonnet|0 fnt\n|faint|p1a: Brute Bonnet\n|-end|p1a: Brute Bonnet|Protosynthesis|[silent]\n|\n|-weather|SunnyDay|[upkeep]\n|upkeep\n|\n|t:|1733859510\n|switch|p1a: Iron Jugulis|Iron Jugulis, L78|275/275\n|turn|3\n|\n|t:|1733859513\n|move|p1a: Iron Jugulis|Meteor Beam||[still]\n|-prepare|p1a: Iron Jugulis|Meteor Beam\n|-boost|p1a: Iron Jugulis|spa|1\n|-enditem|p1a: Iron Jugulis|Power Herb\n|-anim|p1a: Iron Jugulis|Meteor Beam|p2a: Torkoal\n|-supereffective|p2a: Torkoal\n|-damage|p2a: Torkoal|0 fnt\n|faint|p2a: Torkoal\n|\n|-weather|SunnyDay|[upkeep]\n|upkeep\n|\n|t:|1733859533\n|switch|p2a: Greedent|Greedent, L86, F|347/347\n|turn|4\n|\n|t:|1733859563\n|move|p1a: Iron Jugulis|Dark Pulse|p2a: Greedent\n|-damage|p2a: Greedent|188/347\n|move|p2a: Greedent|Swords Dance|p2a: Greedent\n|-boost|p2a: Greedent|atk|2\n|\n|-weather|SunnyDay|[upkeep]\n|upkeep\n|turn|5\n|inactive|dshinmaster has 120 seconds left.\n|\n|t:|1733859595\n|-terastallize|p1a: Iron Jugulis|Dark\n|move|p1a: Iron Jugulis|Dark Pulse|p2a: Greedent\n|-damage|p2a: Greedent|0 fnt\n|faint|p2a: Greedent\n|\n|-weather|none\n|upkeep\n|inactive|dshinmaster has 120 seconds left.\n|\n|t:|1733859603\n|switch|p2a: Hitmontop|Hitmontop, L88, M|231/231\n|turn|6\n|\n|t:|1733859610\n|move|p1a: Iron Jugulis|Hurricane|p2a: Hitmontop\n|-supereffective|p2a: Hitmontop\n|-damage|p2a: Hitmontop|0 fnt\n|faint|p2a: Hitmontop\n|\n|upkeep\n|\n|t:|1733859617\n|switch|p2a: Veluza|Veluza, L85, M|292/292\n|turn|7\n|\n|t:|1733859623\n|-terastallize|p2a: Veluza|Dark\n|move|p1a: Iron Jugulis|Hurricane|p2a: Veluza|[miss]\n|-miss|p1a: Iron Jugulis|p2a: Veluza\n|move|p2a: Veluza|Fillet Away|p2a: Veluza\n|-boost|p2a: Veluza|atk|2\n|-boost|p2a: Veluza|spa|2\n|-boost|p2a: Veluza|spe|2\n|-damage|p2a: Veluza|146/292\n|-enditem|p2a: Veluza|Sitrus Berry|[eat]\n|-heal|p2a: Veluza|219/292|[from] item: Sitrus Berry\n|\n|upkeep\n|turn|8\n|\n|t:|1733859628\n|move|p2a: Veluza|Aqua Cutter|p1a: Iron Jugulis\n|-damage|p1a: Iron Jugulis|1/275\n|move|p1a: Iron Jugulis|Hurricane|p2a: Veluza\n|-damage|p2a: Veluza|0 fnt\n|faint|p2a: Veluza\n|\n|upkeep\n|\n|t:|1733859634\n|switch|p2a: Alomomola|Alomomola, L87, M|429/429\n|turn|9\n|\n|t:|1733859637\n|move|p1a: Iron Jugulis|Dark Pulse|p2a: Alomomola\n|-damage|p2a: Alomomola|141/429\n|cant|p2a: Alomomola|flinch\n|\n|upkeep\n|turn|10\n|\n|t:|1733859641\n|move|p1a: Iron Jugulis|Dark Pulse|p2a: Alomomola\n|-damage|p2a: Alomomola|0 fnt\n|faint|p2a: Alomomola\n|\n|upkeep\n|c|\u2606dshinmaster|wow\n|\n|t:|1733859645\n|switch|p2a: Volcarona|Volcarona, L77, F|257/257\n|turn|11\n|\n|t:|1733859649\n|move|p1a: Iron Jugulis|Hurricane|p2a: Volcarona\n|-supereffective|p2a: Volcarona\n|-damage|p2a: Volcarona|0 fnt\n|faint|p2a: Volcarona\n|\n|win|Gatchimonaka\n|raw|Gatchimonaka's rating: 1692 &rarr; <strong>1714</strong><br />(+22 for winning)\n|raw|dshinmaster's rating: 1729 &rarr; <strong>1707</strong><br />(-22 for losing)\n|l|\u2606dshinmaster\n|player|p2|\n|c|\u2606Gatchimonaka|jugulus sweep\n", "inputlog": ">version bfd83cad13791eb5a5a409923076391caf6fb4d4\n>start {\"formatid\":\"gen9randombattle\",\"seed\":[26448,16645,467,52062],\"rated\":\"Rated battle\"}\n>player p1 {\"name\":\"Gatchimonaka\",\"avatar\":\"#gatchimonaka\",\"rating\":1692,\"seed\":[46084,35272,49209,18720]}\n>player p2 {\"name\":\"dshinmaster\",\"avatar\":\"ltsurge\",\"rating\":1729,\"seed\":[55362,52196,51636,63745]}\n>p1 move spore\n>p2 move lavaplume\n>p1 move closecombat\n>p2 move lavaplume\n>p1 switch 5\n>p1 move meteorbeam\n>p2 move yawn\n>p2 switch 5\n>p1 move darkpulse\n>p2 move swordsdance\n>p1 move darkpulse terastallize\n>p2 move doubleedge\n>p2 switch 6\n>p1 move hurricane\n>p2 move closecombat\n>p2 switch 3\n>p1 move hurricane\n>p2 move filletaway terastallize\n>p1 move hurricane\n>p2 move aquacutter\n>p2 switch 4\n>p1 move darkpulse\n>p2 move flipturn\n>p1 move darkpulse\n>p2 move flipturn\n>chat \u2606dshinmaster|wow\n>p2 switch 2\n>p1 move hurricane\n>p2 move quiverdance", "uploadtime": 1733859658, "views": 1, "formatid": "gen9randombattle", "rating": 1707, "private": 0, "password": null}