{"id": "gen9randombattle-2132185373", "format": "[Gen 9] Random Battle", "players": ["100taka", "Get fuber knucked"], "log": "|badge|p2|bronze|gen9randombattle|100-1\n|html|<div class=\"broadcast-red\"><strong>This battle is required to be public due to one or more player having a season medal.</strong><br />During the public phase, you can discuss the state of the ladder <a href=\"/seasondiscussion\">in a special chatroom.</a></div>\n|uhtml|medal-msg|<div class=\"broadcast-blue\">Curious what those medals under the avatar are? PS now has Ladder Seasons! For more information, check out the <a href=\"https://www.smogon.com/forums/threads/3740067/\">thread on Smogon.</a></div>\n|raw|<div class=\"broadcast-blue\"><strong>This battle is required to be public due to a player having a name starting with 'medal'.</div>\n|j|\u203d100taka\n|j|\u2606Get fuber knucked\n|t:|1716907863\n|gametype|singles\n|player|p1|100taka|169|2214\n|player|p2|Get fuber knucked|cynthia-gen4|2293\n|teamsize|p1|6\n|teamsize|p2|6\n|gen|9\n|tier|[Gen 9] Random Battle\n|rated|\n|rule|Species Clause: Limit one of each Pok\u00e9mon\n|rule|HP Percentage Mod: HP is shown in percentages\n|rule|Sleep Clause Mod: Limit one foe put to sleep\n|rule|Illusion Level Mod: Illusion disguises the Pok\u00e9mon's true level\n|\n|t:|1716907863\n|start\n|switch|p1a: Clodsire|Clodsire, L81, M|343/343\n|switch|p2a: Glalie|Glalie, L96, F|309/309\n|turn|1\n|\n|t:|1716907876\n|move|p2a: Glalie|Earthquake|p1a: Clodsire\n|-supereffective|p1a: Clodsire\n|-damage|p1a: Clodsire|131/343\n|move|p1a: Clodsire|Curse|p1a: Clodsire\n|-unboost|p1a: Clodsire|spe|1\n|-boost|p1a: Clodsire|atk|1\n|-boost|p1a: Clodsire|def|1\n|\n|-heal|p1a: Clodsire|152/343|[from] item: Leftovers\n|upkeep\n|turn|2\n|j| Limelames\n|inactive|Battle timer is ON: inactive players will automatically lose when time's up. (requested by Get fuber knucked)\n|\n|t:|1716907893\n|move|p2a: Glalie|Freeze-Dry|p1a: Clodsire\n|-supereffective|p1a: Clodsire\n|-damage|p1a: Clodsire|0 fnt\n|faint|p1a: Clodsire\n|\n|upkeep\n|\n|t:|1716907899\n|switch|p1a: Ambipom|Ambipom, L84, M|263/263\n|turn|3\n|\n|t:|1716907908\n|move|p1a: Ambipom|Fake Out|p2a: Glalie\n|-damage|p2a: Glalie|231/309\n|move|p2a: Glalie|Freeze-Dry|p1a: Ambipom\n|-damage|p1a: Ambipom|160/263\n|\n|upkeep\n|turn|4\n|\n|t:|1716907917\n|move|p1a: Ambipom|Low Kick|p2a: Glalie\n|-supereffective|p2a: Glalie\n|-damage|p2a: Glalie|61/309\n|move|p2a: Glalie|Freeze-Dry|p1a: Ambipom\n|-damage|p1a: Ambipom|49/263\n|\n|upkeep\n|turn|5\n|\n|t:|1716907922\n|move|p1a: Ambipom|Knock Off|p2a: Glalie\n|-damage|p2a: Glalie|0 fnt\n|-enditem|p2a: Glalie|Heavy-Duty Boots|[from] move: Knock Off|[of] p1a: Ambipom\n|faint|p2a: Glalie\n|\n|upkeep\n|\n|t:|1716907924\n|switch|p2a: Barraskewda|Barraskewda, L81, M|231/231\n|turn|6\n|\n|t:|1716907928\n|switch|p1a: Electrode|Electrode-Hisui, L87|246/246\n|move|p2a: Barraskewda|Flip Turn|p1a: Electrode\n|-resisted|p1a: Electrode\n|-damage|p1a: Electrode|187/246\n|\n|t:|1716907932\n|switch|p2a: Scovillain|Scovillain, L91, M|266/266|[from] Flip Turn\n|\n|-heal|p1a: Electrode|202/246|[from] item: Leftovers\n|upkeep\n|turn|7\n|\n|t:|1716907939\n|switch|p1a: Dragapult|Dragapult, L77, F|262/262\n|move|p2a: Scovillain|Sunny Day|p2a: Scovillain\n|-weather|SunnyDay\n|\n|-weather|SunnyDay|[upkeep]\n|upkeep\n|turn|8\n|\n|t:|1716907946\n|move|p2a: Scovillain|Fire Blast|p1a: Dragapult\n|-resisted|p1a: Dragapult\n|-damage|p1a: Dragapult|118/262\n|-status|p1a: Dragapult|brn\n|move|p1a: Dragapult|Fire Blast|p2a: Scovillain\n|-damage|p2a: Scovillain|83/266\n|\n|-weather|SunnyDay|[upkeep]\n|-damage|p1a: Dragapult|102/262 brn|[from] brn\n|upkeep\n|turn|9\n|\n|t:|1716907955\n|move|p2a: Scovillain|Fire Blast|p1a: Dragapult\n|-resisted|p1a: Dragapult\n|-damage|p1a: Dragapult|0 fnt\n|faint|p1a: Dragapult\n|\n|-weather|SunnyDay|[upkeep]\n|upkeep\n|\n|t:|1716907957\n|switch|p1a: Ambipom|Ambipom, L84, M|49/263\n|turn|10\n|\n|t:|1716907962\n|-terastallize|p1a: Ambipom|Normal\n|move|p1a: Ambipom|Fake Out|p2a: Scovillain\n|-damage|p2a: Scovillain|0 fnt\n|faint|p2a: Scovillain\n|\n|-weather|SunnyDay|[upkeep]\n|upkeep\n|\n|t:|1716907965\n|switch|p2a: Barraskewda|Barraskewda, L81, M|231/231\n|turn|11\n|\n|t:|1716907968\n|switch|p1a: Electrode|Electrode-Hisui, L87|202/246\n|move|p2a: Barraskewda|Flip Turn|p1a: Electrode\n|-resisted|p1a: Electrode\n|-damage|p1a: Electrode|170/246\n|\n|t:|1716907973\n|switch|p2a: Torterra|Torterra, L78, F|276/276|[from] Flip Turn\n|\n|-weather|none\n|-heal|p1a: Electrode|185/246|[from] item: Leftovers\n|upkeep\n|turn|12\n|\n|t:|1716907982\n|move|p1a: Electrode|Giga Drain|p2a: Torterra\n|-damage|p2a: Torterra|201/276\n|-heal|p1a: Electrode|223/246|[from] drain|[of] p2a: Torterra\n|move|p2a: Torterra|Bullet Seed|p1a: Electrode\n|-resisted|p1a: Electrode\n|-damage|p1a: Electrode|209/246\n|-resisted|p1a: Electrode\n|-damage|p1a: Electrode|195/246\n|-resisted|p1a: Electrode\n|-damage|p1a: Electrode|180/246\n|-resisted|p1a: Electrode\n|-damage|p1a: Electrode|165/246\n|-hitcount|p1a: Electrode|4\n|\n|-heal|p1a: Electrode|180/246|[from] item: Leftovers\n|upkeep\n|turn|13\n|\n|t:|1716907988\n|move|p1a: Electrode|Giga Drain|p2a: Torterra\n|-damage|p2a: Torterra|116/276\n|-heal|p1a: Electrode|223/246|[from] drain|[of] p2a: Torterra\n|move|p2a: Torterra|Shell Smash|p2a: Torterra\n|-unboost|p2a: Torterra|def|1\n|-unboost|p2a: Torterra|spd|1\n|-boost|p2a: Torterra|atk|2\n|-boost|p2a: Torterra|spa|2\n|-boost|p2a: Torterra|spe|2\n|\n|-heal|p1a: Electrode|238/246|[from] item: Leftovers\n|upkeep\n|turn|14\n|\n|t:|1716907992\n|move|p1a: Electrode|Giga Drain|p2a: Torterra\n|-damage|p2a: Torterra|0 fnt\n|-heal|p1a: Electrode|246/246|[from] drain|[of] p2a: Torterra\n|faint|p2a: Torterra\n|\n|upkeep\n|\n|t:|1716907996\n|switch|p2a: Golduck|Golduck, L90, M|290/290\n|-ability|p2a: Golduck|Cloud Nine\n|turn|15\n|\n|t:|1716908004\n|switch|p1a: Dedenne|Dedenne, L88, M|261/261\n|move|p2a: Golduck|Psyshock|p1a: Dedenne\n|-damage|p1a: Dedenne|176/261\n|\n|upkeep\n|turn|16\n|\n|t:|1716908014\n|move|p1a: Dedenne|Thunderbolt|p2a: Golduck\n|-supereffective|p2a: Golduck\n|-damage|p2a: Golduck|98/290\n|move|p2a: Golduck|Hydro Pump|p1a: Dedenne\n|-damage|p1a: Dedenne|34/261\n|-enditem|p1a: Dedenne|Sitrus Berry|[eat]\n|-heal|p1a: Dedenne|99/261|[from] item: Sitrus Berry\n|-heal|p1a: Dedenne|186/261|[from] ability: Cheek Pouch\n|\n|-heal|p2a: Golduck|116/290|[from] item: Leftovers\n|upkeep\n|turn|17\n|\n|t:|1716908018\n|move|p1a: Dedenne|Thunderbolt|p2a: Golduck\n|-supereffective|p2a: Golduck\n|-damage|p2a: Golduck|0 fnt\n|faint|p2a: Golduck\n|\n|upkeep\n|\n|t:|1716908019\n|switch|p2a: Sandslash|Sandslash, L88, F|275/275\n|turn|18\n|\n|t:|1716908024\n|move|p1a: Dedenne|U-turn|p2a: Sandslash\n|-damage|p2a: Sandslash|245/275\n|\n|t:|1716908025\n|switch|p1a: Electrode|Electrode-Hisui, L87|246/246|[from] U-turn\n|move|p2a: Sandslash|Rapid Spin|p1a: Electrode\n|-damage|p1a: Electrode|196/246\n|-boost|p2a: Sandslash|spe|1\n|\n|-heal|p1a: Electrode|211/246|[from] item: Leftovers\n|upkeep\n|turn|19\n|\n|t:|1716908036\n|move|p1a: Electrode|Giga Drain|p2a: Sandslash\n|-supereffective|p2a: Sandslash\n|-damage|p2a: Sandslash|111/275\n|-heal|p1a: Electrode|246/246|[from] drain|[of] p2a: Sandslash\n|move|p2a: Sandslash|Earthquake|p1a: Electrode\n|-damage|p1a: Electrode|105/246\n|\n|-heal|p1a: Electrode|120/246|[from] item: Leftovers\n|upkeep\n|turn|20\n|\n|t:|1716908052\n|move|p1a: Electrode|Giga Drain|p2a: Sandslash\n|-supereffective|p2a: Sandslash\n|-damage|p2a: Sandslash|0 fnt\n|-heal|p1a: Electrode|176/246|[from] drain|[of] p2a: Sandslash\n|faint|p2a: Sandslash\n|\n|-heal|p1a: Electrode|191/246|[from] item: Leftovers\n|upkeep\n|\n|t:|1716908053\n|switch|p2a: Barraskewda|Barraskewda, L81, M|231/231\n|turn|21\n|\n|t:|1716908071\n|-terastallize|p2a: Barraskewda|Fighting\n|move|p1a: Electrode|Giga Drain|p2a: Barraskewda\n|-damage|p2a: Barraskewda|126/231\n|-heal|p1a: Electrode|244/246|[from] drain|[of] p2a: Barraskewda\n|move|p2a: Barraskewda|Poison Jab|p1a: Electrode\n|-supereffective|p1a: Electrode\n|-damage|p1a: Electrode|40/246\n|\n|-heal|p1a: Electrode|55/246|[from] item: Leftovers\n|upkeep\n|turn|22\n|-message|Get fuber knucked forfeited.\n|\n|win|100taka\n|raw|100taka's rating: 2214 &rarr; <strong>2238</strong><br />(+24 for winning)\n|raw|Get fuber knucked's rating: 2293 &rarr; <strong>2269</strong><br />(-24 for losing)\n|l|\u2606Get fuber knucked\n|player|p2|\n", "inputlog": ">version 7158ead19aeac8750849df2840eabb6dbec77df6\n>start {\"formatid\":\"gen9randombattle\",\"seed\":[52277,2928,61504,33494],\"rated\":\"Rated battle\"}\n>player p1 {\"name\":\"100taka\",\"avatar\":\"169\",\"rating\":2214,\"seed\":[60061,56217,28426,12857]}\n>player p2 {\"name\":\"Get fuber knucked\",\"avatar\":\"cynthia-gen4\",\"rating\":2293,\"seed\":[21601,39812,30050,38212]}\n>p1 move curse\n>p2 move earthquake\n>p1 move recover\n>p2 move freezedry\n>p1 switch 6\n>p1 move fakeout\n>p2 move freezedry\n>p1 move lowkick\n>p2 move freezedry\n>p1 move knockoff\n>p2 move freezedry\n>p2 switch 6\n>p1 switch 4\n>p2 move flipturn\n>p2 switch 2\n>p1 switch 2\n>p2 move sunnyday\n>p1 move fireblast\n>p2 move fireblast\n>p1 move fireblast\n>p2 move fireblast\n>p1 switch 4\n>p1 move fakeout terastallize\n>p2 move energyball\n>p2 switch 2\n>p1 switch 2\n>p2 move flipturn\n>p2 switch 5\n>p1 move gigadrain\n>p2 move bulletseed\n>p1 move gigadrain\n>p2 move shellsmash\n>p1 move gigadrain\n>p2 move bulletseed\n>p2 switch 4\n>p1 switch 5\n>p2 move psyshock\n>p1 move thunderbolt\n>p2 move hydropump\n>p1 move thunderbolt\n>p2 move hydropump\n>p2 switch 3\n>p1 move uturn\n>p2 move rapidspin\n>p1 switch 5\n>p1 move gigadrain\n>p2 move earthquake\n>p1 move gigadrain\n>p2 move earthquake\n>p2 switch 5\n>p1 move gigadrain\n>p2 move poisonjab terastallize\n>forcelose p2", "uploadtime": 1716908114, "views": 203, "formatid": "gen9randombattle", "rating": 2238, "private": 0, "password": null}