{"id": "gen9randombattle-2119722061", "format": "[Gen 9] Random Battle", "players": ["Teres bahji", "pokeblade\u2606101"], "log": "|badge|p1|bronze|gen9randombattle|100-1\n|uhtml|medal-msg|<div class=\"broadcast-blue\">Curious what those medals under the avatar are? PS now has Ladder Seasons! For more information, check out the <a href=\"https://www.smogon.com/forums/threads/3740067/\">thread on Smogon.</a></div>\n|badge|p2|silver|gen9randombattle|30-1\n|uhtml|medal-msg|<div class=\"broadcast-blue\">Curious what those medals under the avatar are? PS now has Ladder Seasons! For more information, check out the <a href=\"https://www.smogon.com/forums/threads/3740067/\">thread on Smogon.</a></div>\n|j|\u2606Teres bahji\n|j|\u2606pokeblade\u2606101\n|t:|1715091934\n|gametype|singles\n|player|p1|Teres bahji|#rbtt7teamrayquazaf|2353\n|player|p2|pokeblade\u2606101|#rbtt7teamchiyu|2467\n|teamsize|p1|6\n|teamsize|p2|6\n|gen|9\n|tier|[Gen 9] Random Battle\n|rated|\n|rule|Species Clause: Limit one of each Pok\u00e9mon\n|rule|HP Percentage Mod: HP is shown in percentages\n|rule|Sleep Clause Mod: Limit one foe put to sleep\n|rule|Illusion Level Mod: Illusion disguises the Pok\u00e9mon's true level\n|\n|t:|1715091934\n|start\n|switch|p1a: Frosmoth|Frosmoth, L82, M|249/249\n|switch|p2a: Alcremie|Alcremie-Matcha-Cream, L90, F|263/263\n|turn|1\n|inactive|Battle timer is ON: inactive players will automatically lose when time's up. (requested by Teres bahji)\n|\n|t:|1715091947\n|switch|p1a: Wyrdeer|Wyrdeer, L87, F|321/321\n|-ability|p1a: Wyrdeer|Intimidate|boost\n|-unboost|p2a: Alcremie|atk|1\n|move|p2a: Alcremie|Calm Mind|p2a: Alcremie\n|-boost|p2a: Alcremie|spa|1\n|-boost|p2a: Alcremie|spd|1\n|\n|upkeep\n|turn|2\n|\n|t:|1715091960\n|move|p2a: Alcremie|Alluring Voice|p1a: Wyrdeer\n|-damage|p1a: Wyrdeer|144/321\n|move|p1a: Wyrdeer|Thunder Wave|p2a: Alcremie\n|-status|p2a: Alcremie|par\n|\n|-heal|p1a: Wyrdeer|164/321|[from] item: Leftovers\n|upkeep\n|turn|3\n|\n|t:|1715091968\n|move|p1a: Wyrdeer|Body Slam|p2a: Alcremie\n|-damage|p2a: Alcremie|152/263 par\n|move|p2a: Alcremie|Alluring Voice|p1a: Wyrdeer\n|-damage|p1a: Wyrdeer|0 fnt\n|faint|p1a: Wyrdeer\n|\n|-heal|p2a: Alcremie|168/263 par|[from] item: Leftovers\n|upkeep\n|\n|t:|1715091973\n|switch|p1a: Honchkrow|Honchkrow, L86, F|312/312\n|turn|4\n|\n|t:|1715091984\n|move|p1a: Honchkrow|Brave Bird|p2a: Alcremie\n|-damage|p2a: Alcremie|0 fnt\n|faint|p2a: Alcremie\n|-ability|p1a: Honchkrow|Moxie|boost\n|-boost|p1a: Honchkrow|atk|1\n|-damage|p1a: Honchkrow|257/312|[from] Recoil\n|\n|upkeep\n|\n|t:|1715091987\n|switch|p2a: Mabosstiff|Mabosstiff, L86, F|278/278\n|turn|5\n|\n|t:|1715091995\n|move|p2a: Mabosstiff|Retaliate|p1a: Honchkrow\n|-damage|p1a: Honchkrow|3/312\n|move|p1a: Honchkrow|U-turn|p2a: Mabosstiff\n|-supereffective|p2a: Mabosstiff\n|-damage|p2a: Mabosstiff|106/278\n|\n|t:|1715092003\n|switch|p1a: Frosmoth|Frosmoth, L82, M|249/249|[from] U-turn\n|\n|upkeep\n|turn|6\n|\n|t:|1715092007\n|switch|p2a: Gurdurr|Gurdurr, L85, M|283/283\n|move|p1a: Frosmoth|Quiver Dance|p1a: Frosmoth\n|-boost|p1a: Frosmoth|spa|1\n|-boost|p1a: Frosmoth|spd|1\n|-boost|p1a: Frosmoth|spe|1\n|\n|upkeep\n|turn|7\n|\n|t:|1715092010\n|move|p1a: Frosmoth|Ice Beam|p2a: Gurdurr\n|-damage|p2a: Gurdurr|124/283\n|move|p2a: Gurdurr|Drain Punch|p1a: Frosmoth\n|-damage|p1a: Frosmoth|141/249\n|-heal|p2a: Gurdurr|178/283|[from] drain|[of] p1a: Frosmoth\n|\n|upkeep\n|turn|8\n|\n|t:|1715092015\n|move|p1a: Frosmoth|Ice Beam|p2a: Gurdurr\n|-damage|p2a: Gurdurr|12/283\n|-status|p2a: Gurdurr|frz\n|-curestatus|p2a: Gurdurr|frz|[msg]\n|move|p2a: Gurdurr|Drain Punch|p1a: Frosmoth\n|-damage|p1a: Frosmoth|32/249\n|-heal|p2a: Gurdurr|67/283|[from] drain|[of] p1a: Frosmoth\n|\n|upkeep\n|turn|9\n|\n|t:|1715092019\n|switch|p1a: Heracross|Heracross, L80, F|259/259\n|move|p2a: Gurdurr|Mach Punch|p1a: Heracross\n|-resisted|p1a: Heracross\n|-damage|p1a: Heracross|229/259\n|\n|upkeep\n|turn|10\n|\n|t:|1715092025\n|move|p2a: Gurdurr|Mach Punch|p1a: Heracross\n|-resisted|p1a: Heracross\n|-damage|p1a: Heracross|201/259\n|move|p1a: Heracross|Close Combat|p2a: Gurdurr\n|-damage|p2a: Gurdurr|0 fnt\n|-unboost|p1a: Heracross|def|1\n|-unboost|p1a: Heracross|spd|1\n|faint|p2a: Gurdurr\n|-ability|p1a: Heracross|Moxie|boost\n|-boost|p1a: Heracross|atk|1\n|\n|upkeep\n|\n|t:|1715092028\n|switch|p2a: Ninetales|Ninetales, L85, F|263/263\n|-weather|SunnyDay|[from] ability: Drought|[of] p2a: Ninetales\n|turn|11\n|\n|t:|1715092032\n|switch|p1a: Frosmoth|Frosmoth, L82, M|32/249\n|move|p2a: Ninetales|Fire Blast|p1a: Frosmoth|[miss]\n|-miss|p2a: Ninetales|p1a: Frosmoth\n|\n|-weather|SunnyDay|[upkeep]\n|upkeep\n|turn|12\n|\n|t:|1715092037\n|move|p2a: Ninetales|Fire Blast|p1a: Frosmoth\n|-supereffective|p1a: Frosmoth\n|-damage|p1a: Frosmoth|0 fnt\n|faint|p1a: Frosmoth\n|\n|-weather|SunnyDay|[upkeep]\n|upkeep\n|\n|t:|1715092038\n|switch|p1a: Tauros|Tauros, L82, M|257/257\n|turn|13\n|\n|t:|1715092044\n|move|p1a: Tauros|Body Slam|p2a: Ninetales\n|-damage|p2a: Ninetales|110/263\n|move|p2a: Ninetales|Fire Blast|p1a: Tauros\n|-damage|p1a: Tauros|58/257\n|\n|-weather|SunnyDay|[upkeep]\n|upkeep\n|turn|14\n|\n|t:|1715092050\n|switch|p2a: Mabosstiff|Mabosstiff, L86, F|106/278\n|move|p1a: Tauros|Body Slam|p2a: Mabosstiff\n|-damage|p2a: Mabosstiff|0 fnt\n|faint|p2a: Mabosstiff\n|\n|-weather|SunnyDay|[upkeep]\n|upkeep\n|\n|t:|1715092053\n|switch|p2a: Ogerpon|Ogerpon, L80, F|259/259\n|turn|15\n|\n|t:|1715092057\n|move|p1a: Tauros|Body Slam|p2a: Ogerpon\n|-damage|p2a: Ogerpon|107/259\n|move|p2a: Ogerpon|Knock Off|p1a: Tauros\n|-damage|p1a: Tauros|0 fnt\n|-enditem|p1a: Tauros|Life Orb|[from] move: Knock Off|[of] p2a: Ogerpon\n|faint|p1a: Tauros\n|-damage|p2a: Ogerpon|82/259|[from] item: Life Orb\n|\n|-weather|none\n|upkeep\n|\n|t:|1715092064\n|switch|p1a: Deoxys|Deoxys-Attack, L72|191/191\n|-ability|p1a: Deoxys|Pressure\n|turn|16\n|\n|t:|1715092088\n|switch|p2a: Ninetales|Ninetales, L85, F|110/263\n|-weather|SunnyDay|[from] ability: Drought|[of] p2a: Ninetales\n|move|p1a: Deoxys|Extreme Speed|p2a: Ninetales\n|-damage|p2a: Ninetales|3/263\n|-damage|p1a: Deoxys|172/191|[from] item: Life Orb\n|\n|-weather|SunnyDay|[upkeep]\n|upkeep\n|turn|17\n|\n|t:|1715092093\n|move|p1a: Deoxys|Knock Off|p2a: Ninetales\n|-damage|p2a: Ninetales|0 fnt\n|-enditem|p2a: Ninetales|Heavy-Duty Boots|[from] move: Knock Off|[of] p1a: Deoxys\n|faint|p2a: Ninetales\n|-damage|p1a: Deoxys|153/191|[from] item: Life Orb\n|\n|-weather|SunnyDay|[upkeep]\n|upkeep\n|\n|t:|1715092095\n|switch|p2a: Girafarig|Girafarig, L89, F|269/269\n|turn|18\n|\n|t:|1715092108\n|switch|p1a: Honchkrow|Honchkrow, L86, F|3/312\n|move|p2a: Girafarig|Hyper Voice|p1a: Honchkrow\n|-damage|p1a: Honchkrow|0 fnt\n|faint|p1a: Honchkrow\n|\n|-weather|SunnyDay|[upkeep]\n|upkeep\n|\n|t:|1715092109\n|switch|p1a: Heracross|Heracross, L80, F|201/259\n|turn|19\n|j|+Aqua\n|\n|t:|1715092139\n|switch|p2a: Ogerpon|Ogerpon, L80, F|82/259\n|-terastallize|p1a: Heracross|Rock\n|move|p1a: Heracross|Megahorn|p2a: Ogerpon\n|-supereffective|p2a: Ogerpon\n|-damage|p2a: Ogerpon|0 fnt\n|faint|p2a: Ogerpon\n|-ability|p1a: Heracross|Moxie|boost\n|-boost|p1a: Heracross|atk|1\n|\n|-weather|SunnyDay|[upkeep]\n|upkeep\n|\n|t:|1715092144\n|switch|p2a: Girafarig|Girafarig, L89, F|269/269\n|turn|20\n|\n|t:|1715092146\n|move|p2a: Girafarig|Psyshock|p1a: Heracross\n|-crit|p1a: Heracross\n|-damage|p1a: Heracross|36/259\n|move|p1a: Heracross|Megahorn|p2a: Girafarig\n|-supereffective|p2a: Girafarig\n|-damage|p2a: Girafarig|0 fnt\n|faint|p2a: Girafarig\n|\n|win|Teres bahji\n|raw|Teres bahji's rating: 2353 &rarr; <strong>2379</strong><br />(+26 for winning)\n|raw|pokeblade\u2606101's rating: 2467 &rarr; <strong>2441</strong><br />(-26 for losing)\n|l|\u2606pokeblade\u2606101\n|player|p2|\n", "inputlog": ">version 2cc90ceb603322b9c7a55380fd27efd5fc357af5\n>start {\"formatid\":\"gen9randombattle\",\"seed\":[13949,40510,30380,51607],\"rated\":\"Rated battle\"}\n>player p1 {\"name\":\"Teres bahji\",\"avatar\":\"#rbtt7teamrayquazaf\",\"rating\":2353,\"seed\":[21124,46431,19631,63970]}\n>player p2 {\"name\":\"pokeblade\u2606101\",\"avatar\":\"#rbtt7teamchiyu\",\"rating\":2467,\"seed\":[4029,30353,7362,64543]}\n>p1 switch 3\n>p2 move calmmind\n>p1 move thunderwave\n>p2 move alluringvoice\n>p1 move bodyslam\n>p2 move alluringvoice\n>p1 switch 2\n>p1 move bravebird\n>p2 move alluringvoice\n>p2 switch 4\n>p1 move uturn\n>p2 move retaliate\n>p1 switch 3\n>p1 move quiverdance\n>p2 switch 3\n>p1 move icebeam\n>p2 move drainpunch\n>p1 move icebeam\n>p2 move drainpunch\n>p1 switch 6\n>p2 move machpunch\n>p1 move closecombat\n>p2 move machpunch\n>p2 switch 5\n>p1 switch 6\n>p2 move fireblast\n>p1 move icebeam\n>p2 move fireblast\n>p1 switch 4\n>p1 move bodyslam\n>p2 move fireblast\n>p1 move bodyslam\n>p2 switch 3\n>p2 switch 6\n>p1 move bodyslam\n>p2 move knockoff\n>p1 switch 5\n>p1 move extremespeed\n>p2 switch 3\n>p1 move knockoff\n>p2 move fireblast\n>p2 switch 2\n>p1 switch 3\n>p2 move hypervoice\n>p1 switch 6\n>p1 move megahorn terastallize\n>p2 switch 3\n>p2 switch 3\n>p1 move megahorn\n>p2 move psyshock", "uploadtime": 1715092152, "views": 227, "formatid": "gen9randombattle", "rating": 2379, "private": 0, "password": null}