{"id": "gen9randombattle-2260000746", "format": "[Gen 9] Random Battle", "players": ["treuz", "NIKITO BONITO"], "log": "|j|\u2606treuz\n|j|\u2606NIKITO BONITO\n|t:|1733789542\n|gametype|singles\n|player|p1|treuz|youngcouple-gen4dp|1469\n|player|p2|NIKITO BONITO|1|1428\n|teamsize|p1|6\n|teamsize|p2|6\n|gen|9\n|tier|[Gen 9] Random Battle\n|rated|\n|rule|Species Clause: Limit one of each Pok\u00e9mon\n|rule|HP Percentage Mod: HP is shown in percentages\n|rule|Sleep Clause Mod: Limit one foe put to sleep\n|rule|Illusion Level Mod: Illusion disguises the Pok\u00e9mon's true level\n|\n|t:|1733789542\n|start\n|switch|p1a: Rhydon|Rhydon, L85, M|317/317\n|switch|p2a: Avalugg|Avalugg-Hisui, L90, F|317/317\n|turn|1\n|inactive|Battle timer is ON: inactive players will automatically lose when time's up. (requested by treuz)\n|\n|t:|1733789551\n|move|p2a: Avalugg|Body Press|p1a: Rhydon\n|-supereffective|p1a: Rhydon\n|-damage|p1a: Rhydon|209/317\n|move|p1a: Rhydon|Stealth Rock|p2a: Avalugg\n|-sidestart|p2: NIKITO BONITO|move: Stealth Rock\n|\n|upkeep\n|turn|2\n|\n|t:|1733789561\n|move|p1a: Rhydon|Earthquake|p2a: Avalugg\n|-supereffective|p2a: Avalugg\n|-damage|p2a: Avalugg|173/317\n|move|p2a: Avalugg|Avalanche|p1a: Rhydon\n|-supereffective|p1a: Rhydon\n|-damage|p1a: Rhydon|15/317\n|\n|upkeep\n|turn|3\n|\n|t:|1733789567\n|move|p2a: Avalugg|Body Press|p1a: Rhydon\n|-supereffective|p1a: Rhydon\n|-damage|p1a: Rhydon|0 fnt\n|faint|p1a: Rhydon\n|\n|upkeep\n|\n|t:|1733789572\n|switch|p1a: Volcanion|Volcanion, L79|256/256\n|turn|4\n|\n|t:|1733789576\n|move|p1a: Volcanion|Steam Eruption|p2a: Avalugg\n|-supereffective|p2a: Avalugg\n|-damage|p2a: Avalugg|0 fnt\n|faint|p2a: Avalugg\n|\n|upkeep\n|\n|t:|1733789586\n|switch|p2a: Porygon2|Porygon2, L82|274/274\n|-damage|p2a: Porygon2|240/274|[from] Stealth Rock\n|-ability|p2a: Porygon2|Download|boost\n|-boost|p2a: Porygon2|spa|1\n|turn|5\n|\n|t:|1733789614\n|move|p1a: Volcanion|Steam Eruption|p2a: Porygon2\n|-damage|p2a: Porygon2|153/274\n|-status|p2a: Porygon2|brn\n|move|p2a: Porygon2|Discharge|p1a: Volcanion\n|-supereffective|p1a: Volcanion\n|-damage|p1a: Volcanion|76/256\n|\n|-damage|p2a: Porygon2|136/274 brn|[from] brn\n|upkeep\n|turn|6\n|\n|t:|1733789623\n|switch|p1a: Slither Wing|Slither Wing, L81|270/270\n|move|p2a: Porygon2|Tri Attack|p1a: Slither Wing\n|-damage|p1a: Slither Wing|161/270\n|\n|-damage|p2a: Porygon2|119/274 brn|[from] brn\n|upkeep\n|turn|7\n|\n|t:|1733789634\n|move|p1a: Slither Wing|Close Combat|p2a: Porygon2\n|-supereffective|p2a: Porygon2\n|-crit|p2a: Porygon2\n|-damage|p2a: Porygon2|0 fnt\n|-unboost|p1a: Slither Wing|def|1\n|-unboost|p1a: Slither Wing|spd|1\n|faint|p2a: Porygon2\n|\n|upkeep\n|\n|t:|1733789639\n|switch|p2a: Florges|Florges-White, L85, F|271/271\n|-damage|p2a: Florges|238/271|[from] Stealth Rock\n|turn|8\n|\n|t:|1733789656\n|move|p1a: Slither Wing|U-turn|p2a: Florges\n|-resisted|p2a: Florges\n|-damage|p2a: Florges|184/271\n|\n|t:|1733789658\n|-end|p1a: Slither Wing|Protosynthesis|[silent]\n|switch|p1a: Whimsicott|Whimsicott, L85, M|241/241|[from] U-turn\n|move|p2a: Florges|Calm Mind|p2a: Florges\n|-boost|p2a: Florges|spa|1\n|-boost|p2a: Florges|spd|1\n|\n|-heal|p2a: Florges|200/271|[from] item: Leftovers\n|upkeep\n|turn|9\n|\n|t:|1733789662\n|move|p1a: Whimsicott|Encore|p2a: Florges\n|-start|p2a: Florges|Encore\n|move|p2a: Florges|Calm Mind|p2a: Florges\n|-boost|p2a: Florges|spa|1\n|-boost|p2a: Florges|spd|1\n|\n|-heal|p2a: Florges|216/271|[from] item: Leftovers\n|upkeep\n|turn|10\n|\n|t:|1733789665\n|move|p1a: Whimsicott|Leech Seed|p2a: Florges|[miss]\n|-miss|p1a: Whimsicott|p2a: Florges\n|move|p2a: Florges|Calm Mind|p2a: Florges\n|-boost|p2a: Florges|spa|1\n|-boost|p2a: Florges|spd|1\n|\n|-heal|p2a: Florges|232/271|[from] item: Leftovers\n|upkeep\n|turn|11\n|\n|t:|1733789668\n|move|p1a: Whimsicott|Leech Seed|p2a: Florges\n|-start|p2a: Florges|move: Leech Seed\n|move|p2a: Florges|Calm Mind|p2a: Florges\n|-boost|p2a: Florges|spa|1\n|-boost|p2a: Florges|spd|1\n|\n|-heal|p2a: Florges|248/271|[from] item: Leftovers\n|-damage|p2a: Florges|215/271|[from] Leech Seed|[of] p1a: Whimsicott\n|-end|p2a: Florges|Encore\n|upkeep\n|turn|12\n|\n|t:|1733789673\n|move|p1a: Whimsicott|Encore|p2a: Florges\n|-start|p2a: Florges|Encore\n|move|p2a: Florges|Calm Mind|p2a: Florges\n|-boost|p2a: Florges|spa|1\n|-boost|p2a: Florges|spd|1\n|\n|-heal|p2a: Florges|231/271|[from] item: Leftovers\n|-damage|p2a: Florges|198/271|[from] Leech Seed|[of] p1a: Whimsicott\n|upkeep\n|turn|13\n|\n|t:|1733789677\n|switch|p2a: Azumarill|Azumarill, L82, F|298/298\n|-damage|p2a: Azumarill|261/298|[from] Stealth Rock\n|move|p1a: Whimsicott|Substitute|p1a: Whimsicott\n|-start|p1a: Whimsicott|Substitute\n|-damage|p1a: Whimsicott|181/241\n|\n|-heal|p1a: Whimsicott|196/241|[from] item: Leftovers\n|upkeep\n|turn|14\n|\n|t:|1733789681\n|move|p1a: Whimsicott|Leech Seed|p2a: Azumarill\n|-start|p2a: Azumarill|move: Leech Seed\n|move|p2a: Azumarill|Ice Spinner|p1a: Whimsicott\n|-supereffective|p1a: Whimsicott\n|-end|p1a: Whimsicott|Substitute\n|\n|-heal|p1a: Whimsicott|211/241|[from] item: Leftovers\n|-damage|p2a: Azumarill|224/298|[from] Leech Seed|[of] p1a: Whimsicott\n|-heal|p1a: Whimsicott|241/241|[silent]\n|upkeep\n|turn|15\n|\n|t:|1733789686\n|move|p1a: Whimsicott|Substitute|p1a: Whimsicott\n|-start|p1a: Whimsicott|Substitute\n|-damage|p1a: Whimsicott|181/241\n|move|p2a: Azumarill|Ice Spinner|p1a: Whimsicott\n|-supereffective|p1a: Whimsicott\n|-end|p1a: Whimsicott|Substitute\n|\n|-heal|p1a: Whimsicott|196/241|[from] item: Leftovers\n|-damage|p2a: Azumarill|187/298|[from] Leech Seed|[of] p1a: Whimsicott\n|-heal|p1a: Whimsicott|233/241|[silent]\n|upkeep\n|turn|16\n|\n|t:|1733789690\n|move|p1a: Whimsicott|Substitute|p1a: Whimsicott\n|-start|p1a: Whimsicott|Substitute\n|-damage|p1a: Whimsicott|173/241\n|move|p2a: Azumarill|Ice Spinner|p1a: Whimsicott\n|-supereffective|p1a: Whimsicott\n|-end|p1a: Whimsicott|Substitute\n|\n|-heal|p1a: Whimsicott|188/241|[from] item: Leftovers\n|-damage|p2a: Azumarill|150/298|[from] Leech Seed|[of] p1a: Whimsicott\n|-heal|p1a: Whimsicott|225/241|[silent]\n|upkeep\n|turn|17\n|\n|t:|1733789695\n|move|p1a: Whimsicott|Substitute|p1a: Whimsicott\n|-start|p1a: Whimsicott|Substitute\n|-damage|p1a: Whimsicott|165/241\n|move|p2a: Azumarill|Ice Spinner|p1a: Whimsicott\n|-supereffective|p1a: Whimsicott\n|-end|p1a: Whimsicott|Substitute\n|\n|-heal|p1a: Whimsicott|180/241|[from] item: Leftovers\n|-damage|p2a: Azumarill|113/298|[from] Leech Seed|[of] p1a: Whimsicott\n|-heal|p1a: Whimsicott|217/241|[silent]\n|upkeep\n|turn|18\n|\n|t:|1733789699\n|move|p1a: Whimsicott|Substitute|p1a: Whimsicott\n|-start|p1a: Whimsicott|Substitute\n|-damage|p1a: Whimsicott|157/241\n|move|p2a: Azumarill|Ice Spinner|p1a: Whimsicott\n|-supereffective|p1a: Whimsicott\n|-end|p1a: Whimsicott|Substitute\n|\n|-heal|p1a: Whimsicott|172/241|[from] item: Leftovers\n|-damage|p2a: Azumarill|76/298|[from] Leech Seed|[of] p1a: Whimsicott\n|-heal|p1a: Whimsicott|209/241|[silent]\n|upkeep\n|turn|19\n|\n|t:|1733789703\n|move|p1a: Whimsicott|Substitute|p1a: Whimsicott\n|-start|p1a: Whimsicott|Substitute\n|-damage|p1a: Whimsicott|149/241\n|move|p2a: Azumarill|Ice Spinner|p1a: Whimsicott\n|-supereffective|p1a: Whimsicott\n|-end|p1a: Whimsicott|Substitute\n|\n|-heal|p1a: Whimsicott|164/241|[from] item: Leftovers\n|-damage|p2a: Azumarill|39/298|[from] Leech Seed|[of] p1a: Whimsicott\n|-heal|p1a: Whimsicott|201/241|[silent]\n|upkeep\n|turn|20\n|\n|t:|1733789710\n|move|p1a: Whimsicott|Moonblast|p2a: Azumarill\n|-damage|p2a: Azumarill|0 fnt\n|faint|p2a: Azumarill\n|\n|-heal|p1a: Whimsicott|216/241|[from] item: Leftovers\n|upkeep\n|\n|t:|1733789715\n|switch|p2a: Florges|Florges-White, L85, F|198/271\n|-damage|p2a: Florges|165/271|[from] Stealth Rock\n|turn|21\n|\n|t:|1733789723\n|move|p1a: Whimsicott|Leech Seed|p2a: Florges\n|-start|p2a: Florges|move: Leech Seed\n|move|p2a: Florges|Moonblast|p1a: Whimsicott\n|-damage|p1a: Whimsicott|84/241\n|\n|-heal|p1a: Whimsicott|99/241|[from] item: Leftovers\n|-heal|p2a: Florges|181/271|[from] item: Leftovers\n|-damage|p2a: Florges|148/271|[from] Leech Seed|[of] p1a: Whimsicott\n|-heal|p1a: Whimsicott|132/241|[silent]\n|upkeep\n|turn|22\n|\n|t:|1733789736\n|-terastallize|p1a: Whimsicott|Steel\n|move|p1a: Whimsicott|Moonblast|p2a: Florges\n|-damage|p2a: Florges|94/271\n|-unboost|p2a: Florges|spa|1\n|move|p2a: Florges|Calm Mind|p2a: Florges\n|-boost|p2a: Florges|spa|1\n|-boost|p2a: Florges|spd|1\n|\n|-heal|p1a: Whimsicott|147/241|[from] item: Leftovers\n|-heal|p2a: Florges|110/271|[from] item: Leftovers\n|-damage|p2a: Florges|77/271|[from] Leech Seed|[of] p1a: Whimsicott\n|-heal|p1a: Whimsicott|180/241|[silent]\n|upkeep\n|turn|23\n|\n|t:|1733789744\n|move|p1a: Whimsicott|Encore|p2a: Florges\n|-start|p2a: Florges|Encore\n|move|p2a: Florges|Calm Mind|p2a: Florges\n|-boost|p2a: Florges|spa|1\n|-boost|p2a: Florges|spd|1\n|\n|-heal|p1a: Whimsicott|195/241|[from] item: Leftovers\n|-heal|p2a: Florges|93/271|[from] item: Leftovers\n|-damage|p2a: Florges|60/271|[from] Leech Seed|[of] p1a: Whimsicott\n|-heal|p1a: Whimsicott|228/241|[silent]\n|upkeep\n|turn|24\n|\n|t:|1733789749\n|move|p1a: Whimsicott|Moonblast|p2a: Florges\n|-damage|p2a: Florges|33/271\n|-unboost|p2a: Florges|spa|1\n|move|p2a: Florges|Calm Mind|p2a: Florges\n|-boost|p2a: Florges|spa|1\n|-boost|p2a: Florges|spd|1\n|\n|-heal|p1a: Whimsicott|241/241|[from] item: Leftovers\n|-heal|p2a: Florges|49/271|[from] item: Leftovers\n|-damage|p2a: Florges|16/271|[from] Leech Seed|[of] p1a: Whimsicott\n|upkeep\n|turn|25\n|\n|t:|1733789752\n|move|p1a: Whimsicott|Moonblast|p2a: Florges\n|-damage|p2a: Florges|0 fnt\n|faint|p2a: Florges\n|\n|upkeep\n|\n|t:|1733789756\n|switch|p2a: Masquerain|Masquerain, L87, F|264/264\n|-ability|p2a: Masquerain|Intimidate|boost\n|-unboost|p1a: Whimsicott|atk|1\n|turn|26\n|\n|t:|1733789762\n|move|p1a: Whimsicott|Leech Seed|p2a: Masquerain\n|-start|p2a: Masquerain|move: Leech Seed\n|move|p2a: Masquerain|Hydro Pump|p1a: Whimsicott\n|-damage|p1a: Whimsicott|152/241\n|\n|-heal|p1a: Whimsicott|167/241|[from] item: Leftovers\n|-damage|p2a: Masquerain|231/264|[from] Leech Seed|[of] p1a: Whimsicott\n|-heal|p1a: Whimsicott|200/241|[silent]\n|upkeep\n|turn|27\n|\n|t:|1733789770\n|move|p1a: Whimsicott|Moonblast|p2a: Masquerain\n|-damage|p2a: Masquerain|137/264\n|move|p2a: Masquerain|Quiver Dance|p2a: Masquerain\n|-boost|p2a: Masquerain|spa|1\n|-boost|p2a: Masquerain|spd|1\n|-boost|p2a: Masquerain|spe|1\n|\n|-heal|p1a: Whimsicott|215/241|[from] item: Leftovers\n|-damage|p2a: Masquerain|104/264|[from] Leech Seed|[of] p1a: Whimsicott\n|-heal|p1a: Whimsicott|241/241|[silent]\n|upkeep\n|turn|28\n|\n|t:|1733789775\n|move|p1a: Whimsicott|Encore|p2a: Masquerain\n|-start|p2a: Masquerain|Encore\n|move|p2a: Masquerain|Quiver Dance|p2a: Masquerain\n|-boost|p2a: Masquerain|spa|1\n|-boost|p2a: Masquerain|spd|1\n|-boost|p2a: Masquerain|spe|1\n|\n|-damage|p2a: Masquerain|71/264|[from] Leech Seed|[of] p1a: Whimsicott\n|upkeep\n|turn|29\n|\n|t:|1733789779\n|move|p2a: Masquerain|Quiver Dance|p2a: Masquerain\n|-boost|p2a: Masquerain|spa|1\n|-boost|p2a: Masquerain|spd|1\n|-boost|p2a: Masquerain|spe|1\n|move|p1a: Whimsicott|Moonblast|p2a: Masquerain\n|-damage|p2a: Masquerain|37/264\n|\n|-damage|p2a: Masquerain|4/264|[from] Leech Seed|[of] p1a: Whimsicott\n|upkeep\n|turn|30\n|\n|t:|1733789784\n|move|p1a: Whimsicott|Substitute|p1a: Whimsicott\n|-start|p1a: Whimsicott|Substitute\n|-damage|p1a: Whimsicott|181/241\n|move|p2a: Masquerain|Quiver Dance|p2a: Masquerain\n|-boost|p2a: Masquerain|spa|1\n|-boost|p2a: Masquerain|spd|1\n|-boost|p2a: Masquerain|spe|1\n|\n|-heal|p1a: Whimsicott|196/241|[from] item: Leftovers\n|-damage|p2a: Masquerain|0 fnt|[from] Leech Seed|[of] p1a: Whimsicott\n|-heal|p1a: Whimsicott|200/241|[silent]\n|faint|p2a: Masquerain\n|upkeep\n|\n|t:|1733789786\n|switch|p2a: Maushold|Maushold, L76|238/238\n|-damage|p2a: Maushold|209/238|[from] Stealth Rock\n|turn|31\n|\n|t:|1733789794\n|-terastallize|p2a: Maushold|Normal\n|move|p1a: Whimsicott|Leech Seed|p2a: Maushold\n|-start|p2a: Maushold|move: Leech Seed\n|move|p2a: Maushold|Population Bomb|p1a: Whimsicott\n|-resisted|p1a: Whimsicott\n|-activate|p1a: Whimsicott|move: Substitute|[damage]\n|-resisted|p1a: Whimsicott\n|-activate|p1a: Whimsicott|move: Substitute|[damage]\n|-resisted|p1a: Whimsicott\n|-activate|p1a: Whimsicott|move: Substitute|[damage]\n|-resisted|p1a: Whimsicott\n|-end|p1a: Whimsicott|Substitute\n|-resisted|p1a: Whimsicott\n|-damage|p1a: Whimsicott|186/241\n|-resisted|p1a: Whimsicott\n|-damage|p1a: Whimsicott|170/241\n|-resisted|p1a: Whimsicott\n|-damage|p1a: Whimsicott|154/241\n|-resisted|p1a: Whimsicott\n|-damage|p1a: Whimsicott|140/241\n|-resisted|p1a: Whimsicott\n|-damage|p1a: Whimsicott|125/241\n|-resisted|p1a: Whimsicott\n|-damage|p1a: Whimsicott|108/241\n|-hitcount|p1a: Whimsicott|10\n|\n|-heal|p1a: Whimsicott|123/241|[from] item: Leftovers\n|-damage|p2a: Maushold|180/238|[from] Leech Seed|[of] p1a: Whimsicott\n|-heal|p1a: Whimsicott|152/241|[silent]\n|upkeep\n|turn|32\n|\n|t:|1733789806\n|move|p1a: Whimsicott|Moonblast|p2a: Maushold\n|-damage|p2a: Maushold|63/238\n|-unboost|p2a: Maushold|spa|1\n|move|p2a: Maushold|Encore|p1a: Whimsicott\n|-start|p1a: Whimsicott|Encore\n|\n|-heal|p1a: Whimsicott|167/241|[from] item: Leftovers\n|-damage|p2a: Maushold|34/238|[from] Leech Seed|[of] p1a: Whimsicott\n|-heal|p1a: Whimsicott|196/241|[silent]\n|upkeep\n|turn|33\n|\n|t:|1733789813\n|move|p1a: Whimsicott|Moonblast|p2a: Maushold\n|-damage|p2a: Maushold|0 fnt\n|faint|p2a: Maushold\n|\n|win|treuz\n|raw|treuz's rating: 1469 &rarr; <strong>1487</strong><br />(+18 for winning)\n|raw|NIKITO BONITO's rating: 1428 &rarr; <strong>1410</strong><br />(-18 for losing)\n|c|\u2606NIKITO BONITO|gg\n|l|\u2606NIKITO BONITO\n|player|p2|\n|c|\u2606treuz|gg\n", "inputlog": ">version bfd83cad13791eb5a5a409923076391caf6fb4d4\n>start {\"formatid\":\"gen9randombattle\",\"seed\":[9121,55360,61284,4397],\"rated\":\"Rated battle\"}\n>player p1 {\"name\":\"treuz\",\"avatar\":\"youngcouple-gen4dp\",\"rating\":1469,\"seed\":[20706,49821,10746,15372]}\n>player p2 {\"name\":\"NIKITO BONITO\",\"avatar\":\"1\",\"rating\":1428,\"seed\":[11775,29024,34229,39083]}\n>p1 move stealthrock\n>p2 move bodypress\n>p1 move earthquake\n>p2 move avalanche\n>p1 move earthquake\n>p2 move bodypress\n>p1 switch 3\n>p1 move steameruption\n>p2 move stoneedge\n>p2 switch 2\n>p1 move steameruption\n>p2 move discharge\n>p1 switch 5\n>p2 move triattack\n>p1 move closecombat\n>p2 move triattack\n>p2 switch 3\n>p1 move uturn\n>p2 move calmmind\n>p1 switch 6\n>p1 move encore\n>p2 move moonblast\n>p1 move leechseed\n>p2 move calmmind\n>p1 move leechseed\n>p2 move calmmind\n>p1 move encore\n>p2 move moonblast\n>p1 move substitute\n>p2 switch 6\n>p1 move leechseed\n>p2 move icespinner\n>p1 move substitute\n>p2 move icespinner\n>p1 move substitute\n>p2 move icespinner\n>p1 move substitute\n>p2 move icespinner\n>p1 move substitute\n>p2 move icespinner\n>p1 move substitute\n>p2 move icespinner\n>p1 move moonblast\n>p2 move icespinner\n>p2 switch 6\n>p1 move leechseed\n>p2 move moonblast\n>p1 move moonblast terastallize\n>p2 move calmmind\n>p1 move encore\n>p2 move moonblast\n>p1 move moonblast\n>p2 move calmmind\n>p1 move moonblast\n>p2 move calmmind\n>p2 switch 5\n>p1 move leechseed\n>p2 move hydropump\n>p1 move moonblast\n>p2 move quiverdance\n>p1 move encore\n>p2 move hydropump\n>p1 move moonblast\n>p2 move quiverdance\n>p1 move substitute\n>p2 move quiverdance\n>p2 switch 4\n>p1 move leechseed\n>p2 move populationbomb terastallize\n>p1 move moonblast\n>p2 move encore\n>p1 move moonblast\n>p2 move tidyup", "uploadtime": 1733789822, "views": 1, "formatid": "gen9randombattle", "rating": 1410, "private": 0, "password": null}