{"id": "gen9randombattle-2151354787", "format": "[Gen 9] Random Battle", "players": ["AReallyShiftyGuy", "Emily in Paris"], "log": "|badge|p2|silver|gen9randombattle|30-1\n|html|<div class=\"broadcast-red\"><strong>This battle is required to be public due to one or more player having a season medal.</strong><br />During the public phase, you can discuss the state of the ladder <a href=\"/seasondiscussion\">in a special chatroom.</a></div>\n|uhtml|medal-msg|<div class=\"broadcast-blue\">Curious what those medals under the avatar are? PS now has Ladder Seasons! For more information, check out the <a href=\"https://www.smogon.com/forums/threads/3740067/\">thread on Smogon.</a></div>\n|raw|<div class=\"broadcast-blue\"><strong>This battle is required to be public due to a player having a name starting with 'medal'.</div>\n|j|\u2606AReallyShiftyGuy\n|j|\u2606Emily in Paris\n|t:|1719541463\n|gametype|singles\n|player|p1|AReallyShiftyGuy|elesa|2184\n|player|p2|Emily in Paris|sightseerf|2474\n|teamsize|p1|6\n|teamsize|p2|6\n|gen|9\n|tier|[Gen 9] Random Battle\n|rated|\n|rule|Species Clause: Limit one of each Pok\u00e9mon\n|rule|HP Percentage Mod: HP is shown in percentages\n|rule|Sleep Clause Mod: Limit one foe put to sleep\n|rule|Illusion Level Mod: Illusion disguises the Pok\u00e9mon's true level\n|\n|t:|1719541463\n|start\n|switch|p1a: Polteageist|Polteageist-Antique, L79|224/224\n|switch|p2a: Tropius|Tropius, L91, M|328/328\n|turn|1\n|\n|t:|1719541497\n|switch|p1a: Hatterene|Hatterene, L85, F|236/236\n|move|p2a: Tropius|Substitute|p2a: Tropius\n|-start|p2a: Tropius|Substitute\n|-damage|p2a: Tropius|246/328\n|\n|upkeep\n|turn|2\n|\n|t:|1719541507\n|move|p2a: Tropius|Air Slash|p1a: Hatterene\n|-damage|p1a: Hatterene|188/236\n|move|p1a: Hatterene|Mystical Fire|p2a: Tropius\n|-supereffective|p2a: Tropius\n|-end|p2a: Tropius|Substitute\n|\n|upkeep\n|turn|3\n|\n|t:|1719541516\n|move|p2a: Tropius|Substitute|p2a: Tropius\n|-start|p2a: Tropius|Substitute\n|-damage|p2a: Tropius|164/328\n|-enditem|p2a: Tropius|Sitrus Berry|[eat]\n|-heal|p2a: Tropius|246/328|[from] item: Sitrus Berry\n|move|p1a: Hatterene|Nuzzle|p2a: Tropius\n|-activate|p2a: Tropius|move: Substitute|[damage]\n|\n|-item|p2a: Tropius|Sitrus Berry|[from] ability: Harvest\n|upkeep\n|turn|4\n|\n|t:|1719541527\n|move|p2a: Tropius|Protect|p2a: Tropius\n|-singleturn|p2a: Tropius|Protect\n|move|p1a: Hatterene|Mystical Fire|p2a: Tropius\n|-activate|p2a: Tropius|move: Protect\n|\n|upkeep\n|turn|5\n|\n|t:|1719541530\n|move|p2a: Tropius|Air Slash|p1a: Hatterene\n|-damage|p1a: Hatterene|145/236\n|move|p1a: Hatterene|Mystical Fire|p2a: Tropius\n|-supereffective|p2a: Tropius\n|-end|p2a: Tropius|Substitute\n|\n|upkeep\n|turn|6\n|\n|t:|1719541536\n|move|p2a: Tropius|Substitute|p2a: Tropius\n|-start|p2a: Tropius|Substitute\n|-damage|p2a: Tropius|164/328\n|-enditem|p2a: Tropius|Sitrus Berry|[eat]\n|-heal|p2a: Tropius|246/328|[from] item: Sitrus Berry\n|move|p1a: Hatterene|Mystical Fire|p2a: Tropius\n|-supereffective|p2a: Tropius\n|-end|p2a: Tropius|Substitute\n|\n|upkeep\n|turn|7\n|\n|t:|1719541548\n|move|p2a: Tropius|Protect|p2a: Tropius\n|-singleturn|p2a: Tropius|Protect\n|move|p1a: Hatterene|Mystical Fire|p2a: Tropius\n|-activate|p2a: Tropius|move: Protect\n|\n|upkeep\n|turn|8\n|\n|t:|1719541551\n|move|p2a: Tropius|Substitute|p2a: Tropius\n|-start|p2a: Tropius|Substitute\n|-damage|p2a: Tropius|164/328\n|move|p1a: Hatterene|Mystical Fire|p2a: Tropius\n|-supereffective|p2a: Tropius\n|-end|p2a: Tropius|Substitute\n|\n|-item|p2a: Tropius|Sitrus Berry|[from] ability: Harvest\n|upkeep\n|-enditem|p2a: Tropius|Sitrus Berry|[eat]\n|-heal|p2a: Tropius|246/328|[from] item: Sitrus Berry\n|turn|9\n|\n|t:|1719541557\n|move|p2a: Tropius|Protect|p2a: Tropius\n|-singleturn|p2a: Tropius|Protect\n|move|p1a: Hatterene|Psychic|p2a: Tropius\n|-activate|p2a: Tropius|move: Protect\n|\n|-item|p2a: Tropius|Sitrus Berry|[from] ability: Harvest\n|upkeep\n|turn|10\n|\n|t:|1719541570\n|switch|p2a: Lanturn|Lanturn, L89, M|367/367\n|move|p1a: Hatterene|Mystical Fire|p2a: Lanturn\n|-resisted|p2a: Lanturn\n|-damage|p2a: Lanturn|327/367\n|-unboost|p2a: Lanturn|spa|1\n|\n|-heal|p2a: Lanturn|349/367|[from] item: Leftovers\n|upkeep\n|turn|11\n|\n|t:|1719541594\n|move|p2a: Lanturn|Scald|p1a: Hatterene\n|-damage|p1a: Hatterene|117/236\n|-status|p1a: Hatterene|brn\n|move|p1a: Hatterene|Draining Kiss|p2a: Lanturn\n|-damage|p2a: Lanturn|270/367\n|-heal|p1a: Hatterene|176/236 brn|[from] drain|[of] p2a: Lanturn\n|\n|-heal|p2a: Lanturn|292/367|[from] item: Leftovers\n|-damage|p1a: Hatterene|162/236 brn|[from] brn\n|upkeep\n|turn|12\n|\n|t:|1719541611\n|move|p2a: Lanturn|Volt Switch|p1a: Hatterene\n|-damage|p1a: Hatterene|135/236 brn\n|\n|t:|1719541613\n|switch|p2a: Tropius|Tropius, L91, M|246/328|[from] Volt Switch\n|move|p1a: Hatterene|Nuzzle|p2a: Tropius\n|-damage|p2a: Tropius|239/328\n|-status|p2a: Tropius|par\n|\n|-damage|p1a: Hatterene|121/236 brn|[from] brn\n|upkeep\n|turn|13\n|\n|t:|1719541626\n|move|p1a: Hatterene|Mystical Fire|p2a: Tropius\n|-supereffective|p2a: Tropius\n|-crit|p2a: Tropius\n|-damage|p2a: Tropius|17/328 par\n|-unboost|p2a: Tropius|spa|1\n|-enditem|p2a: Tropius|Sitrus Berry|[eat]\n|-heal|p2a: Tropius|99/328 par|[from] item: Sitrus Berry\n|move|p2a: Tropius|Air Slash|p1a: Hatterene\n|-damage|p1a: Hatterene|90/236 brn\n|\n|-damage|p1a: Hatterene|76/236 brn|[from] brn\n|upkeep\n|turn|14\n|\n|t:|1719541640\n|move|p2a: Tropius|Protect|p2a: Tropius\n|-singleturn|p2a: Tropius|Protect\n|move|p1a: Hatterene|Psychic|p2a: Tropius\n|-activate|p2a: Tropius|move: Protect\n|\n|-damage|p1a: Hatterene|62/236 brn|[from] brn\n|-item|p2a: Tropius|Sitrus Berry|[from] ability: Harvest\n|upkeep\n|-enditem|p2a: Tropius|Sitrus Berry|[eat]\n|-heal|p2a: Tropius|181/328 par|[from] item: Sitrus Berry\n|turn|15\n|\n|t:|1719541653\n|switch|p2a: Lanturn|Lanturn, L89, M|292/367\n|move|p1a: Hatterene|Draining Kiss|p2a: Lanturn\n|-crit|p2a: Lanturn\n|-damage|p2a: Lanturn|172/367\n|-heal|p1a: Hatterene|152/236 brn|[from] drain|[of] p2a: Lanturn\n|\n|-heal|p2a: Lanturn|194/367|[from] item: Leftovers\n|-damage|p1a: Hatterene|138/236 brn|[from] brn\n|upkeep\n|turn|16\n|\n|t:|1719541661\n|move|p2a: Lanturn|Thunder Wave|p1a: Hatterene\n|move|p1a: Hatterene|Thunder Wave|p2a: Lanturn|[from]ability: Magic Bounce\n|-heal|p2a: Lanturn|285/367|[from] ability: Volt Absorb|[of] p1a: Hatterene\n|move|p1a: Hatterene|Draining Kiss|p2a: Lanturn\n|-damage|p2a: Lanturn|207/367\n|-heal|p1a: Hatterene|197/236 brn|[from] drain|[of] p2a: Lanturn\n|\n|-heal|p2a: Lanturn|229/367|[from] item: Leftovers\n|-damage|p1a: Hatterene|183/236 brn|[from] brn\n|upkeep\n|turn|17\n|\n|t:|1719541670\n|move|p2a: Lanturn|Thunder Wave|p1a: Hatterene\n|move|p1a: Hatterene|Thunder Wave|p2a: Lanturn|[from]ability: Magic Bounce\n|-heal|p2a: Lanturn|320/367|[from] ability: Volt Absorb|[of] p1a: Hatterene\n|move|p1a: Hatterene|Draining Kiss|p2a: Lanturn\n|-damage|p2a: Lanturn|247/367\n|-heal|p1a: Hatterene|236/236 brn|[from] drain|[of] p2a: Lanturn\n|\n|-heal|p2a: Lanturn|269/367|[from] item: Leftovers\n|-damage|p1a: Hatterene|222/236 brn|[from] brn\n|upkeep\n|turn|18\n|\n|t:|1719541699\n|move|p2a: Lanturn|Volt Switch|p1a: Hatterene\n|-damage|p1a: Hatterene|183/236 brn\n|\n|t:|1719541702\n|switch|p2a: Tropius|Tropius, L91, M|181/328 par|[from] Volt Switch\n|move|p1a: Hatterene|Psychic|p2a: Tropius\n|-damage|p2a: Tropius|69/328 par\n|-unboost|p2a: Tropius|spd|1\n|\n|-damage|p1a: Hatterene|169/236 brn|[from] brn\n|-item|p2a: Tropius|Sitrus Berry|[from] ability: Harvest\n|upkeep\n|-enditem|p2a: Tropius|Sitrus Berry|[eat]\n|-heal|p2a: Tropius|151/328 par|[from] item: Sitrus Berry\n|turn|19\n|\n|t:|1719541714\n|switch|p2a: Lanturn|Lanturn, L89, M|269/367\n|move|p1a: Hatterene|Mystical Fire|p2a: Lanturn\n|-resisted|p2a: Lanturn\n|-damage|p2a: Lanturn|229/367\n|-unboost|p2a: Lanturn|spa|1\n|\n|-heal|p2a: Lanturn|251/367|[from] item: Leftovers\n|-damage|p1a: Hatterene|155/236 brn|[from] brn\n|upkeep\n|turn|20\n|\n|t:|1719541723\n|move|p2a: Lanturn|Volt Switch|p1a: Hatterene\n|-damage|p1a: Hatterene|127/236 brn\n|\n|t:|1719541725\n|switch|p2a: Tropius|Tropius, L91, M|151/328 par|[from] Volt Switch\n|move|p1a: Hatterene|Draining Kiss|p2a: Tropius\n|-crit|p2a: Tropius\n|-damage|p2a: Tropius|43/328 par\n|-heal|p1a: Hatterene|208/236 brn|[from] drain|[of] p2a: Tropius\n|\n|-damage|p1a: Hatterene|194/236 brn|[from] brn\n|-item|p2a: Tropius|Sitrus Berry|[from] ability: Harvest\n|upkeep\n|-enditem|p2a: Tropius|Sitrus Berry|[eat]\n|-heal|p2a: Tropius|125/328 par|[from] item: Sitrus Berry\n|turn|21\n|\n|t:|1719541737\n|move|p2a: Tropius|Protect|p2a: Tropius\n|-singleturn|p2a: Tropius|Protect\n|move|p1a: Hatterene|Mystical Fire|p2a: Tropius\n|-activate|p2a: Tropius|move: Protect\n|\n|-damage|p1a: Hatterene|180/236 brn|[from] brn\n|upkeep\n|turn|22\n|\n|t:|1719541755\n|move|p1a: Hatterene|Mystical Fire|p2a: Tropius\n|-supereffective|p2a: Tropius\n|-damage|p2a: Tropius|0 fnt\n|faint|p2a: Tropius\n|\n|-damage|p1a: Hatterene|166/236 brn|[from] brn\n|upkeep\n|\n|t:|1719541757\n|switch|p2a: Revavroom|Revavroom, L79, M|256/256\n|turn|23\n|inactive|Battle timer is ON: inactive players will automatically lose when time's up. (requested by Emily in Paris)\n|\n|t:|1719541812\n|switch|p1a: Klefki|Klefki, L84, M|233/233\n|move|p2a: Revavroom|Gunk Shot|p1a: Klefki\n|-immune|p1a: Klefki\n|\n|upkeep\n|turn|24\n|\n|t:|1719541837\n|switch|p1a: Glaceon|Glaceon, L94, M|275/275\n|move|p2a: Revavroom|Shift Gear|p2a: Revavroom\n|-boost|p2a: Revavroom|spe|2\n|-boost|p2a: Revavroom|atk|1\n|\n|upkeep\n|turn|25\n|\n|t:|1719541854\n|-terastallize|p1a: Glaceon|Ground\n|move|p2a: Revavroom|Iron Head|p1a: Glaceon\n|-damage|p1a: Glaceon|145/275\n|-damage|p2a: Revavroom|231/256|[from] item: Life Orb\n|move|p1a: Glaceon|Mud Shot|p2a: Revavroom\n|-supereffective|p2a: Revavroom\n|-damage|p2a: Revavroom|0 fnt\n|faint|p2a: Revavroom\n|\n|upkeep\n|inactive|Emily in Paris has 120 seconds left.\n|inactive|Emily in Paris has 90 seconds left.\n|\n|t:|1719541902\n|switch|p2a: Deoxys|Deoxys-Defense, L86|226/226\n|-ability|p2a: Deoxys|Pressure\n|turn|26\n|inactive|Emily in Paris has 90 seconds left.\n|inactive|AReallyShiftyGuy has 120 seconds left.\n|\n|t:|1719541939\n|move|p2a: Deoxys|Taunt|p1a: Glaceon\n|-start|p1a: Glaceon|move: Taunt\n|cant|p1a: Glaceon|move: Taunt|Wish\n|\n|upkeep\n|turn|27\n|inactive|Emily in Paris has 90 seconds left.\n|inactive|AReallyShiftyGuy has 90 seconds left.\n|inactive|Emily in Paris has 60 seconds left.\n|\n|t:|1719542005\n|switch|p1a: Klefki|Klefki, L84, M|233/233\n|move|p2a: Deoxys|Night Shade|p1a: Klefki\n|-damage|p1a: Klefki|147/233\n|\n|-heal|p1a: Klefki|161/233|[from] item: Leftovers\n|upkeep\n|turn|28\n|\n|t:|1719542016\n|move|p1a: Klefki|Thunder Wave|p2a: Deoxys\n|-status|p2a: Deoxys|par\n|move|p2a: Deoxys|Night Shade|p1a: Klefki\n|-damage|p1a: Klefki|75/233\n|\n|-heal|p1a: Klefki|89/233|[from] item: Leftovers\n|upkeep\n|turn|29\n|inactive|AReallyShiftyGuy has 60 seconds left.\n|\n|t:|1719542032\n|switch|p1a: Porygon-Z|Porygon-Z, L83|277/277\n|cant|p2a: Deoxys|par\n|\n|upkeep\n|turn|30\n|\n|t:|1719542045\n|switch|p2a: Lycanroc|Lycanroc-Dusk, L80, F|251/251\n|move|p1a: Porygon-Z|Nasty Plot|p1a: Porygon-Z\n|-boost|p1a: Porygon-Z|spa|2\n|\n|upkeep\n|turn|31\n|inactive|AReallyShiftyGuy has 60 seconds left.\n|\n|t:|1719542084\n|switch|p1a: Klefki|Klefki, L84, M|89/233\n|move|p2a: Lycanroc|Stone Edge|p1a: Klefki\n|-resisted|p1a: Klefki\n|-damage|p1a: Klefki|5/233\n|\n|-heal|p1a: Klefki|19/233|[from] item: Leftovers\n|upkeep\n|turn|32\n|\n|t:|1719542092\n|switch|p2a: Lanturn|Lanturn, L89, M|251/367\n|move|p1a: Klefki|Spikes|p2a: Lanturn\n|-sidestart|p2: Emily in Paris|Spikes\n|\n|-heal|p1a: Klefki|33/233|[from] item: Leftovers\n|-heal|p2a: Lanturn|273/367|[from] item: Leftovers\n|upkeep\n|turn|33\n|inactive|Emily in Paris has 60 seconds left.\n|\n|t:|1719542099\n|move|p1a: Klefki|Spikes|p2a: Lanturn\n|-sidestart|p2: Emily in Paris|Spikes\n|move|p2a: Lanturn|Scald|p1a: Klefki\n|-damage|p1a: Klefki|0 fnt\n|faint|p1a: Klefki\n|\n|-heal|p2a: Lanturn|295/367|[from] item: Leftovers\n|upkeep\n|\n|t:|1719542106\n|switch|p1a: Glaceon|Glaceon, L94, M, tera:Ground|145/275\n|turn|34\n|\n|t:|1719542113\n|move|p1a: Glaceon|Freeze-Dry|p2a: Lanturn\n|-supereffective|p2a: Lanturn\n|-damage|p2a: Lanturn|29/367\n|move|p2a: Lanturn|Scald|p1a: Glaceon\n|-supereffective|p1a: Glaceon\n|-damage|p1a: Glaceon|19/275\n|\n|-heal|p2a: Lanturn|51/367|[from] item: Leftovers\n|upkeep\n|turn|35\n|\n|t:|1719542125\n|move|p1a: Glaceon|Freeze-Dry|p2a: Lanturn\n|-supereffective|p2a: Lanturn\n|-damage|p2a: Lanturn|0 fnt\n|faint|p2a: Lanturn\n|\n|upkeep\n|\n|t:|1719542126\n|switch|p2a: Lycanroc|Lycanroc-Dusk, L80, F|251/251\n|-damage|p2a: Lycanroc|210/251|[from] Spikes\n|turn|36\n|\n|t:|1719542135\n|move|p2a: Lycanroc|Stone Edge|p1a: Glaceon\n|-resisted|p1a: Glaceon\n|-damage|p1a: Glaceon|0 fnt\n|faint|p1a: Glaceon\n|\n|upkeep\n|inactive|AReallyShiftyGuy has 60 seconds left.\n|\n|t:|1719542182\n|switch|p1a: Porygon-Z|Porygon-Z, L83|277/277\n|turn|37\n|inactive|Emily in Paris has 90 seconds left.\n|\n|t:|1719542199\n|move|p2a: Lycanroc|Stone Edge|p1a: Porygon-Z\n|-damage|p1a: Porygon-Z|66/277\n|move|p1a: Porygon-Z|Shadow Ball|p2a: Lycanroc\n|-damage|p2a: Lycanroc|76/251\n|-unboost|p2a: Lycanroc|spd|1\n|-damage|p1a: Porygon-Z|39/277|[from] item: Life Orb\n|\n|upkeep\n|turn|38\n|inactive|Emily in Paris has 90 seconds left.\n|\n|t:|1719542208\n|move|p2a: Lycanroc|Stone Edge|p1a: Porygon-Z\n|-damage|p1a: Porygon-Z|0 fnt\n|faint|p1a: Porygon-Z\n|\n|upkeep\n|\n|t:|1719542213\n|switch|p1a: Hatterene|Hatterene, L85, F|166/236 brn\n|turn|39\n|\n|t:|1719542224\n|switch|p2a: Deoxys|Deoxys-Defense, L86|226/226 par\n|-damage|p2a: Deoxys|189/226 par|[from] Spikes\n|-ability|p2a: Deoxys|Pressure\n|move|p1a: Hatterene|Draining Kiss|p2a: Deoxys\n|-damage|p2a: Deoxys|143/226 par\n|-heal|p1a: Hatterene|201/236 brn|[from] drain|[of] p2a: Deoxys\n|\n|-heal|p2a: Deoxys|157/226 par|[from] item: Leftovers\n|-damage|p1a: Hatterene|187/236 brn|[from] brn\n|upkeep\n|turn|40\n|inactive|AReallyShiftyGuy has 30 seconds left.\n|\n|t:|1719542258\n|move|p2a: Deoxys|Cosmic Power|p2a: Deoxys\n|-boost|p2a: Deoxys|def|1\n|-boost|p2a: Deoxys|spd|1\n|move|p1a: Hatterene|Draining Kiss|p2a: Deoxys\n|-crit|p2a: Deoxys\n|-damage|p2a: Deoxys|91/226 par\n|-heal|p1a: Hatterene|236/236 brn|[from] drain|[of] p2a: Deoxys\n|\n|-heal|p2a: Deoxys|105/226 par|[from] item: Leftovers\n|-damage|p1a: Hatterene|222/236 brn|[from] brn\n|upkeep\n|turn|41\n|inactive|AReallyShiftyGuy has 30 seconds left.\n|inactive|AReallyShiftyGuy has 20 seconds left.\n|inactive|AReallyShiftyGuy has 15 seconds left.\n|\n|t:|1719542283\n|switch|p1a: Polteageist|Polteageist-Antique, L79|224/224\n|cant|p2a: Deoxys|par\n|\n|-heal|p2a: Deoxys|119/226 par|[from] item: Leftovers\n|upkeep\n|turn|42\n|inactive|AReallyShiftyGuy has 25 seconds left this turn.\n|inactive|AReallyShiftyGuy has 20 seconds left.\n|\n|t:|1719542293\n|move|p1a: Polteageist|Shell Smash|p1a: Polteageist\n|-unboost|p1a: Polteageist|def|1\n|-unboost|p1a: Polteageist|spd|1\n|-boost|p1a: Polteageist|atk|2\n|-boost|p1a: Polteageist|spa|2\n|-boost|p1a: Polteageist|spe|2\n|-enditem|p1a: Polteageist|White Herb\n|-clearnegativeboost|p1a: Polteageist|[silent]\n|move|p2a: Deoxys|Cosmic Power|p2a: Deoxys\n|-boost|p2a: Deoxys|def|1\n|-boost|p2a: Deoxys|spd|1\n|\n|-heal|p2a: Deoxys|133/226 par|[from] item: Leftovers\n|upkeep\n|turn|43\n|inactive|AReallyShiftyGuy has 30 seconds left this turn.\n|inactive|AReallyShiftyGuy has 20 seconds left.\n|\n|t:|1719542305\n|-terastallize|p2a: Deoxys|Steel\n|move|p1a: Polteageist|Shadow Ball|p2a: Deoxys\n|-crit|p2a: Deoxys\n|-damage|p2a: Deoxys|0 fnt\n|faint|p2a: Deoxys\n|\n|upkeep\n|inactive|AReallyShiftyGuy has 25 seconds left this turn.\n|-message|Emily in Paris forfeited.\n|\n|win|AReallyShiftyGuy\n|inactive|AReallyShiftyGuy has 30 seconds left this turn.\n|raw|AReallyShiftyGuy's rating: 2184 &rarr; <strong>2218</strong><br />(+34 for winning)\n|raw|Emily in Paris's rating: 2474 &rarr; <strong>2440</strong><br />(-34 for losing)\n|l|\u2606Emily in Paris\n|player|p2|\n", "inputlog": ">version 021bb6b4147d783a3aa9da22896c4e1e173f1b61\n>start {\"formatid\":\"gen9randombattle\",\"seed\":[59256,18255,57938,61427],\"rated\":\"Rated battle\"}\n>player p1 {\"name\":\"AReallyShiftyGuy\",\"avatar\":\"elesa\",\"rating\":2184,\"seed\":[43510,6304,14688,12699]}\n>player p2 {\"name\":\"Emily in Paris\",\"avatar\":\"sightseerf\",\"rating\":2474,\"seed\":[12787,9807,39654,11041]}\n>p1 switch 3\n>p2 move substitute\n>p1 move mysticalfire\n>p2 move airslash\n>p1 move nuzzle\n>p2 move substitute\n>p1 move mysticalfire\n>p2 move protect\n>p1 move mysticalfire\n>p2 move airslash\n>p1 move mysticalfire\n>p2 move substitute\n>p1 move mysticalfire\n>p2 move protect\n>p1 move mysticalfire\n>p2 move substitute\n>p1 move psychic\n>p2 move protect\n>p1 move mysticalfire\n>p2 switch 2\n>p1 move drainingkiss\n>p2 move scald\n>p1 move nuzzle\n>p2 move voltswitch\n>p2 switch 2\n>p1 move mysticalfire\n>p2 move airslash\n>p1 move psychic\n>p2 move protect\n>p1 move drainingkiss\n>p2 switch 2\n>p1 move drainingkiss\n>p2 move thunderwave\n>p1 move drainingkiss\n>p2 move thunderwave\n>p1 move psychic\n>p2 move voltswitch\n>p2 switch 2\n>p1 move mysticalfire\n>p2 switch 2\n>p1 move drainingkiss\n>p2 move voltswitch\n>p2 switch 2\n>p1 move mysticalfire\n>p2 move protect\n>p1 move mysticalfire\n>p2 move airslash\n>p2 switch 5\n>p1 switch 2\n>p2 move gunkshot\n>p1 switch 6\n>p2 move shiftgear\n>p1 move mudshot terastallize\n>p2 move ironhead\n>p2 switch 3\n>p1 move wish\n>p2 move taunt\n>p1 switch 6\n>p2 move nightshade\n>p1 move thunderwave\n>p2 move nightshade\n>p1 switch 4\n>p2 move cosmicpower\n>p1 move nastyplot\n>p2 switch 6\n>p1 switch 4\n>p2 move stoneedge\n>p1 move spikes\n>p2 switch 2\n>p1 move spikes\n>p2 move scald\n>p1 switch 6\n>p1 move freezedry\n>p2 move scald\n>p1 move freezedry\n>p2 move scald\n>p2 switch 2\n>p1 move mudshot\n>p2 move stoneedge\n>p1 switch 4\n>p1 move shadowball\n>p2 move stoneedge\n>p1 move shadowball\n>p2 move stoneedge\n>p1 switch 2\n>p1 move drainingkiss\n>p2 switch 6\n>p1 move drainingkiss\n>p2 move cosmicpower\n>p1 switch 3\n>p2 move recover\n>p1 move shellsmash\n>p2 move cosmicpower\n>p1 move shadowball\n>p2 move recover terastallize\n>forcelose p2", "uploadtime": 1719542336, "views": 233, "formatid": "gen9randombattle", "rating": 2218, "private": 0, "password": null}