{"id": "gen9randombattle-2260796164", "format": "[Gen 9] Random Battle", "players": ["Surfninja02", "shunzim"], "log": "|j|\u2606Surfninja02\n|j|\u2606shunzim\n|t:|1733893519\n|gametype|singles\n|player|p1|Surfninja02|lusamine-nihilego|1490\n|player|p2|shunzim|266|1482\n|teamsize|p1|6\n|teamsize|p2|6\n|gen|9\n|tier|[Gen 9] Random Battle\n|rated|\n|rule|Species Clause: Limit one of each Pok\u00e9mon\n|rule|HP Percentage Mod: HP is shown in percentages\n|rule|Sleep Clause Mod: Limit one foe put to sleep\n|rule|Illusion Level Mod: Illusion disguises the Pok\u00e9mon's true level\n|\n|t:|1733893519\n|start\n|switch|p1a: Swampert|Swampert, L83, F|302/302\n|switch|p2a: Archaludon|Archaludon, L78, F|268/268\n|turn|1\n|inactive|Battle timer is ON: inactive players will automatically lose when time's up. (requested by Surfninja02)\n|\n|t:|1733893544\n|switch|p2a: Exeggutor|Exeggutor-Alola, L89, M|314/314\n|-item|p1a: Swampert|Leftovers|[from] ability: Frisk|[of] p2a: Exeggutor\n|move|p1a: Swampert|Stealth Rock|p2a: Exeggutor\n|-sidestart|p2: shunzim|move: Stealth Rock\n|\n|upkeep\n|turn|2\n|inactive|Surfninja02 has 120 seconds left.\n|\n|t:|1733893589\n|switch|p1a: Grafaiai|Grafaiai, L86, M|249/249\n|move|p2a: Exeggutor|Giga Drain|p1a: Grafaiai\n|-resisted|p1a: Grafaiai\n|-damage|p1a: Grafaiai|152/249\n|\n|upkeep\n|turn|3\n|\n|t:|1733893601\n|switch|p2a: Squawkabilly|Squawkabilly-Blue, L85, M|278/278\n|-damage|p2a: Squawkabilly|209/278|[from] Stealth Rock\n|move|p1a: Grafaiai|Gunk Shot|p2a: Squawkabilly|[miss]\n|-miss|p1a: Grafaiai|p2a: Squawkabilly\n|\n|-status|p2a: Squawkabilly|brn|[from] item: Flame Orb\n|upkeep\n|turn|4\n|\n|t:|1733893611\n|move|p2a: Squawkabilly|Quick Attack|p1a: Grafaiai\n|-damage|p1a: Grafaiai|77/249\n|move|p1a: Grafaiai|Gunk Shot|p2a: Squawkabilly\n|-damage|p2a: Squawkabilly|0 fnt\n|faint|p2a: Squawkabilly\n|-damage|p1a: Grafaiai|53/249|[from] item: Life Orb\n|\n|upkeep\n|\n|t:|1733893615\n|switch|p2a: Sandslash|Sandslash, L88, F|275/275\n|-damage|p2a: Sandslash|258/275|[from] Stealth Rock\n|turn|5\n|inactive|Surfninja02 has 120 seconds left.\n|\n|t:|1733893622\n|switch|p1a: Gliscor|Gliscor, L76, F|239/239\n|move|p2a: Sandslash|Rapid Spin|p1a: Gliscor\n|-damage|p1a: Gliscor|203/239\n|-boost|p2a: Sandslash|spe|1\n|-sideend|p2: shunzim|Stealth Rock|[from] move: Rapid Spin|[of] p2a: Sandslash\n|\n|-heal|p2a: Sandslash|275/275|[from] item: Leftovers\n|-status|p1a: Gliscor|tox|[from] item: Toxic Orb\n|upkeep\n|turn|6\n|inactive|Surfninja02 has 120 seconds left.\n|\n|t:|1733893632\n|move|p2a: Sandslash|Knock Off|p1a: Gliscor\n|-damage|p1a: Gliscor|142/239 tox\n|-enditem|p1a: Gliscor|Toxic Orb|[from] move: Knock Off|[of] p2a: Sandslash\n|move|p1a: Gliscor|Toxic|p2a: Sandslash\n|-status|p2a: Sandslash|tox\n|\n|-damage|p2a: Sandslash|258/275 tox|[from] psn\n|-heal|p1a: Gliscor|171/239 tox|[from] ability: Poison Heal\n|upkeep\n|turn|7\n|inactive|Surfninja02 has 120 seconds left.\n|\n|t:|1733893655\n|move|p2a: Sandslash|Swords Dance|p2a: Sandslash\n|-boost|p2a: Sandslash|atk|2\n|move|p1a: Gliscor|Earthquake|p2a: Sandslash\n|-damage|p2a: Sandslash|185/275 tox\n|\n|-heal|p2a: Sandslash|202/275 tox|[from] item: Leftovers\n|-damage|p2a: Sandslash|168/275 tox|[from] psn\n|-heal|p1a: Gliscor|200/239 tox|[from] ability: Poison Heal\n|upkeep\n|turn|8\n|inactive|Surfninja02 has 120 seconds left.\n|\n|t:|1733893662\n|move|p2a: Sandslash|Swords Dance|p2a: Sandslash\n|-boost|p2a: Sandslash|atk|2\n|move|p1a: Gliscor|Earthquake|p2a: Sandslash\n|-damage|p2a: Sandslash|93/275 tox\n|\n|-heal|p2a: Sandslash|110/275 tox|[from] item: Leftovers\n|-damage|p2a: Sandslash|59/275 tox|[from] psn\n|-heal|p1a: Gliscor|229/239 tox|[from] ability: Poison Heal\n|upkeep\n|turn|9\n|\n|t:|1733893666\n|move|p1a: Gliscor|Protect|p1a: Gliscor\n|-singleturn|p1a: Gliscor|Protect\n|move|p2a: Sandslash|Knock Off|p1a: Gliscor\n|-activate|p1a: Gliscor|move: Protect\n|\n|-heal|p2a: Sandslash|76/275 tox|[from] item: Leftovers\n|-damage|p2a: Sandslash|8/275 tox|[from] psn\n|-heal|p1a: Gliscor|239/239 tox|[from] ability: Poison Heal\n|upkeep\n|turn|10\n|inactive|Surfninja02 has 120 seconds left.\n|\n|t:|1733893687\n|switch|p1a: Okidogi|Okidogi, L77, M|262/262\n|move|p2a: Sandslash|Knock Off|p1a: Okidogi\n|-resisted|p1a: Okidogi\n|-damage|p1a: Okidogi|152/262\n|-enditem|p1a: Okidogi|Assault Vest|[from] move: Knock Off|[of] p2a: Sandslash\n|\n|-heal|p2a: Sandslash|25/275 tox|[from] item: Leftovers\n|-damage|p2a: Sandslash|0 fnt|[from] psn\n|faint|p2a: Sandslash\n|upkeep\n|\n|t:|1733893699\n|switch|p2a: Salazzle|Salazzle, L83, F|249/249\n|turn|11\n|\n|t:|1733893711\n|move|p2a: Salazzle|Substitute|p2a: Salazzle\n|-start|p2a: Salazzle|Substitute\n|-damage|p2a: Salazzle|187/249\n|move|p1a: Okidogi|Psychic Fangs|p2a: Salazzle\n|-supereffective|p2a: Salazzle\n|-end|p2a: Salazzle|Substitute\n|\n|-heal|p2a: Salazzle|202/249|[from] item: Leftovers\n|upkeep\n|turn|12\n|\n|t:|1733893731\n|switch|p2a: Exeggutor|Exeggutor-Alola, L89, M|314/314\n|move|p1a: Okidogi|Psychic Fangs|p2a: Exeggutor\n|-damage|p2a: Exeggutor|247/314\n|\n|upkeep\n|turn|13\n|\n|t:|1733893746\n|move|p1a: Okidogi|Gunk Shot|p2a: Exeggutor\n|-supereffective|p2a: Exeggutor\n|-damage|p2a: Exeggutor|0 fnt\n|faint|p2a: Exeggutor\n|\n|upkeep\n|\n|t:|1733893752\n|switch|p2a: Emboar|Emboar, L84, F|322/322\n|turn|14\n|\n|t:|1733893766\n|move|p2a: Emboar|Flare Blitz|p1a: Okidogi\n|-damage|p1a: Okidogi|0 fnt\n|faint|p1a: Okidogi\n|-damage|p2a: Emboar|272/322|[from] Recoil\n|\n|upkeep\n|\n|t:|1733893771\n|switch|p1a: Swampert|Swampert, L83, F|302/302\n|turn|15\n|\n|t:|1733893788\n|move|p2a: Emboar|Flare Blitz|p1a: Swampert\n|-resisted|p1a: Swampert\n|-damage|p1a: Swampert|211/302\n|-damage|p2a: Emboar|242/322|[from] Recoil\n|move|p1a: Swampert|Earthquake|p2a: Emboar\n|-supereffective|p2a: Emboar\n|-damage|p2a: Emboar|0 fnt\n|faint|p2a: Emboar\n|\n|-heal|p1a: Swampert|229/302|[from] item: Leftovers\n|upkeep\n|\n|t:|1733893796\n|switch|p2a: Salazzle|Salazzle, L83, F|202/249\n|turn|16\n|-message|shunzim forfeited.\n|\n|win|Surfninja02\n|raw|Surfninja02's rating: 1490 &rarr; <strong>1510</strong><br />(+20 for winning)\n|raw|shunzim's rating: 1482 &rarr; <strong>1462</strong><br />(-20 for losing)\n|l|\u2606shunzim\n|player|p2|\n|c|\u2606Surfninja02|gg\n", "inputlog": ">version bfd83cad13791eb5a5a409923076391caf6fb4d4\n>start {\"formatid\":\"gen9randombattle\",\"seed\":[5418,64209,9916,28250],\"rated\":\"Rated battle\"}\n>player p1 {\"name\":\"Surfninja02\",\"avatar\":\"lusamine-nihilego\",\"rating\":1490,\"seed\":[8459,8351,60268,21790]}\n>player p2 {\"name\":\"shunzim\",\"avatar\":\"266\",\"rating\":1482,\"seed\":[64024,49904,36763,45460]}\n>p1 move stealthrock\n>p2 switch 6\n>p1 switch 5\n>p2 move gigadrain\n>p1 move gunkshot\n>p2 switch 5\n>p1 move gunkshot\n>p2 move quickattack\n>p2 switch 3\n>p1 switch 4\n>p2 move rapidspin\n>p1 move toxic\n>p2 move knockoff\n>p1 move earthquake\n>p2 move swordsdance\n>p1 move earthquake\n>p2 move swordsdance\n>p1 move protect\n>p2 move knockoff\n>p1 switch 2\n>p2 move knockoff\n>p2 switch 2\n>p1 move psychicfangs\n>p2 move substitute\n>p1 move psychicfangs\n>p2 switch 5\n>p1 move gunkshot\n>p2 move dracometeor\n>p2 switch 4\n>p1 move drainpunch\n>p2 move flareblitz\n>p1 switch 5\n>p1 move earthquake\n>p2 move flareblitz\n>p2 switch 5\n>forcelose p2", "uploadtime": 1733893809, "views": 2, "formatid": "gen9randombattle", "rating": 1462, "private": 0, "password": null}