{"id": "gen9randombattle-2260745357", "format": "[Gen 9] Random Battle", "players": ["Armlnwza007", "John15734"], "log": "|j|\u2606Armlnwza007\n|j|\u2606John15734\n|t:|1733886015\n|gametype|singles\n|player|p1|Armlnwza007|giovanni|\n|player|p2|John15734|striker|\n|teamsize|p1|6\n|teamsize|p2|6\n|gen|9\n|tier|[Gen 9] Random Battle\n|rule|Species Clause: Limit one of each Pok\u00e9mon\n|rule|HP Percentage Mod: HP is shown in percentages\n|rule|Sleep Clause Mod: Limit one foe put to sleep\n|rule|Illusion Level Mod: Illusion disguises the Pok\u00e9mon's true level\n|\n|t:|1733886015\n|start\n|switch|p1a: Baxcalibur|Baxcalibur, L75, M|295/295\n|switch|p2a: Scizor|Scizor, L79, M|240/240\n|turn|1\n|\n|t:|1733886031\n|move|p1a: Baxcalibur|Swords Dance|p1a: Baxcalibur\n|-boost|p1a: Baxcalibur|atk|2\n|move|p2a: Scizor|Close Combat|p1a: Baxcalibur\n|-supereffective|p1a: Baxcalibur\n|-damage|p1a: Baxcalibur|48/295\n|-unboost|p2a: Scizor|def|1\n|-unboost|p2a: Scizor|spd|1\n|-damage|p2a: Scizor|216/240|[from] item: Life Orb\n|\n|upkeep\n|turn|2\n|\n|t:|1733886038\n|move|p1a: Baxcalibur|Earthquake|p2a: Scizor\n|-damage|p2a: Scizor|0 fnt\n|faint|p2a: Scizor\n|\n|upkeep\n|\n|t:|1733886045\n|switch|p2a: Hariyama|Hariyama, L87, F|392/392\n|turn|3\n|\n|t:|1733886052\n|move|p1a: Baxcalibur|Scale Shot|p2a: Hariyama\n|-damage|p2a: Hariyama|314/392\n|-damage|p2a: Hariyama|239/392\n|-damage|p2a: Hariyama|155/392\n|-crit|p2a: Hariyama\n|-damage|p2a: Hariyama|34/392\n|-damage|p2a: Hariyama|0 fnt\n|faint|p2a: Hariyama\n|-hitcount|p2: Hariyama|5\n|-unboost|p1a: Baxcalibur|def|1\n|-boost|p1a: Baxcalibur|spe|1\n|\n|upkeep\n|\n|t:|1733886064\n|switch|p2a: Torterra|Torterra, L78, M|276/276\n|turn|4\n|\n|t:|1733886069\n|move|p1a: Baxcalibur|Icicle Spear|p2a: Torterra\n|-supereffective|p2a: Torterra\n|-damage|p2a: Torterra|48/276\n|-supereffective|p2a: Torterra\n|-damage|p2a: Torterra|0 fnt\n|faint|p2a: Torterra\n|-hitcount|p2: Torterra|2\n|\n|upkeep\n|\n|t:|1733886087\n|switch|p2a: Indeedee|Indeedee, L84, M|238/238\n|-fieldstart|move: Psychic Terrain|[from] ability: Psychic Surge|[of] p2a: Indeedee\n|turn|5\n|\n|t:|1733886093\n|move|p2a: Indeedee|Expanding Force|p1a: Baxcalibur\n|-damage|p1a: Baxcalibur|0 fnt\n|faint|p1a: Baxcalibur\n|\n|upkeep\n|\n|t:|1733886101\n|switch|p1a: Misdreavus|Misdreavus, L90, F|254/254\n|turn|6\n|\n|t:|1733886105\n|move|p2a: Indeedee|Expanding Force|p1a: Misdreavus\n|-damage|p1a: Misdreavus|148/254\n|move|p1a: Misdreavus|Shadow Ball|p2a: Indeedee\n|-immune|p2a: Indeedee\n|\n|upkeep\n|turn|7\n|\n|t:|1733886108\n|move|p2a: Indeedee|Expanding Force|p1a: Misdreavus\n|-damage|p1a: Misdreavus|37/254\n|move|p1a: Misdreavus|Draining Kiss|p2a: Indeedee\n|-crit|p2a: Indeedee\n|-damage|p2a: Indeedee|183/238\n|-heal|p1a: Misdreavus|78/254|[from] drain|[of] p2a: Indeedee\n|\n|upkeep\n|turn|8\n|\n|t:|1733886111\n|move|p2a: Indeedee|Expanding Force|p1a: Misdreavus\n|-damage|p1a: Misdreavus|0 fnt\n|faint|p1a: Misdreavus\n|\n|upkeep\n|\n|t:|1733886115\n|switch|p1a: Torterra|Torterra, L78, F|276/276\n|turn|9\n|\n|t:|1733886118\n|move|p2a: Indeedee|Expanding Force|p1a: Torterra\n|-damage|p1a: Torterra|92/276\n|move|p1a: Torterra|Shell Smash|p1a: Torterra\n|-unboost|p1a: Torterra|def|1\n|-unboost|p1a: Torterra|spd|1\n|-boost|p1a: Torterra|atk|2\n|-boost|p1a: Torterra|spa|2\n|-boost|p1a: Torterra|spe|2\n|\n|-fieldend|move: Psychic Terrain\n|upkeep\n|turn|10\n|\n|t:|1733886122\n|move|p2a: Indeedee|Expanding Force|p1a: Torterra\n|-damage|p1a: Torterra|0 fnt\n|faint|p1a: Torterra\n|\n|upkeep\n|\n|t:|1733886125\n|switch|p1a: Empoleon|Empoleon, L84, F|278/278\n|turn|11\n|\n|t:|1733886128\n|move|p2a: Indeedee|Expanding Force|p1a: Empoleon\n|-resisted|p1a: Empoleon\n|-damage|p1a: Empoleon|238/278\n|move|p1a: Empoleon|Knock Off|p2a: Indeedee\n|-supereffective|p2a: Indeedee\n|-damage|p2a: Indeedee|13/238\n|-enditem|p2a: Indeedee|Choice Scarf|[from] move: Knock Off|[of] p1a: Empoleon\n|\n|-heal|p1a: Empoleon|255/278|[from] item: Leftovers\n|upkeep\n|turn|12\n|\n|t:|1733886134\n|switch|p2a: Delphox|Delphox, L84, M|263/263\n|move|p1a: Empoleon|Knock Off|p2a: Delphox\n|-supereffective|p2a: Delphox\n|-damage|p2a: Delphox|115/263\n|-enditem|p2a: Delphox|Choice Scarf|[from] move: Knock Off|[of] p1a: Empoleon\n|\n|-heal|p1a: Empoleon|272/278|[from] item: Leftovers\n|upkeep\n|turn|13\n|\n|t:|1733886140\n|move|p2a: Delphox|Focus Blast|p1a: Empoleon|[miss]\n|-miss|p2a: Delphox|p1a: Empoleon\n|move|p1a: Empoleon|Surf|p2a: Delphox\n|-supereffective|p2a: Delphox\n|-damage|p2a: Delphox|0 fnt\n|faint|p2a: Delphox\n|\n|-heal|p1a: Empoleon|278/278|[from] item: Leftovers\n|upkeep\n|\n|t:|1733886146\n|switch|p2a: Victreebel|Victreebel, L90, F|290/290\n|turn|14\n|\n|t:|1733886158\n|move|p2a: Victreebel|Power Whip|p1a: Empoleon\n|-damage|p1a: Empoleon|66/278\n|-damage|p2a: Victreebel|261/290|[from] item: Life Orb\n|move|p1a: Empoleon|Ice Beam|p2a: Victreebel\n|-supereffective|p2a: Victreebel\n|-damage|p2a: Victreebel|109/290\n|\n|-heal|p1a: Empoleon|83/278|[from] item: Leftovers\n|upkeep\n|turn|15\n|\n|t:|1733886168\n|move|p2a: Victreebel|Power Whip|p1a: Empoleon\n|-damage|p1a: Empoleon|0 fnt\n|faint|p1a: Empoleon\n|-damage|p2a: Victreebel|80/290|[from] item: Life Orb\n|\n|upkeep\n|\n|t:|1733886172\n|switch|p1a: Lucario|Lucario, L84, M|255/255\n|turn|16\n|\n|t:|1733886176\n|move|p1a: Lucario|Extreme Speed|p2a: Victreebel\n|-damage|p2a: Victreebel|0 fnt\n|faint|p2a: Victreebel\n|\n|upkeep\n|\n|t:|1733886179\n|switch|p2a: Indeedee|Indeedee, L84, M|13/238\n|-fieldstart|move: Psychic Terrain|[from] ability: Psychic Surge|[of] p2a: Indeedee\n|turn|17\n|\n|t:|1733886182\n|move|p1a: Lucario|Extreme Speed|p2a: Indeedee\n|-activate|p2a: Indeedee|move: Psychic Terrain\n|move|p2a: Indeedee|Expanding Force|p1a: Lucario\n|-damage|p1a: Lucario|65/255\n|\n|upkeep\n|turn|18\n|\n|t:|1733886188\n|move|p1a: Lucario|Extreme Speed|p2a: Indeedee\n|-activate|p2a: Indeedee|move: Psychic Terrain\n|move|p2a: Indeedee|Expanding Force|p1a: Lucario\n|-damage|p1a: Lucario|0 fnt\n|faint|p1a: Lucario\n|\n|upkeep\n|\n|t:|1733886190\n|switch|p1a: Zamazenta|Zamazenta, L71|248/248\n|-ability|p1a: Zamazenta|Dauntless Shield|boost\n|-boost|p1a: Zamazenta|def|1\n|turn|19\n|\n|t:|1733886195\n|move|p1a: Zamazenta|Crunch|p2a: Indeedee\n|-supereffective|p2a: Indeedee\n|-damage|p2a: Indeedee|0 fnt\n|faint|p2a: Indeedee\n|\n|win|Armlnwza007\n|l|\u2606Armlnwza007\n|player|p1|\n", "inputlog": ">version bfd83cad13791eb5a5a409923076391caf6fb4d4\n>start {\"formatid\":\"gen9randombattle\",\"seed\":[58207,63740,21038,16626]}\n>player p1 {\"name\":\"Armlnwza007\",\"avatar\":\"giovanni\",\"rating\":0,\"seed\":[60107,14914,24595,56810]}\n>player p2 {\"name\":\"John15734\",\"avatar\":\"striker\",\"rating\":0,\"seed\":[42264,12111,11354,58048]}\n>p1 move swordsdance\n>p2 move closecombat\n>p1 move earthquake\n>p2 move closecombat\n>p2 switch 5\n>p1 move scaleshot\n>p2 move closecombat\n>p2 switch 2\n>p1 move iciclespear\n>p2 move headlongrush\n>p2 switch 6\n>p1 move scaleshot\n>p2 move expandingforce\n>p1 switch 2\n>p1 move shadowball\n>p2 move expandingforce\n>p1 move drainingkiss\n>p2 move expandingforce\n>p1 move drainingkiss\n>p2 move expandingforce\n>p1 switch 6\n>p1 move shellsmash\n>p2 move expandingforce\n>p1 move headlongrush\n>p2 move expandingforce\n>p1 switch 4\n>p1 move knockoff\n>p2 move expandingforce\n>p1 move knockoff\n>p2 switch 4\n>p1 move surf\n>p2 move focusblast\n>p2 switch 3\n>p1 move icebeam\n>p2 move powerwhip\n>p1 move roost\n>p2 move powerwhip\n>p1 switch 5\n>p1 move extremespeed\n>p2 move poisonjab\n>p2 switch 4\n>p1 move extremespeed\n>p2 move expandingforce\n>p1 move extremespeed\n>p2 move expandingforce\n>p1 switch 3\n>p1 move crunch\n>p2 move expandingforce", "uploadtime": 1733886201, "views": 6, "formatid": "gen9randombattle", "rating": null, "private": 0, "password": null}