{"id": "gen9randombattle-2138539536", "format": "[Gen 9] Random Battle", "players": ["Irongraf", "BillyFan302"], "log": "|j|\u2606Irongraf\n|j|\u2606BillyFan302\n|t:|1717736473\n|gametype|singles\n|player|p1|Irongraf|steven|2287\n|player|p2|BillyFan302|skier-gen2|2281\n|teamsize|p1|6\n|teamsize|p2|6\n|gen|9\n|tier|[Gen 9] Random Battle\n|rated|\n|rule|Species Clause: Limit one of each Pok\u00e9mon\n|rule|HP Percentage Mod: HP is shown in percentages\n|rule|Sleep Clause Mod: Limit one foe put to sleep\n|rule|Illusion Level Mod: Illusion disguises the Pok\u00e9mon's true level\n|\n|t:|1717736473\n|start\n|switch|p1a: Brambleghast|Brambleghast, L88, F|240/240\n|switch|p2a: Falinks|Falinks, L85|249/249\n|turn|1\n|inactive|Battle timer is ON: inactive players will automatically lose when time's up. (requested by Irongraf)\n|inactive|BillyFan302 has 120 seconds left.\n|inactive|BillyFan302 has 90 seconds left.\n|\n|t:|1717736534\n|move|p1a: Brambleghast|Power Whip|p2a: Falinks\n|-damage|p2a: Falinks|114/249\n|move|p2a: Falinks|No Retreat|p2a: Falinks\n|-boost|p2a: Falinks|atk|1\n|-boost|p2a: Falinks|def|1\n|-boost|p2a: Falinks|spa|1\n|-boost|p2a: Falinks|spd|1\n|-boost|p2a: Falinks|spe|1\n|-start|p2a: Falinks|move: No Retreat\n|\n|upkeep\n|turn|2\n|\n|t:|1717736541\n|switch|p1a: Magcargo|Magcargo, L94, F|265/265\n|move|p2a: Falinks|Knock Off|p1a: Magcargo\n|-damage|p1a: Magcargo|165/265\n|-ability|p1a: Magcargo|Weak Armor|boost\n|-unboost|p1a: Magcargo|def|1\n|-boost|p1a: Magcargo|spe|2\n|-enditem|p1a: Magcargo|Heavy-Duty Boots|[from] move: Knock Off|[of] p2a: Falinks\n|-damage|p2a: Falinks|90/249|[from] item: Life Orb\n|\n|upkeep\n|turn|3\n|\n|t:|1717736568\n|move|p2a: Falinks|Close Combat|p1a: Magcargo\n|-supereffective|p1a: Magcargo\n|-damage|p1a: Magcargo|0 fnt\n|-unboost|p2a: Falinks|def|1\n|-unboost|p2a: Falinks|spd|1\n|faint|p1a: Magcargo\n|-damage|p2a: Falinks|66/249|[from] item: Life Orb\n|\n|upkeep\n|\n|t:|1717736583\n|switch|p1a: Arcanine|Arcanine, L84, M|287/287\n|-ability|p1a: Arcanine|Intimidate|boost\n|-unboost|p2a: Falinks|atk|1\n|-ability|p2a: Falinks|Defiant|boost\n|-boost|p2a: Falinks|atk|2\n|turn|4\n|j| TiltAccount2\n|inactive|BillyFan302 has 120 seconds left.\n|inactive|BillyFan302 has 90 seconds left.\n|\n|t:|1717736638\n|-terastallize|p2a: Falinks|Ghost\n|move|p2a: Falinks|Close Combat|p1a: Arcanine\n|-damage|p1a: Arcanine|0 fnt\n|-unboost|p2a: Falinks|def|1\n|-unboost|p2a: Falinks|spd|1\n|faint|p1a: Arcanine\n|-damage|p2a: Falinks|42/249|[from] item: Life Orb\n|\n|upkeep\n|\n|t:|1717736648\n|switch|p1a: Banette|Banette, L93, M|270/270\n|turn|5\n|inactive|BillyFan302 has 90 seconds left.\n|\n|t:|1717736677\n|move|p1a: Banette|Shadow Sneak|p2a: Falinks\n|-supereffective|p2a: Falinks\n|-damage|p2a: Falinks|0 fnt\n|faint|p2a: Falinks\n|-damage|p1a: Banette|243/270|[from] item: Life Orb\n|\n|upkeep\n|\n|t:|1717736687\n|switch|p2a: Walking Wake|Walking Wake, L79|286/286\n|turn|6\n|\n|t:|1717736695\n|switch|p1a: Amoonguss|Amoonguss, L82, F|321/321\n|move|p2a: Walking Wake|Draco Meteor|p1a: Amoonguss\n|-damage|p1a: Amoonguss|90/321\n|-unboost|p2a: Walking Wake|spa|2\n|-damage|p2a: Walking Wake|258/286|[from] item: Life Orb\n|\n|-heal|p1a: Amoonguss|110/321|[from] item: Leftovers\n|upkeep\n|turn|7\n|\n|t:|1717736708\n|-end|p2a: Walking Wake|Protosynthesis|[silent]\n|switch|p2a: Sceptile|Sceptile, L87, F|264/264\n|-terastallize|p1a: Amoonguss|Water\n|move|p1a: Amoonguss|Spore|p2a: Sceptile\n|-immune|p2a: Sceptile\n|\n|-heal|p1a: Amoonguss|130/321|[from] item: Leftovers\n|upkeep\n|turn|8\n|inactive|BillyFan302 has 90 seconds left.\n|\n|t:|1717736724\n|switch|p1a: Brambleghast|Brambleghast, L88, F|240/240\n|move|p2a: Sceptile|Shed Tail|p2a: Sceptile\n|-start|p2a: Sceptile|Substitute|[from] move: Shed Tail\n|-damage|p2a: Sceptile|132/264\n|\n|t:|1717736743\n|switch|p2a: Veluza|Veluza, L85, F|292/292|[from] Shed Tail\n|\n|upkeep\n|turn|9\n|\n|t:|1717736767\n|move|p1a: Brambleghast|Poltergeist|p2a: Veluza\n|-activate|p2a: Veluza|move: Poltergeist|Choice Band\n|-supereffective|p2a: Veluza\n|-end|p2a: Veluza|Substitute\n|move|p2a: Veluza|Night Slash|p1a: Brambleghast\n|-supereffective|p1a: Brambleghast\n|-damage|p1a: Brambleghast|0 fnt\n|faint|p1a: Brambleghast\n|\n|upkeep\n|\n|t:|1717736770\n|switch|p1a: Banette|Banette, L93, M|243/270\n|turn|10\n|inactive|BillyFan302 has 90 seconds left.\n|\n|t:|1717736777\n|switch|p2a: Sceptile|Sceptile, L87, F|132/264\n|move|p1a: Banette|Poltergeist|p2a: Sceptile|[miss]\n|-miss|p1a: Banette|p2a: Sceptile\n|\n|upkeep\n|turn|11\n|\n|t:|1717736783\n|move|p2a: Sceptile|Giga Drain|p1a: Banette\n|-damage|p1a: Banette|118/270\n|-heal|p2a: Sceptile|195/264|[from] drain|[of] p1a: Banette\n|-damage|p2a: Sceptile|169/264|[from] item: Life Orb\n|move|p1a: Banette|Poltergeist|p2a: Sceptile\n|-activate|p2a: Sceptile|move: Poltergeist|Life Orb\n|-crit|p2a: Sceptile\n|-damage|p2a: Sceptile|0 fnt\n|faint|p2a: Sceptile\n|-damage|p1a: Banette|91/270|[from] item: Life Orb\n|\n|upkeep\n|\n|t:|1717736793\n|switch|p2a: Articuno|Articuno, L86|295/295\n|-ability|p2a: Articuno|Pressure\n|turn|12\n|inactive|Irongraf has 120 seconds left.\n|inactive|Irongraf has 90 seconds left.\n|\n|t:|1717736859\n|switch|p1a: Copperajah|Copperajah, L86, M|350/350\n|move|p2a: Articuno|Brave Bird|p1a: Copperajah\n|-resisted|p1a: Copperajah\n|-damage|p1a: Copperajah|281/350\n|-damage|p2a: Articuno|272/295|[from] Recoil\n|\n|upkeep\n|turn|13\n|inactive|Irongraf has 90 seconds left.\n|inactive|BillyFan302 has 90 seconds left.\n|\n|t:|1717736889\n|switch|p2a: Torkoal|Torkoal, L88, M|266/266\n|-weather|SunnyDay|[from] ability: Drought|[of] p2a: Torkoal\n|move|p1a: Copperajah|Supercell Slam|p2a: Torkoal\n|-damage|p2a: Torkoal|170/266\n|\n|-weather|SunnyDay|[upkeep]\n|upkeep\n|turn|14\n|\n|t:|1717736893\n|switch|p1a: Amoonguss|Amoonguss, L82, F, tera:Water|237/321\n|move|p2a: Torkoal|Lava Plume|p1a: Amoonguss\n|-resisted|p1a: Amoonguss\n|-damage|p1a: Amoonguss|168/321\n|\n|-weather|SunnyDay|[upkeep]\n|-heal|p1a: Amoonguss|188/321|[from] item: Leftovers\n|upkeep\n|turn|15\n|\n|t:|1717736902\n|move|p1a: Amoonguss|Spore|p2a: Torkoal\n|-status|p2a: Torkoal|slp|[from] move: Spore\n|cant|p2a: Torkoal|slp\n|\n|-weather|SunnyDay|[upkeep]\n|-heal|p1a: Amoonguss|208/321|[from] item: Leftovers\n|upkeep\n|turn|16\n|\n|t:|1717736917\n|switch|p2a: Articuno|Articuno, L86|272/295\n|-ability|p2a: Articuno|Pressure\n|move|p1a: Amoonguss|Sludge Bomb|p2a: Articuno\n|-damage|p2a: Articuno|209/295\n|\n|-weather|SunnyDay|[upkeep]\n|-heal|p1a: Amoonguss|228/321|[from] item: Leftovers\n|upkeep\n|turn|17\n|\n|t:|1717736922\n|switch|p2a: Veluza|Veluza, L85, F|292/292\n|switch|p1a: Copperajah|Copperajah, L86, M|281/350\n|\n|-weather|none\n|upkeep\n|turn|18\n|inactive|BillyFan302 has 120 seconds left.\n|\n|t:|1717736930\n|move|p2a: Veluza|Aqua Cutter|p1a: Copperajah\n|-damage|p1a: Copperajah|76/350\n|move|p1a: Copperajah|Knock Off|p2a: Veluza\n|-supereffective|p2a: Veluza\n|-damage|p2a: Veluza|0 fnt\n|-enditem|p2a: Veluza|Choice Band|[from] move: Knock Off|[of] p1a: Copperajah\n|faint|p2a: Veluza\n|\n|upkeep\n|inactive|BillyFan302 has 120 seconds left.\n|\n|t:|1717736936\n|switch|p2a: Walking Wake|Walking Wake, L79|258/286\n|turn|19\n|inactive|BillyFan302 has 120 seconds left.\n|inactive|Irongraf has 120 seconds left.\n|\n|t:|1717736962\n|switch|p1a: Amoonguss|Amoonguss, L82, F, tera:Water|321/321\n|move|p2a: Walking Wake|Sunny Day|p2a: Walking Wake\n|-weather|SunnyDay\n|-activate|p2a: Walking Wake|ability: Protosynthesis\n|-start|p2a: Walking Wake|protosynthesisspa\n|\n|-weather|SunnyDay|[upkeep]\n|upkeep\n|turn|20\n|inactive|BillyFan302 has 120 seconds left.\n|\n|t:|1717736986\n|move|p2a: Walking Wake|Hydro Steam|p1a: Amoonguss\n|-resisted|p1a: Amoonguss\n|-damage|p1a: Amoonguss|198/321\n|-damage|p2a: Walking Wake|230/286|[from] item: Life Orb\n|move|p1a: Amoonguss|Sludge Bomb|p2a: Walking Wake\n|-damage|p2a: Walking Wake|133/286\n|\n|-weather|SunnyDay|[upkeep]\n|-heal|p1a: Amoonguss|218/321|[from] item: Leftovers\n|upkeep\n|turn|21\n|inactive|Irongraf has 120 seconds left.\n|\n|t:|1717737003\n|move|p2a: Walking Wake|Draco Meteor|p1a: Amoonguss\n|-damage|p1a: Amoonguss|0 fnt\n|-unboost|p2a: Walking Wake|spa|2\n|faint|p1a: Amoonguss\n|-damage|p2a: Walking Wake|105/286|[from] item: Life Orb\n|\n|-weather|SunnyDay|[upkeep]\n|upkeep\n|\n|t:|1717737006\n|switch|p1a: Banette|Banette, L93, M|91/270\n|turn|22\n|\n|t:|1717737011\n|-end|p2a: Walking Wake|Protosynthesis|[silent]\n|switch|p2a: Torkoal|Torkoal, L88, M|170/266 slp\n|move|p1a: Banette|Shadow Sneak|p2a: Torkoal\n|-damage|p2a: Torkoal|119/266 slp\n|-damage|p1a: Banette|64/270|[from] item: Life Orb\n|\n|-weather|SunnyDay|[upkeep]\n|upkeep\n|turn|23\n|\n|t:|1717737016\n|move|p1a: Banette|Poltergeist|p2a: Torkoal\n|-activate|p2a: Torkoal|move: Poltergeist|Heavy-Duty Boots\n|-damage|p2a: Torkoal|0 fnt\n|faint|p2a: Torkoal\n|-damage|p1a: Banette|37/270|[from] item: Life Orb\n|\n|-weather|none\n|upkeep\n|\n|t:|1717737017\n|switch|p2a: Articuno|Articuno, L86|209/295\n|-ability|p2a: Articuno|Pressure\n|turn|24\n|\n|t:|1717737030\n|move|p2a: Articuno|Brave Bird|p1a: Banette\n|-damage|p1a: Banette|0 fnt\n|-start|p2a: Articuno|Disable|Brave Bird|[from] ability: Cursed Body|[of] p1a: Banette\n|faint|p1a: Banette\n|-damage|p2a: Articuno|197/295|[from] Recoil\n|\n|upkeep\n|\n|t:|1717737031\n|switch|p1a: Copperajah|Copperajah, L86, M|76/350\n|turn|25\n|\n|t:|1717737036\n|move|p2a: Articuno|Freeze-Dry|p1a: Copperajah\n|-resisted|p1a: Copperajah\n|-damage|p1a: Copperajah|33/350\n|move|p1a: Copperajah|Heavy Slam|p2a: Articuno\n|-supereffective|p2a: Articuno\n|-damage|p2a: Articuno|0 fnt\n|faint|p2a: Articuno\n|\n|upkeep\n|\n|t:|1717737038\n|switch|p2a: Walking Wake|Walking Wake, L79|105/286\n|turn|26\n|\n|t:|1717737042\n|move|p2a: Walking Wake|Hydro Steam|p1a: Copperajah\n|-damage|p1a: Copperajah|0 fnt\n|faint|p1a: Copperajah\n|-damage|p2a: Walking Wake|77/286|[from] item: Life Orb\n|\n|win|BillyFan302\n|raw|Irongraf's rating: 2267 &rarr; <strong>2248</strong><br />(-19 for losing)\n|raw|BillyFan302's rating: 2281 &rarr; <strong>2300</strong><br />(+19 for winning)\n|l|\u2606Irongraf\n|player|p1|\n", "inputlog": ">version e046c5ea766451ca9500a73fe72ec774e92e6f7e\n>start {\"formatid\":\"gen9randombattle\",\"seed\":[4486,43627,42067,23481],\"rated\":\"Rated battle\"}\n>player p1 {\"name\":\"Irongraf\",\"avatar\":\"steven\",\"rating\":2287,\"seed\":[52097,60606,5775,47048]}\n>player p2 {\"name\":\"BillyFan302\",\"avatar\":\"skier-gen2\",\"rating\":2281,\"seed\":[17192,57175,9365,38548]}\n>p1 move powerwhip\n>p2 move noretreat\n>p1 switch 3\n>p2 move knockoff\n>p1 move shellsmash\n>p2 move closecombat\n>p1 switch 2\n>p1 move flareblitz\n>p2 move closecombat terastallize\n>p1 switch 5\n>p1 move shadowsneak\n>p2 move knockoff\n>p2 switch 6\n>p1 switch 6\n>p2 move dracometeor\n>p1 move spore terastallize\n>p2 switch 2\n>p1 switch 3\n>p2 move shedtail\n>p2 switch 4\n>p1 move poltergeist\n>p2 move nightslash\n>p1 switch 6\n>p1 move poltergeist\n>p2 switch 4\n>p1 move poltergeist\n>p2 move gigadrain\n>p2 switch 3\n>p1 switch 4\n>p2 move bravebird\n>p1 move supercellslam\n>p2 switch 5\n>p1 switch 3\n>p2 move lavaplume\n>p1 move spore\n>p2 move yawn\n>p1 move sludgebomb\n>p2 switch 5\n>p1 switch 3\n>p2 switch 4\n>p1 move knockoff\n>p2 move aquacutter\n>p2 switch 2\n>p1 switch 3\n>p2 move sunnyday\n>p1 move sludgebomb\n>p2 move hydrosteam\n>p1 move sludgebomb\n>p2 move dracometeor\n>p1 switch 4\n>p1 move shadowsneak\n>p2 switch 5\n>p1 move poltergeist\n>p2 move lavaplume\n>p2 switch 4\n>p1 move poltergeist\n>p2 move bravebird\n>p1 switch 3\n>p1 move heavyslam\n>p2 move freezedry\n>p2 switch 5\n>p1 move heavyslam\n>p2 move hydrosteam", "uploadtime": 1717737125, "views": 192, "formatid": "gen9randombattle", "rating": 2248, "private": 0, "password": null}