{"id": "gen9randombattle-2259967792", "format": "[Gen 9] Random Battle", "players": ["elbati", "EveryMatchIsRigged"], "log": "|j|\u2606elbati\n|j|\u2606EveryMatchIsRigged\n|t:|1733785446\n|gametype|singles\n|player|p1|elbati|picnicker|1363\n|player|p2|EveryMatchIsRigged|acetrainerf|1361\n|teamsize|p1|6\n|teamsize|p2|6\n|gen|9\n|tier|[Gen 9] Random Battle\n|rated|\n|rule|Species Clause: Limit one of each Pok\u00e9mon\n|rule|HP Percentage Mod: HP is shown in percentages\n|rule|Sleep Clause Mod: Limit one foe put to sleep\n|rule|Illusion Level Mod: Illusion disguises the Pok\u00e9mon's true level\n|\n|t:|1733785446\n|start\n|switch|p1a: Slither Wing|Slither Wing, L81|270/270\n|switch|p2a: Dunsparce|Dunsparce, L86, M|312/312\n|turn|1\n|inactive|Battle timer is ON: inactive players will automatically lose when time's up. (requested by EveryMatchIsRigged)\n|inactive|elbati also wants the timer to be on.\n|c|\u2606EveryMatchIsRigged|Good luck\n|c|\u2606elbati|gl\n|\n|t:|1733785456\n|-terastallize|p2a: Dunsparce|Ground\n|move|p1a: Slither Wing|First Impression|p2a: Dunsparce\n|-damage|p2a: Dunsparce|203/312\n|-damage|p1a: Slither Wing|243/270|[from] item: Life Orb\n|move|p2a: Dunsparce|Coil|p2a: Dunsparce\n|-boost|p2a: Dunsparce|atk|1\n|-boost|p2a: Dunsparce|def|1\n|-boost|p2a: Dunsparce|accuracy|1\n|\n|upkeep\n|turn|2\n|\n|t:|1733785467\n|-end|p1a: Slither Wing|Protosynthesis|[silent]\n|switch|p1a: Slowking|Slowking-Galar, L85, M|300/300\n|move|p2a: Dunsparce|Body Slam|p1a: Slowking\n|-damage|p1a: Slowking|176/300\n|-status|p1a: Slowking|par\n|\n|upkeep\n|turn|3\n|\n|t:|1733785473\n|move|p2a: Dunsparce|Earthquake|p1a: Slowking\n|-supereffective|p1a: Slowking\n|-damage|p1a: Slowking|0 fnt\n|faint|p1a: Slowking\n|\n|upkeep\n|\n|t:|1733785484\n|switch|p1a: Oinkologne|Oinkologne-F, L92, F|361/361\n|turn|4\n|\n|t:|1733785488\n|move|p1a: Oinkologne|Curse|p1a: Oinkologne\n|-unboost|p1a: Oinkologne|spe|1\n|-boost|p1a: Oinkologne|atk|1\n|-boost|p1a: Oinkologne|def|1\n|move|p2a: Dunsparce|Coil|p2a: Dunsparce\n|-boost|p2a: Dunsparce|atk|1\n|-boost|p2a: Dunsparce|def|1\n|-boost|p2a: Dunsparce|accuracy|1\n|\n|upkeep\n|turn|5\n|\n|t:|1733785495\n|move|p2a: Dunsparce|Body Slam|p1a: Oinkologne\n|-damage|p1a: Oinkologne|250/361\n|-status|p1a: Oinkologne|par\n|move|p1a: Oinkologne|Curse|p1a: Oinkologne\n|-unboost|p1a: Oinkologne|spe|1\n|-boost|p1a: Oinkologne|atk|1\n|-boost|p1a: Oinkologne|def|1\n|\n|-heal|p1a: Oinkologne|272/361 par|[from] item: Leftovers\n|upkeep\n|turn|6\n|\n|t:|1733785506\n|move|p2a: Dunsparce|Roost|p2a: Dunsparce\n|-heal|p2a: Dunsparce|312/312\n|move|p1a: Oinkologne|Body Slam|p2a: Dunsparce\n|-damage|p2a: Dunsparce|230/312\n|\n|-heal|p1a: Oinkologne|294/361 par|[from] item: Leftovers\n|upkeep\n|turn|7\n|\n|t:|1733785513\n|move|p2a: Dunsparce|Earthquake|p1a: Oinkologne\n|-damage|p1a: Oinkologne|192/361 par\n|move|p1a: Oinkologne|Curse|p1a: Oinkologne\n|-unboost|p1a: Oinkologne|spe|1\n|-boost|p1a: Oinkologne|atk|1\n|-boost|p1a: Oinkologne|def|1\n|\n|-heal|p1a: Oinkologne|214/361 par|[from] item: Leftovers\n|upkeep\n|turn|8\n|\n|t:|1733785529\n|move|p2a: Dunsparce|Earthquake|p1a: Oinkologne\n|-damage|p1a: Oinkologne|136/361 par\n|move|p1a: Oinkologne|Body Slam|p2a: Dunsparce\n|-damage|p2a: Dunsparce|133/312\n|\n|-heal|p1a: Oinkologne|158/361 par|[from] item: Leftovers\n|upkeep\n|turn|9\n|\n|t:|1733785537\n|move|p2a: Dunsparce|Earthquake|p1a: Oinkologne\n|-damage|p1a: Oinkologne|77/361 par\n|move|p1a: Oinkologne|Body Slam|p2a: Dunsparce\n|-damage|p2a: Dunsparce|33/312\n|\n|-heal|p1a: Oinkologne|99/361 par|[from] item: Leftovers\n|upkeep\n|turn|10\n|\n|t:|1733785544\n|move|p2a: Dunsparce|Earthquake|p1a: Oinkologne\n|-damage|p1a: Oinkologne|18/361 par\n|move|p1a: Oinkologne|Body Slam|p2a: Dunsparce\n|-damage|p2a: Dunsparce|0 fnt\n|faint|p2a: Dunsparce\n|\n|-heal|p1a: Oinkologne|40/361 par|[from] item: Leftovers\n|upkeep\n|c|\u2606elbati|no roost?\n|\n|t:|1733785552\n|switch|p2a: Rabsca|Rabsca, L91, M|284/284\n|turn|11\n|\n|t:|1733785557\n|move|p2a: Rabsca|Bug Buzz|p1a: Oinkologne\n|-damage|p1a: Oinkologne|0 fnt\n|faint|p1a: Oinkologne\n|\n|upkeep\n|\n|t:|1733785563\n|switch|p1a: Zekrom|Zekrom, L71|259/259\n|-ability|p1a: Zekrom|Teravolt\n|turn|12\n|\n|t:|1733785568\n|move|p1a: Zekrom|Substitute|p1a: Zekrom\n|-start|p1a: Zekrom|Substitute\n|-damage|p1a: Zekrom|195/259\n|move|p2a: Rabsca|Trick Room|p2a: Rabsca\n|-fieldstart|move: Trick Room|[of] p2a: Rabsca\n|\n|-heal|p1a: Zekrom|211/259|[from] item: Leftovers\n|upkeep\n|turn|13\n|\n|t:|1733785575\n|move|p2a: Rabsca|Bug Buzz|p1a: Zekrom\n|-damage|p1a: Zekrom|79/259\n|move|p1a: Zekrom|Dragon Dance|p1a: Zekrom\n|-boost|p1a: Zekrom|atk|1\n|-boost|p1a: Zekrom|spe|1\n|\n|-heal|p1a: Zekrom|95/259|[from] item: Leftovers\n|upkeep\n|turn|14\n|\n|t:|1733785583\n|-terastallize|p1a: Zekrom|Steel\n|move|p2a: Rabsca|Bug Buzz|p1a: Zekrom\n|-resisted|p1a: Zekrom\n|-damage|p1a: Zekrom|24/259\n|move|p1a: Zekrom|Bolt Strike|p2a: Rabsca\n|-damage|p2a: Rabsca|91/284\n|\n|-heal|p1a: Zekrom|40/259|[from] item: Leftovers\n|upkeep\n|turn|15\n|\n|t:|1733785593\n|switch|p1a: Arcanine|Arcanine, L84, F|288/288\n|-ability|p1a: Arcanine|Intimidate|boost\n|-unboost|p2a: Rabsca|atk|1\n|move|p2a: Rabsca|Bug Buzz|p1a: Arcanine\n|-resisted|p1a: Arcanine\n|-damage|p1a: Arcanine|222/288\n|\n|upkeep\n|turn|16\n|\n|t:|1733785602\n|move|p2a: Rabsca|Revival Blessing|p2a: Rabsca\n|\n|t:|1733785603\n|-heal|p2: Dunsparce|156/312|[from] move: Revival Blessing\n|move|p1a: Arcanine|Morning Sun|p1a: Arcanine\n|-heal|p1a: Arcanine|288/288\n|\n|-fieldend|move: Trick Room\n|upkeep\n|turn|17\n|\n|t:|1733785611\n|move|p1a: Arcanine|Flare Blitz|p2a: Rabsca\n|-supereffective|p2a: Rabsca\n|-damage|p2a: Rabsca|0 fnt\n|faint|p2a: Rabsca\n|-damage|p1a: Arcanine|258/288|[from] Recoil\n|\n|upkeep\n|\n|t:|1733785617\n|switch|p2a: Dunsparce|Dunsparce, L86, M|156/312\n|turn|18\n|\n|t:|1733785622\n|move|p1a: Arcanine|Close Combat|p2a: Dunsparce\n|-supereffective|p2a: Dunsparce\n|-damage|p2a: Dunsparce|6/312\n|-unboost|p1a: Arcanine|def|1\n|-unboost|p1a: Arcanine|spd|1\n|move|p2a: Dunsparce|Earthquake|p1a: Arcanine\n|-supereffective|p1a: Arcanine\n|-damage|p1a: Arcanine|80/288\n|\n|upkeep\n|turn|19\n|\n|t:|1733785631\n|move|p1a: Arcanine|Close Combat|p2a: Dunsparce\n|-supereffective|p2a: Dunsparce\n|-damage|p2a: Dunsparce|0 fnt\n|-unboost|p1a: Arcanine|def|1\n|-unboost|p1a: Arcanine|spd|1\n|faint|p2a: Dunsparce\n|\n|upkeep\n|\n|t:|1733785640\n|switch|p2a: Arceus|Arceus-Electric, L70|284/284\n|turn|20\n|\n|t:|1733785645\n|move|p2a: Arceus|Judgment|p1a: Arcanine\n|-damage|p1a: Arcanine|0 fnt\n|faint|p1a: Arcanine\n|\n|upkeep\n|\n|t:|1733785647\n|switch|p1a: Zekrom|Zekrom, L71, tera:Steel|40/259\n|-ability|p1a: Zekrom|Teravolt\n|turn|21\n|\n|t:|1733785654\n|move|p2a: Arceus|Ice Beam|p1a: Zekrom\n|-resisted|p1a: Zekrom\n|-damage|p1a: Zekrom|13/259\n|-status|p1a: Zekrom|frz\n|cant|p1a: Zekrom|frz\n|\n|-heal|p1a: Zekrom|29/259 frz|[from] item: Leftovers\n|upkeep\n|turn|22\n|c|\u2606elbati|bro\n|\n|t:|1733785662\n|move|p2a: Arceus|Judgment|p1a: Zekrom\n|-damage|p1a: Zekrom|0 fnt\n|faint|p1a: Zekrom\n|\n|upkeep\n|\n|t:|1733785666\n|switch|p1a: Slither Wing|Slither Wing, L81|243/270\n|turn|23\n|c|\u2606EveryMatchIsRigged|yeah\n|c|\u2606EveryMatchIsRigged|thats just bad luck\n|\n|t:|1733785678\n|move|p1a: Slither Wing|First Impression|p2a: Arceus\n|-damage|p2a: Arceus|148/284\n|-damage|p1a: Slither Wing|216/270|[from] item: Life Orb\n|move|p2a: Arceus|Calm Mind|p2a: Arceus\n|-boost|p2a: Arceus|spa|1\n|-boost|p2a: Arceus|spd|1\n|\n|upkeep\n|turn|24\n|\n|t:|1733785686\n|move|p2a: Arceus|Judgment|p1a: Slither Wing\n|-damage|p1a: Slither Wing|66/270\n|move|p1a: Slither Wing|Close Combat|p2a: Arceus\n|-damage|p2a: Arceus|0 fnt\n|-unboost|p1a: Slither Wing|def|1\n|-unboost|p1a: Slither Wing|spd|1\n|faint|p2a: Arceus\n|-damage|p1a: Slither Wing|39/270|[from] item: Life Orb\n|\n|upkeep\n|\n|t:|1733785697\n|switch|p2a: Flareon|Flareon, L90, M|263/263\n|turn|25\n|\n|t:|1733785702\n|move|p2a: Flareon|Quick Attack|p1a: Slither Wing\n|-damage|p1a: Slither Wing|0 fnt\n|faint|p1a: Slither Wing\n|-end|p1a: Slither Wing|Protosynthesis|[silent]\n|\n|-status|p2a: Flareon|tox|[from] item: Toxic Orb\n|upkeep\n|\n|t:|1733785704\n|switch|p1a: Gallade|Gallade, L81, M|243/243\n|turn|26\n|\n|t:|1733785714\n|move|p1a: Gallade|Sacred Sword|p2a: Flareon\n|-damage|p2a: Flareon|0 fnt\n|faint|p2a: Flareon\n|-damage|p1a: Gallade|219/243|[from] item: Life Orb\n|\n|upkeep\n|\n|t:|1733785721\n|switch|p2a: Virizion|Virizion, L82|283/283\n|turn|27\n|\n|t:|1733785728\n|move|p2a: Virizion|Leaf Blade|p1a: Gallade\n|-damage|p1a: Gallade|83/243\n|-damage|p2a: Virizion|255/283|[from] item: Life Orb\n|move|p1a: Gallade|Psycho Cut|p2a: Virizion\n|-supereffective|p2a: Virizion\n|-damage|p2a: Virizion|0 fnt\n|faint|p2a: Virizion\n|-damage|p1a: Gallade|59/243|[from] item: Life Orb\n|\n|upkeep\n|\n|t:|1733785736\n|switch|p2a: Falinks|Falinks, L84|246/246\n|turn|28\n|\n|t:|1733785745\n|move|p1a: Gallade|Psycho Cut|p2a: Falinks\n|-supereffective|p2a: Falinks\n|-damage|p2a: Falinks|0 fnt\n|faint|p2a: Falinks\n|-damage|p1a: Gallade|35/243|[from] item: Life Orb\n|\n|win|elbati\n|raw|elbati's rating: 1363 &rarr; <strong>1383</strong><br />(+20 for winning)\n|raw|EveryMatchIsRigged's rating: 1361 &rarr; <strong>1341</strong><br />(-20 for losing)\n|c|\u2606EveryMatchIsRigged|thanks for the game\n|c|\u2606elbati|gg\n", "inputlog": ">version bfd83cad13791eb5a5a409923076391caf6fb4d4\n>start {\"formatid\":\"gen9randombattle\",\"seed\":[54423,34896,63900,7752],\"rated\":\"Rated battle\"}\n>player p1 {\"name\":\"elbati\",\"avatar\":\"picnicker\",\"rating\":1363,\"seed\":[41017,19234,18957,22358]}\n>player p2 {\"name\":\"EveryMatchIsRigged\",\"avatar\":\"acetrainerf\",\"rating\":1361,\"seed\":[57253,51889,9385,63467]}\n>chat \u2606EveryMatchIsRigged|Good luck\n>chat \u2606elbati|gl\n>p1 move firstimpression\n>p2 move coil terastallize\n>p1 switch 6\n>p2 move bodyslam\n>p1 move surf\n>p2 move earthquake\n>p1 switch 5\n>p1 move curse\n>p2 move coil\n>p1 move curse\n>p2 move bodyslam\n>p1 move bodyslam\n>p2 move roost\n>p1 move curse\n>p2 move earthquake\n>p1 move bodyslam\n>p2 move earthquake\n>p1 move bodyslam\n>p2 move earthquake\n>p1 move bodyslam\n>p2 move earthquake\n>chat \u2606elbati|no roost?\n>p2 switch 4\n>p1 move bodyslam\n>p2 move bugbuzz\n>p1 switch 2\n>p1 move substitute\n>p2 move trickroom\n>p1 move dragondance\n>p2 move bugbuzz\n>p1 move boltstrike terastallize\n>p2 move bugbuzz\n>p1 switch 3\n>p2 move bugbuzz\n>p1 move morningsun\n>p2 move revivalblessing\n>p2 switch 4\n>p1 move flareblitz\n>p2 move trickroom\n>p2 switch 4\n>p1 move closecombat\n>p2 move earthquake\n>p1 move closecombat\n>p2 move earthquake\n>p2 switch 3\n>p1 move morningsun\n>p2 move judgment\n>p1 switch 3\n>p1 move outrage\n>p2 move icebeam\n>chat \u2606elbati|bro\n>p1 move outrage\n>p2 move judgment\n>p1 switch 6\n>chat \u2606EveryMatchIsRigged|yeah\n>chat \u2606EveryMatchIsRigged|thats just bad luck\n>p1 move firstimpression\n>p2 move calmmind\n>p1 move closecombat\n>p2 move judgment\n>p2 switch 6\n>p1 move closecombat\n>p2 move quickattack\n>p1 switch 4\n>p1 move sacredsword\n>p2 move facade\n>p2 switch 2\n>p1 move psychocut\n>p2 move leafblade\n>p2 switch 5\n>p1 move psychocut\n>p2 move closecombat", "uploadtime": 1733785751, "views": 1, "formatid": "gen9randombattle", "rating": 1341, "private": 0, "password": null}