{"id": "gen9randombattle-2139419303", "format": "[Gen 9] Random Battle", "players": ["zhenjibochouxiang", "Norman2!"], "log": "|badge|p2|silver|gen9randombattle|30-1\n|uhtml|medal-msg|<div class=\"broadcast-blue\">Curious what those medals under the avatar are? PS now has Ladder Seasons! For more information, check out the <a href=\"https://www.smogon.com/forums/threads/3740067/\">thread on Smogon.</a></div>\n|j|\u2606zhenjibochouxiang\n|j|\u203dNorman2!\n|t:|1717863053\n|gametype|singles\n|player|p1|zhenjibochouxiang|red|2254\n|player|p2|Norman2!|169|2402\n|teamsize|p1|6\n|teamsize|p2|6\n|gen|9\n|tier|[Gen 9] Random Battle\n|rated|\n|rule|Species Clause: Limit one of each Pok\u00e9mon\n|rule|HP Percentage Mod: HP is shown in percentages\n|rule|Sleep Clause Mod: Limit one foe put to sleep\n|rule|Illusion Level Mod: Illusion disguises the Pok\u00e9mon's true level\n|\n|t:|1717863053\n|start\n|switch|p1a: Ludicolo|Ludicolo, L90, F|290/290\n|switch|p2a: Arcanine|Arcanine, L84, F|288/288\n|-ability|p2a: Arcanine|Intimidate|boost\n|-unboost|p1a: Ludicolo|atk|1\n|turn|1\n|inactive|Battle timer is ON: inactive players will automatically lose when time's up. (requested by zhenjibochouxiang)\n|inactive|Norman2! has 120 seconds left.\n|inactive|Norman2! has 90 seconds left.\n|\n|t:|1717863133\n|switch|p2a: Veluza|Veluza, L85, M|292/292\n|move|p1a: Ludicolo|Rain Dance|p1a: Ludicolo\n|-weather|RainDance\n|\n|-weather|RainDance|[upkeep]\n|upkeep\n|turn|2\n|\n|t:|1717863142\n|switch|p2a: Spiritomb|Spiritomb, L90, F|236/236\n|move|p1a: Ludicolo|Giga Drain|p2a: Spiritomb\n|-damage|p2a: Spiritomb|141/236\n|-damage|p1a: Ludicolo|261/290|[from] item: Life Orb\n|\n|-weather|RainDance|[upkeep]\n|-heal|p2a: Spiritomb|155/236|[from] item: Leftovers\n|upkeep\n|turn|3\n|\n|t:|1717863148\n|switch|p2a: Sceptile|Sceptile, L87, M|264/264\n|move|p1a: Ludicolo|Hydro Pump|p2a: Sceptile\n|-resisted|p2a: Sceptile\n|-damage|p2a: Sceptile|134/264\n|-damage|p1a: Ludicolo|232/290|[from] item: Life Orb\n|\n|-weather|RainDance|[upkeep]\n|upkeep\n|turn|4\n|\n|t:|1717863154\n|switch|p2a: Spiritomb|Spiritomb, L90, F|155/236\n|move|p1a: Ludicolo|Ice Beam|p2a: Spiritomb\n|-damage|p2a: Spiritomb|78/236\n|-damage|p1a: Ludicolo|203/290|[from] item: Life Orb\n|\n|-weather|RainDance|[upkeep]\n|-heal|p2a: Spiritomb|92/236|[from] item: Leftovers\n|upkeep\n|turn|5\n|\n|t:|1717863161\n|move|p2a: Spiritomb|Sucker Punch|p1a: Ludicolo\n|-damage|p1a: Ludicolo|118/290\n|move|p1a: Ludicolo|Hydro Pump|p2a: Spiritomb\n|-damage|p2a: Spiritomb|0 fnt\n|faint|p2a: Spiritomb\n|-damage|p1a: Ludicolo|89/290|[from] item: Life Orb\n|\n|-weather|none\n|upkeep\n|\n|t:|1717863173\n|switch|p2a: Arcanine|Arcanine, L84, F|288/288\n|-ability|p2a: Arcanine|Intimidate|boost\n|-unboost|p1a: Ludicolo|atk|1\n|turn|6\n|\n|t:|1717863179\n|switch|p1a: Glimmora|Glimmora, L76, F|251/251\n|move|p2a: Arcanine|Flare Blitz|p1a: Glimmora\n|-resisted|p1a: Glimmora\n|-crit|p1a: Glimmora\n|-damage|p1a: Glimmora|139/251\n|-activate|p1a: Glimmora|ability: Toxic Debris\n|-sidestart|p2: Norman2!|move: Toxic Spikes\n|-damage|p2a: Arcanine|251/288|[from] Recoil\n|\n|upkeep\n|turn|7\n|\n|t:|1717863187\n|move|p2a: Arcanine|Close Combat|p1a: Glimmora\n|-damage|p1a: Glimmora|33/251\n|-unboost|p2a: Arcanine|def|1\n|-unboost|p2a: Arcanine|spd|1\n|-activate|p1a: Glimmora|ability: Toxic Debris\n|-sidestart|p2: Norman2!|move: Toxic Spikes\n|move|p1a: Glimmora|Sludge Wave|p2a: Arcanine\n|-damage|p2a: Arcanine|82/288\n|-status|p2a: Arcanine|psn\n|\n|-damage|p2a: Arcanine|46/288 psn|[from] psn\n|upkeep\n|turn|8\n|\n|t:|1717863198\n|move|p2a: Arcanine|Flare Blitz|p1a: Glimmora\n|-resisted|p1a: Glimmora\n|-damage|p1a: Glimmora|0 fnt\n|faint|p1a: Glimmora\n|-damage|p2a: Arcanine|35/288 psn|[from] Recoil\n|\n|-damage|p2a: Arcanine|0 fnt|[from] psn\n|faint|p2a: Arcanine\n|upkeep\n|\n|t:|1717863211\n|switch|p2a: Sceptile|Sceptile, L87, M|134/264\n|switch|p1a: Gothitelle|Gothitelle, L90, M|272/272\n|-status|p2a: Sceptile|tox\n|turn|9\n|\n|t:|1717863216\n|move|p2a: Sceptile|Shed Tail|p2a: Sceptile\n|-start|p2a: Sceptile|Substitute|[from] move: Shed Tail\n|-damage|p2a: Sceptile|2/264 tox\n|\n|t:|1717863232\n|switch|p2a: Veluza|Veluza, L85, M|292/292|[from] Shed Tail\n|-status|p2a: Veluza|tox\n|move|p1a: Gothitelle|Psychic Noise|p2a: Veluza\n|-resisted|p2a: Veluza\n|-damage|p2a: Veluza|239/292 tox\n|-start|p2a: Veluza|move: Heal Block\n|\n|-damage|p2a: Veluza|221/292 tox|[from] psn\n|upkeep\n|turn|10\n|\n|t:|1717863242\n|move|p1a: Gothitelle|Thunderbolt|p2a: Veluza\n|-supereffective|p2a: Veluza\n|-end|p2a: Veluza|Substitute\n|move|p2a: Veluza|Night Slash|p1a: Gothitelle\n|-supereffective|p1a: Gothitelle\n|-damage|p1a: Gothitelle|66/272\n|\n|-heal|p1a: Gothitelle|83/272|[from] item: Leftovers\n|-damage|p2a: Veluza|185/292 tox|[from] psn\n|-end|p2a: Veluza|move: Heal Block\n|upkeep\n|turn|11\n|\n|t:|1717863249\n|move|p2a: Veluza|Night Slash|p1a: Gothitelle\n|-supereffective|p1a: Gothitelle\n|-damage|p1a: Gothitelle|0 fnt\n|faint|p1a: Gothitelle\n|\n|-damage|p2a: Veluza|131/292 tox|[from] psn\n|upkeep\n|\n|t:|1717863255\n|switch|p1a: Ludicolo|Ludicolo, L90, F|89/290\n|turn|12\n|\n|t:|1717863258\n|move|p1a: Ludicolo|Giga Drain|p2a: Veluza\n|-supereffective|p2a: Veluza\n|-damage|p2a: Veluza|0 fnt\n|-heal|p1a: Ludicolo|155/290|[from] drain|[of] p2a: Veluza\n|faint|p2a: Veluza\n|-damage|p1a: Ludicolo|126/290|[from] item: Life Orb\n|\n|upkeep\n|\n|t:|1717863264\n|switch|p2a: Basculin|Basculin-Blue-Striped, L86, F|261/261\n|-status|p2a: Basculin|tox\n|turn|13\n|\n|t:|1717863268\n|move|p2a: Basculin|Double-Edge|p1a: Ludicolo\n|-damage|p1a: Ludicolo|0 fnt\n|faint|p1a: Ludicolo\n|-damage|p2a: Basculin|219/261 tox|[from] Recoil\n|\n|-damage|p2a: Basculin|203/261 tox|[from] psn\n|upkeep\n|\n|t:|1717863277\n|switch|p1a: Calyrex|Calyrex-Ice, L72|263/263\n|-ability|p1a: Calyrex|As One\n|-ability|p1a: Calyrex|Unnerve\n|turn|14\n|\n|t:|1717863285\n|move|p2a: Basculin|Double-Edge|p1a: Calyrex\n|-damage|p1a: Calyrex|163/263\n|-damage|p2a: Basculin|170/261 tox|[from] Recoil\n|move|p1a: Calyrex|Glacial Lance|p2a: Basculin\n|-resisted|p2a: Basculin\n|-damage|p2a: Basculin|87/261 tox\n|\n|-damage|p2a: Basculin|55/261 tox|[from] psn\n|upkeep\n|turn|15\n|\n|t:|1717863292\n|switch|p2a: Sceptile|Sceptile, L87, M|2/264 tox\n|switch|p1a: Orthworm|Orthworm, L88, M|266/266\n|\n|-damage|p2a: Sceptile|0 fnt|[from] psn\n|faint|p2a: Sceptile\n|upkeep\n|\n|t:|1717863298\n|switch|p2a: Basculin|Basculin-Blue-Striped, L86, F|55/261 tox\n|turn|16\n|\n|t:|1717863303\n|move|p2a: Basculin|Flip Turn|p1a: Orthworm\n|-damage|p1a: Orthworm|188/266\n|\n|t:|1717863305\n|switch|p2a: Garchomp|Garchomp, L74, M|282/282|[from] Flip Turn\n|-status|p2a: Garchomp|tox\n|move|p1a: Orthworm|Body Press|p2a: Garchomp\n|-damage|p2a: Garchomp|191/282 tox\n|-damage|p1a: Orthworm|155/266|[from] ability: Rough Skin|[of] p2a: Garchomp\n|-damage|p1a: Orthworm|111/266|[from] item: Rocky Helmet|[of] p2a: Garchomp\n|\n|-damage|p2a: Garchomp|174/282 tox|[from] psn\n|upkeep\n|turn|17\n|\n|t:|1717863311\n|move|p2a: Garchomp|Stealth Rock|p1a: Orthworm\n|-sidestart|p1: zhenjibochouxiang|move: Stealth Rock\n|move|p1a: Orthworm|Body Press|p2a: Garchomp\n|-damage|p2a: Garchomp|81/282 tox\n|-damage|p1a: Orthworm|78/266|[from] ability: Rough Skin|[of] p2a: Garchomp\n|-damage|p1a: Orthworm|34/266|[from] item: Rocky Helmet|[of] p2a: Garchomp\n|\n|-damage|p2a: Garchomp|47/282 tox|[from] psn\n|upkeep\n|turn|18\n|\n|t:|1717863320\n|move|p2a: Garchomp|Outrage|p1a: Orthworm\n|-resisted|p1a: Orthworm\n|-damage|p1a: Orthworm|0 fnt\n|faint|p1a: Orthworm\n|\n|-damage|p2a: Garchomp|0 fnt|[from] psn\n|faint|p2a: Garchomp\n|upkeep\n|\n|t:|1717863326\n|switch|p2a: Basculin|Basculin-Blue-Striped, L86, F|55/261 tox\n|switch|p1a: Calyrex|Calyrex-Ice, L72|163/263\n|-ability|p1a: Calyrex|As One\n|-ability|p1a: Calyrex|Unnerve\n|-damage|p1a: Calyrex|98/263|[from] Stealth Rock\n|turn|19\n|\n|t:|1717863338\n|move|p2a: Basculin|Wave Crash|p1a: Calyrex\n|-damage|p1a: Calyrex|0 fnt\n|faint|p1a: Calyrex\n|-damage|p2a: Basculin|23/261 tox|[from] Recoil\n|\n|-damage|p2a: Basculin|7/261 tox|[from] psn\n|upkeep\n|\n|t:|1717863341\n|switch|p1a: Terapagos|Terapagos, L76, F|262/262\n|-activate|p1a: Terapagos|ability: Tera Shift\n|detailschange|p1a: Terapagos|Terapagos-Terastal, L76, F\n|-heal|p1a: Terapagos|269/269|[silent]\n|-damage|p1a: Terapagos|236/269|[from] Stealth Rock\n|turn|20\n|\n|t:|1717863346\n|-terastallize|p2a: Basculin|Water\n|move|p2a: Basculin|Wave Crash|p1a: Terapagos\n|-damage|p1a: Terapagos|0 fnt\n|faint|p1a: Terapagos\n|-damage|p2a: Basculin|0 fnt|[from] Recoil\n|faint|p2a: Basculin\n|\n|win|Norman2!\n|raw|zhenjibochouxiang's rating: 2254 &rarr; <strong>2242</strong><br />(-12 for losing)\n|raw|Norman2!'s rating: 2402 &rarr; <strong>2414</strong><br />(+12 for winning)\n", "inputlog": ">version e046c5ea766451ca9500a73fe72ec774e92e6f7e\n>start {\"formatid\":\"gen9randombattle\",\"seed\":[20029,37253,41045,27319],\"rated\":\"Rated battle\"}\n>player p1 {\"name\":\"zhenjibochouxiang\",\"avatar\":\"red\",\"rating\":2254,\"seed\":[55400,13046,16023,40093]}\n>player p2 {\"name\":\"Norman2!\",\"avatar\":\"169\",\"rating\":2402,\"seed\":[50477,42998,57103,22364]}\n>p1 move raindance\n>p2 switch 2\n>p1 move gigadrain\n>p2 switch 6\n>p1 move hydropump\n>p2 switch 5\n>p1 move icebeam\n>p2 switch 5\n>p1 move hydropump\n>p2 move suckerpunch\n>p2 switch 2\n>p1 switch 2\n>p2 move flareblitz\n>p1 move sludgewave\n>p2 move closecombat\n>p1 move sludgewave\n>p2 move flareblitz\n>p1 switch 4\n>p2 switch 5\n>p1 move psychicnoise\n>p2 move shedtail\n>p2 switch 6\n>p1 move thunderbolt\n>p2 move nightslash\n>p1 move thunderbolt\n>p2 move nightslash\n>p1 switch 2\n>p1 move gigadrain\n>p2 move nightslash\n>p2 switch 3\n>p1 move gigadrain\n>p2 move doubleedge\n>p1 switch 6\n>p1 move glaciallance\n>p2 move doubleedge\n>p1 switch 5\n>p2 switch 6\n>p2 switch 6\n>p1 move bodypress\n>p2 move flipturn\n>p2 switch 4\n>p1 move bodypress\n>p2 move stealthrock\n>p1 move bodypress\n>p2 move outrage\n>p1 switch 5\n>p2 switch 4\n>p1 move glaciallance\n>p2 move wavecrash\n>p1 switch 3\n>p1 move terastarstorm\n>p2 move wavecrash terastallize", "uploadtime": 1717863350, "views": 201, "formatid": "gen9randombattle", "rating": 2242, "private": 0, "password": null}