{"id": "gen9randombattle-2260714967", "format": "[Gen 9] Random Battle", "players": ["heemin03", "zera_2"], "log": "|j|\u2606heemin03\n|j|\u2606zera_2\n|t:|1733882007\n|gametype|singles\n|player|p1|heemin03|lucas|1500\n|player|p2|zera_2|266|1442\n|teamsize|p1|6\n|teamsize|p2|6\n|gen|9\n|tier|[Gen 9] Random Battle\n|rated|\n|rule|Species Clause: Limit one of each Pok\u00e9mon\n|rule|HP Percentage Mod: HP is shown in percentages\n|rule|Sleep Clause Mod: Limit one foe put to sleep\n|rule|Illusion Level Mod: Illusion disguises the Pok\u00e9mon's true level\n|\n|t:|1733882007\n|start\n|switch|p1a: Eiscue|Eiscue, L88, M|272/272\n|switch|p2a: Gliscor|Gliscor, L76, M|239/239\n|turn|1\n|inactive|Battle timer is ON: inactive players will automatically lose when time's up. (requested by zera_2)\n|\n|t:|1733882031\n|move|p2a: Gliscor|Substitute|p2a: Gliscor\n|-start|p2a: Gliscor|Substitute\n|-damage|p2a: Gliscor|180/239\n|move|p1a: Eiscue|Substitute|p1a: Eiscue\n|-start|p1a: Eiscue|Substitute\n|-damage|p1a: Eiscue|204/272\n|\n|-status|p2a: Gliscor|tox|[from] item: Toxic Orb\n|upkeep\n|turn|2\n|n|!heemin03|heemin03\n|\n|t:|1733882044\n|move|p2a: Gliscor|Earthquake|p1a: Eiscue\n|-end|p1a: Eiscue|Substitute\n|move|p1a: Eiscue|Ice Spinner|p2a: Gliscor\n|-supereffective|p2a: Gliscor\n|-end|p2a: Gliscor|Substitute\n|\n|-heal|p2a: Gliscor|209/239 tox|[from] ability: Poison Heal\n|upkeep\n|turn|3\n|\n|t:|1733882053\n|move|p2a: Gliscor|Protect|p2a: Gliscor\n|-singleturn|p2a: Gliscor|Protect\n|move|p1a: Eiscue|Ice Spinner|p2a: Gliscor\n|-activate|p2a: Gliscor|move: Protect\n|\n|-heal|p2a: Gliscor|238/239 tox|[from] ability: Poison Heal\n|upkeep\n|turn|4\n|\n|t:|1733882067\n|move|p2a: Gliscor|Substitute|p2a: Gliscor\n|-start|p2a: Gliscor|Substitute\n|-damage|p2a: Gliscor|179/239 tox\n|move|p1a: Eiscue|Ice Spinner|p2a: Gliscor\n|-supereffective|p2a: Gliscor\n|-end|p2a: Gliscor|Substitute\n|\n|-heal|p2a: Gliscor|208/239 tox|[from] ability: Poison Heal\n|upkeep\n|turn|5\n|\n|t:|1733882079\n|switch|p2a: Keldeo|Keldeo-Resolute, L79|273/273\n|move|p1a: Eiscue|Ice Spinner|p2a: Keldeo\n|-resisted|p2a: Keldeo\n|-damage|p2a: Keldeo|227/273\n|\n|upkeep\n|turn|6\n|inactive|heemin03 has 120 seconds left.\n|\n|t:|1733882115\n|switch|p1a: Pecharunt|Pecharunt, L77|262/262\n|move|p2a: Keldeo|Secret Sword|p1a: Pecharunt\n|-immune|p1a: Pecharunt\n|\n|upkeep\n|turn|7\n|inactive|heemin03 has 120 seconds left.\n|inactive|zera_2 has 120 seconds left.\n|\n|t:|1733882145\n|move|p2a: Keldeo|Hydro Pump|p1a: Pecharunt\n|-damage|p1a: Pecharunt|93/262\n|-damage|p2a: Keldeo|200/273|[from] item: Life Orb\n|move|p1a: Pecharunt|Parting Shot|p2a: Keldeo\n|-unboost|p2a: Keldeo|atk|1\n|-unboost|p2a: Keldeo|spa|1\n|inactive|heemin03 has 120 seconds left.\n|inactive|heemin03 has 90 seconds left.\n|\n|t:|1733882185\n|switch|p1a: Iron Boulder|Iron Boulder, L77|265/265|[from] Parting Shot\n|\n|upkeep\n|turn|8\n|inactive|heemin03 has 90 seconds left.\n|inactive|zera_2 has 120 seconds left.\n|\n|t:|1733882215\n|move|p1a: Iron Boulder|Swords Dance|p1a: Iron Boulder\n|-boost|p1a: Iron Boulder|atk|2\n|move|p2a: Keldeo|Hydro Pump|p1a: Iron Boulder\n|-supereffective|p1a: Iron Boulder\n|-damage|p1a: Iron Boulder|52/265\n|-damage|p2a: Keldeo|173/273|[from] item: Life Orb\n|\n|upkeep\n|turn|9\n|inactive|heemin03 has 90 seconds left.\n|\n|t:|1733882222\n|move|p2a: Keldeo|Vacuum Wave|p1a: Iron Boulder\n|-damage|p1a: Iron Boulder|12/265\n|-damage|p2a: Keldeo|146/273|[from] item: Life Orb\n|move|p1a: Iron Boulder|Zen Headbutt|p2a: Keldeo\n|-supereffective|p2a: Keldeo\n|-crit|p2a: Keldeo\n|-damage|p2a: Keldeo|0 fnt\n|faint|p2a: Keldeo\n|-damage|p1a: Iron Boulder|0 fnt|[from] item: Life Orb\n|faint|p1a: Iron Boulder\n|-end|p1a: Iron Boulder|Quark Drive|[silent]\n|\n|upkeep\n|inactive|zera_2 has 120 seconds left.\n|inactive|zera_2 has 90 seconds left.\n|\n|t:|1733882270\n|switch|p1a: Klawf|Klawf, L90, F|272/272\n|switch|p2a: Mesprit|Mesprit, L85|275/275\n|turn|10\n|inactive|zera_2 has 90 seconds left.\n|inactive|heemin03 has 90 seconds left.\n|inactive|heemin03 has 60 seconds left.\n|\n|t:|1733882332\n|move|p1a: Klawf|Swords Dance|p1a: Klawf\n|-boost|p1a: Klawf|atk|2\n|move|p2a: Mesprit|Thunder Wave|p1a: Klawf\n|-status|p1a: Klawf|par\n|\n|upkeep\n|turn|11\n|inactive|zera_2 has 90 seconds left.\n|\n|t:|1733882352\n|move|p2a: Mesprit|Encore|p1a: Klawf\n|-start|p1a: Klawf|Encore\n|cant|p1a: Klawf|par\n|\n|upkeep\n|turn|12\n|inactive|heemin03 has 60 seconds left.\n|inactive|heemin03 has 30 seconds left.\n|inactive|heemin03 has 20 seconds left.\n|inactive|heemin03 has 15 seconds left.\n|inactive|heemin03 has 10 seconds left.\n|\n|t:|1733882408\n|switch|p1a: Komala|Komala, L89, M|260/260\n|-ability|p1a: Komala|Comatose\n|move|p2a: Mesprit|Knock Off|p1a: Komala\n|-damage|p1a: Komala|176/260\n|-enditem|p1a: Komala|Choice Scarf|[from] move: Knock Off|[of] p2a: Mesprit\n|\n|upkeep\n|turn|13\n|inactive|heemin03 has 20 seconds left this turn.\n|\n|t:|1733882418\n|move|p2a: Mesprit|Psychic Noise|p1a: Komala\n|-damage|p1a: Komala|98/260\n|-start|p1a: Komala|move: Heal Block\n|move|p1a: Komala|Knock Off|p2a: Mesprit\n|-supereffective|p2a: Mesprit\n|-damage|p2a: Mesprit|135/275\n|-enditem|p2a: Mesprit|Leftovers|[from] move: Knock Off|[of] p1a: Komala\n|\n|upkeep\n|turn|14\n|inactive|heemin03 has 30 seconds left this turn.\n|inactive|heemin03 has 20 seconds left.\n|inactive|heemin03 has 15 seconds left.\n|inactive|zera_2 has 90 seconds left.\n|inactive|heemin03 has 10 seconds left.\n|inactive|heemin03 has 5 seconds left.\n|-message|heemin03 lost due to inactivity.\n|\n|win|zera_2\n", "inputlog": ">version bfd83cad13791eb5a5a409923076391caf6fb4d4\n>start {\"formatid\":\"gen9randombattle\",\"seed\":[26803,4069,59120,17950],\"rated\":\"Rated battle\"}\n>player p1 {\"name\":\"heemin03\",\"avatar\":\"lucas\",\"rating\":1500,\"seed\":[24614,35801,42417,25637]}\n>player p2 {\"name\":\"zera_2\",\"avatar\":\"266\",\"rating\":1442,\"seed\":[52522,6018,59923,58830]}\n>p1 move substitute\n>p2 move substitute\n>chat \u2606heemin03|i bet you won't stay in pussy\n>p1 move icespinner\n>p2 move earthquake\n>p1 move icespinner\n>p2 move protect\n>p1 move icespinner\n>p2 move substitute\n>p1 move icespinner\n>p2 switch 2\n>p1 switch 6\n>p2 move secretsword\n>p1 move partingshot\n>p2 move hydropump\n>p1 switch 3\n>p1 move swordsdance\n>p2 move hydropump\n>p1 move zenheadbutt\n>p2 move vacuumwave\n>p1 switch 5\n>p2 switch 5\n>p1 move swordsdance\n>p2 move thunderwave\n>p1 move knockoff\n>p2 move encore\n>p1 switch 4\n>p2 move knockoff\n>p1 move knockoff\n>p2 move psychicnoise\n>forcelose p1", "uploadtime": 1733882035, "views": 1, "formatid": "gen9randombattle", "rating": null, "private": 0, "password": null}