{"id": "gen9randombattle-2260658036", "format": "[Gen 9] Random Battle", "players": ["flyingwontons", "Evanston"], "log": "|j|\u2606flyingwontons\n|j|\u203dEvanston\n|t:|1733874794\n|gametype|singles\n|player|p1|flyingwontons|266|1871\n|player|p2|Evanston|101|1832\n|teamsize|p1|6\n|teamsize|p2|6\n|gen|9\n|tier|[Gen 9] Random Battle\n|rated|\n|rule|Species Clause: Limit one of each Pok\u00e9mon\n|rule|HP Percentage Mod: HP is shown in percentages\n|rule|Sleep Clause Mod: Limit one foe put to sleep\n|rule|Illusion Level Mod: Illusion disguises the Pok\u00e9mon's true level\n|\n|t:|1733874794\n|start\n|switch|p1a: Scream Tail|Scream Tail, L84|330/330\n|switch|p2a: Fezandipiti|Fezandipiti, L82, M|278/278\n|turn|1\n|inactive|Battle timer is ON: inactive players will automatically lose when time's up. (requested by Evanston)\n|inactive|flyingwontons has 120 seconds left.\n|inactive|flyingwontons has 90 seconds left.\n|inactive|flyingwontons has 60 seconds left.\n|\n|t:|1733874918\n|move|p1a: Scream Tail|Protect|p1a: Scream Tail\n|-singleturn|p1a: Scream Tail|Protect\n|move|p2a: Fezandipiti|Gunk Shot|p1a: Scream Tail\n|-activate|p1a: Scream Tail|move: Protect\n|\n|upkeep\n|turn|2\n|inactive|Evanston has 120 seconds left.\n|\n|t:|1733874955\n|-end|p1a: Scream Tail|Protosynthesis|[silent]\n|switch|p1a: Toxtricity|Toxtricity, L82, M|257/257\n|move|p2a: Fezandipiti|Beat Up|p1a: Toxtricity\n|-damage|p1a: Toxtricity|246/257\n|-damage|p1a: Toxtricity|234/257\n|-damage|p1a: Toxtricity|220/257\n|-damage|p1a: Toxtricity|210/257\n|-crit|p1a: Toxtricity\n|-damage|p1a: Toxtricity|188/257\n|-damage|p1a: Toxtricity|175/257\n|-hitcount|p1a: Toxtricity|6\n|\n|upkeep\n|turn|3\n|inactive|Evanston has 120 seconds left.\n|inactive|flyingwontons has 90 seconds left.\n|\n|t:|1733874992\n|switch|p2a: Rhyperior|Rhyperior, L82, M|323/323\n|move|p1a: Toxtricity|Gunk Shot|p2a: Rhyperior\n|-resisted|p2a: Rhyperior\n|-damage|p2a: Rhyperior|300/323\n|\n|upkeep\n|turn|4\n|inactive|flyingwontons has 90 seconds left.\n|inactive|Evanston has 90 seconds left.\n|l|\u2606flyingwontons\n|inactive|flyingwontons disconnected and has a minute to reconnect!\n|player|p1|\n|j|\u2606flyingwontons\n|inactive|flyingwontons reconnected and has 55 seconds left.\n|player|p1|flyingwontons|266|\n|inactive|Evanston has 60 seconds left.\n|inactive|Evanston has 30 seconds left.\n|\n|t:|1733875080\n|switch|p1a: Meganium|Meganium, L90, M|290/290\n|move|p2a: Rhyperior|Dragon Tail|p1a: Meganium\n|-damage|p1a: Meganium|248/290\n|drag|p1a: Scream Tail|Scream Tail, L84|330/330\n|\n|upkeep\n|turn|5\n|inactive|Evanston has 30 seconds left.\n|\n|t:|1733875092\n|move|p1a: Scream Tail|Encore|p2a: Rhyperior\n|-start|p2a: Rhyperior|Encore\n|move|p2a: Rhyperior|Dragon Tail|p1a: Scream Tail\n|-immune|p1a: Scream Tail\n|\n|upkeep\n|turn|6\n|inactive|flyingwontons has 60 seconds left.\n|inactive|Evanston has 30 seconds left.\n|\n|t:|1733875108\n|move|p1a: Scream Tail|Wish|p1a: Scream Tail\n|move|p2a: Rhyperior|Dragon Tail|p1a: Scream Tail\n|-immune|p1a: Scream Tail\n|\n|upkeep\n|turn|7\n|\n|t:|1733875112\n|move|p1a: Scream Tail|Dazzling Gleam|p2a: Rhyperior\n|-damage|p2a: Rhyperior|240/323\n|move|p2a: Rhyperior|Dragon Tail|p1a: Scream Tail\n|-immune|p1a: Scream Tail\n|\n|-end|p2a: Rhyperior|Encore\n|upkeep\n|turn|8\n|\n|t:|1733875120\n|switch|p2a: Fezandipiti|Fezandipiti, L82, M|278/278\n|move|p1a: Scream Tail|Wish|p1a: Scream Tail\n|\n|upkeep\n|turn|9\n|\n|t:|1733875126\n|-end|p1a: Scream Tail|Protosynthesis|[silent]\n|switch|p1a: Toxtricity|Toxtricity, L82, M|175/257\n|move|p2a: Fezandipiti|U-turn|p1a: Toxtricity\n|-resisted|p1a: Toxtricity\n|-damage|p1a: Toxtricity|150/257\n|\n|t:|1733875128\n|switch|p2a: Mamoswine|Mamoswine, L81, F|311/311|[from] U-turn\n|\n|-heal|p1a: Toxtricity|257/257|[from] move: Wish|[wisher] Scream Tail\n|upkeep\n|turn|10\n|\n|t:|1733875148\n|-terastallize|p1a: Toxtricity|Normal\n|move|p2a: Mamoswine|Stealth Rock|p1a: Toxtricity\n|-sidestart|p1: flyingwontons|move: Stealth Rock\n|move|p1a: Toxtricity|Boomburst|p2a: Mamoswine\n|-damage|p2a: Mamoswine|32/311\n|-enditem|p1a: Toxtricity|Throat Spray\n|-boost|p1a: Toxtricity|spa|1|[from] item: Throat Spray\n|\n|upkeep\n|turn|11\n|\n|t:|1733875156\n|switch|p2a: Sableye|Sableye, L89, F|234/234\n|move|p1a: Toxtricity|Shift Gear|p1a: Toxtricity\n|-boost|p1a: Toxtricity|spe|2\n|-boost|p1a: Toxtricity|atk|1\n|\n|upkeep\n|turn|12\n|\n|t:|1733875162\n|move|p2a: Sableye|Encore|p1a: Toxtricity\n|-start|p1a: Toxtricity|Encore\n|move|p1a: Toxtricity|Shift Gear|p1a: Toxtricity\n|-boost|p1a: Toxtricity|spe|2\n|-boost|p1a: Toxtricity|atk|1\n|\n|upkeep\n|turn|13\n|inactive|flyingwontons has 90 seconds left.\n|\n|t:|1733875183\n|switch|p1a: Venusaur|Venusaur, L84, M|272/272\n|-damage|p1a: Venusaur|238/272|[from] Stealth Rock\n|move|p2a: Sableye|Knock Off|p1a: Venusaur\n|-damage|p1a: Venusaur|132/272\n|-enditem|p1a: Venusaur|Leftovers|[from] move: Knock Off|[of] p2a: Sableye\n|\n|upkeep\n|turn|14\n|inactive|Evanston has 90 seconds left.\n|\n|t:|1733875200\n|switch|p2a: Fezandipiti|Fezandipiti, L82, M|278/278\n|move|p1a: Venusaur|Leech Seed|p2a: Fezandipiti\n|-start|p2a: Fezandipiti|move: Leech Seed\n|\n|-damage|p2a: Fezandipiti|244/278|[from] Leech Seed|[of] p1a: Venusaur\n|-heal|p1a: Venusaur|166/272|[silent]\n|upkeep\n|turn|15\n|\n|t:|1733875217\n|move|p2a: Fezandipiti|U-turn|p1a: Venusaur\n|-damage|p1a: Venusaur|117/272\n|\n|t:|1733875223\n|switch|p2a: Victreebel|Victreebel, L90, M|290/290|[from] U-turn\n|move|p1a: Venusaur|Leech Seed|p2a: Victreebel\n|-immune|p2a: Victreebel\n|\n|upkeep\n|turn|16\n|\n|t:|1733875237\n|move|p1a: Venusaur|Sludge Bomb|p2a: Victreebel\n|-damage|p2a: Victreebel|181/290\n|move|p2a: Victreebel|Sludge Wave|p1a: Venusaur\n|-damage|p1a: Venusaur|0 fnt\n|faint|p1a: Venusaur\n|-damage|p2a: Victreebel|152/290|[from] item: Life Orb\n|\n|upkeep\n|\n|t:|1733875257\n|switch|p1a: Furret|Furret, L94, M|312/312\n|-damage|p1a: Furret|273/312|[from] Stealth Rock\n|-item|p2a: Victreebel|Life Orb|[from] ability: Frisk|[of] p1a: Furret\n|turn|17\n|\n|t:|1733875272\n|switch|p2a: Rhyperior|Rhyperior, L82, M|240/323\n|move|p1a: Furret|Tidy Up|p1a: Furret\n|-sideend|p1: flyingwontons|Stealth Rock\n|-activate|p1a: Furret|move: Tidy Up\n|-boost|p1a: Furret|atk|1\n|-boost|p1a: Furret|spe|1\n|\n|upkeep\n|turn|18\n|\n|t:|1733875281\n|move|p1a: Furret|Brick Break|p2a: Rhyperior\n|-supereffective|p2a: Rhyperior\n|-damage|p2a: Rhyperior|117/323\n|-damage|p1a: Furret|242/312|[from] item: Life Orb\n|move|p2a: Rhyperior|Earthquake|p1a: Furret\n|-damage|p1a: Furret|97/312\n|\n|upkeep\n|turn|19\n|\n|t:|1733875288\n|switch|p2a: Sableye|Sableye, L89, F|234/234\n|move|p1a: Furret|Brick Break|p2a: Sableye\n|-immune|p2a: Sableye\n|\n|upkeep\n|turn|20\n|\n|t:|1733875295\n|switch|p1a: Scream Tail|Scream Tail, L84|330/330\n|move|p2a: Sableye|Will-O-Wisp|p1a: Scream Tail\n|-status|p1a: Scream Tail|brn\n|\n|-damage|p1a: Scream Tail|310/330 brn|[from] brn\n|upkeep\n|turn|21\n|inactive|flyingwontons has 90 seconds left.\n|\n|t:|1733875304\n|switch|p2a: Fezandipiti|Fezandipiti, L82, M|244/278\n|move|p1a: Scream Tail|Wish|p1a: Scream Tail\n|\n|-heal|p1a: Scream Tail|330/330 brn|[from] item: Leftovers\n|-damage|p1a: Scream Tail|310/330 brn|[from] brn\n|upkeep\n|turn|22\n|inactive|flyingwontons has 90 seconds left.\n|\n|t:|1733875316\n|-end|p1a: Scream Tail|Protosynthesis|[silent]\n|switch|p1a: Toxtricity|Toxtricity, L82, M, tera:Normal|257/257\n|move|p2a: Fezandipiti|Gunk Shot|p1a: Toxtricity\n|-damage|p1a: Toxtricity|125/257\n|-status|p1a: Toxtricity|psn\n|\n|-heal|p1a: Toxtricity|257/257 psn|[from] move: Wish|[wisher] Scream Tail\n|-damage|p1a: Toxtricity|225/257 psn|[from] psn\n|upkeep\n|turn|23\n|\n|t:|1733875326\n|move|p2a: Fezandipiti|U-turn|p1a: Toxtricity\n|-damage|p1a: Toxtricity|171/257 psn\n|\n|t:|1733875331\n|switch|p2a: Rhyperior|Rhyperior, L82, M|117/323|[from] U-turn\n|move|p1a: Toxtricity|Shift Gear|p1a: Toxtricity\n|-boost|p1a: Toxtricity|spe|2\n|-boost|p1a: Toxtricity|atk|1\n|\n|-damage|p1a: Toxtricity|139/257 psn|[from] psn\n|upkeep\n|turn|24\n|\n|t:|1733875339\n|move|p1a: Toxtricity|Boomburst|p2a: Rhyperior\n|-resisted|p2a: Rhyperior\n|-damage|p2a: Rhyperior|26/323\n|move|p2a: Rhyperior|Earthquake|p1a: Toxtricity\n|-damage|p1a: Toxtricity|0 fnt\n|faint|p1a: Toxtricity\n|\n|upkeep\n|\n|t:|1733875345\n|switch|p1a: Meganium|Meganium, L90, M|248/290\n|turn|25\n|\n|t:|1733875349\n|move|p1a: Meganium|Knock Off|p2a: Rhyperior\n|-damage|p2a: Rhyperior|0 fnt\n|-enditem|p2a: Rhyperior|Assault Vest|[from] move: Knock Off|[of] p1a: Meganium\n|faint|p2a: Rhyperior\n|-damage|p1a: Meganium|219/290|[from] item: Life Orb\n|\n|upkeep\n|\n|t:|1733875357\n|switch|p2a: Victreebel|Victreebel, L90, M|152/290\n|turn|26\n|inactive|flyingwontons has 120 seconds left.\n|\n|t:|1733875370\n|move|p1a: Meganium|Knock Off|p2a: Victreebel\n|-damage|p2a: Victreebel|43/290\n|-enditem|p2a: Victreebel|Life Orb|[from] move: Knock Off|[of] p1a: Meganium\n|-damage|p1a: Meganium|190/290|[from] item: Life Orb\n|move|p2a: Victreebel|Sludge Wave|p1a: Meganium\n|-supereffective|p1a: Meganium\n|-crit|p1a: Meganium\n|-damage|p1a: Meganium|0 fnt\n|faint|p1a: Meganium\n|\n|upkeep\n|inactive|flyingwontons has 120 seconds left.\n|\n|t:|1733875381\n|switch|p1a: Furret|Furret, L94, M|97/312\n|turn|27\n|\n|t:|1733875386\n|move|p1a: Furret|Knock Off|p2a: Victreebel\n|-damage|p2a: Victreebel|0 fnt\n|faint|p2a: Victreebel\n|-damage|p1a: Furret|66/312|[from] item: Life Orb\n|\n|upkeep\n|\n|t:|1733875393\n|switch|p2a: Barraskewda|Barraskewda, L81, M|231/231\n|turn|28\n|inactive|flyingwontons has 120 seconds left.\n|\n|t:|1733875419\n|move|p2a: Barraskewda|Flip Turn|p1a: Furret\n|-damage|p1a: Furret|0 fnt\n|faint|p1a: Furret\n|\n|t:|1733875425\n|switch|p2a: Fezandipiti|Fezandipiti, L82, M|244/278|[from] Flip Turn\n|\n|upkeep\n|\n|t:|1733875429\n|switch|p1a: Scream Tail|Scream Tail, L84|310/330 brn\n|turn|29\n|-message|flyingwontons forfeited.\n|\n|win|Evanston\n|raw|flyingwontons's rating: 1871 &rarr; <strong>1849</strong><br />(-22 for losing)\n|raw|Evanston's rating: 1832 &rarr; <strong>1854</strong><br />(+22 for winning)\n|l|\u2606flyingwontons\n|player|p1|\n", "inputlog": ">version bfd83cad13791eb5a5a409923076391caf6fb4d4\n>start {\"formatid\":\"gen9randombattle\",\"seed\":[20814,32585,4096,18195],\"rated\":\"Rated battle\"}\n>player p1 {\"name\":\"flyingwontons\",\"avatar\":\"266\",\"rating\":1871,\"seed\":[28758,9590,32854,14232]}\n>player p2 {\"name\":\"Evanston\",\"avatar\":\"101\",\"rating\":1832,\"seed\":[12828,65349,13263,45588]}\n>p1 move protect\n>p2 move gunkshot\n>p1 switch 4\n>p2 move beatup\n>p1 move gunkshot\n>p2 switch 5\n>p1 switch 2\n>p2 move dragontail\n>p1 move encore\n>p2 move earthquake\n>p1 move wish\n>p2 move dragontail\n>p1 move dazzlinggleam\n>p2 move dragontail\n>p1 move wish\n>p2 switch 5\n>p1 switch 2\n>p2 move uturn\n>p2 switch 3\n>p1 move boomburst terastallize\n>p2 move stealthrock\n>p1 move shiftgear\n>p2 switch 4\n>p1 move overdrive\n>p2 move encore\n>p1 switch 3\n>p2 move knockoff\n>p1 move leechseed\n>p2 switch 3\n>p1 move leechseed\n>p2 move uturn\n>p2 switch 2\n>p1 move sludgebomb\n>p2 move sludgewave\n>p1 switch 5\n>p1 move tidyup\n>p2 switch 5\n>p1 move brickbreak\n>p2 move earthquake\n>p1 move brickbreak\n>p2 switch 3\n>p1 switch 2\n>p2 move willowisp\n>p1 move wish\n>p2 switch 2\n>p1 switch 3\n>p2 move gunkshot\n>p1 move shiftgear\n>p2 move uturn\n>p2 switch 3\n>p1 move boomburst\n>p2 move earthquake\n>p1 switch 4\n>p1 move knockoff\n>p2 move icepunch\n>p2 switch 5\n>p1 move knockoff\n>p2 move sludgewave\n>p1 switch 2\n>p1 move knockoff\n>p2 move sludgewave\n>p2 switch 6\n>p1 move doubleedge\n>p2 move flipturn\n>p2 switch 3\n>p1 switch 3\n>forcelose p1", "uploadtime": 1733875436, "views": 1, "formatid": "gen9randombattle", "rating": 1849, "private": 0, "password": null}