{"id": "gen9randombattle-2219884737", "format": "[Gen 9] Random Battle", "players": ["guy favre", "useemstohavefun"], "log": "|badge|p1|bronze|gen9randombattle|100-3\n|uhtml|medal-msg|<div class=\"broadcast-blue\">Curious what those medals under the avatar are? PS now has Ladder Seasons! For more information, check out the <a href=\"https://www.smogon.com/forums/threads/3740067/\">thread on Smogon.</a></div>\n|j|\u2606guy favre\n|j|\u2606useemstohavefun\n|t:|1728551669\n|gametype|singles\n|player|p1|guy favre|gentleman-gen4dp|2305\n|player|p2|useemstohavefun|thorton|2203\n|teamsize|p1|6\n|teamsize|p2|6\n|gen|9\n|tier|[Gen 9] Random Battle\n|rated|\n|rule|Species Clause: Limit one of each Pok\u00e9mon\n|rule|HP Percentage Mod: HP is shown in percentages\n|rule|Sleep Clause Mod: Limit one foe put to sleep\n|rule|Illusion Level Mod: Illusion disguises the Pok\u00e9mon's true level\n|\n|t:|1728551669\n|start\n|switch|p1a: Terapagos|Terapagos, L76, M|262/262\n|switch|p2a: Revavroom|Revavroom, L79, F|256/256\n|-activate|p1a: Terapagos|ability: Tera Shift\n|detailschange|p1a: Terapagos|Terapagos-Terastal, L76, M\n|-heal|p1a: Terapagos|269/269|[silent]\n|turn|1\n|inactive|Battle timer is ON: inactive players will automatically lose when time's up. (requested by useemstohavefun)\n|\n|t:|1728551681\n|switch|p2a: Whimsicott|Whimsicott, L85, M|241/241\n|move|p1a: Terapagos|Earth Power|p2a: Whimsicott\n|-resisted|p2a: Whimsicott\n|-damage|p2a: Whimsicott|211/241\n|\n|upkeep\n|turn|2\n|\n|t:|1728551694\n|switch|p1a: Dipplin|Dipplin, L88, F|284/284\n|move|p2a: Whimsicott|Moonblast|p1a: Dipplin\n|-supereffective|p1a: Dipplin\n|-damage|p1a: Dipplin|168/284\n|-unboost|p1a: Dipplin|spa|1\n|\n|upkeep\n|turn|3\n|\n|t:|1728551700\n|move|p2a: Whimsicott|Moonblast|p1a: Dipplin\n|-supereffective|p1a: Dipplin\n|-damage|p1a: Dipplin|36/284\n|-unboost|p1a: Dipplin|spa|1\n|move|p1a: Dipplin|Recover|p1a: Dipplin\n|-heal|p1a: Dipplin|178/284\n|\n|upkeep\n|turn|4\n|\n|t:|1728551715\n|move|p2a: Whimsicott|Moonblast|p1a: Dipplin\n|-supereffective|p1a: Dipplin\n|-damage|p1a: Dipplin|62/284\n|move|p1a: Dipplin|Recover|p1a: Dipplin\n|-heal|p1a: Dipplin|204/284\n|\n|upkeep\n|turn|5\n|\n|t:|1728551719\n|move|p2a: Whimsicott|Moonblast|p1a: Dipplin\n|-supereffective|p1a: Dipplin\n|-damage|p1a: Dipplin|82/284\n|-unboost|p1a: Dipplin|spa|1\n|move|p1a: Dipplin|Recover|p1a: Dipplin\n|-heal|p1a: Dipplin|224/284\n|\n|upkeep\n|turn|6\n|\n|t:|1728551727\n|move|p2a: Whimsicott|Moonblast|p1a: Dipplin\n|-supereffective|p1a: Dipplin\n|-damage|p1a: Dipplin|92/284\n|move|p1a: Dipplin|Recover|p1a: Dipplin\n|-heal|p1a: Dipplin|234/284\n|\n|upkeep\n|turn|7\n|\n|t:|1728551733\n|move|p2a: Whimsicott|Moonblast|p1a: Dipplin\n|-supereffective|p1a: Dipplin\n|-damage|p1a: Dipplin|102/284\n|move|p1a: Dipplin|Recover|p1a: Dipplin\n|-heal|p1a: Dipplin|244/284\n|\n|upkeep\n|turn|8\n|\n|t:|1728551738\n|switch|p1a: Braviary|Braviary, L85, M|309/309\n|move|p2a: Whimsicott|Moonblast|p1a: Braviary\n|-damage|p1a: Braviary|216/309\n|\n|upkeep\n|turn|9\n|\n|t:|1728551747\n|move|p2a: Whimsicott|U-turn|p1a: Braviary\n|-resisted|p1a: Braviary\n|-damage|p1a: Braviary|192/309\n|\n|t:|1728551753\n|switch|p2a: Revavroom|Revavroom, L79, F|256/256|[from] U-turn\n|move|p1a: Braviary|Roost|p1a: Braviary\n|-heal|p1a: Braviary|309/309\n|-singleturn|p1a: Braviary|move: Roost\n|\n|upkeep\n|turn|10\n|\n|t:|1728551764\n|switch|p1a: Terapagos|Terapagos-Terastal, L76, M|269/269\n|move|p2a: Revavroom|Shift Gear|p2a: Revavroom\n|-boost|p2a: Revavroom|spe|2\n|-boost|p2a: Revavroom|atk|1\n|\n|upkeep\n|turn|11\n|\n|t:|1728551773\n|switch|p2a: Whimsicott|Whimsicott, L85, M|211/241\n|move|p1a: Terapagos|Rest|p1a: Terapagos\n|-fail|p1a: Terapagos|heal\n|\n|upkeep\n|turn|12\n|\n|t:|1728551785\n|switch|p1a: Braviary|Braviary, L85, M|309/309\n|move|p2a: Whimsicott|U-turn|p1a: Braviary\n|-resisted|p1a: Braviary\n|-damage|p1a: Braviary|289/309\n|\n|t:|1728551788\n|switch|p2a: Revavroom|Revavroom, L79, F|256/256|[from] U-turn\n|\n|upkeep\n|turn|13\n|\n|t:|1728551800\n|switch|p1a: Terapagos|Terapagos-Terastal, L76, M|269/269\n|move|p2a: Revavroom|Gunk Shot|p1a: Terapagos\n|-activate|p1a: Terapagos|ability: Tera Shell\n|-resisted|p1a: Terapagos\n|-damage|p1a: Terapagos|185/269\n|-damage|p2a: Revavroom|231/256|[from] item: Life Orb\n|\n|upkeep\n|turn|14\n|\n|t:|1728551811\n|switch|p2a: Ceruledge|Ceruledge, L78, F|245/245\n|move|p1a: Terapagos|Rest|p1a: Terapagos\n|-status|p1a: Terapagos|slp|[from] move: Rest\n|-heal|p1a: Terapagos|269/269 slp|[silent]\n|-enditem|p1a: Terapagos|Chesto Berry|[eat]\n|-curestatus|p1a: Terapagos|slp|[msg]\n|\n|upkeep\n|turn|15\n|\n|t:|1728551817\n|move|p2a: Ceruledge|Swords Dance|p2a: Ceruledge\n|-boost|p2a: Ceruledge|atk|2\n|move|p1a: Terapagos|Earth Power|p2a: Ceruledge\n|-supereffective|p2a: Ceruledge\n|-damage|p2a: Ceruledge|127/245\n|\n|upkeep\n|turn|16\n|inactive|guy favre has 120 seconds left.\n|inactive|guy favre has 90 seconds left.\n|\n|t:|1728551902\n|switch|p1a: Dipplin|Dipplin, L88, F|244/284\n|move|p2a: Ceruledge|Bitter Blade|p1a: Dipplin\n|-damage|p1a: Dipplin|132/284\n|-heal|p2a: Ceruledge|183/245|[from] drain|[of] p1a: Dipplin\n|\n|upkeep\n|turn|17\n|\n|t:|1728551913\n|move|p2a: Ceruledge|Poltergeist|p1a: Dipplin\n|-activate|p1a: Dipplin|move: Poltergeist|Eviolite\n|-damage|p1a: Dipplin|8/284\n|move|p1a: Dipplin|Dragon Tail|p2a: Ceruledge\n|-damage|p2a: Ceruledge|119/245\n|-ability|p2a: Ceruledge|Weak Armor|boost\n|-unboost|p2a: Ceruledge|def|1\n|-boost|p2a: Ceruledge|spe|2\n|drag|p2a: Regice|Regice, L88|284/284\n|\n|upkeep\n|turn|18\n|\n|t:|1728551924\n|move|p2a: Regice|Ice Beam|p1a: Dipplin\n|-supereffective|p1a: Dipplin\n|-damage|p1a: Dipplin|0 fnt\n|faint|p1a: Dipplin\n|\n|upkeep\n|inactive|guy favre has 60 seconds left.\n|\n|t:|1728551952\n|switch|p1a: Terapagos|Terapagos-Terastal, L76, M|269/269\n|turn|19\n|\n|t:|1728551963\n|switch|p2a: Whimsicott|Whimsicott, L85, M|211/241\n|move|p1a: Terapagos|Calm Mind|p1a: Terapagos\n|-boost|p1a: Terapagos|spa|1\n|-boost|p1a: Terapagos|spd|1\n|\n|upkeep\n|turn|20\n|\n|t:|1728551967\n|switch|p1a: Braviary|Braviary, L85, M|289/309\n|move|p2a: Whimsicott|Encore||[still]\n|-fail|p2a: Whimsicott\n|\n|upkeep\n|turn|21\n|\n|t:|1728551973\n|move|p2a: Whimsicott|U-turn|p1a: Braviary\n|-resisted|p1a: Braviary\n|-damage|p1a: Braviary|268/309\n|\n|t:|1728551977\n|switch|p2a: Revavroom|Revavroom, L79, F|231/256|[from] U-turn\n|move|p1a: Braviary|Bulk Up|p1a: Braviary\n|-boost|p1a: Braviary|atk|1\n|-boost|p1a: Braviary|def|1\n|\n|upkeep\n|turn|22\n|\n|t:|1728551983\n|move|p2a: Revavroom|Shift Gear|p2a: Revavroom\n|-boost|p2a: Revavroom|spe|2\n|-boost|p2a: Revavroom|atk|1\n|move|p1a: Braviary|Close Combat|p2a: Revavroom\n|-damage|p2a: Revavroom|60/256\n|-unboost|p1a: Braviary|def|1\n|-unboost|p1a: Braviary|spd|1\n|\n|upkeep\n|turn|23\n|inactive|guy favre has 90 seconds left.\n|\n|t:|1728551991\n|move|p2a: Revavroom|Gunk Shot|p1a: Braviary\n|-damage|p1a: Braviary|0 fnt\n|faint|p1a: Braviary\n|-damage|p2a: Revavroom|35/256|[from] item: Life Orb\n|\n|upkeep\n|inactive|guy favre has 90 seconds left.\n|\n|t:|1728552003\n|switch|p1a: Terapagos|Terapagos-Terastal, L76, M|269/269\n|turn|24\n|\n|t:|1728552006\n|move|p2a: Revavroom|Iron Head|p1a: Terapagos\n|-activate|p1a: Terapagos|ability: Tera Shell\n|-resisted|p1a: Terapagos\n|-damage|p1a: Terapagos|187/269\n|-damage|p2a: Revavroom|10/256|[from] item: Life Orb\n|move|p1a: Terapagos|Tera Starstorm|p2a: Revavroom\n|-resisted|p2a: Revavroom\n|-damage|p2a: Revavroom|0 fnt\n|faint|p2a: Revavroom\n|\n|upkeep\n|\n|t:|1728552020\n|switch|p2a: Regice|Regice, L88|284/284\n|turn|25\n|\n|t:|1728552023\n|move|p1a: Terapagos|Calm Mind|p1a: Terapagos\n|-boost|p1a: Terapagos|spa|1\n|-boost|p1a: Terapagos|spd|1\n|move|p2a: Regice|Thunder Wave|p1a: Terapagos\n|-status|p1a: Terapagos|par\n|\n|upkeep\n|turn|26\n|\n|t:|1728552030\n|move|p2a: Regice|Body Press|p1a: Terapagos\n|-supereffective|p1a: Terapagos\n|-damage|p1a: Terapagos|59/269 par\n|move|p1a: Terapagos|Tera Starstorm|p2a: Regice\n|-damage|p2a: Regice|203/284\n|\n|upkeep\n|turn|27\n|inactive|guy favre has 120 seconds left.\n|\n|t:|1728552042\n|switch|p1a: Dedenne|Dedenne, L88, F|261/261\n|move|p2a: Regice|Body Press|p1a: Dedenne\n|-resisted|p1a: Dedenne\n|-damage|p1a: Dedenne|219/261\n|\n|upkeep\n|turn|28\n|\n|t:|1728552048\n|move|p1a: Dedenne|Nuzzle|p2a: Regice\n|-damage|p2a: Regice|188/284\n|-status|p2a: Regice|par\n|move|p2a: Regice|Ice Beam|p1a: Dedenne\n|-damage|p1a: Dedenne|89/261\n|-enditem|p1a: Dedenne|Sitrus Berry|[eat]\n|-heal|p1a: Dedenne|154/261|[from] item: Sitrus Berry\n|-heal|p1a: Dedenne|241/261|[from] ability: Cheek Pouch\n|\n|upkeep\n|turn|29\n|\n|t:|1728552054\n|move|p1a: Dedenne|U-turn|p2a: Regice\n|-damage|p2a: Regice|155/284 par\n|\n|t:|1728552069\n|switch|p1a: Terapagos|Terapagos-Terastal, L76, M|59/269 par|[from] U-turn\n|cant|p2a: Regice|par\n|\n|upkeep\n|turn|30\n|\n|t:|1728552074\n|switch|p2a: Whimsicott|Whimsicott, L85, M|211/241\n|move|p1a: Terapagos|Rest|p1a: Terapagos\n|-status|p1a: Terapagos|slp|[from] move: Rest\n|-heal|p1a: Terapagos|269/269 slp|[silent]\n|\n|upkeep\n|turn|31\n|\n|t:|1728552079\n|move|p2a: Whimsicott|Moonblast|p1a: Terapagos\n|-activate|p1a: Terapagos|ability: Tera Shell\n|-resisted|p1a: Terapagos\n|-damage|p1a: Terapagos|225/269 slp\n|cant|p1a: Terapagos|slp\n|\n|upkeep\n|turn|32\n|\n|t:|1728552085\n|move|p2a: Whimsicott|Moonblast|p1a: Terapagos\n|-damage|p1a: Terapagos|144/269 slp\n|cant|p1a: Terapagos|slp\n|\n|upkeep\n|turn|33\n|\n|t:|1728552088\n|move|p2a: Whimsicott|Encore|p1a: Terapagos\n|-start|p1a: Terapagos|Encore\n|-curestatus|p1a: Terapagos|slp|[msg]\n|move|p1a: Terapagos|Rest|p1a: Terapagos\n|-status|p1a: Terapagos|slp|[from] move: Rest\n|-heal|p1a: Terapagos|269/269 slp|[silent]\n|\n|upkeep\n|turn|34\n|\n|t:|1728552093\n|move|p2a: Whimsicott|Moonblast|p1a: Terapagos\n|-activate|p1a: Terapagos|ability: Tera Shell\n|-resisted|p1a: Terapagos\n|-damage|p1a: Terapagos|229/269 slp\n|cant|p1a: Terapagos|slp\n|\n|upkeep\n|turn|35\n|\n|t:|1728552096\n|move|p2a: Whimsicott|Moonblast|p1a: Terapagos\n|-damage|p1a: Terapagos|151/269 slp\n|cant|p1a: Terapagos|slp\n|\n|-end|p1a: Terapagos|Encore\n|upkeep\n|turn|36\n|\n|t:|1728552111\n|switch|p1a: Baxcalibur|Baxcalibur, L75, M|238/238\n|move|p2a: Whimsicott|Encore|p1a: Baxcalibur\n|-hint|Since gen 7, Dark is immune to Prankster moves.\n|-immune|p1a: Baxcalibur\n|\n|upkeep\n|turn|37\n|\n|t:|1728552122\n|move|p2a: Whimsicott|U-turn|p1a: Baxcalibur\n|-supereffective|p1a: Baxcalibur\n|-damage|p1a: Baxcalibur|132/238\n|replace|p1a: Zoroark|Zoroark, L84, F\n|-end|p1a: Zoroark|Illusion\n|-hint|Illusion Level Mod is active, so this Pok\u00e9mon's true level was hidden.\n|\n|t:|1728552137\n|switch|p2a: Donphan|Donphan, L84, F|288/288|[from] U-turn\n|move|p1a: Zoroark|Sludge Bomb|p2a: Donphan\n|-resisted|p2a: Donphan\n|-damage|p2a: Donphan|241/288\n|\n|upkeep\n|turn|38\n|\n|t:|1728552148\n|move|p1a: Zoroark|Sludge Bomb|p2a: Donphan\n|-resisted|p2a: Donphan\n|-damage|p2a: Donphan|196/288\n|-status|p2a: Donphan|psn\n|move|p2a: Donphan|Earthquake|p1a: Zoroark\n|-damage|p1a: Zoroark|0 fnt\n|faint|p1a: Zoroark\n|\n|-damage|p2a: Donphan|160/288 psn|[from] psn\n|upkeep\n|\n|t:|1728552152\n|switch|p1a: Baxcalibur|Baxcalibur, L75, M|295/295\n|turn|39\n|j| za_rossiyu\n|\n|t:|1728552172\n|move|p1a: Baxcalibur|Icicle Spear|p2a: Donphan\n|-supereffective|p2a: Donphan\n|-damage|p2a: Donphan|106/288 psn\n|-supereffective|p2a: Donphan\n|-damage|p2a: Donphan|56/288 psn\n|-supereffective|p2a: Donphan\n|-damage|p2a: Donphan|6/288 psn\n|-supereffective|p2a: Donphan\n|-damage|p2a: Donphan|0 fnt\n|faint|p2a: Donphan\n|-hitcount|p2: Donphan|4\n|\n|upkeep\n|inactive|useemstohavefun has 120 seconds left.\n|\n|t:|1728552195\n|switch|p2a: Regice|Regice, L88|155/284 par\n|turn|40\n|l| za_rossiyu\n|\n|t:|1728552218\n|switch|p2a: Whimsicott|Whimsicott, L85, M|211/241\n|-terastallize|p1a: Baxcalibur|Ground\n|move|p1a: Baxcalibur|Swords Dance|p1a: Baxcalibur\n|-boost|p1a: Baxcalibur|atk|2\n|\n|upkeep\n|turn|41\n|\n|t:|1728552224\n|switch|p1a: Dedenne|Dedenne, L88, F|241/261\n|move|p2a: Whimsicott|Encore||[still]\n|-fail|p2a: Whimsicott\n|\n|upkeep\n|turn|42\n|\n|t:|1728552232\n|move|p2a: Whimsicott|U-turn|p1a: Dedenne\n|-resisted|p1a: Dedenne\n|-damage|p1a: Dedenne|215/261\n|\n|t:|1728552235\n|switch|p2a: Regice|Regice, L88|155/284 par|[from] U-turn\n|move|p1a: Dedenne|Dazzling Gleam|p2a: Regice\n|-damage|p2a: Regice|112/284 par\n|\n|upkeep\n|turn|43\n|\n|t:|1728552255\n|move|p1a: Dedenne|U-turn|p2a: Regice\n|-damage|p2a: Regice|82/284 par\n|\n|t:|1728552257\n|switch|p1a: Terapagos|Terapagos-Terastal, L76, M|151/269 slp|[from] U-turn\n|move|p2a: Regice|Ice Beam|p1a: Terapagos\n|-damage|p1a: Terapagos|42/269 slp\n|\n|upkeep\n|turn|44\n|\n|t:|1728552269\n|-curestatus|p1a: Terapagos|slp|[msg]\n|move|p1a: Terapagos|Earth Power|p2a: Regice\n|-damage|p2a: Regice|56/284 par\n|move|p2a: Regice|Ice Beam|p1a: Terapagos\n|-damage|p1a: Terapagos|0 fnt\n|faint|p1a: Terapagos\n|\n|upkeep\n|\n|t:|1728552273\n|switch|p1a: Baxcalibur|Baxcalibur, L75, M, tera:Ground|295/295\n|turn|45\n|\n|t:|1728552281\n|move|p1a: Baxcalibur|Earthquake|p2a: Regice\n|-damage|p2a: Regice|0 fnt\n|faint|p2a: Regice\n|\n|upkeep\n|inactive|useemstohavefun has 120 seconds left.\n|\n|t:|1728552313\n|switch|p2a: Ceruledge|Ceruledge, L78, F|119/245\n|turn|46\n|inactive|useemstohavefun has 120 seconds left.\n|inactive|guy favre has 120 seconds left.\n|\n|t:|1728552352\n|switch|p1a: Dedenne|Dedenne, L88, F|215/261\n|move|p2a: Ceruledge|Poltergeist||[still]\n|-fail|p2a: Ceruledge\n|\n|upkeep\n|turn|47\n|inactive|guy favre has 120 seconds left.\n|inactive|useemstohavefun has 120 seconds left.\n|\n|t:|1728552360\n|move|p1a: Dedenne|Thunderbolt|p2a: Ceruledge\n|-damage|p2a: Ceruledge|34/245\n|move|p2a: Ceruledge|Bitter Blade|p1a: Dedenne\n|-damage|p1a: Dedenne|91/261\n|-heal|p2a: Ceruledge|96/245|[from] drain|[of] p1a: Dedenne\n|\n|upkeep\n|turn|48\n|\n|t:|1728552366\n|move|p1a: Dedenne|Nuzzle|p2a: Ceruledge\n|-damage|p2a: Ceruledge|75/245\n|-status|p2a: Ceruledge|par\n|-ability|p2a: Ceruledge|Weak Armor|boost\n|-unboost|p2a: Ceruledge|def|1\n|-boost|p2a: Ceruledge|spe|2\n|move|p2a: Ceruledge|Bitter Blade|p1a: Dedenne\n|-crit|p1a: Dedenne\n|-damage|p1a: Dedenne|0 fnt\n|-heal|p2a: Ceruledge|121/245 par|[from] drain|[of] p1a: Dedenne\n|faint|p1a: Dedenne\n|\n|upkeep\n|\n|t:|1728552371\n|switch|p1a: Baxcalibur|Baxcalibur, L75, M, tera:Ground|295/295\n|turn|49\n|\n|t:|1728552378\n|move|p2a: Ceruledge|Poltergeist|p1a: Baxcalibur\n|-activate|p1a: Baxcalibur|move: Poltergeist|Loaded Dice\n|-damage|p1a: Baxcalibur|159/295\n|move|p1a: Baxcalibur|Icicle Spear|p2a: Ceruledge\n|-resisted|p2a: Ceruledge\n|-damage|p2a: Ceruledge|94/245 par\n|-ability|p2a: Ceruledge|Weak Armor|boost\n|-unboost|p2a: Ceruledge|def|1\n|-boost|p2a: Ceruledge|spe|2\n|-resisted|p2a: Ceruledge\n|-damage|p2a: Ceruledge|62/245 par\n|-ability|p2a: Ceruledge|Weak Armor|boost\n|-unboost|p2a: Ceruledge|def|1\n|-boost|p2a: Ceruledge|spe|2\n|-resisted|p2a: Ceruledge\n|-damage|p2a: Ceruledge|18/245 par\n|-ability|p2a: Ceruledge|Weak Armor|boost\n|-unboost|p2a: Ceruledge|def|1\n|-resisted|p2a: Ceruledge\n|-damage|p2a: Ceruledge|0 fnt\n|faint|p2a: Ceruledge\n|-hitcount|p2: Ceruledge|4\n|\n|upkeep\n|\n|t:|1728552387\n|switch|p2a: Iron Valiant|Iron Valiant, L78|244/244\n|turn|50\n|\n|t:|1728552392\n|-terastallize|p2a: Iron Valiant|Fighting\n|move|p2a: Iron Valiant|Close Combat|p1a: Baxcalibur\n|-damage|p1a: Baxcalibur|0 fnt\n|-unboost|p2a: Iron Valiant|def|1\n|-unboost|p2a: Iron Valiant|spd|1\n|faint|p1a: Baxcalibur\n|-damage|p2a: Iron Valiant|220/244|[from] item: Life Orb\n|\n|win|useemstohavefun\n|raw|guy favre's rating: 2305 &rarr; <strong>2279</strong><br />(-26 for losing)\n|raw|useemstohavefun's rating: 2203 &rarr; <strong>2229</strong><br />(+26 for winning)\n|c|\u2606useemstohavefun|gg\n|c|\u2606guy favre|gg$\n|l|\u2606guy favre\n|player|p1|\n", "inputlog": ">version 07a496376195f222b7c6b2699e264b68c37d3bc4\n>start {\"formatid\":\"gen9randombattle\",\"seed\":[36546,12934,4594,32860],\"rated\":\"Rated battle\"}\n>player p1 {\"name\":\"guy favre\",\"avatar\":\"gentleman-gen4dp\",\"rating\":2305,\"seed\":[39062,65383,19788,275]}\n>player p2 {\"name\":\"useemstohavefun\",\"avatar\":\"thorton\",\"rating\":2203,\"seed\":[32509,6582,2047,325]}\n>p1 move earthpower\n>p2 switch 2\n>p1 switch 6\n>p2 move moonblast\n>p1 move recover\n>p2 move moonblast\n>p1 move recover\n>p2 move moonblast\n>p1 move recover\n>p2 move moonblast\n>p1 move recover\n>p2 move moonblast\n>p1 move recover\n>p2 move moonblast\n>p1 switch 5\n>p2 move moonblast\n>p1 move roost\n>p2 move uturn\n>p2 switch 2\n>p1 switch 6\n>p2 move shiftgear\n>p1 move rest\n>p2 switch 2\n>p1 switch 6\n>p2 move uturn\n>p2 switch 2\n>p1 switch 6\n>p2 move gunkshot\n>p1 move rest\n>p2 switch 3\n>p1 move earthpower\n>p2 move swordsdance\n>p1 switch 5\n>p2 move bitterblade\n>p1 move dragontail\n>p2 move poltergeist\n>p1 move recover\n>p2 move icebeam\n>p1 switch 5\n>p1 move calmmind\n>p2 switch 2\n>p1 switch 6\n>p2 move encore\n>p1 move bulkup\n>p2 move uturn\n>p2 switch 3\n>p1 move closecombat\n>p2 move shiftgear\n>p1 move closecombat\n>p2 move gunkshot\n>p1 switch 6\n>p1 move terastarstorm\n>p2 move ironhead\n>p2 switch 2\n>p1 move calmmind\n>p2 move thunderwave\n>p1 move terastarstorm\n>p2 move bodypress\n>p1 switch 2\n>p2 move bodypress\n>p1 move nuzzle\n>p2 move icebeam\n>p1 move uturn\n>p2 move icebeam\n>p1 switch 2\n>p1 move rest\n>p2 switch 3\n>p1 move terastarstorm\n>p2 move moonblast\n>p1 move terastarstorm\n>p2 move moonblast\n>p1 move terastarstorm\n>p2 move encore\n>p1 move rest\n>p2 move moonblast\n>p1 move rest\n>p2 move moonblast\n>p1 switch 3\n>p2 move encore\n>p1 move sludgebomb\n>p2 move uturn\n>p2 switch 4\n>p1 move sludgebomb\n>p2 move earthquake\n>p1 switch 4\n>p1 move iciclespear\n>p2 move earthquake\n>p2 switch 3\n>p1 move swordsdance terastallize\n>p2 switch 4\n>p1 switch 2\n>p2 move encore\n>p1 move dazzlinggleam\n>p2 move uturn\n>p2 switch 4\n>p1 move uturn\n>p2 move icebeam\n>p1 switch 3\n>p1 move earthpower\n>p2 move icebeam\n>p1 switch 2\n>p1 move earthquake\n>p2 move icebeam\n>p2 switch 5\n>p1 switch 3\n>p2 move poltergeist\n>p1 move thunderbolt\n>p2 move bitterblade\n>p1 move nuzzle\n>p2 move bitterblade\n>p1 switch 3\n>p1 move iciclespear\n>p2 move poltergeist\n>p2 switch 6\n>p1 move iciclespear\n>p2 move closecombat terastallize", "uploadtime": 1728552402, "views": 66, "formatid": "gen9randombattle", "rating": 2229, "private": 0, "password": null}