{"id": "gen9randombattle-2259806151", "format": "[Gen 9] Random Battle", "players": ["Obi-wannabe01", "Drunder"], "log": "|j|\u2606Obi-wannabe01\n|j|\u2606Drunder\n|t:|1733768548\n|gametype|singles\n|player|p1|Obi-wannabe01|101|1459\n|player|p2|Drunder|drayden|1420\n|teamsize|p1|6\n|teamsize|p2|6\n|gen|9\n|tier|[Gen 9] Random Battle\n|rated|\n|rule|Species Clause: Limit one of each Pok\u00e9mon\n|rule|HP Percentage Mod: HP is shown in percentages\n|rule|Sleep Clause Mod: Limit one foe put to sleep\n|rule|Illusion Level Mod: Illusion disguises the Pok\u00e9mon's true level\n|\n|t:|1733768548\n|start\n|switch|p1a: Floatzel|Floatzel, L85, F|283/283\n|switch|p2a: Pawmot|Pawmot, L80, M|243/243\n|turn|1\n|inactive|Battle timer is ON: inactive players will automatically lose when time's up. (requested by Obi-wannabe01)\n|\n|t:|1733768563\n|switch|p1a: Mudsdale|Mudsdale, L84, M|305/305\n|switch|p2a: Exeggutor|Exeggutor, L89, F|312/312\n|\n|upkeep\n|turn|2\n|\n|t:|1733768573\n|move|p2a: Exeggutor|Substitute|p2a: Exeggutor\n|-start|p2a: Exeggutor|Substitute\n|-damage|p2a: Exeggutor|234/312\n|move|p1a: Mudsdale|Heavy Slam|p2a: Exeggutor\n|-end|p2a: Exeggutor|Substitute\n|\n|upkeep\n|turn|3\n|\n|t:|1733768578\n|move|p2a: Exeggutor|Leech Seed|p1a: Mudsdale\n|-start|p1a: Mudsdale|move: Leech Seed\n|move|p1a: Mudsdale|Heavy Slam|p2a: Exeggutor\n|-damage|p2a: Exeggutor|134/312\n|-enditem|p2a: Exeggutor|Sitrus Berry|[eat]\n|-heal|p2a: Exeggutor|212/312|[from] item: Sitrus Berry\n|\n|-damage|p1a: Mudsdale|267/305|[from] Leech Seed|[of] p2a: Exeggutor\n|-heal|p2a: Exeggutor|250/312|[silent]\n|-item|p2a: Exeggutor|Sitrus Berry|[from] ability: Harvest\n|upkeep\n|turn|4\n|\n|t:|1733768598\n|switch|p1a: Oranguru|Oranguru, L92, M|315/315\n|move|p2a: Exeggutor|Substitute|p2a: Exeggutor\n|-start|p2a: Exeggutor|Substitute\n|-damage|p2a: Exeggutor|172/312\n|\n|upkeep\n|turn|5\n|inactive|Obi-wannabe01 has 120 seconds left.\n|\n|t:|1733768626\n|move|p1a: Oranguru|Trick||[still]\n|-fail|p1a: Oranguru\n|move|p2a: Exeggutor|Leech Seed|p1a: Oranguru\n|-start|p1a: Oranguru|move: Leech Seed\n|\n|-damage|p1a: Oranguru|276/315|[from] Leech Seed|[of] p2a: Exeggutor\n|-heal|p2a: Exeggutor|211/312|[silent]\n|upkeep\n|turn|6\n|\n|t:|1733768635\n|switch|p1a: Rillaboom|Rillaboom, L79, M|288/288\n|-fieldstart|move: Grassy Terrain|[from] ability: Grassy Surge|[of] p1a: Rillaboom\n|move|p2a: Exeggutor|Protect||[still]\n|-fail|p2a: Exeggutor\n|\n|-heal|p2a: Exeggutor|230/312|[from] Grassy Terrain\n|upkeep\n|turn|7\n|\n|t:|1733768639\n|move|p1a: Rillaboom|Knock Off|p2a: Exeggutor\n|-supereffective|p2a: Exeggutor\n|-end|p2a: Exeggutor|Substitute\n|move|p2a: Exeggutor|Psychic Noise|p1a: Rillaboom\n|-damage|p1a: Rillaboom|149/288\n|-start|p1a: Rillaboom|move: Heal Block\n|\n|-heal|p2a: Exeggutor|249/312|[from] Grassy Terrain\n|upkeep\n|turn|8\n|\n|t:|1733768651\n|switch|p2a: Pawmot|Pawmot, L80, M|243/243\n|move|p1a: Rillaboom|Knock Off|p2a: Pawmot\n|-resisted|p2a: Pawmot\n|-damage|p2a: Pawmot|174/243\n|-enditem|p2a: Pawmot|Life Orb|[from] move: Knock Off|[of] p1a: Rillaboom\n|\n|-heal|p2a: Pawmot|189/243|[from] Grassy Terrain\n|-end|p1a: Rillaboom|move: Heal Block\n|upkeep\n|turn|9\n|\n|t:|1733768668\n|switch|p1a: Mudsdale|Mudsdale, L84, M|267/305\n|move|p2a: Pawmot|Ice Punch|p1a: Mudsdale\n|-supereffective|p1a: Mudsdale\n|-damage|p1a: Mudsdale|151/305\n|-ability|p1a: Mudsdale|Stamina|boost\n|-boost|p1a: Mudsdale|def|1\n|\n|-heal|p2a: Pawmot|204/243|[from] Grassy Terrain\n|-heal|p1a: Mudsdale|170/305|[from] Grassy Terrain\n|-heal|p1a: Mudsdale|189/305|[from] item: Leftovers\n|upkeep\n|turn|10\n|\n|t:|1733768679\n|switch|p2a: Greedent|Greedent, L86, M|347/347\n|move|p1a: Mudsdale|Heavy Slam|p2a: Greedent\n|-damage|p2a: Greedent|244/347\n|\n|-heal|p1a: Mudsdale|208/305|[from] Grassy Terrain\n|-heal|p1a: Mudsdale|227/305|[from] item: Leftovers\n|-heal|p2a: Greedent|265/347|[from] Grassy Terrain\n|-fieldend|move: Grassy Terrain\n|upkeep\n|turn|11\n|\n|t:|1733768687\n|move|p1a: Mudsdale|Earthquake|p2a: Greedent\n|-damage|p2a: Greedent|153/347\n|-enditem|p2a: Greedent|Sitrus Berry|[eat]\n|-heal|p2a: Greedent|239/347|[from] item: Sitrus Berry\n|-heal|p2a: Greedent|347/347|[from] ability: Cheek Pouch\n|move|p2a: Greedent|Swords Dance|p2a: Greedent\n|-boost|p2a: Greedent|atk|2\n|\n|-heal|p1a: Mudsdale|246/305|[from] item: Leftovers\n|upkeep\n|turn|12\n|\n|t:|1733768698\n|move|p1a: Mudsdale|Heavy Slam|p2a: Greedent\n|-damage|p2a: Greedent|257/347\n|move|p2a: Greedent|Swords Dance|p2a: Greedent\n|-boost|p2a: Greedent|atk|2\n|\n|-heal|p1a: Mudsdale|265/305|[from] item: Leftovers\n|upkeep\n|turn|13\n|\n|t:|1733768705\n|move|p1a: Mudsdale|Earthquake|p2a: Greedent\n|-damage|p2a: Greedent|139/347\n|move|p2a: Greedent|Swords Dance|p2a: Greedent\n|-boost|p2a: Greedent|atk|2\n|\n|-heal|p1a: Mudsdale|284/305|[from] item: Leftovers\n|upkeep\n|turn|14\n|\n|t:|1733768709\n|move|p1a: Mudsdale|Earthquake|p2a: Greedent\n|-damage|p2a: Greedent|24/347\n|move|p2a: Greedent|Knock Off|p1a: Mudsdale\n|-crit|p1a: Mudsdale\n|-damage|p1a: Mudsdale|0 fnt\n|-enditem|p1a: Mudsdale|Leftovers|[from] move: Knock Off|[of] p2a: Greedent\n|faint|p1a: Mudsdale\n|\n|upkeep\n|\n|t:|1733768721\n|switch|p1a: Rillaboom|Rillaboom, L79, M|149/288\n|-fieldstart|move: Grassy Terrain|[from] ability: Grassy Surge|[of] p1a: Rillaboom\n|turn|15\n|\n|t:|1733768726\n|move|p1a: Rillaboom|Knock Off|p2a: Greedent\n|-damage|p2a: Greedent|0 fnt\n|faint|p2a: Greedent\n|\n|-heal|p1a: Rillaboom|167/288|[from] Grassy Terrain\n|upkeep\n|\n|t:|1733768736\n|switch|p2a: Landorus|Landorus-Therian, L76, M|260/260\n|-ability|p2a: Landorus|Intimidate|boost\n|-unboost|p1a: Rillaboom|atk|1\n|turn|16\n|\n|t:|1733768746\n|switch|p1a: Floatzel|Floatzel, L85, F|283/283\n|move|p2a: Landorus|Stealth Rock|p1a: Floatzel\n|-sidestart|p1: Obi-wannabe01|move: Stealth Rock\n|\n|upkeep\n|turn|17\n|\n|t:|1733768763\n|move|p1a: Floatzel|Ice Spinner|p2a: Landorus\n|-supereffective|p2a: Landorus\n|-damage|p2a: Landorus|4/260\n|-fieldend|move: Grassy Terrain\n|move|p2a: Landorus|U-turn|p1a: Floatzel\n|-damage|p1a: Floatzel|202/283\n|inactive|Drunder has 120 seconds left.\n|\n|t:|1733768787\n|switch|p2a: Pawmot|Pawmot, L80, M|204/243|[from] U-turn\n|\n|-heal|p1a: Floatzel|219/283|[from] item: Leftovers\n|upkeep\n|turn|18\n|\n|t:|1733768799\n|switch|p1a: Chimecho|Chimecho, L93, F|290/290\n|-damage|p1a: Chimecho|254/290|[from] Stealth Rock\n|move|p2a: Pawmot|Double Shock|p1a: Chimecho\n|-damage|p1a: Chimecho|136/290\n|-start|p2a: Pawmot|typechange|???/Fighting|[from] move: Double Shock\n|\n|-heal|p1a: Chimecho|154/290|[from] item: Leftovers\n|upkeep\n|turn|19\n|\n|t:|1733768811\n|switch|p2a: Landorus|Landorus-Therian, L76, M|4/260\n|-ability|p2a: Landorus|Intimidate|boost\n|-unboost|p1a: Chimecho|atk|1\n|move|p1a: Chimecho|Thunder Wave|p2a: Landorus\n|-immune|p2a: Landorus\n|\n|-heal|p2a: Landorus|20/260|[from] item: Leftovers\n|-heal|p1a: Chimecho|172/290|[from] item: Leftovers\n|upkeep\n|turn|20\n|\n|t:|1733768814\n|move|p2a: Landorus|U-turn|p1a: Chimecho\n|-supereffective|p1a: Chimecho\n|-damage|p1a: Chimecho|64/290\n|\n|t:|1733768827\n|switch|p2a: Pawmot|Pawmot, L80, M|204/243|[from] U-turn\n|move|p1a: Chimecho|Psychic Noise|p2a: Pawmot\n|-supereffective|p2a: Pawmot\n|-damage|p2a: Pawmot|0 fnt\n|faint|p2a: Pawmot\n|\n|-heal|p1a: Chimecho|82/290|[from] item: Leftovers\n|upkeep\n|\n|t:|1733768829\n|switch|p2a: Landorus|Landorus-Therian, L76, M|20/260\n|-ability|p2a: Landorus|Intimidate|boost\n|-unboost|p1a: Chimecho|atk|1\n|turn|21\n|\n|t:|1733768843\n|move|p2a: Landorus|U-turn|p1a: Chimecho\n|-supereffective|p1a: Chimecho\n|-damage|p1a: Chimecho|0 fnt\n|faint|p1a: Chimecho\n|inactive|Drunder has 120 seconds left.\n|\n|t:|1733768876\n|switch|p2a: Exeggutor|Exeggutor, L89, F|249/312|[from] U-turn\n|\n|upkeep\n|\n|t:|1733768884\n|switch|p1a: Rillaboom|Rillaboom, L79, M|167/288\n|-damage|p1a: Rillaboom|131/288|[from] Stealth Rock\n|-fieldstart|move: Grassy Terrain|[from] ability: Grassy Surge|[of] p1a: Rillaboom\n|turn|22\n|\n|t:|1733768887\n|switch|p2a: Landorus|Landorus-Therian, L76, M|20/260\n|-ability|p2a: Landorus|Intimidate|boost\n|-unboost|p1a: Rillaboom|atk|1\n|move|p1a: Rillaboom|U-turn|p2a: Landorus\n|-resisted|p2a: Landorus\n|-damage|p2a: Landorus|0 fnt\n|faint|p2a: Landorus\n|\n|t:|1733768896\n|switch|p1a: Floatzel|Floatzel, L85, F|219/283|[from] U-turn\n|-damage|p1a: Floatzel|184/283|[from] Stealth Rock\n|\n|-heal|p1a: Floatzel|201/283|[from] Grassy Terrain\n|-heal|p1a: Floatzel|218/283|[from] item: Leftovers\n|upkeep\n|\n|t:|1733768902\n|switch|p2a: Iron Valiant|Iron Valiant, L78|244/244\n|turn|23\n|\n|t:|1733768908\n|move|p1a: Floatzel|Wave Crash|p2a: Iron Valiant\n|-damage|p2a: Iron Valiant|102/244\n|-damage|p1a: Floatzel|171/283|[from] Recoil\n|move|p2a: Iron Valiant|Moonblast|p1a: Floatzel\n|-damage|p1a: Floatzel|0 fnt\n|faint|p1a: Floatzel\n|-damage|p2a: Iron Valiant|78/244|[from] item: Life Orb\n|\n|-heal|p2a: Iron Valiant|93/244|[from] Grassy Terrain\n|upkeep\n|\n|t:|1733768918\n|switch|p1a: Oranguru|Oranguru, L92, M|276/315\n|-damage|p1a: Oranguru|237/315|[from] Stealth Rock\n|turn|24\n|\n|t:|1733768944\n|move|p2a: Iron Valiant|Knock Off|p1a: Oranguru\n|-supereffective|p1a: Oranguru\n|-damage|p1a: Oranguru|42/315\n|-enditem|p1a: Oranguru|Choice Specs|[from] move: Knock Off|[of] p2a: Iron Valiant\n|-damage|p2a: Iron Valiant|69/244|[from] item: Life Orb\n|move|p1a: Oranguru|Hyper Voice|p2a: Iron Valiant\n|-damage|p2a: Iron Valiant|0 fnt\n|faint|p2a: Iron Valiant\n|-end|p2a: Iron Valiant|Quark Drive|[silent]\n|\n|-heal|p1a: Oranguru|61/315|[from] Grassy Terrain\n|upkeep\n|\n|t:|1733768952\n|switch|p2a: Exeggutor|Exeggutor, L89, F|249/312\n|turn|25\n|\n|t:|1733768958\n|move|p1a: Oranguru|Hyper Voice|p2a: Exeggutor\n|-damage|p2a: Exeggutor|135/312\n|-enditem|p2a: Exeggutor|Sitrus Berry|[eat]\n|-heal|p2a: Exeggutor|213/312|[from] item: Sitrus Berry\n|move|p2a: Exeggutor|Psychic Noise|p1a: Oranguru\n|-resisted|p1a: Oranguru\n|-damage|p1a: Oranguru|16/315\n|-start|p1a: Oranguru|move: Heal Block\n|\n|-heal|p2a: Exeggutor|232/312|[from] Grassy Terrain\n|upkeep\n|turn|26\n|\n|t:|1733768976\n|move|p1a: Oranguru|Hyper Voice|p2a: Exeggutor\n|-damage|p2a: Exeggutor|121/312\n|move|p2a: Exeggutor|Psychic Noise|p1a: Oranguru\n|-resisted|p1a: Oranguru\n|-damage|p1a: Oranguru|0 fnt\n|faint|p1a: Oranguru\n|\n|-heal|p2a: Exeggutor|140/312|[from] Grassy Terrain\n|-fieldend|move: Grassy Terrain\n|-item|p2a: Exeggutor|Sitrus Berry|[from] ability: Harvest\n|upkeep\n|-enditem|p2a: Exeggutor|Sitrus Berry|[eat]\n|-heal|p2a: Exeggutor|218/312|[from] item: Sitrus Berry\n|\n|t:|1733768982\n|switch|p1a: Rillaboom|Rillaboom, L79, M|131/288\n|-damage|p1a: Rillaboom|95/288|[from] Stealth Rock\n|-fieldstart|move: Grassy Terrain|[from] ability: Grassy Surge|[of] p1a: Rillaboom\n|turn|27\n|\n|t:|1733768992\n|move|p1a: Rillaboom|U-turn|p2a: Exeggutor\n|-supereffective|p2a: Exeggutor\n|-damage|p2a: Exeggutor|0 fnt\n|faint|p2a: Exeggutor\n|\n|t:|1733768994\n|switch|p1a: Cinccino|Cinccino, L83, M|260/260|[from] U-turn\n|-damage|p1a: Cinccino|228/260|[from] Stealth Rock\n|\n|-heal|p1a: Cinccino|244/260|[from] Grassy Terrain\n|upkeep\n|\n|t:|1733768997\n|switch|p2a: Armarouge|Armarouge, L80, F|267/267\n|turn|28\n|\n|t:|1733769010\n|-terastallize|p2a: Armarouge|Fire\n|move|p1a: Cinccino|Tail Slap|p2a: Armarouge\n|-crit|p2a: Armarouge\n|-damage|p2a: Armarouge|216/267\n|-ability|p2a: Armarouge|Weak Armor|boost\n|-unboost|p2a: Armarouge|def|1\n|-boost|p2a: Armarouge|spe|2\n|-damage|p2a: Armarouge|162/267\n|-ability|p2a: Armarouge|Weak Armor|boost\n|-unboost|p2a: Armarouge|def|1\n|-boost|p2a: Armarouge|spe|2\n|-damage|p2a: Armarouge|93/267\n|-ability|p2a: Armarouge|Weak Armor|boost\n|-unboost|p2a: Armarouge|def|1\n|-boost|p2a: Armarouge|spe|2\n|-damage|p2a: Armarouge|5/267\n|-ability|p2a: Armarouge|Weak Armor|boost\n|-unboost|p2a: Armarouge|def|1\n|-hitcount|p2a: Armarouge|4\n|move|p2a: Armarouge|Meteor Beam||[still]\n|-prepare|p2a: Armarouge|Meteor Beam\n|-boost|p2a: Armarouge|spa|1\n|-enditem|p2a: Armarouge|Power Herb\n|-anim|p2a: Armarouge|Meteor Beam|p1a: Cinccino\n|-damage|p1a: Cinccino|55/260\n|\n|-heal|p2a: Armarouge|21/267|[from] Grassy Terrain\n|-heal|p1a: Cinccino|71/260|[from] Grassy Terrain\n|upkeep\n|turn|29\n|\n|t:|1733769032\n|move|p2a: Armarouge|Armor Cannon|p1a: Cinccino\n|-damage|p1a: Cinccino|0 fnt\n|-unboost|p2a: Armarouge|def|1\n|-unboost|p2a: Armarouge|spd|1\n|faint|p1a: Cinccino\n|\n|-heal|p2a: Armarouge|37/267|[from] Grassy Terrain\n|upkeep\n|\n|t:|1733769036\n|switch|p1a: Rillaboom|Rillaboom, L79, M|95/288\n|-damage|p1a: Rillaboom|59/288|[from] Stealth Rock\n|turn|30\n|\n|t:|1733769042\n|move|p1a: Rillaboom|Grassy Glide|p2a: Armarouge\n|-resisted|p2a: Armarouge\n|-crit|p2a: Armarouge\n|-damage|p2a: Armarouge|0 fnt\n|faint|p2a: Armarouge\n|\n|win|Obi-wannabe01\n|raw|Obi-wannabe01's rating: 1459 &rarr; <strong>1477</strong><br />(+18 for winning)\n|raw|Drunder's rating: 1420 &rarr; <strong>1402</strong><br />(-18 for losing)\n|c|\u2606Obi-wannabe01|Gg\n", "inputlog": ">version bfd83cad13791eb5a5a409923076391caf6fb4d4\n>start {\"formatid\":\"gen9randombattle\",\"seed\":[18362,64953,3656,5574],\"rated\":\"Rated battle\"}\n>player p1 {\"name\":\"Obi-wannabe01\",\"avatar\":\"101\",\"rating\":1459,\"seed\":[5614,56288,57970,39466]}\n>player p2 {\"name\":\"Drunder\",\"avatar\":\"drayden\",\"rating\":1420,\"seed\":[10315,56499,59381,43346]}\n>p1 switch 6\n>p2 switch 3\n>p1 move heavyslam\n>p2 move substitute\n>p1 move heavyslam\n>p2 move leechseed\n>p1 switch 3\n>p2 move substitute\n>p1 move trick\n>p2 move leechseed\n>p1 switch 2\n>p2 move protect\n>p1 move knockoff\n>p2 move psychicnoise\n>p1 move knockoff\n>p2 switch 3\n>p1 switch 3\n>p2 move icepunch\n>p1 move heavyslam\n>p2 switch 2\n>p1 move earthquake\n>p2 move swordsdance\n>p1 move heavyslam\n>p2 move swordsdance\n>p1 move earthquake\n>p2 move swordsdance\n>p1 move earthquake\n>p2 move knockoff\n>p1 switch 3\n>p1 move knockoff\n>p2 move bodyslam\n>p2 switch 6\n>p1 switch 6\n>p2 move stealthrock\n>p1 move icespinner\n>p2 move uturn\n>p2 switch 2\n>p1 switch 4\n>p2 move doubleshock\n>p1 move thunderwave\n>p2 switch 2\n>p1 move psychicnoise\n>p2 move uturn\n>p2 switch 2\n>p2 switch 2\n>p1 move recover\n>p2 move uturn\n>p2 switch 3\n>p1 switch 6\n>p1 move uturn\n>p2 switch 3\n>p1 switch 4\n>p2 switch 4\n>p1 move wavecrash\n>p2 move moonblast\n>p1 switch 2\n>p1 move hypervoice\n>p2 move knockoff\n>p2 switch 3\n>p1 move hypervoice\n>p2 move psychicnoise\n>p1 move hypervoice\n>p2 move psychicnoise\n>p1 switch 4\n>p1 move uturn\n>p2 move psychicnoise\n>p1 switch 5\n>p2 switch 5\n>p1 move tailslap\n>p2 move meteorbeam terastallize\n>p1 move tailslap\n>p2 move armorcannon\n>p1 switch 5\n>p1 move grassyglide\n>p2 move armorcannon", "uploadtime": 1733769058, "views": 1, "formatid": "gen9randombattle", "rating": 1402, "private": 0, "password": null}