{"id": "gen9randombattle-2260595933", "format": "[Gen 9] Random Battle", "players": ["zeolong", "Allen Darkwood"], "log": "|j|\u2606zeolong\n|j|\u2606Allen Darkwood\n|t:|1733867392\n|gametype|singles\n|player|p1|zeolong|266|1336\n|player|p2|Allen Darkwood|waitress-gen4|1358\n|teamsize|p1|6\n|teamsize|p2|6\n|gen|9\n|tier|[Gen 9] Random Battle\n|rated|\n|rule|Species Clause: Limit one of each Pok\u00e9mon\n|rule|HP Percentage Mod: HP is shown in percentages\n|rule|Sleep Clause Mod: Limit one foe put to sleep\n|rule|Illusion Level Mod: Illusion disguises the Pok\u00e9mon's true level\n|\n|t:|1733867392\n|start\n|switch|p1a: Delphox|Delphox, L84, F|263/263\n|switch|p2a: Cinccino|Cinccino, L83, M|260/260\n|turn|1\n|inactive|Battle timer is ON: inactive players will automatically lose when time's up. (requested by zeolong)\n|\n|t:|1733867407\n|switch|p2a: Iron Thorns|Iron Thorns, L83|302/302\n|-enditem|p2a: Iron Thorns|Booster Energy\n|-activate|p2a: Iron Thorns|ability: Quark Drive|[fromitem]\n|-start|p2a: Iron Thorns|quarkdriveatk\n|move|p1a: Delphox|Fire Blast|p2a: Iron Thorns\n|-resisted|p2a: Iron Thorns\n|-damage|p2a: Iron Thorns|233/302\n|-status|p2a: Iron Thorns|brn\n|\n|-damage|p2a: Iron Thorns|215/302 brn|[from] brn\n|upkeep\n|turn|2\n|inactive|zeolong has 120 seconds left.\n|\n|t:|1733867441\n|switch|p1a: Gothitelle|Gothitelle, L90, M|272/272\n|move|p2a: Iron Thorns|Dragon Dance|p2a: Iron Thorns\n|-boost|p2a: Iron Thorns|atk|1\n|-boost|p2a: Iron Thorns|spe|1\n|\n|-damage|p2a: Iron Thorns|197/302 brn|[from] brn\n|upkeep\n|turn|3\n|\n|t:|1733867456\n|move|p2a: Iron Thorns|Stone Edge|p1a: Gothitelle|[miss]\n|-miss|p2a: Iron Thorns|p1a: Gothitelle\n|move|p1a: Gothitelle|Focus Blast|p2a: Iron Thorns\n|-supereffective|p2a: Iron Thorns\n|-damage|p2a: Iron Thorns|0 fnt\n|faint|p2a: Iron Thorns\n|-end|p2a: Iron Thorns|Quark Drive|[silent]\n|\n|upkeep\n|\n|t:|1733867465\n|switch|p2a: Dugtrio|Dugtrio, L84, F|196/196\n|turn|4\n|\n|t:|1733867471\n|move|p2a: Dugtrio|Throat Chop|p1a: Gothitelle\n|-supereffective|p1a: Gothitelle\n|-damage|p1a: Gothitelle|130/272\n|-start|p1a: Gothitelle|Throat Chop|[silent]\n|cant|p1a: Gothitelle|move: Throat Chop\n|\n|-heal|p1a: Gothitelle|147/272|[from] item: Leftovers\n|upkeep\n|turn|5\n|\n|t:|1733867479\n|move|p2a: Dugtrio|Throat Chop|p1a: Gothitelle\n|-supereffective|p1a: Gothitelle\n|-damage|p1a: Gothitelle|0 fnt\n|faint|p1a: Gothitelle\n|\n|upkeep\n|\n|t:|1733867484\n|switch|p1a: Shiftry|Shiftry, L89, M|305/305\n|turn|6\n|\n|t:|1733867493\n|switch|p2a: Rotom|Rotom-Fan, L86|226/226\n|move|p1a: Shiftry|Tailwind|p1a: Shiftry\n|-sidestart|p1: zeolong|move: Tailwind\n|-ability|p1a: Shiftry|Wind Rider|boost\n|-boost|p1a: Shiftry|atk|1\n|\n|upkeep\n|turn|7\n|\n|t:|1733867507\n|switch|p1a: Umbreon|Umbreon, L84, F|297/297\n|move|p2a: Rotom|Will-O-Wisp|p1a: Umbreon\n|-status|p1a: Umbreon|brn\n|-activate|p1a: Umbreon|ability: Synchronize\n|-status|p2a: Rotom|brn\n|\n|-damage|p1a: Umbreon|279/297 brn|[from] brn\n|-damage|p2a: Rotom|212/226 brn|[from] brn\n|upkeep\n|turn|8\n|\n|t:|1733867517\n|move|p1a: Umbreon|Foul Play|p2a: Rotom\n|-damage|p2a: Rotom|189/226 brn\n|move|p2a: Rotom|Air Slash|p1a: Umbreon\n|-damage|p1a: Umbreon|218/297 brn\n|\n|-heal|p1a: Umbreon|236/297 brn|[from] item: Leftovers\n|-damage|p1a: Umbreon|218/297 brn|[from] brn\n|-damage|p2a: Rotom|175/226 brn|[from] brn\n|upkeep\n|turn|9\n|\n|t:|1733867527\n|switch|p1a: Delphox|Delphox, L84, F|263/263\n|move|p2a: Rotom|Nasty Plot|p2a: Rotom\n|-boost|p2a: Rotom|spa|2\n|\n|-damage|p2a: Rotom|161/226 brn|[from] brn\n|-sideend|p1: zeolong|move: Tailwind\n|upkeep\n|turn|10\n|\n|t:|1733867534\n|move|p1a: Delphox|Fire Blast|p2a: Rotom\n|-damage|p2a: Rotom|50/226 brn\n|move|p2a: Rotom|Air Slash|p1a: Delphox\n|-damage|p1a: Delphox|110/263\n|\n|-damage|p2a: Rotom|36/226 brn|[from] brn\n|upkeep\n|turn|11\n|\n|t:|1733867541\n|move|p1a: Delphox|Fire Blast|p2a: Rotom\n|-damage|p2a: Rotom|0 fnt\n|faint|p2a: Rotom\n|\n|upkeep\n|\n|t:|1733867546\n|switch|p2a: Dugtrio|Dugtrio, L84, F|196/196\n|turn|12\n|\n|t:|1733867551\n|move|p2a: Dugtrio|Sucker Punch|p1a: Delphox\n|-supereffective|p1a: Delphox\n|-damage|p1a: Delphox|0 fnt\n|faint|p1a: Delphox\n|\n|upkeep\n|\n|t:|1733867556\n|switch|p1a: Shiftry|Shiftry, L89, M|305/305\n|turn|13\n|\n|t:|1733867565\n|switch|p2a: Cinccino|Cinccino, L83, M|260/260\n|move|p1a: Shiftry|Tailwind|p1a: Shiftry\n|-sidestart|p1: zeolong|move: Tailwind\n|-ability|p1a: Shiftry|Wind Rider|boost\n|-boost|p1a: Shiftry|atk|1\n|\n|upkeep\n|turn|14\n|\n|t:|1733867577\n|move|p1a: Shiftry|Knock Off|p2a: Cinccino\n|-damage|p2a: Cinccino|0 fnt\n|-enditem|p2a: Cinccino|Loaded Dice|[from] move: Knock Off|[of] p1a: Shiftry\n|faint|p2a: Cinccino\n|-damage|p1a: Shiftry|275/305|[from] item: Life Orb\n|\n|upkeep\n|\n|t:|1733867585\n|switch|p2a: Gengar|Gengar, L81, M|230/230\n|turn|15\n|\n|t:|1733867591\n|move|p1a: Shiftry|Knock Off|p2a: Gengar\n|-supereffective|p2a: Gengar\n|-damage|p2a: Gengar|0 fnt\n|-enditem|p2a: Gengar|Life Orb|[from] move: Knock Off|[of] p1a: Shiftry\n|faint|p2a: Gengar\n|-damage|p1a: Shiftry|245/305|[from] item: Life Orb\n|\n|upkeep\n|-message|Allen Darkwood forfeited.\n|\n|win|zeolong\n|raw|zeolong's rating: 1336 &rarr; <strong>1357</strong><br />(+21 for winning)\n|raw|Allen Darkwood's rating: 1358 &rarr; <strong>1337</strong><br />(-21 for losing)\n|l|\u2606Allen Darkwood\n|player|p2|\n", "inputlog": ">version bfd83cad13791eb5a5a409923076391caf6fb4d4\n>start {\"formatid\":\"gen9randombattle\",\"seed\":[19703,3031,18671,13565],\"rated\":\"Rated battle\"}\n>player p1 {\"name\":\"zeolong\",\"avatar\":\"266\",\"rating\":1336,\"seed\":[16281,50701,17405,25920]}\n>player p2 {\"name\":\"Allen Darkwood\",\"avatar\":\"waitress-gen4\",\"rating\":1358,\"seed\":[58848,52971,29066,57507]}\n>p1 move fireblast\n>p2 switch 4\n>p1 switch 3\n>p2 move dragondance\n>p1 move focusblast\n>p2 move stoneedge\n>p2 switch 6\n>p1 move psychicnoise\n>p2 move throatchop\n>p1 move darkpulse\n>p2 move throatchop\n>p1 switch 2\n>p1 move tailwind\n>p2 switch 2\n>p1 switch 5\n>p2 move willowisp\n>p1 move foulplay\n>p2 move airslash\n>p1 switch 3\n>p2 move nastyplot\n>p1 move fireblast\n>p2 move airslash\n>p1 move fireblast\n>p2 move airslash\n>p2 switch 2\n>p1 move fireblast\n>p2 move suckerpunch\n>p1 switch 5\n>p1 move tailwind\n>p2 switch 4\n>p1 move knockoff\n>p2 move tripleaxel\n>p2 switch 5\n>p1 move knockoff\n>p2 move sludgewave\n>forcelose p2", "uploadtime": 1733867609, "views": 1, "formatid": "gen9randombattle", "rating": 1337, "private": 0, "password": null}