{"id": "gen9randombattle-2211843717", "format": "[Gen 9] Random Battle", "players": ["BurmyEnjoyer", "R3LT Theologos"], "log": "|badge|p2|silver|gen9randombattle|30-2\n|html|<div class=\"broadcast-red\"><strong>This battle is required to be public due to one or more player having a season medal.</strong><br />During the public phase, you can discuss the state of the ladder <a href=\"/seasondiscussion\">in a special chatroom.</a></div>\n|uhtml|medal-msg|<div class=\"broadcast-blue\">Curious what those medals under the avatar are? PS now has Ladder Seasons! For more information, check out the <a href=\"https://www.smogon.com/forums/threads/3740067/\">thread on Smogon.</a></div>\n|raw|<div class=\"broadcast-blue\"><strong>This battle is required to be public due to a player having a name starting with 'medal'.</div>\n|j|\u2606BurmyEnjoyer\n|j|\u2606R3LT Theologos\n|t:|1727568549\n|gametype|singles\n|player|p1|BurmyEnjoyer|102|2236\n|player|p2|R3LT Theologos|artist|2415\n|teamsize|p1|6\n|teamsize|p2|6\n|gen|9\n|tier|[Gen 9] Random Battle\n|rated|\n|rule|Species Clause: Limit one of each Pok\u00e9mon\n|rule|HP Percentage Mod: HP is shown in percentages\n|rule|Sleep Clause Mod: Limit one foe put to sleep\n|rule|Illusion Level Mod: Illusion disguises the Pok\u00e9mon's true level\n|\n|t:|1727568549\n|start\n|switch|p1a: Basculin|Basculin-Blue-Striped, L86, M|261/261\n|switch|p2a: Tsareena|Tsareena, L87, F|267/267\n|turn|1\n|inactive|Battle timer is ON: inactive players will automatically lose when time's up. (requested by BurmyEnjoyer)\n|inactive|R3LT Theologos has 120 seconds left.\n|inactive|R3LT Theologos has 90 seconds left.\n|\n|t:|1727568616\n|switch|p1a: Mightyena|Mightyena, L95, M|287/287\n|-ability|p1a: Mightyena|Intimidate|boost\n|-unboost|p2a: Tsareena|atk|1\n|switch|p2a: Zarude|Zarude, L78|292/292\n|\n|upkeep\n|turn|2\n|\n|t:|1727568640\n|move|p2a: Zarude|U-turn|p1a: Mightyena\n|-supereffective|p1a: Mightyena\n|-damage|p1a: Mightyena|175/287\n|\n|t:|1727568643\n|switch|p2a: Groudon|Groudon, L72|263/263|[from] U-turn\n|-weather|SunnyDay|[from] ability: Drought|[of] p2a: Groudon\n|move|p1a: Mightyena|Play Rough|p2a: Groudon\n|-damage|p2a: Groudon|174/263\n|-unboost|p2a: Groudon|atk|1\n|\n|-weather|SunnyDay|[upkeep]\n|-heal|p2a: Groudon|190/263|[from] item: Leftovers\n|upkeep\n|turn|3\n|\n|t:|1727568653\n|switch|p1a: Tsareena|Tsareena, L87, F|267/267\n|move|p2a: Groudon|Spikes|p1a: Tsareena\n|-sidestart|p1: BurmyEnjoyer|Spikes\n|\n|-weather|SunnyDay|[upkeep]\n|-heal|p2a: Groudon|206/263|[from] item: Leftovers\n|upkeep\n|turn|4\n|\n|t:|1727568661\n|-terastallize|p2a: Groudon|Fire\n|move|p1a: Tsareena|Knock Off|p2a: Groudon\n|-damage|p2a: Groudon|134/263\n|-enditem|p2a: Groudon|Leftovers|[from] move: Knock Off|[of] p1a: Tsareena\n|move|p2a: Groudon|Heat Crash|p1a: Tsareena\n|-supereffective|p1a: Tsareena\n|-damage|p1a: Tsareena|21/267\n|\n|-weather|SunnyDay|[upkeep]\n|upkeep\n|turn|5\n|\n|t:|1727568682\n|move|p1a: Tsareena|Rapid Spin|p2a: Groudon\n|-damage|p2a: Groudon|94/263\n|-boost|p1a: Tsareena|spe|1\n|-sideend|p1: BurmyEnjoyer|Spikes|[from] move: Rapid Spin|[of] p1a: Tsareena\n|move|p2a: Groudon|Heat Crash|p1a: Tsareena\n|-supereffective|p1a: Tsareena\n|-damage|p1a: Tsareena|0 fnt\n|faint|p1a: Tsareena\n|\n|-weather|SunnyDay|[upkeep]\n|upkeep\n|j| R3LT Ilex\n|\n|t:|1727568696\n|switch|p1a: Basculin|Basculin-Blue-Striped, L86, M|261/261\n|turn|6\n|\n|t:|1727568719\n|switch|p2a: Ursaring|Ursaring, L84, F|288/288\n|move|p1a: Basculin|Flip Turn|p2a: Ursaring\n|-damage|p2a: Ursaring|242/288\n|\n|t:|1727568726\n|switch|p1a: Dewgong|Dewgong, L94, F|322/322|[from] Flip Turn\n|\n|-weather|none\n|upkeep\n|turn|7\n|\n|t:|1727568733\n|move|p1a: Dewgong|Knock Off|p2a: Ursaring\n|-damage|p2a: Ursaring|191/288\n|-enditem|p2a: Ursaring|Eviolite|[from] move: Knock Off|[of] p1a: Dewgong\n|move|p2a: Ursaring|Body Slam|p1a: Dewgong\n|-damage|p1a: Dewgong|210/322\n|\n|upkeep\n|turn|8\n|\n|t:|1727568746\n|move|p1a: Dewgong|Ice Beam|p2a: Ursaring\n|-damage|p2a: Ursaring|83/288\n|move|p2a: Ursaring|Body Slam|p1a: Dewgong\n|-damage|p1a: Dewgong|92/322\n|\n|upkeep\n|turn|9\n|\n|t:|1727568758\n|switch|p2a: Azumarill|Azumarill, L82, M|298/298\n|move|p1a: Dewgong|Ice Beam|p2a: Azumarill\n|-resisted|p2a: Azumarill\n|-damage|p2a: Azumarill|246/298\n|\n|upkeep\n|turn|10\n|\n|t:|1727568774\n|move|p1a: Dewgong|Knock Off|p2a: Azumarill\n|-resisted|p2a: Azumarill\n|-damage|p2a: Azumarill|210/298\n|-enditem|p2a: Azumarill|Sitrus Berry|[from] move: Knock Off|[of] p1a: Dewgong\n|move|p2a: Azumarill|Play Rough|p1a: Dewgong\n|-damage|p1a: Dewgong|0 fnt\n|faint|p1a: Dewgong\n|\n|upkeep\n|\n|t:|1727568801\n|switch|p1a: Dialga|Dialga-Origin, L73|266/266\n|-ability|p1a: Dialga|Pressure\n|turn|11\n|\n|t:|1727568809\n|move|p1a: Dialga|Stealth Rock|p2a: Azumarill\n|-sidestart|p2: R3LT Theologos|move: Stealth Rock\n|move|p2a: Azumarill|Play Rough|p1a: Dialga\n|-damage|p1a: Dialga|170/266\n|\n|upkeep\n|turn|12\n|\n|t:|1727568818\n|switch|p2a: Tsareena|Tsareena, L87, F|267/267\n|move|p1a: Dialga|Heavy Slam|p2a: Tsareena\n|-damage|p2a: Tsareena|152/267\n|\n|upkeep\n|turn|13\n|\n|t:|1727568830\n|move|p2a: Tsareena|Synthesis|p2a: Tsareena\n|-heal|p2a: Tsareena|267/267\n|move|p1a: Dialga|Fire Blast|p2a: Tsareena\n|-supereffective|p2a: Tsareena\n|-damage|p2a: Tsareena|111/267\n|\n|upkeep\n|turn|14\n|\n|t:|1727568836\n|move|p2a: Tsareena|Synthesis|p2a: Tsareena\n|-heal|p2a: Tsareena|244/267\n|move|p1a: Dialga|Heavy Slam|p2a: Tsareena\n|-damage|p2a: Tsareena|135/267\n|\n|upkeep\n|turn|15\n|\n|t:|1727568840\n|move|p2a: Tsareena|Synthesis|p2a: Tsareena\n|-heal|p2a: Tsareena|267/267\n|move|p1a: Dialga|Fire Blast|p2a: Tsareena\n|-supereffective|p2a: Tsareena\n|-damage|p2a: Tsareena|127/267\n|-status|p2a: Tsareena|brn\n|\n|-damage|p2a: Tsareena|111/267 brn|[from] brn\n|upkeep\n|turn|16\n|\n|t:|1727568842\n|move|p2a: Tsareena|Rapid Spin|p1a: Dialga\n|-resisted|p1a: Dialga\n|-damage|p1a: Dialga|160/266\n|-boost|p2a: Tsareena|spe|1\n|-sideend|p2: R3LT Theologos|Stealth Rock|[from] move: Rapid Spin|[of] p2a: Tsareena\n|move|p1a: Dialga|Heavy Slam|p2a: Tsareena\n|-damage|p2a: Tsareena|9/267 brn\n|\n|-damage|p2a: Tsareena|0 fnt|[from] brn\n|faint|p2a: Tsareena\n|upkeep\n|\n|t:|1727568849\n|switch|p2a: Terrakion|Terrakion, L79|273/273\n|turn|17\n|\n|t:|1727568856\n|move|p2a: Terrakion|Close Combat|p1a: Dialga\n|-supereffective|p1a: Dialga\n|-crit|p1a: Dialga\n|-damage|p1a: Dialga|0 fnt\n|-unboost|p2a: Terrakion|def|1\n|-unboost|p2a: Terrakion|spd|1\n|faint|p1a: Dialga\n|\n|upkeep\n|\n|t:|1727568863\n|switch|p1a: Basculin|Basculin-Blue-Striped, L86, M|261/261\n|turn|18\n|\n|t:|1727568867\n|switch|p2a: Groudon|Groudon, L72, tera:Fire|94/263\n|-weather|SunnyDay|[from] ability: Drought|[of] p2a: Groudon\n|move|p1a: Basculin|Flip Turn|p2a: Groudon\n|-supereffective|p2a: Groudon\n|-damage|p2a: Groudon|0 fnt\n|faint|p2a: Groudon\n|\n|t:|1727568872\n|switch|p1a: Mightyena|Mightyena, L95, M|175/287|[from] Flip Turn\n|\n|-weather|SunnyDay|[upkeep]\n|upkeep\n|\n|t:|1727568898\n|switch|p2a: Azumarill|Azumarill, L82, M|210/298\n|turn|19\n|\n|t:|1727568906\n|move|p1a: Mightyena|Poison Fang|p2a: Azumarill\n|-supereffective|p2a: Azumarill\n|-damage|p2a: Azumarill|58/298\n|-status|p2a: Azumarill|tox\n|move|p2a: Azumarill|Play Rough|p1a: Mightyena\n|-supereffective|p1a: Mightyena\n|-damage|p1a: Mightyena|0 fnt\n|faint|p1a: Mightyena\n|\n|-weather|SunnyDay|[upkeep]\n|-damage|p2a: Azumarill|40/298 tox|[from] psn\n|upkeep\n|\n|t:|1727568935\n|switch|p1a: Basculin|Basculin-Blue-Striped, L86, M|261/261\n|turn|20\n|\n|t:|1727568961\n|move|p1a: Basculin|Wave Crash|p2a: Azumarill\n|-resisted|p2a: Azumarill\n|-damage|p2a: Azumarill|0 fnt\n|faint|p2a: Azumarill\n|-damage|p1a: Basculin|248/261|[from] Recoil\n|\n|-weather|SunnyDay|[upkeep]\n|upkeep\n|\n|t:|1727568968\n|switch|p2a: Zarude|Zarude, L78|292/292\n|turn|21\n|inactive|R3LT Theologos has 120 seconds left.\n|\n|t:|1727569005\n|switch|p1a: Flamigo|Flamigo, L82, M|269/269\n|move|p2a: Zarude|Power Whip|p1a: Flamigo\n|-resisted|p1a: Flamigo\n|-damage|p1a: Flamigo|197/269\n|\n|-weather|SunnyDay|[upkeep]\n|upkeep\n|turn|22\n|\n|t:|1727569032\n|switch|p2a: Ursaring|Ursaring, L84, F|83/288\n|switch|p1a: Basculin|Basculin-Blue-Striped, L86, M|248/261\n|\n|-weather|none\n|upkeep\n|turn|23\n|\n|t:|1727569046\n|switch|p2a: Zarude|Zarude, L78|292/292\n|move|p1a: Basculin|Flip Turn|p2a: Zarude\n|-resisted|p2a: Zarude\n|-damage|p2a: Zarude|232/292\n|\n|t:|1727569049\n|switch|p1a: Flamigo|Flamigo, L82, M|197/269|[from] Flip Turn\n|\n|upkeep\n|turn|24\n|\n|t:|1727569064\n|switch|p1a: Basculin|Basculin-Blue-Striped, L86, M|248/261\n|move|p2a: Zarude|U-turn|p1a: Basculin\n|-damage|p1a: Basculin|187/261\n|\n|t:|1727569072\n|switch|p2a: Terrakion|Terrakion, L79|273/273|[from] U-turn\n|\n|upkeep\n|turn|25\n|\n|t:|1727569080\n|switch|p2a: Zarude|Zarude, L78|232/292\n|move|p1a: Basculin|Wave Crash|p2a: Zarude\n|-resisted|p2a: Zarude\n|-damage|p2a: Zarude|108/292\n|-damage|p1a: Basculin|146/261|[from] Recoil\n|\n|upkeep\n|turn|26\n|inactive|BurmyEnjoyer has 120 seconds left.\n|inactive|R3LT Theologos has 120 seconds left.\n|\n|t:|1727569132\n|move|p2a: Zarude|Power Whip|p1a: Basculin\n|-supereffective|p1a: Basculin\n|-damage|p1a: Basculin|0 fnt\n|faint|p1a: Basculin\n|\n|upkeep\n|inactive|BurmyEnjoyer has 120 seconds left.\n|\n|t:|1727569138\n|switch|p1a: Flamigo|Flamigo, L82, M|197/269\n|turn|27\n|\n|t:|1727569151\n|switch|p2a: Ursaring|Ursaring, L84, F|83/288\n|move|p1a: Flamigo|Brave Bird|p2a: Ursaring\n|-damage|p2a: Ursaring|0 fnt\n|faint|p2a: Ursaring\n|-damage|p1a: Flamigo|170/269|[from] Recoil\n|-damage|p1a: Flamigo|144/269|[from] item: Life Orb\n|\n|upkeep\n|\n|t:|1727569162\n|switch|p2a: Zarude|Zarude, L78|108/292\n|turn|28\n|\n|t:|1727569164\n|move|p2a: Zarude|Close Combat|p1a: Flamigo\n|-resisted|p1a: Flamigo\n|-crit|p1a: Flamigo\n|-damage|p1a: Flamigo|70/269\n|-unboost|p2a: Zarude|def|1\n|-unboost|p2a: Zarude|spd|1\n|move|p1a: Flamigo|Brave Bird|p2a: Zarude\n|-supereffective|p2a: Zarude\n|-damage|p2a: Zarude|0 fnt\n|faint|p2a: Zarude\n|-damage|p1a: Flamigo|34/269|[from] Recoil\n|-damage|p1a: Flamigo|8/269|[from] item: Life Orb\n|\n|upkeep\n|\n|t:|1727569166\n|switch|p2a: Terrakion|Terrakion, L79|273/273\n|turn|29\n|\n|t:|1727569172\n|move|p2a: Terrakion|Close Combat|p1a: Flamigo\n|-resisted|p1a: Flamigo\n|-damage|p1a: Flamigo|0 fnt\n|-unboost|p2a: Terrakion|def|1\n|-unboost|p2a: Terrakion|spd|1\n|faint|p1a: Flamigo\n|\n|win|R3LT Theologos\n|raw|BurmyEnjoyer's rating: 2236 &rarr; <strong>2225</strong><br />(-11 for losing)\n|raw|R3LT Theologos's rating: 2415 &rarr; <strong>2426</strong><br />(+11 for winning)\n|l|\u2606BurmyEnjoyer\n|player|p1|\n", "inputlog": ">version 69ff0b2f47ddc97367302b06f7f2ae172fb214dd\n>start {\"formatid\":\"gen9randombattle\",\"seed\":[38288,38988,62923,42659],\"rated\":\"Rated battle\"}\n>player p1 {\"name\":\"BurmyEnjoyer\",\"avatar\":\"102\",\"rating\":2236,\"seed\":[37174,41833,51361,46628]}\n>player p2 {\"name\":\"R3LT Theologos\",\"avatar\":\"artist\",\"rating\":2415,\"seed\":[50649,10812,10943,550]}\n>p1 switch 2\n>p2 switch 2\n>p1 move playrough\n>p2 move uturn\n>p2 switch 4\n>p1 switch 3\n>p2 move spikes\n>p1 move knockoff\n>p2 move heatcrash terastallize\n>p1 move rapidspin\n>p2 move heatcrash\n>p1 switch 2\n>p1 move flipturn\n>p2 switch 5\n>p1 switch 4\n>p1 move knockoff\n>p2 move bodyslam\n>p1 move icebeam\n>p2 move bodyslam\n>p1 move icebeam\n>p2 switch 3\n>p1 move knockoff\n>p2 move playrough\n>p1 switch 5\n>p1 move stealthrock\n>p2 move playrough\n>p1 move heavyslam\n>p2 switch 2\n>p1 move fireblast\n>p2 move synthesis\n>p1 move heavyslam\n>p2 move synthesis\n>p1 move fireblast\n>p2 move synthesis\n>p1 move heavyslam\n>p2 move rapidspin\n>p2 switch 6\n>p1 move heavyslam\n>p2 move closecombat\n>p1 switch 4\n>p1 move flipturn\n>p2 switch 5\n>p1 switch 3\n>p2 switch 2\n>p1 move poisonfang\n>p2 move playrough\n>p1 switch 3\n>p1 move wavecrash\n>p2 move playrough\n>p2 switch 4\n>p1 switch 6\n>p2 move powerwhip\n>p1 switch 6\n>p2 switch 3\n>p1 move flipturn\n>p2 switch 3\n>p1 switch 6\n>p1 switch 6\n>p2 move uturn\n>p2 switch 5\n>p1 move wavecrash\n>p2 switch 5\n>p1 move wavecrash\n>p2 move powerwhip\n>p1 switch 6\n>p1 move bravebird\n>p2 switch 3\n>p2 switch 3\n>p1 move bravebird\n>p2 move closecombat\n>p2 switch 5\n>p1 move closecombat\n>p2 move closecombat", "uploadtime": 1727569180, "views": 85, "formatid": "gen9randombattle", "rating": 2225, "private": 0, "password": null}