{"id": "gen9randombattle-2260439881", "format": "[Gen 9] Random Battle", "players": ["asdfssfd", "canfeelmypatience"], "log": "|j|\u2606asdfssfd\n|j|\u2606canfeelmypatience\n|t:|1733851788\n|gametype|singles\n|player|p1|asdfssfd|lady|1000\n|player|p2|canfeelmypatience|265|1000\n|teamsize|p1|6\n|teamsize|p2|6\n|gen|9\n|tier|[Gen 9] Random Battle\n|rated|\n|rule|Species Clause: Limit one of each Pok\u00e9mon\n|rule|HP Percentage Mod: HP is shown in percentages\n|rule|Sleep Clause Mod: Limit one foe put to sleep\n|rule|Illusion Level Mod: Illusion disguises the Pok\u00e9mon's true level\n|\n|t:|1733851788\n|start\n|switch|p1a: Hitmontop|Hitmontop, L88, M|231/231\n|switch|p2a: Grimmsnarl|Grimmsnarl, L83, M|293/293\n|-ability|p1a: Hitmontop|Intimidate|boost\n|-unboost|p2a: Grimmsnarl|atk|1\n|turn|1\n|inactive|Battle timer is ON: inactive players will automatically lose when time's up. (requested by asdfssfd)\n|inactive|asdfssfd has 120 seconds left.\n|\n|t:|1733851819\n|switch|p1a: Mamoswine|Mamoswine, L81, F|311/311\n|move|p2a: Grimmsnarl|Parting Shot|p1a: Mamoswine\n|-unboost|p1a: Mamoswine|atk|1\n|-unboost|p1a: Mamoswine|spa|1\n|\n|t:|1733851835\n|switch|p2a: Crabominable|Crabominable, L90, M|321/321|[from] Parting Shot\n|\n|upkeep\n|turn|2\n|\n|t:|1733851849\n|switch|p1a: Mudsdale|Mudsdale, L84, F|305/305\n|move|p2a: Crabominable|Close Combat|p1a: Mudsdale\n|-crit|p1a: Mudsdale\n|-damage|p1a: Mudsdale|0 fnt\n|-unboost|p2a: Crabominable|def|1\n|-unboost|p2a: Crabominable|spd|1\n|faint|p1a: Mudsdale\n|\n|upkeep\n|\n|t:|1733851862\n|switch|p1a: Hitmontop|Hitmontop, L88, M|231/231\n|-ability|p1a: Hitmontop|Intimidate|boost\n|-unboost|p2a: Crabominable|atk|1\n|turn|3\n|\n|t:|1733851878\n|switch|p2a: Appletun|Appletun, L92, F|352/352\n|move|p1a: Hitmontop|Close Combat|p2a: Appletun\n|-damage|p2a: Appletun|222/352\n|-unboost|p1a: Hitmontop|def|1\n|-unboost|p1a: Hitmontop|spd|1\n|\n|-heal|p2a: Appletun|244/352|[from] item: Leftovers\n|upkeep\n|turn|4\n|\n|t:|1733851900\n|switch|p1a: Tyranitar|Tyranitar, L79, F|288/288\n|-weather|Sandstorm|[from] ability: Sand Stream|[of] p1a: Tyranitar\n|move|p2a: Appletun|Apple Acid|p1a: Tyranitar\n|-supereffective|p1a: Tyranitar\n|-damage|p1a: Tyranitar|168/288\n|-unboost|p1a: Tyranitar|spd|1\n|\n|-weather|Sandstorm|[upkeep]\n|-damage|p2a: Appletun|222/352|[from] Sandstorm\n|-heal|p1a: Tyranitar|186/288|[from] item: Leftovers\n|-heal|p2a: Appletun|244/352|[from] item: Leftovers\n|upkeep\n|turn|5\n|\n|t:|1733851923\n|switch|p1a: Zekrom|Zekrom, L71|259/259\n|-ability|p1a: Zekrom|Teravolt\n|switch|p2a: Crabominable|Crabominable, L90, M|321/321\n|\n|-weather|Sandstorm|[upkeep]\n|-damage|p1a: Zekrom|243/259|[from] Sandstorm\n|-damage|p2a: Crabominable|301/321|[from] Sandstorm\n|-heal|p1a: Zekrom|259/259|[from] item: Leftovers\n|upkeep\n|turn|6\n|\n|t:|1733851934\n|move|p1a: Zekrom|Substitute|p1a: Zekrom\n|-start|p1a: Zekrom|Substitute\n|-damage|p1a: Zekrom|195/259\n|move|p2a: Crabominable|Ice Hammer|p1a: Zekrom\n|-supereffective|p1a: Zekrom\n|-end|p1a: Zekrom|Substitute\n|-unboost|p2a: Crabominable|spe|1\n|\n|-weather|Sandstorm|[upkeep]\n|-damage|p1a: Zekrom|179/259|[from] Sandstorm\n|-damage|p2a: Crabominable|281/321|[from] Sandstorm\n|-heal|p1a: Zekrom|195/259|[from] item: Leftovers\n|upkeep\n|turn|7\n|\n|t:|1733851950\n|switch|p1a: Mamoswine|Mamoswine, L81, F|311/311\n|move|p2a: Crabominable|Ice Hammer|p1a: Mamoswine\n|-damage|p1a: Mamoswine|151/311\n|-unboost|p2a: Crabominable|spe|1\n|\n|-weather|Sandstorm|[upkeep]\n|-damage|p2a: Crabominable|261/321|[from] Sandstorm\n|upkeep\n|turn|8\n|\n|t:|1733851960\n|move|p1a: Mamoswine|Earthquake|p2a: Crabominable\n|-damage|p2a: Crabominable|72/321\n|move|p2a: Crabominable|Ice Hammer|p1a: Mamoswine\n|-damage|p1a: Mamoswine|0 fnt\n|-unboost|p2a: Crabominable|spe|1\n|faint|p1a: Mamoswine\n|\n|-weather|none\n|upkeep\n|\n|t:|1733851970\n|switch|p1a: Tyranitar|Tyranitar, L79, F|186/288\n|-weather|Sandstorm|[from] ability: Sand Stream|[of] p1a: Tyranitar\n|turn|9\n|\n|t:|1733851975\n|move|p1a: Tyranitar|Knock Off|p2a: Crabominable\n|-resisted|p2a: Crabominable\n|-damage|p2a: Crabominable|11/321\n|-enditem|p2a: Crabominable|Choice Band|[from] move: Knock Off|[of] p1a: Tyranitar\n|move|p2a: Crabominable|Ice Hammer|p1a: Tyranitar\n|-crit|p1a: Tyranitar\n|-damage|p1a: Tyranitar|0 fnt\n|-unboost|p2a: Crabominable|spe|1\n|faint|p1a: Tyranitar\n|\n|-weather|Sandstorm|[upkeep]\n|-damage|p2a: Crabominable|0 fnt|[from] Sandstorm\n|faint|p2a: Crabominable\n|upkeep\n|\n|t:|1733851986\n|switch|p1a: Zekrom|Zekrom, L71|195/259\n|switch|p2a: Grimmsnarl|Grimmsnarl, L83, M|293/293\n|-ability|p1a: Zekrom|Teravolt\n|turn|10\n|\n|t:|1733851999\n|move|p1a: Zekrom|Substitute|p1a: Zekrom\n|-start|p1a: Zekrom|Substitute\n|-damage|p1a: Zekrom|131/259\n|move|p2a: Grimmsnarl|Spirit Break|p1a: Zekrom\n|-supereffective|p1a: Zekrom\n|-crit|p1a: Zekrom\n|-end|p1a: Zekrom|Substitute\n|\n|-weather|Sandstorm|[upkeep]\n|-damage|p1a: Zekrom|115/259|[from] Sandstorm\n|-damage|p2a: Grimmsnarl|275/293|[from] Sandstorm\n|-heal|p1a: Zekrom|131/259|[from] item: Leftovers\n|-heal|p2a: Grimmsnarl|293/293|[from] item: Leftovers\n|upkeep\n|turn|11\n|\n|t:|1733852016\n|-terastallize|p1a: Zekrom|Electric\n|move|p1a: Zekrom|Bolt Strike|p2a: Grimmsnarl\n|-damage|p2a: Grimmsnarl|35/293\n|move|p2a: Grimmsnarl|Spirit Break|p1a: Zekrom\n|-damage|p1a: Zekrom|43/259\n|-unboost|p1a: Zekrom|spa|1\n|\n|-weather|Sandstorm|[upkeep]\n|-damage|p1a: Zekrom|27/259|[from] Sandstorm\n|-damage|p2a: Grimmsnarl|17/293|[from] Sandstorm\n|-heal|p1a: Zekrom|43/259|[from] item: Leftovers\n|-heal|p2a: Grimmsnarl|35/293|[from] item: Leftovers\n|upkeep\n|turn|12\n|\n|t:|1733852029\n|move|p2a: Grimmsnarl|Parting Shot|p1a: Zekrom\n|-unboost|p1a: Zekrom|atk|1\n|-unboost|p1a: Zekrom|spa|1\n|\n|t:|1733852033\n|switch|p2a: Lanturn|Lanturn, L89, F|367/367|[from] Parting Shot\n|move|p1a: Zekrom|Outrage|p2a: Lanturn\n|-crit|p2a: Lanturn\n|-damage|p2a: Lanturn|106/367\n|\n|-weather|Sandstorm|[upkeep]\n|-damage|p2a: Lanturn|84/367|[from] Sandstorm\n|-damage|p1a: Zekrom|27/259|[from] Sandstorm\n|-heal|p1a: Zekrom|43/259|[from] item: Leftovers\n|upkeep\n|turn|13\n|\n|t:|1733852042\n|move|p2a: Lanturn|Scald|p1a: Zekrom\n|-damage|p1a: Zekrom|0 fnt\n|faint|p1a: Zekrom\n|\n|-weather|none\n|upkeep\n|\n|t:|1733852049\n|switch|p1a: Pikachu|Pikachu-Sinnoh, L93, M|216/216\n|turn|14\n|\n|t:|1733852054\n|move|p1a: Pikachu|Knock Off|p2a: Lanturn\n|-damage|p2a: Lanturn|0 fnt\n|-enditem|p2a: Lanturn|Heavy-Duty Boots|[from] move: Knock Off|[of] p1a: Pikachu\n|faint|p2a: Lanturn\n|\n|upkeep\n|\n|t:|1733852061\n|switch|p2a: Grimmsnarl|Grimmsnarl, L83, M|35/293\n|turn|15\n|\n|t:|1733852067\n|move|p2a: Grimmsnarl|Parting Shot|p1a: Pikachu\n|-unboost|p1a: Pikachu|atk|1\n|-unboost|p1a: Pikachu|spa|1\n|\n|t:|1733852069\n|switch|p2a: Appletun|Appletun, L92, F|244/352|[from] Parting Shot\n|move|p1a: Pikachu|Surf|p2a: Appletun\n|-resisted|p2a: Appletun\n|-damage|p2a: Appletun|227/352\n|\n|-heal|p2a: Appletun|249/352|[from] item: Leftovers\n|upkeep\n|turn|16\n|\n|t:|1733852073\n|switch|p1a: Hitmontop|Hitmontop, L88, M|231/231\n|-ability|p1a: Hitmontop|Intimidate|boost\n|-unboost|p2a: Appletun|atk|1\n|move|p2a: Appletun|Apple Acid|p1a: Hitmontop\n|-damage|p1a: Hitmontop|177/231\n|-unboost|p1a: Hitmontop|spd|1\n|\n|-heal|p2a: Appletun|271/352|[from] item: Leftovers\n|upkeep\n|turn|17\n|\n|t:|1733852088\n|move|p1a: Hitmontop|Close Combat|p2a: Appletun\n|-damage|p2a: Appletun|138/352\n|-unboost|p1a: Hitmontop|def|1\n|-unboost|p1a: Hitmontop|spd|1\n|move|p2a: Appletun|Apple Acid|p1a: Hitmontop\n|-damage|p1a: Hitmontop|74/231\n|-unboost|p1a: Hitmontop|spd|1\n|\n|-heal|p2a: Appletun|160/352|[from] item: Leftovers\n|upkeep\n|turn|18\n|\n|t:|1733852103\n|move|p1a: Hitmontop|Close Combat|p2a: Appletun\n|-damage|p2a: Appletun|16/352\n|-unboost|p1a: Hitmontop|def|1\n|-unboost|p1a: Hitmontop|spd|1\n|move|p2a: Appletun|Recover|p2a: Appletun\n|-heal|p2a: Appletun|192/352\n|\n|-heal|p2a: Appletun|214/352|[from] item: Leftovers\n|upkeep\n|turn|19\n|\n|t:|1733852113\n|switch|p1a: Pikachu|Pikachu-Sinnoh, L93, M|216/216\n|move|p2a: Appletun|Apple Acid|p1a: Pikachu\n|-damage|p1a: Pikachu|86/216\n|-unboost|p1a: Pikachu|spd|1\n|\n|-heal|p2a: Appletun|236/352|[from] item: Leftovers\n|upkeep\n|turn|20\n|\n|t:|1733852124\n|move|p1a: Pikachu|Play Rough|p2a: Appletun\n|-supereffective|p2a: Appletun\n|-damage|p2a: Appletun|20/352\n|move|p2a: Appletun|Apple Acid|p1a: Pikachu\n|-damage|p1a: Pikachu|0 fnt\n|faint|p1a: Pikachu\n|\n|-heal|p2a: Appletun|42/352|[from] item: Leftovers\n|upkeep\n|\n|t:|1733852127\n|switch|p1a: Hitmontop|Hitmontop, L88, M|74/231\n|-ability|p1a: Hitmontop|Intimidate|boost\n|-unboost|p2a: Appletun|atk|1\n|turn|21\n|\n|t:|1733852133\n|move|p1a: Hitmontop|Rapid Spin|p2a: Appletun\n|-damage|p2a: Appletun|0 fnt\n|-boost|p1a: Hitmontop|spe|1\n|faint|p2a: Appletun\n|\n|upkeep\n|\n|t:|1733852139\n|switch|p2a: Bruxish|Bruxish, L85, M|254/254\n|turn|22\n|\n|t:|1733852144\n|move|p1a: Hitmontop|Sucker Punch|p2a: Bruxish\n|-supereffective|p2a: Bruxish\n|-damage|p2a: Bruxish|128/254\n|move|p2a: Bruxish|Psychic Fangs|p1a: Hitmontop\n|-supereffective|p1a: Hitmontop\n|-damage|p1a: Hitmontop|0 fnt\n|faint|p1a: Hitmontop\n|-damage|p2a: Bruxish|103/254|[from] item: Life Orb\n|\n|win|canfeelmypatience\n|raw|asdfssfd's rating: 1043 &rarr; <strong>1025</strong><br />(-18 for losing)\n|raw|canfeelmypatience's rating: 1000 &rarr; <strong>1045</strong><br />(+45 for winning)\n", "inputlog": ">version bfd83cad13791eb5a5a409923076391caf6fb4d4\n>start {\"formatid\":\"gen9randombattle\",\"seed\":[13907,143,14209,24423],\"rated\":\"Rated battle\"}\n>player p1 {\"name\":\"asdfssfd\",\"avatar\":\"lady\",\"rating\":1000,\"seed\":[30576,30491,15798,35273]}\n>player p2 {\"name\":\"canfeelmypatience\",\"avatar\":\"265\",\"rating\":1000,\"seed\":[8978,21675,11500,61832]}\n>p1 switch 2\n>p2 move partingshot\n>p2 switch 2\n>p1 switch 5\n>p2 move closecombat\n>p1 switch 2\n>p1 move closecombat\n>p2 switch 6\n>p1 switch 3\n>p2 move appleacid\n>p1 switch 4\n>p2 switch 6\n>p1 move substitute\n>p2 move icehammer\n>p1 switch 5\n>p2 move icehammer\n>p1 move earthquake\n>p2 move icehammer\n>p1 switch 4\n>p1 move knockoff\n>p2 move icehammer\n>p1 switch 5\n>p2 switch 2\n>p1 move substitute\n>p2 move spiritbreak\n>p1 move boltstrike terastallize\n>p2 move spiritbreak\n>p1 move outrage\n>p2 move partingshot\n>p2 switch 4\n>p1 move outrage\n>p2 move scald\n>p1 switch 6\n>p1 move knockoff\n>p2 move scald\n>p2 switch 4\n>p1 move surf\n>p2 move partingshot\n>p2 switch 6\n>p1 switch 3\n>p2 move appleacid\n>p1 move closecombat\n>p2 move appleacid\n>p1 move closecombat\n>p2 move recover\n>p1 switch 3\n>p2 move appleacid\n>p1 move playrough\n>p2 move appleacid\n>p1 switch 3\n>p1 move rapidspin\n>p2 move leechseed\n>p2 switch 5\n>p1 move suckerpunch\n>p2 move psychicfangs", "uploadtime": 1733852153, "views": 1, "formatid": "gen9randombattle", "rating": 1025, "private": 0, "password": null}