{"id": "gen9randombattle-2260362035", "format": "[Gen 9] Random Battle", "players": ["Nonoandhiscat", "ElgranKenjaku"], "log": "|j|\u2606Nonoandhiscat\n|j|\u2606ElgranKenjaku\n|t:|1733844064\n|gametype|singles\n|player|p1|Nonoandhiscat|266|1036\n|player|p2|ElgranKenjaku|1|1000\n|teamsize|p1|6\n|teamsize|p2|6\n|gen|9\n|tier|[Gen 9] Random Battle\n|rated|\n|rule|Species Clause: Limit one of each Pok\u00e9mon\n|rule|HP Percentage Mod: HP is shown in percentages\n|rule|Sleep Clause Mod: Limit one foe put to sleep\n|rule|Illusion Level Mod: Illusion disguises the Pok\u00e9mon's true level\n|\n|t:|1733844064\n|start\n|switch|p1a: Floatzel|Floatzel, L85, M|283/283\n|switch|p2a: Bombirdier|Bombirdier, L85, M|258/258\n|turn|1\n|\n|t:|1733844077\n|move|p1a: Floatzel|Ice Spinner|p2a: Bombirdier\n|-supereffective|p2a: Bombirdier\n|-damage|p2a: Bombirdier|132/258\n|move|p2a: Bombirdier|Stealth Rock|p1a: Floatzel\n|-sidestart|p1: Nonoandhiscat|move: Stealth Rock\n|\n|upkeep\n|turn|2\n|\n|t:|1733844083\n|move|p1a: Floatzel|Ice Spinner|p2a: Bombirdier\n|-supereffective|p2a: Bombirdier\n|-damage|p2a: Bombirdier|14/258\n|move|p2a: Bombirdier|Brave Bird|p1a: Floatzel\n|-damage|p1a: Floatzel|96/283\n|-damage|p2a: Bombirdier|0 fnt|[from] Recoil\n|faint|p2a: Bombirdier\n|\n|-heal|p1a: Floatzel|113/283|[from] item: Leftovers\n|upkeep\n|\n|t:|1733844094\n|switch|p2a: Basculegion|Basculegion, L81, M|327/327\n|turn|3\n|\n|t:|1733844098\n|move|p1a: Floatzel|Ice Spinner|p2a: Basculegion\n|-resisted|p2a: Basculegion\n|-damage|p2a: Basculegion|290/327\n|move|p2a: Basculegion|Shadow Ball|p1a: Floatzel\n|-damage|p1a: Floatzel|0 fnt\n|faint|p1a: Floatzel\n|\n|upkeep\n|\n|t:|1733844109\n|switch|p1a: Tsareena|Tsareena, L87, F|267/267\n|-damage|p1a: Tsareena|234/267|[from] Stealth Rock\n|turn|4\n|\n|t:|1733844122\n|switch|p2a: Banette|Banette, L93, M|270/270\n|move|p1a: Tsareena|Triple Axel|p2a: Banette\n|-damage|p2a: Banette|251/270\n|-start|p1a: Tsareena|Disable|Triple Axel|[from] ability: Cursed Body|[of] p2a: Banette\n|-damage|p2a: Banette|210/270\n|-damage|p2a: Banette|147/270\n|-hitcount|p2a: Banette|3\n|\n|upkeep\n|turn|5\n|\n|t:|1733844136\n|move|p1a: Tsareena|High Jump Kick|p2a: Banette\n|-immune|p2a: Banette\n|-damage|p1a: Tsareena|101/267|[from] highjumpkick\n|move|p2a: Banette|Gunk Shot|p1a: Tsareena\n|-supereffective|p1a: Tsareena\n|-damage|p1a: Tsareena|0 fnt\n|faint|p1a: Tsareena\n|-damage|p2a: Banette|120/270|[from] item: Life Orb\n|\n|upkeep\n|\n|t:|1733844146\n|switch|p1a: Sandaconda|Sandaconda, L84, F|258/258\n|-damage|p1a: Sandaconda|242/258|[from] Stealth Rock\n|turn|6\n|\n|t:|1733844155\n|move|p2a: Banette|Swords Dance|p2a: Banette\n|-boost|p2a: Banette|atk|2\n|move|p1a: Sandaconda|Scale Shot|p2a: Banette\n|-damage|p2a: Banette|97/270\n|-damage|p2a: Banette|76/270\n|-damage|p2a: Banette|53/270\n|-damage|p2a: Banette|30/270\n|-start|p1a: Sandaconda|Disable|Scale Shot|[from] ability: Cursed Body|[of] p2a: Banette\n|-damage|p2a: Banette|8/270\n|-hitcount|p2a: Banette|5\n|-unboost|p1a: Sandaconda|def|1\n|-boost|p1a: Sandaconda|spe|1\n|\n|upkeep\n|turn|7\n|\n|t:|1733844176\n|switch|p2a: Gliscor|Gliscor, L76, M|239/239\n|move|p1a: Sandaconda|Earthquake|p2a: Gliscor\n|-immune|p2a: Gliscor\n|\n|-status|p2a: Gliscor|tox|[from] item: Toxic Orb\n|upkeep\n|turn|8\n|\n|t:|1733844184\n|move|p1a: Sandaconda|Rock Blast|p2a: Gliscor\n|-damage|p2a: Gliscor|221/239 tox\n|-damage|p2a: Gliscor|204/239 tox\n|-damage|p2a: Gliscor|186/239 tox\n|-damage|p2a: Gliscor|169/239 tox\n|-damage|p2a: Gliscor|152/239 tox\n|-hitcount|p2a: Gliscor|5\n|move|p2a: Gliscor|Toxic Spikes|p1a: Sandaconda\n|-sidestart|p1: Nonoandhiscat|move: Toxic Spikes\n|\n|-heal|p2a: Gliscor|181/239 tox|[from] ability: Poison Heal\n|upkeep\n|turn|9\n|\n|t:|1733844202\n|move|p1a: Sandaconda|Rock Blast|p2a: Gliscor\n|-damage|p2a: Gliscor|163/239 tox\n|-damage|p2a: Gliscor|147/239 tox\n|-damage|p2a: Gliscor|129/239 tox\n|-damage|p2a: Gliscor|113/239 tox\n|-hitcount|p2a: Gliscor|4\n|move|p2a: Gliscor|Toxic Spikes|p1a: Sandaconda\n|-sidestart|p1: Nonoandhiscat|move: Toxic Spikes\n|\n|-heal|p2a: Gliscor|142/239 tox|[from] ability: Poison Heal\n|-end|p1a: Sandaconda|Disable\n|upkeep\n|turn|10\n|inactive|Battle timer is ON: inactive players will automatically lose when time's up. (requested by Nonoandhiscat)\n|\n|t:|1733844248\n|move|p2a: Gliscor|Protect|p2a: Gliscor\n|-singleturn|p2a: Gliscor|Protect\n|move|p1a: Sandaconda|Scale Shot|p2a: Gliscor\n|-activate|p2a: Gliscor|move: Protect\n|\n|-heal|p2a: Gliscor|171/239 tox|[from] ability: Poison Heal\n|upkeep\n|turn|11\n|\n|t:|1733844260\n|switch|p1a: Froslass|Froslass, L87, F|263/263\n|-damage|p1a: Froslass|198/263|[from] Stealth Rock\n|-status|p1a: Froslass|tox\n|move|p2a: Gliscor|U-turn|p1a: Froslass\n|-resisted|p1a: Froslass\n|-crit|p1a: Froslass\n|-damage|p1a: Froslass|166/263 tox\n|\n|t:|1733844273\n|switch|p2a: Tyranitar|Tyranitar, L79, M|288/288|[from] U-turn\n|-weather|Sandstorm|[from] ability: Sand Stream|[of] p2a: Tyranitar\n|\n|-weather|Sandstorm|[upkeep]\n|-damage|p1a: Froslass|150/263 tox|[from] Sandstorm\n|-damage|p1a: Froslass|134/263 tox|[from] psn\n|upkeep\n|turn|12\n|\n|t:|1733844283\n|move|p1a: Froslass|Triple Axel|p2a: Tyranitar\n|-damage|p2a: Tyranitar|269/288\n|-damage|p2a: Tyranitar|233/288\n|-damage|p2a: Tyranitar|176/288\n|-hitcount|p2a: Tyranitar|3\n|move|p2a: Tyranitar|Knock Off|p1a: Froslass\n|-supereffective|p1a: Froslass\n|-damage|p1a: Froslass|0 fnt\n|-start|p2a: Tyranitar|Disable|Knock Off|[from] ability: Cursed Body|[of] p1a: Froslass\n|-enditem|p1a: Froslass|Wide Lens|[from] move: Knock Off|[of] p2a: Tyranitar\n|faint|p1a: Froslass\n|\n|-weather|Sandstorm|[upkeep]\n|-heal|p2a: Tyranitar|194/288|[from] item: Leftovers\n|upkeep\n|\n|t:|1733844299\n|switch|p1a: Gyarados|Gyarados, L79, F|280/280\n|turn|13\n|\n|t:|1733844308\n|switch|p2a: Basculegion|Basculegion, L81, M|290/327\n|move|p1a: Gyarados|Waterfall|p2a: Basculegion\n|-resisted|p2a: Basculegion\n|-damage|p2a: Basculegion|227/327\n|\n|-weather|Sandstorm|[upkeep]\n|-damage|p1a: Gyarados|263/280|[from] Sandstorm\n|-damage|p2a: Basculegion|207/327|[from] Sandstorm\n|upkeep\n|turn|14\n|\n|t:|1733844318\n|move|p1a: Gyarados|Earthquake|p2a: Basculegion\n|-crit|p2a: Basculegion\n|-damage|p2a: Basculegion|55/327\n|move|p2a: Basculegion|Shadow Ball|p1a: Gyarados\n|-damage|p1a: Gyarados|179/280\n|-unboost|p1a: Gyarados|spd|1\n|\n|-weather|Sandstorm|[upkeep]\n|-damage|p1a: Gyarados|162/280|[from] Sandstorm\n|-damage|p2a: Basculegion|35/327|[from] Sandstorm\n|upkeep\n|turn|15\n|\n|t:|1733844329\n|switch|p2a: Luxray|Luxray, L88, F|283/283\n|move|p1a: Gyarados|Earthquake|p2a: Luxray\n|-supereffective|p2a: Luxray\n|-damage|p2a: Luxray|117/283\n|\n|-weather|none\n|-status|p2a: Luxray|brn|[from] item: Flame Orb\n|upkeep\n|turn|16\n|\n|t:|1733844349\n|move|p1a: Gyarados|Earthquake|p2a: Luxray\n|-supereffective|p2a: Luxray\n|-damage|p2a: Luxray|0 fnt\n|faint|p2a: Luxray\n|-ability|p1a: Gyarados|Moxie|boost\n|-boost|p1a: Gyarados|atk|1\n|\n|upkeep\n|\n|t:|1733844355\n|switch|p2a: Tyranitar|Tyranitar, L79, M|194/288\n|-weather|Sandstorm|[from] ability: Sand Stream|[of] p2a: Tyranitar\n|turn|17\n|\n|t:|1733844369\n|-terastallize|p2a: Tyranitar|Ghost\n|move|p1a: Gyarados|Waterfall|p2a: Tyranitar\n|-damage|p2a: Tyranitar|68/288\n|move|p2a: Tyranitar|Thunder Wave|p1a: Gyarados\n|-status|p1a: Gyarados|par\n|\n|-weather|Sandstorm|[upkeep]\n|-damage|p2a: Tyranitar|50/288|[from] Sandstorm\n|-damage|p1a: Gyarados|145/280 par|[from] Sandstorm\n|-heal|p2a: Tyranitar|68/288|[from] item: Leftovers\n|upkeep\n|turn|18\n|\n|t:|1733844378\n|move|p2a: Tyranitar|Stone Edge|p1a: Gyarados\n|-supereffective|p1a: Gyarados\n|-damage|p1a: Gyarados|0 fnt\n|faint|p1a: Gyarados\n|\n|-weather|Sandstorm|[upkeep]\n|-damage|p2a: Tyranitar|50/288|[from] Sandstorm\n|-heal|p2a: Tyranitar|68/288|[from] item: Leftovers\n|upkeep\n|\n|t:|1733844385\n|switch|p1a: Comfey|Comfey, L85, F|225/225\n|-damage|p1a: Comfey|197/225|[from] Stealth Rock\n|-status|p1a: Comfey|tox\n|turn|19\n|\n|t:|1733844391\n|move|p1a: Comfey|Giga Drain|p2a: Tyranitar\n|-damage|p2a: Tyranitar|24/288\n|-heal|p1a: Comfey|219/225 tox|[from] drain|[of] p2a: Tyranitar\n|move|p2a: Tyranitar|Ice Beam|p1a: Comfey\n|-damage|p1a: Comfey|172/225 tox\n|\n|-weather|Sandstorm|[upkeep]\n|-damage|p1a: Comfey|158/225 tox|[from] Sandstorm\n|-damage|p2a: Tyranitar|6/288|[from] Sandstorm\n|-heal|p1a: Comfey|172/225 tox|[from] item: Leftovers\n|-heal|p2a: Tyranitar|24/288|[from] item: Leftovers\n|-damage|p1a: Comfey|158/225 tox|[from] psn\n|upkeep\n|turn|20\n|\n|t:|1733844404\n|move|p1a: Comfey|Draining Kiss|p2a: Tyranitar\n|-damage|p2a: Tyranitar|0 fnt\n|-heal|p1a: Comfey|176/225 tox|[from] drain|[of] p2a: Tyranitar\n|faint|p2a: Tyranitar\n|\n|-weather|Sandstorm|[upkeep]\n|-damage|p1a: Comfey|162/225 tox|[from] Sandstorm\n|-heal|p1a: Comfey|176/225 tox|[from] item: Leftovers\n|-damage|p1a: Comfey|148/225 tox|[from] psn\n|upkeep\n|\n|t:|1733844407\n|switch|p2a: Banette|Banette, L93, M|8/270\n|turn|21\n|\n|t:|1733844414\n|move|p1a: Comfey|Draining Kiss|p2a: Banette\n|-damage|p2a: Banette|0 fnt\n|-heal|p1a: Comfey|154/225 tox|[from] drain|[of] p2a: Banette\n|faint|p2a: Banette\n|\n|-weather|none\n|-heal|p1a: Comfey|168/225 tox|[from] item: Leftovers\n|-damage|p1a: Comfey|126/225 tox|[from] psn\n|upkeep\n|\n|t:|1733844418\n|switch|p2a: Gliscor|Gliscor, L76, M|171/239 tox\n|turn|22\n|\n|t:|1733844426\n|move|p1a: Comfey|Giga Drain|p2a: Gliscor\n|-damage|p2a: Gliscor|105/239 tox\n|-heal|p1a: Comfey|159/225 tox|[from] drain|[of] p2a: Gliscor\n|move|p2a: Gliscor|Earthquake|p1a: Comfey\n|-damage|p1a: Comfey|71/225 tox\n|\n|-heal|p1a: Comfey|85/225 tox|[from] item: Leftovers\n|-damage|p1a: Comfey|29/225 tox|[from] psn\n|-heal|p2a: Gliscor|134/239 tox|[from] ability: Poison Heal\n|upkeep\n|turn|23\n|\n|t:|1733844438\n|move|p2a: Gliscor|Protect|p2a: Gliscor\n|-singleturn|p2a: Gliscor|Protect\n|move|p1a: Comfey|Draining Kiss|p2a: Gliscor\n|-activate|p2a: Gliscor|move: Protect\n|\n|-heal|p1a: Comfey|43/225 tox|[from] item: Leftovers\n|-damage|p1a: Comfey|0 fnt|[from] psn\n|faint|p1a: Comfey\n|-heal|p2a: Gliscor|163/239 tox|[from] ability: Poison Heal\n|upkeep\n|\n|t:|1733844447\n|switch|p1a: Sandaconda|Sandaconda, L84, F|242/258\n|-damage|p1a: Sandaconda|226/258|[from] Stealth Rock\n|-status|p1a: Sandaconda|tox\n|turn|24\n|\n|t:|1733844463\n|-terastallize|p1a: Sandaconda|Dragon\n|move|p2a: Gliscor|Earthquake|p1a: Sandaconda\n|-damage|p1a: Sandaconda|156/258 tox\n|move|p1a: Sandaconda|Scale Shot|p2a: Gliscor\n|-damage|p2a: Gliscor|135/239 tox\n|-damage|p2a: Gliscor|110/239 tox\n|-damage|p2a: Gliscor|82/239 tox\n|-damage|p2a: Gliscor|55/239 tox\n|-damage|p2a: Gliscor|31/239 tox\n|-hitcount|p2a: Gliscor|5\n|-unboost|p1a: Sandaconda|def|1\n|-boost|p1a: Sandaconda|spe|1\n|\n|-damage|p1a: Sandaconda|140/258 tox|[from] psn\n|-heal|p2a: Gliscor|60/239 tox|[from] ability: Poison Heal\n|upkeep\n|turn|25\n|\n|t:|1733844479\n|move|p2a: Gliscor|Protect|p2a: Gliscor\n|-singleturn|p2a: Gliscor|Protect\n|move|p1a: Sandaconda|Scale Shot|p2a: Gliscor\n|-activate|p2a: Gliscor|move: Protect\n|\n|-damage|p1a: Sandaconda|108/258 tox|[from] psn\n|-heal|p2a: Gliscor|89/239 tox|[from] ability: Poison Heal\n|upkeep\n|turn|26\n|\n|t:|1733844488\n|move|p1a: Sandaconda|Scale Shot|p2a: Gliscor\n|-damage|p2a: Gliscor|62/239 tox\n|-damage|p2a: Gliscor|38/239 tox\n|-damage|p2a: Gliscor|10/239 tox\n|-damage|p2a: Gliscor|0 fnt\n|faint|p2a: Gliscor\n|-hitcount|p2: Gliscor|4\n|-unboost|p1a: Sandaconda|def|1\n|-boost|p1a: Sandaconda|spe|1\n|\n|-damage|p1a: Sandaconda|60/258 tox|[from] psn\n|upkeep\n|\n|t:|1733844494\n|switch|p2a: Basculegion|Basculegion, L81, M|35/327\n|turn|27\n|\n|t:|1733844506\n|move|p2a: Basculegion|Aqua Jet|p1a: Sandaconda\n|-resisted|p1a: Sandaconda\n|-damage|p1a: Sandaconda|16/258 tox\n|move|p1a: Sandaconda|Scale Shot|p2a: Basculegion\n|-damage|p2a: Basculegion|0 fnt\n|faint|p2a: Basculegion\n|-hitcount|p2: Basculegion|1\n|\n|win|Nonoandhiscat\n|raw|Nonoandhiscat's rating: 1036 &rarr; <strong>1067</strong><br />(+31 for winning)\n|raw|ElgranKenjaku's rating: 1000 &rarr; <strong>1000</strong><br />(+0 for losing)\n|l|\u2606ElgranKenjaku\n|player|p2|\n", "inputlog": ">version bfd83cad13791eb5a5a409923076391caf6fb4d4\n>start {\"formatid\":\"gen9randombattle\",\"seed\":[39295,47295,58549,16591],\"rated\":\"Rated battle\"}\n>player p1 {\"name\":\"Nonoandhiscat\",\"avatar\":\"266\",\"rating\":1036,\"seed\":[30712,34512,22439,55198]}\n>player p2 {\"name\":\"ElgranKenjaku\",\"avatar\":\"1\",\"rating\":1000,\"seed\":[62340,34335,16808,12650]}\n>p1 move icespinner\n>p2 move stealthrock\n>p1 move icespinner\n>p2 move bravebird\n>p2 switch 4\n>p1 move icespinner\n>p2 move shadowball\n>p1 switch 6\n>p1 move tripleaxel\n>p2 switch 6\n>p1 move highjumpkick\n>p2 move gunkshot\n>p1 switch 2\n>p1 move scaleshot\n>p2 move swordsdance\n>p1 move earthquake\n>p2 switch 5\n>p1 move rockblast\n>p2 move toxicspikes\n>p1 move rockblast\n>p2 move toxicspikes\n>p1 move scaleshot\n>p2 move protect\n>p1 switch 3\n>p2 move uturn\n>p2 switch 3\n>p1 move tripleaxel\n>p2 move knockoff\n>p1 switch 4\n>p1 move waterfall\n>p2 switch 6\n>p1 move earthquake\n>p2 move shadowball\n>p1 move earthquake\n>p2 switch 2\n>p1 move earthquake\n>p2 move supercellslam\n>p2 switch 6\n>p1 move waterfall\n>p2 move thunderwave terastallize\n>p1 move waterfall\n>p2 move stoneedge\n>p1 switch 5\n>p1 move gigadrain\n>p2 move icebeam\n>p1 move drainingkiss\n>p2 move stoneedge\n>p2 switch 5\n>p1 move drainingkiss\n>p2 move shadowsneak\n>p2 switch 3\n>p1 move gigadrain\n>p2 move earthquake\n>p1 move drainingkiss\n>p2 move protect\n>p1 switch 3\n>p1 move scaleshot terastallize\n>p2 move earthquake\n>p1 move scaleshot\n>p2 move protect\n>p1 move scaleshot\n>p2 move earthquake\n>p2 switch 2\n>p1 move scaleshot\n>p2 move aquajet", "uploadtime": 1733844874, "views": 1, "formatid": "gen9randombattle", "rating": 1000, "private": 0, "password": null}