{"id": "gen9randombattle-2260481571", "format": "[Gen 9] Random Battle", "players": ["Lellett", "Silly004"], "log": "|j|\u2606Lellett\n|j|\u2606Silly004\n|t:|1733855811\n|gametype|singles\n|player|p1|Lellett|2|1489\n|player|p2|Silly004|n|1540\n|teamsize|p1|6\n|teamsize|p2|6\n|gen|9\n|tier|[Gen 9] Random Battle\n|rated|\n|rule|Species Clause: Limit one of each Pok\u00e9mon\n|rule|HP Percentage Mod: HP is shown in percentages\n|rule|Sleep Clause Mod: Limit one foe put to sleep\n|rule|Illusion Level Mod: Illusion disguises the Pok\u00e9mon's true level\n|\n|t:|1733855811\n|start\n|switch|p1a: Dewgong|Dewgong, L94, M|322/322\n|switch|p2a: Rayquaza|Rayquaza, L72|270/270\n|-ability|p2a: Rayquaza|Air Lock\n|turn|1\n|inactive|Battle timer is ON: inactive players will automatically lose when time's up. (requested by Lellett)\n|\n|t:|1733855833\n|switch|p2a: Mimikyu|Mimikyu, L79, M|216/216\n|move|p1a: Dewgong|Knock Off|p2a: Mimikyu\n|-activate|p2a: Mimikyu|ability: Disguise\n|-damage|p2a: Mimikyu|216/216\n|-enditem|p2a: Mimikyu|Life Orb|[from] move: Knock Off|[of] p1a: Dewgong\n|detailschange|p2a: Mimikyu|Mimikyu-Busted, L79, M\n|-damage|p2a: Mimikyu|189/216|[from] pokemon: Mimikyu-Busted\n|\n|upkeep\n|turn|2\n|\n|t:|1733855845\n|move|p2a: Mimikyu|Wood Hammer|p1a: Dewgong\n|-supereffective|p1a: Dewgong\n|-damage|p1a: Dewgong|186/322\n|-damage|p2a: Mimikyu|144/216|[from] Recoil\n|move|p1a: Dewgong|Encore|p2a: Mimikyu\n|-start|p2a: Mimikyu|Encore\n|\n|upkeep\n|turn|3\n|\n|t:|1733855857\n|switch|p1a: Bronzong|Bronzong, L88|261/261\n|move|p2a: Mimikyu|Wood Hammer|p1a: Bronzong\n|-resisted|p1a: Bronzong\n|-damage|p1a: Bronzong|231/261\n|-damage|p2a: Mimikyu|134/216|[from] Recoil\n|\n|-heal|p1a: Bronzong|247/261|[from] item: Leftovers\n|upkeep\n|turn|4\n|\n|t:|1733855867\n|switch|p2a: Cinccino|Cinccino, L83, F|260/260\n|move|p1a: Bronzong|Stealth Rock|p2a: Cinccino\n|-sidestart|p2: Silly004|move: Stealth Rock\n|\n|-heal|p1a: Bronzong|261/261|[from] item: Leftovers\n|upkeep\n|turn|5\n|\n|t:|1733855873\n|move|p2a: Cinccino|Tail Slap|p1a: Bronzong\n|-resisted|p1a: Bronzong\n|-damage|p1a: Bronzong|246/261\n|-resisted|p1a: Bronzong\n|-damage|p1a: Bronzong|231/261\n|-resisted|p1a: Bronzong\n|-crit|p1a: Bronzong\n|-damage|p1a: Bronzong|209/261\n|-resisted|p1a: Bronzong\n|-damage|p1a: Bronzong|194/261\n|-resisted|p1a: Bronzong\n|-crit|p1a: Bronzong\n|-damage|p1a: Bronzong|170/261\n|-hitcount|p1a: Bronzong|5\n|move|p1a: Bronzong|Hypnosis|p2a: Cinccino\n|-status|p2a: Cinccino|slp|[from] move: Hypnosis\n|\n|-heal|p1a: Bronzong|186/261|[from] item: Leftovers\n|upkeep\n|turn|6\n|\n|t:|1733855882\n|switch|p2a: Shaymin|Shaymin, L82|298/298\n|-damage|p2a: Shaymin|261/298|[from] Stealth Rock\n|switch|p1a: Gardevoir|Gardevoir, L83, F|249/249\n|-ability|p1a: Gardevoir|Natural Cure|[from] ability: Trace|[of] p2a: Shaymin\n|\n|-heal|p2a: Shaymin|279/298|[from] item: Leftovers\n|upkeep\n|turn|7\n|\n|t:|1733855888\n|move|p1a: Gardevoir|Trick|p2a: Shaymin\n|-activate|p1a: Gardevoir|move: Trick|[of] p2a: Shaymin\n|-item|p2a: Shaymin|Choice Scarf|[from] move: Trick\n|-item|p1a: Gardevoir|Leftovers|[from] move: Trick\n|move|p2a: Shaymin|Leech Seed|p1a: Gardevoir|[miss]\n|-miss|p2a: Shaymin|p1a: Gardevoir\n|\n|upkeep\n|turn|8\n|\n|t:|1733855899\n|switch|p1a: Rotom|Rotom-Mow, L86|226/226\n|move|p2a: Shaymin|Leech Seed|p1a: Rotom\n|-immune|p1a: Rotom\n|\n|upkeep\n|turn|9\n|\n|t:|1733855903\n|switch|p2a: Mimikyu|Mimikyu-Busted, L79, M|134/216\n|-damage|p2a: Mimikyu|107/216|[from] Stealth Rock\n|move|p1a: Rotom|Will-O-Wisp|p2a: Mimikyu\n|-status|p2a: Mimikyu|brn\n|\n|-damage|p2a: Mimikyu|94/216 brn|[from] brn\n|upkeep\n|turn|10\n|\n|t:|1733855915\n|move|p2a: Mimikyu|Play Rough|p1a: Rotom\n|-damage|p1a: Rotom|190/226\n|move|p1a: Rotom|Nasty Plot|p1a: Rotom\n|-boost|p1a: Rotom|spa|2\n|\n|-damage|p2a: Mimikyu|81/216 brn|[from] brn\n|upkeep\n|turn|11\n|\n|t:|1733855920\n|move|p2a: Mimikyu|Shadow Sneak|p1a: Rotom\n|-damage|p1a: Rotom|174/226\n|move|p1a: Rotom|Thunderbolt|p2a: Mimikyu\n|-damage|p2a: Mimikyu|0 fnt\n|faint|p2a: Mimikyu\n|-damage|p1a: Rotom|152/226|[from] item: Life Orb\n|\n|upkeep\n|\n|t:|1733855934\n|switch|p2a: Cinccino|Cinccino, L83, F|260/260 slp\n|-damage|p2a: Cinccino|228/260 slp|[from] Stealth Rock\n|turn|12\n|\n|t:|1733855959\n|cant|p2a: Cinccino|slp\n|move|p1a: Rotom|Leaf Storm|p2a: Cinccino\n|-damage|p2a: Cinccino|0 fnt\n|-unboost|p1a: Rotom|spa|2\n|faint|p2a: Cinccino\n|-damage|p1a: Rotom|130/226|[from] item: Life Orb\n|\n|upkeep\n|\n|t:|1733855964\n|switch|p2a: Shaymin|Shaymin, L82|279/298\n|-damage|p2a: Shaymin|242/298|[from] Stealth Rock\n|turn|13\n|\n|t:|1733855974\n|switch|p1a: Coalossal|Coalossal, L89, M|341/341\n|move|p2a: Shaymin|Air Slash|p1a: Coalossal\n|-resisted|p1a: Coalossal\n|-damage|p1a: Coalossal|317/341\n|\n|upkeep\n|turn|14\n|\n|t:|1733855980\n|switch|p2a: Dragalge|Dragalge, L88, F|258/258\n|-damage|p2a: Dragalge|226/258|[from] Stealth Rock\n|move|p1a: Coalossal|Will-O-Wisp|p2a: Dragalge\n|-status|p2a: Dragalge|brn\n|\n|-heal|p2a: Dragalge|242/258 brn|[from] item: Leftovers\n|-damage|p2a: Dragalge|226/258 brn|[from] brn\n|upkeep\n|turn|15\n|\n|t:|1733855991\n|switch|p1a: Dewgong|Dewgong, L94, M|186/322\n|move|p2a: Dragalge|Focus Blast|p1a: Dewgong\n|-supereffective|p1a: Dewgong\n|-damage|p1a: Dewgong|34/322\n|-unboost|p1a: Dewgong|spd|1\n|\n|-heal|p2a: Dragalge|242/258 brn|[from] item: Leftovers\n|-damage|p2a: Dragalge|226/258 brn|[from] brn\n|upkeep\n|turn|16\n|\n|t:|1733855998\n|move|p1a: Dewgong|Knock Off|p2a: Dragalge\n|-damage|p2a: Dragalge|165/258 brn\n|-enditem|p2a: Dragalge|Leftovers|[from] move: Knock Off|[of] p1a: Dewgong\n|move|p2a: Dragalge|Sludge Wave|p1a: Dewgong\n|-damage|p1a: Dewgong|0 fnt\n|faint|p1a: Dewgong\n|\n|-damage|p2a: Dragalge|149/258 brn|[from] brn\n|upkeep\n|\n|t:|1733856015\n|switch|p1a: Bronzong|Bronzong, L88|186/261\n|turn|17\n|\n|t:|1733856022\n|move|p2a: Dragalge|Toxic Spikes|p1a: Bronzong\n|-sidestart|p1: Lellett|move: Toxic Spikes\n|move|p1a: Bronzong|Earthquake|p2a: Dragalge\n|-supereffective|p2a: Dragalge\n|-damage|p2a: Dragalge|5/258 brn\n|\n|-heal|p1a: Bronzong|202/261|[from] item: Leftovers\n|-damage|p2a: Dragalge|0 fnt|[from] brn\n|faint|p2a: Dragalge\n|upkeep\n|\n|t:|1733856044\n|switch|p2a: Espeon|Espeon, L84, M|246/246\n|-damage|p2a: Espeon|216/246|[from] Stealth Rock\n|turn|18\n|\n|t:|1733856057\n|move|p2a: Espeon|Shadow Ball|p1a: Bronzong\n|-supereffective|p1a: Bronzong\n|-damage|p1a: Bronzong|28/261\n|move|p1a: Bronzong|Earthquake|p2a: Espeon\n|-damage|p2a: Espeon|128/246\n|\n|-heal|p1a: Bronzong|44/261|[from] item: Leftovers\n|upkeep\n|turn|19\n|\n|t:|1733856065\n|move|p2a: Espeon|Shadow Ball|p1a: Bronzong\n|-supereffective|p1a: Bronzong\n|-damage|p1a: Bronzong|0 fnt\n|faint|p1a: Bronzong\n|\n|upkeep\n|\n|t:|1733856067\n|switch|p1a: Coalossal|Coalossal, L89, M|317/341\n|turn|20\n|\n|t:|1733856070\n|move|p2a: Espeon|Shadow Ball|p1a: Coalossal\n|-damage|p1a: Coalossal|221/341\n|move|p1a: Coalossal|Rapid Spin|p2a: Espeon\n|-damage|p2a: Espeon|84/246\n|-boost|p1a: Coalossal|spe|1\n|-sideend|p1: Lellett|Toxic Spikes|[from] move: Rapid Spin|[of] p1a: Coalossal\n|\n|upkeep\n|turn|21\n|\n|t:|1733856079\n|switch|p2a: Rayquaza|Rayquaza, L72|270/270\n|-ability|p2a: Rayquaza|Air Lock\n|move|p1a: Coalossal|Stone Edge|p2a: Rayquaza|[miss]\n|-miss|p1a: Coalossal|p2a: Rayquaza\n|\n|upkeep\n|turn|22\n|\n|t:|1733856087\n|-terastallize|p1a: Coalossal|Grass\n|move|p2a: Rayquaza|Earthquake|p1a: Coalossal\n|-resisted|p1a: Coalossal\n|-damage|p1a: Coalossal|194/341\n|move|p1a: Coalossal|Will-O-Wisp|p2a: Rayquaza\n|-status|p2a: Rayquaza|brn\n|\n|-damage|p2a: Rayquaza|254/270 brn|[from] brn\n|upkeep\n|turn|23\n|\n|t:|1733856097\n|switch|p1a: Dodrio|Dodrio, L86, M|243/243\n|move|p2a: Rayquaza|Dragon Ascent|p1a: Dodrio\n|-damage|p1a: Dodrio|170/243\n|-unboost|p2a: Rayquaza|def|1\n|-unboost|p2a: Rayquaza|spd|1\n|\n|-damage|p2a: Rayquaza|238/270 brn|[from] brn\n|upkeep\n|turn|24\n|\n|t:|1733856106\n|move|p1a: Dodrio|Swords Dance|p1a: Dodrio\n|-boost|p1a: Dodrio|atk|2\n|move|p2a: Rayquaza|Outrage|p1a: Dodrio\n|-damage|p1a: Dodrio|99/243\n|\n|-damage|p2a: Rayquaza|222/270 brn|[from] brn\n|upkeep\n|turn|25\n|\n|t:|1733856113\n|move|p1a: Dodrio|Brave Bird|p2a: Rayquaza\n|-damage|p2a: Rayquaza|0 fnt\n|faint|p2a: Rayquaza\n|-damage|p1a: Dodrio|26/243|[from] Recoil\n|\n|upkeep\n|\n|t:|1733856117\n|switch|p2a: Espeon|Espeon, L84, M|84/246\n|-damage|p2a: Espeon|54/246|[from] Stealth Rock\n|turn|26\n|\n|t:|1733856125\n|move|p1a: Dodrio|Drill Run|p2a: Espeon\n|-damage|p2a: Espeon|0 fnt\n|faint|p2a: Espeon\n|\n|upkeep\n|\n|t:|1733856127\n|switch|p2a: Shaymin|Shaymin, L82|242/298\n|-damage|p2a: Shaymin|205/298|[from] Stealth Rock\n|turn|27\n|\n|t:|1733856134\n|move|p2a: Shaymin|Air Slash|p1a: Dodrio\n|-damage|p1a: Dodrio|0 fnt\n|faint|p1a: Dodrio\n|\n|upkeep\n|\n|t:|1733856139\n|switch|p1a: Gardevoir|Gardevoir, L83, F|249/249\n|-ability|p1a: Gardevoir|Natural Cure|[from] ability: Trace|[of] p2a: Shaymin\n|turn|28\n|\n|t:|1733856143\n|move|p2a: Shaymin|Air Slash|p1a: Gardevoir\n|-damage|p1a: Gardevoir|202/249\n|move|p1a: Gardevoir|Psychic|p2a: Shaymin\n|-damage|p2a: Shaymin|102/298\n|\n|-heal|p1a: Gardevoir|217/249|[from] item: Leftovers\n|upkeep\n|turn|29\n|\n|t:|1733856147\n|-terastallize|p2a: Shaymin|Steel\n|move|p2a: Shaymin|Air Slash|p1a: Gardevoir\n|-damage|p1a: Gardevoir|171/249\n|move|p1a: Gardevoir|Psychic|p2a: Shaymin\n|-resisted|p2a: Shaymin\n|-damage|p2a: Shaymin|53/298\n|-unboost|p2a: Shaymin|spd|1\n|\n|-heal|p1a: Gardevoir|186/249|[from] item: Leftovers\n|upkeep\n|turn|30\n|\n|t:|1733856153\n|move|p2a: Shaymin|Air Slash|p1a: Gardevoir\n|-damage|p1a: Gardevoir|140/249\n|move|p1a: Gardevoir|Focus Blast|p2a: Shaymin\n|-supereffective|p2a: Shaymin\n|-damage|p2a: Shaymin|0 fnt\n|faint|p2a: Shaymin\n|\n|win|Lellett\n|raw|Lellett's rating: 1489 &rarr; <strong>1512</strong><br />(+23 for winning)\n|raw|Silly004's rating: 1540 &rarr; <strong>1517</strong><br />(-23 for losing)\n|l|\u2606Silly004\n|player|p2|\n", "inputlog": ">version bfd83cad13791eb5a5a409923076391caf6fb4d4\n>start {\"formatid\":\"gen9randombattle\",\"seed\":[57846,34720,32309,489],\"rated\":\"Rated battle\"}\n>player p1 {\"name\":\"Lellett\",\"avatar\":\"2\",\"rating\":1489,\"seed\":[61198,53591,10966,32190]}\n>player p2 {\"name\":\"Silly004\",\"avatar\":\"n\",\"rating\":1540,\"seed\":[31906,38751,47894,22751]}\n>p1 move knockoff\n>p2 switch 3\n>p1 move encore\n>p2 move woodhammer\n>p1 switch 4\n>p2 move woodhammer\n>p1 move stealthrock\n>p2 switch 4\n>p1 move hypnosis\n>p2 move tailslap\n>p1 switch 2\n>p2 switch 5\n>p1 move trick\n>p2 move leechseed\n>p1 switch 3\n>p2 move leechseed\n>p1 move willowisp\n>p2 switch 4\n>p1 move nastyplot\n>p2 move playrough\n>p1 move thunderbolt\n>p2 move shadowsneak\n>p2 switch 5\n>p1 move leafstorm\n>p2 move tripleaxel\n>p2 switch 4\n>p1 switch 5\n>p2 move airslash\n>p1 move willowisp\n>p2 switch 2\n>p1 switch 4\n>p2 move focusblast\n>p1 move knockoff\n>p2 move sludgewave\n>p1 switch 2\n>p1 move earthquake\n>p2 move toxicspikes\n>p2 switch 6\n>p1 move earthquake\n>p2 move shadowball\n>p1 move earthquake\n>p2 move shadowball\n>p1 switch 4\n>p1 move rapidspin\n>p2 move shadowball\n>p1 move stoneedge\n>p2 switch 3\n>p1 move willowisp terastallize\n>p2 move earthquake\n>p1 switch 6\n>p2 move dragonascent\n>p1 move swordsdance\n>p2 move outrage\n>p1 move bravebird\n>p2 move outrage\n>p2 switch 3\n>p1 move drillrun\n>p2 move shadowball\n>p2 switch 2\n>p1 move bravebird\n>p2 move airslash\n>p1 switch 3\n>p1 move psychic\n>p2 move airslash\n>p1 move psychic\n>p2 move airslash terastallize\n>p1 move focusblast\n>p2 move airslash", "uploadtime": 1733856156, "views": 10, "formatid": "gen9randombattle", "rating": 1512, "private": 0, "password": null}