{"id": "gen9randombattle-2234378963", "format": "[Gen 9] Random Battle", "players": ["5m3xy", "Node"], "log": "|j|\u26065m3xy\n|j|\u2606Node\n|t:|1730331186\n|gametype|singles\n|player|p1|5m3xy|2|2248\n|player|p2|Node|#agplviblackpink|2278\n|teamsize|p1|6\n|teamsize|p2|6\n|gen|9\n|tier|[Gen 9] Random Battle\n|rated|\n|rule|Species Clause: Limit one of each Pok\u00e9mon\n|rule|HP Percentage Mod: HP is shown in percentages\n|rule|Sleep Clause Mod: Limit one foe put to sleep\n|rule|Illusion Level Mod: Illusion disguises the Pok\u00e9mon's true level\n|\n|t:|1730331186\n|start\n|switch|p1a: Grafaiai|Grafaiai, L86, F|249/249\n|switch|p2a: Lanturn|Lanturn, L89, M|367/367\n|turn|1\n|inactive|Battle timer is ON: inactive players will automatically lose when time's up. (requested by 5m3xy)\n|\n|t:|1730331199\n|switch|p1a: Glaceon|Glaceon, L94, F|275/275\n|move|p2a: Lanturn|Thunder Wave|p1a: Glaceon|[miss]\n|-miss|p2a: Lanturn|p1a: Glaceon\n|\n|upkeep\n|turn|2\n|\n|t:|1730331202\n|move|p1a: Glaceon|Freeze-Dry|p2a: Lanturn\n|-supereffective|p2a: Lanturn\n|-damage|p2a: Lanturn|125/367\n|move|p2a: Lanturn|Thunder Wave|p1a: Glaceon\n|-status|p1a: Glaceon|par\n|\n|-heal|p2a: Lanturn|147/367|[from] item: Leftovers\n|upkeep\n|turn|3\n|\n|t:|1730331209\n|move|p2a: Lanturn|Volt Switch|p1a: Glaceon\n|-damage|p1a: Glaceon|220/275 par\n|\n|t:|1730331211\n|switch|p2a: Gothitelle|Gothitelle, L90, F|272/272|[from] Volt Switch\n|move|p1a: Glaceon|Freeze-Dry|p2a: Gothitelle\n|-damage|p2a: Gothitelle|188/272\n|\n|-heal|p2a: Gothitelle|205/272|[from] item: Leftovers\n|upkeep\n|turn|4\n|\n|t:|1730331221\n|move|p1a: Glaceon|Protect|p1a: Glaceon\n|-singleturn|p1a: Glaceon|Protect\n|move|p2a: Gothitelle|Calm Mind|p2a: Gothitelle\n|-boost|p2a: Gothitelle|spa|1\n|-boost|p2a: Gothitelle|spd|1\n|\n|-heal|p2a: Gothitelle|222/272|[from] item: Leftovers\n|upkeep\n|turn|5\n|\n|t:|1730331227\n|move|p2a: Gothitelle|Calm Mind|p2a: Gothitelle\n|-boost|p2a: Gothitelle|spa|1\n|-boost|p2a: Gothitelle|spd|1\n|move|p1a: Glaceon|Calm Mind|p1a: Glaceon\n|-boost|p1a: Glaceon|spa|1\n|-boost|p1a: Glaceon|spd|1\n|\n|-heal|p2a: Gothitelle|239/272|[from] item: Leftovers\n|upkeep\n|turn|6\n|\n|t:|1730331230\n|move|p2a: Gothitelle|Calm Mind|p2a: Gothitelle\n|-boost|p2a: Gothitelle|spa|1\n|-boost|p2a: Gothitelle|spd|1\n|move|p1a: Glaceon|Calm Mind|p1a: Glaceon\n|-boost|p1a: Glaceon|spa|1\n|-boost|p1a: Glaceon|spd|1\n|\n|-heal|p2a: Gothitelle|256/272|[from] item: Leftovers\n|upkeep\n|turn|7\n|j| The Name's Novit\n|\n|t:|1730331232\n|move|p2a: Gothitelle|Psychic Noise|p1a: Glaceon\n|-damage|p1a: Glaceon|115/275 par\n|-start|p1a: Glaceon|move: Heal Block\n|move|p1a: Glaceon|Calm Mind|p1a: Glaceon\n|-boost|p1a: Glaceon|spa|1\n|-boost|p1a: Glaceon|spd|1\n|\n|-heal|p2a: Gothitelle|272/272|[from] item: Leftovers\n|upkeep\n|turn|8\n|\n|t:|1730331237\n|move|p1a: Glaceon|Protect|p1a: Glaceon\n|-singleturn|p1a: Glaceon|Protect\n|move|p2a: Gothitelle|Calm Mind|p2a: Gothitelle\n|-boost|p2a: Gothitelle|spa|1\n|-boost|p2a: Gothitelle|spd|1\n|\n|-end|p1a: Glaceon|move: Heal Block\n|upkeep\n|turn|9\n|\n|t:|1730331239\n|move|p2a: Gothitelle|Psychic Noise|p1a: Glaceon\n|-damage|p1a: Glaceon|16/275 par\n|-start|p1a: Glaceon|move: Heal Block\n|move|p1a: Glaceon|Freeze-Dry|p2a: Gothitelle\n|-damage|p2a: Gothitelle|196/272\n|\n|-heal|p2a: Gothitelle|213/272|[from] item: Leftovers\n|upkeep\n|turn|10\n|\n|t:|1730331243\n|move|p2a: Gothitelle|Psychic Noise|p1a: Glaceon\n|-damage|p1a: Glaceon|0 fnt\n|faint|p1a: Glaceon\n|\n|-heal|p2a: Gothitelle|230/272|[from] item: Leftovers\n|upkeep\n|\n|t:|1730331258\n|switch|p1a: Infernape|Infernape, L82, F|259/259\n|turn|11\n|\n|t:|1730331264\n|move|p1a: Infernape|U-turn|p2a: Gothitelle\n|-supereffective|p2a: Gothitelle\n|-damage|p2a: Gothitelle|86/272\n|\n|t:|1730331267\n|switch|p1a: Houndoom|Houndoom, L87, F|272/272|[from] U-turn\n|move|p2a: Gothitelle|Thunderbolt|p1a: Houndoom\n|-damage|p1a: Houndoom|61/272\n|-status|p1a: Houndoom|par\n|\n|-heal|p2a: Gothitelle|103/272|[from] item: Leftovers\n|upkeep\n|turn|12\n|\n|t:|1730331270\n|move|p2a: Gothitelle|Thunderbolt|p1a: Houndoom\n|-damage|p1a: Houndoom|0 fnt\n|faint|p1a: Houndoom\n|\n|-heal|p2a: Gothitelle|120/272|[from] item: Leftovers\n|upkeep\n|\n|t:|1730331274\n|switch|p1a: Infernape|Infernape, L82, F|259/259\n|turn|13\n|\n|t:|1730331278\n|switch|p2a: Swanna|Swanna, L88, M|275/275\n|move|p1a: Infernape|U-turn|p2a: Swanna\n|-resisted|p2a: Swanna\n|-damage|p2a: Swanna|228/275\n|\n|t:|1730331285\n|switch|p1a: Grafaiai|Grafaiai, L86, F|249/249|[from] U-turn\n|\n|upkeep\n|turn|14\n|\n|t:|1730331288\n|move|p1a: Grafaiai|Knock Off|p2a: Swanna\n|-damage|p2a: Swanna|114/275\n|-enditem|p2a: Swanna|Heavy-Duty Boots|[from] move: Knock Off|[of] p1a: Grafaiai\n|-damage|p1a: Grafaiai|225/249|[from] item: Life Orb\n|move|p2a: Swanna|Brave Bird|p1a: Grafaiai\n|-damage|p1a: Grafaiai|62/249\n|-damage|p2a: Swanna|60/275|[from] Recoil\n|\n|upkeep\n|turn|15\n|\n|t:|1730331295\n|move|p1a: Grafaiai|Knock Off|p2a: Swanna\n|-damage|p2a: Swanna|0 fnt\n|faint|p2a: Swanna\n|-damage|p1a: Grafaiai|38/249|[from] item: Life Orb\n|\n|upkeep\n|\n|t:|1730331299\n|switch|p2a: Electrode|Electrode, L92|260/260\n|turn|16\n|\n|t:|1730331303\n|switch|p1a: Latios|Latios, L78, M|253/253\n|move|p2a: Electrode|Thunderbolt|p1a: Latios\n|-resisted|p1a: Latios\n|-damage|p1a: Latios|208/253\n|\n|upkeep\n|turn|17\n|\n|t:|1730331312\n|move|p2a: Electrode|Foul Play|p1a: Latios\n|-supereffective|p1a: Latios\n|-crit|p1a: Latios\n|-damage|p1a: Latios|4/253\n|move|p1a: Latios|Flip Turn|p2a: Electrode\n|-damage|p2a: Electrode|220/260\n|\n|t:|1730331318\n|switch|p1a: Infernape|Infernape, L82, F|259/259|[from] Flip Turn\n|\n|-heal|p2a: Electrode|236/260|[from] item: Leftovers\n|upkeep\n|turn|18\n|\n|t:|1730331325\n|move|p2a: Electrode|Thunder Wave|p1a: Infernape\n|-status|p1a: Infernape|par\n|move|p1a: Infernape|Flare Blitz|p2a: Electrode\n|-damage|p2a: Electrode|16/260\n|-damage|p1a: Infernape|186/259 par|[from] Recoil\n|\n|-heal|p2a: Electrode|32/260|[from] item: Leftovers\n|upkeep\n|turn|19\n|\n|t:|1730331333\n|switch|p2a: Lanturn|Lanturn, L89, M|147/367\n|move|p1a: Infernape|Flare Blitz|p2a: Lanturn\n|-resisted|p2a: Lanturn\n|-damage|p2a: Lanturn|28/367\n|-damage|p1a: Infernape|147/259 par|[from] Recoil\n|\n|-heal|p2a: Lanturn|50/367|[from] item: Leftovers\n|upkeep\n|turn|20\n|\n|t:|1730331338\n|move|p2a: Lanturn|Volt Switch|p1a: Infernape\n|-damage|p1a: Infernape|71/259 par\n|\n|t:|1730331344\n|switch|p2a: Gothitelle|Gothitelle, L90, F|120/272|[from] Volt Switch\n|move|p1a: Infernape|Flare Blitz|p2a: Gothitelle\n|-damage|p2a: Gothitelle|0 fnt\n|faint|p2a: Gothitelle\n|-damage|p1a: Infernape|31/259 par|[from] Recoil\n|\n|upkeep\n|\n|t:|1730331349\n|switch|p2a: Electrode|Electrode, L92|32/260\n|turn|21\n|\n|t:|1730331351\n|move|p2a: Electrode|Thunderbolt|p1a: Infernape\n|-damage|p1a: Infernape|0 fnt\n|faint|p1a: Infernape\n|\n|-heal|p2a: Electrode|48/260|[from] item: Leftovers\n|upkeep\n|\n|t:|1730331358\n|switch|p1a: Rabsca|Rabsca, L91, M|284/284\n|turn|22\n|j| joylar\n|\n|t:|1730331370\n|move|p2a: Electrode|Taunt|p1a: Rabsca\n|-start|p1a: Rabsca|move: Taunt\n|cant|p1a: Rabsca|move: Taunt|Revival Blessing\n|\n|-heal|p2a: Electrode|64/260|[from] item: Leftovers\n|upkeep\n|turn|23\n|\n|t:|1730331379\n|switch|p2a: Lanturn|Lanturn, L89, M|50/367\n|move|p1a: Rabsca|Psychic|p2a: Lanturn\n|-damage|p2a: Lanturn|0 fnt\n|faint|p2a: Lanturn\n|\n|upkeep\n|\n|t:|1730331381\n|switch|p2a: Lycanroc|Lycanroc-Dusk, L80, M|251/251\n|turn|24\n|\n|t:|1730331386\n|switch|p1a: Latios|Latios, L78, M|4/253\n|move|p2a: Lycanroc|Swords Dance|p2a: Lycanroc\n|-boost|p2a: Lycanroc|atk|2\n|\n|upkeep\n|turn|25\n|\n|t:|1730331390\n|move|p2a: Lycanroc|Accelerock|p1a: Latios\n|-damage|p1a: Latios|0 fnt\n|faint|p1a: Latios\n|-damage|p2a: Lycanroc|226/251|[from] item: Life Orb\n|\n|upkeep\n|\n|t:|1730331394\n|switch|p1a: Rabsca|Rabsca, L91, M|284/284\n|turn|26\n|\n|t:|1730331407\n|-terastallize|p2a: Lycanroc|Fighting\n|-terastallize|p1a: Rabsca|Steel\n|move|p2a: Lycanroc|Close Combat|p1a: Rabsca\n|-supereffective|p1a: Rabsca\n|-damage|p1a: Rabsca|0 fnt\n|-unboost|p2a: Lycanroc|def|1\n|-unboost|p2a: Lycanroc|spd|1\n|faint|p1a: Rabsca\n|-damage|p2a: Lycanroc|201/251|[from] item: Life Orb\n|\n|upkeep\n|\n|t:|1730331416\n|switch|p1a: Grafaiai|Grafaiai, L86, F|38/249\n|turn|27\n|c|\u2606Node|for the fans\n|\n|t:|1730331421\n|move|p2a: Lycanroc|Accelerock|p1a: Grafaiai\n|-damage|p1a: Grafaiai|0 fnt\n|faint|p1a: Grafaiai\n|-damage|p2a: Lycanroc|176/251|[from] item: Life Orb\n|\n|win|Node\n|raw|5m3xy's rating: 2248 &rarr; <strong>2230</strong><br />(-18 for losing)\n|raw|Node's rating: 2278 &rarr; <strong>2296</strong><br />(+18 for winning)\n|l|\u26065m3xy\n|player|p1|\n", "inputlog": ">version 477f30e240a7ed7b39cd1259dc3a52c35227dcfd\n>start {\"formatid\":\"gen9randombattle\",\"seed\":[25649,17403,25545,53949],\"rated\":\"Rated battle\"}\n>player p1 {\"name\":\"5m3xy\",\"avatar\":\"2\",\"rating\":2248,\"seed\":[29868,9598,5078,62005]}\n>player p2 {\"name\":\"Node\",\"avatar\":\"#agplviblackpink\",\"rating\":2278,\"seed\":[28566,15633,61094,28686]}\n>p1 switch 4\n>p2 move thunderwave\n>p1 move freezedry\n>p2 move thunderwave\n>p1 move freezedry\n>p2 move voltswitch\n>p2 switch 2\n>p1 move protect\n>p2 move calmmind\n>p1 move calmmind\n>p2 move calmmind\n>p1 move calmmind\n>p2 move calmmind\n>p1 move calmmind\n>p2 move psychicnoise\n>p1 move protect\n>p2 move calmmind\n>p1 move freezedry\n>p2 move psychicnoise\n>p1 move freezedry\n>p2 move psychicnoise\n>p1 switch 2\n>p1 move uturn\n>p2 move thunderbolt\n>p1 switch 3\n>p1 move darkpulse\n>p2 move thunderbolt\n>p1 switch 3\n>p1 move uturn\n>p2 switch 3\n>p1 switch 4\n>p1 move knockoff\n>p2 move bravebird\n>p1 move knockoff\n>p2 move bravebird\n>p2 switch 4\n>p1 switch 6\n>p2 move thunderbolt\n>p1 move flipturn\n>p2 move foulplay\n>p1 switch 4\n>p1 move flareblitz\n>p2 move thunderwave\n>p1 move flareblitz\n>p2 switch 2\n>p1 move flareblitz\n>p2 move voltswitch\n>p2 switch 3\n>p2 switch 2\n>p1 move flareblitz\n>p2 move thunderbolt\n>p1 switch 5\n>p1 move revivalblessing\n>p2 move taunt\n>p1 move psychic\n>p2 switch 3\n>p2 switch 5\n>p1 switch 4\n>p2 move swordsdance\n>p1 move aurasphere\n>p2 move accelerock\n>p1 switch 4\n>p1 move trickroom terastallize\n>p2 move closecombat terastallize\n>p1 switch 6\n>chat \u2606Node|for the fans\n>p1 move gunkshot\n>p2 move accelerock", "uploadtime": 1730331436, "views": 43, "formatid": "gen9randombattle", "rating": 2230, "private": 0, "password": null}