{"id": "gen9randombattle-2160703228", "format": "[Gen 9] Random Battle", "players": ["Arxz", "sylvee1"], "log": "|j|\u2606Arxz\n|j|\u2606sylvee1\n|t:|1720956277\n|gametype|singles\n|player|p1|Arxz|hoopster|2217\n|player|p2|sylvee1|serena-masters2|2261\n|teamsize|p1|6\n|teamsize|p2|6\n|gen|9\n|tier|[Gen 9] Random Battle\n|rated|\n|rule|Species Clause: Limit one of each Pok\u00e9mon\n|rule|HP Percentage Mod: HP is shown in percentages\n|rule|Sleep Clause Mod: Limit one foe put to sleep\n|rule|Illusion Level Mod: Illusion disguises the Pok\u00e9mon's true level\n|\n|t:|1720956277\n|start\n|switch|p1a: Cresselia|Cresselia, L80, F|323/323\n|switch|p2a: Lucario|Lucario, L84, M|255/255\n|turn|1\n|inactive|Battle timer is ON: inactive players will automatically lose when time's up. (requested by sylvee1)\n|inactive|sylvee1 has 120 seconds left.\n|inactive|sylvee1 has 90 seconds left.\n|\n|t:|1720956345\n|move|p2a: Lucario|Nasty Plot|p2a: Lucario\n|-boost|p2a: Lucario|spa|2\n|move|p1a: Cresselia|Psyshock|p2a: Lucario\n|-damage|p2a: Lucario|171/255\n|\n|upkeep\n|turn|2\n|\n|t:|1720956360\n|switch|p1a: Eternatus|Eternatus, L69|308/308\n|-ability|p1a: Eternatus|Pressure\n|move|p2a: Lucario|Nasty Plot|p2a: Lucario\n|-boost|p2a: Lucario|spa|2\n|\n|upkeep\n|turn|3\n|\n|t:|1720956366\n|move|p1a: Eternatus|Flamethrower|p2a: Lucario\n|-supereffective|p2a: Lucario\n|-damage|p2a: Lucario|25/255\n|move|p2a: Lucario|Flash Cannon|p1a: Eternatus\n|-damage|p1a: Eternatus|0 fnt\n|faint|p1a: Eternatus\n|-damage|p2a: Lucario|0 fnt|[from] item: Life Orb\n|faint|p2a: Lucario\n|\n|upkeep\n|\n|t:|1720956375\n|switch|p1a: Wigglytuff|Wigglytuff, L96, F|424/424\n|switch|p2a: Chandelure|Chandelure, L83, F|235/235\n|turn|4\n|\n|t:|1720956381\n|move|p1a: Wigglytuff|Protect|p1a: Wigglytuff\n|-singleturn|p1a: Wigglytuff|Protect\n|move|p2a: Chandelure|Trick|p1a: Wigglytuff\n|-activate|p1a: Wigglytuff|move: Protect\n|\n|upkeep\n|turn|5\n|\n|t:|1720956397\n|switch|p1a: Ogerpon|Ogerpon, L80, F|259/259\n|move|p2a: Chandelure|Trick|p1a: Ogerpon\n|-activate|p2a: Chandelure|move: Trick|[of] p1a: Ogerpon\n|-item|p1a: Ogerpon|Choice Scarf|[from] move: Trick\n|-item|p2a: Chandelure|Heavy-Duty Boots|[from] move: Trick\n|\n|upkeep\n|turn|6\n|\n|t:|1720956419\n|move|p1a: Ogerpon|U-turn|p2a: Chandelure\n|-resisted|p2a: Chandelure\n|-damage|p2a: Chandelure|221/235\n|\n|t:|1720956423\n|switch|p1a: Tyranitar|Tyranitar, L79, F|288/288|[from] U-turn\n|-weather|Sandstorm|[from] ability: Sand Stream|[of] p1a: Tyranitar\n|move|p2a: Chandelure|Fire Blast|p1a: Tyranitar\n|-resisted|p1a: Tyranitar\n|-damage|p1a: Tyranitar|234/288\n|\n|-weather|Sandstorm|[upkeep]\n|-damage|p2a: Chandelure|207/235|[from] Sandstorm\n|-heal|p1a: Tyranitar|252/288|[from] item: Leftovers\n|upkeep\n|turn|7\n|\n|t:|1720956438\n|switch|p2a: Stonjourner|Stonjourner, L91, M|330/330\n|move|p1a: Tyranitar|Knock Off|p2a: Stonjourner\n|-damage|p2a: Stonjourner|248/330\n|-enditem|p2a: Stonjourner|Life Orb|[from] move: Knock Off|[of] p1a: Tyranitar\n|\n|-weather|Sandstorm|[upkeep]\n|-heal|p1a: Tyranitar|270/288|[from] item: Leftovers\n|upkeep\n|turn|8\n|\n|t:|1720956444\n|switch|p1a: Wigglytuff|Wigglytuff, L96, F|424/424\n|move|p2a: Stonjourner|Stealth Rock|p1a: Wigglytuff\n|-sidestart|p1: Arxz|move: Stealth Rock\n|\n|-weather|Sandstorm|[upkeep]\n|-damage|p1a: Wigglytuff|398/424|[from] Sandstorm\n|-heal|p1a: Wigglytuff|424/424|[from] item: Leftovers\n|upkeep\n|turn|9\n|\n|t:|1720956460\n|move|p2a: Stonjourner|Stone Edge|p1a: Wigglytuff\n|-damage|p1a: Wigglytuff|222/424\n|move|p1a: Wigglytuff|Stealth Rock|p2a: Stonjourner\n|-sidestart|p2: sylvee1|move: Stealth Rock\n|\n|-weather|Sandstorm|[upkeep]\n|-damage|p1a: Wigglytuff|196/424|[from] Sandstorm\n|-heal|p1a: Wigglytuff|222/424|[from] item: Leftovers\n|upkeep\n|turn|10\n|\n|t:|1720956466\n|move|p2a: Stonjourner|Stone Edge|p1a: Wigglytuff|[miss]\n|-miss|p2a: Stonjourner|p1a: Wigglytuff\n|move|p1a: Wigglytuff|Alluring Voice|p2a: Stonjourner\n|-damage|p2a: Stonjourner|104/330\n|\n|-weather|none\n|-heal|p1a: Wigglytuff|248/424|[from] item: Leftovers\n|upkeep\n|turn|11\n|\n|t:|1720956474\n|move|p1a: Wigglytuff|Protect|p1a: Wigglytuff\n|-singleturn|p1a: Wigglytuff|Protect\n|move|p2a: Stonjourner|Stone Edge|p1a: Wigglytuff\n|-activate|p1a: Wigglytuff|move: Protect\n|\n|-heal|p1a: Wigglytuff|274/424|[from] item: Leftovers\n|upkeep\n|turn|12\n|\n|t:|1720956478\n|move|p2a: Stonjourner|Stone Edge|p1a: Wigglytuff\n|-crit|p1a: Wigglytuff\n|-damage|p1a: Wigglytuff|0 fnt\n|faint|p1a: Wigglytuff\n|\n|upkeep\n|\n|t:|1720956485\n|switch|p1a: Spectrier|Spectrier, L75|274/274\n|-damage|p1a: Spectrier|240/274|[from] Stealth Rock\n|turn|13\n|\n|t:|1720956508\n|switch|p2a: Slaking|Slaking, L84, M|389/389\n|-damage|p2a: Slaking|341/389|[from] Stealth Rock\n|move|p1a: Spectrier|Shadow Ball|p2a: Slaking\n|-immune|p2a: Slaking\n|\n|upkeep\n|turn|14\n|\n|t:|1720956517\n|switch|p1a: Ogerpon|Ogerpon, L80, F|259/259\n|-damage|p1a: Ogerpon|227/259|[from] Stealth Rock\n|move|p2a: Slaking|Earthquake|p1a: Ogerpon\n|-resisted|p1a: Ogerpon\n|-damage|p1a: Ogerpon|143/259\n|\n|upkeep\n|turn|15\n|\n|t:|1720956529\n|switch|p2a: Chandelure|Chandelure, L83, F|207/235\n|move|p1a: Ogerpon|Ivy Cudgel|p2a: Chandelure\n|-resisted|p2a: Chandelure\n|-damage|p2a: Chandelure|153/235\n|\n|upkeep\n|turn|16\n|\n|t:|1720956538\n|move|p1a: Ogerpon|Ivy Cudgel|p2a: Chandelure\n|-resisted|p2a: Chandelure\n|-damage|p2a: Chandelure|93/235\n|move|p2a: Chandelure|Energy Ball|p1a: Ogerpon\n|-resisted|p1a: Ogerpon\n|-damage|p1a: Ogerpon|101/259\n|\n|upkeep\n|turn|17\n|\n|t:|1720956545\n|switch|p1a: Tyranitar|Tyranitar, L79, F|270/288\n|-damage|p1a: Tyranitar|234/288|[from] Stealth Rock\n|-weather|Sandstorm|[from] ability: Sand Stream|[of] p1a: Tyranitar\n|move|p2a: Chandelure|Fire Blast|p1a: Tyranitar\n|-resisted|p1a: Tyranitar\n|-damage|p1a: Tyranitar|182/288\n|\n|-weather|Sandstorm|[upkeep]\n|-damage|p2a: Chandelure|79/235|[from] Sandstorm\n|-heal|p1a: Tyranitar|200/288|[from] item: Leftovers\n|upkeep\n|turn|18\n|\n|t:|1720956554\n|switch|p2a: Rillaboom|Rillaboom, L79, M|288/288\n|-damage|p2a: Rillaboom|252/288|[from] Stealth Rock\n|-fieldstart|move: Grassy Terrain|[from] ability: Grassy Surge|[of] p2a: Rillaboom\n|move|p1a: Tyranitar|Dragon Dance|p1a: Tyranitar\n|-boost|p1a: Tyranitar|atk|1\n|-boost|p1a: Tyranitar|spe|1\n|\n|-weather|Sandstorm|[upkeep]\n|-damage|p2a: Rillaboom|234/288|[from] Sandstorm\n|-heal|p1a: Tyranitar|218/288|[from] Grassy Terrain\n|-heal|p1a: Tyranitar|236/288|[from] item: Leftovers\n|-heal|p2a: Rillaboom|252/288|[from] Grassy Terrain\n|upkeep\n|turn|19\n|\n|t:|1720956575\n|switch|p1a: Ogerpon|Ogerpon, L80, F|101/259\n|-damage|p1a: Ogerpon|69/259|[from] Stealth Rock\n|-terastallize|p2a: Rillaboom|Grass\n|move|p2a: Rillaboom|Grassy Glide|p1a: Ogerpon\n|-resisted|p1a: Ogerpon\n|-damage|p1a: Ogerpon|0 fnt\n|faint|p1a: Ogerpon\n|\n|-weather|Sandstorm|[upkeep]\n|-damage|p2a: Rillaboom|234/288|[from] Sandstorm\n|-heal|p2a: Rillaboom|252/288|[from] Grassy Terrain\n|upkeep\n|\n|t:|1720956587\n|switch|p1a: Cresselia|Cresselia, L80, F|323/323\n|-damage|p1a: Cresselia|283/323|[from] Stealth Rock\n|turn|20\n|\n|t:|1720956598\n|-terastallize|p1a: Cresselia|Steel\n|move|p2a: Rillaboom|Grassy Glide|p1a: Cresselia\n|-resisted|p1a: Cresselia\n|-damage|p1a: Cresselia|214/323\n|move|p1a: Cresselia|Calm Mind|p1a: Cresselia\n|-boost|p1a: Cresselia|spa|1\n|-boost|p1a: Cresselia|spd|1\n|\n|-weather|Sandstorm|[upkeep]\n|-damage|p2a: Rillaboom|234/288|[from] Sandstorm\n|-heal|p1a: Cresselia|234/323|[from] item: Leftovers\n|-heal|p2a: Rillaboom|252/288|[from] Grassy Terrain\n|upkeep\n|turn|21\n|\n|t:|1720956608\n|switch|p2a: Stonjourner|Stonjourner, L91, M|104/330\n|-damage|p2a: Stonjourner|63/330|[from] Stealth Rock\n|move|p1a: Cresselia|Psyshock|p2a: Stonjourner\n|-damage|p2a: Stonjourner|0 fnt\n|faint|p2a: Stonjourner\n|\n|-weather|none\n|-heal|p1a: Cresselia|254/323|[from] item: Leftovers\n|upkeep\n|\n|t:|1720956613\n|switch|p2a: Slaking|Slaking, L84, M|341/389\n|-damage|p2a: Slaking|293/389|[from] Stealth Rock\n|turn|22\n|\n|t:|1720956625\n|move|p2a: Slaking|Knock Off|p1a: Cresselia\n|-damage|p1a: Cresselia|116/323\n|-enditem|p1a: Cresselia|Leftovers|[from] move: Knock Off|[of] p2a: Slaking\n|move|p1a: Cresselia|Calm Mind|p1a: Cresselia\n|-boost|p1a: Cresselia|spa|1\n|-boost|p1a: Cresselia|spd|1\n|\n|-heal|p2a: Slaking|317/389|[from] Grassy Terrain\n|-fieldend|move: Grassy Terrain\n|upkeep\n|turn|23\n|\n|t:|1720956631\n|switch|p2a: Misdreavus|Misdreavus, L90, F|254/254\n|-damage|p2a: Misdreavus|223/254|[from] Stealth Rock\n|move|p1a: Cresselia|Moonlight|p1a: Cresselia\n|-heal|p1a: Cresselia|277/323\n|\n|upkeep\n|turn|24\n|\n|t:|1720956639\n|move|p2a: Misdreavus|Will-O-Wisp|p1a: Cresselia\n|-status|p1a: Cresselia|brn\n|move|p1a: Cresselia|Psyshock|p2a: Misdreavus\n|-damage|p2a: Misdreavus|126/254\n|\n|-damage|p1a: Cresselia|257/323 brn|[from] brn\n|upkeep\n|turn|25\n|\n|t:|1720956644\n|move|p2a: Misdreavus|Shadow Ball|p1a: Cresselia\n|-damage|p1a: Cresselia|221/323 brn\n|move|p1a: Cresselia|Psyshock|p2a: Misdreavus\n|-damage|p2a: Misdreavus|21/254\n|\n|-damage|p1a: Cresselia|201/323 brn|[from] brn\n|upkeep\n|turn|26\n|\n|t:|1720956648\n|move|p2a: Misdreavus|Shadow Ball|p1a: Cresselia\n|-damage|p1a: Cresselia|162/323 brn\n|move|p1a: Cresselia|Calm Mind|p1a: Cresselia\n|-boost|p1a: Cresselia|spa|1\n|-boost|p1a: Cresselia|spd|1\n|\n|-damage|p1a: Cresselia|142/323 brn|[from] brn\n|upkeep\n|turn|27\n|\n|t:|1720956654\n|move|p2a: Misdreavus|Shadow Ball|p1a: Cresselia\n|-damage|p1a: Cresselia|112/323 brn\n|-unboost|p1a: Cresselia|spd|1\n|move|p1a: Cresselia|Moonlight|p1a: Cresselia\n|-heal|p1a: Cresselia|273/323 brn\n|\n|-damage|p1a: Cresselia|253/323 brn|[from] brn\n|upkeep\n|turn|28\n|\n|t:|1720956656\n|move|p2a: Misdreavus|Shadow Ball|p1a: Cresselia\n|-damage|p1a: Cresselia|214/323 brn\n|move|p1a: Cresselia|Moonlight|p1a: Cresselia\n|-heal|p1a: Cresselia|323/323 brn\n|\n|-damage|p1a: Cresselia|303/323 brn|[from] brn\n|upkeep\n|turn|29\n|\n|t:|1720956660\n|move|p2a: Misdreavus|Shadow Ball|p1a: Cresselia\n|-damage|p1a: Cresselia|266/323 brn\n|move|p1a: Cresselia|Psyshock|p2a: Misdreavus\n|-damage|p2a: Misdreavus|0 fnt\n|faint|p2a: Misdreavus\n|\n|-damage|p1a: Cresselia|246/323 brn|[from] brn\n|upkeep\n|\n|t:|1720956678\n|switch|p2a: Chandelure|Chandelure, L83, F|79/235\n|turn|30\n|\n|t:|1720956684\n|move|p1a: Cresselia|Psyshock|p2a: Chandelure\n|-damage|p2a: Chandelure|0 fnt\n|faint|p2a: Chandelure\n|\n|-damage|p1a: Cresselia|226/323 brn|[from] brn\n|upkeep\n|\n|t:|1720956699\n|switch|p2a: Slaking|Slaking, L84, M|317/389\n|-damage|p2a: Slaking|269/389|[from] Stealth Rock\n|turn|31\n|\n|t:|1720956703\n|move|p2a: Slaking|Giga Impact|p1a: Cresselia|[miss]\n|-miss|p2a: Slaking|p1a: Cresselia\n|move|p1a: Cresselia|Psyshock|p2a: Slaking\n|-damage|p2a: Slaking|115/389\n|\n|-damage|p1a: Cresselia|206/323 brn|[from] brn\n|upkeep\n|turn|32\n|\n|t:|1720956706\n|cant|p2a: Slaking|ability: Truant\n|move|p1a: Cresselia|Psyshock|p2a: Slaking\n|-damage|p2a: Slaking|0 fnt\n|faint|p2a: Slaking\n|\n|-damage|p1a: Cresselia|186/323 brn|[from] brn\n|upkeep\n|\n|t:|1720956710\n|switch|p2a: Rillaboom|Rillaboom, L79, M, tera:Grass|252/288\n|-damage|p2a: Rillaboom|216/288|[from] Stealth Rock\n|-fieldstart|move: Grassy Terrain|[from] ability: Grassy Surge|[of] p2a: Rillaboom\n|turn|33\n|\n|t:|1720956716\n|move|p1a: Cresselia|Psyshock|p2a: Rillaboom\n|-damage|p2a: Rillaboom|48/288\n|move|p2a: Rillaboom|Wood Hammer|p1a: Cresselia\n|-resisted|p1a: Cresselia\n|-damage|p1a: Cresselia|42/323 brn\n|-damage|p2a: Rillaboom|0 fnt|[from] Recoil\n|faint|p2a: Rillaboom\n|\n|win|Arxz\n|raw|Arxz's rating: 2217 &rarr; <strong>2240</strong><br />(+23 for winning)\n|raw|sylvee1's rating: 2261 &rarr; <strong>2238</strong><br />(-23 for losing)\n", "inputlog": ">version f7ad7c1b8a6ce355e8dbcd95eca255f5f71ead83\n>start {\"formatid\":\"gen9randombattle\",\"seed\":[4401,9266,25364,47279],\"rated\":\"Rated battle\"}\n>player p1 {\"name\":\"Arxz\",\"avatar\":\"hoopster\",\"rating\":2217,\"seed\":[48073,32893,60314,7802]}\n>player p2 {\"name\":\"sylvee1\",\"avatar\":\"serena-masters2\",\"rating\":2261,\"seed\":[47593,36434,57886,59158]}\n>p1 move psyshock\n>p2 move nastyplot\n>p1 switch 4\n>p2 move nastyplot\n>p1 move flamethrower\n>p2 move flashcannon\n>p1 switch 2\n>p2 switch 2\n>p1 move protect\n>p2 move trick\n>p1 switch 3\n>p2 move trick\n>p1 move uturn\n>p2 move fireblast\n>p1 switch 5\n>p1 move knockoff\n>p2 switch 3\n>p1 switch 3\n>p2 move stealthrock\n>p1 move stealthrock\n>p2 move stoneedge\n>p1 move alluringvoice\n>p2 move stoneedge\n>p1 move protect\n>p2 move stoneedge\n>p1 move alluringvoice\n>p2 move stoneedge\n>p1 switch 6\n>p1 move shadowball\n>p2 switch 5\n>p1 switch 5\n>p2 move earthquake\n>p1 move ivycudgel\n>p2 switch 3\n>p1 move ivycudgel\n>p2 move energyball\n>p1 switch 3\n>p2 move fireblast\n>p1 move dragondance\n>p2 switch 4\n>p1 switch 3\n>p2 move grassyglide terastallize\n>p1 switch 4\n>p1 move calmmind terastallize\n>p2 move grassyglide\n>p1 move psyshock\n>p2 switch 5\n>p2 switch 3\n>p1 move calmmind\n>p2 move knockoff\n>p1 move moonlight\n>p2 switch 6\n>p1 move psyshock\n>p2 move willowisp\n>p1 move psyshock\n>p2 move shadowball\n>p1 move calmmind\n>p2 move shadowball\n>p1 move moonlight\n>p2 move shadowball\n>p1 move moonlight\n>p2 move shadowball\n>p1 move psyshock\n>p2 move shadowball\n>p2 switch 4\n>p1 move psyshock\n>p2 move fireblast\n>p2 switch 6\n>p1 move psyshock\n>p2 move gigaimpact\n>p1 move psyshock\n>p2 move gigaimpact\n>p2 switch 5\n>p1 move psyshock\n>p2 move woodhammer", "uploadtime": 1720956724, "views": 163, "formatid": "gen9randombattle", "rating": 2238, "private": 0, "password": null}