{"id": "gen9randombattle-2260793271", "format": "[Gen 9] Random Battle", "players": ["yehwv", "ufigwfhiwfbwo"], "log": "|j|\u2606yehwv\n|j|\u2606ufigwfhiwfbwo\n|t:|1733893030\n|gametype|singles\n|player|p1|yehwv|101|1010\n|player|p2|ufigwfhiwfbwo|1|1000\n|teamsize|p1|6\n|teamsize|p2|6\n|gen|9\n|tier|[Gen 9] Random Battle\n|rated|\n|rule|Species Clause: Limit one of each Pok\u00e9mon\n|rule|HP Percentage Mod: HP is shown in percentages\n|rule|Sleep Clause Mod: Limit one foe put to sleep\n|rule|Illusion Level Mod: Illusion disguises the Pok\u00e9mon's true level\n|\n|t:|1733893030\n|start\n|switch|p1a: Milotic|Milotic, L83, F|293/293\n|switch|p2a: Hawlucha|Hawlucha, L80, F|256/256\n|turn|1\n|\n|t:|1733893041\n|move|p2a: Hawlucha|Swords Dance|p2a: Hawlucha\n|-boost|p2a: Hawlucha|atk|2\n|move|p1a: Milotic|Scald|p2a: Hawlucha\n|-damage|p2a: Hawlucha|136/256\n|\n|upkeep\n|turn|2\n|\n|t:|1733893049\n|move|p2a: Hawlucha|Close Combat|p1a: Milotic\n|-damage|p1a: Milotic|64/293\n|-unboost|p2a: Hawlucha|def|1\n|-unboost|p2a: Hawlucha|spd|1\n|-enditem|p2a: Hawlucha|White Herb\n|-clearnegativeboost|p2a: Hawlucha|[silent]\n|move|p1a: Milotic|Haze|p1a: Milotic\n|-clearallboost\n|\n|-heal|p1a: Milotic|82/293|[from] item: Leftovers\n|upkeep\n|turn|3\n|\n|t:|1733893063\n|move|p2a: Hawlucha|Swords Dance|p2a: Hawlucha\n|-boost|p2a: Hawlucha|atk|2\n|move|p1a: Milotic|Recover|p1a: Milotic\n|-heal|p1a: Milotic|229/293\n|\n|-heal|p1a: Milotic|247/293|[from] item: Leftovers\n|upkeep\n|turn|4\n|\n|t:|1733893071\n|-terastallize|p2a: Hawlucha|Flying\n|move|p2a: Hawlucha|Brave Bird|p1a: Milotic\n|-damage|p1a: Milotic|0 fnt\n|faint|p1a: Milotic\n|-damage|p2a: Hawlucha|54/256|[from] Recoil\n|\n|upkeep\n|\n|t:|1733893080\n|switch|p1a: Clodsire|Clodsire, L81, F|343/343\n|turn|5\n|\n|t:|1733893084\n|move|p2a: Hawlucha|Brave Bird|p1a: Clodsire\n|-damage|p1a: Clodsire|149/343\n|-damage|p2a: Hawlucha|0 fnt|[from] Recoil\n|faint|p2a: Hawlucha\n|move|p1a: Clodsire|Poison Jab|p2: Hawlucha|[notarget]\n|-fail|p1a: Clodsire\n|\n|-heal|p1a: Clodsire|170/343|[from] item: Leftovers\n|upkeep\n|\n|t:|1733893091\n|switch|p2a: Whiscash|Whiscash, L88, F|337/337\n|turn|6\n|\n|t:|1733893096\n|move|p2a: Whiscash|Earthquake|p1a: Clodsire\n|-supereffective|p1a: Clodsire\n|-damage|p1a: Clodsire|0 fnt\n|faint|p1a: Clodsire\n|-damage|p2a: Whiscash|304/337|[from] item: Life Orb\n|\n|upkeep\n|\n|t:|1733893102\n|switch|p1a: Houndoom|Houndoom, L87, M|272/272\n|turn|7\n|\n|t:|1733893108\n|move|p1a: Houndoom|Sucker Punch||[still]\n|-fail|p1a: Houndoom\n|move|p2a: Whiscash|Dragon Dance|p2a: Whiscash\n|-boost|p2a: Whiscash|atk|1\n|-boost|p2a: Whiscash|spe|1\n|\n|upkeep\n|turn|8\n|\n|t:|1733893115\n|move|p2a: Whiscash|Earthquake|p1a: Houndoom\n|-supereffective|p1a: Houndoom\n|-damage|p1a: Houndoom|0 fnt\n|faint|p1a: Houndoom\n|-damage|p2a: Whiscash|271/337|[from] item: Life Orb\n|\n|upkeep\n|\n|t:|1733893122\n|switch|p1a: Cryogonal|Cryogonal, L89|287/287\n|turn|9\n|\n|t:|1733893129\n|move|p1a: Cryogonal|Freeze-Dry|p2a: Whiscash\n|-supereffective|p2a: Whiscash\n|-damage|p2a: Whiscash|0 fnt\n|faint|p2a: Whiscash\n|\n|upkeep\n|\n|t:|1733893132\n|switch|p2a: Sneasler|Sneasler, L74, F|240/240\n|turn|10\n|\n|t:|1733893144\n|-terastallize|p1a: Cryogonal|Steel\n|move|p1a: Cryogonal|Rapid Spin|p2a: Sneasler\n|-damage|p2a: Sneasler|202/240\n|-boost|p1a: Cryogonal|spe|1\n|move|p2a: Sneasler|Close Combat|p1a: Cryogonal\n|-supereffective|p1a: Cryogonal\n|-damage|p1a: Cryogonal|0 fnt\n|-unboost|p2a: Sneasler|def|1\n|-unboost|p2a: Sneasler|spd|1\n|faint|p1a: Cryogonal\n|\n|upkeep\n|inactive|Battle timer is ON: inactive players will automatically lose when time's up. (requested by ufigwfhiwfbwo)\n|inactive|yehwv has 120 seconds left.\n|inactive|yehwv has 90 seconds left.\n|inactive|yehwv has 60 seconds left.\n|inactive|yehwv has 30 seconds left.\n|inactive|yehwv has 20 seconds left.\n|n|\u2606ufigwfhiwfbwo|ufigwfhiwfbwo\n|c|\u2606ufigwfhiwfbwo|ezzzz\n|inactive|yehwv has 15 seconds left.\n|inactive|yehwv has 10 seconds left.\n|inactive|yehwv has 5 seconds left.\n|c|\u2606ufigwfhiwfbwo|gg ez\n|-message|yehwv lost due to inactivity.\n|\n|win|ufigwfhiwfbwo\n|raw|yehwv's rating: 1010 &rarr; <strong>1001</strong><br />(-9 for losing)\n|raw|ufigwfhiwfbwo's rating: 1079 &rarr; <strong>1102</strong><br />(+23 for winning)\n", "inputlog": ">version bfd83cad13791eb5a5a409923076391caf6fb4d4\n>start {\"formatid\":\"gen9randombattle\",\"seed\":[34579,52928,61398,56731],\"rated\":\"Rated battle\"}\n>player p1 {\"name\":\"yehwv\",\"avatar\":\"101\",\"rating\":1010,\"seed\":[22370,61238,53080,59823]}\n>player p2 {\"name\":\"ufigwfhiwfbwo\",\"avatar\":\"1\",\"rating\":1000,\"seed\":[35278,63480,40124,53762]}\n>p1 move scald\n>p2 move swordsdance\n>p1 move haze\n>p2 move closecombat\n>p1 move recover\n>p2 move swordsdance\n>p1 move icebeam\n>p2 move bravebird terastallize\n>p1 switch 3\n>p1 move poisonjab\n>p2 move bravebird\n>p2 switch 3\n>p1 move recover\n>p2 move earthquake\n>p1 switch 4\n>p1 move suckerpunch\n>p2 move dragondance\n>p1 move fireblast\n>p2 move earthquake\n>p1 switch 2\n>p1 move freezedry\n>p2 move stoneedge\n>p2 switch 5\n>p1 move rapidspin terastallize\n>p2 move closecombat\n>chat \u2606ufigwfhiwfbwo|ezzzz\n>chat \u2606ufigwfhiwfbwo|gg ez\n>forcelose p1", "uploadtime": 1733893332, "views": 15, "formatid": "gen9randombattle", "rating": 1001, "private": 0, "password": null}