{"id": "gen9randombattle-2260681751", "format": "[Gen 9] Random Battle", "players": ["101101010010100ay", "chiefbeefoven"], "log": "|j|\u2606101101010010100ay\n|j|\u2606chiefbeefoven\n|t:|1733877782\n|gametype|singles\n|player|p1|101101010010100ay|170|1414\n|player|p2|chiefbeefoven|blackbelt-gen4|1438\n|teamsize|p1|6\n|teamsize|p2|6\n|gen|9\n|tier|[Gen 9] Random Battle\n|rated|\n|rule|Species Clause: Limit one of each Pok\u00e9mon\n|rule|HP Percentage Mod: HP is shown in percentages\n|rule|Sleep Clause Mod: Limit one foe put to sleep\n|rule|Illusion Level Mod: Illusion disguises the Pok\u00e9mon's true level\n|\n|t:|1733877782\n|start\n|switch|p1a: Venomoth|Venomoth, L84, M|255/255\n|switch|p2a: Bombirdier|Bombirdier, L85, F|258/258\n|turn|1\n|inactive|Battle timer is ON: inactive players will automatically lose when time's up. (requested by chiefbeefoven)\n|\n|t:|1733877793\n|switch|p1a: Duraludon|Duraludon, L82, F|249/249\n|move|p2a: Bombirdier|Brave Bird|p1a: Duraludon\n|-resisted|p1a: Duraludon\n|-damage|p1a: Duraludon|213/249\n|-damage|p2a: Bombirdier|246/258|[from] Recoil\n|\n|upkeep\n|turn|2\n|\n|t:|1733877799\n|move|p2a: Bombirdier|Knock Off|p1a: Duraludon\n|-damage|p1a: Duraludon|146/249\n|-enditem|p1a: Duraludon|Eviolite|[from] move: Knock Off|[of] p2a: Bombirdier\n|move|p1a: Duraludon|Iron Defense|p1a: Duraludon\n|-boost|p1a: Duraludon|def|2\n|\n|upkeep\n|turn|3\n|\n|t:|1733877808\n|switch|p2a: Chimecho|Chimecho, L93, M|219/219\n|move|p1a: Duraludon|Body Press|p2a: Chimecho\n|-immune|p2a: Chimecho\n|\n|upkeep\n|turn|4\n|\n|t:|1733877816\n|move|p2a: Chimecho|Will-O-Wisp|p1a: Duraludon\n|-status|p1a: Duraludon|brn\n|move|p1a: Duraludon|Flash Cannon|p2a: Chimecho\n|-damage|p2a: Chimecho|77/219\n|replace|p2a: Zoroark|Zoroark-Hisui, L80, M\n|-end|p2a: Zoroark|Illusion\n|-hint|Illusion Level Mod is active, so this Pok\u00e9mon's true level was hidden.\n|\n|-damage|p1a: Duraludon|131/249 brn|[from] brn\n|upkeep\n|turn|5\n|\n|t:|1733877825\n|move|p2a: Zoroark|Poltergeist||[still]\n|-fail|p2a: Zoroark\n|move|p1a: Duraludon|Flash Cannon|p2a: Zoroark\n|-damage|p2a: Zoroark|0 fnt\n|faint|p2a: Zoroark\n|\n|-damage|p1a: Duraludon|116/249 brn|[from] brn\n|upkeep\n|\n|t:|1733877839\n|switch|p2a: Manaphy|Manaphy, L78|284/284\n|turn|6\n|\n|t:|1733877853\n|switch|p2a: Bombirdier|Bombirdier, L85, F|246/258\n|move|p1a: Duraludon|Body Press|p2a: Bombirdier\n|-damage|p2a: Bombirdier|188/258\n|\n|-damage|p1a: Duraludon|101/249 brn|[from] brn\n|upkeep\n|turn|7\n|\n|t:|1733877860\n|move|p2a: Bombirdier|Brave Bird|p1a: Duraludon\n|-resisted|p1a: Duraludon\n|-damage|p1a: Duraludon|69/249 brn\n|-damage|p2a: Bombirdier|177/258|[from] Recoil\n|move|p1a: Duraludon|Flash Cannon|p2a: Bombirdier\n|-damage|p2a: Bombirdier|75/258\n|\n|-damage|p1a: Duraludon|54/249 brn|[from] brn\n|upkeep\n|turn|8\n|\n|t:|1733877868\n|move|p2a: Bombirdier|Roost|p2a: Bombirdier\n|-heal|p2a: Bombirdier|204/258\n|-singleturn|p2a: Bombirdier|move: Roost\n|move|p1a: Duraludon|Flash Cannon|p2a: Bombirdier\n|-damage|p2a: Bombirdier|108/258\n|\n|-damage|p1a: Duraludon|39/249 brn|[from] brn\n|upkeep\n|turn|9\n|\n|t:|1733877875\n|move|p2a: Bombirdier|Roost|p2a: Bombirdier\n|-heal|p2a: Bombirdier|237/258\n|-singleturn|p2a: Bombirdier|move: Roost\n|move|p1a: Duraludon|Flash Cannon|p2a: Bombirdier\n|-crit|p2a: Bombirdier\n|-damage|p2a: Bombirdier|104/258\n|\n|-damage|p1a: Duraludon|24/249 brn|[from] brn\n|upkeep\n|turn|10\n|\n|t:|1733877882\n|move|p2a: Bombirdier|Knock Off|p1a: Duraludon\n|-damage|p1a: Duraludon|0 fnt\n|faint|p1a: Duraludon\n|\n|upkeep\n|\n|t:|1733877899\n|switch|p1a: Iron Boulder|Iron Boulder, L77|265/265\n|turn|11\n|\n|t:|1733877920\n|-terastallize|p1a: Iron Boulder|Fighting\n|move|p1a: Iron Boulder|Swords Dance|p1a: Iron Boulder\n|-boost|p1a: Iron Boulder|atk|2\n|move|p2a: Bombirdier|Knock Off|p1a: Iron Boulder\n|-resisted|p1a: Iron Boulder\n|-damage|p1a: Iron Boulder|194/265\n|-enditem|p1a: Iron Boulder|Life Orb|[from] move: Knock Off|[of] p2a: Bombirdier\n|\n|upkeep\n|turn|12\n|\n|t:|1733877933\n|move|p1a: Iron Boulder|Mighty Cleave|p2a: Bombirdier\n|-supereffective|p2a: Bombirdier\n|-damage|p2a: Bombirdier|0 fnt\n|faint|p2a: Bombirdier\n|\n|upkeep\n|\n|t:|1733877936\n|switch|p2a: Chimecho|Chimecho, L93, M|290/290\n|turn|13\n|\n|t:|1733877940\n|-terastallize|p2a: Chimecho|Steel\n|move|p1a: Iron Boulder|Mighty Cleave|p2a: Chimecho\n|-resisted|p2a: Chimecho\n|-damage|p2a: Chimecho|188/290\n|move|p2a: Chimecho|Psyshock|p1a: Iron Boulder\n|-supereffective|p1a: Iron Boulder\n|-damage|p1a: Iron Boulder|0 fnt\n|faint|p1a: Iron Boulder\n|-end|p1a: Iron Boulder|Quark Drive|[silent]\n|\n|-heal|p2a: Chimecho|206/290|[from] item: Leftovers\n|upkeep\n|\n|t:|1733877959\n|switch|p1a: Vaporeon|Vaporeon, L86, F|364/364\n|turn|14\n|\n|t:|1733877965\n|move|p2a: Chimecho|Calm Mind|p2a: Chimecho\n|-boost|p2a: Chimecho|spa|1\n|-boost|p2a: Chimecho|spd|1\n|move|p1a: Vaporeon|Scald|p2a: Chimecho\n|-damage|p2a: Chimecho|143/290\n|-status|p2a: Chimecho|brn\n|\n|-heal|p2a: Chimecho|161/290 brn|[from] item: Leftovers\n|-damage|p2a: Chimecho|143/290 brn|[from] brn\n|upkeep\n|turn|15\n|\n|t:|1733877971\n|move|p2a: Chimecho|Recover|p2a: Chimecho\n|-heal|p2a: Chimecho|288/290 brn\n|move|p1a: Vaporeon|Scald|p2a: Chimecho\n|-damage|p2a: Chimecho|230/290 brn\n|\n|-heal|p2a: Chimecho|248/290 brn|[from] item: Leftovers\n|-damage|p2a: Chimecho|230/290 brn|[from] brn\n|upkeep\n|turn|16\n|\n|t:|1733877975\n|move|p2a: Chimecho|Calm Mind|p2a: Chimecho\n|-boost|p2a: Chimecho|spa|1\n|-boost|p2a: Chimecho|spd|1\n|move|p1a: Vaporeon|Scald|p2a: Chimecho\n|-damage|p2a: Chimecho|187/290 brn\n|\n|-heal|p2a: Chimecho|205/290 brn|[from] item: Leftovers\n|-damage|p2a: Chimecho|187/290 brn|[from] brn\n|upkeep\n|turn|17\n|\n|t:|1733877979\n|move|p2a: Chimecho|Calm Mind|p2a: Chimecho\n|-boost|p2a: Chimecho|spa|1\n|-boost|p2a: Chimecho|spd|1\n|move|p1a: Vaporeon|Haze|p1a: Vaporeon\n|-clearallboost\n|\n|-heal|p2a: Chimecho|205/290 brn|[from] item: Leftovers\n|-damage|p2a: Chimecho|187/290 brn|[from] brn\n|upkeep\n|turn|18\n|\n|t:|1733878002\n|switch|p2a: Abomasnow|Abomasnow, L85, M|291/291\n|-weather|Snow|[from] ability: Snow Warning|[of] p2a: Abomasnow\n|switch|p1a: Lanturn|Lanturn, L89, M|367/367\n|\n|-weather|Snow|[upkeep]\n|upkeep\n|turn|19\n|\n|t:|1733878011\n|move|p1a: Lanturn|Thunder Wave|p2a: Abomasnow\n|-status|p2a: Abomasnow|par\n|move|p2a: Abomasnow|Earthquake|p1a: Lanturn\n|-supereffective|p1a: Lanturn\n|-damage|p1a: Lanturn|179/367\n|\n|-weather|Snow|[upkeep]\n|-heal|p1a: Lanturn|201/367|[from] item: Leftovers\n|upkeep\n|turn|20\n|\n|t:|1733878019\n|move|p1a: Lanturn|Volt Switch|p2a: Abomasnow\n|-resisted|p2a: Abomasnow\n|-damage|p2a: Abomasnow|259/291 par\n|\n|t:|1733878025\n|switch|p1a: Toucannon|Toucannon, L88, F|284/284|[from] Volt Switch\n|move|p2a: Abomasnow|Aurora Veil|p2a: Abomasnow\n|-sidestart|p2: chiefbeefoven|move: Aurora Veil\n|\n|-weather|Snow|[upkeep]\n|upkeep\n|turn|21\n|\n|t:|1733878032\n|-singleturn|p1a: Toucannon|move: Beak Blast\n|move|p2a: Abomasnow|Blizzard|p1a: Toucannon\n|-supereffective|p1a: Toucannon\n|-damage|p1a: Toucannon|32/284\n|move|p1a: Toucannon|Beak Blast|p2a: Abomasnow\n|-supereffective|p2a: Abomasnow\n|-damage|p2a: Abomasnow|160/291 par\n|\n|-weather|Snow|[upkeep]\n|upkeep\n|turn|22\n|\n|t:|1733878042\n|move|p1a: Toucannon|Roost|p1a: Toucannon\n|-heal|p1a: Toucannon|174/284\n|-singleturn|p1a: Toucannon|move: Roost\n|move|p2a: Abomasnow|Blizzard|p1a: Toucannon\n|-damage|p1a: Toucannon|47/284\n|\n|-weather|none\n|upkeep\n|turn|23\n|\n|t:|1733878047\n|move|p1a: Toucannon|Roost|p1a: Toucannon\n|-heal|p1a: Toucannon|189/284\n|-singleturn|p1a: Toucannon|move: Roost\n|move|p2a: Abomasnow|Wood Hammer|p1a: Toucannon\n|-damage|p1a: Toucannon|53/284\n|-damage|p2a: Abomasnow|115/291 par|[from] Recoil\n|\n|upkeep\n|turn|24\n|\n|t:|1733878063\n|switch|p2a: Glastrier|Glastrier, L86|312/312\n|move|p1a: Toucannon|Roost|p1a: Toucannon\n|-heal|p1a: Toucannon|195/284\n|-singleturn|p1a: Toucannon|move: Roost\n|\n|upkeep\n|turn|25\n|\n|t:|1733878071\n|move|p1a: Toucannon|U-turn|p2a: Glastrier\n|-damage|p2a: Glastrier|290/312\n|\n|t:|1733878082\n|switch|p1a: Vaporeon|Vaporeon, L86, F|364/364|[from] U-turn\n|move|p2a: Glastrier|Icicle Crash|p1a: Vaporeon\n|-resisted|p1a: Vaporeon\n|-damage|p1a: Vaporeon|276/364\n|\n|-heal|p1a: Vaporeon|298/364|[from] item: Leftovers\n|upkeep\n|turn|26\n|\n|t:|1733878087\n|switch|p2a: Abomasnow|Abomasnow, L85, M|115/291 par\n|-weather|Snow|[from] ability: Snow Warning|[of] p2a: Abomasnow\n|move|p1a: Vaporeon|Scald|p2a: Abomasnow\n|-resisted|p2a: Abomasnow\n|-damage|p2a: Abomasnow|89/291 par\n|\n|-weather|Snow|[upkeep]\n|-heal|p1a: Vaporeon|320/364|[from] item: Leftovers\n|upkeep\n|turn|27\n|\n|t:|1733878096\n|switch|p1a: Venomoth|Venomoth, L84, M|255/255\n|cant|p2a: Abomasnow|par\n|\n|-weather|Snow|[upkeep]\n|-sideend|p2: chiefbeefoven|move: Aurora Veil\n|upkeep\n|turn|28\n|\n|t:|1733878106\n|move|p1a: Venomoth|Quiver Dance|p1a: Venomoth\n|-boost|p1a: Venomoth|spa|1\n|-boost|p1a: Venomoth|spd|1\n|-boost|p1a: Venomoth|spe|1\n|move|p2a: Abomasnow|Aurora Veil|p2a: Abomasnow\n|-sidestart|p2: chiefbeefoven|move: Aurora Veil\n|\n|-weather|Snow|[upkeep]\n|upkeep\n|turn|29\n|\n|t:|1733878113\n|move|p1a: Venomoth|Sludge Wave|p2a: Abomasnow\n|-supereffective|p2a: Abomasnow\n|-damage|p2a: Abomasnow|0 fnt\n|faint|p2a: Abomasnow\n|\n|-weather|Snow|[upkeep]\n|upkeep\n|\n|t:|1733878114\n|switch|p2a: Chimecho|Chimecho, L93, M, tera:Steel|187/290 brn\n|turn|30\n|\n|t:|1733878119\n|move|p1a: Venomoth|Quiver Dance|p1a: Venomoth\n|-boost|p1a: Venomoth|spa|1\n|-boost|p1a: Venomoth|spd|1\n|-boost|p1a: Venomoth|spe|1\n|move|p2a: Chimecho|Psyshock|p1a: Venomoth\n|-supereffective|p1a: Venomoth\n|-damage|p1a: Venomoth|7/255\n|\n|-weather|none\n|-heal|p2a: Chimecho|205/290 brn|[from] item: Leftovers\n|-damage|p2a: Chimecho|187/290 brn|[from] brn\n|upkeep\n|turn|31\n|\n|t:|1733878128\n|move|p1a: Venomoth|Bug Buzz|p2a: Chimecho\n|-resisted|p2a: Chimecho\n|-damage|p2a: Chimecho|103/290 brn\n|move|p2a: Chimecho|Dazzling Gleam|p1a: Venomoth\n|-resisted|p1a: Venomoth\n|-damage|p1a: Venomoth|0 fnt\n|faint|p1a: Venomoth\n|\n|-heal|p2a: Chimecho|121/290 brn|[from] item: Leftovers\n|-damage|p2a: Chimecho|103/290 brn|[from] brn\n|upkeep\n|\n|t:|1733878137\n|switch|p1a: Vaporeon|Vaporeon, L86, F|320/364\n|turn|32\n|\n|t:|1733878140\n|move|p2a: Chimecho|Recover|p2a: Chimecho\n|-heal|p2a: Chimecho|248/290 brn\n|move|p1a: Vaporeon|Scald|p2a: Chimecho\n|-damage|p2a: Chimecho|207/290 brn\n|\n|-heal|p2a: Chimecho|225/290 brn|[from] item: Leftovers\n|-heal|p1a: Vaporeon|342/364|[from] item: Leftovers\n|-damage|p2a: Chimecho|207/290 brn|[from] brn\n|upkeep\n|turn|33\n|\n|t:|1733878149\n|switch|p2a: Manaphy|Manaphy, L78|284/284\n|move|p1a: Vaporeon|Wish|p1a: Vaporeon\n|\n|-heal|p1a: Vaporeon|364/364|[from] item: Leftovers\n|upkeep\n|turn|34\n|\n|t:|1733878155\n|switch|p1a: Lanturn|Lanturn, L89, M|201/367\n|move|p2a: Manaphy|Tail Glow|p2a: Manaphy\n|-boost|p2a: Manaphy|spa|3\n|\n|-heal|p1a: Lanturn|367/367|[from] move: Wish|[wisher] Vaporeon\n|upkeep\n|turn|35\n|\n|t:|1733878164\n|move|p2a: Manaphy|Energy Ball|p1a: Lanturn\n|-supereffective|p1a: Lanturn\n|-damage|p1a: Lanturn|67/367\n|-unboost|p1a: Lanturn|spd|1\n|move|p1a: Lanturn|Thunderbolt|p2a: Manaphy\n|-supereffective|p2a: Manaphy\n|-damage|p2a: Manaphy|193/284\n|\n|-heal|p2a: Manaphy|210/284|[from] item: Leftovers\n|-heal|p1a: Lanturn|89/367|[from] item: Leftovers\n|-sideend|p2: chiefbeefoven|move: Aurora Veil\n|upkeep\n|turn|36\n|\n|t:|1733878172\n|move|p2a: Manaphy|Energy Ball|p1a: Lanturn\n|-supereffective|p1a: Lanturn\n|-damage|p1a: Lanturn|0 fnt\n|faint|p1a: Lanturn\n|\n|-heal|p2a: Manaphy|227/284|[from] item: Leftovers\n|upkeep\n|\n|t:|1733878175\n|switch|p1a: Toucannon|Toucannon, L88, F|195/284\n|turn|37\n|\n|t:|1733878179\n|move|p2a: Manaphy|Ice Beam|p1a: Toucannon\n|-supereffective|p1a: Toucannon\n|-damage|p1a: Toucannon|0 fnt\n|faint|p1a: Toucannon\n|\n|-heal|p2a: Manaphy|244/284|[from] item: Leftovers\n|upkeep\n|\n|t:|1733878182\n|switch|p1a: Vaporeon|Vaporeon, L86, F|364/364\n|turn|38\n|\n|t:|1733878185\n|move|p2a: Manaphy|Energy Ball|p1a: Vaporeon\n|-supereffective|p1a: Vaporeon\n|-damage|p1a: Vaporeon|126/364\n|move|p1a: Vaporeon|Scald|p2a: Manaphy\n|-resisted|p2a: Manaphy\n|-damage|p2a: Manaphy|196/284\n|\n|-heal|p2a: Manaphy|213/284|[from] item: Leftovers\n|-heal|p1a: Vaporeon|148/364|[from] item: Leftovers\n|upkeep\n|turn|39\n|\n|t:|1733878188\n|move|p2a: Manaphy|Tail Glow|p2a: Manaphy\n|-boost|p2a: Manaphy|spa|3\n|move|p1a: Vaporeon|Scald|p2a: Manaphy\n|-resisted|p2a: Manaphy\n|-damage|p2a: Manaphy|162/284\n|\n|-heal|p2a: Manaphy|179/284|[from] item: Leftovers\n|-heal|p1a: Vaporeon|170/364|[from] item: Leftovers\n|upkeep\n|turn|40\n|-message|101101010010100ay forfeited.\n|\n|win|chiefbeefoven\n|raw|101101010010100ay's rating: 1414 &rarr; <strong>1395</strong><br />(-19 for losing)\n|raw|chiefbeefoven's rating: 1438 &rarr; <strong>1457</strong><br />(+19 for winning)\n|l|\u2606101101010010100ay\n|player|p1|\n|l|\u2606chiefbeefoven\n|player|p2|\n|j|\u2606chiefbeefoven\n|player|p2|chiefbeefoven|blackbelt-gen4|\n", "inputlog": ">version bfd83cad13791eb5a5a409923076391caf6fb4d4\n>start {\"formatid\":\"gen9randombattle\",\"seed\":[33828,40530,16177,4972],\"rated\":\"Rated battle\"}\n>player p1 {\"name\":\"101101010010100ay\",\"avatar\":\"170\",\"rating\":1414,\"seed\":[3890,63725,44289,42890]}\n>player p2 {\"name\":\"chiefbeefoven\",\"avatar\":\"blackbelt-gen4\",\"rating\":1438,\"seed\":[39496,5655,58554,40168]}\n>p1 switch 6\n>p2 move bravebird\n>p1 move irondefense\n>p2 move knockoff\n>p1 move bodypress\n>p2 switch 5\n>p1 move flashcannon\n>p2 move willowisp\n>p1 move flashcannon\n>p2 move poltergeist\n>p2 switch 3\n>p1 move bodypress\n>p2 switch 5\n>p1 move flashcannon\n>p2 move bravebird\n>p1 move flashcannon\n>p2 move roost\n>p1 move flashcannon\n>p2 move roost\n>p1 move dracometeor\n>p2 move knockoff\n>p1 switch 3\n>p1 move swordsdance terastallize\n>p2 move knockoff\n>p1 move mightycleave\n>p2 move bravebird\n>p2 switch 6\n>p1 move mightycleave\n>p2 move psyshock terastallize\n>p1 switch 4\n>p1 move scald\n>p2 move calmmind\n>p1 move scald\n>p2 move recover\n>p1 move scald\n>p2 move calmmind\n>p1 move haze\n>p2 move calmmind\n>p1 switch 5\n>p2 switch 4\n>p1 move thunderwave\n>p2 move earthquake\n>p1 move voltswitch\n>p2 move auroraveil\n>p1 switch 2\n>p1 move beakblast\n>p2 move blizzard\n>p1 move roost\n>p2 move blizzard\n>p1 move roost\n>p2 move woodhammer\n>p1 move roost\n>p2 switch 2\n>p1 move uturn\n>p2 move iciclecrash\n>p1 switch 5\n>p1 move scald\n>p2 switch 2\n>p1 switch 6\n>p2 move blizzard\n>p1 move quiverdance\n>p2 move auroraveil\n>p1 move sludgewave\n>p2 move earthquake\n>p2 switch 4\n>p1 move quiverdance\n>p2 move psyshock\n>p1 move bugbuzz\n>p2 move dazzlinggleam\n>p1 switch 6\n>p1 move scald\n>p2 move recover\n>p1 move wish\n>p2 switch 5\n>p1 switch 2\n>p2 move tailglow\n>p1 move thunderbolt\n>p2 move energyball\n>p1 move thunderwave\n>p2 move energyball\n>p1 switch 5\n>p1 move boomburst\n>p2 move icebeam\n>p1 switch 2\n>p1 move scald\n>p2 move energyball\n>p1 move scald\n>p2 move tailglow\n>forcelose p1", "uploadtime": 1733878193, "views": 2, "formatid": "gen9randombattle", "rating": 1395, "private": 0, "password": null}