{"id": "gen9randombattle-2260882297", "format": "[Gen 9] Random Battle", "players": ["nys1606", "Tecrabosse"], "log": "|j|\u2606nys1606\n|j|\u2606Tecrabosse\n|t:|1733910171\n|gametype|singles\n|player|p1|nys1606|flannery|\n|player|p2|Tecrabosse|unknown|\n|teamsize|p1|6\n|teamsize|p2|6\n|gen|9\n|tier|[Gen 9] Random Battle\n|rule|Species Clause: Limit one of each Pok\u00e9mon\n|rule|HP Percentage Mod: HP is shown in percentages\n|rule|Sleep Clause Mod: Limit one foe put to sleep\n|rule|Illusion Level Mod: Illusion disguises the Pok\u00e9mon's true level\n|\n|t:|1733910171\n|start\n|switch|p1a: Jolteon|Jolteon, L84, F|246/246\n|switch|p2a: Pincurchin|Pincurchin, M|258/258\n|-fieldstart|move: Electric Terrain|[from] ability: Electric Surge|[of] p2a: Pincurchin\n|turn|1\n|\n|t:|1733910189\n|move|p1a: Jolteon|Thunderbolt|p2a: Pincurchin\n|-resisted|p2a: Pincurchin\n|-damage|p2a: Pincurchin|173/258\n|move|p2a: Pincurchin|Spikes|p1a: Jolteon\n|-sidestart|p1: nys1606|Spikes\n|\n|-heal|p2a: Pincurchin|189/258|[from] item: Leftovers\n|upkeep\n|turn|2\n|\n|t:|1733910206\n|move|p1a: Jolteon|Thunderbolt|p2a: Pincurchin\n|-resisted|p2a: Pincurchin\n|-damage|p2a: Pincurchin|103/258\n|move|p2a: Pincurchin|Thunderbolt|p1a: Jolteon\n|-immune|p1a: Jolteon|[from] ability: Volt Absorb\n|\n|-heal|p2a: Pincurchin|119/258|[from] item: Leftovers\n|upkeep\n|turn|3\n|\n|t:|1733910216\n|move|p1a: Jolteon|Thunderbolt|p2a: Pincurchin\n|-resisted|p2a: Pincurchin\n|-damage|p2a: Pincurchin|29/258\n|move|p2a: Pincurchin|Recover|p2a: Pincurchin\n|-heal|p2a: Pincurchin|158/258\n|\n|-heal|p2a: Pincurchin|174/258|[from] item: Leftovers\n|upkeep\n|turn|4\n|\n|t:|1733910227\n|move|p1a: Jolteon|Thunderbolt|p2a: Pincurchin\n|-resisted|p2a: Pincurchin\n|-damage|p2a: Pincurchin|91/258\n|move|p2a: Pincurchin|Recover|p2a: Pincurchin\n|-heal|p2a: Pincurchin|220/258\n|\n|-heal|p2a: Pincurchin|236/258|[from] item: Leftovers\n|upkeep\n|turn|5\n|\n|t:|1733910242\n|switch|p2a: Klefki|Klefki, L84, F|233/233\n|move|p1a: Jolteon|Thunderbolt|p2a: Klefki\n|-damage|p2a: Klefki|26/233\n|\n|-heal|p2a: Klefki|40/233|[from] item: Leftovers\n|-fieldend|move: Electric Terrain\n|upkeep\n|turn|6\n|\n|t:|1733910253\n|move|p1a: Jolteon|Thunderbolt|p2a: Klefki\n|-damage|p2a: Klefki|0 fnt\n|faint|p2a: Klefki\n|\n|upkeep\n|\n|t:|1733910256\n|switch|p2a: Iron Thorns|Iron Thorns, L83|302/302\n|-enditem|p2a: Iron Thorns|Booster Energy\n|-activate|p2a: Iron Thorns|ability: Quark Drive|[fromitem]\n|-start|p2a: Iron Thorns|quarkdriveatk\n|turn|7\n|\n|t:|1733910267\n|switch|p1a: Primarina|Primarina, L83, M|268/268\n|-damage|p1a: Primarina|235/268|[from] Spikes\n|move|p2a: Iron Thorns|Stone Edge|p1a: Primarina\n|-damage|p1a: Primarina|25/268\n|\n|-heal|p1a: Primarina|41/268|[from] item: Leftovers\n|upkeep\n|turn|8\n|\n|t:|1733910284\n|move|p2a: Iron Thorns|Stone Edge|p1a: Primarina|[miss]\n|-miss|p2a: Iron Thorns|p1a: Primarina\n|move|p1a: Primarina|Psychic Noise|p2a: Iron Thorns\n|-supereffective|p2a: Iron Thorns\n|-damage|p2a: Iron Thorns|102/302\n|-start|p2a: Iron Thorns|move: Heal Block\n|\n|-heal|p1a: Primarina|57/268|[from] item: Leftovers\n|upkeep\n|turn|9\n|\n|t:|1733910300\n|move|p2a: Iron Thorns|Stone Edge|p1a: Primarina\n|-damage|p1a: Primarina|0 fnt\n|faint|p1a: Primarina\n|\n|-end|p2a: Iron Thorns|move: Heal Block\n|upkeep\n|\n|t:|1733910310\n|switch|p1a: Regigigas|Regigigas, L84|322/322\n|-damage|p1a: Regigigas|282/322|[from] Spikes\n|-start|p1a: Regigigas|ability: Slow Start\n|turn|10\n|\n|t:|1733910326\n|move|p2a: Iron Thorns|Stone Edge|p1a: Regigigas\n|-crit|p1a: Regigigas\n|-damage|p1a: Regigigas|78/322\n|move|p1a: Regigigas|Knock Off|p2a: Iron Thorns\n|-damage|p2a: Iron Thorns|69/302\n|\n|-heal|p1a: Regigigas|98/322|[from] item: Leftovers\n|upkeep\n|turn|11\n|\n|t:|1733910339\n|-end|p1a: Regigigas|Slow Start|[silent]\n|switch|p1a: Tinkaton|Tinkaton, L82, F|274/274\n|-damage|p1a: Tinkaton|240/274|[from] Spikes\n|-ability|p1a: Tinkaton|Mold Breaker\n|move|p2a: Iron Thorns|Stone Edge|p1a: Tinkaton\n|-resisted|p1a: Tinkaton\n|-damage|p1a: Tinkaton|134/274\n|\n|upkeep\n|turn|12\n|\n|t:|1733910351\n|move|p1a: Tinkaton|Gigaton Hammer|p2a: Iron Thorns\n|-damage|p2a: Iron Thorns|0 fnt\n|faint|p2a: Iron Thorns\n|-end|p2a: Iron Thorns|Quark Drive|[silent]\n|-damage|p1a: Tinkaton|107/274|[from] item: Life Orb\n|\n|upkeep\n|\n|t:|1733910368\n|switch|p2a: Pincurchin|Pincurchin, M|236/258\n|-fieldstart|move: Electric Terrain|[from] ability: Electric Surge|[of] p2a: Pincurchin\n|turn|13\n|\n|t:|1733910379\n|switch|p1a: Krookodile|Krookodile, L80, F|283/283\n|-damage|p1a: Krookodile|248/283|[from] Spikes\n|-ability|p1a: Krookodile|Intimidate|boost\n|-unboost|p2a: Pincurchin|atk|1\n|move|p2a: Pincurchin|Thunderbolt|p1a: Krookodile\n|-immune|p1a: Krookodile\n|\n|-heal|p2a: Pincurchin|252/258|[from] item: Leftovers\n|upkeep\n|turn|14\n|\n|t:|1733910404\n|move|p1a: Krookodile|Earthquake|p2a: Pincurchin\n|-supereffective|p2a: Pincurchin\n|-damage|p2a: Pincurchin|23/258\n|-damage|p1a: Krookodile|220/283|[from] item: Life Orb\n|move|p2a: Pincurchin|Scald|p1a: Krookodile\n|-supereffective|p1a: Krookodile\n|-damage|p1a: Krookodile|14/283\n|-status|p1a: Krookodile|brn\n|\n|-heal|p2a: Pincurchin|39/258|[from] item: Leftovers\n|-damage|p1a: Krookodile|0 fnt|[from] brn\n|faint|p1a: Krookodile\n|upkeep\n|l|\u2606nys1606\n|player|p1|\n|j|\u2606nys1606\n|player|p1|nys1606|flannery|\n|\n|t:|1733910439\n|switch|p1a: Conkeldurr|Conkeldurr, L80, M|299/299\n|-damage|p1a: Conkeldurr|262/299|[from] Spikes\n|turn|15\n|\n|t:|1733910451\n|move|p1a: Conkeldurr|Knock Off|p2a: Pincurchin\n|-damage|p2a: Pincurchin|0 fnt\n|-enditem|p2a: Pincurchin|Leftovers|[from] move: Knock Off|[of] p1a: Conkeldurr\n|faint|p2a: Pincurchin\n|\n|-status|p1a: Conkeldurr|brn|[from] item: Flame Orb\n|upkeep\n|\n|t:|1733910459\n|switch|p2a: Noctowl|Noctowl, L95, M|344/344\n|turn|16\n|\n|t:|1733910473\n|switch|p1a: Jolteon|Jolteon, L84, F|246/246\n|-damage|p1a: Jolteon|216/246|[from] Spikes\n|move|p2a: Noctowl|Calm Mind|p2a: Noctowl\n|-boost|p2a: Noctowl|spa|1\n|-boost|p2a: Noctowl|spd|1\n|\n|upkeep\n|turn|17\n|\n|t:|1733910484\n|-terastallize|p2a: Noctowl|Ground\n|move|p1a: Jolteon|Thunderbolt|p2a: Noctowl\n|-immune|p2a: Noctowl\n|move|p2a: Noctowl|Hyper Voice|p1a: Jolteon\n|-damage|p1a: Jolteon|48/246\n|\n|-fieldend|move: Electric Terrain\n|upkeep\n|turn|18\n|\n|t:|1733910509\n|switch|p1a: Conkeldurr|Conkeldurr, L80, M|262/299 brn\n|-damage|p1a: Conkeldurr|225/299 brn|[from] Spikes\n|move|p2a: Noctowl|Calm Mind|p2a: Noctowl\n|-boost|p2a: Noctowl|spa|1\n|-boost|p2a: Noctowl|spd|1\n|\n|-damage|p1a: Conkeldurr|207/299 brn|[from] brn\n|upkeep\n|turn|19\n|\n|t:|1733910524\n|move|p2a: Noctowl|Hyper Voice|p1a: Conkeldurr\n|-crit|p1a: Conkeldurr\n|-damage|p1a: Conkeldurr|0 fnt\n|faint|p1a: Conkeldurr\n|\n|upkeep\n|\n|t:|1733910530\n|switch|p1a: Regigigas|Regigigas, L84|98/322\n|-damage|p1a: Regigigas|58/322|[from] Spikes\n|-start|p1a: Regigigas|ability: Slow Start\n|turn|20\n|\n|t:|1733910547\n|-terastallize|p1a: Regigigas|Ghost\n|move|p2a: Noctowl|Calm Mind|p2a: Noctowl\n|-boost|p2a: Noctowl|spa|1\n|-boost|p2a: Noctowl|spd|1\n|move|p1a: Regigigas|Body Slam|p2a: Noctowl\n|-damage|p2a: Noctowl|260/344\n|\n|-heal|p1a: Regigigas|78/322|[from] item: Leftovers\n|upkeep\n|turn|21\n|\n|t:|1733910560\n|move|p2a: Noctowl|Roost|p2a: Noctowl\n|-heal|p2a: Noctowl|344/344\n|move|p1a: Regigigas|Knock Off|p2a: Noctowl\n|-damage|p2a: Noctowl|271/344\n|-enditem|p2a: Noctowl|Heavy-Duty Boots|[from] move: Knock Off|[of] p1a: Regigigas\n|\n|-heal|p1a: Regigigas|98/322|[from] item: Leftovers\n|upkeep\n|turn|22\n|\n|t:|1733910571\n|move|p2a: Noctowl|Hyper Voice|p1a: Regigigas\n|-immune|p1a: Regigigas\n|move|p1a: Regigigas|Body Slam|p2a: Noctowl\n|-damage|p2a: Noctowl|174/344\n|\n|-heal|p1a: Regigigas|118/322|[from] item: Leftovers\n|upkeep\n|turn|23\n|\n|t:|1733910581\n|move|p2a: Noctowl|Roost|p2a: Noctowl\n|-heal|p2a: Noctowl|344/344\n|move|p1a: Regigigas|Body Slam|p2a: Noctowl\n|-damage|p2a: Noctowl|247/344\n|-status|p2a: Noctowl|par\n|\n|-heal|p1a: Regigigas|138/322|[from] item: Leftovers\n|upkeep\n|turn|24\n|\n|t:|1733910591\n|move|p1a: Regigigas|Body Slam|p2a: Noctowl\n|-damage|p2a: Noctowl|154/344 par\n|move|p2a: Noctowl|Hurricane|p1a: Regigigas\n|-damage|p1a: Regigigas|0 fnt\n|faint|p1a: Regigigas\n|-end|p1a: Regigigas|Slow Start|[silent]\n|\n|upkeep\n|\n|t:|1733910599\n|switch|p1a: Tinkaton|Tinkaton, L82, F|107/274\n|-damage|p1a: Tinkaton|73/274|[from] Spikes\n|-ability|p1a: Tinkaton|Mold Breaker\n|turn|25\n|\n|t:|1733910607\n|move|p1a: Tinkaton|Gigaton Hammer|p2a: Noctowl\n|-damage|p2a: Noctowl|0 fnt\n|faint|p2a: Noctowl\n|-damage|p1a: Tinkaton|46/274|[from] item: Life Orb\n|\n|upkeep\n|\n|t:|1733910612\n|switch|p2a: Yanmega|Yanmega, L82, M|275/275\n|turn|26\n|\n|t:|1733910633\n|move|p2a: Yanmega|Air Slash|p1a: Tinkaton\n|-resisted|p1a: Tinkaton\n|-damage|p1a: Tinkaton|0 fnt\n|faint|p1a: Tinkaton\n|\n|upkeep\n|\n|t:|1733910639\n|switch|p1a: Jolteon|Jolteon, L84, F|48/246\n|-damage|p1a: Jolteon|18/246|[from] Spikes\n|turn|27\n|\n|t:|1733910646\n|move|p1a: Jolteon|Thunderbolt|p2a: Yanmega\n|-supereffective|p2a: Yanmega\n|-damage|p2a: Yanmega|0 fnt\n|faint|p2a: Yanmega\n|\n|upkeep\n|\n|t:|1733910649\n|switch|p2a: Arceus|Arceus-Psychic, L69|280/280\n|turn|28\n|l|\u2606nys1606\n|player|p1|\n|c|\u2606Tecrabosse|T'a give up ?\n|inactive|Battle timer is ON: inactive players will automatically lose when time's up. (requested by Tecrabosse)\n|inactive|nys1606 has 270 seconds to reconnect!\n|inactive|nys1606 has 240 seconds to reconnect!\n|inactive|nys1606 has 210 seconds to reconnect!\n|inactive|nys1606 has 180 seconds to reconnect!\n|inactive|nys1606 has 150 seconds to reconnect!\n|inactive|nys1606 has 120 seconds to reconnect!\n|inactive|nys1606 has 90 seconds to reconnect!\n|inactive|nys1606 has 60 seconds to reconnect!\n|inactive|nys1606 has 30 seconds to reconnect!\n|inactive|nys1606 has 20 seconds to reconnect!\n|inactive|nys1606 has 15 seconds to reconnect!\n|inactive|nys1606 has 10 seconds to reconnect!\n|inactive|nys1606 has 5 seconds to reconnect!\n|-message|nys1606 lost due to inactivity.\n|\n|win|Tecrabosse\n", "inputlog": ">version bfd83cad13791eb5a5a409923076391caf6fb4d4\n>start {\"formatid\":\"gen9randombattle\",\"seed\":[6211,24826,10394,38683]}\n>player p1 {\"name\":\"nys1606\",\"avatar\":\"flannery\",\"rating\":0,\"seed\":[40937,2090,61713,23016]}\n>player p2 {\"name\":\"Tecrabosse\",\"avatar\":\"unknown\",\"rating\":0,\"seed\":[40748,7028,43573,52078]}\n>p1 move thunderbolt\n>p2 move spikes\n>p1 move thunderbolt\n>p2 move thunderbolt\n>p1 move thunderbolt\n>p2 move recover\n>p1 move thunderbolt\n>p2 move recover\n>p1 move thunderbolt\n>p2 switch 4\n>p1 move thunderbolt\n>p2 move foulplay\n>p2 switch 6\n>p1 switch 2\n>p2 move stoneedge\n>p1 move psychicnoise\n>p2 move stoneedge\n>p1 move psychicnoise\n>p2 move stoneedge\n>p1 switch 5\n>p1 move knockoff\n>p2 move stoneedge\n>p1 switch 3\n>p2 move stoneedge\n>p1 move gigatonhammer\n>p2 move wildcharge\n>p2 switch 4\n>p1 switch 6\n>p2 move thunderbolt\n>p1 move earthquake\n>p2 move scald\n>p1 switch 4\n>p1 move knockoff\n>p2 move recover\n>p2 switch 2\n>p1 switch 2\n>p2 move calmmind\n>p1 move thunderbolt\n>p2 move hypervoice terastallize\n>p1 switch 2\n>p2 move calmmind\n>p1 move closecombat\n>p2 move hypervoice\n>p1 switch 3\n>p1 move bodyslam terastallize\n>p2 move calmmind\n>p1 move knockoff\n>p2 move roost\n>p1 move bodyslam\n>p2 move hypervoice\n>p1 move bodyslam\n>p2 move roost\n>p1 move bodyslam\n>p2 move hurricane\n>p1 switch 6\n>p1 move gigatonhammer\n>p2 move hypervoice\n>p2 switch 3\n>p1 move playrough\n>p2 move airslash\n>p1 switch 2\n>p1 move thunderbolt\n>p2 move airslash\n>p2 switch 5\n>chat \u2606Tecrabosse|T'a give up ?\n>forcelose p1", "uploadtime": 1733911218, "views": 1, "formatid": "gen9randombattle", "rating": null, "private": 0, "password": null}