{"id": "gen9randombattle-2139434112", "format": "[Gen 9] Random Battle", "players": ["Impeetee", "pokeblade\u2606101"], "log": "|badge|p2|silver|gen9randombattle|30-1\n|uhtml|medal-msg|<div class=\"broadcast-blue\">Curious what those medals under the avatar are? PS now has Ladder Seasons! For more information, check out the <a href=\"https://www.smogon.com/forums/threads/3740067/\">thread on Smogon.</a></div>\n|j|\u2606Impeetee\n|j|\u2606pokeblade\u2606101\n|t:|1717864788\n|gametype|singles\n|player|p1|Impeetee|265|2197\n|player|p2|pokeblade\u2606101|#rbtt7teamchiyu|2470\n|teamsize|p1|6\n|teamsize|p2|6\n|gen|9\n|tier|[Gen 9] Random Battle\n|rated|\n|rule|Species Clause: Limit one of each Pok\u00e9mon\n|rule|HP Percentage Mod: HP is shown in percentages\n|rule|Sleep Clause Mod: Limit one foe put to sleep\n|rule|Illusion Level Mod: Illusion disguises the Pok\u00e9mon's true level\n|\n|t:|1717864788\n|start\n|switch|p1a: Vigoroth|Vigoroth, L85, F|275/275\n|switch|p2a: Tentacruel|Tentacruel, L84, F|272/272\n|turn|1\n|inactive|Battle timer is ON: inactive players will automatically lose when time's up. (requested by Impeetee)\n|j| Pokeplayer29\n|inactive|pokeblade\u2606101 has 120 seconds left.\n|\n|t:|1717864851\n|move|p2a: Tentacruel|Sludge Bomb|p1a: Vigoroth\n|-damage|p1a: Vigoroth|205/275\n|-status|p1a: Vigoroth|psn\n|move|p1a: Vigoroth|Body Slam|p2a: Tentacruel\n|-damage|p2a: Tentacruel|161/272\n|\n|-heal|p2a: Tentacruel|178/272|[from] item: Leftovers\n|-damage|p1a: Vigoroth|171/275 psn|[from] psn\n|upkeep\n|turn|2\n|\n|t:|1717864863\n|switch|p2a: Raging Bolt|Raging Bolt, L78|323/323\n|move|p1a: Vigoroth|Body Slam|p2a: Raging Bolt\n|-damage|p2a: Raging Bolt|236/323\n|\n|-heal|p2a: Raging Bolt|256/323|[from] item: Leftovers\n|-damage|p1a: Vigoroth|137/275 psn|[from] psn\n|upkeep\n|turn|3\n|j| CutePokesOnly\n|\n|t:|1717864878\n|switch|p1a: Sandaconda|Sandaconda, L84, F|258/258\n|-end|p2a: Raging Bolt|Protosynthesis|[silent]\n|switch|p2a: Jumpluff|Jumpluff, L87, F|271/271\n|\n|upkeep\n|turn|4\n|\n|t:|1717864891\n|switch|p1a: Wigglytuff|Wigglytuff, L96, F|424/424\n|move|p2a: Jumpluff|Substitute|p2a: Jumpluff\n|-start|p2a: Jumpluff|Substitute\n|-damage|p2a: Jumpluff|204/271\n|\n|upkeep\n|turn|5\n|\n|t:|1717864897\n|move|p2a: Jumpluff|Leech Seed|p1a: Wigglytuff\n|-start|p1a: Wigglytuff|move: Leech Seed\n|move|p1a: Wigglytuff|Alluring Voice|p2a: Jumpluff\n|-damage|p2a: Jumpluff|119/271\n|\n|-damage|p1a: Wigglytuff|371/424|[from] Leech Seed|[of] p2a: Jumpluff\n|-heal|p2a: Jumpluff|172/271|[silent]\n|upkeep\n|turn|6\n|\n|t:|1717864905\n|switch|p2a: Tentacruel|Tentacruel, L84, F|178/272\n|move|p1a: Wigglytuff|Wish|p1a: Wigglytuff\n|\n|-heal|p2a: Tentacruel|195/272|[from] item: Leftovers\n|-heal|p1a: Wigglytuff|397/424|[from] item: Leftovers\n|-damage|p1a: Wigglytuff|344/424|[from] Leech Seed|[of] p2a: Tentacruel\n|-heal|p2a: Tentacruel|248/272|[silent]\n|upkeep\n|turn|7\n|\n|t:|1717864911\n|switch|p2a: Jumpluff|Jumpluff, L87, F|172/271\n|switch|p1a: Vigoroth|Vigoroth, L85, F|137/275 psn\n|\n|-heal|p1a: Vigoroth|275/275 psn|[from] move: Wish|[wisher] Wigglytuff\n|-damage|p1a: Vigoroth|241/275 psn|[from] psn\n|upkeep\n|turn|8\n|\n|t:|1717864921\n|move|p2a: Jumpluff|Substitute|p2a: Jumpluff\n|-start|p2a: Jumpluff|Substitute\n|-damage|p2a: Jumpluff|105/271\n|move|p1a: Vigoroth|Body Slam|p2a: Jumpluff\n|-end|p2a: Jumpluff|Substitute\n|\n|-damage|p1a: Vigoroth|207/275 psn|[from] psn\n|upkeep\n|turn|9\n|\n|t:|1717864924\n|move|p2a: Jumpluff|Strength Sap|p1a: Vigoroth\n|-unboost|p1a: Vigoroth|atk|1\n|-heal|p2a: Jumpluff|271/271\n|move|p1a: Vigoroth|Body Slam|p2a: Jumpluff\n|-damage|p2a: Jumpluff|208/271\n|-status|p2a: Jumpluff|par\n|\n|-damage|p1a: Vigoroth|173/275 psn|[from] psn\n|upkeep\n|turn|10\n|\n|t:|1717864933\n|switch|p1a: Wigglytuff|Wigglytuff, L96, F|344/424\n|move|p2a: Jumpluff|Leech Seed|p1a: Wigglytuff\n|-start|p1a: Wigglytuff|move: Leech Seed\n|\n|-heal|p1a: Wigglytuff|370/424|[from] item: Leftovers\n|-damage|p1a: Wigglytuff|317/424|[from] Leech Seed|[of] p2a: Jumpluff\n|-heal|p2a: Jumpluff|261/271 par|[silent]\n|upkeep\n|turn|11\n|\n|t:|1717864938\n|move|p1a: Wigglytuff|Wish|p1a: Wigglytuff\n|move|p2a: Jumpluff|Acrobatics|p1a: Wigglytuff\n|-damage|p1a: Wigglytuff|212/424\n|\n|-heal|p1a: Wigglytuff|238/424|[from] item: Leftovers\n|-damage|p1a: Wigglytuff|185/424|[from] Leech Seed|[of] p2a: Jumpluff\n|-heal|p2a: Jumpluff|271/271 par|[silent]\n|upkeep\n|turn|12\n|\n|t:|1717864942\n|switch|p2a: Tentacruel|Tentacruel, L84, F|248/272\n|move|p1a: Wigglytuff|Alluring Voice|p2a: Tentacruel\n|-resisted|p2a: Tentacruel\n|-damage|p2a: Tentacruel|206/272\n|\n|-heal|p1a: Wigglytuff|397/424|[from] move: Wish|[wisher] Wigglytuff\n|-heal|p2a: Tentacruel|223/272|[from] item: Leftovers\n|-heal|p1a: Wigglytuff|423/424|[from] item: Leftovers\n|-damage|p1a: Wigglytuff|370/424|[from] Leech Seed|[of] p2a: Tentacruel\n|-heal|p2a: Tentacruel|272/272|[silent]\n|upkeep\n|turn|13\n|\n|t:|1717864952\n|switch|p1a: Sandaconda|Sandaconda, L84, F|258/258\n|move|p2a: Tentacruel|Sludge Bomb|p1a: Sandaconda\n|-resisted|p1a: Sandaconda\n|-damage|p1a: Sandaconda|211/258\n|-status|p1a: Sandaconda|psn\n|\n|-activate|p1a: Sandaconda|ability: Shed Skin\n|-curestatus|p1a: Sandaconda|psn|[msg]\n|upkeep\n|turn|14\n|l| Pokeplayer29\n|inactive|pokeblade\u2606101 has 120 seconds left.\n|\n|t:|1717864992\n|switch|p1a: Latias|Latias, L79, F|256/256\n|move|p2a: Tentacruel|Surf|p1a: Latias\n|-resisted|p1a: Latias\n|-damage|p1a: Latias|226/256\n|\n|upkeep\n|turn|15\n|inactive|pokeblade\u2606101 has 120 seconds left.\n|\n|t:|1717865001\n|switch|p2a: Mewtwo|Mewtwo, L72|272/272\n|-ability|p2a: Mewtwo|Unnerve\n|move|p1a: Latias|Calm Mind|p1a: Latias\n|-boost|p1a: Latias|spa|1\n|-boost|p1a: Latias|spd|1\n|\n|upkeep\n|turn|16\n|\n|t:|1717865006\n|move|p2a: Mewtwo|Dark Pulse|p1a: Latias\n|-supereffective|p1a: Latias\n|-damage|p1a: Latias|134/256\n|move|p1a: Latias|Draco Meteor|p2a: Mewtwo\n|-damage|p2a: Mewtwo|0 fnt\n|-unboost|p1a: Latias|spa|2\n|faint|p2a: Mewtwo\n|\n|upkeep\n|\n|t:|1717865019\n|switch|p2a: Heracross|Heracross, L80, M|259/259\n|turn|17\n|\n|t:|1717865033\n|switch|p1a: Vigoroth|Vigoroth, L85, F|173/275 psn\n|move|p2a: Heracross|Megahorn|p1a: Vigoroth\n|-damage|p1a: Vigoroth|71/275 psn\n|\n|-damage|p1a: Vigoroth|37/275 psn|[from] psn\n|upkeep\n|turn|18\n|\n|t:|1717865043\n|switch|p1a: Sandaconda|Sandaconda, L84, F|211/258\n|move|p2a: Heracross|Megahorn|p1a: Sandaconda\n|-damage|p1a: Sandaconda|99/258\n|\n|upkeep\n|turn|19\n|\n|t:|1717865049\n|switch|p1a: Wigglytuff|Wigglytuff, L96, F|370/424\n|move|p2a: Heracross|Megahorn|p1a: Wigglytuff\n|-resisted|p1a: Wigglytuff\n|-damage|p1a: Wigglytuff|278/424\n|\n|-heal|p1a: Wigglytuff|304/424|[from] item: Leftovers\n|upkeep\n|turn|20\n|\n|t:|1717865056\n|switch|p2a: Tentacruel|Tentacruel, L84, F|272/272\n|move|p1a: Wigglytuff|Wish|p1a: Wigglytuff\n|\n|-heal|p1a: Wigglytuff|330/424|[from] item: Leftovers\n|upkeep\n|turn|21\n|\n|t:|1717865063\n|switch|p1a: Latias|Latias, L79, F|134/256\n|move|p2a: Tentacruel|Sludge Bomb|p1a: Latias\n|-damage|p1a: Latias|67/256\n|\n|-heal|p1a: Latias|256/256|[from] move: Wish|[wisher] Wigglytuff\n|upkeep\n|turn|22\n|\n|t:|1717865072\n|switch|p2a: Jumpluff|Jumpluff, L87, F|271/271 par\n|move|p1a: Latias|Psyshock|p2a: Jumpluff\n|-crit|p2a: Jumpluff\n|-damage|p2a: Jumpluff|108/271 par\n|\n|upkeep\n|turn|23\n|\n|t:|1717865079\n|-terastallize|p2a: Jumpluff|Steel\n|move|p1a: Latias|Calm Mind|p1a: Latias\n|-boost|p1a: Latias|spa|1\n|-boost|p1a: Latias|spd|1\n|move|p2a: Jumpluff|Strength Sap|p1a: Latias\n|-unboost|p1a: Latias|atk|1\n|-heal|p2a: Jumpluff|239/271 par\n|\n|upkeep\n|turn|24\n|\n|t:|1717865095\n|move|p1a: Latias|Psyshock|p2a: Jumpluff\n|-resisted|p2a: Jumpluff\n|-damage|p2a: Jumpluff|151/271 par\n|cant|p2a: Jumpluff|par\n|\n|upkeep\n|turn|25\n|\n|t:|1717865100\n|move|p1a: Latias|Psyshock|p2a: Jumpluff\n|-resisted|p2a: Jumpluff\n|-damage|p2a: Jumpluff|67/271 par\n|cant|p2a: Jumpluff|par\n|\n|upkeep\n|turn|26\n|\n|t:|1717865108\n|switch|p2a: Raging Bolt|Raging Bolt, L78|256/323\n|move|p1a: Latias|Psyshock|p2a: Raging Bolt\n|-damage|p2a: Raging Bolt|102/323\n|\n|-heal|p2a: Raging Bolt|122/323|[from] item: Leftovers\n|upkeep\n|turn|27\n|\n|t:|1717865111\n|move|p2a: Raging Bolt|Thunderclap||[still]\n|-fail|p2a: Raging Bolt\n|move|p1a: Latias|Calm Mind|p1a: Latias\n|-boost|p1a: Latias|spa|1\n|-boost|p1a: Latias|spd|1\n|\n|-heal|p2a: Raging Bolt|142/323|[from] item: Leftovers\n|upkeep\n|turn|28\n|\n|t:|1717865117\n|move|p2a: Raging Bolt|Thunderclap|p1a: Latias\n|-resisted|p1a: Latias\n|-damage|p1a: Latias|239/256\n|move|p1a: Latias|Psyshock|p2a: Raging Bolt\n|-damage|p2a: Raging Bolt|0 fnt\n|faint|p2a: Raging Bolt\n|-end|p2a: Raging Bolt|Protosynthesis|[silent]\n|\n|upkeep\n|\n|t:|1717865119\n|switch|p2a: Heracross|Heracross, L80, M|259/259\n|turn|29\n|\n|t:|1717865126\n|switch|p2a: Jumpluff|Jumpluff, L87, F, tera:Steel|67/271 par\n|move|p1a: Latias|Psyshock|p2a: Jumpluff\n|-resisted|p2a: Jumpluff\n|-damage|p2a: Jumpluff|0 fnt\n|faint|p2a: Jumpluff\n|\n|upkeep\n|\n|t:|1717865130\n|switch|p2a: Heracross|Heracross, L80, M|259/259\n|turn|30\n|\n|t:|1717865136\n|-terastallize|p1a: Latias|Steel\n|move|p2a: Heracross|Close Combat|p1a: Latias\n|-supereffective|p1a: Latias\n|-damage|p1a: Latias|0 fnt\n|-unboost|p2a: Heracross|def|1\n|-unboost|p2a: Heracross|spd|1\n|faint|p1a: Latias\n|-ability|p2a: Heracross|Moxie|boost\n|-boost|p2a: Heracross|atk|1\n|\n|upkeep\n|\n|t:|1717865144\n|switch|p1a: Wigglytuff|Wigglytuff, L96, F|330/424\n|turn|31\n|\n|t:|1717865158\n|switch|p2a: Tentacruel|Tentacruel, L84, F|272/272\n|move|p1a: Wigglytuff|Alluring Voice|p2a: Tentacruel\n|-resisted|p2a: Tentacruel\n|-crit|p2a: Tentacruel\n|-damage|p2a: Tentacruel|217/272\n|\n|-heal|p2a: Tentacruel|234/272|[from] item: Leftovers\n|-heal|p1a: Wigglytuff|356/424|[from] item: Leftovers\n|upkeep\n|turn|32\n|\n|t:|1717865162\n|switch|p1a: Vigoroth|Vigoroth, L85, F|37/275 psn\n|move|p2a: Tentacruel|Sludge Bomb|p1a: Vigoroth\n|-damage|p1a: Vigoroth|0 fnt\n|faint|p1a: Vigoroth\n|\n|-heal|p2a: Tentacruel|251/272|[from] item: Leftovers\n|upkeep\n|\n|t:|1717865168\n|switch|p1a: Galvantula|Galvantula, L82, M|249/249\n|turn|33\n|\n|t:|1717865173\n|move|p1a: Galvantula|Volt Switch|p2a: Tentacruel\n|-supereffective|p2a: Tentacruel\n|-damage|p2a: Tentacruel|143/272\n|\n|t:|1717865180\n|switch|p1a: Sandaconda|Sandaconda, L84, F|99/258|[from] Volt Switch\n|move|p2a: Tentacruel|Rapid Spin|p1a: Sandaconda\n|-damage|p1a: Sandaconda|76/258\n|-boost|p2a: Tentacruel|spe|1\n|\n|-heal|p2a: Tentacruel|160/272|[from] item: Leftovers\n|upkeep\n|turn|34\n|\n|t:|1717865187\n|switch|p1a: Galvantula|Galvantula, L82, M|249/249\n|move|p2a: Tentacruel|Surf|p1a: Galvantula\n|-damage|p1a: Galvantula|147/249\n|\n|-heal|p2a: Tentacruel|177/272|[from] item: Leftovers\n|upkeep\n|turn|35\n|\n|t:|1717865192\n|move|p2a: Tentacruel|Sludge Bomb|p1a: Galvantula\n|-damage|p1a: Galvantula|33/249\n|move|p1a: Galvantula|Thunder|p2a: Tentacruel\n|-supereffective|p2a: Tentacruel\n|-damage|p2a: Tentacruel|3/272\n|\n|-heal|p2a: Tentacruel|20/272|[from] item: Leftovers\n|upkeep\n|turn|36\n|\n|t:|1717865217\n|switch|p1a: Sandaconda|Sandaconda, L84, F|76/258\n|move|p2a: Tentacruel|Sludge Bomb|p1a: Sandaconda\n|-resisted|p1a: Sandaconda\n|-damage|p1a: Sandaconda|31/258\n|\n|-heal|p2a: Tentacruel|37/272|[from] item: Leftovers\n|upkeep\n|turn|37\n|\n|t:|1717865227\n|move|p2a: Tentacruel|Sludge Bomb|p1a: Sandaconda\n|-resisted|p1a: Sandaconda\n|-damage|p1a: Sandaconda|0 fnt\n|faint|p1a: Sandaconda\n|\n|-heal|p2a: Tentacruel|54/272|[from] item: Leftovers\n|upkeep\n|\n|t:|1717865229\n|switch|p1a: Wigglytuff|Wigglytuff, L96, F|356/424\n|turn|38\n|\n|t:|1717865232\n|move|p2a: Tentacruel|Sludge Bomb|p1a: Wigglytuff\n|-supereffective|p1a: Wigglytuff\n|-damage|p1a: Wigglytuff|152/424\n|move|p1a: Wigglytuff|Knock Off|p2a: Tentacruel\n|-damage|p2a: Tentacruel|0 fnt\n|-enditem|p2a: Tentacruel|Leftovers|[from] move: Knock Off|[of] p1a: Wigglytuff\n|faint|p2a: Tentacruel\n|\n|-heal|p1a: Wigglytuff|178/424|[from] item: Leftovers\n|upkeep\n|\n|t:|1717865239\n|switch|p2a: Heracross|Heracross, L80, M|259/259\n|turn|39\n|\n|t:|1717865242\n|move|p1a: Wigglytuff|Protect|p1a: Wigglytuff\n|-singleturn|p1a: Wigglytuff|Protect\n|move|p2a: Heracross|Close Combat|p1a: Wigglytuff\n|-activate|p1a: Wigglytuff|move: Protect\n|\n|-heal|p1a: Wigglytuff|204/424|[from] item: Leftovers\n|upkeep\n|turn|40\n|\n|t:|1717865248\n|switch|p1a: Jumpluff|Jumpluff, L87, F|271/271\n|move|p2a: Heracross|Close Combat|p1a: Jumpluff\n|-resisted|p1a: Jumpluff\n|-damage|p1a: Jumpluff|187/271\n|-unboost|p2a: Heracross|def|1\n|-unboost|p2a: Heracross|spd|1\n|\n|upkeep\n|turn|41\n|\n|t:|1717865252\n|switch|p2a: Tornadus|Tornadus, L82, M|263/263\n|move|p1a: Jumpluff|Substitute|p1a: Jumpluff\n|-start|p1a: Jumpluff|Substitute\n|-damage|p1a: Jumpluff|120/271\n|\n|upkeep\n|turn|42\n|\n|t:|1717865255\n|move|p1a: Jumpluff|Leech Seed|p2a: Tornadus\n|-start|p2a: Tornadus|move: Leech Seed\n|move|p2a: Tornadus|Bleakwind Storm|p1a: Jumpluff\n|-supereffective|p1a: Jumpluff\n|-end|p1a: Jumpluff|Substitute\n|\n|-damage|p2a: Tornadus|231/263|[from] Leech Seed|[of] p1a: Jumpluff\n|-heal|p1a: Jumpluff|152/271|[silent]\n|upkeep\n|turn|43\n|\n|t:|1717865263\n|move|p1a: Jumpluff|Substitute|p1a: Jumpluff\n|-start|p1a: Jumpluff|Substitute\n|-damage|p1a: Jumpluff|85/271\n|move|p2a: Tornadus|Bleakwind Storm|p1a: Jumpluff\n|-supereffective|p1a: Jumpluff\n|-end|p1a: Jumpluff|Substitute\n|\n|-damage|p2a: Tornadus|199/263|[from] Leech Seed|[of] p1a: Jumpluff\n|-heal|p1a: Jumpluff|117/271|[silent]\n|upkeep\n|turn|44\n|\n|t:|1717865268\n|move|p1a: Jumpluff|Substitute|p1a: Jumpluff\n|-start|p1a: Jumpluff|Substitute\n|-damage|p1a: Jumpluff|50/271\n|move|p2a: Tornadus|Bleakwind Storm|p1a: Jumpluff\n|-supereffective|p1a: Jumpluff\n|-end|p1a: Jumpluff|Substitute\n|\n|-damage|p2a: Tornadus|167/263|[from] Leech Seed|[of] p1a: Jumpluff\n|-heal|p1a: Jumpluff|82/271|[silent]\n|upkeep\n|turn|45\n|\n|t:|1717865277\n|move|p1a: Jumpluff|Substitute|p1a: Jumpluff\n|-start|p1a: Jumpluff|Substitute\n|-damage|p1a: Jumpluff|15/271\n|move|p2a: Tornadus|Bleakwind Storm|p1a: Jumpluff\n|-supereffective|p1a: Jumpluff\n|-end|p1a: Jumpluff|Substitute\n|\n|-damage|p2a: Tornadus|135/263|[from] Leech Seed|[of] p1a: Jumpluff\n|-heal|p1a: Jumpluff|47/271|[silent]\n|upkeep\n|turn|46\n|inactive|Impeetee has 120 seconds left.\n|inactive|Impeetee has 90 seconds left.\n|\n|t:|1717865359\n|switch|p1a: Wigglytuff|Wigglytuff, L96, F|204/424\n|switch|p2a: Heracross|Heracross, L80, M|259/259\n|\n|-heal|p1a: Wigglytuff|230/424|[from] item: Leftovers\n|upkeep\n|turn|47\n|\n|t:|1717865376\n|move|p1a: Wigglytuff|Protect|p1a: Wigglytuff\n|-singleturn|p1a: Wigglytuff|Protect\n|move|p2a: Heracross|Close Combat|p1a: Wigglytuff\n|-activate|p1a: Wigglytuff|move: Protect\n|\n|-heal|p1a: Wigglytuff|256/424|[from] item: Leftovers\n|upkeep\n|turn|48\n|\n|t:|1717865385\n|move|p2a: Heracross|Close Combat|p1a: Wigglytuff\n|-damage|p1a: Wigglytuff|52/424\n|-unboost|p2a: Heracross|def|1\n|-unboost|p2a: Heracross|spd|1\n|move|p1a: Wigglytuff|Wish|p1a: Wigglytuff\n|\n|-heal|p1a: Wigglytuff|78/424|[from] item: Leftovers\n|upkeep\n|turn|49\n|\n|t:|1717865390\n|switch|p2a: Tornadus|Tornadus, L82, M|135/263\n|move|p1a: Wigglytuff|Protect||[still]\n|-fail|p1a: Wigglytuff\n|\n|-heal|p1a: Wigglytuff|290/424|[from] move: Wish|[wisher] Wigglytuff\n|-heal|p1a: Wigglytuff|316/424|[from] item: Leftovers\n|upkeep\n|turn|50\n|\n|t:|1717865397\n|move|p2a: Tornadus|Bleakwind Storm|p1a: Wigglytuff\n|-damage|p1a: Wigglytuff|60/424\n|move|p1a: Wigglytuff|Wish|p1a: Wigglytuff\n|\n|-heal|p1a: Wigglytuff|86/424|[from] item: Leftovers\n|upkeep\n|turn|51\n|inactive|Impeetee has 90 seconds left.\n|\n|t:|1717865404\n|move|p1a: Wigglytuff|Protect|p1a: Wigglytuff\n|-singleturn|p1a: Wigglytuff|Protect\n|move|p2a: Tornadus|Bleakwind Storm|p1a: Wigglytuff\n|-activate|p1a: Wigglytuff|move: Protect\n|\n|-heal|p1a: Wigglytuff|298/424|[from] move: Wish|[wisher] Wigglytuff\n|-heal|p1a: Wigglytuff|324/424|[from] item: Leftovers\n|upkeep\n|turn|52\n|\n|t:|1717865413\n|move|p2a: Tornadus|Bleakwind Storm|p1a: Wigglytuff\n|-damage|p1a: Wigglytuff|95/424\n|move|p1a: Wigglytuff|Wish|p1a: Wigglytuff\n|\n|-heal|p1a: Wigglytuff|121/424|[from] item: Leftovers\n|upkeep\n|turn|53\n|\n|t:|1717865418\n|move|p1a: Wigglytuff|Protect|p1a: Wigglytuff\n|-singleturn|p1a: Wigglytuff|Protect\n|move|p2a: Tornadus|Bleakwind Storm|p1a: Wigglytuff\n|-activate|p1a: Wigglytuff|move: Protect\n|\n|-heal|p1a: Wigglytuff|333/424|[from] move: Wish|[wisher] Wigglytuff\n|-heal|p1a: Wigglytuff|359/424|[from] item: Leftovers\n|upkeep\n|turn|54\n|\n|t:|1717865424\n|move|p2a: Tornadus|Bleakwind Storm|p1a: Wigglytuff\n|-damage|p1a: Wigglytuff|139/424\n|move|p1a: Wigglytuff|Wish|p1a: Wigglytuff\n|\n|-heal|p1a: Wigglytuff|165/424|[from] item: Leftovers\n|upkeep\n|turn|55\n|\n|t:|1717865430\n|move|p1a: Wigglytuff|Protect|p1a: Wigglytuff\n|-singleturn|p1a: Wigglytuff|Protect\n|move|p2a: Tornadus|Bleakwind Storm|p1a: Wigglytuff\n|-activate|p1a: Wigglytuff|move: Protect\n|\n|-heal|p1a: Wigglytuff|377/424|[from] move: Wish|[wisher] Wigglytuff\n|-heal|p1a: Wigglytuff|403/424|[from] item: Leftovers\n|upkeep\n|turn|56\n|\n|t:|1717865438\n|move|p2a: Tornadus|Bleakwind Storm|p1a: Wigglytuff\n|-crit|p1a: Wigglytuff\n|-damage|p1a: Wigglytuff|66/424\n|-unboost|p1a: Wigglytuff|spe|1\n|-ability|p1a: Wigglytuff|Competitive|boost\n|-boost|p1a: Wigglytuff|spa|2\n|move|p1a: Wigglytuff|Wish|p1a: Wigglytuff\n|\n|-heal|p1a: Wigglytuff|92/424|[from] item: Leftovers\n|upkeep\n|turn|57\n|inactive|Impeetee has 120 seconds left.\n|\n|t:|1717865460\n|move|p1a: Wigglytuff|Protect|p1a: Wigglytuff\n|-singleturn|p1a: Wigglytuff|Protect\n|move|p2a: Tornadus|Bleakwind Storm|p1a: Wigglytuff\n|-activate|p1a: Wigglytuff|move: Protect\n|\n|-heal|p1a: Wigglytuff|304/424|[from] move: Wish|[wisher] Wigglytuff\n|-heal|p1a: Wigglytuff|330/424|[from] item: Leftovers\n|upkeep\n|turn|58\n|c|\u2606Impeetee|Are you going to miss one\n|\n|t:|1717865484\n|move|p2a: Tornadus|Bleakwind Storm|p1a: Wigglytuff\n|-damage|p1a: Wigglytuff|77/424\n|move|p1a: Wigglytuff|Wish|p1a: Wigglytuff\n|\n|-heal|p1a: Wigglytuff|103/424|[from] item: Leftovers\n|upkeep\n|turn|59\n|\n|t:|1717865491\n|move|p1a: Wigglytuff|Protect|p1a: Wigglytuff\n|-singleturn|p1a: Wigglytuff|Protect\n|move|p2a: Tornadus|Bleakwind Storm|p1a: Wigglytuff\n|-activate|p1a: Wigglytuff|move: Protect\n|\n|-heal|p1a: Wigglytuff|315/424|[from] move: Wish|[wisher] Wigglytuff\n|-heal|p1a: Wigglytuff|341/424|[from] item: Leftovers\n|upkeep\n|turn|60\n|\n|t:|1717865499\n|move|p2a: Tornadus|Bleakwind Storm|p1a: Wigglytuff\n|-damage|p1a: Wigglytuff|109/424\n|move|p1a: Wigglytuff|Wish|p1a: Wigglytuff\n|\n|-heal|p1a: Wigglytuff|135/424|[from] item: Leftovers\n|upkeep\n|turn|61\n|c|\u2606pokeblade\u2606101|apparently not\n|c|\u2606pokeblade\u2606101|you win anyway\n|c|\u2606Impeetee|Yes sir\n|c|\u2606pokeblade\u2606101|why did u go wiggly, u lost from doing that\n|inactive|pokeblade\u2606101 has 120 seconds left.\n|c|\u2606Impeetee|wym I lose lol\n|c|\u2606pokeblade\u2606101|wiggly dies and heracross cleans\n|c|\u2606Impeetee|I needed stickywebs\n|c|\u2606Impeetee|so I needed to switch out\n|c|\u2606pokeblade\u2606101|if u sticky webs tornadus wins lol\n|inactive|pokeblade\u2606101 has 90 seconds left.\n|c|\u2606pokeblade\u2606101|im so lost\n|c|\u2606pokeblade\u2606101|anyway gg\n|-message|pokeblade\u2606101 forfeited.\n|\n|win|Impeetee\n|raw|Impeetee's rating: 2197 &rarr; <strong>2231</strong><br />(+34 for winning)\n|raw|pokeblade\u2606101's rating: 2482 &rarr; <strong>2448</strong><br />(-34 for losing)\n|c|\u2606pokeblade\u2606101|anyway tornadus is faster than galvantula so what was the thought process\n|c|\u2606Impeetee|i also needed jumpluff up\n", "inputlog": ">version e046c5ea766451ca9500a73fe72ec774e92e6f7e\n>start {\"formatid\":\"gen9randombattle\",\"seed\":[32567,20209,35159,51716],\"rated\":\"Rated battle\"}\n>player p1 {\"name\":\"Impeetee\",\"avatar\":\"265\",\"rating\":2197,\"seed\":[50132,21106,14784,64959]}\n>player p2 {\"name\":\"pokeblade\u2606101\",\"avatar\":\"#rbtt7teamchiyu\",\"rating\":2470,\"seed\":[45624,10887,27827,62825]}\n>p1 move bodyslam\n>p2 move sludgebomb\n>p1 move bodyslam\n>p2 switch 5\n>p1 switch 3\n>p2 switch 4\n>p1 switch 6\n>p2 move substitute\n>p1 move alluringvoice\n>p2 move leechseed\n>p1 move wish\n>p2 switch 5\n>p1 switch 3\n>p2 switch 5\n>p1 move bodyslam\n>p2 move substitute\n>p1 move bodyslam\n>p2 move strengthsap\n>p1 switch 3\n>p2 move leechseed\n>p1 move wish\n>p2 move acrobatics\n>p1 move alluringvoice\n>p2 switch 5\n>p1 switch 6\n>p2 move sludgebomb\n>p1 switch 2\n>p2 move surf\n>p1 move calmmind\n>p2 switch 2\n>p1 move dracometeor\n>p2 move darkpulse\n>p2 switch 6\n>p1 switch 3\n>p2 move megahorn\n>p1 switch 2\n>p2 move megahorn\n>p1 switch 6\n>p2 move megahorn\n>p1 move wish\n>p2 switch 2\n>p1 switch 3\n>p2 move sludgebomb\n>p1 move psyshock\n>p2 switch 5\n>p1 move calmmind\n>p2 move strengthsap terastallize\n>p1 move psyshock\n>p2 move leechseed\n>p1 move psyshock\n>p2 move leechseed\n>p1 move psyshock\n>p2 switch 4\n>p1 move calmmind\n>p2 move thunderclap\n>p1 move psyshock\n>p2 move thunderclap\n>p2 switch 2\n>p1 move psyshock\n>p2 switch 4\n>p2 switch 4\n>p1 move psyshock terastallize\n>p2 move closecombat\n>p1 switch 3\n>p1 move alluringvoice\n>p2 switch 5\n>p1 switch 2\n>p2 move sludgebomb\n>p1 switch 4\n>p1 move voltswitch\n>p2 move rapidspin\n>p1 switch 6\n>p1 switch 6\n>p2 move surf\n>p1 move thunder\n>p2 move sludgebomb\n>p1 switch 6\n>p2 move sludgebomb\n>p1 move scaleshot\n>p2 move sludgebomb\n>p1 switch 2\n>p1 move knockoff\n>p2 move sludgebomb\n>p2 switch 5\n>p1 move protect\n>p2 move closecombat\n>p1 switch 5\n>p2 move closecombat\n>p1 move substitute\n>p2 switch 3\n>p1 move leechseed\n>p2 move bleakwindstorm\n>p1 move substitute\n>p2 move bleakwindstorm\n>p1 move substitute\n>p2 move bleakwindstorm\n>p1 move substitute\n>p2 move bleakwindstorm\n>p1 switch 5\n>p2 switch 3\n>p1 move protect\n>p2 move closecombat\n>p1 move wish\n>p2 move closecombat\n>p1 move protect\n>p2 switch 3\n>p1 move wish\n>p2 move bleakwindstorm\n>p1 move protect\n>p2 move bleakwindstorm\n>p1 move wish\n>p2 move bleakwindstorm\n>p1 move protect\n>p2 move bleakwindstorm\n>p1 move wish\n>p2 move bleakwindstorm\n>p1 move protect\n>p2 move bleakwindstorm\n>p1 move wish\n>p2 move bleakwindstorm\n>p1 move protect\n>p2 move bleakwindstorm\n>chat \u2606Impeetee|Are you going to miss one\n>p1 move wish\n>p2 move bleakwindstorm\n>p1 move protect\n>p2 move bleakwindstorm\n>p1 move wish\n>p2 move bleakwindstorm\n>chat \u2606pokeblade\u2606101|apparently not\n>chat \u2606pokeblade\u2606101|you win anyway\n>chat \u2606Impeetee|Yes sir\n>chat \u2606pokeblade\u2606101|why did u go wiggly, u lost from doing that\n>chat \u2606Impeetee|wym I lose lol\n>chat \u2606pokeblade\u2606101|wiggly dies and heracross cleans\n>chat \u2606Impeetee|I needed stickywebs \n>chat \u2606Impeetee|so I needed to switch out\n>chat \u2606pokeblade\u2606101|if u sticky webs tornadus wins lol\n>chat \u2606pokeblade\u2606101|im so lost\n>chat \u2606pokeblade\u2606101|anyway gg\n>forcelose p2", "uploadtime": 1717865598, "views": 206, "formatid": "gen9randombattle", "rating": 2231, "private": 0, "password": null}