{"id": "gen9randombattle-2250785629", "format": "[Gen 9] Random Battle", "players": ["yash123124", "Scarf bonsley"], "log": "|j|\u2606yash123124\n|j|\u2606Scarf bonsley\n|t:|1732547123\n|gametype|singles\n|player|p1|yash123124|266|2220\n|player|p2|Scarf bonsley|101|2251\n|teamsize|p1|6\n|teamsize|p2|6\n|gen|9\n|tier|[Gen 9] Random Battle\n|rated|\n|rule|Species Clause: Limit one of each Pok\u00e9mon\n|rule|HP Percentage Mod: HP is shown in percentages\n|rule|Sleep Clause Mod: Limit one foe put to sleep\n|rule|Illusion Level Mod: Illusion disguises the Pok\u00e9mon's true level\n|\n|t:|1732547123\n|start\n|switch|p1a: Infernape|Infernape, L82, M|259/259\n|switch|p2a: Ariados|Ariados, L95, M|287/287\n|turn|1\n|\n|t:|1732547135\n|switch|p2a: Kommo-o|Kommo-o, L78, F|245/245\n|move|p1a: Infernape|Overheat|p2a: Kommo-o\n|-resisted|p2a: Kommo-o\n|-damage|p2a: Kommo-o|159/245\n|-unboost|p1a: Infernape|spa|2\n|-damage|p1a: Infernape|234/259|[from] item: Life Orb\n|\n|upkeep\n|turn|2\n|inactive|Battle timer is ON: inactive players will automatically lose when time's up. (requested by Scarf bonsley)\n|\n|t:|1732547163\n|switch|p1a: Florges|Florges-Orange, L85, F|271/271\n|switch|p2a: Ariados|Ariados, L95, M|287/287\n|\n|upkeep\n|turn|3\n|\n|t:|1732547171\n|switch|p1a: Ogerpon|Ogerpon-Cornerstone, L76, F|247/247\n|move|p2a: Ariados|Sticky Web|p1a: Ogerpon\n|-sidestart|p1: yash123124|move: Sticky Web\n|\n|upkeep\n|turn|4\n|\n|t:|1732547175\n|switch|p2a: Magearna|Magearna, L77|250/250\n|move|p1a: Ogerpon|Ivy Cudgel|p2a: Magearna|[anim] Ivy Cudgel Rock\n|-resisted|p2a: Magearna\n|-damage|p2a: Magearna|191/250\n|\n|upkeep\n|turn|5\n|\n|t:|1732547187\n|switch|p1a: Infernape|Infernape, L82, M|234/259\n|-activate|p1a: Infernape|move: Sticky Web\n|-unboost|p1a: Infernape|spe|1\n|move|p2a: Magearna|Iron Head|p1a: Infernape\n|-resisted|p1a: Infernape\n|-damage|p1a: Infernape|194/259\n|\n|upkeep\n|turn|6\n|\n|t:|1732547195\n|switch|p2a: Kommo-o|Kommo-o, L78, F|159/245\n|move|p1a: Infernape|Overheat|p2a: Kommo-o\n|-resisted|p2a: Kommo-o\n|-damage|p2a: Kommo-o|73/245\n|-unboost|p1a: Infernape|spa|2\n|-damage|p1a: Infernape|169/259|[from] item: Life Orb\n|\n|upkeep\n|turn|7\n|\n|t:|1732547215\n|move|p2a: Kommo-o|Scale Shot|p1a: Infernape\n|-damage|p1a: Infernape|136/259\n|-damage|p1a: Infernape|106/259\n|-crit|p1a: Infernape\n|-damage|p1a: Infernape|58/259\n|-damage|p1a: Infernape|25/259\n|-damage|p1a: Infernape|0 fnt\n|faint|p1a: Infernape\n|-hitcount|p1: Infernape|5\n|-unboost|p2a: Kommo-o|def|1\n|-boost|p2a: Kommo-o|spe|1\n|\n|upkeep\n|\n|t:|1732547227\n|switch|p1a: Florges|Florges-Orange, L85, F|271/271\n|-activate|p1a: Florges|move: Sticky Web\n|-unboost|p1a: Florges|spe|1\n|turn|8\n|\n|t:|1732547250\n|move|p2a: Kommo-o|Iron Head|p1a: Florges\n|-supereffective|p1a: Florges\n|-damage|p1a: Florges|149/271\n|move|p1a: Florges|Moonblast|p2a: Kommo-o\n|-supereffective|p2a: Kommo-o\n|-crit|p2a: Kommo-o\n|-damage|p2a: Kommo-o|0 fnt\n|faint|p2a: Kommo-o\n|\n|-heal|p1a: Florges|165/271|[from] item: Leftovers\n|upkeep\n|\n|t:|1732547252\n|switch|p2a: Magearna|Magearna, L77|191/250\n|turn|9\n|\n|t:|1732547267\n|switch|p1a: Grimmsnarl|Grimmsnarl, L83, M|293/293\n|-activate|p1a: Grimmsnarl|move: Sticky Web\n|-unboost|p1a: Grimmsnarl|spe|1\n|move|p2a: Magearna|Shift Gear|p2a: Magearna\n|-boost|p2a: Magearna|spe|2\n|-boost|p2a: Magearna|atk|1\n|\n|upkeep\n|turn|10\n|\n|t:|1732547280\n|move|p1a: Grimmsnarl|Thunder Wave|p2a: Magearna\n|-status|p2a: Magearna|par\n|move|p2a: Magearna|Iron Head|p1a: Grimmsnarl\n|-supereffective|p1a: Grimmsnarl\n|-damage|p1a: Grimmsnarl|11/293\n|\n|upkeep\n|turn|11\n|\n|t:|1732547290\n|move|p1a: Grimmsnarl|Reflect|p1a: Grimmsnarl\n|-sidestart|p1: yash123124|Reflect\n|move|p2a: Magearna|Shift Gear|p2a: Magearna\n|-boost|p2a: Magearna|spe|2\n|-boost|p2a: Magearna|atk|1\n|\n|upkeep\n|turn|12\n|\n|t:|1732547301\n|move|p1a: Grimmsnarl|Light Screen|p1a: Grimmsnarl\n|-sidestart|p1: yash123124|move: Light Screen\n|move|p2a: Magearna|Shift Gear|p2a: Magearna\n|-boost|p2a: Magearna|spe|2\n|-boost|p2a: Magearna|atk|1\n|\n|upkeep\n|turn|13\n|\n|t:|1732547306\n|switch|p1a: Ogerpon|Ogerpon-Cornerstone, L76, F|247/247\n|-activate|p1a: Ogerpon|move: Sticky Web\n|-unboost|p1a: Ogerpon|spe|1\n|move|p2a: Magearna|Iron Head|p1a: Ogerpon\n|-supereffective|p1a: Ogerpon\n|-crit|p1a: Ogerpon\n|-ability|p1a: Ogerpon|Sturdy\n|-damage|p1a: Ogerpon|1/247\n|\n|upkeep\n|turn|14\n|\n|t:|1732547313\n|cant|p2a: Magearna|par\n|move|p1a: Ogerpon|Superpower|p2a: Magearna\n|-damage|p2a: Magearna|107/250 par\n|-unboost|p1a: Ogerpon|atk|1\n|-unboost|p1a: Ogerpon|def|1\n|\n|upkeep\n|turn|15\n|\n|t:|1732547319\n|move|p2a: Magearna|Iron Head|p1a: Ogerpon\n|-supereffective|p1a: Ogerpon\n|-damage|p1a: Ogerpon|0 fnt\n|faint|p1a: Ogerpon\n|-ability|p2a: Magearna|Soul-Heart|boost\n|-boost|p2a: Magearna|spa|1\n|\n|upkeep\n|\n|t:|1732547323\n|switch|p1a: Basculin|Basculin, L86, F|261/261\n|-activate|p1a: Basculin|move: Sticky Web\n|-unboost|p1a: Basculin|spe|1\n|turn|16\n|\n|t:|1732547332\n|cant|p2a: Magearna|par\n|move|p1a: Basculin|Wave Crash|p2a: Magearna\n|-crit|p2a: Magearna\n|-damage|p2a: Magearna|0 fnt\n|faint|p2a: Magearna\n|-damage|p1a: Basculin|226/261|[from] Recoil\n|\n|upkeep\n|\n|t:|1732547339\n|switch|p2a: Ariados|Ariados, L95, M|287/287\n|turn|17\n|\n|t:|1732547345\n|-terastallize|p1a: Basculin|Water\n|move|p1a: Basculin|Wave Crash|p2a: Ariados\n|-enditem|p2a: Ariados|Focus Sash\n|-damage|p2a: Ariados|1/287\n|-damage|p1a: Basculin|132/261|[from] Recoil\n|move|p2a: Ariados|Megahorn|p1a: Basculin\n|-damage|p1a: Basculin|35/261\n|\n|upkeep\n|turn|18\n|\n|t:|1732547349\n|move|p1a: Basculin|Wave Crash|p2a: Ariados\n|-damage|p2a: Ariados|0 fnt\n|faint|p2a: Ariados\n|-damage|p1a: Basculin|34/261|[from] Recoil\n|\n|-sideend|p1: yash123124|Reflect\n|upkeep\n|\n|t:|1732547355\n|switch|p2a: Malamar|Malamar, L82, F|275/275\n|turn|19\n|\n|t:|1732547361\n|move|p2a: Malamar|Superpower|p1a: Basculin\n|-damage|p1a: Basculin|0 fnt\n|-boost|p2a: Malamar|atk|1\n|-boost|p2a: Malamar|def|1\n|faint|p1a: Basculin\n|\n|-sideend|p1: yash123124|move: Light Screen\n|upkeep\n|\n|t:|1732547364\n|switch|p1a: Florges|Florges-Orange, L85, F|165/271\n|-activate|p1a: Florges|move: Sticky Web\n|-unboost|p1a: Florges|spe|1\n|turn|20\n|\n|t:|1732547370\n|move|p2a: Malamar|Psycho Cut|p1a: Florges\n|-damage|p1a: Florges|45/271\n|move|p1a: Florges|Moonblast|p2a: Malamar\n|-supereffective|p2a: Malamar\n|-crit|p2a: Malamar\n|-damage|p2a: Malamar|0 fnt\n|faint|p2a: Malamar\n|\n|-heal|p1a: Florges|61/271|[from] item: Leftovers\n|upkeep\n|\n|t:|1732547375\n|switch|p2a: Leafeon|Leafeon, L88, F|258/258\n|turn|21\n|\n|t:|1732547381\n|move|p2a: Leafeon|Leaf Blade|p1a: Florges\n|-damage|p1a: Florges|0 fnt\n|faint|p1a: Florges\n|-damage|p2a: Leafeon|233/258|[from] item: Life Orb\n|\n|upkeep\n|\n|t:|1732547384\n|switch|p1a: Grimmsnarl|Grimmsnarl, L83, M|11/293\n|-activate|p1a: Grimmsnarl|move: Sticky Web\n|-unboost|p1a: Grimmsnarl|spe|1\n|turn|22\n|\n|t:|1732547387\n|move|p1a: Grimmsnarl|Reflect|p1a: Grimmsnarl\n|-sidestart|p1: yash123124|Reflect\n|move|p2a: Leafeon|Leaf Blade|p1a: Grimmsnarl\n|-damage|p1a: Grimmsnarl|0 fnt\n|faint|p1a: Grimmsnarl\n|-damage|p2a: Leafeon|208/258|[from] item: Life Orb\n|\n|upkeep\n|\n|t:|1732547391\n|switch|p1a: Scrafty|Scrafty, L84, M|246/246\n|-activate|p1a: Scrafty|move: Sticky Web\n|-unboost|p1a: Scrafty|spe|1\n|-ability|p1a: Scrafty|Intimidate|boost\n|-unboost|p2a: Leafeon|atk|1\n|turn|23\n|\n|t:|1732547395\n|switch|p2a: Salamence|Salamence, L77, F|273/273\n|move|p1a: Scrafty|Dragon Dance|p1a: Scrafty\n|-boost|p1a: Scrafty|atk|1\n|-boost|p1a: Scrafty|spe|1\n|\n|upkeep\n|turn|24\n|\n|t:|1732547409\n|move|p2a: Salamence|Dragon Dance|p2a: Salamence\n|-boost|p2a: Salamence|atk|1\n|-boost|p2a: Salamence|spe|1\n|move|p1a: Scrafty|Knock Off|p2a: Salamence\n|-damage|p2a: Salamence|66/273\n|-enditem|p2a: Salamence|Heavy-Duty Boots|[from] move: Knock Off|[of] p1a: Scrafty\n|-damage|p1a: Scrafty|222/246|[from] item: Life Orb\n|\n|upkeep\n|turn|25\n|\n|t:|1732547414\n|move|p2a: Salamence|Dual Wingbeat|p1a: Scrafty\n|-supereffective|p1a: Scrafty\n|-damage|p1a: Scrafty|164/246\n|-supereffective|p1a: Scrafty\n|-damage|p1a: Scrafty|110/246\n|-hitcount|p1a: Scrafty|2\n|move|p1a: Scrafty|Knock Off|p2a: Salamence\n|-damage|p2a: Salamence|0 fnt\n|faint|p2a: Salamence\n|-damage|p1a: Scrafty|86/246|[from] item: Life Orb\n|\n|upkeep\n|\n|t:|1732547419\n|switch|p2a: Leafeon|Leafeon, L88, F|208/258\n|turn|26\n|\n|t:|1732547436\n|-terastallize|p2a: Leafeon|Normal\n|move|p2a: Leafeon|Double-Edge|p1a: Scrafty\n|-damage|p1a: Scrafty|3/246\n|-damage|p2a: Leafeon|181/258|[from] Recoil\n|-damage|p2a: Leafeon|156/258|[from] item: Life Orb\n|move|p1a: Scrafty|Dragon Dance|p1a: Scrafty\n|-boost|p1a: Scrafty|atk|1\n|-boost|p1a: Scrafty|spe|1\n|\n|upkeep\n|turn|27\n|\n|t:|1732547444\n|move|p1a: Scrafty|Close Combat|p2a: Leafeon\n|-supereffective|p2a: Leafeon\n|-damage|p2a: Leafeon|0 fnt\n|-unboost|p1a: Scrafty|def|1\n|-unboost|p1a: Scrafty|spd|1\n|faint|p2a: Leafeon\n|-damage|p1a: Scrafty|0 fnt|[from] item: Life Orb\n|faint|p1a: Scrafty\n|\n|win|yash123124\n|raw|yash123124's rating: 2220 &rarr; <strong>2242</strong><br />(+22 for winning)\n|raw|Scarf bonsley's rating: 2251 &rarr; <strong>2229</strong><br />(-22 for losing)\n|l|\u2606Scarf bonsley\n|player|p2|\n|c|\u2606yash123124|gg\n", "inputlog": ">version baf9aa68cbe18cf25f290680a08c9ad9c5e3e828\n>start {\"formatid\":\"gen9randombattle\",\"seed\":[60281,307,55759,8371],\"rated\":\"Rated battle\"}\n>player p1 {\"name\":\"yash123124\",\"avatar\":\"266\",\"rating\":2220,\"seed\":[47465,23269,16645,8876]}\n>player p2 {\"name\":\"Scarf bonsley\",\"avatar\":\"101\",\"rating\":2251,\"seed\":[81,2584,38868,18138]}\n>p1 move overheat\n>p2 switch 4\n>p1 switch 2\n>p2 switch 4\n>p1 switch 3\n>p2 move stickyweb\n>p1 move ivycudgel\n>p2 switch 3\n>p1 switch 2\n>p2 move ironhead\n>p1 move overheat\n>p2 switch 4\n>p1 move closecombat\n>p2 move scaleshot\n>p1 switch 3\n>p1 move moonblast\n>p2 move ironhead\n>p2 switch 4\n>p1 switch 5\n>p2 move shiftgear\n>p1 move thunderwave\n>p2 move ironhead\n>p1 move reflect\n>p2 move shiftgear\n>p1 move lightscreen\n>p2 move shiftgear\n>p1 switch 2\n>p2 move ironhead\n>p1 move superpower\n>p2 move ironhead\n>p1 move superpower\n>p2 move ironhead\n>p1 switch 6\n>p1 move wavecrash\n>p2 move fleurcannon\n>p2 switch 3\n>p1 move wavecrash terastallize\n>p2 move megahorn\n>p1 move wavecrash\n>p2 move poisonjab\n>p2 switch 6\n>p1 move wavecrash\n>p2 move superpower\n>p1 switch 5\n>p1 move moonblast\n>p2 move psychocut\n>p2 switch 2\n>p1 move moonblast\n>p2 move leafblade\n>p1 switch 2\n>p1 move reflect\n>p2 move leafblade\n>p1 switch 4\n>p1 move dragondance\n>p2 switch 5\n>p1 move knockoff\n>p2 move dragondance\n>p1 move knockoff\n>p2 move dualwingbeat\n>p2 switch 5\n>p1 move dragondance\n>p2 move doubleedge terastallize\n>p1 move closecombat\n>p2 move doubleedge", "uploadtime": 1732547453, "views": 20, "formatid": "gen9randombattle", "rating": 2229, "private": 0, "password": null}