{"id": "gen9randombattle-2260732778", "format": "[Gen 9] Random Battle", "players": ["Not_Paint", "MagoSoul2940"], "log": "|j|\u2606Not_Paint\n|j|\u2606MagoSoul2940\n|t:|1733884346\n|gametype|singles\n|player|p1|Not_Paint|yellow|\n|player|p2|MagoSoul2940|steven|\n|teamsize|p1|6\n|teamsize|p2|6\n|gen|9\n|tier|[Gen 9] Random Battle\n|rule|Species Clause: Limit one of each Pok\u00e9mon\n|rule|HP Percentage Mod: HP is shown in percentages\n|rule|Sleep Clause Mod: Limit one foe put to sleep\n|rule|Illusion Level Mod: Illusion disguises the Pok\u00e9mon's true level\n|\n|t:|1733884346\n|start\n|switch|p1a: Metagross|Metagross, L79|256/256\n|switch|p2a: Misdreavus|Misdreavus, L90, F|254/254\n|turn|1\n|\n|t:|1733884358\n|move|p2a: Misdreavus|Will-O-Wisp|p1a: Metagross\n|-status|p1a: Metagross|brn\n|move|p1a: Metagross|Heavy Slam|p2a: Misdreavus\n|-damage|p2a: Misdreavus|194/254\n|\n|-damage|p1a: Metagross|240/256 brn|[from] brn\n|upkeep\n|turn|2\n|j| Wralagath\n|\n|t:|1733884369\n|move|p2a: Misdreavus|Calm Mind|p2a: Misdreavus\n|-boost|p2a: Misdreavus|spa|1\n|-boost|p2a: Misdreavus|spd|1\n|move|p1a: Metagross|Stealth Rock|p2a: Misdreavus\n|-sidestart|p2: MagoSoul2940|move: Stealth Rock\n|\n|-heal|p1a: Metagross|256/256 brn|[from] item: Leftovers\n|-damage|p1a: Metagross|240/256 brn|[from] brn\n|upkeep\n|turn|3\n|c| Wralagath|Emotional Support is back for Round 2\n|\n|t:|1733884381\n|switch|p1a: Carbink|Carbink, L90|236/236\n|move|p2a: Misdreavus|Calm Mind|p2a: Misdreavus\n|-boost|p2a: Misdreavus|spa|1\n|-boost|p2a: Misdreavus|spd|1\n|\n|upkeep\n|turn|4\n|\n|t:|1733884392\n|move|p2a: Misdreavus|Shadow Ball|p1a: Carbink\n|-damage|p1a: Carbink|136/236\n|move|p1a: Carbink|Iron Defense|p1a: Carbink\n|-boost|p1a: Carbink|def|2\n|\n|-heal|p1a: Carbink|150/236|[from] item: Leftovers\n|upkeep\n|turn|5\n|\n|t:|1733884400\n|move|p2a: Misdreavus|Shadow Ball|p1a: Carbink\n|-crit|p1a: Carbink\n|-damage|p1a: Carbink|0 fnt\n|faint|p1a: Carbink\n|\n|upkeep\n|\n|t:|1733884405\n|switch|p1a: Swalot|Swalot, L90, M|326/326\n|turn|6\n|\n|t:|1733884409\n|move|p2a: Misdreavus|Draining Kiss|p1a: Swalot\n|-resisted|p1a: Swalot\n|-damage|p1a: Swalot|289/326\n|-damage|p2a: Misdreavus|166/254|[from] ability: Liquid Ooze|[of] p1a: Swalot\n|move|p1a: Swalot|Knock Off|p2a: Misdreavus\n|-supereffective|p2a: Misdreavus\n|-damage|p2a: Misdreavus|56/254\n|-enditem|p2a: Misdreavus|Eviolite|[from] move: Knock Off|[of] p1a: Swalot\n|\n|-heal|p1a: Swalot|309/326|[from] item: Leftovers\n|upkeep\n|turn|7\n|c| Wralagath|The crit did, in fact matter\n|c|\u2606Not_Paint|MUSTAAAAAAAAAAAAAAAAAAAAAAAAAAAAAAAAAAAAAAAAAAAAAAAAAAAAAAAAAAAARD\n|\n|t:|1733884422\n|move|p2a: Misdreavus|Shadow Ball|p1a: Swalot\n|-damage|p1a: Swalot|143/326\n|move|p1a: Swalot|Knock Off|p2a: Misdreavus\n|-supereffective|p2a: Misdreavus\n|-damage|p2a: Misdreavus|0 fnt\n|faint|p2a: Misdreavus\n|\n|-heal|p1a: Swalot|163/326|[from] item: Leftovers\n|upkeep\n|c| Wralagath|Mo\n|c|\u2606Not_Paint|(im listening to TV off)\n|c| Wralagath|No*\n|\n|t:|1733884434\n|switch|p2a: Jumpluff|Jumpluff, L87, F|271/271\n|-damage|p2a: Jumpluff|204/271|[from] Stealth Rock\n|turn|8\n|c| Wralagath|Engish har\n|\n|t:|1733884447\n|move|p2a: Jumpluff|Acrobatics|p1a: Swalot\n|-damage|p1a: Swalot|79/326\n|move|p1a: Swalot|Sludge Bomb|p2a: Jumpluff\n|-supereffective|p2a: Jumpluff\n|-damage|p2a: Jumpluff|34/271\n|\n|-heal|p1a: Swalot|99/326|[from] item: Leftovers\n|upkeep\n|turn|9\n|\n|t:|1733884457\n|switch|p1a: Metagross|Metagross, L79|240/256 brn\n|move|p2a: Jumpluff|U-turn|p1a: Metagross\n|-damage|p1a: Metagross|211/256 brn\n|\n|t:|1733884463\n|switch|p2a: Okidogi|Okidogi, L77, M|262/262|[from] U-turn\n|-damage|p2a: Okidogi|246/262|[from] Stealth Rock\n|\n|-heal|p2a: Okidogi|262/262|[from] item: Leftovers\n|-heal|p1a: Metagross|227/256 brn|[from] item: Leftovers\n|-damage|p1a: Metagross|211/256 brn|[from] brn\n|upkeep\n|turn|10\n|\n|t:|1733884478\n|move|p2a: Okidogi|Gunk Shot|p1a: Metagross\n|-immune|p1a: Metagross\n|move|p1a: Metagross|Earthquake|p2a: Okidogi\n|-supereffective|p2a: Okidogi\n|-damage|p2a: Okidogi|185/262\n|\n|-heal|p2a: Okidogi|201/262|[from] item: Leftovers\n|-heal|p1a: Metagross|227/256 brn|[from] item: Leftovers\n|-damage|p1a: Metagross|211/256 brn|[from] brn\n|upkeep\n|turn|11\n|c| Wralagath|Uh Mago\n|\n|t:|1733884489\n|move|p2a: Okidogi|Knock Off|p1a: Metagross\n|-supereffective|p1a: Metagross\n|-damage|p1a: Metagross|109/256 brn\n|-enditem|p1a: Metagross|Leftovers|[from] move: Knock Off|[of] p2a: Okidogi\n|move|p1a: Metagross|Earthquake|p2a: Okidogi\n|-supereffective|p2a: Okidogi\n|-damage|p2a: Okidogi|129/262\n|\n|-heal|p2a: Okidogi|145/262|[from] item: Leftovers\n|-damage|p1a: Metagross|93/256 brn|[from] brn\n|upkeep\n|turn|12\n|c| Wralagath|He's made of metal\n|\n|t:|1733884500\n|move|p2a: Okidogi|Knock Off|p1a: Metagross\n|-supereffective|p1a: Metagross\n|-damage|p1a: Metagross|19/256 brn\n|move|p1a: Metagross|Earthquake|p2a: Okidogi\n|-supereffective|p2a: Okidogi\n|-damage|p2a: Okidogi|67/262\n|\n|-heal|p2a: Okidogi|83/262|[from] item: Leftovers\n|-damage|p1a: Metagross|3/256 brn|[from] brn\n|upkeep\n|turn|13\n|\n|t:|1733884511\n|move|p1a: Metagross|Bullet Punch|p2a: Okidogi\n|-damage|p2a: Okidogi|61/262\n|move|p2a: Okidogi|Drain Punch|p1a: Metagross\n|-damage|p1a: Metagross|0 fnt\n|-heal|p2a: Okidogi|63/262|[from] drain|[of] p1a: Metagross\n|faint|p1a: Metagross\n|\n|-heal|p2a: Okidogi|79/262|[from] item: Leftovers\n|upkeep\n|\n|t:|1733884516\n|switch|p1a: Indeedee|Indeedee, L84, M|238/238\n|-fieldstart|move: Psychic Terrain|[from] ability: Psychic Surge|[of] p1a: Indeedee\n|turn|14\n|\n|t:|1733884526\n|move|p1a: Indeedee|Expanding Force|p2a: Okidogi\n|-supereffective|p2a: Okidogi\n|-damage|p2a: Okidogi|0 fnt\n|faint|p2a: Okidogi\n|-damage|p1a: Indeedee|215/238|[from] item: Life Orb\n|\n|upkeep\n|c|\u2606Not_Paint|PLAYERS!\n|\n|t:|1733884534\n|switch|p2a: Meloetta|Meloetta, L82|298/298\n|-damage|p2a: Meloetta|261/298|[from] Stealth Rock\n|turn|15\n|c|\u2606Not_Paint|PUT YOUR PINKY RINGS UP TO THE MOOOOOOOOOOOOOOOOOOOOOOOOOOOOOOOOOOOOOOON!\n|\n|t:|1733884544\n|move|p1a: Indeedee|Hyper Voice|p2a: Meloetta\n|-damage|p2a: Meloetta|158/298\n|-damage|p1a: Indeedee|192/238|[from] item: Life Orb\n|move|p2a: Meloetta|Hyper Voice|p1a: Indeedee\n|-damage|p1a: Indeedee|41/238\n|\n|upkeep\n|turn|16\n|c| Wralagath|But I don't wanna\n|\n|t:|1733884552\n|switch|p1a: Polteageist|Polteageist, L79|224/224\n|move|p2a: Meloetta|Hyper Voice|p1a: Polteageist\n|-immune|p1a: Polteageist\n|\n|upkeep\n|turn|17\n|c| Wralagath|Too much work\n|\n|t:|1733884561\n|switch|p2a: Arcanine|Arcanine, L84, F|288/288\n|-ability|p2a: Arcanine|Intimidate|boost\n|-unboost|p1a: Polteageist|atk|1\n|-enditem|p1a: Polteageist|White Herb\n|-clearnegativeboost|p1a: Polteageist|[silent]\n|move|p1a: Polteageist|Shell Smash|p1a: Polteageist\n|-unboost|p1a: Polteageist|def|1\n|-unboost|p1a: Polteageist|spd|1\n|-boost|p1a: Polteageist|atk|2\n|-boost|p1a: Polteageist|spa|2\n|-boost|p1a: Polteageist|spe|2\n|\n|upkeep\n|turn|18\n|c| Wralagath|Oh shit\n|\n|t:|1733884574\n|move|p2a: Arcanine|Extreme Speed|p1a: Polteageist\n|-activate|p1a: Polteageist|move: Psychic Terrain\n|move|p1a: Polteageist|Shadow Ball|p2a: Arcanine\n|-damage|p2a: Arcanine|81/288\n|\n|-fieldend|move: Psychic Terrain\n|upkeep\n|turn|19\n|c| Wralagath|That was a great play\n|\n|t:|1733884584\n|move|p1a: Polteageist|Shadow Ball|p2a: Arcanine\n|-damage|p2a: Arcanine|0 fnt\n|faint|p2a: Arcanine\n|\n|upkeep\n|c| Wralagath|Excluding the follow-up\n|\n|t:|1733884590\n|switch|p2a: Typhlosion|Typhlosion, L84, M|267/267\n|-damage|p2a: Typhlosion|201/267|[from] Stealth Rock\n|turn|20\n|\n|t:|1733884605\n|-terastallize|p2a: Typhlosion|Fire\n|move|p1a: Polteageist|Shadow Ball|p2a: Typhlosion\n|-damage|p2a: Typhlosion|3/267\n|move|p2a: Typhlosion|Eruption|p1a: Polteageist\n|-damage|p1a: Polteageist|216/224\n|-start|p2a: Typhlosion|Disable|Eruption|[from] ability: Cursed Body|[of] p1a: Polteageist\n|\n|upkeep\n|turn|21\n|\n|t:|1733884616\n|move|p1a: Polteageist|Giga Drain|p2a: Typhlosion\n|-resisted|p2a: Typhlosion\n|-damage|p2a: Typhlosion|0 fnt\n|-heal|p1a: Polteageist|218/224|[from] drain|[of] p2a: Typhlosion\n|faint|p2a: Typhlosion\n|\n|upkeep\n|\n|t:|1733884623\n|switch|p2a: Meloetta|Meloetta, L82|158/298\n|-damage|p2a: Meloetta|121/298|[from] Stealth Rock\n|turn|22\n|\n|t:|1733884632\n|move|p1a: Polteageist|Giga Drain|p2a: Meloetta\n|-damage|p2a: Meloetta|20/298\n|-heal|p1a: Polteageist|224/224|[from] drain|[of] p2a: Meloetta\n|move|p2a: Meloetta|Psyshock|p1a: Polteageist\n|-damage|p1a: Polteageist|0 fnt\n|faint|p1a: Polteageist\n|\n|upkeep\n|\n|t:|1733884644\n|switch|p1a: Indeedee|Indeedee, L84, M|41/238\n|-fieldstart|move: Psychic Terrain|[from] ability: Psychic Surge|[of] p1a: Indeedee\n|turn|23\n|\n|t:|1733884649\n|move|p1a: Indeedee|Hyper Voice|p2a: Meloetta\n|-damage|p2a: Meloetta|0 fnt\n|faint|p2a: Meloetta\n|-damage|p1a: Indeedee|18/238|[from] item: Life Orb\n|\n|upkeep\n|\n|t:|1733884658\n|switch|p2a: Jumpluff|Jumpluff, L87, F|34/271\n|-damage|p2a: Jumpluff|0 fnt|[from] Stealth Rock\n|faint|p2a: Jumpluff\n|\n|win|Not_Paint\n|c|\u2606Not_Paint|ggs\n|c| Wralagath|Damn\n", "inputlog": ">version bfd83cad13791eb5a5a409923076391caf6fb4d4\n>start {\"formatid\":\"gen9randombattle\",\"seed\":[61003,53762,53201,41368]}\n>player p1 {\"name\":\"Not_Paint\",\"avatar\":\"yellow\",\"rating\":0,\"seed\":[9219,27817,47560,48008]}\n>player p2 {\"name\":\"MagoSoul2940\",\"avatar\":\"steven\",\"rating\":0,\"seed\":[41736,33797,61008,20845]}\n>p1 move heavyslam\n>p2 move willowisp\n>p1 move stealthrock\n>p2 move calmmind\n>chat  Wralagath|Emotional Support is back for Round 2\n>p1 switch 4\n>p2 move calmmind\n>p1 move irondefense\n>p2 move shadowball\n>p1 move moonblast\n>p2 move shadowball\n>p1 switch 5\n>p1 move knockoff\n>p2 move drainingkiss\n>chat  Wralagath|The crit did, in fact matter\n>chat \u2606Not_Paint|MUSTAAAAAAAAAAAAAAAAAAAAAAAAAAAAAAAAAAAAAAAAAAAAAAAAAAAAAAAAAAAARD\n>p1 move knockoff\n>p2 move shadowball\n>chat  Wralagath|Mo\n>chat \u2606Not_Paint|(im listening to TV off)\n>chat  Wralagath|No*\n>p2 switch 5\n>chat  Wralagath|Engish har\n>p1 move sludgebomb\n>p2 move acrobatics\n>p1 switch 4\n>p2 move uturn\n>p2 switch 6\n>p1 move earthquake\n>p2 move gunkshot\n>chat  Wralagath|Uh Mago\n>p1 move earthquake\n>p2 move knockoff\n>chat  Wralagath|He's made of metal\n>p1 move earthquake\n>p2 move knockoff\n>p1 move bulletpunch\n>p2 move drainpunch\n>p1 switch 3\n>p1 move expandingforce\n>p2 move knockoff\n>chat \u2606Not_Paint|PLAYERS!\n>p2 switch 4\n>chat \u2606Not_Paint|PUT YOUR PINKY RINGS UP TO THE MOOOOOOOOOOOOOOOOOOOOOOOOOOOOOOOOOOOOOOON!\n>p1 move hypervoice\n>p2 move hypervoice\n>chat  Wralagath|But I don't wanna\n>p1 switch 2\n>p2 move hypervoice\n>chat  Wralagath|Too much work\n>p1 move shellsmash\n>p2 switch 3\n>chat  Wralagath|Oh shit\n>p1 move shadowball\n>p2 move extremespeed\n>chat  Wralagath|That was a great play\n>p1 move shadowball\n>p2 move flareblitz\n>chat  Wralagath|Excluding the follow-up\n>p2 switch 2\n>p1 move shadowball\n>p2 move eruption terastallize\n>p1 move gigadrain\n>p2 move struggle\n>p2 switch 3\n>p1 move gigadrain\n>p2 move psyshock\n>p1 switch 2\n>p1 move hypervoice\n>p2 move psyshock\n>p2 switch 6", "uploadtime": 1733884662, "views": 5, "formatid": "gen9randombattle", "rating": null, "private": 0, "password": null}