{"id": "gen9randombattle-2260559215", "format": "[Gen 9] Random Battle", "players": ["Az1anSensation2", "Yoshicuddles"], "log": "|j|\u203dAz1anSensation2\n|j|\u2606Yoshicuddles\n|t:|1733863506\n|gametype|singles\n|player|p1|Az1anSensation2|265|2159\n|player|p2|Yoshicuddles|101|2199\n|teamsize|p1|6\n|teamsize|p2|6\n|gen|9\n|tier|[Gen 9] Random Battle\n|rated|\n|rule|Species Clause: Limit one of each Pok\u00e9mon\n|rule|HP Percentage Mod: HP is shown in percentages\n|rule|Sleep Clause Mod: Limit one foe put to sleep\n|rule|Illusion Level Mod: Illusion disguises the Pok\u00e9mon's true level\n|\n|t:|1733863506\n|start\n|switch|p1a: Gurdurr|Gurdurr, L85, M|283/283\n|switch|p2a: Quagsire|Quagsire, L84, F|297/297\n|turn|1\n|inactive|Battle timer is ON: inactive players will automatically lose when time's up. (requested by Az1anSensation2)\n|\n|t:|1733863537\n|move|p1a: Gurdurr|Knock Off|p2a: Quagsire\n|-crit|p2a: Quagsire\n|-damage|p2a: Quagsire|187/297\n|-enditem|p2a: Quagsire|Leftovers|[from] move: Knock Off|[of] p1a: Gurdurr\n|move|p2a: Quagsire|Spikes|p1a: Gurdurr\n|-sidestart|p1: Az1anSensation2|Spikes\n|\n|upkeep\n|turn|2\n|\n|t:|1733863545\n|move|p1a: Gurdurr|Bulk Up|p1a: Gurdurr\n|-boost|p1a: Gurdurr|atk|1\n|-boost|p1a: Gurdurr|def|1\n|move|p2a: Quagsire|Spikes|p1a: Gurdurr\n|-sidestart|p1: Az1anSensation2|Spikes\n|\n|upkeep\n|turn|3\n|\n|t:|1733863548\n|move|p1a: Gurdurr|Drain Punch|p2a: Quagsire\n|-damage|p2a: Quagsire|91/297\n|move|p2a: Quagsire|Recover|p2a: Quagsire\n|-heal|p2a: Quagsire|240/297\n|\n|upkeep\n|turn|4\n|\n|t:|1733863558\n|move|p1a: Gurdurr|Drain Punch|p2a: Quagsire\n|-damage|p2a: Quagsire|149/297\n|move|p2a: Quagsire|Spikes|p1a: Gurdurr\n|-sidestart|p1: Az1anSensation2|Spikes\n|\n|upkeep\n|turn|5\n|\n|t:|1733863565\n|move|p1a: Gurdurr|Drain Punch|p2a: Quagsire\n|-damage|p2a: Quagsire|53/297\n|move|p2a: Quagsire|Recover|p2a: Quagsire\n|-heal|p2a: Quagsire|202/297\n|\n|upkeep\n|turn|6\n|\n|t:|1733863569\n|switch|p2a: Iron Valiant|Iron Valiant, L78|244/244\n|move|p1a: Gurdurr|Drain Punch|p2a: Iron Valiant\n|-resisted|p2a: Iron Valiant\n|-damage|p2a: Iron Valiant|181/244\n|\n|upkeep\n|turn|7\n|inactive|Az1anSensation2 has 120 seconds left.\n|\n|t:|1733863610\n|-end|p2a: Iron Valiant|Quark Drive|[silent]\n|switch|p2a: Vikavolt|Vikavolt, L83, M|263/263\n|switch|p1a: Glimmora|Glimmora, L75, M|248/248\n|-item|p1a: Glimmora|Air Balloon\n|\n|upkeep\n|turn|8\n|\n|t:|1733863632\n|switch|p2a: Lanturn|Lanturn, L89, M|367/367\n|move|p1a: Glimmora|Spikes|p2a: Lanturn\n|-sidestart|p2: Yoshicuddles|Spikes\n|\n|upkeep\n|turn|9\n|inactive|Az1anSensation2 has 90 seconds left.\n|\n|t:|1733863657\n|switch|p1a: Gurdurr|Gurdurr, L85, M|283/283\n|-damage|p1a: Gurdurr|213/283|[from] Spikes\n|move|p2a: Lanturn|Thunder Wave|p1a: Gurdurr\n|-status|p1a: Gurdurr|par\n|\n|upkeep\n|turn|10\n|\n|t:|1733863662\n|move|p2a: Lanturn|Volt Switch|p1a: Gurdurr\n|-damage|p1a: Gurdurr|144/283 par\n|\n|t:|1733863663\n|switch|p2a: Vikavolt|Vikavolt, L83, M|263/263|[from] Volt Switch\n|move|p1a: Gurdurr|Knock Off|p2a: Vikavolt\n|-damage|p2a: Vikavolt|141/263\n|-enditem|p2a: Vikavolt|Heavy-Duty Boots|[from] move: Knock Off|[of] p1a: Gurdurr\n|\n|upkeep\n|turn|11\n|inactive|Az1anSensation2 has 90 seconds left.\n|\n|t:|1733863683\n|move|p2a: Vikavolt|Sticky Web|p1a: Gurdurr\n|-sidestart|p1: Az1anSensation2|move: Sticky Web\n|move|p1a: Gurdurr|Bulk Up|p1a: Gurdurr\n|-boost|p1a: Gurdurr|atk|1\n|-boost|p1a: Gurdurr|def|1\n|\n|upkeep\n|turn|12\n|\n|t:|1733863686\n|move|p2a: Vikavolt|Thunderbolt|p1a: Gurdurr\n|-damage|p1a: Gurdurr|27/283 par\n|cant|p1a: Gurdurr|par\n|\n|upkeep\n|turn|13\n|\n|t:|1733863691\n|move|p1a: Gurdurr|Mach Punch|p2a: Vikavolt\n|-resisted|p2a: Vikavolt\n|-damage|p2a: Vikavolt|90/263\n|move|p2a: Vikavolt|Thunderbolt|p1a: Gurdurr\n|-damage|p1a: Gurdurr|0 fnt\n|faint|p1a: Gurdurr\n|\n|upkeep\n|\n|t:|1733863708\n|switch|p1a: Glimmora|Glimmora, L75, M|248/248\n|-item|p1a: Glimmora|Air Balloon\n|turn|14\n|\n|t:|1733863719\n|move|p1a: Glimmora|Sludge Wave|p2a: Vikavolt\n|-damage|p2a: Vikavolt|0 fnt\n|faint|p2a: Vikavolt\n|\n|upkeep\n|\n|t:|1733863721\n|switch|p2a: Lanturn|Lanturn, L89, M|367/367\n|turn|15\n|\n|t:|1733863731\n|switch|p1a: Reuniclus|Reuniclus, L88, F|337/337\n|-activate|p1a: Reuniclus|move: Sticky Web\n|-unboost|p1a: Reuniclus|spe|1\n|move|p2a: Lanturn|Scald|p1a: Reuniclus\n|-damage|p1a: Reuniclus|256/337\n|\n|upkeep\n|turn|16\n|\n|t:|1733863752\n|move|p2a: Lanturn|Thunderbolt|p1a: Reuniclus\n|-crit|p1a: Reuniclus\n|-damage|p1a: Reuniclus|124/337\n|move|p1a: Reuniclus|Calm Mind|p1a: Reuniclus\n|-boost|p1a: Reuniclus|spa|1\n|-boost|p1a: Reuniclus|spd|1\n|\n|upkeep\n|turn|17\n|\n|t:|1733863771\n|move|p2a: Lanturn|Thunder Wave|p1a: Reuniclus\n|-status|p1a: Reuniclus|par\n|move|p1a: Reuniclus|Recover|p1a: Reuniclus\n|-heal|p1a: Reuniclus|293/337 par\n|\n|upkeep\n|turn|18\n|\n|t:|1733863776\n|switch|p2a: Quagsire|Quagsire, L84, F|202/297\n|-damage|p2a: Quagsire|165/297|[from] Spikes\n|move|p1a: Reuniclus|Calm Mind|p1a: Reuniclus\n|-boost|p1a: Reuniclus|spa|1\n|-boost|p1a: Reuniclus|spd|1\n|\n|upkeep\n|turn|19\n|inactive|Az1anSensation2 has 120 seconds left.\n|\n|t:|1733863791\n|-terastallize|p1a: Reuniclus|Steel\n|move|p2a: Quagsire|Recover|p2a: Quagsire\n|-heal|p2a: Quagsire|297/297\n|move|p1a: Reuniclus|Psychic|p2a: Quagsire\n|-damage|p2a: Quagsire|93/297\n|\n|upkeep\n|turn|20\n|\n|t:|1733863811\n|switch|p1a: Glimmora|Glimmora, L75, M|248/248\n|-item|p1a: Glimmora|Air Balloon\n|move|p2a: Quagsire|Earthquake|p1a: Glimmora\n|-immune|p1a: Glimmora\n|\n|upkeep\n|turn|21\n|\n|t:|1733863825\n|move|p1a: Glimmora|Sludge Wave|p2a: Quagsire\n|-resisted|p2a: Quagsire\n|-crit|p2a: Quagsire\n|-damage|p2a: Quagsire|0 fnt\n|faint|p2a: Quagsire\n|\n|upkeep\n|\n|t:|1733863833\n|switch|p2a: Lanturn|Lanturn, L89, M|367/367\n|turn|22\n|\n|t:|1733863839\n|switch|p1a: Reuniclus|Reuniclus, L88, F, tera:Steel|293/337 par\n|-activate|p1a: Reuniclus|move: Sticky Web\n|-unboost|p1a: Reuniclus|spe|1\n|move|p2a: Lanturn|Thunderbolt|p1a: Reuniclus\n|-damage|p1a: Reuniclus|208/337 par\n|\n|upkeep\n|turn|23\n|\n|t:|1733863847\n|move|p2a: Lanturn|Thunderbolt|p1a: Reuniclus\n|-damage|p1a: Reuniclus|118/337 par\n|move|p1a: Reuniclus|Psychic|p2a: Lanturn\n|-damage|p2a: Lanturn|179/367\n|\n|upkeep\n|turn|24\n|\n|t:|1733863852\n|move|p2a: Lanturn|Thunderbolt|p1a: Reuniclus\n|-crit|p1a: Reuniclus\n|-damage|p1a: Reuniclus|0 fnt\n|faint|p1a: Reuniclus\n|\n|upkeep\n|inactive|Az1anSensation2 has 120 seconds left.\n|\n|t:|1733863874\n|switch|p1a: Cinderace|Cinderace, L77, M|249/249\n|-damage|p1a: Cinderace|187/249|[from] Spikes\n|-activate|p1a: Cinderace|move: Sticky Web\n|-unboost|p1a: Cinderace|spe|1\n|turn|25\n|\n|t:|1733863889\n|move|p2a: Lanturn|Thunder Wave|p1a: Cinderace\n|-status|p1a: Cinderace|par\n|move|p1a: Cinderace|Gunk Shot|p2a: Lanturn\n|-start|p1a: Cinderace|typechange|Poison|[from] ability: Libero\n|-damage|p2a: Lanturn|0 fnt\n|faint|p2a: Lanturn\n|\n|upkeep\n|\n|t:|1733863900\n|switch|p2a: Virizion|Virizion, L82|283/283\n|-damage|p2a: Virizion|248/283|[from] Spikes\n|turn|26\n|inactive|Az1anSensation2 has 120 seconds left.\n|\n|t:|1733863925\n|-terastallize|p2a: Virizion|Rock\n|move|p2a: Virizion|Swords Dance|p2a: Virizion\n|-boost|p2a: Virizion|atk|2\n|move|p1a: Cinderace|Gunk Shot|p2a: Virizion\n|-resisted|p2a: Virizion\n|-damage|p2a: Virizion|134/283\n|\n|upkeep\n|turn|27\n|\n|t:|1733863929\n|move|p2a: Virizion|Stone Edge|p1a: Cinderace\n|-damage|p1a: Cinderace|0 fnt\n|faint|p1a: Cinderace\n|-damage|p2a: Virizion|106/283|[from] item: Life Orb\n|\n|upkeep\n|inactive|Az1anSensation2 has 120 seconds left.\n|\n|t:|1733863950\n|switch|p1a: Deoxys|Deoxys-Speed, L82|216/216\n|-damage|p1a: Deoxys|162/216|[from] Spikes\n|-activate|p1a: Deoxys|move: Sticky Web\n|-unboost|p1a: Deoxys|spe|1\n|-ability|p1a: Deoxys|Pressure\n|turn|28\n|\n|t:|1733863956\n|move|p1a: Deoxys|Psycho Boost|p2a: Virizion\n|-damage|p2a: Virizion|0 fnt\n|-unboost|p1a: Deoxys|spa|2\n|faint|p2a: Virizion\n|-damage|p1a: Deoxys|141/216|[from] item: Life Orb\n|\n|upkeep\n|\n|t:|1733863959\n|switch|p2a: Serperior|Serperior, L79, M|248/248\n|-damage|p2a: Serperior|217/248|[from] Spikes\n|turn|29\n|inactive|Az1anSensation2 has 120 seconds left.\n|\n|t:|1733863981\n|switch|p1a: Glimmora|Glimmora, L75, M|248/248\n|-item|p1a: Glimmora|Air Balloon\n|move|p2a: Serperior|Substitute|p2a: Serperior\n|-start|p2a: Serperior|Substitute\n|-damage|p2a: Serperior|155/248\n|\n|-heal|p2a: Serperior|170/248|[from] item: Leftovers\n|upkeep\n|turn|30\n|\n|t:|1733863986\n|move|p2a: Serperior|Leaf Storm|p1a: Glimmora\n|-damage|p1a: Glimmora|124/248\n|-boost|p2a: Serperior|spa|2\n|-enditem|p1a: Glimmora|Air Balloon\n|move|p1a: Glimmora|Sludge Wave|p2a: Serperior\n|-supereffective|p2a: Serperior\n|-end|p2a: Serperior|Substitute\n|\n|-heal|p2a: Serperior|185/248|[from] item: Leftovers\n|upkeep\n|turn|31\n|\n|t:|1733863991\n|move|p2a: Serperior|Leaf Storm|p1a: Glimmora\n|-damage|p1a: Glimmora|0 fnt\n|-boost|p2a: Serperior|spa|2\n|faint|p1a: Glimmora\n|\n|-heal|p2a: Serperior|200/248|[from] item: Leftovers\n|upkeep\n|inactive|Az1anSensation2 has 120 seconds left.\n|\n|t:|1733864008\n|switch|p1a: Deoxys|Deoxys-Speed, L82|141/216\n|-damage|p1a: Deoxys|87/216|[from] Spikes\n|-activate|p1a: Deoxys|move: Sticky Web\n|-unboost|p1a: Deoxys|spe|1\n|-ability|p1a: Deoxys|Pressure\n|turn|32\n|\n|t:|1733864011\n|move|p1a: Deoxys|Psycho Boost|p2a: Serperior\n|-damage|p2a: Serperior|17/248\n|-unboost|p1a: Deoxys|spa|2\n|-damage|p1a: Deoxys|66/216|[from] item: Life Orb\n|move|p2a: Serperior|Dragon Pulse|p1a: Deoxys\n|-damage|p1a: Deoxys|0 fnt\n|faint|p1a: Deoxys\n|\n|-heal|p2a: Serperior|32/248|[from] item: Leftovers\n|upkeep\n|\n|t:|1733864014\n|switch|p1a: Palkia|Palkia, L75|259/259\n|-damage|p1a: Palkia|195/259|[from] Spikes\n|-activate|p1a: Palkia|move: Sticky Web\n|-unboost|p1a: Palkia|spe|1\n|-ability|p1a: Palkia|Pressure\n|turn|33\n|\n|t:|1733864024\n|move|p2a: Serperior|Dragon Pulse|p1a: Palkia\n|-supereffective|p1a: Palkia\n|-damage|p1a: Palkia|0 fnt\n|faint|p1a: Palkia\n|\n|win|Yoshicuddles\n|raw|Az1anSensation2's rating: 2159 &rarr; <strong>2141</strong><br />(-18 for losing)\n|raw|Yoshicuddles's rating: 2199 &rarr; <strong>2217</strong><br />(+18 for winning)\n", "inputlog": ">version bfd83cad13791eb5a5a409923076391caf6fb4d4\n>start {\"formatid\":\"gen9randombattle\",\"seed\":[19508,44582,22520,1793],\"rated\":\"Rated battle\"}\n>player p1 {\"name\":\"Az1anSensation2\",\"avatar\":\"265\",\"rating\":2159,\"seed\":[44770,1702,15546,33251]}\n>player p2 {\"name\":\"Yoshicuddles\",\"avatar\":\"101\",\"rating\":2199,\"seed\":[42367,47464,51192,58318]}\n>p1 move knockoff\n>p2 move spikes\n>p1 move bulkup\n>p2 move spikes\n>p1 move drainpunch\n>p2 move recover\n>p1 move drainpunch\n>p2 move spikes\n>p1 move drainpunch\n>p2 move recover\n>p1 move drainpunch\n>p2 switch 2\n>p1 switch 3\n>p2 switch 6\n>p1 move spikes\n>p2 switch 3\n>p1 switch 3\n>p2 move thunderwave\n>p1 move knockoff\n>p2 move voltswitch\n>p2 switch 3\n>p1 move bulkup\n>p2 move stickyweb\n>p1 move knockoff\n>p2 move thunderbolt\n>p1 move machpunch\n>p2 move thunderbolt\n>p1 switch 3\n>p1 move sludgewave\n>p2 move thunderbolt\n>p2 switch 3\n>p1 switch 6\n>p2 move scald\n>p1 move calmmind\n>p2 move thunderbolt\n>p1 move recover\n>p2 move thunderwave\n>p1 move calmmind\n>p2 switch 2\n>p1 move psychic terastallize\n>p2 move recover\n>p1 switch 6\n>p2 move earthquake\n>p1 move sludgewave\n>p2 move recover\n>p2 switch 2\n>p1 switch 6\n>p2 move thunderbolt\n>p1 move psychic\n>p2 move thunderbolt\n>p1 move recover\n>p2 move thunderbolt\n>p1 switch 2\n>p1 move gunkshot\n>p2 move thunderwave\n>p2 switch 5\n>p1 move gunkshot\n>p2 move swordsdance terastallize\n>p1 move gunkshot\n>p2 move stoneedge\n>p1 switch 4\n>p1 move psychoboost\n>p2 move leafblade\n>p2 switch 4\n>p1 switch 6\n>p2 move substitute\n>p1 move sludgewave\n>p2 move leafstorm\n>p1 move sludgewave\n>p2 move leafstorm\n>p1 switch 6\n>p1 move psychoboost\n>p2 move dragonpulse\n>p1 switch 5\n>p1 move spacialrend\n>p2 move dragonpulse", "uploadtime": 1733864028, "views": 1, "formatid": "gen9randombattle", "rating": 2141, "private": 0, "password": null}