{"id": "gen9randombattle-2260529849", "format": "[Gen 9] Random Battle", "players": ["fad91", "PanisMuncher"], "log": "|j|\u2606fad91\n|j|\u2606PanisMuncher\n|t:|1733860501\n|gametype|singles\n|player|p1|fad91|170|1175\n|player|p2|PanisMuncher|101|1162\n|teamsize|p1|6\n|teamsize|p2|6\n|gen|9\n|tier|[Gen 9] Random Battle\n|rated|\n|rule|Species Clause: Limit one of each Pok\u00e9mon\n|rule|HP Percentage Mod: HP is shown in percentages\n|rule|Sleep Clause Mod: Limit one foe put to sleep\n|rule|Illusion Level Mod: Illusion disguises the Pok\u00e9mon's true level\n|\n|t:|1733860501\n|start\n|switch|p1a: Kingambit|Kingambit, L74, M|270/270\n|switch|p2a: Appletun|Appletun, L92, F|352/352\n|turn|1\n|inactive|Battle timer is ON: inactive players will automatically lose when time's up. (requested by fad91)\n|\n|t:|1733860523\n|move|p1a: Kingambit|Swords Dance|p1a: Kingambit\n|-boost|p1a: Kingambit|atk|2\n|move|p2a: Appletun|Apple Acid|p1a: Kingambit\n|-resisted|p1a: Kingambit\n|-damage|p1a: Kingambit|206/270\n|-unboost|p1a: Kingambit|spd|1\n|\n|-heal|p1a: Kingambit|222/270|[from] item: Leftovers\n|upkeep\n|turn|2\n|\n|t:|1733860536\n|move|p1a: Kingambit|Swords Dance|p1a: Kingambit\n|-boost|p1a: Kingambit|atk|2\n|move|p2a: Appletun|Leech Seed|p1a: Kingambit\n|-start|p1a: Kingambit|move: Leech Seed\n|\n|-heal|p1a: Kingambit|238/270|[from] item: Leftovers\n|-damage|p1a: Kingambit|205/270|[from] Leech Seed|[of] p2a: Appletun\n|upkeep\n|turn|3\n|\n|t:|1733860542\n|move|p1a: Kingambit|Iron Head|p2a: Appletun\n|-damage|p2a: Appletun|79/352\n|move|p2a: Appletun|Draco Meteor|p1a: Kingambit\n|-resisted|p1a: Kingambit\n|-damage|p1a: Kingambit|69/270\n|-unboost|p2a: Appletun|spa|2\n|\n|-heal|p1a: Kingambit|85/270|[from] item: Leftovers\n|-heal|p2a: Appletun|101/352|[from] item: Leftovers\n|-damage|p1a: Kingambit|52/270|[from] Leech Seed|[of] p2a: Appletun\n|-heal|p2a: Appletun|134/352|[silent]\n|upkeep\n|turn|4\n|\n|t:|1733860563\n|move|p1a: Kingambit|Kowtow Cleave|p2a: Appletun\n|-damage|p2a: Appletun|0 fnt\n|faint|p2a: Appletun\n|\n|-heal|p1a: Kingambit|68/270|[from] item: Leftovers\n|upkeep\n|\n|t:|1733860578\n|switch|p2a: Drifblim|Drifblim, L86, M|398/398\n|turn|5\n|\n|t:|1733860596\n|move|p1a: Kingambit|Sucker Punch||[still]\n|-fail|p1a: Kingambit\n|move|p2a: Drifblim|Strength Sap|p1a: Kingambit\n|-unboost|p1a: Kingambit|atk|1\n|\n|-heal|p1a: Kingambit|84/270|[from] item: Leftovers\n|-damage|p1a: Kingambit|51/270|[from] Leech Seed|[of] p2a: Drifblim\n|upkeep\n|turn|6\n|\n|t:|1733860602\n|move|p2a: Drifblim|Shadow Ball|p1a: Kingambit\n|-resisted|p1a: Kingambit\n|-damage|p1a: Kingambit|0 fnt\n|faint|p1a: Kingambit\n|-end|p1a: Kingambit|fallenundefined|[silent]\n|\n|upkeep\n|\n|t:|1733860617\n|switch|p1a: Chandelure|Chandelure, L83, F|235/235\n|turn|7\n|\n|t:|1733860641\n|move|p1a: Chandelure|Shadow Ball|p2a: Drifblim\n|-supereffective|p2a: Drifblim\n|-damage|p2a: Drifblim|96/398\n|move|p2a: Drifblim|Shadow Ball|p1a: Chandelure\n|-supereffective|p1a: Chandelure\n|-damage|p1a: Chandelure|59/235\n|\n|upkeep\n|turn|8\n|\n|t:|1733860661\n|move|p1a: Chandelure|Shadow Ball|p2a: Drifblim\n|-supereffective|p2a: Drifblim\n|-damage|p2a: Drifblim|0 fnt\n|faint|p2a: Drifblim\n|\n|upkeep\n|\n|t:|1733860667\n|switch|p2a: Arceus|Arceus-Rock, L74|300/300\n|turn|9\n|\n|t:|1733860672\n|move|p1a: Chandelure|Shadow Ball|p2a: Arceus\n|-damage|p2a: Arceus|191/300\n|move|p2a: Arceus|Judgment|p1a: Chandelure\n|-supereffective|p1a: Chandelure\n|-damage|p1a: Chandelure|0 fnt\n|faint|p1a: Chandelure\n|\n|upkeep\n|\n|t:|1733860689\n|switch|p1a: Rhydon|Rhydon, L85, F|317/317\n|turn|10\n|\n|t:|1733860700\n|switch|p2a: Latias|Latias, L79, F|256/256\n|-terastallize|p1a: Rhydon|Dragon\n|move|p1a: Rhydon|Earthquake|p2a: Latias\n|-immune|p2a: Latias|[from] ability: Levitate\n|\n|upkeep\n|turn|11\n|\n|t:|1733860713\n|switch|p1a: Wyrdeer|Wyrdeer, L87, M|321/321\n|-ability|p1a: Wyrdeer|Intimidate|boost\n|-unboost|p2a: Latias|atk|1\n|move|p2a: Latias|Draco Meteor|p1a: Wyrdeer\n|-damage|p1a: Wyrdeer|144/321\n|-unboost|p2a: Latias|spa|2\n|\n|-heal|p1a: Wyrdeer|164/321|[from] item: Leftovers\n|upkeep\n|turn|12\n|\n|t:|1733860731\n|switch|p2a: Plusle|Plusle, L95, M|268/268\n|move|p1a: Wyrdeer|Thunder Wave|p2a: Plusle\n|-ability|p2a: Plusle|Lightning Rod|boost\n|-boost|p2a: Plusle|spa|1\n|\n|-heal|p1a: Wyrdeer|184/321|[from] item: Leftovers\n|upkeep\n|turn|13\n|\n|t:|1733860747\n|move|p2a: Plusle|Alluring Voice|p1a: Wyrdeer\n|-damage|p1a: Wyrdeer|57/321\n|-damage|p2a: Plusle|242/268|[from] item: Life Orb\n|move|p1a: Wyrdeer|Earthquake|p2a: Plusle\n|-supereffective|p2a: Plusle\n|-damage|p2a: Plusle|22/268\n|\n|-heal|p1a: Wyrdeer|77/321|[from] item: Leftovers\n|upkeep\n|turn|14\n|\n|t:|1733860751\n|move|p2a: Plusle|Alluring Voice|p1a: Wyrdeer\n|-damage|p1a: Wyrdeer|0 fnt\n|faint|p1a: Wyrdeer\n|-damage|p2a: Plusle|0 fnt|[from] item: Life Orb\n|faint|p2a: Plusle\n|\n|upkeep\n|\n|t:|1733860764\n|switch|p2a: Latias|Latias, L79, F|256/256\n|switch|p1a: Cyclizar|Cyclizar, L83, M|252/252\n|turn|15\n|\n|t:|1733860772\n|move|p1a: Cyclizar|Draco Meteor|p2a: Latias\n|-supereffective|p2a: Latias\n|-damage|p2a: Latias|76/256\n|-unboost|p1a: Cyclizar|spa|2\n|move|p2a: Latias|Draco Meteor|p1a: Cyclizar\n|-supereffective|p1a: Cyclizar\n|-damage|p1a: Cyclizar|0 fnt\n|-unboost|p2a: Latias|spa|2\n|faint|p1a: Cyclizar\n|\n|upkeep\n|\n|t:|1733860787\n|switch|p1a: Rhydon|Rhydon, L85, F, tera:Dragon|317/317\n|turn|16\n|\n|t:|1733860800\n|switch|p2a: Slowbro|Slowbro-Galar, L87, F|307/307\n|move|p1a: Rhydon|Megahorn|p2a: Slowbro\n|-damage|p2a: Slowbro|199/307\n|-damage|p1a: Rhydon|265/317|[from] item: Rocky Helmet|[of] p2a: Slowbro\n|\n|upkeep\n|turn|17\n|c|\u2606fad91|I shouldnt havev terastalized\n|\n|t:|1733860820\n|move|p1a: Rhydon|Swords Dance|p1a: Rhydon\n|-boost|p1a: Rhydon|atk|2\n|move|p2a: Slowbro|Shell Side Arm|p1a: Rhydon|[anim] Shell Side Arm Special\n|-damage|p1a: Rhydon|163/317\n|-hint|Special Shell Side Arm\n|\n|upkeep\n|turn|18\n|\n|t:|1733860829\n|move|p1a: Rhydon|Megahorn|p2a: Slowbro\n|-damage|p2a: Slowbro|0 fnt\n|-damage|p1a: Rhydon|111/317|[from] item: Rocky Helmet|[of] p2a: Slowbro\n|faint|p2a: Slowbro\n|\n|upkeep\n|\n|t:|1733860833\n|switch|p2a: Latias|Latias, L79, F|76/256\n|turn|19\n|\n|t:|1733860838\n|move|p2a: Latias|Draco Meteor|p1a: Rhydon\n|-supereffective|p1a: Rhydon\n|-damage|p1a: Rhydon|0 fnt\n|-unboost|p2a: Latias|spa|2\n|faint|p1a: Rhydon\n|\n|upkeep\n|\n|t:|1733860841\n|switch|p1a: Palkia|Palkia, L75|259/259\n|-ability|p1a: Palkia|Pressure\n|turn|20\n|\n|t:|1733860853\n|switch|p2a: Arceus|Arceus-Rock, L74|191/300\n|move|p1a: Palkia|Spacial Rend|p2a: Arceus\n|-damage|p2a: Arceus|17/300\n|\n|upkeep\n|turn|21\n|c|\u2606PanisMuncher|gift of hindsight\n|\n|t:|1733860862\n|move|p2a: Arceus|Judgment|p1a: Palkia\n|-damage|p1a: Palkia|151/259\n|move|p1a: Palkia|Spacial Rend|p2a: Arceus|[miss]\n|-miss|p1a: Palkia|p2a: Arceus\n|\n|upkeep\n|turn|22\n|\n|t:|1733860870\n|move|p2a: Arceus|Judgment|p1a: Palkia\n|-damage|p1a: Palkia|52/259\n|move|p1a: Palkia|Spacial Rend|p2a: Arceus\n|-damage|p2a: Arceus|0 fnt\n|faint|p2a: Arceus\n|\n|upkeep\n|\n|t:|1733860872\n|switch|p2a: Latias|Latias, L79, F|76/256\n|turn|23\n|\n|t:|1733860875\n|move|p2a: Latias|Psyshock|p1a: Palkia\n|-damage|p1a: Palkia|0 fnt\n|faint|p1a: Palkia\n|\n|win|PanisMuncher\n|raw|fad91's rating: 1175 &rarr; <strong>1149</strong><br />(-26 for losing)\n|raw|PanisMuncher's rating: 1162 &rarr; <strong>1188</strong><br />(+26 for winning)\n|c|\u2606PanisMuncher|gg\n", "inputlog": ">version bfd83cad13791eb5a5a409923076391caf6fb4d4\n>start {\"formatid\":\"gen9randombattle\",\"seed\":[8583,9465,27378,10772],\"rated\":\"Rated battle\"}\n>player p1 {\"name\":\"fad91\",\"avatar\":\"170\",\"rating\":1175,\"seed\":[10803,27146,17756,50837]}\n>player p2 {\"name\":\"PanisMuncher\",\"avatar\":\"101\",\"rating\":1162,\"seed\":[34726,19892,41559,60820]}\n>p1 move swordsdance\n>p2 move appleacid\n>p1 move swordsdance\n>p2 move leechseed\n>p1 move ironhead\n>p2 move dracometeor\n>p1 move kowtowcleave\n>p2 move recover\n>p2 switch 4\n>p1 move suckerpunch\n>p2 move strengthsap\n>p1 move kowtowcleave\n>p2 move shadowball\n>p1 switch 6\n>p1 move shadowball\n>p2 move shadowball\n>p1 move shadowball\n>p2 move shadowball\n>p2 switch 2\n>p1 move shadowball\n>p2 move judgment\n>p1 switch 2\n>p1 move earthquake terastallize\n>p2 switch 5\n>p1 switch 4\n>p2 move dracometeor\n>p1 move thunderwave\n>p2 switch 6\n>p1 move earthquake\n>p2 move alluringvoice\n>p1 move earthquake\n>p2 move alluringvoice\n>p1 switch 3\n>p2 switch 6\n>p1 move dracometeor\n>p2 move dracometeor\n>p1 switch 4\n>p1 move megahorn\n>p2 switch 3\n>chat \u2606fad91|I shouldnt havev terastalized\n>p1 move swordsdance\n>p2 move shellsidearm\n>p1 move megahorn\n>p2 move thunderwave\n>p2 switch 3\n>p1 move megahorn\n>p2 move dracometeor\n>p1 switch 5\n>p1 move spacialrend\n>p2 switch 5\n>chat \u2606PanisMuncher|gift of hindsight\n>p1 move spacialrend\n>p2 move judgment\n>p1 move spacialrend\n>p2 move judgment\n>p2 switch 5\n>p1 move spacialrend\n>p2 move psyshock", "uploadtime": 1733860880, "views": 2, "formatid": "gen9randombattle", "rating": 1149, "private": 0, "password": null}