{"id": "gen9randombattle-2259962956", "format": "[Gen 9] Random Battle", "players": ["vslfkdmsklfms", "BoxyLad"], "log": "|j|\u2606vslfkdmsklfms\n|j|\u2606BoxyLad\n|t:|1733784861\n|gametype|singles\n|player|p1|vslfkdmsklfms|102|1115\n|player|p2|BoxyLad|265|1070\n|teamsize|p1|6\n|teamsize|p2|6\n|gen|9\n|tier|[Gen 9] Random Battle\n|rated|\n|rule|Species Clause: Limit one of each Pok\u00e9mon\n|rule|HP Percentage Mod: HP is shown in percentages\n|rule|Sleep Clause Mod: Limit one foe put to sleep\n|rule|Illusion Level Mod: Illusion disguises the Pok\u00e9mon's true level\n|\n|t:|1733784861\n|start\n|switch|p1a: Wyrdeer|Wyrdeer, L87, M|321/321\n|switch|p2a: Dragalge|Dragalge, L88, F|258/258\n|-ability|p1a: Wyrdeer|Intimidate|boost\n|-unboost|p2a: Dragalge|atk|1\n|turn|1\n|\n|t:|1733784877\n|move|p1a: Wyrdeer|Psychic Noise|p2a: Dragalge\n|-supereffective|p2a: Dragalge\n|-damage|p2a: Dragalge|124/258\n|-start|p2a: Dragalge|move: Heal Block\n|move|p2a: Dragalge|Focus Blast|p1a: Wyrdeer\n|-damage|p1a: Wyrdeer|226/321\n|\n|upkeep\n|turn|2\n|\n|t:|1733784891\n|-terastallize|p2a: Dragalge|Fighting\n|move|p1a: Wyrdeer|Psychic Noise|p2a: Dragalge\n|-supereffective|p2a: Dragalge\n|-damage|p2a: Dragalge|0 fnt\n|faint|p2a: Dragalge\n|\n|upkeep\n|\n|t:|1733784918\n|switch|p2a: Arbok|Arbok, L87, M|246/246\n|-ability|p2a: Arbok|Intimidate|boost\n|-unboost|p1a: Wyrdeer|atk|1\n|turn|3\n|\n|t:|1733784960\n|move|p2a: Arbok|Sucker Punch|p1a: Wyrdeer\n|-supereffective|p1a: Wyrdeer\n|-damage|p1a: Wyrdeer|75/321\n|-damage|p2a: Arbok|222/246|[from] item: Life Orb\n|move|p1a: Wyrdeer|Psychic Noise|p2a: Arbok\n|-supereffective|p2a: Arbok\n|-damage|p2a: Arbok|52/246\n|-start|p2a: Arbok|move: Heal Block\n|\n|upkeep\n|turn|4\n|\n|t:|1733784987\n|move|p2a: Arbok|Sucker Punch|p1a: Wyrdeer\n|-supereffective|p1a: Wyrdeer\n|-damage|p1a: Wyrdeer|0 fnt\n|faint|p1a: Wyrdeer\n|-damage|p2a: Arbok|28/246|[from] item: Life Orb\n|\n|-end|p2a: Arbok|move: Heal Block\n|upkeep\n|\n|t:|1733785000\n|switch|p1a: Kleavor|Kleavor, L78, M|237/237\n|turn|5\n|\n|t:|1733785024\n|move|p2a: Arbok|Earthquake|p1a: Kleavor\n|-damage|p1a: Kleavor|143/237\n|-damage|p2a: Arbok|4/246|[from] item: Life Orb\n|move|p1a: Kleavor|Stone Axe|p2a: Arbok\n|-damage|p2a: Arbok|0 fnt\n|-sidestart|p2: BoxyLad|move: Stealth Rock\n|faint|p2a: Arbok\n|\n|upkeep\n|\n|t:|1733785041\n|switch|p2a: Politoed|Politoed, L88, M|302/302\n|-damage|p2a: Politoed|265/302|[from] Stealth Rock\n|-weather|RainDance|[from] ability: Drizzle|[of] p2a: Politoed\n|turn|6\n|\n|t:|1733785054\n|switch|p1a: Eelektross|Eelektross, L87, F|290/290\n|move|p2a: Politoed|Hydro Pump|p1a: Eelektross\n|-damage|p1a: Eelektross|97/290\n|\n|-weather|RainDance|[upkeep]\n|-heal|p1a: Eelektross|115/290|[from] item: Leftovers\n|upkeep\n|turn|7\n|\n|t:|1733785068\n|move|p2a: Politoed|Hydro Pump|p1a: Eelektross|[miss]\n|-miss|p2a: Politoed|p1a: Eelektross\n|move|p1a: Eelektross|Supercell Slam|p2a: Politoed\n|-supereffective|p2a: Politoed\n|-damage|p2a: Politoed|0 fnt\n|faint|p2a: Politoed\n|\n|-weather|RainDance|[upkeep]\n|-heal|p1a: Eelektross|133/290|[from] item: Leftovers\n|upkeep\n|\n|t:|1733785077\n|switch|p2a: Excadrill|Excadrill, L79, F|303/303\n|-damage|p2a: Excadrill|294/303|[from] Stealth Rock\n|-ability|p2a: Excadrill|Mold Breaker\n|turn|8\n|\n|t:|1733785089\n|move|p2a: Excadrill|Earthquake|p1a: Eelektross\n|-supereffective|p1a: Eelektross\n|-damage|p1a: Eelektross|0 fnt\n|faint|p1a: Eelektross\n|\n|-weather|RainDance|[upkeep]\n|-heal|p2a: Excadrill|303/303|[from] item: Leftovers\n|upkeep\n|\n|t:|1733785098\n|switch|p1a: Greninja|Greninja, L80, M|246/246\n|turn|9\n|\n|t:|1733785123\n|move|p1a: Greninja|Hydro Pump|p2a: Excadrill\n|-supereffective|p2a: Excadrill\n|-damage|p2a: Excadrill|0 fnt\n|faint|p2a: Excadrill\n|-ability|p1a: Greninja|Battle Bond|boost\n|-boost|p1a: Greninja|atk|1\n|-boost|p1a: Greninja|spa|1\n|-boost|p1a: Greninja|spe|1\n|-activate|p1a: Greninja|ability: Battle Bond\n|-damage|p1a: Greninja|222/246|[from] item: Life Orb\n|\n|-weather|RainDance|[upkeep]\n|upkeep\n|\n|t:|1733785140\n|switch|p2a: Gothitelle|Gothitelle, L90, F|272/272\n|-damage|p2a: Gothitelle|238/272|[from] Stealth Rock\n|turn|10\n|\n|t:|1733785147\n|move|p1a: Greninja|Dark Pulse|p2a: Gothitelle\n|-supereffective|p2a: Gothitelle\n|-damage|p2a: Gothitelle|0 fnt\n|faint|p2a: Gothitelle\n|-damage|p1a: Greninja|198/246|[from] item: Life Orb\n|\n|-weather|none\n|upkeep\n|\n|t:|1733785153\n|switch|p2a: Uxie|Uxie, L83|260/260\n|-damage|p2a: Uxie|228/260|[from] Stealth Rock\n|turn|11\n|\n|t:|1733785166\n|move|p1a: Greninja|Dark Pulse|p2a: Uxie\n|-supereffective|p2a: Uxie\n|-damage|p2a: Uxie|0 fnt\n|faint|p2a: Uxie\n|-damage|p1a: Greninja|174/246|[from] item: Life Orb\n|\n|win|vslfkdmsklfms\n|raw|vslfkdmsklfms's rating: 1115 &rarr; <strong>1137</strong><br />(+22 for winning)\n|raw|BoxyLad's rating: 1070 &rarr; <strong>1052</strong><br />(-18 for losing)\n", "inputlog": ">version bfd83cad13791eb5a5a409923076391caf6fb4d4\n>start {\"formatid\":\"gen9randombattle\",\"seed\":[26151,56897,41467,23088],\"rated\":\"Rated battle\"}\n>player p1 {\"name\":\"vslfkdmsklfms\",\"avatar\":\"102\",\"rating\":1115,\"seed\":[1545,30778,8536,5831]}\n>player p2 {\"name\":\"BoxyLad\",\"avatar\":\"265\",\"rating\":1070,\"seed\":[21077,23541,4043,6252]}\n>p1 move psychicnoise\n>p2 move focusblast\n>p1 move psychicnoise\n>p2 move focusblast terastallize\n>p2 switch 2\n>p1 move psychicnoise\n>p2 move suckerpunch\n>p1 move psychicnoise\n>p2 move suckerpunch\n>p1 switch 2\n>p1 move stoneaxe\n>p2 move earthquake\n>p2 switch 3\n>p1 switch 5\n>p2 move hydropump\n>p1 move supercellslam\n>p2 move hydropump\n>p2 switch 4\n>p1 move drainpunch\n>p2 move earthquake\n>p1 switch 3\n>p1 move hydropump\n>p2 move rapidspin\n>p2 switch 5\n>p1 move darkpulse\n>p2 move thunderbolt\n>p2 switch 6\n>p1 move darkpulse\n>p2 move thunderwave", "uploadtime": 1733785170, "views": 2, "formatid": "gen9randombattle", "rating": 1052, "private": 0, "password": null}