{"id": "gen9randombattle-2259997928", "format": "[Gen 9] Random Battle", "players": ["bellenguer2", "RicardoFort18"], "log": "|j|\u2606bellenguer2\n|j|\u2606RicardoFort18\n|t:|1733789182\n|gametype|singles\n|player|p1|bellenguer2|dawn|1637\n|player|p2|RicardoFort18|169|1689\n|teamsize|p1|6\n|teamsize|p2|6\n|gen|9\n|tier|[Gen 9] Random Battle\n|rated|\n|rule|Species Clause: Limit one of each Pok\u00e9mon\n|rule|HP Percentage Mod: HP is shown in percentages\n|rule|Sleep Clause Mod: Limit one foe put to sleep\n|rule|Illusion Level Mod: Illusion disguises the Pok\u00e9mon's true level\n|\n|t:|1733789182\n|start\n|switch|p1a: Dragonite|Dragonite, L74, M|257/257\n|switch|p2a: Ampharos|Ampharos, L88, F|302/302\n|turn|1\n|\n|t:|1733789200\n|move|p1a: Dragonite|Earthquake|p2a: Ampharos\n|-supereffective|p2a: Ampharos\n|-damage|p2a: Ampharos|164/302\n|move|p2a: Ampharos|Dazzling Gleam|p1a: Dragonite\n|-supereffective|p1a: Dragonite\n|-damage|p1a: Dragonite|169/257\n|-damage|p2a: Ampharos|134/302|[from] item: Life Orb\n|\n|upkeep\n|turn|2\n|\n|t:|1733789221\n|switch|p2a: Landorus|Landorus-Therian, L76, M|260/260\n|-ability|p2a: Landorus|Intimidate|boost\n|-unboost|p1a: Dragonite|atk|1\n|move|p1a: Dragonite|Earthquake|p2a: Landorus\n|-immune|p2a: Landorus\n|\n|upkeep\n|turn|3\n|\n|t:|1733789228\n|switch|p1a: Corviknight|Corviknight, L80, M|288/288\n|move|p2a: Landorus|Stone Edge|p1a: Corviknight|[miss]\n|-miss|p2a: Landorus|p1a: Corviknight\n|\n|upkeep\n|turn|4\n|\n|t:|1733789232\n|move|p2a: Landorus|Taunt|p1a: Corviknight\n|-start|p1a: Corviknight|move: Taunt\n|move|p1a: Corviknight|Brave Bird|p2a: Landorus\n|-damage|p2a: Landorus|151/260\n|-damage|p1a: Corviknight|252/288|[from] Recoil\n|\n|-heal|p2a: Landorus|167/260|[from] item: Leftovers\n|-heal|p1a: Corviknight|270/288|[from] item: Leftovers\n|upkeep\n|turn|5\n|\n|t:|1733789240\n|switch|p2a: Ampharos|Ampharos, L88, F|134/302\n|move|p1a: Corviknight|Brave Bird|p2a: Ampharos\n|-resisted|p2a: Ampharos\n|-damage|p2a: Ampharos|78/302\n|-damage|p1a: Corviknight|252/288|[from] Recoil\n|\n|-heal|p1a: Corviknight|270/288|[from] item: Leftovers\n|upkeep\n|turn|6\n|\n|t:|1733789251\n|switch|p1a: Electrode|Electrode, L92|260/260\n|move|p2a: Ampharos|Thunderbolt|p1a: Electrode\n|-resisted|p1a: Electrode\n|-damage|p1a: Electrode|178/260\n|-damage|p2a: Ampharos|48/302|[from] item: Life Orb\n|\n|upkeep\n|turn|7\n|\n|t:|1733789259\n|move|p1a: Electrode|Foul Play|p2a: Ampharos\n|-damage|p2a: Ampharos|4/302\n|move|p2a: Ampharos|Dazzling Gleam|p1a: Electrode\n|-damage|p1a: Electrode|91/260\n|-damage|p2a: Ampharos|0 fnt|[from] item: Life Orb\n|faint|p2a: Ampharos\n|\n|upkeep\n|\n|t:|1733789277\n|switch|p2a: Landorus|Landorus-Therian, L76, M|167/260\n|-ability|p2a: Landorus|Intimidate|boost\n|-unboost|p1a: Electrode|atk|1\n|turn|8\n|\n|t:|1733789282\n|switch|p1a: Corviknight|Corviknight, L80, M|270/288\n|move|p2a: Landorus|U-turn|p1a: Corviknight\n|-resisted|p1a: Corviknight\n|-damage|p1a: Corviknight|258/288\n|\n|t:|1733789288\n|switch|p2a: Floatzel|Floatzel, L85, F|283/283|[from] U-turn\n|\n|-heal|p1a: Corviknight|276/288|[from] item: Leftovers\n|upkeep\n|turn|9\n|\n|t:|1733789296\n|move|p2a: Floatzel|Wave Crash|p1a: Corviknight\n|-damage|p1a: Corviknight|156/288\n|-damage|p2a: Floatzel|243/283|[from] Recoil\n|move|p1a: Corviknight|Brave Bird|p2a: Floatzel\n|-damage|p2a: Floatzel|98/283\n|-damage|p1a: Corviknight|108/288|[from] Recoil\n|\n|-heal|p2a: Floatzel|115/283|[from] item: Leftovers\n|-heal|p1a: Corviknight|126/288|[from] item: Leftovers\n|upkeep\n|turn|10\n|\n|t:|1733789319\n|move|p2a: Floatzel|Bulk Up|p2a: Floatzel\n|-boost|p2a: Floatzel|atk|1\n|-boost|p2a: Floatzel|def|1\n|move|p1a: Corviknight|Roost|p1a: Corviknight\n|-heal|p1a: Corviknight|270/288\n|-singleturn|p1a: Corviknight|move: Roost\n|\n|-heal|p2a: Floatzel|132/283|[from] item: Leftovers\n|-heal|p1a: Corviknight|288/288|[from] item: Leftovers\n|upkeep\n|turn|11\n|\n|t:|1733789326\n|move|p2a: Floatzel|Wave Crash|p1a: Corviknight\n|-damage|p1a: Corviknight|98/288\n|-damage|p2a: Floatzel|69/283|[from] Recoil\n|move|p1a: Corviknight|Brave Bird|p2a: Floatzel\n|-damage|p2a: Floatzel|0 fnt\n|faint|p2a: Floatzel\n|-damage|p1a: Corviknight|75/288|[from] Recoil\n|\n|-heal|p1a: Corviknight|93/288|[from] item: Leftovers\n|upkeep\n|\n|t:|1733789335\n|switch|p2a: Swanna|Swanna, L88, M|275/275\n|turn|12\n|\n|t:|1733789342\n|move|p2a: Swanna|Hydro Pump|p1a: Corviknight\n|-damage|p1a: Corviknight|0 fnt\n|faint|p1a: Corviknight\n|\n|upkeep\n|\n|t:|1733789352\n|switch|p1a: Latios|Latios, L78, M|253/253\n|turn|13\n|\n|t:|1733789359\n|-terastallize|p2a: Swanna|Ground\n|move|p2a: Swanna|Knock Off|p1a: Latios\n|-supereffective|p1a: Latios\n|-damage|p1a: Latios|105/253\n|-enditem|p1a: Latios|Choice Specs|[from] move: Knock Off|[of] p2a: Swanna\n|move|p1a: Latios|Luster Purge|p2a: Swanna\n|-crit|p2a: Swanna\n|-damage|p2a: Swanna|58/275\n|\n|upkeep\n|turn|14\n|\n|t:|1733789377\n|switch|p1a: Leafeon|Leafeon, L88, M|258/258\n|move|p2a: Swanna|Knock Off|p1a: Leafeon\n|-damage|p1a: Leafeon|209/258\n|-enditem|p1a: Leafeon|Life Orb|[from] move: Knock Off|[of] p2a: Swanna\n|\n|upkeep\n|turn|15\n|\n|t:|1733789382\n|move|p2a: Swanna|Brave Bird|p1a: Leafeon\n|-supereffective|p1a: Leafeon\n|-crit|p1a: Leafeon\n|-damage|p1a: Leafeon|0 fnt\n|faint|p1a: Leafeon\n|-damage|p2a: Swanna|0 fnt|[from] Recoil\n|faint|p2a: Swanna\n|\n|upkeep\n|\n|t:|1733789396\n|switch|p2a: Wyrdeer|Wyrdeer, L87, F|321/321\n|switch|p1a: Latios|Latios, L78, M|105/253\n|-ability|p2a: Wyrdeer|Intimidate|boost\n|-unboost|p1a: Latios|atk|1\n|turn|16\n|\n|t:|1733789402\n|move|p1a: Latios|Flip Turn|p2a: Wyrdeer\n|-damage|p2a: Wyrdeer|294/321\n|\n|t:|1733789409\n|switch|p1a: Dragonite|Dragonite, L74, M|169/257|[from] Flip Turn\n|move|p2a: Wyrdeer|Body Slam|p1a: Dragonite\n|-damage|p1a: Dragonite|57/257\n|\n|upkeep\n|turn|17\n|\n|t:|1733789415\n|move|p2a: Wyrdeer|Body Slam|p1a: Dragonite\n|-damage|p1a: Dragonite|0 fnt\n|faint|p1a: Dragonite\n|\n|upkeep\n|\n|t:|1733789422\n|switch|p1a: Samurott|Samurott, L88, M|310/310\n|turn|18\n|\n|t:|1733789428\n|move|p1a: Samurott|Megahorn|p2a: Wyrdeer|[miss]\n|-miss|p1a: Samurott|p2a: Wyrdeer\n|move|p2a: Wyrdeer|Thunderbolt|p1a: Samurott\n|-supereffective|p1a: Samurott\n|-damage|p1a: Samurott|206/310\n|\n|upkeep\n|turn|19\n|\n|t:|1733789432\n|move|p1a: Samurott|Megahorn|p2a: Wyrdeer\n|-supereffective|p2a: Wyrdeer\n|-damage|p2a: Wyrdeer|80/321\n|move|p2a: Wyrdeer|Thunderbolt|p1a: Samurott\n|-supereffective|p1a: Samurott\n|-damage|p1a: Samurott|98/310\n|-status|p1a: Samurott|par\n|\n|upkeep\n|turn|20\n|\n|t:|1733789440\n|move|p1a: Samurott|Aqua Jet|p2a: Wyrdeer\n|-damage|p2a: Wyrdeer|5/321\n|move|p2a: Wyrdeer|Thunderbolt|p1a: Samurott\n|-supereffective|p1a: Samurott\n|-damage|p1a: Samurott|0 fnt\n|faint|p1a: Samurott\n|\n|upkeep\n|\n|t:|1733789445\n|switch|p1a: Latios|Latios, L78, M|105/253\n|turn|21\n|\n|t:|1733789449\n|move|p1a: Latios|Luster Purge|p2a: Wyrdeer\n|-resisted|p2a: Wyrdeer\n|-damage|p2a: Wyrdeer|0 fnt\n|faint|p2a: Wyrdeer\n|\n|upkeep\n|\n|t:|1733789455\n|switch|p2a: Landorus|Landorus-Therian, L76, M|167/260\n|-ability|p2a: Landorus|Intimidate|boost\n|-unboost|p1a: Latios|atk|1\n|turn|22\n|\n|t:|1733789465\n|-terastallize|p1a: Latios|Steel\n|move|p1a: Latios|Flip Turn|p2a: Landorus\n|-supereffective|p2a: Landorus\n|-damage|p2a: Landorus|115/260\n|\n|t:|1733789469\n|switch|p1a: Electrode|Electrode, L92|91/260|[from] Flip Turn\n|move|p2a: Landorus|U-turn|p1a: Electrode\n|-damage|p1a: Electrode|27/260\n|\n|t:|1733789474\n|switch|p2a: Decidueye|Decidueye-Hisui, L87, F|295/295|[from] U-turn\n|\n|upkeep\n|turn|23\n|\n|t:|1733789483\n|move|p1a: Electrode|Taunt|p2a: Decidueye\n|-start|p2a: Decidueye|move: Taunt\n|move|p2a: Decidueye|Triple Arrows|p1a: Electrode\n|-crit|p1a: Electrode\n|-damage|p1a: Electrode|0 fnt\n|faint|p1a: Electrode\n|\n|upkeep\n|\n|t:|1733789485\n|switch|p1a: Latios|Latios, L78, M, tera:Steel|105/253\n|turn|24\n|\n|t:|1733789488\n|move|p1a: Latios|Luster Purge|p2a: Decidueye\n|-supereffective|p2a: Decidueye\n|-damage|p2a: Decidueye|107/295\n|move|p2a: Decidueye|Triple Arrows|p1a: Latios\n|-supereffective|p1a: Latios\n|-damage|p1a: Latios|0 fnt\n|faint|p1a: Latios\n|\n|win|RicardoFort18\n|raw|bellenguer2's rating: 1637 &rarr; <strong>1620</strong><br />(-17 for losing)\n|raw|RicardoFort18's rating: 1689 &rarr; <strong>1706</strong><br />(+17 for winning)\n", "inputlog": ">version bfd83cad13791eb5a5a409923076391caf6fb4d4\n>start {\"formatid\":\"gen9randombattle\",\"seed\":[17232,64619,32631,56956],\"rated\":\"Rated battle\"}\n>player p1 {\"name\":\"bellenguer2\",\"avatar\":\"dawn\",\"rating\":1637,\"seed\":[32167,57232,22053,26303]}\n>player p2 {\"name\":\"RicardoFort18\",\"avatar\":\"169\",\"rating\":1689,\"seed\":[19897,38437,49823,63600]}\n>p1 move earthquake\n>p2 move dazzlinggleam\n>p1 move earthquake\n>p2 switch 2\n>p1 switch 5\n>p2 move stoneedge\n>p1 move bravebird\n>p2 move taunt\n>p1 move bravebird\n>p2 switch 2\n>p1 switch 6\n>p2 move thunderbolt\n>p1 move foulplay\n>p2 move dazzlinggleam\n>p2 switch 2\n>p1 switch 6\n>p2 move uturn\n>p2 switch 3\n>p1 move bravebird\n>p2 move wavecrash\n>p1 move roost\n>p2 move bulkup\n>p1 move bravebird\n>p2 move wavecrash\n>p2 switch 6\n>p1 move bravebird\n>p2 move hydropump\n>p1 switch 4\n>p1 move lusterpurge\n>p2 move knockoff terastallize\n>p1 switch 3\n>p2 move knockoff\n>p1 move leafblade\n>p2 move bravebird\n>p1 switch 3\n>p2 switch 5\n>p1 move flipturn\n>p2 move bodyslam\n>p1 switch 5\n>p1 move outrage\n>p2 move bodyslam\n>p1 switch 2\n>p1 move megahorn\n>p2 move thunderbolt\n>p1 move megahorn\n>p2 move thunderbolt\n>p1 move aquajet\n>p2 move thunderbolt\n>p1 switch 5\n>p1 move lusterpurge\n>p2 move bodyslam\n>p2 switch 3\n>p1 move flipturn terastallize\n>p2 move uturn\n>p1 switch 6\n>p2 switch 4\n>p1 move taunt\n>p2 move triplearrows\n>p1 switch 6\n>p1 move lusterpurge\n>p2 move triplearrows", "uploadtime": 1733789493, "views": 1, "formatid": "gen9randombattle", "rating": 1620, "private": 0, "password": null}