{"id": "gen9randombattle-2166577089", "format": "[Gen 9] Random Battle", "players": ["Rex 2099", "gta44"], "log": "|badge|p2|bronze|gen9randombattle|100-2\n|uhtml|medal-msg|<div class=\"broadcast-blue\">Curious what those medals under the avatar are? PS now has Ladder Seasons! For more information, check out the <a href=\"https://www.smogon.com/forums/threads/3740067/\">thread on Smogon.</a></div>\n|j|\u2606Rex 2099\n|j|\u203dgta44\n|t:|1721827850\n|gametype|singles\n|player|p1|Rex 2099|janitor|2272\n|player|p2|gta44|169|2328\n|teamsize|p1|6\n|teamsize|p2|6\n|gen|9\n|tier|[Gen 9] Random Battle\n|rated|\n|rule|Species Clause: Limit one of each Pok\u00e9mon\n|rule|HP Percentage Mod: HP is shown in percentages\n|rule|Sleep Clause Mod: Limit one foe put to sleep\n|rule|Illusion Level Mod: Illusion disguises the Pok\u00e9mon's true level\n|\n|t:|1721827850\n|start\n|switch|p1a: Solgaleo|Solgaleo, L74|325/325\n|switch|p2a: Flamigo|Flamigo, L82, F|269/269\n|turn|1\n|inactive|Battle timer is ON: inactive players will automatically lose when time's up. (requested by gta44)\n|\n|t:|1721827861\n|-terastallize|p2a: Flamigo|Fighting\n|move|p2a: Flamigo|Close Combat|p1a: Solgaleo\n|-damage|p1a: Solgaleo|71/325\n|-unboost|p2a: Flamigo|def|1\n|-unboost|p2a: Flamigo|spd|1\n|move|p1a: Solgaleo|Flame Charge|p2a: Flamigo\n|-damage|p2a: Flamigo|204/269\n|-boost|p1a: Solgaleo|spe|1\n|\n|upkeep\n|turn|2\n|\n|t:|1721827875\n|switch|p2a: Sandaconda|Sandaconda, L84, M|258/258\n|move|p1a: Solgaleo|Sunsteel Strike|p2a: Sandaconda\n|-damage|p2a: Sandaconda|167/258\n|\n|-heal|p2a: Sandaconda|183/258|[from] item: Leftovers\n|upkeep\n|turn|3\n|\n|t:|1721827878\n|move|p1a: Solgaleo|Psychic|p2a: Sandaconda\n|-damage|p2a: Sandaconda|81/258\n|move|p2a: Sandaconda|Earthquake|p1a: Solgaleo\n|-supereffective|p1a: Solgaleo\n|-damage|p1a: Solgaleo|0 fnt\n|faint|p1a: Solgaleo\n|\n|-heal|p2a: Sandaconda|97/258|[from] item: Leftovers\n|upkeep\n|\n|t:|1721827890\n|switch|p1a: Ludicolo|Ludicolo, L90, F|290/290\n|turn|4\n|\n|t:|1721827897\n|move|p1a: Ludicolo|Giga Drain|p2a: Sandaconda\n|-supereffective|p2a: Sandaconda\n|-damage|p2a: Sandaconda|0 fnt\n|faint|p2a: Sandaconda\n|\n|upkeep\n|\n|t:|1721827902\n|switch|p2a: Flamigo|Flamigo, L82, F, tera:Fighting|204/269\n|turn|5\n|\n|t:|1721827917\n|switch|p1a: Wigglytuff|Wigglytuff, L96, M|424/424\n|move|p2a: Flamigo|U-turn|p1a: Wigglytuff\n|-resisted|p1a: Wigglytuff\n|-damage|p1a: Wigglytuff|366/424\n|\n|t:|1721827928\n|switch|p2a: Dewgong|Dewgong, L93, F|318/318|[from] U-turn\n|\n|-heal|p1a: Wigglytuff|392/424|[from] item: Leftovers\n|upkeep\n|turn|6\n|\n|t:|1721827940\n|move|p2a: Dewgong|Knock Off|p1a: Wigglytuff\n|-resisted|p1a: Wigglytuff\n|-damage|p1a: Wigglytuff|343/424\n|-enditem|p1a: Wigglytuff|Leftovers|[from] move: Knock Off|[of] p2a: Dewgong\n|move|p1a: Wigglytuff|Thunder Wave|p2a: Dewgong\n|-status|p2a: Dewgong|par\n|\n|upkeep\n|turn|7\n|\n|t:|1721827944\n|move|p1a: Wigglytuff|Knock Off|p2a: Dewgong\n|-damage|p2a: Dewgong|255/318 par\n|-enditem|p2a: Dewgong|Assault Vest|[from] move: Knock Off|[of] p1a: Wigglytuff\n|move|p2a: Dewgong|Flip Turn|p1a: Wigglytuff\n|-damage|p1a: Wigglytuff|256/424\n|\n|t:|1721827949\n|switch|p2a: Flamigo|Flamigo, L82, F, tera:Fighting|204/269|[from] Flip Turn\n|\n|upkeep\n|turn|8\n|\n|t:|1721827954\n|move|p2a: Flamigo|Close Combat|p1a: Wigglytuff\n|-damage|p1a: Wigglytuff|0 fnt\n|-unboost|p2a: Flamigo|def|1\n|-unboost|p2a: Flamigo|spd|1\n|faint|p1a: Wigglytuff\n|\n|upkeep\n|\n|t:|1721827959\n|switch|p1a: Dragalge|Dragalge, L88, M|258/258\n|turn|9\n|\n|t:|1721827963\n|switch|p2a: Dewgong|Dewgong, L93, F|255/318 par\n|move|p1a: Dragalge|Draco Meteor|p2a: Dewgong\n|-damage|p2a: Dewgong|77/318 par\n|-unboost|p1a: Dragalge|spa|2\n|\n|upkeep\n|turn|10\n|\n|t:|1721827969\n|move|p1a: Dragalge|Draco Meteor|p2a: Dewgong|[miss]\n|-miss|p1a: Dragalge|p2a: Dewgong\n|move|p2a: Dewgong|Triple Axel|p1a: Dragalge\n|-supereffective|p1a: Dragalge\n|-damage|p1a: Dragalge|216/258\n|-supereffective|p1a: Dragalge\n|-damage|p1a: Dragalge|142/258\n|-supereffective|p1a: Dragalge\n|-damage|p1a: Dragalge|22/258\n|-hitcount|p1a: Dragalge|3\n|\n|-heal|p1a: Dragalge|38/258|[from] item: Leftovers\n|upkeep\n|turn|11\n|\n|t:|1721827980\n|move|p1a: Dragalge|Sludge Wave|p2a: Dewgong\n|-damage|p2a: Dewgong|17/318 par\n|move|p2a: Dewgong|Flip Turn|p1a: Dragalge\n|-resisted|p1a: Dragalge\n|-damage|p1a: Dragalge|11/258\n|\n|t:|1721827988\n|switch|p2a: Flamigo|Flamigo, L82, F, tera:Fighting|204/269|[from] Flip Turn\n|\n|-heal|p1a: Dragalge|27/258|[from] item: Leftovers\n|upkeep\n|turn|12\n|\n|t:|1721827994\n|move|p2a: Flamigo|Close Combat|p1a: Dragalge\n|-resisted|p1a: Dragalge\n|-damage|p1a: Dragalge|0 fnt\n|-unboost|p2a: Flamigo|def|1\n|-unboost|p2a: Flamigo|spd|1\n|faint|p1a: Dragalge\n|\n|upkeep\n|\n|t:|1721828010\n|switch|p1a: Roaring Moon|Roaring Moon, L72|270/270\n|-enditem|p1a: Roaring Moon|Booster Energy\n|-activate|p1a: Roaring Moon|ability: Protosynthesis|[fromitem]\n|-start|p1a: Roaring Moon|protosynthesisatk\n|turn|13\n|\n|t:|1721828020\n|switch|p2a: Dewgong|Dewgong, L93, F|17/318 par\n|-terastallize|p1a: Roaring Moon|Flying\n|move|p1a: Roaring Moon|Dragon Dance|p1a: Roaring Moon\n|-boost|p1a: Roaring Moon|atk|1\n|-boost|p1a: Roaring Moon|spe|1\n|\n|upkeep\n|turn|14\n|\n|t:|1721828026\n|move|p1a: Roaring Moon|Acrobatics|p2a: Dewgong\n|-damage|p2a: Dewgong|0 fnt\n|faint|p2a: Dewgong\n|\n|upkeep\n|\n|t:|1721828032\n|switch|p2a: Vigoroth|Vigoroth, L85, M|275/275\n|turn|15\n|\n|t:|1721828037\n|move|p1a: Roaring Moon|Knock Off|p2a: Vigoroth\n|-damage|p2a: Vigoroth|131/275\n|-enditem|p2a: Vigoroth|Eviolite|[from] move: Knock Off|[of] p1a: Roaring Moon\n|move|p2a: Vigoroth|Bulk Up|p2a: Vigoroth\n|-boost|p2a: Vigoroth|atk|1\n|-boost|p2a: Vigoroth|def|1\n|\n|upkeep\n|turn|16\n|\n|t:|1721828041\n|move|p1a: Roaring Moon|Acrobatics|p2a: Vigoroth\n|-damage|p2a: Vigoroth|0 fnt\n|faint|p2a: Vigoroth\n|\n|upkeep\n|\n|t:|1721828045\n|switch|p2a: Polteageist|Polteageist, L79|224/224\n|turn|17\n|\n|t:|1721828050\n|move|p1a: Roaring Moon|Knock Off|p2a: Polteageist\n|-supereffective|p2a: Polteageist\n|-damage|p2a: Polteageist|0 fnt\n|-enditem|p2a: Polteageist|White Herb|[from] move: Knock Off|[of] p1a: Roaring Moon\n|faint|p2a: Polteageist\n|\n|upkeep\n|\n|t:|1721828053\n|switch|p2a: Gallade|Gallade, L82, M|246/246\n|turn|18\n|\n|t:|1721828056\n|move|p1a: Roaring Moon|Acrobatics|p2a: Gallade\n|-supereffective|p2a: Gallade\n|-damage|p2a: Gallade|0 fnt\n|faint|p2a: Gallade\n|\n|upkeep\n|\n|t:|1721828059\n|switch|p2a: Flamigo|Flamigo, L82, F, tera:Fighting|204/269\n|turn|19\n|\n|t:|1721828062\n|move|p1a: Roaring Moon|Acrobatics|p2a: Flamigo\n|-supereffective|p2a: Flamigo\n|-damage|p2a: Flamigo|0 fnt\n|faint|p2a: Flamigo\n|\n|win|Rex 2099\n|raw|Rex 2099's rating: 2272 &rarr; <strong>2295</strong><br />(+23 for winning)\n|raw|gta44's rating: 2328 &rarr; <strong>2305</strong><br />(-23 for losing)\n", "inputlog": ">version 16d9ffe07e6bc8e4f1c17d5198fc9cfb3141ab0a\n>start {\"formatid\":\"gen9randombattle\",\"seed\":[49136,10070,14874,53050],\"rated\":\"Rated battle\"}\n>player p1 {\"name\":\"Rex 2099\",\"avatar\":\"janitor\",\"rating\":2272,\"seed\":[56265,59095,58049,20718]}\n>player p2 {\"name\":\"gta44\",\"avatar\":\"169\",\"rating\":2328,\"seed\":[53274,44361,14588,63365]}\n>p1 move flamecharge\n>p2 move closecombat terastallize\n>p1 move sunsteelstrike\n>p2 switch 3\n>p1 move psychic\n>p2 move earthquake\n>p1 switch 6\n>p1 move gigadrain\n>p2 move stoneedge\n>p2 switch 3\n>p1 switch 2\n>p2 move uturn\n>p2 switch 4\n>p1 move thunderwave\n>p2 move knockoff\n>p1 move knockoff\n>p2 move flipturn\n>p2 switch 4\n>p1 move alluringvoice\n>p2 move closecombat\n>p1 switch 5\n>p1 move dracometeor\n>p2 switch 4\n>p1 move dracometeor\n>p2 move tripleaxel\n>p1 move sludgewave\n>p2 move flipturn\n>p2 switch 4\n>p1 move toxic\n>p2 move closecombat\n>p1 switch 4\n>p1 move dragondance terastallize\n>p2 switch 4\n>p1 move acrobatics\n>p2 move tripleaxel\n>p2 switch 5\n>p1 move knockoff\n>p2 move bulkup\n>p1 move acrobatics\n>p2 move slackoff\n>p2 switch 2\n>p1 move knockoff\n>p2 move shellsmash\n>p2 switch 6\n>p1 move acrobatics\n>p2 move psychocut\n>p2 switch 4\n>p1 move acrobatics\n>p2 move bravebird", "uploadtime": 1721828063, "views": 143, "formatid": "gen9randombattle", "rating": 2295, "private": 0, "password": null}