{"id": "gen9randombattle-2260583029", "format": "[Gen 9] Random Battle", "players": ["Asap_Fern01", "eatenbygrues"], "log": "|j|\u2606Asap_Fern01\n|j|\u2606eatenbygrues\n|t:|1733865997\n|gametype|singles\n|player|p1|Asap_Fern01|crasherwake|1325\n|player|p2|eatenbygrues|unknownf|1373\n|teamsize|p1|6\n|teamsize|p2|6\n|gen|9\n|tier|[Gen 9] Random Battle\n|rated|\n|rule|Species Clause: Limit one of each Pok\u00e9mon\n|rule|HP Percentage Mod: HP is shown in percentages\n|rule|Sleep Clause Mod: Limit one foe put to sleep\n|rule|Illusion Level Mod: Illusion disguises the Pok\u00e9mon's true level\n|\n|t:|1733865997\n|start\n|switch|p1a: Cryogonal|Cryogonal, L89|287/287\n|switch|p2a: Amoonguss|Amoonguss, L82, F|321/321\n|turn|1\n|inactive|Battle timer is ON: inactive players will automatically lose when time's up. (requested by Asap_Fern01)\n|\n|t:|1733866015\n|switch|p2a: Annihilape|Annihilape, L76, F|292/292\n|move|p1a: Cryogonal|Freeze-Dry|p2a: Annihilape\n|-damage|p2a: Annihilape|199/292\n|\n|-heal|p2a: Annihilape|217/292|[from] item: Leftovers\n|upkeep\n|turn|2\n|\n|t:|1733866027\n|switch|p1a: Granbull|Granbull, L88, M|302/302\n|-ability|p1a: Granbull|Intimidate|boost\n|-unboost|p2a: Annihilape|atk|1\n|-ability|p2a: Annihilape|Defiant|boost\n|-boost|p2a: Annihilape|atk|2\n|move|p2a: Annihilape|Bulk Up|p2a: Annihilape\n|-boost|p2a: Annihilape|atk|1\n|-boost|p2a: Annihilape|def|1\n|\n|-heal|p2a: Annihilape|235/292|[from] item: Leftovers\n|upkeep\n|turn|3\n|c|\u2606Asap_Fern01|Whoops\n|\n|t:|1733866047\n|-terastallize|p2a: Annihilape|Ghost\n|move|p2a: Annihilape|Gunk Shot|p1a: Granbull|[miss]\n|-miss|p2a: Annihilape|p1a: Granbull\n|move|p1a: Granbull|Encore|p2a: Annihilape\n|-start|p2a: Annihilape|Encore\n|\n|-heal|p2a: Annihilape|253/292|[from] item: Leftovers\n|upkeep\n|turn|4\n|\n|t:|1733866061\n|move|p2a: Annihilape|Gunk Shot|p1a: Granbull\n|-supereffective|p1a: Granbull\n|-damage|p1a: Granbull|0 fnt\n|faint|p1a: Granbull\n|\n|-heal|p2a: Annihilape|271/292|[from] item: Leftovers\n|upkeep\n|\n|t:|1733866074\n|switch|p1a: Excadrill|Excadrill, L79, M|303/303\n|-ability|p1a: Excadrill|Mold Breaker\n|turn|5\n|\n|t:|1733866084\n|move|p1a: Excadrill|Earthquake|p2a: Annihilape\n|-damage|p2a: Annihilape|183/292\n|move|p2a: Annihilape|Gunk Shot|p1a: Excadrill\n|-immune|p1a: Excadrill\n|\n|-heal|p2a: Annihilape|201/292|[from] item: Leftovers\n|upkeep\n|turn|6\n|\n|t:|1733866092\n|move|p1a: Excadrill|Earthquake|p2a: Annihilape\n|-damage|p2a: Annihilape|108/292\n|move|p2a: Annihilape|Gunk Shot|p1a: Excadrill\n|-immune|p1a: Excadrill\n|\n|-heal|p2a: Annihilape|126/292|[from] item: Leftovers\n|-end|p2a: Annihilape|Encore\n|upkeep\n|turn|7\n|inactive|Asap_Fern01 has 120 seconds left.\n|\n|t:|1733866123\n|move|p1a: Excadrill|Iron Head|p2a: Annihilape\n|-damage|p2a: Annihilape|51/292\n|move|p2a: Annihilape|Drain Punch|p1a: Excadrill\n|-supereffective|p1a: Excadrill\n|-damage|p1a: Excadrill|0 fnt\n|-heal|p2a: Annihilape|203/292|[from] drain|[of] p1a: Excadrill\n|faint|p1a: Excadrill\n|\n|-heal|p2a: Annihilape|221/292|[from] item: Leftovers\n|upkeep\n|inactive|Asap_Fern01 has 120 seconds left.\n|\n|t:|1733866134\n|switch|p1a: Latias|Latias, L79, F|256/256\n|turn|8\n|inactive|Asap_Fern01 has 120 seconds left.\n|\n|t:|1733866146\n|move|p1a: Latias|Draco Meteor|p2a: Annihilape\n|-damage|p2a: Annihilape|41/292\n|-unboost|p1a: Latias|spa|2\n|move|p2a: Annihilape|Rage Fist|p1a: Latias\n|-supereffective|p1a: Latias\n|-damage|p1a: Latias|0 fnt\n|faint|p1a: Latias\n|\n|-heal|p2a: Annihilape|59/292|[from] item: Leftovers\n|upkeep\n|c|\u2606Asap_Fern01|fucking dogshit\n|-message|Asap_Fern01 forfeited.\n|\n|win|eatenbygrues\n", "inputlog": ">version bfd83cad13791eb5a5a409923076391caf6fb4d4\n>start {\"formatid\":\"gen9randombattle\",\"seed\":[39273,51537,6891,35937],\"rated\":\"Rated battle\"}\n>player p1 {\"name\":\"Asap_Fern01\",\"avatar\":\"crasherwake\",\"rating\":1325,\"seed\":[53989,44067,45166,27875]}\n>player p2 {\"name\":\"eatenbygrues\",\"avatar\":\"unknownf\",\"rating\":1373,\"seed\":[42877,64280,11832,49940]}\n>p1 move freezedry\n>p2 switch 4\n>p1 switch 5\n>p2 move bulkup\n>chat \u2606Asap_Fern01|Whoops\n>p1 move encore\n>p2 move gunkshot terastallize\n>p1 move playrough\n>p2 move gunkshot\n>p1 switch 3\n>p1 move earthquake\n>p2 move gunkshot\n>p1 move earthquake\n>p2 move gunkshot\n>p1 move ironhead\n>p2 move drainpunch\n>p1 switch 4\n>p1 move dracometeor\n>p2 move ragefist\n>chat \u2606Asap_Fern01|fucking dogshit\n>forcelose p1", "uploadtime": 1733866159, "views": 1, "formatid": "gen9randombattle", "rating": null, "private": 0, "password": null}