{"id": "gen9randombattle-2260793749", "format": "[Gen 9] Random Battle", "players": ["yellon", "flacid toe"], "log": "|j|\u2606yellon\n|j|\u2606flacid toe\n|t:|1733893108\n|gametype|singles\n|player|p1|yellon|266|1461\n|player|p2|flacid toe|boarder|1491\n|teamsize|p1|6\n|teamsize|p2|6\n|gen|9\n|tier|[Gen 9] Random Battle\n|rated|\n|rule|Species Clause: Limit one of each Pok\u00e9mon\n|rule|HP Percentage Mod: HP is shown in percentages\n|rule|Sleep Clause Mod: Limit one foe put to sleep\n|rule|Illusion Level Mod: Illusion disguises the Pok\u00e9mon's true level\n|\n|t:|1733893108\n|start\n|switch|p1a: Avalugg|Avalugg-Hisui, L90, M|317/317\n|switch|p2a: Forretress|Forretress, L84, M|263/263\n|turn|1\n|inactive|Battle timer is ON: inactive players will automatically lose when time's up. (requested by flacid toe)\n|\n|t:|1733893127\n|switch|p1a: Sandslash|Sandslash, L88, F|275/275\n|move|p2a: Forretress|Stealth Rock|p1a: Sandslash\n|-sidestart|p1: yellon|move: Stealth Rock\n|\n|upkeep\n|turn|2\n|\n|t:|1733893140\n|switch|p2a: Whimsicott|Whimsicott, L85, F|241/241\n|move|p1a: Sandslash|Rapid Spin|p2a: Whimsicott\n|-damage|p2a: Whimsicott|202/241\n|-boost|p1a: Sandslash|spe|1\n|-sideend|p1: yellon|Stealth Rock|[from] move: Rapid Spin|[of] p1a: Sandslash\n|\n|-heal|p2a: Whimsicott|217/241|[from] item: Leftovers\n|upkeep\n|turn|3\n|\n|t:|1733893154\n|switch|p1a: Dragalge|Dragalge, L88, F|258/258\n|move|p2a: Whimsicott|Leech Seed|p1a: Dragalge|[miss]\n|-miss|p2a: Whimsicott|p1a: Dragalge\n|\n|-heal|p2a: Whimsicott|232/241|[from] item: Leftovers\n|upkeep\n|turn|4\n|\n|t:|1733893167\n|-terastallize|p2a: Whimsicott|Steel\n|move|p2a: Whimsicott|Substitute|p2a: Whimsicott\n|-start|p2a: Whimsicott|Substitute\n|-damage|p2a: Whimsicott|172/241\n|move|p1a: Dragalge|Focus Blast|p2a: Whimsicott\n|-supereffective|p2a: Whimsicott\n|-end|p2a: Whimsicott|Substitute\n|\n|-heal|p2a: Whimsicott|187/241|[from] item: Leftovers\n|upkeep\n|turn|5\n|\n|t:|1733893180\n|move|p2a: Whimsicott|Substitute|p2a: Whimsicott\n|-start|p2a: Whimsicott|Substitute\n|-damage|p2a: Whimsicott|127/241\n|move|p1a: Dragalge|Focus Blast|p2a: Whimsicott|[miss]\n|-miss|p1a: Dragalge|p2a: Whimsicott\n|\n|-heal|p2a: Whimsicott|142/241|[from] item: Leftovers\n|upkeep\n|turn|6\n|\n|t:|1733893186\n|move|p2a: Whimsicott|Leech Seed|p1a: Dragalge\n|-start|p1a: Dragalge|move: Leech Seed\n|move|p1a: Dragalge|Focus Blast|p2a: Whimsicott|[miss]\n|-miss|p1a: Dragalge|p2a: Whimsicott\n|\n|-heal|p2a: Whimsicott|157/241|[from] item: Leftovers\n|-damage|p1a: Dragalge|226/258|[from] Leech Seed|[of] p2a: Whimsicott\n|-heal|p2a: Whimsicott|189/241|[silent]\n|upkeep\n|turn|7\n|\n|t:|1733893193\n|move|p2a: Whimsicott|Moonblast|p1a: Dragalge\n|-damage|p1a: Dragalge|180/258\n|move|p1a: Dragalge|Focus Blast|p2a: Whimsicott|[miss]\n|-miss|p1a: Dragalge|p2a: Whimsicott\n|\n|-heal|p2a: Whimsicott|204/241|[from] item: Leftovers\n|-damage|p1a: Dragalge|148/258|[from] Leech Seed|[of] p2a: Whimsicott\n|-heal|p2a: Whimsicott|236/241|[silent]\n|upkeep\n|turn|8\n|\n|t:|1733893212\n|switch|p1a: Avalugg|Avalugg-Hisui, L90, M|317/317\n|move|p2a: Whimsicott|Moonblast|p1a: Avalugg\n|-damage|p1a: Avalugg|161/317\n|\n|-heal|p2a: Whimsicott|241/241|[from] item: Leftovers\n|upkeep\n|turn|9\n|\n|t:|1733893218\n|move|p2a: Whimsicott|Moonblast|p1a: Avalugg\n|-damage|p1a: Avalugg|16/317\n|move|p1a: Avalugg|Recover|p1a: Avalugg\n|-heal|p1a: Avalugg|175/317\n|\n|upkeep\n|turn|10\n|\n|t:|1733893229\n|move|p2a: Whimsicott|Leech Seed|p1a: Avalugg\n|-start|p1a: Avalugg|move: Leech Seed\n|move|p1a: Avalugg|Recover|p1a: Avalugg\n|-heal|p1a: Avalugg|317/317\n|\n|-damage|p1a: Avalugg|278/317|[from] Leech Seed|[of] p2a: Whimsicott\n|upkeep\n|turn|11\n|\n|t:|1733893236\n|switch|p1a: Dragalge|Dragalge, L88, F|148/258\n|move|p2a: Whimsicott|Moonblast|p1a: Dragalge\n|-damage|p1a: Dragalge|103/258\n|\n|upkeep\n|turn|12\n|\n|t:|1733893243\n|move|p2a: Whimsicott|Leech Seed|p1a: Dragalge\n|-start|p1a: Dragalge|move: Leech Seed\n|move|p1a: Dragalge|Focus Blast|p2a: Whimsicott|[miss]\n|-miss|p1a: Dragalge|p2a: Whimsicott\n|\n|-damage|p1a: Dragalge|71/258|[from] Leech Seed|[of] p2a: Whimsicott\n|upkeep\n|turn|13\n|inactive|yellon has 120 seconds left.\n|\n|t:|1733893285\n|move|p2a: Whimsicott|Moonblast|p1a: Dragalge\n|-damage|p1a: Dragalge|29/258\n|-unboost|p1a: Dragalge|spa|1\n|move|p1a: Dragalge|Focus Blast|p2a: Whimsicott\n|-supereffective|p2a: Whimsicott\n|-end|p2a: Whimsicott|Substitute\n|\n|-damage|p1a: Dragalge|0 fnt|[from] Leech Seed|[of] p2a: Whimsicott\n|faint|p1a: Dragalge\n|upkeep\n|\n|t:|1733893296\n|switch|p1a: Zangoose|Zangoose, L85, F|263/263\n|turn|14\n|\n|t:|1733893304\n|move|p2a: Whimsicott|Leech Seed|p1a: Zangoose\n|-start|p1a: Zangoose|move: Leech Seed\n|move|p1a: Zangoose|Knock Off|p2a: Whimsicott\n|-damage|p2a: Whimsicott|156/241\n|-enditem|p2a: Whimsicott|Leftovers|[from] move: Knock Off|[of] p1a: Zangoose\n|\n|-damage|p1a: Zangoose|231/263|[from] Leech Seed|[of] p2a: Whimsicott\n|-heal|p2a: Whimsicott|188/241|[silent]\n|-status|p1a: Zangoose|tox|[from] item: Toxic Orb\n|upkeep\n|turn|15\n|\n|t:|1733893313\n|switch|p1a: Avalugg|Avalugg-Hisui, L90, M|278/317\n|move|p2a: Whimsicott|Substitute|p2a: Whimsicott\n|-start|p2a: Whimsicott|Substitute\n|-damage|p2a: Whimsicott|128/241\n|\n|upkeep\n|turn|16\n|inactive|yellon has 120 seconds left.\n|\n|t:|1733893319\n|move|p2a: Whimsicott|Leech Seed|p1a: Avalugg\n|-start|p1a: Avalugg|move: Leech Seed\n|move|p1a: Avalugg|Avalanche|p2a: Whimsicott\n|-resisted|p2a: Whimsicott\n|-activate|p2a: Whimsicott|move: Substitute|[damage]\n|\n|-damage|p1a: Avalugg|239/317|[from] Leech Seed|[of] p2a: Whimsicott\n|-heal|p2a: Whimsicott|167/241|[silent]\n|upkeep\n|turn|17\n|inactive|yellon has 120 seconds left.\n|\n|t:|1733893330\n|move|p2a: Whimsicott|Moonblast|p1a: Avalugg\n|-damage|p1a: Avalugg|80/317\n|move|p1a: Avalugg|Body Press|p2a: Whimsicott\n|-supereffective|p2a: Whimsicott\n|-end|p2a: Whimsicott|Substitute\n|\n|-damage|p1a: Avalugg|41/317|[from] Leech Seed|[of] p2a: Whimsicott\n|-heal|p2a: Whimsicott|206/241|[silent]\n|upkeep\n|turn|18\n|\n|t:|1733893336\n|move|p2a: Whimsicott|Substitute|p2a: Whimsicott\n|-start|p2a: Whimsicott|Substitute\n|-damage|p2a: Whimsicott|146/241\n|move|p1a: Avalugg|Body Press|p2a: Whimsicott\n|-supereffective|p2a: Whimsicott\n|-end|p2a: Whimsicott|Substitute\n|\n|-damage|p1a: Avalugg|2/317|[from] Leech Seed|[of] p2a: Whimsicott\n|-heal|p2a: Whimsicott|185/241|[silent]\n|upkeep\n|turn|19\n|\n|t:|1733893343\n|move|p2a: Whimsicott|Moonblast|p1a: Avalugg\n|-damage|p1a: Avalugg|0 fnt\n|faint|p1a: Avalugg\n|\n|upkeep\n|\n|t:|1733893345\n|switch|p1a: Zangoose|Zangoose, L85, F|231/263 tox\n|turn|20\n|\n|t:|1733893354\n|move|p2a: Whimsicott|Substitute|p2a: Whimsicott\n|-start|p2a: Whimsicott|Substitute\n|-damage|p2a: Whimsicott|125/241\n|move|p1a: Zangoose|Close Combat|p2a: Whimsicott\n|-supereffective|p2a: Whimsicott\n|-end|p2a: Whimsicott|Substitute\n|-unboost|p1a: Zangoose|def|1\n|-unboost|p1a: Zangoose|spd|1\n|\n|-damage|p1a: Zangoose|215/263 tox|[from] psn\n|upkeep\n|turn|21\n|\n|t:|1733893373\n|switch|p1a: Scream Tail|Scream Tail, L84|330/330\n|move|p2a: Whimsicott|Substitute|p2a: Whimsicott\n|-start|p2a: Whimsicott|Substitute\n|-damage|p2a: Whimsicott|65/241\n|\n|upkeep\n|turn|22\n|\n|t:|1733893386\n|move|p2a: Whimsicott|Leech Seed|p1a: Scream Tail\n|-start|p1a: Scream Tail|move: Leech Seed\n|move|p1a: Scream Tail|Wish|p1a: Scream Tail\n|\n|-damage|p1a: Scream Tail|289/330|[from] Leech Seed|[of] p2a: Whimsicott\n|-heal|p2a: Whimsicott|106/241|[silent]\n|upkeep\n|turn|23\n|\n|t:|1733893394\n|-end|p1a: Scream Tail|Protosynthesis|[silent]\n|switch|p1a: Zangoose|Zangoose, L85, F|215/263 tox\n|move|p2a: Whimsicott|Moonblast|p1a: Zangoose\n|-damage|p1a: Zangoose|106/263 tox\n|\n|-heal|p1a: Zangoose|263/263 tox|[from] move: Wish|[wisher] Scream Tail\n|-damage|p1a: Zangoose|247/263 tox|[from] psn\n|upkeep\n|turn|24\n|\n|t:|1733893401\n|move|p2a: Whimsicott|Leech Seed|p1a: Zangoose\n|-start|p1a: Zangoose|move: Leech Seed\n|move|p1a: Zangoose|Facade|p2a: Whimsicott\n|-resisted|p2a: Whimsicott\n|-end|p2a: Whimsicott|Substitute\n|\n|-damage|p1a: Zangoose|215/263 tox|[from] Leech Seed|[of] p2a: Whimsicott\n|-heal|p2a: Whimsicott|138/241|[silent]\n|-damage|p1a: Zangoose|183/263 tox|[from] psn\n|upkeep\n|turn|25\n|\n|t:|1733893408\n|switch|p1a: Scream Tail|Scream Tail, L84|289/330\n|move|p2a: Whimsicott|Substitute|p2a: Whimsicott\n|-start|p2a: Whimsicott|Substitute\n|-damage|p2a: Whimsicott|78/241\n|\n|-heal|p1a: Scream Tail|309/330|[from] item: Leftovers\n|upkeep\n|turn|26\n|\n|t:|1733893412\n|move|p2a: Whimsicott|Leech Seed|p1a: Scream Tail\n|-start|p1a: Scream Tail|move: Leech Seed\n|move|p1a: Scream Tail|Wish|p1a: Scream Tail\n|\n|-heal|p1a: Scream Tail|329/330|[from] item: Leftovers\n|-damage|p1a: Scream Tail|288/330|[from] Leech Seed|[of] p2a: Whimsicott\n|-heal|p2a: Whimsicott|119/241|[silent]\n|upkeep\n|turn|27\n|\n|t:|1733893419\n|-end|p1a: Scream Tail|Protosynthesis|[silent]\n|switch|p1a: Zangoose|Zangoose, L85, F|183/263 tox\n|move|p2a: Whimsicott|Leech Seed|p1a: Zangoose|[miss]\n|-miss|p2a: Whimsicott|p1a: Zangoose\n|\n|-heal|p1a: Zangoose|263/263 tox|[from] move: Wish|[wisher] Scream Tail\n|-damage|p1a: Zangoose|247/263 tox|[from] psn\n|upkeep\n|turn|28\n|\n|t:|1733893425\n|move|p2a: Whimsicott|Leech Seed|p1a: Zangoose\n|-start|p1a: Zangoose|move: Leech Seed\n|move|p1a: Zangoose|Close Combat|p2a: Whimsicott\n|-supereffective|p2a: Whimsicott\n|-end|p2a: Whimsicott|Substitute\n|-unboost|p1a: Zangoose|def|1\n|-unboost|p1a: Zangoose|spd|1\n|\n|-damage|p1a: Zangoose|215/263 tox|[from] Leech Seed|[of] p2a: Whimsicott\n|-heal|p2a: Whimsicott|151/241|[silent]\n|-damage|p1a: Zangoose|183/263 tox|[from] psn\n|upkeep\n|turn|29\n|\n|t:|1733893430\n|switch|p1a: Scream Tail|Scream Tail, L84|288/330\n|move|p2a: Whimsicott|Substitute|p2a: Whimsicott\n|-start|p2a: Whimsicott|Substitute\n|-damage|p2a: Whimsicott|91/241\n|\n|-heal|p1a: Scream Tail|308/330|[from] item: Leftovers\n|upkeep\n|turn|30\n|\n|t:|1733893434\n|move|p2a: Whimsicott|Leech Seed|p1a: Scream Tail\n|-start|p1a: Scream Tail|move: Leech Seed\n|move|p1a: Scream Tail|Wish|p1a: Scream Tail\n|\n|-heal|p1a: Scream Tail|328/330|[from] item: Leftovers\n|-damage|p1a: Scream Tail|287/330|[from] Leech Seed|[of] p2a: Whimsicott\n|-heal|p2a: Whimsicott|132/241|[silent]\n|upkeep\n|turn|31\n|\n|t:|1733893438\n|-end|p1a: Scream Tail|Protosynthesis|[silent]\n|switch|p1a: Zangoose|Zangoose, L85, F|183/263 tox\n|move|p2a: Whimsicott|Leech Seed|p1a: Zangoose|[miss]\n|-miss|p2a: Whimsicott|p1a: Zangoose\n|\n|-heal|p1a: Zangoose|263/263 tox|[from] move: Wish|[wisher] Scream Tail\n|-damage|p1a: Zangoose|247/263 tox|[from] psn\n|upkeep\n|turn|32\n|\n|t:|1733893448\n|move|p2a: Whimsicott|Leech Seed|p1a: Zangoose|[miss]\n|-miss|p2a: Whimsicott|p1a: Zangoose\n|move|p1a: Zangoose|Facade|p2a: Whimsicott\n|-resisted|p2a: Whimsicott\n|-end|p2a: Whimsicott|Substitute\n|\n|-damage|p1a: Zangoose|215/263 tox|[from] psn\n|upkeep\n|turn|33\n|\n|t:|1733893453\n|move|p2a: Whimsicott|Substitute|p2a: Whimsicott\n|-start|p2a: Whimsicott|Substitute\n|-damage|p2a: Whimsicott|72/241\n|move|p1a: Zangoose|Close Combat|p2a: Whimsicott\n|-supereffective|p2a: Whimsicott\n|-end|p2a: Whimsicott|Substitute\n|-unboost|p1a: Zangoose|def|1\n|-unboost|p1a: Zangoose|spd|1\n|\n|-damage|p1a: Zangoose|167/263 tox|[from] psn\n|upkeep\n|turn|34\n|\n|t:|1733893457\n|switch|p1a: Scream Tail|Scream Tail, L84|287/330\n|move|p2a: Whimsicott|Substitute|p2a: Whimsicott\n|-start|p2a: Whimsicott|Substitute\n|-damage|p2a: Whimsicott|12/241\n|\n|-heal|p1a: Scream Tail|307/330|[from] item: Leftovers\n|upkeep\n|turn|35\n|\n|t:|1733893461\n|move|p2a: Whimsicott|Leech Seed|p1a: Scream Tail\n|-start|p1a: Scream Tail|move: Leech Seed\n|move|p1a: Scream Tail|Wish|p1a: Scream Tail\n|\n|-heal|p1a: Scream Tail|327/330|[from] item: Leftovers\n|-damage|p1a: Scream Tail|286/330|[from] Leech Seed|[of] p2a: Whimsicott\n|-heal|p2a: Whimsicott|53/241|[silent]\n|upkeep\n|turn|36\n|\n|t:|1733893464\n|-end|p1a: Scream Tail|Protosynthesis|[silent]\n|switch|p1a: Zangoose|Zangoose, L85, F|167/263 tox\n|move|p2a: Whimsicott|Hurricane|p1a: Zangoose|[miss]\n|-miss|p2a: Whimsicott|p1a: Zangoose\n|\n|-heal|p1a: Zangoose|263/263 tox|[from] move: Wish|[wisher] Scream Tail\n|-damage|p1a: Zangoose|247/263 tox|[from] psn\n|upkeep\n|turn|37\n|\n|t:|1733893469\n|move|p2a: Whimsicott|Leech Seed|p1a: Zangoose\n|-start|p1a: Zangoose|move: Leech Seed\n|move|p1a: Zangoose|Facade|p2a: Whimsicott\n|-resisted|p2a: Whimsicott\n|-end|p2a: Whimsicott|Substitute\n|\n|-damage|p1a: Zangoose|215/263 tox|[from] Leech Seed|[of] p2a: Whimsicott\n|-heal|p2a: Whimsicott|85/241|[silent]\n|-damage|p1a: Zangoose|183/263 tox|[from] psn\n|upkeep\n|turn|38\n|\n|t:|1733893473\n|switch|p1a: Scream Tail|Scream Tail, L84|286/330\n|move|p2a: Whimsicott|Substitute|p2a: Whimsicott\n|-start|p2a: Whimsicott|Substitute\n|-damage|p2a: Whimsicott|25/241\n|\n|-heal|p1a: Scream Tail|306/330|[from] item: Leftovers\n|upkeep\n|turn|39\n|\n|t:|1733893476\n|move|p2a: Whimsicott|Moonblast|p1a: Scream Tail\n|-damage|p1a: Scream Tail|239/330\n|move|p1a: Scream Tail|Wish|p1a: Scream Tail\n|\n|-heal|p1a: Scream Tail|259/330|[from] item: Leftovers\n|upkeep\n|turn|40\n|\n|t:|1733893481\n|move|p2a: Whimsicott|Moonblast|p1a: Scream Tail\n|-damage|p1a: Scream Tail|189/330\n|move|p1a: Scream Tail|Dazzling Gleam|p2a: Whimsicott\n|-resisted|p2a: Whimsicott\n|-activate|p2a: Whimsicott|move: Substitute|[damage]\n|\n|-heal|p1a: Scream Tail|330/330|[from] move: Wish|[wisher] Scream Tail\n|upkeep\n|turn|41\n|\n|t:|1733893484\n|move|p2a: Whimsicott|Moonblast|p1a: Scream Tail\n|-damage|p1a: Scream Tail|263/330\n|move|p1a: Scream Tail|Dazzling Gleam|p2a: Whimsicott\n|-resisted|p2a: Whimsicott\n|-end|p2a: Whimsicott|Substitute\n|\n|-heal|p1a: Scream Tail|283/330|[from] item: Leftovers\n|upkeep\n|turn|42\n|\n|t:|1733893489\n|move|p2a: Whimsicott|Hurricane|p1a: Scream Tail|[miss]\n|-miss|p2a: Whimsicott|p1a: Scream Tail\n|move|p1a: Scream Tail|Wish|p1a: Scream Tail\n|\n|-heal|p1a: Scream Tail|303/330|[from] item: Leftovers\n|upkeep\n|turn|43\n|\n|t:|1733893492\n|move|p2a: Whimsicott|Hurricane|p1a: Scream Tail\n|-damage|p1a: Scream Tail|249/330\n|move|p1a: Scream Tail|Dazzling Gleam|p2a: Whimsicott\n|-resisted|p2a: Whimsicott\n|-damage|p2a: Whimsicott|0 fnt\n|faint|p2a: Whimsicott\n|\n|-heal|p1a: Scream Tail|330/330|[from] move: Wish|[wisher] Scream Tail\n|upkeep\n|\n|t:|1733893498\n|switch|p2a: Zangoose|Zangoose, L85, M|263/263\n|turn|44\n|\n|t:|1733893502\n|switch|p2a: Forretress|Forretress, L84, M|263/263\n|move|p1a: Scream Tail|Thunder Wave|p2a: Forretress\n|-status|p2a: Forretress|par\n|\n|upkeep\n|turn|45\n|\n|t:|1733893515\n|-end|p1a: Scream Tail|Protosynthesis|[silent]\n|switch|p1a: Sandslash|Sandslash, L88, F|275/275\n|move|p2a: Forretress|Stealth Rock|p1a: Sandslash\n|-sidestart|p1: yellon|move: Stealth Rock\n|\n|upkeep\n|turn|46\n|\n|t:|1733893519\n|switch|p2a: Enamorus|Enamorus, L79, F|247/247\n|move|p1a: Sandslash|Rapid Spin|p2a: Enamorus\n|-damage|p2a: Enamorus|194/247\n|-boost|p1a: Sandslash|spe|1\n|-sideend|p1: yellon|Stealth Rock|[from] move: Rapid Spin|[of] p1a: Sandslash\n|\n|upkeep\n|turn|47\n|\n|t:|1733893525\n|move|p1a: Sandslash|Stone Edge|p2a: Enamorus\n|-supereffective|p2a: Enamorus\n|-damage|p2a: Enamorus|0 fnt\n|faint|p2a: Enamorus\n|\n|upkeep\n|\n|t:|1733893528\n|switch|p2a: Metagross|Metagross, L79|256/256\n|turn|48\n|\n|t:|1733893550\n|move|p1a: Sandslash|Earthquake|p2a: Metagross\n|-supereffective|p2a: Metagross\n|-damage|p2a: Metagross|70/256\n|-enditem|p2a: Metagross|Weakness Policy\n|-boost|p2a: Metagross|atk|2|[from] item: Weakness Policy\n|-boost|p2a: Metagross|spa|2|[from] item: Weakness Policy\n|move|p2a: Metagross|Agility|p2a: Metagross\n|-boost|p2a: Metagross|spe|2\n|\n|upkeep\n|turn|49\n|\n|t:|1733893562\n|move|p2a: Metagross|Heavy Slam|p1a: Sandslash\n|-damage|p1a: Sandslash|29/275\n|move|p1a: Sandslash|Earthquake|p2a: Metagross\n|-supereffective|p2a: Metagross\n|-damage|p2a: Metagross|0 fnt\n|faint|p2a: Metagross\n|\n|-heal|p1a: Sandslash|46/275|[from] item: Leftovers\n|upkeep\n|\n|t:|1733893567\n|switch|p2a: Zangoose|Zangoose, L85, M|263/263\n|turn|50\n|\n|t:|1733893580\n|move|p1a: Sandslash|Earthquake|p2a: Zangoose\n|-damage|p2a: Zangoose|119/263\n|move|p2a: Zangoose|Swords Dance|p2a: Zangoose\n|-boost|p2a: Zangoose|atk|2\n|\n|-heal|p1a: Sandslash|63/275|[from] item: Leftovers\n|-status|p2a: Zangoose|tox|[from] item: Toxic Orb\n|upkeep\n|turn|51\n|\n|t:|1733893588\n|move|p1a: Sandslash|Earthquake|p2a: Zangoose\n|-damage|p2a: Zangoose|0 fnt\n|faint|p2a: Zangoose\n|\n|-heal|p1a: Sandslash|80/275|[from] item: Leftovers\n|upkeep\n|-message|flacid toe forfeited.\n|\n|win|yellon\n|raw|yellon's rating: 1461 &rarr; <strong>1483</strong><br />(+22 for winning)\n|raw|flacid toe's rating: 1491 &rarr; <strong>1469</strong><br />(-22 for losing)\n|l|\u2606flacid toe\n|player|p2|\n", "inputlog": ">version bfd83cad13791eb5a5a409923076391caf6fb4d4\n>start {\"formatid\":\"gen9randombattle\",\"seed\":[7742,39698,45487,20658],\"rated\":\"Rated battle\"}\n>player p1 {\"name\":\"yellon\",\"avatar\":\"266\",\"rating\":1461,\"seed\":[11411,7227,25193,30230]}\n>player p2 {\"name\":\"flacid toe\",\"avatar\":\"boarder\",\"rating\":1491,\"seed\":[26031,8776,59529,32931]}\n>p1 switch 5\n>p2 move stealthrock\n>p1 move rapidspin\n>p2 switch 6\n>p1 switch 6\n>p2 move leechseed\n>p1 move focusblast\n>p2 move substitute terastallize\n>p1 move focusblast\n>p2 move substitute\n>p1 move focusblast\n>p2 move leechseed\n>p1 move focusblast\n>p2 move moonblast\n>p1 switch 5\n>p2 move moonblast\n>p1 move recover\n>p2 move moonblast\n>p1 move recover\n>p2 move leechseed\n>p1 switch 5\n>p2 move moonblast\n>p1 move focusblast\n>p2 move leechseed\n>p1 move focusblast\n>p2 move moonblast\n>p1 switch 4\n>p1 move knockoff\n>p2 move leechseed\n>p1 switch 5\n>p2 move substitute\n>p1 move avalanche\n>p2 move leechseed\n>p1 move bodypress\n>p2 move moonblast\n>p1 move bodypress\n>p2 move substitute\n>p1 move bodypress\n>p2 move moonblast\n>p1 switch 5\n>p1 move closecombat\n>p2 move substitute\n>p1 switch 3\n>p2 move substitute\n>p1 move wish\n>p2 move leechseed\n>p1 switch 3\n>p2 move moonblast\n>p1 move facade\n>p2 move leechseed\n>p1 switch 3\n>p2 move substitute\n>p1 move wish\n>p2 move leechseed\n>p1 switch 3\n>p2 move leechseed\n>p1 move closecombat\n>p2 move leechseed\n>p1 switch 3\n>p2 move substitute\n>p1 move wish\n>p2 move leechseed\n>p1 switch 3\n>p2 move leechseed\n>p1 move facade\n>p2 move leechseed\n>p1 move closecombat\n>p2 move substitute\n>p1 switch 3\n>p2 move substitute\n>p1 move wish\n>p2 move leechseed\n>p1 switch 3\n>p2 move hurricane\n>p1 move facade\n>p2 move leechseed\n>p1 switch 3\n>p2 move substitute\n>p1 move wish\n>p2 move moonblast\n>p1 move dazzlinggleam\n>p2 move moonblast\n>p1 move dazzlinggleam\n>p2 move moonblast\n>p1 move wish\n>p2 move hurricane\n>p1 move dazzlinggleam\n>p2 move hurricane\n>p2 switch 3\n>p1 move thunderwave\n>p2 switch 6\n>p1 switch 6\n>p2 move stealthrock\n>p1 move rapidspin\n>p2 switch 2\n>p1 move stoneedge\n>p2 move superpower\n>p2 switch 5\n>p1 move earthquake\n>p2 move agility\n>p1 move earthquake\n>p2 move heavyslam\n>p2 switch 6\n>p1 move earthquake\n>p2 move swordsdance\n>p1 move earthquake\n>p2 move facade\n>forcelose p2", "uploadtime": 1733893595, "views": 27, "formatid": "gen9randombattle", "rating": 1469, "private": 0, "password": null}