{"id": "gen9randombattle-2260837393", "format": "[Gen 9] Random Battle", "players": ["hypernaz0", "DEDSTEELE"], "log": "|j|\u2606hypernaz0\n|j|\u2606DEDSTEELE\n|t:|1733901400\n|gametype|singles\n|player|p1|hypernaz0|169|1159\n|player|p2|DEDSTEELE|101|1163\n|teamsize|p1|6\n|teamsize|p2|6\n|gen|9\n|tier|[Gen 9] Random Battle\n|rated|\n|rule|Species Clause: Limit one of each Pok\u00e9mon\n|rule|HP Percentage Mod: HP is shown in percentages\n|rule|Sleep Clause Mod: Limit one foe put to sleep\n|rule|Illusion Level Mod: Illusion disguises the Pok\u00e9mon's true level\n|\n|t:|1733901400\n|start\n|switch|p1a: Dusknoir|Dusknoir, L89, F|225/225\n|switch|p2a: Bombirdier|Bombirdier, L85, F|258/258\n|-item|p2a: Bombirdier|Choice Band|[from] ability: Frisk|[of] p1a: Dusknoir\n|turn|1\n|\n|t:|1733901419\n|move|p2a: Bombirdier|Knock Off|p1a: Dusknoir\n|-supereffective|p1a: Dusknoir\n|-damage|p1a: Dusknoir|9/225\n|-enditem|p1a: Dusknoir|Choice Band|[from] move: Knock Off|[of] p2a: Bombirdier\n|move|p1a: Dusknoir|Leech Life|p2a: Bombirdier\n|-damage|p2a: Bombirdier|195/258\n|-heal|p1a: Dusknoir|41/225|[from] drain|[of] p2a: Bombirdier\n|\n|upkeep\n|turn|2\n|\n|t:|1733901432\n|move|p1a: Dusknoir|Shadow Sneak|p2a: Bombirdier\n|-resisted|p2a: Bombirdier\n|-damage|p2a: Bombirdier|171/258\n|move|p2a: Bombirdier|Knock Off|p1a: Dusknoir\n|-supereffective|p1a: Dusknoir\n|-damage|p1a: Dusknoir|0 fnt\n|faint|p1a: Dusknoir\n|\n|upkeep\n|\n|t:|1733901452\n|switch|p1a: Avalugg|Avalugg-Hisui, L90, F|317/317\n|turn|3\n|\n|t:|1733901468\n|switch|p2a: Virizion|Virizion, L82|283/283\n|move|p1a: Avalugg|Stone Edge|p2a: Virizion\n|-resisted|p2a: Virizion\n|-damage|p2a: Virizion|191/283\n|\n|upkeep\n|turn|4\n|\n|t:|1733901475\n|-terastallize|p1a: Avalugg|Ghost\n|move|p2a: Virizion|Close Combat|p1a: Avalugg\n|-immune|p1a: Avalugg\n|move|p1a: Avalugg|Avalanche|p2a: Virizion\n|-supereffective|p2a: Virizion\n|-damage|p2a: Virizion|0 fnt\n|faint|p2a: Virizion\n|\n|upkeep\n|\n|t:|1733901489\n|switch|p2a: Dragapult|Dragapult, L77, F|262/262\n|turn|5\n|\n|t:|1733901497\n|switch|p1a: Tauros|Tauros, L82, M|257/257\n|move|p2a: Dragapult|Shadow Ball|p1a: Tauros\n|-immune|p1a: Tauros\n|\n|upkeep\n|turn|6\n|\n|t:|1733901509\n|switch|p2a: Banette|Banette, L93, M|270/270\n|-item|p1a: Tauros|Life Orb|[from] ability: Frisk|[of] p2a: Banette\n|move|p1a: Tauros|Zen Headbutt|p2a: Banette\n|-damage|p2a: Banette|167/270\n|\n|upkeep\n|turn|7\n|\n|t:|1733901527\n|move|p1a: Tauros|Throat Chop|p2a: Banette\n|-supereffective|p2a: Banette\n|-damage|p2a: Banette|0 fnt\n|faint|p2a: Banette\n|\n|upkeep\n|\n|t:|1733901543\n|switch|p2a: Glaceon|Glaceon, L94, M|275/275\n|turn|8\n|\n|t:|1733901557\n|move|p1a: Tauros|Throat Chop|p2a: Glaceon\n|-damage|p2a: Glaceon|202/275\n|move|p2a: Glaceon|Freeze-Dry|p1a: Tauros\n|-damage|p1a: Tauros|104/257\n|\n|upkeep\n|turn|9\n|\n|t:|1733901566\n|move|p2a: Glaceon|Protect|p2a: Glaceon\n|-singleturn|p2a: Glaceon|Protect\n|move|p1a: Tauros|Close Combat|p2a: Glaceon\n|-activate|p2a: Glaceon|move: Protect\n|\n|upkeep\n|turn|10\n|\n|t:|1733901579\n|switch|p2a: Dragapult|Dragapult, L77, F|262/262\n|move|p1a: Tauros|Close Combat|p2a: Dragapult\n|-immune|p2a: Dragapult\n|\n|upkeep\n|turn|11\n|\n|t:|1733901588\n|move|p2a: Dragapult|Fire Blast|p1a: Tauros\n|-damage|p1a: Tauros|0 fnt\n|faint|p1a: Tauros\n|\n|upkeep\n|\n|t:|1733901595\n|switch|p1a: Suicune|Suicune, L82|298/298\n|-ability|p1a: Suicune|Pressure\n|turn|12\n|\n|t:|1733901602\n|switch|p2a: Flareon|Flareon, L90, M|263/263\n|move|p1a: Suicune|Calm Mind|p1a: Suicune\n|-boost|p1a: Suicune|spa|1\n|-boost|p1a: Suicune|spd|1\n|\n|-status|p2a: Flareon|tox|[from] item: Toxic Orb\n|upkeep\n|turn|13\n|\n|t:|1733901619\n|move|p1a: Suicune|Calm Mind|p1a: Suicune\n|-boost|p1a: Suicune|spa|1\n|-boost|p1a: Suicune|spd|1\n|move|p2a: Flareon|Facade|p1a: Suicune\n|-damage|p1a: Suicune|116/298\n|\n|-heal|p1a: Suicune|134/298|[from] item: Leftovers\n|-damage|p2a: Flareon|247/263 tox|[from] psn\n|upkeep\n|turn|14\n|\n|t:|1733901634\n|move|p1a: Suicune|Scald|p2a: Flareon\n|-supereffective|p2a: Flareon\n|-damage|p2a: Flareon|19/263 tox\n|move|p2a: Flareon|Will-O-Wisp|p1a: Suicune\n|-status|p1a: Suicune|brn\n|\n|-heal|p1a: Suicune|152/298 brn|[from] item: Leftovers\n|-damage|p2a: Flareon|0 fnt|[from] psn\n|faint|p2a: Flareon\n|-damage|p1a: Suicune|134/298 brn|[from] brn\n|upkeep\n|\n|t:|1733901649\n|switch|p2a: Dragapult|Dragapult, L77, F|262/262\n|turn|15\n|\n|t:|1733901655\n|move|p1a: Suicune|Protect|p1a: Suicune\n|-singleturn|p1a: Suicune|Protect\n|move|p2a: Dragapult|Shadow Ball|p1a: Suicune\n|-activate|p1a: Suicune|move: Protect\n|\n|-heal|p1a: Suicune|152/298 brn|[from] item: Leftovers\n|-damage|p1a: Suicune|134/298 brn|[from] brn\n|upkeep\n|turn|16\n|\n|t:|1733901666\n|switch|p2a: Bombirdier|Bombirdier, L85, F|171/258\n|move|p1a: Suicune|Calm Mind|p1a: Suicune\n|-boost|p1a: Suicune|spa|1\n|-boost|p1a: Suicune|spd|1\n|\n|-heal|p1a: Suicune|152/298 brn|[from] item: Leftovers\n|-damage|p1a: Suicune|134/298 brn|[from] brn\n|upkeep\n|turn|17\n|\n|t:|1733901677\n|move|p2a: Bombirdier|Knock Off|p1a: Suicune\n|-damage|p1a: Suicune|5/298 brn\n|-enditem|p1a: Suicune|Leftovers|[from] move: Knock Off|[of] p2a: Bombirdier\n|move|p1a: Suicune|Scald|p2a: Bombirdier\n|-damage|p2a: Bombirdier|0 fnt\n|faint|p2a: Bombirdier\n|\n|-damage|p1a: Suicune|0 fnt|[from] brn\n|faint|p1a: Suicune\n|upkeep\n|\n|t:|1733901712\n|switch|p2a: Glaceon|Glaceon, L94, M|202/275\n|switch|p1a: Avalugg|Avalugg-Hisui, L90, F, tera:Ghost|317/317\n|turn|18\n|\n|t:|1733901728\n|move|p2a: Glaceon|Wish|p2a: Glaceon\n|move|p1a: Avalugg|Stone Edge|p2a: Glaceon|[miss]\n|-miss|p1a: Avalugg|p2a: Glaceon\n|\n|upkeep\n|turn|19\n|\n|t:|1733901734\n|move|p2a: Glaceon|Mud Shot|p1a: Avalugg\n|-damage|p1a: Avalugg|208/317\n|-unboost|p1a: Avalugg|spe|1\n|move|p1a: Avalugg|Stone Edge|p2a: Glaceon|[miss]\n|-miss|p1a: Avalugg|p2a: Glaceon\n|\n|-heal|p2a: Glaceon|275/275|[from] move: Wish|[wisher] Glaceon\n|upkeep\n|turn|20\n|\n|t:|1733901743\n|move|p2a: Glaceon|Wish|p2a: Glaceon\n|move|p1a: Avalugg|Stone Edge|p2a: Glaceon\n|-supereffective|p2a: Glaceon\n|-damage|p2a: Glaceon|51/275\n|\n|upkeep\n|turn|21\n|\n|t:|1733901747\n|move|p2a: Glaceon|Protect|p2a: Glaceon\n|-singleturn|p2a: Glaceon|Protect\n|move|p1a: Avalugg|Stone Edge|p2a: Glaceon\n|-activate|p2a: Glaceon|move: Protect\n|\n|-heal|p2a: Glaceon|188/275|[from] move: Wish|[wisher] Glaceon\n|upkeep\n|turn|22\n|\n|t:|1733901757\n|move|p2a: Glaceon|Freeze-Dry|p1a: Avalugg\n|-damage|p1a: Avalugg|15/317\n|-status|p1a: Avalugg|frz\n|cant|p1a: Avalugg|frz\n|\n|upkeep\n|turn|23\n|\n|t:|1733901763\n|move|p2a: Glaceon|Wish|p2a: Glaceon\n|cant|p1a: Avalugg|frz\n|\n|upkeep\n|turn|24\n|\n|t:|1733901769\n|move|p2a: Glaceon|Mud Shot|p1a: Avalugg\n|-damage|p1a: Avalugg|0 fnt\n|faint|p1a: Avalugg\n|\n|-heal|p2a: Glaceon|275/275|[from] move: Wish|[wisher] Glaceon\n|upkeep\n|\n|t:|1733901780\n|switch|p1a: Hippowdon|Hippowdon, L82, M|311/311\n|-weather|Sandstorm|[from] ability: Sand Stream|[of] p1a: Hippowdon\n|turn|25\n|\n|t:|1733901789\n|move|p2a: Glaceon|Wish|p2a: Glaceon\n|move|p1a: Hippowdon|Whirlwind|p2a: Glaceon\n|drag|p2a: Dragapult|Dragapult, L77, F|262/262\n|\n|-weather|Sandstorm|[upkeep]\n|-damage|p2a: Dragapult|246/262|[from] Sandstorm\n|upkeep\n|turn|26\n|\n|t:|1733901803\n|move|p2a: Dragapult|Draco Meteor|p1a: Hippowdon\n|-damage|p1a: Hippowdon|109/311\n|-unboost|p2a: Dragapult|spa|2\n|move|p1a: Hippowdon|Earthquake|p2a: Dragapult\n|-damage|p2a: Dragapult|98/262\n|\n|-weather|Sandstorm|[upkeep]\n|-damage|p2a: Dragapult|82/262|[from] Sandstorm\n|-heal|p2a: Dragapult|219/262|[from] move: Wish|[wisher] Glaceon\n|upkeep\n|turn|27\n|\n|t:|1733901813\n|move|p2a: Dragapult|Draco Meteor|p1a: Hippowdon\n|-damage|p1a: Hippowdon|6/311\n|-unboost|p2a: Dragapult|spa|2\n|move|p1a: Hippowdon|Earthquake|p2a: Dragapult\n|-damage|p2a: Dragapult|90/262\n|\n|-weather|Sandstorm|[upkeep]\n|-damage|p2a: Dragapult|74/262|[from] Sandstorm\n|upkeep\n|turn|28\n|\n|t:|1733901823\n|switch|p1a: Grumpig|Grumpig, L92, F|297/297\n|move|p2a: Dragapult|Draco Meteor|p1a: Grumpig|[miss]\n|-miss|p2a: Dragapult|p1a: Grumpig\n|\n|-weather|Sandstorm|[upkeep]\n|-damage|p2a: Dragapult|58/262|[from] Sandstorm\n|-damage|p1a: Grumpig|279/297|[from] Sandstorm\n|-heal|p1a: Grumpig|297/297|[from] item: Leftovers\n|upkeep\n|turn|29\n|\n|t:|1733901840\n|switch|p2a: Glaceon|Glaceon, L94, M|275/275\n|move|p1a: Grumpig|Shadow Ball|p2a: Glaceon\n|-damage|p2a: Glaceon|225/275\n|-unboost|p2a: Glaceon|spd|1\n|\n|-weather|none\n|upkeep\n|turn|30\n|\n|t:|1733901853\n|switch|p1a: Hippowdon|Hippowdon, L82, M|6/311\n|-weather|Sandstorm|[from] ability: Sand Stream|[of] p1a: Hippowdon\n|-terastallize|p2a: Glaceon|Ground\n|move|p2a: Glaceon|Freeze-Dry|p1a: Hippowdon\n|-supereffective|p1a: Hippowdon\n|-damage|p1a: Hippowdon|0 fnt\n|faint|p1a: Hippowdon\n|\n|-weather|Sandstorm|[upkeep]\n|upkeep\n|\n|t:|1733901863\n|switch|p1a: Grumpig|Grumpig, L92, F|297/297\n|turn|31\n|\n|t:|1733901868\n|move|p1a: Grumpig|Nasty Plot|p1a: Grumpig\n|-boost|p1a: Grumpig|spa|2\n|move|p2a: Glaceon|Freeze-Dry|p1a: Grumpig\n|-damage|p1a: Grumpig|249/297\n|\n|-weather|Sandstorm|[upkeep]\n|-damage|p1a: Grumpig|231/297|[from] Sandstorm\n|-heal|p1a: Grumpig|249/297|[from] item: Leftovers\n|upkeep\n|turn|32\n|\n|t:|1733901880\n|switch|p2a: Dragapult|Dragapult, L77, F|58/262\n|move|p1a: Grumpig|Shadow Ball|p2a: Dragapult\n|-supereffective|p2a: Dragapult\n|-damage|p2a: Dragapult|0 fnt\n|faint|p2a: Dragapult\n|\n|-weather|Sandstorm|[upkeep]\n|-damage|p1a: Grumpig|231/297|[from] Sandstorm\n|-heal|p1a: Grumpig|249/297|[from] item: Leftovers\n|upkeep\n|\n|t:|1733901889\n|switch|p2a: Glaceon|Glaceon, L94, M, tera:Ground|225/275\n|turn|33\n|\n|t:|1733901907\n|move|p1a: Grumpig|Nasty Plot|p1a: Grumpig\n|-boost|p1a: Grumpig|spa|2\n|move|p2a: Glaceon|Freeze-Dry|p1a: Grumpig\n|-damage|p1a: Grumpig|203/297\n|-status|p1a: Grumpig|frz\n|\n|-weather|Sandstorm|[upkeep]\n|-damage|p1a: Grumpig|185/297 frz|[from] Sandstorm\n|-heal|p1a: Grumpig|203/297 frz|[from] item: Leftovers\n|upkeep\n|turn|34\n|\n|t:|1733901917\n|cant|p1a: Grumpig|frz\n|move|p2a: Glaceon|Wish|p2a: Glaceon\n|\n|-weather|none\n|-heal|p1a: Grumpig|221/297 frz|[from] item: Leftovers\n|upkeep\n|turn|35\n|\n|t:|1733901922\n|-curestatus|p1a: Grumpig|frz|[msg]\n|move|p1a: Grumpig|Psychic|p2a: Glaceon\n|-damage|p2a: Glaceon|0 fnt\n|faint|p2a: Glaceon\n|\n|win|hypernaz0\n|raw|hypernaz0's rating: 1159 &rarr; <strong>1186</strong><br />(+27 for winning)\n|raw|DEDSTEELE's rating: 1192 &rarr; <strong>1165</strong><br />(-27 for losing)\n|l|\u2606DEDSTEELE\n|player|p2|\n", "inputlog": ">version bfd83cad13791eb5a5a409923076391caf6fb4d4\n>start {\"formatid\":\"gen9randombattle\",\"seed\":[64158,61817,47573,7912],\"rated\":\"Rated battle\"}\n>player p1 {\"name\":\"hypernaz0\",\"avatar\":\"169\",\"rating\":1159,\"seed\":[54956,3871,5280,65276]}\n>player p2 {\"name\":\"DEDSTEELE\",\"avatar\":\"101\",\"rating\":1163,\"seed\":[60881,20095,62472,56293]}\n>p1 move leechlife\n>p2 move knockoff\n>p1 move shadowsneak\n>p2 move knockoff\n>p1 switch 2\n>p1 move stoneedge\n>p2 switch 2\n>p1 move avalanche terastallize\n>p2 move closecombat\n>p2 switch 3\n>p1 switch 6\n>p2 move shadowball\n>p1 move zenheadbutt\n>p2 switch 5\n>p1 move throatchop\n>p2 move swordsdance\n>p2 switch 4\n>p1 move throatchop\n>p2 move freezedry\n>p1 move closecombat\n>p2 move protect\n>p1 move closecombat\n>p2 switch 5\n>p1 move throatchop\n>p2 move fireblast\n>p1 switch 3\n>p1 move calmmind\n>p2 switch 6\n>p1 move calmmind\n>p2 move facade\n>p1 move scald\n>p2 move willowisp\n>p2 switch 6\n>p1 move protect\n>p2 move shadowball\n>p1 move calmmind\n>p2 switch 2\n>p1 move scald\n>p2 move knockoff\n>p1 switch 6\n>p2 switch 5\n>p1 move stoneedge\n>p2 move wish\n>p1 move stoneedge\n>p2 move mudshot\n>p1 move stoneedge\n>p2 move wish\n>p1 move stoneedge\n>p2 move protect\n>p1 move stoneedge\n>p2 move freezedry\n>p1 move stoneedge\n>p2 move wish\n>p1 move stoneedge\n>p2 move mudshot\n>p1 switch 4\n>p1 move whirlwind\n>p2 move wish\n>p1 move earthquake\n>p2 move dracometeor\n>p1 move earthquake\n>p2 move dracometeor\n>p1 switch 5\n>p2 move dracometeor\n>p1 move shadowball\n>p2 switch 2\n>p1 switch 5\n>p2 move freezedry terastallize\n>p1 switch 5\n>p1 move nastyplot\n>p2 move freezedry\n>p1 move shadowball\n>p2 switch 2\n>p2 switch 2\n>p1 move nastyplot\n>p2 move freezedry\n>p1 move shadowball\n>p2 move wish\n>p1 move psychic\n>p2 move mudshot", "uploadtime": 1733901942, "views": 3, "formatid": "gen9randombattle", "rating": 1165, "private": 0, "password": null}