{"id": "gen9randombattle-2260890136", "format": "[Gen 9] Random Battle", "players": ["daddylonglegs85", "Shoopaloopa"], "log": "|j|\u203ddaddylonglegs85\n|j|\u2606Shoopaloopa\n|t:|1733911639\n|gametype|singles\n|player|p1|daddylonglegs85|roughneck-gen4|1074\n|player|p2|Shoopaloopa|dawn-gen4pt|1074\n|teamsize|p1|6\n|teamsize|p2|6\n|gen|9\n|tier|[Gen 9] Random Battle\n|rated|\n|rule|Species Clause: Limit one of each Pok\u00e9mon\n|rule|HP Percentage Mod: HP is shown in percentages\n|rule|Sleep Clause Mod: Limit one foe put to sleep\n|rule|Illusion Level Mod: Illusion disguises the Pok\u00e9mon's true level\n|\n|t:|1733911639\n|start\n|switch|p1a: Empoleon|Empoleon, L84, F|278/278\n|switch|p2a: Rayquaza|Rayquaza, L72|270/270\n|-ability|p2a: Rayquaza|Air Lock\n|turn|1\n|\n|t:|1733911657\n|switch|p2a: Lilligant|Lilligant, L86, F|261/261\n|move|p1a: Empoleon|Knock Off|p2a: Lilligant\n|-crit|p2a: Lilligant\n|-damage|p2a: Lilligant|166/261\n|-enditem|p2a: Lilligant|Life Orb|[from] move: Knock Off|[of] p1a: Empoleon\n|\n|upkeep\n|turn|2\n|\n|t:|1733911671\n|move|p2a: Lilligant|Petal Dance|p1a: Empoleon\n|-damage|p1a: Empoleon|134/278\n|move|p1a: Empoleon|Surf|p2a: Lilligant\n|-resisted|p2a: Lilligant\n|-damage|p2a: Lilligant|108/261\n|\n|-heal|p1a: Empoleon|151/278|[from] item: Leftovers\n|upkeep\n|turn|3\n|\n|t:|1733911691\n|switch|p1a: Flygon|Flygon, L82, M|265/265\n|move|p2a: Lilligant|Petal Dance|p1a: Flygon|[from]lockedmove\n|-damage|p1a: Flygon|108/265\n|\n|upkeep\n|turn|4\n|\n|t:|1733911702\n|move|p1a: Flygon|Stone Edge|p2a: Lilligant\n|-damage|p2a: Lilligant|0 fnt\n|faint|p2a: Lilligant\n|\n|upkeep\n|\n|t:|1733911712\n|switch|p2a: Froslass|Froslass, L87, F|263/263\n|turn|5\n|\n|t:|1733911721\n|move|p2a: Froslass|Triple Axel|p1a: Flygon|[miss]\n|-miss|p2a: Froslass|p1a: Flygon\n|move|p1a: Flygon|Stone Edge|p2a: Froslass\n|-supereffective|p2a: Froslass\n|-damage|p2a: Froslass|39/263\n|\n|upkeep\n|turn|6\n|\n|t:|1733911749\n|move|p2a: Froslass|Triple Axel|p1a: Flygon\n|-supereffective|p1a: Flygon\n|-damage|p1a: Flygon|24/265\n|-supereffective|p1a: Flygon\n|-damage|p1a: Flygon|0 fnt\n|faint|p1a: Flygon\n|-hitcount|p1: Flygon|2\n|\n|upkeep\n|\n|t:|1733911763\n|switch|p1a: Meloetta|Meloetta, L82|298/298\n|turn|7\n|\n|t:|1733911775\n|move|p2a: Froslass|Poltergeist|p1a: Meloetta\n|-immune|p1a: Meloetta\n|move|p1a: Meloetta|Knock Off|p2a: Froslass\n|-supereffective|p2a: Froslass\n|-damage|p2a: Froslass|0 fnt\n|-start|p1a: Meloetta|Disable|Knock Off|[from] ability: Cursed Body|[of] p2a: Froslass\n|-enditem|p2a: Froslass|Wide Lens|[from] move: Knock Off|[of] p1a: Meloetta\n|faint|p2a: Froslass\n|-damage|p1a: Meloetta|269/298|[from] item: Life Orb\n|\n|upkeep\n|inactive|Battle timer is ON: inactive players will automatically lose when time's up. (requested by daddylonglegs85)\n|\n|t:|1733911789\n|switch|p2a: Jirachi|Jirachi, L80|291/291\n|turn|8\n|\n|t:|1733911803\n|move|p2a: Jirachi|Iron Head|p1a: Meloetta\n|-damage|p1a: Meloetta|185/298\n|cant|p1a: Meloetta|flinch\n|\n|upkeep\n|turn|9\n|\n|t:|1733911819\n|move|p2a: Jirachi|Iron Head|p1a: Meloetta\n|-damage|p1a: Meloetta|91/298\n|cant|p1a: Meloetta|flinch\n|\n|upkeep\n|turn|10\n|\n|t:|1733911827\n|switch|p1a: Zacian|Zacian, L69|241/241\n|-ability|p1a: Zacian|Intrepid Sword|boost\n|-boost|p1a: Zacian|atk|1\n|move|p2a: Jirachi|Iron Head|p1a: Zacian\n|-supereffective|p1a: Zacian\n|-damage|p1a: Zacian|95/241\n|\n|upkeep\n|turn|11\n|\n|t:|1733911849\n|move|p1a: Zacian|Close Combat|p2a: Jirachi\n|-damage|p2a: Jirachi|170/291\n|-unboost|p1a: Zacian|def|1\n|-unboost|p1a: Zacian|spd|1\n|-damage|p1a: Zacian|71/241|[from] item: Life Orb\n|move|p2a: Jirachi|Iron Head|p1a: Zacian\n|-supereffective|p1a: Zacian\n|-damage|p1a: Zacian|0 fnt\n|faint|p1a: Zacian\n|\n|-heal|p2a: Jirachi|188/291|[from] item: Leftovers\n|upkeep\n|\n|t:|1733911862\n|switch|p1a: Lanturn|Lanturn, L89, F|367/367\n|turn|12\n|\n|t:|1733911871\n|move|p2a: Jirachi|Iron Head|p1a: Lanturn\n|-resisted|p1a: Lanturn\n|-damage|p1a: Lanturn|342/367\n|cant|p1a: Lanturn|flinch\n|\n|-heal|p2a: Jirachi|206/291|[from] item: Leftovers\n|-heal|p1a: Lanturn|364/367|[from] item: Leftovers\n|upkeep\n|turn|13\n|\n|t:|1733911880\n|move|p2a: Jirachi|Body Slam|p1a: Lanturn\n|-damage|p1a: Lanturn|291/367\n|move|p1a: Lanturn|Thunder Wave|p2a: Jirachi\n|-status|p2a: Jirachi|par\n|\n|-heal|p1a: Lanturn|313/367|[from] item: Leftovers\n|-heal|p2a: Jirachi|224/291 par|[from] item: Leftovers\n|upkeep\n|turn|14\n|\n|t:|1733911890\n|move|p1a: Lanturn|Thunderbolt|p2a: Jirachi\n|-damage|p2a: Jirachi|146/291 par\n|move|p2a: Jirachi|Body Slam|p1a: Lanturn\n|-damage|p1a: Lanturn|242/367\n|\n|-heal|p1a: Lanturn|264/367|[from] item: Leftovers\n|-heal|p2a: Jirachi|164/291 par|[from] item: Leftovers\n|upkeep\n|turn|15\n|\n|t:|1733911901\n|move|p1a: Lanturn|Scald|p2a: Jirachi\n|-damage|p2a: Jirachi|82/291 par\n|move|p2a: Jirachi|Body Slam|p1a: Lanturn\n|-damage|p1a: Lanturn|194/367\n|\n|-heal|p1a: Lanturn|216/367|[from] item: Leftovers\n|-heal|p2a: Jirachi|100/291 par|[from] item: Leftovers\n|upkeep\n|turn|16\n|\n|t:|1733911911\n|move|p1a: Lanturn|Ice Beam|p2a: Jirachi\n|-resisted|p2a: Jirachi\n|-damage|p2a: Jirachi|69/291 par\n|cant|p2a: Jirachi|par\n|\n|-heal|p1a: Lanturn|238/367|[from] item: Leftovers\n|-heal|p2a: Jirachi|87/291 par|[from] item: Leftovers\n|upkeep\n|turn|17\n|\n|t:|1733911921\n|move|p1a: Lanturn|Scald|p2a: Jirachi\n|-damage|p2a: Jirachi|15/291 par\n|move|p2a: Jirachi|Wish|p2a: Jirachi\n|\n|-heal|p1a: Lanturn|260/367|[from] item: Leftovers\n|-heal|p2a: Jirachi|33/291 par|[from] item: Leftovers\n|upkeep\n|turn|18\n|\n|t:|1733911929\n|move|p2a: Jirachi|Protect|p2a: Jirachi\n|-singleturn|p2a: Jirachi|Protect\n|move|p1a: Lanturn|Scald|p2a: Jirachi\n|-activate|p2a: Jirachi|move: Protect\n|\n|-heal|p2a: Jirachi|178/291 par|[from] move: Wish|[wisher] Jirachi\n|-heal|p1a: Lanturn|282/367|[from] item: Leftovers\n|-heal|p2a: Jirachi|196/291 par|[from] item: Leftovers\n|upkeep\n|turn|19\n|\n|t:|1733911943\n|move|p2a: Jirachi|Protect|p2a: Jirachi\n|-singleturn|p2a: Jirachi|Protect\n|move|p1a: Lanturn|Thunderbolt|p2a: Jirachi\n|-activate|p2a: Jirachi|move: Protect\n|\n|-heal|p1a: Lanturn|304/367|[from] item: Leftovers\n|-heal|p2a: Jirachi|214/291 par|[from] item: Leftovers\n|upkeep\n|turn|20\n|\n|t:|1733911952\n|move|p1a: Lanturn|Thunderbolt|p2a: Jirachi\n|-damage|p2a: Jirachi|135/291 par\n|move|p2a: Jirachi|Body Slam|p1a: Lanturn\n|-damage|p1a: Lanturn|231/367\n|\n|-heal|p1a: Lanturn|253/367|[from] item: Leftovers\n|-heal|p2a: Jirachi|153/291 par|[from] item: Leftovers\n|upkeep\n|turn|21\n|\n|t:|1733911962\n|move|p1a: Lanturn|Thunderbolt|p2a: Jirachi\n|-damage|p2a: Jirachi|72/291 par\n|move|p2a: Jirachi|Body Slam|p1a: Lanturn\n|-damage|p1a: Lanturn|177/367\n|\n|-heal|p1a: Lanturn|199/367|[from] item: Leftovers\n|-heal|p2a: Jirachi|90/291 par|[from] item: Leftovers\n|upkeep\n|turn|22\n|\n|t:|1733911971\n|move|p2a: Jirachi|Protect|p2a: Jirachi\n|-singleturn|p2a: Jirachi|Protect\n|move|p1a: Lanturn|Scald|p2a: Jirachi\n|-activate|p2a: Jirachi|move: Protect\n|\n|-heal|p1a: Lanturn|221/367|[from] item: Leftovers\n|-heal|p2a: Jirachi|108/291 par|[from] item: Leftovers\n|upkeep\n|turn|23\n|\n|t:|1733911981\n|move|p1a: Lanturn|Scald|p2a: Jirachi\n|-damage|p2a: Jirachi|36/291 par\n|move|p2a: Jirachi|Wish|p2a: Jirachi\n|\n|-heal|p1a: Lanturn|243/367|[from] item: Leftovers\n|-heal|p2a: Jirachi|54/291 par|[from] item: Leftovers\n|upkeep\n|turn|24\n|\n|t:|1733911991\n|switch|p1a: Excadrill|Excadrill, L79, F|303/303\n|-ability|p1a: Excadrill|Mold Breaker\n|move|p2a: Jirachi|Protect||[still]\n|-fail|p2a: Jirachi\n|\n|-heal|p2a: Jirachi|199/291 par|[from] move: Wish|[wisher] Jirachi\n|-heal|p2a: Jirachi|217/291 par|[from] item: Leftovers\n|upkeep\n|turn|25\n|\n|t:|1733912011\n|move|p1a: Excadrill|Earthquake|p2a: Jirachi\n|-supereffective|p2a: Jirachi\n|-damage|p2a: Jirachi|5/291 par\n|move|p2a: Jirachi|Body Slam|p1a: Excadrill\n|-resisted|p1a: Excadrill\n|-damage|p1a: Excadrill|264/303\n|\n|-heal|p2a: Jirachi|23/291 par|[from] item: Leftovers\n|upkeep\n|turn|26\n|\n|t:|1733912023\n|move|p2a: Jirachi|Protect|p2a: Jirachi\n|-singleturn|p2a: Jirachi|Protect\n|move|p1a: Excadrill|Iron Head|p2a: Jirachi\n|-activate|p2a: Jirachi|move: Protect\n|\n|-heal|p2a: Jirachi|41/291 par|[from] item: Leftovers\n|upkeep\n|turn|27\n|\n|t:|1733912033\n|switch|p2a: Hatterene|Hatterene, L85, F|236/236\n|move|p1a: Excadrill|Earthquake|p2a: Hatterene\n|-damage|p2a: Hatterene|118/236\n|\n|upkeep\n|turn|28\n|\n|t:|1733912041\n|move|p1a: Excadrill|Earthquake|p2a: Hatterene\n|-damage|p2a: Hatterene|6/236\n|move|p2a: Hatterene|Mystical Fire|p1a: Excadrill\n|-supereffective|p1a: Excadrill\n|-damage|p1a: Excadrill|138/303\n|-unboost|p1a: Excadrill|spa|1\n|\n|upkeep\n|turn|29\n|\n|t:|1733912054\n|move|p1a: Excadrill|Rapid Spin|p2a: Hatterene\n|-damage|p2a: Hatterene|0 fnt\n|-boost|p1a: Excadrill|spe|1\n|faint|p2a: Hatterene\n|\n|upkeep\n|\n|t:|1733912056\n|switch|p2a: Arbok|Arbok, L87, F|246/246\n|-ability|p2a: Arbok|Intimidate|boost\n|-unboost|p1a: Excadrill|atk|1\n|turn|30\n|\n|t:|1733912062\n|move|p1a: Excadrill|Earthquake|p2a: Arbok\n|-supereffective|p2a: Arbok\n|-damage|p2a: Arbok|64/246\n|move|p2a: Arbok|Gunk Shot|p1a: Excadrill\n|-immune|p1a: Excadrill\n|\n|upkeep\n|turn|31\n|\n|t:|1733912081\n|move|p2a: Arbok|Sucker Punch|p1a: Excadrill\n|-damage|p1a: Excadrill|39/303\n|-damage|p2a: Arbok|40/246|[from] item: Life Orb\n|move|p1a: Excadrill|Earthquake|p2a: Arbok\n|-supereffective|p2a: Arbok\n|-damage|p2a: Arbok|0 fnt\n|faint|p2a: Arbok\n|\n|upkeep\n|\n|t:|1733912083\n|switch|p2a: Rayquaza|Rayquaza, L72|270/270\n|-ability|p2a: Rayquaza|Air Lock\n|turn|32\n|\n|t:|1733912098\n|move|p2a: Rayquaza|Extreme Speed|p1a: Excadrill\n|-resisted|p1a: Excadrill\n|-damage|p1a: Excadrill|0 fnt\n|faint|p1a: Excadrill\n|\n|upkeep\n|\n|t:|1733912106\n|switch|p1a: Lanturn|Lanturn, L89, F|243/367\n|turn|33\n|\n|t:|1733912128\n|move|p2a: Rayquaza|Extreme Speed|p1a: Lanturn\n|-damage|p1a: Lanturn|137/367\n|move|p1a: Lanturn|Thunder Wave|p2a: Rayquaza\n|-status|p2a: Rayquaza|par\n|\n|-heal|p1a: Lanturn|159/367|[from] item: Leftovers\n|upkeep\n|turn|34\n|\n|t:|1733912141\n|cant|p2a: Rayquaza|par\n|move|p1a: Lanturn|Ice Beam|p2a: Rayquaza\n|-supereffective|p2a: Rayquaza\n|-damage|p2a: Rayquaza|0 fnt\n|faint|p2a: Rayquaza\n|\n|-heal|p1a: Lanturn|181/367|[from] item: Leftovers\n|upkeep\n|\n|t:|1733912144\n|switch|p2a: Jirachi|Jirachi, L80|41/291 par\n|turn|35\n|\n|t:|1733912155\n|move|p2a: Jirachi|Protect|p2a: Jirachi\n|-singleturn|p2a: Jirachi|Protect\n|move|p1a: Lanturn|Scald|p2a: Jirachi\n|-activate|p2a: Jirachi|move: Protect\n|\n|-heal|p1a: Lanturn|203/367|[from] item: Leftovers\n|-heal|p2a: Jirachi|59/291 par|[from] item: Leftovers\n|upkeep\n|turn|36\n|\n|t:|1733912165\n|move|p2a: Jirachi|Protect|p2a: Jirachi\n|-singleturn|p2a: Jirachi|Protect\n|move|p1a: Lanturn|Scald|p2a: Jirachi\n|-activate|p2a: Jirachi|move: Protect\n|\n|-heal|p1a: Lanturn|225/367|[from] item: Leftovers\n|-heal|p2a: Jirachi|77/291 par|[from] item: Leftovers\n|upkeep\n|turn|37\n|\n|t:|1733912174\n|move|p2a: Jirachi|Protect||[still]\n|-fail|p2a: Jirachi\n|move|p1a: Lanturn|Scald|p2a: Jirachi\n|-damage|p2a: Jirachi|0 fnt\n|faint|p2a: Jirachi\n|\n|win|daddylonglegs85\n|raw|daddylonglegs85's rating: 1074 &rarr; <strong>1103</strong><br />(+29 for winning)\n|raw|Shoopaloopa's rating: 1074 &rarr; <strong>1053</strong><br />(-21 for losing)\n|l|\u2606Shoopaloopa\n|player|p2|\n", "inputlog": ">version bfd83cad13791eb5a5a409923076391caf6fb4d4\n>start {\"formatid\":\"gen9randombattle\",\"seed\":[28111,43948,62976,56012],\"rated\":\"Rated battle\"}\n>player p1 {\"name\":\"daddylonglegs85\",\"avatar\":\"roughneck-gen4\",\"rating\":1074,\"seed\":[48160,38225,38036,17374]}\n>player p2 {\"name\":\"Shoopaloopa\",\"avatar\":\"dawn-gen4pt\",\"rating\":1074,\"seed\":[57455,34376,58972,21097]}\n>p1 move knockoff\n>p2 switch 4\n>p1 move surf\n>p2 move petaldance\n>p1 switch 6\n>p2 move petaldance\n>p1 move stoneedge\n>p2 move petaldance\n>p2 switch 5\n>p1 move stoneedge\n>p2 move tripleaxel\n>p1 move stoneedge\n>p2 move tripleaxel\n>p1 switch 2\n>p1 move knockoff\n>p2 move poltergeist\n>p2 switch 2\n>p1 move tripleaxel\n>p2 move ironhead\n>p1 move tripleaxel\n>p2 move ironhead\n>p1 switch 5\n>p2 move ironhead\n>p1 move closecombat\n>p2 move ironhead\n>p1 switch 4\n>p1 move thunderbolt\n>p2 move ironhead\n>p1 move thunderwave\n>p2 move bodyslam\n>p1 move thunderbolt\n>p2 move bodyslam\n>p1 move scald\n>p2 move bodyslam\n>p1 move icebeam\n>p2 move wish\n>p1 move scald\n>p2 move wish\n>p1 move scald\n>p2 move protect\n>p1 move thunderbolt\n>p2 move protect\n>p1 move thunderbolt\n>p2 move bodyslam\n>p1 move thunderbolt\n>p2 move bodyslam\n>p1 move scald\n>p2 move protect\n>p1 move scald\n>p2 move wish\n>p1 switch 3\n>p2 move protect\n>p1 move earthquake\n>p2 move bodyslam\n>p1 move ironhead\n>p2 move protect\n>p1 move earthquake\n>p2 switch 6\n>p1 move earthquake\n>p2 move mysticalfire\n>p1 move rapidspin\n>p2 move mysticalfire\n>p2 switch 3\n>p1 move earthquake\n>p2 move gunkshot\n>p1 move earthquake\n>p2 move suckerpunch\n>p2 switch 4\n>p1 move ironhead\n>p2 move extremespeed\n>p1 switch 3\n>p1 move thunderwave\n>p2 move extremespeed\n>p1 move icebeam\n>p2 move extremespeed\n>p2 switch 6\n>p1 move scald\n>p2 move protect\n>p1 move scald\n>p2 move protect\n>p1 move scald\n>p2 move protect", "uploadtime": 1733912184, "views": 2, "formatid": "gen9randombattle", "rating": 1053, "private": 0, "password": null}