{"id": "gen9randombattle-2260493373", "format": "[Gen 9] Random Battle", "players": ["Damokle", "BigBossJnack"], "log": "|j|\u2606Damokle\n|j|\u2606BigBossJnack\n|t:|1733856920\n|gametype|singles\n|player|p1|Damokle|palmer|1975\n|player|p2|BigBossJnack|169|1935\n|teamsize|p1|6\n|teamsize|p2|6\n|gen|9\n|tier|[Gen 9] Random Battle\n|rated|\n|rule|Species Clause: Limit one of each Pok\u00e9mon\n|rule|HP Percentage Mod: HP is shown in percentages\n|rule|Sleep Clause Mod: Limit one foe put to sleep\n|rule|Illusion Level Mod: Illusion disguises the Pok\u00e9mon's true level\n|\n|t:|1733856920\n|start\n|switch|p1a: Sableye|Sableye, L89, M|234/234\n|switch|p2a: Pincurchin|Pincurchin, F|258/258\n|-fieldstart|move: Electric Terrain|[from] ability: Electric Surge|[of] p2a: Pincurchin\n|turn|1\n|\n|t:|1733856929\n|move|p1a: Sableye|Knock Off|p2a: Pincurchin\n|-damage|p2a: Pincurchin|182/258\n|-enditem|p2a: Pincurchin|Leftovers|[from] move: Knock Off|[of] p1a: Sableye\n|move|p2a: Pincurchin|Zing Zap|p1a: Sableye\n|-damage|p1a: Sableye|54/234\n|\n|-heal|p1a: Sableye|68/234|[from] item: Leftovers\n|upkeep\n|turn|2\n|\n|t:|1733856933\n|move|p1a: Sableye|Will-O-Wisp|p2a: Pincurchin|[miss]\n|-miss|p1a: Sableye|p2a: Pincurchin\n|move|p2a: Pincurchin|Zing Zap|p1a: Sableye\n|-damage|p1a: Sableye|0 fnt\n|faint|p1a: Sableye\n|\n|upkeep\n|\n|t:|1733856949\n|switch|p1a: Armarouge|Armarouge, L80, M|267/267\n|turn|3\n|\n|t:|1733856967\n|move|p1a: Armarouge|Meteor Beam||[still]\n|-prepare|p1a: Armarouge|Meteor Beam\n|-boost|p1a: Armarouge|spa|1\n|-enditem|p1a: Armarouge|Power Herb\n|-anim|p1a: Armarouge|Meteor Beam|p2a: Pincurchin\n|-damage|p2a: Pincurchin|53/258\n|move|p2a: Pincurchin|Liquidation|p1a: Armarouge\n|-supereffective|p1a: Armarouge\n|-damage|p1a: Armarouge|107/267\n|-ability|p1a: Armarouge|Weak Armor|boost\n|-unboost|p1a: Armarouge|def|1\n|-boost|p1a: Armarouge|spe|2\n|\n|upkeep\n|turn|4\n|\n|t:|1733856974\n|move|p1a: Armarouge|Psyshock|p2a: Pincurchin\n|-damage|p2a: Pincurchin|0 fnt\n|faint|p2a: Pincurchin\n|\n|upkeep\n|\n|t:|1733856979\n|switch|p2a: Hitmontop|Hitmontop, L88, M|231/231\n|-ability|p2a: Hitmontop|Intimidate|boost\n|-unboost|p1a: Armarouge|atk|1\n|turn|5\n|\n|t:|1733856998\n|move|p2a: Hitmontop|Sucker Punch|p1a: Armarouge\n|-supereffective|p1a: Armarouge\n|-crit|p1a: Armarouge\n|-damage|p1a: Armarouge|0 fnt\n|faint|p1a: Armarouge\n|\n|-fieldend|move: Electric Terrain\n|upkeep\n|\n|t:|1733857003\n|switch|p1a: Quaquaval|Quaquaval, L79, F|264/264\n|turn|6\n|\n|t:|1733857008\n|switch|p2a: Lapras|Lapras, L87, F|367/367\n|move|p1a: Quaquaval|Aqua Step|p2a: Lapras\n|-immune|p2a: Lapras|[from] ability: Water Absorb\n|\n|upkeep\n|turn|7\n|\n|t:|1733857012\n|move|p1a: Quaquaval|Knock Off|p2a: Lapras\n|-damage|p2a: Lapras|268/367\n|-enditem|p2a: Lapras|Loaded Dice|[from] move: Knock Off|[of] p1a: Quaquaval\n|-damage|p1a: Quaquaval|238/264|[from] item: Life Orb\n|move|p2a: Lapras|Dragon Dance|p2a: Lapras\n|-boost|p2a: Lapras|atk|1\n|-boost|p2a: Lapras|spe|1\n|\n|upkeep\n|turn|8\n|\n|t:|1733857020\n|-terastallize|p2a: Lapras|Ground\n|move|p2a: Lapras|Earthquake|p1a: Quaquaval\n|-damage|p1a: Quaquaval|49/264\n|move|p1a: Quaquaval|Close Combat|p2a: Lapras\n|-damage|p2a: Lapras|93/367\n|-unboost|p1a: Quaquaval|def|1\n|-unboost|p1a: Quaquaval|spd|1\n|-damage|p1a: Quaquaval|23/264|[from] item: Life Orb\n|\n|upkeep\n|turn|9\n|\n|t:|1733857028\n|switch|p1a: Braviary|Braviary, L85, M|309/309\n|move|p2a: Lapras|Waterfall|p1a: Braviary\n|-damage|p1a: Braviary|182/309\n|\n|upkeep\n|turn|10\n|\n|t:|1733857032\n|move|p2a: Lapras|Icicle Spear|p1a: Braviary\n|-supereffective|p1a: Braviary\n|-damage|p1a: Braviary|90/309\n|-supereffective|p1a: Braviary\n|-damage|p1a: Braviary|0 fnt\n|faint|p1a: Braviary\n|-hitcount|p1: Braviary|2\n|\n|upkeep\n|\n|t:|1733857034\n|switch|p1a: Oricorio|Oricorio, L84, F|263/263\n|turn|11\n|\n|t:|1733857038\n|move|p2a: Lapras|Waterfall|p1a: Oricorio\n|-supereffective|p1a: Oricorio\n|-damage|p1a: Oricorio|0 fnt\n|faint|p1a: Oricorio\n|\n|upkeep\n|\n|t:|1733857040\n|switch|p1a: Lucario|Lucario, L84, M|255/255\n|turn|12\n|\n|t:|1733857045\n|switch|p2a: Scizor|Scizor, L79, F|240/240\n|move|p1a: Lucario|Vacuum Wave|p2a: Scizor\n|-damage|p2a: Scizor|162/240\n|-damage|p1a: Lucario|230/255|[from] item: Life Orb\n|\n|upkeep\n|turn|13\n|\n|t:|1733857050\n|switch|p1a: Quaquaval|Quaquaval, L79, F|23/264\n|move|p2a: Scizor|Close Combat|p1a: Quaquaval\n|-damage|p1a: Quaquaval|0 fnt\n|-unboost|p2a: Scizor|def|1\n|-unboost|p2a: Scizor|spd|1\n|faint|p1a: Quaquaval\n|-damage|p2a: Scizor|138/240|[from] item: Life Orb\n|\n|upkeep\n|\n|t:|1733857051\n|switch|p1a: Lucario|Lucario, L84, M|230/255\n|turn|14\n|\n|t:|1733857057\n|switch|p2a: Scream Tail|Scream Tail, L84|330/330\n|-terastallize|p1a: Lucario|Fighting\n|move|p1a: Lucario|Vacuum Wave|p2a: Scream Tail\n|-resisted|p2a: Scream Tail\n|-damage|p2a: Scream Tail|312/330\n|-damage|p1a: Lucario|205/255|[from] item: Life Orb\n|\n|-heal|p2a: Scream Tail|330/330|[from] item: Leftovers\n|upkeep\n|turn|15\n|\n|t:|1733857060\n|move|p2a: Scream Tail|Thunder Wave|p1a: Lucario\n|-status|p1a: Lucario|par\n|move|p1a: Lucario|Flash Cannon|p2a: Scream Tail\n|-supereffective|p2a: Scream Tail\n|-damage|p2a: Scream Tail|119/330\n|-damage|p1a: Lucario|180/255 par|[from] item: Life Orb\n|\n|-heal|p2a: Scream Tail|139/330|[from] item: Leftovers\n|upkeep\n|turn|16\n|\n|t:|1733857067\n|move|p2a: Scream Tail|Dazzling Gleam|p1a: Lucario\n|-supereffective|p1a: Lucario\n|-damage|p1a: Lucario|30/255 par\n|move|p1a: Lucario|Flash Cannon|p2a: Scream Tail\n|-supereffective|p2a: Scream Tail\n|-damage|p2a: Scream Tail|0 fnt\n|faint|p2a: Scream Tail\n|-end|p2a: Scream Tail|Protosynthesis|[silent]\n|-damage|p1a: Lucario|5/255 par|[from] item: Life Orb\n|\n|upkeep\n|\n|t:|1733857070\n|switch|p2a: Scizor|Scizor, L79, F|138/240\n|turn|17\n|\n|t:|1733857072\n|move|p2a: Scizor|Bullet Punch|p1a: Lucario\n|-damage|p1a: Lucario|0 fnt\n|faint|p1a: Lucario\n|-damage|p2a: Scizor|114/240|[from] item: Life Orb\n|\n|win|BigBossJnack\n|raw|Damokle's rating: 1975 &rarr; <strong>1953</strong><br />(-22 for losing)\n|raw|BigBossJnack's rating: 1935 &rarr; <strong>1957</strong><br />(+22 for winning)\n|l|\u2606Damokle\n|player|p1|\n", "inputlog": ">version bfd83cad13791eb5a5a409923076391caf6fb4d4\n>start {\"formatid\":\"gen9randombattle\",\"seed\":[46193,58085,25298,49255],\"rated\":\"Rated battle\"}\n>player p1 {\"name\":\"Damokle\",\"avatar\":\"palmer\",\"rating\":1975,\"seed\":[51345,22836,8063,47077]}\n>player p2 {\"name\":\"BigBossJnack\",\"avatar\":\"169\",\"rating\":1935,\"seed\":[47442,22146,19326,52994]}\n>p1 move knockoff\n>p2 move zingzap\n>p1 move willowisp\n>p2 move zingzap\n>p1 switch 2\n>p1 move meteorbeam\n>p2 move liquidation\n>p1 move psyshock\n>p2 move liquidation\n>p2 switch 5\n>p1 move armorcannon\n>p2 move suckerpunch\n>p1 switch 5\n>p1 move aquastep\n>p2 switch 2\n>p1 move knockoff\n>p2 move dragondance\n>p1 move closecombat\n>p2 move earthquake terastallize\n>p1 switch 6\n>p2 move waterfall\n>p1 move closecombat\n>p2 move iciclespear\n>p1 switch 3\n>p1 move quiverdance\n>p2 move waterfall\n>p1 switch 4\n>p1 move vacuumwave\n>p2 switch 3\n>p1 switch 6\n>p2 move closecombat\n>p1 switch 6\n>p1 move vacuumwave terastallize\n>p2 switch 4\n>p1 move flashcannon\n>p2 move thunderwave\n>p1 move flashcannon\n>p2 move dazzlinggleam\n>p2 switch 4\n>p1 move vacuumwave\n>p2 move bulletpunch", "uploadtime": 1733857074, "views": 1, "formatid": "gen9randombattle", "rating": 1953, "private": 0, "password": null}