{"id": "gen9randombattle-2259901622", "format": "[Gen 9] Random Battle", "players": ["johannesbestie", "RoryEh"], "log": "|j|\u2606johannesbestie\n|j|\u2606RoryEh\n|t:|1733778088\n|gametype|singles\n|player|p1|johannesbestie|cynthia|1256\n|player|p2|RoryEh|170|1238\n|teamsize|p1|6\n|teamsize|p2|6\n|gen|9\n|tier|[Gen 9] Random Battle\n|rated|\n|rule|Species Clause: Limit one of each Pok\u00e9mon\n|rule|HP Percentage Mod: HP is shown in percentages\n|rule|Sleep Clause Mod: Limit one foe put to sleep\n|rule|Illusion Level Mod: Illusion disguises the Pok\u00e9mon's true level\n|\n|t:|1733778088\n|start\n|switch|p1a: Palossand|Palossand, L89, F|296/296\n|switch|p2a: Primarina|Primarina, L83, M|268/268\n|turn|1\n|\n|t:|1733778108\n|move|p2a: Primarina|Psychic Noise|p1a: Palossand\n|-supereffective|p1a: Palossand\n|-damage|p1a: Palossand|80/296\n|-start|p1a: Palossand|move: Heal Block\n|-ability|p1a: Palossand|Water Compaction|boost\n|-boost|p1a: Palossand|def|2\n|move|p1a: Palossand|Sludge Bomb|p2a: Primarina\n|-supereffective|p2a: Primarina\n|-damage|p2a: Primarina|140/268\n|\n|-heal|p2a: Primarina|156/268|[from] item: Leftovers\n|upkeep\n|turn|2\n|\n|t:|1733778141\n|move|p2a: Primarina|Draining Kiss|p1a: Palossand\n|-damage|p1a: Palossand|11/296\n|-heal|p2a: Primarina|208/268|[from] drain|[of] p1a: Palossand\n|move|p1a: Palossand|Sludge Bomb|p2a: Primarina\n|-supereffective|p2a: Primarina\n|-damage|p2a: Primarina|92/268\n|\n|-heal|p2a: Primarina|108/268|[from] item: Leftovers\n|-end|p1a: Palossand|move: Heal Block\n|upkeep\n|turn|3\n|\n|t:|1733778152\n|move|p2a: Primarina|Draining Kiss|p1a: Palossand\n|-damage|p1a: Palossand|0 fnt\n|-heal|p2a: Primarina|116/268|[from] drain|[of] p1a: Palossand\n|faint|p1a: Palossand\n|\n|-heal|p2a: Primarina|132/268|[from] item: Leftovers\n|upkeep\n|\n|t:|1733778161\n|switch|p1a: Swalot|Swalot, L90, M|326/326\n|turn|4\n|\n|t:|1733778176\n|switch|p2a: Toedscruel|Toedscruel, L87, F|281/281\n|move|p1a: Swalot|Encore||[still]\n|-fail|p1a: Swalot\n|\n|upkeep\n|turn|5\n|\n|t:|1733778200\n|move|p2a: Toedscruel|Earth Power|p1a: Swalot\n|-supereffective|p1a: Swalot\n|-damage|p1a: Swalot|140/326\n|move|p1a: Swalot|Knock Off|p2a: Toedscruel\n|-damage|p2a: Toedscruel|205/281\n|-enditem|p2a: Toedscruel|Leftovers|[from] move: Knock Off|[of] p1a: Swalot\n|\n|-heal|p1a: Swalot|160/326|[from] item: Leftovers\n|upkeep\n|turn|6\n|\n|t:|1733778214\n|move|p2a: Toedscruel|Earth Power|p1a: Swalot\n|-supereffective|p1a: Swalot\n|-damage|p1a: Swalot|0 fnt\n|faint|p1a: Swalot\n|\n|upkeep\n|\n|t:|1733778220\n|switch|p1a: Chansey|Chansey, L85, F|564/564\n|turn|7\n|\n|t:|1733778226\n|move|p1a: Chansey|Thunder Wave|p2a: Toedscruel\n|-immune|p2a: Toedscruel\n|move|p2a: Toedscruel|Spore|p1a: Chansey\n|-status|p1a: Chansey|slp|[from] move: Spore\n|\n|upkeep\n|turn|8\n|\n|t:|1733778238\n|switch|p2a: Iron Leaves|Iron Leaves, L80|275/275\n|cant|p1a: Chansey|slp\n|\n|upkeep\n|turn|9\n|\n|t:|1733778248\n|-curestatus|p1a: Chansey|slp|[from] ability: Natural Cure\n|switch|p1a: Alomomola|Alomomola, L87, F|429/429\n|move|p2a: Iron Leaves|Close Combat|p1a: Alomomola\n|-crit|p1a: Alomomola\n|-damage|p1a: Alomomola|180/429\n|-unboost|p2a: Iron Leaves|def|1\n|-unboost|p2a: Iron Leaves|spd|1\n|\n|upkeep\n|turn|10\n|\n|t:|1733778263\n|-end|p2a: Iron Leaves|Quark Drive|[silent]\n|switch|p2a: Chansey|Chansey, L85, F|564/564\n|move|p1a: Alomomola|Protect||[still]\n|-fail|p1a: Alomomola\n|\n|upkeep\n|turn|11\n|\n|t:|1733778274\n|switch|p1a: Groudon|Groudon, L72|263/263\n|-weather|SunnyDay|[from] ability: Drought|[of] p1a: Groudon\n|move|p2a: Chansey|Stealth Rock|p1a: Groudon\n|-sidestart|p1: johannesbestie|move: Stealth Rock\n|\n|-weather|SunnyDay|[upkeep]\n|upkeep\n|turn|12\n|\n|t:|1733778290\n|move|p1a: Groudon|Thunder Wave|p2a: Chansey\n|-status|p2a: Chansey|par\n|move|p2a: Chansey|Seismic Toss|p1a: Groudon\n|-damage|p1a: Groudon|178/263\n|\n|-weather|SunnyDay|[upkeep]\n|-heal|p1a: Groudon|194/263|[from] item: Leftovers\n|upkeep\n|turn|13\n|\n|t:|1733778306\n|move|p1a: Groudon|Swords Dance|p1a: Groudon\n|-boost|p1a: Groudon|atk|2\n|move|p2a: Chansey|Seismic Toss|p1a: Groudon\n|-damage|p1a: Groudon|109/263\n|\n|-weather|SunnyDay|[upkeep]\n|-heal|p1a: Groudon|125/263|[from] item: Leftovers\n|upkeep\n|turn|14\n|\n|t:|1733778320\n|move|p1a: Groudon|Heat Crash|p2a: Chansey\n|-damage|p2a: Chansey|0 fnt\n|faint|p2a: Chansey\n|\n|-weather|SunnyDay|[upkeep]\n|-heal|p1a: Groudon|141/263|[from] item: Leftovers\n|upkeep\n|\n|t:|1733778328\n|switch|p2a: Iron Leaves|Iron Leaves, L80|275/275\n|turn|15\n|\n|t:|1733778335\n|-terastallize|p1a: Groudon|Fire\n|move|p2a: Iron Leaves|Leaf Blade|p1a: Groudon\n|-resisted|p1a: Groudon\n|-damage|p1a: Groudon|71/263\n|move|p1a: Groudon|Heat Crash|p2a: Iron Leaves\n|-supereffective|p2a: Iron Leaves\n|-damage|p2a: Iron Leaves|0 fnt\n|faint|p2a: Iron Leaves\n|-end|p2a: Iron Leaves|Quark Drive|[silent]\n|\n|-weather|none\n|-heal|p1a: Groudon|87/263|[from] item: Leftovers\n|upkeep\n|\n|t:|1733778348\n|switch|p2a: Primarina|Primarina, L83, M|132/268\n|turn|16\n|\n|t:|1733778363\n|move|p1a: Groudon|Precipice Blades|p2a: Primarina\n|-crit|p2a: Primarina\n|-damage|p2a: Primarina|0 fnt\n|faint|p2a: Primarina\n|\n|-heal|p1a: Groudon|103/263|[from] item: Leftovers\n|upkeep\n|l|\u2606RoryEh\n|player|p2|\n|c|\u2606johannesbestie|Looool\n|inactive|Battle timer is ON: inactive players will automatically lose when time's up. (requested by johannesbestie)\n|inactive|RoryEh has 30 seconds to reconnect!\n|inactive|RoryEh has 20 seconds to reconnect!\n|inactive|RoryEh has 15 seconds to reconnect!\n|inactive|RoryEh has 10 seconds to reconnect!\n|inactive|RoryEh has 5 seconds to reconnect!\n|-message|RoryEh lost due to inactivity.\n|\n|win|johannesbestie\n|raw|johannesbestie's rating: 1256 &rarr; <strong>1280</strong><br />(+24 for winning)\n|raw|RoryEh's rating: 1238 &rarr; <strong>1214</strong><br />(-24 for losing)\n", "inputlog": ">version bfd83cad13791eb5a5a409923076391caf6fb4d4\n>start {\"formatid\":\"gen9randombattle\",\"seed\":[40841,62644,60098,37783],\"rated\":\"Rated battle\"}\n>player p1 {\"name\":\"johannesbestie\",\"avatar\":\"cynthia\",\"rating\":1256,\"seed\":[62068,51207,11591,18136]}\n>player p2 {\"name\":\"RoryEh\",\"avatar\":\"170\",\"rating\":1238,\"seed\":[63533,41540,55303,53759]}\n>p1 move sludgebomb\n>p2 move psychicnoise\n>p1 move sludgebomb\n>p2 move drainingkiss\n>p1 move shoreup\n>p2 move drainingkiss\n>p1 switch 2\n>p1 move encore\n>p2 switch 4\n>p1 move knockoff\n>p2 move earthpower\n>p1 move toxicspikes\n>p2 move earthpower\n>p1 switch 3\n>p1 move thunderwave\n>p2 move spore\n>p1 move thunderwave\n>p2 switch 6\n>p1 switch 6\n>p2 move closecombat\n>p1 move protect\n>p2 switch 5\n>p1 switch 5\n>p2 move stealthrock\n>p1 move thunderwave\n>p2 move seismictoss\n>p1 move swordsdance\n>p2 move seismictoss\n>p1 move heatcrash\n>p2 move seismictoss\n>p2 switch 5\n>p1 move heatcrash terastallize\n>p2 move leafblade\n>p2 switch 4\n>p1 move precipiceblades\n>p2 move psychicnoise\n>chat \u2606johannesbestie|Looool\n>forcelose p2", "uploadtime": 1733778501, "views": 1, "formatid": "gen9randombattle", "rating": 1214, "private": 0, "password": null}