{"id": "gen9randombattle-2259806345", "format": "[Gen 9] Random Battle", "players": ["fundipsnorter", "Daruvial"], "log": "|j|\u2606fundipsnorter\n|j|\u2606Daruvial\n|t:|1733768566\n|gametype|singles\n|player|p1|fundipsnorter|265|1665\n|player|p2|Daruvial|102|1717\n|teamsize|p1|6\n|teamsize|p2|6\n|gen|9\n|tier|[Gen 9] Random Battle\n|rated|\n|rule|Species Clause: Limit one of each Pok\u00e9mon\n|rule|HP Percentage Mod: HP is shown in percentages\n|rule|Sleep Clause Mod: Limit one foe put to sleep\n|rule|Illusion Level Mod: Illusion disguises the Pok\u00e9mon's true level\n|\n|t:|1733768566\n|start\n|switch|p1a: Sandy Shocks|Sandy Shocks, L80|267/267\n|switch|p2a: Bastiodon|Bastiodon, L89, F|252/252\n|turn|1\n|inactive|Battle timer is ON: inactive players will automatically lose when time's up. (requested by Daruvial)\n|\n|t:|1733768585\n|switch|p2a: Azelf|Azelf, L82|257/257\n|move|p1a: Sandy Shocks|Earth Power|p2a: Azelf\n|-immune|p2a: Azelf|[from] ability: Levitate\n|\n|upkeep\n|turn|2\n|\n|t:|1733768604\n|-end|p1a: Sandy Shocks|Protosynthesis|[silent]\n|switch|p1a: Polteageist|Polteageist-Antique, L79|224/224\n|move|p2a: Azelf|Encore||[still]\n|-fail|p2a: Azelf\n|\n|upkeep\n|turn|3\n|\n|t:|1733768612\n|-terastallize|p2a: Azelf|Dark\n|move|p2a: Azelf|Knock Off|p1a: Polteageist\n|-supereffective|p1a: Polteageist\n|-damage|p1a: Polteageist|0 fnt\n|-start|p2a: Azelf|Disable|Knock Off|[from] ability: Cursed Body|[of] p1a: Polteageist\n|-enditem|p1a: Polteageist|White Herb|[from] move: Knock Off|[of] p2a: Azelf\n|faint|p1a: Polteageist\n|-damage|p2a: Azelf|232/257|[from] item: Life Orb\n|\n|upkeep\n|inactive|fundipsnorter has 120 seconds left.\n|\n|t:|1733768641\n|switch|p1a: Falinks|Falinks, L84|246/246\n|turn|4\n|\n|t:|1733768649\n|-terastallize|p1a: Falinks|Dark\n|move|p2a: Azelf|Psychic|p1a: Falinks\n|-immune|p1a: Falinks\n|move|p1a: Falinks|No Retreat|p1a: Falinks\n|-boost|p1a: Falinks|atk|1\n|-boost|p1a: Falinks|def|1\n|-boost|p1a: Falinks|spa|1\n|-boost|p1a: Falinks|spd|1\n|-boost|p1a: Falinks|spe|1\n|-start|p1a: Falinks|move: No Retreat\n|\n|upkeep\n|turn|5\n|\n|t:|1733768670\n|switch|p2a: Volcanion|Volcanion, L79|255/255\n|move|p1a: Falinks|Close Combat|p2a: Volcanion\n|-damage|p2a: Volcanion|63/255\n|-unboost|p1a: Falinks|def|1\n|-unboost|p1a: Falinks|spd|1\n|-damage|p1a: Falinks|222/246|[from] item: Life Orb\n|\n|upkeep\n|turn|6\n|\n|t:|1733768674\n|move|p1a: Falinks|Knock Off|p2a: Volcanion\n|-damage|p2a: Volcanion|0 fnt\n|-enditem|p2a: Volcanion|Assault Vest|[from] move: Knock Off|[of] p1a: Falinks\n|faint|p2a: Volcanion\n|-damage|p1a: Falinks|198/246|[from] item: Life Orb\n|\n|upkeep\n|\n|t:|1733768686\n|switch|p2a: Bastiodon|Bastiodon, L89, F|252/252\n|turn|7\n|\n|t:|1733768694\n|move|p1a: Falinks|Close Combat|p2a: Bastiodon\n|-supereffective|p2a: Bastiodon\n|-damage|p2a: Bastiodon|0 fnt\n|-unboost|p1a: Falinks|def|1\n|-unboost|p1a: Falinks|spd|1\n|faint|p2a: Bastiodon\n|-damage|p1a: Falinks|174/246|[from] item: Life Orb\n|\n|upkeep\n|\n|t:|1733768704\n|switch|p2a: Iron Treads|Iron Treads, L77|265/265\n|turn|8\n|\n|t:|1733768712\n|move|p1a: Falinks|Close Combat|p2a: Iron Treads\n|-supereffective|p2a: Iron Treads\n|-crit|p2a: Iron Treads\n|-damage|p2a: Iron Treads|0 fnt\n|-unboost|p1a: Falinks|def|1\n|-unboost|p1a: Falinks|spd|1\n|faint|p2a: Iron Treads\n|-end|p2a: Iron Treads|Quark Drive|[silent]\n|-damage|p1a: Falinks|150/246|[from] item: Life Orb\n|\n|upkeep\n|-message|Daruvial forfeited.\n|\n|win|fundipsnorter\n|raw|fundipsnorter's rating: 1665 &rarr; <strong>1688</strong><br />(+23 for winning)\n|raw|Daruvial's rating: 1717 &rarr; <strong>1694</strong><br />(-23 for losing)\n|l|\u2606Daruvial\n|player|p2|\n", "inputlog": ">version bfd83cad13791eb5a5a409923076391caf6fb4d4\n>start {\"formatid\":\"gen9randombattle\",\"seed\":[43019,16003,65317,13420],\"rated\":\"Rated battle\"}\n>player p1 {\"name\":\"fundipsnorter\",\"avatar\":\"265\",\"rating\":1665,\"seed\":[28201,40127,32583,42558]}\n>player p2 {\"name\":\"Daruvial\",\"avatar\":\"102\",\"rating\":1717,\"seed\":[22769,12264,21277,3054]}\n>p1 move earthpower\n>p2 switch 6\n>p1 switch 6\n>p2 move encore\n>p1 move shellsmash\n>p2 move knockoff terastallize\n>p1 switch 4\n>p1 move noretreat terastallize\n>p2 move psychic\n>p1 move closecombat\n>p2 switch 2\n>p1 move knockoff\n>p2 move steameruption\n>p2 switch 6\n>p1 move closecombat\n>p2 move bodypress\n>p2 switch 4\n>p1 move closecombat\n>p2 move rapidspin\n>forcelose p2", "uploadtime": 1733768718, "views": 8, "formatid": "gen9randombattle", "rating": 1688, "private": 0, "password": null}