{"id": "gen9randombattle-2260915680", "format": "[Gen 9] Random Battle", "players": ["yung master money", "horohorovasey"], "log": "|j|\u2606yung master money\n|j|\u2606horohorovasey\n|t:|1733916137\n|gametype|singles\n|player|p1|yung master money|2|2002\n|player|p2|horohorovasey|miku-flying|2010\n|teamsize|p1|6\n|teamsize|p2|6\n|gen|9\n|tier|[Gen 9] Random Battle\n|rated|\n|rule|Species Clause: Limit one of each Pok\u00e9mon\n|rule|HP Percentage Mod: HP is shown in percentages\n|rule|Sleep Clause Mod: Limit one foe put to sleep\n|rule|Illusion Level Mod: Illusion disguises the Pok\u00e9mon's true level\n|\n|t:|1733916137\n|start\n|switch|p1a: Pachirisu|Pachirisu, L96, F|271/271\n|switch|p2a: Pecharunt|Pecharunt, L77|262/262\n|turn|1\n|\n|t:|1733916149\n|move|p1a: Pachirisu|Discharge|p2a: Pecharunt\n|-damage|p2a: Pecharunt|186/262\n|move|p2a: Pecharunt|Malignant Chain|p1a: Pachirisu\n|-damage|p1a: Pachirisu|205/271\n|-status|p1a: Pachirisu|tox\n|-start|p1a: Pachirisu|confusion|[from] ability: Poison Puppeteer|[of] p2a: Pecharunt\n|\n|-heal|p2a: Pecharunt|202/262|[from] item: Leftovers\n|-damage|p1a: Pachirisu|189/271 tox|[from] psn\n|upkeep\n|turn|2\n|\n|t:|1733916166\n|-activate|p1a: Pachirisu|confusion\n|move|p1a: Pachirisu|U-turn|p2a: Pecharunt\n|-resisted|p2a: Pecharunt\n|-damage|p2a: Pecharunt|196/262\n|\n|t:|1733916168\n|switch|p1a: Dugtrio|Dugtrio-Alola, L84, F|196/196|[from] U-turn\n|move|p2a: Pecharunt|Recover|p2a: Pecharunt\n|-heal|p2a: Pecharunt|262/262\n|\n|upkeep\n|turn|3\n|\n|t:|1733916177\n|switch|p2a: Giratina|Giratina-Origin, L72|335/335\n|move|p1a: Dugtrio|Iron Head|p2a: Giratina\n|-damage|p2a: Giratina|191/335\n|\n|upkeep\n|turn|4\n|\n|t:|1733916191\n|switch|p1a: Smeargle|Smeargle, L95, M|258/258\n|move|p2a: Giratina|Will-O-Wisp|p1a: Smeargle\n|-status|p1a: Smeargle|brn\n|\n|-damage|p1a: Smeargle|242/258 brn|[from] brn\n|upkeep\n|turn|5\n|\n|t:|1733916208\n|move|p1a: Smeargle|Spore|p2a: Giratina\n|-status|p2a: Giratina|slp|[from] move: Spore\n|cant|p2a: Giratina|slp\n|\n|-damage|p1a: Smeargle|226/258 brn|[from] brn\n|upkeep\n|turn|6\n|\n|t:|1733916215\n|move|p1a: Smeargle|Sticky Web|p2a: Giratina\n|-sidestart|p2: horohorovasey|move: Sticky Web\n|-curestatus|p2a: Giratina|slp|[msg]\n|move|p2a: Giratina|Draco Meteor|p1a: Smeargle\n|-damage|p1a: Smeargle|25/258 brn\n|-unboost|p2a: Giratina|spa|2\n|\n|-damage|p1a: Smeargle|9/258 brn|[from] brn\n|upkeep\n|turn|7\n|\n|t:|1733916231\n|move|p1a: Smeargle|Stealth Rock|p2a: Giratina\n|-sidestart|p2: horohorovasey|move: Stealth Rock\n|move|p2a: Giratina|Will-O-Wisp|p1a: Smeargle\n|-fail|p1a: Smeargle|brn\n|\n|-damage|p1a: Smeargle|0 fnt|[from] brn\n|faint|p1a: Smeargle\n|upkeep\n|\n|t:|1733916253\n|switch|p1a: Froslass|Froslass, L87, F|263/263\n|turn|8\n|\n|t:|1733916258\n|switch|p2a: Dunsparce|Dunsparce, L86, F|312/312\n|-activate|p2a: Dunsparce|move: Sticky Web\n|-unboost|p2a: Dunsparce|spe|1\n|-damage|p2a: Dunsparce|273/312|[from] Stealth Rock\n|move|p1a: Froslass|Poltergeist|p2a: Dunsparce\n|-immune|p2a: Dunsparce\n|\n|upkeep\n|turn|9\n|\n|t:|1733916267\n|move|p1a: Froslass|Taunt|p2a: Dunsparce\n|-start|p2a: Dunsparce|move: Taunt\n|cant|p2a: Dunsparce|move: Taunt|Coil\n|\n|upkeep\n|turn|10\n|inactive|Battle timer is ON: inactive players will automatically lose when time's up. (requested by yung master money)\n|\n|t:|1733916285\n|move|p1a: Froslass|Spikes|p2a: Dunsparce\n|-sidestart|p2: horohorovasey|Spikes\n|move|p2a: Dunsparce|Body Slam|p1a: Froslass\n|-immune|p1a: Froslass\n|\n|upkeep\n|turn|11\n|\n|t:|1733916290\n|move|p1a: Froslass|Spikes|p2a: Dunsparce\n|-sidestart|p2: horohorovasey|Spikes\n|move|p2a: Dunsparce|Earthquake|p1a: Froslass\n|-damage|p1a: Froslass|191/263\n|\n|-end|p2a: Dunsparce|move: Taunt\n|upkeep\n|turn|12\n|\n|t:|1733916292\n|move|p1a: Froslass|Spikes|p2a: Dunsparce\n|-sidestart|p2: horohorovasey|Spikes\n|move|p2a: Dunsparce|Earthquake|p1a: Froslass\n|-damage|p1a: Froslass|129/263\n|\n|upkeep\n|turn|13\n|\n|t:|1733916310\n|switch|p1a: Pachirisu|Pachirisu, L96, F|189/271 tox\n|move|p2a: Dunsparce|Earthquake|p1a: Pachirisu\n|-supereffective|p1a: Pachirisu\n|-damage|p1a: Pachirisu|57/271 tox\n|\n|-damage|p1a: Pachirisu|41/271 tox|[from] psn\n|upkeep\n|turn|14\n|\n|t:|1733916319\n|move|p1a: Pachirisu|Super Fang|p2a: Dunsparce\n|-damage|p2a: Dunsparce|137/312\n|move|p2a: Dunsparce|Coil|p2a: Dunsparce\n|-boost|p2a: Dunsparce|atk|1\n|-boost|p2a: Dunsparce|def|1\n|-boost|p2a: Dunsparce|accuracy|1\n|\n|-damage|p1a: Pachirisu|9/271 tox|[from] psn\n|upkeep\n|turn|15\n|\n|t:|1733916324\n|move|p1a: Pachirisu|Encore|p2a: Dunsparce\n|-start|p2a: Dunsparce|Encore\n|move|p2a: Dunsparce|Coil|p2a: Dunsparce\n|-boost|p2a: Dunsparce|atk|1\n|-boost|p2a: Dunsparce|def|1\n|-boost|p2a: Dunsparce|accuracy|1\n|\n|-damage|p1a: Pachirisu|0 fnt|[from] psn\n|faint|p1a: Pachirisu\n|upkeep\n|\n|t:|1733916328\n|switch|p1a: Gothitelle|Gothitelle, L90, F|272/272\n|turn|16\n|\n|t:|1733916333\n|move|p1a: Gothitelle|Psychic|p2a: Dunsparce\n|-damage|p2a: Dunsparce|47/312\n|move|p2a: Dunsparce|Coil|p2a: Dunsparce\n|-boost|p2a: Dunsparce|atk|1\n|-boost|p2a: Dunsparce|def|1\n|-boost|p2a: Dunsparce|accuracy|1\n|\n|upkeep\n|turn|17\n|\n|t:|1733916340\n|move|p1a: Gothitelle|Psychic|p2a: Dunsparce\n|-damage|p2a: Dunsparce|0 fnt\n|faint|p2a: Dunsparce\n|\n|upkeep\n|\n|t:|1733916344\n|switch|p2a: Weavile|Weavile, L79, F|240/240\n|turn|18\n|\n|t:|1733916356\n|switch|p1a: Hippowdon|Hippowdon, L82, M|311/311\n|-weather|Sandstorm|[from] ability: Sand Stream|[of] p1a: Hippowdon\n|move|p2a: Weavile|Swords Dance|p2a: Weavile\n|-boost|p2a: Weavile|atk|2\n|\n|-weather|Sandstorm|[upkeep]\n|-damage|p2a: Weavile|225/240|[from] Sandstorm\n|upkeep\n|turn|19\n|\n|t:|1733916367\n|-terastallize|p1a: Hippowdon|Steel\n|move|p2a: Weavile|Low Kick|p1a: Hippowdon\n|-supereffective|p1a: Hippowdon\n|-damage|p1a: Hippowdon|7/311\n|move|p1a: Hippowdon|Stone Edge|p2a: Weavile|[miss]\n|-miss|p1a: Hippowdon|p2a: Weavile\n|\n|-weather|Sandstorm|[upkeep]\n|-damage|p2a: Weavile|210/240|[from] Sandstorm\n|-heal|p1a: Hippowdon|26/311|[from] item: Leftovers\n|upkeep\n|turn|20\n|\n|t:|1733916382\n|move|p2a: Weavile|Knock Off|p1a: Hippowdon\n|-damage|p1a: Hippowdon|0 fnt\n|-enditem|p1a: Hippowdon|Leftovers|[from] move: Knock Off|[of] p2a: Weavile\n|faint|p1a: Hippowdon\n|\n|-weather|Sandstorm|[upkeep]\n|-damage|p2a: Weavile|195/240|[from] Sandstorm\n|upkeep\n|\n|t:|1733916387\n|switch|p1a: Gothitelle|Gothitelle, L90, F|272/272\n|turn|21\n|\n|t:|1733916391\n|move|p1a: Gothitelle|Focus Blast|p2a: Weavile\n|-supereffective|p2a: Weavile\n|-damage|p2a: Weavile|0 fnt\n|faint|p2a: Weavile\n|\n|-weather|Sandstorm|[upkeep]\n|-damage|p1a: Gothitelle|255/272|[from] Sandstorm\n|upkeep\n|\n|t:|1733916401\n|switch|p2a: Giratina|Giratina-Origin, L72|191/335\n|-damage|p2a: Giratina|150/335|[from] Stealth Rock\n|turn|22\n|\n|t:|1733916408\n|switch|p1a: Dugtrio|Dugtrio-Alola, L84, F|196/196\n|move|p2a: Giratina|Will-O-Wisp|p1a: Dugtrio|[miss]\n|-miss|p2a: Giratina|p1a: Dugtrio\n|\n|-weather|none\n|upkeep\n|turn|23\n|\n|t:|1733916421\n|move|p1a: Dugtrio|Iron Head|p2a: Giratina\n|-damage|p2a: Giratina|18/335\n|move|p2a: Giratina|Will-O-Wisp|p1a: Dugtrio\n|-status|p1a: Dugtrio|brn\n|\n|-damage|p1a: Dugtrio|184/196 brn|[from] brn\n|upkeep\n|turn|24\n|\n|t:|1733916426\n|move|p2a: Giratina|Shadow Sneak|p1a: Dugtrio\n|-damage|p1a: Dugtrio|127/196 brn\n|-ability|p1a: Dugtrio|Tangling Hair\n|-unboost|p2a: Giratina|spe|1\n|move|p1a: Dugtrio|Iron Head|p2a: Giratina\n|-crit|p2a: Giratina\n|-damage|p2a: Giratina|0 fnt\n|faint|p2a: Giratina\n|\n|-damage|p1a: Dugtrio|115/196 brn|[from] brn\n|upkeep\n|\n|t:|1733916443\n|switch|p2a: Magearna|Magearna-Original, L77|250/250\n|-activate|p2a: Magearna|move: Sticky Web\n|-unboost|p2a: Magearna|spe|1\n|-damage|p2a: Magearna|235/250|[from] Stealth Rock\n|-damage|p2a: Magearna|173/250|[from] Spikes\n|turn|25\n|\n|t:|1733916458\n|move|p1a: Dugtrio|Iron Head|p2a: Magearna\n|-damage|p2a: Magearna|120/250\n|move|p2a: Magearna|Shift Gear|p2a: Magearna\n|-boost|p2a: Magearna|spe|2\n|-boost|p2a: Magearna|atk|1\n|\n|-damage|p1a: Dugtrio|103/196 brn|[from] brn\n|upkeep\n|turn|26\n|\n|t:|1733916466\n|move|p1a: Dugtrio|Iron Head|p2a: Magearna\n|-damage|p2a: Magearna|62/250\n|cant|p2a: Magearna|flinch\n|\n|-damage|p1a: Dugtrio|91/196 brn|[from] brn\n|upkeep\n|turn|27\n|\n|t:|1733916476\n|move|p1a: Dugtrio|Iron Head|p2a: Magearna\n|-damage|p2a: Magearna|10/250\n|cant|p2a: Magearna|flinch\n|\n|-damage|p1a: Dugtrio|79/196 brn|[from] brn\n|upkeep\n|turn|28\n|\n|t:|1733916485\n|move|p1a: Dugtrio|Iron Head|p2a: Magearna\n|-damage|p2a: Magearna|0 fnt\n|faint|p2a: Magearna\n|\n|-damage|p1a: Dugtrio|67/196 brn|[from] brn\n|upkeep\n|\n|t:|1733916498\n|switch|p2a: Pecharunt|Pecharunt, L77|262/262\n|-activate|p2a: Pecharunt|move: Sticky Web\n|-unboost|p2a: Pecharunt|spe|1\n|-damage|p2a: Pecharunt|230/262|[from] Stealth Rock\n|-damage|p2a: Pecharunt|165/262|[from] Spikes\n|turn|29\n|\n|t:|1733916505\n|move|p1a: Dugtrio|Iron Head|p2a: Pecharunt\n|-damage|p2a: Pecharunt|123/262\n|move|p2a: Pecharunt|Nasty Plot|p2a: Pecharunt\n|-boost|p2a: Pecharunt|spa|2\n|\n|-heal|p2a: Pecharunt|139/262|[from] item: Leftovers\n|-damage|p1a: Dugtrio|55/196 brn|[from] brn\n|upkeep\n|turn|30\n|\n|t:|1733916518\n|switch|p1a: Froslass|Froslass, L87, F|129/263\n|move|p2a: Pecharunt|Recover|p2a: Pecharunt\n|-heal|p2a: Pecharunt|262/262\n|\n|upkeep\n|turn|31\n|\n|t:|1733916529\n|-terastallize|p2a: Pecharunt|Dark\n|move|p1a: Froslass|Poltergeist|p2a: Pecharunt\n|-activate|p2a: Pecharunt|move: Poltergeist|Leftovers\n|-resisted|p2a: Pecharunt\n|-damage|p2a: Pecharunt|228/262\n|move|p2a: Pecharunt|Malignant Chain|p1a: Froslass\n|-resisted|p1a: Froslass\n|-damage|p1a: Froslass|33/263\n|-start|p2a: Pecharunt|Disable|Malignant Chain|[from] ability: Cursed Body|[of] p1a: Froslass\n|\n|-heal|p2a: Pecharunt|244/262|[from] item: Leftovers\n|upkeep\n|turn|32\n|\n|t:|1733916548\n|switch|p1a: Dugtrio|Dugtrio-Alola, L84, F|55/196 brn\n|move|p2a: Pecharunt|Nasty Plot|p2a: Pecharunt\n|-boost|p2a: Pecharunt|spa|2\n|\n|-heal|p2a: Pecharunt|260/262|[from] item: Leftovers\n|-damage|p1a: Dugtrio|43/196 brn|[from] brn\n|upkeep\n|turn|33\n|\n|t:|1733916559\n|move|p1a: Dugtrio|Iron Head|p2a: Pecharunt\n|-damage|p2a: Pecharunt|217/262\n|move|p2a: Pecharunt|Shadow Ball|p1a: Dugtrio\n|-damage|p1a: Dugtrio|0 fnt\n|faint|p1a: Dugtrio\n|\n|-heal|p2a: Pecharunt|233/262|[from] item: Leftovers\n|upkeep\n|\n|t:|1733916564\n|switch|p1a: Gothitelle|Gothitelle, L90, F|255/272\n|turn|34\n|\n|t:|1733916568\n|move|p1a: Gothitelle|Focus Blast|p2a: Pecharunt\n|-supereffective|p2a: Pecharunt\n|-damage|p2a: Pecharunt|31/262\n|move|p2a: Pecharunt|Shadow Ball|p1a: Gothitelle\n|-supereffective|p1a: Gothitelle\n|-damage|p1a: Gothitelle|0 fnt\n|faint|p1a: Gothitelle\n|\n|-heal|p2a: Pecharunt|47/262|[from] item: Leftovers\n|-end|p2a: Pecharunt|Disable\n|upkeep\n|\n|t:|1733916571\n|switch|p1a: Froslass|Froslass, L87, F|33/263\n|turn|35\n|\n|t:|1733916578\n|move|p1a: Froslass|Triple Axel|p2a: Pecharunt\n|-damage|p2a: Pecharunt|32/262\n|-damage|p2a: Pecharunt|7/262\n|-damage|p2a: Pecharunt|0 fnt\n|faint|p2a: Pecharunt\n|-hitcount|p2: Pecharunt|3\n|\n|upkeep\n|\n|t:|1733916581\n|switch|p2a: Carbink|Carbink, L90|236/236\n|-activate|p2a: Carbink|move: Sticky Web\n|-unboost|p2a: Carbink|spe|1\n|-damage|p2a: Carbink|207/236|[from] Stealth Rock\n|-damage|p2a: Carbink|148/236|[from] Spikes\n|turn|36\n|c|\u2606horohorovasey|ggwp\n|\n|t:|1733916593\n|move|p1a: Froslass|Poltergeist|p2a: Carbink\n|-activate|p2a: Carbink|move: Poltergeist|Leftovers\n|-damage|p2a: Carbink|84/236\n|move|p2a: Carbink|Moonblast|p1a: Froslass\n|-damage|p1a: Froslass|0 fnt\n|faint|p1a: Froslass\n|\n|win|horohorovasey\n|raw|yung master money's rating: 2002 &rarr; <strong>1982</strong><br />(-20 for losing)\n|raw|horohorovasey's rating: 2010 &rarr; <strong>2030</strong><br />(+20 for winning)\n|l|\u2606yung master money\n|player|p1|\n", "inputlog": ">version bfd83cad13791eb5a5a409923076391caf6fb4d4\n>start {\"formatid\":\"gen9randombattle\",\"seed\":[15580,54898,5729,22566],\"rated\":\"Rated battle\"}\n>player p1 {\"name\":\"yung master money\",\"avatar\":\"2\",\"rating\":2002,\"seed\":[16490,58479,34736,41601]}\n>player p2 {\"name\":\"horohorovasey\",\"avatar\":\"miku-flying\",\"rating\":2010,\"seed\":[50229,55167,11920,27834]}\n>p1 move discharge\n>p2 move malignantchain\n>p1 move uturn\n>p2 move recover\n>p1 switch 5\n>p1 move ironhead\n>p2 switch 3\n>p1 switch 2\n>p2 move willowisp\n>p1 move spore\n>p2 move dracometeor\n>p1 move stickyweb\n>p2 move dracometeor\n>p1 move stealthrock\n>p2 move willowisp\n>p1 switch 4\n>p1 move poltergeist\n>p2 switch 4\n>p1 move taunt\n>p2 move coil\n>p1 move spikes\n>p2 move bodyslam\n>p1 move spikes\n>p2 move earthquake\n>p1 move spikes\n>p2 move earthquake\n>p1 switch 5\n>p2 move earthquake\n>p1 move superfang\n>p2 move coil\n>p1 move encore\n>p2 move roost\n>p1 switch 3\n>p1 move psychic\n>p2 move coil\n>p1 move psychic\n>p2 move coil\n>p2 switch 2\n>p1 switch 6\n>p2 move swordsdance\n>p1 move stoneedge terastallize\n>p2 move lowkick\n>p1 move stoneedge\n>p2 move knockoff\n>p1 switch 6\n>p1 move focusblast\n>p2 move knockoff\n>p2 switch 4\n>p1 switch 2\n>p2 move willowisp\n>p1 move ironhead\n>p2 move willowisp\n>p1 move ironhead\n>p2 move shadowsneak\n>p2 switch 5\n>p1 move ironhead\n>p2 move shiftgear\n>p1 move ironhead\n>p2 move shiftgear\n>p1 move ironhead\n>p2 move shiftgear\n>p1 move ironhead\n>p2 move terablast\n>p2 switch 3\n>p1 move ironhead\n>p2 move nastyplot\n>p1 switch 5\n>p2 move recover\n>p1 move poltergeist\n>p2 move malignantchain terastallize\n>p1 switch 5\n>p2 move nastyplot\n>p1 move ironhead\n>p2 move shadowball\n>p1 switch 2\n>p1 move focusblast\n>p2 move shadowball\n>p1 switch 5\n>p1 move tripleaxel\n>p2 move recover\n>p2 switch 6\n>chat \u2606horohorovasey|ggwp\n>p1 move poltergeist\n>p2 move moonblast", "uploadtime": 1733916602, "views": 2, "formatid": "gen9randombattle", "rating": 1982, "private": 0, "password": null}