{"id": "gen9randombattle-2252124776", "format": "[Gen 9] Random Battle", "players": ["Miss Galaxy Note 7", "nocomment3"], "log": "|badge|p1|silver|gen9randombattle|30-3\n|uhtml|medal-msg|<div class=\"broadcast-blue\">Curious what those medals under the avatar are? PS now has Ladder Seasons! For more information, check out the <a href=\"https://www.smogon.com/forums/threads/3740067/\">thread on Smogon.</a></div>\n|j|\u2606Miss Galaxy Note 7\n|j|\u2606nocomment3\n|t:|1732716413\n|gametype|singles\n|player|p1|Miss Galaxy Note 7|caitlin|2371\n|player|p2|nocomment3|102|2278\n|teamsize|p1|6\n|teamsize|p2|6\n|gen|9\n|tier|[Gen 9] Random Battle\n|rated|\n|rule|Species Clause: Limit one of each Pok\u00e9mon\n|rule|HP Percentage Mod: HP is shown in percentages\n|rule|Sleep Clause Mod: Limit one foe put to sleep\n|rule|Illusion Level Mod: Illusion disguises the Pok\u00e9mon's true level\n|\n|t:|1732716413\n|start\n|switch|p1a: Rampardos|Rampardos, L90, M|321/321\n|switch|p2a: Mewtwo|Mewtwo, L72|272/272\n|-ability|p2a: Mewtwo|Unnerve\n|turn|1\n|\n|t:|1732716435\n|switch|p2a: Iron Hands|Iron Hands, L79|373/373\n|move|p1a: Rampardos|Head Smash|p2a: Iron Hands\n|-resisted|p2a: Iron Hands\n|-damage|p2a: Iron Hands|252/373\n|-damage|p1a: Rampardos|260/321|[from] Recoil\n|\n|-heal|p2a: Iron Hands|275/373|[from] item: Leftovers\n|upkeep\n|turn|2\n|\n|t:|1732716445\n|switch|p1a: Illumise|Illumise, L91, F|266/266\n|move|p2a: Iron Hands|Swords Dance|p2a: Iron Hands\n|-boost|p2a: Iron Hands|atk|2\n|\n|-heal|p2a: Iron Hands|298/373|[from] item: Leftovers\n|upkeep\n|turn|3\n|\n|t:|1732716450\n|-end|p2a: Iron Hands|Quark Drive|[silent]\n|switch|p2a: Articuno|Articuno, L86|295/295\n|-ability|p2a: Articuno|Pressure\n|move|p1a: Illumise|Encore||[still]\n|-fail|p1a: Illumise\n|\n|upkeep\n|turn|4\n|j| Raizoeu1\n|\n|t:|1732716455\n|switch|p1a: Perrserker|Perrserker, L89, M|269/269\n|move|p2a: Articuno|Brave Bird|p1a: Perrserker\n|-resisted|p1a: Perrserker\n|-damage|p1a: Perrserker|218/269\n|-damage|p2a: Articuno|278/295|[from] Recoil\n|\n|upkeep\n|turn|5\n|\n|t:|1732716468\n|switch|p2a: Banette|Banette, L93, F|270/270\n|-item|p1a: Perrserker|Choice Band|[from] ability: Frisk|[of] p2a: Banette\n|move|p1a: Perrserker|U-turn|p2a: Banette\n|-resisted|p2a: Banette\n|-damage|p2a: Banette|223/270\n|\n|t:|1732716480\n|switch|p1a: Mienshao|Mienshao, L83, F|244/244|[from] U-turn\n|\n|upkeep\n|turn|6\n|\n|t:|1732716486\n|switch|p2a: Pachirisu|Pachirisu, L96, F|271/271\n|move|p1a: Mienshao|Knock Off|p2a: Pachirisu\n|-damage|p2a: Pachirisu|154/271\n|-enditem|p2a: Pachirisu|Assault Vest|[from] move: Knock Off|[of] p1a: Mienshao\n|-damage|p1a: Mienshao|220/244|[from] item: Life Orb\n|\n|upkeep\n|turn|7\n|\n|t:|1732716493\n|switch|p1a: Perrserker|Perrserker, L89, M|218/269\n|move|p2a: Pachirisu|Nuzzle|p1a: Perrserker\n|-damage|p1a: Perrserker|203/269\n|-status|p1a: Perrserker|par\n|\n|upkeep\n|turn|8\n|\n|t:|1732716500\n|move|p2a: Pachirisu|Super Fang|p1a: Perrserker\n|-damage|p1a: Perrserker|102/269 par\n|move|p1a: Perrserker|U-turn|p2a: Pachirisu\n|-damage|p2a: Pachirisu|61/271\n|\n|t:|1732716511\n|switch|p1a: Illumise|Illumise, L91, F|266/266|[from] U-turn\n|\n|upkeep\n|turn|9\n|\n|t:|1732716524\n|switch|p2a: Articuno|Articuno, L86|278/295\n|-ability|p2a: Articuno|Pressure\n|move|p1a: Illumise|Bug Buzz|p2a: Articuno\n|-resisted|p2a: Articuno\n|-damage|p2a: Articuno|244/295\n|\n|upkeep\n|turn|10\n|\n|t:|1732716536\n|switch|p1a: Perrserker|Perrserker, L89, M|102/269 par\n|move|p2a: Articuno|Brave Bird|p1a: Perrserker\n|-resisted|p1a: Perrserker\n|-damage|p1a: Perrserker|55/269 par\n|-damage|p2a: Articuno|228/295|[from] Recoil\n|\n|upkeep\n|turn|11\n|\n|t:|1732716542\n|switch|p2a: Iron Hands|Iron Hands, L79|298/373\n|move|p1a: Perrserker|Iron Head|p2a: Iron Hands\n|-resisted|p2a: Iron Hands\n|-damage|p2a: Iron Hands|197/373\n|\n|-heal|p2a: Iron Hands|220/373|[from] item: Leftovers\n|upkeep\n|turn|12\n|\n|t:|1732716547\n|move|p2a: Iron Hands|Thunder Punch|p1a: Perrserker\n|-damage|p1a: Perrserker|0 fnt\n|faint|p1a: Perrserker\n|\n|-heal|p2a: Iron Hands|243/373|[from] item: Leftovers\n|upkeep\n|\n|t:|1732716549\n|switch|p1a: Veluza|Veluza, L85, M|292/292\n|turn|13\n|\n|t:|1732716561\n|-terastallize|p2a: Iron Hands|Flying\n|move|p1a: Veluza|Flip Turn|p2a: Iron Hands\n|-damage|p2a: Iron Hands|141/373\n|\n|t:|1732716564\n|switch|p1a: Illumise|Illumise, L91, F|266/266|[from] Flip Turn\n|move|p2a: Iron Hands|Thunder Punch|p1a: Illumise\n|-damage|p1a: Illumise|167/266\n|\n|-heal|p2a: Iron Hands|164/373|[from] item: Leftovers\n|upkeep\n|turn|14\n|\n|t:|1732716569\n|move|p1a: Illumise|Thunder Wave|p2a: Iron Hands\n|-status|p2a: Iron Hands|par\n|move|p2a: Iron Hands|Thunder Punch|p1a: Illumise\n|-damage|p1a: Illumise|61/266\n|\n|-heal|p2a: Iron Hands|187/373 par|[from] item: Leftovers\n|upkeep\n|turn|15\n|\n|t:|1732716574\n|move|p1a: Illumise|Roost|p1a: Illumise\n|-heal|p1a: Illumise|194/266\n|-singleturn|p1a: Illumise|move: Roost\n|cant|p2a: Iron Hands|par\n|\n|-heal|p2a: Iron Hands|210/373 par|[from] item: Leftovers\n|upkeep\n|turn|16\n|\n|t:|1732716582\n|switch|p1a: Dewgong|Dewgong, L94, M|322/322\n|move|p2a: Iron Hands|Thunder Punch|p1a: Dewgong\n|-supereffective|p1a: Dewgong\n|-damage|p1a: Dewgong|148/322\n|-status|p1a: Dewgong|par\n|\n|-heal|p2a: Iron Hands|233/373 par|[from] item: Leftovers\n|upkeep\n|turn|17\n|\n|t:|1732716586\n|move|p1a: Dewgong|Triple Axel|p2a: Iron Hands|[miss]\n|-miss|p1a: Dewgong|p2a: Iron Hands\n|move|p2a: Iron Hands|Drain Punch|p1a: Dewgong\n|-supereffective|p1a: Dewgong\n|-damage|p1a: Dewgong|0 fnt\n|-heal|p2a: Iron Hands|307/373 par|[from] drain|[of] p1a: Dewgong\n|faint|p1a: Dewgong\n|\n|-heal|p2a: Iron Hands|330/373 par|[from] item: Leftovers\n|upkeep\n|\n|t:|1732716589\n|switch|p1a: Rampardos|Rampardos, L90, M|260/321\n|turn|18\n|\n|t:|1732716609\n|move|p1a: Rampardos|Head Smash|p2a: Iron Hands\n|-supereffective|p2a: Iron Hands\n|-damage|p2a: Iron Hands|0 fnt\n|faint|p2a: Iron Hands\n|-end|p2a: Iron Hands|Quark Drive|[silent]\n|-damage|p1a: Rampardos|95/321|[from] Recoil\n|\n|upkeep\n|\n|t:|1732716616\n|switch|p2a: Lokix|Lokix, L82, F|251/251\n|turn|19\n|\n|t:|1732716628\n|switch|p1a: Illumise|Illumise, L91, F|194/266\n|move|p2a: Lokix|First Impression|p1a: Illumise\n|-damage|p1a: Illumise|76/266\n|\n|upkeep\n|turn|20\n|\n|t:|1732716633\n|switch|p2a: Articuno|Articuno, L86|228/295\n|-ability|p2a: Articuno|Pressure\n|move|p1a: Illumise|Roost|p1a: Illumise\n|-heal|p1a: Illumise|209/266\n|-singleturn|p1a: Illumise|move: Roost\n|\n|upkeep\n|turn|21\n|\n|t:|1732716640\n|move|p1a: Illumise|Thunder Wave|p2a: Articuno\n|-status|p2a: Articuno|par\n|move|p2a: Articuno|Brave Bird|p1a: Illumise\n|-supereffective|p1a: Illumise\n|-damage|p1a: Illumise|0 fnt\n|faint|p1a: Illumise\n|-damage|p2a: Articuno|159/295 par|[from] Recoil\n|\n|upkeep\n|\n|t:|1732716652\n|switch|p1a: Rampardos|Rampardos, L90, M|95/321\n|turn|22\n|\n|t:|1732716655\n|move|p1a: Rampardos|Fire Punch|p2a: Articuno\n|-supereffective|p2a: Articuno\n|-damage|p2a: Articuno|0 fnt\n|faint|p2a: Articuno\n|\n|upkeep\n|\n|t:|1732716659\n|switch|p2a: Lokix|Lokix, L82, F|251/251\n|turn|23\n|\n|t:|1732716663\n|move|p2a: Lokix|First Impression|p1a: Rampardos\n|-damage|p1a: Rampardos|0 fnt\n|faint|p1a: Rampardos\n|\n|upkeep\n|\n|t:|1732716673\n|switch|p1a: Mienshao|Mienshao, L83, F|244/244\n|turn|24\n|\n|t:|1732716676\n|switch|p2a: Pachirisu|Pachirisu, L96, F|61/271\n|-terastallize|p1a: Mienshao|Fighting\n|move|p1a: Mienshao|Close Combat|p2a: Pachirisu\n|-damage|p2a: Pachirisu|0 fnt\n|-unboost|p1a: Mienshao|def|1\n|-unboost|p1a: Mienshao|spd|1\n|faint|p2a: Pachirisu\n|-damage|p1a: Mienshao|220/244|[from] item: Life Orb\n|\n|upkeep\n|\n|t:|1732716693\n|switch|p2a: Lokix|Lokix, L82, F|251/251\n|turn|25\n|\n|t:|1732716701\n|move|p2a: Lokix|First Impression|p1a: Mienshao\n|-resisted|p1a: Mienshao\n|-damage|p1a: Mienshao|0 fnt\n|faint|p1a: Mienshao\n|\n|upkeep\n|-message|Miss Galaxy Note 7 forfeited.\n|\n|win|nocomment3\n|raw|Miss Galaxy Note 7's rating: 2371 &rarr; <strong>2346</strong><br />(-25 for losing)\n|raw|nocomment3's rating: 2278 &rarr; <strong>2303</strong><br />(+25 for winning)\n|l|\u2606Miss Galaxy Note 7\n|player|p1|\n|l|\u2606nocomment3\n|player|p2|\n|j|\u2606Miss Galaxy Note 7\n|player|p1|Miss Galaxy Note 7|caitlin|\n", "inputlog": ">version b107d77f5c90bd6555267ae244a6264823309ead\n>start {\"formatid\":\"gen9randombattle\",\"seed\":[13252,45692,9295,62587],\"rated\":\"Rated battle\"}\n>player p1 {\"name\":\"Miss Galaxy Note 7\",\"avatar\":\"caitlin\",\"rating\":2371,\"seed\":[17378,50683,24761,20777]}\n>player p2 {\"name\":\"nocomment3\",\"avatar\":\"102\",\"rating\":2278,\"seed\":[18785,32315,14734,34528]}\n>p1 move headsmash\n>p2 switch 2\n>p1 switch 6\n>p2 move swordsdance\n>p1 move encore\n>p2 switch 5\n>p1 switch 5\n>p2 move bravebird\n>p1 move uturn\n>p2 switch 6\n>p1 switch 2\n>p1 move knockoff\n>p2 switch 3\n>p1 switch 2\n>p2 move nuzzle\n>p1 move uturn\n>p2 move superfang\n>p1 switch 5\n>p1 move bugbuzz\n>p2 switch 6\n>p1 switch 5\n>p2 move bravebird\n>p1 move ironhead\n>p2 switch 5\n>p1 move ironhead\n>p2 move thunderpunch\n>p1 switch 4\n>p1 move flipturn\n>p2 move thunderpunch terastallize\n>p1 switch 5\n>p1 move thunderwave\n>p2 move thunderpunch\n>p1 move roost\n>p2 move thunderpunch\n>p1 switch 3\n>p2 move thunderpunch\n>p1 move tripleaxel\n>p2 move drainpunch\n>p1 switch 6\n>p1 move headsmash\n>p2 move drainpunch\n>p2 switch 4\n>p1 switch 3\n>p2 move firstimpression\n>p1 move roost\n>p2 switch 5\n>p1 move thunderwave\n>p2 move bravebird\n>p1 switch 3\n>p1 move firepunch\n>p2 move freezedry\n>p2 switch 5\n>p1 move firepunch\n>p2 move firstimpression\n>p1 switch 2\n>p1 move closecombat terastallize\n>p2 switch 6\n>p2 switch 6\n>p1 move closecombat\n>p2 move firstimpression\n>forcelose p1", "uploadtime": 1732716906, "views": 15, "formatid": "gen9randombattle", "rating": 2303, "private": 0, "password": null}