{"id": "gen9randombattle-2167170996", "format": "[Gen 9] Random Battle", "players": ["knockdown3s", "Yusei1789"], "log": "|j|\u2606knockdown3s\n|j|\u2606Yusei1789\n|t:|1721911704\n|gametype|singles\n|player|p1|knockdown3s|265|2255\n|player|p2|Yusei1789|169|2281\n|teamsize|p1|6\n|teamsize|p2|6\n|gen|9\n|tier|[Gen 9] Random Battle\n|rated|\n|rule|Species Clause: Limit one of each Pok\u00e9mon\n|rule|HP Percentage Mod: HP is shown in percentages\n|rule|Sleep Clause Mod: Limit one foe put to sleep\n|rule|Illusion Level Mod: Illusion disguises the Pok\u00e9mon's true level\n|\n|t:|1721911704\n|start\n|switch|p1a: Terrakion|Terrakion, L79|273/273\n|switch|p2a: Terrakion|Terrakion, L79|273/273\n|turn|1\n|inactive|Battle timer is ON: inactive players will automatically lose when time's up. (requested by Yusei1789)\n|c|\u2606knockdown3s|Gentlemen\u2019s agreement to not go for the speed tie ?\n|inactive|knockdown3s has 120 seconds left.\n|\n|t:|1721911753\n|switch|p1a: Houndstone|Houndstone, L86, M|264/264\n|move|p2a: Terrakion|Close Combat|p1a: Houndstone\n|-immune|p1a: Houndstone\n|\n|upkeep\n|turn|2\n|\n|t:|1721911773\n|switch|p2a: Heracross|Heracross, L80, M|259/259\n|move|p1a: Houndstone|Poltergeist|p2a: Heracross\n|-activate|p2a: Heracross|move: Poltergeist|Flame Orb\n|-damage|p2a: Heracross|115/259\n|\n|-status|p2a: Heracross|brn|[from] item: Flame Orb\n|upkeep\n|turn|3\n|\n|t:|1721911794\n|switch|p1a: Terrakion|Terrakion, L79|273/273\n|move|p2a: Heracross|Knock Off|p1a: Terrakion\n|-resisted|p1a: Terrakion\n|-damage|p1a: Terrakion|210/273\n|-ability|p1a: Terrakion|Justified|boost\n|-boost|p1a: Terrakion|atk|1\n|-enditem|p1a: Terrakion|Choice Band|[from] move: Knock Off|[of] p2a: Heracross\n|\n|-damage|p2a: Heracross|99/259 brn|[from] brn\n|upkeep\n|turn|4\n|\n|t:|1721911803\n|move|p1a: Terrakion|Stone Edge|p2a: Heracross\n|-damage|p2a: Heracross|0 fnt\n|faint|p2a: Heracross\n|\n|upkeep\n|\n|t:|1721911816\n|switch|p2a: Terrakion|Terrakion, L79|273/273\n|turn|5\n|\n|t:|1721911833\n|switch|p1a: Houndstone|Houndstone, L86, M|264/264\n|move|p2a: Terrakion|Earthquake|p1a: Houndstone\n|-damage|p1a: Houndstone|181/264\n|-damage|p2a: Terrakion|246/273|[from] item: Life Orb\n|\n|upkeep\n|turn|6\n|\n|t:|1721911853\n|move|p2a: Terrakion|Swords Dance|p2a: Terrakion\n|-boost|p2a: Terrakion|atk|2\n|move|p1a: Houndstone|Poltergeist|p2a: Terrakion\n|-activate|p2a: Terrakion|move: Poltergeist|Life Orb\n|-damage|p2a: Terrakion|123/273\n|\n|upkeep\n|turn|7\n|\n|t:|1721911875\n|move|p1a: Houndstone|Shadow Sneak|p2a: Terrakion\n|-damage|p2a: Terrakion|75/273\n|move|p2a: Terrakion|Stone Edge|p1a: Houndstone\n|-damage|p1a: Houndstone|0 fnt\n|faint|p1a: Houndstone\n|-damage|p2a: Terrakion|48/273|[from] item: Life Orb\n|\n|upkeep\n|\n|t:|1721911881\n|switch|p1a: Raichu|Raichu, L88, M|249/249\n|turn|8\n|\n|t:|1721911894\n|switch|p2a: Florges|Florges-White, L85, F|271/271\n|move|p1a: Raichu|Tera Blast|p2a: Florges\n|-damage|p2a: Florges|222/271\n|-damage|p1a: Raichu|225/249|[from] item: Life Orb\n|\n|-heal|p2a: Florges|238/271|[from] item: Leftovers\n|upkeep\n|turn|9\n|\n|t:|1721911909\n|switch|p1a: Klawf|Klawf, L90, F|272/272\n|move|p2a: Florges|Moonblast|p1a: Klawf\n|-damage|p1a: Klawf|116/272\n|-ability|p1a: Klawf|Anger Shell|boost\n|-boost|p1a: Klawf|atk|1\n|-boost|p1a: Klawf|spa|1\n|-boost|p1a: Klawf|spe|1\n|-unboost|p1a: Klawf|def|1\n|-unboost|p1a: Klawf|spd|1\n|\n|-heal|p2a: Florges|254/271|[from] item: Leftovers\n|upkeep\n|turn|10\n|inactive|Yusei1789 has 120 seconds left.\n|\n|t:|1721911942\n|move|p1a: Klawf|Stone Edge|p2a: Florges|[miss]\n|-miss|p1a: Klawf|p2a: Florges\n|move|p2a: Florges|Moonblast|p1a: Klawf\n|-damage|p1a: Klawf|0 fnt\n|faint|p1a: Klawf\n|\n|-heal|p2a: Florges|270/271|[from] item: Leftovers\n|upkeep\n|\n|t:|1721911947\n|switch|p1a: Espathra|Espathra, L80, F|283/283\n|turn|11\n|inactive|Yusei1789 has 120 seconds left.\n|\n|t:|1721911965\n|move|p1a: Espathra|Lumina Crash|p2a: Florges\n|-damage|p2a: Florges|192/271\n|-unboost|p2a: Florges|spd|2\n|move|p2a: Florges|Calm Mind|p2a: Florges\n|-boost|p2a: Florges|spa|1\n|-boost|p2a: Florges|spd|1\n|\n|-heal|p2a: Florges|208/271|[from] item: Leftovers\n|-ability|p1a: Espathra|Speed Boost|boost\n|-boost|p1a: Espathra|spe|1\n|upkeep\n|turn|12\n|inactive|Yusei1789 has 120 seconds left.\n|\n|t:|1721911976\n|move|p1a: Espathra|Lumina Crash|p2a: Florges\n|-damage|p2a: Florges|102/271\n|-unboost|p2a: Florges|spd|2\n|move|p2a: Florges|Moonblast|p1a: Espathra\n|-damage|p1a: Espathra|33/283\n|\n|-heal|p2a: Florges|118/271|[from] item: Leftovers\n|-ability|p1a: Espathra|Speed Boost|boost\n|-boost|p1a: Espathra|spe|1\n|upkeep\n|turn|13\n|\n|t:|1721911986\n|move|p2a: Florges|Protect|p2a: Florges\n|-singleturn|p2a: Florges|Protect\n|move|p1a: Espathra|Lumina Crash|p2a: Florges\n|-activate|p2a: Florges|move: Protect\n|\n|-heal|p2a: Florges|134/271|[from] item: Leftovers\n|-ability|p1a: Espathra|Speed Boost|boost\n|-boost|p1a: Espathra|spe|1\n|upkeep\n|turn|14\n|\n|t:|1721911991\n|switch|p2a: Kingambit|Kingambit, L74, M|270/270\n|-activate|p2a: Kingambit|ability: Supreme Overlord\n|-start|p2a: Kingambit|fallen1|[silent]\n|move|p1a: Espathra|Lumina Crash|p2a: Kingambit\n|-immune|p2a: Kingambit\n|\n|-ability|p1a: Espathra|Speed Boost|boost\n|-boost|p1a: Espathra|spe|1\n|upkeep\n|turn|15\n|\n|t:|1721911999\n|switch|p1a: Terrakion|Terrakion, L79|210/273\n|move|p2a: Kingambit|Iron Head|p1a: Terrakion\n|-supereffective|p1a: Terrakion\n|-damage|p1a: Terrakion|22/273\n|\n|upkeep\n|turn|16\n|\n|t:|1721912014\n|switch|p1a: Raichu|Raichu, L88, M|225/249\n|move|p2a: Kingambit|Sucker Punch||[still]\n|-fail|p2a: Kingambit\n|\n|upkeep\n|turn|17\n|\n|t:|1721912025\n|move|p1a: Raichu|Focus Blast|p2a: Kingambit|[miss]\n|-miss|p1a: Raichu|p2a: Kingambit\n|move|p2a: Kingambit|Kowtow Cleave|p1a: Raichu\n|-damage|p1a: Raichu|93/249\n|\n|upkeep\n|turn|18\n|c|\u2606knockdown3s|Jesus\n|\n|t:|1721912044\n|-end|p2a: Kingambit|fallen1|[silent]\n|switch|p2a: Terrakion|Terrakion, L79|48/273\n|move|p1a: Raichu|Nasty Plot|p1a: Raichu\n|-boost|p1a: Raichu|spa|2\n|\n|upkeep\n|turn|19\n|\n|t:|1721912051\n|move|p1a: Raichu|Thunderbolt|p2a: Terrakion\n|-damage|p2a: Terrakion|0 fnt\n|faint|p2a: Terrakion\n|-damage|p1a: Raichu|69/249|[from] item: Life Orb\n|\n|upkeep\n|\n|t:|1721912056\n|switch|p2a: Kingambit|Kingambit, L74, M|270/270\n|-activate|p2a: Kingambit|ability: Supreme Overlord\n|-start|p2a: Kingambit|fallen2|[silent]\n|turn|20\n|\n|t:|1721912063\n|move|p2a: Kingambit|Sucker Punch||[still]\n|-fail|p2a: Kingambit\n|move|p1a: Raichu|Nasty Plot|p1a: Raichu\n|-boost|p1a: Raichu|spa|2\n|\n|upkeep\n|turn|21\n|j| traxler counter\n|\n|t:|1721912069\n|move|p2a: Kingambit|Sucker Punch||[still]\n|-fail|p2a: Kingambit\n|move|p1a: Raichu|Nasty Plot|p1a: Raichu\n|-boost|p1a: Raichu|spa|2\n|\n|upkeep\n|turn|22\n|\n|t:|1721912074\n|move|p2a: Kingambit|Sucker Punch||[still]\n|-fail|p2a: Kingambit\n|move|p1a: Raichu|Nasty Plot|p1a: Raichu\n|-boost|p1a: Raichu|spa|0\n|\n|upkeep\n|turn|23\n|\n|t:|1721912083\n|move|p2a: Kingambit|Sucker Punch||[still]\n|-fail|p2a: Kingambit\n|move|p1a: Raichu|Nasty Plot|p1a: Raichu\n|-boost|p1a: Raichu|spa|0\n|\n|upkeep\n|turn|24\n|\n|t:|1721912089\n|move|p2a: Kingambit|Sucker Punch||[still]\n|-fail|p2a: Kingambit\n|move|p1a: Raichu|Nasty Plot|p1a: Raichu\n|-boost|p1a: Raichu|spa|0\n|\n|upkeep\n|turn|25\n|\n|t:|1721912097\n|move|p2a: Kingambit|Sucker Punch||[still]\n|-fail|p2a: Kingambit\n|move|p1a: Raichu|Nasty Plot|p1a: Raichu\n|-boost|p1a: Raichu|spa|0\n|\n|upkeep\n|turn|26\n|\n|t:|1721912104\n|move|p1a: Raichu|Nasty Plot|p1a: Raichu\n|-boost|p1a: Raichu|spa|0\n|move|p2a: Kingambit|Kowtow Cleave|p1a: Raichu\n|-damage|p1a: Raichu|0 fnt\n|faint|p1a: Raichu\n|\n|upkeep\n|l|\u2606knockdown3s\n|inactive|knockdown3s disconnected and has a minute to reconnect!\n|player|p1|\n|l| traxler counter\n|inactive|knockdown3s has 30 seconds to reconnect!\n|inactive|knockdown3s has 20 seconds to reconnect!\n|inactive|knockdown3s has 15 seconds to reconnect!\n|inactive|knockdown3s has 10 seconds to reconnect!\n|inactive|knockdown3s has 5 seconds to reconnect!\n|-message|knockdown3s lost due to inactivity.\n|\n|win|Yusei1789\n|raw|knockdown3s's rating: 2255 &rarr; <strong>2236</strong><br />(-19 for losing)\n|raw|Yusei1789's rating: 2281 &rarr; <strong>2300</strong><br />(+19 for winning)\n", "inputlog": ">version e8361dfa7636e84b87e7a2c993580ab47c51022d\n>start {\"formatid\":\"gen9randombattle\",\"seed\":[33318,16553,10990,3455],\"rated\":\"Rated battle\"}\n>player p1 {\"name\":\"knockdown3s\",\"avatar\":\"265\",\"rating\":2255,\"seed\":[35777,35729,62839,60507]}\n>player p2 {\"name\":\"Yusei1789\",\"avatar\":\"169\",\"rating\":2281,\"seed\":[15781,58149,6222,18626]}\n>chat \u2606knockdown3s|Gentlemen\u2019s agreement to not go for the speed tie ?\n>p1 switch 6\n>p2 move closecombat\n>p1 move poltergeist\n>p2 switch 6\n>p1 switch 6\n>p2 move knockoff\n>p1 move stoneedge\n>p2 move closecombat\n>p2 switch 6\n>p1 switch 6\n>p2 move earthquake\n>p1 move poltergeist\n>p2 move swordsdance\n>p1 move shadowsneak\n>p2 move stoneedge\n>p1 switch 4\n>p1 move terablast\n>p2 switch 5\n>p1 switch 5\n>p2 move moonblast\n>p1 move stoneedge\n>p2 move moonblast\n>p1 switch 2\n>p1 move luminacrash\n>p2 move calmmind\n>p1 move luminacrash\n>p2 move moonblast\n>p1 move luminacrash\n>p2 move protect\n>p1 move luminacrash\n>p2 switch 2\n>p1 switch 6\n>p2 move ironhead\n>p1 switch 5\n>p2 move suckerpunch\n>p1 move focusblast\n>p2 move kowtowcleave\n>chat \u2606knockdown3s|Jesus\n>p1 move nastyplot\n>p2 switch 5\n>p1 move thunderbolt\n>p2 move earthquake\n>p2 switch 5\n>p1 move nastyplot\n>p2 move suckerpunch\n>p1 move nastyplot\n>p2 move suckerpunch\n>p1 move nastyplot\n>p2 move suckerpunch\n>p1 move nastyplot\n>p2 move suckerpunch\n>p1 move nastyplot\n>p2 move suckerpunch\n>p1 move nastyplot\n>p2 move suckerpunch\n>p1 move nastyplot\n>p2 move kowtowcleave\n>forcelose p1", "uploadtime": 1721912179, "views": 147, "formatid": "gen9randombattle", "rating": 2236, "private": 0, "password": null}