{"id": "gen9randombattle-2260525158", "format": "[Gen 9] Random Battle", "players": ["vailedniloc", "Shiny Wanchor"], "log": "|j|\u2606vailedniloc\n|j|\u2606Shiny Wanchor\n|t:|1733860035\n|gametype|singles\n|player|p1|vailedniloc|266|1414\n|player|p2|Shiny Wanchor|266|1398\n|teamsize|p1|6\n|teamsize|p2|6\n|gen|9\n|tier|[Gen 9] Random Battle\n|rated|\n|rule|Species Clause: Limit one of each Pok\u00e9mon\n|rule|HP Percentage Mod: HP is shown in percentages\n|rule|Sleep Clause Mod: Limit one foe put to sleep\n|rule|Illusion Level Mod: Illusion disguises the Pok\u00e9mon's true level\n|\n|t:|1733860035\n|start\n|switch|p1a: Medicham|Medicham, L86, F|243/243\n|switch|p2a: Darkrai|Darkrai, L77|234/234\n|turn|1\n|inactive|Battle timer is ON: inactive players will automatically lose when time's up. (requested by Shiny Wanchor)\n|\n|t:|1733860058\n|move|p2a: Darkrai|Hypnosis|p1a: Medicham\n|-status|p1a: Medicham|slp|[from] move: Hypnosis\n|cant|p1a: Medicham|slp\n|\n|-damage|p1a: Medicham|213/243 slp|[from] ability: Bad Dreams|[of] p2a: Darkrai\n|upkeep\n|turn|2\n|\n|t:|1733860068\n|-terastallize|p1a: Medicham|Fighting\n|move|p2a: Darkrai|Nasty Plot|p2a: Darkrai\n|-boost|p2a: Darkrai|spa|2\n|cant|p1a: Medicham|slp\n|\n|-damage|p1a: Medicham|183/243 slp|[from] ability: Bad Dreams|[of] p2a: Darkrai\n|upkeep\n|turn|3\n|\n|t:|1733860077\n|-terastallize|p2a: Darkrai|Poison\n|move|p2a: Darkrai|Sludge Bomb|p1a: Medicham\n|-damage|p1a: Medicham|0 fnt\n|faint|p1a: Medicham\n|-damage|p2a: Darkrai|211/234|[from] item: Life Orb\n|\n|upkeep\n|c|\u2606vailedniloc|fucking stupid bro\n|\n|t:|1733860095\n|switch|p1a: Gastrodon|Gastrodon-East, L86, F|331/331\n|turn|4\n|\n|t:|1733860101\n|move|p2a: Darkrai|Dark Pulse|p1a: Gastrodon\n|-damage|p1a: Gastrodon|97/331\n|-damage|p2a: Darkrai|188/234|[from] item: Life Orb\n|move|p1a: Gastrodon|Clear Smog|p2a: Darkrai\n|-resisted|p2a: Darkrai\n|-damage|p2a: Darkrai|171/234\n|-clearboost|p2a: Darkrai\n|\n|-heal|p1a: Gastrodon|117/331|[from] item: Leftovers\n|upkeep\n|turn|5\n|\n|t:|1733860111\n|move|p2a: Darkrai|Nasty Plot|p2a: Darkrai\n|-boost|p2a: Darkrai|spa|2\n|move|p1a: Gastrodon|Earthquake|p2a: Darkrai\n|-supereffective|p2a: Darkrai\n|-damage|p2a: Darkrai|0 fnt\n|faint|p2a: Darkrai\n|\n|-heal|p1a: Gastrodon|137/331|[from] item: Leftovers\n|upkeep\n|\n|t:|1733860122\n|switch|p2a: Passimian|Passimian, L83, M|302/302\n|turn|6\n|\n|t:|1733860127\n|move|p2a: Passimian|Close Combat|p1a: Gastrodon\n|-damage|p1a: Gastrodon|0 fnt\n|-unboost|p2a: Passimian|def|1\n|-unboost|p2a: Passimian|spd|1\n|faint|p1a: Gastrodon\n|\n|upkeep\n|\n|t:|1733860145\n|switch|p1a: Mewtwo|Mewtwo, L72|272/272\n|-ability|p1a: Mewtwo|Unnerve\n|turn|7\n|\n|t:|1733860156\n|switch|p2a: Iron Crown|Iron Crown, L78|268/268\n|move|p1a: Mewtwo|Psystrike|p2a: Iron Crown\n|-resisted|p2a: Iron Crown\n|-damage|p2a: Iron Crown|232/268\n|-damage|p1a: Mewtwo|245/272|[from] item: Life Orb\n|\n|upkeep\n|turn|8\n|\n|t:|1733860173\n|move|p1a: Mewtwo|Fire Blast|p2a: Iron Crown\n|-supereffective|p2a: Iron Crown\n|-damage|p2a: Iron Crown|50/268\n|-damage|p1a: Mewtwo|218/272|[from] item: Life Orb\n|move|p2a: Iron Crown|Volt Switch|p1a: Mewtwo\n|-damage|p1a: Mewtwo|126/272\n|\n|t:|1733860189\n|-end|p2a: Iron Crown|Quark Drive|[silent]\n|switch|p2a: Miraidon|Miraidon, L65|238/238|[from] Volt Switch\n|-fieldstart|move: Electric Terrain|[from] ability: Hadron Engine|[of] p2a: Miraidon\n|\n|upkeep\n|turn|9\n|\n|t:|1733860206\n|move|p1a: Mewtwo|Psystrike|p2a: Miraidon\n|-damage|p2a: Miraidon|81/238\n|-damage|p1a: Mewtwo|99/272|[from] item: Life Orb\n|move|p2a: Miraidon|Volt Switch|p1a: Mewtwo\n|-damage|p1a: Mewtwo|0 fnt\n|faint|p1a: Mewtwo\n|\n|t:|1733860214\n|switch|p2a: Iron Crown|Iron Crown, L78|50/268|[from] Volt Switch\n|-activate|p2a: Iron Crown|ability: Quark Drive\n|-start|p2a: Iron Crown|quarkdrivespa\n|\n|upkeep\n|\n|t:|1733860225\n|switch|p1a: Porygon-Z|Porygon-Z, L83|277/277\n|turn|10\n|\n|t:|1733860235\n|move|p1a: Porygon-Z|Thunderbolt|p2a: Iron Crown\n|-damage|p2a: Iron Crown|0 fnt\n|faint|p2a: Iron Crown\n|-end|p2a: Iron Crown|Quark Drive|[silent]\n|\n|upkeep\n|\n|t:|1733860241\n|switch|p2a: Passimian|Passimian, L83, M|302/302\n|turn|11\n|\n|t:|1733860246\n|move|p1a: Porygon-Z|Thunderbolt|p2a: Passimian\n|-damage|p2a: Passimian|171/302\n|move|p2a: Passimian|Close Combat|p1a: Porygon-Z\n|-supereffective|p1a: Porygon-Z\n|-damage|p1a: Porygon-Z|0 fnt\n|-unboost|p2a: Passimian|def|1\n|-unboost|p2a: Passimian|spd|1\n|faint|p1a: Porygon-Z\n|\n|upkeep\n|\n|t:|1733860264\n|switch|p1a: Polteageist|Polteageist, L79|224/224\n|turn|12\n|\n|t:|1733860272\n|switch|p2a: Miraidon|Miraidon, L65|81/238\n|-activate|p2a: Miraidon|ability: Hadron Engine\n|move|p1a: Polteageist|Shell Smash|p1a: Polteageist\n|-unboost|p1a: Polteageist|def|1\n|-unboost|p1a: Polteageist|spd|1\n|-boost|p1a: Polteageist|atk|2\n|-boost|p1a: Polteageist|spa|2\n|-boost|p1a: Polteageist|spe|2\n|-enditem|p1a: Polteageist|White Herb\n|-clearnegativeboost|p1a: Polteageist|[silent]\n|\n|-fieldend|move: Electric Terrain\n|upkeep\n|turn|13\n|\n|t:|1733860287\n|move|p1a: Polteageist|Shadow Ball|p2a: Miraidon\n|-damage|p2a: Miraidon|0 fnt\n|faint|p2a: Miraidon\n|\n|upkeep\n|\n|t:|1733860291\n|switch|p2a: Scovillain|Scovillain, L91, F|266/266\n|turn|14\n|\n|t:|1733860297\n|move|p1a: Polteageist|Stored Power|p2a: Scovillain\n|-damage|p2a: Scovillain|8/266\n|move|p2a: Scovillain|Flamethrower|p1a: Polteageist\n|-damage|p1a: Polteageist|53/224\n|\n|upkeep\n|turn|15\n|\n|t:|1733860305\n|move|p1a: Polteageist|Stored Power|p2a: Scovillain\n|-damage|p2a: Scovillain|0 fnt\n|faint|p2a: Scovillain\n|\n|upkeep\n|\n|t:|1733860309\n|switch|p2a: Magcargo|Magcargo, L95, M|268/268\n|turn|16\n|\n|t:|1733860316\n|move|p1a: Polteageist|Stored Power|p2a: Magcargo\n|-damage|p2a: Magcargo|53/268\n|move|p2a: Magcargo|Lava Plume|p1a: Polteageist\n|-damage|p1a: Polteageist|0 fnt\n|faint|p1a: Polteageist\n|\n|upkeep\n|\n|t:|1733860323\n|switch|p1a: Minun|Minun, L95, F|268/268\n|turn|17\n|\n|t:|1733860330\n|move|p1a: Minun|Thunderbolt|p2a: Magcargo\n|-damage|p2a: Magcargo|0 fnt\n|faint|p2a: Magcargo\n|-damage|p1a: Minun|242/268|[from] item: Life Orb\n|\n|upkeep\n|\n|t:|1733860334\n|switch|p2a: Passimian|Passimian, L83, M|171/302\n|turn|18\n|\n|t:|1733860339\n|move|p1a: Minun|Thunderbolt|p2a: Passimian\n|-damage|p2a: Passimian|0 fnt\n|faint|p2a: Passimian\n|-damage|p1a: Minun|216/268|[from] item: Life Orb\n|\n|win|vailedniloc\n", "inputlog": ">version bfd83cad13791eb5a5a409923076391caf6fb4d4\n>start {\"formatid\":\"gen9randombattle\",\"seed\":[1747,49100,60118,44582],\"rated\":\"Rated battle\"}\n>player p1 {\"name\":\"vailedniloc\",\"avatar\":\"266\",\"rating\":1414,\"seed\":[5630,54972,22118,59483]}\n>player p2 {\"name\":\"Shiny Wanchor\",\"avatar\":\"266\",\"rating\":1398,\"seed\":[33968,62095,23972,50868]}\n>p1 move closecombat\n>p2 move hypnosis\n>p1 move closecombat terastallize\n>p2 move nastyplot\n>p1 move closecombat\n>p2 move sludgebomb terastallize\n>chat \u2606vailedniloc|fucking stupid bro\n>p1 switch 5\n>p1 move clearsmog\n>p2 move darkpulse\n>p1 move earthquake\n>p2 move nastyplot\n>p2 switch 2\n>p1 move recover\n>p2 move closecombat\n>p1 switch 4\n>p1 move psystrike\n>p2 switch 6\n>p1 move fireblast\n>p2 move voltswitch\n>p2 switch 4\n>p1 move psystrike\n>p2 move voltswitch\n>p2 switch 4\n>p1 switch 3\n>p1 move thunderbolt\n>p2 move focusblast\n>p2 switch 6\n>p1 move thunderbolt\n>p2 move closecombat\n>p1 switch 6\n>p1 move shellsmash\n>p2 switch 4\n>p1 move shadowball\n>p2 move electrodrift\n>p2 switch 5\n>p1 move storedpower\n>p2 move flamethrower\n>p1 move storedpower\n>p2 move flamethrower\n>p2 switch 3\n>p1 move storedpower\n>p2 move lavaplume\n>p1 switch 2\n>p1 move thunderbolt\n>p2 move recover\n>p2 switch 4\n>p1 move thunderbolt\n>p2 move closecombat", "uploadtime": 1733860088, "views": 1, "formatid": "gen9randombattle", "rating": null, "private": 0, "password": null}