{"id": "gen9randombattle-2260701038", "format": "[Gen 9] Random Battle", "players": ["Dawsonb32", "ihgtt"], "log": "|j|\u2606Dawsonb32\n|j|\u2606ihgtt\n|t:|1733880233\n|gametype|singles\n|player|p1|Dawsonb32|102|1083\n|player|p2|ihgtt|266|1046\n|teamsize|p1|6\n|teamsize|p2|6\n|gen|9\n|tier|[Gen 9] Random Battle\n|rated|\n|rule|Species Clause: Limit one of each Pok\u00e9mon\n|rule|HP Percentage Mod: HP is shown in percentages\n|rule|Sleep Clause Mod: Limit one foe put to sleep\n|rule|Illusion Level Mod: Illusion disguises the Pok\u00e9mon's true level\n|\n|t:|1733880233\n|start\n|switch|p1a: Arcanine|Arcanine, L84, F|288/288\n|switch|p2a: Stonjourner|Stonjourner, L91, F|330/330\n|-ability|p1a: Arcanine|Intimidate|boost\n|-unboost|p2a: Stonjourner|atk|1\n|turn|1\n|\n|t:|1733880267\n|switch|p1a: Kleavor|Kleavor, L78, M|237/237\n|move|p2a: Stonjourner|Stone Edge|p1a: Kleavor|[miss]\n|-miss|p2a: Stonjourner|p1a: Kleavor\n|\n|upkeep\n|turn|2\n|\n|t:|1733880278\n|move|p1a: Kleavor|Close Combat|p2a: Stonjourner\n|-supereffective|p2a: Stonjourner\n|-damage|p2a: Stonjourner|200/330\n|-unboost|p1a: Kleavor|def|1\n|-unboost|p1a: Kleavor|spd|1\n|move|p2a: Stonjourner|Heat Crash|p1a: Kleavor\n|-crit|p1a: Kleavor\n|-damage|p1a: Kleavor|0 fnt\n|faint|p1a: Kleavor\n|-damage|p2a: Stonjourner|167/330|[from] item: Life Orb\n|\n|upkeep\n|\n|t:|1733880291\n|switch|p1a: Tsareena|Tsareena, L87, F|267/267\n|turn|3\n|\n|t:|1733880295\n|move|p1a: Tsareena|Power Whip|p2a: Stonjourner|[miss]\n|-miss|p1a: Tsareena|p2a: Stonjourner\n|move|p2a: Stonjourner|Heat Crash|p1a: Tsareena\n|-supereffective|p1a: Tsareena\n|-crit|p1a: Tsareena\n|-damage|p1a: Tsareena|0 fnt\n|faint|p1a: Tsareena\n|-damage|p2a: Stonjourner|134/330|[from] item: Life Orb\n|\n|upkeep\n|\n|t:|1733880309\n|switch|p1a: Mesprit|Mesprit, L85|275/275\n|turn|4\n|\n|t:|1733880314\n|move|p1a: Mesprit|Knock Off|p2a: Stonjourner\n|-damage|p2a: Stonjourner|83/330\n|-enditem|p2a: Stonjourner|Life Orb|[from] move: Knock Off|[of] p1a: Mesprit\n|move|p2a: Stonjourner|Stealth Rock|p1a: Mesprit\n|-sidestart|p1: Dawsonb32|move: Stealth Rock\n|\n|upkeep\n|turn|5\n|\n|t:|1733880330\n|switch|p2a: Regieleki|Regieleki, L79|256/256\n|move|p1a: Mesprit|Psychic Noise|p2a: Regieleki\n|-damage|p2a: Regieleki|124/256\n|-start|p2a: Regieleki|move: Heal Block\n|\n|upkeep\n|turn|6\n|\n|t:|1733880358\n|move|p2a: Regieleki|Volt Switch|p1a: Mesprit\n|-damage|p1a: Mesprit|218/275\n|\n|t:|1733880377\n|switch|p2a: Polteageist|Polteageist-Antique, L79|224/224|[from] Volt Switch\n|move|p1a: Mesprit|U-turn|p2a: Polteageist\n|-resisted|p2a: Polteageist\n|-damage|p2a: Polteageist|191/224\n|\n|t:|1733880393\n|switch|p1a: Eternatus|Eternatus, L69|308/308|[from] U-turn\n|-damage|p1a: Eternatus|270/308|[from] Stealth Rock\n|-ability|p1a: Eternatus|Pressure\n|\n|-heal|p1a: Eternatus|289/308|[from] item: Leftovers\n|upkeep\n|turn|7\n|\n|t:|1733880408\n|move|p1a: Eternatus|Dynamax Cannon|p2a: Polteageist\n|-damage|p2a: Polteageist|103/224\n|-start|p1a: Eternatus|Disable|Dynamax Cannon|[from] ability: Cursed Body|[of] p2a: Polteageist\n|move|p2a: Polteageist|Shadow Ball|p1a: Eternatus\n|-damage|p1a: Eternatus|186/308\n|\n|-heal|p1a: Eternatus|205/308|[from] item: Leftovers\n|upkeep\n|turn|8\n|\n|t:|1733880441\n|move|p1a: Eternatus|Flamethrower|p2a: Polteageist\n|-damage|p2a: Polteageist|46/224\n|move|p2a: Polteageist|Stored Power|p1a: Eternatus\n|-supereffective|p1a: Eternatus\n|-damage|p1a: Eternatus|167/308\n|\n|-heal|p1a: Eternatus|186/308|[from] item: Leftovers\n|upkeep\n|turn|9\n|\n|t:|1733880453\n|move|p1a: Eternatus|Flamethrower|p2a: Polteageist\n|-damage|p2a: Polteageist|0 fnt\n|faint|p2a: Polteageist\n|\n|-heal|p1a: Eternatus|205/308|[from] item: Leftovers\n|upkeep\n|\n|t:|1733880460\n|switch|p2a: Venomoth|Venomoth, L84, M|255/255\n|turn|10\n|\n|t:|1733880477\n|move|p1a: Eternatus|Flamethrower|p2a: Venomoth\n|-supereffective|p2a: Venomoth\n|-damage|p2a: Venomoth|109/255\n|move|p2a: Venomoth|Quiver Dance|p2a: Venomoth\n|-boost|p2a: Venomoth|spa|1\n|-boost|p2a: Venomoth|spd|1\n|-boost|p2a: Venomoth|spe|1\n|\n|-heal|p1a: Eternatus|224/308|[from] item: Leftovers\n|-end|p1a: Eternatus|Disable\n|upkeep\n|turn|11\n|\n|t:|1733880498\n|move|p2a: Venomoth|Sleep Powder|p1a: Eternatus\n|-status|p1a: Eternatus|slp|[from] move: Sleep Powder\n|cant|p1a: Eternatus|slp\n|\n|-heal|p1a: Eternatus|243/308 slp|[from] item: Leftovers\n|upkeep\n|turn|12\n|\n|t:|1733880507\n|move|p2a: Venomoth|Bug Buzz|p1a: Eternatus\n|-resisted|p1a: Eternatus\n|-crit|p1a: Eternatus\n|-damage|p1a: Eternatus|23/308 slp\n|cant|p1a: Eternatus|slp\n|\n|-heal|p1a: Eternatus|42/308 slp|[from] item: Leftovers\n|upkeep\n|turn|13\n|\n|t:|1733880517\n|move|p2a: Venomoth|Bug Buzz|p1a: Eternatus\n|-resisted|p1a: Eternatus\n|-damage|p1a: Eternatus|0 fnt\n|faint|p1a: Eternatus\n|\n|upkeep\n|\n|t:|1733880525\n|switch|p1a: Arcanine|Arcanine, L84, F|288/288\n|-ability|p1a: Arcanine|Intimidate|boost\n|-unboost|p2a: Venomoth|atk|1\n|turn|14\n|\n|t:|1733880543\n|move|p2a: Venomoth|Sleep Powder|p1a: Arcanine\n|-status|p1a: Arcanine|slp|[from] move: Sleep Powder\n|cant|p1a: Arcanine|slp\n|\n|upkeep\n|turn|15\n|\n|t:|1733880550\n|move|p2a: Venomoth|Sludge Wave|p1a: Arcanine\n|-damage|p1a: Arcanine|134/288 slp\n|-curestatus|p1a: Arcanine|slp|[msg]\n|move|p1a: Arcanine|Flare Blitz|p2a: Venomoth\n|-supereffective|p2a: Venomoth\n|-damage|p2a: Venomoth|0 fnt\n|faint|p2a: Venomoth\n|-damage|p1a: Arcanine|98/288|[from] Recoil\n|\n|upkeep\n|\n|t:|1733880562\n|switch|p2a: Granbull|Granbull, L88, F|302/302\n|-ability|p2a: Granbull|Intimidate|boost\n|-unboost|p1a: Arcanine|atk|1\n|turn|16\n|\n|t:|1733880576\n|move|p1a: Arcanine|Morning Sun|p1a: Arcanine\n|-heal|p1a: Arcanine|242/288\n|move|p2a: Granbull|Earthquake|p1a: Arcanine\n|-supereffective|p1a: Arcanine\n|-damage|p1a: Arcanine|28/288\n|\n|upkeep\n|turn|17\n|\n|t:|1733880584\n|move|p1a: Arcanine|Close Combat|p2a: Granbull\n|-resisted|p2a: Granbull\n|-damage|p2a: Granbull|266/302\n|-unboost|p1a: Arcanine|def|1\n|-unboost|p1a: Arcanine|spd|1\n|move|p2a: Granbull|Earthquake|p1a: Arcanine\n|-supereffective|p1a: Arcanine\n|-damage|p1a: Arcanine|0 fnt\n|faint|p1a: Arcanine\n|\n|-heal|p2a: Granbull|284/302|[from] item: Leftovers\n|upkeep\n|\n|t:|1733880603\n|switch|p1a: Mesprit|Mesprit, L85|218/275\n|-damage|p1a: Mesprit|184/275|[from] Stealth Rock\n|turn|18\n|\n|t:|1733880611\n|move|p1a: Mesprit|Knock Off|p2a: Granbull\n|-resisted|p2a: Granbull\n|-damage|p2a: Granbull|246/302\n|-enditem|p2a: Granbull|Leftovers|[from] move: Knock Off|[of] p1a: Mesprit\n|move|p2a: Granbull|Thunder Wave|p1a: Mesprit\n|-status|p1a: Mesprit|par\n|\n|upkeep\n|turn|19\n|\n|t:|1733880621\n|move|p2a: Granbull|Earthquake|p1a: Mesprit\n|-immune|p1a: Mesprit|[from] ability: Levitate\n|move|p1a: Mesprit|Psychic Noise|p2a: Granbull\n|-damage|p2a: Granbull|137/302\n|-start|p2a: Granbull|move: Heal Block\n|\n|upkeep\n|turn|20\n|\n|t:|1733880630\n|move|p2a: Granbull|Play Rough|p1a: Mesprit\n|-damage|p1a: Mesprit|84/275 par\n|move|p1a: Mesprit|Ice Beam|p2a: Granbull\n|-damage|p2a: Granbull|45/302\n|\n|-end|p2a: Granbull|move: Heal Block\n|upkeep\n|turn|21\n|\n|t:|1733880640\n|move|p2a: Granbull|Play Rough|p1a: Mesprit\n|-damage|p1a: Mesprit|0 fnt\n|faint|p1a: Mesprit\n|\n|upkeep\n|\n|t:|1733880645\n|switch|p1a: Luxray|Luxray, L88, M|283/283\n|-damage|p1a: Luxray|248/283|[from] Stealth Rock\n|turn|22\n|\n|t:|1733880652\n|move|p1a: Luxray|Trailblaze|p2a: Granbull\n|-damage|p2a: Granbull|0 fnt\n|-boost|p1a: Luxray|spe|1\n|faint|p2a: Granbull\n|\n|-status|p1a: Luxray|brn|[from] item: Flame Orb\n|upkeep\n|\n|t:|1733880661\n|switch|p2a: Roaring Moon|Roaring Moon, L72|270/270\n|turn|23\n|\n|t:|1733880673\n|-terastallize|p2a: Roaring Moon|Steel\n|move|p1a: Luxray|Play Rough|p2a: Roaring Moon\n|-resisted|p2a: Roaring Moon\n|-damage|p2a: Roaring Moon|181/270\n|move|p2a: Roaring Moon|Outrage|p1a: Luxray\n|-damage|p1a: Luxray|59/283 brn\n|\n|-damage|p1a: Luxray|42/283 brn|[from] brn\n|upkeep\n|turn|24\n|\n|t:|1733880688\n|move|p1a: Luxray|Facade|p2a: Roaring Moon\n|-resisted|p2a: Roaring Moon\n|-damage|p2a: Roaring Moon|48/270\n|move|p2a: Roaring Moon|Outrage|p1a: Luxray|[from]lockedmove\n|-damage|p1a: Luxray|0 fnt\n|faint|p1a: Luxray\n|\n|win|ihgtt\n|raw|Dawsonb32's rating: 1083 &rarr; <strong>1058</strong><br />(-25 for losing)\n|raw|ihgtt's rating: 1046 &rarr; <strong>1083</strong><br />(+37 for winning)\n", "inputlog": ">version bfd83cad13791eb5a5a409923076391caf6fb4d4\n>start {\"formatid\":\"gen9randombattle\",\"seed\":[27408,61154,49226,60240],\"rated\":\"Rated battle\"}\n>player p1 {\"name\":\"Dawsonb32\",\"avatar\":\"102\",\"rating\":1083,\"seed\":[41573,1696,41419,13179]}\n>player p2 {\"name\":\"ihgtt\",\"avatar\":\"266\",\"rating\":1046,\"seed\":[57421,41184,16439,22846]}\n>p1 switch 3\n>p2 move stoneedge\n>p1 move closecombat\n>p2 move heatcrash\n>p1 switch 5\n>p1 move powerwhip\n>p2 move heatcrash\n>p1 switch 6\n>p1 move knockoff\n>p2 move stealthrock\n>p1 move psychicnoise\n>p2 switch 2\n>p1 move uturn\n>p2 move voltswitch\n>p2 switch 5\n>p1 switch 4\n>p1 move dynamaxcannon\n>p2 move shadowball\n>p1 move flamethrower\n>p2 move storedpower\n>p1 move flamethrower\n>p2 move shadowball\n>p2 switch 6\n>p1 move flamethrower\n>p2 move quiverdance\n>p1 move flamethrower\n>p2 move sleeppowder\n>p1 move recover\n>p2 move bugbuzz\n>p1 move flamethrower\n>p2 move bugbuzz\n>p1 switch 3\n>p1 move flareblitz\n>p2 move sleeppowder\n>p1 move flareblitz\n>p2 move sludgewave\n>p2 switch 4\n>p1 move morningsun\n>p2 move earthquake\n>p1 move closecombat\n>p2 move earthquake\n>p1 switch 4\n>p1 move knockoff\n>p2 move thunderwave\n>p1 move psychicnoise\n>p2 move earthquake\n>p1 move icebeam\n>p2 move playrough\n>p1 move icebeam\n>p2 move playrough\n>p1 switch 2\n>p1 move trailblaze\n>p2 move earthquake\n>p2 switch 3\n>p1 move playrough\n>p2 move outrage terastallize\n>p1 move facade\n>p2 move outrage", "uploadtime": 1733880688, "views": 1, "formatid": "gen9randombattle", "rating": 1058, "private": 0, "password": null}