{"id": "gen9randombattle-2260393380", "format": "[Gen 9] Random Battle", "players": ["Skiby-diddy", "ninja24235642"], "log": "|j|\u2606Skiby-diddy\n|j|\u2606ninja24235642\n|t:|1733847238\n|gametype|singles\n|player|p1|Skiby-diddy|gambler|1216\n|player|p2|ninja24235642|cynthia-gen4|1264\n|teamsize|p1|6\n|teamsize|p2|6\n|gen|9\n|tier|[Gen 9] Random Battle\n|rated|\n|rule|Species Clause: Limit one of each Pok\u00e9mon\n|rule|HP Percentage Mod: HP is shown in percentages\n|rule|Sleep Clause Mod: Limit one foe put to sleep\n|rule|Illusion Level Mod: Illusion disguises the Pok\u00e9mon's true level\n|\n|t:|1733847238\n|start\n|switch|p1a: Archaludon|Archaludon, L78, M|268/268\n|switch|p2a: Regidrago|Regidrago, L77|435/435\n|turn|1\n|inactive|Battle timer is ON: inactive players will automatically lose when time's up. (requested by Skiby-diddy)\n|\n|t:|1733847273\n|move|p2a: Regidrago|Draco Meteor|p1a: Archaludon\n|-crit|p1a: Archaludon\n|-damage|p1a: Archaludon|0 fnt\n|-unboost|p2a: Regidrago|spa|2\n|faint|p1a: Archaludon\n|\n|upkeep\n|\n|t:|1733847303\n|switch|p1a: Uxie|Uxie, L83|260/260\n|turn|2\n|c|\u2606ninja24235642|SKIBIDIIIII AHHHH SKIBIDIIIII\n|\n|t:|1733847315\n|switch|p2a: Excadrill|Excadrill, L79, F|303/303\n|-ability|p2a: Excadrill|Mold Breaker\n|move|p1a: Uxie|Encore||[still]\n|-fail|p1a: Uxie\n|\n|upkeep\n|turn|3\n|inactive|Skiby-diddy has 120 seconds left.\n|\n|t:|1733847342\n|move|p1a: Uxie|Psychic Noise|p2a: Excadrill\n|-resisted|p2a: Excadrill\n|-damage|p2a: Excadrill|276/303\n|-start|p2a: Excadrill|move: Heal Block\n|move|p2a: Excadrill|Iron Head|p1a: Uxie\n|-damage|p1a: Uxie|185/260\n|\n|-heal|p1a: Uxie|201/260|[from] item: Leftovers\n|upkeep\n|turn|4\n|inactive|Skiby-diddy has 120 seconds left.\n|\n|t:|1733847352\n|move|p1a: Uxie|Encore|p2a: Excadrill\n|-start|p2a: Excadrill|Encore\n|move|p2a: Excadrill|Iron Head|p1a: Uxie\n|-damage|p1a: Uxie|132/260\n|\n|-heal|p1a: Uxie|148/260|[from] item: Leftovers\n|-end|p2a: Excadrill|move: Heal Block\n|upkeep\n|turn|5\n|\n|t:|1733847360\n|switch|p1a: Talonflame|Talonflame, L83, M|265/265\n|move|p2a: Excadrill|Iron Head|p1a: Talonflame\n|-resisted|p1a: Talonflame\n|-damage|p1a: Talonflame|211/265\n|\n|upkeep\n|turn|6\n|\n|t:|1733847367\n|move|p1a: Talonflame|Swords Dance|p1a: Talonflame\n|-boost|p1a: Talonflame|atk|2\n|move|p2a: Excadrill|Iron Head|p1a: Talonflame\n|-resisted|p1a: Talonflame\n|-damage|p1a: Talonflame|152/265\n|\n|-end|p2a: Excadrill|Encore\n|upkeep\n|turn|7\n|\n|t:|1733847391\n|move|p1a: Talonflame|Brave Bird|p2a: Excadrill\n|-resisted|p2a: Excadrill\n|-damage|p2a: Excadrill|128/303\n|-damage|p1a: Talonflame|103/265|[from] Recoil\n|move|p2a: Excadrill|Rock Slide|p1a: Talonflame\n|-supereffective|p1a: Talonflame\n|-damage|p1a: Talonflame|0 fnt\n|faint|p1a: Talonflame\n|\n|upkeep\n|\n|t:|1733847402\n|switch|p1a: Landorus|Landorus-Therian, L76, M|260/260\n|-ability|p1a: Landorus|Intimidate|boost\n|-unboost|p2a: Excadrill|atk|1\n|turn|8\n|\n|t:|1733847421\n|move|p2a: Excadrill|Iron Head|p1a: Landorus\n|-damage|p1a: Landorus|185/260\n|move|p1a: Landorus|Earthquake|p2a: Excadrill\n|-supereffective|p2a: Excadrill\n|-damage|p2a: Excadrill|0 fnt\n|faint|p2a: Excadrill\n|\n|-heal|p1a: Landorus|201/260|[from] item: Leftovers\n|upkeep\n|inactive|ninja24235642 has 120 seconds left.\n|\n|t:|1733847439\n|switch|p2a: Rillaboom|Rillaboom, L79, F|288/288\n|-fieldstart|move: Grassy Terrain|[from] ability: Grassy Surge|[of] p2a: Rillaboom\n|turn|9\n|inactive|ninja24235642 has 120 seconds left.\n|\n|t:|1733847453\n|move|p2a: Rillaboom|Grassy Glide|p1a: Landorus\n|-damage|p1a: Landorus|63/260\n|move|p1a: Landorus|U-turn|p2a: Rillaboom\n|-supereffective|p2a: Rillaboom\n|-damage|p2a: Rillaboom|176/288\n|\n|t:|1733847459\n|switch|p1a: Swalot|Swalot, L90, M|326/326|[from] U-turn\n|\n|-heal|p2a: Rillaboom|194/288|[from] Grassy Terrain\n|upkeep\n|turn|10\n|\n|t:|1733847472\n|switch|p2a: Dragapult|Dragapult, L77, M|262/262\n|move|p1a: Swalot|Ice Beam|p2a: Dragapult\n|-supereffective|p2a: Dragapult\n|-damage|p2a: Dragapult|110/262\n|\n|-heal|p2a: Dragapult|126/262|[from] Grassy Terrain\n|upkeep\n|turn|11\n|inactive|ninja24235642 has 120 seconds left.\n|\n|t:|1733847498\n|-terastallize|p1a: Swalot|Dark\n|move|p2a: Dragapult|Dragon Darts|p1a: Swalot\n|-damage|p1a: Swalot|275/326\n|-anim|p2a: Dragapult|Dragon Darts|p1a: Swalot\n|-damage|p1a: Swalot|218/326\n|move|p1a: Swalot|Ice Beam|p2a: Dragapult\n|-supereffective|p2a: Dragapult\n|-damage|p2a: Dragapult|0 fnt\n|faint|p2a: Dragapult\n|\n|-heal|p1a: Swalot|238/326|[from] Grassy Terrain\n|upkeep\n|\n|t:|1733847518\n|switch|p2a: Mimikyu|Mimikyu, L79, M|216/216\n|turn|12\n|inactive|Skiby-diddy has 120 seconds left.\n|\n|t:|1733847554\n|switch|p1a: Uxie|Uxie, L83|148/260\n|move|p2a: Mimikyu|Drain Punch|p1a: Uxie\n|-resisted|p1a: Uxie\n|-damage|p1a: Uxie|126/260\n|-damage|p2a: Mimikyu|195/216|[from] item: Life Orb\n|\n|-heal|p1a: Uxie|142/260|[from] item: Leftovers\n|-heal|p2a: Mimikyu|208/216|[from] Grassy Terrain\n|upkeep\n|turn|13\n|inactive|Skiby-diddy has 120 seconds left.\n|\n|t:|1733847568\n|move|p2a: Mimikyu|Shadow Sneak|p1a: Uxie\n|-supereffective|p1a: Uxie\n|-damage|p1a: Uxie|64/260\n|-damage|p2a: Mimikyu|187/216|[from] item: Life Orb\n|move|p1a: Uxie|Encore|p2a: Mimikyu\n|-start|p2a: Mimikyu|Encore\n|\n|-heal|p1a: Uxie|80/260|[from] item: Leftovers\n|-heal|p2a: Mimikyu|200/216|[from] Grassy Terrain\n|-fieldend|move: Grassy Terrain\n|upkeep\n|turn|14\n|\n|t:|1733847577\n|switch|p1a: Swalot|Swalot, L90, M, tera:Dark|238/326\n|move|p2a: Mimikyu|Shadow Sneak|p1a: Swalot\n|-resisted|p1a: Swalot\n|-damage|p1a: Swalot|215/326\n|-damage|p2a: Mimikyu|179/216|[from] item: Life Orb\n|\n|upkeep\n|turn|15\n|\n|t:|1733847596\n|switch|p2a: Regidrago|Regidrago, L77|435/435\n|move|p1a: Swalot|Sludge Bomb|p2a: Regidrago\n|-damage|p2a: Regidrago|297/435\n|\n|upkeep\n|turn|16\n|\n|t:|1733847606\n|move|p2a: Regidrago|Outrage|p1a: Swalot\n|-damage|p1a: Swalot|50/326\n|move|p1a: Swalot|Ice Beam|p2a: Regidrago\n|-supereffective|p2a: Regidrago\n|-damage|p2a: Regidrago|105/435\n|\n|upkeep\n|turn|17\n|\n|t:|1733847614\n|move|p2a: Regidrago|Outrage|p1a: Swalot|[from]lockedmove\n|-damage|p1a: Swalot|0 fnt\n|faint|p1a: Swalot\n|-start|p2a: Regidrago|confusion|[fatigue]\n|\n|upkeep\n|\n|t:|1733847631\n|switch|p1a: Landorus|Landorus-Therian, L76, M|63/260\n|-ability|p1a: Landorus|Intimidate|boost\n|-unboost|p2a: Regidrago|atk|1\n|turn|18\n|\n|t:|1733847640\n|-activate|p2a: Regidrago|confusion\n|move|p2a: Regidrago|Outrage|p1a: Landorus\n|-damage|p1a: Landorus|0 fnt\n|faint|p1a: Landorus\n|\n|upkeep\n|\n|t:|1733847643\n|switch|p1a: Uxie|Uxie, L83|80/260\n|turn|19\n|c|\u2606ninja24235642|LOLLLLLl\n|\n|t:|1733847648\n|-activate|p2a: Regidrago|confusion\n|move|p2a: Regidrago|Outrage|p1a: Uxie|[from]lockedmove\n|-damage|p1a: Uxie|1/260\n|move|p1a: Uxie|Psychic Noise|p2a: Regidrago\n|-damage|p2a: Regidrago|0 fnt\n|faint|p2a: Regidrago\n|\n|-heal|p1a: Uxie|17/260|[from] item: Leftovers\n|upkeep\n|\n|t:|1733847657\n|switch|p2a: Mimikyu|Mimikyu, L79, M|179/216\n|turn|20\n|\n|t:|1733847662\n|move|p2a: Mimikyu|Shadow Sneak|p1a: Uxie\n|-supereffective|p1a: Uxie\n|-damage|p1a: Uxie|0 fnt\n|faint|p1a: Uxie\n|-damage|p2a: Mimikyu|158/216|[from] item: Life Orb\n|\n|upkeep\n|\n|t:|1733847664\n|switch|p1a: Smeargle|Smeargle, L95, F|258/258\n|turn|21\n|c|\u2606ninja24235642|GGS BUDDY\n|\n|t:|1733847680\n|move|p2a: Mimikyu|Drain Punch|p1a: Smeargle\n|-supereffective|p1a: Smeargle\n|-damage|p1a: Smeargle|73/258\n|-heal|p2a: Mimikyu|216/216|[from] drain|[of] p1a: Smeargle\n|-damage|p2a: Mimikyu|195/216|[from] item: Life Orb\n|move|p1a: Smeargle|Spore|p2a: Mimikyu\n|-status|p2a: Mimikyu|slp|[from] move: Spore\n|\n|upkeep\n|turn|22\n|c|\u2606ninja24235642|WELL PLAYED\n|\n|t:|1733847691\n|switch|p2a: Rillaboom|Rillaboom, L79, F|194/288\n|-fieldstart|move: Grassy Terrain|[from] ability: Grassy Surge|[of] p2a: Rillaboom\n|move|p1a: Smeargle|Shell Smash|p1a: Smeargle\n|-unboost|p1a: Smeargle|def|1\n|-unboost|p1a: Smeargle|spd|1\n|-boost|p1a: Smeargle|atk|2\n|-boost|p1a: Smeargle|spa|2\n|-boost|p1a: Smeargle|spe|2\n|\n|-heal|p1a: Smeargle|89/258|[from] Grassy Terrain\n|-heal|p2a: Rillaboom|212/288|[from] Grassy Terrain\n|upkeep\n|turn|23\n|c|\u2606ninja24235642|OH NO AM I COOKES\n|c|\u2606ninja24235642|FUCK NO I GOT IT IN THE BAGGGG\n|\n|t:|1733847716\n|move|p2a: Rillaboom|Grassy Glide|p1a: Smeargle\n|-damage|p1a: Smeargle|0 fnt\n|faint|p1a: Smeargle\n|\n|win|ninja24235642\n|raw|Skiby-diddy's rating: 1216 &rarr; <strong>1194</strong><br />(-22 for losing)\n|raw|ninja24235642's rating: 1264 &rarr; <strong>1286</strong><br />(+22 for winning)\n|c|\u2606ninja24235642|GGS\n", "inputlog": ">version bfd83cad13791eb5a5a409923076391caf6fb4d4\n>start {\"formatid\":\"gen9randombattle\",\"seed\":[58734,26331,59469,6074],\"rated\":\"Rated battle\"}\n>player p1 {\"name\":\"Skiby-diddy\",\"avatar\":\"gambler\",\"rating\":1216,\"seed\":[14274,31953,42777,36588]}\n>player p2 {\"name\":\"ninja24235642\",\"avatar\":\"cynthia-gen4\",\"rating\":1264,\"seed\":[51536,43815,21085,46022]}\n>p1 move outrage\n>p2 move dracometeor\n>p1 switch 2\n>chat \u2606ninja24235642|SKIBIDIIIII AHHHH SKIBIDIIIII\n>p1 move encore\n>p2 switch 5\n>p1 move psychicnoise\n>p2 move ironhead\n>p1 move encore\n>p2 move ironhead\n>p1 switch 5\n>p2 move ironhead\n>p1 move swordsdance\n>p2 move ironhead\n>p1 move bravebird\n>p2 move rockslide\n>p1 switch 3\n>p1 move earthquake\n>p2 move ironhead\n>p2 switch 4\n>p1 move uturn\n>p2 move grassyglide\n>p1 switch 6\n>p1 move icebeam\n>p2 switch 2\n>p1 move icebeam terastallize\n>p2 move dragondarts\n>p2 switch 3\n>p1 switch 5\n>p2 move drainpunch\n>p1 move encore\n>p2 move shadowsneak\n>p1 switch 5\n>p2 move shadowsneak\n>p1 move sludgebomb\n>p2 switch 5\n>p1 move icebeam\n>p2 move outrage\n>p1 move icebeam\n>p2 move outrage\n>p1 switch 6\n>p1 move stoneedge\n>p2 move outrage\n>p1 switch 5\n>chat \u2606ninja24235642|LOLLLLLl\n>p1 move psychicnoise\n>p2 move outrage\n>p2 switch 5\n>p1 move thunderwave\n>p2 move shadowsneak\n>p1 switch 4\n>chat \u2606ninja24235642|GGS BUDDY \n>p1 move spore\n>p2 move drainpunch\n>chat \u2606ninja24235642|WELL PLAYED\n>p1 move shellsmash\n>p2 switch 2\n>chat \u2606ninja24235642|OH NO AM I COOKES\n>chat \u2606ninja24235642|FUCK NO I GOT IT IN THE BAGGGG\n>p1 move spore\n>p2 move grassyglide", "uploadtime": 1733847735, "views": 3, "formatid": "gen9randombattle", "rating": 1194, "private": 0, "password": null}