{"id": "gen9randombattle-2221009399", "format": "[Gen 9] Random Battle", "players": ["Node", "cfold"], "log": "|badge|p1|silver|gen9randombattle|30-3\n|uhtml|medal-msg|<div class=\"broadcast-blue\">Curious what those medals under the avatar are? PS now has Ladder Seasons! For more information, check out the <a href=\"https://www.smogon.com/forums/threads/3740067/\">thread on Smogon.</a></div>\n|badge|p2|gold|gen9randombattle|3-3\n|uhtml|medal-msg|<div class=\"broadcast-blue\">Curious what those medals under the avatar are? PS now has Ladder Seasons! For more information, check out the <a href=\"https://www.smogon.com/forums/threads/3740067/\">thread on Smogon.</a></div>\n|j|\u2606Node\n|j|\u2606cfold\n|t:|1728680813\n|gametype|singles\n|player|p1|Node|#agplviblackpink|2439\n|player|p2|cfold|266|2503\n|teamsize|p1|6\n|teamsize|p2|6\n|gen|9\n|tier|[Gen 9] Random Battle\n|rated|\n|rule|Species Clause: Limit one of each Pok\u00e9mon\n|rule|HP Percentage Mod: HP is shown in percentages\n|rule|Sleep Clause Mod: Limit one foe put to sleep\n|rule|Illusion Level Mod: Illusion disguises the Pok\u00e9mon's true level\n|\n|t:|1728680813\n|start\n|switch|p1a: Swampert|Swampert, L83, M|302/302\n|switch|p2a: Chimecho|Chimecho, L94, M|293/293\n|turn|1\n|c|\u2606Node|I was looking for you last night\n|\n|t:|1728680837\n|switch|p2a: Cacturne|Cacturne, L92, M|278/278\n|move|p1a: Swampert|Stealth Rock|p2a: Cacturne\n|-sidestart|p2: cfold|move: Stealth Rock\n|\n|upkeep\n|turn|2\n|c|\u2606Node|kek\n|\n|t:|1728680859\n|switch|p1a: Goodra|Goodra-Hisui, L82, M|265/265\n|move|p2a: Cacturne|Knock Off|p1a: Goodra\n|-damage|p1a: Goodra|96/265\n|-enditem|p1a: Goodra|Assault Vest|[from] move: Knock Off|[of] p2a: Cacturne\n|-damage|p2a: Cacturne|251/278|[from] item: Life Orb\n|\n|upkeep\n|turn|3\n|\n|t:|1728680865\n|move|p2a: Cacturne|Knock Off|p1a: Goodra\n|-damage|p1a: Goodra|0 fnt\n|faint|p1a: Goodra\n|-damage|p2a: Cacturne|224/278|[from] item: Life Orb\n|\n|upkeep\n|\n|t:|1728680876\n|switch|p1a: Hariyama|Hariyama, L87, F|392/392\n|turn|4\n|j| frumnothing\n|\n|t:|1728680906\n|move|p2a: Cacturne|Seed Bomb|p1a: Hariyama\n|-damage|p1a: Hariyama|200/392\n|-damage|p2a: Cacturne|197/278|[from] item: Life Orb\n|move|p1a: Hariyama|Close Combat|p2a: Cacturne\n|-supereffective|p2a: Cacturne\n|-crit|p2a: Cacturne\n|-damage|p2a: Cacturne|0 fnt\n|-unboost|p1a: Hariyama|def|1\n|-unboost|p1a: Hariyama|spd|1\n|faint|p2a: Cacturne\n|\n|-status|p1a: Hariyama|brn|[from] item: Flame Orb\n|upkeep\n|\n|t:|1728680925\n|switch|p2a: Chimecho|Chimecho, L94, M|293/293\n|-damage|p2a: Chimecho|257/293|[from] Stealth Rock\n|turn|5\n|\n|t:|1728680930\n|switch|p1a: Swampert|Swampert, L83, M|302/302\n|move|p2a: Chimecho|Dazzling Gleam|p1a: Swampert\n|-damage|p1a: Swampert|234/302\n|\n|-heal|p2a: Chimecho|275/293|[from] item: Leftovers\n|-heal|p1a: Swampert|252/302|[from] item: Leftovers\n|upkeep\n|turn|6\n|\n|t:|1728680959\n|move|p2a: Chimecho|Cosmic Power|p2a: Chimecho\n|-boost|p2a: Chimecho|def|1\n|-boost|p2a: Chimecho|spd|1\n|move|p1a: Swampert|Ice Beam|p2a: Chimecho\n|-damage|p2a: Chimecho|243/293\n|\n|-heal|p2a: Chimecho|261/293|[from] item: Leftovers\n|-heal|p1a: Swampert|270/302|[from] item: Leftovers\n|upkeep\n|turn|7\n|\n|t:|1728680966\n|move|p2a: Chimecho|Cosmic Power|p2a: Chimecho\n|-boost|p2a: Chimecho|def|1\n|-boost|p2a: Chimecho|spd|1\n|move|p1a: Swampert|Roar|p2a: Chimecho\n|drag|p2a: Camerupt|Camerupt, L91, M|275/275\n|-damage|p2a: Camerupt|241/275|[from] Stealth Rock\n|\n|-heal|p1a: Swampert|288/302|[from] item: Leftovers\n|-heal|p2a: Camerupt|258/275|[from] item: Leftovers\n|upkeep\n|turn|8\n|\n|t:|1728680985\n|switch|p2a: Chimecho|Chimecho, L94, M|261/293\n|-damage|p2a: Chimecho|225/293|[from] Stealth Rock\n|move|p1a: Swampert|Earthquake|p2a: Chimecho\n|-immune|p2a: Chimecho|[from] ability: Levitate\n|\n|-heal|p2a: Chimecho|243/293|[from] item: Leftovers\n|-heal|p1a: Swampert|302/302|[from] item: Leftovers\n|upkeep\n|turn|9\n|\n|t:|1728681000\n|switch|p1a: Clefable|Clefable, L83, M|293/293\n|move|p2a: Chimecho|Dazzling Gleam|p1a: Clefable\n|-damage|p1a: Clefable|220/293\n|\n|-heal|p2a: Chimecho|261/293|[from] item: Leftovers\n|-heal|p1a: Clefable|238/293|[from] item: Leftovers\n|upkeep\n|turn|10\n|\n|t:|1728681008\n|switch|p2a: Camerupt|Camerupt, L91, M|258/275\n|-damage|p2a: Camerupt|224/275|[from] Stealth Rock\n|move|p1a: Clefable|Calm Mind|p1a: Clefable\n|-boost|p1a: Clefable|spa|1\n|-boost|p1a: Clefable|spd|1\n|\n|-heal|p1a: Clefable|256/293|[from] item: Leftovers\n|-heal|p2a: Camerupt|241/275|[from] item: Leftovers\n|upkeep\n|turn|11\n|l| frumnothing\n|\n|t:|1728681016\n|move|p1a: Clefable|Moonblast|p2a: Camerupt\n|-resisted|p2a: Camerupt\n|-damage|p2a: Camerupt|159/275\n|move|p2a: Camerupt|Stealth Rock|p1a: Clefable\n|-sidestart|p1: Node|move: Stealth Rock\n|\n|-heal|p1a: Clefable|274/293|[from] item: Leftovers\n|-heal|p2a: Camerupt|176/275|[from] item: Leftovers\n|upkeep\n|turn|12\n|\n|t:|1728681024\n|switch|p2a: Toxapex|Toxapex, L82, F|216/216\n|-damage|p2a: Toxapex|189/216|[from] Stealth Rock\n|move|p1a: Clefable|Moonblast|p2a: Toxapex\n|-resisted|p2a: Toxapex\n|-damage|p2a: Toxapex|143/216\n|\n|-heal|p1a: Clefable|292/293|[from] item: Leftovers\n|upkeep\n|turn|13\n|\n|t:|1728681032\n|switch|p1a: Hariyama|Hariyama, L87, F|200/392 brn\n|-damage|p1a: Hariyama|176/392 brn|[from] Stealth Rock\n|move|p2a: Toxapex|Toxic||[still]\n|-fail|p2a: Toxapex\n|\n|-damage|p1a: Hariyama|152/392 brn|[from] brn\n|upkeep\n|turn|14\n|\n|t:|1728681050\n|switch|p2a: Camerupt|Camerupt, L91, M|176/275\n|-damage|p2a: Camerupt|142/275|[from] Stealth Rock\n|move|p1a: Hariyama|Facade|p2a: Camerupt\n|-damage|p2a: Camerupt|0 fnt\n|faint|p2a: Camerupt\n|\n|-damage|p1a: Hariyama|128/392 brn|[from] brn\n|upkeep\n|\n|t:|1728681055\n|switch|p2a: Chimecho|Chimecho, L94, M|261/293\n|-damage|p2a: Chimecho|225/293|[from] Stealth Rock\n|turn|15\n|\n|t:|1728681094\n|switch|p1a: Clefable|Clefable, L83, M|292/293\n|-damage|p1a: Clefable|256/293|[from] Stealth Rock\n|move|p2a: Chimecho|Dazzling Gleam|p1a: Clefable\n|-damage|p1a: Clefable|182/293\n|\n|-heal|p2a: Chimecho|243/293|[from] item: Leftovers\n|-heal|p1a: Clefable|200/293|[from] item: Leftovers\n|upkeep\n|turn|16\n|\n|t:|1728681103\n|switch|p1a: Hariyama|Hariyama, L87, F|128/392 brn\n|-damage|p1a: Hariyama|104/392 brn|[from] Stealth Rock\n|move|p2a: Chimecho|Dazzling Gleam|p1a: Hariyama\n|-supereffective|p1a: Hariyama\n|-damage|p1a: Hariyama|0 fnt\n|faint|p1a: Hariyama\n|\n|-heal|p2a: Chimecho|261/293|[from] item: Leftovers\n|upkeep\n|\n|t:|1728681135\n|switch|p1a: Swampert|Swampert, L83, M|302/302\n|-damage|p1a: Swampert|284/302|[from] Stealth Rock\n|turn|17\n|\n|t:|1728681145\n|move|p2a: Chimecho|Cosmic Power|p2a: Chimecho\n|-boost|p2a: Chimecho|def|1\n|-boost|p2a: Chimecho|spd|1\n|move|p1a: Swampert|Ice Beam|p2a: Chimecho\n|-damage|p2a: Chimecho|225/293\n|\n|-heal|p2a: Chimecho|243/293|[from] item: Leftovers\n|-heal|p1a: Swampert|302/302|[from] item: Leftovers\n|upkeep\n|turn|18\n|\n|t:|1728681151\n|move|p2a: Chimecho|Stored Power|p1a: Swampert\n|-damage|p1a: Swampert|227/302\n|move|p1a: Swampert|Roar|p2a: Chimecho\n|drag|p2a: Toxapex|Toxapex, L82, F|215/216\n|-damage|p2a: Toxapex|188/216|[from] Stealth Rock\n|\n|-heal|p1a: Swampert|245/302|[from] item: Leftovers\n|upkeep\n|turn|19\n|\n|t:|1728681160\n|switch|p2a: Chimecho|Chimecho, L94, M|243/293\n|-damage|p2a: Chimecho|207/293|[from] Stealth Rock\n|move|p1a: Swampert|Earthquake|p2a: Chimecho\n|-immune|p2a: Chimecho|[from] ability: Levitate\n|\n|-heal|p2a: Chimecho|225/293|[from] item: Leftovers\n|-heal|p1a: Swampert|263/302|[from] item: Leftovers\n|upkeep\n|turn|20\n|\n|t:|1728681168\n|move|p2a: Chimecho|Cosmic Power|p2a: Chimecho\n|-boost|p2a: Chimecho|def|1\n|-boost|p2a: Chimecho|spd|1\n|move|p1a: Swampert|Roar|p2a: Chimecho\n|drag|p2a: Toxapex|Toxapex, L82, F|216/216\n|-damage|p2a: Toxapex|189/216|[from] Stealth Rock\n|\n|-heal|p1a: Swampert|281/302|[from] item: Leftovers\n|upkeep\n|turn|21\n|\n|t:|1728681196\n|move|p1a: Swampert|Earthquake|p2a: Toxapex\n|-supereffective|p2a: Toxapex\n|-damage|p2a: Toxapex|49/216\n|move|p2a: Toxapex|Toxic|p1a: Swampert\n|-status|p1a: Swampert|tox\n|\n|-heal|p1a: Swampert|299/302 tox|[from] item: Leftovers\n|-damage|p1a: Swampert|281/302 tox|[from] psn\n|upkeep\n|turn|22\n|\n|t:|1728681203\n|switch|p2a: Chimecho|Chimecho, L94, M|225/293\n|-damage|p2a: Chimecho|189/293|[from] Stealth Rock\n|move|p1a: Swampert|Roar|p2a: Chimecho\n|drag|p2a: Mudsdale|Mudsdale, L84, F|305/305\n|-damage|p2a: Mudsdale|286/305|[from] Stealth Rock\n|\n|-heal|p1a: Swampert|299/302 tox|[from] item: Leftovers\n|-damage|p1a: Swampert|263/302 tox|[from] psn\n|upkeep\n|turn|23\n|\n|t:|1728681212\n|switch|p2a: Chimecho|Chimecho, L94, M|189/293\n|-damage|p2a: Chimecho|153/293|[from] Stealth Rock\n|move|p1a: Swampert|Ice Beam|p2a: Chimecho\n|-damage|p2a: Chimecho|102/293\n|\n|-heal|p2a: Chimecho|120/293|[from] item: Leftovers\n|-heal|p1a: Swampert|281/302 tox|[from] item: Leftovers\n|-damage|p1a: Swampert|227/302 tox|[from] psn\n|upkeep\n|turn|24\n|\n|t:|1728681225\n|switch|p1a: Sylveon|Sylveon, L85, M|300/300\n|-damage|p1a: Sylveon|263/300|[from] Stealth Rock\n|move|p2a: Chimecho|Recover|p2a: Chimecho\n|-heal|p2a: Chimecho|267/293\n|\n|-heal|p2a: Chimecho|285/293|[from] item: Leftovers\n|-heal|p1a: Sylveon|281/300|[from] item: Leftovers\n|upkeep\n|turn|25\n|\n|t:|1728681271\n|switch|p2a: Toxapex|Toxapex, L82, F|121/216\n|-damage|p2a: Toxapex|94/216|[from] Stealth Rock\n|move|p1a: Sylveon|Calm Mind|p1a: Sylveon\n|-boost|p1a: Sylveon|spa|1\n|-boost|p1a: Sylveon|spd|1\n|\n|-heal|p1a: Sylveon|299/300|[from] item: Leftovers\n|upkeep\n|turn|26\n|\n|t:|1728681287\n|move|p1a: Sylveon|Hyper Voice|p2a: Toxapex\n|-resisted|p2a: Toxapex\n|-damage|p2a: Toxapex|22/216\n|move|p2a: Toxapex|Recover|p2a: Toxapex\n|-heal|p2a: Toxapex|130/216\n|\n|-heal|p1a: Sylveon|300/300|[from] item: Leftovers\n|upkeep\n|turn|27\n|\n|t:|1728681292\n|switch|p1a: Swampert|Swampert, L83, M|227/302 tox\n|-damage|p1a: Swampert|209/302 tox|[from] Stealth Rock\n|move|p2a: Toxapex|Recover|p2a: Toxapex\n|-heal|p2a: Toxapex|216/216\n|\n|-heal|p1a: Swampert|227/302 tox|[from] item: Leftovers\n|-damage|p1a: Swampert|209/302 tox|[from] psn\n|upkeep\n|turn|28\n|\n|t:|1728681300\n|switch|p2a: Chimecho|Chimecho, L94, M|285/293\n|-damage|p2a: Chimecho|249/293|[from] Stealth Rock\n|move|p1a: Swampert|Roar|p2a: Chimecho\n|drag|p2a: Mudsdale|Mudsdale, L84, F|286/305\n|-damage|p2a: Mudsdale|267/305|[from] Stealth Rock\n|\n|-heal|p1a: Swampert|227/302 tox|[from] item: Leftovers\n|-damage|p1a: Swampert|191/302 tox|[from] psn\n|upkeep\n|turn|29\n|\n|t:|1728681316\n|switch|p2a: Toxapex|Toxapex, L82, F|216/216\n|-damage|p2a: Toxapex|189/216|[from] Stealth Rock\n|move|p1a: Swampert|Ice Beam|p2a: Toxapex\n|-resisted|p2a: Toxapex\n|-damage|p2a: Toxapex|171/216\n|\n|-heal|p1a: Swampert|209/302 tox|[from] item: Leftovers\n|-damage|p1a: Swampert|155/302 tox|[from] psn\n|upkeep\n|turn|30\n|\n|t:|1728681326\n|switch|p2a: Chimecho|Chimecho, L94, M|249/293\n|-damage|p2a: Chimecho|213/293|[from] Stealth Rock\n|move|p1a: Swampert|Earthquake|p2a: Chimecho\n|-immune|p2a: Chimecho|[from] ability: Levitate\n|\n|-heal|p2a: Chimecho|231/293|[from] item: Leftovers\n|-heal|p1a: Swampert|173/302 tox|[from] item: Leftovers\n|-damage|p1a: Swampert|101/302 tox|[from] psn\n|upkeep\n|turn|31\n|\n|t:|1728681350\n|switch|p1a: Sylveon|Sylveon, L85, M|300/300\n|-damage|p1a: Sylveon|263/300|[from] Stealth Rock\n|move|p2a: Chimecho|Cosmic Power|p2a: Chimecho\n|-boost|p2a: Chimecho|def|1\n|-boost|p2a: Chimecho|spd|1\n|\n|-heal|p2a: Chimecho|249/293|[from] item: Leftovers\n|-heal|p1a: Sylveon|281/300|[from] item: Leftovers\n|upkeep\n|turn|32\n|\n|t:|1728681359\n|switch|p2a: Toxapex|Toxapex, L82, F|216/216\n|-damage|p2a: Toxapex|189/216|[from] Stealth Rock\n|move|p1a: Sylveon|Wish|p1a: Sylveon\n|\n|-heal|p1a: Sylveon|299/300|[from] item: Leftovers\n|upkeep\n|turn|33\n|\n|t:|1728681367\n|switch|p1a: Swampert|Swampert, L83, M|101/302 tox\n|-damage|p1a: Swampert|83/302 tox|[from] Stealth Rock\n|move|p2a: Toxapex|Liquidation|p1a: Swampert\n|-damage|p1a: Swampert|16/302 tox\n|-unboost|p1a: Swampert|def|1\n|\n|-heal|p1a: Swampert|166/302 tox|[from] move: Wish|[wisher] Sylveon\n|-heal|p1a: Swampert|184/302 tox|[from] item: Leftovers\n|-damage|p1a: Swampert|166/302 tox|[from] psn\n|upkeep\n|turn|34\n|\n|t:|1728681435\n|switch|p2a: Chimecho|Chimecho, L94, M|249/293\n|-damage|p2a: Chimecho|213/293|[from] Stealth Rock\n|move|p1a: Swampert|Earthquake|p2a: Chimecho\n|-immune|p2a: Chimecho|[from] ability: Levitate\n|\n|-heal|p2a: Chimecho|231/293|[from] item: Leftovers\n|-heal|p1a: Swampert|184/302 tox|[from] item: Leftovers\n|-damage|p1a: Swampert|148/302 tox|[from] psn\n|upkeep\n|turn|35\n|\n|t:|1728681445\n|switch|p2a: Toxapex|Toxapex, L82, F|216/216\n|-damage|p2a: Toxapex|189/216|[from] Stealth Rock\n|switch|p1a: Sylveon|Sylveon, L85, M|299/300\n|-damage|p1a: Sylveon|262/300|[from] Stealth Rock\n|\n|-heal|p1a: Sylveon|280/300|[from] item: Leftovers\n|upkeep\n|turn|36\n|\n|t:|1728681465\n|move|p1a: Sylveon|Protect|p1a: Sylveon\n|-singleturn|p1a: Sylveon|Protect\n|move|p2a: Toxapex|Liquidation|p1a: Sylveon\n|-activate|p1a: Sylveon|move: Protect\n|\n|-heal|p1a: Sylveon|298/300|[from] item: Leftovers\n|upkeep\n|turn|37\n|\n|t:|1728681504\n|-terastallize|p1a: Sylveon|Steel\n|move|p1a: Sylveon|Wish|p1a: Sylveon\n|move|p2a: Toxapex|Toxic|p1a: Sylveon\n|-immune|p1a: Sylveon\n|\n|-heal|p1a: Sylveon|300/300|[from] item: Leftovers\n|upkeep\n|turn|38\n|\n|t:|1728681513\n|switch|p1a: Swampert|Swampert, L83, M|148/302 tox\n|-damage|p1a: Swampert|130/302 tox|[from] Stealth Rock\n|move|p2a: Toxapex|Liquidation|p1a: Swampert\n|-damage|p1a: Swampert|64/302 tox\n|\n|-heal|p1a: Swampert|214/302 tox|[from] move: Wish|[wisher] Sylveon\n|-heal|p1a: Swampert|232/302 tox|[from] item: Leftovers\n|-damage|p1a: Swampert|214/302 tox|[from] psn\n|upkeep\n|turn|39\n|\n|t:|1728681523\n|switch|p1a: Sylveon|Sylveon, L85, M, tera:Steel|300/300\n|-damage|p1a: Sylveon|282/300|[from] Stealth Rock\n|switch|p2a: Chimecho|Chimecho, L94, M|231/293\n|-damage|p2a: Chimecho|195/293|[from] Stealth Rock\n|\n|-heal|p2a: Chimecho|213/293|[from] item: Leftovers\n|-heal|p1a: Sylveon|300/300|[from] item: Leftovers\n|upkeep\n|turn|40\n|\n|t:|1728681532\n|switch|p2a: Toxapex|Toxapex, L82, F|216/216\n|-damage|p2a: Toxapex|189/216|[from] Stealth Rock\n|move|p1a: Sylveon|Wish|p1a: Sylveon\n|\n|upkeep\n|turn|41\n|\n|t:|1728681561\n|switch|p2a: Chimecho|Chimecho, L94, M|213/293\n|-damage|p2a: Chimecho|177/293|[from] Stealth Rock\n|move|p1a: Sylveon|Hyper Voice|p2a: Chimecho\n|-damage|p2a: Chimecho|66/293\n|\n|-heal|p2a: Chimecho|84/293|[from] item: Leftovers\n|upkeep\n|turn|42\n|\n|t:|1728681568\n|move|p2a: Chimecho|Recover|p2a: Chimecho\n|-heal|p2a: Chimecho|231/293\n|move|p1a: Sylveon|Calm Mind|p1a: Sylveon\n|-boost|p1a: Sylveon|spa|1\n|-boost|p1a: Sylveon|spd|1\n|\n|-heal|p2a: Chimecho|249/293|[from] item: Leftovers\n|upkeep\n|turn|43\n|\n|t:|1728681575\n|switch|p2a: Toxapex|Toxapex, L82, F|216/216\n|-damage|p2a: Toxapex|189/216|[from] Stealth Rock\n|move|p1a: Sylveon|Wish|p1a: Sylveon\n|\n|upkeep\n|turn|44\n|\n|t:|1728681581\n|switch|p1a: Swampert|Swampert, L83, M|214/302 tox\n|-damage|p1a: Swampert|196/302 tox|[from] Stealth Rock\n|move|p2a: Toxapex|Haze|p2a: Toxapex\n|-clearallboost\n|\n|-heal|p1a: Swampert|302/302 tox|[from] move: Wish|[wisher] Sylveon\n|-damage|p1a: Swampert|284/302 tox|[from] psn\n|upkeep\n|turn|45\n|\n|t:|1728681588\n|switch|p2a: Chimecho|Chimecho, L94, M|249/293\n|-damage|p2a: Chimecho|213/293|[from] Stealth Rock\n|move|p1a: Swampert|Ice Beam|p2a: Chimecho\n|-damage|p2a: Chimecho|163/293\n|\n|-heal|p2a: Chimecho|181/293|[from] item: Leftovers\n|-heal|p1a: Swampert|302/302 tox|[from] item: Leftovers\n|-damage|p1a: Swampert|266/302 tox|[from] psn\n|upkeep\n|turn|46\n|\n|t:|1728681599\n|switch|p1a: Clefable|Clefable, L83, M|200/293\n|-damage|p1a: Clefable|164/293|[from] Stealth Rock\n|move|p2a: Chimecho|Recover|p2a: Chimecho\n|-heal|p2a: Chimecho|293/293\n|\n|-heal|p1a: Clefable|182/293|[from] item: Leftovers\n|upkeep\n|turn|47\n|\n|t:|1728681609\n|switch|p2a: Mudsdale|Mudsdale, L84, F|267/305\n|-damage|p2a: Mudsdale|248/305|[from] Stealth Rock\n|move|p1a: Clefable|Fire Blast|p2a: Mudsdale|[miss]\n|-miss|p1a: Clefable|p2a: Mudsdale\n|\n|-heal|p1a: Clefable|200/293|[from] item: Leftovers\n|upkeep\n|turn|48\n|\n|t:|1728681627\n|move|p1a: Clefable|Moonblast|p2a: Mudsdale\n|-damage|p2a: Mudsdale|146/305\n|-ability|p2a: Mudsdale|Stamina|boost\n|-boost|p2a: Mudsdale|def|1\n|move|p2a: Mudsdale|Earthquake|p1a: Clefable\n|-damage|p1a: Clefable|0 fnt\n|faint|p1a: Clefable\n|\n|upkeep\n|\n|t:|1728681637\n|switch|p1a: Swampert|Swampert, L83, M|266/302 tox\n|-damage|p1a: Swampert|248/302 tox|[from] Stealth Rock\n|turn|49\n|\n|t:|1728681647\n|move|p1a: Swampert|Ice Beam|p2a: Mudsdale\n|-supereffective|p2a: Mudsdale\n|-damage|p2a: Mudsdale|32/305\n|-status|p2a: Mudsdale|frz\n|-ability|p2a: Mudsdale|Stamina|boost\n|-boost|p2a: Mudsdale|def|1\n|cant|p2a: Mudsdale|frz\n|\n|-heal|p1a: Swampert|266/302 tox|[from] item: Leftovers\n|-damage|p1a: Swampert|248/302 tox|[from] psn\n|upkeep\n|turn|50\n|\n|t:|1728681660\n|switch|p2a: Chimecho|Chimecho, L94, M|293/293\n|-damage|p2a: Chimecho|257/293|[from] Stealth Rock\n|move|p1a: Swampert|Ice Beam|p2a: Chimecho\n|-damage|p2a: Chimecho|205/293\n|\n|-heal|p2a: Chimecho|223/293|[from] item: Leftovers\n|-heal|p1a: Swampert|266/302 tox|[from] item: Leftovers\n|-damage|p1a: Swampert|230/302 tox|[from] psn\n|upkeep\n|turn|51\n|\n|t:|1728681673\n|switch|p2a: Conkeldurr|Conkeldurr, L80, M|299/299\n|-damage|p2a: Conkeldurr|281/299|[from] Stealth Rock\n|move|p1a: Swampert|Roar|p2a: Conkeldurr\n|drag|p2a: Chimecho|Chimecho, L94, M|223/293\n|-damage|p2a: Chimecho|187/293|[from] Stealth Rock\n|\n|-heal|p2a: Chimecho|205/293|[from] item: Leftovers\n|-heal|p1a: Swampert|248/302 tox|[from] item: Leftovers\n|-damage|p1a: Swampert|194/302 tox|[from] psn\n|upkeep\n|turn|52\n|\n|t:|1728681703\n|switch|p1a: Sylveon|Sylveon, L85, M, tera:Steel|300/300\n|-damage|p1a: Sylveon|282/300|[from] Stealth Rock\n|move|p2a: Chimecho|Cosmic Power|p2a: Chimecho\n|-boost|p2a: Chimecho|def|1\n|-boost|p2a: Chimecho|spd|1\n|\n|-heal|p2a: Chimecho|223/293|[from] item: Leftovers\n|-heal|p1a: Sylveon|300/300|[from] item: Leftovers\n|upkeep\n|turn|53\n|\n|t:|1728681709\n|switch|p2a: Toxapex|Toxapex, L82, F|216/216\n|-damage|p2a: Toxapex|189/216|[from] Stealth Rock\n|move|p1a: Sylveon|Wish|p1a: Sylveon\n|\n|upkeep\n|turn|54\n|\n|t:|1728681725\n|move|p1a: Sylveon|Hyper Voice|p2a: Toxapex\n|-resisted|p2a: Toxapex\n|-damage|p2a: Toxapex|141/216\n|move|p2a: Toxapex|Haze|p2a: Toxapex\n|-clearallboost\n|\n|upkeep\n|turn|55\n|\n|t:|1728681731\n|move|p1a: Sylveon|Protect|p1a: Sylveon\n|-singleturn|p1a: Sylveon|Protect\n|move|p2a: Toxapex|Liquidation|p1a: Sylveon\n|-activate|p1a: Sylveon|move: Protect\n|\n|upkeep\n|turn|56\n|\n|t:|1728681749\n|switch|p2a: Chimecho|Chimecho, L94, M|223/293\n|-damage|p2a: Chimecho|187/293|[from] Stealth Rock\n|move|p1a: Sylveon|Wish|p1a: Sylveon\n|\n|-heal|p2a: Chimecho|205/293|[from] item: Leftovers\n|upkeep\n|turn|57\n|\n|t:|1728681756\n|switch|p2a: Toxapex|Toxapex, L82, F|213/216\n|-damage|p2a: Toxapex|186/216|[from] Stealth Rock\n|switch|p1a: Swampert|Swampert, L83, M|194/302 tox\n|-damage|p1a: Swampert|176/302 tox|[from] Stealth Rock\n|\n|-heal|p1a: Swampert|302/302 tox|[from] move: Wish|[wisher] Sylveon\n|-damage|p1a: Swampert|284/302 tox|[from] psn\n|upkeep\n|turn|58\n|\n|t:|1728681761\n|switch|p2a: Chimecho|Chimecho, L94, M|205/293\n|-damage|p2a: Chimecho|169/293|[from] Stealth Rock\n|move|p1a: Swampert|Earthquake|p2a: Chimecho\n|-immune|p2a: Chimecho|[from] ability: Levitate\n|\n|-heal|p2a: Chimecho|187/293|[from] item: Leftovers\n|-heal|p1a: Swampert|302/302 tox|[from] item: Leftovers\n|-damage|p1a: Swampert|266/302 tox|[from] psn\n|upkeep\n|turn|59\n|\n|t:|1728681776\n|move|p2a: Chimecho|Dazzling Gleam|p1a: Swampert\n|-damage|p1a: Swampert|199/302 tox\n|move|p1a: Swampert|Roar|p2a: Chimecho\n|drag|p2a: Conkeldurr|Conkeldurr, L80, M|281/299\n|-damage|p2a: Conkeldurr|263/299|[from] Stealth Rock\n|\n|-heal|p1a: Swampert|217/302 tox|[from] item: Leftovers\n|-damage|p1a: Swampert|163/302 tox|[from] psn\n|-status|p2a: Conkeldurr|brn|[from] item: Flame Orb\n|upkeep\n|turn|60\n|\n|t:|1728681795\n|switch|p2a: Chimecho|Chimecho, L94, M|187/293\n|-damage|p2a: Chimecho|151/293|[from] Stealth Rock\n|move|p1a: Swampert|Earthquake|p2a: Chimecho\n|-immune|p2a: Chimecho|[from] ability: Levitate\n|\n|-heal|p2a: Chimecho|169/293|[from] item: Leftovers\n|-heal|p1a: Swampert|181/302 tox|[from] item: Leftovers\n|-damage|p1a: Swampert|109/302 tox|[from] psn\n|upkeep\n|turn|61\n|\n|t:|1728681802\n|switch|p2a: Conkeldurr|Conkeldurr, L80, M|263/299 brn\n|-damage|p2a: Conkeldurr|245/299 brn|[from] Stealth Rock\n|switch|p1a: Sylveon|Sylveon, L85, M, tera:Steel|300/300\n|-damage|p1a: Sylveon|282/300|[from] Stealth Rock\n|\n|-heal|p1a: Sylveon|300/300|[from] item: Leftovers\n|-damage|p2a: Conkeldurr|227/299 brn|[from] brn\n|upkeep\n|turn|62\n|\n|t:|1728681807\n|-terastallize|p2a: Conkeldurr|Normal\n|move|p1a: Sylveon|Protect|p1a: Sylveon\n|-singleturn|p1a: Sylveon|Protect\n|move|p2a: Conkeldurr|Close Combat|p1a: Sylveon\n|-activate|p1a: Sylveon|move: Protect\n|\n|-damage|p2a: Conkeldurr|209/299 brn|[from] brn\n|upkeep\n|turn|63\n|\n|t:|1728681850\n|switch|p1a: Swampert|Swampert, L83, M|109/302 tox\n|-damage|p1a: Swampert|91/302 tox|[from] Stealth Rock\n|move|p2a: Conkeldurr|Close Combat|p1a: Swampert\n|-damage|p1a: Swampert|0 fnt\n|-unboost|p2a: Conkeldurr|def|1\n|-unboost|p2a: Conkeldurr|spd|1\n|faint|p1a: Swampert\n|\n|-damage|p2a: Conkeldurr|191/299 brn|[from] brn\n|upkeep\n|\n|t:|1728681884\n|switch|p1a: Arceus|Arceus-Electric, L70|284/284\n|-damage|p1a: Arceus|249/284|[from] Stealth Rock\n|turn|64\n|c|\u2606Node|perfect timing right?\n|\n|t:|1728681958\n|move|p1a: Arceus|Judgment|p2a: Conkeldurr\n|-damage|p2a: Conkeldurr|0 fnt\n|faint|p2a: Conkeldurr\n|\n|upkeep\n|\n|t:|1728681961\n|switch|p2a: Chimecho|Chimecho, L94, M|169/293\n|-damage|p2a: Chimecho|133/293|[from] Stealth Rock\n|turn|65\n|\n|t:|1728681993\n|move|p1a: Arceus|Calm Mind|p1a: Arceus\n|-boost|p1a: Arceus|spa|1\n|-boost|p1a: Arceus|spd|1\n|move|p2a: Chimecho|Recover|p2a: Chimecho\n|-heal|p2a: Chimecho|280/293\n|\n|-heal|p2a: Chimecho|293/293|[from] item: Leftovers\n|upkeep\n|turn|66\n|\n|t:|1728681996\n|move|p1a: Arceus|Judgment|p2a: Chimecho\n|-damage|p2a: Chimecho|157/293\n|move|p2a: Chimecho|Cosmic Power|p2a: Chimecho\n|-boost|p2a: Chimecho|def|1\n|-boost|p2a: Chimecho|spd|1\n|\n|-heal|p2a: Chimecho|175/293|[from] item: Leftovers\n|upkeep\n|turn|67\n|\n|t:|1728682017\n|move|p1a: Arceus|Calm Mind|p1a: Arceus\n|-boost|p1a: Arceus|spa|1\n|-boost|p1a: Arceus|spd|1\n|move|p2a: Chimecho|Cosmic Power|p2a: Chimecho\n|-boost|p2a: Chimecho|def|1\n|-boost|p2a: Chimecho|spd|1\n|\n|-heal|p2a: Chimecho|193/293|[from] item: Leftovers\n|upkeep\n|turn|68\n|\n|t:|1728682020\n|move|p1a: Arceus|Judgment|p2a: Chimecho\n|-damage|p2a: Chimecho|100/293\n|move|p2a: Chimecho|Cosmic Power|p2a: Chimecho\n|-boost|p2a: Chimecho|def|1\n|-boost|p2a: Chimecho|spd|1\n|\n|-heal|p2a: Chimecho|118/293|[from] item: Leftovers\n|upkeep\n|turn|69\n|\n|t:|1728682025\n|switch|p1a: Sylveon|Sylveon, L85, M, tera:Steel|300/300\n|-damage|p1a: Sylveon|282/300|[from] Stealth Rock\n|move|p2a: Chimecho|Recover|p2a: Chimecho\n|-heal|p2a: Chimecho|265/293\n|\n|-heal|p2a: Chimecho|283/293|[from] item: Leftovers\n|-heal|p1a: Sylveon|300/300|[from] item: Leftovers\n|upkeep\n|turn|70\n|\n|t:|1728682055\n|switch|p2a: Toxapex|Toxapex, L82, F|216/216\n|-damage|p2a: Toxapex|189/216|[from] Stealth Rock\n|move|p1a: Sylveon|Calm Mind|p1a: Sylveon\n|-boost|p1a: Sylveon|spa|1\n|-boost|p1a: Sylveon|spd|1\n|\n|upkeep\n|turn|71\n|\n|t:|1728682066\n|switch|p1a: Arceus|Arceus-Electric, L70|249/284\n|-damage|p1a: Arceus|214/284|[from] Stealth Rock\n|move|p2a: Toxapex|Haze|p2a: Toxapex\n|-clearallboost\n|\n|upkeep\n|turn|72\n|\n|t:|1728682095\n|switch|p1a: Sylveon|Sylveon, L85, M, tera:Steel|300/300\n|-damage|p1a: Sylveon|282/300|[from] Stealth Rock\n|move|p2a: Toxapex|Toxic|p1a: Sylveon\n|-immune|p1a: Sylveon\n|\n|-heal|p1a: Sylveon|300/300|[from] item: Leftovers\n|upkeep\n|turn|73\n|\n|t:|1728682101\n|move|p1a: Sylveon|Calm Mind|p1a: Sylveon\n|-boost|p1a: Sylveon|spa|1\n|-boost|p1a: Sylveon|spd|1\n|move|p2a: Toxapex|Haze|p2a: Toxapex\n|-clearallboost\n|\n|upkeep\n|turn|74\n|\n|t:|1728682132\n|move|p1a: Sylveon|Wish|p1a: Sylveon\n|move|p2a: Toxapex|Haze|p2a: Toxapex\n|-clearallboost\n|\n|upkeep\n|turn|75\n|\n|t:|1728682141\n|move|p1a: Sylveon|Hyper Voice|p2a: Toxapex\n|-resisted|p2a: Toxapex\n|-damage|p2a: Toxapex|147/216\n|move|p2a: Toxapex|Haze|p2a: Toxapex\n|-clearallboost\n|\n|upkeep\n|turn|76\n|\n|t:|1728682146\n|switch|p1a: Arceus|Arceus-Electric, L70|214/284\n|-damage|p1a: Arceus|179/284|[from] Stealth Rock\n|move|p2a: Toxapex|Toxic|p1a: Arceus\n|-status|p1a: Arceus|tox\n|\n|-damage|p1a: Arceus|162/284 tox|[from] psn\n|upkeep\n|turn|77\n|\n|t:|1728682166\n|switch|p2a: Chimecho|Chimecho, L94, M|283/293\n|-damage|p2a: Chimecho|247/293|[from] Stealth Rock\n|move|p1a: Arceus|Judgment|p2a: Chimecho\n|-damage|p2a: Chimecho|159/293\n|\n|-heal|p2a: Chimecho|177/293|[from] item: Leftovers\n|-damage|p1a: Arceus|128/284 tox|[from] psn\n|upkeep\n|turn|78\n|\n|t:|1728682173\n|move|p1a: Arceus|Recover|p1a: Arceus\n|-heal|p1a: Arceus|270/284 tox\n|move|p2a: Chimecho|Recover|p2a: Chimecho\n|-heal|p2a: Chimecho|293/293\n|\n|-damage|p1a: Arceus|219/284 tox|[from] psn\n|upkeep\n|turn|79\n|\n|t:|1728682189\n|switch|p1a: Sylveon|Sylveon, L85, M, tera:Steel|300/300\n|-damage|p1a: Sylveon|282/300|[from] Stealth Rock\n|switch|p2a: Mudsdale|Mudsdale, L84, F|32/305 frz\n|-damage|p2a: Mudsdale|13/305 frz|[from] Stealth Rock\n|\n|-heal|p1a: Sylveon|300/300|[from] item: Leftovers\n|upkeep\n|turn|80\n|\n|t:|1728682195\n|switch|p2a: Toxapex|Toxapex, L82, F|216/216\n|-damage|p2a: Toxapex|189/216|[from] Stealth Rock\n|move|p1a: Sylveon|Hyper Voice|p2a: Toxapex\n|-resisted|p2a: Toxapex\n|-damage|p2a: Toxapex|144/216\n|\n|upkeep\n|turn|81\n|\n|t:|1728682212\n|switch|p1a: Arceus|Arceus-Electric, L70|219/284 tox\n|-damage|p1a: Arceus|184/284 tox|[from] Stealth Rock\n|move|p2a: Toxapex|Liquidation|p1a: Arceus\n|-damage|p1a: Arceus|129/284 tox\n|\n|-damage|p1a: Arceus|112/284 tox|[from] psn\n|upkeep\n|turn|82\n|\n|t:|1728682233\n|switch|p2a: Chimecho|Chimecho, L94, M|293/293\n|-damage|p2a: Chimecho|257/293|[from] Stealth Rock\n|move|p1a: Arceus|Judgment|p2a: Chimecho\n|-damage|p2a: Chimecho|160/293\n|\n|-heal|p2a: Chimecho|178/293|[from] item: Leftovers\n|-damage|p1a: Arceus|78/284 tox|[from] psn\n|upkeep\n|turn|83\n|\n|t:|1728682246\n|move|p1a: Arceus|Recover|p1a: Arceus\n|-heal|p1a: Arceus|220/284 tox\n|move|p2a: Chimecho|Dazzling Gleam|p1a: Arceus\n|-damage|p1a: Arceus|154/284 tox\n|\n|-heal|p2a: Chimecho|196/293|[from] item: Leftovers\n|-damage|p1a: Arceus|103/284 tox|[from] psn\n|upkeep\n|turn|84\n|\n|t:|1728682257\n|switch|p1a: Sylveon|Sylveon, L85, M, tera:Steel|300/300\n|-damage|p1a: Sylveon|282/300|[from] Stealth Rock\n|move|p2a: Chimecho|Dazzling Gleam|p1a: Sylveon\n|-resisted|p1a: Sylveon\n|-damage|p1a: Sylveon|257/300\n|\n|-heal|p2a: Chimecho|214/293|[from] item: Leftovers\n|-heal|p1a: Sylveon|275/300|[from] item: Leftovers\n|upkeep\n|turn|85\n|\n|t:|1728682261\n|switch|p2a: Toxapex|Toxapex, L82, F|216/216\n|-damage|p2a: Toxapex|189/216|[from] Stealth Rock\n|move|p1a: Sylveon|Wish|p1a: Sylveon\n|\n|-heal|p1a: Sylveon|293/300|[from] item: Leftovers\n|upkeep\n|turn|86\n|\n|t:|1728682265\n|switch|p1a: Arceus|Arceus-Electric, L70|103/284 tox\n|-damage|p1a: Arceus|68/284 tox|[from] Stealth Rock\n|move|p2a: Toxapex|Liquidation|p1a: Arceus\n|-damage|p1a: Arceus|8/284 tox\n|\n|-heal|p1a: Arceus|158/284 tox|[from] move: Wish|[wisher] Sylveon\n|-damage|p1a: Arceus|141/284 tox|[from] psn\n|upkeep\n|turn|87\n|\n|t:|1728682269\n|move|p1a: Arceus|Recover|p1a: Arceus\n|-heal|p1a: Arceus|283/284 tox\n|move|p2a: Toxapex|Liquidation|p1a: Arceus\n|-damage|p1a: Arceus|220/284 tox\n|\n|-damage|p1a: Arceus|186/284 tox|[from] psn\n|upkeep\n|turn|88\n|\n|t:|1728682272\n|switch|p1a: Sylveon|Sylveon, L85, M, tera:Steel|293/300\n|-damage|p1a: Sylveon|275/300|[from] Stealth Rock\n|move|p2a: Toxapex|Liquidation|p1a: Sylveon\n|-damage|p1a: Sylveon|200/300\n|\n|-heal|p1a: Sylveon|218/300|[from] item: Leftovers\n|upkeep\n|turn|89\n|\n|t:|1728682283\n|move|p1a: Sylveon|Protect|p1a: Sylveon\n|-singleturn|p1a: Sylveon|Protect\n|move|p2a: Toxapex|Toxic|p1a: Sylveon\n|-activate|p1a: Sylveon|move: Protect\n|\n|-heal|p1a: Sylveon|236/300|[from] item: Leftovers\n|upkeep\n|turn|90\n|\n|t:|1728682291\n|move|p1a: Sylveon|Wish|p1a: Sylveon\n|move|p2a: Toxapex|Toxic|p1a: Sylveon\n|-immune|p1a: Sylveon\n|\n|-heal|p1a: Sylveon|254/300|[from] item: Leftovers\n|upkeep\n|turn|91\n|\n|t:|1728682313\n|switch|p1a: Arceus|Arceus-Electric, L70|186/284 tox\n|-damage|p1a: Arceus|151/284 tox|[from] Stealth Rock\n|move|p2a: Toxapex|Toxic|p1a: Arceus\n|-fail|p1a: Arceus|tox\n|\n|-heal|p1a: Arceus|284/284 tox|[from] move: Wish|[wisher] Sylveon\n|-damage|p1a: Arceus|267/284 tox|[from] psn\n|upkeep\n|turn|92\n|\n|t:|1728682332\n|switch|p2a: Chimecho|Chimecho, L94, M|214/293\n|-damage|p2a: Chimecho|178/293|[from] Stealth Rock\n|move|p1a: Arceus|Ice Beam|p2a: Chimecho\n|-damage|p2a: Chimecho|134/293\n|\n|-heal|p2a: Chimecho|152/293|[from] item: Leftovers\n|-damage|p1a: Arceus|233/284 tox|[from] psn\n|upkeep\n|turn|93\n|\n|t:|1728682342\n|move|p1a: Arceus|Ice Beam|p2a: Chimecho\n|-damage|p2a: Chimecho|108/293\n|move|p2a: Chimecho|Recover|p2a: Chimecho\n|-heal|p2a: Chimecho|255/293\n|\n|-heal|p2a: Chimecho|273/293|[from] item: Leftovers\n|-damage|p1a: Arceus|182/284 tox|[from] psn\n|upkeep\n|turn|94\n|\n|t:|1728682358\n|switch|p1a: Sylveon|Sylveon, L85, M, tera:Steel|254/300\n|-damage|p1a: Sylveon|236/300|[from] Stealth Rock\n|move|p2a: Chimecho|Cosmic Power|p2a: Chimecho\n|-boost|p2a: Chimecho|def|1\n|-boost|p2a: Chimecho|spd|1\n|\n|-heal|p2a: Chimecho|291/293|[from] item: Leftovers\n|-heal|p1a: Sylveon|254/300|[from] item: Leftovers\n|upkeep\n|turn|95\n|j| hir00\n|\n|t:|1728682392\n|move|p2a: Chimecho|Cosmic Power|p2a: Chimecho\n|-boost|p2a: Chimecho|def|1\n|-boost|p2a: Chimecho|spd|1\n|move|p1a: Sylveon|Calm Mind|p1a: Sylveon\n|-boost|p1a: Sylveon|spa|1\n|-boost|p1a: Sylveon|spd|1\n|\n|-heal|p2a: Chimecho|293/293|[from] item: Leftovers\n|-heal|p1a: Sylveon|272/300|[from] item: Leftovers\n|upkeep\n|turn|96\n|\n|t:|1728682402\n|switch|p2a: Toxapex|Toxapex, L82, F|216/216\n|-damage|p2a: Toxapex|189/216|[from] Stealth Rock\n|move|p1a: Sylveon|Calm Mind|p1a: Sylveon\n|-boost|p1a: Sylveon|spa|1\n|-boost|p1a: Sylveon|spd|1\n|\n|-heal|p1a: Sylveon|290/300|[from] item: Leftovers\n|upkeep\n|turn|97\n|l| hir00\n|\n|t:|1728682439\n|move|p1a: Sylveon|Hyper Voice|p2a: Toxapex\n|-resisted|p2a: Toxapex\n|-damage|p2a: Toxapex|94/216\n|move|p2a: Toxapex|Haze|p2a: Toxapex\n|-clearallboost\n|\n|-heal|p1a: Sylveon|300/300|[from] item: Leftovers\n|upkeep\n|turn|98\n|\n|t:|1728682451\n|move|p1a: Sylveon|Wish|p1a: Sylveon\n|move|p2a: Toxapex|Recover|p2a: Toxapex\n|-heal|p2a: Toxapex|202/216\n|\n|upkeep\n|turn|99\n|\n|t:|1728682456\n|switch|p1a: Arceus|Arceus-Electric, L70|182/284 tox\n|-damage|p1a: Arceus|147/284 tox|[from] Stealth Rock\n|move|p2a: Toxapex|Liquidation|p1a: Arceus\n|-damage|p1a: Arceus|89/284 tox\n|\n|-heal|p1a: Arceus|239/284 tox|[from] move: Wish|[wisher] Sylveon\n|-damage|p1a: Arceus|222/284 tox|[from] psn\n|upkeep\n|turn|100\n|\n|t:|1728682472\n|move|p1a: Arceus|Calm Mind|p1a: Arceus\n|-boost|p1a: Arceus|spa|1\n|-boost|p1a: Arceus|spd|1\n|move|p2a: Toxapex|Liquidation|p1a: Arceus\n|-damage|p1a: Arceus|168/284 tox\n|\n|-damage|p1a: Arceus|134/284 tox|[from] psn\n|upkeep\n|turn|101\n|\n|t:|1728682484\n|switch|p2a: Mudsdale|Mudsdale, L84, F|13/305 frz\n|-damage|p2a: Mudsdale|0 fnt|[from] Stealth Rock\n|faint|p2a: Mudsdale\n|move|p1a: Arceus|Recover|p1a: Arceus\n|-heal|p1a: Arceus|276/284 tox\n|\n|-damage|p1a: Arceus|225/284 tox|[from] psn\n|upkeep\n|\n|t:|1728682487\n|switch|p2a: Chimecho|Chimecho, L94, M|293/293\n|-damage|p2a: Chimecho|257/293|[from] Stealth Rock\n|turn|102\n|\n|t:|1728682507\n|move|p1a: Arceus|Judgment|p2a: Chimecho\n|-crit|p2a: Chimecho\n|-damage|p2a: Chimecho|32/293\n|move|p2a: Chimecho|Cosmic Power|p2a: Chimecho\n|-boost|p2a: Chimecho|def|1\n|-boost|p2a: Chimecho|spd|1\n|\n|-heal|p2a: Chimecho|50/293|[from] item: Leftovers\n|-damage|p1a: Arceus|157/284 tox|[from] psn\n|upkeep\n|turn|103\n|\n|t:|1728682514\n|move|p1a: Arceus|Judgment|p2a: Chimecho\n|-damage|p2a: Chimecho|0 fnt\n|faint|p2a: Chimecho\n|\n|-damage|p1a: Arceus|72/284 tox|[from] psn\n|upkeep\n|\n|t:|1728682516\n|switch|p2a: Toxapex|Toxapex, L82, F|216/216\n|-damage|p2a: Toxapex|189/216|[from] Stealth Rock\n|turn|104\n|\n|t:|1728682528\n|move|p1a: Arceus|Judgment|p2a: Toxapex\n|-supereffective|p2a: Toxapex\n|-damage|p2a: Toxapex|0 fnt\n|faint|p2a: Toxapex\n|\n|win|Node\n|raw|Node's rating: 2439 &rarr; <strong>2463</strong><br />(+24 for winning)\n|raw|cfold's rating: 2503 &rarr; <strong>2479</strong><br />(-24 for losing)\n|c|\u2606Node|gg\n", "inputlog": ">version 07a496376195f222b7c6b2699e264b68c37d3bc4\n>start {\"formatid\":\"gen9randombattle\",\"seed\":[707,37346,26867,46287],\"rated\":\"Rated battle\"}\n>player p1 {\"name\":\"Node\",\"avatar\":\"#agplviblackpink\",\"rating\":2439,\"seed\":[45897,2928,52865,18536]}\n>player p2 {\"name\":\"cfold\",\"avatar\":\"266\",\"rating\":2503,\"seed\":[41754,55805,23768,51789]}\n>chat \u2606Node|I was looking for you last night\n>p1 move stealthrock\n>p2 switch 4\n>chat \u2606Node|kek\n>p1 switch 3\n>p2 move knockoff\n>p1 move dracometeor\n>p2 move knockoff\n>p1 switch 4\n>p1 move closecombat\n>p2 move seedbomb\n>p2 switch 4\n>p1 switch 3\n>p2 move dazzlinggleam\n>p1 move icebeam\n>p2 move cosmicpower\n>p1 move roar\n>p2 move cosmicpower\n>p1 move earthquake\n>p2 switch 5\n>p1 switch 2\n>p2 move dazzlinggleam\n>p1 move calmmind\n>p2 switch 5\n>p1 move moonblast\n>p2 move stealthrock\n>p1 move moonblast\n>p2 switch 2\n>p1 switch 3\n>p2 move toxic\n>p1 move facade\n>p2 switch 2\n>p2 switch 5\n>p1 switch 3\n>p2 move dazzlinggleam\n>p1 switch 3\n>p2 move dazzlinggleam\n>p1 switch 2\n>p1 move icebeam\n>p2 move cosmicpower\n>p1 move roar\n>p2 move storedpower\n>p1 move earthquake\n>p2 switch 2\n>p1 move roar\n>p2 move cosmicpower\n>p1 move earthquake\n>p2 move toxic\n>p1 move roar\n>p2 switch 2\n>p1 move icebeam\n>p2 switch 6\n>p1 switch 5\n>p2 move recover\n>p1 move calmmind\n>p2 switch 2\n>p1 move hypervoice\n>p2 move recover\n>p1 switch 5\n>p2 move recover\n>p1 move roar\n>p2 switch 2\n>p1 move icebeam\n>p2 switch 2\n>p1 move earthquake\n>p2 switch 6\n>p1 switch 5\n>p2 move cosmicpower\n>p1 move wish\n>p2 switch 6\n>p1 switch 5\n>p2 move liquidation\n>p1 move earthquake\n>p2 switch 6\n>p1 switch 5\n>p2 switch 6\n>p1 move protect\n>p2 move liquidation\n>p1 move wish terastallize\n>p2 move toxic\n>p1 switch 5\n>p2 move liquidation\n>p1 switch 5\n>p2 switch 6\n>p1 move wish\n>p2 switch 6\n>p1 move hypervoice\n>p2 switch 6\n>p1 move calmmind\n>p2 move recover\n>p1 move wish\n>p2 switch 6\n>p1 switch 5\n>p2 move haze\n>p1 move icebeam\n>p2 switch 6\n>p1 switch 3\n>p2 move recover\n>p1 move fireblast\n>p2 switch 2\n>p1 move moonblast\n>p2 move earthquake\n>p1 switch 3\n>p1 move icebeam\n>p2 move earthquake\n>p1 move icebeam\n>p2 switch 2\n>p1 move roar\n>p2 switch 3\n>p1 switch 5\n>p2 move cosmicpower\n>p1 move wish\n>p2 switch 6\n>p1 move hypervoice\n>p2 move haze\n>p1 move protect\n>p2 move liquidation\n>p1 move wish\n>p2 switch 6\n>p1 switch 5\n>p2 switch 6\n>p1 move earthquake\n>p2 switch 6\n>p1 move roar\n>p2 move dazzlinggleam\n>p1 move earthquake\n>p2 switch 3\n>p1 switch 5\n>p2 switch 3\n>p1 move protect\n>p2 move closecombat terastallize\n>p1 switch 5\n>p2 move closecombat\n>p1 switch 6\n>chat \u2606Node|perfect timing right?\n>p1 move judgment\n>p2 move closecombat\n>p2 switch 3\n>p1 move calmmind\n>p2 move recover\n>p1 move judgment\n>p2 move cosmicpower\n>p1 move calmmind\n>p2 move cosmicpower\n>p1 move judgment\n>p2 move cosmicpower\n>p1 switch 5\n>p2 move recover\n>p1 move calmmind\n>p2 switch 6\n>p1 switch 5\n>p2 move haze\n>p1 switch 5\n>p2 move toxic\n>p1 move calmmind\n>p2 move haze\n>p1 move wish\n>p2 move haze\n>p1 move hypervoice\n>p2 move haze\n>p1 switch 5\n>p2 move toxic\n>p1 move judgment\n>p2 switch 6\n>p1 move recover\n>p2 move recover\n>p1 switch 5\n>p2 switch 2\n>p1 move hypervoice\n>p2 switch 6\n>p1 switch 5\n>p2 move liquidation\n>p1 move judgment\n>p2 switch 2\n>p1 move recover\n>p2 move dazzlinggleam\n>p1 switch 5\n>p2 move dazzlinggleam\n>p1 move wish\n>p2 switch 2\n>p1 switch 5\n>p2 move liquidation\n>p1 move recover\n>p2 move liquidation\n>p1 switch 5\n>p2 move liquidation\n>p1 move protect\n>p2 move toxic\n>p1 move wish\n>p2 move toxic\n>p1 switch 5\n>p2 move toxic\n>p1 move icebeam\n>p2 switch 2\n>p1 move icebeam\n>p2 move recover\n>p1 switch 5\n>p2 move cosmicpower\n>p1 move calmmind\n>p2 move cosmicpower\n>p1 move calmmind\n>p2 switch 2\n>p1 move hypervoice\n>p2 move haze\n>p1 move wish\n>p2 move recover\n>p1 switch 5\n>p2 move liquidation\n>p1 move calmmind\n>p2 move liquidation\n>p1 move recover\n>p2 switch 6\n>p2 switch 2\n>p1 move judgment\n>p2 move cosmicpower\n>p1 move judgment\n>p2 move recover\n>p2 switch 6\n>p1 move judgment\n>p2 move liquidation", "uploadtime": 1728683502, "views": 79, "formatid": "gen9randombattle", "rating": 2463, "private": 0, "password": null}