{"id": "gen9randombattle-2129374192", "format": "[Gen 9] Random Battle", "players": ["bmence", "LT_Alt1"], "log": "|j|\u203dbmence\n|j|\u203dLT_Alt1\n|t:|1716522872\n|gametype|singles\n|player|p1|bmence|266|2224\n|player|p2|LT_Alt1|2|2261\n|teamsize|p1|6\n|teamsize|p2|6\n|gen|9\n|tier|[Gen 9] Random Battle\n|rated|\n|rule|Species Clause: Limit one of each Pok\u00e9mon\n|rule|HP Percentage Mod: HP is shown in percentages\n|rule|Sleep Clause Mod: Limit one foe put to sleep\n|rule|Illusion Level Mod: Illusion disguises the Pok\u00e9mon's true level\n|\n|t:|1716522872\n|start\n|switch|p1a: Skarmory|Skarmory, L80, F|235/235\n|switch|p2a: Chansey|Chansey, L85, F|564/564\n|turn|1\n|j| Na ka pa\n|\n|t:|1716522912\n|move|p1a: Skarmory|Stealth Rock|p2a: Chansey\n|-sidestart|p2: LT_Alt1|move: Stealth Rock\n|move|p2a: Chansey|Stealth Rock|p1a: Skarmory\n|-sidestart|p1: bmence|move: Stealth Rock\n|\n|upkeep\n|turn|2\n|\n|t:|1716522919\n|switch|p2a: Skarmory|Skarmory, L80, F|235/235\n|-damage|p2a: Skarmory|206/235|[from] Stealth Rock\n|move|p1a: Skarmory|Body Press|p2a: Skarmory\n|-damage|p2a: Skarmory|157/235\n|\n|-heal|p2a: Skarmory|171/235|[from] item: Leftovers\n|upkeep\n|turn|3\n|\n|t:|1716522928\n|switch|p1a: Cyclizar|Cyclizar, L83, F|252/252\n|move|p2a: Skarmory|Spikes|p1a: Cyclizar\n|-sidestart|p1: bmence|Spikes\n|\n|-heal|p2a: Skarmory|185/235|[from] item: Leftovers\n|upkeep\n|turn|4\n|\n|t:|1716522932\n|move|p1a: Cyclizar|Rapid Spin|p2a: Skarmory\n|-resisted|p2a: Skarmory\n|-damage|p2a: Skarmory|164/235\n|-boost|p1a: Cyclizar|spe|1\n|-sideend|p1: bmence|Spikes|[from] move: Rapid Spin|[of] p1a: Cyclizar\n|-sideend|p1: bmence|Stealth Rock|[from] move: Rapid Spin|[of] p1a: Cyclizar\n|move|p2a: Skarmory|Brave Bird|p1a: Cyclizar\n|-damage|p1a: Cyclizar|120/252\n|-damage|p2a: Skarmory|120/235|[from] Recoil\n|\n|-heal|p2a: Skarmory|134/235|[from] item: Leftovers\n|upkeep\n|turn|5\n|\n|t:|1716522938\n|switch|p1a: Moltres|Moltres, L81|278/278\n|move|p2a: Skarmory|Body Press|p1a: Moltres\n|-resisted|p1a: Moltres\n|-damage|p1a: Moltres|243/278\n|\n|-heal|p2a: Skarmory|148/235|[from] item: Leftovers\n|upkeep\n|turn|6\n|\n|t:|1716522949\n|switch|p2a: Sandaconda|Sandaconda, L84, F|258/258\n|-damage|p2a: Sandaconda|242/258|[from] Stealth Rock\n|move|p1a: Moltres|U-turn|p2a: Sandaconda\n|-damage|p2a: Sandaconda|203/258\n|\n|t:|1716522963\n|switch|p1a: Mismagius|Mismagius, L86, F|243/243|[from] U-turn\n|\n|-heal|p2a: Sandaconda|219/258|[from] item: Leftovers\n|upkeep\n|turn|7\n|\n|t:|1716522969\n|switch|p2a: Chansey|Chansey, L85, F|564/564\n|-damage|p2a: Chansey|494/564|[from] Stealth Rock\n|move|p1a: Mismagius|Substitute|p1a: Mismagius\n|-start|p1a: Mismagius|Substitute\n|-damage|p1a: Mismagius|183/243\n|\n|-heal|p1a: Mismagius|198/243|[from] item: Leftovers\n|upkeep\n|turn|8\n|\n|t:|1716522992\n|switch|p2a: Mienshao|Mienshao, L83, F|244/244\n|-damage|p2a: Mienshao|229/244|[from] Stealth Rock\n|move|p1a: Mismagius|Nasty Plot|p1a: Mismagius\n|-boost|p1a: Mismagius|spa|2\n|\n|-heal|p1a: Mismagius|213/243|[from] item: Leftovers\n|upkeep\n|turn|9\n|\n|t:|1716522998\n|move|p1a: Mismagius|Shadow Ball|p2a: Mienshao\n|-damage|p2a: Mienshao|63/244\n|move|p2a: Mienshao|Knock Off|p1a: Mismagius\n|-supereffective|p1a: Mismagius\n|-end|p1a: Mismagius|Substitute\n|\n|-heal|p1a: Mismagius|228/243|[from] item: Leftovers\n|upkeep\n|turn|10\n|\n|t:|1716523010\n|switch|p2a: Skarmory|Skarmory, L80, F|148/235\n|-damage|p2a: Skarmory|119/235|[from] Stealth Rock\n|move|p1a: Mismagius|Shadow Ball|p2a: Skarmory\n|-damage|p2a: Skarmory|0 fnt\n|faint|p2a: Skarmory\n|\n|-heal|p1a: Mismagius|243/243|[from] item: Leftovers\n|upkeep\n|\n|t:|1716523014\n|switch|p2a: Medicham|Medicham, L86, M|243/243\n|-damage|p2a: Medicham|228/243|[from] Stealth Rock\n|turn|11\n|l| Na ka pa\n|\n|t:|1716523078\n|move|p1a: Mismagius|Shadow Ball|p2a: Medicham\n|-supereffective|p2a: Medicham\n|-damage|p2a: Medicham|0 fnt\n|faint|p2a: Medicham\n|\n|upkeep\n|\n|t:|1716523083\n|switch|p2a: Mienshao|Mienshao, L83, F|144/244\n|-damage|p2a: Mienshao|129/244|[from] Stealth Rock\n|turn|12\n|\n|t:|1716523088\n|-terastallize|p2a: Mienshao|Dark\n|move|p1a: Mismagius|Substitute|p1a: Mismagius\n|-start|p1a: Mismagius|Substitute\n|-damage|p1a: Mismagius|183/243\n|move|p2a: Mienshao|Knock Off|p1a: Mismagius\n|-supereffective|p1a: Mismagius\n|-end|p1a: Mismagius|Substitute\n|\n|-heal|p1a: Mismagius|198/243|[from] item: Leftovers\n|upkeep\n|turn|13\n|\n|t:|1716523093\n|-terastallize|p1a: Mismagius|Fighting\n|move|p1a: Mismagius|Tera Blast|p2a: Mienshao|[anim] Tera Blast Fighting\n|-supereffective|p2a: Mienshao\n|-damage|p2a: Mienshao|0 fnt\n|faint|p2a: Mienshao\n|\n|-heal|p1a: Mismagius|213/243|[from] item: Leftovers\n|upkeep\n|\n|t:|1716523096\n|switch|p2a: Chansey|Chansey, L85, F|494/564\n|-damage|p2a: Chansey|424/564|[from] Stealth Rock\n|turn|14\n|inactive|Battle timer is ON: inactive players will automatically lose when time's up. (requested by LT_Alt1)\n|\n|t:|1716523162\n|switch|p1a: Skarmory|Skarmory, L80, F|235/235\n|move|p2a: Chansey|Seismic Toss|p1a: Skarmory\n|-damage|p1a: Skarmory|150/235\n|-damage|p2a: Chansey|330/564|[from] item: Rocky Helmet|[of] p1a: Skarmory\n|\n|upkeep\n|turn|15\n|\n|t:|1716523172\n|switch|p2a: Sandaconda|Sandaconda, L84, F|219/258\n|-damage|p2a: Sandaconda|203/258|[from] Stealth Rock\n|move|p1a: Skarmory|Body Press|p2a: Sandaconda\n|-damage|p2a: Sandaconda|151/258\n|\n|-heal|p2a: Sandaconda|167/258|[from] item: Leftovers\n|upkeep\n|turn|16\n|\n|t:|1716523185\n|move|p2a: Sandaconda|Glare|p1a: Skarmory\n|-status|p1a: Skarmory|par\n|move|p1a: Skarmory|Brave Bird|p2a: Sandaconda\n|-damage|p2a: Sandaconda|92/258\n|-damage|p1a: Skarmory|125/235 par|[from] Recoil\n|\n|-heal|p2a: Sandaconda|108/258|[from] item: Leftovers\n|upkeep\n|turn|17\n|\n|t:|1716523191\n|switch|p1a: Moltres|Moltres, L81|243/278\n|move|p2a: Sandaconda|Glare|p1a: Moltres\n|-status|p1a: Moltres|par\n|\n|-heal|p2a: Sandaconda|124/258|[from] item: Leftovers\n|upkeep\n|turn|18\n|\n|t:|1716523199\n|move|p2a: Sandaconda|Stone Edge|p1a: Moltres\n|-supereffective|p1a: Moltres\n|-damage|p1a: Moltres|0 fnt\n|faint|p1a: Moltres\n|\n|-heal|p2a: Sandaconda|140/258|[from] item: Leftovers\n|upkeep\n|j| thrawnyboi\n|inactive|bmence has 120 seconds left.\n|\n|t:|1716523230\n|switch|p1a: Cyclizar|Cyclizar, L83, F|204/252\n|turn|19\n|\n|t:|1716523235\n|switch|p2a: Chansey|Chansey, L85, F|330/564\n|-damage|p2a: Chansey|260/564|[from] Stealth Rock\n|move|p1a: Cyclizar|Draco Meteor|p2a: Chansey\n|-crit|p2a: Chansey\n|-damage|p2a: Chansey|146/564\n|-unboost|p1a: Cyclizar|spa|2\n|\n|upkeep\n|turn|20\n|\n|t:|1716523240\n|move|p1a: Cyclizar|Knock Off|p2a: Chansey\n|-damage|p2a: Chansey|0 fnt\n|-enditem|p2a: Chansey|Eviolite|[from] move: Knock Off|[of] p1a: Cyclizar\n|faint|p2a: Chansey\n|\n|upkeep\n|\n|t:|1716523245\n|switch|p2a: Arceus|Arceus-Dark, L71|288/288\n|-damage|p2a: Arceus|252/288|[from] Stealth Rock\n|turn|21\n|\n|t:|1716523249\n|move|p1a: Cyclizar|Shed Tail|p1a: Cyclizar\n|-start|p1a: Cyclizar|Substitute|[from] move: Shed Tail\n|-damage|p1a: Cyclizar|78/252\n|\n|t:|1716523252\n|switch|p1a: Mismagius|Mismagius, L86, F, tera:Fighting|213/243|[from] Shed Tail\n|move|p2a: Arceus|Calm Mind|p2a: Arceus\n|-boost|p2a: Arceus|spa|1\n|-boost|p2a: Arceus|spd|1\n|\n|-heal|p1a: Mismagius|228/243|[from] item: Leftovers\n|upkeep\n|turn|22\n|\n|t:|1716523257\n|move|p1a: Mismagius|Nasty Plot|p1a: Mismagius\n|-boost|p1a: Mismagius|spa|2\n|move|p2a: Arceus|Sludge Bomb|p1a: Mismagius\n|-end|p1a: Mismagius|Substitute\n|\n|-heal|p1a: Mismagius|243/243|[from] item: Leftovers\n|upkeep\n|turn|23\n|\n|t:|1716523260\n|move|p1a: Mismagius|Tera Blast|p2a: Arceus|[anim] Tera Blast Fighting\n|-supereffective|p2a: Arceus\n|-damage|p2a: Arceus|0 fnt\n|faint|p2a: Arceus\n|\n|upkeep\n|-message|LT_Alt1 forfeited.\n|\n|win|bmence\n|raw|bmence's rating: 2224 &rarr; <strong>2246</strong><br />(+22 for winning)\n|raw|LT_Alt1's rating: 2261 &rarr; <strong>2239</strong><br />(-22 for losing)\n|l|\u203dLT_Alt1\n|player|p2|\n|l| thrawnyboi\n", "inputlog": ">version 7158ead19aeac8750849df2840eabb6dbec77df6\n>start {\"formatid\":\"gen9randombattle\",\"seed\":[62715,40908,58689,27663],\"rated\":\"Rated battle\"}\n>player p1 {\"name\":\"bmence\",\"avatar\":\"266\",\"rating\":2224,\"seed\":[62339,34089,8398,62340]}\n>player p2 {\"name\":\"LT_Alt1\",\"avatar\":\"2\",\"rating\":2261,\"seed\":[25541,56963,59764,24106]}\n>p1 move stealthrock\n>p2 move stealthrock\n>p1 move bodypress\n>p2 switch 2\n>p1 switch 5\n>p2 move spikes\n>p1 move rapidspin\n>p2 move bravebird\n>p1 switch 6\n>p2 move bodypress\n>p1 move uturn\n>p2 switch 6\n>p1 switch 3\n>p1 move substitute\n>p2 switch 2\n>p1 move nastyplot\n>p2 switch 3\n>p1 move shadowball\n>p2 move knockoff\n>p1 move shadowball\n>p2 switch 6\n>p2 switch 5\n>p1 move shadowball\n>p2 move closecombat\n>p2 switch 6\n>p1 move substitute\n>p2 move knockoff terastallize\n>p1 move terablast terastallize\n>p2 move knockoff\n>p2 switch 3\n>p1 switch 5\n>p2 move seismictoss\n>p1 move bodypress\n>p2 switch 2\n>p1 move bravebird\n>p2 move glare\n>p1 switch 3\n>p2 move glare\n>p1 move uturn\n>p2 move stoneedge\n>p1 switch 6\n>p1 move dracometeor\n>p2 switch 2\n>p1 move knockoff\n>p2 move softboiled\n>p2 switch 4\n>p1 move shedtail\n>p2 move calmmind\n>p1 switch 5\n>p1 move nastyplot\n>p2 move sludgebomb\n>p1 move terablast\n>p2 move sludgebomb\n>forcelose p2", "uploadtime": 1716523281, "views": 210, "formatid": "gen9randombattle", "rating": 2239, "private": 0, "password": null}