{"id": "gen9randombattle-2260364970", "format": "[Gen 9] Random Battle", "players": ["nachz", "NegraSuciaPetera"], "log": "|j|\u2606nachz\n|j|\u203dNegraSuciaPetera\n|t:|1733844369\n|gametype|singles\n|player|p1|nachz|102|1046\n|player|p2|NegraSuciaPetera|266|1000\n|teamsize|p1|6\n|teamsize|p2|6\n|gen|9\n|tier|[Gen 9] Random Battle\n|rated|\n|rule|Species Clause: Limit one of each Pok\u00e9mon\n|rule|HP Percentage Mod: HP is shown in percentages\n|rule|Sleep Clause Mod: Limit one foe put to sleep\n|rule|Illusion Level Mod: Illusion disguises the Pok\u00e9mon's true level\n|\n|t:|1733844369\n|start\n|switch|p1a: Regirock|Regirock, L83|268/268\n|switch|p2a: Toedscruel|Toedscruel, L87, F|281/281\n|turn|1\n|\n|t:|1733844378\n|move|p2a: Toedscruel|Knock Off|p1a: Regirock\n|-damage|p1a: Regirock|240/268\n|-enditem|p1a: Regirock|Leftovers|[from] move: Knock Off|[of] p2a: Toedscruel\n|move|p1a: Regirock|Thunder Wave|p2a: Toedscruel\n|-immune|p2a: Toedscruel\n|\n|upkeep\n|turn|2\n|inactive|Battle timer is ON: inactive players will automatically lose when time's up. (requested by NegraSuciaPetera)\n|\n|t:|1733844406\n|switch|p1a: Scream Tail|Scream Tail, L84|330/330\n|move|p2a: Toedscruel|Earth Power|p1a: Scream Tail\n|-damage|p1a: Scream Tail|252/330\n|-unboost|p1a: Scream Tail|spd|1\n|\n|-heal|p1a: Scream Tail|272/330|[from] item: Leftovers\n|upkeep\n|turn|3\n|\n|t:|1733844413\n|move|p1a: Scream Tail|Dazzling Gleam|p2a: Toedscruel\n|-damage|p2a: Toedscruel|251/281\n|move|p2a: Toedscruel|Knock Off|p1a: Scream Tail\n|-damage|p1a: Scream Tail|222/330\n|-enditem|p1a: Scream Tail|Leftovers|[from] move: Knock Off|[of] p2a: Toedscruel\n|\n|upkeep\n|turn|4\n|\n|t:|1733844421\n|move|p1a: Scream Tail|Wish|p1a: Scream Tail\n|move|p2a: Toedscruel|Giga Drain|p1a: Scream Tail\n|-damage|p1a: Scream Tail|128/330\n|-heal|p2a: Toedscruel|281/281|[from] drain|[of] p1a: Scream Tail\n|\n|upkeep\n|turn|5\n|\n|t:|1733844433\n|-end|p1a: Scream Tail|Protosynthesis|[silent]\n|switch|p1a: Hoopa|Hoopa, L85|275/275\n|move|p2a: Toedscruel|Rapid Spin|p1a: Hoopa\n|-immune|p1a: Hoopa\n|\n|upkeep\n|turn|6\n|\n|t:|1733844438\n|move|p1a: Hoopa|Trick|p2a: Toedscruel\n|-activate|p1a: Hoopa|move: Trick|[of] p2a: Toedscruel\n|-item|p2a: Toedscruel|Choice Scarf|[from] move: Trick\n|-item|p1a: Hoopa|Assault Vest|[from] move: Trick\n|move|p2a: Toedscruel|Knock Off|p1a: Hoopa\n|-supereffective|p1a: Hoopa\n|-damage|p1a: Hoopa|0 fnt\n|-enditem|p1a: Hoopa|Assault Vest|[from] move: Knock Off|[of] p2a: Toedscruel\n|faint|p1a: Hoopa\n|\n|upkeep\n|\n|t:|1733844449\n|switch|p1a: Regirock|Regirock, L83|240/268\n|turn|7\n|\n|t:|1733844460\n|move|p2a: Toedscruel|Knock Off|p1a: Regirock\n|-damage|p1a: Regirock|218/268\n|move|p1a: Regirock|Iron Defense|p1a: Regirock\n|-boost|p1a: Regirock|def|2\n|\n|upkeep\n|turn|8\n|\n|t:|1733844475\n|switch|p2a: Kyogre|Kyogre, L71|259/259\n|-weather|RainDance|[from] ability: Drizzle|[of] p2a: Kyogre\n|move|p1a: Regirock|Iron Defense|p1a: Regirock\n|-boost|p1a: Regirock|def|2\n|\n|-weather|RainDance|[upkeep]\n|upkeep\n|turn|9\n|\n|t:|1733844483\n|move|p2a: Kyogre|Origin Pulse|p1a: Regirock\n|-supereffective|p1a: Regirock\n|-crit|p1a: Regirock\n|-damage|p1a: Regirock|0 fnt\n|faint|p1a: Regirock\n|\n|-weather|RainDance|[upkeep]\n|upkeep\n|\n|t:|1733844487\n|switch|p1a: Miraidon|Miraidon, L65|238/238\n|-fieldstart|move: Electric Terrain|[from] ability: Hadron Engine|[of] p1a: Miraidon\n|turn|10\n|\n|t:|1733844495\n|switch|p2a: Toedscruel|Toedscruel, L87, F|281/281\n|move|p1a: Miraidon|Substitute|p1a: Miraidon\n|-start|p1a: Miraidon|Substitute\n|-damage|p1a: Miraidon|179/238\n|\n|-weather|RainDance|[upkeep]\n|-heal|p1a: Miraidon|193/238|[from] item: Leftovers\n|upkeep\n|turn|11\n|\n|t:|1733844503\n|move|p2a: Toedscruel|Earth Power|p1a: Miraidon\n|-supereffective|p1a: Miraidon\n|-end|p1a: Miraidon|Substitute\n|move|p1a: Miraidon|Calm Mind|p1a: Miraidon\n|-boost|p1a: Miraidon|spa|1\n|-boost|p1a: Miraidon|spd|1\n|\n|-weather|RainDance|[upkeep]\n|-heal|p1a: Miraidon|207/238|[from] item: Leftovers\n|upkeep\n|turn|12\n|\n|t:|1733844507\n|move|p2a: Toedscruel|Earth Power|p1a: Miraidon\n|-supereffective|p1a: Miraidon\n|-damage|p1a: Miraidon|91/238\n|move|p1a: Miraidon|Draco Meteor|p2a: Toedscruel\n|-damage|p2a: Toedscruel|122/281\n|-unboost|p1a: Miraidon|spa|2\n|\n|-weather|none\n|-heal|p1a: Miraidon|105/238|[from] item: Leftovers\n|upkeep\n|turn|13\n|\n|t:|1733844514\n|move|p2a: Toedscruel|Earth Power|p1a: Miraidon\n|-supereffective|p1a: Miraidon\n|-damage|p1a: Miraidon|0 fnt\n|faint|p1a: Miraidon\n|\n|upkeep\n|\n|t:|1733844520\n|switch|p1a: Floatzel|Floatzel, L85, F|283/283\n|turn|14\n|\n|t:|1733844527\n|move|p2a: Toedscruel|Earth Power|p1a: Floatzel\n|-damage|p1a: Floatzel|156/283\n|move|p1a: Floatzel|Ice Spinner|p2a: Toedscruel\n|-supereffective|p2a: Toedscruel\n|-damage|p2a: Toedscruel|0 fnt\n|-fieldend|move: Electric Terrain\n|faint|p2a: Toedscruel\n|\n|upkeep\n|\n|t:|1733844541\n|switch|p2a: Girafarig|Girafarig, L89, F|269/269\n|turn|15\n|\n|t:|1733844551\n|move|p1a: Floatzel|Ice Spinner|p2a: Girafarig\n|-damage|p2a: Girafarig|199/269\n|move|p2a: Girafarig|Psychic|p1a: Floatzel\n|-damage|p1a: Floatzel|11/283\n|\n|upkeep\n|turn|16\n|c|\u2606nachz|gran nick, no me habia dado cuenta jaja\n|\n|t:|1733844564\n|move|p1a: Floatzel|Ice Spinner|p2a: Girafarig\n|-damage|p2a: Girafarig|120/269\n|move|p2a: Girafarig|Psychic|p1a: Floatzel\n|-damage|p1a: Floatzel|0 fnt\n|faint|p1a: Floatzel\n|\n|upkeep\n|\n|t:|1733844571\n|switch|p1a: Pachirisu|Pachirisu, L96, F|271/271\n|turn|17\n|\n|t:|1733844596\n|move|p1a: Pachirisu|Thunderbolt|p2a: Girafarig\n|-damage|p2a: Girafarig|59/269\n|move|p2a: Girafarig|Psychic|p1a: Pachirisu\n|-damage|p1a: Pachirisu|214/271\n|\n|upkeep\n|turn|18\n|\n|t:|1733844611\n|switch|p2a: Great Tusk|Great Tusk, L77|304/304\n|move|p1a: Pachirisu|U-turn|p2a: Great Tusk\n|-resisted|p2a: Great Tusk\n|-damage|p2a: Great Tusk|288/304\n|\n|t:|1733844616\n|switch|p1a: Scream Tail|Scream Tail, L84|128/330|[from] U-turn\n|\n|-heal|p2a: Great Tusk|304/304|[from] item: Leftovers\n|upkeep\n|turn|19\n|\n|t:|1733844630\n|-end|p2a: Great Tusk|Protosynthesis|[silent]\n|switch|p2a: Girafarig|Girafarig, L89, F|59/269\n|move|p1a: Scream Tail|Dazzling Gleam|p2a: Girafarig\n|-damage|p2a: Girafarig|10/269\n|\n|upkeep\n|turn|20\n|j| PutaDeCabaret\n|c| PutaDeCabaret|No pod\u00eda\n|c| PutaDeCabaret|No responder\n|inactive|NegraSuciaPetera has 120 seconds left.\n|c|\u2606nachz|jajaja\n|c| PutaDeCabaret|Jajajajajajajaja\n|c| PutaDeCabaret|Con negra sucia petera estoy banneado por unos d\u00edas\n|c|~|/log PutaDeCabaret was locked from talking by Artemis. (\u2606PutaDeCabaret: Con negra sucia pe  estoy banneado por unos d\u00edas)\n|c|~|/raw <small>This action was done automatically. Want to learn more about the AI? <a href=\"https://www.smogon.com/forums/threads/3570628/#post-9056769\">Visit the information thread</a>.</small>\n|inactive|NegraSuciaPetera has 90 seconds left.\n|\n|t:|1733844691\n|move|p1a: Scream Tail|Wish|p1a: Scream Tail\n|move|p2a: Girafarig|Psychic|p1a: Scream Tail\n|-resisted|p1a: Scream Tail\n|-damage|p1a: Scream Tail|86/330\n|\n|upkeep\n|turn|21\n|c|\u2606nachz|con esos nombre te banean por ia\n|c|\u2606nachz|tremendo\n|\n|t:|1733844703\n|move|p1a: Scream Tail|Protect|p1a: Scream Tail\n|-singleturn|p1a: Scream Tail|Protect\n|move|p2a: Girafarig|Psychic|p1a: Scream Tail\n|-activate|p1a: Scream Tail|move: Protect\n|\n|-heal|p1a: Scream Tail|251/330|[from] move: Wish|[wisher] Scream Tail\n|upkeep\n|turn|22\n|c|\u2606nachz|se ponen la gorra mal\n|\n|t:|1733844713\n|move|p1a: Scream Tail|Dazzling Gleam|p2a: Girafarig\n|-damage|p2a: Girafarig|0 fnt\n|faint|p2a: Girafarig\n|\n|upkeep\n|c|\u2606nachz|gg igual jaja\n|\n|t:|1733844728\n|switch|p2a: Raikou|Raikou, L81|278/278\n|-ability|p2a: Raikou|Pressure\n|turn|23\n|\n|t:|1733844735\n|move|p1a: Scream Tail|Dazzling Gleam|p2a: Raikou\n|-damage|p2a: Raikou|218/278\n|move|p2a: Raikou|Shadow Ball|p1a: Scream Tail\n|-supereffective|p1a: Scream Tail\n|-damage|p1a: Scream Tail|111/330\n|\n|upkeep\n|turn|24\n|\n|t:|1733844742\n|-end|p1a: Scream Tail|Protosynthesis|[silent]\n|switch|p1a: Pachirisu|Pachirisu, L96, F|214/271\n|move|p2a: Raikou|Shadow Ball|p1a: Pachirisu\n|-damage|p1a: Pachirisu|161/271\n|\n|upkeep\n|turn|25\n|\n|t:|1733844748\n|move|p1a: Pachirisu|Super Fang|p2a: Raikou\n|-damage|p2a: Raikou|109/278\n|move|p2a: Raikou|Shadow Ball|p1a: Pachirisu\n|-damage|p1a: Pachirisu|107/271\n|\n|upkeep\n|turn|26\n|\n|t:|1733844751\n|move|p1a: Pachirisu|Thunderbolt|p2a: Raikou\n|-resisted|p2a: Raikou\n|-damage|p2a: Raikou|74/278\n|move|p2a: Raikou|Shadow Ball|p1a: Pachirisu\n|-damage|p1a: Pachirisu|55/271\n|\n|upkeep\n|turn|27\n|\n|t:|1733844754\n|move|p1a: Pachirisu|U-turn|p2a: Raikou\n|-damage|p2a: Raikou|33/278\n|\n|t:|1733844756\n|switch|p1a: Scream Tail|Scream Tail, L84|111/330|[from] U-turn\n|move|p2a: Raikou|Shadow Ball|p1a: Scream Tail\n|-supereffective|p1a: Scream Tail\n|-damage|p1a: Scream Tail|0 fnt\n|faint|p1a: Scream Tail\n|-end|p1a: Scream Tail|Protosynthesis|[silent]\n|\n|upkeep\n|\n|t:|1733844762\n|switch|p1a: Pachirisu|Pachirisu, L96, F|55/271\n|turn|28\n|\n|t:|1733844778\n|move|p1a: Pachirisu|U-turn|p2a: Raikou\n|-damage|p2a: Raikou|0 fnt\n|faint|p2a: Raikou\n|\n|upkeep\n|\n|t:|1733844787\n|switch|p2a: Great Tusk|Great Tusk, L77|304/304\n|turn|29\n|inactive|NegraSuciaPetera has 120 seconds left.\n|\n|t:|1733844834\n|move|p1a: Pachirisu|Super Fang|p2a: Great Tusk\n|-damage|p2a: Great Tusk|152/304\n|move|p2a: Great Tusk|Headlong Rush|p1a: Pachirisu\n|-supereffective|p1a: Pachirisu\n|-crit|p1a: Pachirisu\n|-damage|p1a: Pachirisu|0 fnt\n|-unboost|p2a: Great Tusk|def|1\n|-unboost|p2a: Great Tusk|spd|1\n|faint|p1a: Pachirisu\n|\n|win|NegraSuciaPetera\n", "inputlog": ">version bfd83cad13791eb5a5a409923076391caf6fb4d4\n>start {\"formatid\":\"gen9randombattle\",\"seed\":[25622,2966,58161,21680],\"rated\":\"Rated battle\"}\n>player p1 {\"name\":\"nachz\",\"avatar\":\"102\",\"rating\":1046,\"seed\":[17183,56738,29702,39380]}\n>player p2 {\"name\":\"NegraSuciaPetera\",\"avatar\":\"266\",\"rating\":1000,\"seed\":[36895,10605,34463,725]}\n>p1 move thunderwave\n>p2 move knockoff\n>p1 switch 5\n>p2 move earthpower\n>p1 move dazzlinggleam\n>p2 move knockoff\n>p1 move wish\n>p2 move gigadrain\n>p1 switch 2\n>p2 move rapidspin\n>p1 move trick\n>p2 move knockoff\n>p1 switch 5\n>p1 move irondefense\n>p2 move knockoff\n>p1 move irondefense\n>p2 switch 3\n>p1 move thunderwave\n>p2 move originpulse\n>p1 switch 4\n>p1 move substitute\n>p2 switch 3\n>p1 move calmmind\n>p2 move earthpower\n>p1 move dracometeor\n>p2 move earthpower\n>p1 move dracometeor\n>p2 move earthpower\n>p1 switch 6\n>p1 move icespinner\n>p2 move earthpower\n>p2 switch 5\n>p1 move icespinner\n>p2 move psychic\n>chat \u2606nachz|gran nick, no me habia dado cuenta jaja\n>p1 move icespinner\n>p2 move psychic\n>p1 switch 3\n>p1 move thunderbolt\n>p2 move psychic\n>p1 move uturn\n>p2 switch 4\n>p1 switch 2\n>p1 move dazzlinggleam\n>p2 switch 4\n>chat  PutaDeCabaret|No pod\u00eda\n>chat  PutaDeCabaret|No responder\n>chat \u2606nachz|jajaja\n>chat  PutaDeCabaret|Jajajajajajajaja\n>chat  PutaDeCabaret|Con negra sucia petera estoy banneado por unos d\u00edas\n>p1 move wish\n>p2 move psychic\n>chat \u2606nachz|con esos nombre te banean por ia\n>chat \u2606nachz|tremendo\n>p1 move protect\n>p2 move psychic\n>chat \u2606nachz|se ponen la gorra mal\n>p1 move dazzlinggleam\n>p2 move psychic\n>chat \u2606nachz|gg igual jaja\n>p2 switch 6\n>p1 move dazzlinggleam\n>p2 move shadowball\n>p1 switch 2\n>p2 move shadowball\n>p1 move superfang\n>p2 move shadowball\n>p1 move thunderbolt\n>p2 move shadowball\n>p1 move uturn\n>p2 move shadowball\n>p1 switch 2\n>p1 switch 2\n>p1 move uturn\n>p2 move shadowball\n>p2 switch 4\n>p1 move superfang\n>p2 move headlongrush", "uploadtime": 1733844675, "views": 3, "formatid": "gen9randombattle", "rating": null, "private": 0, "password": null}