{"id": "gen9randombattle-2128359127", "format": "[Gen 9] Random Battle", "players": ["leminator13", "not haruno"], "log": "|j|\u2606leminator13\n|j|\u2606not haruno\n|t:|1716402269\n|gametype|singles\n|player|p1|leminator13|169|2221\n|player|p2|not haruno|#notharuno|2245\n|teamsize|p1|6\n|teamsize|p2|6\n|gen|9\n|tier|[Gen 9] Random Battle\n|rated|\n|rule|Species Clause: Limit one of each Pok\u00e9mon\n|rule|HP Percentage Mod: HP is shown in percentages\n|rule|Sleep Clause Mod: Limit one foe put to sleep\n|rule|Illusion Level Mod: Illusion disguises the Pok\u00e9mon's true level\n|\n|t:|1716402269\n|start\n|switch|p1a: Medicham|Medicham, L86, F|243/243\n|switch|p2a: Regigigas|Regigigas, L84|322/322\n|-start|p2a: Regigigas|ability: Slow Start\n|turn|1\n|inactive|Battle timer is ON: inactive players will automatically lose when time's up. (requested by leminator13)\n|j| Shaky3\n|\n|t:|1716402308\n|-end|p2a: Regigigas|Slow Start|[silent]\n|switch|p2a: Araquanid|Araquanid, L82, M|246/246\n|move|p1a: Medicham|Close Combat|p2a: Araquanid\n|-resisted|p2a: Araquanid\n|-damage|p2a: Araquanid|101/246\n|-unboost|p1a: Medicham|def|1\n|-unboost|p1a: Medicham|spd|1\n|\n|upkeep\n|turn|2\n|\n|t:|1716402314\n|switch|p2a: Eternatus|Eternatus, L69|308/308\n|-ability|p2a: Eternatus|Pressure\n|move|p1a: Medicham|Close Combat|p2a: Eternatus\n|-resisted|p2a: Eternatus\n|-crit|p2a: Eternatus\n|-damage|p2a: Eternatus|77/308\n|-unboost|p1a: Medicham|def|1\n|-unboost|p1a: Medicham|spd|1\n|\n|-heal|p2a: Eternatus|96/308|[from] item: Leftovers\n|upkeep\n|turn|3\n|\n|t:|1716402326\n|switch|p1a: Meloetta|Meloetta, L82|298/298\n|move|p2a: Eternatus|Recover|p2a: Eternatus\n|-heal|p2a: Eternatus|250/308\n|\n|-heal|p2a: Eternatus|269/308|[from] item: Leftovers\n|upkeep\n|turn|4\n|inactive|not haruno has 120 seconds left.\n|\n|t:|1716402358\n|switch|p2a: Regigigas|Regigigas, L84|322/322\n|-start|p2a: Regigigas|ability: Slow Start\n|move|p1a: Meloetta|Relic Song|p2a: Regigigas\n|-damage|p2a: Regigigas|209/322\n|-status|p2a: Regigigas|slp|[from] move: Relic Song\n|-formechange|p1a: Meloetta|Meloetta-Pirouette|[msg]\n|-damage|p1a: Meloetta|269/298|[from] item: Life Orb\n|\n|-heal|p2a: Regigigas|229/322 slp|[from] item: Leftovers\n|upkeep\n|turn|5\n|inactive|leminator13 has 120 seconds left.\n|\n|t:|1716402407\n|-end|p2a: Regigigas|Slow Start|[silent]\n|switch|p2a: Sylveon|Sylveon, L85, M|300/300\n|move|p1a: Meloetta|Close Combat|p2a: Sylveon\n|-resisted|p2a: Sylveon\n|-damage|p2a: Sylveon|187/300\n|-unboost|p1a: Meloetta|def|1\n|-unboost|p1a: Meloetta|spd|1\n|-damage|p1a: Meloetta|240/298|[from] item: Life Orb\n|\n|-heal|p2a: Sylveon|205/300|[from] item: Leftovers\n|upkeep\n|turn|6\n|inactive|not haruno has 120 seconds left.\n|\n|t:|1716402430\n|switch|p1a: Iron Moth|Iron Moth, L78|253/253\n|move|p2a: Sylveon|Hyper Voice|p1a: Iron Moth\n|-resisted|p1a: Iron Moth\n|-damage|p1a: Iron Moth|223/253\n|\n|-heal|p2a: Sylveon|223/300|[from] item: Leftovers\n|upkeep\n|turn|7\n|inactive|leminator13 has 90 seconds left.\n|\n|t:|1716402470\n|-end|p1a: Iron Moth|Quark Drive|[silent]\n|switch|p1a: Medicham|Medicham, L86, F|243/243\n|move|p2a: Sylveon|Protect||[still]\n|-fail|p2a: Sylveon\n|\n|-heal|p2a: Sylveon|241/300|[from] item: Leftovers\n|upkeep\n|turn|8\n|\n|t:|1716402475\n|move|p2a: Sylveon|Protect|p2a: Sylveon\n|-singleturn|p2a: Sylveon|Protect\n|move|p1a: Medicham|Zen Headbutt|p2a: Sylveon\n|-activate|p2a: Sylveon|move: Protect\n|\n|-heal|p2a: Sylveon|259/300|[from] item: Leftovers\n|upkeep\n|turn|9\n|l| Shaky3\n|\n|t:|1716402495\n|switch|p1a: Iron Moth|Iron Moth, L78|223/253\n|move|p2a: Sylveon|Hyper Voice|p1a: Iron Moth\n|-resisted|p1a: Iron Moth\n|-damage|p1a: Iron Moth|195/253\n|\n|-heal|p2a: Sylveon|277/300|[from] item: Leftovers\n|upkeep\n|turn|10\n|\n|t:|1716402500\n|move|p2a: Sylveon|Protect|p2a: Sylveon\n|-singleturn|p2a: Sylveon|Protect\n|move|p1a: Iron Moth|Toxic Spikes|p2a: Sylveon\n|-sidestart|p2: not haruno|move: Toxic Spikes\n|\n|-heal|p2a: Sylveon|295/300|[from] item: Leftovers\n|upkeep\n|turn|11\n|\n|t:|1716402506\n|switch|p2a: Coalossal|Coalossal, L89, F|341/341\n|move|p1a: Iron Moth|Sludge Wave|p2a: Coalossal\n|-resisted|p2a: Coalossal\n|-damage|p2a: Coalossal|288/341\n|-status|p2a: Coalossal|psn\n|\n|-damage|p2a: Coalossal|246/341 psn|[from] psn\n|upkeep\n|turn|12\n|inactive|leminator13 has 90 seconds left.\n|\n|t:|1716402521\n|-end|p1a: Iron Moth|Quark Drive|[silent]\n|switch|p1a: Poliwrath|Poliwrath, L88, F|302/302\n|move|p2a: Coalossal|Rapid Spin|p1a: Poliwrath\n|-damage|p1a: Poliwrath|272/302\n|-boost|p2a: Coalossal|spe|1\n|-sideend|p2: not haruno|Toxic Spikes|[from] move: Rapid Spin|[of] p2a: Coalossal\n|\n|-heal|p1a: Poliwrath|290/302|[from] item: Leftovers\n|-damage|p2a: Coalossal|204/341 psn|[from] psn\n|upkeep\n|turn|13\n|inactive|leminator13 has 90 seconds left.\n|inactive|not haruno has 120 seconds left.\n|\n|t:|1716402573\n|switch|p2a: Eternatus|Eternatus, L69|269/308\n|-ability|p2a: Eternatus|Pressure\n|move|p1a: Poliwrath|Liquidation|p2a: Eternatus\n|-resisted|p2a: Eternatus\n|-damage|p2a: Eternatus|215/308\n|\n|-heal|p2a: Eternatus|234/308|[from] item: Leftovers\n|-heal|p1a: Poliwrath|302/302|[from] item: Leftovers\n|upkeep\n|turn|14\n|\n|t:|1716402584\n|move|p2a: Eternatus|Sludge Bomb|p1a: Poliwrath\n|-damage|p1a: Poliwrath|221/302\n|move|p1a: Poliwrath|Knock Off|p2a: Eternatus\n|-damage|p2a: Eternatus|148/308\n|-enditem|p2a: Eternatus|Leftovers|[from] move: Knock Off|[of] p1a: Poliwrath\n|\n|-heal|p1a: Poliwrath|239/302|[from] item: Leftovers\n|upkeep\n|turn|15\n|inactive|not haruno has 90 seconds left.\n|\n|t:|1716402635\n|move|p2a: Eternatus|Sludge Bomb|p1a: Poliwrath\n|-damage|p1a: Poliwrath|149/302\n|-status|p1a: Poliwrath|psn\n|move|p1a: Poliwrath|Bulk Up|p1a: Poliwrath\n|-boost|p1a: Poliwrath|atk|1\n|-boost|p1a: Poliwrath|def|1\n|\n|-heal|p1a: Poliwrath|167/302 psn|[from] item: Leftovers\n|-damage|p1a: Poliwrath|130/302 psn|[from] psn\n|upkeep\n|turn|16\n|\n|t:|1716402640\n|move|p2a: Eternatus|Recover|p2a: Eternatus\n|-heal|p2a: Eternatus|302/308\n|move|p1a: Poliwrath|Drain Punch|p2a: Eternatus\n|-resisted|p2a: Eternatus\n|-damage|p2a: Eternatus|229/308\n|-heal|p1a: Poliwrath|167/302 psn|[from] drain|[of] p2a: Eternatus\n|\n|-heal|p1a: Poliwrath|185/302 psn|[from] item: Leftovers\n|-damage|p1a: Poliwrath|148/302 psn|[from] psn\n|upkeep\n|turn|17\n|\n|t:|1716402645\n|move|p2a: Eternatus|Sludge Bomb|p1a: Poliwrath\n|-damage|p1a: Poliwrath|66/302 psn\n|move|p1a: Poliwrath|Knock Off|p2a: Eternatus\n|-damage|p2a: Eternatus|150/308\n|\n|-heal|p1a: Poliwrath|84/302 psn|[from] item: Leftovers\n|-damage|p1a: Poliwrath|47/302 psn|[from] psn\n|upkeep\n|turn|18\n|\n|t:|1716402650\n|move|p2a: Eternatus|Recover|p2a: Eternatus\n|-heal|p2a: Eternatus|304/308\n|move|p1a: Poliwrath|Knock Off|p2a: Eternatus\n|-damage|p2a: Eternatus|225/308\n|\n|-heal|p1a: Poliwrath|65/302 psn|[from] item: Leftovers\n|-damage|p1a: Poliwrath|28/302 psn|[from] psn\n|upkeep\n|turn|19\n|\n|t:|1716402653\n|move|p2a: Eternatus|Sludge Bomb|p1a: Poliwrath\n|-damage|p1a: Poliwrath|0 fnt\n|faint|p1a: Poliwrath\n|\n|upkeep\n|\n|t:|1716402655\n|switch|p1a: Medicham|Medicham, L86, F|243/243\n|turn|20\n|\n|t:|1716402661\n|switch|p2a: Regigigas|Regigigas, L84|229/322 slp\n|-start|p2a: Regigigas|ability: Slow Start\n|move|p1a: Medicham|Zen Headbutt|p2a: Regigigas\n|-damage|p2a: Regigigas|66/322 slp\n|\n|-heal|p2a: Regigigas|86/322 slp|[from] item: Leftovers\n|upkeep\n|turn|21\n|\n|t:|1716402664\n|-end|p2a: Regigigas|Slow Start|[silent]\n|switch|p2a: Coalossal|Coalossal, L89, F|204/341 psn\n|move|p1a: Medicham|Zen Headbutt|p2a: Coalossal\n|-damage|p2a: Coalossal|57/341 psn\n|\n|-damage|p2a: Coalossal|15/341 psn|[from] psn\n|upkeep\n|turn|22\n|\n|t:|1716402671\n|move|p1a: Medicham|Zen Headbutt|p2a: Coalossal|[miss]\n|-miss|p1a: Medicham|p2a: Coalossal\n|move|p2a: Coalossal|Stone Edge|p1a: Medicham\n|-resisted|p1a: Medicham\n|-damage|p1a: Medicham|189/243\n|\n|-damage|p2a: Coalossal|0 fnt|[from] psn\n|faint|p2a: Coalossal\n|upkeep\n|\n|t:|1716402675\n|switch|p2a: Sylveon|Sylveon, L85, M|295/300\n|turn|23\n|\n|t:|1716402678\n|move|p1a: Medicham|Zen Headbutt|p2a: Sylveon\n|-damage|p2a: Sylveon|73/300\n|cant|p2a: Sylveon|flinch\n|\n|-heal|p2a: Sylveon|91/300|[from] item: Leftovers\n|upkeep\n|turn|24\n|\n|t:|1716402683\n|move|p1a: Medicham|Zen Headbutt|p2a: Sylveon\n|-damage|p2a: Sylveon|0 fnt\n|faint|p2a: Sylveon\n|\n|upkeep\n|\n|t:|1716402686\n|switch|p2a: Araquanid|Araquanid, L82, M|101/246\n|turn|25\n|\n|t:|1716402689\n|move|p1a: Medicham|Zen Headbutt|p2a: Araquanid\n|-damage|p2a: Araquanid|0 fnt\n|faint|p2a: Araquanid\n|\n|upkeep\n|\n|t:|1716402693\n|switch|p2a: Flapple|Flapple, L88, F|266/266\n|turn|26\n|\n|t:|1716402700\n|move|p1a: Medicham|Zen Headbutt|p2a: Flapple\n|-damage|p2a: Flapple|83/266\n|move|p2a: Flapple|Dragon Dance|p2a: Flapple\n|-boost|p2a: Flapple|atk|1\n|-boost|p2a: Flapple|spe|1\n|\n|upkeep\n|turn|27\n|\n|t:|1716402715\n|move|p2a: Flapple|Grav Apple|p1a: Medicham\n|-damage|p1a: Medicham|0 fnt\n|faint|p1a: Medicham\n|\n|upkeep\n|\n|t:|1716402718\n|switch|p1a: Hydrapple|Hydrapple, L83, F|312/312\n|turn|28\n|\n|t:|1716402726\n|-terastallize|p2a: Flapple|Dragon\n|move|p2a: Flapple|Outrage|p1a: Hydrapple\n|-supereffective|p1a: Hydrapple\n|-damage|p1a: Hydrapple|0 fnt\n|faint|p1a: Hydrapple\n|\n|upkeep\n|\n|t:|1716402729\n|switch|p1a: Inteleon|Inteleon, L81, F|246/246\n|turn|29\n|\n|t:|1716402732\n|move|p2a: Flapple|Outrage|p1a: Inteleon|[from]lockedmove\n|-damage|p1a: Inteleon|0 fnt\n|faint|p1a: Inteleon\n|\n|upkeep\n|\n|t:|1716402736\n|switch|p1a: Iron Moth|Iron Moth, L78|195/253\n|turn|30\n|\n|t:|1716402740\n|move|p2a: Flapple|Outrage|p1a: Iron Moth|[from]lockedmove\n|-damage|p1a: Iron Moth|0 fnt\n|faint|p1a: Iron Moth\n|-end|p1a: Iron Moth|Quark Drive|[silent]\n|-start|p2a: Flapple|confusion|[fatigue]\n|-enditem|p2a: Flapple|Lum Berry|[eat]\n|-end|p2a: Flapple|confusion\n|\n|upkeep\n|\n|t:|1716402741\n|switch|p1a: Meloetta|Meloetta, L82|240/298\n|turn|31\n|\n|t:|1716402745\n|move|p2a: Flapple|Outrage|p1a: Meloetta\n|-damage|p1a: Meloetta|0 fnt\n|faint|p1a: Meloetta\n|\n|win|not haruno\n|raw|leminator13's rating: 2221 &rarr; <strong>2202</strong><br />(-19 for losing)\n|raw|not haruno's rating: 2245 &rarr; <strong>2264</strong><br />(+19 for winning)\n", "inputlog": ">version 7158ead19aeac8750849df2840eabb6dbec77df6\n>start {\"formatid\":\"gen9randombattle\",\"seed\":[39197,36839,19266,48935],\"rated\":\"Rated battle\"}\n>player p1 {\"name\":\"leminator13\",\"avatar\":\"169\",\"rating\":2221,\"seed\":[25327,44440,53337,43698]}\n>player p2 {\"name\":\"not haruno\",\"avatar\":\"#notharuno\",\"rating\":2245,\"seed\":[20504,12700,29955,33682]}\n>p1 move closecombat\n>p2 switch 5\n>p1 move closecombat\n>p2 switch 4\n>p1 switch 3\n>p2 move recover\n>p1 move relicsong\n>p2 switch 5\n>p1 move closecombat\n>p2 switch 2\n>p1 switch 2\n>p2 move hypervoice\n>p1 switch 3\n>p2 move protect\n>p1 move zenheadbutt\n>p2 move protect\n>p1 switch 3\n>p2 move hypervoice\n>p1 move toxicspikes\n>p2 move protect\n>p1 move sludgewave\n>p2 switch 3\n>p1 switch 4\n>p2 move rapidspin\n>p1 move liquidation\n>p2 switch 5\n>p1 move knockoff\n>p2 move sludgebomb\n>p1 move bulkup\n>p2 move sludgebomb\n>p1 move drainpunch\n>p2 move recover\n>p1 move knockoff\n>p2 move sludgebomb\n>p1 move knockoff\n>p2 move recover\n>p1 move knockoff\n>p2 move sludgebomb\n>p1 switch 3\n>p1 move zenheadbutt\n>p2 switch 2\n>p1 move zenheadbutt\n>p2 switch 5\n>p1 move zenheadbutt\n>p2 move stoneedge\n>p2 switch 3\n>p1 move zenheadbutt\n>p2 move hypervoice\n>p1 move zenheadbutt\n>p2 move hypervoice\n>p2 switch 4\n>p1 move zenheadbutt\n>p2 move stickyweb\n>p2 switch 6\n>p1 move zenheadbutt\n>p2 move dragondance\n>p1 move zenheadbutt\n>p2 move gravapple\n>p1 switch 6\n>p1 move ficklebeam\n>p2 move outrage terastallize\n>p1 switch 5\n>p1 move icebeam\n>p2 move outrage\n>p1 switch 4\n>p1 move sludgewave\n>p2 move outrage\n>p1 switch 2\n>p1 move relicsong\n>p2 move outrage", "uploadtime": 1716402747, "views": 203, "formatid": "gen9randombattle", "rating": 2202, "private": 0, "password": null}