{"id": "gen9randombattle-2169948750", "format": "[Gen 9] Random Battle", "players": ["Qiuescent", "FaZe Alec Baldwin"], "log": "|j|\u203dQiuescent\n|j|\u203dFaZe Alec Baldwin\n|t:|1722316142\n|gametype|singles\n|player|p1|Qiuescent|2|2265\n|player|p2|FaZe Alec Baldwin|drayden|2202\n|teamsize|p1|6\n|teamsize|p2|6\n|gen|9\n|tier|[Gen 9] Random Battle\n|rated|\n|rule|Species Clause: Limit one of each Pok\u00e9mon\n|rule|HP Percentage Mod: HP is shown in percentages\n|rule|Sleep Clause Mod: Limit one foe put to sleep\n|rule|Illusion Level Mod: Illusion disguises the Pok\u00e9mon's true level\n|\n|t:|1722316142\n|start\n|switch|p1a: Slaking|Slaking, L84, M|389/389\n|switch|p2a: Salazzle|Salazzle, L82, F|246/246\n|turn|1\n|\n|t:|1722316154\n|switch|p1a: Staraptor|Staraptor, L79, M|263/263\n|move|p2a: Salazzle|Sludge Wave|p1a: Staraptor\n|-damage|p1a: Staraptor|103/263\n|\n|upkeep\n|turn|2\n|\n|t:|1722316168\n|move|p1a: Staraptor|Brave Bird|p2a: Salazzle\n|-damage|p2a: Salazzle|15/246\n|-damage|p1a: Staraptor|27/263|[from] Recoil\n|move|p2a: Salazzle|Sludge Wave|p1a: Staraptor\n|-damage|p1a: Staraptor|0 fnt\n|faint|p1a: Staraptor\n|\n|upkeep\n|\n|t:|1722316178\n|switch|p1a: Ribombee|Ribombee, L82, M|233/233\n|turn|3\n|\n|t:|1722316184\n|move|p1a: Ribombee|Moonblast|p2a: Salazzle\n|-resisted|p2a: Salazzle\n|-damage|p2a: Salazzle|0 fnt\n|faint|p2a: Salazzle\n|\n|upkeep\n|\n|t:|1722316193\n|switch|p2a: Lanturn|Lanturn, L89, M|367/367\n|turn|4\n|\n|t:|1722316198\n|move|p1a: Ribombee|Sticky Web|p2a: Lanturn\n|-sidestart|p2: FaZe Alec Baldwin|move: Sticky Web\n|move|p2a: Lanturn|Thunder Wave|p1a: Ribombee\n|-status|p1a: Ribombee|par\n|\n|upkeep\n|turn|5\n|\n|t:|1722316206\n|move|p2a: Lanturn|Scald|p1a: Ribombee\n|-damage|p1a: Ribombee|145/233 par\n|move|p1a: Ribombee|Moonblast|p2a: Lanturn\n|-damage|p2a: Lanturn|267/367\n|-unboost|p2a: Lanturn|spa|1\n|\n|-heal|p2a: Lanturn|289/367|[from] item: Leftovers\n|upkeep\n|turn|6\n|\n|t:|1722316211\n|move|p2a: Lanturn|Volt Switch|p1a: Ribombee\n|-damage|p1a: Ribombee|93/233 par\n|\n|t:|1722316213\n|switch|p2a: Tornadus|Tornadus-Therian, L79, M|254/254|[from] Volt Switch\n|cant|p1a: Ribombee|par\n|\n|upkeep\n|turn|7\n|\n|t:|1722316224\n|move|p2a: Tornadus|U-turn|p1a: Ribombee\n|-resisted|p1a: Ribombee\n|-damage|p1a: Ribombee|64/233 par\n|\n|t:|1722316226\n|switch|p2a: Lanturn|Lanturn, L89, M|289/367|[from] U-turn\n|-activate|p2a: Lanturn|move: Sticky Web\n|-unboost|p2a: Lanturn|spe|1\n|move|p1a: Ribombee|U-turn|p2a: Lanturn\n|-damage|p2a: Lanturn|226/367\n|\n|t:|1722316234\n|switch|p1a: Slaking|Slaking, L84, M|389/389|[from] U-turn\n|\n|-heal|p2a: Lanturn|248/367|[from] item: Leftovers\n|upkeep\n|turn|8\n|\n|t:|1722316246\n|switch|p2a: Dipplin|Dipplin, L88, M|284/284\n|-activate|p2a: Dipplin|move: Sticky Web\n|-unboost|p2a: Dipplin|spe|1\n|move|p1a: Slaking|Double-Edge|p2a: Dipplin\n|-damage|p2a: Dipplin|188/284\n|-damage|p1a: Slaking|357/389|[from] Recoil\n|\n|upkeep\n|turn|9\n|\n|t:|1722316253\n|switch|p1a: Ribombee|Ribombee, L82, M|64/233 par\n|move|p2a: Dipplin|Giga Drain|p1a: Ribombee\n|-resisted|p1a: Ribombee\n|-damage|p1a: Ribombee|16/233 par\n|-heal|p2a: Dipplin|212/284|[from] drain|[of] p1a: Ribombee\n|\n|upkeep\n|turn|10\n|\n|t:|1722316260\n|move|p2a: Dipplin|Sucker Punch|p1a: Ribombee\n|-resisted|p1a: Ribombee\n|-damage|p1a: Ribombee|0 fnt\n|faint|p1a: Ribombee\n|\n|upkeep\n|\n|t:|1722316264\n|switch|p1a: Lunala|Lunala, L70|308/308\n|turn|11\n|\n|t:|1722316275\n|switch|p2a: Lanturn|Lanturn, L89, M|248/367\n|-activate|p2a: Lanturn|move: Sticky Web\n|-unboost|p2a: Lanturn|spe|1\n|move|p1a: Lunala|Calm Mind|p1a: Lunala\n|-boost|p1a: Lunala|spa|1\n|-boost|p1a: Lunala|spd|1\n|\n|-heal|p2a: Lanturn|270/367|[from] item: Leftovers\n|upkeep\n|turn|12\n|\n|t:|1722316281\n|move|p1a: Lunala|Moongeist Beam|p2a: Lanturn\n|-damage|p2a: Lanturn|108/367\n|move|p2a: Lanturn|Thunder Wave|p1a: Lunala\n|-status|p1a: Lunala|par\n|\n|-heal|p2a: Lanturn|130/367|[from] item: Leftovers\n|upkeep\n|turn|13\n|\n|t:|1722316284\n|move|p2a: Lanturn|Volt Switch|p1a: Lunala\n|-damage|p1a: Lunala|283/308 par\n|\n|t:|1722316289\n|switch|p2a: Tornadus|Tornadus-Therian, L79, M|254/254|[from] Volt Switch\n|move|p1a: Lunala|Moongeist Beam|p2a: Tornadus\n|-damage|p2a: Tornadus|100/254\n|\n|-heal|p1a: Lunala|302/308 par|[from] item: Leftovers\n|upkeep\n|turn|14\n|\n|t:|1722316293\n|move|p2a: Tornadus|U-turn|p1a: Lunala\n|-damage|p1a: Lunala|244/308 par\n|\n|t:|1722316296\n|switch|p2a: Lanturn|Lanturn, L89, M|130/367|[from] U-turn\n|-activate|p2a: Lanturn|move: Sticky Web\n|-unboost|p2a: Lanturn|spe|1\n|cant|p1a: Lunala|par\n|\n|-heal|p2a: Lanturn|152/367|[from] item: Leftovers\n|-heal|p1a: Lunala|263/308 par|[from] item: Leftovers\n|upkeep\n|turn|15\n|\n|t:|1722316299\n|move|p2a: Lanturn|Scald|p1a: Lunala\n|-damage|p1a: Lunala|209/308 par\n|move|p1a: Lunala|Moongeist Beam|p2a: Lanturn\n|-damage|p2a: Lanturn|0 fnt\n|faint|p2a: Lanturn\n|\n|-heal|p1a: Lunala|228/308 par|[from] item: Leftovers\n|upkeep\n|\n|t:|1722316302\n|switch|p2a: Mabosstiff|Mabosstiff, L86, M|278/278\n|-activate|p2a: Mabosstiff|move: Sticky Web\n|-unboost|p2a: Mabosstiff|spe|1\n|turn|16\n|\n|t:|1722316306\n|move|p2a: Mabosstiff|Crunch|p1a: Lunala\n|-supereffective|p1a: Lunala\n|-damage|p1a: Lunala|0 fnt\n|faint|p1a: Lunala\n|\n|upkeep\n|\n|t:|1722316307\n|switch|p1a: Azumarill|Azumarill, L82, M|298/298\n|turn|17\n|\n|t:|1722316313\n|move|p2a: Mabosstiff|Crunch|p1a: Azumarill\n|-resisted|p1a: Azumarill\n|-damage|p1a: Azumarill|209/298\n|move|p1a: Azumarill|Belly Drum|p1a: Azumarill\n|-damage|p1a: Azumarill|60/298\n|-setboost|p1a: Azumarill|atk|6|[from] move: Belly Drum\n|-enditem|p1a: Azumarill|Sitrus Berry|[eat]\n|-heal|p1a: Azumarill|134/298|[from] item: Sitrus Berry\n|\n|upkeep\n|turn|18\n|\n|t:|1722316321\n|move|p2a: Mabosstiff|Crunch|p1a: Azumarill\n|-resisted|p1a: Azumarill\n|-damage|p1a: Azumarill|54/298\n|move|p1a: Azumarill|Liquidation|p2a: Mabosstiff\n|-damage|p2a: Mabosstiff|0 fnt\n|faint|p2a: Mabosstiff\n|\n|upkeep\n|\n|t:|1722316327\n|switch|p2a: Keldeo|Keldeo-Resolute, L79|273/273\n|-activate|p2a: Keldeo|move: Sticky Web\n|-unboost|p2a: Keldeo|spe|1\n|turn|19\n|\n|t:|1722316336\n|move|p2a: Keldeo|Secret Sword|p1a: Azumarill\n|-resisted|p1a: Azumarill\n|-damage|p1a: Azumarill|0 fnt\n|faint|p1a: Azumarill\n|-damage|p2a: Keldeo|246/273|[from] item: Life Orb\n|\n|upkeep\n|\n|t:|1722316348\n|switch|p1a: Slaking|Slaking, L84, M|357/389\n|turn|20\n|\n|t:|1722316351\n|switch|p2a: Dipplin|Dipplin, L88, M|212/284\n|-activate|p2a: Dipplin|move: Sticky Web\n|-unboost|p2a: Dipplin|spe|1\n|move|p1a: Slaking|Giga Impact|p2a: Dipplin\n|-damage|p2a: Dipplin|89/284\n|-mustrecharge|p1a: Slaking\n|\n|upkeep\n|turn|21\n|\n|t:|1722316356\n|cant|p1a: Slaking|recharge\n|move|p2a: Dipplin|Recover|p2a: Dipplin\n|-heal|p2a: Dipplin|231/284\n|\n|upkeep\n|turn|22\n|\n|t:|1722316359\n|move|p1a: Slaking|Giga Impact|p2a: Dipplin\n|-damage|p2a: Dipplin|110/284\n|-mustrecharge|p1a: Slaking\n|move|p2a: Dipplin|Giga Drain|p1a: Slaking\n|-crit|p1a: Slaking\n|-damage|p1a: Slaking|206/389\n|-heal|p2a: Dipplin|186/284|[from] drain|[of] p1a: Slaking\n|\n|upkeep\n|turn|23\n|\n|t:|1722316365\n|cant|p1a: Slaking|recharge\n|move|p2a: Dipplin|Giga Drain|p1a: Slaking\n|-damage|p1a: Slaking|97/389\n|-heal|p2a: Dipplin|241/284|[from] drain|[of] p1a: Slaking\n|\n|upkeep\n|turn|24\n|\n|t:|1722316371\n|move|p1a: Slaking|Giga Impact|p2a: Dipplin\n|-damage|p2a: Dipplin|111/284\n|-mustrecharge|p1a: Slaking\n|move|p2a: Dipplin|Recover|p2a: Dipplin\n|-heal|p2a: Dipplin|253/284\n|\n|upkeep\n|turn|25\n|\n|t:|1722316373\n|cant|p1a: Slaking|recharge\n|move|p2a: Dipplin|Giga Drain|p1a: Slaking\n|-damage|p1a: Slaking|0 fnt\n|-heal|p2a: Dipplin|284/284|[from] drain|[of] p1a: Slaking\n|faint|p1a: Slaking\n|\n|upkeep\n|\n|t:|1722316375\n|switch|p1a: Regidrago|Regidrago, L77|435/435\n|turn|26\n|\n|t:|1722316381\n|-terastallize|p1a: Regidrago|Steel\n|move|p1a: Regidrago|Dragon Dance|p1a: Regidrago\n|-boost|p1a: Regidrago|atk|1\n|-boost|p1a: Regidrago|spe|1\n|move|p2a: Dipplin|Dragon Pulse|p1a: Regidrago\n|-resisted|p1a: Regidrago\n|-damage|p1a: Regidrago|361/435\n|\n|upkeep\n|turn|27\n|\n|t:|1722316387\n|move|p1a: Regidrago|Dragon Dance|p1a: Regidrago\n|-boost|p1a: Regidrago|atk|1\n|-boost|p1a: Regidrago|spe|1\n|move|p2a: Dipplin|Dragon Pulse|p1a: Regidrago\n|-resisted|p1a: Regidrago\n|-damage|p1a: Regidrago|281/435\n|\n|upkeep\n|turn|28\n|\n|t:|1722316394\n|-terastallize|p2a: Dipplin|Steel\n|move|p1a: Regidrago|Dragon Dance|p1a: Regidrago\n|-boost|p1a: Regidrago|atk|1\n|-boost|p1a: Regidrago|spe|1\n|move|p2a: Dipplin|Dragon Pulse|p1a: Regidrago\n|-resisted|p1a: Regidrago\n|-damage|p1a: Regidrago|209/435\n|\n|upkeep\n|turn|29\n|inactive|Battle timer is ON: inactive players will automatically lose when time's up. (requested by Qiuescent)\n|\n|t:|1722316399\n|move|p2a: Dipplin|Sucker Punch|p1a: Regidrago\n|-damage|p1a: Regidrago|129/435\n|move|p1a: Regidrago|Earthquake|p2a: Dipplin\n|-supereffective|p2a: Dipplin\n|-damage|p2a: Dipplin|84/284\n|-damage|p1a: Regidrago|86/435|[from] item: Life Orb\n|\n|upkeep\n|turn|30\n|\n|t:|1722316409\n|switch|p2a: Tornadus|Tornadus-Therian, L79, M|184/254\n|move|p1a: Regidrago|Dragon Claw|p2a: Tornadus\n|-damage|p2a: Tornadus|0 fnt\n|faint|p2a: Tornadus\n|-damage|p1a: Regidrago|43/435|[from] item: Life Orb\n|\n|upkeep\n|\n|t:|1722316413\n|switch|p2a: Keldeo|Keldeo-Resolute, L79|246/273\n|-activate|p2a: Keldeo|move: Sticky Web\n|-unboost|p2a: Keldeo|spe|1\n|turn|31\n|\n|t:|1722316416\n|move|p1a: Regidrago|Dragon Claw|p2a: Keldeo\n|-damage|p2a: Keldeo|0 fnt\n|faint|p2a: Keldeo\n|-damage|p1a: Regidrago|0 fnt|[from] item: Life Orb\n|faint|p1a: Regidrago\n|\n|win|FaZe Alec Baldwin\n|raw|Qiuescent's rating: 2265 &rarr; <strong>2241</strong><br />(-24 for losing)\n|raw|FaZe Alec Baldwin's rating: 2202 &rarr; <strong>2226</strong><br />(+24 for winning)\n|l|\u203dQiuescent\n|player|p1|\n", "inputlog": ">version 3c8c0ba6a3441824201ce9f0cf68dcc094963845\n>start {\"formatid\":\"gen9randombattle\",\"seed\":[36661,31982,5604,1618],\"rated\":\"Rated battle\"}\n>player p1 {\"name\":\"Qiuescent\",\"avatar\":\"2\",\"rating\":2265,\"seed\":[5578,55741,45498,29076]}\n>player p2 {\"name\":\"FaZe Alec Baldwin\",\"avatar\":\"drayden\",\"rating\":2202,\"seed\":[21742,65281,61192,64850]}\n>p1 switch 5\n>p2 move sludgewave\n>p1 move bravebird\n>p2 move sludgewave\n>p1 switch 6\n>p1 move moonblast\n>p2 move sludgewave\n>p2 switch 6\n>p1 move stickyweb\n>p2 move thunderwave\n>p1 move moonblast\n>p2 move scald\n>p1 move bugbuzz\n>p2 move voltswitch\n>p2 switch 4\n>p1 move uturn\n>p2 move uturn\n>p2 switch 4\n>p1 switch 5\n>p1 move doubleedge\n>p2 switch 2\n>p1 switch 5\n>p2 move gigadrain\n>p1 move uturn\n>p2 move suckerpunch\n>p1 switch 2\n>p1 move calmmind\n>p2 switch 2\n>p1 move moongeistbeam\n>p2 move thunderwave\n>p1 move moongeistbeam\n>p2 move voltswitch\n>p2 switch 4\n>p1 move moongeistbeam\n>p2 move uturn\n>p2 switch 4\n>p1 move moongeistbeam\n>p2 move scald\n>p2 switch 5\n>p1 move moongeistbeam\n>p2 move crunch\n>p1 switch 4\n>p1 move bellydrum\n>p2 move crunch\n>p1 move liquidation\n>p2 move crunch\n>p2 switch 3\n>p1 move playrough\n>p2 move secretsword\n>p1 switch 5\n>p1 move gigaimpact\n>p2 switch 2\n>p1 move recharge\n>p2 move recover\n>p1 move gigaimpact\n>p2 move gigadrain\n>p1 move recharge\n>p2 move gigadrain\n>p1 move gigaimpact\n>p2 move recover\n>p1 move recharge\n>p2 move gigadrain\n>p1 switch 3\n>p1 move dragondance terastallize\n>p2 move dragonpulse\n>p1 move dragondance\n>p2 move dragonpulse\n>p1 move dragondance\n>p2 move dragonpulse terastallize\n>p1 move earthquake\n>p2 move suckerpunch\n>p1 move dragonclaw\n>p2 switch 4\n>p2 switch 2\n>p1 move dragonclaw\n>p2 move secretsword", "uploadtime": 1722316424, "views": 156, "formatid": "gen9randombattle", "rating": 2226, "private": 0, "password": null}