{"id": "gen9randombattle-2260702389", "format": "[Gen 9] Random Battle", "players": ["itaintwhatuwant", "canyousparechange"], "log": "|j|\u2606itaintwhatuwant\n|j|\u2606canyousparechange\n|t:|1733880408\n|gametype|singles\n|player|p1|itaintwhatuwant|1|1960\n|player|p2|canyousparechange|li|1952\n|teamsize|p1|6\n|teamsize|p2|6\n|gen|9\n|tier|[Gen 9] Random Battle\n|rated|\n|rule|Species Clause: Limit one of each Pok\u00e9mon\n|rule|HP Percentage Mod: HP is shown in percentages\n|rule|Sleep Clause Mod: Limit one foe put to sleep\n|rule|Illusion Level Mod: Illusion disguises the Pok\u00e9mon's true level\n|\n|t:|1733880408\n|start\n|switch|p1a: Ursaluna|Ursaluna, L79, M|335/335\n|switch|p2a: Grafaiai|Grafaiai, L86, F|249/249\n|turn|1\n|inactive|Battle timer is ON: inactive players will automatically lose when time's up. (requested by canyousparechange)\n|\n|t:|1733880417\n|move|p2a: Grafaiai|Parting Shot|p1a: Ursaluna\n|-unboost|p1a: Ursaluna|atk|1\n|-unboost|p1a: Ursaluna|spa|1\n|\n|t:|1733880420\n|switch|p2a: Glimmora|Glimmora, L75, F|248/248|[from] Parting Shot\n|-item|p2a: Glimmora|Air Balloon\n|move|p1a: Ursaluna|Headlong Rush|p2a: Glimmora\n|-immune|p2a: Glimmora\n|\n|-status|p1a: Ursaluna|brn|[from] item: Flame Orb\n|upkeep\n|turn|2\n|\n|t:|1733880430\n|move|p2a: Glimmora|Spikes|p1a: Ursaluna\n|-sidestart|p1: itaintwhatuwant|Spikes\n|move|p1a: Ursaluna|Facade|p2a: Glimmora\n|-resisted|p2a: Glimmora\n|-damage|p2a: Glimmora|157/248\n|-activate|p2a: Glimmora|ability: Toxic Debris\n|-sidestart|p1: itaintwhatuwant|move: Toxic Spikes\n|-enditem|p2a: Glimmora|Air Balloon\n|\n|-damage|p1a: Ursaluna|315/335 brn|[from] brn\n|upkeep\n|turn|3\n|\n|t:|1733880437\n|switch|p2a: Dodrio|Dodrio, L86, M|243/243\n|move|p1a: Ursaluna|Headlong Rush|p2a: Dodrio\n|-immune|p2a: Dodrio\n|\n|-damage|p1a: Ursaluna|295/335 brn|[from] brn\n|upkeep\n|turn|4\n|\n|t:|1733880452\n|move|p2a: Dodrio|Swords Dance|p2a: Dodrio\n|-boost|p2a: Dodrio|atk|2\n|move|p1a: Ursaluna|Facade|p2a: Dodrio\n|-damage|p2a: Dodrio|57/243\n|\n|-damage|p1a: Ursaluna|275/335 brn|[from] brn\n|upkeep\n|turn|5\n|\n|t:|1733880460\n|switch|p1a: Weezing|Weezing, L88, M|258/258\n|move|p2a: Dodrio|Brave Bird|p1a: Weezing\n|-damage|p1a: Weezing|38/258\n|-damage|p2a: Dodrio|0 fnt|[from] Recoil\n|faint|p2a: Dodrio\n|\n|-heal|p1a: Weezing|54/258|[from] item: Leftovers\n|upkeep\n|\n|t:|1733880473\n|switch|p2a: Glimmora|Glimmora, L75, F|157/248\n|turn|6\n|\n|t:|1733880477\n|move|p2a: Glimmora|Power Gem|p1a: Weezing\n|-damage|p1a: Weezing|0 fnt\n|faint|p1a: Weezing\n|\n|upkeep\n|\n|t:|1733880478\n|switch|p1a: Ursaluna|Ursaluna, L79, M|275/335 brn\n|-damage|p1a: Ursaluna|234/335 brn|[from] Spikes\n|turn|7\n|\n|t:|1733880490\n|move|p2a: Glimmora|Earth Power|p1a: Ursaluna\n|-damage|p1a: Ursaluna|153/335 brn\n|-unboost|p1a: Ursaluna|spd|1\n|move|p1a: Ursaluna|Headlong Rush|p2a: Glimmora\n|-supereffective|p2a: Glimmora\n|-damage|p2a: Glimmora|0 fnt\n|-unboost|p1a: Ursaluna|def|1\n|-unboost|p1a: Ursaluna|spd|1\n|-activate|p2a: Glimmora|ability: Toxic Debris\n|-sidestart|p1: itaintwhatuwant|move: Toxic Spikes\n|faint|p2a: Glimmora\n|\n|-damage|p1a: Ursaluna|133/335 brn|[from] brn\n|upkeep\n|\n|t:|1733880500\n|switch|p2a: Necrozma|Necrozma-Dawn-Wings, L76|272/272\n|turn|8\n|\n|t:|1733880504\n|move|p2a: Necrozma|Photon Geyser|p1a: Ursaluna\n|-damage|p1a: Ursaluna|0 fnt\n|faint|p1a: Ursaluna\n|-damage|p2a: Necrozma|245/272|[from] item: Life Orb\n|\n|upkeep\n|\n|t:|1733880511\n|switch|p1a: Inteleon|Inteleon, L81, F|246/246\n|-damage|p1a: Inteleon|216/246|[from] Spikes\n|-status|p1a: Inteleon|tox\n|turn|9\n|\n|t:|1733880519\n|switch|p2a: Kingambit|Kingambit, L74, M|270/270\n|-activate|p2a: Kingambit|ability: Supreme Overlord\n|-start|p2a: Kingambit|fallen2|[silent]\n|move|p1a: Inteleon|Scald|p2a: Kingambit\n|-damage|p2a: Kingambit|90/270\n|\n|-heal|p2a: Kingambit|106/270|[from] item: Leftovers\n|-damage|p1a: Inteleon|201/246 tox|[from] psn\n|upkeep\n|turn|10\n|\n|t:|1733880531\n|move|p2a: Kingambit|Sucker Punch|p1a: Inteleon\n|-damage|p1a: Inteleon|87/246 tox\n|move|p1a: Inteleon|Scald|p2a: Kingambit\n|-crit|p2a: Kingambit\n|-damage|p2a: Kingambit|0 fnt\n|faint|p2a: Kingambit\n|-end|p2a: Kingambit|fallen2|[silent]\n|\n|-damage|p1a: Inteleon|57/246 tox|[from] psn\n|upkeep\n|\n|t:|1733880554\n|switch|p2a: Grafaiai|Grafaiai, L86, F|249/249\n|turn|11\n|\n|t:|1733880556\n|move|p1a: Inteleon|Scald|p2a: Grafaiai\n|-damage|p2a: Grafaiai|8/249\n|-status|p2a: Grafaiai|brn\n|move|p2a: Grafaiai|Knock Off|p1a: Inteleon\n|-damage|p1a: Inteleon|11/246 tox\n|-enditem|p1a: Inteleon|Choice Specs|[from] move: Knock Off|[of] p2a: Grafaiai\n|\n|-damage|p1a: Inteleon|0 fnt|[from] psn\n|faint|p1a: Inteleon\n|-damage|p2a: Grafaiai|0 fnt|[from] brn\n|faint|p2a: Grafaiai\n|upkeep\n|\n|t:|1733880567\n|switch|p1a: Garchomp|Garchomp, L74, F|282/282\n|switch|p2a: Necrozma|Necrozma-Dawn-Wings, L76|245/272\n|-damage|p1a: Garchomp|247/282|[from] Spikes\n|-status|p1a: Garchomp|tox\n|turn|12\n|\n|t:|1733880573\n|switch|p2a: Quagsire|Quagsire, L84, F|297/297\n|move|p1a: Garchomp|Earthquake|p2a: Quagsire\n|-damage|p2a: Quagsire|183/297\n|\n|-heal|p2a: Quagsire|201/297|[from] item: Leftovers\n|-damage|p1a: Garchomp|230/282 tox|[from] psn\n|upkeep\n|turn|13\n|\n|t:|1733880577\n|move|p1a: Garchomp|Spikes|p2a: Quagsire\n|-sidestart|p2: canyousparechange|Spikes\n|move|p2a: Quagsire|Recover|p2a: Quagsire\n|-heal|p2a: Quagsire|297/297\n|\n|-damage|p1a: Garchomp|196/282 tox|[from] psn\n|upkeep\n|turn|14\n|\n|t:|1733880580\n|move|p1a: Garchomp|Earthquake|p2a: Quagsire\n|-damage|p2a: Quagsire|195/297\n|move|p2a: Quagsire|Ice Beam|p1a: Garchomp\n|-supereffective|p1a: Garchomp\n|-damage|p1a: Garchomp|0 fnt\n|faint|p1a: Garchomp\n|\n|-heal|p2a: Quagsire|213/297|[from] item: Leftovers\n|upkeep\n|\n|t:|1733880583\n|switch|p1a: Baxcalibur|Baxcalibur, L75, F|295/295\n|-damage|p1a: Baxcalibur|259/295|[from] Spikes\n|-status|p1a: Baxcalibur|tox\n|turn|15\n|\n|t:|1733880592\n|-terastallize|p2a: Quagsire|Steel\n|move|p1a: Baxcalibur|Glaive Rush|p2a: Quagsire\n|-resisted|p2a: Quagsire\n|-damage|p2a: Quagsire|111/297\n|-singlemove|p1a: Baxcalibur|Glaive Rush|[silent]\n|move|p2a: Quagsire|Recover|p2a: Quagsire\n|-heal|p2a: Quagsire|260/297\n|\n|-heal|p2a: Quagsire|278/297|[from] item: Leftovers\n|-damage|p1a: Baxcalibur|241/295 tox|[from] psn\n|upkeep\n|turn|16\n|\n|t:|1733880599\n|switch|p1a: Espathra|Espathra, L80, M|283/283\n|-damage|p1a: Espathra|248/283|[from] Spikes\n|-status|p1a: Espathra|tox\n|move|p2a: Quagsire|Earthquake|p1a: Espathra\n|-damage|p1a: Espathra|112/283 tox\n|\n|-heal|p2a: Quagsire|296/297|[from] item: Leftovers\n|-damage|p1a: Espathra|95/283 tox|[from] psn\n|upkeep\n|turn|17\n|\n|t:|1733880603\n|move|p1a: Espathra|Lumina Crash|p2a: Quagsire\n|-resisted|p2a: Quagsire\n|-damage|p2a: Quagsire|217/297\n|-unboost|p2a: Quagsire|spd|2\n|move|p2a: Quagsire|Earthquake|p1a: Espathra\n|-damage|p1a: Espathra|0 fnt\n|faint|p1a: Espathra\n|\n|-heal|p2a: Quagsire|235/297|[from] item: Leftovers\n|upkeep\n|\n|t:|1733880604\n|switch|p1a: Baxcalibur|Baxcalibur, L75, F|241/295 tox\n|-damage|p1a: Baxcalibur|205/295 tox|[from] Spikes\n|turn|18\n|\n|t:|1733880615\n|-terastallize|p1a: Baxcalibur|Dragon\n|move|p1a: Baxcalibur|Glaive Rush|p2a: Quagsire\n|-resisted|p2a: Quagsire\n|-damage|p2a: Quagsire|96/297\n|-singlemove|p1a: Baxcalibur|Glaive Rush|[silent]\n|move|p2a: Quagsire|Recover|p2a: Quagsire\n|-heal|p2a: Quagsire|245/297\n|\n|-heal|p2a: Quagsire|263/297|[from] item: Leftovers\n|-damage|p1a: Baxcalibur|187/295 tox|[from] psn\n|upkeep\n|turn|19\n|-message|itaintwhatuwant forfeited.\n|\n|win|canyousparechange\n|raw|itaintwhatuwant's rating: 1960 &rarr; <strong>1940</strong><br />(-20 for losing)\n|raw|canyousparechange's rating: 1952 &rarr; <strong>1972</strong><br />(+20 for winning)\n|l|\u2606itaintwhatuwant\n|player|p1|\n", "inputlog": ">version bfd83cad13791eb5a5a409923076391caf6fb4d4\n>start {\"formatid\":\"gen9randombattle\",\"seed\":[1434,46135,3929,53078],\"rated\":\"Rated battle\"}\n>player p1 {\"name\":\"itaintwhatuwant\",\"avatar\":\"1\",\"rating\":1960,\"seed\":[58855,51852,24568,49112]}\n>player p2 {\"name\":\"canyousparechange\",\"avatar\":\"li\",\"rating\":1952,\"seed\":[35916,5361,31062,39781]}\n>p1 move headlongrush\n>p2 move partingshot\n>p2 switch 2\n>p1 move facade\n>p2 move spikes\n>p1 move headlongrush\n>p2 switch 5\n>p1 move facade\n>p2 move swordsdance\n>p1 switch 6\n>p2 move bravebird\n>p2 switch 5\n>p1 move painsplit\n>p2 move powergem\n>p1 switch 6\n>p1 move headlongrush\n>p2 move earthpower\n>p2 switch 6\n>p1 move crunch\n>p2 move photongeyser\n>p1 switch 5\n>p1 move scald\n>p2 switch 3\n>p1 move scald\n>p2 move suckerpunch\n>p2 switch 2\n>p1 move scald\n>p2 move knockoff\n>p1 switch 4\n>p2 switch 3\n>p1 move earthquake\n>p2 switch 4\n>p1 move spikes\n>p2 move recover\n>p1 move earthquake\n>p2 move icebeam\n>p1 switch 2\n>p1 move glaiverush\n>p2 move recover terastallize\n>p1 switch 3\n>p2 move earthquake\n>p1 move luminacrash\n>p2 move earthquake\n>p1 switch 3\n>p1 move glaiverush terastallize\n>p2 move recover\n>forcelose p1", "uploadtime": 1733880620, "views": 7, "formatid": "gen9randombattle", "rating": 1940, "private": 0, "password": null}