{"id": "gen9randombattle-2128960652", "format": "[Gen 9] Random Battle", "players": ["Delta 2777", "Drop a nickname"], "log": "|badge|p1|silver|gen9randombattle|30-1\n|uhtml|medal-msg|<div class=\"broadcast-blue\">Curious what those medals under the avatar are? PS now has Ladder Seasons! For more information, check out the <a href=\"https://www.smogon.com/forums/threads/3740067/\">thread on Smogon.</a></div>\n|badge|p2|silver|gen9randombattle|30-1\n|uhtml|medal-msg|<div class=\"broadcast-blue\">Curious what those medals under the avatar are? PS now has Ladder Seasons! For more information, check out the <a href=\"https://www.smogon.com/forums/threads/3740067/\">thread on Smogon.</a></div>\n|j|\u2606Delta 2777\n|j|\u2606Drop a nickname\n|t:|1716478982\n|gametype|singles\n|player|p1|Delta 2777|265|2467\n|player|p2|Drop a nickname|266|2341\n|teamsize|p1|6\n|teamsize|p2|6\n|gen|9\n|tier|[Gen 9] Random Battle\n|rated|\n|rule|Species Clause: Limit one of each Pok\u00e9mon\n|rule|HP Percentage Mod: HP is shown in percentages\n|rule|Sleep Clause Mod: Limit one foe put to sleep\n|rule|Illusion Level Mod: Illusion disguises the Pok\u00e9mon's true level\n|\n|t:|1716478982\n|start\n|switch|p1a: Samurott|Samurott-Hisui, L77, M|265/265\n|switch|p2a: Cyclizar|Cyclizar, L83, M|252/252\n|turn|1\n|inactive|Battle timer is ON: inactive players will automatically lose when time's up. (requested by Delta 2777)\n|\n|t:|1716478989\n|move|p2a: Cyclizar|Shed Tail|p2a: Cyclizar\n|-start|p2a: Cyclizar|Substitute|[from] move: Shed Tail\n|-damage|p2a: Cyclizar|126/252\n|\n|t:|1716478992\n|switch|p2a: Volbeat|Volbeat, L90, M|263/263|[from] Shed Tail\n|move|p1a: Samurott|Ceaseless Edge|p2a: Volbeat\n|-end|p2a: Volbeat|Substitute\n|-sidestart|p2: Drop a nickname|Spikes\n|\n|upkeep\n|turn|2\n|\n|t:|1716479006\n|switch|p1a: Dewgong|Dewgong, L93, F|318/318\n|move|p2a: Volbeat|Thunder Wave|p1a: Dewgong\n|-status|p1a: Dewgong|par\n|\n|upkeep\n|turn|3\n|inactive|Delta 2777 has 120 seconds left.\n|\n|t:|1716479037\n|switch|p2a: Probopass|Probopass, L92, F|260/260\n|-item|p2a: Probopass|Air Balloon\n|move|p1a: Dewgong|Surf|p2a: Probopass\n|-supereffective|p2a: Probopass\n|-damage|p2a: Probopass|146/260\n|-enditem|p2a: Probopass|Air Balloon\n|\n|upkeep\n|turn|4\n|\n|t:|1716479045\n|switch|p1a: Uxie|Uxie, L83|260/260\n|move|p2a: Probopass|Stealth Rock|p1a: Uxie\n|-sidestart|p1: Delta 2777|move: Stealth Rock\n|\n|upkeep\n|turn|5\n|\n|t:|1716479050\n|move|p1a: Uxie|Encore|p2a: Probopass\n|-start|p2a: Probopass|Encore\n|move|p2a: Probopass|Stealth Rock||[still]\n|-fail|p2a: Probopass\n|\n|upkeep\n|turn|6\n|\n|t:|1716479054\n|switch|p2a: Volbeat|Volbeat, L90, M|263/263\n|move|p1a: Uxie|Thunder Wave|p2a: Volbeat\n|-status|p2a: Volbeat|par\n|\n|upkeep\n|turn|7\n|\n|t:|1716479059\n|switch|p1a: Dewgong|Dewgong, L93, F|318/318 par\n|cant|p2a: Volbeat|par\n|\n|upkeep\n|turn|8\n|\n|t:|1716479066\n|move|p2a: Volbeat|Lunge|p1a: Dewgong\n|-damage|p1a: Dewgong|245/318 par\n|-unboost|p1a: Dewgong|atk|1\n|move|p1a: Dewgong|Triple Axel|p2a: Volbeat\n|-damage|p2a: Volbeat|248/263 par\n|-damage|p2a: Volbeat|217/263 par\n|-hitcount|p2a: Volbeat|2\n|\n|upkeep\n|turn|9\n|\n|t:|1716479075\n|move|p2a: Volbeat|Lunge|p1a: Dewgong\n|-damage|p1a: Dewgong|164/318 par\n|-unboost|p1a: Dewgong|atk|1\n|move|p1a: Dewgong|Surf|p2a: Volbeat\n|-damage|p2a: Volbeat|135/263 par\n|\n|upkeep\n|turn|10\n|\n|t:|1716479086\n|move|p2a: Volbeat|Lunge|p1a: Dewgong\n|-damage|p1a: Dewgong|88/318 par\n|-unboost|p1a: Dewgong|atk|1\n|move|p1a: Dewgong|Flip Turn|p2a: Volbeat\n|-damage|p2a: Volbeat|107/263 par\n|\n|t:|1716479090\n|switch|p1a: Samurott|Samurott-Hisui, L77, M|265/265|[from] Flip Turn\n|-damage|p1a: Samurott|232/265|[from] Stealth Rock\n|\n|upkeep\n|turn|11\n|\n|t:|1716479098\n|switch|p2a: Dewgong|Dewgong, L93, M|318/318\n|move|p1a: Samurott|Ceaseless Edge|p2a: Dewgong\n|-damage|p2a: Dewgong|182/318\n|-sidestart|p2: Drop a nickname|Spikes\n|\n|upkeep\n|turn|12\n|\n|t:|1716479111\n|move|p2a: Dewgong|Surf|p1a: Samurott\n|-resisted|p1a: Samurott\n|-damage|p1a: Samurott|174/265\n|move|p1a: Samurott|Ceaseless Edge|p2a: Dewgong\n|-damage|p2a: Dewgong|44/318\n|-sidestart|p2: Drop a nickname|Spikes\n|\n|upkeep\n|turn|13\n|\n|t:|1716479122\n|move|p2a: Dewgong|Triple Axel|p1a: Samurott|[miss]\n|-miss|p2a: Dewgong|p1a: Samurott\n|move|p1a: Samurott|Ceaseless Edge|p2a: Dewgong\n|-damage|p2a: Dewgong|0 fnt\n|faint|p2a: Dewgong\n|\n|upkeep\n|\n|t:|1716479124\n|switch|p2a: Cyclizar|Cyclizar, L83, M|210/252\n|turn|14\n|\n|t:|1716479128\n|move|p2a: Cyclizar|Rapid Spin|p1a: Samurott\n|-damage|p1a: Samurott|110/265\n|-boost|p2a: Cyclizar|spe|1\n|-sideend|p2: Drop a nickname|Spikes|[from] move: Rapid Spin|[of] p2a: Cyclizar\n|move|p1a: Samurott|Ceaseless Edge|p2a: Cyclizar\n|-damage|p2a: Cyclizar|32/252\n|-sidestart|p2: Drop a nickname|Spikes\n|\n|upkeep\n|turn|15\n|\n|t:|1716479133\n|switch|p1a: Comfey|Comfey, L85, F|225/225\n|-damage|p1a: Comfey|197/225|[from] Stealth Rock\n|move|p2a: Cyclizar|Draco Meteor|p1a: Comfey\n|-immune|p1a: Comfey\n|\n|-heal|p1a: Comfey|211/225|[from] item: Leftovers\n|upkeep\n|turn|16\n|\n|t:|1716479144\n|switch|p2a: Volbeat|Volbeat, L90, M|107/263 par\n|switch|p1a: Samurott|Samurott-Hisui, L77, M|110/265\n|-damage|p1a: Samurott|77/265|[from] Stealth Rock\n|\n|upkeep\n|turn|17\n|\n|t:|1716479155\n|switch|p2a: Probopass|Probopass, L92, F|146/260\n|-damage|p2a: Probopass|114/260|[from] Spikes\n|move|p1a: Samurott|Ceaseless Edge|p2a: Probopass\n|-damage|p2a: Probopass|29/260\n|-sidestart|p2: Drop a nickname|Spikes\n|\n|upkeep\n|turn|18\n|\n|t:|1716479160\n|move|p1a: Samurott|Ceaseless Edge|p2a: Probopass\n|-damage|p2a: Probopass|0 fnt\n|-sidestart|p2: Drop a nickname|Spikes\n|faint|p2a: Probopass\n|\n|upkeep\n|\n|t:|1716479162\n|switch|p2a: Cyclizar|Cyclizar, L83, M|116/252\n|turn|19\n|\n|t:|1716479169\n|move|p2a: Cyclizar|Rapid Spin|p1a: Samurott\n|-damage|p1a: Samurott|17/265\n|-boost|p2a: Cyclizar|spe|1\n|-sideend|p2: Drop a nickname|Spikes|[from] move: Rapid Spin|[of] p2a: Cyclizar\n|move|p1a: Samurott|Ceaseless Edge|p2a: Cyclizar\n|-crit|p2a: Cyclizar\n|-damage|p2a: Cyclizar|0 fnt\n|-sidestart|p2: Drop a nickname|Spikes\n|faint|p2a: Cyclizar\n|\n|upkeep\n|\n|t:|1716479176\n|switch|p2a: Iron Boulder|Iron Boulder, L77|265/265\n|-damage|p2a: Iron Boulder|232/265|[from] Spikes\n|turn|20\n|\n|t:|1716479183\n|-terastallize|p2a: Iron Boulder|Fighting\n|move|p2a: Iron Boulder|Swords Dance|p2a: Iron Boulder\n|-boost|p2a: Iron Boulder|atk|2\n|move|p1a: Samurott|Ceaseless Edge|p2a: Iron Boulder\n|-resisted|p2a: Iron Boulder\n|-damage|p2a: Iron Boulder|154/265\n|-sidestart|p2: Drop a nickname|Spikes\n|\n|upkeep\n|turn|21\n|\n|t:|1716479193\n|move|p2a: Iron Boulder|Mighty Cleave|p1a: Samurott\n|-damage|p1a: Samurott|0 fnt\n|faint|p1a: Samurott\n|-damage|p2a: Iron Boulder|128/265|[from] item: Life Orb\n|\n|upkeep\n|inactive|Delta 2777 has 120 seconds left.\n|\n|t:|1716479220\n|switch|p1a: Dewgong|Dewgong, L93, F|88/318 par\n|turn|22\n|\n|t:|1716479223\n|move|p2a: Iron Boulder|Mighty Cleave|p1a: Dewgong\n|-supereffective|p1a: Dewgong\n|-damage|p1a: Dewgong|0 fnt\n|faint|p1a: Dewgong\n|-damage|p2a: Iron Boulder|102/265|[from] item: Life Orb\n|\n|upkeep\n|\n|t:|1716479234\n|switch|p1a: Comfey|Comfey, L85, F|211/225\n|-damage|p1a: Comfey|183/225|[from] Stealth Rock\n|turn|23\n|\n|t:|1716479239\n|move|p1a: Comfey|Draining Kiss|p2a: Iron Boulder\n|-supereffective|p2a: Iron Boulder\n|-damage|p2a: Iron Boulder|10/265\n|-heal|p1a: Comfey|225/225|[from] drain|[of] p2a: Iron Boulder\n|move|p2a: Iron Boulder|Mighty Cleave|p1a: Comfey\n|-damage|p1a: Comfey|0 fnt\n|faint|p1a: Comfey\n|-damage|p2a: Iron Boulder|0 fnt|[from] item: Life Orb\n|faint|p2a: Iron Boulder\n|-end|p2a: Iron Boulder|Quark Drive|[silent]\n|\n|upkeep\n|\n|t:|1716479247\n|switch|p2a: Volbeat|Volbeat, L90, M|107/263 par\n|switch|p1a: Lycanroc|Lycanroc-Dusk, L80, F|251/251\n|-damage|p1a: Lycanroc|220/251|[from] Stealth Rock\n|turn|24\n|\n|t:|1716479251\n|move|p1a: Lycanroc|Accelerock|p2a: Volbeat\n|-supereffective|p2a: Volbeat\n|-damage|p2a: Volbeat|0 fnt\n|faint|p2a: Volbeat\n|-damage|p1a: Lycanroc|195/251|[from] item: Life Orb\n|\n|upkeep\n|\n|t:|1716479253\n|switch|p2a: Toucannon|Toucannon, L88, M|284/284\n|turn|25\n|\n|t:|1716479257\n|-singleturn|p2a: Toucannon|move: Beak Blast\n|move|p1a: Lycanroc|Stone Edge|p2a: Toucannon\n|-supereffective|p2a: Toucannon\n|-damage|p2a: Toucannon|0 fnt\n|faint|p2a: Toucannon\n|-damage|p1a: Lycanroc|170/251|[from] item: Life Orb\n|\n|win|Delta 2777\n|raw|Delta 2777's rating: 2467 &rarr; <strong>2480</strong><br />(+13 for winning)\n|raw|Drop a nickname's rating: 2341 &rarr; <strong>2328</strong><br />(-13 for losing)\n|l|\u2606Drop a nickname\n|player|p2|\n", "inputlog": ">version 7158ead19aeac8750849df2840eabb6dbec77df6\n>start {\"formatid\":\"gen9randombattle\",\"seed\":[61722,46367,7468,3314],\"rated\":\"Rated battle\"}\n>player p1 {\"name\":\"Delta 2777\",\"avatar\":\"265\",\"rating\":2467,\"seed\":[27574,33664,32188,54205]}\n>player p2 {\"name\":\"Drop a nickname\",\"avatar\":\"266\",\"rating\":2341,\"seed\":[43870,6461,14071,4552]}\n>p1 move ceaselessedge\n>p2 move shedtail\n>p2 switch 5\n>p1 switch 3\n>p2 move thunderwave\n>p1 move surf\n>p2 switch 4\n>p1 switch 4\n>p2 move stealthrock\n>p1 move encore\n>p2 move thunderwave\n>p1 move thunderwave\n>p2 switch 4\n>p1 switch 4\n>p2 move lunge\n>p1 move tripleaxel\n>p2 move lunge\n>p1 move surf\n>p2 move lunge\n>p1 move flipturn\n>p2 move lunge\n>p1 switch 3\n>p1 move ceaselessedge\n>p2 switch 3\n>p1 move ceaselessedge\n>p2 move surf\n>p1 move ceaselessedge\n>p2 move tripleaxel\n>p2 switch 5\n>p1 move ceaselessedge\n>p2 move rapidspin\n>p1 switch 5\n>p2 move dracometeor\n>p1 switch 5\n>p2 switch 3\n>p1 move ceaselessedge\n>p2 switch 4\n>p1 move ceaselessedge\n>p2 move powergem\n>p2 switch 3\n>p1 move ceaselessedge\n>p2 move rapidspin\n>p2 switch 2\n>p1 move ceaselessedge\n>p2 move swordsdance terastallize\n>p1 move ceaselessedge\n>p2 move mightycleave\n>p1 switch 3\n>p1 move surf\n>p2 move mightycleave\n>p1 switch 5\n>p1 move drainingkiss\n>p2 move mightycleave\n>p1 switch 6\n>p2 switch 4\n>p1 move accelerock\n>p2 move thunderwave\n>p2 switch 6\n>p1 move stoneedge\n>p2 move beakblast", "uploadtime": 1716479267, "views": 220, "formatid": "gen9randombattle", "rating": 2328, "private": 0, "password": null}