{"id": "gen9randombattle-2260819163", "format": "[Gen 9] Random Battle", "players": ["Thenightstumbler", "rottomdextro"], "log": "|j|\u2606Thenightstumbler\n|j|\u2606rottomdextro\n|t:|1733897771\n|gametype|singles\n|player|p1|Thenightstumbler|102|1266\n|player|p2|rottomdextro|dahlia|1285\n|teamsize|p1|6\n|teamsize|p2|6\n|gen|9\n|tier|[Gen 9] Random Battle\n|rated|\n|rule|Species Clause: Limit one of each Pok\u00e9mon\n|rule|HP Percentage Mod: HP is shown in percentages\n|rule|Sleep Clause Mod: Limit one foe put to sleep\n|rule|Illusion Level Mod: Illusion disguises the Pok\u00e9mon's true level\n|\n|t:|1733897771\n|start\n|switch|p1a: Polteageist|Polteageist, L79|224/224\n|switch|p2a: Wo-Chien|Wo-Chien, L83|277/277\n|-ability|p2a: Wo-Chien|Tablets of Ruin\n|turn|1\n|inactive|Battle timer is ON: inactive players will automatically lose when time's up. (requested by Thenightstumbler)\n|\n|t:|1733897802\n|switch|p1a: Volcanion|Volcanion, L79|255/255\n|move|p2a: Wo-Chien|Knock Off|p1a: Volcanion\n|-damage|p1a: Volcanion|180/255\n|-enditem|p1a: Volcanion|Assault Vest|[from] move: Knock Off|[of] p2a: Wo-Chien\n|\n|upkeep\n|turn|2\n|\n|t:|1733897811\n|move|p2a: Wo-Chien|Protect|p2a: Wo-Chien\n|-singleturn|p2a: Wo-Chien|Protect\n|move|p1a: Volcanion|Flame Charge|p2a: Wo-Chien\n|-activate|p2a: Wo-Chien|move: Protect\n|\n|upkeep\n|turn|3\n|\n|t:|1733897822\n|move|p2a: Wo-Chien|Leech Seed|p1a: Volcanion\n|-start|p1a: Volcanion|move: Leech Seed\n|move|p1a: Volcanion|Flame Charge|p2a: Wo-Chien\n|-supereffective|p2a: Wo-Chien\n|-damage|p2a: Wo-Chien|209/277\n|-boost|p1a: Volcanion|spe|1\n|\n|-heal|p2a: Wo-Chien|226/277|[from] item: Leftovers\n|-damage|p1a: Volcanion|149/255|[from] Leech Seed|[of] p2a: Wo-Chien\n|-heal|p2a: Wo-Chien|257/277|[silent]\n|upkeep\n|turn|4\n|\n|t:|1733897837\n|move|p2a: Wo-Chien|Protect|p2a: Wo-Chien\n|-singleturn|p2a: Wo-Chien|Protect\n|move|p1a: Volcanion|Sludge Bomb|p2a: Wo-Chien\n|-activate|p2a: Wo-Chien|move: Protect\n|\n|-heal|p2a: Wo-Chien|274/277|[from] item: Leftovers\n|-damage|p1a: Volcanion|118/255|[from] Leech Seed|[of] p2a: Wo-Chien\n|-heal|p2a: Wo-Chien|277/277|[silent]\n|upkeep\n|turn|5\n|inactive|rottomdextro has 120 seconds left.\n|\n|t:|1733897879\n|switch|p2a: Illumise|Illumise, L91, F|266/266\n|move|p1a: Volcanion|Sludge Bomb|p2a: Illumise\n|-damage|p2a: Illumise|198/266\n|\n|-damage|p1a: Volcanion|87/255|[from] Leech Seed|[of] p2a: Illumise\n|-heal|p2a: Illumise|229/266|[silent]\n|upkeep\n|turn|6\n|\n|t:|1733897892\n|move|p2a: Illumise|Thunder Wave|p1a: Volcanion\n|-status|p1a: Volcanion|par\n|move|p1a: Volcanion|Flamethrower|p2a: Illumise\n|-supereffective|p2a: Illumise\n|-crit|p2a: Illumise\n|-damage|p2a: Illumise|0 fnt\n|faint|p2a: Illumise\n|\n|upkeep\n|inactive|rottomdextro has 90 seconds left.\n|\n|t:|1733897920\n|switch|p2a: Rabsca|Rabsca, L91, M|284/284\n|turn|7\n|\n|t:|1733897929\n|move|p2a: Rabsca|Revival Blessing|p2a: Rabsca\n|\n|t:|1733897932\n|-heal|p2: Illumise|133/266|[from] move: Revival Blessing\n|move|p1a: Volcanion|Flame Charge|p2a: Rabsca\n|-supereffective|p2a: Rabsca\n|-damage|p2a: Rabsca|182/284\n|-boost|p1a: Volcanion|spe|1\n|\n|-damage|p1a: Volcanion|56/255 par|[from] Leech Seed|[of] p2a: Rabsca\n|-heal|p2a: Rabsca|213/284|[silent]\n|upkeep\n|turn|8\n|\n|t:|1733897948\n|switch|p2a: Wo-Chien|Wo-Chien, L83|277/277\n|-ability|p2a: Wo-Chien|Tablets of Ruin\n|move|p1a: Volcanion|Flamethrower|p2a: Wo-Chien\n|-supereffective|p2a: Wo-Chien\n|-damage|p2a: Wo-Chien|131/277\n|\n|-heal|p2a: Wo-Chien|148/277|[from] item: Leftovers\n|-damage|p1a: Volcanion|25/255 par|[from] Leech Seed|[of] p2a: Wo-Chien\n|-heal|p2a: Wo-Chien|179/277|[silent]\n|upkeep\n|turn|9\n|\n|t:|1733897959\n|move|p2a: Wo-Chien|Protect|p2a: Wo-Chien\n|-singleturn|p2a: Wo-Chien|Protect\n|move|p1a: Volcanion|Flamethrower|p2a: Wo-Chien\n|-activate|p2a: Wo-Chien|move: Protect\n|\n|-heal|p2a: Wo-Chien|196/277|[from] item: Leftovers\n|-damage|p1a: Volcanion|0 fnt|[from] Leech Seed|[of] p2a: Wo-Chien\n|-heal|p2a: Wo-Chien|221/277|[silent]\n|faint|p1a: Volcanion\n|upkeep\n|\n|t:|1733897967\n|switch|p1a: Azelf|Azelf, L82|257/257\n|turn|10\n|\n|t:|1733897971\n|move|p1a: Azelf|Fire Blast|p2a: Wo-Chien\n|-supereffective|p2a: Wo-Chien\n|-damage|p2a: Wo-Chien|49/277\n|-status|p2a: Wo-Chien|brn\n|-damage|p1a: Azelf|232/257|[from] item: Life Orb\n|move|p2a: Wo-Chien|Knock Off|p1a: Azelf\n|-supereffective|p1a: Azelf\n|-damage|p1a: Azelf|124/257\n|-enditem|p1a: Azelf|Life Orb|[from] move: Knock Off|[of] p2a: Wo-Chien\n|\n|-heal|p2a: Wo-Chien|66/277 brn|[from] item: Leftovers\n|-damage|p2a: Wo-Chien|49/277 brn|[from] brn\n|upkeep\n|turn|11\n|inactive|rottomdextro has 90 seconds left.\n|\n|t:|1733898017\n|switch|p2a: Illumise|Illumise, L91, F|133/266\n|move|p1a: Azelf|Fire Blast|p2a: Illumise|[miss]\n|-miss|p1a: Azelf|p2a: Illumise\n|\n|upkeep\n|turn|12\n|\n|t:|1733898029\n|move|p2a: Illumise|Roost|p2a: Illumise\n|-heal|p2a: Illumise|266/266\n|-singleturn|p2a: Illumise|move: Roost\n|move|p1a: Azelf|Stealth Rock|p2a: Illumise\n|-sidestart|p2: rottomdextro|move: Stealth Rock\n|\n|upkeep\n|turn|13\n|\n|t:|1733898036\n|move|p2a: Illumise|Encore|p1a: Azelf\n|-start|p1a: Azelf|Encore\n|move|p1a: Azelf|Stealth Rock||[still]\n|-fail|p1a: Azelf\n|\n|upkeep\n|turn|14\n|\n|t:|1733898049\n|move|p2a: Illumise|Thunder Wave|p1a: Azelf|[miss]\n|-miss|p2a: Illumise|p1a: Azelf\n|move|p1a: Azelf|Stealth Rock||[still]\n|-fail|p1a: Azelf\n|\n|upkeep\n|turn|15\n|inactive|rottomdextro has 90 seconds left.\n|\n|t:|1733898054\n|move|p2a: Illumise|Thunder Wave|p1a: Azelf\n|-status|p1a: Azelf|par\n|cant|p1a: Azelf|par\n|\n|-end|p1a: Azelf|Encore\n|upkeep\n|turn|16\n|\n|t:|1733898063\n|switch|p1a: Rampardos|Rampardos, L90, M|321/321\n|move|p2a: Illumise|Encore||[still]\n|-fail|p2a: Illumise\n|\n|upkeep\n|turn|17\n|\n|t:|1733898072\n|move|p2a: Illumise|Thunder Wave|p1a: Rampardos\n|-status|p1a: Rampardos|par\n|cant|p1a: Rampardos|par\n|\n|upkeep\n|turn|18\n|inactive|rottomdextro has 90 seconds left.\n|\n|t:|1733898094\n|switch|p2a: Wo-Chien|Wo-Chien, L83|49/277 brn\n|-damage|p2a: Wo-Chien|15/277 brn|[from] Stealth Rock\n|-ability|p2a: Wo-Chien|Tablets of Ruin\n|move|p1a: Rampardos|Fire Punch|p2a: Wo-Chien\n|-supereffective|p2a: Wo-Chien\n|-damage|p2a: Wo-Chien|0 fnt\n|faint|p2a: Wo-Chien\n|\n|upkeep\n|inactive|rottomdextro has 90 seconds left.\n|\n|t:|1733898110\n|switch|p2a: Garchomp|Garchomp, L74, F|282/282\n|-damage|p2a: Garchomp|265/282|[from] Stealth Rock\n|turn|19\n|\n|t:|1733898123\n|switch|p1a: Suicune|Suicune, L82|298/298\n|-ability|p1a: Suicune|Pressure\n|move|p2a: Garchomp|Swords Dance|p2a: Garchomp\n|-boost|p2a: Garchomp|atk|2\n|\n|upkeep\n|turn|20\n|inactive|rottomdextro has 90 seconds left.\n|\n|t:|1733898133\n|move|p2a: Garchomp|Scale Shot|p1a: Suicune\n|-crit|p1a: Suicune\n|-damage|p1a: Suicune|232/298\n|-damage|p1a: Suicune|189/298\n|-damage|p1a: Suicune|147/298\n|-damage|p1a: Suicune|105/298\n|-damage|p1a: Suicune|62/298\n|-hitcount|p1a: Suicune|5\n|-unboost|p2a: Garchomp|def|1\n|-boost|p2a: Garchomp|spe|1\n|move|p1a: Suicune|Substitute|p1a: Suicune\n|-fail|p1a: Suicune|move: Substitute|[weak]\n|\n|-heal|p1a: Suicune|80/298|[from] item: Leftovers\n|upkeep\n|turn|21\n|inactive|rottomdextro has 90 seconds left.\n|\n|t:|1733898149\n|move|p2a: Garchomp|Scale Shot|p1a: Suicune\n|-damage|p1a: Suicune|34/298\n|-damage|p1a: Suicune|0 fnt\n|faint|p1a: Suicune\n|-hitcount|p1: Suicune|2\n|-unboost|p2a: Garchomp|def|1\n|-boost|p2a: Garchomp|spe|1\n|\n|upkeep\n|\n|t:|1733898160\n|switch|p1a: Polteageist|Polteageist, L79|224/224\n|turn|22\n|inactive|rottomdextro has 90 seconds left.\n|\n|t:|1733898175\n|-terastallize|p1a: Polteageist|Psychic\n|move|p2a: Garchomp|Scale Shot|p1a: Polteageist\n|-damage|p1a: Polteageist|154/224\n|-damage|p1a: Polteageist|87/224\n|-damage|p1a: Polteageist|17/224\n|-damage|p1a: Polteageist|0 fnt\n|-start|p2a: Garchomp|Disable|Scale Shot|[from] ability: Cursed Body|[of] p1a: Polteageist\n|faint|p1a: Polteageist\n|-hitcount|p1: Polteageist|4\n|-unboost|p2a: Garchomp|def|1\n|-boost|p2a: Garchomp|spe|1\n|\n|upkeep\n|\n|t:|1733898182\n|switch|p1a: Azelf|Azelf, L82|124/257 par\n|turn|23\n|inactive|rottomdextro has 90 seconds left.\n|\n|t:|1733898197\n|move|p2a: Garchomp|Stone Edge|p1a: Azelf\n|-damage|p1a: Azelf|0 fnt\n|faint|p1a: Azelf\n|\n|upkeep\n|\n|t:|1733898203\n|switch|p1a: Rampardos|Rampardos, L90, M|321/321 par\n|turn|24\n|\n|t:|1733898210\n|move|p2a: Garchomp|Earthquake|p1a: Rampardos\n|-supereffective|p1a: Rampardos\n|-damage|p1a: Rampardos|0 fnt\n|faint|p1a: Rampardos\n|\n|upkeep\n|\n|t:|1733898213\n|switch|p1a: Mew|Mew, L82|298/298\n|turn|25\n|\n|t:|1733898218\n|move|p2a: Garchomp|Earthquake|p1a: Mew\n|-damage|p1a: Mew|97/298\n|move|p1a: Mew|Swords Dance|p1a: Mew\n|-boost|p1a: Mew|atk|2\n|\n|-end|p2a: Garchomp|Disable\n|upkeep\n|turn|26\n|c|\u2606rottomdextro|gg\n|\n|t:|1733898226\n|move|p2a: Garchomp|Earthquake|p1a: Mew\n|-damage|p1a: Mew|0 fnt\n|faint|p1a: Mew\n|\n|win|rottomdextro\n|raw|Thenightstumbler's rating: 1266 &rarr; <strong>1242</strong><br />(-24 for losing)\n|raw|rottomdextro's rating: 1285 &rarr; <strong>1309</strong><br />(+24 for winning)\n|l|\u2606Thenightstumbler\n|player|p1|\n", "inputlog": ">version bfd83cad13791eb5a5a409923076391caf6fb4d4\n>start {\"formatid\":\"gen9randombattle\",\"seed\":[20888,7552,48253,20677],\"rated\":\"Rated battle\"}\n>player p1 {\"name\":\"Thenightstumbler\",\"avatar\":\"102\",\"rating\":1266,\"seed\":[54343,50863,49968,20627]}\n>player p2 {\"name\":\"rottomdextro\",\"avatar\":\"dahlia\",\"rating\":1285,\"seed\":[323,10192,58597,31330]}\n>p1 switch 5\n>p2 move knockoff\n>p1 move flamecharge\n>p2 move protect\n>p1 move flamecharge\n>p2 move leechseed\n>p1 move sludgebomb\n>p2 move protect\n>p1 move sludgebomb\n>p2 switch 3\n>p1 move flamethrower\n>p2 move thunderwave\n>p2 switch 5\n>p1 move flamecharge\n>p2 move revivalblessing\n>p2 switch 5\n>p1 move flamethrower\n>p2 switch 3\n>p1 move flamethrower\n>p2 move protect\n>p1 switch 6\n>p1 move fireblast\n>p2 move knockoff\n>p1 move fireblast\n>p2 switch 5\n>p1 move stealthrock\n>p2 move roost\n>p1 move fireblast\n>p2 move encore\n>p1 move stealthrock\n>p2 move thunderwave\n>p1 move stealthrock\n>p2 move thunderwave\n>p1 switch 4\n>p2 move encore\n>p1 move firepunch\n>p2 move thunderwave\n>p1 move firepunch\n>p2 switch 5\n>p2 switch 4\n>p1 switch 3\n>p2 move swordsdance\n>p1 move substitute\n>p2 move scaleshot\n>p1 move scald\n>p2 move scaleshot\n>p1 switch 5\n>p1 move shellsmash terastallize\n>p2 move scaleshot\n>p1 switch 4\n>p1 move knockoff\n>p2 move stoneedge\n>p1 switch 3\n>p1 move rockslide\n>p2 move earthquake\n>p1 switch 2\n>p1 move swordsdance\n>p2 move earthquake\n>chat \u2606rottomdextro|gg\n>p1 move leechlife\n>p2 move earthquake", "uploadtime": 1733898261, "views": 1, "formatid": "gen9randombattle", "rating": 1242, "private": 0, "password": null}