{"id": "gen9randombattle-2260522713", "format": "[Gen 9] Random Battle", "players": ["ayr23", "tjd96"], "log": "|j|\u2606ayr23\n|j|\u2606tjd96\n|t:|1733859809\n|gametype|singles\n|player|p1|ayr23|169|1457\n|player|p2|tjd96|plasmagrunt-gen5bw|1484\n|teamsize|p1|6\n|teamsize|p2|6\n|gen|9\n|tier|[Gen 9] Random Battle\n|rated|\n|rule|Species Clause: Limit one of each Pok\u00e9mon\n|rule|HP Percentage Mod: HP is shown in percentages\n|rule|Sleep Clause Mod: Limit one foe put to sleep\n|rule|Illusion Level Mod: Illusion disguises the Pok\u00e9mon's true level\n|\n|t:|1733859809\n|start\n|switch|p1a: Sandslash|Sandslash-Alola, L88, M|275/275\n|switch|p2a: Garganacl|Garganacl, L80, M|291/291\n|turn|1\n|\n|t:|1733859825\n|move|p2a: Garganacl|Protect|p2a: Garganacl\n|-singleturn|p2a: Garganacl|Protect\n|move|p1a: Sandslash|Iron Head|p2a: Garganacl\n|-activate|p2a: Garganacl|move: Protect\n|\n|upkeep\n|turn|2\n|\n|t:|1733859833\n|switch|p2a: Perrserker|Perrserker, L89, M|269/269\n|move|p1a: Sandslash|Iron Head|p2a: Perrserker\n|-resisted|p2a: Perrserker\n|-damage|p2a: Perrserker|225/269\n|\n|upkeep\n|turn|3\n|\n|t:|1733859852\n|switch|p1a: Malamar|Malamar, L82, M|275/275\n|move|p2a: Perrserker|U-turn|p1a: Malamar\n|-supereffective|p1a: Malamar\n|-damage|p1a: Malamar|0 fnt\n|faint|p1a: Malamar\n|c|\u2606ayr23|Damnnnnnn\n|\n|t:|1733859866\n|switch|p2a: Mamoswine|Mamoswine, L81, M|311/311|[from] U-turn\n|\n|upkeep\n|c|\u2606ayr23|That hurt\n|\n|t:|1733859899\n|switch|p1a: Cryogonal|Cryogonal, L89|287/287\n|turn|4\n|c|\u2606tjd96|i switched up last second lol\n|\n|t:|1733859913\n|move|p1a: Cryogonal|Ice Beam|p2a: Mamoswine\n|-damage|p2a: Mamoswine|241/311\n|move|p2a: Mamoswine|Knock Off|p1a: Cryogonal\n|-damage|p1a: Cryogonal|123/287\n|-enditem|p1a: Cryogonal|Heavy-Duty Boots|[from] move: Knock Off|[of] p2a: Mamoswine\n|\n|upkeep\n|turn|5\n|\n|t:|1733859924\n|switch|p2a: Perrserker|Perrserker, L89, M|225/269\n|move|p1a: Cryogonal|Recover|p1a: Cryogonal\n|-heal|p1a: Cryogonal|267/287\n|\n|upkeep\n|turn|6\n|\n|t:|1733859936\n|switch|p1a: Dudunsparce|Dudunsparce-Three-Segment, L83, F|343/343\n|move|p2a: Perrserker|Iron Head|p1a: Dudunsparce\n|-damage|p1a: Dudunsparce|90/343\n|\n|-heal|p1a: Dudunsparce|111/343|[from] item: Leftovers\n|upkeep\n|turn|7\n|\n|t:|1733859951\n|switch|p1a: Toxapex|Toxapex, L82, M|216/216\n|move|p2a: Perrserker|Iron Head|p1a: Toxapex\n|-resisted|p1a: Toxapex\n|-damage|p1a: Toxapex|139/216\n|-damage|p2a: Perrserker|181/269|[from] item: Rocky Helmet|[of] p1a: Toxapex\n|\n|upkeep\n|turn|8\n|\n|t:|1733859964\n|switch|p2a: Garganacl|Garganacl, L80, M|291/291\n|move|p1a: Toxapex|Recover|p1a: Toxapex\n|-heal|p1a: Toxapex|216/216\n|\n|upkeep\n|turn|9\n|\n|t:|1733859972\n|move|p1a: Toxapex|Toxic|p2a: Garganacl\n|-immune|p2a: Garganacl|[from] ability: Purifying Salt\n|move|p2a: Garganacl|Stealth Rock|p1a: Toxapex\n|-sidestart|p1: ayr23|move: Stealth Rock\n|\n|upkeep\n|turn|10\n|\n|t:|1733859981\n|move|p1a: Toxapex|Liquidation|p2a: Garganacl\n|-supereffective|p2a: Garganacl\n|-damage|p2a: Garganacl|195/291\n|-unboost|p2a: Garganacl|def|1\n|move|p2a: Garganacl|Salt Cure|p1a: Toxapex\n|-damage|p1a: Toxapex|189/216\n|-start|p1a: Toxapex|Salt Cure\n|\n|-heal|p2a: Garganacl|213/291|[from] item: Leftovers\n|-damage|p1a: Toxapex|135/216|[from] Salt Cure\n|upkeep\n|turn|11\n|\n|t:|1733859993\n|move|p2a: Garganacl|Protect|p2a: Garganacl\n|-singleturn|p2a: Garganacl|Protect\n|move|p1a: Toxapex|Liquidation|p2a: Garganacl\n|-activate|p2a: Garganacl|move: Protect\n|\n|-heal|p2a: Garganacl|231/291|[from] item: Leftovers\n|-damage|p1a: Toxapex|81/216|[from] Salt Cure\n|upkeep\n|turn|12\n|\n|t:|1733860007\n|switch|p2a: Blastoise|Blastoise, L80, F|258/258\n|move|p1a: Toxapex|Recover|p1a: Toxapex\n|-heal|p1a: Toxapex|189/216\n|\n|-damage|p1a: Toxapex|135/216|[from] Salt Cure\n|upkeep\n|turn|13\n|\n|t:|1733860026\n|move|p2a: Blastoise|Earthquake|p1a: Toxapex\n|-supereffective|p1a: Toxapex\n|-crit|p1a: Toxapex\n|-damage|p1a: Toxapex|7/216\n|move|p1a: Toxapex|Haze|p1a: Toxapex\n|-clearallboost\n|\n|-damage|p1a: Toxapex|0 fnt|[from] Salt Cure\n|faint|p1a: Toxapex\n|upkeep\n|c|\u2606ayr23|Terrible predict\n|\n|t:|1733860050\n|switch|p1a: Cryogonal|Cryogonal, L89|267/287\n|-damage|p1a: Cryogonal|196/287|[from] Stealth Rock\n|turn|14\n|c|\u2606tjd96|ez read\n|\n|t:|1733860073\n|switch|p2a: Mamoswine|Mamoswine, L81, M|241/311\n|-terastallize|p1a: Cryogonal|Electric\n|move|p1a: Cryogonal|Rapid Spin|p2a: Mamoswine\n|-damage|p2a: Mamoswine|211/311\n|-boost|p1a: Cryogonal|spe|1\n|-sideend|p1: ayr23|Stealth Rock|[from] move: Rapid Spin|[of] p1a: Cryogonal\n|\n|upkeep\n|turn|15\n|\n|t:|1733860089\n|move|p1a: Cryogonal|Recover|p1a: Cryogonal\n|-heal|p1a: Cryogonal|287/287\n|move|p2a: Mamoswine|Icicle Crash|p1a: Cryogonal\n|-damage|p1a: Cryogonal|70/287\n|\n|upkeep\n|turn|16\n|\n|t:|1733860098\n|switch|p1a: Sandslash|Sandslash-Alola, L88, M|275/275\n|switch|p2a: Perrserker|Perrserker, L89, M|181/269\n|\n|upkeep\n|turn|17\n|\n|t:|1733860110\n|move|p1a: Sandslash|Knock Off|p2a: Perrserker\n|-damage|p2a: Perrserker|112/269\n|-enditem|p2a: Perrserker|Choice Band|[from] move: Knock Off|[of] p1a: Sandslash\n|move|p2a: Perrserker|Close Combat|p1a: Sandslash\n|-supereffective|p1a: Sandslash\n|-damage|p1a: Sandslash|0 fnt\n|-unboost|p2a: Perrserker|def|1\n|-unboost|p2a: Perrserker|spd|1\n|faint|p1a: Sandslash\n|\n|upkeep\n|\n|t:|1733860127\n|switch|p1a: Wyrdeer|Wyrdeer, L87, F|321/321\n|-ability|p1a: Wyrdeer|Intimidate|boost\n|-unboost|p2a: Perrserker|atk|1\n|turn|18\n|\n|t:|1733860143\n|move|p1a: Wyrdeer|Earthquake|p2a: Perrserker\n|-supereffective|p2a: Perrserker\n|-damage|p2a: Perrserker|0 fnt\n|faint|p2a: Perrserker\n|\n|upkeep\n|\n|t:|1733860148\n|switch|p2a: Granbull|Granbull, L88, M|302/302\n|-ability|p2a: Granbull|Intimidate|boost\n|-unboost|p1a: Wyrdeer|atk|1\n|turn|19\n|\n|t:|1733860157\n|move|p1a: Wyrdeer|Psychic Noise|p2a: Granbull\n|-damage|p2a: Granbull|193/302\n|-start|p2a: Granbull|move: Heal Block\n|move|p2a: Granbull|Thunder Wave|p1a: Wyrdeer\n|-status|p1a: Wyrdeer|par\n|\n|upkeep\n|turn|20\n|\n|t:|1733860166\n|move|p2a: Granbull|Play Rough|p1a: Wyrdeer|[miss]\n|-miss|p2a: Granbull|p1a: Wyrdeer\n|move|p1a: Wyrdeer|Psychic Noise|p2a: Granbull\n|-damage|p2a: Granbull|90/302\n|\n|-end|p2a: Granbull|move: Heal Block\n|upkeep\n|turn|21\n|\n|t:|1733860177\n|switch|p1a: Dudunsparce|Dudunsparce-Three-Segment, L83, F|111/343\n|move|p2a: Granbull|Play Rough|p1a: Dudunsparce\n|-damage|p1a: Dudunsparce|0 fnt\n|faint|p1a: Dudunsparce\n|\n|-heal|p2a: Granbull|108/302|[from] item: Leftovers\n|upkeep\n|\n|t:|1733860188\n|switch|p1a: Cryogonal|Cryogonal, L89, tera:Electric|70/287\n|turn|22\n|\n|t:|1733860196\n|move|p1a: Cryogonal|Ice Beam|p2a: Granbull\n|-damage|p2a: Granbull|0 fnt\n|faint|p2a: Granbull\n|\n|upkeep\n|\n|t:|1733860200\n|switch|p2a: Mamoswine|Mamoswine, L81, M|211/311\n|turn|23\n|\n|t:|1733860204\n|switch|p1a: Wyrdeer|Wyrdeer, L87, F|321/321 par\n|-ability|p1a: Wyrdeer|Intimidate|boost\n|-unboost|p2a: Mamoswine|atk|1\n|move|p2a: Mamoswine|Ice Shard|p1a: Wyrdeer\n|-damage|p1a: Wyrdeer|270/321 par\n|\n|upkeep\n|turn|24\n|\n|t:|1733860214\n|switch|p2a: Garganacl|Garganacl, L80, M|231/291\n|cant|p1a: Wyrdeer|par\n|\n|-heal|p2a: Garganacl|249/291|[from] item: Leftovers\n|upkeep\n|turn|25\n|\n|t:|1733860221\n|move|p2a: Garganacl|Salt Cure|p1a: Wyrdeer\n|-damage|p1a: Wyrdeer|227/321 par\n|-start|p1a: Wyrdeer|Salt Cure\n|cant|p1a: Wyrdeer|par\n|\n|-heal|p2a: Garganacl|267/291|[from] item: Leftovers\n|-damage|p1a: Wyrdeer|187/321 par|[from] Salt Cure\n|upkeep\n|turn|26\n|c|\u2606ayr23|Unlucky\n|\n|t:|1733860236\n|move|p2a: Garganacl|Stealth Rock|p1a: Wyrdeer\n|-sidestart|p1: ayr23|move: Stealth Rock\n|move|p1a: Wyrdeer|Earthquake|p2a: Garganacl\n|-supereffective|p2a: Garganacl\n|-damage|p2a: Garganacl|141/291\n|\n|-heal|p2a: Garganacl|159/291|[from] item: Leftovers\n|-damage|p1a: Wyrdeer|147/321 par|[from] Salt Cure\n|upkeep\n|turn|27\n|\n|t:|1733860248\n|move|p2a: Garganacl|Recover|p2a: Garganacl\n|-heal|p2a: Garganacl|291/291\n|move|p1a: Wyrdeer|Earthquake|p2a: Garganacl\n|-supereffective|p2a: Garganacl\n|-damage|p2a: Garganacl|173/291\n|\n|-heal|p2a: Garganacl|191/291|[from] item: Leftovers\n|-damage|p1a: Wyrdeer|107/321 par|[from] Salt Cure\n|upkeep\n|turn|28\n|\n|t:|1733860258\n|switch|p1a: Cryogonal|Cryogonal, L89, tera:Electric|70/287\n|-damage|p1a: Cryogonal|35/287|[from] Stealth Rock\n|move|p2a: Garganacl|Protect||[still]\n|-fail|p2a: Garganacl\n|\n|-heal|p2a: Garganacl|209/291|[from] item: Leftovers\n|upkeep\n|turn|29\n|\n|t:|1733860273\n|move|p1a: Cryogonal|Tera Blast|p2a: Garganacl|[anim] Tera Blast Electric\n|-damage|p2a: Garganacl|112/291\n|move|p2a: Garganacl|Salt Cure|p1a: Cryogonal\n|-damage|p1a: Cryogonal|0 fnt\n|faint|p1a: Cryogonal\n|\n|-heal|p2a: Garganacl|130/291|[from] item: Leftovers\n|upkeep\n|c|\u2606ayr23|Gg\n|\n|t:|1733860283\n|switch|p1a: Wyrdeer|Wyrdeer, L87, F|107/321 par\n|-damage|p1a: Wyrdeer|67/321 par|[from] Stealth Rock\n|-ability|p1a: Wyrdeer|Intimidate|boost\n|-unboost|p2a: Garganacl|atk|1\n|turn|30\n|c|\u2606tjd96|gg\n|\n|t:|1733860298\n|move|p2a: Garganacl|Salt Cure|p1a: Wyrdeer\n|-damage|p1a: Wyrdeer|34/321 par\n|-start|p1a: Wyrdeer|Salt Cure\n|move|p1a: Wyrdeer|Earthquake|p2a: Garganacl\n|-supereffective|p2a: Garganacl\n|-damage|p2a: Garganacl|0 fnt\n|faint|p2a: Garganacl\n|\n|-damage|p1a: Wyrdeer|0 fnt|[from] Salt Cure\n|faint|p1a: Wyrdeer\n|\n|win|tjd96\n|upkeep\n|raw|ayr23's rating: 1457 &rarr; <strong>1439</strong><br />(-18 for losing)\n|raw|tjd96's rating: 1484 &rarr; <strong>1502</strong><br />(+18 for winning)\n|l|\u2606tjd96\n|player|p2|\n|l|\u2606ayr23\n|player|p1|\n|j|\u2606tjd96\n|player|p2|tjd96|plasmagrunt-gen5bw|\n", "inputlog": ">version bfd83cad13791eb5a5a409923076391caf6fb4d4\n>start {\"formatid\":\"gen9randombattle\",\"seed\":[15578,36893,17804,24292],\"rated\":\"Rated battle\"}\n>player p1 {\"name\":\"ayr23\",\"avatar\":\"169\",\"rating\":1457,\"seed\":[23814,2772,11852,65174]}\n>player p2 {\"name\":\"tjd96\",\"avatar\":\"plasmagrunt-gen5bw\",\"rating\":1484,\"seed\":[46518,14829,33748,39413]}\n>p1 move ironhead\n>p2 move protect\n>p1 move ironhead\n>p2 switch 4\n>p1 switch 4\n>p2 move uturn\n>chat \u2606ayr23|Damnnnnnn\n>p2 switch 6\n>chat \u2606ayr23|That hurt\n>p1 switch 3\n>chat \u2606tjd96|i switched up last second lol\n>p1 move icebeam\n>p2 move knockoff\n>p1 move recover\n>p2 switch 6\n>p1 switch 5\n>p2 move ironhead\n>p1 switch 2\n>p2 move ironhead\n>p1 move recover\n>p2 switch 4\n>p1 move toxic\n>p2 move stealthrock\n>p1 move liquidation\n>p2 move saltcure\n>p1 move liquidation\n>p2 move protect\n>p1 move recover\n>p2 switch 3\n>p1 move haze\n>p2 move earthquake\n>chat \u2606ayr23|Terrible predict\n>p1 switch 5\n>chat \u2606tjd96|ez read\n>p1 move rapidspin terastallize\n>p2 switch 6\n>p1 move recover\n>p2 move iciclecrash\n>p1 switch 4\n>p2 switch 4\n>p1 move knockoff\n>p2 move closecombat\n>p1 switch 6\n>p1 move earthquake\n>p2 move uturn\n>p2 switch 5\n>p1 move psychicnoise\n>p2 move thunderwave\n>p1 move psychicnoise\n>p2 move playrough\n>p1 switch 2\n>p2 move playrough\n>p1 switch 4\n>p1 move icebeam\n>p2 move playrough\n>p2 switch 4\n>p1 switch 2\n>p2 move iceshard\n>p1 move psychicnoise\n>p2 switch 3\n>p1 move earthquake\n>p2 move saltcure\n>chat \u2606ayr23|Unlucky\n>p1 move earthquake\n>p2 move stealthrock\n>p1 move earthquake\n>p2 move recover\n>p1 switch 2\n>p2 move protect\n>p1 move terablast\n>p2 move saltcure\n>chat \u2606ayr23|Gg\n>p1 switch 2\n>chat \u2606tjd96|gg\n>p1 move earthquake\n>p2 move saltcure", "uploadtime": 1733860334, "views": 1, "formatid": "gen9randombattle", "rating": 1439, "private": 0, "password": null}