{"id": "gen9randombattle-2151397367", "format": "[Gen 9] Random Battle", "players": ["kkusaka", "palkiaguub"], "log": "|j|\u2606kkusaka\n|j|\u2606palkiaguub\n|t:|1719548054\n|gametype|singles\n|player|p1|kkusaka|1|2285\n|player|p2|palkiaguub|harlequin|2212\n|teamsize|p1|6\n|teamsize|p2|6\n|gen|9\n|tier|[Gen 9] Random Battle\n|rated|\n|rule|Species Clause: Limit one of each Pok\u00e9mon\n|rule|HP Percentage Mod: HP is shown in percentages\n|rule|Sleep Clause Mod: Limit one foe put to sleep\n|rule|Illusion Level Mod: Illusion disguises the Pok\u00e9mon's true level\n|\n|t:|1719548054\n|start\n|switch|p1a: Dragonite|Dragonite, L74, M|257/257\n|switch|p2a: Kilowattrel|Kilowattrel, L83, M|252/252\n|turn|1\n|\n|t:|1719548061\n|switch|p1a: Regirock|Regirock, L84|272/272\n|move|p2a: Kilowattrel|U-turn|p1a: Regirock\n|-damage|p1a: Regirock|251/272\n|inactive|Battle timer is ON: inactive players will automatically lose when time's up. (requested by kkusaka)\n|\n|t:|1719548084\n|switch|p2a: Iron Crown|Iron Crown, L79|272/272|[from] U-turn\n|\n|upkeep\n|turn|2\n|inactive|kkusaka has 120 seconds left.\n|\n|t:|1719548114\n|switch|p1a: Metagross|Metagross, L79|256/256\n|move|p2a: Iron Crown|Volt Switch|p1a: Metagross\n|-damage|p1a: Metagross|205/256\n|\n|t:|1719548125\n|-end|p2a: Iron Crown|Quark Drive|[silent]\n|switch|p2a: Pikachu|Pikachu-Alola, L93, M|216/216|[from] Volt Switch\n|\n|upkeep\n|turn|3\n|inactive|kkusaka has 120 seconds left.\n|\n|t:|1719548143\n|move|p2a: Pikachu|Fake Out|p1a: Metagross\n|-resisted|p1a: Metagross\n|-damage|p1a: Metagross|188/256\n|cant|p1a: Metagross|flinch\n|\n|upkeep\n|turn|4\n|\n|t:|1719548146\n|move|p2a: Pikachu|Volt Switch|p1a: Metagross\n|-damage|p1a: Metagross|76/256\n|\n|t:|1719548149\n|switch|p2a: Kilowattrel|Kilowattrel, L83, M|252/252|[from] Volt Switch\n|move|p1a: Metagross|Earthquake|p2a: Kilowattrel\n|-immune|p2a: Kilowattrel\n|\n|upkeep\n|turn|5\n|\n|t:|1719548158\n|switch|p1a: Regirock|Regirock, L84|251/272\n|move|p2a: Kilowattrel|Thunderbolt|p1a: Regirock\n|-damage|p1a: Regirock|161/272\n|\n|upkeep\n|turn|6\n|\n|t:|1719548166\n|switch|p1a: Vileplume|Vileplume, L86, M|269/269\n|move|p2a: Kilowattrel|Thunderbolt|p1a: Vileplume\n|-resisted|p1a: Vileplume\n|-damage|p1a: Vileplume|222/269\n|\n|-heal|p1a: Vileplume|238/269|[from] item: Leftovers\n|upkeep\n|turn|7\n|\n|t:|1719548177\n|move|p2a: Kilowattrel|Hurricane|p1a: Vileplume\n|-supereffective|p1a: Vileplume\n|-damage|p1a: Vileplume|4/269\n|-start|p1a: Vileplume|confusion\n|-activate|p1a: Vileplume|confusion\n|-damage|p1a: Vileplume|0 fnt|[from] confusion\n|faint|p1a: Vileplume\n|\n|upkeep\n|\n|t:|1719548185\n|switch|p1a: Dragonite|Dragonite, L74, M|257/257\n|turn|8\n|\n|t:|1719548188\n|move|p2a: Kilowattrel|U-turn|p1a: Dragonite\n|-resisted|p1a: Dragonite\n|-crit|p1a: Dragonite\n|-damage|p1a: Dragonite|242/257\n|\n|t:|1719548197\n|switch|p2a: Iron Crown|Iron Crown, L79|272/272|[from] U-turn\n|move|p1a: Dragonite|Dragon Dance|p1a: Dragonite\n|-boost|p1a: Dragonite|atk|1\n|-boost|p1a: Dragonite|spe|1\n|\n|upkeep\n|turn|9\n|\n|t:|1719548211\n|move|p2a: Iron Crown|Tachyon Cutter|p1a: Dragonite\n|-damage|p1a: Dragonite|185/257\n|-damage|p1a: Dragonite|122/257\n|-hitcount|p1a: Dragonite|2\n|move|p1a: Dragonite|Earthquake|p2a: Iron Crown\n|-supereffective|p2a: Iron Crown\n|-damage|p2a: Iron Crown|62/272\n|\n|upkeep\n|turn|10\n|\n|t:|1719548220\n|-terastallize|p1a: Dragonite|Steel\n|move|p2a: Iron Crown|Tachyon Cutter|p1a: Dragonite\n|-resisted|p1a: Dragonite\n|-damage|p1a: Dragonite|92/257\n|-resisted|p1a: Dragonite\n|-damage|p1a: Dragonite|65/257\n|-hitcount|p1a: Dragonite|2\n|move|p1a: Dragonite|Dragon Dance|p1a: Dragonite\n|-boost|p1a: Dragonite|atk|1\n|-boost|p1a: Dragonite|spe|1\n|\n|upkeep\n|turn|11\n|\n|t:|1719548245\n|move|p1a: Dragonite|Roost|p1a: Dragonite\n|-heal|p1a: Dragonite|194/257\n|move|p2a: Iron Crown|Tachyon Cutter|p1a: Dragonite\n|-resisted|p1a: Dragonite\n|-damage|p1a: Dragonite|162/257\n|-resisted|p1a: Dragonite\n|-damage|p1a: Dragonite|135/257\n|-hitcount|p1a: Dragonite|2\n|\n|upkeep\n|turn|12\n|\n|t:|1719548252\n|move|p1a: Dragonite|Roost|p1a: Dragonite\n|-heal|p1a: Dragonite|257/257\n|move|p2a: Iron Crown|Tachyon Cutter|p1a: Dragonite\n|-resisted|p1a: Dragonite\n|-damage|p1a: Dragonite|242/257\n|-resisted|p1a: Dragonite\n|-damage|p1a: Dragonite|210/257\n|-hitcount|p1a: Dragonite|2\n|\n|upkeep\n|turn|13\n|\n|t:|1719548265\n|move|p1a: Dragonite|Dragon Dance|p1a: Dragonite\n|-boost|p1a: Dragonite|atk|1\n|-boost|p1a: Dragonite|spe|1\n|move|p2a: Iron Crown|Tachyon Cutter|p1a: Dragonite\n|-resisted|p1a: Dragonite\n|-damage|p1a: Dragonite|180/257\n|-resisted|p1a: Dragonite\n|-damage|p1a: Dragonite|150/257\n|-hitcount|p1a: Dragonite|2\n|\n|upkeep\n|turn|14\n|\n|t:|1719548268\n|move|p1a: Dragonite|Roost|p1a: Dragonite\n|-heal|p1a: Dragonite|257/257\n|move|p2a: Iron Crown|Tachyon Cutter|p1a: Dragonite\n|-resisted|p1a: Dragonite\n|-damage|p1a: Dragonite|243/257\n|-resisted|p1a: Dragonite\n|-damage|p1a: Dragonite|213/257\n|-hitcount|p1a: Dragonite|2\n|\n|upkeep\n|turn|15\n|\n|t:|1719548271\n|move|p1a: Dragonite|Dragon Dance|p1a: Dragonite\n|-boost|p1a: Dragonite|atk|1\n|-boost|p1a: Dragonite|spe|1\n|move|p2a: Iron Crown|Tachyon Cutter|p1a: Dragonite\n|-resisted|p1a: Dragonite\n|-damage|p1a: Dragonite|183/257\n|-resisted|p1a: Dragonite\n|-damage|p1a: Dragonite|155/257\n|-hitcount|p1a: Dragonite|2\n|\n|upkeep\n|turn|16\n|\n|t:|1719548274\n|move|p1a: Dragonite|Roost|p1a: Dragonite\n|-heal|p1a: Dragonite|257/257\n|move|p2a: Iron Crown|Tachyon Cutter|p1a: Dragonite\n|-resisted|p1a: Dragonite\n|-damage|p1a: Dragonite|242/257\n|-resisted|p1a: Dragonite\n|-damage|p1a: Dragonite|213/257\n|-hitcount|p1a: Dragonite|2\n|\n|upkeep\n|turn|17\n|c|\u2606palkiaguub|pls\n|\n|t:|1719548280\n|move|p1a: Dragonite|Dragon Dance|p1a: Dragonite\n|-boost|p1a: Dragonite|atk|1\n|-boost|p1a: Dragonite|spe|1\n|move|p2a: Iron Crown|Tachyon Cutter|p1a: Dragonite\n|-resisted|p1a: Dragonite\n|-damage|p1a: Dragonite|185/257\n|-resisted|p1a: Dragonite\n|-damage|p1a: Dragonite|155/257\n|-hitcount|p1a: Dragonite|2\n|\n|upkeep\n|turn|18\n|\n|t:|1719548282\n|move|p1a: Dragonite|Roost|p1a: Dragonite\n|-heal|p1a: Dragonite|257/257\n|move|p2a: Iron Crown|Tachyon Cutter|p1a: Dragonite\n|-resisted|p1a: Dragonite\n|-damage|p1a: Dragonite|242/257\n|-resisted|p1a: Dragonite\n|-damage|p1a: Dragonite|214/257\n|-hitcount|p1a: Dragonite|2\n|\n|upkeep\n|turn|19\n|\n|t:|1719548284\n|move|p1a: Dragonite|Dragon Dance|p1a: Dragonite\n|-boost|p1a: Dragonite|atk|1\n|-boost|p1a: Dragonite|spe|1\n|move|p2a: Iron Crown|Tachyon Cutter|p1a: Dragonite\n|-resisted|p1a: Dragonite\n|-damage|p1a: Dragonite|184/257\n|-resisted|p1a: Dragonite\n|-damage|p1a: Dragonite|157/257\n|-hitcount|p1a: Dragonite|2\n|\n|upkeep\n|turn|20\n|\n|t:|1719548286\n|move|p1a: Dragonite|Roost|p1a: Dragonite\n|-heal|p1a: Dragonite|257/257\n|move|p2a: Iron Crown|Tachyon Cutter|p1a: Dragonite\n|-resisted|p1a: Dragonite\n|-damage|p1a: Dragonite|242/257\n|-resisted|p1a: Dragonite\n|-damage|p1a: Dragonite|213/257\n|-hitcount|p1a: Dragonite|2\n|\n|upkeep\n|turn|21\n|\n|t:|1719548288\n|move|p1a: Dragonite|Dragon Dance|p1a: Dragonite\n|-boost|p1a: Dragonite|atk|0\n|-boost|p1a: Dragonite|spe|0\n|move|p2a: Iron Crown|Tachyon Cutter|p1a: Dragonite\n|-resisted|p1a: Dragonite\n|-damage|p1a: Dragonite|183/257\n|-resisted|p1a: Dragonite\n|-damage|p1a: Dragonite|152/257\n|-hitcount|p1a: Dragonite|2\n|\n|upkeep\n|turn|22\n|\n|t:|1719548293\n|move|p1a: Dragonite|Roost|p1a: Dragonite\n|-heal|p1a: Dragonite|257/257\n|move|p2a: Iron Crown|Tachyon Cutter|p1a: Dragonite\n|-resisted|p1a: Dragonite\n|-damage|p1a: Dragonite|244/257\n|-resisted|p1a: Dragonite\n|-damage|p1a: Dragonite|215/257\n|-hitcount|p1a: Dragonite|2\n|\n|upkeep\n|turn|23\n|\n|t:|1719548296\n|move|p1a: Dragonite|Dragon Dance|p1a: Dragonite\n|-boost|p1a: Dragonite|atk|0\n|-boost|p1a: Dragonite|spe|0\n|move|p2a: Iron Crown|Tachyon Cutter|p1a: Dragonite\n|-resisted|p1a: Dragonite\n|-crit|p1a: Dragonite\n|-damage|p1a: Dragonite|169/257\n|-resisted|p1a: Dragonite\n|-damage|p1a: Dragonite|142/257\n|-hitcount|p1a: Dragonite|2\n|\n|upkeep\n|turn|24\n|\n|t:|1719548300\n|move|p1a: Dragonite|Roost|p1a: Dragonite\n|-heal|p1a: Dragonite|257/257\n|move|p2a: Iron Crown|Tachyon Cutter|p1a: Dragonite\n|-resisted|p1a: Dragonite\n|-damage|p1a: Dragonite|244/257\n|-resisted|p1a: Dragonite\n|-damage|p1a: Dragonite|214/257\n|-hitcount|p1a: Dragonite|2\n|\n|upkeep\n|turn|25\n|\n|t:|1719548303\n|move|p1a: Dragonite|Earthquake|p2a: Iron Crown\n|-supereffective|p2a: Iron Crown\n|-damage|p2a: Iron Crown|0 fnt\n|faint|p2a: Iron Crown\n|-end|p2a: Iron Crown|Quark Drive|[silent]\n|\n|upkeep\n|\n|t:|1719548307\n|switch|p2a: Ditto|Ditto, L87|225/225\n|-transform|p2a: Ditto|p1a: Dragonite|[from] ability: Imposter\n|-start|p2a: Ditto|typechange|Dragon/Flying|[silent]\n|turn|26\n|\n|t:|1719548318\n|move|p2a: Ditto|Outrage|p1a: Dragonite\n|-resisted|p1a: Dragonite\n|-damage|p1a: Dragonite|0 fnt\n|faint|p1a: Dragonite\n|\n|upkeep\n|\n|t:|1719548321\n|switch|p1a: Roaring Moon|Roaring Moon, L72|270/270\n|-enditem|p1a: Roaring Moon|Booster Energy\n|-activate|p1a: Roaring Moon|ability: Protosynthesis|[fromitem]\n|-start|p1a: Roaring Moon|protosynthesisatk\n|turn|27\n|-message|kkusaka forfeited.\n|\n|win|palkiaguub\n|raw|kkusaka's rating: 2307 &rarr; <strong>2282</strong><br />(-25 for losing)\n|raw|palkiaguub's rating: 2212 &rarr; <strong>2237</strong><br />(+25 for winning)\n|l|\u2606kkusaka\n|player|p1|\n|l|\u2606palkiaguub\n|player|p2|\n|j|\u2606palkiaguub\n|player|p2|palkiaguub|harlequin|\n", "inputlog": ">version 021bb6b4147d783a3aa9da22896c4e1e173f1b61\n>start {\"formatid\":\"gen9randombattle\",\"seed\":[58685,60325,2435,37848],\"rated\":\"Rated battle\"}\n>player p1 {\"name\":\"kkusaka\",\"avatar\":\"1\",\"rating\":2285,\"seed\":[50583,48538,55926,28168]}\n>player p2 {\"name\":\"palkiaguub\",\"avatar\":\"harlequin\",\"rating\":2212,\"seed\":[56237,64111,47515,18792]}\n>p1 switch 5\n>p2 move uturn\n>p2 switch 4\n>p1 switch 6\n>p2 move voltswitch\n>p2 switch 2\n>p1 move earthquake\n>p2 move fakeout\n>p1 move earthquake\n>p2 move voltswitch\n>p2 switch 4\n>p1 switch 6\n>p2 move thunderbolt\n>p1 switch 3\n>p2 move thunderbolt\n>p1 move leechseed\n>p2 move hurricane\n>p1 switch 5\n>p1 move dragondance\n>p2 move uturn\n>p2 switch 2\n>p1 move earthquake\n>p2 move tachyoncutter\n>p1 move dragondance terastallize\n>p2 move tachyoncutter\n>p1 move roost\n>p2 move tachyoncutter\n>p1 move roost\n>p2 move tachyoncutter\n>p1 move dragondance\n>p2 move tachyoncutter\n>p1 move roost\n>p2 move tachyoncutter\n>p1 move dragondance\n>p2 move tachyoncutter\n>p1 move roost\n>p2 move tachyoncutter\n>chat \u2606palkiaguub|pls\n>p1 move dragondance\n>p2 move tachyoncutter\n>p1 move roost\n>p2 move tachyoncutter\n>p1 move dragondance\n>p2 move tachyoncutter\n>p1 move roost\n>p2 move tachyoncutter\n>p1 move dragondance\n>p2 move tachyoncutter\n>p1 move roost\n>p2 move tachyoncutter\n>p1 move dragondance\n>p2 move tachyoncutter\n>p1 move roost\n>p2 move tachyoncutter\n>p1 move earthquake\n>p2 move struggle\n>p2 switch 5\n>p1 move outrage\n>p2 move outrage\n>p1 switch 2\n>forcelose p1", "uploadtime": 1719548450, "views": 182, "formatid": "gen9randombattle", "rating": 2237, "private": 0, "password": null}