{"id": "gen9randombattle-2260644702", "format": "[Gen 9] Random Battle", "players": ["Wahhhe", "edthegamer1"], "log": "|j|\u2606Wahhhe\n|j|\u2606edthegamer1\n|t:|1733873127\n|gametype|singles\n|player|p1|Wahhhe|n|1474\n|player|p2|edthegamer1|265|1465\n|teamsize|p1|6\n|teamsize|p2|6\n|gen|9\n|tier|[Gen 9] Random Battle\n|rated|\n|rule|Species Clause: Limit one of each Pok\u00e9mon\n|rule|HP Percentage Mod: HP is shown in percentages\n|rule|Sleep Clause Mod: Limit one foe put to sleep\n|rule|Illusion Level Mod: Illusion disguises the Pok\u00e9mon's true level\n|\n|t:|1733873127\n|start\n|switch|p1a: Vaporeon|Vaporeon, L86, M|364/364\n|switch|p2a: Salamence|Salamence, L77, M|273/273\n|turn|1\n|inactive|Battle timer is ON: inactive players will automatically lose when time's up. (requested by edthegamer1)\n|\n|t:|1733873140\n|move|p2a: Salamence|Dragon Dance|p2a: Salamence\n|-boost|p2a: Salamence|atk|1\n|-boost|p2a: Salamence|spe|1\n|move|p1a: Vaporeon|Scald|p2a: Salamence\n|-resisted|p2a: Salamence\n|-damage|p2a: Salamence|212/273\n|-status|p2a: Salamence|brn\n|\n|-damage|p2a: Salamence|195/273 brn|[from] brn\n|upkeep\n|turn|2\n|\n|t:|1733873154\n|switch|p1a: Heatran|Heatran, L79, F|273/273\n|-item|p1a: Heatran|Air Balloon\n|move|p2a: Salamence|Dragon Dance|p2a: Salamence\n|-boost|p2a: Salamence|atk|1\n|-boost|p2a: Salamence|spe|1\n|\n|-damage|p2a: Salamence|178/273 brn|[from] brn\n|upkeep\n|turn|3\n|\n|t:|1733873158\n|move|p2a: Salamence|Dual Wingbeat|p1a: Heatran|[miss]\n|-miss|p2a: Salamence|p1a: Heatran\n|move|p1a: Heatran|Stealth Rock|p2a: Salamence\n|-sidestart|p2: edthegamer1|move: Stealth Rock\n|\n|-damage|p2a: Salamence|161/273 brn|[from] brn\n|upkeep\n|turn|4\n|\n|t:|1733873166\n|move|p2a: Salamence|Dual Wingbeat|p1a: Heatran\n|-resisted|p1a: Heatran\n|-damage|p1a: Heatran|254/273\n|-enditem|p1a: Heatran|Air Balloon\n|-resisted|p1a: Heatran\n|-damage|p1a: Heatran|234/273\n|-hitcount|p1a: Heatran|2\n|move|p1a: Heatran|Heavy Slam|p2a: Salamence\n|-damage|p2a: Salamence|55/273 brn\n|\n|-damage|p2a: Salamence|38/273 brn|[from] brn\n|upkeep\n|turn|5\n|\n|t:|1733873171\n|move|p2a: Salamence|Earthquake|p1a: Heatran\n|-supereffective|p1a: Heatran\n|-damage|p1a: Heatran|0 fnt\n|faint|p1a: Heatran\n|-ability|p2a: Salamence|Moxie|boost\n|-boost|p2a: Salamence|atk|1\n|\n|-damage|p2a: Salamence|21/273 brn|[from] brn\n|upkeep\n|\n|t:|1733873181\n|switch|p1a: Vaporeon|Vaporeon, L86, M|364/364\n|turn|6\n|\n|t:|1733873185\n|move|p1a: Vaporeon|Protect|p1a: Vaporeon\n|-singleturn|p1a: Vaporeon|Protect\n|move|p2a: Salamence|Outrage|p1a: Vaporeon\n|-activate|p1a: Vaporeon|move: Protect\n|\n|-damage|p2a: Salamence|4/273 brn|[from] brn\n|upkeep\n|turn|7\n|\n|t:|1733873189\n|move|p1a: Vaporeon|Protect||[still]\n|-fail|p1a: Vaporeon\n|move|p2a: Salamence|Outrage|p1a: Vaporeon\n|-damage|p1a: Vaporeon|156/364\n|\n|-heal|p1a: Vaporeon|178/364|[from] item: Leftovers\n|-damage|p2a: Salamence|0 fnt|[from] brn\n|faint|p2a: Salamence\n|upkeep\n|\n|t:|1733873195\n|switch|p2a: Shaymin|Shaymin, L82|298/298\n|-damage|p2a: Shaymin|261/298|[from] Stealth Rock\n|turn|8\n|\n|t:|1733873205\n|move|p1a: Vaporeon|Protect|p1a: Vaporeon\n|-singleturn|p1a: Vaporeon|Protect\n|move|p2a: Shaymin|Seed Flare|p1a: Vaporeon\n|-activate|p1a: Vaporeon|move: Protect\n|\n|-heal|p2a: Shaymin|279/298|[from] item: Leftovers\n|-heal|p1a: Vaporeon|200/364|[from] item: Leftovers\n|upkeep\n|turn|9\n|inactive|Wahhhe has 120 seconds left.\n|\n|t:|1733873238\n|switch|p1a: Copperajah|Copperajah, L86, M|350/350\n|move|p2a: Shaymin|Seed Flare|p1a: Copperajah|[miss]\n|-miss|p2a: Shaymin|p1a: Copperajah\n|\n|-heal|p2a: Shaymin|297/298|[from] item: Leftovers\n|upkeep\n|turn|10\n|inactive|Wahhhe has 120 seconds left.\n|\n|t:|1733873277\n|switch|p2a: Pyroar|Pyroar, L88, M|295/295\n|-ability|p2a: Pyroar|Unnerve\n|switch|p1a: Pyroar|Pyroar, L88, F|295/295\n|-ability|p1a: Pyroar|Unnerve\n|\n|upkeep\n|turn|11\n|c|\u2606Wahhhe|Mrr\n|\n|t:|1733873291\n|move|p1a: Pyroar|Work Up|p1a: Pyroar\n|-boost|p1a: Pyroar|atk|1\n|-boost|p1a: Pyroar|spa|1\n|move|p2a: Pyroar|Hyper Voice|p1a: Pyroar\n|-damage|p1a: Pyroar|153/295\n|\n|upkeep\n|turn|12\n|\n|t:|1733873295\n|move|p2a: Pyroar|Hyper Voice|p1a: Pyroar\n|-damage|p1a: Pyroar|5/295\n|move|p1a: Pyroar|Dark Pulse|p2a: Pyroar\n|-damage|p2a: Pyroar|183/295\n|\n|upkeep\n|turn|13\n|\n|t:|1733873301\n|move|p2a: Pyroar|Hyper Voice|p1a: Pyroar\n|-damage|p1a: Pyroar|0 fnt\n|faint|p1a: Pyroar\n|\n|upkeep\n|\n|t:|1733873307\n|switch|p1a: Gastrodon|Gastrodon-East, L86, F|331/331\n|turn|14\n|inactive|Wahhhe has 120 seconds left.\n|\n|t:|1733873313\n|move|p2a: Pyroar|Will-O-Wisp|p1a: Gastrodon\n|-status|p1a: Gastrodon|brn\n|move|p1a: Gastrodon|Earthquake|p2a: Pyroar\n|-supereffective|p2a: Pyroar\n|-damage|p2a: Pyroar|81/295\n|\n|-damage|p1a: Gastrodon|311/331 brn|[from] brn\n|upkeep\n|turn|15\n|\n|t:|1733873319\n|-terastallize|p1a: Gastrodon|Poison\n|move|p2a: Pyroar|Hyper Voice|p1a: Gastrodon\n|-damage|p1a: Gastrodon|191/331 brn\n|move|p1a: Gastrodon|Sludge Bomb|p2a: Pyroar\n|-damage|p2a: Pyroar|0 fnt\n|faint|p2a: Pyroar\n|\n|-heal|p1a: Gastrodon|211/331 brn|[from] item: Leftovers\n|-damage|p1a: Gastrodon|191/331 brn|[from] brn\n|upkeep\n|\n|t:|1733873338\n|switch|p2a: Klefki|Klefki, L84, F|233/233\n|-damage|p2a: Klefki|219/233|[from] Stealth Rock\n|turn|16\n|\n|t:|1733873354\n|switch|p1a: Vaporeon|Vaporeon, L86, M|200/364\n|move|p2a: Klefki|Spikes|p1a: Vaporeon\n|-sidestart|p1: Wahhhe|Spikes\n|\n|-heal|p2a: Klefki|233/233|[from] item: Leftovers\n|-heal|p1a: Vaporeon|222/364|[from] item: Leftovers\n|upkeep\n|turn|17\n|\n|t:|1733873358\n|move|p2a: Klefki|Thunder Wave|p1a: Vaporeon\n|-status|p1a: Vaporeon|par\n|cant|p1a: Vaporeon|par\n|\n|-heal|p1a: Vaporeon|244/364 par|[from] item: Leftovers\n|upkeep\n|turn|18\n|\n|t:|1733873363\n|move|p2a: Klefki|Spikes|p1a: Vaporeon\n|-sidestart|p1: Wahhhe|Spikes\n|move|p1a: Vaporeon|Calm Mind|p1a: Vaporeon\n|-boost|p1a: Vaporeon|spa|1\n|-boost|p1a: Vaporeon|spd|1\n|\n|-heal|p1a: Vaporeon|266/364 par|[from] item: Leftovers\n|upkeep\n|turn|19\n|\n|t:|1733873369\n|switch|p2a: Shaymin|Shaymin, L82|297/298\n|-damage|p2a: Shaymin|260/298|[from] Stealth Rock\n|move|p1a: Vaporeon|Calm Mind|p1a: Vaporeon\n|-boost|p1a: Vaporeon|spa|1\n|-boost|p1a: Vaporeon|spd|1\n|\n|-heal|p2a: Shaymin|278/298|[from] item: Leftovers\n|-heal|p1a: Vaporeon|288/364 par|[from] item: Leftovers\n|upkeep\n|turn|20\n|\n|t:|1733873372\n|move|p2a: Shaymin|Seed Flare|p1a: Vaporeon\n|-supereffective|p1a: Vaporeon\n|-damage|p1a: Vaporeon|180/364 par\n|cant|p1a: Vaporeon|par\n|\n|-heal|p2a: Shaymin|296/298|[from] item: Leftovers\n|-heal|p1a: Vaporeon|202/364 par|[from] item: Leftovers\n|upkeep\n|turn|21\n|\n|t:|1733873377\n|move|p1a: Vaporeon|Protect|p1a: Vaporeon\n|-singleturn|p1a: Vaporeon|Protect\n|move|p2a: Shaymin|Seed Flare|p1a: Vaporeon\n|-activate|p1a: Vaporeon|move: Protect\n|\n|-heal|p2a: Shaymin|298/298|[from] item: Leftovers\n|-heal|p1a: Vaporeon|224/364 par|[from] item: Leftovers\n|upkeep\n|turn|22\n|\n|t:|1733873381\n|move|p2a: Shaymin|Seed Flare|p1a: Vaporeon|[miss]\n|-miss|p2a: Shaymin|p1a: Vaporeon\n|move|p1a: Vaporeon|Calm Mind|p1a: Vaporeon\n|-boost|p1a: Vaporeon|spa|1\n|-boost|p1a: Vaporeon|spd|1\n|\n|-heal|p1a: Vaporeon|246/364 par|[from] item: Leftovers\n|upkeep\n|turn|23\n|\n|t:|1733873385\n|move|p2a: Shaymin|Seed Flare|p1a: Vaporeon|[miss]\n|-miss|p2a: Shaymin|p1a: Vaporeon\n|move|p1a: Vaporeon|Calm Mind|p1a: Vaporeon\n|-boost|p1a: Vaporeon|spa|1\n|-boost|p1a: Vaporeon|spd|1\n|\n|-heal|p1a: Vaporeon|268/364 par|[from] item: Leftovers\n|upkeep\n|turn|24\n|\n|t:|1733873396\n|move|p1a: Vaporeon|Protect|p1a: Vaporeon\n|-singleturn|p1a: Vaporeon|Protect\n|move|p2a: Shaymin|Seed Flare|p1a: Vaporeon\n|-activate|p1a: Vaporeon|move: Protect\n|\n|-heal|p1a: Vaporeon|290/364 par|[from] item: Leftovers\n|upkeep\n|turn|25\n|\n|t:|1733873399\n|move|p2a: Shaymin|Seed Flare|p1a: Vaporeon|[miss]\n|-miss|p2a: Shaymin|p1a: Vaporeon\n|move|p1a: Vaporeon|Calm Mind|p1a: Vaporeon\n|-boost|p1a: Vaporeon|spa|1\n|-boost|p1a: Vaporeon|spd|1\n|\n|-heal|p1a: Vaporeon|312/364 par|[from] item: Leftovers\n|upkeep\n|turn|26\n|c|\u2606edthegamer1|bruh what lol\n|\n|t:|1733873412\n|move|p1a: Vaporeon|Protect|p1a: Vaporeon\n|-singleturn|p1a: Vaporeon|Protect\n|move|p2a: Shaymin|Air Slash|p1a: Vaporeon\n|-activate|p1a: Vaporeon|move: Protect\n|\n|-heal|p1a: Vaporeon|334/364 par|[from] item: Leftovers\n|upkeep\n|turn|27\n|\n|t:|1733873416\n|move|p2a: Shaymin|Air Slash|p1a: Vaporeon\n|-damage|p1a: Vaporeon|319/364 par\n|cant|p1a: Vaporeon|par\n|\n|-heal|p1a: Vaporeon|341/364 par|[from] item: Leftovers\n|upkeep\n|turn|28\n|\n|t:|1733873423\n|switch|p2a: Klefki|Klefki, L84, F|233/233\n|-damage|p2a: Klefki|219/233|[from] Stealth Rock\n|move|p1a: Vaporeon|Calm Mind|p1a: Vaporeon\n|-boost|p1a: Vaporeon|spa|1\n|-boost|p1a: Vaporeon|spd|1\n|\n|-heal|p2a: Klefki|233/233|[from] item: Leftovers\n|-heal|p1a: Vaporeon|363/364 par|[from] item: Leftovers\n|upkeep\n|turn|29\n|\n|t:|1733873429\n|move|p2a: Klefki|Play Rough|p1a: Vaporeon\n|-damage|p1a: Vaporeon|264/364 par\n|move|p1a: Vaporeon|Scald|p2a: Klefki\n|-damage|p2a: Klefki|0 fnt\n|faint|p2a: Klefki\n|\n|-heal|p1a: Vaporeon|286/364 par|[from] item: Leftovers\n|upkeep\n|\n|t:|1733873435\n|switch|p2a: Zapdos|Zapdos-Galar, L77|265/265\n|-damage|p2a: Zapdos|232/265|[from] Stealth Rock\n|turn|30\n|\n|t:|1733873443\n|move|p1a: Vaporeon|Protect|p1a: Vaporeon\n|-singleturn|p1a: Vaporeon|Protect\n|move|p2a: Zapdos|Brave Bird|p1a: Vaporeon\n|-activate|p1a: Vaporeon|move: Protect\n|\n|-heal|p1a: Vaporeon|308/364 par|[from] item: Leftovers\n|upkeep\n|turn|31\n|\n|t:|1733873445\n|move|p2a: Zapdos|Brave Bird|p1a: Vaporeon\n|-damage|p1a: Vaporeon|130/364 par\n|-damage|p2a: Zapdos|173/265|[from] Recoil\n|move|p1a: Vaporeon|Scald|p2a: Zapdos\n|-damage|p2a: Zapdos|0 fnt\n|faint|p2a: Zapdos\n|\n|-heal|p1a: Vaporeon|152/364 par|[from] item: Leftovers\n|upkeep\n|\n|t:|1733873450\n|switch|p2a: Sneasler|Sneasler, L74, F|240/240\n|-damage|p2a: Sneasler|225/240|[from] Stealth Rock\n|turn|32\n|\n|t:|1733873454\n|move|p2a: Sneasler|Close Combat|p1a: Vaporeon\n|-damage|p1a: Vaporeon|0 fnt\n|-unboost|p2a: Sneasler|def|1\n|-unboost|p2a: Sneasler|spd|1\n|-enditem|p2a: Sneasler|White Herb\n|-clearnegativeboost|p2a: Sneasler|[silent]\n|faint|p1a: Vaporeon\n|\n|upkeep\n|\n|t:|1733873456\n|switch|p1a: Noivern|Noivern, L82, F|274/274\n|turn|33\n|\n|t:|1733873466\n|-terastallize|p2a: Sneasler|Flying\n|move|p2a: Sneasler|Acrobatics|p1a: Noivern\n|-damage|p1a: Noivern|145/274\n|move|p1a: Noivern|Hurricane|p2a: Sneasler|[miss]\n|-miss|p1a: Noivern|p2a: Sneasler\n|\n|upkeep\n|turn|34\n|\n|t:|1733873472\n|move|p2a: Sneasler|Acrobatics|p1a: Noivern\n|-damage|p1a: Noivern|25/274\n|move|p1a: Noivern|Draco Meteor|p2a: Sneasler\n|-damage|p2a: Sneasler|78/240\n|-unboost|p1a: Noivern|spa|2\n|\n|upkeep\n|turn|35\n|\n|t:|1733873479\n|switch|p1a: Copperajah|Copperajah, L86, M|350/350\n|-damage|p1a: Copperajah|292/350|[from] Spikes\n|move|p2a: Sneasler|Acrobatics|p1a: Copperajah\n|-resisted|p1a: Copperajah\n|-damage|p1a: Copperajah|231/350\n|\n|upkeep\n|turn|36\n|\n|t:|1733873487\n|move|p2a: Sneasler|Close Combat|p1a: Copperajah\n|-supereffective|p1a: Copperajah\n|-damage|p1a: Copperajah|0 fnt\n|-unboost|p2a: Sneasler|def|1\n|-unboost|p2a: Sneasler|spd|1\n|faint|p1a: Copperajah\n|\n|upkeep\n|\n|t:|1733873489\n|switch|p1a: Gastrodon|Gastrodon-East, L86, F, tera:Poison|191/331 brn\n|-damage|p1a: Gastrodon|136/331 brn|[from] Spikes\n|turn|37\n|\n|t:|1733873492\n|move|p2a: Sneasler|Acrobatics|p1a: Gastrodon\n|-damage|p1a: Gastrodon|0 fnt\n|faint|p1a: Gastrodon\n|\n|upkeep\n|-message|Wahhhe forfeited.\n|\n|win|edthegamer1\n|raw|Wahhhe's rating: 1474 &rarr; <strong>1453</strong><br />(-21 for losing)\n|raw|edthegamer1's rating: 1465 &rarr; <strong>1486</strong><br />(+21 for winning)\n|l|\u2606Wahhhe\n|player|p1|\n|c|\u2606edthegamer1|how did you ose this lol\n", "inputlog": ">version bfd83cad13791eb5a5a409923076391caf6fb4d4\n>start {\"formatid\":\"gen9randombattle\",\"seed\":[16432,35418,8976,44702],\"rated\":\"Rated battle\"}\n>player p1 {\"name\":\"Wahhhe\",\"avatar\":\"n\",\"rating\":1474,\"seed\":[22168,57855,46085,2395]}\n>player p2 {\"name\":\"edthegamer1\",\"avatar\":\"265\",\"rating\":1465,\"seed\":[58978,19825,35059,24562]}\n>p1 move scald\n>p2 move dragondance\n>p1 switch 2\n>p2 move dragondance\n>p1 move stealthrock\n>p2 move dualwingbeat\n>p1 move heavyslam\n>p2 move dualwingbeat\n>p1 move heavyslam\n>p2 move earthquake\n>p1 switch 2\n>p1 move protect\n>p2 move outrage\n>p1 move protect\n>p2 move outrage\n>p2 switch 5\n>p1 move protect\n>p2 move seedflare\n>p1 switch 5\n>p2 move seedflare\n>p1 switch 3\n>p2 switch 2\n>chat \u2606Wahhhe|Mrr\n>p1 move workup\n>p2 move hypervoice\n>p1 move darkpulse\n>p2 move hypervoice\n>p1 move darkpulse\n>p2 move hypervoice\n>p1 switch 6\n>p1 move earthquake\n>p2 move willowisp\n>p1 move sludgebomb terastallize\n>p2 move hypervoice\n>p2 switch 4\n>p1 switch 5\n>p2 move spikes\n>p1 move calmmind\n>p2 move thunderwave\n>p1 move calmmind\n>p2 move spikes\n>p1 move calmmind\n>p2 switch 2\n>p1 move calmmind\n>p2 move seedflare\n>p1 move protect\n>p2 move seedflare\n>p1 move calmmind\n>p2 move seedflare\n>p1 move calmmind\n>p2 move seedflare\n>p1 move protect\n>p2 move seedflare\n>p1 move calmmind\n>p2 move seedflare\n>chat \u2606edthegamer1|bruh what lol\n>p1 move protect\n>p2 move airslash\n>p1 move calmmind\n>p2 move airslash\n>p1 move calmmind\n>p2 switch 2\n>p1 move scald\n>p2 move playrough\n>p2 switch 6\n>p1 move protect\n>p2 move bravebird\n>p1 move scald\n>p2 move bravebird\n>p2 switch 3\n>p1 move scald\n>p2 move closecombat\n>p1 switch 4\n>p1 move hurricane\n>p2 move acrobatics terastallize\n>p1 move dracometeor\n>p2 move acrobatics\n>p1 switch 3\n>p2 move acrobatics\n>p1 move heatcrash\n>p2 move closecombat\n>p1 switch 5\n>p1 move recover\n>p2 move acrobatics\n>forcelose p1", "uploadtime": 1733873512, "views": 2, "formatid": "gen9randombattle", "rating": 1453, "private": 0, "password": null}