{"id": "gen9randombattle-2259901917", "format": "[Gen 9] Random Battle", "players": ["certifiedracer", "king jot"], "log": "|j|\u2606certifiedracer\n|j|\u2606king jot\n|t:|1733778117\n|gametype|singles\n|player|p1|certifiedracer|265|\n|player|p2|king jot|swimmerf|\n|teamsize|p1|6\n|teamsize|p2|6\n|gen|9\n|tier|[Gen 9] Random Battle\n|rule|Species Clause: Limit one of each Pok\u00e9mon\n|rule|HP Percentage Mod: HP is shown in percentages\n|rule|Sleep Clause Mod: Limit one foe put to sleep\n|rule|Illusion Level Mod: Illusion disguises the Pok\u00e9mon's true level\n|\n|t:|1733778117\n|start\n|switch|p1a: Garchomp|Garchomp, L74, M|282/282\n|switch|p2a: Kingambit|Kingambit, L74, M|270/270\n|turn|1\n|\n|t:|1733778125\n|-end|p2a: Kingambit|fallenundefined|[silent]\n|switch|p2a: Landorus|Landorus-Therian, L76, M|260/260\n|-ability|p2a: Landorus|Intimidate|boost\n|-unboost|p1a: Garchomp|atk|1\n|move|p1a: Garchomp|Spikes|p2a: Landorus\n|-sidestart|p2: king jot|Spikes\n|\n|upkeep\n|turn|2\n|c|\u2606king jot|ni\n|c|\u2606king jot|nni\n|\n|t:|1733778173\n|switch|p1a: Vaporeon|Vaporeon, L86, F|364/364\n|move|p2a: Landorus|Taunt|p1a: Vaporeon\n|-start|p1a: Vaporeon|move: Taunt\n|\n|upkeep\n|turn|3\n|c|\u2606king jot|igglylpuff\n|\n|t:|1733778181\n|move|p2a: Landorus|U-turn|p1a: Vaporeon\n|-damage|p1a: Vaporeon|290/364\n|\n|t:|1733778188\n|switch|p2a: Brambleghast|Brambleghast, L88, F|240/240|[from] U-turn\n|-damage|p2a: Brambleghast|210/240|[from] Spikes\n|move|p1a: Vaporeon|Scald|p2a: Brambleghast\n|-resisted|p2a: Brambleghast\n|-damage|p2a: Brambleghast|150/240\n|\n|-heal|p2a: Brambleghast|165/240|[from] item: Leftovers\n|-heal|p1a: Vaporeon|312/364|[from] item: Leftovers\n|upkeep\n|turn|4\n|\n|t:|1733778197\n|switch|p1a: Leafeon|Leafeon, L88, M|258/258\n|move|p2a: Brambleghast|Spikes|p1a: Leafeon\n|-sidestart|p1: certifiedracer|Spikes\n|\n|-heal|p2a: Brambleghast|180/240|[from] item: Leftovers\n|upkeep\n|turn|5\n|\n|t:|1733778205\n|-terastallize|p2a: Brambleghast|Steel\n|move|p1a: Leafeon|Swords Dance|p1a: Leafeon\n|-boost|p1a: Leafeon|atk|2\n|move|p2a: Brambleghast|Spikes|p1a: Leafeon\n|-sidestart|p1: certifiedracer|Spikes\n|\n|-heal|p2a: Brambleghast|195/240|[from] item: Leftovers\n|upkeep\n|turn|6\n|\n|t:|1733778218\n|move|p1a: Leafeon|Substitute|p1a: Leafeon\n|-start|p1a: Leafeon|Substitute\n|-damage|p1a: Leafeon|194/258\n|move|p2a: Brambleghast|Spikes|p1a: Leafeon\n|-sidestart|p1: certifiedracer|Spikes\n|\n|-heal|p1a: Leafeon|210/258|[from] item: Leftovers\n|-heal|p2a: Brambleghast|210/240|[from] item: Leftovers\n|upkeep\n|turn|7\n|\n|t:|1733778223\n|move|p1a: Leafeon|Swords Dance|p1a: Leafeon\n|-boost|p1a: Leafeon|atk|2\n|move|p2a: Brambleghast|Poltergeist|p1a: Leafeon\n|-activate|p1a: Leafeon|move: Poltergeist|Leftovers\n|-end|p1a: Leafeon|Substitute\n|\n|-heal|p1a: Leafeon|226/258|[from] item: Leftovers\n|-heal|p2a: Brambleghast|225/240|[from] item: Leftovers\n|upkeep\n|turn|8\n|\n|t:|1733778229\n|move|p1a: Leafeon|Knock Off|p2a: Brambleghast\n|-damage|p2a: Brambleghast|0 fnt\n|-enditem|p2a: Brambleghast|Leftovers|[from] move: Knock Off|[of] p1a: Leafeon\n|faint|p2a: Brambleghast\n|\n|-heal|p1a: Leafeon|242/258|[from] item: Leftovers\n|upkeep\n|\n|t:|1733778236\n|switch|p2a: Magearna|Magearna-Original, L77|250/250\n|-damage|p2a: Magearna|219/250|[from] Spikes\n|turn|9\n|\n|t:|1733778240\n|move|p1a: Leafeon|Substitute|p1a: Leafeon\n|-start|p1a: Leafeon|Substitute\n|-damage|p1a: Leafeon|178/258\n|move|p2a: Magearna|Fleur Cannon|p1a: Leafeon\n|-end|p1a: Leafeon|Substitute\n|-unboost|p2a: Magearna|spa|2\n|\n|-heal|p1a: Leafeon|194/258|[from] item: Leftovers\n|upkeep\n|turn|10\n|\n|t:|1733778250\n|move|p1a: Leafeon|Substitute|p1a: Leafeon\n|-start|p1a: Leafeon|Substitute\n|-damage|p1a: Leafeon|130/258\n|move|p2a: Magearna|Fleur Cannon|p1a: Leafeon\n|-end|p1a: Leafeon|Substitute\n|-unboost|p2a: Magearna|spa|2\n|\n|-heal|p1a: Leafeon|146/258|[from] item: Leftovers\n|upkeep\n|turn|11\n|\n|t:|1733778261\n|move|p1a: Leafeon|Substitute|p1a: Leafeon\n|-start|p1a: Leafeon|Substitute\n|-damage|p1a: Leafeon|82/258\n|move|p2a: Magearna|Fleur Cannon|p1a: Leafeon\n|-end|p1a: Leafeon|Substitute\n|-unboost|p2a: Magearna|spa|2\n|\n|-heal|p1a: Leafeon|98/258|[from] item: Leftovers\n|upkeep\n|turn|12\n|\n|t:|1733778266\n|move|p1a: Leafeon|Leaf Blade|p2a: Magearna\n|-resisted|p2a: Magearna\n|-damage|p2a: Magearna|75/250\n|move|p2a: Magearna|Fleur Cannon|p1a: Leafeon\n|-damage|p1a: Leafeon|29/258\n|\n|-heal|p1a: Leafeon|45/258|[from] item: Leftovers\n|upkeep\n|turn|13\n|\n|t:|1733778273\n|move|p1a: Leafeon|Leaf Blade|p2a: Magearna\n|-resisted|p2a: Magearna\n|-damage|p2a: Magearna|0 fnt\n|faint|p2a: Magearna\n|\n|-heal|p1a: Leafeon|61/258|[from] item: Leftovers\n|upkeep\n|\n|t:|1733778277\n|switch|p2a: Kingambit|Kingambit, L74, M|270/270\n|-damage|p2a: Kingambit|237/270|[from] Spikes\n|-activate|p2a: Kingambit|ability: Supreme Overlord\n|-start|p2a: Kingambit|fallen2|[silent]\n|turn|14\n|\n|t:|1733778291\n|-terastallize|p1a: Leafeon|Dark\n|move|p1a: Leafeon|Leaf Blade|p2a: Kingambit\n|-resisted|p2a: Kingambit\n|-damage|p2a: Kingambit|81/270\n|move|p2a: Kingambit|Kowtow Cleave|p1a: Leafeon\n|-resisted|p1a: Leafeon\n|-damage|p1a: Leafeon|20/258\n|\n|-heal|p1a: Leafeon|36/258|[from] item: Leftovers\n|-heal|p2a: Kingambit|97/270|[from] item: Leftovers\n|upkeep\n|turn|15\n|\n|t:|1733778301\n|move|p1a: Leafeon|Leaf Blade|p2a: Kingambit\n|-resisted|p2a: Kingambit\n|-damage|p2a: Kingambit|0 fnt\n|faint|p2a: Kingambit\n|-end|p2a: Kingambit|fallen2|[silent]\n|\n|-heal|p1a: Leafeon|52/258|[from] item: Leftovers\n|upkeep\n|\n|t:|1733778305\n|switch|p2a: Landorus|Landorus-Therian, L76, M|260/260\n|-ability|p2a: Landorus|Intimidate|boost\n|-unboost|p1a: Leafeon|atk|1\n|turn|16\n|\n|t:|1733778316\n|move|p1a: Leafeon|Leaf Blade|p2a: Landorus\n|-damage|p2a: Landorus|0 fnt\n|faint|p2a: Landorus\n|\n|-heal|p1a: Leafeon|68/258|[from] item: Leftovers\n|upkeep\n|\n|t:|1733778321\n|switch|p2a: Ho-Oh|Ho-Oh, L71|268/268\n|turn|17\n|\n|t:|1733778325\n|switch|p1a: Iron Boulder|Iron Boulder, L77|265/265\n|-damage|p1a: Iron Boulder|199/265|[from] Spikes\n|move|p2a: Ho-Oh|Brave Bird|p1a: Iron Boulder\n|-resisted|p1a: Iron Boulder\n|-damage|p1a: Iron Boulder|127/265\n|-damage|p2a: Ho-Oh|244/268|[from] Recoil\n|\n|upkeep\n|turn|18\n|\n|t:|1733778334\n|move|p1a: Iron Boulder|Mighty Cleave|p2a: Ho-Oh\n|-supereffective|p2a: Ho-Oh\n|-damage|p2a: Ho-Oh|0 fnt\n|faint|p2a: Ho-Oh\n|-damage|p1a: Iron Boulder|101/265|[from] item: Life Orb\n|\n|upkeep\n|\n|t:|1733778338\n|switch|p2a: Gallade|Gallade, L81, M|243/243\n|-damage|p2a: Gallade|213/243|[from] Spikes\n|turn|19\n|\n|t:|1733778361\n|-end|p1a: Iron Boulder|Quark Drive|[silent]\n|switch|p1a: Whimsicott|Whimsicott, L85, M|241/241\n|move|p2a: Gallade|Sacred Sword|p1a: Whimsicott\n|-resisted|p1a: Whimsicott\n|-damage|p1a: Whimsicott|127/241\n|-damage|p2a: Gallade|189/243|[from] item: Life Orb\n|\n|upkeep\n|turn|20\n|\n|t:|1733778368\n|move|p1a: Whimsicott|Moonblast|p2a: Gallade\n|-supereffective|p2a: Gallade\n|-crit|p2a: Gallade\n|-damage|p2a: Gallade|0 fnt\n|faint|p2a: Gallade\n|\n|win|certifiedracer\n|c|\u2606certifiedracer|nice\n|l|\u2606king jot\n|player|p2|\n", "inputlog": ">version bfd83cad13791eb5a5a409923076391caf6fb4d4\n>start {\"formatid\":\"gen9randombattle\",\"seed\":[18563,14286,65411,36332]}\n>player p1 {\"name\":\"certifiedracer\",\"avatar\":\"265\",\"rating\":0,\"seed\":[46933,3276,57469,10942]}\n>player p2 {\"name\":\"king jot\",\"avatar\":\"swimmerf\",\"rating\":0,\"seed\":[5173,39631,12793,9144]}\n>p1 move spikes\n>p2 switch 4\n>chat \u2606king jot|ni\n>chat \u2606king jot|nni\n>p1 switch 3\n>p2 move taunt\n>chat \u2606king jot|igglylpuff\n>p1 move scald\n>p2 move uturn\n>p2 switch 3\n>p1 switch 6\n>p2 move spikes\n>p1 move swordsdance\n>p2 move spikes terastallize\n>p1 move substitute\n>p2 move spikes\n>p1 move swordsdance\n>p2 move poltergeist\n>p1 move knockoff\n>p2 move poltergeist\n>p2 switch 5\n>p1 move substitute\n>p2 move fleurcannon\n>p1 move substitute\n>p2 move fleurcannon\n>p1 move substitute\n>p2 move fleurcannon\n>p1 move leafblade\n>p2 move fleurcannon\n>p1 move leafblade\n>p2 move fleurcannon\n>p2 switch 4\n>p1 move leafblade terastallize\n>p2 move kowtowcleave\n>p1 move leafblade\n>p2 move ironhead\n>p2 switch 3\n>p1 move leafblade\n>p2 move earthquake\n>p2 switch 6\n>p1 switch 4\n>p2 move bravebird\n>p1 move mightycleave\n>p2 move earthquake\n>p2 switch 2\n>p1 switch 2\n>p2 move sacredsword\n>p1 move moonblast\n>p2 move psychocut", "uploadtime": 1733778378, "views": 1, "formatid": "gen9randombattle", "rating": null, "private": 0, "password": null}