{"id": "gen9randombattle-2258248380", "format": "[Gen 9] Random Battle", "players": ["Yusei1789", "VentisH12"], "log": "|j|\u2606Yusei1789\n|j|\u2606VentisH12\n|t:|1733533633\n|gametype|singles\n|player|p1|Yusei1789|265|2209\n|player|p2|VentisH12|102|2222\n|teamsize|p1|6\n|teamsize|p2|6\n|gen|9\n|tier|[Gen 9] Random Battle\n|rated|\n|rule|Species Clause: Limit one of each Pok\u00e9mon\n|rule|HP Percentage Mod: HP is shown in percentages\n|rule|Sleep Clause Mod: Limit one foe put to sleep\n|rule|Illusion Level Mod: Illusion disguises the Pok\u00e9mon's true level\n|\n|t:|1733533633\n|start\n|switch|p1a: Pachirisu|Pachirisu, L96, M|271/271\n|switch|p2a: Azumarill|Azumarill, L82, M|298/298\n|turn|1\n|inactive|Battle timer is ON: inactive players will automatically lose when time's up. (requested by Yusei1789)\n|inactive|VentisH12 has 120 seconds left.\n|\n|t:|1733533674\n|switch|p2a: Magnezone|Magnezone, L85|258/258\n|move|p1a: Pachirisu|Nuzzle|p2a: Magnezone\n|-resisted|p2a: Magnezone\n|-damage|p2a: Magnezone|251/258\n|\n|-heal|p2a: Magnezone|258/258|[from] item: Leftovers\n|upkeep\n|turn|2\n|\n|t:|1733533684\n|move|p1a: Pachirisu|Super Fang|p2a: Magnezone|[miss]\n|-miss|p1a: Pachirisu|p2a: Magnezone\n|move|p2a: Magnezone|Body Press|p1a: Pachirisu\n|-damage|p1a: Pachirisu|198/271\n|\n|upkeep\n|turn|3\n|\n|t:|1733533689\n|move|p1a: Pachirisu|Super Fang|p2a: Magnezone\n|-damage|p2a: Magnezone|129/258\n|move|p2a: Magnezone|Iron Defense|p2a: Magnezone\n|-boost|p2a: Magnezone|def|2\n|\n|-heal|p2a: Magnezone|145/258|[from] item: Leftovers\n|upkeep\n|turn|4\n|\n|t:|1733533699\n|move|p1a: Pachirisu|Super Fang|p2a: Magnezone\n|-damage|p2a: Magnezone|73/258\n|move|p2a: Magnezone|Body Press|p1a: Pachirisu\n|-damage|p1a: Pachirisu|54/271\n|\n|-heal|p2a: Magnezone|89/258|[from] item: Leftovers\n|upkeep\n|turn|5\n|\n|t:|1733533717\n|move|p1a: Pachirisu|Super Fang|p2a: Magnezone\n|-damage|p2a: Magnezone|45/258\n|move|p2a: Magnezone|Body Press|p1a: Pachirisu\n|-damage|p1a: Pachirisu|0 fnt\n|faint|p1a: Pachirisu\n|\n|-heal|p2a: Magnezone|61/258|[from] item: Leftovers\n|upkeep\n|\n|t:|1733533724\n|switch|p1a: Salazzle|Salazzle, L83, F|249/249\n|turn|6\n|\n|t:|1733533742\n|switch|p2a: Azumarill|Azumarill, L82, M|298/298\n|move|p1a: Salazzle|Flamethrower|p2a: Azumarill\n|-resisted|p2a: Azumarill\n|-damage|p2a: Azumarill|238/298\n|\n|upkeep\n|turn|7\n|\n|t:|1733533751\n|switch|p1a: Whimsicott|Whimsicott, L85, M|241/241\n|move|p2a: Azumarill|Liquidation|p1a: Whimsicott\n|-resisted|p1a: Whimsicott\n|-damage|p1a: Whimsicott|163/241\n|\n|upkeep\n|turn|8\n|\n|t:|1733533768\n|switch|p2a: Tornadus|Tornadus, L82, M|264/264\n|move|p1a: Whimsicott|U-turn|p2a: Tornadus\n|-resisted|p2a: Tornadus\n|-crit|p2a: Tornadus\n|-damage|p2a: Tornadus|229/264\n|\n|t:|1733533793\n|switch|p1a: Porygon2|Porygon2, L82|274/274|[from] U-turn\n|-ability|p1a: Porygon2|Download|boost\n|-boost|p1a: Porygon2|atk|1\n|\n|upkeep\n|turn|9\n|\n|t:|1733533804\n|switch|p2a: Magnezone|Magnezone, L85|61/258\n|move|p1a: Porygon2|Ice Beam|p2a: Magnezone\n|-resisted|p2a: Magnezone\n|-damage|p2a: Magnezone|33/258\n|\n|-heal|p2a: Magnezone|49/258|[from] item: Leftovers\n|upkeep\n|turn|10\n|\n|t:|1733533817\n|switch|p1a: Salazzle|Salazzle, L83, F|249/249\n|move|p2a: Magnezone|Discharge|p1a: Salazzle\n|-damage|p1a: Salazzle|101/249\n|\n|-heal|p1a: Salazzle|116/249|[from] item: Leftovers\n|-heal|p2a: Magnezone|65/258|[from] item: Leftovers\n|upkeep\n|turn|11\n|\n|t:|1733533832\n|move|p1a: Salazzle|Flamethrower|p2a: Magnezone\n|-supereffective|p2a: Magnezone\n|-damage|p2a: Magnezone|0 fnt\n|faint|p2a: Magnezone\n|\n|-heal|p1a: Salazzle|131/249|[from] item: Leftovers\n|upkeep\n|\n|t:|1733533833\n|switch|p2a: Azumarill|Azumarill, L82, M|238/298\n|turn|12\n|\n|t:|1733533848\n|move|p1a: Salazzle|Protect|p1a: Salazzle\n|-singleturn|p1a: Salazzle|Protect\n|move|p2a: Azumarill|Liquidation|p1a: Salazzle\n|-activate|p1a: Salazzle|move: Protect\n|\n|-heal|p1a: Salazzle|146/249|[from] item: Leftovers\n|upkeep\n|turn|13\n|\n|t:|1733533852\n|switch|p1a: Cyclizar|Cyclizar, L83, F|252/252\n|move|p2a: Azumarill|Liquidation|p1a: Cyclizar\n|-resisted|p1a: Cyclizar\n|-damage|p1a: Cyclizar|145/252\n|\n|upkeep\n|turn|14\n|\n|t:|1733533861\n|move|p1a: Cyclizar|Shed Tail|p1a: Cyclizar\n|-start|p1a: Cyclizar|Substitute|[from] move: Shed Tail\n|-damage|p1a: Cyclizar|19/252\n|\n|t:|1733533881\n|switch|p1a: Porygon2|Porygon2, L82|274/274|[from] Shed Tail\n|-ability|p1a: Porygon2|Download|boost\n|-boost|p1a: Porygon2|spa|1\n|move|p2a: Azumarill|Liquidation|p1a: Porygon2\n|-end|p1a: Porygon2|Substitute\n|\n|upkeep\n|turn|15\n|\n|t:|1733533898\n|switch|p2a: Ogerpon|Ogerpon-Hearthflame, L74, F|239/239\n|-ability|p2a: Ogerpon|Mold Breaker\n|move|p1a: Porygon2|Discharge|p2a: Ogerpon\n|-resisted|p2a: Ogerpon\n|-damage|p2a: Ogerpon|197/239\n|\n|upkeep\n|turn|16\n|\n|t:|1733533906\n|move|p2a: Ogerpon|Knock Off|p1a: Porygon2\n|-damage|p1a: Porygon2|220/274\n|-enditem|p1a: Porygon2|Eviolite|[from] move: Knock Off|[of] p2a: Ogerpon\n|move|p1a: Porygon2|Tri Attack|p2a: Ogerpon\n|-damage|p2a: Ogerpon|61/239\n|-status|p2a: Ogerpon|frz\n|\n|upkeep\n|turn|17\n|\n|t:|1733533916\n|cant|p2a: Ogerpon|frz\n|move|p1a: Porygon2|Tri Attack|p2a: Ogerpon\n|-damage|p2a: Ogerpon|0 fnt\n|faint|p2a: Ogerpon\n|\n|upkeep\n|\n|t:|1733533928\n|switch|p2a: Virizion|Virizion, L82|283/283\n|turn|18\n|\n|t:|1733533936\n|-terastallize|p1a: Porygon2|Ghost\n|move|p2a: Virizion|Close Combat|p1a: Porygon2\n|-immune|p1a: Porygon2\n|move|p1a: Porygon2|Ice Beam|p2a: Virizion\n|-supereffective|p2a: Virizion\n|-damage|p2a: Virizion|133/283\n|\n|upkeep\n|turn|19\n|\n|t:|1733533945\n|move|p2a: Virizion|Leaf Blade|p1a: Porygon2\n|-damage|p1a: Porygon2|115/274\n|-damage|p2a: Virizion|105/283|[from] item: Life Orb\n|move|p1a: Porygon2|Ice Beam|p2a: Virizion\n|-supereffective|p2a: Virizion\n|-damage|p2a: Virizion|0 fnt\n|faint|p2a: Virizion\n|\n|upkeep\n|\n|t:|1733533959\n|switch|p2a: Koraidon|Koraidon, L64|235/235\n|-weather|SunnyDay|[from] ability: Orichalcum Pulse|[of] p2a: Koraidon\n|-activate|p2a: Koraidon|Orichalcum Pulse|[source]\n|turn|20\n|inactive|Yusei1789 has 120 seconds left.\n|\n|t:|1733533990\n|move|p2a: Koraidon|Flare Blitz|p1a: Porygon2\n|-damage|p1a: Porygon2|0 fnt\n|faint|p1a: Porygon2\n|-damage|p2a: Koraidon|197/235|[from] Recoil\n|\n|-weather|SunnyDay|[upkeep]\n|upkeep\n|inactive|Yusei1789 has 120 seconds left.\n|\n|t:|1733533998\n|switch|p1a: Whimsicott|Whimsicott, L85, M|163/241\n|turn|21\n|\n|t:|1733534019\n|-terastallize|p2a: Koraidon|Fire\n|move|p1a: Whimsicott|Moonblast|p2a: Koraidon\n|-resisted|p2a: Koraidon\n|-damage|p2a: Koraidon|148/235\n|move|p2a: Koraidon|Flare Blitz|p1a: Whimsicott\n|-supereffective|p1a: Whimsicott\n|-damage|p1a: Whimsicott|0 fnt\n|faint|p1a: Whimsicott\n|-damage|p2a: Koraidon|94/235|[from] Recoil\n|\n|-weather|SunnyDay|[upkeep]\n|upkeep\n|inactive|Yusei1789 has 120 seconds left.\n|\n|t:|1733534034\n|switch|p1a: Cyclizar|Cyclizar, L83, F|103/252\n|turn|22\n|inactive|Yusei1789 has 120 seconds left.\n|\n|t:|1733534039\n|switch|p1a: Salazzle|Salazzle, L83, F|146/249\n|switch|p2a: Azumarill|Azumarill, L82, M|238/298\n|\n|-weather|SunnyDay|[upkeep]\n|-heal|p1a: Salazzle|161/249|[from] item: Leftovers\n|upkeep\n|turn|23\n|\n|t:|1733534045\n|move|p1a: Salazzle|Toxic|p2a: Azumarill\n|-status|p2a: Azumarill|tox\n|move|p2a: Azumarill|Liquidation|p1a: Salazzle\n|-supereffective|p1a: Salazzle\n|-damage|p1a: Salazzle|0 fnt\n|faint|p1a: Salazzle\n|\n|-weather|SunnyDay|[upkeep]\n|-damage|p2a: Azumarill|220/298 tox|[from] psn\n|upkeep\n|\n|t:|1733534051\n|switch|p1a: Cyclizar|Cyclizar, L83, F|187/252\n|turn|24\n|\n|t:|1733534058\n|switch|p2a: Koraidon|Koraidon, L64, tera:Fire|94/235\n|-activate|p2a: Koraidon|ability: Orichalcum Pulse\n|move|p1a: Cyclizar|Shed Tail|p1a: Cyclizar\n|-start|p1a: Cyclizar|Substitute|[from] move: Shed Tail\n|-damage|p1a: Cyclizar|61/252\n|\n|t:|1733534064\n|switch|p1a: Comfey|Comfey, L85, F|225/225|[from] Shed Tail\n|\n|-weather|none\n|upkeep\n|turn|25\n|\n|t:|1733534073\n|move|p1a: Comfey|Calm Mind|p1a: Comfey\n|-boost|p1a: Comfey|spa|1\n|-boost|p1a: Comfey|spd|1\n|move|p2a: Koraidon|Flare Blitz|p1a: Comfey\n|-end|p1a: Comfey|Substitute\n|-damage|p2a: Koraidon|73/235|[from] Recoil|[of] p1a: Comfey\n|\n|upkeep\n|turn|26\n|inactive|Yusei1789 has 120 seconds left.\n|inactive|Yusei1789 has 90 seconds left.\n|\n|t:|1733534135\n|switch|p1a: Cyclizar|Cyclizar, L83, F|145/252\n|move|p2a: Koraidon|Flare Blitz|p1a: Cyclizar\n|-resisted|p1a: Cyclizar\n|-damage|p1a: Cyclizar|85/252\n|-damage|p2a: Koraidon|53/235|[from] Recoil\n|\n|upkeep\n|turn|27\n|inactive|Yusei1789 has 90 seconds left.\n|\n|t:|1733534152\n|switch|p2a: Azumarill|Azumarill, L82, M|220/298 tox\n|move|p1a: Cyclizar|Rapid Spin|p2a: Azumarill\n|-damage|p2a: Azumarill|166/298 tox\n|-boost|p1a: Cyclizar|spe|1\n|\n|-damage|p2a: Azumarill|148/298 tox|[from] psn\n|upkeep\n|turn|28\n|inactive|Yusei1789 has 90 seconds left.\n|\n|t:|1733534161\n|move|p1a: Cyclizar|Rapid Spin|p2a: Azumarill\n|-damage|p2a: Azumarill|88/298 tox\n|-boost|p1a: Cyclizar|spe|1\n|move|p2a: Azumarill|Liquidation|p1a: Cyclizar\n|-resisted|p1a: Cyclizar\n|-damage|p1a: Cyclizar|0 fnt\n|faint|p1a: Cyclizar\n|\n|-damage|p2a: Azumarill|52/298 tox|[from] psn\n|upkeep\n|inactive|Yusei1789 has 90 seconds left.\n|\n|t:|1733534172\n|switch|p1a: Comfey|Comfey, L85, F|225/225\n|turn|29\n|inactive|Yusei1789 has 90 seconds left.\n|\n|t:|1733534177\n|move|p1a: Comfey|Calm Mind|p1a: Comfey\n|-boost|p1a: Comfey|spa|1\n|-boost|p1a: Comfey|spd|1\n|move|p2a: Azumarill|Liquidation|p1a: Comfey\n|-damage|p1a: Comfey|66/225\n|\n|-heal|p1a: Comfey|80/225|[from] item: Leftovers\n|-damage|p2a: Azumarill|0 fnt|[from] psn\n|faint|p2a: Azumarill\n|upkeep\n|\n|t:|1733534186\n|switch|p2a: Tornadus|Tornadus, L82, M|229/264\n|turn|30\n|\n|t:|1733534192\n|move|p1a: Comfey|Draining Kiss|p2a: Tornadus\n|-damage|p2a: Tornadus|148/264\n|-heal|p1a: Comfey|141/225|[from] drain|[of] p2a: Tornadus\n|move|p2a: Tornadus|Nasty Plot|p2a: Tornadus\n|-boost|p2a: Tornadus|spa|2\n|\n|-heal|p1a: Comfey|155/225|[from] item: Leftovers\n|upkeep\n|turn|31\n|\n|t:|1733534202\n|move|p1a: Comfey|Draining Kiss|p2a: Tornadus\n|-damage|p2a: Tornadus|64/264\n|-heal|p1a: Comfey|218/225|[from] drain|[of] p2a: Tornadus\n|move|p2a: Tornadus|Bleakwind Storm|p1a: Comfey\n|-damage|p1a: Comfey|85/225\n|\n|-heal|p1a: Comfey|99/225|[from] item: Leftovers\n|upkeep\n|turn|32\n|\n|t:|1733534206\n|move|p1a: Comfey|Draining Kiss|p2a: Tornadus\n|-damage|p2a: Tornadus|0 fnt\n|-heal|p1a: Comfey|147/225|[from] drain|[of] p2a: Tornadus\n|faint|p2a: Tornadus\n|\n|-heal|p1a: Comfey|161/225|[from] item: Leftovers\n|upkeep\n|-message|VentisH12 forfeited.\n|l|\u2606VentisH12\n|inactive|VentisH12 disconnected and has a minute to reconnect!\n|player|p2|\n|\n|win|Yusei1789\n|raw|Yusei1789's rating: 2209 &rarr; <strong>2230</strong><br />(+21 for winning)\n|raw|VentisH12's rating: 2222 &rarr; <strong>2201</strong><br />(-21 for losing)\n", "inputlog": ">version f27bf860d389bcfdfe10192499dbd80f1998dac7\n>start {\"formatid\":\"gen9randombattle\",\"seed\":[27245,30625,60884,19003],\"rated\":\"Rated battle\"}\n>player p1 {\"name\":\"Yusei1789\",\"avatar\":\"265\",\"rating\":2209,\"seed\":[49624,47012,13792,42183]}\n>player p2 {\"name\":\"VentisH12\",\"avatar\":\"102\",\"rating\":2222,\"seed\":[50471,40691,4407,14545]}\n>p1 move nuzzle\n>p2 switch 5\n>p1 move superfang\n>p2 move bodypress\n>p1 move superfang\n>p2 move irondefense\n>p1 move superfang\n>p2 move bodypress\n>p1 move superfang\n>p2 move bodypress\n>p1 switch 5\n>p1 move flamethrower\n>p2 switch 5\n>p1 switch 4\n>p2 move liquidation\n>p1 move uturn\n>p2 switch 2\n>p1 switch 6\n>p1 move icebeam\n>p2 switch 5\n>p1 switch 4\n>p2 move discharge\n>p1 move flamethrower\n>p2 move discharge\n>p2 switch 2\n>p1 move protect\n>p2 move liquidation\n>p1 switch 2\n>p2 move liquidation\n>p1 move shedtail\n>p2 move liquidation\n>p1 switch 4\n>p1 move discharge\n>p2 switch 6\n>p1 move triattack\n>p2 move knockoff\n>p1 move triattack\n>p2 move ivycudgel\n>p2 switch 3\n>p1 move icebeam terastallize\n>p2 move closecombat\n>p1 move icebeam\n>p2 move leafblade\n>p2 switch 4\n>p1 move triattack\n>p2 move flareblitz\n>p1 switch 6\n>p1 move moonblast\n>p2 move flareblitz terastallize\n>p1 switch 4\n>p1 switch 2\n>p2 switch 6\n>p1 move toxic\n>p2 move liquidation\n>p1 switch 2\n>p1 move shedtail\n>p2 switch 6\n>p1 switch 3\n>p1 move calmmind\n>p2 move flareblitz\n>p1 switch 3\n>p2 move flareblitz\n>p1 move rapidspin\n>p2 switch 6\n>p1 move rapidspin\n>p2 move liquidation\n>p1 switch 3\n>p1 move calmmind\n>p2 move liquidation\n>p2 switch 5\n>p1 move drainingkiss\n>p2 move nastyplot\n>p1 move drainingkiss\n>p2 move bleakwindstorm\n>p1 move drainingkiss\n>p2 move bleakwindstorm\n>forcelose p2", "uploadtime": 1733534224, "views": 5, "formatid": "gen9randombattle", "rating": 2201, "private": 0, "password": null}