{"id": "gen9randombattle-2260290274", "format": "[Gen 9] Random Battle", "players": ["zila28", "Gg_ssbm_b"], "log": "|j|\u2606zila28\n|j|\u2606Gg_ssbm_b\n|t:|1733835808\n|gametype|singles\n|player|p1|zila28|265|1041\n|player|p2|Gg_ssbm_b|170|1000\n|teamsize|p1|6\n|teamsize|p2|6\n|gen|9\n|tier|[Gen 9] Random Battle\n|rated|\n|rule|Species Clause: Limit one of each Pok\u00e9mon\n|rule|HP Percentage Mod: HP is shown in percentages\n|rule|Sleep Clause Mod: Limit one foe put to sleep\n|rule|Illusion Level Mod: Illusion disguises the Pok\u00e9mon's true level\n|\n|t:|1733835808\n|start\n|switch|p1a: Kyogre|Kyogre, L71|259/259\n|switch|p2a: Glalie|Glalie, L96, F|309/309\n|-weather|RainDance|[from] ability: Drizzle|[of] p1a: Kyogre\n|turn|1\n|\n|t:|1733835825\n|move|p2a: Glalie|Spikes|p1a: Kyogre\n|-sidestart|p1: zila28|Spikes\n|move|p1a: Kyogre|Origin Pulse|p2a: Glalie\n|-damage|p2a: Glalie|147/309\n|\n|-weather|RainDance|[upkeep]\n|upkeep\n|turn|2\n|\n|t:|1733835836\n|-terastallize|p2a: Glalie|Ground\n|move|p2a: Glalie|Freeze-Dry|p1a: Kyogre\n|-supereffective|p1a: Kyogre\n|-damage|p1a: Kyogre|131/259\n|move|p1a: Kyogre|Origin Pulse|p2a: Glalie|[miss]\n|-miss|p1a: Kyogre|p2a: Glalie\n|\n|-weather|RainDance|[upkeep]\n|-heal|p1a: Kyogre|147/259|[from] item: Leftovers\n|upkeep\n|turn|3\n|\n|t:|1733835850\n|move|p2a: Glalie|Freeze-Dry|p1a: Kyogre\n|-supereffective|p1a: Kyogre\n|-damage|p1a: Kyogre|0 fnt\n|faint|p1a: Kyogre\n|\n|-weather|RainDance|[upkeep]\n|upkeep\n|\n|t:|1733835869\n|switch|p1a: Mimikyu|Mimikyu, L79, F|216/216\n|-damage|p1a: Mimikyu|189/216|[from] Spikes\n|turn|4\n|\n|t:|1733835892\n|move|p2a: Glalie|Freeze-Dry|p1a: Mimikyu\n|-activate|p1a: Mimikyu|ability: Disguise\n|-damage|p1a: Mimikyu|189/216\n|detailschange|p1a: Mimikyu|Mimikyu-Busted, L79, F\n|-damage|p1a: Mimikyu|162/216|[from] pokemon: Mimikyu-Busted\n|move|p1a: Mimikyu|Play Rough|p2a: Glalie\n|-damage|p2a: Glalie|52/309\n|-damage|p1a: Mimikyu|141/216|[from] item: Life Orb\n|\n|-weather|RainDance|[upkeep]\n|upkeep\n|turn|5\n|\n|t:|1733835902\n|move|p2a: Glalie|Earthquake|p1a: Mimikyu\n|-damage|p1a: Mimikyu|0 fnt\n|faint|p1a: Mimikyu\n|\n|-weather|none\n|upkeep\n|\n|t:|1733835917\n|switch|p1a: Persian|Persian, L92, M|269/269\n|-damage|p1a: Persian|236/269|[from] Spikes\n|turn|6\n|\n|t:|1733835928\n|move|p1a: Persian|Fake Out|p2a: Glalie\n|-damage|p2a: Glalie|0 fnt\n|faint|p2a: Glalie\n|\n|upkeep\n|\n|t:|1733835934\n|switch|p2a: Donphan|Donphan, L84, F|288/288\n|turn|7\n|\n|t:|1733835953\n|move|p1a: Persian|Fake Out||[still]\n|-hint|Fake Out only works on your first turn out.\n|-fail|p1a: Persian\n|move|p2a: Donphan|Stealth Rock|p1a: Persian\n|-sidestart|p1: zila28|move: Stealth Rock\n|\n|upkeep\n|turn|8\n|\n|t:|1733835965\n|move|p1a: Persian|Double-Edge|p2a: Donphan\n|-damage|p2a: Donphan|171/288\n|-damage|p1a: Persian|197/269|[from] Recoil\n|move|p2a: Donphan|Earthquake|p1a: Persian\n|-damage|p1a: Persian|37/269\n|\n|-heal|p2a: Donphan|189/288|[from] item: Leftovers\n|upkeep\n|turn|9\n|\n|t:|1733835989\n|move|p1a: Persian|U-turn|p2a: Donphan\n|-damage|p2a: Donphan|153/288\n|\n|t:|1733835998\n|switch|p1a: Duraludon|Duraludon, L82, M|249/249|[from] U-turn\n|-damage|p1a: Duraludon|218/249|[from] Spikes\n|-damage|p1a: Duraludon|203/249|[from] Stealth Rock\n|move|p2a: Donphan|Ice Spinner|p1a: Duraludon\n|-crit|p1a: Duraludon\n|-damage|p1a: Duraludon|144/249\n|\n|-heal|p2a: Donphan|171/288|[from] item: Leftovers\n|upkeep\n|turn|10\n|-message|Gg_ssbm_b forfeited.\n|\n|win|zila28\n|raw|zila28's rating: 1041 &rarr; <strong>1071</strong><br />(+30 for winning)\n|raw|Gg_ssbm_b's rating: 1000 &rarr; <strong>1000</strong><br />(+0 for losing)\n|l|\u2606zila28\n|player|p1|\n", "inputlog": ">version bfd83cad13791eb5a5a409923076391caf6fb4d4\n>start {\"formatid\":\"gen9randombattle\",\"seed\":[24847,39034,63758,38252],\"rated\":\"Rated battle\"}\n>player p1 {\"name\":\"zila28\",\"avatar\":\"265\",\"rating\":1041,\"seed\":[3860,9274,1202,58352]}\n>player p2 {\"name\":\"Gg_ssbm_b\",\"avatar\":\"170\",\"rating\":1000,\"seed\":[21488,48390,37143,64605]}\n>p1 move originpulse\n>p2 move spikes\n>p1 move originpulse\n>p2 move freezedry terastallize\n>p1 move icebeam\n>p2 move freezedry\n>p1 switch 6\n>p1 move playrough\n>p2 move freezedry\n>p1 move playrough\n>p2 move earthquake\n>p1 switch 2\n>p1 move fakeout\n>p2 move freezedry\n>p2 switch 5\n>p1 move fakeout\n>p2 move stealthrock\n>p1 move doubleedge\n>p2 move earthquake\n>p1 move uturn\n>p2 move icespinner\n>p1 switch 4\n>forcelose p2", "uploadtime": 1733836016, "views": 11, "formatid": "gen9randombattle", "rating": 1000, "private": 0, "password": null}