{"id": "gen9randombattle-2260760600", "format": "[Gen 9] Random Battle", "players": ["TonyRadio", "liljerm76"], "log": "|j|\u2606TonyRadio\n|j|\u2606liljerm76\n|t:|1733888110\n|gametype|singles\n|player|p1|TonyRadio|hiker-gen4|\n|player|p2|liljerm76|hilbert-wonderlauncher|\n|teamsize|p1|6\n|teamsize|p2|6\n|gen|9\n|tier|[Gen 9] Random Battle\n|rule|Species Clause: Limit one of each Pok\u00e9mon\n|rule|HP Percentage Mod: HP is shown in percentages\n|rule|Sleep Clause Mod: Limit one foe put to sleep\n|rule|Illusion Level Mod: Illusion disguises the Pok\u00e9mon's true level\n|\n|t:|1733888110\n|start\n|switch|p1a: Lurantis|Lurantis, L87, M|264/264\n|switch|p2a: Garchomp|Garchomp, L74, F|282/282\n|turn|1\n|\n|t:|1733888133\n|move|p2a: Garchomp|Earthquake|p1a: Lurantis\n|-resisted|p1a: Lurantis\n|-damage|p1a: Lurantis|213/264\n|move|p1a: Lurantis|Knock Off|p2a: Garchomp\n|-damage|p2a: Garchomp|202/282\n|-damage|p1a: Lurantis|180/264|[from] ability: Rough Skin|[of] p2a: Garchomp\n|-enditem|p2a: Garchomp|Loaded Dice|[from] move: Knock Off|[of] p1a: Lurantis\n|\n|-heal|p1a: Lurantis|196/264|[from] item: Leftovers\n|upkeep\n|turn|2\n|\n|t:|1733888144\n|switch|p2a: Heatran|Heatran, L79, M|273/273\n|-item|p2a: Heatran|Air Balloon\n|move|p1a: Lurantis|Synthesis|p1a: Lurantis\n|-heal|p1a: Lurantis|264/264\n|\n|upkeep\n|turn|3\n|\n|t:|1733888151\n|-terastallize|p1a: Lurantis|Fighting\n|move|p2a: Heatran|Magma Storm|p1a: Lurantis|[miss]\n|-miss|p2a: Heatran|p1a: Lurantis\n|move|p1a: Lurantis|Superpower|p2a: Heatran\n|-supereffective|p2a: Heatran\n|-damage|p2a: Heatran|0 fnt\n|-boost|p1a: Lurantis|atk|1\n|-boost|p1a: Lurantis|def|1\n|-enditem|p2a: Heatran|Air Balloon\n|faint|p2a: Heatran\n|\n|upkeep\n|\n|t:|1733888171\n|switch|p2a: Calyrex|Calyrex, L93|337/337\n|-ability|p2a: Calyrex|Unnerve\n|turn|4\n|\n|t:|1733888178\n|move|p2a: Calyrex|Psyshock|p1a: Lurantis\n|-supereffective|p1a: Lurantis\n|-damage|p1a: Lurantis|156/264\n|move|p1a: Lurantis|Knock Off|p2a: Calyrex\n|-supereffective|p2a: Calyrex\n|-damage|p2a: Calyrex|109/337\n|-enditem|p2a: Calyrex|Leftovers|[from] move: Knock Off|[of] p1a: Lurantis\n|\n|-heal|p1a: Lurantis|172/264|[from] item: Leftovers\n|upkeep\n|turn|5\n|\n|t:|1733888190\n|-terastallize|p2a: Calyrex|Fighting\n|move|p2a: Calyrex|Psyshock|p1a: Lurantis\n|-supereffective|p1a: Lurantis\n|-damage|p1a: Lurantis|64/264\n|move|p1a: Lurantis|Superpower|p2a: Calyrex\n|-damage|p2a: Calyrex|0 fnt\n|-boost|p1a: Lurantis|atk|1\n|-boost|p1a: Lurantis|def|1\n|faint|p2a: Calyrex\n|\n|-heal|p1a: Lurantis|80/264|[from] item: Leftovers\n|upkeep\n|\n|t:|1733888202\n|switch|p2a: Reuniclus|Reuniclus, L88, F|337/337\n|turn|6\n|\n|t:|1733888206\n|move|p1a: Lurantis|Knock Off|p2a: Reuniclus\n|-supereffective|p2a: Reuniclus\n|-damage|p2a: Reuniclus|21/337\n|-enditem|p2a: Reuniclus|Life Orb|[from] move: Knock Off|[of] p1a: Lurantis\n|move|p2a: Reuniclus|Calm Mind|p2a: Reuniclus\n|-boost|p2a: Reuniclus|spa|1\n|-boost|p2a: Reuniclus|spd|1\n|\n|-heal|p1a: Lurantis|96/264|[from] item: Leftovers\n|upkeep\n|turn|7\n|\n|t:|1733888215\n|move|p1a: Lurantis|Superpower|p2a: Reuniclus\n|-resisted|p2a: Reuniclus\n|-damage|p2a: Reuniclus|0 fnt\n|-boost|p1a: Lurantis|atk|1\n|-boost|p1a: Lurantis|def|1\n|faint|p2a: Reuniclus\n|\n|-heal|p1a: Lurantis|112/264|[from] item: Leftovers\n|upkeep\n|\n|t:|1733888224\n|switch|p2a: Zekrom|Zekrom, L71|259/259\n|-ability|p2a: Zekrom|Teravolt\n|turn|8\n|\n|t:|1733888232\n|move|p2a: Zekrom|Bolt Strike|p1a: Lurantis\n|-damage|p1a: Lurantis|54/264\n|-status|p1a: Lurantis|par\n|move|p1a: Lurantis|Synthesis|p1a: Lurantis\n|-heal|p1a: Lurantis|186/264 par\n|\n|-heal|p1a: Lurantis|202/264 par|[from] item: Leftovers\n|upkeep\n|turn|9\n|\n|t:|1733888241\n|move|p2a: Zekrom|Substitute|p2a: Zekrom\n|-start|p2a: Zekrom|Substitute\n|-damage|p2a: Zekrom|195/259\n|move|p1a: Lurantis|Superpower|p2a: Zekrom\n|-end|p2a: Zekrom|Substitute\n|-boost|p1a: Lurantis|atk|1\n|-boost|p1a: Lurantis|def|1\n|\n|-heal|p2a: Zekrom|211/259|[from] item: Leftovers\n|-heal|p1a: Lurantis|218/264 par|[from] item: Leftovers\n|upkeep\n|turn|10\n|\n|t:|1733888251\n|move|p2a: Zekrom|Dragon Dance|p2a: Zekrom\n|-boost|p2a: Zekrom|atk|1\n|-boost|p2a: Zekrom|spe|1\n|move|p1a: Lurantis|Superpower|p2a: Zekrom\n|-damage|p2a: Zekrom|0 fnt\n|-boost|p1a: Lurantis|atk|1\n|-boost|p1a: Lurantis|def|1\n|faint|p2a: Zekrom\n|\n|-heal|p1a: Lurantis|234/264 par|[from] item: Leftovers\n|upkeep\n|\n|t:|1733888265\n|switch|p2a: Garchomp|Garchomp, L74, F|202/282\n|turn|11\n|\n|t:|1733888271\n|move|p2a: Garchomp|Earthquake|p1a: Lurantis\n|-damage|p1a: Lurantis|207/264 par\n|move|p1a: Lurantis|Superpower|p2a: Garchomp\n|-crit|p2a: Garchomp\n|-damage|p2a: Garchomp|0 fnt\n|-boost|p1a: Lurantis|atk|1\n|-boost|p1a: Lurantis|def|1\n|-damage|p1a: Lurantis|174/264 par|[from] ability: Rough Skin|[of] p2a: Garchomp\n|faint|p2a: Garchomp\n|\n|-heal|p1a: Lurantis|190/264 par|[from] item: Leftovers\n|upkeep\n|\n|t:|1733888282\n|switch|p2a: Suicune|Suicune, L82|298/298\n|-ability|p2a: Suicune|Pressure\n|turn|12\n|\n|t:|1733888288\n|move|p2a: Suicune|Scald|p1a: Lurantis\n|-damage|p1a: Lurantis|111/264 par\n|move|p1a: Lurantis|Synthesis|p1a: Lurantis\n|-heal|p1a: Lurantis|243/264 par\n|\n|-heal|p1a: Lurantis|259/264 par|[from] item: Leftovers\n|upkeep\n|turn|13\n|\n|t:|1733888295\n|move|p2a: Suicune|Scald|p1a: Lurantis\n|-damage|p1a: Lurantis|192/264 par\n|move|p1a: Lurantis|Superpower|p2a: Suicune\n|-damage|p2a: Suicune|0 fnt\n|faint|p2a: Suicune\n|\n|win|TonyRadio\n|l|\u2606liljerm76\n|player|p2|\n", "inputlog": ">version bfd83cad13791eb5a5a409923076391caf6fb4d4\n>start {\"formatid\":\"gen9randombattle\",\"seed\":[54947,44332,8017,29741]}\n>player p1 {\"name\":\"TonyRadio\",\"avatar\":\"hiker-gen4\",\"rating\":0,\"seed\":[43231,17361,21654,64187]}\n>player p2 {\"name\":\"liljerm76\",\"avatar\":\"hilbert-wonderlauncher\",\"rating\":0,\"seed\":[13346,51860,34906,61054]}\n>p1 move knockoff\n>p2 move earthquake\n>p1 move synthesis\n>p2 switch 2\n>p1 move superpower terastallize\n>p2 move magmastorm\n>p2 switch 4\n>p1 move knockoff\n>p2 move psyshock\n>p1 move superpower\n>p2 move psyshock terastallize\n>p2 switch 6\n>p1 move knockoff\n>p2 move calmmind\n>p1 move superpower\n>p2 move psyshock\n>p2 switch 5\n>p1 move synthesis\n>p2 move boltstrike\n>p1 move superpower\n>p2 move substitute\n>p1 move superpower\n>p2 move dragondance\n>p2 switch 2\n>p1 move superpower\n>p2 move earthquake\n>p2 switch 3\n>p1 move synthesis\n>p2 move scald\n>p1 move superpower\n>p2 move scald", "uploadtime": 1733888305, "views": 8, "formatid": "gen9randombattle", "rating": null, "private": 0, "password": null}