{"id": "gen9randombattle-2245653810", "format": "[Gen 9] Random Battle", "players": ["Gloriousplays", "samuelayers"], "log": "|badge|p2|bronze|gen9randombattle|100-3\n|uhtml|medal-msg|<div class=\"broadcast-blue\">Curious what those medals under the avatar are? PS now has Ladder Seasons! For more information, check out the <a href=\"https://www.smogon.com/forums/threads/3740067/\">thread on Smogon.</a></div>\n|j|\u2606Gloriousplays\n|j|\u2606samuelayers\n|t:|1731860876\n|gametype|singles\n|player|p1|Gloriousplays|ash|2253\n|player|p2|samuelayers|gentleman-gen4dp|2249\n|teamsize|p1|6\n|teamsize|p2|6\n|gen|9\n|tier|[Gen 9] Random Battle\n|rated|\n|rule|Species Clause: Limit one of each Pok\u00e9mon\n|rule|HP Percentage Mod: HP is shown in percentages\n|rule|Sleep Clause Mod: Limit one foe put to sleep\n|rule|Illusion Level Mod: Illusion disguises the Pok\u00e9mon's true level\n|\n|t:|1731860876\n|start\n|switch|p1a: Pecharunt|Pecharunt, L77|262/262\n|switch|p2a: Sinistcha|Sinistcha-Masterpiece, L83|254/254\n|turn|1\n|inactive|Battle timer is ON: inactive players will automatically lose when time's up. (requested by samuelayers)\n|\n|t:|1731860887\n|move|p1a: Pecharunt|Malignant Chain|p2a: Sinistcha\n|-damage|p2a: Sinistcha|166/254\n|-status|p2a: Sinistcha|tox\n|-start|p2a: Sinistcha|confusion|[from] ability: Poison Puppeteer|[of] p1a: Pecharunt\n|-activate|p2a: Sinistcha|confusion\n|move|p2a: Sinistcha|Calm Mind|p2a: Sinistcha\n|-boost|p2a: Sinistcha|spa|1\n|-boost|p2a: Sinistcha|spd|1\n|\n|-heal|p2a: Sinistcha|181/254 tox|[from] item: Leftovers\n|-damage|p2a: Sinistcha|166/254 tox|[from] psn\n|upkeep\n|turn|2\n|\n|t:|1731860893\n|move|p1a: Pecharunt|Parting Shot|p2a: Sinistcha\n|-unboost|p2a: Sinistcha|atk|1\n|-unboost|p2a: Sinistcha|spa|1\n|\n|t:|1731860898\n|switch|p1a: Kricketune|Kricketune, L99, F|312/312|[from] Parting Shot\n|-end|p2a: Sinistcha|confusion\n|move|p2a: Sinistcha|Strength Sap|p1a: Kricketune\n|-unboost|p1a: Kricketune|atk|1\n|-heal|p2a: Sinistcha|254/254 tox\n|\n|-damage|p2a: Sinistcha|224/254 tox|[from] psn\n|upkeep\n|turn|3\n|\n|t:|1731860908\n|switch|p1a: Zarude|Zarude-Dada, L78|292/292\n|move|p2a: Sinistcha|Shadow Ball|p1a: Zarude\n|-resisted|p1a: Zarude\n|-damage|p1a: Zarude|239/292\n|\n|-heal|p2a: Sinistcha|239/254 tox|[from] item: Leftovers\n|-damage|p2a: Sinistcha|194/254 tox|[from] psn\n|upkeep\n|turn|4\n|\n|t:|1731860920\n|switch|p2a: Dugtrio|Dugtrio-Alola, L84, M|196/196\n|move|p1a: Zarude|U-turn|p2a: Dugtrio\n|-resisted|p2a: Dugtrio\n|-damage|p2a: Dugtrio|143/196\n|-ability|p2a: Dugtrio|Tangling Hair\n|-unboost|p1a: Zarude|spe|1\n|\n|t:|1731860930\n|switch|p1a: Talonflame|Talonflame, L84, M|268/268|[from] U-turn\n|\n|upkeep\n|turn|5\n|\n|t:|1731860933\n|switch|p2a: Arcanine|Arcanine-Hisui, L81, M|287/287\n|move|p1a: Talonflame|Flare Blitz|p2a: Arcanine\n|-resisted|p2a: Arcanine\n|-damage|p2a: Arcanine|256/287\n|-damage|p1a: Talonflame|258/268|[from] Recoil\n|\n|upkeep\n|turn|6\n|\n|t:|1731860939\n|-terastallize|p1a: Talonflame|Ground\n|move|p1a: Talonflame|Tera Blast|p2a: Arcanine|[anim] Tera Blast Ground\n|-supereffective|p2a: Arcanine\n|-damage|p2a: Arcanine|0 fnt\n|faint|p2a: Arcanine\n|\n|upkeep\n|\n|t:|1731860951\n|switch|p2a: Salamence|Salamence, L77, F|273/273\n|turn|7\n|\n|t:|1731860956\n|switch|p1a: Indeedee|Indeedee, L84, M|238/238\n|-fieldstart|move: Psychic Terrain|[from] ability: Psychic Surge|[of] p1a: Indeedee\n|move|p2a: Salamence|Dragon Dance|p2a: Salamence\n|-boost|p2a: Salamence|atk|1\n|-boost|p2a: Salamence|spe|1\n|\n|upkeep\n|turn|8\n|\n|t:|1731860959\n|-terastallize|p2a: Salamence|Steel\n|move|p1a: Indeedee|Expanding Force|p2a: Salamence\n|-resisted|p2a: Salamence\n|-damage|p2a: Salamence|166/273\n|move|p2a: Salamence|Dragon Dance|p2a: Salamence\n|-boost|p2a: Salamence|atk|1\n|-boost|p2a: Salamence|spe|1\n|\n|upkeep\n|turn|9\n|\n|t:|1731860967\n|switch|p1a: Kricketune|Kricketune, L99, F|312/312\n|move|p2a: Salamence|Dual Wingbeat|p1a: Kricketune\n|-supereffective|p1a: Kricketune\n|-damage|p1a: Kricketune|60/312\n|-supereffective|p1a: Kricketune\n|-damage|p1a: Kricketune|0 fnt\n|faint|p1a: Kricketune\n|-ability|p2a: Salamence|Moxie|boost\n|-boost|p2a: Salamence|atk|1\n|-hitcount|p1: Kricketune|2\n|\n|upkeep\n|\n|t:|1731860972\n|switch|p1a: Ditto|Ditto, L87|225/225\n|-transform|p1a: Ditto|p2a: Salamence|[from] ability: Imposter\n|-start|p1a: Ditto|typechange|Dragon/Flying|[silent]\n|turn|10\n|\n|t:|1731860979\n|switch|p2a: Sunflora|Sunflora, F|312/312\n|move|p1a: Ditto|Earthquake|p2a: Sunflora\n|-resisted|p2a: Sunflora\n|-damage|p2a: Sunflora|186/312\n|\n|upkeep\n|turn|11\n|\n|t:|1731860985\n|move|p1a: Ditto|Earthquake|p2a: Sunflora\n|-resisted|p2a: Sunflora\n|-damage|p2a: Sunflora|50/312\n|move|p2a: Sunflora|Sunny Day|p2a: Sunflora\n|-weather|SunnyDay\n|\n|-weather|SunnyDay|[upkeep]\n|-fieldend|move: Psychic Terrain\n|upkeep\n|turn|12\n|\n|t:|1731860990\n|move|p1a: Ditto|Earthquake|p2a: Sunflora\n|-resisted|p2a: Sunflora\n|-crit|p2a: Sunflora\n|-damage|p2a: Sunflora|0 fnt\n|faint|p2a: Sunflora\n|-ability|p1a: Ditto|Moxie|boost\n|-boost|p1a: Ditto|atk|1\n|\n|-weather|SunnyDay|[upkeep]\n|upkeep\n|\n|t:|1731860993\n|switch|p2a: Sinistcha|Sinistcha-Masterpiece, L83|194/254 tox\n|turn|13\n|\n|t:|1731860996\n|move|p1a: Ditto|Earthquake|p2a: Sinistcha\n|-resisted|p2a: Sinistcha\n|-damage|p2a: Sinistcha|89/254 tox\n|move|p2a: Sinistcha|Shadow Ball|p1a: Ditto\n|-damage|p1a: Ditto|111/225\n|\n|-weather|SunnyDay|[upkeep]\n|-heal|p2a: Sinistcha|104/254 tox|[from] item: Leftovers\n|-damage|p2a: Sinistcha|89/254 tox|[from] psn\n|upkeep\n|turn|14\n|\n|t:|1731861001\n|switch|p2a: Salamence|Salamence, L77, F, tera:Steel|166/273\n|move|p1a: Ditto|Earthquake|p2a: Salamence\n|-supereffective|p2a: Salamence\n|-damage|p2a: Salamence|0 fnt\n|faint|p2a: Salamence\n|-ability|p1a: Ditto|Moxie|boost\n|-boost|p1a: Ditto|atk|1\n|\n|-weather|SunnyDay|[upkeep]\n|upkeep\n|\n|t:|1731861003\n|switch|p2a: Sinistcha|Sinistcha-Masterpiece, L83|89/254 tox\n|turn|15\n|\n|t:|1731861005\n|-activate|p1a: Ditto|move: Struggle\n|move|p1a: Ditto|Struggle|p2a: Sinistcha\n|-crit|p2a: Sinistcha\n|-damage|p2a: Sinistcha|0 fnt\n|faint|p2a: Sinistcha\n|-ability|p1a: Ditto|Moxie|boost\n|-boost|p1a: Ditto|atk|1\n|-damage|p1a: Ditto|55/225|[from] recoil\n|\n|-weather|none\n|upkeep\n|\n|t:|1731861012\n|switch|p2a: Electrode|Electrode, L92|260/260\n|turn|16\n|\n|t:|1731861014\n|-activate|p1a: Ditto|move: Struggle\n|move|p1a: Ditto|Struggle|p2a: Electrode\n|-damage|p2a: Electrode|89/260\n|-status|p1a: Ditto|par|[from] ability: Static|[of] p2a: Electrode\n|-damage|p1a: Ditto|0 fnt|[from] recoil\n|faint|p1a: Ditto\n|move|p2a: Electrode|Thunderbolt|p1: Ditto|[notarget]\n|-fail|p2a: Electrode\n|\n|-heal|p2a: Electrode|105/260|[from] item: Leftovers\n|upkeep\n|-message|samuelayers forfeited.\n|\n|win|Gloriousplays\n|raw|Gloriousplays's rating: 2253 &rarr; <strong>2273</strong><br />(+20 for winning)\n|raw|samuelayers's rating: 2249 &rarr; <strong>2229</strong><br />(-20 for losing)\n|l|\u2606samuelayers\n|player|p2|\n", "inputlog": ">version 48604a2341c6e7bec58958c0f00ddbd3a745b6d0\n>start {\"formatid\":\"gen9randombattle\",\"seed\":[30797,65005,49891,47949],\"rated\":\"Rated battle\"}\n>player p1 {\"name\":\"Gloriousplays\",\"avatar\":\"ash\",\"rating\":2253,\"seed\":[35911,2078,11342,23589]}\n>player p2 {\"name\":\"samuelayers\",\"avatar\":\"gentleman-gen4dp\",\"rating\":2249,\"seed\":[29832,32162,520,16428]}\n>p1 move malignantchain\n>p2 move calmmind\n>p1 move partingshot\n>p2 move strengthsap\n>p1 switch 6\n>p1 switch 4\n>p2 move shadowball\n>p1 move uturn\n>p2 switch 5\n>p1 switch 3\n>p1 move flareblitz\n>p2 switch 4\n>p1 move terablast terastallize\n>p2 move headsmash\n>p2 switch 6\n>p1 switch 5\n>p2 move dragondance\n>p1 move expandingforce\n>p2 move dragondance terastallize\n>p1 switch 4\n>p2 move dualwingbeat\n>p1 switch 2\n>p1 move earthquake\n>p2 switch 3\n>p1 move earthquake\n>p2 move sunnyday\n>p1 move earthquake\n>p2 move weatherball\n>p2 switch 5\n>p1 move earthquake\n>p2 move shadowball\n>p1 move earthquake\n>p2 switch 3\n>p2 switch 3\n>p1 move struggle\n>p2 move strengthsap\n>p2 switch 2\n>p1 move struggle\n>p2 move thunderbolt\n>forcelose p2", "uploadtime": 1731861020, "views": 31, "formatid": "gen9randombattle", "rating": 2229, "private": 0, "password": null}