{"id": "gen9randombattle-2259786427", "format": "[Gen 9] Random Battle", "players": ["Qiuescent", "Merry24"], "log": "|j|\u203dQiuescent\n|j|\u2606Merry24\n|t:|1733766598\n|gametype|singles\n|player|p1|Qiuescent|169|2301\n|player|p2|Merry24|clerkf|2271\n|teamsize|p1|6\n|teamsize|p2|6\n|gen|9\n|tier|[Gen 9] Random Battle\n|rated|\n|rule|Species Clause: Limit one of each Pok\u00e9mon\n|rule|HP Percentage Mod: HP is shown in percentages\n|rule|Sleep Clause Mod: Limit one foe put to sleep\n|rule|Illusion Level Mod: Illusion disguises the Pok\u00e9mon's true level\n|\n|t:|1733766598\n|start\n|switch|p1a: Ninetales|Ninetales, L85, F|263/263\n|switch|p2a: Solgaleo|Solgaleo, L74|325/325\n|-weather|SunnyDay|[from] ability: Drought|[of] p1a: Ninetales\n|turn|1\n|\n|t:|1733766602\n|switch|p2a: Politoed|Politoed, L88, M|302/302\n|-weather|RainDance|[from] ability: Drizzle|[of] p2a: Politoed\n|move|p1a: Ninetales|Fire Blast|p2a: Politoed\n|-resisted|p2a: Politoed\n|-damage|p2a: Politoed|281/302\n|\n|-weather|RainDance|[upkeep]\n|upkeep\n|turn|2\n|\n|t:|1733766611\n|switch|p1a: Primarina|Primarina, L83, F|268/268\n|move|p2a: Politoed|Weather Ball|p1a: Primarina\n|-resisted|p1a: Primarina\n|-damage|p1a: Primarina|160/268\n|\n|-weather|RainDance|[upkeep]\n|upkeep\n|turn|3\n|\n|t:|1733766618\n|switch|p2a: Solgaleo|Solgaleo, L74|325/325\n|move|p1a: Primarina|Moonblast|p2a: Solgaleo\n|-resisted|p2a: Solgaleo\n|-damage|p2a: Solgaleo|223/325\n|\n|-weather|RainDance|[upkeep]\n|-heal|p2a: Solgaleo|243/325|[from] item: Leftovers\n|upkeep\n|turn|4\n|\n|t:|1733766624\n|switch|p1a: Skuntank|Skuntank, L84, M|310/310\n|move|p2a: Solgaleo|Psychic Fangs|p1a: Skuntank\n|-immune|p1a: Skuntank\n|\n|-weather|RainDance|[upkeep]\n|-heal|p2a: Solgaleo|263/325|[from] item: Leftovers\n|upkeep\n|turn|5\n|\n|t:|1733766627\n|move|p1a: Skuntank|Toxic Spikes|p2a: Solgaleo\n|-sidestart|p2: Merry24|move: Toxic Spikes\n|move|p2a: Solgaleo|Sunsteel Strike|p1a: Skuntank\n|-damage|p1a: Skuntank|172/310\n|\n|-weather|none\n|-heal|p2a: Solgaleo|283/325|[from] item: Leftovers\n|upkeep\n|turn|6\n|inactive|Battle timer is ON: inactive players will automatically lose when time's up. (requested by Qiuescent)\n|\n|t:|1733766633\n|move|p1a: Skuntank|Toxic Spikes|p2a: Solgaleo\n|-sidestart|p2: Merry24|move: Toxic Spikes\n|move|p2a: Solgaleo|Morning Sun|p2a: Solgaleo\n|-heal|p2a: Solgaleo|325/325\n|\n|upkeep\n|turn|7\n|\n|t:|1733766636\n|move|p1a: Skuntank|Knock Off|p2a: Solgaleo\n|-supereffective|p2a: Solgaleo\n|-damage|p2a: Solgaleo|57/325\n|-enditem|p2a: Solgaleo|Leftovers|[from] move: Knock Off|[of] p1a: Skuntank\n|-damage|p1a: Skuntank|141/310|[from] item: Life Orb\n|move|p2a: Solgaleo|Sunsteel Strike|p1a: Skuntank\n|-damage|p1a: Skuntank|8/310\n|\n|upkeep\n|turn|8\n|\n|t:|1733766640\n|move|p1a: Skuntank|Knock Off|p2a: Solgaleo\n|-supereffective|p2a: Solgaleo\n|-damage|p2a: Solgaleo|0 fnt\n|faint|p2a: Solgaleo\n|-damage|p1a: Skuntank|0 fnt|[from] item: Life Orb\n|faint|p1a: Skuntank\n|\n|upkeep\n|\n|t:|1733766655\n|switch|p1a: Brambleghast|Brambleghast, L88, F|240/240\n|switch|p2a: Arboliva|Arboliva, L91, F|288/288\n|-status|p2a: Arboliva|tox\n|turn|9\n|\n|t:|1733766669\n|-terastallize|p2a: Arboliva|Poison\n|move|p2a: Arboliva|Protect|p2a: Arboliva\n|-singleturn|p2a: Arboliva|Protect\n|move|p1a: Brambleghast|Substitute|p1a: Brambleghast\n|-start|p1a: Brambleghast|Substitute\n|-damage|p1a: Brambleghast|180/240\n|\n|-heal|p1a: Brambleghast|195/240|[from] item: Leftovers\n|-damage|p2a: Arboliva|270/288 tox|[from] psn\n|upkeep\n|turn|10\n|\n|t:|1733766688\n|switch|p2a: Enamorus|Enamorus-Therian, L83, F|259/259\n|move|p1a: Brambleghast|Poltergeist|p2a: Enamorus\n|-activate|p2a: Enamorus|move: Poltergeist|Assault Vest\n|-damage|p2a: Enamorus|124/259\n|\n|-heal|p1a: Brambleghast|210/240|[from] item: Leftovers\n|upkeep\n|turn|11\n|\n|t:|1733766693\n|switch|p2a: Arboliva|Arboliva, L91, F, tera:Poison|270/288 tox\n|-sideend|p2: Merry24|move: Toxic Spikes|[of] p2a: Arboliva\n|move|p1a: Brambleghast|Poltergeist|p2a: Arboliva\n|-activate|p2a: Arboliva|move: Poltergeist|Sitrus Berry\n|-damage|p2a: Arboliva|125/288 tox\n|-enditem|p2a: Arboliva|Sitrus Berry|[eat]\n|-heal|p2a: Arboliva|197/288 tox|[from] item: Sitrus Berry\n|\n|-heal|p1a: Brambleghast|225/240|[from] item: Leftovers\n|-damage|p2a: Arboliva|179/288 tox|[from] psn\n|upkeep\n|turn|12\n|\n|t:|1733766704\n|switch|p2a: Enamorus|Enamorus-Therian, L83, F|124/259\n|move|p1a: Brambleghast|Poltergeist|p2a: Enamorus\n|-activate|p2a: Enamorus|move: Poltergeist|Assault Vest\n|-damage|p2a: Enamorus|3/259\n|\n|-heal|p1a: Brambleghast|240/240|[from] item: Leftovers\n|upkeep\n|turn|13\n|\n|t:|1733766710\n|switch|p2a: Arboliva|Arboliva, L91, F, tera:Poison|179/288 tox\n|move|p1a: Brambleghast|Poltergeist||[still]\n|-fail|p1a: Brambleghast\n|\n|-damage|p2a: Arboliva|161/288 tox|[from] psn\n|-item|p2a: Arboliva|Sitrus Berry|[from] ability: Harvest\n|upkeep\n|turn|14\n|\n|t:|1733766717\n|move|p2a: Arboliva|Protect|p2a: Arboliva\n|-singleturn|p2a: Arboliva|Protect\n|move|p1a: Brambleghast|Poltergeist|p2a: Arboliva\n|-activate|p2a: Arboliva|move: Protect\n|\n|-damage|p2a: Arboliva|125/288 tox|[from] psn\n|upkeep\n|-enditem|p2a: Arboliva|Sitrus Berry|[eat]\n|-heal|p2a: Arboliva|197/288 tox|[from] item: Sitrus Berry\n|turn|15\n|\n|t:|1733766721\n|switch|p2a: Enamorus|Enamorus-Therian, L83, F|3/259\n|move|p1a: Brambleghast|Poltergeist|p2a: Enamorus\n|-activate|p2a: Enamorus|move: Poltergeist|Assault Vest\n|-damage|p2a: Enamorus|0 fnt\n|faint|p2a: Enamorus\n|\n|upkeep\n|\n|t:|1733766722\n|switch|p2a: Arboliva|Arboliva, L91, F, tera:Poison|197/288 tox\n|turn|16\n|\n|t:|1733766731\n|switch|p2a: Diancie|Diancie, L82|216/216\n|move|p1a: Brambleghast|Leech Seed|p2a: Diancie\n|-start|p2a: Diancie|move: Leech Seed\n|\n|-damage|p2a: Diancie|189/216|[from] Leech Seed|[of] p1a: Brambleghast\n|upkeep\n|turn|17\n|\n|t:|1733766733\n|switch|p2a: Arboliva|Arboliva, L91, F, tera:Poison|197/288 tox\n|move|p1a: Brambleghast|Power Whip|p2a: Arboliva\n|-resisted|p2a: Arboliva\n|-damage|p2a: Arboliva|128/288 tox\n|\n|-damage|p2a: Arboliva|110/288 tox|[from] psn\n|-item|p2a: Arboliva|Sitrus Berry|[from] ability: Harvest\n|upkeep\n|-enditem|p2a: Arboliva|Sitrus Berry|[eat]\n|-heal|p2a: Arboliva|182/288 tox|[from] item: Sitrus Berry\n|turn|18\n|\n|t:|1733766738\n|switch|p2a: Diancie|Diancie, L82|189/216\n|move|p1a: Brambleghast|Leech Seed|p2a: Diancie\n|-start|p2a: Diancie|move: Leech Seed\n|\n|-damage|p2a: Diancie|162/216|[from] Leech Seed|[of] p1a: Brambleghast\n|upkeep\n|turn|19\n|\n|t:|1733766741\n|move|p1a: Brambleghast|Power Whip|p2a: Diancie\n|-supereffective|p2a: Diancie\n|-crit|p2a: Diancie\n|-damage|p2a: Diancie|0 fnt\n|faint|p2a: Diancie\n|\n|upkeep\n|-message|Merry24 forfeited.\n|\n|win|Qiuescent\n|raw|Qiuescent's rating: 2301 &rarr; <strong>2319</strong><br />(+18 for winning)\n|raw|Merry24's rating: 2271 &rarr; <strong>2253</strong><br />(-18 for losing)\n|l|\u2606Merry24\n|player|p2|\n", "inputlog": ">version bfd83cad13791eb5a5a409923076391caf6fb4d4\n>start {\"formatid\":\"gen9randombattle\",\"seed\":[35195,50811,33366,7036],\"rated\":\"Rated battle\"}\n>player p1 {\"name\":\"Qiuescent\",\"avatar\":\"169\",\"rating\":2301,\"seed\":[21447,33670,63382,23643]}\n>player p2 {\"name\":\"Merry24\",\"avatar\":\"clerkf\",\"rating\":2271,\"seed\":[57028,19265,43455,50823]}\n>p1 move fireblast\n>p2 switch 3\n>p1 switch 5\n>p2 move weatherball\n>p1 move moonblast\n>p2 switch 3\n>p1 switch 2\n>p2 move psychicfangs\n>p1 move toxicspikes\n>p2 move sunsteelstrike\n>p1 move toxicspikes\n>p2 move morningsun\n>p1 move knockoff\n>p2 move sunsteelstrike\n>p1 move knockoff\n>p2 move morningsun\n>p1 switch 3\n>p2 switch 5\n>p1 move substitute\n>p2 move protect terastallize\n>p1 move poltergeist\n>p2 switch 6\n>p1 move poltergeist\n>p2 switch 6\n>p1 move poltergeist\n>p2 switch 6\n>p1 move poltergeist\n>p2 switch 6\n>p1 move poltergeist\n>p2 move protect\n>p1 move poltergeist\n>p2 switch 6\n>p2 switch 6\n>p1 move leechseed\n>p2 switch 4\n>p1 move powerwhip\n>p2 switch 4\n>p1 move leechseed\n>p2 switch 4\n>p1 move powerwhip\n>p2 move moonblast\n>forcelose p2", "uploadtime": 1733766745, "views": 1, "formatid": "gen9randombattle", "rating": 2253, "private": 0, "password": null}