{"id": "gen9randombattle-2260419139", "format": "[Gen 9] Random Battle", "players": ["Bionis Shoulder", "Mattattac"], "log": "|j|\u2606Bionis Shoulder\n|j|\u203dMattattac\n|t:|1733849779\n|gametype|singles\n|player|p1|Bionis Shoulder|cynthia-masters|1687\n|player|p2|Mattattac|nate|1691\n|teamsize|p1|6\n|teamsize|p2|6\n|gen|9\n|tier|[Gen 9] Random Battle\n|rated|\n|rule|Species Clause: Limit one of each Pok\u00e9mon\n|rule|HP Percentage Mod: HP is shown in percentages\n|rule|Sleep Clause Mod: Limit one foe put to sleep\n|rule|Illusion Level Mod: Illusion disguises the Pok\u00e9mon's true level\n|\n|t:|1733849779\n|start\n|switch|p1a: Mightyena|Mightyena, L95, M|287/287\n|switch|p2a: Espathra|Espathra, L80, F|283/283\n|-ability|p1a: Mightyena|Intimidate|boost\n|-unboost|p2a: Espathra|atk|1\n|turn|1\n|inactive|Battle timer is ON: inactive players will automatically lose when time's up. (requested by Mattattac)\n|\n|t:|1733849800\n|move|p2a: Espathra|U-turn|p1a: Mightyena\n|-supereffective|p1a: Mightyena\n|-damage|p1a: Mightyena|243/287\n|inactive|Mattattac has 120 seconds left.\n|\n|t:|1733849831\n|switch|p2a: Mew|Mew, L82|298/298|[from] U-turn\n|move|p1a: Mightyena|Crunch|p2a: Mew\n|-supereffective|p2a: Mew\n|-damage|p2a: Mew|118/298\n|-unboost|p2a: Mew|def|1\n|\n|-heal|p2a: Mew|136/298|[from] item: Leftovers\n|upkeep\n|turn|2\n|inactive|Mattattac has 120 seconds left.\n|inactive|Bionis Shoulder has 120 seconds left.\n|\n|t:|1733849886\n|switch|p1a: Bellibolt|Bellibolt, L84, F|320/320\n|move|p2a: Mew|Will-O-Wisp|p1a: Bellibolt\n|-status|p1a: Bellibolt|brn\n|\n|-heal|p2a: Mew|154/298|[from] item: Leftovers\n|-damage|p1a: Bellibolt|300/320 brn|[from] brn\n|upkeep\n|turn|3\n|inactive|Mattattac has 120 seconds left.\n|\n|t:|1733849902\n|move|p2a: Mew|Psychic Noise|p1a: Bellibolt\n|-damage|p1a: Bellibolt|224/320 brn\n|-start|p1a: Bellibolt|move: Heal Block\n|-start|p1a: Bellibolt|Charge|Psychic Noise|[from] ability: Electromorphosis\n|move|p1a: Bellibolt|Toxic||[still]\n|-status|p2a: Mew|tox\n|-activate|p2a: Mew|ability: Synchronize\n|-fail|p2a: Mew\n|\n|-heal|p2a: Mew|172/298 tox|[from] item: Leftovers\n|-damage|p2a: Mew|154/298 tox|[from] psn\n|-damage|p1a: Bellibolt|204/320 brn|[from] brn\n|upkeep\n|turn|4\n|\n|t:|1733849918\n|switch|p1a: Mightyena|Mightyena, L95, M|243/287\n|-ability|p1a: Mightyena|Intimidate|boost\n|-unboost|p2a: Mew|atk|1\n|move|p2a: Mew|Encore||[still]\n|-fail|p2a: Mew\n|\n|-heal|p2a: Mew|172/298 tox|[from] item: Leftovers\n|-damage|p2a: Mew|136/298 tox|[from] psn\n|upkeep\n|turn|5\n|\n|t:|1733849930\n|switch|p1a: Bellibolt|Bellibolt, L84, F|204/320 brn\n|move|p2a: Mew|Will-O-Wisp|p1a: Bellibolt|[miss]\n|-miss|p2a: Mew|p1a: Bellibolt\n|\n|-heal|p2a: Mew|154/298 tox|[from] item: Leftovers\n|-heal|p1a: Bellibolt|224/320 brn|[from] item: Leftovers\n|-damage|p2a: Mew|100/298 tox|[from] psn\n|-damage|p1a: Bellibolt|204/320 brn|[from] brn\n|upkeep\n|turn|6\n|\n|t:|1733849936\n|move|p2a: Mew|U-turn|p1a: Bellibolt\n|-damage|p1a: Bellibolt|170/320 brn\n|-start|p1a: Bellibolt|Charge|U-turn|[from] ability: Electromorphosis\n|\n|t:|1733849940\n|switch|p2a: Plusle|Plusle, L95, F|268/268|[from] U-turn\n|move|p1a: Bellibolt|Thunderbolt|p2a: Plusle\n|-ability|p2a: Plusle|Lightning Rod|boost\n|-boost|p2a: Plusle|spa|1\n|-end|p1a: Bellibolt|Charge|[silent]\n|\n|-heal|p1a: Bellibolt|190/320 brn|[from] item: Leftovers\n|-damage|p1a: Bellibolt|170/320 brn|[from] brn\n|upkeep\n|turn|7\n|\n|t:|1733849953\n|move|p2a: Plusle|Grass Knot|p1a: Bellibolt\n|-damage|p1a: Bellibolt|1/320 brn\n|-start|p1a: Bellibolt|Charge|Grass Knot|[from] ability: Electromorphosis\n|-damage|p2a: Plusle|242/268|[from] item: Life Orb\n|move|p1a: Bellibolt|Toxic|p2a: Plusle\n|-status|p2a: Plusle|tox\n|\n|-heal|p1a: Bellibolt|21/320 brn|[from] item: Leftovers\n|-damage|p2a: Plusle|226/268 tox|[from] psn\n|-damage|p1a: Bellibolt|1/320 brn|[from] brn\n|upkeep\n|turn|8\n|\n|t:|1733849970\n|switch|p1a: Zebstrika|Zebstrika, L87, M|272/272\n|move|p2a: Plusle|Nasty Plot|p2a: Plusle\n|-boost|p2a: Plusle|spa|2\n|\n|-damage|p2a: Plusle|194/268 tox|[from] psn\n|upkeep\n|turn|9\n|\n|t:|1733849997\n|switch|p2a: Mew|Mew, L82|100/298 tox\n|move|p1a: Zebstrika|High Horsepower|p2a: Mew\n|-damage|p2a: Mew|4/298 tox\n|-damage|p1a: Zebstrika|245/272|[from] item: Life Orb\n|\n|-heal|p2a: Mew|22/298 tox|[from] item: Leftovers\n|-damage|p2a: Mew|4/298 tox|[from] psn\n|upkeep\n|turn|10\n|\n|t:|1733850012\n|move|p1a: Zebstrika|High Horsepower|p2a: Mew\n|-damage|p2a: Mew|0 fnt\n|faint|p2a: Mew\n|-damage|p1a: Zebstrika|218/272|[from] item: Life Orb\n|\n|upkeep\n|inactive|Mattattac has 120 seconds left.\n|\n|t:|1733850041\n|switch|p2a: Espathra|Espathra, L80, F|283/283\n|turn|11\n|\n|t:|1733850048\n|move|p1a: Zebstrika|Volt Switch|p2a: Espathra\n|-damage|p2a: Espathra|158/283\n|-damage|p1a: Zebstrika|191/272|[from] item: Life Orb\n|\n|t:|1733850056\n|switch|p1a: Bellibolt|Bellibolt, L84, F|1/320 brn|[from] Volt Switch\n|move|p2a: Espathra|Dazzling Gleam|p1a: Bellibolt\n|-damage|p1a: Bellibolt|0 fnt\n|faint|p1a: Bellibolt\n|\n|-ability|p2a: Espathra|Speed Boost|boost\n|-boost|p2a: Espathra|spe|1\n|upkeep\n|\n|t:|1733850072\n|switch|p1a: Mightyena|Mightyena, L95, M|243/287\n|-ability|p1a: Mightyena|Intimidate|boost\n|-unboost|p2a: Espathra|atk|1\n|turn|12\n|\n|t:|1733850082\n|switch|p2a: Plusle|Plusle, L95, F|194/268 tox\n|-terastallize|p1a: Mightyena|Poison\n|move|p1a: Mightyena|Crunch|p2a: Plusle\n|-damage|p2a: Plusle|47/268 tox\n|\n|-damage|p2a: Plusle|31/268 tox|[from] psn\n|upkeep\n|turn|13\n|\n|t:|1733850100\n|switch|p1a: Meowscarada|Meowscarada, L78, M|247/247\n|move|p2a: Plusle|Grass Knot|p1a: Meowscarada\n|-resisted|p1a: Meowscarada\n|-damage|p1a: Meowscarada|204/247\n|-damage|p2a: Plusle|5/268 tox|[from] item: Life Orb\n|\n|-damage|p2a: Plusle|0 fnt|[from] psn\n|faint|p2a: Plusle\n|upkeep\n|inactive|Mattattac has 120 seconds left.\n|\n|t:|1733850131\n|switch|p2a: Arceus|Arceus-Ghost, L69|280/280\n|turn|14\n|inactive|Mattattac has 120 seconds left.\n|\n|t:|1733850155\n|move|p1a: Meowscarada|Knock Off|p2a: Arceus\n|-start|p1a: Meowscarada|typechange|Dark|[from] ability: Protean\n|-supereffective|p2a: Arceus\n|-crit|p2a: Arceus\n|-damage|p2a: Arceus|23/280\n|-damage|p1a: Meowscarada|180/247|[from] item: Life Orb\n|move|p2a: Arceus|Focus Blast|p1a: Meowscarada\n|-supereffective|p1a: Meowscarada\n|-damage|p1a: Meowscarada|10/247\n|\n|upkeep\n|turn|15\n|\n|t:|1733850180\n|switch|p2a: Heracross|Heracross, L80, F|259/259\n|move|p1a: Meowscarada|Toxic Spikes|p2a: Heracross\n|-sidestart|p2: Mattattac|move: Toxic Spikes\n|\n|upkeep\n|turn|16\n|inactive|Bionis Shoulder has 90 seconds left.\n|\n|t:|1733850200\n|move|p1a: Meowscarada|Triple Axel|p2a: Heracross\n|-damage|p2a: Heracross|237/259\n|-damage|p2a: Heracross|193/259\n|-damage|p2a: Heracross|127/259\n|-hitcount|p2a: Heracross|3\n|-damage|p1a: Meowscarada|0 fnt|[from] item: Life Orb\n|faint|p1a: Meowscarada\n|move|p2a: Heracross|Knock Off|p1: Meowscarada|[notarget]\n|-fail|p2a: Heracross\n|\n|upkeep\n|inactive|Bionis Shoulder has 90 seconds left.\n|\n|t:|1733850226\n|switch|p1a: Mightyena|Mightyena, L95, M, tera:Poison|243/287\n|-ability|p1a: Mightyena|Intimidate|boost\n|-unboost|p2a: Heracross|atk|1\n|turn|17\n|\n|t:|1733850242\n|-terastallize|p2a: Heracross|Bug\n|move|p1a: Mightyena|Play Rough|p2a: Heracross\n|-damage|p2a: Heracross|36/259\n|move|p2a: Heracross|Knock Off|p1a: Mightyena\n|-damage|p1a: Mightyena|156/287\n|-enditem|p1a: Mightyena|Assault Vest|[from] move: Knock Off|[of] p2a: Heracross\n|\n|upkeep\n|turn|18\n|inactive|Bionis Shoulder has 60 seconds left.\n|\n|t:|1733850277\n|switch|p2a: Blissey|Blissey, L84, F|566/566\n|-status|p2a: Blissey|psn\n|move|p1a: Mightyena|Crunch|p2a: Blissey\n|-damage|p2a: Blissey|266/566 psn\n|\n|-heal|p2a: Blissey|301/566 psn|[from] item: Leftovers\n|-damage|p2a: Blissey|231/566 psn|[from] psn\n|upkeep\n|turn|19\n|inactive|Mattattac has 90 seconds left.\n|\n|t:|1733850293\n|move|p1a: Mightyena|Crunch|p2a: Blissey\n|-damage|p2a: Blissey|0 fnt\n|faint|p2a: Blissey\n|\n|upkeep\n|\n|t:|1733850297\n|switch|p2a: Espathra|Espathra, L80, F|158/283\n|-status|p2a: Espathra|psn\n|turn|20\n|l|\u203dMattattac\n|inactive|Mattattac disconnected and has a minute to reconnect!\n|player|p2|\n|\n|t:|1733850309\n|move|p2a: Espathra|Lumina Crash|p1a: Mightyena\n|-supereffective|p1a: Mightyena\n|-damage|p1a: Mightyena|0 fnt\n|faint|p1a: Mightyena\n|\n|-damage|p2a: Espathra|123/283 psn|[from] psn\n|-ability|p2a: Espathra|Speed Boost|boost\n|-boost|p2a: Espathra|spe|1\n|upkeep\n|\n|t:|1733850314\n|switch|p1a: Greedent|Greedent, L86, M|347/347\n|turn|21\n|j|\u203dMattattac\n|inactive|Mattattac reconnected and has 115 seconds left.\n|player|p2|Mattattac|nate|\n|n|\u203dMattattac|mattattac\n|inactive|Mattattac has 90 seconds left.\n|\n|t:|1733850341\n|move|p2a: Espathra|Lumina Crash|p1a: Greedent\n|-damage|p1a: Greedent|223/347\n|-unboost|p1a: Greedent|spd|2\n|move|p1a: Greedent|Knock Off|p2a: Espathra\n|-supereffective|p2a: Espathra\n|-damage|p2a: Espathra|0 fnt\n|-enditem|p2a: Espathra|Choice Specs|[from] move: Knock Off|[of] p1a: Greedent\n|faint|p2a: Espathra\n|\n|upkeep\n|\n|t:|1733850345\n|switch|p2a: Arceus|Arceus-Ghost, L69|23/280\n|-status|p2a: Arceus|psn\n|turn|22\n|inactive|Bionis Shoulder has 90 seconds left.\n|inactive|Mattattac has 90 seconds left.\n|-message|Mattattac forfeited.\n|\n|win|Bionis Shoulder\n|raw|Bionis Shoulder's rating: 1687 &rarr; <strong>1707</strong><br />(+20 for winning)\n|raw|Mattattac's rating: 1691 &rarr; <strong>1671</strong><br />(-20 for losing)\n", "inputlog": ">version bfd83cad13791eb5a5a409923076391caf6fb4d4\n>start {\"formatid\":\"gen9randombattle\",\"seed\":[52682,7941,40160,52705],\"rated\":\"Rated battle\"}\n>player p1 {\"name\":\"Bionis Shoulder\",\"avatar\":\"cynthia-masters\",\"rating\":1687,\"seed\":[25216,2569,55504,52767]}\n>player p2 {\"name\":\"Mattattac\",\"avatar\":\"nate\",\"rating\":1691,\"seed\":[63756,6905,56890,37702]}\n>p1 move crunch\n>p2 move uturn\n>p2 switch 3\n>p1 switch 5\n>p2 move willowisp\n>p1 move toxic\n>p2 move psychicnoise\n>p1 switch 5\n>p2 move encore\n>p1 switch 5\n>p2 move willowisp\n>p1 move thunderbolt\n>p2 move uturn\n>p2 switch 2\n>p1 move toxic\n>p2 move grassknot\n>p1 switch 6\n>p2 move nastyplot\n>p1 move highhorsepower\n>p2 switch 2\n>p1 move highhorsepower\n>p2 move willowisp\n>p2 switch 3\n>p1 move voltswitch\n>p2 move dazzlinggleam\n>p1 switch 6\n>p1 switch 5\n>p1 move crunch terastallize\n>p2 switch 2\n>p1 switch 2\n>p2 move grassknot\n>p2 switch 5\n>p1 move knockoff\n>p2 move focusblast\n>p1 move toxicspikes\n>p2 switch 4\n>p1 move tripleaxel\n>p2 move knockoff\n>p1 switch 2\n>p1 move playrough\n>p2 move knockoff terastallize\n>p1 move crunch\n>p2 switch 6\n>p1 move crunch\n>p2 move thunderwave\n>p2 switch 2\n>p1 move crunch\n>p2 move luminacrash\n>p1 switch 4\n>p1 move knockoff\n>p2 move luminacrash\n>p2 switch 4\n>forcelose p2", "uploadtime": 1733850367, "views": 2, "formatid": "gen9randombattle", "rating": 1671, "private": 0, "password": null}