{"id": "gen9randombattle-2128715735", "format": "[Gen 9] Random Battle", "players": ["MichaelderBeste2", "Teres bahji"], "log": "|badge|p1|bronze|gen9randombattle|100-1\n|uhtml|medal-msg|<div class=\"broadcast-blue\">Curious what those medals under the avatar are? PS now has Ladder Seasons! For more information, check out the <a href=\"https://www.smogon.com/forums/threads/3740067/\">thread on Smogon.</a></div>\n|badge|p2|bronze|gen9randombattle|100-1\n|uhtml|medal-msg|<div class=\"broadcast-blue\">Curious what those medals under the avatar are? PS now has Ladder Seasons! For more information, check out the <a href=\"https://www.smogon.com/forums/threads/3740067/\">thread on Smogon.</a></div>\n|j|\u2606MichaelderBeste2\n|j|\u2606Teres bahji\n|t:|1716447306\n|gametype|singles\n|player|p1|MichaelderBeste2|#scl1platoon|2344\n|player|p2|Teres bahji|#rbtt7teamrayquazaf|2362\n|teamsize|p1|6\n|teamsize|p2|6\n|gen|9\n|tier|[Gen 9] Random Battle\n|rated|\n|rule|Species Clause: Limit one of each Pok\u00e9mon\n|rule|HP Percentage Mod: HP is shown in percentages\n|rule|Sleep Clause Mod: Limit one foe put to sleep\n|rule|Illusion Level Mod: Illusion disguises the Pok\u00e9mon's true level\n|\n|t:|1716447306\n|start\n|switch|p1a: Passimian|Passimian, L83, M|302/302\n|switch|p2a: Azelf|Azelf, L82|257/257\n|turn|1\n|inactive|Battle timer is ON: inactive players will automatically lose when time's up. (requested by Teres bahji)\n|\n|t:|1716447358\n|move|p2a: Azelf|Psychic|p1a: Passimian\n|-supereffective|p1a: Passimian\n|-damage|p1a: Passimian|0 fnt\n|faint|p1a: Passimian\n|\n|upkeep\n|\n|t:|1716447374\n|switch|p1a: Basculin|Basculin, L86, M|261/261\n|turn|2\n|\n|t:|1716447384\n|move|p2a: Azelf|Psychic|p1a: Basculin\n|-damage|p1a: Basculin|56/261\n|move|p1a: Basculin|Wave Crash|p2a: Azelf\n|-damage|p2a: Azelf|0 fnt\n|faint|p2a: Azelf\n|-damage|p1a: Basculin|0 fnt|[from] Recoil\n|faint|p1a: Basculin\n|\n|upkeep\n|\n|t:|1716447401\n|switch|p2a: Iron Hands|Iron Hands, L79|373/373\n|switch|p1a: Salamence|Salamence, L77, F|273/273\n|-ability|p1a: Salamence|Intimidate|boost\n|-unboost|p2a: Iron Hands|atk|1\n|turn|3\n|\n|t:|1716447407\n|switch|p1a: Weezing|Weezing-Galar, L86, F|252/252\n|move|p2a: Iron Hands|Ice Punch|p1a: Weezing\n|-damage|p1a: Weezing|217/252\n|\n|-heal|p1a: Weezing|232/252|[from] item: Leftovers\n|upkeep\n|turn|4\n|\n|t:|1716447417\n|-end|p2a: Iron Hands|Quark Drive|[silent]\n|switch|p2a: Skeledirge|Skeledirge, L79, F|294/294\n|move|p1a: Weezing|Gunk Shot|p2a: Skeledirge\n|-resisted|p2a: Skeledirge\n|-damage|p2a: Skeledirge|230/294\n|\n|-heal|p1a: Weezing|247/252|[from] item: Leftovers\n|upkeep\n|turn|5\n|\n|t:|1716447425\n|switch|p1a: Baxcalibur|Baxcalibur, L75, F|296/296\n|move|p2a: Skeledirge|Will-O-Wisp|p1a: Baxcalibur\n|-immune|p1a: Baxcalibur|[from] ability: Thermal Exchange\n|\n|upkeep\n|turn|6\n|\n|t:|1716447432\n|move|p1a: Baxcalibur|Earthquake|p2a: Skeledirge\n|-supereffective|p2a: Skeledirge\n|-damage|p2a: Skeledirge|88/294\n|move|p2a: Skeledirge|Torch Song|p1a: Baxcalibur\n|-damage|p1a: Baxcalibur|205/296\n|-boost|p2a: Skeledirge|spa|1\n|-ability|p1a: Baxcalibur|Thermal Exchange|boost\n|-boost|p1a: Baxcalibur|atk|1\n|\n|upkeep\n|turn|7\n|\n|t:|1716447443\n|switch|p2a: Cryogonal|Cryogonal, L89|287/287\n|move|p1a: Baxcalibur|Earthquake|p2a: Cryogonal\n|-immune|p2a: Cryogonal|[from] ability: Levitate\n|\n|upkeep\n|turn|8\n|\n|t:|1716447447\n|move|p2a: Cryogonal|Flash Cannon|p1a: Baxcalibur\n|-supereffective|p1a: Baxcalibur\n|-damage|p1a: Baxcalibur|61/296\n|move|p1a: Baxcalibur|Dragon Dance|p1a: Baxcalibur\n|-boost|p1a: Baxcalibur|atk|1\n|-boost|p1a: Baxcalibur|spe|1\n|\n|upkeep\n|turn|9\n|\n|t:|1716447455\n|move|p1a: Baxcalibur|Glaive Rush|p2a: Cryogonal\n|-damage|p2a: Cryogonal|0 fnt\n|-singlemove|p1a: Baxcalibur|Glaive Rush|[silent]\n|faint|p2a: Cryogonal\n|\n|upkeep\n|\n|t:|1716447461\n|switch|p2a: Iron Hands|Iron Hands, L79|373/373\n|turn|10\n|\n|t:|1716447470\n|move|p1a: Baxcalibur|Earthquake|p2a: Iron Hands\n|-supereffective|p2a: Iron Hands\n|-damage|p2a: Iron Hands|77/373\n|move|p2a: Iron Hands|Drain Punch|p1a: Baxcalibur\n|-supereffective|p1a: Baxcalibur\n|-crit|p1a: Baxcalibur\n|-damage|p1a: Baxcalibur|0 fnt\n|-heal|p2a: Iron Hands|108/373|[from] drain|[of] p1a: Baxcalibur\n|faint|p1a: Baxcalibur\n|\n|-heal|p2a: Iron Hands|131/373|[from] item: Leftovers\n|upkeep\n|\n|t:|1716447475\n|switch|p1a: Weezing|Weezing-Galar, L86, F|247/252\n|turn|11\n|\n|t:|1716447479\n|move|p1a: Weezing|Strange Steam|p2a: Iron Hands\n|-supereffective|p2a: Iron Hands\n|-damage|p2a: Iron Hands|0 fnt\n|faint|p2a: Iron Hands\n|-end|p2a: Iron Hands|Quark Drive|[silent]\n|\n|-heal|p1a: Weezing|252/252|[from] item: Leftovers\n|upkeep\n|\n|t:|1716447483\n|switch|p2a: Skeledirge|Skeledirge, L79, F|88/294\n|turn|12\n|\n|t:|1716447486\n|switch|p1a: Salamence|Salamence, L77, F|273/273\n|-ability|p1a: Salamence|Intimidate|boost\n|-unboost|p2a: Skeledirge|atk|1\n|move|p2a: Skeledirge|Slack Off|p2a: Skeledirge\n|-heal|p2a: Skeledirge|235/294\n|\n|upkeep\n|turn|13\n|\n|t:|1716447489\n|move|p1a: Salamence|Earthquake|p2a: Skeledirge\n|-supereffective|p2a: Skeledirge\n|-damage|p2a: Skeledirge|75/294\n|move|p2a: Skeledirge|Will-O-Wisp|p1a: Salamence\n|-status|p1a: Salamence|brn\n|\n|-damage|p1a: Salamence|256/273 brn|[from] brn\n|upkeep\n|turn|14\n|\n|t:|1716447496\n|move|p1a: Salamence|Earthquake|p2a: Skeledirge\n|-supereffective|p2a: Skeledirge\n|-damage|p2a: Skeledirge|0 fnt\n|faint|p2a: Skeledirge\n|\n|-damage|p1a: Salamence|239/273 brn|[from] brn\n|upkeep\n|\n|t:|1716447501\n|switch|p2a: Maushold|Maushold, L76|238/238\n|turn|15\n|\n|t:|1716447519\n|switch|p1a: Vileplume|Vileplume, L86, F|269/269\n|move|p2a: Maushold|Tidy Up|p2a: Maushold\n|-boost|p2a: Maushold|atk|1\n|-boost|p2a: Maushold|spe|1\n|\n|upkeep\n|turn|16\n|\n|t:|1716447530\n|-terastallize|p1a: Vileplume|Steel\n|move|p2a: Maushold|Tidy Up|p2a: Maushold\n|-boost|p2a: Maushold|atk|1\n|-boost|p2a: Maushold|spe|1\n|move|p1a: Vileplume|Giga Drain|p2a: Maushold\n|-damage|p2a: Maushold|132/238\n|\n|upkeep\n|turn|17\n|\n|t:|1716447544\n|move|p2a: Maushold|Population Bomb|p1a: Vileplume\n|-resisted|p1a: Vileplume\n|-damage|p1a: Vileplume|247/269\n|-resisted|p1a: Vileplume\n|-damage|p1a: Vileplume|225/269\n|-resisted|p1a: Vileplume\n|-damage|p1a: Vileplume|202/269\n|-resisted|p1a: Vileplume\n|-damage|p1a: Vileplume|181/269\n|-resisted|p1a: Vileplume\n|-damage|p1a: Vileplume|160/269\n|-resisted|p1a: Vileplume\n|-damage|p1a: Vileplume|136/269\n|-resisted|p1a: Vileplume\n|-damage|p1a: Vileplume|112/269\n|-resisted|p1a: Vileplume\n|-crit|p1a: Vileplume\n|-damage|p1a: Vileplume|80/269\n|-resisted|p1a: Vileplume\n|-damage|p1a: Vileplume|57/269\n|-resisted|p1a: Vileplume\n|-damage|p1a: Vileplume|35/269\n|-status|p2a: Maushold|par|[from] ability: Effect Spore|[of] p1a: Vileplume\n|-hitcount|p1a: Vileplume|10\n|move|p1a: Vileplume|Strength Sap|p2a: Maushold\n|-unboost|p2a: Maushold|atk|1\n|-heal|p1a: Vileplume|269/269\n|\n|upkeep\n|turn|18\n|\n|t:|1716447549\n|move|p2a: Maushold|Encore|p1a: Vileplume\n|-start|p1a: Vileplume|Encore\n|move|p1a: Vileplume|Strength Sap|p2a: Maushold\n|-unboost|p2a: Maushold|atk|1\n|\n|upkeep\n|turn|19\n|\n|t:|1716447554\n|switch|p1a: Salamence|Salamence, L77, F|239/273 brn\n|-ability|p1a: Salamence|Intimidate|boost\n|-unboost|p2a: Maushold|atk|1\n|move|p2a: Maushold|Tidy Up|p2a: Maushold\n|-boost|p2a: Maushold|atk|1\n|-boost|p2a: Maushold|spe|1\n|\n|-damage|p1a: Salamence|222/273 brn|[from] brn\n|upkeep\n|turn|20\n|\n|t:|1716447562\n|switch|p1a: Vileplume|Vileplume, L86, F, tera:Steel|269/269\n|move|p2a: Maushold|Population Bomb|p1a: Vileplume\n|-resisted|p1a: Vileplume\n|-damage|p1a: Vileplume|259/269\n|-resisted|p1a: Vileplume\n|-damage|p1a: Vileplume|247/269\n|-resisted|p1a: Vileplume\n|-damage|p1a: Vileplume|235/269\n|-resisted|p1a: Vileplume\n|-damage|p1a: Vileplume|225/269\n|-resisted|p1a: Vileplume\n|-damage|p1a: Vileplume|213/269\n|-resisted|p1a: Vileplume\n|-damage|p1a: Vileplume|201/269\n|-resisted|p1a: Vileplume\n|-damage|p1a: Vileplume|189/269\n|-resisted|p1a: Vileplume\n|-damage|p1a: Vileplume|179/269\n|-resisted|p1a: Vileplume\n|-damage|p1a: Vileplume|167/269\n|-resisted|p1a: Vileplume\n|-damage|p1a: Vileplume|157/269\n|-hitcount|p1a: Vileplume|10\n|\n|-heal|p1a: Vileplume|173/269|[from] item: Leftovers\n|upkeep\n|turn|21\n|\n|t:|1716447577\n|move|p2a: Maushold|Population Bomb|p1a: Vileplume\n|-resisted|p1a: Vileplume\n|-damage|p1a: Vileplume|162/269\n|-resisted|p1a: Vileplume\n|-damage|p1a: Vileplume|151/269\n|-resisted|p1a: Vileplume\n|-damage|p1a: Vileplume|141/269\n|-resisted|p1a: Vileplume\n|-damage|p1a: Vileplume|129/269\n|-resisted|p1a: Vileplume\n|-damage|p1a: Vileplume|118/269\n|-resisted|p1a: Vileplume\n|-damage|p1a: Vileplume|106/269\n|-resisted|p1a: Vileplume\n|-damage|p1a: Vileplume|96/269\n|-resisted|p1a: Vileplume\n|-damage|p1a: Vileplume|85/269\n|-resisted|p1a: Vileplume\n|-damage|p1a: Vileplume|75/269\n|-resisted|p1a: Vileplume\n|-damage|p1a: Vileplume|63/269\n|-hitcount|p1a: Vileplume|10\n|move|p1a: Vileplume|Strength Sap|p2a: Maushold\n|-unboost|p2a: Maushold|atk|1\n|-heal|p1a: Vileplume|221/269\n|\n|-heal|p1a: Vileplume|237/269|[from] item: Leftovers\n|upkeep\n|turn|22\n|\n|t:|1716447581\n|move|p2a: Maushold|Encore|p1a: Vileplume\n|-start|p1a: Vileplume|Encore\n|move|p1a: Vileplume|Strength Sap|p2a: Maushold\n|-unboost|p2a: Maushold|atk|1\n|-heal|p1a: Vileplume|269/269\n|\n|upkeep\n|turn|23\n|\n|t:|1716447585\n|switch|p1a: Salamence|Salamence, L77, F|222/273 brn\n|-ability|p1a: Salamence|Intimidate|boost\n|-unboost|p2a: Maushold|atk|1\n|move|p2a: Maushold|Population Bomb|p1a: Salamence\n|-damage|p1a: Salamence|210/273 brn\n|-damage|p1a: Salamence|198/273 brn\n|-damage|p1a: Salamence|186/273 brn\n|-damage|p1a: Salamence|174/273 brn\n|-damage|p1a: Salamence|162/273 brn\n|-damage|p1a: Salamence|150/273 brn\n|-damage|p1a: Salamence|138/273 brn\n|-damage|p1a: Salamence|128/273 brn\n|-damage|p1a: Salamence|116/273 brn\n|-damage|p1a: Salamence|104/273 brn\n|-hitcount|p1a: Salamence|10\n|\n|-damage|p1a: Salamence|87/273 brn|[from] brn\n|upkeep\n|turn|24\n|inactive|MichaelderBeste2 has 120 seconds left.\n|\n|t:|1716447622\n|switch|p1a: Vileplume|Vileplume, L86, F, tera:Steel|269/269\n|cant|p2a: Maushold|par\n|\n|upkeep\n|turn|25\n|\n|t:|1716447627\n|move|p2a: Maushold|Population Bomb|p1a: Vileplume\n|-resisted|p1a: Vileplume\n|-damage|p1a: Vileplume|264/269\n|-resisted|p1a: Vileplume\n|-damage|p1a: Vileplume|260/269\n|-resisted|p1a: Vileplume\n|-damage|p1a: Vileplume|255/269\n|-resisted|p1a: Vileplume\n|-damage|p1a: Vileplume|250/269\n|-resisted|p1a: Vileplume\n|-damage|p1a: Vileplume|245/269\n|-resisted|p1a: Vileplume\n|-damage|p1a: Vileplume|240/269\n|-resisted|p1a: Vileplume\n|-damage|p1a: Vileplume|235/269\n|-resisted|p1a: Vileplume\n|-damage|p1a: Vileplume|230/269\n|-resisted|p1a: Vileplume\n|-damage|p1a: Vileplume|225/269\n|-resisted|p1a: Vileplume\n|-damage|p1a: Vileplume|220/269\n|-hitcount|p1a: Vileplume|10\n|move|p1a: Vileplume|Sludge Bomb|p2a: Maushold\n|-crit|p2a: Maushold\n|-damage|p2a: Maushold|0 fnt\n|faint|p2a: Maushold\n|\n|-heal|p1a: Vileplume|236/269|[from] item: Leftovers\n|upkeep\n|\n|t:|1716447630\n|switch|p2a: Kommo-o|Kommo-o, L78, F|245/245\n|turn|26\n|\n|t:|1716447644\n|-terastallize|p2a: Kommo-o|Steel\n|move|p2a: Kommo-o|Swords Dance|p2a: Kommo-o\n|-boost|p2a: Kommo-o|atk|2\n|move|p1a: Vileplume|Sludge Bomb|p2a: Kommo-o\n|-immune|p2a: Kommo-o\n|\n|-heal|p1a: Vileplume|252/269|[from] item: Leftovers\n|upkeep\n|turn|27\n|\n|t:|1716447651\n|move|p2a: Kommo-o|Swords Dance|p2a: Kommo-o\n|-boost|p2a: Kommo-o|atk|2\n|move|p1a: Vileplume|Sleep Powder|p2a: Kommo-o\n|-status|p2a: Kommo-o|slp|[from] move: Sleep Powder\n|\n|-heal|p1a: Vileplume|268/269|[from] item: Leftovers\n|upkeep\n|turn|28\n|\n|t:|1716447658\n|switch|p1a: Salamence|Salamence, L77, F|87/273 brn\n|-ability|p1a: Salamence|Intimidate|boost\n|-unboost|p2a: Kommo-o|atk|1\n|cant|p2a: Kommo-o|slp\n|\n|-damage|p1a: Salamence|70/273 brn|[from] brn\n|upkeep\n|turn|29\n|\n|t:|1716447664\n|move|p1a: Salamence|Earthquake|p2a: Kommo-o\n|-supereffective|p2a: Kommo-o\n|-damage|p2a: Kommo-o|180/245 slp\n|cant|p2a: Kommo-o|slp\n|\n|-damage|p1a: Salamence|53/273 brn|[from] brn\n|upkeep\n|turn|30\n|\n|t:|1716447671\n|move|p1a: Salamence|Earthquake|p2a: Kommo-o\n|-supereffective|p2a: Kommo-o\n|-damage|p2a: Kommo-o|121/245 slp\n|cant|p2a: Kommo-o|slp\n|\n|-damage|p1a: Salamence|36/273 brn|[from] brn\n|upkeep\n|turn|31\n|\n|t:|1716447676\n|switch|p1a: Weezing|Weezing-Galar, L86, F|252/252\n|-curestatus|p2a: Kommo-o|slp|[msg]\n|move|p2a: Kommo-o|Scale Shot|p1a: Weezing\n|-immune|p1a: Weezing\n|\n|upkeep\n|turn|32\n|inactive|MichaelderBeste2 has 120 seconds left.\n|\n|t:|1716447712\n|switch|p1a: Vileplume|Vileplume, L86, F, tera:Steel|268/269\n|move|p2a: Kommo-o|Iron Head|p1a: Vileplume\n|-resisted|p1a: Vileplume\n|-crit|p1a: Vileplume\n|-damage|p1a: Vileplume|114/269\n|\n|-heal|p1a: Vileplume|130/269|[from] item: Leftovers\n|upkeep\n|turn|33\n|inactive|MichaelderBeste2 has 120 seconds left.\n|\n|t:|1716447728\n|move|p2a: Kommo-o|Scale Shot|p1a: Vileplume|[miss]\n|-miss|p2a: Kommo-o|p1a: Vileplume\n|move|p1a: Vileplume|Sleep Powder|p2a: Kommo-o\n|-status|p2a: Kommo-o|slp|[from] move: Sleep Powder\n|\n|-heal|p1a: Vileplume|146/269|[from] item: Leftovers\n|upkeep\n|turn|34\n|\n|t:|1716447733\n|cant|p2a: Kommo-o|slp\n|move|p1a: Vileplume|Giga Drain|p2a: Kommo-o\n|-resisted|p2a: Kommo-o\n|-damage|p2a: Kommo-o|74/245 slp\n|-heal|p1a: Vileplume|170/269|[from] drain|[of] p2a: Kommo-o\n|\n|-heal|p1a: Vileplume|186/269|[from] item: Leftovers\n|upkeep\n|turn|35\n|\n|t:|1716447738\n|-curestatus|p2a: Kommo-o|slp|[msg]\n|move|p2a: Kommo-o|Scale Shot|p1a: Vileplume\n|-resisted|p1a: Vileplume\n|-damage|p1a: Vileplume|156/269\n|-resisted|p1a: Vileplume\n|-damage|p1a: Vileplume|126/269\n|-resisted|p1a: Vileplume\n|-damage|p1a: Vileplume|97/269\n|-resisted|p1a: Vileplume\n|-damage|p1a: Vileplume|66/269\n|-hitcount|p1a: Vileplume|4\n|-unboost|p2a: Kommo-o|def|1\n|-boost|p2a: Kommo-o|spe|1\n|move|p1a: Vileplume|Giga Drain|p2a: Kommo-o\n|-resisted|p2a: Kommo-o\n|-damage|p2a: Kommo-o|32/245\n|-heal|p1a: Vileplume|87/269|[from] drain|[of] p2a: Kommo-o\n|\n|-heal|p1a: Vileplume|103/269|[from] item: Leftovers\n|upkeep\n|turn|36\n|inactive|MichaelderBeste2 has 120 seconds left.\n|\n|t:|1716447786\n|move|p2a: Kommo-o|Close Combat|p1a: Vileplume\n|-supereffective|p1a: Vileplume\n|-damage|p1a: Vileplume|0 fnt\n|-unboost|p2a: Kommo-o|def|1\n|-unboost|p2a: Kommo-o|spd|1\n|faint|p1a: Vileplume\n|\n|upkeep\n|\n|t:|1716447789\n|switch|p1a: Salamence|Salamence, L77, F|36/273 brn\n|-ability|p1a: Salamence|Intimidate|boost\n|-unboost|p2a: Kommo-o|atk|1\n|turn|37\n|\n|t:|1716447793\n|move|p2a: Kommo-o|Iron Head|p1a: Salamence\n|-damage|p1a: Salamence|0 fnt\n|faint|p1a: Salamence\n|\n|upkeep\n|\n|t:|1716447795\n|switch|p1a: Weezing|Weezing-Galar, L86, F|252/252\n|turn|38\n|\n|t:|1716447799\n|move|p2a: Kommo-o|Iron Head|p1a: Weezing\n|-supereffective|p1a: Weezing\n|-damage|p1a: Weezing|0 fnt\n|faint|p1a: Weezing\n|\n|win|Teres bahji\n|raw|MichaelderBeste2's rating: 2320 &rarr; <strong>2302</strong><br />(-18 for losing)\n|raw|Teres bahji's rating: 2362 &rarr; <strong>2380</strong><br />(+18 for winning)\n|l|\u2606MichaelderBeste2\n|player|p1|\n", "inputlog": ">version 7158ead19aeac8750849df2840eabb6dbec77df6\n>start {\"formatid\":\"gen9randombattle\",\"seed\":[55123,14656,40559,21754],\"rated\":\"Rated battle\"}\n>player p1 {\"name\":\"MichaelderBeste2\",\"avatar\":\"#scl1platoon\",\"rating\":2344,\"seed\":[44973,44039,39592,7969]}\n>player p2 {\"name\":\"Teres bahji\",\"avatar\":\"#rbtt7teamrayquazaf\",\"rating\":2362,\"seed\":[49047,25413,20007,24452]}\n>p1 move knockoff\n>p2 move psychic\n>p1 switch 3\n>p1 move wavecrash\n>p2 move psychic\n>p1 switch 6\n>p2 switch 5\n>p1 switch 5\n>p2 move icepunch\n>p1 move gunkshot\n>p2 switch 2\n>p1 switch 2\n>p2 move willowisp\n>p1 move earthquake\n>p2 move torchsong\n>p1 move earthquake\n>p2 switch 3\n>p1 move dragondance\n>p2 move flashcannon\n>p1 move glaiverush\n>p2 move flashcannon\n>p2 switch 2\n>p1 move earthquake\n>p2 move drainpunch\n>p1 switch 2\n>p1 move strangesteam\n>p2 move icepunch\n>p2 switch 3\n>p1 switch 5\n>p2 move slackoff\n>p1 move earthquake\n>p2 move willowisp\n>p1 move earthquake\n>p2 move slackoff\n>p2 switch 4\n>p1 switch 4\n>p2 move tidyup\n>p1 move gigadrain terastallize\n>p2 move tidyup\n>p1 move strengthsap\n>p2 move populationbomb\n>p1 move sludgebomb\n>p2 move encore\n>p1 switch 4\n>p2 move tidyup\n>p1 switch 4\n>p2 move populationbomb\n>p1 move strengthsap\n>p2 move populationbomb\n>p1 move gigadrain\n>p2 move encore\n>p1 switch 4\n>p2 move populationbomb\n>p1 switch 4\n>p2 move populationbomb\n>p1 move sludgebomb\n>p2 move populationbomb\n>p2 switch 6\n>p1 move sludgebomb\n>p2 move swordsdance terastallize\n>p1 move sleeppowder\n>p2 move swordsdance\n>p1 switch 4\n>p2 move scaleshot\n>p1 move earthquake\n>p2 move ironhead\n>p1 move earthquake\n>p2 move scaleshot\n>p1 switch 5\n>p2 move scaleshot\n>p1 switch 4\n>p2 move ironhead\n>p1 move sleeppowder\n>p2 move scaleshot\n>p1 move gigadrain\n>p2 move closecombat\n>p1 move gigadrain\n>p2 move scaleshot\n>p1 move gigadrain\n>p2 move closecombat\n>p1 switch 5\n>p1 move earthquake\n>p2 move ironhead\n>p1 switch 4\n>p1 move strangesteam\n>p2 move ironhead", "uploadtime": 1716447802, "views": 227, "formatid": "gen9randombattle", "rating": 2302, "private": 0, "password": null}