{"id": "gen9randombattle-2260536071", "format": "[Gen 9] Random Battle", "players": ["e1i4n", "4546Bean"], "log": "|j|\u2606e1i4n\n|j|\u26064546Bean\n|t:|1733861130\n|gametype|singles\n|player|p1|e1i4n|265|1547\n|player|p2|4546Bean|teamrocket|1494\n|teamsize|p1|6\n|teamsize|p2|6\n|gen|9\n|tier|[Gen 9] Random Battle\n|rated|\n|rule|Species Clause: Limit one of each Pok\u00e9mon\n|rule|HP Percentage Mod: HP is shown in percentages\n|rule|Sleep Clause Mod: Limit one foe put to sleep\n|rule|Illusion Level Mod: Illusion disguises the Pok\u00e9mon's true level\n|\n|t:|1733861130\n|start\n|switch|p1a: Cinderace|Cinderace, L77, F|249/249\n|switch|p2a: Banette|Banette, L93, M|270/270\n|-item|p1a: Cinderace|Heavy-Duty Boots|[from] ability: Frisk|[of] p2a: Banette\n|turn|1\n|inactive|Battle timer is ON: inactive players will automatically lose when time's up. (requested by 4546Bean)\n|c|\u26064546Bean|glhf\n|\n|t:|1733861146\n|switch|p1a: Conkeldurr|Conkeldurr, L80, F|299/299\n|switch|p2a: Kingdra|Kingdra, L84, M|263/263\n|\n|-status|p1a: Conkeldurr|brn|[from] item: Flame Orb\n|upkeep\n|turn|2\n|\n|t:|1733861152\n|move|p2a: Kingdra|Rain Dance|p2a: Kingdra\n|-weather|RainDance\n|move|p1a: Conkeldurr|Facade|p2a: Kingdra\n|-damage|p2a: Kingdra|76/263\n|\n|-weather|RainDance|[upkeep]\n|-damage|p1a: Conkeldurr|281/299 brn|[from] brn\n|upkeep\n|turn|3\n|\n|t:|1733861159\n|move|p1a: Conkeldurr|Mach Punch|p2a: Kingdra\n|-damage|p2a: Kingdra|0 fnt\n|faint|p2a: Kingdra\n|\n|-weather|RainDance|[upkeep]\n|-damage|p1a: Conkeldurr|263/299 brn|[from] brn\n|upkeep\n|\n|t:|1733861163\n|switch|p2a: Espathra|Espathra, L80, M|283/283\n|turn|4\n|\n|t:|1733861168\n|move|p2a: Espathra|Lumina Crash|p1a: Conkeldurr\n|-supereffective|p1a: Conkeldurr\n|-damage|p1a: Conkeldurr|0 fnt\n|faint|p1a: Conkeldurr\n|\n|-weather|RainDance|[upkeep]\n|-ability|p2a: Espathra|Speed Boost|boost\n|-boost|p2a: Espathra|spe|1\n|upkeep\n|\n|t:|1733861183\n|switch|p1a: Froslass|Froslass, L87, F|263/263\n|turn|5\n|\n|t:|1733861194\n|move|p2a: Espathra|Lumina Crash|p1a: Froslass\n|-damage|p1a: Froslass|124/263\n|-unboost|p1a: Froslass|spd|2\n|-start|p2a: Espathra|Disable|Lumina Crash|[from] ability: Cursed Body|[of] p1a: Froslass\n|move|p1a: Froslass|Poltergeist|p2a: Espathra\n|-activate|p2a: Espathra|move: Poltergeist|Choice Specs\n|-supereffective|p2a: Espathra\n|-damage|p2a: Espathra|0 fnt\n|faint|p2a: Espathra\n|\n|-weather|RainDance|[upkeep]\n|upkeep\n|\n|t:|1733861198\n|switch|p2a: Banette|Banette, L93, M|270/270\n|-item|p1a: Froslass|Wide Lens|[from] ability: Frisk|[of] p2a: Banette\n|turn|6\n|\n|t:|1733861205\n|move|p2a: Banette|Shadow Sneak|p1a: Froslass\n|-supereffective|p1a: Froslass\n|-damage|p1a: Froslass|0 fnt\n|faint|p1a: Froslass\n|-damage|p2a: Banette|243/270|[from] item: Life Orb\n|\n|-weather|none\n|upkeep\n|\n|t:|1733861208\n|switch|p1a: Bastiodon|Bastiodon, L89, M|252/252\n|turn|7\n|\n|t:|1733861211\n|move|p2a: Banette|Thunder Wave|p1a: Bastiodon\n|-status|p1a: Bastiodon|par\n|move|p1a: Bastiodon|Iron Defense|p1a: Bastiodon\n|-boost|p1a: Bastiodon|def|2\n|\n|upkeep\n|turn|8\n|\n|t:|1733861217\n|switch|p2a: Typhlosion|Typhlosion, L84, M|267/267\n|move|p1a: Bastiodon|Foul Play|p2a: Typhlosion\n|-damage|p2a: Typhlosion|211/267\n|\n|upkeep\n|turn|9\n|\n|t:|1733861223\n|switch|p1a: Cinderace|Cinderace, L77, F|249/249\n|move|p2a: Typhlosion|Eruption|p1a: Cinderace\n|-resisted|p1a: Cinderace\n|-damage|p1a: Cinderace|169/249\n|\n|upkeep\n|turn|10\n|\n|t:|1733861227\n|switch|p2a: Minior|Minior-Indigo, L79|224/224\n|-formechange|p2a: Minior|Minior-Meteor||[from] ability: Shields Down\n|move|p1a: Cinderace|High Jump Kick|p2a: Minior\n|-start|p1a: Cinderace|typechange|Fighting|[from] ability: Libero\n|-damage|p2a: Minior|91/224\n|\n|-formechange|p2a: Minior|Minior-Indigo||[from] ability: Shields Down\n|upkeep\n|turn|11\n|\n|t:|1733861234\n|switch|p2a: Banette|Banette, L93, M|243/270\n|-item|p1a: Cinderace|Heavy-Duty Boots|[from] ability: Frisk|[of] p2a: Banette\n|move|p1a: Cinderace|Pyro Ball|p2a: Banette\n|-damage|p2a: Banette|145/270\n|\n|upkeep\n|turn|12\n|\n|t:|1733861241\n|move|p1a: Cinderace|Sucker Punch|p2a: Banette\n|-supereffective|p2a: Banette\n|-damage|p2a: Banette|35/270\n|move|p2a: Banette|Poltergeist|p1a: Cinderace\n|-activate|p1a: Cinderace|move: Poltergeist|Heavy-Duty Boots\n|-damage|p1a: Cinderace|0 fnt\n|faint|p1a: Cinderace\n|-damage|p2a: Banette|8/270|[from] item: Life Orb\n|\n|upkeep\n|\n|t:|1733861249\n|switch|p1a: Sawsbuck|Sawsbuck-Autumn, L88, M|284/284\n|turn|13\n|\n|t:|1733861254\n|move|p1a: Sawsbuck|Swords Dance|p1a: Sawsbuck\n|-boost|p1a: Sawsbuck|atk|2\n|move|p2a: Banette|Gunk Shot|p1a: Sawsbuck\n|-supereffective|p1a: Sawsbuck\n|-damage|p1a: Sawsbuck|0 fnt\n|faint|p1a: Sawsbuck\n|-damage|p2a: Banette|0 fnt|[from] item: Life Orb\n|faint|p2a: Banette\n|\n|upkeep\n|\n|t:|1733861260\n|switch|p1a: Regidrago|Regidrago, L77|435/435\n|switch|p2a: Typhlosion|Typhlosion, L84, M|211/267\n|turn|14\n|\n|t:|1733861264\n|move|p2a: Typhlosion|Eruption|p1a: Regidrago\n|-resisted|p1a: Regidrago\n|-damage|p1a: Regidrago|320/435\n|move|p1a: Regidrago|Dragon Dance|p1a: Regidrago\n|-boost|p1a: Regidrago|atk|1\n|-boost|p1a: Regidrago|spe|1\n|\n|upkeep\n|turn|15\n|\n|t:|1733861274\n|move|p2a: Typhlosion|Eruption|p1a: Regidrago\n|-resisted|p1a: Regidrago\n|-damage|p1a: Regidrago|208/435\n|move|p1a: Regidrago|Earthquake|p2a: Typhlosion\n|-supereffective|p2a: Typhlosion\n|-damage|p2a: Typhlosion|11/267\n|\n|upkeep\n|turn|16\n|\n|t:|1733861278\n|move|p2a: Typhlosion|Eruption|p1a: Regidrago\n|-resisted|p1a: Regidrago\n|-damage|p1a: Regidrago|200/435\n|move|p1a: Regidrago|Earthquake|p2a: Typhlosion\n|-supereffective|p2a: Typhlosion\n|-damage|p2a: Typhlosion|0 fnt\n|faint|p2a: Typhlosion\n|\n|upkeep\n|\n|t:|1733861284\n|switch|p2a: Minior|Minior-Indigo, L79|91/224\n|turn|17\n|\n|t:|1733861293\n|-terastallize|p2a: Minior|Steel\n|move|p1a: Regidrago|Outrage|p2a: Minior\n|-resisted|p2a: Minior\n|-damage|p2a: Minior|0 fnt\n|faint|p2a: Minior\n|\n|upkeep\n|\n|t:|1733861297\n|switch|p2a: Regidrago|Regidrago, L77|435/435\n|turn|18\n|\n|t:|1733861306\n|move|p1a: Regidrago|Outrage|p2a: Regidrago|[from]lockedmove\n|-supereffective|p2a: Regidrago\n|-damage|p2a: Regidrago|0 fnt\n|faint|p2a: Regidrago\n|\n|win|e1i4n\n|raw|e1i4n's rating: 1547 &rarr; <strong>1564</strong><br />(+17 for winning)\n|raw|4546Bean's rating: 1494 &rarr; <strong>1477</strong><br />(-17 for losing)\n|c|\u26064546Bean|gg\n|l|\u26064546Bean\n|player|p2|\n", "inputlog": ">version bfd83cad13791eb5a5a409923076391caf6fb4d4\n>start {\"formatid\":\"gen9randombattle\",\"seed\":[25685,50896,3620,19172],\"rated\":\"Rated battle\"}\n>player p1 {\"name\":\"e1i4n\",\"avatar\":\"265\",\"rating\":1547,\"seed\":[16081,51953,15263,14429]}\n>player p2 {\"name\":\"4546Bean\",\"avatar\":\"teamrocket\",\"rating\":1494,\"seed\":[62718,11643,30120,53054]}\n>chat \u26064546Bean|glhf\n>p1 switch 3\n>p2 switch 5\n>p1 move facade\n>p2 move raindance\n>p1 move machpunch\n>p2 move hurricane\n>p2 switch 6\n>p1 move knockoff\n>p2 move luminacrash\n>p1 switch 4\n>p1 move poltergeist\n>p2 move luminacrash\n>p2 switch 5\n>p1 move spikes\n>p2 move shadowsneak\n>p1 switch 2\n>p1 move irondefense\n>p2 move thunderwave\n>p1 move foulplay\n>p2 switch 4\n>p1 switch 3\n>p2 move eruption\n>p1 move highjumpkick\n>p2 switch 2\n>p1 move pyroball\n>p2 switch 4\n>p1 move suckerpunch\n>p2 move poltergeist\n>p1 switch 5\n>p1 move swordsdance\n>p2 move gunkshot\n>p1 switch 6\n>p2 switch 2\n>p1 move dragondance\n>p2 move eruption\n>p1 move earthquake\n>p2 move eruption\n>p1 move earthquake\n>p2 move eruption\n>p2 switch 4\n>p1 move outrage\n>p2 move earthquake terastallize\n>p2 switch 3\n>p1 move outrage\n>p2 move outrage", "uploadtime": 1733861318, "views": 1, "formatid": "gen9randombattle", "rating": 1477, "private": 0, "password": null}