{"id": "gen9randombattle-2260698518", "format": "[Gen 9] Random Battle", "players": ["bugcatcher bruin", "spankymcnutt"], "log": "|j|\u2606bugcatcher bruin\n|j|\u203dspankymcnutt\n|t:|1733879912\n|gametype|singles\n|player|p1|bugcatcher bruin|backpacker|1510\n|player|p2|spankymcnutt|102|1464\n|teamsize|p1|6\n|teamsize|p2|6\n|gen|9\n|tier|[Gen 9] Random Battle\n|rated|\n|rule|Species Clause: Limit one of each Pok\u00e9mon\n|rule|HP Percentage Mod: HP is shown in percentages\n|rule|Sleep Clause Mod: Limit one foe put to sleep\n|rule|Illusion Level Mod: Illusion disguises the Pok\u00e9mon's true level\n|\n|t:|1733879912\n|start\n|switch|p1a: Araquanid|Araquanid, L82, F|246/246\n|switch|p2a: Suicune|Suicune, L82|298/298\n|-ability|p2a: Suicune|Pressure\n|turn|1\n|inactive|Battle timer is ON: inactive players will automatically lose when time's up. (requested by bugcatcher bruin)\n|\n|t:|1733879921\n|move|p2a: Suicune|Substitute|p2a: Suicune\n|-start|p2a: Suicune|Substitute\n|-damage|p2a: Suicune|224/298\n|move|p1a: Araquanid|Sticky Web|p2a: Suicune\n|-sidestart|p2: spankymcnutt|move: Sticky Web\n|\n|-heal|p2a: Suicune|242/298|[from] item: Leftovers\n|upkeep\n|turn|2\n|\n|t:|1733879935\n|move|p2a: Suicune|Calm Mind|p2a: Suicune\n|-boost|p2a: Suicune|spa|1\n|-boost|p2a: Suicune|spd|1\n|move|p1a: Araquanid|Leech Life|p2a: Suicune\n|-activate|p2a: Suicune|move: Substitute|[damage]\n|\n|-heal|p2a: Suicune|260/298|[from] item: Leftovers\n|upkeep\n|turn|3\n|\n|t:|1733879943\n|switch|p1a: Toxtricity|Toxtricity, L82, M|257/257\n|move|p2a: Suicune|Calm Mind|p2a: Suicune\n|-boost|p2a: Suicune|spa|1\n|-boost|p2a: Suicune|spd|1\n|\n|-heal|p2a: Suicune|278/298|[from] item: Leftovers\n|upkeep\n|turn|4\n|\n|t:|1733879953\n|move|p2a: Suicune|Scald|p1a: Toxtricity\n|-damage|p1a: Toxtricity|76/257\n|move|p1a: Toxtricity|Overdrive|p2a: Suicune\n|-supereffective|p2a: Suicune\n|-damage|p2a: Suicune|128/298\n|\n|-heal|p2a: Suicune|146/298|[from] item: Leftovers\n|upkeep\n|turn|5\n|\n|t:|1733879962\n|move|p2a: Suicune|Scald|p1a: Toxtricity\n|-damage|p1a: Toxtricity|0 fnt\n|faint|p1a: Toxtricity\n|\n|-heal|p2a: Suicune|164/298|[from] item: Leftovers\n|upkeep\n|\n|t:|1733879968\n|switch|p1a: Volbeat|Volbeat, L90, M|263/263\n|turn|6\n|\n|t:|1733879974\n|move|p1a: Volbeat|Lunge|p2a: Suicune\n|-end|p2a: Suicune|Substitute\n|move|p2a: Suicune|Scald|p1a: Volbeat\n|-damage|p1a: Volbeat|127/263\n|\n|-heal|p2a: Suicune|182/298|[from] item: Leftovers\n|upkeep\n|turn|7\n|\n|t:|1733879982\n|move|p1a: Volbeat|Roost|p1a: Volbeat\n|-heal|p1a: Volbeat|259/263\n|-singleturn|p1a: Volbeat|move: Roost\n|move|p2a: Suicune|Scald|p1a: Volbeat\n|-damage|p1a: Volbeat|105/263\n|-status|p1a: Volbeat|brn\n|\n|-heal|p2a: Suicune|200/298|[from] item: Leftovers\n|-damage|p1a: Volbeat|89/263 brn|[from] brn\n|upkeep\n|turn|8\n|\n|t:|1733879992\n|move|p1a: Volbeat|Roost|p1a: Volbeat\n|-heal|p1a: Volbeat|221/263 brn\n|-singleturn|p1a: Volbeat|move: Roost\n|move|p2a: Suicune|Substitute|p2a: Suicune\n|-start|p2a: Suicune|Substitute\n|-damage|p2a: Suicune|126/298\n|\n|-heal|p2a: Suicune|144/298|[from] item: Leftovers\n|-damage|p1a: Volbeat|205/263 brn|[from] brn\n|upkeep\n|turn|9\n|\n|t:|1733880000\n|move|p1a: Volbeat|Encore|p2a: Suicune\n|-start|p2a: Suicune|Encore\n|move|p2a: Suicune|Substitute|p2a: Suicune\n|-fail|p2a: Suicune|move: Substitute\n|\n|-heal|p2a: Suicune|162/298|[from] item: Leftovers\n|-damage|p1a: Volbeat|189/263 brn|[from] brn\n|upkeep\n|turn|10\n|\n|t:|1733880008\n|move|p1a: Volbeat|Lunge|p2a: Suicune\n|-activate|p2a: Suicune|move: Substitute|[damage]\n|move|p2a: Suicune|Substitute|p2a: Suicune\n|-fail|p2a: Suicune|move: Substitute\n|\n|-heal|p2a: Suicune|180/298|[from] item: Leftovers\n|-damage|p1a: Volbeat|173/263 brn|[from] brn\n|upkeep\n|turn|11\n|\n|t:|1733880016\n|move|p1a: Volbeat|Lunge|p2a: Suicune\n|-activate|p2a: Suicune|move: Substitute|[damage]\n|move|p2a: Suicune|Substitute|p2a: Suicune\n|-fail|p2a: Suicune|move: Substitute\n|\n|-heal|p2a: Suicune|198/298|[from] item: Leftovers\n|-damage|p1a: Volbeat|157/263 brn|[from] brn\n|-end|p2a: Suicune|Encore\n|upkeep\n|turn|12\n|\n|t:|1733880026\n|move|p1a: Volbeat|Encore|p2a: Suicune\n|-start|p2a: Suicune|Encore\n|move|p2a: Suicune|Substitute|p2a: Suicune\n|-fail|p2a: Suicune|move: Substitute\n|\n|-heal|p2a: Suicune|216/298|[from] item: Leftovers\n|-damage|p1a: Volbeat|141/263 brn|[from] brn\n|upkeep\n|turn|13\n|\n|t:|1733880033\n|move|p1a: Volbeat|Lunge|p2a: Suicune\n|-crit|p2a: Suicune\n|-end|p2a: Suicune|Substitute\n|move|p2a: Suicune|Substitute|p2a: Suicune\n|-start|p2a: Suicune|Substitute\n|-damage|p2a: Suicune|142/298\n|\n|-heal|p2a: Suicune|160/298|[from] item: Leftovers\n|-damage|p1a: Volbeat|125/263 brn|[from] brn\n|upkeep\n|turn|14\n|inactive|bugcatcher bruin has 120 seconds left.\n|\n|t:|1733880064\n|move|p1a: Volbeat|Lunge|p2a: Suicune\n|-activate|p2a: Suicune|move: Substitute|[damage]\n|move|p2a: Suicune|Substitute|p2a: Suicune\n|-fail|p2a: Suicune|move: Substitute\n|\n|-heal|p2a: Suicune|178/298|[from] item: Leftovers\n|-damage|p1a: Volbeat|109/263 brn|[from] brn\n|-end|p2a: Suicune|Encore\n|upkeep\n|turn|15\n|\n|t:|1733880088\n|move|p1a: Volbeat|Encore|p2a: Suicune\n|-start|p2a: Suicune|Encore\n|move|p2a: Suicune|Substitute|p2a: Suicune\n|-fail|p2a: Suicune|move: Substitute\n|\n|-heal|p2a: Suicune|196/298|[from] item: Leftovers\n|-damage|p1a: Volbeat|93/263 brn|[from] brn\n|upkeep\n|turn|16\n|\n|t:|1733880101\n|move|p1a: Volbeat|Roost|p1a: Volbeat\n|-heal|p1a: Volbeat|225/263 brn\n|-singleturn|p1a: Volbeat|move: Roost\n|move|p2a: Suicune|Substitute|p2a: Suicune\n|-fail|p2a: Suicune|move: Substitute\n|\n|-heal|p2a: Suicune|214/298|[from] item: Leftovers\n|-damage|p1a: Volbeat|209/263 brn|[from] brn\n|upkeep\n|turn|17\n|inactive|bugcatcher bruin has 120 seconds left.\n|\n|t:|1733880133\n|move|p1a: Volbeat|Lunge|p2a: Suicune\n|-activate|p2a: Suicune|move: Substitute|[damage]\n|move|p2a: Suicune|Substitute|p2a: Suicune\n|-fail|p2a: Suicune|move: Substitute\n|\n|-heal|p2a: Suicune|232/298|[from] item: Leftovers\n|-damage|p1a: Volbeat|193/263 brn|[from] brn\n|-end|p2a: Suicune|Encore\n|upkeep\n|turn|18\n|\n|t:|1733880143\n|move|p1a: Volbeat|Encore|p2a: Suicune\n|-start|p2a: Suicune|Encore\n|move|p2a: Suicune|Substitute|p2a: Suicune\n|-fail|p2a: Suicune|move: Substitute\n|\n|-heal|p2a: Suicune|250/298|[from] item: Leftovers\n|-damage|p1a: Volbeat|177/263 brn|[from] brn\n|upkeep\n|turn|19\n|inactive|bugcatcher bruin has 120 seconds left.\n|\n|t:|1733880153\n|move|p1a: Volbeat|Thunder Wave||[still]\n|-fail|p1a: Volbeat\n|move|p2a: Suicune|Substitute|p2a: Suicune\n|-fail|p2a: Suicune|move: Substitute\n|\n|-heal|p2a: Suicune|268/298|[from] item: Leftovers\n|-damage|p1a: Volbeat|161/263 brn|[from] brn\n|upkeep\n|turn|20\n|\n|t:|1733880160\n|move|p1a: Volbeat|Lunge|p2a: Suicune\n|-end|p2a: Suicune|Substitute\n|move|p2a: Suicune|Substitute|p2a: Suicune\n|-start|p2a: Suicune|Substitute\n|-damage|p2a: Suicune|194/298\n|\n|-heal|p2a: Suicune|212/298|[from] item: Leftovers\n|-damage|p1a: Volbeat|145/263 brn|[from] brn\n|-end|p2a: Suicune|Encore\n|upkeep\n|turn|21\n|\n|t:|1733880170\n|move|p1a: Volbeat|Lunge|p2a: Suicune\n|-activate|p2a: Suicune|move: Substitute|[damage]\n|move|p2a: Suicune|Substitute|p2a: Suicune\n|-fail|p2a: Suicune|move: Substitute\n|\n|-heal|p2a: Suicune|230/298|[from] item: Leftovers\n|-damage|p1a: Volbeat|129/263 brn|[from] brn\n|upkeep\n|turn|22\n|\n|t:|1733880177\n|move|p1a: Volbeat|Lunge|p2a: Suicune\n|-activate|p2a: Suicune|move: Substitute|[damage]\n|move|p2a: Suicune|Calm Mind|p2a: Suicune\n|-boost|p2a: Suicune|spa|1\n|-boost|p2a: Suicune|spd|1\n|\n|-heal|p2a: Suicune|248/298|[from] item: Leftovers\n|-damage|p1a: Volbeat|113/263 brn|[from] brn\n|upkeep\n|turn|23\n|-message|bugcatcher bruin forfeited.\n|\n|win|spankymcnutt\n|raw|bugcatcher bruin's rating: 1510 &rarr; <strong>1487</strong><br />(-23 for losing)\n|raw|spankymcnutt's rating: 1464 &rarr; <strong>1487</strong><br />(+23 for winning)\n|l|\u2606bugcatcher bruin\n|player|p1|\n", "inputlog": ">version bfd83cad13791eb5a5a409923076391caf6fb4d4\n>start {\"formatid\":\"gen9randombattle\",\"seed\":[13642,59824,38862,24573],\"rated\":\"Rated battle\"}\n>player p1 {\"name\":\"bugcatcher bruin\",\"avatar\":\"backpacker\",\"rating\":1510,\"seed\":[9658,43400,36831,64040]}\n>player p2 {\"name\":\"spankymcnutt\",\"avatar\":\"102\",\"rating\":1464,\"seed\":[46026,4561,62165,22029]}\n>p1 move stickyweb\n>p2 move substitute\n>p1 move leechlife\n>p2 move calmmind\n>p1 switch 6\n>p2 move calmmind\n>p1 move overdrive\n>p2 move scald\n>p1 move overdrive\n>p2 move scald\n>p1 switch 4\n>p1 move lunge\n>p2 move scald\n>p1 move roost\n>p2 move scald\n>p1 move roost\n>p2 move substitute\n>p1 move encore\n>p2 move calmmind\n>p1 move lunge\n>p2 move substitute\n>p1 move lunge\n>p2 move substitute\n>p1 move encore\n>p2 move scald\n>p1 move lunge\n>p2 move substitute\n>p1 move lunge\n>p2 move substitute\n>p1 move encore\n>p2 move scald\n>p1 move roost\n>p2 move substitute\n>p1 move lunge\n>p2 move substitute\n>p1 move encore\n>p2 move calmmind\n>p1 move thunderwave\n>p2 move substitute\n>p1 move lunge\n>p2 move substitute\n>p1 move lunge\n>p2 move substitute\n>p1 move lunge\n>p2 move calmmind\n>forcelose p1", "uploadtime": 1733880190, "views": 10, "formatid": "gen9randombattle", "rating": 1487, "private": 0, "password": null}