{"id": "gen9randombattle-2159595665", "format": "[Gen 9] Random Battle", "players": ["Jax Sou", "Flappington"], "log": "|j|\u2606Jax Sou\n|j|\u2606Flappington\n|t:|1720783553\n|gametype|singles\n|player|p1|Jax Sou|acetrainersnow|2213\n|player|p2|Flappington|guitarist-gen4|2252\n|teamsize|p1|6\n|teamsize|p2|6\n|gen|9\n|tier|[Gen 9] Random Battle\n|rated|\n|rule|Species Clause: Limit one of each Pok\u00e9mon\n|rule|HP Percentage Mod: HP is shown in percentages\n|rule|Sleep Clause Mod: Limit one foe put to sleep\n|rule|Illusion Level Mod: Illusion disguises the Pok\u00e9mon's true level\n|\n|t:|1720783553\n|start\n|switch|p1a: Miraidon|Miraidon, L65|238/238\n|switch|p2a: Arbok|Arbok, L87, M|246/246\n|-fieldstart|move: Electric Terrain|[from] ability: Hadron Engine|[of] p1a: Miraidon\n|-ability|p2a: Arbok|Intimidate|boost\n|-unboost|p1a: Miraidon|atk|1\n|turn|1\n|\n|t:|1720783566\n|move|p1a: Miraidon|Volt Switch|p2a: Arbok\n|-damage|p2a: Arbok|89/246\n|inactive|Battle timer is ON: inactive players will automatically lose when time's up. (requested by Jax Sou)\n|\n|t:|1720783584\n|switch|p1a: Roaring Moon|Roaring Moon, L72|270/270|[from] Volt Switch\n|move|p2a: Arbok|Gunk Shot|p1a: Roaring Moon|[miss]\n|-miss|p2a: Arbok|p1a: Roaring Moon\n|\n|upkeep\n|turn|2\n|c|\u2606Flappington|..\n|\n|t:|1720783598\n|move|p1a: Roaring Moon|Knock Off|p2a: Arbok\n|-crit|p2a: Arbok\n|-damage|p2a: Arbok|0 fnt\n|-enditem|p2a: Arbok|Life Orb|[from] move: Knock Off|[of] p1a: Roaring Moon\n|faint|p2a: Arbok\n|\n|upkeep\n|j| koekjes123\n|\n|t:|1720783602\n|switch|p2a: Brute Bonnet|Brute Bonnet, L81|312/312\n|turn|3\n|\n|t:|1720783610\n|-end|p1a: Roaring Moon|Protosynthesis|[silent]\n|switch|p1a: Abomasnow|Abomasnow, L85, F|291/291\n|-weather|Snow|[from] ability: Snow Warning|[of] p1a: Abomasnow\n|move|p2a: Brute Bonnet|Crunch|p1a: Abomasnow\n|-damage|p1a: Abomasnow|219/291\n|\n|-weather|Snow|[upkeep]\n|upkeep\n|turn|4\n|\n|t:|1720783620\n|-end|p2a: Brute Bonnet|Protosynthesis|[silent]\n|switch|p2a: Clodsire|Clodsire, L81, M|343/343\n|move|p1a: Abomasnow|Aurora Veil|p1a: Abomasnow\n|-sidestart|p1: Jax Sou|move: Aurora Veil\n|\n|-weather|Snow|[upkeep]\n|upkeep\n|turn|5\n|\n|t:|1720783624\n|move|p1a: Abomasnow|Blizzard|p2a: Clodsire\n|-supereffective|p2a: Clodsire\n|-damage|p2a: Clodsire|137/343\n|move|p2a: Clodsire|Stealth Rock|p1a: Abomasnow\n|-sidestart|p1: Jax Sou|move: Stealth Rock\n|\n|-weather|Snow|[upkeep]\n|-heal|p2a: Clodsire|158/343|[from] item: Leftovers\n|-fieldend|move: Electric Terrain\n|upkeep\n|turn|6\n|\n|t:|1720783630\n|move|p1a: Abomasnow|Wood Hammer|p2a: Clodsire\n|-damage|p2a: Clodsire|0 fnt\n|faint|p2a: Clodsire\n|-damage|p1a: Abomasnow|167/291|[from] Recoil\n|\n|-weather|Snow|[upkeep]\n|upkeep\n|\n|t:|1720783638\n|switch|p2a: Regigigas|Regigigas, L84|322/322\n|-start|p2a: Regigigas|ability: Slow Start\n|turn|7\n|\n|t:|1720783651\n|move|p1a: Abomasnow|Blizzard|p2a: Regigigas\n|-damage|p2a: Regigigas|228/322\n|move|p2a: Regigigas|Substitute|p2a: Regigigas\n|-start|p2a: Regigigas|Substitute\n|-damage|p2a: Regigigas|148/322\n|\n|-weather|none\n|-heal|p2a: Regigigas|168/322|[from] item: Leftovers\n|upkeep\n|turn|8\n|\n|t:|1720783656\n|switch|p1a: Alcremie|Alcremie-Matcha-Cream, L90, F|263/263\n|-damage|p1a: Alcremie|231/263|[from] Stealth Rock\n|move|p2a: Regigigas|Protect||[still]\n|-fail|p2a: Regigigas\n|\n|-heal|p1a: Alcremie|247/263|[from] item: Leftovers\n|-heal|p2a: Regigigas|188/322|[from] item: Leftovers\n|upkeep\n|turn|9\n|\n|t:|1720783659\n|move|p1a: Alcremie|Calm Mind|p1a: Alcremie\n|-boost|p1a: Alcremie|spa|1\n|-boost|p1a: Alcremie|spd|1\n|move|p2a: Regigigas|Knock Off|p1a: Alcremie\n|-resisted|p1a: Alcremie\n|-damage|p1a: Alcremie|234/263\n|-enditem|p1a: Alcremie|Leftovers|[from] move: Knock Off|[of] p2a: Regigigas\n|\n|-heal|p2a: Regigigas|208/322|[from] item: Leftovers\n|upkeep\n|turn|10\n|\n|t:|1720783662\n|move|p1a: Alcremie|Alluring Voice|p2a: Regigigas\n|-damage|p2a: Regigigas|69/322\n|move|p2a: Regigigas|Body Slam|p1a: Alcremie\n|-damage|p1a: Alcremie|195/263\n|\n|-heal|p2a: Regigigas|89/322|[from] item: Leftovers\n|upkeep\n|turn|11\n|\n|t:|1720783669\n|move|p2a: Regigigas|Protect|p2a: Regigigas\n|-singleturn|p2a: Regigigas|Protect\n|move|p1a: Alcremie|Alluring Voice|p2a: Regigigas\n|-activate|p2a: Regigigas|move: Protect\n|\n|-heal|p2a: Regigigas|109/322|[from] item: Leftovers\n|-sideend|p1: Jax Sou|move: Aurora Veil\n|-end|p2a: Regigigas|Slow Start\n|upkeep\n|turn|12\n|\n|t:|1720783680\n|move|p2a: Regigigas|Body Slam|p1a: Alcremie\n|-damage|p1a: Alcremie|59/263\n|-status|p1a: Alcremie|par\n|cant|p1a: Alcremie|par\n|\n|-heal|p2a: Regigigas|129/322|[from] item: Leftovers\n|upkeep\n|turn|13\n|\n|t:|1720783686\n|move|p2a: Regigigas|Body Slam|p1a: Alcremie\n|-damage|p1a: Alcremie|0 fnt\n|faint|p1a: Alcremie\n|\n|-heal|p2a: Regigigas|149/322|[from] item: Leftovers\n|upkeep\n|\n|t:|1720783695\n|switch|p1a: Volcarona|Volcarona, L77, F|257/257\n|turn|14\n|\n|t:|1720783700\n|move|p2a: Regigigas|Body Slam|p1a: Volcarona\n|-damage|p1a: Volcarona|88/257\n|move|p1a: Volcarona|Quiver Dance|p1a: Volcarona\n|-boost|p1a: Volcarona|spa|1\n|-boost|p1a: Volcarona|spd|1\n|-boost|p1a: Volcarona|spe|1\n|\n|-heal|p2a: Regigigas|169/322|[from] item: Leftovers\n|upkeep\n|turn|15\n|\n|t:|1720783709\n|move|p1a: Volcarona|Bug Buzz|p2a: Regigigas\n|-damage|p2a: Regigigas|37/322\n|move|p2a: Regigigas|Knock Off|p1a: Volcarona\n|-damage|p1a: Volcarona|0 fnt\n|-enditem|p1a: Volcarona|Heavy-Duty Boots|[from] move: Knock Off|[of] p2a: Regigigas\n|faint|p1a: Volcarona\n|\n|-heal|p2a: Regigigas|57/322|[from] item: Leftovers\n|upkeep\n|\n|t:|1720783719\n|switch|p1a: Glaceon|Glaceon, L94, F|275/275\n|turn|16\n|\n|t:|1720783723\n|move|p2a: Regigigas|Knock Off|p1a: Glaceon\n|-damage|p1a: Glaceon|192/275\n|-enditem|p1a: Glaceon|Heavy-Duty Boots|[from] move: Knock Off|[of] p2a: Regigigas\n|move|p1a: Glaceon|Freeze-Dry|p2a: Regigigas\n|-end|p2a: Regigigas|Substitute\n|\n|-heal|p2a: Regigigas|77/322|[from] item: Leftovers\n|upkeep\n|turn|17\n|\n|t:|1720783731\n|move|p2a: Regigigas|Protect|p2a: Regigigas\n|-singleturn|p2a: Regigigas|Protect\n|move|p1a: Glaceon|Wish|p1a: Glaceon\n|\n|-heal|p2a: Regigigas|97/322|[from] item: Leftovers\n|upkeep\n|turn|18\n|\n|t:|1720783734\n|move|p2a: Regigigas|Body Slam|p1a: Glaceon\n|-damage|p1a: Glaceon|81/275\n|move|p1a: Glaceon|Freeze-Dry|p2a: Regigigas\n|-damage|p2a: Regigigas|7/322\n|\n|-heal|p1a: Glaceon|218/275|[from] move: Wish|[wisher] Glaceon\n|-heal|p2a: Regigigas|27/322|[from] item: Leftovers\n|upkeep\n|turn|19\n|\n|t:|1720783741\n|move|p2a: Regigigas|Body Slam|p1a: Glaceon\n|-damage|p1a: Glaceon|124/275\n|move|p1a: Glaceon|Freeze-Dry|p2a: Regigigas\n|-damage|p2a: Regigigas|0 fnt\n|faint|p2a: Regigigas\n|-end|p2a: Regigigas|Slow Start|[silent]\n|\n|upkeep\n|\n|t:|1720783748\n|switch|p2a: Slaking|Slaking, L84, M|389/389\n|turn|20\n|\n|t:|1720783751\n|move|p1a: Glaceon|Protect|p1a: Glaceon\n|-singleturn|p1a: Glaceon|Protect\n|move|p2a: Slaking|Double-Edge|p1a: Glaceon\n|-activate|p1a: Glaceon|move: Protect\n|\n|upkeep\n|turn|21\n|\n|t:|1720783754\n|cant|p2a: Slaking|ability: Truant\n|move|p1a: Glaceon|Wish|p1a: Glaceon\n|\n|upkeep\n|turn|22\n|\n|t:|1720783758\n|switch|p2a: Brute Bonnet|Brute Bonnet, L81|312/312\n|move|p1a: Glaceon|Protect||[still]\n|-fail|p1a: Glaceon\n|\n|-heal|p1a: Glaceon|261/275|[from] move: Wish|[wisher] Glaceon\n|upkeep\n|turn|23\n|\n|t:|1720783763\n|move|p1a: Glaceon|Freeze-Dry|p2a: Brute Bonnet\n|-supereffective|p2a: Brute Bonnet\n|-damage|p2a: Brute Bonnet|100/312\n|move|p2a: Brute Bonnet|Spore|p1a: Glaceon\n|-status|p1a: Glaceon|slp|[from] move: Spore\n|\n|-heal|p2a: Brute Bonnet|119/312|[from] item: Leftovers\n|upkeep\n|turn|24\n|\n|t:|1720783769\n|-end|p2a: Brute Bonnet|Protosynthesis|[silent]\n|switch|p2a: Slaking|Slaking, L84, M|389/389\n|cant|p1a: Glaceon|slp\n|\n|upkeep\n|turn|25\n|\n|t:|1720783772\n|switch|p1a: Abomasnow|Abomasnow, L85, F|167/291\n|-damage|p1a: Abomasnow|95/291|[from] Stealth Rock\n|-weather|Snow|[from] ability: Snow Warning|[of] p1a: Abomasnow\n|move|p2a: Slaking|Knock Off|p1a: Abomasnow\n|-damage|p1a: Abomasnow|25/291\n|-enditem|p1a: Abomasnow|Light Clay|[from] move: Knock Off|[of] p2a: Slaking\n|\n|-weather|Snow|[upkeep]\n|upkeep\n|turn|26\n|\n|t:|1720783777\n|switch|p2a: Brute Bonnet|Brute Bonnet, L81|119/312\n|move|p1a: Abomasnow|Aurora Veil|p1a: Abomasnow\n|-sidestart|p1: Jax Sou|move: Aurora Veil\n|\n|-weather|Snow|[upkeep]\n|-heal|p2a: Brute Bonnet|138/312|[from] item: Leftovers\n|upkeep\n|turn|27\n|\n|t:|1720783780\n|move|p2a: Brute Bonnet|Sucker Punch|p1a: Abomasnow\n|-damage|p1a: Abomasnow|0 fnt\n|faint|p1a: Abomasnow\n|\n|-weather|Snow|[upkeep]\n|-heal|p2a: Brute Bonnet|157/312|[from] item: Leftovers\n|upkeep\n|\n|t:|1720783784\n|switch|p1a: Roaring Moon|Roaring Moon, L72|270/270\n|-damage|p1a: Roaring Moon|237/270|[from] Stealth Rock\n|turn|28\n|\n|t:|1720783795\n|move|p1a: Roaring Moon|Outrage|p2a: Brute Bonnet\n|-damage|p2a: Brute Bonnet|0 fnt\n|faint|p2a: Brute Bonnet\n|-end|p2a: Brute Bonnet|Protosynthesis|[silent]\n|\n|-weather|Snow|[upkeep]\n|upkeep\n|\n|t:|1720783800\n|switch|p2a: Palossand|Palossand, L89, M|296/296\n|turn|29\n|\n|t:|1720783804\n|move|p1a: Roaring Moon|Outrage|p2a: Palossand|[from]lockedmove\n|-damage|p2a: Palossand|145/296\n|-start|p1a: Roaring Moon|confusion|[fatigue]\n|move|p2a: Palossand|Sludge Bomb|p1a: Roaring Moon\n|-damage|p1a: Roaring Moon|200/270\n|\n|-weather|none\n|-heal|p2a: Palossand|163/296|[from] item: Leftovers\n|upkeep\n|turn|30\n|\n|t:|1720783810\n|-end|p1a: Roaring Moon|Protosynthesis|[silent]\n|switch|p1a: Glaceon|Glaceon, L94, F|261/275 slp\n|-damage|p1a: Glaceon|193/275 slp|[from] Stealth Rock\n|move|p2a: Palossand|Shore Up|p2a: Palossand\n|-heal|p2a: Palossand|296/296\n|\n|-sideend|p1: Jax Sou|move: Aurora Veil\n|upkeep\n|turn|31\n|\n|t:|1720783814\n|switch|p2a: Slaking|Slaking, L84, M|389/389\n|-curestatus|p1a: Glaceon|slp|[msg]\n|move|p1a: Glaceon|Freeze-Dry|p2a: Slaking\n|-damage|p2a: Slaking|235/389\n|\n|upkeep\n|turn|32\n|c|\u2606Flappington|bg undeserved as ufkc\n|-message|Flappington forfeited.\n|\n|win|Jax Sou\n|raw|Jax Sou's rating: 2213 &rarr; <strong>2235</strong><br />(+22 for winning)\n|raw|Flappington's rating: 2252 &rarr; <strong>2230</strong><br />(-22 for losing)\n|l|\u2606Flappington\n|player|p2|\n|c|\u2606Jax Sou|deserved af\n|c|\u2606Jax Sou|ez\n", "inputlog": ">version f7ad7c1b8a6ce355e8dbcd95eca255f5f71ead83\n>start {\"formatid\":\"gen9randombattle\",\"seed\":[58416,53692,19041,3120],\"rated\":\"Rated battle\"}\n>player p1 {\"name\":\"Jax Sou\",\"avatar\":\"acetrainersnow\",\"rating\":2213,\"seed\":[60629,28224,22670,10175]}\n>player p2 {\"name\":\"Flappington\",\"avatar\":\"guitarist-gen4\",\"rating\":2252,\"seed\":[45433,54115,1448,15179]}\n>p1 move voltswitch\n>p2 move gunkshot\n>p1 switch 5\n>chat \u2606Flappington|..\n>p1 move knockoff\n>p2 move gunkshot\n>p2 switch 4\n>p1 switch 4\n>p2 move crunch\n>p1 move auroraveil\n>p2 switch 6\n>p1 move blizzard\n>p2 move stealthrock\n>p1 move woodhammer\n>p2 move poisonjab\n>p2 switch 2\n>p1 move blizzard\n>p2 move substitute\n>p1 switch 3\n>p2 move protect\n>p1 move calmmind\n>p2 move knockoff\n>p1 move alluringvoice\n>p2 move bodyslam\n>p1 move alluringvoice\n>p2 move protect\n>p1 move alluringvoice\n>p2 move bodyslam\n>p1 move recover\n>p2 move bodyslam\n>p1 switch 6\n>p1 move quiverdance\n>p2 move bodyslam\n>p1 move bugbuzz\n>p2 move knockoff\n>p1 switch 2\n>p1 move freezedry\n>p2 move knockoff\n>p1 move wish\n>p2 move protect\n>p1 move freezedry\n>p2 move bodyslam\n>p1 move freezedry\n>p2 move bodyslam\n>p2 switch 3\n>p1 move protect\n>p2 move doubleedge\n>p1 move wish\n>p2 move doubleedge\n>p1 move protect\n>p2 switch 6\n>p1 move freezedry\n>p2 move spore\n>p1 move protect\n>p2 switch 6\n>p1 switch 3\n>p2 move knockoff\n>p1 move auroraveil\n>p2 switch 6\n>p1 move blizzard\n>p2 move suckerpunch\n>p1 switch 4\n>p1 move outrage\n>p2 move crunch\n>p2 switch 5\n>p1 move outrage\n>p2 move sludgebomb\n>p1 switch 3\n>p2 move shoreup\n>p1 move freezedry\n>p2 switch 6\n>chat \u2606Flappington|bg undeserved as ufkc\n>forcelose p2", "uploadtime": 1720783841, "views": 167, "formatid": "gen9randombattle", "rating": 2230, "private": 0, "password": null}