{"id": "gen9randombattle-2260760134", "format": "[Gen 9] Random Battle", "players": ["Bleebobloop", "Avide C."], "log": "|j|\u2606Bleebobloop\n|j|\u2606Avide C.\n|t:|1733888044\n|gametype|singles\n|player|p1|Bleebobloop|dawn|1635\n|player|p2|Avide C.|acetrainer-gen4dp|1657\n|teamsize|p1|6\n|teamsize|p2|6\n|gen|9\n|tier|[Gen 9] Random Battle\n|rated|\n|rule|Species Clause: Limit one of each Pok\u00e9mon\n|rule|HP Percentage Mod: HP is shown in percentages\n|rule|Sleep Clause Mod: Limit one foe put to sleep\n|rule|Illusion Level Mod: Illusion disguises the Pok\u00e9mon's true level\n|\n|t:|1733888044\n|start\n|switch|p1a: Alomomola|Alomomola, L87, M|429/429\n|switch|p2a: Iron Thorns|Iron Thorns, L83|302/302\n|turn|1\n|inactive|Battle timer is ON: inactive players will automatically lose when time's up. (requested by Bleebobloop)\n|\n|t:|1733888058\n|move|p2a: Iron Thorns|Volt Switch|p1a: Alomomola\n|-supereffective|p1a: Alomomola\n|-damage|p1a: Alomomola|261/429\n|\n|t:|1733888074\n|-end|p2a: Iron Thorns|Quark Drive|[silent]\n|switch|p2a: Eternatus|Eternatus, L69|308/308|[from] Volt Switch\n|-ability|p2a: Eternatus|Pressure\n|move|p1a: Alomomola|Flip Turn|p2a: Eternatus\n|-resisted|p2a: Eternatus\n|-damage|p2a: Eternatus|276/308\n|-damage|p1a: Alomomola|190/429|[from] item: Rocky Helmet|[of] p2a: Eternatus\n|\n|t:|1733888082\n|switch|p1a: Rhyperior|Rhyperior, L82, F|323/323|[from] Flip Turn\n|\n|upkeep\n|turn|2\n|\n|t:|1733888089\n|switch|p2a: Azumarill|Azumarill, L82, M|298/298\n|move|p1a: Rhyperior|Earthquake|p2a: Azumarill\n|-damage|p2a: Azumarill|94/298\n|\n|upkeep\n|turn|3\n|\n|t:|1733888094\n|switch|p1a: Alomomola|Alomomola, L87, M|333/429\n|move|p2a: Azumarill|Liquidation|p1a: Alomomola\n|-resisted|p1a: Alomomola\n|-damage|p1a: Alomomola|251/429\n|-unboost|p1a: Alomomola|def|1\n|-damage|p2a: Azumarill|45/298|[from] item: Rocky Helmet|[of] p1a: Alomomola\n|\n|upkeep\n|turn|4\n|\n|t:|1733888118\n|switch|p2a: Grumpig|Grumpig, L92, F|297/297\n|move|p1a: Alomomola|Flip Turn|p2a: Grumpig\n|-damage|p2a: Grumpig|233/297\n|\n|t:|1733888129\n|switch|p1a: Skuntank|Skuntank, L84, M|310/310|[from] Flip Turn\n|\n|-heal|p2a: Grumpig|251/297|[from] item: Leftovers\n|upkeep\n|turn|5\n|\n|t:|1733888140\n|-terastallize|p2a: Grumpig|Ground\n|move|p2a: Grumpig|Earth Power|p1a: Skuntank\n|-supereffective|p1a: Skuntank\n|-damage|p1a: Skuntank|52/310\n|move|p1a: Skuntank|Knock Off|p2a: Grumpig\n|-damage|p2a: Grumpig|117/297\n|-enditem|p2a: Grumpig|Leftovers|[from] move: Knock Off|[of] p1a: Skuntank\n|-damage|p1a: Skuntank|21/310|[from] item: Life Orb\n|\n|upkeep\n|turn|6\n|\n|t:|1733888160\n|move|p2a: Grumpig|Shadow Ball|p1a: Skuntank\n|-resisted|p1a: Skuntank\n|-damage|p1a: Skuntank|0 fnt\n|faint|p1a: Skuntank\n|\n|upkeep\n|\n|t:|1733888166\n|switch|p1a: Tentacruel|Tentacruel, L84, F|272/272\n|turn|7\n|inactive|Avide C. has 120 seconds left.\n|\n|t:|1733888197\n|switch|p2a: Zamazenta|Zamazenta, L71|248/248\n|-ability|p2a: Zamazenta|Dauntless Shield|boost\n|-boost|p2a: Zamazenta|def|1\n|move|p1a: Tentacruel|Surf|p2a: Zamazenta\n|-damage|p2a: Zamazenta|167/248\n|\n|upkeep\n|turn|8\n|\n|t:|1733888204\n|move|p2a: Zamazenta|Psychic Fangs|p1a: Tentacruel\n|-supereffective|p1a: Tentacruel\n|-damage|p1a: Tentacruel|70/272\n|move|p1a: Tentacruel|Haze|p1a: Tentacruel\n|-clearallboost\n|\n|-heal|p1a: Tentacruel|87/272|[from] item: Leftovers\n|upkeep\n|turn|9\n|\n|t:|1733888208\n|switch|p1a: Alomomola|Alomomola, L87, M|394/429\n|move|p2a: Zamazenta|Psychic Fangs|p1a: Alomomola\n|-damage|p1a: Alomomola|318/429\n|-damage|p2a: Zamazenta|126/248|[from] item: Rocky Helmet|[of] p1a: Alomomola\n|\n|upkeep\n|turn|10\n|\n|t:|1733888215\n|switch|p2a: Iron Thorns|Iron Thorns, L83|302/302\n|move|p1a: Alomomola|Flip Turn|p2a: Iron Thorns\n|-supereffective|p2a: Iron Thorns\n|-damage|p2a: Iron Thorns|200/302\n|\n|t:|1733888219\n|switch|p1a: Tentacruel|Tentacruel, L84, F|87/272|[from] Flip Turn\n|\n|-heal|p1a: Tentacruel|104/272|[from] item: Leftovers\n|upkeep\n|turn|11\n|\n|t:|1733888230\n|-end|p2a: Iron Thorns|Quark Drive|[silent]\n|switch|p2a: Azumarill|Azumarill, L82, M|45/298\n|move|p1a: Tentacruel|Surf|p2a: Azumarill\n|-resisted|p2a: Azumarill\n|-damage|p2a: Azumarill|3/298\n|\n|-heal|p1a: Tentacruel|121/272|[from] item: Leftovers\n|upkeep\n|turn|12\n|\n|t:|1733888237\n|move|p1a: Tentacruel|Rapid Spin|p2a: Azumarill\n|-damage|p2a: Azumarill|0 fnt\n|-boost|p1a: Tentacruel|spe|1\n|faint|p2a: Azumarill\n|\n|-heal|p1a: Tentacruel|138/272|[from] item: Leftovers\n|upkeep\n|\n|t:|1733888241\n|switch|p2a: Eternatus|Eternatus, L69|276/308\n|-ability|p2a: Eternatus|Pressure\n|turn|13\n|\n|t:|1733888245\n|switch|p1a: Rhyperior|Rhyperior, L82, F|323/323\n|move|p2a: Eternatus|Dynamax Cannon|p1a: Rhyperior\n|-damage|p1a: Rhyperior|172/323\n|\n|upkeep\n|turn|14\n|\n|t:|1733888255\n|switch|p2a: Zamazenta|Zamazenta, L71|126/248\n|move|p1a: Rhyperior|Earthquake|p2a: Zamazenta\n|-damage|p2a: Zamazenta|0 fnt\n|faint|p2a: Zamazenta\n|\n|upkeep\n|\n|t:|1733888265\n|switch|p2a: Grumpig|Grumpig, L92, F, tera:Ground|117/297\n|turn|15\n|\n|t:|1733888269\n|move|p2a: Grumpig|Earth Power|p1a: Rhyperior\n|-supereffective|p1a: Rhyperior\n|-damage|p1a: Rhyperior|0 fnt\n|faint|p1a: Rhyperior\n|\n|upkeep\n|\n|t:|1733888273\n|switch|p1a: Tentacruel|Tentacruel, L84, F|138/272\n|turn|16\n|\n|t:|1733888279\n|move|p1a: Tentacruel|Surf|p2a: Grumpig\n|-supereffective|p2a: Grumpig\n|-damage|p2a: Grumpig|0 fnt\n|faint|p2a: Grumpig\n|\n|-heal|p1a: Tentacruel|155/272|[from] item: Leftovers\n|upkeep\n|\n|t:|1733888284\n|switch|p2a: Eternatus|Eternatus, L69|276/308\n|-ability|p2a: Eternatus|Pressure\n|turn|17\n|\n|t:|1733888294\n|switch|p1a: Regice|Regice, L88|284/284\n|move|p2a: Eternatus|Dynamax Cannon|p1a: Regice\n|-damage|p1a: Regice|236/284\n|\n|upkeep\n|turn|18\n|\n|t:|1733888299\n|switch|p2a: Iron Thorns|Iron Thorns, L83|200/302\n|move|p1a: Regice|Ice Beam|p2a: Iron Thorns\n|-damage|p2a: Iron Thorns|125/302\n|\n|upkeep\n|turn|19\n|\n|t:|1733888303\n|move|p2a: Iron Thorns|Stone Edge|p1a: Regice\n|-supereffective|p1a: Regice\n|-damage|p1a: Regice|2/284\n|move|p1a: Regice|Body Press|p2a: Iron Thorns\n|-supereffective|p2a: Iron Thorns\n|-damage|p2a: Iron Thorns|7/302\n|\n|upkeep\n|turn|20\n|\n|t:|1733888309\n|move|p2a: Iron Thorns|Volt Switch|p1a: Regice\n|-damage|p1a: Regice|0 fnt\n|faint|p1a: Regice\n|\n|t:|1733888314\n|-end|p2a: Iron Thorns|Quark Drive|[silent]\n|switch|p2a: Eternatus|Eternatus, L69|276/308|[from] Volt Switch\n|-ability|p2a: Eternatus|Pressure\n|\n|upkeep\n|\n|t:|1733888318\n|switch|p1a: Sawsbuck|Sawsbuck-Summer, L88, F|284/284\n|turn|21\n|\n|t:|1733888324\n|switch|p2a: Grimmsnarl|Grimmsnarl, L83, M|293/293\n|-terastallize|p1a: Sawsbuck|Normal\n|move|p1a: Sawsbuck|High Horsepower|p2a: Grimmsnarl\n|-damage|p2a: Grimmsnarl|162/293\n|-damage|p1a: Sawsbuck|256/284|[from] item: Life Orb\n|\n|-heal|p2a: Grimmsnarl|180/293|[from] item: Leftovers\n|upkeep\n|turn|22\n|\n|t:|1733888329\n|switch|p1a: Alomomola|Alomomola, L87, M|429/429\n|move|p2a: Grimmsnarl|Parting Shot|p1a: Alomomola\n|-unboost|p1a: Alomomola|atk|1\n|-unboost|p1a: Alomomola|spa|1\n|\n|t:|1733888335\n|switch|p2a: Iron Thorns|Iron Thorns, L83|7/302|[from] Parting Shot\n|\n|upkeep\n|turn|23\n|\n|t:|1733888344\n|move|p2a: Iron Thorns|Volt Switch|p1a: Alomomola\n|-supereffective|p1a: Alomomola\n|-damage|p1a: Alomomola|265/429\n|\n|t:|1733888347\n|-end|p2a: Iron Thorns|Quark Drive|[silent]\n|switch|p2a: Grimmsnarl|Grimmsnarl, L83, M|180/293|[from] Volt Switch\n|move|p1a: Alomomola|Flip Turn|p2a: Grimmsnarl\n|-damage|p2a: Grimmsnarl|135/293\n|\n|t:|1733888350\n|switch|p1a: Tentacruel|Tentacruel, L84, F|155/272|[from] Flip Turn\n|\n|-heal|p1a: Tentacruel|172/272|[from] item: Leftovers\n|-heal|p2a: Grimmsnarl|153/293|[from] item: Leftovers\n|upkeep\n|turn|24\n|\n|t:|1733888360\n|move|p2a: Grimmsnarl|Parting Shot|p1a: Tentacruel\n|-unboost|p1a: Tentacruel|atk|1\n|-unboost|p1a: Tentacruel|spa|1\n|\n|t:|1733888362\n|switch|p2a: Eternatus|Eternatus, L69|276/308|[from] Parting Shot\n|-ability|p2a: Eternatus|Pressure\n|move|p1a: Tentacruel|Sludge Bomb|p2a: Eternatus\n|-resisted|p2a: Eternatus\n|-damage|p2a: Eternatus|246/308\n|\n|-heal|p1a: Tentacruel|189/272|[from] item: Leftovers\n|upkeep\n|turn|25\n|\n|t:|1733888371\n|switch|p1a: Alomomola|Alomomola, L87, M|408/429\n|move|p2a: Eternatus|Flamethrower|p1a: Alomomola\n|-resisted|p1a: Alomomola\n|-damage|p1a: Alomomola|359/429\n|\n|upkeep\n|turn|26\n|\n|t:|1733888380\n|move|p2a: Eternatus|Dynamax Cannon|p1a: Alomomola\n|-damage|p1a: Alomomola|215/429\n|move|p1a: Alomomola|Flip Turn|p2a: Eternatus\n|-resisted|p2a: Eternatus\n|-damage|p2a: Eternatus|216/308\n|-damage|p1a: Alomomola|144/429|[from] item: Rocky Helmet|[of] p2a: Eternatus\n|\n|t:|1733888384\n|switch|p1a: Tentacruel|Tentacruel, L84, F|189/272|[from] Flip Turn\n|\n|-heal|p1a: Tentacruel|206/272|[from] item: Leftovers\n|upkeep\n|turn|27\n|\n|t:|1733888390\n|move|p2a: Eternatus|Dynamax Cannon|p1a: Tentacruel\n|-damage|p1a: Tentacruel|133/272\n|move|p1a: Tentacruel|Surf|p2a: Eternatus\n|-resisted|p2a: Eternatus\n|-damage|p2a: Eternatus|168/308\n|\n|-heal|p1a: Tentacruel|150/272|[from] item: Leftovers\n|upkeep\n|turn|28\n|\n|t:|1733888398\n|move|p2a: Eternatus|Recover|p2a: Eternatus\n|-heal|p2a: Eternatus|308/308\n|move|p1a: Tentacruel|Surf|p2a: Eternatus\n|-resisted|p2a: Eternatus\n|-damage|p2a: Eternatus|259/308\n|\n|-heal|p1a: Tentacruel|167/272|[from] item: Leftovers\n|upkeep\n|turn|29\n|\n|t:|1733888404\n|move|p2a: Eternatus|Dynamax Cannon|p1a: Tentacruel\n|-damage|p1a: Tentacruel|91/272\n|move|p1a: Tentacruel|Surf|p2a: Eternatus\n|-resisted|p2a: Eternatus\n|-damage|p2a: Eternatus|208/308\n|\n|-heal|p1a: Tentacruel|108/272|[from] item: Leftovers\n|upkeep\n|turn|30\n|\n|t:|1733888408\n|move|p2a: Eternatus|Dynamax Cannon|p1a: Tentacruel\n|-damage|p1a: Tentacruel|26/272\n|move|p1a: Tentacruel|Surf|p2a: Eternatus\n|-resisted|p2a: Eternatus\n|-damage|p2a: Eternatus|162/308\n|\n|-heal|p1a: Tentacruel|43/272|[from] item: Leftovers\n|upkeep\n|turn|31\n|\n|t:|1733888411\n|move|p2a: Eternatus|Recover|p2a: Eternatus\n|-heal|p2a: Eternatus|308/308\n|move|p1a: Tentacruel|Surf|p2a: Eternatus\n|-resisted|p2a: Eternatus\n|-damage|p2a: Eternatus|261/308\n|\n|-heal|p1a: Tentacruel|60/272|[from] item: Leftovers\n|upkeep\n|turn|32\n|\n|t:|1733888413\n|move|p2a: Eternatus|Dynamax Cannon|p1a: Tentacruel\n|-damage|p1a: Tentacruel|0 fnt\n|faint|p1a: Tentacruel\n|\n|upkeep\n|\n|t:|1733888415\n|switch|p1a: Sawsbuck|Sawsbuck-Summer, L88, F, tera:Normal|256/284\n|turn|33\n|\n|t:|1733888441\n|switch|p2a: Iron Thorns|Iron Thorns, L83|7/302\n|move|p1a: Sawsbuck|Double-Edge|p2a: Iron Thorns\n|-resisted|p2a: Iron Thorns\n|-damage|p2a: Iron Thorns|0 fnt\n|faint|p2a: Iron Thorns\n|-end|p2a: Iron Thorns|Quark Drive|[silent]\n|-damage|p1a: Sawsbuck|254/284|[from] Recoil\n|-damage|p1a: Sawsbuck|226/284|[from] item: Life Orb\n|\n|upkeep\n|\n|t:|1733888445\n|switch|p2a: Grimmsnarl|Grimmsnarl, L83, M|153/293\n|turn|34\n|\n|t:|1733888455\n|move|p2a: Grimmsnarl|Parting Shot|p1a: Sawsbuck\n|-unboost|p1a: Sawsbuck|atk|1\n|-unboost|p1a: Sawsbuck|spa|1\n|\n|t:|1733888457\n|switch|p2a: Eternatus|Eternatus, L69|261/308|[from] Parting Shot\n|-ability|p2a: Eternatus|Pressure\n|move|p1a: Sawsbuck|Double-Edge|p2a: Eternatus\n|-damage|p2a: Eternatus|76/308\n|-damage|p1a: Sawsbuck|179/284|[from] item: Rocky Helmet|[of] p2a: Eternatus\n|-damage|p1a: Sawsbuck|118/284|[from] Recoil\n|-damage|p1a: Sawsbuck|90/284|[from] item: Life Orb\n|\n|upkeep\n|turn|35\n|\n|t:|1733888463\n|switch|p1a: Alomomola|Alomomola, L87, M|287/429\n|move|p2a: Eternatus|Recover|p2a: Eternatus\n|-heal|p2a: Eternatus|230/308\n|\n|upkeep\n|turn|36\n|\n|t:|1733888468\n|move|p2a: Eternatus|Toxic Spikes|p1a: Alomomola\n|-sidestart|p1: Bleebobloop|move: Toxic Spikes\n|move|p1a: Alomomola|Wish|p1a: Alomomola\n|\n|upkeep\n|turn|37\n|\n|t:|1733888477\n|move|p2a: Eternatus|Dynamax Cannon|p1a: Alomomola\n|-damage|p1a: Alomomola|125/429\n|move|p1a: Alomomola|Flip Turn|p2a: Eternatus\n|-resisted|p2a: Eternatus\n|-damage|p2a: Eternatus|199/308\n|-damage|p1a: Alomomola|54/429|[from] item: Rocky Helmet|[of] p2a: Eternatus\n|\n|t:|1733888480\n|switch|p1a: Sawsbuck|Sawsbuck-Summer, L88, F, tera:Normal|90/284|[from] Flip Turn\n|-status|p1a: Sawsbuck|psn\n|\n|-heal|p1a: Sawsbuck|284/284 psn|[from] move: Wish|[wisher] Alomomola\n|-damage|p1a: Sawsbuck|249/284 psn|[from] psn\n|upkeep\n|turn|38\n|\n|t:|1733888496\n|move|p2a: Eternatus|Recover|p2a: Eternatus\n|-heal|p2a: Eternatus|308/308\n|move|p1a: Sawsbuck|Double-Edge|p2a: Eternatus\n|-damage|p2a: Eternatus|30/308\n|-damage|p1a: Sawsbuck|202/284 psn|[from] item: Rocky Helmet|[of] p2a: Eternatus\n|-damage|p1a: Sawsbuck|110/284 psn|[from] Recoil\n|-damage|p1a: Sawsbuck|82/284 psn|[from] item: Life Orb\n|\n|-damage|p1a: Sawsbuck|47/284 psn|[from] psn\n|upkeep\n|turn|39\n|-message|Bleebobloop forfeited.\n|\n|win|Avide C.\n|raw|Bleebobloop's rating: 1635 &rarr; <strong>1616</strong><br />(-19 for losing)\n|raw|Avide C.'s rating: 1657 &rarr; <strong>1676</strong><br />(+19 for winning)\n|l|\u2606Bleebobloop\n|player|p1|\n", "inputlog": ">version bfd83cad13791eb5a5a409923076391caf6fb4d4\n>start {\"formatid\":\"gen9randombattle\",\"seed\":[29032,32335,42085,30595],\"rated\":\"Rated battle\"}\n>player p1 {\"name\":\"Bleebobloop\",\"avatar\":\"dawn\",\"rating\":1635,\"seed\":[39513,14054,52656,10996]}\n>player p2 {\"name\":\"Avide C.\",\"avatar\":\"acetrainer-gen4dp\",\"rating\":1657,\"seed\":[54212,8450,57517,15225]}\n>p1 move flipturn\n>p2 move voltswitch\n>p2 switch 6\n>p1 switch 2\n>p1 move earthquake\n>p2 switch 2\n>p1 switch 2\n>p2 move liquidation\n>p1 move flipturn\n>p2 switch 4\n>p1 switch 5\n>p1 move knockoff\n>p2 move earthpower terastallize\n>p1 move gunkshot\n>p2 move shadowball\n>p1 switch 3\n>p1 move surf\n>p2 switch 5\n>p1 move haze\n>p2 move psychicfangs\n>p1 switch 5\n>p2 move psychicfangs\n>p1 move flipturn\n>p2 switch 6\n>p1 switch 5\n>p1 move surf\n>p2 switch 4\n>p1 move rapidspin\n>p2 move liquidation\n>p2 switch 2\n>p1 switch 2\n>p2 move dynamaxcannon\n>p1 move earthquake\n>p2 switch 6\n>p2 switch 5\n>p1 move earthquake\n>p2 move earthpower\n>p1 switch 2\n>p1 move surf\n>p2 move earthpower\n>p2 switch 6\n>p1 switch 6\n>p2 move dynamaxcannon\n>p1 move icebeam\n>p2 switch 4\n>p1 move bodypress\n>p2 move stoneedge\n>p1 move icebeam\n>p2 move voltswitch\n>p2 switch 4\n>p1 switch 4\n>p1 move highhorsepower terastallize\n>p2 switch 3\n>p1 switch 5\n>p2 move partingshot\n>p2 switch 4\n>p1 move flipturn\n>p2 move voltswitch\n>p2 switch 4\n>p1 switch 6\n>p1 move sludgebomb\n>p2 move partingshot\n>p2 switch 3\n>p1 switch 6\n>p2 move flamethrower\n>p1 move flipturn\n>p2 move dynamaxcannon\n>p1 switch 6\n>p1 move surf\n>p2 move dynamaxcannon\n>p1 move surf\n>p2 move recover\n>p1 move surf\n>p2 move dynamaxcannon\n>p1 move surf\n>p2 move dynamaxcannon\n>p1 move surf\n>p2 move recover\n>p1 move surf\n>p2 move dynamaxcannon\n>p1 switch 5\n>p1 move doubleedge\n>p2 switch 4\n>p2 switch 3\n>p1 move doubleedge\n>p2 move partingshot\n>p2 switch 4\n>p1 switch 6\n>p2 move recover\n>p1 move wish\n>p2 move toxicspikes\n>p1 move flipturn\n>p2 move dynamaxcannon\n>p1 switch 6\n>p1 move doubleedge\n>p2 move recover\n>forcelose p1", "uploadtime": 1733888504, "views": 8, "formatid": "gen9randombattle", "rating": 1616, "private": 0, "password": null}