{"id": "gen9randombattle-2260450375", "format": "[Gen 9] Random Battle", "players": ["dinopaladino", "Saaskin"], "log": "|j|\u2606dinopaladino\n|j|\u2606Saaskin\n|t:|1733852799\n|gametype|singles\n|player|p1|dinopaladino|unknown|1755\n|player|p2|Saaskin|265|1795\n|teamsize|p1|6\n|teamsize|p2|6\n|gen|9\n|tier|[Gen 9] Random Battle\n|rated|\n|rule|Species Clause: Limit one of each Pok\u00e9mon\n|rule|HP Percentage Mod: HP is shown in percentages\n|rule|Sleep Clause Mod: Limit one foe put to sleep\n|rule|Illusion Level Mod: Illusion disguises the Pok\u00e9mon's true level\n|\n|t:|1733852799\n|start\n|switch|p1a: Munkidori|Munkidori, L79, M|269/269\n|switch|p2a: Palafin|Palafin, L77, F|281/281\n|turn|1\n|inactive|Battle timer is ON: inactive players will automatically lose when time's up. (requested by Saaskin)\n|inactive|dinopaladino also wants the timer to be on.\n|\n|t:|1733852807\n|detailschange|p2a: Palafin|Palafin-Hero, L77, F\n|switch|p2a: Mabosstiff|Mabosstiff, L86, M|278/278\n|move|p1a: Munkidori|Sludge Wave|p2a: Mabosstiff\n|-damage|p2a: Mabosstiff|83/278\n|\n|upkeep\n|turn|2\n|\n|t:|1733852811\n|move|p1a: Munkidori|Sludge Wave|p2a: Mabosstiff\n|-damage|p2a: Mabosstiff|0 fnt\n|faint|p2a: Mabosstiff\n|\n|upkeep\n|\n|t:|1733852824\n|switch|p2a: Iron Jugulis|Iron Jugulis, L78|275/275\n|turn|3\n|\n|t:|1733852830\n|move|p2a: Iron Jugulis|Meteor Beam||[still]\n|-prepare|p2a: Iron Jugulis|Meteor Beam\n|-boost|p2a: Iron Jugulis|spa|1\n|-enditem|p2a: Iron Jugulis|Power Herb\n|-anim|p2a: Iron Jugulis|Meteor Beam|p1a: Munkidori\n|-damage|p1a: Munkidori|134/269\n|move|p1a: Munkidori|Sludge Wave|p2a: Iron Jugulis\n|-damage|p2a: Iron Jugulis|74/275\n|\n|upkeep\n|turn|4\n|\n|t:|1733852835\n|move|p2a: Iron Jugulis|Dark Pulse|p1a: Munkidori\n|-supereffective|p1a: Munkidori\n|-damage|p1a: Munkidori|0 fnt\n|faint|p1a: Munkidori\n|\n|upkeep\n|\n|t:|1733852841\n|switch|p1a: Venusaur|Venusaur, L84, F|272/272\n|turn|5\n|\n|t:|1733852843\n|move|p2a: Iron Jugulis|Hurricane|p1a: Venusaur\n|-supereffective|p1a: Venusaur\n|-damage|p1a: Venusaur|0 fnt\n|faint|p1a: Venusaur\n|\n|upkeep\n|\n|t:|1733852848\n|switch|p1a: Torterra|Torterra, L78, M|276/276\n|turn|6\n|\n|t:|1733852853\n|-terastallize|p1a: Torterra|Rock\n|move|p2a: Iron Jugulis|Hurricane|p1a: Torterra\n|-resisted|p1a: Torterra\n|-damage|p1a: Torterra|178/276\n|move|p1a: Torterra|Shell Smash|p1a: Torterra\n|-unboost|p1a: Torterra|def|1\n|-unboost|p1a: Torterra|spd|1\n|-boost|p1a: Torterra|atk|2\n|-boost|p1a: Torterra|spa|2\n|-boost|p1a: Torterra|spe|2\n|\n|upkeep\n|turn|7\n|\n|t:|1733852861\n|move|p1a: Torterra|Bullet Seed|p2a: Iron Jugulis\n|-resisted|p2a: Iron Jugulis\n|-damage|p2a: Iron Jugulis|44/275\n|-resisted|p2a: Iron Jugulis\n|-damage|p2a: Iron Jugulis|16/275\n|-resisted|p2a: Iron Jugulis\n|-damage|p2a: Iron Jugulis|0 fnt\n|faint|p2a: Iron Jugulis\n|-end|p2a: Iron Jugulis|Quark Drive|[silent]\n|-hitcount|p2: Iron Jugulis|3\n|\n|upkeep\n|\n|t:|1733852870\n|switch|p2a: Leafeon|Leafeon, L88, F|258/258\n|turn|8\n|\n|t:|1733852873\n|move|p1a: Torterra|Rock Blast|p2a: Leafeon\n|-damage|p2a: Leafeon|224/258\n|-damage|p2a: Leafeon|190/258\n|-damage|p2a: Leafeon|151/258\n|-damage|p2a: Leafeon|118/258\n|-damage|p2a: Leafeon|82/258\n|-hitcount|p2a: Leafeon|5\n|move|p2a: Leafeon|Leaf Blade|p1a: Torterra\n|-supereffective|p1a: Torterra\n|-damage|p1a: Torterra|0 fnt\n|faint|p1a: Torterra\n|\n|-heal|p2a: Leafeon|98/258|[from] item: Leftovers\n|upkeep\n|\n|t:|1733852878\n|switch|p1a: Kleavor|Kleavor, L78, M|237/237\n|turn|9\n|\n|t:|1733852885\n|move|p2a: Leafeon|Swords Dance|p2a: Leafeon\n|-boost|p2a: Leafeon|atk|2\n|move|p1a: Kleavor|Stone Axe|p2a: Leafeon\n|-damage|p2a: Leafeon|10/258\n|-sidestart|p2: Saaskin|move: Stealth Rock\n|\n|-heal|p2a: Leafeon|26/258|[from] item: Leftovers\n|upkeep\n|turn|10\n|\n|t:|1733852888\n|move|p2a: Leafeon|Leaf Blade|p1a: Kleavor\n|-damage|p1a: Kleavor|0 fnt\n|faint|p1a: Kleavor\n|\n|-heal|p2a: Leafeon|42/258|[from] item: Leftovers\n|upkeep\n|\n|t:|1733852892\n|switch|p1a: Kingdra|Kingdra, L84, M|263/263\n|turn|11\n|\n|t:|1733852895\n|move|p2a: Leafeon|Leaf Blade|p1a: Kingdra\n|-damage|p1a: Kingdra|58/263\n|move|p1a: Kingdra|Dragon Dance|p1a: Kingdra\n|-boost|p1a: Kingdra|atk|1\n|-boost|p1a: Kingdra|spe|1\n|\n|-heal|p2a: Leafeon|58/258|[from] item: Leftovers\n|upkeep\n|turn|12\n|\n|t:|1733852899\n|move|p1a: Kingdra|Outrage|p2a: Leafeon\n|-damage|p2a: Leafeon|0 fnt\n|faint|p2a: Leafeon\n|\n|upkeep\n|\n|t:|1733852908\n|switch|p2a: Blastoise|Blastoise, L80, M|258/258\n|-damage|p2a: Blastoise|226/258|[from] Stealth Rock\n|turn|13\n|\n|t:|1733852910\n|move|p1a: Kingdra|Outrage|p2a: Blastoise|[from]lockedmove\n|-damage|p2a: Blastoise|39/258\n|-start|p1a: Kingdra|confusion|[fatigue]\n|-enditem|p1a: Kingdra|Lum Berry|[eat]\n|-end|p1a: Kingdra|confusion\n|move|p2a: Blastoise|Shell Smash|p2a: Blastoise\n|-unboost|p2a: Blastoise|def|1\n|-unboost|p2a: Blastoise|spd|1\n|-boost|p2a: Blastoise|atk|2\n|-boost|p2a: Blastoise|spa|2\n|-boost|p2a: Blastoise|spe|2\n|-enditem|p2a: Blastoise|White Herb\n|-clearnegativeboost|p2a: Blastoise|[silent]\n|\n|upkeep\n|turn|14\n|\n|t:|1733852913\n|move|p2a: Blastoise|Ice Beam|p1a: Kingdra\n|-damage|p1a: Kingdra|0 fnt\n|faint|p1a: Kingdra\n|\n|upkeep\n|\n|t:|1733852915\n|switch|p1a: Jirachi|Jirachi, L80|291/291\n|turn|15\n|\n|t:|1733852921\n|move|p2a: Blastoise|Hydro Pump|p1a: Jirachi|[miss]\n|-miss|p2a: Blastoise|p1a: Jirachi\n|move|p1a: Jirachi|Body Slam|p2a: Blastoise\n|-damage|p2a: Blastoise|0 fnt\n|faint|p2a: Blastoise\n|\n|upkeep\n|\n|t:|1733852929\n|switch|p2a: Palafin|Palafin-Hero, L77, F|281/281\n|-damage|p2a: Palafin|246/281|[from] Stealth Rock\n|-activate|p2a: Palafin|ability: Zero to Hero\n|turn|16\n|\n|t:|1733852935\n|move|p2a: Palafin|Jet Punch|p1a: Jirachi\n|-damage|p1a: Jirachi|173/291\n|move|p1a: Jirachi|Body Slam|p2a: Palafin\n|-damage|p2a: Palafin|191/281\n|\n|-heal|p1a: Jirachi|191/291|[from] item: Leftovers\n|upkeep\n|turn|17\n|\n|t:|1733852939\n|move|p2a: Palafin|Jet Punch|p1a: Jirachi\n|-damage|p1a: Jirachi|70/291\n|move|p1a: Jirachi|Body Slam|p2a: Palafin\n|-crit|p2a: Palafin\n|-damage|p2a: Palafin|98/281\n|\n|-heal|p1a: Jirachi|88/291|[from] item: Leftovers\n|upkeep\n|turn|18\n|\n|t:|1733852942\n|move|p2a: Palafin|Jet Punch|p1a: Jirachi\n|-damage|p1a: Jirachi|0 fnt\n|faint|p1a: Jirachi\n|\n|win|Saaskin\n|raw|dinopaladino's rating: 1755 &rarr; <strong>1737</strong><br />(-18 for losing)\n|raw|Saaskin's rating: 1795 &rarr; <strong>1813</strong><br />(+18 for winning)\n|l|\u2606dinopaladino\n|player|p1|\n", "inputlog": ">version bfd83cad13791eb5a5a409923076391caf6fb4d4\n>start {\"formatid\":\"gen9randombattle\",\"seed\":[11992,49597,35698,11622],\"rated\":\"Rated battle\"}\n>player p1 {\"name\":\"dinopaladino\",\"avatar\":\"unknown\",\"rating\":1755,\"seed\":[2922,32292,53114,13003]}\n>player p2 {\"name\":\"Saaskin\",\"avatar\":\"265\",\"rating\":1795,\"seed\":[28531,62203,11866,14970]}\n>p1 move sludgewave\n>p2 switch 4\n>p1 move sludgewave\n>p2 move crunch\n>p2 switch 6\n>p1 move sludgewave\n>p2 move meteorbeam\n>p1 move sludgewave\n>p2 move darkpulse\n>p1 switch 4\n>p1 move sludgebomb\n>p2 move hurricane\n>p1 switch 3\n>p1 move shellsmash terastallize\n>p2 move hurricane\n>p1 move bulletseed\n>p2 move darkpulse\n>p2 switch 3\n>p1 move rockblast\n>p2 move leafblade\n>p1 switch 6\n>p1 move stoneaxe\n>p2 move swordsdance\n>p1 move xscissor\n>p2 move leafblade\n>p1 switch 5\n>p1 move dragondance\n>p2 move leafblade\n>p1 move outrage\n>p2 move leafblade\n>p2 switch 2\n>p1 move outrage\n>p2 move shellsmash\n>p1 move ironhead\n>p2 move icebeam\n>p1 switch 2\n>p1 move bodyslam\n>p2 move hydropump\n>p2 switch 4\n>p1 move bodyslam\n>p2 move jetpunch\n>p1 move bodyslam\n>p2 move jetpunch\n>p1 move bodyslam\n>p2 move jetpunch", "uploadtime": 1733852946, "views": 2, "formatid": "gen9randombattle", "rating": 1737, "private": 0, "password": null}