{"id": "gen9randombattle-2151167374", "format": "[Gen 9] Random Battle", "players": ["paysa", "barbell medicine"], "log": "|badge|p1|bronze|gen9randombattle|100-1\n|html|<div class=\"broadcast-red\"><strong>This battle is required to be public due to one or more player having a season medal.</strong><br />During the public phase, you can discuss the state of the ladder <a href=\"/seasondiscussion\">in a special chatroom.</a></div>\n|uhtml|medal-msg|<div class=\"broadcast-blue\">Curious what those medals under the avatar are? PS now has Ladder Seasons! For more information, check out the <a href=\"https://www.smogon.com/forums/threads/3740067/\">thread on Smogon.</a></div>\n|badge|p2|bronze|gen9randombattle|100-1\n|uhtml|medal-msg|<div class=\"broadcast-blue\">Curious what those medals under the avatar are? PS now has Ladder Seasons! For more information, check out the <a href=\"https://www.smogon.com/forums/threads/3740067/\">thread on Smogon.</a></div>\n|raw|<div class=\"broadcast-blue\"><strong>This battle is required to be public due to a player having a name starting with 'medal'.</div>\n|j|\u2606paysa\n|j|\u2606barbell medicine\n|t:|1719516888\n|gametype|singles\n|player|p1|paysa|caitlin|2346\n|player|p2|barbell medicine|waitress-gen4|2381\n|teamsize|p1|6\n|teamsize|p2|6\n|gen|9\n|tier|[Gen 9] Random Battle\n|rated|\n|rule|Species Clause: Limit one of each Pok\u00e9mon\n|rule|HP Percentage Mod: HP is shown in percentages\n|rule|Sleep Clause Mod: Limit one foe put to sleep\n|rule|Illusion Level Mod: Illusion disguises the Pok\u00e9mon's true level\n|\n|t:|1719516888\n|start\n|switch|p1a: Hatterene|Hatterene, L85, F|236/236\n|switch|p2a: Kingdra|Kingdra, L84, F|263/263\n|turn|1\n|inactive|Battle timer is ON: inactive players will automatically lose when time's up. (requested by barbell medicine)\n|inactive|paysa also wants the timer to be on.\n|c|\u2606barbell medicine|glhf\n|c|\u2606paysa|barbell medicine\n|c|\u2606paysa|i had one of their programs once\n|c|\u2606paysa|glhf\n|c|\u2606barbell medicine|sick\n|inactive|barbell medicine has 120 seconds left.\n|inactive|paysa has 120 seconds left.\n|\n|t:|1719516947\n|switch|p2a: Bellibolt|Bellibolt, L84, F|320/320\n|move|p1a: Hatterene|Mystical Fire|p2a: Bellibolt\n|-damage|p2a: Bellibolt|249/320\n|-unboost|p2a: Bellibolt|spa|1\n|-start|p2a: Bellibolt|Charge|Mystical Fire|[from] ability: Electromorphosis\n|\n|-heal|p2a: Bellibolt|269/320|[from] item: Leftovers\n|upkeep\n|turn|2\n|\n|t:|1719516965\n|move|p2a: Bellibolt|Thunderbolt|p1a: Hatterene\n|-damage|p1a: Hatterene|124/236\n|-end|p2a: Bellibolt|Charge|[silent]\n|move|p1a: Hatterene|Calm Mind|p1a: Hatterene\n|-boost|p1a: Hatterene|spa|1\n|-boost|p1a: Hatterene|spd|1\n|\n|-heal|p2a: Bellibolt|289/320|[from] item: Leftovers\n|-heal|p1a: Hatterene|138/236|[from] item: Leftovers\n|upkeep\n|turn|3\n|\n|t:|1719516980\n|move|p2a: Bellibolt|Volt Switch|p1a: Hatterene\n|-damage|p1a: Hatterene|108/236\n|inactive|barbell medicine has 120 seconds left.\n|\n|t:|1719517005\n|switch|p2a: Braviary|Braviary, L85, M|309/309|[from] Volt Switch\n|move|p1a: Hatterene|Draining Kiss|p2a: Braviary\n|-damage|p2a: Braviary|186/309\n|-heal|p1a: Hatterene|200/236|[from] drain|[of] p2a: Braviary\n|\n|-heal|p1a: Hatterene|214/236|[from] item: Leftovers\n|upkeep\n|turn|4\n|inactive|barbell medicine has 120 seconds left.\n|\n|t:|1719517020\n|move|p2a: Braviary|Roost|p2a: Braviary\n|-heal|p2a: Braviary|309/309\n|-singleturn|p2a: Braviary|move: Roost\n|move|p1a: Hatterene|Draining Kiss|p2a: Braviary\n|-damage|p2a: Braviary|197/309\n|-heal|p1a: Hatterene|236/236|[from] drain|[of] p2a: Braviary\n|\n|upkeep\n|turn|5\n|\n|t:|1719517025\n|move|p2a: Braviary|Brave Bird|p1a: Hatterene\n|-crit|p1a: Hatterene\n|-damage|p1a: Hatterene|28/236\n|-damage|p2a: Braviary|128/309|[from] Recoil\n|move|p1a: Hatterene|Psyshock|p2a: Braviary\n|-damage|p2a: Braviary|0 fnt\n|faint|p2a: Braviary\n|\n|-heal|p1a: Hatterene|42/236|[from] item: Leftovers\n|upkeep\n|inactive|barbell medicine has 120 seconds left.\n|\n|t:|1719517056\n|switch|p2a: Bellibolt|Bellibolt, L84, F|289/320\n|turn|6\n|\n|t:|1719517084\n|switch|p1a: Gliscor|Gliscor, L76, F|239/239\n|move|p2a: Bellibolt|Volt Switch|p1a: Gliscor\n|-immune|p1a: Gliscor\n|\n|-heal|p2a: Bellibolt|309/320|[from] item: Leftovers\n|-status|p1a: Gliscor|tox|[from] item: Toxic Orb\n|upkeep\n|turn|7\n|\n|t:|1719517108\n|move|p1a: Gliscor|Toxic|p2a: Bellibolt\n|-status|p2a: Bellibolt|tox\n|move|p2a: Bellibolt|Muddy Water|p1a: Gliscor\n|-supereffective|p1a: Gliscor\n|-damage|p1a: Gliscor|87/239 tox\n|\n|-heal|p2a: Bellibolt|320/320 tox|[from] item: Leftovers\n|-heal|p1a: Gliscor|116/239 tox|[from] ability: Poison Heal\n|-damage|p2a: Bellibolt|300/320 tox|[from] psn\n|upkeep\n|turn|8\n|\n|t:|1719517124\n|move|p1a: Gliscor|Protect|p1a: Gliscor\n|-singleturn|p1a: Gliscor|Protect\n|move|p2a: Bellibolt|Muddy Water|p1a: Gliscor\n|-activate|p1a: Gliscor|move: Protect\n|\n|-heal|p2a: Bellibolt|320/320 tox|[from] item: Leftovers\n|-heal|p1a: Gliscor|145/239 tox|[from] ability: Poison Heal\n|-damage|p2a: Bellibolt|280/320 tox|[from] psn\n|upkeep\n|turn|9\n|\n|t:|1719517134\n|move|p1a: Gliscor|Substitute|p1a: Gliscor\n|-start|p1a: Gliscor|Substitute\n|-damage|p1a: Gliscor|86/239 tox\n|move|p2a: Bellibolt|Muddy Water|p1a: Gliscor\n|-supereffective|p1a: Gliscor\n|-end|p1a: Gliscor|Substitute\n|\n|-heal|p2a: Bellibolt|300/320 tox|[from] item: Leftovers\n|-heal|p1a: Gliscor|115/239 tox|[from] ability: Poison Heal\n|-damage|p2a: Bellibolt|240/320 tox|[from] psn\n|upkeep\n|turn|10\n|\n|t:|1719517146\n|move|p1a: Gliscor|Substitute|p1a: Gliscor\n|-start|p1a: Gliscor|Substitute\n|-damage|p1a: Gliscor|56/239 tox\n|move|p2a: Bellibolt|Muddy Water|p1a: Gliscor|[miss]\n|-miss|p2a: Bellibolt|p1a: Gliscor\n|\n|-heal|p2a: Bellibolt|260/320 tox|[from] item: Leftovers\n|-heal|p1a: Gliscor|85/239 tox|[from] ability: Poison Heal\n|-damage|p2a: Bellibolt|180/320 tox|[from] psn\n|upkeep\n|turn|11\n|\n|t:|1719517163\n|move|p1a: Gliscor|Protect|p1a: Gliscor\n|-singleturn|p1a: Gliscor|Protect\n|move|p2a: Bellibolt|Muddy Water|p1a: Gliscor\n|-activate|p1a: Gliscor|move: Protect\n|\n|-heal|p2a: Bellibolt|200/320 tox|[from] item: Leftovers\n|-heal|p1a: Gliscor|114/239 tox|[from] ability: Poison Heal\n|-damage|p2a: Bellibolt|100/320 tox|[from] psn\n|upkeep\n|turn|12\n|\n|t:|1719517178\n|move|p1a: Gliscor|Earthquake|p2a: Bellibolt\n|-supereffective|p2a: Bellibolt\n|-damage|p2a: Bellibolt|0 fnt\n|faint|p2a: Bellibolt\n|\n|-heal|p1a: Gliscor|143/239 tox|[from] ability: Poison Heal\n|upkeep\n|\n|t:|1719517181\n|switch|p2a: Mienshao|Mienshao, L83, F|244/244\n|turn|13\n|\n|t:|1719517190\n|switch|p1a: Mesprit|Mesprit, L85|275/275\n|move|p2a: Mienshao|Swords Dance|p2a: Mienshao\n|-boost|p2a: Mienshao|atk|2\n|\n|upkeep\n|turn|14\n|j| CutePokesOnly\n|\n|t:|1719517214\n|switch|p1a: Hatterene|Hatterene, L85, F|42/236\n|-terastallize|p2a: Mienshao|Dark\n|move|p2a: Mienshao|Knock Off|p1a: Hatterene\n|-damage|p1a: Hatterene|0 fnt\n|-enditem|p1a: Hatterene|Leftovers|[from] move: Knock Off|[of] p2a: Mienshao\n|faint|p1a: Hatterene\n|-damage|p2a: Mienshao|220/244|[from] item: Life Orb\n|\n|upkeep\n|\n|t:|1719517233\n|switch|p1a: Cinderace|Cinderace, L77, F|249/249\n|turn|15\n|inactive|barbell medicine has 90 seconds left.\n|\n|t:|1719517268\n|move|p1a: Cinderace|U-turn|p2a: Mienshao\n|-start|p1a: Cinderace|typechange|Bug|[from] ability: Libero\n|-supereffective|p2a: Mienshao\n|-damage|p2a: Mienshao|40/244\n|\n|t:|1719517275\n|switch|p1a: Gliscor|Gliscor, L76, F|143/239 tox|[from] U-turn\n|move|p2a: Mienshao|Knock Off|p1a: Gliscor\n|-damage|p1a: Gliscor|0 fnt\n|-enditem|p1a: Gliscor|Toxic Orb|[from] move: Knock Off|[of] p2a: Mienshao\n|faint|p1a: Gliscor\n|-damage|p2a: Mienshao|16/244|[from] item: Life Orb\n|\n|upkeep\n|j| RPG Venom\n|\n|t:|1719517279\n|switch|p1a: Cinderace|Cinderace, L77, F|249/249\n|turn|16\n|inactive|barbell medicine has 90 seconds left.\n|\n|t:|1719517291\n|switch|p2a: Duraludon|Duraludon, L82, F|249/249\n|move|p1a: Cinderace|U-turn|p2a: Duraludon\n|-start|p1a: Cinderace|typechange|Bug|[from] ability: Libero\n|-resisted|p2a: Duraludon\n|-damage|p2a: Duraludon|228/249\n|\n|t:|1719517302\n|switch|p1a: Arceus|Arceus-Ghost, L70|284/284|[from] U-turn\n|\n|upkeep\n|turn|17\n|inactive|barbell medicine has 90 seconds left.\n|\n|t:|1719517318\n|switch|p2a: Luxray|Luxray, L88, M|284/284\n|move|p1a: Arceus|Focus Blast|p2a: Luxray\n|-damage|p2a: Luxray|215/284\n|\n|-status|p2a: Luxray|brn|[from] item: Flame Orb\n|upkeep\n|turn|18\n|inactive|barbell medicine has 90 seconds left.\n|\n|t:|1719517342\n|move|p1a: Arceus|Judgment|p2a: Luxray\n|-crit|p2a: Luxray\n|-damage|p2a: Luxray|62/284 brn\n|move|p2a: Luxray|Trailblaze|p1a: Arceus\n|-crit|p1a: Arceus\n|-damage|p1a: Arceus|184/284\n|-boost|p2a: Luxray|spe|1\n|\n|-damage|p2a: Luxray|45/284 brn|[from] brn\n|upkeep\n|turn|19\n|inactive|paysa has 120 seconds left.\n|\n|t:|1719517373\n|move|p2a: Luxray|Supercell Slam|p1a: Arceus\n|-crit|p1a: Arceus\n|-damage|p1a: Arceus|0 fnt\n|faint|p1a: Arceus\n|\n|-damage|p2a: Luxray|28/284 brn|[from] brn\n|upkeep\n|\n|t:|1719517381\n|switch|p1a: Mesprit|Mesprit, L85|275/275\n|turn|20\n|\n|t:|1719517389\n|move|p2a: Luxray|Throat Chop|p1a: Mesprit\n|-supereffective|p1a: Mesprit\n|-damage|p1a: Mesprit|77/275\n|-start|p1a: Mesprit|Throat Chop|[silent]\n|move|p1a: Mesprit|U-turn|p2a: Luxray\n|-damage|p2a: Luxray|0 fnt\n|faint|p2a: Luxray\n|inactive|paysa has 120 seconds left.\n|\n|t:|1719517394\n|switch|p1a: Cinderace|Cinderace, L77, F|249/249|[from] U-turn\n|\n|upkeep\n|inactive|barbell medicine has 90 seconds left.\n|\n|t:|1719517419\n|switch|p2a: Duraludon|Duraludon, L82, F|228/249\n|turn|21\n|inactive|paysa has 120 seconds left.\n|inactive|paysa has 90 seconds left.\n|c|\u2606barbell medicine|i played the belli kinda poorly\n|inactive|paysa has 60 seconds left.\n|\n|t:|1719517508\n|switch|p1a: Mesprit|Mesprit, L85|77/275\n|move|p2a: Duraludon|Draco Meteor|p1a: Mesprit\n|-damage|p1a: Mesprit|0 fnt\n|-unboost|p2a: Duraludon|spa|2\n|faint|p1a: Mesprit\n|\n|upkeep\n|\n|t:|1719517519\n|switch|p1a: Cinderace|Cinderace, L77, F|249/249\n|turn|22\n|\n|t:|1719517540\n|move|p1a: Cinderace|High Jump Kick|p2a: Duraludon\n|-start|p1a: Cinderace|typechange|Fighting|[from] ability: Libero\n|-supereffective|p2a: Duraludon\n|-damage|p2a: Duraludon|72/249\n|move|p2a: Duraludon|Draco Meteor|p1a: Cinderace\n|-damage|p1a: Cinderace|150/249\n|-unboost|p2a: Duraludon|spa|2\n|\n|upkeep\n|turn|23\n|\n|t:|1719517554\n|move|p1a: Cinderace|High Jump Kick|p2a: Duraludon\n|-supereffective|p2a: Duraludon\n|-damage|p2a: Duraludon|0 fnt\n|faint|p2a: Duraludon\n|\n|upkeep\n|c|\u2606paysa|praying i dont miss any of these\n|inactive|barbell medicine has 60 seconds left.\n|\n|t:|1719517568\n|switch|p2a: Kingdra|Kingdra, L84, F|263/263\n|turn|24\n|c|\u2606paysa|that kingdra looking troublesome\n|\n|t:|1719517581\n|move|p1a: Cinderace|High Jump Kick|p2a: Kingdra\n|-damage|p2a: Kingdra|127/263\n|move|p2a: Kingdra|Rain Dance|p2a: Kingdra\n|-weather|RainDance\n|\n|-weather|RainDance|[upkeep]\n|upkeep\n|turn|25\n|inactive|paysa has 60 seconds left.\n|c|\u2606barbell medicine|will you sign up for wcor?\n|\n|t:|1719517599\n|switch|p1a: Arbok|Arbok, L87, M|246/246\n|-ability|p1a: Arbok|Intimidate|boost\n|-unboost|p2a: Kingdra|atk|1\n|move|p2a: Kingdra|Hurricane|p1a: Arbok\n|-damage|p1a: Arbok|151/246\n|-start|p1a: Arbok|confusion\n|-damage|p2a: Kingdra|101/263|[from] item: Life Orb\n|\n|-weather|RainDance|[upkeep]\n|upkeep\n|turn|26\n|inactive|paysa has 60 seconds left.\n|c|\u2606paysa|yeah, signing up for the uk region\n|c|\u2606paysa|how about you\n|inactive|barbell medicine has 60 seconds left.\n|\n|t:|1719517637\n|-activate|p1a: Arbok|confusion\n|-damage|p1a: Arbok|119/246|[from] confusion\n|move|p2a: Kingdra|Draco Meteor|p1a: Arbok\n|-damage|p1a: Arbok|0 fnt\n|-unboost|p2a: Kingdra|spa|2\n|faint|p1a: Arbok\n|-damage|p2a: Kingdra|75/263|[from] item: Life Orb\n|\n|-weather|RainDance|[upkeep]\n|upkeep\n|\n|t:|1719517641\n|switch|p1a: Cinderace|Cinderace, L77, F|150/249\n|turn|27\n|c|\u2606paysa|gg\n|inactive|paysa has 60 seconds left.\n|inactive|barbell medicine has 60 seconds left.\n|\n|t:|1719517647\n|-terastallize|p1a: Cinderace|Fighting\n|move|p2a: Kingdra|Wave Crash|p1a: Cinderace\n|-damage|p1a: Cinderace|0 fnt\n|faint|p1a: Cinderace\n|-damage|p2a: Kingdra|25/263|[from] Recoil\n|-damage|p2a: Kingdra|0 fnt|[from] item: Life Orb\n|faint|p2a: Kingdra\n|\n|win|barbell medicine\n|raw|paysa's rating: 2346 &rarr; <strong>2328</strong><br />(-18 for losing)\n|raw|barbell medicine's rating: 2381 &rarr; <strong>2399</strong><br />(+18 for winning)\n|c|\u2606barbell medicine|gg\n|l| CutePokesOnly\n|l| RPG Venom\n|c|\u2606barbell medicine|i manage europe\n|c|\u2606barbell medicine|petros alt\n|c|\u2606paysa|oh lmao\n|c|\u2606paysa|the user makes sense now\n|c|\u2606barbell medicine|thought you'd be eligible for us x.x\n|c|\u2606paysa|that was my next choice yeah\n|c|\u2606barbell medicine|uk looking ggod if stareal joins too\n|c|\u2606paysa|although i was worried i didnt know the managers well so didnt think i had a great shot\n|c|\u2606barbell medicine|if you sign up for europe i'll def pick you\n|c|\u2606paysa|i dont know much about the other gens but our gen9 looks solid, masterj, stareal, bigwes, myself maybe\n|c|\u2606barbell medicine|you're good\n|c|\u2606paysa|very tempting but id like to see the uk not place 18th this year LOL\n|c|\u2606barbell medicine|gl\n|l|\u2606barbell medicine\n|player|p2|\n|c|\u2606paysa|ty, gl with drafting a good team too\n|l|\u2606paysa\n|player|p1|\n|j|\u2606paysa\n|player|p1|paysa|caitlin|\n", "inputlog": ">version 021bb6b4147d783a3aa9da22896c4e1e173f1b61\n>start {\"formatid\":\"gen9randombattle\",\"seed\":[39798,63189,32412,9821],\"rated\":\"Rated battle\"}\n>player p1 {\"name\":\"paysa\",\"avatar\":\"caitlin\",\"rating\":2346,\"seed\":[4581,45952,64621,38820]}\n>player p2 {\"name\":\"barbell medicine\",\"avatar\":\"waitress-gen4\",\"rating\":2381,\"seed\":[54724,63463,58607,31789]}\n>chat \u2606barbell medicine|glhf\n>chat \u2606paysa|barbell medicine\n>chat \u2606paysa|i had one of their programs once\n>chat \u2606paysa|glhf\n>chat \u2606barbell medicine|sick\n>p1 move mysticalfire\n>p2 switch 3\n>p1 move calmmind\n>p2 move thunderbolt\n>p1 move drainingkiss\n>p2 move voltswitch\n>p2 switch 6\n>p1 move drainingkiss\n>p2 move roost\n>p1 move psyshock\n>p2 move bravebird\n>p2 switch 6\n>p1 switch 2\n>p2 move voltswitch\n>p1 move toxic\n>p2 move muddywater\n>p1 move protect\n>p2 move muddywater\n>p1 move substitute\n>p2 move muddywater\n>p1 move substitute\n>p2 move muddywater\n>p1 move protect\n>p2 move muddywater\n>p1 move earthquake\n>p2 move slackoff\n>p2 switch 5\n>p1 switch 5\n>p2 move swordsdance\n>p1 switch 2\n>p2 move knockoff terastallize\n>p1 switch 6\n>p1 move uturn\n>p2 move knockoff\n>p1 switch 5\n>p1 switch 5\n>p1 move uturn\n>p2 switch 2\n>p1 switch 4\n>p1 move focusblast\n>p2 switch 4\n>p1 move judgment\n>p2 move trailblaze\n>p1 move judgment\n>p2 move supercellslam\n>p1 switch 2\n>p1 move uturn\n>p2 move throatchop\n>p1 switch 4\n>p2 switch 4\n>chat \u2606barbell medicine|i played the belli kinda poorly\n>p1 switch 4\n>p2 move dracometeor\n>p1 switch 4\n>p1 move highjumpkick\n>p2 move dracometeor\n>p1 move highjumpkick\n>p2 move stealthrock\n>chat \u2606paysa|praying i dont miss any of these\n>p2 switch 3\n>chat \u2606paysa|that kingdra looking troublesome\n>p1 move highjumpkick\n>p2 move raindance\n>chat \u2606barbell medicine|will you sign up for wcor?\n>p1 switch 3\n>p2 move hurricane\n>chat \u2606paysa|yeah, signing up for the uk region\n>chat \u2606paysa|how about you\n>p1 move suckerpunch\n>p2 move dracometeor\n>p1 switch 3\n>chat \u2606paysa|gg\n>p1 move highjumpkick terastallize\n>p2 move wavecrash", "uploadtime": 1719517812, "views": 174, "formatid": "gen9randombattle", "rating": 2328, "private": 0, "password": null}