{"id": "gen9randombattle-2108843556", "format": "[Gen 9] Random Battle", "players": ["LizarDune", "now you lose"], "log": "|uhtml|medal-msg|<div class=\"broadcast-blue\">Curious what those medals under the avatar are? PS now has Ladder Seasons! For more information, check out the <a href=\"https://www.smogon.com/forums/threads/3740067/\">thread on Smogon.</a></div>\n|uhtml|medal-msg|<div class=\"broadcast-blue\">Curious what those medals under the avatar are? PS now has Ladder Seasons! For more information, check out the <a href=\"https://www.smogon.com/forums/threads/3740067/\">thread on Smogon.</a></div>\n|j|\u2606LizarDune\n|j|\u2606now you lose\n|t:|1713768555\n|gametype|singles\n|player|p1|LizarDune|musician|2268\n|player|p2|now you lose|chili|2222\n|teamsize|p1|6\n|teamsize|p2|6\n|gen|9\n|tier|[Gen 9] Random Battle\n|rated|\n|rule|Species Clause: Limit one of each Pok\u00e9mon\n|rule|HP Percentage Mod: HP is shown in percentages\n|rule|Sleep Clause Mod: Limit one foe put to sleep\n|rule|Illusion Level Mod: Illusion disguises the Pok\u00e9mon's true level\n|\n|t:|1713768555\n|start\n|switch|p1a: Gardevoir|Gardevoir, L83, F|249/249\n|switch|p2a: Golem|Golem-Alola, L93, M|300/300\n|-ability|p1a: Gardevoir|Galvanize|[from] ability: Trace|[of] p2a: Golem\n|turn|1\n|inactive|Battle timer is ON: inactive players will automatically lose when time's up. (requested by LizarDune)\n|inactive|LizarDune has 120 seconds left.\n|inactive|LizarDune has 90 seconds left.\n|\n|t:|1713768619\n|move|p1a: Gardevoir|Focus Blast|p2a: Golem\n|-supereffective|p2a: Golem\n|-damage|p2a: Golem|0 fnt\n|faint|p2a: Golem\n|-damage|p1a: Gardevoir|225/249|[from] item: Life Orb\n|\n|upkeep\n|\n|t:|1713768633\n|switch|p2a: Electrode|Electrode, L92|260/260\n|turn|2\n|inactive|LizarDune has 120 seconds left.\n|\n|t:|1713768680\n|switch|p1a: Ursaring|Ursaring, L84, F|288/288\n|move|p2a: Electrode|Volt Switch|p1a: Ursaring\n|-damage|p1a: Ursaring|234/288\n|\n|t:|1713768698\n|switch|p2a: Palkia|Palkia, L75|259/259|[from] Volt Switch\n|-ability|p2a: Palkia|Pressure\n|\n|upkeep\n|turn|3\n|\n|t:|1713768721\n|move|p2a: Palkia|Hydro Pump|p1a: Ursaring\n|-damage|p1a: Ursaring|104/288\n|move|p1a: Ursaring|Body Slam|p2a: Palkia\n|-damage|p2a: Palkia|138/259\n|\n|upkeep\n|turn|4\n|inactive|LizarDune has 90 seconds left.\n|\n|t:|1713768757\n|switch|p1a: Chimecho|Chimecho, L94, F|293/293\n|move|p2a: Palkia|Hydro Pump|p1a: Chimecho\n|-crit|p1a: Chimecho\n|-damage|p1a: Chimecho|70/293\n|\n|-heal|p1a: Chimecho|88/293|[from] item: Leftovers\n|upkeep\n|turn|5\n|\n|t:|1713768772\n|move|p2a: Palkia|Hydro Pump|p1a: Chimecho\n|-damage|p1a: Chimecho|0 fnt\n|faint|p1a: Chimecho\n|\n|upkeep\n|inactive|LizarDune has 60 seconds left.\n|\n|t:|1713768799\n|switch|p1a: Cinderace|Cinderace, L77, M|249/249\n|turn|6\n|\n|t:|1713768816\n|move|p1a: Cinderace|Gunk Shot|p2a: Palkia\n|-start|p1a: Cinderace|typechange|Poison|[from] ability: Libero\n|-damage|p2a: Palkia|0 fnt\n|faint|p2a: Palkia\n|\n|upkeep\n|\n|t:|1713768820\n|switch|p2a: Electrode|Electrode, L92|260/260\n|turn|7\n|\n|t:|1713768839\n|switch|p1a: Gardevoir|Gardevoir, L83, F|225/249\n|-ability|p1a: Gardevoir|Aftermath|[from] ability: Trace|[of] p2a: Electrode\n|move|p2a: Electrode|Thunderbolt|p1a: Gardevoir\n|-damage|p1a: Gardevoir|147/249\n|\n|upkeep\n|turn|8\n|\n|t:|1713768848\n|move|p2a: Electrode|Volt Switch|p1a: Gardevoir\n|-damage|p1a: Gardevoir|81/249\n|\n|t:|1713768852\n|switch|p2a: Cresselia|Cresselia, L80, F|323/323|[from] Volt Switch\n|move|p1a: Gardevoir|Psyshock|p2a: Cresselia\n|-resisted|p2a: Cresselia\n|-damage|p2a: Cresselia|262/323\n|-damage|p1a: Gardevoir|57/249|[from] item: Life Orb\n|\n|-heal|p2a: Cresselia|282/323|[from] item: Leftovers\n|upkeep\n|turn|9\n|\n|t:|1713768864\n|switch|p1a: Salazzle|Salazzle, L82, F|246/246\n|move|p2a: Cresselia|Calm Mind|p2a: Cresselia\n|-boost|p2a: Cresselia|spa|1\n|-boost|p2a: Cresselia|spd|1\n|\n|-heal|p2a: Cresselia|302/323|[from] item: Leftovers\n|upkeep\n|turn|10\n|\n|t:|1713768893\n|move|p1a: Salazzle|Toxic|p2a: Cresselia\n|-status|p2a: Cresselia|tox\n|move|p2a: Cresselia|Psyshock|p1a: Salazzle\n|-supereffective|p1a: Salazzle\n|-damage|p1a: Salazzle|0 fnt\n|faint|p1a: Salazzle\n|\n|-heal|p2a: Cresselia|322/323 tox|[from] item: Leftovers\n|-damage|p2a: Cresselia|302/323 tox|[from] psn\n|upkeep\n|inactive|LizarDune has 60 seconds left.\n|\n|t:|1713768924\n|switch|p1a: Ursaring|Ursaring, L84, F|104/288\n|turn|11\n|inactive|now you lose has 120 seconds left.\n|\n|t:|1713768946\n|move|p2a: Cresselia|Moonblast|p1a: Ursaring\n|-damage|p1a: Ursaring|48/288\n|-unboost|p1a: Ursaring|spa|1\n|move|p1a: Ursaring|Rest|p1a: Ursaring\n|-status|p1a: Ursaring|slp|[from] move: Rest\n|-heal|p1a: Ursaring|288/288 slp|[silent]\n|\n|-heal|p2a: Cresselia|322/323 tox|[from] item: Leftovers\n|-damage|p2a: Cresselia|282/323 tox|[from] psn\n|upkeep\n|turn|12\n|inactive|now you lose has 120 seconds left.\n|\n|t:|1713768957\n|move|p2a: Cresselia|Calm Mind|p2a: Cresselia\n|-boost|p2a: Cresselia|spa|1\n|-boost|p2a: Cresselia|spd|1\n|cant|p1a: Ursaring|slp\n|move|p1a: Ursaring|Sleep Talk|p1a: Ursaring\n|move|p1a: Ursaring|Earthquake|p2a: Cresselia|[from]move: Sleep Talk\n|-immune|p2a: Cresselia|[from] ability: Levitate\n|\n|-heal|p2a: Cresselia|302/323 tox|[from] item: Leftovers\n|-damage|p2a: Cresselia|242/323 tox|[from] psn\n|upkeep\n|turn|13\n|inactive|now you lose has 120 seconds left.\n|inactive|LizarDune has 60 seconds left.\n|inactive|now you lose has 90 seconds left.\n|\n|t:|1713768999\n|move|p2a: Cresselia|Psyshock|p1a: Ursaring\n|-damage|p1a: Ursaring|197/288 slp\n|cant|p1a: Ursaring|slp\n|move|p1a: Ursaring|Sleep Talk|p1a: Ursaring\n|move|p1a: Ursaring|Body Slam|p2a: Cresselia|[from]move: Sleep Talk\n|-damage|p2a: Cresselia|100/323 tox\n|\n|-heal|p2a: Cresselia|120/323 tox|[from] item: Leftovers\n|-damage|p2a: Cresselia|40/323 tox|[from] psn\n|upkeep\n|turn|14\n|inactive|LizarDune has 60 seconds left.\n|\n|t:|1713769009\n|move|p2a: Cresselia|Psyshock|p1a: Ursaring\n|-damage|p1a: Ursaring|107/288 slp\n|-curestatus|p1a: Ursaring|slp|[msg]\n|move|p1a: Ursaring|Rest|p1a: Ursaring\n|-status|p1a: Ursaring|slp|[from] move: Rest\n|-heal|p1a: Ursaring|288/288 slp|[silent]\n|\n|-heal|p2a: Cresselia|60/323 tox|[from] item: Leftovers\n|-damage|p2a: Cresselia|0 fnt|[from] psn\n|faint|p2a: Cresselia\n|upkeep\n|\n|t:|1713769020\n|switch|p2a: Electrode|Electrode, L92|260/260\n|turn|15\n|\n|t:|1713769027\n|move|p2a: Electrode|Thunderbolt|p1a: Ursaring\n|-crit|p1a: Ursaring\n|-damage|p1a: Ursaring|167/288 slp\n|cant|p1a: Ursaring|slp\n|move|p1a: Ursaring|Sleep Talk|p1a: Ursaring\n|move|p1a: Ursaring|Earthquake|p2a: Electrode|[from]move: Sleep Talk\n|-supereffective|p2a: Electrode\n|-damage|p2a: Electrode|0 fnt\n|faint|p2a: Electrode\n|\n|upkeep\n|\n|t:|1713769038\n|switch|p2a: Brute Bonnet|Brute Bonnet, L81|312/312\n|turn|16\n|inactive|LizarDune has 60 seconds left.\n|\n|t:|1713769075\n|switch|p1a: Gardevoir|Gardevoir, L83, F|57/249\n|move|p2a: Brute Bonnet|Seed Bomb|p1a: Gardevoir\n|-damage|p1a: Gardevoir|0 fnt\n|faint|p1a: Gardevoir\n|\n|upkeep\n|inactive|LizarDune has 30 seconds left.\n|\n|t:|1713769105\n|switch|p1a: Cinderace|Cinderace, L77, M|249/249\n|turn|17\n|inactive|now you lose has 120 seconds left.\n|inactive|LizarDune has 30 seconds left.\n|\n|t:|1713769120\n|move|p2a: Brute Bonnet|Sucker Punch|p1a: Cinderace\n|-damage|p1a: Cinderace|135/249\n|move|p1a: Cinderace|U-turn|p2a: Brute Bonnet\n|-start|p1a: Cinderace|typechange|Bug|[from] ability: Libero\n|-supereffective|p2a: Brute Bonnet\n|-damage|p2a: Brute Bonnet|0 fnt\n|faint|p2a: Brute Bonnet\n|-end|p2a: Brute Bonnet|Protosynthesis|[silent]\n|inactive|LizarDune has 30 seconds left.\n|\n|t:|1713769127\n|switch|p1a: Diancie|Diancie, L82|216/216|[from] U-turn\n|\n|upkeep\n|\n|t:|1713769131\n|switch|p2a: Wugtrio|Wugtrio, L91, M|212/212\n|turn|18\n|inactive|LizarDune has 30 seconds left.\n|inactive|LizarDune has 20 seconds left.\n|inactive|LizarDune has 15 seconds left.\n|inactive|LizarDune has 10 seconds left.\n|\n|t:|1713769166\n|-terastallize|p2a: Wugtrio|Water\n|-terastallize|p1a: Diancie|Fighting\n|move|p2a: Wugtrio|Liquidation|p1a: Diancie\n|-damage|p1a: Diancie|74/216\n|move|p1a: Diancie|Diamond Storm|p2a: Wugtrio\n|-damage|p2a: Wugtrio|70/212\n|\n|upkeep\n|turn|19\n|inactive|LizarDune has 20 seconds left this turn.\n|inactive|LizarDune has 15 seconds left.\n|\n|t:|1713769174\n|move|p2a: Wugtrio|Liquidation|p1a: Diancie\n|-damage|p1a: Diancie|0 fnt\n|faint|p1a: Diancie\n|\n|upkeep\n|inactive|LizarDune has 20 seconds left this turn.\n|inactive|LizarDune has 15 seconds left.\n|inactive|LizarDune has 10 seconds left.\n|inactive|LizarDune has 5 seconds left.\n|\n|t:|1713769193\n|switch|p1a: Ursaring|Ursaring, L84, F|167/288 slp\n|turn|20\n|inactive|LizarDune has 15 seconds left this turn.\n|\n|t:|1713769195\n|move|p2a: Wugtrio|Liquidation|p1a: Ursaring\n|-damage|p1a: Ursaring|7/288 slp\n|cant|p1a: Ursaring|slp\n|move|p1a: Ursaring|Sleep Talk|p1a: Ursaring\n|move|p1a: Ursaring|Rest||[from]move: Sleep Talk|[still]\n|-fail|p1a: Ursaring\n|\n|upkeep\n|turn|21\n|inactive|LizarDune has 25 seconds left this turn.\n|inactive|LizarDune has 20 seconds left.\n|c|\u2606LizarDune|Damn it rest talk\n|c|\u2606LizarDune|GG\n|\n|t:|1713769205\n|move|p2a: Wugtrio|Liquidation|p1a: Ursaring\n|-damage|p1a: Ursaring|0 fnt\n|faint|p1a: Ursaring\n|\n|upkeep\n|inactive|LizarDune has 25 seconds left this turn.\n|\n|t:|1713769208\n|switch|p1a: Cinderace|Cinderace, L77, M|135/249\n|turn|22\n|inactive|LizarDune has 30 seconds left.\n|\n|t:|1713769214\n|move|p2a: Wugtrio|Liquidation|p1a: Cinderace\n|-supereffective|p1a: Cinderace\n|-damage|p1a: Cinderace|0 fnt\n|faint|p1a: Cinderace\n|\n|win|now you lose\n|raw|LizarDune's rating: 2268 &rarr; <strong>2248</strong><br />(-20 for losing)\n|raw|now you lose's rating: 2275 &rarr; <strong>2295</strong><br />(+20 for winning)\n|c|\u2606now you lose|gg\n", "inputlog": ">version fbb8b57732b6c70e2e4ee2e2de24924a41f5cba4\n>start {\"formatid\":\"gen9randombattle\",\"seed\":[26932,59053,22559,7583],\"rated\":\"Rated battle\"}\n>player p1 {\"name\":\"LizarDune\",\"avatar\":\"musician\",\"rating\":2268,\"seed\":[3890,30324,14193,59901]}\n>player p2 {\"name\":\"now you lose\",\"avatar\":\"chili\",\"rating\":2222,\"seed\":[64823,6854,26574,60120]}\n>p1 move focusblast\n>p2 move doubleedge\n>p2 switch 5\n>p1 switch 6\n>p2 move voltswitch\n>p2 switch 6\n>p1 move bodyslam\n>p2 move hydropump\n>p1 switch 5\n>p2 move hydropump\n>p1 move recover\n>p2 move hydropump\n>p1 switch 3\n>p1 move gunkshot\n>p2 move hydropump\n>p2 switch 6\n>p1 switch 6\n>p2 move thunderbolt\n>p1 move psyshock\n>p2 move voltswitch\n>p2 switch 2\n>p1 switch 2\n>p2 move calmmind\n>p1 move toxic\n>p2 move psyshock\n>p1 switch 5\n>p1 move rest\n>p2 move moonblast\n>p1 move sleeptalk\n>p2 move calmmind\n>p1 move sleeptalk\n>p2 move psyshock\n>p1 move rest\n>p2 move psyshock\n>p2 switch 2\n>p1 move sleeptalk\n>p2 move thunderbolt\n>p2 switch 4\n>p1 switch 2\n>p2 move seedbomb\n>p1 switch 6\n>p1 move uturn\n>p2 move suckerpunch\n>p1 switch 4\n>p2 switch 3\n>p1 move diamondstorm terastallize\n>p2 move liquidation terastallize\n>p1 move bodypress\n>p2 move liquidation\n>p1 switch 2\n>p1 move sleeptalk\n>p2 move liquidation\n>chat \u2606LizarDune|Damn it rest talk\n>chat \u2606LizarDune|GG\n>p1 move bodyslam\n>p2 move liquidation\n>p1 switch 4\n>p1 move highjumpkick\n>p2 move liquidation", "uploadtime": 1713769224, "views": 255, "formatid": "gen9randombattle", "rating": 2248, "private": 0, "password": null}