{"id": "gen9randombattle-2260093184", "format": "[Gen 9] Random Battle", "players": ["Soul Gem", "Saliva Soup"], "log": "|j|\u2606Soul Gem\n|j|\u2606Saliva Soup\n|t:|1733801425\n|gametype|singles\n|player|p1|Soul Gem|misty|2239\n|player|p2|Saliva Soup|101|2322\n|teamsize|p1|6\n|teamsize|p2|6\n|gen|9\n|tier|[Gen 9] Random Battle\n|rated|\n|rule|Species Clause: Limit one of each Pok\u00e9mon\n|rule|HP Percentage Mod: HP is shown in percentages\n|rule|Sleep Clause Mod: Limit one foe put to sleep\n|rule|Illusion Level Mod: Illusion disguises the Pok\u00e9mon's true level\n|\n|t:|1733801425\n|start\n|switch|p1a: Whiscash|Whiscash, L88, F|337/337\n|switch|p2a: Ampharos|Ampharos, L88, M|302/302\n|turn|1\n|inactive|Battle timer is ON: inactive players will automatically lose when time's up. (requested by Saliva Soup)\n|\n|t:|1733801474\n|switch|p2a: Uxie|Uxie, L83|260/260\n|move|p1a: Whiscash|Dragon Dance|p1a: Whiscash\n|-boost|p1a: Whiscash|atk|1\n|-boost|p1a: Whiscash|spe|1\n|\n|upkeep\n|turn|2\n|\n|t:|1733801491\n|move|p1a: Whiscash|Liquidation|p2a: Uxie\n|-crit|p2a: Uxie\n|-damage|p2a: Uxie|75/260\n|-damage|p1a: Whiscash|304/337|[from] item: Life Orb\n|move|p2a: Uxie|Encore|p1a: Whiscash\n|-start|p1a: Whiscash|Encore\n|\n|-heal|p2a: Uxie|91/260|[from] item: Leftovers\n|upkeep\n|turn|3\n|inactive|Soul Gem has 120 seconds left.\n|\n|t:|1733801545\n|move|p1a: Whiscash|Liquidation|p2a: Uxie\n|-damage|p2a: Uxie|0 fnt\n|faint|p2a: Uxie\n|-damage|p1a: Whiscash|271/337|[from] item: Life Orb\n|\n|upkeep\n|inactive|Saliva Soup has 120 seconds left.\n|\n|t:|1733801578\n|switch|p2a: Noivern|Noivern, L82, F|274/274\n|turn|4\n|inactive|Soul Gem has 90 seconds left.\n|\n|t:|1733801604\n|move|p2a: Noivern|Hurricane|p1a: Whiscash\n|-damage|p1a: Whiscash|138/337\n|move|p1a: Whiscash|Liquidation|p2a: Noivern\n|-resisted|p2a: Noivern\n|-damage|p2a: Noivern|191/274\n|-unboost|p2a: Noivern|def|1\n|-damage|p1a: Whiscash|105/337|[from] item: Life Orb\n|\n|upkeep\n|turn|5\n|inactive|Soul Gem has 90 seconds left.\n|\n|t:|1733801625\n|switch|p1a: Dedenne|Dedenne, L88, F|261/261\n|move|p2a: Noivern|Draco Meteor|p1a: Dedenne\n|-immune|p1a: Dedenne\n|\n|upkeep\n|turn|6\n|inactive|Soul Gem has 90 seconds left.\n|\n|t:|1733801644\n|switch|p2a: Ampharos|Ampharos, L88, M|302/302\n|move|p1a: Dedenne|Dazzling Gleam|p2a: Ampharos\n|-damage|p2a: Ampharos|253/302\n|\n|upkeep\n|turn|7\n|\n|t:|1733801652\n|move|p1a: Dedenne|Super Fang|p2a: Ampharos|[miss]\n|-miss|p1a: Dedenne|p2a: Ampharos\n|move|p2a: Ampharos|Volt Switch|p1a: Dedenne\n|-resisted|p1a: Dedenne\n|-damage|p1a: Dedenne|204/261\n|\n|t:|1733801660\n|switch|p2a: Chien-Pao|Chien-Pao, L72|234/234|[from] Volt Switch\n|-ability|p2a: Chien-Pao|Sword of Ruin\n|\n|upkeep\n|turn|8\n|inactive|Soul Gem has 90 seconds left.\n|\n|t:|1733801684\n|switch|p1a: Whiscash|Whiscash, L88, F|105/337\n|move|p2a: Chien-Pao|Icicle Crash|p1a: Whiscash\n|-damage|p1a: Whiscash|0 fnt\n|faint|p1a: Whiscash\n|\n|upkeep\n|inactive|Soul Gem has 90 seconds left.\n|\n|t:|1733801694\n|switch|p1a: Porygon-Z|Porygon-Z, L83|277/277\n|-ability|p1a: Porygon-Z|Download|boost\n|-boost|p1a: Porygon-Z|spa|1\n|turn|9\n|\n|t:|1733801699\n|switch|p2a: Flutter Mane|Flutter Mane, L74|203/203\n|move|p1a: Porygon-Z|Tri Attack|p2a: Flutter Mane\n|-immune|p2a: Flutter Mane\n|\n|upkeep\n|turn|10\n|\n|t:|1733801712\n|switch|p1a: Dedenne|Dedenne, L88, F|204/261\n|move|p2a: Flutter Mane|Moonblast|p1a: Dedenne\n|-damage|p1a: Dedenne|35/261\n|-enditem|p1a: Dedenne|Sitrus Berry|[eat]\n|-heal|p1a: Dedenne|100/261|[from] item: Sitrus Berry\n|-heal|p1a: Dedenne|187/261|[from] ability: Cheek Pouch\n|-damage|p2a: Flutter Mane|183/203|[from] item: Life Orb\n|\n|upkeep\n|turn|11\n|j| 9m8\n|\n|t:|1733801722\n|-end|p2a: Flutter Mane|Protosynthesis|[silent]\n|switch|p2a: Ampharos|Ampharos, L88, M|253/302\n|move|p1a: Dedenne|Thunderbolt|p2a: Ampharos\n|-resisted|p2a: Ampharos\n|-damage|p2a: Ampharos|226/302\n|\n|upkeep\n|turn|12\n|\n|t:|1733801728\n|move|p1a: Dedenne|Super Fang|p2a: Ampharos\n|-damage|p2a: Ampharos|113/302\n|move|p2a: Ampharos|Volt Switch|p1a: Dedenne\n|-resisted|p1a: Dedenne\n|-damage|p1a: Dedenne|130/261\n|\n|t:|1733801739\n|switch|p2a: Flutter Mane|Flutter Mane, L74|183/203|[from] Volt Switch\n|\n|upkeep\n|turn|13\n|\n|t:|1733801745\n|move|p2a: Flutter Mane|Moonblast|p1a: Dedenne\n|-damage|p1a: Dedenne|0 fnt\n|faint|p1a: Dedenne\n|-damage|p2a: Flutter Mane|163/203|[from] item: Life Orb\n|\n|upkeep\n|inactive|Soul Gem has 120 seconds left.\n|\n|t:|1733801759\n|switch|p1a: Porygon-Z|Porygon-Z, L83|277/277\n|-ability|p1a: Porygon-Z|Download|boost\n|-boost|p1a: Porygon-Z|atk|1\n|turn|14\n|inactive|Soul Gem has 120 seconds left.\n|\n|t:|1733801770\n|move|p1a: Porygon-Z|Thunderbolt|p2a: Flutter Mane\n|-damage|p2a: Flutter Mane|102/203\n|move|p2a: Flutter Mane|Moonblast|p1a: Porygon-Z\n|-damage|p1a: Porygon-Z|133/277\n|-damage|p2a: Flutter Mane|82/203|[from] item: Life Orb\n|\n|upkeep\n|turn|15\n|\n|t:|1733801777\n|-end|p2a: Flutter Mane|Protosynthesis|[silent]\n|switch|p2a: Ampharos|Ampharos, L88, M|113/302\n|move|p1a: Porygon-Z|Thunderbolt|p2a: Ampharos\n|-resisted|p2a: Ampharos\n|-damage|p2a: Ampharos|88/302\n|\n|upkeep\n|turn|16\n|\n|t:|1733801780\n|switch|p1a: Dipplin|Dipplin, L88, M|284/284\n|move|p2a: Ampharos|Volt Switch|p1a: Dipplin\n|-resisted|p1a: Dipplin\n|-damage|p1a: Dipplin|270/284\n|\n|t:|1733801784\n|switch|p2a: Hypno|Hypno, L95, M|315/315|[from] Volt Switch\n|\n|upkeep\n|turn|17\n|inactive|Soul Gem has 120 seconds left.\n|\n|t:|1733801818\n|-terastallize|p1a: Dipplin|Steel\n|move|p2a: Hypno|Toxic|p1a: Dipplin\n|-immune|p1a: Dipplin\n|move|p1a: Dipplin|Dragon Tail|p2a: Hypno\n|-damage|p2a: Hypno|254/315\n|drag|p2a: Chien-Pao|Chien-Pao, L72|234/234\n|-ability|p2a: Chien-Pao|Sword of Ruin\n|\n|upkeep\n|turn|18\n|\n|t:|1733801828\n|move|p2a: Chien-Pao|Sacred Sword|p1a: Dipplin\n|-supereffective|p1a: Dipplin\n|-damage|p1a: Dipplin|140/284\n|move|p1a: Dipplin|Giga Drain|p2a: Chien-Pao\n|-damage|p2a: Chien-Pao|120/234\n|-heal|p1a: Dipplin|197/284|[from] drain|[of] p2a: Chien-Pao\n|\n|upkeep\n|turn|19\n|\n|t:|1733801834\n|move|p2a: Chien-Pao|Sacred Sword|p1a: Dipplin\n|-supereffective|p1a: Dipplin\n|-damage|p1a: Dipplin|79/284\n|move|p1a: Dipplin|Dragon Pulse|p2a: Chien-Pao\n|-damage|p2a: Chien-Pao|0 fnt\n|faint|p2a: Chien-Pao\n|\n|upkeep\n|\n|t:|1733801842\n|switch|p2a: Ampharos|Ampharos, L88, M|88/302\n|turn|20\n|\n|t:|1733801856\n|move|p2a: Ampharos|Discharge|p1a: Dipplin\n|-damage|p1a: Dipplin|10/284\n|move|p1a: Dipplin|Recover|p1a: Dipplin\n|-heal|p1a: Dipplin|152/284\n|\n|upkeep\n|turn|21\n|\n|t:|1733801861\n|move|p2a: Ampharos|Discharge|p1a: Dipplin\n|-damage|p1a: Dipplin|77/284\n|-status|p1a: Dipplin|par\n|move|p1a: Dipplin|Recover|p1a: Dipplin\n|-heal|p1a: Dipplin|219/284 par\n|\n|upkeep\n|turn|22\n|\n|t:|1733801865\n|move|p2a: Ampharos|Volt Switch|p1a: Dipplin\n|-damage|p1a: Dipplin|153/284 par\n|\n|t:|1733801868\n|switch|p2a: Flutter Mane|Flutter Mane, L74|82/203|[from] Volt Switch\n|move|p1a: Dipplin|Giga Drain|p2a: Flutter Mane\n|-damage|p2a: Flutter Mane|12/203\n|-heal|p1a: Dipplin|188/284 par|[from] drain|[of] p2a: Flutter Mane\n|\n|upkeep\n|turn|23\n|\n|t:|1733801874\n|move|p2a: Flutter Mane|Mystical Fire|p1a: Dipplin\n|-supereffective|p1a: Dipplin\n|-damage|p1a: Dipplin|100/284 par\n|-unboost|p1a: Dipplin|spa|1\n|-damage|p2a: Flutter Mane|0 fnt|[from] item: Life Orb\n|faint|p2a: Flutter Mane\n|-end|p2a: Flutter Mane|Protosynthesis|[silent]\n|move|p1a: Dipplin|Recover|p1a: Dipplin\n|-heal|p1a: Dipplin|242/284 par\n|\n|upkeep\n|\n|t:|1733801881\n|switch|p2a: Noivern|Noivern, L82, F|191/274\n|turn|24\n|\n|t:|1733801897\n|switch|p1a: Kingdra|Kingdra, L84, F|263/263\n|-terastallize|p2a: Noivern|Normal\n|move|p2a: Noivern|Boomburst|p1a: Kingdra\n|-damage|p1a: Kingdra|134/263\n|\n|upkeep\n|turn|25\n|\n|t:|1733801903\n|move|p2a: Noivern|Draco Meteor|p1a: Kingdra\n|-supereffective|p1a: Kingdra\n|-damage|p1a: Kingdra|0 fnt\n|-unboost|p2a: Noivern|spa|2\n|faint|p1a: Kingdra\n|\n|upkeep\n|\n|t:|1733801909\n|switch|p1a: Porygon-Z|Porygon-Z, L83|133/277\n|-ability|p1a: Porygon-Z|Download|boost\n|-boost|p1a: Porygon-Z|spa|1\n|turn|26\n|\n|t:|1733801913\n|switch|p2a: Ampharos|Ampharos, L88, M|88/302\n|move|p1a: Porygon-Z|Tri Attack|p2a: Ampharos\n|-damage|p2a: Ampharos|0 fnt\n|faint|p2a: Ampharos\n|\n|upkeep\n|\n|t:|1733801915\n|switch|p2a: Hypno|Hypno, L95, M|254/315\n|turn|27\n|\n|t:|1733801920\n|move|p1a: Porygon-Z|Tri Attack|p2a: Hypno\n|-damage|p2a: Hypno|131/315\n|move|p2a: Hypno|Focus Blast|p1a: Porygon-Z\n|-supereffective|p1a: Porygon-Z\n|-damage|p1a: Porygon-Z|0 fnt\n|faint|p1a: Porygon-Z\n|\n|-heal|p2a: Hypno|150/315|[from] item: Leftovers\n|upkeep\n|\n|t:|1733801927\n|switch|p1a: Annihilape|Annihilape, L76, M|292/292\n|turn|28\n|\n|t:|1733801938\n|move|p1a: Annihilape|Taunt|p2a: Hypno\n|-start|p2a: Hypno|move: Taunt\n|cant|p2a: Hypno|move: Taunt|Toxic\n|\n|-heal|p2a: Hypno|169/315|[from] item: Leftovers\n|upkeep\n|turn|29\n|\n|t:|1733801946\n|move|p1a: Annihilape|Drain Punch|p2a: Hypno\n|-resisted|p2a: Hypno\n|-damage|p2a: Hypno|131/315\n|move|p2a: Hypno|Psychic Noise|p1a: Annihilape\n|-supereffective|p1a: Annihilape\n|-damage|p1a: Annihilape|122/292\n|-start|p1a: Annihilape|move: Heal Block\n|\n|-heal|p2a: Hypno|150/315|[from] item: Leftovers\n|upkeep\n|turn|30\n|\n|t:|1733801958\n|move|p2a: Hypno|Psychic Noise|p1a: Annihilape\n|-supereffective|p1a: Annihilape\n|-damage|p1a: Annihilape|0 fnt\n|faint|p1a: Annihilape\n|\n|-heal|p2a: Hypno|169/315|[from] item: Leftovers\n|-end|p2a: Hypno|move: Taunt\n|upkeep\n|\n|t:|1733801961\n|switch|p1a: Dipplin|Dipplin, L88, M, tera:Steel|242/284 par\n|turn|31\n|\n|t:|1733801966\n|move|p2a: Hypno|Protect|p2a: Hypno\n|-singleturn|p2a: Hypno|Protect\n|cant|p1a: Dipplin|par\n|\n|-heal|p2a: Hypno|188/315|[from] item: Leftovers\n|upkeep\n|turn|32\n|\n|t:|1733801973\n|switch|p2a: Noivern|Noivern, L82, F, tera:Normal|191/274\n|cant|p1a: Dipplin|par\n|\n|upkeep\n|turn|33\n|\n|t:|1733801980\n|move|p2a: Noivern|Hurricane|p1a: Dipplin|[miss]\n|-miss|p2a: Noivern|p1a: Dipplin\n|move|p1a: Dipplin|Giga Drain|p2a: Noivern\n|-damage|p2a: Noivern|101/274\n|-heal|p1a: Dipplin|284/284 par|[from] drain|[of] p2a: Noivern\n|\n|upkeep\n|turn|34\n|\n|t:|1733801985\n|move|p2a: Noivern|Roost|p2a: Noivern\n|-heal|p2a: Noivern|238/274\n|cant|p1a: Dipplin|par\n|\n|upkeep\n|turn|35\n|\n|t:|1733801989\n|move|p2a: Noivern|Hurricane|p1a: Dipplin\n|-resisted|p1a: Dipplin\n|-crit|p1a: Dipplin\n|-damage|p1a: Dipplin|231/284 par\n|cant|p1a: Dipplin|par\n|\n|upkeep\n|turn|36\n|\n|t:|1733801994\n|move|p2a: Noivern|Hurricane|p1a: Dipplin|[miss]\n|-miss|p2a: Noivern|p1a: Dipplin\n|move|p1a: Dipplin|Dragon Tail|p2a: Noivern\n|-damage|p2a: Noivern|169/274\n|drag|p2a: Hypno|Hypno, L95, M|188/315\n|\n|-heal|p2a: Hypno|207/315|[from] item: Leftovers\n|upkeep\n|turn|37\n|\n|t:|1733801998\n|move|p2a: Hypno|Protect|p2a: Hypno\n|-singleturn|p2a: Hypno|Protect\n|move|p1a: Dipplin|Giga Drain|p2a: Hypno\n|-activate|p2a: Hypno|move: Protect\n|\n|-heal|p2a: Hypno|226/315|[from] item: Leftovers\n|upkeep\n|turn|38\n|\n|t:|1733802004\n|move|p2a: Hypno|Psychic Noise|p1a: Dipplin\n|-resisted|p1a: Dipplin\n|-damage|p1a: Dipplin|202/284 par\n|-start|p1a: Dipplin|move: Heal Block\n|move|p1a: Dipplin|Dragon Pulse|p2a: Hypno\n|-damage|p2a: Hypno|153/315\n|\n|-heal|p2a: Hypno|172/315|[from] item: Leftovers\n|upkeep\n|turn|39\n|\n|t:|1733802012\n|move|p2a: Hypno|Protect|p2a: Hypno\n|-singleturn|p2a: Hypno|Protect\n|move|p1a: Dipplin|Dragon Tail|p2a: Hypno\n|-activate|p2a: Hypno|move: Protect\n|\n|-heal|p2a: Hypno|191/315|[from] item: Leftovers\n|-end|p1a: Dipplin|move: Heal Block\n|upkeep\n|turn|40\n|\n|t:|1733802015\n|move|p2a: Hypno|Focus Blast|p1a: Dipplin\n|-supereffective|p1a: Dipplin\n|-damage|p1a: Dipplin|88/284 par\n|move|p1a: Dipplin|Dragon Tail|p2a: Hypno\n|-damage|p2a: Hypno|121/315\n|drag|p2a: Noivern|Noivern, L82, F, tera:Normal|169/274\n|\n|upkeep\n|turn|41\n|\n|t:|1733802021\n|switch|p2a: Hypno|Hypno, L95, M|121/315\n|move|p1a: Dipplin|Recover|p1a: Dipplin\n|-heal|p1a: Dipplin|230/284 par\n|\n|-heal|p2a: Hypno|140/315|[from] item: Leftovers\n|upkeep\n|turn|42\n|\n|t:|1733802025\n|move|p2a: Hypno|Protect|p2a: Hypno\n|-singleturn|p2a: Hypno|Protect\n|move|p1a: Dipplin|Dragon Tail|p2a: Hypno\n|-activate|p2a: Hypno|move: Protect\n|\n|-heal|p2a: Hypno|159/315|[from] item: Leftovers\n|upkeep\n|turn|43\n|\n|t:|1733802029\n|move|p2a: Hypno|Focus Blast|p1a: Dipplin\n|-supereffective|p1a: Dipplin\n|-damage|p1a: Dipplin|98/284 par\n|move|p1a: Dipplin|Dragon Tail|p2a: Hypno\n|-damage|p2a: Hypno|98/315\n|drag|p2a: Noivern|Noivern, L82, F, tera:Normal|169/274\n|\n|upkeep\n|turn|44\n|\n|t:|1733802035\n|move|p2a: Noivern|Hurricane|p1a: Dipplin\n|-resisted|p1a: Dipplin\n|-damage|p1a: Dipplin|57/284 par\n|-start|p1a: Dipplin|confusion\n|-activate|p1a: Dipplin|confusion\n|move|p1a: Dipplin|Recover|p1a: Dipplin\n|-heal|p1a: Dipplin|199/284 par\n|\n|upkeep\n|turn|45\n|\n|t:|1733802044\n|move|p2a: Noivern|Boomburst|p1a: Dipplin\n|-resisted|p1a: Dipplin\n|-damage|p1a: Dipplin|152/284 par\n|-activate|p1a: Dipplin|confusion\n|cant|p1a: Dipplin|par\n|\n|upkeep\n|turn|46\n|\n|t:|1733802052\n|move|p2a: Noivern|Boomburst|p1a: Dipplin\n|-resisted|p1a: Dipplin\n|-damage|p1a: Dipplin|101/284 par\n|-activate|p1a: Dipplin|confusion\n|cant|p1a: Dipplin|par\n|\n|upkeep\n|turn|47\n|\n|t:|1733802057\n|switch|p2a: Hypno|Hypno, L95, M|98/315\n|-activate|p1a: Dipplin|confusion\n|move|p1a: Dipplin|Recover|p1a: Dipplin\n|-heal|p1a: Dipplin|243/284 par\n|\n|-heal|p2a: Hypno|117/315|[from] item: Leftovers\n|upkeep\n|turn|48\n|\n|t:|1733802062\n|move|p2a: Hypno|Protect|p2a: Hypno\n|-singleturn|p2a: Hypno|Protect\n|-end|p1a: Dipplin|confusion\n|move|p1a: Dipplin|Dragon Tail|p2a: Hypno\n|-activate|p2a: Hypno|move: Protect\n|\n|-heal|p2a: Hypno|136/315|[from] item: Leftovers\n|upkeep\n|turn|49\n|\n|t:|1733802067\n|move|p2a: Hypno|Focus Blast|p1a: Dipplin\n|-supereffective|p1a: Dipplin\n|-damage|p1a: Dipplin|119/284 par\n|move|p1a: Dipplin|Dragon Tail|p2a: Hypno\n|-damage|p2a: Hypno|69/315\n|drag|p2a: Noivern|Noivern, L82, F, tera:Normal|169/274\n|\n|upkeep\n|turn|50\n|\n|t:|1733802075\n|move|p2a: Noivern|Hurricane|p1a: Dipplin\n|-resisted|p1a: Dipplin\n|-damage|p1a: Dipplin|81/284 par\n|move|p1a: Dipplin|Recover|p1a: Dipplin\n|-heal|p1a: Dipplin|223/284 par\n|\n|upkeep\n|turn|51\n|\n|t:|1733802080\n|move|p2a: Noivern|Hurricane|p1a: Dipplin\n|-resisted|p1a: Dipplin\n|-damage|p1a: Dipplin|184/284 par\n|-start|p1a: Dipplin|confusion\n|-activate|p1a: Dipplin|confusion\n|cant|p1a: Dipplin|par\n|\n|upkeep\n|turn|52\n|\n|t:|1733802086\n|switch|p2a: Hypno|Hypno, L95, M|69/315\n|-end|p1a: Dipplin|confusion\n|move|p1a: Dipplin|Giga Drain|p2a: Hypno\n|-damage|p2a: Hypno|11/315\n|-heal|p1a: Dipplin|213/284 par|[from] drain|[of] p2a: Hypno\n|\n|-heal|p2a: Hypno|30/315|[from] item: Leftovers\n|upkeep\n|turn|53\n|\n|t:|1733802093\n|move|p2a: Hypno|Protect|p2a: Hypno\n|-singleturn|p2a: Hypno|Protect\n|move|p1a: Dipplin|Dragon Pulse|p2a: Hypno\n|-activate|p2a: Hypno|move: Protect\n|\n|-heal|p2a: Hypno|49/315|[from] item: Leftovers\n|upkeep\n|turn|54\n|\n|t:|1733802097\n|move|p2a: Hypno|Focus Blast|p1a: Dipplin|[miss]\n|-miss|p2a: Hypno|p1a: Dipplin\n|move|p1a: Dipplin|Dragon Pulse|p2a: Hypno\n|-damage|p2a: Hypno|0 fnt\n|faint|p2a: Hypno\n|\n|upkeep\n|\n|t:|1733802101\n|switch|p2a: Noivern|Noivern, L82, F, tera:Normal|169/274\n|turn|55\n|\n|t:|1733802108\n|move|p2a: Noivern|Hurricane|p1a: Dipplin\n|-resisted|p1a: Dipplin\n|-damage|p1a: Dipplin|176/284 par\n|move|p1a: Dipplin|Dragon Pulse|p2a: Noivern\n|-damage|p2a: Noivern|58/274\n|\n|upkeep\n|turn|56\n|\n|t:|1733802115\n|move|p2a: Noivern|Roost|p2a: Noivern\n|-heal|p2a: Noivern|195/274\n|cant|p1a: Dipplin|par\n|\n|upkeep\n|turn|57\n|\n|t:|1733802121\n|move|p2a: Noivern|Hurricane|p1a: Dipplin|[miss]\n|-miss|p2a: Noivern|p1a: Dipplin\n|cant|p1a: Dipplin|par\n|\n|upkeep\n|turn|58\n|\n|t:|1733802124\n|move|p2a: Noivern|Hurricane|p1a: Dipplin\n|-resisted|p1a: Dipplin\n|-crit|p1a: Dipplin\n|-damage|p1a: Dipplin|119/284 par\n|-start|p1a: Dipplin|confusion\n|-activate|p1a: Dipplin|confusion\n|-damage|p1a: Dipplin|97/284 par|[from] confusion\n|\n|upkeep\n|turn|59\n|\n|t:|1733802131\n|move|p2a: Noivern|Boomburst|p1a: Dipplin\n|-resisted|p1a: Dipplin\n|-damage|p1a: Dipplin|47/284 par\n|-activate|p1a: Dipplin|confusion\n|move|p1a: Dipplin|Recover|p1a: Dipplin\n|-heal|p1a: Dipplin|189/284 par\n|\n|upkeep\n|turn|60\n|\n|t:|1733802136\n|move|p2a: Noivern|Boomburst|p1a: Dipplin\n|-resisted|p1a: Dipplin\n|-damage|p1a: Dipplin|144/284 par\n|-end|p1a: Dipplin|confusion\n|move|p1a: Dipplin|Giga Drain|p2a: Noivern\n|-damage|p2a: Noivern|99/274\n|-heal|p1a: Dipplin|192/284 par|[from] drain|[of] p2a: Noivern\n|\n|upkeep\n|turn|61\n|\n|t:|1733802142\n|move|p2a: Noivern|Roost|p2a: Noivern\n|-heal|p2a: Noivern|236/274\n|move|p1a: Dipplin|Giga Drain|p2a: Noivern\n|-damage|p2a: Noivern|133/274\n|-heal|p1a: Dipplin|244/284 par|[from] drain|[of] p2a: Noivern\n|\n|upkeep\n|turn|62\n|\n|t:|1733802147\n|move|p2a: Noivern|Hurricane|p1a: Dipplin\n|-resisted|p1a: Dipplin\n|-damage|p1a: Dipplin|207/284 par\n|move|p1a: Dipplin|Giga Drain|p2a: Noivern\n|-damage|p2a: Noivern|45/274\n|-heal|p1a: Dipplin|251/284 par|[from] drain|[of] p2a: Noivern\n|\n|upkeep\n|turn|63\n|\n|t:|1733802153\n|move|p2a: Noivern|Roost|p2a: Noivern\n|-heal|p2a: Noivern|182/274\n|move|p1a: Dipplin|Giga Drain|p2a: Noivern\n|-damage|p2a: Noivern|92/274\n|-heal|p1a: Dipplin|284/284 par|[from] drain|[of] p2a: Noivern\n|\n|upkeep\n|turn|64\n|\n|t:|1733802157\n|move|p2a: Noivern|Roost|p2a: Noivern\n|-heal|p2a: Noivern|229/274\n|move|p1a: Dipplin|Dragon Pulse|p2a: Noivern\n|-damage|p2a: Noivern|118/274\n|\n|upkeep\n|turn|65\n|\n|t:|1733802160\n|move|p2a: Noivern|Roost|p2a: Noivern\n|-heal|p2a: Noivern|255/274\n|move|p1a: Dipplin|Dragon Pulse|p2a: Noivern\n|-damage|p2a: Noivern|147/274\n|\n|upkeep\n|turn|66\n|\n|t:|1733802163\n|move|p2a: Noivern|Hurricane|p1a: Dipplin\n|-resisted|p1a: Dipplin\n|-damage|p1a: Dipplin|247/284 par\n|cant|p1a: Dipplin|par\n|\n|upkeep\n|turn|67\n|\n|t:|1733802168\n|move|p2a: Noivern|Hurricane|p1a: Dipplin\n|-resisted|p1a: Dipplin\n|-damage|p1a: Dipplin|211/284 par\n|move|p1a: Dipplin|Dragon Pulse|p2a: Noivern\n|-damage|p2a: Noivern|39/274\n|\n|upkeep\n|turn|68\n|\n|t:|1733802174\n|move|p2a: Noivern|Roost|p2a: Noivern\n|-heal|p2a: Noivern|176/274\n|move|p1a: Dipplin|Dragon Pulse|p2a: Noivern\n|-damage|p2a: Noivern|62/274\n|\n|upkeep\n|turn|69\n|\n|t:|1733802178\n|move|p2a: Noivern|Roost|p2a: Noivern\n|-heal|p2a: Noivern|199/274\n|move|p1a: Dipplin|Dragon Pulse|p2a: Noivern\n|-damage|p2a: Noivern|93/274\n|\n|upkeep\n|turn|70\n|\n|t:|1733802183\n|move|p2a: Noivern|Hurricane|p1a: Dipplin\n|-resisted|p1a: Dipplin\n|-damage|p1a: Dipplin|172/284 par\n|move|p1a: Dipplin|Dragon Pulse|p2a: Noivern\n|-damage|p2a: Noivern|0 fnt\n|faint|p2a: Noivern\n|\n|win|Soul Gem\n|raw|Soul Gem's rating: 2239 &rarr; <strong>2264</strong><br />(+25 for winning)\n|raw|Saliva Soup's rating: 2322 &rarr; <strong>2297</strong><br />(-25 for losing)\n|l|\u2606Saliva Soup\n|player|p2|\n", "inputlog": ">version bfd83cad13791eb5a5a409923076391caf6fb4d4\n>start {\"formatid\":\"gen9randombattle\",\"seed\":[928,54203,45330,33507],\"rated\":\"Rated battle\"}\n>player p1 {\"name\":\"Soul Gem\",\"avatar\":\"misty\",\"rating\":2239,\"seed\":[1633,33174,16788,1305]}\n>player p2 {\"name\":\"Saliva Soup\",\"avatar\":\"101\",\"rating\":2322,\"seed\":[59965,31054,12093,2870]}\n>p1 move dragondance\n>p2 switch 4\n>p1 move liquidation\n>p2 move encore\n>p1 move liquidation\n>p2 move uturn\n>p2 switch 6\n>p1 move liquidation\n>p2 move hurricane\n>p1 switch 2\n>p2 move dracometeor\n>p1 move dazzlinggleam\n>p2 switch 4\n>p1 move superfang\n>p2 move voltswitch\n>p2 switch 3\n>p1 switch 2\n>p2 move iciclecrash\n>p1 switch 4\n>p1 move triattack\n>p2 switch 5\n>p1 switch 2\n>p2 move moonblast\n>p1 move thunderbolt\n>p2 switch 3\n>p1 move superfang\n>p2 move voltswitch\n>p2 switch 3\n>p1 move thunderbolt\n>p2 move moonblast\n>p1 switch 2\n>p1 move thunderbolt\n>p2 move moonblast\n>p1 move thunderbolt\n>p2 switch 3\n>p1 switch 6\n>p2 move voltswitch\n>p2 switch 2\n>p1 move dragontail terastallize\n>p2 move toxic\n>p1 move gigadrain\n>p2 move sacredsword\n>p1 move dragonpulse\n>p2 move sacredsword\n>p2 switch 2\n>p1 move recover\n>p2 move discharge\n>p1 move recover\n>p2 move discharge\n>p1 move gigadrain\n>p2 move voltswitch\n>p2 switch 3\n>p1 move recover\n>p2 move mysticalfire\n>p2 switch 4\n>p1 switch 3\n>p2 move boomburst terastallize\n>p1 move dragondance\n>p2 move dracometeor\n>p1 switch 6\n>p1 move triattack\n>p2 switch 3\n>p2 switch 5\n>p1 move triattack\n>p2 move focusblast\n>p1 switch 5\n>p1 move taunt\n>p2 move toxic\n>p1 move drainpunch\n>p2 move psychicnoise\n>p1 move ragefist\n>p2 move psychicnoise\n>p1 switch 3\n>p1 move gigadrain\n>p2 move protect\n>p1 move dragontail\n>p2 switch 3\n>p1 move gigadrain\n>p2 move hurricane\n>p1 move dragontail\n>p2 move roost\n>p1 move dragontail\n>p2 move hurricane\n>p1 move dragontail\n>p2 move hurricane\n>p1 move gigadrain\n>p2 move protect\n>p1 move dragonpulse\n>p2 move psychicnoise\n>p1 move dragontail\n>p2 move protect\n>p1 move dragontail\n>p2 move focusblast\n>p1 move recover\n>p2 switch 3\n>p1 move dragontail\n>p2 move protect\n>p1 move dragontail\n>p2 move focusblast\n>p1 move recover\n>p2 move hurricane\n>p1 move dragontail\n>p2 move boomburst\n>p1 move recover\n>p2 move boomburst\n>p1 move recover\n>p2 switch 3\n>p1 move dragontail\n>p2 move protect\n>p1 move dragontail\n>p2 move focusblast\n>p1 move recover\n>p2 move hurricane\n>p1 move gigadrain\n>p2 move hurricane\n>p1 move gigadrain\n>p2 switch 3\n>p1 move dragonpulse\n>p2 move protect\n>p1 move dragonpulse\n>p2 move focusblast\n>p2 switch 3\n>p1 move dragonpulse\n>p2 move hurricane\n>p1 move dragonpulse\n>p2 move roost\n>p1 move dragonpulse\n>p2 move hurricane\n>p1 move dragonpulse\n>p2 move hurricane\n>p1 move recover\n>p2 move boomburst\n>p1 move gigadrain\n>p2 move boomburst\n>p1 move gigadrain\n>p2 move roost\n>p1 move gigadrain\n>p2 move hurricane\n>p1 move gigadrain\n>p2 move roost\n>p1 move dragonpulse\n>p2 move roost\n>p1 move dragonpulse\n>p2 move roost\n>p1 move dragonpulse\n>p2 move hurricane\n>p1 move dragonpulse\n>p2 move hurricane\n>p1 move dragonpulse\n>p2 move roost\n>p1 move dragonpulse\n>p2 move roost\n>p1 move dragonpulse\n>p2 move hurricane", "uploadtime": 1733802191, "views": 15, "formatid": "gen9randombattle", "rating": 2264, "private": 0, "password": null}