{"id": "gen9randombattle-2259949736", "format": "[Gen 9] Random Battle", "players": ["ergsfgsdfgsdfg", "Nicoprow123"], "log": "|j|\u2606ergsfgsdfgsdfg\n|j|\u2606Nicoprow123\n|t:|1733783313\n|gametype|singles\n|player|p1|ergsfgsdfgsdfg|1|1071\n|player|p2|Nicoprow123|169|1096\n|teamsize|p1|6\n|teamsize|p2|6\n|gen|9\n|tier|[Gen 9] Random Battle\n|rated|\n|rule|Species Clause: Limit one of each Pok\u00e9mon\n|rule|HP Percentage Mod: HP is shown in percentages\n|rule|Sleep Clause Mod: Limit one foe put to sleep\n|rule|Illusion Level Mod: Illusion disguises the Pok\u00e9mon's true level\n|\n|t:|1733783313\n|start\n|switch|p1a: Jumpluff|Jumpluff, L87, M|271/271\n|switch|p2a: Dipplin|Dipplin, L88, M|284/284\n|turn|1\n|inactive|Battle timer is ON: inactive players will automatically lose when time's up. (requested by Nicoprow123)\n|\n|t:|1733783335\n|switch|p2a: Chi-Yu|Chi-Yu, L77|211/211\n|-ability|p2a: Chi-Yu|Beads of Ruin\n|move|p1a: Jumpluff|Acrobatics|p2a: Chi-Yu\n|-damage|p2a: Chi-Yu|109/211\n|\n|upkeep\n|turn|2\n|\n|t:|1733783352\n|switch|p1a: Stonjourner|Stonjourner, L91, M|330/330\n|move|p2a: Chi-Yu|Flamethrower|p1a: Stonjourner\n|-resisted|p1a: Stonjourner\n|-damage|p1a: Stonjourner|177/330\n|-status|p1a: Stonjourner|brn\n|\n|-damage|p1a: Stonjourner|157/330 brn|[from] brn\n|upkeep\n|turn|3\n|\n|t:|1733783364\n|move|p2a: Chi-Yu|Flamethrower|p1a: Stonjourner\n|-resisted|p1a: Stonjourner\n|-damage|p1a: Stonjourner|9/330 brn\n|move|p1a: Stonjourner|Earthquake|p2a: Chi-Yu\n|-supereffective|p2a: Chi-Yu\n|-damage|p2a: Chi-Yu|0 fnt\n|faint|p2a: Chi-Yu\n|-damage|p1a: Stonjourner|0 fnt|[from] item: Life Orb\n|faint|p1a: Stonjourner\n|\n|upkeep\n|\n|t:|1733783376\n|switch|p2a: Coalossal|Coalossal, L89, M|341/341\n|switch|p1a: Jumpluff|Jumpluff, L87, M|271/271\n|turn|4\n|\n|t:|1733783389\n|switch|p1a: Iron Bundle|Iron Bundle, L77|213/213\n|move|p2a: Coalossal|Flamethrower|p1a: Iron Bundle\n|-damage|p1a: Iron Bundle|93/213\n|\n|upkeep\n|turn|5\n|\n|t:|1733783405\n|switch|p2a: Regigigas|Regigigas, L84|322/322\n|-start|p2a: Regigigas|ability: Slow Start\n|move|p1a: Iron Bundle|Hydro Pump|p2a: Regigigas\n|-damage|p2a: Regigigas|171/322\n|\n|-heal|p2a: Regigigas|191/322|[from] item: Leftovers\n|upkeep\n|turn|6\n|\n|t:|1733783416\n|move|p1a: Iron Bundle|Hydro Pump|p2a: Regigigas|[miss]\n|-miss|p1a: Iron Bundle|p2a: Regigigas\n|move|p2a: Regigigas|Knock Off|p1a: Iron Bundle\n|-damage|p1a: Iron Bundle|46/213\n|-enditem|p1a: Iron Bundle|Choice Specs|[from] move: Knock Off|[of] p2a: Regigigas\n|\n|-heal|p2a: Regigigas|211/322|[from] item: Leftovers\n|upkeep\n|turn|7\n|\n|t:|1733783424\n|move|p1a: Iron Bundle|Flip Turn|p2a: Regigigas\n|-damage|p2a: Regigigas|171/322\n|\n|t:|1733783427\n|-end|p1a: Iron Bundle|Quark Drive|[silent]\n|switch|p1a: Dusknoir|Dusknoir, L89, F|225/225|[from] Flip Turn\n|-item|p2a: Regigigas|Leftovers|[from] ability: Frisk|[of] p1a: Dusknoir\n|move|p2a: Regigigas|Body Slam|p1a: Dusknoir\n|-immune|p1a: Dusknoir\n|\n|-heal|p2a: Regigigas|191/322|[from] item: Leftovers\n|upkeep\n|turn|8\n|\n|t:|1733783439\n|move|p1a: Dusknoir|Earthquake|p2a: Regigigas\n|-crit|p2a: Regigigas\n|-damage|p2a: Regigigas|89/322\n|move|p2a: Regigigas|Knock Off|p1a: Dusknoir\n|-supereffective|p1a: Dusknoir\n|-damage|p1a: Dusknoir|157/225\n|-enditem|p1a: Dusknoir|Leftovers|[from] move: Knock Off|[of] p2a: Regigigas\n|\n|-heal|p2a: Regigigas|109/322|[from] item: Leftovers\n|upkeep\n|turn|9\n|\n|t:|1733783456\n|move|p1a: Dusknoir|Will-O-Wisp|p2a: Regigigas\n|-status|p2a: Regigigas|brn\n|move|p2a: Regigigas|Rest|p2a: Regigigas\n|-status|p2a: Regigigas|slp|[from] move: Rest\n|-heal|p2a: Regigigas|322/322 slp|[silent]\n|\n|upkeep\n|turn|10\n|\n|t:|1733783464\n|move|p1a: Dusknoir|Earthquake|p2a: Regigigas\n|-damage|p2a: Regigigas|259/322 slp\n|cant|p2a: Regigigas|slp\n|move|p2a: Regigigas|Sleep Talk|p2a: Regigigas\n|move|p2a: Regigigas|Rest||[from]move: Sleep Talk|[still]\n|-fail|p2a: Regigigas\n|\n|-heal|p2a: Regigigas|279/322 slp|[from] item: Leftovers\n|-end|p2a: Regigigas|Slow Start\n|upkeep\n|turn|11\n|\n|t:|1733783473\n|cant|p2a: Regigigas|slp\n|move|p2a: Regigigas|Sleep Talk|p2a: Regigigas\n|move|p2a: Regigigas|Rest||[from]move: Sleep Talk|[still]\n|-fail|p2a: Regigigas\n|move|p1a: Dusknoir|Earthquake|p2a: Regigigas\n|-damage|p2a: Regigigas|208/322 slp\n|\n|-heal|p2a: Regigigas|228/322 slp|[from] item: Leftovers\n|upkeep\n|turn|12\n|\n|t:|1733783484\n|-curestatus|p2a: Regigigas|slp|[msg]\n|move|p2a: Regigigas|Sleep Talk||[still]\n|-fail|p2a: Regigigas\n|move|p1a: Dusknoir|Earthquake|p2a: Regigigas\n|-damage|p2a: Regigigas|158/322\n|\n|-heal|p2a: Regigigas|178/322|[from] item: Leftovers\n|upkeep\n|turn|13\n|\n|t:|1733783499\n|switch|p1a: Chien-Pao|Chien-Pao, L72|234/234\n|-ability|p1a: Chien-Pao|Sword of Ruin\n|-terastallize|p2a: Regigigas|Ghost\n|move|p2a: Regigigas|Knock Off|p1a: Chien-Pao\n|-resisted|p1a: Chien-Pao\n|-damage|p1a: Chien-Pao|173/234\n|-enditem|p1a: Chien-Pao|Choice Band|[from] move: Knock Off|[of] p2a: Regigigas\n|\n|-heal|p2a: Regigigas|198/322|[from] item: Leftovers\n|upkeep\n|turn|14\n|\n|t:|1733783512\n|move|p1a: Chien-Pao|Throat Chop|p2a: Regigigas\n|-supereffective|p2a: Regigigas\n|-damage|p2a: Regigigas|34/322\n|-start|p2a: Regigigas|Throat Chop|[silent]\n|move|p2a: Regigigas|Body Slam|p1a: Chien-Pao\n|-damage|p1a: Chien-Pao|19/234\n|-status|p1a: Chien-Pao|par\n|\n|-heal|p2a: Regigigas|54/322|[from] item: Leftovers\n|upkeep\n|turn|15\n|\n|t:|1733783521\n|move|p2a: Regigigas|Rest|p2a: Regigigas\n|-status|p2a: Regigigas|slp|[from] move: Rest\n|-heal|p2a: Regigigas|322/322 slp|[silent]\n|move|p1a: Chien-Pao|Throat Chop|p2a: Regigigas\n|-supereffective|p2a: Regigigas\n|-damage|p2a: Regigigas|152/322 slp\n|\n|-heal|p2a: Regigigas|172/322 slp|[from] item: Leftovers\n|-end|p2a: Regigigas|Throat Chop|[silent]\n|upkeep\n|turn|16\n|\n|t:|1733783529\n|cant|p2a: Regigigas|slp\n|move|p2a: Regigigas|Sleep Talk|p2a: Regigigas\n|move|p2a: Regigigas|Knock Off|p1a: Chien-Pao|[from]move: Sleep Talk\n|-resisted|p1a: Chien-Pao\n|-damage|p1a: Chien-Pao|0 fnt\n|faint|p1a: Chien-Pao\n|\n|-heal|p2a: Regigigas|192/322 slp|[from] item: Leftovers\n|upkeep\n|\n|t:|1733783540\n|switch|p1a: Dusknoir|Dusknoir, L89, F|157/225\n|-item|p2a: Regigigas|Leftovers|[from] ability: Frisk|[of] p1a: Dusknoir\n|turn|17\n|\n|t:|1733783550\n|cant|p2a: Regigigas|slp\n|move|p2a: Regigigas|Sleep Talk|p2a: Regigigas\n|move|p2a: Regigigas|Knock Off|p1a: Dusknoir|[from]move: Sleep Talk\n|-supereffective|p1a: Dusknoir\n|-damage|p1a: Dusknoir|71/225\n|move|p1a: Dusknoir|Poltergeist|p2a: Regigigas\n|-activate|p2a: Regigigas|move: Poltergeist|Leftovers\n|-supereffective|p2a: Regigigas\n|-damage|p2a: Regigigas|0 fnt\n|faint|p2a: Regigigas\n|-end|p2a: Regigigas|Slow Start|[silent]\n|\n|upkeep\n|\n|t:|1733783560\n|switch|p2a: Mew|Mew, L82|298/298\n|turn|18\n|\n|t:|1733783569\n|move|p2a: Mew|Psychic|p1a: Dusknoir\n|-damage|p1a: Dusknoir|0 fnt\n|faint|p1a: Dusknoir\n|-damage|p2a: Mew|269/298|[from] item: Life Orb\n|\n|upkeep\n|\n|t:|1733783582\n|switch|p1a: Jumpluff|Jumpluff, L87, M|271/271\n|turn|19\n|\n|t:|1733783588\n|move|p1a: Jumpluff|Acrobatics|p2a: Mew\n|-damage|p2a: Mew|188/298\n|move|p2a: Mew|Bug Buzz|p1a: Jumpluff\n|-damage|p1a: Jumpluff|197/271\n|-damage|p2a: Mew|159/298|[from] item: Life Orb\n|\n|upkeep\n|turn|20\n|\n|t:|1733783604\n|switch|p2a: Moltres|Moltres-Galar, L79|271/271\n|move|p1a: Jumpluff|Leech Seed|p2a: Moltres\n|-start|p2a: Moltres|move: Leech Seed\n|\n|-damage|p2a: Moltres|238/271|[from] Leech Seed|[of] p1a: Jumpluff\n|-heal|p1a: Jumpluff|230/271|[silent]\n|upkeep\n|turn|21\n|\n|t:|1733783617\n|switch|p1a: Iron Bundle|Iron Bundle, L77|46/213\n|move|p2a: Moltres|Fiery Wrath|p1a: Iron Bundle\n|-damage|p1a: Iron Bundle|0 fnt\n|faint|p1a: Iron Bundle\n|-end|p1a: Iron Bundle|Quark Drive|[silent]\n|\n|upkeep\n|\n|t:|1733783624\n|switch|p1a: Serperior|Serperior, L79, M|248/248\n|turn|22\n|\n|t:|1733783630\n|-terastallize|p1a: Serperior|Dragon\n|move|p1a: Serperior|Dragon Pulse|p2a: Moltres\n|-damage|p2a: Moltres|168/271\n|-damage|p1a: Serperior|224/248|[from] item: Life Orb\n|move|p2a: Moltres|Hurricane|p1a: Serperior|[miss]\n|-miss|p2a: Moltres|p1a: Serperior\n|\n|-damage|p2a: Moltres|135/271|[from] Leech Seed|[of] p1a: Serperior\n|-heal|p1a: Serperior|248/248|[silent]\n|upkeep\n|turn|23\n|\n|t:|1733783642\n|move|p1a: Serperior|Glare|p2a: Moltres\n|-status|p2a: Moltres|par\n|move|p2a: Moltres|Hurricane|p1a: Serperior\n|-damage|p1a: Serperior|151/248\n|\n|-damage|p2a: Moltres|102/271 par|[from] Leech Seed|[of] p1a: Serperior\n|-heal|p1a: Serperior|184/248|[silent]\n|upkeep\n|turn|24\n|\n|t:|1733783653\n|move|p1a: Serperior|Dragon Pulse|p2a: Moltres\n|-damage|p2a: Moltres|34/271 par\n|-damage|p1a: Serperior|160/248|[from] item: Life Orb\n|move|p2a: Moltres|Rest|p2a: Moltres\n|-status|p2a: Moltres|slp|[from] move: Rest\n|-heal|p2a: Moltres|271/271 slp|[silent]\n|-enditem|p2a: Moltres|Chesto Berry|[eat]\n|-curestatus|p2a: Moltres|slp|[msg]\n|\n|-damage|p2a: Moltres|238/271|[from] Leech Seed|[of] p1a: Serperior\n|-heal|p1a: Serperior|193/248|[silent]\n|upkeep\n|turn|25\n|\n|t:|1733783665\n|move|p1a: Serperior|Glare|p2a: Moltres\n|-status|p2a: Moltres|par\n|move|p2a: Moltres|Fiery Wrath|p1a: Serperior\n|-damage|p1a: Serperior|102/248\n|\n|-damage|p2a: Moltres|205/271 par|[from] Leech Seed|[of] p1a: Serperior\n|-heal|p1a: Serperior|135/248|[silent]\n|upkeep\n|turn|26\n|\n|t:|1733783673\n|move|p1a: Serperior|Synthesis|p1a: Serperior\n|-heal|p1a: Serperior|248/248\n|move|p2a: Moltres|Fiery Wrath|p1a: Serperior\n|-damage|p1a: Serperior|164/248\n|\n|-damage|p2a: Moltres|172/271 par|[from] Leech Seed|[of] p1a: Serperior\n|-heal|p1a: Serperior|197/248|[silent]\n|upkeep\n|turn|27\n|\n|t:|1733783680\n|move|p1a: Serperior|Dragon Pulse|p2a: Moltres\n|-damage|p2a: Moltres|97/271 par\n|-ability|p2a: Moltres|Berserk|boost\n|-boost|p2a: Moltres|spa|1\n|-damage|p1a: Serperior|173/248|[from] item: Life Orb\n|move|p2a: Moltres|Fiery Wrath|p1a: Serperior\n|-damage|p1a: Serperior|52/248\n|\n|-damage|p2a: Moltres|64/271 par|[from] Leech Seed|[of] p1a: Serperior\n|-heal|p1a: Serperior|85/248|[silent]\n|upkeep\n|turn|28\n|\n|t:|1733783691\n|move|p1a: Serperior|Synthesis|p1a: Serperior\n|-heal|p1a: Serperior|209/248\n|move|p2a: Moltres|Rest|p2a: Moltres\n|-status|p2a: Moltres|slp|[from] move: Rest\n|-heal|p2a: Moltres|271/271 slp|[silent]\n|\n|-damage|p2a: Moltres|238/271 slp|[from] Leech Seed|[of] p1a: Serperior\n|-heal|p1a: Serperior|242/248|[silent]\n|upkeep\n|turn|29\n|\n|t:|1733783699\n|move|p1a: Serperior|Dragon Pulse|p2a: Moltres\n|-damage|p2a: Moltres|168/271 slp\n|-damage|p1a: Serperior|218/248|[from] item: Life Orb\n|cant|p2a: Moltres|slp\n|\n|-damage|p2a: Moltres|135/271 slp|[from] Leech Seed|[of] p1a: Serperior\n|-heal|p1a: Serperior|248/248|[silent]\n|upkeep\n|turn|30\n|\n|t:|1733783707\n|move|p1a: Serperior|Dragon Pulse|p2a: Moltres\n|-damage|p2a: Moltres|71/271 slp\n|-damage|p1a: Serperior|224/248|[from] item: Life Orb\n|cant|p2a: Moltres|slp\n|\n|-damage|p2a: Moltres|38/271 slp|[from] Leech Seed|[of] p1a: Serperior\n|-heal|p1a: Serperior|248/248|[silent]\n|upkeep\n|turn|31\n|\n|t:|1733783715\n|move|p1a: Serperior|Dragon Pulse|p2a: Moltres\n|-damage|p2a: Moltres|0 fnt\n|faint|p2a: Moltres\n|-damage|p1a: Serperior|224/248|[from] item: Life Orb\n|\n|upkeep\n|\n|t:|1733783719\n|switch|p2a: Coalossal|Coalossal, L89, M|341/341\n|turn|32\n|\n|t:|1733783723\n|move|p1a: Serperior|Glare|p2a: Coalossal\n|-status|p2a: Coalossal|par\n|cant|p2a: Coalossal|par\n|\n|upkeep\n|turn|33\n|\n|t:|1733783728\n|move|p1a: Serperior|Dragon Pulse|p2a: Coalossal\n|-damage|p2a: Coalossal|266/341 par\n|-damage|p1a: Serperior|200/248|[from] item: Life Orb\n|move|p2a: Coalossal|Flamethrower|p1a: Serperior\n|-resisted|p1a: Serperior\n|-damage|p1a: Serperior|153/248\n|\n|upkeep\n|turn|34\n|\n|t:|1733783740\n|move|p1a: Serperior|Dragon Pulse|p2a: Coalossal\n|-damage|p2a: Coalossal|184/341 par\n|-damage|p1a: Serperior|129/248|[from] item: Life Orb\n|move|p2a: Coalossal|Stone Edge|p1a: Serperior\n|-damage|p1a: Serperior|33/248\n|\n|upkeep\n|turn|35\n|\n|t:|1733783747\n|move|p1a: Serperior|Synthesis|p1a: Serperior\n|-heal|p1a: Serperior|157/248\n|move|p2a: Coalossal|Stone Edge|p1a: Serperior|[miss]\n|-miss|p2a: Coalossal|p1a: Serperior\n|\n|upkeep\n|turn|36\n|\n|t:|1733783752\n|move|p1a: Serperior|Dragon Pulse|p2a: Coalossal\n|-damage|p2a: Coalossal|101/341 par\n|-damage|p1a: Serperior|133/248|[from] item: Life Orb\n|move|p2a: Coalossal|Stone Edge|p1a: Serperior\n|-damage|p1a: Serperior|27/248\n|\n|upkeep\n|turn|37\n|\n|t:|1733783758\n|move|p1a: Serperior|Synthesis|p1a: Serperior\n|-heal|p1a: Serperior|151/248\n|move|p2a: Coalossal|Stone Edge|p1a: Serperior\n|-damage|p1a: Serperior|54/248\n|\n|upkeep\n|turn|38\n|\n|t:|1733783765\n|move|p1a: Serperior|Dragon Pulse|p2a: Coalossal\n|-damage|p2a: Coalossal|23/341 par\n|-damage|p1a: Serperior|30/248|[from] item: Life Orb\n|move|p2a: Coalossal|Stone Edge|p1a: Serperior|[miss]\n|-miss|p2a: Coalossal|p1a: Serperior\n|\n|upkeep\n|turn|39\n|\n|t:|1733783773\n|move|p1a: Serperior|Synthesis|p1a: Serperior\n|-heal|p1a: Serperior|154/248\n|move|p2a: Coalossal|Rapid Spin|p1a: Serperior\n|-damage|p1a: Serperior|120/248\n|-boost|p2a: Coalossal|spe|1\n|\n|upkeep\n|turn|40\n|\n|t:|1733783783\n|move|p1a: Serperior|Dragon Pulse|p2a: Coalossal\n|-crit|p2a: Coalossal\n|-damage|p2a: Coalossal|0 fnt\n|faint|p2a: Coalossal\n|-damage|p1a: Serperior|96/248|[from] item: Life Orb\n|\n|upkeep\n|\n|t:|1733783789\n|switch|p2a: Mew|Mew, L82|159/298\n|turn|41\n|\n|t:|1733783795\n|move|p1a: Serperior|Synthesis|p1a: Serperior\n|-heal|p1a: Serperior|220/248\n|move|p2a: Mew|Bug Buzz|p1a: Serperior\n|-damage|p1a: Serperior|145/248\n|-damage|p2a: Mew|130/298|[from] item: Life Orb\n|\n|upkeep\n|turn|42\n|\n|t:|1733783806\n|move|p1a: Serperior|Dragon Pulse|p2a: Mew\n|-damage|p2a: Mew|47/298\n|-damage|p1a: Serperior|121/248|[from] item: Life Orb\n|move|p2a: Mew|Earth Power|p1a: Serperior\n|-damage|p1a: Serperior|39/248\n|-damage|p2a: Mew|18/298|[from] item: Life Orb\n|\n|upkeep\n|turn|43\n|\n|t:|1733783815\n|move|p1a: Serperior|Synthesis|p1a: Serperior\n|-heal|p1a: Serperior|163/248\n|move|p2a: Mew|Nasty Plot|p2a: Mew\n|-boost|p2a: Mew|spa|2\n|\n|upkeep\n|turn|44\n|\n|t:|1733783821\n|move|p1a: Serperior|Dragon Pulse|p2a: Mew\n|-damage|p2a: Mew|0 fnt\n|faint|p2a: Mew\n|-damage|p1a: Serperior|139/248|[from] item: Life Orb\n|\n|upkeep\n|\n|t:|1733783826\n|switch|p2a: Dipplin|Dipplin, L88, M|284/284\n|turn|45\n|\n|t:|1733783835\n|move|p1a: Serperior|Dragon Pulse|p2a: Dipplin\n|-supereffective|p2a: Dipplin\n|-damage|p2a: Dipplin|172/284\n|-damage|p1a: Serperior|115/248|[from] item: Life Orb\n|move|p2a: Dipplin|Dragon Pulse|p1a: Serperior\n|-supereffective|p1a: Serperior\n|-damage|p1a: Serperior|0 fnt\n|faint|p1a: Serperior\n|\n|upkeep\n|\n|t:|1733783843\n|switch|p1a: Jumpluff|Jumpluff, L87, M|230/271\n|turn|46\n|\n|t:|1733783850\n|move|p1a: Jumpluff|Acrobatics|p2a: Dipplin\n|-supereffective|p2a: Dipplin\n|-damage|p2a: Dipplin|86/284\n|move|p2a: Dipplin|Dragon Pulse|p1a: Jumpluff\n|-damage|p1a: Jumpluff|148/271\n|\n|upkeep\n|turn|47\n|\n|t:|1733783858\n|move|p1a: Jumpluff|Acrobatics|p2a: Dipplin\n|-supereffective|p2a: Dipplin\n|-damage|p2a: Dipplin|2/284\n|move|p2a: Dipplin|Giga Drain|p1a: Jumpluff\n|-resisted|p1a: Jumpluff\n|-damage|p1a: Jumpluff|127/271\n|-heal|p2a: Dipplin|13/284|[from] drain|[of] p1a: Jumpluff\n|\n|upkeep\n|turn|48\n|\n|t:|1733783867\n|move|p1a: Jumpluff|Acrobatics|p2a: Dipplin\n|-supereffective|p2a: Dipplin\n|-damage|p2a: Dipplin|0 fnt\n|faint|p2a: Dipplin\n|\n|win|ergsfgsdfgsdfg\n|raw|ergsfgsdfgsdfg's rating: 1071 &rarr; <strong>1102</strong><br />(+31 for winning)\n|raw|Nicoprow123's rating: 1096 &rarr; <strong>1070</strong><br />(-26 for losing)\n|l|\u2606Nicoprow123\n|player|p2|\n", "inputlog": ">version bfd83cad13791eb5a5a409923076391caf6fb4d4\n>start {\"formatid\":\"gen9randombattle\",\"seed\":[59770,15634,50888,48068],\"rated\":\"Rated battle\"}\n>player p1 {\"name\":\"ergsfgsdfgsdfg\",\"avatar\":\"1\",\"rating\":1071,\"seed\":[47999,41819,61507,30893]}\n>player p2 {\"name\":\"Nicoprow123\",\"avatar\":\"169\",\"rating\":1096,\"seed\":[64792,43018,36221,59786]}\n>p1 move acrobatics\n>p2 switch 4\n>p1 switch 5\n>p2 move flamethrower\n>p1 move earthquake\n>p2 move flamethrower\n>p1 switch 5\n>p2 switch 3\n>p1 switch 3\n>p2 move flamethrower\n>p1 move hydropump\n>p2 switch 6\n>p1 move hydropump\n>p2 move knockoff\n>p1 move flipturn\n>p2 move bodyslam\n>p1 switch 6\n>p1 move earthquake\n>p2 move knockoff\n>p1 move willowisp\n>p2 move rest\n>p1 move earthquake\n>p2 move sleeptalk\n>p1 move earthquake\n>p2 move sleeptalk\n>p1 move earthquake\n>p2 move sleeptalk\n>p1 switch 2\n>p2 move knockoff terastallize\n>p1 move throatchop\n>p2 move bodyslam\n>p1 move throatchop\n>p2 move rest\n>p1 move throatchop\n>p2 move sleeptalk\n>p1 switch 2\n>p1 move poltergeist\n>p2 move sleeptalk\n>p2 switch 5\n>p1 move poltergeist\n>p2 move psychic\n>p1 switch 3\n>p1 move acrobatics\n>p2 move bugbuzz\n>p1 move leechseed\n>p2 switch 2\n>p1 switch 6\n>p2 move fierywrath\n>p1 switch 4\n>p1 move dragonpulse terastallize\n>p2 move hurricane\n>p1 move glare\n>p2 move hurricane\n>p1 move dragonpulse\n>p2 move rest\n>p1 move glare\n>p2 move fierywrath\n>p1 move synthesis\n>p2 move fierywrath\n>p1 move dragonpulse\n>p2 move fierywrath\n>p1 move synthesis\n>p2 move rest\n>p1 move dragonpulse\n>p2 move fierywrath\n>p1 move dragonpulse\n>p2 move fierywrath\n>p1 move dragonpulse\n>p2 move fierywrath\n>p2 switch 6\n>p1 move glare\n>p2 move flamethrower\n>p1 move dragonpulse\n>p2 move flamethrower\n>p1 move dragonpulse\n>p2 move stoneedge\n>p1 move synthesis\n>p2 move stoneedge\n>p1 move dragonpulse\n>p2 move stoneedge\n>p1 move synthesis\n>p2 move stoneedge\n>p1 move dragonpulse\n>p2 move stoneedge\n>p1 move synthesis\n>p2 move rapidspin\n>p1 move dragonpulse\n>p2 move willowisp\n>p2 switch 2\n>p1 move synthesis\n>p2 move bugbuzz\n>p1 move dragonpulse\n>p2 move earthpower\n>p1 move synthesis\n>p2 move nastyplot\n>p1 move dragonpulse\n>p2 move psychic\n>p2 switch 4\n>p1 move dragonpulse\n>p2 move dragonpulse\n>p1 switch 6\n>p1 move acrobatics\n>p2 move dragonpulse\n>p1 move acrobatics\n>p2 move gigadrain\n>p1 move acrobatics\n>p2 move dragontail", "uploadtime": 1733783913, "views": 18, "formatid": "gen9randombattle", "rating": 1070, "private": 0, "password": null}