{"id": "gen9randombattle-2260487191", "format": "[Gen 9] Random Battle", "players": ["2b2t0", "iSHATKK"], "log": "|j|\u26062b2t0\n|j|\u2606iSHATKK\n|t:|1733856336\n|gametype|singles\n|player|p1|2b2t0|265|1516\n|player|p2|iSHATKK|ghetsis-gen5bw|1504\n|teamsize|p1|6\n|teamsize|p2|6\n|gen|9\n|tier|[Gen 9] Random Battle\n|rated|\n|rule|Species Clause: Limit one of each Pok\u00e9mon\n|rule|HP Percentage Mod: HP is shown in percentages\n|rule|Sleep Clause Mod: Limit one foe put to sleep\n|rule|Illusion Level Mod: Illusion disguises the Pok\u00e9mon's true level\n|\n|t:|1733856336\n|start\n|switch|p1a: Zangoose|Zangoose, L85, M|263/263\n|switch|p2a: Deoxys|Deoxys-Defense, L84|221/221\n|-ability|p2a: Deoxys|Pressure\n|turn|1\n|inactive|Battle timer is ON: inactive players will automatically lose when time's up. (requested by iSHATKK)\n|\n|t:|1733856353\n|switch|p2a: Breloom|Breloom, L82, M|233/233\n|move|p1a: Zangoose|Knock Off|p2a: Breloom\n|-resisted|p2a: Breloom\n|-damage|p2a: Breloom|185/233\n|-enditem|p2a: Breloom|Life Orb|[from] move: Knock Off|[of] p1a: Zangoose\n|\n|-status|p1a: Zangoose|tox|[from] item: Toxic Orb\n|upkeep\n|turn|2\n|\n|t:|1733856365\n|switch|p1a: Stonjourner|Stonjourner, L91, M|330/330\n|move|p2a: Breloom|Mach Punch|p1a: Stonjourner\n|-supereffective|p1a: Stonjourner\n|-damage|p1a: Stonjourner|222/330\n|\n|upkeep\n|turn|3\n|l|\u26062b2t0\n|inactive|2b2t0 disconnected and has a minute to reconnect!\n|player|p1|\n|\n|t:|1733856389\n|-terastallize|p2a: Breloom|Rock\n|move|p1a: Stonjourner|Heat Crash|p2a: Breloom\n|-resisted|p2a: Breloom\n|-damage|p2a: Breloom|97/233\n|-damage|p1a: Stonjourner|189/330|[from] item: Life Orb\n|move|p2a: Breloom|Swords Dance|p2a: Breloom\n|-boost|p2a: Breloom|atk|2\n|\n|upkeep\n|turn|4\n|j|\u26062b2t0\n|inactive|2b2t0 reconnected and has 150 seconds left.\n|player|p1|2b2t0|265|\n|l|\u26062b2t0\n|inactive|2b2t0 disconnected and has a minute to reconnect!\n|player|p1|\n|j|\u26062b2t0\n|inactive|2b2t0 reconnected and has 130 seconds left.\n|player|p1|2b2t0|265|\n|inactive|2b2t0 has 120 seconds left.\n|\n|t:|1733856428\n|switch|p1a: Lunala|Lunala, L70|308/308\n|move|p2a: Breloom|Mach Punch|p1a: Lunala\n|-immune|p1a: Lunala\n|\n|upkeep\n|turn|5\n|inactive|2b2t0 has 120 seconds left.\n|\n|t:|1733856437\n|move|p1a: Lunala|Psyshock|p2a: Breloom\n|-damage|p2a: Breloom|4/233\n|move|p2a: Breloom|Bullet Seed|p1a: Lunala\n|-damage|p1a: Lunala|254/308\n|-damage|p1a: Lunala|136/308\n|-damage|p1a: Lunala|19/308\n|-hitcount|p1a: Lunala|3\n|\n|-heal|p1a: Lunala|38/308|[from] item: Leftovers\n|upkeep\n|turn|6\n|l|\u26062b2t0\n|inactive|2b2t0 disconnected and has a minute to reconnect!\n|player|p1|\n|\n|t:|1733856451\n|move|p1a: Lunala|Moongeist Beam|p2a: Breloom\n|-damage|p2a: Breloom|0 fnt\n|faint|p2a: Breloom\n|\n|-heal|p1a: Lunala|57/308|[from] item: Leftovers\n|upkeep\n|j|\u26062b2t0\n|inactive|2b2t0 reconnected.\n|player|p1|2b2t0|265|\n|\n|t:|1733856462\n|switch|p2a: Deoxys|Deoxys-Defense, L84|221/221\n|-ability|p2a: Deoxys|Pressure\n|turn|7\n|\n|t:|1733856475\n|move|p2a: Deoxys|Knock Off|p1a: Lunala\n|-supereffective|p1a: Lunala\n|-damage|p1a: Lunala|0 fnt\n|-enditem|p1a: Lunala|Leftovers|[from] move: Knock Off|[of] p2a: Deoxys\n|faint|p1a: Lunala\n|\n|upkeep\n|\n|t:|1733856487\n|switch|p1a: Zangoose|Zangoose, L85, M|263/263 tox\n|turn|8\n|\n|t:|1733856498\n|switch|p2a: Stonjourner|Stonjourner, L91, M|330/330\n|move|p1a: Zangoose|Knock Off|p2a: Stonjourner\n|-damage|p2a: Stonjourner|243/330\n|-enditem|p2a: Stonjourner|Life Orb|[from] move: Knock Off|[of] p1a: Zangoose\n|\n|-damage|p1a: Zangoose|247/263 tox|[from] psn\n|upkeep\n|turn|9\n|\n|t:|1733856524\n|move|p1a: Zangoose|Close Combat|p2a: Stonjourner\n|-supereffective|p2a: Stonjourner\n|-damage|p2a: Stonjourner|45/330\n|-unboost|p1a: Zangoose|def|1\n|-unboost|p1a: Zangoose|spd|1\n|move|p2a: Stonjourner|Earthquake|p1a: Zangoose\n|-damage|p1a: Zangoose|55/263 tox\n|\n|-damage|p1a: Zangoose|23/263 tox|[from] psn\n|upkeep\n|turn|10\n|\n|t:|1733856536\n|switch|p2a: Deoxys|Deoxys-Defense, L84|221/221\n|-ability|p2a: Deoxys|Pressure\n|move|p1a: Zangoose|Knock Off|p2a: Deoxys\n|-supereffective|p2a: Deoxys\n|-damage|p2a: Deoxys|81/221\n|-enditem|p2a: Deoxys|Leftovers|[from] move: Knock Off|[of] p1a: Zangoose\n|\n|-damage|p1a: Zangoose|0 fnt|[from] psn\n|faint|p1a: Zangoose\n|upkeep\n|inactive|2b2t0 has 120 seconds left.\n|\n|t:|1733856548\n|switch|p1a: Persian|Persian, L92, F|269/269\n|turn|11\n|\n|t:|1733856565\n|move|p1a: Persian|U-turn|p2a: Deoxys\n|-supereffective|p2a: Deoxys\n|-damage|p2a: Deoxys|0 fnt\n|faint|p2a: Deoxys\n|inactive|2b2t0 has 120 seconds left.\n|\n|t:|1733856605\n|switch|p1a: Dondozo|Dondozo, L78, F|362/362|[from] U-turn\n|\n|upkeep\n|\n|t:|1733856619\n|switch|p2a: Gogoat|Gogoat, L88, M|360/360\n|turn|12\n|inactive|2b2t0 has 90 seconds left.\n|\n|t:|1733856652\n|switch|p1a: Haxorus|Haxorus, L77, F|244/244\n|-ability|p1a: Haxorus|Mold Breaker\n|move|p2a: Gogoat|Bulk Up|p2a: Gogoat\n|-boost|p2a: Gogoat|atk|1\n|-boost|p2a: Gogoat|def|1\n|\n|upkeep\n|turn|13\n|\n|t:|1733856663\n|move|p1a: Haxorus|Swords Dance|p1a: Haxorus\n|-boost|p1a: Haxorus|atk|2\n|move|p2a: Gogoat|Earthquake|p1a: Haxorus\n|-damage|p1a: Haxorus|110/244\n|\n|upkeep\n|turn|14\n|inactive|2b2t0 has 90 seconds left.\n|\n|t:|1733856685\n|move|p1a: Haxorus|Iron Head|p2a: Gogoat\n|-damage|p2a: Gogoat|260/360\n|move|p2a: Gogoat|Earthquake|p1a: Haxorus\n|-damage|p1a: Haxorus|0 fnt\n|faint|p1a: Haxorus\n|\n|-heal|p2a: Gogoat|282/360|[from] item: Leftovers\n|upkeep\n|inactive|2b2t0 has 60 seconds left.\n|\n|t:|1733856710\n|switch|p1a: Dondozo|Dondozo, L78, F|362/362\n|turn|15\n|\n|t:|1733856713\n|-terastallize|p1a: Dondozo|Fairy\n|move|p2a: Gogoat|Horn Leech|p1a: Dondozo\n|-damage|p1a: Dondozo|281/362\n|-heal|p2a: Gogoat|323/360|[from] drain|[of] p1a: Dondozo\n|move|p1a: Dondozo|Curse|p1a: Dondozo\n|-unboost|p1a: Dondozo|spe|1\n|-boost|p1a: Dondozo|atk|1\n|-boost|p1a: Dondozo|def|1\n|\n|-heal|p2a: Gogoat|345/360|[from] item: Leftovers\n|-heal|p1a: Dondozo|303/362|[from] item: Leftovers\n|upkeep\n|turn|16\n|\n|t:|1733856729\n|switch|p2a: Pikachu|Pikachu-Alola, L93, M|216/216\n|move|p1a: Dondozo|Curse|p1a: Dondozo\n|-unboost|p1a: Dondozo|spe|1\n|-boost|p1a: Dondozo|atk|1\n|-boost|p1a: Dondozo|def|1\n|\n|-heal|p1a: Dondozo|325/362|[from] item: Leftovers\n|upkeep\n|turn|17\n|inactive|2b2t0 has 60 seconds left.\n|\n|t:|1733856778\n|move|p2a: Pikachu|Surf|p1a: Dondozo\n|-damage|p1a: Dondozo|189/362\n|move|p1a: Dondozo|Wave Crash|p2a: Pikachu\n|-damage|p2a: Pikachu|0 fnt\n|faint|p2a: Pikachu\n|-damage|p1a: Dondozo|118/362|[from] Recoil\n|\n|-heal|p1a: Dondozo|140/362|[from] item: Leftovers\n|upkeep\n|\n|t:|1733856791\n|switch|p2a: Infernape|Infernape, L82, M|259/259\n|turn|18\n|inactive|2b2t0 has 30 seconds left.\n|\n|t:|1733856823\n|move|p2a: Infernape|Overheat|p1a: Dondozo\n|-damage|p1a: Dondozo|0 fnt\n|-unboost|p2a: Infernape|spa|2\n|faint|p1a: Dondozo\n|-damage|p2a: Infernape|234/259|[from] item: Life Orb\n|\n|upkeep\n|inactive|2b2t0 has 30 seconds left this turn.\n|\n|t:|1733856831\n|switch|p1a: Stonjourner|Stonjourner, L91, M|189/330\n|turn|19\n|inactive|2b2t0 has 30 seconds left.\n|\n|t:|1733856838\n|move|p2a: Infernape|Close Combat|p1a: Stonjourner\n|-supereffective|p1a: Stonjourner\n|-damage|p1a: Stonjourner|0 fnt\n|-unboost|p2a: Infernape|def|1\n|-unboost|p2a: Infernape|spd|1\n|faint|p1a: Stonjourner\n|-damage|p2a: Infernape|209/259|[from] item: Life Orb\n|\n|upkeep\n|\n|t:|1733856842\n|switch|p1a: Persian|Persian, L92, F|269/269\n|turn|20\n|\n|t:|1733856852\n|switch|p2a: Stonjourner|Stonjourner, L91, M|45/330\n|move|p1a: Persian|Double-Edge|p2a: Stonjourner\n|-resisted|p2a: Stonjourner\n|-damage|p2a: Stonjourner|0 fnt\n|faint|p2a: Stonjourner\n|-damage|p1a: Persian|254/269|[from] Recoil\n|\n|upkeep\n|\n|t:|1733856861\n|switch|p2a: Infernape|Infernape, L82, M|209/259\n|turn|21\n|\n|t:|1733856864\n|move|p1a: Persian|Double-Edge|p2a: Infernape\n|-damage|p2a: Infernape|0 fnt\n|faint|p2a: Infernape\n|-damage|p1a: Persian|185/269|[from] Recoil\n|\n|upkeep\n|\n|t:|1733856870\n|switch|p2a: Gogoat|Gogoat, L88, M|345/360\n|turn|22\n|\n|t:|1733856875\n|move|p1a: Persian|Double-Edge|p2a: Gogoat\n|-damage|p2a: Gogoat|125/360\n|-damage|p1a: Persian|112/269|[from] Recoil\n|move|p2a: Gogoat|Horn Leech|p1a: Persian\n|-crit|p1a: Persian\n|-damage|p1a: Persian|0 fnt\n|-heal|p2a: Gogoat|181/360|[from] drain|[of] p1a: Persian\n|faint|p1a: Persian\n|\n|win|iSHATKK\n|raw|2b2t0's rating: 1516 &rarr; <strong>1495</strong><br />(-21 for losing)\n|raw|iSHATKK's rating: 1504 &rarr; <strong>1525</strong><br />(+21 for winning)\n|l|\u26062b2t0\n|player|p1|\n|c|\u2606iSHATKK|gg\n|c|\u2606iSHATKK|>Wp\n", "inputlog": ">version bfd83cad13791eb5a5a409923076391caf6fb4d4\n>start {\"formatid\":\"gen9randombattle\",\"seed\":[55492,5221,30547,32181],\"rated\":\"Rated battle\"}\n>player p1 {\"name\":\"2b2t0\",\"avatar\":\"265\",\"rating\":1516,\"seed\":[11472,9884,3059,20013]}\n>player p2 {\"name\":\"iSHATKK\",\"avatar\":\"ghetsis-gen5bw\",\"rating\":1504,\"seed\":[4949,62157,59439,47342]}\n>p1 move knockoff\n>p2 switch 4\n>p1 switch 4\n>p2 move machpunch\n>p1 move heatcrash\n>p2 move swordsdance terastallize\n>p1 switch 3\n>p2 move machpunch\n>p1 move psyshock\n>p2 move bulletseed\n>p1 move moongeistbeam\n>p2 move bulletseed\n>p2 switch 4\n>p1 move moonlight\n>p2 move knockoff\n>p1 switch 4\n>p1 move knockoff\n>p2 switch 5\n>p1 move closecombat\n>p2 move earthquake\n>p1 move knockoff\n>p2 switch 5\n>p1 switch 5\n>p1 move uturn\n>p2 move recover\n>p1 switch 6\n>p2 switch 6\n>p1 switch 2\n>p2 move bulkup\n>p1 move swordsdance\n>p2 move earthquake\n>p1 move ironhead\n>p2 move earthquake\n>p1 switch 2\n>p1 move curse terastallize\n>p2 move hornleech\n>p1 move curse\n>p2 switch 3\n>p1 move wavecrash\n>p2 move surf\n>p2 switch 2\n>p1 move rest\n>p2 move overheat\n>p1 switch 3\n>p1 move rockpolish\n>p2 move closecombat\n>p1 switch 6\n>p1 move doubleedge\n>p2 switch 5\n>p2 switch 5\n>p1 move doubleedge\n>p2 move closecombat\n>p2 switch 3\n>p1 move doubleedge\n>p2 move hornleech", "uploadtime": 1733856890, "views": 1, "formatid": "gen9randombattle", "rating": 1495, "private": 0, "password": null}