{"id": "gen9randombattle-2260275883", "format": "[Gen 9] Random Battle", "players": ["Ghoulhakura", "f95sd59fsd"], "log": "|j|\u2606Ghoulhakura\n|j|\u2606f95sd59fsd\n|t:|1733833779\n|gametype|singles\n|player|p1|Ghoulhakura|170|1040\n|player|p2|f95sd59fsd|170|1000\n|teamsize|p1|6\n|teamsize|p2|6\n|gen|9\n|tier|[Gen 9] Random Battle\n|rated|\n|rule|Species Clause: Limit one of each Pok\u00e9mon\n|rule|HP Percentage Mod: HP is shown in percentages\n|rule|Sleep Clause Mod: Limit one foe put to sleep\n|rule|Illusion Level Mod: Illusion disguises the Pok\u00e9mon's true level\n|\n|t:|1733833779\n|start\n|switch|p1a: Flutter Mane|Flutter Mane, L74|203/203\n|switch|p2a: Toedscruel|Toedscruel, L87, F|281/281\n|turn|1\n|\n|t:|1733833786\n|move|p1a: Flutter Mane|Calm Mind|p1a: Flutter Mane\n|-boost|p1a: Flutter Mane|spa|1\n|-boost|p1a: Flutter Mane|spd|1\n|move|p2a: Toedscruel|Spore|p1a: Flutter Mane\n|-status|p1a: Flutter Mane|slp|[from] move: Spore\n|\n|upkeep\n|turn|2\n|\n|t:|1733833794\n|switch|p2a: Golurk|Golurk, L87|297/297\n|cant|p1a: Flutter Mane|slp\n|\n|upkeep\n|turn|3\n|\n|t:|1733833797\n|cant|p1a: Flutter Mane|slp\n|move|p2a: Golurk|Poltergeist|p1a: Flutter Mane\n|-activate|p1a: Flutter Mane|move: Poltergeist|Life Orb\n|-supereffective|p1a: Flutter Mane\n|-damage|p1a: Flutter Mane|0 fnt\n|faint|p1a: Flutter Mane\n|-end|p1a: Flutter Mane|Protosynthesis|[silent]\n|-damage|p2a: Golurk|268/297|[from] item: Life Orb\n|\n|upkeep\n|\n|t:|1733833805\n|switch|p1a: Glalie|Glalie, L96, F|309/309\n|turn|4\n|\n|t:|1733833815\n|switch|p2a: Pachirisu|Pachirisu, L96, M|271/271\n|move|p1a: Glalie|Earthquake|p2a: Pachirisu\n|-supereffective|p2a: Pachirisu\n|-damage|p2a: Pachirisu|115/271\n|\n|upkeep\n|turn|5\n|\n|t:|1733833825\n|move|p2a: Pachirisu|Discharge|p1a: Glalie\n|-damage|p1a: Glalie|243/309\n|-status|p1a: Glalie|par\n|move|p1a: Glalie|Earthquake|p2a: Pachirisu\n|-supereffective|p2a: Pachirisu\n|-damage|p2a: Pachirisu|0 fnt\n|faint|p2a: Pachirisu\n|\n|upkeep\n|\n|t:|1733833837\n|switch|p2a: Golurk|Golurk, L87|268/297\n|turn|6\n|\n|t:|1733833857\n|move|p2a: Golurk|Stone Edge|p1a: Glalie\n|-supereffective|p1a: Glalie\n|-damage|p1a: Glalie|4/309 par\n|-damage|p2a: Golurk|239/297|[from] item: Life Orb\n|move|p1a: Glalie|Earthquake|p2a: Golurk\n|-damage|p2a: Golurk|156/297\n|\n|upkeep\n|turn|7\n|\n|t:|1733833867\n|move|p2a: Golurk|Poltergeist|p1a: Glalie\n|-activate|p1a: Glalie|move: Poltergeist|Heavy-Duty Boots\n|-damage|p1a: Glalie|0 fnt\n|faint|p1a: Glalie\n|-damage|p2a: Golurk|127/297|[from] item: Life Orb\n|\n|upkeep\n|\n|t:|1733833871\n|switch|p1a: Sunflora|Sunflora, F|312/312\n|turn|8\n|\n|t:|1733833883\n|move|p2a: Golurk|Poltergeist|p1a: Sunflora\n|-activate|p1a: Sunflora|move: Poltergeist|Choice Specs\n|-damage|p1a: Sunflora|74/312\n|-damage|p2a: Golurk|98/297|[from] item: Life Orb\n|move|p1a: Sunflora|Earth Power|p2a: Golurk\n|-damage|p2a: Golurk|0 fnt\n|faint|p2a: Golurk\n|\n|upkeep\n|\n|t:|1733833896\n|switch|p2a: Lunala|Lunala, L70|308/308\n|turn|9\n|\n|t:|1733833907\n|move|p2a: Lunala|Moongeist Beam|p1a: Sunflora\n|-damage|p1a: Sunflora|0 fnt\n|faint|p1a: Sunflora\n|\n|upkeep\n|\n|t:|1733833909\n|switch|p1a: Mewtwo|Mewtwo, L72|272/272\n|-ability|p1a: Mewtwo|Unnerve\n|turn|10\n|\n|t:|1733833924\n|switch|p2a: Toedscruel|Toedscruel, L87, F|281/281\n|-terastallize|p1a: Mewtwo|Fire\n|move|p1a: Mewtwo|Fire Blast|p2a: Toedscruel\n|-supereffective|p2a: Toedscruel\n|-damage|p2a: Toedscruel|39/281\n|-damage|p1a: Mewtwo|245/272|[from] item: Life Orb\n|\n|-heal|p2a: Toedscruel|56/281|[from] item: Leftovers\n|upkeep\n|turn|11\n|\n|t:|1733833937\n|move|p1a: Mewtwo|Psystrike|p2a: Toedscruel\n|-damage|p2a: Toedscruel|0 fnt\n|faint|p2a: Toedscruel\n|-damage|p1a: Mewtwo|218/272|[from] item: Life Orb\n|\n|upkeep\n|\n|t:|1733833945\n|switch|p2a: Walking Wake|Walking Wake, L79|286/286\n|turn|12\n|\n|t:|1733833954\n|switch|p1a: Braviary|Braviary-Hisui, L85, M|326/326\n|move|p2a: Walking Wake|Hydro Pump|p1a: Braviary\n|-damage|p1a: Braviary|91/326\n|\n|upkeep\n|turn|13\n|\n|t:|1733833962\n|move|p2a: Walking Wake|Hydro Pump|p1a: Braviary\n|-damage|p1a: Braviary|0 fnt\n|faint|p1a: Braviary\n|\n|upkeep\n|\n|t:|1733833965\n|switch|p1a: Eiscue|Eiscue, L88, M|272/272\n|turn|14\n|\n|t:|1733833972\n|move|p2a: Walking Wake|Hydro Pump|p1a: Eiscue\n|-damage|p1a: Eiscue|98/272\n|move|p1a: Eiscue|Belly Drum||[still]\n|-fail|p1a: Eiscue\n|\n|upkeep\n|turn|15\n|\n|t:|1733833978\n|move|p2a: Walking Wake|Hydro Pump|p1a: Eiscue\n|-damage|p1a: Eiscue|0 fnt\n|faint|p1a: Eiscue\n|\n|upkeep\n|\n|t:|1733833981\n|switch|p1a: Mewtwo|Mewtwo, L72, tera:Fire|218/272\n|-ability|p1a: Mewtwo|Unnerve\n|turn|16\n|\n|t:|1733833983\n|move|p1a: Mewtwo|Psystrike|p2a: Walking Wake\n|-damage|p2a: Walking Wake|137/286\n|-damage|p1a: Mewtwo|191/272|[from] item: Life Orb\n|move|p2a: Walking Wake|Hydro Pump|p1a: Mewtwo\n|-supereffective|p1a: Mewtwo\n|-damage|p1a: Mewtwo|0 fnt\n|faint|p1a: Mewtwo\n|\n|win|f95sd59fsd\n|raw|Ghoulhakura's rating: 1040 &rarr; <strong>1022</strong><br />(-18 for losing)\n|raw|f95sd59fsd's rating: 1000 &rarr; <strong>1045</strong><br />(+45 for winning)\n|l|\u2606Ghoulhakura\n|player|p1|\n", "inputlog": ">version bfd83cad13791eb5a5a409923076391caf6fb4d4\n>start {\"formatid\":\"gen9randombattle\",\"seed\":[58637,31390,33134,60189],\"rated\":\"Rated battle\"}\n>player p1 {\"name\":\"Ghoulhakura\",\"avatar\":\"170\",\"rating\":1040,\"seed\":[55705,58295,36859,6091]}\n>player p2 {\"name\":\"f95sd59fsd\",\"avatar\":\"170\",\"rating\":1000,\"seed\":[25054,9502,51573,22187]}\n>p1 move calmmind\n>p2 move spore\n>p1 move mysticalfire\n>p2 switch 5\n>p1 move shadowball\n>p2 move poltergeist\n>p1 switch 5\n>p1 move earthquake\n>p2 switch 6\n>p1 move earthquake\n>p2 move discharge\n>p2 switch 6\n>p1 move earthquake\n>p2 move stoneedge\n>p1 move earthquake\n>p2 move poltergeist\n>p1 switch 6\n>p1 move earthpower\n>p2 move poltergeist\n>p2 switch 4\n>p1 move earthpower\n>p2 move moongeistbeam\n>p1 switch 3\n>p1 move fireblast terastallize\n>p2 switch 5\n>p1 move psystrike\n>p2 move spore\n>p2 switch 3\n>p1 switch 4\n>p2 move hydropump\n>p1 move psychic\n>p2 move hydropump\n>p1 switch 2\n>p1 move bellydrum\n>p2 move hydropump\n>p1 move substitute\n>p2 move hydropump\n>p1 switch 4\n>p1 move psystrike\n>p2 move hydropump", "uploadtime": 1733833993, "views": 1, "formatid": "gen9randombattle", "rating": 1022, "private": 0, "password": null}