{"id": "gen9randombattle-2260490571", "format": "[Gen 9] Random Battle", "players": ["Rod1994", "Squirrrrel"], "log": "|j|\u2606Rod1994\n|j|\u203dSquirrrrel\n|t:|1733856654\n|gametype|singles\n|player|p1|Rod1994|2|1397\n|player|p2|Squirrrrel|265|1393\n|teamsize|p1|6\n|teamsize|p2|6\n|gen|9\n|tier|[Gen 9] Random Battle\n|rated|\n|rule|Species Clause: Limit one of each Pok\u00e9mon\n|rule|HP Percentage Mod: HP is shown in percentages\n|rule|Sleep Clause Mod: Limit one foe put to sleep\n|rule|Illusion Level Mod: Illusion disguises the Pok\u00e9mon's true level\n|\n|t:|1733856654\n|start\n|switch|p1a: Meloetta|Meloetta, L82|298/298\n|switch|p2a: Flutter Mane|Flutter Mane, L74|203/203\n|turn|1\n|inactive|Battle timer is ON: inactive players will automatically lose when time's up. (requested by Squirrrrel)\n|\n|t:|1733856669\n|-end|p2a: Flutter Mane|Protosynthesis|[silent]\n|switch|p2a: Carbink|Carbink, L90|236/236\n|move|p1a: Meloetta|Knock Off|p2a: Carbink\n|-resisted|p2a: Carbink\n|-damage|p2a: Carbink|213/236\n|-enditem|p2a: Carbink|Leftovers|[from] move: Knock Off|[of] p1a: Meloetta\n|-damage|p1a: Meloetta|269/298|[from] item: Life Orb\n|\n|upkeep\n|turn|2\n|\n|t:|1733856681\n|switch|p1a: Phione|Phione, L91|293/293\n|move|p2a: Carbink|Rock Polish|p2a: Carbink\n|-boost|p2a: Carbink|spe|2\n|\n|upkeep\n|turn|3\n|\n|t:|1733856709\n|switch|p2a: Meganium|Meganium, L90, M|290/290\n|move|p1a: Phione|Scald|p2a: Meganium\n|-resisted|p2a: Meganium\n|-damage|p2a: Meganium|251/290\n|\n|-heal|p2a: Meganium|269/290|[from] item: Leftovers\n|upkeep\n|turn|4\n|\n|t:|1733856726\n|switch|p1a: Tropius|Tropius, L91, F|328/328\n|move|p2a: Meganium|Energy Ball|p1a: Tropius\n|-resisted|p1a: Tropius\n|-damage|p1a: Tropius|307/328\n|\n|-heal|p2a: Meganium|287/290|[from] item: Leftovers\n|upkeep\n|turn|5\n|\n|t:|1733856742\n|switch|p2a: Carbink|Carbink, L90|213/236\n|move|p1a: Tropius|Substitute|p1a: Tropius\n|-start|p1a: Tropius|Substitute\n|-damage|p1a: Tropius|225/328\n|\n|upkeep\n|turn|6\n|\n|t:|1733856749\n|move|p1a: Tropius|Leech Seed|p2a: Carbink\n|-start|p2a: Carbink|move: Leech Seed\n|move|p2a: Carbink|Rock Polish|p2a: Carbink\n|-boost|p2a: Carbink|spe|2\n|\n|-damage|p2a: Carbink|184/236|[from] Leech Seed|[of] p1a: Tropius\n|-heal|p1a: Tropius|254/328|[silent]\n|upkeep\n|turn|7\n|\n|t:|1733856757\n|move|p1a: Tropius|Protect|p1a: Tropius\n|-singleturn|p1a: Tropius|Protect\n|move|p2a: Carbink|Moonblast|p1a: Tropius\n|-activate|p1a: Tropius|move: Protect\n|\n|-damage|p2a: Carbink|155/236|[from] Leech Seed|[of] p1a: Tropius\n|-heal|p1a: Tropius|283/328|[silent]\n|upkeep\n|turn|8\n|\n|t:|1733856766\n|move|p2a: Carbink|Moonblast|p1a: Tropius\n|-activate|p1a: Tropius|move: Substitute|[damage]\n|move|p1a: Tropius|Substitute|p1a: Tropius\n|-fail|p1a: Tropius|move: Substitute\n|\n|-damage|p2a: Carbink|126/236|[from] Leech Seed|[of] p1a: Tropius\n|-heal|p1a: Tropius|312/328|[silent]\n|upkeep\n|turn|9\n|\n|t:|1733856773\n|move|p1a: Tropius|Protect|p1a: Tropius\n|-singleturn|p1a: Tropius|Protect\n|move|p2a: Carbink|Moonblast|p1a: Tropius\n|-activate|p1a: Tropius|move: Protect\n|\n|-damage|p2a: Carbink|97/236|[from] Leech Seed|[of] p1a: Tropius\n|-heal|p1a: Tropius|328/328|[silent]\n|upkeep\n|turn|10\n|\n|t:|1733856781\n|move|p2a: Carbink|Moonblast|p1a: Tropius\n|-end|p1a: Tropius|Substitute\n|move|p1a: Tropius|Substitute|p1a: Tropius\n|-start|p1a: Tropius|Substitute\n|-damage|p1a: Tropius|246/328\n|\n|-damage|p2a: Carbink|68/236|[from] Leech Seed|[of] p1a: Tropius\n|-heal|p1a: Tropius|275/328|[silent]\n|upkeep\n|turn|11\n|\n|t:|1733856790\n|switch|p2a: Meganium|Meganium, L90, M|287/290\n|move|p1a: Tropius|Air Slash|p2a: Meganium\n|-supereffective|p2a: Meganium\n|-damage|p2a: Meganium|153/290\n|\n|-heal|p2a: Meganium|171/290|[from] item: Leftovers\n|upkeep\n|turn|12\n|\n|t:|1733856799\n|move|p1a: Tropius|Protect|p1a: Tropius\n|-singleturn|p1a: Tropius|Protect\n|move|p2a: Meganium|Knock Off|p1a: Tropius\n|-activate|p1a: Tropius|move: Protect\n|\n|-heal|p2a: Meganium|189/290|[from] item: Leftovers\n|upkeep\n|turn|13\n|\n|t:|1733856806\n|move|p2a: Meganium|Knock Off|p1a: Tropius\n|-activate|p1a: Tropius|move: Substitute|[damage]\n|move|p1a: Tropius|Air Slash|p2a: Meganium\n|-supereffective|p2a: Meganium\n|-damage|p2a: Meganium|61/290\n|\n|-heal|p2a: Meganium|79/290|[from] item: Leftovers\n|upkeep\n|turn|14\n|\n|t:|1733856814\n|move|p2a: Meganium|Knock Off|p1a: Tropius\n|-end|p1a: Tropius|Substitute\n|move|p1a: Tropius|Substitute|p1a: Tropius\n|-start|p1a: Tropius|Substitute\n|-damage|p1a: Tropius|193/328\n|\n|-heal|p2a: Meganium|97/290|[from] item: Leftovers\n|upkeep\n|turn|15\n|\n|t:|1733856823\n|move|p2a: Meganium|Synthesis|p2a: Meganium\n|-heal|p2a: Meganium|242/290\n|move|p1a: Tropius|Air Slash|p2a: Meganium\n|-supereffective|p2a: Meganium\n|-damage|p2a: Meganium|104/290\n|\n|-heal|p2a: Meganium|122/290|[from] item: Leftovers\n|upkeep\n|turn|16\n|\n|t:|1733856830\n|move|p2a: Meganium|Synthesis|p2a: Meganium\n|-heal|p2a: Meganium|267/290\n|move|p1a: Tropius|Air Slash|p2a: Meganium\n|-supereffective|p2a: Meganium\n|-damage|p2a: Meganium|133/290\n|\n|-heal|p2a: Meganium|151/290|[from] item: Leftovers\n|upkeep\n|turn|17\n|\n|t:|1733856837\n|move|p2a: Meganium|Synthesis|p2a: Meganium\n|-heal|p2a: Meganium|290/290\n|move|p1a: Tropius|Air Slash|p2a: Meganium\n|-supereffective|p2a: Meganium\n|-damage|p2a: Meganium|170/290\n|\n|-heal|p2a: Meganium|188/290|[from] item: Leftovers\n|upkeep\n|turn|18\n|\n|t:|1733856847\n|move|p1a: Tropius|Air Slash|p2a: Meganium\n|-supereffective|p2a: Meganium\n|-damage|p2a: Meganium|50/290\n|move|p2a: Meganium|Dragon Tail|p1a: Tropius\n|-activate|p1a: Tropius|move: Substitute|[damage]\n|\n|-heal|p2a: Meganium|68/290|[from] item: Leftovers\n|upkeep\n|turn|19\n|\n|t:|1733856855\n|move|p1a: Tropius|Air Slash|p2a: Meganium\n|-supereffective|p2a: Meganium\n|-damage|p2a: Meganium|0 fnt\n|faint|p2a: Meganium\n|\n|upkeep\n|\n|t:|1733856860\n|switch|p2a: Flutter Mane|Flutter Mane, L74|203/203\n|turn|20\n|\n|t:|1733856866\n|move|p2a: Flutter Mane|Psyshock|p1a: Tropius\n|-end|p1a: Tropius|Substitute\n|move|p1a: Tropius|Leech Seed|p2a: Flutter Mane\n|-start|p2a: Flutter Mane|move: Leech Seed\n|\n|-damage|p2a: Flutter Mane|178/203|[from] Leech Seed|[of] p1a: Tropius\n|-heal|p1a: Tropius|218/328|[silent]\n|upkeep\n|turn|21\n|\n|t:|1733856874\n|move|p1a: Tropius|Protect|p1a: Tropius\n|-singleturn|p1a: Tropius|Protect\n|move|p2a: Flutter Mane|Psyshock|p1a: Tropius\n|-activate|p1a: Tropius|move: Protect\n|\n|-damage|p2a: Flutter Mane|153/203|[from] Leech Seed|[of] p1a: Tropius\n|-heal|p1a: Tropius|243/328|[silent]\n|upkeep\n|turn|22\n|\n|t:|1733856883\n|move|p2a: Flutter Mane|Psyshock|p1a: Tropius\n|-crit|p1a: Tropius\n|-damage|p1a: Tropius|123/328\n|-enditem|p1a: Tropius|Sitrus Berry|[eat]\n|-heal|p1a: Tropius|205/328|[from] item: Sitrus Berry\n|move|p1a: Tropius|Substitute|p1a: Tropius\n|-start|p1a: Tropius|Substitute\n|-damage|p1a: Tropius|123/328\n|\n|-damage|p2a: Flutter Mane|128/203|[from] Leech Seed|[of] p1a: Tropius\n|-heal|p1a: Tropius|148/328|[silent]\n|-item|p1a: Tropius|Sitrus Berry|[from] ability: Harvest\n|upkeep\n|-enditem|p1a: Tropius|Sitrus Berry|[eat]\n|-heal|p1a: Tropius|230/328|[from] item: Sitrus Berry\n|turn|23\n|\n|t:|1733856898\n|move|p1a: Tropius|Protect|p1a: Tropius\n|-singleturn|p1a: Tropius|Protect\n|move|p2a: Flutter Mane|Psyshock|p1a: Tropius\n|-activate|p1a: Tropius|move: Protect\n|\n|-damage|p2a: Flutter Mane|103/203|[from] Leech Seed|[of] p1a: Tropius\n|-heal|p1a: Tropius|255/328|[silent]\n|-item|p1a: Tropius|Sitrus Berry|[from] ability: Harvest\n|upkeep\n|turn|24\n|\n|t:|1733856908\n|move|p2a: Flutter Mane|Psyshock|p1a: Tropius\n|-end|p1a: Tropius|Substitute\n|move|p1a: Tropius|Substitute|p1a: Tropius\n|-start|p1a: Tropius|Substitute\n|-damage|p1a: Tropius|173/328\n|\n|-damage|p2a: Flutter Mane|78/203|[from] Leech Seed|[of] p1a: Tropius\n|-heal|p1a: Tropius|198/328|[silent]\n|upkeep\n|turn|25\n|\n|t:|1733856917\n|move|p1a: Tropius|Protect|p1a: Tropius\n|-singleturn|p1a: Tropius|Protect\n|move|p2a: Flutter Mane|Psyshock|p1a: Tropius\n|-activate|p1a: Tropius|move: Protect\n|\n|-damage|p2a: Flutter Mane|53/203|[from] Leech Seed|[of] p1a: Tropius\n|-heal|p1a: Tropius|223/328|[silent]\n|upkeep\n|turn|26\n|\n|t:|1733856925\n|move|p2a: Flutter Mane|Psyshock|p1a: Tropius\n|-crit|p1a: Tropius\n|-end|p1a: Tropius|Substitute\n|move|p1a: Tropius|Substitute|p1a: Tropius\n|-start|p1a: Tropius|Substitute\n|-damage|p1a: Tropius|141/328\n|-enditem|p1a: Tropius|Sitrus Berry|[eat]\n|-heal|p1a: Tropius|223/328|[from] item: Sitrus Berry\n|\n|-damage|p2a: Flutter Mane|28/203|[from] Leech Seed|[of] p1a: Tropius\n|-heal|p1a: Tropius|248/328|[silent]\n|-item|p1a: Tropius|Sitrus Berry|[from] ability: Harvest\n|upkeep\n|turn|27\n|\n|t:|1733856935\n|move|p1a: Tropius|Protect|p1a: Tropius\n|-singleturn|p1a: Tropius|Protect\n|move|p2a: Flutter Mane|Psyshock|p1a: Tropius\n|-activate|p1a: Tropius|move: Protect\n|\n|-damage|p2a: Flutter Mane|3/203|[from] Leech Seed|[of] p1a: Tropius\n|-heal|p1a: Tropius|273/328|[silent]\n|upkeep\n|turn|28\n|\n|t:|1733856942\n|move|p2a: Flutter Mane|Psyshock|p1a: Tropius\n|-activate|p1a: Tropius|move: Substitute|[damage]\n|move|p1a: Tropius|Substitute|p1a: Tropius\n|-fail|p1a: Tropius|move: Substitute\n|\n|-damage|p2a: Flutter Mane|0 fnt|[from] Leech Seed|[of] p1a: Tropius\n|-heal|p1a: Tropius|276/328|[silent]\n|faint|p2a: Flutter Mane\n|-end|p2a: Flutter Mane|Protosynthesis|[silent]\n|upkeep\n|\n|t:|1733856955\n|switch|p2a: Vespiquen|Vespiquen, L98, F|296/296\n|-ability|p2a: Vespiquen|Pressure\n|turn|29\n|\n|t:|1733856960\n|move|p1a: Tropius|Leech Seed|p2a: Vespiquen\n|-start|p2a: Vespiquen|move: Leech Seed\n|move|p2a: Vespiquen|Air Slash|p1a: Tropius\n|-supereffective|p1a: Tropius\n|-end|p1a: Tropius|Substitute\n|\n|-damage|p2a: Vespiquen|259/296|[from] Leech Seed|[of] p1a: Tropius\n|-heal|p1a: Tropius|313/328|[silent]\n|upkeep\n|turn|30\n|\n|t:|1733856971\n|switch|p2a: Flamigo|Flamigo, L82, M|269/269\n|move|p1a: Tropius|Substitute|p1a: Tropius\n|-start|p1a: Tropius|Substitute\n|-damage|p1a: Tropius|231/328\n|\n|upkeep\n|turn|31\n|\n|t:|1733856979\n|move|p2a: Flamigo|U-turn|p1a: Tropius\n|-end|p1a: Tropius|Substitute\n|\n|t:|1733856982\n|switch|p2a: Vespiquen|Vespiquen, L98, F|259/296|[from] U-turn\n|-ability|p2a: Vespiquen|Pressure\n|move|p1a: Tropius|Leech Seed|p2a: Vespiquen\n|-start|p2a: Vespiquen|move: Leech Seed\n|\n|-damage|p2a: Vespiquen|222/296|[from] Leech Seed|[of] p1a: Tropius\n|-heal|p1a: Tropius|268/328|[silent]\n|upkeep\n|turn|32\n|\n|t:|1733856993\n|move|p1a: Tropius|Air Slash|p2a: Vespiquen\n|-supereffective|p2a: Vespiquen\n|-damage|p2a: Vespiquen|100/296\n|cant|p2a: Vespiquen|flinch\n|\n|-damage|p2a: Vespiquen|63/296|[from] Leech Seed|[of] p1a: Tropius\n|-heal|p1a: Tropius|305/328|[silent]\n|upkeep\n|turn|33\n|\n|t:|1733857000\n|move|p1a: Tropius|Substitute|p1a: Tropius\n|-start|p1a: Tropius|Substitute\n|-damage|p1a: Tropius|223/328\n|move|p2a: Vespiquen|Roost|p2a: Vespiquen\n|-heal|p2a: Vespiquen|211/296\n|-singleturn|p2a: Vespiquen|move: Roost\n|\n|-damage|p2a: Vespiquen|174/296|[from] Leech Seed|[of] p1a: Tropius\n|-heal|p1a: Tropius|260/328|[silent]\n|upkeep\n|turn|34\n|\n|t:|1733857008\n|move|p1a: Tropius|Air Slash|p2a: Vespiquen\n|-supereffective|p2a: Vespiquen\n|-damage|p2a: Vespiquen|48/296\n|move|p2a: Vespiquen|Roost|p2a: Vespiquen\n|-heal|p2a: Vespiquen|196/296\n|-singleturn|p2a: Vespiquen|move: Roost\n|\n|-damage|p2a: Vespiquen|159/296|[from] Leech Seed|[of] p1a: Tropius\n|-heal|p1a: Tropius|297/328|[silent]\n|upkeep\n|turn|35\n|\n|t:|1733857016\n|move|p1a: Tropius|Air Slash|p2a: Vespiquen\n|-supereffective|p2a: Vespiquen\n|-crit|p2a: Vespiquen\n|-damage|p2a: Vespiquen|0 fnt\n|faint|p2a: Vespiquen\n|\n|upkeep\n|\n|t:|1733857021\n|switch|p2a: Flamigo|Flamigo, L82, M|269/269\n|turn|36\n|\n|t:|1733857024\n|move|p2a: Flamigo|U-turn|p1a: Tropius\n|-activate|p1a: Tropius|move: Substitute|[damage]\n|\n|t:|1733857028\n|switch|p2a: Carbink|Carbink, L90|68/236|[from] U-turn\n|move|p1a: Tropius|Leech Seed|p2a: Carbink\n|-start|p2a: Carbink|move: Leech Seed\n|\n|-damage|p2a: Carbink|39/236|[from] Leech Seed|[of] p1a: Tropius\n|-heal|p1a: Tropius|326/328|[silent]\n|upkeep\n|turn|37\n|\n|t:|1733857035\n|move|p1a: Tropius|Protect|p1a: Tropius\n|-singleturn|p1a: Tropius|Protect\n|move|p2a: Carbink|Rock Polish|p2a: Carbink\n|-boost|p2a: Carbink|spe|2\n|\n|-damage|p2a: Carbink|10/236|[from] Leech Seed|[of] p1a: Tropius\n|-heal|p1a: Tropius|328/328|[silent]\n|upkeep\n|turn|38\n|\n|t:|1733857043\n|move|p2a: Carbink|Moonblast|p1a: Tropius\n|-end|p1a: Tropius|Substitute\n|move|p1a: Tropius|Substitute|p1a: Tropius\n|-start|p1a: Tropius|Substitute\n|-damage|p1a: Tropius|246/328\n|\n|-damage|p2a: Carbink|0 fnt|[from] Leech Seed|[of] p1a: Tropius\n|-heal|p1a: Tropius|256/328|[silent]\n|faint|p2a: Carbink\n|upkeep\n|\n|t:|1733857051\n|switch|p2a: Flamigo|Flamigo, L82, M|269/269\n|turn|39\n|\n|t:|1733857055\n|move|p2a: Flamigo|Brave Bird|p1a: Tropius\n|-supereffective|p1a: Tropius\n|-end|p1a: Tropius|Substitute\n|-damage|p2a: Flamigo|242/269|[from] Recoil|[of] p1a: Tropius\n|move|p1a: Tropius|Leech Seed|p2a: Flamigo\n|-start|p2a: Flamigo|move: Leech Seed\n|\n|-damage|p2a: Flamigo|209/269|[from] Leech Seed|[of] p1a: Tropius\n|-heal|p1a: Tropius|289/328|[silent]\n|upkeep\n|turn|40\n|\n|t:|1733857063\n|move|p1a: Tropius|Protect|p1a: Tropius\n|-singleturn|p1a: Tropius|Protect\n|move|p2a: Flamigo|Brave Bird|p1a: Tropius\n|-activate|p1a: Tropius|move: Protect\n|\n|-damage|p2a: Flamigo|176/269|[from] Leech Seed|[of] p1a: Tropius\n|-heal|p1a: Tropius|322/328|[silent]\n|upkeep\n|turn|41\n|\n|t:|1733857073\n|-terastallize|p1a: Tropius|Steel\n|move|p2a: Flamigo|Brave Bird|p1a: Tropius\n|-resisted|p1a: Tropius\n|-damage|p1a: Tropius|229/328\n|-damage|p2a: Flamigo|145/269|[from] Recoil\n|move|p1a: Tropius|Air Slash|p2a: Flamigo\n|-supereffective|p2a: Flamigo\n|-damage|p2a: Flamigo|0 fnt\n|faint|p2a: Flamigo\n|\n|upkeep\n|\n|t:|1733857082\n|switch|p2a: Swampert|Swampert, L83, F|302/302\n|turn|42\n|\n|t:|1733857090\n|move|p1a: Tropius|Protect|p1a: Tropius\n|-singleturn|p1a: Tropius|Protect\n|move|p2a: Swampert|Earthquake|p1a: Tropius\n|-activate|p1a: Tropius|move: Protect\n|\n|upkeep\n|turn|43\n|\n|t:|1733857104\n|switch|p1a: Phione|Phione, L91|293/293\n|move|p2a: Swampert|Earthquake|p1a: Phione\n|-damage|p1a: Phione|185/293\n|\n|-heal|p1a: Phione|203/293|[from] item: Leftovers\n|upkeep\n|turn|44\n|inactive|Squirrrrel has 120 seconds left.\n|\n|t:|1733857151\n|move|p1a: Phione|Take Heart|p1a: Phione\n|-boost|p1a: Phione|spa|1\n|-boost|p1a: Phione|spd|1\n|move|p2a: Swampert|Yawn|p1a: Phione\n|-start|p1a: Phione|move: Yawn|[of] p2a: Swampert\n|\n|-heal|p1a: Phione|221/293|[from] item: Leftovers\n|upkeep\n|turn|45\n|inactive|Squirrrrel has 90 seconds left.\n|inactive|Squirrrrel has 60 seconds left.\n|\n|t:|1733857209\n|move|p1a: Phione|Grass Knot|p2a: Swampert\n|-supereffective|p2a: Swampert\n|-damage|p2a: Swampert|0 fnt\n|faint|p2a: Swampert\n|\n|win|Rod1994\n|raw|Rod1994's rating: 1397 &rarr; <strong>1417</strong><br />(+20 for winning)\n|raw|Squirrrrel's rating: 1393 &rarr; <strong>1373</strong><br />(-20 for losing)\n|l|\u203dSquirrrrel\n|player|p2|\n|c|\u2606Rod1994|Gg\n", "inputlog": ">version bfd83cad13791eb5a5a409923076391caf6fb4d4\n>start {\"formatid\":\"gen9randombattle\",\"seed\":[11262,23399,4957,43329],\"rated\":\"Rated battle\"}\n>player p1 {\"name\":\"Rod1994\",\"avatar\":\"2\",\"rating\":1397,\"seed\":[16170,1849,6987,39221]}\n>player p2 {\"name\":\"Squirrrrel\",\"avatar\":\"265\",\"rating\":1393,\"seed\":[27855,34282,30556,54965]}\n>p1 move knockoff\n>p2 switch 5\n>p1 switch 2\n>p2 move rockpolish\n>p1 move scald\n>p2 switch 2\n>p1 switch 4\n>p2 move energyball\n>p1 move substitute\n>p2 switch 2\n>p1 move leechseed\n>p2 move rockpolish\n>p1 move protect\n>p2 move moonblast\n>p1 move substitute\n>p2 move moonblast\n>p1 move protect\n>p2 move moonblast\n>p1 move substitute\n>p2 move moonblast\n>p1 move airslash\n>p2 switch 2\n>p1 move protect\n>p2 move knockoff\n>p1 move airslash\n>p2 move knockoff\n>p1 move substitute\n>p2 move knockoff\n>p1 move airslash\n>p2 move synthesis\n>p1 move airslash\n>p2 move synthesis\n>p1 move airslash\n>p2 move synthesis\n>p1 move airslash\n>p2 move dragontail\n>p1 move airslash\n>p2 move dragontail\n>p2 switch 5\n>p1 move leechseed\n>p2 move psyshock\n>p1 move protect\n>p2 move psyshock\n>p1 move substitute\n>p2 move psyshock\n>p1 move protect\n>p2 move psyshock\n>p1 move substitute\n>p2 move psyshock\n>p1 move protect\n>p2 move psyshock\n>p1 move substitute\n>p2 move psyshock\n>p1 move protect\n>p2 move psyshock\n>p1 move substitute\n>p2 move psyshock\n>p2 switch 3\n>p1 move leechseed\n>p2 move airslash\n>p1 move substitute\n>p2 switch 6\n>p1 move leechseed\n>p2 move uturn\n>p2 switch 6\n>p1 move airslash\n>p2 move airslash\n>p1 move substitute\n>p2 move roost\n>p1 move airslash\n>p2 move roost\n>p1 move airslash\n>p2 move roost\n>p2 switch 6\n>p1 move leechseed\n>p2 move uturn\n>p2 switch 2\n>p1 move protect\n>p2 move rockpolish\n>p1 move substitute\n>p2 move moonblast\n>p2 switch 2\n>p1 move leechseed\n>p2 move bravebird\n>p1 move protect\n>p2 move bravebird\n>p1 move airslash terastallize\n>p2 move bravebird\n>p2 switch 4\n>p1 move protect\n>p2 move earthquake\n>p1 switch 4\n>p2 move earthquake\n>p1 move takeheart\n>p2 move yawn\n>p1 move grassknot\n>p2 move stealthrock", "uploadtime": 1733857225, "views": 1, "formatid": "gen9randombattle", "rating": 1373, "private": 0, "password": null}