{"id": "gen9randombattle-2260434611", "format": "[Gen 9] Random Battle", "players": ["Shshshauauaaau", "PoopFlubcus"], "log": "|j|\u2606Shshshauauaaau\n|j|\u2606PoopFlubcus\n|t:|1733851275\n|gametype|singles\n|player|p1|Shshshauauaaau|266|1043\n|player|p2|PoopFlubcus|1|1092\n|teamsize|p1|6\n|teamsize|p2|6\n|gen|9\n|tier|[Gen 9] Random Battle\n|rated|\n|rule|Species Clause: Limit one of each Pok\u00e9mon\n|rule|HP Percentage Mod: HP is shown in percentages\n|rule|Sleep Clause Mod: Limit one foe put to sleep\n|rule|Illusion Level Mod: Illusion disguises the Pok\u00e9mon's true level\n|\n|t:|1733851275\n|start\n|switch|p1a: Cresselia|Cresselia, L80, F|323/323\n|switch|p2a: Regice|Regice, L88|284/284\n|turn|1\n|inactive|Battle timer is ON: inactive players will automatically lose when time's up. (requested by Shshshauauaaau)\n|\n|t:|1733851290\n|move|p1a: Cresselia|Calm Mind|p1a: Cresselia\n|-boost|p1a: Cresselia|spa|1\n|-boost|p1a: Cresselia|spd|1\n|move|p2a: Regice|Thunder Wave|p1a: Cresselia\n|-status|p1a: Cresselia|par\n|\n|upkeep\n|turn|2\n|\n|t:|1733851299\n|switch|p2a: Zarude|Zarude-Dada, L78|292/292\n|move|p1a: Cresselia|Calm Mind|p1a: Cresselia\n|-boost|p1a: Cresselia|spa|1\n|-boost|p1a: Cresselia|spd|1\n|\n|upkeep\n|turn|3\n|\n|t:|1733851310\n|switch|p1a: Ting-Lu|Ting-Lu, L78|370/370\n|-ability|p1a: Ting-Lu|Vessel of Ruin\n|move|p2a: Zarude|Knock Off|p1a: Ting-Lu\n|-resisted|p1a: Ting-Lu\n|-damage|p1a: Ting-Lu|324/370\n|-enditem|p1a: Ting-Lu|Leftovers|[from] move: Knock Off|[of] p2a: Zarude\n|\n|upkeep\n|turn|4\n|\n|t:|1733851325\n|switch|p2a: Dipplin|Dipplin, L88, M|284/284\n|move|p1a: Ting-Lu|Stealth Rock|p2a: Dipplin\n|-sidestart|p2: PoopFlubcus|move: Stealth Rock\n|\n|upkeep\n|turn|5\n|\n|t:|1733851331\n|move|p2a: Dipplin|Giga Drain|p1a: Ting-Lu\n|-supereffective|p1a: Ting-Lu\n|-damage|p1a: Ting-Lu|174/370\n|move|p1a: Ting-Lu|Spikes|p2a: Dipplin\n|-sidestart|p2: PoopFlubcus|Spikes\n|\n|upkeep\n|turn|6\n|\n|t:|1733851339\n|switch|p1a: Cresselia|Cresselia, L80, F|323/323 par\n|move|p2a: Dipplin|Giga Drain|p1a: Cresselia\n|-damage|p1a: Cresselia|248/323 par\n|\n|-heal|p1a: Cresselia|268/323 par|[from] item: Leftovers\n|upkeep\n|turn|7\n|\n|t:|1733851345\n|move|p2a: Dipplin|Sucker Punch|p1a: Cresselia\n|-supereffective|p1a: Cresselia\n|-damage|p1a: Cresselia|184/323 par\n|move|p1a: Cresselia|Thunderbolt|p2a: Dipplin\n|-resisted|p2a: Dipplin\n|-damage|p2a: Dipplin|276/284\n|\n|-heal|p1a: Cresselia|204/323 par|[from] item: Leftovers\n|upkeep\n|turn|8\n|\n|t:|1733851348\n|move|p2a: Dipplin|Dragon Pulse|p1a: Cresselia\n|-damage|p1a: Cresselia|128/323 par\n|move|p1a: Cresselia|Calm Mind|p1a: Cresselia\n|-boost|p1a: Cresselia|spa|1\n|-boost|p1a: Cresselia|spd|1\n|\n|-heal|p1a: Cresselia|148/323 par|[from] item: Leftovers\n|upkeep\n|turn|9\n|\n|t:|1733851362\n|move|p2a: Dipplin|Dragon Pulse|p1a: Cresselia\n|-damage|p1a: Cresselia|96/323 par\n|move|p1a: Cresselia|Moonlight|p1a: Cresselia\n|-heal|p1a: Cresselia|257/323 par\n|\n|-heal|p1a: Cresselia|277/323 par|[from] item: Leftovers\n|upkeep\n|turn|10\n|\n|t:|1733851375\n|switch|p2a: Zarude|Zarude-Dada, L78|292/292\n|-damage|p2a: Zarude|256/292|[from] Stealth Rock\n|-damage|p2a: Zarude|220/292|[from] Spikes\n|move|p1a: Cresselia|Psyshock|p2a: Zarude\n|-immune|p2a: Zarude\n|\n|-heal|p1a: Cresselia|297/323 par|[from] item: Leftovers\n|upkeep\n|turn|11\n|\n|t:|1733851380\n|switch|p1a: Ting-Lu|Ting-Lu, L78|174/370\n|-ability|p1a: Ting-Lu|Vessel of Ruin\n|move|p2a: Zarude|Knock Off|p1a: Ting-Lu\n|-resisted|p1a: Ting-Lu\n|-damage|p1a: Ting-Lu|147/370\n|\n|upkeep\n|turn|12\n|\n|t:|1733851393\n|switch|p2a: Dipplin|Dipplin, L88, M|276/284\n|-damage|p2a: Dipplin|241/284|[from] Stealth Rock\n|-damage|p2a: Dipplin|206/284|[from] Spikes\n|move|p1a: Ting-Lu|Spikes|p2a: Dipplin\n|-sidestart|p2: PoopFlubcus|Spikes\n|\n|upkeep\n|turn|13\n|\n|t:|1733851398\n|switch|p1a: Cresselia|Cresselia, L80, F|297/323 par\n|move|p2a: Dipplin|Dragon Pulse|p1a: Cresselia\n|-damage|p1a: Cresselia|215/323 par\n|\n|-heal|p1a: Cresselia|235/323 par|[from] item: Leftovers\n|upkeep\n|turn|14\n|\n|t:|1733851403\n|move|p2a: Dipplin|Dragon Pulse|p1a: Cresselia\n|-damage|p1a: Cresselia|160/323 par\n|move|p1a: Cresselia|Calm Mind|p1a: Cresselia\n|-boost|p1a: Cresselia|spa|1\n|-boost|p1a: Cresselia|spd|1\n|\n|-heal|p1a: Cresselia|180/323 par|[from] item: Leftovers\n|upkeep\n|turn|15\n|\n|t:|1733851407\n|switch|p2a: Zarude|Zarude-Dada, L78|220/292\n|-damage|p2a: Zarude|184/292|[from] Stealth Rock\n|-damage|p2a: Zarude|136/292|[from] Spikes\n|move|p1a: Cresselia|Moonlight|p1a: Cresselia\n|-heal|p1a: Cresselia|323/323 par\n|\n|upkeep\n|turn|16\n|\n|t:|1733851410\n|move|p2a: Zarude|Power Whip|p1a: Cresselia\n|-damage|p1a: Cresselia|206/323 par\n|cant|p1a: Cresselia|par\n|\n|-heal|p1a: Cresselia|226/323 par|[from] item: Leftovers\n|upkeep\n|turn|17\n|\n|t:|1733851415\n|move|p2a: Zarude|Power Whip|p1a: Cresselia\n|-damage|p1a: Cresselia|108/323 par\n|move|p1a: Cresselia|Thunderbolt|p2a: Zarude\n|-resisted|p2a: Zarude\n|-damage|p2a: Zarude|97/292\n|\n|-heal|p1a: Cresselia|128/323 par|[from] item: Leftovers\n|upkeep\n|turn|18\n|\n|t:|1733851422\n|move|p2a: Zarude|Power Whip|p1a: Cresselia|[miss]\n|-miss|p2a: Zarude|p1a: Cresselia\n|cant|p1a: Cresselia|par\n|\n|-heal|p1a: Cresselia|148/323 par|[from] item: Leftovers\n|upkeep\n|turn|19\n|\n|t:|1733851424\n|move|p2a: Zarude|Power Whip|p1a: Cresselia|[miss]\n|-miss|p2a: Zarude|p1a: Cresselia\n|move|p1a: Cresselia|Thunderbolt|p2a: Zarude\n|-resisted|p2a: Zarude\n|-damage|p2a: Zarude|61/292\n|\n|-heal|p1a: Cresselia|168/323 par|[from] item: Leftovers\n|upkeep\n|turn|20\n|\n|t:|1733851427\n|move|p2a: Zarude|Power Whip|p1a: Cresselia|[miss]\n|-miss|p2a: Zarude|p1a: Cresselia\n|move|p1a: Cresselia|Thunderbolt|p2a: Zarude\n|-resisted|p2a: Zarude\n|-damage|p2a: Zarude|25/292\n|\n|-heal|p1a: Cresselia|188/323 par|[from] item: Leftovers\n|upkeep\n|turn|21\n|\n|t:|1733851429\n|move|p2a: Zarude|Power Whip|p1a: Cresselia|[miss]\n|-miss|p2a: Zarude|p1a: Cresselia\n|cant|p1a: Cresselia|par\n|\n|-heal|p1a: Cresselia|208/323 par|[from] item: Leftovers\n|upkeep\n|turn|22\n|\n|t:|1733851431\n|move|p2a: Zarude|Power Whip|p1a: Cresselia\n|-damage|p1a: Cresselia|82/323 par\n|cant|p1a: Cresselia|par\n|\n|-heal|p1a: Cresselia|102/323 par|[from] item: Leftovers\n|upkeep\n|turn|23\n|\n|t:|1733851435\n|move|p2a: Zarude|Power Whip|p1a: Cresselia|[miss]\n|-miss|p2a: Zarude|p1a: Cresselia\n|move|p1a: Cresselia|Thunderbolt|p2a: Zarude\n|-resisted|p2a: Zarude\n|-damage|p2a: Zarude|0 fnt\n|faint|p2a: Zarude\n|\n|-heal|p1a: Cresselia|122/323 par|[from] item: Leftovers\n|upkeep\n|\n|t:|1733851439\n|switch|p2a: Bastiodon|Bastiodon, L89, M|252/252\n|-damage|p2a: Bastiodon|237/252|[from] Stealth Rock\n|-damage|p2a: Bastiodon|195/252|[from] Spikes\n|turn|24\n|\n|t:|1733851446\n|switch|p1a: Iron Valiant|Iron Valiant, L78|244/244\n|move|p2a: Bastiodon|Iron Defense|p2a: Bastiodon\n|-boost|p2a: Bastiodon|def|2\n|\n|upkeep\n|turn|25\n|\n|t:|1733851454\n|move|p1a: Iron Valiant|Encore|p2a: Bastiodon\n|-start|p2a: Bastiodon|Encore\n|move|p2a: Bastiodon|Iron Defense|p2a: Bastiodon\n|-boost|p2a: Bastiodon|def|2\n|\n|upkeep\n|turn|26\n|\n|t:|1733851461\n|move|p1a: Iron Valiant|Close Combat|p2a: Bastiodon\n|-supereffective|p2a: Bastiodon\n|-damage|p2a: Bastiodon|55/252\n|-unboost|p1a: Iron Valiant|def|1\n|-unboost|p1a: Iron Valiant|spd|1\n|-damage|p1a: Iron Valiant|220/244|[from] item: Life Orb\n|move|p2a: Bastiodon|Iron Defense|p2a: Bastiodon\n|-boost|p2a: Bastiodon|def|2\n|\n|upkeep\n|turn|27\n|\n|t:|1733851467\n|-terastallize|p2a: Bastiodon|Fighting\n|move|p1a: Iron Valiant|Close Combat|p2a: Bastiodon\n|-damage|p2a: Bastiodon|30/252\n|-unboost|p1a: Iron Valiant|def|1\n|-unboost|p1a: Iron Valiant|spd|1\n|-damage|p1a: Iron Valiant|196/244|[from] item: Life Orb\n|move|p2a: Bastiodon|Iron Defense|p2a: Bastiodon\n|-boost|p2a: Bastiodon|def|0\n|\n|-end|p2a: Bastiodon|Encore\n|upkeep\n|turn|28\n|\n|t:|1733851472\n|move|p1a: Iron Valiant|Encore|p2a: Bastiodon\n|-start|p2a: Bastiodon|Encore\n|move|p2a: Bastiodon|Iron Defense|p2a: Bastiodon\n|-boost|p2a: Bastiodon|def|0\n|\n|upkeep\n|turn|29\n|l|\u2606PoopFlubcus\n|inactive|PoopFlubcus disconnected and has a minute to reconnect!\n|player|p2|\n|c|\u2606Shshshauauaaau|Well\n|inactive|PoopFlubcus has 30 seconds to reconnect!\n|inactive|PoopFlubcus has 20 seconds to reconnect!\n|inactive|PoopFlubcus has 15 seconds to reconnect!\n|inactive|PoopFlubcus has 10 seconds to reconnect!\n|c|\u2606Shshshauauaaau|Two good predictions helped me\n|inactive|PoopFlubcus has 5 seconds to reconnect!\n|c|\u2606Shshshauauaaau|and tons of luck\n|-message|PoopFlubcus lost due to inactivity.\n|\n|win|Shshshauauaaau\n|raw|Shshshauauaaau's rating: 1043 &rarr; <strong>1080</strong><br />(+37 for winning)\n|raw|PoopFlubcus's rating: 1075 &rarr; <strong>1052</strong><br />(-23 for losing)\n", "inputlog": ">version bfd83cad13791eb5a5a409923076391caf6fb4d4\n>start {\"formatid\":\"gen9randombattle\",\"seed\":[47305,23731,49633,59917],\"rated\":\"Rated battle\"}\n>player p1 {\"name\":\"Shshshauauaaau\",\"avatar\":\"266\",\"rating\":1043,\"seed\":[15490,41840,4546,64249]}\n>player p2 {\"name\":\"PoopFlubcus\",\"avatar\":\"1\",\"rating\":1092,\"seed\":[32371,61161,40163,64909]}\n>p1 move calmmind\n>p2 move thunderwave\n>p1 move calmmind\n>p2 switch 4\n>p1 switch 3\n>p2 move knockoff\n>p1 move stealthrock\n>p2 switch 5\n>p1 move spikes\n>p2 move gigadrain\n>p1 switch 3\n>p2 move gigadrain\n>p1 move thunderbolt\n>p2 move suckerpunch\n>p1 move calmmind\n>p2 move dragonpulse\n>p1 move moonlight\n>p2 move dragonpulse\n>p1 move psyshock\n>p2 switch 5\n>p1 switch 3\n>p2 move knockoff\n>p1 move spikes\n>p2 switch 5\n>p1 switch 3\n>p2 move dragonpulse\n>p1 move calmmind\n>p2 move dragonpulse\n>p1 move moonlight\n>p2 switch 5\n>p1 move thunderbolt\n>p2 move powerwhip\n>p1 move thunderbolt\n>p2 move powerwhip\n>p1 move thunderbolt\n>p2 move powerwhip\n>p1 move thunderbolt\n>p2 move powerwhip\n>p1 move thunderbolt\n>p2 move powerwhip\n>p1 move thunderbolt\n>p2 move powerwhip\n>p1 move thunderbolt\n>p2 move powerwhip\n>p1 move thunderbolt\n>p2 move powerwhip\n>p2 switch 2\n>p1 switch 6\n>p2 move irondefense\n>p1 move encore\n>p2 move foulplay\n>p1 move closecombat\n>p2 move irondefense\n>p1 move closecombat\n>p2 move irondefense terastallize\n>p1 move encore\n>p2 move rest\n>chat \u2606Shshshauauaaau|Well\n>chat \u2606Shshshauauaaau|Two good predictions helped me\n>chat \u2606Shshshauauaaau|and tons of luck\n>forcelose p2", "uploadtime": 1733851539, "views": 1, "formatid": "gen9randombattle", "rating": 1052, "private": 0, "password": null}