{"id": "gen9randombattle-2260688844", "format": "[Gen 9] Random Battle", "players": ["ppachecooo", "ultrainstinctolson"], "log": "|j|\u2606ppachecooo\n|j|\u2606ultrainstinctolson\n|t:|1733878678\n|gametype|singles\n|player|p1|ppachecooo|ghetsis|1421\n|player|p2|ultrainstinctolson|265|1421\n|teamsize|p1|6\n|teamsize|p2|6\n|gen|9\n|tier|[Gen 9] Random Battle\n|rated|\n|rule|Species Clause: Limit one of each Pok\u00e9mon\n|rule|HP Percentage Mod: HP is shown in percentages\n|rule|Sleep Clause Mod: Limit one foe put to sleep\n|rule|Illusion Level Mod: Illusion disguises the Pok\u00e9mon's true level\n|\n|t:|1733878678\n|start\n|switch|p1a: Porygon2|Porygon2, L82|274/274\n|switch|p2a: Palkia|Palkia, L75|259/259\n|-ability|p2a: Palkia|Pressure\n|-ability|p1a: Porygon2|Download|boost\n|-boost|p1a: Porygon2|atk|1\n|turn|1\n|inactive|Battle timer is ON: inactive players will automatically lose when time's up. (requested by ppachecooo)\n|inactive|ultrainstinctolson has 120 seconds left.\n|inactive|ultrainstinctolson has 90 seconds left.\n|\n|t:|1733878760\n|move|p2a: Palkia|Spacial Rend|p1a: Porygon2\n|-damage|p1a: Porygon2|160/274\n|move|p1a: Porygon2|Discharge|p2a: Palkia\n|-damage|p2a: Palkia|204/259\n|\n|upkeep\n|turn|2\n|\n|t:|1733878788\n|move|p2a: Palkia|Spacial Rend|p1a: Porygon2\n|-damage|p1a: Porygon2|42/274\n|move|p1a: Porygon2|Discharge|p2a: Palkia\n|-damage|p2a: Palkia|154/259\n|-status|p2a: Palkia|par\n|\n|upkeep\n|turn|3\n|\n|t:|1733878809\n|move|p1a: Porygon2|Recover|p1a: Porygon2\n|-heal|p1a: Porygon2|179/274\n|move|p2a: Palkia|Spacial Rend|p1a: Porygon2\n|-damage|p1a: Porygon2|70/274\n|\n|upkeep\n|turn|4\n|\n|t:|1733878817\n|switch|p2a: Trevenant|Trevenant, L88, F|293/293\n|move|p1a: Porygon2|Recover|p1a: Porygon2\n|-heal|p1a: Porygon2|207/274\n|\n|upkeep\n|turn|5\n|\n|t:|1733878820\n|switch|p1a: Sinistcha|Sinistcha, L83|254/254\n|move|p2a: Trevenant|Toxic|p1a: Sinistcha\n|-status|p1a: Sinistcha|tox\n|\n|-damage|p1a: Sinistcha|239/254 tox|[from] psn\n|upkeep\n|turn|6\n|inactive|ultrainstinctolson has 120 seconds left.\n|c|\u2606ppachecooo|hurry up omfg\n|c|\u2606ultrainstinctolson|bro got a reels attention span\n|\n|t:|1733878880\n|move|p1a: Sinistcha|Shadow Ball|p2a: Trevenant\n|-supereffective|p2a: Trevenant\n|-damage|p2a: Trevenant|101/293\n|-enditem|p2a: Trevenant|Sitrus Berry|[eat]\n|-heal|p2a: Trevenant|174/293|[from] item: Sitrus Berry\n|move|p2a: Trevenant|Poltergeist|p1a: Sinistcha\n|-activate|p1a: Sinistcha|move: Poltergeist|Leftovers\n|-supereffective|p1a: Sinistcha\n|-damage|p1a: Sinistcha|0 fnt\n|faint|p1a: Sinistcha\n|\n|-item|p2a: Trevenant|Sitrus Berry|[from] ability: Harvest\n|upkeep\n|\n|t:|1733878901\n|switch|p1a: Eelektross|Eelektross, L87, F|290/290\n|turn|7\n|\n|t:|1733878912\n|move|p2a: Trevenant|Toxic|p1a: Eelektross\n|-status|p1a: Eelektross|tox\n|move|p1a: Eelektross|Flamethrower|p2a: Trevenant\n|-supereffective|p2a: Trevenant\n|-damage|p2a: Trevenant|40/293\n|-enditem|p2a: Trevenant|Sitrus Berry|[eat]\n|-heal|p2a: Trevenant|113/293|[from] item: Sitrus Berry\n|\n|-damage|p1a: Eelektross|272/290 tox|[from] psn\n|upkeep\n|turn|8\n|\n|t:|1733878927\n|move|p2a: Trevenant|Protect|p2a: Trevenant\n|-singleturn|p2a: Trevenant|Protect\n|move|p1a: Eelektross|Flamethrower|p2a: Trevenant\n|-activate|p2a: Trevenant|move: Protect\n|\n|-damage|p1a: Eelektross|236/290 tox|[from] psn\n|upkeep\n|turn|9\n|inactive|ultrainstinctolson has 90 seconds left.\n|\n|t:|1733878953\n|switch|p2a: Ambipom|Ambipom, L84, M|263/263\n|move|p1a: Eelektross|Flamethrower|p2a: Ambipom\n|-damage|p2a: Ambipom|179/263\n|\n|-damage|p1a: Eelektross|182/290 tox|[from] psn\n|upkeep\n|turn|10\n|\n|t:|1733878964\n|move|p2a: Ambipom|Fake Out|p1a: Eelektross\n|-damage|p1a: Eelektross|101/290 tox\n|cant|p1a: Eelektross|flinch\n|\n|-damage|p1a: Eelektross|29/290 tox|[from] psn\n|upkeep\n|turn|11\n|\n|t:|1733878973\n|move|p2a: Ambipom|Low Kick|p1a: Eelektross\n|-damage|p1a: Eelektross|0 fnt\n|faint|p1a: Eelektross\n|\n|upkeep\n|\n|t:|1733878978\n|switch|p1a: Basculegion|Basculegion-F, L83, F|335/335\n|turn|12\n|\n|t:|1733878987\n|move|p2a: Ambipom|Knock Off|p1a: Basculegion\n|-supereffective|p1a: Basculegion\n|-damage|p1a: Basculegion|171/335\n|-enditem|p1a: Basculegion|Choice Specs|[from] move: Knock Off|[of] p2a: Ambipom\n|move|p1a: Basculegion|Hydro Pump|p2a: Ambipom\n|-damage|p2a: Ambipom|0 fnt\n|faint|p2a: Ambipom\n|\n|upkeep\n|\n|t:|1733879006\n|switch|p2a: Trevenant|Trevenant, L88, F|113/293\n|turn|13\n|\n|t:|1733879014\n|move|p1a: Basculegion|Shadow Ball|p2a: Trevenant\n|-supereffective|p2a: Trevenant\n|-damage|p2a: Trevenant|0 fnt\n|faint|p2a: Trevenant\n|\n|upkeep\n|\n|t:|1733879028\n|switch|p2a: Palkia|Palkia, L75|154/259 par\n|-ability|p2a: Palkia|Pressure\n|turn|14\n|\n|t:|1733879033\n|move|p1a: Basculegion|Shadow Ball|p2a: Palkia\n|-damage|p2a: Palkia|60/259 par\n|move|p2a: Palkia|Spacial Rend|p1a: Basculegion\n|-damage|p1a: Basculegion|0 fnt\n|faint|p1a: Basculegion\n|\n|upkeep\n|\n|t:|1733879057\n|switch|p1a: Blastoise|Blastoise, L80, F|258/258\n|turn|15\n|\n|t:|1733879062\n|move|p1a: Blastoise|Shell Smash|p1a: Blastoise\n|-unboost|p1a: Blastoise|def|1\n|-unboost|p1a: Blastoise|spd|1\n|-boost|p1a: Blastoise|atk|2\n|-boost|p1a: Blastoise|spa|2\n|-boost|p1a: Blastoise|spe|2\n|-enditem|p1a: Blastoise|White Herb\n|-clearnegativeboost|p1a: Blastoise|[silent]\n|cant|p2a: Palkia|par\n|\n|upkeep\n|turn|16\n|inactive|ppachecooo has 120 seconds left.\n|\n|t:|1733879112\n|move|p1a: Blastoise|Earthquake|p2a: Palkia\n|-damage|p2a: Palkia|0 fnt\n|faint|p2a: Palkia\n|\n|upkeep\n|\n|t:|1733879119\n|switch|p2a: Cramorant|Cramorant, L86, M|261/261\n|turn|17\n|\n|t:|1733879124\n|move|p1a: Blastoise|Ice Beam|p2a: Cramorant\n|-damage|p2a: Cramorant|164/261\n|move|p2a: Cramorant|Surf|p1a: Blastoise\n|-formechange|p2a: Cramorant|Cramorant-Gulping|\n|-resisted|p1a: Blastoise\n|-damage|p1a: Blastoise|217/258\n|\n|upkeep\n|turn|18\n|inactive|ppachecooo has 120 seconds left.\n|inactive|ppachecooo has 90 seconds left.\n|inactive|ppachecooo has 60 seconds left.\n|inactive|ppachecooo has 30 seconds left.\n|inactive|ppachecooo has 20 seconds left.\n|inactive|ppachecooo has 15 seconds left.\n|c|\u2606ultrainstinctolson|hurry up omfg\n|inactive|ppachecooo has 10 seconds left.\n|inactive|ppachecooo has 5 seconds left.\n|-message|ppachecooo lost due to inactivity.\n|\n|win|ultrainstinctolson\n|raw|ppachecooo's rating: 1421 &rarr; <strong>1401</strong><br />(-20 for losing)\n|raw|ultrainstinctolson's rating: 1421 &rarr; <strong>1441</strong><br />(+20 for winning)\n", "inputlog": ">version bfd83cad13791eb5a5a409923076391caf6fb4d4\n>start {\"formatid\":\"gen9randombattle\",\"seed\":[18192,14597,32932,9997],\"rated\":\"Rated battle\"}\n>player p1 {\"name\":\"ppachecooo\",\"avatar\":\"ghetsis\",\"rating\":1421,\"seed\":[18222,14616,57870,59791]}\n>player p2 {\"name\":\"ultrainstinctolson\",\"avatar\":\"265\",\"rating\":1421,\"seed\":[33836,13717,46850,11526]}\n>p1 move discharge\n>p2 move spacialrend\n>p1 move discharge\n>p2 move spacialrend\n>p1 move recover\n>p2 move spacialrend\n>p1 move recover\n>p2 switch 3\n>p1 switch 5\n>p2 move toxic\n>chat \u2606ppachecooo|hurry up omfg\n>chat \u2606ultrainstinctolson|bro got a reels attention span\n>p1 move shadowball\n>p2 move poltergeist\n>p1 switch 3\n>p1 move flamethrower\n>p2 move toxic\n>p1 move flamethrower\n>p2 move protect\n>p1 move flamethrower\n>p2 switch 4\n>p1 move uturn\n>p2 move fakeout\n>p1 move uturn\n>p2 move lowkick\n>p1 switch 2\n>p1 move hydropump\n>p2 move knockoff\n>p2 switch 4\n>p1 move shadowball\n>p2 move poltergeist\n>p2 switch 3\n>p1 move shadowball\n>p2 move spacialrend\n>p1 switch 4\n>p1 move shellsmash\n>p2 move spacialrend\n>p1 move earthquake\n>p2 move spacialrend\n>p2 switch 6\n>p1 move icebeam\n>p2 move surf\n>chat \u2606ultrainstinctolson|hurry up omfg\n>forcelose p1", "uploadtime": 1733879256, "views": 2, "formatid": "gen9randombattle", "rating": 1401, "private": 0, "password": null}