{"id": "gen9randombattle-2260414478", "format": "[Gen 9] Random Battle", "players": ["swinubfan123", "jpb1203"], "log": "|j|\u2606swinubfan123\n|j|\u2606jpb1203\n|t:|1733849323\n|gametype|singles\n|player|p1|swinubfan123|cynthia|\n|player|p2|jpb1203|n|\n|teamsize|p1|6\n|teamsize|p2|6\n|gen|9\n|tier|[Gen 9] Random Battle\n|rule|Species Clause: Limit one of each Pok\u00e9mon\n|rule|HP Percentage Mod: HP is shown in percentages\n|rule|Sleep Clause Mod: Limit one foe put to sleep\n|rule|Illusion Level Mod: Illusion disguises the Pok\u00e9mon's true level\n|\n|t:|1733849323\n|start\n|switch|p1a: Cinccino|Cinccino, L83, M|260/260\n|switch|p2a: Breloom|Breloom, L82, M|233/233\n|turn|1\n|inactive|Battle timer is ON: inactive players will automatically lose when time's up. (requested by swinubfan123)\n|\n|t:|1733849334\n|move|p1a: Cinccino|Triple Axel|p2a: Breloom\n|-supereffective|p2a: Breloom\n|-damage|p2a: Breloom|189/233\n|-supereffective|p2a: Breloom\n|-damage|p2a: Breloom|99/233\n|-supereffective|p2a: Breloom\n|-damage|p2a: Breloom|0 fnt\n|faint|p2a: Breloom\n|-hitcount|p2: Breloom|3\n|\n|upkeep\n|\n|t:|1733849346\n|switch|p2a: Rotom|Rotom-Frost, L87|229/229\n|turn|2\n|\n|t:|1733849353\n|move|p1a: Cinccino|U-turn|p2a: Rotom\n|-damage|p2a: Rotom|186/229\n|\n|t:|1733849356\n|switch|p1a: Phione|Phione, L91|293/293|[from] U-turn\n|move|p2a: Rotom|Will-O-Wisp|p1a: Phione|[miss]\n|-miss|p2a: Rotom|p1a: Phione\n|\n|upkeep\n|turn|3\n|\n|t:|1733849366\n|move|p2a: Rotom|Thunderbolt|p1a: Phione\n|-supereffective|p1a: Phione\n|-damage|p1a: Phione|63/293\n|move|p1a: Phione|Take Heart|p1a: Phione\n|-boost|p1a: Phione|spa|1\n|-boost|p1a: Phione|spd|1\n|\n|-heal|p1a: Phione|81/293|[from] item: Leftovers\n|upkeep\n|turn|4\n|\n|t:|1733849386\n|switch|p1a: Hypno|Hypno, L95, M|315/315\n|move|p2a: Rotom|Volt Switch|p1a: Hypno\n|-damage|p1a: Hypno|258/315\n|\n|t:|1733849396\n|switch|p2a: Klawf|Klawf, L90, M|272/272|[from] Volt Switch\n|\n|-heal|p1a: Hypno|277/315|[from] item: Leftovers\n|upkeep\n|turn|5\n|\n|t:|1733849404\n|move|p2a: Klawf|Knock Off|p1a: Hypno\n|-supereffective|p1a: Hypno\n|-crit|p1a: Hypno\n|-damage|p1a: Hypno|33/315\n|-enditem|p1a: Hypno|Leftovers|[from] move: Knock Off|[of] p2a: Klawf\n|move|p1a: Hypno|Toxic|p2a: Klawf\n|-status|p2a: Klawf|tox\n|\n|-damage|p2a: Klawf|255/272 tox|[from] psn\n|upkeep\n|turn|6\n|\n|t:|1733849413\n|switch|p1a: Phione|Phione, L91|81/293\n|move|p2a: Klawf|Knock Off|p1a: Phione\n|-damage|p1a: Phione|1/293\n|-enditem|p1a: Phione|Leftovers|[from] move: Knock Off|[of] p2a: Klawf\n|\n|-damage|p2a: Klawf|221/272 tox|[from] psn\n|upkeep\n|turn|7\n|\n|t:|1733849420\n|move|p1a: Phione|Rest|p1a: Phione\n|-status|p1a: Phione|slp|[from] move: Rest\n|-heal|p1a: Phione|293/293 slp|[silent]\n|move|p2a: Klawf|Knock Off|p1a: Phione\n|-damage|p1a: Phione|242/293 slp\n|\n|-damage|p2a: Klawf|170/272 tox|[from] psn\n|upkeep\n|turn|8\n|\n|t:|1733849427\n|switch|p1a: Cinccino|Cinccino, L83, M|260/260\n|switch|p2a: Rotom|Rotom-Frost, L87|186/229\n|\n|upkeep\n|turn|9\n|\n|t:|1733849433\n|move|p1a: Cinccino|Tail Slap|p2a: Rotom|[miss]\n|-miss|p1a: Cinccino|p2a: Rotom\n|move|p2a: Rotom|Will-O-Wisp|p1a: Cinccino\n|-status|p1a: Cinccino|brn\n|\n|-damage|p1a: Cinccino|244/260 brn|[from] brn\n|upkeep\n|turn|10\n|inactive|swinubfan123 has 270 seconds left.\n|\n|t:|1733849467\n|move|p1a: Cinccino|Tail Slap|p2a: Rotom\n|-damage|p2a: Rotom|171/229\n|-damage|p2a: Rotom|156/229\n|-damage|p2a: Rotom|140/229\n|-damage|p2a: Rotom|125/229\n|-hitcount|p2a: Rotom|4\n|move|p2a: Rotom|Blizzard|p1a: Cinccino|[miss]\n|-miss|p2a: Rotom|p1a: Cinccino\n|\n|-damage|p1a: Cinccino|228/260 brn|[from] brn\n|upkeep\n|turn|11\n|\n|t:|1733849477\n|move|p1a: Cinccino|Tail Slap|p2a: Rotom\n|-damage|p2a: Rotom|109/229\n|-damage|p2a: Rotom|94/229\n|-damage|p2a: Rotom|79/229\n|-damage|p2a: Rotom|63/229\n|-hitcount|p2a: Rotom|4\n|move|p2a: Rotom|Thunderbolt|p1a: Cinccino\n|-damage|p1a: Cinccino|92/260 brn\n|\n|-damage|p1a: Cinccino|76/260 brn|[from] brn\n|upkeep\n|turn|12\n|\n|t:|1733849487\n|move|p1a: Cinccino|Tail Slap|p2a: Rotom|[miss]\n|-miss|p1a: Cinccino|p2a: Rotom\n|move|p2a: Rotom|Thunderbolt|p1a: Cinccino\n|-damage|p1a: Cinccino|0 fnt\n|faint|p1a: Cinccino\n|\n|upkeep\n|inactive|swinubfan123 has 270 seconds left.\n|\n|t:|1733849507\n|switch|p1a: Palkia|Palkia-Origin, L72|249/249\n|-ability|p1a: Palkia|Pressure\n|turn|13\n|inactive|swinubfan123 has 270 seconds left.\n|\n|t:|1733849515\n|move|p1a: Palkia|Hydro Pump|p2a: Rotom\n|-damage|p2a: Rotom|0 fnt\n|faint|p2a: Rotom\n|\n|upkeep\n|\n|t:|1733849527\n|switch|p2a: Dodrio|Dodrio, L86, F|243/243\n|turn|14\n|\n|t:|1733849535\n|move|p2a: Dodrio|Swords Dance|p2a: Dodrio\n|-boost|p2a: Dodrio|atk|2\n|move|p1a: Palkia|Thunder Wave|p2a: Dodrio\n|-status|p2a: Dodrio|par\n|\n|upkeep\n|turn|15\n|\n|t:|1733849538\n|move|p1a: Palkia|Draco Meteor|p2a: Dodrio\n|-damage|p2a: Dodrio|23/243 par\n|-unboost|p1a: Palkia|spa|2\n|move|p2a: Dodrio|Knock Off|p1a: Palkia\n|-damage|p1a: Palkia|139/249\n|\n|upkeep\n|turn|16\n|\n|t:|1733849550\n|move|p1a: Palkia|Draco Meteor|p2a: Dodrio\n|-damage|p2a: Dodrio|0 fnt\n|-unboost|p1a: Palkia|spa|2\n|faint|p2a: Dodrio\n|\n|upkeep\n|\n|t:|1733849553\n|switch|p2a: Archaludon|Archaludon, L78, M|268/268\n|turn|17\n|\n|t:|1733849557\n|switch|p1a: Phione|Phione, L91|242/293 slp\n|move|p2a: Archaludon|Swords Dance|p2a: Archaludon\n|-boost|p2a: Archaludon|atk|2\n|\n|upkeep\n|turn|18\n|\n|t:|1733849568\n|cant|p1a: Phione|slp\n|move|p2a: Archaludon|Swords Dance|p2a: Archaludon\n|-boost|p2a: Archaludon|atk|2\n|\n|upkeep\n|turn|19\n|\n|t:|1733849575\n|cant|p1a: Phione|slp\n|move|p2a: Archaludon|Swords Dance|p2a: Archaludon\n|-boost|p2a: Archaludon|atk|2\n|\n|upkeep\n|turn|20\n|\n|t:|1733849584\n|-curestatus|p1a: Phione|slp|[msg]\n|move|p1a: Phione|Scald|p2a: Archaludon\n|-resisted|p2a: Archaludon\n|-damage|p2a: Archaludon|211/268\n|-status|p2a: Archaludon|brn\n|-enditem|p2a: Archaludon|Lum Berry|[eat]\n|-curestatus|p2a: Archaludon|brn|[msg]\n|-ability|p2a: Archaludon|Stamina|boost\n|-boost|p2a: Archaludon|def|1\n|move|p2a: Archaludon|Iron Head|p1a: Phione\n|-resisted|p1a: Phione\n|-damage|p1a: Phione|82/293\n|\n|upkeep\n|turn|21\n|\n|t:|1733849599\n|move|p1a: Phione|Scald|p2a: Archaludon\n|-resisted|p2a: Archaludon\n|-damage|p2a: Archaludon|154/268\n|-ability|p2a: Archaludon|Stamina|boost\n|-boost|p2a: Archaludon|def|1\n|move|p2a: Archaludon|Iron Head|p1a: Phione\n|-resisted|p1a: Phione\n|-damage|p1a: Phione|0 fnt\n|faint|p1a: Phione\n|\n|upkeep\n|inactive|swinubfan123 has 270 seconds left.\n|\n|t:|1733849625\n|switch|p1a: Hypno|Hypno, L95, M|33/315\n|turn|22\n|\n|t:|1733849628\n|move|p1a: Hypno|Focus Blast|p2a: Archaludon\n|-supereffective|p2a: Archaludon\n|-crit|p2a: Archaludon\n|-damage|p2a: Archaludon|0 fnt\n|faint|p2a: Archaludon\n|\n|upkeep\n|\n|t:|1733849633\n|switch|p2a: Klawf|Klawf, L90, M|170/272 tox\n|turn|23\n|\n|t:|1733849639\n|move|p1a: Hypno|Protect|p1a: Hypno\n|-singleturn|p1a: Hypno|Protect\n|move|p2a: Klawf|Knock Off|p1a: Hypno\n|-activate|p1a: Hypno|move: Protect\n|\n|-damage|p2a: Klawf|153/272 tox|[from] psn\n|upkeep\n|turn|24\n|inactive|swinubfan123 has 270 seconds left.\n|\n|t:|1733849671\n|switch|p1a: Stonjourner|Stonjourner, L91, M|330/330\n|move|p2a: Klawf|Knock Off|p1a: Stonjourner\n|-damage|p1a: Stonjourner|274/330\n|-enditem|p1a: Stonjourner|Life Orb|[from] move: Knock Off|[of] p2a: Klawf\n|\n|-damage|p2a: Klawf|119/272 tox|[from] psn\n|upkeep\n|turn|25\n|\n|t:|1733849679\n|move|p2a: Klawf|Crabhammer|p1a: Stonjourner\n|-supereffective|p1a: Stonjourner\n|-damage|p1a: Stonjourner|160/330\n|move|p1a: Stonjourner|Rock Polish|p1a: Stonjourner\n|-boost|p1a: Stonjourner|spe|2\n|\n|-damage|p2a: Klawf|68/272 tox|[from] psn\n|upkeep\n|turn|26\n|\n|t:|1733849685\n|move|p1a: Stonjourner|Earthquake|p2a: Klawf\n|-supereffective|p2a: Klawf\n|-damage|p2a: Klawf|0 fnt\n|faint|p2a: Klawf\n|\n|upkeep\n|\n|t:|1733849688\n|switch|p2a: Sceptile|Sceptile, L87, F|264/264\n|turn|27\n|\n|t:|1733849693\n|move|p1a: Stonjourner|Heat Crash|p2a: Sceptile\n|-supereffective|p2a: Sceptile\n|-damage|p2a: Sceptile|0 fnt\n|faint|p2a: Sceptile\n|\n|win|swinubfan123\n|l|\u2606jpb1203\n|player|p2|\n", "inputlog": ">version bfd83cad13791eb5a5a409923076391caf6fb4d4\n>start {\"formatid\":\"gen9randombattle\",\"seed\":[16523,28248,53726,31997]}\n>player p1 {\"name\":\"swinubfan123\",\"avatar\":\"cynthia\",\"rating\":0,\"seed\":[55034,52726,16817,15923]}\n>player p2 {\"name\":\"jpb1203\",\"avatar\":\"n\",\"rating\":0,\"seed\":[34039,26710,6849,47075]}\n>p1 move tripleaxel\n>p2 move swordsdance\n>p2 switch 2\n>p1 move uturn\n>p2 move willowisp\n>p1 switch 4\n>p1 move takeheart\n>p2 move thunderbolt\n>p1 switch 3\n>p2 move voltswitch\n>p2 switch 6\n>p1 move toxic\n>p2 move knockoff\n>p1 switch 3\n>p2 move knockoff\n>p1 move rest\n>p2 move knockoff\n>p1 switch 4\n>p2 switch 6\n>p1 move tailslap\n>p2 move willowisp\n>p1 move tailslap\n>p2 move blizzard\n>p1 move tailslap\n>p2 move thunderbolt\n>p1 move tailslap\n>p2 move thunderbolt\n>p1 switch 2\n>p1 move hydropump\n>p2 move willowisp\n>p2 switch 5\n>p1 move thunderwave\n>p2 move swordsdance\n>p1 move dracometeor\n>p2 move knockoff\n>p1 move dracometeor\n>p2 move bravebird\n>p2 switch 3\n>p1 switch 4\n>p2 move swordsdance\n>p1 move scald\n>p2 move swordsdance\n>p1 move scald\n>p2 move swordsdance\n>p1 move scald\n>p2 move ironhead\n>p1 move scald\n>p2 move ironhead\n>p1 switch 3\n>p1 move focusblast\n>p2 move ironhead\n>p2 switch 6\n>p1 move protect\n>p2 move knockoff\n>p1 switch 5\n>p2 move knockoff\n>p1 move rockpolish\n>p2 move crabhammer\n>p1 move earthquake\n>p2 move crabhammer\n>p2 switch 4\n>p1 move heatcrash\n>p2 move earthquake", "uploadtime": 1733850521, "views": 2, "formatid": "gen9randombattle", "rating": null, "private": 0, "password": null}