{"id": "gen9randombattle-2199353636", "format": "[Gen 9] Random Battle", "players": ["RBLT fraudsual", "RBLT Star Wheel"], "log": "|badge|p1|bronze|gen9randombattle|100-2\n|uhtml|medal-msg|<div class=\"broadcast-blue\">Curious what those medals under the avatar are? PS now has Ladder Seasons! For more information, check out the <a href=\"https://www.smogon.com/forums/threads/3740067/\">thread on Smogon.</a></div>\n|badge|p2|bronze|gen9randombattle|100-2\n|uhtml|medal-msg|<div class=\"broadcast-blue\">Curious what those medals under the avatar are? PS now has Ladder Seasons! For more information, check out the <a href=\"https://www.smogon.com/forums/threads/3740067/\">thread on Smogon.</a></div>\n|j|\u2606RBLT fraudsual\n|j|\u2606RBLT Star Wheel\n|t:|1726067940\n|gametype|singles\n|player|p1|RBLT fraudsual|silver|2302\n|player|p2|RBLT Star Wheel|darach-caitlin|2337\n|teamsize|p1|6\n|teamsize|p2|6\n|gen|9\n|tier|[Gen 9] Random Battle\n|rated|\n|rule|Species Clause: Limit one of each Pok\u00e9mon\n|rule|HP Percentage Mod: HP is shown in percentages\n|rule|Sleep Clause Mod: Limit one foe put to sleep\n|rule|Illusion Level Mod: Illusion disguises the Pok\u00e9mon's true level\n|\n|t:|1726067940\n|start\n|switch|p1a: Arbok|Arbok, L87, M|246/246\n|switch|p2a: Regigigas|Regigigas, L84|322/322\n|-start|p2a: Regigigas|ability: Slow Start\n|-ability|p1a: Arbok|Intimidate|boost\n|-unboost|p2a: Regigigas|atk|1\n|turn|1\n|inactive|Battle timer is ON: inactive players will automatically lose when time's up. (requested by RBLT Star Wheel)\n|inactive|RBLT Star Wheel has 120 seconds left.\n|\n|t:|1726067973\n|move|p1a: Arbok|Toxic Spikes|p2a: Regigigas\n|-sidestart|p2: RBLT Star Wheel|move: Toxic Spikes\n|move|p2a: Regigigas|Body Slam|p1a: Arbok\n|-damage|p1a: Arbok|191/246\n|\n|upkeep\n|turn|2\n|\n|t:|1726067981\n|move|p1a: Arbok|Glare|p2a: Regigigas\n|-status|p2a: Regigigas|par\n|move|p2a: Regigigas|Body Slam|p1a: Arbok\n|-damage|p1a: Arbok|137/246\n|\n|upkeep\n|turn|3\n|\n|t:|1726068010\n|switch|p1a: Probopass|Probopass, L92, F|260/260\n|move|p2a: Regigigas|Body Slam|p1a: Probopass\n|-resisted|p1a: Probopass\n|-damage|p1a: Probopass|253/260\n|-status|p1a: Probopass|par\n|\n|-heal|p1a: Probopass|260/260 par|[from] item: Leftovers\n|upkeep\n|turn|4\n|j| RBLT MKiSS\n|\n|t:|1726068016\n|cant|p1a: Probopass|par\n|move|p2a: Regigigas|Knock Off|p1a: Probopass\n|-crit|p1a: Probopass\n|-damage|p1a: Probopass|208/260 par\n|-enditem|p1a: Probopass|Leftovers|[from] move: Knock Off|[of] p2a: Regigigas\n|\n|upkeep\n|turn|5\n|\n|t:|1726068027\n|-end|p2a: Regigigas|Slow Start|[silent]\n|switch|p2a: Dragalge|Dragalge, L88, M|258/258\n|-sideend|p2: RBLT Star Wheel|move: Toxic Spikes|[of] p2a: Dragalge\n|move|p1a: Probopass|Thunder Wave|p2a: Dragalge|[miss]\n|-miss|p1a: Probopass|p2a: Dragalge\n|\n|upkeep\n|turn|6\n|\n|t:|1726068036\n|switch|p1a: Uxie|Uxie, L83|260/260\n|move|p2a: Dragalge|Focus Blast|p1a: Uxie\n|-resisted|p1a: Uxie\n|-damage|p1a: Uxie|225/260\n|\n|-heal|p1a: Uxie|241/260|[from] item: Leftovers\n|upkeep\n|turn|7\n|j| Shinjou Akane\n|l| Shinjou Akane\n|\n|t:|1726068060\n|switch|p2a: Regigigas|Regigigas, L84|322/322 par\n|-start|p2a: Regigigas|ability: Slow Start\n|move|p1a: Uxie|Stealth Rock|p2a: Regigigas\n|-sidestart|p2: RBLT Star Wheel|move: Stealth Rock\n|\n|-heal|p1a: Uxie|257/260|[from] item: Leftovers\n|upkeep\n|turn|8\n|inactive|RBLT Star Wheel has 120 seconds left.\n|\n|t:|1726068076\n|move|p1a: Uxie|Knock Off|p2a: Regigigas\n|-crit|p2a: Regigigas\n|-damage|p2a: Regigigas|252/322 par\n|-enditem|p2a: Regigigas|Leftovers|[from] move: Knock Off|[of] p1a: Uxie\n|cant|p2a: Regigigas|par\n|\n|-heal|p1a: Uxie|260/260|[from] item: Leftovers\n|upkeep\n|turn|9\n|\n|t:|1726068080\n|switch|p1a: Probopass|Probopass, L92, F|208/260 par\n|move|p2a: Regigigas|Knock Off|p1a: Probopass\n|-damage|p1a: Probopass|188/260 par\n|\n|upkeep\n|turn|10\n|inactive|RBLT Star Wheel has 120 seconds left.\n|j| Hounds of Fate\n|inactive|RBLT Star Wheel has 90 seconds left.\n|\n|t:|1726068137\n|-end|p2a: Regigigas|Slow Start|[silent]\n|switch|p2a: Dragalge|Dragalge, L88, M|258/258\n|-damage|p2a: Dragalge|226/258|[from] Stealth Rock\n|move|p1a: Probopass|Iron Defense|p1a: Probopass\n|-boost|p1a: Probopass|def|2\n|\n|-heal|p2a: Dragalge|242/258|[from] item: Leftovers\n|upkeep\n|turn|11\n|j| TommyRiva\n|inactive|RBLT Star Wheel has 90 seconds left.\n|\n|t:|1726068159\n|switch|p1a: Uxie|Uxie, L83|260/260\n|move|p2a: Dragalge|Sludge Wave|p1a: Uxie\n|-damage|p1a: Uxie|154/260\n|\n|-heal|p1a: Uxie|170/260|[from] item: Leftovers\n|-heal|p2a: Dragalge|258/258|[from] item: Leftovers\n|upkeep\n|turn|12\n|\n|t:|1726068164\n|move|p1a: Uxie|Psychic Noise|p2a: Dragalge\n|-supereffective|p2a: Dragalge\n|-damage|p2a: Dragalge|168/258\n|-start|p2a: Dragalge|move: Heal Block\n|move|p2a: Dragalge|Sludge Wave|p1a: Uxie\n|-damage|p1a: Uxie|54/260\n|\n|-heal|p1a: Uxie|70/260|[from] item: Leftovers\n|upkeep\n|turn|13\n|\n|t:|1726068177\n|switch|p1a: Arbok|Arbok, L87, M|137/246\n|-ability|p1a: Arbok|Intimidate|boost\n|-unboost|p2a: Dragalge|atk|1\n|move|p2a: Dragalge|Draco Meteor|p1a: Arbok\n|-damage|p1a: Arbok|0 fnt\n|-unboost|p2a: Dragalge|spa|2\n|faint|p1a: Arbok\n|\n|-end|p2a: Dragalge|move: Heal Block\n|upkeep\n|\n|t:|1726068185\n|switch|p1a: Uxie|Uxie, L83|70/260\n|turn|14\n|inactive|RBLT Star Wheel has 90 seconds left.\n|l| RBLT MKiSS\n|\n|t:|1726068214\n|switch|p2a: Regigigas|Regigigas, L84|252/322 par\n|-damage|p2a: Regigigas|212/322 par|[from] Stealth Rock\n|-start|p2a: Regigigas|ability: Slow Start\n|move|p1a: Uxie|Psychic Noise|p2a: Regigigas\n|-damage|p2a: Regigigas|161/322 par\n|-start|p2a: Regigigas|move: Heal Block\n|\n|-heal|p1a: Uxie|86/260|[from] item: Leftovers\n|upkeep\n|turn|15\n|j| rblt L\n|\n|t:|1726068221\n|move|p1a: Uxie|Psychic Noise|p2a: Regigigas\n|-damage|p2a: Regigigas|110/322 par\n|move|p2a: Regigigas|Body Slam|p1a: Uxie\n|-damage|p1a: Uxie|38/260\n|\n|-heal|p1a: Uxie|54/260|[from] item: Leftovers\n|-end|p2a: Regigigas|move: Heal Block\n|upkeep\n|turn|16\n|\n|t:|1726068229\n|move|p1a: Uxie|Psychic Noise|p2a: Regigigas\n|-damage|p2a: Regigigas|55/322 par\n|-start|p2a: Regigigas|move: Heal Block\n|cant|p2a: Regigigas|move: Heal Block|Rest\n|\n|-heal|p1a: Uxie|70/260|[from] item: Leftovers\n|upkeep\n|turn|17\n|j| RBLT Drifting\n|\n|t:|1726068244\n|move|p1a: Uxie|Encore|p2a: Regigigas\n|-start|p2a: Regigigas|Encore\n|cant|p2a: Regigigas|par\n|\n|-heal|p1a: Uxie|86/260|[from] item: Leftovers\n|-end|p2a: Regigigas|move: Heal Block\n|upkeep\n|turn|18\n|\n|t:|1726068249\n|move|p1a: Uxie|Psychic Noise|p2a: Regigigas\n|-damage|p2a: Regigigas|0 fnt\n|faint|p2a: Regigigas\n|-end|p2a: Regigigas|Slow Start|[silent]\n|\n|-heal|p1a: Uxie|102/260|[from] item: Leftovers\n|upkeep\n|\n|t:|1726068254\n|switch|p2a: Slither Wing|Slither Wing, L81|270/270\n|-damage|p2a: Slither Wing|237/270|[from] Stealth Rock\n|turn|19\n|\n|t:|1726068267\n|move|p2a: Slither Wing|U-turn|p1a: Uxie\n|-supereffective|p1a: Uxie\n|-damage|p1a: Uxie|0 fnt\n|faint|p1a: Uxie\n|\n|t:|1726068282\n|-end|p2a: Slither Wing|Protosynthesis|[silent]\n|switch|p2a: Dragalge|Dragalge, L88, M|168/258|[from] U-turn\n|-damage|p2a: Dragalge|136/258|[from] Stealth Rock\n|\n|-heal|p2a: Dragalge|152/258|[from] item: Leftovers\n|upkeep\n|\n|t:|1726068305\n|switch|p1a: Ditto|Ditto, L87|225/225\n|-transform|p1a: Ditto|p2a: Dragalge|[from] ability: Imposter\n|turn|20\n|inactive|RBLT Star Wheel has 120 seconds left.\n|\n|t:|1726068334\n|switch|p1a: Basculin|Basculin-Blue-Striped, L86, F|261/261\n|move|p2a: Dragalge|Draco Meteor|p1a: Basculin\n|-damage|p1a: Basculin|5/261\n|-unboost|p2a: Dragalge|spa|2\n|\n|-heal|p2a: Dragalge|168/258|[from] item: Leftovers\n|upkeep\n|turn|21\n|inactive|RBLT fraudsual has 120 seconds left.\n|\n|t:|1726068361\n|move|p1a: Basculin|Wave Crash|p2a: Dragalge\n|-resisted|p2a: Dragalge\n|-damage|p2a: Dragalge|55/258\n|-damage|p1a: Basculin|0 fnt|[from] Recoil\n|faint|p1a: Basculin\n|move|p2a: Dragalge|Toxic Spikes|p1: Basculin\n|-sidestart|p1: RBLT fraudsual|move: Toxic Spikes\n|\n|-heal|p2a: Dragalge|71/258|[from] item: Leftovers\n|upkeep\n|\n|t:|1726068366\n|switch|p1a: Probopass|Probopass, L92, F|188/260 par\n|turn|22\n|\n|t:|1726068369\n|move|p2a: Dragalge|Focus Blast|p1a: Probopass\n|-supereffective|p1a: Probopass\n|-damage|p1a: Probopass|80/260 par\n|cant|p1a: Probopass|par\n|\n|-heal|p2a: Dragalge|87/258|[from] item: Leftovers\n|upkeep\n|turn|23\n|j| x cooking soul\n|-message|RBLT fraudsual forfeited.\n|\n|win|RBLT Star Wheel\n|raw|RBLT fraudsual's rating: 2302 &rarr; <strong>2283</strong><br />(-19 for losing)\n|raw|RBLT Star Wheel's rating: 2316 &rarr; <strong>2335</strong><br />(+19 for winning)\n|l| rblt L\n|l|\u2606RBLT fraudsual\n|player|p1|\n|l| TommyRiva\n", "inputlog": ">version 4aaeaf600b1c44f5d740f3e60432e126c6a1bdf3\n>start {\"formatid\":\"gen9randombattle\",\"seed\":[53962,12525,52177,32014],\"rated\":\"Rated battle\"}\n>player p1 {\"name\":\"RBLT fraudsual\",\"avatar\":\"silver\",\"rating\":2302,\"seed\":[52342,18807,59114,32426]}\n>player p2 {\"name\":\"RBLT Star Wheel\",\"avatar\":\"darach-caitlin\",\"rating\":2337,\"seed\":[5046,29951,56463,57499]}\n>p1 move toxicspikes\n>p2 move bodyslam\n>p1 move glare\n>p2 move bodyslam\n>p1 switch 5\n>p2 move bodyslam\n>p1 move thunderwave\n>p2 move knockoff\n>p1 move thunderwave\n>p2 switch 5\n>p1 switch 6\n>p2 move focusblast\n>p1 move stealthrock\n>p2 switch 5\n>p1 move knockoff\n>p2 move bodyslam\n>p1 switch 6\n>p2 move knockoff\n>p1 move irondefense\n>p2 switch 5\n>p1 switch 6\n>p2 move sludgewave\n>p1 move psychicnoise\n>p2 move sludgewave\n>p1 switch 5\n>p2 move dracometeor\n>p1 switch 5\n>p1 move psychicnoise\n>p2 switch 5\n>p1 move psychicnoise\n>p2 move bodyslam\n>p1 move psychicnoise\n>p2 move rest\n>p1 move encore\n>p2 move knockoff\n>p1 move psychicnoise\n>p2 move bodyslam\n>p2 switch 6\n>p1 move psychicnoise\n>p2 move uturn\n>p2 switch 5\n>p1 switch 4\n>p1 switch 2\n>p2 move dracometeor\n>p1 move wavecrash\n>p2 move toxicspikes\n>p1 switch 6\n>p1 move thunderwave\n>p2 move focusblast\n>forcelose p1", "uploadtime": 1726068420, "views": 93, "formatid": "gen9randombattle", "rating": 2283, "private": 0, "password": null}