{"id": "gen9randombattle-2260282268", "format": "[Gen 9] Random Battle", "players": ["ch34t", "Clack Volley"], "log": "|j|\u2606ch34t\n|j|\u2606Clack Volley\n|t:|1733834709\n|gametype|singles\n|player|p1|ch34t|102|1687\n|player|p2|Clack Volley|gambler|1681\n|teamsize|p1|6\n|teamsize|p2|6\n|gen|9\n|tier|[Gen 9] Random Battle\n|rated|\n|rule|Species Clause: Limit one of each Pok\u00e9mon\n|rule|HP Percentage Mod: HP is shown in percentages\n|rule|Sleep Clause Mod: Limit one foe put to sleep\n|rule|Illusion Level Mod: Illusion disguises the Pok\u00e9mon's true level\n|\n|t:|1733834709\n|start\n|switch|p1a: Zangoose|Zangoose, L85, M|263/263\n|switch|p2a: Reshiram|Reshiram, L76|277/277\n|-ability|p2a: Reshiram|Turboblaze\n|turn|1\n|inactive|Battle timer is ON: inactive players will automatically lose when time's up. (requested by ch34t)\n|\n|t:|1733834727\n|move|p1a: Zangoose|Swords Dance|p1a: Zangoose\n|-boost|p1a: Zangoose|atk|2\n|move|p2a: Reshiram|Blue Flare|p1a: Zangoose\n|-damage|p1a: Zangoose|56/263\n|\n|-status|p1a: Zangoose|tox|[from] item: Toxic Orb\n|upkeep\n|turn|2\n|\n|t:|1733834737\n|move|p1a: Zangoose|Facade|p2a: Reshiram\n|-damage|p2a: Reshiram|0 fnt\n|faint|p2a: Reshiram\n|\n|-damage|p1a: Zangoose|40/263 tox|[from] psn\n|upkeep\n|\n|t:|1733834743\n|switch|p2a: Sceptile|Sceptile, L87, M|264/264\n|turn|3\n|\n|t:|1733834746\n|move|p1a: Zangoose|Quick Attack|p2a: Sceptile\n|-damage|p2a: Sceptile|92/264\n|move|p2a: Sceptile|Substitute|p2a: Sceptile\n|-start|p2a: Sceptile|Substitute\n|-damage|p2a: Sceptile|26/264\n|\n|-heal|p2a: Sceptile|42/264|[from] item: Leftovers\n|-damage|p1a: Zangoose|8/263 tox|[from] psn\n|upkeep\n|turn|4\n|\n|t:|1733834751\n|move|p1a: Zangoose|Quick Attack|p2a: Sceptile\n|-end|p2a: Sceptile|Substitute\n|move|p2a: Sceptile|Giga Drain|p1a: Zangoose\n|-damage|p1a: Zangoose|0 fnt\n|-heal|p2a: Sceptile|46/264|[from] drain|[of] p1a: Zangoose\n|faint|p1a: Zangoose\n|\n|-heal|p2a: Sceptile|62/264|[from] item: Leftovers\n|upkeep\n|\n|t:|1733834766\n|switch|p1a: Cacturne|Cacturne, L92, M|278/278\n|turn|5\n|\n|t:|1733834771\n|move|p1a: Cacturne|Sucker Punch|p2a: Sceptile\n|-damage|p2a: Sceptile|0 fnt\n|faint|p2a: Sceptile\n|-damage|p1a: Cacturne|251/278|[from] item: Life Orb\n|\n|upkeep\n|\n|t:|1733834773\n|switch|p2a: Pyroar|Pyroar, L88, F|295/295\n|-ability|p2a: Pyroar|Unnerve\n|turn|6\n|\n|t:|1733834781\n|move|p2a: Pyroar|Will-O-Wisp|p1a: Cacturne\n|-status|p1a: Cacturne|brn\n|move|p1a: Cacturne|Swords Dance|p1a: Cacturne\n|-boost|p1a: Cacturne|atk|2\n|\n|-damage|p1a: Cacturne|234/278 brn|[from] brn\n|upkeep\n|turn|7\n|\n|t:|1733834786\n|move|p1a: Cacturne|Sucker Punch|p2a: Pyroar\n|-damage|p2a: Pyroar|147/295\n|-damage|p1a: Cacturne|207/278 brn|[from] item: Life Orb\n|move|p2a: Pyroar|Fire Blast|p1a: Cacturne|[miss]\n|-miss|p2a: Pyroar|p1a: Cacturne\n|\n|-damage|p1a: Cacturne|190/278 brn|[from] brn\n|upkeep\n|turn|8\n|\n|t:|1733834789\n|move|p1a: Cacturne|Sucker Punch|p2a: Pyroar\n|-damage|p2a: Pyroar|14/295\n|-damage|p1a: Cacturne|163/278 brn|[from] item: Life Orb\n|move|p2a: Pyroar|Fire Blast|p1a: Cacturne\n|-supereffective|p1a: Cacturne\n|-damage|p1a: Cacturne|0 fnt\n|faint|p1a: Cacturne\n|\n|upkeep\n|\n|t:|1733834794\n|switch|p1a: Tatsugiri|Tatsugiri-Droopy, L87, F|260/260\n|turn|9\n|\n|t:|1733834799\n|move|p2a: Pyroar|Hyper Voice|p1a: Tatsugiri\n|-damage|p1a: Tatsugiri|157/260\n|move|p1a: Tatsugiri|Rapid Spin|p2a: Pyroar\n|-damage|p2a: Pyroar|0 fnt\n|-boost|p1a: Tatsugiri|spe|1\n|faint|p2a: Pyroar\n|\n|upkeep\n|\n|t:|1733834803\n|switch|p2a: Vileplume|Vileplume, L85, F|266/266\n|turn|10\n|\n|t:|1733834807\n|switch|p1a: Zebstrika|Zebstrika, L87, F|272/272\n|move|p2a: Vileplume|Sleep Powder|p1a: Zebstrika\n|-ability|p1a: Zebstrika|Sap Sipper|boost\n|-boost|p1a: Zebstrika|atk|1\n|\n|upkeep\n|turn|11\n|\n|t:|1733834815\n|move|p1a: Zebstrika|Supercell Slam|p2a: Vileplume\n|-resisted|p2a: Vileplume\n|-damage|p2a: Vileplume|153/266\n|-damage|p1a: Zebstrika|245/272|[from] item: Life Orb\n|move|p2a: Vileplume|Sludge Bomb|p1a: Zebstrika\n|-damage|p1a: Zebstrika|109/272\n|\n|-heal|p2a: Vileplume|169/266|[from] item: Leftovers\n|upkeep\n|turn|12\n|\n|t:|1733834818\n|move|p1a: Zebstrika|Overheat|p2a: Vileplume\n|-supereffective|p2a: Vileplume\n|-damage|p2a: Vileplume|0 fnt\n|-unboost|p1a: Zebstrika|spa|2\n|faint|p2a: Vileplume\n|-damage|p1a: Zebstrika|82/272|[from] item: Life Orb\n|\n|upkeep\n|\n|t:|1733834826\n|switch|p2a: Samurott|Samurott-Hisui, L77, F|265/265\n|turn|13\n|\n|t:|1733834833\n|move|p2a: Samurott|Sacred Sword|p1a: Zebstrika\n|-damage|p1a: Zebstrika|0 fnt\n|faint|p1a: Zebstrika\n|\n|upkeep\n|\n|t:|1733834837\n|switch|p1a: Politoed|Politoed, L88, M|302/302\n|-weather|RainDance|[from] ability: Drizzle|[of] p1a: Politoed\n|turn|14\n|\n|t:|1733834839\n|move|p2a: Samurott|Sacred Sword|p1a: Politoed\n|-damage|p1a: Politoed|200/302\n|move|p1a: Politoed|Hypnosis|p2a: Samurott|[miss]\n|-miss|p1a: Politoed|p2a: Samurott\n|\n|-weather|RainDance|[upkeep]\n|upkeep\n|turn|15\n|\n|t:|1733834844\n|move|p2a: Samurott|Sacred Sword|p1a: Politoed\n|-damage|p1a: Politoed|114/302\n|move|p1a: Politoed|Hypnosis|p2a: Samurott\n|-status|p2a: Samurott|slp|[from] move: Hypnosis\n|\n|-weather|RainDance|[upkeep]\n|upkeep\n|turn|16\n|\n|t:|1733834850\n|switch|p1a: Cresselia|Cresselia, L80, F|323/323\n|cant|p2a: Samurott|slp\n|\n|-weather|RainDance|[upkeep]\n|upkeep\n|turn|17\n|\n|t:|1733834853\n|switch|p2a: Feraligatr|Feraligatr, L79, M|264/264\n|move|p1a: Cresselia|Thunderbolt|p2a: Feraligatr\n|-supereffective|p2a: Feraligatr\n|-damage|p2a: Feraligatr|162/264\n|\n|-weather|RainDance|[upkeep]\n|upkeep\n|turn|18\n|\n|t:|1733834858\n|move|p1a: Cresselia|Thunderbolt|p2a: Feraligatr\n|-supereffective|p2a: Feraligatr\n|-damage|p2a: Feraligatr|62/264\n|move|p2a: Feraligatr|Dragon Dance|p2a: Feraligatr\n|-boost|p2a: Feraligatr|atk|1\n|-boost|p2a: Feraligatr|spe|1\n|\n|-weather|none\n|upkeep\n|turn|19\n|\n|t:|1733834864\n|-terastallize|p2a: Feraligatr|Dark\n|move|p2a: Feraligatr|Crunch|p1a: Cresselia\n|-supereffective|p1a: Cresselia\n|-damage|p1a: Cresselia|0 fnt\n|faint|p1a: Cresselia\n|\n|upkeep\n|\n|t:|1733834870\n|switch|p1a: Tatsugiri|Tatsugiri-Droopy, L87, F|157/260\n|turn|20\n|\n|t:|1733834873\n|move|p2a: Feraligatr|Crunch|p1a: Tatsugiri\n|-damage|p1a: Tatsugiri|0 fnt\n|faint|p1a: Tatsugiri\n|\n|upkeep\n|\n|t:|1733834875\n|switch|p1a: Politoed|Politoed, L88, M|114/302\n|-weather|RainDance|[from] ability: Drizzle|[of] p1a: Politoed\n|turn|21\n|\n|t:|1733834880\n|move|p2a: Feraligatr|Crunch|p1a: Politoed\n|-damage|p1a: Politoed|0 fnt\n|faint|p1a: Politoed\n|\n|win|Clack Volley\n|raw|ch34t's rating: 1687 &rarr; <strong>1667</strong><br />(-20 for losing)\n|raw|Clack Volley's rating: 1681 &rarr; <strong>1701</strong><br />(+20 for winning)\n", "inputlog": ">version bfd83cad13791eb5a5a409923076391caf6fb4d4\n>start {\"formatid\":\"gen9randombattle\",\"seed\":[34824,7563,31044,20215],\"rated\":\"Rated battle\"}\n>player p1 {\"name\":\"ch34t\",\"avatar\":\"102\",\"rating\":1687,\"seed\":[57017,40687,31185,25135]}\n>player p2 {\"name\":\"Clack Volley\",\"avatar\":\"gambler\",\"rating\":1681,\"seed\":[48576,42969,27142,22588]}\n>p1 move swordsdance\n>p2 move blueflare\n>p1 move facade\n>p2 move earthpower\n>p2 switch 6\n>p1 move quickattack\n>p2 move substitute\n>p1 move quickattack\n>p2 move gigadrain\n>p1 switch 4\n>p1 move suckerpunch\n>p2 move focusblast\n>p2 switch 4\n>p1 move swordsdance\n>p2 move willowisp\n>p1 move suckerpunch\n>p2 move fireblast\n>p1 move suckerpunch\n>p2 move fireblast\n>p1 switch 2\n>p1 move rapidspin\n>p2 move hypervoice\n>p2 switch 5\n>p1 switch 3\n>p2 move sleeppowder\n>p1 move supercellslam\n>p2 move sludgebomb\n>p1 move overheat\n>p2 move sludgebomb\n>p2 switch 2\n>p1 move supercellslam\n>p2 move sacredsword\n>p1 switch 6\n>p1 move hypnosis\n>p2 move sacredsword\n>p1 move hypnosis\n>p2 move sacredsword\n>p1 switch 5\n>p2 move sacredsword\n>p1 move thunderbolt\n>p2 switch 3\n>p1 move thunderbolt\n>p2 move dragondance\n>p1 move thunderbolt\n>p2 move crunch terastallize\n>p1 switch 3\n>p1 move surf\n>p2 move crunch\n>p1 switch 5\n>p1 move surf\n>p2 move crunch", "uploadtime": 1733834883, "views": 11, "formatid": "gen9randombattle", "rating": 1667, "private": 0, "password": null}