{"id": "gen9randombattle-2260696902", "format": "[Gen 9] Random Battle", "players": ["Lindseyfsmith", "spankymcnutt"], "log": "|j|\u2606Lindseyfsmith\n|j|\u203dspankymcnutt\n|t:|1733879705\n|gametype|singles\n|player|p1|Lindseyfsmith|scientistf|1449\n|player|p2|spankymcnutt|102|1444\n|teamsize|p1|6\n|teamsize|p2|6\n|gen|9\n|tier|[Gen 9] Random Battle\n|rated|\n|rule|Species Clause: Limit one of each Pok\u00e9mon\n|rule|HP Percentage Mod: HP is shown in percentages\n|rule|Sleep Clause Mod: Limit one foe put to sleep\n|rule|Illusion Level Mod: Illusion disguises the Pok\u00e9mon's true level\n|\n|t:|1733879705\n|start\n|switch|p1a: Mimikyu|Mimikyu, L79, M|216/216\n|switch|p2a: Cloyster|Cloyster, L80, F|211/211\n|turn|1\n|inactive|Battle timer is ON: inactive players will automatically lose when time's up. (requested by Lindseyfsmith)\n|\n|t:|1733879723\n|move|p1a: Mimikyu|Play Rough|p2a: Cloyster\n|-damage|p2a: Cloyster|153/211\n|-damage|p1a: Mimikyu|195/216|[from] item: Life Orb\n|move|p2a: Cloyster|Shell Smash|p2a: Cloyster\n|-unboost|p2a: Cloyster|def|1\n|-unboost|p2a: Cloyster|spd|1\n|-boost|p2a: Cloyster|atk|2\n|-boost|p2a: Cloyster|spa|2\n|-boost|p2a: Cloyster|spe|2\n|-enditem|p2a: Cloyster|White Herb\n|-clearnegativeboost|p2a: Cloyster|[silent]\n|\n|upkeep\n|turn|2\n|\n|t:|1733879737\n|move|p1a: Mimikyu|Shadow Sneak|p2a: Cloyster\n|-damage|p2a: Cloyster|128/211\n|-damage|p1a: Mimikyu|174/216|[from] item: Life Orb\n|move|p2a: Cloyster|Icicle Spear|p1a: Mimikyu\n|-activate|p1a: Mimikyu|ability: Disguise\n|-damage|p1a: Mimikyu|174/216\n|detailschange|p1a: Mimikyu|Mimikyu-Busted, L79, M\n|-damage|p1a: Mimikyu|147/216|[from] pokemon: Mimikyu-Busted\n|-damage|p1a: Mimikyu|90/216\n|-damage|p1a: Mimikyu|32/216\n|-damage|p1a: Mimikyu|0 fnt\n|faint|p1a: Mimikyu\n|-hitcount|p1: Mimikyu|4\n|\n|upkeep\n|\n|t:|1733879742\n|switch|p1a: Luxray|Luxray, L88, M|284/284\n|-ability|p1a: Luxray|Intimidate|boost\n|-unboost|p2a: Cloyster|atk|1\n|turn|3\n|\n|t:|1733879760\n|switch|p1a: Masquerain|Masquerain, L87, F|264/264\n|-ability|p1a: Masquerain|Intimidate|boost\n|-unboost|p2a: Cloyster|atk|1\n|move|p2a: Cloyster|Drill Run|p1a: Masquerain\n|-immune|p1a: Masquerain\n|\n|upkeep\n|turn|4\n|\n|t:|1733879767\n|switch|p1a: Luxray|Luxray, L88, M|284/284\n|-ability|p1a: Luxray|Intimidate|boost\n|-unboost|p2a: Cloyster|atk|1\n|move|p2a: Cloyster|Rock Blast|p1a: Luxray|[miss]\n|-miss|p2a: Cloyster|p1a: Luxray\n|\n|upkeep\n|turn|5\n|\n|t:|1733879778\n|move|p2a: Cloyster|Icicle Spear|p1a: Luxray\n|-damage|p1a: Luxray|268/284\n|-damage|p1a: Luxray|252/284\n|-damage|p1a: Luxray|234/284\n|-damage|p1a: Luxray|218/284\n|-damage|p1a: Luxray|199/284\n|-hitcount|p1a: Luxray|5\n|move|p1a: Luxray|Volt Switch|p2a: Cloyster\n|-supereffective|p2a: Cloyster\n|-damage|p2a: Cloyster|0 fnt\n|faint|p2a: Cloyster\n|\n|t:|1733879788\n|switch|p1a: Masquerain|Masquerain, L87, F|264/264|[from] Volt Switch\n|\n|upkeep\n|\n|t:|1733879797\n|switch|p2a: Cetitan|Cetitan, L82, M|412/412\n|turn|6\n|\n|t:|1733879807\n|switch|p1a: Luxray|Luxray, L88, M|199/284\n|-ability|p1a: Luxray|Intimidate|boost\n|-unboost|p2a: Cetitan|atk|1\n|move|p2a: Cetitan|Belly Drum|p2a: Cetitan\n|-damage|p2a: Cetitan|206/412\n|-setboost|p2a: Cetitan|atk|6|[from] move: Belly Drum\n|-enditem|p2a: Cetitan|Sitrus Berry|[eat]\n|-heal|p2a: Cetitan|309/412|[from] item: Sitrus Berry\n|\n|upkeep\n|turn|7\n|\n|t:|1733879820\n|move|p1a: Luxray|Wild Charge|p2a: Cetitan\n|-damage|p2a: Cetitan|144/412\n|-damage|p1a: Luxray|158/284|[from] Recoil\n|move|p2a: Cetitan|Ice Spinner|p1a: Luxray\n|-damage|p1a: Luxray|0 fnt\n|faint|p1a: Luxray\n|\n|upkeep\n|\n|t:|1733879832\n|switch|p1a: Zarude|Zarude-Dada, L78|292/292\n|turn|8\n|\n|t:|1733879839\n|move|p2a: Cetitan|Ice Shard|p1a: Zarude\n|-supereffective|p1a: Zarude\n|-damage|p1a: Zarude|0 fnt\n|faint|p1a: Zarude\n|\n|upkeep\n|\n|t:|1733879844\n|switch|p1a: Sneasler|Sneasler, L74, F|240/240\n|turn|9\n|\n|t:|1733879853\n|move|p2a: Cetitan|Ice Shard|p1a: Sneasler\n|-damage|p1a: Sneasler|0 fnt\n|faint|p1a: Sneasler\n|\n|upkeep\n|-message|Lindseyfsmith forfeited.\n|\n|win|spankymcnutt\n|raw|Lindseyfsmith's rating: 1449 &rarr; <strong>1429</strong><br />(-20 for losing)\n|raw|spankymcnutt's rating: 1444 &rarr; <strong>1464</strong><br />(+20 for winning)\n|l|\u2606Lindseyfsmith\n|player|p1|\n", "inputlog": ">version bfd83cad13791eb5a5a409923076391caf6fb4d4\n>start {\"formatid\":\"gen9randombattle\",\"seed\":[39596,3513,25615,55137],\"rated\":\"Rated battle\"}\n>player p1 {\"name\":\"Lindseyfsmith\",\"avatar\":\"scientistf\",\"rating\":1449,\"seed\":[1491,18192,20409,59168]}\n>player p2 {\"name\":\"spankymcnutt\",\"avatar\":\"102\",\"rating\":1444,\"seed\":[55126,56154,36543,28919]}\n>p1 move playrough\n>p2 move shellsmash\n>p1 move shadowsneak\n>p2 move iciclespear\n>p1 switch 3\n>p1 switch 4\n>p2 move drillrun\n>p1 switch 4\n>p2 move rockblast\n>p1 move voltswitch\n>p2 move iciclespear\n>p1 switch 4\n>p2 switch 4\n>p1 switch 4\n>p2 move bellydrum\n>p1 move wildcharge\n>p2 move icespinner\n>p1 switch 2\n>p1 move powerwhip\n>p2 move iceshard\n>p1 switch 5\n>p1 move closecombat\n>p2 move iceshard\n>forcelose p1", "uploadtime": 1733879860, "views": 1, "formatid": "gen9randombattle", "rating": 1429, "private": 0, "password": null}