{"id": "gen9randombattle-2260282705", "format": "[Gen 9] Random Battle", "players": ["LULRed", "xinrujingshui"], "log": "|j|\u2606LULRed\n|j|\u2606xinrujingshui\n|t:|1733834771\n|gametype|singles\n|player|p1|LULRed|hilda|1457\n|player|p2|xinrujingshui|riley|1477\n|teamsize|p1|6\n|teamsize|p2|6\n|gen|9\n|tier|[Gen 9] Random Battle\n|rated|\n|rule|Species Clause: Limit one of each Pok\u00e9mon\n|rule|HP Percentage Mod: HP is shown in percentages\n|rule|Sleep Clause Mod: Limit one foe put to sleep\n|rule|Illusion Level Mod: Illusion disguises the Pok\u00e9mon's true level\n|\n|t:|1733834771\n|start\n|switch|p1a: Jolteon|Jolteon, L84, M|246/246\n|switch|p2a: Eiscue|Eiscue, L88, M|272/272\n|turn|1\n|inactive|Battle timer is ON: inactive players will automatically lose when time's up. (requested by xinrujingshui)\n|\n|t:|1733834803\n|-terastallize|p2a: Eiscue|Ground\n|move|p1a: Jolteon|Substitute|p1a: Jolteon\n|-start|p1a: Jolteon|Substitute\n|-damage|p1a: Jolteon|185/246\n|move|p2a: Eiscue|Substitute|p2a: Eiscue\n|-start|p2a: Eiscue|Substitute\n|-damage|p2a: Eiscue|204/272\n|\n|-heal|p1a: Jolteon|200/246|[from] item: Leftovers\n|upkeep\n|turn|2\n|\n|t:|1733834819\n|move|p1a: Jolteon|Calm Mind|p1a: Jolteon\n|-boost|p1a: Jolteon|spa|1\n|-boost|p1a: Jolteon|spd|1\n|move|p2a: Eiscue|Tera Blast|p1a: Jolteon|[anim] Tera Blast Ground\n|-supereffective|p1a: Jolteon\n|-end|p1a: Jolteon|Substitute\n|\n|-heal|p1a: Jolteon|215/246|[from] item: Leftovers\n|upkeep\n|turn|3\n|\n|t:|1733834826\n|-terastallize|p1a: Jolteon|Ice\n|move|p1a: Jolteon|Tera Blast|p2a: Eiscue|[anim] Tera Blast Ice\n|-supereffective|p2a: Eiscue\n|-crit|p2a: Eiscue\n|-end|p2a: Eiscue|Substitute\n|move|p2a: Eiscue|Belly Drum|p2a: Eiscue\n|-damage|p2a: Eiscue|68/272\n|-setboost|p2a: Eiscue|atk|6|[from] move: Belly Drum\n|-enditem|p2a: Eiscue|Salac Berry|[eat]\n|-boost|p2a: Eiscue|spe|1|[from] item: Salac Berry\n|\n|-heal|p1a: Jolteon|230/246|[from] item: Leftovers\n|upkeep\n|turn|4\n|\n|t:|1733834841\n|move|p1a: Jolteon|Tera Blast|p2a: Eiscue|[anim] Tera Blast Ice\n|-supereffective|p2a: Eiscue\n|-damage|p2a: Eiscue|0 fnt\n|faint|p2a: Eiscue\n|\n|-heal|p1a: Jolteon|245/246|[from] item: Leftovers\n|upkeep\n|\n|t:|1733834846\n|switch|p2a: Blaziken|Blaziken, L76, F|247/247\n|turn|5\n|inactive|LULRed has 120 seconds left.\n|\n|t:|1733834891\n|move|p1a: Jolteon|Thunderbolt|p2a: Blaziken\n|-damage|p2a: Blaziken|28/247\n|move|p2a: Blaziken|Flare Blitz|p1a: Jolteon\n|-supereffective|p1a: Jolteon\n|-damage|p1a: Jolteon|0 fnt\n|faint|p1a: Jolteon\n|-damage|p2a: Blaziken|0 fnt|[from] Recoil\n|faint|p2a: Blaziken\n|\n|upkeep\n|\n|t:|1733834898\n|switch|p1a: Quaquaval|Quaquaval, L79, F|264/264\n|switch|p2a: Palafin|Palafin, L77, F|281/281\n|turn|6\n|\n|t:|1733834909\n|detailschange|p2a: Palafin|Palafin-Hero, L77, F\n|switch|p2a: Corviknight|Corviknight, L80, F|288/288\n|-ability|p2a: Corviknight|Pressure\n|move|p1a: Quaquaval|Aqua Step|p2a: Corviknight\n|-damage|p2a: Corviknight|203/288\n|-boost|p1a: Quaquaval|spe|1\n|-damage|p1a: Quaquaval|220/264|[from] item: Rocky Helmet|[of] p2a: Corviknight\n|\n|upkeep\n|turn|7\n|inactive|LULRed has 120 seconds left.\n|\n|t:|1733834922\n|switch|p1a: Glalie|Glalie, L96, F|309/309\n|move|p2a: Corviknight|Roost|p2a: Corviknight\n|-heal|p2a: Corviknight|288/288\n|-singleturn|p2a: Corviknight|move: Roost\n|\n|upkeep\n|turn|8\n|\n|t:|1733834929\n|move|p1a: Glalie|Taunt|p2a: Corviknight\n|-start|p2a: Corviknight|move: Taunt\n|move|p2a: Corviknight|U-turn|p1a: Glalie\n|-damage|p1a: Glalie|269/309\n|\n|t:|1733834934\n|switch|p2a: Palafin|Palafin-Hero, L77, F|281/281|[from] U-turn\n|-activate|p2a: Palafin|ability: Zero to Hero\n|\n|upkeep\n|turn|9\n|\n|t:|1733834947\n|move|p1a: Glalie|Freeze-Dry|p2a: Palafin\n|-supereffective|p2a: Palafin\n|-damage|p2a: Palafin|113/281\n|move|p2a: Palafin|Drain Punch|p1a: Glalie\n|-supereffective|p1a: Glalie\n|-damage|p1a: Glalie|141/309\n|-heal|p2a: Palafin|177/281|[from] drain|[of] p1a: Glalie\n|\n|-heal|p2a: Palafin|194/281|[from] item: Leftovers\n|upkeep\n|turn|10\n|\n|t:|1733834957\n|switch|p2a: Corviknight|Corviknight, L80, F|288/288\n|-ability|p2a: Corviknight|Pressure\n|move|p1a: Glalie|Freeze-Dry|p2a: Corviknight\n|-damage|p2a: Corviknight|198/288\n|-status|p2a: Corviknight|frz\n|\n|upkeep\n|turn|11\n|\n|t:|1733834965\n|move|p1a: Glalie|Spikes|p2a: Corviknight\n|-sidestart|p2: xinrujingshui|Spikes\n|cant|p2a: Corviknight|frz\n|\n|upkeep\n|turn|12\n|\n|t:|1733834968\n|move|p1a: Glalie|Spikes|p2a: Corviknight\n|-sidestart|p2: xinrujingshui|Spikes\n|-curestatus|p2a: Corviknight|frz|[msg]\n|move|p2a: Corviknight|U-turn|p1a: Glalie\n|-damage|p1a: Glalie|101/309\n|\n|t:|1733834985\n|switch|p2a: Palafin|Palafin-Hero, L77, F|194/281|[from] U-turn\n|-damage|p2a: Palafin|148/281|[from] Spikes\n|\n|-heal|p2a: Palafin|165/281|[from] item: Leftovers\n|upkeep\n|turn|13\n|\n|t:|1733834996\n|switch|p2a: Corviknight|Corviknight, L80, F|198/288\n|-ability|p2a: Corviknight|Pressure\n|move|p1a: Glalie|Freeze-Dry|p2a: Corviknight\n|-damage|p2a: Corviknight|107/288\n|\n|upkeep\n|turn|14\n|\n|t:|1733835014\n|move|p1a: Glalie|Spikes|p2a: Corviknight\n|-sidestart|p2: xinrujingshui|Spikes\n|move|p2a: Corviknight|Brave Bird|p1a: Glalie\n|-damage|p1a: Glalie|0 fnt\n|faint|p1a: Glalie\n|-damage|p2a: Corviknight|74/288|[from] Recoil\n|\n|upkeep\n|\n|t:|1733835029\n|switch|p1a: Quaquaval|Quaquaval, L79, F|220/264\n|turn|15\n|\n|t:|1733835037\n|move|p1a: Quaquaval|Aqua Step|p2a: Corviknight\n|-damage|p2a: Corviknight|0 fnt\n|-boost|p1a: Quaquaval|spe|1\n|-damage|p1a: Quaquaval|176/264|[from] item: Rocky Helmet|[of] p2a: Corviknight\n|faint|p2a: Corviknight\n|-ability|p1a: Quaquaval|Moxie|boost\n|-boost|p1a: Quaquaval|atk|1\n|\n|upkeep\n|\n|t:|1733835042\n|switch|p2a: Venomoth|Venomoth, L84, F|255/255\n|turn|16\n|\n|t:|1733835054\n|move|p1a: Quaquaval|Aqua Step|p2a: Venomoth\n|-damage|p2a: Venomoth|84/255\n|-boost|p1a: Quaquaval|spe|1\n|move|p2a: Venomoth|Sludge Wave|p1a: Quaquaval\n|-damage|p1a: Quaquaval|70/264\n|-status|p1a: Quaquaval|psn\n|\n|-damage|p1a: Quaquaval|37/264 psn|[from] psn\n|upkeep\n|turn|17\n|\n|t:|1733835067\n|switch|p2a: Palafin|Palafin-Hero, L77, F|165/281\n|-damage|p2a: Palafin|95/281|[from] Spikes\n|move|p1a: Quaquaval|Roost|p1a: Quaquaval\n|-heal|p1a: Quaquaval|169/264 psn\n|-singleturn|p1a: Quaquaval|move: Roost\n|\n|-heal|p2a: Palafin|112/281|[from] item: Leftovers\n|-damage|p1a: Quaquaval|136/264 psn|[from] psn\n|upkeep\n|turn|18\n|\n|t:|1733835076\n|move|p1a: Quaquaval|Close Combat|p2a: Palafin\n|-damage|p2a: Palafin|0 fnt\n|-unboost|p1a: Quaquaval|def|1\n|-unboost|p1a: Quaquaval|spd|1\n|faint|p2a: Palafin\n|-ability|p1a: Quaquaval|Moxie|boost\n|-boost|p1a: Quaquaval|atk|1\n|\n|-damage|p1a: Quaquaval|103/264 psn|[from] psn\n|upkeep\n|-message|xinrujingshui forfeited.\n|\n|win|LULRed\n|raw|LULRed's rating: 1457 &rarr; <strong>1478</strong><br />(+21 for winning)\n|raw|xinrujingshui's rating: 1477 &rarr; <strong>1456</strong><br />(-21 for losing)\n|l|\u2606xinrujingshui\n|player|p2|\n", "inputlog": ">version bfd83cad13791eb5a5a409923076391caf6fb4d4\n>start {\"formatid\":\"gen9randombattle\",\"seed\":[5563,39808,59473,7652],\"rated\":\"Rated battle\"}\n>player p1 {\"name\":\"LULRed\",\"avatar\":\"hilda\",\"rating\":1457,\"seed\":[19328,15162,63267,43887]}\n>player p2 {\"name\":\"xinrujingshui\",\"avatar\":\"riley\",\"rating\":1477,\"seed\":[55048,46815,1374,27072]}\n>p1 move substitute\n>p2 move substitute terastallize\n>p1 move calmmind\n>p2 move terablast\n>p1 move terablast terastallize\n>p2 move bellydrum\n>p1 move terablast\n>p2 move terablast\n>p2 switch 3\n>p1 move thunderbolt\n>p2 move flareblitz\n>p1 switch 4\n>p2 switch 6\n>p1 move aquastep\n>p2 switch 5\n>p1 switch 5\n>p2 move roost\n>p1 move taunt\n>p2 move uturn\n>p2 switch 5\n>p1 move freezedry\n>p2 move drainpunch\n>p1 move freezedry\n>p2 switch 5\n>p1 move spikes\n>p2 move roost\n>p1 move spikes\n>p2 move uturn\n>p2 switch 5\n>p1 move freezedry\n>p2 switch 5\n>p1 move spikes\n>p2 move bravebird\n>p1 switch 5\n>p1 move aquastep\n>p2 move bravebird\n>p2 switch 2\n>p1 move aquastep\n>p2 move sludgewave\n>p1 move roost\n>p2 switch 5\n>p1 move closecombat\n>p2 move drainpunch\n>forcelose p2", "uploadtime": 1733835086, "views": 1, "formatid": "gen9randombattle", "rating": 1456, "private": 0, "password": null}