{"id": "gen9randombattle-2260738359", "format": "[Gen 9] Random Battle", "players": ["TheClutchPvP", "Thotty10noodle"], "log": "|j|\u2606TheClutchPvP\n|j|\u2606Thotty10noodle\n|t:|1733885078\n|gametype|singles\n|player|p1|TheClutchPvP|ethan|\n|player|p2|Thotty10noodle|170|\n|teamsize|p1|6\n|teamsize|p2|6\n|gen|9\n|tier|[Gen 9] Random Battle\n|rule|Species Clause: Limit one of each Pok\u00e9mon\n|rule|HP Percentage Mod: HP is shown in percentages\n|rule|Sleep Clause Mod: Limit one foe put to sleep\n|rule|Illusion Level Mod: Illusion disguises the Pok\u00e9mon's true level\n|\n|t:|1733885078\n|start\n|switch|p1a: Azumarill|Azumarill, L82, M|298/298\n|switch|p2a: Lugia|Lugia, L72|272/272\n|turn|1\n|inactive|Battle timer is ON: inactive players will automatically lose when time's up. (requested by TheClutchPvP)\n|inactive|Thotty10noodle also wants the timer to be on.\n|j| iclope\n|\n|t:|1733885094\n|switch|p2a: Leavanny|Leavanny, L86, F|269/269\n|move|p1a: Azumarill|Knock Off|p2a: Leavanny\n|-damage|p2a: Leavanny|140/269\n|-enditem|p2a: Leavanny|Heavy-Duty Boots|[from] move: Knock Off|[of] p1a: Azumarill\n|\n|upkeep\n|turn|2\n|\n|t:|1733885108\n|switch|p1a: Scyther|Scyther, L82, M|249/249\n|move|p2a: Leavanny|Leaf Blade|p1a: Scyther\n|-resisted|p1a: Scyther\n|-damage|p1a: Scyther|218/249\n|\n|upkeep\n|turn|3\n|\n|t:|1733885120\n|switch|p2a: Lugia|Lugia, L72|272/272\n|move|p1a: Scyther|U-turn|p2a: Lugia\n|-damage|p2a: Lugia|239/272\n|\n|t:|1733885128\n|switch|p1a: Azumarill|Azumarill, L82, M|298/298|[from] U-turn\n|\n|upkeep\n|turn|4\n|\n|t:|1733885136\n|switch|p2a: Leavanny|Leavanny, L86, F|140/269\n|move|p1a: Azumarill|Knock Off|p2a: Leavanny\n|-damage|p2a: Leavanny|48/269\n|\n|upkeep\n|turn|5\n|\n|t:|1733885145\n|switch|p1a: Scyther|Scyther, L82, M|218/249\n|move|p2a: Leavanny|Sticky Web|p1a: Scyther\n|-sidestart|p1: TheClutchPvP|move: Sticky Web\n|\n|upkeep\n|turn|6\n|\n|t:|1733885148\n|move|p1a: Scyther|Defog|p2a: Leavanny\n|-unboost|p2a: Leavanny|evasion|1\n|-sideend|p1: TheClutchPvP|Sticky Web|[from] move: Defog|[of] p1a: Scyther\n|move|p2a: Leavanny|Knock Off|p1a: Scyther\n|-damage|p1a: Scyther|134/249\n|-enditem|p1a: Scyther|Heavy-Duty Boots|[from] move: Knock Off|[of] p2a: Leavanny\n|\n|upkeep\n|turn|7\n|\n|t:|1733885157\n|switch|p2a: Talonflame|Talonflame, L83, F|265/265\n|move|p1a: Scyther|Dual Wingbeat|p2a: Talonflame\n|-damage|p2a: Talonflame|183/265\n|-damage|p2a: Talonflame|110/265\n|-hitcount|p2a: Talonflame|2\n|\n|upkeep\n|turn|8\n|\n|t:|1733885169\n|switch|p1a: Azumarill|Azumarill, L82, M|298/298\n|move|p2a: Talonflame|Brave Bird|p1a: Azumarill\n|-damage|p1a: Azumarill|174/298\n|-damage|p2a: Talonflame|69/265|[from] Recoil\n|\n|upkeep\n|turn|9\n|\n|t:|1733885173\n|move|p1a: Azumarill|Aqua Jet|p2a: Talonflame\n|-supereffective|p2a: Talonflame\n|-damage|p2a: Talonflame|0 fnt\n|faint|p2a: Talonflame\n|\n|upkeep\n|\n|t:|1733885177\n|switch|p2a: Tsareena|Tsareena, L87, F|267/267\n|turn|10\n|\n|t:|1733885184\n|switch|p1a: Scyther|Scyther, L82, M|134/249\n|move|p2a: Tsareena|Rapid Spin|p1a: Scyther\n|-damage|p1a: Scyther|84/249\n|-boost|p2a: Tsareena|spe|1\n|\n|upkeep\n|turn|11\n|\n|t:|1733885189\n|move|p2a: Tsareena|Triple Axel|p1a: Scyther\n|-supereffective|p1a: Scyther\n|-damage|p1a: Scyther|44/249\n|-supereffective|p1a: Scyther\n|-damage|p1a: Scyther|0 fnt\n|faint|p1a: Scyther\n|-hitcount|p1: Scyther|2\n|\n|upkeep\n|\n|t:|1733885195\n|switch|p1a: Revavroom|Revavroom, L79, F|256/256\n|turn|12\n|\n|t:|1733885208\n|move|p2a: Tsareena|High Jump Kick|p1a: Revavroom\n|-damage|p1a: Revavroom|129/256\n|move|p1a: Revavroom|Shift Gear|p1a: Revavroom\n|-boost|p1a: Revavroom|spe|2\n|-boost|p1a: Revavroom|atk|1\n|\n|upkeep\n|turn|13\n|\n|t:|1733885219\n|-terastallize|p2a: Tsareena|Steel\n|move|p1a: Revavroom|Gunk Shot|p2a: Tsareena\n|-immune|p2a: Tsareena\n|move|p2a: Tsareena|High Jump Kick|p1a: Revavroom|[miss]\n|-miss|p2a: Tsareena|p1a: Revavroom\n|-damage|p2a: Tsareena|134/267|[from] highjumpkick\n|\n|upkeep\n|turn|14\n|\n|t:|1733885227\n|move|p1a: Revavroom|High Horsepower|p2a: Tsareena\n|-supereffective|p2a: Tsareena\n|-damage|p2a: Tsareena|0 fnt\n|faint|p2a: Tsareena\n|-damage|p1a: Revavroom|104/256|[from] item: Life Orb\n|\n|upkeep\n|\n|t:|1733885236\n|switch|p2a: Mimikyu|Mimikyu, L79, F|216/216\n|turn|15\n|\n|t:|1733885241\n|move|p1a: Revavroom|Iron Head|p2a: Mimikyu\n|-activate|p2a: Mimikyu|ability: Disguise\n|-damage|p2a: Mimikyu|216/216\n|detailschange|p2a: Mimikyu|Mimikyu-Busted, L79, F\n|-damage|p2a: Mimikyu|189/216|[from] pokemon: Mimikyu-Busted\n|-damage|p1a: Revavroom|79/256|[from] item: Life Orb\n|move|p2a: Mimikyu|Swords Dance|p2a: Mimikyu\n|-boost|p2a: Mimikyu|atk|2\n|\n|upkeep\n|turn|16\n|\n|t:|1733885254\n|move|p2a: Mimikyu|Shadow Sneak|p1a: Revavroom\n|-damage|p1a: Revavroom|0 fnt\n|faint|p1a: Revavroom\n|-damage|p2a: Mimikyu|168/216|[from] item: Life Orb\n|\n|upkeep\n|\n|t:|1733885262\n|switch|p1a: Azumarill|Azumarill, L82, M|174/298\n|turn|17\n|\n|t:|1733885265\n|move|p2a: Mimikyu|Shadow Sneak|p1a: Azumarill\n|-damage|p1a: Azumarill|65/298\n|-damage|p2a: Mimikyu|147/216|[from] item: Life Orb\n|move|p1a: Azumarill|Knock Off|p2a: Mimikyu\n|-damage|p2a: Mimikyu|17/216\n|-enditem|p2a: Mimikyu|Life Orb|[from] move: Knock Off|[of] p1a: Azumarill\n|\n|upkeep\n|turn|18\n|\n|t:|1733885282\n|switch|p1a: Iron Jugulis|Iron Jugulis, L78|275/275\n|move|p2a: Mimikyu|Shadow Sneak|p1a: Iron Jugulis\n|-resisted|p1a: Iron Jugulis\n|-damage|p1a: Iron Jugulis|233/275\n|\n|upkeep\n|turn|19\n|\n|t:|1733885291\n|move|p1a: Iron Jugulis|Hurricane|p2a: Mimikyu\n|-damage|p2a: Mimikyu|0 fnt\n|faint|p2a: Mimikyu\n|\n|upkeep\n|\n|t:|1733885310\n|switch|p2a: Bruxish|Bruxish, L85, M|254/254\n|turn|20\n|\n|t:|1733885313\n|-end|p1a: Iron Jugulis|Quark Drive|[silent]\n|switch|p1a: Cobalion|Cobalion, L80|277/277\n|move|p2a: Bruxish|Swords Dance|p2a: Bruxish\n|-boost|p2a: Bruxish|atk|2\n|\n|upkeep\n|turn|21\n|\n|t:|1733885325\n|-terastallize|p1a: Cobalion|Ghost\n|move|p1a: Cobalion|Iron Head|p2a: Bruxish\n|-resisted|p2a: Bruxish\n|-damage|p2a: Bruxish|212/254\n|move|p2a: Bruxish|Psychic Fangs|p1a: Cobalion\n|-damage|p1a: Cobalion|0 fnt\n|faint|p1a: Cobalion\n|-damage|p2a: Bruxish|187/254|[from] item: Life Orb\n|\n|upkeep\n|\n|t:|1733885345\n|switch|p1a: Iron Jugulis|Iron Jugulis, L78|233/275\n|turn|22\n|\n|t:|1733885351\n|move|p2a: Bruxish|Aqua Jet|p1a: Iron Jugulis\n|-damage|p1a: Iron Jugulis|100/275\n|-damage|p2a: Bruxish|162/254|[from] item: Life Orb\n|move|p1a: Iron Jugulis|Dark Pulse|p2a: Bruxish\n|-supereffective|p2a: Bruxish\n|-damage|p2a: Bruxish|0 fnt\n|faint|p2a: Bruxish\n|\n|upkeep\n|\n|t:|1733885356\n|switch|p2a: Lugia|Lugia, L72|239/272\n|turn|23\n|\n|t:|1733885358\n|move|p1a: Iron Jugulis|Dark Pulse|p2a: Lugia\n|-supereffective|p2a: Lugia\n|-damage|p2a: Lugia|41/272\n|move|p2a: Lugia|Aeroblast|p1a: Iron Jugulis\n|-damage|p1a: Iron Jugulis|18/275\n|\n|upkeep\n|turn|24\n|\n|t:|1733885366\n|move|p1a: Iron Jugulis|Dark Pulse|p2a: Lugia\n|-supereffective|p2a: Lugia\n|-damage|p2a: Lugia|0 fnt\n|faint|p2a: Lugia\n|\n|upkeep\n|\n|t:|1733885367\n|switch|p2a: Leavanny|Leavanny, L86, F|48/269\n|turn|25\n|\n|t:|1733885371\n|move|p1a: Iron Jugulis|Dark Pulse|p2a: Leavanny\n|-damage|p2a: Leavanny|0 fnt\n|faint|p2a: Leavanny\n|\n|win|TheClutchPvP\n", "inputlog": ">version bfd83cad13791eb5a5a409923076391caf6fb4d4\n>start {\"formatid\":\"gen9randombattle\",\"seed\":[17241,2401,25252,24015]}\n>player p1 {\"name\":\"TheClutchPvP\",\"avatar\":\"ethan\",\"rating\":0,\"seed\":[22933,38060,16209,33000]}\n>player p2 {\"name\":\"Thotty10noodle\",\"avatar\":\"170\",\"rating\":0,\"seed\":[56409,38555,25464,46613]}\n>p1 move knockoff\n>p2 switch 5\n>p1 switch 6\n>p2 move leafblade\n>p1 move uturn\n>p2 switch 5\n>p1 switch 6\n>p1 move knockoff\n>p2 switch 5\n>p1 switch 6\n>p2 move stickyweb\n>p1 move defog\n>p2 move knockoff\n>p1 move dualwingbeat\n>p2 switch 3\n>p1 switch 6\n>p2 move bravebird\n>p1 move aquajet\n>p2 move bravebird\n>p2 switch 6\n>p1 switch 6\n>p2 move rapidspin\n>p1 move dualwingbeat\n>p2 move tripleaxel\n>p1 switch 5\n>p1 move shiftgear\n>p2 move highjumpkick\n>p1 move gunkshot\n>p2 move highjumpkick terastallize\n>p1 move highhorsepower\n>p2 move highjumpkick\n>p2 switch 2\n>p1 move ironhead\n>p2 move swordsdance\n>p1 move ironhead\n>p2 move shadowsneak\n>p1 switch 6\n>p1 move knockoff\n>p2 move shadowsneak\n>p1 switch 4\n>p2 move shadowsneak\n>p1 move hurricane\n>p2 move playrough\n>p2 switch 4\n>p1 switch 2\n>p2 move swordsdance\n>p1 move ironhead terastallize\n>p2 move psychicfangs\n>p1 switch 2\n>p1 move darkpulse\n>p2 move aquajet\n>p2 switch 5\n>p1 move darkpulse\n>p2 move aeroblast\n>p1 move darkpulse\n>p2 move aeroblast\n>p2 switch 3\n>p1 move darkpulse\n>p2 move lunge", "uploadtime": 1733885375, "views": 7, "formatid": "gen9randombattle", "rating": null, "private": 0, "password": null}