{"id": "gen9randombattle-2259814647", "format": "[Gen 9] Random Battle", "players": ["fiydo_23", "muckfacron"], "log": "|j|\u2606fiydo_23\n|j|\u2606muckfacron\n|t:|1733769374\n|gametype|singles\n|player|p1|fiydo_23|gambler|1629\n|player|p2|muckfacron|clown|1670\n|teamsize|p1|6\n|teamsize|p2|6\n|gen|9\n|tier|[Gen 9] Random Battle\n|rated|\n|rule|Species Clause: Limit one of each Pok\u00e9mon\n|rule|HP Percentage Mod: HP is shown in percentages\n|rule|Sleep Clause Mod: Limit one foe put to sleep\n|rule|Illusion Level Mod: Illusion disguises the Pok\u00e9mon's true level\n|\n|t:|1733769374\n|start\n|switch|p1a: Bastiodon|Bastiodon, L89, F|252/252\n|switch|p2a: Meowscarada|Meowscarada, L78, F|247/247\n|turn|1\n|inactive|Battle timer is ON: inactive players will automatically lose when time's up. (requested by fiydo_23)\n|c|\u2606muckfacron|hf\n|c|\u2606fiydo_23|glhf\n|inactive|fiydo_23 has 120 seconds left.\n|\n|t:|1733769410\n|switch|p2a: Iron Moth|Iron Moth, L78|253/253\n|switch|p1a: Ludicolo|Ludicolo, L90, M|290/290\n|\n|upkeep\n|turn|2\n|\n|t:|1733769419\n|move|p2a: Iron Moth|Sludge Wave|p1a: Ludicolo\n|-supereffective|p1a: Ludicolo\n|-damage|p1a: Ludicolo|102/290\n|move|p1a: Ludicolo|Rain Dance|p1a: Ludicolo\n|-weather|RainDance\n|\n|-weather|RainDance|[upkeep]\n|upkeep\n|turn|3\n|c|\u2606fiydo_23|pls dont miss\n|\n|t:|1733769440\n|-end|p2a: Iron Moth|Quark Drive|[silent]\n|switch|p2a: Glalie|Glalie, L96, M|309/309\n|move|p1a: Ludicolo|Hydro Pump|p2a: Glalie\n|-crit|p2a: Glalie\n|-damage|p2a: Glalie|0 fnt\n|faint|p2a: Glalie\n|-damage|p1a: Ludicolo|73/290|[from] item: Life Orb\n|\n|-weather|RainDance|[upkeep]\n|upkeep\n|c|\u2606fiydo_23|noice\n|inactive|muckfacron has 120 seconds left.\n|c|\u2606fiydo_23|I love a crit\n|c|\u2606muckfacron|i think it didn't change anything tho\n|inactive|muckfacron has 90 seconds left.\n|c|\u2606fiydo_23|yeah it prob killed without\n|\n|t:|1733769488\n|switch|p2a: Meowscarada|Meowscarada, L78, F|247/247\n|turn|4\n|\n|t:|1733769497\n|move|p1a: Ludicolo|Ice Beam|p2a: Meowscarada\n|-supereffective|p2a: Meowscarada\n|-damage|p2a: Meowscarada|8/247\n|-damage|p1a: Ludicolo|44/290|[from] item: Life Orb\n|move|p2a: Meowscarada|Knock Off|p1a: Ludicolo\n|-start|p2a: Meowscarada|typechange|Dark|[from] ability: Protean\n|-damage|p1a: Ludicolo|0 fnt\n|-enditem|p1a: Ludicolo|Life Orb|[from] move: Knock Off|[of] p2a: Meowscarada\n|faint|p1a: Ludicolo\n|\n|-weather|RainDance|[upkeep]\n|upkeep\n|c|\u2606fiydo_23|so close :sob:\n|\n|t:|1733769522\n|switch|p1a: Bastiodon|Bastiodon, L89, F|252/252\n|turn|5\n|\n|t:|1733769531\n|switch|p2a: Donphan|Donphan, L84, M|288/288\n|move|p1a: Bastiodon|Body Press|p2a: Donphan\n|-damage|p2a: Donphan|206/288\n|\n|-weather|RainDance|[upkeep]\n|-heal|p2a: Donphan|224/288|[from] item: Leftovers\n|upkeep\n|turn|6\n|\n|t:|1733769542\n|move|p2a: Donphan|Stealth Rock|p1a: Bastiodon\n|-sidestart|p1: fiydo_23|move: Stealth Rock\n|move|p1a: Bastiodon|Iron Defense|p1a: Bastiodon\n|-boost|p1a: Bastiodon|def|2\n|\n|-weather|none\n|-heal|p2a: Donphan|242/288|[from] item: Leftovers\n|upkeep\n|turn|7\n|\n|t:|1733769547\n|switch|p2a: Iron Moth|Iron Moth, L78|253/253\n|move|p1a: Bastiodon|Body Press|p2a: Iron Moth\n|-resisted|p2a: Iron Moth\n|-damage|p2a: Iron Moth|121/253\n|\n|upkeep\n|turn|8\n|\n|t:|1733769553\n|move|p2a: Iron Moth|Fire Blast|p1a: Bastiodon\n|-damage|p1a: Bastiodon|158/252\n|move|p1a: Bastiodon|Body Press|p2a: Iron Moth\n|-resisted|p2a: Iron Moth\n|-damage|p2a: Iron Moth|0 fnt\n|faint|p2a: Iron Moth\n|-end|p2a: Iron Moth|Quark Drive|[silent]\n|\n|upkeep\n|inactive|muckfacron has 120 seconds left.\n|\n|t:|1733769564\n|switch|p2a: Donphan|Donphan, L84, M|242/288\n|turn|9\n|c|\u2606fiydo_23|this guy is tanky\n|\n|t:|1733769569\n|move|p2a: Donphan|Earthquake|p1a: Bastiodon\n|-supereffective|p1a: Bastiodon\n|-damage|p1a: Bastiodon|22/252\n|move|p1a: Bastiodon|Rest|p1a: Bastiodon\n|-status|p1a: Bastiodon|slp|[from] move: Rest\n|-heal|p1a: Bastiodon|252/252 slp|[silent]\n|-enditem|p1a: Bastiodon|Chesto Berry|[eat]\n|-curestatus|p1a: Bastiodon|slp|[msg]\n|\n|-heal|p2a: Donphan|260/288|[from] item: Leftovers\n|upkeep\n|turn|10\n|\n|t:|1733769578\n|move|p2a: Donphan|Earthquake|p1a: Bastiodon\n|-supereffective|p1a: Bastiodon\n|-damage|p1a: Bastiodon|108/252\n|move|p1a: Bastiodon|Body Press|p2a: Donphan\n|-damage|p2a: Donphan|95/288\n|\n|-heal|p2a: Donphan|113/288|[from] item: Leftovers\n|upkeep\n|turn|11\n|\n|t:|1733769585\n|move|p2a: Donphan|Earthquake|p1a: Bastiodon\n|-supereffective|p1a: Bastiodon\n|-damage|p1a: Bastiodon|0 fnt\n|faint|p1a: Bastiodon\n|\n|-heal|p2a: Donphan|131/288|[from] item: Leftovers\n|upkeep\n|\n|t:|1733769595\n|switch|p1a: Glalie|Glalie, L96, M|309/309\n|turn|12\n|c|\u2606muckfacron|but my guy hit harder\n|\n|t:|1733769611\n|move|p1a: Glalie|Spikes|p2a: Donphan\n|-sidestart|p2: muckfacron|Spikes\n|move|p2a: Donphan|Knock Off|p1a: Glalie\n|-damage|p1a: Glalie|227/309\n|-enditem|p1a: Glalie|Heavy-Duty Boots|[from] move: Knock Off|[of] p2a: Donphan\n|\n|-heal|p2a: Donphan|149/288|[from] item: Leftovers\n|upkeep\n|turn|13\n|\n|t:|1733769618\n|move|p1a: Glalie|Freeze-Dry|p2a: Donphan\n|-supereffective|p2a: Donphan\n|-damage|p2a: Donphan|0 fnt\n|faint|p2a: Donphan\n|\n|upkeep\n|\n|t:|1733769624\n|switch|p2a: Mew|Mew, L82|298/298\n|-damage|p2a: Mew|261/298|[from] Spikes\n|turn|14\n|\n|t:|1733769629\n|move|p2a: Mew|Close Combat|p1a: Glalie\n|-supereffective|p1a: Glalie\n|-damage|p1a: Glalie|42/309\n|-unboost|p2a: Mew|def|1\n|-unboost|p2a: Mew|spd|1\n|-damage|p2a: Mew|232/298|[from] item: Life Orb\n|move|p1a: Glalie|Disable|p2a: Mew\n|-start|p2a: Mew|Disable|Close Combat\n|\n|upkeep\n|turn|15\n|\n|t:|1733769637\n|move|p2a: Mew|Psychic Fangs|p1a: Glalie\n|-damage|p1a: Glalie|0 fnt\n|faint|p1a: Glalie\n|-damage|p2a: Mew|203/298|[from] item: Life Orb\n|\n|upkeep\n|\n|t:|1733769640\n|switch|p1a: Rhyperior|Rhyperior, L82, F|323/323\n|-damage|p1a: Rhyperior|303/323|[from] Stealth Rock\n|turn|16\n|\n|t:|1733769651\n|switch|p2a: Meowscarada|Meowscarada, L78, F|8/247\n|-damage|p2a: Meowscarada|0 fnt|[from] Spikes\n|faint|p2a: Meowscarada\n|move|p1a: Rhyperior|Megahorn|p2: Meowscarada|[notarget]\n|-fail|p1a: Rhyperior\n|\n|upkeep\n|\n|t:|1733769653\n|switch|p2a: Mew|Mew, L82|203/298\n|-damage|p2a: Mew|166/298|[from] Spikes\n|turn|17\n|\n|t:|1733769661\n|-terastallize|p2a: Mew|Fighting\n|move|p2a: Mew|Swords Dance|p2a: Mew\n|-boost|p2a: Mew|atk|2\n|move|p1a: Rhyperior|Megahorn|p2a: Mew\n|-resisted|p2a: Mew\n|-damage|p2a: Mew|116/298\n|\n|upkeep\n|turn|18\n|\n|t:|1733769669\n|move|p2a: Mew|Close Combat|p1a: Rhyperior\n|-supereffective|p1a: Rhyperior\n|-damage|p1a: Rhyperior|0 fnt\n|-unboost|p2a: Mew|def|1\n|-unboost|p2a: Mew|spd|1\n|faint|p1a: Rhyperior\n|-damage|p2a: Mew|87/298|[from] item: Life Orb\n|\n|upkeep\n|\n|t:|1733769673\n|switch|p1a: Mewtwo|Mewtwo, L72|272/272\n|-ability|p1a: Mewtwo|Unnerve\n|-damage|p1a: Mewtwo|238/272|[from] Stealth Rock\n|turn|19\n|\n|t:|1733769680\n|move|p1a: Mewtwo|Psystrike|p2a: Mew\n|-supereffective|p2a: Mew\n|-damage|p2a: Mew|0 fnt\n|faint|p2a: Mew\n|\n|upkeep\n|\n|t:|1733769682\n|switch|p2a: Mimikyu|Mimikyu, L79, F|216/216\n|-damage|p2a: Mimikyu|189/216|[from] Spikes\n|turn|20\n|\n|t:|1733769687\n|move|p1a: Mewtwo|Psystrike|p2a: Mimikyu\n|-activate|p2a: Mimikyu|ability: Disguise\n|-damage|p2a: Mimikyu|189/216\n|detailschange|p2a: Mimikyu|Mimikyu-Busted, L79, F\n|-damage|p2a: Mimikyu|162/216|[from] pokemon: Mimikyu-Busted\n|move|p2a: Mimikyu|Swords Dance|p2a: Mimikyu\n|-boost|p2a: Mimikyu|atk|2\n|\n|upkeep\n|turn|21\n|\n|t:|1733769691\n|move|p2a: Mimikyu|Shadow Sneak|p1a: Mewtwo\n|-supereffective|p1a: Mewtwo\n|-damage|p1a: Mewtwo|40/272\n|-damage|p2a: Mimikyu|141/216|[from] item: Life Orb\n|move|p1a: Mewtwo|Psystrike|p2a: Mimikyu\n|-damage|p2a: Mimikyu|0 fnt\n|faint|p2a: Mimikyu\n|\n|win|fiydo_23\n|raw|fiydo_23's rating: 1629 &rarr; <strong>1651</strong><br />(+22 for winning)\n|raw|muckfacron's rating: 1670 &rarr; <strong>1648</strong><br />(-22 for losing)\n|c|\u2606fiydo_23|gg\n", "inputlog": ">version bfd83cad13791eb5a5a409923076391caf6fb4d4\n>start {\"formatid\":\"gen9randombattle\",\"seed\":[46114,55506,35628,41862],\"rated\":\"Rated battle\"}\n>player p1 {\"name\":\"fiydo_23\",\"avatar\":\"gambler\",\"rating\":1629,\"seed\":[5591,35298,47348,21015]}\n>player p2 {\"name\":\"muckfacron\",\"avatar\":\"clown\",\"rating\":1670,\"seed\":[15302,48422,37972,28947]}\n>chat \u2606muckfacron|hf\n>chat \u2606fiydo_23|glhf\n>p1 switch 3\n>p2 switch 5\n>p1 move raindance\n>p2 move sludgewave\n>chat \u2606fiydo_23|pls dont miss\n>p1 move hydropump\n>p2 switch 2\n>chat \u2606fiydo_23|noice\n>chat \u2606fiydo_23|I love a crit\n>chat \u2606muckfacron|i think it didn't change anything tho\n>chat \u2606fiydo_23|yeah it prob killed without\n>p2 switch 5\n>p1 move icebeam\n>p2 move knockoff\n>chat \u2606fiydo_23|so close :sob:\n>p1 switch 3\n>p1 move bodypress\n>p2 switch 4\n>p1 move irondefense\n>p2 move stealthrock\n>p1 move bodypress\n>p2 switch 2\n>p1 move bodypress\n>p2 move fireblast\n>p2 switch 2\n>chat \u2606fiydo_23|this guy is tanky\n>p1 move rest\n>p2 move earthquake\n>p1 move bodypress\n>p2 move earthquake\n>p1 move bodypress\n>p2 move earthquake\n>p1 switch 2\n>chat \u2606muckfacron|but my guy hit harder\n>p1 move spikes\n>p2 move knockoff\n>p1 move freezedry\n>p2 move rapidspin\n>p2 switch 3\n>p1 move disable\n>p2 move closecombat\n>p1 move freezedry\n>p2 move psychicfangs\n>p1 switch 4\n>p1 move megahorn\n>p2 switch 4\n>p2 switch 4\n>p1 move megahorn\n>p2 move swordsdance terastallize\n>p1 move dragontail\n>p2 move closecombat\n>p1 switch 5\n>p1 move psystrike\n>p2 move knockoff\n>p2 switch 6\n>p1 move psystrike\n>p2 move swordsdance\n>p1 move psystrike\n>p2 move shadowsneak", "uploadtime": 1733769699, "views": 13, "formatid": "gen9randombattle", "rating": 1648, "private": 0, "password": null}