{"id": "gen9randombattle-2127190163", "format": "[Gen 9] Random Battle", "players": ["not haruno", "ryangregory78"], "log": "|j|\u2606not haruno\n|j|\u2606ryangregory78\n|t:|1716259242\n|gametype|singles\n|player|p1|not haruno|#notharuno|2242\n|player|p2|ryangregory78|musician|2232\n|teamsize|p1|6\n|teamsize|p2|6\n|gen|9\n|tier|[Gen 9] Random Battle\n|rated|\n|rule|Species Clause: Limit one of each Pok\u00e9mon\n|rule|HP Percentage Mod: HP is shown in percentages\n|rule|Sleep Clause Mod: Limit one foe put to sleep\n|rule|Illusion Level Mod: Illusion disguises the Pok\u00e9mon's true level\n|\n|t:|1716259242\n|start\n|switch|p1a: Klawf|Klawf, L90, M|272/272\n|switch|p2a: Magmortar|Magmortar, L88, F|275/275\n|turn|1\n|inactive|Battle timer is ON: inactive players will automatically lose when time's up. (requested by ryangregory78)\n|\n|t:|1716259259\n|move|p2a: Magmortar|Focus Blast|p1a: Klawf\n|-supereffective|p1a: Klawf\n|-crit|p1a: Klawf\n|-damage|p1a: Klawf|0 fnt\n|faint|p1a: Klawf\n|\n|upkeep\n|\n|t:|1716259266\n|switch|p1a: Floatzel|Floatzel, L85, M|283/283\n|turn|2\n|\n|t:|1716259274\n|switch|p2a: Miraidon|Miraidon, L65|238/238\n|-fieldstart|move: Electric Terrain|[from] ability: Hadron Engine|[of] p2a: Miraidon\n|move|p1a: Floatzel|Flip Turn|p2a: Miraidon\n|-resisted|p2a: Miraidon\n|-damage|p2a: Miraidon|177/238\n|\n|t:|1716259280\n|switch|p1a: Ampharos|Ampharos, L88, F|302/302|[from] Flip Turn\n|\n|upkeep\n|turn|3\n|\n|t:|1716259290\n|move|p2a: Miraidon|Volt Switch|p1a: Ampharos\n|-resisted|p1a: Ampharos\n|-damage|p1a: Ampharos|227/302\n|\n|t:|1716259298\n|switch|p2a: Salazzle|Salazzle, L82, F|246/246|[from] Volt Switch\n|move|p1a: Ampharos|Volt Switch|p2a: Salazzle\n|-damage|p2a: Salazzle|0 fnt\n|faint|p2a: Salazzle\n|\n|t:|1716259303\n|switch|p1a: Swampert|Swampert, L83, M|302/302|[from] Volt Switch\n|\n|upkeep\n|\n|t:|1716259309\n|switch|p2a: Gallade|Gallade, L82, M|246/246\n|turn|4\n|\n|t:|1716259314\n|switch|p1a: Articuno|Articuno, L86|295/295\n|-ability|p1a: Articuno|Pressure\n|move|p2a: Gallade|Sacred Sword|p1a: Articuno\n|-damage|p1a: Articuno|108/295\n|-damage|p2a: Gallade|222/246|[from] item: Life Orb\n|\n|upkeep\n|turn|5\n|inactive|ryangregory78 has 120 seconds left.\n|l|\u2606ryangregory78\n|inactive|ryangregory78 disconnected and has a minute to reconnect!\n|player|p2|\n|j|\u2606ryangregory78\n|inactive|ryangregory78 reconnected and has 105 seconds left.\n|player|p2|ryangregory78|musician|\n|\n|t:|1716259365\n|switch|p2a: Magmortar|Magmortar, L88, F|275/275\n|move|p1a: Articuno|Freeze-Dry|p2a: Magmortar\n|-resisted|p2a: Magmortar\n|-damage|p2a: Magmortar|242/275\n|\n|upkeep\n|turn|6\n|\n|t:|1716259380\n|move|p2a: Magmortar|Fire Blast|p1a: Articuno\n|-supereffective|p1a: Articuno\n|-damage|p1a: Articuno|0 fnt\n|faint|p1a: Articuno\n|\n|-fieldend|move: Electric Terrain\n|upkeep\n|\n|t:|1716259388\n|switch|p1a: Floatzel|Floatzel, L85, M|283/283\n|turn|7\n|\n|t:|1716259393\n|switch|p2a: Forretress|Forretress, L84, M|263/263\n|move|p1a: Floatzel|Wave Crash|p2a: Forretress\n|-damage|p2a: Forretress|115/263\n|-damage|p1a: Floatzel|234/283|[from] Recoil\n|\n|-heal|p2a: Forretress|131/263|[from] item: Leftovers\n|upkeep\n|turn|8\n|j| foierzoig\n|\n|t:|1716259402\n|move|p1a: Floatzel|Wave Crash|p2a: Forretress\n|-damage|p2a: Forretress|0 fnt\n|faint|p2a: Forretress\n|-damage|p1a: Floatzel|191/283|[from] Recoil\n|\n|upkeep\n|\n|t:|1716259407\n|switch|p2a: Miraidon|Miraidon, L65|177/238\n|-fieldstart|move: Electric Terrain|[from] ability: Hadron Engine|[of] p2a: Miraidon\n|turn|9\n|\n|t:|1716259428\n|move|p1a: Floatzel|Wave Crash|p2a: Miraidon\n|-resisted|p2a: Miraidon\n|-damage|p2a: Miraidon|48/238\n|-damage|p1a: Floatzel|148/283|[from] Recoil\n|move|p2a: Miraidon|Draco Meteor|p1a: Floatzel\n|-damage|p1a: Floatzel|0 fnt\n|-unboost|p2a: Miraidon|spa|2\n|faint|p1a: Floatzel\n|\n|upkeep\n|inactive|not haruno has 120 seconds left.\n|\n|t:|1716259445\n|switch|p1a: Ursaring|Ursaring, L84, F|288/288\n|turn|10\n|\n|t:|1716259447\n|switch|p2a: Great Tusk|Great Tusk, L77|304/304\n|move|p1a: Ursaring|Body Slam|p2a: Great Tusk\n|-damage|p2a: Great Tusk|210/304\n|\n|-heal|p2a: Great Tusk|229/304|[from] item: Leftovers\n|upkeep\n|turn|11\n|\n|t:|1716259453\n|switch|p1a: Swampert|Swampert, L83, M|302/302\n|move|p2a: Great Tusk|Headlong Rush|p1a: Swampert\n|-damage|p1a: Swampert|170/302\n|-unboost|p2a: Great Tusk|def|1\n|-unboost|p2a: Great Tusk|spd|1\n|\n|-heal|p2a: Great Tusk|248/304|[from] item: Leftovers\n|-heal|p1a: Swampert|188/302|[from] item: Leftovers\n|upkeep\n|turn|12\n|\n|t:|1716259464\n|-end|p2a: Great Tusk|Protosynthesis|[silent]\n|switch|p2a: Magmortar|Magmortar, L88, F|242/275\n|move|p1a: Swampert|Ice Beam|p2a: Magmortar\n|-resisted|p2a: Magmortar\n|-damage|p2a: Magmortar|215/275\n|\n|-heal|p1a: Swampert|206/302|[from] item: Leftovers\n|upkeep\n|turn|13\n|\n|t:|1716259470\n|move|p2a: Magmortar|Scorching Sands|p1a: Swampert\n|-damage|p1a: Swampert|108/302\n|move|p1a: Swampert|Earthquake|p2a: Magmortar\n|-supereffective|p2a: Magmortar\n|-damage|p2a: Magmortar|0 fnt\n|faint|p2a: Magmortar\n|\n|-heal|p1a: Swampert|126/302|[from] item: Leftovers\n|-fieldend|move: Electric Terrain\n|upkeep\n|\n|t:|1716259476\n|switch|p2a: Gallade|Gallade, L82, M|222/246\n|turn|14\n|\n|t:|1716259494\n|move|p2a: Gallade|Sacred Sword|p1a: Swampert\n|-damage|p1a: Swampert|0 fnt\n|faint|p1a: Swampert\n|-damage|p2a: Gallade|198/246|[from] item: Life Orb\n|\n|upkeep\n|\n|t:|1716259496\n|switch|p1a: Ampharos|Ampharos, L88, F|227/302\n|turn|15\n|\n|t:|1716259505\n|move|p2a: Gallade|Psycho Cut|p1a: Ampharos\n|-damage|p1a: Ampharos|71/302\n|-damage|p2a: Gallade|174/246|[from] item: Life Orb\n|move|p1a: Ampharos|Dazzling Gleam|p2a: Gallade\n|-supereffective|p2a: Gallade\n|-damage|p2a: Gallade|0 fnt\n|faint|p2a: Gallade\n|\n|upkeep\n|\n|t:|1716259509\n|switch|p2a: Great Tusk|Great Tusk, L77|248/304\n|turn|16\n|\n|t:|1716259512\n|move|p2a: Great Tusk|Headlong Rush|p1a: Ampharos\n|-supereffective|p1a: Ampharos\n|-crit|p1a: Ampharos\n|-damage|p1a: Ampharos|0 fnt\n|-unboost|p2a: Great Tusk|def|1\n|-unboost|p2a: Great Tusk|spd|1\n|faint|p1a: Ampharos\n|\n|-heal|p2a: Great Tusk|267/304|[from] item: Leftovers\n|upkeep\n|\n|t:|1716259514\n|switch|p1a: Ursaring|Ursaring, L84, F|288/288\n|turn|17\n|\n|t:|1716259517\n|-end|p2a: Great Tusk|Protosynthesis|[silent]\n|switch|p2a: Miraidon|Miraidon, L65|48/238\n|-fieldstart|move: Electric Terrain|[from] ability: Hadron Engine|[of] p2a: Miraidon\n|-terastallize|p1a: Ursaring|Ground\n|move|p1a: Ursaring|Body Slam|p2a: Miraidon\n|-damage|p2a: Miraidon|0 fnt\n|faint|p2a: Miraidon\n|\n|upkeep\n|\n|t:|1716259519\n|switch|p2a: Great Tusk|Great Tusk, L77|267/304\n|turn|18\n|\n|t:|1716259523\n|move|p2a: Great Tusk|Headlong Rush|p1a: Ursaring\n|-damage|p1a: Ursaring|183/288\n|-unboost|p2a: Great Tusk|def|1\n|-unboost|p2a: Great Tusk|spd|1\n|move|p1a: Ursaring|Body Slam|p2a: Great Tusk\n|-damage|p2a: Great Tusk|135/304\n|\n|-heal|p2a: Great Tusk|154/304|[from] item: Leftovers\n|upkeep\n|turn|19\n|\n|t:|1716259528\n|move|p2a: Great Tusk|Headlong Rush|p1a: Ursaring\n|-damage|p1a: Ursaring|83/288\n|-unboost|p2a: Great Tusk|def|1\n|-unboost|p2a: Great Tusk|spd|1\n|move|p1a: Ursaring|Earthquake|p2a: Great Tusk\n|-damage|p2a: Great Tusk|0 fnt\n|faint|p2a: Great Tusk\n|-end|p2a: Great Tusk|Protosynthesis|[silent]\n|\n|win|not haruno\n|raw|not haruno's rating: 2242 &rarr; <strong>2261</strong><br />(+19 for winning)\n|raw|ryangregory78's rating: 2232 &rarr; <strong>2213</strong><br />(-19 for losing)\n", "inputlog": ">version 7158ead19aeac8750849df2840eabb6dbec77df6\n>start {\"formatid\":\"gen9randombattle\",\"seed\":[2726,41669,23750,64056],\"rated\":\"Rated battle\"}\n>player p1 {\"name\":\"not haruno\",\"avatar\":\"#notharuno\",\"rating\":2242,\"seed\":[52528,14548,19923,3087]}\n>player p2 {\"name\":\"ryangregory78\",\"avatar\":\"musician\",\"rating\":2232,\"seed\":[47014,44884,61028,24091]}\n>p1 move stoneedge\n>p2 move focusblast\n>p1 switch 3\n>p1 move flipturn\n>p2 switch 2\n>p1 switch 6\n>p1 move voltswitch\n>p2 move voltswitch\n>p2 switch 5\n>p1 switch 4\n>p2 switch 4\n>p1 switch 5\n>p2 move sacredsword\n>p1 move freezedry\n>p2 switch 2\n>p1 move bravebird\n>p2 move fireblast\n>p1 switch 6\n>p1 move wavecrash\n>p2 switch 6\n>p1 move wavecrash\n>p2 move spikes\n>p2 switch 5\n>p1 move wavecrash\n>p2 move dracometeor\n>p1 switch 2\n>p1 move bodyslam\n>p2 switch 3\n>p1 switch 5\n>p2 move headlongrush\n>p1 move icebeam\n>p2 switch 6\n>p1 move earthquake\n>p2 move scorchingsands\n>p2 switch 2\n>p1 move earthquake\n>p2 move sacredsword\n>p1 switch 4\n>p1 move dazzlinggleam\n>p2 move psychocut\n>p2 switch 6\n>p1 move dazzlinggleam\n>p2 move headlongrush\n>p1 switch 5\n>p1 move bodyslam terastallize\n>p2 switch 3\n>p2 switch 3\n>p1 move bodyslam\n>p2 move headlongrush\n>p1 move earthquake\n>p2 move headlongrush", "uploadtime": 1716259531, "views": 203, "formatid": "gen9randombattle", "rating": 2213, "private": 0, "password": null}