{"id": "gen9randombattle-2259937829", "format": "[Gen 9] Random Battle", "players": ["AssPickings", "joao124567898"], "log": "|j|\u2606AssPickings\n|j|\u2606joao124567898\n|t:|1733781985\n|gametype|singles\n|player|p1|AssPickings|1|1071\n|player|p2|joao124567898|pryce|1036\n|teamsize|p1|6\n|teamsize|p2|6\n|gen|9\n|tier|[Gen 9] Random Battle\n|rated|\n|rule|Species Clause: Limit one of each Pok\u00e9mon\n|rule|HP Percentage Mod: HP is shown in percentages\n|rule|Sleep Clause Mod: Limit one foe put to sleep\n|rule|Illusion Level Mod: Illusion disguises the Pok\u00e9mon's true level\n|\n|t:|1733781985\n|start\n|switch|p1a: Meganium|Meganium, L90, F|290/290\n|switch|p2a: Greedent|Greedent, L86, F|347/347\n|turn|1\n|\n|t:|1733782006\n|move|p1a: Meganium|Swords Dance|p1a: Meganium\n|-boost|p1a: Meganium|atk|2\n|move|p2a: Greedent|Swords Dance|p2a: Greedent\n|-boost|p2a: Greedent|atk|2\n|\n|upkeep\n|turn|2\n|inactive|Battle timer is ON: inactive players will automatically lose when time's up. (requested by AssPickings)\n|\n|t:|1733782015\n|move|p1a: Meganium|Knock Off|p2a: Greedent\n|-damage|p2a: Greedent|174/347\n|-enditem|p2a: Greedent|Sitrus Berry|[from] move: Knock Off|[of] p1a: Meganium\n|-damage|p1a: Meganium|261/290|[from] item: Life Orb\n|move|p2a: Greedent|Knock Off|p1a: Meganium\n|-damage|p1a: Meganium|133/290\n|-enditem|p1a: Meganium|Life Orb|[from] move: Knock Off|[of] p2a: Greedent\n|\n|upkeep\n|turn|3\n|\n|t:|1733782030\n|move|p1a: Meganium|Earthquake|p2a: Greedent\n|-damage|p2a: Greedent|32/347\n|move|p2a: Greedent|Double-Edge|p1a: Meganium\n|-damage|p1a: Meganium|0 fnt\n|faint|p1a: Meganium\n|-damage|p2a: Greedent|0 fnt|[from] Recoil\n|faint|p2a: Greedent\n|\n|upkeep\n|\n|t:|1733782060\n|switch|p1a: Gallade|Gallade, L81, M|243/243\n|switch|p2a: Pikachu|Pikachu-Hoenn, L93, M|216/216\n|turn|4\n|inactive|AssPickings has 120 seconds left.\n|\n|t:|1733782110\n|move|p2a: Pikachu|Fake Out|p1a: Gallade\n|-damage|p1a: Gallade|182/243\n|cant|p1a: Gallade|flinch\n|\n|upkeep\n|turn|5\n|\n|t:|1733782124\n|move|p2a: Pikachu|Knock Off|p1a: Gallade\n|-damage|p1a: Gallade|44/243\n|-enditem|p1a: Gallade|Choice Band|[from] move: Knock Off|[of] p2a: Pikachu\n|move|p1a: Gallade|Psycho Cut|p2a: Pikachu\n|-damage|p2a: Pikachu|38/216\n|\n|upkeep\n|turn|6\n|\n|t:|1733782139\n|move|p2a: Pikachu|Knock Off|p1a: Gallade\n|-damage|p1a: Gallade|0 fnt\n|faint|p1a: Gallade\n|\n|upkeep\n|\n|t:|1733782143\n|switch|p1a: Cobalion|Cobalion, L80|277/277\n|turn|7\n|\n|t:|1733782161\n|switch|p2a: Ursaluna|Ursaluna-Bloodmoon, L79, M|308/308\n|move|p1a: Cobalion|Calm Mind|p1a: Cobalion\n|-boost|p1a: Cobalion|spa|1\n|-boost|p1a: Cobalion|spd|1\n|\n|upkeep\n|turn|8\n|\n|t:|1733782176\n|move|p1a: Cobalion|Aura Sphere|p2a: Ursaluna\n|-supereffective|p2a: Ursaluna\n|-damage|p2a: Ursaluna|36/308\n|move|p2a: Ursaluna|Calm Mind|p2a: Ursaluna\n|-boost|p2a: Ursaluna|spa|1\n|-boost|p2a: Ursaluna|spd|1\n|\n|-heal|p2a: Ursaluna|55/308|[from] item: Leftovers\n|upkeep\n|turn|9\n|\n|t:|1733782187\n|move|p1a: Cobalion|Aura Sphere|p2a: Ursaluna\n|-supereffective|p2a: Ursaluna\n|-damage|p2a: Ursaluna|0 fnt\n|faint|p2a: Ursaluna\n|\n|upkeep\n|\n|t:|1733782193\n|switch|p2a: Muk|Muk-Alola, L82, M|306/306\n|turn|10\n|\n|t:|1733782201\n|move|p1a: Cobalion|Calm Mind|p1a: Cobalion\n|-boost|p1a: Cobalion|spa|1\n|-boost|p1a: Cobalion|spd|1\n|move|p2a: Muk|Knock Off|p1a: Cobalion\n|-resisted|p1a: Cobalion\n|-damage|p1a: Cobalion|234/277\n|-ability|p1a: Cobalion|Justified|boost\n|-boost|p1a: Cobalion|atk|1\n|-enditem|p1a: Cobalion|Leftovers|[from] move: Knock Off|[of] p2a: Muk\n|\n|upkeep\n|turn|11\n|\n|t:|1733782210\n|move|p1a: Cobalion|Aura Sphere|p2a: Muk\n|-damage|p2a: Muk|219/306\n|move|p2a: Muk|Drain Punch|p1a: Cobalion\n|-supereffective|p1a: Cobalion\n|-damage|p1a: Cobalion|154/277\n|-heal|p2a: Muk|259/306|[from] drain|[of] p1a: Cobalion\n|\n|upkeep\n|turn|12\n|\n|t:|1733782220\n|move|p1a: Cobalion|Calm Mind|p1a: Cobalion\n|-boost|p1a: Cobalion|spa|1\n|-boost|p1a: Cobalion|spd|1\n|move|p2a: Muk|Drain Punch|p1a: Cobalion\n|-supereffective|p1a: Cobalion\n|-damage|p1a: Cobalion|72/277\n|-heal|p2a: Muk|300/306|[from] drain|[of] p1a: Cobalion\n|\n|upkeep\n|turn|13\n|\n|t:|1733782229\n|move|p1a: Cobalion|Aura Sphere|p2a: Muk\n|-damage|p2a: Muk|185/306\n|move|p2a: Muk|Drain Punch|p1a: Cobalion\n|-supereffective|p1a: Cobalion\n|-damage|p1a: Cobalion|0 fnt\n|-heal|p2a: Muk|221/306|[from] drain|[of] p1a: Cobalion\n|faint|p1a: Cobalion\n|\n|upkeep\n|\n|t:|1733782240\n|switch|p1a: Pachirisu|Pachirisu, L96, M|271/271\n|turn|14\n|\n|t:|1733782244\n|move|p1a: Pachirisu|Nuzzle|p2a: Muk\n|-damage|p2a: Muk|202/306\n|-status|p2a: Muk|par\n|cant|p2a: Muk|par\n|\n|upkeep\n|turn|15\n|\n|t:|1733782252\n|move|p1a: Pachirisu|Super Fang|p2a: Muk\n|-damage|p2a: Muk|101/306 par\n|move|p2a: Muk|Poison Jab|p1a: Pachirisu\n|-damage|p1a: Pachirisu|186/271\n|\n|upkeep\n|turn|16\n|\n|t:|1733782260\n|move|p1a: Pachirisu|Thunderbolt|p2a: Muk\n|-damage|p2a: Muk|58/306 par\n|cant|p2a: Muk|par\n|\n|upkeep\n|turn|17\n|\n|t:|1733782280\n|move|p1a: Pachirisu|Thunderbolt|p2a: Muk\n|-damage|p2a: Muk|12/306 par\n|move|p2a: Muk|Knock Off|p1a: Pachirisu\n|-damage|p1a: Pachirisu|86/271\n|-status|p1a: Pachirisu|psn|[from] ability: Poison Touch|[of] p2a: Muk\n|-enditem|p1a: Pachirisu|Assault Vest|[from] move: Knock Off|[of] p2a: Muk\n|\n|-damage|p1a: Pachirisu|53/271 psn|[from] psn\n|upkeep\n|turn|18\n|\n|t:|1733782292\n|move|p1a: Pachirisu|Thunderbolt|p2a: Muk\n|-damage|p2a: Muk|0 fnt\n|faint|p2a: Muk\n|\n|-damage|p1a: Pachirisu|20/271 psn|[from] psn\n|upkeep\n|\n|t:|1733782312\n|switch|p2a: Calyrex|Calyrex, L93|337/337\n|-ability|p2a: Calyrex|Unnerve\n|turn|19\n|\n|t:|1733782325\n|move|p1a: Pachirisu|Nuzzle|p2a: Calyrex\n|-resisted|p2a: Calyrex\n|-damage|p2a: Calyrex|329/337\n|-status|p2a: Calyrex|par\n|cant|p2a: Calyrex|par\n|\n|-heal|p2a: Calyrex|337/337 par|[from] item: Leftovers\n|-damage|p1a: Pachirisu|0 fnt|[from] psn\n|faint|p1a: Pachirisu\n|upkeep\n|\n|t:|1733782334\n|switch|p1a: Jirachi|Jirachi, L80|291/291\n|turn|20\n|\n|t:|1733782340\n|move|p1a: Jirachi|Iron Head|p2a: Calyrex\n|-damage|p2a: Calyrex|262/337 par\n|move|p2a: Calyrex|Leech Seed|p1a: Jirachi\n|-start|p1a: Jirachi|move: Leech Seed\n|\n|-heal|p2a: Calyrex|283/337 par|[from] item: Leftovers\n|-damage|p1a: Jirachi|255/291|[from] Leech Seed|[of] p2a: Calyrex\n|-heal|p2a: Calyrex|319/337 par|[silent]\n|upkeep\n|turn|21\n|\n|t:|1733782349\n|move|p1a: Jirachi|U-turn|p2a: Calyrex\n|-supereffective|p2a: Calyrex\n|-damage|p2a: Calyrex|143/337 par\n|\n|t:|1733782353\n|switch|p1a: Dudunsparce|Dudunsparce-Three-Segment, L83, F|343/343|[from] U-turn\n|move|p2a: Calyrex|Calm Mind|p2a: Calyrex\n|-boost|p2a: Calyrex|spa|1\n|-boost|p2a: Calyrex|spd|1\n|\n|-heal|p2a: Calyrex|164/337 par|[from] item: Leftovers\n|upkeep\n|turn|22\n|\n|t:|1733782365\n|switch|p1a: Jirachi|Jirachi, L80|255/291\n|move|p2a: Calyrex|Leech Seed|p1a: Jirachi\n|-start|p1a: Jirachi|move: Leech Seed\n|\n|-heal|p2a: Calyrex|185/337 par|[from] item: Leftovers\n|-damage|p1a: Jirachi|219/291|[from] Leech Seed|[of] p2a: Calyrex\n|-heal|p2a: Calyrex|221/337 par|[silent]\n|upkeep\n|turn|23\n|\n|t:|1733782377\n|move|p1a: Jirachi|U-turn|p2a: Calyrex\n|-supereffective|p2a: Calyrex\n|-damage|p2a: Calyrex|21/337 par\n|\n|t:|1733782379\n|switch|p1a: Dudunsparce|Dudunsparce-Three-Segment, L83, F|343/343|[from] U-turn\n|move|p2a: Calyrex|Leech Seed|p1a: Dudunsparce\n|-start|p1a: Dudunsparce|move: Leech Seed\n|\n|-heal|p2a: Calyrex|42/337 par|[from] item: Leftovers\n|-damage|p1a: Dudunsparce|301/343|[from] Leech Seed|[of] p2a: Calyrex\n|-heal|p2a: Calyrex|84/337 par|[silent]\n|upkeep\n|turn|24\n|\n|t:|1733782391\n|move|p1a: Dudunsparce|Boomburst|p2a: Calyrex\n|-damage|p2a: Calyrex|0 fnt\n|faint|p2a: Calyrex\n|\n|-heal|p1a: Dudunsparce|322/343|[from] item: Leftovers\n|upkeep\n|\n|t:|1733782409\n|switch|p2a: Pikachu|Pikachu-Hoenn, L93, M|38/216\n|turn|25\n|\n|t:|1733782421\n|move|p2a: Pikachu|Fake Out|p1a: Dudunsparce\n|-damage|p1a: Dudunsparce|276/343\n|cant|p1a: Dudunsparce|flinch\n|\n|-heal|p1a: Dudunsparce|297/343|[from] item: Leftovers\n|-damage|p1a: Dudunsparce|255/343|[from] Leech Seed|[of] p2a: Pikachu\n|-heal|p2a: Pikachu|80/216|[silent]\n|upkeep\n|turn|26\n|\n|t:|1733782434\n|move|p2a: Pikachu|Volt Tackle|p1a: Dudunsparce\n|-damage|p1a: Dudunsparce|21/343\n|-damage|p2a: Pikachu|3/216|[from] Recoil\n|move|p1a: Dudunsparce|Earth Power|p2a: Pikachu\n|-supereffective|p2a: Pikachu\n|-damage|p2a: Pikachu|0 fnt\n|faint|p2a: Pikachu\n|\n|-heal|p1a: Dudunsparce|42/343|[from] item: Leftovers\n|upkeep\n|\n|t:|1733782447\n|switch|p2a: Golurk|Golurk, L87|297/297\n|turn|27\n|\n|t:|1733782458\n|move|p2a: Golurk|Poltergeist|p1a: Dudunsparce\n|-immune|p1a: Dudunsparce\n|move|p1a: Dudunsparce|Earth Power|p2a: Golurk\n|-damage|p2a: Golurk|235/297\n|\n|-heal|p1a: Dudunsparce|63/343|[from] item: Leftovers\n|-damage|p1a: Dudunsparce|21/343|[from] Leech Seed|[of] p2a: Golurk\n|-heal|p2a: Golurk|277/297|[silent]\n|upkeep\n|turn|28\n|\n|t:|1733782469\n|move|p2a: Golurk|Poltergeist|p1a: Dudunsparce\n|-immune|p1a: Dudunsparce\n|move|p1a: Dudunsparce|Earth Power|p2a: Golurk\n|-damage|p2a: Golurk|215/297\n|\n|-heal|p1a: Dudunsparce|42/343|[from] item: Leftovers\n|-damage|p1a: Dudunsparce|0 fnt|[from] Leech Seed|[of] p2a: Golurk\n|-heal|p2a: Golurk|257/297|[silent]\n|faint|p1a: Dudunsparce\n|upkeep\n|\n|t:|1733782472\n|switch|p1a: Jirachi|Jirachi, L80|219/291\n|turn|29\n|\n|t:|1733782484\n|-terastallize|p1a: Jirachi|Fighting\n|move|p1a: Jirachi|Iron Head|p2a: Golurk\n|-damage|p2a: Golurk|167/297\n|move|p2a: Golurk|Poltergeist|p1a: Jirachi\n|-activate|p1a: Jirachi|move: Poltergeist|Assault Vest\n|-damage|p1a: Jirachi|0 fnt\n|faint|p1a: Jirachi\n|\n|win|joao124567898\n|raw|AssPickings's rating: 1071 &rarr; <strong>1048</strong><br />(-23 for losing)\n|raw|joao124567898's rating: 1036 &rarr; <strong>1074</strong><br />(+38 for winning)\n|l|\u2606AssPickings\n|player|p1|\n", "inputlog": ">version bfd83cad13791eb5a5a409923076391caf6fb4d4\n>start {\"formatid\":\"gen9randombattle\",\"seed\":[41429,52945,12943,13775],\"rated\":\"Rated battle\"}\n>player p1 {\"name\":\"AssPickings\",\"avatar\":\"1\",\"rating\":1071,\"seed\":[26054,49009,25611,55717]}\n>player p2 {\"name\":\"joao124567898\",\"avatar\":\"pryce\",\"rating\":1036,\"seed\":[27861,7900,39034,20236]}\n>p1 move swordsdance\n>p2 move swordsdance\n>p1 move knockoff\n>p2 move knockoff\n>p1 move earthquake\n>p2 move doubleedge\n>p1 switch 4\n>p2 switch 2\n>p1 move psychocut\n>p2 move fakeout\n>p1 move psychocut\n>p2 move knockoff\n>p1 move nightslash\n>p2 move knockoff\n>p1 switch 2\n>p1 move calmmind\n>p2 switch 3\n>p1 move aurasphere\n>p2 move calmmind\n>p1 move aurasphere\n>p2 move earthpower\n>p2 switch 4\n>p1 move calmmind\n>p2 move knockoff\n>p1 move aurasphere\n>p2 move drainpunch\n>p1 move calmmind\n>p2 move drainpunch\n>p1 move aurasphere\n>p2 move drainpunch\n>p1 switch 6\n>p1 move nuzzle\n>p2 move poisonjab\n>p1 move superfang\n>p2 move poisonjab\n>p1 move thunderbolt\n>p2 move knockoff\n>p1 move thunderbolt\n>p2 move knockoff\n>p1 move thunderbolt\n>p2 move drainpunch\n>p2 switch 5\n>p1 move nuzzle\n>p2 move calmmind\n>p1 switch 5\n>p1 move ironhead\n>p2 move leechseed\n>p1 move uturn\n>p2 move calmmind\n>p1 switch 3\n>p1 switch 3\n>p2 move leechseed\n>p1 move uturn\n>p2 move leechseed\n>p1 switch 3\n>p1 move boomburst\n>p2 move psychic\n>p2 switch 3\n>p1 move earthpower\n>p2 move fakeout\n>p1 move earthpower\n>p2 move volttackle\n>p2 switch 6\n>p1 move earthpower\n>p2 move poltergeist\n>p1 move earthpower\n>p2 move poltergeist\n>p1 switch 3\n>p1 move ironhead terastallize\n>p2 move poltergeist", "uploadtime": 1733782498, "views": 2, "formatid": "gen9randombattle", "rating": 1048, "private": 0, "password": null}