{"id": "gen9randombattle-2260304149", "format": "[Gen 9] Random Battle", "players": ["HYDRAx9000", "shawsy97"], "log": "|j|\u2606HYDRAx9000\n|j|\u2606shawsy97\n|t:|1733837593\n|gametype|singles\n|player|p1|HYDRAx9000|1|2136\n|player|p2|shawsy97|265|2206\n|teamsize|p1|6\n|teamsize|p2|6\n|gen|9\n|tier|[Gen 9] Random Battle\n|rated|\n|rule|Species Clause: Limit one of each Pok\u00e9mon\n|rule|HP Percentage Mod: HP is shown in percentages\n|rule|Sleep Clause Mod: Limit one foe put to sleep\n|rule|Illusion Level Mod: Illusion disguises the Pok\u00e9mon's true level\n|\n|t:|1733837593\n|start\n|switch|p1a: Ogerpon|Ogerpon-Hearthflame, L74, F|239/239\n|switch|p2a: Greedent|Greedent, L86, F|347/347\n|-ability|p1a: Ogerpon|Mold Breaker\n|turn|1\n|inactive|Battle timer is ON: inactive players will automatically lose when time's up. (requested by HYDRAx9000)\n|\n|t:|1733837606\n|move|p1a: Ogerpon|Knock Off|p2a: Greedent\n|-damage|p2a: Greedent|274/347\n|-enditem|p2a: Greedent|Sitrus Berry|[from] move: Knock Off|[of] p1a: Ogerpon\n|move|p2a: Greedent|Swords Dance|p2a: Greedent\n|-boost|p2a: Greedent|atk|2\n|\n|upkeep\n|turn|2\n|\n|t:|1733837618\n|move|p1a: Ogerpon|Swords Dance|p1a: Ogerpon\n|-boost|p1a: Ogerpon|atk|2\n|move|p2a: Greedent|Knock Off|p1a: Ogerpon\n|-damage|p1a: Ogerpon|129/239\n|\n|upkeep\n|turn|3\n|\n|t:|1733837636\n|move|p1a: Ogerpon|Horn Leech|p2a: Greedent\n|-damage|p2a: Greedent|117/347\n|-heal|p1a: Ogerpon|208/239|[from] drain|[of] p2a: Greedent\n|move|p2a: Greedent|Body Slam|p1a: Ogerpon\n|-damage|p1a: Ogerpon|0 fnt\n|faint|p1a: Ogerpon\n|\n|upkeep\n|\n|t:|1733837652\n|switch|p1a: Honchkrow|Honchkrow, L86, F|312/312\n|turn|4\n|\n|t:|1733837672\n|move|p1a: Honchkrow|Brave Bird|p2a: Greedent\n|-damage|p2a: Greedent|0 fnt\n|faint|p2a: Greedent\n|-ability|p1a: Honchkrow|Moxie|boost\n|-boost|p1a: Honchkrow|atk|1\n|-damage|p1a: Honchkrow|273/312|[from] Recoil\n|\n|upkeep\n|\n|t:|1733837674\n|switch|p2a: Urshifu|Urshifu-Rapid-Strike, L75, M|274/274\n|turn|5\n|\n|t:|1733837686\n|switch|p1a: Toxapex|Toxapex, L82, M|216/216\n|move|p2a: Urshifu|Surging Strikes|p1a: Toxapex\n|-resisted|p1a: Toxapex\n|-crit|p1a: Toxapex\n|-damage|p1a: Toxapex|200/216\n|-damage|p2a: Urshifu|229/274|[from] item: Rocky Helmet|[of] p1a: Toxapex\n|-resisted|p1a: Toxapex\n|-crit|p1a: Toxapex\n|-damage|p1a: Toxapex|181/216\n|-damage|p2a: Urshifu|184/274|[from] item: Rocky Helmet|[of] p1a: Toxapex\n|-resisted|p1a: Toxapex\n|-crit|p1a: Toxapex\n|-damage|p1a: Toxapex|162/216\n|-damage|p2a: Urshifu|139/274|[from] item: Rocky Helmet|[of] p1a: Toxapex\n|-hitcount|p1a: Toxapex|3\n|-damage|p2a: Urshifu|112/274|[from] item: Life Orb\n|\n|upkeep\n|turn|6\n|inactive|shawsy97 has 120 seconds left.\n|\n|t:|1733837723\n|switch|p2a: Slowking|Slowking, L88, F|310/310\n|move|p1a: Toxapex|Toxic Spikes|p2a: Slowking\n|-sidestart|p2: shawsy97|move: Toxic Spikes\n|\n|upkeep\n|turn|7\n|\n|t:|1733837736\n|switch|p1a: Honchkrow|Honchkrow, L86, F|273/312\n|move|p2a: Slowking|Future Sight|p1a: Honchkrow\n|-start|p2a: Slowking|move: Future Sight\n|\n|upkeep\n|turn|8\n|inactive|shawsy97 has 120 seconds left.\n|\n|t:|1733837758\n|move|p1a: Honchkrow|Thunder Wave|p2a: Slowking\n|-status|p2a: Slowking|par\n|move|p2a: Slowking|Chilly Reception|p2a: Slowking\n|-weather|Snow\n|\n|t:|1733837763\n|switch|p2a: Venomoth|Venomoth, L84, F|255/255|[from] Chilly Reception\n|-sideend|p2: shawsy97|move: Toxic Spikes|[of] p2a: Venomoth\n|\n|-weather|Snow|[upkeep]\n|upkeep\n|turn|9\n|inactive|shawsy97 has 120 seconds left.\n|\n|t:|1733837775\n|move|p2a: Venomoth|Sleep Powder|p1a: Honchkrow\n|-status|p1a: Honchkrow|slp|[from] move: Sleep Powder\n|cant|p1a: Honchkrow|slp\n|\n|-weather|Snow|[upkeep]\n|-end|p1a: Honchkrow|move: Future Sight\n|-immune|p1a: Honchkrow\n|upkeep\n|turn|10\n|inactive|shawsy97 has 120 seconds left.\n|\n|t:|1733837791\n|switch|p1a: Magmortar|Magmortar, L88, M|275/275\n|move|p2a: Venomoth|Sludge Wave|p1a: Magmortar\n|-damage|p1a: Magmortar|196/275\n|\n|-weather|Snow|[upkeep]\n|upkeep\n|turn|11\n|\n|t:|1733837797\n|switch|p2a: Slowking|Slowking, L88, F|310/310 par\n|move|p1a: Magmortar|Fire Blast|p2a: Slowking|[miss]\n|-miss|p1a: Magmortar|p2a: Slowking\n|\n|-weather|Snow|[upkeep]\n|upkeep\n|turn|12\n|\n|t:|1733837811\n|switch|p1a: Espathra|Espathra, L80, M|283/283\n|move|p2a: Slowking|Chilly Reception|p2a: Slowking\n|inactive|shawsy97 has 120 seconds left.\n|\n|t:|1733837830\n|switch|p2a: Noctowl|Noctowl, L95, M|344/344|[from] Chilly Reception\n|\n|-weather|none\n|upkeep\n|turn|13\n|\n|t:|1733837835\n|move|p1a: Espathra|Calm Mind|p1a: Espathra\n|-boost|p1a: Espathra|spa|1\n|-boost|p1a: Espathra|spd|1\n|move|p2a: Noctowl|Nasty Plot|p2a: Noctowl\n|-boost|p2a: Noctowl|spa|2\n|\n|-ability|p1a: Espathra|Speed Boost|boost\n|-boost|p1a: Espathra|spe|1\n|upkeep\n|turn|14\n|\n|t:|1733837843\n|move|p1a: Espathra|Calm Mind|p1a: Espathra\n|-boost|p1a: Espathra|spa|1\n|-boost|p1a: Espathra|spd|1\n|move|p2a: Noctowl|Hyper Voice|p1a: Espathra\n|-damage|p1a: Espathra|141/283\n|\n|-heal|p1a: Espathra|158/283|[from] item: Leftovers\n|-ability|p1a: Espathra|Speed Boost|boost\n|-boost|p1a: Espathra|spe|1\n|upkeep\n|turn|15\n|\n|t:|1733837847\n|move|p1a: Espathra|Roost|p1a: Espathra\n|-heal|p1a: Espathra|283/283\n|-singleturn|p1a: Espathra|move: Roost\n|move|p2a: Noctowl|Hurricane|p1a: Espathra|[miss]\n|-miss|p2a: Noctowl|p1a: Espathra\n|\n|-ability|p1a: Espathra|Speed Boost|boost\n|-boost|p1a: Espathra|spe|1\n|upkeep\n|turn|16\n|\n|t:|1733837851\n|move|p1a: Espathra|Calm Mind|p1a: Espathra\n|-boost|p1a: Espathra|spa|1\n|-boost|p1a: Espathra|spd|1\n|move|p2a: Noctowl|Nasty Plot|p2a: Noctowl\n|-boost|p2a: Noctowl|spa|2\n|\n|-ability|p1a: Espathra|Speed Boost|boost\n|-boost|p1a: Espathra|spe|1\n|upkeep\n|turn|17\n|\n|t:|1733837855\n|-terastallize|p2a: Noctowl|Steel\n|move|p1a: Espathra|Stored Power|p2a: Noctowl\n|-resisted|p2a: Noctowl\n|-damage|p2a: Noctowl|104/344\n|move|p2a: Noctowl|Hurricane|p1a: Espathra|[miss]\n|-miss|p2a: Noctowl|p1a: Espathra\n|\n|-ability|p1a: Espathra|Speed Boost|boost\n|-boost|p1a: Espathra|spe|1\n|upkeep\n|turn|18\n|-message|shawsy97 forfeited.\n|\n|win|HYDRAx9000\n|raw|HYDRAx9000's rating: 2136 &rarr; <strong>2160</strong><br />(+24 for winning)\n|raw|shawsy97's rating: 2206 &rarr; <strong>2182</strong><br />(-24 for losing)\n|l|\u2606shawsy97\n|player|p2|\n", "inputlog": ">version bfd83cad13791eb5a5a409923076391caf6fb4d4\n>start {\"formatid\":\"gen9randombattle\",\"seed\":[42451,40936,50983,32332],\"rated\":\"Rated battle\"}\n>player p1 {\"name\":\"HYDRAx9000\",\"avatar\":\"1\",\"rating\":2136,\"seed\":[61423,51369,11656,33588]}\n>player p2 {\"name\":\"shawsy97\",\"avatar\":\"265\",\"rating\":2206,\"seed\":[11096,25758,9892,24183]}\n>p1 move knockoff\n>p2 move swordsdance\n>p1 move swordsdance\n>p2 move knockoff\n>p1 move hornleech\n>p2 move bodyslam\n>p1 switch 4\n>p1 move bravebird\n>p2 move bodyslam\n>p2 switch 4\n>p1 switch 2\n>p2 move surgingstrikes\n>p1 move toxicspikes\n>p2 switch 3\n>p1 switch 2\n>p2 move futuresight\n>p1 move thunderwave\n>p2 move chillyreception\n>p2 switch 2\n>p1 move thunderwave\n>p2 move sleeppowder\n>p1 switch 5\n>p2 move sludgewave\n>p1 move fireblast\n>p2 switch 2\n>p1 switch 3\n>p2 move chillyreception\n>p2 switch 6\n>p1 move calmmind\n>p2 move nastyplot\n>p1 move calmmind\n>p2 move hypervoice\n>p1 move roost\n>p2 move hurricane\n>p1 move calmmind\n>p2 move nastyplot\n>p1 move storedpower\n>p2 move hurricane terastallize\n>forcelose p2", "uploadtime": 1733837866, "views": 1, "formatid": "gen9randombattle", "rating": 2160, "private": 0, "password": null}