{"id": "gen9randombattle-2260790572", "format": "[Gen 9] Random Battle", "players": ["M0R0K0", "crisco bather"], "log": "|j|\u2606M0R0K0\n|j|\u2606crisco bather\n|t:|1733892580\n|gametype|singles\n|player|p1|M0R0K0|170|1198\n|player|p2|crisco bather|skyla|1182\n|teamsize|p1|6\n|teamsize|p2|6\n|gen|9\n|tier|[Gen 9] Random Battle\n|rated|\n|rule|Species Clause: Limit one of each Pok\u00e9mon\n|rule|HP Percentage Mod: HP is shown in percentages\n|rule|Sleep Clause Mod: Limit one foe put to sleep\n|rule|Illusion Level Mod: Illusion disguises the Pok\u00e9mon's true level\n|\n|t:|1733892580\n|start\n|switch|p1a: Whimsicott|Whimsicott, L85, M|241/241\n|switch|p2a: Spiritomb|Spiritomb, L89, M|234/234\n|turn|1\n|inactive|Battle timer is ON: inactive players will automatically lose when time's up. (requested by M0R0K0)\n|\n|t:|1733892593\n|switch|p2a: Gholdengo|Gholdengo, L77|261/261\n|move|p1a: Whimsicott|Leech Seed|p2a: Gholdengo\n|-immune|p2a: Gholdengo|[from] ability: Good as Gold\n|\n|upkeep\n|turn|2\n|\n|t:|1733892603\n|switch|p1a: Volcarona|Volcarona, L77, F|257/257\n|move|p2a: Gholdengo|Nasty Plot|p2a: Gholdengo\n|-boost|p2a: Gholdengo|spa|2\n|\n|upkeep\n|turn|3\n|\n|t:|1733892624\n|switch|p2a: Ogerpon|Ogerpon-Cornerstone, L76, F|247/247\n|move|p1a: Volcarona|Quiver Dance|p1a: Volcarona\n|-boost|p1a: Volcarona|spa|1\n|-boost|p1a: Volcarona|spd|1\n|-boost|p1a: Volcarona|spe|1\n|\n|upkeep\n|turn|4\n|\n|t:|1733892637\n|-terastallize|p1a: Volcarona|Ground\n|move|p1a: Volcarona|Fiery Dance|p2a: Ogerpon\n|-damage|p2a: Ogerpon|115/247\n|-boost|p1a: Volcarona|spa|1\n|move|p2a: Ogerpon|Ivy Cudgel|p1a: Volcarona|[anim] Ivy Cudgel Rock\n|-resisted|p1a: Volcarona\n|-damage|p1a: Volcarona|176/257\n|\n|upkeep\n|turn|5\n|\n|t:|1733892653\n|move|p1a: Volcarona|Fiery Dance|p2a: Ogerpon\n|-damage|p2a: Ogerpon|0 fnt\n|faint|p2a: Ogerpon\n|\n|upkeep\n|\n|t:|1733892661\n|switch|p2a: Spiritomb|Spiritomb, L89, M|234/234\n|turn|6\n|\n|t:|1733892668\n|move|p1a: Volcarona|Fiery Dance|p2a: Spiritomb\n|-damage|p2a: Spiritomb|90/234\n|move|p2a: Spiritomb|Foul Play|p1a: Volcarona\n|-damage|p1a: Volcarona|107/257\n|\n|-heal|p2a: Spiritomb|104/234|[from] item: Leftovers\n|upkeep\n|turn|7\n|\n|t:|1733892681\n|move|p1a: Volcarona|Fiery Dance|p2a: Spiritomb\n|-damage|p2a: Spiritomb|0 fnt\n|faint|p2a: Spiritomb\n|\n|upkeep\n|\n|t:|1733892686\n|switch|p2a: Hitmonchan|Hitmonchan, L87, M|229/229\n|turn|8\n|\n|t:|1733892691\n|move|p1a: Volcarona|Giga Drain|p2a: Hitmonchan\n|-damage|p2a: Hitmonchan|131/229\n|-heal|p1a: Volcarona|156/257|[from] drain|[of] p2a: Hitmonchan\n|move|p2a: Hitmonchan|Ice Punch|p1a: Volcarona\n|-supereffective|p1a: Volcarona\n|-damage|p1a: Volcarona|0 fnt\n|faint|p1a: Volcarona\n|-damage|p2a: Hitmonchan|109/229|[from] item: Life Orb\n|\n|upkeep\n|\n|t:|1733892713\n|switch|p1a: Galvantula|Galvantula, L82, M|249/249\n|turn|9\n|\n|t:|1733892730\n|move|p1a: Galvantula|Sticky Web|p2a: Hitmonchan\n|-sidestart|p2: crisco bather|move: Sticky Web\n|move|p2a: Hitmonchan|Drain Punch|p1a: Galvantula\n|-resisted|p1a: Galvantula\n|-damage|p1a: Galvantula|159/249\n|-heal|p2a: Hitmonchan|154/229|[from] drain|[of] p1a: Galvantula\n|-damage|p2a: Hitmonchan|132/229|[from] item: Life Orb\n|\n|upkeep\n|turn|10\n|\n|t:|1733892739\n|move|p1a: Galvantula|Thunder|p2a: Hitmonchan\n|-damage|p2a: Hitmonchan|48/229\n|-status|p2a: Hitmonchan|par\n|cant|p2a: Hitmonchan|par\n|\n|upkeep\n|turn|11\n|\n|t:|1733892757\n|move|p1a: Galvantula|Thunder|p2a: Hitmonchan\n|-damage|p2a: Hitmonchan|0 fnt\n|faint|p2a: Hitmonchan\n|\n|upkeep\n|\n|t:|1733892760\n|switch|p2a: Vivillon|Vivillon-Tundra, L84, F|272/272\n|turn|12\n|\n|t:|1733892766\n|-terastallize|p2a: Vivillon|Ground\n|move|p1a: Galvantula|Thunder|p2a: Vivillon\n|-immune|p2a: Vivillon\n|move|p2a: Vivillon|Tera Blast|p1a: Galvantula|[anim] Tera Blast Ground\n|-damage|p1a: Galvantula|60/249\n|\n|upkeep\n|turn|13\n|\n|t:|1733892776\n|move|p1a: Galvantula|Bug Buzz|p2a: Vivillon\n|-damage|p2a: Vivillon|142/272\n|move|p2a: Vivillon|Sleep Powder|p1a: Galvantula\n|-status|p1a: Galvantula|slp|[from] move: Sleep Powder\n|\n|upkeep\n|turn|14\n|\n|t:|1733892786\n|cant|p1a: Galvantula|slp\n|move|p2a: Vivillon|Tera Blast|p1a: Galvantula|[anim] Tera Blast Ground\n|-damage|p1a: Galvantula|0 fnt\n|faint|p1a: Galvantula\n|\n|upkeep\n|\n|t:|1733892797\n|switch|p1a: Toxapex|Toxapex, L82, F|216/216\n|turn|15\n|\n|t:|1733892803\n|move|p2a: Vivillon|Tera Blast|p1a: Toxapex|[anim] Tera Blast Ground\n|-supereffective|p1a: Toxapex\n|-damage|p1a: Toxapex|100/216\n|move|p1a: Toxapex|Liquidation|p2a: Vivillon\n|-supereffective|p2a: Vivillon\n|-damage|p2a: Vivillon|0 fnt\n|faint|p2a: Vivillon\n|\n|upkeep\n|\n|t:|1733892808\n|switch|p2a: Gholdengo|Gholdengo, L77|261/261\n|-activate|p2a: Gholdengo|move: Sticky Web\n|-unboost|p2a: Gholdengo|spe|1\n|turn|16\n|\n|t:|1733892817\n|move|p2a: Gholdengo|Make It Rain|p1a: Toxapex\n|-resisted|p1a: Toxapex\n|-damage|p1a: Toxapex|49/216\n|-unboost|p2a: Gholdengo|spa|1\n|move|p1a: Toxapex|Recover|p1a: Toxapex\n|-heal|p1a: Toxapex|157/216\n|\n|upkeep\n|turn|17\n|\n|t:|1733892832\n|move|p2a: Gholdengo|Nasty Plot|p2a: Gholdengo\n|-boost|p2a: Gholdengo|spa|2\n|move|p1a: Toxapex|Liquidation|p2a: Gholdengo\n|-damage|p2a: Gholdengo|195/261\n|\n|-heal|p2a: Gholdengo|211/261|[from] item: Leftovers\n|upkeep\n|turn|18\n|\n|t:|1733892848\n|move|p2a: Gholdengo|Make It Rain|p1a: Toxapex\n|-resisted|p1a: Toxapex\n|-damage|p1a: Toxapex|87/216\n|-unboost|p2a: Gholdengo|spa|1\n|move|p1a: Toxapex|Liquidation|p2a: Gholdengo\n|-damage|p2a: Gholdengo|151/261\n|\n|-heal|p2a: Gholdengo|167/261|[from] item: Leftovers\n|upkeep\n|turn|19\n|\n|t:|1733892863\n|move|p2a: Gholdengo|Make It Rain|p1a: Toxapex\n|-resisted|p1a: Toxapex\n|-damage|p1a: Toxapex|37/216\n|-unboost|p2a: Gholdengo|spa|1\n|move|p1a: Toxapex|Recover|p1a: Toxapex\n|-heal|p1a: Toxapex|145/216\n|\n|-heal|p2a: Gholdengo|183/261|[from] item: Leftovers\n|upkeep\n|turn|20\n|\n|t:|1733892877\n|move|p2a: Gholdengo|Focus Blast|p1a: Toxapex\n|-resisted|p1a: Toxapex\n|-damage|p1a: Toxapex|126/216\n|move|p1a: Toxapex|Liquidation|p2a: Gholdengo\n|-damage|p2a: Gholdengo|117/261\n|\n|-heal|p2a: Gholdengo|133/261|[from] item: Leftovers\n|upkeep\n|turn|21\n|\n|t:|1733892889\n|switch|p2a: Skarmory|Skarmory, L80, M|235/235\n|move|p1a: Toxapex|Liquidation|p2a: Skarmory\n|-damage|p2a: Skarmory|187/235\n|\n|-heal|p2a: Skarmory|201/235|[from] item: Leftovers\n|upkeep\n|turn|22\n|\n|t:|1733892897\n|move|p2a: Skarmory|Stealth Rock|p1a: Toxapex\n|-sidestart|p1: M0R0K0|move: Stealth Rock\n|move|p1a: Toxapex|Liquidation|p2a: Skarmory\n|-damage|p2a: Skarmory|155/235\n|\n|-heal|p2a: Skarmory|169/235|[from] item: Leftovers\n|upkeep\n|turn|23\n|\n|t:|1733892907\n|move|p2a: Skarmory|Brave Bird|p1a: Toxapex\n|-damage|p1a: Toxapex|60/216\n|-damage|p2a: Skarmory|130/235|[from] item: Rocky Helmet|[of] p1a: Toxapex\n|-damage|p2a: Skarmory|108/235|[from] Recoil\n|move|p1a: Toxapex|Liquidation|p2a: Skarmory\n|-damage|p2a: Skarmory|59/235\n|\n|-heal|p2a: Skarmory|73/235|[from] item: Leftovers\n|upkeep\n|turn|24\n|\n|t:|1733892920\n|move|p2a: Skarmory|Roost|p2a: Skarmory\n|-heal|p2a: Skarmory|191/235\n|-singleturn|p2a: Skarmory|move: Roost\n|move|p1a: Toxapex|Recover|p1a: Toxapex\n|-heal|p1a: Toxapex|168/216\n|\n|-heal|p2a: Skarmory|205/235|[from] item: Leftovers\n|upkeep\n|turn|25\n|\n|t:|1733892933\n|move|p2a: Skarmory|Brave Bird|p1a: Toxapex\n|-damage|p1a: Toxapex|101/216\n|-damage|p2a: Skarmory|166/235|[from] item: Rocky Helmet|[of] p1a: Toxapex\n|-damage|p2a: Skarmory|144/235|[from] Recoil\n|move|p1a: Toxapex|Liquidation|p2a: Skarmory\n|-damage|p2a: Skarmory|101/235\n|\n|-heal|p2a: Skarmory|115/235|[from] item: Leftovers\n|upkeep\n|turn|26\n|inactive|M0R0K0 has 120 seconds left.\n|\n|t:|1733892972\n|move|p2a: Skarmory|Body Press|p1a: Toxapex\n|-resisted|p1a: Toxapex\n|-damage|p1a: Toxapex|78/216\n|-damage|p2a: Skarmory|76/235|[from] item: Rocky Helmet|[of] p1a: Toxapex\n|move|p1a: Toxapex|Liquidation|p2a: Skarmory\n|-damage|p2a: Skarmory|27/235\n|\n|-heal|p2a: Skarmory|41/235|[from] item: Leftovers\n|upkeep\n|turn|27\n|inactive|M0R0K0 has 120 seconds left.\n|\n|t:|1733892982\n|move|p2a: Skarmory|Roost|p2a: Skarmory\n|-heal|p2a: Skarmory|159/235\n|-singleturn|p2a: Skarmory|move: Roost\n|move|p1a: Toxapex|Recover|p1a: Toxapex\n|-heal|p1a: Toxapex|186/216\n|\n|-heal|p2a: Skarmory|173/235|[from] item: Leftovers\n|upkeep\n|turn|28\n|inactive|M0R0K0 has 120 seconds left.\n|\n|t:|1733893001\n|move|p2a: Skarmory|Brave Bird|p1a: Toxapex\n|-damage|p1a: Toxapex|120/216\n|-damage|p2a: Skarmory|134/235|[from] item: Rocky Helmet|[of] p1a: Toxapex\n|-damage|p2a: Skarmory|112/235|[from] Recoil\n|move|p1a: Toxapex|Liquidation|p2a: Skarmory\n|-damage|p2a: Skarmory|67/235\n|\n|-heal|p2a: Skarmory|81/235|[from] item: Leftovers\n|upkeep\n|turn|29\n|inactive|M0R0K0 has 120 seconds left.\n|\n|t:|1733893013\n|move|p2a: Skarmory|Roost|p2a: Skarmory\n|-heal|p2a: Skarmory|199/235\n|-singleturn|p2a: Skarmory|move: Roost\n|move|p1a: Toxapex|Liquidation|p2a: Skarmory\n|-damage|p2a: Skarmory|154/235\n|\n|-heal|p2a: Skarmory|168/235|[from] item: Leftovers\n|upkeep\n|turn|30\n|inactive|M0R0K0 has 120 seconds left.\n|\n|t:|1733893026\n|switch|p2a: Gholdengo|Gholdengo, L77|133/261\n|-activate|p2a: Gholdengo|move: Sticky Web\n|-unboost|p2a: Gholdengo|spe|1\n|move|p1a: Toxapex|Recover|p1a: Toxapex\n|-heal|p1a: Toxapex|216/216\n|\n|-heal|p2a: Gholdengo|149/261|[from] item: Leftovers\n|upkeep\n|turn|31\n|inactive|M0R0K0 has 120 seconds left.\n|\n|t:|1733893037\n|move|p2a: Gholdengo|Make It Rain|p1a: Toxapex\n|-resisted|p1a: Toxapex\n|-damage|p1a: Toxapex|169/216\n|-unboost|p2a: Gholdengo|spa|1\n|move|p1a: Toxapex|Liquidation|p2a: Gholdengo\n|-damage|p2a: Gholdengo|86/261\n|\n|-heal|p2a: Gholdengo|102/261|[from] item: Leftovers\n|upkeep\n|turn|32\n|inactive|M0R0K0 has 120 seconds left.\n|\n|t:|1733893049\n|move|p2a: Gholdengo|Make It Rain|p1a: Toxapex\n|-resisted|p1a: Toxapex\n|-damage|p1a: Toxapex|135/216\n|-unboost|p2a: Gholdengo|spa|1\n|move|p1a: Toxapex|Liquidation|p2a: Gholdengo\n|-damage|p2a: Gholdengo|42/261\n|\n|-heal|p2a: Gholdengo|58/261|[from] item: Leftovers\n|upkeep\n|turn|33\n|inactive|M0R0K0 has 120 seconds left.\n|\n|t:|1733893061\n|switch|p2a: Skarmory|Skarmory, L80, M|168/235\n|move|p1a: Toxapex|Liquidation|p2a: Skarmory\n|-damage|p2a: Skarmory|126/235\n|-unboost|p2a: Skarmory|def|1\n|\n|-heal|p2a: Skarmory|140/235|[from] item: Leftovers\n|upkeep\n|turn|34\n|inactive|M0R0K0 has 120 seconds left.\n|\n|t:|1733893071\n|switch|p1a: Reshiram|Reshiram, L76|277/277\n|-ability|p1a: Reshiram|Turboblaze\n|move|p2a: Skarmory|Brave Bird|p1a: Reshiram\n|-damage|p1a: Reshiram|175/277\n|-damage|p2a: Skarmory|106/235|[from] Recoil\n|\n|-heal|p2a: Skarmory|120/235|[from] item: Leftovers\n|upkeep\n|turn|35\n|inactive|M0R0K0 has 120 seconds left.\n|\n|t:|1733893090\n|move|p1a: Reshiram|Flare Blitz|p2a: Skarmory\n|-supereffective|p2a: Skarmory\n|-damage|p2a: Skarmory|0 fnt\n|faint|p2a: Skarmory\n|-damage|p1a: Reshiram|135/277|[from] Recoil\n|\n|upkeep\n|\n|t:|1733893098\n|switch|p2a: Gholdengo|Gholdengo, L77|58/261\n|-activate|p2a: Gholdengo|move: Sticky Web\n|-unboost|p2a: Gholdengo|spe|1\n|turn|36\n|inactive|M0R0K0 has 120 seconds left.\n|\n|t:|1733893105\n|move|p1a: Reshiram|Flare Blitz|p2a: Gholdengo\n|-supereffective|p2a: Gholdengo\n|-damage|p2a: Gholdengo|0 fnt\n|faint|p2a: Gholdengo\n|-damage|p1a: Reshiram|116/277|[from] Recoil\n|\n|win|M0R0K0\n|raw|M0R0K0's rating: 1198 &rarr; <strong>1222</strong><br />(+24 for winning)\n|raw|crisco bather's rating: 1182 &rarr; <strong>1158</strong><br />(-24 for losing)\n", "inputlog": ">version bfd83cad13791eb5a5a409923076391caf6fb4d4\n>start {\"formatid\":\"gen9randombattle\",\"seed\":[56963,31674,1071,49348],\"rated\":\"Rated battle\"}\n>player p1 {\"name\":\"M0R0K0\",\"avatar\":\"170\",\"rating\":1198,\"seed\":[25660,59832,43749,37368]}\n>player p2 {\"name\":\"crisco bather\",\"avatar\":\"skyla\",\"rating\":1182,\"seed\":[59404,49300,56739,44493]}\n>p1 move leechseed\n>p2 switch 2\n>p1 switch 3\n>p2 move nastyplot\n>p1 move quiverdance\n>p2 switch 3\n>p1 move fierydance terastallize\n>p2 move ivycudgel\n>p1 move fierydance\n>p2 move powerwhip\n>p2 switch 2\n>p1 move fierydance\n>p2 move foulplay\n>p1 move fierydance\n>p2 move poltergeist\n>p2 switch 5\n>p1 move gigadrain\n>p2 move icepunch\n>p1 switch 4\n>p1 move stickyweb\n>p2 move drainpunch\n>p1 move thunder\n>p2 move swordsdance\n>p1 move thunder\n>p2 move drainpunch\n>p2 switch 4\n>p1 move thunder\n>p2 move terablast terastallize\n>p1 move bugbuzz\n>p2 move sleeppowder\n>p1 move bugbuzz\n>p2 move terablast\n>p1 switch 6\n>p1 move liquidation\n>p2 move terablast\n>p2 switch 3\n>p1 move recover\n>p2 move makeitrain\n>p1 move liquidation\n>p2 move nastyplot\n>p1 move liquidation\n>p2 move makeitrain\n>p1 move recover\n>p2 move makeitrain\n>p1 move liquidation\n>p2 move focusblast\n>p1 move liquidation\n>p2 switch 6\n>p1 move liquidation\n>p2 move stealthrock\n>p1 move liquidation\n>p2 move bravebird\n>p1 move recover\n>p2 move roost\n>p1 move liquidation\n>p2 move bravebird\n>p1 move liquidation\n>p2 move bodypress\n>p1 move recover\n>p2 move roost\n>p1 move liquidation\n>p2 move bravebird\n>p1 move liquidation\n>p2 move roost\n>p1 move recover\n>p2 switch 6\n>p1 move liquidation\n>p2 move makeitrain\n>p1 move liquidation\n>p2 move makeitrain\n>p1 move liquidation\n>p2 switch 6\n>p1 switch 5\n>p2 move bravebird\n>p1 move flareblitz\n>p2 move roost\n>p2 switch 6\n>p1 move flareblitz\n>p2 move focusblast", "uploadtime": 1733893111, "views": 15, "formatid": "gen9randombattle", "rating": 1158, "private": 0, "password": null}