{"id": "gen9randombattle-2260722464", "format": "[Gen 9] Random Battle", "players": ["supergod2", "bellenguer2"], "log": "|j|\u2606supergod2\n|j|\u2606bellenguer2\n|t:|1733882986\n|gametype|singles\n|player|p1|supergod2|ingo-masters|1552\n|player|p2|bellenguer2|dawn|1564\n|teamsize|p1|6\n|teamsize|p2|6\n|gen|9\n|tier|[Gen 9] Random Battle\n|rated|\n|rule|Species Clause: Limit one of each Pok\u00e9mon\n|rule|HP Percentage Mod: HP is shown in percentages\n|rule|Sleep Clause Mod: Limit one foe put to sleep\n|rule|Illusion Level Mod: Illusion disguises the Pok\u00e9mon's true level\n|\n|t:|1733882986\n|start\n|switch|p1a: Mightyena|Mightyena, L95, M|287/287\n|switch|p2a: Typhlosion|Typhlosion-Hisui, L83, M|257/257\n|-ability|p1a: Mightyena|Intimidate|boost\n|-unboost|p2a: Typhlosion|atk|1\n|turn|1\n|inactive|Battle timer is ON: inactive players will automatically lose when time's up. (requested by supergod2)\n|\n|t:|1733883004\n|switch|p2a: Hippowdon|Hippowdon, L82, M|311/311\n|-weather|Sandstorm|[from] ability: Sand Stream|[of] p2a: Hippowdon\n|move|p1a: Mightyena|Throat Chop|p2a: Hippowdon\n|-damage|p2a: Hippowdon|184/311\n|-start|p2a: Hippowdon|Throat Chop|[silent]\n|-damage|p1a: Mightyena|240/287|[from] item: Rocky Helmet|[of] p2a: Hippowdon\n|\n|-weather|Sandstorm|[upkeep]\n|-damage|p1a: Mightyena|223/287|[from] Sandstorm\n|upkeep\n|turn|2\n|\n|t:|1733883022\n|switch|p1a: Dipplin|Dipplin, L88, F|284/284\n|move|p2a: Hippowdon|Slack Off|p2a: Hippowdon\n|-heal|p2a: Hippowdon|311/311\n|\n|-weather|Sandstorm|[upkeep]\n|-damage|p1a: Dipplin|267/284|[from] Sandstorm\n|-end|p2a: Hippowdon|Throat Chop|[silent]\n|upkeep\n|turn|3\n|\n|t:|1733883049\n|switch|p2a: Bellibolt|Bellibolt, L84, M|320/320\n|move|p1a: Dipplin|Giga Drain|p2a: Bellibolt\n|-damage|p2a: Bellibolt|232/320\n|-heal|p1a: Dipplin|284/284|[from] drain|[of] p2a: Bellibolt\n|-start|p2a: Bellibolt|Charge|Giga Drain|[from] ability: Electromorphosis\n|\n|-weather|Sandstorm|[upkeep]\n|-damage|p2a: Bellibolt|212/320|[from] Sandstorm\n|-damage|p1a: Dipplin|267/284|[from] Sandstorm\n|-heal|p2a: Bellibolt|232/320|[from] item: Leftovers\n|upkeep\n|turn|4\n|\n|t:|1733883063\n|move|p2a: Bellibolt|Volt Switch|p1a: Dipplin\n|-resisted|p1a: Dipplin\n|-damage|p1a: Dipplin|242/284\n|-end|p2a: Bellibolt|Charge|[silent]\n|inactive|bellenguer2 has 120 seconds left.\n|\n|t:|1733883078\n|switch|p2a: Gliscor|Gliscor, L76, F|239/239|[from] Volt Switch\n|move|p1a: Dipplin|Dragon Tail|p2a: Gliscor\n|-damage|p2a: Gliscor|190/239\n|drag|p2a: Hippowdon|Hippowdon, L82, M|311/311\n|\n|-weather|Sandstorm|[upkeep]\n|-damage|p1a: Dipplin|225/284|[from] Sandstorm\n|upkeep\n|turn|5\n|\n|t:|1733883084\n|switch|p2a: Bellibolt|Bellibolt, L84, M|232/320\n|move|p1a: Dipplin|Giga Drain|p2a: Bellibolt\n|-damage|p2a: Bellibolt|138/320\n|-heal|p1a: Dipplin|272/284|[from] drain|[of] p2a: Bellibolt\n|-start|p2a: Bellibolt|Charge|Giga Drain|[from] ability: Electromorphosis\n|\n|-weather|none\n|-heal|p2a: Bellibolt|158/320|[from] item: Leftovers\n|upkeep\n|turn|6\n|\n|t:|1733883094\n|move|p2a: Bellibolt|Slack Off|p2a: Bellibolt\n|-heal|p2a: Bellibolt|318/320\n|move|p1a: Dipplin|Giga Drain|p2a: Bellibolt\n|-damage|p2a: Bellibolt|225/320\n|-heal|p1a: Dipplin|284/284|[from] drain|[of] p2a: Bellibolt\n|-start|p2a: Bellibolt|Charge|Giga Drain|[from] ability: Electromorphosis\n|\n|-heal|p2a: Bellibolt|245/320|[from] item: Leftovers\n|upkeep\n|turn|7\n|\n|t:|1733883105\n|switch|p1a: Whimsicott|Whimsicott, L85, F|241/241\n|move|p2a: Bellibolt|Volt Switch|p1a: Whimsicott\n|-resisted|p1a: Whimsicott\n|-damage|p1a: Whimsicott|154/241\n|-end|p2a: Bellibolt|Charge|[silent]\n|\n|t:|1733883109\n|switch|p2a: Gliscor|Gliscor, L76, F|190/239|[from] Volt Switch\n|\n|-heal|p1a: Whimsicott|169/241|[from] item: Leftovers\n|-status|p2a: Gliscor|tox|[from] item: Toxic Orb\n|upkeep\n|turn|8\n|\n|t:|1733883119\n|switch|p2a: Typhlosion|Typhlosion-Hisui, L83, M|257/257\n|move|p1a: Whimsicott|Substitute|p1a: Whimsicott\n|-start|p1a: Whimsicott|Substitute\n|-damage|p1a: Whimsicott|109/241\n|\n|-heal|p1a: Whimsicott|124/241|[from] item: Leftovers\n|upkeep\n|turn|9\n|\n|t:|1733883122\n|move|p1a: Whimsicott|Leech Seed|p2a: Typhlosion\n|-start|p2a: Typhlosion|move: Leech Seed\n|move|p2a: Typhlosion|Fire Blast|p1a: Whimsicott\n|-supereffective|p1a: Whimsicott\n|-end|p1a: Whimsicott|Substitute\n|\n|-heal|p1a: Whimsicott|139/241|[from] item: Leftovers\n|-damage|p2a: Typhlosion|225/257|[from] Leech Seed|[of] p1a: Whimsicott\n|-heal|p1a: Whimsicott|171/241|[silent]\n|upkeep\n|turn|10\n|\n|t:|1733883127\n|move|p1a: Whimsicott|Substitute|p1a: Whimsicott\n|-start|p1a: Whimsicott|Substitute\n|-damage|p1a: Whimsicott|111/241\n|move|p2a: Typhlosion|Fire Blast|p1a: Whimsicott\n|-supereffective|p1a: Whimsicott\n|-end|p1a: Whimsicott|Substitute\n|\n|-heal|p1a: Whimsicott|126/241|[from] item: Leftovers\n|-heal|p2a: Typhlosion|241/257|[from] item: Leftovers\n|-damage|p2a: Typhlosion|209/257|[from] Leech Seed|[of] p1a: Whimsicott\n|-heal|p1a: Whimsicott|158/241|[silent]\n|upkeep\n|turn|11\n|\n|t:|1733883138\n|switch|p2a: Gothitelle|Gothitelle, L90, M|272/272\n|move|p1a: Whimsicott|Substitute|p1a: Whimsicott\n|-start|p1a: Whimsicott|Substitute\n|-damage|p1a: Whimsicott|98/241\n|\n|-heal|p1a: Whimsicott|113/241|[from] item: Leftovers\n|upkeep\n|turn|12\n|\n|t:|1733883143\n|move|p1a: Whimsicott|Leech Seed|p2a: Gothitelle\n|-start|p2a: Gothitelle|move: Leech Seed\n|move|p2a: Gothitelle|Psychic|p1a: Whimsicott\n|-end|p1a: Whimsicott|Substitute\n|\n|-heal|p1a: Whimsicott|128/241|[from] item: Leftovers\n|-damage|p2a: Gothitelle|238/272|[from] Leech Seed|[of] p1a: Whimsicott\n|-heal|p1a: Whimsicott|162/241|[silent]\n|upkeep\n|turn|13\n|inactive|supergod2 has 120 seconds left.\n|inactive|supergod2 has 90 seconds left.\n|\n|t:|1733883207\n|switch|p2a: Typhlosion|Typhlosion-Hisui, L83, M|209/257\n|move|p1a: Whimsicott|Substitute|p1a: Whimsicott\n|-start|p1a: Whimsicott|Substitute\n|-damage|p1a: Whimsicott|102/241\n|\n|-heal|p1a: Whimsicott|117/241|[from] item: Leftovers\n|-heal|p2a: Typhlosion|225/257|[from] item: Leftovers\n|upkeep\n|turn|14\n|\n|t:|1733883214\n|move|p1a: Whimsicott|Leech Seed|p2a: Typhlosion\n|-start|p2a: Typhlosion|move: Leech Seed\n|move|p2a: Typhlosion|Fire Blast|p1a: Whimsicott\n|-supereffective|p1a: Whimsicott\n|-end|p1a: Whimsicott|Substitute\n|\n|-heal|p1a: Whimsicott|132/241|[from] item: Leftovers\n|-heal|p2a: Typhlosion|241/257|[from] item: Leftovers\n|-damage|p2a: Typhlosion|209/257|[from] Leech Seed|[of] p1a: Whimsicott\n|-heal|p1a: Whimsicott|164/241|[silent]\n|upkeep\n|turn|15\n|\n|t:|1733883221\n|switch|p2a: Bellibolt|Bellibolt, L84, M|245/320\n|move|p1a: Whimsicott|Substitute|p1a: Whimsicott\n|-start|p1a: Whimsicott|Substitute\n|-damage|p1a: Whimsicott|104/241\n|\n|-heal|p1a: Whimsicott|119/241|[from] item: Leftovers\n|-heal|p2a: Bellibolt|265/320|[from] item: Leftovers\n|upkeep\n|turn|16\n|\n|t:|1733883240\n|move|p1a: Whimsicott|Moonblast|p2a: Bellibolt\n|-damage|p2a: Bellibolt|166/320\n|-start|p2a: Bellibolt|Charge|Moonblast|[from] ability: Electromorphosis\n|move|p2a: Bellibolt|Volt Switch|p1a: Whimsicott\n|-resisted|p1a: Whimsicott\n|-end|p1a: Whimsicott|Substitute\n|-end|p2a: Bellibolt|Charge|[silent]\n|\n|t:|1733883247\n|switch|p2a: Typhlosion|Typhlosion-Hisui, L83, M|209/257|[from] Volt Switch\n|\n|-heal|p1a: Whimsicott|134/241|[from] item: Leftovers\n|-heal|p2a: Typhlosion|225/257|[from] item: Leftovers\n|upkeep\n|turn|17\n|\n|t:|1733883260\n|switch|p1a: Mightyena|Mightyena, L95, M|223/287\n|-ability|p1a: Mightyena|Intimidate|boost\n|-unboost|p2a: Typhlosion|atk|1\n|move|p2a: Typhlosion|Fire Blast|p1a: Mightyena|[miss]\n|-miss|p2a: Typhlosion|p1a: Mightyena\n|\n|-heal|p2a: Typhlosion|241/257|[from] item: Leftovers\n|upkeep\n|turn|18\n|\n|t:|1733883281\n|switch|p2a: Hippowdon|Hippowdon, L82, M|311/311\n|-weather|Sandstorm|[from] ability: Sand Stream|[of] p2a: Hippowdon\n|move|p1a: Mightyena|Throat Chop|p2a: Hippowdon\n|-damage|p2a: Hippowdon|179/311\n|-start|p2a: Hippowdon|Throat Chop|[silent]\n|-damage|p1a: Mightyena|176/287|[from] item: Rocky Helmet|[of] p2a: Hippowdon\n|\n|-weather|Sandstorm|[upkeep]\n|-damage|p1a: Mightyena|159/287|[from] Sandstorm\n|upkeep\n|turn|19\n|\n|t:|1733883286\n|move|p1a: Mightyena|Throat Chop|p2a: Hippowdon\n|-damage|p2a: Hippowdon|52/311\n|-damage|p1a: Mightyena|112/287|[from] item: Rocky Helmet|[of] p2a: Hippowdon\n|move|p2a: Hippowdon|Slack Off|p2a: Hippowdon\n|-heal|p2a: Hippowdon|208/311\n|\n|-weather|Sandstorm|[upkeep]\n|-damage|p1a: Mightyena|95/287|[from] Sandstorm\n|-end|p2a: Hippowdon|Throat Chop|[silent]\n|upkeep\n|turn|20\n|\n|t:|1733883290\n|switch|p1a: Dipplin|Dipplin, L88, F|284/284\n|move|p2a: Hippowdon|Slack Off|p2a: Hippowdon\n|-heal|p2a: Hippowdon|311/311\n|\n|-weather|Sandstorm|[upkeep]\n|-damage|p1a: Dipplin|267/284|[from] Sandstorm\n|upkeep\n|turn|21\n|\n|t:|1733883296\n|move|p2a: Hippowdon|Stealth Rock|p1a: Dipplin\n|-sidestart|p1: supergod2|move: Stealth Rock\n|move|p1a: Dipplin|Giga Drain|p2a: Hippowdon\n|-supereffective|p2a: Hippowdon\n|-damage|p2a: Hippowdon|111/311\n|-heal|p1a: Dipplin|284/284|[from] drain|[of] p2a: Hippowdon\n|\n|-weather|Sandstorm|[upkeep]\n|-damage|p1a: Dipplin|267/284|[from] Sandstorm\n|upkeep\n|turn|22\n|\n|t:|1733883306\n|switch|p2a: Gothitelle|Gothitelle, L90, M|238/272\n|move|p1a: Dipplin|Dragon Pulse|p2a: Gothitelle\n|-damage|p2a: Gothitelle|166/272\n|\n|-weather|none\n|upkeep\n|turn|23\n|\n|t:|1733883312\n|move|p2a: Gothitelle|Psychic|p1a: Dipplin\n|-damage|p1a: Dipplin|192/284\n|move|p1a: Dipplin|Giga Drain|p2a: Gothitelle\n|-damage|p2a: Gothitelle|99/272\n|-heal|p1a: Dipplin|226/284|[from] drain|[of] p2a: Gothitelle\n|\n|upkeep\n|turn|24\n|\n|t:|1733883318\n|move|p2a: Gothitelle|Psychic|p1a: Dipplin\n|-damage|p1a: Dipplin|147/284\n|move|p1a: Dipplin|Giga Drain|p2a: Gothitelle\n|-damage|p2a: Gothitelle|35/272\n|-heal|p1a: Dipplin|179/284|[from] drain|[of] p2a: Gothitelle\n|\n|upkeep\n|turn|25\n|\n|t:|1733883321\n|move|p2a: Gothitelle|Psychic|p1a: Dipplin\n|-damage|p1a: Dipplin|103/284\n|move|p1a: Dipplin|Recover|p1a: Dipplin\n|-heal|p1a: Dipplin|245/284\n|\n|upkeep\n|turn|26\n|\n|t:|1733883325\n|move|p2a: Gothitelle|Psychic|p1a: Dipplin\n|-damage|p1a: Dipplin|164/284\n|move|p1a: Dipplin|Giga Drain|p2a: Gothitelle\n|-damage|p2a: Gothitelle|0 fnt\n|-heal|p1a: Dipplin|182/284|[from] drain|[of] p2a: Gothitelle\n|faint|p2a: Gothitelle\n|\n|upkeep\n|\n|t:|1733883329\n|switch|p2a: Gliscor|Gliscor, L76, F|190/239 tox\n|turn|27\n|\n|t:|1733883332\n|move|p2a: Gliscor|Toxic|p1a: Dipplin\n|-status|p1a: Dipplin|tox\n|move|p1a: Dipplin|Giga Drain|p2a: Gliscor\n|-damage|p2a: Gliscor|90/239 tox\n|-heal|p1a: Dipplin|232/284 tox|[from] drain|[of] p2a: Gliscor\n|\n|-heal|p2a: Gliscor|119/239 tox|[from] ability: Poison Heal\n|-damage|p1a: Dipplin|215/284 tox|[from] psn\n|upkeep\n|turn|28\n|\n|t:|1733883339\n|switch|p1a: Whimsicott|Whimsicott, L85, F|134/241\n|-damage|p1a: Whimsicott|104/241|[from] Stealth Rock\n|move|p2a: Gliscor|Substitute|p2a: Gliscor\n|-start|p2a: Gliscor|Substitute\n|-damage|p2a: Gliscor|60/239 tox\n|\n|-heal|p1a: Whimsicott|119/241|[from] item: Leftovers\n|-heal|p2a: Gliscor|89/239 tox|[from] ability: Poison Heal\n|upkeep\n|turn|29\n|\n|t:|1733883345\n|move|p1a: Whimsicott|Moonblast|p2a: Gliscor\n|-end|p2a: Gliscor|Substitute\n|move|p2a: Gliscor|Earthquake|p1a: Whimsicott\n|-resisted|p1a: Whimsicott\n|-damage|p1a: Whimsicott|76/241\n|\n|-heal|p1a: Whimsicott|91/241|[from] item: Leftovers\n|-heal|p2a: Gliscor|118/239 tox|[from] ability: Poison Heal\n|upkeep\n|turn|30\n|\n|t:|1733883353\n|move|p1a: Whimsicott|Leech Seed|p2a: Gliscor|[miss]\n|-miss|p1a: Whimsicott|p2a: Gliscor\n|move|p2a: Gliscor|Earthquake|p1a: Whimsicott\n|-resisted|p1a: Whimsicott\n|-crit|p1a: Whimsicott\n|-damage|p1a: Whimsicott|21/241\n|\n|-heal|p1a: Whimsicott|36/241|[from] item: Leftovers\n|-heal|p2a: Gliscor|147/239 tox|[from] ability: Poison Heal\n|upkeep\n|turn|31\n|\n|t:|1733883358\n|move|p1a: Whimsicott|Moonblast|p2a: Gliscor\n|-crit|p2a: Gliscor\n|-damage|p2a: Gliscor|0 fnt\n|faint|p2a: Gliscor\n|\n|-heal|p1a: Whimsicott|51/241|[from] item: Leftovers\n|upkeep\n|\n|t:|1733883362\n|switch|p2a: Typhlosion|Typhlosion-Hisui, L83, M|241/257\n|turn|32\n|inactive|supergod2 has 120 seconds left.\n|inactive|supergod2 has 90 seconds left.\n|\n|t:|1733883441\n|move|p1a: Whimsicott|Leech Seed|p2a: Typhlosion\n|-start|p2a: Typhlosion|move: Leech Seed\n|move|p2a: Typhlosion|Fire Blast|p1a: Whimsicott\n|-supereffective|p1a: Whimsicott\n|-damage|p1a: Whimsicott|0 fnt\n|faint|p1a: Whimsicott\n|\n|-heal|p2a: Typhlosion|257/257|[from] item: Leftovers\n|upkeep\n|\n|t:|1733883444\n|switch|p1a: Kleavor|Kleavor, L78, F|237/237\n|turn|33\n|inactive|supergod2 has 60 seconds left.\n|inactive|supergod2 has 30 seconds left.\n|\n|t:|1733883508\n|move|p2a: Typhlosion|Fire Blast|p1a: Kleavor\n|-damage|p1a: Kleavor|62/237\n|move|p1a: Kleavor|Stone Axe|p2a: Typhlosion\n|-supereffective|p2a: Typhlosion\n|-damage|p2a: Typhlosion|3/257\n|-sidestart|p2: bellenguer2|move: Stealth Rock\n|\n|-heal|p2a: Typhlosion|19/257|[from] item: Leftovers\n|-damage|p2a: Typhlosion|0 fnt|[from] Leech Seed|[of] p1a: Kleavor\n|-heal|p1a: Kleavor|81/237|[silent]\n|faint|p2a: Typhlosion\n|upkeep\n|inactive|bellenguer2 has 120 seconds left.\n|\n|t:|1733883539\n|switch|p2a: Dragapult|Dragapult, L77, M|262/262\n|-damage|p2a: Dragapult|230/262|[from] Stealth Rock\n|turn|34\n|\n|t:|1733883544\n|move|p2a: Dragapult|Shadow Ball|p1a: Kleavor\n|-damage|p1a: Kleavor|0 fnt\n|faint|p1a: Kleavor\n|\n|upkeep\n|\n|t:|1733883547\n|switch|p1a: Staraptor|Staraptor, L79, M|263/263\n|-damage|p1a: Staraptor|198/263|[from] Stealth Rock\n|turn|35\n|\n|t:|1733883552\n|switch|p2a: Hippowdon|Hippowdon, L82, M|111/311\n|-damage|p2a: Hippowdon|92/311|[from] Stealth Rock\n|-weather|Sandstorm|[from] ability: Sand Stream|[of] p2a: Hippowdon\n|-terastallize|p1a: Staraptor|Flying\n|move|p1a: Staraptor|Brave Bird|p2a: Hippowdon\n|-damage|p2a: Hippowdon|0 fnt\n|-damage|p1a: Staraptor|155/263|[from] item: Rocky Helmet|[of] p2a: Hippowdon\n|faint|p2a: Hippowdon\n|-damage|p1a: Staraptor|125/263|[from] Recoil\n|\n|-weather|Sandstorm|[upkeep]\n|-damage|p1a: Staraptor|109/263|[from] Sandstorm\n|upkeep\n|\n|t:|1733883556\n|switch|p2a: Dragapult|Dragapult, L77, M|230/262\n|-damage|p2a: Dragapult|198/262|[from] Stealth Rock\n|turn|36\n|\n|t:|1733883561\n|move|p2a: Dragapult|Shadow Ball|p1a: Staraptor\n|-damage|p1a: Staraptor|0 fnt\n|faint|p1a: Staraptor\n|\n|-weather|Sandstorm|[upkeep]\n|-damage|p2a: Dragapult|182/262|[from] Sandstorm\n|upkeep\n|\n|t:|1733883563\n|switch|p1a: Mightyena|Mightyena, L95, M|95/287\n|-damage|p1a: Mightyena|60/287|[from] Stealth Rock\n|-ability|p1a: Mightyena|Intimidate|boost\n|-unboost|p2a: Dragapult|atk|1\n|turn|37\n|\n|t:|1733883576\n|-terastallize|p2a: Dragapult|Dragon\n|move|p1a: Mightyena|Sucker Punch|p2a: Dragapult\n|-damage|p2a: Dragapult|22/262\n|move|p2a: Dragapult|Shadow Ball|p1a: Mightyena\n|-resisted|p1a: Mightyena\n|-damage|p1a: Mightyena|0 fnt\n|faint|p1a: Mightyena\n|\n|-weather|Sandstorm|[upkeep]\n|-damage|p2a: Dragapult|6/262|[from] Sandstorm\n|upkeep\n|inactive|supergod2 has 90 seconds left.\n|\n|t:|1733883599\n|switch|p1a: Dipplin|Dipplin, L88, F|215/284 tox\n|-damage|p1a: Dipplin|180/284 tox|[from] Stealth Rock\n|turn|38\n|\n|t:|1733883602\n|move|p2a: Dragapult|Shadow Ball|p1a: Dipplin\n|-crit|p1a: Dipplin\n|-damage|p1a: Dipplin|65/284 tox\n|move|p1a: Dipplin|Recover|p1a: Dipplin\n|-heal|p1a: Dipplin|207/284 tox\n|\n|-weather|Sandstorm|[upkeep]\n|-damage|p2a: Dragapult|0 fnt|[from] Sandstorm\n|-damage|p1a: Dipplin|190/284 tox|[from] Sandstorm\n|faint|p2a: Dragapult\n|-damage|p1a: Dipplin|173/284 tox|[from] psn\n|upkeep\n|\n|t:|1733883607\n|switch|p2a: Bellibolt|Bellibolt, L84, M|166/320\n|-damage|p2a: Bellibolt|126/320|[from] Stealth Rock\n|turn|39\n|\n|t:|1733883611\n|move|p2a: Bellibolt|Slack Off|p2a: Bellibolt\n|-heal|p2a: Bellibolt|286/320\n|move|p1a: Dipplin|Giga Drain|p2a: Bellibolt\n|-damage|p2a: Bellibolt|196/320\n|-heal|p1a: Dipplin|218/284 tox|[from] drain|[of] p2a: Bellibolt\n|-start|p2a: Bellibolt|Charge|Giga Drain|[from] ability: Electromorphosis\n|\n|-weather|none\n|-heal|p2a: Bellibolt|216/320|[from] item: Leftovers\n|-damage|p1a: Dipplin|184/284 tox|[from] psn\n|upkeep\n|turn|40\n|\n|t:|1733883615\n|move|p2a: Bellibolt|Slack Off|p2a: Bellibolt\n|-heal|p2a: Bellibolt|320/320\n|move|p1a: Dipplin|Recover|p1a: Dipplin\n|-heal|p1a: Dipplin|284/284 tox\n|\n|-damage|p1a: Dipplin|233/284 tox|[from] psn\n|upkeep\n|turn|41\n|\n|t:|1733883622\n|move|p2a: Bellibolt|Thunderbolt|p1a: Dipplin\n|-resisted|p1a: Dipplin\n|-damage|p1a: Dipplin|197/284 tox\n|-end|p2a: Bellibolt|Charge|[silent]\n|move|p1a: Dipplin|Giga Drain|p2a: Bellibolt\n|-damage|p2a: Bellibolt|224/320\n|-heal|p1a: Dipplin|245/284 tox|[from] drain|[of] p2a: Bellibolt\n|-start|p2a: Bellibolt|Charge|Giga Drain|[from] ability: Electromorphosis\n|\n|-heal|p2a: Bellibolt|244/320|[from] item: Leftovers\n|-damage|p1a: Dipplin|177/284 tox|[from] psn\n|upkeep\n|turn|42\n|inactive|supergod2 has 120 seconds left.\n|\n|t:|1733883639\n|move|p2a: Bellibolt|Thunderbolt|p1a: Dipplin\n|-resisted|p1a: Dipplin\n|-damage|p1a: Dipplin|143/284 tox\n|-end|p2a: Bellibolt|Charge|[silent]\n|move|p1a: Dipplin|Giga Drain|p2a: Bellibolt\n|-damage|p2a: Bellibolt|156/320\n|-heal|p1a: Dipplin|187/284 tox|[from] drain|[of] p2a: Bellibolt\n|-start|p2a: Bellibolt|Charge|Giga Drain|[from] ability: Electromorphosis\n|\n|-heal|p2a: Bellibolt|176/320|[from] item: Leftovers\n|-damage|p1a: Dipplin|102/284 tox|[from] psn\n|upkeep\n|turn|43\n|\n|t:|1733883645\n|move|p2a: Bellibolt|Slack Off|p2a: Bellibolt\n|-heal|p2a: Bellibolt|320/320\n|move|p1a: Dipplin|Giga Drain|p2a: Bellibolt\n|-damage|p2a: Bellibolt|223/320\n|-heal|p1a: Dipplin|151/284 tox|[from] drain|[of] p2a: Bellibolt\n|-start|p2a: Bellibolt|Charge|Giga Drain|[from] ability: Electromorphosis\n|\n|-heal|p2a: Bellibolt|243/320|[from] item: Leftovers\n|-damage|p1a: Dipplin|49/284 tox|[from] psn\n|upkeep\n|turn|44\n|inactive|supergod2 has 120 seconds left.\n|\n|t:|1733883659\n|move|p2a: Bellibolt|Thunderbolt|p1a: Dipplin\n|-resisted|p1a: Dipplin\n|-damage|p1a: Dipplin|15/284 tox\n|-end|p2a: Bellibolt|Charge|[silent]\n|move|p1a: Dipplin|Giga Drain|p2a: Bellibolt\n|-damage|p2a: Bellibolt|147/320\n|-heal|p1a: Dipplin|63/284 tox|[from] drain|[of] p2a: Bellibolt\n|-start|p2a: Bellibolt|Charge|Giga Drain|[from] ability: Electromorphosis\n|\n|-heal|p2a: Bellibolt|167/320|[from] item: Leftovers\n|-damage|p1a: Dipplin|0 fnt|[from] psn\n|faint|p1a: Dipplin\n|upkeep\n|\n|t:|1733883662\n|switch|p1a: Archaludon|Archaludon, L78, M|268/268\n|-damage|p1a: Archaludon|252/268|[from] Stealth Rock\n|turn|45\n|\n|t:|1733883666\n|move|p1a: Archaludon|Body Press|p2a: Bellibolt\n|-damage|p2a: Bellibolt|103/320\n|-start|p2a: Bellibolt|Charge|Body Press|[from] ability: Electromorphosis\n|move|p2a: Bellibolt|Slack Off|p2a: Bellibolt\n|-heal|p2a: Bellibolt|263/320\n|\n|-heal|p2a: Bellibolt|283/320|[from] item: Leftovers\n|upkeep\n|turn|46\n|\n|t:|1733883673\n|move|p1a: Archaludon|Flash Cannon|p2a: Bellibolt\n|-resisted|p2a: Bellibolt\n|-damage|p2a: Bellibolt|234/320\n|-start|p2a: Bellibolt|Charge|Flash Cannon|[from] ability: Electromorphosis\n|move|p2a: Bellibolt|Thunderbolt|p1a: Archaludon\n|-resisted|p1a: Archaludon\n|-damage|p1a: Archaludon|165/268\n|-ability|p1a: Archaludon|Stamina|boost\n|-boost|p1a: Archaludon|def|1\n|-end|p2a: Bellibolt|Charge|[silent]\n|\n|-heal|p2a: Bellibolt|254/320|[from] item: Leftovers\n|upkeep\n|turn|47\n|\n|t:|1733883684\n|move|p1a: Archaludon|Body Press|p2a: Bellibolt\n|-damage|p2a: Bellibolt|163/320\n|-start|p2a: Bellibolt|Charge|Body Press|[from] ability: Electromorphosis\n|move|p2a: Bellibolt|Slack Off|p2a: Bellibolt\n|-heal|p2a: Bellibolt|320/320\n|\n|upkeep\n|turn|48\n|\n|t:|1733883689\n|move|p1a: Archaludon|Draco Meteor|p2a: Bellibolt|[miss]\n|-miss|p1a: Archaludon|p2a: Bellibolt\n|move|p2a: Bellibolt|Thunderbolt|p1a: Archaludon\n|-resisted|p1a: Archaludon\n|-damage|p1a: Archaludon|80/268\n|-ability|p1a: Archaludon|Stamina|boost\n|-boost|p1a: Archaludon|def|1\n|-end|p2a: Bellibolt|Charge|[silent]\n|\n|upkeep\n|turn|49\n|\n|t:|1733883693\n|move|p1a: Archaludon|Draco Meteor|p2a: Bellibolt\n|-damage|p2a: Bellibolt|167/320\n|-unboost|p1a: Archaludon|spa|2\n|-start|p2a: Bellibolt|Charge|Draco Meteor|[from] ability: Electromorphosis\n|move|p2a: Bellibolt|Slack Off|p2a: Bellibolt\n|-heal|p2a: Bellibolt|320/320\n|\n|upkeep\n|turn|50\n|\n|t:|1733883698\n|move|p1a: Archaludon|Body Press|p2a: Bellibolt\n|-damage|p2a: Bellibolt|188/320\n|-start|p2a: Bellibolt|Charge|Body Press|[from] ability: Electromorphosis\n|move|p2a: Bellibolt|Thunderbolt|p1a: Archaludon\n|-resisted|p1a: Archaludon\n|-damage|p1a: Archaludon|0 fnt\n|faint|p1a: Archaludon\n|-end|p2a: Bellibolt|Charge|[silent]\n|\n|win|bellenguer2\n|raw|supergod2's rating: 1552 &rarr; <strong>1533</strong><br />(-19 for losing)\n|raw|bellenguer2's rating: 1564 &rarr; <strong>1583</strong><br />(+19 for winning)\n|l|\u2606supergod2\n|player|p1|\n", "inputlog": ">version bfd83cad13791eb5a5a409923076391caf6fb4d4\n>start {\"formatid\":\"gen9randombattle\",\"seed\":[34201,32071,12125,13234],\"rated\":\"Rated battle\"}\n>player p1 {\"name\":\"supergod2\",\"avatar\":\"ingo-masters\",\"rating\":1552,\"seed\":[5334,38954,15831,35647]}\n>player p2 {\"name\":\"bellenguer2\",\"avatar\":\"dawn\",\"rating\":1564,\"seed\":[12948,51049,36655,3280]}\n>p1 move throatchop\n>p2 switch 2\n>p1 switch 5\n>p2 move slackoff\n>p1 move gigadrain\n>p2 switch 4\n>p1 move dragontail\n>p2 move voltswitch\n>p2 switch 6\n>p1 move gigadrain\n>p2 switch 6\n>p1 move gigadrain\n>p2 move slackoff\n>p1 switch 2\n>p2 move voltswitch\n>p2 switch 4\n>p1 move substitute\n>p2 switch 2\n>p1 move leechseed\n>p2 move fireblast\n>p1 move substitute\n>p2 move fireblast\n>p1 move substitute\n>p2 switch 5\n>p1 move leechseed\n>p2 move psychic\n>p1 move substitute\n>p2 switch 5\n>p1 move leechseed\n>p2 move fireblast\n>p1 move substitute\n>p2 switch 4\n>p1 move moonblast\n>p2 move voltswitch\n>p2 switch 4\n>p1 switch 5\n>p2 move fireblast\n>p1 move throatchop\n>p2 switch 6\n>p1 move throatchop\n>p2 move slackoff\n>p1 switch 2\n>p2 move slackoff\n>p1 move gigadrain\n>p2 move stealthrock\n>p1 move dragonpulse\n>p2 switch 5\n>p1 move gigadrain\n>p2 move psychic\n>p1 move gigadrain\n>p2 move psychic\n>p1 move recover\n>p2 move psychic\n>p1 move gigadrain\n>p2 move psychic\n>p2 switch 2\n>p1 move gigadrain\n>p2 move toxic\n>p1 switch 5\n>p2 move substitute\n>p1 move moonblast\n>p2 move earthquake\n>p1 move leechseed\n>p2 move earthquake\n>p1 move moonblast\n>p2 move earthquake\n>p2 switch 6\n>p1 move leechseed\n>p2 move fireblast\n>p1 switch 4\n>p1 move stoneaxe\n>p2 move fireblast\n>p2 switch 3\n>p1 move stoneaxe\n>p2 move shadowball\n>p1 switch 6\n>p1 move bravebird terastallize\n>p2 switch 5\n>p2 switch 5\n>p1 move bravebird\n>p2 move shadowball\n>p1 switch 2\n>p1 move suckerpunch\n>p2 move shadowball terastallize\n>p1 switch 5\n>p1 move recover\n>p2 move shadowball\n>p2 switch 4\n>p1 move gigadrain\n>p2 move slackoff\n>p1 move recover\n>p2 move slackoff\n>p1 move gigadrain\n>p2 move thunderbolt\n>p1 move gigadrain\n>p2 move thunderbolt\n>p1 move gigadrain\n>p2 move slackoff\n>p1 move gigadrain\n>p2 move thunderbolt\n>p1 switch 3\n>p1 move bodypress\n>p2 move slackoff\n>p1 move flashcannon\n>p2 move thunderbolt\n>p1 move bodypress\n>p2 move slackoff\n>p1 move dracometeor\n>p2 move thunderbolt\n>p1 move dracometeor\n>p2 move slackoff\n>p1 move bodypress\n>p2 move thunderbolt", "uploadtime": 1733883707, "views": 3, "formatid": "gen9randombattle", "rating": 1533, "private": 0, "password": null}