{"id": "gen9randombattle-2260921601", "format": "[Gen 9] Random Battle", "players": ["Abhijit Ghosh", "SavioBro 2024"], "log": "|j|\u2606Abhijit Ghosh\n|j|\u2606SavioBro 2024\n|t:|1733917139\n|gametype|singles\n|player|p1|Abhijit Ghosh|red|1142\n|player|p2|SavioBro 2024|lucas|1139\n|teamsize|p1|6\n|teamsize|p2|6\n|gen|9\n|tier|[Gen 9] Random Battle\n|rated|\n|rule|Species Clause: Limit one of each Pok\u00e9mon\n|rule|HP Percentage Mod: HP is shown in percentages\n|rule|Sleep Clause Mod: Limit one foe put to sleep\n|rule|Illusion Level Mod: Illusion disguises the Pok\u00e9mon's true level\n|\n|t:|1733917139\n|start\n|switch|p1a: Vikavolt|Vikavolt, L83, F|263/263\n|switch|p2a: Ho-Oh|Ho-Oh, L71|268/268\n|turn|1\n|inactive|Battle timer is ON: inactive players will automatically lose when time's up. (requested by Abhijit Ghosh)\n|\n|t:|1733917149\n|move|p2a: Ho-Oh|Sacred Fire|p1a: Vikavolt\n|-supereffective|p1a: Vikavolt\n|-damage|p1a: Vikavolt|69/263\n|move|p1a: Vikavolt|Sticky Web|p2a: Ho-Oh\n|-sidestart|p2: SavioBro 2024|move: Sticky Web\n|\n|upkeep\n|turn|2\n|\n|t:|1733917160\n|switch|p1a: Groudon|Groudon, L72|263/263\n|-weather|SunnyDay|[from] ability: Drought|[of] p1a: Groudon\n|move|p2a: Ho-Oh|Brave Bird|p1a: Groudon\n|-damage|p1a: Groudon|161/263\n|-damage|p2a: Ho-Oh|234/268|[from] Recoil\n|\n|-weather|SunnyDay|[upkeep]\n|-heal|p1a: Groudon|177/263|[from] item: Leftovers\n|upkeep\n|turn|3\n|\n|t:|1733917175\n|move|p1a: Groudon|Thunder Wave|p2a: Ho-Oh\n|-status|p2a: Ho-Oh|par\n|move|p2a: Ho-Oh|Sacred Fire|p1a: Groudon\n|-damage|p1a: Groudon|62/263\n|-status|p1a: Groudon|brn\n|\n|-weather|SunnyDay|[upkeep]\n|-heal|p1a: Groudon|78/263 brn|[from] item: Leftovers\n|-damage|p1a: Groudon|62/263 brn|[from] brn\n|upkeep\n|turn|4\n|\n|t:|1733917190\n|move|p1a: Groudon|Stealth Rock|p2a: Ho-Oh\n|-sidestart|p2: SavioBro 2024|move: Stealth Rock\n|cant|p2a: Ho-Oh|par\n|\n|-weather|SunnyDay|[upkeep]\n|-heal|p1a: Groudon|78/263 brn|[from] item: Leftovers\n|-damage|p1a: Groudon|62/263 brn|[from] brn\n|upkeep\n|turn|5\n|\n|t:|1733917203\n|move|p1a: Groudon|Heat Crash|p2a: Ho-Oh\n|-resisted|p2a: Ho-Oh\n|-damage|p2a: Ho-Oh|202/268 par\n|cant|p2a: Ho-Oh|par\n|\n|-weather|SunnyDay|[upkeep]\n|-heal|p1a: Groudon|78/263 brn|[from] item: Leftovers\n|-damage|p1a: Groudon|62/263 brn|[from] brn\n|upkeep\n|turn|6\n|\n|t:|1733917216\n|switch|p1a: Walking Wake|Walking Wake, L79|286/286\n|-activate|p1a: Walking Wake|ability: Protosynthesis\n|-start|p1a: Walking Wake|protosynthesisspa\n|cant|p2a: Ho-Oh|par\n|\n|-weather|none\n|-end|p1a: Walking Wake|Protosynthesis\n|upkeep\n|turn|7\n|\n|t:|1733917227\n|switch|p2a: Mesprit|Mesprit, L85|275/275\n|-damage|p2a: Mesprit|241/275|[from] Stealth Rock\n|move|p1a: Walking Wake|Sunny Day|p1a: Walking Wake\n|-weather|SunnyDay\n|-activate|p1a: Walking Wake|ability: Protosynthesis\n|-start|p1a: Walking Wake|protosynthesisspa\n|\n|-weather|SunnyDay|[upkeep]\n|upkeep\n|turn|8\n|inactive|Abhijit Ghosh has 120 seconds left.\n|\n|t:|1733917249\n|-terastallize|p2a: Mesprit|Fairy\n|move|p2a: Mesprit|Dazzling Gleam|p1a: Walking Wake\n|-supereffective|p1a: Walking Wake\n|-damage|p1a: Walking Wake|70/286\n|move|p1a: Walking Wake|Hydro Steam|p2a: Mesprit\n|-damage|p2a: Mesprit|29/275\n|-damage|p1a: Walking Wake|42/286|[from] item: Life Orb\n|\n|-weather|SunnyDay|[upkeep]\n|upkeep\n|turn|9\n|inactive|Abhijit Ghosh has 120 seconds left.\n|\n|t:|1733917267\n|-end|p1a: Walking Wake|Protosynthesis|[silent]\n|switch|p1a: Leavanny|Leavanny, L86, F|269/269\n|move|p2a: Mesprit|Dazzling Gleam|p1a: Leavanny\n|-damage|p1a: Leavanny|178/269\n|\n|-weather|SunnyDay|[upkeep]\n|upkeep\n|turn|10\n|inactive|Abhijit Ghosh has 120 seconds left.\n|\n|t:|1733917280\n|switch|p2a: Ho-Oh|Ho-Oh, L71|268/268 par\n|move|p1a: Leavanny|Swords Dance|p1a: Leavanny\n|-boost|p1a: Leavanny|atk|2\n|\n|-weather|SunnyDay|[upkeep]\n|upkeep\n|turn|11\n|inactive|Abhijit Ghosh has 120 seconds left.\n|\n|t:|1733917290\n|move|p1a: Leavanny|Knock Off|p2a: Ho-Oh\n|-damage|p2a: Ho-Oh|99/268 par\n|-enditem|p2a: Ho-Oh|Heavy-Duty Boots|[from] move: Knock Off|[of] p1a: Leavanny\n|cant|p2a: Ho-Oh|par\n|\n|-weather|none\n|upkeep\n|turn|12\n|inactive|Abhijit Ghosh has 120 seconds left.\n|\n|t:|1733917298\n|move|p1a: Leavanny|Knock Off|p2a: Ho-Oh\n|-damage|p2a: Ho-Oh|0 fnt\n|faint|p2a: Ho-Oh\n|\n|upkeep\n|\n|t:|1733917308\n|switch|p2a: Minior|Minior-Blue, L79|224/224\n|-damage|p2a: Minior|168/224|[from] Stealth Rock\n|-formechange|p2a: Minior|Minior-Meteor||[from] ability: Shields Down\n|turn|13\n|\n|t:|1733917319\n|-terastallize|p1a: Leavanny|Rock\n|move|p1a: Leavanny|Leaf Blade|p2a: Minior\n|-damage|p2a: Minior|0 fnt\n|faint|p2a: Minior\n|\n|upkeep\n|-message|SavioBro 2024 forfeited.\n|\n|win|Abhijit Ghosh\n|raw|Abhijit Ghosh's rating: 1142 &rarr; <strong>1167</strong><br />(+25 for winning)\n|raw|SavioBro 2024's rating: 1139 &rarr; <strong>1114</strong><br />(-25 for losing)\n|l|\u2606SavioBro 2024\n|player|p2|\n", "inputlog": ">version bfd83cad13791eb5a5a409923076391caf6fb4d4\n>start {\"formatid\":\"gen9randombattle\",\"seed\":[60027,31889,17323,16430],\"rated\":\"Rated battle\"}\n>player p1 {\"name\":\"Abhijit Ghosh\",\"avatar\":\"red\",\"rating\":1142,\"seed\":[16115,423,31439,43727]}\n>player p2 {\"name\":\"SavioBro 2024\",\"avatar\":\"lucas\",\"rating\":1139,\"seed\":[30491,8968,64689,25637]}\n>p1 move stickyweb\n>p2 move sacredfire\n>p1 switch 4\n>p2 move bravebird\n>p1 move thunderwave\n>p2 move sacredfire\n>p1 move stealthrock\n>p2 move bravebird\n>p1 move heatcrash\n>p2 move bravebird\n>p1 switch 5\n>p2 move bravebird\n>p1 move sunnyday\n>p2 switch 5\n>p1 move hydrosteam\n>p2 move dazzlinggleam terastallize\n>p1 switch 2\n>p2 move dazzlinggleam\n>p1 move swordsdance\n>p2 switch 5\n>p1 move knockoff\n>p2 move bravebird\n>p1 move knockoff\n>p2 move recover\n>p2 switch 3\n>p1 move leafblade terastallize\n>p2 move shellsmash\n>forcelose p2", "uploadtime": 1733917328, "views": 1, "formatid": "gen9randombattle", "rating": 1114, "private": 0, "password": null}