{"id": "gen9randombattle-2260851893", "format": "[Gen 9] Random Battle", "players": ["RoboWahbit", "SALAMNCEEEEEEEE"], "log": "|j|\u2606RoboWahbit\n|j|\u2606SALAMNCEEEEEEEE\n|t:|1733904278\n|gametype|singles\n|player|p1|RoboWahbit|101|1041\n|player|p2|SALAMNCEEEEEEEE|caitlin|1036\n|teamsize|p1|6\n|teamsize|p2|6\n|gen|9\n|tier|[Gen 9] Random Battle\n|rated|\n|rule|Species Clause: Limit one of each Pok\u00e9mon\n|rule|HP Percentage Mod: HP is shown in percentages\n|rule|Sleep Clause Mod: Limit one foe put to sleep\n|rule|Illusion Level Mod: Illusion disguises the Pok\u00e9mon's true level\n|\n|t:|1733904278\n|start\n|switch|p1a: Sandaconda|Sandaconda, L84, F|258/258\n|switch|p2a: Vikavolt|Vikavolt, L83, M|263/263\n|turn|1\n|c|\u2606RoboWahbit|hf\n|inactive|Battle timer is ON: inactive players will automatically lose when time's up. (requested by RoboWahbit)\n|c|\u2606SALAMNCEEEEEEEE|hf\n|\n|t:|1733904293\n|switch|p1a: Muk|Muk, L86, M|321/321\n|move|p2a: Vikavolt|Sticky Web|p1a: Muk\n|-sidestart|p1: RoboWahbit|move: Sticky Web\n|\n|upkeep\n|turn|2\n|\n|t:|1733904303\n|switch|p2a: Copperajah|Copperajah, L86, M|350/350\n|move|p1a: Muk|Poison Jab|p2a: Copperajah\n|-immune|p2a: Copperajah\n|\n|upkeep\n|turn|3\n|\n|t:|1733904309\n|move|p1a: Muk|Drain Punch|p2a: Copperajah\n|-supereffective|p2a: Copperajah\n|-damage|p2a: Copperajah|216/350\n|move|p2a: Copperajah|Earthquake|p1a: Muk\n|-supereffective|p1a: Muk\n|-damage|p1a: Muk|66/321\n|-damage|p2a: Copperajah|181/350|[from] item: Life Orb\n|\n|upkeep\n|turn|4\n|\n|t:|1733904315\n|move|p1a: Muk|Drain Punch|p2a: Copperajah\n|-supereffective|p2a: Copperajah\n|-damage|p2a: Copperajah|45/350\n|-heal|p1a: Muk|134/321|[from] drain|[of] p2a: Copperajah\n|move|p2a: Copperajah|Earthquake|p1a: Muk\n|-supereffective|p1a: Muk\n|-damage|p1a: Muk|0 fnt\n|faint|p1a: Muk\n|-damage|p2a: Copperajah|10/350|[from] item: Life Orb\n|\n|upkeep\n|\n|t:|1733904316\n|switch|p1a: Staraptor|Staraptor, L79, F|263/263\n|turn|5\n|\n|t:|1733904326\n|move|p1a: Staraptor|Brave Bird|p2a: Copperajah\n|-resisted|p2a: Copperajah\n|-damage|p2a: Copperajah|0 fnt\n|faint|p2a: Copperajah\n|-damage|p1a: Staraptor|260/263|[from] Recoil\n|\n|upkeep\n|\n|t:|1733904330\n|switch|p2a: Miraidon|Miraidon, L65|238/238\n|-fieldstart|move: Electric Terrain|[from] ability: Hadron Engine|[of] p2a: Miraidon\n|turn|6\n|\n|t:|1733904337\n|move|p2a: Miraidon|Electro Drift|p1a: Staraptor\n|-supereffective|p1a: Staraptor\n|-damage|p1a: Staraptor|0 fnt\n|faint|p1a: Staraptor\n|\n|upkeep\n|\n|t:|1733904337\n|switch|p1a: Clefable|Clefable, L83, M|293/293\n|-activate|p1a: Clefable|move: Sticky Web\n|-unboost|p1a: Clefable|spe|1\n|turn|7\n|\n|t:|1733904345\n|move|p2a: Miraidon|Electro Drift|p1a: Clefable\n|-damage|p1a: Clefable|64/293\n|move|p1a: Clefable|Calm Mind|p1a: Clefable\n|-boost|p1a: Clefable|spa|1\n|-boost|p1a: Clefable|spd|1\n|\n|-heal|p1a: Clefable|82/293|[from] item: Leftovers\n|upkeep\n|turn|8\n|\n|t:|1733904350\n|switch|p1a: Sandaconda|Sandaconda, L84, F|258/258\n|-activate|p1a: Sandaconda|move: Sticky Web\n|-unboost|p1a: Sandaconda|spe|1\n|move|p2a: Miraidon|Electro Drift|p1a: Sandaconda\n|-immune|p1a: Sandaconda\n|\n|upkeep\n|turn|9\n|\n|t:|1733904357\n|switch|p2a: Cryogonal|Cryogonal, L89|287/287\n|move|p1a: Sandaconda|Coil|p1a: Sandaconda\n|-boost|p1a: Sandaconda|atk|1\n|-boost|p1a: Sandaconda|def|1\n|-boost|p1a: Sandaconda|accuracy|1\n|\n|upkeep\n|turn|10\n|\n|t:|1733904363\n|move|p2a: Cryogonal|Freeze-Dry|p1a: Sandaconda\n|-supereffective|p1a: Sandaconda\n|-damage|p1a: Sandaconda|54/258\n|move|p1a: Sandaconda|Stone Edge|p2a: Cryogonal\n|-supereffective|p2a: Cryogonal\n|-crit|p2a: Cryogonal\n|-damage|p2a: Cryogonal|0 fnt\n|faint|p2a: Cryogonal\n|\n|-heal|p1a: Sandaconda|70/258|[from] item: Leftovers\n|-fieldend|move: Electric Terrain\n|upkeep\n|\n|t:|1733904373\n|switch|p2a: Vikavolt|Vikavolt, L83, M|263/263\n|turn|11\n|\n|t:|1733904375\n|switch|p1a: Clefable|Clefable, L83, M|82/293\n|-activate|p1a: Clefable|move: Sticky Web\n|-unboost|p1a: Clefable|spe|1\n|move|p2a: Vikavolt|Energy Ball|p1a: Clefable\n|-damage|p1a: Clefable|0 fnt\n|faint|p1a: Clefable\n|\n|upkeep\n|\n|t:|1733904375\n|switch|p1a: Cacturne|Cacturne, L92, F|278/278\n|-activate|p1a: Cacturne|move: Sticky Web\n|-unboost|p1a: Cacturne|spe|1\n|turn|12\n|\n|t:|1733904386\n|switch|p1a: Sandaconda|Sandaconda, L84, F|70/258\n|-activate|p1a: Sandaconda|move: Sticky Web\n|-unboost|p1a: Sandaconda|spe|1\n|move|p2a: Vikavolt|Bug Buzz|p1a: Sandaconda\n|-damage|p1a: Sandaconda|0 fnt\n|faint|p1a: Sandaconda\n|\n|upkeep\n|\n|t:|1733904387\n|switch|p1a: Girafarig|Girafarig, L89, M|269/269\n|-activate|p1a: Girafarig|move: Sticky Web\n|-unboost|p1a: Girafarig|spe|1\n|turn|13\n|\n|t:|1733904395\n|move|p1a: Girafarig|Nasty Plot|p1a: Girafarig\n|-boost|p1a: Girafarig|spa|2\n|move|p2a: Vikavolt|Bug Buzz|p1a: Girafarig\n|-supereffective|p1a: Girafarig\n|-damage|p1a: Girafarig|47/269\n|\n|upkeep\n|turn|14\n|\n|t:|1733904401\n|move|p1a: Girafarig|Psychic|p2a: Vikavolt\n|-damage|p2a: Vikavolt|44/263\n|move|p2a: Vikavolt|Bug Buzz|p1a: Girafarig\n|-supereffective|p1a: Girafarig\n|-damage|p1a: Girafarig|0 fnt\n|faint|p1a: Girafarig\n|\n|upkeep\n|\n|t:|1733904401\n|switch|p1a: Cacturne|Cacturne, L92, F|278/278\n|-activate|p1a: Cacturne|move: Sticky Web\n|-unboost|p1a: Cacturne|spe|1\n|turn|15\n|\n|t:|1733904411\n|-terastallize|p1a: Cacturne|Dark\n|move|p1a: Cacturne|Sucker Punch|p2a: Vikavolt\n|-damage|p2a: Vikavolt|0 fnt\n|faint|p2a: Vikavolt\n|-damage|p1a: Cacturne|251/278|[from] item: Life Orb\n|\n|upkeep\n|\n|t:|1733904418\n|switch|p2a: Miraidon|Miraidon, L65|238/238\n|-fieldstart|move: Electric Terrain|[from] ability: Hadron Engine|[of] p2a: Miraidon\n|turn|16\n|\n|t:|1733904423\n|move|p2a: Miraidon|Electro Drift|p1a: Cacturne\n|-damage|p1a: Cacturne|0 fnt\n|faint|p1a: Cacturne\n|\n|win|SALAMNCEEEEEEEE\n|raw|RoboWahbit's rating: 1041 &rarr; <strong>1025</strong><br />(-16 for losing)\n|raw|SALAMNCEEEEEEEE's rating: 1036 &rarr; <strong>1071</strong><br />(+35 for winning)\n|c|\u2606RoboWahbit|gg\n", "inputlog": ">version bfd83cad13791eb5a5a409923076391caf6fb4d4\n>start {\"formatid\":\"gen9randombattle\",\"seed\":[23156,17863,48763,30084],\"rated\":\"Rated battle\"}\n>player p1 {\"name\":\"RoboWahbit\",\"avatar\":\"101\",\"rating\":1041,\"seed\":[5694,41624,30076,21595]}\n>player p2 {\"name\":\"SALAMNCEEEEEEEE\",\"avatar\":\"caitlin\",\"rating\":1036,\"seed\":[50917,9349,9394,26600]}\n>chat \u2606RoboWahbit|hf\n>chat \u2606SALAMNCEEEEEEEE|hf\n>p1 switch 6\n>p2 move stickyweb\n>p1 move poisonjab\n>p2 switch 2\n>p1 move drainpunch\n>p2 move earthquake\n>p1 move drainpunch\n>p2 move earthquake\n>p1 switch 2\n>p1 move bravebird\n>p2 move playrough\n>p2 switch 5\n>p1 move bravebird\n>p2 move electrodrift\n>p1 switch 4\n>p1 move calmmind\n>p2 move electrodrift\n>p1 switch 6\n>p2 move electrodrift\n>p1 move coil\n>p2 switch 3\n>p1 move stoneedge\n>p2 move freezedry\n>p2 switch 2\n>p1 switch 6\n>p2 move energyball\n>p1 switch 3\n>p1 switch 6\n>p2 move bugbuzz\n>p1 switch 5\n>p1 move nastyplot\n>p2 move bugbuzz\n>p1 move psychic\n>p2 move bugbuzz\n>p1 switch 6\n>p1 move suckerpunch terastallize\n>p2 move bugbuzz\n>p2 switch 3\n>p1 move swordsdance\n>p2 move electrodrift", "uploadtime": 1733904423, "views": 3, "formatid": "gen9randombattle", "rating": 1025, "private": 0, "password": null}