{"id": "gen9randombattle-2260102742", "format": "[Gen 9] Random Battle", "players": ["Fijiarth", "cthulhe"], "log": "|j|\u2606Fijiarth\n|j|\u2606cthulhe\n|t:|1733802786\n|gametype|singles\n|player|p1|Fijiarth|backpacker|1751\n|player|p2|cthulhe|harlequin|1668\n|teamsize|p1|6\n|teamsize|p2|6\n|gen|9\n|tier|[Gen 9] Random Battle\n|rated|\n|rule|Species Clause: Limit one of each Pok\u00e9mon\n|rule|HP Percentage Mod: HP is shown in percentages\n|rule|Sleep Clause Mod: Limit one foe put to sleep\n|rule|Illusion Level Mod: Illusion disguises the Pok\u00e9mon's true level\n|\n|t:|1733802786\n|start\n|switch|p1a: Weavile|Weavile, L79, F|239/239\n|switch|p2a: Electivire|Electivire, L84, F|263/263\n|turn|1\n|inactive|Battle timer is ON: inactive players will automatically lose when time's up. (requested by cthulhe)\n|\n|t:|1733802800\n|move|p1a: Weavile|Knock Off|p2a: Electivire\n|-damage|p2a: Electivire|55/263\n|-enditem|p2a: Electivire|Life Orb|[from] move: Knock Off|[of] p1a: Weavile\n|move|p2a: Electivire|Supercell Slam|p1a: Weavile\n|-damage|p1a: Weavile|61/239\n|\n|upkeep\n|turn|2\n|\n|t:|1733802811\n|move|p1a: Weavile|Knock Off|p2a: Electivire\n|-damage|p2a: Electivire|0 fnt\n|faint|p2a: Electivire\n|\n|upkeep\n|\n|t:|1733802829\n|switch|p2a: Delibird|Delibird, F|252/252\n|turn|3\n|\n|t:|1733802839\n|move|p1a: Weavile|Knock Off|p2a: Delibird\n|-damage|p2a: Delibird|35/252\n|-enditem|p2a: Delibird|Heavy-Duty Boots|[from] move: Knock Off|[of] p1a: Weavile\n|move|p2a: Delibird|Ice Spinner|p1a: Weavile|[miss]\n|-miss|p2a: Delibird|p1a: Weavile\n|\n|upkeep\n|turn|4\n|\n|t:|1733802842\n|move|p2a: Delibird|Ice Shard|p1a: Weavile|[miss]\n|-miss|p2a: Delibird|p1a: Weavile\n|move|p1a: Weavile|Knock Off|p2a: Delibird\n|-damage|p2a: Delibird|0 fnt\n|faint|p2a: Delibird\n|\n|upkeep\n|c|\u2606cthulhe|classic deli\n|\n|t:|1733802864\n|switch|p2a: Torkoal|Torkoal, L88, F|266/266\n|-weather|SunnyDay|[from] ability: Drought|[of] p2a: Torkoal\n|turn|5\n|\n|t:|1733802870\n|move|p1a: Weavile|Knock Off|p2a: Torkoal\n|-damage|p2a: Torkoal|163/266\n|-enditem|p2a: Torkoal|Heavy-Duty Boots|[from] move: Knock Off|[of] p1a: Weavile\n|move|p2a: Torkoal|Lava Plume|p1a: Weavile\n|-supereffective|p1a: Weavile\n|-damage|p1a: Weavile|0 fnt\n|faint|p1a: Weavile\n|\n|-weather|SunnyDay|[upkeep]\n|upkeep\n|\n|t:|1733802896\n|switch|p1a: Deoxys|Deoxys-Defense, L84|221/221\n|-ability|p1a: Deoxys|Pressure\n|turn|6\n|\n|t:|1733802904\n|move|p1a: Deoxys|Psychic Noise|p2a: Torkoal\n|-damage|p2a: Torkoal|88/266\n|-start|p2a: Torkoal|move: Heal Block\n|move|p2a: Torkoal|Yawn|p1a: Deoxys\n|-start|p1a: Deoxys|move: Yawn|[of] p2a: Torkoal\n|\n|-weather|SunnyDay|[upkeep]\n|upkeep\n|turn|7\n|\n|t:|1733802927\n|switch|p2a: Golduck|Golduck, L90, M|290/290\n|-ability|p2a: Golduck|Cloud Nine\n|move|p1a: Deoxys|Spikes|p2a: Golduck\n|-sidestart|p2: cthulhe|Spikes\n|\n|-weather|SunnyDay|[upkeep]\n|-end|p1a: Deoxys|move: Yawn|[silent]\n|-status|p1a: Deoxys|slp\n|upkeep\n|turn|8\n|\n|t:|1733802935\n|move|p2a: Golduck|Nasty Plot|p2a: Golduck\n|-boost|p2a: Golduck|spa|2\n|cant|p1a: Deoxys|slp\n|\n|-weather|SunnyDay|[upkeep]\n|upkeep\n|turn|9\n|\n|t:|1733802942\n|move|p2a: Golduck|Nasty Plot|p2a: Golduck\n|-boost|p2a: Golduck|spa|2\n|cant|p1a: Deoxys|slp\n|\n|-weather|none\n|upkeep\n|turn|10\n|\n|t:|1733802956\n|move|p2a: Golduck|Hydro Pump|p1a: Deoxys\n|-damage|p1a: Deoxys|0 fnt\n|faint|p1a: Deoxys\n|\n|upkeep\n|\n|t:|1733802969\n|switch|p1a: Rotom|Rotom-Wash, L82|216/216\n|turn|11\n|inactive|Fijiarth has 120 seconds left.\n|\n|t:|1733802993\n|switch|p1a: Milotic|Milotic, L83, F|293/293\n|-terastallize|p2a: Golduck|Water\n|move|p2a: Golduck|Hydro Pump|p1a: Milotic|[miss]\n|-miss|p2a: Golduck|p1a: Milotic\n|\n|upkeep\n|turn|12\n|\n|t:|1733803000\n|move|p2a: Golduck|Grass Knot|p1a: Milotic\n|-supereffective|p1a: Milotic\n|-damage|p1a: Milotic|0 fnt\n|faint|p1a: Milotic\n|\n|upkeep\n|inactive|Fijiarth has 120 seconds left.\n|\n|t:|1733803012\n|switch|p1a: Rotom|Rotom-Wash, L82|216/216\n|turn|13\n|inactive|Fijiarth has 120 seconds left.\n|\n|t:|1733803023\n|move|p2a: Golduck|Hydro Pump|p1a: Rotom|[miss]\n|-miss|p2a: Golduck|p1a: Rotom\n|move|p1a: Rotom|Thunderbolt|p2a: Golduck\n|-supereffective|p2a: Golduck\n|-damage|p2a: Golduck|96/290\n|\n|-heal|p2a: Golduck|114/290|[from] item: Leftovers\n|upkeep\n|turn|14\n|inactive|Fijiarth has 120 seconds left.\n|\n|t:|1733803037\n|move|p2a: Golduck|Hydro Pump|p1a: Rotom\n|-resisted|p1a: Rotom\n|-damage|p1a: Rotom|0 fnt\n|faint|p1a: Rotom\n|\n|-heal|p2a: Golduck|132/290|[from] item: Leftovers\n|upkeep\n|\n|t:|1733803040\n|switch|p1a: Mabosstiff|Mabosstiff, L86, F|278/278\n|turn|15\n|\n|t:|1733803045\n|move|p1a: Mabosstiff|Wild Charge|p2a: Golduck\n|-supereffective|p2a: Golduck\n|-damage|p2a: Golduck|0 fnt\n|faint|p2a: Golduck\n|-damage|p1a: Mabosstiff|245/278|[from] Recoil\n|\n|upkeep\n|\n|t:|1733803071\n|switch|p2a: Tropius|Tropius, L91, F|328/328\n|turn|16\n|inactive|Fijiarth has 120 seconds left.\n|\n|t:|1733803104\n|switch|p1a: Delphox|Delphox, L84, F|263/263\n|move|p2a: Tropius|Leech Seed|p1a: Delphox\n|-start|p1a: Delphox|move: Leech Seed\n|\n|-damage|p1a: Delphox|231/263|[from] Leech Seed|[of] p2a: Tropius\n|upkeep\n|turn|17\n|inactive|Fijiarth has 120 seconds left.\n|\n|t:|1733803117\n|move|p1a: Delphox|Fire Blast|p2a: Tropius\n|-supereffective|p2a: Tropius\n|-damage|p2a: Tropius|86/328\n|-enditem|p2a: Tropius|Sitrus Berry|[eat]\n|-heal|p2a: Tropius|168/328|[from] item: Sitrus Berry\n|move|p2a: Tropius|Substitute|p2a: Tropius\n|-start|p2a: Tropius|Substitute\n|-damage|p2a: Tropius|86/328\n|\n|-damage|p1a: Delphox|199/263|[from] Leech Seed|[of] p2a: Tropius\n|-heal|p2a: Tropius|118/328|[silent]\n|-item|p2a: Tropius|Sitrus Berry|[from] ability: Harvest\n|upkeep\n|-enditem|p2a: Tropius|Sitrus Berry|[eat]\n|-heal|p2a: Tropius|200/328|[from] item: Sitrus Berry\n|turn|18\n|inactive|Fijiarth has 120 seconds left.\n|\n|t:|1733803127\n|move|p2a: Tropius|Protect|p2a: Tropius\n|-singleturn|p2a: Tropius|Protect\n|move|p1a: Delphox|Fire Blast|p2a: Tropius\n|-activate|p2a: Tropius|move: Protect\n|\n|-damage|p1a: Delphox|167/263|[from] Leech Seed|[of] p2a: Tropius\n|-heal|p2a: Tropius|232/328|[silent]\n|upkeep\n|turn|19\n|\n|t:|1733803130\n|move|p1a: Delphox|Fire Blast|p2a: Tropius\n|-supereffective|p2a: Tropius\n|-end|p2a: Tropius|Substitute\n|move|p2a: Tropius|Air Slash|p1a: Delphox\n|-damage|p1a: Delphox|100/263\n|\n|-damage|p1a: Delphox|68/263|[from] Leech Seed|[of] p2a: Tropius\n|-heal|p2a: Tropius|264/328|[silent]\n|upkeep\n|turn|20\n|\n|t:|1733803137\n|move|p2a: Tropius|Protect|p2a: Tropius\n|-singleturn|p2a: Tropius|Protect\n|move|p1a: Delphox|Fire Blast|p2a: Tropius\n|-activate|p2a: Tropius|move: Protect\n|\n|-damage|p1a: Delphox|36/263|[from] Leech Seed|[of] p2a: Tropius\n|-heal|p2a: Tropius|296/328|[silent]\n|upkeep\n|turn|21\n|inactive|cthulhe has 120 seconds left.\n|\n|t:|1733803172\n|switch|p2a: Bronzong|Bronzong, L88|261/261\n|-terastallize|p1a: Delphox|Fire\n|move|p1a: Delphox|Fire Blast|p2a: Bronzong\n|-supereffective|p2a: Bronzong\n|-damage|p2a: Bronzong|0 fnt\n|faint|p2a: Bronzong\n|\n|upkeep\n|inactive|cthulhe has 120 seconds left.\n|\n|t:|1733803188\n|switch|p2a: Tropius|Tropius, L91, F|296/328\n|turn|22\n|\n|t:|1733803194\n|switch|p1a: Mabosstiff|Mabosstiff, L86, F|245/278\n|move|p2a: Tropius|Protect||[still]\n|-fail|p2a: Tropius\n|\n|-item|p2a: Tropius|Sitrus Berry|[from] ability: Harvest\n|upkeep\n|turn|23\n|\n|t:|1733803199\n|move|p1a: Mabosstiff|Crunch|p2a: Tropius\n|-damage|p2a: Tropius|188/328\n|move|p2a: Tropius|Leech Seed|p1a: Mabosstiff\n|-start|p1a: Mabosstiff|move: Leech Seed\n|\n|-damage|p1a: Mabosstiff|211/278|[from] Leech Seed|[of] p2a: Tropius\n|-heal|p2a: Tropius|222/328|[silent]\n|upkeep\n|turn|24\n|\n|t:|1733803208\n|move|p1a: Mabosstiff|Crunch|p2a: Tropius\n|-damage|p2a: Tropius|120/328\n|-enditem|p2a: Tropius|Sitrus Berry|[eat]\n|-heal|p2a: Tropius|202/328|[from] item: Sitrus Berry\n|move|p2a: Tropius|Substitute|p2a: Tropius\n|-start|p2a: Tropius|Substitute\n|-damage|p2a: Tropius|120/328\n|\n|-damage|p1a: Mabosstiff|177/278|[from] Leech Seed|[of] p2a: Tropius\n|-heal|p2a: Tropius|154/328|[silent]\n|-item|p2a: Tropius|Sitrus Berry|[from] ability: Harvest\n|upkeep\n|-enditem|p2a: Tropius|Sitrus Berry|[eat]\n|-heal|p2a: Tropius|236/328|[from] item: Sitrus Berry\n|turn|25\n|\n|t:|1733803216\n|move|p2a: Tropius|Protect|p2a: Tropius\n|-singleturn|p2a: Tropius|Protect\n|move|p1a: Mabosstiff|Crunch|p2a: Tropius\n|-activate|p2a: Tropius|move: Protect\n|\n|-damage|p1a: Mabosstiff|143/278|[from] Leech Seed|[of] p2a: Tropius\n|-heal|p2a: Tropius|270/328|[silent]\n|upkeep\n|turn|26\n|\n|t:|1733803219\n|move|p1a: Mabosstiff|Crunch|p2a: Tropius\n|-end|p2a: Tropius|Substitute\n|move|p2a: Tropius|Air Slash|p1a: Mabosstiff\n|-damage|p1a: Mabosstiff|62/278\n|\n|-damage|p1a: Mabosstiff|28/278|[from] Leech Seed|[of] p2a: Tropius\n|-heal|p2a: Tropius|304/328|[silent]\n|upkeep\n|turn|27\n|\n|t:|1733803229\n|move|p1a: Mabosstiff|Crunch|p2a: Tropius\n|-damage|p2a: Tropius|198/328\n|move|p2a: Tropius|Substitute|p2a: Tropius\n|-start|p2a: Tropius|Substitute\n|-damage|p2a: Tropius|116/328\n|\n|-damage|p1a: Mabosstiff|0 fnt|[from] Leech Seed|[of] p2a: Tropius\n|-heal|p2a: Tropius|144/328|[silent]\n|faint|p1a: Mabosstiff\n|upkeep\n|\n|t:|1733803234\n|switch|p1a: Delphox|Delphox, L84, F, tera:Fire|36/263\n|turn|28\n|\n|t:|1733803237\n|move|p1a: Delphox|Fire Blast|p2a: Tropius\n|-supereffective|p2a: Tropius\n|-end|p2a: Tropius|Substitute\n|move|p2a: Tropius|Air Slash|p1a: Delphox\n|-damage|p1a: Delphox|0 fnt\n|faint|p1a: Delphox\n|\n|win|cthulhe\n|raw|Fijiarth's rating: 1751 &rarr; <strong>1726</strong><br />(-25 for losing)\n|raw|cthulhe's rating: 1668 &rarr; <strong>1693</strong><br />(+25 for winning)\n|l|\u2606Fijiarth\n|player|p1|\n", "inputlog": ">version bfd83cad13791eb5a5a409923076391caf6fb4d4\n>start {\"formatid\":\"gen9randombattle\",\"seed\":[37641,43215,27628,34530],\"rated\":\"Rated battle\"}\n>player p1 {\"name\":\"Fijiarth\",\"avatar\":\"backpacker\",\"rating\":1751,\"seed\":[13780,28475,47674,59593]}\n>player p2 {\"name\":\"cthulhe\",\"avatar\":\"harlequin\",\"rating\":1668,\"seed\":[5718,63912,60292,38849]}\n>p1 move knockoff\n>p2 move supercellslam\n>p1 move knockoff\n>p2 move earthquake\n>p2 switch 2\n>p1 move knockoff\n>p2 move icespinner\n>p1 move knockoff\n>p2 move iceshard\n>chat \u2606cthulhe|classic deli\n>p2 switch 6\n>p1 move knockoff\n>p2 move lavaplume\n>p1 switch 6\n>p1 move psychicnoise\n>p2 move yawn\n>p1 move spikes\n>p2 switch 5\n>p1 move knockoff\n>p2 move nastyplot\n>p1 move psychicnoise\n>p2 move nastyplot\n>p1 move psychicnoise\n>p2 move hydropump\n>p1 switch 2\n>p1 switch 4\n>p2 move hydropump terastallize\n>p1 move haze\n>p2 move grassknot\n>p1 switch 4\n>p1 move thunderbolt\n>p2 move hydropump\n>p1 move thunderbolt\n>p2 move hydropump\n>p1 switch 5\n>p1 move wildcharge\n>p2 move hydropump\n>p2 switch 3\n>p1 switch 3\n>p2 move leechseed\n>p1 move fireblast\n>p2 move substitute\n>p1 move fireblast\n>p2 move protect\n>p1 move fireblast\n>p2 move airslash\n>p1 move fireblast\n>p2 move protect\n>p1 move fireblast terastallize\n>p2 switch 4\n>p2 switch 4\n>p1 switch 3\n>p2 move protect\n>p1 move crunch\n>p2 move leechseed\n>p1 move crunch\n>p2 move substitute\n>p1 move crunch\n>p2 move protect\n>p1 move crunch\n>p2 move airslash\n>p1 move crunch\n>p2 move substitute\n>p1 switch 3\n>p1 move fireblast\n>p2 move airslash", "uploadtime": 1733803246, "views": 35, "formatid": "gen9randombattle", "rating": 1693, "private": 0, "password": null}