{"id": "gen9randombattle-2103554680", "format": "[Gen 9] Random Battle", "players": ["d3vsinh", "pokeblade\u2606101"], "log": "|uhtml|medal-msg|<div class=\"broadcast-blue\">Curious what those medals under the avatar are? PS now has Ladder Seasons! For more information, check out the <a href=\"https://www.smogon.com/forums/threads/3740067/\">thread on Smogon.</a></div>\n|badge|p2|gold|gen9randombattle|3-1\n|uhtml|medal-msg|<div class=\"broadcast-blue\">Curious what those medals under the avatar are? PS now has Ladder Seasons! For more information, check out the <a href=\"https://www.smogon.com/forums/threads/3740067/\">thread on Smogon.</a></div>\n|j|\u2606d3vsinh\n|j|\u2606pokeblade\u2606101\n|t:|1713141879\n|gametype|singles\n|player|p1|d3vsinh|169|2301\n|player|p2|pokeblade\u2606101|#rbtt7teamchiyu|2493\n|teamsize|p1|6\n|teamsize|p2|6\n|gen|9\n|tier|[Gen 9] Random Battle\n|rated|\n|rule|Species Clause: Limit one of each Pok\u00e9mon\n|rule|HP Percentage Mod: HP is shown in percentages\n|rule|Sleep Clause Mod: Limit one foe put to sleep\n|rule|Illusion Level Mod: Illusion disguises the Pok\u00e9mon's true level\n|\n|t:|1713141879\n|start\n|switch|p1a: Palossand|Palossand, L89, M|296/296\n|switch|p2a: Raikou|Raikou, L81|278/278\n|-ability|p2a: Raikou|Pressure\n|turn|1\n|inactive|Battle timer is ON: inactive players will automatically lose when time's up. (requested by d3vsinh)\n|\n|t:|1713141910\n|move|p2a: Raikou|Calm Mind|p2a: Raikou\n|-boost|p2a: Raikou|spa|1\n|-boost|p2a: Raikou|spd|1\n|move|p1a: Palossand|Earth Power|p2a: Raikou\n|-supereffective|p2a: Raikou\n|-damage|p2a: Raikou|138/278\n|\n|-heal|p2a: Raikou|155/278|[from] item: Leftovers\n|upkeep\n|turn|2\n|\n|t:|1713141928\n|move|p2a: Raikou|Calm Mind|p2a: Raikou\n|-boost|p2a: Raikou|spa|1\n|-boost|p2a: Raikou|spd|1\n|move|p1a: Palossand|Earth Power|p2a: Raikou\n|-supereffective|p2a: Raikou\n|-damage|p2a: Raikou|57/278\n|\n|-heal|p2a: Raikou|74/278|[from] item: Leftovers\n|upkeep\n|turn|3\n|\n|t:|1713141935\n|move|p2a: Raikou|Substitute|p2a: Raikou\n|-start|p2a: Raikou|Substitute\n|-damage|p2a: Raikou|5/278\n|move|p1a: Palossand|Earth Power|p2a: Raikou\n|-supereffective|p2a: Raikou\n|-end|p2a: Raikou|Substitute\n|\n|-heal|p2a: Raikou|22/278|[from] item: Leftovers\n|upkeep\n|turn|4\n|\n|t:|1713141941\n|move|p2a: Raikou|Scald|p1a: Palossand\n|-supereffective|p1a: Palossand\n|-damage|p1a: Palossand|60/296\n|-ability|p1a: Palossand|Water Compaction|boost\n|-boost|p1a: Palossand|def|2\n|move|p1a: Palossand|Earth Power|p2a: Raikou\n|-supereffective|p2a: Raikou\n|-damage|p2a: Raikou|0 fnt\n|faint|p2a: Raikou\n|\n|-heal|p1a: Palossand|78/296|[from] item: Leftovers\n|upkeep\n|\n|t:|1713141945\n|switch|p2a: Grumpig|Grumpig, L92, F|297/297\n|turn|5\n|j|+Aqua\n|\n|t:|1713141952\n|move|p2a: Grumpig|Shadow Ball|p1a: Palossand\n|-supereffective|p1a: Palossand\n|-damage|p1a: Palossand|0 fnt\n|faint|p1a: Palossand\n|\n|upkeep\n|j| Referrals\n|\n|t:|1713141976\n|switch|p1a: Squawkabilly|Squawkabilly-Blue, L85, F|278/278\n|turn|6\n|inactive|d3vsinh has 120 seconds left.\n|\n|t:|1713142000\n|move|p1a: Squawkabilly|Brave Bird|p2a: Grumpig\n|-damage|p2a: Grumpig|143/297\n|-damage|p1a: Squawkabilly|227/278|[from] Recoil\n|move|p2a: Grumpig|Psyshock|p1a: Squawkabilly\n|-damage|p1a: Squawkabilly|89/278\n|\n|-heal|p2a: Grumpig|161/297|[from] item: Leftovers\n|-status|p1a: Squawkabilly|brn|[from] item: Flame Orb\n|upkeep\n|turn|7\n|\n|t:|1713142007\n|switch|p2a: Orthworm|Orthworm, L88, F|266/266\n|move|p1a: Squawkabilly|Facade|p2a: Orthworm\n|-resisted|p2a: Orthworm\n|-damage|p2a: Orthworm|194/266\n|\n|-damage|p1a: Squawkabilly|72/278 brn|[from] brn\n|upkeep\n|turn|8\n|\n|t:|1713142012\n|move|p1a: Squawkabilly|U-turn|p2a: Orthworm\n|-resisted|p2a: Orthworm\n|-damage|p2a: Orthworm|169/266\n|\n|t:|1713142015\n|switch|p1a: Ninetales|Ninetales, L85, F|263/263|[from] U-turn\n|-weather|SunnyDay|[from] ability: Drought|[of] p1a: Ninetales\n|move|p2a: Orthworm|Body Press|p1a: Ninetales\n|-damage|p1a: Ninetales|175/263\n|\n|-weather|SunnyDay|[upkeep]\n|upkeep\n|turn|9\n|\n|t:|1713142022\n|switch|p2a: Grumpig|Grumpig, L92, F|161/297\n|move|p1a: Ninetales|Nasty Plot|p1a: Ninetales\n|-boost|p1a: Ninetales|spa|2\n|\n|-weather|SunnyDay|[upkeep]\n|-heal|p2a: Grumpig|179/297|[from] item: Leftovers\n|upkeep\n|turn|10\n|\n|t:|1713142029\n|move|p1a: Ninetales|Fire Blast|p2a: Grumpig\n|-damage|p2a: Grumpig|65/297\n|move|p2a: Grumpig|Earth Power|p1a: Ninetales\n|-supereffective|p1a: Ninetales\n|-damage|p1a: Ninetales|41/263\n|\n|-weather|SunnyDay|[upkeep]\n|-heal|p2a: Grumpig|83/297|[from] item: Leftovers\n|upkeep\n|turn|11\n|\n|t:|1713142036\n|move|p1a: Ninetales|Solar Beam||[still]\n|-prepare|p1a: Ninetales|Solar Beam\n|-anim|p1a: Ninetales|Solar Beam|p2a: Grumpig\n|-damage|p2a: Grumpig|0 fnt\n|faint|p2a: Grumpig\n|\n|-weather|SunnyDay|[upkeep]\n|upkeep\n|\n|t:|1713142039\n|switch|p2a: Pikachu|Pikachu, L93, M|216/216\n|turn|12\n|\n|t:|1713142045\n|switch|p1a: Vileplume|Vileplume, L86, F|269/269\n|move|p2a: Pikachu|Surf|p1a: Vileplume\n|-resisted|p1a: Vileplume\n|-damage|p1a: Vileplume|247/269\n|\n|-weather|none\n|-heal|p1a: Vileplume|263/269|[from] item: Leftovers\n|upkeep\n|turn|13\n|\n|t:|1713142053\n|switch|p2a: Brute Bonnet|Brute Bonnet, L81|312/312\n|move|p1a: Vileplume|Sleep Powder|p2a: Brute Bonnet\n|-immune|p2a: Brute Bonnet\n|\n|-heal|p1a: Vileplume|269/269|[from] item: Leftovers\n|upkeep\n|turn|14\n|\n|t:|1713142057\n|move|p2a: Brute Bonnet|Crunch|p1a: Vileplume\n|-damage|p1a: Vileplume|163/269\n|move|p1a: Vileplume|Sludge Bomb|p2a: Brute Bonnet\n|-supereffective|p2a: Brute Bonnet\n|-damage|p2a: Brute Bonnet|96/312\n|-status|p2a: Brute Bonnet|psn\n|\n|-heal|p1a: Vileplume|179/269|[from] item: Leftovers\n|-damage|p2a: Brute Bonnet|57/312 psn|[from] psn\n|upkeep\n|turn|15\n|\n|t:|1713142061\n|move|p2a: Brute Bonnet|Crunch|p1a: Vileplume\n|-damage|p1a: Vileplume|76/269\n|move|p1a: Vileplume|Strength Sap|p2a: Brute Bonnet\n|-unboost|p2a: Brute Bonnet|atk|1\n|-heal|p1a: Vileplume|269/269\n|\n|-damage|p2a: Brute Bonnet|18/312 psn|[from] psn\n|upkeep\n|turn|16\n|\n|t:|1713142066\n|move|p2a: Brute Bonnet|Crunch|p1a: Vileplume\n|-damage|p1a: Vileplume|200/269\n|move|p1a: Vileplume|Giga Drain|p2a: Brute Bonnet\n|-resisted|p2a: Brute Bonnet\n|-damage|p2a: Brute Bonnet|0 fnt\n|-heal|p1a: Vileplume|209/269|[from] drain|[of] p2a: Brute Bonnet\n|faint|p2a: Brute Bonnet\n|-end|p2a: Brute Bonnet|Protosynthesis|[silent]\n|\n|-heal|p1a: Vileplume|225/269|[from] item: Leftovers\n|upkeep\n|\n|t:|1713142071\n|switch|p2a: Orthworm|Orthworm, L88, F|169/266\n|turn|17\n|\n|t:|1713142077\n|move|p2a: Orthworm|Coil|p2a: Orthworm\n|-boost|p2a: Orthworm|atk|1\n|-boost|p2a: Orthworm|def|1\n|-boost|p2a: Orthworm|accuracy|1\n|move|p1a: Vileplume|Sleep Powder|p2a: Orthworm\n|-status|p2a: Orthworm|slp|[from] move: Sleep Powder\n|-enditem|p2a: Orthworm|Chesto Berry|[eat]\n|-curestatus|p2a: Orthworm|slp|[msg]\n|\n|-heal|p1a: Vileplume|241/269|[from] item: Leftovers\n|upkeep\n|turn|18\n|\n|t:|1713142081\n|move|p2a: Orthworm|Iron Tail|p1a: Vileplume\n|-damage|p1a: Vileplume|82/269\n|move|p1a: Vileplume|Sleep Powder|p2a: Orthworm\n|-status|p2a: Orthworm|slp|[from] move: Sleep Powder\n|\n|-heal|p1a: Vileplume|98/269|[from] item: Leftovers\n|upkeep\n|turn|19\n|\n|t:|1713142087\n|cant|p2a: Orthworm|slp\n|move|p1a: Vileplume|Strength Sap|p2a: Orthworm\n|-unboost|p2a: Orthworm|atk|1\n|-heal|p1a: Vileplume|269/269\n|\n|upkeep\n|turn|20\n|\n|t:|1713142090\n|switch|p1a: Torkoal|Torkoal, L88, M|266/266\n|-weather|SunnyDay|[from] ability: Drought|[of] p1a: Torkoal\n|-curestatus|p2a: Orthworm|slp|[msg]\n|move|p2a: Orthworm|Iron Tail|p1a: Torkoal\n|-resisted|p1a: Torkoal\n|-damage|p1a: Torkoal|231/266\n|-unboost|p1a: Torkoal|def|1\n|\n|-weather|SunnyDay|[upkeep]\n|upkeep\n|turn|21\n|c|\u2606pokeblade\u2606101|double sun setter\n|c|\u2606d3vsinh|yeah lol\n|\n|t:|1713142120\n|move|p2a: Orthworm|Body Press|p1a: Torkoal\n|-damage|p1a: Torkoal|106/266\n|move|p1a: Torkoal|Lava Plume|p2a: Orthworm\n|-supereffective|p2a: Orthworm\n|-damage|p2a: Orthworm|0 fnt\n|faint|p2a: Orthworm\n|\n|-weather|SunnyDay|[upkeep]\n|upkeep\n|inactive|pokeblade\u2606101 has 120 seconds left.\n|\n|t:|1713142133\n|switch|p2a: Eiscue|Eiscue, L87, F|272/272\n|turn|22\n|\n|t:|1713142139\n|-terastallize|p2a: Eiscue|Water\n|move|p2a: Eiscue|Belly Drum|p2a: Eiscue\n|-damage|p2a: Eiscue|136/272\n|-setboost|p2a: Eiscue|atk|6|[from] move: Belly Drum\n|-enditem|p2a: Eiscue|Sitrus Berry|[eat]\n|-heal|p2a: Eiscue|204/272|[from] item: Sitrus Berry\n|move|p1a: Torkoal|Lava Plume|p2a: Eiscue\n|-resisted|p2a: Eiscue\n|-damage|p2a: Eiscue|141/272\n|\n|-weather|SunnyDay|[upkeep]\n|upkeep\n|turn|23\n|\n|t:|1713142148\n|move|p2a: Eiscue|Ice Spinner|p1a: Torkoal\n|-resisted|p1a: Torkoal\n|-damage|p1a: Torkoal|0 fnt\n|faint|p1a: Torkoal\n|\n|-weather|SunnyDay|[upkeep]\n|upkeep\n|\n|t:|1713142159\n|switch|p1a: Vileplume|Vileplume, L86, F|269/269\n|turn|24\n|\n|t:|1713142172\n|move|p1a: Vileplume|Giga Drain|p2a: Eiscue\n|-supereffective|p2a: Eiscue\n|-crit|p2a: Eiscue\n|-damage|p2a: Eiscue|0 fnt\n|faint|p2a: Eiscue\n|\n|-weather|none\n|upkeep\n|-message|pokeblade\u2606101 forfeited.\n|\n|win|d3vsinh\n|raw|d3vsinh's rating: 2301 &rarr; <strong>2331</strong><br />(+30 for winning)\n|raw|pokeblade\u2606101's rating: 2493 &rarr; <strong>2463</strong><br />(-30 for losing)\n|l|\u2606pokeblade\u2606101\n|player|p2|\n|l| Referrals\n|l|\u2606d3vsinh\n|player|p1|\n", "inputlog": ">version 94cb14e6e593f9434fd234bef139544825d280b8\n>start {\"formatid\":\"gen9randombattle\",\"seed\":[22853,54362,49362,24601],\"rated\":\"Rated battle\"}\n>player p1 {\"name\":\"d3vsinh\",\"avatar\":\"169\",\"rating\":2301,\"seed\":[29369,40040,942,38926]}\n>player p2 {\"name\":\"pokeblade\u2606101\",\"avatar\":\"#rbtt7teamchiyu\",\"rating\":2493,\"seed\":[59151,14052,2603,38728]}\n>p1 move earthpower\n>p2 move calmmind\n>p1 move earthpower\n>p2 move calmmind\n>p1 move earthpower\n>p2 move substitute\n>p1 move earthpower\n>p2 move scald\n>p2 switch 4\n>p1 move shadowball\n>p2 move shadowball\n>p1 switch 3\n>p1 move bravebird\n>p2 move psyshock\n>p1 move facade\n>p2 switch 5\n>p1 move uturn\n>p2 move bodypress\n>p1 switch 4\n>p1 move nastyplot\n>p2 switch 5\n>p1 move fireblast\n>p2 move earthpower\n>p1 move solarbeam\n>p2 move earthpower\n>p2 switch 2\n>p1 switch 6\n>p2 move surf\n>p1 move sleeppowder\n>p2 switch 6\n>p1 move sludgebomb\n>p2 move crunch\n>p1 move strengthsap\n>p2 move crunch\n>p1 move gigadrain\n>p2 move crunch\n>p2 switch 5\n>p1 move sleeppowder\n>p2 move coil\n>p1 move sleeppowder\n>p2 move irontail\n>p1 move strengthsap\n>p2 move irontail\n>p1 switch 2\n>p2 move irontail\n>chat \u2606pokeblade\u2606101|double sun setter\n>chat \u2606d3vsinh|yeah lol\n>p1 move lavaplume\n>p2 move bodypress\n>p2 switch 3\n>p1 move lavaplume\n>p2 move bellydrum terastallize\n>p1 move lavaplume\n>p2 move icespinner\n>p1 switch 2\n>p1 move gigadrain\n>p2 move ironhead\n>forcelose p2", "uploadtime": 1713142185, "views": 242, "formatid": "gen9randombattle", "rating": 2331, "private": 0, "password": null}