{"id": "gen9randombattle-2260821470", "format": "[Gen 9] Random Battle", "players": ["MochcanL", "rifkyaristyo"], "log": "|j|\u2606MochcanL\n|j|\u2606rifkyaristyo\n|t:|1733898216\n|gametype|singles\n|player|p1|MochcanL|furisodegirl-black|2040\n|player|p2|rifkyaristyo|102|2017\n|teamsize|p1|6\n|teamsize|p2|6\n|gen|9\n|tier|[Gen 9] Random Battle\n|rated|\n|rule|Species Clause: Limit one of each Pok\u00e9mon\n|rule|HP Percentage Mod: HP is shown in percentages\n|rule|Sleep Clause Mod: Limit one foe put to sleep\n|rule|Illusion Level Mod: Illusion disguises the Pok\u00e9mon's true level\n|\n|t:|1733898216\n|start\n|switch|p1a: Zekrom|Zekrom, L71|259/259\n|switch|p2a: Metagross|Metagross, L79|256/256\n|-ability|p1a: Zekrom|Teravolt\n|turn|1\n|inactive|Battle timer is ON: inactive players will automatically lose when time's up. (requested by MochcanL)\n|\n|t:|1733898247\n|switch|p1a: Vaporeon|Vaporeon, L86, F|364/364\n|move|p2a: Metagross|Earthquake|p1a: Vaporeon\n|-damage|p1a: Vaporeon|266/364\n|\n|-heal|p1a: Vaporeon|288/364|[from] item: Leftovers\n|upkeep\n|turn|2\n|\n|t:|1733898253\n|switch|p2a: Golduck|Golduck, L90, F|290/290\n|-ability|p2a: Golduck|Cloud Nine\n|move|p1a: Vaporeon|Flip Turn|p2a: Golduck\n|-resisted|p2a: Golduck\n|-damage|p2a: Golduck|265/290\n|\n|t:|1733898258\n|switch|p1a: Mienshao|Mienshao, L83, F|244/244|[from] Flip Turn\n|\n|-heal|p2a: Golduck|283/290|[from] item: Leftovers\n|upkeep\n|turn|3\n|\n|t:|1733898263\n|switch|p2a: Froslass|Froslass, L87, F|263/263\n|move|p1a: Mienshao|Fake Out|p2a: Froslass\n|-immune|p2a: Froslass\n|\n|upkeep\n|turn|4\n|\n|t:|1733898292\n|switch|p1a: Goodra|Goodra-Hisui, L82, M|265/265\n|move|p2a: Froslass|Poltergeist|p1a: Goodra\n|-activate|p1a: Goodra|move: Poltergeist|Assault Vest\n|-damage|p1a: Goodra|169/265\n|\n|upkeep\n|turn|5\n|\n|t:|1733898311\n|switch|p2a: Meganium|Meganium, L90, F|290/290\n|move|p1a: Goodra|Heavy Slam|p2a: Meganium\n|-damage|p2a: Meganium|214/290\n|\n|-heal|p2a: Meganium|232/290|[from] item: Leftovers\n|upkeep\n|turn|6\n|\n|t:|1733898317\n|move|p2a: Meganium|Knock Off|p1a: Goodra\n|-damage|p1a: Goodra|107/265\n|-enditem|p1a: Goodra|Assault Vest|[from] move: Knock Off|[of] p2a: Meganium\n|move|p1a: Goodra|Dragon Tail|p2a: Meganium\n|-damage|p2a: Meganium|175/290\n|drag|p2a: Zekrom|Zekrom, L71|259/259\n|-ability|p2a: Zekrom|Teravolt\n|\n|upkeep\n|turn|7\n|\n|t:|1733898325\n|move|p2a: Zekrom|Substitute|p2a: Zekrom\n|-start|p2a: Zekrom|Substitute\n|-damage|p2a: Zekrom|195/259\n|move|p1a: Goodra|Dragon Tail|p2a: Zekrom|[miss]\n|-miss|p1a: Goodra|p2a: Zekrom\n|\n|-heal|p2a: Zekrom|211/259|[from] item: Leftovers\n|upkeep\n|turn|8\n|\n|t:|1733898334\n|move|p2a: Zekrom|Dragon Dance|p2a: Zekrom\n|-boost|p2a: Zekrom|atk|1\n|-boost|p2a: Zekrom|spe|1\n|move|p1a: Goodra|Dragon Tail|p2a: Zekrom\n|-supereffective|p2a: Zekrom\n|-end|p2a: Zekrom|Substitute\n|\n|-heal|p2a: Zekrom|227/259|[from] item: Leftovers\n|upkeep\n|turn|9\n|\n|t:|1733898340\n|move|p2a: Zekrom|Substitute|p2a: Zekrom\n|-start|p2a: Zekrom|Substitute\n|-damage|p2a: Zekrom|163/259\n|move|p1a: Goodra|Dragon Tail|p2a: Zekrom\n|-supereffective|p2a: Zekrom\n|-end|p2a: Zekrom|Substitute\n|\n|-heal|p2a: Zekrom|179/259|[from] item: Leftovers\n|upkeep\n|turn|10\n|\n|t:|1733898346\n|move|p2a: Zekrom|Substitute|p2a: Zekrom\n|-start|p2a: Zekrom|Substitute\n|-damage|p2a: Zekrom|115/259\n|move|p1a: Goodra|Dragon Tail|p2a: Zekrom\n|-supereffective|p2a: Zekrom\n|-end|p2a: Zekrom|Substitute\n|\n|-heal|p2a: Zekrom|131/259|[from] item: Leftovers\n|upkeep\n|turn|11\n|\n|t:|1733898359\n|move|p2a: Zekrom|Substitute|p2a: Zekrom\n|-start|p2a: Zekrom|Substitute\n|-damage|p2a: Zekrom|67/259\n|move|p1a: Goodra|Dragon Tail|p2a: Zekrom\n|-supereffective|p2a: Zekrom\n|-end|p2a: Zekrom|Substitute\n|\n|-heal|p2a: Zekrom|83/259|[from] item: Leftovers\n|upkeep\n|turn|12\n|\n|t:|1733898364\n|move|p2a: Zekrom|Outrage|p1a: Goodra\n|-damage|p1a: Goodra|0 fnt\n|faint|p1a: Goodra\n|\n|-heal|p2a: Zekrom|99/259|[from] item: Leftovers\n|upkeep\n|inactive|MochcanL has 120 seconds left.\n|\n|t:|1733898404\n|switch|p1a: Vaporeon|Vaporeon, L86, F|288/364\n|turn|13\n|\n|t:|1733898434\n|move|p2a: Zekrom|Outrage|p1a: Vaporeon|[from]lockedmove\n|-damage|p1a: Vaporeon|38/364\n|-start|p2a: Zekrom|confusion|[fatigue]\n|move|p1a: Vaporeon|Wish|p1a: Vaporeon\n|\n|-heal|p2a: Zekrom|115/259|[from] item: Leftovers\n|-heal|p1a: Vaporeon|60/364|[from] item: Leftovers\n|upkeep\n|turn|14\n|\n|t:|1733898441\n|-activate|p2a: Zekrom|confusion\n|move|p2a: Zekrom|Substitute|p2a: Zekrom\n|-start|p2a: Zekrom|Substitute\n|-damage|p2a: Zekrom|51/259\n|move|p1a: Vaporeon|Scald|p2a: Zekrom\n|-resisted|p2a: Zekrom\n|-activate|p2a: Zekrom|move: Substitute|[damage]\n|\n|-heal|p1a: Vaporeon|242/364|[from] move: Wish|[wisher] Vaporeon\n|-heal|p2a: Zekrom|67/259|[from] item: Leftovers\n|-heal|p1a: Vaporeon|264/364|[from] item: Leftovers\n|upkeep\n|turn|15\n|inactive|MochcanL has 120 seconds left.\n|\n|t:|1733898457\n|-activate|p2a: Zekrom|confusion\n|move|p2a: Zekrom|Bolt Strike|p1a: Vaporeon\n|-supereffective|p1a: Vaporeon\n|-damage|p1a: Vaporeon|0 fnt\n|faint|p1a: Vaporeon\n|\n|-heal|p2a: Zekrom|83/259|[from] item: Leftovers\n|upkeep\n|inactive|MochcanL has 120 seconds left.\n|\n|t:|1733898470\n|switch|p1a: Luvdisc|Luvdisc, M|247/247\n|turn|16\n|\n|t:|1733898474\n|switch|p1a: Raichu|Raichu, L88, F|249/249\n|-end|p2a: Zekrom|confusion\n|move|p2a: Zekrom|Bolt Strike|p1a: Raichu\n|-resisted|p1a: Raichu\n|-damage|p1a: Raichu|109/249\n|\n|-heal|p2a: Zekrom|99/259|[from] item: Leftovers\n|upkeep\n|turn|17\n|inactive|MochcanL has 120 seconds left.\n|\n|t:|1733898490\n|move|p2a: Zekrom|Bolt Strike|p1a: Raichu\n|-resisted|p1a: Raichu\n|-damage|p1a: Raichu|0 fnt\n|faint|p1a: Raichu\n|\n|-heal|p2a: Zekrom|115/259|[from] item: Leftovers\n|upkeep\n|\n|t:|1733898494\n|switch|p1a: Mienshao|Mienshao, L83, F|244/244\n|turn|18\n|\n|t:|1733898499\n|move|p1a: Mienshao|Fake Out|p2a: Zekrom\n|-end|p2a: Zekrom|Substitute\n|move|p2a: Zekrom|Substitute|p2a: Zekrom\n|-start|p2a: Zekrom|Substitute\n|-damage|p2a: Zekrom|51/259\n|\n|-heal|p2a: Zekrom|67/259|[from] item: Leftovers\n|upkeep\n|turn|19\n|\n|t:|1733898505\n|move|p2a: Zekrom|Bolt Strike|p1a: Mienshao\n|-damage|p1a: Mienshao|0 fnt\n|faint|p1a: Mienshao\n|\n|-heal|p2a: Zekrom|83/259|[from] item: Leftovers\n|upkeep\n|\n|t:|1733898517\n|switch|p1a: Zekrom|Zekrom, L71|259/259\n|-ability|p1a: Zekrom|Teravolt\n|turn|20\n|inactive|MochcanL has 120 seconds left.\n|\n|t:|1733898564\n|move|p2a: Zekrom|Outrage|p1a: Zekrom\n|-supereffective|p1a: Zekrom\n|-damage|p1a: Zekrom|0 fnt\n|faint|p1a: Zekrom\n|\n|-heal|p2a: Zekrom|99/259|[from] item: Leftovers\n|upkeep\n|\n|t:|1733898566\n|switch|p1a: Luvdisc|Luvdisc, M|247/247\n|turn|21\n|\n|t:|1733898590\n|move|p2a: Zekrom|Outrage|p1a: Luvdisc|[from]lockedmove\n|-damage|p1a: Luvdisc|31/247\n|-start|p2a: Zekrom|confusion|[fatigue]\n|move|p1a: Luvdisc|Surf|p2a: Zekrom\n|-resisted|p2a: Zekrom\n|-activate|p2a: Zekrom|move: Substitute|[damage]\n|\n|-heal|p2a: Zekrom|115/259|[from] item: Leftovers\n|upkeep\n|turn|22\n|\n|t:|1733898596\n|-activate|p2a: Zekrom|confusion\n|move|p2a: Zekrom|Bolt Strike|p1a: Luvdisc\n|-supereffective|p1a: Luvdisc\n|-damage|p1a: Luvdisc|0 fnt\n|faint|p1a: Luvdisc\n|\n|win|rifkyaristyo\n|raw|MochcanL's rating: 2040 &rarr; <strong>2019</strong><br />(-21 for losing)\n|raw|rifkyaristyo's rating: 2017 &rarr; <strong>2038</strong><br />(+21 for winning)\n", "inputlog": ">version bfd83cad13791eb5a5a409923076391caf6fb4d4\n>start {\"formatid\":\"gen9randombattle\",\"seed\":[3816,34886,3527,25009],\"rated\":\"Rated battle\"}\n>player p1 {\"name\":\"MochcanL\",\"avatar\":\"furisodegirl-black\",\"rating\":2040,\"seed\":[12926,21433,53698,64543]}\n>player p2 {\"name\":\"rifkyaristyo\",\"avatar\":\"102\",\"rating\":2017,\"seed\":[13374,10612,37407,26311]}\n>p1 switch 5\n>p2 move earthquake\n>p1 move flipturn\n>p2 switch 5\n>p1 switch 6\n>p1 move fakeout\n>p2 switch 3\n>p1 switch 4\n>p2 move poltergeist\n>p1 move heavyslam\n>p2 switch 2\n>p1 move dragontail\n>p2 move knockoff\n>p1 move dragontail\n>p2 move substitute\n>p1 move dragontail\n>p2 move dragondance\n>p1 move dragontail\n>p2 move substitute\n>p1 move dragontail\n>p2 move substitute\n>p1 move dragontail\n>p2 move substitute\n>p1 move dragontail\n>p2 move outrage\n>p1 switch 6\n>p1 move wish\n>p2 move outrage\n>p1 move scald\n>p2 move substitute\n>p1 move flipturn\n>p2 move boltstrike\n>p1 switch 2\n>p1 switch 3\n>p2 move boltstrike\n>p1 move focusblast\n>p2 move boltstrike\n>p1 switch 4\n>p1 move fakeout\n>p2 move substitute\n>p1 move knockoff\n>p2 move boltstrike\n>p1 switch 5\n>p1 move dragondance\n>p2 move outrage\n>p1 switch 3\n>p1 move surf\n>p2 move outrage\n>p1 move endeavor\n>p2 move boltstrike", "uploadtime": 1733898598, "views": 1, "formatid": "gen9randombattle", "rating": 2019, "private": 0, "password": null}