{"id": "gen9randombattle-2253529004", "format": "[Gen 9] Random Battle", "players": ["JuanAsh \u2605\u2605\u2605\u2605", "distant world star"], "log": "|j|\u2606JuanAsh \u2605\u2605\u2605\u2605\n|j|\u2606distant world star\n|t:|1732904580\n|gametype|singles\n|player|p1|JuanAsh \u2605\u2605\u2605\u2605|nemona-v|2297\n|player|p2|distant world star|101|2228\n|teamsize|p1|6\n|teamsize|p2|6\n|gen|9\n|tier|[Gen 9] Random Battle\n|rated|\n|rule|Species Clause: Limit one of each Pok\u00e9mon\n|rule|HP Percentage Mod: HP is shown in percentages\n|rule|Sleep Clause Mod: Limit one foe put to sleep\n|rule|Illusion Level Mod: Illusion disguises the Pok\u00e9mon's true level\n|\n|t:|1732904580\n|start\n|switch|p1a: Florges|Florges, L85, F|271/271\n|switch|p2a: Tinkaton|Tinkaton, L82, F|274/274\n|-ability|p2a: Tinkaton|Mold Breaker\n|turn|1\n|inactive|Battle timer is ON: inactive players will automatically lose when time's up. (requested by JuanAsh \u2605\u2605\u2605\u2605)\n|\n|t:|1732904588\n|switch|p1a: Dugtrio|Dugtrio-Alola, L84, M|196/196\n|move|p2a: Tinkaton|Knock Off|p1a: Dugtrio\n|-damage|p1a: Dugtrio|101/196\n|-ability|p1a: Dugtrio|Tangling Hair\n|-unboost|p2a: Tinkaton|spe|1\n|-enditem|p1a: Dugtrio|Life Orb|[from] move: Knock Off|[of] p2a: Tinkaton\n|-damage|p2a: Tinkaton|247/274|[from] item: Life Orb\n|\n|upkeep\n|turn|2\n|\n|t:|1732904594\n|switch|p2a: Slowbro|Slowbro, L85, F|300/300\n|move|p1a: Dugtrio|Stealth Rock|p2a: Slowbro\n|-sidestart|p2: distant world star|move: Stealth Rock\n|\n|upkeep\n|turn|3\n|\n|t:|1732904599\n|switch|p1a: Florges|Florges, L85, F|271/271\n|move|p2a: Slowbro|Future Sight|p1a: Florges\n|-start|p2a: Slowbro|move: Future Sight\n|\n|upkeep\n|turn|4\n|\n|t:|1732904604\n|switch|p2a: Tinkaton|Tinkaton, L82, F|247/274\n|-damage|p2a: Tinkaton|230/274|[from] Stealth Rock\n|-ability|p2a: Tinkaton|Mold Breaker\n|move|p1a: Florges|Moonblast|p2a: Tinkaton\n|-resisted|p2a: Tinkaton\n|-damage|p2a: Tinkaton|174/274\n|\n|upkeep\n|turn|5\n|j| Eduardoegay\n|\n|t:|1732904609\n|switch|p1a: Dugtrio|Dugtrio-Alola, L84, M|101/196\n|move|p2a: Tinkaton|Knock Off|p1a: Dugtrio\n|-damage|p1a: Dugtrio|43/196\n|-ability|p1a: Dugtrio|Tangling Hair\n|-unboost|p2a: Tinkaton|spe|1\n|-damage|p2a: Tinkaton|147/274|[from] item: Life Orb\n|\n|-end|p1a: Dugtrio|move: Future Sight\n|-resisted|p1a: Dugtrio\n|-damage|p1a: Dugtrio|0 fnt\n|faint|p1a: Dugtrio\n|upkeep\n|l| Eduardoegay\n|\n|t:|1732904620\n|switch|p1a: Iron Thorns|Iron Thorns, L83|302/302\n|turn|6\n|\n|t:|1732904627\n|switch|p2a: Illumise|Illumise, L91, F|266/266\n|move|p1a: Iron Thorns|Earthquake|p2a: Illumise\n|-resisted|p2a: Illumise\n|-damage|p2a: Illumise|220/266\n|\n|upkeep\n|turn|7\n|\n|t:|1732904634\n|-end|p1a: Iron Thorns|Quark Drive|[silent]\n|switch|p1a: Hariyama|Hariyama, L87, M|392/392\n|move|p2a: Illumise|Thunder Wave|p1a: Hariyama\n|-status|p1a: Hariyama|par\n|\n|upkeep\n|turn|8\n|\n|t:|1732904638\n|move|p2a: Illumise|Bug Buzz|p1a: Hariyama\n|-resisted|p1a: Hariyama\n|-damage|p1a: Hariyama|338/392 par\n|move|p1a: Hariyama|Facade|p2a: Illumise\n|-damage|p2a: Illumise|10/266\n|\n|upkeep\n|turn|9\n|\n|t:|1732904642\n|move|p2a: Illumise|Encore|p1a: Hariyama\n|-start|p1a: Hariyama|Encore\n|move|p1a: Hariyama|Facade|p2a: Illumise\n|-damage|p2a: Illumise|0 fnt\n|faint|p2a: Illumise\n|\n|upkeep\n|\n|t:|1732904645\n|switch|p2a: Tinkaton|Tinkaton, L82, F|147/274\n|-damage|p2a: Tinkaton|130/274|[from] Stealth Rock\n|-ability|p2a: Tinkaton|Mold Breaker\n|turn|10\n|\n|t:|1732904652\n|switch|p1a: Iron Thorns|Iron Thorns, L83|302/302\n|move|p2a: Tinkaton|Swords Dance|p2a: Tinkaton\n|-boost|p2a: Tinkaton|atk|2\n|\n|upkeep\n|turn|11\n|\n|t:|1732904665\n|-terastallize|p2a: Tinkaton|Steel\n|move|p1a: Iron Thorns|Earthquake|p2a: Tinkaton\n|-supereffective|p2a: Tinkaton\n|-damage|p2a: Tinkaton|0 fnt\n|faint|p2a: Tinkaton\n|\n|upkeep\n|\n|t:|1732904680\n|switch|p2a: Ogerpon|Ogerpon-Cornerstone, L76, F|247/247\n|-damage|p2a: Ogerpon|217/247|[from] Stealth Rock\n|turn|12\n|\n|t:|1732904691\n|move|p1a: Iron Thorns|Earthquake|p2a: Ogerpon\n|-damage|p2a: Ogerpon|121/247\n|move|p2a: Ogerpon|Swords Dance|p2a: Ogerpon\n|-boost|p2a: Ogerpon|atk|2\n|\n|upkeep\n|turn|13\n|\n|t:|1732904705\n|-terastallize|p1a: Iron Thorns|Flying\n|move|p1a: Iron Thorns|Earthquake|p2a: Ogerpon\n|-damage|p2a: Ogerpon|22/247\n|move|p2a: Ogerpon|Power Whip|p1a: Iron Thorns\n|-resisted|p1a: Iron Thorns\n|-damage|p1a: Iron Thorns|170/302\n|\n|upkeep\n|turn|14\n|\n|t:|1732904713\n|switch|p2a: Slowbro|Slowbro, L85, F|300/300\n|-damage|p2a: Slowbro|263/300|[from] Stealth Rock\n|move|p1a: Iron Thorns|Earthquake|p2a: Slowbro\n|-damage|p2a: Slowbro|182/300\n|\n|upkeep\n|turn|15\n|\n|t:|1732904720\n|-end|p1a: Iron Thorns|Quark Drive|[silent]\n|switch|p1a: Florges|Florges, L85, F|271/271\n|switch|p2a: Zamazenta|Zamazenta-Crowned, L68|238/238\n|-damage|p2a: Zamazenta|231/238|[from] Stealth Rock\n|-ability|p2a: Zamazenta|Dauntless Shield|boost\n|-boost|p2a: Zamazenta|def|1\n|\n|upkeep\n|turn|16\n|\n|t:|1732904731\n|move|p2a: Zamazenta|Iron Defense|p2a: Zamazenta\n|-boost|p2a: Zamazenta|def|2\n|move|p1a: Florges|Moonblast|p2a: Zamazenta\n|-damage|p2a: Zamazenta|128/238\n|\n|upkeep\n|turn|17\n|\n|t:|1732904734\n|move|p2a: Zamazenta|Heavy Slam|p1a: Florges\n|-supereffective|p1a: Florges\n|-damage|p1a: Florges|43/271\n|move|p1a: Florges|Moonblast|p2a: Zamazenta\n|-damage|p2a: Zamazenta|26/238\n|-unboost|p2a: Zamazenta|spa|1\n|\n|-heal|p1a: Florges|59/271|[from] item: Leftovers\n|upkeep\n|turn|18\n|\n|t:|1732904739\n|move|p2a: Zamazenta|Body Press|p1a: Florges\n|-resisted|p1a: Florges\n|-damage|p1a: Florges|0 fnt\n|faint|p1a: Florges\n|\n|upkeep\n|\n|t:|1732904741\n|switch|p1a: Cresselia|Cresselia, L80, F|323/323\n|turn|19\n|\n|t:|1732904746\n|switch|p2a: Moltres|Moltres-Galar, L79|271/271\n|-damage|p2a: Moltres|204/271|[from] Stealth Rock\n|move|p1a: Cresselia|Thunderbolt|p2a: Moltres\n|-supereffective|p2a: Moltres\n|-damage|p2a: Moltres|122/271\n|-ability|p2a: Moltres|Berserk|boost\n|-boost|p2a: Moltres|spa|1\n|\n|upkeep\n|turn|20\n|\n|t:|1732904766\n|switch|p1a: Hariyama|Hariyama, L87, M|338/392 par\n|move|p2a: Moltres|Rest|p2a: Moltres\n|-status|p2a: Moltres|slp|[from] move: Rest\n|-heal|p2a: Moltres|271/271 slp|[silent]\n|-enditem|p2a: Moltres|Chesto Berry|[eat]\n|-curestatus|p2a: Moltres|slp|[msg]\n|\n|upkeep\n|turn|21\n|\n|t:|1732904772\n|move|p2a: Moltres|Hurricane|p1a: Hariyama\n|-supereffective|p1a: Hariyama\n|-damage|p1a: Hariyama|0 fnt\n|faint|p1a: Hariyama\n|\n|upkeep\n|\n|t:|1732904775\n|switch|p1a: Cetitan|Cetitan, L82, F|413/413\n|turn|22\n|\n|t:|1732904782\n|move|p2a: Moltres|Hurricane|p1a: Cetitan|[miss]\n|-miss|p2a: Moltres|p1a: Cetitan\n|move|p1a: Cetitan|Icicle Crash|p2a: Moltres\n|-supereffective|p2a: Moltres\n|-damage|p2a: Moltres|0 fnt\n|faint|p2a: Moltres\n|\n|upkeep\n|\n|t:|1732904784\n|switch|p2a: Slowbro|Slowbro, L85, F|282/300\n|-damage|p2a: Slowbro|245/300|[from] Stealth Rock\n|turn|23\n|\n|t:|1732904789\n|switch|p1a: Cresselia|Cresselia, L80, F|323/323\n|move|p2a: Slowbro|Scald|p1a: Cresselia\n|-damage|p1a: Cresselia|253/323\n|\n|-heal|p1a: Cresselia|273/323|[from] item: Leftovers\n|upkeep\n|turn|24\n|\n|t:|1732904794\n|move|p1a: Cresselia|Calm Mind|p1a: Cresselia\n|-boost|p1a: Cresselia|spa|1\n|-boost|p1a: Cresselia|spd|1\n|move|p2a: Slowbro|Scald|p1a: Cresselia\n|-damage|p1a: Cresselia|224/323\n|\n|-heal|p1a: Cresselia|244/323|[from] item: Leftovers\n|upkeep\n|turn|25\n|-message|distant world star forfeited.\n|\n|win|JuanAsh \u2605\u2605\u2605\u2605\n|raw|JuanAsh \u2605\u2605\u2605\u2605's rating: 2297 &rarr; <strong>2313</strong><br />(+16 for winning)\n|raw|distant world star's rating: 2228 &rarr; <strong>2212</strong><br />(-16 for losing)\n|l|\u2606distant world star\n|player|p2|\n", "inputlog": ">version b107d77f5c90bd6555267ae244a6264823309ead\n>start {\"formatid\":\"gen9randombattle\",\"seed\":[52765,43905,22512,26349],\"rated\":\"Rated battle\"}\n>player p1 {\"name\":\"JuanAsh \u2605\u2605\u2605\u2605\",\"avatar\":\"nemona-v\",\"rating\":2297,\"seed\":[10136,42929,16870,41751]}\n>player p2 {\"name\":\"distant world star\",\"avatar\":\"101\",\"rating\":2228,\"seed\":[46558,26732,44965,64322]}\n>p1 switch 2\n>p2 move knockoff\n>p1 move stealthrock\n>p2 switch 3\n>p1 switch 2\n>p2 move futuresight\n>p1 move moonblast\n>p2 switch 3\n>p1 switch 2\n>p2 move knockoff\n>p1 switch 6\n>p1 move earthquake\n>p2 switch 6\n>p1 switch 5\n>p2 move thunderwave\n>p1 move facade\n>p2 move bugbuzz\n>p1 move knockoff\n>p2 move encore\n>p2 switch 6\n>p1 switch 5\n>p2 move swordsdance\n>p1 move earthquake\n>p2 move gigatonhammer terastallize\n>p2 switch 5\n>p1 move earthquake\n>p2 move swordsdance\n>p1 move earthquake terastallize\n>p2 move powerwhip\n>p1 move earthquake\n>p2 switch 3\n>p1 switch 2\n>p2 switch 2\n>p1 move moonblast\n>p2 move irondefense\n>p1 move moonblast\n>p2 move heavyslam\n>p1 move moonblast\n>p2 move bodypress\n>p1 switch 4\n>p1 move thunderbolt\n>p2 switch 4\n>p1 switch 5\n>p2 move rest\n>p1 move closecombat\n>p2 move hurricane\n>p1 switch 3\n>p1 move iciclecrash\n>p2 move hurricane\n>p2 switch 2\n>p1 switch 5\n>p2 move scald\n>p1 move calmmind\n>p2 move scald\n>forcelose p2", "uploadtime": 1732904806, "views": 12, "formatid": "gen9randombattle", "rating": 2212, "private": 0, "password": null}