{"id": "gen9randombattle-2260873109", "format": "[Gen 9] Random Battle", "players": ["capzap", "gcshvzrhc"], "log": "|j|\u2606capzap\n|j|\u2606gcshvzrhc\n|t:|1733908457\n|gametype|singles\n|player|p1|capzap|giovanni|1000\n|player|p2|gcshvzrhc|266|1000\n|teamsize|p1|6\n|teamsize|p2|6\n|gen|9\n|tier|[Gen 9] Random Battle\n|rated|\n|rule|Species Clause: Limit one of each Pok\u00e9mon\n|rule|HP Percentage Mod: HP is shown in percentages\n|rule|Sleep Clause Mod: Limit one foe put to sleep\n|rule|Illusion Level Mod: Illusion disguises the Pok\u00e9mon's true level\n|\n|t:|1733908457\n|start\n|switch|p1a: Grafaiai|Grafaiai, L86, M|249/249\n|switch|p2a: Mimikyu|Mimikyu, L79, M|216/216\n|turn|1\n|inactive|Battle timer is ON: inactive players will automatically lose when time's up. (requested by capzap)\n|\n|t:|1733908477\n|-terastallize|p2a: Mimikyu|Fighting\n|move|p1a: Grafaiai|Parting Shot|p2a: Mimikyu\n|-unboost|p2a: Mimikyu|atk|1\n|-unboost|p2a: Mimikyu|spa|1\n|\n|t:|1733908500\n|switch|p1a: Slither Wing|Slither Wing, L81|270/270|[from] Parting Shot\n|move|p2a: Mimikyu|Swords Dance|p2a: Mimikyu\n|-boost|p2a: Mimikyu|atk|2\n|\n|upkeep\n|turn|2\n|\n|t:|1733908521\n|move|p2a: Mimikyu|Swords Dance|p2a: Mimikyu\n|-boost|p2a: Mimikyu|atk|2\n|move|p1a: Slither Wing|Close Combat|p2a: Mimikyu\n|-activate|p2a: Mimikyu|ability: Disguise\n|-damage|p2a: Mimikyu|216/216\n|-unboost|p1a: Slither Wing|def|1\n|-unboost|p1a: Slither Wing|spd|1\n|detailschange|p2a: Mimikyu|Mimikyu-Busted, L79, M, tera:Fighting\n|-damage|p2a: Mimikyu|189/216|[from] pokemon: Mimikyu-Busted\n|\n|upkeep\n|turn|3\n|\n|t:|1733908535\n|move|p2a: Mimikyu|Drain Punch|p1a: Slither Wing\n|-resisted|p1a: Slither Wing\n|-damage|p1a: Slither Wing|91/270\n|-heal|p2a: Mimikyu|216/216|[from] drain|[of] p1a: Slither Wing\n|-damage|p2a: Mimikyu|195/216|[from] item: Life Orb\n|move|p1a: Slither Wing|Close Combat|p2a: Mimikyu\n|-damage|p2a: Mimikyu|26/216\n|-unboost|p1a: Slither Wing|def|1\n|-unboost|p1a: Slither Wing|spd|1\n|\n|upkeep\n|turn|4\n|\n|t:|1733908549\n|move|p2a: Mimikyu|Drain Punch|p1a: Slither Wing\n|-resisted|p1a: Slither Wing\n|-damage|p1a: Slither Wing|0 fnt\n|-heal|p2a: Mimikyu|72/216|[from] drain|[of] p1a: Slither Wing\n|faint|p1a: Slither Wing\n|-end|p1a: Slither Wing|Protosynthesis|[silent]\n|-damage|p2a: Mimikyu|51/216|[from] item: Life Orb\n|\n|upkeep\n|\n|t:|1733908559\n|switch|p1a: Scream Tail|Scream Tail, L84|330/330\n|turn|5\n|\n|t:|1733908570\n|move|p2a: Mimikyu|Shadow Sneak|p1a: Scream Tail\n|-supereffective|p1a: Scream Tail\n|-damage|p1a: Scream Tail|119/330\n|-damage|p2a: Mimikyu|30/216|[from] item: Life Orb\n|move|p1a: Scream Tail|Play Rough|p2a: Mimikyu\n|-supereffective|p2a: Mimikyu\n|-damage|p2a: Mimikyu|0 fnt\n|faint|p2a: Mimikyu\n|\n|-heal|p1a: Scream Tail|139/330|[from] item: Leftovers\n|upkeep\n|inactive|gcshvzrhc has 120 seconds left.\n|\n|t:|1733908607\n|switch|p2a: Seviper|Seviper, L93, F|287/287\n|turn|6\n|\n|t:|1733908621\n|move|p1a: Scream Tail|Thunder Wave|p2a: Seviper\n|-status|p2a: Seviper|par\n|cant|p2a: Seviper|par\n|\n|-heal|p1a: Scream Tail|159/330|[from] item: Leftovers\n|upkeep\n|turn|7\n|inactive|gcshvzrhc has 120 seconds left.\n|\n|t:|1733908632\n|move|p1a: Scream Tail|Protect|p1a: Scream Tail\n|-singleturn|p1a: Scream Tail|Protect\n|move|p2a: Seviper|Gunk Shot|p1a: Scream Tail\n|-activate|p1a: Scream Tail|move: Protect\n|\n|-heal|p1a: Scream Tail|179/330|[from] item: Leftovers\n|upkeep\n|turn|8\n|inactive|gcshvzrhc has 120 seconds left.\n|\n|t:|1733908641\n|move|p1a: Scream Tail|Wish|p1a: Scream Tail\n|move|p2a: Seviper|Gunk Shot|p1a: Scream Tail\n|-supereffective|p1a: Scream Tail\n|-damage|p1a: Scream Tail|0 fnt\n|faint|p1a: Scream Tail\n|-end|p1a: Scream Tail|Protosynthesis|[silent]\n|\n|upkeep\n|inactive|capzap has 120 seconds left.\n|\n|t:|1733908678\n|switch|p1a: Registeel|Registeel, L81|262/262\n|turn|9\n|inactive|gcshvzrhc has 120 seconds left.\n|\n|t:|1733908695\n|move|p1a: Registeel|Iron Defense|p1a: Registeel\n|-boost|p1a: Registeel|def|2\n|move|p2a: Seviper|Earthquake|p1a: Registeel\n|-supereffective|p1a: Registeel\n|-damage|p1a: Registeel|194/262\n|\n|-heal|p1a: Registeel|262/262|[from] move: Wish|[wisher] Scream Tail\n|upkeep\n|turn|10\n|inactive|gcshvzrhc has 120 seconds left.\n|\n|t:|1733908707\n|move|p1a: Registeel|Iron Head|p2a: Seviper\n|-damage|p2a: Seviper|202/287 par\n|move|p2a: Seviper|Swords Dance|p2a: Seviper\n|-boost|p2a: Seviper|atk|2\n|\n|-heal|p2a: Seviper|219/287 par|[from] item: Leftovers\n|upkeep\n|turn|11\n|\n|t:|1733908717\n|move|p1a: Registeel|Iron Head|p2a: Seviper\n|-damage|p2a: Seviper|146/287 par\n|move|p2a: Seviper|Swords Dance|p2a: Seviper\n|-boost|p2a: Seviper|atk|2\n|\n|-heal|p2a: Seviper|163/287 par|[from] item: Leftovers\n|upkeep\n|turn|12\n|\n|t:|1733908726\n|move|p1a: Registeel|Iron Head|p2a: Seviper\n|-damage|p2a: Seviper|81/287 par\n|move|p2a: Seviper|Earthquake|p1a: Registeel\n|-supereffective|p1a: Registeel\n|-damage|p1a: Registeel|72/262\n|\n|-heal|p2a: Seviper|98/287 par|[from] item: Leftovers\n|upkeep\n|turn|13\n|\n|t:|1733908735\n|move|p1a: Registeel|Iron Head|p2a: Seviper\n|-damage|p2a: Seviper|25/287 par\n|move|p2a: Seviper|Earthquake|p1a: Registeel\n|-supereffective|p1a: Registeel\n|-crit|p1a: Registeel\n|-damage|p1a: Registeel|0 fnt\n|faint|p1a: Registeel\n|\n|-heal|p2a: Seviper|42/287 par|[from] item: Leftovers\n|upkeep\n|l|\u2606capzap\n|inactive|capzap disconnected and has a minute to reconnect!\n|player|p1|\n|inactive|capzap has 30 seconds to reconnect!\n|inactive|capzap has 20 seconds to reconnect!\n|inactive|capzap has 15 seconds to reconnect!\n|inactive|capzap has 10 seconds to reconnect!\n|inactive|capzap has 5 seconds to reconnect!\n|-message|capzap lost due to inactivity.\n|\n|win|gcshvzrhc\n|raw|capzap's rating: 1000 &rarr; <strong>1000</strong><br />(+0 for losing)\n|raw|gcshvzrhc's rating: 1000 &rarr; <strong>1040</strong><br />(+40 for winning)\n", "inputlog": ">version bfd83cad13791eb5a5a409923076391caf6fb4d4\n>start {\"formatid\":\"gen9randombattle\",\"seed\":[61836,28785,6408,51473],\"rated\":\"Rated battle\"}\n>player p1 {\"name\":\"capzap\",\"avatar\":\"giovanni\",\"rating\":1000,\"seed\":[60740,36908,4400,21196]}\n>player p2 {\"name\":\"gcshvzrhc\",\"avatar\":\"266\",\"rating\":1000,\"seed\":[16665,59632,63408,28379]}\n>p1 move partingshot\n>p2 move swordsdance terastallize\n>p1 switch 5\n>p1 move closecombat\n>p2 move swordsdance\n>p1 move closecombat\n>p2 move drainpunch\n>p1 move closecombat\n>p2 move drainpunch\n>p1 switch 4\n>p1 move playrough\n>p2 move shadowsneak\n>p2 switch 2\n>p1 move thunderwave\n>p2 move gunkshot\n>p1 move protect\n>p2 move gunkshot\n>p1 move wish\n>p2 move gunkshot\n>p1 switch 3\n>p1 move irondefense\n>p2 move earthquake\n>p1 move ironhead\n>p2 move swordsdance\n>p1 move ironhead\n>p2 move swordsdance\n>p1 move ironhead\n>p2 move earthquake\n>p1 move ironhead\n>p2 move earthquake\n>forcelose p1", "uploadtime": 1733908804, "views": 20, "formatid": "gen9randombattle", "rating": 1000, "private": 0, "password": null}