{"id": "gen9randombattle-2260331758", "format": "[Gen 9] Random Battle", "players": ["test x343", "Upaupauuu"], "log": "|j|\u2606test x343\n|j|\u2606Upaupauuu\n|t:|1733840829\n|gametype|singles\n|player|p1|test x343|lucian|1760\n|player|p2|Upaupauuu|1|1731\n|teamsize|p1|6\n|teamsize|p2|6\n|gen|9\n|tier|[Gen 9] Random Battle\n|rated|\n|rule|Species Clause: Limit one of each Pok\u00e9mon\n|rule|HP Percentage Mod: HP is shown in percentages\n|rule|Sleep Clause Mod: Limit one foe put to sleep\n|rule|Illusion Level Mod: Illusion disguises the Pok\u00e9mon's true level\n|\n|t:|1733840829\n|start\n|switch|p1a: Noctowl|Noctowl, L95, M|344/344\n|switch|p2a: Arceus|Arceus-Poison, L70|284/284\n|turn|1\n|inactive|Battle timer is ON: inactive players will automatically lose when time's up. (requested by Upaupauuu)\n|inactive|Upaupauuu has 120 seconds left.\n|\n|t:|1733840865\n|switch|p2a: Regice|Regice, L88|284/284\n|move|p1a: Noctowl|Calm Mind|p1a: Noctowl\n|-boost|p1a: Noctowl|spa|1\n|-boost|p1a: Noctowl|spd|1\n|\n|upkeep\n|turn|2\n|\n|t:|1733840872\n|-terastallize|p1a: Noctowl|Steel\n|move|p1a: Noctowl|Calm Mind|p1a: Noctowl\n|-boost|p1a: Noctowl|spa|1\n|-boost|p1a: Noctowl|spd|1\n|move|p2a: Regice|Ice Beam|p1a: Noctowl\n|-resisted|p1a: Noctowl\n|-damage|p1a: Noctowl|320/344\n|\n|upkeep\n|turn|3\n|\n|t:|1733840896\n|switch|p2a: Arceus|Arceus-Poison, L70|284/284\n|move|p1a: Noctowl|Hurricane|p2a: Arceus\n|-damage|p2a: Arceus|20/284\n|\n|upkeep\n|turn|4\n|\n|t:|1733840903\n|move|p2a: Arceus|Earthquake|p1a: Noctowl\n|-supereffective|p1a: Noctowl\n|-damage|p1a: Noctowl|168/344\n|move|p1a: Noctowl|Hyper Voice|p2a: Arceus\n|-damage|p2a: Arceus|0 fnt\n|faint|p2a: Arceus\n|\n|upkeep\n|\n|t:|1733840921\n|switch|p2a: Necrozma|Necrozma, L80|286/286\n|turn|5\n|\n|t:|1733840926\n|move|p1a: Noctowl|Roost|p1a: Noctowl\n|-heal|p1a: Noctowl|340/344\n|move|p2a: Necrozma|Dragon Dance|p2a: Necrozma\n|-boost|p2a: Necrozma|atk|1\n|-boost|p2a: Necrozma|spe|1\n|\n|upkeep\n|turn|6\n|\n|t:|1733840936\n|move|p2a: Necrozma|Earthquake|p1a: Noctowl\n|-supereffective|p1a: Noctowl\n|-damage|p1a: Noctowl|10/344\n|-damage|p2a: Necrozma|258/286|[from] item: Life Orb\n|move|p1a: Noctowl|Hurricane|p2a: Necrozma|[miss]\n|-miss|p1a: Noctowl|p2a: Necrozma\n|\n|upkeep\n|turn|7\n|\n|t:|1733840945\n|switch|p1a: Tropius|Tropius, L91, M|328/328\n|move|p2a: Necrozma|Earthquake|p1a: Tropius\n|-immune|p1a: Tropius\n|\n|upkeep\n|turn|8\n|\n|t:|1733840949\n|move|p2a: Necrozma|Knock Off|p1a: Tropius\n|-damage|p1a: Tropius|189/328\n|-enditem|p1a: Tropius|Sitrus Berry|[from] move: Knock Off|[of] p2a: Necrozma\n|-damage|p2a: Necrozma|230/286|[from] item: Life Orb\n|move|p1a: Tropius|Leech Seed|p2a: Necrozma\n|-start|p2a: Necrozma|move: Leech Seed\n|\n|-damage|p2a: Necrozma|195/286|[from] Leech Seed|[of] p1a: Tropius\n|-heal|p1a: Tropius|224/328|[silent]\n|upkeep\n|turn|9\n|\n|t:|1733840967\n|switch|p2a: Sunflora|Sunflora, F|312/312\n|move|p1a: Tropius|Substitute|p1a: Tropius\n|-start|p1a: Tropius|Substitute\n|-damage|p1a: Tropius|142/328\n|\n|upkeep\n|turn|10\n|\n|t:|1733840972\n|move|p1a: Tropius|Air Slash|p2a: Sunflora\n|-supereffective|p2a: Sunflora\n|-damage|p2a: Sunflora|190/312\n|move|p2a: Sunflora|Sludge Bomb|p1a: Tropius\n|-supereffective|p1a: Tropius\n|-end|p1a: Tropius|Substitute\n|\n|upkeep\n|turn|11\n|\n|t:|1733840982\n|switch|p1a: Camerupt|Camerupt, L91, M|275/275\n|move|p2a: Sunflora|Sludge Bomb|p1a: Camerupt\n|-resisted|p1a: Camerupt\n|-crit|p1a: Camerupt\n|-damage|p1a: Camerupt|155/275\n|\n|-heal|p1a: Camerupt|172/275|[from] item: Leftovers\n|upkeep\n|turn|12\n|\n|t:|1733840993\n|switch|p2a: Appletun|Appletun, L92, F|352/352\n|move|p1a: Camerupt|Stealth Rock|p2a: Appletun\n|-sidestart|p2: Upaupauuu|move: Stealth Rock\n|\n|-heal|p1a: Camerupt|189/275|[from] item: Leftovers\n|upkeep\n|turn|13\n|\n|t:|1733841005\n|move|p1a: Camerupt|Will-O-Wisp|p2a: Appletun\n|-status|p2a: Appletun|brn\n|move|p2a: Appletun|Apple Acid|p1a: Camerupt\n|-damage|p1a: Camerupt|89/275\n|-unboost|p1a: Camerupt|spd|1\n|\n|-heal|p1a: Camerupt|106/275|[from] item: Leftovers\n|-damage|p2a: Appletun|330/352 brn|[from] brn\n|upkeep\n|turn|14\n|\n|t:|1733841014\n|switch|p1a: Tropius|Tropius, L91, M|142/328\n|move|p2a: Appletun|Apple Acid|p1a: Tropius\n|-resisted|p1a: Tropius\n|-damage|p1a: Tropius|120/328\n|-unboost|p1a: Tropius|spd|1\n|\n|-heal|p2a: Appletun|352/352 brn|[from] item: Leftovers\n|-damage|p2a: Appletun|330/352 brn|[from] brn\n|upkeep\n|turn|15\n|\n|t:|1733841043\n|move|p1a: Tropius|Substitute|p1a: Tropius\n|-start|p1a: Tropius|Substitute\n|-damage|p1a: Tropius|38/328\n|move|p2a: Appletun|Draco Meteor|p1a: Tropius\n|-end|p1a: Tropius|Substitute\n|-unboost|p2a: Appletun|spa|2\n|\n|-heal|p2a: Appletun|352/352 brn|[from] item: Leftovers\n|-damage|p2a: Appletun|330/352 brn|[from] brn\n|upkeep\n|turn|16\n|\n|t:|1733841056\n|switch|p1a: Camerupt|Camerupt, L91, M|106/275\n|move|p2a: Appletun|Draco Meteor|p1a: Camerupt\n|-damage|p1a: Camerupt|18/275\n|-unboost|p2a: Appletun|spa|2\n|\n|-heal|p1a: Camerupt|35/275|[from] item: Leftovers\n|-heal|p2a: Appletun|352/352 brn|[from] item: Leftovers\n|-damage|p2a: Appletun|330/352 brn|[from] brn\n|upkeep\n|turn|17\n|\n|t:|1733841071\n|switch|p2a: Sunflora|Sunflora, F|190/312\n|-damage|p2a: Sunflora|151/312|[from] Stealth Rock\n|move|p1a: Camerupt|Overheat|p2a: Sunflora\n|-supereffective|p2a: Sunflora\n|-damage|p2a: Sunflora|0 fnt\n|-unboost|p1a: Camerupt|spa|2\n|faint|p2a: Sunflora\n|\n|-heal|p1a: Camerupt|52/275|[from] item: Leftovers\n|upkeep\n|inactive|Upaupauuu has 120 seconds left.\n|\n|t:|1733841101\n|switch|p2a: Regice|Regice, L88|284/284\n|turn|18\n|\n|t:|1733841116\n|move|p2a: Regice|Ice Beam|p1a: Camerupt\n|-damage|p1a: Camerupt|0 fnt\n|faint|p1a: Camerupt\n|\n|upkeep\n|\n|t:|1733841119\n|switch|p1a: Volcarona|Volcarona, L77, M|257/257\n|turn|19\n|inactive|Upaupauuu has 120 seconds left.\n|\n|t:|1733841141\n|-terastallize|p2a: Regice|Electric\n|move|p1a: Volcarona|Quiver Dance|p1a: Volcarona\n|-boost|p1a: Volcarona|spa|1\n|-boost|p1a: Volcarona|spd|1\n|-boost|p1a: Volcarona|spe|1\n|move|p2a: Regice|Thunderbolt|p1a: Volcarona\n|-damage|p1a: Volcarona|193/257\n|\n|upkeep\n|turn|20\n|\n|t:|1733841152\n|move|p1a: Volcarona|Quiver Dance|p1a: Volcarona\n|-boost|p1a: Volcarona|spa|1\n|-boost|p1a: Volcarona|spd|1\n|-boost|p1a: Volcarona|spe|1\n|move|p2a: Regice|Thunderbolt|p1a: Volcarona\n|-damage|p1a: Volcarona|136/257\n|\n|upkeep\n|turn|21\n|\n|t:|1733841155\n|move|p1a: Volcarona|Fire Blast|p2a: Regice\n|-damage|p2a: Regice|163/284\n|move|p2a: Regice|Thunderbolt|p1a: Volcarona\n|-damage|p1a: Volcarona|82/257\n|\n|upkeep\n|turn|22\n|inactive|Upaupauuu has 120 seconds left.\n|\n|t:|1733841171\n|move|p1a: Volcarona|Bug Buzz|p2a: Regice\n|-damage|p2a: Regice|66/284\n|move|p2a: Regice|Rest|p2a: Regice\n|-status|p2a: Regice|slp|[from] move: Rest\n|-heal|p2a: Regice|284/284 slp|[silent]\n|\n|upkeep\n|turn|23\n|\n|t:|1733841182\n|move|p1a: Volcarona|Bug Buzz|p2a: Regice\n|-damage|p2a: Regice|178/284 slp\n|cant|p2a: Regice|slp\n|move|p2a: Regice|Sleep Talk|p2a: Regice\n|move|p2a: Regice|Ice Beam|p1a: Volcarona|[from]move: Sleep Talk\n|-resisted|p1a: Volcarona\n|-damage|p1a: Volcarona|56/257\n|\n|upkeep\n|turn|24\n|\n|t:|1733841194\n|move|p1a: Volcarona|Quiver Dance|p1a: Volcarona\n|-boost|p1a: Volcarona|spa|1\n|-boost|p1a: Volcarona|spd|1\n|-boost|p1a: Volcarona|spe|1\n|cant|p2a: Regice|slp\n|move|p2a: Regice|Sleep Talk|p2a: Regice\n|move|p2a: Regice|Ice Beam|p1a: Volcarona|[from]move: Sleep Talk\n|-resisted|p1a: Volcarona\n|-damage|p1a: Volcarona|35/257\n|\n|upkeep\n|turn|25\n|\n|t:|1733841206\n|move|p1a: Volcarona|Quiver Dance|p1a: Volcarona\n|-boost|p1a: Volcarona|spa|1\n|-boost|p1a: Volcarona|spd|1\n|-boost|p1a: Volcarona|spe|1\n|-curestatus|p2a: Regice|slp|[msg]\n|move|p2a: Regice|Thunderbolt|p1a: Volcarona\n|-damage|p1a: Volcarona|0 fnt\n|faint|p1a: Volcarona\n|\n|upkeep\n|\n|t:|1733841214\n|switch|p1a: Haxorus|Haxorus, L77, M|244/244\n|-ability|p1a: Haxorus|Mold Breaker\n|turn|26\n|\n|t:|1733841221\n|move|p1a: Haxorus|Dragon Dance|p1a: Haxorus\n|-boost|p1a: Haxorus|atk|1\n|-boost|p1a: Haxorus|spe|1\n|move|p2a: Regice|Ice Beam|p1a: Haxorus\n|-supereffective|p1a: Haxorus\n|-damage|p1a: Haxorus|0 fnt\n|faint|p1a: Haxorus\n|\n|upkeep\n|\n|t:|1733841232\n|switch|p1a: Falinks|Falinks, L84|246/246\n|turn|27\n|\n|t:|1733841245\n|switch|p2a: Appletun|Appletun, L92, F|330/352 brn\n|-damage|p2a: Appletun|286/352 brn|[from] Stealth Rock\n|move|p1a: Falinks|No Retreat|p1a: Falinks\n|-boost|p1a: Falinks|atk|1\n|-boost|p1a: Falinks|def|1\n|-boost|p1a: Falinks|spa|1\n|-boost|p1a: Falinks|spd|1\n|-boost|p1a: Falinks|spe|1\n|-start|p1a: Falinks|move: No Retreat\n|\n|-heal|p2a: Appletun|308/352 brn|[from] item: Leftovers\n|-damage|p2a: Appletun|286/352 brn|[from] brn\n|upkeep\n|turn|28\n|\n|t:|1733841255\n|move|p1a: Falinks|Knock Off|p2a: Appletun\n|-damage|p2a: Appletun|163/352 brn\n|-enditem|p2a: Appletun|Leftovers|[from] move: Knock Off|[of] p1a: Falinks\n|-damage|p1a: Falinks|222/246|[from] item: Life Orb\n|move|p2a: Appletun|Leech Seed|p1a: Falinks\n|-start|p1a: Falinks|move: Leech Seed\n|\n|-damage|p1a: Falinks|192/246|[from] Leech Seed|[of] p2a: Appletun\n|-heal|p2a: Appletun|193/352 brn|[silent]\n|-damage|p2a: Appletun|171/352 brn|[from] brn\n|upkeep\n|turn|29\n|\n|t:|1733841262\n|move|p1a: Falinks|Close Combat|p2a: Appletun\n|-damage|p2a: Appletun|0 fnt\n|-unboost|p1a: Falinks|def|1\n|-unboost|p1a: Falinks|spd|1\n|faint|p2a: Appletun\n|-damage|p1a: Falinks|168/246|[from] item: Life Orb\n|\n|upkeep\n|inactive|Upaupauuu has 120 seconds left.\n|\n|t:|1733841322\n|switch|p2a: Regice|Regice, L88, tera:Electric|178/284\n|turn|30\n|\n|t:|1733841336\n|move|p1a: Falinks|Close Combat|p2a: Regice\n|-damage|p2a: Regice|0 fnt\n|-unboost|p1a: Falinks|def|1\n|-unboost|p1a: Falinks|spd|1\n|faint|p2a: Regice\n|-damage|p1a: Falinks|144/246|[from] item: Life Orb\n|\n|upkeep\n|inactive|Upaupauuu has 90 seconds left.\n|\n|t:|1733841359\n|switch|p2a: Frosmoth|Frosmoth, L82, M|249/249\n|turn|31\n|inactive|Upaupauuu has 90 seconds left.\n|\n|t:|1733841371\n|move|p1a: Falinks|Iron Head|p2a: Frosmoth\n|-supereffective|p2a: Frosmoth\n|-damage|p2a: Frosmoth|0 fnt\n|faint|p2a: Frosmoth\n|-damage|p1a: Falinks|120/246|[from] item: Life Orb\n|\n|upkeep\n|\n|t:|1733841374\n|switch|p2a: Necrozma|Necrozma, L80|195/286\n|-damage|p2a: Necrozma|160/286|[from] Stealth Rock\n|turn|32\n|\n|t:|1733841379\n|move|p1a: Falinks|Knock Off|p2a: Necrozma\n|-supereffective|p2a: Necrozma\n|-damage|p2a: Necrozma|0 fnt\n|-enditem|p2a: Necrozma|Life Orb|[from] move: Knock Off|[of] p1a: Falinks\n|faint|p2a: Necrozma\n|-damage|p1a: Falinks|96/246|[from] item: Life Orb\n|\n|win|test x343\n|raw|test x343's rating: 1760 &rarr; <strong>1778</strong><br />(+18 for winning)\n|raw|Upaupauuu's rating: 1731 &rarr; <strong>1713</strong><br />(-18 for losing)\n|l|\u2606Upaupauuu\n|player|p2|\n", "inputlog": ">version bfd83cad13791eb5a5a409923076391caf6fb4d4\n>start {\"formatid\":\"gen9randombattle\",\"seed\":[56104,31613,26924,1616],\"rated\":\"Rated battle\"}\n>player p1 {\"name\":\"test x343\",\"avatar\":\"lucian\",\"rating\":1760,\"seed\":[6628,1910,47545,28370]}\n>player p2 {\"name\":\"Upaupauuu\",\"avatar\":\"1\",\"rating\":1731,\"seed\":[50437,5206,14022,63460]}\n>p1 move calmmind\n>p2 switch 2\n>p1 move calmmind terastallize\n>p2 move icebeam\n>p1 move hurricane\n>p2 switch 2\n>p1 move hypervoice\n>p2 move earthquake\n>p2 switch 6\n>p1 move roost\n>p2 move dragondance\n>p1 move hurricane\n>p2 move earthquake\n>p1 switch 2\n>p2 move earthquake\n>p1 move leechseed\n>p2 move knockoff\n>p1 move substitute\n>p2 switch 5\n>p1 move airslash\n>p2 move sludgebomb\n>p1 switch 3\n>p2 move sludgebomb\n>p1 move stealthrock\n>p2 switch 4\n>p1 move willowisp\n>p2 move appleacid\n>p1 switch 3\n>p2 move appleacid\n>p1 move substitute\n>p2 move dracometeor\n>p1 switch 3\n>p2 move dracometeor\n>p1 move overheat\n>p2 switch 4\n>p2 switch 2\n>p1 move overheat\n>p2 move icebeam\n>p1 switch 4\n>p1 move quiverdance\n>p2 move thunderbolt terastallize\n>p1 move quiverdance\n>p2 move thunderbolt\n>p1 move fireblast\n>p2 move thunderbolt\n>p1 move bugbuzz\n>p2 move rest\n>p1 move bugbuzz\n>p2 move sleeptalk\n>p1 move quiverdance\n>p2 move sleeptalk\n>p1 move quiverdance\n>p2 move thunderbolt\n>p1 switch 6\n>p1 move dragondance\n>p2 move icebeam\n>p1 switch 5\n>p1 move noretreat\n>p2 switch 4\n>p1 move knockoff\n>p2 move leechseed\n>p1 move closecombat\n>p2 move recover\n>p2 switch 4\n>p1 move closecombat\n>p2 move rest\n>p2 switch 3\n>p1 move ironhead\n>p2 move icebeam\n>p2 switch 5\n>p1 move knockoff\n>p2 move photongeyser", "uploadtime": 1733841386, "views": 2, "formatid": "gen9randombattle", "rating": 1713, "private": 0, "password": null}