{"id": "gen9randombattle-2260547160", "format": "[Gen 9] Random Battle", "players": ["Lord Scrungo 5127", "An Odd Guy"], "log": "|j|\u2606Lord Scrungo 5127\n|j|\u2606An Odd Guy\n|t:|1733862266\n|gametype|singles\n|player|p1|Lord Scrungo 5127|brycenman|\n|player|p2|An Odd Guy|giovanni|\n|teamsize|p1|6\n|teamsize|p2|6\n|gen|9\n|tier|[Gen 9] Random Battle\n|rule|Species Clause: Limit one of each Pok\u00e9mon\n|rule|HP Percentage Mod: HP is shown in percentages\n|rule|Sleep Clause Mod: Limit one foe put to sleep\n|rule|Illusion Level Mod: Illusion disguises the Pok\u00e9mon's true level\n|\n|t:|1733862266\n|start\n|switch|p1a: Sceptile|Sceptile, L87, F|264/264\n|switch|p2a: Froslass|Froslass, L87, F|263/263\n|turn|1\n|\n|t:|1733862277\n|move|p1a: Sceptile|Rock Slide|p2a: Froslass\n|-supereffective|p2a: Froslass\n|-damage|p2a: Froslass|99/263\n|-start|p1a: Sceptile|Disable|Rock Slide|[from] ability: Cursed Body|[of] p2a: Froslass\n|-damage|p1a: Sceptile|238/264|[from] item: Life Orb\n|cant|p2a: Froslass|flinch\n|\n|upkeep\n|turn|2\n|\n|t:|1733862288\n|move|p1a: Sceptile|Leaf Blade|p2a: Froslass\n|-damage|p2a: Froslass|0 fnt\n|faint|p2a: Froslass\n|-damage|p1a: Sceptile|212/264|[from] item: Life Orb\n|\n|upkeep\n|j| Rajesh47\n|\n|t:|1733862304\n|switch|p2a: Cacturne|Cacturne, L92, F|278/278\n|turn|3\n|\n|t:|1733862310\n|move|p1a: Sceptile|Swords Dance|p1a: Sceptile\n|-boost|p1a: Sceptile|atk|2\n|move|p2a: Cacturne|Swords Dance|p2a: Cacturne\n|-boost|p2a: Cacturne|atk|2\n|\n|upkeep\n|turn|4\n|\n|t:|1733862322\n|move|p1a: Sceptile|Earthquake|p2a: Cacturne\n|-resisted|p2a: Cacturne\n|-damage|p2a: Cacturne|164/278\n|-damage|p1a: Sceptile|186/264|[from] item: Life Orb\n|move|p2a: Cacturne|Drain Punch|p1a: Sceptile\n|-damage|p1a: Sceptile|0 fnt\n|-heal|p2a: Cacturne|257/278|[from] drain|[of] p1a: Sceptile\n|faint|p1a: Sceptile\n|-damage|p2a: Cacturne|230/278|[from] item: Life Orb\n|\n|upkeep\n|\n|t:|1733862345\n|switch|p1a: Granbull|Granbull, L88, M|302/302\n|-ability|p1a: Granbull|Intimidate|boost\n|-unboost|p2a: Cacturne|atk|1\n|turn|5\n|\n|t:|1733862354\n|move|p2a: Cacturne|Seed Bomb|p1a: Granbull\n|-damage|p1a: Granbull|68/302\n|-damage|p2a: Cacturne|203/278|[from] item: Life Orb\n|move|p1a: Granbull|Roar|p2a: Cacturne\n|drag|p2a: Dipplin|Dipplin, L88, F|284/284\n|\n|-heal|p1a: Granbull|86/302|[from] item: Leftovers\n|upkeep\n|turn|6\n|\n|t:|1733862373\n|move|p1a: Granbull|Play Rough|p2a: Dipplin\n|-supereffective|p2a: Dipplin\n|-damage|p2a: Dipplin|152/284\n|move|p2a: Dipplin|Giga Drain|p1a: Granbull\n|-damage|p1a: Granbull|0 fnt\n|-heal|p2a: Dipplin|195/284|[from] drain|[of] p1a: Granbull\n|faint|p1a: Granbull\n|\n|upkeep\n|\n|t:|1733862390\n|switch|p1a: Solgaleo|Solgaleo, L74|325/325\n|turn|7\n|\n|t:|1733862397\n|switch|p2a: Cacturne|Cacturne, L92, F|203/278\n|move|p1a: Solgaleo|Sunsteel Strike|p2a: Cacturne\n|-damage|p2a: Cacturne|79/278\n|\n|upkeep\n|turn|8\n|\n|t:|1733862418\n|move|p2a: Cacturne|Sucker Punch|p1a: Solgaleo\n|-supereffective|p1a: Solgaleo\n|-damage|p1a: Solgaleo|75/325\n|-enditem|p1a: Solgaleo|Weakness Policy\n|-boost|p1a: Solgaleo|atk|2|[from] item: Weakness Policy\n|-boost|p1a: Solgaleo|spa|2|[from] item: Weakness Policy\n|-damage|p2a: Cacturne|52/278|[from] item: Life Orb\n|move|p1a: Solgaleo|Flame Charge|p2a: Cacturne\n|-supereffective|p2a: Cacturne\n|-damage|p2a: Cacturne|0 fnt\n|-boost|p1a: Solgaleo|spe|1\n|faint|p2a: Cacturne\n|\n|upkeep\n|\n|t:|1733862437\n|switch|p2a: Thundurus|Thundurus-Therian, L80, M|258/258\n|turn|9\n|\n|t:|1733862456\n|move|p2a: Thundurus|Grass Knot|p1a: Solgaleo\n|-resisted|p1a: Solgaleo\n|-damage|p1a: Solgaleo|13/325\n|move|p1a: Solgaleo|Psychic|p2a: Thundurus\n|-damage|p2a: Thundurus|81/258\n|\n|upkeep\n|turn|10\n|\n|t:|1733862463\n|move|p2a: Thundurus|Grass Knot|p1a: Solgaleo\n|-resisted|p1a: Solgaleo\n|-crit|p1a: Solgaleo\n|-damage|p1a: Solgaleo|0 fnt\n|faint|p1a: Solgaleo\n|\n|upkeep\n|\n|t:|1733862476\n|switch|p1a: Golem|Golem, L87, F|281/281\n|turn|11\n|\n|t:|1733862481\n|move|p2a: Thundurus|Grass Knot|p1a: Golem\n|-supereffective|p1a: Golem\n|-ability|p1a: Golem|Sturdy\n|-damage|p1a: Golem|1/281\n|-enditem|p1a: Golem|Weakness Policy\n|-boost|p1a: Golem|atk|2|[from] item: Weakness Policy\n|-boost|p1a: Golem|spa|2|[from] item: Weakness Policy\n|move|p1a: Golem|Stone Edge|p2a: Thundurus|[miss]\n|-miss|p1a: Golem|p2a: Thundurus\n|\n|upkeep\n|turn|12\n|\n|t:|1733862495\n|move|p2a: Thundurus|Grass Knot|p1a: Golem\n|-supereffective|p1a: Golem\n|-damage|p1a: Golem|0 fnt\n|faint|p1a: Golem\n|\n|upkeep\n|\n|t:|1733862501\n|switch|p1a: Dunsparce|Dunsparce, L86, F|312/312\n|turn|13\n|\n|t:|1733862505\n|move|p2a: Thundurus|Grass Knot|p1a: Dunsparce\n|-damage|p1a: Dunsparce|281/312\n|move|p1a: Dunsparce|Coil|p1a: Dunsparce\n|-boost|p1a: Dunsparce|atk|1\n|-boost|p1a: Dunsparce|def|1\n|-boost|p1a: Dunsparce|accuracy|1\n|\n|upkeep\n|turn|14\n|\n|t:|1733862515\n|switch|p2a: Iron Hands|Iron Hands, L79|373/373\n|move|p1a: Dunsparce|Coil|p1a: Dunsparce\n|-boost|p1a: Dunsparce|atk|1\n|-boost|p1a: Dunsparce|def|1\n|-boost|p1a: Dunsparce|accuracy|1\n|\n|upkeep\n|turn|15\n|\n|t:|1733862531\n|move|p1a: Dunsparce|Coil|p1a: Dunsparce\n|-boost|p1a: Dunsparce|atk|1\n|-boost|p1a: Dunsparce|def|1\n|-boost|p1a: Dunsparce|accuracy|1\n|move|p2a: Iron Hands|Drain Punch|p1a: Dunsparce\n|-supereffective|p1a: Dunsparce\n|-damage|p1a: Dunsparce|219/312\n|\n|upkeep\n|turn|16\n|\n|t:|1733862540\n|-terastallize|p1a: Dunsparce|Ghost\n|move|p1a: Dunsparce|Coil|p1a: Dunsparce\n|-boost|p1a: Dunsparce|atk|1\n|-boost|p1a: Dunsparce|def|1\n|-boost|p1a: Dunsparce|accuracy|1\n|move|p2a: Iron Hands|Drain Punch|p1a: Dunsparce\n|-immune|p1a: Dunsparce\n|\n|upkeep\n|turn|17\n|\n|t:|1733862548\n|move|p1a: Dunsparce|Earthquake|p2a: Iron Hands\n|-supereffective|p2a: Iron Hands\n|-damage|p2a: Iron Hands|65/373\n|move|p2a: Iron Hands|Heavy Slam|p1a: Dunsparce\n|-damage|p1a: Dunsparce|194/312\n|\n|upkeep\n|turn|18\n|\n|t:|1733862558\n|move|p1a: Dunsparce|Coil|p1a: Dunsparce\n|-boost|p1a: Dunsparce|atk|1\n|-boost|p1a: Dunsparce|def|1\n|-boost|p1a: Dunsparce|accuracy|1\n|move|p2a: Iron Hands|Heavy Slam|p1a: Dunsparce\n|-damage|p1a: Dunsparce|172/312\n|\n|upkeep\n|turn|19\n|\n|t:|1733862570\n|move|p1a: Dunsparce|Coil|p1a: Dunsparce\n|-boost|p1a: Dunsparce|atk|1\n|-boost|p1a: Dunsparce|def|1\n|-boost|p1a: Dunsparce|accuracy|1\n|move|p2a: Iron Hands|Heavy Slam|p1a: Dunsparce\n|-damage|p1a: Dunsparce|152/312\n|\n|upkeep\n|turn|20\n|\n|t:|1733862582\n|move|p1a: Dunsparce|Earthquake|p2a: Iron Hands\n|-supereffective|p2a: Iron Hands\n|-damage|p2a: Iron Hands|0 fnt\n|faint|p2a: Iron Hands\n|-end|p2a: Iron Hands|Quark Drive|[silent]\n|\n|upkeep\n|\n|t:|1733862588\n|switch|p2a: Thundurus|Thundurus-Therian, L80, M|81/258\n|turn|21\n|\n|t:|1733862598\n|move|p2a: Thundurus|Psychic|p1a: Dunsparce\n|-damage|p1a: Dunsparce|88/312\n|move|p1a: Dunsparce|Roost|p1a: Dunsparce\n|-heal|p1a: Dunsparce|244/312\n|\n|upkeep\n|turn|22\n|\n|t:|1733862605\n|move|p2a: Thundurus|Psychic|p1a: Dunsparce\n|-damage|p1a: Dunsparce|175/312\n|move|p1a: Dunsparce|Roost|p1a: Dunsparce\n|-heal|p1a: Dunsparce|312/312\n|\n|upkeep\n|turn|23\n|\n|t:|1733862610\n|move|p2a: Thundurus|Psychic|p1a: Dunsparce\n|-damage|p1a: Dunsparce|246/312\n|move|p1a: Dunsparce|Body Slam|p2a: Thundurus\n|-damage|p2a: Thundurus|0 fnt\n|faint|p2a: Thundurus\n|\n|upkeep\n|\n|t:|1733862616\n|switch|p2a: Dipplin|Dipplin, L88, F|195/284\n|turn|24\n|\n|t:|1733862635\n|-terastallize|p2a: Dipplin|Steel\n|move|p1a: Dunsparce|Body Slam|p2a: Dipplin\n|-resisted|p2a: Dipplin\n|-damage|p2a: Dipplin|113/284\n|-status|p2a: Dipplin|par\n|move|p2a: Dipplin|Dragon Pulse|p1a: Dunsparce\n|-damage|p1a: Dunsparce|164/312\n|\n|upkeep\n|turn|25\n|\n|t:|1733862644\n|move|p1a: Dunsparce|Earthquake|p2a: Dipplin\n|-supereffective|p2a: Dipplin\n|-damage|p2a: Dipplin|0 fnt\n|faint|p2a: Dipplin\n|\n|upkeep\n|\n|t:|1733862649\n|switch|p2a: Meloetta|Meloetta, L82|298/298\n|turn|26\n|\n|t:|1733862659\n|move|p2a: Meloetta|Psyshock|p1a: Dunsparce\n|-damage|p1a: Dunsparce|134/312\n|move|p1a: Dunsparce|Roost|p1a: Dunsparce\n|-heal|p1a: Dunsparce|290/312\n|\n|upkeep\n|turn|27\n|\n|t:|1733862666\n|move|p2a: Meloetta|Psyshock|p1a: Dunsparce\n|-damage|p1a: Dunsparce|259/312\n|move|p1a: Dunsparce|Roost|p1a: Dunsparce\n|-heal|p1a: Dunsparce|312/312\n|\n|upkeep\n|turn|28\n|\n|t:|1733862674\n|move|p2a: Meloetta|Psyshock|p1a: Dunsparce\n|-damage|p1a: Dunsparce|281/312\n|move|p1a: Dunsparce|Body Slam|p2a: Meloetta\n|-damage|p2a: Meloetta|0 fnt\n|faint|p2a: Meloetta\n|\n|win|Lord Scrungo 5127\n|l| Rajesh47\n", "inputlog": ">version bfd83cad13791eb5a5a409923076391caf6fb4d4\n>start {\"formatid\":\"gen9randombattle\",\"seed\":[29537,9972,26074,20822]}\n>player p1 {\"name\":\"Lord Scrungo 5127\",\"avatar\":\"brycenman\",\"rating\":0,\"seed\":[25222,32813,54450,52403]}\n>player p2 {\"name\":\"An Odd Guy\",\"avatar\":\"giovanni\",\"rating\":0,\"seed\":[25180,20708,10938,63268]}\n>p1 move rockslide\n>p2 move spikes\n>p1 move leafblade\n>p2 move spikes\n>p2 switch 2\n>p1 move swordsdance\n>p2 move swordsdance\n>p1 move earthquake\n>p2 move drainpunch\n>p1 switch 2\n>p1 move roar\n>p2 move seedbomb\n>p1 move playrough\n>p2 move gigadrain\n>p1 switch 5\n>p1 move sunsteelstrike\n>p2 switch 4\n>p1 move flamecharge\n>p2 move suckerpunch\n>p2 switch 5\n>p1 move psychic\n>p2 move grassknot\n>p1 move sunsteelstrike\n>p2 move grassknot\n>p1 switch 4\n>p1 move stoneedge\n>p2 move grassknot\n>p1 move explosion\n>p2 move grassknot\n>p1 switch 6\n>p1 move coil\n>p2 move grassknot\n>p1 move coil\n>p2 switch 6\n>p1 move coil\n>p2 move drainpunch\n>p1 move coil terastallize\n>p2 move drainpunch\n>p1 move earthquake\n>p2 move heavyslam\n>p1 move coil\n>p2 move heavyslam\n>p1 move coil\n>p2 move heavyslam\n>p1 move earthquake\n>p2 move heavyslam\n>p2 switch 6\n>p1 move roost\n>p2 move psychic\n>p1 move roost\n>p2 move psychic\n>p1 move bodyslam\n>p2 move psychic\n>p2 switch 4\n>p1 move bodyslam\n>p2 move dragonpulse terastallize\n>p1 move earthquake\n>p2 move recover\n>p2 switch 3\n>p1 move roost\n>p2 move psyshock\n>p1 move roost\n>p2 move psyshock\n>p1 move bodyslam\n>p2 move psyshock", "uploadtime": 1733862687, "views": 9, "formatid": "gen9randombattle", "rating": null, "private": 0, "password": null}