{"id": "gen9randombattle-2260101829", "format": "[Gen 9] Random Battle", "players": ["jackygermz", "alexfirewind"], "log": "|j|\u2606jackygermz\n|j|\u2606alexfirewind\n|t:|1733802651\n|gametype|singles\n|player|p1|jackygermz|rancher|1504\n|player|p2|alexfirewind|benga|1530\n|teamsize|p1|6\n|teamsize|p2|6\n|gen|9\n|tier|[Gen 9] Random Battle\n|rated|\n|rule|Species Clause: Limit one of each Pok\u00e9mon\n|rule|HP Percentage Mod: HP is shown in percentages\n|rule|Sleep Clause Mod: Limit one foe put to sleep\n|rule|Illusion Level Mod: Illusion disguises the Pok\u00e9mon's true level\n|\n|t:|1733802651\n|start\n|switch|p1a: Lucario|Lucario, L84, M|255/255\n|switch|p2a: Mightyena|Mightyena, L95, M|287/287\n|-ability|p2a: Mightyena|Intimidate|boost\n|-fail|p1a: Lucario|unboost|Attack|[from] ability: Inner Focus|[of] p1a: Lucario\n|turn|1\n|inactive|Battle timer is ON: inactive players will automatically lose when time's up. (requested by jackygermz)\n|\n|t:|1733802668\n|switch|p2a: Cresselia|Cresselia, L80, F|323/323\n|move|p1a: Lucario|Aura Sphere|p2a: Cresselia\n|-resisted|p2a: Cresselia\n|-damage|p2a: Cresselia|268/323\n|-damage|p1a: Lucario|230/255|[from] item: Life Orb\n|\n|-heal|p2a: Cresselia|288/323|[from] item: Leftovers\n|upkeep\n|turn|2\n|\n|t:|1733802680\n|switch|p1a: Coalossal|Coalossal, L89, M|341/341\n|move|p2a: Cresselia|Calm Mind|p2a: Cresselia\n|-boost|p2a: Cresselia|spa|1\n|-boost|p2a: Cresselia|spd|1\n|\n|-heal|p2a: Cresselia|308/323|[from] item: Leftovers\n|upkeep\n|turn|3\n|\n|t:|1733802691\n|move|p2a: Cresselia|Psyshock|p1a: Coalossal\n|-damage|p1a: Coalossal|266/341\n|move|p1a: Coalossal|Will-O-Wisp|p2a: Cresselia\n|-status|p2a: Cresselia|brn\n|\n|-heal|p2a: Cresselia|323/323 brn|[from] item: Leftovers\n|-damage|p2a: Cresselia|303/323 brn|[from] brn\n|upkeep\n|turn|4\n|inactive|jackygermz has 120 seconds left.\n|\n|t:|1733802742\n|move|p2a: Cresselia|Calm Mind|p2a: Cresselia\n|-boost|p2a: Cresselia|spa|1\n|-boost|p2a: Cresselia|spd|1\n|move|p1a: Coalossal|Stone Edge|p2a: Cresselia\n|-damage|p2a: Cresselia|210/323 brn\n|\n|-heal|p2a: Cresselia|230/323 brn|[from] item: Leftovers\n|-damage|p2a: Cresselia|210/323 brn|[from] brn\n|upkeep\n|turn|5\n|\n|t:|1733802756\n|move|p2a: Cresselia|Calm Mind|p2a: Cresselia\n|-boost|p2a: Cresselia|spa|1\n|-boost|p2a: Cresselia|spd|1\n|move|p1a: Coalossal|Stone Edge|p2a: Cresselia\n|-crit|p2a: Cresselia\n|-damage|p2a: Cresselia|83/323 brn\n|\n|-heal|p2a: Cresselia|103/323 brn|[from] item: Leftovers\n|-damage|p2a: Cresselia|83/323 brn|[from] brn\n|upkeep\n|turn|6\n|\n|t:|1733802766\n|move|p2a: Cresselia|Moonlight|p2a: Cresselia\n|-heal|p2a: Cresselia|244/323 brn\n|move|p1a: Coalossal|Rapid Spin|p2a: Cresselia\n|-damage|p2a: Cresselia|216/323 brn\n|-boost|p1a: Coalossal|spe|1\n|\n|-heal|p2a: Cresselia|236/323 brn|[from] item: Leftovers\n|-damage|p2a: Cresselia|216/323 brn|[from] brn\n|upkeep\n|turn|7\n|\n|t:|1733802786\n|move|p2a: Cresselia|Moonlight|p2a: Cresselia\n|-heal|p2a: Cresselia|323/323 brn\n|move|p1a: Coalossal|Rapid Spin|p2a: Cresselia\n|-damage|p2a: Cresselia|295/323 brn\n|-boost|p1a: Coalossal|spe|1\n|\n|-heal|p2a: Cresselia|315/323 brn|[from] item: Leftovers\n|-damage|p2a: Cresselia|295/323 brn|[from] brn\n|upkeep\n|turn|8\n|\n|t:|1733802799\n|move|p1a: Coalossal|Stone Edge|p2a: Cresselia\n|-damage|p2a: Cresselia|199/323 brn\n|move|p2a: Cresselia|Calm Mind|p2a: Cresselia\n|-boost|p2a: Cresselia|spa|1\n|-boost|p2a: Cresselia|spd|1\n|\n|-heal|p2a: Cresselia|219/323 brn|[from] item: Leftovers\n|-damage|p2a: Cresselia|199/323 brn|[from] brn\n|upkeep\n|turn|9\n|\n|t:|1733802808\n|move|p1a: Coalossal|Stone Edge|p2a: Cresselia\n|-damage|p2a: Cresselia|106/323 brn\n|move|p2a: Cresselia|Moonlight|p2a: Cresselia\n|-heal|p2a: Cresselia|267/323 brn\n|\n|-heal|p2a: Cresselia|287/323 brn|[from] item: Leftovers\n|-damage|p2a: Cresselia|267/323 brn|[from] brn\n|upkeep\n|turn|10\n|\n|t:|1733802817\n|move|p1a: Coalossal|Stone Edge|p2a: Cresselia|[miss]\n|-miss|p1a: Coalossal|p2a: Cresselia\n|move|p2a: Cresselia|Thunderbolt|p1a: Coalossal\n|-damage|p1a: Coalossal|126/341\n|\n|-heal|p2a: Cresselia|287/323 brn|[from] item: Leftovers\n|-damage|p2a: Cresselia|267/323 brn|[from] brn\n|upkeep\n|turn|11\n|\n|t:|1733802830\n|move|p1a: Coalossal|Stone Edge|p2a: Cresselia|[miss]\n|-miss|p1a: Coalossal|p2a: Cresselia\n|move|p2a: Cresselia|Thunderbolt|p1a: Coalossal\n|-damage|p1a: Coalossal|0 fnt\n|faint|p1a: Coalossal\n|\n|-heal|p2a: Cresselia|287/323 brn|[from] item: Leftovers\n|-damage|p2a: Cresselia|267/323 brn|[from] brn\n|upkeep\n|\n|t:|1733802845\n|switch|p1a: Falinks|Falinks, L84|246/246\n|turn|12\n|\n|t:|1733802855\n|-terastallize|p1a: Falinks|Dark\n|move|p2a: Cresselia|Psyshock|p1a: Falinks\n|-immune|p1a: Falinks\n|move|p1a: Falinks|Knock Off|p2a: Cresselia\n|-supereffective|p2a: Cresselia\n|-damage|p2a: Cresselia|41/323 brn\n|-enditem|p2a: Cresselia|Leftovers|[from] move: Knock Off|[of] p1a: Falinks\n|-damage|p1a: Falinks|222/246|[from] item: Life Orb\n|\n|-damage|p2a: Cresselia|21/323 brn|[from] brn\n|upkeep\n|turn|13\n|\n|t:|1733802868\n|move|p2a: Cresselia|Thunderbolt|p1a: Falinks\n|-damage|p1a: Falinks|29/246\n|move|p1a: Falinks|Knock Off|p2a: Cresselia\n|-supereffective|p2a: Cresselia\n|-damage|p2a: Cresselia|0 fnt\n|faint|p2a: Cresselia\n|-damage|p1a: Falinks|5/246|[from] item: Life Orb\n|\n|upkeep\n|\n|t:|1733802887\n|switch|p2a: Flygon|Flygon, L82, F|265/265\n|turn|14\n|\n|t:|1733802893\n|move|p2a: Flygon|U-turn|p1a: Falinks\n|-supereffective|p1a: Falinks\n|-damage|p1a: Falinks|0 fnt\n|faint|p1a: Falinks\n|\n|t:|1733802901\n|switch|p2a: Mightyena|Mightyena, L95, M|287/287|[from] U-turn\n|\n|upkeep\n|\n|t:|1733802905\n|switch|p1a: Lucario|Lucario, L84, M|230/255\n|turn|15\n|\n|t:|1733802915\n|switch|p2a: Gastrodon|Gastrodon, L86, F|331/331\n|move|p1a: Lucario|Aura Sphere|p2a: Gastrodon\n|-damage|p2a: Gastrodon|193/331\n|-damage|p1a: Lucario|205/255|[from] item: Life Orb\n|\n|-heal|p2a: Gastrodon|213/331|[from] item: Leftovers\n|upkeep\n|turn|16\n|\n|t:|1733802931\n|switch|p1a: Cramorant|Cramorant, L86, M|261/261\n|move|p2a: Gastrodon|Earthquake|p1a: Cramorant\n|-immune|p1a: Cramorant\n|\n|-heal|p2a: Gastrodon|233/331|[from] item: Leftovers\n|upkeep\n|turn|17\n|\n|t:|1733802949\n|move|p1a: Cramorant|Brave Bird|p2a: Gastrodon\n|-damage|p2a: Gastrodon|79/331\n|-damage|p1a: Cramorant|210/261|[from] Recoil\n|move|p2a: Gastrodon|Recover|p2a: Gastrodon\n|-heal|p2a: Gastrodon|245/331\n|\n|-heal|p2a: Gastrodon|265/331|[from] item: Leftovers\n|upkeep\n|turn|18\n|\n|t:|1733802958\n|move|p1a: Cramorant|Brave Bird|p2a: Gastrodon\n|-damage|p2a: Gastrodon|129/331\n|-damage|p1a: Cramorant|165/261|[from] Recoil\n|move|p2a: Gastrodon|Ice Beam|p1a: Cramorant\n|-damage|p1a: Cramorant|107/261\n|\n|-heal|p2a: Gastrodon|149/331|[from] item: Leftovers\n|upkeep\n|turn|19\n|\n|t:|1733802969\n|move|p1a: Cramorant|Roost|p1a: Cramorant\n|-heal|p1a: Cramorant|238/261\n|-singleturn|p1a: Cramorant|move: Roost\n|move|p2a: Gastrodon|Recover|p2a: Gastrodon\n|-heal|p2a: Gastrodon|315/331\n|\n|-heal|p2a: Gastrodon|331/331|[from] item: Leftovers\n|upkeep\n|turn|20\n|\n|t:|1733802985\n|move|p1a: Cramorant|Brave Bird|p2a: Gastrodon\n|-damage|p2a: Gastrodon|186/331\n|-damage|p1a: Cramorant|190/261|[from] Recoil\n|move|p2a: Gastrodon|Ice Beam|p1a: Cramorant\n|-damage|p1a: Cramorant|126/261\n|\n|-heal|p2a: Gastrodon|206/331|[from] item: Leftovers\n|upkeep\n|turn|21\n|\n|t:|1733802997\n|move|p1a: Cramorant|Brave Bird|p2a: Gastrodon\n|-damage|p2a: Gastrodon|61/331\n|-damage|p1a: Cramorant|78/261|[from] Recoil\n|move|p2a: Gastrodon|Ice Beam|p1a: Cramorant\n|-damage|p1a: Cramorant|19/261\n|\n|-heal|p2a: Gastrodon|81/331|[from] item: Leftovers\n|upkeep\n|turn|22\n|\n|t:|1733803011\n|switch|p2a: Iron Thorns|Iron Thorns, L83|302/302\n|-enditem|p2a: Iron Thorns|Booster Energy\n|-activate|p2a: Iron Thorns|ability: Quark Drive|[fromitem]\n|-start|p2a: Iron Thorns|quarkdriveatk\n|move|p1a: Cramorant|Brave Bird|p2a: Iron Thorns\n|-resisted|p2a: Iron Thorns\n|-damage|p2a: Iron Thorns|277/302\n|-damage|p1a: Cramorant|11/261|[from] Recoil\n|\n|upkeep\n|turn|23\n|\n|t:|1733803023\n|move|p1a: Cramorant|Surf|p2a: Iron Thorns\n|-formechange|p1a: Cramorant|Cramorant-Gorging|\n|-supereffective|p2a: Iron Thorns\n|-damage|p2a: Iron Thorns|91/302\n|move|p2a: Iron Thorns|Dragon Dance|p2a: Iron Thorns\n|-boost|p2a: Iron Thorns|atk|1\n|-boost|p2a: Iron Thorns|spe|1\n|\n|upkeep\n|turn|24\n|\n|t:|1733803035\n|move|p2a: Iron Thorns|Wild Charge|p1a: Cramorant\n|-supereffective|p1a: Cramorant\n|-damage|p1a: Cramorant|0 fnt\n|-damage|p2a: Iron Thorns|16/302|[from] ability: Gulp Missile|[of] p1a: Cramorant\n|-formechange|p1a: Cramorant|Cramorant|\n|faint|p1a: Cramorant\n|-damage|p2a: Iron Thorns|13/302|[from] Recoil\n|\n|upkeep\n|\n|t:|1733803039\n|switch|p1a: Lucario|Lucario, L84, M|205/255\n|turn|25\n|\n|t:|1733803048\n|move|p1a: Lucario|Vacuum Wave|p2a: Iron Thorns\n|-supereffective|p2a: Iron Thorns\n|-damage|p2a: Iron Thorns|0 fnt\n|faint|p2a: Iron Thorns\n|-end|p2a: Iron Thorns|Quark Drive|[silent]\n|-damage|p1a: Lucario|180/255|[from] item: Life Orb\n|\n|upkeep\n|\n|t:|1733803059\n|switch|p2a: Flygon|Flygon, L82, F|265/265\n|turn|26\n|\n|t:|1733803062\n|move|p2a: Flygon|Earthquake|p1a: Lucario\n|-supereffective|p1a: Lucario\n|-damage|p1a: Lucario|0 fnt\n|faint|p1a: Lucario\n|\n|upkeep\n|\n|t:|1733803064\n|switch|p1a: Cetitan|Cetitan, L82, F|412/412\n|turn|27\n|\n|t:|1733803075\n|switch|p2a: Milotic|Milotic, L83, M|293/293\n|move|p1a: Cetitan|Ice Shard|p2a: Milotic\n|-resisted|p2a: Milotic\n|-crit|p2a: Milotic\n|-damage|p2a: Milotic|257/293\n|\n|-heal|p2a: Milotic|275/293|[from] item: Leftovers\n|upkeep\n|turn|28\n|\n|t:|1733803087\n|move|p2a: Milotic|Scald|p1a: Cetitan\n|-damage|p1a: Cetitan|286/412\n|move|p1a: Cetitan|Belly Drum|p1a: Cetitan\n|-damage|p1a: Cetitan|80/412\n|-setboost|p1a: Cetitan|atk|6|[from] move: Belly Drum\n|-enditem|p1a: Cetitan|Sitrus Berry|[eat]\n|-heal|p1a: Cetitan|183/412|[from] item: Sitrus Berry\n|\n|-heal|p2a: Milotic|293/293|[from] item: Leftovers\n|upkeep\n|turn|29\n|\n|t:|1733803105\n|move|p2a: Milotic|Haze|p2a: Milotic\n|-clearallboost\n|move|p1a: Cetitan|Earthquake|p2a: Milotic\n|-damage|p2a: Milotic|209/293\n|\n|-heal|p2a: Milotic|227/293|[from] item: Leftovers\n|upkeep\n|turn|30\n|\n|t:|1733803121\n|move|p2a: Milotic|Scald|p1a: Cetitan\n|-crit|p1a: Cetitan\n|-damage|p1a: Cetitan|14/412\n|move|p1a: Cetitan|Earthquake|p2a: Milotic\n|-damage|p2a: Milotic|147/293\n|\n|-heal|p2a: Milotic|165/293|[from] item: Leftovers\n|upkeep\n|turn|31\n|l|\u2606jackygermz\n|inactive|jackygermz disconnected and has a minute to reconnect!\n|player|p1|\n|inactive|jackygermz has 30 seconds to reconnect!\n|inactive|jackygermz has 20 seconds to reconnect!\n|inactive|jackygermz has 15 seconds to reconnect!\n|inactive|jackygermz has 10 seconds to reconnect!\n|inactive|jackygermz has 5 seconds to reconnect!\n|-message|jackygermz lost due to inactivity.\n|\n|win|alexfirewind\n|raw|jackygermz's rating: 1504 &rarr; <strong>1485</strong><br />(-19 for losing)\n|raw|alexfirewind's rating: 1530 &rarr; <strong>1549</strong><br />(+19 for winning)\n", "inputlog": ">version bfd83cad13791eb5a5a409923076391caf6fb4d4\n>start {\"formatid\":\"gen9randombattle\",\"seed\":[63593,19912,65506,41113],\"rated\":\"Rated battle\"}\n>player p1 {\"name\":\"jackygermz\",\"avatar\":\"rancher\",\"rating\":1504,\"seed\":[8123,33130,1508,1507]}\n>player p2 {\"name\":\"alexfirewind\",\"avatar\":\"benga\",\"rating\":1530,\"seed\":[49001,23456,8967,32180]}\n>p1 move aurasphere\n>p2 switch 4\n>p1 switch 2\n>p2 move calmmind\n>p1 move willowisp\n>p2 move psyshock\n>p1 move stoneedge\n>p2 move calmmind\n>p1 move stoneedge\n>p2 move calmmind\n>p1 move rapidspin\n>p2 move moonlight\n>p1 move rapidspin\n>p2 move moonlight\n>p1 move stoneedge\n>p2 move calmmind\n>p1 move stoneedge\n>p2 move moonlight\n>p1 move stoneedge\n>p2 move thunderbolt\n>p1 move stoneedge\n>p2 move thunderbolt\n>p1 switch 6\n>p1 move knockoff terastallize\n>p2 move psyshock\n>p1 move knockoff\n>p2 move thunderbolt\n>p2 switch 5\n>p1 move knockoff\n>p2 move uturn\n>p2 switch 4\n>p1 switch 2\n>p1 move aurasphere\n>p2 switch 2\n>p1 switch 5\n>p2 move earthquake\n>p1 move bravebird\n>p2 move recover\n>p1 move bravebird\n>p2 move icebeam\n>p1 move roost\n>p2 move recover\n>p1 move bravebird\n>p2 move icebeam\n>p1 move bravebird\n>p2 move icebeam\n>p1 move bravebird\n>p2 switch 6\n>p1 move surf\n>p2 move dragondance\n>p1 move surf\n>p2 move wildcharge\n>p1 switch 5\n>p1 move vacuumwave\n>p2 move earthquake\n>p2 switch 4\n>p1 move nastyplot\n>p2 move earthquake\n>p1 switch 3\n>p1 move iceshard\n>p2 switch 3\n>p1 move bellydrum\n>p2 move scald\n>p1 move earthquake\n>p2 move haze\n>p1 move earthquake\n>p2 move scald\n>forcelose p1", "uploadtime": 1733803194, "views": 18, "formatid": "gen9randombattle", "rating": 1485, "private": 0, "password": null}