{"id": "gen9randombattle-2106878502", "format": "[Gen 9] Random Battle", "players": ["Evanston", "FaZe Alec Baldwin"], "log": "|uhtml|medal-msg|<div class=\"broadcast-blue\">Curious what those medals under the avatar are? PS now has Ladder Seasons! For more information, check out the <a href=\"https://www.smogon.com/forums/threads/3740067/\">thread on Smogon.</a></div>\n|badge|p2|bronze|gen9randombattle|100-1\n|uhtml|medal-msg|<div class=\"broadcast-blue\">Curious what those medals under the avatar are? PS now has Ladder Seasons! For more information, check out the <a href=\"https://www.smogon.com/forums/threads/3740067/\">thread on Smogon.</a></div>\n|j|\u2606Evanston\n|j|\u203dFaZe Alec Baldwin\n|t:|1713519582\n|gametype|singles\n|player|p1|Evanston|1|2263\n|player|p2|FaZe Alec Baldwin|drayden|2249\n|teamsize|p1|6\n|teamsize|p2|6\n|gen|9\n|tier|[Gen 9] Random Battle\n|rated|\n|rule|Species Clause: Limit one of each Pok\u00e9mon\n|rule|HP Percentage Mod: HP is shown in percentages\n|rule|Sleep Clause Mod: Limit one foe put to sleep\n|rule|Illusion Level Mod: Illusion disguises the Pok\u00e9mon's true level\n|\n|t:|1713519582\n|start\n|switch|p1a: Cyclizar|Cyclizar, L83, M|252/252\n|switch|p2a: Raichu|Raichu-Alola, L87, F|246/246\n|turn|1\n|\n|t:|1713519599\n|move|p1a: Cyclizar|Knock Off|p2a: Raichu\n|-supereffective|p2a: Raichu\n|-damage|p2a: Raichu|50/246\n|-enditem|p2a: Raichu|Choice Specs|[from] move: Knock Off|[of] p1a: Cyclizar\n|move|p2a: Raichu|Thunderbolt|p1a: Cyclizar\n|-resisted|p1a: Cyclizar\n|-damage|p1a: Cyclizar|192/252\n|-status|p1a: Cyclizar|par\n|\n|upkeep\n|turn|2\n|\n|t:|1713519611\n|move|p2a: Raichu|Focus Blast|p1a: Cyclizar\n|-supereffective|p1a: Cyclizar\n|-damage|p1a: Cyclizar|0 fnt\n|faint|p1a: Cyclizar\n|\n|upkeep\n|\n|t:|1713519623\n|switch|p1a: Flareon|Flareon, L90, F|263/263\n|turn|3\n|\n|t:|1713519636\n|move|p2a: Raichu|Surf|p1a: Flareon\n|-supereffective|p1a: Flareon\n|-damage|p1a: Flareon|155/263\n|move|p1a: Flareon|Trailblaze|p2a: Raichu\n|-damage|p2a: Raichu|0 fnt\n|-boost|p1a: Flareon|spe|1\n|faint|p2a: Raichu\n|\n|-status|p1a: Flareon|tox|[from] item: Toxic Orb\n|upkeep\n|inactive|Battle timer is ON: inactive players will automatically lose when time's up. (requested by Evanston)\n|\n|t:|1713519655\n|switch|p2a: Dragapult|Dragapult, L77, F|262/262\n|turn|4\n|inactive|Evanston has 120 seconds left.\n|\n|t:|1713519704\n|switch|p2a: Dachsbun|Dachsbun, L91, M|252/252\n|move|p1a: Flareon|Flare Blitz|p2a: Dachsbun\n|-ability|p2a: Dachsbun|Well-Baked Body|boost\n|-boost|p2a: Dachsbun|def|2\n|\n|-damage|p1a: Flareon|139/263 tox|[from] psn\n|upkeep\n|turn|5\n|\n|t:|1713519717\n|switch|p1a: Pelipper|Pelipper, L86, F|243/243\n|-weather|RainDance|[from] ability: Drizzle|[of] p1a: Pelipper\n|move|p2a: Dachsbun|Wish|p2a: Dachsbun\n|\n|-weather|RainDance|[upkeep]\n|upkeep\n|turn|6\n|\n|t:|1713519722\n|move|p2a: Dachsbun|Play Rough|p1a: Pelipper\n|-crit|p1a: Pelipper\n|-damage|p1a: Pelipper|123/243\n|move|p1a: Pelipper|Knock Off|p2a: Dachsbun\n|-resisted|p2a: Dachsbun\n|-damage|p2a: Dachsbun|244/252\n|-enditem|p2a: Dachsbun|Leftovers|[from] move: Knock Off|[of] p1a: Pelipper\n|\n|-weather|RainDance|[upkeep]\n|-heal|p2a: Dachsbun|252/252|[from] move: Wish|[wisher] Dachsbun\n|upkeep\n|turn|7\n|\n|t:|1713519730\n|move|p2a: Dachsbun|Wish|p2a: Dachsbun\n|move|p1a: Pelipper|Roost|p1a: Pelipper\n|-heal|p1a: Pelipper|243/243\n|-singleturn|p1a: Pelipper|move: Roost\n|\n|-weather|RainDance|[upkeep]\n|upkeep\n|turn|8\n|\n|t:|1713519733\n|move|p2a: Dachsbun|Play Rough|p1a: Pelipper\n|-damage|p1a: Pelipper|152/243\n|move|p1a: Pelipper|Hurricane|p2a: Dachsbun\n|-damage|p2a: Dachsbun|135/252\n|\n|-weather|RainDance|[upkeep]\n|-heal|p2a: Dachsbun|252/252|[from] move: Wish|[wisher] Dachsbun\n|upkeep\n|turn|9\n|\n|t:|1713519739\n|move|p2a: Dachsbun|Protect|p2a: Dachsbun\n|-singleturn|p2a: Dachsbun|Protect\n|move|p1a: Pelipper|Hurricane|p2a: Dachsbun\n|-activate|p2a: Dachsbun|move: Protect\n|\n|-weather|none\n|upkeep\n|turn|10\n|\n|t:|1713519742\n|move|p2a: Dachsbun|Wish|p2a: Dachsbun\n|move|p1a: Pelipper|Roost|p1a: Pelipper\n|-heal|p1a: Pelipper|243/243\n|-singleturn|p1a: Pelipper|move: Roost\n|\n|upkeep\n|turn|11\n|\n|t:|1713519746\n|move|p2a: Dachsbun|Play Rough|p1a: Pelipper\n|-damage|p1a: Pelipper|152/243\n|move|p1a: Pelipper|Hurricane|p2a: Dachsbun\n|-damage|p2a: Dachsbun|122/252\n|\n|-heal|p2a: Dachsbun|248/252|[from] move: Wish|[wisher] Dachsbun\n|upkeep\n|turn|12\n|\n|t:|1713519755\n|move|p2a: Dachsbun|Wish|p2a: Dachsbun\n|move|p1a: Pelipper|Roost|p1a: Pelipper\n|-heal|p1a: Pelipper|243/243\n|-singleturn|p1a: Pelipper|move: Roost\n|\n|upkeep\n|turn|13\n|\n|t:|1713519759\n|move|p2a: Dachsbun|Play Rough|p1a: Pelipper\n|-damage|p1a: Pelipper|164/243\n|move|p1a: Pelipper|Hurricane|p2a: Dachsbun\n|-damage|p2a: Dachsbun|119/252\n|\n|-heal|p2a: Dachsbun|245/252|[from] move: Wish|[wisher] Dachsbun\n|upkeep\n|turn|14\n|\n|t:|1713519765\n|move|p2a: Dachsbun|Wish|p2a: Dachsbun\n|move|p1a: Pelipper|Roost|p1a: Pelipper\n|-heal|p1a: Pelipper|243/243\n|-singleturn|p1a: Pelipper|move: Roost\n|\n|upkeep\n|turn|15\n|\n|t:|1713519771\n|move|p2a: Dachsbun|Body Press|p1a: Pelipper\n|-resisted|p1a: Pelipper\n|-damage|p1a: Pelipper|175/243\n|move|p1a: Pelipper|Surf|p2a: Dachsbun\n|-crit|p2a: Dachsbun\n|-damage|p2a: Dachsbun|95/252\n|\n|-heal|p2a: Dachsbun|221/252|[from] move: Wish|[wisher] Dachsbun\n|upkeep\n|turn|16\n|\n|t:|1713519778\n|move|p2a: Dachsbun|Wish|p2a: Dachsbun\n|move|p1a: Pelipper|Hurricane|p2a: Dachsbun|[miss]\n|-miss|p1a: Pelipper|p2a: Dachsbun\n|\n|upkeep\n|turn|17\n|\n|t:|1713519781\n|move|p2a: Dachsbun|Body Press|p1a: Pelipper\n|-resisted|p1a: Pelipper\n|-damage|p1a: Pelipper|106/243\n|move|p1a: Pelipper|Hurricane|p2a: Dachsbun\n|-damage|p2a: Dachsbun|91/252\n|-start|p2a: Dachsbun|confusion\n|\n|-heal|p2a: Dachsbun|217/252|[from] move: Wish|[wisher] Dachsbun\n|upkeep\n|turn|18\n|\n|t:|1713519790\n|-activate|p2a: Dachsbun|confusion\n|move|p2a: Dachsbun|Wish|p2a: Dachsbun\n|move|p1a: Pelipper|Roost|p1a: Pelipper\n|-heal|p1a: Pelipper|228/243\n|-singleturn|p1a: Pelipper|move: Roost\n|\n|upkeep\n|turn|19\n|\n|t:|1713519795\n|-activate|p2a: Dachsbun|confusion\n|move|p2a: Dachsbun|Body Press|p1a: Pelipper\n|-resisted|p1a: Pelipper\n|-damage|p1a: Pelipper|156/243\n|move|p1a: Pelipper|Surf|p2a: Dachsbun\n|-damage|p2a: Dachsbun|112/252\n|\n|-heal|p2a: Dachsbun|238/252|[from] move: Wish|[wisher] Dachsbun\n|upkeep\n|turn|20\n|\n|t:|1713519802\n|-end|p2a: Dachsbun|confusion\n|move|p2a: Dachsbun|Wish|p2a: Dachsbun\n|move|p1a: Pelipper|Hurricane|p2a: Dachsbun\n|-damage|p2a: Dachsbun|118/252\n|\n|upkeep\n|turn|21\n|\n|t:|1713519809\n|move|p2a: Dachsbun|Protect|p2a: Dachsbun\n|-singleturn|p2a: Dachsbun|Protect\n|move|p1a: Pelipper|Hurricane|p2a: Dachsbun\n|-activate|p2a: Dachsbun|move: Protect\n|\n|-heal|p2a: Dachsbun|244/252|[from] move: Wish|[wisher] Dachsbun\n|upkeep\n|turn|22\n|\n|t:|1713519816\n|move|p2a: Dachsbun|Wish|p2a: Dachsbun\n|move|p1a: Pelipper|Hurricane|p2a: Dachsbun\n|-damage|p2a: Dachsbun|133/252\n|-start|p2a: Dachsbun|confusion\n|\n|upkeep\n|turn|23\n|\n|t:|1713519826\n|-terastallize|p2a: Dachsbun|Steel\n|-activate|p2a: Dachsbun|confusion\n|move|p2a: Dachsbun|Body Press|p1a: Pelipper\n|-resisted|p1a: Pelipper\n|-damage|p1a: Pelipper|92/243\n|move|p1a: Pelipper|Roost|p1a: Pelipper\n|-heal|p1a: Pelipper|214/243\n|-singleturn|p1a: Pelipper|move: Roost\n|\n|-heal|p2a: Dachsbun|252/252|[from] move: Wish|[wisher] Dachsbun\n|upkeep\n|turn|24\n|\n|t:|1713519850\n|switch|p1a: Hitmontop|Hitmontop, L88, M|231/231\n|-ability|p1a: Hitmontop|Intimidate|boost\n|-unboost|p2a: Dachsbun|atk|1\n|-end|p2a: Dachsbun|confusion\n|move|p2a: Dachsbun|Wish|p2a: Dachsbun\n|\n|upkeep\n|turn|25\n|\n|t:|1713519864\n|-terastallize|p1a: Hitmontop|Steel\n|move|p2a: Dachsbun|Body Press|p1a: Hitmontop\n|-supereffective|p1a: Hitmontop\n|-damage|p1a: Hitmontop|0 fnt\n|faint|p1a: Hitmontop\n|\n|upkeep\n|-message|Evanston forfeited.\n|\n|win|FaZe Alec Baldwin\n|raw|Evanston's rating: 2263 &rarr; <strong>2242</strong><br />(-21 for losing)\n|raw|FaZe Alec Baldwin's rating: 2249 &rarr; <strong>2270</strong><br />(+21 for winning)\n|l|\u2606Evanston\n|player|p1|\n", "inputlog": ">version 353afcba8edc3ce061b3a30b18dec61a8b98d08c\n>start {\"formatid\":\"gen9randombattle\",\"seed\":[46761,34281,7706,19906],\"rated\":\"Rated battle\"}\n>player p1 {\"name\":\"Evanston\",\"avatar\":\"1\",\"rating\":2263,\"seed\":[35320,60304,60146,336]}\n>player p2 {\"name\":\"FaZe Alec Baldwin\",\"avatar\":\"drayden\",\"rating\":2249,\"seed\":[14826,45772,49650,22464]}\n>p1 move knockoff\n>p2 move thunderbolt\n>p1 move rapidspin\n>p2 move focusblast\n>p1 switch 4\n>p1 move trailblaze\n>p2 move surf\n>p2 switch 4\n>p1 move flareblitz\n>p2 switch 2\n>p1 switch 6\n>p2 move wish\n>p1 move knockoff\n>p2 move playrough\n>p1 move roost\n>p2 move wish\n>p1 move hurricane\n>p2 move playrough\n>p1 move hurricane\n>p2 move protect\n>p1 move roost\n>p2 move wish\n>p1 move hurricane\n>p2 move playrough\n>p1 move roost\n>p2 move wish\n>p1 move hurricane\n>p2 move playrough\n>p1 move roost\n>p2 move wish\n>p1 move surf\n>p2 move bodypress\n>p1 move hurricane\n>p2 move wish\n>p1 move hurricane\n>p2 move bodypress\n>p1 move roost\n>p2 move wish\n>p1 move surf\n>p2 move bodypress\n>p1 move hurricane\n>p2 move wish\n>p1 move hurricane\n>p2 move protect\n>p1 move hurricane\n>p2 move wish\n>p1 move roost\n>p2 move bodypress terastallize\n>p1 switch 2\n>p2 move wish\n>p1 move closecombat terastallize\n>p2 move bodypress\n>forcelose p1", "uploadtime": 1713519873, "views": 269, "formatid": "gen9randombattle", "rating": 2242, "private": 0, "password": null}