{"id": "gen9randombattle-2201057303", "format": "[Gen 9] Random Battle", "players": ["rblt g-gladiator", "fartb0ss"], "log": "|raw|<div class=\"broadcast-blue\"><strong>This battle is required to be public due to a player having a name starting with 'rblt'.</div>\n|j|\u2606rblt g-gladiator\n|j|\u2606fartb0ss\n|t:|1726260861\n|gametype|singles\n|player|p1|rblt g-gladiator|az|2231\n|player|p2|fartb0ss|101|2270\n|teamsize|p1|6\n|teamsize|p2|6\n|gen|9\n|tier|[Gen 9] Random Battle\n|rated|\n|rule|Species Clause: Limit one of each Pok\u00e9mon\n|rule|HP Percentage Mod: HP is shown in percentages\n|rule|Sleep Clause Mod: Limit one foe put to sleep\n|rule|Illusion Level Mod: Illusion disguises the Pok\u00e9mon's true level\n|\n|t:|1726260861\n|start\n|switch|p1a: Wyrdeer|Wyrdeer, L87, M|321/321\n|switch|p2a: Squawkabilly|Squawkabilly-Yellow, L89, M|291/291\n|-ability|p1a: Wyrdeer|Intimidate|boost\n|-unboost|p2a: Squawkabilly|atk|1\n|turn|1\n|inactive|Battle timer is ON: inactive players will automatically lose when time's up. (requested by fartb0ss)\n|\n|t:|1726260874\n|move|p2a: Squawkabilly|Parting Shot|p1a: Wyrdeer\n|-unboost|p1a: Wyrdeer|atk|1\n|-unboost|p1a: Wyrdeer|spa|1\n|\n|t:|1726260883\n|switch|p2a: Garganacl|Garganacl, L80, M|291/291|[from] Parting Shot\n|move|p1a: Wyrdeer|Body Slam|p2a: Garganacl\n|-resisted|p2a: Garganacl\n|-damage|p2a: Garganacl|265/291\n|\n|-heal|p2a: Garganacl|283/291|[from] item: Leftovers\n|upkeep\n|turn|2\n|inactive|rblt g-gladiator has 120 seconds left.\n|\n|t:|1726260915\n|switch|p1a: Qwilfish|Qwilfish-Hisui, L83, F|244/244\n|-ability|p1a: Qwilfish|Intimidate|boost\n|-unboost|p2a: Garganacl|atk|1\n|move|p2a: Garganacl|Salt Cure|p1a: Qwilfish\n|-damage|p1a: Qwilfish|222/244\n|-start|p1a: Qwilfish|Salt Cure\n|\n|-heal|p2a: Garganacl|291/291|[from] item: Leftovers\n|-damage|p1a: Qwilfish|192/244|[from] Salt Cure\n|upkeep\n|turn|3\n|\n|t:|1726260925\n|move|p1a: Qwilfish|Toxic Spikes|p2a: Garganacl\n|-sidestart|p2: fartb0ss|move: Toxic Spikes\n|move|p2a: Garganacl|Earthquake|p1a: Qwilfish\n|-supereffective|p1a: Qwilfish\n|-damage|p1a: Qwilfish|124/244\n|\n|-damage|p1a: Qwilfish|94/244|[from] Salt Cure\n|upkeep\n|turn|4\n|\n|t:|1726260941\n|switch|p1a: Azumarill|Azumarill, L82, F|298/298\n|switch|p2a: Excadrill|Excadrill, L80, F|307/307\n|-ability|p2a: Excadrill|Mold Breaker\n|\n|upkeep\n|turn|5\n|\n|t:|1726260954\n|-terastallize|p2a: Excadrill|Grass\n|move|p2a: Excadrill|Rapid Spin|p1a: Azumarill\n|-damage|p1a: Azumarill|249/298\n|-boost|p2a: Excadrill|spe|1\n|-sideend|p2: fartb0ss|Toxic Spikes|[from] move: Rapid Spin|[of] p2a: Excadrill\n|move|p1a: Azumarill|Liquidation|p2a: Excadrill\n|-resisted|p2a: Excadrill\n|-damage|p2a: Excadrill|188/307\n|\n|-heal|p2a: Excadrill|207/307|[from] item: Leftovers\n|upkeep\n|turn|6\n|\n|t:|1726260968\n|switch|p1a: Mandibuzz|Mandibuzz, L85, F|326/326\n|move|p2a: Excadrill|Earthquake|p1a: Mandibuzz\n|-immune|p1a: Mandibuzz\n|\n|-heal|p2a: Excadrill|226/307|[from] item: Leftovers\n|upkeep\n|turn|7\n|\n|t:|1726260973\n|switch|p2a: Garganacl|Garganacl, L80, M|291/291\n|move|p1a: Mandibuzz|Foul Play|p2a: Garganacl\n|-damage|p2a: Garganacl|207/291\n|\n|-heal|p2a: Garganacl|225/291|[from] item: Leftovers\n|upkeep\n|turn|8\n|\n|t:|1726260985\n|switch|p1a: Qwilfish|Qwilfish-Hisui, L83, F|94/244\n|-ability|p1a: Qwilfish|Intimidate|boost\n|-unboost|p2a: Garganacl|atk|1\n|move|p2a: Garganacl|Salt Cure|p1a: Qwilfish\n|-damage|p1a: Qwilfish|73/244\n|-start|p1a: Qwilfish|Salt Cure\n|\n|-heal|p2a: Garganacl|243/291|[from] item: Leftovers\n|-damage|p1a: Qwilfish|43/244|[from] Salt Cure\n|upkeep\n|turn|9\n|\n|t:|1726260994\n|move|p1a: Qwilfish|Toxic Spikes|p2a: Garganacl\n|-sidestart|p2: fartb0ss|move: Toxic Spikes\n|move|p2a: Garganacl|Earthquake|p1a: Qwilfish\n|-supereffective|p1a: Qwilfish\n|-damage|p1a: Qwilfish|0 fnt\n|faint|p1a: Qwilfish\n|\n|-heal|p2a: Garganacl|261/291|[from] item: Leftovers\n|upkeep\n|\n|t:|1726261002\n|switch|p1a: Azumarill|Azumarill, L82, F|249/298\n|turn|10\n|\n|t:|1726261014\n|move|p2a: Garganacl|Protect|p2a: Garganacl\n|-singleturn|p2a: Garganacl|Protect\n|move|p1a: Azumarill|Liquidation|p2a: Garganacl\n|-activate|p2a: Garganacl|move: Protect\n|\n|-heal|p2a: Garganacl|279/291|[from] item: Leftovers\n|upkeep\n|turn|11\n|\n|t:|1726261042\n|switch|p2a: Excadrill|Excadrill, L80, F, tera:Grass|226/307\n|-status|p2a: Excadrill|psn\n|-ability|p2a: Excadrill|Mold Breaker\n|move|p1a: Azumarill|Liquidation|p2a: Excadrill\n|-resisted|p2a: Excadrill\n|-damage|p2a: Excadrill|107/307 psn\n|\n|-heal|p2a: Excadrill|126/307 psn|[from] item: Leftovers\n|-damage|p2a: Excadrill|88/307 psn|[from] psn\n|upkeep\n|turn|12\n|\n|t:|1726261059\n|switch|p1a: Annihilape|Annihilape, L76, M|292/292\n|move|p2a: Excadrill|Rapid Spin|p1a: Annihilape\n|-immune|p1a: Annihilape\n|\n|-heal|p2a: Excadrill|107/307 psn|[from] item: Leftovers\n|-damage|p2a: Excadrill|69/307 psn|[from] psn\n|upkeep\n|turn|13\n|\n|t:|1726261071\n|switch|p2a: Squawkabilly|Squawkabilly-Yellow, L89, M|291/291\n|move|p1a: Annihilape|Bulk Up|p1a: Annihilape\n|-boost|p1a: Annihilape|atk|1\n|-boost|p1a: Annihilape|def|1\n|\n|upkeep\n|turn|14\n|\n|t:|1726261084\n|-terastallize|p1a: Annihilape|Fairy\n|move|p2a: Squawkabilly|Brave Bird|p1a: Annihilape\n|-damage|p1a: Annihilape|135/292\n|-damage|p2a: Squawkabilly|239/291|[from] Recoil\n|move|p1a: Annihilape|Bulk Up|p1a: Annihilape\n|-boost|p1a: Annihilape|atk|1\n|-boost|p1a: Annihilape|def|1\n|\n|upkeep\n|turn|15\n|\n|t:|1726261092\n|move|p2a: Squawkabilly|Brave Bird|p1a: Annihilape\n|-damage|p1a: Annihilape|5/292\n|-damage|p2a: Squawkabilly|196/291|[from] Recoil\n|move|p1a: Annihilape|Drain Punch|p2a: Squawkabilly\n|-damage|p2a: Squawkabilly|0 fnt\n|-heal|p1a: Annihilape|103/292|[from] drain|[of] p2a: Squawkabilly\n|faint|p2a: Squawkabilly\n|\n|upkeep\n|\n|t:|1726261096\n|switch|p2a: Excadrill|Excadrill, L80, F, tera:Grass|69/307 psn\n|-ability|p2a: Excadrill|Mold Breaker\n|turn|16\n|inactive|rblt g-gladiator has 120 seconds left.\n|\n|t:|1726261137\n|switch|p1a: Mandibuzz|Mandibuzz, L85, F|326/326\n|move|p2a: Excadrill|Iron Head|p1a: Mandibuzz\n|-damage|p1a: Mandibuzz|236/326\n|\n|-heal|p2a: Excadrill|88/307 psn|[from] item: Leftovers\n|-damage|p2a: Excadrill|50/307 psn|[from] psn\n|upkeep\n|turn|17\n|\n|t:|1726261155\n|move|p2a: Excadrill|Rapid Spin|p1a: Mandibuzz\n|-damage|p1a: Mandibuzz|199/326\n|-boost|p2a: Excadrill|spe|1\n|-sideend|p2: fartb0ss|Toxic Spikes|[from] move: Rapid Spin|[of] p2a: Excadrill\n|move|p1a: Mandibuzz|Roost|p1a: Mandibuzz\n|-heal|p1a: Mandibuzz|326/326\n|-singleturn|p1a: Mandibuzz|move: Roost\n|\n|-heal|p2a: Excadrill|69/307 psn|[from] item: Leftovers\n|-damage|p2a: Excadrill|31/307 psn|[from] psn\n|upkeep\n|turn|18\n|\n|t:|1726261164\n|switch|p2a: Garganacl|Garganacl, L80, M|279/291\n|move|p1a: Mandibuzz|Foul Play|p2a: Garganacl\n|-damage|p2a: Garganacl|206/291\n|\n|-heal|p2a: Garganacl|224/291|[from] item: Leftovers\n|upkeep\n|turn|19\n|\n|t:|1726261172\n|switch|p1a: Azumarill|Azumarill, L82, F|249/298\n|move|p2a: Garganacl|Salt Cure|p1a: Azumarill\n|-damage|p1a: Azumarill|206/298\n|-start|p1a: Azumarill|Salt Cure\n|\n|-heal|p2a: Garganacl|242/291|[from] item: Leftovers\n|-damage|p1a: Azumarill|132/298|[from] Salt Cure\n|upkeep\n|turn|20\n|inactive|rblt g-gladiator has 120 seconds left.\n|\n|t:|1726261178\n|switch|p1a: Annihilape|Annihilape, L76, M, tera:Fairy|103/292\n|move|p2a: Garganacl|Protect||[still]\n|-fail|p2a: Garganacl\n|\n|-heal|p2a: Garganacl|260/291|[from] item: Leftovers\n|upkeep\n|turn|21\n|\n|t:|1726261183\n|move|p1a: Annihilape|Bulk Up|p1a: Annihilape\n|-boost|p1a: Annihilape|atk|1\n|-boost|p1a: Annihilape|def|1\n|move|p2a: Garganacl|Salt Cure|p1a: Annihilape\n|-damage|p1a: Annihilape|72/292\n|-start|p1a: Annihilape|Salt Cure\n|\n|-heal|p2a: Garganacl|278/291|[from] item: Leftovers\n|-damage|p1a: Annihilape|36/292|[from] Salt Cure\n|upkeep\n|turn|22\n|\n|t:|1726261194\n|switch|p2a: Brambleghast|Brambleghast, L88, F|240/240\n|move|p1a: Annihilape|Rest|p1a: Annihilape\n|-status|p1a: Annihilape|slp|[from] move: Rest\n|-heal|p1a: Annihilape|292/292 slp|[silent]\n|-enditem|p1a: Annihilape|Chesto Berry|[eat]\n|-curestatus|p1a: Annihilape|slp|[msg]\n|\n|-damage|p1a: Annihilape|256/292|[from] Salt Cure\n|upkeep\n|turn|23\n|\n|t:|1726261201\n|switch|p2a: Excadrill|Excadrill, L80, F, tera:Grass|31/307 psn\n|-ability|p2a: Excadrill|Mold Breaker\n|move|p1a: Annihilape|Rage Fist|p2a: Excadrill\n|-damage|p2a: Excadrill|0 fnt\n|faint|p2a: Excadrill\n|\n|-damage|p1a: Annihilape|220/292|[from] Salt Cure\n|upkeep\n|\n|t:|1726261204\n|switch|p2a: Iron Crown|Iron Crown, L79|272/272\n|turn|24\n|\n|t:|1726261218\n|switch|p1a: Cresselia|Cresselia, L80, F|323/323\n|move|p2a: Iron Crown|Tachyon Cutter|p1a: Cresselia\n|-crit|p1a: Cresselia\n|-damage|p1a: Cresselia|256/323\n|-damage|p1a: Cresselia|208/323\n|-hitcount|p1a: Cresselia|2\n|\n|-heal|p1a: Cresselia|228/323|[from] item: Leftovers\n|upkeep\n|turn|25\n|\n|t:|1726261226\n|move|p2a: Iron Crown|Calm Mind|p2a: Iron Crown\n|-boost|p2a: Iron Crown|spa|1\n|-boost|p2a: Iron Crown|spd|1\n|move|p1a: Cresselia|Moonlight|p1a: Cresselia\n|-heal|p1a: Cresselia|323/323\n|\n|upkeep\n|turn|26\n|\n|t:|1726261231\n|move|p2a: Iron Crown|Tachyon Cutter|p1a: Cresselia\n|-damage|p1a: Cresselia|256/323\n|-damage|p1a: Cresselia|187/323\n|-hitcount|p1a: Cresselia|2\n|move|p1a: Cresselia|Calm Mind|p1a: Cresselia\n|-boost|p1a: Cresselia|spa|1\n|-boost|p1a: Cresselia|spd|1\n|\n|-heal|p1a: Cresselia|207/323|[from] item: Leftovers\n|upkeep\n|turn|27\n|\n|t:|1726261238\n|-end|p2a: Iron Crown|Quark Drive|[silent]\n|switch|p2a: Brambleghast|Brambleghast, L88, F|240/240\n|move|p1a: Cresselia|Calm Mind|p1a: Cresselia\n|-boost|p1a: Cresselia|spa|1\n|-boost|p1a: Cresselia|spd|1\n|\n|-heal|p1a: Cresselia|227/323|[from] item: Leftovers\n|upkeep\n|turn|28\n|\n|t:|1726261244\n|switch|p1a: Mandibuzz|Mandibuzz, L85, F|326/326\n|move|p2a: Brambleghast|Poltergeist|p1a: Mandibuzz|[miss]\n|-miss|p2a: Brambleghast|p1a: Mandibuzz\n|\n|upkeep\n|turn|29\n|\n|t:|1726261253\n|switch|p2a: Garganacl|Garganacl, L80, M|278/291\n|switch|p1a: Azumarill|Azumarill, L82, F|132/298\n|\n|-heal|p2a: Garganacl|291/291|[from] item: Leftovers\n|upkeep\n|turn|30\n|\n|t:|1726261258\n|move|p2a: Garganacl|Protect|p2a: Garganacl\n|-singleturn|p2a: Garganacl|Protect\n|move|p1a: Azumarill|Liquidation|p2a: Garganacl\n|-activate|p2a: Garganacl|move: Protect\n|\n|upkeep\n|turn|31\n|\n|t:|1726261265\n|switch|p2a: Blastoise|Blastoise, L80, F|258/258\n|move|p1a: Azumarill|Liquidation|p2a: Blastoise\n|-resisted|p2a: Blastoise\n|-damage|p2a: Blastoise|186/258\n|\n|upkeep\n|turn|32\n|\n|t:|1726261279\n|switch|p1a: Wyrdeer|Wyrdeer, L87, M|321/321\n|-ability|p1a: Wyrdeer|Intimidate|boost\n|-unboost|p2a: Blastoise|atk|1\n|-enditem|p2a: Blastoise|White Herb\n|-clearnegativeboost|p2a: Blastoise|[silent]\n|move|p2a: Blastoise|Shell Smash|p2a: Blastoise\n|-unboost|p2a: Blastoise|def|1\n|-unboost|p2a: Blastoise|spd|1\n|-boost|p2a: Blastoise|atk|2\n|-boost|p2a: Blastoise|spa|2\n|-boost|p2a: Blastoise|spe|2\n|\n|upkeep\n|turn|33\n|\n|t:|1726261285\n|move|p2a: Blastoise|Hydro Pump|p1a: Wyrdeer\n|-damage|p1a: Wyrdeer|107/321\n|move|p1a: Wyrdeer|Body Slam|p2a: Blastoise\n|-damage|p2a: Blastoise|47/258\n|-status|p2a: Blastoise|par\n|\n|-heal|p1a: Wyrdeer|127/321|[from] item: Leftovers\n|upkeep\n|turn|34\n|\n|t:|1726261293\n|cant|p2a: Blastoise|par\n|move|p1a: Wyrdeer|Psychic Noise|p2a: Blastoise\n|-damage|p2a: Blastoise|0 fnt\n|faint|p2a: Blastoise\n|\n|-heal|p1a: Wyrdeer|147/321|[from] item: Leftovers\n|upkeep\n|inactive|fartb0ss has 120 seconds left.\n|\n|t:|1726261325\n|switch|p2a: Garganacl|Garganacl, L80, M|291/291\n|turn|35\n|\n|t:|1726261338\n|switch|p1a: Cresselia|Cresselia, L80, F|227/323\n|move|p2a: Garganacl|Salt Cure|p1a: Cresselia\n|-damage|p1a: Cresselia|190/323\n|-start|p1a: Cresselia|Salt Cure\n|\n|-heal|p1a: Cresselia|210/323|[from] item: Leftovers\n|-damage|p1a: Cresselia|170/323|[from] Salt Cure\n|upkeep\n|turn|36\n|\n|t:|1726261347\n|switch|p2a: Iron Crown|Iron Crown, L79|272/272\n|move|p1a: Cresselia|Moonlight|p1a: Cresselia\n|-heal|p1a: Cresselia|323/323\n|\n|-damage|p1a: Cresselia|283/323|[from] Salt Cure\n|upkeep\n|turn|37\n|\n|t:|1726261362\n|switch|p1a: Mandibuzz|Mandibuzz, L85, F|326/326\n|move|p2a: Iron Crown|Calm Mind|p2a: Iron Crown\n|-boost|p2a: Iron Crown|spa|1\n|-boost|p2a: Iron Crown|spd|1\n|\n|upkeep\n|turn|38\n|\n|t:|1726261365\n|move|p2a: Iron Crown|Tachyon Cutter|p1a: Mandibuzz\n|-damage|p1a: Mandibuzz|241/326\n|-damage|p1a: Mandibuzz|168/326\n|-hitcount|p1a: Mandibuzz|2\n|move|p1a: Mandibuzz|Foul Play|p2a: Iron Crown\n|-supereffective|p2a: Iron Crown\n|-damage|p2a: Iron Crown|162/272\n|\n|-heal|p2a: Iron Crown|179/272|[from] item: Leftovers\n|upkeep\n|turn|39\n|\n|t:|1726261391\n|move|p2a: Iron Crown|Tachyon Cutter|p1a: Mandibuzz\n|-damage|p1a: Mandibuzz|86/326\n|-damage|p1a: Mandibuzz|2/326\n|-hitcount|p1a: Mandibuzz|2\n|move|p1a: Mandibuzz|Foul Play|p2a: Iron Crown\n|-supereffective|p2a: Iron Crown\n|-damage|p2a: Iron Crown|77/272\n|\n|-heal|p2a: Iron Crown|94/272|[from] item: Leftovers\n|upkeep\n|turn|40\n|\n|t:|1726261403\n|move|p2a: Iron Crown|Tachyon Cutter|p1a: Mandibuzz\n|-crit|p1a: Mandibuzz\n|-damage|p1a: Mandibuzz|0 fnt\n|faint|p1a: Mandibuzz\n|-hitcount|p1: Mandibuzz|1\n|\n|-heal|p2a: Iron Crown|111/272|[from] item: Leftovers\n|upkeep\n|\n|t:|1726261413\n|switch|p1a: Cresselia|Cresselia, L80, F|283/323\n|turn|41\n|\n|t:|1726261419\n|move|p2a: Iron Crown|Calm Mind|p2a: Iron Crown\n|-boost|p2a: Iron Crown|spa|1\n|-boost|p2a: Iron Crown|spd|1\n|move|p1a: Cresselia|Calm Mind|p1a: Cresselia\n|-boost|p1a: Cresselia|spa|1\n|-boost|p1a: Cresselia|spd|1\n|\n|-heal|p2a: Iron Crown|128/272|[from] item: Leftovers\n|-heal|p1a: Cresselia|303/323|[from] item: Leftovers\n|upkeep\n|turn|42\n|\n|t:|1726261432\n|move|p2a: Iron Crown|Calm Mind|p2a: Iron Crown\n|-boost|p2a: Iron Crown|spa|1\n|-boost|p2a: Iron Crown|spd|1\n|move|p1a: Cresselia|Calm Mind|p1a: Cresselia\n|-boost|p1a: Cresselia|spa|1\n|-boost|p1a: Cresselia|spd|1\n|\n|-heal|p2a: Iron Crown|145/272|[from] item: Leftovers\n|-heal|p1a: Cresselia|323/323|[from] item: Leftovers\n|upkeep\n|turn|43\n|\n|t:|1726261436\n|move|p2a: Iron Crown|Calm Mind|p2a: Iron Crown\n|-boost|p2a: Iron Crown|spa|1\n|-boost|p2a: Iron Crown|spd|1\n|move|p1a: Cresselia|Calm Mind|p1a: Cresselia\n|-boost|p1a: Cresselia|spa|1\n|-boost|p1a: Cresselia|spd|1\n|\n|-heal|p2a: Iron Crown|162/272|[from] item: Leftovers\n|upkeep\n|turn|44\n|\n|t:|1726261439\n|move|p2a: Iron Crown|Calm Mind|p2a: Iron Crown\n|-boost|p2a: Iron Crown|spa|1\n|-boost|p2a: Iron Crown|spd|1\n|move|p1a: Cresselia|Calm Mind|p1a: Cresselia\n|-boost|p1a: Cresselia|spa|1\n|-boost|p1a: Cresselia|spd|1\n|\n|-heal|p2a: Iron Crown|179/272|[from] item: Leftovers\n|upkeep\n|turn|45\n|\n|t:|1726261443\n|move|p2a: Iron Crown|Calm Mind|p2a: Iron Crown\n|-boost|p2a: Iron Crown|spa|1\n|-boost|p2a: Iron Crown|spd|1\n|move|p1a: Cresselia|Calm Mind|p1a: Cresselia\n|-boost|p1a: Cresselia|spa|1\n|-boost|p1a: Cresselia|spd|1\n|\n|-heal|p2a: Iron Crown|196/272|[from] item: Leftovers\n|upkeep\n|turn|46\n|\n|t:|1726261445\n|move|p2a: Iron Crown|Psyshock|p1a: Cresselia\n|-resisted|p1a: Cresselia\n|-damage|p1a: Cresselia|152/323\n|move|p1a: Cresselia|Calm Mind|p1a: Cresselia\n|-boost|p1a: Cresselia|spa|1\n|-boost|p1a: Cresselia|spd|1\n|\n|-heal|p2a: Iron Crown|213/272|[from] item: Leftovers\n|-heal|p1a: Cresselia|172/323|[from] item: Leftovers\n|upkeep\n|turn|47\n|\n|t:|1726261447\n|move|p2a: Iron Crown|Psyshock|p1a: Cresselia\n|-resisted|p1a: Cresselia\n|-damage|p1a: Cresselia|10/323\n|move|p1a: Cresselia|Psyshock|p2a: Iron Crown\n|-resisted|p2a: Iron Crown\n|-damage|p2a: Iron Crown|149/272\n|\n|-heal|p2a: Iron Crown|166/272|[from] item: Leftovers\n|-heal|p1a: Cresselia|30/323|[from] item: Leftovers\n|upkeep\n|turn|48\n|\n|t:|1726261451\n|move|p2a: Iron Crown|Psyshock|p1a: Cresselia\n|-resisted|p1a: Cresselia\n|-damage|p1a: Cresselia|0 fnt\n|faint|p1a: Cresselia\n|\n|-heal|p2a: Iron Crown|183/272|[from] item: Leftovers\n|upkeep\n|\n|t:|1726261454\n|switch|p1a: Wyrdeer|Wyrdeer, L87, M|147/321\n|-ability|p1a: Wyrdeer|Intimidate|boost\n|-unboost|p2a: Iron Crown|atk|1\n|turn|49\n|\n|t:|1726261458\n|move|p2a: Iron Crown|Tachyon Cutter|p1a: Wyrdeer\n|-damage|p1a: Wyrdeer|0 fnt\n|faint|p1a: Wyrdeer\n|-hitcount|p1: Wyrdeer|1\n|\n|-heal|p2a: Iron Crown|200/272|[from] item: Leftovers\n|upkeep\n|-message|rblt g-gladiator forfeited.\n|\n|win|fartb0ss\n|raw|rblt g-gladiator's rating: 2231 &rarr; <strong>2213</strong><br />(-18 for losing)\n|raw|fartb0ss's rating: 2270 &rarr; <strong>2288</strong><br />(+18 for winning)\n|l|\u2606rblt g-gladiator\n|player|p1|\n", "inputlog": ">version abcf08933808d3fb39dbc2b54a8665d830b47482\n>start {\"formatid\":\"gen9randombattle\",\"seed\":[21503,17957,6729,16721],\"rated\":\"Rated battle\"}\n>player p1 {\"name\":\"rblt g-gladiator\",\"avatar\":\"az\",\"rating\":2231,\"seed\":[60327,10291,22592,7463]}\n>player p2 {\"name\":\"fartb0ss\",\"avatar\":\"101\",\"rating\":2270,\"seed\":[22700,4659,52204,34361]}\n>p1 move bodyslam\n>p2 move partingshot\n>p2 switch 2\n>p1 switch 4\n>p2 move saltcure\n>p1 move toxicspikes\n>p2 move earthquake\n>p1 switch 5\n>p2 switch 3\n>p1 move liquidation\n>p2 move rapidspin terastallize\n>p1 switch 3\n>p2 move earthquake\n>p1 move foulplay\n>p2 switch 3\n>p1 switch 5\n>p2 move saltcure\n>p1 move toxicspikes\n>p2 move earthquake\n>p1 switch 3\n>p1 move liquidation\n>p2 move protect\n>p1 move liquidation\n>p2 switch 3\n>p1 switch 6\n>p2 move rapidspin\n>p1 move bulkup\n>p2 switch 2\n>p1 move bulkup terastallize\n>p2 move bravebird\n>p1 move drainpunch\n>p2 move bravebird\n>p2 switch 2\n>p1 switch 5\n>p2 move ironhead\n>p1 move roost\n>p2 move rapidspin\n>p1 move foulplay\n>p2 switch 3\n>p1 switch 6\n>p2 move saltcure\n>p1 switch 5\n>p2 move protect\n>p1 move bulkup\n>p2 move saltcure\n>p1 move rest\n>p2 switch 6\n>p1 move ragefist\n>p2 switch 3\n>p2 switch 5\n>p1 switch 2\n>p2 move tachyoncutter\n>p1 move moonlight\n>p2 move calmmind\n>p1 move calmmind\n>p2 move tachyoncutter\n>p1 move calmmind\n>p2 switch 3\n>p1 switch 6\n>p2 move poltergeist\n>p1 switch 5\n>p2 switch 6\n>p1 move liquidation\n>p2 move protect\n>p1 move liquidation\n>p2 switch 4\n>p1 switch 4\n>p2 move shellsmash\n>p1 move bodyslam\n>p2 move hydropump\n>p1 move psychicnoise\n>p2 move hydropump\n>p2 switch 4\n>p1 switch 6\n>p2 move saltcure\n>p1 move moonlight\n>p2 switch 3\n>p1 switch 5\n>p2 move calmmind\n>p1 move foulplay\n>p2 move tachyoncutter\n>p1 move foulplay\n>p2 move tachyoncutter\n>p1 move foulplay\n>p2 move tachyoncutter\n>p1 switch 5\n>p1 move calmmind\n>p2 move calmmind\n>p1 move calmmind\n>p2 move calmmind\n>p1 move calmmind\n>p2 move calmmind\n>p1 move calmmind\n>p2 move calmmind\n>p1 move calmmind\n>p2 move calmmind\n>p1 move calmmind\n>p2 move psyshock\n>p1 move psyshock\n>p2 move psyshock\n>p1 move psyshock\n>p2 move psyshock\n>p1 switch 6\n>p1 move earthquake\n>p2 move tachyoncutter\n>forcelose p1", "uploadtime": 1726261480, "views": 91, "formatid": "gen9randombattle", "rating": 2213, "private": 0, "password": null}