{"id": "gen9randombattle-2260847730", "format": "[Gen 9] Random Battle", "players": ["suharrrrr", "suharrr"], "log": "|j|\u2606suharrrrr\n|j|\u2606suharrr\n|t:|1733903454\n|gametype|singles\n|player|p1|suharrrrr|169|\n|player|p2|suharrr|266|\n|teamsize|p1|6\n|teamsize|p2|6\n|gen|9\n|tier|[Gen 9] Random Battle\n|rule|Species Clause: Limit one of each Pok\u00e9mon\n|rule|HP Percentage Mod: HP is shown in percentages\n|rule|Sleep Clause Mod: Limit one foe put to sleep\n|rule|Illusion Level Mod: Illusion disguises the Pok\u00e9mon's true level\n|\n|t:|1733903454\n|start\n|switch|p1a: Lunala|Lunala, L70|308/308\n|switch|p2a: Froslass|Froslass, L87, F|263/263\n|turn|1\n|\n|t:|1733903478\n|move|p2a: Froslass|Poltergeist|p1a: Lunala\n|-activate|p1a: Lunala|move: Poltergeist|Leftovers\n|-supereffective|p1a: Lunala\n|-damage|p1a: Lunala|54/308\n|move|p1a: Lunala|Calm Mind|p1a: Lunala\n|-boost|p1a: Lunala|spa|1\n|-boost|p1a: Lunala|spd|1\n|\n|-heal|p1a: Lunala|73/308|[from] item: Leftovers\n|upkeep\n|turn|2\n|\n|t:|1733903485\n|move|p2a: Froslass|Poltergeist|p1a: Lunala\n|-activate|p1a: Lunala|move: Poltergeist|Leftovers\n|-supereffective|p1a: Lunala\n|-damage|p1a: Lunala|0 fnt\n|faint|p1a: Lunala\n|\n|upkeep\n|\n|t:|1733903490\n|switch|p1a: Bruxish|Bruxish, L85, M|254/254\n|turn|3\n|\n|t:|1733903509\n|move|p1a: Bruxish|Psychic Fangs|p2a: Froslass\n|-damage|p2a: Froslass|97/263\n|move|p2a: Froslass|Poltergeist|p1a: Bruxish\n|-activate|p1a: Bruxish|move: Poltergeist|Choice Scarf\n|-supereffective|p1a: Bruxish\n|-damage|p1a: Bruxish|0 fnt\n|faint|p1a: Bruxish\n|\n|upkeep\n|\n|t:|1733903517\n|switch|p1a: Cyclizar|Cyclizar, L83, F|252/252\n|turn|4\n|\n|t:|1733903525\n|move|p1a: Cyclizar|Draco Meteor|p2a: Froslass|[miss]\n|-miss|p1a: Cyclizar|p2a: Froslass\n|move|p2a: Froslass|Triple Axel|p1a: Cyclizar\n|-supereffective|p1a: Cyclizar\n|-damage|p1a: Cyclizar|202/252\n|-supereffective|p1a: Cyclizar\n|-damage|p1a: Cyclizar|110/252\n|-supereffective|p1a: Cyclizar\n|-damage|p1a: Cyclizar|0 fnt\n|faint|p1a: Cyclizar\n|-hitcount|p1: Cyclizar|3\n|\n|upkeep\n|\n|t:|1733903532\n|switch|p1a: Arceus|Arceus-Fire, L72|291/291\n|turn|5\n|\n|t:|1733903547\n|switch|p2a: Armarouge|Armarouge, L80, M|267/267\n|move|p1a: Arceus|Extreme Speed|p2a: Armarouge\n|-damage|p2a: Armarouge|218/267\n|-ability|p2a: Armarouge|Weak Armor|boost\n|-unboost|p2a: Armarouge|def|1\n|-boost|p2a: Armarouge|spe|2\n|\n|upkeep\n|turn|6\n|\n|t:|1733903561\n|switch|p2a: Flygon|Flygon, L82, M|265/265\n|move|p1a: Arceus|Swords Dance|p1a: Arceus\n|-boost|p1a: Arceus|atk|2\n|\n|upkeep\n|turn|7\n|\n|t:|1733903566\n|-terastallize|p2a: Flygon|Ground\n|move|p1a: Arceus|Flare Blitz|p2a: Flygon\n|-damage|p2a: Flygon|0 fnt\n|faint|p2a: Flygon\n|-damage|p1a: Arceus|204/291|[from] Recoil\n|\n|upkeep\n|\n|t:|1733903576\n|switch|p2a: Hippowdon|Hippowdon, L82, F|311/311\n|-weather|Sandstorm|[from] ability: Sand Stream|[of] p2a: Hippowdon\n|turn|8\n|\n|t:|1733903585\n|move|p1a: Arceus|Earthquake|p2a: Hippowdon\n|-damage|p2a: Hippowdon|218/311\n|move|p2a: Hippowdon|Earthquake|p1a: Arceus\n|-supereffective|p1a: Arceus\n|-damage|p1a: Arceus|0 fnt\n|faint|p1a: Arceus\n|\n|-weather|Sandstorm|[upkeep]\n|-heal|p2a: Hippowdon|237/311|[from] item: Leftovers\n|upkeep\n|\n|t:|1733903593\n|switch|p1a: Kricketune|Kricketune, L99, M|312/312\n|turn|9\n|\n|t:|1733903600\n|switch|p2a: Armarouge|Armarouge, L80, M|218/267\n|move|p1a: Kricketune|Knock Off|p2a: Armarouge\n|-supereffective|p2a: Armarouge\n|-damage|p2a: Armarouge|64/267\n|-ability|p2a: Armarouge|Weak Armor|boost\n|-unboost|p2a: Armarouge|def|1\n|-boost|p2a: Armarouge|spe|2\n|-enditem|p2a: Armarouge|Choice Specs|[from] move: Knock Off|[of] p1a: Kricketune\n|\n|-weather|Sandstorm|[upkeep]\n|-damage|p2a: Armarouge|48/267|[from] Sandstorm\n|-damage|p1a: Kricketune|293/312|[from] Sandstorm\n|upkeep\n|turn|10\n|\n|t:|1733903608\n|move|p2a: Armarouge|Armor Cannon|p1a: Kricketune\n|-supereffective|p1a: Kricketune\n|-damage|p1a: Kricketune|0 fnt\n|-unboost|p2a: Armarouge|def|1\n|-unboost|p2a: Armarouge|spd|1\n|faint|p1a: Kricketune\n|\n|-weather|Sandstorm|[upkeep]\n|-damage|p2a: Armarouge|32/267|[from] Sandstorm\n|upkeep\n|\n|t:|1733903612\n|switch|p1a: Talonflame|Talonflame, L83, F|265/265\n|turn|11\n|\n|t:|1733903620\n|move|p2a: Armarouge|Psyshock|p1a: Talonflame\n|-damage|p1a: Talonflame|144/265\n|move|p1a: Talonflame|Tera Blast|p2a: Armarouge\n|-crit|p2a: Armarouge\n|-damage|p2a: Armarouge|0 fnt\n|faint|p2a: Armarouge\n|\n|-weather|Sandstorm|[upkeep]\n|-damage|p1a: Talonflame|128/265|[from] Sandstorm\n|upkeep\n|\n|t:|1733903625\n|switch|p2a: Tyranitar|Tyranitar, L79, F|288/288\n|turn|12\n|\n|t:|1733903632\n|move|p1a: Talonflame|Brave Bird|p2a: Tyranitar\n|-resisted|p2a: Tyranitar\n|-damage|p2a: Tyranitar|241/288\n|-damage|p1a: Talonflame|112/265|[from] Recoil\n|move|p2a: Tyranitar|Stone Edge|p1a: Talonflame\n|-supereffective|p1a: Talonflame\n|-damage|p1a: Talonflame|0 fnt\n|faint|p1a: Talonflame\n|\n|win|suharrr\n", "inputlog": ">version bfd83cad13791eb5a5a409923076391caf6fb4d4\n>start {\"formatid\":\"gen9randombattle\",\"seed\":[36361,2382,61956,30038]}\n>player p1 {\"name\":\"suharrrrr\",\"avatar\":\"169\",\"rating\":0,\"seed\":[39750,25128,58815,22901]}\n>player p2 {\"name\":\"suharrr\",\"avatar\":\"266\",\"rating\":0,\"seed\":[5391,63642,52166,52961]}\n>p1 move calmmind\n>p2 move poltergeist\n>p1 move moonblast\n>p2 move poltergeist\n>p1 switch 5\n>p1 move psychicfangs\n>p2 move poltergeist\n>p1 switch 4\n>p1 move dracometeor\n>p2 move tripleaxel\n>p1 switch 3\n>p1 move extremespeed\n>p2 switch 5\n>p1 move swordsdance\n>p2 switch 2\n>p1 move flareblitz\n>p2 move earthquake terastallize\n>p2 switch 3\n>p1 move earthquake\n>p2 move earthquake\n>p1 switch 6\n>p1 move knockoff\n>p2 switch 2\n>p1 move knockoff\n>p2 move armorcannon\n>p1 switch 2\n>p1 move terablast\n>p2 move psyshock\n>p2 switch 4\n>p1 move bravebird\n>p2 move stoneedge", "uploadtime": 1733903639, "views": 1, "formatid": "gen9randombattle", "rating": null, "private": 0, "password": null}