{"id": "gen9randombattle-2226714878", "format": "[Gen 9] Random Battle", "players": ["Bryan Evangelista", "Qiuescent"], "log": "|badge|p1|bronze|gen9randombattle|100-3\n|uhtml|medal-msg|<div class=\"broadcast-blue\">Curious what those medals under the avatar are? PS now has Ladder Seasons! For more information, check out the <a href=\"https://www.smogon.com/forums/threads/3740067/\">thread on Smogon.</a></div>\n|badge|p2|bronze|gen9randombattle|100-3\n|uhtml|medal-msg|<div class=\"broadcast-blue\">Curious what those medals under the avatar are? PS now has Ladder Seasons! For more information, check out the <a href=\"https://www.smogon.com/forums/threads/3740067/\">thread on Smogon.</a></div>\n|j|\u2606Bryan Evangelista\n|j|\u203dQiuescent\n|t:|1729388808\n|gametype|singles\n|player|p1|Bryan Evangelista|lucas|2261\n|player|p2|Qiuescent|169|2253\n|teamsize|p1|6\n|teamsize|p2|6\n|gen|9\n|tier|[Gen 9] Random Battle\n|rated|\n|rule|Species Clause: Limit one of each Pok\u00e9mon\n|rule|HP Percentage Mod: HP is shown in percentages\n|rule|Sleep Clause Mod: Limit one foe put to sleep\n|rule|Illusion Level Mod: Illusion disguises the Pok\u00e9mon's true level\n|\n|t:|1729388808\n|start\n|switch|p1a: Dragalge|Dragalge, L88, M|258/258\n|switch|p2a: Pelipper|Pelipper, L86, F|243/243\n|-weather|RainDance|[from] ability: Drizzle|[of] p2a: Pelipper\n|turn|1\n|\n|t:|1729388829\n|move|p2a: Pelipper|Hurricane|p1a: Dragalge\n|-damage|p1a: Dragalge|174/258\n|move|p1a: Dragalge|Toxic Spikes|p2a: Pelipper\n|-sidestart|p2: Qiuescent|move: Toxic Spikes\n|\n|-weather|RainDance|[upkeep]\n|-heal|p1a: Dragalge|190/258|[from] item: Leftovers\n|upkeep\n|turn|2\n|\n|t:|1729388835\n|move|p2a: Pelipper|Hurricane|p1a: Dragalge\n|-damage|p1a: Dragalge|105/258\n|-start|p1a: Dragalge|confusion\n|-activate|p1a: Dragalge|confusion\n|move|p1a: Dragalge|Draco Meteor|p2a: Pelipper\n|-damage|p2a: Pelipper|5/243\n|-unboost|p1a: Dragalge|spa|2\n|\n|-weather|RainDance|[upkeep]\n|-heal|p1a: Dragalge|121/258|[from] item: Leftovers\n|upkeep\n|turn|3\n|\n|t:|1729388848\n|switch|p1a: Maushold|Maushold, L76|238/238\n|move|p2a: Pelipper|Roost|p2a: Pelipper\n|-heal|p2a: Pelipper|127/243\n|-singleturn|p2a: Pelipper|move: Roost\n|\n|-weather|RainDance|[upkeep]\n|upkeep\n|turn|4\n|\n|t:|1729388854\n|switch|p2a: Revavroom|Revavroom, L79, F|256/256\n|-sideend|p2: Qiuescent|move: Toxic Spikes|[of] p2a: Revavroom\n|move|p1a: Maushold|Population Bomb|p2a: Revavroom\n|-resisted|p2a: Revavroom\n|-damage|p2a: Revavroom|244/256\n|-resisted|p2a: Revavroom\n|-damage|p2a: Revavroom|232/256\n|-resisted|p2a: Revavroom\n|-damage|p2a: Revavroom|220/256\n|-resisted|p2a: Revavroom\n|-damage|p2a: Revavroom|209/256\n|-resisted|p2a: Revavroom\n|-damage|p2a: Revavroom|198/256\n|-resisted|p2a: Revavroom\n|-damage|p2a: Revavroom|186/256\n|-resisted|p2a: Revavroom\n|-damage|p2a: Revavroom|174/256\n|-resisted|p2a: Revavroom\n|-damage|p2a: Revavroom|162/256\n|-resisted|p2a: Revavroom\n|-damage|p2a: Revavroom|150/256\n|-resisted|p2a: Revavroom\n|-damage|p2a: Revavroom|139/256\n|-hitcount|p2a: Revavroom|10\n|\n|-weather|RainDance|[upkeep]\n|upkeep\n|turn|5\n|\n|t:|1729388861\n|move|p1a: Maushold|Population Bomb|p2a: Revavroom\n|-resisted|p2a: Revavroom\n|-damage|p2a: Revavroom|127/256\n|-resisted|p2a: Revavroom\n|-damage|p2a: Revavroom|115/256\n|-resisted|p2a: Revavroom\n|-damage|p2a: Revavroom|103/256\n|-resisted|p2a: Revavroom\n|-damage|p2a: Revavroom|91/256\n|-resisted|p2a: Revavroom\n|-damage|p2a: Revavroom|79/256\n|-resisted|p2a: Revavroom\n|-damage|p2a: Revavroom|67/256\n|-resisted|p2a: Revavroom\n|-damage|p2a: Revavroom|56/256\n|-resisted|p2a: Revavroom\n|-damage|p2a: Revavroom|45/256\n|-resisted|p2a: Revavroom\n|-damage|p2a: Revavroom|33/256\n|-resisted|p2a: Revavroom\n|-damage|p2a: Revavroom|22/256\n|-hitcount|p2a: Revavroom|10\n|move|p2a: Revavroom|Iron Head|p1a: Maushold\n|-damage|p1a: Maushold|94/238\n|-damage|p2a: Revavroom|0 fnt|[from] item: Life Orb\n|faint|p2a: Revavroom\n|\n|-weather|none\n|upkeep\n|\n|t:|1729388888\n|switch|p2a: Tauros|Tauros, L82, M|257/257\n|turn|6\n|\n|t:|1729388914\n|switch|p1a: Drifblim|Drifblim, L86, M|396/396\n|move|p2a: Tauros|Body Slam|p1a: Drifblim\n|-immune|p1a: Drifblim\n|\n|upkeep\n|turn|7\n|\n|t:|1729388924\n|switch|p2a: Wo-Chien|Wo-Chien, L83|277/277\n|-ability|p2a: Wo-Chien|Tablets of Ruin\n|move|p1a: Drifblim|Calm Mind|p1a: Drifblim\n|-boost|p1a: Drifblim|spa|1\n|-boost|p1a: Drifblim|spd|1\n|\n|upkeep\n|turn|8\n|inactive|Battle timer is ON: inactive players will automatically lose when time's up. (requested by Qiuescent)\n|\n|t:|1729388943\n|move|p1a: Drifblim|Air Slash|p2a: Wo-Chien|[miss]\n|-miss|p1a: Drifblim|p2a: Wo-Chien\n|move|p2a: Wo-Chien|Leech Seed|p1a: Drifblim\n|-start|p1a: Drifblim|move: Leech Seed\n|\n|-damage|p1a: Drifblim|347/396|[from] Leech Seed|[of] p2a: Wo-Chien\n|upkeep\n|turn|9\n|\n|t:|1729388950\n|move|p1a: Drifblim|Air Slash|p2a: Wo-Chien\n|-supereffective|p2a: Wo-Chien\n|-damage|p2a: Wo-Chien|97/277\n|move|p2a: Wo-Chien|Knock Off|p1a: Drifblim\n|-supereffective|p1a: Drifblim\n|-damage|p1a: Drifblim|57/396\n|-enditem|p1a: Drifblim|Sitrus Berry|[from] move: Knock Off|[of] p2a: Wo-Chien\n|\n|-heal|p2a: Wo-Chien|114/277|[from] item: Leftovers\n|-damage|p1a: Drifblim|8/396|[from] Leech Seed|[of] p2a: Wo-Chien\n|-heal|p2a: Wo-Chien|163/277|[silent]\n|upkeep\n|turn|10\n|\n|t:|1729388958\n|move|p2a: Wo-Chien|Protect|p2a: Wo-Chien\n|-singleturn|p2a: Wo-Chien|Protect\n|move|p1a: Drifblim|Air Slash|p2a: Wo-Chien\n|-activate|p2a: Wo-Chien|move: Protect\n|\n|-heal|p2a: Wo-Chien|180/277|[from] item: Leftovers\n|-damage|p1a: Drifblim|0 fnt|[from] Leech Seed|[of] p2a: Wo-Chien\n|-heal|p2a: Wo-Chien|188/277|[silent]\n|faint|p1a: Drifblim\n|upkeep\n|\n|t:|1729388961\n|switch|p1a: Dragalge|Dragalge, L88, M|121/258\n|turn|11\n|\n|t:|1729388978\n|move|p2a: Wo-Chien|Knock Off|p1a: Dragalge\n|-damage|p1a: Dragalge|34/258\n|-enditem|p1a: Dragalge|Leftovers|[from] move: Knock Off|[of] p2a: Wo-Chien\n|move|p1a: Dragalge|Toxic Spikes|p2a: Wo-Chien\n|-sidestart|p2: Qiuescent|move: Toxic Spikes\n|\n|-heal|p2a: Wo-Chien|205/277|[from] item: Leftovers\n|upkeep\n|turn|12\n|\n|t:|1729388985\n|switch|p1a: Houndoom|Houndoom, L87, M|272/272\n|move|p2a: Wo-Chien|Knock Off|p1a: Houndoom\n|-resisted|p1a: Houndoom\n|-damage|p1a: Houndoom|211/272\n|-enditem|p1a: Houndoom|Heavy-Duty Boots|[from] move: Knock Off|[of] p2a: Wo-Chien\n|\n|-heal|p2a: Wo-Chien|222/277|[from] item: Leftovers\n|upkeep\n|turn|13\n|\n|t:|1729388999\n|switch|p2a: Araquanid|Araquanid, L82, M|246/246\n|move|p1a: Houndoom|Fire Blast|p2a: Araquanid\n|-damage|p2a: Araquanid|195/246\n|\n|upkeep\n|turn|14\n|\n|t:|1729389015\n|switch|p1a: Dragalge|Dragalge, L88, M|34/258\n|move|p2a: Araquanid|Sticky Web|p1a: Dragalge\n|-sidestart|p1: Bryan Evangelista|move: Sticky Web\n|\n|upkeep\n|turn|15\n|\n|t:|1729389031\n|switch|p2a: Wo-Chien|Wo-Chien, L83|222/277\n|-status|p2a: Wo-Chien|psn\n|-ability|p2a: Wo-Chien|Tablets of Ruin\n|move|p1a: Dragalge|Draco Meteor|p2a: Wo-Chien\n|-damage|p2a: Wo-Chien|82/277 psn\n|-unboost|p1a: Dragalge|spa|2\n|\n|-heal|p2a: Wo-Chien|99/277 psn|[from] item: Leftovers\n|-damage|p2a: Wo-Chien|65/277 psn|[from] psn\n|upkeep\n|turn|16\n|\n|t:|1729389040\n|switch|p1a: Houndoom|Houndoom, L87, M|211/272\n|-activate|p1a: Houndoom|move: Sticky Web\n|-unboost|p1a: Houndoom|spe|1\n|move|p2a: Wo-Chien|Knock Off|p1a: Houndoom\n|-resisted|p1a: Houndoom\n|-damage|p1a: Houndoom|168/272\n|\n|-heal|p2a: Wo-Chien|82/277 psn|[from] item: Leftovers\n|-damage|p2a: Wo-Chien|48/277 psn|[from] psn\n|upkeep\n|turn|17\n|\n|t:|1729389046\n|switch|p2a: Araquanid|Araquanid, L82, M|195/246\n|move|p1a: Houndoom|Sludge Bomb|p2a: Araquanid\n|-crit|p2a: Araquanid\n|-damage|p2a: Araquanid|107/246\n|-status|p2a: Araquanid|psn\n|\n|-damage|p2a: Araquanid|77/246 psn|[from] psn\n|upkeep\n|turn|18\n|\n|t:|1729389054\n|move|p1a: Houndoom|Dark Pulse|p2a: Araquanid\n|-damage|p2a: Araquanid|2/246 psn\n|move|p2a: Araquanid|Liquidation|p1a: Houndoom\n|-supereffective|p1a: Houndoom\n|-damage|p1a: Houndoom|0 fnt\n|faint|p1a: Houndoom\n|\n|-damage|p2a: Araquanid|0 fnt|[from] psn\n|faint|p2a: Araquanid\n|upkeep\n|\n|t:|1729389069\n|switch|p1a: Keldeo|Keldeo-Resolute, L79|273/273\n|switch|p2a: Pelipper|Pelipper, L86, F|127/243\n|-activate|p1a: Keldeo|move: Sticky Web\n|-unboost|p1a: Keldeo|spe|1\n|-weather|RainDance|[from] ability: Drizzle|[of] p2a: Pelipper\n|turn|19\n|\n|t:|1729389076\n|-terastallize|p1a: Keldeo|Steel\n|move|p2a: Pelipper|Hurricane|p1a: Keldeo\n|-resisted|p1a: Keldeo\n|-damage|p1a: Keldeo|213/273\n|move|p1a: Keldeo|Calm Mind|p1a: Keldeo\n|-boost|p1a: Keldeo|spa|1\n|-boost|p1a: Keldeo|spd|1\n|\n|-weather|RainDance|[upkeep]\n|-heal|p1a: Keldeo|230/273|[from] item: Leftovers\n|upkeep\n|turn|20\n|\n|t:|1729389079\n|move|p2a: Pelipper|Hydro Pump|p1a: Keldeo\n|-damage|p1a: Keldeo|95/273\n|move|p1a: Keldeo|Surf|p2a: Pelipper\n|-resisted|p2a: Pelipper\n|-damage|p2a: Pelipper|0 fnt\n|faint|p2a: Pelipper\n|\n|-weather|RainDance|[upkeep]\n|-heal|p1a: Keldeo|112/273|[from] item: Leftovers\n|upkeep\n|\n|t:|1729389082\n|switch|p2a: Tauros|Tauros, L82, M|257/257\n|-status|p2a: Tauros|psn\n|turn|21\n|\n|t:|1729389086\n|move|p2a: Tauros|Close Combat|p1a: Keldeo\n|-supereffective|p1a: Keldeo\n|-damage|p1a: Keldeo|0 fnt\n|-unboost|p2a: Tauros|def|1\n|-unboost|p2a: Tauros|spd|1\n|faint|p1a: Keldeo\n|-damage|p2a: Tauros|232/257 psn|[from] item: Life Orb\n|\n|-weather|RainDance|[upkeep]\n|-damage|p2a: Tauros|200/257 psn|[from] psn\n|upkeep\n|\n|t:|1729389089\n|switch|p1a: Cloyster|Cloyster, L79, M|209/209\n|-activate|p1a: Cloyster|move: Sticky Web\n|-unboost|p1a: Cloyster|spe|1\n|-enditem|p1a: Cloyster|White Herb\n|-clearnegativeboost|p1a: Cloyster|[silent]\n|turn|22\n|\n|t:|1729389096\n|-terastallize|p2a: Tauros|Fighting\n|move|p2a: Tauros|Close Combat|p1a: Cloyster\n|-supereffective|p1a: Cloyster\n|-damage|p1a: Cloyster|30/209\n|-unboost|p2a: Tauros|def|1\n|-unboost|p2a: Tauros|spd|1\n|-damage|p2a: Tauros|175/257 psn|[from] item: Life Orb\n|move|p1a: Cloyster|Shell Smash|p1a: Cloyster\n|-unboost|p1a: Cloyster|def|1\n|-unboost|p1a: Cloyster|spd|1\n|-boost|p1a: Cloyster|atk|2\n|-boost|p1a: Cloyster|spa|2\n|-boost|p1a: Cloyster|spe|2\n|\n|-weather|RainDance|[upkeep]\n|-damage|p2a: Tauros|143/257 psn|[from] psn\n|upkeep\n|turn|23\n|\n|t:|1729389099\n|switch|p2a: Wo-Chien|Wo-Chien, L83|48/277 psn\n|-ability|p2a: Wo-Chien|Tablets of Ruin\n|move|p1a: Cloyster|Icicle Spear|p2a: Wo-Chien\n|-supereffective|p2a: Wo-Chien\n|-damage|p2a: Wo-Chien|0 fnt\n|faint|p2a: Wo-Chien\n|-hitcount|p2: Wo-Chien|1\n|\n|-weather|none\n|upkeep\n|\n|t:|1729389100\n|switch|p2a: Misdreavus|Misdreavus, L90, M|254/254\n|turn|24\n|\n|t:|1729389104\n|move|p1a: Cloyster|Icicle Spear|p2a: Misdreavus\n|-damage|p2a: Misdreavus|211/254\n|-damage|p2a: Misdreavus|172/254\n|-damage|p2a: Misdreavus|136/254\n|-damage|p2a: Misdreavus|97/254\n|-damage|p2a: Misdreavus|57/254\n|-hitcount|p2a: Misdreavus|5\n|move|p2a: Misdreavus|Draining Kiss|p1a: Cloyster\n|-damage|p1a: Cloyster|0 fnt\n|-heal|p2a: Misdreavus|80/254|[from] drain|[of] p1a: Cloyster\n|faint|p1a: Cloyster\n|\n|upkeep\n|\n|t:|1729389108\n|switch|p1a: Maushold|Maushold, L76|94/238\n|-activate|p1a: Maushold|move: Sticky Web\n|-unboost|p1a: Maushold|spe|1\n|turn|25\n|\n|t:|1729389111\n|move|p2a: Misdreavus|Will-O-Wisp|p1a: Maushold\n|-status|p1a: Maushold|brn\n|move|p1a: Maushold|Tidy Up|p1a: Maushold\n|-sideend|p1: Bryan Evangelista|Sticky Web\n|-sideend|p2: Qiuescent|Toxic Spikes\n|-activate|p1a: Maushold|move: Tidy Up\n|-boost|p1a: Maushold|atk|1\n|-boost|p1a: Maushold|spe|1\n|\n|-damage|p1a: Maushold|80/238 brn|[from] brn\n|upkeep\n|turn|26\n|\n|t:|1729389124\n|move|p1a: Maushold|Encore|p2a: Misdreavus\n|-start|p2a: Misdreavus|Encore\n|move|p2a: Misdreavus|Will-O-Wisp|p1a: Maushold\n|-fail|p1a: Maushold|brn\n|\n|-damage|p1a: Maushold|66/238 brn|[from] brn\n|upkeep\n|turn|27\n|\n|t:|1729389127\n|switch|p2a: Tauros|Tauros, L82, M, tera:Fighting|143/257 psn\n|move|p1a: Maushold|Tidy Up|p1a: Maushold\n|-boost|p1a: Maushold|atk|1\n|-boost|p1a: Maushold|spe|1\n|\n|-damage|p2a: Tauros|111/257 psn|[from] psn\n|-damage|p1a: Maushold|52/238 brn|[from] brn\n|upkeep\n|turn|28\n|\n|t:|1729389130\n|switch|p2a: Misdreavus|Misdreavus, L90, M|80/254\n|move|p1a: Maushold|Population Bomb|p2a: Misdreavus\n|-immune|p2a: Misdreavus\n|\n|-damage|p1a: Maushold|38/238 brn|[from] brn\n|upkeep\n|turn|29\n|\n|t:|1729389132\n|move|p1a: Maushold|Bite|p2a: Misdreavus\n|-supereffective|p2a: Misdreavus\n|-damage|p2a: Misdreavus|4/254\n|move|p2a: Misdreavus|Draining Kiss|p1a: Maushold\n|-damage|p1a: Maushold|0 fnt\n|-heal|p2a: Misdreavus|33/254|[from] drain|[of] p1a: Maushold\n|faint|p1a: Maushold\n|\n|upkeep\n|\n|t:|1729389135\n|switch|p1a: Dragalge|Dragalge, L88, M|34/258\n|turn|30\n|\n|t:|1729389137\n|move|p2a: Misdreavus|Shadow Ball|p1a: Dragalge\n|-damage|p1a: Dragalge|0 fnt\n|faint|p1a: Dragalge\n|\n|win|Qiuescent\n|raw|Bryan Evangelista's rating: 2261 &rarr; <strong>2242</strong><br />(-19 for losing)\n|raw|Qiuescent's rating: 2273 &rarr; <strong>2292</strong><br />(+19 for winning)\n", "inputlog": ">version d967917bdbe23543122e7f76a99db1c12c9df4ac\n>start {\"formatid\":\"gen9randombattle\",\"seed\":[917,61707,51452,55269],\"rated\":\"Rated battle\"}\n>player p1 {\"name\":\"Bryan Evangelista\",\"avatar\":\"lucas\",\"rating\":2261,\"seed\":[17620,29452,50175,5201]}\n>player p2 {\"name\":\"Qiuescent\",\"avatar\":\"169\",\"rating\":2253,\"seed\":[38721,65202,47822,26995]}\n>p1 move toxicspikes\n>p2 move hurricane\n>p1 move dracometeor\n>p2 move hurricane\n>p1 switch 3\n>p2 move roost\n>p1 move populationbomb\n>p2 switch 3\n>p1 move populationbomb\n>p2 move ironhead\n>p2 switch 5\n>p1 switch 6\n>p2 move bodyslam\n>p1 move calmmind\n>p2 switch 2\n>p1 move airslash\n>p2 move leechseed\n>p1 move airslash\n>p2 move knockoff\n>p1 move airslash\n>p2 move protect\n>p1 switch 3\n>p1 move toxicspikes\n>p2 move knockoff\n>p1 switch 4\n>p2 move knockoff\n>p1 move fireblast\n>p2 switch 4\n>p1 switch 4\n>p2 move stickyweb\n>p1 move dracometeor\n>p2 switch 4\n>p1 switch 4\n>p2 move knockoff\n>p1 move sludgebomb\n>p2 switch 4\n>p1 move darkpulse\n>p2 move liquidation\n>p1 switch 2\n>p2 switch 3\n>p1 move calmmind terastallize\n>p2 move hurricane\n>p1 move surf\n>p2 move hydropump\n>p2 switch 2\n>p1 move surf\n>p2 move closecombat\n>p1 switch 5\n>p1 move shellsmash\n>p2 move closecombat terastallize\n>p1 move iciclespear\n>p2 switch 4\n>p2 switch 6\n>p1 move iciclespear\n>p2 move drainingkiss\n>p1 switch 6\n>p1 move tidyup\n>p2 move willowisp\n>p1 move encore\n>p2 move drainingkiss\n>p1 move tidyup\n>p2 switch 4\n>p1 move populationbomb\n>p2 switch 4\n>p1 move bite\n>p2 move drainingkiss\n>p1 switch 4\n>p1 move sludgewave\n>p2 move shadowball", "uploadtime": 1729389138, "views": 56, "formatid": "gen9randombattle", "rating": 2242, "private": 0, "password": null}