{"id": "gen9randombattle-2260905907", "format": "[Gen 9] Random Battle", "players": ["krjdkxncgjj", "Bgjinhg"], "log": "|j|\u2606krjdkxncgjj\n|j|\u2606Bgjinhg\n|t:|1733914443\n|gametype|singles\n|player|p1|krjdkxncgjj|flannery|1000\n|player|p2|Bgjinhg|169|1040\n|teamsize|p1|6\n|teamsize|p2|6\n|gen|9\n|tier|[Gen 9] Random Battle\n|rated|\n|rule|Species Clause: Limit one of each Pok\u00e9mon\n|rule|HP Percentage Mod: HP is shown in percentages\n|rule|Sleep Clause Mod: Limit one foe put to sleep\n|rule|Illusion Level Mod: Illusion disguises the Pok\u00e9mon's true level\n|\n|t:|1733914443\n|start\n|switch|p1a: Infernape|Infernape, L82, M|259/259\n|switch|p2a: Flygon|Flygon, L82, M|265/265\n|turn|1\n|inactive|Battle timer is ON: inactive players will automatically lose when time's up. (requested by krjdkxncgjj)\n|\n|t:|1733914455\n|move|p1a: Infernape|Close Combat|p2a: Flygon\n|-damage|p2a: Flygon|49/265\n|-unboost|p1a: Infernape|def|1\n|-unboost|p1a: Infernape|spd|1\n|move|p2a: Flygon|Earthquake|p1a: Infernape\n|-supereffective|p1a: Infernape\n|-damage|p1a: Infernape|0 fnt\n|faint|p1a: Infernape\n|\n|upkeep\n|\n|t:|1733914468\n|switch|p1a: Raichu|Raichu, L88, M|249/249\n|turn|2\n|\n|t:|1733914473\n|move|p1a: Raichu|Surf|p2a: Flygon\n|-damage|p2a: Flygon|0 fnt\n|faint|p2a: Flygon\n|-damage|p1a: Raichu|225/249|[from] item: Life Orb\n|\n|upkeep\n|\n|t:|1733914497\n|switch|p2a: Thundurus|Thundurus-Therian, L80, M|258/258\n|turn|3\n|\n|t:|1733914509\n|move|p2a: Thundurus|Psychic|p1a: Raichu\n|-damage|p1a: Raichu|141/249\n|move|p1a: Raichu|Nasty Plot|p1a: Raichu\n|-boost|p1a: Raichu|spa|2\n|\n|upkeep\n|turn|4\n|\n|t:|1733914519\n|switch|p1a: Slowking|Slowking-Galar, L85, F|300/300\n|move|p2a: Thundurus|Psychic|p1a: Slowking\n|-damage|p1a: Slowking|256/300\n|-unboost|p1a: Slowking|spd|1\n|\n|upkeep\n|turn|5\n|\n|t:|1733914534\n|switch|p2a: Polteageist|Polteageist-Antique, L79|224/224\n|move|p1a: Slowking|Future Sight|p2a: Polteageist\n|-start|p1a: Slowking|move: Future Sight\n|\n|upkeep\n|turn|6\n|inactive|krjdkxncgjj has 120 seconds left.\n|\n|t:|1733914566\n|move|p2a: Polteageist|Shell Smash|p2a: Polteageist\n|-unboost|p2a: Polteageist|def|1\n|-unboost|p2a: Polteageist|spd|1\n|-boost|p2a: Polteageist|atk|2\n|-boost|p2a: Polteageist|spa|2\n|-boost|p2a: Polteageist|spe|2\n|-enditem|p2a: Polteageist|White Herb\n|-clearnegativeboost|p2a: Polteageist|[silent]\n|move|p1a: Slowking|Psychic Noise|p2a: Polteageist\n|-damage|p2a: Polteageist|146/224\n|-start|p2a: Polteageist|move: Heal Block\n|-start|p1a: Slowking|Disable|Psychic Noise|[from] ability: Cursed Body|[of] p2a: Polteageist\n|\n|upkeep\n|turn|7\n|\n|t:|1733914581\n|switch|p1a: Greedent|Greedent, L86, M|347/347\n|move|p2a: Polteageist|Shadow Ball|p1a: Greedent\n|-immune|p1a: Greedent\n|\n|-end|p2a: Polteageist|move: Future Sight\n|-damage|p2a: Polteageist|20/224\n|-end|p2a: Polteageist|move: Heal Block\n|upkeep\n|turn|8\n|\n|t:|1733914596\n|move|p2a: Polteageist|Giga Drain|p1a: Greedent\n|-damage|p1a: Greedent|205/347\n|-heal|p2a: Polteageist|91/224|[from] drain|[of] p1a: Greedent\n|move|p1a: Greedent|Knock Off|p2a: Polteageist\n|-supereffective|p2a: Polteageist\n|-damage|p2a: Polteageist|0 fnt\n|-start|p1a: Greedent|Disable|Knock Off|[from] ability: Cursed Body|[of] p2a: Polteageist\n|faint|p2a: Polteageist\n|\n|upkeep\n|inactive|Bgjinhg has 120 seconds left.\n|\n|t:|1733914611\n|switch|p2a: Perrserker|Perrserker, L89, F|269/269\n|turn|9\n|inactive|Bgjinhg has 120 seconds left.\n|\n|t:|1733914623\n|switch|p1a: Slowking|Slowking-Galar, L85, F|300/300\n|move|p2a: Perrserker|Stealth Rock|p1a: Slowking\n|-sidestart|p1: krjdkxncgjj|move: Stealth Rock\n|\n|upkeep\n|turn|10\n|\n|t:|1733914640\n|move|p2a: Perrserker|Knock Off|p1a: Slowking\n|-supereffective|p1a: Slowking\n|-damage|p1a: Slowking|53/300\n|-enditem|p1a: Slowking|Assault Vest|[from] move: Knock Off|[of] p2a: Perrserker\n|-damage|p2a: Perrserker|243/269|[from] item: Life Orb\n|move|p1a: Slowking|Future Sight|p2a: Perrserker\n|-start|p1a: Slowking|move: Future Sight\n|\n|upkeep\n|turn|11\n|\n|t:|1733914648\n|switch|p1a: Greedent|Greedent, L86, M|205/347\n|-damage|p1a: Greedent|162/347|[from] Stealth Rock\n|-enditem|p1a: Greedent|Sitrus Berry|[eat]\n|-heal|p1a: Greedent|248/347|[from] item: Sitrus Berry\n|-heal|p1a: Greedent|347/347|[from] ability: Cheek Pouch\n|move|p2a: Perrserker|Knock Off|p1a: Greedent\n|-damage|p1a: Greedent|274/347\n|-damage|p2a: Perrserker|217/269|[from] item: Life Orb\n|\n|upkeep\n|turn|12\n|\n|t:|1733914661\n|move|p2a: Perrserker|Close Combat|p1a: Greedent\n|-supereffective|p1a: Greedent\n|-damage|p1a: Greedent|45/347\n|-unboost|p2a: Perrserker|def|1\n|-unboost|p2a: Perrserker|spd|1\n|-damage|p2a: Perrserker|191/269|[from] item: Life Orb\n|move|p1a: Greedent|Earthquake|p2a: Perrserker\n|-supereffective|p2a: Perrserker\n|-damage|p2a: Perrserker|17/269\n|\n|-end|p2a: Perrserker|move: Future Sight\n|-resisted|p2a: Perrserker\n|-damage|p2a: Perrserker|0 fnt\n|faint|p2a: Perrserker\n|upkeep\n|inactive|Bgjinhg has 120 seconds left.\n|\n|t:|1733914680\n|switch|p2a: Magearna|Magearna-Original, L77|250/250\n|turn|13\n|\n|t:|1733914686\n|move|p2a: Magearna|Aura Sphere|p1a: Greedent\n|-supereffective|p1a: Greedent\n|-crit|p1a: Greedent\n|-damage|p1a: Greedent|0 fnt\n|faint|p1a: Greedent\n|-ability|p2a: Magearna|Soul-Heart|boost\n|-boost|p2a: Magearna|spa|1\n|\n|upkeep\n|\n|t:|1733914703\n|switch|p1a: Manaphy|Manaphy, L78|284/284\n|-damage|p1a: Manaphy|249/284|[from] Stealth Rock\n|turn|14\n|\n|t:|1733914715\n|move|p2a: Magearna|Aura Sphere|p1a: Manaphy\n|-damage|p1a: Manaphy|166/284\n|move|p1a: Manaphy|Tail Glow|p1a: Manaphy\n|-boost|p1a: Manaphy|spa|3\n|\n|-heal|p1a: Manaphy|183/284|[from] item: Leftovers\n|upkeep\n|turn|15\n|\n|t:|1733914724\n|move|p2a: Magearna|Aura Sphere|p1a: Manaphy\n|-damage|p1a: Manaphy|99/284\n|move|p1a: Manaphy|Hydro Pump|p2a: Magearna\n|-damage|p2a: Magearna|31/250\n|\n|-heal|p1a: Manaphy|116/284|[from] item: Leftovers\n|upkeep\n|turn|16\n|\n|t:|1733914735\n|switch|p2a: Barraskewda|Barraskewda, L81, F|231/231\n|move|p1a: Manaphy|Ice Beam|p2a: Barraskewda\n|-resisted|p2a: Barraskewda\n|-damage|p2a: Barraskewda|124/231\n|-status|p2a: Barraskewda|frz\n|\n|-heal|p1a: Manaphy|133/284|[from] item: Leftovers\n|upkeep\n|turn|17\n|\n|t:|1733914747\n|-curestatus|p2a: Barraskewda|frz|[msg]\n|move|p2a: Barraskewda|Close Combat|p1a: Manaphy\n|-damage|p1a: Manaphy|0 fnt\n|-unboost|p2a: Barraskewda|def|1\n|-unboost|p2a: Barraskewda|spd|1\n|faint|p1a: Manaphy\n|\n|upkeep\n|\n|t:|1733914754\n|switch|p1a: Slowking|Slowking-Galar, L85, F|153/300\n|-damage|p1a: Slowking|116/300|[from] Stealth Rock\n|turn|18\n|\n|t:|1733914761\n|switch|p2a: Thundurus|Thundurus-Therian, L80, M|258/258\n|move|p1a: Slowking|Future Sight|p2a: Thundurus\n|-start|p1a: Slowking|move: Future Sight\n|\n|upkeep\n|turn|19\n|\n|t:|1733914772\n|move|p2a: Thundurus|Thunderbolt|p1a: Slowking\n|-damage|p1a: Slowking|5/300\n|move|p1a: Slowking|Sludge Bomb|p2a: Thundurus\n|-crit|p2a: Thundurus\n|-damage|p2a: Thundurus|63/258\n|\n|upkeep\n|turn|20\n|\n|t:|1733914781\n|switch|p2a: Barraskewda|Barraskewda, L81, F|124/231\n|switch|p1a: Raichu|Raichu, L88, M|141/249\n|-damage|p1a: Raichu|110/249|[from] Stealth Rock\n|\n|-end|p2a: Barraskewda|move: Future Sight\n|-damage|p2a: Barraskewda|0 fnt\n|faint|p2a: Barraskewda\n|upkeep\n|\n|t:|1733914792\n|switch|p2a: Magearna|Magearna-Original, L77|31/250\n|turn|21\n|\n|t:|1733914799\n|move|p1a: Raichu|Thunderbolt|p2a: Magearna\n|-damage|p2a: Magearna|0 fnt\n|faint|p2a: Magearna\n|-damage|p1a: Raichu|86/249|[from] item: Life Orb\n|\n|upkeep\n|-message|Bgjinhg forfeited.\n|\n|win|krjdkxncgjj\n|raw|krjdkxncgjj's rating: 1000 &rarr; <strong>1045</strong><br />(+45 for winning)\n|raw|Bgjinhg's rating: 1040 &rarr; <strong>1022</strong><br />(-18 for losing)\n|l|\u2606Bgjinhg\n|player|p2|\n", "inputlog": ">version bfd83cad13791eb5a5a409923076391caf6fb4d4\n>start {\"formatid\":\"gen9randombattle\",\"seed\":[26302,58831,2677,23081],\"rated\":\"Rated battle\"}\n>player p1 {\"name\":\"krjdkxncgjj\",\"avatar\":\"flannery\",\"rating\":1000,\"seed\":[52769,33323,28500,42232]}\n>player p2 {\"name\":\"Bgjinhg\",\"avatar\":\"169\",\"rating\":1040,\"seed\":[45377,12795,54665,59919]}\n>p1 move closecombat\n>p2 move earthquake\n>p1 switch 3\n>p1 move surf\n>p2 move earthquake\n>p2 switch 6\n>p1 move nastyplot\n>p2 move psychic\n>p1 switch 4\n>p2 move psychic\n>p1 move futuresight\n>p2 switch 2\n>p1 move psychicnoise\n>p2 move shellsmash\n>p1 switch 6\n>p2 move shadowball\n>p1 move knockoff\n>p2 move gigadrain\n>p2 switch 3\n>p1 switch 6\n>p2 move stealthrock\n>p1 move futuresight\n>p2 move knockoff\n>p1 switch 6\n>p2 move knockoff\n>p1 move earthquake\n>p2 move closecombat\n>p2 switch 4\n>p1 move earthquake\n>p2 move aurasphere\n>p1 switch 2\n>p1 move tailglow\n>p2 move aurasphere\n>p1 move hydropump\n>p2 move aurasphere\n>p1 move icebeam\n>p2 switch 5\n>p1 move energyball\n>p2 move closecombat\n>p1 switch 6\n>p1 move futuresight\n>p2 switch 2\n>p1 move sludgebomb\n>p2 move thunderbolt\n>p1 switch 4\n>p2 switch 2\n>p2 switch 5\n>p1 move thunderbolt\n>p2 move fleurcannon\n>forcelose p2", "uploadtime": 1733914808, "views": 1, "formatid": "gen9randombattle", "rating": 1022, "private": 0, "password": null}