{"id": "gen9randombattle-2156026880", "format": "[Gen 9] Random Battle", "players": ["fearlessgod", "Drop a nickname"], "log": "|j|\u2606fearlessgod\n|j|\u2606Drop a nickname\n|t:|1720249744\n|gametype|singles\n|player|p1|fearlessgod|cynthia|2241\n|player|p2|Drop a nickname|102|2264\n|teamsize|p1|6\n|teamsize|p2|6\n|gen|9\n|tier|[Gen 9] Random Battle\n|rated|\n|rule|Species Clause: Limit one of each Pok\u00e9mon\n|rule|HP Percentage Mod: HP is shown in percentages\n|rule|Sleep Clause Mod: Limit one foe put to sleep\n|rule|Illusion Level Mod: Illusion disguises the Pok\u00e9mon's true level\n|\n|t:|1720249744\n|start\n|switch|p1a: Breloom|Breloom, L82, F|233/233\n|switch|p2a: Ting-Lu|Ting-Lu, L78|370/370\n|-ability|p2a: Ting-Lu|Vessel of Ruin\n|turn|1\n|inactive|Battle timer is ON: inactive players will automatically lose when time's up. (requested by fearlessgod)\n|\n|t:|1720249757\n|switch|p2a: Dachsbun|Dachsbun, L91, M|252/252\n|move|p1a: Breloom|Spore|p2a: Dachsbun\n|-status|p2a: Dachsbun|slp|[from] move: Spore\n|\n|upkeep\n|turn|2\n|\n|t:|1720249770\n|cant|p2a: Dachsbun|slp\n|move|p1a: Breloom|Bullet Seed|p2a: Dachsbun\n|-damage|p2a: Dachsbun|205/252 slp\n|-damage|p2a: Dachsbun|162/252 slp\n|-damage|p2a: Dachsbun|119/252 slp\n|-hitcount|p2a: Dachsbun|3\n|-damage|p1a: Breloom|210/233|[from] item: Life Orb\n|\n|-heal|p2a: Dachsbun|134/252 slp|[from] item: Leftovers\n|upkeep\n|turn|3\n|\n|t:|1720249774\n|-curestatus|p2a: Dachsbun|slp|[msg]\n|move|p2a: Dachsbun|Protect|p2a: Dachsbun\n|-singleturn|p2a: Dachsbun|Protect\n|move|p1a: Breloom|Bullet Seed|p2a: Dachsbun\n|-activate|p2a: Dachsbun|move: Protect\n|\n|-heal|p2a: Dachsbun|149/252|[from] item: Leftovers\n|upkeep\n|turn|4\n|c|\u2606fearlessgod|)))\n|inactive|fearlessgod has 120 seconds left.\n|\n|t:|1720249816\n|switch|p1a: Flareon|Flareon, L90, M|263/263\n|move|p2a: Dachsbun|Play Rough|p1a: Flareon\n|-resisted|p1a: Flareon\n|-damage|p1a: Flareon|202/263\n|\n|-heal|p2a: Dachsbun|164/252|[from] item: Leftovers\n|-status|p1a: Flareon|tox|[from] item: Toxic Orb\n|upkeep\n|turn|5\n|\n|t:|1720249826\n|move|p2a: Dachsbun|Protect|p2a: Dachsbun\n|-singleturn|p2a: Dachsbun|Protect\n|move|p1a: Flareon|Facade|p2a: Dachsbun\n|-activate|p2a: Dachsbun|move: Protect\n|\n|-heal|p2a: Dachsbun|179/252|[from] item: Leftovers\n|-damage|p1a: Flareon|186/263 tox|[from] psn\n|upkeep\n|turn|6\n|\n|t:|1720249832\n|move|p2a: Dachsbun|Wish|p2a: Dachsbun\n|move|p1a: Flareon|Facade|p2a: Dachsbun\n|-damage|p2a: Dachsbun|5/252\n|\n|-heal|p2a: Dachsbun|20/252|[from] item: Leftovers\n|-damage|p1a: Flareon|154/263 tox|[from] psn\n|upkeep\n|turn|7\n|\n|t:|1720249838\n|switch|p1a: Volbeat|Volbeat, L90, M|263/263\n|move|p2a: Dachsbun|Protect||[still]\n|-fail|p2a: Dachsbun\n|\n|-heal|p2a: Dachsbun|146/252|[from] move: Wish|[wisher] Dachsbun\n|-heal|p2a: Dachsbun|161/252|[from] item: Leftovers\n|upkeep\n|turn|8\n|\n|t:|1720249843\n|move|p2a: Dachsbun|Protect|p2a: Dachsbun\n|-singleturn|p2a: Dachsbun|Protect\n|move|p1a: Volbeat|Lunge|p2a: Dachsbun\n|-activate|p2a: Dachsbun|move: Protect\n|\n|-heal|p2a: Dachsbun|176/252|[from] item: Leftovers\n|upkeep\n|turn|9\n|\n|t:|1720249850\n|switch|p2a: Gurdurr|Gurdurr, L85, F|283/283\n|move|p1a: Volbeat|Thunder Wave|p2a: Gurdurr\n|-status|p2a: Gurdurr|par\n|\n|upkeep\n|turn|10\n|\n|t:|1720249864\n|move|p1a: Volbeat|Lunge|p2a: Gurdurr\n|-resisted|p2a: Gurdurr\n|-damage|p2a: Gurdurr|256/283 par\n|-unboost|p2a: Gurdurr|atk|1\n|move|p2a: Gurdurr|Knock Off|p1a: Volbeat\n|-damage|p1a: Volbeat|183/263\n|-enditem|p1a: Volbeat|Heavy-Duty Boots|[from] move: Knock Off|[of] p2a: Gurdurr\n|\n|upkeep\n|turn|11\n|\n|t:|1720249879\n|move|p1a: Volbeat|Lunge|p2a: Gurdurr\n|-resisted|p2a: Gurdurr\n|-damage|p2a: Gurdurr|229/283 par\n|-unboost|p2a: Gurdurr|atk|1\n|move|p2a: Gurdurr|Knock Off|p1a: Volbeat\n|-damage|p1a: Volbeat|139/263\n|\n|upkeep\n|turn|12\n|\n|t:|1720249885\n|switch|p2a: Lucario|Lucario, L84, F|255/255\n|move|p1a: Volbeat|Roost|p1a: Volbeat\n|-heal|p1a: Volbeat|263/263\n|-singleturn|p1a: Volbeat|move: Roost\n|\n|upkeep\n|turn|13\n|\n|t:|1720249894\n|move|p1a: Volbeat|Thunder Wave|p2a: Lucario\n|-status|p2a: Lucario|par\n|cant|p2a: Lucario|par\n|\n|upkeep\n|turn|14\n|\n|t:|1720249922\n|move|p1a: Volbeat|Lunge|p2a: Lucario\n|-resisted|p2a: Lucario\n|-damage|p2a: Lucario|232/255 par\n|-unboost|p2a: Lucario|atk|1\n|cant|p2a: Lucario|par\n|\n|upkeep\n|turn|15\n|\n|t:|1720249930\n|switch|p2a: Gurdurr|Gurdurr, L85, F|229/283 par\n|move|p1a: Volbeat|Lunge|p2a: Gurdurr\n|-resisted|p2a: Gurdurr\n|-damage|p2a: Gurdurr|201/283 par\n|-unboost|p2a: Gurdurr|atk|1\n|\n|upkeep\n|turn|16\n|\n|t:|1720249934\n|move|p1a: Volbeat|Lunge|p2a: Gurdurr\n|-resisted|p2a: Gurdurr\n|-damage|p2a: Gurdurr|172/283 par\n|-unboost|p2a: Gurdurr|atk|1\n|cant|p2a: Gurdurr|par\n|\n|upkeep\n|turn|17\n|\n|t:|1720249938\n|move|p1a: Volbeat|Lunge|p2a: Gurdurr\n|-resisted|p2a: Gurdurr\n|-damage|p2a: Gurdurr|145/283 par\n|-unboost|p2a: Gurdurr|atk|1\n|move|p2a: Gurdurr|Drain Punch|p1a: Volbeat\n|-resisted|p1a: Volbeat\n|-damage|p1a: Volbeat|233/263\n|-heal|p2a: Gurdurr|160/283 par|[from] drain|[of] p1a: Volbeat\n|\n|upkeep\n|turn|18\n|\n|t:|1720249944\n|move|p1a: Volbeat|Lunge|p2a: Gurdurr\n|-resisted|p2a: Gurdurr\n|-damage|p2a: Gurdurr|134/283 par\n|-unboost|p2a: Gurdurr|atk|1\n|move|p2a: Gurdurr|Drain Punch|p1a: Volbeat\n|-resisted|p1a: Volbeat\n|-damage|p1a: Volbeat|209/263\n|-heal|p2a: Gurdurr|146/283 par|[from] drain|[of] p1a: Volbeat\n|\n|upkeep\n|turn|19\n|\n|t:|1720249952\n|switch|p2a: Dachsbun|Dachsbun, L91, M|176/252\n|move|p1a: Volbeat|Lunge|p2a: Dachsbun\n|-resisted|p2a: Dachsbun\n|-damage|p2a: Dachsbun|147/252\n|-unboost|p2a: Dachsbun|atk|1\n|\n|-heal|p2a: Dachsbun|162/252|[from] item: Leftovers\n|upkeep\n|turn|20\n|\n|t:|1720249958\n|move|p2a: Dachsbun|Protect|p2a: Dachsbun\n|-singleturn|p2a: Dachsbun|Protect\n|move|p1a: Volbeat|Lunge|p2a: Dachsbun\n|-activate|p2a: Dachsbun|move: Protect\n|\n|-heal|p2a: Dachsbun|177/252|[from] item: Leftovers\n|upkeep\n|turn|21\n|j| sasha thumper\n|\n|t:|1720249961\n|switch|p2a: Lucario|Lucario, L84, F|232/255 par\n|move|p1a: Volbeat|Lunge|p2a: Lucario\n|-resisted|p2a: Lucario\n|-damage|p2a: Lucario|207/255 par\n|-unboost|p2a: Lucario|atk|1\n|\n|upkeep\n|turn|22\n|\n|t:|1720249967\n|switch|p1a: Pachirisu|Pachirisu, L96, M|271/271\n|move|p2a: Lucario|Stone Edge|p1a: Pachirisu\n|-damage|p1a: Pachirisu|184/271\n|\n|upkeep\n|turn|23\n|\n|t:|1720249975\n|switch|p2a: Gurdurr|Gurdurr, L85, F|146/283 par\n|move|p1a: Pachirisu|Super Fang|p2a: Gurdurr\n|-damage|p2a: Gurdurr|73/283 par\n|\n|upkeep\n|turn|24\n|\n|t:|1720249987\n|move|p1a: Pachirisu|U-turn|p2a: Gurdurr\n|-resisted|p2a: Gurdurr\n|-damage|p2a: Gurdurr|61/283 par\n|\n|t:|1720249989\n|switch|p1a: Volbeat|Volbeat, L90, M|209/263|[from] U-turn\n|cant|p2a: Gurdurr|par\n|\n|upkeep\n|turn|25\n|\n|t:|1720249994\n|move|p1a: Volbeat|Lunge|p2a: Gurdurr\n|-resisted|p2a: Gurdurr\n|-damage|p2a: Gurdurr|36/283 par\n|-unboost|p2a: Gurdurr|atk|1\n|move|p2a: Gurdurr|Drain Punch|p1a: Volbeat\n|-resisted|p1a: Volbeat\n|-damage|p1a: Volbeat|161/263\n|-heal|p2a: Gurdurr|60/283 par|[from] drain|[of] p1a: Volbeat\n|\n|upkeep\n|turn|26\n|\n|t:|1720250005\n|switch|p2a: Lucario|Lucario, L84, F|207/255 par\n|move|p1a: Volbeat|Lunge|p2a: Lucario\n|-resisted|p2a: Lucario\n|-damage|p2a: Lucario|185/255 par\n|-unboost|p2a: Lucario|atk|1\n|\n|upkeep\n|turn|27\n|\n|t:|1720250009\n|move|p1a: Volbeat|Roost|p1a: Volbeat\n|-heal|p1a: Volbeat|263/263\n|-singleturn|p1a: Volbeat|move: Roost\n|move|p2a: Lucario|Stone Edge|p1a: Volbeat\n|-supereffective|p1a: Volbeat\n|-damage|p1a: Volbeat|87/263\n|\n|upkeep\n|turn|28\n|j| Donald's Wig\n|\n|t:|1720250014\n|switch|p1a: Ting-Lu|Ting-Lu, L78|370/370\n|-ability|p1a: Ting-Lu|Vessel of Ruin\n|move|p2a: Lucario|Stone Edge|p1a: Ting-Lu\n|-resisted|p1a: Ting-Lu\n|-damage|p1a: Ting-Lu|337/370\n|\n|-heal|p1a: Ting-Lu|360/370|[from] item: Leftovers\n|upkeep\n|turn|29\n|\n|t:|1720250023\n|switch|p2a: Dachsbun|Dachsbun, L91, M|177/252\n|move|p1a: Ting-Lu|Spikes|p2a: Dachsbun\n|-sidestart|p2: Drop a nickname|Spikes\n|\n|-heal|p2a: Dachsbun|192/252|[from] item: Leftovers\n|-heal|p1a: Ting-Lu|370/370|[from] item: Leftovers\n|upkeep\n|turn|30\n|\n|t:|1720250027\n|move|p2a: Dachsbun|Play Rough|p1a: Ting-Lu\n|-supereffective|p1a: Ting-Lu\n|-damage|p1a: Ting-Lu|206/370\n|move|p1a: Ting-Lu|Spikes|p2a: Dachsbun\n|-sidestart|p2: Drop a nickname|Spikes\n|\n|-heal|p2a: Dachsbun|207/252|[from] item: Leftovers\n|-heal|p1a: Ting-Lu|229/370|[from] item: Leftovers\n|upkeep\n|turn|31\n|\n|t:|1720250034\n|move|p2a: Dachsbun|Play Rough|p1a: Ting-Lu\n|-supereffective|p1a: Ting-Lu\n|-damage|p1a: Ting-Lu|77/370\n|move|p1a: Ting-Lu|Spikes|p2a: Dachsbun\n|-sidestart|p2: Drop a nickname|Spikes\n|\n|-heal|p2a: Dachsbun|222/252|[from] item: Leftovers\n|-heal|p1a: Ting-Lu|100/370|[from] item: Leftovers\n|upkeep\n|turn|32\n|\n|t:|1720250038\n|move|p2a: Dachsbun|Body Press|p1a: Ting-Lu\n|-supereffective|p1a: Ting-Lu\n|-damage|p1a: Ting-Lu|0 fnt\n|faint|p1a: Ting-Lu\n|\n|-heal|p2a: Dachsbun|237/252|[from] item: Leftovers\n|upkeep\n|\n|t:|1720250042\n|switch|p1a: Volbeat|Volbeat, L90, M|87/263\n|turn|33\n|\n|t:|1720250044\n|move|p1a: Volbeat|Roost|p1a: Volbeat\n|-heal|p1a: Volbeat|219/263\n|-singleturn|p1a: Volbeat|move: Roost\n|move|p2a: Dachsbun|Play Rough|p1a: Volbeat\n|-damage|p1a: Volbeat|111/263\n|\n|-heal|p2a: Dachsbun|252/252|[from] item: Leftovers\n|upkeep\n|turn|34\n|\n|t:|1720250048\n|switch|p2a: Lucario|Lucario, L84, F|185/255 par\n|-damage|p2a: Lucario|122/255 par|[from] Spikes\n|move|p1a: Volbeat|Thunder Wave|p2a: Lucario\n|-fail|p2a: Lucario|par\n|\n|upkeep\n|turn|35\n|\n|t:|1720250051\n|move|p1a: Volbeat|Roost|p1a: Volbeat\n|-heal|p1a: Volbeat|243/263\n|-singleturn|p1a: Volbeat|move: Roost\n|move|p2a: Lucario|Stone Edge|p1a: Volbeat|[miss]\n|-miss|p2a: Lucario|p1a: Volbeat\n|\n|upkeep\n|turn|36\n|\n|t:|1720250059\n|switch|p1a: Breloom|Breloom, L82, F|210/233\n|move|p2a: Lucario|Stone Edge|p1a: Breloom\n|-resisted|p1a: Breloom\n|-damage|p1a: Breloom|142/233\n|\n|upkeep\n|turn|37\n|\n|t:|1720250066\n|switch|p2a: Gurdurr|Gurdurr, L85, F|60/283 par\n|-damage|p2a: Gurdurr|0 fnt|[from] Spikes\n|faint|p2a: Gurdurr\n|move|p1a: Breloom|Mach Punch|p2: Gurdurr|[notarget]\n|-fail|p1a: Breloom\n|\n|upkeep\n|\n|t:|1720250068\n|switch|p2a: Dachsbun|Dachsbun, L91, M|252/252\n|-damage|p2a: Dachsbun|189/252|[from] Spikes\n|turn|38\n|\n|t:|1720250071\n|switch|p1a: Volbeat|Volbeat, L90, M|243/263\n|move|p2a: Dachsbun|Play Rough|p1a: Volbeat|[miss]\n|-miss|p2a: Dachsbun|p1a: Volbeat\n|\n|-heal|p2a: Dachsbun|204/252|[from] item: Leftovers\n|upkeep\n|turn|39\n|\n|t:|1720250076\n|move|p1a: Volbeat|Thunder Wave|p2a: Dachsbun\n|-status|p2a: Dachsbun|par\n|move|p2a: Dachsbun|Play Rough|p1a: Volbeat|[miss]\n|-miss|p2a: Dachsbun|p1a: Volbeat\n|\n|-heal|p2a: Dachsbun|219/252 par|[from] item: Leftovers\n|upkeep\n|turn|40\n|-message|Drop a nickname forfeited.\n|\n|win|fearlessgod\n|raw|fearlessgod's rating: 2241 &rarr; <strong>2262</strong><br />(+21 for winning)\n|raw|Drop a nickname's rating: 2264 &rarr; <strong>2243</strong><br />(-21 for losing)\n|l|\u2606Drop a nickname\n|player|p2|\n", "inputlog": ">version dad092f06c7b3b6af0e405b2a56d8bbd7830daed\n>start {\"formatid\":\"gen9randombattle\",\"seed\":[12093,64524,6504,55743],\"rated\":\"Rated battle\"}\n>player p1 {\"name\":\"fearlessgod\",\"avatar\":\"cynthia\",\"rating\":2241,\"seed\":[27694,36005,14347,30263]}\n>player p2 {\"name\":\"Drop a nickname\",\"avatar\":\"102\",\"rating\":2264,\"seed\":[34721,21862,14154,22277]}\n>p1 move spore\n>p2 switch 6\n>p1 move bulletseed\n>p2 move playrough\n>p1 move bulletseed\n>p2 move protect\n>chat \u2606fearlessgod|)))\n>p1 switch 5\n>p2 move playrough\n>p1 move facade\n>p2 move protect\n>p1 move facade\n>p2 move wish\n>p1 switch 3\n>p2 move protect\n>p1 move lunge\n>p2 move protect\n>p1 move thunderwave\n>p2 switch 5\n>p1 move lunge\n>p2 move knockoff\n>p1 move lunge\n>p2 move knockoff\n>p1 move roost\n>p2 switch 2\n>p1 move thunderwave\n>p2 move stoneedge\n>p1 move lunge\n>p2 move meteormash\n>p1 move lunge\n>p2 switch 2\n>p1 move lunge\n>p2 move knockoff\n>p1 move lunge\n>p2 move drainpunch\n>p1 move lunge\n>p2 move drainpunch\n>p1 move lunge\n>p2 switch 5\n>p1 move lunge\n>p2 move protect\n>p1 move lunge\n>p2 switch 2\n>p1 switch 6\n>p2 move stoneedge\n>p1 move superfang\n>p2 switch 5\n>p1 move uturn\n>p2 move drainpunch\n>p1 switch 6\n>p1 move lunge\n>p2 move drainpunch\n>p1 move lunge\n>p2 switch 5\n>p1 move roost\n>p2 move stoneedge\n>p1 switch 4\n>p2 move stoneedge\n>p1 move spikes\n>p2 switch 2\n>p1 move spikes\n>p2 move playrough\n>p1 move spikes\n>p2 move playrough\n>p1 move heavyslam\n>p2 move bodypress\n>p1 switch 4\n>p1 move roost\n>p2 move playrough\n>p1 move thunderwave\n>p2 switch 2\n>p1 move roost\n>p2 move stoneedge\n>p1 switch 5\n>p2 move stoneedge\n>p1 move machpunch\n>p2 switch 5\n>p2 switch 2\n>p1 switch 5\n>p2 move playrough\n>p1 move thunderwave\n>p2 move playrough\n>forcelose p2", "uploadtime": 1720250088, "views": 171, "formatid": "gen9randombattle", "rating": 2243, "private": 0, "password": null}