{"id": "gen9randombattle-2177628192", "format": "[Gen 9] Random Battle", "players": ["Misery Mire", "ball enthusiast"], "log": "|j|\u2606Misery Mire\n|j|\u2606ball enthusiast\n|t:|1723334697\n|gametype|singles\n|player|p1|Misery Mire|madame-gen4|2280\n|player|p2|ball enthusiast|170|2316\n|teamsize|p1|6\n|teamsize|p2|6\n|gen|9\n|tier|[Gen 9] Random Battle\n|rated|\n|rule|Species Clause: Limit one of each Pok\u00e9mon\n|rule|HP Percentage Mod: HP is shown in percentages\n|rule|Sleep Clause Mod: Limit one foe put to sleep\n|rule|Illusion Level Mod: Illusion disguises the Pok\u00e9mon's true level\n|\n|t:|1723334697\n|start\n|switch|p1a: Pincurchin|Pincurchin, L99, F|255/255\n|switch|p2a: Regice|Regice, L88|284/284\n|-fieldstart|move: Electric Terrain|[from] ability: Electric Surge|[of] p1a: Pincurchin\n|turn|1\n|\n|t:|1723334709\n|switch|p2a: Giratina|Giratina, L75|349/349\n|-ability|p2a: Giratina|Pressure\n|switch|p1a: Carbink|Carbink, L90|236/236\n|\n|upkeep\n|turn|2\n|\n|t:|1723334734\n|switch|p2a: Gothitelle|Gothitelle, L90, F|272/272\n|move|p1a: Carbink|Spikes|p2a: Gothitelle\n|-sidestart|p2: ball enthusiast|Spikes\n|\n|upkeep\n|turn|3\n|\n|t:|1723334742\n|move|p2a: Gothitelle|Psychic|p1a: Carbink\n|-damage|p1a: Carbink|169/236\n|-unboost|p1a: Carbink|spd|1\n|move|p1a: Carbink|Moonblast|p2a: Gothitelle\n|-damage|p2a: Gothitelle|212/272\n|\n|-heal|p1a: Carbink|183/236|[from] item: Leftovers\n|upkeep\n|turn|4\n|\n|t:|1723334750\n|move|p2a: Gothitelle|Psychic|p1a: Carbink\n|-damage|p1a: Carbink|78/236\n|move|p1a: Carbink|Spikes|p2a: Gothitelle\n|-sidestart|p2: ball enthusiast|Spikes\n|\n|-heal|p1a: Carbink|92/236|[from] item: Leftovers\n|upkeep\n|turn|5\n|\n|t:|1723334757\n|move|p2a: Gothitelle|Psychic|p1a: Carbink\n|-damage|p1a: Carbink|0 fnt\n|faint|p1a: Carbink\n|\n|-fieldend|move: Electric Terrain\n|upkeep\n|\n|t:|1723334762\n|switch|p1a: Vespiquen|Vespiquen, L98, F|296/296\n|-ability|p1a: Vespiquen|Pressure\n|turn|6\n|\n|t:|1723334774\n|switch|p2a: Giratina|Giratina, L75|349/349\n|-damage|p2a: Giratina|291/349|[from] Spikes\n|-ability|p2a: Giratina|Pressure\n|move|p1a: Vespiquen|Toxic|p2a: Giratina\n|-status|p2a: Giratina|tox\n|\n|-heal|p2a: Giratina|312/349 tox|[from] item: Leftovers\n|-damage|p2a: Giratina|291/349 tox|[from] psn\n|upkeep\n|turn|7\n|\n|t:|1723334790\n|move|p2a: Giratina|Calm Mind|p2a: Giratina\n|-boost|p2a: Giratina|spa|1\n|-boost|p2a: Giratina|spd|1\n|move|p1a: Vespiquen|U-turn|p2a: Giratina\n|-resisted|p2a: Giratina\n|-damage|p2a: Giratina|254/349 tox\n|\n|t:|1723334804\n|switch|p1a: Sableye|Sableye, L90, M|236/236|[from] U-turn\n|\n|-heal|p2a: Giratina|275/349 tox|[from] item: Leftovers\n|-damage|p2a: Giratina|233/349 tox|[from] psn\n|upkeep\n|turn|8\n|j| zekoby\n|\n|t:|1723334873\n|switch|p2a: Glaceon|Glaceon, L94, M|275/275\n|move|p1a: Sableye|Taunt|p2a: Glaceon\n|-start|p2a: Glaceon|move: Taunt\n|\n|upkeep\n|turn|9\n|inactive|Battle timer is ON: inactive players will automatically lose when time's up. (requested by Misery Mire)\n|\n|t:|1723334881\n|move|p1a: Sableye|Thunder Wave|p2a: Glaceon\n|-status|p2a: Glaceon|par\n|move|p2a: Glaceon|Freeze-Dry|p1a: Sableye\n|-damage|p1a: Sableye|98/236\n|\n|-heal|p1a: Sableye|112/236|[from] item: Leftovers\n|upkeep\n|turn|10\n|\n|t:|1723334893\n|move|p1a: Sableye|Knock Off|p2a: Glaceon\n|-crit|p2a: Glaceon\n|-damage|p2a: Glaceon|167/275 par\n|-enditem|p2a: Glaceon|Heavy-Duty Boots|[from] move: Knock Off|[of] p1a: Sableye\n|move|p2a: Glaceon|Freeze-Dry|p1a: Sableye\n|-damage|p1a: Sableye|0 fnt\n|faint|p1a: Sableye\n|\n|-end|p2a: Glaceon|move: Taunt\n|upkeep\n|\n|t:|1723334900\n|switch|p1a: Lunala|Lunala, L70|308/308\n|turn|11\n|\n|t:|1723334925\n|switch|p2a: Gothitelle|Gothitelle, L90, F|212/272\n|-damage|p2a: Gothitelle|167/272|[from] Spikes\n|move|p1a: Lunala|Calm Mind|p1a: Lunala\n|-boost|p1a: Lunala|spa|1\n|-boost|p1a: Lunala|spd|1\n|\n|upkeep\n|turn|12\n|\n|t:|1723334928\n|move|p2a: Gothitelle|Trick|p1a: Lunala\n|-activate|p2a: Gothitelle|move: Trick|[of] p1a: Lunala\n|-item|p1a: Lunala|Choice Scarf|[from] move: Trick\n|-item|p2a: Gothitelle|Leftovers|[from] move: Trick\n|move|p1a: Lunala|Moongeist Beam|p2a: Gothitelle\n|-supereffective|p2a: Gothitelle\n|-damage|p2a: Gothitelle|0 fnt\n|faint|p2a: Gothitelle\n|\n|upkeep\n|\n|t:|1723334936\n|switch|p2a: Regice|Regice, L88|284/284\n|turn|13\n|l| zekoby\n|\n|t:|1723334944\n|move|p1a: Lunala|Moongeist Beam|p2a: Regice\n|-damage|p2a: Regice|206/284\n|move|p2a: Regice|Thunder Wave|p1a: Lunala\n|-status|p1a: Lunala|par\n|\n|upkeep\n|turn|14\n|\n|t:|1723334956\n|move|p2a: Regice|Ice Beam|p1a: Lunala\n|-damage|p1a: Lunala|272/308 par\n|move|p1a: Lunala|Moongeist Beam|p2a: Regice\n|-damage|p2a: Regice|130/284\n|\n|upkeep\n|turn|15\n|\n|t:|1723334962\n|move|p2a: Regice|Ice Beam|p1a: Lunala\n|-damage|p1a: Lunala|191/308 par\n|move|p1a: Lunala|Moongeist Beam|p2a: Regice\n|-damage|p2a: Regice|49/284\n|\n|upkeep\n|turn|16\n|\n|t:|1723334969\n|move|p2a: Regice|Ice Beam|p1a: Lunala\n|-damage|p1a: Lunala|122/308 par\n|cant|p1a: Lunala|par\n|\n|upkeep\n|turn|17\n|\n|t:|1723334974\n|move|p2a: Regice|Ice Beam|p1a: Lunala\n|-damage|p1a: Lunala|47/308 par\n|cant|p1a: Lunala|par\n|\n|upkeep\n|turn|18\n|\n|t:|1723334979\n|move|p2a: Regice|Ice Beam|p1a: Lunala\n|-damage|p1a: Lunala|0 fnt\n|faint|p1a: Lunala\n|\n|upkeep\n|\n|t:|1723334986\n|switch|p1a: Pincurchin|Pincurchin, L99, F|255/255\n|-fieldstart|move: Electric Terrain|[from] ability: Electric Surge|[of] p1a: Pincurchin\n|turn|19\n|\n|t:|1723334997\n|switch|p2a: Giratina|Giratina, L75|233/349 tox\n|-damage|p2a: Giratina|175/349 tox|[from] Spikes\n|-ability|p2a: Giratina|Pressure\n|move|p1a: Pincurchin|Zing Zap|p2a: Giratina\n|-resisted|p2a: Giratina\n|-damage|p2a: Giratina|104/349 tox\n|\n|-heal|p2a: Giratina|125/349 tox|[from] item: Leftovers\n|-damage|p2a: Giratina|104/349 tox|[from] psn\n|upkeep\n|turn|20\n|\n|t:|1723335008\n|switch|p1a: Ting-Lu|Ting-Lu, L78|370/370\n|-ability|p1a: Ting-Lu|Vessel of Ruin\n|move|p2a: Giratina|Rest||[still]\n|-activate|p2a: Giratina|move: Electric Terrain\n|-fail|p2a: Giratina\n|\n|-heal|p2a: Giratina|125/349 tox|[from] item: Leftovers\n|-damage|p2a: Giratina|83/349 tox|[from] psn\n|upkeep\n|turn|21\n|\n|t:|1723335027\n|switch|p2a: Luvdisc|Luvdisc, F|247/247\n|move|p1a: Ting-Lu|Stealth Rock|p2a: Luvdisc\n|-sidestart|p2: ball enthusiast|move: Stealth Rock\n|\n|upkeep\n|turn|22\n|\n|t:|1723335047\n|switch|p1a: Vespiquen|Vespiquen, L98, F|296/296\n|-ability|p1a: Vespiquen|Pressure\n|move|p2a: Luvdisc|Whirlpool|p1a: Vespiquen\n|-damage|p1a: Vespiquen|274/296\n|-activate|p1a: Vespiquen|move: Whirlpool|[of] p2a: Luvdisc\n|\n|-damage|p1a: Vespiquen|237/296|[from] move: Whirlpool|[partiallytrapped]\n|upkeep\n|turn|23\n|\n|t:|1723335056\n|move|p2a: Luvdisc|Substitute|p2a: Luvdisc\n|-start|p2a: Luvdisc|Substitute\n|-damage|p2a: Luvdisc|186/247\n|move|p1a: Vespiquen|Air Slash|p2a: Luvdisc\n|-end|p2a: Luvdisc|Substitute\n|\n|-damage|p1a: Vespiquen|200/296|[from] move: Whirlpool|[partiallytrapped]\n|-fieldend|move: Electric Terrain\n|upkeep\n|turn|24\n|\n|t:|1723335069\n|move|p2a: Luvdisc|Substitute|p2a: Luvdisc\n|-start|p2a: Luvdisc|Substitute\n|-damage|p2a: Luvdisc|125/247\n|move|p1a: Vespiquen|Air Slash|p2a: Luvdisc\n|-end|p2a: Luvdisc|Substitute\n|\n|-damage|p1a: Vespiquen|163/296|[from] move: Whirlpool|[partiallytrapped]\n|upkeep\n|turn|25\n|\n|t:|1723335081\n|move|p2a: Luvdisc|Surf|p1a: Vespiquen\n|-damage|p1a: Vespiquen|102/296\n|move|p1a: Vespiquen|Air Slash|p2a: Luvdisc|[miss]\n|-miss|p1a: Vespiquen|p2a: Luvdisc\n|\n|-damage|p1a: Vespiquen|65/296|[from] move: Whirlpool|[partiallytrapped]\n|upkeep\n|turn|26\n|\n|t:|1723335087\n|move|p2a: Luvdisc|Surf|p1a: Vespiquen\n|-damage|p1a: Vespiquen|4/296\n|move|p1a: Vespiquen|Roost|p1a: Vespiquen\n|-heal|p1a: Vespiquen|152/296\n|-singleturn|p1a: Vespiquen|move: Roost\n|\n|-end|p1a: Vespiquen|Whirlpool|[partiallytrapped]\n|upkeep\n|turn|27\n|\n|t:|1723335097\n|move|p2a: Luvdisc|Substitute|p2a: Luvdisc\n|-start|p2a: Luvdisc|Substitute\n|-damage|p2a: Luvdisc|64/247\n|move|p1a: Vespiquen|Air Slash|p2a: Luvdisc\n|-crit|p2a: Luvdisc\n|-end|p2a: Luvdisc|Substitute\n|\n|upkeep\n|turn|28\n|\n|t:|1723335103\n|move|p2a: Luvdisc|Substitute|p2a: Luvdisc\n|-start|p2a: Luvdisc|Substitute\n|-damage|p2a: Luvdisc|3/247\n|move|p1a: Vespiquen|Air Slash|p2a: Luvdisc\n|-end|p2a: Luvdisc|Substitute\n|\n|upkeep\n|turn|29\n|\n|t:|1723335110\n|move|p2a: Luvdisc|Endeavor|p1a: Vespiquen\n|-damage|p1a: Vespiquen|3/296\n|move|p1a: Vespiquen|Roost|p1a: Vespiquen\n|-heal|p1a: Vespiquen|151/296\n|-singleturn|p1a: Vespiquen|move: Roost\n|\n|upkeep\n|turn|30\n|\n|t:|1723335117\n|move|p2a: Luvdisc|Endeavor|p1a: Vespiquen\n|-damage|p1a: Vespiquen|3/296\n|move|p1a: Vespiquen|Roost|p1a: Vespiquen\n|-heal|p1a: Vespiquen|151/296\n|-singleturn|p1a: Vespiquen|move: Roost\n|\n|upkeep\n|turn|31\n|\n|t:|1723335126\n|move|p2a: Luvdisc|Whirlpool|p1a: Vespiquen\n|-damage|p1a: Vespiquen|129/296\n|-activate|p1a: Vespiquen|move: Whirlpool|[of] p2a: Luvdisc\n|move|p1a: Vespiquen|Roost|p1a: Vespiquen\n|-heal|p1a: Vespiquen|277/296\n|-singleturn|p1a: Vespiquen|move: Roost\n|\n|-damage|p1a: Vespiquen|240/296|[from] move: Whirlpool|[partiallytrapped]\n|upkeep\n|turn|32\n|\n|t:|1723335134\n|move|p2a: Luvdisc|Endeavor|p1a: Vespiquen\n|-damage|p1a: Vespiquen|3/296\n|move|p1a: Vespiquen|Roost|p1a: Vespiquen\n|-heal|p1a: Vespiquen|151/296\n|-singleturn|p1a: Vespiquen|move: Roost\n|\n|-damage|p1a: Vespiquen|114/296|[from] move: Whirlpool|[partiallytrapped]\n|upkeep\n|turn|33\n|\n|t:|1723335143\n|move|p2a: Luvdisc|Surf|p1a: Vespiquen\n|-damage|p1a: Vespiquen|60/296\n|move|p1a: Vespiquen|U-turn|p2a: Luvdisc\n|-damage|p2a: Luvdisc|0 fnt\n|faint|p2a: Luvdisc\n|\n|t:|1723335154\n|switch|p1a: Pincurchin|Pincurchin, L99, F|255/255|[from] U-turn\n|-fieldstart|move: Electric Terrain|[from] ability: Electric Surge|[of] p1a: Pincurchin\n|\n|upkeep\n|\n|t:|1723335171\n|switch|p2a: Regice|Regice, L88|49/284\n|turn|34\n|\n|t:|1723335176\n|move|p2a: Regice|Ice Beam|p1a: Pincurchin\n|-damage|p1a: Pincurchin|162/255\n|move|p1a: Pincurchin|Zing Zap|p2a: Regice\n|-damage|p2a: Regice|0 fnt\n|faint|p2a: Regice\n|\n|-heal|p1a: Pincurchin|177/255|[from] item: Leftovers\n|upkeep\n|\n|t:|1723335188\n|switch|p2a: Arcanine|Arcanine-Hisui, L82, M|290/290\n|turn|35\n|\n|t:|1723335194\n|-terastallize|p2a: Arcanine|Rock\n|-terastallize|p1a: Pincurchin|Water\n|move|p2a: Arcanine|Head Smash|p1a: Pincurchin\n|-damage|p1a: Pincurchin|0 fnt\n|faint|p1a: Pincurchin\n|\n|upkeep\n|\n|t:|1723335199\n|switch|p1a: Ting-Lu|Ting-Lu, L78|370/370\n|-ability|p1a: Ting-Lu|Vessel of Ruin\n|turn|36\n|\n|t:|1723335210\n|switch|p2a: Giratina|Giratina, L75|83/349 tox\n|-damage|p2a: Giratina|25/349 tox|[from] Spikes\n|-damage|p2a: Giratina|0 fnt|[from] Stealth Rock\n|faint|p2a: Giratina\n|move|p1a: Ting-Lu|Earthquake|p2: Giratina|[notarget]\n|-fail|p1a: Ting-Lu\n|\n|upkeep\n|\n|t:|1723335217\n|switch|p2a: Glaceon|Glaceon, L94, M|167/275 par\n|-damage|p2a: Glaceon|122/275 par|[from] Spikes\n|-damage|p2a: Glaceon|54/275 par|[from] Stealth Rock\n|turn|37\n|\n|t:|1723335222\n|move|p1a: Ting-Lu|Earthquake|p2a: Glaceon\n|-damage|p2a: Glaceon|0 fnt\n|faint|p2a: Glaceon\n|\n|-fieldend|move: Electric Terrain\n|upkeep\n|j| PSZ2\n|inactive|ball enthusiast has 120 seconds left.\n|inactive|ball enthusiast has 90 seconds left.\n|inactive|ball enthusiast has 60 seconds left.\n|inactive|ball enthusiast has 30 seconds left.\n|l| PSZ2\n|inactive|ball enthusiast has 20 seconds left.\n|inactive|ball enthusiast has 15 seconds left.\n|inactive|ball enthusiast has 10 seconds left.\n|inactive|ball enthusiast has 5 seconds left.\n|-message|ball enthusiast lost due to inactivity.\n|\n|win|Misery Mire\n|raw|Misery Mire's rating: 2280 &rarr; <strong>2302</strong><br />(+22 for winning)\n|raw|ball enthusiast's rating: 2316 &rarr; <strong>2294</strong><br />(-22 for losing)\n", "inputlog": ">version d547101d5f3d3d0bf6f747a32b3c0759404d0601\n>start {\"formatid\":\"gen9randombattle\",\"seed\":[6983,58024,14109,7467],\"rated\":\"Rated battle\"}\n>player p1 {\"name\":\"Misery Mire\",\"avatar\":\"madame-gen4\",\"rating\":2280,\"seed\":[42162,18332,7106,34113]}\n>player p2 {\"name\":\"ball enthusiast\",\"avatar\":\"170\",\"rating\":2316,\"seed\":[48486,61296,7163,30162]}\n>p1 switch 5\n>p2 switch 2\n>p1 move spikes\n>p2 switch 4\n>p1 move moonblast\n>p2 move psychic\n>p1 move spikes\n>p2 move psychic\n>p1 move spikes\n>p2 move psychic\n>p1 switch 6\n>p1 move toxic\n>p2 switch 4\n>p1 move uturn\n>p2 move calmmind\n>p1 switch 2\n>p1 move taunt\n>p2 switch 5\n>p1 move thunderwave\n>p2 move freezedry\n>p1 move knockoff\n>p2 move freezedry\n>p1 switch 4\n>p1 move calmmind\n>p2 switch 4\n>p1 move moongeistbeam\n>p2 move trick\n>p2 switch 2\n>p1 move moongeistbeam\n>p2 move thunderwave\n>p1 move moongeistbeam\n>p2 move icebeam\n>p1 move moongeistbeam\n>p2 move icebeam\n>p1 move moongeistbeam\n>p2 move icebeam\n>p1 move moongeistbeam\n>p2 move icebeam\n>p1 move moongeistbeam\n>p2 move icebeam\n>p1 switch 5\n>p1 move zingzap\n>p2 switch 5\n>p1 switch 3\n>p2 move rest\n>p1 move stealthrock\n>p2 switch 3\n>p1 switch 2\n>p2 move whirlpool\n>p1 move airslash\n>p2 move substitute\n>p1 move airslash\n>p2 move substitute\n>p1 move airslash\n>p2 move surf\n>p1 move roost\n>p2 move surf\n>p1 move airslash\n>p2 move substitute\n>p1 move airslash\n>p2 move substitute\n>p1 move roost\n>p2 move endeavor\n>p1 move roost\n>p2 move endeavor\n>p1 move roost\n>p2 move whirlpool\n>p1 move roost\n>p2 move endeavor\n>p1 move uturn\n>p2 move surf\n>p1 switch 3\n>p2 switch 5\n>p1 move zingzap\n>p2 move icebeam\n>p2 switch 6\n>p1 move liquidation terastallize\n>p2 move headsmash terastallize\n>p1 switch 2\n>p1 move earthquake\n>p2 switch 3\n>p2 switch 4\n>p1 move earthquake\n>p2 move freezedry\n>forcelose p2", "uploadtime": 1723335375, "views": 126, "formatid": "gen9randombattle", "rating": 2294, "private": 0, "password": null}