{"id": "gen9randombattle-2260802552", "format": "[Gen 9] Random Battle", "players": ["Wahbit", "RoboWahbit"], "log": "|j|\u2606Wahbit\n|j|\u2606RoboWahbit\n|t:|1733894653\n|gametype|singles\n|player|p1|Wahbit|169|\n|player|p2|RoboWahbit|101|\n|teamsize|p1|6\n|teamsize|p2|6\n|gen|9\n|tier|[Gen 9] Random Battle\n|rule|Species Clause: Limit one of each Pok\u00e9mon\n|rule|HP Percentage Mod: HP is shown in percentages\n|rule|Sleep Clause Mod: Limit one foe put to sleep\n|rule|Illusion Level Mod: Illusion disguises the Pok\u00e9mon's true level\n|\n|t:|1733894653\n|start\n|switch|p1a: Florges|Florges-Orange, L85, F|271/271\n|switch|p2a: Charizard|Charizard, L85, F|271/271\n|turn|1\n|c|\u2606RoboWahbit|hf\n|inactive|Battle timer is ON: inactive players will automatically lose when time's up. (requested by RoboWahbit)\n|\n|t:|1733894670\n|switch|p1a: Wigglytuff|Wigglytuff, L96, M|424/424\n|move|p2a: Charizard|Swords Dance|p2a: Charizard\n|-boost|p2a: Charizard|atk|2\n|\n|upkeep\n|turn|2\n|\n|t:|1733894675\n|move|p2a: Charizard|Flare Blitz|p1a: Wigglytuff\n|-damage|p1a: Wigglytuff|123/424\n|-status|p1a: Wigglytuff|brn\n|-damage|p2a: Charizard|172/271|[from] Recoil\n|move|p1a: Wigglytuff|Thunder Wave|p2a: Charizard\n|-status|p2a: Charizard|par\n|\n|-heal|p1a: Wigglytuff|149/424 brn|[from] item: Leftovers\n|-damage|p1a: Wigglytuff|123/424 brn|[from] brn\n|upkeep\n|turn|3\n|\n|t:|1733894682\n|move|p1a: Wigglytuff|Protect|p1a: Wigglytuff\n|-singleturn|p1a: Wigglytuff|Protect\n|move|p2a: Charizard|Flare Blitz|p1a: Wigglytuff\n|-activate|p1a: Wigglytuff|move: Protect\n|\n|-heal|p1a: Wigglytuff|149/424 brn|[from] item: Leftovers\n|-damage|p1a: Wigglytuff|123/424 brn|[from] brn\n|upkeep\n|turn|4\n|\n|t:|1733894688\n|switch|p1a: Heatran|Heatran, L79, F|273/273\n|-item|p1a: Heatran|Air Balloon\n|move|p2a: Charizard|Flare Blitz|p1a: Heatran\n|-start|p1a: Heatran|ability: Flash Fire\n|\n|upkeep\n|turn|5\n|\n|t:|1733894696\n|move|p1a: Heatran|Stealth Rock|p2a: Charizard\n|-sidestart|p2: RoboWahbit|move: Stealth Rock\n|move|p2a: Charizard|Outrage|p1a: Heatran\n|-resisted|p1a: Heatran\n|-damage|p1a: Heatran|201/273\n|-enditem|p1a: Heatran|Air Balloon\n|\n|upkeep\n|turn|6\n|\n|t:|1733894706\n|move|p1a: Heatran|Magma Storm|p2a: Charizard\n|-resisted|p2a: Charizard\n|-damage|p2a: Charizard|81/271 par\n|-activate|p2a: Charizard|move: Magma Storm|[of] p1a: Heatran\n|move|p2a: Charizard|Outrage|p1a: Heatran|[from]lockedmove\n|-resisted|p1a: Heatran\n|-damage|p1a: Heatran|130/273\n|-start|p2a: Charizard|confusion|[fatigue]\n|\n|-damage|p2a: Charizard|48/271 par|[from] move: Magma Storm|[partiallytrapped]\n|upkeep\n|turn|7\n|\n|t:|1733894717\n|move|p1a: Heatran|Magma Storm|p2a: Charizard\n|-resisted|p2a: Charizard\n|-damage|p2a: Charizard|0 fnt\n|faint|p2a: Charizard\n|\n|upkeep\n|\n|t:|1733894717\n|switch|p2a: Blissey|Blissey, L84, F|566/566\n|-damage|p2a: Blissey|496/566|[from] Stealth Rock\n|turn|8\n|\n|t:|1733894719\n|move|p1a: Heatran|Magma Storm|p2a: Blissey\n|-damage|p2a: Blissey|363/566\n|-activate|p2a: Blissey|move: Magma Storm|[of] p1a: Heatran\n|move|p2a: Blissey|Stealth Rock|p1a: Heatran\n|-sidestart|p1: Wahbit|move: Stealth Rock\n|\n|-heal|p2a: Blissey|398/566|[from] item: Leftovers\n|-damage|p2a: Blissey|328/566|[from] move: Magma Storm|[partiallytrapped]\n|upkeep\n|turn|9\n|\n|t:|1733894727\n|move|p1a: Heatran|Flash Cannon|p2a: Blissey\n|-damage|p2a: Blissey|259/566\n|move|p2a: Blissey|Thunder Wave|p1a: Heatran\n|-status|p1a: Heatran|par\n|\n|-heal|p2a: Blissey|294/566|[from] item: Leftovers\n|-damage|p2a: Blissey|224/566|[from] move: Magma Storm|[partiallytrapped]\n|upkeep\n|turn|10\n|\n|t:|1733894731\n|move|p2a: Blissey|Seismic Toss|p1a: Heatran\n|-damage|p1a: Heatran|46/273 par\n|move|p1a: Heatran|Magma Storm|p2a: Blissey\n|-damage|p2a: Blissey|107/566\n|\n|-heal|p2a: Blissey|142/566|[from] item: Leftovers\n|-damage|p2a: Blissey|72/566|[from] move: Magma Storm|[partiallytrapped]\n|upkeep\n|turn|11\n|\n|t:|1733894748\n|move|p2a: Blissey|Soft-Boiled|p2a: Blissey\n|-heal|p2a: Blissey|355/566\n|move|p1a: Heatran|Earth Power|p2a: Blissey\n|-damage|p2a: Blissey|307/566\n|\n|-heal|p2a: Blissey|342/566|[from] item: Leftovers\n|-damage|p2a: Blissey|272/566|[from] move: Magma Storm|[partiallytrapped]\n|upkeep\n|turn|12\n|\n|t:|1733894754\n|move|p2a: Blissey|Soft-Boiled|p2a: Blissey\n|-heal|p2a: Blissey|555/566\n|move|p1a: Heatran|Magma Storm|p2a: Blissey\n|-damage|p2a: Blissey|423/566\n|\n|-heal|p2a: Blissey|458/566|[from] item: Leftovers\n|-end|p2a: Blissey|Magma Storm|[partiallytrapped]\n|upkeep\n|turn|13\n|\n|t:|1733894759\n|move|p2a: Blissey|Seismic Toss|p1a: Heatran\n|-damage|p1a: Heatran|0 fnt\n|faint|p1a: Heatran\n|\n|-heal|p2a: Blissey|493/566|[from] item: Leftovers\n|upkeep\n|\n|t:|1733894767\n|switch|p1a: Cetitan|Cetitan, L82, M|413/413\n|-damage|p1a: Cetitan|310/413|[from] Stealth Rock\n|turn|14\n|\n|t:|1733894771\n|move|p1a: Cetitan|Superpower|p2a: Blissey\n|-supereffective|p2a: Blissey\n|-damage|p2a: Blissey|0 fnt\n|-unboost|p1a: Cetitan|atk|1\n|-unboost|p1a: Cetitan|def|1\n|faint|p2a: Blissey\n|-damage|p1a: Cetitan|269/413|[from] item: Life Orb\n|\n|upkeep\n|\n|t:|1733894771\n|switch|p2a: Spidops|Spidops, L96, M|271/271\n|turn|15\n|\n|t:|1733894779\n|switch|p1a: Wigglytuff|Wigglytuff, L96, M|123/424 brn\n|-damage|p1a: Wigglytuff|70/424 brn|[from] Stealth Rock\n|move|p2a: Spidops|Circle Throw|p1a: Wigglytuff\n|-damage|p1a: Wigglytuff|0 fnt\n|faint|p1a: Wigglytuff\n|\n|upkeep\n|\n|t:|1733894787\n|switch|p1a: Ho-Oh|Ho-Oh, L71|268/268\n|turn|16\n|\n|t:|1733894790\n|move|p1a: Ho-Oh|Sacred Fire|p2a: Spidops\n|-supereffective|p2a: Spidops\n|-damage|p2a: Spidops|101/271\n|move|p2a: Spidops|Circle Throw|p1a: Ho-Oh\n|-resisted|p1a: Ho-Oh\n|-damage|p1a: Ho-Oh|242/268\n|drag|p1a: Cetitan|Cetitan, L82, M|269/413\n|-damage|p1a: Cetitan|166/413|[from] Stealth Rock\n|\n|upkeep\n|turn|17\n|\n|t:|1733894799\n|move|p1a: Cetitan|Icicle Crash|p2a: Spidops\n|-damage|p2a: Spidops|0 fnt\n|faint|p2a: Spidops\n|\n|upkeep\n|\n|t:|1733894800\n|switch|p2a: Bruxish|Bruxish, L85, M|254/254\n|-damage|p2a: Bruxish|223/254|[from] Stealth Rock\n|turn|18\n|\n|t:|1733894807\n|move|p2a: Bruxish|Crunch|p1a: Cetitan\n|-damage|p1a: Cetitan|0 fnt\n|faint|p1a: Cetitan\n|\n|upkeep\n|\n|t:|1733894813\n|switch|p1a: Florges|Florges-Orange, L85, F|271/271\n|-damage|p1a: Florges|238/271|[from] Stealth Rock\n|turn|19\n|\n|t:|1733894817\n|move|p2a: Bruxish|Crunch|p1a: Florges\n|-resisted|p1a: Florges\n|-damage|p1a: Florges|159/271\n|move|p1a: Florges|Moonblast|p2a: Bruxish\n|-damage|p2a: Bruxish|84/254\n|\n|-heal|p1a: Florges|175/271|[from] item: Leftovers\n|upkeep\n|turn|20\n|\n|t:|1733894824\n|switch|p2a: Golem|Golem-Alola, L93, M|300/300\n|-damage|p2a: Golem|263/300|[from] Stealth Rock\n|move|p1a: Florges|Moonblast|p2a: Golem\n|-damage|p2a: Golem|140/300\n|\n|-heal|p1a: Florges|191/271|[from] item: Leftovers\n|upkeep\n|turn|21\n|\n|t:|1733894833\n|-terastallize|p1a: Florges|Ground\n|move|p1a: Florges|Tera Blast|p2a: Golem|[anim] Tera Blast Ground\n|-supereffective|p2a: Golem\n|-damage|p2a: Golem|0 fnt\n|faint|p2a: Golem\n|\n|-heal|p1a: Florges|207/271|[from] item: Leftovers\n|upkeep\n|\n|t:|1733894833\n|switch|p2a: Bruxish|Bruxish, L85, M|84/254\n|-damage|p2a: Bruxish|53/254|[from] Stealth Rock\n|turn|22\n|\n|t:|1733894844\n|switch|p1a: Arceus|Arceus-Grass, L72|292/292\n|-damage|p1a: Arceus|256/292|[from] Stealth Rock\n|move|p2a: Bruxish|Psychic Fangs|p1a: Arceus\n|-damage|p1a: Arceus|66/292\n|\n|upkeep\n|turn|23\n|\n|t:|1733894853\n|move|p1a: Arceus|Judgment|p2a: Bruxish\n|-supereffective|p2a: Bruxish\n|-damage|p2a: Bruxish|0 fnt\n|faint|p2a: Bruxish\n|\n|upkeep\n|\n|t:|1733894853\n|switch|p2a: Lumineon|Lumineon, L93, F|279/279\n|-damage|p2a: Lumineon|245/279|[from] Stealth Rock\n|turn|24\n|\n|t:|1733894856\n|-terastallize|p2a: Lumineon|Water\n|move|p2a: Lumineon|Ice Beam|p1a: Arceus\n|-supereffective|p1a: Arceus\n|-damage|p1a: Arceus|0 fnt\n|faint|p1a: Arceus\n|-damage|p2a: Lumineon|218/279|[from] item: Life Orb\n|\n|upkeep\n|\n|t:|1733894866\n|switch|p1a: Florges|Florges-Orange, L85, F, tera:Ground|207/271\n|-damage|p1a: Florges|191/271|[from] Stealth Rock\n|turn|25\n|\n|t:|1733894868\n|move|p2a: Lumineon|Hydro Pump|p1a: Florges\n|-supereffective|p1a: Florges\n|-damage|p1a: Florges|0 fnt\n|faint|p1a: Florges\n|-damage|p2a: Lumineon|191/279|[from] item: Life Orb\n|\n|upkeep\n|\n|t:|1733894871\n|switch|p1a: Ho-Oh|Ho-Oh, L71|268/268\n|turn|26\n|\n|t:|1733894875\n|move|p2a: Lumineon|Hydro Pump|p1a: Ho-Oh\n|-supereffective|p1a: Ho-Oh\n|-damage|p1a: Ho-Oh|0 fnt\n|faint|p1a: Ho-Oh\n|-damage|p2a: Lumineon|164/279|[from] item: Life Orb\n|\n|win|RoboWahbit\n|c|\u2606RoboWahbit|gg\n", "inputlog": ">version bfd83cad13791eb5a5a409923076391caf6fb4d4\n>start {\"formatid\":\"gen9randombattle\",\"seed\":[52919,22016,30643,44589]}\n>player p1 {\"name\":\"Wahbit\",\"avatar\":\"169\",\"rating\":0,\"seed\":[38137,60802,36440,11904]}\n>player p2 {\"name\":\"RoboWahbit\",\"avatar\":\"101\",\"rating\":0,\"seed\":[9368,15705,47504,33655]}\n>chat \u2606RoboWahbit|hf\n>p1 switch 5\n>p2 move swordsdance\n>p1 move thunderwave\n>p2 move flareblitz\n>p1 move protect\n>p2 move flareblitz\n>p1 switch 6\n>p2 move flareblitz\n>p1 move stealthrock\n>p2 move outrage\n>p1 move magmastorm\n>p2 move outrage\n>p1 move magmastorm\n>p2 move earthquake\n>p2 switch 3\n>p1 move magmastorm\n>p2 move stealthrock\n>p1 move flashcannon\n>p2 move thunderwave\n>p1 move magmastorm\n>p2 move seismictoss\n>p1 move earthpower\n>p2 move softboiled\n>p1 move magmastorm\n>p2 move softboiled\n>p1 move magmastorm\n>p2 move seismictoss\n>p1 switch 4\n>p1 move superpower\n>p2 move seismictoss\n>p2 switch 4\n>p1 switch 6\n>p2 move circlethrow\n>p1 switch 2\n>p1 move sacredfire\n>p2 move circlethrow\n>p1 move iciclecrash\n>p2 move circlethrow\n>p2 switch 5\n>p1 move iciclecrash\n>p2 move crunch\n>p1 switch 5\n>p1 move moonblast\n>p2 move crunch\n>p1 move moonblast\n>p2 switch 6\n>p1 move terablast terastallize\n>p2 move stoneedge\n>p2 switch 6\n>p1 switch 3\n>p2 move psychicfangs\n>p1 move judgment\n>p2 move psychicfangs\n>p2 switch 2\n>p1 move judgment\n>p2 move icebeam terastallize\n>p1 switch 3\n>p1 move moonblast\n>p2 move hydropump\n>p1 switch 6\n>p1 move bravebird\n>p2 move hydropump", "uploadtime": 1733894876, "views": 1, "formatid": "gen9randombattle", "rating": null, "private": 0, "password": null}