{"id": "gen9randombattle-2260855365", "format": "[Gen 9] Random Battle", "players": ["ChomperDP5", "BigBossJnack"], "log": "|j|\u203dChomperDP5\n|j|\u2606BigBossJnack\n|t:|1733904976\n|gametype|singles\n|player|p1|ChomperDP5|lucas|1957\n|player|p2|BigBossJnack|265|2001\n|teamsize|p1|6\n|teamsize|p2|6\n|gen|9\n|tier|[Gen 9] Random Battle\n|rated|\n|rule|Species Clause: Limit one of each Pok\u00e9mon\n|rule|HP Percentage Mod: HP is shown in percentages\n|rule|Sleep Clause Mod: Limit one foe put to sleep\n|rule|Illusion Level Mod: Illusion disguises the Pok\u00e9mon's true level\n|\n|t:|1733904976\n|start\n|switch|p1a: Entei|Entei, L78|307/307\n|switch|p2a: Magcargo|Magcargo, L95, M|268/268\n|turn|1\n|inactive|Battle timer is ON: inactive players will automatically lose when time's up. (requested by ChomperDP5)\n|\n|t:|1733904992\n|move|p1a: Entei|Stone Edge|p2a: Magcargo\n|-supereffective|p2a: Magcargo\n|-damage|p2a: Magcargo|116/268\n|-ability|p2a: Magcargo|Weak Armor|boost\n|-unboost|p2a: Magcargo|def|1\n|-boost|p2a: Magcargo|spe|2\n|move|p2a: Magcargo|Shell Smash|p2a: Magcargo\n|-unboost|p2a: Magcargo|def|1\n|-unboost|p2a: Magcargo|spd|1\n|-boost|p2a: Magcargo|atk|2\n|-boost|p2a: Magcargo|spa|2\n|-boost|p2a: Magcargo|spe|2\n|\n|upkeep\n|turn|2\n|\n|t:|1733905010\n|switch|p1a: Umbreon|Umbreon, L84, M|297/297\n|move|p2a: Magcargo|Power Gem|p1a: Umbreon\n|-damage|p1a: Umbreon|149/297\n|\n|-heal|p1a: Umbreon|167/297|[from] item: Leftovers\n|upkeep\n|turn|3\n|\n|t:|1733905016\n|move|p1a: Umbreon|Protect|p1a: Umbreon\n|-singleturn|p1a: Umbreon|Protect\n|move|p2a: Magcargo|Fire Blast|p1a: Umbreon\n|-activate|p1a: Umbreon|move: Protect\n|\n|-heal|p1a: Umbreon|185/297|[from] item: Leftovers\n|upkeep\n|turn|4\n|\n|t:|1733905020\n|move|p2a: Magcargo|Fire Blast|p1a: Umbreon\n|-damage|p1a: Umbreon|0 fnt\n|faint|p1a: Umbreon\n|\n|upkeep\n|\n|t:|1733905026\n|switch|p1a: Dipplin|Dipplin, L88, M|284/284\n|turn|5\n|\n|t:|1733905035\n|move|p2a: Magcargo|Fire Blast|p1a: Dipplin\n|-damage|p1a: Dipplin|79/284\n|move|p1a: Dipplin|Dragon Tail|p2a: Magcargo\n|-crit|p2a: Magcargo\n|-damage|p2a: Magcargo|0 fnt\n|faint|p2a: Magcargo\n|\n|upkeep\n|\n|t:|1733905040\n|switch|p2a: Granbull|Granbull, L88, M|302/302\n|-ability|p2a: Granbull|Intimidate|boost\n|-unboost|p1a: Dipplin|atk|1\n|turn|6\n|\n|t:|1733905044\n|switch|p1a: Probopass|Probopass, L92, M|260/260\n|move|p2a: Granbull|Thunder Wave|p1a: Probopass\n|-status|p1a: Probopass|par\n|\n|upkeep\n|turn|7\n|\n|t:|1733905050\n|move|p2a: Granbull|Earthquake|p1a: Probopass\n|-supereffective|p1a: Probopass\n|-damage|p1a: Probopass|44/260 par\n|move|p1a: Probopass|Thunder Wave|p2a: Granbull\n|-status|p2a: Granbull|par\n|\n|-heal|p1a: Probopass|60/260 par|[from] item: Leftovers\n|upkeep\n|turn|8\n|\n|t:|1733905057\n|switch|p1a: Vivillon|Vivillon, L84, F|272/272\n|cant|p2a: Granbull|par\n|\n|upkeep\n|turn|9\n|\n|t:|1733905061\n|-terastallize|p1a: Vivillon|Ground\n|move|p1a: Vivillon|Quiver Dance|p1a: Vivillon\n|-boost|p1a: Vivillon|spa|1\n|-boost|p1a: Vivillon|spd|1\n|-boost|p1a: Vivillon|spe|1\n|cant|p2a: Granbull|par\n|\n|upkeep\n|turn|10\n|\n|t:|1733905068\n|move|p1a: Vivillon|Quiver Dance|p1a: Vivillon\n|-boost|p1a: Vivillon|spa|1\n|-boost|p1a: Vivillon|spd|1\n|-boost|p1a: Vivillon|spe|1\n|move|p2a: Granbull|Roar|p1a: Vivillon\n|drag|p1a: Entei|Entei, L78|307/307\n|\n|upkeep\n|turn|11\n|\n|t:|1733905074\n|switch|p2a: Arbok|Arbok, L87, F|246/246\n|-ability|p2a: Arbok|Intimidate|boost\n|-fail|p1a: Entei|unboost|Attack|[from] ability: Inner Focus|[of] p1a: Entei\n|move|p1a: Entei|Flare Blitz|p2a: Arbok\n|-damage|p2a: Arbok|38/246\n|-damage|p1a: Entei|238/307|[from] Recoil\n|\n|-heal|p2a: Arbok|53/246|[from] item: Leftovers\n|upkeep\n|turn|12\n|\n|t:|1733905078\n|switch|p2a: Granbull|Granbull, L88, M|302/302 par\n|-ability|p2a: Granbull|Intimidate|boost\n|-fail|p1a: Entei|unboost|Attack|[from] ability: Inner Focus|[of] p1a: Entei\n|move|p1a: Entei|Flare Blitz|p2a: Granbull\n|-damage|p2a: Granbull|94/302 par\n|-damage|p1a: Entei|169/307|[from] Recoil\n|\n|-heal|p2a: Granbull|112/302 par|[from] item: Leftovers\n|upkeep\n|turn|13\n|\n|t:|1733905082\n|switch|p2a: Arbok|Arbok, L87, F|53/246\n|-ability|p2a: Arbok|Intimidate|boost\n|-fail|p1a: Entei|unboost|Attack|[from] ability: Inner Focus|[of] p1a: Entei\n|move|p1a: Entei|Flare Blitz|p2a: Arbok\n|-damage|p2a: Arbok|0 fnt\n|faint|p2a: Arbok\n|-damage|p1a: Entei|152/307|[from] Recoil\n|\n|upkeep\n|\n|t:|1733905087\n|switch|p2a: Dudunsparce|Dudunsparce, L83, M|343/343\n|turn|14\n|\n|t:|1733905091\n|move|p1a: Entei|Flare Blitz|p2a: Dudunsparce\n|-damage|p2a: Dudunsparce|133/343\n|-damage|p1a: Entei|83/307|[from] Recoil\n|move|p2a: Dudunsparce|Boomburst|p1a: Entei\n|-damage|p1a: Entei|0 fnt\n|faint|p1a: Entei\n|\n|-heal|p2a: Dudunsparce|154/343|[from] item: Leftovers\n|upkeep\n|\n|t:|1733905096\n|switch|p1a: Klawf|Klawf, L90, M|272/272\n|turn|15\n|\n|t:|1733905103\n|move|p1a: Klawf|Swords Dance|p1a: Klawf\n|-boost|p1a: Klawf|atk|2\n|move|p2a: Dudunsparce|Roost|p2a: Dudunsparce\n|-heal|p2a: Dudunsparce|326/343\n|-singleturn|p2a: Dudunsparce|move: Roost\n|\n|-heal|p2a: Dudunsparce|343/343|[from] item: Leftovers\n|upkeep\n|turn|16\n|\n|t:|1733905108\n|move|p1a: Klawf|Stone Edge|p2a: Dudunsparce\n|-damage|p2a: Dudunsparce|81/343\n|move|p2a: Dudunsparce|Earth Power|p1a: Klawf\n|-supereffective|p1a: Klawf\n|-damage|p1a: Klawf|110/272\n|-ability|p1a: Klawf|Anger Shell|boost\n|-boost|p1a: Klawf|atk|1\n|-boost|p1a: Klawf|spa|1\n|-boost|p1a: Klawf|spe|1\n|-unboost|p1a: Klawf|def|1\n|-unboost|p1a: Klawf|spd|1\n|\n|-heal|p2a: Dudunsparce|102/343|[from] item: Leftovers\n|upkeep\n|turn|17\n|\n|t:|1733905113\n|move|p1a: Klawf|High Horsepower|p2a: Dudunsparce\n|-damage|p2a: Dudunsparce|0 fnt\n|faint|p2a: Dudunsparce\n|\n|upkeep\n|\n|t:|1733905116\n|switch|p2a: Meganium|Meganium, L90, M|290/290\n|turn|18\n|\n|t:|1733905125\n|move|p1a: Klawf|Stone Edge|p2a: Meganium\n|-damage|p2a: Meganium|19/290\n|move|p2a: Meganium|Petal Blizzard|p1a: Klawf\n|-supereffective|p1a: Klawf\n|-damage|p1a: Klawf|0 fnt\n|faint|p1a: Klawf\n|-damage|p2a: Meganium|0 fnt|[from] item: Life Orb\n|faint|p2a: Meganium\n|\n|upkeep\n|\n|t:|1733905133\n|switch|p2a: Iron Valiant|Iron Valiant, L78|244/244\n|switch|p1a: Vivillon|Vivillon, L84, F, tera:Ground|272/272\n|turn|19\n|\n|t:|1733905140\n|move|p2a: Iron Valiant|Close Combat|p1a: Vivillon\n|-damage|p1a: Vivillon|0 fnt\n|-unboost|p2a: Iron Valiant|def|1\n|-unboost|p2a: Iron Valiant|spd|1\n|faint|p1a: Vivillon\n|-damage|p2a: Iron Valiant|220/244|[from] item: Life Orb\n|\n|upkeep\n|\n|t:|1733905145\n|switch|p1a: Probopass|Probopass, L92, M|60/260 par\n|turn|20\n|inactive|ChomperDP5 has 120 seconds left.\n|c|\u2606BigBossJnack|gg brother\n|inactive|ChomperDP5 has 90 seconds left.\n|inactive|ChomperDP5 has 60 seconds left.\n|inactive|ChomperDP5 has 30 seconds left.\n|inactive|ChomperDP5 has 20 seconds left.\n|inactive|ChomperDP5 has 15 seconds left.\n|inactive|ChomperDP5 has 10 seconds left.\n|inactive|ChomperDP5 has 5 seconds left.\n|-message|ChomperDP5 lost due to inactivity.\n|\n|win|BigBossJnack\n|raw|ChomperDP5's rating: 1957 &rarr; <strong>1940</strong><br />(-17 for losing)\n|raw|BigBossJnack's rating: 2001 &rarr; <strong>2018</strong><br />(+17 for winning)\n", "inputlog": ">version bfd83cad13791eb5a5a409923076391caf6fb4d4\n>start {\"formatid\":\"gen9randombattle\",\"seed\":[23030,26795,11244,63399],\"rated\":\"Rated battle\"}\n>player p1 {\"name\":\"ChomperDP5\",\"avatar\":\"lucas\",\"rating\":1957,\"seed\":[23924,53717,53067,28084]}\n>player p2 {\"name\":\"BigBossJnack\",\"avatar\":\"265\",\"rating\":2001,\"seed\":[22030,25549,20397,40501]}\n>p1 move stoneedge\n>p2 move shellsmash\n>p1 switch 4\n>p2 move powergem\n>p1 move protect\n>p2 move fireblast\n>p1 move toxic\n>p2 move fireblast\n>p1 switch 5\n>p1 move dragontail\n>p2 move fireblast\n>p2 switch 3\n>p1 switch 3\n>p2 move thunderwave\n>p1 move thunderwave\n>p2 move earthquake\n>p1 switch 6\n>p2 move earthquake\n>p1 move quiverdance terastallize\n>p2 move playrough\n>p1 move quiverdance\n>p2 move roar\n>p1 move flareblitz\n>p2 switch 2\n>p1 move flareblitz\n>p2 switch 2\n>p1 move flareblitz\n>p2 switch 2\n>p2 switch 5\n>p1 move flareblitz\n>p2 move boomburst\n>p1 switch 2\n>p1 move swordsdance\n>p2 move roost\n>p1 move stoneedge\n>p2 move earthpower\n>p1 move highhorsepower\n>p2 move earthpower\n>p2 switch 4\n>p1 move stoneedge\n>p2 move petalblizzard\n>p1 switch 4\n>p2 switch 6\n>p1 move quiverdance\n>p2 move closecombat\n>p1 switch 6\n>chat \u2606BigBossJnack|gg brother\n>forcelose p1", "uploadtime": 1733905301, "views": 1, "formatid": "gen9randombattle", "rating": 1940, "private": 0, "password": null}