{"id": "gen9randombattle-2260789139", "format": "[Gen 9] Random Battle", "players": ["xinyazhili", "Zara home 001"], "log": "|j|\u2606xinyazhili\n|j|\u2606Zara home 001\n|t:|1733892345\n|gametype|singles\n|player|p1|xinyazhili|170|\n|player|p2|Zara home 001|266|\n|teamsize|p1|6\n|teamsize|p2|6\n|gen|9\n|tier|[Gen 9] Random Battle\n|rule|Species Clause: Limit one of each Pok\u00e9mon\n|rule|HP Percentage Mod: HP is shown in percentages\n|rule|Sleep Clause Mod: Limit one foe put to sleep\n|rule|Illusion Level Mod: Illusion disguises the Pok\u00e9mon's true level\n|\n|t:|1733892345\n|start\n|switch|p1a: Reshiram|Reshiram, L76|277/277\n|switch|p2a: Komala|Komala, L89, F|260/260\n|-ability|p1a: Reshiram|Turboblaze\n|-ability|p2a: Komala|Comatose\n|turn|1\n|inactive|Battle timer is ON: inactive players will automatically lose when time's up. (requested by xinyazhili)\n|\n|t:|1733892356\n|move|p1a: Reshiram|Dragon Dance|p1a: Reshiram\n|-boost|p1a: Reshiram|atk|1\n|-boost|p1a: Reshiram|spe|1\n|move|p2a: Komala|Body Slam|p1a: Reshiram\n|-damage|p1a: Reshiram|165/277\n|-status|p1a: Reshiram|par\n|\n|upkeep\n|turn|2\n|\n|t:|1733892358\n|move|p2a: Komala|Knock Off|p1a: Reshiram\n|-damage|p1a: Reshiram|80/277 par\n|-enditem|p1a: Reshiram|Heavy-Duty Boots|[from] move: Knock Off|[of] p2a: Komala\n|cant|p1a: Reshiram|par\n|\n|upkeep\n|turn|3\n|\n|t:|1733892362\n|move|p2a: Komala|Body Slam|p1a: Reshiram\n|-damage|p1a: Reshiram|0 fnt\n|faint|p1a: Reshiram\n|\n|upkeep\n|\n|t:|1733892365\n|switch|p1a: Necrozma|Necrozma-Dusk-Mane, L69|248/248\n|turn|4\n|\n|t:|1733892368\n|move|p2a: Komala|Body Slam|p1a: Necrozma\n|-resisted|p1a: Necrozma\n|-damage|p1a: Necrozma|198/248\n|move|p1a: Necrozma|Dragon Dance|p1a: Necrozma\n|-boost|p1a: Necrozma|atk|1\n|-boost|p1a: Necrozma|spe|1\n|\n|upkeep\n|turn|5\n|\n|t:|1733892372\n|move|p1a: Necrozma|Dragon Dance|p1a: Necrozma\n|-boost|p1a: Necrozma|atk|1\n|-boost|p1a: Necrozma|spe|1\n|move|p2a: Komala|Body Slam|p1a: Necrozma\n|-resisted|p1a: Necrozma\n|-damage|p1a: Necrozma|148/248\n|-status|p1a: Necrozma|par\n|\n|upkeep\n|turn|6\n|\n|t:|1733892374\n|move|p2a: Komala|Knock Off|p1a: Necrozma\n|-supereffective|p1a: Necrozma\n|-damage|p1a: Necrozma|30/248 par\n|-enditem|p1a: Necrozma|Weakness Policy\n|-boost|p1a: Necrozma|atk|2|[from] item: Weakness Policy\n|-boost|p1a: Necrozma|spa|2|[from] item: Weakness Policy\n|move|p1a: Necrozma|Dragon Dance|p1a: Necrozma\n|-boost|p1a: Necrozma|atk|1\n|-boost|p1a: Necrozma|spe|1\n|\n|upkeep\n|turn|7\n|\n|t:|1733892378\n|move|p1a: Necrozma|Morning Sun|p1a: Necrozma\n|-heal|p1a: Necrozma|154/248 par\n|move|p2a: Komala|Body Slam|p1a: Necrozma\n|-resisted|p1a: Necrozma\n|-damage|p1a: Necrozma|106/248 par\n|\n|upkeep\n|turn|8\n|\n|t:|1733892381\n|-terastallize|p1a: Necrozma|Water\n|move|p1a: Necrozma|Morning Sun|p1a: Necrozma\n|-heal|p1a: Necrozma|230/248 par\n|move|p2a: Komala|U-turn|p1a: Necrozma\n|-damage|p1a: Necrozma|177/248 par\n|\n|t:|1733892393\n|switch|p2a: Arceus|Arceus-Grass, L72|292/292|[from] U-turn\n|\n|upkeep\n|turn|9\n|\n|t:|1733892398\n|move|p2a: Arceus|Judgment|p1a: Necrozma\n|-supereffective|p1a: Necrozma\n|-damage|p1a: Necrozma|14/248 par\n|cant|p1a: Necrozma|par\n|\n|upkeep\n|turn|10\n|-message|xinyazhili forfeited.\n|\n|win|Zara home 001\n|l|\u2606xinyazhili\n|player|p1|\n", "inputlog": ">version bfd83cad13791eb5a5a409923076391caf6fb4d4\n>start {\"formatid\":\"gen9randombattle\",\"seed\":[20652,21877,3399,56426]}\n>player p1 {\"name\":\"xinyazhili\",\"avatar\":\"170\",\"rating\":0,\"seed\":[46274,50627,10995,55713]}\n>player p2 {\"name\":\"Zara home 001\",\"avatar\":\"266\",\"rating\":0,\"seed\":[10378,22475,6477,29886]}\n>p1 move dragondance\n>p2 move bodyslam\n>p1 move flareblitz\n>p2 move knockoff\n>p1 move flareblitz\n>p2 move bodyslam\n>p1 switch 3\n>p1 move dragondance\n>p2 move bodyslam\n>p1 move dragondance\n>p2 move bodyslam\n>p1 move dragondance\n>p2 move knockoff\n>p1 move morningsun\n>p2 move bodyslam\n>p1 move morningsun terastallize\n>p2 move uturn\n>p2 switch 5\n>p1 move sunsteelstrike\n>p2 move judgment\n>forcelose p1", "uploadtime": 1733892407, "views": 13, "formatid": "gen9randombattle", "rating": null, "private": 0, "password": null}