{"id": "gen9randombattle-2260398011", "format": "[Gen 9] Random Battle", "players": ["Flippancakes1024", "Serumo^2"], "log": "|j|\u2606Flippancakes1024\n|j|\u2606Serumo^2\n|t:|1733847700\n|gametype|singles\n|player|p1|Flippancakes1024|2|\n|player|p2|Serumo^2|1|\n|teamsize|p1|6\n|teamsize|p2|6\n|gen|9\n|tier|[Gen 9] Random Battle\n|rule|Species Clause: Limit one of each Pok\u00e9mon\n|rule|HP Percentage Mod: HP is shown in percentages\n|rule|Sleep Clause Mod: Limit one foe put to sleep\n|rule|Illusion Level Mod: Illusion disguises the Pok\u00e9mon's true level\n|\n|t:|1733847700\n|start\n|switch|p1a: Armarouge|Armarouge, L80, M|267/267\n|switch|p2a: Staraptor|Staraptor, L79, M|263/263\n|turn|1\n|\n|t:|1733847728\n|move|p2a: Staraptor|Brave Bird|p1a: Armarouge\n|-damage|p1a: Armarouge|27/267\n|-ability|p1a: Armarouge|Weak Armor|boost\n|-unboost|p1a: Armarouge|def|1\n|-boost|p1a: Armarouge|spe|2\n|-damage|p2a: Staraptor|184/263|[from] Recoil\n|move|p1a: Armarouge|Armor Cannon|p2a: Staraptor\n|-damage|p2a: Staraptor|0 fnt\n|-unboost|p1a: Armarouge|def|1\n|-unboost|p1a: Armarouge|spd|1\n|faint|p2a: Staraptor\n|\n|upkeep\n|\n|t:|1733847741\n|switch|p2a: Quaquaval|Quaquaval, L79, F|264/264\n|turn|2\n|\n|t:|1733847752\n|move|p1a: Armarouge|Armor Cannon|p2a: Quaquaval\n|-resisted|p2a: Quaquaval\n|-damage|p2a: Quaquaval|178/264\n|-unboost|p1a: Armarouge|def|1\n|-unboost|p1a: Armarouge|spd|1\n|move|p2a: Quaquaval|Aqua Step|p1a: Armarouge\n|-supereffective|p1a: Armarouge\n|-damage|p1a: Armarouge|0 fnt\n|-boost|p2a: Quaquaval|spe|1\n|faint|p1a: Armarouge\n|-ability|p2a: Quaquaval|Moxie|boost\n|-boost|p2a: Quaquaval|atk|1\n|\n|upkeep\n|\n|t:|1733847765\n|switch|p1a: Zekrom|Zekrom, L71|259/259\n|-ability|p1a: Zekrom|Teravolt\n|turn|3\n|\n|t:|1733847781\n|move|p2a: Quaquaval|U-turn|p1a: Zekrom\n|-damage|p1a: Zekrom|183/259\n|\n|t:|1733847797\n|switch|p2a: Florges|Florges-White, L85, F|271/271|[from] U-turn\n|move|p1a: Zekrom|Bolt Strike|p2a: Florges\n|-damage|p2a: Florges|115/271\n|\n|-heal|p2a: Florges|131/271|[from] item: Leftovers\n|-heal|p1a: Zekrom|199/259|[from] item: Leftovers\n|upkeep\n|turn|4\n|\n|t:|1733847813\n|switch|p1a: Grafaiai|Grafaiai, L86, F|249/249\n|move|p2a: Florges|Moonblast|p1a: Grafaiai\n|-resisted|p1a: Grafaiai\n|-damage|p1a: Grafaiai|177/249\n|\n|-heal|p2a: Florges|147/271|[from] item: Leftovers\n|upkeep\n|turn|5\n|\n|t:|1733847844\n|move|p1a: Grafaiai|Gunk Shot|p2a: Florges\n|-supereffective|p2a: Florges\n|-damage|p2a: Florges|0 fnt\n|faint|p2a: Florges\n|-damage|p1a: Grafaiai|153/249|[from] item: Life Orb\n|\n|upkeep\n|\n|t:|1733847872\n|switch|p2a: Tatsugiri|Tatsugiri-Droopy, L87, F|260/260\n|turn|6\n|\n|t:|1733847882\n|move|p1a: Grafaiai|Knock Off|p2a: Tatsugiri\n|-damage|p2a: Tatsugiri|152/260\n|-enditem|p2a: Tatsugiri|Life Orb|[from] move: Knock Off|[of] p1a: Grafaiai\n|-damage|p1a: Grafaiai|129/249|[from] item: Life Orb\n|move|p2a: Tatsugiri|Draco Meteor|p1a: Grafaiai\n|-damage|p1a: Grafaiai|0 fnt\n|-unboost|p2a: Tatsugiri|spa|2\n|faint|p1a: Grafaiai\n|\n|upkeep\n|\n|t:|1733847906\n|switch|p1a: Banette|Banette, L93, F|270/270\n|turn|7\n|\n|t:|1733847932\n|move|p2a: Tatsugiri|Surf|p1a: Banette\n|-damage|p1a: Banette|201/270\n|move|p1a: Banette|Swords Dance|p1a: Banette\n|-boost|p1a: Banette|atk|2\n|\n|upkeep\n|turn|8\n|\n|t:|1733847942\n|move|p2a: Tatsugiri|Draco Meteor|p1a: Banette|[miss]\n|-miss|p2a: Tatsugiri|p1a: Banette\n|move|p1a: Banette|Swords Dance|p1a: Banette\n|-boost|p1a: Banette|atk|2\n|\n|upkeep\n|turn|9\n|\n|t:|1733847946\n|move|p1a: Banette|Shadow Sneak|p2a: Tatsugiri\n|-damage|p2a: Tatsugiri|0 fnt\n|faint|p2a: Tatsugiri\n|-damage|p1a: Banette|174/270|[from] item: Life Orb\n|\n|upkeep\n|\n|t:|1733847955\n|switch|p2a: Volcarona|Volcarona, L77, M|257/257\n|turn|10\n|\n|t:|1733847976\n|move|p1a: Banette|Shadow Sneak|p2a: Volcarona\n|-damage|p2a: Volcarona|0 fnt\n|-status|p1a: Banette|brn|[from] ability: Flame Body|[of] p2a: Volcarona\n|faint|p2a: Volcarona\n|-damage|p1a: Banette|147/270 brn|[from] item: Life Orb\n|\n|-damage|p1a: Banette|131/270 brn|[from] brn\n|upkeep\n|\n|t:|1733847987\n|switch|p2a: Emboar|Emboar, L84, F|322/322\n|turn|11\n|\n|t:|1733848004\n|move|p1a: Banette|Poltergeist|p2a: Emboar\n|-activate|p2a: Emboar|move: Poltergeist|Leftovers\n|-damage|p2a: Emboar|0 fnt\n|faint|p2a: Emboar\n|-damage|p1a: Banette|104/270 brn|[from] item: Life Orb\n|\n|-damage|p1a: Banette|88/270 brn|[from] brn\n|upkeep\n|\n|t:|1733848015\n|switch|p2a: Quaquaval|Quaquaval, L79, F|178/264\n|turn|12\n|\n|t:|1733848030\n|-terastallize|p1a: Banette|Ghost\n|move|p1a: Banette|Shadow Sneak|p2a: Quaquaval\n|-damage|p2a: Quaquaval|0 fnt\n|faint|p2a: Quaquaval\n|-damage|p1a: Banette|61/270 brn|[from] item: Life Orb\n|\n|win|Flippancakes1024\n", "inputlog": ">version bfd83cad13791eb5a5a409923076391caf6fb4d4\n>start {\"formatid\":\"gen9randombattle\",\"seed\":[37986,7374,46540,62204]}\n>player p1 {\"name\":\"Flippancakes1024\",\"avatar\":\"2\",\"rating\":0,\"seed\":[22747,65154,26379,29575]}\n>player p2 {\"name\":\"Serumo^2\",\"avatar\":\"1\",\"rating\":0,\"seed\":[31240,14712,765,16769]}\n>p1 move armorcannon\n>p2 move bravebird\n>p2 switch 4\n>p1 move armorcannon\n>p2 move aquastep\n>p1 switch 6\n>p1 move boltstrike\n>p2 move uturn\n>p2 switch 3\n>p1 switch 5\n>p2 move moonblast\n>p1 move gunkshot\n>p2 move moonblast\n>p2 switch 6\n>p1 move knockoff\n>p2 move dracometeor\n>p1 switch 4\n>p1 move swordsdance\n>p2 move surf\n>p1 move swordsdance\n>p2 move dracometeor\n>p1 move shadowsneak\n>p2 move dracometeor\n>p2 switch 5\n>p1 move shadowsneak\n>p2 move gigadrain\n>p2 switch 2\n>p1 move poltergeist\n>p2 move flareblitz\n>p2 switch 3\n>p1 move shadowsneak terastallize\n>p2 move uturn", "uploadtime": 1733848050, "views": 3, "formatid": "gen9randombattle", "rating": null, "private": 0, "password": null}