{"id": "gen9randombattle-2214552275", "format": "[Gen 9] Random Battle", "players": ["smokyaim", "vegemite360"], "log": "|badge|p1|bronze|gen9randombattle|100-3\n|uhtml|medal-msg|<div class=\"broadcast-blue\">Curious what those medals under the avatar are? PS now has Ladder Seasons! For more information, check out the <a href=\"https://www.smogon.com/forums/threads/3740067/\">thread on Smogon.</a></div>\n|j|\u2606smokyaim\n|j|\u2606vegemite360\n|t:|1727899271\n|gametype|singles\n|player|p1|smokyaim|265|2273\n|player|p2|vegemite360|lance|2193\n|teamsize|p1|6\n|teamsize|p2|6\n|gen|9\n|tier|[Gen 9] Random Battle\n|rated|\n|rule|Species Clause: Limit one of each Pok\u00e9mon\n|rule|HP Percentage Mod: HP is shown in percentages\n|rule|Sleep Clause Mod: Limit one foe put to sleep\n|rule|Illusion Level Mod: Illusion disguises the Pok\u00e9mon's true level\n|\n|t:|1727899271\n|start\n|switch|p1a: Galvantula|Galvantula, L82, M|249/249\n|switch|p2a: Arbok|Arbok, L87, M|246/246\n|-ability|p2a: Arbok|Intimidate|boost\n|-unboost|p1a: Galvantula|atk|1\n|turn|1\n|inactive|Battle timer is ON: inactive players will automatically lose when time's up. (requested by vegemite360)\n|\n|t:|1727899289\n|move|p1a: Galvantula|Sticky Web|p2a: Arbok\n|-sidestart|p2: vegemite360|move: Sticky Web\n|move|p2a: Arbok|Gunk Shot|p1a: Galvantula|[miss]\n|-miss|p2a: Arbok|p1a: Galvantula\n|\n|upkeep\n|turn|2\n|\n|t:|1727899306\n|move|p1a: Galvantula|Thunder|p2a: Arbok\n|-damage|p2a: Arbok|129/246\n|move|p2a: Arbok|Gunk Shot|p1a: Galvantula|[miss]\n|-miss|p2a: Arbok|p1a: Galvantula\n|\n|upkeep\n|turn|3\n|\n|t:|1727899314\n|move|p1a: Galvantula|Thunder|p2a: Arbok|[miss]\n|-miss|p1a: Galvantula|p2a: Arbok\n|move|p2a: Arbok|Gunk Shot|p1a: Galvantula\n|-enditem|p1a: Galvantula|Focus Sash\n|-damage|p1a: Galvantula|1/249\n|-status|p1a: Galvantula|psn\n|\n|-damage|p1a: Galvantula|0 fnt|[from] psn\n|faint|p1a: Galvantula\n|upkeep\n|\n|t:|1727899322\n|switch|p1a: Miraidon|Miraidon, L65|238/238\n|-fieldstart|move: Electric Terrain|[from] ability: Hadron Engine|[of] p1a: Miraidon\n|turn|4\n|\n|t:|1727899331\n|move|p1a: Miraidon|Draco Meteor|p2a: Arbok\n|-damage|p2a: Arbok|0 fnt\n|-unboost|p1a: Miraidon|spa|2\n|faint|p2a: Arbok\n|\n|upkeep\n|\n|t:|1727899335\n|switch|p2a: Hitmontop|Hitmontop, L88, M|231/231\n|-activate|p2a: Hitmontop|move: Sticky Web\n|-unboost|p2a: Hitmontop|spe|1\n|turn|5\n|\n|t:|1727899347\n|switch|p1a: Oranguru|Oranguru, L92, M|315/315\n|move|p2a: Hitmontop|Rapid Spin|p1a: Oranguru\n|-damage|p1a: Oranguru|255/315\n|-boost|p2a: Hitmontop|spe|1\n|-sideend|p2: vegemite360|Sticky Web|[from] move: Rapid Spin|[of] p2a: Hitmontop\n|\n|upkeep\n|turn|6\n|\n|t:|1727899376\n|switch|p2a: Raging Bolt|Raging Bolt, L78|323/323\n|move|p1a: Oranguru|Hyper Voice|p2a: Raging Bolt\n|-damage|p2a: Raging Bolt|232/323\n|-damage|p1a: Oranguru|224/315|[from] item: Life Orb\n|\n|upkeep\n|turn|7\n|\n|t:|1727899391\n|move|p1a: Oranguru|Psyshock|p2a: Raging Bolt\n|-damage|p2a: Raging Bolt|111/323\n|-damage|p1a: Oranguru|193/315|[from] item: Life Orb\n|move|p2a: Raging Bolt|Discharge|p1a: Oranguru\n|-damage|p1a: Oranguru|97/315\n|-status|p1a: Oranguru|par\n|\n|upkeep\n|turn|8\n|\n|t:|1727899404\n|move|p2a: Raging Bolt|Draco Meteor|p1a: Oranguru\n|-damage|p1a: Oranguru|0 fnt\n|-unboost|p2a: Raging Bolt|spa|2\n|faint|p1a: Oranguru\n|\n|-fieldend|move: Electric Terrain\n|upkeep\n|\n|t:|1727899419\n|switch|p1a: Perrserker|Perrserker, L89, F|269/269\n|turn|9\n|inactive|vegemite360 has 120 seconds left.\n|\n|t:|1727899449\n|move|p2a: Raging Bolt|Volt Switch|p1a: Perrserker\n|-damage|p1a: Perrserker|215/269\n|\n|t:|1727899454\n|-end|p2a: Raging Bolt|Protosynthesis|[silent]\n|switch|p2a: Palossand|Palossand, L89, M|296/296|[from] Volt Switch\n|move|p1a: Perrserker|Iron Head|p2a: Palossand\n|-damage|p2a: Palossand|128/296\n|-damage|p1a: Perrserker|189/269|[from] item: Life Orb\n|\n|-heal|p2a: Palossand|146/296|[from] item: Leftovers\n|upkeep\n|turn|10\n|inactive|vegemite360 has 120 seconds left.\n|\n|t:|1727899469\n|switch|p2a: Cobalion|Cobalion, L80|277/277\n|move|p1a: Perrserker|Iron Head|p2a: Cobalion\n|-resisted|p2a: Cobalion\n|-damage|p2a: Cobalion|196/277\n|-damage|p1a: Perrserker|163/269|[from] item: Life Orb\n|\n|upkeep\n|turn|11\n|\n|t:|1727899485\n|switch|p1a: Samurott|Samurott, L88, M|310/310\n|move|p2a: Cobalion|Body Press|p1a: Samurott\n|-damage|p1a: Samurott|220/310\n|\n|upkeep\n|turn|12\n|\n|t:|1727899501\n|move|p2a: Cobalion|Volt Switch|p1a: Samurott\n|-supereffective|p1a: Samurott\n|-damage|p1a: Samurott|152/310\n|\n|t:|1727899522\n|switch|p2a: Raging Bolt|Raging Bolt, L78|111/323|[from] Volt Switch\n|move|p1a: Samurott|Sacred Sword|p2a: Raging Bolt\n|-damage|p2a: Raging Bolt|36/323\n|\n|upkeep\n|turn|13\n|\n|t:|1727899534\n|move|p1a: Samurott|Knock Off|p2a: Raging Bolt\n|-damage|p2a: Raging Bolt|0 fnt\n|-enditem|p2a: Raging Bolt|Assault Vest|[from] move: Knock Off|[of] p1a: Samurott\n|faint|p2a: Raging Bolt\n|-end|p2a: Raging Bolt|Protosynthesis|[silent]\n|\n|upkeep\n|j| Spoon3Guy\n|\n|t:|1727899544\n|switch|p2a: Hitmontop|Hitmontop, L88, M|231/231\n|turn|14\n|\n|t:|1727899551\n|move|p1a: Samurott|Hydro Pump|p2a: Hitmontop\n|-damage|p2a: Hitmontop|114/231\n|move|p2a: Hitmontop|Bulk Up|p2a: Hitmontop\n|-boost|p2a: Hitmontop|atk|1\n|-boost|p2a: Hitmontop|def|1\n|\n|-heal|p2a: Hitmontop|128/231|[from] item: Leftovers\n|upkeep\n|turn|15\n|\n|t:|1727899561\n|move|p1a: Samurott|Hydro Pump|p2a: Hitmontop|[miss]\n|-miss|p1a: Samurott|p2a: Hitmontop\n|move|p2a: Hitmontop|Rapid Spin|p1a: Samurott\n|-damage|p1a: Samurott|73/310\n|-boost|p2a: Hitmontop|spe|1\n|\n|-heal|p2a: Hitmontop|142/231|[from] item: Leftovers\n|upkeep\n|turn|16\n|\n|t:|1727899580\n|move|p2a: Hitmontop|Rapid Spin|p1a: Samurott\n|-damage|p1a: Samurott|0 fnt\n|-boost|p2a: Hitmontop|spe|1\n|faint|p1a: Samurott\n|\n|-heal|p2a: Hitmontop|156/231|[from] item: Leftovers\n|upkeep\n|inactive|smokyaim has 120 seconds left.\n|\n|t:|1727899607\n|switch|p1a: Urshifu|Urshifu-Rapid-Strike, L75, M|274/274\n|turn|17\n|inactive|vegemite360 has 120 seconds left.\n|\n|t:|1727899620\n|-terastallize|p1a: Urshifu|Water\n|move|p2a: Hitmontop|Rapid Spin|p1a: Urshifu\n|-damage|p1a: Urshifu|190/274\n|-boost|p2a: Hitmontop|spe|1\n|move|p1a: Urshifu|Surging Strikes|p2a: Hitmontop\n|-crit|p2a: Hitmontop\n|-damage|p2a: Hitmontop|76/231\n|-crit|p2a: Hitmontop\n|-damage|p2a: Hitmontop|0 fnt\n|faint|p2a: Hitmontop\n|-hitcount|p2: Hitmontop|2\n|\n|upkeep\n|inactive|vegemite360 has 120 seconds left.\n|\n|t:|1727899631\n|switch|p2a: Arboliva|Arboliva, L91, M|288/288\n|turn|18\n|inactive|vegemite360 has 120 seconds left.\n|\n|t:|1727899637\n|switch|p1a: Perrserker|Perrserker, L89, F|163/269\n|move|p2a: Arboliva|Substitute|p2a: Arboliva\n|-start|p2a: Arboliva|Substitute\n|-damage|p2a: Arboliva|216/288\n|\n|upkeep\n|turn|19\n|\n|t:|1727899646\n|move|p1a: Perrserker|Iron Head|p2a: Arboliva\n|-end|p2a: Arboliva|Substitute\n|-damage|p1a: Perrserker|137/269|[from] item: Life Orb\n|move|p2a: Arboliva|Leech Seed|p1a: Perrserker\n|-start|p1a: Perrserker|move: Leech Seed\n|\n|-damage|p1a: Perrserker|104/269|[from] Leech Seed|[of] p2a: Arboliva\n|-heal|p2a: Arboliva|249/288|[silent]\n|upkeep\n|turn|20\n|inactive|vegemite360 has 120 seconds left.\n|\n|t:|1727899665\n|move|p2a: Arboliva|Protect|p2a: Arboliva\n|-singleturn|p2a: Arboliva|Protect\n|move|p1a: Perrserker|Stealth Rock|p2a: Arboliva\n|-sidestart|p2: vegemite360|move: Stealth Rock\n|\n|-damage|p1a: Perrserker|71/269|[from] Leech Seed|[of] p2a: Arboliva\n|-heal|p2a: Arboliva|282/288|[silent]\n|upkeep\n|turn|21\n|inactive|vegemite360 has 120 seconds left.\n|\n|t:|1727899677\n|move|p1a: Perrserker|Close Combat|p2a: Arboliva\n|-supereffective|p2a: Arboliva\n|-damage|p2a: Arboliva|43/288\n|-unboost|p1a: Perrserker|def|1\n|-unboost|p1a: Perrserker|spd|1\n|-enditem|p2a: Arboliva|Sitrus Berry|[eat]\n|-heal|p2a: Arboliva|115/288|[from] item: Sitrus Berry\n|-damage|p1a: Perrserker|45/269|[from] item: Life Orb\n|move|p2a: Arboliva|Substitute|p2a: Arboliva\n|-start|p2a: Arboliva|Substitute\n|-damage|p2a: Arboliva|43/288\n|\n|-damage|p1a: Perrserker|12/269|[from] Leech Seed|[of] p2a: Arboliva\n|-heal|p2a: Arboliva|76/288|[silent]\n|-item|p2a: Arboliva|Sitrus Berry|[from] ability: Harvest\n|upkeep\n|-enditem|p2a: Arboliva|Sitrus Berry|[eat]\n|-heal|p2a: Arboliva|148/288|[from] item: Sitrus Berry\n|turn|22\n|inactive|vegemite360 has 120 seconds left.\n|\n|t:|1727899693\n|switch|p1a: Urshifu|Urshifu-Rapid-Strike, L75, M, tera:Water|190/274\n|move|p2a: Arboliva|Protect||[still]\n|-fail|p2a: Arboliva\n|\n|upkeep\n|turn|23\n|inactive|vegemite360 has 120 seconds left.\n|\n|t:|1727899700\n|move|p1a: Urshifu|U-turn|p2a: Arboliva\n|-supereffective|p2a: Arboliva\n|-end|p2a: Arboliva|Substitute\n|\n|t:|1727899702\n|switch|p1a: Perrserker|Perrserker, L89, F|12/269|[from] U-turn\n|move|p2a: Arboliva|Leech Seed|p1a: Perrserker\n|-start|p1a: Perrserker|move: Leech Seed\n|\n|-damage|p1a: Perrserker|0 fnt|[from] Leech Seed|[of] p2a: Arboliva\n|-heal|p2a: Arboliva|160/288|[silent]\n|faint|p1a: Perrserker\n|upkeep\n|\n|t:|1727899710\n|switch|p1a: Miraidon|Miraidon, L65|238/238\n|-fieldstart|move: Electric Terrain|[from] ability: Hadron Engine|[of] p1a: Miraidon\n|turn|24\n|\n|t:|1727899718\n|move|p2a: Arboliva|Protect|p2a: Arboliva\n|-singleturn|p2a: Arboliva|Protect\n|move|p1a: Miraidon|Draco Meteor|p2a: Arboliva\n|-activate|p2a: Arboliva|move: Protect\n|\n|-item|p2a: Arboliva|Sitrus Berry|[from] ability: Harvest\n|upkeep\n|turn|25\n|\n|t:|1727899743\n|switch|p2a: Cobalion|Cobalion, L80|196/277\n|-damage|p2a: Cobalion|188/277|[from] Stealth Rock\n|move|p1a: Miraidon|Draco Meteor|p2a: Cobalion|[miss]\n|-miss|p1a: Miraidon|p2a: Cobalion\n|\n|upkeep\n|turn|26\n|-message|smokyaim forfeited.\n|\n|win|vegemite360\n|raw|smokyaim's rating: 2273 &rarr; <strong>2248</strong><br />(-25 for losing)\n|raw|vegemite360's rating: 2193 &rarr; <strong>2218</strong><br />(+25 for winning)\n|l|\u2606smokyaim\n|player|p1|\n", "inputlog": ">version 998c360a80c88869a95329581debabeb17973198\n>start {\"formatid\":\"gen9randombattle\",\"seed\":[63557,25325,42994,27711],\"rated\":\"Rated battle\"}\n>player p1 {\"name\":\"smokyaim\",\"avatar\":\"265\",\"rating\":2273,\"seed\":[14042,44577,22698,22993]}\n>player p2 {\"name\":\"vegemite360\",\"avatar\":\"lance\",\"rating\":2193,\"seed\":[49841,5106,38645,42082]}\n>p1 move stickyweb\n>p2 move gunkshot\n>p1 move thunder\n>p2 move gunkshot\n>p1 move thunder\n>p2 move gunkshot\n>p1 switch 3\n>p1 move dracometeor\n>p2 move gunkshot\n>p2 switch 3\n>p1 switch 5\n>p2 move rapidspin\n>p1 move hypervoice\n>p2 switch 5\n>p1 move psyshock\n>p2 move discharge\n>p1 move psyshock\n>p2 move dracometeor\n>p1 switch 6\n>p1 move ironhead\n>p2 move voltswitch\n>p2 switch 2\n>p1 move ironhead\n>p2 switch 4\n>p1 switch 2\n>p2 move bodypress\n>p1 move sacredsword\n>p2 move voltswitch\n>p2 switch 2\n>p1 move knockoff\n>p2 move voltswitch\n>p2 switch 5\n>p1 move hydropump\n>p2 move bulkup\n>p1 move hydropump\n>p2 move rapidspin\n>chat \u2606smokyaim|...\n>chat \u2606smokyaim|That's crucial\n>chat \u2606smokyaim|You messed up your strategy \n>p1 move hydropump\n>p2 move rapidspin\n>chat \u2606smokyaim|Torrent boosted hydro kills from that range\n>p1 switch 4\n>p1 move surgingstrikes terastallize\n>p2 move rapidspin\n>p2 switch 6\n>p1 switch 2\n>p2 move substitute\n>p1 move ironhead\n>p2 move leechseed\n>p1 move stealthrock\n>p2 move protect\n>p1 move closecombat\n>p2 move substitute\n>p1 switch 2\n>p2 move protect\n>p1 move uturn\n>p2 move leechseed\n>p1 switch 2\n>p1 switch 5\n>p1 move dracometeor\n>p2 move protect\n>p1 move dracometeor\n>p2 switch 2\n>chat \u2606smokyaim|I'm getting haxed so often\n>chat \u2606smokyaim|This is ridiculous\n>forcelose p1", "uploadtime": 1727899773, "views": 76, "formatid": "gen9randombattle", "rating": 2218, "private": 0, "password": null}