{"id": "gen9randombattle-2206239312", "format": "[Gen 9] Random Battle", "players": ["RB2T Norp", "RB2T CGP"], "log": "|badge|p1|bronze|gen9randombattle|100-2\n|uhtml|medal-msg|<div class=\"broadcast-blue\">Curious what those medals under the avatar are? PS now has Ladder Seasons! For more information, check out the <a href=\"https://www.smogon.com/forums/threads/3740067/\">thread on Smogon.</a></div>\n|badge|p2|bronze|gen9randombattle|100-2\n|uhtml|medal-msg|<div class=\"broadcast-blue\">Curious what those medals under the avatar are? PS now has Ladder Seasons! For more information, check out the <a href=\"https://www.smogon.com/forums/threads/3740067/\">thread on Smogon.</a></div>\n|j|\u2606RB2T Norp\n|j|\u2606RB2T CGP\n|t:|1726880185\n|gametype|singles\n|player|p1|RB2T Norp|101|2307\n|player|p2|RB2T CGP|102|2358\n|teamsize|p1|6\n|teamsize|p2|6\n|gen|9\n|tier|[Gen 9] Random Battle\n|rated|\n|rule|Species Clause: Limit one of each Pok\u00e9mon\n|rule|HP Percentage Mod: HP is shown in percentages\n|rule|Sleep Clause Mod: Limit one foe put to sleep\n|rule|Illusion Level Mod: Illusion disguises the Pok\u00e9mon's true level\n|\n|t:|1726880185\n|start\n|switch|p1a: Luxray|Luxray, L88, F|284/284\n|switch|p2a: Medicham|Medicham, L86, M|243/243\n|turn|1\n|inactive|Battle timer is ON: inactive players will automatically lose when time's up. (requested by RB2T Norp)\n|\n|t:|1726880196\n|switch|p1a: Dusknoir|Dusknoir, L89, M|225/225\n|-item|p2a: Medicham|Choice Band|[from] ability: Frisk|[of] p1a: Dusknoir\n|move|p2a: Medicham|Close Combat|p1a: Dusknoir\n|-immune|p1a: Dusknoir\n|\n|upkeep\n|turn|2\n|\n|t:|1726880218\n|switch|p2a: Krookodile|Krookodile, L80, F|283/283\n|-ability|p2a: Krookodile|Intimidate|boost\n|-unboost|p1a: Dusknoir|atk|1\n|move|p1a: Dusknoir|Substitute|p1a: Dusknoir\n|-start|p1a: Dusknoir|Substitute\n|-damage|p1a: Dusknoir|169/225\n|\n|-heal|p1a: Dusknoir|183/225|[from] item: Leftovers\n|upkeep\n|turn|3\n|\n|t:|1726880241\n|switch|p2a: Ribombee|Ribombee, L82, M|233/233\n|-singleturn|p1a: Dusknoir|move: Focus Punch\n|move|p1a: Dusknoir|Focus Punch|p2a: Ribombee\n|-resisted|p2a: Ribombee\n|-damage|p2a: Ribombee|207/233\n|\n|-heal|p1a: Dusknoir|197/225|[from] item: Leftovers\n|upkeep\n|turn|4\n|\n|t:|1726880248\n|move|p2a: Ribombee|Moonblast|p1a: Dusknoir\n|-end|p1a: Dusknoir|Substitute\n|move|p1a: Dusknoir|Poltergeist|p2a: Ribombee\n|-activate|p2a: Ribombee|move: Poltergeist|Heavy-Duty Boots\n|-damage|p2a: Ribombee|78/233\n|\n|-heal|p1a: Dusknoir|211/225|[from] item: Leftovers\n|upkeep\n|turn|5\n|j| RB2T tucker\n|\n|t:|1726880268\n|move|p2a: Ribombee|Sticky Web|p1a: Dusknoir\n|-sidestart|p1: RB2T Norp|move: Sticky Web\n|move|p1a: Dusknoir|Poltergeist|p2a: Ribombee|[miss]\n|-miss|p1a: Dusknoir|p2a: Ribombee\n|\n|-heal|p1a: Dusknoir|225/225|[from] item: Leftovers\n|upkeep\n|turn|6\n|\n|t:|1726880276\n|move|p2a: Ribombee|Stun Spore|p1a: Dusknoir\n|-status|p1a: Dusknoir|par\n|move|p1a: Dusknoir|Poltergeist|p2a: Ribombee\n|-activate|p2a: Ribombee|move: Poltergeist|Heavy-Duty Boots\n|-damage|p2a: Ribombee|0 fnt\n|faint|p2a: Ribombee\n|\n|upkeep\n|\n|t:|1726880283\n|switch|p2a: Crawdaunt|Crawdaunt, L84, M|243/243\n|turn|7\n|\n|t:|1726880294\n|switch|p1a: Archaludon|Archaludon, L78, M|268/268\n|-activate|p1a: Archaludon|move: Sticky Web\n|-unboost|p1a: Archaludon|spe|1\n|move|p2a: Crawdaunt|Knock Off|p1a: Archaludon\n|-damage|p1a: Archaludon|74/268\n|-ability|p1a: Archaludon|Stamina|boost\n|-boost|p1a: Archaludon|def|1\n|-enditem|p1a: Archaludon|Assault Vest|[from] move: Knock Off|[of] p2a: Crawdaunt\n|\n|upkeep\n|turn|8\n|\n|t:|1726880310\n|move|p2a: Crawdaunt|Knock Off|p1a: Archaludon\n|-damage|p1a: Archaludon|0 fnt\n|faint|p1a: Archaludon\n|\n|upkeep\n|\n|t:|1726880312\n|switch|p1a: Thundurus|Thundurus-Therian, L80, M|258/258\n|turn|9\n|l| RB2T tucker\n|\n|t:|1726880334\n|switch|p2a: Necrozma|Necrozma, L81|290/290\n|move|p1a: Thundurus|Thunderbolt|p2a: Necrozma\n|-damage|p2a: Necrozma|166/290\n|-status|p2a: Necrozma|par\n|\n|-heal|p2a: Necrozma|184/290 par|[from] item: Leftovers\n|upkeep\n|turn|10\n|\n|t:|1726880353\n|switch|p1a: Luxray|Luxray, L88, F|284/284\n|-activate|p1a: Luxray|move: Sticky Web\n|-unboost|p1a: Luxray|spe|1\n|cant|p2a: Necrozma|par\n|\n|-heal|p2a: Necrozma|202/290 par|[from] item: Leftovers\n|-status|p1a: Luxray|brn|[from] item: Flame Orb\n|upkeep\n|turn|11\n|\n|t:|1726880364\n|switch|p2a: Krookodile|Krookodile, L80, F|283/283\n|-ability|p2a: Krookodile|Intimidate|boost\n|-unboost|p1a: Luxray|atk|1\n|move|p1a: Luxray|Trailblaze|p2a: Krookodile\n|-supereffective|p2a: Krookodile\n|-damage|p2a: Krookodile|173/283\n|-boost|p1a: Luxray|spe|1\n|\n|-damage|p1a: Luxray|267/284 brn|[from] brn\n|upkeep\n|turn|12\n|\n|t:|1726880378\n|switch|p2a: Stonjourner|Stonjourner, L91, F|330/330\n|switch|p1a: Thundurus|Thundurus-Therian, L80, M|258/258\n|\n|upkeep\n|turn|13\n|\n|t:|1726880385\n|switch|p2a: Necrozma|Necrozma, L81|202/290 par\n|move|p1a: Thundurus|Focus Blast|p2a: Necrozma\n|-resisted|p2a: Necrozma\n|-damage|p2a: Necrozma|151/290 par\n|\n|-heal|p2a: Necrozma|169/290 par|[from] item: Leftovers\n|upkeep\n|turn|14\n|\n|t:|1726880392\n|switch|p1a: Luxray|Luxray, L88, F|267/284 brn\n|-activate|p1a: Luxray|move: Sticky Web\n|-unboost|p1a: Luxray|spe|1\n|move|p2a: Necrozma|Moonlight|p2a: Necrozma\n|-heal|p2a: Necrozma|290/290 par\n|\n|-damage|p1a: Luxray|250/284 brn|[from] brn\n|upkeep\n|turn|15\n|\n|t:|1726880399\n|switch|p2a: Krookodile|Krookodile, L80, F|173/283\n|-ability|p2a: Krookodile|Intimidate|boost\n|-unboost|p1a: Luxray|atk|1\n|move|p1a: Luxray|Facade|p2a: Krookodile\n|-damage|p2a: Krookodile|24/283\n|\n|-damage|p1a: Luxray|233/284 brn|[from] brn\n|upkeep\n|turn|16\n|\n|t:|1726880410\n|move|p2a: Krookodile|Knock Off|p1a: Luxray\n|-damage|p1a: Luxray|87/284 brn\n|-enditem|p1a: Luxray|Flame Orb|[from] move: Knock Off|[of] p2a: Krookodile\n|-damage|p2a: Krookodile|0 fnt|[from] item: Life Orb\n|faint|p2a: Krookodile\n|move|p1a: Luxray|Trailblaze|p2: Krookodile|[notarget]\n|-fail|p1a: Luxray\n|\n|-damage|p1a: Luxray|70/284 brn|[from] brn\n|upkeep\n|\n|t:|1726880422\n|switch|p2a: Crawdaunt|Crawdaunt, L84, M|243/243\n|turn|17\n|\n|t:|1726880426\n|move|p2a: Crawdaunt|Knock Off|p1a: Luxray\n|-damage|p1a: Luxray|0 fnt\n|faint|p1a: Luxray\n|\n|upkeep\n|inactive|RB2T Norp has 120 seconds left.\n|\n|t:|1726880476\n|switch|p1a: Donphan|Donphan, L84, F|288/288\n|-activate|p1a: Donphan|move: Sticky Web\n|-unboost|p1a: Donphan|spe|1\n|turn|18\n|inactive|RB2T CGP has 120 seconds left.\n|\n|t:|1726880520\n|move|p2a: Crawdaunt|Knock Off|p1a: Donphan\n|-damage|p1a: Donphan|90/288\n|-enditem|p1a: Donphan|Assault Vest|[from] move: Knock Off|[of] p2a: Crawdaunt\n|move|p1a: Donphan|Rapid Spin|p2a: Crawdaunt\n|-damage|p2a: Crawdaunt|204/243\n|-boost|p1a: Donphan|spe|1\n|-sideend|p1: RB2T Norp|Sticky Web|[from] move: Rapid Spin|[of] p1a: Donphan\n|\n|upkeep\n|turn|19\n|\n|t:|1726880527\n|move|p1a: Donphan|Ice Shard|p2a: Crawdaunt\n|-resisted|p2a: Crawdaunt\n|-damage|p2a: Crawdaunt|186/243\n|move|p2a: Crawdaunt|Knock Off|p1a: Donphan\n|-damage|p1a: Donphan|0 fnt\n|faint|p1a: Donphan\n|\n|upkeep\n|\n|t:|1726880550\n|switch|p1a: Thundurus|Thundurus-Therian, L80, M|258/258\n|turn|20\n|inactive|RB2T CGP has 120 seconds left.\n|j| Hysetuik\n|inactive|RB2T CGP has 90 seconds left.\n|\n|t:|1726880595\n|switch|p2a: Necrozma|Necrozma, L81|290/290 par\n|-terastallize|p1a: Thundurus|Flying\n|move|p1a: Thundurus|Tera Blast|p2a: Necrozma|[anim] Tera Blast Flying\n|-damage|p2a: Necrozma|138/290 par\n|\n|-heal|p2a: Necrozma|156/290 par|[from] item: Leftovers\n|upkeep\n|turn|21\n|\n|t:|1726880607\n|switch|p1a: Dusknoir|Dusknoir, L89, M|225/225 par\n|-item|p2a: Necrozma|Leftovers|[from] ability: Frisk|[of] p1a: Dusknoir\n|cant|p2a: Necrozma|par\n|\n|-heal|p2a: Necrozma|174/290 par|[from] item: Leftovers\n|upkeep\n|turn|22\n|\n|t:|1726880623\n|switch|p2a: Stonjourner|Stonjourner, L91, F|330/330\n|cant|p1a: Dusknoir|par\n|\n|upkeep\n|turn|23\n|\n|t:|1726880637\n|move|p2a: Stonjourner|Stealth Rock|p1a: Dusknoir\n|-sidestart|p1: RB2T Norp|move: Stealth Rock\n|move|p1a: Dusknoir|Substitute|p1a: Dusknoir\n|-start|p1a: Dusknoir|Substitute\n|-damage|p1a: Dusknoir|169/225 par\n|\n|-heal|p1a: Dusknoir|183/225 par|[from] item: Leftovers\n|upkeep\n|turn|24\n|\n|t:|1726880640\n|-singleturn|p1a: Dusknoir|move: Focus Punch\n|move|p2a: Stonjourner|Earthquake|p1a: Dusknoir\n|-end|p1a: Dusknoir|Substitute\n|-damage|p2a: Stonjourner|297/330|[from] item: Life Orb\n|move|p1a: Dusknoir|Focus Punch|p2a: Stonjourner\n|-supereffective|p2a: Stonjourner\n|-damage|p2a: Stonjourner|137/330\n|\n|-heal|p1a: Dusknoir|197/225 par|[from] item: Leftovers\n|upkeep\n|turn|25\n|\n|t:|1726880664\n|move|p2a: Stonjourner|Stone Edge|p1a: Dusknoir|[miss]\n|-miss|p2a: Stonjourner|p1a: Dusknoir\n|move|p1a: Dusknoir|Substitute|p1a: Dusknoir\n|-start|p1a: Dusknoir|Substitute\n|-damage|p1a: Dusknoir|141/225 par\n|\n|-heal|p1a: Dusknoir|155/225 par|[from] item: Leftovers\n|upkeep\n|turn|26\n|\n|t:|1726880668\n|-singleturn|p1a: Dusknoir|move: Focus Punch\n|move|p2a: Stonjourner|Earthquake|p1a: Dusknoir\n|-end|p1a: Dusknoir|Substitute\n|-damage|p2a: Stonjourner|104/330|[from] item: Life Orb\n|move|p1a: Dusknoir|Focus Punch|p2a: Stonjourner\n|-supereffective|p2a: Stonjourner\n|-damage|p2a: Stonjourner|0 fnt\n|faint|p2a: Stonjourner\n|\n|-heal|p1a: Dusknoir|169/225 par|[from] item: Leftovers\n|upkeep\n|\n|t:|1726880671\n|switch|p2a: Crawdaunt|Crawdaunt, L84, M|186/243\n|turn|27\n|inactive|RB2T Norp has 120 seconds left.\n|\n|t:|1726880681\n|move|p2a: Crawdaunt|Knock Off|p1a: Dusknoir\n|-supereffective|p1a: Dusknoir\n|-damage|p1a: Dusknoir|0 fnt\n|-enditem|p1a: Dusknoir|Leftovers|[from] move: Knock Off|[of] p2a: Crawdaunt\n|faint|p1a: Dusknoir\n|\n|upkeep\n|\n|t:|1726880684\n|switch|p1a: Thundurus|Thundurus-Therian, L80, M, tera:Flying|258/258\n|turn|28\n|inactive|RB2T CGP has 120 seconds left.\n|l| Hysetuik\n|\n|t:|1726880735\n|switch|p2a: Medicham|Medicham, L86, M|243/243\n|move|p1a: Thundurus|Tera Blast|p2a: Medicham|[anim] Tera Blast Flying\n|-supereffective|p2a: Medicham\n|-damage|p2a: Medicham|0 fnt\n|faint|p2a: Medicham\n|\n|upkeep\n|\n|t:|1726880741\n|switch|p2a: Necrozma|Necrozma, L81|174/290 par\n|turn|29\n|\n|t:|1726880748\n|switch|p1a: Kyurem|Kyurem-White, L73|303/303\n|-damage|p1a: Kyurem|228/303|[from] Stealth Rock\n|-ability|p1a: Kyurem|Turboblaze\n|move|p2a: Necrozma|Photon Geyser|p1a: Kyurem\n|-damage|p1a: Kyurem|108/303\n|\n|-heal|p2a: Necrozma|192/290 par|[from] item: Leftovers\n|upkeep\n|turn|30\n|\n|t:|1726880761\n|move|p1a: Kyurem|Ice Beam|p2a: Necrozma\n|-damage|p2a: Necrozma|77/290 par\n|move|p2a: Necrozma|Moonlight|p2a: Necrozma\n|-heal|p2a: Necrozma|222/290 par\n|\n|-heal|p2a: Necrozma|240/290 par|[from] item: Leftovers\n|upkeep\n|turn|31\n|\n|t:|1726880778\n|move|p1a: Kyurem|Ice Beam|p2a: Necrozma\n|-damage|p2a: Necrozma|131/290 par\n|move|p2a: Necrozma|Calm Mind|p2a: Necrozma\n|-boost|p2a: Necrozma|spa|1\n|-boost|p2a: Necrozma|spd|1\n|\n|-heal|p2a: Necrozma|149/290 par|[from] item: Leftovers\n|upkeep\n|turn|32\n|\n|t:|1726880781\n|move|p1a: Kyurem|Ice Beam|p2a: Necrozma\n|-damage|p2a: Necrozma|67/290 par\n|cant|p2a: Necrozma|par\n|\n|-heal|p2a: Necrozma|85/290 par|[from] item: Leftovers\n|upkeep\n|turn|33\n|\n|t:|1726880785\n|move|p1a: Kyurem|Ice Beam|p2a: Necrozma\n|-damage|p2a: Necrozma|0 fnt\n|faint|p2a: Necrozma\n|\n|upkeep\n|c|\u2606RB2T CGP|lkike\n|inactive|RB2T CGP has 120 seconds left.\n|c|\u2606RB2T CGP|are we serious\n|c|\u2606RB2T Norp|i mean\n|c|\u2606RB2T Norp|you are paralysed\n|c|\u2606RB2T CGP|no\n|c|\u2606RB2T Norp|it was bound to happen\n|c|\u2606RB2T CGP|that was\n|c|\u2606RB2T CGP|12% roll\n|c|\u2606RB2T CGP|on that last ice beam\n|c|\u2606RB2T Norp|the ko yeah\n|c|\u2606RB2T CGP|u literally throw the entire game away\n|c|\u2606RB2T CGP|for no reason\n|c|\u2606RB2T CGP|and u are rewarded for it\n|c|\u2606RB2T Norp|???\n|c|\u2606RB2T CGP|u 100% win the game\n|c|\u2606RB2T CGP|if uy stay in\n|c|\u2606RB2T CGP|and click your move\n|inactive|RB2T CGP has 90 seconds left.\n|c|\u2606RB2T CGP|but instead\n|c|\u2606RB2T CGP|you swtich out\n|c|\u2606RB2T CGP|to the one way u can lose the game\n|c|\u2606RB2T CGP|and get reawrded\n|c|\u2606RB2T CGP|its so disgusting\n|\n|t:|1726880831\n|switch|p2a: Crawdaunt|Crawdaunt, L84, M|186/243\n|turn|34\n|c|\u2606RB2T Norp|i mean, i could explain the way you could've won if i'd stayed in\n|c|\u2606RB2T CGP|go ahead rofl\n|c|\u2606RB2T Norp|but then you might get better at the game?\n|c|\u2606RB2T CGP|in what world can i win there\n|c|\u2606RB2T Norp|and i could lose next time?\n|c|\u2606RB2T Norp|lmao\n|\n|t:|1726880855\n|move|p1a: Kyurem|Ice Beam|p2a: Crawdaunt\n|-resisted|p2a: Crawdaunt\n|-damage|p2a: Crawdaunt|103/243\n|-status|p2a: Crawdaunt|frz\n|-curestatus|p2a: Crawdaunt|frz|[msg]\n|move|p2a: Crawdaunt|Knock Off|p1a: Kyurem\n|-damage|p1a: Kyurem|0 fnt\n|-enditem|p1a: Kyurem|Choice Scarf|[from] move: Knock Off|[of] p2a: Crawdaunt\n|faint|p1a: Kyurem\n|\n|upkeep\n|c|\u2606RB2T CGP|my only win con\n|\n|t:|1726880858\n|switch|p1a: Thundurus|Thundurus-Therian, L80, M, tera:Flying|258/258\n|turn|35\n|c|\u2606RB2T CGP|was to click move\n|c|\u2606RB2T CGP|die in 2hko\n|c|\u2606RB2T CGP|aquajet\n|c|\u2606RB2T CGP|and pray ur last mon dies to aqua jet\n|inactive|RB2T CGP has 90 seconds left.\n|c|\u2606RB2T CGP|and as you can see\n|c|\u2606RB2T CGP|your last mon does not die to aqua jet\n|c|\u2606RB2T CGP|but please do explain\n|c|\u2606RB2T CGP|how i could have won there\n|c|\u2606RB2T CGP|by u staying in\n|c|\u2606RB2T CGP|u also could not btoher\n|c|\u2606RB2T CGP|since there is no way\n|c|\u2606RB2T CGP|u could have lost\n|c|\u2606RB2T CGP|^.^\n|\n|t:|1726880900\n|move|p1a: Thundurus|Tera Blast|p2a: Crawdaunt|[anim] Tera Blast Flying\n|-damage|p2a: Crawdaunt|0 fnt\n|faint|p2a: Crawdaunt\n|\n|win|RB2T Norp\n|raw|RB2T Norp's rating: 2307 &rarr; <strong>2330</strong><br />(+23 for winning)\n|raw|RB2T CGP's rating: 2358 &rarr; <strong>2335</strong><br />(-23 for losing)\n|c|\u2606RB2T CGP|moropn\n|l|\u2606RB2T CGP\n|player|p2|\n|c|\u2606RB2T Norp|lmao\n|l|\u2606RB2T Norp\n|player|p1|\n", "inputlog": ">version ddf5848a381b6afa3b8db755b9bdef59b522c4eb\n>start {\"formatid\":\"gen9randombattle\",\"seed\":[33156,35702,4154,30758],\"rated\":\"Rated battle\"}\n>player p1 {\"name\":\"RB2T Norp\",\"avatar\":\"101\",\"rating\":2307,\"seed\":[39089,18495,37380,20972]}\n>player p2 {\"name\":\"RB2T CGP\",\"avatar\":\"102\",\"rating\":2358,\"seed\":[40883,51726,17680,26196]}\n>p1 switch 4\n>p2 move closecombat\n>p1 move substitute\n>p2 switch 6\n>p1 move focuspunch\n>p2 switch 4\n>p1 move poltergeist\n>p2 move moonblast\n>p1 move poltergeist\n>p2 move stickyweb\n>p1 move poltergeist\n>p2 move stunspore\n>p2 switch 3\n>p1 switch 2\n>p2 move knockoff\n>p1 move bodypress\n>p2 move knockoff\n>p1 switch 3\n>p1 move thunderbolt\n>p2 switch 2\n>p1 switch 4\n>p2 move photongeyser\n>p1 move trailblaze\n>p2 switch 4\n>p1 switch 4\n>p2 switch 5\n>p1 move focusblast\n>p2 switch 4\n>p1 switch 4\n>p2 move moonlight\n>p1 move facade\n>p2 switch 5\n>p1 move trailblaze\n>p2 move knockoff\n>p2 switch 2\n>p1 move trailblaze\n>p2 move knockoff\n>p1 switch 6\n>p1 move rapidspin\n>p2 move knockoff\n>p1 move iceshard\n>p2 move knockoff\n>p1 switch 4\n>p1 move terablast terastallize\n>p2 switch 5\n>p1 switch 2\n>p2 move photongeyser\n>p1 move substitute\n>p2 switch 4\n>p1 move substitute\n>p2 move stealthrock\n>p1 move focuspunch\n>p2 move earthquake\n>p1 move substitute\n>p2 move stoneedge\n>p1 move focuspunch\n>p2 move earthquake\n>p2 switch 5\n>p1 move substitute\n>p2 move knockoff\n>p1 switch 2\n>p1 move terablast\n>p2 switch 6\n>p2 switch 4\n>p1 switch 5\n>p2 move photongeyser\n>p1 move icebeam\n>p2 move moonlight\n>p1 move icebeam\n>p2 move calmmind\n>p1 move icebeam\n>p2 move moonlight\n>p1 move icebeam\n>p2 move moonlight\n>chat \u2606RB2T CGP|lkike\n>chat \u2606RB2T CGP|are we serious\n>chat \u2606RB2T Norp|i mean\n>chat \u2606RB2T Norp|you are paralysed\n>chat \u2606RB2T CGP|no\n>chat \u2606RB2T Norp|it was bound to happen\n>chat \u2606RB2T CGP|that was\n>chat \u2606RB2T CGP|12% roll\n>chat \u2606RB2T CGP|on that last ice beam\n>chat \u2606RB2T Norp|the ko yeah\n>chat \u2606RB2T CGP|u literally throw the entire game away\n>chat \u2606RB2T CGP|for no reason\n>chat \u2606RB2T CGP|and u are rewarded for it\n>chat \u2606RB2T Norp|???\n>chat \u2606RB2T CGP|u 100% win the game\n>chat \u2606RB2T CGP|if uy stay in\n>chat \u2606RB2T CGP|and click your move\n>chat \u2606RB2T CGP|but instead\n>chat \u2606RB2T CGP|you swtich out\n>chat \u2606RB2T CGP|to the one way u can lose the game\n>chat \u2606RB2T CGP|and get reawrded\n>chat \u2606RB2T CGP|its so disgusting\n>p2 switch 6\n>chat \u2606RB2T Norp|i mean, i could explain the way you could've won if i'd stayed in\n>chat \u2606RB2T CGP|go ahead rofl\n>chat \u2606RB2T Norp|but then you might get better at the game?\n>chat \u2606RB2T CGP|in what world can i win there\n>chat \u2606RB2T Norp|and i could lose next time?\n>chat \u2606RB2T Norp|lmao\n>p1 move icebeam\n>p2 move knockoff\n>chat \u2606RB2T CGP|my only win con\n>p1 switch 5\n>chat \u2606RB2T CGP|was to click move\n>chat \u2606RB2T CGP|die in 2hko\n>chat \u2606RB2T CGP|aquajet\n>chat \u2606RB2T CGP|and pray ur last mon dies to aqua jet\n>chat \u2606RB2T CGP|and as you can see\n>chat \u2606RB2T CGP|your last mon does not die to aqua jet\n>chat \u2606RB2T CGP|but please do explain\n>chat \u2606RB2T CGP|how i could have won there\n>chat \u2606RB2T CGP|by u staying in\n>chat \u2606RB2T CGP|u also could not btoher\n>chat \u2606RB2T CGP|since there is no way\n>chat \u2606RB2T CGP|u could have lost\n>chat \u2606RB2T CGP|^.^\n>p1 move terablast\n>p2 move knockoff", "uploadtime": 1726881029, "views": 88, "formatid": "gen9randombattle", "rating": 2330, "private": 0, "password": null}