{"id": "gen9randombattle-2098209287", "format": "[Gen 9] Random Battle", "players": ["Referrals", "Aqua"], "log": "|badge|p1|silver|gen9randombattle|30-1\n|uhtml|medal-msg|<div class=\"broadcast-blue\">Curious what those medals under the avatar are? PS now has Ladder Seasons! For more information, check out the <a href=\"https://www.smogon.com/forums/threads/3740067/\">thread on Smogon.</a></div>\n|badge|p2|silver|gen9randombattle|30-1\n|uhtml|medal-msg|<div class=\"broadcast-blue\">Curious what those medals under the avatar are? PS now has Ladder Seasons! For more information, check out the <a href=\"https://www.smogon.com/forums/threads/3740067/\">thread on Smogon.</a></div>\n|j|\u2606Referrals\n|j|\u2606Aqua\n|t:|1712520872\n|gametype|singles\n|player|p1|Referrals|swimmer|2385\n|player|p2|Aqua|#rbtt6teamlatiasf|2398\n|teamsize|p1|6\n|teamsize|p2|6\n|gen|9\n|tier|[Gen 9] Random Battle\n|rated|\n|rule|Species Clause: Limit one of each Pok\u00e9mon\n|rule|HP Percentage Mod: HP is shown in percentages\n|rule|Sleep Clause Mod: Limit one foe put to sleep\n|rule|Illusion Level Mod: Illusion disguises the Pok\u00e9mon's true level\n|\n|t:|1712520872\n|start\n|switch|p1a: Hitmonlee|Hitmonlee, L84, M|221/221\n|switch|p2a: Chien-Pao|Chien-Pao, L72|234/234\n|-ability|p2a: Chien-Pao|Sword of Ruin\n|turn|1\n|inactive|Battle timer is ON: inactive players will automatically lose when time's up. (requested by Referrals)\n|inactive|Referrals has 120 seconds left.\n|inactive|Aqua has 120 seconds left.\n|\n|t:|1712520927\n|switch|p2a: Skeledirge|Skeledirge, L79, F|294/294\n|switch|p1a: Grafaiai|Grafaiai, L86, F|249/249\n|\n|upkeep\n|turn|2\n|\n|t:|1712520941\n|switch|p2a: Sudowoodo|Sudowoodo, L93, F|281/281\n|move|p1a: Grafaiai|U-turn|p2a: Sudowoodo\n|-damage|p2a: Sudowoodo|245/281\n|\n|t:|1712520965\n|switch|p1a: Regirock|Regirock, L85|275/275|[from] U-turn\n|\n|-heal|p2a: Sudowoodo|262/281|[from] item: Leftovers\n|upkeep\n|turn|3\n|\n|t:|1712520981\n|switch|p2a: Skeledirge|Skeledirge, L79, F|294/294\n|move|p1a: Regirock|Body Press|p2a: Skeledirge\n|-immune|p2a: Skeledirge\n|\n|upkeep\n|turn|4\n|\n|t:|1712520988\n|move|p2a: Skeledirge|Will-O-Wisp|p1a: Regirock\n|-status|p1a: Regirock|brn\n|move|p1a: Regirock|Stone Edge|p2a: Skeledirge|[miss]\n|-miss|p1a: Regirock|p2a: Skeledirge\n|\n|-damage|p1a: Regirock|258/275 brn|[from] brn\n|upkeep\n|turn|5\n|\n|t:|1712521000\n|switch|p1a: Goodra|Goodra-Hisui, L82, F|265/265\n|move|p2a: Skeledirge|Hex|p1a: Goodra\n|-damage|p1a: Goodra|234/265\n|\n|upkeep\n|turn|6\n|\n|t:|1712521014\n|switch|p2a: Wo-Chien|Wo-Chien, L83|277/277\n|-ability|p2a: Wo-Chien|Tablets of Ruin\n|move|p1a: Goodra|Hydro Pump|p2a: Wo-Chien\n|-resisted|p2a: Wo-Chien\n|-damage|p2a: Wo-Chien|246/277\n|\n|-heal|p2a: Wo-Chien|263/277|[from] item: Leftovers\n|upkeep\n|turn|7\n|\n|t:|1712521026\n|switch|p1a: Illumise|Illumise, L91, F|266/266\n|move|p2a: Wo-Chien|Ruination|p1a: Illumise|[miss]\n|-miss|p2a: Wo-Chien|p1a: Illumise\n|\n|-heal|p2a: Wo-Chien|277/277|[from] item: Leftovers\n|upkeep\n|turn|8\n|\n|t:|1712521047\n|switch|p2a: Sudowoodo|Sudowoodo, L93, F|262/281\n|move|p1a: Illumise|Bug Buzz|p2a: Sudowoodo\n|-damage|p2a: Sudowoodo|153/281\n|\n|-heal|p2a: Sudowoodo|170/281|[from] item: Leftovers\n|upkeep\n|turn|9\n|\n|t:|1712521054\n|switch|p1a: Regirock|Regirock, L85|258/275 brn\n|move|p2a: Sudowoodo|Head Smash|p1a: Regirock\n|-damage|p1a: Regirock|159/275 brn\n|\n|-heal|p2a: Sudowoodo|187/281|[from] item: Leftovers\n|-damage|p1a: Regirock|142/275 brn|[from] brn\n|upkeep\n|turn|10\n|\n|t:|1712521060\n|move|p1a: Regirock|Rest|p1a: Regirock\n|-status|p1a: Regirock|slp|[from] move: Rest\n|-heal|p1a: Regirock|275/275 slp|[silent]\n|-enditem|p1a: Regirock|Chesto Berry|[eat]\n|-curestatus|p1a: Regirock|slp|[msg]\n|move|p2a: Sudowoodo|Stealth Rock|p1a: Regirock\n|-sidestart|p1: Referrals|move: Stealth Rock\n|\n|-heal|p2a: Sudowoodo|204/281|[from] item: Leftovers\n|upkeep\n|turn|11\n|\n|t:|1712521083\n|move|p1a: Regirock|Body Press|p2a: Sudowoodo\n|-supereffective|p2a: Sudowoodo\n|-damage|p2a: Sudowoodo|40/281\n|move|p2a: Sudowoodo|Wood Hammer|p1a: Regirock\n|-supereffective|p1a: Regirock\n|-damage|p1a: Regirock|163/275\n|\n|-heal|p2a: Sudowoodo|57/281|[from] item: Leftovers\n|upkeep\n|turn|12\n|\n|t:|1712521090\n|move|p2a: Sudowoodo|Sucker Punch|p1a: Regirock\n|-damage|p1a: Regirock|129/275\n|move|p1a: Regirock|Stone Edge|p2a: Sudowoodo\n|-crit|p2a: Sudowoodo\n|-damage|p2a: Sudowoodo|0 fnt\n|faint|p2a: Sudowoodo\n|\n|upkeep\n|inactive|Aqua has 120 seconds left.\n|\n|t:|1712521110\n|switch|p2a: Barraskewda|Barraskewda, L81, M|231/231\n|turn|13\n|j| meamdefinitely4\n|inactive|Aqua has 120 seconds left.\n|l| meamdefinitely4\n|inactive|Referrals has 120 seconds left.\n|\n|t:|1712521161\n|switch|p1a: Illumise|Illumise, L91, F|266/266\n|move|p2a: Barraskewda|Waterfall|p1a: Illumise\n|-crit|p1a: Illumise\n|-damage|p1a: Illumise|61/266\n|\n|upkeep\n|turn|14\n|inactive|Aqua has 120 seconds left.\n|\n|t:|1712521171\n|move|p1a: Illumise|Roost|p1a: Illumise\n|-heal|p1a: Illumise|194/266\n|-singleturn|p1a: Illumise|move: Roost\n|move|p2a: Barraskewda|Waterfall|p1a: Illumise\n|-damage|p1a: Illumise|37/266\n|\n|upkeep\n|turn|15\n|inactive|Aqua has 120 seconds left.\n|\n|t:|1712521177\n|move|p1a: Illumise|Roost|p1a: Illumise\n|-heal|p1a: Illumise|170/266\n|-singleturn|p1a: Illumise|move: Roost\n|move|p2a: Barraskewda|Waterfall|p1a: Illumise\n|-damage|p1a: Illumise|11/266\n|\n|upkeep\n|turn|16\n|\n|t:|1712521181\n|move|p1a: Illumise|Thunder Wave|p2a: Barraskewda\n|-status|p2a: Barraskewda|par\n|move|p2a: Barraskewda|Waterfall|p1a: Illumise\n|-damage|p1a: Illumise|0 fnt\n|faint|p1a: Illumise\n|\n|upkeep\n|inactive|Referrals has 120 seconds left.\n|\n|t:|1712521218\n|switch|p1a: Goodra|Goodra-Hisui, L82, F|234/265\n|-damage|p1a: Goodra|218/265|[from] Stealth Rock\n|turn|17\n|\n|t:|1712521236\n|move|p1a: Goodra|Draco Meteor|p2a: Barraskewda\n|-damage|p2a: Barraskewda|0 fnt\n|-unboost|p1a: Goodra|spa|2\n|faint|p2a: Barraskewda\n|\n|upkeep\n|inactive|Aqua has 120 seconds left.\n|\n|t:|1712521254\n|switch|p2a: Chien-Pao|Chien-Pao, L72|234/234\n|-ability|p2a: Chien-Pao|Sword of Ruin\n|turn|18\n|\n|t:|1712521269\n|move|p2a: Chien-Pao|Icicle Crash|p1a: Goodra\n|-damage|p1a: Goodra|116/265\n|move|p1a: Goodra|Heavy Slam|p2a: Chien-Pao\n|-supereffective|p2a: Chien-Pao\n|-damage|p2a: Chien-Pao|76/234\n|\n|upkeep\n|turn|19\n|c|\u2606Aqua|I thought it was specs lol\n|c|\u2606Referrals|ah lmao\n|c|\u2606Aqua|but that's not even a thing brainfart\n|inactive|Referrals has 90 seconds left.\n|c|\u2606Referrals|ye i just got a blessed roll\n|\n|t:|1712521311\n|switch|p2a: Wo-Chien|Wo-Chien, L83|277/277\n|-ability|p2a: Wo-Chien|Tablets of Ruin\n|switch|p1a: Regirock|Regirock, L85|129/275\n|-damage|p1a: Regirock|95/275|[from] Stealth Rock\n|\n|upkeep\n|turn|20\n|\n|t:|1712521325\n|move|p2a: Wo-Chien|Giga Drain|p1a: Regirock\n|-supereffective|p1a: Regirock\n|-damage|p1a: Regirock|0 fnt\n|faint|p1a: Regirock\n|\n|upkeep\n|\n|t:|1712521331\n|switch|p1a: Goodra|Goodra-Hisui, L82, F|116/265\n|-damage|p1a: Goodra|100/265|[from] Stealth Rock\n|turn|21\n|inactive|Aqua has 120 seconds left.\n|\n|t:|1712521361\n|move|p2a: Wo-Chien|Knock Off|p1a: Goodra\n|-damage|p1a: Goodra|12/265\n|-enditem|p1a: Goodra|Assault Vest|[from] move: Knock Off|[of] p2a: Wo-Chien\n|move|p1a: Goodra|Draco Meteor|p2a: Wo-Chien\n|-damage|p2a: Wo-Chien|168/277\n|-unboost|p1a: Goodra|spa|2\n|\n|-heal|p2a: Wo-Chien|185/277|[from] item: Leftovers\n|upkeep\n|turn|22\n|inactive|Referrals has 90 seconds left.\n|j| 5-0 msopms'lfgvjh\n|\n|t:|1712521368\n|move|p2a: Wo-Chien|Knock Off|p1a: Goodra\n|-damage|p1a: Goodra|0 fnt\n|faint|p1a: Goodra\n|\n|-heal|p2a: Wo-Chien|202/277|[from] item: Leftovers\n|upkeep\n|inactive|Referrals has 90 seconds left.\n|inactive|Referrals has 60 seconds left.\n|j| FatPoke\n|inactive|Referrals has 30 seconds left.\n|\n|t:|1712521434\n|switch|p1a: Hitmonlee|Hitmonlee, L84, M|221/221\n|-damage|p1a: Hitmonlee|208/221|[from] Stealth Rock\n|turn|23\n|\n|t:|1712521441\n|switch|p2a: Skeledirge|Skeledirge, L79, F|294/294\n|move|p1a: Hitmonlee|Knock Off|p2a: Skeledirge\n|-supereffective|p2a: Skeledirge\n|-damage|p2a: Skeledirge|142/294\n|-enditem|p2a: Skeledirge|Heavy-Duty Boots|[from] move: Knock Off|[of] p1a: Hitmonlee\n|\n|upkeep\n|turn|24\n|j| Mrchooter4\n|inactive|Referrals has 30 seconds left.\n|\n|t:|1712521466\n|move|p1a: Hitmonlee|Knock Off|p2a: Skeledirge\n|-supereffective|p2a: Skeledirge\n|-damage|p2a: Skeledirge|34/294\n|move|p2a: Skeledirge|Slack Off|p2a: Skeledirge\n|-heal|p2a: Skeledirge|181/294\n|\n|upkeep\n|turn|25\n|\n|t:|1712521473\n|switch|p1a: Hoopa|Hoopa, L85|275/275\n|-damage|p1a: Hoopa|241/275|[from] Stealth Rock\n|move|p2a: Skeledirge|Slack Off|p2a: Skeledirge\n|-heal|p2a: Skeledirge|294/294\n|\n|upkeep\n|turn|26\n|inactive|Referrals has 30 seconds left.\n|\n|t:|1712521496\n|move|p1a: Hoopa|Focus Blast|p2a: Skeledirge\n|-immune|p2a: Skeledirge\n|move|p2a: Skeledirge|Hex|p1a: Hoopa\n|-supereffective|p1a: Hoopa\n|-damage|p1a: Hoopa|33/275\n|\n|upkeep\n|turn|27\n|\n|t:|1712521502\n|switch|p2a: Chien-Pao|Chien-Pao, L72|76/234\n|-ability|p2a: Chien-Pao|Sword of Ruin\n|move|p1a: Hoopa|Shadow Ball|p2a: Chien-Pao\n|-resisted|p2a: Chien-Pao\n|-damage|p2a: Chien-Pao|0 fnt\n|faint|p2a: Chien-Pao\n|-damage|p1a: Hoopa|6/275|[from] item: Life Orb\n|\n|upkeep\n|\n|t:|1712521516\n|switch|p2a: Deoxys|Deoxys, L74|196/196\n|-ability|p2a: Deoxys|Pressure\n|turn|28\n|c| FatPoke|wow\n|c|\u2606Referrals|o\n|c|\u2606Referrals|gg\n|-message|Referrals forfeited.\n|\n|win|Aqua\n|raw|Referrals's rating: 2385 &rarr; <strong>2366</strong><br />(-19 for losing)\n|raw|Aqua's rating: 2398 &rarr; <strong>2417</strong><br />(+19 for winning)\n|l|\u2606Referrals\n|player|p1|\n|c|\u2606Aqua|fat team\n|c|\u2606Aqua|gg\n", "inputlog": ">version 5e6884075e425dc5b64255756e621f094dcccacd\n>start {\"formatid\":\"gen9randombattle\",\"seed\":[3183,10684,10022,18675],\"rated\":\"Rated battle\"}\n>player p1 {\"name\":\"Referrals\",\"avatar\":\"swimmer\",\"rating\":2385,\"seed\":[55438,24896,34480,25468]}\n>player p2 {\"name\":\"Aqua\",\"avatar\":\"#rbtt6teamlatiasf\",\"rating\":2398,\"seed\":[47912,62112,8127,10151]}\n>p1 switch 4\n>p2 switch 4\n>p1 move uturn\n>p2 switch 5\n>p1 switch 6\n>p1 move bodypress\n>p2 switch 5\n>p1 move stoneedge\n>p2 move willowisp\n>p1 switch 3\n>p2 move hex\n>p1 move hydropump\n>p2 switch 3\n>p1 switch 2\n>p2 move ruination\n>p1 move bugbuzz\n>p2 switch 5\n>p1 switch 3\n>p2 move headsmash\n>p1 move rest\n>p2 move stealthrock\n>p1 move bodypress\n>p2 move woodhammer\n>p1 move stoneedge\n>p2 move suckerpunch\n>p2 switch 2\n>p1 switch 3\n>p2 move waterfall\n>p1 move roost\n>p2 move waterfall\n>p1 move roost\n>p2 move waterfall\n>p1 move thunderwave\n>p2 move waterfall\n>p1 switch 2\n>p1 move dracometeor\n>p2 move waterfall\n>p2 switch 4\n>p1 move heavyslam\n>p2 move iciclecrash\n>chat \u2606Aqua|I thought it was specs lol\n>chat \u2606Referrals|ah lmao\n>chat \u2606Aqua|but that's not even a thing brainfart\n>chat \u2606Referrals|ye i just got a blessed roll\n>p1 switch 3\n>p2 switch 5\n>p1 move bodypress\n>p2 move gigadrain\n>p1 switch 3\n>p1 move dracometeor\n>p2 move knockoff\n>p1 move heavyslam\n>p2 move knockoff\n>p1 switch 4\n>p1 move knockoff\n>p2 switch 3\n>p1 move knockoff\n>p2 move slackoff\n>p1 switch 5\n>p2 move slackoff\n>p1 move focusblast\n>p2 move hex\n>p1 move shadowball\n>p2 switch 5\n>p2 switch 6\n>chat  FatPoke|wow\n>chat \u2606Referrals|o\n>chat \u2606Referrals|gg\n>forcelose p1", "uploadtime": 1712521533, "views": 260, "formatid": "gen9randombattle", "rating": 2366, "private": 0, "password": null}