{"id": "gen9randombattle-2259978781", "format": "[Gen 9] Random Battle", "players": ["jajajajjjaj777", "colbyonekenobi"], "log": "|j|\u2606jajajajjjaj777\n|j|\u2606colbyonekenobi\n|t:|1733786809\n|gametype|singles\n|player|p1|jajajajjjaj777|bruno|1127\n|player|p2|colbyonekenobi|pokemaniac|1178\n|teamsize|p1|6\n|teamsize|p2|6\n|gen|9\n|tier|[Gen 9] Random Battle\n|rated|\n|rule|Species Clause: Limit one of each Pok\u00e9mon\n|rule|HP Percentage Mod: HP is shown in percentages\n|rule|Sleep Clause Mod: Limit one foe put to sleep\n|rule|Illusion Level Mod: Illusion disguises the Pok\u00e9mon's true level\n|\n|t:|1733786809\n|start\n|switch|p1a: Golurk|Golurk, L87|297/297\n|switch|p2a: Noctowl|Noctowl, L95, F|344/344\n|turn|1\n|\n|t:|1733786852\n|switch|p2a: Iron Leaves|Iron Leaves, L80|275/275\n|move|p1a: Golurk|Stone Edge|p2a: Iron Leaves\n|-damage|p2a: Iron Leaves|133/275\n|\n|upkeep\n|turn|2\n|inactive|Battle timer is ON: inactive players will automatically lose when time's up. (requested by colbyonekenobi)\n|c|\u2606jajajajjjaj777|salem malekum\n|\n|t:|1733786861\n|move|p2a: Iron Leaves|Leaf Blade|p1a: Golurk\n|-supereffective|p1a: Golurk\n|-damage|p1a: Golurk|0 fnt\n|faint|p1a: Golurk\n|-damage|p2a: Iron Leaves|106/275|[from] item: Life Orb\n|\n|upkeep\n|c|\u2606colbyonekenobi|igualito\n|inactive|jajajajjjaj777 has 120 seconds left.\n|\n|t:|1733786892\n|switch|p1a: Medicham|Medicham, L86, F|243/243\n|turn|3\n|inactive|colbyonekenobi has 120 seconds left.\n|\n|t:|1733786935\n|-end|p2a: Iron Leaves|Quark Drive|[silent]\n|switch|p2a: Thundurus|Thundurus, L80, M|258/258\n|move|p1a: Medicham|Bullet Punch|p2a: Thundurus\n|-resisted|p2a: Thundurus\n|-damage|p2a: Thundurus|217/258\n|\n|upkeep\n|turn|4\n|inactive|jajajajjjaj777 has 120 seconds left.\n|\n|t:|1733786959\n|move|p1a: Medicham|Bullet Punch|p2a: Thundurus\n|-resisted|p2a: Thundurus\n|-damage|p2a: Thundurus|181/258\n|move|p2a: Thundurus|Acrobatics|p1a: Medicham\n|-supereffective|p1a: Medicham\n|-damage|p1a: Medicham|0 fnt\n|faint|p1a: Medicham\n|\n|upkeep\n|c|\u2606jajajajjjaj777|\u0627\u0646\u0627 \u0630\u0627\u0647\u0628 \u0644\u0642\u062a\u0644\u0643\n|inactive|jajajajjjaj777 has 120 seconds left.\n|\n|t:|1733786967\n|switch|p1a: Muk|Muk, L86, M|321/321\n|turn|5\n|inactive|jajajajjjaj777 has 120 seconds left.\n|inactive|colbyonekenobi has 120 seconds left.\n|\n|t:|1733786993\n|switch|p2a: Meloetta|Meloetta, L82|298/298\n|move|p1a: Muk|Gunk Shot|p2a: Meloetta\n|-damage|p2a: Meloetta|135/298\n|-status|p2a: Meloetta|psn\n|\n|-damage|p2a: Meloetta|98/298 psn|[from] psn\n|upkeep\n|turn|6\n|inactive|jajajajjjaj777 has 120 seconds left.\n|\n|t:|1733787010\n|move|p2a: Meloetta|Psyshock|p1a: Muk\n|-supereffective|p1a: Muk\n|-damage|p1a: Muk|13/321\n|move|p1a: Muk|Ice Punch|p2a: Meloetta\n|-damage|p2a: Meloetta|30/298 psn\n|\n|-damage|p2a: Meloetta|0 fnt|[from] psn\n|faint|p2a: Meloetta\n|upkeep\n|inactive|colbyonekenobi has 120 seconds left.\n|\n|t:|1733787024\n|switch|p2a: Pawmot|Pawmot, L80, M|243/243\n|turn|7\n|inactive|colbyonekenobi has 120 seconds left.\n|\n|t:|1733787032\n|move|p2a: Pawmot|Nuzzle|p1a: Muk\n|-damage|p1a: Muk|0 fnt\n|faint|p1a: Muk\n|\n|upkeep\n|inactive|jajajajjjaj777 has 120 seconds left.\n|inactive|jajajajjjaj777 has 90 seconds left.\n|c|\u2606jajajajjjaj777|\u0627\u0644\u0644\u0639\u0646\u0629 \u0627\u0644\u0625\u0633\u0628\u0627\u0646\u064a\u0629 \u0627\u0644\u0644\u0639\u064a\u0646\u0629 \u0633\u0623\u0642\u062a\u0644\u0643 \u0644\u064a\u062d\u064a\u0627 \u0627\u0644\u0644\u0647\n|\n|t:|1733787077\n|switch|p1a: Kyogre|Kyogre, L71|259/259\n|-weather|RainDance|[from] ability: Drizzle|[of] p1a: Kyogre\n|turn|8\n|inactive|jajajajjjaj777 has 90 seconds left.\n|inactive|colbyonekenobi has 120 seconds left.\n|\n|t:|1733787094\n|-terastallize|p1a: Kyogre|Dragon\n|move|p2a: Pawmot|Double Shock|p1a: Kyogre\n|-resisted|p1a: Kyogre\n|-damage|p1a: Kyogre|185/259\n|-start|p2a: Pawmot|typechange|???/Fighting|[from] move: Double Shock\n|move|p1a: Kyogre|Ice Beam|p2a: Pawmot\n|-damage|p2a: Pawmot|159/243\n|\n|-weather|RainDance|[upkeep]\n|-heal|p1a: Kyogre|201/259|[from] item: Leftovers\n|upkeep\n|turn|9\n|inactive|jajajajjjaj777 has 90 seconds left.\n|inactive|colbyonekenobi has 120 seconds left.\n|\n|t:|1733787131\n|move|p2a: Pawmot|Nuzzle|p1a: Kyogre\n|-resisted|p1a: Kyogre\n|-damage|p1a: Kyogre|193/259\n|-status|p1a: Kyogre|par\n|move|p1a: Kyogre|Thunder|p2a: Pawmot\n|-heal|p2a: Pawmot|219/243|[from] ability: Volt Absorb|[of] p1a: Kyogre\n|\n|-weather|RainDance|[upkeep]\n|-heal|p1a: Kyogre|209/259 par|[from] item: Leftovers\n|upkeep\n|turn|10\n|\n|t:|1733787147\n|switch|p2a: Iron Leaves|Iron Leaves, L80|106/275\n|switch|p1a: Girafarig|Girafarig, L89, F|269/269\n|\n|-weather|RainDance|[upkeep]\n|upkeep\n|turn|11\n|\n|t:|1733787159\n|-end|p2a: Iron Leaves|Quark Drive|[silent]\n|switch|p2a: Noctowl|Noctowl, L95, F|344/344\n|move|p1a: Girafarig|Thunderbolt|p2a: Noctowl\n|-supereffective|p2a: Noctowl\n|-damage|p2a: Noctowl|238/344\n|\n|-weather|RainDance|[upkeep]\n|upkeep\n|turn|12\n|\n|t:|1733787168\n|move|p1a: Girafarig|Thunderbolt|p2a: Noctowl\n|-supereffective|p2a: Noctowl\n|-damage|p2a: Noctowl|118/344\n|move|p2a: Noctowl|Hyper Voice|p1a: Girafarig\n|-damage|p1a: Girafarig|182/269\n|\n|-weather|none\n|upkeep\n|turn|13\n|\n|t:|1733787174\n|switch|p2a: Pawmot|Pawmot, L80, M|219/243\n|move|p1a: Girafarig|Thunderbolt|p2a: Pawmot\n|-heal|p2a: Pawmot|243/243|[from] ability: Volt Absorb|[of] p1a: Girafarig\n|\n|upkeep\n|turn|14\n|inactive|jajajajjjaj777 has 90 seconds left.\n|\n|t:|1733787183\n|move|p2a: Pawmot|Revival Blessing|p2a: Pawmot\n|-enditem|p2a: Pawmot|Leppa Berry|[eat]\n|-activate|p2a: Pawmot|item: Leppa Berry|Revival Blessing|[consumed]\n|\n|t:|1733787186\n|-heal|p2: Meloetta|149/298|[from] move: Revival Blessing\n|move|p1a: Girafarig|Psyshock|p2a: Pawmot\n|-supereffective|p2a: Pawmot\n|-damage|p2a: Pawmot|19/243\n|\n|upkeep\n|turn|15\n|\n|t:|1733787192\n|move|p2a: Pawmot|Close Combat|p1a: Girafarig\n|-damage|p1a: Girafarig|77/269\n|-unboost|p2a: Pawmot|def|1\n|-unboost|p2a: Pawmot|spd|1\n|move|p1a: Girafarig|Psyshock|p2a: Pawmot\n|-supereffective|p2a: Pawmot\n|-damage|p2a: Pawmot|0 fnt\n|faint|p2a: Pawmot\n|\n|upkeep\n|\n|t:|1733787200\n|switch|p2a: Iron Leaves|Iron Leaves, L80|106/275\n|turn|16\n|\n|t:|1733787206\n|move|p2a: Iron Leaves|Leaf Blade|p1a: Girafarig\n|-ability|p1a: Girafarig|Sap Sipper|boost\n|-boost|p1a: Girafarig|atk|1\n|move|p1a: Girafarig|Psyshock|p2a: Iron Leaves\n|-resisted|p2a: Iron Leaves\n|-damage|p2a: Iron Leaves|62/275\n|\n|upkeep\n|turn|17\n|inactive|colbyonekenobi has 120 seconds left.\n|c|\u2606jajajajjjaj777|\u0647\u064a\u0627\u060c \u0623\u0646\u062a \u062e\u0627\u0633\u0631\u060c \u0627\u0644\u0639\u0628 \u0634\u064a\u0626\u064b\u0627 \u0645\u0627\n|\n|t:|1733787243\n|move|p2a: Iron Leaves|Psyblade|p1a: Girafarig\n|-resisted|p1a: Girafarig\n|-damage|p1a: Girafarig|26/269\n|-damage|p2a: Iron Leaves|35/275|[from] item: Life Orb\n|move|p1a: Girafarig|Hyper Voice|p2a: Iron Leaves\n|-damage|p2a: Iron Leaves|0 fnt\n|faint|p2a: Iron Leaves\n|-end|p2a: Iron Leaves|Quark Drive|[silent]\n|\n|upkeep\n|\n|t:|1733787251\n|switch|p2a: Typhlosion|Typhlosion, L84, M|267/267\n|turn|18\n|\n|t:|1733787256\n|move|p2a: Typhlosion|Scorching Sands|p1a: Girafarig\n|-crit|p1a: Girafarig\n|-damage|p1a: Girafarig|0 fnt\n|faint|p1a: Girafarig\n|\n|upkeep\n|\n|t:|1733787262\n|switch|p1a: Kyogre|Kyogre, L71, tera:Dragon|209/259 par\n|-weather|RainDance|[from] ability: Drizzle|[of] p1a: Kyogre\n|turn|19\n|\n|t:|1733787269\n|switch|p2a: Meloetta|Meloetta, L82|149/298\n|move|p1a: Kyogre|Origin Pulse|p2a: Meloetta\n|-damage|p2a: Meloetta|16/298\n|\n|-weather|RainDance|[upkeep]\n|-heal|p1a: Kyogre|225/259 par|[from] item: Leftovers\n|upkeep\n|turn|20\n|\n|t:|1733787277\n|move|p2a: Meloetta|Focus Blast|p1a: Kyogre|[miss]\n|-miss|p2a: Meloetta|p1a: Kyogre\n|move|p1a: Kyogre|Ice Beam|p2a: Meloetta\n|-damage|p2a: Meloetta|0 fnt\n|faint|p2a: Meloetta\n|\n|-weather|RainDance|[upkeep]\n|-heal|p1a: Kyogre|241/259 par|[from] item: Leftovers\n|upkeep\n|\n|t:|1733787287\n|switch|p2a: Thundurus|Thundurus, L80, M|181/258\n|turn|21\n|c|\u2606jajajajjjaj777|sirvio la meloetta\n|c|\u2606jajajajjjaj777|ups\n|c|\u2606jajajajjjaj777|\u0628\u0644\u062f\u064a \u0633\u064a\u0626\u0629\n|inactive|jajajajjjaj777 has 120 seconds left.\n|\n|t:|1733787319\n|move|p2a: Thundurus|Knock Off|p1a: Kyogre\n|-damage|p1a: Kyogre|150/259 par\n|-enditem|p1a: Kyogre|Leftovers|[from] move: Knock Off|[of] p2a: Thundurus\n|move|p1a: Kyogre|Thunder|p2a: Thundurus\n|-damage|p2a: Thundurus|83/258\n|\n|-weather|RainDance|[upkeep]\n|upkeep\n|turn|22\n|c|\u2606colbyonekenobi|habibi\n|inactive|jajajajjjaj777 has 120 seconds left.\n|\n|t:|1733787330\n|move|p2a: Thundurus|Grass Knot|p1a: Kyogre\n|-resisted|p1a: Kyogre\n|-damage|p1a: Kyogre|110/259 par\n|cant|p1a: Kyogre|par\n|\n|-weather|RainDance|[upkeep]\n|upkeep\n|turn|23\n|\n|t:|1733787340\n|move|p2a: Thundurus|Acrobatics|p1a: Kyogre\n|-damage|p1a: Kyogre|0 fnt\n|faint|p1a: Kyogre\n|\n|-weather|none\n|upkeep\n|inactive|jajajajjjaj777 has 120 seconds left.\n|\n|t:|1733787350\n|switch|p1a: Golduck|Golduck, L90, F|290/290\n|-ability|p1a: Golduck|Cloud Nine\n|turn|24\n|inactive|jajajajjjaj777 has 120 seconds left.\n|\n|t:|1733787361\n|move|p2a: Thundurus|Thunderbolt|p1a: Golduck\n|-supereffective|p1a: Golduck\n|-damage|p1a: Golduck|90/290\n|-status|p1a: Golduck|par\n|cant|p1a: Golduck|par\n|\n|upkeep\n|turn|25\n|inactive|jajajajjjaj777 has 120 seconds left.\n|c|\u2606jajajajjjaj777|esta juego es una mierda\n|c|\u2606jajajajjjaj777|este\n|c|\u2606colbyonekenobi|comooo\n|c|\u2606jajajajjjaj777|ya ni puedo habla rbien lpm\n|-message|jajajajjjaj777 forfeited.\n|\n|win|colbyonekenobi\n", "inputlog": ">version bfd83cad13791eb5a5a409923076391caf6fb4d4\n>start {\"formatid\":\"gen9randombattle\",\"seed\":[14173,1191,63078,63186],\"rated\":\"Rated battle\"}\n>player p1 {\"name\":\"jajajajjjaj777\",\"avatar\":\"bruno\",\"rating\":1127,\"seed\":[13233,7164,39660,18537]}\n>player p2 {\"name\":\"colbyonekenobi\",\"avatar\":\"pokemaniac\",\"rating\":1178,\"seed\":[50089,50425,8903,28966]}\n>p1 move stoneedge\n>p2 switch 5\n>chat \u2606jajajajjjaj777|salem malekum\n>p1 move stoneedge\n>p2 move leafblade\n>chat \u2606colbyonekenobi|igualito\n>p1 switch 2\n>p1 move bulletpunch\n>p2 switch 2\n>p1 move bulletpunch\n>p2 move acrobatics\n>chat \u2606jajajajjjaj777|\u0627\u0646\u0627 \u0630\u0627\u0647\u0628 \u0644\u0642\u062a\u0644\u0643\n>p1 switch 6\n>p1 move gunkshot\n>p2 switch 6\n>p1 move icepunch\n>p2 move psyshock\n>p2 switch 3\n>p1 move gunkshot\n>p2 move nuzzle\n>chat \u2606jajajajjjaj777|\u0627\u0644\u0644\u0639\u0646\u0629 \u0627\u0644\u0625\u0633\u0628\u0627\u0646\u064a\u0629 \u0627\u0644\u0644\u0639\u064a\u0646\u0629 \u0633\u0623\u0642\u062a\u0644\u0643 \u0644\u064a\u062d\u064a\u0627 \u0627\u0644\u0644\u0647\n>p1 switch 5\n>p1 move icebeam terastallize\n>p2 move doubleshock\n>p1 move thunder\n>p2 move nuzzle\n>p1 switch 3\n>p2 switch 2\n>p1 move thunderbolt\n>p2 switch 5\n>p1 move thunderbolt\n>p2 move hypervoice\n>p1 move thunderbolt\n>p2 switch 2\n>p1 move psyshock\n>p2 move revivalblessing\n>p2 switch 3\n>p1 move psyshock\n>p2 move closecombat\n>p2 switch 5\n>p1 move psyshock\n>p2 move leafblade\n>chat \u2606jajajajjjaj777|\u0647\u064a\u0627\u060c \u0623\u0646\u062a \u062e\u0627\u0633\u0631\u060c \u0627\u0644\u0639\u0628 \u0634\u064a\u0626\u064b\u0627 \u0645\u0627\n>p1 move hypervoice\n>p2 move psyblade\n>p2 switch 4\n>p1 move thunderbolt\n>p2 move scorchingsands\n>p1 switch 3\n>p1 move originpulse\n>p2 switch 3\n>p1 move icebeam\n>p2 move focusblast\n>p2 switch 6\n>chat \u2606jajajajjjaj777|sirvio la meloetta\n>chat \u2606jajajajjjaj777|ups\n>chat \u2606jajajajjjaj777|\u0628\u0644\u062f\u064a \u0633\u064a\u0626\u0629\n>p1 move thunder\n>p2 move knockoff\n>chat \u2606colbyonekenobi|habibi\n>p1 move icebeam\n>p2 move grassknot\n>p1 move icebeam\n>p2 move acrobatics\n>p1 switch 4\n>p1 move flipturn\n>p2 move thunderbolt\n>chat \u2606jajajajjjaj777|esta juego es una mierda \n>chat \u2606jajajajjjaj777|este\n>chat \u2606colbyonekenobi|comooo\n>chat \u2606jajajajjjaj777|ya ni puedo habla rbien lpm\n>forcelose p1", "uploadtime": 1733786962, "views": 1, "formatid": "gen9randombattle", "rating": null, "private": 0, "password": null}