{"id": "gen9randombattle-2260565054", "format": "[Gen 9] Random Battle", "players": ["That1Toast", "Poscidion"], "log": "|j|\u2606That1Toast\n|j|\u203dPoscidion\n|t:|1733864096\n|gametype|singles\n|player|p1|That1Toast|102|1482\n|player|p2|Poscidion|102|1424\n|teamsize|p1|6\n|teamsize|p2|6\n|gen|9\n|tier|[Gen 9] Random Battle\n|rated|\n|rule|Species Clause: Limit one of each Pok\u00e9mon\n|rule|HP Percentage Mod: HP is shown in percentages\n|rule|Sleep Clause Mod: Limit one foe put to sleep\n|rule|Illusion Level Mod: Illusion disguises the Pok\u00e9mon's true level\n|\n|t:|1733864096\n|start\n|switch|p1a: Perrserker|Perrserker, L89, M|269/269\n|switch|p2a: Bronzong|Bronzong, L88|261/261\n|turn|1\n|inactive|Battle timer is ON: inactive players will automatically lose when time's up. (requested by That1Toast)\n|\n|t:|1733864120\n|move|p1a: Perrserker|Stealth Rock|p2a: Bronzong\n|-sidestart|p2: Poscidion|move: Stealth Rock\n|move|p2a: Bronzong|Hypnosis|p1a: Perrserker\n|-status|p1a: Perrserker|slp|[from] move: Hypnosis\n|\n|upkeep\n|turn|2\n|\n|t:|1733864130\n|switch|p1a: Noctowl|Noctowl, L95, F|344/344\n|move|p2a: Bronzong|Stealth Rock|p1a: Noctowl\n|-sidestart|p1: That1Toast|move: Stealth Rock\n|\n|upkeep\n|turn|3\n|\n|t:|1733864138\n|switch|p2a: Blissey|Blissey, L84, F|566/566\n|-damage|p2a: Blissey|496/566|[from] Stealth Rock\n|move|p1a: Noctowl|Calm Mind|p1a: Noctowl\n|-boost|p1a: Noctowl|spa|1\n|-boost|p1a: Noctowl|spd|1\n|\n|-heal|p2a: Blissey|531/566|[from] item: Leftovers\n|upkeep\n|turn|4\n|\n|t:|1733864165\n|switch|p1a: Perrserker|Perrserker, L89, M|269/269 slp\n|-damage|p1a: Perrserker|253/269 slp|[from] Stealth Rock\n|move|p2a: Blissey|Thunder Wave||[still]\n|-fail|p2a: Blissey\n|\n|-heal|p2a: Blissey|566/566|[from] item: Leftovers\n|upkeep\n|turn|5\n|\n|t:|1733864177\n|switch|p2a: Donphan|Donphan, L84, F|288/288\n|-damage|p2a: Donphan|270/288|[from] Stealth Rock\n|cant|p1a: Perrserker|slp\n|\n|upkeep\n|turn|6\n|\n|t:|1733864185\n|switch|p1a: Noctowl|Noctowl, L95, F|344/344\n|move|p2a: Donphan|Rapid Spin|p1a: Noctowl\n|-damage|p1a: Noctowl|289/344\n|-boost|p2a: Donphan|spe|1\n|-sideend|p2: Poscidion|Stealth Rock|[from] move: Rapid Spin|[of] p2a: Donphan\n|\n|upkeep\n|turn|7\n|\n|t:|1733864190\n|move|p2a: Donphan|Knock Off|p1a: Noctowl\n|-damage|p1a: Noctowl|181/344\n|-enditem|p1a: Noctowl|Heavy-Duty Boots|[from] move: Knock Off|[of] p2a: Donphan\n|move|p1a: Noctowl|Hyper Voice|p2a: Donphan\n|-damage|p2a: Donphan|177/288\n|\n|upkeep\n|turn|8\n|\n|t:|1733864197\n|move|p2a: Donphan|Ice Shard|p1a: Noctowl\n|-supereffective|p1a: Noctowl\n|-damage|p1a: Noctowl|91/344\n|move|p1a: Noctowl|Roost|p1a: Noctowl\n|-heal|p1a: Noctowl|263/344\n|-singleturn|p1a: Noctowl|move: Roost\n|\n|upkeep\n|turn|9\n|\n|t:|1733864218\n|move|p2a: Donphan|Ice Shard|p1a: Noctowl\n|-supereffective|p1a: Noctowl\n|-damage|p1a: Noctowl|169/344\n|move|p1a: Noctowl|Hyper Voice|p2a: Donphan\n|-damage|p2a: Donphan|71/288\n|\n|upkeep\n|turn|10\n|\n|t:|1733864222\n|switch|p2a: Blissey|Blissey, L84, F|566/566\n|move|p1a: Noctowl|Roost|p1a: Noctowl\n|-heal|p1a: Noctowl|341/344\n|-singleturn|p1a: Noctowl|move: Roost\n|\n|upkeep\n|turn|11\n|\n|t:|1733864232\n|switch|p1a: Perrserker|Perrserker, L89, M|253/269 slp\n|-damage|p1a: Perrserker|237/269 slp|[from] Stealth Rock\n|switch|p2a: Donphan|Donphan, L84, F|71/288\n|\n|upkeep\n|turn|12\n|\n|t:|1733864240\n|cant|p1a: Perrserker|slp\n|move|p2a: Donphan|Earthquake|p1a: Perrserker\n|-supereffective|p1a: Perrserker\n|-damage|p1a: Perrserker|21/269 slp\n|\n|upkeep\n|turn|13\n|\n|t:|1733864251\n|-curestatus|p1a: Perrserker|slp|[msg]\n|move|p1a: Perrserker|Iron Head|p2a: Donphan\n|-damage|p2a: Donphan|0 fnt\n|faint|p2a: Donphan\n|-damage|p1a: Perrserker|0 fnt|[from] item: Life Orb\n|faint|p1a: Perrserker\n|\n|upkeep\n|\n|t:|1733864279\n|switch|p1a: Tauros|Tauros-Paldea-Blaze, L81, M|252/252\n|switch|p2a: Bronzong|Bronzong, L88|261/261\n|-damage|p1a: Tauros|221/252|[from] Stealth Rock\n|turn|14\n|\n|t:|1733864290\n|switch|p2a: Regirock|Regirock, L83|268/268\n|move|p1a: Tauros|Substitute|p1a: Tauros\n|-start|p1a: Tauros|Substitute\n|-damage|p1a: Tauros|158/252\n|\n|upkeep\n|turn|15\n|\n|t:|1733864301\n|move|p1a: Tauros|Bulk Up|p1a: Tauros\n|-boost|p1a: Tauros|atk|1\n|-boost|p1a: Tauros|def|1\n|move|p2a: Regirock|Iron Defense|p2a: Regirock\n|-boost|p2a: Regirock|def|2\n|\n|upkeep\n|turn|16\n|\n|t:|1733864307\n|move|p1a: Tauros|Bulk Up|p1a: Tauros\n|-boost|p1a: Tauros|atk|1\n|-boost|p1a: Tauros|def|1\n|move|p2a: Regirock|Iron Defense|p2a: Regirock\n|-boost|p2a: Regirock|def|2\n|\n|upkeep\n|turn|17\n|\n|t:|1733864313\n|move|p1a: Tauros|Close Combat|p2a: Regirock\n|-supereffective|p2a: Regirock\n|-damage|p2a: Regirock|178/268\n|-unboost|p1a: Tauros|def|1\n|-unboost|p1a: Tauros|spd|1\n|move|p2a: Regirock|Iron Defense|p2a: Regirock\n|-boost|p2a: Regirock|def|2\n|\n|-heal|p2a: Regirock|194/268|[from] item: Leftovers\n|upkeep\n|turn|18\n|\n|t:|1733864320\n|move|p1a: Tauros|Close Combat|p2a: Regirock\n|-supereffective|p2a: Regirock\n|-damage|p2a: Regirock|128/268\n|-unboost|p1a: Tauros|def|1\n|-unboost|p1a: Tauros|spd|1\n|move|p2a: Regirock|Body Press|p1a: Tauros\n|-end|p1a: Tauros|Substitute\n|\n|-heal|p2a: Regirock|144/268|[from] item: Leftovers\n|upkeep\n|turn|19\n|\n|t:|1733864327\n|move|p1a: Tauros|Close Combat|p2a: Regirock\n|-supereffective|p2a: Regirock\n|-damage|p2a: Regirock|76/268\n|-unboost|p1a: Tauros|def|1\n|-unboost|p1a: Tauros|spd|1\n|move|p2a: Regirock|Thunder Wave|p1a: Tauros\n|-status|p1a: Tauros|par\n|\n|-heal|p2a: Regirock|92/268|[from] item: Leftovers\n|upkeep\n|turn|20\n|\n|t:|1733864332\n|move|p2a: Regirock|Body Press|p1a: Tauros\n|-damage|p1a: Tauros|0 fnt\n|faint|p1a: Tauros\n|\n|-heal|p2a: Regirock|108/268|[from] item: Leftovers\n|upkeep\n|\n|t:|1733864339\n|switch|p1a: Noctowl|Noctowl, L95, F|341/344\n|-damage|p1a: Noctowl|255/344|[from] Stealth Rock\n|turn|21\n|\n|t:|1733864348\n|move|p1a: Noctowl|Hurricane|p2a: Regirock\n|-resisted|p2a: Regirock\n|-damage|p2a: Regirock|0 fnt\n|faint|p2a: Regirock\n|\n|upkeep\n|\n|t:|1733864354\n|switch|p2a: Blissey|Blissey, L84, F|566/566\n|turn|22\n|inactive|That1Toast has 120 seconds left.\n|\n|t:|1733864385\n|move|p1a: Noctowl|Calm Mind|p1a: Noctowl\n|-boost|p1a: Noctowl|spa|1\n|-boost|p1a: Noctowl|spd|1\n|move|p2a: Blissey|Thunder Wave|p1a: Noctowl\n|-status|p1a: Noctowl|par\n|\n|upkeep\n|turn|23\n|inactive|That1Toast has 120 seconds left.\n|\n|t:|1733864400\n|move|p2a: Blissey|Seismic Toss|p1a: Noctowl\n|-damage|p1a: Noctowl|171/344 par\n|move|p1a: Noctowl|Hyper Voice|p2a: Blissey\n|-damage|p2a: Blissey|454/566\n|\n|-heal|p2a: Blissey|489/566|[from] item: Leftovers\n|upkeep\n|turn|24\n|\n|t:|1733864405\n|move|p2a: Blissey|Seismic Toss|p1a: Noctowl\n|-damage|p1a: Noctowl|87/344 par\n|move|p1a: Noctowl|Roost|p1a: Noctowl\n|-heal|p1a: Noctowl|259/344 par\n|-singleturn|p1a: Noctowl|move: Roost\n|\n|-heal|p2a: Blissey|524/566|[from] item: Leftovers\n|upkeep\n|turn|25\n|\n|t:|1733864412\n|switch|p1a: Iron Leaves|Iron Leaves, L80|275/275\n|-damage|p1a: Iron Leaves|241/275|[from] Stealth Rock\n|move|p2a: Blissey|Seismic Toss|p1a: Iron Leaves\n|-damage|p1a: Iron Leaves|157/275\n|\n|-heal|p2a: Blissey|559/566|[from] item: Leftovers\n|upkeep\n|turn|26\n|\n|t:|1733864420\n|move|p1a: Iron Leaves|Close Combat|p2a: Blissey\n|-supereffective|p2a: Blissey\n|-damage|p2a: Blissey|0 fnt\n|-unboost|p1a: Iron Leaves|def|1\n|-unboost|p1a: Iron Leaves|spd|1\n|faint|p2a: Blissey\n|-damage|p1a: Iron Leaves|130/275|[from] item: Life Orb\n|\n|upkeep\n|\n|t:|1733864427\n|switch|p2a: Lilligant|Lilligant, L86, F|261/261\n|turn|27\n|\n|t:|1733864452\n|move|p1a: Iron Leaves|Psyblade|p2a: Lilligant\n|-damage|p2a: Lilligant|128/261\n|-damage|p1a: Iron Leaves|103/275|[from] item: Life Orb\n|move|p2a: Lilligant|Quiver Dance|p2a: Lilligant\n|-boost|p2a: Lilligant|spa|1\n|-boost|p2a: Lilligant|spd|1\n|-boost|p2a: Lilligant|spe|1\n|\n|upkeep\n|turn|28\n|\n|t:|1733864473\n|move|p2a: Lilligant|Tera Blast|p1a: Iron Leaves\n|-damage|p1a: Iron Leaves|0 fnt\n|faint|p1a: Iron Leaves\n|-end|p1a: Iron Leaves|Quark Drive|[silent]\n|-damage|p2a: Lilligant|102/261|[from] item: Life Orb\n|\n|upkeep\n|\n|t:|1733864484\n|switch|p1a: Noctowl|Noctowl, L95, F|259/344 par\n|-damage|p1a: Noctowl|173/344 par|[from] Stealth Rock\n|turn|29\n|\n|t:|1733864498\n|switch|p2a: Bronzong|Bronzong, L88|261/261\n|move|p1a: Noctowl|Hurricane|p2a: Bronzong|[miss]\n|-miss|p1a: Noctowl|p2a: Bronzong\n|\n|upkeep\n|turn|30\n|inactive|That1Toast has 120 seconds left.\n|\n|t:|1733864547\n|move|p2a: Bronzong|Psychic Noise|p1a: Noctowl\n|-damage|p1a: Noctowl|109/344 par\n|-start|p1a: Noctowl|move: Heal Block\n|move|p1a: Noctowl|Hyper Voice|p2a: Bronzong\n|-resisted|p2a: Bronzong\n|-damage|p2a: Bronzong|169/261\n|\n|-heal|p2a: Bronzong|185/261|[from] item: Leftovers\n|upkeep\n|turn|31\n|\n|t:|1733864571\n|move|p2a: Bronzong|Iron Head|p1a: Noctowl\n|-damage|p1a: Noctowl|0 fnt\n|faint|p1a: Noctowl\n|\n|-heal|p2a: Bronzong|201/261|[from] item: Leftovers\n|upkeep\n|\n|t:|1733864576\n|switch|p1a: Incineroar|Incineroar, L82, F|290/290\n|-damage|p1a: Incineroar|218/290|[from] Stealth Rock\n|-ability|p1a: Incineroar|Intimidate|boost\n|-unboost|p2a: Bronzong|atk|1\n|turn|32\n|\n|t:|1733864590\n|-terastallize|p2a: Bronzong|Electric\n|move|p1a: Incineroar|Knock Off|p2a: Bronzong\n|-damage|p2a: Bronzong|116/261\n|-enditem|p2a: Bronzong|Leftovers|[from] move: Knock Off|[of] p1a: Incineroar\n|move|p2a: Bronzong|Hypnosis|p1a: Incineroar\n|-status|p1a: Incineroar|slp|[from] move: Hypnosis\n|\n|upkeep\n|turn|33\n|\n|t:|1733864616\n|switch|p1a: Persian|Persian-Alola, L86, F|252/252\n|switch|p2a: Lilligant|Lilligant, L86, F|102/261\n|\n|upkeep\n|turn|34\n|inactive|That1Toast has 90 seconds left.\n|\n|t:|1733864644\n|move|p1a: Persian|Taunt|p2a: Lilligant\n|-start|p2a: Lilligant|move: Taunt\n|cant|p2a: Lilligant|move: Taunt|Quiver Dance\n|\n|upkeep\n|turn|35\n|\n|t:|1733864652\n|move|p1a: Persian|Knock Off|p2a: Lilligant\n|-damage|p2a: Lilligant|14/261\n|-enditem|p2a: Lilligant|Life Orb|[from] move: Knock Off|[of] p1a: Persian\n|move|p2a: Lilligant|Giga Drain|p1a: Persian\n|-damage|p1a: Persian|146/252\n|-heal|p2a: Lilligant|67/261|[from] drain|[of] p1a: Persian\n|\n|upkeep\n|turn|36\n|\n|t:|1733864656\n|move|p1a: Persian|Knock Off|p2a: Lilligant\n|-damage|p2a: Lilligant|7/261\n|move|p2a: Lilligant|Giga Drain|p1a: Persian\n|-damage|p1a: Persian|28/252\n|-heal|p2a: Lilligant|66/261|[from] drain|[of] p1a: Persian\n|\n|-end|p2a: Lilligant|move: Taunt\n|upkeep\n|turn|37\n|\n|t:|1733864664\n|move|p1a: Persian|Taunt|p2a: Lilligant\n|-start|p2a: Lilligant|move: Taunt\n|move|p2a: Lilligant|Giga Drain|p1a: Persian\n|-damage|p1a: Persian|0 fnt\n|-heal|p2a: Lilligant|80/261|[from] drain|[of] p1a: Persian\n|faint|p1a: Persian\n|\n|upkeep\n|\n|t:|1733864668\n|switch|p1a: Incineroar|Incineroar, L82, F|218/290 slp\n|-damage|p1a: Incineroar|146/290 slp|[from] Stealth Rock\n|-ability|p1a: Incineroar|Intimidate|boost\n|-unboost|p2a: Lilligant|atk|1\n|turn|38\n|\n|t:|1733864674\n|cant|p1a: Incineroar|slp\n|move|p2a: Lilligant|Tera Blast|p1a: Incineroar\n|-damage|p1a: Incineroar|82/290 slp\n|\n|upkeep\n|turn|39\n|inactive|That1Toast has 120 seconds left.\n|\n|t:|1733864703\n|cant|p1a: Incineroar|slp\n|move|p2a: Lilligant|Tera Blast|p1a: Incineroar\n|-damage|p1a: Incineroar|16/290 slp\n|\n|-end|p2a: Lilligant|move: Taunt\n|upkeep\n|turn|40\n|\n|t:|1733864709\n|-curestatus|p1a: Incineroar|slp|[msg]\n|move|p1a: Incineroar|Flare Blitz|p2a: Lilligant\n|-supereffective|p2a: Lilligant\n|-damage|p2a: Lilligant|0 fnt\n|faint|p2a: Lilligant\n|-damage|p1a: Incineroar|0 fnt|[from] Recoil\n|faint|p1a: Incineroar\n|\n|win|Poscidion\n|raw|That1Toast's rating: 1482 &rarr; <strong>1459</strong><br />(-23 for losing)\n|raw|Poscidion's rating: 1424 &rarr; <strong>1447</strong><br />(+23 for winning)\n|l|\u2606That1Toast\n|player|p1|\n", "inputlog": ">version bfd83cad13791eb5a5a409923076391caf6fb4d4\n>start {\"formatid\":\"gen9randombattle\",\"seed\":[33365,48664,25988,25982],\"rated\":\"Rated battle\"}\n>player p1 {\"name\":\"That1Toast\",\"avatar\":\"102\",\"rating\":1482,\"seed\":[1976,54934,47455,22762]}\n>player p2 {\"name\":\"Poscidion\",\"avatar\":\"102\",\"rating\":1424,\"seed\":[38824,62652,38053,36925]}\n>p1 move stealthrock\n>p2 move hypnosis\n>p1 switch 5\n>p2 move stealthrock\n>p1 move calmmind\n>p2 switch 3\n>p1 switch 5\n>p2 move thunderwave\n>p1 move ironhead\n>p2 switch 6\n>p1 switch 5\n>p2 move rapidspin\n>p1 move hypervoice\n>p2 move knockoff\n>p1 move roost\n>p2 move iceshard\n>p1 move hypervoice\n>p2 move iceshard\n>p1 move roost\n>p2 switch 6\n>p1 switch 5\n>p2 switch 6\n>p1 move ironhead\n>p2 move earthquake\n>p1 move ironhead\n>p2 move rapidspin\n>p1 switch 3\n>p2 switch 3\n>p1 move substitute\n>p2 switch 2\n>p1 move bulkup\n>p2 move irondefense\n>p1 move bulkup\n>p2 move irondefense\n>p1 move closecombat\n>p2 move irondefense\n>p1 move closecombat\n>p2 move bodypress\n>p1 move closecombat\n>p2 move thunderwave\n>p1 move closecombat\n>p2 move bodypress\n>p1 switch 5\n>p1 move hurricane\n>p2 move thunderwave\n>p2 switch 6\n>p1 move calmmind\n>p2 move thunderwave\n>p1 move hypervoice\n>p2 move seismictoss\n>p1 move roost\n>p2 move seismictoss\n>p1 switch 2\n>p2 move seismictoss\n>p1 move closecombat\n>p2 move thunderwave\n>p2 switch 4\n>p1 move psyblade\n>p2 move quiverdance\n>p1 move psyblade\n>p2 move terablast\n>p1 switch 2\n>p1 move hurricane\n>p2 switch 2\n>p1 move hypervoice\n>p2 move psychicnoise\n>p1 move hypervoice\n>p2 move ironhead\n>p1 switch 4\n>p1 move knockoff\n>p2 move hypnosis terastallize\n>p1 switch 6\n>p2 switch 2\n>p1 move taunt\n>p2 move quiverdance\n>p1 move knockoff\n>p2 move gigadrain\n>p1 move knockoff\n>p2 move gigadrain\n>p1 move taunt\n>p2 move gigadrain\n>p1 switch 6\n>p1 move flareblitz\n>p2 move terablast\n>p1 move flareblitz\n>p2 move terablast\n>p1 move flareblitz\n>p2 move terablast", "uploadtime": 1733864733, "views": 1, "formatid": "gen9randombattle", "rating": 1447, "private": 0, "password": null}