{"id": "gen9randombattle-2260483138", "format": "[Gen 9] Random Battle", "players": ["pessoadoalem", "wowtero"], "log": "|j|\u2606pessoadoalem\n|j|\u2606wowtero\n|t:|1733855959\n|gametype|singles\n|player|p1|pessoadoalem|102|1387\n|player|p2|wowtero|grimsley|1383\n|teamsize|p1|6\n|teamsize|p2|6\n|gen|9\n|tier|[Gen 9] Random Battle\n|rated|\n|rule|Species Clause: Limit one of each Pok\u00e9mon\n|rule|HP Percentage Mod: HP is shown in percentages\n|rule|Sleep Clause Mod: Limit one foe put to sleep\n|rule|Illusion Level Mod: Illusion disguises the Pok\u00e9mon's true level\n|\n|t:|1733855959\n|start\n|switch|p1a: Electivire|Electivire, L84, M|263/263\n|switch|p2a: Mudsdale|Mudsdale, L84, F|305/305\n|turn|1\n|inactive|Battle timer is ON: inactive players will automatically lose when time's up. (requested by wowtero)\n|\n|t:|1733855976\n|-terastallize|p1a: Electivire|Ground\n|move|p1a: Electivire|Ice Punch|p2a: Mudsdale\n|-supereffective|p2a: Mudsdale\n|-damage|p2a: Mudsdale|154/305\n|-ability|p2a: Mudsdale|Stamina|boost\n|-boost|p2a: Mudsdale|def|1\n|-damage|p1a: Electivire|237/263|[from] item: Life Orb\n|move|p2a: Mudsdale|Stealth Rock|p1a: Electivire\n|-sidestart|p1: pessoadoalem|move: Stealth Rock\n|\n|-heal|p2a: Mudsdale|173/305|[from] item: Leftovers\n|upkeep\n|turn|2\n|\n|t:|1733856003\n|switch|p2a: Inteleon|Inteleon, L81, F|246/246\n|move|p1a: Electivire|Bulk Up|p1a: Electivire\n|-boost|p1a: Electivire|atk|1\n|-boost|p1a: Electivire|def|1\n|\n|upkeep\n|turn|3\n|\n|t:|1733856014\n|move|p2a: Inteleon|Scald|p1a: Electivire\n|-supereffective|p1a: Electivire\n|-damage|p1a: Electivire|0 fnt\n|faint|p1a: Electivire\n|\n|upkeep\n|\n|t:|1733856033\n|switch|p1a: Illumise|Illumise, L91, F|266/266\n|turn|4\n|\n|t:|1733856044\n|switch|p2a: Mudsdale|Mudsdale, L84, F|173/305\n|move|p1a: Illumise|Thunder Wave|p2a: Mudsdale\n|-immune|p2a: Mudsdale\n|\n|-heal|p2a: Mudsdale|192/305|[from] item: Leftovers\n|upkeep\n|turn|5\n|\n|t:|1733856070\n|switch|p1a: Sableye|Sableye, L89, F|234/234\n|-damage|p1a: Sableye|205/234|[from] Stealth Rock\n|move|p2a: Mudsdale|Heavy Slam|p1a: Sableye\n|-damage|p1a: Sableye|96/234\n|\n|-heal|p1a: Sableye|110/234|[from] item: Leftovers\n|-heal|p2a: Mudsdale|211/305|[from] item: Leftovers\n|upkeep\n|turn|6\n|\n|t:|1733856076\n|move|p1a: Sableye|Will-O-Wisp|p2a: Mudsdale\n|-status|p2a: Mudsdale|brn\n|move|p2a: Mudsdale|Earthquake|p1a: Sableye\n|-crit|p1a: Sableye\n|-damage|p1a: Sableye|0 fnt\n|faint|p1a: Sableye\n|\n|-heal|p2a: Mudsdale|230/305 brn|[from] item: Leftovers\n|-damage|p2a: Mudsdale|211/305 brn|[from] brn\n|upkeep\n|\n|t:|1733856084\n|switch|p1a: Quaquaval|Quaquaval, L79, M|264/264\n|-damage|p1a: Quaquaval|248/264|[from] Stealth Rock\n|turn|7\n|\n|t:|1733856105\n|switch|p2a: Breloom|Breloom, L82, F|233/233\n|move|p1a: Quaquaval|Aqua Step|p2a: Breloom\n|-resisted|p2a: Breloom\n|-damage|p2a: Breloom|169/233\n|-boost|p1a: Quaquaval|spe|1\n|-damage|p1a: Quaquaval|222/264|[from] item: Life Orb\n|\n|upkeep\n|turn|8\n|\n|t:|1733856118\n|move|p1a: Quaquaval|Triple Axel|p2a: Breloom\n|-supereffective|p2a: Breloom\n|-damage|p2a: Breloom|122/233\n|-supereffective|p2a: Breloom\n|-damage|p2a: Breloom|36/233\n|-supereffective|p2a: Breloom\n|-damage|p2a: Breloom|0 fnt\n|faint|p2a: Breloom\n|-ability|p1a: Quaquaval|Moxie|boost\n|-boost|p1a: Quaquaval|atk|1\n|-hitcount|p2: Breloom|3\n|-damage|p1a: Quaquaval|196/264|[from] item: Life Orb\n|\n|upkeep\n|inactive|wowtero has 120 seconds left.\n|\n|t:|1733856140\n|switch|p2a: Slowking|Slowking-Galar, L85, F|300/300\n|turn|9\n|inactive|pessoadoalem has 120 seconds left.\n|inactive|pessoadoalem has 90 seconds left.\n|\n|t:|1733856199\n|switch|p1a: Illumise|Illumise, L91, F|266/266\n|move|p2a: Slowking|Psychic Noise|p1a: Illumise\n|-damage|p1a: Illumise|175/266\n|-start|p1a: Illumise|move: Heal Block\n|\n|upkeep\n|turn|10\n|inactive|wowtero has 120 seconds left.\n|\n|t:|1733856219\n|move|p1a: Illumise|Bug Buzz|p2a: Slowking\n|-damage|p2a: Slowking|251/300\n|move|p2a: Slowking|Fire Blast|p1a: Illumise|[miss]\n|-miss|p2a: Slowking|p1a: Illumise\n|\n|-end|p1a: Illumise|move: Heal Block\n|upkeep\n|turn|11\n|\n|t:|1733856231\n|move|p1a: Illumise|Thunder Wave|p2a: Slowking\n|-status|p2a: Slowking|par\n|move|p2a: Slowking|Sludge Bomb|p1a: Illumise\n|-damage|p1a: Illumise|72/266\n|\n|upkeep\n|turn|12\n|\n|t:|1733856245\n|move|p1a: Illumise|Roost|p1a: Illumise\n|-heal|p1a: Illumise|205/266\n|-singleturn|p1a: Illumise|move: Roost\n|move|p2a: Slowking|Sludge Bomb|p1a: Illumise\n|-damage|p1a: Illumise|108/266\n|\n|upkeep\n|turn|13\n|\n|t:|1733856251\n|move|p1a: Illumise|Bug Buzz|p2a: Slowking\n|-damage|p2a: Slowking|196/300 par\n|cant|p2a: Slowking|par\n|\n|upkeep\n|turn|14\n|\n|t:|1733856257\n|move|p1a: Illumise|Bug Buzz|p2a: Slowking\n|-damage|p2a: Slowking|144/300 par\n|move|p2a: Slowking|Fire Blast|p1a: Illumise\n|-supereffective|p1a: Illumise\n|-damage|p1a: Illumise|0 fnt\n|faint|p1a: Illumise\n|\n|upkeep\n|\n|t:|1733856261\n|switch|p1a: Blaziken|Blaziken, L76, F|247/247\n|-damage|p1a: Blaziken|217/247|[from] Stealth Rock\n|turn|15\n|\n|t:|1733856268\n|move|p1a: Blaziken|Swords Dance|p1a: Blaziken\n|-boost|p1a: Blaziken|atk|2\n|move|p2a: Slowking|Psychic Noise|p1a: Blaziken\n|-supereffective|p1a: Blaziken\n|-damage|p1a: Blaziken|0 fnt\n|faint|p1a: Blaziken\n|\n|upkeep\n|\n|t:|1733856276\n|switch|p1a: Orthworm|Orthworm, L88, M|266/266\n|-damage|p1a: Orthworm|250/266|[from] Stealth Rock\n|turn|16\n|\n|t:|1733856280\n|move|p1a: Orthworm|Coil|p1a: Orthworm\n|-boost|p1a: Orthworm|atk|1\n|-boost|p1a: Orthworm|def|1\n|-boost|p1a: Orthworm|accuracy|1\n|move|p2a: Slowking|Fire Blast|p1a: Orthworm\n|-supereffective|p1a: Orthworm\n|-damage|p1a: Orthworm|24/266\n|\n|upkeep\n|turn|17\n|\n|t:|1733856288\n|move|p1a: Orthworm|Rest|p1a: Orthworm\n|-status|p1a: Orthworm|slp|[from] move: Rest\n|-heal|p1a: Orthworm|266/266 slp|[silent]\n|-enditem|p1a: Orthworm|Chesto Berry|[eat]\n|-curestatus|p1a: Orthworm|slp|[msg]\n|move|p2a: Slowking|Surf|p1a: Orthworm\n|-damage|p1a: Orthworm|173/266\n|\n|upkeep\n|turn|18\n|\n|t:|1733856296\n|move|p1a: Orthworm|Iron Tail|p2a: Slowking\n|-damage|p2a: Slowking|0 fnt\n|faint|p2a: Slowking\n|\n|upkeep\n|\n|t:|1733856304\n|switch|p2a: Dialga|Dialga, L73|266/266\n|-ability|p2a: Dialga|Pressure\n|turn|19\n|\n|t:|1733856313\n|move|p2a: Dialga|Thunder Wave|p1a: Orthworm\n|-status|p1a: Orthworm|par\n|move|p1a: Orthworm|Body Press|p2a: Dialga\n|-supereffective|p2a: Dialga\n|-damage|p2a: Dialga|38/266\n|\n|-heal|p2a: Dialga|54/266|[from] item: Leftovers\n|upkeep\n|turn|20\n|\n|t:|1733856320\n|move|p2a: Dialga|Fire Blast|p1a: Orthworm\n|-supereffective|p1a: Orthworm\n|-damage|p1a: Orthworm|0 fnt\n|faint|p1a: Orthworm\n|\n|-heal|p2a: Dialga|70/266|[from] item: Leftovers\n|upkeep\n|\n|t:|1733856322\n|switch|p1a: Quaquaval|Quaquaval, L79, M|196/264\n|-damage|p1a: Quaquaval|180/264|[from] Stealth Rock\n|turn|21\n|\n|t:|1733856333\n|switch|p2a: Inteleon|Inteleon, L81, F|246/246\n|move|p1a: Quaquaval|Aqua Step|p2a: Inteleon\n|-resisted|p2a: Inteleon\n|-damage|p2a: Inteleon|172/246\n|-boost|p1a: Quaquaval|spe|1\n|-damage|p1a: Quaquaval|154/264|[from] item: Life Orb\n|\n|upkeep\n|turn|22\n|\n|t:|1733856343\n|move|p1a: Quaquaval|Close Combat|p2a: Inteleon\n|-damage|p2a: Inteleon|0 fnt\n|-unboost|p1a: Quaquaval|def|1\n|-unboost|p1a: Quaquaval|spd|1\n|faint|p2a: Inteleon\n|-ability|p1a: Quaquaval|Moxie|boost\n|-boost|p1a: Quaquaval|atk|1\n|-damage|p1a: Quaquaval|128/264|[from] item: Life Orb\n|\n|upkeep\n|\n|t:|1733856359\n|switch|p2a: Dialga|Dialga, L73|70/266\n|-ability|p2a: Dialga|Pressure\n|turn|23\n|\n|t:|1733856364\n|-terastallize|p2a: Dialga|Flying\n|move|p1a: Quaquaval|Close Combat|p2a: Dialga\n|-resisted|p2a: Dialga\n|-damage|p2a: Dialga|0 fnt\n|-unboost|p1a: Quaquaval|def|1\n|-unboost|p1a: Quaquaval|spd|1\n|faint|p2a: Dialga\n|-ability|p1a: Quaquaval|Moxie|boost\n|-boost|p1a: Quaquaval|atk|1\n|-damage|p1a: Quaquaval|102/264|[from] item: Life Orb\n|\n|upkeep\n|\n|t:|1733856371\n|switch|p2a: Cetitan|Cetitan, L82, M|412/412\n|turn|24\n|\n|t:|1733856379\n|move|p2a: Cetitan|Ice Shard|p1a: Quaquaval\n|-resisted|p1a: Quaquaval\n|-damage|p1a: Quaquaval|51/264\n|move|p1a: Quaquaval|Close Combat|p2a: Cetitan\n|-supereffective|p2a: Cetitan\n|-damage|p2a: Cetitan|0 fnt\n|-unboost|p1a: Quaquaval|def|1\n|-unboost|p1a: Quaquaval|spd|1\n|faint|p2a: Cetitan\n|-ability|p1a: Quaquaval|Moxie|boost\n|-boost|p1a: Quaquaval|atk|1\n|-damage|p1a: Quaquaval|25/264|[from] item: Life Orb\n|\n|upkeep\n|\n|t:|1733856384\n|switch|p2a: Mudsdale|Mudsdale, L84, F|211/305 brn\n|turn|25\n|\n|t:|1733856389\n|move|p1a: Quaquaval|Aqua Step|p2a: Mudsdale\n|-supereffective|p2a: Mudsdale\n|-damage|p2a: Mudsdale|0 fnt\n|-boost|p1a: Quaquaval|spe|1\n|faint|p2a: Mudsdale\n|-damage|p1a: Quaquaval|0 fnt|[from] item: Life Orb\n|faint|p1a: Quaquaval\n|\n|win|pessoadoalem\n|raw|pessoadoalem's rating: 1387 &rarr; <strong>1407</strong><br />(+20 for winning)\n|raw|wowtero's rating: 1383 &rarr; <strong>1363</strong><br />(-20 for losing)\n|l|\u2606wowtero\n|player|p2|\n", "inputlog": ">version bfd83cad13791eb5a5a409923076391caf6fb4d4\n>start {\"formatid\":\"gen9randombattle\",\"seed\":[56501,28768,20787,62451],\"rated\":\"Rated battle\"}\n>player p1 {\"name\":\"pessoadoalem\",\"avatar\":\"102\",\"rating\":1387,\"seed\":[40161,5766,8767,56488]}\n>player p2 {\"name\":\"wowtero\",\"avatar\":\"grimsley\",\"rating\":1383,\"seed\":[7018,59026,17958,46883]}\n>p1 move icepunch terastallize\n>p2 move stealthrock\n>p1 move bulkup\n>p2 switch 2\n>p1 move supercellslam\n>p2 move scald\n>p1 switch 4\n>p1 move thunderwave\n>p2 switch 2\n>p1 switch 2\n>p2 move heavyslam\n>p1 move willowisp\n>p2 move earthquake\n>p1 switch 6\n>p1 move aquastep\n>p2 switch 4\n>p1 move tripleaxel\n>p2 move spore\n>p2 switch 3\n>p1 switch 2\n>p2 move psychicnoise\n>p1 move bugbuzz\n>p2 move fireblast\n>p1 move thunderwave\n>p2 move sludgebomb\n>p1 move roost\n>p2 move sludgebomb\n>p1 move bugbuzz\n>p2 move fireblast\n>p1 move bugbuzz\n>p2 move fireblast\n>p1 switch 3\n>p1 move swordsdance\n>p2 move psychicnoise\n>p1 switch 5\n>p1 move coil\n>p2 move fireblast\n>p1 move rest\n>p2 move surf\n>p1 move irontail\n>p2 move fireblast\n>p2 switch 5\n>p1 move bodypress\n>p2 move thunderwave\n>p1 move bodypress\n>p2 move fireblast\n>p1 switch 2\n>p1 move aquastep\n>p2 switch 2\n>p1 move closecombat\n>p2 move scald\n>p2 switch 2\n>p1 move closecombat\n>p2 move thunderwave terastallize\n>p2 switch 6\n>p1 move closecombat\n>p2 move iceshard\n>p2 switch 4\n>p1 move aquastep\n>p2 move earthquake", "uploadtime": 1733856404, "views": 1, "formatid": "gen9randombattle", "rating": 1363, "private": 0, "password": null}