{"id": "gen9randombattle-2167879265", "format": "[Gen 9] Random Battle", "players": ["makemegowalnuts", "mfssonsofbitches"], "log": "|badge|p2|bronze|gen9randombattle|100-2\n|uhtml|medal-msg|<div class=\"broadcast-blue\">Curious what those medals under the avatar are? PS now has Ladder Seasons! For more information, check out the <a href=\"https://www.smogon.com/forums/threads/3740067/\">thread on Smogon.</a></div>\n|j|\u2606makemegowalnuts\n|j|\u203dmfssonsofbitches\n|t:|1722009859\n|gametype|singles\n|player|p1|makemegowalnuts|102|2202\n|player|p2|mfssonsofbitches|2|2363\n|teamsize|p1|6\n|teamsize|p2|6\n|gen|9\n|tier|[Gen 9] Random Battle\n|rated|\n|rule|Species Clause: Limit one of each Pok\u00e9mon\n|rule|HP Percentage Mod: HP is shown in percentages\n|rule|Sleep Clause Mod: Limit one foe put to sleep\n|rule|Illusion Level Mod: Illusion disguises the Pok\u00e9mon's true level\n|\n|t:|1722009859\n|start\n|switch|p1a: Azelf|Azelf, L82|257/257\n|switch|p2a: Donphan|Donphan, L84, M|288/288\n|turn|1\n|\n|t:|1722009878\n|move|p1a: Azelf|U-turn|p2a: Donphan\n|-damage|p2a: Donphan|226/288\n|-damage|p1a: Azelf|232/257|[from] item: Life Orb\n|\n|t:|1722009880\n|switch|p1a: Volcanion|Volcanion, L79|255/255|[from] U-turn\n|move|p2a: Donphan|Knock Off|p1a: Volcanion\n|-damage|p1a: Volcanion|183/255\n|-enditem|p1a: Volcanion|Assault Vest|[from] move: Knock Off|[of] p2a: Donphan\n|\n|upkeep\n|turn|2\n|\n|t:|1722009893\n|switch|p2a: Sylveon|Sylveon, L85, M|300/300\n|move|p1a: Volcanion|Steam Eruption|p2a: Sylveon\n|-damage|p2a: Sylveon|212/300\n|\n|-heal|p2a: Sylveon|230/300|[from] item: Leftovers\n|upkeep\n|turn|3\n|\n|t:|1722009899\n|switch|p1a: Revavroom|Revavroom, L79, M|256/256\n|move|p2a: Sylveon|Wish|p2a: Sylveon\n|\n|-heal|p2a: Sylveon|248/300|[from] item: Leftovers\n|upkeep\n|turn|4\n|\n|t:|1722009903\n|switch|p2a: Donphan|Donphan, L84, M|226/288\n|move|p1a: Revavroom|Gunk Shot|p2a: Donphan|[miss]\n|-miss|p1a: Revavroom|p2a: Donphan\n|\n|-heal|p2a: Donphan|288/288|[from] move: Wish|[wisher] Sylveon\n|upkeep\n|turn|5\n|\n|t:|1722009918\n|switch|p1a: Azelf|Azelf, L82|232/257\n|move|p2a: Donphan|Earthquake|p1a: Azelf\n|-immune|p1a: Azelf|[from] ability: Levitate\n|\n|upkeep\n|turn|6\n|\n|t:|1722009921\n|move|p1a: Azelf|U-turn|p2a: Donphan\n|-damage|p2a: Donphan|231/288\n|-damage|p1a: Azelf|207/257|[from] item: Life Orb\n|\n|t:|1722009922\n|switch|p1a: Volcanion|Volcanion, L79|183/255|[from] U-turn\n|move|p2a: Donphan|Knock Off|p1a: Volcanion\n|-damage|p1a: Volcanion|135/255\n|\n|upkeep\n|turn|7\n|\n|t:|1722009925\n|switch|p2a: Sylveon|Sylveon, L85, M|248/300\n|move|p1a: Volcanion|Sludge Bomb|p2a: Sylveon\n|-supereffective|p2a: Sylveon\n|-damage|p2a: Sylveon|140/300\n|-status|p2a: Sylveon|psn\n|\n|-heal|p2a: Sylveon|158/300 psn|[from] item: Leftovers\n|-damage|p2a: Sylveon|121/300 psn|[from] psn\n|upkeep\n|turn|8\n|\n|t:|1722009929\n|move|p1a: Volcanion|Sludge Bomb|p2a: Sylveon\n|-supereffective|p2a: Sylveon\n|-damage|p2a: Sylveon|15/300 psn\n|move|p2a: Sylveon|Hyper Voice|p1a: Volcanion\n|-resisted|p1a: Volcanion\n|-damage|p1a: Volcanion|65/255\n|\n|-heal|p2a: Sylveon|33/300 psn|[from] item: Leftovers\n|-damage|p2a: Sylveon|0 fnt|[from] psn\n|faint|p2a: Sylveon\n|upkeep\n|\n|t:|1722009953\n|switch|p2a: Dugtrio|Dugtrio, L84, F|196/196\n|turn|9\n|\n|t:|1722009976\n|move|p2a: Dugtrio|Throat Chop|p1a: Volcanion\n|-crit|p1a: Volcanion\n|-damage|p1a: Volcanion|0 fnt\n|faint|p1a: Volcanion\n|\n|upkeep\n|\n|t:|1722009982\n|switch|p1a: Zacian|Zacian, L69|241/241\n|-ability|p1a: Zacian|Intrepid Sword|boost\n|-boost|p1a: Zacian|atk|1\n|turn|10\n|\n|t:|1722009995\n|switch|p2a: Copperajah|Copperajah, L86, M|350/350\n|move|p1a: Zacian|Swords Dance|p1a: Zacian\n|-boost|p1a: Zacian|atk|2\n|\n|upkeep\n|turn|11\n|\n|t:|1722010004\n|-terastallize|p2a: Copperajah|Fairy\n|move|p1a: Zacian|Close Combat|p2a: Copperajah\n|-resisted|p2a: Copperajah\n|-damage|p2a: Copperajah|211/350\n|-unboost|p1a: Zacian|def|1\n|-unboost|p1a: Zacian|spd|1\n|-damage|p1a: Zacian|217/241|[from] item: Life Orb\n|move|p2a: Copperajah|Iron Head|p1a: Zacian\n|-supereffective|p1a: Zacian\n|-damage|p1a: Zacian|0 fnt\n|faint|p1a: Zacian\n|\n|upkeep\n|\n|t:|1722010019\n|switch|p1a: Revavroom|Revavroom, L79, M|256/256\n|turn|12\n|\n|t:|1722010023\n|switch|p2a: Donphan|Donphan, L84, M|231/288\n|move|p1a: Revavroom|Iron Head|p2a: Donphan\n|-damage|p2a: Donphan|140/288\n|-damage|p1a: Revavroom|231/256|[from] item: Life Orb\n|\n|upkeep\n|turn|13\n|\n|t:|1722010029\n|move|p1a: Revavroom|Iron Head|p2a: Donphan\n|-damage|p2a: Donphan|54/288\n|-damage|p1a: Revavroom|206/256|[from] item: Life Orb\n|move|p2a: Donphan|Knock Off|p1a: Revavroom\n|-damage|p1a: Revavroom|117/256\n|-enditem|p1a: Revavroom|Life Orb|[from] move: Knock Off|[of] p2a: Donphan\n|\n|upkeep\n|turn|14\n|\n|t:|1722010032\n|move|p1a: Revavroom|Iron Head|p2a: Donphan\n|-damage|p2a: Donphan|0 fnt\n|faint|p2a: Donphan\n|\n|upkeep\n|\n|t:|1722010045\n|switch|p2a: Dugtrio|Dugtrio, L84, F|196/196\n|turn|15\n|\n|t:|1722010050\n|move|p2a: Dugtrio|Earthquake|p1a: Revavroom\n|-supereffective|p1a: Revavroom\n|-damage|p1a: Revavroom|0 fnt\n|faint|p1a: Revavroom\n|\n|upkeep\n|\n|t:|1722010054\n|switch|p1a: Minior|Minior-Violet, L79|223/223\n|-formechange|p1a: Minior|Minior-Meteor||[from] ability: Shields Down\n|turn|16\n|\n|t:|1722010060\n|switch|p2a: Drednaw|Drednaw, L80, M|275/275\n|move|p1a: Minior|Shell Smash|p1a: Minior\n|-unboost|p1a: Minior|def|1\n|-unboost|p1a: Minior|spd|1\n|-boost|p1a: Minior|atk|2\n|-boost|p1a: Minior|spa|2\n|-boost|p1a: Minior|spe|2\n|-enditem|p1a: Minior|White Herb\n|-clearnegativeboost|p1a: Minior|[silent]\n|\n|upkeep\n|turn|17\n|\n|t:|1722010075\n|move|p1a: Minior|Earthquake|p2a: Drednaw\n|-supereffective|p2a: Drednaw\n|-damage|p2a: Drednaw|105/275\n|move|p2a: Drednaw|Shell Smash|p2a: Drednaw\n|-unboost|p2a: Drednaw|def|1\n|-unboost|p2a: Drednaw|spd|1\n|-boost|p2a: Drednaw|atk|2\n|-boost|p2a: Drednaw|spa|2\n|-boost|p2a: Drednaw|spe|2\n|-enditem|p2a: Drednaw|White Herb\n|-clearnegativeboost|p2a: Drednaw|[silent]\n|\n|upkeep\n|turn|18\n|\n|t:|1722010080\n|-terastallize|p1a: Minior|Flying\n|move|p2a: Drednaw|Liquidation|p1a: Minior\n|-damage|p1a: Minior|48/223\n|move|p1a: Minior|Earthquake|p2a: Drednaw\n|-supereffective|p2a: Drednaw\n|-damage|p2a: Drednaw|0 fnt\n|faint|p2a: Drednaw\n|\n|-formechange|p1a: Minior|Minior-Violet||[from] ability: Shields Down\n|upkeep\n|\n|t:|1722010091\n|switch|p2a: Dugtrio|Dugtrio, L84, F|196/196\n|turn|19\n|\n|t:|1722010102\n|move|p2a: Dugtrio|Sucker Punch||[still]\n|-fail|p2a: Dugtrio\n|move|p1a: Minior|Shell Smash|p1a: Minior\n|-unboost|p1a: Minior|def|1\n|-unboost|p1a: Minior|spd|1\n|-boost|p1a: Minior|atk|2\n|-boost|p1a: Minior|spa|2\n|-boost|p1a: Minior|spe|2\n|\n|upkeep\n|turn|20\n|\n|t:|1722010107\n|switch|p2a: Copperajah|Copperajah, L86, M, tera:Fairy|211/350\n|move|p1a: Minior|Shell Smash|p1a: Minior\n|-unboost|p1a: Minior|def|1\n|-unboost|p1a: Minior|spd|1\n|-boost|p1a: Minior|atk|2\n|-boost|p1a: Minior|spa|2\n|-boost|p1a: Minior|spe|2\n|\n|upkeep\n|turn|21\n|\n|t:|1722010109\n|move|p1a: Minior|Acrobatics|p2a: Copperajah\n|-damage|p2a: Copperajah|0 fnt\n|faint|p2a: Copperajah\n|\n|upkeep\n|\n|t:|1722010111\n|switch|p2a: Dugtrio|Dugtrio, L84, F|196/196\n|turn|22\n|\n|t:|1722010116\n|move|p2a: Dugtrio|Sucker Punch|p1a: Minior\n|-damage|p1a: Minior|0 fnt\n|faint|p1a: Minior\n|\n|upkeep\n|\n|t:|1722010117\n|switch|p1a: Venomoth|Venomoth, L85, F|258/258\n|turn|23\n|\n|t:|1722010120\n|switch|p2a: Fezandipiti|Fezandipiti, L82, M|278/278\n|move|p1a: Venomoth|Quiver Dance|p1a: Venomoth\n|-boost|p1a: Venomoth|spa|1\n|-boost|p1a: Venomoth|spd|1\n|-boost|p1a: Venomoth|spe|1\n|\n|upkeep\n|turn|24\n|\n|t:|1722010134\n|move|p1a: Venomoth|Sludge Wave|p2a: Fezandipiti\n|-damage|p2a: Fezandipiti|170/278\n|move|p2a: Fezandipiti|U-turn|p1a: Venomoth\n|-resisted|p1a: Venomoth\n|-damage|p1a: Venomoth|232/258\n|\n|t:|1722010136\n|switch|p2a: Dugtrio|Dugtrio, L84, F|196/196|[from] U-turn\n|\n|upkeep\n|turn|25\n|\n|t:|1722010139\n|move|p1a: Venomoth|Bug Buzz|p2a: Dugtrio\n|-damage|p2a: Dugtrio|40/196\n|move|p2a: Dugtrio|Stone Edge|p1a: Venomoth|[miss]\n|-miss|p2a: Dugtrio|p1a: Venomoth\n|\n|upkeep\n|turn|26\n|\n|t:|1722010143\n|move|p1a: Venomoth|Bug Buzz|p2a: Dugtrio\n|-damage|p2a: Dugtrio|0 fnt\n|faint|p2a: Dugtrio\n|\n|upkeep\n|-message|mfssonsofbitches forfeited.\n|\n|win|makemegowalnuts\n|raw|makemegowalnuts's rating: 2202 &rarr; <strong>2231</strong><br />(+29 for winning)\n|raw|mfssonsofbitches's rating: 2363 &rarr; <strong>2334</strong><br />(-29 for losing)\n", "inputlog": ">version e8361dfa7636e84b87e7a2c993580ab47c51022d\n>start {\"formatid\":\"gen9randombattle\",\"seed\":[27217,3603,30615,54626],\"rated\":\"Rated battle\"}\n>player p1 {\"name\":\"makemegowalnuts\",\"avatar\":\"102\",\"rating\":2202,\"seed\":[56887,61748,4667,30728]}\n>player p2 {\"name\":\"mfssonsofbitches\",\"avatar\":\"2\",\"rating\":2363,\"seed\":[21473,41898,4829,2379]}\n>p1 move uturn\n>p2 move knockoff\n>p1 switch 5\n>p1 move steameruption\n>p2 switch 2\n>p1 switch 2\n>p2 move wish\n>p1 move gunkshot\n>p2 switch 2\n>p1 switch 5\n>p2 move earthquake\n>p1 move uturn\n>p2 move knockoff\n>p1 switch 2\n>p1 move sludgebomb\n>p2 switch 2\n>p1 move sludgebomb\n>p2 move hypervoice\n>p2 switch 3\n>p1 move steameruption\n>p2 move throatchop\n>p1 switch 3\n>p1 move swordsdance\n>p2 switch 4\n>p1 move closecombat\n>p2 move ironhead terastallize\n>p1 switch 5\n>p1 move ironhead\n>p2 switch 2\n>p1 move ironhead\n>p2 move knockoff\n>p1 move ironhead\n>p2 move earthquake\n>p2 switch 4\n>p1 move ironhead\n>p2 move earthquake\n>p1 switch 6\n>p1 move shellsmash\n>p2 switch 5\n>p1 move earthquake\n>p2 move shellsmash\n>p1 move earthquake terastallize\n>p2 move liquidation\n>p2 switch 5\n>p1 move shellsmash\n>p2 move suckerpunch\n>p1 move shellsmash\n>p2 switch 2\n>p1 move acrobatics\n>p2 move ironhead\n>p2 switch 2\n>p1 move acrobatics\n>p2 move suckerpunch\n>p1 switch 4\n>p1 move quiverdance\n>p2 switch 6\n>p1 move sludgewave\n>p2 move uturn\n>p2 switch 6\n>p1 move bugbuzz\n>p2 move stoneedge\n>p1 move bugbuzz\n>p2 move stoneedge\n>forcelose p2", "uploadtime": 1722010149, "views": 149, "formatid": "gen9randombattle", "rating": 2231, "private": 0, "password": null}