{"id": "gen9randombattle-2121921501", "format": "[Gen 9] Random Battle", "players": ["lenee", "fashionstar510"], "log": "|j|\u2606lenee\n|j|\u2606fashionstar510\n|t:|1715353788\n|gametype|singles\n|player|p1|lenee|170|2232\n|player|p2|fashionstar510|2|2244\n|teamsize|p1|6\n|teamsize|p2|6\n|gen|9\n|tier|[Gen 9] Random Battle\n|rated|\n|rule|Species Clause: Limit one of each Pok\u00e9mon\n|rule|HP Percentage Mod: HP is shown in percentages\n|rule|Sleep Clause Mod: Limit one foe put to sleep\n|rule|Illusion Level Mod: Illusion disguises the Pok\u00e9mon's true level\n|\n|t:|1715353788\n|start\n|switch|p1a: Decidueye|Decidueye, L88, M|281/281\n|switch|p2a: Scyther|Scyther, L82, M|249/249\n|turn|1\n|inactive|Battle timer is ON: inactive players will automatically lose when time's up. (requested by fashionstar510)\n|\n|t:|1715353802\n|move|p2a: Scyther|Dual Wingbeat|p1a: Decidueye\n|-supereffective|p1a: Decidueye\n|-damage|p1a: Decidueye|137/281\n|-supereffective|p1a: Decidueye\n|-damage|p1a: Decidueye|0 fnt\n|faint|p1a: Decidueye\n|-hitcount|p1: Decidueye|2\n|\n|upkeep\n|\n|t:|1715353815\n|switch|p1a: Tinkaton|Tinkaton, L82, F|274/274\n|-ability|p1a: Tinkaton|Mold Breaker\n|turn|2\n|\n|t:|1715353818\n|move|p2a: Scyther|U-turn|p1a: Tinkaton\n|-resisted|p1a: Tinkaton\n|-damage|p1a: Tinkaton|253/274\n|\n|t:|1715353828\n|switch|p2a: Swalot|Swalot, L90, F|326/326|[from] U-turn\n|move|p1a: Tinkaton|Thunder Wave|p2a: Swalot\n|-status|p2a: Swalot|par\n|\n|-heal|p1a: Tinkaton|270/274|[from] item: Leftovers\n|upkeep\n|turn|3\n|\n|t:|1715353833\n|move|p1a: Tinkaton|Gigaton Hammer|p2a: Swalot\n|-damage|p2a: Swalot|185/326 par\n|cant|p2a: Swalot|par\n|\n|-heal|p1a: Tinkaton|274/274|[from] item: Leftovers\n|-heal|p2a: Swalot|205/326 par|[from] item: Leftovers\n|upkeep\n|turn|4\n|\n|t:|1715353839\n|switch|p1a: Mesprit|Mesprit, L85|275/275\n|move|p2a: Swalot|Earthquake|p1a: Mesprit\n|-immune|p1a: Mesprit|[from] ability: Levitate\n|\n|-heal|p2a: Swalot|225/326 par|[from] item: Leftovers\n|upkeep\n|turn|5\n|\n|t:|1715353845\n|switch|p2a: Jumpluff|Jumpluff, L87, F|271/271\n|move|p1a: Mesprit|Psychic Noise|p2a: Jumpluff\n|-damage|p2a: Jumpluff|186/271\n|-start|p2a: Jumpluff|move: Heal Block\n|\n|upkeep\n|turn|6\n|\n|t:|1715353850\n|move|p2a: Jumpluff|Leech Seed|p1a: Mesprit\n|-start|p1a: Mesprit|move: Leech Seed\n|move|p1a: Mesprit|Thunder Wave|p2a: Jumpluff\n|-status|p2a: Jumpluff|par\n|\n|-damage|p1a: Mesprit|241/275|[from] Leech Seed|[of] p2a: Jumpluff\n|-end|p2a: Jumpluff|move: Heal Block\n|upkeep\n|turn|7\n|\n|t:|1715353855\n|move|p1a: Mesprit|U-turn|p2a: Jumpluff\n|-damage|p2a: Jumpluff|126/271 par\n|\n|t:|1715353863\n|switch|p1a: Tinkaton|Tinkaton, L82, F|274/274|[from] U-turn\n|-ability|p1a: Tinkaton|Mold Breaker\n|cant|p2a: Jumpluff|par\n|\n|upkeep\n|turn|8\n|\n|t:|1715353867\n|move|p1a: Tinkaton|Gigaton Hammer|p2a: Jumpluff\n|-damage|p2a: Jumpluff|0 fnt\n|faint|p2a: Jumpluff\n|\n|upkeep\n|\n|t:|1715353880\n|switch|p2a: Phione|Phione, L90|290/290\n|turn|9\n|inactive|lenee has 120 seconds left.\n|inactive|lenee has 90 seconds left.\n|\n|t:|1715353953\n|move|p1a: Tinkaton|Thunder Wave|p2a: Phione\n|-status|p2a: Phione|par\n|cant|p2a: Phione|par\n|\n|upkeep\n|turn|10\n|\n|t:|1715353969\n|move|p1a: Tinkaton|Play Rough|p2a: Phione\n|-damage|p2a: Phione|211/290 par\n|move|p2a: Phione|Take Heart|p2a: Phione\n|-boost|p2a: Phione|spa|1\n|-boost|p2a: Phione|spd|1\n|-curestatus|p2a: Phione|par|[msg]\n|\n|-heal|p2a: Phione|229/290|[from] item: Leftovers\n|upkeep\n|turn|11\n|\n|t:|1715353975\n|move|p1a: Tinkaton|Encore|p2a: Phione\n|-start|p2a: Phione|Encore\n|move|p2a: Phione|Take Heart|p2a: Phione\n|-boost|p2a: Phione|spa|1\n|-boost|p2a: Phione|spd|1\n|\n|-heal|p2a: Phione|247/290|[from] item: Leftovers\n|upkeep\n|turn|12\n|\n|t:|1715353991\n|switch|p2a: Swalot|Swalot, L90, F|225/326 par\n|move|p1a: Tinkaton|Gigaton Hammer|p2a: Swalot\n|-damage|p2a: Swalot|105/326 par\n|\n|-heal|p2a: Swalot|125/326 par|[from] item: Leftovers\n|upkeep\n|turn|13\n|\n|t:|1715353999\n|switch|p2a: Phione|Phione, L90|247/290\n|move|p1a: Tinkaton|Play Rough|p2a: Phione\n|-damage|p2a: Phione|166/290\n|\n|-heal|p2a: Phione|184/290|[from] item: Leftovers\n|upkeep\n|turn|14\n|\n|t:|1715354013\n|move|p1a: Tinkaton|Thunder Wave|p2a: Phione\n|-status|p2a: Phione|par\n|move|p2a: Phione|Scald|p1a: Tinkaton\n|-damage|p1a: Tinkaton|196/274\n|\n|-heal|p1a: Tinkaton|213/274|[from] item: Leftovers\n|-heal|p2a: Phione|202/290 par|[from] item: Leftovers\n|upkeep\n|turn|15\n|\n|t:|1715354036\n|move|p1a: Tinkaton|Play Rough|p2a: Phione\n|-damage|p2a: Phione|123/290 par\n|cant|p2a: Phione|par\n|\n|-heal|p1a: Tinkaton|230/274|[from] item: Leftovers\n|-heal|p2a: Phione|141/290 par|[from] item: Leftovers\n|upkeep\n|turn|16\n|\n|t:|1715354042\n|move|p1a: Tinkaton|Play Rough|p2a: Phione\n|-crit|p2a: Phione\n|-damage|p2a: Phione|29/290 par\n|move|p2a: Phione|Rest|p2a: Phione\n|-status|p2a: Phione|slp|[from] move: Rest\n|-heal|p2a: Phione|290/290 slp|[silent]\n|\n|-heal|p1a: Tinkaton|247/274|[from] item: Leftovers\n|upkeep\n|turn|17\n|\n|t:|1715354064\n|move|p1a: Tinkaton|Encore|p2a: Phione\n|-start|p2a: Phione|Encore\n|cant|p2a: Phione|slp\n|\n|-heal|p1a: Tinkaton|264/274|[from] item: Leftovers\n|upkeep\n|turn|18\n|\n|t:|1715354076\n|switch|p2a: Swalot|Swalot, L90, F|125/326 par\n|move|p1a: Tinkaton|Play Rough|p2a: Swalot\n|-resisted|p2a: Swalot\n|-damage|p2a: Swalot|87/326 par\n|\n|-heal|p1a: Tinkaton|274/274|[from] item: Leftovers\n|-heal|p2a: Swalot|107/326 par|[from] item: Leftovers\n|upkeep\n|turn|19\n|inactive|fashionstar510 has 120 seconds left.\n|\n|t:|1715354126\n|switch|p1a: Pachirisu|Pachirisu, L96, M|271/271\n|cant|p2a: Swalot|par\n|\n|-heal|p2a: Swalot|127/326 par|[from] item: Leftovers\n|upkeep\n|turn|20\n|\n|t:|1715354134\n|move|p1a: Pachirisu|Thunderbolt|p2a: Swalot\n|-damage|p2a: Swalot|55/326 par\n|move|p2a: Swalot|Earthquake|p1a: Pachirisu\n|-supereffective|p1a: Pachirisu\n|-damage|p1a: Pachirisu|139/271\n|\n|-heal|p2a: Swalot|75/326 par|[from] item: Leftovers\n|upkeep\n|turn|21\n|inactive|fashionstar510 has 90 seconds left.\n|\n|t:|1715354172\n|move|p1a: Pachirisu|Thunderbolt|p2a: Swalot\n|-damage|p2a: Swalot|0 fnt\n|faint|p2a: Swalot\n|\n|upkeep\n|\n|t:|1715354180\n|switch|p2a: Phione|Phione, L90|290/290 slp\n|turn|22\n|inactive|fashionstar510 has 90 seconds left.\n|\n|t:|1715354204\n|move|p1a: Pachirisu|Thunderbolt|p2a: Phione\n|-supereffective|p2a: Phione\n|-crit|p2a: Phione\n|-damage|p2a: Phione|50/290 slp\n|cant|p2a: Phione|slp\n|move|p2a: Phione|Sleep Talk|p2a: Phione\n|move|p2a: Phione|Take Heart|p2a: Phione|[from]move: Sleep Talk\n|-boost|p2a: Phione|spa|1\n|-boost|p2a: Phione|spd|1\n|-curestatus|p2a: Phione|slp|[msg]\n|\n|-heal|p2a: Phione|68/290|[from] item: Leftovers\n|upkeep\n|turn|23\n|inactive|fashionstar510 has 90 seconds left.\n|\n|t:|1715354218\n|switch|p2a: Scrafty|Scrafty, L84, F|246/246\n|-ability|p2a: Scrafty|Intimidate|boost\n|-unboost|p1a: Pachirisu|atk|1\n|move|p1a: Pachirisu|Thunderbolt|p2a: Scrafty\n|-damage|p2a: Scrafty|180/246\n|\n|upkeep\n|turn|24\n|inactive|lenee has 120 seconds left.\n|\n|t:|1715354242\n|move|p1a: Pachirisu|Thunderbolt|p2a: Scrafty\n|-crit|p2a: Scrafty\n|-damage|p2a: Scrafty|84/246\n|move|p2a: Scrafty|Dragon Dance|p2a: Scrafty\n|-boost|p2a: Scrafty|atk|1\n|-boost|p2a: Scrafty|spe|1\n|\n|upkeep\n|turn|25\n|\n|t:|1715354250\n|move|p1a: Pachirisu|U-turn|p2a: Scrafty\n|-damage|p2a: Scrafty|62/246\n|\n|t:|1715354253\n|switch|p1a: Tinkaton|Tinkaton, L82, F|274/274|[from] U-turn\n|-ability|p1a: Tinkaton|Mold Breaker\n|move|p2a: Scrafty|Knock Off|p1a: Tinkaton\n|-resisted|p1a: Tinkaton\n|-damage|p1a: Tinkaton|165/274\n|-enditem|p1a: Tinkaton|Leftovers|[from] move: Knock Off|[of] p2a: Scrafty\n|-damage|p2a: Scrafty|38/246|[from] item: Life Orb\n|\n|upkeep\n|turn|26\n|\n|t:|1715354259\n|move|p2a: Scrafty|Close Combat|p1a: Tinkaton\n|-damage|p1a: Tinkaton|0 fnt\n|-unboost|p2a: Scrafty|def|1\n|-unboost|p2a: Scrafty|spd|1\n|faint|p1a: Tinkaton\n|-damage|p2a: Scrafty|14/246|[from] item: Life Orb\n|\n|upkeep\n|\n|t:|1715354264\n|switch|p1a: Pachirisu|Pachirisu, L96, M|139/271\n|turn|27\n|\n|t:|1715354268\n|move|p1a: Pachirisu|Thunderbolt|p2a: Scrafty\n|-damage|p2a: Scrafty|0 fnt\n|faint|p2a: Scrafty\n|\n|upkeep\n|\n|t:|1715354277\n|switch|p2a: Phione|Phione, L90|68/290\n|turn|28\n|\n|t:|1715354287\n|-terastallize|p2a: Phione|Dragon\n|move|p1a: Pachirisu|Thunderbolt|p2a: Phione\n|-resisted|p2a: Phione\n|-damage|p2a: Phione|32/290\n|move|p2a: Phione|Rest|p2a: Phione\n|-status|p2a: Phione|slp|[from] move: Rest\n|-heal|p2a: Phione|290/290 slp|[silent]\n|\n|upkeep\n|turn|29\n|inactive|lenee has 120 seconds left.\n|\n|t:|1715354324\n|move|p1a: Pachirisu|Super Fang|p2a: Phione\n|-damage|p2a: Phione|145/290 slp\n|cant|p2a: Phione|slp\n|move|p2a: Phione|Sleep Talk|p2a: Phione\n|move|p2a: Phione|Rest||[from]move: Sleep Talk|[still]\n|-fail|p2a: Phione\n|\n|-heal|p2a: Phione|163/290 slp|[from] item: Leftovers\n|upkeep\n|turn|30\n|inactive|lenee has 120 seconds left.\n|\n|t:|1715354333\n|move|p1a: Pachirisu|U-turn|p2a: Phione\n|-damage|p2a: Phione|122/290 slp\n|\n|t:|1715354336\n|switch|p1a: Mesprit|Mesprit, L85|241/275|[from] U-turn\n|cant|p2a: Phione|slp\n|move|p2a: Phione|Sleep Talk|p2a: Phione\n|move|p2a: Phione|Take Heart|p2a: Phione|[from]move: Sleep Talk\n|-boost|p2a: Phione|spa|1\n|-boost|p2a: Phione|spd|1\n|-curestatus|p2a: Phione|slp|[msg]\n|\n|-heal|p2a: Phione|140/290|[from] item: Leftovers\n|-heal|p1a: Mesprit|258/275|[from] item: Leftovers\n|upkeep\n|turn|31\n|\n|t:|1715354343\n|move|p2a: Phione|Take Heart|p2a: Phione\n|-boost|p2a: Phione|spa|1\n|-boost|p2a: Phione|spd|1\n|move|p1a: Mesprit|Thunder Wave|p2a: Phione\n|-status|p2a: Phione|par\n|\n|-heal|p1a: Mesprit|275/275|[from] item: Leftovers\n|-heal|p2a: Phione|158/290 par|[from] item: Leftovers\n|upkeep\n|turn|32\n|\n|t:|1715354346\n|move|p1a: Mesprit|Psychic Noise|p2a: Phione\n|-damage|p2a: Phione|110/290 par\n|-start|p2a: Phione|move: Heal Block\n|move|p2a: Phione|Take Heart|p2a: Phione\n|-boost|p2a: Phione|spa|1\n|-boost|p2a: Phione|spd|1\n|-curestatus|p2a: Phione|par|[msg]\n|\n|upkeep\n|turn|33\n|\n|t:|1715354355\n|move|p2a: Phione|Take Heart|p2a: Phione\n|-boost|p2a: Phione|spa|1\n|-boost|p2a: Phione|spd|1\n|move|p1a: Mesprit|Thunder Wave|p2a: Phione\n|-status|p2a: Phione|par\n|\n|-end|p2a: Phione|move: Heal Block\n|upkeep\n|turn|34\n|\n|t:|1715354359\n|-terastallize|p1a: Mesprit|Dark\n|move|p1a: Mesprit|Knock Off|p2a: Phione\n|-damage|p2a: Phione|2/290 par\n|-enditem|p2a: Phione|Leftovers|[from] move: Knock Off|[of] p1a: Mesprit\n|move|p2a: Phione|Take Heart|p2a: Phione\n|-boost|p2a: Phione|spa|1\n|-boost|p2a: Phione|spd|1\n|-curestatus|p2a: Phione|par|[msg]\n|\n|upkeep\n|turn|35\n|\n|t:|1715354367\n|move|p2a: Phione|Rest|p2a: Phione\n|-status|p2a: Phione|slp|[from] move: Rest\n|-heal|p2a: Phione|290/290 slp|[silent]\n|move|p1a: Mesprit|Psychic Noise|p2a: Phione\n|-damage|p2a: Phione|266/290 slp\n|-start|p2a: Phione|move: Heal Block\n|\n|upkeep\n|turn|36\n|\n|t:|1715354374\n|cant|p2a: Phione|slp\n|move|p2a: Phione|Sleep Talk|p2a: Phione\n|cant|p2a: Phione|move: Heal Block|Rest\n|move|p1a: Mesprit|Knock Off|p2a: Phione\n|-damage|p2a: Phione|185/290 slp\n|\n|-end|p2a: Phione|move: Heal Block\n|upkeep\n|turn|37\n|\n|t:|1715354392\n|cant|p2a: Phione|slp\n|move|p2a: Phione|Sleep Talk|p2a: Phione\n|move|p2a: Phione|Scald|p1a: Mesprit|[from]move: Sleep Talk\n|-damage|p1a: Mesprit|19/275\n|move|p1a: Mesprit|Psychic Noise|p2a: Phione\n|-damage|p2a: Phione|158/290 slp\n|-start|p2a: Phione|move: Heal Block\n|\n|-heal|p1a: Mesprit|36/275|[from] item: Leftovers\n|upkeep\n|turn|38\n|\n|t:|1715354402\n|-curestatus|p2a: Phione|slp|[msg]\n|move|p2a: Phione|Take Heart|p2a: Phione\n|-boost|p2a: Phione|spa|1\n|-boost|p2a: Phione|spd|1\n|move|p1a: Mesprit|Thunder Wave|p2a: Phione\n|-status|p2a: Phione|par\n|\n|-heal|p1a: Mesprit|53/275|[from] item: Leftovers\n|-end|p2a: Phione|move: Heal Block\n|upkeep\n|turn|39\n|\n|t:|1715354406\n|move|p1a: Mesprit|Psychic Noise|p2a: Phione\n|-damage|p2a: Phione|137/290 par\n|-start|p2a: Phione|move: Heal Block\n|move|p2a: Phione|Take Heart|p2a: Phione\n|-boost|p2a: Phione|spa|0\n|-boost|p2a: Phione|spd|0\n|-curestatus|p2a: Phione|par|[msg]\n|\n|-heal|p1a: Mesprit|70/275|[from] item: Leftovers\n|upkeep\n|turn|40\n|\n|t:|1715354414\n|move|p2a: Phione|Scald|p1a: Mesprit\n|-damage|p1a: Mesprit|0 fnt\n|faint|p1a: Mesprit\n|\n|-end|p2a: Phione|move: Heal Block\n|upkeep\n|\n|t:|1715354422\n|switch|p1a: Hariyama|Hariyama, L87, M|392/392\n|turn|41\n|\n|t:|1715354426\n|move|p2a: Phione|Scald|p1a: Hariyama\n|-damage|p1a: Hariyama|104/392\n|-status|p1a: Hariyama|brn\n|move|p1a: Hariyama|Close Combat|p2a: Phione\n|-damage|p2a: Phione|60/290\n|-unboost|p1a: Hariyama|def|1\n|-unboost|p1a: Hariyama|spd|1\n|\n|-damage|p1a: Hariyama|80/392 brn|[from] brn\n|upkeep\n|turn|42\n|-message|lenee forfeited.\n|\n|win|fashionstar510\n|raw|lenee's rating: 2232 &rarr; <strong>2213</strong><br />(-19 for losing)\n|raw|fashionstar510's rating: 2244 &rarr; <strong>2263</strong><br />(+19 for winning)\n|l|\u2606lenee\n|player|p1|\n|l|\u2606fashionstar510\n|player|p2|\n", "inputlog": ">version 9ec7c4a3fde49e3a2a4c5d09e690aa38059aff9e\n>start {\"formatid\":\"gen9randombattle\",\"seed\":[52010,10982,27706,1420],\"rated\":\"Rated battle\"}\n>player p1 {\"name\":\"lenee\",\"avatar\":\"170\",\"rating\":2232,\"seed\":[40369,51632,54768,28341]}\n>player p2 {\"name\":\"fashionstar510\",\"avatar\":\"2\",\"rating\":2244,\"seed\":[24097,51388,40905,39263]}\n>p1 move knockoff\n>p2 move dualwingbeat\n>p1 switch 2\n>p1 move thunderwave\n>p2 move uturn\n>p2 switch 6\n>p1 move gigatonhammer\n>p2 move earthquake\n>p1 switch 6\n>p2 move earthquake\n>p1 move psychicnoise\n>p2 switch 2\n>p1 move thunderwave\n>p2 move leechseed\n>p1 move uturn\n>p2 move substitute\n>p1 switch 6\n>p1 move gigatonhammer\n>p2 move strengthsap\n>p2 switch 3\n>p1 move thunderwave\n>p2 move takeheart\n>p1 move playrough\n>p2 move takeheart\n>p1 move encore\n>p2 move scald\n>p1 move gigatonhammer\n>p2 switch 2\n>p1 move playrough\n>p2 switch 2\n>p1 move thunderwave\n>p2 move scald\n>p1 move playrough\n>p2 move scald\n>p1 move playrough\n>p2 move rest\n>p1 move encore\n>p2 move sleeptalk\n>p1 move playrough\n>p2 switch 2\n>p1 switch 5\n>p2 move earthquake\n>p1 move thunderbolt\n>p2 move earthquake\n>p1 move thunderbolt\n>p2 move earthquake\n>p2 switch 2\n>p1 move thunderbolt\n>p2 move sleeptalk\n>p1 move thunderbolt\n>p2 switch 4\n>p1 move thunderbolt\n>p2 move dragondance\n>p1 move uturn\n>p2 move knockoff\n>p1 switch 5\n>p1 move gigatonhammer\n>p2 move closecombat\n>p1 switch 5\n>p1 move thunderbolt\n>p2 move closecombat\n>p2 switch 4\n>p1 move thunderbolt\n>p2 move rest terastallize\n>p1 move superfang\n>p2 move sleeptalk\n>p1 move uturn\n>p2 move sleeptalk\n>p1 switch 6\n>p1 move thunderwave\n>p2 move takeheart\n>p1 move psychicnoise\n>p2 move takeheart\n>p1 move thunderwave\n>p2 move takeheart\n>p1 move knockoff terastallize\n>p2 move takeheart\n>p1 move psychicnoise\n>p2 move rest\n>p1 move knockoff\n>p2 move sleeptalk\n>p1 move psychicnoise\n>p2 move sleeptalk\n>p1 move thunderwave\n>p2 move takeheart\n>p1 move psychicnoise\n>p2 move takeheart\n>p1 move thunderwave\n>p2 move scald\n>p1 switch 4\n>p1 move closecombat\n>p2 move scald\n>forcelose p1", "uploadtime": 1715354523, "views": 212, "formatid": "gen9randombattle", "rating": 2213, "private": 0, "password": null}