{"id": "gen9randombattle-2260781248", "format": "[Gen 9] Random Battle", "players": ["120831a", "AmauraZauberin"], "log": "|j|\u2606120831a\n|j|\u2606AmauraZauberin\n|t:|1733891094\n|gametype|singles\n|player|p1|120831a|266|1155\n|player|p2|AmauraZauberin|265|1181\n|teamsize|p1|6\n|teamsize|p2|6\n|gen|9\n|tier|[Gen 9] Random Battle\n|rated|\n|rule|Species Clause: Limit one of each Pok\u00e9mon\n|rule|HP Percentage Mod: HP is shown in percentages\n|rule|Sleep Clause Mod: Limit one foe put to sleep\n|rule|Illusion Level Mod: Illusion disguises the Pok\u00e9mon's true level\n|\n|t:|1733891094\n|start\n|switch|p1a: Clodsire|Clodsire, L81, F|343/343\n|switch|p2a: Garchomp|Garchomp, L74, F|282/282\n|turn|1\n|\n|t:|1733891104\n|move|p2a: Garchomp|Swords Dance|p2a: Garchomp\n|-boost|p2a: Garchomp|atk|2\n|move|p1a: Clodsire|Toxic Spikes|p2a: Garchomp\n|-sidestart|p2: AmauraZauberin|move: Toxic Spikes\n|\n|upkeep\n|turn|2\n|\n|t:|1733891119\n|move|p2a: Garchomp|Earthquake|p1a: Clodsire\n|-supereffective|p1a: Clodsire\n|-damage|p1a: Clodsire|83/343\n|move|p1a: Clodsire|Toxic Spikes|p2a: Garchomp\n|-sidestart|p2: AmauraZauberin|move: Toxic Spikes\n|\n|-heal|p1a: Clodsire|104/343|[from] item: Leftovers\n|upkeep\n|turn|3\n|\n|t:|1733891132\n|move|p2a: Garchomp|Fire Fang|p1a: Clodsire\n|-damage|p1a: Clodsire|38/343\n|move|p1a: Clodsire|Poison Jab|p2a: Garchomp\n|-resisted|p2a: Garchomp\n|-damage|p2a: Garchomp|244/282\n|-damage|p1a: Clodsire|0 fnt|[from] ability: Rough Skin|[of] p2a: Garchomp\n|faint|p1a: Clodsire\n|\n|upkeep\n|\n|t:|1733891161\n|switch|p1a: Porygon-Z|Porygon-Z, L83|277/277\n|turn|4\n|\n|t:|1733891181\n|-terastallize|p1a: Porygon-Z|Fighting\n|move|p1a: Porygon-Z|Tera Blast|p2a: Garchomp|[anim] Tera Blast Fighting\n|-damage|p2a: Garchomp|15/282\n|-damage|p1a: Porygon-Z|250/277|[from] item: Life Orb\n|move|p2a: Garchomp|Scale Shot|p1a: Porygon-Z\n|-damage|p1a: Porygon-Z|184/277\n|-damage|p1a: Porygon-Z|123/277\n|-damage|p1a: Porygon-Z|59/277\n|-damage|p1a: Porygon-Z|0 fnt\n|faint|p1a: Porygon-Z\n|-hitcount|p1: Porygon-Z|4\n|-unboost|p2a: Garchomp|def|1\n|-boost|p2a: Garchomp|spe|1\n|\n|upkeep\n|\n|t:|1733891197\n|switch|p1a: Arceus|Arceus-Bug, L73|295/295\n|turn|5\n|\n|t:|1733891205\n|move|p2a: Garchomp|Fire Fang|p1a: Arceus\n|-supereffective|p1a: Arceus\n|-damage|p1a: Arceus|143/295\n|move|p1a: Arceus|Judgment|p2a: Garchomp\n|-damage|p2a: Garchomp|0 fnt\n|faint|p2a: Garchomp\n|\n|upkeep\n|\n|t:|1733891229\n|switch|p2a: Toxtricity|Toxtricity, L82, M|257/257\n|-sideend|p2: AmauraZauberin|move: Toxic Spikes|[of] p2a: Toxtricity\n|turn|6\n|\n|t:|1733891242\n|move|p2a: Toxtricity|Overdrive|p1a: Arceus\n|-damage|p1a: Arceus|43/295\n|move|p1a: Arceus|Recover|p1a: Arceus\n|-heal|p1a: Arceus|191/295\n|\n|upkeep\n|turn|7\n|\n|t:|1733891253\n|switch|p2a: Entei|Entei, L78|307/307\n|move|p1a: Arceus|Fire Blast|p2a: Entei\n|-resisted|p2a: Entei\n|-damage|p2a: Entei|264/307\n|\n|upkeep\n|turn|8\n|\n|t:|1733891264\n|move|p1a: Arceus|Judgment|p2a: Entei\n|-resisted|p2a: Entei\n|-damage|p2a: Entei|199/307\n|move|p2a: Entei|Flare Blitz|p1a: Arceus\n|-supereffective|p1a: Arceus\n|-damage|p1a: Arceus|0 fnt\n|faint|p1a: Arceus\n|-damage|p2a: Entei|136/307|[from] Recoil\n|\n|upkeep\n|\n|t:|1733891273\n|switch|p1a: Feraligatr|Feraligatr, L79, F|264/264\n|turn|9\n|\n|t:|1733891281\n|move|p2a: Entei|Flare Blitz|p1a: Feraligatr\n|-resisted|p1a: Feraligatr\n|-damage|p1a: Feraligatr|168/264\n|-damage|p2a: Entei|104/307|[from] Recoil\n|move|p1a: Feraligatr|Dragon Dance|p1a: Feraligatr\n|-boost|p1a: Feraligatr|atk|1\n|-boost|p1a: Feraligatr|spe|1\n|\n|upkeep\n|turn|10\n|\n|t:|1733891288\n|move|p1a: Feraligatr|Dragon Dance|p1a: Feraligatr\n|-boost|p1a: Feraligatr|atk|1\n|-boost|p1a: Feraligatr|spe|1\n|move|p2a: Entei|Flare Blitz|p1a: Feraligatr\n|-resisted|p1a: Feraligatr\n|-damage|p1a: Feraligatr|81/264\n|-damage|p2a: Entei|75/307|[from] Recoil\n|\n|upkeep\n|turn|11\n|\n|t:|1733891298\n|move|p1a: Feraligatr|Liquidation|p2a: Entei\n|-supereffective|p2a: Entei\n|-damage|p2a: Entei|0 fnt\n|faint|p2a: Entei\n|\n|upkeep\n|\n|t:|1733891325\n|switch|p2a: Arcanine|Arcanine, L84, M|288/288\n|-ability|p2a: Arcanine|Intimidate|boost\n|-unboost|p1a: Feraligatr|atk|1\n|turn|12\n|\n|t:|1733891333\n|move|p1a: Feraligatr|Liquidation|p2a: Arcanine\n|-supereffective|p2a: Arcanine\n|-damage|p2a: Arcanine|0 fnt\n|faint|p2a: Arcanine\n|\n|upkeep\n|\n|t:|1733891337\n|switch|p2a: Farigiraf|Farigiraf, L91, F|366/366\n|turn|13\n|\n|t:|1733891351\n|move|p1a: Feraligatr|Liquidation|p2a: Farigiraf\n|-damage|p2a: Farigiraf|142/366\n|move|p2a: Farigiraf|Hyper Voice|p1a: Feraligatr\n|-damage|p1a: Feraligatr|0 fnt\n|faint|p1a: Feraligatr\n|\n|-heal|p2a: Farigiraf|164/366|[from] item: Leftovers\n|upkeep\n|\n|t:|1733891368\n|switch|p1a: Iron Thorns|Iron Thorns, L83|302/302\n|turn|14\n|\n|t:|1733891382\n|move|p1a: Iron Thorns|Volt Switch|p2a: Farigiraf\n|-damage|p2a: Farigiraf|95/366\n|\n|t:|1733891385\n|-end|p1a: Iron Thorns|Quark Drive|[silent]\n|switch|p1a: Flareon|Flareon, L90, F|263/263|[from] Volt Switch\n|move|p2a: Farigiraf|Wish|p2a: Farigiraf\n|\n|-heal|p2a: Farigiraf|117/366|[from] item: Leftovers\n|-status|p1a: Flareon|tox|[from] item: Toxic Orb\n|upkeep\n|turn|15\n|\n|t:|1733891403\n|move|p2a: Farigiraf|Protect|p2a: Farigiraf\n|-singleturn|p2a: Farigiraf|Protect\n|move|p1a: Flareon|Flare Blitz|p2a: Farigiraf\n|-activate|p2a: Farigiraf|move: Protect\n|\n|-heal|p2a: Farigiraf|300/366|[from] move: Wish|[wisher] Farigiraf\n|-heal|p2a: Farigiraf|322/366|[from] item: Leftovers\n|-damage|p1a: Flareon|247/263 tox|[from] psn\n|upkeep\n|turn|16\n|\n|t:|1733891433\n|move|p1a: Flareon|Facade|p2a: Farigiraf\n|-damage|p2a: Farigiraf|93/366\n|move|p2a: Farigiraf|Wish|p2a: Farigiraf\n|\n|-heal|p2a: Farigiraf|115/366|[from] item: Leftovers\n|-damage|p1a: Flareon|215/263 tox|[from] psn\n|upkeep\n|turn|17\n|\n|t:|1733891444\n|move|p2a: Farigiraf|Protect|p2a: Farigiraf\n|-singleturn|p2a: Farigiraf|Protect\n|move|p1a: Flareon|Trailblaze|p2a: Farigiraf\n|-activate|p2a: Farigiraf|move: Protect\n|\n|-heal|p2a: Farigiraf|298/366|[from] move: Wish|[wisher] Farigiraf\n|-heal|p2a: Farigiraf|320/366|[from] item: Leftovers\n|-damage|p1a: Flareon|167/263 tox|[from] psn\n|upkeep\n|turn|18\n|\n|t:|1733891490\n|move|p1a: Flareon|Facade|p2a: Farigiraf\n|-damage|p2a: Farigiraf|96/366\n|move|p2a: Farigiraf|Wish|p2a: Farigiraf\n|\n|-heal|p2a: Farigiraf|118/366|[from] item: Leftovers\n|-damage|p1a: Flareon|103/263 tox|[from] psn\n|upkeep\n|turn|19\n|\n|t:|1733891504\n|switch|p1a: Iron Thorns|Iron Thorns, L83|302/302\n|move|p2a: Farigiraf|Protect||[still]\n|-fail|p2a: Farigiraf\n|\n|-heal|p2a: Farigiraf|301/366|[from] move: Wish|[wisher] Farigiraf\n|-heal|p2a: Farigiraf|323/366|[from] item: Leftovers\n|upkeep\n|turn|20\n|\n|t:|1733891546\n|move|p1a: Iron Thorns|Stone Edge|p2a: Farigiraf\n|-damage|p2a: Farigiraf|184/366\n|move|p2a: Farigiraf|Future Sight|p1a: Iron Thorns\n|-start|p2a: Farigiraf|move: Future Sight\n|\n|-heal|p2a: Farigiraf|206/366|[from] item: Leftovers\n|upkeep\n|turn|21\n|\n|t:|1733891555\n|move|p1a: Iron Thorns|Stone Edge|p2a: Farigiraf\n|-damage|p2a: Farigiraf|46/366\n|move|p2a: Farigiraf|Wish|p2a: Farigiraf\n|\n|-heal|p2a: Farigiraf|68/366|[from] item: Leftovers\n|upkeep\n|turn|22\n|\n|t:|1733891563\n|move|p2a: Farigiraf|Protect|p2a: Farigiraf\n|-singleturn|p2a: Farigiraf|Protect\n|move|p1a: Iron Thorns|Stone Edge|p2a: Farigiraf\n|-activate|p2a: Farigiraf|move: Protect\n|\n|-end|p1a: Iron Thorns|move: Future Sight\n|-crit|p1a: Iron Thorns\n|-damage|p1a: Iron Thorns|142/302\n|-heal|p2a: Farigiraf|251/366|[from] move: Wish|[wisher] Farigiraf\n|-heal|p2a: Farigiraf|273/366|[from] item: Leftovers\n|upkeep\n|turn|23\n|\n|t:|1733891595\n|move|p1a: Iron Thorns|Stone Edge|p2a: Farigiraf|[miss]\n|-miss|p1a: Iron Thorns|p2a: Farigiraf\n|move|p2a: Farigiraf|Future Sight|p1a: Iron Thorns\n|-start|p2a: Farigiraf|move: Future Sight\n|\n|-heal|p2a: Farigiraf|295/366|[from] item: Leftovers\n|upkeep\n|turn|24\n|\n|t:|1733891601\n|move|p1a: Iron Thorns|Stone Edge|p2a: Farigiraf\n|-damage|p2a: Farigiraf|157/366\n|move|p2a: Farigiraf|Wish|p2a: Farigiraf\n|\n|-heal|p2a: Farigiraf|179/366|[from] item: Leftovers\n|upkeep\n|turn|25\n|\n|t:|1733891620\n|move|p1a: Iron Thorns|Stone Edge|p2a: Farigiraf\n|-damage|p2a: Farigiraf|26/366\n|move|p2a: Farigiraf|Hyper Voice|p1a: Iron Thorns\n|-resisted|p1a: Iron Thorns\n|-damage|p1a: Iron Thorns|100/302\n|\n|-end|p1a: Iron Thorns|move: Future Sight\n|-damage|p1a: Iron Thorns|0 fnt\n|faint|p1a: Iron Thorns\n|-end|p1a: Iron Thorns|Quark Drive|[silent]\n|-heal|p2a: Farigiraf|209/366|[from] move: Wish|[wisher] Farigiraf\n|-heal|p2a: Farigiraf|231/366|[from] item: Leftovers\n|upkeep\n|\n|t:|1733891630\n|switch|p1a: Flareon|Flareon, L90, F|103/263 tox\n|turn|26\n|\n|t:|1733891635\n|move|p1a: Flareon|Facade|p2a: Farigiraf\n|-damage|p2a: Farigiraf|0 fnt\n|faint|p2a: Farigiraf\n|\n|-damage|p1a: Flareon|87/263 tox|[from] psn\n|upkeep\n|\n|t:|1733891640\n|switch|p2a: Toxtricity|Toxtricity, L82, M|257/257\n|turn|27\n|\n|t:|1733891645\n|move|p2a: Toxtricity|Overdrive|p1a: Flareon\n|-damage|p1a: Flareon|0 fnt\n|faint|p1a: Flareon\n|\n|win|AmauraZauberin\n|raw|120831a's rating: 1155 &rarr; <strong>1132</strong><br />(-23 for losing)\n|raw|AmauraZauberin's rating: 1181 &rarr; <strong>1204</strong><br />(+23 for winning)\n|l|\u2606120831a\n|player|p1|\n", "inputlog": ">version bfd83cad13791eb5a5a409923076391caf6fb4d4\n>start {\"formatid\":\"gen9randombattle\",\"seed\":[1866,46056,16092,26269],\"rated\":\"Rated battle\"}\n>player p1 {\"name\":\"120831a\",\"avatar\":\"266\",\"rating\":1155,\"seed\":[24455,20592,32030,19671]}\n>player p2 {\"name\":\"AmauraZauberin\",\"avatar\":\"265\",\"rating\":1181,\"seed\":[21712,10131,36274,42753]}\n>p1 move toxicspikes\n>p2 move swordsdance\n>p1 move toxicspikes\n>p2 move earthquake\n>p1 move poisonjab\n>p2 move firefang\n>p1 switch 2\n>p1 move terablast terastallize\n>p2 move scaleshot\n>p1 switch 4\n>p1 move judgment\n>p2 move firefang\n>p2 switch 2\n>p1 move recover\n>p2 move overdrive\n>p1 move fireblast\n>p2 switch 4\n>p1 move judgment\n>p2 move flareblitz\n>p1 switch 5\n>p1 move dragondance\n>p2 move flareblitz\n>p1 move dragondance\n>p2 move flareblitz\n>p1 move liquidation\n>p2 move flareblitz\n>p2 switch 3\n>p1 move liquidation\n>p2 move closecombat\n>p2 switch 5\n>p1 move liquidation\n>p2 move hypervoice\n>p1 switch 6\n>p1 move voltswitch\n>p2 move wish\n>p1 switch 3\n>p1 move flareblitz\n>p2 move protect\n>p1 move facade\n>p2 move wish\n>p1 move trailblaze\n>p2 move protect\n>p1 move facade\n>p2 move wish\n>p1 switch 3\n>p2 move protect\n>p1 move stoneedge\n>p2 move futuresight\n>p1 move stoneedge\n>p2 move wish\n>p1 move stoneedge\n>p2 move protect\n>p1 move stoneedge\n>p2 move futuresight\n>p1 move stoneedge\n>p2 move wish\n>p1 move stoneedge\n>p2 move hypervoice\n>p1 switch 3\n>p1 move facade\n>p2 move wish\n>p2 switch 4\n>p1 move facade\n>p2 move overdrive", "uploadtime": 1733891678, "views": 16, "formatid": "gen9randombattle", "rating": 1132, "private": 0, "password": null}