{"id": "gen9randombattle-2259906119", "format": "[Gen 9] Random Battle", "players": ["Hugo Capo", "meiichii"], "log": "|j|\u2606Hugo Capo\n|j|\u2606meiichii\n|t:|1733778573\n|gametype|singles\n|player|p1|Hugo Capo|veteran|1067\n|player|p2|meiichii|erika|1080\n|teamsize|p1|6\n|teamsize|p2|6\n|gen|9\n|tier|[Gen 9] Random Battle\n|rated|\n|rule|Species Clause: Limit one of each Pok\u00e9mon\n|rule|HP Percentage Mod: HP is shown in percentages\n|rule|Sleep Clause Mod: Limit one foe put to sleep\n|rule|Illusion Level Mod: Illusion disguises the Pok\u00e9mon's true level\n|\n|t:|1733778573\n|start\n|switch|p1a: Porygon-Z|Porygon-Z, L83|277/277\n|switch|p2a: Lanturn|Lanturn, L89, M|367/367\n|-ability|p1a: Porygon-Z|Download|boost\n|-boost|p1a: Porygon-Z|atk|1\n|turn|1\n|inactive|Battle timer is ON: inactive players will automatically lose when time's up. (requested by Hugo Capo)\n|\n|t:|1733778599\n|switch|p1a: Zekrom|Zekrom, L71|259/259\n|-ability|p1a: Zekrom|Teravolt\n|move|p2a: Lanturn|Thunderbolt|p1a: Zekrom\n|-resisted|p1a: Zekrom\n|-damage|p1a: Zekrom|222/259\n|\n|-heal|p1a: Zekrom|238/259|[from] item: Leftovers\n|upkeep\n|turn|2\n|\n|t:|1733778625\n|switch|p2a: Komala|Komala, L89, F|260/260\n|-ability|p2a: Komala|Comatose\n|move|p1a: Zekrom|Dragon Dance|p1a: Zekrom\n|-boost|p1a: Zekrom|atk|1\n|-boost|p1a: Zekrom|spe|1\n|\n|-heal|p1a: Zekrom|254/259|[from] item: Leftovers\n|upkeep\n|turn|3\n|inactive|meiichii has 120 seconds left.\n|\n|t:|1733778640\n|move|p1a: Zekrom|Substitute|p1a: Zekrom\n|-start|p1a: Zekrom|Substitute\n|-damage|p1a: Zekrom|190/259\n|move|p2a: Komala|Knock Off|p1a: Zekrom\n|-end|p1a: Zekrom|Substitute\n|\n|-heal|p1a: Zekrom|206/259|[from] item: Leftovers\n|upkeep\n|turn|4\n|\n|t:|1733778650\n|move|p1a: Zekrom|Bolt Strike|p2a: Komala|[miss]\n|-miss|p1a: Zekrom|p2a: Komala\n|move|p2a: Komala|Knock Off|p1a: Zekrom\n|-damage|p1a: Zekrom|126/259\n|-enditem|p1a: Zekrom|Leftovers|[from] move: Knock Off|[of] p2a: Komala\n|\n|upkeep\n|turn|5\n|\n|t:|1733778664\n|move|p1a: Zekrom|Bolt Strike|p2a: Komala\n|-damage|p2a: Komala|19/260\n|move|p2a: Komala|Body Slam|p1a: Zekrom\n|-crit|p1a: Zekrom\n|-damage|p1a: Zekrom|0 fnt\n|faint|p1a: Zekrom\n|\n|upkeep\n|\n|t:|1733778680\n|switch|p1a: Excadrill|Excadrill, L79, M|303/303\n|-ability|p1a: Excadrill|Mold Breaker\n|turn|6\n|\n|t:|1733778690\n|move|p1a: Excadrill|Rapid Spin|p2a: Komala\n|-damage|p2a: Komala|0 fnt\n|-boost|p1a: Excadrill|spe|1\n|faint|p2a: Komala\n|\n|upkeep\n|\n|t:|1733778706\n|switch|p2a: Lanturn|Lanturn, L89, M|367/367\n|turn|7\n|\n|t:|1733778716\n|-terastallize|p2a: Lanturn|Flying\n|move|p1a: Excadrill|Earthquake|p2a: Lanturn\n|-immune|p2a: Lanturn\n|move|p2a: Lanturn|Scald|p1a: Excadrill\n|-supereffective|p1a: Excadrill\n|-damage|p1a: Excadrill|93/303\n|\n|upkeep\n|turn|8\n|\n|t:|1733778726\n|move|p1a: Excadrill|Rock Slide|p2a: Lanturn\n|-supereffective|p2a: Lanturn\n|-damage|p2a: Lanturn|217/367\n|move|p2a: Lanturn|Scald|p1a: Excadrill\n|-supereffective|p1a: Excadrill\n|-crit|p1a: Excadrill\n|-damage|p1a: Excadrill|0 fnt\n|faint|p1a: Excadrill\n|\n|upkeep\n|\n|t:|1733778738\n|switch|p1a: Porygon-Z|Porygon-Z, L83|277/277\n|-ability|p1a: Porygon-Z|Download|boost\n|-boost|p1a: Porygon-Z|atk|1\n|turn|9\n|\n|t:|1733778743\n|move|p1a: Porygon-Z|Thunderbolt|p2a: Lanturn\n|-heal|p2a: Lanturn|308/367|[from] ability: Volt Absorb|[of] p1a: Porygon-Z\n|move|p2a: Lanturn|Scald|p1a: Porygon-Z\n|-damage|p1a: Porygon-Z|144/277\n|\n|upkeep\n|turn|10\n|\n|t:|1733778750\n|move|p1a: Porygon-Z|Tri Attack|p2a: Lanturn\n|-damage|p2a: Lanturn|162/367\n|-damage|p1a: Porygon-Z|117/277|[from] item: Life Orb\n|move|p2a: Lanturn|Scald|p1a: Porygon-Z\n|-damage|p1a: Porygon-Z|0 fnt\n|faint|p1a: Porygon-Z\n|\n|upkeep\n|\n|t:|1733778760\n|switch|p1a: Regice|Regice, L88|284/284\n|turn|11\n|\n|t:|1733778783\n|switch|p2a: Magearna|Magearna, L77|250/250\n|move|p1a: Regice|Ice Beam|p2a: Magearna\n|-resisted|p2a: Magearna\n|-damage|p2a: Magearna|206/250\n|\n|-heal|p2a: Magearna|221/250|[from] item: Leftovers\n|upkeep\n|turn|12\n|\n|t:|1733778795\n|move|p2a: Magearna|Shift Gear|p2a: Magearna\n|-boost|p2a: Magearna|spe|2\n|-boost|p2a: Magearna|atk|1\n|move|p1a: Regice|Thunder Wave|p2a: Magearna\n|-status|p2a: Magearna|par\n|\n|-heal|p2a: Magearna|236/250 par|[from] item: Leftovers\n|upkeep\n|turn|13\n|\n|t:|1733778807\n|cant|p2a: Magearna|par\n|move|p1a: Regice|Body Press|p2a: Magearna\n|-damage|p2a: Magearna|184/250 par\n|\n|-heal|p2a: Magearna|199/250 par|[from] item: Leftovers\n|upkeep\n|turn|14\n|\n|t:|1733778817\n|move|p2a: Magearna|Flash Cannon|p1a: Regice\n|-supereffective|p1a: Regice\n|-damage|p1a: Regice|198/284\n|move|p1a: Regice|Body Press|p2a: Magearna\n|-damage|p2a: Magearna|144/250 par\n|\n|-heal|p2a: Magearna|159/250 par|[from] item: Leftovers\n|upkeep\n|turn|15\n|\n|t:|1733778826\n|cant|p2a: Magearna|par\n|move|p1a: Regice|Body Press|p2a: Magearna\n|-damage|p2a: Magearna|99/250 par\n|\n|-heal|p2a: Magearna|114/250 par|[from] item: Leftovers\n|upkeep\n|turn|16\n|\n|t:|1733778841\n|move|p2a: Magearna|Flash Cannon|p1a: Regice\n|-supereffective|p1a: Regice\n|-damage|p1a: Regice|112/284\n|move|p1a: Regice|Body Press|p2a: Magearna\n|-damage|p2a: Magearna|61/250 par\n|\n|-heal|p2a: Magearna|76/250 par|[from] item: Leftovers\n|upkeep\n|turn|17\n|\n|t:|1733778854\n|cant|p2a: Magearna|par\n|move|p1a: Regice|Body Press|p2a: Magearna\n|-damage|p2a: Magearna|19/250 par\n|\n|-heal|p2a: Magearna|34/250 par|[from] item: Leftovers\n|upkeep\n|turn|18\n|\n|t:|1733778862\n|move|p2a: Magearna|Flash Cannon|p1a: Regice\n|-supereffective|p1a: Regice\n|-damage|p1a: Regice|28/284\n|move|p1a: Regice|Body Press|p2a: Magearna\n|-damage|p2a: Magearna|0 fnt\n|faint|p2a: Magearna\n|\n|upkeep\n|\n|t:|1733778875\n|switch|p2a: Lanturn|Lanturn, L89, M, tera:Flying|162/367\n|turn|19\n|\n|t:|1733778882\n|move|p2a: Lanturn|Volt Switch|p1a: Regice\n|-damage|p1a: Regice|0 fnt\n|faint|p1a: Regice\n|\n|t:|1733778888\n|switch|p2a: Skuntank|Skuntank, L84, M|310/310|[from] Volt Switch\n|\n|upkeep\n|\n|t:|1733778909\n|switch|p1a: Veluza|Veluza, L85, M|292/292\n|turn|20\n|\n|t:|1733778927\n|-terastallize|p1a: Veluza|Dark\n|move|p1a: Veluza|Aqua Cutter|p2a: Skuntank\n|-damage|p2a: Skuntank|162/310\n|move|p2a: Skuntank|Taunt|p1a: Veluza\n|-start|p1a: Veluza|move: Taunt\n|\n|-heal|p2a: Skuntank|181/310|[from] item: Leftovers\n|upkeep\n|turn|21\n|\n|t:|1733778938\n|move|p1a: Veluza|Aqua Cutter|p2a: Skuntank\n|-damage|p2a: Skuntank|22/310\n|move|p2a: Skuntank|Toxic Spikes|p1a: Veluza\n|-sidestart|p1: Hugo Capo|move: Toxic Spikes\n|\n|-heal|p2a: Skuntank|41/310|[from] item: Leftovers\n|upkeep\n|turn|22\n|\n|t:|1733778950\n|move|p1a: Veluza|Aqua Cutter|p2a: Skuntank\n|-damage|p2a: Skuntank|0 fnt\n|faint|p2a: Skuntank\n|\n|upkeep\n|\n|t:|1733778961\n|switch|p2a: Palkia|Palkia, L75|259/259\n|-ability|p2a: Palkia|Pressure\n|turn|23\n|\n|t:|1733778967\n|switch|p1a: Giratina|Giratina-Origin, L72|335/335\n|move|p2a: Palkia|Thunder Wave|p1a: Giratina\n|-status|p1a: Giratina|par\n|\n|upkeep\n|turn|24\n|\n|t:|1733778980\n|move|p2a: Palkia|Spacial Rend|p1a: Giratina\n|-supereffective|p1a: Giratina\n|-damage|p1a: Giratina|41/335 par\n|move|p1a: Giratina|Draco Meteor|p2a: Palkia\n|-supereffective|p2a: Palkia\n|-damage|p2a: Palkia|1/259\n|-unboost|p1a: Giratina|spa|2\n|\n|upkeep\n|turn|25\n|\n|t:|1733778994\n|move|p2a: Palkia|Spacial Rend|p1a: Giratina|[miss]\n|-miss|p2a: Palkia|p1a: Giratina\n|move|p1a: Giratina|Defog|p2a: Palkia\n|-unboost|p2a: Palkia|evasion|1\n|-sideend|p1: Hugo Capo|Toxic Spikes|[from] move: Defog|[of] p1a: Giratina\n|\n|upkeep\n|turn|26\n|\n|t:|1733779006\n|move|p2a: Palkia|Hydro Pump|p1a: Giratina\n|-resisted|p1a: Giratina\n|-damage|p1a: Giratina|0 fnt\n|faint|p1a: Giratina\n|\n|upkeep\n|\n|t:|1733779011\n|switch|p1a: Veluza|Veluza, L85, M, tera:Dark|292/292\n|turn|27\n|\n|t:|1733779015\n|move|p1a: Veluza|Night Slash|p2a: Palkia\n|-damage|p2a: Palkia|0 fnt\n|faint|p2a: Palkia\n|\n|upkeep\n|\n|t:|1733779021\n|switch|p2a: Espeon|Espeon, L84, M|246/246\n|turn|28\n|\n|t:|1733779032\n|move|p1a: Veluza|Night Slash|p2a: Espeon\n|-supereffective|p2a: Espeon\n|-damage|p2a: Espeon|0 fnt\n|faint|p2a: Espeon\n|\n|upkeep\n|\n|t:|1733779037\n|switch|p2a: Lanturn|Lanturn, L89, M, tera:Flying|162/367\n|turn|29\n|\n|t:|1733779046\n|move|p1a: Veluza|Night Slash|p2a: Lanturn\n|-damage|p2a: Lanturn|20/367\n|move|p2a: Lanturn|Thunderbolt|p1a: Veluza\n|-crit|p1a: Veluza\n|-damage|p1a: Veluza|51/292\n|-status|p1a: Veluza|par\n|\n|upkeep\n|turn|30\n|\n|t:|1733779056\n|move|p2a: Lanturn|Thunderbolt|p1a: Veluza\n|-damage|p1a: Veluza|0 fnt\n|faint|p1a: Veluza\n|\n|win|meiichii\n|raw|Hugo Capo's rating: 1067 &rarr; <strong>1048</strong><br />(-19 for losing)\n|raw|meiichii's rating: 1080 &rarr; <strong>1107</strong><br />(+27 for winning)\n|l|\u2606Hugo Capo\n|player|p1|\n|c|\u2606meiichii|wow.\n|c|\u2606meiichii|gg\n", "inputlog": ">version bfd83cad13791eb5a5a409923076391caf6fb4d4\n>start {\"formatid\":\"gen9randombattle\",\"seed\":[20290,39479,40384,41061],\"rated\":\"Rated battle\"}\n>player p1 {\"name\":\"Hugo Capo\",\"avatar\":\"veteran\",\"rating\":1067,\"seed\":[63650,8562,54834,62649]}\n>player p2 {\"name\":\"meiichii\",\"avatar\":\"erika\",\"rating\":1080,\"seed\":[55793,22938,43463,22847]}\n>p1 switch 4\n>p2 move thunderbolt\n>p1 move dragondance\n>p2 switch 2\n>p1 move substitute\n>p2 move knockoff\n>p1 move boltstrike\n>p2 move knockoff\n>p1 move boltstrike\n>p2 move bodyslam\n>p1 switch 5\n>p1 move rapidspin\n>p2 move bodyslam\n>p2 switch 2\n>p1 move earthquake\n>p2 move scald terastallize\n>p1 move rockslide\n>p2 move scald\n>p1 switch 4\n>p1 move thunderbolt\n>p2 move scald\n>p1 move triattack\n>p2 move scald\n>p1 switch 3\n>p1 move icebeam\n>p2 switch 4\n>p1 move thunderwave\n>p2 move shiftgear\n>p1 move bodypress\n>p2 move flashcannon\n>p1 move bodypress\n>p2 move flashcannon\n>p1 move bodypress\n>p2 move calmmind\n>p1 move bodypress\n>p2 move flashcannon\n>p1 move bodypress\n>p2 move flashcannon\n>p1 move bodypress\n>p2 move flashcannon\n>p2 switch 4\n>p1 move icebeam\n>p2 move voltswitch\n>p2 switch 5\n>p1 switch 6\n>p1 move aquacutter terastallize\n>p2 move taunt\n>p1 move aquacutter\n>p2 move toxicspikes\n>p1 move aquacutter\n>p2 move gunkshot\n>p2 switch 3\n>p1 switch 2\n>p2 move thunderwave\n>p1 move dracometeor\n>p2 move spacialrend\n>p1 move defog\n>p2 move spacialrend\n>p1 move poltergeist\n>p2 move hydropump\n>p1 switch 2\n>p1 move nightslash\n>p2 move thunderwave\n>p2 switch 6\n>p1 move nightslash\n>p2 move trick\n>p2 switch 5\n>p1 move nightslash\n>p2 move thunderbolt\n>p1 move nightslash\n>p2 move thunderbolt", "uploadtime": 1733779073, "views": 13, "formatid": "gen9randombattle", "rating": 1048, "private": 0, "password": null}