{"id": "gen9randombattle-2198066854", "format": "[Gen 9] Random Battle", "players": ["ScottsTotts", "mabiana"], "log": "|j|\u2606ScottsTotts\n|j|\u2606mabiana\n|t:|1725912182\n|gametype|singles\n|player|p1|ScottsTotts|266|2302\n|player|p2|mabiana|170|2315\n|teamsize|p1|6\n|teamsize|p2|6\n|gen|9\n|tier|[Gen 9] Random Battle\n|rated|\n|rule|Species Clause: Limit one of each Pok\u00e9mon\n|rule|HP Percentage Mod: HP is shown in percentages\n|rule|Sleep Clause Mod: Limit one foe put to sleep\n|rule|Illusion Level Mod: Illusion disguises the Pok\u00e9mon's true level\n|\n|t:|1725912183\n|start\n|switch|p1a: Zarude|Zarude-Dada, L78|292/292\n|switch|p2a: Skarmory|Skarmory, L80, M|235/235\n|turn|1\n|inactive|Battle timer is ON: inactive players will automatically lose when time's up. (requested by ScottsTotts)\n|\n|t:|1725912200\n|switch|p1a: Groudon|Groudon, L72|263/263\n|-weather|SunnyDay|[from] ability: Drought|[of] p1a: Groudon\n|move|p2a: Skarmory|Spikes|p1a: Groudon\n|-sidestart|p1: ScottsTotts|Spikes\n|\n|-weather|SunnyDay|[upkeep]\n|upkeep\n|turn|2\n|\n|t:|1725912205\n|switch|p2a: Alomomola|Alomomola, L87, M|429/429\n|move|p1a: Groudon|Will-O-Wisp|p2a: Alomomola\n|-status|p2a: Alomomola|brn\n|\n|-weather|SunnyDay|[upkeep]\n|-damage|p2a: Alomomola|403/429 brn|[from] brn\n|upkeep\n|turn|3\n|\n|t:|1725912225\n|move|p1a: Groudon|Stealth Rock|p2a: Alomomola\n|-sidestart|p2: mabiana|move: Stealth Rock\n|move|p2a: Alomomola|Scald|p1a: Groudon\n|-supereffective|p1a: Groudon\n|-damage|p1a: Groudon|207/263\n|\n|-weather|SunnyDay|[upkeep]\n|-heal|p1a: Groudon|223/263|[from] item: Leftovers\n|-heal|p2a: Alomomola|429/429 brn|[from] item: Leftovers\n|-damage|p2a: Alomomola|403/429 brn|[from] brn\n|upkeep\n|turn|4\n|\n|t:|1725912234\n|switch|p1a: Glalie|Glalie, L96, F|309/309\n|move|p2a: Alomomola|Flip Turn|p1a: Glalie\n|-damage|p1a: Glalie|297/309\n|\n|t:|1725912246\n|switch|p2a: Weavile|Weavile, L79, F|239/239|[from] Flip Turn\n|-damage|p2a: Weavile|180/239|[from] Stealth Rock\n|\n|-weather|SunnyDay|[upkeep]\n|upkeep\n|turn|5\n|\n|t:|1725912269\n|move|p2a: Weavile|Knock Off|p1a: Glalie\n|-damage|p1a: Glalie|158/309\n|-enditem|p1a: Glalie|Heavy-Duty Boots|[from] move: Knock Off|[of] p2a: Weavile\n|move|p1a: Glalie|Earthquake|p2a: Weavile\n|-damage|p2a: Weavile|74/239\n|\n|-weather|none\n|upkeep\n|turn|6\n|\n|t:|1725912279\n|switch|p2a: Skarmory|Skarmory, L80, M|235/235\n|-damage|p2a: Skarmory|206/235|[from] Stealth Rock\n|move|p1a: Glalie|Spikes|p2a: Skarmory\n|-sidestart|p2: mabiana|Spikes\n|\n|upkeep\n|turn|7\n|\n|t:|1725912286\n|move|p1a: Glalie|Taunt|p2a: Skarmory\n|-start|p2a: Skarmory|move: Taunt\n|cant|p2a: Skarmory|move: Taunt|Roost\n|\n|upkeep\n|turn|8\n|\n|t:|1725912296\n|move|p1a: Glalie|Spikes|p2a: Skarmory\n|-sidestart|p2: mabiana|Spikes\n|move|p2a: Skarmory|Body Press|p1a: Glalie\n|-supereffective|p1a: Glalie\n|-damage|p1a: Glalie|24/309\n|\n|upkeep\n|turn|9\n|\n|t:|1725912307\n|switch|p1a: Groudon|Groudon, L72|223/263\n|-damage|p1a: Groudon|191/263|[from] Spikes\n|-weather|SunnyDay|[from] ability: Drought|[of] p1a: Groudon\n|move|p2a: Skarmory|Body Press|p1a: Groudon\n|-damage|p1a: Groudon|134/263\n|\n|-weather|SunnyDay|[upkeep]\n|-heal|p1a: Groudon|150/263|[from] item: Leftovers\n|-end|p2a: Skarmory|move: Taunt\n|upkeep\n|turn|10\n|\n|t:|1725912315\n|switch|p2a: Alomomola|Alomomola, L87, M|429/429 brn\n|-damage|p2a: Alomomola|376/429 brn|[from] Stealth Rock\n|-damage|p2a: Alomomola|305/429 brn|[from] Spikes\n|move|p1a: Groudon|Heat Crash|p2a: Alomomola\n|-resisted|p2a: Alomomola\n|-damage|p2a: Alomomola|233/429 brn\n|\n|-weather|SunnyDay|[upkeep]\n|-heal|p1a: Groudon|166/263|[from] item: Leftovers\n|-heal|p2a: Alomomola|259/429 brn|[from] item: Leftovers\n|-damage|p2a: Alomomola|233/429 brn|[from] brn\n|upkeep\n|turn|11\n|\n|t:|1725912323\n|move|p1a: Groudon|Precipice Blades|p2a: Alomomola|[miss]\n|-miss|p1a: Groudon|p2a: Alomomola\n|move|p2a: Alomomola|Wish|p2a: Alomomola\n|\n|-weather|SunnyDay|[upkeep]\n|-heal|p1a: Groudon|182/263|[from] item: Leftovers\n|-heal|p2a: Alomomola|259/429 brn|[from] item: Leftovers\n|-damage|p2a: Alomomola|233/429 brn|[from] brn\n|upkeep\n|turn|12\n|\n|t:|1725912331\n|move|p1a: Groudon|Will-O-Wisp|p2a: Alomomola|[miss]\n|-miss|p1a: Groudon|p2a: Alomomola\n|move|p2a: Alomomola|Scald|p1a: Groudon\n|-supereffective|p1a: Groudon\n|-crit|p1a: Groudon\n|-damage|p1a: Groudon|98/263\n|\n|-weather|SunnyDay|[upkeep]\n|-heal|p2a: Alomomola|429/429 brn|[from] move: Wish|[wisher] Alomomola\n|-heal|p1a: Groudon|114/263|[from] item: Leftovers\n|-damage|p2a: Alomomola|403/429 brn|[from] brn\n|upkeep\n|turn|13\n|\n|t:|1725912339\n|switch|p1a: Zarude|Zarude-Dada, L78|292/292\n|-damage|p1a: Zarude|256/292|[from] Spikes\n|move|p2a: Alomomola|Wish|p2a: Alomomola\n|\n|-weather|none\n|-heal|p2a: Alomomola|429/429 brn|[from] item: Leftovers\n|-damage|p2a: Alomomola|403/429 brn|[from] brn\n|upkeep\n|turn|14\n|\n|t:|1725912351\n|switch|p2a: Skarmory|Skarmory, L80, M|206/235\n|-damage|p2a: Skarmory|177/235|[from] Stealth Rock\n|move|p1a: Zarude|Knock Off|p2a: Skarmory\n|-damage|p2a: Skarmory|67/235\n|-damage|p1a: Zarude|208/292|[from] item: Rocky Helmet|[of] p2a: Skarmory\n|-enditem|p2a: Skarmory|Rocky Helmet|[from] move: Knock Off|[of] p1a: Zarude\n|-damage|p1a: Zarude|179/292|[from] item: Life Orb\n|\n|-heal|p2a: Skarmory|235/235|[from] move: Wish|[wisher] Alomomola\n|upkeep\n|turn|15\n|\n|t:|1725912357\n|switch|p1a: Glalie|Glalie, L96, F|24/309\n|-damage|p1a: Glalie|0 fnt|[from] Spikes\n|faint|p1a: Glalie\n|move|p2a: Skarmory|Spikes|p1: Glalie\n|-sidestart|p1: ScottsTotts|Spikes\n|\n|upkeep\n|\n|t:|1725912363\n|switch|p1a: Dunsparce|Dunsparce, L86, M|312/312\n|-damage|p1a: Dunsparce|260/312|[from] Spikes\n|turn|16\n|\n|t:|1725912381\n|switch|p2a: Tornadus|Tornadus, L82, M|264/264\n|move|p1a: Dunsparce|Coil|p1a: Dunsparce\n|-boost|p1a: Dunsparce|atk|1\n|-boost|p1a: Dunsparce|def|1\n|-boost|p1a: Dunsparce|accuracy|1\n|\n|upkeep\n|turn|17\n|\n|t:|1725912393\n|move|p2a: Tornadus|Bleakwind Storm|p1a: Dunsparce\n|-damage|p1a: Dunsparce|155/312\n|move|p1a: Dunsparce|Body Slam|p2a: Tornadus\n|-damage|p2a: Tornadus|134/264\n|\n|upkeep\n|turn|18\n|\n|t:|1725912400\n|move|p2a: Tornadus|Focus Blast|p1a: Dunsparce\n|-supereffective|p1a: Dunsparce\n|-damage|p1a: Dunsparce|9/312\n|move|p1a: Dunsparce|Roost|p1a: Dunsparce\n|-heal|p1a: Dunsparce|165/312\n|-singleturn|p1a: Dunsparce|move: Roost\n|\n|upkeep\n|turn|19\n|\n|t:|1725912412\n|move|p2a: Tornadus|Nasty Plot|p2a: Tornadus\n|-boost|p2a: Tornadus|spa|2\n|move|p1a: Dunsparce|Roost|p1a: Dunsparce\n|-heal|p1a: Dunsparce|312/312\n|-singleturn|p1a: Dunsparce|move: Roost\n|\n|upkeep\n|turn|20\n|\n|t:|1725912419\n|move|p2a: Tornadus|Focus Blast|p1a: Dunsparce\n|-supereffective|p1a: Dunsparce\n|-damage|p1a: Dunsparce|6/312\n|move|p1a: Dunsparce|Body Slam|p2a: Tornadus\n|-damage|p2a: Tornadus|8/264\n|-status|p2a: Tornadus|par\n|\n|upkeep\n|turn|21\n|\n|t:|1725912430\n|move|p1a: Dunsparce|Roost|p1a: Dunsparce\n|-heal|p1a: Dunsparce|162/312\n|-singleturn|p1a: Dunsparce|move: Roost\n|move|p2a: Tornadus|Bleakwind Storm|p1a: Dunsparce|[miss]\n|-miss|p2a: Tornadus|p1a: Dunsparce\n|\n|upkeep\n|turn|22\n|\n|t:|1725912436\n|move|p1a: Dunsparce|Body Slam|p2a: Tornadus\n|-damage|p2a: Tornadus|0 fnt\n|faint|p2a: Tornadus\n|\n|upkeep\n|\n|t:|1725912444\n|switch|p2a: Rhyperior|Rhyperior, L82, M|323/323\n|-damage|p2a: Rhyperior|303/323|[from] Stealth Rock\n|-damage|p2a: Rhyperior|250/323|[from] Spikes\n|turn|23\n|\n|t:|1725912455\n|move|p1a: Dunsparce|Coil|p1a: Dunsparce\n|-boost|p1a: Dunsparce|atk|1\n|-boost|p1a: Dunsparce|def|1\n|-boost|p1a: Dunsparce|accuracy|1\n|move|p2a: Rhyperior|Rock Polish|p2a: Rhyperior\n|-boost|p2a: Rhyperior|spe|2\n|\n|upkeep\n|turn|24\n|\n|t:|1725912462\n|move|p2a: Rhyperior|Stone Edge|p1a: Dunsparce\n|-damage|p1a: Dunsparce|110/312\n|move|p1a: Dunsparce|Coil|p1a: Dunsparce\n|-boost|p1a: Dunsparce|atk|1\n|-boost|p1a: Dunsparce|def|1\n|-boost|p1a: Dunsparce|accuracy|1\n|\n|upkeep\n|turn|25\n|\n|t:|1725912467\n|move|p2a: Rhyperior|Stone Edge|p1a: Dunsparce\n|-damage|p1a: Dunsparce|70/312\n|move|p1a: Dunsparce|Roost|p1a: Dunsparce\n|-heal|p1a: Dunsparce|226/312\n|-singleturn|p1a: Dunsparce|move: Roost\n|\n|upkeep\n|turn|26\n|\n|t:|1725912474\n|move|p2a: Rhyperior|Stone Edge|p1a: Dunsparce\n|-damage|p1a: Dunsparce|183/312\n|move|p1a: Dunsparce|Coil|p1a: Dunsparce\n|-boost|p1a: Dunsparce|atk|1\n|-boost|p1a: Dunsparce|def|1\n|-boost|p1a: Dunsparce|accuracy|1\n|\n|upkeep\n|turn|27\n|\n|t:|1725912477\n|move|p2a: Rhyperior|Stone Edge|p1a: Dunsparce\n|-damage|p1a: Dunsparce|146/312\n|move|p1a: Dunsparce|Roost|p1a: Dunsparce\n|-heal|p1a: Dunsparce|302/312\n|-singleturn|p1a: Dunsparce|move: Roost\n|\n|upkeep\n|turn|28\n|\n|t:|1725912483\n|move|p2a: Rhyperior|Stone Edge|p1a: Dunsparce|[miss]\n|-miss|p2a: Rhyperior|p1a: Dunsparce\n|move|p1a: Dunsparce|Body Slam|p2a: Rhyperior\n|-resisted|p2a: Rhyperior\n|-damage|p2a: Rhyperior|173/323\n|-status|p2a: Rhyperior|par\n|\n|upkeep\n|turn|29\n|\n|t:|1725912487\n|move|p1a: Dunsparce|Earthquake|p2a: Rhyperior\n|-supereffective|p2a: Rhyperior\n|-damage|p2a: Rhyperior|0 fnt\n|faint|p2a: Rhyperior\n|\n|upkeep\n|\n|t:|1725912490\n|switch|p2a: Alomomola|Alomomola, L87, M|429/429 brn\n|-damage|p2a: Alomomola|376/429 brn|[from] Stealth Rock\n|-damage|p2a: Alomomola|305/429 brn|[from] Spikes\n|turn|30\n|\n|t:|1725912496\n|move|p2a: Alomomola|Scald|p1a: Dunsparce\n|-damage|p1a: Dunsparce|265/312\n|move|p1a: Dunsparce|Body Slam|p2a: Alomomola\n|-damage|p2a: Alomomola|88/429 brn\n|\n|-heal|p2a: Alomomola|114/429 brn|[from] item: Leftovers\n|-damage|p2a: Alomomola|88/429 brn|[from] brn\n|upkeep\n|turn|31\n|\n|t:|1725912502\n|move|p2a: Alomomola|Scald|p1a: Dunsparce\n|-damage|p1a: Dunsparce|222/312\n|move|p1a: Dunsparce|Body Slam|p2a: Alomomola\n|-crit|p2a: Alomomola\n|-damage|p2a: Alomomola|0 fnt\n|faint|p2a: Alomomola\n|\n|upkeep\n|-message|mabiana forfeited.\n|\n|win|ScottsTotts\n|raw|ScottsTotts's rating: 2302 &rarr; <strong>2323</strong><br />(+21 for winning)\n|raw|mabiana's rating: 2315 &rarr; <strong>2294</strong><br />(-21 for losing)\n|l|\u2606mabiana\n|player|p2|\n", "inputlog": ">version a7fd1c1c07600285a1536454bc1aca0abecfa22c\n>start {\"formatid\":\"gen9randombattle\",\"seed\":[64756,56997,45502,8532],\"rated\":\"Rated battle\"}\n>player p1 {\"name\":\"ScottsTotts\",\"avatar\":\"266\",\"rating\":2302,\"seed\":[17497,27650,22666,29334]}\n>player p2 {\"name\":\"mabiana\",\"avatar\":\"170\",\"rating\":2315,\"seed\":[1718,21162,37713,50156]}\n>p1 switch 6\n>p2 move spikes\n>p1 move willowisp\n>p2 switch 6\n>p1 move stealthrock\n>p2 move scald\n>p1 switch 5\n>p2 move flipturn\n>p2 switch 4\n>p1 move earthquake\n>p2 move knockoff\n>p1 move spikes\n>p2 switch 6\n>p1 move taunt\n>p2 move roost\n>p1 move spikes\n>p2 move bodypress\n>p1 switch 5\n>p2 move bodypress\n>p1 move heatcrash\n>p2 switch 4\n>p1 move precipiceblades\n>p2 move wish\n>p1 move willowisp\n>p2 move scald\n>p1 switch 6\n>p2 move wish\n>p1 move knockoff\n>p2 switch 4\n>p1 switch 5\n>p2 move spikes\n>p1 switch 3\n>p1 move coil\n>p2 switch 5\n>p1 move bodyslam\n>p2 move bleakwindstorm\n>p1 move roost\n>p2 move focusblast\n>p1 move roost\n>p2 move nastyplot\n>p1 move bodyslam\n>p2 move focusblast\n>p1 move roost\n>p2 move bleakwindstorm\n>p1 move bodyslam\n>p2 move bleakwindstorm\n>p2 switch 3\n>p1 move coil\n>p2 move rockpolish\n>p1 move coil\n>p2 move stoneedge\n>p1 move roost\n>p2 move stoneedge\n>p1 move coil\n>p2 move stoneedge\n>p1 move roost\n>p2 move stoneedge\n>p1 move bodyslam\n>p2 move stoneedge\n>p1 move earthquake\n>p2 move stoneedge\n>p2 switch 4\n>p1 move bodyslam\n>p2 move scald\n>p1 move bodyslam\n>p2 move scald\n>forcelose p2", "uploadtime": 1725912525, "views": 112, "formatid": "gen9randombattle", "rating": 2294, "private": 0, "password": null}