{"id": "gen9randombattle-2260707466", "format": "[Gen 9] Random Battle", "players": ["Agua Mineral 87", "blakkboi"], "log": "|j|\u2606Agua Mineral 87\n|j|\u203dblakkboi\n|t:|1733881061\n|gametype|singles\n|player|p1|Agua Mineral 87|102|1586\n|player|p2|blakkboi|red|1633\n|teamsize|p1|6\n|teamsize|p2|6\n|gen|9\n|tier|[Gen 9] Random Battle\n|rated|\n|rule|Species Clause: Limit one of each Pok\u00e9mon\n|rule|HP Percentage Mod: HP is shown in percentages\n|rule|Sleep Clause Mod: Limit one foe put to sleep\n|rule|Illusion Level Mod: Illusion disguises the Pok\u00e9mon's true level\n|\n|t:|1733881061\n|start\n|switch|p1a: Arbok|Arbok, L87, M|246/246\n|switch|p2a: Beartic|Beartic, L91, F|321/321\n|-ability|p1a: Arbok|Intimidate|boost\n|-unboost|p2a: Beartic|atk|1\n|turn|1\n|inactive|Battle timer is ON: inactive players will automatically lose when time's up. (requested by Agua Mineral 87)\n|\n|t:|1733881081\n|switch|p2a: Swalot|Swalot, L90, F|326/326\n|move|p1a: Arbok|Coil|p1a: Arbok\n|-boost|p1a: Arbok|atk|1\n|-boost|p1a: Arbok|def|1\n|-boost|p1a: Arbok|accuracy|1\n|\n|upkeep\n|turn|2\n|\n|t:|1733881097\n|move|p1a: Arbok|Trailblaze|p2a: Swalot\n|-resisted|p2a: Swalot\n|-damage|p2a: Swalot|301/326\n|-boost|p1a: Arbok|spe|1\n|move|p2a: Swalot|Earthquake|p1a: Arbok\n|-supereffective|p1a: Arbok\n|-damage|p1a: Arbok|146/246\n|\n|-heal|p1a: Arbok|161/246|[from] item: Leftovers\n|-heal|p2a: Swalot|321/326|[from] item: Leftovers\n|upkeep\n|turn|3\n|\n|t:|1733881112\n|move|p1a: Arbok|Coil|p1a: Arbok\n|-boost|p1a: Arbok|atk|1\n|-boost|p1a: Arbok|def|1\n|-boost|p1a: Arbok|accuracy|1\n|move|p2a: Swalot|Earthquake|p1a: Arbok\n|-supereffective|p1a: Arbok\n|-damage|p1a: Arbok|79/246\n|\n|-heal|p1a: Arbok|94/246|[from] item: Leftovers\n|-heal|p2a: Swalot|326/326|[from] item: Leftovers\n|upkeep\n|turn|4\n|\n|t:|1733881121\n|move|p1a: Arbok|Earthquake|p2a: Swalot\n|-supereffective|p2a: Swalot\n|-damage|p2a: Swalot|28/326\n|move|p2a: Swalot|Earthquake|p1a: Arbok\n|-supereffective|p1a: Arbok\n|-damage|p1a: Arbok|14/246\n|\n|-heal|p1a: Arbok|29/246|[from] item: Leftovers\n|-heal|p2a: Swalot|48/326|[from] item: Leftovers\n|upkeep\n|turn|5\n|\n|t:|1733881131\n|move|p1a: Arbok|Earthquake|p2a: Swalot\n|-supereffective|p2a: Swalot\n|-damage|p2a: Swalot|0 fnt\n|faint|p2a: Swalot\n|\n|-heal|p1a: Arbok|44/246|[from] item: Leftovers\n|upkeep\n|\n|t:|1733881133\n|switch|p2a: Scizor|Scizor, L79, F|240/240\n|turn|6\n|\n|t:|1733881140\n|move|p2a: Scizor|Bullet Punch|p1a: Arbok\n|-damage|p1a: Arbok|0 fnt\n|faint|p1a: Arbok\n|\n|upkeep\n|\n|t:|1733881148\n|switch|p1a: Incineroar|Incineroar, L82, M|290/290\n|-ability|p1a: Incineroar|Intimidate|boost\n|-unboost|p2a: Scizor|atk|1\n|turn|7\n|\n|t:|1733881160\n|switch|p2a: Alomomola|Alomomola, L87, F|429/429\n|move|p1a: Incineroar|Flare Blitz|p2a: Alomomola\n|-resisted|p2a: Alomomola\n|-damage|p2a: Alomomola|361/429\n|-status|p2a: Alomomola|brn\n|-damage|p1a: Incineroar|268/290|[from] Recoil\n|\n|-damage|p2a: Alomomola|335/429 brn|[from] brn\n|upkeep\n|turn|8\n|\n|t:|1733881182\n|-terastallize|p1a: Incineroar|Grass\n|move|p2a: Alomomola|Flip Turn|p1a: Incineroar\n|-resisted|p1a: Incineroar\n|-damage|p1a: Incineroar|255/290\n|\n|t:|1733881187\n|switch|p2a: Cyclizar|Cyclizar, L83, M|252/252|[from] Flip Turn\n|move|p1a: Incineroar|Trailblaze|p2a: Cyclizar\n|-resisted|p2a: Cyclizar\n|-damage|p2a: Cyclizar|211/252\n|-boost|p1a: Incineroar|spe|1\n|\n|upkeep\n|turn|9\n|inactive|Agua Mineral 87 has 120 seconds left.\n|\n|t:|1733881213\n|move|p2a: Cyclizar|Shed Tail|p2a: Cyclizar\n|-start|p2a: Cyclizar|Substitute|[from] move: Shed Tail\n|-damage|p2a: Cyclizar|85/252\n|\n|t:|1733881219\n|switch|p2a: Alomomola|Alomomola, L87, F|429/429 brn|[from] Shed Tail\n|move|p1a: Incineroar|Knock Off|p2a: Alomomola\n|-end|p2a: Alomomola|Substitute\n|\n|-damage|p2a: Alomomola|403/429 brn|[from] brn\n|upkeep\n|turn|10\n|\n|t:|1733881227\n|move|p1a: Incineroar|Knock Off|p2a: Alomomola\n|-damage|p2a: Alomomola|286/429 brn\n|-enditem|p2a: Alomomola|Heavy-Duty Boots|[from] move: Knock Off|[of] p1a: Incineroar\n|move|p2a: Alomomola|Scald|p1a: Incineroar\n|-resisted|p1a: Incineroar\n|-damage|p1a: Incineroar|230/290\n|\n|-damage|p2a: Alomomola|260/429 brn|[from] brn\n|upkeep\n|turn|11\n|\n|t:|1733881239\n|move|p1a: Incineroar|Swords Dance|p1a: Incineroar\n|-boost|p1a: Incineroar|atk|2\n|move|p2a: Alomomola|Scald|p1a: Incineroar\n|-resisted|p1a: Incineroar\n|-damage|p1a: Incineroar|207/290\n|\n|-damage|p2a: Alomomola|234/429 brn|[from] brn\n|upkeep\n|turn|12\n|\n|t:|1733881246\n|move|p1a: Incineroar|Trailblaze|p2a: Alomomola\n|-supereffective|p2a: Alomomola\n|-damage|p2a: Alomomola|0 fnt\n|-boost|p1a: Incineroar|spe|1\n|faint|p2a: Alomomola\n|\n|upkeep\n|inactive|blakkboi has 120 seconds left.\n|\n|t:|1733881286\n|switch|p2a: Scizor|Scizor, L79, F|240/240\n|turn|13\n|\n|t:|1733881289\n|-terastallize|p2a: Scizor|Dragon\n|move|p1a: Incineroar|Flare Blitz|p2a: Scizor\n|-resisted|p2a: Scizor\n|-damage|p2a: Scizor|99/240\n|-damage|p1a: Incineroar|160/290|[from] Recoil\n|move|p2a: Scizor|U-turn|p1a: Incineroar\n|-supereffective|p1a: Incineroar\n|-damage|p1a: Incineroar|0 fnt\n|faint|p1a: Incineroar\n|\n|t:|1733881294\n|switch|p2a: Cyclizar|Cyclizar, L83, M|169/252|[from] U-turn\n|\n|upkeep\n|\n|t:|1733881320\n|switch|p1a: Umbreon|Umbreon, L84, F|297/297\n|turn|14\n|\n|t:|1733881326\n|move|p2a: Cyclizar|Shed Tail|p2a: Cyclizar\n|-start|p2a: Cyclizar|Substitute|[from] move: Shed Tail\n|-damage|p2a: Cyclizar|43/252\n|\n|t:|1733881332\n|switch|p2a: Beartic|Beartic, L91, F|321/321|[from] Shed Tail\n|move|p1a: Umbreon|Foul Play|p2a: Beartic\n|-end|p2a: Beartic|Substitute\n|\n|upkeep\n|turn|15\n|\n|t:|1733881338\n|move|p1a: Umbreon|Toxic|p2a: Beartic\n|-status|p2a: Beartic|tox\n|move|p2a: Beartic|Snowscape|p2a: Beartic\n|-weather|Snow\n|\n|-weather|Snow|[upkeep]\n|-damage|p2a: Beartic|301/321 tox|[from] psn\n|upkeep\n|turn|16\n|\n|t:|1733881344\n|move|p2a: Beartic|Swords Dance|p2a: Beartic\n|-boost|p2a: Beartic|atk|2\n|move|p1a: Umbreon|Foul Play|p2a: Beartic\n|-damage|p2a: Beartic|117/321 tox\n|\n|-weather|Snow|[upkeep]\n|-damage|p2a: Beartic|77/321 tox|[from] psn\n|upkeep\n|turn|17\n|\n|t:|1733881353\n|move|p2a: Beartic|Close Combat|p1a: Umbreon\n|-supereffective|p1a: Umbreon\n|-crit|p1a: Umbreon\n|-damage|p1a: Umbreon|0 fnt\n|-unboost|p2a: Beartic|def|1\n|-unboost|p2a: Beartic|spd|1\n|faint|p1a: Umbreon\n|\n|-weather|Snow|[upkeep]\n|-damage|p2a: Beartic|17/321 tox|[from] psn\n|upkeep\n|\n|t:|1733881362\n|switch|p1a: Dusknoir|Dusknoir, L89, F|225/225\n|-item|p2a: Beartic|Heavy-Duty Boots|[from] ability: Frisk|[of] p1a: Dusknoir\n|turn|18\n|\n|t:|1733881370\n|switch|p2a: Cyclizar|Cyclizar, L83, M|127/252\n|move|p1a: Dusknoir|Shadow Sneak|p2a: Cyclizar\n|-immune|p2a: Cyclizar\n|\n|-weather|Snow|[upkeep]\n|upkeep\n|turn|19\n|\n|t:|1733881377\n|move|p2a: Cyclizar|Shed Tail|p2a: Cyclizar\n|-start|p2a: Cyclizar|Substitute|[from] move: Shed Tail\n|-damage|p2a: Cyclizar|1/252\n|\n|t:|1733881380\n|switch|p2a: Revavroom|Revavroom, L79, F|256/256|[from] Shed Tail\n|move|p1a: Dusknoir|Leech Life|p2a: Revavroom\n|-resisted|p2a: Revavroom\n|-activate|p2a: Revavroom|move: Substitute|[damage]\n|-damage|p1a: Dusknoir|203/225|[from] item: Life Orb\n|\n|-weather|none\n|upkeep\n|turn|20\n|\n|t:|1733881388\n|move|p2a: Revavroom|Shift Gear|p2a: Revavroom\n|-boost|p2a: Revavroom|spe|2\n|-boost|p2a: Revavroom|atk|1\n|move|p1a: Dusknoir|Poltergeist|p2a: Revavroom\n|-activate|p2a: Revavroom|move: Poltergeist|Life Orb\n|-end|p2a: Revavroom|Substitute\n|-damage|p1a: Dusknoir|181/225|[from] item: Life Orb\n|\n|upkeep\n|turn|21\n|\n|t:|1733881407\n|move|p2a: Revavroom|Iron Head|p1a: Dusknoir\n|-damage|p1a: Dusknoir|64/225\n|-damage|p2a: Revavroom|231/256|[from] item: Life Orb\n|cant|p1a: Dusknoir|flinch\n|\n|upkeep\n|turn|22\n|\n|t:|1733881412\n|move|p1a: Dusknoir|Shadow Sneak|p2a: Revavroom\n|-damage|p2a: Revavroom|165/256\n|-damage|p1a: Dusknoir|42/225|[from] item: Life Orb\n|move|p2a: Revavroom|Iron Head|p1a: Dusknoir\n|-crit|p1a: Dusknoir\n|-damage|p1a: Dusknoir|0 fnt\n|faint|p1a: Dusknoir\n|-damage|p2a: Revavroom|140/256|[from] item: Life Orb\n|\n|upkeep\n|\n|t:|1733881426\n|switch|p1a: Gengar|Gengar, L81, F|230/230\n|turn|23\n|\n|t:|1733881433\n|move|p2a: Revavroom|High Horsepower|p1a: Gengar\n|-supereffective|p1a: Gengar\n|-damage|p1a: Gengar|0 fnt\n|faint|p1a: Gengar\n|-damage|p2a: Revavroom|115/256|[from] item: Life Orb\n|\n|upkeep\n|\n|t:|1733881438\n|switch|p1a: Feraligatr|Feraligatr, L79, F|264/264\n|turn|24\n|\n|t:|1733881454\n|move|p2a: Revavroom|Gunk Shot|p1a: Feraligatr\n|-damage|p1a: Feraligatr|14/264\n|-damage|p2a: Revavroom|90/256|[from] item: Life Orb\n|move|p1a: Feraligatr|Liquidation|p2a: Revavroom\n|-damage|p2a: Revavroom|0 fnt\n|faint|p2a: Revavroom\n|\n|upkeep\n|\n|t:|1733881457\n|switch|p2a: Scizor|Scizor, L79, F, tera:Dragon|99/240\n|turn|25\n|\n|t:|1733881464\n|move|p2a: Scizor|Bullet Punch|p1a: Feraligatr\n|-resisted|p1a: Feraligatr\n|-damage|p1a: Feraligatr|0 fnt\n|faint|p1a: Feraligatr\n|\n|win|blakkboi\n|raw|Agua Mineral 87's rating: 1586 &rarr; <strong>1569</strong><br />(-17 for losing)\n|raw|blakkboi's rating: 1633 &rarr; <strong>1650</strong><br />(+17 for winning)\n", "inputlog": ">version bfd83cad13791eb5a5a409923076391caf6fb4d4\n>start {\"formatid\":\"gen9randombattle\",\"seed\":[44514,2793,64708,21310],\"rated\":\"Rated battle\"}\n>player p1 {\"name\":\"Agua Mineral 87\",\"avatar\":\"102\",\"rating\":1586,\"seed\":[48426,11152,32862,18233]}\n>player p2 {\"name\":\"blakkboi\",\"avatar\":\"red\",\"rating\":1633,\"seed\":[17409,60658,1212,27879]}\n>p1 move coil\n>p2 switch 4\n>p1 move trailblaze\n>p2 move earthquake\n>p1 move coil\n>p2 move earthquake\n>p1 move earthquake\n>p2 move earthquake\n>p1 move earthquake\n>p2 move earthquake\n>p2 switch 5\n>p1 move earthquake\n>p2 move bulletpunch\n>p1 switch 2\n>p1 move flareblitz\n>p2 switch 2\n>p1 move trailblaze terastallize\n>p2 move flipturn\n>p2 switch 3\n>p1 move knockoff\n>p2 move shedtail\n>p2 switch 3\n>p1 move knockoff\n>p2 move scald\n>p1 move swordsdance\n>p2 move scald\n>p1 move trailblaze\n>p2 move scald\n>p2 switch 2\n>p1 move flareblitz\n>p2 move uturn terastallize\n>p2 switch 3\n>p1 switch 5\n>p1 move foulplay\n>p2 move shedtail\n>p2 switch 4\n>p1 move toxic\n>p2 move snowscape\n>p1 move foulplay\n>p2 move swordsdance\n>p1 move wish\n>p2 move closecombat\n>p1 switch 4\n>p1 move shadowsneak\n>p2 switch 4\n>p1 move leechlife\n>p2 move shedtail\n>p2 switch 6\n>p1 move poltergeist\n>p2 move shiftgear\n>p1 move poltergeist\n>p2 move ironhead\n>p1 move shadowsneak\n>p2 move ironhead\n>p1 switch 3\n>p1 move focusblast\n>p2 move highhorsepower\n>p1 switch 6\n>p1 move liquidation\n>p2 move gunkshot\n>p2 switch 3\n>p1 move icepunch\n>p2 move bulletpunch", "uploadtime": 1733881468, "views": 1, "formatid": "gen9randombattle", "rating": 1569, "private": 0, "password": null}