{"id": "gen9randombattle-2259926122", "format": "[Gen 9] Random Battle", "players": ["ElatedElectrode", "skeet314"], "log": "|j|\u2606ElatedElectrode\n|j|\u203dskeet314\n|t:|1733780698\n|gametype|singles\n|player|p1|ElatedElectrode|101|1507\n|player|p2|skeet314|boarder|1501\n|teamsize|p1|6\n|teamsize|p2|6\n|gen|9\n|tier|[Gen 9] Random Battle\n|rated|\n|rule|Species Clause: Limit one of each Pok\u00e9mon\n|rule|HP Percentage Mod: HP is shown in percentages\n|rule|Sleep Clause Mod: Limit one foe put to sleep\n|rule|Illusion Level Mod: Illusion disguises the Pok\u00e9mon's true level\n|\n|t:|1733780698\n|start\n|switch|p1a: Haxorus|Haxorus, L77, M|244/244\n|switch|p2a: Phione|Phione, L91|293/293\n|-ability|p1a: Haxorus|Mold Breaker\n|turn|1\n|inactive|Battle timer is ON: inactive players will automatically lose when time's up. (requested by ElatedElectrode)\n|\n|t:|1733780715\n|switch|p1a: Hariyama|Hariyama, L87, F|392/392\n|move|p2a: Phione|Take Heart|p2a: Phione\n|-boost|p2a: Phione|spa|1\n|-boost|p2a: Phione|spd|1\n|\n|-status|p1a: Hariyama|brn|[from] item: Flame Orb\n|upkeep\n|turn|2\n|\n|t:|1733780728\n|move|p1a: Hariyama|Fake Out|p2a: Phione\n|-damage|p2a: Phione|241/293\n|cant|p2a: Phione|flinch\n|\n|-heal|p2a: Phione|259/293|[from] item: Leftovers\n|-damage|p1a: Hariyama|368/392 brn|[from] brn\n|upkeep\n|turn|3\n|\n|t:|1733780741\n|move|p2a: Phione|Scald|p1a: Hariyama\n|-damage|p1a: Hariyama|214/392 brn\n|move|p1a: Hariyama|Close Combat|p2a: Phione\n|-damage|p2a: Phione|12/293\n|-unboost|p1a: Hariyama|def|1\n|-unboost|p1a: Hariyama|spd|1\n|\n|-heal|p2a: Phione|30/293|[from] item: Leftovers\n|-damage|p1a: Hariyama|190/392 brn|[from] brn\n|upkeep\n|turn|4\n|\n|t:|1733780770\n|move|p2a: Phione|Ice Beam|p1a: Hariyama\n|-damage|p1a: Hariyama|3/392 brn\n|move|p1a: Hariyama|Knock Off|p2a: Phione\n|-damage|p2a: Phione|0 fnt\n|-enditem|p2a: Phione|Leftovers|[from] move: Knock Off|[of] p1a: Hariyama\n|faint|p2a: Phione\n|\n|-damage|p1a: Hariyama|0 fnt|[from] brn\n|faint|p1a: Hariyama\n|upkeep\n|\n|t:|1733780784\n|switch|p2a: Chansey|Chansey, L85, F|564/564\n|switch|p1a: Kleavor|Kleavor, L78, F|237/237\n|turn|5\n|\n|t:|1733780791\n|move|p1a: Kleavor|Stone Axe|p2a: Chansey\n|-damage|p2a: Chansey|318/564\n|-sidestart|p2: skeet314|move: Stealth Rock\n|move|p2a: Chansey|Thunder Wave|p1a: Kleavor\n|-status|p1a: Kleavor|par\n|\n|upkeep\n|turn|6\n|\n|t:|1733780816\n|move|p2a: Chansey|Seismic Toss|p1a: Kleavor\n|-damage|p1a: Kleavor|152/237 par\n|move|p1a: Kleavor|Close Combat|p2a: Chansey\n|-supereffective|p2a: Chansey\n|-damage|p2a: Chansey|0 fnt\n|-unboost|p1a: Kleavor|def|1\n|-unboost|p1a: Kleavor|spd|1\n|faint|p2a: Chansey\n|\n|upkeep\n|inactive|skeet314 has 120 seconds left.\n|\n|t:|1733780827\n|switch|p2a: Noctowl|Noctowl, L95, F|344/344\n|turn|7\n|inactive|skeet314 has 120 seconds left.\n|\n|t:|1733780837\n|move|p2a: Noctowl|Hyper Voice|p1a: Kleavor\n|-resisted|p1a: Kleavor\n|-damage|p1a: Kleavor|0 fnt\n|faint|p1a: Kleavor\n|\n|upkeep\n|\n|t:|1733780843\n|switch|p1a: Iron Thorns|Iron Thorns, L83|302/302\n|turn|8\n|\n|t:|1733780853\n|switch|p2a: Quagsire|Quagsire, L84, F|297/297\n|-damage|p2a: Quagsire|279/297|[from] Stealth Rock\n|move|p1a: Iron Thorns|Wild Charge|p2a: Quagsire\n|-immune|p2a: Quagsire\n|\n|-heal|p2a: Quagsire|297/297|[from] item: Leftovers\n|upkeep\n|turn|9\n|\n|t:|1733780860\n|-end|p1a: Iron Thorns|Quark Drive|[silent]\n|switch|p1a: Venusaur|Venusaur, L84, M|272/272\n|move|p2a: Quagsire|Toxic|p1a: Venusaur\n|-immune|p1a: Venusaur\n|\n|upkeep\n|turn|10\n|\n|t:|1733780879\n|switch|p2a: Noctowl|Noctowl, L95, F|344/344\n|move|p1a: Venusaur|Sludge Bomb|p2a: Noctowl\n|-damage|p2a: Noctowl|257/344\n|\n|upkeep\n|turn|11\n|\n|t:|1733780888\n|move|p2a: Noctowl|Calm Mind|p2a: Noctowl\n|-boost|p2a: Noctowl|spa|1\n|-boost|p2a: Noctowl|spd|1\n|move|p1a: Venusaur|Sludge Bomb|p2a: Noctowl\n|-damage|p2a: Noctowl|202/344\n|-status|p2a: Noctowl|psn\n|\n|-damage|p2a: Noctowl|159/344 psn|[from] psn\n|upkeep\n|turn|12\n|\n|t:|1733780897\n|switch|p1a: Iron Thorns|Iron Thorns, L83|302/302\n|move|p2a: Noctowl|Hurricane|p1a: Iron Thorns|[miss]\n|-miss|p2a: Noctowl|p1a: Iron Thorns\n|\n|-damage|p2a: Noctowl|116/344 psn|[from] psn\n|upkeep\n|turn|13\n|\n|t:|1733780906\n|switch|p2a: Quagsire|Quagsire, L84, F|297/297\n|-damage|p2a: Quagsire|279/297|[from] Stealth Rock\n|move|p1a: Iron Thorns|Ice Punch|p2a: Quagsire\n|-damage|p2a: Quagsire|207/297\n|\n|-heal|p2a: Quagsire|225/297|[from] item: Leftovers\n|upkeep\n|turn|14\n|\n|t:|1733780919\n|-end|p1a: Iron Thorns|Quark Drive|[silent]\n|switch|p1a: Venusaur|Venusaur, L84, M|272/272\n|move|p2a: Quagsire|Earthquake|p1a: Venusaur\n|-damage|p1a: Venusaur|172/272\n|\n|-heal|p1a: Venusaur|189/272|[from] item: Leftovers\n|-heal|p2a: Quagsire|243/297|[from] item: Leftovers\n|upkeep\n|turn|15\n|\n|t:|1733780929\n|move|p1a: Venusaur|Energy Ball|p2a: Quagsire\n|-supereffective|p2a: Quagsire\n|-damage|p2a: Quagsire|0 fnt\n|faint|p2a: Quagsire\n|\n|-heal|p1a: Venusaur|206/272|[from] item: Leftovers\n|upkeep\n|\n|t:|1733780936\n|switch|p2a: Noctowl|Noctowl, L95, F|116/344 psn\n|turn|16\n|\n|t:|1733780940\n|switch|p1a: Iron Thorns|Iron Thorns, L83|302/302\n|move|p2a: Noctowl|Hurricane|p1a: Iron Thorns\n|-resisted|p1a: Iron Thorns\n|-damage|p1a: Iron Thorns|228/302\n|\n|-damage|p2a: Noctowl|73/344 psn|[from] psn\n|upkeep\n|turn|17\n|\n|t:|1733780962\n|move|p1a: Iron Thorns|Wild Charge|p2a: Noctowl\n|-supereffective|p2a: Noctowl\n|-damage|p2a: Noctowl|0 fnt\n|faint|p2a: Noctowl\n|-damage|p1a: Iron Thorns|210/302|[from] Recoil\n|\n|upkeep\n|\n|t:|1733780974\n|switch|p2a: Zekrom|Zekrom, L71|259/259\n|-damage|p2a: Zekrom|227/259|[from] Stealth Rock\n|-ability|p2a: Zekrom|Teravolt\n|turn|18\n|inactive|skeet314 has 120 seconds left.\n|\n|t:|1733780995\n|-end|p1a: Iron Thorns|Quark Drive|[silent]\n|switch|p1a: Krookodile|Krookodile, L80, M|283/283\n|-ability|p1a: Krookodile|Intimidate|boost\n|-unboost|p2a: Zekrom|atk|1\n|move|p2a: Zekrom|Dragon Dance|p2a: Zekrom\n|-boost|p2a: Zekrom|atk|1\n|-boost|p2a: Zekrom|spe|1\n|\n|-heal|p2a: Zekrom|243/259|[from] item: Leftovers\n|upkeep\n|turn|19\n|inactive|skeet314 has 120 seconds left.\n|\n|t:|1733781028\n|move|p2a: Zekrom|Outrage|p1a: Krookodile\n|-damage|p1a: Krookodile|126/283\n|move|p1a: Krookodile|Earthquake|p2a: Zekrom\n|-supereffective|p2a: Zekrom\n|-damage|p2a: Zekrom|0 fnt\n|faint|p2a: Zekrom\n|-damage|p1a: Krookodile|98/283|[from] item: Life Orb\n|\n|upkeep\n|\n|t:|1733781032\n|switch|p2a: Arceus|Arceus-Fire, L72|291/291\n|-damage|p2a: Arceus|219/291|[from] Stealth Rock\n|turn|20\n|\n|t:|1733781049\n|-terastallize|p2a: Arceus|Ground\n|move|p2a: Arceus|Swords Dance|p2a: Arceus\n|-boost|p2a: Arceus|atk|2\n|move|p1a: Krookodile|Earthquake|p2a: Arceus\n|-damage|p2a: Arceus|86/291\n|-damage|p1a: Krookodile|70/283|[from] item: Life Orb\n|\n|upkeep\n|turn|21\n|\n|t:|1733781064\n|move|p2a: Arceus|Earthquake|p1a: Krookodile\n|-damage|p1a: Krookodile|0 fnt\n|faint|p1a: Krookodile\n|\n|upkeep\n|\n|t:|1733781073\n|switch|p1a: Haxorus|Haxorus, L77, M|244/244\n|-ability|p1a: Haxorus|Mold Breaker\n|turn|22\n|\n|t:|1733781082\n|-terastallize|p1a: Haxorus|Steel\n|move|p2a: Arceus|Recover|p2a: Arceus\n|-heal|p2a: Arceus|232/291\n|move|p1a: Haxorus|Iron Head|p2a: Arceus\n|-damage|p2a: Arceus|141/291\n|\n|upkeep\n|turn|23\n|inactive|skeet314 has 120 seconds left.\n|\n|t:|1733781093\n|move|p2a: Arceus|Recover|p2a: Arceus\n|-heal|p2a: Arceus|287/291\n|move|p1a: Haxorus|Scale Shot|p2a: Arceus\n|-damage|p2a: Arceus|257/291\n|-damage|p2a: Arceus|226/291\n|-damage|p2a: Arceus|196/291\n|-damage|p2a: Arceus|166/291\n|-hitcount|p2a: Arceus|4\n|-unboost|p1a: Haxorus|def|1\n|-boost|p1a: Haxorus|spe|1\n|\n|upkeep\n|turn|24\n|inactive|skeet314 has 120 seconds left.\n|\n|t:|1733781105\n|move|p1a: Haxorus|Iron Head|p2a: Arceus\n|-damage|p2a: Arceus|81/291\n|move|p2a: Arceus|Earthquake|p1a: Haxorus\n|-supereffective|p1a: Haxorus\n|-damage|p1a: Haxorus|0 fnt\n|faint|p1a: Haxorus\n|\n|upkeep\n|\n|t:|1733781113\n|switch|p1a: Iron Thorns|Iron Thorns, L83|210/302\n|turn|25\n|\n|t:|1733781120\n|move|p1a: Iron Thorns|Ice Punch|p2a: Arceus\n|-supereffective|p2a: Arceus\n|-damage|p2a: Arceus|0 fnt\n|faint|p2a: Arceus\n|\n|win|ElatedElectrode\n|raw|ElatedElectrode's rating: 1507 &rarr; <strong>1527</strong><br />(+20 for winning)\n|raw|skeet314's rating: 1501 &rarr; <strong>1481</strong><br />(-20 for losing)\n|c|\u2606ElatedElectrode|You tried\n|l|\u203dskeet314\n|player|p2|\n", "inputlog": ">version bfd83cad13791eb5a5a409923076391caf6fb4d4\n>start {\"formatid\":\"gen9randombattle\",\"seed\":[14071,9304,59826,45769],\"rated\":\"Rated battle\"}\n>player p1 {\"name\":\"ElatedElectrode\",\"avatar\":\"101\",\"rating\":1507,\"seed\":[9096,9268,11473,15086]}\n>player p2 {\"name\":\"skeet314\",\"avatar\":\"boarder\",\"rating\":1501,\"seed\":[9442,22262,22880,28788]}\n>p1 switch 6\n>p2 move takeheart\n>p1 move fakeout\n>p2 move scald\n>p1 move closecombat\n>p2 move scald\n>p1 move knockoff\n>p2 move icebeam\n>p1 switch 2\n>p2 switch 4\n>p1 move stoneaxe\n>p2 move thunderwave\n>p1 move closecombat\n>p2 move seismictoss\n>p2 switch 6\n>p1 move stoneaxe\n>p2 move hypervoice\n>p1 switch 4\n>p1 move wildcharge\n>p2 switch 3\n>p1 switch 5\n>p2 move toxic\n>p1 move sludgebomb\n>p2 switch 3\n>p1 move sludgebomb\n>p2 move calmmind\n>p1 switch 5\n>p2 move hurricane\n>p1 move icepunch\n>p2 switch 3\n>p1 switch 5\n>p2 move earthquake\n>p1 move energyball\n>p2 move earthquake\n>p2 switch 3\n>p1 switch 5\n>p2 move hurricane\n>p1 move wildcharge\n>p2 move hypervoice\n>p2 switch 2\n>p1 switch 3\n>p2 move dragondance\n>p1 move earthquake\n>p2 move outrage\n>p2 switch 5\n>p1 move earthquake\n>p2 move swordsdance terastallize\n>p1 move earthquake\n>p2 move earthquake\n>p1 switch 6\n>p1 move ironhead terastallize\n>p2 move recover\n>p1 move scaleshot\n>p2 move recover\n>p1 move ironhead\n>p2 move earthquake\n>p1 switch 3\n>p1 move icepunch\n>p2 move recover", "uploadtime": 1733781129, "views": 2, "formatid": "gen9randombattle", "rating": 1481, "private": 0, "password": null}