{"id": "gen9randombattle-2260283014", "format": "[Gen 9] Random Battle", "players": ["Shery4231", "Deathshot223"], "log": "|j|\u2606Shery4231\n|j|\u2606Deathshot223\n|t:|1733834816\n|gametype|singles\n|player|p1|Shery4231|102|1056\n|player|p2|Deathshot223|170|1040\n|teamsize|p1|6\n|teamsize|p2|6\n|gen|9\n|tier|[Gen 9] Random Battle\n|rated|\n|rule|Species Clause: Limit one of each Pok\u00e9mon\n|rule|HP Percentage Mod: HP is shown in percentages\n|rule|Sleep Clause Mod: Limit one foe put to sleep\n|rule|Illusion Level Mod: Illusion disguises the Pok\u00e9mon's true level\n|\n|t:|1733834816\n|start\n|switch|p1a: Vaporeon|Vaporeon, L86, F|364/364\n|switch|p2a: Heatran|Heatran, L79, F|273/273\n|-item|p2a: Heatran|Air Balloon\n|turn|1\n|\n|t:|1733834841\n|switch|p2a: Weavile|Weavile, L79, M|240/240\n|move|p1a: Vaporeon|Scald|p2a: Weavile\n|-damage|p2a: Weavile|129/240\n|\n|upkeep\n|turn|2\n|\n|t:|1733834858\n|move|p1a: Vaporeon|Protect|p1a: Vaporeon\n|-singleturn|p1a: Vaporeon|Protect\n|move|p2a: Weavile|Knock Off|p1a: Vaporeon\n|-activate|p1a: Vaporeon|move: Protect\n|\n|upkeep\n|turn|3\n|\n|t:|1733834881\n|switch|p1a: Emboar|Emboar, L84, F|322/322\n|move|p2a: Weavile|Knock Off|p1a: Emboar\n|-resisted|p1a: Emboar\n|-damage|p1a: Emboar|250/322\n|-enditem|p1a: Emboar|Choice Band|[from] move: Knock Off|[of] p2a: Weavile\n|\n|upkeep\n|turn|4\n|\n|t:|1733834901\n|switch|p2a: Cinderace|Cinderace, L77, F|249/249\n|move|p1a: Emboar|Flare Blitz|p2a: Cinderace\n|-resisted|p2a: Cinderace\n|-damage|p2a: Cinderace|138/249\n|-damage|p1a: Emboar|213/322|[from] Recoil\n|\n|upkeep\n|turn|5\n|\n|t:|1733834916\n|switch|p1a: Vaporeon|Vaporeon, L86, F|364/364\n|move|p2a: Cinderace|High Jump Kick|p1a: Vaporeon|[miss]\n|-start|p2a: Cinderace|typechange|Fighting|[from] ability: Libero\n|-miss|p2a: Cinderace|p1a: Vaporeon\n|-damage|p2a: Cinderace|14/249|[from] highjumpkick\n|\n|upkeep\n|turn|6\n|\n|t:|1733834933\n|move|p2a: Cinderace|High Jump Kick|p1a: Vaporeon\n|-damage|p1a: Vaporeon|117/364\n|move|p1a: Vaporeon|Wish|p1a: Vaporeon\n|\n|-heal|p1a: Vaporeon|139/364|[from] item: Leftovers\n|upkeep\n|turn|7\n|\n|t:|1733834940\n|move|p1a: Vaporeon|Protect|p1a: Vaporeon\n|-singleturn|p1a: Vaporeon|Protect\n|move|p2a: Cinderace|High Jump Kick|p1a: Vaporeon\n|-activate|p1a: Vaporeon|move: Protect\n|-damage|p2a: Cinderace|0 fnt|[from] highjumpkick\n|faint|p2a: Cinderace\n|\n|-heal|p1a: Vaporeon|321/364|[from] move: Wish|[wisher] Vaporeon\n|-heal|p1a: Vaporeon|343/364|[from] item: Leftovers\n|upkeep\n|\n|t:|1733834957\n|switch|p2a: Dusknoir|Dusknoir, L89, F|225/225\n|-item|p1a: Vaporeon|Leftovers|[from] ability: Frisk|[of] p2a: Dusknoir\n|turn|8\n|\n|t:|1733834974\n|switch|p1a: Maushold|Maushold, L76|238/238\n|move|p2a: Dusknoir|Poltergeist|p1a: Maushold\n|-immune|p1a: Maushold\n|\n|upkeep\n|turn|9\n|\n|t:|1733834983\n|-singleturn|p2a: Dusknoir|move: Focus Punch\n|move|p1a: Maushold|Bite|p2a: Dusknoir\n|-supereffective|p2a: Dusknoir\n|-damage|p2a: Dusknoir|169/225\n|cant|p2a: Dusknoir|Focus Punch|Focus Punch\n|\n|-heal|p2a: Dusknoir|183/225|[from] item: Leftovers\n|upkeep\n|turn|10\n|\n|t:|1733834992\n|-singleturn|p2a: Dusknoir|move: Focus Punch\n|move|p1a: Maushold|Bite|p2a: Dusknoir\n|-supereffective|p2a: Dusknoir\n|-damage|p2a: Dusknoir|125/225\n|cant|p2a: Dusknoir|Focus Punch|Focus Punch\n|\n|-heal|p2a: Dusknoir|139/225|[from] item: Leftovers\n|upkeep\n|turn|11\n|\n|t:|1733835001\n|-singleturn|p2a: Dusknoir|move: Focus Punch\n|move|p1a: Maushold|Bite|p2a: Dusknoir\n|-supereffective|p2a: Dusknoir\n|-damage|p2a: Dusknoir|81/225\n|cant|p2a: Dusknoir|Focus Punch|Focus Punch\n|\n|-heal|p2a: Dusknoir|95/225|[from] item: Leftovers\n|upkeep\n|turn|12\n|\n|t:|1733835010\n|-singleturn|p2a: Dusknoir|move: Focus Punch\n|move|p1a: Maushold|Bite|p2a: Dusknoir\n|-supereffective|p2a: Dusknoir\n|-crit|p2a: Dusknoir\n|-damage|p2a: Dusknoir|5/225\n|cant|p2a: Dusknoir|Focus Punch|Focus Punch\n|\n|-heal|p2a: Dusknoir|19/225|[from] item: Leftovers\n|upkeep\n|turn|13\n|\n|t:|1733835018\n|move|p1a: Maushold|Bite|p2a: Dusknoir\n|-supereffective|p2a: Dusknoir\n|-damage|p2a: Dusknoir|0 fnt\n|faint|p2a: Dusknoir\n|\n|upkeep\n|\n|t:|1733835026\n|switch|p2a: Sandslash|Sandslash, L88, F|275/275\n|turn|14\n|\n|t:|1733835050\n|move|p1a: Maushold|Bite|p2a: Sandslash\n|-damage|p2a: Sandslash|242/275\n|move|p2a: Sandslash|Swords Dance|p2a: Sandslash\n|-boost|p2a: Sandslash|atk|2\n|\n|-heal|p2a: Sandslash|259/275|[from] item: Leftovers\n|upkeep\n|turn|15\n|\n|t:|1733835061\n|move|p1a: Maushold|Population Bomb|p2a: Sandslash\n|-damage|p2a: Sandslash|241/275\n|-damage|p2a: Sandslash|223/275\n|-damage|p2a: Sandslash|204/275\n|-damage|p2a: Sandslash|186/275\n|-damage|p2a: Sandslash|168/275\n|-damage|p2a: Sandslash|149/275\n|-damage|p2a: Sandslash|130/275\n|-damage|p2a: Sandslash|112/275\n|-damage|p2a: Sandslash|94/275\n|-damage|p2a: Sandslash|78/275\n|-hitcount|p2a: Sandslash|10\n|move|p2a: Sandslash|Earthquake|p1a: Maushold\n|-damage|p1a: Maushold|0 fnt\n|faint|p1a: Maushold\n|\n|-heal|p2a: Sandslash|95/275|[from] item: Leftovers\n|upkeep\n|\n|t:|1733835079\n|switch|p1a: Vaporeon|Vaporeon, L86, F|343/364\n|turn|16\n|\n|t:|1733835092\n|switch|p2a: Calyrex|Calyrex-Shadow, L64|235/235\n|-ability|p2a: Calyrex|As One\n|-ability|p2a: Calyrex|Unnerve\n|move|p1a: Vaporeon|Scald|p2a: Calyrex\n|-damage|p2a: Calyrex|109/235\n|\n|-heal|p1a: Vaporeon|364/364|[from] item: Leftovers\n|upkeep\n|turn|17\n|\n|t:|1733835154\n|switch|p2a: Heatran|Heatran, L79, F|273/273\n|-item|p2a: Heatran|Air Balloon\n|move|p1a: Vaporeon|Wish|p1a: Vaporeon\n|\n|upkeep\n|turn|18\n|\n|t:|1733835163\n|-terastallize|p2a: Heatran|Grass\n|move|p2a: Heatran|Earth Power|p1a: Vaporeon\n|-crit|p1a: Vaporeon\n|-damage|p1a: Vaporeon|267/364\n|move|p1a: Vaporeon|Scald|p2a: Heatran\n|-resisted|p2a: Heatran\n|-damage|p2a: Heatran|231/273\n|-status|p2a: Heatran|brn\n|-enditem|p2a: Heatran|Air Balloon\n|\n|-heal|p1a: Vaporeon|364/364|[from] move: Wish|[wisher] Vaporeon\n|-damage|p2a: Heatran|214/273 brn|[from] brn\n|upkeep\n|turn|19\n|\n|t:|1733835178\n|move|p2a: Heatran|Flash Cannon|p1a: Vaporeon\n|-resisted|p1a: Vaporeon\n|-damage|p1a: Vaporeon|324/364\n|move|p1a: Vaporeon|Scald|p2a: Heatran\n|-resisted|p2a: Heatran\n|-damage|p2a: Heatran|169/273 brn\n|\n|-heal|p1a: Vaporeon|346/364|[from] item: Leftovers\n|-damage|p2a: Heatran|152/273 brn|[from] brn\n|upkeep\n|turn|20\n|\n|t:|1733835189\n|move|p2a: Heatran|Earth Power|p1a: Vaporeon\n|-damage|p1a: Vaporeon|278/364\n|-unboost|p1a: Vaporeon|spd|1\n|move|p1a: Vaporeon|Scald|p2a: Heatran\n|-resisted|p2a: Heatran\n|-damage|p2a: Heatran|110/273 brn\n|\n|-heal|p1a: Vaporeon|300/364|[from] item: Leftovers\n|-damage|p2a: Heatran|93/273 brn|[from] brn\n|upkeep\n|turn|21\n|\n|t:|1733835203\n|move|p1a: Vaporeon|Protect|p1a: Vaporeon\n|-singleturn|p1a: Vaporeon|Protect\n|move|p2a: Heatran|Stealth Rock|p1a: Vaporeon\n|-sidestart|p1: Shery4231|move: Stealth Rock\n|\n|-heal|p1a: Vaporeon|322/364|[from] item: Leftovers\n|-damage|p2a: Heatran|76/273 brn|[from] brn\n|upkeep\n|turn|22\n|\n|t:|1733835211\n|move|p2a: Heatran|Earth Power|p1a: Vaporeon\n|-damage|p1a: Vaporeon|219/364\n|move|p1a: Vaporeon|Scald|p2a: Heatran\n|-resisted|p2a: Heatran\n|-damage|p2a: Heatran|34/273 brn\n|\n|-heal|p1a: Vaporeon|241/364|[from] item: Leftovers\n|-damage|p2a: Heatran|17/273 brn|[from] brn\n|upkeep\n|turn|23\n|\n|t:|1733835236\n|switch|p2a: Weavile|Weavile, L79, M|129/240\n|move|p1a: Vaporeon|Scald|p2a: Weavile\n|-damage|p2a: Weavile|30/240\n|\n|-heal|p1a: Vaporeon|263/364|[from] item: Leftovers\n|upkeep\n|turn|24\n|\n|t:|1733835248\n|switch|p1a: Emboar|Emboar, L84, F|213/322\n|-damage|p1a: Emboar|173/322|[from] Stealth Rock\n|move|p2a: Weavile|Ice Shard|p1a: Emboar\n|-resisted|p1a: Emboar\n|-damage|p1a: Emboar|144/322\n|\n|upkeep\n|turn|25\n|\n|t:|1733835261\n|move|p2a: Weavile|Knock Off|p1a: Emboar\n|-resisted|p1a: Emboar\n|-damage|p1a: Emboar|102/322\n|move|p1a: Emboar|Flare Blitz|p2a: Weavile\n|-supereffective|p2a: Weavile\n|-damage|p2a: Weavile|0 fnt\n|faint|p2a: Weavile\n|-damage|p1a: Emboar|92/322|[from] Recoil\n|\n|upkeep\n|\n|t:|1733835284\n|switch|p2a: Calyrex|Calyrex-Shadow, L64|109/235\n|-ability|p2a: Calyrex|As One\n|-ability|p2a: Calyrex|Unnerve\n|turn|26\n|\n|t:|1733835331\n|switch|p1a: Ursaring|Ursaring, L84, F|288/288\n|-damage|p1a: Ursaring|252/288|[from] Stealth Rock\n|move|p2a: Calyrex|Psyshock|p1a: Ursaring\n|-damage|p1a: Ursaring|165/288\n|\n|upkeep\n|turn|27\n|\n|t:|1733835347\n|switch|p2a: Sandslash|Sandslash, L88, F|95/275\n|move|p1a: Ursaring|Rest|p1a: Ursaring\n|-status|p1a: Ursaring|slp|[from] move: Rest\n|-heal|p1a: Ursaring|288/288 slp|[silent]\n|\n|-heal|p2a: Sandslash|112/275|[from] item: Leftovers\n|upkeep\n|turn|28\n|\n|t:|1733835363\n|move|p2a: Sandslash|Swords Dance|p2a: Sandslash\n|-boost|p2a: Sandslash|atk|2\n|cant|p1a: Ursaring|slp\n|move|p1a: Ursaring|Sleep Talk|p1a: Ursaring\n|move|p1a: Ursaring|Rest||[from]move: Sleep Talk|[still]\n|-fail|p1a: Ursaring\n|\n|-heal|p2a: Sandslash|129/275|[from] item: Leftovers\n|upkeep\n|turn|29\n|\n|t:|1733835379\n|move|p2a: Sandslash|Swords Dance|p2a: Sandslash\n|-boost|p2a: Sandslash|atk|2\n|cant|p1a: Ursaring|slp\n|\n|-heal|p2a: Sandslash|146/275|[from] item: Leftovers\n|upkeep\n|turn|30\n|\n|t:|1733835392\n|move|p2a: Sandslash|Swords Dance|p2a: Sandslash\n|-boost|p2a: Sandslash|atk|2\n|-curestatus|p1a: Ursaring|slp|[msg]\n|move|p1a: Ursaring|Earthquake|p2a: Sandslash\n|-damage|p2a: Sandslash|71/275\n|\n|-heal|p2a: Sandslash|88/275|[from] item: Leftovers\n|upkeep\n|turn|31\n|\n|t:|1733835426\n|move|p2a: Sandslash|Earthquake|p1a: Ursaring\n|-damage|p1a: Ursaring|0 fnt\n|faint|p1a: Ursaring\n|\n|-heal|p2a: Sandslash|105/275|[from] item: Leftovers\n|upkeep\n|\n|t:|1733835438\n|switch|p1a: Vaporeon|Vaporeon, L86, F|263/364\n|-damage|p1a: Vaporeon|218/364|[from] Stealth Rock\n|turn|32\n|\n|t:|1733835445\n|move|p1a: Vaporeon|Protect|p1a: Vaporeon\n|-singleturn|p1a: Vaporeon|Protect\n|move|p2a: Sandslash|Earthquake|p1a: Vaporeon\n|-activate|p1a: Vaporeon|move: Protect\n|\n|-heal|p2a: Sandslash|122/275|[from] item: Leftovers\n|-heal|p1a: Vaporeon|240/364|[from] item: Leftovers\n|upkeep\n|turn|33\n|\n|t:|1733835454\n|move|p2a: Sandslash|Earthquake|p1a: Vaporeon\n|-damage|p1a: Vaporeon|0 fnt\n|faint|p1a: Vaporeon\n|\n|-heal|p2a: Sandslash|139/275|[from] item: Leftovers\n|upkeep\n|\n|t:|1733835460\n|switch|p1a: Emboar|Emboar, L84, F|92/322\n|-damage|p1a: Emboar|52/322|[from] Stealth Rock\n|turn|34\n|\n|t:|1733835470\n|move|p2a: Sandslash|Earthquake|p1a: Emboar\n|-supereffective|p1a: Emboar\n|-damage|p1a: Emboar|0 fnt\n|faint|p1a: Emboar\n|\n|-heal|p2a: Sandslash|156/275|[from] item: Leftovers\n|upkeep\n|\n|t:|1733835477\n|switch|p1a: Chesnaught|Chesnaught, L84, M|285/285\n|-damage|p1a: Chesnaught|268/285|[from] Stealth Rock\n|turn|35\n|\n|t:|1733835516\n|move|p2a: Sandslash|Earthquake|p1a: Chesnaught\n|-resisted|p1a: Chesnaught\n|-damage|p1a: Chesnaught|89/285\n|move|p1a: Chesnaught|Wood Hammer|p2a: Sandslash\n|-supereffective|p2a: Sandslash\n|-damage|p2a: Sandslash|0 fnt\n|faint|p2a: Sandslash\n|-damage|p1a: Chesnaught|38/285|[from] Recoil\n|\n|upkeep\n|\n|t:|1733835528\n|switch|p2a: Heatran|Heatran, L79, F, tera:Grass|17/273 brn\n|turn|36\n|\n|t:|1733835535\n|move|p2a: Heatran|Flash Cannon|p1a: Chesnaught\n|-damage|p1a: Chesnaught|0 fnt\n|faint|p1a: Chesnaught\n|\n|-damage|p2a: Heatran|0 fnt|[from] brn\n|faint|p2a: Heatran\n|upkeep\n|\n|t:|1733835547\n|switch|p2a: Calyrex|Calyrex-Shadow, L64|109/235\n|switch|p1a: Articuno|Articuno-Galar, L84|288/288\n|-ability|p2a: Calyrex|As One\n|-ability|p2a: Calyrex|Unnerve\n|turn|37\n|\n|t:|1733835598\n|move|p2a: Calyrex|Trick|p1a: Articuno\n|-activate|p2a: Calyrex|move: Trick|[of] p1a: Articuno\n|-item|p1a: Articuno|Choice Specs|[from] move: Trick\n|-item|p2a: Calyrex|Heavy-Duty Boots|[from] move: Trick\n|move|p1a: Articuno|Hurricane|p2a: Calyrex\n|-damage|p2a: Calyrex|0 fnt\n|faint|p2a: Calyrex\n|\n|win|Shery4231\n|raw|Shery4231's rating: 1056 &rarr; <strong>1086</strong><br />(+30 for winning)\n|raw|Deathshot223's rating: 1040 &rarr; <strong>1025</strong><br />(-15 for losing)\n|l|\u2606Shery4231\n|player|p1|\n", "inputlog": ">version bfd83cad13791eb5a5a409923076391caf6fb4d4\n>start {\"formatid\":\"gen9randombattle\",\"seed\":[65353,31982,28539,44277],\"rated\":\"Rated battle\"}\n>player p1 {\"name\":\"Shery4231\",\"avatar\":\"102\",\"rating\":1056,\"seed\":[28734,9098,12562,32490]}\n>player p2 {\"name\":\"Deathshot223\",\"avatar\":\"170\",\"rating\":1040,\"seed\":[41898,6596,7230,8733]}\n>p1 move scald\n>p2 switch 4\n>p1 move protect\n>p2 move knockoff\n>p1 switch 5\n>p2 move knockoff\n>p1 move flareblitz\n>p2 switch 3\n>p1 switch 5\n>p2 move highjumpkick\n>p1 move wish\n>p2 move highjumpkick\n>p1 move protect\n>p2 move highjumpkick\n>p2 switch 5\n>p1 switch 6\n>p2 move poltergeist\n>p1 move bite\n>p2 move focuspunch\n>p1 move bite\n>p2 move focuspunch\n>p1 move bite\n>p2 move focuspunch\n>p1 move bite\n>p2 move focuspunch\n>p1 move bite\n>p2 move painsplit\n>p2 switch 6\n>p1 move bite\n>p2 move swordsdance\n>p1 move populationbomb\n>p2 move earthquake\n>p1 switch 6\n>p1 move scald\n>p2 switch 2\n>p1 move wish\n>p2 switch 4\n>p1 move scald\n>p2 move earthpower terastallize\n>p1 move scald\n>p2 move flashcannon\n>p1 move scald\n>p2 move earthpower\n>p1 move protect\n>p2 move stealthrock\n>p1 move scald\n>p2 move earthpower\n>p1 move scald\n>p2 switch 3\n>p1 switch 5\n>p2 move iceshard\n>p1 move flareblitz\n>p2 move knockoff\n>p2 switch 4\n>p1 switch 4\n>p2 move psyshock\n>p1 move rest\n>p2 switch 2\n>p1 move sleeptalk\n>p2 move swordsdance\n>p1 move bodyslam\n>p2 move swordsdance\n>p1 move earthquake\n>p2 move swordsdance\n>p1 move earthquake\n>p2 move earthquake\n>p1 switch 5\n>p1 move protect\n>p2 move earthquake\n>p1 move scald\n>p2 move earthquake\n>p1 switch 4\n>p1 move closecombat\n>p2 move earthquake\n>p1 switch 2\n>p1 move woodhammer\n>p2 move earthquake\n>p2 switch 3\n>p1 move spikes\n>p2 move flashcannon\n>p1 switch 3\n>p2 switch 2\n>p1 move hurricane\n>p2 move trick", "uploadtime": 1733835620, "views": 3, "formatid": "gen9randombattle", "rating": 1025, "private": 0, "password": null}