{"id": "gen9randombattle-2197918071", "format": "[Gen 9] Random Battle", "players": ["RBLT MDB2", "Sacri"], "log": "|badge|p2|silver|gen9randombattle|30-2\n|uhtml|medal-msg|<div class=\"broadcast-blue\">Curious what those medals under the avatar are? PS now has Ladder Seasons! For more information, check out the <a href=\"https://www.smogon.com/forums/threads/3740067/\">thread on Smogon.</a></div>\n|raw|<div class=\"broadcast-blue\"><strong>This battle is required to be public due to a player having a name starting with 'rblt'.</div>\n|j|\u2606RBLT MDB2\n|j|\u2606Sacri\n|t:|1725898980\n|gametype|singles\n|player|p1|RBLT MDB2|red|2354\n|player|p2|Sacri|#wcop2020france|2415\n|teamsize|p1|6\n|teamsize|p2|6\n|gen|9\n|tier|[Gen 9] Random Battle\n|rated|\n|rule|Species Clause: Limit one of each Pok\u00e9mon\n|rule|HP Percentage Mod: HP is shown in percentages\n|rule|Sleep Clause Mod: Limit one foe put to sleep\n|rule|Illusion Level Mod: Illusion disguises the Pok\u00e9mon's true level\n|\n|t:|1725898980\n|start\n|switch|p1a: Cloyster|Cloyster, L79, F|209/209\n|switch|p2a: Spidops|Spidops, L96, M|271/271\n|turn|1\n|\n|t:|1725898998\n|move|p1a: Cloyster|Rock Blast|p2a: Spidops\n|-supereffective|p2a: Spidops\n|-damage|p2a: Spidops|241/271\n|-supereffective|p2a: Spidops\n|-damage|p2a: Spidops|213/271\n|-supereffective|p2a: Spidops\n|-damage|p2a: Spidops|183/271\n|-supereffective|p2a: Spidops\n|-damage|p2a: Spidops|151/271\n|-supereffective|p2a: Spidops\n|-damage|p2a: Spidops|121/271\n|-hitcount|p2a: Spidops|5\n|move|p2a: Spidops|Circle Throw|p1a: Cloyster\n|-supereffective|p1a: Cloyster\n|-damage|p1a: Cloyster|151/209\n|drag|p1a: Chien-Pao|Chien-Pao, L72|234/234\n|-ability|p1a: Chien-Pao|Sword of Ruin\n|\n|upkeep\n|turn|2\n|j| RBLT Fad\n|j| BigPieeen\n|\n|t:|1725899012\n|switch|p2a: Regirock|Regirock, L83|268/268\n|move|p1a: Chien-Pao|Icicle Crash|p2a: Regirock\n|-damage|p2a: Regirock|216/268\n|\n|upkeep\n|turn|3\n|\n|t:|1725899019\n|switch|p1a: Gothitelle|Gothitelle, L90, F|272/272\n|move|p2a: Regirock|Body Press|p1a: Gothitelle\n|-resisted|p1a: Gothitelle\n|-damage|p1a: Gothitelle|225/272\n|\n|-heal|p1a: Gothitelle|242/272|[from] item: Leftovers\n|upkeep\n|turn|4\n|j| RBLT Destined\n|\n|t:|1725899025\n|move|p1a: Gothitelle|Calm Mind|p1a: Gothitelle\n|-boost|p1a: Gothitelle|spa|1\n|-boost|p1a: Gothitelle|spd|1\n|move|p2a: Regirock|Stone Edge|p1a: Gothitelle\n|-damage|p1a: Gothitelle|151/272\n|\n|-heal|p1a: Gothitelle|168/272|[from] item: Leftovers\n|upkeep\n|turn|5\n|l| BigPieeen\n|j| LTX Nemosse\n|\n|t:|1725899027\n|move|p1a: Gothitelle|Focus Blast|p2a: Regirock|[miss]\n|-miss|p1a: Gothitelle|p2a: Regirock\n|move|p2a: Regirock|Stone Edge|p1a: Gothitelle\n|-damage|p1a: Gothitelle|72/272\n|\n|-heal|p1a: Gothitelle|89/272|[from] item: Leftovers\n|upkeep\n|turn|6\n|\n|t:|1725899031\n|move|p1a: Gothitelle|Focus Blast|p2a: Regirock\n|-supereffective|p2a: Regirock\n|-damage|p2a: Regirock|0 fnt\n|faint|p2a: Regirock\n|\n|-heal|p1a: Gothitelle|106/272|[from] item: Leftovers\n|upkeep\n|\n|t:|1725899038\n|switch|p2a: Oranguru|Oranguru, L92, F|315/315\n|turn|7\n|\n|t:|1725899042\n|move|p1a: Gothitelle|Focus Blast|p2a: Oranguru\n|-damage|p2a: Oranguru|198/315\n|move|p2a: Oranguru|Nasty Plot|p2a: Oranguru\n|-boost|p2a: Oranguru|spa|2\n|\n|-heal|p1a: Gothitelle|123/272|[from] item: Leftovers\n|upkeep\n|turn|8\n|\n|t:|1725899045\n|move|p1a: Gothitelle|Thunderbolt|p2a: Oranguru\n|-damage|p2a: Oranguru|117/315\n|move|p2a: Oranguru|Hyper Voice|p1a: Gothitelle\n|-damage|p1a: Gothitelle|0 fnt\n|faint|p1a: Gothitelle\n|-damage|p2a: Oranguru|86/315|[from] item: Life Orb\n|\n|upkeep\n|\n|t:|1725899054\n|switch|p1a: Chien-Pao|Chien-Pao, L72|234/234\n|-ability|p1a: Chien-Pao|Sword of Ruin\n|turn|9\n|\n|t:|1725899060\n|switch|p2a: Okidogi|Okidogi, L77, M|262/262\n|move|p1a: Chien-Pao|Throat Chop|p2a: Okidogi\n|-resisted|p2a: Okidogi\n|-damage|p2a: Okidogi|217/262\n|-start|p2a: Okidogi|Throat Chop|[silent]\n|\n|-heal|p2a: Okidogi|233/262|[from] item: Leftovers\n|upkeep\n|turn|10\n|\n|t:|1725899066\n|switch|p1a: Farigiraf|Farigiraf, L91, M|366/366\n|move|p2a: Okidogi|Knock Off|p1a: Farigiraf\n|-supereffective|p1a: Farigiraf\n|-damage|p1a: Farigiraf|220/366\n|-status|p1a: Farigiraf|tox|[from] ability: Toxic Chain|[of] p2a: Okidogi\n|-enditem|p1a: Farigiraf|Leftovers|[from] move: Knock Off|[of] p2a: Okidogi\n|\n|-heal|p2a: Okidogi|249/262|[from] item: Leftovers\n|-damage|p1a: Farigiraf|198/366 tox|[from] psn\n|-end|p2a: Okidogi|Throat Chop|[silent]\n|upkeep\n|turn|11\n|\n|t:|1725899078\n|switch|p2a: Oranguru|Oranguru, L92, F|86/315\n|move|p1a: Farigiraf|Body Slam|p2a: Oranguru\n|-damage|p2a: Oranguru|0 fnt\n|faint|p2a: Oranguru\n|\n|-damage|p1a: Farigiraf|154/366 tox|[from] psn\n|upkeep\n|\n|t:|1725899083\n|switch|p2a: Spidops|Spidops, L96, M|121/271\n|turn|12\n|\n|t:|1725899088\n|move|p1a: Farigiraf|Body Slam|p2a: Spidops\n|-damage|p2a: Spidops|30/271\n|move|p2a: Spidops|Sticky Web|p1a: Farigiraf\n|-sidestart|p1: RBLT MDB2|move: Sticky Web\n|\n|-damage|p1a: Farigiraf|88/366 tox|[from] psn\n|upkeep\n|turn|13\n|j| Rblt G\n|\n|t:|1725899095\n|move|p1a: Farigiraf|Psychic Noise|p2a: Spidops\n|-damage|p2a: Spidops|0 fnt\n|faint|p2a: Spidops\n|\n|-damage|p1a: Farigiraf|0 fnt|[from] psn\n|faint|p1a: Farigiraf\n|upkeep\n|j| Namanpokemonmaster\n|l| Rblt G\n|\n|t:|1725899104\n|switch|p1a: Komala|Komala, L89, F|260/260\n|switch|p2a: Amoonguss|Amoonguss, L82, M|321/321\n|-activate|p1a: Komala|move: Sticky Web\n|-unboost|p1a: Komala|spe|1\n|-ability|p1a: Komala|Comatose\n|turn|14\n|\n|t:|1725899109\n|move|p1a: Komala|Double-Edge|p2a: Amoonguss\n|-damage|p2a: Amoonguss|122/321\n|-damage|p1a: Komala|217/260|[from] item: Rocky Helmet|[of] p2a: Amoonguss\n|-damage|p1a: Komala|151/260|[from] Recoil\n|move|p2a: Amoonguss|Sludge Bomb|p1a: Komala\n|-damage|p1a: Komala|79/260\n|\n|upkeep\n|turn|15\n|\n|t:|1725899114\n|switch|p2a: Dunsparce|Dunsparce, L86, F|312/312\n|move|p1a: Komala|Double-Edge|p2a: Dunsparce\n|-damage|p2a: Dunsparce|183/312\n|-damage|p1a: Komala|36/260|[from] Recoil\n|\n|upkeep\n|turn|16\n|\n|t:|1725899132\n|switch|p2a: Amoonguss|Amoonguss, L82, M|229/321\n|move|p1a: Komala|Double-Edge|p2a: Amoonguss\n|-damage|p2a: Amoonguss|36/321\n|-damage|p1a: Komala|0 fnt|[from] item: Rocky Helmet|[of] p2a: Amoonguss\n|faint|p1a: Komala\n|\n|upkeep\n|\n|t:|1725899144\n|switch|p1a: Cloyster|Cloyster, L79, F|151/209\n|-activate|p1a: Cloyster|move: Sticky Web\n|-unboost|p1a: Cloyster|spe|1\n|-enditem|p1a: Cloyster|White Herb\n|-clearnegativeboost|p1a: Cloyster|[silent]\n|turn|17\n|j| Drifting\n|\n|t:|1725899147\n|move|p1a: Cloyster|Icicle Spear|p2a: Amoonguss\n|-supereffective|p2a: Amoonguss\n|-damage|p2a: Amoonguss|0 fnt\n|faint|p2a: Amoonguss\n|-hitcount|p2: Amoonguss|1\n|\n|upkeep\n|\n|t:|1725899151\n|switch|p2a: Okidogi|Okidogi, L77, M|249/262\n|turn|18\n|\n|t:|1725899154\n|move|p2a: Okidogi|Drain Punch|p1a: Cloyster\n|-supereffective|p1a: Cloyster\n|-damage|p1a: Cloyster|49/209\n|-heal|p2a: Okidogi|262/262|[from] drain|[of] p1a: Cloyster\n|move|p1a: Cloyster|Shell Smash|p1a: Cloyster\n|-unboost|p1a: Cloyster|def|1\n|-unboost|p1a: Cloyster|spd|1\n|-boost|p1a: Cloyster|atk|2\n|-boost|p1a: Cloyster|spa|2\n|-boost|p1a: Cloyster|spe|2\n|\n|upkeep\n|turn|19\n|\n|t:|1725899158\n|move|p1a: Cloyster|Icicle Spear|p2a: Okidogi\n|-damage|p2a: Okidogi|222/262\n|-damage|p2a: Okidogi|179/262\n|-damage|p2a: Okidogi|140/262\n|-damage|p2a: Okidogi|101/262\n|-damage|p2a: Okidogi|62/262\n|-hitcount|p2a: Okidogi|5\n|move|p2a: Okidogi|Drain Punch|p1a: Cloyster\n|-supereffective|p1a: Cloyster\n|-damage|p1a: Cloyster|0 fnt\n|-heal|p2a: Okidogi|87/262|[from] drain|[of] p1a: Cloyster\n|faint|p1a: Cloyster\n|\n|-heal|p2a: Okidogi|103/262|[from] item: Leftovers\n|upkeep\n|\n|t:|1725899162\n|switch|p1a: Chien-Pao|Chien-Pao, L72|234/234\n|-ability|p1a: Chien-Pao|Sword of Ruin\n|turn|20\n|\n|t:|1725899165\n|move|p1a: Chien-Pao|Icicle Crash|p2a: Okidogi\n|-damage|p2a: Okidogi|9/262\n|move|p2a: Okidogi|Drain Punch|p1a: Chien-Pao\n|-supereffective|p1a: Chien-Pao\n|-damage|p1a: Chien-Pao|0 fnt\n|-heal|p2a: Okidogi|126/262|[from] drain|[of] p1a: Chien-Pao\n|faint|p1a: Chien-Pao\n|\n|-heal|p2a: Okidogi|142/262|[from] item: Leftovers\n|upkeep\n|\n|t:|1725899167\n|switch|p1a: Eelektross|Eelektross, L87, F|290/290\n|turn|21\n|\n|t:|1725899171\n|move|p2a: Okidogi|Knock Off|p1a: Eelektross\n|-damage|p1a: Eelektross|214/290\n|-status|p1a: Eelektross|tox|[from] ability: Toxic Chain|[of] p2a: Okidogi\n|-enditem|p1a: Eelektross|Leftovers|[from] move: Knock Off|[of] p2a: Okidogi\n|move|p1a: Eelektross|Coil|p1a: Eelektross\n|-boost|p1a: Eelektross|atk|1\n|-boost|p1a: Eelektross|def|1\n|-boost|p1a: Eelektross|accuracy|1\n|\n|-heal|p2a: Okidogi|158/262|[from] item: Leftovers\n|-damage|p1a: Eelektross|196/290 tox|[from] psn\n|upkeep\n|turn|22\n|\n|t:|1725899173\n|move|p2a: Okidogi|Gunk Shot|p1a: Eelektross|[miss]\n|-miss|p2a: Okidogi|p1a: Eelektross\n|move|p1a: Eelektross|Supercell Slam|p2a: Okidogi\n|-damage|p2a: Okidogi|0 fnt\n|faint|p2a: Okidogi\n|\n|-damage|p1a: Eelektross|160/290 tox|[from] psn\n|upkeep\n|\n|t:|1725899175\n|switch|p2a: Dunsparce|Dunsparce, L86, F|183/312\n|turn|23\n|\n|t:|1725899178\n|-terastallize|p1a: Eelektross|Fighting\n|-terastallize|p2a: Dunsparce|Ground\n|move|p1a: Eelektross|Drain Punch|p2a: Dunsparce\n|-damage|p2a: Dunsparce|69/312\n|-heal|p1a: Eelektross|217/290 tox|[from] drain|[of] p2a: Dunsparce\n|move|p2a: Dunsparce|Coil|p2a: Dunsparce\n|-boost|p2a: Dunsparce|atk|1\n|-boost|p2a: Dunsparce|def|1\n|-boost|p2a: Dunsparce|accuracy|1\n|\n|-damage|p1a: Eelektross|163/290 tox|[from] psn\n|upkeep\n|turn|24\n|\n|t:|1725899180\n|move|p1a: Eelektross|Drain Punch|p2a: Dunsparce\n|-damage|p2a: Dunsparce|0 fnt\n|-heal|p1a: Eelektross|198/290 tox|[from] drain|[of] p2a: Dunsparce\n|faint|p2a: Dunsparce\n|\n|win|RBLT MDB2\n|raw|RBLT MDB2's rating: 2354 &rarr; <strong>2377</strong><br />(+23 for winning)\n|raw|Sacri's rating: 2415 &rarr; <strong>2392</strong><br />(-23 for losing)\n|l|\u2606RBLT MDB2\n|player|p1|\n|l|\u2606Sacri\n|player|p2|\n|l| Drifting\n|j| RBLT MafuSimp\n|l| RBLT MafuSimp\n|l| Namanpokemonmaster\n|l| RBLT Fad\n|l| LTX Nemosse\n", "inputlog": ">version a7fd1c1c07600285a1536454bc1aca0abecfa22c\n>start {\"formatid\":\"gen9randombattle\",\"seed\":[60668,4125,27749,762],\"rated\":\"Rated battle\"}\n>player p1 {\"name\":\"RBLT MDB2\",\"avatar\":\"red\",\"rating\":2354,\"seed\":[11615,51919,35613,11687]}\n>player p2 {\"name\":\"Sacri\",\"avatar\":\"#wcop2020france\",\"rating\":2415,\"seed\":[52203,6212,26276,21832]}\n>p1 move rockblast\n>p2 move circlethrow\n>p1 move iciclecrash\n>p2 switch 3\n>p1 switch 3\n>p2 move bodypress\n>p1 move calmmind\n>p2 move stoneedge\n>p1 move focusblast\n>p2 move stoneedge\n>p1 move focusblast\n>p2 move stoneedge\n>p2 switch 2\n>p1 move focusblast\n>p2 move nastyplot\n>p1 move thunderbolt\n>p2 move hypervoice\n>p1 switch 3\n>p1 move throatchop\n>p2 switch 4\n>p1 switch 4\n>p2 move knockoff\n>p1 move bodyslam\n>p2 switch 4\n>p2 switch 3\n>p1 move bodyslam\n>p2 move stickyweb\n>p1 move psychicnoise\n>p2 move spikes\n>p1 switch 6\n>p2 switch 5\n>p1 move doubleedge\n>p2 move sludgebomb\n>p1 move doubleedge\n>p2 switch 6\n>p1 move doubleedge\n>p2 switch 6\n>p1 switch 2\n>p1 move iciclespear\n>p2 move gigadrain\n>p2 switch 4\n>p1 move shellsmash\n>p2 move drainpunch\n>p1 move iciclespear\n>p2 move drainpunch\n>p1 switch 4\n>p1 move iciclecrash\n>p2 move drainpunch\n>p1 switch 5\n>p1 move coil\n>p2 move knockoff\n>p1 move supercellslam\n>p2 move gunkshot\n>p2 switch 6\n>p1 move drainpunch terastallize\n>p2 move coil terastallize\n>p1 move drainpunch\n>p2 move roost", "uploadtime": 1725899517, "views": 105, "formatid": "gen9randombattle", "rating": 2377, "private": 0, "password": null}