{"id": "gen9randombattle-2260303670", "format": "[Gen 9] Random Battle", "players": ["DARXIKUN", "WinstonZaHuman"], "log": "|j|\u2606DARXIKUN\n|j|\u2606WinstonZaHuman\n|t:|1733837534\n|gametype|singles\n|player|p1|DARXIKUN|ghetsis-gen5bw|\n|player|p2|WinstonZaHuman|anabel-gen7|\n|teamsize|p1|6\n|teamsize|p2|6\n|gen|9\n|tier|[Gen 9] Random Battle\n|rule|Species Clause: Limit one of each Pok\u00e9mon\n|rule|HP Percentage Mod: HP is shown in percentages\n|rule|Sleep Clause Mod: Limit one foe put to sleep\n|rule|Illusion Level Mod: Illusion disguises the Pok\u00e9mon's true level\n|\n|t:|1733837534\n|start\n|switch|p1a: Zapdos|Zapdos, L78|268/268\n|switch|p2a: Alcremie|Alcremie, L90, F|263/263\n|turn|1\n|inactive|Battle timer is ON: inactive players will automatically lose when time's up. (requested by DARXIKUN)\n|\n|t:|1733837550\n|switch|p2a: Regigigas|Regigigas, L84|322/322\n|-start|p2a: Regigigas|ability: Slow Start\n|-terastallize|p1a: Zapdos|Electric\n|move|p1a: Zapdos|Hurricane|p2a: Regigigas|[miss]\n|-miss|p1a: Zapdos|p2a: Regigigas\n|\n|upkeep\n|turn|2\n|\n|t:|1733837560\n|move|p1a: Zapdos|Discharge|p2a: Regigigas\n|-damage|p2a: Regigigas|216/322\n|move|p2a: Regigigas|Substitute|p2a: Regigigas\n|-start|p2a: Regigigas|Substitute\n|-damage|p2a: Regigigas|136/322\n|\n|-heal|p2a: Regigigas|156/322|[from] item: Leftovers\n|upkeep\n|turn|3\n|\n|t:|1733837568\n|move|p2a: Regigigas|Protect|p2a: Regigigas\n|-singleturn|p2a: Regigigas|Protect\n|move|p1a: Zapdos|Discharge|p2a: Regigigas\n|-activate|p2a: Regigigas|move: Protect\n|\n|-heal|p2a: Regigigas|176/322|[from] item: Leftovers\n|upkeep\n|turn|4\n|\n|t:|1733837575\n|move|p1a: Zapdos|Discharge|p2a: Regigigas\n|-end|p2a: Regigigas|Substitute\n|move|p2a: Regigigas|Body Slam|p1a: Zapdos\n|-damage|p1a: Zapdos|189/268\n|\n|-heal|p2a: Regigigas|196/322|[from] item: Leftovers\n|upkeep\n|turn|5\n|\n|t:|1733837585\n|move|p2a: Regigigas|Protect|p2a: Regigigas\n|-singleturn|p2a: Regigigas|Protect\n|move|p1a: Zapdos|Discharge|p2a: Regigigas\n|-activate|p2a: Regigigas|move: Protect\n|\n|-heal|p2a: Regigigas|216/322|[from] item: Leftovers\n|upkeep\n|turn|6\n|\n|t:|1733837593\n|move|p1a: Zapdos|Discharge|p2a: Regigigas\n|-damage|p2a: Regigigas|116/322\n|move|p2a: Regigigas|Knock Off|p1a: Zapdos\n|-damage|p1a: Zapdos|133/268\n|-enditem|p1a: Zapdos|Heavy-Duty Boots|[from] move: Knock Off|[of] p2a: Regigigas\n|\n|-heal|p2a: Regigigas|136/322|[from] item: Leftovers\n|-end|p2a: Regigigas|Slow Start\n|upkeep\n|turn|7\n|\n|t:|1733837603\n|move|p2a: Regigigas|Protect|p2a: Regigigas\n|-singleturn|p2a: Regigigas|Protect\n|move|p1a: Zapdos|Hurricane|p2a: Regigigas\n|-activate|p2a: Regigigas|move: Protect\n|\n|-heal|p2a: Regigigas|156/322|[from] item: Leftovers\n|upkeep\n|turn|8\n|\n|t:|1733837610\n|move|p2a: Regigigas|Body Slam|p1a: Zapdos\n|-damage|p1a: Zapdos|0 fnt\n|faint|p1a: Zapdos\n|\n|-heal|p2a: Regigigas|176/322|[from] item: Leftovers\n|upkeep\n|\n|t:|1733837624\n|switch|p1a: Toxicroak|Toxicroak, L84, M|277/277\n|turn|9\n|\n|t:|1733837634\n|move|p2a: Regigigas|Body Slam|p1a: Toxicroak\n|-damage|p1a: Toxicroak|123/277\n|-status|p1a: Toxicroak|par\n|cant|p1a: Toxicroak|par\n|\n|-heal|p2a: Regigigas|196/322|[from] item: Leftovers\n|upkeep\n|turn|10\n|\n|t:|1733837644\n|move|p2a: Regigigas|Body Slam|p1a: Toxicroak\n|-damage|p1a: Toxicroak|0 fnt\n|faint|p1a: Toxicroak\n|\n|-heal|p2a: Regigigas|216/322|[from] item: Leftovers\n|upkeep\n|\n|t:|1733837655\n|switch|p1a: Weezing|Weezing-Galar, L86, F|252/252\n|turn|11\n|\n|t:|1733837663\n|move|p2a: Regigigas|Body Slam|p1a: Weezing\n|-damage|p1a: Weezing|155/252\n|move|p1a: Weezing|Will-O-Wisp|p2a: Regigigas\n|-status|p2a: Regigigas|brn\n|\n|-heal|p2a: Regigigas|236/322 brn|[from] item: Leftovers\n|-heal|p1a: Weezing|170/252|[from] item: Leftovers\n|-damage|p2a: Regigigas|216/322 brn|[from] brn\n|upkeep\n|turn|12\n|c|\u2606DARXIKUN|wait for few mins\n|inactive|DARXIKUN has 270 seconds left.\n|c|\u2606DARXIKUN|some urgent task\n|c|\u2606WinstonZaHuman|no lie I didn't think Reggie would get this far\n|inactive|DARXIKUN has 240 seconds left.\n|inactive|DARXIKUN has 210 seconds left.\n|inactive|DARXIKUN has 180 seconds left.\n|inactive|DARXIKUN has 150 seconds left.\n|c|\u2606DARXIKUN|ya\n|inactive|DARXIKUN has 120 seconds left.\n|\n|t:|1733837854\n|move|p2a: Regigigas|Body Slam|p1a: Weezing\n|-damage|p1a: Weezing|121/252\n|move|p1a: Weezing|Will-O-Wisp|p2a: Regigigas\n|-fail|p2a: Regigigas|brn\n|\n|-heal|p2a: Regigigas|236/322 brn|[from] item: Leftovers\n|-heal|p1a: Weezing|136/252|[from] item: Leftovers\n|-damage|p2a: Regigigas|216/322 brn|[from] brn\n|upkeep\n|turn|13\n|\n|t:|1733837867\n|move|p2a: Regigigas|Body Slam|p1a: Weezing\n|-damage|p1a: Weezing|84/252\n|move|p1a: Weezing|Gunk Shot|p2a: Regigigas\n|-damage|p2a: Regigigas|107/322 brn\n|\n|-heal|p2a: Regigigas|127/322 brn|[from] item: Leftovers\n|-heal|p1a: Weezing|99/252|[from] item: Leftovers\n|-damage|p2a: Regigigas|107/322 brn|[from] brn\n|upkeep\n|turn|14\n|\n|t:|1733837883\n|move|p2a: Regigigas|Body Slam|p1a: Weezing\n|-damage|p1a: Weezing|52/252\n|move|p1a: Weezing|Gunk Shot|p2a: Regigigas\n|-damage|p2a: Regigigas|7/322 brn\n|\n|-heal|p2a: Regigigas|27/322 brn|[from] item: Leftovers\n|-heal|p1a: Weezing|67/252|[from] item: Leftovers\n|-damage|p2a: Regigigas|7/322 brn|[from] brn\n|upkeep\n|turn|15\n|\n|t:|1733837896\n|switch|p1a: Slowbro|Slowbro, L85, M|300/300\n|move|p2a: Regigigas|Body Slam|p1a: Slowbro\n|-damage|p1a: Slowbro|243/300\n|\n|-heal|p2a: Regigigas|27/322 brn|[from] item: Leftovers\n|-heal|p1a: Slowbro|261/300|[from] item: Leftovers\n|-damage|p2a: Regigigas|7/322 brn|[from] brn\n|upkeep\n|turn|16\n|\n|t:|1733837908\n|move|p2a: Regigigas|Knock Off|p1a: Slowbro\n|-supereffective|p1a: Slowbro\n|-damage|p1a: Slowbro|180/300\n|-enditem|p1a: Slowbro|Leftovers|[from] move: Knock Off|[of] p2a: Regigigas\n|move|p1a: Slowbro|Iron Defense|p1a: Slowbro\n|-boost|p1a: Slowbro|def|2\n|\n|-heal|p2a: Regigigas|27/322 brn|[from] item: Leftovers\n|-damage|p2a: Regigigas|7/322 brn|[from] brn\n|upkeep\n|turn|17\n|\n|t:|1733837923\n|move|p2a: Regigigas|Knock Off|p1a: Slowbro\n|-supereffective|p1a: Slowbro\n|-damage|p1a: Slowbro|153/300\n|move|p1a: Slowbro|Iron Defense|p1a: Slowbro\n|-boost|p1a: Slowbro|def|2\n|\n|-heal|p2a: Regigigas|27/322 brn|[from] item: Leftovers\n|-damage|p2a: Regigigas|7/322 brn|[from] brn\n|upkeep\n|turn|18\n|\n|t:|1733837931\n|move|p2a: Regigigas|Body Slam|p1a: Slowbro\n|-damage|p1a: Slowbro|134/300\n|move|p1a: Slowbro|Iron Defense|p1a: Slowbro\n|-boost|p1a: Slowbro|def|2\n|\n|-heal|p2a: Regigigas|27/322 brn|[from] item: Leftovers\n|-damage|p2a: Regigigas|7/322 brn|[from] brn\n|upkeep\n|turn|19\n|inactive|DARXIKUN has 120 seconds left.\n|\n|t:|1733837939\n|move|p2a: Regigigas|Body Slam|p1a: Slowbro\n|-damage|p1a: Slowbro|121/300\n|move|p1a: Slowbro|Slack Off|p1a: Slowbro\n|-heal|p1a: Slowbro|271/300\n|\n|-heal|p2a: Regigigas|27/322 brn|[from] item: Leftovers\n|-damage|p2a: Regigigas|7/322 brn|[from] brn\n|upkeep\n|turn|20\n|\n|t:|1733837947\n|move|p2a: Regigigas|Body Slam|p1a: Slowbro\n|-damage|p1a: Slowbro|257/300\n|-status|p1a: Slowbro|par\n|cant|p1a: Slowbro|par\n|\n|-heal|p2a: Regigigas|27/322 brn|[from] item: Leftovers\n|-damage|p2a: Regigigas|7/322 brn|[from] brn\n|upkeep\n|turn|21\n|\n|t:|1733837957\n|move|p2a: Regigigas|Knock Off|p1a: Slowbro\n|-supereffective|p1a: Slowbro\n|-damage|p1a: Slowbro|240/300 par\n|move|p1a: Slowbro|Body Press|p2a: Regigigas\n|-supereffective|p2a: Regigigas\n|-crit|p2a: Regigigas\n|-damage|p2a: Regigigas|0 fnt\n|faint|p2a: Regigigas\n|-end|p2a: Regigigas|Slow Start|[silent]\n|\n|upkeep\n|c|\u2606DARXIKUN|shit\n|\n|t:|1733837968\n|switch|p2a: Bellossom|Bellossom, L84, M|263/263\n|turn|22\n|\n|t:|1733837973\n|move|p2a: Bellossom|Giga Drain|p1a: Slowbro\n|-supereffective|p1a: Slowbro\n|-damage|p1a: Slowbro|66/300 par\n|move|p1a: Slowbro|Body Press|p2a: Bellossom\n|-damage|p2a: Bellossom|19/263\n|\n|-heal|p2a: Bellossom|35/263|[from] item: Leftovers\n|upkeep\n|turn|23\n|inactive|DARXIKUN has 150 seconds left.\n|\n|t:|1733837981\n|switch|p1a: Weezing|Weezing-Galar, L86, F|67/252\n|move|p2a: Bellossom|Giga Drain|p1a: Weezing\n|-resisted|p1a: Weezing\n|-damage|p1a: Weezing|24/252\n|-heal|p2a: Bellossom|57/263|[from] drain|[of] p1a: Weezing\n|\n|-heal|p1a: Weezing|39/252|[from] item: Leftovers\n|-heal|p2a: Bellossom|73/263|[from] item: Leftovers\n|upkeep\n|turn|24\n|\n|t:|1733837991\n|move|p1a: Weezing|Gunk Shot|p2a: Bellossom\n|-supereffective|p2a: Bellossom\n|-damage|p2a: Bellossom|0 fnt\n|faint|p2a: Bellossom\n|\n|-heal|p1a: Weezing|54/252|[from] item: Leftovers\n|upkeep\n|\n|t:|1733838003\n|switch|p2a: Raikou|Raikou, L81|278/278\n|-ability|p2a: Raikou|Pressure\n|turn|25\n|\n|t:|1733838009\n|move|p2a: Raikou|Thunderbolt|p1a: Weezing\n|-damage|p1a: Weezing|0 fnt\n|faint|p1a: Weezing\n|\n|upkeep\n|\n|t:|1733838016\n|switch|p1a: Tropius|Tropius, L91, M|328/328\n|turn|26\n|\n|t:|1733838020\n|move|p2a: Raikou|Thunderbolt|p1a: Tropius\n|-crit|p1a: Tropius\n|-damage|p1a: Tropius|196/328\n|move|p1a: Tropius|Earthquake|p2a: Raikou\n|-supereffective|p2a: Raikou\n|-damage|p2a: Raikou|142/278\n|\n|-heal|p2a: Raikou|159/278|[from] item: Leftovers\n|upkeep\n|turn|27\n|inactive|DARXIKUN has 180 seconds left.\n|\n|t:|1733838028\n|move|p2a: Raikou|Thunderbolt|p1a: Tropius\n|-damage|p1a: Tropius|97/328\n|-enditem|p1a: Tropius|Sitrus Berry|[eat]\n|-heal|p1a: Tropius|179/328|[from] item: Sitrus Berry\n|move|p1a: Tropius|Earthquake|p2a: Raikou\n|-supereffective|p2a: Raikou\n|-damage|p2a: Raikou|5/278\n|\n|-heal|p2a: Raikou|22/278|[from] item: Leftovers\n|upkeep\n|turn|28\n|inactive|DARXIKUN has 180 seconds left.\n|\n|t:|1733838040\n|switch|p1a: Slowbro|Slowbro, L85, M|166/300 par\n|move|p2a: Raikou|Thunderbolt|p1a: Slowbro\n|-supereffective|p1a: Slowbro\n|-damage|p1a: Slowbro|0 fnt\n|faint|p1a: Slowbro\n|\n|-heal|p2a: Raikou|39/278|[from] item: Leftovers\n|upkeep\n|inactive|DARXIKUN has 180 seconds left.\n|\n|t:|1733838051\n|switch|p1a: Inteleon|Inteleon, L81, M|246/246\n|turn|29\n|inactive|DARXIKUN has 180 seconds left.\n|\n|t:|1733838056\n|move|p1a: Inteleon|Dark Pulse|p2a: Raikou\n|-damage|p2a: Raikou|0 fnt\n|faint|p2a: Raikou\n|\n|upkeep\n|\n|t:|1733838065\n|switch|p2a: Raging Bolt|Raging Bolt, L78|323/323\n|turn|30\n|\n|t:|1733838077\n|switch|p1a: Tropius|Tropius, L91, M|179/328\n|move|p2a: Raging Bolt|Thunderclap||[still]\n|-fail|p2a: Raging Bolt\n|\n|-item|p1a: Tropius|Sitrus Berry|[from] ability: Harvest\n|upkeep\n|turn|31\n|\n|t:|1733838086\n|move|p2a: Raging Bolt|Thunderbolt|p1a: Tropius\n|-damage|p1a: Tropius|83/328\n|-enditem|p1a: Tropius|Sitrus Berry|[eat]\n|-heal|p1a: Tropius|165/328|[from] item: Sitrus Berry\n|move|p1a: Tropius|Dragon Dance|p1a: Tropius\n|-boost|p1a: Tropius|atk|1\n|-boost|p1a: Tropius|spe|1\n|\n|-item|p1a: Tropius|Sitrus Berry|[from] ability: Harvest\n|upkeep\n|turn|32\n|\n|t:|1733838096\n|move|p1a: Tropius|Earthquake|p2a: Raging Bolt\n|-supereffective|p2a: Raging Bolt\n|-damage|p2a: Raging Bolt|129/323\n|move|p2a: Raging Bolt|Thunderbolt|p1a: Tropius\n|-damage|p1a: Tropius|60/328\n|-enditem|p1a: Tropius|Sitrus Berry|[eat]\n|-heal|p1a: Tropius|142/328|[from] item: Sitrus Berry\n|\n|upkeep\n|turn|33\n|\n|t:|1733838104\n|-end|p2a: Raging Bolt|Protosynthesis|[silent]\n|switch|p2a: Noctowl|Noctowl, L95, F|344/344\n|move|p1a: Tropius|Earthquake|p2a: Noctowl\n|-immune|p2a: Noctowl\n|\n|upkeep\n|turn|34\n|\n|t:|1733838113\n|move|p1a: Tropius|Dual Wingbeat|p2a: Noctowl\n|-damage|p2a: Noctowl|262/344\n|-damage|p2a: Noctowl|187/344\n|-hitcount|p2a: Noctowl|2\n|move|p2a: Noctowl|Hurricane|p1a: Tropius\n|-supereffective|p1a: Tropius\n|-damage|p1a: Tropius|0 fnt\n|faint|p1a: Tropius\n|\n|upkeep\n|\n|t:|1733838122\n|switch|p1a: Inteleon|Inteleon, L81, M|246/246\n|turn|35\n|inactive|DARXIKUN has 210 seconds left.\n|\n|t:|1733838128\n|move|p1a: Inteleon|Ice Beam|p2a: Noctowl\n|-supereffective|p2a: Noctowl\n|-damage|p2a: Noctowl|9/344\n|move|p2a: Noctowl|Hyper Voice|p1a: Inteleon\n|-damage|p1a: Inteleon|95/246\n|\n|upkeep\n|turn|36\n|inactive|DARXIKUN has 210 seconds left.\n|\n|t:|1733838141\n|move|p1a: Inteleon|Ice Beam|p2a: Noctowl\n|-supereffective|p2a: Noctowl\n|-damage|p2a: Noctowl|0 fnt\n|faint|p2a: Noctowl\n|\n|upkeep\n|\n|t:|1733838147\n|switch|p2a: Raging Bolt|Raging Bolt, L78|129/323\n|turn|37\n|\n|t:|1733838151\n|move|p1a: Inteleon|Ice Beam|p2a: Raging Bolt\n|-supereffective|p2a: Raging Bolt\n|-damage|p2a: Raging Bolt|0 fnt\n|faint|p2a: Raging Bolt\n|-end|p2a: Raging Bolt|Protosynthesis|[silent]\n|\n|upkeep\n|\n|t:|1733838154\n|switch|p2a: Alcremie|Alcremie, L90, F|263/263\n|turn|38\n|\n|t:|1733838158\n|move|p1a: Inteleon|Ice Beam|p2a: Alcremie\n|-damage|p2a: Alcremie|178/263\n|move|p2a: Alcremie|Alluring Voice|p1a: Inteleon\n|-damage|p1a: Inteleon|0 fnt\n|faint|p1a: Inteleon\n|\n|win|WinstonZaHuman\n|c|\u2606WinstonZaHuman|gg\n|l|\u2606DARXIKUN\n|player|p1|\n", "inputlog": ">version bfd83cad13791eb5a5a409923076391caf6fb4d4\n>start {\"formatid\":\"gen9randombattle\",\"seed\":[30088,63910,56822,23151]}\n>player p1 {\"name\":\"DARXIKUN\",\"avatar\":\"ghetsis-gen5bw\",\"rating\":0,\"seed\":[17651,19947,4650,48385]}\n>player p2 {\"name\":\"WinstonZaHuman\",\"avatar\":\"anabel-gen7\",\"rating\":0,\"seed\":[28428,10230,41043,35017]}\n>p1 move hurricane terastallize\n>p2 switch 6\n>p1 move discharge\n>p2 move substitute\n>p1 move discharge\n>p2 move protect\n>p1 move discharge\n>p2 move bodyslam\n>p1 move discharge\n>p2 move protect\n>p1 move discharge\n>p2 move knockoff\n>p1 move hurricane\n>p2 move protect\n>p1 move hurricane\n>p2 move bodyslam\n>p1 switch 5\n>p1 move closecombat\n>p2 move bodyslam\n>p1 move closecombat\n>p2 move bodyslam\n>p1 switch 2\n>p1 move willowisp\n>p2 move bodyslam\n>chat \u2606DARXIKUN|wait for few mins\n>chat \u2606DARXIKUN|some urgent task\n>chat \u2606WinstonZaHuman|no lie I didn't think Reggie would get this far\n>chat \u2606DARXIKUN|ya\n>p1 move willowisp\n>p2 move bodyslam\n>p1 move gunkshot\n>p2 move bodyslam\n>p1 move gunkshot\n>p2 move bodyslam\n>p1 switch 3\n>p2 move bodyslam\n>p1 move irondefense\n>p2 move knockoff\n>p1 move irondefense\n>p2 move knockoff\n>p1 move irondefense\n>p2 move bodyslam\n>p1 move slackoff\n>p2 move bodyslam\n>p1 move slackoff\n>p2 move bodyslam\n>p1 move bodypress\n>p2 move knockoff\n>chat \u2606DARXIKUN|shit\n>p2 switch 2\n>p1 move bodypress\n>p2 move gigadrain\n>p1 switch 3\n>p2 move gigadrain\n>p1 move gunkshot\n>p2 move strengthsap\n>p2 switch 4\n>p1 move willowisp\n>p2 move thunderbolt\n>p1 switch 4\n>p1 move earthquake\n>p2 move thunderbolt\n>p1 move earthquake\n>p2 move thunderbolt\n>p1 switch 3\n>p2 move thunderbolt\n>p1 switch 6\n>p1 move darkpulse\n>p2 move thunderbolt\n>p2 switch 3\n>p1 switch 3\n>p2 move thunderclap\n>p1 move dragondance\n>p2 move thunderbolt\n>p1 move earthquake\n>p2 move thunderbolt\n>p1 move earthquake\n>p2 switch 5\n>p1 move dualwingbeat\n>p2 move hurricane\n>p1 switch 3\n>p1 move icebeam\n>p2 move hypervoice\n>p1 move icebeam\n>p2 move roost\n>p2 switch 5\n>p1 move icebeam\n>p2 move thunderbolt\n>p2 switch 6\n>p1 move icebeam\n>p2 move alluringvoice", "uploadtime": 1733838228, "views": 1, "formatid": "gen9randombattle", "rating": null, "private": 0, "password": null}