{"id": "gen9randombattle-2260051026", "format": "[Gen 9] Random Battle", "players": ["Zesralemsie", "Kwes"], "log": "|j|\u2606Zesralemsie\n|j|\u2606Kwes\n|t:|1733795849\n|gametype|singles\n|player|p1|Zesralemsie|blackbelt-gen4dp|1123\n|player|p2|Kwes|hoopster|1172\n|teamsize|p1|6\n|teamsize|p2|6\n|gen|9\n|tier|[Gen 9] Random Battle\n|rated|\n|rule|Species Clause: Limit one of each Pok\u00e9mon\n|rule|HP Percentage Mod: HP is shown in percentages\n|rule|Sleep Clause Mod: Limit one foe put to sleep\n|rule|Illusion Level Mod: Illusion disguises the Pok\u00e9mon's true level\n|\n|t:|1733795849\n|start\n|switch|p1a: Ursaring|Ursaring, L84, M|288/288\n|switch|p2a: Zebstrika|Zebstrika, L87, M|272/272\n|turn|1\n|inactive|Battle timer is ON: inactive players will automatically lose when time's up. (requested by Zesralemsie)\n|\n|t:|1733795866\n|move|p2a: Zebstrika|Supercell Slam|p1a: Ursaring\n|-damage|p1a: Ursaring|175/288\n|-damage|p2a: Zebstrika|245/272|[from] item: Life Orb\n|move|p1a: Ursaring|Sleep Talk||[still]\n|-fail|p1a: Ursaring\n|\n|upkeep\n|turn|2\n|\n|t:|1733795880\n|switch|p2a: Overqwil|Overqwil, L82, M|274/274\n|-ability|p2a: Overqwil|Intimidate|boost\n|-unboost|p1a: Ursaring|atk|1\n|move|p1a: Ursaring|Body Slam|p2a: Overqwil\n|-damage|p2a: Overqwil|199/274\n|-status|p2a: Overqwil|par\n|\n|upkeep\n|turn|3\n|\n|t:|1733795894\n|move|p1a: Ursaring|Sleep Talk||[still]\n|-fail|p1a: Ursaring\n|move|p2a: Overqwil|Swords Dance|p2a: Overqwil\n|-boost|p2a: Overqwil|atk|2\n|\n|upkeep\n|turn|4\n|\n|t:|1733795900\n|move|p1a: Ursaring|Throat Chop|p2a: Overqwil\n|-resisted|p2a: Overqwil\n|-damage|p2a: Overqwil|178/274 par\n|-start|p2a: Overqwil|Throat Chop|[silent]\n|move|p2a: Overqwil|Scale Shot|p1a: Ursaring\n|-crit|p1a: Ursaring\n|-damage|p1a: Ursaring|132/288\n|-damage|p1a: Ursaring|102/288\n|-damage|p1a: Ursaring|73/288\n|-damage|p1a: Ursaring|43/288\n|-damage|p1a: Ursaring|16/288\n|-hitcount|p1a: Ursaring|5\n|-unboost|p2a: Overqwil|def|1\n|-boost|p2a: Overqwil|spe|1\n|\n|upkeep\n|turn|5\n|\n|t:|1733795908\n|move|p1a: Ursaring|Body Slam|p2a: Overqwil\n|-damage|p2a: Overqwil|76/274 par\n|move|p2a: Overqwil|Scale Shot|p1a: Ursaring\n|-damage|p1a: Ursaring|0 fnt\n|faint|p1a: Ursaring\n|-hitcount|p1: Ursaring|1\n|-unboost|p2a: Overqwil|def|1\n|-boost|p2a: Overqwil|spe|1\n|\n|-end|p2a: Overqwil|Throat Chop|[silent]\n|upkeep\n|\n|t:|1733795912\n|switch|p1a: Iron Moth|Iron Moth, L78|253/253\n|turn|6\n|\n|t:|1733795922\n|move|p1a: Iron Moth|Fiery Dance|p2a: Overqwil\n|-damage|p2a: Overqwil|0 fnt\n|faint|p2a: Overqwil\n|\n|upkeep\n|\n|t:|1733795931\n|switch|p2a: Excadrill|Excadrill, L79, M|303/303\n|-ability|p2a: Excadrill|Mold Breaker\n|turn|7\n|\n|t:|1733795940\n|-end|p1a: Iron Moth|Quark Drive|[silent]\n|switch|p1a: Trevenant|Trevenant, L88, M|293/293\n|move|p2a: Excadrill|Rapid Spin|p1a: Trevenant\n|-immune|p1a: Trevenant\n|\n|upkeep\n|turn|8\n|\n|t:|1733795946\n|switch|p2a: Delibird|Delibird, M|252/252\n|move|p1a: Trevenant|Drain Punch|p2a: Delibird\n|-damage|p2a: Delibird|159/252\n|\n|upkeep\n|turn|9\n|\n|t:|1733795953\n|move|p2a: Delibird|Ice Spinner|p1a: Trevenant\n|-supereffective|p1a: Trevenant\n|-damage|p1a: Trevenant|57/293\n|-enditem|p1a: Trevenant|Sitrus Berry|[eat]\n|-heal|p1a: Trevenant|130/293|[from] item: Sitrus Berry\n|move|p1a: Trevenant|Toxic|p2a: Delibird\n|-status|p2a: Delibird|tox\n|\n|-damage|p2a: Delibird|144/252 tox|[from] psn\n|upkeep\n|turn|10\n|\n|t:|1733795961\n|move|p1a: Trevenant|Protect|p1a: Trevenant\n|-singleturn|p1a: Trevenant|Protect\n|move|p2a: Delibird|Ice Spinner|p1a: Trevenant\n|-activate|p1a: Trevenant|move: Protect\n|\n|-damage|p2a: Delibird|114/252 tox|[from] psn\n|upkeep\n|turn|11\n|\n|t:|1733795974\n|move|p2a: Delibird|Ice Spinner|p1a: Trevenant|[miss]\n|-miss|p2a: Delibird|p1a: Trevenant\n|move|p1a: Trevenant|Drain Punch|p2a: Delibird\n|-damage|p2a: Delibird|30/252 tox\n|-heal|p1a: Trevenant|172/293|[from] drain|[of] p2a: Delibird\n|\n|-damage|p2a: Delibird|0 fnt|[from] psn\n|faint|p2a: Delibird\n|upkeep\n|\n|t:|1733795979\n|switch|p2a: Alomomola|Alomomola, L87, M|429/429\n|turn|12\n|inactive|Kwes has 120 seconds left.\n|inactive|Kwes has 90 seconds left.\n|c|\u2606Zesralemsie|what r u thinking about\n|inactive|Kwes has 60 seconds left.\n|inactive|Kwes has 30 seconds left.\n|inactive|Kwes has 20 seconds left.\n|inactive|Kwes has 15 seconds left.\n|inactive|Kwes has 10 seconds left.\n|inactive|Kwes has 5 seconds left.\n|-message|Kwes lost due to inactivity.\n|\n|win|Zesralemsie\n|raw|Zesralemsie's rating: 1123 &rarr; <strong>1152</strong><br />(+29 for winning)\n|raw|Kwes's rating: 1172 &rarr; <strong>1143</strong><br />(-29 for losing)\n", "inputlog": ">version bfd83cad13791eb5a5a409923076391caf6fb4d4\n>start {\"formatid\":\"gen9randombattle\",\"seed\":[43629,28465,45374,64593],\"rated\":\"Rated battle\"}\n>player p1 {\"name\":\"Zesralemsie\",\"avatar\":\"blackbelt-gen4dp\",\"rating\":1123,\"seed\":[1841,7291,53024,16346]}\n>player p2 {\"name\":\"Kwes\",\"avatar\":\"hoopster\",\"rating\":1172,\"seed\":[53634,9898,13976,59608]}\n>p1 move sleeptalk\n>p2 move supercellslam\n>p1 move bodyslam\n>p2 switch 3\n>p1 move sleeptalk\n>p2 move swordsdance\n>p1 move throatchop\n>p2 move scaleshot\n>p1 move bodyslam\n>p2 move scaleshot\n>p1 switch 5\n>p1 move fierydance\n>p2 move crunch\n>p2 switch 4\n>p1 switch 2\n>p2 move rapidspin\n>p1 move drainpunch\n>p2 switch 5\n>p1 move toxic\n>p2 move icespinner\n>p1 move protect\n>p2 move icespinner\n>p1 move drainpunch\n>p2 move icespinner\n>p2 switch 2\n>chat \u2606Zesralemsie|what r u thinking about\n>forcelose p2", "uploadtime": 1733796132, "views": 5, "formatid": "gen9randombattle", "rating": 1143, "private": 0, "password": null}