{"id": "gen9randombattle-2260750250", "format": "[Gen 9] Random Battle", "players": ["hgfddbgdfnh", "elpokepapuXD"], "log": "|j|\u2606hgfddbgdfnh\n|j|\u2606elpokepapuXD\n|t:|1733886677\n|gametype|singles\n|player|p1|hgfddbgdfnh|266|1040\n|player|p2|elpokepapuXD|266|1046\n|teamsize|p1|6\n|teamsize|p2|6\n|gen|9\n|tier|[Gen 9] Random Battle\n|rated|\n|rule|Species Clause: Limit one of each Pok\u00e9mon\n|rule|HP Percentage Mod: HP is shown in percentages\n|rule|Sleep Clause Mod: Limit one foe put to sleep\n|rule|Illusion Level Mod: Illusion disguises the Pok\u00e9mon's true level\n|\n|t:|1733886677\n|start\n|switch|p1a: Espathra|Espathra, L80, M|283/283\n|switch|p2a: Maushold|Maushold-Four, L76|238/238\n|turn|1\n|\n|t:|1733886690\n|move|p1a: Espathra|Calm Mind|p1a: Espathra\n|-boost|p1a: Espathra|spa|1\n|-boost|p1a: Espathra|spd|1\n|move|p2a: Maushold|Tidy Up|p2a: Maushold\n|-boost|p2a: Maushold|atk|1\n|-boost|p2a: Maushold|spe|1\n|\n|-ability|p1a: Espathra|Speed Boost|boost\n|-boost|p1a: Espathra|spe|1\n|upkeep\n|turn|2\n|inactive|Battle timer is ON: inactive players will automatically lose when time's up. (requested by elpokepapuXD)\n|\n|t:|1733886706\n|move|p1a: Espathra|Calm Mind|p1a: Espathra\n|-boost|p1a: Espathra|spa|1\n|-boost|p1a: Espathra|spd|1\n|move|p2a: Maushold|Tidy Up|p2a: Maushold\n|-boost|p2a: Maushold|atk|1\n|-boost|p2a: Maushold|spe|1\n|\n|-ability|p1a: Espathra|Speed Boost|boost\n|-boost|p1a: Espathra|spe|1\n|upkeep\n|turn|3\n|\n|t:|1733886721\n|move|p1a: Espathra|Stored Power|p2a: Maushold\n|-damage|p2a: Maushold|0 fnt\n|faint|p2a: Maushold\n|\n|-ability|p1a: Espathra|Speed Boost|boost\n|-boost|p1a: Espathra|spe|1\n|upkeep\n|\n|t:|1733886735\n|switch|p2a: Lunala|Lunala, L70|308/308\n|turn|4\n|\n|t:|1733886748\n|move|p1a: Espathra|Stored Power|p2a: Lunala\n|-resisted|p2a: Lunala\n|-damage|p2a: Lunala|226/308\n|move|p2a: Lunala|Moongeist Beam|p1a: Espathra\n|-supereffective|p1a: Espathra\n|-damage|p1a: Espathra|139/283\n|\n|-heal|p1a: Espathra|156/283|[from] item: Leftovers\n|-heal|p2a: Lunala|245/308|[from] item: Leftovers\n|-ability|p1a: Espathra|Speed Boost|boost\n|-boost|p1a: Espathra|spe|1\n|upkeep\n|turn|5\n|\n|t:|1733886766\n|-terastallize|p1a: Espathra|Fairy\n|move|p1a: Espathra|Dazzling Gleam|p2a: Lunala\n|-damage|p2a: Lunala|79/308\n|move|p2a: Lunala|Moongeist Beam|p1a: Espathra\n|-damage|p1a: Espathra|90/283\n|\n|-heal|p1a: Espathra|107/283|[from] item: Leftovers\n|-heal|p2a: Lunala|98/308|[from] item: Leftovers\n|-ability|p1a: Espathra|Speed Boost|boost\n|-boost|p1a: Espathra|spe|1\n|upkeep\n|turn|6\n|\n|t:|1733886788\n|switch|p2a: Rhyperior|Rhyperior, L82, F|323/323\n|move|p1a: Espathra|Dazzling Gleam|p2a: Rhyperior\n|-damage|p2a: Rhyperior|176/323\n|\n|-heal|p1a: Espathra|124/283|[from] item: Leftovers\n|-ability|p1a: Espathra|Speed Boost|boost\n|-boost|p1a: Espathra|spe|1\n|upkeep\n|turn|7\n|\n|t:|1733886802\n|move|p1a: Espathra|Protect|p1a: Espathra\n|-singleturn|p1a: Espathra|Protect\n|move|p2a: Rhyperior|Megahorn|p1a: Espathra\n|-activate|p1a: Espathra|move: Protect\n|\n|-heal|p1a: Espathra|141/283|[from] item: Leftovers\n|upkeep\n|turn|8\n|\n|t:|1733886816\n|move|p1a: Espathra|Stored Power|p2a: Rhyperior\n|-damage|p2a: Rhyperior|0 fnt\n|faint|p2a: Rhyperior\n|\n|-heal|p1a: Espathra|158/283|[from] item: Leftovers\n|upkeep\n|\n|t:|1733886823\n|switch|p2a: Wigglytuff|Wigglytuff, L96, F|424/424\n|turn|9\n|\n|t:|1733886839\n|-terastallize|p2a: Wigglytuff|Poison\n|move|p1a: Espathra|Stored Power|p2a: Wigglytuff\n|-supereffective|p2a: Wigglytuff\n|-damage|p2a: Wigglytuff|0 fnt\n|faint|p2a: Wigglytuff\n|\n|-heal|p1a: Espathra|175/283|[from] item: Leftovers\n|upkeep\n|\n|t:|1733886845\n|switch|p2a: Spiritomb|Spiritomb, L89, F|234/234\n|turn|10\n|\n|t:|1733886856\n|move|p1a: Espathra|Dazzling Gleam|p2a: Spiritomb\n|-supereffective|p2a: Spiritomb\n|-damage|p2a: Spiritomb|0 fnt\n|faint|p2a: Spiritomb\n|\n|-heal|p1a: Espathra|192/283|[from] item: Leftovers\n|upkeep\n|l|\u2606elpokepapuXD\n|inactive|elpokepapuXD disconnected and has a minute to reconnect!\n|player|p2|\n|inactive|elpokepapuXD has 30 seconds to reconnect!\n|inactive|elpokepapuXD has 20 seconds to reconnect!\n|inactive|elpokepapuXD has 15 seconds to reconnect!\n|inactive|elpokepapuXD has 10 seconds to reconnect!\n|inactive|elpokepapuXD has 5 seconds to reconnect!\n|-message|elpokepapuXD lost due to inactivity.\n|\n|win|hgfddbgdfnh\n|raw|hgfddbgdfnh's rating: 1040 &rarr; <strong>1075</strong><br />(+35 for winning)\n|raw|elpokepapuXD's rating: 1046 &rarr; <strong>1029</strong><br />(-17 for losing)\n|l|\u2606hgfddbgdfnh\n|player|p1|\n", "inputlog": ">version bfd83cad13791eb5a5a409923076391caf6fb4d4\n>start {\"formatid\":\"gen9randombattle\",\"seed\":[39771,19888,11641,302],\"rated\":\"Rated battle\"}\n>player p1 {\"name\":\"hgfddbgdfnh\",\"avatar\":\"266\",\"rating\":1040,\"seed\":[5569,18852,49670,42761]}\n>player p2 {\"name\":\"elpokepapuXD\",\"avatar\":\"266\",\"rating\":1046,\"seed\":[49510,42003,61006,12110]}\n>p1 move calmmind\n>p2 move tidyup\n>p1 move calmmind\n>p2 move tidyup\n>p1 move storedpower\n>p2 move encore\n>p2 switch 2\n>p1 move storedpower\n>p2 move moongeistbeam\n>p1 move dazzlinggleam terastallize\n>p2 move moongeistbeam\n>p1 move dazzlinggleam\n>p2 switch 3\n>p1 move protect\n>p2 move megahorn\n>p1 move storedpower\n>p2 move earthquake\n>p2 switch 6\n>p1 move storedpower\n>p2 move alluringvoice terastallize\n>p2 switch 4\n>p1 move dazzlinggleam\n>p2 move foulplay\n>forcelose p2", "uploadtime": 1733887034, "views": 13, "formatid": "gen9randombattle", "rating": 1029, "private": 0, "password": null}