{"id": "gen9randombattle-2059984419", "format": "[Gen 9] Random Battle", "players": ["Jaikido", "withalladat"], "log": "|j|\u2606Jaikido\n|j|\u2606withalladat\n|t:|1708010810\n|gametype|singles\n|player|p1|Jaikido|170|2220\n|player|p2|withalladat|pokemaniac|2261\n|teamsize|p1|6\n|teamsize|p2|6\n|gen|9\n|tier|[Gen 9] Random Battle\n|rated|\n|rule|Species Clause: Limit one of each Pok\u00e9mon\n|rule|HP Percentage Mod: HP is shown in percentages\n|rule|Sleep Clause Mod: Limit one foe put to sleep\n|rule|Illusion Level Mod: Illusion disguises the Pok\u00e9mon's true level\n|\n|t:|1708010810\n|start\n|switch|p1a: Pachirisu|Pachirisu, L95, F|268/268\n|switch|p2a: Toxapex|Toxapex, L82, M|216/216\n|turn|1\n|inactive|Battle timer is ON: inactive players will automatically lose when time's up. (requested by withalladat)\n|\n|t:|1708010826\n|move|p1a: Pachirisu|U-turn|p2a: Toxapex\n|-resisted|p2a: Toxapex\n|-damage|p2a: Toxapex|205/216\n|-damage|p1a: Pachirisu|224/268|[from] item: Rocky Helmet|[of] p2a: Toxapex\n|\n|t:|1708010829\n|switch|p1a: Dialga|Dialga, L74|270/270|[from] U-turn\n|-ability|p1a: Dialga|Pressure\n|move|p2a: Toxapex|Toxic|p1a: Dialga\n|-immune|p1a: Dialga\n|\n|upkeep\n|turn|2\n|\n|t:|1708010848\n|switch|p2a: Raikou|Raikou, L81|278/278\n|-ability|p2a: Raikou|Pressure\n|move|p1a: Dialga|Stealth Rock|p2a: Raikou\n|-sidestart|p2: withalladat|move: Stealth Rock\n|\n|upkeep\n|turn|3\n|j| Never Liked Unown\n|\n|t:|1708010860\n|move|p2a: Raikou|Shadow Ball|p1a: Dialga\n|-damage|p1a: Dialga|180/270\n|move|p1a: Dialga|Heavy Slam|p2a: Raikou\n|-resisted|p2a: Raikou\n|-damage|p2a: Raikou|230/278\n|\n|-heal|p1a: Dialga|196/270|[from] item: Leftovers\n|upkeep\n|turn|4\n|\n|t:|1708010867\n|switch|p1a: Ambipom|Ambipom, L84, F|263/263\n|move|p2a: Raikou|Shadow Ball|p1a: Ambipom\n|-immune|p1a: Ambipom\n|\n|upkeep\n|turn|5\n|\n|t:|1708010873\n|switch|p2a: Toxapex|Toxapex, L82, M|216/216\n|-damage|p2a: Toxapex|189/216|[from] Stealth Rock\n|move|p1a: Ambipom|Knock Off|p2a: Toxapex\n|-damage|p2a: Toxapex|142/216\n|-damage|p1a: Ambipom|220/263|[from] item: Rocky Helmet|[of] p2a: Toxapex\n|-enditem|p2a: Toxapex|Rocky Helmet|[from] move: Knock Off|[of] p1a: Ambipom\n|\n|upkeep\n|turn|6\n|\n|t:|1708010884\n|move|p1a: Ambipom|Double-Edge|p2a: Toxapex\n|-damage|p2a: Toxapex|45/216\n|-damage|p1a: Ambipom|188/263|[from] Recoil\n|move|p2a: Toxapex|Recover|p2a: Toxapex\n|-heal|p2a: Toxapex|153/216\n|\n|upkeep\n|turn|7\n|\n|t:|1708010900\n|move|p1a: Ambipom|U-turn|p2a: Toxapex\n|-resisted|p2a: Toxapex\n|-damage|p2a: Toxapex|136/216\n|\n|t:|1708010903\n|switch|p1a: Pachirisu|Pachirisu, L95, F|224/268|[from] U-turn\n|move|p2a: Toxapex|Liquidation|p1a: Pachirisu\n|-damage|p1a: Pachirisu|155/268\n|\n|upkeep\n|turn|8\n|\n|t:|1708010908\n|switch|p2a: Raikou|Raikou, L81|230/278\n|-damage|p2a: Raikou|196/278|[from] Stealth Rock\n|-ability|p2a: Raikou|Pressure\n|move|p1a: Pachirisu|Thunderbolt|p2a: Raikou\n|-resisted|p2a: Raikou\n|-damage|p2a: Raikou|162/278\n|\n|upkeep\n|turn|9\n|\n|t:|1708010927\n|move|p1a: Pachirisu|U-turn|p2a: Raikou\n|-damage|p2a: Raikou|122/278\n|\n|t:|1708010933\n|switch|p1a: Dialga|Dialga, L74|196/270|[from] U-turn\n|-ability|p1a: Dialga|Pressure\n|move|p2a: Raikou|Scald|p1a: Dialga\n|-resisted|p1a: Dialga\n|-damage|p1a: Dialga|151/270\n|\n|-heal|p1a: Dialga|167/270|[from] item: Leftovers\n|upkeep\n|turn|10\n|\n|t:|1708010940\n|move|p2a: Raikou|Scald|p1a: Dialga\n|-resisted|p1a: Dialga\n|-damage|p1a: Dialga|119/270\n|move|p1a: Dialga|Draco Meteor|p2a: Raikou\n|-damage|p2a: Raikou|0 fnt\n|-unboost|p1a: Dialga|spa|2\n|faint|p2a: Raikou\n|\n|-heal|p1a: Dialga|135/270|[from] item: Leftovers\n|upkeep\n|inactive|withalladat has 120 seconds left.\n|\n|t:|1708010987\n|switch|p2a: Iron Valiant|Iron Valiant, L79|247/247\n|-damage|p2a: Iron Valiant|232/247|[from] Stealth Rock\n|turn|11\n|\n|t:|1708010993\n|switch|p1a: Misdreavus|Misdreavus, L90, F|254/254\n|move|p2a: Iron Valiant|Close Combat|p1a: Misdreavus\n|-immune|p1a: Misdreavus\n|\n|upkeep\n|turn|12\n|inactive|withalladat has 120 seconds left.\n|\n|t:|1708011002\n|move|p2a: Iron Valiant|Knock Off|p1a: Misdreavus\n|-supereffective|p1a: Misdreavus\n|-damage|p1a: Misdreavus|77/254\n|-enditem|p1a: Misdreavus|Eviolite|[from] move: Knock Off|[of] p2a: Iron Valiant\n|-damage|p2a: Iron Valiant|208/247|[from] item: Life Orb\n|move|p1a: Misdreavus|Will-O-Wisp|p2a: Iron Valiant\n|-status|p2a: Iron Valiant|brn\n|\n|-damage|p2a: Iron Valiant|193/247 brn|[from] brn\n|upkeep\n|turn|13\n|inactive|Jaikido has 120 seconds left.\n|\n|t:|1708011034\n|move|p2a: Iron Valiant|Close Combat|p1a: Misdreavus\n|-immune|p1a: Misdreavus\n|move|p1a: Misdreavus|Shadow Ball|p2a: Iron Valiant\n|-damage|p2a: Iron Valiant|63/247 brn\n|-unboost|p2a: Iron Valiant|spd|1\n|\n|-damage|p2a: Iron Valiant|48/247 brn|[from] brn\n|upkeep\n|turn|14\n|\n|t:|1708011041\n|move|p2a: Iron Valiant|Knock Off|p1a: Misdreavus\n|-supereffective|p1a: Misdreavus\n|-damage|p1a: Misdreavus|0 fnt\n|faint|p1a: Misdreavus\n|-damage|p2a: Iron Valiant|24/247 brn|[from] item: Life Orb\n|\n|-damage|p2a: Iron Valiant|9/247 brn|[from] brn\n|upkeep\n|\n|t:|1708011044\n|switch|p1a: Ambipom|Ambipom, L84, F|188/263\n|turn|15\n|\n|t:|1708011049\n|move|p1a: Ambipom|Double-Edge|p2a: Iron Valiant\n|-damage|p2a: Iron Valiant|0 fnt\n|faint|p2a: Iron Valiant\n|-end|p2a: Iron Valiant|Quark Drive|[silent]\n|-damage|p1a: Ambipom|185/263|[from] Recoil\n|\n|upkeep\n|\n|t:|1708011054\n|switch|p2a: Ambipom|Ambipom, L84, M|263/263\n|-damage|p2a: Ambipom|231/263|[from] Stealth Rock\n|turn|16\n|\n|t:|1708011060\n|switch|p1a: Coalossal|Coalossal, L88, M|337/337\n|move|p2a: Ambipom|Double-Edge|p1a: Coalossal\n|-resisted|p1a: Coalossal\n|-damage|p1a: Coalossal|274/337\n|-damage|p2a: Ambipom|210/263|[from] Recoil\n|\n|upkeep\n|turn|17\n|\n|t:|1708011070\n|switch|p2a: Toxapex|Toxapex, L82, M|208/216\n|-damage|p2a: Toxapex|181/216|[from] Stealth Rock\n|move|p1a: Coalossal|Spikes|p2a: Toxapex\n|-sidestart|p2: withalladat|Spikes\n|\n|upkeep\n|turn|18\n|\n|t:|1708011082\n|switch|p1a: Pachirisu|Pachirisu, L95, F|155/268\n|move|p2a: Toxapex|Liquidation|p1a: Pachirisu\n|-damage|p1a: Pachirisu|95/268\n|\n|upkeep\n|turn|19\n|\n|t:|1708011087\n|move|p1a: Pachirisu|Thunderbolt|p2a: Toxapex\n|-supereffective|p2a: Toxapex\n|-crit|p2a: Toxapex\n|-damage|p2a: Toxapex|31/216\n|move|p2a: Toxapex|Liquidation|p1a: Pachirisu\n|-damage|p1a: Pachirisu|34/268\n|\n|upkeep\n|turn|20\n|\n|t:|1708011090\n|move|p1a: Pachirisu|Thunderbolt|p2a: Toxapex\n|-supereffective|p2a: Toxapex\n|-damage|p2a: Toxapex|0 fnt\n|faint|p2a: Toxapex\n|\n|upkeep\n|\n|t:|1708011095\n|switch|p2a: Ambipom|Ambipom, L84, M|210/263\n|-damage|p2a: Ambipom|178/263|[from] Stealth Rock\n|-damage|p2a: Ambipom|146/263|[from] Spikes\n|turn|21\n|\n|t:|1708011099\n|move|p2a: Ambipom|Knock Off|p1a: Pachirisu\n|-damage|p1a: Pachirisu|0 fnt\n|-enditem|p1a: Pachirisu|Assault Vest|[from] move: Knock Off|[of] p2a: Ambipom\n|faint|p1a: Pachirisu\n|\n|upkeep\n|\n|t:|1708011101\n|switch|p1a: Coalossal|Coalossal, L88, M|274/337\n|turn|22\n|\n|t:|1708011108\n|move|p2a: Ambipom|Double-Edge|p1a: Coalossal\n|-resisted|p1a: Coalossal\n|-damage|p1a: Coalossal|211/337\n|-damage|p2a: Ambipom|125/263|[from] Recoil\n|move|p1a: Coalossal|Stone Edge|p2a: Ambipom\n|-damage|p2a: Ambipom|0 fnt\n|faint|p2a: Ambipom\n|\n|upkeep\n|\n|t:|1708011111\n|switch|p2a: Basculin|Basculin, L86, M|261/261\n|-damage|p2a: Basculin|229/261|[from] Stealth Rock\n|-damage|p2a: Basculin|197/261|[from] Spikes\n|turn|23\n|\n|t:|1708011117\n|move|p2a: Basculin|Wave Crash|p1a: Coalossal\n|-supereffective|p1a: Coalossal\n|-damage|p1a: Coalossal|0 fnt\n|faint|p1a: Coalossal\n|-damage|p2a: Basculin|127/261|[from] Recoil\n|\n|upkeep\n|\n|t:|1708011119\n|switch|p1a: Ambipom|Ambipom, L84, F|185/263\n|turn|24\n|\n|t:|1708011129\n|move|p1a: Ambipom|Double-Edge|p2a: Basculin\n|-damage|p2a: Basculin|0 fnt\n|faint|p2a: Basculin\n|-damage|p1a: Ambipom|143/263|[from] Recoil\n|\n|upkeep\n|\n|t:|1708011131\n|switch|p2a: Raging Bolt|Raging Bolt, L78|323/323\n|-damage|p2a: Raging Bolt|283/323|[from] Stealth Rock\n|-damage|p2a: Raging Bolt|243/323|[from] Spikes\n|turn|25\n|\n|t:|1708011158\n|-terastallize|p2a: Raging Bolt|Electric\n|move|p2a: Raging Bolt|Thunderclap|p1a: Ambipom\n|-damage|p1a: Ambipom|0 fnt\n|faint|p1a: Ambipom\n|\n|upkeep\n|\n|t:|1708011161\n|switch|p1a: Dialga|Dialga, L74|135/270\n|-ability|p1a: Dialga|Pressure\n|turn|26\n|inactive|withalladat has 120 seconds left.\n|\n|t:|1708011207\n|move|p1a: Dialga|Draco Meteor|p2a: Raging Bolt\n|-damage|p2a: Raging Bolt|140/323\n|-unboost|p1a: Dialga|spa|2\n|move|p2a: Raging Bolt|Draco Meteor|p1a: Dialga\n|-damage|p1a: Dialga|0 fnt\n|-unboost|p2a: Raging Bolt|spa|2\n|faint|p1a: Dialga\n|\n|upkeep\n|\n|t:|1708011212\n|switch|p1a: Spectrier|Spectrier, L75|274/274\n|turn|27\n|\n|t:|1708011218\n|move|p1a: Spectrier|Nasty Plot|p1a: Spectrier\n|-boost|p1a: Spectrier|spa|2\n|move|p2a: Raging Bolt|Thunderbolt|p1a: Spectrier\n|-damage|p1a: Spectrier|186/274\n|\n|upkeep\n|turn|28\n|\n|t:|1708011225\n|-terastallize|p1a: Spectrier|Fairy\n|move|p2a: Raging Bolt|Thunderclap|p1a: Spectrier\n|-damage|p1a: Spectrier|118/274\n|move|p1a: Spectrier|Draining Kiss|p2a: Raging Bolt\n|-damage|p2a: Raging Bolt|4/323\n|-heal|p1a: Spectrier|220/274|[from] drain|[of] p2a: Raging Bolt\n|-damage|p1a: Spectrier|193/274|[from] item: Life Orb\n|\n|upkeep\n|turn|29\n|\n|t:|1708011231\n|move|p2a: Raging Bolt|Thunderclap|p1a: Spectrier\n|-damage|p1a: Spectrier|119/274\n|move|p1a: Spectrier|Draining Kiss|p2a: Raging Bolt\n|-damage|p2a: Raging Bolt|0 fnt\n|-heal|p1a: Spectrier|122/274|[from] drain|[of] p2a: Raging Bolt\n|faint|p2a: Raging Bolt\n|-end|p2a: Raging Bolt|Protosynthesis|[silent]\n|-damage|p1a: Spectrier|95/274|[from] item: Life Orb\n|\n|win|Jaikido\n|raw|Jaikido's rating: 2220 &rarr; <strong>2242</strong><br />(+22 for winning)\n|raw|withalladat's rating: 2261 &rarr; <strong>2239</strong><br />(-22 for losing)\n", "inputlog": ">version de83653606c272e7c0c778fb40cf7baa5f066de2\n>start {\"formatid\":\"gen9randombattle\",\"seed\":[3868,6196,38796,1105],\"rated\":\"Rated battle\"}\n>player p1 {\"name\":\"Jaikido\",\"avatar\":\"170\",\"rating\":2220,\"seed\":[21759,38997,16890,28181]}\n>player p2 {\"name\":\"withalladat\",\"avatar\":\"pokemaniac\",\"rating\":2261,\"seed\":[33838,51940,24340,56175]}\n>p1 move uturn\n>p2 move toxic\n>p1 switch 2\n>p1 move stealthrock\n>p2 switch 6\n>p1 move heavyslam\n>p2 move shadowball\n>p1 switch 6\n>p2 move shadowball\n>p1 move knockoff\n>p2 switch 6\n>p1 move doubleedge\n>p2 move recover\n>p1 move uturn\n>p2 move liquidation\n>p1 switch 2\n>p1 move thunderbolt\n>p2 switch 6\n>p1 move uturn\n>p2 move scald\n>p1 switch 6\n>p1 move dracometeor\n>p2 move scald\n>p2 switch 4\n>p1 switch 5\n>p2 move closecombat\n>p1 move willowisp\n>p2 move knockoff\n>p1 move shadowball\n>p2 move closecombat\n>p1 move drainingkiss\n>p2 move knockoff\n>p1 switch 2\n>p1 move doubleedge\n>p2 move closecombat\n>p2 switch 3\n>p1 switch 4\n>p2 move doubleedge\n>p1 move spikes\n>p2 switch 6\n>p1 switch 6\n>p2 move liquidation\n>p1 move thunderbolt\n>p2 move liquidation\n>p1 move thunderbolt\n>p2 move liquidation\n>p2 switch 6\n>p1 move nuzzle\n>p2 move knockoff\n>p1 switch 6\n>p1 move stoneedge\n>p2 move doubleedge\n>p2 switch 2\n>p1 move stoneedge\n>p2 move wavecrash\n>p1 switch 4\n>p1 move doubleedge\n>p2 move wavecrash\n>p2 switch 5\n>p1 move doubleedge\n>p2 move thunderclap terastallize\n>p1 switch 5\n>p1 move dracometeor\n>p2 move dracometeor\n>p1 switch 3\n>p1 move nastyplot\n>p2 move thunderbolt\n>p1 move drainingkiss terastallize\n>p2 move thunderclap\n>p1 move drainingkiss\n>p2 move thunderclap", "uploadtime": 1708011235, "views": 250, "formatid": "gen9randombattle", "rating": 2239, "private": 0, "password": null}