{"id": "gen9randombattle-2258046358", "format": "[Gen 9] Random Battle", "players": ["katsuge5", "Qiuescent"], "log": "|j|\u2606katsuge5\n|j|\u203dQiuescent\n|t:|1733509967\n|gametype|singles\n|player|p1|katsuge5|101|2246\n|player|p2|Qiuescent|102|2297\n|teamsize|p1|6\n|teamsize|p2|6\n|gen|9\n|tier|[Gen 9] Random Battle\n|rated|\n|rule|Species Clause: Limit one of each Pok\u00e9mon\n|rule|HP Percentage Mod: HP is shown in percentages\n|rule|Sleep Clause Mod: Limit one foe put to sleep\n|rule|Illusion Level Mod: Illusion disguises the Pok\u00e9mon's true level\n|\n|t:|1733509967\n|start\n|switch|p1a: Chien-Pao|Chien-Pao, L72|234/234\n|switch|p2a: Reshiram|Reshiram, L76|277/277\n|-ability|p1a: Chien-Pao|Sword of Ruin\n|-ability|p2a: Reshiram|Turboblaze\n|turn|1\n|inactive|Battle timer is ON: inactive players will automatically lose when time's up. (requested by katsuge5)\n|\n|t:|1733510000\n|switch|p1a: Floatzel|Floatzel, L85, M|283/283\n|move|p2a: Reshiram|Will-O-Wisp|p1a: Floatzel\n|-status|p1a: Floatzel|brn\n|-activate|p1a: Floatzel|ability: Water Veil\n|-curestatus|p1a: Floatzel|brn|[msg]\n|\n|upkeep\n|turn|2\n|\n|t:|1733510026\n|move|p1a: Floatzel|Bulk Up|p1a: Floatzel\n|-boost|p1a: Floatzel|atk|1\n|-boost|p1a: Floatzel|def|1\n|move|p2a: Reshiram|Draco Meteor|p1a: Floatzel\n|-damage|p1a: Floatzel|60/283\n|-unboost|p2a: Reshiram|spa|2\n|\n|-heal|p1a: Floatzel|77/283|[from] item: Leftovers\n|upkeep\n|turn|3\n|\n|t:|1733510050\n|switch|p2a: Vespiquen|Vespiquen, L98, F|296/296\n|-ability|p2a: Vespiquen|Pressure\n|move|p1a: Floatzel|Wave Crash|p2a: Vespiquen\n|-damage|p2a: Vespiquen|124/296\n|-damage|p1a: Floatzel|20/283|[from] Recoil\n|\n|-heal|p1a: Floatzel|37/283|[from] item: Leftovers\n|upkeep\n|turn|4\n|\n|t:|1733510054\n|move|p1a: Floatzel|Ice Spinner|p2a: Vespiquen\n|-supereffective|p2a: Vespiquen\n|-damage|p2a: Vespiquen|0 fnt\n|faint|p2a: Vespiquen\n|\n|-heal|p1a: Floatzel|54/283|[from] item: Leftovers\n|upkeep\n|\n|t:|1733510059\n|switch|p2a: Chimecho|Chimecho, L93, M|290/290\n|turn|5\n|\n|t:|1733510063\n|move|p1a: Floatzel|Wave Crash|p2a: Chimecho\n|-damage|p2a: Chimecho|97/290\n|-damage|p1a: Floatzel|0 fnt|[from] Recoil\n|faint|p1a: Floatzel\n|move|p2a: Chimecho|Recover|p2a: Chimecho\n|-heal|p2a: Chimecho|242/290\n|\n|-heal|p2a: Chimecho|260/290|[from] item: Leftovers\n|upkeep\n|\n|t:|1733510082\n|switch|p1a: Mienshao|Mienshao, L83, F|244/244\n|turn|6\n|\n|t:|1733510093\n|move|p1a: Mienshao|U-turn|p2a: Chimecho\n|-supereffective|p2a: Chimecho\n|-damage|p2a: Chimecho|146/290\n|\n|t:|1733510096\n|switch|p1a: Metagross|Metagross, L79|256/256|[from] U-turn\n|move|p2a: Chimecho|Recover|p2a: Chimecho\n|-heal|p2a: Chimecho|290/290\n|\n|upkeep\n|turn|7\n|\n|t:|1733510101\n|switch|p2a: Reshiram|Reshiram, L76|277/277\n|-ability|p2a: Reshiram|Turboblaze\n|move|p1a: Metagross|Heavy Slam|p2a: Reshiram\n|-resisted|p2a: Reshiram\n|-damage|p2a: Reshiram|253/277\n|\n|upkeep\n|turn|8\n|\n|t:|1733510108\n|switch|p1a: Mienshao|Mienshao, L83, F|244/244\n|move|p2a: Reshiram|Will-O-Wisp|p1a: Mienshao\n|-status|p1a: Mienshao|brn\n|\n|-damage|p1a: Mienshao|229/244 brn|[from] brn\n|upkeep\n|turn|9\n|\n|t:|1733510118\n|switch|p2a: Armarouge|Armarouge, L80, M|267/267\n|move|p1a: Mienshao|Knock Off|p2a: Armarouge\n|-supereffective|p2a: Armarouge\n|-damage|p2a: Armarouge|188/267\n|-ability|p2a: Armarouge|Weak Armor|boost\n|-unboost|p2a: Armarouge|def|1\n|-boost|p2a: Armarouge|spe|2\n|-enditem|p2a: Armarouge|Power Herb|[from] move: Knock Off|[of] p1a: Mienshao\n|\n|-damage|p1a: Mienshao|214/244 brn|[from] brn\n|upkeep\n|turn|10\n|\n|t:|1733510128\n|move|p2a: Armarouge|Meteor Beam||[still]\n|-prepare|p2a: Armarouge|Meteor Beam\n|-boost|p2a: Armarouge|spa|1\n|move|p1a: Mienshao|Knock Off|p2a: Armarouge\n|-supereffective|p2a: Armarouge\n|-damage|p2a: Armarouge|111/267\n|-ability|p2a: Armarouge|Weak Armor|boost\n|-unboost|p2a: Armarouge|def|1\n|-boost|p2a: Armarouge|spe|2\n|\n|-damage|p1a: Mienshao|199/244 brn|[from] brn\n|upkeep\n|turn|11\n|\n|t:|1733510143\n|move|p2a: Armarouge|Meteor Beam|p1a: Mienshao|[from]lockedmove\n|-resisted|p1a: Mienshao\n|-damage|p1a: Mienshao|135/244 brn\n|move|p1a: Mienshao|Knock Off|p2a: Armarouge\n|-supereffective|p2a: Armarouge\n|-damage|p2a: Armarouge|0 fnt\n|faint|p2a: Armarouge\n|\n|-damage|p1a: Mienshao|120/244 brn|[from] brn\n|upkeep\n|\n|t:|1733510148\n|switch|p2a: Chimecho|Chimecho, L93, M|290/290\n|turn|12\n|\n|t:|1733510158\n|move|p1a: Mienshao|Knock Off|p2a: Chimecho\n|-supereffective|p2a: Chimecho\n|-damage|p2a: Chimecho|205/290\n|-enditem|p2a: Chimecho|Leftovers|[from] move: Knock Off|[of] p1a: Mienshao\n|move|p2a: Chimecho|Cosmic Power|p2a: Chimecho\n|-boost|p2a: Chimecho|def|1\n|-boost|p2a: Chimecho|spd|1\n|\n|-damage|p1a: Mienshao|105/244 brn|[from] brn\n|upkeep\n|turn|13\n|\n|t:|1733510163\n|move|p1a: Mienshao|U-turn|p2a: Chimecho\n|-supereffective|p2a: Chimecho\n|-damage|p2a: Chimecho|165/290\n|\n|t:|1733510168\n|switch|p1a: Metagross|Metagross, L79|256/256|[from] U-turn\n|move|p2a: Chimecho|Cosmic Power|p2a: Chimecho\n|-boost|p2a: Chimecho|def|1\n|-boost|p2a: Chimecho|spd|1\n|\n|upkeep\n|turn|14\n|\n|t:|1733510171\n|move|p2a: Chimecho|Recover|p2a: Chimecho\n|-heal|p2a: Chimecho|290/290\n|move|p1a: Metagross|Agility|p1a: Metagross\n|-boost|p1a: Metagross|spe|2\n|\n|upkeep\n|turn|15\n|\n|t:|1733510175\n|move|p1a: Metagross|Heavy Slam|p2a: Chimecho\n|-damage|p2a: Chimecho|217/290\n|move|p2a: Chimecho|Cosmic Power|p2a: Chimecho\n|-boost|p2a: Chimecho|def|1\n|-boost|p2a: Chimecho|spd|1\n|\n|upkeep\n|turn|16\n|\n|t:|1733510188\n|move|p1a: Metagross|Heavy Slam|p2a: Chimecho\n|-damage|p2a: Chimecho|159/290\n|move|p2a: Chimecho|Recover|p2a: Chimecho\n|-heal|p2a: Chimecho|290/290\n|\n|upkeep\n|turn|17\n|\n|t:|1733510191\n|move|p1a: Metagross|Heavy Slam|p2a: Chimecho\n|-damage|p2a: Chimecho|233/290\n|move|p2a: Chimecho|Cosmic Power|p2a: Chimecho\n|-boost|p2a: Chimecho|def|1\n|-boost|p2a: Chimecho|spd|1\n|\n|upkeep\n|turn|18\n|\n|t:|1733510195\n|switch|p1a: Mienshao|Mienshao, L83, F|186/244 brn\n|move|p2a: Chimecho|Cosmic Power|p2a: Chimecho\n|-boost|p2a: Chimecho|def|1\n|-boost|p2a: Chimecho|spd|1\n|\n|-damage|p1a: Mienshao|171/244 brn|[from] brn\n|upkeep\n|turn|19\n|\n|t:|1733510200\n|move|p1a: Mienshao|Fake Out|p2a: Chimecho\n|-damage|p2a: Chimecho|228/290\n|cant|p2a: Chimecho|flinch\n|\n|-damage|p1a: Mienshao|156/244 brn|[from] brn\n|upkeep\n|turn|20\n|\n|t:|1733510206\n|move|p1a: Mienshao|Knock Off|p2a: Chimecho\n|-supereffective|p2a: Chimecho\n|-damage|p2a: Chimecho|212/290\n|move|p2a: Chimecho|Recover|p2a: Chimecho\n|-heal|p2a: Chimecho|290/290\n|\n|-damage|p1a: Mienshao|141/244 brn|[from] brn\n|upkeep\n|turn|21\n|\n|t:|1733510210\n|move|p1a: Mienshao|Knock Off|p2a: Chimecho\n|-supereffective|p2a: Chimecho\n|-damage|p2a: Chimecho|274/290\n|move|p2a: Chimecho|Dazzling Gleam|p1a: Mienshao\n|-supereffective|p1a: Mienshao\n|-damage|p1a: Mienshao|21/244 brn\n|\n|-damage|p1a: Mienshao|6/244 brn|[from] brn\n|upkeep\n|turn|22\n|\n|t:|1733510213\n|move|p1a: Mienshao|Knock Off|p2a: Chimecho\n|-supereffective|p2a: Chimecho\n|-damage|p2a: Chimecho|259/290\n|move|p2a: Chimecho|Cosmic Power|p2a: Chimecho\n|-boost|p2a: Chimecho|def|1\n|-boost|p2a: Chimecho|spd|1\n|\n|-damage|p1a: Mienshao|0 fnt|[from] brn\n|faint|p1a: Mienshao\n|upkeep\n|\n|t:|1733510218\n|switch|p1a: Chien-Pao|Chien-Pao, L72|234/234\n|-ability|p1a: Chien-Pao|Sword of Ruin\n|turn|23\n|\n|t:|1733510226\n|-terastallize|p1a: Chien-Pao|Dark\n|move|p1a: Chien-Pao|Throat Chop|p2a: Chimecho\n|-supereffective|p2a: Chimecho\n|-damage|p2a: Chimecho|155/290\n|-start|p2a: Chimecho|Throat Chop|[silent]\n|move|p2a: Chimecho|Dazzling Gleam|p1a: Chien-Pao\n|-supereffective|p1a: Chien-Pao\n|-damage|p1a: Chien-Pao|34/234\n|\n|upkeep\n|turn|24\n|\n|t:|1733510234\n|-terastallize|p2a: Chimecho|Steel\n|move|p1a: Chien-Pao|Throat Chop|p2a: Chimecho\n|-damage|p2a: Chimecho|103/290\n|move|p2a: Chimecho|Recover|p2a: Chimecho\n|-heal|p2a: Chimecho|248/290\n|\n|-end|p2a: Chimecho|Throat Chop|[silent]\n|upkeep\n|turn|25\n|-message|katsuge5 forfeited.\n|\n|win|Qiuescent\n|raw|katsuge5's rating: 2246 &rarr; <strong>2229</strong><br />(-17 for losing)\n|raw|Qiuescent's rating: 2297 &rarr; <strong>2314</strong><br />(+17 for winning)\n|l|\u2606katsuge5\n|player|p1|\n", "inputlog": ">version f27bf860d389bcfdfe10192499dbd80f1998dac7\n>start {\"formatid\":\"gen9randombattle\",\"seed\":[45646,59954,22694,23175],\"rated\":\"Rated battle\"}\n>player p1 {\"name\":\"katsuge5\",\"avatar\":\"101\",\"rating\":2246,\"seed\":[52112,27545,5048,52281]}\n>player p2 {\"name\":\"Qiuescent\",\"avatar\":\"102\",\"rating\":2297,\"seed\":[6218,43783,41655,31584]}\n>p1 switch 4\n>p2 move willowisp\n>p1 move bulkup\n>p2 move dracometeor\n>p1 move wavecrash\n>p2 switch 4\n>p1 move icespinner\n>p2 move toxicspikes\n>p2 switch 5\n>p1 move wavecrash\n>p2 move recover\n>p1 switch 6\n>p1 move uturn\n>p2 move recover\n>p1 switch 3\n>p1 move heavyslam\n>p2 switch 4\n>p1 switch 3\n>p2 move willowisp\n>p1 move knockoff\n>p2 switch 2\n>p1 move knockoff\n>p2 move meteorbeam\n>p1 move knockoff\n>p2 move meteorbeam\n>p2 switch 4\n>p1 move knockoff\n>p2 move cosmicpower\n>p1 move uturn\n>p2 move cosmicpower\n>p1 switch 3\n>p1 move agility\n>p2 move recover\n>p1 move heavyslam\n>p2 move cosmicpower\n>p1 move heavyslam\n>p2 move recover\n>p1 move heavyslam\n>p2 move cosmicpower\n>p1 switch 3\n>p2 move cosmicpower\n>p1 move fakeout\n>p2 move recover\n>p1 move knockoff\n>p2 move recover\n>p1 move knockoff\n>p2 move dazzlinggleam\n>p1 move knockoff\n>p2 move cosmicpower\n>p1 switch 4\n>p1 move throatchop terastallize\n>p2 move dazzlinggleam\n>p1 move throatchop\n>p2 move recover terastallize\n>forcelose p1", "uploadtime": 1733510242, "views": 13, "formatid": "gen9randombattle", "rating": 2229, "private": 0, "password": null}