{"id": "gen9randombattle-2260786369", "format": "[Gen 9] Random Battle", "players": ["the scholar", "jimsy73"], "log": "|j|\u2606the scholar\n|j|\u2606jimsy73\n|t:|1733891902\n|gametype|singles\n|player|p1|the scholar|schoolkid-gen4dp|1389\n|player|p2|jimsy73|169|1412\n|teamsize|p1|6\n|teamsize|p2|6\n|gen|9\n|tier|[Gen 9] Random Battle\n|rated|\n|rule|Species Clause: Limit one of each Pok\u00e9mon\n|rule|HP Percentage Mod: HP is shown in percentages\n|rule|Sleep Clause Mod: Limit one foe put to sleep\n|rule|Illusion Level Mod: Illusion disguises the Pok\u00e9mon's true level\n|\n|t:|1733891902\n|start\n|switch|p1a: Scyther|Scyther, L82, F|249/249\n|switch|p2a: Mewtwo|Mewtwo, L72|272/272\n|-ability|p2a: Mewtwo|Unnerve\n|turn|1\n|inactive|Battle timer is ON: inactive players will automatically lose when time's up. (requested by the scholar)\n|\n|t:|1733891916\n|switch|p2a: Copperajah|Copperajah, L86, M|350/350\n|move|p1a: Scyther|U-turn|p2a: Copperajah\n|-resisted|p2a: Copperajah\n|-damage|p2a: Copperajah|302/350\n|\n|t:|1733891937\n|switch|p1a: Qwilfish|Qwilfish-Hisui, L83, F|244/244|[from] U-turn\n|-ability|p1a: Qwilfish|Intimidate|boost\n|-unboost|p2a: Copperajah|atk|1\n|\n|upkeep\n|turn|2\n|inactive|jimsy73 has 120 seconds left.\n|inactive|jimsy73 has 90 seconds left.\n|\n|t:|1733892002\n|move|p1a: Qwilfish|Spikes|p2a: Copperajah\n|-sidestart|p2: jimsy73|Spikes\n|move|p2a: Copperajah|Knock Off|p1a: Qwilfish\n|-resisted|p1a: Qwilfish\n|-damage|p1a: Qwilfish|211/244\n|-enditem|p1a: Qwilfish|Eviolite|[from] move: Knock Off|[of] p2a: Copperajah\n|\n|upkeep\n|turn|3\n|inactive|jimsy73 has 90 seconds left.\n|inactive|jimsy73 has 60 seconds left.\n|inactive|jimsy73 has 30 seconds left.\n|inactive|jimsy73 has 20 seconds left.\n|\n|t:|1733892082\n|switch|p2a: Illumise|Illumise, L91, F|266/266\n|move|p1a: Qwilfish|Spikes|p2a: Illumise\n|-sidestart|p2: jimsy73|Spikes\n|\n|upkeep\n|turn|4\n|inactive|jimsy73 has 30 seconds left this turn.\n|\n|t:|1733892096\n|move|p2a: Illumise|Bug Buzz|p1a: Qwilfish\n|-damage|p1a: Qwilfish|93/244\n|move|p1a: Qwilfish|Gunk Shot|p2a: Illumise\n|-damage|p2a: Illumise|131/266\n|\n|upkeep\n|turn|5\n|inactive|jimsy73 has 30 seconds left.\n|\n|t:|1733892110\n|switch|p1a: Honchkrow|Honchkrow, L86, M|312/312\n|move|p2a: Illumise|Bug Buzz|p1a: Honchkrow\n|-damage|p1a: Honchkrow|182/312\n|\n|upkeep\n|turn|6\n|\n|t:|1733892119\n|switch|p2a: Copperajah|Copperajah, L86, M|302/350\n|-damage|p2a: Copperajah|244/350|[from] Spikes\n|move|p1a: Honchkrow|Sucker Punch||[still]\n|-fail|p1a: Honchkrow\n|\n|upkeep\n|turn|7\n|inactive|jimsy73 has 30 seconds left.\n|inactive|jimsy73 has 20 seconds left.\n|inactive|jimsy73 has 15 seconds left.\n|inactive|jimsy73 has 10 seconds left.\n|inactive|jimsy73 has 5 seconds left.\n|\n|t:|1733892164\n|switch|p1a: Qwilfish|Qwilfish-Hisui, L83, F|93/244\n|-ability|p1a: Qwilfish|Intimidate|boost\n|-unboost|p2a: Copperajah|atk|1\n|move|p2a: Copperajah|Stone Edge|p1a: Qwilfish\n|-damage|p1a: Qwilfish|0 fnt\n|faint|p1a: Qwilfish\n|\n|upkeep\n|inactive|jimsy73 has 10 seconds left this turn.\n|\n|t:|1733892175\n|switch|p1a: Hitmontop|Hitmontop, L88, M|231/231\n|-ability|p1a: Hitmontop|Intimidate|boost\n|-unboost|p2a: Copperajah|atk|1\n|turn|8\n|inactive|jimsy73 has 20 seconds left this turn.\n|inactive|jimsy73 has 15 seconds left.\n|\n|t:|1733892192\n|switch|p2a: Illumise|Illumise, L91, F|131/266\n|move|p1a: Hitmontop|Close Combat|p2a: Illumise\n|-resisted|p2a: Illumise\n|-damage|p2a: Illumise|15/266\n|-unboost|p1a: Hitmontop|def|1\n|-unboost|p1a: Hitmontop|spd|1\n|\n|upkeep\n|turn|9\n|inactive|jimsy73 has 25 seconds left this turn.\n|\n|t:|1733892195\n|switch|p1a: Honchkrow|Honchkrow, L86, M|182/312\n|move|p2a: Illumise|Thunder Wave|p1a: Honchkrow\n|-hint|Since gen 7, Dark is immune to Prankster moves.\n|-immune|p1a: Honchkrow\n|\n|upkeep\n|turn|10\n|inactive|jimsy73 has 30 seconds left.\n|\n|t:|1733892204\n|-terastallize|p2a: Illumise|Steel\n|move|p2a: Illumise|Roost|p2a: Illumise\n|-heal|p2a: Illumise|148/266\n|move|p1a: Honchkrow|Sucker Punch||[still]\n|-fail|p1a: Honchkrow\n|\n|upkeep\n|turn|11\n|\n|t:|1733892213\n|move|p2a: Illumise|Bug Buzz|p1a: Honchkrow\n|-damage|p1a: Honchkrow|59/312\n|move|p1a: Honchkrow|Thunder Wave|p2a: Illumise\n|-status|p2a: Illumise|par\n|\n|upkeep\n|turn|12\n|\n|t:|1733892223\n|move|p1a: Honchkrow|Lash Out|p2a: Illumise\n|-damage|p2a: Illumise|46/266 par\n|move|p2a: Illumise|Bug Buzz|p1a: Honchkrow\n|-damage|p1a: Honchkrow|0 fnt\n|faint|p1a: Honchkrow\n|\n|upkeep\n|\n|t:|1733892237\n|switch|p1a: Hydrapple|Hydrapple, L83, F|312/312\n|turn|13\n|inactive|jimsy73 has 30 seconds left.\n|inactive|jimsy73 has 20 seconds left.\n|inactive|jimsy73 has 15 seconds left.\n|\n|t:|1733892280\n|move|p1a: Hydrapple|Earth Power|p2a: Illumise\n|-supereffective|p2a: Illumise\n|-damage|p2a: Illumise|0 fnt\n|faint|p2a: Illumise\n|\n|upkeep\n|inactive|jimsy73 has 20 seconds left this turn.\n|\n|t:|1733892284\n|switch|p2a: Falinks|Falinks, L84|246/246\n|-damage|p2a: Falinks|205/246|[from] Spikes\n|turn|14\n|inactive|jimsy73 has 30 seconds left this turn.\n|\n|t:|1733892294\n|move|p2a: Falinks|No Retreat|p2a: Falinks\n|-boost|p2a: Falinks|atk|1\n|-boost|p2a: Falinks|def|1\n|-boost|p2a: Falinks|spa|1\n|-boost|p2a: Falinks|spd|1\n|-boost|p2a: Falinks|spe|1\n|-start|p2a: Falinks|move: No Retreat\n|move|p1a: Hydrapple|Fickle Beam|p2a: Falinks|[anim] Fickle Beam All Out\n|-activate|p1a: Hydrapple|move: Fickle Beam\n|-damage|p2a: Falinks|30/246\n|\n|upkeep\n|turn|15\n|inactive|jimsy73 has 30 seconds left.\n|\n|t:|1733892314\n|switch|p1a: Scyther|Scyther, L82, F|249/249\n|move|p2a: Falinks|Knock Off|p1a: Scyther\n|-damage|p1a: Scyther|111/249\n|-enditem|p1a: Scyther|Heavy-Duty Boots|[from] move: Knock Off|[of] p2a: Falinks\n|-damage|p2a: Falinks|6/246|[from] item: Life Orb\n|\n|upkeep\n|turn|16\n|inactive|jimsy73 has 30 seconds left.\n|\n|t:|1733892320\n|switch|p1a: Hitmontop|Hitmontop, L88, M|231/231\n|-ability|p1a: Hitmontop|Intimidate|boost\n|-unboost|p2a: Falinks|atk|1\n|-ability|p2a: Falinks|Defiant|boost\n|-boost|p2a: Falinks|atk|2\n|move|p2a: Falinks|Iron Head|p1a: Hitmontop\n|-damage|p1a: Hitmontop|88/231\n|-damage|p2a: Falinks|0 fnt|[from] item: Life Orb\n|faint|p2a: Falinks\n|\n|upkeep\n|inactive|jimsy73 has 30 seconds left.\n|inactive|jimsy73 has 20 seconds left.\n|inactive|jimsy73 has 15 seconds left.\n|inactive|jimsy73 has 10 seconds left.\n|inactive|jimsy73 has 5 seconds left.\n|-message|jimsy73 lost due to inactivity.\n|\n|win|the scholar\n|raw|the scholar's rating: 1389 &rarr; <strong>1410</strong><br />(+21 for winning)\n|raw|jimsy73's rating: 1412 &rarr; <strong>1391</strong><br />(-21 for losing)\n|l|\u2606jimsy73\n|player|p2|\n", "inputlog": ">version bfd83cad13791eb5a5a409923076391caf6fb4d4\n>start {\"formatid\":\"gen9randombattle\",\"seed\":[50057,14952,30212,54572],\"rated\":\"Rated battle\"}\n>player p1 {\"name\":\"the scholar\",\"avatar\":\"schoolkid-gen4dp\",\"rating\":1389,\"seed\":[36038,919,19330,3971]}\n>player p2 {\"name\":\"jimsy73\",\"avatar\":\"169\",\"rating\":1412,\"seed\":[36827,27944,7185,58928]}\n>p1 move uturn\n>p2 switch 4\n>p1 switch 4\n>p1 move spikes\n>p2 move knockoff\n>p1 move spikes\n>p2 switch 5\n>p1 move gunkshot\n>p2 move bugbuzz\n>p1 switch 2\n>p2 move bugbuzz\n>p1 move suckerpunch\n>p2 switch 5\n>p1 switch 2\n>p2 move stoneedge\n>p1 switch 5\n>p1 move closecombat\n>p2 switch 5\n>p1 switch 2\n>p2 move thunderwave\n>p1 move suckerpunch\n>p2 move roost terastallize\n>p1 move thunderwave\n>p2 move bugbuzz\n>p1 move lashout\n>p2 move bugbuzz\n>p1 switch 6\n>p1 move earthpower\n>p2 move bugbuzz\n>p2 switch 2\n>p1 move ficklebeam\n>p2 move noretreat\n>p1 switch 4\n>p2 move knockoff\n>p1 switch 2\n>p2 move ironhead\n>forcelose p2", "uploadtime": 1733892362, "views": 14, "formatid": "gen9randombattle", "rating": 1391, "private": 0, "password": null}