{"id": "gen9randombattle-2259999513", "format": "[Gen 9] Random Battle", "players": ["Jsjsjsjjsjssjsjsj", "mon for a"], "log": "|j|\u2606Jsjsjsjjsjssjsjsj\n|j|\u2606mon for a\n|t:|1733789386\n|gametype|singles\n|player|p1|Jsjsjsjjsjssjsjsj|adaman|1000\n|player|p2|mon for a|266|1000\n|teamsize|p1|6\n|teamsize|p2|6\n|gen|9\n|tier|[Gen 9] Random Battle\n|rated|\n|rule|Species Clause: Limit one of each Pok\u00e9mon\n|rule|HP Percentage Mod: HP is shown in percentages\n|rule|Sleep Clause Mod: Limit one foe put to sleep\n|rule|Illusion Level Mod: Illusion disguises the Pok\u00e9mon's true level\n|\n|t:|1733789386\n|start\n|switch|p1a: Tauros|Tauros-Paldea-Aqua, L81, M|254/254\n|switch|p2a: Braviary|Braviary, L85, M|309/309\n|-ability|p1a: Tauros|Intimidate|boost\n|-unboost|p2a: Braviary|atk|1\n|-ability|p2a: Braviary|Defiant|boost\n|-boost|p2a: Braviary|atk|2\n|turn|1\n|inactive|Battle timer is ON: inactive players will automatically lose when time's up. (requested by mon for a)\n|inactive|Jsjsjsjjsjssjsjsj also wants the timer to be on.\n|\n|t:|1733789396\n|move|p1a: Tauros|Close Combat|p2a: Braviary\n|-damage|p2a: Braviary|110/309\n|-unboost|p1a: Tauros|def|1\n|-unboost|p1a: Tauros|spd|1\n|-damage|p1a: Tauros|229/254|[from] item: Life Orb\n|move|p2a: Braviary|Brave Bird|p1a: Tauros\n|-supereffective|p1a: Tauros\n|-damage|p1a: Tauros|0 fnt\n|faint|p1a: Tauros\n|-damage|p2a: Braviary|34/309|[from] Recoil\n|\n|upkeep\n|\n|t:|1733789408\n|switch|p1a: Dachsbun|Dachsbun, L92, F|254/254\n|turn|2\n|\n|t:|1733789412\n|move|p1a: Dachsbun|Body Press|p2a: Braviary\n|-damage|p2a: Braviary|0 fnt\n|faint|p2a: Braviary\n|\n|upkeep\n|\n|t:|1733789437\n|switch|p2a: Houndoom|Houndoom, L87, F|272/272\n|turn|3\n|\n|t:|1733789445\n|-terastallize|p2a: Houndoom|Poison\n|move|p1a: Dachsbun|Body Press|p2a: Houndoom\n|-resisted|p2a: Houndoom\n|-damage|p2a: Houndoom|221/272\n|move|p2a: Houndoom|Sludge Bomb|p1a: Dachsbun\n|-supereffective|p1a: Dachsbun\n|-damage|p1a: Dachsbun|18/254\n|-status|p1a: Dachsbun|psn\n|\n|-heal|p1a: Dachsbun|33/254 psn|[from] item: Leftovers\n|-damage|p1a: Dachsbun|2/254 psn|[from] psn\n|upkeep\n|turn|4\n|\n|t:|1733789457\n|move|p1a: Dachsbun|Body Press|p2a: Houndoom\n|-resisted|p2a: Houndoom\n|-crit|p2a: Houndoom\n|-damage|p2a: Houndoom|136/272\n|move|p2a: Houndoom|Nasty Plot|p2a: Houndoom\n|-boost|p2a: Houndoom|spa|2\n|\n|-heal|p1a: Dachsbun|17/254 psn|[from] item: Leftovers\n|-damage|p1a: Dachsbun|0 fnt|[from] psn\n|faint|p1a: Dachsbun\n|upkeep\n|\n|t:|1733789462\n|switch|p1a: Mabosstiff|Mabosstiff, L86, F|278/278\n|turn|5\n|\n|t:|1733789470\n|move|p1a: Mabosstiff|Psychic Fangs|p2a: Houndoom\n|-supereffective|p2a: Houndoom\n|-damage|p2a: Houndoom|0 fnt\n|faint|p2a: Houndoom\n|\n|upkeep\n|\n|t:|1733789473\n|switch|p2a: Chien-Pao|Chien-Pao, L72|234/234\n|-ability|p2a: Chien-Pao|Sword of Ruin\n|turn|6\n|\n|t:|1733789476\n|switch|p1a: Diancie|Diancie, L82|216/216\n|move|p2a: Chien-Pao|Swords Dance|p2a: Chien-Pao\n|-boost|p2a: Chien-Pao|atk|2\n|\n|upkeep\n|turn|7\n|\n|t:|1733789489\n|-terastallize|p1a: Diancie|Fighting\n|move|p2a: Chien-Pao|Icicle Crash|p1a: Diancie\n|-damage|p1a: Diancie|83/216\n|move|p1a: Diancie|Rock Polish|p1a: Diancie\n|-boost|p1a: Diancie|spe|2\n|\n|-heal|p1a: Diancie|96/216|[from] item: Leftovers\n|upkeep\n|turn|8\n|\n|t:|1733789498\n|switch|p2a: Sandslash|Sandslash, L88, F|275/275\n|move|p1a: Diancie|Body Press|p2a: Sandslash\n|-damage|p2a: Sandslash|188/275\n|\n|-heal|p1a: Diancie|109/216|[from] item: Leftovers\n|-heal|p2a: Sandslash|205/275|[from] item: Leftovers\n|upkeep\n|turn|9\n|\n|t:|1733789510\n|move|p1a: Diancie|Diamond Storm|p2a: Sandslash\n|-resisted|p2a: Sandslash\n|-damage|p2a: Sandslash|166/275\n|move|p2a: Sandslash|Earthquake|p1a: Diancie\n|-damage|p1a: Diancie|25/216\n|\n|-heal|p1a: Diancie|38/216|[from] item: Leftovers\n|-heal|p2a: Sandslash|183/275|[from] item: Leftovers\n|upkeep\n|turn|10\n|\n|t:|1733789515\n|move|p1a: Diancie|Moonblast|p2a: Sandslash\n|-damage|p2a: Sandslash|60/275\n|move|p2a: Sandslash|Earthquake|p1a: Diancie\n|-damage|p1a: Diancie|0 fnt\n|faint|p1a: Diancie\n|\n|-heal|p2a: Sandslash|77/275|[from] item: Leftovers\n|upkeep\n|\n|t:|1733789521\n|switch|p1a: Toxicroak|Toxicroak, L84, M|277/277\n|turn|11\n|\n|t:|1733789525\n|move|p1a: Toxicroak|Close Combat|p2a: Sandslash\n|-damage|p2a: Sandslash|0 fnt\n|-unboost|p1a: Toxicroak|def|1\n|-unboost|p1a: Toxicroak|spd|1\n|faint|p2a: Sandslash\n|\n|upkeep\n|\n|t:|1733789537\n|switch|p2a: Klawf|Klawf, L90, M|272/272\n|turn|12\n|\n|t:|1733789543\n|move|p1a: Toxicroak|Close Combat|p2a: Klawf\n|-supereffective|p2a: Klawf\n|-damage|p2a: Klawf|0 fnt\n|-unboost|p1a: Toxicroak|def|1\n|-unboost|p1a: Toxicroak|spd|1\n|faint|p2a: Klawf\n|\n|upkeep\n|\n|t:|1733789550\n|switch|p2a: Sceptile|Sceptile, L87, F|264/264\n|turn|13\n|\n|t:|1733789553\n|switch|p1a: Sinistcha|Sinistcha, L83|254/254\n|move|p2a: Sceptile|Substitute|p2a: Sceptile\n|-start|p2a: Sceptile|Substitute\n|-damage|p2a: Sceptile|198/264\n|\n|-heal|p2a: Sceptile|214/264|[from] item: Leftovers\n|upkeep\n|turn|14\n|-message|mon for a forfeited.\n|\n|win|Jsjsjsjjsjssjsjsj\n|raw|Jsjsjsjjsjssjsjsj's rating: 1000 &rarr; <strong>1040</strong><br />(+40 for winning)\n|raw|mon for a's rating: 1000 &rarr; <strong>1000</strong><br />(+0 for losing)\n|l|\u2606mon for a\n|player|p2|\n", "inputlog": ">version bfd83cad13791eb5a5a409923076391caf6fb4d4\n>start {\"formatid\":\"gen9randombattle\",\"seed\":[63271,42027,60318,22975],\"rated\":\"Rated battle\"}\n>player p1 {\"name\":\"Jsjsjsjjsjssjsjsj\",\"avatar\":\"adaman\",\"rating\":1000,\"seed\":[55715,7991,27308,5819]}\n>player p2 {\"name\":\"mon for a\",\"avatar\":\"266\",\"rating\":1000,\"seed\":[40550,31586,23085,8030]}\n>p1 move closecombat\n>p2 move bravebird\n>p1 switch 3\n>p1 move bodypress\n>p2 move bravebird\n>p2 switch 3\n>p1 move bodypress\n>p2 move sludgebomb terastallize\n>p1 move bodypress\n>p2 move nastyplot\n>p1 switch 6\n>p1 move psychicfangs\n>p2 move sludgebomb\n>p2 switch 6\n>p1 switch 2\n>p2 move swordsdance\n>p1 move rockpolish terastallize\n>p2 move iciclecrash\n>p1 move bodypress\n>p2 switch 4\n>p1 move diamondstorm\n>p2 move earthquake\n>p1 move moonblast\n>p2 move earthquake\n>p1 switch 5\n>p1 move closecombat\n>p2 move earthquake\n>p2 switch 5\n>p1 move closecombat\n>p2 move highhorsepower\n>p2 switch 2\n>p1 switch 4\n>p2 move substitute\n>forcelose p2", "uploadtime": 1733789560, "views": 1, "formatid": "gen9randombattle", "rating": 1000, "private": 0, "password": null}