{"id": "gen9randombattle-2260265427", "format": "[Gen 9] Random Battle", "players": ["proutproutaxmax", "Maikueg"], "log": "|j|\u2606proutproutaxmax\n|j|\u2606Maikueg\n|t:|1733832224\n|gametype|singles\n|player|p1|proutproutaxmax|fisherman|2087\n|player|p2|Maikueg|266|2088\n|teamsize|p1|6\n|teamsize|p2|6\n|gen|9\n|tier|[Gen 9] Random Battle\n|rated|\n|rule|Species Clause: Limit one of each Pok\u00e9mon\n|rule|HP Percentage Mod: HP is shown in percentages\n|rule|Sleep Clause Mod: Limit one foe put to sleep\n|rule|Illusion Level Mod: Illusion disguises the Pok\u00e9mon's true level\n|\n|t:|1733832224\n|start\n|switch|p1a: Enamorus|Enamorus, L79, F|247/247\n|switch|p2a: Smeargle|Smeargle, L95, F|258/258\n|turn|1\n|\n|t:|1733832240\n|switch|p2a: Scream Tail|Scream Tail, L84|330/330\n|move|p1a: Enamorus|Substitute|p1a: Enamorus\n|-start|p1a: Enamorus|Substitute\n|-damage|p1a: Enamorus|186/247\n|\n|-heal|p1a: Enamorus|201/247|[from] item: Leftovers\n|upkeep\n|turn|2\n|\n|t:|1733832248\n|move|p2a: Scream Tail|Encore|p1a: Enamorus\n|-start|p1a: Enamorus|Encore\n|move|p1a: Enamorus|Substitute|p1a: Enamorus\n|-fail|p1a: Enamorus|move: Substitute\n|\n|-heal|p1a: Enamorus|216/247|[from] item: Leftovers\n|upkeep\n|turn|3\n|\n|t:|1733832258\n|move|p2a: Scream Tail|Dazzling Gleam|p1a: Enamorus\n|-end|p1a: Enamorus|Substitute\n|move|p1a: Enamorus|Substitute|p1a: Enamorus\n|-start|p1a: Enamorus|Substitute\n|-damage|p1a: Enamorus|155/247\n|\n|-heal|p1a: Enamorus|170/247|[from] item: Leftovers\n|upkeep\n|turn|4\n|\n|t:|1733832265\n|move|p2a: Scream Tail|Dazzling Gleam|p1a: Enamorus\n|-end|p1a: Enamorus|Substitute\n|move|p1a: Enamorus|Substitute|p1a: Enamorus\n|-start|p1a: Enamorus|Substitute\n|-damage|p1a: Enamorus|109/247\n|\n|-heal|p1a: Enamorus|124/247|[from] item: Leftovers\n|-end|p1a: Enamorus|Encore\n|upkeep\n|turn|5\n|\n|t:|1733832276\n|switch|p1a: Rampardos|Rampardos, L90, F|321/321\n|move|p2a: Scream Tail|Encore||[still]\n|-fail|p2a: Scream Tail\n|\n|upkeep\n|turn|6\n|\n|t:|1733832283\n|move|p2a: Scream Tail|Protect|p2a: Scream Tail\n|-singleturn|p2a: Scream Tail|Protect\n|move|p1a: Rampardos|Head Smash|p2a: Scream Tail\n|-activate|p2a: Scream Tail|move: Protect\n|\n|upkeep\n|turn|7\n|\n|t:|1733832291\n|-end|p2a: Scream Tail|Protosynthesis|[silent]\n|switch|p2a: Mimikyu|Mimikyu, L79, M|216/216\n|move|p1a: Rampardos|Head Smash|p2a: Mimikyu|[miss]\n|-miss|p1a: Rampardos|p2a: Mimikyu\n|\n|upkeep\n|turn|8\n|\n|t:|1733832297\n|move|p1a: Rampardos|Head Smash|p2a: Mimikyu|[miss]\n|-miss|p1a: Rampardos|p2a: Mimikyu\n|move|p2a: Mimikyu|Wood Hammer|p1a: Rampardos\n|-supereffective|p1a: Rampardos\n|-damage|p1a: Rampardos|90/321\n|-damage|p2a: Mimikyu|140/216|[from] Recoil\n|-damage|p2a: Mimikyu|119/216|[from] item: Life Orb\n|\n|upkeep\n|turn|9\n|\n|t:|1733832310\n|move|p1a: Rampardos|Head Smash|p2a: Mimikyu\n|-activate|p2a: Mimikyu|ability: Disguise\n|-damage|p2a: Mimikyu|119/216\n|detailschange|p2a: Mimikyu|Mimikyu-Busted, L79, M\n|-damage|p2a: Mimikyu|92/216|[from] pokemon: Mimikyu-Busted\n|move|p2a: Mimikyu|Swords Dance|p2a: Mimikyu\n|-boost|p2a: Mimikyu|atk|2\n|\n|upkeep\n|turn|10\n|\n|t:|1733832342\n|switch|p1a: Hydreigon|Hydreigon, L79, F|275/275\n|move|p2a: Mimikyu|Shadow Sneak|p1a: Hydreigon\n|-resisted|p1a: Hydreigon\n|-crit|p1a: Hydreigon\n|-damage|p1a: Hydreigon|200/275\n|-damage|p2a: Mimikyu|71/216|[from] item: Life Orb\n|\n|upkeep\n|turn|11\n|\n|t:|1733832359\n|move|p2a: Mimikyu|Shadow Sneak|p1a: Hydreigon\n|-resisted|p1a: Hydreigon\n|-damage|p1a: Hydreigon|152/275\n|-damage|p2a: Mimikyu|50/216|[from] item: Life Orb\n|move|p1a: Hydreigon|Dark Pulse|p2a: Mimikyu\n|-damage|p2a: Mimikyu|0 fnt\n|faint|p2a: Mimikyu\n|-damage|p1a: Hydreigon|125/275|[from] item: Life Orb\n|\n|upkeep\n|\n|t:|1733832363\n|switch|p2a: Scream Tail|Scream Tail, L84|330/330\n|turn|12\n|\n|t:|1733832387\n|switch|p1a: Thundurus|Thundurus, L80, M|258/258\n|move|p2a: Scream Tail|Dazzling Gleam|p1a: Thundurus\n|-damage|p1a: Thundurus|192/258\n|\n|upkeep\n|turn|13\n|inactive|Battle timer is ON: inactive players will automatically lose when time's up. (requested by proutproutaxmax)\n|\n|t:|1733832419\n|-end|p2a: Scream Tail|Protosynthesis|[silent]\n|switch|p2a: Iron Thorns|Iron Thorns, L83|302/302\n|move|p1a: Thundurus|Thunderbolt|p2a: Iron Thorns\n|-resisted|p2a: Iron Thorns\n|-damage|p2a: Iron Thorns|244/302\n|\n|upkeep\n|turn|14\n|\n|t:|1733832438\n|move|p1a: Thundurus|Focus Blast|p2a: Iron Thorns\n|-supereffective|p2a: Iron Thorns\n|-damage|p2a: Iron Thorns|44/302\n|move|p2a: Iron Thorns|Ice Punch|p1a: Thundurus\n|-supereffective|p1a: Thundurus\n|-damage|p1a: Thundurus|0 fnt\n|faint|p1a: Thundurus\n|\n|upkeep\n|\n|t:|1733832452\n|switch|p1a: Enamorus|Enamorus, L79, F|124/247\n|turn|15\n|\n|t:|1733832464\n|-end|p2a: Iron Thorns|Quark Drive|[silent]\n|switch|p2a: Scream Tail|Scream Tail, L84|330/330\n|move|p1a: Enamorus|Superpower|p2a: Scream Tail\n|-resisted|p2a: Scream Tail\n|-damage|p2a: Scream Tail|310/330\n|-boost|p1a: Enamorus|atk|1\n|-boost|p1a: Enamorus|def|1\n|\n|-heal|p2a: Scream Tail|330/330|[from] item: Leftovers\n|-heal|p1a: Enamorus|139/247|[from] item: Leftovers\n|upkeep\n|turn|16\n|\n|t:|1733832477\n|move|p2a: Scream Tail|Encore|p1a: Enamorus\n|-start|p1a: Enamorus|Encore\n|move|p1a: Enamorus|Superpower|p2a: Scream Tail\n|-resisted|p2a: Scream Tail\n|-damage|p2a: Scream Tail|301/330\n|-boost|p1a: Enamorus|atk|1\n|-boost|p1a: Enamorus|def|1\n|\n|-heal|p2a: Scream Tail|321/330|[from] item: Leftovers\n|-heal|p1a: Enamorus|154/247|[from] item: Leftovers\n|upkeep\n|turn|17\n|\n|t:|1733832488\n|switch|p1a: Blaziken|Blaziken, L76, M|247/247\n|move|p2a: Scream Tail|Dazzling Gleam|p1a: Blaziken\n|-damage|p1a: Blaziken|169/247\n|\n|-heal|p2a: Scream Tail|330/330|[from] item: Leftovers\n|upkeep\n|turn|18\n|\n|t:|1733832501\n|move|p2a: Scream Tail|Dazzling Gleam|p1a: Blaziken\n|-damage|p1a: Blaziken|90/247\n|move|p1a: Blaziken|Swords Dance|p1a: Blaziken\n|-boost|p1a: Blaziken|atk|2\n|\n|-ability|p1a: Blaziken|Speed Boost|boost\n|-boost|p1a: Blaziken|spe|1\n|upkeep\n|turn|19\n|\n|t:|1733832512\n|-end|p2a: Scream Tail|Protosynthesis|[silent]\n|switch|p2a: Iron Thorns|Iron Thorns, L83|44/302\n|move|p1a: Blaziken|Flare Blitz|p2a: Iron Thorns\n|-resisted|p2a: Iron Thorns\n|-damage|p2a: Iron Thorns|0 fnt\n|faint|p2a: Iron Thorns\n|-end|p2a: Iron Thorns|Quark Drive|[silent]\n|-damage|p1a: Blaziken|75/247|[from] Recoil\n|-damage|p1a: Blaziken|51/247|[from] item: Life Orb\n|\n|-ability|p1a: Blaziken|Speed Boost|boost\n|-boost|p1a: Blaziken|spe|1\n|upkeep\n|\n|t:|1733832523\n|switch|p2a: Scream Tail|Scream Tail, L84|330/330\n|turn|20\n|\n|t:|1733832534\n|-end|p2a: Scream Tail|Protosynthesis|[silent]\n|switch|p2a: Sunflora|Sunflora, F|312/312\n|move|p1a: Blaziken|Swords Dance|p1a: Blaziken\n|-boost|p1a: Blaziken|atk|2\n|\n|-ability|p1a: Blaziken|Speed Boost|boost\n|-boost|p1a: Blaziken|spe|1\n|upkeep\n|turn|21\n|\n|t:|1733832541\n|move|p1a: Blaziken|Close Combat|p2a: Sunflora\n|-damage|p2a: Sunflora|0 fnt\n|-unboost|p1a: Blaziken|def|1\n|-unboost|p1a: Blaziken|spd|1\n|faint|p2a: Sunflora\n|-damage|p1a: Blaziken|27/247|[from] item: Life Orb\n|\n|-ability|p1a: Blaziken|Speed Boost|boost\n|-boost|p1a: Blaziken|spe|1\n|upkeep\n|\n|t:|1733832546\n|switch|p2a: Manaphy|Manaphy, L78|284/284\n|turn|22\n|\n|t:|1733832552\n|move|p1a: Blaziken|Close Combat|p2a: Manaphy\n|-damage|p2a: Manaphy|0 fnt\n|-unboost|p1a: Blaziken|def|1\n|-unboost|p1a: Blaziken|spd|1\n|faint|p2a: Manaphy\n|-damage|p1a: Blaziken|3/247|[from] item: Life Orb\n|\n|-ability|p1a: Blaziken|Speed Boost|boost\n|-boost|p1a: Blaziken|spe|1\n|upkeep\n|\n|t:|1733832554\n|switch|p2a: Smeargle|Smeargle, L95, F|258/258\n|turn|23\n|\n|t:|1733832564\n|move|p1a: Blaziken|Flare Blitz|p2a: Smeargle\n|-damage|p2a: Smeargle|0 fnt\n|faint|p2a: Smeargle\n|-damage|p1a: Blaziken|0 fnt|[from] Recoil\n|faint|p1a: Blaziken\n|\n|upkeep\n|\n|t:|1733832588\n|switch|p2a: Scream Tail|Scream Tail, L84|330/330\n|switch|p1a: Enamorus|Enamorus, L79, F|154/247\n|turn|24\n|\n|t:|1733832593\n|move|p2a: Scream Tail|Dazzling Gleam|p1a: Enamorus\n|-damage|p1a: Enamorus|84/247\n|move|p1a: Enamorus|Taunt|p2a: Scream Tail\n|-start|p2a: Scream Tail|move: Taunt\n|\n|-heal|p1a: Enamorus|99/247|[from] item: Leftovers\n|upkeep\n|turn|25\n|\n|t:|1733832611\n|move|p2a: Scream Tail|Dazzling Gleam|p1a: Enamorus\n|-damage|p1a: Enamorus|26/247\n|move|p1a: Enamorus|Play Rough|p2a: Scream Tail\n|-damage|p2a: Scream Tail|249/330\n|\n|-heal|p2a: Scream Tail|269/330|[from] item: Leftovers\n|-heal|p1a: Enamorus|41/247|[from] item: Leftovers\n|upkeep\n|turn|26\n|\n|t:|1733832619\n|move|p2a: Scream Tail|Dazzling Gleam|p1a: Enamorus\n|-damage|p1a: Enamorus|0 fnt\n|faint|p1a: Enamorus\n|\n|-heal|p2a: Scream Tail|289/330|[from] item: Leftovers\n|upkeep\n|\n|t:|1733832625\n|switch|p1a: Rampardos|Rampardos, L90, F|90/321\n|turn|27\n|\n|t:|1733832628\n|move|p2a: Scream Tail|Dazzling Gleam|p1a: Rampardos\n|-damage|p1a: Rampardos|6/321\n|move|p1a: Rampardos|Head Smash|p2a: Scream Tail|[miss]\n|-miss|p1a: Rampardos|p2a: Scream Tail\n|\n|-heal|p2a: Scream Tail|309/330|[from] item: Leftovers\n|-end|p2a: Scream Tail|move: Taunt\n|upkeep\n|turn|28\n|\n|t:|1733832636\n|move|p2a: Scream Tail|Protect|p2a: Scream Tail\n|-singleturn|p2a: Scream Tail|Protect\n|move|p1a: Rampardos|Head Smash|p2a: Scream Tail\n|-activate|p2a: Scream Tail|move: Protect\n|\n|-heal|p2a: Scream Tail|329/330|[from] item: Leftovers\n|upkeep\n|turn|29\n|\n|t:|1733832643\n|move|p2a: Scream Tail|Dazzling Gleam|p1a: Rampardos\n|-damage|p1a: Rampardos|0 fnt\n|faint|p1a: Rampardos\n|\n|-heal|p2a: Scream Tail|330/330|[from] item: Leftovers\n|upkeep\n|\n|t:|1733832650\n|switch|p1a: Crawdaunt|Crawdaunt, L84, F|243/243\n|turn|30\n|\n|t:|1733832663\n|move|p2a: Scream Tail|Dazzling Gleam|p1a: Crawdaunt\n|-supereffective|p1a: Crawdaunt\n|-damage|p1a: Crawdaunt|69/243\n|move|p1a: Crawdaunt|Crabhammer|p2a: Scream Tail\n|-damage|p2a: Scream Tail|127/330\n|-damage|p1a: Crawdaunt|45/243|[from] item: Life Orb\n|\n|-heal|p2a: Scream Tail|147/330|[from] item: Leftovers\n|upkeep\n|turn|31\n|\n|t:|1733832672\n|move|p2a: Scream Tail|Protect|p2a: Scream Tail\n|-singleturn|p2a: Scream Tail|Protect\n|move|p1a: Crawdaunt|Crabhammer|p2a: Scream Tail\n|-activate|p2a: Scream Tail|move: Protect\n|\n|-heal|p2a: Scream Tail|167/330|[from] item: Leftovers\n|upkeep\n|turn|32\n|\n|t:|1733832678\n|move|p2a: Scream Tail|Dazzling Gleam|p1a: Crawdaunt\n|-supereffective|p1a: Crawdaunt\n|-damage|p1a: Crawdaunt|0 fnt\n|faint|p1a: Crawdaunt\n|\n|-heal|p2a: Scream Tail|187/330|[from] item: Leftovers\n|upkeep\n|\n|t:|1733832684\n|switch|p1a: Hydreigon|Hydreigon, L79, F|125/275\n|turn|33\n|\n|t:|1733832696\n|-terastallize|p1a: Hydreigon|Dark\n|move|p2a: Scream Tail|Protect|p2a: Scream Tail\n|-singleturn|p2a: Scream Tail|Protect\n|move|p1a: Hydreigon|Dark Pulse|p2a: Scream Tail\n|-activate|p2a: Scream Tail|move: Protect\n|\n|-heal|p2a: Scream Tail|207/330|[from] item: Leftovers\n|upkeep\n|turn|34\n|\n|t:|1733832706\n|move|p2a: Scream Tail|Dazzling Gleam|p1a: Hydreigon\n|-supereffective|p1a: Hydreigon\n|-damage|p1a: Hydreigon|0 fnt\n|faint|p1a: Hydreigon\n|\n|win|Maikueg\n|raw|proutproutaxmax's rating: 2087 &rarr; <strong>2067</strong><br />(-20 for losing)\n|raw|Maikueg's rating: 2088 &rarr; <strong>2108</strong><br />(+20 for winning)\n|l|\u2606proutproutaxmax\n|player|p1|\n", "inputlog": ">version bfd83cad13791eb5a5a409923076391caf6fb4d4\n>start {\"formatid\":\"gen9randombattle\",\"seed\":[53881,41466,36053,39645],\"rated\":\"Rated battle\"}\n>player p1 {\"name\":\"proutproutaxmax\",\"avatar\":\"fisherman\",\"rating\":2087,\"seed\":[37323,40628,53780,54967]}\n>player p2 {\"name\":\"Maikueg\",\"avatar\":\"266\",\"rating\":2088,\"seed\":[62360,2075,3637,52172]}\n>p1 move substitute\n>p2 switch 3\n>p1 move taunt\n>p2 move encore\n>p1 move substitute\n>p2 move dazzlinggleam\n>p1 move substitute\n>p2 move dazzlinggleam\n>p1 switch 6\n>p2 move encore\n>p1 move headsmash\n>p2 move protect\n>p1 move headsmash\n>p2 switch 2\n>p1 move headsmash\n>p2 move woodhammer\n>p1 move headsmash\n>p2 move swordsdance\n>p1 switch 5\n>p2 move shadowsneak\n>p1 move darkpulse\n>p2 move shadowsneak\n>p2 switch 2\n>p1 switch 4\n>p2 move dazzlinggleam\n>p1 move thunderbolt\n>p2 switch 6\n>p1 move focusblast\n>p2 move icepunch\n>p1 switch 6\n>p1 move superpower\n>p2 switch 6\n>p1 move playrough\n>p2 move encore\n>p1 switch 2\n>p2 move dazzlinggleam\n>p1 move swordsdance\n>p2 move dazzlinggleam\n>p1 move flareblitz\n>p2 switch 6\n>p2 switch 6\n>p1 move swordsdance\n>p2 switch 5\n>p1 move closecombat\n>p2 move sunnyday\n>p2 switch 4\n>p1 move closecombat\n>p2 move icebeam\n>p2 switch 3\n>p1 move flareblitz\n>p2 move shellsmash\n>p1 switch 2\n>p2 switch 5\n>p1 move taunt\n>p2 move dazzlinggleam\n>p1 move playrough\n>p2 move dazzlinggleam\n>p1 move playrough\n>p2 move dazzlinggleam\n>p1 switch 5\n>p1 move headsmash\n>p2 move dazzlinggleam\n>p1 move headsmash\n>p2 move protect\n>p1 move headsmash\n>p2 move dazzlinggleam\n>p1 switch 3\n>p1 move crabhammer\n>p2 move dazzlinggleam\n>p1 move crabhammer\n>p2 move protect\n>p1 move crabhammer\n>p2 move dazzlinggleam\n>p1 switch 4\n>p1 move darkpulse terastallize\n>p2 move protect\n>p1 move darkpulse\n>p2 move dazzlinggleam", "uploadtime": 1733832714, "views": 3, "formatid": "gen9randombattle", "rating": 2067, "private": 0, "password": null}