{"id": "gen9randombattle-2078045065", "format": "[Gen 9] Random Battle", "players": ["Referrals", "Prosaic"], "log": "|j|\u2606Referrals\n|j|\u2606Prosaic\n|t:|1710107661\n|gametype|singles\n|player|p1|Referrals|roark|2363\n|player|p2|Prosaic|alec-anime|2313\n|teamsize|p1|6\n|teamsize|p2|6\n|gen|9\n|tier|[Gen 9] Random Battle\n|rated|\n|rule|Species Clause: Limit one of each Pok\u00e9mon\n|rule|HP Percentage Mod: HP is shown in percentages\n|rule|Sleep Clause Mod: Limit one foe put to sleep\n|rule|Illusion Level Mod: Illusion disguises the Pok\u00e9mon's true level\n|\n|t:|1710107661\n|start\n|switch|p1a: Arcanine|Arcanine, L84, F|288/288\n|switch|p2a: Eelektross|Eelektross, L87, M|290/290\n|-ability|p1a: Arcanine|Intimidate|boost\n|-unboost|p2a: Eelektross|atk|1\n|turn|1\n|inactive|Battle timer is ON: inactive players will automatically lose when time's up. (requested by Referrals)\n|j|+Aqua\n|inactive|Referrals has 120 seconds left.\n|\n|t:|1710107711\n|move|p1a: Arcanine|Flare Blitz|p2a: Eelektross\n|-damage|p2a: Eelektross|148/290\n|-damage|p1a: Arcanine|241/288|[from] Recoil\n|move|p2a: Eelektross|Thunderbolt|p1a: Arcanine\n|-damage|p1a: Arcanine|124/288\n|\n|upkeep\n|turn|2\n|\n|t:|1710107717\n|switch|p1a: Vikavolt|Vikavolt, L84, M|267/267\n|move|p2a: Eelektross|Thunderbolt|p1a: Vikavolt\n|-resisted|p1a: Vikavolt\n|-damage|p1a: Vikavolt|207/267\n|\n|upkeep\n|turn|3\n|\n|t:|1710107727\n|move|p2a: Eelektross|U-turn|p1a: Vikavolt\n|-damage|p1a: Vikavolt|165/267\n|\n|t:|1710107733\n|switch|p2a: Infernape|Infernape, L82, F|259/259|[from] U-turn\n|move|p1a: Vikavolt|Sticky Web|p2a: Infernape\n|-sidestart|p2: Prosaic|move: Sticky Web\n|\n|upkeep\n|turn|4\n|\n|t:|1710107741\n|switch|p1a: Rhyperior|Rhyperior, L83, F|327/327\n|move|p2a: Infernape|Overheat|p1a: Rhyperior\n|-resisted|p1a: Rhyperior\n|-damage|p1a: Rhyperior|197/327\n|-unboost|p2a: Infernape|spa|2\n|-damage|p2a: Infernape|234/259|[from] item: Life Orb\n|\n|upkeep\n|turn|5\n|\n|t:|1710107762\n|switch|p1a: Vikavolt|Vikavolt, L84, M|165/267\n|move|p2a: Infernape|Grass Knot|p1a: Vikavolt\n|-resisted|p1a: Vikavolt\n|-damage|p1a: Vikavolt|151/267\n|-damage|p2a: Infernape|209/259|[from] item: Life Orb\n|\n|upkeep\n|turn|6\n|\n|t:|1710107772\n|switch|p1a: Rhyperior|Rhyperior, L83, F|197/327\n|move|p2a: Infernape|Overheat|p1a: Rhyperior\n|-resisted|p1a: Rhyperior\n|-damage|p1a: Rhyperior|131/327\n|-unboost|p2a: Infernape|spa|2\n|-damage|p2a: Infernape|184/259|[from] item: Life Orb\n|\n|upkeep\n|turn|7\n|\n|t:|1710107777\n|switch|p1a: Vikavolt|Vikavolt, L84, M|151/267\n|move|p2a: Infernape|Close Combat|p1a: Vikavolt\n|-resisted|p1a: Vikavolt\n|-damage|p1a: Vikavolt|65/267\n|-unboost|p2a: Infernape|def|1\n|-unboost|p2a: Infernape|spd|1\n|-damage|p2a: Infernape|159/259|[from] item: Life Orb\n|\n|upkeep\n|turn|8\n|\n|t:|1710107784\n|move|p2a: Infernape|Close Combat|p1a: Vikavolt\n|-resisted|p1a: Vikavolt\n|-damage|p1a: Vikavolt|0 fnt\n|-unboost|p2a: Infernape|def|1\n|-unboost|p2a: Infernape|spd|1\n|faint|p1a: Vikavolt\n|-damage|p2a: Infernape|134/259|[from] item: Life Orb\n|\n|upkeep\n|\n|t:|1710107789\n|switch|p1a: Froslass|Froslass, L87, F|263/263\n|turn|9\n|\n|t:|1710107806\n|switch|p2a: Mudsdale|Mudsdale, L84, M|305/305\n|-activate|p2a: Mudsdale|move: Sticky Web\n|-unboost|p2a: Mudsdale|spe|1\n|move|p1a: Froslass|Poltergeist|p2a: Mudsdale\n|-activate|p2a: Mudsdale|move: Poltergeist|Choice Band\n|-damage|p2a: Mudsdale|209/305\n|-ability|p2a: Mudsdale|Stamina|boost\n|-boost|p2a: Mudsdale|def|1\n|\n|upkeep\n|turn|10\n|\n|t:|1710107814\n|switch|p1a: Rhyperior|Rhyperior, L83, F|131/327\n|move|p2a: Mudsdale|Earthquake|p1a: Rhyperior\n|-supereffective|p1a: Rhyperior\n|-damage|p1a: Rhyperior|0 fnt\n|faint|p1a: Rhyperior\n|\n|upkeep\n|\n|t:|1710107824\n|switch|p1a: Froslass|Froslass, L87, F|263/263\n|turn|11\n|\n|t:|1710107827\n|move|p1a: Froslass|Spikes|p2a: Mudsdale\n|-sidestart|p2: Prosaic|Spikes\n|move|p2a: Mudsdale|Earthquake|p1a: Froslass\n|-damage|p1a: Froslass|49/263\n|\n|upkeep\n|turn|12\n|\n|t:|1710107833\n|move|p1a: Froslass|Destiny Bond|p1a: Froslass\n|-singlemove|p1a: Froslass|Destiny Bond\n|move|p2a: Mudsdale|Earthquake|p1a: Froslass\n|-damage|p1a: Froslass|0 fnt\n|faint|p1a: Froslass\n|-activate|p1a: Froslass|move: Destiny Bond\n|faint|p2a: Mudsdale\n|\n|upkeep\n|\n|t:|1710107851\n|switch|p1a: Grafaiai|Grafaiai, L86, F|249/249\n|switch|p2a: Pecharunt|Pecharunt, L77|262/262\n|-activate|p2a: Pecharunt|move: Sticky Web\n|-unboost|p2a: Pecharunt|spe|1\n|-damage|p2a: Pecharunt|230/262|[from] Spikes\n|turn|13\n|\n|t:|1710107869\n|switch|p2a: Eelektross|Eelektross, L87, M|148/290\n|move|p1a: Grafaiai|Swords Dance|p1a: Grafaiai\n|-boost|p1a: Grafaiai|atk|2\n|\n|upkeep\n|turn|14\n|\n|t:|1710107874\n|move|p1a: Grafaiai|Knock Off|p2a: Eelektross\n|-damage|p2a: Eelektross|0 fnt\n|-enditem|p2a: Eelektross|Assault Vest|[from] move: Knock Off|[of] p1a: Grafaiai\n|faint|p2a: Eelektross\n|-damage|p1a: Grafaiai|225/249|[from] item: Life Orb\n|\n|upkeep\n|\n|t:|1710107885\n|switch|p2a: Jumpluff|Jumpluff, L87, M|271/271\n|turn|15\n|\n|t:|1710107893\n|-terastallize|p2a: Jumpluff|Steel\n|move|p2a: Jumpluff|Acrobatics|p1a: Grafaiai\n|-damage|p1a: Grafaiai|126/249\n|move|p1a: Grafaiai|Gunk Shot|p2a: Jumpluff\n|-immune|p2a: Jumpluff\n|\n|upkeep\n|turn|16\n|\n|t:|1710107904\n|switch|p1a: Arcanine|Arcanine, L84, F|124/288\n|-ability|p1a: Arcanine|Intimidate|boost\n|-unboost|p2a: Jumpluff|atk|1\n|move|p2a: Jumpluff|Encore||[still]\n|-fail|p2a: Jumpluff\n|\n|upkeep\n|turn|17\n|\n|t:|1710107908\n|move|p2a: Jumpluff|Sleep Powder|p1a: Arcanine\n|-status|p1a: Arcanine|slp|[from] move: Sleep Powder\n|cant|p1a: Arcanine|slp\n|\n|upkeep\n|turn|18\n|\n|t:|1710107916\n|switch|p2a: Infernape|Infernape, L82, F|134/259\n|-activate|p2a: Infernape|move: Sticky Web\n|-unboost|p2a: Infernape|spe|1\n|-damage|p2a: Infernape|102/259|[from] Spikes\n|cant|p1a: Arcanine|slp\n|\n|upkeep\n|turn|19\n|\n|t:|1710107936\n|-curestatus|p1a: Arcanine|slp|[msg]\n|move|p1a: Arcanine|Morning Sun|p1a: Arcanine\n|-heal|p1a: Arcanine|268/288\n|move|p2a: Infernape|Close Combat|p1a: Arcanine\n|-damage|p1a: Arcanine|81/288\n|-unboost|p2a: Infernape|def|1\n|-unboost|p2a: Infernape|spd|1\n|-damage|p2a: Infernape|77/259|[from] item: Life Orb\n|\n|upkeep\n|turn|20\n|\n|t:|1710107942\n|move|p1a: Arcanine|Extreme Speed|p2a: Infernape\n|-damage|p2a: Infernape|0 fnt\n|faint|p2a: Infernape\n|\n|upkeep\n|\n|t:|1710107962\n|switch|p2a: Jumpluff|Jumpluff, L87, M, tera:Steel|271/271\n|-activate|p2a: Jumpluff|move: Sticky Web\n|-unboost|p2a: Jumpluff|spe|1\n|-damage|p2a: Jumpluff|238/271|[from] Spikes\n|turn|21\n|\n|t:|1710107974\n|switch|p2a: Pecharunt|Pecharunt, L77|230/262\n|-activate|p2a: Pecharunt|move: Sticky Web\n|-unboost|p2a: Pecharunt|spe|1\n|-damage|p2a: Pecharunt|198/262|[from] Spikes\n|move|p1a: Arcanine|Flare Blitz|p2a: Pecharunt\n|-damage|p2a: Pecharunt|101/262\n|-status|p2a: Pecharunt|brn\n|-damage|p1a: Arcanine|49/288|[from] Recoil\n|\n|-heal|p2a: Pecharunt|117/262 brn|[from] item: Leftovers\n|-damage|p2a: Pecharunt|101/262 brn|[from] brn\n|upkeep\n|turn|22\n|\n|t:|1710107990\n|switch|p1a: Grafaiai|Grafaiai, L86, F|126/249\n|move|p2a: Pecharunt|Malignant Chain|p1a: Grafaiai\n|-resisted|p1a: Grafaiai\n|-damage|p1a: Grafaiai|81/249\n|\n|-heal|p2a: Pecharunt|117/262 brn|[from] item: Leftovers\n|-damage|p2a: Pecharunt|101/262 brn|[from] brn\n|upkeep\n|turn|23\n|\n|t:|1710107999\n|switch|p2a: Jumpluff|Jumpluff, L87, M, tera:Steel|238/271\n|-activate|p2a: Jumpluff|move: Sticky Web\n|-unboost|p2a: Jumpluff|spe|1\n|-damage|p2a: Jumpluff|205/271|[from] Spikes\n|move|p1a: Grafaiai|Swords Dance|p1a: Grafaiai\n|-boost|p1a: Grafaiai|atk|2\n|\n|upkeep\n|turn|24\n|j| Copski\n|\n|t:|1710108005\n|move|p1a: Grafaiai|Low Kick|p2a: Jumpluff\n|-supereffective|p2a: Jumpluff\n|-damage|p2a: Jumpluff|117/271\n|-damage|p1a: Grafaiai|57/249|[from] item: Life Orb\n|move|p2a: Jumpluff|Acrobatics|p1a: Grafaiai\n|-damage|p1a: Grafaiai|0 fnt\n|faint|p1a: Grafaiai\n|\n|upkeep\n|\n|t:|1710108013\n|switch|p1a: Arcanine|Arcanine, L84, F|49/288\n|-ability|p1a: Arcanine|Intimidate|boost\n|-unboost|p2a: Jumpluff|atk|1\n|turn|25\n|\n|t:|1710108018\n|move|p1a: Arcanine|Flare Blitz|p2a: Jumpluff\n|-supereffective|p2a: Jumpluff\n|-damage|p2a: Jumpluff|0 fnt\n|faint|p2a: Jumpluff\n|-damage|p1a: Arcanine|10/288|[from] Recoil\n|\n|upkeep\n|\n|t:|1710108025\n|switch|p2a: Pecharunt|Pecharunt, L77|101/262 brn\n|-activate|p2a: Pecharunt|move: Sticky Web\n|-unboost|p2a: Pecharunt|spe|1\n|-damage|p2a: Pecharunt|69/262 brn|[from] Spikes\n|turn|26\n|\n|t:|1710108027\n|move|p1a: Arcanine|Flare Blitz|p2a: Pecharunt\n|-damage|p2a: Pecharunt|0 fnt\n|faint|p2a: Pecharunt\n|-damage|p1a: Arcanine|0 fnt|[from] Recoil\n|faint|p1a: Arcanine\n|\n|upkeep\n|\n|t:|1710108029\n|switch|p1a: Kommo-o|Kommo-o, L78, M|245/245\n|switch|p2a: Misdreavus|Misdreavus, L90, M|254/254\n|turn|27\n|c|\u2606Referrals|ah shit i might've goofed this one\n|inactive|Prosaic has 120 seconds left.\n|inactive|Prosaic has 90 seconds left.\n|\n|t:|1710108099\n|-terastallize|p1a: Kommo-o|Steel\n|move|p2a: Misdreavus|Calm Mind|p2a: Misdreavus\n|-boost|p2a: Misdreavus|spa|1\n|-boost|p2a: Misdreavus|spd|1\n|move|p1a: Kommo-o|Swords Dance|p1a: Kommo-o\n|-boost|p1a: Kommo-o|atk|2\n|\n|upkeep\n|turn|28\n|\n|t:|1710108105\n|move|p2a: Misdreavus|Will-O-Wisp|p1a: Kommo-o\n|-status|p1a: Kommo-o|brn\n|move|p1a: Kommo-o|Scale Shot|p2a: Misdreavus\n|-damage|p2a: Misdreavus|233/254\n|-damage|p2a: Misdreavus|213/254\n|-damage|p2a: Misdreavus|193/254\n|-damage|p2a: Misdreavus|170/254\n|-hitcount|p2a: Misdreavus|4\n|-unboost|p1a: Kommo-o|def|1\n|-boost|p1a: Kommo-o|spe|1\n|\n|-damage|p1a: Kommo-o|230/245 brn|[from] brn\n|upkeep\n|turn|29\n|inactive|Prosaic has 90 seconds left.\n|inactive|Prosaic has 60 seconds left.\n|\n|t:|1710108167\n|move|p1a: Kommo-o|Scale Shot|p2a: Misdreavus\n|-damage|p2a: Misdreavus|149/254\n|-damage|p2a: Misdreavus|126/254\n|-damage|p2a: Misdreavus|106/254\n|-damage|p2a: Misdreavus|84/254\n|-damage|p2a: Misdreavus|60/254\n|-hitcount|p2a: Misdreavus|5\n|-unboost|p1a: Kommo-o|def|1\n|-boost|p1a: Kommo-o|spe|1\n|move|p2a: Misdreavus|Shadow Ball|p1a: Kommo-o\n|-damage|p1a: Kommo-o|113/245 brn\n|\n|-damage|p1a: Kommo-o|98/245 brn|[from] brn\n|upkeep\n|turn|30\n|c|\u2606Referrals|gg\n|\n|t:|1710108178\n|move|p1a: Kommo-o|Iron Head|p2a: Misdreavus\n|-damage|p2a: Misdreavus|0 fnt\n|faint|p2a: Misdreavus\n|\n|win|Referrals\n|raw|Referrals's rating: 2363 &rarr; <strong>2380</strong><br />(+17 for winning)\n|raw|Prosaic's rating: 2313 &rarr; <strong>2296</strong><br />(-17 for losing)\n", "inputlog": ">version 08599569efc0c9562c8bca6905489dc04cb71e95\n>start {\"formatid\":\"gen9randombattle\",\"seed\":[28458,50298,27462,57514],\"rated\":\"Rated battle\"}\n>player p1 {\"name\":\"Referrals\",\"avatar\":\"roark\",\"rating\":2363,\"seed\":[51534,58649,23357,8821]}\n>player p2 {\"name\":\"Prosaic\",\"avatar\":\"alec-anime\",\"rating\":2313,\"seed\":[55408,54535,3718,36769]}\n>p1 move flareblitz\n>p2 move thunderbolt\n>p1 switch 6\n>p2 move thunderbolt\n>p1 move stickyweb\n>p2 move uturn\n>p2 switch 2\n>p1 switch 5\n>p2 move overheat\n>p1 switch 5\n>p2 move grassknot\n>p1 switch 5\n>p2 move overheat\n>p1 switch 5\n>p2 move closecombat\n>p1 move thunderbolt\n>p2 move closecombat\n>p1 switch 2\n>p1 move poltergeist\n>p2 switch 6\n>p1 switch 5\n>p2 move earthquake\n>p1 switch 5\n>p1 move spikes\n>p2 move earthquake\n>p1 move destinybond\n>p2 move earthquake\n>p1 switch 4\n>p2 switch 4\n>p1 move swordsdance\n>p2 switch 2\n>p1 move knockoff\n>p2 move thunderbolt\n>p2 switch 3\n>p1 move gunkshot\n>p2 move acrobatics terastallize\n>p1 switch 6\n>p2 move encore\n>p1 move morningsun\n>p2 move sleeppowder\n>p1 move morningsun\n>p2 switch 6\n>p1 move morningsun\n>p2 move closecombat\n>p1 move extremespeed\n>p2 move closecombat\n>p2 switch 6\n>p1 move flareblitz\n>p2 switch 2\n>p1 switch 6\n>p2 move malignantchain\n>p1 move swordsdance\n>p2 switch 2\n>p1 move lowkick\n>p2 move acrobatics\n>p1 switch 6\n>p1 move flareblitz\n>p2 move encore\n>p2 switch 2\n>p1 move flareblitz\n>p2 move recover\n>p1 switch 3\n>p2 switch 5\n>chat \u2606Referrals|ah shit i might've goofed this one\n>p1 move swordsdance terastallize\n>p2 move calmmind\n>p1 move scaleshot\n>p2 move willowisp\n>p1 move scaleshot\n>p2 move shadowball\n>chat \u2606Referrals|gg\n>p1 move ironhead\n>p2 move shadowball", "uploadtime": 1710108180, "views": 293, "formatid": "gen9randombattle", "rating": 2296, "private": 0, "password": null}