{"id": "gen9randombattle-2260674340", "format": "[Gen 9] Random Battle", "players": ["swmgwlcs", "chiconuclear"], "log": "|j|\u2606swmgwlcs\n|j|\u2606chiconuclear\n|t:|1733876856\n|gametype|singles\n|player|p1|swmgwlcs|skyla|1825\n|player|p2|chiconuclear|169|1905\n|teamsize|p1|6\n|teamsize|p2|6\n|gen|9\n|tier|[Gen 9] Random Battle\n|rated|\n|rule|Species Clause: Limit one of each Pok\u00e9mon\n|rule|HP Percentage Mod: HP is shown in percentages\n|rule|Sleep Clause Mod: Limit one foe put to sleep\n|rule|Illusion Level Mod: Illusion disguises the Pok\u00e9mon's true level\n|\n|t:|1733876856\n|start\n|switch|p1a: Mewtwo|Mewtwo, L72|272/272\n|switch|p2a: Iron Boulder|Iron Boulder, L77|265/265\n|-ability|p1a: Mewtwo|Unnerve\n|turn|1\n|inactive|Battle timer is ON: inactive players will automatically lose when time's up. (requested by swmgwlcs)\n|\n|t:|1733876876\n|switch|p1a: Solgaleo|Solgaleo, L74|325/325\n|move|p2a: Iron Boulder|Swords Dance|p2a: Iron Boulder\n|-boost|p2a: Iron Boulder|atk|2\n|\n|upkeep\n|turn|2\n|\n|t:|1733876883\n|-terastallize|p2a: Iron Boulder|Fighting\n|move|p2a: Iron Boulder|Close Combat|p1a: Solgaleo\n|-damage|p1a: Solgaleo|0 fnt\n|-unboost|p2a: Iron Boulder|def|1\n|-unboost|p2a: Iron Boulder|spd|1\n|-damage|p2a: Iron Boulder|221/265|[from] item: Rocky Helmet|[of] p1a: Solgaleo\n|faint|p1a: Solgaleo\n|-damage|p2a: Iron Boulder|195/265|[from] item: Life Orb\n|\n|upkeep\n|\n|t:|1733876899\n|switch|p1a: Tyranitar|Tyranitar, L79, F|288/288\n|-weather|Sandstorm|[from] ability: Sand Stream|[of] p1a: Tyranitar\n|turn|3\n|\n|t:|1733876917\n|move|p2a: Iron Boulder|Mighty Cleave|p1a: Tyranitar\n|-damage|p1a: Tyranitar|41/288\n|-damage|p2a: Iron Boulder|169/265|[from] item: Life Orb\n|move|p1a: Tyranitar|Dragon Tail|p2a: Iron Boulder\n|-damage|p2a: Iron Boulder|81/265\n|-end|p2a: Iron Boulder|Quark Drive|[silent]\n|drag|p2a: Tornadus|Tornadus, L82, M|263/263\n|\n|-weather|Sandstorm|[upkeep]\n|-damage|p2a: Tornadus|247/263|[from] Sandstorm\n|-heal|p1a: Tyranitar|59/288|[from] item: Leftovers\n|upkeep\n|turn|4\n|\n|t:|1733876926\n|move|p2a: Tornadus|U-turn|p1a: Tyranitar\n|-supereffective|p1a: Tyranitar\n|-damage|p1a: Tyranitar|0 fnt\n|faint|p1a: Tyranitar\n|\n|t:|1733876939\n|switch|p2a: Calyrex|Calyrex, L93|337/337|[from] U-turn\n|-ability|p2a: Calyrex|Unnerve\n|\n|-weather|Sandstorm|[upkeep]\n|-damage|p2a: Calyrex|316/337|[from] Sandstorm\n|-heal|p2a: Calyrex|337/337|[from] item: Leftovers\n|upkeep\n|\n|t:|1733876946\n|switch|p1a: Altaria|Altaria, L88, F|275/275\n|turn|5\n|\n|t:|1733876958\n|move|p2a: Calyrex|Psyshock|p1a: Altaria\n|-damage|p1a: Altaria|188/275\n|move|p1a: Altaria|Dragon Dance|p1a: Altaria\n|-boost|p1a: Altaria|atk|1\n|-boost|p1a: Altaria|spe|1\n|\n|-weather|Sandstorm|[upkeep]\n|-damage|p1a: Altaria|171/275|[from] Sandstorm\n|-damage|p2a: Calyrex|316/337|[from] Sandstorm\n|-heal|p2a: Calyrex|337/337|[from] item: Leftovers\n|upkeep\n|turn|6\n|\n|t:|1733876971\n|move|p1a: Altaria|Dragon Dance|p1a: Altaria\n|-boost|p1a: Altaria|atk|1\n|-boost|p1a: Altaria|spe|1\n|move|p2a: Calyrex|Encore|p1a: Altaria\n|-start|p1a: Altaria|Encore\n|\n|-weather|Sandstorm|[upkeep]\n|-damage|p1a: Altaria|154/275|[from] Sandstorm\n|-damage|p2a: Calyrex|316/337|[from] Sandstorm\n|-heal|p2a: Calyrex|337/337|[from] item: Leftovers\n|upkeep\n|turn|7\n|\n|t:|1733876981\n|switch|p2a: Thundurus|Thundurus, L80, M|258/258\n|-terastallize|p1a: Altaria|Steel\n|move|p1a: Altaria|Dragon Dance|p1a: Altaria\n|-boost|p1a: Altaria|atk|1\n|-boost|p1a: Altaria|spe|1\n|\n|-weather|none\n|upkeep\n|turn|8\n|\n|t:|1733876986\n|move|p1a: Altaria|Dragon Dance|p1a: Altaria\n|-boost|p1a: Altaria|atk|1\n|-boost|p1a: Altaria|spe|1\n|move|p2a: Thundurus|Thunderbolt|p1a: Altaria\n|-damage|p1a: Altaria|64/275\n|-status|p1a: Altaria|par\n|\n|upkeep\n|turn|9\n|\n|t:|1733876991\n|cant|p1a: Altaria|par\n|move|p2a: Thundurus|Thunderbolt|p1a: Altaria\n|-damage|p1a: Altaria|0 fnt\n|faint|p1a: Altaria\n|\n|upkeep\n|-message|swmgwlcs forfeited.\n|\n|win|chiconuclear\n|raw|swmgwlcs's rating: 1825 &rarr; <strong>1810</strong><br />(-15 for losing)\n|raw|chiconuclear's rating: 1905 &rarr; <strong>1920</strong><br />(+15 for winning)\n|l|\u2606swmgwlcs\n|player|p1|\n", "inputlog": ">version bfd83cad13791eb5a5a409923076391caf6fb4d4\n>start {\"formatid\":\"gen9randombattle\",\"seed\":[32105,60488,53519,14389],\"rated\":\"Rated battle\"}\n>player p1 {\"name\":\"swmgwlcs\",\"avatar\":\"skyla\",\"rating\":1825,\"seed\":[16978,37119,33968,20246]}\n>player p2 {\"name\":\"chiconuclear\",\"avatar\":\"169\",\"rating\":1905,\"seed\":[59521,1181,31879,36601]}\n>p1 switch 3\n>p2 move swordsdance\n>p1 move sunsteelstrike\n>p2 move closecombat terastallize\n>p1 switch 5\n>p1 move dragontail\n>p2 move mightycleave\n>p1 move stoneedge\n>p2 move uturn\n>p2 switch 6\n>p1 switch 2\n>p1 move dragondance\n>p2 move psyshock\n>p1 move dragondance\n>p2 move encore\n>p1 move dragondance terastallize\n>p2 switch 3\n>p1 move dragondance\n>p2 move thunderbolt\n>p1 move dragondance\n>p2 move thunderbolt\n>forcelose p1", "uploadtime": 1733877001, "views": 1, "formatid": "gen9randombattle", "rating": 1810, "private": 0, "password": null}