{"id": "gen9randombattle-2260790231", "format": "[Gen 9] Random Battle", "players": ["trxpz_scar", "Toosh E"], "log": "|j|\u2606trxpz_scar\n|j|\u2606Toosh E\n|t:|1733892527\n|gametype|singles\n|player|p1|trxpz_scar|169|1117\n|player|p2|Toosh E|170|1097\n|teamsize|p1|6\n|teamsize|p2|6\n|gen|9\n|tier|[Gen 9] Random Battle\n|rated|\n|rule|Species Clause: Limit one of each Pok\u00e9mon\n|rule|HP Percentage Mod: HP is shown in percentages\n|rule|Sleep Clause Mod: Limit one foe put to sleep\n|rule|Illusion Level Mod: Illusion disguises the Pok\u00e9mon's true level\n|\n|t:|1733892527\n|start\n|switch|p1a: Mudsdale|Mudsdale, L84, F|305/305\n|switch|p2a: Swampert|Swampert, L83, F|302/302\n|turn|1\n|\n|t:|1733892543\n|move|p2a: Swampert|Ice Beam|p1a: Mudsdale\n|-supereffective|p1a: Mudsdale\n|-damage|p1a: Mudsdale|193/305\n|-status|p1a: Mudsdale|frz\n|-ability|p1a: Mudsdale|Stamina|boost\n|-boost|p1a: Mudsdale|def|1\n|-curestatus|p1a: Mudsdale|frz|[msg]\n|move|p1a: Mudsdale|Roar|p2a: Swampert\n|drag|p2a: Exeggutor|Exeggutor, L89, M|312/312\n|\n|-heal|p1a: Mudsdale|212/305|[from] item: Leftovers\n|upkeep\n|turn|2\n|\n|t:|1733892559\n|move|p2a: Exeggutor|Leech Seed|p1a: Mudsdale\n|-start|p1a: Mudsdale|move: Leech Seed\n|move|p1a: Mudsdale|Stone Edge|p2a: Exeggutor\n|-damage|p2a: Exeggutor|227/312\n|\n|-heal|p1a: Mudsdale|231/305|[from] item: Leftovers\n|-damage|p1a: Mudsdale|193/305|[from] Leech Seed|[of] p2a: Exeggutor\n|-heal|p2a: Exeggutor|265/312|[silent]\n|upkeep\n|turn|3\n|\n|t:|1733892572\n|move|p2a: Exeggutor|Substitute|p2a: Exeggutor\n|-start|p2a: Exeggutor|Substitute\n|-damage|p2a: Exeggutor|187/312\n|move|p1a: Mudsdale|Stone Edge|p2a: Exeggutor|[miss]\n|-miss|p1a: Mudsdale|p2a: Exeggutor\n|\n|-heal|p1a: Mudsdale|212/305|[from] item: Leftovers\n|-damage|p1a: Mudsdale|174/305|[from] Leech Seed|[of] p2a: Exeggutor\n|-heal|p2a: Exeggutor|225/312|[silent]\n|upkeep\n|turn|4\n|\n|t:|1733892592\n|switch|p1a: Talonflame|Talonflame, L83, F|265/265\n|move|p2a: Exeggutor|Psychic Noise|p1a: Talonflame\n|-damage|p1a: Talonflame|132/265\n|-start|p1a: Talonflame|move: Heal Block\n|\n|upkeep\n|turn|5\n|\n|t:|1733892603\n|move|p1a: Talonflame|Overheat|p2a: Exeggutor\n|-supereffective|p2a: Exeggutor\n|-crit|p2a: Exeggutor\n|-end|p2a: Exeggutor|Substitute\n|-unboost|p1a: Talonflame|spa|2\n|move|p2a: Exeggutor|Psychic Noise|p1a: Talonflame\n|-damage|p1a: Talonflame|0 fnt\n|faint|p1a: Talonflame\n|\n|upkeep\n|\n|t:|1733892613\n|switch|p1a: Araquanid|Araquanid, L82, M|246/246\n|turn|6\n|\n|t:|1733892618\n|move|p2a: Exeggutor|Leech Seed|p1a: Araquanid\n|-start|p1a: Araquanid|move: Leech Seed\n|move|p1a: Araquanid|Sticky Web|p2a: Exeggutor\n|-sidestart|p2: Toosh E|move: Sticky Web\n|\n|-damage|p1a: Araquanid|216/246|[from] Leech Seed|[of] p2a: Exeggutor\n|-heal|p2a: Exeggutor|255/312|[silent]\n|upkeep\n|turn|7\n|\n|t:|1733892626\n|move|p2a: Exeggutor|Protect|p2a: Exeggutor\n|-singleturn|p2a: Exeggutor|Protect\n|move|p1a: Araquanid|Leech Life|p2a: Exeggutor\n|-activate|p2a: Exeggutor|move: Protect\n|\n|-damage|p1a: Araquanid|186/246|[from] Leech Seed|[of] p2a: Exeggutor\n|-heal|p2a: Exeggutor|285/312|[silent]\n|upkeep\n|turn|8\n|\n|t:|1733892635\n|move|p2a: Exeggutor|Psychic Noise|p1a: Araquanid\n|-damage|p1a: Araquanid|110/246\n|-start|p1a: Araquanid|move: Heal Block\n|cant|p1a: Araquanid|move: Heal Block|Leech Life\n|\n|-damage|p1a: Araquanid|80/246|[from] Leech Seed|[of] p2a: Exeggutor\n|-heal|p2a: Exeggutor|312/312|[silent]\n|upkeep\n|turn|9\n|\n|t:|1733892647\n|move|p2a: Exeggutor|Psychic Noise|p1a: Araquanid\n|-damage|p1a: Araquanid|0 fnt\n|faint|p1a: Araquanid\n|\n|upkeep\n|\n|t:|1733892663\n|switch|p1a: Veluza|Veluza, L85, M|292/292\n|turn|10\n|\n|t:|1733892672\n|move|p1a: Veluza|Night Slash|p2a: Exeggutor\n|-supereffective|p2a: Exeggutor\n|-damage|p2a: Exeggutor|154/312\n|-enditem|p2a: Exeggutor|Sitrus Berry|[eat]\n|-heal|p2a: Exeggutor|232/312|[from] item: Sitrus Berry\n|move|p2a: Exeggutor|Substitute|p2a: Exeggutor\n|-start|p2a: Exeggutor|Substitute\n|-damage|p2a: Exeggutor|154/312\n|\n|-item|p2a: Exeggutor|Sitrus Berry|[from] ability: Harvest\n|upkeep\n|-enditem|p2a: Exeggutor|Sitrus Berry|[eat]\n|-heal|p2a: Exeggutor|232/312|[from] item: Sitrus Berry\n|turn|11\n|\n|t:|1733892685\n|move|p1a: Veluza|Fillet Away|p1a: Veluza\n|-boost|p1a: Veluza|atk|2\n|-boost|p1a: Veluza|spa|2\n|-boost|p1a: Veluza|spe|2\n|-damage|p1a: Veluza|146/292\n|-enditem|p1a: Veluza|Sitrus Berry|[eat]\n|-heal|p1a: Veluza|219/292|[from] item: Sitrus Berry\n|move|p2a: Exeggutor|Leech Seed|p1a: Veluza\n|-start|p1a: Veluza|move: Leech Seed\n|\n|-damage|p1a: Veluza|183/292|[from] Leech Seed|[of] p2a: Exeggutor\n|-heal|p2a: Exeggutor|268/312|[silent]\n|-item|p2a: Exeggutor|Sitrus Berry|[from] ability: Harvest\n|upkeep\n|turn|12\n|\n|t:|1733892701\n|move|p1a: Veluza|Night Slash|p2a: Exeggutor\n|-supereffective|p2a: Exeggutor\n|-crit|p2a: Exeggutor\n|-end|p2a: Exeggutor|Substitute\n|move|p2a: Exeggutor|Psychic Noise|p1a: Veluza\n|-resisted|p1a: Veluza\n|-damage|p1a: Veluza|120/292\n|-start|p1a: Veluza|move: Heal Block\n|\n|-damage|p1a: Veluza|84/292|[from] Leech Seed|[of] p2a: Exeggutor\n|-heal|p2a: Exeggutor|304/312|[silent]\n|upkeep\n|turn|13\n|\n|t:|1733892714\n|move|p2a: Exeggutor|Protect|p2a: Exeggutor\n|-singleturn|p2a: Exeggutor|Protect\n|move|p1a: Veluza|Night Slash|p2a: Exeggutor\n|-activate|p2a: Exeggutor|move: Protect\n|\n|-damage|p1a: Veluza|48/292|[from] Leech Seed|[of] p2a: Exeggutor\n|-heal|p2a: Exeggutor|312/312|[silent]\n|-end|p1a: Veluza|move: Heal Block\n|upkeep\n|turn|14\n|\n|t:|1733892724\n|move|p1a: Veluza|Night Slash|p2a: Exeggutor\n|-supereffective|p2a: Exeggutor\n|-damage|p2a: Exeggutor|14/312\n|-enditem|p2a: Exeggutor|Sitrus Berry|[eat]\n|-heal|p2a: Exeggutor|92/312|[from] item: Sitrus Berry\n|move|p2a: Exeggutor|Psychic Noise|p1a: Veluza\n|-resisted|p1a: Veluza\n|-damage|p1a: Veluza|0 fnt\n|faint|p1a: Veluza\n|\n|upkeep\n|\n|t:|1733892736\n|switch|p1a: Raichu|Raichu-Alola, L87, M|246/246\n|turn|15\n|\n|t:|1733892744\n|move|p1a: Raichu|Grass Knot|p2a: Exeggutor\n|-resisted|p2a: Exeggutor\n|-damage|p2a: Exeggutor|37/312\n|move|p2a: Exeggutor|Leech Seed|p1a: Raichu\n|-start|p1a: Raichu|move: Leech Seed\n|\n|-damage|p1a: Raichu|216/246|[from] Leech Seed|[of] p2a: Exeggutor\n|-heal|p2a: Exeggutor|67/312|[silent]\n|upkeep\n|turn|16\n|\n|t:|1733892753\n|move|p1a: Raichu|Grass Knot|p2a: Exeggutor\n|-resisted|p2a: Exeggutor\n|-damage|p2a: Exeggutor|10/312\n|move|p2a: Exeggutor|Psychic Noise|p1a: Raichu\n|-resisted|p1a: Raichu\n|-damage|p1a: Raichu|158/246\n|-start|p1a: Raichu|move: Heal Block\n|\n|-damage|p1a: Raichu|128/246|[from] Leech Seed|[of] p2a: Exeggutor\n|-heal|p2a: Exeggutor|40/312|[silent]\n|upkeep\n|turn|17\n|\n|t:|1733892764\n|move|p2a: Exeggutor|Protect|p2a: Exeggutor\n|-singleturn|p2a: Exeggutor|Protect\n|move|p1a: Raichu|Grass Knot|p2a: Exeggutor\n|-activate|p2a: Exeggutor|move: Protect\n|\n|-damage|p1a: Raichu|98/246|[from] Leech Seed|[of] p2a: Exeggutor\n|-heal|p2a: Exeggutor|70/312|[silent]\n|-end|p1a: Raichu|move: Heal Block\n|upkeep\n|turn|18\n|\n|t:|1733892774\n|move|p1a: Raichu|Grass Knot|p2a: Exeggutor\n|-resisted|p2a: Exeggutor\n|-damage|p2a: Exeggutor|10/312\n|move|p2a: Exeggutor|Psychic Noise|p1a: Raichu\n|-resisted|p1a: Raichu\n|-crit|p1a: Raichu\n|-damage|p1a: Raichu|22/246\n|-start|p1a: Raichu|move: Heal Block\n|\n|-damage|p1a: Raichu|0 fnt|[from] Leech Seed|[of] p2a: Exeggutor\n|-heal|p2a: Exeggutor|32/312|[silent]\n|faint|p1a: Raichu\n|upkeep\n|\n|t:|1733892790\n|switch|p1a: Mudsdale|Mudsdale, L84, F|174/305\n|turn|19\n|\n|t:|1733892797\n|move|p2a: Exeggutor|Leech Seed|p1a: Mudsdale|[miss]\n|-miss|p2a: Exeggutor|p1a: Mudsdale\n|move|p1a: Mudsdale|Stone Edge|p2a: Exeggutor|[miss]\n|-miss|p1a: Mudsdale|p2a: Exeggutor\n|\n|-heal|p1a: Mudsdale|193/305|[from] item: Leftovers\n|-item|p2a: Exeggutor|Sitrus Berry|[from] ability: Harvest\n|upkeep\n|-enditem|p2a: Exeggutor|Sitrus Berry|[eat]\n|-heal|p2a: Exeggutor|110/312|[from] item: Sitrus Berry\n|turn|20\n|\n|t:|1733892810\n|move|p2a: Exeggutor|Protect|p2a: Exeggutor\n|-singleturn|p2a: Exeggutor|Protect\n|move|p1a: Mudsdale|Stone Edge|p2a: Exeggutor\n|-activate|p2a: Exeggutor|move: Protect\n|\n|-heal|p1a: Mudsdale|212/305|[from] item: Leftovers\n|-item|p2a: Exeggutor|Sitrus Berry|[from] ability: Harvest\n|upkeep\n|-enditem|p2a: Exeggutor|Sitrus Berry|[eat]\n|-heal|p2a: Exeggutor|188/312|[from] item: Sitrus Berry\n|turn|21\n|\n|t:|1733892822\n|move|p2a: Exeggutor|Leech Seed|p1a: Mudsdale\n|-start|p1a: Mudsdale|move: Leech Seed\n|move|p1a: Mudsdale|Stone Edge|p2a: Exeggutor\n|-damage|p2a: Exeggutor|109/312\n|\n|-heal|p1a: Mudsdale|231/305|[from] item: Leftovers\n|-damage|p1a: Mudsdale|193/305|[from] Leech Seed|[of] p2a: Exeggutor\n|-heal|p2a: Exeggutor|147/312|[silent]\n|-item|p2a: Exeggutor|Sitrus Berry|[from] ability: Harvest\n|upkeep\n|-enditem|p2a: Exeggutor|Sitrus Berry|[eat]\n|-heal|p2a: Exeggutor|225/312|[from] item: Sitrus Berry\n|turn|22\n|-message|trxpz_scar forfeited.\n|\n|win|Toosh E\n|raw|trxpz_scar's rating: 1117 &rarr; <strong>1091</strong><br />(-26 for losing)\n|raw|Toosh E's rating: 1097 &rarr; <strong>1124</strong><br />(+27 for winning)\n|l|\u2606trxpz_scar\n|player|p1|\n", "inputlog": ">version bfd83cad13791eb5a5a409923076391caf6fb4d4\n>start {\"formatid\":\"gen9randombattle\",\"seed\":[28232,39543,5150,56406],\"rated\":\"Rated battle\"}\n>player p1 {\"name\":\"trxpz_scar\",\"avatar\":\"169\",\"rating\":1117,\"seed\":[16924,14953,56679,54415]}\n>player p2 {\"name\":\"Toosh E\",\"avatar\":\"170\",\"rating\":1097,\"seed\":[53133,37771,52875,15639]}\n>p1 move roar\n>p2 move icebeam\n>p1 move stoneedge\n>p2 move leechseed\n>p1 move stoneedge\n>p2 move substitute\n>p1 switch 4\n>p2 move psychicnoise\n>p1 move overheat\n>p2 move psychicnoise\n>p1 switch 6\n>p1 move stickyweb\n>p2 move leechseed\n>p1 move leechlife\n>p2 move protect\n>p1 move leechlife\n>p2 move psychicnoise\n>p1 move hydropump\n>p2 move psychicnoise\n>p1 switch 2\n>p1 move nightslash\n>p2 move substitute\n>p1 move filletaway\n>p2 move leechseed\n>p1 move nightslash\n>p2 move psychicnoise\n>p1 move nightslash\n>p2 move protect\n>p1 move nightslash\n>p2 move psychicnoise\n>p1 switch 3\n>p1 move grassknot\n>p2 move leechseed\n>p1 move grassknot\n>p2 move psychicnoise\n>p1 move grassknot\n>p2 move protect\n>p1 move grassknot\n>p2 move psychicnoise\n>p1 switch 4\n>p1 move stoneedge\n>p2 move leechseed\n>p1 move stoneedge\n>p2 move protect\n>p1 move stoneedge\n>p2 move leechseed\n>forcelose p1", "uploadtime": 1733892885, "views": 14, "formatid": "gen9randombattle", "rating": 1091, "private": 0, "password": null}