{"id": "gen9randombattle-2260681099", "format": "[Gen 9] Random Battle", "players": ["CLeonel", "Electronboom"], "log": "|j|\u2606CLeonel\n|j|\u2606Electronboom\n|t:|1733877704\n|gametype|singles\n|player|p1|CLeonel|cynthia-gen4|1100\n|player|p2|Electronboom|265|1112\n|teamsize|p1|6\n|teamsize|p2|6\n|gen|9\n|tier|[Gen 9] Random Battle\n|rated|\n|rule|Species Clause: Limit one of each Pok\u00e9mon\n|rule|HP Percentage Mod: HP is shown in percentages\n|rule|Sleep Clause Mod: Limit one foe put to sleep\n|rule|Illusion Level Mod: Illusion disguises the Pok\u00e9mon's true level\n|\n|t:|1733877704\n|start\n|switch|p1a: Camerupt|Camerupt, L91, M|275/275\n|switch|p2a: Quaquaval|Quaquaval, L79, M|264/264\n|turn|1\n|\n|t:|1733877715\n|move|p2a: Quaquaval|Swords Dance|p2a: Quaquaval\n|-boost|p2a: Quaquaval|atk|2\n|move|p1a: Camerupt|Stealth Rock|p2a: Quaquaval\n|-sidestart|p2: Electronboom|move: Stealth Rock\n|\n|upkeep\n|turn|2\n|\n|t:|1733877721\n|move|p2a: Quaquaval|Aqua Step|p1a: Camerupt\n|-supereffective|p1a: Camerupt\n|-damage|p1a: Camerupt|0 fnt\n|-boost|p2a: Quaquaval|spe|1\n|faint|p1a: Camerupt\n|-ability|p2a: Quaquaval|Moxie|boost\n|-boost|p2a: Quaquaval|atk|1\n|-damage|p2a: Quaquaval|238/264|[from] item: Life Orb\n|\n|upkeep\n|\n|t:|1733877730\n|switch|p1a: Articuno|Articuno-Galar, L84|288/288\n|turn|3\n|inactive|Battle timer is ON: inactive players will automatically lose when time's up. (requested by CLeonel)\n|\n|t:|1733877739\n|move|p2a: Quaquaval|Aqua Step|p1a: Articuno\n|-damage|p1a: Articuno|14/288\n|-boost|p2a: Quaquaval|spe|1\n|-damage|p2a: Quaquaval|212/264|[from] item: Life Orb\n|move|p1a: Articuno|Freezing Glare|p2a: Quaquaval\n|-supereffective|p2a: Quaquaval\n|-damage|p2a: Quaquaval|0 fnt\n|faint|p2a: Quaquaval\n|\n|upkeep\n|\n|t:|1733877758\n|switch|p2a: Mesprit|Mesprit, L85|275/275\n|-damage|p2a: Mesprit|241/275|[from] Stealth Rock\n|turn|4\n|\n|t:|1733877766\n|move|p1a: Articuno|Recover|p1a: Articuno\n|-heal|p1a: Articuno|158/288\n|move|p2a: Mesprit|U-turn|p1a: Articuno\n|-damage|p1a: Articuno|99/288\n|\n|t:|1733877786\n|switch|p2a: Regigigas|Regigigas, L84|322/322|[from] U-turn\n|-damage|p2a: Regigigas|282/322|[from] Stealth Rock\n|-start|p2a: Regigigas|ability: Slow Start\n|\n|-heal|p2a: Regigigas|302/322|[from] item: Leftovers\n|upkeep\n|turn|5\n|\n|t:|1733877798\n|move|p1a: Articuno|Recover|p1a: Articuno\n|-heal|p1a: Articuno|243/288\n|move|p2a: Regigigas|Knock Off|p1a: Articuno\n|-supereffective|p1a: Articuno\n|-damage|p1a: Articuno|139/288\n|-enditem|p1a: Articuno|Heavy-Duty Boots|[from] move: Knock Off|[of] p2a: Regigigas\n|\n|-heal|p2a: Regigigas|322/322|[from] item: Leftovers\n|upkeep\n|turn|6\n|\n|t:|1733877806\n|move|p1a: Articuno|Calm Mind|p1a: Articuno\n|-boost|p1a: Articuno|spa|1\n|-boost|p1a: Articuno|spd|1\n|move|p2a: Regigigas|Knock Off|p1a: Articuno\n|-supereffective|p1a: Articuno\n|-damage|p1a: Articuno|73/288\n|\n|upkeep\n|turn|7\n|\n|t:|1733877813\n|move|p1a: Articuno|Recover|p1a: Articuno\n|-heal|p1a: Articuno|217/288\n|move|p2a: Regigigas|Knock Off|p1a: Articuno\n|-supereffective|p1a: Articuno\n|-damage|p1a: Articuno|141/288\n|\n|upkeep\n|turn|8\n|\n|t:|1733877820\n|move|p1a: Articuno|Freezing Glare|p2a: Regigigas\n|-damage|p2a: Regigigas|163/322\n|move|p2a: Regigigas|Knock Off|p1a: Articuno\n|-supereffective|p1a: Articuno\n|-damage|p1a: Articuno|75/288\n|\n|-heal|p2a: Regigigas|183/322|[from] item: Leftovers\n|upkeep\n|turn|9\n|\n|t:|1733877834\n|move|p1a: Articuno|Recover|p1a: Articuno\n|-heal|p1a: Articuno|219/288\n|move|p2a: Regigigas|Knock Off|p1a: Articuno\n|-supereffective|p1a: Articuno\n|-crit|p1a: Articuno\n|-damage|p1a: Articuno|105/288\n|\n|-heal|p2a: Regigigas|203/322|[from] item: Leftovers\n|-end|p2a: Regigigas|Slow Start\n|upkeep\n|turn|10\n|\n|t:|1733877844\n|move|p2a: Regigigas|Knock Off|p1a: Articuno\n|-supereffective|p1a: Articuno\n|-damage|p1a: Articuno|0 fnt\n|faint|p1a: Articuno\n|\n|-heal|p2a: Regigigas|223/322|[from] item: Leftovers\n|upkeep\n|\n|t:|1733877861\n|switch|p1a: Scyther|Scyther, L82, F|249/249\n|turn|11\n|\n|t:|1733877867\n|-terastallize|p1a: Scyther|Fighting\n|move|p1a: Scyther|Close Combat|p2a: Regigigas\n|-supereffective|p2a: Regigigas\n|-damage|p2a: Regigigas|5/322\n|-unboost|p1a: Scyther|def|1\n|-unboost|p1a: Scyther|spd|1\n|move|p2a: Regigigas|Body Slam|p1a: Scyther\n|-damage|p1a: Scyther|35/249\n|-status|p1a: Scyther|par\n|\n|-heal|p2a: Regigigas|25/322|[from] item: Leftovers\n|upkeep\n|turn|12\n|\n|t:|1733877883\n|move|p2a: Regigigas|Knock Off|p1a: Scyther\n|-resisted|p1a: Scyther\n|-damage|p1a: Scyther|0 fnt\n|-enditem|p1a: Scyther|Heavy-Duty Boots|[from] move: Knock Off|[of] p2a: Regigigas\n|faint|p1a: Scyther\n|\n|-heal|p2a: Regigigas|45/322|[from] item: Leftovers\n|upkeep\n|\n|t:|1733877892\n|switch|p1a: Arbok|Arbok, L87, M|246/246\n|-ability|p1a: Arbok|Intimidate|boost\n|-unboost|p2a: Regigigas|atk|1\n|turn|13\n|\n|t:|1733877898\n|move|p2a: Regigigas|Protect|p2a: Regigigas\n|-singleturn|p2a: Regigigas|Protect\n|move|p1a: Arbok|Earthquake|p2a: Regigigas\n|-activate|p2a: Regigigas|move: Protect\n|\n|-heal|p2a: Regigigas|65/322|[from] item: Leftovers\n|upkeep\n|turn|14\n|\n|t:|1733877920\n|move|p2a: Regigigas|Knock Off|p1a: Arbok\n|-damage|p1a: Arbok|167/246\n|-enditem|p1a: Arbok|Leftovers|[from] move: Knock Off|[of] p2a: Regigigas\n|move|p1a: Arbok|Earthquake|p2a: Regigigas\n|-damage|p2a: Regigigas|0 fnt\n|faint|p2a: Regigigas\n|-end|p2a: Regigigas|Slow Start|[silent]\n|\n|upkeep\n|\n|t:|1733877931\n|switch|p2a: Amoonguss|Amoonguss, L82, M|321/321\n|-damage|p2a: Amoonguss|281/321|[from] Stealth Rock\n|turn|15\n|\n|t:|1733877950\n|move|p1a: Arbok|Gunk Shot|p2a: Amoonguss\n|-damage|p2a: Amoonguss|127/321\n|move|p2a: Amoonguss|Spore|p1a: Arbok\n|-status|p1a: Arbok|slp|[from] move: Spore\n|\n|-heal|p2a: Amoonguss|147/321|[from] item: Leftovers\n|upkeep\n|turn|16\n|\n|t:|1733877957\n|cant|p1a: Arbok|slp\n|move|p2a: Amoonguss|Sludge Bomb|p1a: Arbok\n|-resisted|p1a: Arbok\n|-damage|p1a: Arbok|128/246 slp\n|\n|-heal|p2a: Amoonguss|167/321|[from] item: Leftovers\n|upkeep\n|turn|17\n|\n|t:|1733877964\n|cant|p1a: Arbok|slp\n|move|p2a: Amoonguss|Giga Drain|p1a: Arbok\n|-resisted|p1a: Arbok\n|-damage|p1a: Arbok|94/246 slp\n|-heal|p2a: Amoonguss|184/321|[from] drain|[of] p1a: Arbok\n|\n|-heal|p2a: Amoonguss|204/321|[from] item: Leftovers\n|upkeep\n|turn|18\n|\n|t:|1733877970\n|cant|p1a: Arbok|slp\n|move|p2a: Amoonguss|Giga Drain|p1a: Arbok\n|-resisted|p1a: Arbok\n|-crit|p1a: Arbok\n|-damage|p1a: Arbok|41/246 slp\n|-heal|p2a: Amoonguss|231/321|[from] drain|[of] p1a: Arbok\n|\n|-heal|p2a: Amoonguss|251/321|[from] item: Leftovers\n|upkeep\n|turn|19\n|\n|t:|1733877977\n|-curestatus|p1a: Arbok|slp|[msg]\n|move|p1a: Arbok|Gunk Shot|p2a: Amoonguss\n|-damage|p2a: Amoonguss|104/321\n|move|p2a: Amoonguss|Giga Drain|p1a: Arbok\n|-resisted|p1a: Arbok\n|-damage|p1a: Arbok|4/246\n|-heal|p2a: Amoonguss|123/321|[from] drain|[of] p1a: Arbok\n|\n|-heal|p2a: Amoonguss|143/321|[from] item: Leftovers\n|upkeep\n|turn|20\n|\n|t:|1733877992\n|move|p1a: Arbok|Gunk Shot|p2a: Amoonguss\n|-damage|p2a: Amoonguss|0 fnt\n|faint|p2a: Amoonguss\n|\n|upkeep\n|\n|t:|1733877999\n|switch|p2a: Mesprit|Mesprit, L85|241/275\n|-damage|p2a: Mesprit|207/275|[from] Stealth Rock\n|turn|21\n|\n|t:|1733878006\n|move|p1a: Arbok|Trailblaze|p2a: Mesprit\n|-damage|p2a: Mesprit|172/275\n|-boost|p1a: Arbok|spe|1\n|move|p2a: Mesprit|Knock Off|p1a: Arbok\n|-damage|p1a: Arbok|0 fnt\n|faint|p1a: Arbok\n|\n|-heal|p2a: Mesprit|189/275|[from] item: Leftovers\n|upkeep\n|\n|t:|1733878027\n|switch|p1a: Dialga|Dialga, L73|266/266\n|-ability|p1a: Dialga|Pressure\n|turn|22\n|\n|t:|1733878033\n|move|p2a: Mesprit|Thunder Wave|p1a: Dialga\n|-status|p1a: Dialga|par\n|move|p1a: Dialga|Fire Blast|p2a: Mesprit\n|-damage|p2a: Mesprit|119/275\n|\n|-heal|p2a: Mesprit|136/275|[from] item: Leftovers\n|upkeep\n|turn|23\n|\n|t:|1733878041\n|move|p2a: Mesprit|Psychic Noise|p1a: Dialga\n|-resisted|p1a: Dialga\n|-damage|p1a: Dialga|236/266 par\n|-start|p1a: Dialga|move: Heal Block\n|move|p1a: Dialga|Draco Meteor|p2a: Mesprit\n|-damage|p2a: Mesprit|7/275\n|-unboost|p1a: Dialga|spa|2\n|\n|-heal|p2a: Mesprit|24/275|[from] item: Leftovers\n|upkeep\n|turn|24\n|\n|t:|1733878051\n|move|p2a: Mesprit|Knock Off|p1a: Dialga\n|-damage|p1a: Dialga|165/266 par\n|-enditem|p1a: Dialga|Assault Vest|[from] move: Knock Off|[of] p2a: Mesprit\n|move|p1a: Dialga|Heavy Slam|p2a: Mesprit\n|-damage|p2a: Mesprit|0 fnt\n|faint|p2a: Mesprit\n|\n|-end|p1a: Dialga|move: Heal Block\n|upkeep\n|\n|t:|1733878063\n|switch|p2a: Sandy Shocks|Sandy Shocks, L80|267/267\n|-damage|p2a: Sandy Shocks|251/267|[from] Stealth Rock\n|turn|25\n|\n|t:|1733878077\n|move|p2a: Sandy Shocks|Earth Power|p1a: Dialga\n|-supereffective|p1a: Dialga\n|-damage|p1a: Dialga|0 fnt\n|faint|p1a: Dialga\n|\n|-heal|p2a: Sandy Shocks|267/267|[from] item: Leftovers\n|upkeep\n|\n|t:|1733878091\n|switch|p1a: Latias|Latias, L79, F|256/256\n|turn|26\n|\n|t:|1733878100\n|move|p1a: Latias|Calm Mind|p1a: Latias\n|-boost|p1a: Latias|spa|1\n|-boost|p1a: Latias|spd|1\n|move|p2a: Sandy Shocks|Thunderbolt|p1a: Latias\n|-resisted|p1a: Latias\n|-damage|p1a: Latias|226/256\n|\n|upkeep\n|turn|27\n|\n|t:|1733878108\n|move|p1a: Latias|Draco Meteor|p2a: Sandy Shocks\n|-damage|p2a: Sandy Shocks|24/267\n|-unboost|p1a: Latias|spa|2\n|move|p2a: Sandy Shocks|Thunder Wave|p1a: Latias\n|-status|p1a: Latias|par\n|\n|-heal|p2a: Sandy Shocks|40/267|[from] item: Leftovers\n|upkeep\n|turn|28\n|\n|t:|1733878120\n|move|p2a: Sandy Shocks|Thunderbolt|p1a: Latias\n|-resisted|p1a: Latias\n|-damage|p1a: Latias|198/256 par\n|move|p1a: Latias|Psyshock|p2a: Sandy Shocks\n|-damage|p2a: Sandy Shocks|0 fnt\n|faint|p2a: Sandy Shocks\n|-end|p2a: Sandy Shocks|Protosynthesis|[silent]\n|\n|upkeep\n|\n|t:|1733878130\n|switch|p2a: Zekrom|Zekrom, L71|259/259\n|-damage|p2a: Zekrom|227/259|[from] Stealth Rock\n|-ability|p2a: Zekrom|Teravolt\n|turn|29\n|\n|t:|1733878141\n|move|p2a: Zekrom|Outrage|p1a: Latias\n|-supereffective|p1a: Latias\n|-damage|p1a: Latias|0 fnt\n|faint|p1a: Latias\n|\n|win|Electronboom\n|raw|CLeonel's rating: 1100 &rarr; <strong>1076</strong><br />(-24 for losing)\n|raw|Electronboom's rating: 1112 &rarr; <strong>1136</strong><br />(+24 for winning)\n|l|\u2606CLeonel\n|player|p1|\n", "inputlog": ">version bfd83cad13791eb5a5a409923076391caf6fb4d4\n>start {\"formatid\":\"gen9randombattle\",\"seed\":[4400,64573,33335,26979],\"rated\":\"Rated battle\"}\n>player p1 {\"name\":\"CLeonel\",\"avatar\":\"cynthia-gen4\",\"rating\":1100,\"seed\":[1725,31308,63253,49601]}\n>player p2 {\"name\":\"Electronboom\",\"avatar\":\"265\",\"rating\":1112,\"seed\":[45501,60458,58508,61580]}\n>p1 move stealthrock\n>p2 move swordsdance\n>p1 move earthquake\n>p2 move aquastep\n>p1 switch 5\n>p1 move freezingglare\n>p2 move aquastep\n>p2 switch 2\n>p1 move recover\n>p2 move uturn\n>p2 switch 5\n>p1 move recover\n>p2 move knockoff\n>p1 move calmmind\n>p2 move knockoff\n>p1 move recover\n>p2 move knockoff\n>p1 move freezingglare\n>p2 move knockoff\n>p1 move recover\n>p2 move knockoff\n>p1 move hurricane\n>p2 move knockoff\n>p1 switch 3\n>p1 move closecombat terastallize\n>p2 move bodyslam\n>p1 move closecombat\n>p2 move knockoff\n>p1 switch 4\n>p1 move earthquake\n>p2 move protect\n>p1 move earthquake\n>p2 move knockoff\n>p2 switch 4\n>p1 move gunkshot\n>p2 move spore\n>p1 move gunkshot\n>p2 move sludgebomb\n>p1 move gunkshot\n>p2 move gigadrain\n>p1 move gunkshot\n>p2 move gigadrain\n>p1 move gunkshot\n>p2 move gigadrain\n>p1 move gunkshot\n>p2 move spore\n>p2 switch 5\n>p1 move trailblaze\n>p2 move knockoff\n>p1 switch 6\n>p1 move fireblast\n>p2 move thunderwave\n>p1 move dracometeor\n>p2 move psychicnoise\n>p1 move heavyslam\n>p2 move knockoff\n>p2 switch 3\n>p1 move dracometeor\n>p2 move earthpower\n>p1 switch 2\n>p1 move calmmind\n>p2 move thunderbolt\n>p1 move dracometeor\n>p2 move thunderwave\n>p1 move psyshock\n>p2 move thunderbolt\n>p2 switch 6\n>p1 move dracometeor\n>p2 move outrage", "uploadtime": 1733878147, "views": 31, "formatid": "gen9randombattle", "rating": 1076, "private": 0, "password": null}