{"id": "gen9randombattle-2128465534", "format": "[Gen 9] Random Battle", "players": ["Slim Workshop", "God King Raidriar"], "log": "|badge|p1|bronze|gen9randombattle|100-1\n|uhtml|medal-msg|<div class=\"broadcast-blue\">Curious what those medals under the avatar are? PS now has Ladder Seasons! For more information, check out the <a href=\"https://www.smogon.com/forums/threads/3740067/\">thread on Smogon.</a></div>\n|j|\u203dSlim Workshop\n|j|\u2606God King Raidriar\n|t:|1716412763\n|gametype|singles\n|player|p1|Slim Workshop|102|2303\n|player|p2|God King Raidriar|101|2229\n|teamsize|p1|6\n|teamsize|p2|6\n|gen|9\n|tier|[Gen 9] Random Battle\n|rated|\n|rule|Species Clause: Limit one of each Pok\u00e9mon\n|rule|HP Percentage Mod: HP is shown in percentages\n|rule|Sleep Clause Mod: Limit one foe put to sleep\n|rule|Illusion Level Mod: Illusion disguises the Pok\u00e9mon's true level\n|\n|t:|1716412763\n|start\n|switch|p1a: Excadrill|Excadrill, L80, F|307/307\n|switch|p2a: Meowscarada|Meowscarada, L78, F|247/247\n|-ability|p1a: Excadrill|Mold Breaker\n|turn|1\n|\n|t:|1716412778\n|move|p2a: Meowscarada|Flower Trick|p1a: Excadrill\n|-start|p2a: Meowscarada|typechange|Grass|[from] ability: Protean\n|-crit|p1a: Excadrill\n|-damage|p1a: Excadrill|150/307\n|move|p1a: Excadrill|Iron Head|p2a: Meowscarada\n|-damage|p2a: Meowscarada|68/247\n|-damage|p1a: Excadrill|120/307|[from] item: Life Orb\n|\n|upkeep\n|turn|2\n|inactive|Battle timer is ON: inactive players will automatically lose when time's up. (requested by God King Raidriar)\n|\n|t:|1716412789\n|switch|p1a: Qwilfish|Qwilfish-Hisui, L84, F|246/246\n|-ability|p1a: Qwilfish|Intimidate|boost\n|-unboost|p2a: Meowscarada|atk|1\n|move|p2a: Meowscarada|Flower Trick|p1a: Qwilfish\n|-resisted|p1a: Qwilfish\n|-crit|p1a: Qwilfish\n|-damage|p1a: Qwilfish|211/246\n|\n|upkeep\n|turn|3\n|\n|t:|1716412794\n|move|p2a: Meowscarada|U-turn|p1a: Qwilfish\n|-damage|p1a: Qwilfish|189/246\n|\n|t:|1716412804\n|switch|p2a: Garganacl|Garganacl, L80, M|291/291|[from] U-turn\n|move|p1a: Qwilfish|Toxic Spikes|p2a: Garganacl\n|-sidestart|p2: God King Raidriar|move: Toxic Spikes\n|\n|upkeep\n|turn|4\n|\n|t:|1716412818\n|switch|p1a: Whimsicott|Whimsicott, L85, F|241/241\n|move|p2a: Garganacl|Stealth Rock|p1a: Whimsicott\n|-sidestart|p1: Slim Workshop|move: Stealth Rock\n|\n|upkeep\n|turn|5\n|j| smallppensi\n|\n|t:|1716412828\n|move|p1a: Whimsicott|Giga Drain|p2a: Garganacl\n|-supereffective|p2a: Garganacl\n|-damage|p2a: Garganacl|147/291\n|move|p2a: Garganacl|Salt Cure|p1a: Whimsicott\n|-damage|p1a: Whimsicott|196/241\n|-start|p1a: Whimsicott|Salt Cure\n|\n|-heal|p2a: Garganacl|165/291|[from] item: Leftovers\n|-damage|p1a: Whimsicott|166/241|[from] Salt Cure\n|upkeep\n|turn|6\n|\n|t:|1716412838\n|switch|p2a: Chi-Yu|Chi-Yu, L77|211/211\n|-ability|p2a: Chi-Yu|Beads of Ruin\n|move|p1a: Whimsicott|U-turn|p2a: Chi-Yu\n|-damage|p2a: Chi-Yu|168/211\n|\n|t:|1716412846\n|switch|p1a: Feraligatr|Feraligatr, L80, M|267/267|[from] U-turn\n|-damage|p1a: Feraligatr|234/267|[from] Stealth Rock\n|\n|upkeep\n|turn|7\n|\n|t:|1716412854\n|move|p2a: Chi-Yu|Dark Pulse|p1a: Feraligatr\n|-damage|p1a: Feraligatr|108/267\n|move|p1a: Feraligatr|Liquidation|p2a: Chi-Yu\n|-supereffective|p2a: Chi-Yu\n|-damage|p2a: Chi-Yu|0 fnt\n|faint|p2a: Chi-Yu\n|\n|upkeep\n|\n|t:|1716412869\n|switch|p2a: Meowscarada|Meowscarada, L78, F|68/247\n|turn|8\n|\n|t:|1716412875\n|switch|p1a: Qwilfish|Qwilfish-Hisui, L84, F|189/246\n|-damage|p1a: Qwilfish|159/246|[from] Stealth Rock\n|-ability|p1a: Qwilfish|Intimidate|boost\n|-unboost|p2a: Meowscarada|atk|1\n|move|p2a: Meowscarada|Flower Trick|p1a: Qwilfish\n|-start|p2a: Meowscarada|typechange|Grass|[from] ability: Protean\n|-resisted|p1a: Qwilfish\n|-crit|p1a: Qwilfish\n|-damage|p1a: Qwilfish|121/246\n|\n|upkeep\n|turn|9\n|\n|t:|1716412880\n|move|p2a: Meowscarada|U-turn|p1a: Qwilfish\n|-damage|p1a: Qwilfish|98/246\n|\n|t:|1716412882\n|switch|p2a: Donphan|Donphan, L84, M|288/288|[from] U-turn\n|-status|p2a: Donphan|psn\n|move|p1a: Qwilfish|Crunch|p2a: Donphan\n|-damage|p2a: Donphan|228/288 psn\n|\n|-damage|p2a: Donphan|192/288 psn|[from] psn\n|upkeep\n|turn|10\n|\n|t:|1716412887\n|move|p1a: Qwilfish|Crunch|p2a: Donphan\n|-damage|p2a: Donphan|125/288 psn\n|move|p2a: Donphan|Rapid Spin|p1a: Qwilfish\n|-crit|p1a: Qwilfish\n|-damage|p1a: Qwilfish|52/246\n|-boost|p2a: Donphan|spe|1\n|-sideend|p2: God King Raidriar|Toxic Spikes|[from] move: Rapid Spin|[of] p2a: Donphan\n|\n|-damage|p2a: Donphan|89/288 psn|[from] psn\n|upkeep\n|turn|11\n|\n|t:|1716412891\n|switch|p1a: Whimsicott|Whimsicott, L85, F|166/241\n|move|p2a: Donphan|Earthquake|p1a: Whimsicott\n|-resisted|p1a: Whimsicott\n|-damage|p1a: Whimsicott|106/241\n|\n|-damage|p2a: Donphan|53/288 psn|[from] psn\n|upkeep\n|turn|12\n|\n|t:|1716412898\n|move|p2a: Donphan|Ice Shard|p1a: Whimsicott\n|-supereffective|p1a: Whimsicott\n|-damage|p1a: Whimsicott|32/241\n|move|p1a: Whimsicott|Moonblast|p2a: Donphan\n|-damage|p2a: Donphan|0 fnt\n|faint|p2a: Donphan\n|\n|upkeep\n|inactive|God King Raidriar has 120 seconds left.\n|\n|t:|1716412951\n|switch|p2a: Luvdisc|Luvdisc, F|247/247\n|turn|13\n|\n|t:|1716412960\n|move|p1a: Whimsicott|Stun Spore|p2a: Luvdisc\n|-status|p2a: Luvdisc|par\n|cant|p2a: Luvdisc|par\n|\n|upkeep\n|turn|14\n|\n|t:|1716412963\n|move|p1a: Whimsicott|Giga Drain|p2a: Luvdisc\n|-supereffective|p2a: Luvdisc\n|-damage|p2a: Luvdisc|101/247 par\n|-heal|p1a: Whimsicott|105/241|[from] drain|[of] p2a: Luvdisc\n|cant|p2a: Luvdisc|par\n|\n|upkeep\n|turn|15\n|c|\u2606God King Raidriar|Damn u\n|\n|t:|1716412970\n|move|p1a: Whimsicott|Giga Drain|p2a: Luvdisc\n|-supereffective|p2a: Luvdisc\n|-damage|p2a: Luvdisc|0 fnt\n|-heal|p1a: Whimsicott|156/241|[from] drain|[of] p2a: Luvdisc\n|faint|p2a: Luvdisc\n|\n|upkeep\n|\n|t:|1716412973\n|switch|p2a: Ogerpon|Ogerpon-Hearthflame, L74, F|239/239\n|-ability|p2a: Ogerpon|Mold Breaker\n|turn|16\n|\n|t:|1716412978\n|move|p1a: Whimsicott|Moonblast|p2a: Ogerpon\n|-resisted|p2a: Ogerpon\n|-damage|p2a: Ogerpon|191/239\n|move|p2a: Ogerpon|Swords Dance|p2a: Ogerpon\n|-boost|p2a: Ogerpon|atk|2\n|\n|upkeep\n|turn|17\n|\n|t:|1716412986\n|move|p1a: Whimsicott|U-turn|p2a: Ogerpon\n|-damage|p2a: Ogerpon|148/239\n|\n|t:|1716412991\n|switch|p1a: Qwilfish|Qwilfish-Hisui, L84, F|52/246|[from] U-turn\n|-damage|p1a: Qwilfish|22/246|[from] Stealth Rock\n|-ability|p1a: Qwilfish|Intimidate|boost\n|-unboost|p2a: Ogerpon|atk|1\n|move|p2a: Ogerpon|Swords Dance|p2a: Ogerpon\n|-boost|p2a: Ogerpon|atk|2\n|\n|upkeep\n|turn|18\n|\n|t:|1716412994\n|move|p2a: Ogerpon|Horn Leech|p1a: Qwilfish\n|-resisted|p1a: Qwilfish\n|-damage|p1a: Qwilfish|0 fnt\n|-heal|p2a: Ogerpon|159/239|[from] drain|[of] p1a: Qwilfish\n|faint|p1a: Qwilfish\n|\n|upkeep\n|inactive|Slim Workshop has 120 seconds left.\n|\n|t:|1716413036\n|switch|p1a: Chien-Pao|Chien-Pao, L72|234/234\n|-damage|p1a: Chien-Pao|176/234|[from] Stealth Rock\n|-ability|p1a: Chien-Pao|Sword of Ruin\n|turn|19\n|inactive|God King Raidriar has 120 seconds left.\n|\n|t:|1716413070\n|switch|p2a: Garganacl|Garganacl, L80, M|165/291\n|move|p1a: Chien-Pao|Crunch|p2a: Garganacl\n|-damage|p2a: Garganacl|56/291\n|\n|-heal|p2a: Garganacl|74/291|[from] item: Leftovers\n|upkeep\n|turn|20\n|\n|t:|1716413074\n|move|p2a: Garganacl|Protect|p2a: Garganacl\n|-singleturn|p2a: Garganacl|Protect\n|move|p1a: Chien-Pao|Crunch|p2a: Garganacl\n|-activate|p2a: Garganacl|move: Protect\n|\n|-heal|p2a: Garganacl|92/291|[from] item: Leftovers\n|upkeep\n|turn|21\n|\n|t:|1716413078\n|move|p1a: Chien-Pao|Crunch|p2a: Garganacl\n|-damage|p2a: Garganacl|0 fnt\n|faint|p2a: Garganacl\n|\n|upkeep\n|\n|t:|1716413081\n|switch|p2a: Meowscarada|Meowscarada, L78, F|68/247\n|turn|22\n|\n|t:|1716413089\n|switch|p1a: Excadrill|Excadrill, L80, F|120/307\n|-damage|p1a: Excadrill|111/307|[from] Stealth Rock\n|-ability|p1a: Excadrill|Mold Breaker\n|move|p2a: Meowscarada|U-turn|p1a: Excadrill\n|-start|p2a: Meowscarada|typechange|Bug|[from] ability: Protean\n|-resisted|p1a: Excadrill\n|-damage|p1a: Excadrill|64/307\n|\n|t:|1716413091\n|switch|p2a: Ogerpon|Ogerpon-Hearthflame, L74, F|159/239|[from] U-turn\n|-ability|p2a: Ogerpon|Mold Breaker\n|\n|upkeep\n|turn|23\n|\n|t:|1716413101\n|move|p2a: Ogerpon|Horn Leech|p1a: Excadrill\n|-damage|p1a: Excadrill|0 fnt\n|-heal|p2a: Ogerpon|191/239|[from] drain|[of] p1a: Excadrill\n|faint|p1a: Excadrill\n|\n|upkeep\n|\n|t:|1716413122\n|switch|p1a: Whimsicott|Whimsicott, L85, F|156/241\n|turn|24\n|\n|t:|1716413126\n|move|p1a: Whimsicott|Moonblast|p2a: Ogerpon\n|-resisted|p2a: Ogerpon\n|-damage|p2a: Ogerpon|146/239\n|move|p2a: Ogerpon|Swords Dance|p2a: Ogerpon\n|-boost|p2a: Ogerpon|atk|2\n|\n|upkeep\n|turn|25\n|\n|t:|1716413128\n|move|p1a: Whimsicott|Moonblast|p2a: Ogerpon\n|-resisted|p2a: Ogerpon\n|-damage|p2a: Ogerpon|95/239\n|move|p2a: Ogerpon|Horn Leech|p1a: Whimsicott\n|-resisted|p1a: Whimsicott\n|-damage|p1a: Whimsicott|65/241\n|-heal|p2a: Ogerpon|141/239|[from] drain|[of] p1a: Whimsicott\n|\n|upkeep\n|turn|26\n|\n|t:|1716413136\n|move|p1a: Whimsicott|Moonblast|p2a: Ogerpon\n|-resisted|p2a: Ogerpon\n|-damage|p2a: Ogerpon|94/239\n|move|p2a: Ogerpon|Horn Leech|p1a: Whimsicott\n|-resisted|p1a: Whimsicott\n|-damage|p1a: Whimsicott|0 fnt\n|-heal|p2a: Ogerpon|127/239|[from] drain|[of] p1a: Whimsicott\n|faint|p1a: Whimsicott\n|\n|upkeep\n|\n|t:|1716413138\n|switch|p1a: Chien-Pao|Chien-Pao, L72|176/234\n|-damage|p1a: Chien-Pao|118/234|[from] Stealth Rock\n|-ability|p1a: Chien-Pao|Sword of Ruin\n|turn|27\n|\n|t:|1716413148\n|-terastallize|p2a: Ogerpon|Fire\n|detailschange|p2a: Ogerpon|Ogerpon-Hearthflame-Tera, L74, F, tera:Fire\n|-ability|p2a: Ogerpon|Embody Aspect (Hearthflame)|boost\n|-boost|p2a: Ogerpon|atk|1\n|move|p1a: Chien-Pao|Crunch|p2a: Ogerpon\n|-damage|p2a: Ogerpon|0 fnt\n|faint|p2a: Ogerpon\n|\n|upkeep\n|\n|t:|1716413149\n|switch|p2a: Meowscarada|Meowscarada, L78, F|68/247\n|turn|28\n|\n|t:|1716413153\n|move|p2a: Meowscarada|Flower Trick|p1a: Chien-Pao\n|-start|p2a: Meowscarada|typechange|Grass|[from] ability: Protean\n|-crit|p1a: Chien-Pao\n|-damage|p1a: Chien-Pao|0 fnt\n|faint|p1a: Chien-Pao\n|\n|upkeep\n|\n|t:|1716413155\n|switch|p1a: Feraligatr|Feraligatr, L80, M|108/267\n|-damage|p1a: Feraligatr|75/267|[from] Stealth Rock\n|turn|29\n|\n|t:|1716413156\n|move|p1a: Feraligatr|Aqua Jet|p2a: Meowscarada\n|-resisted|p2a: Meowscarada\n|-damage|p2a: Meowscarada|34/247\n|-damage|p1a: Feraligatr|49/267|[from] item: Life Orb\n|move|p2a: Meowscarada|Flower Trick|p1a: Feraligatr\n|-supereffective|p1a: Feraligatr\n|-crit|p1a: Feraligatr\n|-damage|p1a: Feraligatr|0 fnt\n|faint|p1a: Feraligatr\n|\n|upkeep\n|\n|t:|1716413158\n|switch|p1a: Great Tusk|Great Tusk, L77|304/304\n|-damage|p1a: Great Tusk|295/304|[from] Stealth Rock\n|turn|30\n|\n|t:|1716413160\n|-terastallize|p1a: Great Tusk|Steel\n|move|p2a: Meowscarada|Flower Trick|p1a: Great Tusk\n|-resisted|p1a: Great Tusk\n|-crit|p1a: Great Tusk\n|-damage|p1a: Great Tusk|252/304\n|move|p1a: Great Tusk|Rapid Spin|p2a: Meowscarada\n|-damage|p2a: Meowscarada|0 fnt\n|-boost|p1a: Great Tusk|spe|1\n|-sideend|p1: Slim Workshop|Stealth Rock|[from] move: Rapid Spin|[of] p1a: Great Tusk\n|faint|p2a: Meowscarada\n|\n|win|Slim Workshop\n|raw|Slim Workshop's rating: 2303 &rarr; <strong>2319</strong><br />(+16 for winning)\n|raw|God King Raidriar's rating: 2229 &rarr; <strong>2213</strong><br />(-16 for losing)\n|l|\u2606God King Raidriar\n|player|p2|\n", "inputlog": ">version 7158ead19aeac8750849df2840eabb6dbec77df6\n>start {\"formatid\":\"gen9randombattle\",\"seed\":[10647,4609,14625,46375],\"rated\":\"Rated battle\"}\n>player p1 {\"name\":\"Slim Workshop\",\"avatar\":\"102\",\"rating\":2303,\"seed\":[34577,8364,15798,54408]}\n>player p2 {\"name\":\"God King Raidriar\",\"avatar\":\"101\",\"rating\":2229,\"seed\":[13884,3221,9146,58504]}\n>p1 move ironhead\n>p2 move flowertrick\n>p1 switch 3\n>p2 move flowertrick\n>p1 move toxicspikes\n>p2 move uturn\n>p2 switch 2\n>p1 switch 2\n>p2 move stealthrock\n>p1 move gigadrain\n>p2 move saltcure\n>p1 move uturn\n>p2 switch 4\n>p1 switch 6\n>p1 move liquidation\n>p2 move darkpulse\n>p2 switch 2\n>p1 switch 2\n>p2 move flowertrick\n>p1 move crunch\n>p2 move uturn\n>p2 switch 6\n>p1 move crunch\n>p2 move rapidspin\n>p1 switch 6\n>p2 move earthquake\n>p1 move moonblast\n>p2 move iceshard\n>p2 switch 5\n>p1 move stunspore\n>p2 move surf\n>p1 move gigadrain\n>p2 move surf\n>chat \u2606God King Raidriar|Damn u\n>p1 move gigadrain\n>p2 move whirlpool\n>p2 switch 3\n>p1 move moonblast\n>p2 move swordsdance\n>p1 move uturn\n>p2 move swordsdance\n>p1 switch 6\n>p1 move gunkshot\n>p2 move hornleech\n>p1 switch 5\n>p1 move crunch\n>p2 switch 4\n>p1 move crunch\n>p2 move protect\n>p1 move crunch\n>p2 move recover\n>p2 switch 6\n>p1 switch 3\n>p2 move uturn\n>p2 switch 4\n>p1 move earthquake\n>p2 move hornleech\n>p1 switch 6\n>p1 move moonblast\n>p2 move swordsdance\n>p1 move moonblast\n>p2 move hornleech\n>p1 move moonblast\n>p2 move hornleech\n>p1 switch 3\n>p1 move crunch\n>p2 move ivycudgel terastallize\n>p2 switch 4\n>p1 move crunch\n>p2 move flowertrick\n>p1 switch 2\n>p1 move aquajet\n>p2 move flowertrick\n>p1 switch 4\n>p1 move rapidspin terastallize\n>p2 move flowertrick", "uploadtime": 1716413167, "views": 207, "formatid": "gen9randombattle", "rating": 2213, "private": 0, "password": null}