{"id": "gen9randombattle-2259956401", "format": "[Gen 9] Random Battle", "players": ["vgvyvfuhdudxu", "Doomnik2204"], "log": "|j|\u2606vgvyvfuhdudxu\n|j|\u2606Doomnik2204\n|t:|1733784084\n|gametype|singles\n|player|p1|vgvyvfuhdudxu|1|1148\n|player|p2|Doomnik2204|red|1148\n|teamsize|p1|6\n|teamsize|p2|6\n|gen|9\n|tier|[Gen 9] Random Battle\n|rated|\n|rule|Species Clause: Limit one of each Pok\u00e9mon\n|rule|HP Percentage Mod: HP is shown in percentages\n|rule|Sleep Clause Mod: Limit one foe put to sleep\n|rule|Illusion Level Mod: Illusion disguises the Pok\u00e9mon's true level\n|\n|t:|1733784084\n|start\n|switch|p1a: Arceus|Arceus-Flying, L69|279/279\n|switch|p2a: Jumpluff|Jumpluff, L87, M|271/271\n|turn|1\n|inactive|Battle timer is ON: inactive players will automatically lose when time's up. (requested by vgvyvfuhdudxu)\n|\n|t:|1733784110\n|move|p2a: Jumpluff|Sleep Powder|p1a: Arceus|[miss]\n|-miss|p2a: Jumpluff|p1a: Arceus\n|move|p1a: Arceus|Judgment|p2a: Jumpluff\n|-supereffective|p2a: Jumpluff\n|-crit|p2a: Jumpluff\n|-damage|p2a: Jumpluff|0 fnt\n|faint|p2a: Jumpluff\n|\n|upkeep\n|\n|t:|1733784119\n|switch|p2a: Cryogonal|Cryogonal, L89|287/287\n|turn|2\n|\n|t:|1733784133\n|switch|p1a: Cobalion|Cobalion, L80|277/277\n|move|p2a: Cryogonal|Freeze-Dry|p1a: Cobalion\n|-resisted|p1a: Cobalion\n|-damage|p1a: Cobalion|229/277\n|\n|-heal|p1a: Cobalion|246/277|[from] item: Leftovers\n|upkeep\n|turn|3\n|\n|t:|1733784142\n|switch|p2a: Koraidon|Koraidon, L64|235/235\n|-weather|SunnyDay|[from] ability: Orichalcum Pulse|[of] p2a: Koraidon\n|-activate|p2a: Koraidon|Orichalcum Pulse|[source]\n|move|p1a: Cobalion|Iron Head|p2a: Koraidon\n|-damage|p2a: Koraidon|156/235\n|\n|-weather|SunnyDay|[upkeep]\n|-heal|p1a: Cobalion|263/277|[from] item: Leftovers\n|upkeep\n|turn|4\n|\n|t:|1733784153\n|switch|p1a: Rotom|Rotom, L88|231/231\n|move|p2a: Koraidon|Flare Blitz|p1a: Rotom\n|-damage|p1a: Rotom|13/231\n|-status|p1a: Rotom|brn\n|-damage|p2a: Koraidon|84/235|[from] Recoil\n|\n|-weather|SunnyDay|[upkeep]\n|-damage|p1a: Rotom|0 fnt|[from] brn\n|faint|p1a: Rotom\n|upkeep\n|\n|t:|1733784158\n|switch|p1a: Arceus|Arceus-Flying, L69|279/279\n|turn|5\n|\n|t:|1733784165\n|-terastallize|p2a: Koraidon|Fire\n|move|p2a: Koraidon|Flare Blitz|p1a: Arceus\n|-damage|p1a: Arceus|0 fnt\n|faint|p1a: Arceus\n|-damage|p2a: Koraidon|0 fnt|[from] Recoil\n|faint|p2a: Koraidon\n|\n|-weather|SunnyDay|[upkeep]\n|upkeep\n|\n|t:|1733784175\n|switch|p2a: Flamigo|Flamigo, L82, M|269/269\n|switch|p1a: Cobalion|Cobalion, L80|263/277\n|turn|6\n|\n|t:|1733784187\n|move|p1a: Cobalion|Swords Dance|p1a: Cobalion\n|-boost|p1a: Cobalion|atk|2\n|move|p2a: Flamigo|Close Combat|p1a: Cobalion\n|-supereffective|p1a: Cobalion\n|-damage|p1a: Cobalion|0 fnt\n|-unboost|p2a: Flamigo|def|1\n|-unboost|p2a: Flamigo|spd|1\n|faint|p1a: Cobalion\n|\n|-weather|SunnyDay|[upkeep]\n|upkeep\n|\n|t:|1733784194\n|switch|p1a: Hoopa|Hoopa-Unbound, L80|259/259\n|turn|7\n|\n|t:|1733784208\n|move|p2a: Flamigo|Close Combat|p1a: Hoopa\n|-damage|p1a: Hoopa|0 fnt\n|-unboost|p2a: Flamigo|def|1\n|-unboost|p2a: Flamigo|spd|1\n|faint|p1a: Hoopa\n|\n|-weather|none\n|upkeep\n|\n|t:|1733784213\n|switch|p1a: Lapras|Lapras, L87, M|367/367\n|turn|8\n|\n|t:|1733784216\n|-terastallize|p1a: Lapras|Ground\n|move|p2a: Flamigo|Close Combat|p1a: Lapras\n|-damage|p1a: Lapras|162/367\n|-unboost|p2a: Flamigo|def|1\n|-unboost|p2a: Flamigo|spd|1\n|move|p1a: Lapras|Dragon Dance|p1a: Lapras\n|-boost|p1a: Lapras|atk|1\n|-boost|p1a: Lapras|spe|1\n|\n|upkeep\n|turn|9\n|\n|t:|1733784224\n|switch|p2a: Cryogonal|Cryogonal, L89|287/287\n|move|p1a: Lapras|Icicle Spear|p2a: Cryogonal\n|-resisted|p2a: Cryogonal\n|-damage|p2a: Cryogonal|261/287\n|-resisted|p2a: Cryogonal\n|-crit|p2a: Cryogonal\n|-damage|p2a: Cryogonal|221/287\n|-resisted|p2a: Cryogonal\n|-damage|p2a: Cryogonal|194/287\n|-resisted|p2a: Cryogonal\n|-damage|p2a: Cryogonal|166/287\n|-hitcount|p2a: Cryogonal|4\n|\n|upkeep\n|turn|10\n|\n|t:|1733784228\n|move|p2a: Cryogonal|Freeze-Dry|p1a: Lapras\n|-supereffective|p1a: Lapras\n|-damage|p1a: Lapras|12/367\n|move|p1a: Lapras|Waterfall|p2a: Cryogonal\n|-damage|p2a: Cryogonal|0 fnt\n|faint|p2a: Cryogonal\n|\n|upkeep\n|\n|t:|1733784237\n|switch|p2a: Flamigo|Flamigo, L82, M|269/269\n|turn|11\n|\n|t:|1733784241\n|move|p1a: Lapras|Icicle Spear|p2a: Flamigo\n|-supereffective|p2a: Flamigo\n|-damage|p2a: Flamigo|179/269\n|-supereffective|p2a: Flamigo\n|-damage|p2a: Flamigo|89/269\n|-supereffective|p2a: Flamigo\n|-damage|p2a: Flamigo|5/269\n|-supereffective|p2a: Flamigo\n|-damage|p2a: Flamigo|0 fnt\n|faint|p2a: Flamigo\n|-hitcount|p2: Flamigo|4\n|\n|upkeep\n|\n|t:|1733784249\n|switch|p2a: Pachirisu|Pachirisu, L96, M|271/271\n|turn|12\n|\n|t:|1733784256\n|move|p2a: Pachirisu|U-turn|p1a: Lapras\n|-damage|p1a: Lapras|0 fnt\n|faint|p1a: Lapras\n|\n|t:|1733784262\n|switch|p2a: Oranguru|Oranguru, L92, F|315/315|[from] U-turn\n|\n|upkeep\n|\n|t:|1733784264\n|switch|p1a: Dipplin|Dipplin, L88, F|284/284\n|turn|13\n|\n|t:|1733784275\n|switch|p2a: Pachirisu|Pachirisu, L96, M|271/271\n|move|p1a: Dipplin|Dragon Pulse|p2a: Pachirisu\n|-damage|p2a: Pachirisu|180/271\n|\n|upkeep\n|turn|14\n|\n|t:|1733784280\n|move|p2a: Pachirisu|Super Fang|p1a: Dipplin\n|-damage|p1a: Dipplin|142/284\n|move|p1a: Dipplin|Recover|p1a: Dipplin\n|-heal|p1a: Dipplin|284/284\n|\n|upkeep\n|turn|15\n|\n|t:|1733784284\n|move|p2a: Pachirisu|Super Fang|p1a: Dipplin\n|-damage|p1a: Dipplin|142/284\n|move|p1a: Dipplin|Dragon Pulse|p2a: Pachirisu\n|-damage|p2a: Pachirisu|101/271\n|\n|upkeep\n|turn|16\n|\n|t:|1733784289\n|move|p2a: Pachirisu|Encore|p1a: Dipplin\n|-start|p1a: Dipplin|Encore\n|move|p1a: Dipplin|Dragon Pulse|p2a: Pachirisu\n|-crit|p2a: Pachirisu\n|-damage|p2a: Pachirisu|0 fnt\n|faint|p2a: Pachirisu\n|\n|upkeep\n|\n|t:|1733784291\n|switch|p2a: Oranguru|Oranguru, L92, F|315/315\n|turn|17\n|\n|t:|1733784295\n|move|p2a: Oranguru|Nasty Plot|p2a: Oranguru\n|-boost|p2a: Oranguru|spa|2\n|move|p1a: Dipplin|Dragon Pulse|p2a: Oranguru\n|-damage|p2a: Oranguru|239/315\n|\n|-heal|p2a: Oranguru|258/315|[from] item: Leftovers\n|upkeep\n|turn|18\n|\n|t:|1733784304\n|move|p2a: Oranguru|Nasty Plot|p2a: Oranguru\n|-boost|p2a: Oranguru|spa|2\n|move|p1a: Dipplin|Dragon Pulse|p2a: Oranguru\n|-damage|p2a: Oranguru|186/315\n|\n|-heal|p2a: Oranguru|205/315|[from] item: Leftovers\n|-end|p1a: Dipplin|Encore\n|upkeep\n|turn|19\n|\n|t:|1733784309\n|move|p1a: Dipplin|Sucker Punch|p2a: Oranguru\n|-supereffective|p2a: Oranguru\n|-damage|p2a: Oranguru|111/315\n|move|p2a: Oranguru|Psychic|p1a: Dipplin\n|-damage|p1a: Dipplin|0 fnt\n|faint|p1a: Dipplin\n|\n|win|Doomnik2204\n|raw|vgvyvfuhdudxu's rating: 1148 &rarr; <strong>1123</strong><br />(-25 for losing)\n|raw|Doomnik2204's rating: 1148 &rarr; <strong>1173</strong><br />(+25 for winning)\n", "inputlog": ">version bfd83cad13791eb5a5a409923076391caf6fb4d4\n>start {\"formatid\":\"gen9randombattle\",\"seed\":[53184,55699,7653,459],\"rated\":\"Rated battle\"}\n>player p1 {\"name\":\"vgvyvfuhdudxu\",\"avatar\":\"1\",\"rating\":1148,\"seed\":[49635,9349,7908,30562]}\n>player p2 {\"name\":\"Doomnik2204\",\"avatar\":\"red\",\"rating\":1148,\"seed\":[22732,3187,49953,15504]}\n>p1 move judgment\n>p2 move sleeppowder\n>p2 switch 6\n>p1 switch 2\n>p2 move freezedry\n>p1 move ironhead\n>p2 switch 4\n>p1 switch 4\n>p2 move flareblitz\n>p1 switch 2\n>p1 move judgment\n>p2 move flareblitz terastallize\n>p1 switch 4\n>p2 switch 5\n>p1 move swordsdance\n>p2 move closecombat\n>p1 switch 5\n>p1 move gunkshot\n>p2 move closecombat\n>p1 switch 6\n>p1 move dragondance terastallize\n>p2 move closecombat\n>p1 move iciclespear\n>p2 switch 4\n>p1 move waterfall\n>p2 move freezedry\n>p2 switch 4\n>p1 move iciclespear\n>p2 move uturn\n>p2 switch 3\n>p1 move dragondance\n>p2 move uturn\n>p2 switch 2\n>p1 switch 3\n>p1 move dragonpulse\n>p2 switch 2\n>p1 move recover\n>p2 move superfang\n>p1 move dragonpulse\n>p2 move superfang\n>p1 move gigadrain\n>p2 move encore\n>p2 switch 2\n>p1 move dragonpulse\n>p2 move nastyplot\n>p1 move dragonpulse\n>p2 move nastyplot\n>p1 move suckerpunch\n>p2 move psychic", "uploadtime": 1733784314, "views": 3, "formatid": "gen9randombattle", "rating": 1123, "private": 0, "password": null}