{"id": "gen9randombattle-2176187888", "format": "[Gen 9] Random Battle", "players": ["desop", "ktsk"], "log": "|j|\u2606desop\n|j|\u2606ktsk\n|t:|1723144374\n|gametype|singles\n|player|p1|desop|wally-rse|2256\n|player|p2|ktsk|alder|2202\n|teamsize|p1|6\n|teamsize|p2|6\n|gen|9\n|tier|[Gen 9] Random Battle\n|rated|\n|rule|Species Clause: Limit one of each Pok\u00e9mon\n|rule|HP Percentage Mod: HP is shown in percentages\n|rule|Sleep Clause Mod: Limit one foe put to sleep\n|rule|Illusion Level Mod: Illusion disguises the Pok\u00e9mon's true level\n|\n|t:|1723144374\n|start\n|switch|p1a: Lunala|Lunala, L70|308/308\n|switch|p2a: Hippowdon|Hippowdon, L82, F|311/311\n|-weather|Sandstorm|[from] ability: Sand Stream|[of] p2a: Hippowdon\n|turn|1\n|inactive|Battle timer is ON: inactive players will automatically lose when time's up. (requested by desop)\n|\n|t:|1723144399\n|switch|p1a: Orthworm|Orthworm, L88, M|266/266\n|move|p2a: Hippowdon|Stealth Rock|p1a: Orthworm\n|-sidestart|p1: desop|move: Stealth Rock\n|\n|-weather|Sandstorm|[upkeep]\n|upkeep\n|turn|2\n|\n|t:|1723144408\n|switch|p2a: Basculegion|Basculegion-F, L83, F|335/335\n|move|p1a: Orthworm|Stealth Rock|p2a: Basculegion\n|-sidestart|p2: ktsk|move: Stealth Rock\n|\n|-weather|Sandstorm|[upkeep]\n|-damage|p2a: Basculegion|315/335|[from] Sandstorm\n|upkeep\n|turn|3\n|\n|t:|1723144421\n|switch|p1a: Primarina|Primarina, L83, M|268/268\n|-damage|p1a: Primarina|235/268|[from] Stealth Rock\n|move|p2a: Basculegion|Shadow Ball|p1a: Primarina\n|-crit|p1a: Primarina\n|-damage|p1a: Primarina|105/268\n|\n|-weather|Sandstorm|[upkeep]\n|-damage|p2a: Basculegion|295/335|[from] Sandstorm\n|-damage|p1a: Primarina|89/268|[from] Sandstorm\n|-heal|p1a: Primarina|105/268|[from] item: Leftovers\n|upkeep\n|turn|4\n|\n|t:|1723144451\n|move|p2a: Basculegion|Shadow Ball|p1a: Primarina\n|-damage|p1a: Primarina|19/268\n|move|p1a: Primarina|Moonblast|p2a: Basculegion\n|-damage|p2a: Basculegion|196/335\n|\n|-weather|Sandstorm|[upkeep]\n|-damage|p2a: Basculegion|176/335|[from] Sandstorm\n|-damage|p1a: Primarina|3/268|[from] Sandstorm\n|-heal|p1a: Primarina|19/268|[from] item: Leftovers\n|upkeep\n|turn|5\n|\n|t:|1723144475\n|move|p2a: Basculegion|Shadow Ball|p1a: Primarina\n|-damage|p1a: Primarina|0 fnt\n|faint|p1a: Primarina\n|\n|-weather|none\n|upkeep\n|\n|t:|1723144481\n|switch|p1a: Froslass|Froslass, L87, F|263/263\n|-damage|p1a: Froslass|198/263|[from] Stealth Rock\n|turn|6\n|\n|t:|1723144500\n|move|p1a: Froslass|Poltergeist|p2a: Basculegion\n|-activate|p2a: Basculegion|move: Poltergeist|Assault Vest\n|-supereffective|p2a: Basculegion\n|-damage|p2a: Basculegion|0 fnt\n|faint|p2a: Basculegion\n|\n|upkeep\n|\n|t:|1723144506\n|switch|p2a: Empoleon|Empoleon, L84, M|278/278\n|-damage|p2a: Empoleon|261/278|[from] Stealth Rock\n|turn|7\n|\n|t:|1723144510\n|move|p1a: Froslass|Poltergeist|p2a: Empoleon\n|-activate|p2a: Empoleon|move: Poltergeist|Leftovers\n|-damage|p2a: Empoleon|147/278\n|move|p2a: Empoleon|Knock Off|p1a: Froslass\n|-supereffective|p1a: Froslass\n|-damage|p1a: Froslass|58/263\n|-start|p2a: Empoleon|Disable|Knock Off|[from] ability: Cursed Body|[of] p1a: Froslass\n|-enditem|p1a: Froslass|Wide Lens|[from] move: Knock Off|[of] p2a: Empoleon\n|\n|-heal|p2a: Empoleon|164/278|[from] item: Leftovers\n|upkeep\n|turn|8\n|\n|t:|1723144515\n|move|p1a: Froslass|Destiny Bond|p1a: Froslass\n|-singlemove|p1a: Froslass|Destiny Bond\n|move|p2a: Empoleon|Roost|p2a: Empoleon\n|-heal|p2a: Empoleon|278/278\n|-singleturn|p2a: Empoleon|move: Roost\n|\n|upkeep\n|turn|9\n|\n|t:|1723144529\n|move|p1a: Froslass|Poltergeist|p2a: Empoleon\n|-activate|p2a: Empoleon|move: Poltergeist|Leftovers\n|-damage|p2a: Empoleon|166/278\n|move|p2a: Empoleon|Surf|p1a: Froslass\n|-damage|p1a: Froslass|0 fnt\n|faint|p1a: Froslass\n|\n|-heal|p2a: Empoleon|183/278|[from] item: Leftovers\n|upkeep\n|\n|t:|1723144531\n|switch|p1a: Medicham|Medicham, L86, F|243/243\n|-damage|p1a: Medicham|228/243|[from] Stealth Rock\n|turn|10\n|\n|t:|1723144541\n|move|p1a: Medicham|Close Combat|p2a: Empoleon\n|-supereffective|p2a: Empoleon\n|-damage|p2a: Empoleon|0 fnt\n|-unboost|p1a: Medicham|def|1\n|-unboost|p1a: Medicham|spd|1\n|faint|p2a: Empoleon\n|\n|upkeep\n|\n|t:|1723144548\n|switch|p2a: Espathra|Espathra, L80, M|283/283\n|-damage|p2a: Espathra|248/283|[from] Stealth Rock\n|turn|11\n|\n|t:|1723144553\n|switch|p1a: Lunala|Lunala, L70|308/308\n|-damage|p1a: Lunala|270/308|[from] Stealth Rock\n|move|p2a: Espathra|Shadow Ball|p1a: Lunala\n|-supereffective|p1a: Lunala\n|-damage|p1a: Lunala|0 fnt\n|faint|p1a: Lunala\n|\n|-ability|p2a: Espathra|Speed Boost|boost\n|-boost|p2a: Espathra|spe|1\n|upkeep\n|\n|t:|1723144576\n|switch|p1a: Arceus|Arceus-Dark, L71|288/288\n|-damage|p1a: Arceus|252/288|[from] Stealth Rock\n|turn|12\n|inactive|ktsk has 120 seconds left.\n|\n|t:|1723144611\n|switch|p2a: Hydreigon|Hydreigon, L79, M|275/275\n|-damage|p2a: Hydreigon|241/275|[from] Stealth Rock\n|move|p1a: Arceus|Calm Mind|p1a: Arceus\n|-boost|p1a: Arceus|spa|1\n|-boost|p1a: Arceus|spd|1\n|\n|upkeep\n|turn|13\n|\n|t:|1723144618\n|move|p1a: Arceus|Calm Mind|p1a: Arceus\n|-boost|p1a: Arceus|spa|1\n|-boost|p1a: Arceus|spd|1\n|move|p2a: Hydreigon|Nasty Plot|p2a: Hydreigon\n|-boost|p2a: Hydreigon|spa|2\n|\n|upkeep\n|turn|14\n|\n|t:|1723144621\n|move|p1a: Arceus|Calm Mind|p1a: Arceus\n|-boost|p1a: Arceus|spa|1\n|-boost|p1a: Arceus|spd|1\n|move|p2a: Hydreigon|Nasty Plot|p2a: Hydreigon\n|-boost|p2a: Hydreigon|spa|2\n|\n|upkeep\n|turn|15\n|\n|t:|1723144627\n|move|p1a: Arceus|Calm Mind|p1a: Arceus\n|-boost|p1a: Arceus|spa|1\n|-boost|p1a: Arceus|spd|1\n|move|p2a: Hydreigon|Nasty Plot|p2a: Hydreigon\n|-boost|p2a: Hydreigon|spa|2\n|\n|upkeep\n|turn|16\n|\n|t:|1723144633\n|move|p1a: Arceus|Calm Mind|p1a: Arceus\n|-boost|p1a: Arceus|spa|1\n|-boost|p1a: Arceus|spd|1\n|move|p2a: Hydreigon|Fire Blast|p1a: Arceus\n|-damage|p1a: Arceus|142/288\n|-damage|p2a: Hydreigon|214/275|[from] item: Life Orb\n|\n|upkeep\n|turn|17\n|\n|t:|1723144643\n|move|p1a: Arceus|Recover|p1a: Arceus\n|-heal|p1a: Arceus|286/288\n|move|p2a: Hydreigon|Fire Blast|p1a: Arceus\n|-damage|p1a: Arceus|164/288\n|-damage|p2a: Hydreigon|187/275|[from] item: Life Orb\n|\n|upkeep\n|turn|18\n|\n|t:|1723144661\n|move|p1a: Arceus|Recover|p1a: Arceus\n|-heal|p1a: Arceus|288/288\n|move|p2a: Hydreigon|Draco Meteor|p1a: Arceus\n|-damage|p1a: Arceus|88/288\n|-unboost|p2a: Hydreigon|spa|2\n|-damage|p2a: Hydreigon|160/275|[from] item: Life Orb\n|\n|upkeep\n|turn|19\n|\n|t:|1723144671\n|move|p1a: Arceus|Recover|p1a: Arceus\n|-heal|p1a: Arceus|232/288\n|move|p2a: Hydreigon|Draco Meteor|p1a: Arceus\n|-damage|p1a: Arceus|67/288\n|-unboost|p2a: Hydreigon|spa|2\n|-damage|p2a: Hydreigon|133/275|[from] item: Life Orb\n|\n|upkeep\n|turn|20\n|\n|t:|1723144681\n|move|p1a: Arceus|Recover|p1a: Arceus\n|-heal|p1a: Arceus|211/288\n|move|p2a: Hydreigon|Draco Meteor|p1a: Arceus\n|-damage|p1a: Arceus|108/288\n|-unboost|p2a: Hydreigon|spa|2\n|-damage|p2a: Hydreigon|106/275|[from] item: Life Orb\n|\n|upkeep\n|turn|21\n|\n|t:|1723144685\n|move|p1a: Arceus|Recover|p1a: Arceus\n|-heal|p1a: Arceus|252/288\n|move|p2a: Hydreigon|Draco Meteor|p1a: Arceus\n|-damage|p1a: Arceus|200/288\n|-unboost|p2a: Hydreigon|spa|2\n|-damage|p2a: Hydreigon|79/275|[from] item: Life Orb\n|\n|upkeep\n|turn|22\n|\n|t:|1723144687\n|move|p1a: Arceus|Judgment|p2a: Hydreigon\n|-resisted|p2a: Hydreigon\n|-damage|p2a: Hydreigon|0 fnt\n|faint|p2a: Hydreigon\n|\n|upkeep\n|\n|t:|1723144692\n|switch|p2a: Espathra|Espathra, L80, M|248/283\n|-damage|p2a: Espathra|213/283|[from] Stealth Rock\n|turn|23\n|\n|t:|1723144701\n|move|p2a: Espathra|Dazzling Gleam|p1a: Arceus\n|-supereffective|p1a: Arceus\n|-crit|p1a: Arceus\n|-damage|p1a: Arceus|0 fnt\n|faint|p1a: Arceus\n|\n|-ability|p2a: Espathra|Speed Boost|boost\n|-boost|p2a: Espathra|spe|1\n|upkeep\n|c|\u2606desop|bro\n|c|\u2606desop|i cant make this shit up\n|\n|t:|1723144710\n|switch|p1a: Orthworm|Orthworm, L88, M|266/266\n|-damage|p1a: Orthworm|250/266|[from] Stealth Rock\n|turn|24\n|c|\u2606ktsk|lmao\n|\n|t:|1723144726\n|switch|p2a: Rabsca|Rabsca, L91, M|284/284\n|move|p1a: Orthworm|Heavy Slam|p2a: Rabsca\n|-damage|p2a: Rabsca|167/284\n|\n|-heal|p1a: Orthworm|266/266|[from] item: Leftovers\n|upkeep\n|turn|25\n|c|\u2606desop|and you have this shit too\n|\n|t:|1723144739\n|move|p1a: Orthworm|Heavy Slam|p2a: Rabsca\n|-damage|p2a: Rabsca|49/284\n|move|p2a: Rabsca|Trick Room|p2a: Rabsca\n|-fieldstart|move: Trick Room|[of] p2a: Rabsca\n|\n|upkeep\n|turn|26\n|\n|t:|1723144746\n|move|p2a: Rabsca|Revival Blessing|p2a: Rabsca\n|\n|t:|1723144749\n|-heal|p2: Hydreigon|137/275|[from] move: Revival Blessing\n|move|p1a: Orthworm|Heavy Slam|p2a: Rabsca\n|-damage|p2a: Rabsca|0 fnt\n|faint|p2a: Rabsca\n|\n|upkeep\n|\n|t:|1723144753\n|switch|p2a: Hippowdon|Hippowdon, L82, F|311/311\n|-damage|p2a: Hippowdon|292/311|[from] Stealth Rock\n|-weather|Sandstorm|[from] ability: Sand Stream|[of] p2a: Hippowdon\n|turn|27\n|\n|t:|1723144756\n|move|p2a: Hippowdon|Stone Edge|p1a: Orthworm\n|-resisted|p1a: Orthworm\n|-damage|p1a: Orthworm|244/266\n|move|p1a: Orthworm|Heavy Slam|p2a: Hippowdon\n|-crit|p2a: Hippowdon\n|-damage|p2a: Hippowdon|234/311\n|-damage|p1a: Orthworm|200/266|[from] item: Rocky Helmet|[of] p2a: Hippowdon\n|\n|-weather|Sandstorm|[upkeep]\n|-heal|p1a: Orthworm|216/266|[from] item: Leftovers\n|upkeep\n|turn|28\n|\n|t:|1723144762\n|move|p2a: Hippowdon|Stone Edge|p1a: Orthworm\n|-resisted|p1a: Orthworm\n|-crit|p1a: Orthworm\n|-damage|p1a: Orthworm|181/266\n|move|p1a: Orthworm|Stealth Rock||[still]\n|-fail|p1a: Orthworm\n|\n|-weather|Sandstorm|[upkeep]\n|-heal|p1a: Orthworm|197/266|[from] item: Leftovers\n|upkeep\n|turn|29\n|\n|t:|1723144766\n|move|p2a: Hippowdon|Stone Edge|p1a: Orthworm\n|-resisted|p1a: Orthworm\n|-damage|p1a: Orthworm|174/266\n|move|p1a: Orthworm|Shed Tail|p1a: Orthworm\n|-start|p1a: Orthworm|Substitute|[from] move: Shed Tail\n|-damage|p1a: Orthworm|41/266\n|\n|t:|1723144769\n|switch|p1a: Medicham|Medicham, L86, F|228/243|[from] Shed Tail\n|-damage|p1a: Medicham|213/243|[from] Stealth Rock\n|\n|-weather|Sandstorm|[upkeep]\n|-damage|p1a: Medicham|198/243|[from] Sandstorm\n|-fieldend|move: Trick Room\n|upkeep\n|turn|30\n|\n|t:|1723144775\n|-terastallize|p1a: Medicham|Fighting\n|move|p1a: Medicham|Close Combat|p2a: Hippowdon\n|-damage|p2a: Hippowdon|0 fnt\n|-unboost|p1a: Medicham|def|1\n|-unboost|p1a: Medicham|spd|1\n|-damage|p1a: Medicham|158/243|[from] item: Rocky Helmet|[of] p2a: Hippowdon\n|faint|p2a: Hippowdon\n|\n|-weather|Sandstorm|[upkeep]\n|-damage|p1a: Medicham|143/243|[from] Sandstorm\n|upkeep\n|\n|t:|1723144784\n|switch|p2a: Espathra|Espathra, L80, M|213/283\n|-damage|p2a: Espathra|178/283|[from] Stealth Rock\n|turn|31\n|c|\u2606desop|fuck man\n|\n|t:|1723144790\n|move|p2a: Espathra|Lumina Crash|p1a: Medicham\n|-supereffective|p1a: Medicham\n|-end|p1a: Medicham|Substitute\n|move|p1a: Medicham|Close Combat|p2a: Espathra\n|-resisted|p2a: Espathra\n|-damage|p2a: Espathra|0 fnt\n|-unboost|p1a: Medicham|def|1\n|-unboost|p1a: Medicham|spd|1\n|faint|p2a: Espathra\n|\n|-weather|none\n|upkeep\n|c|\u2606desop|this game is so shit\n|\n|t:|1723144796\n|switch|p2a: Hydreigon|Hydreigon, L79, M|137/275\n|-damage|p2a: Hydreigon|103/275|[from] Stealth Rock\n|turn|32\n|c|\u2606ktsk|u could win\n|\n|t:|1723144822\n|switch|p1a: Orthworm|Orthworm, L88, M|41/266\n|-damage|p1a: Orthworm|25/266|[from] Stealth Rock\n|move|p2a: Hydreigon|Draco Meteor|p1a: Orthworm\n|-resisted|p1a: Orthworm\n|-damage|p1a: Orthworm|0 fnt\n|-unboost|p2a: Hydreigon|spa|2\n|faint|p1a: Orthworm\n|-damage|p2a: Hydreigon|76/275|[from] item: Life Orb\n|\n|upkeep\n|c|\u2606desop|i need you to miss\n|\n|t:|1723144827\n|switch|p1a: Medicham|Medicham, L86, F, tera:Fighting|143/243\n|-damage|p1a: Medicham|128/243|[from] Stealth Rock\n|turn|33\n|c|\u2606ktsk|dam\n|c|\u2606desop|bro what\n|inactive|ktsk has 120 seconds left.\n|c|\u2606ktsk|I trolled\n|\n|t:|1723144856\n|-terastallize|p2a: Hydreigon|Fire\n|move|p2a: Hydreigon|Draco Meteor|p1a: Medicham\n|-crit|p1a: Medicham\n|-damage|p1a: Medicham|0 fnt\n|-unboost|p2a: Hydreigon|spa|2\n|faint|p1a: Medicham\n|-damage|p2a: Hydreigon|49/275|[from] item: Life Orb\n|\n|win|ktsk\n|raw|desop's rating: 2239 &rarr; <strong>2217</strong><br />(-22 for losing)\n|raw|ktsk's rating: 2202 &rarr; <strong>2224</strong><br />(+22 for winning)\n|c|\u2606ktsk|LMAOO\n|c|\u2606desop|holy shit\n|c|\u2606desop|again\n|c|\u2606ktsk|I'm the goat\n|c|\u2606desop|i cant make this fucking shit up\n", "inputlog": ">version 645aa3833dc4d492fc8695bcaa26b087252171ab\n>start {\"formatid\":\"gen9randombattle\",\"seed\":[1480,15734,47489,24413],\"rated\":\"Rated battle\"}\n>player p1 {\"name\":\"desop\",\"avatar\":\"wally-rse\",\"rating\":2256,\"seed\":[33807,41657,6531,6753]}\n>player p2 {\"name\":\"ktsk\",\"avatar\":\"alder\",\"rating\":2202,\"seed\":[1472,62302,37353,30166]}\n>p1 switch 3\n>p2 move stealthrock\n>p1 move stealthrock\n>p2 switch 2\n>p1 switch 4\n>p2 move shadowball\n>p1 move moonblast\n>p2 move shadowball\n>p1 move moonblast\n>p2 move shadowball\n>p1 switch 2\n>p1 move poltergeist\n>p2 move shadowball\n>p2 switch 3\n>p1 move poltergeist\n>p2 move knockoff\n>p1 move destinybond\n>p2 move roost\n>p1 move poltergeist\n>p2 move surf\n>p1 switch 6\n>p1 move closecombat\n>p2 move surf\n>p2 switch 6\n>p1 switch 3\n>p2 move shadowball\n>p1 switch 5\n>p1 move calmmind\n>p2 switch 5\n>p1 move calmmind\n>p2 move nastyplot\n>p1 move calmmind\n>p2 move nastyplot\n>p1 move calmmind\n>p2 move nastyplot\n>p1 move calmmind\n>p2 move fireblast\n>p1 move recover\n>p2 move fireblast\n>p1 move recover\n>p2 move dracometeor\n>p1 move recover\n>p2 move dracometeor\n>p1 move recover\n>p2 move dracometeor\n>p1 move recover\n>p2 move dracometeor\n>p1 move judgment\n>p2 move nastyplot\n>p2 switch 5\n>p1 move sludgebomb\n>p2 move dazzlinggleam\n>chat \u2606desop|bro\n>chat \u2606desop|i cant make this shit up\n>p1 switch 4\n>chat \u2606ktsk|lmao\n>p1 move heavyslam\n>p2 switch 4\n>chat \u2606desop|and you have this shit too\n>p1 move heavyslam\n>p2 move trickroom\n>p1 move heavyslam\n>p2 move revivalblessing\n>p2 switch 5\n>p2 switch 2\n>p1 move heavyslam\n>p2 move stoneedge\n>p1 move stealthrock\n>p2 move stoneedge\n>p1 move shedtail\n>p2 move stoneedge\n>p1 switch 3\n>p1 move closecombat terastallize\n>p2 move earthquake\n>p2 switch 4\n>chat \u2606desop|fuck man\n>p1 move closecombat\n>p2 move luminacrash\n>chat \u2606desop|this game is so shit\n>p2 switch 5\n>chat \u2606ktsk|u could win\n>p1 switch 3\n>p2 move dracometeor\n>chat \u2606desop|i need you to miss\n>p1 switch 3\n>chat \u2606ktsk|dam\n>chat \u2606desop|bro what\n>chat \u2606ktsk|I trolled\n>p1 move closecombat\n>p2 move dracometeor terastallize", "uploadtime": 1723144873, "views": 168, "formatid": "gen9randombattle", "rating": 2217, "private": 0, "password": null}