{"id": "gen9randombattle-2259960560", "format": "[Gen 9] Random Battle", "players": ["spuir", "Llege"], "log": "|j|\u2606spuir\n|j|\u2606Llege\n|t:|1733784573\n|gametype|singles\n|player|p1|spuir|1|1162\n|player|p2|Llege|169|1127\n|teamsize|p1|6\n|teamsize|p2|6\n|gen|9\n|tier|[Gen 9] Random Battle\n|rated|\n|rule|Species Clause: Limit one of each Pok\u00e9mon\n|rule|HP Percentage Mod: HP is shown in percentages\n|rule|Sleep Clause Mod: Limit one foe put to sleep\n|rule|Illusion Level Mod: Illusion disguises the Pok\u00e9mon's true level\n|\n|t:|1733784573\n|start\n|switch|p1a: Alcremie|Alcremie-Caramel-Swirl, L90, F|263/263\n|switch|p2a: Coalossal|Coalossal, L89, F|341/341\n|turn|1\n|\n|t:|1733784587\n|-terastallize|p1a: Alcremie|Ground\n|move|p1a: Alcremie|Calm Mind|p1a: Alcremie\n|-boost|p1a: Alcremie|spa|1\n|-boost|p1a: Alcremie|spd|1\n|move|p2a: Coalossal|Stealth Rock|p1a: Alcremie\n|-sidestart|p1: spuir|move: Stealth Rock\n|\n|upkeep\n|turn|2\n|\n|t:|1733784601\n|switch|p2a: Bellossom|Bellossom, L84, M|263/263\n|move|p1a: Alcremie|Calm Mind|p1a: Alcremie\n|-boost|p1a: Alcremie|spa|1\n|-boost|p1a: Alcremie|spd|1\n|\n|upkeep\n|turn|3\n|\n|t:|1733784610\n|move|p1a: Alcremie|Alluring Voice|p2a: Bellossom\n|-crit|p2a: Bellossom\n|-damage|p2a: Bellossom|0 fnt\n|faint|p2a: Bellossom\n|\n|upkeep\n|\n|t:|1733784616\n|switch|p2a: Virizion|Virizion, L82|283/283\n|turn|4\n|\n|t:|1733784619\n|move|p2a: Virizion|Leaf Blade|p1a: Alcremie\n|-supereffective|p1a: Alcremie\n|-damage|p1a: Alcremie|13/263\n|-damage|p2a: Virizion|255/283|[from] item: Life Orb\n|move|p1a: Alcremie|Alluring Voice|p2a: Virizion\n|-supereffective|p2a: Virizion\n|-damage|p2a: Virizion|0 fnt\n|faint|p2a: Virizion\n|\n|-heal|p1a: Alcremie|29/263|[from] item: Leftovers\n|upkeep\n|\n|t:|1733784639\n|switch|p2a: Pikachu|Pikachu-Sinnoh, L93, M|216/216\n|turn|5\n|\n|t:|1733784642\n|move|p2a: Pikachu|Surf|p1a: Alcremie\n|-supereffective|p1a: Alcremie\n|-damage|p1a: Alcremie|0 fnt\n|faint|p1a: Alcremie\n|\n|upkeep\n|\n|t:|1733784656\n|switch|p1a: Raikou|Raikou, L81|278/278\n|-damage|p1a: Raikou|244/278|[from] Stealth Rock\n|-ability|p1a: Raikou|Pressure\n|turn|6\n|\n|t:|1733784664\n|move|p1a: Raikou|Calm Mind|p1a: Raikou\n|-boost|p1a: Raikou|spa|1\n|-boost|p1a: Raikou|spd|1\n|move|p2a: Pikachu|Volt Tackle|p1a: Raikou\n|-resisted|p1a: Raikou\n|-damage|p1a: Raikou|124/278\n|-damage|p2a: Pikachu|176/216|[from] Recoil\n|\n|-heal|p1a: Raikou|141/278|[from] item: Leftovers\n|upkeep\n|turn|7\n|\n|t:|1733784678\n|switch|p2a: Coalossal|Coalossal, L89, F|341/341\n|move|p1a: Raikou|Shadow Ball|p2a: Coalossal\n|-damage|p2a: Coalossal|258/341\n|\n|-heal|p1a: Raikou|158/278|[from] item: Leftovers\n|upkeep\n|turn|8\n|\n|t:|1733784687\n|move|p1a: Raikou|Calm Mind|p1a: Raikou\n|-boost|p1a: Raikou|spa|1\n|-boost|p1a: Raikou|spd|1\n|move|p2a: Coalossal|Stone Edge|p1a: Raikou\n|-damage|p1a: Raikou|43/278\n|\n|-heal|p1a: Raikou|60/278|[from] item: Leftovers\n|upkeep\n|turn|9\n|\n|t:|1733784696\n|move|p1a: Raikou|Scald|p2a: Coalossal\n|-supereffective|p2a: Coalossal\n|-damage|p2a: Coalossal|0 fnt\n|faint|p2a: Coalossal\n|\n|-heal|p1a: Raikou|77/278|[from] item: Leftovers\n|upkeep\n|\n|t:|1733784704\n|switch|p2a: Pikachu|Pikachu-Sinnoh, L93, M|176/216\n|turn|10\n|\n|t:|1733784708\n|move|p1a: Raikou|Shadow Ball|p2a: Pikachu\n|-damage|p2a: Pikachu|21/216\n|move|p2a: Pikachu|Volt Tackle|p1a: Raikou\n|-resisted|p1a: Raikou\n|-damage|p1a: Raikou|0 fnt\n|faint|p1a: Raikou\n|-damage|p2a: Pikachu|0 fnt|[from] Recoil\n|faint|p2a: Pikachu\n|\n|upkeep\n|\n|t:|1733784720\n|switch|p1a: Zamazenta|Zamazenta-Crowned, L68|238/238\n|switch|p2a: Noivern|Noivern, L82, M|274/274\n|-damage|p1a: Zamazenta|231/238|[from] Stealth Rock\n|-ability|p1a: Zamazenta|Dauntless Shield|boost\n|-boost|p1a: Zamazenta|def|1\n|turn|11\n|\n|t:|1733784733\n|move|p2a: Noivern|Flamethrower|p1a: Zamazenta\n|-supereffective|p1a: Zamazenta\n|-crit|p1a: Zamazenta\n|-damage|p1a: Zamazenta|85/238\n|move|p1a: Zamazenta|Stone Edge|p2a: Noivern|[miss]\n|-miss|p1a: Zamazenta|p2a: Noivern\n|\n|upkeep\n|turn|12\n|\n|t:|1733784741\n|move|p2a: Noivern|Flamethrower|p1a: Zamazenta\n|-supereffective|p1a: Zamazenta\n|-crit|p1a: Zamazenta\n|-damage|p1a: Zamazenta|0 fnt\n|faint|p1a: Zamazenta\n|\n|upkeep\n|\n|t:|1733784750\n|switch|p1a: Clodsire|Clodsire, L81, M|343/343\n|-damage|p1a: Clodsire|322/343|[from] Stealth Rock\n|turn|13\n|\n|t:|1733784760\n|move|p2a: Noivern|Hurricane|p1a: Clodsire\n|-damage|p1a: Clodsire|226/343\n|-start|p1a: Clodsire|confusion\n|-activate|p1a: Clodsire|confusion\n|-damage|p1a: Clodsire|197/343|[from] confusion\n|\n|-heal|p1a: Clodsire|218/343|[from] item: Leftovers\n|upkeep\n|turn|14\n|\n|t:|1733784771\n|move|p2a: Noivern|Draco Meteor|p1a: Clodsire\n|-damage|p1a: Clodsire|91/343\n|-unboost|p2a: Noivern|spa|2\n|-activate|p1a: Clodsire|confusion\n|move|p1a: Clodsire|Toxic|p2a: Noivern\n|-status|p2a: Noivern|tox\n|\n|-heal|p1a: Clodsire|112/343|[from] item: Leftovers\n|-damage|p2a: Noivern|257/274 tox|[from] psn\n|upkeep\n|turn|15\n|\n|t:|1733784783\n|move|p2a: Noivern|Hurricane|p1a: Clodsire\n|-damage|p1a: Clodsire|9/343\n|-activate|p1a: Clodsire|confusion\n|move|p1a: Clodsire|Toxic|p2a: Noivern\n|-fail|p2a: Noivern|tox\n|\n|-heal|p1a: Clodsire|30/343|[from] item: Leftovers\n|-damage|p2a: Noivern|223/274 tox|[from] psn\n|upkeep\n|turn|16\n|\n|t:|1733784793\n|move|p2a: Noivern|Draco Meteor|p1a: Clodsire\n|-damage|p1a: Clodsire|0 fnt\n|-unboost|p2a: Noivern|spa|2\n|faint|p1a: Clodsire\n|\n|-damage|p2a: Noivern|172/274 tox|[from] psn\n|upkeep\n|\n|t:|1733784803\n|switch|p1a: Grumpig|Grumpig, L92, M|297/297\n|-damage|p1a: Grumpig|260/297|[from] Stealth Rock\n|turn|17\n|\n|t:|1733784807\n|switch|p2a: Muk|Muk-Alola, L82, M|306/306\n|move|p1a: Grumpig|Nasty Plot|p1a: Grumpig\n|-boost|p1a: Grumpig|spa|2\n|\n|-heal|p1a: Grumpig|278/297|[from] item: Leftovers\n|upkeep\n|turn|18\n|\n|t:|1733784818\n|-terastallize|p2a: Muk|Dark\n|move|p1a: Grumpig|Earth Power|p2a: Muk\n|-damage|p2a: Muk|215/306\n|-unboost|p2a: Muk|spd|1\n|move|p2a: Muk|Knock Off|p1a: Grumpig\n|-supereffective|p1a: Grumpig\n|-damage|p1a: Grumpig|0 fnt\n|-enditem|p1a: Grumpig|Leftovers|[from] move: Knock Off|[of] p2a: Muk\n|faint|p1a: Grumpig\n|\n|upkeep\n|\n|t:|1733784825\n|switch|p1a: Scizor|Scizor, L79, M|240/240\n|-damage|p1a: Scizor|210/240|[from] Stealth Rock\n|turn|19\n|\n|t:|1733784835\n|move|p1a: Scizor|Close Combat|p2a: Muk\n|-supereffective|p2a: Muk\n|-damage|p2a: Muk|0 fnt\n|-unboost|p1a: Scizor|def|1\n|-unboost|p1a: Scizor|spd|1\n|faint|p2a: Muk\n|\n|-heal|p1a: Scizor|225/240|[from] item: Leftovers\n|upkeep\n|\n|t:|1733784844\n|switch|p2a: Noivern|Noivern, L82, M|172/274 tox\n|turn|20\n|\n|t:|1733784850\n|move|p1a: Scizor|Bullet Punch|p2a: Noivern\n|-damage|p2a: Noivern|99/274 tox\n|move|p2a: Noivern|Flamethrower|p1a: Scizor\n|-supereffective|p1a: Scizor\n|-damage|p1a: Scizor|0 fnt\n|faint|p1a: Scizor\n|\n|win|Llege\n|raw|spuir's rating: 1162 &rarr; <strong>1134</strong><br />(-28 for losing)\n|raw|Llege's rating: 1127 &rarr; <strong>1155</strong><br />(+28 for winning)\n|l|\u2606spuir\n|player|p1|\n", "inputlog": ">version bfd83cad13791eb5a5a409923076391caf6fb4d4\n>start {\"formatid\":\"gen9randombattle\",\"seed\":[7246,61024,42672,46072],\"rated\":\"Rated battle\"}\n>player p1 {\"name\":\"spuir\",\"avatar\":\"1\",\"rating\":1162,\"seed\":[36614,61470,7239,4034]}\n>player p2 {\"name\":\"Llege\",\"avatar\":\"169\",\"rating\":1127,\"seed\":[25611,5354,14572,39390]}\n>p1 move calmmind terastallize\n>p2 move stealthrock\n>p1 move calmmind\n>p2 switch 6\n>p1 move alluringvoice\n>p2 move quiverdance\n>p2 switch 5\n>p1 move alluringvoice\n>p2 move leafblade\n>p2 switch 2\n>p1 move alluringvoice\n>p2 move surf\n>p1 switch 2\n>p1 move calmmind\n>p2 move volttackle\n>p1 move shadowball\n>p2 switch 6\n>p1 move calmmind\n>p2 move stoneedge\n>p1 move scald\n>p2 move stoneedge\n>p2 switch 6\n>p1 move shadowball\n>p2 move volttackle\n>p1 switch 4\n>p2 switch 3\n>p1 move stoneedge\n>p2 move flamethrower\n>p1 move stoneedge\n>p2 move flamethrower\n>p1 switch 6\n>p1 move toxic\n>p2 move hurricane\n>p1 move toxic\n>p2 move dracometeor\n>p1 move toxic\n>p2 move hurricane\n>p1 move recover\n>p2 move dracometeor\n>p1 switch 3\n>p1 move nastyplot\n>p2 switch 4\n>p1 move earthpower\n>p2 move knockoff terastallize\n>p1 switch 5\n>p1 move closecombat\n>p2 move knockoff\n>p2 switch 4\n>p1 move bulletpunch\n>p2 move flamethrower", "uploadtime": 1733784858, "views": 1, "formatid": "gen9randombattle", "rating": 1134, "private": 0, "password": null}