{"id": "gen9randombattle-2021542199", "format": "[Gen 9] Random Battle", "players": ["MasterofMetapods5", "pokeblade\u2606101"], "log": "|j|\u2606MasterofMetapods5\n|j|\u2606pokeblade\u2606101\n|t:|1703741502\n|gametype|singles\n|player|p1|MasterofMetapods5|lance|2204\n|player|p2|pokeblade\u2606101|#helpstaffxmas|2475\n|teamsize|p1|6\n|teamsize|p2|6\n|gen|9\n|tier|[Gen 9] Random Battle\n|rated|\n|rule|Species Clause: Limit one of each Pok\u00e9mon\n|rule|HP Percentage Mod: HP is shown in percentages\n|rule|Sleep Clause Mod: Limit one foe put to sleep\n|rule|Illusion Level Mod: Illusion disguises the Pok\u00e9mon's true level\n|\n|t:|1703741502\n|start\n|switch|p1a: Ogerpon|Ogerpon-Hearthflame, L75, F|243/243\n|switch|p2a: Dewgong|Dewgong, L90, F|308/308\n|-ability|p1a: Ogerpon|Mold Breaker\n|turn|1\n|j|+Aqua\n|\n|t:|1703741534\n|move|p1a: Ogerpon|Knock Off|p2a: Dewgong\n|-damage|p2a: Dewgong|220/308\n|-enditem|p2a: Dewgong|Heavy-Duty Boots|[from] move: Knock Off|[of] p1a: Ogerpon\n|move|p2a: Dewgong|Flip Turn|p1a: Ogerpon\n|-damage|p1a: Ogerpon|180/243\n|\n|t:|1703741552\n|switch|p2a: Toxicroak|Toxicroak, L85, F|280/280|[from] Flip Turn\n|\n|upkeep\n|turn|2\n|\n|t:|1703741581\n|-terastallize|p1a: Ogerpon|Fire\n|detailschange|p1a: Ogerpon|Ogerpon-Hearthflame-Tera, L75, F, tera:Fire\n|-ability|p1a: Ogerpon|Embody Aspect (Hearthflame)|boost\n|-boost|p1a: Ogerpon|atk|1\n|move|p1a: Ogerpon|Ivy Cudgel|p2a: Toxicroak|[anim] Ivy Cudgel Fire\n|-damage|p2a: Toxicroak|0 fnt\n|faint|p2a: Toxicroak\n|\n|upkeep\n|\n|t:|1703741592\n|switch|p2a: Slowking|Slowking, L87, F|307/307\n|turn|3\n|\n|t:|1703741604\n|move|p1a: Ogerpon|Power Whip|p2a: Slowking\n|-supereffective|p2a: Slowking\n|-damage|p2a: Slowking|0 fnt\n|faint|p2a: Slowking\n|\n|upkeep\n|c|\u2606pokeblade\u2606101|oh\n|\n|t:|1703741611\n|switch|p2a: Ursaring|Ursaring, L84, M|288/288\n|turn|4\n|\n|t:|1703741614\n|move|p1a: Ogerpon|Knock Off|p2a: Ursaring\n|-crit|p2a: Ursaring\n|-damage|p2a: Ursaring|155/288\n|-enditem|p2a: Ursaring|Eviolite|[from] move: Knock Off|[of] p1a: Ogerpon\n|move|p2a: Ursaring|Earthquake|p1a: Ogerpon\n|-supereffective|p1a: Ogerpon\n|-damage|p1a: Ogerpon|0 fnt\n|faint|p1a: Ogerpon\n|\n|upkeep\n|c|\u2606pokeblade\u2606101|that was a disaster\n|\n|t:|1703741624\n|switch|p1a: Meloetta|Meloetta, L82|298/298\n|turn|5\n|\n|t:|1703741629\n|switch|p2a: Giratina|Giratina, L74|344/344\n|-ability|p2a: Giratina|Pressure\n|move|p1a: Meloetta|Psyshock|p2a: Giratina\n|-damage|p2a: Giratina|214/344\n|\n|-heal|p2a: Giratina|235/344|[from] item: Leftovers\n|upkeep\n|turn|6\n|\n|t:|1703741632\n|switch|p1a: Sylveon|Sylveon, L84, F|297/297\n|move|p2a: Giratina|Will-O-Wisp|p1a: Sylveon\n|-status|p1a: Sylveon|brn\n|\n|-heal|p2a: Giratina|256/344|[from] item: Leftovers\n|-damage|p1a: Sylveon|279/297 brn|[from] brn\n|upkeep\n|turn|7\n|\n|t:|1703741637\n|switch|p2a: Dewgong|Dewgong, L90, F|220/308\n|move|p1a: Sylveon|Hyper Voice|p2a: Dewgong\n|-damage|p2a: Dewgong|102/308\n|\n|-heal|p1a: Sylveon|297/297 brn|[from] item: Leftovers\n|-damage|p1a: Sylveon|279/297 brn|[from] brn\n|upkeep\n|turn|8\n|\n|t:|1703741642\n|move|p2a: Dewgong|Hydro Pump|p1a: Sylveon|[miss]\n|-miss|p2a: Dewgong|p1a: Sylveon\n|move|p1a: Sylveon|Hyper Voice|p2a: Dewgong\n|-damage|p2a: Dewgong|0 fnt\n|faint|p2a: Dewgong\n|\n|-heal|p1a: Sylveon|297/297 brn|[from] item: Leftovers\n|-damage|p1a: Sylveon|279/297 brn|[from] brn\n|upkeep\n|\n|t:|1703741645\n|switch|p2a: Mew|Mew, L82|298/298\n|turn|9\n|\n|t:|1703741648\n|move|p2a: Mew|Nasty Plot|p2a: Mew\n|-boost|p2a: Mew|spa|2\n|move|p1a: Sylveon|Hyper Voice|p2a: Mew\n|-damage|p2a: Mew|183/298\n|\n|-heal|p1a: Sylveon|297/297 brn|[from] item: Leftovers\n|-damage|p1a: Sylveon|279/297 brn|[from] brn\n|upkeep\n|turn|10\n|\n|t:|1703741651\n|switch|p1a: Dedenne|Dedenne, L88, F|261/261\n|move|p2a: Mew|Psyshock|p1a: Dedenne\n|-damage|p1a: Dedenne|0 fnt\n|faint|p1a: Dedenne\n|-damage|p2a: Mew|154/298|[from] item: Life Orb\n|\n|upkeep\n|\n|t:|1703741653\n|switch|p1a: Wugtrio|Wugtrio, L91, F|212/212\n|turn|11\n|\n|t:|1703741659\n|switch|p2a: Giratina|Giratina, L74|256/344\n|-ability|p2a: Giratina|Pressure\n|move|p1a: Wugtrio|Liquidation|p2a: Giratina\n|-resisted|p2a: Giratina\n|-crit|p2a: Giratina\n|-damage|p2a: Giratina|142/344\n|\n|-heal|p2a: Giratina|163/344|[from] item: Leftovers\n|upkeep\n|turn|12\n|\n|t:|1703741668\n|switch|p1a: Sylveon|Sylveon, L84, F|279/297 brn\n|switch|p2a: Mew|Mew, L82|154/298\n|\n|-heal|p1a: Sylveon|297/297 brn|[from] item: Leftovers\n|-damage|p1a: Sylveon|279/297 brn|[from] brn\n|upkeep\n|turn|13\n|\n|t:|1703741670\n|move|p2a: Mew|Psyshock|p1a: Sylveon\n|-damage|p1a: Sylveon|139/297 brn\n|-damage|p2a: Mew|125/298|[from] item: Life Orb\n|move|p1a: Sylveon|Hyper Voice|p2a: Mew\n|-damage|p2a: Mew|1/298\n|\n|-heal|p1a: Sylveon|157/297 brn|[from] item: Leftovers\n|-damage|p1a: Sylveon|139/297 brn|[from] brn\n|upkeep\n|turn|14\n|\n|t:|1703741675\n|move|p2a: Mew|Psyshock|p1a: Sylveon\n|-damage|p1a: Sylveon|0 fnt\n|faint|p1a: Sylveon\n|-damage|p2a: Mew|0 fnt|[from] item: Life Orb\n|faint|p2a: Mew\n|\n|upkeep\n|\n|t:|1703741681\n|switch|p2a: Ursaring|Ursaring, L84, M|155/288\n|switch|p1a: Hitmonlee|Hitmonlee, L84, M|221/221\n|turn|15\n|\n|t:|1703741686\n|switch|p2a: Giratina|Giratina, L74|163/344\n|-ability|p2a: Giratina|Pressure\n|move|p1a: Hitmonlee|Knock Off|p2a: Giratina\n|-supereffective|p2a: Giratina\n|-damage|p2a: Giratina|0 fnt\n|-enditem|p2a: Giratina|Leftovers|[from] move: Knock Off|[of] p1a: Hitmonlee\n|faint|p2a: Giratina\n|\n|upkeep\n|\n|t:|1703741689\n|switch|p2a: Ursaring|Ursaring, L84, M|155/288\n|turn|16\n|\n|t:|1703741692\n|switch|p1a: Meloetta|Meloetta, L82|298/298\n|move|p2a: Ursaring|Body Slam|p1a: Meloetta\n|-damage|p1a: Meloetta|159/298\n|-status|p1a: Meloetta|par\n|\n|upkeep\n|turn|17\n|\n|t:|1703741695\n|move|p2a: Ursaring|Body Slam|p1a: Meloetta\n|-damage|p1a: Meloetta|41/298 par\n|move|p1a: Meloetta|Hyper Voice|p2a: Ursaring\n|-damage|p2a: Ursaring|0 fnt\n|faint|p2a: Ursaring\n|\n|win|MasterofMetapods5\n|raw|MasterofMetapods5's rating: 2204 &rarr; <strong>2237</strong><br />(+33 for winning)\n|raw|pokeblade\u2606101's rating: 2475 &rarr; <strong>2442</strong><br />(-33 for losing)\n|c|\u2606MasterofMetapods5|gg\n|l|\u2606pokeblade\u2606101\n|l|\u2606MasterofMetapods5\n", "inputlog": ">version c9000e90255af3d123fb9dabba7999d04a2c08e0\n>start {\"formatid\":\"gen9randombattle\",\"seed\":[54073,49540,60471,1813],\"rated\":\"Rated battle\"}\n>player p1 {\"name\":\"MasterofMetapods5\",\"avatar\":\"lance\",\"rating\":2204,\"seed\":[36657,51093,26876,37307]}\n>player p2 {\"name\":\"pokeblade\u2606101\",\"avatar\":\"#helpstaffxmas\",\"rating\":2475,\"seed\":[51456,38870,54680,20679]}\n>p1 move knockoff\n>p2 move flipturn\n>p2 switch 3\n>p1 move ivycudgel terastallize\n>p2 move closecombat\n>p2 switch 6\n>p1 move powerwhip\n>p2 move scald\n>chat \u2606pokeblade\u2606101|oh\n>p2 switch 4\n>p1 move knockoff\n>p2 move earthquake\n>chat \u2606pokeblade\u2606101|that was a disaster\n>p1 switch 4\n>p1 move psyshock\n>p2 switch 5\n>p1 switch 3\n>p2 move willowisp\n>p1 move hypervoice\n>p2 switch 3\n>p1 move hypervoice\n>p2 move hydropump\n>p2 switch 2\n>p1 move hypervoice\n>p2 move nastyplot\n>p1 switch 5\n>p2 move psyshock\n>p1 switch 2\n>p1 move liquidation\n>p2 switch 3\n>p1 switch 5\n>p2 switch 3\n>p1 move hypervoice\n>p2 move psyshock\n>p1 move wish\n>p2 move psyshock\n>p1 switch 6\n>p2 switch 5\n>p1 move knockoff\n>p2 switch 3\n>p2 switch 3\n>p1 switch 3\n>p2 move bodyslam\n>p1 move hypervoice\n>p2 move bodyslam", "uploadtime": 1703741708, "views": 261, "formatid": "gen9randombattle", "rating": 2237, "private": 0, "password": null}