{"id": "gen9randombattle-2206536000", "format": "[Gen 9] Random Battle", "players": ["Soul Dew Latias", "RB2T R"], "log": "|badge|p1|silver|gen9randombattle|30-2\n|uhtml|medal-msg|<div class=\"broadcast-blue\">Curious what those medals under the avatar are? PS now has Ladder Seasons! For more information, check out the <a href=\"https://www.smogon.com/forums/threads/3740067/\">thread on Smogon.</a></div>\n|badge|p2|silver|gen9randombattle|30-2\n|uhtml|medal-msg|<div class=\"broadcast-blue\">Curious what those medals under the avatar are? PS now has Ladder Seasons! For more information, check out the <a href=\"https://www.smogon.com/forums/threads/3740067/\">thread on Smogon.</a></div>\n|raw|<div class=\"broadcast-blue\"><strong>This battle is required to be public due to a player having a name starting with 'rb2t'.</div>\n|j|\u2606Soul Dew Latias\n|j|\u2606RB2T R\n|t:|1726927368\n|gametype|singles\n|player|p1|Soul Dew Latias|#teamskymin|2393\n|player|p2|RB2T R|unknown|2458\n|teamsize|p1|6\n|teamsize|p2|6\n|gen|9\n|tier|[Gen 9] Random Battle\n|rated|\n|rule|Species Clause: Limit one of each Pok\u00e9mon\n|rule|HP Percentage Mod: HP is shown in percentages\n|rule|Sleep Clause Mod: Limit one foe put to sleep\n|rule|Illusion Level Mod: Illusion disguises the Pok\u00e9mon's true level\n|\n|t:|1726927368\n|start\n|switch|p1a: Tentacruel|Tentacruel, L84, F|272/272\n|switch|p2a: Kyogre|Kyogre, L71|259/259\n|-weather|RainDance|[from] ability: Drizzle|[of] p2a: Kyogre\n|turn|1\n|inactive|Battle timer is ON: inactive players will automatically lose when time's up. (requested by RB2T R)\n|\n|t:|1726927382\n|move|p2a: Kyogre|Thunder|p1a: Tentacruel\n|-supereffective|p1a: Tentacruel\n|-damage|p1a: Tentacruel|138/272\n|move|p1a: Tentacruel|Toxic Spikes|p2a: Kyogre\n|-sidestart|p2: RB2T R|move: Toxic Spikes\n|\n|-weather|RainDance|[upkeep]\n|-heal|p1a: Tentacruel|155/272|[from] item: Leftovers\n|upkeep\n|turn|2\n|j| suta pulachina\n|\n|t:|1726927389\n|switch|p2a: Misdreavus|Misdreavus, L90, F|254/254\n|move|p1a: Tentacruel|Rapid Spin|p2a: Misdreavus\n|-immune|p2a: Misdreavus\n|\n|-weather|RainDance|[upkeep]\n|-heal|p1a: Tentacruel|172/272|[from] item: Leftovers\n|upkeep\n|turn|3\n|\n|t:|1726927395\n|move|p1a: Tentacruel|Surf|p2a: Misdreavus\n|-damage|p2a: Misdreavus|170/254\n|move|p2a: Misdreavus|Calm Mind|p2a: Misdreavus\n|-boost|p2a: Misdreavus|spa|1\n|-boost|p2a: Misdreavus|spd|1\n|\n|-weather|RainDance|[upkeep]\n|-heal|p1a: Tentacruel|189/272|[from] item: Leftovers\n|upkeep\n|turn|4\n|\n|t:|1726927407\n|move|p1a: Tentacruel|Surf|p2a: Misdreavus\n|-damage|p2a: Misdreavus|118/254\n|move|p2a: Misdreavus|Shadow Ball|p1a: Tentacruel\n|-damage|p1a: Tentacruel|93/272\n|-unboost|p1a: Tentacruel|spd|1\n|\n|-weather|RainDance|[upkeep]\n|-heal|p1a: Tentacruel|110/272|[from] item: Leftovers\n|upkeep\n|turn|5\n|\n|t:|1726927411\n|move|p1a: Tentacruel|Surf|p2a: Misdreavus\n|-damage|p2a: Misdreavus|64/254\n|move|p2a: Misdreavus|Shadow Ball|p1a: Tentacruel\n|-damage|p1a: Tentacruel|0 fnt\n|faint|p1a: Tentacruel\n|\n|-weather|none\n|upkeep\n|\n|t:|1726927416\n|switch|p1a: Indeedee|Indeedee-F, L90, F|272/272\n|-fieldstart|move: Psychic Terrain|[from] ability: Psychic Surge|[of] p1a: Indeedee\n|turn|6\n|\n|t:|1726927421\n|move|p1a: Indeedee|Psychic|p2a: Misdreavus\n|-damage|p2a: Misdreavus|6/254\n|move|p2a: Misdreavus|Draining Kiss|p1a: Indeedee\n|-damage|p1a: Indeedee|230/272\n|-heal|p2a: Misdreavus|38/254|[from] drain|[of] p1a: Indeedee\n|\n|upkeep\n|turn|7\n|\n|t:|1726927427\n|move|p1a: Indeedee|Psychic|p2a: Misdreavus\n|-damage|p2a: Misdreavus|0 fnt\n|faint|p2a: Misdreavus\n|\n|upkeep\n|\n|t:|1726927438\n|switch|p2a: Furret|Furret, L93, F|309/309\n|-status|p2a: Furret|psn\n|-item|p1a: Indeedee|Choice Scarf|[from] ability: Frisk|[of] p2a: Furret\n|turn|8\n|\n|t:|1726927441\n|move|p1a: Indeedee|Psychic|p2a: Furret\n|-crit|p2a: Furret\n|-damage|p2a: Furret|35/309 psn\n|move|p2a: Furret|Knock Off|p1a: Indeedee\n|-supereffective|p1a: Indeedee\n|-damage|p1a: Indeedee|25/272\n|-enditem|p1a: Indeedee|Choice Scarf|[from] move: Knock Off|[of] p2a: Furret\n|-damage|p2a: Furret|5/309 psn|[from] item: Life Orb\n|\n|-damage|p2a: Furret|0 fnt|[from] psn\n|faint|p2a: Furret\n|upkeep\n|inactive|RB2T R has 120 seconds left.\n|\n|t:|1726927480\n|switch|p2a: Sceptile|Sceptile, L87, M|264/264\n|-status|p2a: Sceptile|psn\n|turn|9\n|\n|t:|1726927483\n|move|p2a: Sceptile|Earthquake|p1a: Indeedee\n|-damage|p1a: Indeedee|0 fnt\n|faint|p1a: Indeedee\n|-damage|p2a: Sceptile|238/264 psn|[from] item: Life Orb\n|\n|-damage|p2a: Sceptile|205/264 psn|[from] psn\n|upkeep\n|\n|t:|1726927485\n|switch|p1a: Malamar|Malamar, L82, M|275/275\n|turn|10\n|\n|t:|1726927491\n|move|p2a: Sceptile|Leaf Storm|p1a: Malamar\n|-damage|p1a: Malamar|28/275\n|-unboost|p2a: Sceptile|spa|2\n|-damage|p2a: Sceptile|179/264 psn|[from] item: Life Orb\n|move|p1a: Malamar|Superpower|p2a: Sceptile\n|-damage|p2a: Sceptile|89/264 psn\n|-boost|p1a: Malamar|atk|1\n|-boost|p1a: Malamar|def|1\n|\n|-damage|p2a: Sceptile|56/264 psn|[from] psn\n|-fieldend|move: Psychic Terrain\n|upkeep\n|turn|11\n|\n|t:|1726927495\n|move|p2a: Sceptile|Earthquake|p1a: Malamar\n|-damage|p1a: Malamar|0 fnt\n|faint|p1a: Malamar\n|-damage|p2a: Sceptile|30/264 psn|[from] item: Life Orb\n|\n|-damage|p2a: Sceptile|0 fnt|[from] psn\n|faint|p2a: Sceptile\n|upkeep\n|j|+35Q71N\n|\n|t:|1726927500\n|switch|p2a: Kyogre|Kyogre, L71|259/259\n|switch|p1a: Regieleki|Regieleki, L79|256/256\n|-status|p2a: Kyogre|psn\n|-weather|RainDance|[from] ability: Drizzle|[of] p2a: Kyogre\n|turn|12\n|\n|t:|1726927508\n|switch|p2a: Koraidon|Koraidon, L64|235/235\n|-status|p2a: Koraidon|psn\n|-weather|SunnyDay|[from] ability: Orichalcum Pulse|[of] p2a: Koraidon\n|-activate|p2a: Koraidon|Orichalcum Pulse|[source]\n|move|p1a: Regieleki|Volt Switch|p2a: Koraidon\n|-resisted|p2a: Koraidon\n|-damage|p2a: Koraidon|178/235 psn\n|\n|t:|1726927512\n|switch|p1a: Minior|Minior, L79|223/223|[from] Volt Switch\n|-formechange|p1a: Minior|Minior-Meteor||[from] ability: Shields Down\n|\n|-weather|SunnyDay|[upkeep]\n|-damage|p2a: Koraidon|149/235 psn|[from] psn\n|upkeep\n|turn|13\n|\n|t:|1726927520\n|move|p2a: Koraidon|U-turn|p1a: Minior\n|-resisted|p1a: Minior\n|-damage|p1a: Minior|184/223\n|\n|t:|1726927522\n|switch|p2a: Kyogre|Kyogre, L71|259/259 psn|[from] U-turn\n|-weather|RainDance|[from] ability: Drizzle|[of] p2a: Kyogre\n|move|p1a: Minior|Shell Smash|p1a: Minior\n|-unboost|p1a: Minior|def|1\n|-unboost|p1a: Minior|spd|1\n|-boost|p1a: Minior|atk|2\n|-boost|p1a: Minior|spa|2\n|-boost|p1a: Minior|spe|2\n|-enditem|p1a: Minior|White Herb\n|-clearnegativeboost|p1a: Minior|[silent]\n|\n|-weather|RainDance|[upkeep]\n|-damage|p2a: Kyogre|227/259 psn|[from] psn\n|upkeep\n|turn|14\n|\n|t:|1726927531\n|move|p1a: Minior|Acrobatics|p2a: Kyogre\n|-damage|p2a: Kyogre|59/259 psn\n|move|p2a: Kyogre|Origin Pulse|p1a: Minior\n|-supereffective|p1a: Minior\n|-damage|p1a: Minior|0 fnt\n|faint|p1a: Minior\n|\n|-weather|RainDance|[upkeep]\n|-damage|p2a: Kyogre|27/259 psn|[from] psn\n|upkeep\n|\n|t:|1726927545\n|switch|p1a: Regieleki|Regieleki, L79|256/256\n|turn|15\n|\n|t:|1726927547\n|move|p1a: Regieleki|Thunderbolt|p2a: Kyogre\n|-supereffective|p2a: Kyogre\n|-damage|p2a: Kyogre|0 fnt\n|faint|p2a: Kyogre\n|\n|-weather|RainDance|[upkeep]\n|upkeep\n|\n|t:|1726927548\n|switch|p2a: Koraidon|Koraidon, L64|149/235 psn\n|-weather|SunnyDay|[from] ability: Orichalcum Pulse|[of] p2a: Koraidon\n|-activate|p2a: Koraidon|Orichalcum Pulse|[source]\n|turn|16\n|\n|t:|1726927551\n|move|p1a: Regieleki|Volt Switch|p2a: Koraidon\n|-resisted|p2a: Koraidon\n|-damage|p2a: Koraidon|83/235 psn\n|\n|t:|1726927552\n|switch|p1a: Poliwrath|Poliwrath, L88, M|302/302|[from] Volt Switch\n|move|p2a: Koraidon|Close Combat|p1a: Poliwrath\n|-damage|p1a: Poliwrath|134/302\n|-unboost|p2a: Koraidon|def|1\n|-unboost|p2a: Koraidon|spd|1\n|\n|-weather|SunnyDay|[upkeep]\n|-damage|p2a: Koraidon|54/235 psn|[from] psn\n|upkeep\n|turn|17\n|\n|t:|1726927555\n|move|p2a: Koraidon|Close Combat|p1a: Poliwrath\n|-damage|p1a: Poliwrath|0 fnt\n|-unboost|p2a: Koraidon|def|1\n|-unboost|p2a: Koraidon|spd|1\n|faint|p1a: Poliwrath\n|\n|-weather|SunnyDay|[upkeep]\n|-damage|p2a: Koraidon|25/235 psn|[from] psn\n|upkeep\n|\n|t:|1726927557\n|switch|p1a: Regieleki|Regieleki, L79|256/256\n|turn|18\n|\n|t:|1726927558\n|move|p1a: Regieleki|Thunderbolt|p2a: Koraidon\n|-resisted|p2a: Koraidon\n|-damage|p2a: Koraidon|0 fnt\n|faint|p2a: Koraidon\n|\n|-weather|SunnyDay|[upkeep]\n|upkeep\n|\n|t:|1726927560\n|switch|p2a: Granbull|Granbull, L88, F|302/302\n|-status|p2a: Granbull|psn\n|-ability|p2a: Granbull|Intimidate|boost\n|-unboost|p1a: Regieleki|atk|1\n|turn|19\n|\n|t:|1726927565\n|-terastallize|p1a: Regieleki|Ice\n|move|p1a: Regieleki|Tera Blast|p2a: Granbull|[anim] Tera Blast Ice\n|-damage|p2a: Granbull|197/302 psn\n|move|p2a: Granbull|Earthquake|p1a: Regieleki\n|-damage|p1a: Regieleki|102/256\n|\n|-weather|SunnyDay|[upkeep]\n|-heal|p2a: Granbull|215/302 psn|[from] item: Leftovers\n|-damage|p2a: Granbull|178/302 psn|[from] psn\n|upkeep\n|turn|20\n|\n|t:|1726927581\n|move|p1a: Regieleki|Tera Blast|p2a: Granbull|[anim] Tera Blast Ice\n|-damage|p2a: Granbull|84/302 psn\n|move|p2a: Granbull|Earthquake|p1a: Regieleki\n|-damage|p1a: Regieleki|0 fnt\n|faint|p1a: Regieleki\n|\n|win|RB2T R\n|raw|Soul Dew Latias's rating: 2393 &rarr; <strong>2377</strong><br />(-16 for losing)\n|raw|RB2T R's rating: 2458 &rarr; <strong>2474</strong><br />(+16 for winning)\n|l|\u2606Soul Dew Latias\n|player|p1|\n", "inputlog": ">version ddf5848a381b6afa3b8db755b9bdef59b522c4eb\n>start {\"formatid\":\"gen9randombattle\",\"seed\":[6146,52803,56870,7125],\"rated\":\"Rated battle\"}\n>player p1 {\"name\":\"Soul Dew Latias\",\"avatar\":\"#teamskymin\",\"rating\":2393,\"seed\":[8717,63287,27693,48521]}\n>player p2 {\"name\":\"RB2T R\",\"avatar\":\"unknown\",\"rating\":2458,\"seed\":[27879,27500,31926,4553]}\n>p1 move toxicspikes\n>p2 move thunder\n>p1 move rapidspin\n>p2 switch 3\n>p1 move surf\n>p2 move calmmind\n>p1 move surf\n>p2 move shadowball\n>p1 move surf\n>p2 move shadowball\n>p1 switch 3\n>p1 move psychic\n>p2 move drainingkiss\n>p1 move psychic\n>p2 move drainingkiss\n>p2 switch 6\n>p1 move psychic\n>p2 move knockoff\n>p2 switch 4\n>p1 move psychic\n>p2 move earthquake\n>p1 switch 4\n>p1 move superpower\n>p2 move leafstorm\n>p1 move superpower\n>p2 move earthquake\n>p1 switch 2\n>p2 switch 3\n>p1 move voltswitch\n>p2 switch 5\n>p1 switch 5\n>p1 move shellsmash\n>p2 move uturn\n>p2 switch 5\n>p1 move acrobatics\n>p2 move originpulse\n>p1 switch 5\n>p1 move thunderbolt\n>p2 move originpulse\n>p2 switch 5\n>p1 move voltswitch\n>p2 move closecombat\n>p1 switch 6\n>p1 move liquidation\n>p2 move closecombat\n>p1 switch 6\n>p1 move thunderbolt\n>p2 move closecombat\n>p2 switch 2\n>p1 move terablast terastallize\n>p2 move earthquake\n>p1 move terablast\n>p2 move earthquake", "uploadtime": 1726927585, "views": 99, "formatid": "gen9randombattle", "rating": 2377, "private": 0, "password": null}