{"id": "gen9randombattle-2140292956", "format": "[Gen 9] Random Battle", "players": ["Kickasser", "BillyFan302"], "log": "|badge|p1|bronze|gen9randombattle|100-1\n|uhtml|medal-msg|<div class=\"broadcast-blue\">Curious what those medals under the avatar are? PS now has Ladder Seasons! For more information, check out the <a href=\"https://www.smogon.com/forums/threads/3740067/\">thread on Smogon.</a></div>\n|j|\u2606Kickasser\n|j|\u2606BillyFan302\n|t:|1717984973\n|gametype|singles\n|player|p1|Kickasser|acetrainer-gen3jp|2321\n|player|p2|BillyFan302|skier-gen2|2260\n|teamsize|p1|6\n|teamsize|p2|6\n|gen|9\n|tier|[Gen 9] Random Battle\n|rated|\n|rule|Species Clause: Limit one of each Pok\u00e9mon\n|rule|HP Percentage Mod: HP is shown in percentages\n|rule|Sleep Clause Mod: Limit one foe put to sleep\n|rule|Illusion Level Mod: Illusion disguises the Pok\u00e9mon's true level\n|\n|t:|1717984973\n|start\n|switch|p1a: Noctowl|Noctowl, L95, M|344/344\n|switch|p2a: Muk|Muk-Alola, L82, M|306/306\n|turn|1\n|\n|t:|1717984984\n|switch|p1a: Dondozo|Dondozo, L78, M|362/362\n|move|p2a: Muk|Gunk Shot|p1a: Dondozo\n|-damage|p1a: Dondozo|260/362\n|\n|-heal|p1a: Dondozo|282/362|[from] item: Leftovers\n|upkeep\n|turn|2\n|\n|t:|1717984994\n|switch|p2a: Politoed|Politoed, L88, M|302/302\n|-weather|RainDance|[from] ability: Drizzle|[of] p2a: Politoed\n|move|p1a: Dondozo|Wave Crash|p2a: Politoed\n|-resisted|p2a: Politoed\n|-damage|p2a: Politoed|203/302\n|-damage|p1a: Dondozo|249/362|[from] Recoil\n|\n|-weather|RainDance|[upkeep]\n|-heal|p2a: Politoed|221/302|[from] item: Leftovers\n|-heal|p1a: Dondozo|271/362|[from] item: Leftovers\n|upkeep\n|turn|3\n|\n|t:|1717985014\n|switch|p1a: Luvdisc|Luvdisc, F|247/247\n|move|p2a: Politoed|Hypnosis|p1a: Luvdisc|[miss]\n|-miss|p2a: Politoed|p1a: Luvdisc\n|\n|-weather|RainDance|[upkeep]\n|-heal|p2a: Politoed|239/302|[from] item: Leftovers\n|upkeep\n|turn|4\n|\n|t:|1717985019\n|move|p1a: Luvdisc|Whirlpool|p2a: Politoed\n|-resisted|p2a: Politoed\n|-damage|p2a: Politoed|219/302\n|-activate|p2a: Politoed|move: Whirlpool|[of] p1a: Luvdisc\n|move|p2a: Politoed|Encore|p1a: Luvdisc\n|-start|p1a: Luvdisc|Encore\n|\n|-weather|RainDance|[upkeep]\n|-heal|p2a: Politoed|237/302|[from] item: Leftovers\n|-damage|p2a: Politoed|200/302|[from] move: Whirlpool|[partiallytrapped]\n|upkeep\n|turn|5\n|\n|t:|1717985041\n|switch|p1a: Dondozo|Dondozo, L78, M|271/362\n|move|p2a: Politoed|Hypnosis|p1a: Dondozo\n|-status|p1a: Dondozo|slp|[from] move: Hypnosis\n|\n|-weather|RainDance|[upkeep]\n|-heal|p2a: Politoed|218/302|[from] item: Leftovers\n|-heal|p1a: Dondozo|293/362 slp|[from] item: Leftovers\n|-end|p2a: Politoed|Whirlpool|[partiallytrapped]|[silent]\n|upkeep\n|turn|6\n|\n|t:|1717985058\n|switch|p1a: Noctowl|Noctowl, L95, M|344/344\n|move|p2a: Politoed|Hydro Pump|p1a: Noctowl\n|-damage|p1a: Noctowl|181/344\n|\n|-weather|none\n|-heal|p2a: Politoed|236/302|[from] item: Leftovers\n|upkeep\n|turn|7\n|\n|t:|1717985064\n|switch|p2a: Muk|Muk-Alola, L82, M|306/306\n|move|p1a: Noctowl|Hyper Voice|p2a: Muk\n|-damage|p2a: Muk|240/306\n|\n|upkeep\n|turn|8\n|\n|t:|1717985072\n|switch|p1a: Muk|Muk, L86, F|321/321\n|move|p2a: Muk|Knock Off|p1a: Muk\n|-damage|p1a: Muk|201/321\n|-enditem|p1a: Muk|Assault Vest|[from] move: Knock Off|[of] p2a: Muk\n|\n|upkeep\n|turn|9\n|\n|t:|1717985079\n|move|p1a: Muk|Knock Off|p2a: Muk\n|-resisted|p2a: Muk\n|-damage|p2a: Muk|197/306\n|-enditem|p2a: Muk|Assault Vest|[from] move: Knock Off|[of] p1a: Muk\n|move|p2a: Muk|Knock Off|p1a: Muk\n|-damage|p1a: Muk|126/321\n|\n|upkeep\n|turn|10\n|\n|t:|1717985082\n|move|p1a: Muk|Drain Punch|p2a: Muk\n|-damage|p2a: Muk|126/306\n|-heal|p1a: Muk|162/321|[from] drain|[of] p2a: Muk\n|move|p2a: Muk|Knock Off|p1a: Muk\n|-damage|p1a: Muk|87/321\n|\n|upkeep\n|turn|11\n|\n|t:|1717985085\n|move|p1a: Muk|Drain Punch|p2a: Muk\n|-damage|p2a: Muk|56/306\n|-heal|p1a: Muk|122/321|[from] drain|[of] p2a: Muk\n|move|p2a: Muk|Knock Off|p1a: Muk\n|-damage|p1a: Muk|40/321\n|\n|upkeep\n|turn|12\n|\n|t:|1717985090\n|move|p1a: Muk|Drain Punch|p2a: Muk\n|-damage|p2a: Muk|0 fnt\n|-heal|p1a: Muk|68/321|[from] drain|[of] p2a: Muk\n|faint|p2a: Muk\n|\n|upkeep\n|\n|t:|1717985093\n|switch|p2a: Zangoose|Zangoose, L86, F|266/266\n|turn|13\n|\n|t:|1717985098\n|move|p2a: Zangoose|Facade|p1a: Muk\n|-damage|p1a: Muk|0 fnt\n|faint|p1a: Muk\n|\n|-status|p2a: Zangoose|tox|[from] item: Toxic Orb\n|upkeep\n|\n|t:|1717985103\n|switch|p1a: Tauros|Tauros-Paldea-Combat, L83, M|260/260\n|-ability|p1a: Tauros|Intimidate|boost\n|-unboost|p2a: Zangoose|atk|1\n|turn|14\n|\n|t:|1717985115\n|switch|p2a: Grumpig|Grumpig, L92, M|297/297\n|move|p1a: Tauros|Close Combat|p2a: Grumpig\n|-resisted|p2a: Grumpig\n|-damage|p2a: Grumpig|182/297\n|-unboost|p1a: Tauros|def|1\n|-unboost|p1a: Tauros|spd|1\n|\n|upkeep\n|turn|15\n|\n|t:|1717985123\n|switch|p1a: Dondozo|Dondozo, L78, M|293/362 slp\n|move|p2a: Grumpig|Psyshock|p1a: Dondozo\n|-damage|p1a: Dondozo|202/362 slp\n|\n|-heal|p1a: Dondozo|224/362 slp|[from] item: Leftovers\n|upkeep\n|turn|16\n|\n|t:|1717985129\n|switch|p1a: Luvdisc|Luvdisc, F|247/247\n|move|p2a: Grumpig|Psyshock|p1a: Luvdisc\n|-damage|p1a: Luvdisc|135/247\n|\n|upkeep\n|turn|17\n|\n|t:|1717985133\n|move|p2a: Grumpig|Psyshock|p1a: Luvdisc\n|-damage|p1a: Luvdisc|20/247\n|move|p1a: Luvdisc|Endeavor|p2a: Grumpig\n|-damage|p2a: Grumpig|20/297\n|\n|upkeep\n|turn|18\n|\n|t:|1717985136\n|switch|p1a: Dondozo|Dondozo, L78, M|224/362 slp\n|move|p2a: Grumpig|Psyshock|p1a: Dondozo\n|-damage|p1a: Dondozo|137/362 slp\n|\n|-heal|p1a: Dondozo|159/362 slp|[from] item: Leftovers\n|upkeep\n|turn|19\n|\n|t:|1717985139\n|move|p2a: Grumpig|Psyshock|p1a: Dondozo\n|-damage|p1a: Dondozo|75/362 slp\n|cant|p1a: Dondozo|slp\n|move|p1a: Dondozo|Sleep Talk|p1a: Dondozo\n|move|p1a: Dondozo|Rest||[from]move: Sleep Talk|[still]\n|-fail|p1a: Dondozo\n|\n|-heal|p1a: Dondozo|97/362 slp|[from] item: Leftovers\n|upkeep\n|turn|20\n|\n|t:|1717985143\n|move|p2a: Grumpig|Psyshock|p1a: Dondozo\n|-damage|p1a: Dondozo|13/362 slp\n|cant|p1a: Dondozo|slp\n|move|p1a: Dondozo|Sleep Talk|p1a: Dondozo\n|move|p1a: Dondozo|Rest||[from]move: Sleep Talk|[still]\n|-fail|p1a: Dondozo\n|\n|-heal|p1a: Dondozo|35/362 slp|[from] item: Leftovers\n|upkeep\n|turn|21\n|\n|t:|1717985147\n|move|p2a: Grumpig|Psyshock|p1a: Dondozo\n|-damage|p1a: Dondozo|0 fnt\n|faint|p1a: Dondozo\n|\n|upkeep\n|\n|t:|1717985149\n|switch|p1a: Noctowl|Noctowl, L95, M|181/344\n|turn|22\n|j| hodiondo\n|\n|t:|1717985162\n|switch|p2a: Politoed|Politoed, L88, M|236/302\n|-weather|RainDance|[from] ability: Drizzle|[of] p2a: Politoed\n|move|p1a: Noctowl|Roost|p1a: Noctowl\n|-heal|p1a: Noctowl|344/344\n|-singleturn|p1a: Noctowl|move: Roost\n|\n|-weather|RainDance|[upkeep]\n|-heal|p2a: Politoed|254/302|[from] item: Leftovers\n|upkeep\n|turn|23\n|\n|t:|1717985169\n|move|p1a: Noctowl|Hurricane|p2a: Politoed\n|-damage|p2a: Politoed|136/302\n|-start|p2a: Politoed|confusion\n|-activate|p2a: Politoed|confusion\n|move|p2a: Politoed|Encore|p1a: Noctowl\n|-start|p1a: Noctowl|Encore\n|\n|-weather|RainDance|[upkeep]\n|-heal|p2a: Politoed|154/302|[from] item: Leftovers\n|upkeep\n|turn|24\n|\n|t:|1717985175\n|move|p1a: Noctowl|Hurricane|p2a: Politoed\n|-damage|p2a: Politoed|27/302\n|-end|p2a: Politoed|confusion\n|move|p2a: Politoed|Ice Beam|p1a: Noctowl\n|-supereffective|p1a: Noctowl\n|-damage|p1a: Noctowl|240/344\n|\n|-weather|RainDance|[upkeep]\n|-heal|p2a: Politoed|45/302|[from] item: Leftovers\n|upkeep\n|turn|25\n|\n|t:|1717985178\n|move|p1a: Noctowl|Hurricane|p2a: Politoed\n|-damage|p2a: Politoed|0 fnt\n|faint|p2a: Politoed\n|\n|-weather|RainDance|[upkeep]\n|upkeep\n|\n|t:|1717985183\n|switch|p2a: Zangoose|Zangoose, L86, F|266/266 tox\n|turn|26\n|\n|t:|1717985202\n|switch|p1a: Luvdisc|Luvdisc, F|20/247\n|move|p2a: Zangoose|Facade|p1a: Luvdisc\n|-damage|p1a: Luvdisc|0 fnt\n|faint|p1a: Luvdisc\n|\n|-weather|none\n|-damage|p2a: Zangoose|250/266 tox|[from] psn\n|upkeep\n|\n|t:|1717985206\n|switch|p1a: Tauros|Tauros-Paldea-Combat, L83, M|260/260\n|-ability|p1a: Tauros|Intimidate|boost\n|-unboost|p2a: Zangoose|atk|1\n|turn|27\n|\n|t:|1717985211\n|switch|p2a: Arbok|Arbok, L87, M|246/246\n|-ability|p2a: Arbok|Intimidate|boost\n|-unboost|p1a: Tauros|atk|1\n|move|p1a: Tauros|Close Combat|p2a: Arbok\n|-resisted|p2a: Arbok\n|-damage|p2a: Arbok|168/246\n|-unboost|p1a: Tauros|def|1\n|-unboost|p1a: Tauros|spd|1\n|\n|upkeep\n|turn|28\n|\n|t:|1717985217\n|switch|p1a: Infernape|Infernape, L82, F|259/259\n|move|p2a: Arbok|Gunk Shot|p1a: Infernape\n|-damage|p1a: Infernape|60/259\n|-damage|p2a: Arbok|144/246|[from] item: Life Orb\n|\n|upkeep\n|turn|29\n|\n|t:|1717985225\n|move|p2a: Arbok|Sucker Punch|p1a: Infernape\n|-resisted|p1a: Infernape\n|-damage|p1a: Infernape|18/259\n|-damage|p2a: Arbok|120/246|[from] item: Life Orb\n|move|p1a: Infernape|Overheat|p2a: Arbok\n|-damage|p2a: Arbok|0 fnt\n|-unboost|p1a: Infernape|spa|2\n|faint|p2a: Arbok\n|-damage|p1a: Infernape|0 fnt|[from] item: Life Orb\n|faint|p1a: Infernape\n|\n|upkeep\n|\n|t:|1717985235\n|switch|p1a: Tauros|Tauros-Paldea-Combat, L83, M|260/260\n|switch|p2a: Grumpig|Grumpig, L92, M|20/297\n|-ability|p1a: Tauros|Intimidate|boost\n|-unboost|p2a: Grumpig|atk|1\n|turn|30\n|\n|t:|1717985241\n|-terastallize|p1a: Tauros|Dark\n|move|p2a: Grumpig|Psyshock|p1a: Tauros\n|-immune|p1a: Tauros\n|move|p1a: Tauros|Close Combat|p2a: Grumpig\n|-resisted|p2a: Grumpig\n|-damage|p2a: Grumpig|0 fnt\n|-unboost|p1a: Tauros|def|1\n|-unboost|p1a: Tauros|spd|1\n|faint|p2a: Grumpig\n|\n|upkeep\n|\n|t:|1717985245\n|switch|p2a: Masquerain|Masquerain, L87, F|264/264\n|-ability|p2a: Masquerain|Intimidate|boost\n|-unboost|p1a: Tauros|atk|1\n|turn|31\n|\n|t:|1717985248\n|switch|p1a: Noctowl|Noctowl, L95, M|240/344\n|move|p2a: Masquerain|Quiver Dance|p2a: Masquerain\n|-boost|p2a: Masquerain|spa|1\n|-boost|p2a: Masquerain|spd|1\n|-boost|p2a: Masquerain|spe|1\n|\n|upkeep\n|turn|32\n|\n|t:|1717985263\n|-terastallize|p2a: Masquerain|Water\n|move|p2a: Masquerain|Hurricane|p1a: Noctowl|[miss]\n|-miss|p2a: Masquerain|p1a: Noctowl\n|move|p1a: Noctowl|Hurricane|p2a: Masquerain|[miss]\n|-miss|p1a: Noctowl|p2a: Masquerain\n|\n|upkeep\n|turn|33\n|\n|t:|1717985270\n|move|p2a: Masquerain|Hurricane|p1a: Noctowl\n|-crit|p1a: Noctowl\n|-damage|p1a: Noctowl|0 fnt\n|faint|p1a: Noctowl\n|\n|upkeep\n|\n|t:|1717985272\n|switch|p1a: Tauros|Tauros-Paldea-Combat, L83, M, tera:Dark|260/260\n|-ability|p1a: Tauros|Intimidate|boost\n|-unboost|p2a: Masquerain|atk|1\n|turn|34\n|\n|t:|1717985275\n|move|p2a: Masquerain|Bug Buzz|p1a: Tauros\n|-supereffective|p1a: Tauros\n|-damage|p1a: Tauros|0 fnt\n|faint|p1a: Tauros\n|\n|win|BillyFan302\n|raw|Kickasser's rating: 2321 &rarr; <strong>2298</strong><br />(-23 for losing)\n|raw|BillyFan302's rating: 2260 &rarr; <strong>2283</strong><br />(+23 for winning)\n", "inputlog": ">version e046c5ea766451ca9500a73fe72ec774e92e6f7e\n>start {\"formatid\":\"gen9randombattle\",\"seed\":[38422,14884,14835,60618],\"rated\":\"Rated battle\"}\n>player p1 {\"name\":\"Kickasser\",\"avatar\":\"acetrainer-gen3jp\",\"rating\":2321,\"seed\":[475,1311,35451,64527]}\n>player p2 {\"name\":\"BillyFan302\",\"avatar\":\"skier-gen2\",\"rating\":2260,\"seed\":[43702,487,19437,48026]}\n>p1 switch 2\n>p2 move gunkshot\n>p1 move wavecrash\n>p2 switch 6\n>p1 switch 4\n>p2 move hypnosis\n>p1 move whirlpool\n>p2 move encore\n>p1 switch 4\n>p2 move hypnosis\n>p1 switch 2\n>p2 move hydropump\n>p1 move hypervoice\n>p2 switch 6\n>p1 switch 6\n>p2 move knockoff\n>p1 move knockoff\n>p2 move knockoff\n>p1 move drainpunch\n>p2 move knockoff\n>p1 move drainpunch\n>p2 move knockoff\n>p1 move drainpunch\n>p2 move knockoff\n>p2 switch 3\n>p1 move drainpunch\n>p2 move facade\n>p1 switch 5\n>p1 move closecombat\n>p2 switch 5\n>p1 switch 2\n>p2 move psyshock\n>p1 switch 4\n>p2 move psyshock\n>p1 move endeavor\n>p2 move psyshock\n>p1 switch 4\n>p2 move psyshock\n>p1 move sleeptalk\n>p2 move psyshock\n>p1 move sleeptalk\n>p2 move psyshock\n>p1 move wavecrash\n>p2 move psyshock\n>p1 switch 6\n>p1 move roost\n>p2 switch 6\n>p1 move hurricane\n>p2 move encore\n>p1 move hurricane\n>p2 move icebeam\n>p1 move hurricane\n>p2 move icebeam\n>p2 switch 5\n>p1 switch 4\n>p2 move facade\n>p1 switch 2\n>p1 move closecombat\n>p2 switch 2\n>p1 switch 3\n>p2 move gunkshot\n>p1 move overheat\n>p2 move suckerpunch\n>p1 switch 3\n>p2 switch 6\n>p1 move closecombat terastallize\n>p2 move psyshock\n>p2 switch 4\n>p1 switch 4\n>p2 move quiverdance\n>p1 move hurricane\n>p2 move hurricane terastallize\n>p1 move hurricane\n>p2 move hurricane\n>p1 switch 4\n>p1 move closecombat\n>p2 move bugbuzz", "uploadtime": 1717985277, "views": 193, "formatid": "gen9randombattle", "rating": 2283, "private": 0, "password": null}