{"id": "gen9randombattle-2168184909", "format": "[Gen 9] Random Battle", "players": ["nocomment3", "RaisedByChaos"], "log": "|badge|p1|bronze|gen9randombattle|100-2\n|uhtml|medal-msg|<div class=\"broadcast-blue\">Curious what those medals under the avatar are? PS now has Ladder Seasons! For more information, check out the <a href=\"https://www.smogon.com/forums/threads/3740067/\">thread on Smogon.</a></div>\n|badge|p2|bronze|gen9randombattle|100-2\n|uhtml|medal-msg|<div class=\"broadcast-blue\">Curious what those medals under the avatar are? PS now has Ladder Seasons! For more information, check out the <a href=\"https://www.smogon.com/forums/threads/3740067/\">thread on Smogon.</a></div>\n|j|\u2606nocomment3\n|j|\u2606RaisedByChaos\n|t:|1722050314\n|gametype|singles\n|player|p1|nocomment3|102|2349\n|player|p2|RaisedByChaos|ingo|2376\n|teamsize|p1|6\n|teamsize|p2|6\n|gen|9\n|tier|[Gen 9] Random Battle\n|rated|\n|rule|Species Clause: Limit one of each Pok\u00e9mon\n|rule|HP Percentage Mod: HP is shown in percentages\n|rule|Sleep Clause Mod: Limit one foe put to sleep\n|rule|Illusion Level Mod: Illusion disguises the Pok\u00e9mon's true level\n|\n|t:|1722050314\n|start\n|switch|p1a: Annihilape|Annihilape, L76, M|292/292\n|switch|p2a: Ariados|Ariados, L95, M|287/287\n|turn|1\n|j| captaincuddles21\n|inactive|Battle timer is ON: inactive players will automatically lose when time's up. (requested by RaisedByChaos)\n|\n|t:|1722050327\n|switch|p1a: Talonflame|Talonflame, L84, M|268/268\n|move|p2a: Ariados|Sticky Web|p1a: Talonflame\n|-sidestart|p1: nocomment3|move: Sticky Web\n|\n|upkeep\n|turn|2\n|\n|t:|1722050330\n|switch|p2a: Hippowdon|Hippowdon, L82, M|311/311\n|-weather|Sandstorm|[from] ability: Sand Stream|[of] p2a: Hippowdon\n|move|p1a: Talonflame|Brave Bird|p2a: Hippowdon\n|-damage|p2a: Hippowdon|221/311\n|-damage|p1a: Talonflame|238/268|[from] Recoil\n|\n|-weather|Sandstorm|[upkeep]\n|-damage|p1a: Talonflame|222/268|[from] Sandstorm\n|-heal|p2a: Hippowdon|240/311|[from] item: Leftovers\n|upkeep\n|turn|3\n|\n|t:|1722050335\n|switch|p1a: Sinistcha|Sinistcha-Masterpiece, L83|254/254\n|-activate|p1a: Sinistcha|move: Sticky Web\n|-unboost|p1a: Sinistcha|spe|1\n|move|p2a: Hippowdon|Stealth Rock|p1a: Sinistcha\n|-sidestart|p1: nocomment3|move: Stealth Rock\n|\n|-weather|Sandstorm|[upkeep]\n|-damage|p1a: Sinistcha|239/254|[from] Sandstorm\n|-heal|p2a: Hippowdon|259/311|[from] item: Leftovers\n|-heal|p1a: Sinistcha|254/254|[from] item: Leftovers\n|upkeep\n|turn|4\n|\n|t:|1722050339\n|switch|p2a: Shaymin|Shaymin-Sky, L73|266/266\n|move|p1a: Sinistcha|Calm Mind|p1a: Sinistcha\n|-boost|p1a: Sinistcha|spa|1\n|-boost|p1a: Sinistcha|spd|1\n|\n|-weather|Sandstorm|[upkeep]\n|-damage|p2a: Shaymin|250/266|[from] Sandstorm\n|-damage|p1a: Sinistcha|239/254|[from] Sandstorm\n|-heal|p2a: Shaymin|266/266|[from] item: Leftovers\n|-heal|p1a: Sinistcha|254/254|[from] item: Leftovers\n|upkeep\n|turn|5\n|\n|t:|1722050342\n|move|p2a: Shaymin|Air Slash|p1a: Sinistcha\n|-supereffective|p1a: Sinistcha\n|-damage|p1a: Sinistcha|156/254\n|cant|p1a: Sinistcha|flinch\n|\n|-weather|Sandstorm|[upkeep]\n|-damage|p2a: Shaymin|250/266|[from] Sandstorm\n|-damage|p1a: Sinistcha|141/254|[from] Sandstorm\n|-heal|p2a: Shaymin|266/266|[from] item: Leftovers\n|-heal|p1a: Sinistcha|156/254|[from] item: Leftovers\n|upkeep\n|turn|6\n|\n|t:|1722050348\n|switch|p1a: Talonflame|Talonflame, L84, M|222/268\n|move|p2a: Shaymin|Air Slash|p1a: Talonflame\n|-damage|p1a: Talonflame|141/268\n|\n|-weather|none\n|upkeep\n|turn|7\n|\n|t:|1722050351\n|switch|p2a: Hippowdon|Hippowdon, L82, M|259/311\n|-weather|Sandstorm|[from] ability: Sand Stream|[of] p2a: Hippowdon\n|move|p1a: Talonflame|Defog|p2a: Hippowdon\n|-unboost|p2a: Hippowdon|evasion|1\n|-sideend|p1: nocomment3|Stealth Rock|[from] move: Defog|[of] p1a: Talonflame\n|-sideend|p1: nocomment3|Sticky Web|[from] move: Defog|[of] p1a: Talonflame\n|\n|-weather|Sandstorm|[upkeep]\n|-damage|p1a: Talonflame|125/268|[from] Sandstorm\n|-heal|p2a: Hippowdon|278/311|[from] item: Leftovers\n|upkeep\n|turn|8\n|\n|t:|1722050355\n|switch|p1a: Sinistcha|Sinistcha-Masterpiece, L83|156/254\n|move|p2a: Hippowdon|Whirlwind|p1a: Sinistcha\n|drag|p1a: Talonflame|Talonflame, L84, M|125/268\n|\n|-weather|Sandstorm|[upkeep]\n|-damage|p1a: Talonflame|109/268|[from] Sandstorm\n|-heal|p2a: Hippowdon|297/311|[from] item: Leftovers\n|upkeep\n|turn|9\n|\n|t:|1722050359\n|switch|p1a: Sinistcha|Sinistcha-Masterpiece, L83|156/254\n|move|p2a: Hippowdon|Stealth Rock|p1a: Sinistcha\n|-sidestart|p1: nocomment3|move: Stealth Rock\n|\n|-weather|Sandstorm|[upkeep]\n|-damage|p1a: Sinistcha|141/254|[from] Sandstorm\n|-heal|p1a: Sinistcha|156/254|[from] item: Leftovers\n|-heal|p2a: Hippowdon|311/311|[from] item: Leftovers\n|upkeep\n|turn|10\n|\n|t:|1722050363\n|switch|p2a: Shaymin|Shaymin-Sky, L73|266/266\n|move|p1a: Sinistcha|Strength Sap|p2a: Shaymin\n|-unboost|p2a: Shaymin|atk|1\n|-heal|p1a: Sinistcha|254/254\n|\n|-weather|Sandstorm|[upkeep]\n|-damage|p2a: Shaymin|250/266|[from] Sandstorm\n|-damage|p1a: Sinistcha|239/254|[from] Sandstorm\n|-heal|p2a: Shaymin|266/266|[from] item: Leftovers\n|-heal|p1a: Sinistcha|254/254|[from] item: Leftovers\n|upkeep\n|turn|11\n|\n|t:|1722050373\n|switch|p1a: Talonflame|Talonflame, L84, M|109/268\n|move|p2a: Shaymin|Substitute|p2a: Shaymin\n|-start|p2a: Shaymin|Substitute\n|-damage|p2a: Shaymin|200/266\n|\n|-weather|none\n|-heal|p2a: Shaymin|216/266|[from] item: Leftovers\n|upkeep\n|turn|12\n|\n|t:|1722050380\n|move|p1a: Talonflame|Roost|p1a: Talonflame\n|-heal|p1a: Talonflame|243/268\n|-singleturn|p1a: Talonflame|move: Roost\n|move|p2a: Shaymin|Air Slash|p1a: Talonflame\n|-damage|p1a: Talonflame|161/268\n|\n|-heal|p2a: Shaymin|232/266|[from] item: Leftovers\n|upkeep\n|turn|13\n|\n|t:|1722050384\n|move|p1a: Talonflame|Brave Bird|p2a: Shaymin\n|-supereffective|p2a: Shaymin\n|-end|p2a: Shaymin|Substitute\n|-damage|p1a: Talonflame|139/268|[from] Recoil|[of] p2a: Shaymin\n|move|p2a: Shaymin|Air Slash|p1a: Talonflame\n|-crit|p1a: Talonflame\n|-damage|p1a: Talonflame|6/268\n|\n|-heal|p2a: Shaymin|248/266|[from] item: Leftovers\n|upkeep\n|turn|14\n|\n|t:|1722050391\n|switch|p2a: Hippowdon|Hippowdon, L82, M|311/311\n|-weather|Sandstorm|[from] ability: Sand Stream|[of] p2a: Hippowdon\n|move|p1a: Talonflame|Roost|p1a: Talonflame\n|-heal|p1a: Talonflame|140/268\n|-singleturn|p1a: Talonflame|move: Roost\n|\n|-weather|Sandstorm|[upkeep]\n|-damage|p1a: Talonflame|124/268|[from] Sandstorm\n|upkeep\n|turn|15\n|\n|t:|1722050410\n|switch|p1a: Alomomola|Alomomola, L87, F|429/429\n|move|p2a: Hippowdon|Earthquake|p1a: Alomomola\n|-damage|p1a: Alomomola|311/429\n|\n|-weather|Sandstorm|[upkeep]\n|-damage|p1a: Alomomola|285/429|[from] Sandstorm\n|upkeep\n|turn|16\n|\n|t:|1722050414\n|switch|p2a: Tinkaton|Tinkaton, L82, F|274/274\n|-ability|p2a: Tinkaton|Mold Breaker\n|move|p1a: Alomomola|Flip Turn|p2a: Tinkaton\n|-damage|p2a: Tinkaton|211/274\n|\n|t:|1722050424\n|switch|p1a: Mewtwo|Mewtwo, L72|272/272|[from] Flip Turn\n|-ability|p1a: Mewtwo|Unnerve\n|-damage|p1a: Mewtwo|238/272|[from] Stealth Rock\n|\n|-weather|Sandstorm|[upkeep]\n|-damage|p1a: Mewtwo|221/272|[from] Sandstorm\n|-heal|p2a: Tinkaton|228/274|[from] item: Leftovers\n|upkeep\n|turn|17\n|\n|t:|1722050437\n|-terastallize|p2a: Tinkaton|Water\n|move|p1a: Mewtwo|Fire Blast|p2a: Tinkaton|[miss]\n|-miss|p1a: Mewtwo|p2a: Tinkaton\n|move|p2a: Tinkaton|Thunder Wave|p1a: Mewtwo\n|-status|p1a: Mewtwo|par\n|\n|-weather|Sandstorm|[upkeep]\n|-damage|p2a: Tinkaton|211/274|[from] Sandstorm\n|-damage|p1a: Mewtwo|204/272 par|[from] Sandstorm\n|-heal|p2a: Tinkaton|228/274|[from] item: Leftovers\n|upkeep\n|turn|18\n|\n|t:|1722050441\n|move|p2a: Tinkaton|Gigaton Hammer|p1a: Mewtwo\n|-damage|p1a: Mewtwo|48/272 par\n|move|p1a: Mewtwo|Psystrike|p2a: Tinkaton\n|-damage|p2a: Tinkaton|55/274\n|-damage|p1a: Mewtwo|21/272 par|[from] item: Life Orb\n|\n|-weather|none\n|-heal|p2a: Tinkaton|72/274|[from] item: Leftovers\n|upkeep\n|turn|19\n|\n|t:|1722050444\n|move|p2a: Tinkaton|Play Rough|p1a: Mewtwo\n|-damage|p1a: Mewtwo|0 fnt\n|faint|p1a: Mewtwo\n|\n|-heal|p2a: Tinkaton|89/274|[from] item: Leftovers\n|upkeep\n|j| rain of stars\n|\n|t:|1722050453\n|switch|p1a: Talonflame|Talonflame, L84, M|124/268\n|turn|20\n|\n|t:|1722050461\n|switch|p2a: Hippowdon|Hippowdon, L82, M|311/311\n|-weather|Sandstorm|[from] ability: Sand Stream|[of] p2a: Hippowdon\n|move|p1a: Talonflame|Brave Bird|p2a: Hippowdon\n|-damage|p2a: Hippowdon|212/311\n|-damage|p1a: Talonflame|91/268|[from] Recoil\n|\n|-weather|Sandstorm|[upkeep]\n|-damage|p1a: Talonflame|75/268|[from] Sandstorm\n|-heal|p2a: Hippowdon|231/311|[from] item: Leftovers\n|upkeep\n|turn|21\n|j| small sad eevee\n|\n|t:|1722050467\n|move|p1a: Talonflame|Defog|p2a: Hippowdon\n|-unboost|p2a: Hippowdon|evasion|1\n|-sideend|p1: nocomment3|Stealth Rock|[from] move: Defog|[of] p1a: Talonflame\n|move|p2a: Hippowdon|Earthquake|p1a: Talonflame\n|-immune|p1a: Talonflame\n|\n|-weather|Sandstorm|[upkeep]\n|-damage|p1a: Talonflame|59/268|[from] Sandstorm\n|-heal|p2a: Hippowdon|250/311|[from] item: Leftovers\n|upkeep\n|turn|22\n|\n|t:|1722050473\n|move|p1a: Talonflame|Overheat|p2a: Hippowdon\n|-damage|p2a: Hippowdon|124/311\n|-unboost|p1a: Talonflame|spa|2\n|move|p2a: Hippowdon|Earthquake|p1a: Talonflame\n|-immune|p1a: Talonflame\n|\n|-weather|Sandstorm|[upkeep]\n|-damage|p1a: Talonflame|43/268|[from] Sandstorm\n|-heal|p2a: Hippowdon|143/311|[from] item: Leftovers\n|upkeep\n|turn|23\n|\n|t:|1722050481\n|switch|p1a: Porygon-Z|Porygon-Z, L83|277/277\n|move|p2a: Hippowdon|Slack Off|p2a: Hippowdon\n|-heal|p2a: Hippowdon|299/311\n|\n|-weather|Sandstorm|[upkeep]\n|-damage|p1a: Porygon-Z|260/277|[from] Sandstorm\n|-heal|p2a: Hippowdon|311/311|[from] item: Leftovers\n|upkeep\n|turn|24\n|\n|t:|1722050486\n|switch|p2a: Spectrier|Spectrier, L75|274/274\n|move|p1a: Porygon-Z|Tera Blast|p2a: Spectrier\n|-immune|p2a: Spectrier\n|\n|-weather|none\n|upkeep\n|turn|25\n|c| small sad eevee|why so many ppl here?\n|c|\u2606RaisedByChaos|high elo\n|c| rain of stars|high elo\n|\n|t:|1722050511\n|move|p2a: Spectrier|Nasty Plot|p2a: Spectrier\n|-boost|p2a: Spectrier|spa|2\n|move|p1a: Porygon-Z|Agility|p1a: Porygon-Z\n|-boost|p1a: Porygon-Z|spe|2\n|\n|upkeep\n|turn|26\n|c| small sad eevee|ah\n|c| small sad eevee|makes sense\n|\n|t:|1722050520\n|move|p1a: Porygon-Z|Nasty Plot|p1a: Porygon-Z\n|-boost|p1a: Porygon-Z|spa|2\n|move|p2a: Spectrier|Draining Kiss|p1a: Porygon-Z\n|-damage|p1a: Porygon-Z|143/277\n|-damage|p2a: Spectrier|247/274|[from] item: Life Orb\n|\n|upkeep\n|turn|27\n|\n|t:|1722050527\n|switch|p2a: Hippowdon|Hippowdon, L82, M|311/311\n|-weather|Sandstorm|[from] ability: Sand Stream|[of] p2a: Hippowdon\n|move|p1a: Porygon-Z|Shadow Ball|p2a: Hippowdon\n|-damage|p2a: Hippowdon|82/311\n|-damage|p1a: Porygon-Z|116/277|[from] item: Life Orb\n|\n|-weather|Sandstorm|[upkeep]\n|-damage|p1a: Porygon-Z|99/277|[from] Sandstorm\n|-heal|p2a: Hippowdon|101/311|[from] item: Leftovers\n|upkeep\n|turn|28\n|\n|t:|1722050543\n|move|p1a: Porygon-Z|Tera Blast|p2a: Hippowdon\n|-damage|p2a: Hippowdon|0 fnt\n|faint|p2a: Hippowdon\n|-damage|p1a: Porygon-Z|72/277|[from] item: Life Orb\n|\n|-weather|Sandstorm|[upkeep]\n|-damage|p1a: Porygon-Z|55/277|[from] Sandstorm\n|upkeep\n|inactive|RaisedByChaos has 120 seconds left.\n|\n|t:|1722050564\n|switch|p2a: Ariados|Ariados, L95, M|287/287\n|turn|29\n|\n|t:|1722050570\n|move|p1a: Porygon-Z|Tera Blast|p2a: Ariados\n|-enditem|p2a: Ariados|Focus Sash\n|-damage|p2a: Ariados|1/287\n|-damage|p1a: Porygon-Z|28/277|[from] item: Life Orb\n|move|p2a: Ariados|Knock Off|p1a: Porygon-Z\n|-damage|p1a: Porygon-Z|0 fnt\n|-enditem|p1a: Porygon-Z|Life Orb|[from] move: Knock Off|[of] p2a: Ariados\n|faint|p1a: Porygon-Z\n|\n|-weather|Sandstorm|[upkeep]\n|-damage|p2a: Ariados|0 fnt|[from] Sandstorm\n|faint|p2a: Ariados\n|upkeep\n|\n|t:|1722050590\n|switch|p1a: Alomomola|Alomomola, L87, F|428/429\n|switch|p2a: Miraidon|Miraidon, L65|238/238\n|-fieldstart|move: Electric Terrain|[from] ability: Hadron Engine|[of] p2a: Miraidon\n|turn|30\n|c| small sad eevee|should webbed imo\n|\n|t:|1722050600\n|move|p1a: Alomomola|Protect|p1a: Alomomola\n|-singleturn|p1a: Alomomola|Protect\n|move|p2a: Miraidon|Volt Switch|p1a: Alomomola\n|-activate|p1a: Alomomola|move: Protect\n|\n|-weather|Sandstorm|[upkeep]\n|-damage|p2a: Miraidon|224/238|[from] Sandstorm\n|-damage|p1a: Alomomola|402/429|[from] Sandstorm\n|upkeep\n|turn|31\n|c|\u2606RaisedByChaos|if you're gonna backseat kindly leave\n|c| small sad eevee|mb\n|\n|t:|1722050616\n|move|p2a: Miraidon|Volt Switch|p1a: Alomomola\n|-supereffective|p1a: Alomomola\n|-damage|p1a: Alomomola|0 fnt\n|faint|p1a: Alomomola\n|c|\u2606RaisedByChaos|because that play would've been horrid\n|c| rain of stars|It was sarcasm right\n|c| small sad eevee|i see now cuz of annihilape lol\n|\n|t:|1722050633\n|switch|p2a: Tinkaton|Tinkaton, L82, F, tera:Water|89/274|[from] Volt Switch\n|-ability|p2a: Tinkaton|Mold Breaker\n|\n|-weather|none\n|-heal|p2a: Tinkaton|106/274|[from] item: Leftovers\n|upkeep\n|c|\u2606RaisedByChaos|my whole team outspeeds their team\n|c|\u2606RaisedByChaos|except for the AIRBORNE talonflame\n|inactive|nocomment3 has 120 seconds left.\n|\n|t:|1722050656\n|switch|p1a: Talonflame|Talonflame, L84, M|43/268\n|turn|32\n|\n|t:|1722050662\n|switch|p2a: Miraidon|Miraidon, L65|224/238\n|-activate|p2a: Miraidon|ability: Hadron Engine\n|move|p1a: Talonflame|Brave Bird|p2a: Miraidon\n|-resisted|p2a: Miraidon\n|-crit|p2a: Miraidon\n|-damage|p2a: Miraidon|130/238\n|-damage|p1a: Talonflame|12/268|[from] Recoil\n|\n|upkeep\n|turn|33\n|c| small sad eevee|i\u2019m 9th on the ladder i know what i\u2019m talking about lol\n|\n|t:|1722050675\n|-terastallize|p1a: Talonflame|Ground\n|move|p1a: Talonflame|Roost|p1a: Talonflame\n|-heal|p1a: Talonflame|146/268\n|move|p2a: Miraidon|Volt Switch|p1a: Talonflame\n|-immune|p1a: Talonflame\n|\n|upkeep\n|turn|34\n|\n|t:|1722050681\n|switch|p2a: Spectrier|Spectrier, L75|247/274\n|move|p1a: Talonflame|Brave Bird|p2a: Spectrier\n|-damage|p2a: Spectrier|81/274\n|-damage|p1a: Talonflame|91/268|[from] Recoil\n|\n|-fieldend|move: Electric Terrain\n|upkeep\n|turn|35\n|c|\u2606RaisedByChaos|ah thought you'd be tera dragon\n|\n|t:|1722050704\n|move|p1a: Talonflame|Overheat|p2a: Spectrier\n|-damage|p2a: Spectrier|0 fnt\n|-unboost|p1a: Talonflame|spa|2\n|faint|p2a: Spectrier\n|\n|upkeep\n|\n|t:|1722050706\n|switch|p2a: Miraidon|Miraidon, L65|130/238\n|-fieldstart|move: Electric Terrain|[from] ability: Hadron Engine|[of] p2a: Miraidon\n|turn|36\n|\n|t:|1722050714\n|switch|p1a: Annihilape|Annihilape, L76, M|292/292\n|move|p2a: Miraidon|Draco Meteor|p1a: Annihilape|[miss]\n|-miss|p2a: Miraidon|p1a: Annihilape\n|\n|upkeep\n|turn|37\n|\n|t:|1722050722\n|switch|p2a: Shaymin|Shaymin-Sky, L73|248/266\n|move|p1a: Annihilape|Gunk Shot|p2a: Shaymin|[miss]\n|-miss|p1a: Annihilape|p2a: Shaymin\n|\n|-heal|p2a: Shaymin|264/266|[from] item: Leftovers\n|upkeep\n|turn|38\n|\n|t:|1722050728\n|move|p2a: Shaymin|Substitute|p2a: Shaymin\n|-start|p2a: Shaymin|Substitute\n|-damage|p2a: Shaymin|198/266\n|move|p1a: Annihilape|Gunk Shot|p2a: Shaymin|[miss]\n|-miss|p1a: Annihilape|p2a: Shaymin\n|\n|-heal|p2a: Shaymin|214/266|[from] item: Leftovers\n|upkeep\n|turn|39\n|c| small sad eevee|oof\n|\n|t:|1722050732\n|move|p2a: Shaymin|Leech Seed|p1a: Annihilape\n|-start|p1a: Annihilape|move: Leech Seed\n|move|p1a: Annihilape|Gunk Shot|p2a: Shaymin|[miss]\n|-miss|p1a: Annihilape|p2a: Shaymin\n|\n|-heal|p2a: Shaymin|230/266|[from] item: Leftovers\n|-damage|p1a: Annihilape|256/292|[from] Leech Seed|[of] p2a: Shaymin\n|-heal|p2a: Shaymin|266/266|[silent]\n|upkeep\n|turn|40\n|c| rain of stars|o-o\n|c| small sad eevee|wtf\n|c| rain of stars|the triple\n|\n|t:|1722050753\n|move|p2a: Shaymin|Air Slash|p1a: Annihilape\n|-supereffective|p1a: Annihilape\n|-damage|p1a: Annihilape|92/292\n|cant|p1a: Annihilape|flinch\n|\n|-heal|p1a: Annihilape|110/292|[from] item: Leftovers\n|-damage|p1a: Annihilape|74/292|[from] Leech Seed|[of] p2a: Shaymin\n|-fieldend|move: Electric Terrain\n|upkeep\n|turn|41\n|c| small sad eevee|odds of three 20% misses happening?\n|\n|t:|1722050758\n|move|p2a: Shaymin|Air Slash|p1a: Annihilape\n|-supereffective|p1a: Annihilape\n|-damage|p1a: Annihilape|0 fnt\n|faint|p1a: Annihilape\n|\n|upkeep\n|c|\u2606RaisedByChaos|1/5^3\n|c|\u2606RaisedByChaos|1/125\n|c| rain of stars|0.2^3\n|c| small sad eevee|OMG lol\n|c|\u2606nocomment3|Shit luck is shit luck\n|c|\u2606RaisedByChaos|dont use decimal for probability\n|inactive|nocomment3 has 120 seconds left.\n|c|\u2606RaisedByChaos|also tbf i missed the draco for 2ko\n|c|\u2606nocomment3|no matter how little I play it won\u2019t improve\n|c|\u2606nocomment3|ive gotten used to it\n|c|\u2606nocomment3|gg\n|c|\u2606RaisedByChaos|gg\n|-message|nocomment3 forfeited.\n|\n|win|RaisedByChaos\n|raw|nocomment3's rating: 2349 &rarr; <strong>2329</strong><br />(-20 for losing)\n|raw|RaisedByChaos's rating: 2350 &rarr; <strong>2370</strong><br />(+20 for winning)\n|l|\u2606nocomment3\n|player|p1|\n|l|\u2606RaisedByChaos\n|player|p2|\n|c| rain of stars|you can describe probability as a percentage lol\n|l| small sad eevee\n|l| captaincuddles21\n|j| small sad eevee\n", "inputlog": ">version 3c8c0ba6a3441824201ce9f0cf68dcc094963845\n>start {\"formatid\":\"gen9randombattle\",\"seed\":[7443,11786,53654,58792],\"rated\":\"Rated battle\"}\n>player p1 {\"name\":\"nocomment3\",\"avatar\":\"102\",\"rating\":2349,\"seed\":[57227,11221,2248,38653]}\n>player p2 {\"name\":\"RaisedByChaos\",\"avatar\":\"ingo\",\"rating\":2376,\"seed\":[42483,29676,4302,14645]}\n>p1 switch 4\n>p2 move stickyweb\n>p1 move bravebird\n>p2 switch 2\n>p1 switch 6\n>p2 move stealthrock\n>p1 move calmmind\n>p2 switch 4\n>p1 move shadowball\n>p2 move airslash\n>p1 switch 6\n>p2 move airslash\n>p1 move defog\n>p2 switch 4\n>p1 switch 6\n>p2 move whirlwind\n>p1 switch 6\n>p2 move stealthrock\n>p1 move strengthsap\n>p2 switch 4\n>p1 switch 6\n>p2 move substitute\n>p1 move roost\n>p2 move airslash\n>p1 move bravebird\n>p2 move airslash\n>p1 move roost\n>p2 switch 4\n>p1 switch 5\n>p2 move earthquake\n>p1 move flipturn\n>p2 switch 3\n>p1 switch 3\n>p1 move fireblast\n>p2 move thunderwave terastallize\n>p1 move psystrike\n>p2 move gigatonhammer\n>p1 move psystrike\n>p2 move playrough\n>p1 switch 5\n>p1 move bravebird\n>p2 switch 3\n>p1 move defog\n>p2 move earthquake\n>p1 move overheat\n>p2 move earthquake\n>p1 switch 2\n>p2 move slackoff\n>p1 move terablast\n>p2 switch 5\n>chat  small sad eevee|why so many ppl here?\n>chat \u2606RaisedByChaos|high elo\n>chat  rain of stars|high elo\n>p1 move agility\n>p2 move nastyplot\n>chat  small sad eevee|ah\n>chat  small sad eevee|makes sense\n>p1 move nastyplot\n>p2 move drainingkiss\n>p1 move shadowball\n>p2 switch 5\n>p1 move terablast\n>p2 move stealthrock\n>p2 switch 2\n>p1 move terablast\n>p2 move knockoff\n>p1 switch 3\n>p2 switch 6\n>chat  small sad eevee|should webbed imo\n>p1 move protect\n>p2 move voltswitch\n>chat \u2606RaisedByChaos|if you're gonna backseat kindly leave\n>chat  small sad eevee|mb\n>p1 move flipturn\n>p2 move voltswitch\n>chat \u2606RaisedByChaos|because that play would've been horrid\n>chat  rain of stars|It was sarcasm right\n>chat  small sad eevee|i see now cuz of annihilape lol\n>p2 switch 3\n>chat \u2606RaisedByChaos|my whole team outspeeds their team\n>chat \u2606RaisedByChaos|except for the AIRBORNE talonflame\n>p1 switch 2\n>p1 move bravebird\n>p2 switch 3\n>chat  small sad eevee|i\u2019m 9th on the ladder i know what i\u2019m talking about lol\n>p1 move roost terastallize\n>p2 move voltswitch\n>p1 move bravebird\n>p2 switch 5\n>chat \u2606RaisedByChaos|ah thought you'd be tera dragon\n>p1 move overheat\n>p2 move shadowball\n>p2 switch 5\n>p1 switch 4\n>p2 move dracometeor\n>p1 move gunkshot\n>p2 switch 4\n>p1 move gunkshot\n>p2 move substitute\n>chat  small sad eevee|oof\n>p1 move gunkshot\n>p2 move leechseed\n>chat  rain of stars|o-o\n>chat  small sad eevee|wtf\n>chat  rain of stars|the triple\n>p1 move gunkshot\n>p2 move airslash\n>chat  small sad eevee|odds of three 20% misses happening?\n>p1 move gunkshot\n>p2 move airslash\n>chat \u2606RaisedByChaos|1/5^3\n>chat \u2606RaisedByChaos|1/125\n>chat  rain of stars|0.2^3\n>chat  small sad eevee|OMG lol\n>chat \u2606nocomment3|Shit luck is shit luck\n>chat \u2606RaisedByChaos|dont use decimal for probability\n>chat \u2606RaisedByChaos|also tbf i missed the draco for 2ko\n>chat \u2606nocomment3|no matter how little I play it won\u2019t improve\n>chat \u2606nocomment3|ive gotten used to it\n>chat \u2606nocomment3|gg\n>chat \u2606RaisedByChaos|gg\n>forcelose p1", "uploadtime": 1722051567, "views": 169, "formatid": "gen9randombattle", "rating": 2329, "private": 0, "password": null}