{"id": "gen9randombattle-2260665167", "format": "[Gen 9] Random Battle", "players": ["GumCungler", "Thickle"], "log": "|j|\u2606GumCungler\n|j|\u2606Thickle\n|t:|1733875688\n|gametype|singles\n|player|p1|GumCungler|265|\n|player|p2|Thickle|brock|\n|teamsize|p1|6\n|teamsize|p2|6\n|gen|9\n|tier|[Gen 9] Random Battle\n|rule|Species Clause: Limit one of each Pok\u00e9mon\n|rule|HP Percentage Mod: HP is shown in percentages\n|rule|Sleep Clause Mod: Limit one foe put to sleep\n|rule|Illusion Level Mod: Illusion disguises the Pok\u00e9mon's true level\n|\n|t:|1733875688\n|start\n|switch|p1a: Electivire|Electivire, L84, M|263/263\n|switch|p2a: Gliscor|Gliscor, L76, M|239/239\n|turn|1\n|\n|t:|1733875708\n|move|p1a: Electivire|Ice Punch|p2a: Gliscor\n|-supereffective|p2a: Gliscor\n|-damage|p2a: Gliscor|0 fnt\n|faint|p2a: Gliscor\n|-damage|p1a: Electivire|237/263|[from] item: Life Orb\n|\n|upkeep\n|\n|t:|1733875739\n|switch|p2a: Morpeko|Morpeko, L88, M|245/245\n|turn|2\n|\n|t:|1733875756\n|move|p2a: Morpeko|Knock Off|p1a: Electivire\n|-damage|p1a: Electivire|96/263\n|-enditem|p1a: Electivire|Life Orb|[from] move: Knock Off|[of] p2a: Morpeko\n|move|p1a: Electivire|Earthquake|p2a: Morpeko\n|-supereffective|p2a: Morpeko\n|-damage|p2a: Morpeko|19/245\n|\n|-heal|p2a: Morpeko|34/245|[from] item: Leftovers\n|-formechange|p2a: Morpeko|Morpeko-Hangry||[from] ability: Hunger Switch\n|upkeep\n|turn|3\n|\n|t:|1733875779\n|switch|p1a: Gholdengo|Gholdengo, L77|261/261\n|move|p2a: Morpeko|Aura Wheel|p1a: Gholdengo\n|-supereffective|p1a: Gholdengo\n|-damage|p1a: Gholdengo|0 fnt\n|-boost|p2a: Morpeko|spe|1\n|faint|p1a: Gholdengo\n|\n|-heal|p2a: Morpeko|49/245|[from] item: Leftovers\n|-formechange|p2a: Morpeko|Morpeko||[from] ability: Hunger Switch\n|upkeep\n|\n|t:|1733875795\n|switch|p1a: Breloom|Breloom, L82, F|233/233\n|turn|4\n|\n|t:|1733875805\n|move|p1a: Breloom|Mach Punch|p2a: Morpeko\n|-supereffective|p2a: Morpeko\n|-damage|p2a: Morpeko|0 fnt\n|faint|p2a: Morpeko\n|-damage|p1a: Breloom|210/233|[from] item: Life Orb\n|\n|upkeep\n|\n|t:|1733875820\n|switch|p2a: Pecharunt|Pecharunt, L77|262/262\n|turn|5\n|\n|t:|1733875829\n|move|p2a: Pecharunt|Malignant Chain|p1a: Breloom\n|-supereffective|p1a: Breloom\n|-crit|p1a: Breloom\n|-damage|p1a: Breloom|0 fnt\n|faint|p1a: Breloom\n|\n|upkeep\n|\n|t:|1733875836\n|switch|p1a: Electivire|Electivire, L84, M|96/263\n|turn|6\n|\n|t:|1733875856\n|move|p1a: Electivire|Supercell Slam|p2a: Pecharunt\n|-damage|p2a: Pecharunt|181/262\n|move|p2a: Pecharunt|Malignant Chain|p1a: Electivire\n|-damage|p1a: Electivire|17/263\n|-status|p1a: Electivire|tox\n|-start|p1a: Electivire|confusion|[from] ability: Poison Puppeteer|[of] p2a: Pecharunt\n|\n|-heal|p2a: Pecharunt|197/262|[from] item: Leftovers\n|-damage|p1a: Electivire|1/263 tox|[from] psn\n|upkeep\n|turn|7\n|\n|t:|1733875871\n|-activate|p1a: Electivire|confusion\n|move|p1a: Electivire|Ice Punch|p2a: Pecharunt\n|-damage|p2a: Pecharunt|155/262\n|move|p2a: Pecharunt|Recover|p2a: Pecharunt\n|-heal|p2a: Pecharunt|262/262\n|\n|-damage|p1a: Electivire|0 fnt|[from] psn\n|faint|p1a: Electivire\n|upkeep\n|\n|t:|1733875898\n|switch|p1a: Reuniclus|Reuniclus, L88, M|337/337\n|turn|8\n|\n|t:|1733875907\n|move|p2a: Pecharunt|Shadow Ball|p1a: Reuniclus\n|-supereffective|p1a: Reuniclus\n|-damage|p1a: Reuniclus|203/337\n|move|p1a: Reuniclus|Calm Mind|p1a: Reuniclus\n|-boost|p1a: Reuniclus|spa|1\n|-boost|p1a: Reuniclus|spd|1\n|\n|upkeep\n|turn|9\n|\n|t:|1733875948\n|move|p2a: Pecharunt|Nasty Plot|p2a: Pecharunt\n|-boost|p2a: Pecharunt|spa|2\n|move|p1a: Reuniclus|Psyshock|p2a: Pecharunt\n|-supereffective|p2a: Pecharunt\n|-damage|p2a: Pecharunt|0 fnt\n|faint|p2a: Pecharunt\n|\n|upkeep\n|\n|t:|1733875968\n|switch|p2a: Eelektross|Eelektross, L87, F|290/290\n|turn|10\n|\n|t:|1733876009\n|-terastallize|p1a: Reuniclus|Steel\n|move|p1a: Reuniclus|Focus Blast|p2a: Eelektross\n|-crit|p2a: Eelektross\n|-damage|p2a: Eelektross|77/290\n|move|p2a: Eelektross|Dragon Tail|p1a: Reuniclus\n|-resisted|p1a: Reuniclus\n|-damage|p1a: Reuniclus|176/337\n|drag|p1a: Wyrdeer|Wyrdeer, L87, F|321/321\n|-ability|p1a: Wyrdeer|Intimidate|boost\n|-unboost|p2a: Eelektross|atk|1\n|\n|upkeep\n|turn|11\n|\n|t:|1733876038\n|move|p1a: Wyrdeer|Megahorn|p2a: Eelektross\n|-damage|p2a: Eelektross|0 fnt\n|faint|p2a: Eelektross\n|\n|upkeep\n|\n|t:|1733876048\n|switch|p2a: Hitmonlee|Hitmonlee, L85, M|224/224\n|turn|12\n|\n|t:|1733876066\n|move|p2a: Hitmonlee|Knock Off|p1a: Wyrdeer\n|-supereffective|p1a: Wyrdeer\n|-damage|p1a: Wyrdeer|143/321\n|-enditem|p1a: Wyrdeer|Leftovers|[from] move: Knock Off|[of] p2a: Hitmonlee\n|move|p1a: Wyrdeer|Psychic Noise|p2a: Hitmonlee\n|-supereffective|p2a: Hitmonlee\n|-damage|p2a: Hitmonlee|86/224\n|-start|p2a: Hitmonlee|move: Heal Block\n|\n|upkeep\n|turn|13\n|\n|t:|1733876083\n|move|p2a: Hitmonlee|Close Combat|p1a: Wyrdeer\n|-damage|p1a: Wyrdeer|0 fnt\n|-unboost|p2a: Hitmonlee|def|1\n|-unboost|p2a: Hitmonlee|spd|1\n|-enditem|p2a: Hitmonlee|White Herb\n|-clearnegativeboost|p2a: Hitmonlee|[silent]\n|faint|p1a: Wyrdeer\n|\n|-end|p2a: Hitmonlee|move: Heal Block\n|upkeep\n|\n|t:|1733876091\n|switch|p1a: Reuniclus|Reuniclus, L88, M, tera:Steel|176/337\n|turn|14\n|\n|t:|1733876098\n|move|p2a: Hitmonlee|Close Combat|p1a: Reuniclus\n|-supereffective|p1a: Reuniclus\n|-damage|p1a: Reuniclus|0 fnt\n|-unboost|p2a: Hitmonlee|def|1\n|-unboost|p2a: Hitmonlee|spd|1\n|faint|p1a: Reuniclus\n|\n|upkeep\n|\n|t:|1733876104\n|switch|p1a: Leafeon|Leafeon, L88, F|258/258\n|turn|15\n|\n|t:|1733876128\n|move|p2a: Hitmonlee|Close Combat|p1a: Leafeon\n|-damage|p1a: Leafeon|144/258\n|-unboost|p2a: Hitmonlee|def|1\n|-unboost|p2a: Hitmonlee|spd|1\n|move|p1a: Leafeon|Leaf Blade|p2a: Hitmonlee\n|-crit|p2a: Hitmonlee\n|-damage|p2a: Hitmonlee|0 fnt\n|faint|p2a: Hitmonlee\n|\n|-heal|p1a: Leafeon|160/258|[from] item: Leftovers\n|upkeep\n|\n|t:|1733876138\n|switch|p2a: Breloom|Breloom, L82, F|233/233\n|turn|16\n|\n|t:|1733876145\n|move|p1a: Leafeon|Substitute|p1a: Leafeon\n|-start|p1a: Leafeon|Substitute\n|-damage|p1a: Leafeon|96/258\n|move|p2a: Breloom|Swords Dance|p2a: Breloom\n|-boost|p2a: Breloom|atk|2\n|\n|-heal|p1a: Leafeon|112/258|[from] item: Leftovers\n|upkeep\n|turn|17\n|\n|t:|1733876152\n|move|p2a: Breloom|Mach Punch|p1a: Leafeon\n|-end|p1a: Leafeon|Substitute\n|-damage|p2a: Breloom|210/233|[from] item: Life Orb\n|move|p1a: Leafeon|Swords Dance|p1a: Leafeon\n|-boost|p1a: Leafeon|atk|2\n|\n|-heal|p1a: Leafeon|128/258|[from] item: Leftovers\n|upkeep\n|turn|18\n|\n|t:|1733876161\n|-terastallize|p2a: Breloom|Fighting\n|move|p2a: Breloom|Mach Punch|p1a: Leafeon\n|-damage|p1a: Leafeon|0 fnt\n|faint|p1a: Leafeon\n|-damage|p2a: Breloom|187/233|[from] item: Life Orb\n|\n|win|Thickle\n", "inputlog": ">version bfd83cad13791eb5a5a409923076391caf6fb4d4\n>start {\"formatid\":\"gen9randombattle\",\"seed\":[58826,31361,38061,62385]}\n>player p1 {\"name\":\"GumCungler\",\"avatar\":\"265\",\"rating\":0,\"seed\":[46749,52641,60719,54752]}\n>player p2 {\"name\":\"Thickle\",\"avatar\":\"brock\",\"rating\":0,\"seed\":[50327,64386,48662,34196]}\n>p1 move icepunch\n>p2 move substitute\n>p2 switch 3\n>p1 move earthquake\n>p2 move knockoff\n>p1 switch 4\n>p2 move aurawheel\n>p1 switch 3\n>p1 move machpunch\n>p2 move knockoff\n>p2 switch 4\n>p1 move spore\n>p2 move malignantchain\n>p1 switch 4\n>p1 move supercellslam\n>p2 move malignantchain\n>p1 move icepunch\n>p2 move recover\n>p1 switch 5\n>p1 move calmmind\n>p2 move shadowball\n>p1 move psyshock\n>p2 move nastyplot\n>p2 switch 2\n>p1 move focusblast terastallize\n>p2 move dragontail\n>p1 move megahorn\n>p2 move uturn\n>p2 switch 5\n>p1 move psychicnoise\n>p2 move knockoff\n>p1 move thunderwave\n>p2 move closecombat\n>p1 switch 2\n>p1 move psyshock\n>p2 move closecombat\n>p1 switch 6\n>p1 move leafblade\n>p2 move closecombat\n>p2 switch 6\n>p1 move substitute\n>p2 move swordsdance\n>p1 move swordsdance\n>p2 move machpunch\n>p1 move doubleedge\n>p2 move machpunch terastallize", "uploadtime": 1733876172, "views": 2, "formatid": "gen9randombattle", "rating": null, "private": 0, "password": null}