{"id": "gen9randombattle-2229963096", "format": "[Gen 9] Random Battle", "players": ["GerikFPSB", "Flights of Fantsy"], "log": "|badge|p2|silver|gen9randombattle|30-3\n|uhtml|medal-msg|<div class=\"broadcast-blue\">Curious what those medals under the avatar are? PS now has Ladder Seasons! For more information, check out the <a href=\"https://www.smogon.com/forums/threads/3740067/\">thread on Smogon.</a></div>\n|j|\u2606GerikFPSB\n|j|\u2606Flights of Fantsy\n|t:|1729781183\n|gametype|singles\n|player|p1|GerikFPSB|mars|2237\n|player|p2|Flights of Fantsy|#wcor2023benelux|2360\n|teamsize|p1|6\n|teamsize|p2|6\n|gen|9\n|tier|[Gen 9] Random Battle\n|rated|\n|rule|Species Clause: Limit one of each Pok\u00e9mon\n|rule|HP Percentage Mod: HP is shown in percentages\n|rule|Sleep Clause Mod: Limit one foe put to sleep\n|rule|Illusion Level Mod: Illusion disguises the Pok\u00e9mon's true level\n|\n|t:|1729781183\n|start\n|switch|p1a: Toxtricity|Toxtricity, L82, M|257/257\n|switch|p2a: Rhyperior|Rhyperior, L82, F|323/323\n|turn|1\n|inactive|Battle timer is ON: inactive players will automatically lose when time's up. (requested by Flights of Fantsy)\n|\n|t:|1729781205\n|switch|p1a: Cramorant|Cramorant, L86, F|261/261\n|move|p2a: Rhyperior|Megahorn|p1a: Cramorant\n|-resisted|p1a: Cramorant\n|-damage|p1a: Cramorant|190/261\n|\n|upkeep\n|turn|2\n|j| SANSAI\n|\n|t:|1729781216\n|switch|p2a: Slowbro|Slowbro, L85, F|300/300\n|move|p1a: Cramorant|Surf|p2a: Slowbro\n|-formechange|p1a: Cramorant|Cramorant-Gulping|\n|-resisted|p2a: Slowbro\n|-damage|p2a: Slowbro|253/300\n|\n|-heal|p2a: Slowbro|271/300|[from] item: Leftovers\n|upkeep\n|turn|3\n|\n|t:|1729781226\n|switch|p1a: Zapdos|Zapdos, L78|268/268\n|move|p2a: Slowbro|Iron Defense|p2a: Slowbro\n|-boost|p2a: Slowbro|def|2\n|\n|-heal|p2a: Slowbro|289/300|[from] item: Leftovers\n|upkeep\n|turn|4\n|\n|t:|1729781236\n|move|p1a: Zapdos|U-turn|p2a: Slowbro\n|-supereffective|p2a: Slowbro\n|-damage|p2a: Slowbro|255/300\n|\n|t:|1729781241\n|switch|p1a: Sableye|Sableye, L90, M|236/236|[from] U-turn\n|move|p2a: Slowbro|Scald|p1a: Sableye\n|-damage|p1a: Sableye|122/236\n|\n|-heal|p1a: Sableye|136/236|[from] item: Leftovers\n|-heal|p2a: Slowbro|273/300|[from] item: Leftovers\n|upkeep\n|turn|5\n|\n|t:|1729781252\n|move|p1a: Sableye|Knock Off|p2a: Slowbro\n|-supereffective|p2a: Slowbro\n|-damage|p2a: Slowbro|187/300\n|-enditem|p2a: Slowbro|Leftovers|[from] move: Knock Off|[of] p1a: Sableye\n|move|p2a: Slowbro|Scald|p1a: Sableye\n|-damage|p1a: Sableye|37/236\n|\n|-heal|p1a: Sableye|51/236|[from] item: Leftovers\n|upkeep\n|turn|6\n|\n|t:|1729781258\n|move|p1a: Sableye|Recover|p1a: Sableye\n|-heal|p1a: Sableye|169/236\n|move|p2a: Slowbro|Scald|p1a: Sableye\n|-damage|p1a: Sableye|58/236\n|\n|-heal|p1a: Sableye|72/236|[from] item: Leftovers\n|upkeep\n|turn|7\n|\n|t:|1729781263\n|move|p1a: Sableye|Recover|p1a: Sableye\n|-heal|p1a: Sableye|190/236\n|move|p2a: Slowbro|Scald|p1a: Sableye\n|-damage|p1a: Sableye|81/236\n|\n|-heal|p1a: Sableye|95/236|[from] item: Leftovers\n|upkeep\n|turn|8\n|\n|t:|1729781265\n|move|p1a: Sableye|Recover|p1a: Sableye\n|-heal|p1a: Sableye|213/236\n|move|p2a: Slowbro|Scald|p1a: Sableye\n|-damage|p1a: Sableye|113/236\n|-status|p1a: Sableye|brn\n|\n|-heal|p1a: Sableye|127/236 brn|[from] item: Leftovers\n|-damage|p1a: Sableye|113/236 brn|[from] brn\n|upkeep\n|turn|9\n|\n|t:|1729781267\n|switch|p1a: Zapdos|Zapdos, L78|268/268\n|move|p2a: Slowbro|Scald|p1a: Zapdos\n|-damage|p1a: Zapdos|168/268\n|-status|p1a: Zapdos|brn\n|\n|-damage|p1a: Zapdos|152/268 brn|[from] brn\n|upkeep\n|turn|10\n|\n|t:|1729781271\n|switch|p2a: Rhyperior|Rhyperior, L82, F|323/323\n|move|p1a: Zapdos|Roost|p1a: Zapdos\n|-heal|p1a: Zapdos|268/268 brn\n|-singleturn|p1a: Zapdos|move: Roost\n|\n|-damage|p1a: Zapdos|252/268 brn|[from] brn\n|upkeep\n|turn|11\n|\n|t:|1729781275\n|switch|p1a: Sableye|Sableye, L90, M|113/236 brn\n|move|p2a: Rhyperior|Stone Edge|p1a: Sableye\n|-damage|p1a: Sableye|0 fnt\n|faint|p1a: Sableye\n|\n|upkeep\n|\n|t:|1729781288\n|switch|p1a: Oinkologne|Oinkologne, L92, M|352/352\n|turn|12\n|\n|t:|1729781308\n|switch|p2a: Gurdurr|Gurdurr, L85, F|283/283\n|move|p1a: Oinkologne|Curse|p1a: Oinkologne\n|-unboost|p1a: Oinkologne|spe|1\n|-boost|p1a: Oinkologne|atk|1\n|-boost|p1a: Oinkologne|def|1\n|\n|upkeep\n|turn|13\n|\n|t:|1729781319\n|switch|p1a: Zapdos|Zapdos, L78|252/268 brn\n|move|p2a: Gurdurr|Knock Off|p1a: Zapdos\n|-damage|p1a: Zapdos|167/268 brn\n|-status|p2a: Gurdurr|par|[from] ability: Static|[of] p1a: Zapdos\n|-enditem|p1a: Zapdos|Heavy-Duty Boots|[from] move: Knock Off|[of] p2a: Gurdurr\n|\n|-damage|p1a: Zapdos|151/268 brn|[from] brn\n|upkeep\n|turn|14\n|\n|t:|1729781325\n|switch|p2a: Rhyperior|Rhyperior, L82, F|323/323\n|move|p1a: Zapdos|Hurricane|p2a: Rhyperior\n|-resisted|p2a: Rhyperior\n|-damage|p2a: Rhyperior|236/323\n|-start|p2a: Rhyperior|confusion\n|\n|-damage|p1a: Zapdos|135/268 brn|[from] brn\n|upkeep\n|turn|15\n|\n|t:|1729781338\n|move|p1a: Zapdos|Roost|p1a: Zapdos\n|-heal|p1a: Zapdos|268/268 brn\n|-singleturn|p1a: Zapdos|move: Roost\n|-activate|p2a: Rhyperior|confusion\n|-damage|p2a: Rhyperior|206/323|[from] confusion\n|\n|-damage|p1a: Zapdos|252/268 brn|[from] brn\n|upkeep\n|turn|16\n|\n|t:|1729781346\n|move|p1a: Zapdos|Hurricane|p2a: Rhyperior\n|-resisted|p2a: Rhyperior\n|-damage|p2a: Rhyperior|117/323\n|-activate|p2a: Rhyperior|confusion\n|move|p2a: Rhyperior|Stone Edge|p1a: Zapdos\n|-supereffective|p1a: Zapdos\n|-damage|p1a: Zapdos|0 fnt\n|faint|p1a: Zapdos\n|\n|upkeep\n|\n|t:|1729781353\n|switch|p1a: Cramorant|Cramorant, L86, F|190/261\n|turn|17\n|\n|t:|1729781358\n|switch|p2a: Slowbro|Slowbro, L85, F|287/300\n|move|p1a: Cramorant|Surf|p2a: Slowbro\n|-formechange|p1a: Cramorant|Cramorant-Gulping|\n|-resisted|p2a: Slowbro\n|-damage|p2a: Slowbro|242/300\n|\n|upkeep\n|turn|18\n|\n|t:|1729781366\n|switch|p1a: Toxtricity|Toxtricity, L82, M|257/257\n|switch|p2a: Rhyperior|Rhyperior, L82, F|117/323\n|\n|upkeep\n|turn|19\n|\n|t:|1729781375\n|switch|p1a: Oinkologne|Oinkologne, L92, M|352/352\n|move|p2a: Rhyperior|Earthquake|p1a: Oinkologne\n|-damage|p1a: Oinkologne|204/352\n|\n|-heal|p1a: Oinkologne|226/352|[from] item: Leftovers\n|upkeep\n|turn|20\n|\n|t:|1729781394\n|move|p1a: Oinkologne|Curse|p1a: Oinkologne\n|-unboost|p1a: Oinkologne|spe|1\n|-boost|p1a: Oinkologne|atk|1\n|-boost|p1a: Oinkologne|def|1\n|move|p2a: Rhyperior|Earthquake|p1a: Oinkologne\n|-damage|p1a: Oinkologne|124/352\n|\n|-heal|p1a: Oinkologne|146/352|[from] item: Leftovers\n|upkeep\n|turn|21\n|inactive|Flights of Fantsy has 120 seconds left.\n|\n|t:|1729781430\n|switch|p2a: Trevenant|Trevenant, L88, M|293/293\n|move|p1a: Oinkologne|High Horsepower|p2a: Trevenant\n|-resisted|p2a: Trevenant\n|-damage|p2a: Trevenant|225/293\n|\n|-heal|p1a: Oinkologne|168/352|[from] item: Leftovers\n|upkeep\n|turn|22\n|\n|t:|1729781440\n|move|p2a: Trevenant|Toxic|p1a: Oinkologne\n|-status|p1a: Oinkologne|tox\n|move|p1a: Oinkologne|Curse|p1a: Oinkologne\n|-unboost|p1a: Oinkologne|spe|1\n|-boost|p1a: Oinkologne|atk|1\n|-boost|p1a: Oinkologne|def|1\n|\n|-heal|p1a: Oinkologne|190/352 tox|[from] item: Leftovers\n|-damage|p1a: Oinkologne|168/352 tox|[from] psn\n|upkeep\n|turn|23\n|\n|t:|1729781443\n|move|p2a: Trevenant|Protect|p2a: Trevenant\n|-singleturn|p2a: Trevenant|Protect\n|move|p1a: Oinkologne|Lash Out|p2a: Trevenant\n|-activate|p2a: Trevenant|move: Protect\n|\n|-heal|p1a: Oinkologne|190/352 tox|[from] item: Leftovers\n|-damage|p1a: Oinkologne|146/352 tox|[from] psn\n|upkeep\n|turn|24\n|\n|t:|1729781450\n|switch|p2a: Rhyperior|Rhyperior, L82, F|117/323\n|move|p1a: Oinkologne|Lash Out|p2a: Rhyperior\n|-damage|p2a: Rhyperior|22/323\n|\n|-heal|p1a: Oinkologne|168/352 tox|[from] item: Leftovers\n|-damage|p1a: Oinkologne|102/352 tox|[from] psn\n|upkeep\n|turn|25\n|\n|t:|1729781456\n|move|p2a: Rhyperior|Earthquake|p1a: Oinkologne\n|-damage|p1a: Oinkologne|29/352 tox\n|move|p1a: Oinkologne|Lash Out|p2a: Rhyperior\n|-damage|p2a: Rhyperior|0 fnt\n|faint|p2a: Rhyperior\n|\n|-heal|p1a: Oinkologne|51/352 tox|[from] item: Leftovers\n|-damage|p1a: Oinkologne|0 fnt|[from] psn\n|faint|p1a: Oinkologne\n|upkeep\n|\n|t:|1729781471\n|switch|p1a: Regigigas|Regigigas, L84|322/322\n|switch|p2a: Gogoat|Gogoat, L88, M|360/360\n|-start|p1a: Regigigas|ability: Slow Start\n|turn|26\n|\n|t:|1729781487\n|move|p2a: Gogoat|Bulk Up|p2a: Gogoat\n|-boost|p2a: Gogoat|atk|1\n|-boost|p2a: Gogoat|def|1\n|move|p1a: Regigigas|Body Slam|p2a: Gogoat\n|-damage|p2a: Gogoat|303/360\n|-status|p2a: Gogoat|par\n|\n|-heal|p2a: Gogoat|325/360 par|[from] item: Leftovers\n|upkeep\n|turn|27\n|\n|t:|1729781492\n|-end|p1a: Regigigas|Slow Start|[silent]\n|switch|p1a: Cramorant|Cramorant, L86, F|190/261\n|move|p2a: Gogoat|Earthquake|p1a: Cramorant\n|-immune|p1a: Cramorant\n|\n|-heal|p2a: Gogoat|347/360 par|[from] item: Leftovers\n|upkeep\n|turn|28\n|\n|t:|1729781497\n|move|p1a: Cramorant|Brave Bird|p2a: Gogoat\n|-supereffective|p2a: Gogoat\n|-damage|p2a: Gogoat|165/360 par\n|-damage|p1a: Cramorant|130/261|[from] Recoil\n|move|p2a: Gogoat|Horn Leech|p1a: Cramorant\n|-damage|p1a: Cramorant|0 fnt\n|-heal|p2a: Gogoat|230/360 par|[from] drain|[of] p1a: Cramorant\n|faint|p1a: Cramorant\n|\n|-heal|p2a: Gogoat|252/360 par|[from] item: Leftovers\n|upkeep\n|\n|t:|1729781504\n|switch|p1a: Toxtricity|Toxtricity, L82, M|257/257\n|turn|29\n|j| joylar\n|\n|t:|1729781514\n|move|p1a: Toxtricity|Gunk Shot|p2a: Gogoat\n|-supereffective|p2a: Gogoat\n|-damage|p2a: Gogoat|48/360 par\n|move|p2a: Gogoat|Earthquake|p1a: Toxtricity\n|-supereffective|p1a: Toxtricity\n|-damage|p1a: Toxtricity|0 fnt\n|faint|p1a: Toxtricity\n|\n|-heal|p2a: Gogoat|70/360 par|[from] item: Leftovers\n|upkeep\n|\n|t:|1729781520\n|switch|p1a: Regigigas|Regigigas, L84|322/322\n|-start|p1a: Regigigas|ability: Slow Start\n|turn|30\n|\n|t:|1729781538\n|-terastallize|p1a: Regigigas|Poison\n|move|p1a: Regigigas|Knock Off|p2a: Gogoat\n|-damage|p2a: Gogoat|28/360 par\n|-enditem|p2a: Gogoat|Leftovers|[from] move: Knock Off|[of] p1a: Regigigas\n|cant|p2a: Gogoat|par\n|\n|upkeep\n|turn|31\n|\n|t:|1729781548\n|move|p1a: Regigigas|Protect|p1a: Regigigas\n|-singleturn|p1a: Regigigas|Protect\n|move|p2a: Gogoat|Milk Drink|p2a: Gogoat\n|-heal|p2a: Gogoat|208/360 par\n|\n|upkeep\n|turn|32\n|\n|t:|1729781554\n|move|p1a: Regigigas|Substitute|p1a: Regigigas\n|-start|p1a: Regigigas|Substitute\n|-damage|p1a: Regigigas|242/322\n|cant|p2a: Gogoat|par\n|\n|-heal|p1a: Regigigas|262/322|[from] item: Leftovers\n|upkeep\n|turn|33\n|\n|t:|1729781557\n|move|p1a: Regigigas|Protect|p1a: Regigigas\n|-singleturn|p1a: Regigigas|Protect\n|move|p2a: Gogoat|Bulk Up|p2a: Gogoat\n|-boost|p2a: Gogoat|atk|1\n|-boost|p2a: Gogoat|def|1\n|\n|-heal|p1a: Regigigas|282/322|[from] item: Leftovers\n|upkeep\n|turn|34\n|\n|t:|1729781559\n|move|p1a: Regigigas|Body Slam|p2a: Gogoat\n|-damage|p2a: Gogoat|169/360 par\n|move|p2a: Gogoat|Milk Drink|p2a: Gogoat\n|-heal|p2a: Gogoat|349/360 par\n|\n|-heal|p1a: Regigigas|302/322|[from] item: Leftovers\n|-end|p1a: Regigigas|Slow Start\n|upkeep\n|turn|35\n|\n|t:|1729781564\n|move|p1a: Regigigas|Body Slam|p2a: Gogoat\n|-damage|p2a: Gogoat|265/360 par\n|move|p2a: Gogoat|Bulk Up|p2a: Gogoat\n|-boost|p2a: Gogoat|atk|1\n|-boost|p2a: Gogoat|def|1\n|\n|-heal|p1a: Regigigas|322/322|[from] item: Leftovers\n|upkeep\n|turn|36\n|\n|t:|1729781569\n|move|p1a: Regigigas|Body Slam|p2a: Gogoat\n|-crit|p2a: Gogoat\n|-damage|p2a: Gogoat|9/360 par\n|move|p2a: Gogoat|Earthquake|p1a: Regigigas\n|-supereffective|p1a: Regigigas\n|-end|p1a: Regigigas|Substitute\n|\n|upkeep\n|turn|37\n|\n|t:|1729781575\n|move|p1a: Regigigas|Body Slam|p2a: Gogoat\n|-damage|p2a: Gogoat|0 fnt\n|faint|p2a: Gogoat\n|\n|upkeep\n|\n|t:|1729781580\n|switch|p2a: Gurdurr|Gurdurr, L85, F|283/283 par\n|turn|38\n|\n|t:|1729781586\n|move|p1a: Regigigas|Substitute|p1a: Regigigas\n|-start|p1a: Regigigas|Substitute\n|-damage|p1a: Regigigas|242/322\n|move|p2a: Gurdurr|Knock Off|p1a: Regigigas\n|-end|p1a: Regigigas|Substitute\n|\n|-heal|p1a: Regigigas|262/322|[from] item: Leftovers\n|upkeep\n|turn|39\n|\n|t:|1729781592\n|move|p1a: Regigigas|Body Slam|p2a: Gurdurr\n|-damage|p2a: Gurdurr|196/283 par\n|move|p2a: Gurdurr|Knock Off|p1a: Regigigas\n|-damage|p1a: Regigigas|165/322\n|-enditem|p1a: Regigigas|Leftovers|[from] move: Knock Off|[of] p2a: Gurdurr\n|\n|upkeep\n|turn|40\n|\n|t:|1729781597\n|move|p1a: Regigigas|Body Slam|p2a: Gurdurr\n|-crit|p2a: Gurdurr\n|-damage|p2a: Gurdurr|57/283 par\n|move|p2a: Gurdurr|Knock Off|p1a: Regigigas\n|-damage|p1a: Regigigas|102/322\n|\n|upkeep\n|turn|41\n|\n|t:|1729781602\n|move|p1a: Regigigas|Body Slam|p2a: Gurdurr\n|-damage|p2a: Gurdurr|0 fnt\n|faint|p2a: Gurdurr\n|\n|upkeep\n|\n|t:|1729781606\n|switch|p2a: Slowbro|Slowbro, L85, F|300/300\n|turn|42\n|\n|t:|1729781608\n|move|p1a: Regigigas|Knock Off|p2a: Slowbro\n|-supereffective|p2a: Slowbro\n|-crit|p2a: Slowbro\n|-damage|p2a: Slowbro|138/300\n|move|p2a: Slowbro|Scald|p1a: Regigigas\n|-damage|p1a: Regigigas|27/322\n|\n|upkeep\n|turn|43\n|\n|t:|1729781613\n|move|p1a: Regigigas|Knock Off|p2a: Slowbro\n|-supereffective|p2a: Slowbro\n|-crit|p2a: Slowbro\n|-damage|p2a: Slowbro|0 fnt\n|faint|p2a: Slowbro\n|\n|upkeep\n|j|+duck\n|\n|t:|1729781616\n|switch|p2a: Trevenant|Trevenant, L88, M|225/293\n|turn|44\n|\n|t:|1729781621\n|move|p1a: Regigigas|Knock Off|p2a: Trevenant\n|-supereffective|p2a: Trevenant\n|-damage|p2a: Trevenant|25/293\n|-enditem|p2a: Trevenant|Sitrus Berry|[from] move: Knock Off|[of] p1a: Regigigas\n|move|p2a: Trevenant|Drain Punch|p1a: Regigigas\n|-resisted|p1a: Regigigas\n|-damage|p1a: Regigigas|0 fnt\n|-heal|p2a: Trevenant|39/293|[from] drain|[of] p1a: Regigigas\n|faint|p1a: Regigigas\n|-end|p1a: Regigigas|Slow Start|[silent]\n|\n|win|Flights of Fantsy\n|raw|GerikFPSB's rating: 2237 &rarr; <strong>2224</strong><br />(-13 for losing)\n|raw|Flights of Fantsy's rating: 2360 &rarr; <strong>2373</strong><br />(+13 for winning)\n|l|\u2606Flights of Fantsy\n|player|p2|\n|l| joylar\n|l|+duck\n", "inputlog": ">version f848a9fd958ec8f1ca6a9f7c452a4b12c3110db6\n>start {\"formatid\":\"gen9randombattle\",\"seed\":[21842,20240,55249,41830],\"rated\":\"Rated battle\"}\n>player p1 {\"name\":\"GerikFPSB\",\"avatar\":\"mars\",\"rating\":2237,\"seed\":[47134,45949,58593,33646]}\n>player p2 {\"name\":\"Flights of Fantsy\",\"avatar\":\"#wcor2023benelux\",\"rating\":2360,\"seed\":[51494,32574,18480,54987]}\n>p1 switch 5\n>p2 move megahorn\n>p1 move surf\n>p2 switch 5\n>p1 switch 6\n>p2 move irondefense\n>p1 move uturn\n>p2 move scald\n>p1 switch 3\n>p1 move knockoff\n>p2 move scald\n>p1 move recover\n>p2 move scald\n>p1 move recover\n>p2 move scald\n>p1 move recover\n>p2 move scald\n>p1 switch 3\n>p2 move scald\n>p1 move roost\n>p2 switch 5\n>p1 switch 3\n>p2 move stoneedge\n>p1 switch 2\n>p1 move curse\n>p2 switch 4\n>p1 switch 3\n>p2 move knockoff\n>p1 move hurricane\n>p2 switch 4\n>p1 move roost\n>p2 move stoneedge\n>p1 move hurricane\n>p2 move stoneedge\n>p1 switch 6\n>p1 move surf\n>p2 switch 5\n>p1 switch 5\n>p2 switch 5\n>p1 switch 3\n>p2 move earthquake\n>p1 move curse\n>p2 move earthquake\n>p1 move highhorsepower\n>p2 switch 2\n>p1 move curse\n>p2 move toxic\n>p1 move lashout\n>p2 move protect\n>p1 move lashout\n>p2 switch 2\n>p1 move lashout\n>p2 move earthquake\n>p1 switch 4\n>p2 switch 3\n>p1 move bodyslam\n>p2 move bulkup\n>p1 switch 5\n>p2 move earthquake\n>p1 move bravebird\n>p2 move hornleech\n>p1 switch 3\n>p1 move gunkshot\n>p2 move earthquake\n>p1 switch 5\n>p1 move knockoff terastallize\n>p2 move milkdrink\n>p1 move protect\n>p2 move milkdrink\n>p1 move substitute\n>p2 move bulkup\n>p1 move protect\n>p2 move bulkup\n>p1 move bodyslam\n>p2 move milkdrink\n>p1 move bodyslam\n>p2 move bulkup\n>p1 move bodyslam\n>p2 move earthquake\n>p1 move bodyslam\n>p2 move earthquake\n>p2 switch 4\n>p1 move substitute\n>p2 move knockoff\n>p1 move bodyslam\n>p2 move knockoff\n>p1 move bodyslam\n>p2 move knockoff\n>p1 move bodyslam\n>p2 move knockoff\n>p2 switch 5\n>p1 move knockoff\n>p2 move scald\n>p1 move knockoff\n>p2 move scald\n>p2 switch 2\n>p1 move knockoff\n>p2 move drainpunch", "uploadtime": 1729782061, "views": 50, "formatid": "gen9randombattle", "rating": 2224, "private": 0, "password": null}