{"id": "gen9randombattle-2165048247", "format": "[Gen 9] Random Battle", "players": ["Kumar1220", "Norman2!"], "log": "|badge|p2|bronze|gen9randombattle|100-2\n|uhtml|medal-msg|<div class=\"broadcast-blue\">Curious what those medals under the avatar are? PS now has Ladder Seasons! For more information, check out the <a href=\"https://www.smogon.com/forums/threads/3740067/\">thread on Smogon.</a></div>\n|j|\u2606Kumar1220\n|j|\u203dNorman2!\n|t:|1721602664\n|gametype|singles\n|player|p1|Kumar1220|dawn|2225\n|player|p2|Norman2!|102|2373\n|teamsize|p1|6\n|teamsize|p2|6\n|gen|9\n|tier|[Gen 9] Random Battle\n|rated|\n|rule|Species Clause: Limit one of each Pok\u00e9mon\n|rule|HP Percentage Mod: HP is shown in percentages\n|rule|Sleep Clause Mod: Limit one foe put to sleep\n|rule|Illusion Level Mod: Illusion disguises the Pok\u00e9mon's true level\n|\n|t:|1721602664\n|start\n|switch|p1a: Hawlucha|Hawlucha, L80, F|256/256\n|switch|p2a: Flapple|Flapple, L88, M|266/266\n|turn|1\n|\n|t:|1721602687\n|switch|p2a: Cresselia|Cresselia, L80, F|323/323\n|move|p1a: Hawlucha|Swords Dance|p1a: Hawlucha\n|-boost|p1a: Hawlucha|atk|2\n|\n|upkeep\n|turn|2\n|\n|t:|1721602727\n|move|p1a: Hawlucha|Close Combat|p2a: Cresselia\n|-resisted|p2a: Cresselia\n|-damage|p2a: Cresselia|230/323\n|-unboost|p1a: Hawlucha|def|1\n|-unboost|p1a: Hawlucha|spd|1\n|-enditem|p1a: Hawlucha|White Herb\n|-clearnegativeboost|p1a: Hawlucha|[silent]\n|move|p2a: Cresselia|Thunderbolt|p1a: Hawlucha\n|-supereffective|p1a: Hawlucha\n|-damage|p1a: Hawlucha|124/256\n|\n|-heal|p2a: Cresselia|250/323|[from] item: Leftovers\n|upkeep\n|turn|3\n|\n|t:|1721602732\n|move|p1a: Hawlucha|Acrobatics|p2a: Cresselia\n|-damage|p2a: Cresselia|55/323\n|move|p2a: Cresselia|Psyshock|p1a: Hawlucha\n|-supereffective|p1a: Hawlucha\n|-damage|p1a: Hawlucha|0 fnt\n|faint|p1a: Hawlucha\n|\n|-heal|p2a: Cresselia|75/323|[from] item: Leftovers\n|upkeep\n|\n|t:|1721602743\n|switch|p1a: Kricketune|Kricketune, L99, F|219/219\n|turn|4\n|\n|t:|1721602750\n|switch|p2a: Gurdurr|Gurdurr, L85, F|283/283\n|move|p1a: Kricketune|Bitter Malice|p2a: Gurdurr\n|-damage|p2a: Gurdurr|154/283\n|-unboost|p2a: Gurdurr|atk|1\n|\n|upkeep\n|turn|5\n|\n|t:|1721602785\n|move|p1a: Kricketune|Bitter Malice|p2a: Gurdurr\n|-damage|p2a: Gurdurr|30/283\n|-unboost|p2a: Gurdurr|atk|1\n|move|p2a: Gurdurr|Knock Off|p1a: Kricketune\n|-supereffective|p1a: Kricketune\n|-damage|p1a: Kricketune|121/219\n|replace|p1a: Zoroark|Zoroark-Hisui, L80, F\n|-end|p1a: Zoroark|Illusion\n|-hint|Illusion Level Mod is active, so this Pok\u00e9mon's true level was hidden.\n|-enditem|p1a: Zoroark|Choice Specs|[from] move: Knock Off|[of] p2a: Gurdurr\n|\n|upkeep\n|turn|6\n|\n|t:|1721602793\n|switch|p2a: Honchkrow|Honchkrow, L86, F|312/312\n|move|p1a: Zoroark|Bitter Malice|p2a: Honchkrow\n|-resisted|p2a: Honchkrow\n|-damage|p2a: Honchkrow|252/312\n|-unboost|p2a: Honchkrow|atk|1\n|\n|upkeep\n|turn|7\n|\n|t:|1721602795\n|move|p1a: Zoroark|Hyper Voice|p2a: Honchkrow\n|-damage|p2a: Honchkrow|93/312\n|move|p2a: Honchkrow|U-turn|p1a: Zoroark\n|-resisted|p1a: Zoroark\n|-damage|p1a: Zoroark|93/219\n|\n|t:|1721602803\n|switch|p2a: Barraskewda|Barraskewda, L81, M|231/231|[from] U-turn\n|\n|upkeep\n|turn|8\n|\n|t:|1721602809\n|move|p2a: Barraskewda|Flip Turn|p1a: Zoroark\n|-damage|p1a: Zoroark|0 fnt\n|faint|p1a: Zoroark\n|\n|t:|1721602820\n|switch|p2a: Cresselia|Cresselia, L80, F|75/323|[from] Flip Turn\n|\n|-heal|p2a: Cresselia|95/323|[from] item: Leftovers\n|upkeep\n|\n|t:|1721602824\n|switch|p1a: Kricketune|Kricketune, L99, F|312/312\n|turn|9\n|\n|t:|1721602829\n|switch|p2a: Gothitelle|Gothitelle, L90, M|272/272\n|move|p1a: Kricketune|Sticky Web|p2a: Gothitelle\n|-sidestart|p2: Norman2!|move: Sticky Web\n|\n|upkeep\n|turn|10\n|\n|t:|1721602832\n|move|p2a: Gothitelle|Trick|p1a: Kricketune\n|-activate|p2a: Gothitelle|move: Trick|[of] p1a: Kricketune\n|-item|p1a: Kricketune|Choice Scarf|[from] move: Trick\n|-item|p2a: Gothitelle|Heavy-Duty Boots|[from] move: Trick\n|move|p1a: Kricketune|Pounce|p2a: Gothitelle\n|-supereffective|p2a: Gothitelle\n|-damage|p2a: Gothitelle|84/272\n|-unboost|p2a: Gothitelle|spe|1\n|\n|upkeep\n|turn|11\n|\n|t:|1721602837\n|move|p1a: Kricketune|Pounce|p2a: Gothitelle\n|-supereffective|p2a: Gothitelle\n|-damage|p2a: Gothitelle|0 fnt\n|faint|p2a: Gothitelle\n|\n|upkeep\n|\n|t:|1721602867\n|switch|p2a: Gurdurr|Gurdurr, L85, F|30/283\n|-activate|p2a: Gurdurr|move: Sticky Web\n|-unboost|p2a: Gurdurr|spe|1\n|turn|12\n|\n|t:|1721602885\n|-terastallize|p2a: Gurdurr|Steel\n|move|p1a: Kricketune|Pounce|p2a: Gurdurr\n|-resisted|p2a: Gurdurr\n|-damage|p2a: Gurdurr|0 fnt\n|faint|p2a: Gurdurr\n|\n|upkeep\n|\n|t:|1721602895\n|switch|p2a: Barraskewda|Barraskewda, L81, M|231/231\n|-activate|p2a: Barraskewda|move: Sticky Web\n|-unboost|p2a: Barraskewda|spe|1\n|turn|13\n|\n|t:|1721602900\n|move|p1a: Kricketune|Pounce|p2a: Barraskewda\n|-damage|p2a: Barraskewda|96/231\n|-unboost|p2a: Barraskewda|spe|1\n|move|p2a: Barraskewda|Waterfall|p1a: Kricketune\n|-crit|p1a: Kricketune\n|-damage|p1a: Kricketune|29/312\n|\n|upkeep\n|turn|14\n|\n|t:|1721602905\n|move|p1a: Kricketune|Pounce|p2a: Barraskewda\n|-damage|p2a: Barraskewda|0 fnt\n|faint|p2a: Barraskewda\n|\n|upkeep\n|\n|t:|1721602906\n|switch|p2a: Honchkrow|Honchkrow, L86, F|93/312\n|turn|15\n|\n|t:|1721602912\n|switch|p1a: Hitmonchan|Hitmonchan, L87, M|229/229\n|move|p2a: Honchkrow|Brave Bird|p1a: Hitmonchan\n|-supereffective|p1a: Hitmonchan\n|-crit|p1a: Hitmonchan\n|-damage|p1a: Hitmonchan|0 fnt\n|faint|p1a: Hitmonchan\n|-ability|p2a: Honchkrow|Moxie|boost\n|-boost|p2a: Honchkrow|atk|1\n|-damage|p2a: Honchkrow|17/312|[from] Recoil\n|\n|upkeep\n|\n|t:|1721602921\n|switch|p1a: Minior|Minior, L79|223/223\n|-formechange|p1a: Minior|Minior-Meteor||[from] ability: Shields Down\n|turn|16\n|\n|t:|1721602963\n|move|p2a: Honchkrow|Heat Wave|p1a: Minior\n|-resisted|p1a: Minior\n|-damage|p1a: Minior|186/223\n|move|p1a: Minior|Power Gem|p2a: Honchkrow\n|-supereffective|p2a: Honchkrow\n|-damage|p2a: Honchkrow|0 fnt\n|faint|p2a: Honchkrow\n|\n|upkeep\n|\n|t:|1721602982\n|switch|p2a: Flapple|Flapple, L88, M|266/266\n|-activate|p2a: Flapple|move: Sticky Web\n|-unboost|p2a: Flapple|spe|1\n|turn|17\n|\n|t:|1721603008\n|move|p1a: Minior|Shell Smash|p1a: Minior\n|-unboost|p1a: Minior|def|1\n|-unboost|p1a: Minior|spd|1\n|-boost|p1a: Minior|atk|2\n|-boost|p1a: Minior|spa|2\n|-boost|p1a: Minior|spe|2\n|-enditem|p1a: Minior|White Herb\n|-clearnegativeboost|p1a: Minior|[silent]\n|move|p2a: Flapple|Grav Apple|p1a: Minior\n|-damage|p1a: Minior|27/223\n|-unboost|p1a: Minior|def|1\n|\n|-formechange|p1a: Minior|Minior||[from] ability: Shields Down\n|upkeep\n|turn|18\n|\n|t:|1721603012\n|move|p2a: Flapple|Sucker Punch|p1a: Minior\n|-damage|p1a: Minior|0 fnt\n|faint|p1a: Minior\n|\n|upkeep\n|\n|t:|1721603020\n|switch|p1a: Kricketune|Kricketune, L99, F|29/312\n|turn|19\n|\n|t:|1721603049\n|move|p2a: Flapple|Sucker Punch|p1a: Kricketune\n|-damage|p1a: Kricketune|0 fnt\n|faint|p1a: Kricketune\n|\n|upkeep\n|\n|t:|1721603051\n|switch|p1a: Ceruledge|Ceruledge, L78, F|245/245\n|turn|20\n|\n|t:|1721603068\n|move|p1a: Ceruledge|Swords Dance|p1a: Ceruledge\n|-boost|p1a: Ceruledge|atk|2\n|move|p2a: Flapple|Dragon Dance|p2a: Flapple\n|-boost|p2a: Flapple|atk|1\n|-boost|p2a: Flapple|spe|1\n|\n|upkeep\n|turn|21\n|\n|t:|1721603081\n|move|p2a: Flapple|Sucker Punch|p1a: Ceruledge\n|-supereffective|p1a: Ceruledge\n|-damage|p1a: Ceruledge|0 fnt\n|faint|p1a: Ceruledge\n|\n|win|Norman2!\n|raw|Kumar1220's rating: 2225 &rarr; <strong>2213</strong><br />(-12 for losing)\n|raw|Norman2!'s rating: 2373 &rarr; <strong>2385</strong><br />(+12 for winning)\n|l|\u2606Kumar1220\n|player|p1|\n", "inputlog": ">version 40a00717927414d2de8ab728c68cc0cdfbe4c28f\n>start {\"formatid\":\"gen9randombattle\",\"seed\":[12646,58066,11794,2190],\"rated\":\"Rated battle\"}\n>player p1 {\"name\":\"Kumar1220\",\"avatar\":\"dawn\",\"rating\":2225,\"seed\":[36592,43348,47683,7264]}\n>player p2 {\"name\":\"Norman2!\",\"avatar\":\"102\",\"rating\":2373,\"seed\":[18139,49080,42443,60794]}\n>p1 move swordsdance\n>p2 switch 4\n>p1 move closecombat\n>p2 move thunderbolt\n>p1 move acrobatics\n>p2 move psyshock\n>p1 switch 3\n>p1 move bittermalice\n>p2 switch 2\n>p1 move bittermalice\n>p2 move knockoff\n>p1 move bittermalice\n>p2 switch 5\n>p1 move hypervoice\n>p2 move uturn\n>p2 switch 6\n>p1 move bittermalice\n>p2 move flipturn\n>p2 switch 2\n>p1 switch 6\n>p1 move stickyweb\n>p2 switch 3\n>p1 move pounce\n>p2 move trick\n>p1 move pounce\n>p2 move psychic\n>p2 switch 5\n>p1 move pounce\n>p2 move defog terastallize\n>p2 switch 2\n>p1 move pounce\n>p2 move waterfall\n>p1 move pounce\n>p2 move waterfall\n>p2 switch 6\n>p1 switch 5\n>p2 move bravebird\n>p1 switch 2\n>p1 move powergem\n>p2 move heatwave\n>p2 switch 4\n>p1 move shellsmash\n>p2 move gravapple\n>p1 move acrobatics\n>p2 move suckerpunch\n>p1 switch 5\n>p1 move pounce\n>p2 move suckerpunch\n>p1 switch 4\n>p1 move swordsdance\n>p2 move dragondance\n>p1 move bitterblade\n>p2 move suckerpunch", "uploadtime": 1721603086, "views": 149, "formatid": "gen9randombattle", "rating": 2213, "private": 0, "password": null}