{"id": "gen9randombattle-2216954913", "format": "[Gen 9] Random Battle", "players": ["RL4T Theologos", "rl4t boris"], "log": "|badge|p1|bronze|gen9randombattle|100-3\n|uhtml|medal-msg|<div class=\"broadcast-blue\">Curious what those medals under the avatar are? PS now has Ladder Seasons! For more information, check out the <a href=\"https://www.smogon.com/forums/threads/3740067/\">thread on Smogon.</a></div>\n|badge|p2|silver|gen9randombattle|30-3\n|uhtml|medal-msg|<div class=\"broadcast-blue\">Curious what those medals under the avatar are? PS now has Ladder Seasons! For more information, check out the <a href=\"https://www.smogon.com/forums/threads/3740067/\">thread on Smogon.</a></div>\n|j|\u2606RL4T Theologos\n|j|\u2606rl4t boris\n|t:|1728196944\n|gametype|singles\n|player|p1|RL4T Theologos|artist|2339\n|player|p2|rl4t boris|265|2479\n|teamsize|p1|6\n|teamsize|p2|6\n|gen|9\n|tier|[Gen 9] Random Battle\n|rated|\n|rule|Species Clause: Limit one of each Pok\u00e9mon\n|rule|HP Percentage Mod: HP is shown in percentages\n|rule|Sleep Clause Mod: Limit one foe put to sleep\n|rule|Illusion Level Mod: Illusion disguises the Pok\u00e9mon's true level\n|\n|t:|1728196944\n|start\n|switch|p1a: Terapagos|Terapagos, L76, F|262/262\n|switch|p2a: Persian|Persian, L92, M|269/269\n|-activate|p1a: Terapagos|ability: Tera Shift\n|detailschange|p1a: Terapagos|Terapagos-Terastal, L76, F\n|-heal|p1a: Terapagos|269/269|[silent]\n|turn|1\n|inactive|Battle timer is ON: inactive players will automatically lose when time's up. (requested by rl4t boris)\n|\n|t:|1728196969\n|switch|p1a: Swampert|Swampert, L83, M|302/302\n|move|p2a: Persian|Knock Off|p1a: Swampert\n|-damage|p1a: Swampert|199/302\n|-enditem|p1a: Swampert|Assault Vest|[from] move: Knock Off|[of] p2a: Persian\n|\n|upkeep\n|turn|2\n|\n|t:|1728196977\n|switch|p2a: Glalie|Glalie, L96, F|309/309\n|move|p1a: Swampert|Flip Turn|p2a: Glalie\n|-damage|p2a: Glalie|240/309\n|\n|t:|1728196986\n|switch|p1a: Terapagos|Terapagos-Terastal, L76, F|269/269|[from] Flip Turn\n|\n|upkeep\n|turn|3\n|j|+pokeblade\u2606101\n|\n|t:|1728197005\n|switch|p2a: Diancie|Diancie, L82|216/216\n|move|p1a: Terapagos|Rapid Spin|p2a: Diancie\n|-resisted|p2a: Diancie\n|-damage|p2a: Diancie|201/216\n|-boost|p1a: Terapagos|spe|1\n|\n|upkeep\n|turn|4\n|\n|t:|1728197020\n|switch|p1a: Swampert|Swampert, L83, M|199/302\n|move|p2a: Diancie|Moonblast|p1a: Swampert\n|-damage|p1a: Swampert|97/302\n|-unboost|p1a: Swampert|spa|1\n|\n|upkeep\n|turn|5\n|\n|t:|1728197026\n|switch|p2a: Victreebel|Victreebel, L90, M|290/290\n|move|p1a: Swampert|Flip Turn|p2a: Victreebel\n|-resisted|p2a: Victreebel\n|-damage|p2a: Victreebel|233/290\n|\n|t:|1728197032\n|switch|p1a: Dragalge|Dragalge, L88, F|258/258|[from] Flip Turn\n|\n|upkeep\n|turn|6\n|\n|t:|1728197041\n|move|p2a: Victreebel|Knock Off|p1a: Dragalge\n|-damage|p1a: Dragalge|155/258\n|-enditem|p1a: Dragalge|Leftovers|[from] move: Knock Off|[of] p2a: Victreebel\n|-damage|p2a: Victreebel|204/290|[from] item: Life Orb\n|move|p1a: Dragalge|Sludge Wave|p2a: Victreebel\n|-damage|p2a: Victreebel|42/290\n|\n|upkeep\n|turn|7\n|\n|t:|1728197054\n|switch|p2a: Gliscor|Gliscor, L76, F|239/239\n|move|p1a: Dragalge|Sludge Wave|p2a: Gliscor\n|-resisted|p2a: Gliscor\n|-damage|p2a: Gliscor|144/239\n|-status|p2a: Gliscor|psn\n|\n|-heal|p2a: Gliscor|173/239 psn|[from] ability: Poison Heal\n|upkeep\n|turn|8\n|\n|t:|1728197082\n|switch|p1a: Luvdisc|Luvdisc, M|247/247\n|move|p2a: Gliscor|Substitute|p2a: Gliscor\n|-start|p2a: Gliscor|Substitute\n|-damage|p2a: Gliscor|114/239 psn\n|\n|-heal|p2a: Gliscor|143/239 psn|[from] ability: Poison Heal\n|upkeep\n|turn|9\n|\n|t:|1728197091\n|move|p1a: Luvdisc|Surf|p2a: Gliscor\n|-supereffective|p2a: Gliscor\n|-end|p2a: Gliscor|Substitute\n|move|p2a: Gliscor|Earthquake|p1a: Luvdisc\n|-damage|p1a: Luvdisc|148/247\n|\n|-heal|p2a: Gliscor|172/239 psn|[from] ability: Poison Heal\n|upkeep\n|turn|10\n|inactive|RL4T Theologos has 120 seconds left.\n|inactive|rl4t boris has 120 seconds left.\n|\n|t:|1728197136\n|switch|p2a: Glalie|Glalie, L96, F|240/309\n|move|p1a: Luvdisc|Substitute|p1a: Luvdisc\n|-start|p1a: Luvdisc|Substitute\n|-damage|p1a: Luvdisc|87/247\n|\n|upkeep\n|turn|11\n|inactive|RL4T Theologos has 120 seconds left.\n|\n|t:|1728197142\n|move|p1a: Luvdisc|Endeavor|p2a: Glalie\n|-damage|p2a: Glalie|87/309\n|move|p2a: Glalie|Spikes|p1a: Luvdisc\n|-sidestart|p1: RL4T Theologos|Spikes\n|\n|upkeep\n|turn|12\n|inactive|RL4T Theologos has 120 seconds left.\n|inactive|rl4t boris has 120 seconds left.\n|\n|t:|1728197159\n|move|p1a: Luvdisc|Whirlpool|p2a: Glalie\n|-damage|p2a: Glalie|60/309\n|-activate|p2a: Glalie|move: Whirlpool|[of] p1a: Luvdisc\n|move|p2a: Glalie|Freeze-Dry|p1a: Luvdisc\n|-supereffective|p1a: Luvdisc\n|-crit|p1a: Luvdisc\n|-end|p1a: Luvdisc|Substitute\n|\n|-damage|p2a: Glalie|22/309|[from] move: Whirlpool|[partiallytrapped]\n|upkeep\n|turn|13\n|inactive|RL4T Theologos has 120 seconds left.\n|\n|t:|1728197167\n|move|p1a: Luvdisc|Surf|p2a: Glalie\n|-damage|p2a: Glalie|0 fnt\n|faint|p2a: Glalie\n|\n|upkeep\n|\n|t:|1728197170\n|switch|p2a: Persian|Persian, L92, M|269/269\n|turn|14\n|\n|t:|1728197177\n|switch|p1a: Swampert|Swampert, L83, M|97/302\n|-damage|p1a: Swampert|60/302|[from] Spikes\n|move|p2a: Persian|Double-Edge|p1a: Swampert\n|-damage|p1a: Swampert|0 fnt\n|faint|p1a: Swampert\n|-damage|p2a: Persian|249/269|[from] Recoil\n|\n|upkeep\n|\n|t:|1728197190\n|switch|p1a: Terapagos|Terapagos-Terastal, L76, F|269/269\n|turn|15\n|\n|t:|1728197207\n|move|p2a: Persian|Double-Edge|p1a: Terapagos\n|-activate|p1a: Terapagos|ability: Tera Shell\n|-resisted|p1a: Terapagos\n|-damage|p1a: Terapagos|188/269\n|-damage|p2a: Persian|222/269|[from] Recoil\n|move|p1a: Terapagos|Rapid Spin|p2a: Persian\n|-damage|p2a: Persian|174/269\n|-boost|p1a: Terapagos|spe|1\n|-sideend|p1: RL4T Theologos|Spikes|[from] move: Rapid Spin|[of] p1a: Terapagos\n|\n|upkeep\n|turn|16\n|inactive|RL4T Theologos has 120 seconds left.\n|\n|t:|1728197227\n|move|p2a: Persian|Double-Edge|p1a: Terapagos\n|-damage|p1a: Terapagos|14/269\n|-damage|p2a: Persian|117/269|[from] Recoil\n|move|p1a: Terapagos|Tera Starstorm|p2a: Persian\n|-damage|p2a: Persian|0 fnt\n|faint|p2a: Persian\n|\n|upkeep\n|\n|t:|1728197233\n|switch|p2a: Gyarados|Gyarados, L79, F|280/280\n|turn|17\n|\n|t:|1728197240\n|switch|p1a: Vigoroth|Vigoroth, L85, F|275/275\n|move|p2a: Gyarados|Dragon Dance|p2a: Gyarados\n|-boost|p2a: Gyarados|atk|1\n|-boost|p2a: Gyarados|spe|1\n|\n|upkeep\n|turn|18\n|inactive|RL4T Theologos has 120 seconds left.\n|\n|t:|1728197261\n|switch|p2a: Gliscor|Gliscor, L76, F|172/239 psn\n|switch|p1a: Luvdisc|Luvdisc, M|87/247\n|\n|-heal|p2a: Gliscor|201/239 psn|[from] ability: Poison Heal\n|upkeep\n|turn|19\n|inactive|RL4T Theologos has 120 seconds left.\n|\n|t:|1728197287\n|move|p1a: Luvdisc|Substitute|p1a: Luvdisc\n|-start|p1a: Luvdisc|Substitute\n|-damage|p1a: Luvdisc|26/247\n|move|p2a: Gliscor|Earthquake|p1a: Luvdisc\n|-end|p1a: Luvdisc|Substitute\n|\n|-heal|p2a: Gliscor|230/239 psn|[from] ability: Poison Heal\n|upkeep\n|turn|20\n|\n|t:|1728197292\n|move|p1a: Luvdisc|Surf|p2a: Gliscor\n|-supereffective|p2a: Gliscor\n|-damage|p2a: Gliscor|38/239 psn\n|move|p2a: Gliscor|Earthquake|p1a: Luvdisc\n|-damage|p1a: Luvdisc|0 fnt\n|faint|p1a: Luvdisc\n|\n|-heal|p2a: Gliscor|67/239 psn|[from] ability: Poison Heal\n|upkeep\n|inactive|RL4T Theologos has 90 seconds left.\n|inactive|RL4T Theologos has 60 seconds left.\n|\n|t:|1728197368\n|switch|p1a: Dugtrio|Dugtrio, L84, F|196/196\n|turn|21\n|\n|t:|1728197387\n|move|p2a: Gliscor|Protect|p2a: Gliscor\n|-singleturn|p2a: Gliscor|Protect\n|move|p1a: Dugtrio|Swords Dance|p1a: Dugtrio\n|-boost|p1a: Dugtrio|atk|2\n|\n|-heal|p2a: Gliscor|96/239 psn|[from] ability: Poison Heal\n|upkeep\n|turn|22\n|\n|t:|1728197408\n|switch|p2a: Victreebel|Victreebel, L90, M|42/290\n|move|p1a: Dugtrio|Stone Edge|p2a: Victreebel|[miss]\n|-miss|p1a: Dugtrio|p2a: Victreebel\n|\n|upkeep\n|turn|23\n|\n|t:|1728197420\n|move|p1a: Dugtrio|Earthquake|p2a: Victreebel\n|-damage|p2a: Victreebel|0 fnt\n|faint|p2a: Victreebel\n|-damage|p1a: Dugtrio|177/196|[from] item: Life Orb\n|\n|upkeep\n|inactive|rl4t boris has 120 seconds left.\n|\n|t:|1728197433\n|switch|p2a: Gyarados|Gyarados, L79, F|280/280\n|turn|24\n|inactive|rl4t boris has 120 seconds left.\n|inactive|RL4T Theologos has 30 seconds left.\n|inactive|rl4t boris has 90 seconds left.\n|\n|t:|1728197478\n|move|p1a: Dugtrio|Stone Edge|p2a: Gyarados\n|-supereffective|p2a: Gyarados\n|-damage|p2a: Gyarados|0 fnt\n|faint|p2a: Gyarados\n|-damage|p1a: Dugtrio|158/196|[from] item: Life Orb\n|\n|upkeep\n|inactive|RL4T Theologos has 30 seconds left this turn.\n|\n|t:|1728197489\n|switch|p2a: Gliscor|Gliscor, L76, F|96/239 psn\n|turn|25\n|\n|t:|1728197495\n|move|p1a: Dugtrio|Stone Edge|p2a: Gliscor|[miss]\n|-miss|p1a: Dugtrio|p2a: Gliscor\n|move|p2a: Gliscor|Toxic|p1a: Dugtrio|[miss]\n|-miss|p2a: Gliscor|p1a: Dugtrio\n|\n|-heal|p2a: Gliscor|125/239 psn|[from] ability: Poison Heal\n|upkeep\n|turn|26\n|inactive|rl4t boris has 90 seconds left.\n|\n|t:|1728197505\n|move|p1a: Dugtrio|Stone Edge|p2a: Gliscor\n|-damage|p2a: Gliscor|0 fnt\n|faint|p2a: Gliscor\n|-damage|p1a: Dugtrio|139/196|[from] item: Life Orb\n|\n|upkeep\n|inactive|rl4t boris has 90 seconds left.\n|-message|rl4t boris forfeited.\n|\n|win|RL4T Theologos\n|raw|RL4T Theologos's rating: 2339 &rarr; <strong>2367</strong><br />(+28 for winning)\n|raw|rl4t boris's rating: 2479 &rarr; <strong>2451</strong><br />(-28 for losing)\n|l|\u2606rl4t boris\n|player|p2|\n", "inputlog": ">version 86ae7daf8e420bb3f6c82a6a988ddcc1b1aa7e58\n>start {\"formatid\":\"gen9randombattle\",\"seed\":[65261,28739,61797,32080],\"rated\":\"Rated battle\"}\n>player p1 {\"name\":\"RL4T Theologos\",\"avatar\":\"artist\",\"rating\":2339,\"seed\":[9867,38655,27737,4295]}\n>player p2 {\"name\":\"rl4t boris\",\"avatar\":\"265\",\"rating\":2479,\"seed\":[45549,58678,33252,51995]}\n>p1 switch 6\n>p2 move knockoff\n>p1 move flipturn\n>p2 switch 4\n>p1 switch 6\n>p1 move rapidspin\n>p2 switch 2\n>p1 switch 6\n>p2 move moonblast\n>p1 move flipturn\n>p2 switch 3\n>p1 switch 5\n>p1 move sludgewave\n>p2 move knockoff\n>p1 move sludgewave\n>p2 switch 6\n>p1 switch 4\n>p2 move substitute\n>p1 move surf\n>p2 move earthquake\n>p1 move substitute\n>p2 switch 2\n>p1 move endeavor\n>p2 move spikes\n>p1 move whirlpool\n>p2 move freezedry\n>p1 move surf\n>p2 move freezedry\n>p2 switch 4\n>p1 switch 5\n>p2 move doubleedge\n>p1 switch 6\n>p1 move rapidspin\n>p2 move doubleedge\n>p1 move terastarstorm\n>p2 move doubleedge\n>p2 switch 5\n>p1 switch 3\n>p2 move dragondance\n>p1 switch 5\n>p2 switch 2\n>p1 move substitute\n>p2 move earthquake\n>p1 move surf\n>p2 move earthquake\n>p1 switch 2\n>p1 move swordsdance\n>p2 move protect\n>p1 move stoneedge\n>p2 switch 6\n>p1 move earthquake\n>p2 move powerwhip\n>p2 switch 2\n>p1 move stoneedge\n>p2 move dragondance\n>p2 switch 6\n>p1 move stoneedge\n>p2 move toxic\n>p1 move stoneedge\n>p2 move toxic\n>forcelose p2", "uploadtime": 1728197517, "views": 74, "formatid": "gen9randombattle", "rating": 2367, "private": 0, "password": null}