{"id": "gen9randombattle-2166440040", "format": "[Gen 9] Random Battle", "players": ["Referrals", "HaunterBoy28"], "log": "|badge|p1|bronze|gen9randombattle|100-2\n|uhtml|medal-msg|<div class=\"broadcast-blue\">Curious what those medals under the avatar are? PS now has Ladder Seasons! For more information, check out the <a href=\"https://www.smogon.com/forums/threads/3740067/\">thread on Smogon.</a></div>\n|badge|p2|bronze|gen9randombattle|100-2\n|uhtml|medal-msg|<div class=\"broadcast-blue\">Curious what those medals under the avatar are? PS now has Ladder Seasons! For more information, check out the <a href=\"https://www.smogon.com/forums/threads/3740067/\">thread on Smogon.</a></div>\n|j|\u2606Referrals\n|j|\u2606HaunterBoy28\n|t:|1721803062\n|gametype|singles\n|player|p1|Referrals|carmine-festival|2401\n|player|p2|HaunterBoy28|#rbtt7teamhoopa|2344\n|teamsize|p1|6\n|teamsize|p2|6\n|gen|9\n|tier|[Gen 9] Random Battle\n|rated|\n|rule|Species Clause: Limit one of each Pok\u00e9mon\n|rule|HP Percentage Mod: HP is shown in percentages\n|rule|Sleep Clause Mod: Limit one foe put to sleep\n|rule|Illusion Level Mod: Illusion disguises the Pok\u00e9mon's true level\n|\n|t:|1721803062\n|start\n|switch|p1a: Baxcalibur|Baxcalibur, L75, F|296/296\n|switch|p2a: Clodsire|Clodsire, L81, F|343/343\n|turn|1\n|inactive|Battle timer is ON: inactive players will automatically lose when time's up. (requested by Referrals)\n|j| paysa\n|j| Haern23\n|j| gomdol2\n|j| LizarDune\n|j| JustOut459\n|j| found it to\n|inactive|Referrals has 120 seconds left.\n|inactive|Referrals has 90 seconds left.\n|c| paysa|two bronze medals? yuckkkkk\n|c|\u2606HaunterBoy28|who are you?\n|inactive|Referrals has 60 seconds left.\n|\n|t:|1721803170\n|switch|p1a: Carbink|Carbink, L90|236/236\n|switch|p2a: Scizor|Scizor, L79, F|240/240\n|\n|upkeep\n|turn|2\n|\n|t:|1721803179\n|switch|p1a: Luvdisc|Luvdisc, F|247/247\n|move|p2a: Scizor|U-turn|p1a: Luvdisc\n|-damage|p1a: Luvdisc|111/247\n|l| Haern23\n|j| Haern23\n|\n|t:|1721803207\n|switch|p2a: Typhlosion|Typhlosion-Hisui, L83, F|257/257|[from] U-turn\n|\n|upkeep\n|turn|3\n|inactive|Referrals has 120 seconds left.\n|j| muddbud\n|\n|t:|1721803220\n|switch|p2a: Volcanion|Volcanion, L79|255/255\n|switch|p1a: Carbink|Carbink, L90|236/236\n|\n|upkeep\n|turn|4\n|inactive|Referrals has 120 seconds left.\n|inactive|Referrals has 90 seconds left.\n|\n|t:|1721803274\n|-terastallize|p1a: Carbink|Fighting\n|move|p2a: Volcanion|Steam Eruption|p1a: Carbink\n|-damage|p1a: Carbink|127/236\n|-status|p1a: Carbink|brn\n|move|p1a: Carbink|Stealth Rock|p2a: Volcanion\n|-sidestart|p2: HaunterBoy28|move: Stealth Rock\n|\n|-heal|p1a: Carbink|141/236 brn|[from] item: Leftovers\n|-damage|p1a: Carbink|127/236 brn|[from] brn\n|upkeep\n|turn|5\n|\n|t:|1721803285\n|move|p2a: Volcanion|Steam Eruption|p1a: Carbink\n|-damage|p1a: Carbink|10/236 brn\n|move|p1a: Carbink|Spikes|p2a: Volcanion\n|-sidestart|p2: HaunterBoy28|Spikes\n|\n|-heal|p1a: Carbink|24/236 brn|[from] item: Leftovers\n|-damage|p1a: Carbink|10/236 brn|[from] brn\n|upkeep\n|turn|6\n|inactive|Referrals has 90 seconds left.\n|\n|t:|1721803308\n|switch|p2a: Maushold|Maushold, L76|238/238\n|-damage|p2a: Maushold|209/238|[from] Stealth Rock\n|-damage|p2a: Maushold|180/238|[from] Spikes\n|switch|p1a: Luvdisc|Luvdisc, F|111/247\n|\n|upkeep\n|turn|7\n|\n|t:|1721803317\n|switch|p1a: Breloom|Breloom, L82, F|233/233\n|move|p2a: Maushold|Tidy Up|p2a: Maushold\n|-sideend|p2: HaunterBoy28|Spikes\n|-sideend|p2: HaunterBoy28|Stealth Rock\n|-activate|p2a: Maushold|move: Tidy Up\n|-boost|p2a: Maushold|atk|1\n|-boost|p2a: Maushold|spe|1\n|\n|upkeep\n|turn|8\n|\n|t:|1721803327\n|move|p2a: Maushold|Population Bomb|p1a: Breloom\n|-damage|p1a: Breloom|200/233\n|-damage|p1a: Breloom|160/233\n|-crit|p1a: Breloom\n|-damage|p1a: Breloom|106/233\n|-damage|p1a: Breloom|69/233\n|-damage|p1a: Breloom|36/233\n|-damage|p1a: Breloom|3/233\n|-damage|p1a: Breloom|0 fnt\n|faint|p1a: Breloom\n|-hitcount|p1: Breloom|7\n|\n|upkeep\n|\n|t:|1721803332\n|switch|p1a: Rhyperior|Rhyperior, L83, M|327/327\n|turn|9\n|\n|t:|1721803337\n|switch|p2a: Hippowdon|Hippowdon, L82, F|311/311\n|-weather|Sandstorm|[from] ability: Sand Stream|[of] p2a: Hippowdon\n|move|p1a: Rhyperior|Rock Polish|p1a: Rhyperior\n|-boost|p1a: Rhyperior|spe|2\n|\n|-weather|Sandstorm|[upkeep]\n|upkeep\n|turn|10\n|\n|t:|1721803345\n|move|p1a: Rhyperior|Earthquake|p2a: Hippowdon\n|-damage|p2a: Hippowdon|194/311\n|move|p2a: Hippowdon|Earthquake|p1a: Rhyperior\n|-supereffective|p1a: Rhyperior\n|-damage|p1a: Rhyperior|201/327\n|-enditem|p1a: Rhyperior|Weakness Policy\n|-boost|p1a: Rhyperior|atk|2|[from] item: Weakness Policy\n|-boost|p1a: Rhyperior|spa|2|[from] item: Weakness Policy\n|\n|-weather|Sandstorm|[upkeep]\n|upkeep\n|turn|11\n|inactive|HaunterBoy28 has 120 seconds left.\n|\n|t:|1721803379\n|move|p1a: Rhyperior|Earthquake|p2a: Hippowdon\n|-damage|p2a: Hippowdon|0 fnt\n|faint|p2a: Hippowdon\n|\n|-weather|Sandstorm|[upkeep]\n|upkeep\n|inactive|HaunterBoy28 has 120 seconds left.\n|inactive|HaunterBoy28 has 90 seconds left.\n|\n|t:|1721803415\n|switch|p2a: Typhlosion|Typhlosion-Hisui, L83, F|257/257\n|turn|12\n|inactive|HaunterBoy28 has 90 seconds left.\n|\n|t:|1721803429\n|move|p2a: Typhlosion|Shadow Ball|p1a: Rhyperior\n|-damage|p1a: Rhyperior|108/327\n|move|p1a: Rhyperior|Earthquake|p2a: Typhlosion\n|-supereffective|p2a: Typhlosion\n|-damage|p2a: Typhlosion|0 fnt\n|faint|p2a: Typhlosion\n|\n|-weather|Sandstorm|[upkeep]\n|upkeep\n|inactive|HaunterBoy28 has 90 seconds left.\n|\n|t:|1721803435\n|switch|p2a: Scizor|Scizor, L79, F|240/240\n|turn|13\n|\n|t:|1721803443\n|switch|p1a: Carbink|Carbink, L90, tera:Fighting|10/236 brn\n|-terastallize|p2a: Scizor|Steel\n|move|p2a: Scizor|Bullet Punch|p1a: Carbink\n|-damage|p1a: Carbink|0 fnt\n|faint|p1a: Carbink\n|\n|-weather|none\n|upkeep\n|\n|t:|1721803446\n|switch|p1a: Flygon|Flygon, L82, M|265/265\n|turn|14\n|\n|t:|1721803459\n|move|p2a: Scizor|Bullet Punch|p1a: Flygon\n|-damage|p1a: Flygon|107/265\n|move|p1a: Flygon|Earthquake|p2a: Scizor\n|-supereffective|p2a: Scizor\n|-damage|p2a: Scizor|36/240\n|\n|upkeep\n|turn|15\n|\n|t:|1721803462\n|switch|p1a: Rhyperior|Rhyperior, L83, M|108/327\n|move|p2a: Scizor|Bullet Punch|p1a: Rhyperior\n|-supereffective|p1a: Rhyperior\n|-damage|p1a: Rhyperior|0 fnt\n|faint|p1a: Rhyperior\n|\n|upkeep\n|\n|t:|1721803463\n|switch|p1a: Luvdisc|Luvdisc, F|111/247\n|turn|16\n|inactive|HaunterBoy28 has 120 seconds left.\n|\n|t:|1721803479\n|switch|p1a: Flygon|Flygon, L82, M|107/265\n|switch|p2a: Maushold|Maushold, L76|180/238\n|\n|upkeep\n|turn|17\n|inactive|HaunterBoy28 has 120 seconds left.\n|\n|t:|1721803485\n|move|p2a: Maushold|Tidy Up|p2a: Maushold\n|-boost|p2a: Maushold|atk|1\n|-boost|p2a: Maushold|spe|1\n|move|p1a: Flygon|Outrage|p2a: Maushold\n|-damage|p2a: Maushold|27/238\n|\n|upkeep\n|turn|18\n|\n|t:|1721803488\n|move|p2a: Maushold|Population Bomb|p1a: Flygon\n|-damage|p1a: Flygon|73/265\n|-damage|p1a: Flygon|34/265\n|-damage|p1a: Flygon|0 fnt\n|faint|p1a: Flygon\n|-hitcount|p1: Flygon|3\n|\n|upkeep\n|c|\u2606Referrals|ur ass.\n|-message|Referrals forfeited.\n|\n|win|HaunterBoy28\n|raw|Referrals's rating: 2401 &rarr; <strong>2378</strong><br />(-23 for losing)\n|raw|HaunterBoy28's rating: 2344 &rarr; <strong>2367</strong><br />(+23 for winning)\n|l|\u2606Referrals\n|player|p1|\n|l|\u2606HaunterBoy28\n|player|p2|\n|l| found it to\n|l| LizarDune\n", "inputlog": ">version 16d9ffe07e6bc8e4f1c17d5198fc9cfb3141ab0a\n>start {\"formatid\":\"gen9randombattle\",\"seed\":[3856,1642,36777,23211],\"rated\":\"Rated battle\"}\n>player p1 {\"name\":\"Referrals\",\"avatar\":\"carmine-festival\",\"rating\":2401,\"seed\":[10240,44453,19042,59185]}\n>player p2 {\"name\":\"HaunterBoy28\",\"avatar\":\"#rbtt7teamhoopa\",\"rating\":2344,\"seed\":[32444,36945,12361,59397]}\n>chat  paysa|two bronze medals? yuckkkkk\n>chat \u2606HaunterBoy28|who are you?\n>p1 switch 2\n>p2 switch 5\n>p1 switch 6\n>p2 move uturn\n>p2 switch 2\n>p1 switch 6\n>p2 switch 4\n>p1 move stealthrock terastallize\n>p2 move steameruption\n>p1 move spikes\n>p2 move steameruption\n>p1 switch 6\n>p2 switch 6\n>p1 switch 4\n>p2 move tidyup\n>p1 move rocktomb\n>p2 move populationbomb\n>p1 switch 3\n>p1 move rockpolish\n>p2 switch 3\n>p1 move earthquake\n>p2 move earthquake\n>p1 move earthquake\n>p2 move earthquake\n>p2 switch 4\n>p1 move earthquake\n>p2 move shadowball\n>p2 switch 2\n>p1 switch 6\n>p2 move bulletpunch terastallize\n>p1 switch 5\n>p1 move earthquake\n>p2 move bulletpunch\n>p1 switch 6\n>p2 move bulletpunch\n>p1 switch 4\n>p1 switch 6\n>p2 switch 3\n>p1 move outrage\n>p2 move tidyup\n>p1 move outrage\n>p2 move populationbomb\n>chat \u2606Referrals|ur ass.\n>forcelose p1", "uploadtime": 1721803506, "views": 181, "formatid": "gen9randombattle", "rating": 2367, "private": 0, "password": null}