{"id": "gen9randombattle-2137883739", "format": "[Gen 9] Random Battle", "players": ["egakecleons", "Mayqueen NyanNyan"], "log": "|badge|p2|bronze|gen9randombattle|100-1\n|uhtml|medal-msg|<div class=\"broadcast-blue\">Curious what those medals under the avatar are? PS now has Ladder Seasons! For more information, check out the <a href=\"https://www.smogon.com/forums/threads/3740067/\">thread on Smogon.</a></div>\n|j|\u2606egakecleons\n|j|\u2606Mayqueen NyanNyan\n|t:|1717652005\n|gametype|singles\n|player|p1|egakecleons|170|2296\n|player|p2|Mayqueen NyanNyan|266|2303\n|teamsize|p1|6\n|teamsize|p2|6\n|gen|9\n|tier|[Gen 9] Random Battle\n|rated|\n|rule|Species Clause: Limit one of each Pok\u00e9mon\n|rule|HP Percentage Mod: HP is shown in percentages\n|rule|Sleep Clause Mod: Limit one foe put to sleep\n|rule|Illusion Level Mod: Illusion disguises the Pok\u00e9mon's true level\n|\n|t:|1717652005\n|start\n|switch|p1a: Gallade|Gallade, L82, M|246/246\n|switch|p2a: Perrserker|Perrserker, L89, M|269/269\n|turn|1\n|\n|t:|1717652017\n|switch|p2a: Wyrdeer|Wyrdeer, L87, F|321/321\n|-ability|p2a: Wyrdeer|Intimidate|boost\n|-unboost|p1a: Gallade|atk|1\n|move|p1a: Gallade|Psycho Cut|p2a: Wyrdeer\n|-resisted|p2a: Wyrdeer\n|-damage|p2a: Wyrdeer|248/321\n|\n|-heal|p2a: Wyrdeer|268/321|[from] item: Leftovers\n|upkeep\n|turn|2\n|\n|t:|1717652030\n|switch|p1a: Blissey|Blissey, L84, F|566/566\n|move|p2a: Wyrdeer|Thunder Wave|p1a: Blissey\n|-status|p1a: Blissey|par\n|\n|-heal|p2a: Wyrdeer|288/321|[from] item: Leftovers\n|upkeep\n|turn|3\n|\n|t:|1717652042\n|switch|p2a: Perrserker|Perrserker, L89, M|269/269\n|cant|p1a: Blissey|par\n|\n|upkeep\n|turn|4\n|\n|t:|1717652049\n|-curestatus|p1a: Blissey|par|[from] ability: Natural Cure\n|switch|p1a: Hitmontop|Hitmontop, L88, M|231/231\n|-ability|p1a: Hitmontop|Intimidate|boost\n|-unboost|p2a: Perrserker|atk|1\n|move|p2a: Perrserker|Stealth Rock|p1a: Hitmontop\n|-sidestart|p1: egakecleons|move: Stealth Rock\n|\n|upkeep\n|turn|5\n|\n|t:|1717652063\n|switch|p2a: Wyrdeer|Wyrdeer, L87, F|288/321\n|-ability|p2a: Wyrdeer|Intimidate|boost\n|-unboost|p1a: Hitmontop|atk|1\n|move|p1a: Hitmontop|Rapid Spin|p2a: Wyrdeer\n|-damage|p2a: Wyrdeer|259/321\n|-boost|p1a: Hitmontop|spe|1\n|-sideend|p1: egakecleons|Stealth Rock|[from] move: Rapid Spin|[of] p1a: Hitmontop\n|\n|-heal|p2a: Wyrdeer|279/321|[from] item: Leftovers\n|upkeep\n|turn|6\n|\n|t:|1717652069\n|switch|p1a: Blissey|Blissey, L84, F|566/566\n|move|p2a: Wyrdeer|Body Slam|p1a: Blissey\n|-damage|p1a: Blissey|266/566\n|-status|p1a: Blissey|par\n|\n|-heal|p2a: Wyrdeer|299/321|[from] item: Leftovers\n|-heal|p1a: Blissey|301/566 par|[from] item: Leftovers\n|upkeep\n|turn|7\n|\n|t:|1717652079\n|move|p2a: Wyrdeer|Body Slam|p1a: Blissey\n|-damage|p1a: Blissey|4/566 par\n|move|p1a: Blissey|Thunder Wave|p2a: Wyrdeer\n|-status|p2a: Wyrdeer|par\n|\n|-heal|p2a: Wyrdeer|319/321 par|[from] item: Leftovers\n|-heal|p1a: Blissey|39/566 par|[from] item: Leftovers\n|upkeep\n|turn|8\n|\n|t:|1717652092\n|move|p2a: Wyrdeer|Body Slam|p1a: Blissey\n|-damage|p1a: Blissey|0 fnt\n|faint|p1a: Blissey\n|\n|-heal|p2a: Wyrdeer|321/321 par|[from] item: Leftovers\n|upkeep\n|\n|t:|1717652103\n|switch|p1a: Grafaiai|Grafaiai, L86, F|249/249\n|turn|9\n|\n|t:|1717652119\n|switch|p2a: Overqwil|Overqwil, L82, M|274/274\n|-ability|p2a: Overqwil|Intimidate|boost\n|-unboost|p1a: Grafaiai|atk|1\n|move|p1a: Grafaiai|Knock Off|p2a: Overqwil\n|-resisted|p2a: Overqwil\n|-damage|p2a: Overqwil|253/274\n|-enditem|p2a: Overqwil|Life Orb|[from] move: Knock Off|[of] p1a: Grafaiai\n|\n|upkeep\n|turn|10\n|\n|t:|1717652128\n|switch|p1a: Hitmontop|Hitmontop, L88, M|231/231\n|-ability|p1a: Hitmontop|Intimidate|boost\n|-unboost|p2a: Overqwil|atk|1\n|move|p2a: Overqwil|Swords Dance|p2a: Overqwil\n|-boost|p2a: Overqwil|atk|2\n|\n|upkeep\n|turn|11\n|\n|t:|1717652142\n|move|p2a: Overqwil|Gunk Shot|p1a: Hitmontop\n|-damage|p1a: Hitmontop|51/231\n|-status|p1a: Hitmontop|psn\n|move|p1a: Hitmontop|Rapid Spin|p2a: Overqwil\n|-crit|p2a: Overqwil\n|-damage|p2a: Overqwil|197/274\n|-boost|p1a: Hitmontop|spe|1\n|\n|-damage|p1a: Hitmontop|23/231 psn|[from] psn\n|upkeep\n|turn|12\n|\n|t:|1717652149\n|switch|p2a: Wyrdeer|Wyrdeer, L87, F|321/321 par\n|-ability|p2a: Wyrdeer|Intimidate|boost\n|-unboost|p1a: Hitmontop|atk|1\n|move|p1a: Hitmontop|Earthquake|p2a: Wyrdeer\n|-damage|p2a: Wyrdeer|260/321 par\n|\n|-heal|p2a: Wyrdeer|280/321 par|[from] item: Leftovers\n|-damage|p1a: Hitmontop|0 fnt|[from] psn\n|faint|p1a: Hitmontop\n|upkeep\n|\n|t:|1717652169\n|switch|p1a: Grafaiai|Grafaiai, L86, F|249/249\n|turn|13\n|\n|t:|1717652183\n|switch|p2a: Overqwil|Overqwil, L82, M|197/274\n|-ability|p2a: Overqwil|Intimidate|boost\n|-unboost|p1a: Grafaiai|atk|1\n|move|p1a: Grafaiai|Knock Off|p2a: Overqwil\n|-resisted|p2a: Overqwil\n|-damage|p2a: Overqwil|182/274\n|\n|upkeep\n|turn|14\n|\n|t:|1717652205\n|switch|p1a: Latios|Latios, L78, M|253/253\n|move|p2a: Overqwil|Crunch|p1a: Latios\n|-supereffective|p1a: Latios\n|-damage|p1a: Latios|35/253\n|\n|upkeep\n|turn|15\n|\n|t:|1717652218\n|switch|p2a: Regice|Regice, L88|284/284\n|move|p1a: Latios|Aura Sphere|p2a: Regice\n|-supereffective|p2a: Regice\n|-crit|p2a: Regice\n|-damage|p2a: Regice|196/284\n|\n|upkeep\n|turn|16\n|\n|t:|1717652230\n|move|p1a: Latios|Luster Purge|p2a: Regice\n|-damage|p2a: Regice|135/284\n|move|p2a: Regice|Ice Beam|p1a: Latios\n|-supereffective|p1a: Latios\n|-damage|p1a: Latios|0 fnt\n|faint|p1a: Latios\n|\n|upkeep\n|\n|t:|1717652238\n|switch|p1a: Gallade|Gallade, L82, M|246/246\n|turn|17\n|\n|t:|1717652251\n|move|p1a: Gallade|Sacred Sword|p2a: Regice\n|-supereffective|p2a: Regice\n|-damage|p2a: Regice|0 fnt\n|faint|p2a: Regice\n|\n|upkeep\n|\n|t:|1717652265\n|switch|p2a: Overqwil|Overqwil, L82, M|182/274\n|-ability|p2a: Overqwil|Intimidate|boost\n|-unboost|p1a: Gallade|atk|1\n|turn|18\n|\n|t:|1717652272\n|move|p2a: Overqwil|Gunk Shot|p1a: Gallade\n|-damage|p1a: Gallade|83/246\n|move|p1a: Gallade|Sacred Sword|p2a: Overqwil\n|-damage|p2a: Overqwil|17/274\n|\n|upkeep\n|turn|19\n|\n|t:|1717652285\n|switch|p1a: Grafaiai|Grafaiai, L86, F|249/249\n|move|p2a: Overqwil|Crunch|p1a: Grafaiai\n|-damage|p1a: Grafaiai|135/249\n|\n|upkeep\n|turn|20\n|\n|t:|1717652293\n|move|p1a: Grafaiai|Knock Off|p2a: Overqwil\n|-resisted|p2a: Overqwil\n|-damage|p2a: Overqwil|0 fnt\n|faint|p2a: Overqwil\n|\n|upkeep\n|\n|t:|1717652294\n|switch|p2a: Perrserker|Perrserker, L89, M|269/269\n|turn|21\n|\n|t:|1717652300\n|move|p1a: Grafaiai|Knock Off|p2a: Perrserker\n|-damage|p2a: Perrserker|211/269\n|-enditem|p2a: Perrserker|Life Orb|[from] move: Knock Off|[of] p1a: Grafaiai\n|move|p2a: Perrserker|Iron Head|p1a: Grafaiai\n|-damage|p1a: Grafaiai|0 fnt\n|faint|p1a: Grafaiai\n|\n|upkeep\n|\n|t:|1717652306\n|switch|p1a: Gallade|Gallade, L82, M|83/246\n|turn|22\n|\n|t:|1717652312\n|switch|p2a: Wyrdeer|Wyrdeer, L87, F|280/321 par\n|-ability|p2a: Wyrdeer|Intimidate|boost\n|-unboost|p1a: Gallade|atk|1\n|move|p1a: Gallade|Sacred Sword|p2a: Wyrdeer\n|-damage|p2a: Wyrdeer|82/321 par\n|\n|-heal|p2a: Wyrdeer|102/321 par|[from] item: Leftovers\n|upkeep\n|turn|23\n|\n|t:|1717652319\n|move|p1a: Gallade|Sacred Sword|p2a: Wyrdeer\n|-damage|p2a: Wyrdeer|0 fnt\n|faint|p2a: Wyrdeer\n|\n|upkeep\n|\n|t:|1717652329\n|switch|p2a: Perrserker|Perrserker, L89, M|211/269\n|turn|24\n|\n|t:|1717652333\n|move|p1a: Gallade|Sacred Sword|p2a: Perrserker\n|-supereffective|p2a: Perrserker\n|-damage|p2a: Perrserker|0 fnt\n|faint|p2a: Perrserker\n|\n|upkeep\n|\n|t:|1717652336\n|switch|p2a: Eiscue|Eiscue, L87, F|272/272\n|turn|25\n|\n|t:|1717652341\n|switch|p1a: Serperior|Serperior, L80, M|251/251\n|move|p2a: Eiscue|Belly Drum|p2a: Eiscue\n|-damage|p2a: Eiscue|136/272\n|-setboost|p2a: Eiscue|atk|6|[from] move: Belly Drum\n|\n|upkeep\n|turn|26\n|inactive|Battle timer is ON: inactive players will automatically lose when time's up. (requested by Mayqueen NyanNyan)\n|inactive|egakecleons has 120 seconds left.\n|\n|t:|1717652401\n|-terastallize|p1a: Serperior|Rock\n|move|p1a: Serperior|Tera Blast|p2a: Eiscue|[anim] Tera Blast Rock\n|-supereffective|p2a: Eiscue\n|-damage|p2a: Eiscue|0 fnt\n|faint|p2a: Eiscue\n|-damage|p1a: Serperior|226/251|[from] item: Life Orb\n|\n|upkeep\n|\n|t:|1717652406\n|switch|p2a: Blaziken|Blaziken, L76, F|247/247\n|turn|27\n|\n|t:|1717652411\n|move|p1a: Serperior|Glare|p2a: Blaziken\n|-status|p2a: Blaziken|par\n|cant|p2a: Blaziken|par\n|\n|-ability|p2a: Blaziken|Speed Boost|boost\n|-boost|p2a: Blaziken|spe|1\n|upkeep\n|turn|28\n|\n|t:|1717652423\n|move|p1a: Serperior|Leaf Storm|p2a: Blaziken\n|-resisted|p2a: Blaziken\n|-crit|p2a: Blaziken\n|-damage|p2a: Blaziken|107/247 par\n|-boost|p1a: Serperior|spa|2\n|-damage|p1a: Serperior|201/251|[from] item: Life Orb\n|move|p2a: Blaziken|Swords Dance|p2a: Blaziken\n|-boost|p2a: Blaziken|atk|2\n|\n|-ability|p2a: Blaziken|Speed Boost|boost\n|-boost|p2a: Blaziken|spe|1\n|upkeep\n|turn|29\n|\n|t:|1717652434\n|move|p1a: Serperior|Leaf Storm|p2a: Blaziken\n|-resisted|p2a: Blaziken\n|-damage|p2a: Blaziken|0 fnt\n|-boost|p1a: Serperior|spa|2\n|faint|p2a: Blaziken\n|-damage|p1a: Serperior|176/251|[from] item: Life Orb\n|\n|win|egakecleons\n|raw|egakecleons's rating: 2296 &rarr; <strong>2318</strong><br />(+22 for winning)\n|raw|Mayqueen NyanNyan's rating: 2325 &rarr; <strong>2303</strong><br />(-22 for losing)\n|l|\u2606Mayqueen NyanNyan\n|player|p2|\n", "inputlog": ">version f9cb5564d20655cae0a2e0c61a4cb48bd401cdfe\n>start {\"formatid\":\"gen9randombattle\",\"seed\":[2591,18208,34509,21887],\"rated\":\"Rated battle\"}\n>player p1 {\"name\":\"egakecleons\",\"avatar\":\"170\",\"rating\":2296,\"seed\":[53847,18216,20748,25156]}\n>player p2 {\"name\":\"Mayqueen NyanNyan\",\"avatar\":\"266\",\"rating\":2303,\"seed\":[33909,12138,33829,44693]}\n>p1 move psychocut\n>p2 switch 4\n>p1 switch 6\n>p2 move thunderwave\n>p1 move thunderwave\n>p2 switch 4\n>p1 switch 5\n>p2 move stealthrock\n>p1 move rapidspin\n>p2 switch 4\n>p1 switch 5\n>p2 move bodyslam\n>p1 move thunderwave\n>p2 move bodyslam\n>p1 move seismictoss\n>p2 move bodyslam\n>p1 switch 2\n>p1 move knockoff\n>p2 switch 5\n>p1 switch 5\n>p2 move swordsdance\n>p1 move rapidspin\n>p2 move gunkshot\n>p1 move earthquake\n>p2 switch 5\n>p1 switch 5\n>p1 move knockoff\n>p2 switch 5\n>p1 switch 3\n>p2 move crunch\n>p1 move aurasphere\n>p2 switch 2\n>p1 move lusterpurge\n>p2 move icebeam\n>p1 switch 6\n>p1 move sacredsword\n>p2 move icebeam\n>p2 switch 2\n>p1 move sacredsword\n>p2 move gunkshot\n>p1 switch 3\n>p2 move crunch\n>p1 move knockoff\n>p2 move crunch\n>p2 switch 4\n>p1 move knockoff\n>p2 move ironhead\n>p1 switch 3\n>p1 move sacredsword\n>p2 switch 5\n>p1 move sacredsword\n>p2 move bodyslam\n>p2 switch 5\n>p1 move sacredsword\n>p2 move ironhead\n>p2 switch 3\n>p1 switch 4\n>p2 move bellydrum\n>p1 move terablast terastallize\n>p2 move icespinner\n>p2 switch 6\n>p1 move glare\n>p2 move swordsdance\n>p1 move leafstorm\n>p2 move swordsdance\n>p1 move leafstorm\n>p2 move closecombat", "uploadtime": 1717652437, "views": 197, "formatid": "gen9randombattle", "rating": 2303, "private": 0, "password": null}