{"id": "gen9randombattle-2260811403", "format": "[Gen 9] Random Battle", "players": ["Daisy Bear", "baboonery"], "log": "|j|\u2606Daisy Bear\n|j|\u2606baboonery\n|t:|1733896285\n|gametype|singles\n|player|p1|Daisy Bear|cowgirl|1689\n|player|p2|baboonery|170|1619\n|teamsize|p1|6\n|teamsize|p2|6\n|gen|9\n|tier|[Gen 9] Random Battle\n|rated|\n|rule|Species Clause: Limit one of each Pok\u00e9mon\n|rule|HP Percentage Mod: HP is shown in percentages\n|rule|Sleep Clause Mod: Limit one foe put to sleep\n|rule|Illusion Level Mod: Illusion disguises the Pok\u00e9mon's true level\n|\n|t:|1733896285\n|start\n|switch|p1a: Rampardos|Rampardos, L90, F|321/321\n|switch|p2a: Flapple|Flapple, L88, F|266/266\n|turn|1\n|\n|t:|1733896320\n|switch|p1a: Cyclizar|Cyclizar, L83, F|252/252\n|move|p2a: Flapple|Grav Apple|p1a: Cyclizar\n|-resisted|p1a: Cyclizar\n|-damage|p1a: Cyclizar|162/252\n|-unboost|p1a: Cyclizar|def|1\n|\n|upkeep\n|turn|2\n|\n|t:|1733896333\n|move|p1a: Cyclizar|Shed Tail|p1a: Cyclizar\n|-start|p1a: Cyclizar|Substitute|[from] move: Shed Tail\n|-damage|p1a: Cyclizar|36/252\n|\n|t:|1733896336\n|switch|p1a: Medicham|Medicham, L86, M|243/243|[from] Shed Tail\n|move|p2a: Flapple|Grav Apple|p1a: Medicham\n|-end|p1a: Medicham|Substitute\n|\n|upkeep\n|turn|3\n|\n|t:|1733896343\n|switch|p2a: Mew|Mew, L82|298/298\n|move|p1a: Medicham|Ice Punch|p2a: Mew\n|-damage|p2a: Mew|192/298\n|\n|-heal|p2a: Mew|210/298|[from] item: Leftovers\n|upkeep\n|turn|4\n|\n|t:|1733896358\n|switch|p1a: Cyclizar|Cyclizar, L83, F|120/252\n|move|p2a: Mew|Toxic Spikes|p1a: Cyclizar\n|-sidestart|p1: Daisy Bear|move: Toxic Spikes\n|\n|-heal|p2a: Mew|228/298|[from] item: Leftovers\n|upkeep\n|turn|5\n|\n|t:|1733896363\n|move|p1a: Cyclizar|Rapid Spin|p2a: Mew\n|-damage|p2a: Mew|180/298\n|-boost|p1a: Cyclizar|spe|1\n|-sideend|p1: Daisy Bear|Toxic Spikes|[from] move: Rapid Spin|[of] p1a: Cyclizar\n|move|p2a: Mew|Psychic|p1a: Cyclizar\n|-damage|p1a: Cyclizar|11/252\n|\n|-heal|p2a: Mew|198/298|[from] item: Leftovers\n|upkeep\n|turn|6\n|inactive|Battle timer is ON: inactive players will automatically lose when time's up. (requested by Daisy Bear)\n|\n|t:|1733896392\n|move|p1a: Cyclizar|Knock Off|p2a: Mew\n|-supereffective|p2a: Mew\n|-damage|p2a: Mew|80/298\n|-enditem|p2a: Mew|Leftovers|[from] move: Knock Off|[of] p1a: Cyclizar\n|move|p2a: Mew|Knock Off|p1a: Cyclizar\n|-damage|p1a: Cyclizar|0 fnt\n|-enditem|p1a: Cyclizar|Heavy-Duty Boots|[from] move: Knock Off|[of] p2a: Mew\n|faint|p1a: Cyclizar\n|\n|upkeep\n|inactive|Daisy Bear has 120 seconds left.\n|\n|t:|1733896425\n|switch|p1a: Cinderace|Cinderace, L77, M|249/249\n|turn|7\n|\n|t:|1733896431\n|move|p1a: Cinderace|U-turn|p2a: Mew\n|-start|p1a: Cinderace|typechange|Bug|[from] ability: Libero\n|-supereffective|p2a: Mew\n|-damage|p2a: Mew|0 fnt\n|faint|p2a: Mew\n|\n|t:|1733896436\n|switch|p1a: Medicham|Medicham, L86, M|243/243|[from] U-turn\n|\n|upkeep\n|\n|t:|1733896462\n|switch|p2a: Bronzong|Bronzong, L88|261/261\n|turn|8\n|\n|t:|1733896470\n|switch|p1a: Komala|Komala, L89, M|260/260\n|-ability|p1a: Komala|Comatose\n|switch|p2a: Dragapult|Dragapult, L77, M|262/262\n|\n|upkeep\n|turn|9\n|inactive|baboonery has 120 seconds left.\n|\n|t:|1733896500\n|switch|p2a: Okidogi|Okidogi, L77, M|262/262\n|move|p1a: Komala|Knock Off|p2a: Okidogi\n|-resisted|p2a: Okidogi\n|-damage|p2a: Okidogi|205/262\n|-enditem|p2a: Okidogi|Assault Vest|[from] move: Knock Off|[of] p1a: Komala\n|\n|upkeep\n|turn|10\n|inactive|baboonery has 120 seconds left.\n|\n|t:|1733896514\n|switch|p1a: Entei|Entei, L78|307/307\n|move|p2a: Okidogi|Knock Off|p1a: Entei\n|-damage|p1a: Entei|231/307\n|-enditem|p1a: Entei|Choice Band|[from] move: Knock Off|[of] p2a: Okidogi\n|\n|upkeep\n|turn|11\n|inactive|baboonery has 120 seconds left.\n|\n|t:|1733896525\n|move|p1a: Entei|Sacred Fire|p2a: Okidogi\n|-damage|p2a: Okidogi|115/262\n|-status|p2a: Okidogi|brn\n|move|p2a: Okidogi|Gunk Shot|p1a: Entei\n|-damage|p1a: Entei|162/307\n|-status|p1a: Entei|psn\n|\n|-damage|p1a: Entei|124/307 psn|[from] psn\n|-damage|p2a: Okidogi|99/262 brn|[from] brn\n|upkeep\n|turn|12\n|inactive|baboonery has 120 seconds left.\n|\n|t:|1733896541\n|move|p1a: Entei|Flare Blitz|p2a: Okidogi\n|-damage|p2a: Okidogi|0 fnt\n|faint|p2a: Okidogi\n|-damage|p1a: Entei|91/307 psn|[from] Recoil\n|\n|-damage|p1a: Entei|53/307 psn|[from] psn\n|upkeep\n|\n|t:|1733896548\n|switch|p2a: Dragapult|Dragapult, L77, M|262/262\n|turn|13\n|\n|t:|1733896553\n|move|p2a: Dragapult|Dragon Darts|p1a: Entei\n|-crit|p1a: Entei\n|-damage|p1a: Entei|0 fnt\n|faint|p1a: Entei\n|-damage|p2a: Dragapult|236/262|[from] item: Life Orb\n|\n|upkeep\n|\n|t:|1733896558\n|switch|p1a: Komala|Komala, L89, M|260/260\n|-ability|p1a: Komala|Comatose\n|turn|14\n|\n|t:|1733896569\n|switch|p2a: Bronzong|Bronzong, L88|261/261\n|move|p1a: Komala|Knock Off|p2a: Bronzong\n|-supereffective|p2a: Bronzong\n|-damage|p2a: Bronzong|67/261\n|-enditem|p2a: Bronzong|Leftovers|[from] move: Knock Off|[of] p1a: Komala\n|\n|upkeep\n|turn|15\n|\n|t:|1733896575\n|move|p1a: Komala|Knock Off|p2a: Bronzong\n|-supereffective|p2a: Bronzong\n|-damage|p2a: Bronzong|0 fnt\n|faint|p2a: Bronzong\n|\n|upkeep\n|\n|t:|1733896576\n|switch|p2a: Gumshoos|Gumshoos, L95, F|321/321\n|turn|16\n|\n|t:|1733896599\n|switch|p1a: Rampardos|Rampardos, L90, F|321/321\n|move|p2a: Gumshoos|Double-Edge|p1a: Rampardos\n|-resisted|p1a: Rampardos\n|-damage|p1a: Rampardos|0 fnt\n|faint|p1a: Rampardos\n|-damage|p2a: Gumshoos|215/321|[from] Recoil\n|\n|upkeep\n|inactive|Daisy Bear has 120 seconds left.\n|\n|t:|1733896628\n|switch|p1a: Komala|Komala, L89, M|260/260\n|-ability|p1a: Komala|Comatose\n|turn|17\n|\n|t:|1733896643\n|move|p1a: Komala|Knock Off|p2a: Gumshoos\n|-damage|p2a: Gumshoos|59/321\n|-enditem|p2a: Gumshoos|Choice Band|[from] move: Knock Off|[of] p1a: Komala\n|move|p2a: Gumshoos|Double-Edge|p1a: Komala\n|-damage|p1a: Komala|46/260\n|-damage|p2a: Gumshoos|0 fnt|[from] Recoil\n|faint|p2a: Gumshoos\n|\n|upkeep\n|\n|t:|1733896655\n|switch|p2a: Dragapult|Dragapult, L77, M|236/262\n|turn|18\n|\n|t:|1733896663\n|move|p2a: Dragapult|Dragon Darts|p1a: Komala\n|-damage|p1a: Komala|0 fnt\n|faint|p1a: Komala\n|-damage|p2a: Dragapult|210/262|[from] item: Life Orb\n|\n|upkeep\n|inactive|Daisy Bear has 120 seconds left.\n|\n|t:|1733896676\n|switch|p1a: Medicham|Medicham, L86, M|243/243\n|turn|19\n|inactive|Daisy Bear has 120 seconds left.\n|\n|t:|1733896695\n|-terastallize|p2a: Dragapult|Ghost\n|move|p2a: Dragapult|Tera Blast|p1a: Medicham|[anim] Tera Blast Ghost\n|-supereffective|p1a: Medicham\n|-damage|p1a: Medicham|0 fnt\n|faint|p1a: Medicham\n|-damage|p2a: Dragapult|184/262|[from] item: Life Orb\n|\n|upkeep\n|\n|t:|1733896700\n|switch|p1a: Cinderace|Cinderace, L77, M|249/249\n|turn|20\n|\n|t:|1733896709\n|-terastallize|p1a: Cinderace|Fire\n|move|p2a: Dragapult|Tera Blast|p1a: Cinderace|[anim] Tera Blast Ghost\n|-damage|p1a: Cinderace|67/249\n|-damage|p2a: Dragapult|158/262|[from] item: Life Orb\n|move|p1a: Cinderace|Pyro Ball|p2a: Dragapult\n|-damage|p2a: Dragapult|0 fnt\n|faint|p2a: Dragapult\n|\n|upkeep\n|\n|t:|1733896714\n|switch|p2a: Flapple|Flapple, L88, F|266/266\n|turn|21\n|c|\u2606Daisy Bear|Damn gg\n|\n|t:|1733896737\n|move|p2a: Flapple|Sucker Punch|p1a: Cinderace\n|-damage|p1a: Cinderace|0 fnt\n|faint|p1a: Cinderace\n|\n|win|baboonery\n|raw|Daisy Bear's rating: 1689 &rarr; <strong>1665</strong><br />(-24 for losing)\n|raw|baboonery's rating: 1619 &rarr; <strong>1643</strong><br />(+24 for winning)\n|c|\u2606baboonery|gg\n|c|\u2606baboonery|wp\n", "inputlog": ">version bfd83cad13791eb5a5a409923076391caf6fb4d4\n>start {\"formatid\":\"gen9randombattle\",\"seed\":[45092,11483,47230,47192],\"rated\":\"Rated battle\"}\n>player p1 {\"name\":\"Daisy Bear\",\"avatar\":\"cowgirl\",\"rating\":1689,\"seed\":[27905,29262,52341,43731]}\n>player p2 {\"name\":\"baboonery\",\"avatar\":\"170\",\"rating\":1619,\"seed\":[49511,32502,43334,32749]}\n>p1 switch 5\n>p2 move gravapple\n>p1 move shedtail\n>p2 move gravapple\n>p1 switch 6\n>p1 move icepunch\n>p2 switch 4\n>p1 switch 6\n>p2 move toxicspikes\n>p1 move rapidspin\n>p2 move psychic\n>p1 move knockoff\n>p2 move knockoff\n>p1 switch 3\n>p1 move uturn\n>p2 move psychic\n>p1 switch 6\n>p2 switch 2\n>p1 switch 2\n>p2 switch 5\n>p1 move knockoff\n>p2 switch 3\n>p1 switch 4\n>p2 move knockoff\n>p1 move sacredfire\n>p2 move gunkshot\n>p1 move flareblitz\n>p2 move gunkshot\n>p2 switch 3\n>p1 move sacredfire\n>p2 move dragondarts\n>p1 switch 4\n>p1 move knockoff\n>p2 switch 5\n>p1 move knockoff\n>p2 move stealthrock\n>p2 switch 6\n>p1 switch 5\n>p2 move doubleedge\n>p1 switch 5\n>p1 move knockoff\n>p2 move doubleedge\n>p2 switch 5\n>p1 move knockoff\n>p2 move dragondarts\n>p1 switch 2\n>p1 move icepunch\n>p2 move terablast terastallize\n>p1 switch 6\n>p1 move pyroball terastallize\n>p2 move terablast\n>p2 switch 4\n>chat \u2606Daisy Bear|Damn gg\n>p1 move pyroball\n>p2 move suckerpunch", "uploadtime": 1733896742, "views": 1, "formatid": "gen9randombattle", "rating": 1643, "private": 0, "password": null}