{"id": "gen9randombattle-2260630602", "format": "[Gen 9] Random Battle", "players": ["OverWhat", "andresruizf"], "log": "|j|\u2606OverWhat\n|j|\u2606andresruizf\n|t:|1733871391\n|gametype|singles\n|player|p1|OverWhat|drayden|1669\n|player|p2|andresruizf|iono|1710\n|teamsize|p1|6\n|teamsize|p2|6\n|gen|9\n|tier|[Gen 9] Random Battle\n|rated|\n|rule|Species Clause: Limit one of each Pok\u00e9mon\n|rule|HP Percentage Mod: HP is shown in percentages\n|rule|Sleep Clause Mod: Limit one foe put to sleep\n|rule|Illusion Level Mod: Illusion disguises the Pok\u00e9mon's true level\n|\n|t:|1733871391\n|start\n|switch|p1a: Landorus|Landorus, L75, M|257/257\n|switch|p2a: Regice|Regice, L88|284/284\n|turn|1\n|inactive|Battle timer is ON: inactive players will automatically lose when time's up. (requested by OverWhat)\n|\n|t:|1733871412\n|switch|p1a: Fezandipiti|Fezandipiti, L82, M|278/278\n|move|p2a: Regice|Thunder Wave|p1a: Fezandipiti\n|-status|p1a: Fezandipiti|par\n|\n|upkeep\n|turn|2\n|\n|t:|1733871430\n|switch|p2a: Dunsparce|Dunsparce, L86, M|312/312\n|cant|p1a: Fezandipiti|par\n|\n|upkeep\n|turn|3\n|\n|t:|1733871437\n|move|p2a: Dunsparce|Body Slam|p1a: Fezandipiti\n|-damage|p1a: Fezandipiti|197/278 par\n|cant|p1a: Fezandipiti|par\n|\n|-heal|p1a: Fezandipiti|214/278 par|[from] item: Leftovers\n|upkeep\n|turn|4\n|\n|t:|1733871443\n|move|p2a: Dunsparce|Earthquake|p1a: Fezandipiti\n|-supereffective|p1a: Fezandipiti\n|-damage|p1a: Fezandipiti|76/278 par\n|cant|p1a: Fezandipiti|par\n|\n|-heal|p1a: Fezandipiti|93/278 par|[from] item: Leftovers\n|upkeep\n|turn|5\n|\n|t:|1733871455\n|switch|p1a: Meowscarada|Meowscarada, L78, F|247/247\n|move|p2a: Dunsparce|Earthquake|p1a: Meowscarada\n|-resisted|p1a: Meowscarada\n|-crit|p1a: Meowscarada\n|-damage|p1a: Meowscarada|189/247\n|\n|upkeep\n|turn|6\n|\n|t:|1733871462\n|move|p1a: Meowscarada|Knock Off|p2a: Dunsparce\n|-start|p1a: Meowscarada|typechange|Dark|[from] ability: Protean\n|-damage|p2a: Dunsparce|240/312\n|-enditem|p2a: Dunsparce|Eviolite|[from] move: Knock Off|[of] p1a: Meowscarada\n|move|p2a: Dunsparce|Body Slam|p1a: Meowscarada\n|-damage|p1a: Meowscarada|89/247\n|\n|upkeep\n|turn|7\n|\n|t:|1733871481\n|move|p1a: Meowscarada|U-turn|p2a: Dunsparce\n|-crit|p2a: Dunsparce\n|-damage|p2a: Dunsparce|160/312\n|\n|t:|1733871484\n|switch|p1a: Sableye|Sableye, L89, M|234/234|[from] U-turn\n|move|p2a: Dunsparce|Body Slam|p1a: Sableye\n|-immune|p1a: Sableye\n|\n|upkeep\n|turn|8\n|\n|t:|1733871503\n|switch|p2a: Raikou|Raikou, L81|278/278\n|-ability|p2a: Raikou|Pressure\n|move|p1a: Sableye|Thunder Wave|p2a: Raikou\n|-immune|p2a: Raikou\n|\n|upkeep\n|turn|9\n|\n|t:|1733871513\n|move|p2a: Raikou|Volt Switch|p1a: Sableye\n|-crit|p1a: Sableye\n|-damage|p1a: Sableye|26/234\n|\n|t:|1733871517\n|switch|p2a: Dunsparce|Dunsparce, L86, M|160/312|[from] Volt Switch\n|move|p1a: Sableye|Knock Off|p2a: Dunsparce\n|-damage|p2a: Dunsparce|82/312\n|\n|-heal|p1a: Sableye|40/234|[from] item: Leftovers\n|upkeep\n|turn|10\n|\n|t:|1733871525\n|switch|p2a: Raikou|Raikou, L81|278/278\n|-ability|p2a: Raikou|Pressure\n|move|p1a: Sableye|Recover|p1a: Sableye\n|-heal|p1a: Sableye|157/234\n|\n|-heal|p1a: Sableye|171/234|[from] item: Leftovers\n|upkeep\n|turn|11\n|\n|t:|1733871534\n|move|p2a: Raikou|Thunderbolt|p1a: Sableye\n|-damage|p1a: Sableye|0 fnt\n|faint|p1a: Sableye\n|\n|upkeep\n|\n|t:|1733871538\n|switch|p1a: Meowscarada|Meowscarada, L78, F|89/247\n|turn|12\n|\n|t:|1733871545\n|switch|p2a: Infernape|Infernape, L82, F|259/259\n|move|p1a: Meowscarada|Toxic Spikes|p2a: Infernape\n|-start|p1a: Meowscarada|typechange|Poison|[from] ability: Protean\n|-sidestart|p2: andresruizf|move: Toxic Spikes\n|\n|upkeep\n|turn|13\n|\n|t:|1733871556\n|move|p1a: Meowscarada|U-turn|p2a: Infernape\n|-resisted|p2a: Infernape\n|-damage|p2a: Infernape|245/259\n|\n|t:|1733871559\n|switch|p1a: Salazzle|Salazzle, L83, F|249/249|[from] U-turn\n|move|p2a: Infernape|Swords Dance|p2a: Infernape\n|-boost|p2a: Infernape|atk|2\n|\n|upkeep\n|turn|14\n|\n|t:|1733871567\n|move|p1a: Salazzle|Sludge Wave|p2a: Infernape\n|-damage|p2a: Infernape|101/259\n|move|p2a: Infernape|Flare Blitz|p1a: Salazzle\n|-resisted|p1a: Salazzle\n|-damage|p1a: Salazzle|27/249\n|-damage|p2a: Infernape|28/259|[from] Recoil\n|-damage|p2a: Infernape|3/259|[from] item: Life Orb\n|\n|upkeep\n|turn|15\n|\n|t:|1733871582\n|move|p2a: Infernape|Mach Punch|p1a: Salazzle\n|-resisted|p1a: Salazzle\n|-damage|p1a: Salazzle|0 fnt\n|faint|p1a: Salazzle\n|-damage|p2a: Infernape|0 fnt|[from] item: Life Orb\n|faint|p2a: Infernape\n|\n|upkeep\n|\n|t:|1733871591\n|switch|p1a: Meowscarada|Meowscarada, L78, F|89/247\n|switch|p2a: Swanna|Swanna, L88, M|275/275\n|turn|16\n|\n|t:|1733871598\n|move|p1a: Meowscarada|Toxic Spikes|p2a: Swanna\n|-start|p1a: Meowscarada|typechange|Poison|[from] ability: Protean\n|-sidestart|p2: andresruizf|move: Toxic Spikes\n|move|p2a: Swanna|Defog|p1a: Meowscarada\n|-unboost|p1a: Meowscarada|evasion|1\n|-sideend|p2: andresruizf|Toxic Spikes|[from] move: Defog|[of] p2a: Swanna\n|\n|upkeep\n|turn|17\n|\n|t:|1733871612\n|move|p1a: Meowscarada|Flower Trick|p2a: Swanna\n|-crit|p2a: Swanna\n|-damage|p2a: Swanna|187/275\n|move|p2a: Swanna|Hydro Pump|p1a: Meowscarada\n|-damage|p1a: Meowscarada|0 fnt\n|faint|p1a: Meowscarada\n|\n|upkeep\n|\n|t:|1733871622\n|switch|p1a: Iron Hands|Iron Hands, L79|373/373\n|turn|18\n|\n|t:|1733871647\n|switch|p2a: Raikou|Raikou, L81|278/278\n|-ability|p2a: Raikou|Pressure\n|move|p1a: Iron Hands|Wild Charge|p2a: Raikou\n|-resisted|p2a: Raikou\n|-damage|p2a: Raikou|207/278\n|-damage|p1a: Iron Hands|355/373|[from] Recoil\n|\n|-heal|p1a: Iron Hands|373/373|[from] item: Leftovers\n|upkeep\n|turn|19\n|\n|t:|1733871657\n|move|p2a: Raikou|Scald|p1a: Iron Hands\n|-damage|p1a: Iron Hands|251/373\n|move|p1a: Iron Hands|Swords Dance|p1a: Iron Hands\n|-boost|p1a: Iron Hands|atk|2\n|\n|-heal|p1a: Iron Hands|274/373|[from] item: Leftovers\n|upkeep\n|turn|20\n|\n|t:|1733871664\n|move|p2a: Raikou|Scald|p1a: Iron Hands\n|-damage|p1a: Iron Hands|151/373\n|move|p1a: Iron Hands|Drain Punch|p2a: Raikou\n|-damage|p2a: Raikou|5/278\n|-heal|p1a: Iron Hands|252/373|[from] drain|[of] p2a: Raikou\n|\n|-heal|p1a: Iron Hands|275/373|[from] item: Leftovers\n|upkeep\n|turn|21\n|\n|t:|1733871676\n|move|p2a: Raikou|Scald|p1a: Iron Hands\n|-damage|p1a: Iron Hands|165/373\n|move|p1a: Iron Hands|Swords Dance|p1a: Iron Hands\n|-boost|p1a: Iron Hands|atk|2\n|\n|-heal|p1a: Iron Hands|188/373|[from] item: Leftovers\n|upkeep\n|turn|22\n|\n|t:|1733871684\n|move|p2a: Raikou|Scald|p1a: Iron Hands\n|-crit|p1a: Iron Hands\n|-damage|p1a: Iron Hands|15/373\n|-status|p1a: Iron Hands|brn\n|move|p1a: Iron Hands|Drain Punch|p2a: Raikou\n|-damage|p2a: Raikou|0 fnt\n|-heal|p1a: Iron Hands|18/373 brn|[from] drain|[of] p2a: Raikou\n|faint|p2a: Raikou\n|\n|-heal|p1a: Iron Hands|41/373 brn|[from] item: Leftovers\n|-damage|p1a: Iron Hands|18/373 brn|[from] brn\n|upkeep\n|\n|t:|1733871703\n|switch|p2a: Dunsparce|Dunsparce, L86, M|82/312\n|turn|23\n|\n|t:|1733871706\n|move|p2a: Dunsparce|Earthquake|p1a: Iron Hands\n|-supereffective|p1a: Iron Hands\n|-damage|p1a: Iron Hands|0 fnt\n|faint|p1a: Iron Hands\n|-end|p1a: Iron Hands|Quark Drive|[silent]\n|\n|upkeep\n|\n|t:|1733871711\n|switch|p1a: Landorus|Landorus, L75, M|257/257\n|turn|24\n|\n|t:|1733871717\n|move|p1a: Landorus|Sludge Wave|p2a: Dunsparce\n|-damage|p2a: Dunsparce|0 fnt\n|faint|p2a: Dunsparce\n|\n|upkeep\n|\n|t:|1733871723\n|switch|p2a: Regice|Regice, L88|284/284\n|turn|25\n|\n|t:|1733871732\n|switch|p1a: Fezandipiti|Fezandipiti, L82, M|93/278 par\n|move|p2a: Regice|Ice Beam|p1a: Fezandipiti\n|-damage|p1a: Fezandipiti|15/278 par\n|\n|-heal|p1a: Fezandipiti|32/278 par|[from] item: Leftovers\n|upkeep\n|turn|26\n|\n|t:|1733871746\n|move|p2a: Regice|Ice Beam|p1a: Fezandipiti\n|-damage|p1a: Fezandipiti|0 fnt\n|faint|p1a: Fezandipiti\n|\n|upkeep\n|\n|t:|1733871747\n|switch|p1a: Landorus|Landorus, L75, M|257/257\n|turn|27\n|\n|t:|1733871753\n|switch|p2a: Vivillon|Vivillon-Polar, L84, M|272/272\n|-terastallize|p1a: Landorus|Ground\n|move|p1a: Landorus|Earth Power|p2a: Vivillon\n|-immune|p2a: Vivillon\n|\n|upkeep\n|turn|28\n|\n|t:|1733871761\n|move|p2a: Vivillon|Sleep Powder|p1a: Landorus\n|-status|p1a: Landorus|slp|[from] move: Sleep Powder\n|cant|p1a: Landorus|slp\n|\n|upkeep\n|turn|29\n|-message|OverWhat forfeited.\n|\n|win|andresruizf\n|raw|OverWhat's rating: 1669 &rarr; <strong>1651</strong><br />(-18 for losing)\n|raw|andresruizf's rating: 1710 &rarr; <strong>1728</strong><br />(+18 for winning)\n|l|\u2606OverWhat\n|player|p1|\n", "inputlog": ">version bfd83cad13791eb5a5a409923076391caf6fb4d4\n>start {\"formatid\":\"gen9randombattle\",\"seed\":[32057,25562,60386,30981],\"rated\":\"Rated battle\"}\n>player p1 {\"name\":\"OverWhat\",\"avatar\":\"drayden\",\"rating\":1669,\"seed\":[22132,23716,15719,47996]}\n>player p2 {\"name\":\"andresruizf\",\"avatar\":\"iono\",\"rating\":1710,\"seed\":[62081,20426,21058,63904]}\n>p1 switch 5\n>p2 move thunderwave\n>p1 move playrough\n>p2 switch 2\n>p1 move playrough\n>p2 move bodyslam\n>p1 move playrough\n>p2 move earthquake\n>p1 switch 3\n>p2 move earthquake\n>p1 move knockoff\n>p2 move bodyslam\n>p1 move uturn\n>p2 move bodyslam\n>p1 switch 6\n>p1 move thunderwave\n>p2 switch 4\n>p1 move knockoff\n>p2 move voltswitch\n>p2 switch 4\n>p1 move recover\n>p2 switch 4\n>p1 move knockoff\n>p2 move thunderbolt\n>p1 switch 6\n>p1 move toxicspikes\n>p2 switch 6\n>p1 move uturn\n>p2 move swordsdance\n>p1 switch 4\n>p1 move sludgewave\n>p2 move flareblitz\n>p1 move sludgewave\n>p2 move machpunch\n>p1 switch 4\n>p2 switch 5\n>p1 move toxicspikes\n>p2 move defog\n>p1 move flowertrick\n>p2 move hydropump\n>p1 switch 2\n>p1 move wildcharge\n>p2 switch 6\n>p1 move swordsdance\n>p2 move scald\n>p1 move drainpunch\n>p2 move scald\n>p1 move swordsdance\n>p2 move scald\n>p1 move drainpunch\n>p2 move scald\n>p2 switch 4\n>p1 move drainpunch\n>p2 move earthquake\n>p1 switch 5\n>p1 move sludgewave\n>p2 move bodyslam\n>p2 switch 2\n>p1 switch 3\n>p2 move icebeam\n>p1 move roost\n>p2 move icebeam\n>p1 switch 3\n>p1 move earthpower terastallize\n>p2 switch 3\n>p1 move sludgewave\n>p2 move sleeppowder\n>forcelose p1", "uploadtime": 1733871778, "views": 3, "formatid": "gen9randombattle", "rating": 1651, "private": 0, "password": null}