{"id": "gen9randombattle-2260869316", "format": "[Gen 9] Random Battle", "players": ["ppap19990", "ellthesylveon"], "log": "|j|\u2606ppap19990\n|j|\u2606ellthesylveon\n|t:|1733907728\n|gametype|singles\n|player|p1|ppap19990|169|1307\n|player|p2|ellthesylveon|lady|1291\n|teamsize|p1|6\n|teamsize|p2|6\n|gen|9\n|tier|[Gen 9] Random Battle\n|rated|\n|rule|Species Clause: Limit one of each Pok\u00e9mon\n|rule|HP Percentage Mod: HP is shown in percentages\n|rule|Sleep Clause Mod: Limit one foe put to sleep\n|rule|Illusion Level Mod: Illusion disguises the Pok\u00e9mon's true level\n|\n|t:|1733907728\n|start\n|switch|p1a: Toedscruel|Toedscruel, L87, M|281/281\n|switch|p2a: Toucannon|Toucannon, L88, F|284/284\n|turn|1\n|inactive|Battle timer is ON: inactive players will automatically lose when time's up. (requested by ellthesylveon)\n|\n|t:|1733907742\n|switch|p1a: Smeargle|Smeargle, L95, F|258/258\n|-singleturn|p2a: Toucannon|move: Beak Blast\n|move|p2a: Toucannon|Beak Blast|p1a: Smeargle\n|-damage|p1a: Smeargle|26/258\n|\n|upkeep\n|turn|2\n|\n|t:|1733907768\n|move|p1a: Smeargle|Spore|p2a: Toucannon\n|-status|p2a: Toucannon|slp|[from] move: Spore\n|cant|p2a: Toucannon|slp\n|\n|upkeep\n|turn|3\n|\n|t:|1733907775\n|switch|p2a: Ditto|Ditto, L87|225/225\n|-transform|p2a: Ditto|p1a: Smeargle|[from] ability: Imposter\n|move|p1a: Smeargle|Shell Smash|p1a: Smeargle\n|-unboost|p1a: Smeargle|def|1\n|-unboost|p1a: Smeargle|spd|1\n|-boost|p1a: Smeargle|atk|2\n|-boost|p1a: Smeargle|spa|2\n|-boost|p1a: Smeargle|spe|2\n|\n|upkeep\n|turn|4\n|\n|t:|1733907786\n|move|p1a: Smeargle|Population Bomb|p2a: Ditto\n|-damage|p2a: Ditto|173/225\n|-damage|p2a: Ditto|118/225\n|-damage|p2a: Ditto|70/225\n|-damage|p2a: Ditto|15/225\n|-damage|p2a: Ditto|0 fnt\n|faint|p2a: Ditto\n|-hitcount|p2: Ditto|5\n|\n|upkeep\n|\n|t:|1733907799\n|switch|p2a: Krookodile|Krookodile, L80, F|283/283\n|-ability|p2a: Krookodile|Intimidate|boost\n|-unboost|p1a: Smeargle|atk|1\n|turn|5\n|\n|t:|1733907813\n|move|p1a: Smeargle|Population Bomb|p2a: Krookodile\n|-damage|p2a: Krookodile|256/283\n|-damage|p2a: Krookodile|229/283\n|-damage|p2a: Krookodile|201/283\n|-damage|p2a: Krookodile|170/283\n|-damage|p2a: Krookodile|139/283\n|-damage|p2a: Krookodile|112/283\n|-damage|p2a: Krookodile|82/283\n|-damage|p2a: Krookodile|52/283\n|-damage|p2a: Krookodile|27/283\n|-damage|p2a: Krookodile|0 fnt\n|faint|p2a: Krookodile\n|-hitcount|p2: Krookodile|10\n|\n|upkeep\n|\n|t:|1733907826\n|switch|p2a: Tyranitar|Tyranitar, L79, M|288/288\n|-weather|Sandstorm|[from] ability: Sand Stream|[of] p2a: Tyranitar\n|turn|6\n|\n|t:|1733907838\n|move|p1a: Smeargle|Population Bomb|p2a: Tyranitar\n|-resisted|p2a: Tyranitar\n|-damage|p2a: Tyranitar|276/288\n|-resisted|p2a: Tyranitar\n|-damage|p2a: Tyranitar|265/288\n|-resisted|p2a: Tyranitar\n|-damage|p2a: Tyranitar|254/288\n|-resisted|p2a: Tyranitar\n|-damage|p2a: Tyranitar|242/288\n|-resisted|p2a: Tyranitar\n|-damage|p2a: Tyranitar|232/288\n|-resisted|p2a: Tyranitar\n|-damage|p2a: Tyranitar|222/288\n|-resisted|p2a: Tyranitar\n|-damage|p2a: Tyranitar|210/288\n|-resisted|p2a: Tyranitar\n|-damage|p2a: Tyranitar|200/288\n|-resisted|p2a: Tyranitar\n|-damage|p2a: Tyranitar|189/288\n|-resisted|p2a: Tyranitar\n|-damage|p2a: Tyranitar|178/288\n|-hitcount|p2a: Tyranitar|10\n|move|p2a: Tyranitar|Knock Off|p1a: Smeargle\n|-damage|p1a: Smeargle|0 fnt\n|-enditem|p1a: Smeargle|Wide Lens|[from] move: Knock Off|[of] p2a: Tyranitar\n|faint|p1a: Smeargle\n|\n|-weather|Sandstorm|[upkeep]\n|-heal|p2a: Tyranitar|196/288|[from] item: Leftovers\n|upkeep\n|\n|t:|1733907846\n|switch|p1a: Toedscruel|Toedscruel, L87, M|281/281\n|turn|7\n|\n|t:|1733907856\n|move|p1a: Toedscruel|Knock Off|p2a: Tyranitar\n|-resisted|p2a: Tyranitar\n|-damage|p2a: Tyranitar|170/288\n|-enditem|p2a: Tyranitar|Leftovers|[from] move: Knock Off|[of] p1a: Toedscruel\n|move|p2a: Tyranitar|Ice Punch|p1a: Toedscruel\n|-supereffective|p1a: Toedscruel\n|-damage|p1a: Toedscruel|9/281\n|\n|-weather|Sandstorm|[upkeep]\n|upkeep\n|turn|8\n|\n|t:|1733907876\n|switch|p2a: Toucannon|Toucannon, L88, F|284/284 slp\n|move|p1a: Toedscruel|Earth Power|p2a: Toucannon\n|-immune|p2a: Toucannon\n|\n|-weather|Sandstorm|[upkeep]\n|-damage|p2a: Toucannon|267/284 slp|[from] Sandstorm\n|upkeep\n|turn|9\n|\n|t:|1733907882\n|move|p1a: Toedscruel|Knock Off|p2a: Toucannon\n|-crit|p2a: Toucannon\n|-damage|p2a: Toucannon|178/284 slp\n|-enditem|p2a: Toucannon|Heavy-Duty Boots|[from] move: Knock Off|[of] p1a: Toedscruel\n|cant|p2a: Toucannon|slp\n|\n|-weather|Sandstorm|[upkeep]\n|-damage|p2a: Toucannon|161/284 slp|[from] Sandstorm\n|upkeep\n|turn|10\n|\n|t:|1733907889\n|move|p1a: Toedscruel|Knock Off|p2a: Toucannon\n|-damage|p2a: Toucannon|116/284 slp\n|cant|p2a: Toucannon|slp\n|\n|-weather|none\n|upkeep\n|turn|11\n|\n|t:|1733907900\n|move|p1a: Toedscruel|Knock Off|p2a: Toucannon\n|-damage|p2a: Toucannon|75/284 slp\n|-curestatus|p2a: Toucannon|slp|[msg]\n|move|p2a: Toucannon|Bullet Seed|p1a: Toedscruel\n|-damage|p1a: Toedscruel|0 fnt\n|faint|p1a: Toedscruel\n|-hitcount|p1: Toedscruel|1\n|\n|upkeep\n|\n|t:|1733907907\n|switch|p1a: Lilligant|Lilligant, L86, F|261/261\n|turn|12\n|\n|t:|1733907912\n|-terastallize|p1a: Lilligant|Fire\n|-singleturn|p2a: Toucannon|move: Beak Blast\n|move|p1a: Lilligant|Sleep Powder|p2a: Toucannon|[miss]\n|-miss|p1a: Lilligant|p2a: Toucannon\n|move|p2a: Toucannon|Beak Blast|p1a: Lilligant\n|-damage|p1a: Lilligant|102/261\n|\n|upkeep\n|turn|13\n|\n|t:|1733907922\n|move|p1a: Lilligant|Sleep Powder|p2a: Toucannon\n|-status|p2a: Toucannon|slp|[from] move: Sleep Powder\n|cant|p2a: Toucannon|slp\n|\n|upkeep\n|turn|14\n|\n|t:|1733907925\n|move|p1a: Lilligant|Quiver Dance|p1a: Lilligant\n|-boost|p1a: Lilligant|spa|1\n|-boost|p1a: Lilligant|spd|1\n|-boost|p1a: Lilligant|spe|1\n|cant|p2a: Toucannon|slp\n|\n|upkeep\n|turn|15\n|\n|t:|1733907930\n|-singleturn|p2a: Toucannon|move: Beak Blast\n|move|p1a: Lilligant|Tera Blast|p2a: Toucannon|[anim] Tera Blast Fire\n|-damage|p2a: Toucannon|0 fnt\n|faint|p2a: Toucannon\n|-damage|p1a: Lilligant|76/261|[from] item: Life Orb\n|\n|upkeep\n|\n|t:|1733907937\n|switch|p2a: Tyranitar|Tyranitar, L79, M|170/288\n|-weather|Sandstorm|[from] ability: Sand Stream|[of] p2a: Tyranitar\n|turn|16\n|\n|t:|1733907949\n|move|p1a: Lilligant|Giga Drain|p2a: Tyranitar\n|-supereffective|p2a: Tyranitar\n|-damage|p2a: Tyranitar|0 fnt\n|-heal|p1a: Lilligant|161/261|[from] drain|[of] p2a: Tyranitar\n|faint|p2a: Tyranitar\n|-damage|p1a: Lilligant|135/261|[from] item: Life Orb\n|\n|-weather|Sandstorm|[upkeep]\n|-damage|p1a: Lilligant|119/261|[from] Sandstorm\n|upkeep\n|c|\u2606ellthesylveon|annoying ass bitchhhhhhhhhhhhh\n|n|\u203dellthesylveon|ellthesylveon\n|c|~|/log ellthesylveon was locked from talking by Artemis. (\u2606ellthesylveon: annoying ass bitchhhhhhhhhhhhh)\n|c|~|/raw <small>This action was done automatically. Want to learn more about the AI? <a href=\"https://www.smogon.com/forums/threads/3570628/#post-9056769\">Visit the information thread</a>.</small>\n|-message|ellthesylveon forfeited.\n|\n|win|ppap19990\n", "inputlog": ">version bfd83cad13791eb5a5a409923076391caf6fb4d4\n>start {\"formatid\":\"gen9randombattle\",\"seed\":[45424,3000,23193,53241],\"rated\":\"Rated battle\"}\n>player p1 {\"name\":\"ppap19990\",\"avatar\":\"169\",\"rating\":1307,\"seed\":[10676,54108,7670,36517]}\n>player p2 {\"name\":\"ellthesylveon\",\"avatar\":\"lady\",\"rating\":1291,\"seed\":[12076,37061,25463,41173]}\n>p1 switch 6\n>p2 move beakblast\n>p1 move spore\n>p2 move boomburst\n>p1 move shellsmash\n>p2 switch 3\n>p1 move populationbomb\n>p2 move spore\n>p2 switch 4\n>p1 move populationbomb\n>p2 move knockoff\n>p2 switch 6\n>p1 move populationbomb\n>p2 move knockoff\n>p1 switch 6\n>p1 move knockoff\n>p2 move icepunch\n>p1 move earthpower\n>p2 switch 3\n>p1 move knockoff\n>p2 move boomburst\n>p1 move knockoff\n>p2 move boomburst\n>p1 move knockoff\n>p2 move bulletseed\n>p1 switch 2\n>p1 move sleeppowder terastallize\n>p2 move beakblast\n>p1 move sleeppowder\n>p2 move roost\n>p1 move quiverdance\n>p2 move roost\n>p1 move terablast\n>p2 move beakblast\n>p2 switch 3\n>p1 move gigadrain\n>p2 move stoneedge\n>chat \u2606ellthesylveon|annoying ass bitchhhhhhhhhhhhh\n>forcelose p2", "uploadtime": 1733907957, "views": 1, "formatid": "gen9randombattle", "rating": null, "private": 0, "password": null}