{"id": "gen9randombattle-2260375931", "format": "[Gen 9] Random Battle", "players": ["fhfzfjfufj", "dedededje"], "log": "|j|\u2606fhfzfjfufj\n|j|\u2606dedededje\n|t:|1733845479\n|gametype|singles\n|player|p1|fhfzfjfufj|1|1000\n|player|p2|dedededje|169|1000\n|teamsize|p1|6\n|teamsize|p2|6\n|gen|9\n|tier|[Gen 9] Random Battle\n|rated|\n|rule|Species Clause: Limit one of each Pok\u00e9mon\n|rule|HP Percentage Mod: HP is shown in percentages\n|rule|Sleep Clause Mod: Limit one foe put to sleep\n|rule|Illusion Level Mod: Illusion disguises the Pok\u00e9mon's true level\n|\n|t:|1733845479\n|start\n|switch|p1a: Squawkabilly|Squawkabilly-White, L89, F|291/291\n|switch|p2a: Virizion|Virizion, L82|283/283\n|turn|1\n|inactive|Battle timer is ON: inactive players will automatically lose when time's up. (requested by fhfzfjfufj)\n|\n|t:|1733845489\n|-terastallize|p2a: Virizion|Rock\n|move|p2a: Virizion|Stone Edge|p1a: Squawkabilly\n|-supereffective|p1a: Squawkabilly\n|-damage|p1a: Squawkabilly|0 fnt\n|faint|p1a: Squawkabilly\n|-damage|p2a: Virizion|255/283|[from] item: Life Orb\n|\n|upkeep\n|\n|t:|1733845501\n|switch|p1a: Roaring Moon|Roaring Moon, L72|270/270\n|turn|2\n|\n|t:|1733845528\n|-terastallize|p1a: Roaring Moon|Dragon\n|move|p2a: Virizion|Close Combat|p1a: Roaring Moon\n|-damage|p1a: Roaring Moon|52/270\n|-unboost|p2a: Virizion|def|1\n|-unboost|p2a: Virizion|spd|1\n|-damage|p2a: Virizion|227/283|[from] item: Life Orb\n|move|p1a: Roaring Moon|Dragon Dance|p1a: Roaring Moon\n|-boost|p1a: Roaring Moon|atk|1\n|-boost|p1a: Roaring Moon|spe|1\n|\n|upkeep\n|turn|3\n|\n|t:|1733845541\n|move|p1a: Roaring Moon|Earthquake|p2a: Virizion\n|-supereffective|p2a: Virizion\n|-damage|p2a: Virizion|0 fnt\n|faint|p2a: Virizion\n|\n|upkeep\n|\n|t:|1733845546\n|switch|p2a: Umbreon|Umbreon, L84, F|297/297\n|turn|4\n|\n|t:|1733845551\n|move|p1a: Roaring Moon|Outrage|p2a: Umbreon\n|-damage|p2a: Umbreon|69/297\n|move|p2a: Umbreon|Foul Play|p1a: Roaring Moon\n|-damage|p1a: Roaring Moon|0 fnt\n|faint|p1a: Roaring Moon\n|-end|p1a: Roaring Moon|Protosynthesis|[silent]\n|\n|-heal|p2a: Umbreon|87/297|[from] item: Leftovers\n|upkeep\n|\n|t:|1733845566\n|switch|p1a: Leavanny|Leavanny, L86, M|269/269\n|turn|5\n|\n|t:|1733845585\n|switch|p2a: Cinderace|Cinderace, L77, M|249/249\n|move|p1a: Leavanny|Sticky Web|p2a: Cinderace\n|-sidestart|p2: dedededje|move: Sticky Web\n|\n|upkeep\n|turn|6\n|\n|t:|1733845596\n|switch|p1a: Slowbro|Slowbro-Galar, L87, M|307/307\n|move|p2a: Cinderace|Court Change|p2a: Cinderace\n|-start|p2a: Cinderace|typechange|Normal|[from] ability: Libero\n|-swapsideconditions\n|-activate|p2a: Cinderace|move: Court Change\n|\n|upkeep\n|turn|7\n|\n|t:|1733845606\n|move|p2a: Cinderace|U-turn|p1a: Slowbro\n|-damage|p1a: Slowbro|260/307\n|\n|t:|1733845613\n|switch|p2a: Umbreon|Umbreon, L84, F|87/297|[from] U-turn\n|move|p1a: Slowbro|Trick Room|p1a: Slowbro\n|-fieldstart|move: Trick Room|[of] p1a: Slowbro\n|\n|-heal|p2a: Umbreon|105/297|[from] item: Leftovers\n|upkeep\n|turn|8\n|\n|t:|1733845623\n|move|p1a: Slowbro|Shell Side Arm|p2a: Umbreon|[anim] Shell Side Arm Physical\n|-damage|p2a: Umbreon|0 fnt\n|-hint|Physical Shell Side Arm\n|faint|p2a: Umbreon\n|-damage|p1a: Slowbro|230/307|[from] item: Life Orb\n|\n|upkeep\n|\n|t:|1733845643\n|switch|p2a: Rayquaza|Rayquaza, L72|270/270\n|-ability|p2a: Rayquaza|Air Lock\n|turn|9\n|\n|t:|1733845652\n|move|p1a: Slowbro|Shell Side Arm|p2a: Rayquaza|[anim] Shell Side Arm Physical\n|-damage|p2a: Rayquaza|126/270\n|-hint|Physical Shell Side Arm\n|-damage|p1a: Slowbro|200/307|[from] item: Life Orb\n|move|p2a: Rayquaza|Earthquake|p1a: Slowbro\n|-supereffective|p1a: Slowbro\n|-damage|p1a: Slowbro|56/307\n|\n|upkeep\n|turn|10\n|\n|t:|1733845670\n|move|p1a: Slowbro|Psychic|p2a: Rayquaza\n|-damage|p2a: Rayquaza|0 fnt\n|faint|p2a: Rayquaza\n|-damage|p1a: Slowbro|26/307|[from] item: Life Orb\n|\n|upkeep\n|\n|t:|1733845672\n|switch|p2a: Cinderace|Cinderace, L77, M|249/249\n|turn|11\n|\n|t:|1733845680\n|switch|p2a: Sawsbuck|Sawsbuck-Autumn, L88, F|284/284\n|move|p1a: Slowbro|Shell Side Arm|p2a: Sawsbuck|[anim] Shell Side Arm Special\n|-supereffective|p2a: Sawsbuck\n|-damage|p2a: Sawsbuck|0 fnt\n|-hint|Special Shell Side Arm\n|faint|p2a: Sawsbuck\n|-damage|p1a: Slowbro|0 fnt|[from] item: Life Orb\n|faint|p1a: Slowbro\n|\n|-fieldend|move: Trick Room\n|upkeep\n|inactive|dedededje has 120 seconds left.\n|\n|t:|1733845724\n|switch|p2a: Cinderace|Cinderace, L77, M|249/249\n|switch|p1a: Pecharunt|Pecharunt, L77|262/262\n|-activate|p1a: Pecharunt|move: Sticky Web\n|-unboost|p1a: Pecharunt|spe|1\n|turn|12\n|\n|t:|1733845735\n|move|p2a: Cinderace|U-turn|p1a: Pecharunt\n|-start|p2a: Cinderace|typechange|Bug|[from] ability: Libero\n|-resisted|p1a: Pecharunt\n|-damage|p1a: Pecharunt|249/262\n|inactive|dedededje has 120 seconds left.\n|\n|t:|1733845747\n|switch|p2a: Okidogi|Okidogi, L77, M|262/262|[from] U-turn\n|move|p1a: Pecharunt|Malignant Chain|p2a: Okidogi\n|-resisted|p2a: Okidogi\n|-damage|p2a: Okidogi|231/262\n|\n|-heal|p1a: Pecharunt|262/262|[from] item: Leftovers\n|upkeep\n|turn|13\n|\n|t:|1733845762\n|switch|p1a: Rabsca|Rabsca, L91, M|284/284\n|move|p2a: Okidogi|Knock Off|p1a: Rabsca\n|-supereffective|p1a: Rabsca\n|-damage|p1a: Rabsca|136/284\n|-enditem|p1a: Rabsca|Heavy-Duty Boots|[from] move: Knock Off|[of] p2a: Okidogi\n|\n|upkeep\n|turn|14\n|\n|t:|1733845776\n|move|p2a: Okidogi|Knock Off|p1a: Rabsca\n|-supereffective|p1a: Rabsca\n|-damage|p1a: Rabsca|42/284\n|move|p1a: Rabsca|Revival Blessing|p1a: Rabsca\n|\n|t:|1733845782\n|-heal|p1: Roaring Moon|135/270|[from] move: Revival Blessing\n|\n|upkeep\n|turn|15\n|\n|t:|1733845791\n|move|p2a: Okidogi|Knock Off|p1a: Rabsca\n|-supereffective|p1a: Rabsca\n|-damage|p1a: Rabsca|0 fnt\n|faint|p1a: Rabsca\n|\n|upkeep\n|\n|t:|1733845798\n|switch|p1a: Roaring Moon|Roaring Moon, L72|135/270\n|-activate|p1a: Roaring Moon|move: Sticky Web\n|-unboost|p1a: Roaring Moon|spe|1\n|turn|16\n|\n|t:|1733845812\n|-end|p1a: Roaring Moon|Protosynthesis|[silent]\n|switch|p1a: Pecharunt|Pecharunt, L77|262/262\n|-activate|p1a: Pecharunt|move: Sticky Web\n|-unboost|p1a: Pecharunt|spe|1\n|move|p2a: Okidogi|Drain Punch|p1a: Pecharunt\n|-immune|p1a: Pecharunt\n|\n|upkeep\n|turn|17\n|\n|t:|1733845826\n|move|p2a: Okidogi|Knock Off|p1a: Pecharunt\n|-supereffective|p1a: Pecharunt\n|-damage|p1a: Pecharunt|172/262\n|-enditem|p1a: Pecharunt|Leftovers|[from] move: Knock Off|[of] p2a: Okidogi\n|move|p1a: Pecharunt|Parting Shot|p2a: Okidogi\n|-unboost|p2a: Okidogi|atk|1\n|-unboost|p2a: Okidogi|spa|1\n|\n|t:|1733845833\n|switch|p1a: Leavanny|Leavanny, L86, M|269/269|[from] Parting Shot\n|\n|upkeep\n|turn|18\n|\n|t:|1733845844\n|switch|p2a: Cinderace|Cinderace, L77, M|249/249\n|move|p1a: Leavanny|Sticky Web|p2a: Cinderace\n|-sidestart|p2: dedededje|move: Sticky Web\n|\n|upkeep\n|turn|19\n|\n|t:|1733845856\n|switch|p1a: Roaring Moon|Roaring Moon, L72|135/270\n|-activate|p1a: Roaring Moon|move: Sticky Web\n|-unboost|p1a: Roaring Moon|spe|1\n|move|p2a: Cinderace|Pyro Ball|p1a: Roaring Moon\n|-resisted|p1a: Roaring Moon\n|-damage|p1a: Roaring Moon|57/270\n|\n|upkeep\n|turn|20\n|\n|t:|1733845867\n|move|p2a: Cinderace|Pyro Ball|p1a: Roaring Moon\n|-resisted|p1a: Roaring Moon\n|-damage|p1a: Roaring Moon|0 fnt\n|faint|p1a: Roaring Moon\n|-end|p1a: Roaring Moon|Protosynthesis|[silent]\n|\n|upkeep\n|\n|t:|1733845871\n|switch|p1a: Pecharunt|Pecharunt, L77|172/262\n|-activate|p1a: Pecharunt|move: Sticky Web\n|-unboost|p1a: Pecharunt|spe|1\n|turn|21\n|\n|t:|1733845879\n|move|p2a: Cinderace|Pyro Ball|p1a: Pecharunt\n|-damage|p1a: Pecharunt|85/262\n|move|p1a: Pecharunt|Malignant Chain|p2a: Cinderace\n|-damage|p2a: Cinderace|147/249\n|\n|upkeep\n|turn|22\n|\n|t:|1733845885\n|move|p2a: Cinderace|Pyro Ball|p1a: Pecharunt\n|-crit|p1a: Pecharunt\n|-damage|p1a: Pecharunt|0 fnt\n|faint|p1a: Pecharunt\n|\n|upkeep\n|\n|t:|1733845890\n|switch|p1a: Leavanny|Leavanny, L86, M|269/269\n|turn|23\n|\n|t:|1733845900\n|move|p2a: Cinderace|Pyro Ball|p1a: Leavanny\n|-supereffective|p1a: Leavanny\n|-damage|p1a: Leavanny|0 fnt\n|faint|p1a: Leavanny\n|\n|win|dedededje\n|raw|fhfzfjfufj's rating: 1000 &rarr; <strong>1000</strong><br />(+0 for losing)\n|raw|dedededje's rating: 1040 &rarr; <strong>1070</strong><br />(+30 for winning)\n", "inputlog": ">version bfd83cad13791eb5a5a409923076391caf6fb4d4\n>start {\"formatid\":\"gen9randombattle\",\"seed\":[4862,61091,25472,37525],\"rated\":\"Rated battle\"}\n>player p1 {\"name\":\"fhfzfjfufj\",\"avatar\":\"1\",\"rating\":1000,\"seed\":[57340,21189,38073,49735]}\n>player p2 {\"name\":\"dedededje\",\"avatar\":\"169\",\"rating\":1000,\"seed\":[56885,4922,39828,29766]}\n>p1 move partingshot\n>p2 move stoneedge terastallize\n>p1 switch 4\n>p1 move dragondance terastallize\n>p2 move closecombat\n>p1 move earthquake\n>p2 move closecombat\n>p2 switch 5\n>p1 move outrage\n>p2 move foulplay\n>p1 switch 5\n>p1 move stickyweb\n>p2 switch 6\n>p1 switch 2\n>p2 move courtchange\n>p1 move trickroom\n>p2 move uturn\n>p2 switch 6\n>p1 move shellsidearm\n>p2 move wish\n>p2 switch 4\n>p1 move shellsidearm\n>p2 move earthquake\n>p1 move psychic\n>p2 move dragondance\n>p2 switch 6\n>p1 move shellsidearm\n>p2 switch 3\n>p1 switch 6\n>p2 switch 3\n>p1 move malignantchain\n>p2 move uturn\n>p2 switch 2\n>p1 switch 3\n>p2 move knockoff\n>p1 move revivalblessing\n>p2 move knockoff\n>p1 switch 5\n>p1 move recover\n>p2 move knockoff\n>p1 switch 5\n>p1 switch 3\n>p2 move drainpunch\n>p1 move partingshot\n>p2 move knockoff\n>p1 switch 2\n>p1 move stickyweb\n>p2 switch 2\n>p1 switch 3\n>p2 move pyroball\n>p1 move earthquake\n>p2 move pyroball\n>p1 switch 2\n>p1 move malignantchain\n>p2 move pyroball\n>p1 move recover\n>p2 move pyroball\n>p1 switch 3\n>p1 move leafblade\n>p2 move pyroball", "uploadtime": 1733845910, "views": 1, "formatid": "gen9randombattle", "rating": 1000, "private": 0, "password": null}