{"id": "gen9randombattle-2260630884", "format": "[Gen 9] Random Battle", "players": ["blaze1111799", "Chocolat_Gelatto"], "log": "|j|\u2606blaze1111799\n|j|\u2606Chocolat_Gelatto\n|t:|1733871422\n|gametype|singles\n|player|p1|blaze1111799|266|1404\n|player|p2|Chocolat_Gelatto|lady-gen4|1360\n|teamsize|p1|6\n|teamsize|p2|6\n|gen|9\n|tier|[Gen 9] Random Battle\n|rated|\n|rule|Species Clause: Limit one of each Pok\u00e9mon\n|rule|HP Percentage Mod: HP is shown in percentages\n|rule|Sleep Clause Mod: Limit one foe put to sleep\n|rule|Illusion Level Mod: Illusion disguises the Pok\u00e9mon's true level\n|\n|t:|1733871422\n|start\n|switch|p1a: Raging Bolt|Raging Bolt, L78|323/323\n|switch|p2a: Polteageist|Polteageist-Antique, L79|224/224\n|turn|1\n|inactive|Battle timer is ON: inactive players will automatically lose when time's up. (requested by blaze1111799)\n|\n|t:|1733871438\n|switch|p2a: Donphan|Donphan, L84, F|288/288\n|move|p1a: Raging Bolt|Volt Switch|p2a: Donphan\n|-immune|p2a: Donphan\n|\n|upkeep\n|turn|2\n|\n|t:|1733871445\n|-end|p1a: Raging Bolt|Protosynthesis|[silent]\n|switch|p1a: Tropius|Tropius, L91, F|328/328\n|move|p2a: Donphan|Stealth Rock|p1a: Tropius\n|-sidestart|p1: blaze1111799|move: Stealth Rock\n|\n|upkeep\n|turn|3\n|\n|t:|1733871465\n|move|p1a: Tropius|Leech Seed|p2a: Donphan\n|-start|p2a: Donphan|move: Leech Seed\n|move|p2a: Donphan|Ice Spinner|p1a: Tropius\n|-supereffective|p1a: Tropius\n|-damage|p1a: Tropius|72/328\n|-enditem|p1a: Tropius|Sitrus Berry|[eat]\n|-heal|p1a: Tropius|154/328|[from] item: Sitrus Berry\n|\n|-damage|p2a: Donphan|252/288|[from] Leech Seed|[of] p1a: Tropius\n|-heal|p1a: Tropius|190/328|[silent]\n|-item|p1a: Tropius|Sitrus Berry|[from] ability: Harvest\n|upkeep\n|turn|4\n|\n|t:|1733871488\n|switch|p2a: Whimsicott|Whimsicott, L85, F|241/241\n|move|p1a: Tropius|Protect||[still]\n|-fail|p1a: Tropius\n|\n|upkeep\n|turn|5\n|\n|t:|1733871496\n|move|p2a: Whimsicott|Encore|p1a: Tropius\n|-start|p1a: Tropius|Encore\n|move|p1a: Tropius|Protect||[still]\n|-fail|p1a: Tropius\n|\n|upkeep\n|turn|6\n|\n|t:|1733871510\n|switch|p2a: Donphan|Donphan, L84, F|252/288\n|switch|p1a: Thundurus|Thundurus, L80, M|258/258\n|\n|-heal|p2a: Donphan|270/288|[from] item: Leftovers\n|upkeep\n|turn|7\n|\n|t:|1733871523\n|-terastallize|p1a: Thundurus|Grass\n|move|p1a: Thundurus|Grass Knot|p2a: Donphan\n|-supereffective|p2a: Donphan\n|-damage|p2a: Donphan|0 fnt\n|faint|p2a: Donphan\n|\n|upkeep\n|\n|t:|1733871533\n|switch|p2a: Salazzle|Salazzle, L83, F|249/249\n|turn|8\n|inactive|blaze1111799 has 120 seconds left.\n|\n|t:|1733871583\n|switch|p1a: Sudowoodo|Sudowoodo, L94, M|284/284\n|-damage|p1a: Sudowoodo|249/284|[from] Stealth Rock\n|move|p2a: Salazzle|Substitute|p2a: Salazzle\n|-start|p2a: Salazzle|Substitute\n|-damage|p2a: Salazzle|187/249\n|\n|-heal|p2a: Salazzle|202/249|[from] item: Leftovers\n|-heal|p1a: Sudowoodo|266/284|[from] item: Leftovers\n|upkeep\n|turn|9\n|\n|t:|1733871593\n|move|p2a: Salazzle|Toxic|p1a: Sudowoodo\n|-status|p1a: Sudowoodo|tox\n|move|p1a: Sudowoodo|Stealth Rock|p2a: Salazzle\n|-sidestart|p2: Chocolat_Gelatto|move: Stealth Rock\n|\n|-heal|p2a: Salazzle|217/249|[from] item: Leftovers\n|-heal|p1a: Sudowoodo|283/284 tox|[from] item: Leftovers\n|-damage|p1a: Sudowoodo|266/284 tox|[from] psn\n|upkeep\n|turn|10\n|\n|t:|1733871606\n|move|p2a: Salazzle|Flamethrower|p1a: Sudowoodo\n|-resisted|p1a: Sudowoodo\n|-damage|p1a: Sudowoodo|209/284 tox\n|move|p1a: Sudowoodo|Earthquake|p2a: Salazzle\n|-supereffective|p2a: Salazzle\n|-end|p2a: Salazzle|Substitute\n|\n|-heal|p2a: Salazzle|232/249|[from] item: Leftovers\n|-heal|p1a: Sudowoodo|226/284 tox|[from] item: Leftovers\n|-damage|p1a: Sudowoodo|192/284 tox|[from] psn\n|upkeep\n|turn|11\n|\n|t:|1733871616\n|move|p2a: Salazzle|Protect|p2a: Salazzle\n|-singleturn|p2a: Salazzle|Protect\n|move|p1a: Sudowoodo|Earthquake|p2a: Salazzle\n|-activate|p2a: Salazzle|move: Protect\n|\n|-heal|p2a: Salazzle|247/249|[from] item: Leftovers\n|-heal|p1a: Sudowoodo|209/284 tox|[from] item: Leftovers\n|-damage|p1a: Sudowoodo|158/284 tox|[from] psn\n|upkeep\n|turn|12\n|\n|t:|1733871627\n|switch|p2a: Whimsicott|Whimsicott, L85, F|241/241\n|-damage|p2a: Whimsicott|211/241|[from] Stealth Rock\n|move|p1a: Sudowoodo|Earthquake|p2a: Whimsicott\n|-resisted|p2a: Whimsicott\n|-damage|p2a: Whimsicott|169/241\n|\n|-heal|p2a: Whimsicott|184/241|[from] item: Leftovers\n|-heal|p1a: Sudowoodo|175/284 tox|[from] item: Leftovers\n|-damage|p1a: Sudowoodo|107/284 tox|[from] psn\n|upkeep\n|turn|13\n|\n|t:|1733871638\n|move|p2a: Whimsicott|Leech Seed|p1a: Sudowoodo|[miss]\n|-miss|p2a: Whimsicott|p1a: Sudowoodo\n|move|p1a: Sudowoodo|Head Smash|p2a: Whimsicott|[miss]\n|-miss|p1a: Sudowoodo|p2a: Whimsicott\n|\n|-heal|p2a: Whimsicott|199/241|[from] item: Leftovers\n|-heal|p1a: Sudowoodo|124/284 tox|[from] item: Leftovers\n|-damage|p1a: Sudowoodo|39/284 tox|[from] psn\n|upkeep\n|turn|14\n|\n|t:|1733871654\n|move|p2a: Whimsicott|Moonblast|p1a: Sudowoodo\n|-damage|p1a: Sudowoodo|0 fnt\n|faint|p1a: Sudowoodo\n|\n|-heal|p2a: Whimsicott|214/241|[from] item: Leftovers\n|upkeep\n|\n|t:|1733871670\n|switch|p1a: Thundurus|Thundurus, L80, M, tera:Grass|258/258\n|turn|15\n|\n|t:|1733871685\n|move|p1a: Thundurus|Thunder Wave|p2a: Whimsicott\n|-status|p2a: Whimsicott|par\n|move|p2a: Whimsicott|Moonblast|p1a: Thundurus\n|-damage|p1a: Thundurus|152/258\n|\n|-heal|p2a: Whimsicott|229/241 par|[from] item: Leftovers\n|upkeep\n|turn|16\n|\n|t:|1733871701\n|move|p1a: Thundurus|Taunt|p2a: Whimsicott\n|-start|p2a: Whimsicott|move: Taunt\n|cant|p2a: Whimsicott|move: Taunt|Encore\n|\n|-heal|p2a: Whimsicott|241/241 par|[from] item: Leftovers\n|upkeep\n|turn|17\n|\n|t:|1733871709\n|switch|p1a: Komala|Komala, L89, M|260/260\n|-damage|p1a: Komala|228/260|[from] Stealth Rock\n|-ability|p1a: Komala|Comatose\n|move|p2a: Whimsicott|Moonblast|p1a: Komala\n|-damage|p1a: Komala|179/260\n|\n|upkeep\n|turn|18\n|\n|t:|1733871722\n|move|p1a: Komala|Rapid Spin|p2a: Whimsicott\n|-damage|p2a: Whimsicott|177/241 par\n|-boost|p1a: Komala|spe|1\n|-sideend|p1: blaze1111799|Stealth Rock|[from] move: Rapid Spin|[of] p1a: Komala\n|move|p2a: Whimsicott|Moonblast|p1a: Komala\n|-damage|p1a: Komala|125/260\n|\n|-heal|p2a: Whimsicott|192/241 par|[from] item: Leftovers\n|-end|p2a: Whimsicott|move: Taunt\n|upkeep\n|turn|19\n|\n|t:|1733871733\n|move|p2a: Whimsicott|Leech Seed|p1a: Komala\n|-start|p1a: Komala|move: Leech Seed\n|move|p1a: Komala|Knock Off|p2a: Whimsicott\n|-resisted|p2a: Whimsicott\n|-damage|p2a: Whimsicott|149/241 par\n|-enditem|p2a: Whimsicott|Leftovers|[from] move: Knock Off|[of] p1a: Komala\n|\n|-damage|p1a: Komala|93/260|[from] Leech Seed|[of] p2a: Whimsicott\n|-heal|p2a: Whimsicott|181/241 par|[silent]\n|upkeep\n|turn|20\n|\n|t:|1733871753\n|move|p1a: Komala|U-turn|p2a: Whimsicott\n|-damage|p2a: Whimsicott|120/241 par\n|inactive|blaze1111799 has 120 seconds left.\n|\n|t:|1733871769\n|switch|p1a: Comfey|Comfey, L85, M|225/225|[from] U-turn\n|move|p2a: Whimsicott|Moonblast|p1a: Comfey\n|-damage|p1a: Comfey|150/225\n|\n|-heal|p1a: Comfey|164/225|[from] item: Leftovers\n|upkeep\n|turn|21\n|inactive|blaze1111799 has 120 seconds left.\n|\n|t:|1733871784\n|move|p2a: Whimsicott|Leech Seed|p1a: Comfey\n|-start|p1a: Comfey|move: Leech Seed\n|move|p1a: Comfey|Calm Mind|p1a: Comfey\n|-boost|p1a: Comfey|spa|1\n|-boost|p1a: Comfey|spd|1\n|\n|-heal|p1a: Comfey|178/225|[from] item: Leftovers\n|-damage|p1a: Comfey|150/225|[from] Leech Seed|[of] p2a: Whimsicott\n|-heal|p2a: Whimsicott|148/241 par|[silent]\n|upkeep\n|turn|22\n|inactive|blaze1111799 has 120 seconds left.\n|\n|t:|1733871794\n|move|p1a: Comfey|Draining Kiss|p2a: Whimsicott\n|-damage|p2a: Whimsicott|64/241 par\n|-heal|p1a: Comfey|213/225|[from] drain|[of] p2a: Whimsicott\n|move|p2a: Whimsicott|Encore|p1a: Comfey\n|-start|p1a: Comfey|Encore\n|\n|-heal|p1a: Comfey|225/225|[from] item: Leftovers\n|-damage|p1a: Comfey|197/225|[from] Leech Seed|[of] p2a: Whimsicott\n|-heal|p2a: Whimsicott|92/241 par|[silent]\n|upkeep\n|turn|23\n|\n|t:|1733871803\n|switch|p2a: Perrserker|Perrserker, L89, F|269/269\n|-damage|p2a: Perrserker|253/269|[from] Stealth Rock\n|move|p1a: Comfey|Draining Kiss|p2a: Perrserker\n|-resisted|p2a: Perrserker\n|-damage|p2a: Perrserker|208/269\n|-heal|p1a: Comfey|225/225|[from] drain|[of] p2a: Perrserker\n|\n|-damage|p1a: Comfey|197/225|[from] Leech Seed|[of] p2a: Perrserker\n|-heal|p2a: Perrserker|236/269|[silent]\n|upkeep\n|turn|24\n|inactive|blaze1111799 has 120 seconds left.\n|\n|t:|1733871824\n|switch|p1a: Komala|Komala, L89, M|93/260\n|-ability|p1a: Komala|Comatose\n|move|p2a: Perrserker|Iron Head|p1a: Komala\n|-damage|p1a: Komala|0 fnt\n|faint|p1a: Komala\n|\n|upkeep\n|\n|t:|1733871838\n|switch|p1a: Tropius|Tropius, L91, F|190/328\n|turn|25\n|\n|t:|1733871847\n|move|p1a: Tropius|Substitute|p1a: Tropius\n|-start|p1a: Tropius|Substitute\n|-damage|p1a: Tropius|108/328\n|-enditem|p1a: Tropius|Sitrus Berry|[eat]\n|-heal|p1a: Tropius|190/328|[from] item: Sitrus Berry\n|move|p2a: Perrserker|Iron Head|p1a: Tropius\n|-end|p1a: Tropius|Substitute\n|\n|upkeep\n|turn|26\n|inactive|blaze1111799 has 120 seconds left.\n|\n|t:|1733871857\n|move|p1a: Tropius|Protect|p1a: Tropius\n|-singleturn|p1a: Tropius|Protect\n|move|p2a: Perrserker|Iron Head|p1a: Tropius\n|-activate|p1a: Tropius|move: Protect\n|\n|upkeep\n|turn|27\n|\n|t:|1733871863\n|move|p1a: Tropius|Leech Seed|p2a: Perrserker\n|-start|p2a: Perrserker|move: Leech Seed\n|move|p2a: Perrserker|Iron Head|p1a: Tropius\n|-damage|p1a: Tropius|10/328\n|\n|-damage|p2a: Perrserker|203/269|[from] Leech Seed|[of] p1a: Tropius\n|-heal|p1a: Tropius|43/328|[silent]\n|upkeep\n|turn|28\n|\n|t:|1733871876\n|switch|p2a: Polteageist|Polteageist-Antique, L79|224/224\n|-damage|p2a: Polteageist|196/224|[from] Stealth Rock\n|move|p1a: Tropius|Air Slash|p2a: Polteageist\n|-damage|p2a: Polteageist|124/224\n|\n|-item|p1a: Tropius|Sitrus Berry|[from] ability: Harvest\n|upkeep\n|-enditem|p1a: Tropius|Sitrus Berry|[eat]\n|-heal|p1a: Tropius|125/328|[from] item: Sitrus Berry\n|turn|29\n|\n|t:|1733871888\n|move|p2a: Polteageist|Shell Smash|p2a: Polteageist\n|-unboost|p2a: Polteageist|def|1\n|-unboost|p2a: Polteageist|spd|1\n|-boost|p2a: Polteageist|atk|2\n|-boost|p2a: Polteageist|spa|2\n|-boost|p2a: Polteageist|spe|2\n|-enditem|p2a: Polteageist|White Herb\n|-clearnegativeboost|p2a: Polteageist|[silent]\n|move|p1a: Tropius|Leech Seed|p2a: Polteageist\n|-start|p2a: Polteageist|move: Leech Seed\n|\n|-damage|p2a: Polteageist|96/224|[from] Leech Seed|[of] p1a: Tropius\n|-heal|p1a: Tropius|153/328|[silent]\n|-item|p1a: Tropius|Sitrus Berry|[from] ability: Harvest\n|upkeep\n|-enditem|p1a: Tropius|Sitrus Berry|[eat]\n|-heal|p1a: Tropius|235/328|[from] item: Sitrus Berry\n|turn|30\n|\n|t:|1733871906\n|move|p1a: Tropius|Protect|p1a: Tropius\n|-singleturn|p1a: Tropius|Protect\n|move|p2a: Polteageist|Stored Power|p1a: Tropius\n|-activate|p1a: Tropius|move: Protect\n|\n|-damage|p2a: Polteageist|68/224|[from] Leech Seed|[of] p1a: Tropius\n|-heal|p1a: Tropius|263/328|[silent]\n|upkeep\n|turn|31\n|\n|t:|1733871918\n|move|p2a: Polteageist|Stored Power|p1a: Tropius\n|-damage|p1a: Tropius|63/328\n|move|p1a: Tropius|Air Slash|p2a: Polteageist\n|-damage|p2a: Polteageist|7/224\n|\n|-damage|p2a: Polteageist|0 fnt|[from] Leech Seed|[of] p1a: Tropius\n|-heal|p1a: Tropius|70/328|[silent]\n|faint|p2a: Polteageist\n|-item|p1a: Tropius|Sitrus Berry|[from] ability: Harvest\n|upkeep\n|-enditem|p1a: Tropius|Sitrus Berry|[eat]\n|-heal|p1a: Tropius|152/328|[from] item: Sitrus Berry\n|\n|t:|1733871937\n|switch|p2a: Salazzle|Salazzle, L83, F|247/249\n|-damage|p2a: Salazzle|185/249|[from] Stealth Rock\n|turn|32\n|inactive|Chocolat_Gelatto has 120 seconds left.\n|\n|t:|1733871959\n|move|p2a: Salazzle|Substitute|p2a: Salazzle\n|-start|p2a: Salazzle|Substitute\n|-damage|p2a: Salazzle|123/249\n|move|p1a: Tropius|Leech Seed||[still]\n|-fail|p1a: Tropius\n|\n|-heal|p2a: Salazzle|138/249|[from] item: Leftovers\n|-item|p1a: Tropius|Sitrus Berry|[from] ability: Harvest\n|upkeep\n|-enditem|p1a: Tropius|Sitrus Berry|[eat]\n|-heal|p1a: Tropius|234/328|[from] item: Sitrus Berry\n|turn|33\n|\n|t:|1733871972\n|move|p1a: Tropius|Protect|p1a: Tropius\n|-singleturn|p1a: Tropius|Protect\n|move|p2a: Salazzle|Flamethrower|p1a: Tropius\n|-activate|p1a: Tropius|move: Protect\n|\n|-heal|p2a: Salazzle|153/249|[from] item: Leftovers\n|upkeep\n|turn|34\n|\n|t:|1733871982\n|switch|p1a: Raging Bolt|Raging Bolt, L78|323/323\n|move|p2a: Salazzle|Flamethrower|p1a: Raging Bolt\n|-resisted|p1a: Raging Bolt\n|-damage|p1a: Raging Bolt|285/323\n|\n|-heal|p2a: Salazzle|168/249|[from] item: Leftovers\n|upkeep\n|turn|35\n|inactive|blaze1111799 has 120 seconds left.\n|\n|t:|1733872011\n|move|p2a: Salazzle|Toxic|p1a: Raging Bolt\n|-status|p1a: Raging Bolt|tox\n|move|p1a: Raging Bolt|Thunderbolt|p2a: Salazzle\n|-end|p2a: Salazzle|Substitute\n|\n|-heal|p2a: Salazzle|183/249|[from] item: Leftovers\n|-damage|p1a: Raging Bolt|265/323 tox|[from] psn\n|upkeep\n|turn|36\n|inactive|blaze1111799 has 120 seconds left.\n|\n|t:|1733872023\n|move|p2a: Salazzle|Substitute|p2a: Salazzle\n|-start|p2a: Salazzle|Substitute\n|-damage|p2a: Salazzle|121/249\n|move|p1a: Raging Bolt|Thunderbolt|p2a: Salazzle\n|-end|p2a: Salazzle|Substitute\n|\n|-heal|p2a: Salazzle|136/249|[from] item: Leftovers\n|-damage|p1a: Raging Bolt|225/323 tox|[from] psn\n|upkeep\n|turn|37\n|inactive|blaze1111799 has 120 seconds left.\n|\n|t:|1733872046\n|move|p2a: Salazzle|Protect|p2a: Salazzle\n|-singleturn|p2a: Salazzle|Protect\n|move|p1a: Raging Bolt|Thunderbolt|p2a: Salazzle\n|-activate|p2a: Salazzle|move: Protect\n|\n|-heal|p2a: Salazzle|151/249|[from] item: Leftovers\n|-damage|p1a: Raging Bolt|165/323 tox|[from] psn\n|upkeep\n|turn|38\n|\n|t:|1733872056\n|move|p2a: Salazzle|Protect|p2a: Salazzle\n|-singleturn|p2a: Salazzle|Protect\n|move|p1a: Raging Bolt|Thunderbolt|p2a: Salazzle\n|-activate|p2a: Salazzle|move: Protect\n|\n|-heal|p2a: Salazzle|166/249|[from] item: Leftovers\n|-damage|p1a: Raging Bolt|85/323 tox|[from] psn\n|upkeep\n|turn|39\n|\n|t:|1733872070\n|move|p2a: Salazzle|Flamethrower|p1a: Raging Bolt\n|-resisted|p1a: Raging Bolt\n|-damage|p1a: Raging Bolt|48/323 tox\n|move|p1a: Raging Bolt|Draco Meteor|p2a: Salazzle\n|-damage|p2a: Salazzle|0 fnt\n|-unboost|p1a: Raging Bolt|spa|2\n|faint|p2a: Salazzle\n|\n|-damage|p1a: Raging Bolt|0 fnt|[from] psn\n|faint|p1a: Raging Bolt\n|-end|p1a: Raging Bolt|Protosynthesis|[silent]\n|upkeep\n|inactive|blaze1111799 has 120 seconds left.\n|\n|t:|1733872089\n|switch|p2a: Amoonguss|Amoonguss, L82, F|321/321\n|switch|p1a: Tropius|Tropius, L91, F|234/328\n|-damage|p2a: Amoonguss|281/321|[from] Stealth Rock\n|turn|40\n|inactive|blaze1111799 has 120 seconds left.\n|\n|t:|1733872104\n|-terastallize|p2a: Amoonguss|Water\n|move|p1a: Tropius|Substitute|p1a: Tropius\n|-start|p1a: Tropius|Substitute\n|-damage|p1a: Tropius|152/328\n|move|p2a: Amoonguss|Sludge Bomb|p1a: Tropius\n|-supereffective|p1a: Tropius\n|-end|p1a: Tropius|Substitute\n|\n|-item|p1a: Tropius|Sitrus Berry|[from] ability: Harvest\n|upkeep\n|-enditem|p1a: Tropius|Sitrus Berry|[eat]\n|-heal|p1a: Tropius|234/328|[from] item: Sitrus Berry\n|turn|41\n|inactive|blaze1111799 has 120 seconds left.\n|\n|t:|1733872118\n|move|p1a: Tropius|Protect|p1a: Tropius\n|-singleturn|p1a: Tropius|Protect\n|move|p2a: Amoonguss|Sludge Bomb|p1a: Tropius\n|-activate|p1a: Tropius|move: Protect\n|\n|-item|p1a: Tropius|Sitrus Berry|[from] ability: Harvest\n|upkeep\n|turn|42\n|inactive|blaze1111799 has 120 seconds left.\n|\n|t:|1733872131\n|move|p1a: Tropius|Leech Seed|p2a: Amoonguss\n|-start|p2a: Amoonguss|move: Leech Seed\n|move|p2a: Amoonguss|Sludge Bomb|p1a: Tropius\n|-supereffective|p1a: Tropius\n|-damage|p1a: Tropius|94/328\n|-enditem|p1a: Tropius|Sitrus Berry|[eat]\n|-heal|p1a: Tropius|176/328|[from] item: Sitrus Berry\n|\n|-damage|p2a: Amoonguss|241/321|[from] Leech Seed|[of] p1a: Tropius\n|-heal|p1a: Tropius|216/328|[silent]\n|upkeep\n|turn|43\n|inactive|blaze1111799 has 120 seconds left.\n|\n|t:|1733872142\n|switch|p2a: Whimsicott|Whimsicott, L85, F|92/241 par\n|-damage|p2a: Whimsicott|62/241 par|[from] Stealth Rock\n|move|p1a: Tropius|Substitute|p1a: Tropius\n|-start|p1a: Tropius|Substitute\n|-damage|p1a: Tropius|134/328\n|\n|-item|p1a: Tropius|Sitrus Berry|[from] ability: Harvest\n|upkeep\n|-enditem|p1a: Tropius|Sitrus Berry|[eat]\n|-heal|p1a: Tropius|216/328|[from] item: Sitrus Berry\n|turn|44\n|inactive|blaze1111799 has 120 seconds left.\n|\n|t:|1733872157\n|move|p2a: Whimsicott|Encore|p1a: Tropius\n|-start|p1a: Tropius|Encore\n|move|p1a: Tropius|Substitute|p1a: Tropius\n|-fail|p1a: Tropius|move: Substitute\n|\n|upkeep\n|turn|45\n|inactive|blaze1111799 has 120 seconds left.\n|\n|t:|1733872164\n|move|p1a: Tropius|Substitute|p1a: Tropius\n|-fail|p1a: Tropius|move: Substitute\n|move|p2a: Whimsicott|Moonblast|p1a: Tropius\n|-end|p1a: Tropius|Substitute\n|\n|upkeep\n|turn|46\n|\n|t:|1733872171\n|move|p1a: Tropius|Substitute|p1a: Tropius\n|-start|p1a: Tropius|Substitute\n|-damage|p1a: Tropius|134/328\n|move|p2a: Whimsicott|Moonblast|p1a: Tropius\n|-end|p1a: Tropius|Substitute\n|\n|-end|p1a: Tropius|Encore\n|upkeep\n|turn|47\n|\n|t:|1733872183\n|move|p1a: Tropius|Protect|p1a: Tropius\n|-singleturn|p1a: Tropius|Protect\n|move|p2a: Whimsicott|Encore|p1a: Tropius\n|-activate|p1a: Tropius|move: Protect\n|\n|upkeep\n|turn|48\n|\n|t:|1733872191\n|move|p1a: Tropius|Air Slash|p2a: Whimsicott\n|-supereffective|p2a: Whimsicott\n|-damage|p2a: Whimsicott|0 fnt\n|faint|p2a: Whimsicott\n|\n|upkeep\n|\n|t:|1733872199\n|switch|p2a: Perrserker|Perrserker, L89, F|203/269\n|-damage|p2a: Perrserker|187/269|[from] Stealth Rock\n|turn|49\n|inactive|blaze1111799 has 120 seconds left.\n|\n|t:|1733872225\n|move|p1a: Tropius|Protect|p1a: Tropius\n|-singleturn|p1a: Tropius|Protect\n|move|p2a: Perrserker|U-turn|p1a: Tropius\n|-activate|p1a: Tropius|move: Protect\n|\n|-item|p1a: Tropius|Sitrus Berry|[from] ability: Harvest\n|upkeep\n|-enditem|p1a: Tropius|Sitrus Berry|[eat]\n|-heal|p1a: Tropius|216/328|[from] item: Sitrus Berry\n|turn|50\n|inactive|blaze1111799 has 120 seconds left.\n|\n|t:|1733872247\n|move|p1a: Tropius|Leech Seed|p2a: Perrserker\n|-start|p2a: Perrserker|move: Leech Seed\n|move|p2a: Perrserker|U-turn|p1a: Tropius\n|-damage|p1a: Tropius|94/328\n|\n|t:|1733872259\n|switch|p2a: Amoonguss|Amoonguss, L82, F, tera:Water|321/321|[from] U-turn\n|-damage|p2a: Amoonguss|281/321|[from] Stealth Rock\n|\n|upkeep\n|turn|51\n|inactive|blaze1111799 has 120 seconds left.\n|\n|t:|1733872265\n|move|p1a: Tropius|Protect|p1a: Tropius\n|-singleturn|p1a: Tropius|Protect\n|move|p2a: Amoonguss|Sludge Bomb|p1a: Tropius\n|-activate|p1a: Tropius|move: Protect\n|\n|upkeep\n|turn|52\n|inactive|blaze1111799 has 120 seconds left.\n|\n|t:|1733872286\n|move|p1a: Tropius|Substitute|p1a: Tropius\n|-start|p1a: Tropius|Substitute\n|-damage|p1a: Tropius|12/328\n|move|p2a: Amoonguss|Sludge Bomb|p1a: Tropius\n|-supereffective|p1a: Tropius\n|-end|p1a: Tropius|Substitute\n|\n|upkeep\n|turn|53\n|\n|t:|1733872294\n|move|p1a: Tropius|Protect|p1a: Tropius\n|-singleturn|p1a: Tropius|Protect\n|move|p2a: Amoonguss|Sludge Bomb|p1a: Tropius\n|-activate|p1a: Tropius|move: Protect\n|\n|upkeep\n|turn|54\n|inactive|blaze1111799 has 120 seconds left.\n|\n|t:|1733872306\n|move|p1a: Tropius|Leech Seed|p2a: Amoonguss|[miss]\n|-miss|p1a: Tropius|p2a: Amoonguss\n|move|p2a: Amoonguss|Sludge Bomb|p1a: Tropius\n|-supereffective|p1a: Tropius\n|-damage|p1a: Tropius|0 fnt\n|faint|p1a: Tropius\n|\n|upkeep\n|\n|t:|1733872310\n|switch|p1a: Thundurus|Thundurus, L80, M, tera:Grass|152/258\n|turn|55\n|inactive|blaze1111799 has 120 seconds left.\n|\n|t:|1733872324\n|move|p1a: Thundurus|Taunt|p2a: Amoonguss\n|-start|p2a: Amoonguss|move: Taunt\n|move|p2a: Amoonguss|Sludge Bomb|p1a: Thundurus\n|-supereffective|p1a: Thundurus\n|-damage|p1a: Thundurus|0 fnt\n|faint|p1a: Thundurus\n|\n|upkeep\n|\n|t:|1733872329\n|switch|p1a: Comfey|Comfey, L85, M|197/225\n|turn|56\n|\n|t:|1733872334\n|move|p1a: Comfey|Calm Mind|p1a: Comfey\n|-boost|p1a: Comfey|spa|1\n|-boost|p1a: Comfey|spd|1\n|move|p2a: Amoonguss|Sludge Bomb|p1a: Comfey\n|-supereffective|p1a: Comfey\n|-damage|p1a: Comfey|99/225\n|\n|-heal|p1a: Comfey|113/225|[from] item: Leftovers\n|upkeep\n|turn|57\n|\n|t:|1733872345\n|move|p1a: Comfey|Draining Kiss|p2a: Amoonguss\n|-damage|p2a: Amoonguss|200/321\n|-heal|p1a: Comfey|174/225|[from] drain|[of] p2a: Amoonguss\n|-damage|p1a: Comfey|137/225|[from] item: Rocky Helmet|[of] p2a: Amoonguss\n|move|p2a: Amoonguss|Sludge Bomb|p1a: Comfey\n|-supereffective|p1a: Comfey\n|-damage|p1a: Comfey|35/225\n|\n|-heal|p1a: Comfey|49/225|[from] item: Leftovers\n|-end|p2a: Amoonguss|move: Taunt\n|upkeep\n|turn|58\n|\n|t:|1733872361\n|move|p1a: Comfey|Draining Kiss|p2a: Amoonguss\n|-damage|p2a: Amoonguss|115/321\n|-heal|p1a: Comfey|113/225|[from] drain|[of] p2a: Amoonguss\n|-damage|p1a: Comfey|76/225|[from] item: Rocky Helmet|[of] p2a: Amoonguss\n|move|p2a: Amoonguss|Spore|p1a: Comfey\n|-status|p1a: Comfey|slp|[from] move: Spore\n|\n|-heal|p1a: Comfey|90/225 slp|[from] item: Leftovers\n|upkeep\n|turn|59\n|inactive|blaze1111799 has 120 seconds left.\n|\n|t:|1733872387\n|cant|p1a: Comfey|slp\n|move|p2a: Amoonguss|Sludge Bomb|p1a: Comfey\n|-supereffective|p1a: Comfey\n|-damage|p1a: Comfey|0 fnt\n|faint|p1a: Comfey\n|\n|win|Chocolat_Gelatto\n|raw|blaze1111799's rating: 1404 &rarr; <strong>1381</strong><br />(-23 for losing)\n|raw|Chocolat_Gelatto's rating: 1360 &rarr; <strong>1383</strong><br />(+23 for winning)\n|c|\u2606Chocolat_Gelatto|gg\n", "inputlog": ">version bfd83cad13791eb5a5a409923076391caf6fb4d4\n>start {\"formatid\":\"gen9randombattle\",\"seed\":[3279,37589,52574,33104],\"rated\":\"Rated battle\"}\n>player p1 {\"name\":\"blaze1111799\",\"avatar\":\"266\",\"rating\":1404,\"seed\":[32923,62505,2530,33219]}\n>player p2 {\"name\":\"Chocolat_Gelatto\",\"avatar\":\"lady-gen4\",\"rating\":1360,\"seed\":[28233,5567,24582,18541]}\n>p1 move voltswitch\n>p2 switch 6\n>p1 switch 6\n>p2 move stealthrock\n>p1 move leechseed\n>p2 move icespinner\n>p1 move protect\n>p2 switch 4\n>p1 move airslash\n>p2 move encore\n>p1 switch 2\n>p2 switch 4\n>p1 move grassknot terastallize\n>p2 move icespinner\n>p2 switch 2\n>p1 switch 4\n>p2 move substitute\n>p1 move stealthrock\n>p2 move toxic\n>p1 move earthquake\n>p2 move flamethrower\n>p1 move earthquake\n>p2 move protect\n>p1 move earthquake\n>p2 switch 4\n>p1 move headsmash\n>p2 move leechseed\n>p1 move headsmash\n>p2 move moonblast\n>p1 switch 4\n>p1 move thunderwave\n>p2 move moonblast\n>p1 move taunt\n>p2 move encore\n>p1 switch 3\n>p2 move moonblast\n>p1 move rapidspin\n>p2 move moonblast\n>p1 move knockoff\n>p2 move leechseed\n>p1 move uturn\n>p2 move moonblast\n>p1 switch 5\n>p1 move calmmind\n>p2 move leechseed\n>p1 move drainingkiss\n>p2 move encore\n>p1 move drainingkiss\n>p2 switch 5\n>p1 switch 5\n>p2 move ironhead\n>p1 switch 2\n>p1 move substitute\n>p2 move ironhead\n>p1 move protect\n>p2 move ironhead\n>p1 move leechseed\n>p2 move ironhead\n>p1 move airslash\n>p2 switch 6\n>p1 move leechseed\n>p2 move shellsmash\n>p1 move protect\n>p2 move storedpower\n>p1 move airslash\n>p2 move storedpower\n>p2 switch 4\n>p1 move leechseed\n>p2 move substitute\n>p1 move protect\n>p2 move flamethrower\n>p1 switch 6\n>p2 move flamethrower\n>p1 move thunderbolt\n>p2 move toxic\n>p1 move thunderbolt\n>p2 move substitute\n>p1 move thunderbolt\n>p2 move protect\n>p1 move thunderbolt\n>p2 move protect\n>p1 move dracometeor\n>p2 move flamethrower\n>p1 switch 6\n>p2 switch 3\n>p1 move substitute\n>p2 move sludgebomb terastallize\n>p1 move protect\n>p2 move sludgebomb\n>p1 move leechseed\n>p2 move sludgebomb\n>p1 move substitute\n>p2 switch 5\n>p1 move airslash\n>p2 move encore\n>p1 move substitute\n>p2 move moonblast\n>p1 move substitute\n>p2 move moonblast\n>p1 move protect\n>p2 move encore\n>p1 move airslash\n>p2 move moonblast\n>p2 switch 6\n>p1 move protect\n>p2 move uturn\n>p1 move leechseed\n>p2 move uturn\n>p2 switch 5\n>p1 move protect\n>p2 move sludgebomb\n>p1 move substitute\n>p2 move sludgebomb\n>p1 move protect\n>p2 move sludgebomb\n>p1 move leechseed\n>p2 move sludgebomb\n>p1 switch 3\n>p1 move taunt\n>p2 move sludgebomb\n>p1 switch 5\n>p1 move calmmind\n>p2 move sludgebomb\n>p1 move drainingkiss\n>p2 move sludgebomb\n>p1 move drainingkiss\n>p2 move spore\n>p1 move drainingkiss\n>p2 move sludgebomb", "uploadtime": 1733872404, "views": 3, "formatid": "gen9randombattle", "rating": 1381, "private": 0, "password": null}