{"id": "gen9randombattle-2260386611", "format": "[Gen 9] Random Battle", "players": ["vkkjgvbk", "JadeLowFade"], "log": "|j|\u2606vkkjgvbk\n|j|\u2606JadeLowFade\n|t:|1733846556\n|gametype|singles\n|player|p1|vkkjgvbk|169|1190\n|player|p2|JadeLowFade|psychic|1194\n|teamsize|p1|6\n|teamsize|p2|6\n|gen|9\n|tier|[Gen 9] Random Battle\n|rated|\n|rule|Species Clause: Limit one of each Pok\u00e9mon\n|rule|HP Percentage Mod: HP is shown in percentages\n|rule|Sleep Clause Mod: Limit one foe put to sleep\n|rule|Illusion Level Mod: Illusion disguises the Pok\u00e9mon's true level\n|\n|t:|1733846556\n|start\n|switch|p1a: Mightyena|Mightyena, L95, M|287/287\n|switch|p2a: Bellossom|Bellossom, L84, M|263/263\n|-ability|p1a: Mightyena|Intimidate|boost\n|-unboost|p2a: Bellossom|atk|1\n|turn|1\n|\n|t:|1733846576\n|move|p1a: Mightyena|Poison Fang|p2a: Bellossom\n|-supereffective|p2a: Bellossom\n|-damage|p2a: Bellossom|151/263\n|move|p2a: Bellossom|Sleep Powder|p1a: Mightyena\n|-status|p1a: Mightyena|slp|[from] move: Sleep Powder\n|\n|-heal|p2a: Bellossom|167/263|[from] item: Leftovers\n|upkeep\n|turn|2\n|\n|t:|1733846585\n|switch|p1a: Alcremie|Alcremie-Lemon-Cream, L90, F|263/263\n|move|p2a: Bellossom|Quiver Dance|p2a: Bellossom\n|-boost|p2a: Bellossom|spa|1\n|-boost|p2a: Bellossom|spd|1\n|-boost|p2a: Bellossom|spe|1\n|\n|-heal|p2a: Bellossom|183/263|[from] item: Leftovers\n|upkeep\n|turn|3\n|\n|t:|1733846589\n|move|p2a: Bellossom|Strength Sap|p1a: Alcremie\n|-unboost|p1a: Alcremie|atk|1\n|-heal|p2a: Bellossom|263/263\n|move|p1a: Alcremie|Calm Mind|p1a: Alcremie\n|-boost|p1a: Alcremie|spa|1\n|-boost|p1a: Alcremie|spd|1\n|\n|upkeep\n|turn|4\n|\n|t:|1733846598\n|move|p2a: Bellossom|Quiver Dance|p2a: Bellossom\n|-boost|p2a: Bellossom|spa|1\n|-boost|p2a: Bellossom|spd|1\n|-boost|p2a: Bellossom|spe|1\n|move|p1a: Alcremie|Calm Mind|p1a: Alcremie\n|-boost|p1a: Alcremie|spa|1\n|-boost|p1a: Alcremie|spd|1\n|\n|upkeep\n|turn|5\n|\n|t:|1733846606\n|move|p2a: Bellossom|Giga Drain|p1a: Alcremie\n|-damage|p1a: Alcremie|205/263\n|move|p1a: Alcremie|Calm Mind|p1a: Alcremie\n|-boost|p1a: Alcremie|spa|1\n|-boost|p1a: Alcremie|spd|1\n|\n|-heal|p1a: Alcremie|221/263|[from] item: Leftovers\n|upkeep\n|turn|6\n|\n|t:|1733846613\n|move|p2a: Bellossom|Quiver Dance|p2a: Bellossom\n|-boost|p2a: Bellossom|spa|1\n|-boost|p2a: Bellossom|spd|1\n|-boost|p2a: Bellossom|spe|1\n|move|p1a: Alcremie|Calm Mind|p1a: Alcremie\n|-boost|p1a: Alcremie|spa|1\n|-boost|p1a: Alcremie|spd|1\n|\n|-heal|p1a: Alcremie|237/263|[from] item: Leftovers\n|upkeep\n|turn|7\n|\n|t:|1733846619\n|move|p2a: Bellossom|Quiver Dance|p2a: Bellossom\n|-boost|p2a: Bellossom|spa|1\n|-boost|p2a: Bellossom|spd|1\n|-boost|p2a: Bellossom|spe|1\n|move|p1a: Alcremie|Alluring Voice|p2a: Bellossom\n|-damage|p2a: Bellossom|164/263\n|-start|p2a: Bellossom|confusion\n|\n|-heal|p2a: Bellossom|180/263|[from] item: Leftovers\n|-heal|p1a: Alcremie|253/263|[from] item: Leftovers\n|upkeep\n|turn|8\n|\n|t:|1733846628\n|-terastallize|p2a: Bellossom|Steel\n|-activate|p2a: Bellossom|confusion\n|move|p2a: Bellossom|Giga Drain|p1a: Alcremie\n|-damage|p1a: Alcremie|198/263\n|-heal|p2a: Bellossom|208/263|[from] drain|[of] p1a: Alcremie\n|move|p1a: Alcremie|Calm Mind|p1a: Alcremie\n|-boost|p1a: Alcremie|spa|1\n|-boost|p1a: Alcremie|spd|1\n|\n|-heal|p2a: Bellossom|224/263|[from] item: Leftovers\n|-heal|p1a: Alcremie|214/263|[from] item: Leftovers\n|upkeep\n|turn|9\n|\n|t:|1733846650\n|-end|p2a: Bellossom|confusion\n|move|p2a: Bellossom|Quiver Dance|p2a: Bellossom\n|-boost|p2a: Bellossom|spa|1\n|-boost|p2a: Bellossom|spd|1\n|-boost|p2a: Bellossom|spe|1\n|move|p1a: Alcremie|Calm Mind|p1a: Alcremie\n|-boost|p1a: Alcremie|spa|1\n|-boost|p1a: Alcremie|spd|1\n|\n|-heal|p2a: Bellossom|240/263|[from] item: Leftovers\n|-heal|p1a: Alcremie|230/263|[from] item: Leftovers\n|upkeep\n|turn|10\n|\n|t:|1733846658\n|move|p2a: Bellossom|Quiver Dance|p2a: Bellossom\n|-boost|p2a: Bellossom|spa|1\n|-boost|p2a: Bellossom|spd|1\n|-boost|p2a: Bellossom|spe|1\n|move|p1a: Alcremie|Alluring Voice|p2a: Bellossom\n|-resisted|p2a: Bellossom\n|-damage|p2a: Bellossom|187/263\n|-start|p2a: Bellossom|confusion\n|\n|-heal|p2a: Bellossom|203/263|[from] item: Leftovers\n|-heal|p1a: Alcremie|246/263|[from] item: Leftovers\n|upkeep\n|turn|11\n|\n|t:|1733846667\n|-activate|p2a: Bellossom|confusion\n|move|p2a: Bellossom|Giga Drain|p1a: Alcremie\n|-damage|p1a: Alcremie|195/263\n|-heal|p2a: Bellossom|229/263|[from] drain|[of] p1a: Alcremie\n|move|p1a: Alcremie|Alluring Voice|p2a: Bellossom\n|-resisted|p2a: Bellossom\n|-damage|p2a: Bellossom|181/263\n|\n|-heal|p2a: Bellossom|197/263|[from] item: Leftovers\n|-heal|p1a: Alcremie|211/263|[from] item: Leftovers\n|upkeep\n|turn|12\n|\n|t:|1733846698\n|-activate|p2a: Bellossom|confusion\n|move|p2a: Bellossom|Giga Drain|p1a: Alcremie\n|-damage|p1a: Alcremie|160/263\n|-heal|p2a: Bellossom|223/263|[from] drain|[of] p1a: Alcremie\n|move|p1a: Alcremie|Alluring Voice|p2a: Bellossom\n|-resisted|p2a: Bellossom\n|-damage|p2a: Bellossom|172/263\n|\n|-heal|p2a: Bellossom|188/263|[from] item: Leftovers\n|-heal|p1a: Alcremie|176/263|[from] item: Leftovers\n|upkeep\n|turn|13\n|inactive|Battle timer is ON: inactive players will automatically lose when time's up. (requested by JadeLowFade)\n|\n|t:|1733846710\n|-end|p2a: Bellossom|confusion\n|move|p2a: Bellossom|Giga Drain|p1a: Alcremie\n|-damage|p1a: Alcremie|118/263\n|-heal|p2a: Bellossom|217/263|[from] drain|[of] p1a: Alcremie\n|move|p1a: Alcremie|Alluring Voice|p2a: Bellossom\n|-resisted|p2a: Bellossom\n|-damage|p2a: Bellossom|171/263\n|\n|-heal|p2a: Bellossom|187/263|[from] item: Leftovers\n|-heal|p1a: Alcremie|134/263|[from] item: Leftovers\n|upkeep\n|turn|14\n|\n|t:|1733846718\n|move|p2a: Bellossom|Giga Drain|p1a: Alcremie\n|-damage|p1a: Alcremie|77/263\n|-heal|p2a: Bellossom|216/263|[from] drain|[of] p1a: Alcremie\n|move|p1a: Alcremie|Recover|p1a: Alcremie\n|-heal|p1a: Alcremie|209/263\n|\n|-heal|p2a: Bellossom|232/263|[from] item: Leftovers\n|-heal|p1a: Alcremie|225/263|[from] item: Leftovers\n|upkeep\n|turn|15\n|\n|t:|1733846733\n|move|p2a: Bellossom|Giga Drain|p1a: Alcremie\n|-damage|p1a: Alcremie|174/263\n|-heal|p2a: Bellossom|258/263|[from] drain|[of] p1a: Alcremie\n|move|p1a: Alcremie|Psychic|p2a: Bellossom\n|-resisted|p2a: Bellossom\n|-damage|p2a: Bellossom|224/263\n|\n|-heal|p2a: Bellossom|240/263|[from] item: Leftovers\n|-heal|p1a: Alcremie|190/263|[from] item: Leftovers\n|upkeep\n|turn|16\n|\n|t:|1733846738\n|move|p2a: Bellossom|Giga Drain|p1a: Alcremie\n|-damage|p1a: Alcremie|135/263\n|-heal|p2a: Bellossom|263/263|[from] drain|[of] p1a: Alcremie\n|move|p1a: Alcremie|Psychic|p2a: Bellossom\n|-resisted|p2a: Bellossom\n|-crit|p2a: Bellossom\n|-damage|p2a: Bellossom|26/263\n|\n|-heal|p2a: Bellossom|42/263|[from] item: Leftovers\n|-heal|p1a: Alcremie|151/263|[from] item: Leftovers\n|upkeep\n|turn|17\n|\n|t:|1733846749\n|move|p2a: Bellossom|Strength Sap|p1a: Alcremie\n|-unboost|p1a: Alcremie|atk|1\n|-heal|p2a: Bellossom|117/263\n|move|p1a: Alcremie|Recover|p1a: Alcremie\n|-heal|p1a: Alcremie|263/263\n|\n|-heal|p2a: Bellossom|133/263|[from] item: Leftovers\n|upkeep\n|turn|18\n|\n|t:|1733846755\n|move|p2a: Bellossom|Giga Drain|p1a: Alcremie\n|-damage|p1a: Alcremie|211/263\n|-heal|p2a: Bellossom|159/263|[from] drain|[of] p1a: Alcremie\n|move|p1a: Alcremie|Psychic|p2a: Bellossom\n|-resisted|p2a: Bellossom\n|-damage|p2a: Bellossom|123/263\n|\n|-heal|p2a: Bellossom|139/263|[from] item: Leftovers\n|-heal|p1a: Alcremie|227/263|[from] item: Leftovers\n|upkeep\n|turn|19\n|\n|t:|1733846763\n|move|p2a: Bellossom|Giga Drain|p1a: Alcremie\n|-damage|p1a: Alcremie|176/263\n|-heal|p2a: Bellossom|165/263|[from] drain|[of] p1a: Alcremie\n|move|p1a: Alcremie|Psychic|p2a: Bellossom\n|-resisted|p2a: Bellossom\n|-damage|p2a: Bellossom|128/263\n|\n|-heal|p2a: Bellossom|144/263|[from] item: Leftovers\n|-heal|p1a: Alcremie|192/263|[from] item: Leftovers\n|upkeep\n|turn|20\n|\n|t:|1733846769\n|move|p2a: Bellossom|Giga Drain|p1a: Alcremie\n|-damage|p1a: Alcremie|134/263\n|-heal|p2a: Bellossom|173/263|[from] drain|[of] p1a: Alcremie\n|move|p1a: Alcremie|Psychic|p2a: Bellossom\n|-resisted|p2a: Bellossom\n|-damage|p2a: Bellossom|137/263\n|-unboost|p2a: Bellossom|spd|1\n|\n|-heal|p2a: Bellossom|153/263|[from] item: Leftovers\n|-heal|p1a: Alcremie|150/263|[from] item: Leftovers\n|upkeep\n|turn|21\n|\n|t:|1733846775\n|move|p2a: Bellossom|Giga Drain|p1a: Alcremie\n|-damage|p1a: Alcremie|99/263\n|-heal|p2a: Bellossom|179/263|[from] drain|[of] p1a: Alcremie\n|move|p1a: Alcremie|Recover|p1a: Alcremie\n|-heal|p1a: Alcremie|231/263\n|\n|-heal|p2a: Bellossom|195/263|[from] item: Leftovers\n|-heal|p1a: Alcremie|247/263|[from] item: Leftovers\n|upkeep\n|turn|22\n|\n|t:|1733846780\n|move|p2a: Bellossom|Giga Drain|p1a: Alcremie\n|-damage|p1a: Alcremie|195/263\n|-heal|p2a: Bellossom|221/263|[from] drain|[of] p1a: Alcremie\n|move|p1a: Alcremie|Psychic|p2a: Bellossom\n|-resisted|p2a: Bellossom\n|-damage|p2a: Bellossom|179/263\n|\n|-heal|p2a: Bellossom|195/263|[from] item: Leftovers\n|-heal|p1a: Alcremie|211/263|[from] item: Leftovers\n|upkeep\n|turn|23\n|\n|t:|1733846785\n|move|p2a: Bellossom|Strength Sap|p1a: Alcremie\n|-unboost|p1a: Alcremie|atk|1\n|-heal|p2a: Bellossom|251/263\n|move|p1a: Alcremie|Alluring Voice|p2a: Bellossom\n|-resisted|p2a: Bellossom\n|-damage|p2a: Bellossom|194/263\n|\n|-heal|p2a: Bellossom|210/263|[from] item: Leftovers\n|-heal|p1a: Alcremie|227/263|[from] item: Leftovers\n|upkeep\n|turn|24\n|\n|t:|1733846793\n|move|p2a: Bellossom|Strength Sap|p1a: Alcremie\n|-unboost|p1a: Alcremie|atk|1\n|-heal|p2a: Bellossom|255/263\n|move|p1a: Alcremie|Psychic|p2a: Bellossom\n|-resisted|p2a: Bellossom\n|-damage|p2a: Bellossom|215/263\n|\n|-heal|p2a: Bellossom|231/263|[from] item: Leftovers\n|-heal|p1a: Alcremie|243/263|[from] item: Leftovers\n|upkeep\n|turn|25\n|\n|t:|1733846801\n|move|p2a: Bellossom|Strength Sap|p1a: Alcremie\n|-unboost|p1a: Alcremie|atk|1\n|-heal|p2a: Bellossom|263/263\n|move|p1a: Alcremie|Alluring Voice|p2a: Bellossom\n|-resisted|p2a: Bellossom\n|-damage|p2a: Bellossom|202/263\n|\n|-heal|p2a: Bellossom|218/263|[from] item: Leftovers\n|-heal|p1a: Alcremie|259/263|[from] item: Leftovers\n|upkeep\n|turn|26\n|\n|t:|1733846807\n|move|p2a: Bellossom|Strength Sap|p1a: Alcremie\n|-unboost|p1a: Alcremie|atk|1\n|-heal|p2a: Bellossom|250/263\n|move|p1a: Alcremie|Psychic|p2a: Bellossom\n|-resisted|p2a: Bellossom\n|-damage|p2a: Bellossom|208/263\n|\n|-heal|p2a: Bellossom|224/263|[from] item: Leftovers\n|-heal|p1a: Alcremie|263/263|[from] item: Leftovers\n|upkeep\n|turn|27\n|\n|t:|1733846813\n|move|p2a: Bellossom|Strength Sap||[still]\n|-fail|p2a: Bellossom\n|move|p1a: Alcremie|Alluring Voice|p2a: Bellossom\n|-resisted|p2a: Bellossom\n|-damage|p2a: Bellossom|165/263\n|\n|-heal|p2a: Bellossom|181/263|[from] item: Leftovers\n|upkeep\n|turn|28\n|\n|t:|1733846817\n|move|p2a: Bellossom|Giga Drain|p1a: Alcremie\n|-damage|p1a: Alcremie|209/263\n|-heal|p2a: Bellossom|208/263|[from] drain|[of] p1a: Alcremie\n|move|p1a: Alcremie|Recover|p1a: Alcremie\n|-heal|p1a: Alcremie|263/263\n|\n|-heal|p2a: Bellossom|224/263|[from] item: Leftovers\n|upkeep\n|turn|29\n|\n|t:|1733846823\n|move|p2a: Bellossom|Giga Drain|p1a: Alcremie\n|-damage|p1a: Alcremie|205/263\n|-heal|p2a: Bellossom|253/263|[from] drain|[of] p1a: Alcremie\n|move|p1a: Alcremie|Psychic|p2a: Bellossom\n|-resisted|p2a: Bellossom\n|-damage|p2a: Bellossom|209/263\n|\n|-heal|p2a: Bellossom|225/263|[from] item: Leftovers\n|-heal|p1a: Alcremie|221/263|[from] item: Leftovers\n|upkeep\n|turn|30\n|\n|t:|1733846829\n|move|p2a: Bellossom|Quiver Dance|p2a: Bellossom\n|-boost|p2a: Bellossom|spa|0\n|-boost|p2a: Bellossom|spd|1\n|-boost|p2a: Bellossom|spe|0\n|move|p1a: Alcremie|Alluring Voice|p2a: Bellossom\n|-resisted|p2a: Bellossom\n|-damage|p2a: Bellossom|177/263\n|-start|p2a: Bellossom|confusion\n|\n|-heal|p2a: Bellossom|193/263|[from] item: Leftovers\n|-heal|p1a: Alcremie|237/263|[from] item: Leftovers\n|upkeep\n|turn|31\n|\n|t:|1733846835\n|-activate|p2a: Bellossom|confusion\n|-damage|p2a: Bellossom|180/263|[from] confusion\n|move|p1a: Alcremie|Psychic|p2a: Bellossom\n|-resisted|p2a: Bellossom\n|-damage|p2a: Bellossom|142/263\n|\n|-heal|p2a: Bellossom|158/263|[from] item: Leftovers\n|-heal|p1a: Alcremie|253/263|[from] item: Leftovers\n|upkeep\n|turn|32\n|\n|t:|1733846840\n|-activate|p2a: Bellossom|confusion\n|move|p2a: Bellossom|Giga Drain|p1a: Alcremie\n|-damage|p1a: Alcremie|199/263\n|-heal|p2a: Bellossom|185/263|[from] drain|[of] p1a: Alcremie\n|move|p1a: Alcremie|Alluring Voice|p2a: Bellossom\n|-resisted|p2a: Bellossom\n|-damage|p2a: Bellossom|136/263\n|\n|-heal|p2a: Bellossom|152/263|[from] item: Leftovers\n|-heal|p1a: Alcremie|215/263|[from] item: Leftovers\n|upkeep\n|turn|33\n|\n|t:|1733846851\n|-end|p2a: Bellossom|confusion\n|move|p2a: Bellossom|Quiver Dance|p2a: Bellossom\n|-boost|p2a: Bellossom|spa|0\n|-boost|p2a: Bellossom|spd|0\n|-boost|p2a: Bellossom|spe|0\n|move|p1a: Alcremie|Alluring Voice|p2a: Bellossom\n|-resisted|p2a: Bellossom\n|-damage|p2a: Bellossom|107/263\n|\n|-heal|p2a: Bellossom|123/263|[from] item: Leftovers\n|-heal|p1a: Alcremie|231/263|[from] item: Leftovers\n|upkeep\n|turn|34\n|\n|t:|1733846880\n|switch|p2a: Cryogonal|Cryogonal, L89|287/287\n|move|p1a: Alcremie|Psychic|p2a: Cryogonal\n|-crit|p2a: Cryogonal\n|-damage|p2a: Cryogonal|0 fnt\n|faint|p2a: Cryogonal\n|\n|-heal|p1a: Alcremie|247/263|[from] item: Leftovers\n|upkeep\n|\n|t:|1733846885\n|switch|p2a: Ceruledge|Ceruledge, L78, M|245/245\n|turn|35\n|\n|t:|1733846896\n|move|p2a: Ceruledge|Poltergeist|p1a: Alcremie\n|-activate|p1a: Alcremie|move: Poltergeist|Leftovers\n|-damage|p1a: Alcremie|109/263\n|move|p1a: Alcremie|Psychic|p2a: Ceruledge\n|-damage|p2a: Ceruledge|0 fnt\n|faint|p2a: Ceruledge\n|\n|-heal|p1a: Alcremie|125/263|[from] item: Leftovers\n|upkeep\n|\n|t:|1733846906\n|switch|p2a: Toxapex|Toxapex, L82, F|216/216\n|turn|36\n|\n|t:|1733846909\n|move|p1a: Alcremie|Psychic|p2a: Toxapex\n|-supereffective|p2a: Toxapex\n|-damage|p2a: Toxapex|0 fnt\n|faint|p2a: Toxapex\n|\n|-heal|p1a: Alcremie|141/263|[from] item: Leftovers\n|upkeep\n|\n|t:|1733846917\n|switch|p2a: Cacturne|Cacturne, L92, M|278/278\n|turn|37\n|\n|t:|1733846920\n|move|p1a: Alcremie|Alluring Voice|p2a: Cacturne\n|-supereffective|p2a: Cacturne\n|-damage|p2a: Cacturne|0 fnt\n|faint|p2a: Cacturne\n|\n|-heal|p1a: Alcremie|157/263|[from] item: Leftovers\n|upkeep\n|\n|t:|1733846922\n|switch|p2a: Tyranitar|Tyranitar, L79, F|288/288\n|-weather|Sandstorm|[from] ability: Sand Stream|[of] p2a: Tyranitar\n|turn|38\n|\n|t:|1733846925\n|move|p1a: Alcremie|Alluring Voice|p2a: Tyranitar\n|-supereffective|p2a: Tyranitar\n|-damage|p2a: Tyranitar|0 fnt\n|faint|p2a: Tyranitar\n|\n|-weather|Sandstorm|[upkeep]\n|-damage|p1a: Alcremie|141/263|[from] Sandstorm\n|-heal|p1a: Alcremie|157/263|[from] item: Leftovers\n|upkeep\n|\n|t:|1733846929\n|switch|p2a: Bellossom|Bellossom, L84, M, tera:Steel|123/263\n|turn|39\n|n|\u2606vkkjgvbk|vkkjgvbk\n|c|\u2606vkkjgvbk|l\n|c|\u2606vkkjgvbk|o\n|c|\u2606vkkjgvbk|l\n|l|\u2606JadeLowFade\n|inactive|JadeLowFade disconnected and has a minute to reconnect!\n|player|p2|\n|inactive|vkkjgvbk has 120 seconds left.\n|j|\u2606JadeLowFade\n|inactive|JadeLowFade reconnected.\n|player|p2|JadeLowFade|psychic|\n|c|\u2606vkkjgvbk|Good thing you randomly got impatient and turned on the timer\n|c|\u2606vkkjgvbk|sure showed me\n|\n|t:|1733846983\n|move|p1a: Alcremie|Alluring Voice|p2a: Bellossom\n|-resisted|p2a: Bellossom\n|-damage|p2a: Bellossom|0 fnt\n|faint|p2a: Bellossom\n|\n|win|vkkjgvbk\n|raw|vkkjgvbk's rating: 1190 &rarr; <strong>1215</strong><br />(+25 for winning)\n|raw|JadeLowFade's rating: 1194 &rarr; <strong>1169</strong><br />(-25 for losing)\n", "inputlog": ">version bfd83cad13791eb5a5a409923076391caf6fb4d4\n>start {\"formatid\":\"gen9randombattle\",\"seed\":[32833,43639,14327,29741],\"rated\":\"Rated battle\"}\n>player p1 {\"name\":\"vkkjgvbk\",\"avatar\":\"169\",\"rating\":1190,\"seed\":[12968,48408,25818,41974]}\n>player p2 {\"name\":\"JadeLowFade\",\"avatar\":\"psychic\",\"rating\":1194,\"seed\":[26929,56818,16709,17877]}\n>chat \u2606JadeLowFade|shhhhhhh\n>chat \u2606JadeLowFade|go to sleep\u2026\n>p1 move poisonfang\n>p2 move sleeppowder\n>p1 switch 4\n>p2 move quiverdance\n>p1 move calmmind\n>p2 move strengthsap\n>p1 move calmmind\n>p2 move quiverdance\n>p1 move calmmind\n>p2 move gigadrain\n>p1 move calmmind\n>p2 move quiverdance\n>p1 move alluringvoice\n>p2 move quiverdance\n>p1 move calmmind\n>p2 move gigadrain terastallize\n>p1 move calmmind\n>p2 move quiverdance\n>p1 move alluringvoice\n>p2 move quiverdance\n>p1 move alluringvoice\n>p2 move gigadrain\n>chat \u2606JadeLowFade|if all you have is alluring voice you won\u2019t win this\n>chat \u2606JadeLowFade|giga drain and strength sap\n>chat \u2606JadeLowFade|I can get health back for 8 years if I wanted to\n>p1 move alluringvoice\n>p2 move gigadrain\n>p1 move alluringvoice\n>p2 move gigadrain\n>p1 move recover\n>p2 move gigadrain\n>chat \u2606JadeLowFade|sigh\n>chat \u2606JadeLowFade|so this is what we\u2019re gonna do\n>chat \u2606JadeLowFade|gotcha\n>p1 move psychic\n>p2 move gigadrain\n>p1 move psychic\n>p2 move gigadrain\n>p1 move recover\n>p2 move strengthsap\n>p1 move psychic\n>p2 move gigadrain\n>p1 move psychic\n>p2 move gigadrain\n>p1 move psychic\n>p2 move gigadrain\n>p1 move recover\n>p2 move gigadrain\n>p1 move psychic\n>p2 move gigadrain\n>p1 move alluringvoice\n>p2 move strengthsap\n>p1 move psychic\n>p2 move strengthsap\n>p1 move alluringvoice\n>p2 move strengthsap\n>p1 move psychic\n>p2 move strengthsap\n>p1 move alluringvoice\n>p2 move strengthsap\n>p1 move recover\n>p2 move gigadrain\n>p1 move psychic\n>p2 move gigadrain\n>p1 move alluringvoice\n>p2 move quiverdance\n>p1 move psychic\n>p2 move gigadrain\n>p1 move alluringvoice\n>p2 move gigadrain\n>p1 move alluringvoice\n>p2 move quiverdance\n>p1 move psychic\n>p2 switch 6\n>p2 switch 4\n>p1 move psychic\n>p2 move poltergeist\n>p2 switch 2\n>p1 move psychic\n>p2 move haze\n>p2 switch 5\n>p1 move alluringvoice\n>p2 move leafstorm\n>p2 switch 3\n>p1 move alluringvoice\n>p2 move thunderwave\n>p2 switch 6\n>chat \u2606vkkjgvbk|l\n>chat \u2606vkkjgvbk|o\n>chat \u2606vkkjgvbk|l\n>chat \u2606vkkjgvbk|Good thing you randomly got impatient and turned on the timer\n>chat \u2606vkkjgvbk|sure showed me\n>p1 move alluringvoice\n>p2 move quiverdance", "uploadtime": 1733846995, "views": 3, "formatid": "gen9randombattle", "rating": 1169, "private": 0, "password": null}