{"id": "gen9randombattle-2260587738", "format": "[Gen 9] Random Battle", "players": ["kyotograve", "Ryesehr"], "log": "|j|\u2606kyotograve\n|j|\u2606Ryesehr\n|t:|1733866496\n|gametype|singles\n|player|p1|kyotograve|102|\n|player|p2|Ryesehr|101|\n|teamsize|p1|6\n|teamsize|p2|6\n|gen|9\n|tier|[Gen 9] Random Battle\n|rule|Species Clause: Limit one of each Pok\u00e9mon\n|rule|HP Percentage Mod: HP is shown in percentages\n|rule|Sleep Clause Mod: Limit one foe put to sleep\n|rule|Illusion Level Mod: Illusion disguises the Pok\u00e9mon's true level\n|\n|t:|1733866496\n|start\n|switch|p1a: Sandy Shocks|Sandy Shocks, L80|267/267\n|switch|p2a: Scrafty|Scrafty, L84, M|246/246\n|turn|1\n|inactive|Battle timer is ON: inactive players will automatically lose when time's up. (requested by kyotograve)\n|\n|t:|1733866515\n|move|p1a: Sandy Shocks|Thunderbolt|p2a: Scrafty\n|-damage|p2a: Scrafty|164/246\n|move|p2a: Scrafty|Bulk Up|p2a: Scrafty\n|-boost|p2a: Scrafty|atk|1\n|-boost|p2a: Scrafty|def|1\n|\n|-heal|p2a: Scrafty|179/246|[from] item: Leftovers\n|upkeep\n|turn|2\n|\n|t:|1733866524\n|move|p1a: Sandy Shocks|Thunderbolt|p2a: Scrafty\n|-damage|p2a: Scrafty|92/246\n|move|p2a: Scrafty|Bulk Up|p2a: Scrafty\n|-boost|p2a: Scrafty|atk|1\n|-boost|p2a: Scrafty|def|1\n|\n|-heal|p2a: Scrafty|107/246|[from] item: Leftovers\n|upkeep\n|turn|3\n|\n|t:|1733866535\n|move|p1a: Sandy Shocks|Thunderbolt|p2a: Scrafty\n|-damage|p2a: Scrafty|14/246\n|move|p2a: Scrafty|Rest|p2a: Scrafty\n|-status|p2a: Scrafty|slp|[from] move: Rest\n|-heal|p2a: Scrafty|246/246 slp|[silent]\n|\n|-activate|p2a: Scrafty|ability: Shed Skin\n|-curestatus|p2a: Scrafty|slp|[msg]\n|upkeep\n|turn|4\n|\n|t:|1733866545\n|move|p1a: Sandy Shocks|Spikes|p2a: Scrafty\n|-sidestart|p2: Ryesehr|Spikes\n|move|p2a: Scrafty|Drain Punch|p1a: Sandy Shocks\n|-damage|p1a: Sandy Shocks|131/267\n|\n|-heal|p1a: Sandy Shocks|147/267|[from] item: Leftovers\n|upkeep\n|turn|5\n|\n|t:|1733866552\n|move|p1a: Sandy Shocks|Spikes|p2a: Scrafty\n|-sidestart|p2: Ryesehr|Spikes\n|move|p2a: Scrafty|Drain Punch|p1a: Sandy Shocks\n|-damage|p1a: Sandy Shocks|6/267\n|\n|-heal|p1a: Sandy Shocks|22/267|[from] item: Leftovers\n|upkeep\n|turn|6\n|\n|t:|1733866559\n|move|p1a: Sandy Shocks|Stealth Rock|p2a: Scrafty\n|-sidestart|p2: Ryesehr|move: Stealth Rock\n|move|p2a: Scrafty|Drain Punch|p1a: Sandy Shocks\n|-damage|p1a: Sandy Shocks|0 fnt\n|faint|p1a: Sandy Shocks\n|-end|p1a: Sandy Shocks|Protosynthesis|[silent]\n|\n|upkeep\n|\n|t:|1733866565\n|switch|p1a: Magearna|Magearna, L77|250/250\n|turn|7\n|\n|t:|1733866577\n|switch|p2a: Rillaboom|Rillaboom, L79, M|288/288\n|-damage|p2a: Rillaboom|240/288|[from] Spikes\n|-damage|p2a: Rillaboom|204/288|[from] Stealth Rock\n|-fieldstart|move: Grassy Terrain|[from] ability: Grassy Surge|[of] p2a: Rillaboom\n|move|p1a: Magearna|Shift Gear|p1a: Magearna\n|-boost|p1a: Magearna|spe|2\n|-boost|p1a: Magearna|atk|1\n|\n|-heal|p2a: Rillaboom|222/288|[from] Grassy Terrain\n|upkeep\n|turn|8\n|\n|t:|1733866594\n|move|p1a: Magearna|Iron Head|p2a: Rillaboom\n|-damage|p2a: Rillaboom|122/288\n|move|p2a: Rillaboom|High Horsepower|p1a: Magearna\n|-supereffective|p1a: Magearna\n|-damage|p1a: Magearna|56/250\n|-enditem|p1a: Magearna|Weakness Policy\n|-boost|p1a: Magearna|atk|2|[from] item: Weakness Policy\n|-boost|p1a: Magearna|spa|2|[from] item: Weakness Policy\n|\n|-heal|p1a: Magearna|71/250|[from] Grassy Terrain\n|-heal|p2a: Rillaboom|140/288|[from] Grassy Terrain\n|upkeep\n|turn|9\n|\n|t:|1733866605\n|move|p1a: Magearna|Iron Head|p2a: Rillaboom\n|-damage|p2a: Rillaboom|0 fnt\n|faint|p2a: Rillaboom\n|-ability|p1a: Magearna|Soul-Heart|boost\n|-boost|p1a: Magearna|spa|1\n|\n|-heal|p1a: Magearna|86/250|[from] Grassy Terrain\n|upkeep\n|inactive|Ryesehr has 270 seconds left.\n|\n|t:|1733866634\n|switch|p2a: Whiscash|Whiscash, L88, F|337/337\n|-damage|p2a: Whiscash|281/337|[from] Spikes\n|-damage|p2a: Whiscash|260/337|[from] Stealth Rock\n|turn|10\n|\n|t:|1733866643\n|move|p1a: Magearna|Fleur Cannon|p2a: Whiscash\n|-damage|p2a: Whiscash|0 fnt\n|-unboost|p1a: Magearna|spa|2\n|faint|p2a: Whiscash\n|-ability|p1a: Magearna|Soul-Heart|boost\n|-boost|p1a: Magearna|spa|1\n|\n|-heal|p1a: Magearna|101/250|[from] Grassy Terrain\n|upkeep\n|\n|t:|1733866647\n|switch|p2a: Ogerpon|Ogerpon-Cornerstone, L76, F|247/247\n|-damage|p2a: Ogerpon|206/247|[from] Spikes\n|-damage|p2a: Ogerpon|176/247|[from] Stealth Rock\n|turn|11\n|\n|t:|1733866654\n|move|p1a: Magearna|Iron Head|p2a: Ogerpon\n|-supereffective|p2a: Ogerpon\n|-damage|p2a: Ogerpon|0 fnt\n|faint|p2a: Ogerpon\n|-ability|p1a: Magearna|Soul-Heart|boost\n|-boost|p1a: Magearna|spa|1\n|\n|-heal|p1a: Magearna|116/250|[from] Grassy Terrain\n|-fieldend|move: Grassy Terrain\n|upkeep\n|\n|t:|1733866658\n|switch|p2a: Iron Crown|Iron Crown, L78|268/268\n|-damage|p2a: Iron Crown|224/268|[from] Spikes\n|-damage|p2a: Iron Crown|208/268|[from] Stealth Rock\n|turn|12\n|\n|t:|1733866667\n|-terastallize|p1a: Magearna|Ground\n|move|p1a: Magearna|Tera Blast|p2a: Iron Crown|[anim] Tera Blast Ground\n|-supereffective|p2a: Iron Crown\n|-damage|p2a: Iron Crown|0 fnt\n|faint|p2a: Iron Crown\n|-ability|p1a: Magearna|Soul-Heart|boost\n|-boost|p1a: Magearna|spa|1\n|-end|p2a: Iron Crown|Quark Drive|[silent]\n|\n|upkeep\n|\n|t:|1733866669\n|switch|p2a: Grafaiai|Grafaiai, L86, M|249/249\n|-damage|p2a: Grafaiai|208/249|[from] Spikes\n|-damage|p2a: Grafaiai|177/249|[from] Stealth Rock\n|turn|13\n|\n|t:|1733866678\n|move|p1a: Magearna|Tera Blast|p2a: Grafaiai|[anim] Tera Blast Ground\n|-supereffective|p2a: Grafaiai\n|-damage|p2a: Grafaiai|0 fnt\n|faint|p2a: Grafaiai\n|-ability|p1a: Magearna|Soul-Heart|boost\n|-boost|p1a: Magearna|spa|1\n|\n|upkeep\n|\n|t:|1733866680\n|switch|p2a: Scrafty|Scrafty, L84, M|246/246\n|-damage|p2a: Scrafty|205/246|[from] Spikes\n|-damage|p2a: Scrafty|190/246|[from] Stealth Rock\n|turn|14\n|\n|t:|1733866688\n|move|p1a: Magearna|Fleur Cannon|p2a: Scrafty\n|-supereffective|p2a: Scrafty\n|-damage|p2a: Scrafty|0 fnt\n|-unboost|p1a: Magearna|spa|2\n|faint|p2a: Scrafty\n|\n|win|kyotograve\n|l|\u2606kyotograve\n|player|p1|\n", "inputlog": ">version bfd83cad13791eb5a5a409923076391caf6fb4d4\n>start {\"formatid\":\"gen9randombattle\",\"seed\":[15435,31090,60744,60824]}\n>player p1 {\"name\":\"kyotograve\",\"avatar\":\"102\",\"rating\":0,\"seed\":[5494,3509,48451,13898]}\n>player p2 {\"name\":\"Ryesehr\",\"avatar\":\"101\",\"rating\":0,\"seed\":[30675,48941,42517,62022]}\n>p1 move thunderbolt\n>p2 move bulkup\n>p1 move thunderbolt\n>p2 move bulkup\n>p1 move thunderbolt\n>p2 move rest\n>p1 move spikes\n>p2 move drainpunch\n>p1 move spikes\n>p2 move drainpunch\n>p1 move stealthrock\n>p2 move drainpunch\n>p1 switch 6\n>p1 move shiftgear\n>p2 switch 3\n>p1 move ironhead\n>p2 move highhorsepower\n>p1 move ironhead\n>p2 move highhorsepower\n>p2 switch 4\n>p1 move fleurcannon\n>p2 move earthquake\n>p2 switch 2\n>p1 move ironhead\n>p2 move powerwhip\n>p2 switch 5\n>p1 move terablast terastallize\n>p2 move tachyoncutter\n>p2 switch 6\n>p1 move terablast\n>p2 move gunkshot\n>p2 switch 3\n>p1 move fleurcannon\n>p2 move drainpunch", "uploadtime": 1733866700, "views": 1, "formatid": "gen9randombattle", "rating": null, "private": 0, "password": null}