{"id": "gen9randombattle-2153286453", "format": "[Gen 9] Random Battle", "players": ["TSM-Virgil", "fashionstar510"], "log": "|badge|p2|bronze|gen9randombattle|100-2\n|uhtml|medal-msg|<div class=\"broadcast-blue\">Curious what those medals under the avatar are? PS now has Ladder Seasons! For more information, check out the <a href=\"https://www.smogon.com/forums/threads/3740067/\">thread on Smogon.</a></div>\n|j|\u2606TSM-Virgil\n|j|\u2606fashionstar510\n|t:|1719848216\n|gametype|singles\n|player|p1|TSM-Virgil|acetrainer|2243\n|player|p2|fashionstar510|265|2350\n|teamsize|p1|6\n|teamsize|p2|6\n|gen|9\n|tier|[Gen 9] Random Battle\n|rated|\n|rule|Species Clause: Limit one of each Pok\u00e9mon\n|rule|HP Percentage Mod: HP is shown in percentages\n|rule|Sleep Clause Mod: Limit one foe put to sleep\n|rule|Illusion Level Mod: Illusion disguises the Pok\u00e9mon's true level\n|\n|t:|1719848216\n|start\n|switch|p1a: Toedscruel|Toedscruel, L87, M|281/281\n|switch|p2a: Cyclizar|Cyclizar, L83, M|252/252\n|turn|1\n|\n|t:|1719848225\n|move|p2a: Cyclizar|Shed Tail|p2a: Cyclizar\n|-start|p2a: Cyclizar|Substitute|[from] move: Shed Tail\n|-damage|p2a: Cyclizar|126/252\n|\n|t:|1719848237\n|switch|p2a: Frosmoth|Frosmoth, L82, M|249/249|[from] Shed Tail\n|move|p1a: Toedscruel|Rapid Spin|p2a: Frosmoth\n|-activate|p2a: Frosmoth|move: Substitute|[damage]\n|-boost|p1a: Toedscruel|spe|1\n|\n|upkeep\n|turn|2\n|\n|t:|1719848248\n|move|p1a: Toedscruel|Knock Off|p2a: Frosmoth\n|-end|p2a: Frosmoth|Substitute\n|move|p2a: Frosmoth|Quiver Dance|p2a: Frosmoth\n|-boost|p2a: Frosmoth|spa|1\n|-boost|p2a: Frosmoth|spd|1\n|-boost|p2a: Frosmoth|spe|1\n|\n|upkeep\n|turn|3\n|\n|t:|1719848259\n|move|p1a: Toedscruel|Knock Off|p2a: Frosmoth\n|-damage|p2a: Frosmoth|176/249\n|-enditem|p2a: Frosmoth|Heavy-Duty Boots|[from] move: Knock Off|[of] p1a: Toedscruel\n|move|p2a: Frosmoth|Ice Beam|p1a: Toedscruel\n|-supereffective|p1a: Toedscruel\n|-damage|p1a: Toedscruel|0 fnt\n|faint|p1a: Toedscruel\n|\n|upkeep\n|\n|t:|1719848277\n|switch|p1a: Munkidori|Munkidori, L79, M|269/269\n|turn|4\n|\n|t:|1719848284\n|move|p2a: Frosmoth|Ice Beam|p1a: Munkidori\n|-crit|p1a: Munkidori\n|-damage|p1a: Munkidori|1/269\n|move|p1a: Munkidori|Psyshock|p2a: Frosmoth\n|-damage|p2a: Frosmoth|92/249\n|-damage|p1a: Munkidori|0 fnt|[from] item: Life Orb\n|faint|p1a: Munkidori\n|\n|upkeep\n|\n|t:|1719848296\n|switch|p1a: Dachsbun|Dachsbun, L91, M|252/252\n|turn|5\n|\n|t:|1719848299\n|move|p2a: Frosmoth|Ice Beam|p1a: Dachsbun\n|-damage|p1a: Dachsbun|98/252\n|move|p1a: Dachsbun|Body Press|p2a: Frosmoth\n|-damage|p2a: Frosmoth|0 fnt\n|faint|p2a: Frosmoth\n|\n|-heal|p1a: Dachsbun|113/252|[from] item: Leftovers\n|upkeep\n|\n|t:|1719848308\n|switch|p2a: Basculegion|Basculegion-F, L83, F|335/335\n|turn|6\n|\n|t:|1719848312\n|move|p1a: Dachsbun|Wish|p1a: Dachsbun\n|move|p2a: Basculegion|Shadow Ball|p1a: Dachsbun\n|-damage|p1a: Dachsbun|0 fnt\n|faint|p1a: Dachsbun\n|\n|upkeep\n|\n|t:|1719848318\n|switch|p1a: Donphan|Donphan, L84, M|288/288\n|turn|7\n|\n|t:|1719848326\n|switch|p2a: Moltres|Moltres-Galar, L79|271/271\n|move|p1a: Donphan|Stealth Rock|p2a: Moltres\n|-sidestart|p2: fashionstar510|move: Stealth Rock\n|\n|upkeep\n|turn|8\n|c|\u2606TSM-Virgil|gg wp\n|c|\u2606TSM-Virgil|Honestly this was such a horrible match up I had no chance\n|\n|t:|1719848354\n|switch|p1a: Azelf|Azelf, L82|257/257\n|move|p2a: Moltres|Agility|p2a: Moltres\n|-boost|p2a: Moltres|spe|2\n|\n|upkeep\n|turn|9\n|\n|t:|1719848365\n|move|p2a: Moltres|Fiery Wrath|p1a: Azelf\n|-supereffective|p1a: Azelf\n|-damage|p1a: Azelf|63/257\n|move|p1a: Azelf|Knock Off|p2a: Moltres\n|-resisted|p2a: Moltres\n|-damage|p2a: Moltres|222/271\n|-enditem|p2a: Moltres|Weakness Policy|[from] move: Knock Off|[of] p1a: Azelf\n|-damage|p1a: Azelf|38/257|[from] item: Life Orb\n|\n|upkeep\n|turn|10\n|\n|t:|1719848371\n|move|p2a: Moltres|Fiery Wrath|p1a: Azelf\n|-supereffective|p1a: Azelf\n|-damage|p1a: Azelf|0 fnt\n|faint|p1a: Azelf\n|\n|upkeep\n|\n|t:|1719848378\n|switch|p1a: Donphan|Donphan, L84, M|288/288\n|turn|11\n|\n|t:|1719848383\n|move|p1a: Donphan|Ice Shard|p2a: Moltres\n|-supereffective|p2a: Moltres\n|-damage|p2a: Moltres|152/271\n|move|p2a: Moltres|Fiery Wrath|p1a: Donphan\n|-damage|p1a: Donphan|171/288\n|\n|-heal|p1a: Donphan|189/288|[from] item: Leftovers\n|upkeep\n|turn|12\n|\n|t:|1719848386\n|move|p1a: Donphan|Ice Shard|p2a: Moltres\n|-supereffective|p2a: Moltres\n|-damage|p2a: Moltres|82/271\n|-ability|p2a: Moltres|Berserk|boost\n|-boost|p2a: Moltres|spa|1\n|move|p2a: Moltres|Hurricane|p1a: Donphan\n|-damage|p1a: Donphan|0 fnt\n|faint|p1a: Donphan\n|\n|upkeep\n|\n|t:|1719848388\n|switch|p1a: Dragapult|Dragapult, L77, F|262/262\n|turn|13\n|\n|t:|1719848401\n|-terastallize|p1a: Dragapult|Fire\n|move|p2a: Moltres|Fiery Wrath|p1a: Dragapult\n|-damage|p1a: Dragapult|90/262\n|move|p1a: Dragapult|Fire Blast|p2a: Moltres\n|-damage|p2a: Moltres|0 fnt\n|faint|p2a: Moltres\n|\n|upkeep\n|\n|t:|1719848411\n|switch|p2a: Honchkrow|Honchkrow, L86, M|312/312\n|turn|14\n|\n|t:|1719848414\n|move|p2a: Honchkrow|Sucker Punch|p1a: Dragapult\n|-damage|p1a: Dragapult|0 fnt\n|faint|p1a: Dragapult\n|\n|win|fashionstar510\n|raw|TSM-Virgil's rating: 2243 &rarr; <strong>2229</strong><br />(-14 for losing)\n|raw|fashionstar510's rating: 2350 &rarr; <strong>2364</strong><br />(+14 for winning)\n|l|\u2606fashionstar510\n|player|p2|\n", "inputlog": ">version 021bb6b4147d783a3aa9da22896c4e1e173f1b61\n>start {\"formatid\":\"gen9randombattle\",\"seed\":[8317,51717,52388,14646],\"rated\":\"Rated battle\"}\n>player p1 {\"name\":\"TSM-Virgil\",\"avatar\":\"acetrainer\",\"rating\":2243,\"seed\":[10447,46492,6373,1627]}\n>player p2 {\"name\":\"fashionstar510\",\"avatar\":\"265\",\"rating\":2350,\"seed\":[53342,49808,8661,35933]}\n>p1 move rapidspin\n>p2 move shedtail\n>p2 switch 2\n>p1 move knockoff\n>p2 move quiverdance\n>p1 move knockoff\n>p2 move icebeam\n>p1 switch 3\n>p1 move psyshock\n>p2 move icebeam\n>p1 switch 4\n>p1 move bodypress\n>p2 move icebeam\n>p2 switch 6\n>p1 move wish\n>p2 move shadowball\n>p1 switch 2\n>p1 move stealthrock\n>p2 switch 3\n>chat \u2606TSM-Virgil|gg wp \n>chat \u2606TSM-Virgil|Honestly this was such a horrible match up I had no chance\n>p1 switch 6\n>p2 move agility\n>p1 move knockoff\n>p2 move fierywrath\n>p1 move psychic\n>p2 move fierywrath\n>p1 switch 6\n>p1 move iceshard\n>p2 move fierywrath\n>p1 move iceshard\n>p2 move hurricane\n>p1 switch 5\n>p1 move fireblast terastallize\n>p2 move fierywrath\n>p2 switch 4\n>p1 move fireblast\n>p2 move suckerpunch", "uploadtime": 1719848426, "views": 172, "formatid": "gen9randombattle", "rating": 2229, "private": 0, "password": null}