{"id": "gen9randombattle-2104193317", "format": "[Gen 9] Random Battle", "players": ["Hiimmaric", "Referrals"], "log": "|uhtml|medal-msg|<div class=\"broadcast-blue\">Curious what those medals under the avatar are? PS now has Ladder Seasons! For more information, check out the <a href=\"https://www.smogon.com/forums/threads/3740067/\">thread on Smogon.</a></div>\n|badge|p2|silver|gen9randombattle|30-1\n|uhtml|medal-msg|<div class=\"broadcast-blue\">Curious what those medals under the avatar are? PS now has Ladder Seasons! For more information, check out the <a href=\"https://www.smogon.com/forums/threads/3740067/\">thread on Smogon.</a></div>\n|j|\u2606Hiimmaric\n|j|\u2606Referrals\n|t:|1713214405\n|gametype|singles\n|player|p1|Hiimmaric|1|2207\n|player|p2|Referrals|rika|2406\n|teamsize|p1|6\n|teamsize|p2|6\n|gen|9\n|tier|[Gen 9] Random Battle\n|rated|\n|rule|Species Clause: Limit one of each Pok\u00e9mon\n|rule|HP Percentage Mod: HP is shown in percentages\n|rule|Sleep Clause Mod: Limit one foe put to sleep\n|rule|Illusion Level Mod: Illusion disguises the Pok\u00e9mon's true level\n|\n|t:|1713214405\n|start\n|switch|p1a: Honchkrow|Honchkrow, L86, M|312/312\n|switch|p2a: Talonflame|Talonflame, L84, F|268/268\n|turn|1\n|inactive|Battle timer is ON: inactive players will automatically lose when time's up. (requested by Hiimmaric)\n|\n|t:|1713214421\n|switch|p2a: Regigigas|Regigigas, L84|322/322\n|-start|p2a: Regigigas|ability: Slow Start\n|move|p1a: Honchkrow|Brave Bird|p2a: Regigigas\n|-damage|p2a: Regigigas|180/322\n|-damage|p1a: Honchkrow|265/312|[from] Recoil\n|\n|-heal|p2a: Regigigas|200/322|[from] item: Leftovers\n|upkeep\n|turn|2\n|\n|t:|1713214441\n|switch|p1a: Vikavolt|Vikavolt, L84, M|267/267\n|move|p2a: Regigigas|Rest|p2a: Regigigas\n|-status|p2a: Regigigas|slp|[from] move: Rest\n|-heal|p2a: Regigigas|322/322 slp|[silent]\n|\n|upkeep\n|turn|3\n|\n|t:|1713214451\n|move|p1a: Vikavolt|Sticky Web|p2a: Regigigas\n|-sidestart|p2: Referrals|move: Sticky Web\n|cant|p2a: Regigigas|slp\n|move|p2a: Regigigas|Sleep Talk|p2a: Regigigas\n|move|p2a: Regigigas|Knock Off|p1a: Vikavolt|[from]move: Sleep Talk\n|-damage|p1a: Vikavolt|215/267\n|-enditem|p1a: Vikavolt|Heavy-Duty Boots|[from] move: Knock Off|[of] p2a: Regigigas\n|\n|upkeep\n|turn|4\n|\n|t:|1713214456\n|switch|p1a: Urshifu|Urshifu-Rapid-Strike, L75, F|274/274\n|cant|p2a: Regigigas|slp\n|move|p2a: Regigigas|Sleep Talk|p2a: Regigigas\n|move|p2a: Regigigas|Knock Off|p1a: Urshifu|[from]move: Sleep Talk\n|-resisted|p1a: Urshifu\n|-damage|p1a: Urshifu|248/274\n|-enditem|p1a: Urshifu|Choice Band|[from] move: Knock Off|[of] p2a: Regigigas\n|\n|upkeep\n|turn|5\n|\n|t:|1713214471\n|move|p1a: Urshifu|Close Combat|p2a: Regigigas\n|-supereffective|p2a: Regigigas\n|-damage|p2a: Regigigas|94/322 slp\n|-unboost|p1a: Urshifu|def|1\n|-unboost|p1a: Urshifu|spd|1\n|-curestatus|p2a: Regigigas|slp|[msg]\n|move|p2a: Regigigas|Body Slam|p1a: Urshifu\n|-damage|p1a: Urshifu|143/274\n|-status|p1a: Urshifu|par\n|\n|-heal|p2a: Regigigas|114/322|[from] item: Leftovers\n|-end|p2a: Regigigas|Slow Start\n|upkeep\n|turn|6\n|j| andrew latimer\n|l| andrew latimer\n|\n|t:|1713214494\n|move|p1a: Urshifu|Aqua Jet|p2a: Regigigas\n|-damage|p2a: Regigigas|75/322\n|move|p2a: Regigigas|Body Slam|p1a: Urshifu\n|-damage|p1a: Urshifu|0 fnt\n|faint|p1a: Urshifu\n|\n|-heal|p2a: Regigigas|95/322|[from] item: Leftovers\n|upkeep\n|inactive|Hiimmaric has 120 seconds left.\n|\n|t:|1713214510\n|switch|p1a: Ampharos|Ampharos, L88, M|302/302\n|turn|7\n|\n|t:|1713214513\n|move|p2a: Regigigas|Knock Off|p1a: Ampharos\n|-damage|p1a: Ampharos|207/302\n|-enditem|p1a: Ampharos|Life Orb|[from] move: Knock Off|[of] p2a: Regigigas\n|move|p1a: Ampharos|Agility|p1a: Ampharos\n|-boost|p1a: Ampharos|spe|2\n|\n|-heal|p2a: Regigigas|115/322|[from] item: Leftovers\n|upkeep\n|turn|8\n|\n|t:|1713214539\n|-terastallize|p2a: Regigigas|Ghost\n|move|p1a: Ampharos|Focus Blast|p2a: Regigigas\n|-immune|p2a: Regigigas\n|move|p2a: Regigigas|Rest|p2a: Regigigas\n|-status|p2a: Regigigas|slp|[from] move: Rest\n|-heal|p2a: Regigigas|322/322 slp|[silent]\n|\n|upkeep\n|turn|9\n|\n|t:|1713214552\n|switch|p1a: Decidueye|Decidueye, L88, M|281/281\n|cant|p2a: Regigigas|slp\n|move|p2a: Regigigas|Sleep Talk|p2a: Regigigas\n|move|p2a: Regigigas|Rest||[from]move: Sleep Talk|[still]\n|-fail|p2a: Regigigas\n|\n|upkeep\n|turn|10\n|\n|t:|1713214564\n|cant|p2a: Regigigas|slp\n|move|p2a: Regigigas|Sleep Talk|p2a: Regigigas\n|move|p2a: Regigigas|Rest||[from]move: Sleep Talk|[still]\n|-fail|p2a: Regigigas\n|move|p1a: Decidueye|Poltergeist|p2a: Regigigas\n|-activate|p2a: Regigigas|move: Poltergeist|Leftovers\n|-supereffective|p2a: Regigigas\n|-damage|p2a: Regigigas|18/322 slp\n|-damage|p1a: Decidueye|253/281|[from] item: Life Orb\n|\n|-heal|p2a: Regigigas|38/322 slp|[from] item: Leftovers\n|upkeep\n|turn|11\n|\n|t:|1713214576\n|-end|p2a: Regigigas|Slow Start|[silent]\n|switch|p2a: Talonflame|Talonflame, L84, F|268/268\n|move|p1a: Decidueye|Shadow Sneak|p2a: Talonflame\n|-damage|p2a: Talonflame|197/268\n|-damage|p1a: Decidueye|225/281|[from] item: Life Orb\n|\n|upkeep\n|turn|12\n|\n|t:|1713214589\n|switch|p1a: Ampharos|Ampharos, L88, M|207/302\n|move|p2a: Talonflame|Overheat|p1a: Ampharos\n|-damage|p1a: Ampharos|108/302\n|-unboost|p2a: Talonflame|spa|2\n|\n|upkeep\n|turn|13\n|\n|t:|1713214598\n|switch|p2a: Brambleghast|Brambleghast, L88, F|240/240\n|-activate|p2a: Brambleghast|move: Sticky Web\n|-unboost|p2a: Brambleghast|spe|1\n|move|p1a: Ampharos|Thunderbolt|p2a: Brambleghast\n|-resisted|p2a: Brambleghast\n|-damage|p2a: Brambleghast|172/240\n|\n|-heal|p2a: Brambleghast|187/240|[from] item: Leftovers\n|upkeep\n|turn|14\n|\n|t:|1713214613\n|move|p1a: Ampharos|Thunderbolt|p2a: Brambleghast\n|-resisted|p2a: Brambleghast\n|-damage|p2a: Brambleghast|117/240\n|move|p2a: Brambleghast|Power Whip|p1a: Ampharos|[miss]\n|-miss|p2a: Brambleghast|p1a: Ampharos\n|\n|-heal|p2a: Brambleghast|132/240|[from] item: Leftovers\n|upkeep\n|turn|15\n|\n|t:|1713214628\n|switch|p1a: Honchkrow|Honchkrow, L86, M|265/312\n|move|p2a: Brambleghast|Power Whip|p1a: Honchkrow\n|-resisted|p1a: Honchkrow\n|-damage|p1a: Honchkrow|154/312\n|\n|-heal|p2a: Brambleghast|147/240|[from] item: Leftovers\n|upkeep\n|turn|16\n|\n|t:|1713214633\n|switch|p2a: Beartic|Beartic, L90, F|317/317\n|-activate|p2a: Beartic|move: Sticky Web\n|-unboost|p2a: Beartic|spe|1\n|move|p1a: Honchkrow|Brave Bird|p2a: Beartic\n|-damage|p2a: Beartic|149/317\n|-damage|p1a: Honchkrow|99/312|[from] Recoil\n|\n|upkeep\n|turn|17\n|\n|t:|1713214653\n|move|p2a: Beartic|Aqua Jet|p1a: Honchkrow\n|-damage|p1a: Honchkrow|4/312\n|move|p1a: Honchkrow|Brave Bird|p2a: Beartic\n|-damage|p2a: Beartic|0 fnt\n|faint|p2a: Beartic\n|-ability|p1a: Honchkrow|Moxie|boost\n|-boost|p1a: Honchkrow|atk|1\n|-damage|p1a: Honchkrow|0 fnt|[from] Recoil\n|faint|p1a: Honchkrow\n|\n|upkeep\n|\n|t:|1713214665\n|switch|p1a: Ampharos|Ampharos, L88, M|108/302\n|switch|p2a: Hariyama|Hariyama, L87, F|392/392\n|-activate|p2a: Hariyama|move: Sticky Web\n|-unboost|p2a: Hariyama|spe|1\n|turn|18\n|\n|t:|1713214684\n|move|p1a: Ampharos|Dazzling Gleam|p2a: Hariyama\n|-supereffective|p2a: Hariyama\n|-damage|p2a: Hariyama|194/392\n|move|p2a: Hariyama|Headlong Rush|p1a: Ampharos\n|-supereffective|p1a: Ampharos\n|-damage|p1a: Ampharos|0 fnt\n|-unboost|p2a: Hariyama|def|1\n|-unboost|p2a: Hariyama|spd|1\n|faint|p1a: Ampharos\n|\n|-status|p2a: Hariyama|brn|[from] item: Flame Orb\n|upkeep\n|j| traxler counter\n|\n|t:|1713214699\n|switch|p1a: Vikavolt|Vikavolt, L84, M|215/267\n|turn|19\n|\n|t:|1713214703\n|switch|p2a: Brambleghast|Brambleghast, L88, F|147/240\n|-activate|p2a: Brambleghast|move: Sticky Web\n|-unboost|p2a: Brambleghast|spe|1\n|move|p1a: Vikavolt|Thunderbolt|p2a: Brambleghast\n|-resisted|p2a: Brambleghast\n|-damage|p2a: Brambleghast|76/240\n|\n|-heal|p2a: Brambleghast|91/240|[from] item: Leftovers\n|upkeep\n|turn|20\n|\n|t:|1713214708\n|move|p2a: Brambleghast|Poltergeist||[still]\n|-fail|p2a: Brambleghast\n|move|p1a: Vikavolt|Bug Buzz|p2a: Brambleghast\n|-damage|p2a: Brambleghast|0 fnt\n|faint|p2a: Brambleghast\n|\n|upkeep\n|\n|t:|1713214718\n|switch|p2a: Illumise|Illumise, L91, F|266/266\n|turn|21\n|\n|t:|1713214725\n|move|p2a: Illumise|Bug Buzz|p1a: Vikavolt\n|-damage|p1a: Vikavolt|109/267\n|move|p1a: Vikavolt|Thunderbolt|p2a: Illumise\n|-damage|p2a: Illumise|136/266\n|\n|upkeep\n|turn|22\n|\n|t:|1713214745\n|switch|p2a: Regigigas|Regigigas, L84, tera:Ghost|38/322 slp\n|-activate|p2a: Regigigas|move: Sticky Web\n|-unboost|p2a: Regigigas|spe|1\n|-start|p2a: Regigigas|ability: Slow Start\n|move|p1a: Vikavolt|Thunderbolt|p2a: Regigigas\n|-damage|p2a: Regigigas|0 fnt\n|faint|p2a: Regigigas\n|-end|p2a: Regigigas|Slow Start|[silent]\n|\n|upkeep\n|\n|t:|1713214746\n|switch|p2a: Talonflame|Talonflame, L84, F|197/268\n|turn|23\n|\n|t:|1713214751\n|move|p2a: Talonflame|Overheat|p1a: Vikavolt\n|-supereffective|p1a: Vikavolt\n|-damage|p1a: Vikavolt|0 fnt\n|-unboost|p2a: Talonflame|spa|2\n|faint|p1a: Vikavolt\n|\n|upkeep\n|\n|t:|1713214755\n|switch|p1a: Arceus|Arceus-Dragon, L71|288/288\n|turn|24\n|\n|t:|1713214774\n|switch|p2a: Illumise|Illumise, L91, F|136/266\n|move|p1a: Arceus|Outrage|p2a: Illumise\n|-damage|p2a: Illumise|0 fnt\n|faint|p2a: Illumise\n|\n|upkeep\n|\n|t:|1713214779\n|switch|p2a: Hariyama|Hariyama, L87, F|194/392 brn\n|-activate|p2a: Hariyama|move: Sticky Web\n|-unboost|p2a: Hariyama|spe|1\n|turn|25\n|\n|t:|1713214784\n|move|p1a: Arceus|Outrage|p2a: Hariyama|[from]lockedmove\n|-damage|p2a: Hariyama|26/392 brn\n|move|p2a: Hariyama|Close Combat|p1a: Arceus\n|-damage|p1a: Arceus|78/288\n|-unboost|p2a: Hariyama|def|1\n|-unboost|p2a: Hariyama|spd|1\n|\n|-damage|p2a: Hariyama|2/392 brn|[from] brn\n|upkeep\n|turn|26\n|\n|t:|1713214794\n|move|p1a: Arceus|Outrage|p2a: Hariyama|[from]lockedmove\n|-crit|p2a: Hariyama\n|-damage|p2a: Hariyama|0 fnt\n|faint|p2a: Hariyama\n|-start|p1a: Arceus|confusion|[fatigue]\n|\n|upkeep\n|\n|t:|1713214796\n|switch|p2a: Talonflame|Talonflame, L84, F|197/268\n|turn|27\n|\n|t:|1713214807\n|move|p2a: Talonflame|Brave Bird|p1a: Arceus\n|-damage|p1a: Arceus|0 fnt\n|faint|p1a: Arceus\n|-damage|p2a: Talonflame|171/268|[from] Recoil\n|\n|upkeep\n|\n|t:|1713214809\n|switch|p1a: Decidueye|Decidueye, L88, M|225/281\n|turn|28\n|\n|t:|1713214825\n|-terastallize|p1a: Decidueye|Ghost\n|move|p2a: Talonflame|Brave Bird|p1a: Decidueye\n|-damage|p1a: Decidueye|107/281\n|-damage|p2a: Talonflame|132/268|[from] Recoil\n|move|p1a: Decidueye|Poltergeist|p2a: Talonflame\n|-activate|p2a: Talonflame|move: Poltergeist|Heavy-Duty Boots\n|-damage|p2a: Talonflame|0 fnt\n|faint|p2a: Talonflame\n|-damage|p1a: Decidueye|79/281|[from] item: Life Orb\n|\n|win|Hiimmaric\n|raw|Hiimmaric's rating: 2207 &rarr; <strong>2237</strong><br />(+30 for winning)\n|raw|Referrals's rating: 2406 &rarr; <strong>2376</strong><br />(-30 for losing)\n|l|\u2606Referrals\n|player|p2|\n|l|\u2606Hiimmaric\n|player|p1|\n|l| traxler counter\n", "inputlog": ">version 94cb14e6e593f9434fd234bef139544825d280b8\n>start {\"formatid\":\"gen9randombattle\",\"seed\":[30566,40722,14545,22067],\"rated\":\"Rated battle\"}\n>player p1 {\"name\":\"Hiimmaric\",\"avatar\":\"1\",\"rating\":2207,\"seed\":[17620,62312,22206,34499]}\n>player p2 {\"name\":\"Referrals\",\"avatar\":\"rika\",\"rating\":2406,\"seed\":[48240,11058,9784,20353]}\n>p1 move bravebird\n>p2 switch 6\n>p1 switch 2\n>p2 move rest\n>p1 move stickyweb\n>p2 move sleeptalk\n>p1 switch 3\n>p2 move sleeptalk\n>p1 move closecombat\n>p2 move bodyslam\n>p1 move aquajet\n>p2 move bodyslam\n>p1 switch 6\n>p1 move agility\n>p2 move knockoff\n>p1 move focusblast\n>p2 move rest terastallize\n>p1 switch 4\n>p2 move sleeptalk\n>p1 move poltergeist\n>p2 move sleeptalk\n>p1 move shadowsneak\n>p2 switch 6\n>p1 switch 4\n>p2 move overheat\n>p1 move thunderbolt\n>p2 switch 4\n>p1 move thunderbolt\n>p2 move powerwhip\n>p1 switch 2\n>p2 move powerwhip\n>p1 move bravebird\n>p2 switch 2\n>p1 move bravebird\n>p2 move aquajet\n>p1 switch 2\n>p2 switch 5\n>p1 move dazzlinggleam\n>p2 move headlongrush\n>p1 switch 3\n>p1 move thunderbolt\n>p2 switch 2\n>p1 move bugbuzz\n>p2 move poltergeist\n>p2 switch 3\n>p1 move thunderbolt\n>p2 move bugbuzz\n>p1 move thunderbolt\n>p2 switch 6\n>p2 switch 4\n>p1 move thunderbolt\n>p2 move overheat\n>p1 switch 5\n>p1 move outrage\n>p2 switch 6\n>p2 switch 2\n>p1 move outrage\n>p2 move closecombat\n>p1 move outrage\n>p2 move facade\n>p2 switch 6\n>p1 move outrage\n>p2 move bravebird\n>p1 switch 4\n>p1 move poltergeist terastallize\n>p2 move bravebird", "uploadtime": 1713215422, "views": 246, "formatid": "gen9randombattle", "rating": 2237, "private": 0, "password": null}