{"id": "gen9randombattle-2260615665", "format": "[Gen 9] Random Battle", "players": ["joaop21", "areubae"], "log": "|j|\u2606joaop21\n|j|\u2606areubae\n|t:|1733869608\n|gametype|singles\n|player|p1|joaop21|169|1149\n|player|p2|areubae|102|1139\n|teamsize|p1|6\n|teamsize|p2|6\n|gen|9\n|tier|[Gen 9] Random Battle\n|rated|\n|rule|Species Clause: Limit one of each Pok\u00e9mon\n|rule|HP Percentage Mod: HP is shown in percentages\n|rule|Sleep Clause Mod: Limit one foe put to sleep\n|rule|Illusion Level Mod: Illusion disguises the Pok\u00e9mon's true level\n|\n|t:|1733869608\n|start\n|switch|p1a: Mimikyu|Mimikyu, L79, M|216/216\n|switch|p2a: Vigoroth|Vigoroth, L85, F|275/275\n|turn|1\n|\n|t:|1733869619\n|move|p2a: Vigoroth|Earthquake|p1a: Mimikyu\n|-activate|p1a: Mimikyu|ability: Disguise\n|-damage|p1a: Mimikyu|216/216\n|detailschange|p1a: Mimikyu|Mimikyu-Busted, L79, M\n|-damage|p1a: Mimikyu|189/216|[from] pokemon: Mimikyu-Busted\n|move|p1a: Mimikyu|Swords Dance|p1a: Mimikyu\n|-boost|p1a: Mimikyu|atk|2\n|\n|upkeep\n|turn|2\n|\n|t:|1733869631\n|-terastallize|p2a: Vigoroth|Ground\n|move|p2a: Vigoroth|Bulk Up|p2a: Vigoroth\n|-boost|p2a: Vigoroth|atk|1\n|-boost|p2a: Vigoroth|def|1\n|move|p1a: Mimikyu|Swords Dance|p1a: Mimikyu\n|-boost|p1a: Mimikyu|atk|2\n|\n|upkeep\n|turn|3\n|\n|t:|1733869642\n|move|p2a: Vigoroth|Earthquake|p1a: Mimikyu\n|-damage|p1a: Mimikyu|18/216\n|move|p1a: Mimikyu|Wood Hammer|p2a: Vigoroth\n|-supereffective|p2a: Vigoroth\n|-damage|p2a: Vigoroth|23/275\n|-damage|p1a: Mimikyu|0 fnt|[from] Recoil\n|faint|p1a: Mimikyu\n|\n|upkeep\n|\n|t:|1733869662\n|switch|p1a: Flamigo|Flamigo, L82, F|269/269\n|turn|4\n|\n|t:|1733869670\n|move|p1a: Flamigo|U-turn|p2a: Vigoroth\n|-damage|p2a: Vigoroth|0 fnt\n|faint|p2a: Vigoroth\n|inactive|Battle timer is ON: inactive players will automatically lose when time's up. (requested by areubae)\n|\n|t:|1733869692\n|switch|p1a: Gholdengo|Gholdengo, L77|261/261|[from] U-turn\n|\n|upkeep\n|\n|t:|1733869700\n|switch|p2a: Magcargo|Magcargo, L95, F|268/268\n|turn|5\n|inactive|joaop21 has 120 seconds left.\n|\n|t:|1733869741\n|switch|p1a: Hawlucha|Hawlucha, L80, F|256/256\n|move|p2a: Magcargo|Shell Smash|p2a: Magcargo\n|-unboost|p2a: Magcargo|def|1\n|-unboost|p2a: Magcargo|spd|1\n|-boost|p2a: Magcargo|atk|2\n|-boost|p2a: Magcargo|spa|2\n|-boost|p2a: Magcargo|spe|2\n|\n|upkeep\n|turn|6\n|inactive|areubae has 120 seconds left.\n|\n|t:|1733869778\n|move|p1a: Hawlucha|Swords Dance|p1a: Hawlucha\n|-boost|p1a: Hawlucha|atk|2\n|move|p2a: Magcargo|Fire Blast|p1a: Hawlucha|[miss]\n|-miss|p2a: Magcargo|p1a: Hawlucha\n|\n|upkeep\n|turn|7\n|inactive|areubae has 120 seconds left.\n|\n|t:|1733869786\n|move|p1a: Hawlucha|Close Combat|p2a: Magcargo\n|-supereffective|p2a: Magcargo\n|-damage|p2a: Magcargo|0 fnt\n|-unboost|p1a: Hawlucha|def|1\n|-unboost|p1a: Hawlucha|spd|1\n|-enditem|p1a: Hawlucha|White Herb\n|-clearnegativeboost|p1a: Hawlucha|[silent]\n|faint|p2a: Magcargo\n|\n|upkeep\n|inactive|areubae has 120 seconds left.\n|\n|t:|1733869797\n|switch|p2a: Mismagius|Mismagius, L86, F|243/243\n|turn|8\n|\n|t:|1733869808\n|move|p1a: Hawlucha|Throat Chop|p2a: Mismagius\n|-supereffective|p2a: Mismagius\n|-damage|p2a: Mismagius|0 fnt\n|faint|p2a: Mismagius\n|\n|upkeep\n|\n|t:|1733869815\n|switch|p2a: Mew|Mew, L82|298/298\n|turn|9\n|\n|t:|1733869819\n|move|p1a: Hawlucha|Throat Chop|p2a: Mew\n|-supereffective|p2a: Mew\n|-damage|p2a: Mew|108/298\n|-start|p2a: Mew|Throat Chop|[silent]\n|move|p2a: Mew|Psychic Fangs|p1a: Hawlucha\n|-supereffective|p1a: Hawlucha\n|-damage|p1a: Hawlucha|0 fnt\n|faint|p1a: Hawlucha\n|-damage|p2a: Mew|79/298|[from] item: Life Orb\n|\n|upkeep\n|inactive|joaop21 has 120 seconds left.\n|\n|t:|1733869833\n|switch|p1a: Gholdengo|Gholdengo, L77|261/261\n|turn|10\n|\n|t:|1733869842\n|move|p2a: Mew|Knock Off|p1a: Gholdengo\n|-supereffective|p1a: Gholdengo\n|-damage|p1a: Gholdengo|71/261\n|-enditem|p1a: Gholdengo|Leftovers|[from] move: Knock Off|[of] p2a: Mew\n|-damage|p2a: Mew|50/298|[from] item: Life Orb\n|move|p1a: Gholdengo|Thunder Wave|p2a: Mew\n|-status|p2a: Mew|par\n|-activate|p2a: Mew|ability: Synchronize\n|-status|p1a: Gholdengo|par\n|\n|-end|p2a: Mew|Throat Chop|[silent]\n|upkeep\n|turn|11\n|\n|t:|1733869857\n|move|p2a: Mew|Knock Off|p1a: Gholdengo\n|-supereffective|p1a: Gholdengo\n|-damage|p1a: Gholdengo|0 fnt\n|faint|p1a: Gholdengo\n|-damage|p2a: Mew|21/298 par|[from] item: Life Orb\n|\n|upkeep\n|inactive|joaop21 has 120 seconds left.\n|\n|t:|1733869875\n|switch|p1a: Ninetales|Ninetales-Alola, L78, M|242/242\n|-weather|Snow|[from] ability: Snow Warning|[of] p1a: Ninetales\n|turn|12\n|inactive|joaop21 has 120 seconds left.\n|\n|t:|1733869885\n|move|p1a: Ninetales|Nasty Plot|p1a: Ninetales\n|-boost|p1a: Ninetales|spa|2\n|move|p2a: Mew|Knock Off|p1a: Ninetales\n|-resisted|p1a: Ninetales\n|-damage|p1a: Ninetales|210/242\n|-enditem|p1a: Ninetales|Light Clay|[from] move: Knock Off|[of] p2a: Mew\n|-damage|p2a: Mew|0 fnt|[from] item: Life Orb\n|faint|p2a: Mew\n|\n|-weather|Snow|[upkeep]\n|upkeep\n|\n|t:|1733869898\n|switch|p2a: Dewgong|Dewgong, L94, F|322/322\n|turn|13\n|\n|t:|1733869909\n|move|p1a: Ninetales|Moonblast|p2a: Dewgong\n|-damage|p2a: Dewgong|187/322\n|move|p2a: Dewgong|Hydro Pump|p1a: Ninetales\n|-damage|p1a: Ninetales|102/242\n|\n|-weather|Snow|[upkeep]\n|upkeep\n|turn|14\n|\n|t:|1733869917\n|move|p1a: Ninetales|Moonblast|p2a: Dewgong\n|-damage|p2a: Dewgong|57/322\n|move|p2a: Dewgong|Hydro Pump|p1a: Ninetales\n|-damage|p1a: Ninetales|0 fnt\n|faint|p1a: Ninetales\n|\n|-weather|Snow|[upkeep]\n|upkeep\n|inactive|joaop21 has 120 seconds left.\n|\n|t:|1733869933\n|switch|p1a: Flamigo|Flamigo, L82, F|269/269\n|turn|15\n|\n|t:|1733869943\n|move|p1a: Flamigo|Throat Chop|p2a: Dewgong\n|-damage|p2a: Dewgong|15/322\n|-start|p2a: Dewgong|Throat Chop|[silent]\n|move|p2a: Dewgong|Ice Beam|p1a: Flamigo\n|-supereffective|p1a: Flamigo\n|-damage|p1a: Flamigo|47/269\n|\n|-weather|Snow|[upkeep]\n|upkeep\n|turn|16\n|\n|t:|1733869952\n|move|p1a: Flamigo|Throat Chop|p2a: Dewgong\n|-damage|p2a: Dewgong|0 fnt\n|faint|p2a: Dewgong\n|\n|-weather|none\n|upkeep\n|\n|t:|1733869958\n|switch|p2a: Walking Wake|Walking Wake, L79|286/286\n|turn|17\n|\n|t:|1733869966\n|switch|p1a: Piloswine|Piloswine, L85, M|309/309\n|move|p2a: Walking Wake|Hydro Pump|p1a: Piloswine|[miss]\n|-miss|p2a: Walking Wake|p1a: Piloswine\n|\n|upkeep\n|turn|18\n|\n|t:|1733869978\n|move|p2a: Walking Wake|Hydro Pump|p1a: Piloswine\n|-supereffective|p1a: Piloswine\n|-damage|p1a: Piloswine|7/309\n|move|p1a: Piloswine|Icicle Crash|p2a: Walking Wake\n|-damage|p2a: Walking Wake|195/286\n|\n|upkeep\n|turn|19\n|\n|t:|1733869990\n|move|p1a: Piloswine|Ice Shard|p2a: Walking Wake\n|-damage|p2a: Walking Wake|150/286\n|move|p2a: Walking Wake|Hydro Pump|p1a: Piloswine\n|-supereffective|p1a: Piloswine\n|-damage|p1a: Piloswine|0 fnt\n|faint|p1a: Piloswine\n|\n|upkeep\n|\n|t:|1733869998\n|switch|p1a: Flamigo|Flamigo, L82, F|47/269\n|turn|20\n|\n|t:|1733870007\n|move|p1a: Flamigo|Brave Bird|p2a: Walking Wake\n|-damage|p2a: Walking Wake|6/286\n|-damage|p1a: Flamigo|0 fnt|[from] Recoil\n|faint|p1a: Flamigo\n|\n|win|areubae\n|raw|joaop21's rating: 1149 &rarr; <strong>1123</strong><br />(-26 for losing)\n|raw|areubae's rating: 1139 &rarr; <strong>1165</strong><br />(+26 for winning)\n", "inputlog": ">version bfd83cad13791eb5a5a409923076391caf6fb4d4\n>start {\"formatid\":\"gen9randombattle\",\"seed\":[39468,8928,13553,48338],\"rated\":\"Rated battle\"}\n>player p1 {\"name\":\"joaop21\",\"avatar\":\"169\",\"rating\":1149,\"seed\":[26189,22203,2032,31929]}\n>player p2 {\"name\":\"areubae\",\"avatar\":\"102\",\"rating\":1139,\"seed\":[64664,46965,55287,19387]}\n>p1 move swordsdance\n>p2 move earthquake\n>p1 move swordsdance\n>p2 move bulkup terastallize\n>p1 move woodhammer\n>p2 move earthquake\n>p1 switch 5\n>p1 move uturn\n>p2 move slackoff\n>p1 switch 3\n>p2 switch 4\n>p1 switch 6\n>p2 move shellsmash\n>p1 move swordsdance\n>p2 move fireblast\n>p1 move closecombat\n>p2 move fireblast\n>p2 switch 6\n>p1 move throatchop\n>p2 move shadowball\n>p2 switch 2\n>p1 move throatchop\n>p2 move psychicfangs\n>p1 switch 6\n>p1 move thunderwave\n>p2 move knockoff\n>p1 move recover\n>p2 move knockoff\n>p1 switch 2\n>p1 move nastyplot\n>p2 move knockoff\n>p2 switch 3\n>p1 move moonblast\n>p2 move hydropump\n>p1 move moonblast\n>p2 move hydropump\n>p1 switch 3\n>p1 move throatchop\n>p2 move icebeam\n>p1 move throatchop\n>p2 move icebeam\n>p2 switch 5\n>p1 switch 4\n>p2 move hydropump\n>p1 move iciclecrash\n>p2 move hydropump\n>p1 move iceshard\n>p2 move hydropump\n>p1 switch 4\n>p1 move bravebird\n>p2 move hydropump", "uploadtime": 1733870014, "views": 1, "formatid": "gen9randombattle", "rating": 1123, "private": 0, "password": null}