{"id": "gen9randombattle-2060361788", "format": "[Gen 9] Random Battle", "players": ["Jaikido", "f \u221e1ish"], "log": "|j|\u2606Jaikido\n|j|\u203df \u221e1ish\n|t:|1708044333\n|gametype|singles\n|player|p1|Jaikido|266|2218\n|player|p2|f \u221e1ish|170|2299\n|teamsize|p1|6\n|teamsize|p2|6\n|gen|9\n|tier|[Gen 9] Random Battle\n|rated|\n|rule|Species Clause: Limit one of each Pok\u00e9mon\n|rule|HP Percentage Mod: HP is shown in percentages\n|rule|Sleep Clause Mod: Limit one foe put to sleep\n|rule|Illusion Level Mod: Illusion disguises the Pok\u00e9mon's true level\n|\n|t:|1708044333\n|start\n|switch|p1a: Lumineon|Lumineon, L93, M|279/279\n|switch|p2a: Luxray|Luxray, L88, M|284/284\n|turn|1\n|inactive|Battle timer is ON: inactive players will automatically lose when time's up. (requested by Jaikido)\n|\n|t:|1708044347\n|move|p1a: Lumineon|U-turn|p2a: Luxray\n|-damage|p2a: Luxray|232/284\n|j| orange_fresh77\n|\n|t:|1708044356\n|switch|p1a: Meowscarada|Meowscarada, L78, F|247/247|[from] U-turn\n|move|p2a: Luxray|Play Rough|p1a: Meowscarada\n|-supereffective|p1a: Meowscarada\n|-damage|p1a: Meowscarada|35/247\n|\n|-status|p2a: Luxray|brn|[from] item: Flame Orb\n|upkeep\n|turn|2\n|\n|t:|1708044367\n|switch|p2a: Mandibuzz|Mandibuzz, L84, F|322/322\n|move|p1a: Meowscarada|Flower Trick|p2a: Mandibuzz\n|-start|p1a: Meowscarada|typechange|Grass|[from] ability: Protean\n|-resisted|p2a: Mandibuzz\n|-crit|p2a: Mandibuzz\n|-damage|p2a: Mandibuzz|253/322\n|\n|upkeep\n|turn|3\n|\n|t:|1708044371\n|switch|p1a: Tinkaton|Tinkaton, L82, F|274/274\n|move|p2a: Mandibuzz|U-turn|p1a: Tinkaton\n|-resisted|p1a: Tinkaton\n|-damage|p1a: Tinkaton|264/274\n|\n|t:|1708044388\n|switch|p2a: Kingambit|Kingambit, L74, M|270/270|[from] U-turn\n|\n|upkeep\n|turn|4\n|\n|t:|1708044400\n|switch|p1a: Lumineon|Lumineon, L93, M|279/279\n|move|p2a: Kingambit|Swords Dance|p2a: Kingambit\n|-boost|p2a: Kingambit|atk|2\n|\n|upkeep\n|turn|5\n|\n|t:|1708044407\n|move|p1a: Lumineon|Encore|p2a: Kingambit\n|-start|p2a: Kingambit|Encore\n|move|p2a: Kingambit|Swords Dance|p2a: Kingambit\n|-boost|p2a: Kingambit|atk|2\n|\n|upkeep\n|turn|6\n|\n|t:|1708044436\n|-end|p2a: Kingambit|fallenundefined|[silent]\n|switch|p2a: Mandibuzz|Mandibuzz, L84, F|253/322\n|move|p1a: Lumineon|Hydro Pump|p2a: Mandibuzz|[miss]\n|-miss|p1a: Lumineon|p2a: Mandibuzz\n|\n|upkeep\n|turn|7\n|\n|t:|1708044443\n|move|p1a: Lumineon|Alluring Voice|p2a: Mandibuzz\n|-supereffective|p2a: Mandibuzz\n|-damage|p2a: Mandibuzz|143/322\n|move|p2a: Mandibuzz|U-turn|p1a: Lumineon\n|-damage|p1a: Lumineon|241/279\n|\n|t:|1708044454\n|switch|p2a: Luxray|Luxray, L88, M|232/284 brn|[from] U-turn\n|\n|-damage|p2a: Luxray|215/284 brn|[from] brn\n|upkeep\n|turn|8\n|\n|t:|1708044461\n|move|p1a: Lumineon|U-turn|p2a: Luxray\n|-damage|p2a: Luxray|161/284 brn\n|\n|t:|1708044462\n|switch|p1a: Goodra|Goodra-Hisui, L83, F|268/268|[from] U-turn\n|move|p2a: Luxray|Supercell Slam|p1a: Goodra\n|-resisted|p1a: Goodra\n|-damage|p1a: Goodra|181/268\n|\n|-damage|p2a: Luxray|144/284 brn|[from] brn\n|upkeep\n|turn|9\n|\n|t:|1708044476\n|switch|p2a: Mandibuzz|Mandibuzz, L84, F|143/322\n|move|p1a: Goodra|Draco Meteor|p2a: Mandibuzz\n|-damage|p2a: Mandibuzz|0 fnt\n|-unboost|p1a: Goodra|spa|2\n|faint|p2a: Mandibuzz\n|\n|upkeep\n|\n|t:|1708044484\n|switch|p2a: Kingambit|Kingambit, L74, M|270/270\n|-activate|p2a: Kingambit|ability: Supreme Overlord\n|-start|p2a: Kingambit|fallen1|[silent]\n|turn|10\n|\n|t:|1708044490\n|switch|p1a: Lumineon|Lumineon, L93, M|241/279\n|move|p2a: Kingambit|Swords Dance|p2a: Kingambit\n|-boost|p2a: Kingambit|atk|2\n|\n|upkeep\n|turn|11\n|\n|t:|1708044493\n|move|p2a: Kingambit|Sucker Punch||[still]\n|-fail|p2a: Kingambit\n|move|p1a: Lumineon|Encore|p2a: Kingambit\n|-start|p2a: Kingambit|Encore\n|\n|upkeep\n|turn|12\n|\n|t:|1708044502\n|switch|p1a: Meowscarada|Meowscarada, L78, F|35/247\n|move|p2a: Kingambit|Sucker Punch||[still]\n|-fail|p2a: Kingambit\n|\n|upkeep\n|turn|13\n|\n|t:|1708044505\n|switch|p1a: Lumineon|Lumineon, L93, M|241/279\n|move|p2a: Kingambit|Sucker Punch||[still]\n|-fail|p2a: Kingambit\n|\n|upkeep\n|turn|14\n|\n|t:|1708044510\n|move|p2a: Kingambit|Sucker Punch||[still]\n|-fail|p2a: Kingambit\n|move|p1a: Lumineon|Encore||[still]\n|-fail|p1a: Lumineon\n|\n|-end|p2a: Kingambit|Encore\n|upkeep\n|turn|15\n|\n|t:|1708044517\n|-end|p2a: Kingambit|fallen1|[silent]\n|switch|p2a: Zacian|Zacian, L69|241/241\n|-ability|p2a: Zacian|Intrepid Sword|boost\n|-boost|p2a: Zacian|atk|1\n|move|p1a: Lumineon|Encore||[still]\n|-fail|p1a: Lumineon\n|\n|upkeep\n|turn|16\n|\n|t:|1708044529\n|switch|p1a: Tinkaton|Tinkaton, L82, F|264/274\n|move|p2a: Zacian|Close Combat|p1a: Tinkaton\n|-damage|p1a: Tinkaton|109/274\n|-unboost|p2a: Zacian|def|1\n|-unboost|p2a: Zacian|spd|1\n|-damage|p2a: Zacian|217/241|[from] item: Life Orb\n|\n|upkeep\n|turn|17\n|\n|t:|1708044533\n|switch|p1a: Talonflame|Talonflame, L84, F|268/268\n|move|p2a: Zacian|Close Combat|p1a: Talonflame\n|-resisted|p1a: Talonflame\n|-damage|p1a: Talonflame|194/268\n|-unboost|p2a: Zacian|def|1\n|-unboost|p2a: Zacian|spd|1\n|-status|p2a: Zacian|brn|[from] ability: Flame Body|[of] p1a: Talonflame\n|-damage|p2a: Zacian|193/241 brn|[from] item: Life Orb\n|\n|-damage|p2a: Zacian|178/241 brn|[from] brn\n|upkeep\n|turn|18\n|\n|t:|1708044553\n|move|p1a: Talonflame|Swords Dance|p1a: Talonflame\n|-boost|p1a: Talonflame|atk|2\n|move|p2a: Zacian|Swords Dance|p2a: Zacian\n|-boost|p2a: Zacian|atk|2\n|\n|-damage|p2a: Zacian|163/241 brn|[from] brn\n|upkeep\n|turn|19\n|\n|t:|1708044558\n|move|p1a: Talonflame|Brave Bird|p2a: Zacian\n|-damage|p2a: Zacian|0 fnt\n|faint|p2a: Zacian\n|-damage|p1a: Talonflame|140/268|[from] Recoil\n|\n|upkeep\n|\n|t:|1708044561\n|switch|p2a: Avalugg|Avalugg, L87, F|307/307\n|turn|20\n|\n|t:|1708044566\n|move|p1a: Talonflame|Flare Blitz|p2a: Avalugg\n|-supereffective|p2a: Avalugg\n|-damage|p2a: Avalugg|55/307\n|-damage|p1a: Talonflame|57/268|[from] Recoil\n|move|p2a: Avalugg|Avalanche|p1a: Talonflame\n|-damage|p1a: Talonflame|0 fnt\n|faint|p1a: Talonflame\n|\n|upkeep\n|\n|t:|1708044577\n|switch|p1a: Meowscarada|Meowscarada, L78, F|35/247\n|turn|21\n|\n|t:|1708044582\n|switch|p2a: Kingambit|Kingambit, L74, M|270/270\n|-activate|p2a: Kingambit|ability: Supreme Overlord\n|-start|p2a: Kingambit|fallen2|[silent]\n|move|p1a: Meowscarada|U-turn|p2a: Kingambit\n|-start|p1a: Meowscarada|typechange|Bug|[from] ability: Protean\n|-damage|p2a: Kingambit|177/270\n|\n|t:|1708044590\n|switch|p1a: Tinkaton|Tinkaton, L82, F|109/274|[from] U-turn\n|\n|-heal|p2a: Kingambit|193/270|[from] item: Leftovers\n|upkeep\n|turn|22\n|\n|t:|1708044594\n|move|p1a: Tinkaton|Play Rough|p2a: Kingambit|[miss]\n|-miss|p1a: Tinkaton|p2a: Kingambit\n|move|p2a: Kingambit|Iron Head|p1a: Tinkaton\n|-damage|p1a: Tinkaton|0 fnt\n|faint|p1a: Tinkaton\n|\n|-heal|p2a: Kingambit|209/270|[from] item: Leftovers\n|upkeep\n|\n|t:|1708044598\n|switch|p1a: Lumineon|Lumineon, L93, M|241/279\n|turn|23\n|l| orange_fresh77\n|\n|t:|1708044601\n|move|p1a: Lumineon|Hydro Pump|p2a: Kingambit\n|-damage|p2a: Kingambit|80/270\n|move|p2a: Kingambit|Kowtow Cleave|p1a: Lumineon\n|-damage|p1a: Lumineon|139/279\n|\n|-heal|p2a: Kingambit|96/270|[from] item: Leftovers\n|upkeep\n|turn|24\n|\n|t:|1708044616\n|move|p2a: Kingambit|Sucker Punch|p1a: Lumineon\n|-damage|p1a: Lumineon|43/279\n|move|p1a: Lumineon|Hydro Pump|p2a: Kingambit\n|-damage|p2a: Kingambit|0 fnt\n|faint|p2a: Kingambit\n|-end|p2a: Kingambit|fallen2|[silent]\n|\n|upkeep\n|\n|t:|1708044625\n|switch|p2a: Haxorus|Haxorus, L77, M|244/244\n|-ability|p2a: Haxorus|Mold Breaker\n|turn|25\n|\n|t:|1708044630\n|-terastallize|p2a: Haxorus|Steel\n|move|p1a: Lumineon|Alluring Voice|p2a: Haxorus\n|-resisted|p2a: Haxorus\n|-damage|p2a: Haxorus|212/244\n|move|p2a: Haxorus|Dragon Dance|p2a: Haxorus\n|-boost|p2a: Haxorus|atk|1\n|-boost|p2a: Haxorus|spe|1\n|\n|upkeep\n|turn|26\n|\n|t:|1708044649\n|move|p2a: Haxorus|Earthquake|p1a: Lumineon\n|-damage|p1a: Lumineon|0 fnt\n|faint|p1a: Lumineon\n|\n|upkeep\n|\n|t:|1708044663\n|switch|p1a: Phione|Phione, L90|290/290\n|turn|27\n|inactive|f \u221e1ish has 120 seconds left.\n|\n|t:|1708044709\n|move|p2a: Haxorus|Dragon Dance|p2a: Haxorus\n|-boost|p2a: Haxorus|atk|1\n|-boost|p2a: Haxorus|spe|1\n|move|p1a: Phione|Scald|p2a: Haxorus\n|-damage|p2a: Haxorus|97/244\n|\n|upkeep\n|turn|28\n|\n|t:|1708044717\n|-terastallize|p1a: Phione|Steel\n|move|p2a: Haxorus|Outrage|p1a: Phione\n|-resisted|p1a: Phione\n|-damage|p1a: Phione|129/290\n|move|p1a: Phione|Scald|p2a: Haxorus\n|-damage|p2a: Haxorus|0 fnt\n|faint|p2a: Haxorus\n|\n|-heal|p1a: Phione|147/290|[from] item: Leftovers\n|upkeep\n|\n|t:|1708044722\n|switch|p2a: Luxray|Luxray, L88, M|144/284 brn\n|turn|29\n|\n|t:|1708044726\n|move|p1a: Phione|Scald|p2a: Luxray\n|-damage|p2a: Luxray|50/284 brn\n|move|p2a: Luxray|Supercell Slam|p1a: Phione|[miss]\n|-miss|p2a: Luxray|p1a: Phione\n|-damage|p2a: Luxray|0 fnt|[from] supercellslam\n|faint|p2a: Luxray\n|\n|-heal|p1a: Phione|165/290|[from] item: Leftovers\n|upkeep\n|\n|t:|1708044728\n|switch|p2a: Avalugg|Avalugg, L87, F|55/307\n|turn|30\n|\n|t:|1708044731\n|move|p1a: Phione|Scald|p2a: Avalugg\n|-damage|p2a: Avalugg|0 fnt\n|faint|p2a: Avalugg\n|\n|win|Jaikido\n|raw|Jaikido's rating: 2218 &rarr; <strong>2243</strong><br />(+25 for winning)\n|raw|f \u221e1ish's rating: 2299 &rarr; <strong>2274</strong><br />(-25 for losing)\n|c|\u2606Jaikido|gg\n", "inputlog": ">version de83653606c272e7c0c778fb40cf7baa5f066de2\n>start {\"formatid\":\"gen9randombattle\",\"seed\":[32481,5270,54883,29677],\"rated\":\"Rated battle\"}\n>player p1 {\"name\":\"Jaikido\",\"avatar\":\"266\",\"rating\":2218,\"seed\":[11257,42954,21624,21427]}\n>player p2 {\"name\":\"f \u221e1ish\",\"avatar\":\"170\",\"rating\":2299,\"seed\":[55965,10536,17926,64399]}\n>p1 move uturn\n>p2 move playrough\n>p1 switch 4\n>p1 move flowertrick\n>p2 switch 5\n>p1 switch 5\n>p2 move uturn\n>p2 switch 3\n>p1 switch 4\n>p2 move swordsdance\n>p1 move encore\n>p2 move kowtowcleave\n>p1 move hydropump\n>p2 switch 3\n>p1 move alluringvoice\n>p2 move uturn\n>p2 switch 5\n>p1 move uturn\n>p2 move supercellslam\n>p1 switch 3\n>p1 move dracometeor\n>p2 switch 5\n>p2 switch 3\n>p1 switch 3\n>p2 move swordsdance\n>p1 move encore\n>p2 move suckerpunch\n>p1 switch 5\n>p2 move suckerpunch\n>p1 switch 5\n>p2 move suckerpunch\n>p1 move encore\n>p2 move suckerpunch\n>p1 move encore\n>p2 switch 6\n>p1 switch 4\n>p2 move closecombat\n>p1 switch 2\n>p2 move closecombat\n>p1 move swordsdance\n>p2 move swordsdance\n>p1 move bravebird\n>p2 move psychicfangs\n>p2 switch 4\n>p1 move flareblitz\n>p2 move avalanche\n>p1 switch 5\n>p1 move uturn\n>p2 switch 6\n>p1 switch 2\n>p1 move playrough\n>p2 move ironhead\n>p1 switch 4\n>p1 move hydropump\n>p2 move kowtowcleave\n>p1 move hydropump\n>p2 move suckerpunch\n>p2 switch 2\n>p1 move alluringvoice\n>p2 move dragondance terastallize\n>p1 move encore\n>p2 move earthquake\n>p1 switch 6\n>p1 move scald\n>p2 move dragondance\n>p1 move scald terastallize\n>p2 move outrage\n>p2 switch 5\n>p1 move scald\n>p2 move supercellslam\n>p2 switch 6\n>p1 move scald\n>p2 move bodypress", "uploadtime": 1708044734, "views": 259, "formatid": "gen9randombattle", "rating": 2243, "private": 0, "password": null}