{"id": "gen9randombattle-2242563031", "format": "[Gen 9] Random Battle", "players": ["Wes on the phone", "Wakandius_PMSD"], "log": "|badge|p1|bronze|gen9randombattle|100-3\n|uhtml|medal-msg|<div class=\"broadcast-blue\">Curious what those medals under the avatar are? PS now has Ladder Seasons! For more information, check out the <a href=\"https://www.smogon.com/forums/threads/3740067/\">thread on Smogon.</a></div>\n|j|\u2606Wes on the phone\n|j|\u2606Wakandius_PMSD\n|t:|1731439166\n|gametype|singles\n|player|p1|Wes on the phone|102|2304\n|player|p2|Wakandius_PMSD|102|2265\n|teamsize|p1|6\n|teamsize|p2|6\n|gen|9\n|tier|[Gen 9] Random Battle\n|rated|\n|rule|Species Clause: Limit one of each Pok\u00e9mon\n|rule|HP Percentage Mod: HP is shown in percentages\n|rule|Sleep Clause Mod: Limit one foe put to sleep\n|rule|Illusion Level Mod: Illusion disguises the Pok\u00e9mon's true level\n|\n|t:|1731439166\n|start\n|switch|p1a: Oranguru|Oranguru, L92, F|315/315\n|switch|p2a: Vikavolt|Vikavolt, L83, M|263/263\n|turn|1\n|inactive|Battle timer is ON: inactive players will automatically lose when time's up. (requested by Wakandius_PMSD)\n|\n|t:|1731439175\n|move|p1a: Oranguru|Nasty Plot|p1a: Oranguru\n|-boost|p1a: Oranguru|spa|2\n|move|p2a: Vikavolt|Sticky Web|p1a: Oranguru\n|-sidestart|p1: Wes on the phone|move: Sticky Web\n|\n|upkeep\n|turn|2\n|\n|t:|1731439184\n|move|p1a: Oranguru|Psyshock|p2a: Vikavolt\n|-damage|p2a: Vikavolt|70/263\n|move|p2a: Vikavolt|Bug Buzz|p1a: Oranguru\n|-supereffective|p1a: Oranguru\n|-damage|p1a: Oranguru|127/315\n|\n|-heal|p1a: Oranguru|146/315|[from] item: Leftovers\n|upkeep\n|turn|3\n|\n|t:|1731439190\n|move|p1a: Oranguru|Thunderbolt|p2a: Vikavolt\n|-resisted|p2a: Vikavolt\n|-damage|p2a: Vikavolt|0 fnt\n|faint|p2a: Vikavolt\n|\n|-heal|p1a: Oranguru|165/315|[from] item: Leftovers\n|upkeep\n|\n|t:|1731439192\n|switch|p2a: Zarude|Zarude-Dada, L78|292/292\n|turn|4\n|\n|t:|1731439202\n|move|p2a: Zarude|Knock Off|p1a: Oranguru\n|-supereffective|p1a: Oranguru\n|-crit|p1a: Oranguru\n|-damage|p1a: Oranguru|0 fnt\n|-enditem|p1a: Oranguru|Leftovers|[from] move: Knock Off|[of] p2a: Zarude\n|faint|p1a: Oranguru\n|-damage|p2a: Zarude|263/292|[from] item: Life Orb\n|\n|upkeep\n|\n|t:|1731439214\n|switch|p1a: Arboliva|Arboliva, L91, M|290/290\n|-activate|p1a: Arboliva|move: Sticky Web\n|-unboost|p1a: Arboliva|spe|1\n|turn|5\n|\n|t:|1731439218\n|move|p2a: Zarude|Knock Off|p1a: Arboliva\n|-damage|p1a: Arboliva|165/290\n|-fieldstart|move: Grassy Terrain|[from] ability: Seed Sower|[of] p1a: Arboliva\n|-enditem|p1a: Arboliva|Leftovers|[from] move: Knock Off|[of] p2a: Zarude\n|-damage|p2a: Zarude|234/292|[from] item: Life Orb\n|move|p1a: Arboliva|Hyper Voice|p2a: Zarude\n|-damage|p2a: Zarude|92/292\n|\n|-heal|p2a: Zarude|110/292|[from] Grassy Terrain\n|-heal|p1a: Arboliva|183/290|[from] Grassy Terrain\n|upkeep\n|turn|6\n|\n|t:|1731439227\n|move|p2a: Zarude|Close Combat|p1a: Arboliva\n|-supereffective|p1a: Arboliva\n|-damage|p1a: Arboliva|0 fnt\n|-unboost|p2a: Zarude|def|1\n|-unboost|p2a: Zarude|spd|1\n|faint|p1a: Arboliva\n|-damage|p2a: Zarude|81/292|[from] item: Life Orb\n|\n|-heal|p2a: Zarude|99/292|[from] Grassy Terrain\n|upkeep\n|\n|t:|1731439232\n|switch|p1a: Jirachi|Jirachi, L80|238/238\n|-activate|p1a: Jirachi|move: Sticky Web\n|-unboost|p1a: Jirachi|spe|1\n|turn|7\n|\n|t:|1731439241\n|switch|p2a: Spiritomb|Spiritomb, L89, M|234/234\n|move|p1a: Jirachi|Sludge Bomb|p2a: Spiritomb\n|-resisted|p2a: Spiritomb\n|-damage|p2a: Spiritomb|196/234\n|-damage|p1a: Jirachi|215/238|[from] item: Life Orb\n|\n|-heal|p1a: Jirachi|229/238|[from] Grassy Terrain\n|-heal|p2a: Spiritomb|210/234|[from] Grassy Terrain\n|-heal|p2a: Spiritomb|224/234|[from] item: Leftovers\n|upkeep\n|turn|8\n|\n|t:|1731439257\n|move|p1a: Jirachi|Nasty Plot|p1a: Jirachi\n|-boost|p1a: Jirachi|spa|2\n|move|p2a: Spiritomb|Will-O-Wisp|p1a: Jirachi\n|-status|p1a: Jirachi|brn\n|\n|-heal|p1a: Jirachi|238/238 brn|[from] Grassy Terrain\n|-heal|p2a: Spiritomb|234/234|[from] Grassy Terrain\n|-damage|p1a: Jirachi|224/238 brn|[from] brn\n|upkeep\n|turn|9\n|\n|t:|1731439266\n|move|p1a: Jirachi|Nasty Plot|p1a: Jirachi\n|-boost|p1a: Jirachi|spa|2\n|move|p2a: Spiritomb|Poltergeist|p1a: Jirachi\n|-activate|p1a: Jirachi|move: Poltergeist|Life Orb\n|-resisted|p1a: Jirachi\n|-damage|p1a: Jirachi|138/238 brn\n|replace|p1a: Zoroark|Zoroark, L84, F\n|-end|p1a: Zoroark|Illusion\n|-hint|Illusion Level Mod is active, so this Pok\u00e9mon's true level was hidden.\n|\n|-heal|p1a: Zoroark|152/238 brn|[from] Grassy Terrain\n|-damage|p1a: Zoroark|138/238 brn|[from] brn\n|-fieldend|move: Grassy Terrain\n|upkeep\n|turn|10\n|\n|t:|1731439269\n|move|p1a: Zoroark|Dark Pulse|p2a: Spiritomb\n|-damage|p2a: Spiritomb|0 fnt\n|faint|p2a: Spiritomb\n|-damage|p1a: Zoroark|115/238 brn|[from] item: Life Orb\n|\n|-damage|p1a: Zoroark|101/238 brn|[from] brn\n|upkeep\n|\n|t:|1731439278\n|switch|p2a: Sawsbuck|Sawsbuck-Autumn, L88, F|284/284\n|turn|11\n|\n|t:|1731439287\n|move|p2a: Sawsbuck|Headbutt|p1a: Zoroark\n|-damage|p1a: Zoroark|0 fnt\n|faint|p1a: Zoroark\n|-damage|p2a: Sawsbuck|256/284|[from] item: Life Orb\n|\n|upkeep\n|\n|t:|1731439298\n|switch|p1a: Ceruledge|Ceruledge, L78, M|245/245\n|turn|12\n|\n|t:|1731439308\n|move|p2a: Sawsbuck|Swords Dance|p2a: Sawsbuck\n|-boost|p2a: Sawsbuck|atk|2\n|move|p1a: Ceruledge|Swords Dance|p1a: Ceruledge\n|-boost|p1a: Ceruledge|atk|2\n|\n|upkeep\n|turn|13\n|\n|t:|1731439326\n|-terastallize|p1a: Ceruledge|Fighting\n|move|p2a: Sawsbuck|Headbutt|p1a: Ceruledge\n|-damage|p1a: Ceruledge|0 fnt\n|faint|p1a: Ceruledge\n|-damage|p2a: Sawsbuck|228/284|[from] item: Life Orb\n|\n|upkeep\n|-message|Wes on the phone forfeited.\n|\n|win|Wakandius_PMSD\n|raw|Wes on the phone's rating: 2304 &rarr; <strong>2282</strong><br />(-22 for losing)\n|raw|Wakandius_PMSD's rating: 2265 &rarr; <strong>2287</strong><br />(+22 for winning)\n|c|\u2606Wakandius_PMSD|Got em\n|l|\u2606Wes on the phone\n|player|p1|\n", "inputlog": ">version 6cf2ed9506aaf20327444a00a9388215acbf9fb2\n>start {\"formatid\":\"gen9randombattle\",\"seed\":[837,44934,32795,38947],\"rated\":\"Rated battle\"}\n>player p1 {\"name\":\"Wes on the phone\",\"avatar\":\"102\",\"rating\":2304,\"seed\":[32799,14473,43938,44027]}\n>player p2 {\"name\":\"Wakandius_PMSD\",\"avatar\":\"102\",\"rating\":2265,\"seed\":[51541,31810,46968,63937]}\n>p1 move nastyplot\n>p2 move stickyweb\n>p1 move psyshock\n>p2 move bugbuzz\n>p1 move thunderbolt\n>p2 move bugbuzz\n>p2 switch 4\n>p1 move focusblast\n>p2 move knockoff\n>p1 switch 3\n>p1 move hypervoice\n>p2 move knockoff\n>p1 move strengthsap\n>p2 move closecombat\n>p1 switch 4\n>p1 move sludgebomb\n>p2 switch 6\n>p1 move nastyplot\n>p2 move willowisp\n>p1 move nastyplot\n>p2 move poltergeist\n>p1 move darkpulse\n>p2 move poltergeist\n>p2 switch 5\n>p1 move sludgebomb\n>p2 move headbutt\n>p1 switch 5\n>p1 move swordsdance\n>p2 move swordsdance\n>p1 move bitterblade terastallize\n>p2 move headbutt\n>forcelose p1", "uploadtime": 1731439342, "views": 52, "formatid": "gen9randombattle", "rating": 2282, "private": 0, "password": null}