{"id": "gen9randombattle-2260095515", "format": "[Gen 9] Random Battle", "players": ["canyousparechange", "GamereonYT"], "log": "|j|\u2606canyousparechange\n|j|\u2606GamereonYT\n|t:|1733801748\n|gametype|singles\n|player|p1|canyousparechange|li|1995\n|player|p2|GamereonYT|erika-gen1|2044\n|teamsize|p1|6\n|teamsize|p2|6\n|gen|9\n|tier|[Gen 9] Random Battle\n|rated|\n|rule|Species Clause: Limit one of each Pok\u00e9mon\n|rule|HP Percentage Mod: HP is shown in percentages\n|rule|Sleep Clause Mod: Limit one foe put to sleep\n|rule|Illusion Level Mod: Illusion disguises the Pok\u00e9mon's true level\n|\n|t:|1733801748\n|start\n|switch|p1a: Flapple|Flapple, L88, M|266/266\n|switch|p2a: Bruxish|Bruxish, L85, F|254/254\n|turn|1\n|inactive|Battle timer is ON: inactive players will automatically lose when time's up. (requested by GamereonYT)\n|\n|t:|1733801757\n|switch|p1a: Volcanion|Volcanion, L79|256/256\n|move|p2a: Bruxish|Ice Fang|p1a: Volcanion\n|-resisted|p1a: Volcanion\n|-damage|p1a: Volcanion|241/256\n|\n|upkeep\n|turn|2\n|\n|t:|1733801772\n|switch|p2a: Muk|Muk-Alola, L82, F|306/306\n|move|p1a: Volcanion|Steam Eruption|p2a: Muk\n|-crit|p2a: Muk\n|-damage|p2a: Muk|189/306\n|\n|upkeep\n|turn|3\n|\n|t:|1733801780\n|move|p1a: Volcanion|Steam Eruption|p2a: Muk\n|-damage|p2a: Muk|102/306\n|-status|p2a: Muk|brn\n|move|p2a: Muk|Knock Off|p1a: Volcanion\n|-damage|p1a: Volcanion|194/256\n|-enditem|p1a: Volcanion|Heavy-Duty Boots|[from] move: Knock Off|[of] p2a: Muk\n|\n|-damage|p2a: Muk|83/306 brn|[from] brn\n|upkeep\n|turn|4\n|\n|t:|1733801786\n|move|p1a: Volcanion|Steam Eruption|p2a: Muk\n|-damage|p2a: Muk|0 fnt\n|faint|p2a: Muk\n|\n|upkeep\n|\n|t:|1733801793\n|switch|p2a: Bruxish|Bruxish, L85, F|254/254\n|turn|5\n|\n|t:|1733801798\n|move|p2a: Bruxish|Psychic Fangs|p1a: Volcanion\n|-damage|p1a: Volcanion|73/256\n|move|p1a: Volcanion|Steam Eruption|p2a: Bruxish\n|-resisted|p2a: Bruxish\n|-damage|p2a: Bruxish|184/254\n|-status|p2a: Bruxish|brn\n|\n|-damage|p2a: Bruxish|169/254 brn|[from] brn\n|upkeep\n|turn|6\n|\n|t:|1733801803\n|switch|p1a: Chimecho|Chimecho, L93, F|290/290\n|move|p2a: Bruxish|Psychic Fangs|p1a: Chimecho\n|-resisted|p1a: Chimecho\n|-damage|p1a: Chimecho|251/290\n|\n|-heal|p1a: Chimecho|269/290|[from] item: Leftovers\n|-damage|p2a: Bruxish|154/254 brn|[from] brn\n|upkeep\n|turn|7\n|\n|t:|1733801807\n|switch|p2a: Trevenant|Trevenant, L88, F|293/293\n|move|p1a: Chimecho|Knock Off|p2a: Trevenant\n|-supereffective|p2a: Trevenant\n|-damage|p2a: Trevenant|173/293\n|-enditem|p2a: Trevenant|Sitrus Berry|[from] move: Knock Off|[of] p1a: Chimecho\n|\n|-heal|p1a: Chimecho|287/290|[from] item: Leftovers\n|upkeep\n|turn|8\n|\n|t:|1733801816\n|move|p1a: Chimecho|Psychic Noise|p2a: Trevenant\n|-damage|p2a: Trevenant|67/293\n|-start|p2a: Trevenant|move: Heal Block\n|move|p2a: Trevenant|Toxic|p1a: Chimecho\n|-status|p1a: Chimecho|tox\n|\n|-heal|p1a: Chimecho|290/290 tox|[from] item: Leftovers\n|-damage|p1a: Chimecho|272/290 tox|[from] psn\n|upkeep\n|turn|9\n|\n|t:|1733801824\n|move|p2a: Trevenant|Protect|p2a: Trevenant\n|-singleturn|p2a: Trevenant|Protect\n|move|p1a: Chimecho|Psychic Noise|p2a: Trevenant\n|-activate|p2a: Trevenant|move: Protect\n|\n|-heal|p1a: Chimecho|290/290 tox|[from] item: Leftovers\n|-damage|p1a: Chimecho|254/290 tox|[from] psn\n|-end|p2a: Trevenant|move: Heal Block\n|upkeep\n|turn|10\n|\n|t:|1733801830\n|move|p1a: Chimecho|Knock Off|p2a: Trevenant\n|-supereffective|p2a: Trevenant\n|-damage|p2a: Trevenant|0 fnt\n|faint|p2a: Trevenant\n|\n|-heal|p1a: Chimecho|272/290 tox|[from] item: Leftovers\n|-damage|p1a: Chimecho|218/290 tox|[from] psn\n|upkeep\n|\n|t:|1733801833\n|switch|p2a: Bruxish|Bruxish, L85, F|154/254 brn\n|turn|11\n|\n|t:|1733801836\n|move|p2a: Bruxish|Crunch|p1a: Chimecho\n|-supereffective|p1a: Chimecho\n|-damage|p1a: Chimecho|128/290 tox\n|move|p1a: Chimecho|Knock Off|p2a: Bruxish\n|-supereffective|p2a: Bruxish\n|-damage|p2a: Bruxish|38/254 brn\n|-enditem|p2a: Bruxish|Choice Scarf|[from] move: Knock Off|[of] p1a: Chimecho\n|\n|-heal|p1a: Chimecho|146/290 tox|[from] item: Leftovers\n|-damage|p1a: Chimecho|74/290 tox|[from] psn\n|-damage|p2a: Bruxish|23/254 brn|[from] brn\n|upkeep\n|turn|12\n|\n|t:|1733801839\n|move|p2a: Bruxish|Crunch|p1a: Chimecho\n|-supereffective|p1a: Chimecho\n|-damage|p1a: Chimecho|0 fnt\n|faint|p1a: Chimecho\n|\n|-damage|p2a: Bruxish|8/254 brn|[from] brn\n|upkeep\n|\n|t:|1733801845\n|switch|p1a: Flapple|Flapple, L88, M|266/266\n|turn|13\n|\n|t:|1733801853\n|move|p2a: Bruxish|Ice Fang|p1a: Flapple\n|-supereffective|p1a: Flapple\n|-damage|p1a: Flapple|112/266\n|cant|p1a: Flapple|flinch\n|\n|-damage|p2a: Bruxish|0 fnt|[from] brn\n|faint|p2a: Bruxish\n|upkeep\n|\n|t:|1733801864\n|switch|p2a: Zebstrika|Zebstrika, L87, M|272/272\n|turn|14\n|\n|t:|1733801871\n|move|p2a: Zebstrika|Overheat|p1a: Flapple\n|-damage|p1a: Flapple|0 fnt\n|-unboost|p2a: Zebstrika|spa|2\n|faint|p1a: Flapple\n|-damage|p2a: Zebstrika|245/272|[from] item: Life Orb\n|\n|upkeep\n|\n|t:|1733801881\n|switch|p1a: Falinks|Falinks, L84|246/246\n|turn|15\n|\n|t:|1733801886\n|move|p2a: Zebstrika|Volt Switch|p1a: Falinks\n|-damage|p1a: Falinks|184/246\n|-damage|p2a: Zebstrika|218/272|[from] item: Life Orb\n|\n|t:|1733801888\n|switch|p2a: Golem|Golem, L87, F|281/281|[from] Volt Switch\n|move|p1a: Falinks|No Retreat|p1a: Falinks\n|-boost|p1a: Falinks|atk|1\n|-boost|p1a: Falinks|def|1\n|-boost|p1a: Falinks|spa|1\n|-boost|p1a: Falinks|spd|1\n|-boost|p1a: Falinks|spe|1\n|-start|p1a: Falinks|move: No Retreat\n|\n|upkeep\n|turn|16\n|\n|t:|1733801910\n|move|p1a: Falinks|Knock Off|p2a: Golem\n|-damage|p2a: Golem|187/281\n|-enditem|p2a: Golem|Weakness Policy|[from] move: Knock Off|[of] p1a: Falinks\n|-damage|p1a: Falinks|160/246|[from] item: Life Orb\n|move|p2a: Golem|Earthquake|p1a: Falinks\n|-damage|p1a: Falinks|75/246\n|\n|upkeep\n|turn|17\n|\n|t:|1733801919\n|move|p1a: Falinks|Close Combat|p2a: Golem\n|-supereffective|p2a: Golem\n|-damage|p2a: Golem|0 fnt\n|-unboost|p1a: Falinks|def|1\n|-unboost|p1a: Falinks|spd|1\n|faint|p2a: Golem\n|-damage|p1a: Falinks|51/246|[from] item: Life Orb\n|\n|upkeep\n|\n|t:|1733801922\n|switch|p2a: Basculin|Basculin-Blue-Striped, L86, F|261/261\n|turn|18\n|\n|t:|1733801931\n|move|p1a: Falinks|Close Combat|p2a: Basculin\n|-damage|p2a: Basculin|0 fnt\n|-unboost|p1a: Falinks|def|1\n|-unboost|p1a: Falinks|spd|1\n|faint|p2a: Basculin\n|-damage|p1a: Falinks|27/246|[from] item: Life Orb\n|\n|upkeep\n|-message|GamereonYT forfeited.\n|\n|win|canyousparechange\n|raw|canyousparechange's rating: 1995 &rarr; <strong>2018</strong><br />(+23 for winning)\n|raw|GamereonYT's rating: 2044 &rarr; <strong>2021</strong><br />(-23 for losing)\n|l|\u2606GamereonYT\n|player|p2|\n", "inputlog": ">version bfd83cad13791eb5a5a409923076391caf6fb4d4\n>start {\"formatid\":\"gen9randombattle\",\"seed\":[53877,16982,10064,24061],\"rated\":\"Rated battle\"}\n>player p1 {\"name\":\"canyousparechange\",\"avatar\":\"li\",\"rating\":1995,\"seed\":[49351,55887,16902,51333]}\n>player p2 {\"name\":\"GamereonYT\",\"avatar\":\"erika-gen1\",\"rating\":2044,\"seed\":[32714,25786,32665,22012]}\n>p1 switch 4\n>p2 move icefang\n>p1 move steameruption\n>p2 switch 5\n>p1 move steameruption\n>p2 move knockoff\n>p1 move steameruption\n>p2 move gunkshot\n>p2 switch 5\n>p1 move steameruption\n>p2 move psychicfangs\n>p1 switch 2\n>p2 move psychicfangs\n>p1 move knockoff\n>p2 switch 2\n>p1 move psychicnoise\n>p2 move toxic\n>p1 move psychicnoise\n>p2 move protect\n>p1 move knockoff\n>p2 move poltergeist\n>p2 switch 2\n>p1 move knockoff\n>p2 move crunch\n>p1 move recover\n>p2 move crunch\n>p1 switch 4\n>p1 move dragondance\n>p2 move icefang\n>p2 switch 6\n>p1 move dragondance\n>p2 move overheat\n>p1 switch 6\n>p1 move noretreat\n>p2 move voltswitch\n>p2 switch 3\n>p1 move knockoff\n>p2 move earthquake\n>p1 move closecombat\n>p2 move explosion\n>p2 switch 4\n>p1 move closecombat\n>p2 move doubleedge\n>forcelose p2", "uploadtime": 1733801938, "views": 15, "formatid": "gen9randombattle", "rating": 2018, "private": 0, "password": null}