{"id": "gen9randombattle-2206132050", "format": "[Gen 9] Random Battle", "players": ["RB2T Horsebas", "ElJRod"], "log": "|j|\u2606RB2T Horsebas\n|j|\u2606ElJRod\n|t:|1726867479\n|gametype|singles\n|player|p1|RB2T Horsebas|fisherman-gen4|2244\n|player|p2|ElJRod|1|2256\n|teamsize|p1|6\n|teamsize|p2|6\n|gen|9\n|tier|[Gen 9] Random Battle\n|rated|\n|rule|Species Clause: Limit one of each Pok\u00e9mon\n|rule|HP Percentage Mod: HP is shown in percentages\n|rule|Sleep Clause Mod: Limit one foe put to sleep\n|rule|Illusion Level Mod: Illusion disguises the Pok\u00e9mon's true level\n|\n|t:|1726867479\n|start\n|switch|p1a: Talonflame|Talonflame, L84, F|268/268\n|switch|p2a: Brambleghast|Brambleghast, L88, F|240/240\n|turn|1\n|\n|t:|1726867490\n|switch|p2a: Sudowoodo|Sudowoodo, L94, F|284/284\n|move|p1a: Talonflame|U-turn|p2a: Sudowoodo\n|-damage|p2a: Sudowoodo|254/284\n|inactive|Battle timer is ON: inactive players will automatically lose when time's up. (requested by ElJRod)\n|\n|t:|1726867516\n|switch|p1a: Granbull|Granbull, L88, M|302/302|[from] U-turn\n|-ability|p1a: Granbull|Intimidate|boost\n|-unboost|p2a: Sudowoodo|atk|1\n|\n|-heal|p2a: Sudowoodo|271/284|[from] item: Leftovers\n|upkeep\n|turn|2\n|\n|t:|1726867540\n|move|p2a: Sudowoodo|Stealth Rock|p1a: Granbull\n|-sidestart|p1: RB2T Horsebas|move: Stealth Rock\n|move|p1a: Granbull|Roar|p2a: Sudowoodo\n|drag|p2a: Raichu|Raichu, L88, M|249/249\n|\n|upkeep\n|turn|3\n|\n|t:|1726867555\n|move|p2a: Raichu|Thunderbolt|p1a: Granbull\n|-damage|p1a: Granbull|122/302\n|move|p1a: Granbull|Play Rough|p2a: Raichu\n|-damage|p2a: Raichu|96/249\n|\n|-heal|p1a: Granbull|140/302|[from] item: Leftovers\n|upkeep\n|turn|4\n|inactive|RB2T Horsebas has 120 seconds left.\n|\n|t:|1726867573\n|switch|p1a: Sandy Shocks|Sandy Shocks, L80|267/267\n|-damage|p1a: Sandy Shocks|251/267|[from] Stealth Rock\n|move|p2a: Raichu|Thunderbolt|p1a: Sandy Shocks\n|-immune|p1a: Sandy Shocks\n|\n|-heal|p1a: Sandy Shocks|267/267|[from] item: Leftovers\n|upkeep\n|turn|5\n|\n|t:|1726867581\n|switch|p2a: Ariados|Ariados, L95, F|287/287\n|move|p1a: Sandy Shocks|Stealth Rock|p2a: Ariados\n|-sidestart|p2: ElJRod|move: Stealth Rock\n|\n|upkeep\n|turn|6\n|inactive|RB2T Horsebas has 120 seconds left.\n|\n|t:|1726867628\n|move|p1a: Sandy Shocks|Thunderbolt|p2a: Ariados\n|-damage|p2a: Ariados|185/287\n|move|p2a: Ariados|Sticky Web|p1a: Sandy Shocks\n|-sidestart|p1: RB2T Horsebas|move: Sticky Web\n|\n|upkeep\n|turn|7\n|j| Afrohasfaith\n|inactive|RB2T Horsebas has 90 seconds left.\n|\n|t:|1726867653\n|switch|p2a: Brambleghast|Brambleghast, L88, F|240/240\n|-damage|p2a: Brambleghast|210/240|[from] Stealth Rock\n|move|p1a: Sandy Shocks|Spikes|p2a: Brambleghast\n|-sidestart|p2: ElJRod|Spikes\n|\n|-heal|p2a: Brambleghast|225/240|[from] item: Leftovers\n|upkeep\n|turn|8\n|inactive|RB2T Horsebas has 90 seconds left.\n|inactive|RB2T Horsebas has 60 seconds left.\n|\n|t:|1726867690\n|-end|p1a: Sandy Shocks|Protosynthesis|[silent]\n|switch|p1a: Granbull|Granbull, L88, M|140/302\n|-damage|p1a: Granbull|103/302|[from] Stealth Rock\n|-activate|p1a: Granbull|move: Sticky Web\n|-unboost|p1a: Granbull|spe|1\n|-ability|p1a: Granbull|Intimidate|boost\n|-unboost|p2a: Brambleghast|atk|1\n|move|p2a: Brambleghast|Substitute|p2a: Brambleghast\n|-start|p2a: Brambleghast|Substitute\n|-damage|p2a: Brambleghast|165/240\n|\n|-heal|p2a: Brambleghast|180/240|[from] item: Leftovers\n|-heal|p1a: Granbull|121/302|[from] item: Leftovers\n|upkeep\n|turn|9\n|inactive|RB2T Horsebas has 60 seconds left.\n|\n|t:|1726867710\n|switch|p1a: Dunsparce|Dunsparce, L86, M|312/312\n|-damage|p1a: Dunsparce|273/312|[from] Stealth Rock\n|-activate|p1a: Dunsparce|move: Sticky Web\n|-unboost|p1a: Dunsparce|spe|1\n|move|p2a: Brambleghast|Leech Seed|p1a: Dunsparce\n|-start|p1a: Dunsparce|move: Leech Seed\n|\n|-heal|p2a: Brambleghast|195/240|[from] item: Leftovers\n|-damage|p1a: Dunsparce|234/312|[from] Leech Seed|[of] p2a: Brambleghast\n|-heal|p2a: Brambleghast|234/240|[silent]\n|upkeep\n|turn|10\n|j| MayGGST(real)\n|\n|t:|1726867724\n|switch|p1a: Granbull|Granbull, L88, M|121/302\n|-damage|p1a: Granbull|84/302|[from] Stealth Rock\n|-activate|p1a: Granbull|move: Sticky Web\n|-unboost|p1a: Granbull|spe|1\n|-ability|p1a: Granbull|Intimidate|boost\n|-immune|p2a: Brambleghast\n|move|p2a: Brambleghast|Power Whip|p1a: Granbull\n|-damage|p1a: Granbull|0 fnt\n|faint|p1a: Granbull\n|\n|-heal|p2a: Brambleghast|240/240|[from] item: Leftovers\n|upkeep\n|inactive|RB2T Horsebas has 30 seconds left.\n|inactive|RB2T Horsebas has 20 seconds left.\n|inactive|RB2T Horsebas has 15 seconds left.\n|inactive|RB2T Horsebas has 10 seconds left.\n|\n|t:|1726867773\n|switch|p1a: Talonflame|Talonflame, L84, F|268/268\n|turn|11\n|inactive|RB2T Horsebas has 20 seconds left this turn.\n|inactive|RB2T Horsebas has 15 seconds left.\n|\n|t:|1726867778\n|move|p1a: Talonflame|Brave Bird|p2a: Brambleghast\n|-supereffective|p2a: Brambleghast\n|-end|p2a: Brambleghast|Substitute\n|-damage|p1a: Talonflame|248/268|[from] Recoil|[of] p2a: Brambleghast\n|move|p2a: Brambleghast|Leech Seed|p1a: Talonflame\n|-start|p1a: Talonflame|move: Leech Seed\n|\n|-damage|p1a: Talonflame|215/268|[from] Leech Seed|[of] p2a: Brambleghast\n|upkeep\n|turn|12\n|inactive|RB2T Horsebas has 25 seconds left this turn.\n|inactive|RB2T Horsebas has 20 seconds left.\n|\n|t:|1726867787\n|move|p1a: Talonflame|U-turn|p2a: Brambleghast\n|-damage|p2a: Brambleghast|191/240\n|inactive|RB2T Horsebas has 25 seconds left this turn.\n|inactive|RB2T Horsebas has 20 seconds left.\n|inactive|RB2T Horsebas has 15 seconds left.\n|inactive|RB2T Horsebas has 10 seconds left.\n|inactive|RB2T Horsebas has 5 seconds left.\n|\n|t:|1726867808\n|switch|p1a: Dunsparce|Dunsparce, L86, M|234/312|[from] U-turn\n|-damage|p1a: Dunsparce|195/312|[from] Stealth Rock\n|-activate|p1a: Dunsparce|move: Sticky Web\n|-unboost|p1a: Dunsparce|spe|1\n|move|p2a: Brambleghast|Substitute|p2a: Brambleghast\n|-start|p2a: Brambleghast|Substitute\n|-damage|p2a: Brambleghast|131/240\n|\n|-heal|p2a: Brambleghast|146/240|[from] item: Leftovers\n|upkeep\n|turn|13\n|inactive|RB2T Horsebas has 15 seconds left this turn.\n|\n|t:|1726867813\n|move|p2a: Brambleghast|Leech Seed|p1a: Dunsparce\n|-start|p1a: Dunsparce|move: Leech Seed\n|move|p1a: Dunsparce|Roost|p1a: Dunsparce\n|-heal|p1a: Dunsparce|312/312\n|-singleturn|p1a: Dunsparce|move: Roost\n|\n|-heal|p2a: Brambleghast|161/240|[from] item: Leftovers\n|-damage|p1a: Dunsparce|273/312|[from] Leech Seed|[of] p2a: Brambleghast\n|-heal|p2a: Brambleghast|200/240|[silent]\n|upkeep\n|turn|14\n|inactive|RB2T Horsebas has 25 seconds left this turn.\n|inactive|RB2T Horsebas has 20 seconds left.\n|\n|t:|1726867821\n|switch|p1a: Talonflame|Talonflame, L84, F|215/268\n|move|p2a: Brambleghast|Power Whip|p1a: Talonflame|[miss]\n|-miss|p2a: Brambleghast|p1a: Talonflame\n|\n|-heal|p2a: Brambleghast|215/240|[from] item: Leftovers\n|upkeep\n|turn|15\n|inactive|RB2T Horsebas has 30 seconds left this turn.\n|\n|t:|1726867830\n|move|p1a: Talonflame|Brave Bird|p2a: Brambleghast\n|-supereffective|p2a: Brambleghast\n|-end|p2a: Brambleghast|Substitute\n|-damage|p1a: Talonflame|195/268|[from] Recoil|[of] p2a: Brambleghast\n|move|p2a: Brambleghast|Leech Seed|p1a: Talonflame\n|-start|p1a: Talonflame|move: Leech Seed\n|\n|-heal|p2a: Brambleghast|230/240|[from] item: Leftovers\n|-damage|p1a: Talonflame|162/268|[from] Leech Seed|[of] p2a: Brambleghast\n|-heal|p2a: Brambleghast|240/240|[silent]\n|upkeep\n|turn|16\n|inactive|RB2T Horsebas has 30 seconds left.\n|\n|t:|1726867841\n|switch|p2a: Sudowoodo|Sudowoodo, L94, F|271/284\n|-damage|p2a: Sudowoodo|236/284|[from] Stealth Rock\n|-damage|p2a: Sudowoodo|201/284|[from] Spikes\n|move|p1a: Talonflame|U-turn|p2a: Sudowoodo\n|-damage|p2a: Sudowoodo|166/284\n|inactive|RB2T Horsebas has 30 seconds left.\n|\n|t:|1726867847\n|switch|p1a: Sandy Shocks|Sandy Shocks, L80|267/267|[from] U-turn\n|-damage|p1a: Sandy Shocks|251/267|[from] Stealth Rock\n|-activate|p1a: Sandy Shocks|move: Sticky Web\n|-unboost|p1a: Sandy Shocks|spe|1\n|\n|-heal|p1a: Sandy Shocks|267/267|[from] item: Leftovers\n|-heal|p2a: Sudowoodo|183/284|[from] item: Leftovers\n|upkeep\n|turn|17\n|inactive|RB2T Horsebas has 30 seconds left.\n|inactive|RB2T Horsebas has 20 seconds left.\n|\n|t:|1726867869\n|switch|p2a: Brambleghast|Brambleghast, L88, F|240/240\n|-damage|p2a: Brambleghast|210/240|[from] Stealth Rock\n|-damage|p2a: Brambleghast|180/240|[from] Spikes\n|move|p1a: Sandy Shocks|Earth Power|p2a: Brambleghast\n|-resisted|p2a: Brambleghast\n|-damage|p2a: Brambleghast|117/240\n|\n|-heal|p2a: Brambleghast|132/240|[from] item: Leftovers\n|upkeep\n|turn|18\n|inactive|RB2T Horsebas has 30 seconds left this turn.\n|inactive|RB2T Horsebas has 20 seconds left.\n|inactive|RB2T Horsebas has 15 seconds left.\n|\n|t:|1726867887\n|move|p2a: Brambleghast|Substitute|p2a: Brambleghast\n|-start|p2a: Brambleghast|Substitute\n|-damage|p2a: Brambleghast|72/240\n|move|p1a: Sandy Shocks|Spikes|p2a: Brambleghast\n|-sidestart|p2: ElJRod|Spikes\n|\n|-heal|p2a: Brambleghast|87/240|[from] item: Leftovers\n|upkeep\n|turn|19\n|inactive|RB2T Horsebas has 25 seconds left this turn.\n|inactive|RB2T Horsebas has 20 seconds left.\n|inactive|RB2T Horsebas has 15 seconds left.\n|inactive|RB2T Horsebas has 10 seconds left.\n|\n|t:|1726867907\n|move|p2a: Brambleghast|Leech Seed|p1a: Sandy Shocks\n|-start|p1a: Sandy Shocks|move: Leech Seed\n|move|p1a: Sandy Shocks|Thunderbolt|p2a: Brambleghast\n|-resisted|p2a: Brambleghast\n|-crit|p2a: Brambleghast\n|-end|p2a: Brambleghast|Substitute\n|\n|-heal|p2a: Brambleghast|102/240|[from] item: Leftovers\n|-damage|p1a: Sandy Shocks|234/267|[from] Leech Seed|[of] p2a: Brambleghast\n|-heal|p2a: Brambleghast|135/240|[silent]\n|upkeep\n|turn|20\n|inactive|RB2T Horsebas has 20 seconds left this turn.\n|inactive|RB2T Horsebas has 15 seconds left.\n|\n|t:|1726867913\n|-end|p1a: Sandy Shocks|Protosynthesis|[silent]\n|switch|p1a: Dunsparce|Dunsparce, L86, M|273/312\n|-damage|p1a: Dunsparce|234/312|[from] Stealth Rock\n|-activate|p1a: Dunsparce|move: Sticky Web\n|-unboost|p1a: Dunsparce|spe|1\n|move|p2a: Brambleghast|Substitute|p2a: Brambleghast\n|-start|p2a: Brambleghast|Substitute\n|-damage|p2a: Brambleghast|75/240\n|\n|-heal|p2a: Brambleghast|90/240|[from] item: Leftovers\n|upkeep\n|turn|21\n|inactive|RB2T Horsebas has 25 seconds left this turn.\n|inactive|RB2T Horsebas has 20 seconds left.\n|\n|t:|1726867921\n|move|p2a: Brambleghast|Leech Seed|p1a: Dunsparce\n|-start|p1a: Dunsparce|move: Leech Seed\n|move|p1a: Dunsparce|Earthquake|p2a: Brambleghast\n|-resisted|p2a: Brambleghast\n|-activate|p2a: Brambleghast|move: Substitute|[damage]\n|\n|-heal|p2a: Brambleghast|105/240|[from] item: Leftovers\n|-damage|p1a: Dunsparce|195/312|[from] Leech Seed|[of] p2a: Brambleghast\n|-heal|p2a: Brambleghast|144/240|[silent]\n|upkeep\n|turn|22\n|inactive|RB2T Horsebas has 30 seconds left this turn.\n|\n|t:|1726867929\n|switch|p1a: Sandy Shocks|Sandy Shocks, L80|234/267\n|-damage|p1a: Sandy Shocks|218/267|[from] Stealth Rock\n|-activate|p1a: Sandy Shocks|move: Sticky Web\n|-unboost|p1a: Sandy Shocks|spe|1\n|move|p2a: Brambleghast|Power Whip|p1a: Sandy Shocks\n|-supereffective|p1a: Sandy Shocks\n|-damage|p1a: Sandy Shocks|0 fnt\n|faint|p1a: Sandy Shocks\n|-end|p1a: Sandy Shocks|Protosynthesis|[silent]\n|\n|-heal|p2a: Brambleghast|159/240|[from] item: Leftovers\n|upkeep\n|inactive|RB2T Horsebas has 30 seconds left this turn.\n|\n|t:|1726867934\n|switch|p1a: Dunsparce|Dunsparce, L86, M|195/312\n|-damage|p1a: Dunsparce|156/312|[from] Stealth Rock\n|-activate|p1a: Dunsparce|move: Sticky Web\n|-unboost|p1a: Dunsparce|spe|1\n|turn|23\n|\n|t:|1726867938\n|move|p2a: Brambleghast|Leech Seed|p1a: Dunsparce\n|-start|p1a: Dunsparce|move: Leech Seed\n|move|p1a: Dunsparce|Earthquake|p2a: Brambleghast\n|-resisted|p2a: Brambleghast\n|-crit|p2a: Brambleghast\n|-end|p2a: Brambleghast|Substitute\n|\n|-heal|p2a: Brambleghast|174/240|[from] item: Leftovers\n|-damage|p1a: Dunsparce|117/312|[from] Leech Seed|[of] p2a: Brambleghast\n|-heal|p2a: Brambleghast|213/240|[silent]\n|upkeep\n|turn|24\n|\n|t:|1726867943\n|switch|p1a: Talonflame|Talonflame, L84, F|162/268\n|move|p2a: Brambleghast|Substitute|p2a: Brambleghast\n|-start|p2a: Brambleghast|Substitute\n|-damage|p2a: Brambleghast|153/240\n|\n|-heal|p2a: Brambleghast|168/240|[from] item: Leftovers\n|upkeep\n|turn|25\n|\n|t:|1726867948\n|move|p1a: Talonflame|Roost|p1a: Talonflame\n|-heal|p1a: Talonflame|268/268\n|-singleturn|p1a: Talonflame|move: Roost\n|move|p2a: Brambleghast|Poltergeist|p1a: Talonflame\n|-activate|p1a: Talonflame|move: Poltergeist|Heavy-Duty Boots\n|-damage|p1a: Talonflame|99/268\n|\n|-heal|p2a: Brambleghast|183/240|[from] item: Leftovers\n|upkeep\n|turn|26\n|inactive|RB2T Horsebas has 60 seconds left.\n|\n|t:|1726867961\n|move|p1a: Talonflame|U-turn|p2a: Brambleghast\n|-crit|p2a: Brambleghast\n|-end|p2a: Brambleghast|Substitute\n|inactive|RB2T Horsebas has 60 seconds left.\n|\n|t:|1726867967\n|switch|p1a: Dunsparce|Dunsparce, L86, M|117/312|[from] U-turn\n|-damage|p1a: Dunsparce|78/312|[from] Stealth Rock\n|-activate|p1a: Dunsparce|move: Sticky Web\n|-unboost|p1a: Dunsparce|spe|1\n|move|p2a: Brambleghast|Leech Seed|p1a: Dunsparce\n|-start|p1a: Dunsparce|move: Leech Seed\n|\n|-heal|p2a: Brambleghast|198/240|[from] item: Leftovers\n|-damage|p1a: Dunsparce|39/312|[from] Leech Seed|[of] p2a: Brambleghast\n|-heal|p2a: Brambleghast|237/240|[silent]\n|upkeep\n|turn|27\n|\n|t:|1726867975\n|switch|p1a: Talonflame|Talonflame, L84, F|99/268\n|move|p2a: Brambleghast|Substitute|p2a: Brambleghast\n|-start|p2a: Brambleghast|Substitute\n|-damage|p2a: Brambleghast|177/240\n|\n|-heal|p2a: Brambleghast|192/240|[from] item: Leftovers\n|upkeep\n|turn|28\n|\n|t:|1726867978\n|move|p1a: Talonflame|Roost|p1a: Talonflame\n|-heal|p1a: Talonflame|233/268\n|-singleturn|p1a: Talonflame|move: Roost\n|move|p2a: Brambleghast|Poltergeist|p1a: Talonflame|[miss]\n|-miss|p2a: Brambleghast|p1a: Talonflame\n|\n|-heal|p2a: Brambleghast|207/240|[from] item: Leftovers\n|upkeep\n|turn|29\n|\n|t:|1726867985\n|move|p1a: Talonflame|Brave Bird|p2a: Brambleghast\n|-supereffective|p2a: Brambleghast\n|-end|p2a: Brambleghast|Substitute\n|-damage|p1a: Talonflame|213/268|[from] Recoil|[of] p2a: Brambleghast\n|move|p2a: Brambleghast|Poltergeist|p1a: Talonflame\n|-activate|p1a: Talonflame|move: Poltergeist|Heavy-Duty Boots\n|-damage|p1a: Talonflame|32/268\n|\n|-heal|p2a: Brambleghast|222/240|[from] item: Leftovers\n|upkeep\n|turn|30\n|inactive|RB2T Horsebas has 90 seconds left.\n|\n|t:|1726867999\n|switch|p2a: Sudowoodo|Sudowoodo, L94, F|183/284\n|-damage|p2a: Sudowoodo|148/284|[from] Stealth Rock\n|-damage|p2a: Sudowoodo|101/284|[from] Spikes\n|move|p1a: Talonflame|U-turn|p2a: Sudowoodo\n|-damage|p2a: Sudowoodo|70/284\n|inactive|RB2T Horsebas has 60 seconds left.\n|\n|t:|1726868030\n|switch|p1a: Terapagos|Terapagos, L76, M|262/262|[from] U-turn\n|-activate|p1a: Terapagos|ability: Tera Shift\n|detailschange|p1a: Terapagos|Terapagos-Terastal, L76, M\n|-heal|p1a: Terapagos|269/269|[silent]\n|-damage|p1a: Terapagos|236/269|[from] Stealth Rock\n|-activate|p1a: Terapagos|move: Sticky Web\n|-unboost|p1a: Terapagos|spe|1\n|\n|-heal|p2a: Sudowoodo|87/284|[from] item: Leftovers\n|upkeep\n|turn|31\n|\n|t:|1726868034\n|move|p1a: Terapagos|Earth Power|p2a: Sudowoodo\n|-supereffective|p2a: Sudowoodo\n|-damage|p2a: Sudowoodo|0 fnt\n|faint|p2a: Sudowoodo\n|\n|upkeep\n|\n|t:|1726868040\n|switch|p2a: Brambleghast|Brambleghast, L88, F|222/240\n|-damage|p2a: Brambleghast|192/240|[from] Stealth Rock\n|-damage|p2a: Brambleghast|152/240|[from] Spikes\n|turn|32\n|\n|t:|1726868062\n|switch|p1a: Dunsparce|Dunsparce, L86, M|39/312\n|-damage|p1a: Dunsparce|0 fnt|[from] Stealth Rock\n|-activate|p1a: Dunsparce|move: Sticky Web\n|faint|p1a: Dunsparce\n|move|p2a: Brambleghast|Leech Seed|p1: Dunsparce|[notarget]\n|-fail|p2a: Brambleghast\n|\n|-heal|p2a: Brambleghast|167/240|[from] item: Leftovers\n|upkeep\n|inactive|RB2T Horsebas has 60 seconds left.\n|\n|t:|1726868078\n|switch|p1a: Terapagos|Terapagos-Terastal, L76, M|236/269\n|-damage|p1a: Terapagos|203/269|[from] Stealth Rock\n|-activate|p1a: Terapagos|move: Sticky Web\n|-unboost|p1a: Terapagos|spe|1\n|turn|33\n|inactive|RB2T Horsebas has 60 seconds left.\n|\n|t:|1726868086\n|-terastallize|p1a: Terapagos|Stellar\n|detailschange|p1a: Terapagos|Terapagos-Stellar, L76, M, tera:Stellar\n|-heal|p1a: Terapagos|302/368|[silent]\n|move|p2a: Brambleghast|Leech Seed|p1a: Terapagos\n|-start|p1a: Terapagos|move: Leech Seed\n|move|p1a: Terapagos|Rest|p1a: Terapagos\n|-status|p1a: Terapagos|slp|[from] move: Rest\n|-heal|p1a: Terapagos|368/368 slp|[silent]\n|-enditem|p1a: Terapagos|Chesto Berry|[eat]\n|-curestatus|p1a: Terapagos|slp|[msg]\n|\n|-heal|p2a: Brambleghast|182/240|[from] item: Leftovers\n|-damage|p1a: Terapagos|322/368|[from] Leech Seed|[of] p2a: Brambleghast\n|-heal|p2a: Brambleghast|228/240|[silent]\n|upkeep\n|turn|34\n|inactive|RB2T Horsebas has 60 seconds left.\n|\n|t:|1726868099\n|move|p2a: Brambleghast|Power Whip|p1a: Terapagos\n|-damage|p1a: Terapagos|184/368\n|move|p1a: Terapagos|Tera Starstorm|p2a: Brambleghast\n|-damage|p2a: Brambleghast|114/240\n|\n|-heal|p2a: Brambleghast|129/240|[from] item: Leftovers\n|-damage|p1a: Terapagos|138/368|[from] Leech Seed|[of] p2a: Brambleghast\n|-heal|p2a: Brambleghast|175/240|[silent]\n|upkeep\n|turn|35\n|inactive|RB2T Horsebas has 60 seconds left.\n|\n|t:|1726868128\n|move|p2a: Brambleghast|Substitute|p2a: Brambleghast\n|-start|p2a: Brambleghast|Substitute\n|-damage|p2a: Brambleghast|115/240\n|move|p1a: Terapagos|Tera Starstorm|p2a: Brambleghast\n|-end|p2a: Brambleghast|Substitute\n|\n|-heal|p2a: Brambleghast|130/240|[from] item: Leftovers\n|-damage|p1a: Terapagos|92/368|[from] Leech Seed|[of] p2a: Brambleghast\n|-heal|p2a: Brambleghast|176/240|[silent]\n|upkeep\n|turn|36\n|\n|t:|1726868138\n|move|p2a: Brambleghast|Substitute|p2a: Brambleghast\n|-start|p2a: Brambleghast|Substitute\n|-damage|p2a: Brambleghast|116/240\n|move|p1a: Terapagos|Rest|p1a: Terapagos\n|-status|p1a: Terapagos|slp|[from] move: Rest\n|-heal|p1a: Terapagos|368/368 slp|[silent]\n|\n|-heal|p2a: Brambleghast|131/240|[from] item: Leftovers\n|-damage|p1a: Terapagos|322/368 slp|[from] Leech Seed|[of] p2a: Brambleghast\n|-heal|p2a: Brambleghast|177/240|[silent]\n|upkeep\n|turn|37\n|\n|t:|1726868150\n|switch|p1a: Talonflame|Talonflame, L84, F|32/268\n|move|p2a: Brambleghast|Power Whip|p1a: Talonflame\n|-resisted|p1a: Talonflame\n|-damage|p1a: Talonflame|0 fnt\n|faint|p1a: Talonflame\n|\n|-heal|p2a: Brambleghast|192/240|[from] item: Leftovers\n|upkeep\n|l| MayGGST(real)\n|\n|t:|1726868158\n|switch|p1a: Terapagos|Terapagos-Stellar, L76, M, tera:Stellar|322/368 slp\n|-damage|p1a: Terapagos|276/368 slp|[from] Stealth Rock\n|-activate|p1a: Terapagos|move: Sticky Web\n|-unboost|p1a: Terapagos|spe|1\n|turn|38\n|\n|t:|1726868167\n|move|p2a: Brambleghast|Leech Seed|p1a: Terapagos\n|-start|p1a: Terapagos|move: Leech Seed\n|cant|p1a: Terapagos|slp\n|\n|-heal|p2a: Brambleghast|207/240|[from] item: Leftovers\n|-damage|p1a: Terapagos|230/368 slp|[from] Leech Seed|[of] p2a: Brambleghast\n|-heal|p2a: Brambleghast|240/240|[silent]\n|upkeep\n|turn|39\n|\n|t:|1726868173\n|move|p2a: Brambleghast|Power Whip|p1a: Terapagos\n|-damage|p1a: Terapagos|85/368 slp\n|cant|p1a: Terapagos|slp\n|\n|-damage|p1a: Terapagos|39/368 slp|[from] Leech Seed|[of] p2a: Brambleghast\n|upkeep\n|turn|40\n|inactive|RB2T Horsebas has 60 seconds left.\n|\n|t:|1726868179\n|move|p2a: Brambleghast|Power Whip|p1a: Terapagos\n|-damage|p1a: Terapagos|0 fnt\n|faint|p1a: Terapagos\n|\n|upkeep\n|\n|t:|1726868181\n|switch|p1a: Necrozma|Necrozma, L81|290/290\n|-damage|p1a: Necrozma|254/290|[from] Stealth Rock\n|-activate|p1a: Necrozma|move: Sticky Web\n|-unboost|p1a: Necrozma|spe|1\n|turn|41\n|\n|t:|1726868190\n|move|p2a: Brambleghast|Leech Seed|p1a: Necrozma\n|-start|p1a: Necrozma|move: Leech Seed\n|move|p1a: Necrozma|Photon Geyser|p2a: Brambleghast\n|-end|p2a: Brambleghast|Substitute\n|\n|-heal|p1a: Necrozma|272/290|[from] item: Leftovers\n|-damage|p1a: Necrozma|236/290|[from] Leech Seed|[of] p2a: Brambleghast\n|upkeep\n|turn|42\n|\n|t:|1726868197\n|move|p2a: Brambleghast|Substitute|p2a: Brambleghast\n|-start|p2a: Brambleghast|Substitute\n|-damage|p2a: Brambleghast|180/240\n|move|p1a: Necrozma|Photon Geyser|p2a: Brambleghast\n|-end|p2a: Brambleghast|Substitute\n|\n|-heal|p2a: Brambleghast|195/240|[from] item: Leftovers\n|-heal|p1a: Necrozma|254/290|[from] item: Leftovers\n|-damage|p1a: Necrozma|218/290|[from] Leech Seed|[of] p2a: Brambleghast\n|-heal|p2a: Brambleghast|231/240|[silent]\n|upkeep\n|turn|43\n|\n|t:|1726868200\n|move|p2a: Brambleghast|Poltergeist|p1a: Necrozma\n|-activate|p1a: Necrozma|move: Poltergeist|Leftovers\n|-supereffective|p1a: Necrozma\n|-damage|p1a: Necrozma|0 fnt\n|faint|p1a: Necrozma\n|\n|win|ElJRod\n|raw|RB2T Horsebas's rating: 2244 &rarr; <strong>2225</strong><br />(-19 for losing)\n|raw|ElJRod's rating: 2256 &rarr; <strong>2275</strong><br />(+19 for winning)\n|l|\u2606RB2T Horsebas\n|player|p1|\n", "inputlog": ">version ddf5848a381b6afa3b8db755b9bdef59b522c4eb\n>start {\"formatid\":\"gen9randombattle\",\"seed\":[1496,65444,21158,9108],\"rated\":\"Rated battle\"}\n>player p1 {\"name\":\"RB2T Horsebas\",\"avatar\":\"fisherman-gen4\",\"rating\":2244,\"seed\":[1553,25686,61430,15874]}\n>player p2 {\"name\":\"ElJRod\",\"avatar\":\"1\",\"rating\":2256,\"seed\":[40165,42944,63057,41600]}\n>p1 move uturn\n>p2 switch 6\n>p1 switch 4\n>p1 move roar\n>p2 move stealthrock\n>p1 move playrough\n>p2 move thunderbolt\n>p1 switch 6\n>p2 move thunderbolt\n>p1 move stealthrock\n>p2 switch 2\n>p1 move thunderbolt\n>p2 move stickyweb\n>p1 move spikes\n>p2 switch 6\n>p1 switch 6\n>p2 move substitute\n>p1 switch 5\n>p2 move leechseed\n>p1 switch 5\n>p2 move powerwhip\n>p1 switch 4\n>p1 move bravebird\n>p2 move leechseed\n>p1 move uturn\n>p2 move substitute\n>p1 switch 5\n>p1 move roost\n>p2 move leechseed\n>p1 switch 5\n>p2 move powerwhip\n>p1 move bravebird\n>p2 move leechseed\n>p1 move uturn\n>p2 switch 4\n>p1 switch 6\n>p1 move earthpower\n>p2 switch 4\n>p1 move spikes\n>p2 move substitute\n>p1 move thunderbolt\n>p2 move leechseed\n>p1 switch 5\n>p2 move substitute\n>p1 move earthquake\n>p2 move leechseed\n>p1 switch 5\n>p2 move powerwhip\n>p1 switch 5\n>p1 move earthquake\n>p2 move leechseed\n>p1 switch 6\n>p2 move substitute\n>p1 move roost\n>p2 move poltergeist\n>p1 move uturn\n>p2 move leechseed\n>p1 switch 6\n>p1 switch 6\n>p2 move substitute\n>p1 move roost\n>p2 move poltergeist\n>p1 move bravebird\n>p2 move poltergeist\n>p1 move uturn\n>p2 switch 4\n>p1 switch 2\n>p1 move earthpower\n>p2 move headsmash\n>p2 switch 4\n>p1 switch 6\n>p2 move leechseed\n>p1 switch 6\n>p1 move rest terastallize\n>p2 move leechseed\n>p1 move terastarstorm\n>p2 move powerwhip\n>p1 move terastarstorm\n>p2 move substitute\n>p1 move rest\n>p2 move substitute\n>p1 switch 2\n>p2 move powerwhip\n>p1 switch 2\n>p1 move terastarstorm\n>p2 move leechseed\n>p1 move terastarstorm\n>p2 move powerwhip\n>p1 move terastarstorm\n>p2 move powerwhip\n>p1 switch 3\n>p1 move photongeyser\n>p2 move leechseed\n>p1 move photongeyser\n>p2 move substitute\n>p1 move moonlight\n>p2 move poltergeist", "uploadtime": 1726868212, "views": 118, "formatid": "gen9randombattle", "rating": 2225, "private": 0, "password": null}