{"id": "gen9randombattle-2260530183", "format": "[Gen 9] Random Battle", "players": ["EllieCrabs", "swagporeon"], "log": "|j|\u2606EllieCrabs\n|j|\u2606swagporeon\n|t:|1733860535\n|gametype|singles\n|player|p1|EllieCrabs|pokemonbreederf-gen4|1770\n|player|p2|swagporeon|winona|1731\n|teamsize|p1|6\n|teamsize|p2|6\n|gen|9\n|tier|[Gen 9] Random Battle\n|rated|\n|rule|Species Clause: Limit one of each Pok\u00e9mon\n|rule|HP Percentage Mod: HP is shown in percentages\n|rule|Sleep Clause Mod: Limit one foe put to sleep\n|rule|Illusion Level Mod: Illusion disguises the Pok\u00e9mon's true level\n|\n|t:|1733860535\n|start\n|switch|p1a: Inteleon|Inteleon, L81, M|246/246\n|switch|p2a: Shaymin|Shaymin, L82|298/298\n|turn|1\n|inactive|Battle timer is ON: inactive players will automatically lose when time's up. (requested by EllieCrabs)\n|\n|t:|1733860546\n|switch|p1a: Scizor|Scizor, L79, M|240/240\n|move|p2a: Shaymin|Seed Flare|p1a: Scizor|[miss]\n|-miss|p2a: Shaymin|p1a: Scizor\n|\n|upkeep\n|turn|2\n|\n|t:|1733860555\n|switch|p2a: Landorus|Landorus-Therian, L76, M|260/260\n|-ability|p2a: Landorus|Intimidate|boost\n|-unboost|p1a: Scizor|atk|1\n|move|p1a: Scizor|Swords Dance|p1a: Scizor\n|-boost|p1a: Scizor|atk|2\n|\n|upkeep\n|turn|3\n|\n|t:|1733860565\n|move|p2a: Landorus|Earthquake|p1a: Scizor\n|-damage|p1a: Scizor|131/240\n|move|p1a: Scizor|Swords Dance|p1a: Scizor\n|-boost|p1a: Scizor|atk|2\n|\n|upkeep\n|turn|4\n|\n|t:|1733860578\n|-terastallize|p1a: Scizor|Steel\n|move|p1a: Scizor|Bullet Punch|p2a: Landorus\n|-damage|p2a: Landorus|0 fnt\n|faint|p2a: Landorus\n|-damage|p1a: Scizor|107/240|[from] item: Life Orb\n|\n|upkeep\n|\n|t:|1733860595\n|switch|p2a: Spiritomb|Spiritomb, L89, M, shiny|234/234\n|turn|5\n|\n|t:|1733860600\n|move|p2a: Spiritomb|Sucker Punch|p1a: Scizor\n|-damage|p1a: Scizor|35/240\n|move|p1a: Scizor|Bug Bite|p2a: Spiritomb\n|-damage|p2a: Spiritomb|0 fnt\n|faint|p2a: Spiritomb\n|-damage|p1a: Scizor|11/240|[from] item: Life Orb\n|\n|upkeep\n|\n|t:|1733860612\n|switch|p2a: Meganium|Meganium, L90, M|290/290\n|turn|6\n|\n|t:|1733860617\n|move|p1a: Scizor|Bullet Punch|p2a: Meganium\n|-damage|p2a: Meganium|7/290\n|-damage|p1a: Scizor|0 fnt|[from] item: Life Orb\n|faint|p1a: Scizor\n|move|p2a: Meganium|Knock Off|p1: Scizor|[notarget]\n|-fail|p2a: Meganium\n|\n|upkeep\n|\n|t:|1733860624\n|switch|p1a: Volbeat|Volbeat, L90, M|263/263\n|turn|7\n|\n|t:|1733860640\n|move|p1a: Volbeat|U-turn|p2a: Meganium\n|-supereffective|p2a: Meganium\n|-damage|p2a: Meganium|0 fnt\n|faint|p2a: Meganium\n|\n|t:|1733860649\n|switch|p1a: Inteleon|Inteleon, L81, M|246/246|[from] U-turn\n|\n|upkeep\n|\n|t:|1733860652\n|switch|p2a: Shaymin|Shaymin, L82|298/298\n|turn|8\n|\n|t:|1733860655\n|switch|p1a: Volbeat|Volbeat, L90, M|263/263\n|move|p2a: Shaymin|Seed Flare|p1a: Volbeat\n|-resisted|p1a: Volbeat\n|-damage|p1a: Volbeat|201/263\n|\n|upkeep\n|turn|9\n|\n|t:|1733860664\n|move|p1a: Volbeat|Encore|p2a: Shaymin\n|-start|p2a: Shaymin|Encore\n|move|p2a: Shaymin|Seed Flare|p1a: Volbeat\n|-resisted|p1a: Volbeat\n|-damage|p1a: Volbeat|146/263\n|\n|upkeep\n|turn|10\n|\n|t:|1733860689\n|switch|p2a: Tyranitar|Tyranitar, L79, F|288/288\n|-weather|Sandstorm|[from] ability: Sand Stream|[of] p2a: Tyranitar\n|move|p1a: Volbeat|Thunder Wave|p2a: Tyranitar\n|-hint|Since gen 7, Dark is immune to Prankster moves.\n|-immune|p2a: Tyranitar\n|\n|-weather|Sandstorm|[upkeep]\n|-damage|p1a: Volbeat|130/263|[from] Sandstorm\n|upkeep\n|turn|11\n|\n|t:|1733860701\n|-terastallize|p2a: Tyranitar|Ghost\n|move|p1a: Volbeat|U-turn|p2a: Tyranitar\n|-resisted|p2a: Tyranitar\n|-damage|p2a: Tyranitar|255/288\n|\n|t:|1733860704\n|switch|p1a: Persian|Persian-Alola, L86, M|252/252|[from] U-turn\n|move|p2a: Tyranitar|Dragon Dance|p2a: Tyranitar\n|-boost|p2a: Tyranitar|atk|1\n|-boost|p2a: Tyranitar|spe|1\n|\n|-weather|Sandstorm|[upkeep]\n|-damage|p1a: Persian|237/252|[from] Sandstorm\n|-damage|p2a: Tyranitar|237/288|[from] Sandstorm\n|-heal|p2a: Tyranitar|255/288|[from] item: Leftovers\n|upkeep\n|turn|12\n|\n|t:|1733860709\n|move|p1a: Persian|Thunder Wave|p2a: Tyranitar|[miss]\n|-miss|p1a: Persian|p2a: Tyranitar\n|move|p2a: Tyranitar|Dragon Dance|p2a: Tyranitar\n|-boost|p2a: Tyranitar|atk|1\n|-boost|p2a: Tyranitar|spe|1\n|\n|-weather|Sandstorm|[upkeep]\n|-damage|p2a: Tyranitar|237/288|[from] Sandstorm\n|-damage|p1a: Persian|222/252|[from] Sandstorm\n|-heal|p2a: Tyranitar|255/288|[from] item: Leftovers\n|upkeep\n|turn|13\n|\n|t:|1733860713\n|move|p2a: Tyranitar|Stone Edge|p1a: Persian|[miss]\n|-miss|p2a: Tyranitar|p1a: Persian\n|move|p1a: Persian|Thunder Wave|p2a: Tyranitar\n|-status|p2a: Tyranitar|par\n|\n|-weather|Sandstorm|[upkeep]\n|-damage|p1a: Persian|207/252|[from] Sandstorm\n|-damage|p2a: Tyranitar|237/288 par|[from] Sandstorm\n|-heal|p2a: Tyranitar|255/288 par|[from] item: Leftovers\n|upkeep\n|turn|14\n|\n|t:|1733860716\n|move|p1a: Persian|Knock Off|p2a: Tyranitar\n|-supereffective|p2a: Tyranitar\n|-damage|p2a: Tyranitar|115/288 par\n|-enditem|p2a: Tyranitar|Leftovers|[from] move: Knock Off|[of] p1a: Persian\n|move|p2a: Tyranitar|Stone Edge|p1a: Persian|[miss]\n|-miss|p2a: Tyranitar|p1a: Persian\n|\n|-weather|none\n|upkeep\n|turn|15\n|\n|t:|1733860729\n|move|p1a: Persian|Knock Off|p2a: Tyranitar\n|-supereffective|p2a: Tyranitar\n|-damage|p2a: Tyranitar|25/288 par\n|move|p2a: Tyranitar|Stone Edge|p1a: Persian\n|-damage|p1a: Persian|41/252\n|\n|upkeep\n|turn|16\n|\n|t:|1733860736\n|move|p1a: Persian|Knock Off|p2a: Tyranitar\n|-supereffective|p2a: Tyranitar\n|-damage|p2a: Tyranitar|0 fnt\n|faint|p2a: Tyranitar\n|\n|upkeep\n|\n|t:|1733860740\n|switch|p2a: Shaymin|Shaymin, L82|298/298\n|turn|17\n|\n|t:|1733860743\n|move|p1a: Persian|Parting Shot|p2a: Shaymin\n|-unboost|p2a: Shaymin|atk|1\n|-unboost|p2a: Shaymin|spa|1\n|\n|t:|1733860746\n|switch|p1a: Volbeat|Volbeat, L90, M|130/263|[from] Parting Shot\n|move|p2a: Shaymin|Air Slash|p1a: Volbeat\n|-supereffective|p1a: Volbeat\n|-damage|p1a: Volbeat|64/263\n|\n|upkeep\n|turn|18\n|\n|t:|1733860755\n|switch|p2a: Misdreavus|Misdreavus, L90, F|254/254\n|move|p1a: Volbeat|Roost|p1a: Volbeat\n|-heal|p1a: Volbeat|196/263\n|-singleturn|p1a: Volbeat|move: Roost\n|\n|upkeep\n|turn|19\n|\n|t:|1733860758\n|move|p1a: Volbeat|Thunder Wave|p2a: Misdreavus\n|-status|p2a: Misdreavus|par\n|move|p2a: Misdreavus|Shadow Ball|p1a: Volbeat\n|-damage|p1a: Volbeat|106/263\n|\n|upkeep\n|turn|20\n|\n|t:|1733860765\n|move|p1a: Volbeat|Encore|p2a: Misdreavus\n|-start|p2a: Misdreavus|Encore\n|move|p2a: Misdreavus|Shadow Ball|p1a: Volbeat\n|-damage|p1a: Volbeat|16/263\n|\n|upkeep\n|turn|21\n|\n|t:|1733860772\n|move|p1a: Volbeat|U-turn|p2a: Misdreavus\n|-resisted|p2a: Misdreavus\n|-damage|p2a: Misdreavus|224/254 par\n|\n|t:|1733860774\n|switch|p1a: Ursaring|Ursaring, L84, M|288/288|[from] U-turn\n|move|p2a: Misdreavus|Shadow Ball|p1a: Ursaring\n|-immune|p1a: Ursaring\n|\n|upkeep\n|turn|22\n|\n|t:|1733860797\n|switch|p2a: Shaymin|Shaymin, L82|298/298\n|move|p1a: Ursaring|Body Slam|p2a: Shaymin\n|-damage|p2a: Shaymin|198/298\n|-status|p2a: Shaymin|par\n|\n|-heal|p2a: Shaymin|216/298 par|[from] item: Leftovers\n|upkeep\n|turn|23\n|-message|swagporeon forfeited.\n|\n|win|EllieCrabs\n|raw|EllieCrabs's rating: 1770 &rarr; <strong>1788</strong><br />(+18 for winning)\n|raw|swagporeon's rating: 1731 &rarr; <strong>1713</strong><br />(-18 for losing)\n|l|\u2606swagporeon\n|player|p2|\n", "inputlog": ">version bfd83cad13791eb5a5a409923076391caf6fb4d4\n>start {\"formatid\":\"gen9randombattle\",\"seed\":[38066,62780,7272,13117],\"rated\":\"Rated battle\"}\n>player p1 {\"name\":\"EllieCrabs\",\"avatar\":\"pokemonbreederf-gen4\",\"rating\":1770,\"seed\":[54394,36255,801,50567]}\n>player p2 {\"name\":\"swagporeon\",\"avatar\":\"winona\",\"rating\":1731,\"seed\":[27931,60268,55057,4636]}\n>p1 switch 3\n>p2 move seedflare\n>p1 move swordsdance\n>p2 switch 2\n>p1 move swordsdance\n>p2 move earthquake\n>p1 move bulletpunch terastallize\n>p2 move earthquake\n>p2 switch 4\n>p1 move bugbite\n>p2 move suckerpunch\n>p2 switch 5\n>p1 move bulletpunch\n>p2 move knockoff\n>p1 switch 2\n>p1 move uturn\n>p2 move knockoff\n>p1 switch 3\n>p2 switch 2\n>p1 switch 3\n>p2 move seedflare\n>p1 move encore\n>p2 move airslash\n>p1 move thunderwave\n>p2 switch 3\n>p1 move uturn\n>p2 move dragondance terastallize\n>p1 switch 4\n>p1 move thunderwave\n>p2 move dragondance\n>p1 move thunderwave\n>p2 move stoneedge\n>p1 move knockoff\n>p2 move stoneedge\n>p1 move knockoff\n>p2 move stoneedge\n>p1 move knockoff\n>p2 move knockoff\n>p2 switch 3\n>p1 move partingshot\n>p2 move airslash\n>p1 switch 4\n>p1 move roost\n>p2 switch 6\n>p1 move thunderwave\n>p2 move shadowball\n>p1 move encore\n>p2 move shadowball\n>p1 move uturn\n>p2 move shadowball\n>p1 switch 5\n>p1 move bodyslam\n>p2 switch 6\n>forcelose p2", "uploadtime": 1733860839, "views": 2, "formatid": "gen9randombattle", "rating": 1713, "private": 0, "password": null}