{"id": "gen9randombattle-2116230239", "format": "[Gen 9] Random Battle", "players": ["Galarian Gas", "DTeeko"], "log": "|j|\u2606Galarian Gas\n|j|\u2606DTeeko\n|t:|1714657705\n|gametype|singles\n|player|p1|Galarian Gas|266|2245\n|player|p2|DTeeko|266|2257\n|teamsize|p1|6\n|teamsize|p2|6\n|gen|9\n|tier|[Gen 9] Random Battle\n|rated|\n|rule|Species Clause: Limit one of each Pok\u00e9mon\n|rule|HP Percentage Mod: HP is shown in percentages\n|rule|Sleep Clause Mod: Limit one foe put to sleep\n|rule|Illusion Level Mod: Illusion disguises the Pok\u00e9mon's true level\n|\n|t:|1714657705\n|start\n|switch|p1a: Bastiodon|Bastiodon, L89, M|252/252\n|switch|p2a: Clawitzer|Clawitzer, L86, F|262/262\n|turn|1\n|inactive|Battle timer is ON: inactive players will automatically lose when time's up. (requested by DTeeko)\n|\n|t:|1714657728\n|switch|p1a: Bellossom|Bellossom, L84, F|263/263\n|move|p2a: Clawitzer|Water Pulse|p1a: Bellossom\n|-resisted|p1a: Bellossom\n|-damage|p1a: Bellossom|185/263\n|\n|-heal|p1a: Bellossom|201/263|[from] item: Leftovers\n|upkeep\n|turn|2\n|\n|t:|1714657732\n|switch|p2a: Grimmsnarl|Grimmsnarl, L83, M|293/293\n|move|p1a: Bellossom|Sleep Powder|p2a: Grimmsnarl|[miss]\n|-miss|p1a: Bellossom|p2a: Grimmsnarl\n|\n|-heal|p1a: Bellossom|217/263|[from] item: Leftovers\n|upkeep\n|turn|3\n|\n|t:|1714657739\n|switch|p1a: Bellibolt|Bellibolt, L84, M|320/320\n|move|p2a: Grimmsnarl|Thunder Wave|p1a: Bellibolt|[miss]\n|-miss|p2a: Grimmsnarl|p1a: Bellibolt\n|\n|upkeep\n|turn|4\n|\n|t:|1714657742\n|move|p2a: Grimmsnarl|Parting Shot|p1a: Bellibolt\n|-unboost|p1a: Bellibolt|atk|1\n|-unboost|p1a: Bellibolt|spa|1\n|\n|t:|1714657755\n|switch|p2a: Shaymin|Shaymin-Sky, L73|266/266|[from] Parting Shot\n|move|p1a: Bellibolt|Toxic|p2a: Shaymin\n|-status|p2a: Shaymin|tox\n|\n|-damage|p2a: Shaymin|250/266 tox|[from] psn\n|upkeep\n|turn|5\n|\n|t:|1714657767\n|switch|p2a: Lapras|Lapras, L88, M|372/372\n|switch|p1a: Cryogonal|Cryogonal, L89|287/287\n|\n|upkeep\n|turn|6\n|\n|t:|1714657777\n|switch|p1a: Bellossom|Bellossom, L84, F|217/263\n|switch|p2a: Slaking|Slaking, L84, M|389/389\n|\n|-heal|p1a: Bellossom|233/263|[from] item: Leftovers\n|upkeep\n|turn|7\n|\n|t:|1714657802\n|switch|p1a: Bastiodon|Bastiodon, L89, M|252/252\n|move|p2a: Slaking|Earthquake|p1a: Bastiodon\n|-supereffective|p1a: Bastiodon\n|-damage|p1a: Bastiodon|0 fnt\n|faint|p1a: Bastiodon\n|\n|upkeep\n|inactive|Galarian Gas has 120 seconds left.\n|\n|t:|1714657834\n|switch|p1a: Perrserker|Perrserker, L89, F|269/269\n|turn|8\n|\n|t:|1714657841\n|switch|p2a: Clawitzer|Clawitzer, L86, F|262/262\n|move|p1a: Perrserker|Close Combat|p2a: Clawitzer\n|-damage|p2a: Clawitzer|103/262\n|-unboost|p1a: Perrserker|def|1\n|-unboost|p1a: Perrserker|spd|1\n|-damage|p1a: Perrserker|243/269|[from] item: Life Orb\n|\n|upkeep\n|turn|9\n|inactive|Galarian Gas has 120 seconds left.\n|\n|t:|1714657864\n|switch|p1a: Cryogonal|Cryogonal, L89|287/287\n|move|p2a: Clawitzer|U-turn|p1a: Cryogonal\n|-damage|p1a: Cryogonal|228/287\n|\n|t:|1714657866\n|switch|p2a: Slaking|Slaking, L84, M|389/389|[from] U-turn\n|\n|upkeep\n|turn|10\n|\n|t:|1714657879\n|move|p1a: Cryogonal|Ice Beam|p2a: Slaking\n|-damage|p2a: Slaking|257/389\n|move|p2a: Slaking|Double-Edge|p1a: Cryogonal\n|-damage|p1a: Cryogonal|0 fnt\n|faint|p1a: Cryogonal\n|-damage|p2a: Slaking|182/389|[from] Recoil\n|\n|upkeep\n|\n|t:|1714657885\n|switch|p1a: Perrserker|Perrserker, L89, F|243/269\n|turn|11\n|\n|t:|1714657896\n|switch|p2a: Shaymin|Shaymin-Sky, L73|250/266 tox\n|move|p1a: Perrserker|Stealth Rock|p2a: Shaymin\n|-sidestart|p2: DTeeko|move: Stealth Rock\n|\n|-heal|p2a: Shaymin|266/266 tox|[from] item: Leftovers\n|-damage|p2a: Shaymin|250/266 tox|[from] psn\n|upkeep\n|turn|12\n|\n|t:|1714657917\n|switch|p1a: Bellibolt|Bellibolt, L84, M|320/320\n|move|p2a: Shaymin|Substitute|p2a: Shaymin\n|-start|p2a: Shaymin|Substitute\n|-damage|p2a: Shaymin|184/266 tox\n|\n|-heal|p2a: Shaymin|200/266 tox|[from] item: Leftovers\n|-damage|p2a: Shaymin|168/266 tox|[from] psn\n|upkeep\n|turn|13\n|\n|t:|1714657921\n|move|p2a: Shaymin|Leech Seed|p1a: Bellibolt\n|-start|p1a: Bellibolt|move: Leech Seed\n|move|p1a: Bellibolt|Thunderbolt|p2a: Shaymin\n|-end|p2a: Shaymin|Substitute\n|\n|-heal|p2a: Shaymin|184/266 tox|[from] item: Leftovers\n|-damage|p1a: Bellibolt|280/320|[from] Leech Seed|[of] p2a: Shaymin\n|-heal|p2a: Shaymin|224/266 tox|[silent]\n|-damage|p2a: Shaymin|176/266 tox|[from] psn\n|upkeep\n|turn|14\n|\n|t:|1714657935\n|switch|p2a: Grimmsnarl|Grimmsnarl, L83, M|293/293\n|-damage|p2a: Grimmsnarl|257/293|[from] Stealth Rock\n|switch|p1a: Perrserker|Perrserker, L89, F|243/269\n|\n|-heal|p2a: Grimmsnarl|275/293|[from] item: Leftovers\n|upkeep\n|turn|15\n|\n|t:|1714657942\n|move|p2a: Grimmsnarl|Parting Shot|p1a: Perrserker\n|-unboost|p1a: Perrserker|atk|1\n|-unboost|p1a: Perrserker|spa|1\n|\n|t:|1714657947\n|switch|p2a: Clawitzer|Clawitzer, L86, F|103/262|[from] Parting Shot\n|-damage|p2a: Clawitzer|71/262|[from] Stealth Rock\n|move|p1a: Perrserker|Iron Head|p2a: Clawitzer\n|-resisted|p2a: Clawitzer\n|-damage|p2a: Clawitzer|18/262\n|-damage|p1a: Perrserker|217/269|[from] item: Life Orb\n|\n|upkeep\n|turn|16\n|\n|t:|1714657961\n|switch|p1a: Bellossom|Bellossom, L84, F|233/263\n|move|p2a: Clawitzer|Dark Pulse|p1a: Bellossom\n|-damage|p1a: Bellossom|97/263\n|\n|-heal|p1a: Bellossom|113/263|[from] item: Leftovers\n|upkeep\n|turn|17\n|\n|t:|1714657971\n|switch|p1a: Iron Valiant|Iron Valiant, L79|247/247\n|move|p2a: Clawitzer|Dark Pulse|p1a: Iron Valiant\n|-resisted|p1a: Iron Valiant\n|-damage|p1a: Iron Valiant|190/247\n|\n|upkeep\n|turn|18\n|\n|t:|1714657984\n|move|p1a: Iron Valiant|Knock Off|p2a: Clawitzer\n|-damage|p2a: Clawitzer|0 fnt\n|-enditem|p2a: Clawitzer|Choice Specs|[from] move: Knock Off|[of] p1a: Iron Valiant\n|faint|p2a: Clawitzer\n|-damage|p1a: Iron Valiant|166/247|[from] item: Life Orb\n|\n|upkeep\n|\n|t:|1714658002\n|switch|p2a: Grimmsnarl|Grimmsnarl, L83, M|275/293\n|-damage|p2a: Grimmsnarl|239/293|[from] Stealth Rock\n|turn|19\n|\n|t:|1714658007\n|-end|p1a: Iron Valiant|Quark Drive|[silent]\n|switch|p1a: Perrserker|Perrserker, L89, F|217/269\n|move|p2a: Grimmsnarl|Spirit Break|p1a: Perrserker\n|-resisted|p1a: Perrserker\n|-damage|p1a: Perrserker|178/269\n|-unboost|p1a: Perrserker|spa|1\n|\n|-heal|p2a: Grimmsnarl|257/293|[from] item: Leftovers\n|upkeep\n|turn|20\n|\n|t:|1714658011\n|move|p2a: Grimmsnarl|Parting Shot|p1a: Perrserker\n|-unboost|p1a: Perrserker|atk|1\n|-unboost|p1a: Perrserker|spa|1\n|\n|t:|1714658016\n|switch|p2a: Shaymin|Shaymin-Sky, L73|176/266 tox|[from] Parting Shot\n|-damage|p2a: Shaymin|110/266 tox|[from] Stealth Rock\n|move|p1a: Perrserker|U-turn|p2a: Shaymin\n|-damage|p2a: Shaymin|27/266 tox\n|-damage|p1a: Perrserker|152/269|[from] item: Life Orb\n|\n|t:|1714658023\n|switch|p1a: Bellibolt|Bellibolt, L84, M|280/320|[from] U-turn\n|\n|-heal|p2a: Shaymin|43/266 tox|[from] item: Leftovers\n|-heal|p1a: Bellibolt|300/320|[from] item: Leftovers\n|-damage|p2a: Shaymin|27/266 tox|[from] psn\n|upkeep\n|turn|21\n|\n|t:|1714658030\n|move|p2a: Shaymin|Seed Flare|p1a: Bellibolt\n|-damage|p1a: Bellibolt|171/320\n|-unboost|p1a: Bellibolt|spd|2\n|-start|p1a: Bellibolt|Charge|Seed Flare|[from] ability: Electromorphosis\n|move|p1a: Bellibolt|Slack Off|p1a: Bellibolt\n|-heal|p1a: Bellibolt|320/320\n|\n|-heal|p2a: Shaymin|43/266 tox|[from] item: Leftovers\n|-damage|p2a: Shaymin|11/266 tox|[from] psn\n|upkeep\n|turn|22\n|\n|t:|1714658040\n|switch|p1a: Bellossom|Bellossom, L84, F|113/263\n|move|p2a: Shaymin|Air Slash|p1a: Bellossom\n|-supereffective|p1a: Bellossom\n|-damage|p1a: Bellossom|0 fnt\n|faint|p1a: Bellossom\n|\n|-heal|p2a: Shaymin|27/266 tox|[from] item: Leftovers\n|-damage|p2a: Shaymin|0 fnt|[from] psn\n|faint|p2a: Shaymin\n|upkeep\n|\n|t:|1714658062\n|switch|p2a: Grimmsnarl|Grimmsnarl, L83, M|257/293\n|switch|p1a: Perrserker|Perrserker, L89, F|152/269\n|-damage|p2a: Grimmsnarl|221/293|[from] Stealth Rock\n|turn|23\n|\n|t:|1714658068\n|move|p2a: Grimmsnarl|Parting Shot|p1a: Perrserker\n|-unboost|p1a: Perrserker|atk|1\n|-unboost|p1a: Perrserker|spa|1\n|\n|t:|1714658072\n|switch|p2a: Lapras|Lapras, L88, M|372/372|[from] Parting Shot\n|move|p1a: Perrserker|Iron Head|p2a: Lapras\n|-damage|p2a: Lapras|250/372\n|-damage|p1a: Perrserker|126/269|[from] item: Life Orb\n|\n|upkeep\n|turn|24\n|\n|t:|1714658082\n|switch|p1a: Bellibolt|Bellibolt, L84, M|320/320\n|move|p2a: Lapras|Sparkling Aria|p1a: Bellibolt\n|-damage|p1a: Bellibolt|221/320\n|-start|p1a: Bellibolt|Charge|Sparkling Aria|[from] ability: Electromorphosis\n|\n|-heal|p1a: Bellibolt|241/320|[from] item: Leftovers\n|upkeep\n|turn|25\n|inactive|Galarian Gas has 120 seconds left.\n|\n|t:|1714658122\n|move|p2a: Lapras|Freeze-Dry|p1a: Bellibolt\n|-damage|p1a: Bellibolt|160/320\n|-start|p1a: Bellibolt|Charge|Freeze-Dry|[from] ability: Electromorphosis\n|move|p1a: Bellibolt|Thunderbolt|p2a: Lapras\n|-supereffective|p2a: Lapras\n|-damage|p2a: Lapras|0 fnt\n|faint|p2a: Lapras\n|-end|p1a: Bellibolt|Charge|[silent]\n|\n|-heal|p1a: Bellibolt|180/320|[from] item: Leftovers\n|upkeep\n|\n|t:|1714658125\n|switch|p2a: Slaking|Slaking, L84, M|182/389\n|-damage|p2a: Slaking|134/389|[from] Stealth Rock\n|turn|26\n|inactive|Galarian Gas has 120 seconds left.\n|\n|t:|1714658141\n|switch|p1a: Perrserker|Perrserker, L89, F|126/269\n|move|p2a: Slaking|Double-Edge|p1a: Perrserker\n|-resisted|p1a: Perrserker\n|-damage|p1a: Perrserker|8/269\n|-damage|p2a: Slaking|95/389|[from] Recoil\n|\n|upkeep\n|turn|27\n|\n|t:|1714658149\n|switch|p2a: Grimmsnarl|Grimmsnarl, L83, M|221/293\n|-damage|p2a: Grimmsnarl|185/293|[from] Stealth Rock\n|move|p1a: Perrserker|Iron Head|p2a: Grimmsnarl\n|-supereffective|p2a: Grimmsnarl\n|-damage|p2a: Grimmsnarl|0 fnt\n|faint|p2a: Grimmsnarl\n|-damage|p1a: Perrserker|0 fnt|[from] item: Life Orb\n|faint|p1a: Perrserker\n|\n|upkeep\n|\n|t:|1714658153\n|switch|p2a: Darkrai|Darkrai, L76|231/231\n|switch|p1a: Iron Valiant|Iron Valiant, L79|166/247\n|-damage|p2a: Darkrai|203/231|[from] Stealth Rock\n|turn|28\n|inactive|Galarian Gas has 120 seconds left.\n|\n|t:|1714658186\n|-end|p1a: Iron Valiant|Quark Drive|[silent]\n|switch|p1a: Bellibolt|Bellibolt, L84, M|180/320\n|-terastallize|p2a: Darkrai|Poison\n|move|p2a: Darkrai|Sludge Bomb|p1a: Bellibolt\n|-damage|p1a: Bellibolt|31/320\n|-start|p1a: Bellibolt|Charge|Sludge Bomb|[from] ability: Electromorphosis\n|-damage|p2a: Darkrai|180/231|[from] item: Life Orb\n|\n|-heal|p1a: Bellibolt|51/320|[from] item: Leftovers\n|upkeep\n|turn|29\n|inactive|Galarian Gas has 120 seconds left.\n|\n|t:|1714658194\n|move|p2a: Darkrai|Dark Pulse|p1a: Bellibolt\n|-damage|p1a: Bellibolt|0 fnt\n|faint|p1a: Bellibolt\n|-damage|p2a: Darkrai|157/231|[from] item: Life Orb\n|\n|upkeep\n|\n|t:|1714658198\n|switch|p1a: Iron Valiant|Iron Valiant, L79|166/247\n|turn|30\n|\n|t:|1714658204\n|switch|p2a: Slaking|Slaking, L84, M|95/389\n|-damage|p2a: Slaking|47/389|[from] Stealth Rock\n|-terastallize|p1a: Iron Valiant|Fighting\n|move|p1a: Iron Valiant|Knock Off|p2a: Slaking\n|-crit|p2a: Slaking\n|-damage|p2a: Slaking|0 fnt\n|-enditem|p2a: Slaking|Choice Band|[from] move: Knock Off|[of] p1a: Iron Valiant\n|faint|p2a: Slaking\n|-damage|p1a: Iron Valiant|142/247|[from] item: Life Orb\n|\n|upkeep\n|inactive|DTeeko has 120 seconds left.\n|\n|t:|1714658239\n|switch|p2a: Darkrai|Darkrai, L76, tera:Poison|157/231\n|-damage|p2a: Darkrai|129/231|[from] Stealth Rock\n|turn|31\n|inactive|DTeeko has 120 seconds left.\n|\n|t:|1714658256\n|move|p2a: Darkrai|Sludge Bomb|p1a: Iron Valiant\n|-damage|p1a: Iron Valiant|0 fnt\n|faint|p1a: Iron Valiant\n|-end|p1a: Iron Valiant|Quark Drive|[silent]\n|-damage|p2a: Darkrai|106/231|[from] item: Life Orb\n|\n|win|DTeeko\n|raw|Galarian Gas's rating: 2245 &rarr; <strong>2226</strong><br />(-19 for losing)\n|raw|DTeeko's rating: 2257 &rarr; <strong>2276</strong><br />(+19 for winning)\n|l|\u2606Galarian Gas\n|player|p1|\n|l|\u2606DTeeko\n|player|p2|\n|j|\u2606DTeeko\n|player|p2|DTeeko|266|\n", "inputlog": ">version 1545cb7b56a6c4a9ecd141e44b1f035e8ace9d59\n>start {\"formatid\":\"gen9randombattle\",\"seed\":[4763,52990,60459,30880],\"rated\":\"Rated battle\"}\n>player p1 {\"name\":\"Galarian Gas\",\"avatar\":\"266\",\"rating\":2245,\"seed\":[7684,4022,32306,47671]}\n>player p2 {\"name\":\"DTeeko\",\"avatar\":\"266\",\"rating\":2257,\"seed\":[45023,43752,19611,27370]}\n>p1 switch 4\n>p2 move waterpulse\n>p1 move sleeppowder\n>p2 switch 4\n>p1 switch 5\n>p2 move thunderwave\n>p1 move toxic\n>p2 move partingshot\n>p2 switch 5\n>p1 switch 6\n>p2 switch 3\n>p1 switch 5\n>p2 switch 2\n>p1 switch 4\n>p2 move earthquake\n>p1 switch 3\n>p1 move closecombat\n>p2 switch 4\n>p1 switch 5\n>p2 move uturn\n>p2 switch 4\n>p1 move icebeam\n>p2 move doubleedge\n>p1 switch 5\n>p1 move stealthrock\n>p2 switch 3\n>p1 switch 6\n>p2 move substitute\n>p1 move thunderbolt\n>p2 move leechseed\n>p1 switch 6\n>p2 switch 5\n>p1 move ironhead\n>p2 move partingshot\n>p2 switch 4\n>p1 switch 4\n>p2 move darkpulse\n>p1 switch 2\n>p2 move darkpulse\n>p1 move knockoff\n>p2 move darkpulse\n>p2 switch 4\n>p1 switch 4\n>p2 move spiritbreak\n>p1 move uturn\n>p2 move partingshot\n>p2 switch 5\n>p1 switch 6\n>p1 move slackoff\n>p2 move seedflare\n>p1 switch 2\n>p2 move airslash\n>p1 switch 6\n>p2 switch 5\n>p1 move ironhead\n>p2 move partingshot\n>p2 switch 2\n>p1 switch 2\n>p2 move sparklingaria\n>p1 move thunderbolt\n>p2 move freezedry\n>p2 switch 3\n>p1 switch 2\n>p2 move doubleedge\n>p1 move ironhead\n>p2 switch 2\n>p1 switch 4\n>p2 switch 6\n>p1 switch 2\n>p2 move sludgebomb terastallize\n>p1 move thunderbolt\n>p2 move darkpulse\n>p1 switch 2\n>p1 move knockoff terastallize\n>p2 switch 2\n>p2 switch 2\n>p1 move closecombat\n>p2 move sludgebomb", "uploadtime": 1714658307, "views": 235, "formatid": "gen9randombattle", "rating": 2226, "private": 0, "password": null}