{"id": "gen9randombattle-2190702199", "format": "[Gen 9] Random Battle", "players": ["Qiuescent", "pastorulipal"], "log": "|j|\u203dQiuescent\n|j|\u2606pastorulipal\n|t:|1724978965\n|gametype|singles\n|player|p1|Qiuescent|169|2171\n|player|p2|pastorulipal|guitarist-gen4|2269\n|teamsize|p1|6\n|teamsize|p2|6\n|gen|9\n|tier|[Gen 9] Random Battle\n|rated|\n|rule|Species Clause: Limit one of each Pok\u00e9mon\n|rule|HP Percentage Mod: HP is shown in percentages\n|rule|Sleep Clause Mod: Limit one foe put to sleep\n|rule|Illusion Level Mod: Illusion disguises the Pok\u00e9mon's true level\n|\n|t:|1724978965\n|start\n|switch|p1a: Keldeo|Keldeo-Resolute, L79|273/273\n|switch|p2a: Meowscarada|Meowscarada, L78, M|247/247\n|turn|1\n|j| cacapoopoolkol\n|inactive|Battle timer is ON: inactive players will automatically lose when time's up. (requested by Qiuescent)\n|inactive|pastorulipal has 120 seconds left.\n|inactive|pastorulipal has 90 seconds left.\n|\n|t:|1724979075\n|move|p1a: Keldeo|Vacuum Wave|p2a: Meowscarada\n|-supereffective|p2a: Meowscarada\n|-damage|p2a: Meowscarada|71/247\n|move|p2a: Meowscarada|Flower Trick|p1a: Keldeo\n|-start|p2a: Meowscarada|typechange|Grass|[from] ability: Protean\n|-supereffective|p1a: Keldeo\n|-crit|p1a: Keldeo\n|-damage|p1a: Keldeo|0 fnt\n|faint|p1a: Keldeo\n|\n|upkeep\n|\n|t:|1724979083\n|switch|p1a: Vespiquen|Vespiquen, L98, F|296/296\n|-ability|p1a: Vespiquen|Pressure\n|turn|2\n|\n|t:|1724979102\n|switch|p2a: Rhyperior|Rhyperior, L83, M|327/327\n|move|p1a: Vespiquen|Toxic Spikes|p2a: Rhyperior\n|-sidestart|p2: pastorulipal|move: Toxic Spikes\n|\n|upkeep\n|turn|3\n|\n|t:|1724979110\n|move|p1a: Vespiquen|U-turn|p2a: Rhyperior\n|-damage|p2a: Rhyperior|260/327\n|\n|t:|1724979123\n|switch|p1a: Clefable|Clefable, L83, M|293/293|[from] U-turn\n|move|p2a: Rhyperior|Rock Polish|p2a: Rhyperior\n|-boost|p2a: Rhyperior|spe|2\n|\n|upkeep\n|turn|4\n|\n|t:|1724979130\n|move|p2a: Rhyperior|Earthquake|p1a: Clefable\n|-damage|p1a: Clefable|124/293\n|move|p1a: Clefable|Moonblast|p2a: Rhyperior\n|-damage|p2a: Rhyperior|127/327\n|\n|-heal|p1a: Clefable|142/293|[from] item: Leftovers\n|upkeep\n|turn|5\n|\n|t:|1724979143\n|move|p2a: Rhyperior|Earthquake|p1a: Clefable\n|-damage|p1a: Clefable|0 fnt\n|faint|p1a: Clefable\n|\n|upkeep\n|\n|t:|1724979146\n|switch|p1a: Spectrier|Spectrier, L75|274/274\n|turn|6\n|\n|t:|1724979161\n|switch|p2a: Scizor|Scizor, L79, M|240/240\n|move|p1a: Spectrier|Shadow Ball|p2a: Scizor\n|-damage|p2a: Scizor|110/240\n|-unboost|p2a: Scizor|spd|1\n|-damage|p1a: Spectrier|247/274|[from] item: Life Orb\n|\n|upkeep\n|turn|7\n|\n|t:|1724979187\n|switch|p2a: Girafarig|Girafarig, L89, M|269/269\n|-status|p2a: Girafarig|psn\n|move|p1a: Spectrier|Shadow Ball|p2a: Girafarig\n|-immune|p2a: Girafarig\n|\n|-damage|p2a: Girafarig|236/269 psn|[from] psn\n|upkeep\n|turn|8\n|\n|t:|1724979197\n|switch|p1a: Vespiquen|Vespiquen, L98, F|296/296\n|-ability|p1a: Vespiquen|Pressure\n|move|p2a: Girafarig|Psyshock|p1a: Vespiquen\n|-damage|p1a: Vespiquen|229/296\n|\n|-damage|p2a: Girafarig|203/269 psn|[from] psn\n|upkeep\n|turn|9\n|inactive|pastorulipal has 120 seconds left.\n|\n|t:|1724979217\n|move|p2a: Girafarig|Nasty Plot|p2a: Girafarig\n|-boost|p2a: Girafarig|spa|2\n|move|p1a: Vespiquen|U-turn|p2a: Girafarig\n|-supereffective|p2a: Girafarig\n|-damage|p2a: Girafarig|57/269 psn\n|\n|t:|1724979229\n|switch|p1a: Spectrier|Spectrier, L75|247/274|[from] U-turn\n|\n|-damage|p2a: Girafarig|24/269 psn|[from] psn\n|upkeep\n|turn|10\n|\n|t:|1724979238\n|switch|p2a: Meowscarada|Meowscarada, L78, M|71/247\n|-status|p2a: Meowscarada|psn\n|move|p1a: Spectrier|Draining Kiss|p2a: Meowscarada\n|-supereffective|p2a: Meowscarada\n|-damage|p2a: Meowscarada|0 fnt\n|-heal|p1a: Spectrier|274/274|[from] drain|[of] p2a: Meowscarada\n|faint|p2a: Meowscarada\n|-ability|p1a: Spectrier|Grim Neigh|boost\n|-boost|p1a: Spectrier|spa|1\n|-damage|p1a: Spectrier|247/274|[from] item: Life Orb\n|\n|upkeep\n|inactive|pastorulipal has 120 seconds left.\n|\n|t:|1724979254\n|switch|p2a: Scizor|Scizor, L79, M|110/240\n|turn|11\n|\n|t:|1724979258\n|move|p2a: Scizor|Bullet Punch|p1a: Spectrier\n|-damage|p1a: Spectrier|97/274\n|move|p1a: Spectrier|Shadow Ball|p2a: Scizor\n|-damage|p2a: Scizor|0 fnt\n|faint|p2a: Scizor\n|-ability|p1a: Spectrier|Grim Neigh|boost\n|-boost|p1a: Spectrier|spa|1\n|-damage|p1a: Spectrier|70/274|[from] item: Life Orb\n|\n|upkeep\n|-message|pastorulipal forfeited.\n|\n|win|Qiuescent\n|raw|Qiuescent's rating: 2187 &rarr; <strong>2212</strong><br />(+25 for winning)\n|raw|pastorulipal's rating: 2269 &rarr; <strong>2244</strong><br />(-25 for losing)\n|l|\u2606pastorulipal\n|player|p2|\n", "inputlog": ">version 2e590d34c814cccdb89d4fed97a7fe8ad0bc829c\n>start {\"formatid\":\"gen9randombattle\",\"seed\":[7387,5206,40951,51944],\"rated\":\"Rated battle\"}\n>player p1 {\"name\":\"Qiuescent\",\"avatar\":\"169\",\"rating\":2171,\"seed\":[61904,27410,64377,49495]}\n>player p2 {\"name\":\"pastorulipal\",\"avatar\":\"guitarist-gen4\",\"rating\":2269,\"seed\":[32375,11108,47017,31713]}\n>p1 move vacuumwave\n>p2 move flowertrick\n>p1 switch 4\n>p1 move toxicspikes\n>p2 switch 5\n>p1 move uturn\n>p2 move rockpolish\n>p1 switch 5\n>p1 move moonblast\n>p2 move earthquake\n>p1 move moonblast\n>p2 move earthquake\n>p1 switch 2\n>p1 move shadowball\n>p2 switch 2\n>p1 move shadowball\n>p2 switch 3\n>p1 switch 5\n>p2 move psyshock\n>p1 move uturn\n>p2 move nastyplot\n>p1 switch 5\n>p1 move drainingkiss\n>p2 switch 5\n>p2 switch 3\n>p1 move shadowball\n>p2 move bulletpunch\n>forcelose p2", "uploadtime": 1724979274, "views": 112, "formatid": "gen9randombattle", "rating": 2212, "private": 0, "password": null}