{"id": "gen9randombattle-2105092554", "format": "[Gen 9] Random Battle", "players": ["send help i suck", "LizarDune"], "log": "|uhtml|medal-msg|<div class=\"broadcast-blue\">Curious what those medals under the avatar are? PS now has Ladder Seasons! For more information, check out the <a href=\"https://www.smogon.com/forums/threads/3740067/\">thread on Smogon.</a></div>\n|uhtml|medal-msg|<div class=\"broadcast-blue\">Curious what those medals under the avatar are? PS now has Ladder Seasons! For more information, check out the <a href=\"https://www.smogon.com/forums/threads/3740067/\">thread on Smogon.</a></div>\n|j|\u2606send help i suck\n|j|\u2606LizarDune\n|t:|1713313135\n|gametype|singles\n|player|p1|send help i suck|101|2221\n|player|p2|LizarDune|musician|2234\n|teamsize|p1|6\n|teamsize|p2|6\n|gen|9\n|tier|[Gen 9] Random Battle\n|rated|\n|rule|Species Clause: Limit one of each Pok\u00e9mon\n|rule|HP Percentage Mod: HP is shown in percentages\n|rule|Sleep Clause Mod: Limit one foe put to sleep\n|rule|Illusion Level Mod: Illusion disguises the Pok\u00e9mon's true level\n|\n|t:|1713313135\n|start\n|switch|p1a: Iron Moth|Iron Moth, L78|253/253\n|switch|p2a: Sneasler|Sneasler, L75, M|244/244\n|turn|1\n|inactive|Battle timer is ON: inactive players will automatically lose when time's up. (requested by LizarDune)\n|inactive|LizarDune has 120 seconds left.\n|\n|t:|1713313178\n|move|p2a: Sneasler|U-turn|p1a: Iron Moth\n|-resisted|p1a: Iron Moth\n|-damage|p1a: Iron Moth|228/253\n|\n|t:|1713313183\n|switch|p2a: Vaporeon|Vaporeon, L86, M|364/364|[from] U-turn\n|move|p1a: Iron Moth|Fiery Dance|p2a: Vaporeon\n|-resisted|p2a: Vaporeon\n|-damage|p2a: Vaporeon|292/364\n|-boost|p1a: Iron Moth|spa|1\n|\n|-heal|p2a: Vaporeon|314/364|[from] item: Leftovers\n|upkeep\n|turn|2\n|\n|t:|1713313200\n|-end|p1a: Iron Moth|Quark Drive|[silent]\n|switch|p1a: Ampharos|Ampharos, L88, M|302/302\n|move|p2a: Vaporeon|Wish|p2a: Vaporeon\n|\n|-heal|p2a: Vaporeon|336/364|[from] item: Leftovers\n|upkeep\n|turn|3\n|inactive|LizarDune has 120 seconds left.\n|\n|t:|1713313234\n|switch|p2a: Groudon|Groudon, L72|263/263\n|-weather|SunnyDay|[from] ability: Drought|[of] p2a: Groudon\n|move|p1a: Ampharos|Volt Switch|p2a: Groudon\n|-immune|p2a: Groudon\n|\n|-weather|SunnyDay|[upkeep]\n|upkeep\n|turn|4\n|inactive|LizarDune has 120 seconds left.\n|\n|t:|1713313243\n|switch|p1a: Meganium|Meganium, L90, F|290/290\n|move|p2a: Groudon|Thunder Wave|p1a: Meganium\n|-status|p1a: Meganium|par\n|\n|-weather|SunnyDay|[upkeep]\n|upkeep\n|turn|5\n|inactive|LizarDune has 120 seconds left.\n|\n|t:|1713313276\n|switch|p2a: Honchkrow|Honchkrow, L86, F|312/312\n|switch|p1a: Iron Moth|Iron Moth, L78|228/253\n|\n|-weather|SunnyDay|[upkeep]\n|upkeep\n|turn|6\n|inactive|LizarDune has 90 seconds left.\n|\n|t:|1713313306\n|-end|p1a: Iron Moth|Quark Drive|[silent]\n|switch|p1a: Ampharos|Ampharos, L88, M|302/302\n|move|p2a: Honchkrow|Sucker Punch||[still]\n|-fail|p2a: Honchkrow\n|\n|-weather|SunnyDay|[upkeep]\n|upkeep\n|turn|7\n|inactive|LizarDune has 90 seconds left.\n|\n|t:|1713313320\n|switch|p2a: Groudon|Groudon, L72|263/263\n|move|p1a: Ampharos|Focus Blast|p2a: Groudon\n|-damage|p2a: Groudon|82/263\n|\n|-weather|none\n|-heal|p2a: Groudon|98/263|[from] item: Leftovers\n|upkeep\n|turn|8\n|inactive|LizarDune has 90 seconds left.\n|\n|t:|1713313333\n|switch|p1a: Meganium|Meganium, L90, F|290/290 par\n|move|p2a: Groudon|Heat Crash|p1a: Meganium\n|-supereffective|p1a: Meganium\n|-damage|p1a: Meganium|130/290 par\n|\n|-heal|p2a: Groudon|114/263|[from] item: Leftovers\n|upkeep\n|turn|9\n|inactive|LizarDune has 90 seconds left.\n|\n|t:|1713313351\n|move|p2a: Groudon|Heat Crash|p1a: Meganium\n|-supereffective|p1a: Meganium\n|-damage|p1a: Meganium|0 fnt\n|faint|p1a: Meganium\n|\n|-heal|p2a: Groudon|130/263|[from] item: Leftovers\n|upkeep\n|\n|t:|1713313356\n|switch|p1a: Iron Moth|Iron Moth, L78|228/253\n|turn|10\n|inactive|LizarDune has 90 seconds left.\n|\n|t:|1713313390\n|move|p1a: Iron Moth|Energy Ball|p2a: Groudon\n|-supereffective|p2a: Groudon\n|-damage|p2a: Groudon|0 fnt\n|faint|p2a: Groudon\n|\n|upkeep\n|inactive|LizarDune has 60 seconds left.\n|\n|t:|1713313402\n|switch|p2a: Kyurem|Kyurem-Black, L71|295/295\n|-ability|p2a: Kyurem|Teravolt\n|turn|11\n|inactive|LizarDune has 60 seconds left.\n|\n|t:|1713313416\n|-end|p1a: Iron Moth|Quark Drive|[silent]\n|switch|p1a: Tinkaton|Tinkaton, L82, F|274/274\n|-ability|p1a: Tinkaton|Mold Breaker\n|move|p2a: Kyurem|Dragon Dance|p2a: Kyurem\n|-boost|p2a: Kyurem|atk|1\n|-boost|p2a: Kyurem|spe|1\n|\n|upkeep\n|turn|12\n|inactive|LizarDune has 60 seconds left.\n|inactive|LizarDune has 30 seconds left.\n|inactive|LizarDune has 20 seconds left.\n|inactive|LizarDune has 15 seconds left.\n|\n|t:|1713313474\n|-terastallize|p2a: Kyurem|Electric\n|move|p2a: Kyurem|Fusion Bolt|p1a: Tinkaton\n|-damage|p1a: Tinkaton|67/274\n|move|p1a: Tinkaton|Gigaton Hammer|p2a: Kyurem\n|-resisted|p2a: Kyurem\n|-damage|p2a: Kyurem|209/295\n|-damage|p1a: Tinkaton|40/274|[from] item: Life Orb\n|\n|upkeep\n|turn|13\n|inactive|LizarDune has 25 seconds left this turn.\n|inactive|LizarDune has 20 seconds left.\n|inactive|LizarDune has 15 seconds left.\n|\n|t:|1713313486\n|move|p2a: Kyurem|Fusion Bolt|p1a: Tinkaton\n|-damage|p1a: Tinkaton|0 fnt\n|faint|p1a: Tinkaton\n|\n|upkeep\n|inactive|LizarDune has 20 seconds left this turn.\n|\n|t:|1713313499\n|switch|p1a: Ampharos|Ampharos, L88, M|302/302\n|turn|14\n|inactive|LizarDune has 30 seconds left this turn.\n|\n|t:|1713313514\n|move|p2a: Kyurem|Icicle Spear|p1a: Ampharos\n|-damage|p1a: Ampharos|253/302\n|-damage|p1a: Ampharos|207/302\n|-damage|p1a: Ampharos|162/302\n|-crit|p1a: Ampharos\n|-damage|p1a: Ampharos|101/302\n|-damage|p1a: Ampharos|56/302\n|-hitcount|p1a: Ampharos|5\n|move|p1a: Ampharos|Dazzling Gleam|p2a: Kyurem\n|-damage|p2a: Kyurem|75/295\n|\n|upkeep\n|turn|15\n|inactive|LizarDune has 30 seconds left.\n|\n|t:|1713313519\n|move|p2a: Kyurem|Icicle Spear|p1a: Ampharos\n|-damage|p1a: Ampharos|11/302\n|-damage|p1a: Ampharos|0 fnt\n|faint|p1a: Ampharos\n|-hitcount|p1: Ampharos|2\n|\n|upkeep\n|\n|t:|1713313523\n|switch|p1a: Spiritomb|Spiritomb, L90, F|236/236\n|turn|16\n|\n|t:|1713313535\n|move|p2a: Kyurem|Icicle Spear|p1a: Spiritomb\n|-damage|p1a: Spiritomb|202/236\n|-damage|p1a: Spiritomb|166/236\n|-damage|p1a: Spiritomb|132/236\n|-damage|p1a: Spiritomb|95/236\n|-crit|p1a: Spiritomb\n|-damage|p1a: Spiritomb|37/236\n|-hitcount|p1a: Spiritomb|5\n|move|p1a: Spiritomb|Dark Pulse|p2a: Kyurem\n|-damage|p2a: Kyurem|0 fnt\n|faint|p2a: Kyurem\n|\n|-heal|p1a: Spiritomb|51/236|[from] item: Leftovers\n|upkeep\n|inactive|LizarDune has 30 seconds left.\n|\n|t:|1713313551\n|switch|p2a: Honchkrow|Honchkrow, L86, F|312/312\n|turn|17\n|\n|t:|1713313557\n|switch|p1a: Iron Moth|Iron Moth, L78|228/253\n|move|p2a: Honchkrow|Brave Bird|p1a: Iron Moth\n|-damage|p1a: Iron Moth|17/253\n|-damage|p2a: Honchkrow|242/312|[from] Recoil\n|\n|upkeep\n|turn|18\n|\n|t:|1713313568\n|-end|p1a: Iron Moth|Quark Drive|[silent]\n|switch|p1a: Spiritomb|Spiritomb, L90, F|51/236\n|move|p2a: Honchkrow|Sucker Punch||[still]\n|-fail|p2a: Honchkrow\n|\n|-heal|p1a: Spiritomb|65/236|[from] item: Leftovers\n|upkeep\n|turn|19\n|\n|t:|1713313594\n|move|p2a: Honchkrow|Brave Bird|p1a: Spiritomb\n|-damage|p1a: Spiritomb|0 fnt\n|faint|p1a: Spiritomb\n|-ability|p2a: Honchkrow|Moxie|boost\n|-boost|p2a: Honchkrow|atk|1\n|-damage|p2a: Honchkrow|221/312|[from] Recoil\n|\n|upkeep\n|\n|t:|1713313595\n|switch|p1a: Iron Moth|Iron Moth, L78|17/253\n|turn|20\n|\n|t:|1713313602\n|move|p2a: Honchkrow|Sucker Punch|p1a: Iron Moth\n|-damage|p1a: Iron Moth|0 fnt\n|faint|p1a: Iron Moth\n|-end|p1a: Iron Moth|Quark Drive|[silent]\n|-ability|p2a: Honchkrow|Moxie|boost\n|-boost|p2a: Honchkrow|atk|1\n|\n|upkeep\n|\n|t:|1713313604\n|switch|p1a: Maushold|Maushold-Four, L76|238/238\n|turn|21\n|inactive|LizarDune has 60 seconds left.\n|inactive|LizarDune has 30 seconds left.\n|inactive|LizarDune has 20 seconds left.\n|inactive|LizarDune has 15 seconds left.\n|\n|t:|1713313660\n|switch|p2a: Sneasler|Sneasler, L75, M|244/244\n|move|p1a: Maushold|Tidy Up|p1a: Maushold\n|-boost|p1a: Maushold|atk|1\n|-boost|p1a: Maushold|spe|1\n|\n|upkeep\n|turn|22\n|inactive|LizarDune has 25 seconds left this turn.\n|inactive|LizarDune has 20 seconds left.\n|\n|t:|1713313669\n|-terastallize|p1a: Maushold|Normal\n|move|p1a: Maushold|Population Bomb|p2a: Sneasler\n|-damage|p2a: Sneasler|180/244\n|-damage|p2a: Sneasler|120/244\n|-damage|p2a: Sneasler|52/244\n|-damage|p2a: Sneasler|0 fnt\n|faint|p2a: Sneasler\n|-hitcount|p2: Sneasler|4\n|\n|upkeep\n|inactive|LizarDune has 25 seconds left this turn.\n|inactive|LizarDune has 20 seconds left.\n|\n|t:|1713313678\n|switch|p2a: Vaporeon|Vaporeon, L86, M|336/364\n|turn|23\n|inactive|LizarDune has 30 seconds left this turn.\n|\n|t:|1713313682\n|move|p1a: Maushold|Population Bomb|p2a: Vaporeon\n|-crit|p2a: Vaporeon\n|-damage|p2a: Vaporeon|256/364\n|-damage|p2a: Vaporeon|202/364\n|-damage|p2a: Vaporeon|148/364\n|-damage|p2a: Vaporeon|94/364\n|-damage|p2a: Vaporeon|34/364\n|-damage|p2a: Vaporeon|0 fnt\n|faint|p2a: Vaporeon\n|-hitcount|p2: Vaporeon|6\n|\n|upkeep\n|\n|t:|1713313686\n|switch|p2a: Honchkrow|Honchkrow, L86, F|221/312\n|turn|24\n|\n|t:|1713313691\n|move|p1a: Maushold|Population Bomb|p2a: Honchkrow\n|-damage|p2a: Honchkrow|157/312\n|-damage|p2a: Honchkrow|101/312\n|-damage|p2a: Honchkrow|35/312\n|-damage|p2a: Honchkrow|0 fnt\n|faint|p2a: Honchkrow\n|-hitcount|p2: Honchkrow|4\n|\n|upkeep\n|\n|t:|1713313693\n|switch|p2a: Terapagos|Terapagos, L76, M|262/262\n|-activate|p2a: Terapagos|ability: Tera Shift\n|detailschange|p2a: Terapagos|Terapagos-Terastal, L76, M\n|-heal|p2a: Terapagos|269/269|[silent]\n|turn|25\n|\n|t:|1713313696\n|move|p1a: Maushold|Population Bomb|p2a: Terapagos\n|-activate|p2a: Terapagos|ability: Tera Shell\n|-resisted|p2a: Terapagos\n|-crit|p2a: Terapagos\n|-damage|p2a: Terapagos|237/269\n|-resisted|p2a: Terapagos\n|-damage|p2a: Terapagos|215/269\n|-resisted|p2a: Terapagos\n|-damage|p2a: Terapagos|194/269\n|-resisted|p2a: Terapagos\n|-damage|p2a: Terapagos|174/269\n|-resisted|p2a: Terapagos\n|-damage|p2a: Terapagos|154/269\n|-resisted|p2a: Terapagos\n|-damage|p2a: Terapagos|134/269\n|-resisted|p2a: Terapagos\n|-damage|p2a: Terapagos|113/269\n|-resisted|p2a: Terapagos\n|-damage|p2a: Terapagos|91/269\n|-resisted|p2a: Terapagos\n|-damage|p2a: Terapagos|69/269\n|-resisted|p2a: Terapagos\n|-damage|p2a: Terapagos|47/269\n|-hitcount|p2a: Terapagos|10\n|move|p2a: Terapagos|Tera Starstorm|p1a: Maushold\n|-damage|p1a: Maushold|106/238\n|\n|upkeep\n|turn|26\n|inactive|LizarDune has 60 seconds left.\n|c|\u2606send help i suck|huh\n|c|\u2606LizarDune|Well\n|c|\u2606send help i suck|thats surely a glitch\n|\n|t:|1713313709\n|move|p1a: Maushold|Population Bomb|p2a: Terapagos\n|-damage|p2a: Terapagos|7/269\n|-damage|p2a: Terapagos|0 fnt\n|faint|p2a: Terapagos\n|-hitcount|p2: Terapagos|2\n|\n|win|send help i suck\n|raw|send help i suck's rating: 2221 &rarr; <strong>2242</strong><br />(+21 for winning)\n|raw|LizarDune's rating: 2234 &rarr; <strong>2213</strong><br />(-21 for losing)\n|c|\u2606LizarDune|GG\n|c|\u2606send help i suck|GG\n|l|\u2606send help i suck\n|player|p1|\n", "inputlog": ">version 94cb14e6e593f9434fd234bef139544825d280b8\n>start {\"formatid\":\"gen9randombattle\",\"seed\":[52497,46364,9336,43627],\"rated\":\"Rated battle\"}\n>player p1 {\"name\":\"send help i suck\",\"avatar\":\"101\",\"rating\":2221,\"seed\":[225,14822,28954,152]}\n>player p2 {\"name\":\"LizarDune\",\"avatar\":\"musician\",\"rating\":2234,\"seed\":[62702,19561,3244,3123]}\n>p1 move fierydance\n>p2 move uturn\n>p2 switch 5\n>p1 switch 5\n>p2 move wish\n>p1 move voltswitch\n>p2 switch 3\n>p1 switch 2\n>p2 move thunderwave\n>p1 switch 5\n>p2 switch 2\n>p1 switch 2\n>p2 move suckerpunch\n>p1 move focusblast\n>p2 switch 2\n>p1 switch 5\n>p2 move heatcrash\n>p1 move petalblizzard\n>p2 move heatcrash\n>p1 switch 2\n>p1 move energyball\n>p2 move precipiceblades\n>p2 switch 6\n>p1 switch 6\n>p2 move dragondance\n>p1 move gigatonhammer\n>p2 move fusionbolt terastallize\n>p1 move knockoff\n>p2 move fusionbolt\n>p1 switch 5\n>p1 move dazzlinggleam\n>p2 move iciclespear\n>p1 move dazzlinggleam\n>p2 move iciclespear\n>p1 switch 3\n>p1 move darkpulse\n>p2 move iciclespear\n>p2 switch 2\n>p1 switch 6\n>p2 move bravebird\n>p1 switch 6\n>p2 move suckerpunch\n>p1 move rest\n>p2 move bravebird\n>p1 switch 6\n>p1 move fierydance\n>p2 move suckerpunch\n>p1 switch 4\n>p1 move tidyup\n>p2 switch 5\n>p1 move populationbomb terastallize\n>p2 move closecombat\n>p2 switch 3\n>p1 move populationbomb\n>p2 move scald\n>p2 switch 5\n>p1 move populationbomb\n>p2 move bravebird\n>p2 switch 4\n>p1 move populationbomb\n>p2 move terastarstorm\n>chat \u2606send help i suck|huh\n>chat \u2606LizarDune|Well\n>chat \u2606send help i suck|thats surely a glitch\n>p1 move populationbomb\n>p2 move terastarstorm", "uploadtime": 1713313728, "views": 271, "formatid": "gen9randombattle", "rating": 2213, "private": 0, "password": null}