{"id": "gen9randombattle-2259783007", "format": "[Gen 9] Random Battle", "players": ["gwing", "steelixprismgx"], "log": "|j|\u2606gwing\n|j|\u2606steelixprismgx\n|t:|1733766262\n|gametype|singles\n|player|p1|gwing|1|1746\n|player|p2|steelixprismgx|colress|1729\n|teamsize|p1|6\n|teamsize|p2|6\n|gen|9\n|tier|[Gen 9] Random Battle\n|rated|\n|rule|Species Clause: Limit one of each Pok\u00e9mon\n|rule|HP Percentage Mod: HP is shown in percentages\n|rule|Sleep Clause Mod: Limit one foe put to sleep\n|rule|Illusion Level Mod: Illusion disguises the Pok\u00e9mon's true level\n|\n|t:|1733766262\n|start\n|switch|p1a: Bastiodon|Bastiodon, L89, M|252/252\n|switch|p2a: Muk|Muk, L86, F|321/321\n|turn|1\n|inactive|Battle timer is ON: inactive players will automatically lose when time's up. (requested by steelixprismgx)\n|\n|t:|1733766291\n|move|p2a: Muk|Knock Off|p1a: Bastiodon\n|-damage|p1a: Bastiodon|210/252\n|-enditem|p1a: Bastiodon|Chesto Berry|[from] move: Knock Off|[of] p2a: Muk\n|move|p1a: Bastiodon|Iron Defense|p1a: Bastiodon\n|-boost|p1a: Bastiodon|def|2\n|\n|upkeep\n|turn|2\n|\n|t:|1733766307\n|move|p2a: Muk|Haze|p2a: Muk\n|-clearallboost\n|move|p1a: Bastiodon|Body Press|p2a: Muk\n|-resisted|p2a: Muk\n|-crit|p2a: Muk\n|-damage|p2a: Muk|241/321\n|\n|-heal|p2a: Muk|261/321|[from] item: Leftovers\n|upkeep\n|turn|3\n|\n|t:|1733766318\n|switch|p1a: Bellibolt|Bellibolt, L84, F|320/320\n|move|p2a: Muk|Drain Punch|p1a: Bellibolt\n|-damage|p1a: Bellibolt|263/320\n|-heal|p2a: Muk|290/321|[from] drain|[of] p1a: Bellibolt\n|-start|p1a: Bellibolt|Charge|Drain Punch|[from] ability: Electromorphosis\n|-status|p1a: Bellibolt|psn|[from] ability: Poison Touch|[of] p2a: Muk\n|\n|-heal|p2a: Muk|310/321|[from] item: Leftovers\n|-heal|p1a: Bellibolt|283/320 psn|[from] item: Leftovers\n|-damage|p1a: Bellibolt|243/320 psn|[from] psn\n|upkeep\n|turn|4\n|\n|t:|1733766330\n|move|p2a: Muk|Knock Off|p1a: Bellibolt\n|-damage|p1a: Bellibolt|174/320 psn\n|-start|p1a: Bellibolt|Charge|Knock Off|[from] ability: Electromorphosis\n|-enditem|p1a: Bellibolt|Leftovers|[from] move: Knock Off|[of] p2a: Muk\n|move|p1a: Bellibolt|Thunderbolt|p2a: Muk\n|-damage|p2a: Muk|127/321\n|-status|p2a: Muk|par\n|-end|p1a: Bellibolt|Charge|[silent]\n|\n|-heal|p2a: Muk|147/321 par|[from] item: Leftovers\n|-damage|p1a: Bellibolt|134/320 psn|[from] psn\n|upkeep\n|turn|5\n|\n|t:|1733766348\n|switch|p2a: Toedscruel|Toedscruel, L87, F|281/281\n|move|p1a: Bellibolt|Slack Off|p1a: Bellibolt\n|-heal|p1a: Bellibolt|294/320 psn\n|\n|-damage|p1a: Bellibolt|254/320 psn|[from] psn\n|upkeep\n|turn|6\n|\n|t:|1733766356\n|move|p2a: Toedscruel|Earth Power|p1a: Bellibolt\n|-supereffective|p1a: Bellibolt\n|-crit|p1a: Bellibolt\n|-damage|p1a: Bellibolt|0 fnt\n|faint|p1a: Bellibolt\n|\n|upkeep\n|\n|t:|1733766362\n|switch|p1a: Houndoom|Houndoom, L87, F|272/272\n|turn|7\n|\n|t:|1733766369\n|move|p2a: Toedscruel|Earth Power|p1a: Houndoom\n|-supereffective|p1a: Houndoom\n|-damage|p1a: Houndoom|78/272\n|move|p1a: Houndoom|Fire Blast|p2a: Toedscruel|[miss]\n|-miss|p1a: Houndoom|p2a: Toedscruel\n|\n|upkeep\n|turn|8\n|-message|gwing forfeited.\n|\n|win|steelixprismgx\n|raw|gwing's rating: 1746 &rarr; <strong>1725</strong><br />(-21 for losing)\n|raw|steelixprismgx's rating: 1729 &rarr; <strong>1750</strong><br />(+21 for winning)\n|l|\u2606gwing\n|player|p1|\n", "inputlog": ">version bfd83cad13791eb5a5a409923076391caf6fb4d4\n>start {\"formatid\":\"gen9randombattle\",\"seed\":[12066,50760,7130,63452],\"rated\":\"Rated battle\"}\n>player p1 {\"name\":\"gwing\",\"avatar\":\"1\",\"rating\":1746,\"seed\":[22862,38698,39476,60686]}\n>player p2 {\"name\":\"steelixprismgx\",\"avatar\":\"colress\",\"rating\":1729,\"seed\":[37623,17727,41363,14710]}\n>p1 move irondefense\n>p2 move knockoff\n>p1 move bodypress\n>p2 move haze\n>p1 switch 3\n>p2 move drainpunch\n>p1 move thunderbolt\n>p2 move knockoff\n>p1 move slackoff\n>p2 switch 6\n>p1 move muddywater\n>p2 move earthpower\n>p1 switch 4\n>p1 move fireblast\n>p2 move earthpower\n>forcelose p1", "uploadtime": 1733766382, "views": 3, "formatid": "gen9randombattle", "rating": 1725, "private": 0, "password": null}