{"id": "gen9randombattle-2146609442", "format": "[Gen 9] Random Battle", "players": ["daddyntheboy", "RandomBattler231"], "log": "|j|\u2606daddyntheboy\n|j|\u2606RandomBattler231\n|t:|1718853117\n|gametype|singles\n|player|p1|daddyntheboy|pokefan-gen4|2241\n|player|p2|RandomBattler231|janitor|2320\n|teamsize|p1|6\n|teamsize|p2|6\n|gen|9\n|tier|[Gen 9] Random Battle\n|rated|\n|rule|Species Clause: Limit one of each Pok\u00e9mon\n|rule|HP Percentage Mod: HP is shown in percentages\n|rule|Sleep Clause Mod: Limit one foe put to sleep\n|rule|Illusion Level Mod: Illusion disguises the Pok\u00e9mon's true level\n|\n|t:|1718853117\n|start\n|switch|p1a: Florges|Florges, L85, F|271/271\n|switch|p2a: Electivire|Electivire, L84, M|263/263\n|turn|1\n|inactive|Battle timer is ON: inactive players will automatically lose when time's up. (requested by daddyntheboy)\n|\n|t:|1718853133\n|switch|p1a: Hippowdon|Hippowdon, L82, M|311/311\n|-weather|Sandstorm|[from] ability: Sand Stream|[of] p1a: Hippowdon\n|move|p2a: Electivire|Bulk Up|p2a: Electivire\n|-boost|p2a: Electivire|atk|1\n|-boost|p2a: Electivire|def|1\n|\n|-weather|Sandstorm|[upkeep]\n|-damage|p2a: Electivire|247/263|[from] Sandstorm\n|upkeep\n|turn|2\n|\n|t:|1718853142\n|switch|p2a: Exeggutor|Exeggutor-Alola, L89, M|314/314\n|-item|p1a: Hippowdon|Rocky Helmet|[from] ability: Frisk|[of] p2a: Exeggutor|[identify]\n|move|p1a: Hippowdon|Earthquake|p2a: Exeggutor\n|-resisted|p2a: Exeggutor\n|-damage|p2a: Exeggutor|257/314\n|\n|-weather|Sandstorm|[upkeep]\n|-damage|p2a: Exeggutor|238/314|[from] Sandstorm\n|upkeep\n|turn|3\n|\n|t:|1718853149\n|switch|p1a: Florges|Florges, L85, F|271/271\n|move|p2a: Exeggutor|Leaf Storm|p1a: Florges\n|-damage|p1a: Florges|97/271\n|-unboost|p2a: Exeggutor|spa|2\n|\n|-weather|Sandstorm|[upkeep]\n|-damage|p1a: Florges|81/271|[from] Sandstorm\n|-damage|p2a: Exeggutor|219/314|[from] Sandstorm\n|-heal|p1a: Florges|97/271|[from] item: Leftovers\n|upkeep\n|turn|4\n|\n|t:|1718853169\n|switch|p2a: Seviper|Seviper, L93, M|287/287\n|move|p1a: Florges|Moonblast|p2a: Seviper\n|-resisted|p2a: Seviper\n|-damage|p2a: Seviper|221/287\n|\n|-weather|Sandstorm|[upkeep]\n|-damage|p1a: Florges|81/271|[from] Sandstorm\n|-damage|p2a: Seviper|204/287|[from] Sandstorm\n|-heal|p1a: Florges|97/271|[from] item: Leftovers\n|-heal|p2a: Seviper|221/287|[from] item: Leftovers\n|upkeep\n|turn|5\n|\n|t:|1718853186\n|switch|p1a: Mabosstiff|Mabosstiff, L86, M|278/278\n|move|p2a: Seviper|Swords Dance|p2a: Seviper\n|-boost|p2a: Seviper|atk|2\n|\n|-weather|none\n|-heal|p2a: Seviper|238/287|[from] item: Leftovers\n|upkeep\n|turn|6\n|\n|t:|1718853190\n|move|p1a: Mabosstiff|Crunch|p2a: Seviper\n|-damage|p2a: Seviper|45/287\n|-unboost|p2a: Seviper|def|1\n|move|p2a: Seviper|Trailblaze|p1a: Mabosstiff\n|-damage|p1a: Mabosstiff|193/278\n|-boost|p2a: Seviper|spe|1\n|\n|-heal|p2a: Seviper|62/287|[from] item: Leftovers\n|upkeep\n|turn|7\n|\n|t:|1718853208\n|move|p2a: Seviper|Gunk Shot|p1a: Mabosstiff\n|-damage|p1a: Mabosstiff|0 fnt\n|faint|p1a: Mabosstiff\n|\n|-heal|p2a: Seviper|79/287|[from] item: Leftovers\n|upkeep\n|\n|t:|1718853210\n|switch|p1a: Hippowdon|Hippowdon, L82, M|311/311\n|-weather|Sandstorm|[from] ability: Sand Stream|[of] p1a: Hippowdon\n|turn|8\n|\n|t:|1718853232\n|switch|p2a: Exeggutor|Exeggutor-Alola, L89, M|219/314\n|-item|p1a: Hippowdon|Rocky Helmet|[from] ability: Frisk|[of] p2a: Exeggutor|[identify]\n|move|p1a: Hippowdon|Earthquake|p2a: Exeggutor\n|-resisted|p2a: Exeggutor\n|-damage|p2a: Exeggutor|165/314\n|\n|-weather|Sandstorm|[upkeep]\n|-damage|p2a: Exeggutor|146/314|[from] Sandstorm\n|upkeep\n|turn|9\n|\n|t:|1718853240\n|switch|p1a: Florges|Florges, L85, F|97/271\n|move|p2a: Exeggutor|Leaf Storm|p1a: Florges\n|-damage|p1a: Florges|0 fnt\n|-unboost|p2a: Exeggutor|spa|2\n|faint|p1a: Florges\n|\n|-weather|Sandstorm|[upkeep]\n|-damage|p2a: Exeggutor|127/314|[from] Sandstorm\n|upkeep\n|\n|t:|1718853242\n|switch|p1a: Toxtricity|Toxtricity, L82, F|257/257\n|turn|10\n|\n|t:|1718853250\n|switch|p2a: Wyrdeer|Wyrdeer, L87, F|321/321\n|-ability|p2a: Wyrdeer|Intimidate|boost\n|-unboost|p1a: Toxtricity|atk|1\n|move|p1a: Toxtricity|Shift Gear|p1a: Toxtricity\n|-boost|p1a: Toxtricity|spe|2\n|-boost|p1a: Toxtricity|atk|1\n|\n|-weather|Sandstorm|[upkeep]\n|-damage|p1a: Toxtricity|241/257|[from] Sandstorm\n|-damage|p2a: Wyrdeer|301/321|[from] Sandstorm\n|-heal|p2a: Wyrdeer|321/321|[from] item: Leftovers\n|upkeep\n|turn|11\n|\n|t:|1718853255\n|-terastallize|p1a: Toxtricity|Normal\n|move|p1a: Toxtricity|Boomburst|p2a: Wyrdeer\n|-damage|p2a: Wyrdeer|81/321\n|-enditem|p1a: Toxtricity|Throat Spray\n|-boost|p1a: Toxtricity|spa|1|[from] item: Throat Spray\n|move|p2a: Wyrdeer|Earthquake|p1a: Toxtricity\n|-damage|p1a: Toxtricity|143/257\n|\n|-weather|Sandstorm|[upkeep]\n|-damage|p1a: Toxtricity|127/257|[from] Sandstorm\n|-damage|p2a: Wyrdeer|61/321|[from] Sandstorm\n|-heal|p2a: Wyrdeer|81/321|[from] item: Leftovers\n|upkeep\n|turn|12\n|\n|t:|1718853263\n|move|p1a: Toxtricity|Boomburst|p2a: Wyrdeer\n|-crit|p2a: Wyrdeer\n|-damage|p2a: Wyrdeer|0 fnt\n|faint|p2a: Wyrdeer\n|\n|-weather|none\n|upkeep\n|\n|t:|1718853266\n|switch|p2a: Metagross|Metagross, L79|256/256\n|turn|13\n|\n|t:|1718853272\n|move|p1a: Toxtricity|Overdrive|p2a: Metagross\n|-damage|p2a: Metagross|66/256\n|move|p2a: Metagross|Heavy Slam|p1a: Toxtricity\n|-damage|p1a: Toxtricity|0 fnt\n|faint|p1a: Toxtricity\n|\n|upkeep\n|\n|t:|1718853292\n|switch|p1a: Mienshao|Mienshao, L83, M|243/243\n|turn|14\n|\n|t:|1718853300\n|move|p1a: Mienshao|Knock Off|p2a: Metagross\n|-supereffective|p2a: Metagross\n|-damage|p2a: Metagross|0 fnt\n|-enditem|p2a: Metagross|Weakness Policy|[from] move: Knock Off|[of] p1a: Mienshao\n|faint|p2a: Metagross\n|\n|upkeep\n|\n|t:|1718853309\n|switch|p2a: Electivire|Electivire, L84, M|247/263\n|turn|15\n|\n|t:|1718853313\n|switch|p1a: Hippowdon|Hippowdon, L82, M|311/311\n|-weather|Sandstorm|[from] ability: Sand Stream|[of] p1a: Hippowdon\n|move|p2a: Electivire|Bulk Up|p2a: Electivire\n|-boost|p2a: Electivire|atk|1\n|-boost|p2a: Electivire|def|1\n|\n|-weather|Sandstorm|[upkeep]\n|-damage|p2a: Electivire|231/263|[from] Sandstorm\n|upkeep\n|turn|16\n|\n|t:|1718853328\n|move|p2a: Electivire|Ice Punch|p1a: Hippowdon\n|-supereffective|p1a: Hippowdon\n|-damage|p1a: Hippowdon|113/311\n|-damage|p2a: Electivire|188/263|[from] item: Rocky Helmet|[of] p1a: Hippowdon\n|-damage|p2a: Electivire|162/263|[from] item: Life Orb\n|move|p1a: Hippowdon|Earthquake|p2a: Electivire\n|-supereffective|p2a: Electivire\n|-damage|p2a: Electivire|0 fnt\n|faint|p2a: Electivire\n|\n|-weather|Sandstorm|[upkeep]\n|upkeep\n|\n|t:|1718853337\n|switch|p2a: Exeggutor|Exeggutor-Alola, L89, M|127/314\n|-item|p1a: Hippowdon|Rocky Helmet|[from] ability: Frisk|[of] p2a: Exeggutor|[identify]\n|turn|17\n|\n|t:|1718853342\n|move|p2a: Exeggutor|Giga Drain|p1a: Hippowdon\n|-supereffective|p1a: Hippowdon\n|-damage|p1a: Hippowdon|0 fnt\n|-heal|p2a: Exeggutor|184/314|[from] drain|[of] p1a: Hippowdon\n|faint|p1a: Hippowdon\n|\n|-weather|Sandstorm|[upkeep]\n|-damage|p2a: Exeggutor|165/314|[from] Sandstorm\n|upkeep\n|\n|t:|1718853343\n|switch|p1a: Scyther|Scyther, L82, M|249/249\n|turn|18\n|\n|t:|1718853354\n|switch|p2a: Iron Bundle|Iron Bundle, L77|213/213\n|move|p1a: Scyther|Dual Wingbeat|p2a: Iron Bundle\n|-damage|p2a: Iron Bundle|153/213\n|-damage|p2a: Iron Bundle|87/213\n|-hitcount|p2a: Iron Bundle|2\n|\n|-weather|Sandstorm|[upkeep]\n|-damage|p2a: Iron Bundle|74/213|[from] Sandstorm\n|-damage|p1a: Scyther|234/249|[from] Sandstorm\n|upkeep\n|turn|19\n|\n|t:|1718853369\n|-terastallize|p2a: Iron Bundle|Ice\n|move|p2a: Iron Bundle|Ice Beam|p1a: Scyther\n|-supereffective|p1a: Scyther\n|-damage|p1a: Scyther|0 fnt\n|faint|p1a: Scyther\n|\n|-weather|none\n|upkeep\n|\n|t:|1718853372\n|switch|p1a: Mienshao|Mienshao, L83, M|243/243\n|turn|20\n|\n|t:|1718853388\n|-end|p2a: Iron Bundle|Quark Drive|[silent]\n|switch|p2a: Seviper|Seviper, L93, M|79/287\n|move|p1a: Mienshao|High Jump Kick|p2a: Seviper\n|-resisted|p2a: Seviper\n|-damage|p2a: Seviper|0 fnt\n|faint|p2a: Seviper\n|\n|upkeep\n|inactive|RandomBattler231 has 120 seconds left.\n|\n|t:|1718853415\n|switch|p2a: Exeggutor|Exeggutor-Alola, L89, M|165/314\n|-item|p1a: Mienshao|Choice Band|[from] ability: Frisk|[of] p2a: Exeggutor|[identify]\n|turn|21\n|\n|t:|1718853419\n|move|p1a: Mienshao|High Jump Kick|p2a: Exeggutor\n|-damage|p2a: Exeggutor|0 fnt\n|faint|p2a: Exeggutor\n|\n|upkeep\n|\n|t:|1718853422\n|switch|p2a: Iron Bundle|Iron Bundle, L77, tera:Ice|74/213\n|turn|22\n|\n|t:|1718853424\n|move|p2a: Iron Bundle|Ice Beam|p1a: Mienshao\n|-crit|p1a: Mienshao\n|-damage|p1a: Mienshao|0 fnt\n|faint|p1a: Mienshao\n|\n|win|RandomBattler231\n|raw|daddyntheboy's rating: 2241 &rarr; <strong>2225</strong><br />(-16 for losing)\n|raw|RandomBattler231's rating: 2320 &rarr; <strong>2336</strong><br />(+16 for winning)\n|l|\u2606daddyntheboy\n|player|p1|\n|l|\u2606RandomBattler231\n|player|p2|\n", "inputlog": ">version 8819e60f9a01cede7471b534a2fb53a3a85674fc\n>start {\"formatid\":\"gen9randombattle\",\"seed\":[25627,50524,45625,39591],\"rated\":\"Rated battle\"}\n>player p1 {\"name\":\"daddyntheboy\",\"avatar\":\"pokefan-gen4\",\"rating\":2241,\"seed\":[34055,31575,62810,57156]}\n>player p2 {\"name\":\"RandomBattler231\",\"avatar\":\"janitor\",\"rating\":2320,\"seed\":[14323,28673,13465,20158]}\n>p1 switch 4\n>p2 move bulkup\n>p1 move earthquake\n>p2 switch 5\n>p1 switch 4\n>p2 move leafstorm\n>p1 move moonblast\n>p2 switch 3\n>p1 switch 3\n>p2 move swordsdance\n>p1 move crunch\n>p2 move trailblaze\n>p1 move crunch\n>p2 move gunkshot\n>p1 switch 4\n>p1 move earthquake\n>p2 switch 3\n>p1 switch 3\n>p2 move leafstorm\n>p1 switch 5\n>p1 move shiftgear\n>p2 switch 2\n>p1 move boomburst terastallize\n>p2 move earthquake\n>p1 move boomburst\n>p2 move thunderwave\n>p2 switch 4\n>p1 move overdrive\n>p2 move heavyslam\n>p1 switch 6\n>p1 move knockoff\n>p2 move heavyslam\n>p2 switch 5\n>p1 switch 3\n>p2 move bulkup\n>p1 move earthquake\n>p2 move icepunch\n>p2 switch 2\n>p1 move earthquake\n>p2 move gigadrain\n>p1 switch 2\n>p1 move dualwingbeat\n>p2 switch 6\n>p1 move closecombat\n>p2 move icebeam terastallize\n>p1 switch 3\n>p1 move highjumpkick\n>p2 switch 3\n>p2 switch 6\n>p1 move highjumpkick\n>p2 move leafstorm\n>p2 switch 3\n>p1 move highjumpkick\n>p2 move icebeam", "uploadtime": 1718853496, "views": 171, "formatid": "gen9randombattle", "rating": 2225, "private": 0, "password": null}