{"id": "gen9randombattle-2113458574", "format": "[Gen 9] Random Battle", "players": ["Piyush21", "pokeblade\u2606101"], "log": "|badge|p1|silver|gen9randombattle|30-1\n|html|<div class=\"broadcast-red\"><strong>This battle is required to be public due to one or more player having a season medal.</strong><br />During the public phase, you can discuss the state of the ladder <a href=\"/seasondiscussion\">in a special chatroom.</a></div>\n|uhtml|medal-msg|<div class=\"broadcast-blue\">Curious what those medals under the avatar are? PS now has Ladder Seasons! For more information, check out the <a href=\"https://www.smogon.com/forums/threads/3740067/\">thread on Smogon.</a></div>\n|badge|p2|gold|gen9randombattle|3-1\n|uhtml|medal-msg|<div class=\"broadcast-blue\">Curious what those medals under the avatar are? PS now has Ladder Seasons! For more information, check out the <a href=\"https://www.smogon.com/forums/threads/3740067/\">thread on Smogon.</a></div>\n|raw|<div class=\"broadcast-blue\"><strong>This battle is required to be public due to a player having a name starting with 'medal'.</div>\n|j|\u2606Piyush21\n|j|\u2606pokeblade\u2606101\n|t:|1714326367\n|gametype|singles\n|player|p1|Piyush21|#ouplviivaliants|2458\n|player|p2|pokeblade\u2606101|#rbtt7teamchiyu|2530\n|teamsize|p1|6\n|teamsize|p2|6\n|gen|9\n|tier|[Gen 9] Random Battle\n|rated|\n|rule|Species Clause: Limit one of each Pok\u00e9mon\n|rule|HP Percentage Mod: HP is shown in percentages\n|rule|Sleep Clause Mod: Limit one foe put to sleep\n|rule|Illusion Level Mod: Illusion disguises the Pok\u00e9mon's true level\n|\n|t:|1714326367\n|start\n|switch|p1a: Decidueye|Decidueye-Hisui, L88, F|298/298\n|switch|p2a: Scyther|Scyther, L82, F|249/249\n|turn|1\n|inactive|Battle timer is ON: inactive players will automatically lose when time's up. (requested by Piyush21)\n|c|\u2606Piyush21|nice snipe\n|j|+Aqua\n|c|\u2606pokeblade\u2606101|why are u in two games at once\n|j| EDEYGETINTHEPAINT\n|\n|t:|1714326388\n|switch|p1a: Beartic|Beartic, L90, M|317/317\n|move|p2a: Scyther|Dual Wingbeat|p1a: Beartic\n|-damage|p1a: Beartic|244/317\n|-damage|p1a: Beartic|172/317\n|-hitcount|p1a: Beartic|2\n|\n|upkeep\n|turn|2\n|c|\u2606pokeblade\u2606101|oh i see now\n|c|\u2606pokeblade\u2606101|yeah i was just searching before\n|inactive|pokeblade\u2606101 has 120 seconds left.\n|\n|t:|1714326432\n|-terastallize|p1a: Beartic|Fighting\n|move|p2a: Scyther|Close Combat|p1a: Beartic\n|-damage|p1a: Beartic|90/317\n|-unboost|p2a: Scyther|def|1\n|-unboost|p2a: Scyther|spd|1\n|move|p1a: Beartic|Icicle Crash|p2a: Scyther\n|-supereffective|p2a: Scyther\n|-damage|p2a: Scyther|0 fnt\n|faint|p2a: Scyther\n|\n|upkeep\n|\n|t:|1714326437\n|switch|p2a: Lokix|Lokix, L82, F|251/251\n|turn|3\n|\n|t:|1714326444\n|move|p2a: Lokix|Knock Off|p1a: Beartic\n|-resisted|p1a: Beartic\n|-damage|p1a: Beartic|0 fnt\n|-enditem|p1a: Beartic|Heavy-Duty Boots|[from] move: Knock Off|[of] p2a: Lokix\n|faint|p1a: Beartic\n|\n|upkeep\n|\n|t:|1714326455\n|switch|p1a: Decidueye|Decidueye-Hisui, L88, F|298/298\n|turn|4\n|\n|t:|1714326463\n|move|p2a: Lokix|U-turn|p1a: Decidueye\n|-damage|p1a: Decidueye|213/298\n|\n|t:|1714326465\n|switch|p2a: Hypno|Hypno, L95, F|315/315|[from] U-turn\n|move|p1a: Decidueye|Triple Arrows|p2a: Hypno\n|-resisted|p2a: Hypno\n|-damage|p2a: Hypno|253/315\n|\n|-heal|p2a: Hypno|272/315|[from] item: Leftovers\n|-heal|p1a: Decidueye|231/298|[from] item: Leftovers\n|upkeep\n|turn|5\n|\n|t:|1714326471\n|move|p2a: Hypno|Knock Off|p1a: Decidueye\n|-resisted|p1a: Decidueye\n|-damage|p1a: Decidueye|192/298\n|-enditem|p1a: Decidueye|Leftovers|[from] move: Knock Off|[of] p2a: Hypno\n|move|p1a: Decidueye|U-turn|p2a: Hypno\n|-supereffective|p2a: Hypno\n|-damage|p2a: Hypno|152/315\n|j| Atamabasenju\n|\n|t:|1714326477\n|switch|p1a: Leafeon|Leafeon, L88, M|258/258|[from] U-turn\n|\n|-heal|p2a: Hypno|171/315|[from] item: Leftovers\n|upkeep\n|turn|6\n|\n|t:|1714326481\n|switch|p2a: Toucannon|Toucannon, L88, F|284/284\n|move|p1a: Leafeon|Knock Off|p2a: Toucannon\n|-damage|p2a: Toucannon|195/284\n|-enditem|p2a: Toucannon|Heavy-Duty Boots|[from] move: Knock Off|[of] p1a: Leafeon\n|\n|upkeep\n|turn|7\n|\n|t:|1714326487\n|switch|p1a: Raichu|Raichu-Alola, L87, M|246/246\n|move|p2a: Toucannon|Boomburst|p1a: Raichu\n|-damage|p1a: Raichu|114/246\n|\n|upkeep\n|turn|8\n|\n|t:|1714326498\n|switch|p2a: Serperior|Serperior, L80, M|251/251\n|move|p1a: Raichu|Thunderbolt|p2a: Serperior\n|-resisted|p2a: Serperior\n|-damage|p2a: Serperior|187/251\n|-damage|p1a: Raichu|90/246|[from] item: Life Orb\n|\n|upkeep\n|turn|9\n|\n|t:|1714326506\n|move|p1a: Raichu|Psyshock|p2a: Serperior\n|-damage|p2a: Serperior|62/251\n|-damage|p1a: Raichu|66/246|[from] item: Life Orb\n|move|p2a: Serperior|Synthesis|p2a: Serperior\n|-heal|p2a: Serperior|187/251\n|\n|upkeep\n|turn|10\n|\n|t:|1714326511\n|move|p1a: Raichu|Psyshock|p2a: Serperior\n|-damage|p2a: Serperior|80/251\n|-damage|p1a: Raichu|42/246|[from] item: Life Orb\n|move|p2a: Serperior|Synthesis|p2a: Serperior\n|-heal|p2a: Serperior|205/251\n|\n|upkeep\n|turn|11\n|\n|t:|1714326518\n|switch|p2a: Lokix|Lokix, L82, F|251/251\n|move|p1a: Raichu|Nasty Plot|p1a: Raichu\n|-boost|p1a: Raichu|spa|2\n|\n|upkeep\n|turn|12\n|\n|t:|1714326523\n|move|p2a: Lokix|First Impression|p1a: Raichu\n|-supereffective|p1a: Raichu\n|-damage|p1a: Raichu|0 fnt\n|faint|p1a: Raichu\n|\n|upkeep\n|\n|t:|1714326526\n|switch|p1a: Decidueye|Decidueye-Hisui, L88, F|192/298\n|turn|13\n|\n|t:|1714326529\n|move|p2a: Lokix|U-turn|p1a: Decidueye\n|-damage|p1a: Decidueye|110/298\n|\n|t:|1714326531\n|switch|p2a: Hypno|Hypno, L95, F|171/315|[from] U-turn\n|move|p1a: Decidueye|U-turn|p2a: Hypno\n|-supereffective|p2a: Hypno\n|-damage|p2a: Hypno|39/315\n|\n|t:|1714326536\n|switch|p1a: Leafeon|Leafeon, L88, M|258/258|[from] U-turn\n|\n|-heal|p2a: Hypno|58/315|[from] item: Leftovers\n|upkeep\n|turn|14\n|\n|t:|1714326544\n|switch|p2a: Toucannon|Toucannon, L88, F|195/284\n|move|p1a: Leafeon|Knock Off|p2a: Toucannon\n|-damage|p2a: Toucannon|133/284\n|\n|upkeep\n|turn|15\n|\n|t:|1714326566\n|switch|p1a: Cyclizar|Cyclizar, L83, F|252/252\n|move|p2a: Toucannon|Roost|p2a: Toucannon\n|-heal|p2a: Toucannon|275/284\n|-singleturn|p2a: Toucannon|move: Roost\n|\n|upkeep\n|turn|16\n|\n|t:|1714326578\n|-singleturn|p2a: Toucannon|move: Beak Blast\n|move|p1a: Cyclizar|Draco Meteor|p2a: Toucannon\n|-damage|p2a: Toucannon|145/284\n|-unboost|p1a: Cyclizar|spa|2\n|move|p2a: Toucannon|Beak Blast|p1a: Cyclizar\n|-damage|p1a: Cyclizar|92/252\n|\n|upkeep\n|turn|17\n|inactive|pokeblade\u2606101 has 120 seconds left.\n|\n|t:|1714326605\n|switch|p2a: Lokix|Lokix, L82, F|251/251\n|move|p1a: Cyclizar|Taunt|p2a: Lokix\n|-start|p2a: Lokix|move: Taunt\n|\n|upkeep\n|turn|18\n|inactive|pokeblade\u2606101 has 120 seconds left.\n|\n|t:|1714326623\n|switch|p1a: Decidueye|Decidueye-Hisui, L88, F|110/298\n|move|p2a: Lokix|First Impression|p1a: Decidueye\n|-damage|p1a: Decidueye|0 fnt\n|faint|p1a: Decidueye\n|\n|upkeep\n|\n|t:|1714326627\n|switch|p1a: Delphox|Delphox, L84, F|263/263\n|turn|19\n|\n|t:|1714326632\n|switch|p2a: Spiritomb|Spiritomb, L90, F|236/236\n|move|p1a: Delphox|Fire Blast|p2a: Spiritomb\n|-damage|p2a: Spiritomb|127/236\n|\n|upkeep\n|turn|20\n|\n|t:|1714326642\n|switch|p1a: Cyclizar|Cyclizar, L83, F|176/252\n|move|p2a: Spiritomb|Foul Play|p1a: Cyclizar\n|-damage|p1a: Cyclizar|0 fnt\n|faint|p1a: Cyclizar\n|\n|upkeep\n|\n|t:|1714326645\n|switch|p1a: Leafeon|Leafeon, L88, M|258/258\n|turn|21\n|\n|t:|1714326651\n|switch|p2a: Toucannon|Toucannon, L88, F|145/284\n|move|p1a: Leafeon|Knock Off|p2a: Toucannon\n|-damage|p2a: Toucannon|89/284\n|\n|upkeep\n|turn|22\n|\n|t:|1714326659\n|move|p1a: Leafeon|Swords Dance|p1a: Leafeon\n|-boost|p1a: Leafeon|atk|2\n|move|p2a: Toucannon|Roost|p2a: Toucannon\n|-heal|p2a: Toucannon|231/284\n|-singleturn|p2a: Toucannon|move: Roost\n|\n|upkeep\n|turn|23\n|\n|t:|1714326666\n|move|p1a: Leafeon|Swords Dance|p1a: Leafeon\n|-boost|p1a: Leafeon|atk|2\n|move|p2a: Toucannon|Boomburst|p1a: Leafeon\n|-damage|p1a: Leafeon|102/258\n|\n|-heal|p1a: Leafeon|118/258|[from] item: Leftovers\n|upkeep\n|turn|24\n|\n|t:|1714326671\n|-singleturn|p2a: Toucannon|move: Beak Blast\n|move|p1a: Leafeon|Leaf Blade|p2a: Toucannon\n|-resisted|p2a: Toucannon\n|-damage|p2a: Toucannon|48/284\n|-status|p1a: Leafeon|brn\n|move|p2a: Toucannon|Beak Blast|p1a: Leafeon\n|-supereffective|p1a: Leafeon\n|-damage|p1a: Leafeon|0 fnt\n|faint|p1a: Leafeon\n|\n|upkeep\n|\n|t:|1714326673\n|switch|p1a: Delphox|Delphox, L84, F|263/263\n|turn|25\n|\n|t:|1714326677\n|-singleturn|p2a: Toucannon|move: Beak Blast\n|move|p1a: Delphox|Fire Blast|p2a: Toucannon\n|-damage|p2a: Toucannon|0 fnt\n|faint|p2a: Toucannon\n|\n|upkeep\n|j| borida\n|c| borida|in\n|\n|t:|1714326686\n|switch|p2a: Serperior|Serperior, L80, M|205/251\n|turn|26\n|\n|t:|1714326691\n|move|p1a: Delphox|Fire Blast|p2a: Serperior|[miss]\n|-miss|p1a: Delphox|p2a: Serperior\n|move|p2a: Serperior|Knock Off|p1a: Delphox\n|-supereffective|p1a: Delphox\n|-damage|p1a: Delphox|102/263\n|-enditem|p1a: Delphox|Choice Scarf|[from] move: Knock Off|[of] p2a: Serperior\n|-damage|p2a: Serperior|180/251|[from] item: Life Orb\n|\n|upkeep\n|turn|27\n|c|\u2606pokeblade\u2606101|ah it was scarfed rip\n|l| borida\n|\n|t:|1714326701\n|move|p2a: Serperior|Knock Off|p1a: Delphox\n|-supereffective|p1a: Delphox\n|-damage|p1a: Delphox|0 fnt\n|faint|p1a: Delphox\n|-damage|p2a: Serperior|155/251|[from] item: Life Orb\n|\n|win|pokeblade\u2606101\n|raw|Piyush21's rating: 2458 &rarr; <strong>2442</strong><br />(-16 for losing)\n|raw|pokeblade\u2606101's rating: 2530 &rarr; <strong>2546</strong><br />(+16 for winning)\n|l|\u2606Piyush21\n|player|p1|\n|l| EDEYGETINTHEPAINT\n", "inputlog": ">version b84337b8f7878220839aa0c41b4e8e9021e31424\n>start {\"formatid\":\"gen9randombattle\",\"seed\":[39265,57469,45880,24361],\"rated\":\"Rated battle\"}\n>player p1 {\"name\":\"Piyush21\",\"avatar\":\"#ouplviivaliants\",\"rating\":2458,\"seed\":[15301,11575,11675,10351]}\n>player p2 {\"name\":\"pokeblade\u2606101\",\"avatar\":\"#rbtt7teamchiyu\",\"rating\":2530,\"seed\":[50175,46894,58776,9226]}\n>chat \u2606Piyush21|nice snipe\n>chat \u2606pokeblade\u2606101|why are u in two games at once\n>p1 switch 4\n>p2 move dualwingbeat\n>chat \u2606pokeblade\u2606101|oh i see now\n>chat \u2606pokeblade\u2606101|yeah i was just searching before\n>p1 move iciclecrash terastallize\n>p2 move closecombat\n>p2 switch 5\n>p1 move iciclecrash\n>p2 move knockoff\n>p1 switch 4\n>p1 move triplearrows\n>p2 move uturn\n>p2 switch 2\n>p1 move uturn\n>p2 move knockoff\n>p1 switch 5\n>p1 move knockoff\n>p2 switch 4\n>p1 switch 6\n>p2 move boomburst\n>p1 move thunderbolt\n>p2 switch 3\n>p1 move psyshock\n>p2 move synthesis\n>p1 move psyshock\n>p2 move synthesis\n>p1 move nastyplot\n>p2 switch 2\n>p1 move thunderbolt\n>p2 move firstimpression\n>p1 switch 5\n>p1 move uturn\n>p2 move uturn\n>p2 switch 4\n>p1 switch 6\n>p1 move knockoff\n>p2 switch 3\n>p1 switch 3\n>p2 move roost\n>p1 move dracometeor\n>p2 move beakblast\n>p1 move taunt\n>p2 switch 4\n>p1 switch 6\n>p2 move firstimpression\n>p1 switch 2\n>p1 move fireblast\n>p2 switch 6\n>p1 switch 6\n>p2 move foulplay\n>p1 switch 3\n>p1 move knockoff\n>p2 switch 4\n>p1 move swordsdance\n>p2 move roost\n>p1 move swordsdance\n>p2 move boomburst\n>p1 move leafblade\n>p2 move beakblast\n>p1 switch 6\n>p1 move fireblast\n>p2 move beakblast\n>chat  borida|in\n>p2 switch 2\n>p1 move fireblast\n>p2 move knockoff\n>chat \u2606pokeblade\u2606101|ah it was scarfed rip\n>p1 move fireblast\n>p2 move knockoff", "uploadtime": 1714326726, "views": 279, "formatid": "gen9randombattle", "rating": 2442, "private": 0, "password": null}