{"id": "gen9randombattle-2260450135", "format": "[Gen 9] Random Battle", "players": ["DownpourYT", "Shin Rocketeer"], "log": "|j|\u2606DownpourYT\n|j|\u2606Shin Rocketeer\n|t:|1733852774\n|gametype|singles\n|player|p1|DownpourYT|boarder|1478\n|player|p2|Shin Rocketeer|proton|1437\n|teamsize|p1|6\n|teamsize|p2|6\n|gen|9\n|tier|[Gen 9] Random Battle\n|rated|\n|rule|Species Clause: Limit one of each Pok\u00e9mon\n|rule|HP Percentage Mod: HP is shown in percentages\n|rule|Sleep Clause Mod: Limit one foe put to sleep\n|rule|Illusion Level Mod: Illusion disguises the Pok\u00e9mon's true level\n|\n|t:|1733852774\n|start\n|switch|p1a: Noivern|Noivern, L82, F|274/274\n|switch|p2a: Reuniclus|Reuniclus, L88, F|337/337\n|turn|1\n|inactive|Battle timer is ON: inactive players will automatically lose when time's up. (requested by DownpourYT)\n|\n|t:|1733852799\n|move|p1a: Noivern|U-turn|p2a: Reuniclus\n|-supereffective|p2a: Reuniclus\n|-damage|p2a: Reuniclus|255/337\n|\n|t:|1733852802\n|switch|p1a: Lokix|Lokix, L82, M|251/251|[from] U-turn\n|move|p2a: Reuniclus|Focus Blast|p1a: Lokix\n|-damage|p1a: Lokix|26/251\n|\n|upkeep\n|turn|2\n|\n|t:|1733852829\n|switch|p2a: Donphan|Donphan, L84, M|288/288\n|move|p1a: Lokix|First Impression|p2a: Donphan\n|-damage|p2a: Donphan|206/288\n|\n|upkeep\n|turn|3\n|\n|t:|1733852842\n|move|p1a: Lokix|U-turn|p2a: Donphan\n|-damage|p2a: Donphan|140/288\n|\n|t:|1733852847\n|switch|p1a: Azelf|Azelf, L82|257/257|[from] U-turn\n|move|p2a: Donphan|Rapid Spin|p1a: Azelf\n|-damage|p1a: Azelf|201/257\n|-boost|p2a: Donphan|spe|1\n|\n|upkeep\n|turn|4\n|\n|t:|1733852859\n|move|p1a: Azelf|Psyshock|p2a: Donphan\n|-damage|p2a: Donphan|31/288\n|move|p2a: Donphan|Knock Off|p1a: Azelf\n|-supereffective|p1a: Azelf\n|-damage|p1a: Azelf|13/257\n|-enditem|p1a: Azelf|Choice Specs|[from] move: Knock Off|[of] p2a: Donphan\n|\n|upkeep\n|turn|5\n|\n|t:|1733852867\n|switch|p2a: Reuniclus|Reuniclus, L88, F|255/337\n|move|p1a: Azelf|Psyshock|p2a: Reuniclus\n|-resisted|p2a: Reuniclus\n|-damage|p2a: Reuniclus|203/337\n|\n|upkeep\n|turn|6\n|\n|t:|1733852880\n|move|p1a: Azelf|U-turn|p2a: Reuniclus\n|-supereffective|p2a: Reuniclus\n|-damage|p2a: Reuniclus|87/337\n|inactive|DownpourYT has 120 seconds left.\n|\n|t:|1733852913\n|switch|p1a: Wugtrio|Wugtrio, L91, M|212/212|[from] U-turn\n|move|p2a: Reuniclus|Recover|p2a: Reuniclus\n|-heal|p2a: Reuniclus|256/337\n|\n|upkeep\n|turn|7\n|inactive|DownpourYT has 120 seconds left.\n|\n|t:|1733852921\n|move|p1a: Wugtrio|Throat Chop|p2a: Reuniclus\n|-supereffective|p2a: Reuniclus\n|-damage|p2a: Reuniclus|46/337\n|-start|p2a: Reuniclus|Throat Chop|[silent]\n|move|p2a: Reuniclus|Psychic|p1a: Wugtrio\n|-damage|p1a: Wugtrio|39/212\n|\n|upkeep\n|turn|8\n|\n|t:|1733852938\n|switch|p2a: Appletun|Appletun, L92, F|352/352\n|move|p1a: Wugtrio|Throat Chop|p2a: Appletun\n|-damage|p2a: Appletun|247/352\n|-start|p2a: Appletun|Throat Chop|[silent]\n|\n|-heal|p2a: Appletun|269/352|[from] item: Leftovers\n|upkeep\n|turn|9\n|\n|t:|1733852951\n|switch|p1a: Arceus|Arceus-Poison, L70|284/284\n|move|p2a: Appletun|Leech Seed|p1a: Arceus\n|-start|p1a: Arceus|move: Leech Seed\n|\n|-heal|p2a: Appletun|291/352|[from] item: Leftovers\n|-damage|p1a: Arceus|249/284|[from] Leech Seed|[of] p2a: Appletun\n|-heal|p2a: Appletun|326/352|[silent]\n|-end|p2a: Appletun|Throat Chop|[silent]\n|upkeep\n|turn|10\n|\n|t:|1733852960\n|switch|p2a: Lapras|Lapras, L87, M|367/367\n|move|p1a: Arceus|Gunk Shot|p2a: Lapras\n|-damage|p2a: Lapras|238/367\n|\n|-damage|p1a: Arceus|214/284|[from] Leech Seed|[of] p2a: Lapras\n|-heal|p2a: Lapras|273/367|[silent]\n|upkeep\n|turn|11\n|\n|t:|1733852977\n|switch|p1a: Azelf|Azelf, L82|13/257\n|move|p2a: Lapras|Dragon Dance|p2a: Lapras\n|-boost|p2a: Lapras|atk|1\n|-boost|p2a: Lapras|spe|1\n|\n|upkeep\n|turn|12\n|\n|t:|1733852984\n|move|p1a: Azelf|Psyshock|p2a: Lapras\n|-damage|p2a: Lapras|162/367\n|move|p2a: Lapras|Dragon Dance|p2a: Lapras\n|-boost|p2a: Lapras|atk|1\n|-boost|p2a: Lapras|spe|1\n|\n|upkeep\n|turn|13\n|\n|t:|1733852993\n|move|p2a: Lapras|Waterfall|p1a: Azelf\n|-damage|p1a: Azelf|0 fnt\n|faint|p1a: Azelf\n|\n|upkeep\n|\n|t:|1733852996\n|switch|p1a: Lokix|Lokix, L82, M|26/251\n|turn|14\n|\n|t:|1733853011\n|move|p1a: Lokix|First Impression|p2a: Lapras\n|-damage|p2a: Lapras|48/367\n|move|p2a: Lapras|Icicle Spear|p1a: Lokix\n|-damage|p1a: Lokix|0 fnt\n|faint|p1a: Lokix\n|-hitcount|p1: Lokix|1\n|\n|upkeep\n|\n|t:|1733853016\n|switch|p1a: Entei|Entei, L78|307/307\n|turn|15\n|\n|t:|1733853036\n|move|p1a: Entei|Extreme Speed|p2a: Lapras\n|-damage|p2a: Lapras|0 fnt\n|faint|p2a: Lapras\n|\n|upkeep\n|\n|t:|1733853040\n|switch|p2a: Lycanroc|Lycanroc, L86, M|269/269\n|turn|16\n|\n|t:|1733853054\n|switch|p1a: Arceus|Arceus-Poison, L70|214/284\n|move|p2a: Lycanroc|Stone Edge|p1a: Arceus\n|-damage|p1a: Arceus|72/284\n|-damage|p2a: Lycanroc|243/269|[from] item: Life Orb\n|\n|upkeep\n|turn|17\n|\n|t:|1733853060\n|move|p2a: Lycanroc|Crunch|p1a: Arceus\n|-damage|p1a: Arceus|0 fnt\n|faint|p1a: Arceus\n|-damage|p2a: Lycanroc|217/269|[from] item: Life Orb\n|\n|upkeep\n|\n|t:|1733853066\n|switch|p1a: Wugtrio|Wugtrio, L91, M|39/212\n|turn|18\n|\n|t:|1733853070\n|switch|p2a: Appletun|Appletun, L92, F|326/352\n|move|p1a: Wugtrio|Liquidation|p2a: Appletun\n|-resisted|p2a: Appletun\n|-damage|p2a: Appletun|283/352\n|\n|-heal|p2a: Appletun|305/352|[from] item: Leftovers\n|upkeep\n|turn|19\n|\n|t:|1733853081\n|move|p1a: Wugtrio|Liquidation|p2a: Appletun\n|-resisted|p2a: Appletun\n|-damage|p2a: Appletun|263/352\n|move|p2a: Appletun|Leech Seed|p1a: Wugtrio|[miss]\n|-miss|p2a: Appletun|p1a: Wugtrio\n|\n|-heal|p2a: Appletun|285/352|[from] item: Leftovers\n|upkeep\n|turn|20\n|\n|t:|1733853085\n|move|p1a: Wugtrio|Liquidation|p2a: Appletun\n|-resisted|p2a: Appletun\n|-damage|p2a: Appletun|246/352\n|move|p2a: Appletun|Apple Acid|p1a: Wugtrio\n|-supereffective|p1a: Wugtrio\n|-damage|p1a: Wugtrio|0 fnt\n|faint|p1a: Wugtrio\n|\n|-heal|p2a: Appletun|268/352|[from] item: Leftovers\n|upkeep\n|\n|t:|1733853089\n|switch|p1a: Noivern|Noivern, L82, F|274/274\n|turn|21\n|\n|t:|1733853114\n|-terastallize|p2a: Appletun|Steel\n|move|p1a: Noivern|Draco Meteor|p2a: Appletun|[miss]\n|-miss|p1a: Noivern|p2a: Appletun\n|move|p2a: Appletun|Draco Meteor|p1a: Noivern\n|-supereffective|p1a: Noivern\n|-damage|p1a: Noivern|0 fnt\n|-unboost|p2a: Appletun|spa|2\n|faint|p1a: Noivern\n|\n|-heal|p2a: Appletun|290/352|[from] item: Leftovers\n|upkeep\n|\n|t:|1733853117\n|switch|p1a: Entei|Entei, L78|307/307\n|turn|22\n|\n|t:|1733853135\n|move|p1a: Entei|Stomping Tantrum|p2a: Appletun\n|-supereffective|p2a: Appletun\n|-damage|p2a: Appletun|120/352\n|move|p2a: Appletun|Leech Seed|p1a: Entei\n|-start|p1a: Entei|move: Leech Seed\n|\n|-heal|p2a: Appletun|142/352|[from] item: Leftovers\n|-damage|p1a: Entei|269/307|[from] Leech Seed|[of] p2a: Appletun\n|-heal|p2a: Appletun|180/352|[silent]\n|upkeep\n|turn|23\n|\n|t:|1733853142\n|move|p1a: Entei|Stomping Tantrum|p2a: Appletun\n|-supereffective|p2a: Appletun\n|-damage|p2a: Appletun|34/352\n|move|p2a: Appletun|Recover|p2a: Appletun\n|-heal|p2a: Appletun|210/352\n|\n|-heal|p2a: Appletun|232/352|[from] item: Leftovers\n|-damage|p1a: Entei|231/307|[from] Leech Seed|[of] p2a: Appletun\n|-heal|p2a: Appletun|270/352|[silent]\n|upkeep\n|turn|24\n|l|\u2606DownpourYT\n|inactive|DownpourYT disconnected and has a minute to reconnect!\n|player|p1|\n|inactive|DownpourYT has 30 seconds to reconnect!\n|inactive|DownpourYT has 20 seconds to reconnect!\n|inactive|DownpourYT has 15 seconds to reconnect!\n|inactive|DownpourYT has 10 seconds to reconnect!\n|inactive|DownpourYT has 5 seconds to reconnect!\n|-message|DownpourYT lost due to inactivity.\n|\n|win|Shin Rocketeer\n|raw|DownpourYT's rating: 1478 &rarr; <strong>1456</strong><br />(-22 for losing)\n|raw|Shin Rocketeer's rating: 1437 &rarr; <strong>1459</strong><br />(+22 for winning)\n", "inputlog": ">version bfd83cad13791eb5a5a409923076391caf6fb4d4\n>start {\"formatid\":\"gen9randombattle\",\"seed\":[39671,27698,17679,11855],\"rated\":\"Rated battle\"}\n>player p1 {\"name\":\"DownpourYT\",\"avatar\":\"boarder\",\"rating\":1478,\"seed\":[11711,3095,14148,37149]}\n>player p2 {\"name\":\"Shin Rocketeer\",\"avatar\":\"proton\",\"rating\":1437,\"seed\":[18194,5778,24021,14773]}\n>p1 move uturn\n>p2 move focusblast\n>p1 switch 6\n>p1 move firstimpression\n>p2 switch 5\n>p1 move uturn\n>p2 move rapidspin\n>p1 switch 4\n>p1 move psyshock\n>p2 move knockoff\n>p1 move psyshock\n>p2 switch 5\n>p1 move uturn\n>p2 move recover\n>p1 switch 5\n>p1 move throatchop\n>p2 move psychic\n>p1 move throatchop\n>p2 switch 2\n>p1 switch 2\n>p2 move leechseed\n>p1 move gunkshot\n>p2 switch 3\n>p1 switch 5\n>p2 move dragondance\n>p1 move psyshock\n>p2 move dragondance\n>p1 move psyshock\n>p2 move waterfall\n>p1 switch 4\n>p1 move firstimpression\n>p2 move iciclespear\n>p1 switch 3\n>p1 move extremespeed\n>p2 move waterfall\n>p2 switch 4\n>p1 switch 5\n>p2 move stoneedge\n>p1 move earthquake\n>p2 move crunch\n>p1 switch 2\n>p1 move liquidation\n>p2 switch 3\n>p1 move liquidation\n>p2 move leechseed\n>p1 move liquidation\n>p2 move appleacid\n>p1 switch 6\n>p1 move dracometeor\n>p2 move dracometeor terastallize\n>p1 switch 5\n>p1 move stompingtantrum\n>p2 move leechseed\n>p1 move stompingtantrum\n>p2 move recover\n>forcelose p1", "uploadtime": 1733853233, "views": 1, "formatid": "gen9randombattle", "rating": 1456, "private": 0, "password": null}