{"id": "gen9randombattle-2260379760", "format": "[Gen 9] Random Battle", "players": ["yuyuhayakuyu", "njabhjbufd"], "log": "|j|\u2606yuyuhayakuyu\n|j|\u2606njabhjbufd\n|t:|1733845866\n|gametype|singles\n|player|p1|yuyuhayakuyu|2|1101\n|player|p2|njabhjbufd|266|1113\n|teamsize|p1|6\n|teamsize|p2|6\n|gen|9\n|tier|[Gen 9] Random Battle\n|rated|\n|rule|Species Clause: Limit one of each Pok\u00e9mon\n|rule|HP Percentage Mod: HP is shown in percentages\n|rule|Sleep Clause Mod: Limit one foe put to sleep\n|rule|Illusion Level Mod: Illusion disguises the Pok\u00e9mon's true level\n|\n|t:|1733845866\n|start\n|switch|p1a: Yanmega|Yanmega, L82, M|275/275\n|switch|p2a: Scrafty|Scrafty, L84, F|246/246\n|turn|1\n|inactive|Battle timer is ON: inactive players will automatically lose when time's up. (requested by yuyuhayakuyu)\n|\n|t:|1733845881\n|-terastallize|p2a: Scrafty|Poison\n|move|p1a: Yanmega|Bug Buzz|p2a: Scrafty\n|-resisted|p2a: Scrafty\n|-damage|p2a: Scrafty|202/246\n|move|p2a: Scrafty|Bulk Up|p2a: Scrafty\n|-boost|p2a: Scrafty|atk|1\n|-boost|p2a: Scrafty|def|1\n|\n|-heal|p2a: Scrafty|217/246|[from] item: Leftovers\n|-ability|p1a: Yanmega|Speed Boost|boost\n|-boost|p1a: Yanmega|spe|1\n|upkeep\n|turn|2\n|\n|t:|1733845899\n|-terastallize|p1a: Yanmega|Ground\n|move|p1a: Yanmega|Tera Blast|p2a: Scrafty|[anim] Tera Blast Ground\n|-supereffective|p2a: Scrafty\n|-damage|p2a: Scrafty|53/246\n|move|p2a: Scrafty|Knock Off|p1a: Yanmega\n|-damage|p1a: Yanmega|136/275\n|-enditem|p1a: Yanmega|Heavy-Duty Boots|[from] move: Knock Off|[of] p2a: Scrafty\n|\n|-heal|p2a: Scrafty|68/246|[from] item: Leftovers\n|-ability|p1a: Yanmega|Speed Boost|boost\n|-boost|p1a: Yanmega|spe|1\n|upkeep\n|turn|3\n|\n|t:|1733845919\n|switch|p2a: Avalugg|Avalugg, L88, M|310/310\n|move|p1a: Yanmega|Tera Blast|p2a: Avalugg|[anim] Tera Blast Ground\n|-damage|p2a: Avalugg|177/310\n|\n|-ability|p1a: Yanmega|Speed Boost|boost\n|-boost|p1a: Yanmega|spe|1\n|upkeep\n|turn|4\n|\n|t:|1733845935\n|switch|p1a: Hariyama|Hariyama, L87, F|392/392\n|move|p2a: Avalugg|Avalanche|p1a: Hariyama\n|-damage|p1a: Hariyama|343/392\n|\n|upkeep\n|turn|5\n|\n|t:|1733845948\n|switch|p2a: Pincurchin|Pincurchin, M|258/258\n|-fieldstart|move: Electric Terrain|[from] ability: Electric Surge|[of] p2a: Pincurchin\n|move|p1a: Hariyama|Knock Off|p2a: Pincurchin\n|-damage|p2a: Pincurchin|194/258\n|-enditem|p2a: Pincurchin|Leftovers|[from] move: Knock Off|[of] p1a: Hariyama\n|\n|upkeep\n|turn|6\n|\n|t:|1733845958\n|switch|p1a: Yanmega|Yanmega, L82, M, tera:Ground|136/275\n|move|p2a: Pincurchin|Scald|p1a: Yanmega\n|-supereffective|p1a: Yanmega\n|-damage|p1a: Yanmega|0 fnt\n|faint|p1a: Yanmega\n|\n|upkeep\n|\n|t:|1733845965\n|switch|p1a: Volcanion|Volcanion, L79|255/255\n|turn|7\n|\n|t:|1733845969\n|move|p1a: Volcanion|Earth Power|p2a: Pincurchin\n|-supereffective|p2a: Pincurchin\n|-damage|p2a: Pincurchin|76/258\n|move|p2a: Pincurchin|Thunderbolt|p1a: Volcanion\n|-supereffective|p1a: Volcanion\n|-damage|p1a: Volcanion|33/255\n|\n|upkeep\n|turn|8\n|\n|t:|1733845976\n|move|p1a: Volcanion|Earth Power|p2a: Pincurchin\n|-supereffective|p2a: Pincurchin\n|-damage|p2a: Pincurchin|0 fnt\n|faint|p2a: Pincurchin\n|\n|upkeep\n|-message|yuyuhayakuyu forfeited.\n|\n|win|njabhjbufd\n|raw|yuyuhayakuyu's rating: 1101 &rarr; <strong>1077</strong><br />(-24 for losing)\n|raw|njabhjbufd's rating: 1113 &rarr; <strong>1137</strong><br />(+24 for winning)\n|l|\u2606yuyuhayakuyu\n|player|p1|\n", "inputlog": ">version bfd83cad13791eb5a5a409923076391caf6fb4d4\n>start {\"formatid\":\"gen9randombattle\",\"seed\":[51243,10204,51524,23664],\"rated\":\"Rated battle\"}\n>player p1 {\"name\":\"yuyuhayakuyu\",\"avatar\":\"2\",\"rating\":1101,\"seed\":[62885,20251,19186,39760]}\n>player p2 {\"name\":\"njabhjbufd\",\"avatar\":\"266\",\"rating\":1113,\"seed\":[32164,22061,37456,35142]}\n>p1 move bugbuzz\n>p2 move bulkup terastallize\n>p1 move terablast terastallize\n>p2 move knockoff\n>p1 move terablast\n>p2 switch 5\n>p1 switch 6\n>p2 move avalanche\n>p1 move knockoff\n>p2 switch 6\n>p1 switch 6\n>p2 move scald\n>p1 switch 4\n>p1 move earthpower\n>p2 move thunderbolt\n>p1 move earthpower\n>p2 move thunderbolt\n>forcelose p1", "uploadtime": 1733845982, "views": 1, "formatid": "gen9randombattle", "rating": 1077, "private": 0, "password": null}