{"id": "gen9randombattle-2260867927", "format": "[Gen 9] Random Battle", "players": ["l242", "gabssba"], "log": "|j|\u2606l242\n|j|\u2606gabssba\n|t:|1733907449\n|gametype|singles\n|player|p1|l242|janitor|1313\n|player|p2|gabssba|dancer|1325\n|teamsize|p1|6\n|teamsize|p2|6\n|gen|9\n|tier|[Gen 9] Random Battle\n|rated|\n|rule|Species Clause: Limit one of each Pok\u00e9mon\n|rule|HP Percentage Mod: HP is shown in percentages\n|rule|Sleep Clause Mod: Limit one foe put to sleep\n|rule|Illusion Level Mod: Illusion disguises the Pok\u00e9mon's true level\n|\n|t:|1733907449\n|start\n|switch|p1a: Noivern|Noivern, L82, F|274/274\n|switch|p2a: Granbull|Granbull, L88, M|302/302\n|-ability|p2a: Granbull|Intimidate|boost\n|-unboost|p1a: Noivern|atk|1\n|turn|1\n|inactive|Battle timer is ON: inactive players will automatically lose when time's up. (requested by gabssba)\n|\n|t:|1733907464\n|switch|p1a: Magnezone|Magnezone, L85|258/258\n|move|p2a: Granbull|Thunder Wave|p1a: Magnezone\n|-immune|p1a: Magnezone\n|\n|upkeep\n|turn|2\n|\n|t:|1733907473\n|move|p1a: Magnezone|Iron Defense|p1a: Magnezone\n|-boost|p1a: Magnezone|def|2\n|move|p2a: Granbull|Earthquake|p1a: Magnezone\n|-supereffective|p1a: Magnezone\n|-damage|p1a: Magnezone|118/258\n|\n|-heal|p1a: Magnezone|134/258|[from] item: Leftovers\n|upkeep\n|turn|3\n|\n|t:|1733907486\n|-terastallize|p2a: Granbull|Ground\n|move|p1a: Magnezone|Flash Cannon|p2a: Granbull\n|-damage|p2a: Granbull|175/302\n|move|p2a: Granbull|Earthquake|p1a: Magnezone\n|-supereffective|p1a: Magnezone\n|-damage|p1a: Magnezone|0 fnt\n|faint|p1a: Magnezone\n|\n|-heal|p2a: Granbull|193/302|[from] item: Leftovers\n|upkeep\n|\n|t:|1733907512\n|switch|p1a: Glastrier|Glastrier, L86|312/312\n|turn|4\n|\n|t:|1733907517\n|move|p2a: Granbull|Thunder Wave|p1a: Glastrier\n|-status|p1a: Glastrier|par\n|move|p1a: Glastrier|Icicle Crash|p2a: Granbull\n|-supereffective|p2a: Granbull\n|-damage|p2a: Granbull|0 fnt\n|faint|p2a: Granbull\n|-ability|p1a: Glastrier|Chilling Neigh|boost\n|-boost|p1a: Glastrier|atk|1\n|\n|upkeep\n|\n|t:|1733907528\n|switch|p2a: Quaquaval|Quaquaval, L79, M|264/264\n|turn|5\n|\n|t:|1733907541\n|move|p2a: Quaquaval|Swords Dance|p2a: Quaquaval\n|-boost|p2a: Quaquaval|atk|2\n|move|p1a: Glastrier|Close Combat|p2a: Quaquaval\n|-damage|p2a: Quaquaval|47/264\n|-unboost|p1a: Glastrier|def|1\n|-unboost|p1a: Glastrier|spd|1\n|\n|upkeep\n|turn|6\n|\n|t:|1733907550\n|move|p2a: Quaquaval|Close Combat|p1a: Glastrier\n|-supereffective|p1a: Glastrier\n|-damage|p1a: Glastrier|0 fnt\n|-unboost|p2a: Quaquaval|def|1\n|-unboost|p2a: Quaquaval|spd|1\n|faint|p1a: Glastrier\n|-ability|p2a: Quaquaval|Moxie|boost\n|-boost|p2a: Quaquaval|atk|1\n|-damage|p2a: Quaquaval|21/264|[from] item: Life Orb\n|\n|upkeep\n|\n|t:|1733907561\n|switch|p1a: Gardevoir|Gardevoir, L83, M|249/249\n|-ability|p1a: Gardevoir|Moxie|[from] ability: Trace|[of] p2a: Quaquaval\n|turn|7\n|\n|t:|1733907568\n|move|p1a: Gardevoir|Psyshock|p2a: Quaquaval\n|-supereffective|p2a: Quaquaval\n|-damage|p2a: Quaquaval|0 fnt\n|faint|p2a: Quaquaval\n|-ability|p1a: Gardevoir|Moxie|boost\n|-boost|p1a: Gardevoir|atk|1\n|\n|upkeep\n|\n|t:|1733907579\n|switch|p2a: Gardevoir|Gardevoir, L83, F|249/249\n|-ability|p2a: Gardevoir|Moxie|[from] ability: Trace|[of] p1a: Gardevoir\n|turn|8\n|\n|t:|1733907588\n|move|p2a: Gardevoir|Trick|p1a: Gardevoir\n|-activate|p2a: Gardevoir|move: Trick|[of] p1a: Gardevoir\n|-item|p1a: Gardevoir|Choice Scarf|[from] move: Trick\n|-item|p2a: Gardevoir|Choice Scarf|[from] move: Trick\n|move|p1a: Gardevoir|Psyshock|p2a: Gardevoir\n|-resisted|p2a: Gardevoir\n|-damage|p2a: Gardevoir|183/249\n|\n|upkeep\n|turn|9\n|\n|t:|1733907607\n|switch|p2a: Iron Jugulis|Iron Jugulis, L78|275/275\n|move|p1a: Gardevoir|Psyshock|p2a: Iron Jugulis\n|-immune|p2a: Iron Jugulis\n|\n|upkeep\n|turn|10\n|\n|t:|1733907617\n|switch|p1a: Goodra|Goodra, L85, M|292/292\n|move|p2a: Iron Jugulis|Fire Blast|p1a: Goodra\n|-resisted|p1a: Goodra\n|-damage|p1a: Goodra|265/292\n|-status|p1a: Goodra|brn\n|\n|-damage|p1a: Goodra|247/292 brn|[from] brn\n|upkeep\n|turn|11\n|\n|t:|1733907627\n|-end|p2a: Iron Jugulis|Quark Drive|[silent]\n|switch|p2a: Gardevoir|Gardevoir, L83, F|183/249\n|-ability|p2a: Gardevoir|Sap Sipper|[from] ability: Trace|[of] p1a: Goodra\n|move|p1a: Goodra|Draco Meteor|p2a: Gardevoir\n|-immune|p2a: Gardevoir\n|\n|-damage|p1a: Goodra|229/292 brn|[from] brn\n|upkeep\n|turn|12\n|\n|t:|1733907639\n|move|p2a: Gardevoir|Trick|p1a: Goodra\n|-activate|p2a: Gardevoir|move: Trick|[of] p1a: Goodra\n|-item|p1a: Goodra|Choice Scarf|[from] move: Trick\n|-item|p2a: Gardevoir|Assault Vest|[from] move: Trick\n|move|p1a: Goodra|Sludge Bomb|p2a: Gardevoir\n|-supereffective|p2a: Gardevoir\n|-damage|p2a: Gardevoir|99/249\n|\n|-damage|p1a: Goodra|211/292 brn|[from] brn\n|upkeep\n|turn|13\n|\n|t:|1733907647\n|move|p1a: Goodra|Sludge Bomb|p2a: Gardevoir\n|-supereffective|p2a: Gardevoir\n|-damage|p2a: Gardevoir|19/249\n|move|p2a: Gardevoir|Moonblast|p1a: Goodra\n|-supereffective|p1a: Goodra\n|-damage|p1a: Goodra|49/292 brn\n|-unboost|p1a: Goodra|spa|1\n|\n|-damage|p1a: Goodra|31/292 brn|[from] brn\n|upkeep\n|turn|14\n|\n|t:|1733907656\n|switch|p2a: Mismagius|Mismagius, L86, M|243/243\n|move|p1a: Goodra|Sludge Bomb|p2a: Mismagius\n|-resisted|p2a: Mismagius\n|-damage|p2a: Mismagius|223/243\n|\n|-heal|p2a: Mismagius|238/243|[from] item: Leftovers\n|-damage|p1a: Goodra|13/292 brn|[from] brn\n|upkeep\n|turn|15\n|\n|t:|1733907665\n|move|p1a: Goodra|Sludge Bomb|p2a: Mismagius\n|-resisted|p2a: Mismagius\n|-damage|p2a: Mismagius|218/243\n|move|p2a: Mismagius|Substitute|p2a: Mismagius\n|-start|p2a: Mismagius|Substitute\n|-damage|p2a: Mismagius|158/243\n|\n|-heal|p2a: Mismagius|173/243|[from] item: Leftovers\n|-damage|p1a: Goodra|0 fnt|[from] brn\n|faint|p1a: Goodra\n|upkeep\n|\n|t:|1733907675\n|switch|p1a: Gardevoir|Gardevoir, L83, M|249/249\n|-ability|p1a: Gardevoir|Levitate|[from] ability: Trace|[of] p2a: Mismagius\n|turn|16\n|\n|t:|1733907684\n|move|p1a: Gardevoir|Psyshock|p2a: Mismagius\n|-crit|p2a: Mismagius\n|-end|p2a: Mismagius|Substitute\n|move|p2a: Mismagius|Nasty Plot|p2a: Mismagius\n|-boost|p2a: Mismagius|spa|2\n|\n|-heal|p2a: Mismagius|188/243|[from] item: Leftovers\n|upkeep\n|turn|17\n|\n|t:|1733907693\n|move|p1a: Gardevoir|Psyshock|p2a: Mismagius\n|-damage|p2a: Mismagius|50/243\n|move|p2a: Mismagius|Shadow Ball|p1a: Gardevoir\n|-supereffective|p1a: Gardevoir\n|-damage|p1a: Gardevoir|0 fnt\n|faint|p1a: Gardevoir\n|\n|-heal|p2a: Mismagius|65/243|[from] item: Leftovers\n|upkeep\n|\n|t:|1733907701\n|switch|p1a: Noivern|Noivern, L82, F|274/274\n|turn|18\n|\n|t:|1733907707\n|move|p1a: Noivern|Flamethrower|p2a: Mismagius\n|-damage|p2a: Mismagius|13/243\n|-status|p2a: Mismagius|brn\n|move|p2a: Mismagius|Shadow Ball|p1a: Noivern\n|-damage|p1a: Noivern|76/274\n|\n|-heal|p2a: Mismagius|28/243 brn|[from] item: Leftovers\n|-damage|p2a: Mismagius|13/243 brn|[from] brn\n|upkeep\n|turn|19\n|\n|t:|1733907713\n|move|p1a: Noivern|Flamethrower|p2a: Mismagius\n|-damage|p2a: Mismagius|0 fnt\n|faint|p2a: Mismagius\n|\n|upkeep\n|\n|t:|1733907718\n|switch|p2a: Gardevoir|Gardevoir, L83, F|19/249\n|-ability|p2a: Gardevoir|Infiltrator|[from] ability: Trace|[of] p1a: Noivern\n|turn|20\n|\n|t:|1733907723\n|move|p1a: Noivern|Flamethrower|p2a: Gardevoir\n|-damage|p2a: Gardevoir|0 fnt\n|faint|p2a: Gardevoir\n|\n|upkeep\n|\n|t:|1733907727\n|switch|p2a: Iron Jugulis|Iron Jugulis, L78|275/275\n|turn|21\n|\n|t:|1733907732\n|move|p1a: Noivern|Draco Meteor|p2a: Iron Jugulis\n|-damage|p2a: Iron Jugulis|133/275\n|-unboost|p1a: Noivern|spa|2\n|move|p2a: Iron Jugulis|Dark Pulse|p1a: Noivern\n|-damage|p1a: Noivern|0 fnt\n|faint|p1a: Noivern\n|\n|upkeep\n|\n|t:|1733907737\n|switch|p1a: Minior|Minior-Yellow, L79|224/224\n|-formechange|p1a: Minior|Minior-Meteor||[from] ability: Shields Down\n|turn|22\n|\n|t:|1733907745\n|move|p2a: Iron Jugulis|Dark Pulse|p1a: Minior\n|-damage|p1a: Minior|106/224\n|move|p1a: Minior|Shell Smash|p1a: Minior\n|-unboost|p1a: Minior|def|1\n|-unboost|p1a: Minior|spd|1\n|-boost|p1a: Minior|atk|2\n|-boost|p1a: Minior|spa|2\n|-boost|p1a: Minior|spe|2\n|-enditem|p1a: Minior|White Herb\n|-clearnegativeboost|p1a: Minior|[silent]\n|\n|-formechange|p1a: Minior|Minior-Yellow||[from] ability: Shields Down\n|upkeep\n|turn|23\n|\n|t:|1733907752\n|move|p1a: Minior|Acrobatics|p2a: Iron Jugulis\n|-damage|p2a: Iron Jugulis|0 fnt\n|faint|p2a: Iron Jugulis\n|-end|p2a: Iron Jugulis|Quark Drive|[silent]\n|\n|upkeep\n|\n|t:|1733907757\n|switch|p2a: Breloom|Breloom, L82, M|233/233\n|turn|24\n|\n|t:|1733907763\n|-terastallize|p1a: Minior|Ground\n|move|p2a: Breloom|Mach Punch|p1a: Minior\n|-damage|p1a: Minior|0 fnt\n|faint|p1a: Minior\n|-damage|p2a: Breloom|210/233|[from] item: Life Orb\n|\n|win|gabssba\n|raw|l242's rating: 1313 &rarr; <strong>1294</strong><br />(-19 for losing)\n|raw|gabssba's rating: 1325 &rarr; <strong>1344</strong><br />(+19 for winning)\n", "inputlog": ">version bfd83cad13791eb5a5a409923076391caf6fb4d4\n>start {\"formatid\":\"gen9randombattle\",\"seed\":[16428,26287,32825,18422],\"rated\":\"Rated battle\"}\n>player p1 {\"name\":\"l242\",\"avatar\":\"janitor\",\"rating\":1313,\"seed\":[29897,35414,58908,43578]}\n>player p2 {\"name\":\"gabssba\",\"avatar\":\"dancer\",\"rating\":1325,\"seed\":[12705,30228,9587,37649]}\n>p1 switch 2\n>p2 move thunderwave\n>p1 move irondefense\n>p2 move earthquake\n>p1 move flashcannon\n>p2 move earthquake terastallize\n>p1 switch 6\n>p1 move iciclecrash\n>p2 move thunderwave\n>p2 switch 4\n>p1 move closecombat\n>p2 move swordsdance\n>p1 move closecombat\n>p2 move closecombat\n>p1 switch 4\n>p1 move psyshock\n>p2 move aquastep\n>p2 switch 5\n>p1 move psyshock\n>p2 move trick\n>p1 move psyshock\n>p2 switch 3\n>p1 switch 5\n>p2 move fireblast\n>p1 move dracometeor\n>p2 switch 3\n>p1 move sludgebomb\n>p2 move trick\n>p1 move sludgebomb\n>p2 move moonblast\n>p1 move sludgebomb\n>p2 switch 6\n>p1 move sludgebomb\n>p2 move substitute\n>p1 switch 5\n>p1 move psyshock\n>p2 move nastyplot\n>p1 move psyshock\n>p2 move shadowball\n>p1 switch 2\n>p1 move flamethrower\n>p2 move shadowball\n>p1 move flamethrower\n>p2 move shadowball\n>p2 switch 6\n>p1 move flamethrower\n>p2 move moonblast\n>p2 switch 3\n>p1 move dracometeor\n>p2 move darkpulse\n>p1 switch 3\n>p1 move shellsmash\n>p2 move darkpulse\n>p1 move acrobatics\n>p2 move darkpulse\n>p2 switch 2\n>p1 move acrobatics terastallize\n>p2 move machpunch", "uploadtime": 1733907765, "views": 12, "formatid": "gen9randombattle", "rating": 1294, "private": 0, "password": null}