{"id": "gen9randombattle-2260717220", "format": "[Gen 9] Random Battle", "players": ["rahmizzle", "TheLronGiant"], "log": "|j|\u2606rahmizzle\n|j|\u2606TheLronGiant\n|t:|1733882297\n|gametype|singles\n|player|p1|rahmizzle|pilot|1587\n|player|p2|TheLronGiant|pokemonranger|1642\n|teamsize|p1|6\n|teamsize|p2|6\n|gen|9\n|tier|[Gen 9] Random Battle\n|rated|\n|rule|Species Clause: Limit one of each Pok\u00e9mon\n|rule|HP Percentage Mod: HP is shown in percentages\n|rule|Sleep Clause Mod: Limit one foe put to sleep\n|rule|Illusion Level Mod: Illusion disguises the Pok\u00e9mon's true level\n|\n|t:|1733882297\n|start\n|switch|p1a: Scovillain|Scovillain, L91, F|266/266\n|switch|p2a: Gardevoir|Gardevoir, L83, F|249/249\n|-ability|p2a: Gardevoir|Chlorophyll|[from] ability: Trace|[of] p1a: Scovillain\n|turn|1\n|inactive|Battle timer is ON: inactive players will automatically lose when time's up. (requested by TheLronGiant)\n|inactive|rahmizzle also wants the timer to be on.\n|\n|t:|1733882317\n|switch|p2a: Dipplin|Dipplin, L88, M|284/284\n|move|p1a: Scovillain|Leaf Storm|p2a: Dipplin\n|-resisted|p2a: Dipplin\n|-damage|p2a: Dipplin|237/284\n|-unboost|p1a: Scovillain|spa|2\n|\n|upkeep\n|turn|2\n|\n|t:|1733882342\n|switch|p1a: Falinks|Falinks, L84|246/246\n|move|p2a: Dipplin|Giga Drain|p1a: Falinks\n|-damage|p1a: Falinks|141/246\n|-heal|p2a: Dipplin|284/284|[from] drain|[of] p1a: Falinks\n|\n|upkeep\n|turn|3\n|\n|t:|1733882352\n|move|p1a: Falinks|Knock Off|p2a: Dipplin\n|-damage|p2a: Dipplin|239/284\n|-activate|p2a: Dipplin|ability: Sticky Hold\n|-damage|p1a: Falinks|117/246|[from] item: Life Orb\n|move|p2a: Dipplin|Dragon Pulse|p1a: Falinks\n|-damage|p1a: Falinks|0 fnt\n|faint|p1a: Falinks\n|\n|upkeep\n|\n|t:|1733882369\n|switch|p1a: Iron Jugulis|Iron Jugulis, L78|275/275\n|turn|4\n|inactive|TheLronGiant has 120 seconds left.\n|\n|t:|1733882400\n|switch|p2a: Umbreon|Umbreon, L84, M|297/297\n|move|p1a: Iron Jugulis|Hurricane|p2a: Umbreon|[miss]\n|-miss|p1a: Iron Jugulis|p2a: Umbreon\n|\n|upkeep\n|turn|5\n|\n|t:|1733882416\n|-end|p1a: Iron Jugulis|Quark Drive|[silent]\n|switch|p1a: Darkrai|Darkrai, L77|234/234\n|move|p2a: Umbreon|Toxic|p1a: Darkrai\n|-status|p1a: Darkrai|tox\n|\n|-damage|p1a: Darkrai|220/234 tox|[from] psn\n|upkeep\n|turn|6\n|inactive|TheLronGiant has 120 seconds left.\n|\n|t:|1733882454\n|switch|p2a: Dipplin|Dipplin, L88, M|239/284\n|move|p1a: Darkrai|Hypnosis|p2a: Dipplin\n|-status|p2a: Dipplin|slp|[from] move: Hypnosis\n|\n|-damage|p1a: Darkrai|192/234 tox|[from] psn\n|-damage|p2a: Dipplin|204/284 slp|[from] ability: Bad Dreams|[of] p1a: Darkrai\n|upkeep\n|turn|7\n|inactive|TheLronGiant has 90 seconds left.\n|\n|t:|1733882476\n|switch|p2a: Oricorio|Oricorio, L84, M|263/263\n|move|p1a: Darkrai|Nasty Plot|p1a: Darkrai\n|-boost|p1a: Darkrai|spa|2\n|\n|-damage|p1a: Darkrai|150/234 tox|[from] psn\n|upkeep\n|turn|8\n|\n|t:|1733882483\n|move|p1a: Darkrai|Dark Pulse|p2a: Oricorio\n|-damage|p2a: Oricorio|0 fnt\n|faint|p2a: Oricorio\n|-damage|p1a: Darkrai|127/234 tox|[from] item: Life Orb\n|\n|-damage|p1a: Darkrai|71/234 tox|[from] psn\n|upkeep\n|inactive|TheLronGiant has 90 seconds left.\n|\n|t:|1733882499\n|switch|p2a: Umbreon|Umbreon, L84, M|297/297\n|turn|9\n|\n|t:|1733882502\n|switch|p2a: Gardevoir|Gardevoir, L83, F|249/249\n|-ability|p2a: Gardevoir|Bad Dreams|[from] ability: Trace|[of] p1a: Darkrai\n|move|p1a: Darkrai|Sludge Bomb|p2a: Gardevoir\n|-supereffective|p2a: Gardevoir\n|-damage|p2a: Gardevoir|0 fnt\n|faint|p2a: Gardevoir\n|-damage|p1a: Darkrai|48/234 tox|[from] item: Life Orb\n|\n|-damage|p1a: Darkrai|0 fnt|[from] psn\n|faint|p1a: Darkrai\n|upkeep\n|inactive|TheLronGiant has 90 seconds left.\n|inactive|rahmizzle has 120 seconds left.\n|\n|t:|1733882540\n|switch|p1a: Scovillain|Scovillain, L91, F|266/266\n|switch|p2a: Dipplin|Dipplin, L88, M|204/284 slp\n|turn|10\n|inactive|rahmizzle has 120 seconds left.\n|\n|t:|1733882550\n|move|p1a: Scovillain|Overheat|p2a: Dipplin\n|-damage|p2a: Dipplin|14/284 slp\n|-unboost|p1a: Scovillain|spa|2\n|cant|p2a: Dipplin|slp\n|\n|upkeep\n|turn|11\n|inactive|TheLronGiant has 90 seconds left.\n|\n|t:|1733882566\n|switch|p2a: Umbreon|Umbreon, L84, M|297/297\n|move|p1a: Scovillain|Overheat|p2a: Umbreon\n|-damage|p2a: Umbreon|197/297\n|-unboost|p1a: Scovillain|spa|2\n|\n|-heal|p2a: Umbreon|215/297|[from] item: Leftovers\n|upkeep\n|turn|12\n|inactive|TheLronGiant has 90 seconds left.\n|\n|t:|1733882577\n|switch|p1a: Iron Jugulis|Iron Jugulis, L78|275/275\n|move|p2a: Umbreon|Wish|p2a: Umbreon\n|\n|-heal|p2a: Umbreon|233/297|[from] item: Leftovers\n|upkeep\n|turn|13\n|\n|t:|1733882585\n|move|p1a: Iron Jugulis|Hurricane|p2a: Umbreon|[miss]\n|-miss|p1a: Iron Jugulis|p2a: Umbreon\n|move|p2a: Umbreon|Toxic|p1a: Iron Jugulis\n|-status|p1a: Iron Jugulis|tox\n|\n|-heal|p2a: Umbreon|297/297|[from] move: Wish|[wisher] Umbreon\n|-damage|p1a: Iron Jugulis|258/275 tox|[from] psn\n|upkeep\n|turn|14\n|\n|t:|1733882607\n|-end|p1a: Iron Jugulis|Quark Drive|[silent]\n|switch|p1a: Scovillain|Scovillain, L91, F|266/266\n|move|p2a: Umbreon|Wish|p2a: Umbreon\n|\n|upkeep\n|turn|15\n|inactive|TheLronGiant has 90 seconds left.\n|\n|t:|1733882624\n|move|p2a: Umbreon|Protect|p2a: Umbreon\n|-singleturn|p2a: Umbreon|Protect\n|move|p1a: Scovillain|Leaf Storm|p2a: Umbreon\n|-activate|p2a: Umbreon|move: Protect\n|\n|upkeep\n|turn|16\n|\n|t:|1733882632\n|move|p1a: Scovillain|Leaf Storm|p2a: Umbreon\n|-damage|p2a: Umbreon|117/297\n|-unboost|p1a: Scovillain|spa|2\n|move|p2a: Umbreon|Wish|p2a: Umbreon\n|\n|-heal|p2a: Umbreon|135/297|[from] item: Leftovers\n|upkeep\n|turn|17\n|\n|t:|1733882642\n|switch|p1a: Gothitelle|Gothitelle, L90, M|272/272\n|move|p2a: Umbreon|Protect||[still]\n|-fail|p2a: Umbreon\n|\n|-heal|p2a: Umbreon|283/297|[from] move: Wish|[wisher] Umbreon\n|-heal|p2a: Umbreon|297/297|[from] item: Leftovers\n|upkeep\n|turn|18\n|inactive|TheLronGiant has 90 seconds left.\n|inactive|TheLronGiant has 60 seconds left.\n|\n|t:|1733882695\n|-terastallize|p1a: Gothitelle|Dark\n|move|p1a: Gothitelle|Thunder Wave|p2a: Umbreon\n|-status|p2a: Umbreon|par\n|-activate|p2a: Umbreon|ability: Synchronize\n|-status|p1a: Gothitelle|par\n|move|p2a: Umbreon|Toxic||[still]\n|-fail|p2a: Umbreon\n|\n|upkeep\n|turn|19\n|\n|t:|1733882706\n|move|p1a: Gothitelle|Focus Blast|p2a: Umbreon\n|-supereffective|p2a: Umbreon\n|-damage|p2a: Umbreon|159/297 par\n|move|p2a: Umbreon|Foul Play|p1a: Gothitelle\n|-resisted|p1a: Gothitelle\n|-damage|p1a: Gothitelle|251/272 par\n|\n|-heal|p1a: Gothitelle|268/272 par|[from] item: Leftovers\n|-heal|p2a: Umbreon|177/297 par|[from] item: Leftovers\n|upkeep\n|turn|20\n|\n|t:|1733882714\n|move|p1a: Gothitelle|Focus Blast|p2a: Umbreon|[miss]\n|-miss|p1a: Gothitelle|p2a: Umbreon\n|move|p2a: Umbreon|Wish|p2a: Umbreon\n|\n|-heal|p1a: Gothitelle|272/272 par|[from] item: Leftovers\n|-heal|p2a: Umbreon|195/297 par|[from] item: Leftovers\n|upkeep\n|turn|21\n|\n|t:|1733882717\n|cant|p1a: Gothitelle|par\n|cant|p2a: Umbreon|par\n|\n|-heal|p2a: Umbreon|297/297 par|[from] move: Wish|[wisher] Umbreon\n|upkeep\n|turn|22\n|\n|t:|1733882726\n|cant|p2a: Umbreon|par\n|cant|p1a: Gothitelle|par\n|\n|upkeep\n|turn|23\n|\n|t:|1733882730\n|move|p2a: Umbreon|Protect|p2a: Umbreon\n|-singleturn|p2a: Umbreon|Protect\n|move|p1a: Gothitelle|Focus Blast|p2a: Umbreon\n|-activate|p2a: Umbreon|move: Protect\n|\n|upkeep\n|turn|24\n|\n|t:|1733882739\n|cant|p1a: Gothitelle|par\n|cant|p2a: Umbreon|par\n|\n|upkeep\n|turn|25\n|\n|t:|1733882743\n|move|p1a: Gothitelle|Focus Blast|p2a: Umbreon|[miss]\n|-miss|p1a: Gothitelle|p2a: Umbreon\n|move|p2a: Umbreon|Wish|p2a: Umbreon\n|\n|upkeep\n|turn|26\n|\n|t:|1733882746\n|move|p1a: Gothitelle|Focus Blast|p2a: Umbreon\n|-supereffective|p2a: Umbreon\n|-crit|p2a: Umbreon\n|-damage|p2a: Umbreon|81/297 par\n|cant|p2a: Umbreon|par\n|\n|-heal|p2a: Umbreon|229/297 par|[from] move: Wish|[wisher] Umbreon\n|-heal|p2a: Umbreon|247/297 par|[from] item: Leftovers\n|upkeep\n|turn|27\n|\n|t:|1733882754\n|move|p1a: Gothitelle|Focus Blast|p2a: Umbreon\n|-supereffective|p2a: Umbreon\n|-damage|p2a: Umbreon|101/297 par\n|move|p2a: Umbreon|Wish|p2a: Umbreon\n|\n|-heal|p2a: Umbreon|119/297 par|[from] item: Leftovers\n|upkeep\n|turn|28\n|\n|t:|1733882761\n|cant|p2a: Umbreon|par\n|cant|p1a: Gothitelle|par\n|\n|-heal|p2a: Umbreon|267/297 par|[from] move: Wish|[wisher] Umbreon\n|-heal|p2a: Umbreon|285/297 par|[from] item: Leftovers\n|upkeep\n|turn|29\n|\n|t:|1733882769\n|move|p1a: Gothitelle|Focus Blast|p2a: Umbreon\n|-supereffective|p2a: Umbreon\n|-damage|p2a: Umbreon|141/297 par\n|move|p2a: Umbreon|Wish|p2a: Umbreon\n|\n|-heal|p2a: Umbreon|159/297 par|[from] item: Leftovers\n|upkeep\n|turn|30\n|\n|t:|1733882774\n|move|p2a: Umbreon|Protect|p2a: Umbreon\n|-singleturn|p2a: Umbreon|Protect\n|move|p1a: Gothitelle|Focus Blast|p2a: Umbreon\n|-activate|p2a: Umbreon|move: Protect\n|\n|-heal|p2a: Umbreon|297/297 par|[from] move: Wish|[wisher] Umbreon\n|upkeep\n|turn|31\n|\n|t:|1733882795\n|switch|p1a: Iron Jugulis|Iron Jugulis, L78|258/275 tox\n|move|p2a: Umbreon|Toxic|p1a: Iron Jugulis\n|-fail|p1a: Iron Jugulis|tox\n|\n|-damage|p1a: Iron Jugulis|241/275 tox|[from] psn\n|upkeep\n|turn|32\n|\n|t:|1733882803\n|move|p1a: Iron Jugulis|Meteor Beam||[still]\n|-prepare|p1a: Iron Jugulis|Meteor Beam\n|-boost|p1a: Iron Jugulis|spa|1\n|-enditem|p1a: Iron Jugulis|Power Herb\n|-anim|p1a: Iron Jugulis|Meteor Beam|p2a: Umbreon\n|-damage|p2a: Umbreon|198/297 par\n|move|p2a: Umbreon|Wish|p2a: Umbreon\n|\n|-heal|p2a: Umbreon|216/297 par|[from] item: Leftovers\n|-damage|p1a: Iron Jugulis|207/275 tox|[from] psn\n|upkeep\n|turn|33\n|inactive|TheLronGiant has 120 seconds left.\n|\n|t:|1733882837\n|switch|p2a: Dipplin|Dipplin, L88, M|14/284 slp\n|move|p1a: Iron Jugulis|Hurricane|p2a: Dipplin\n|-supereffective|p2a: Dipplin\n|-damage|p2a: Dipplin|0 fnt\n|faint|p2a: Dipplin\n|\n|-damage|p1a: Iron Jugulis|156/275 tox|[from] psn\n|upkeep\n|inactive|TheLronGiant has 120 seconds left.\n|\n|t:|1733882860\n|switch|p2a: Umbreon|Umbreon, L84, M|216/297 par\n|turn|34\n|\n|t:|1733882866\n|-end|p1a: Iron Jugulis|Quark Drive|[silent]\n|switch|p1a: Gothitelle|Gothitelle, L90, M, tera:Dark|272/272 par\n|cant|p2a: Umbreon|par\n|\n|-heal|p2a: Umbreon|234/297 par|[from] item: Leftovers\n|upkeep\n|turn|35\n|inactive|TheLronGiant has 120 seconds left.\n|\n|t:|1733882873\n|move|p1a: Gothitelle|Dark Pulse|p2a: Umbreon\n|-resisted|p2a: Umbreon\n|-damage|p2a: Umbreon|201/297 par\n|move|p2a: Umbreon|Foul Play|p1a: Gothitelle\n|-resisted|p1a: Gothitelle\n|-damage|p1a: Gothitelle|249/272 par\n|\n|-heal|p1a: Gothitelle|266/272 par|[from] item: Leftovers\n|-heal|p2a: Umbreon|219/297 par|[from] item: Leftovers\n|upkeep\n|turn|36\n|inactive|TheLronGiant has 120 seconds left.\n|\n|t:|1733882896\n|move|p1a: Gothitelle|Dark Pulse|p2a: Umbreon\n|-resisted|p2a: Umbreon\n|-damage|p2a: Umbreon|181/297 par\n|move|p2a: Umbreon|Foul Play|p1a: Gothitelle\n|-resisted|p1a: Gothitelle\n|-damage|p1a: Gothitelle|243/272 par\n|\n|-heal|p1a: Gothitelle|260/272 par|[from] item: Leftovers\n|-heal|p2a: Umbreon|199/297 par|[from] item: Leftovers\n|upkeep\n|turn|37\n|\n|t:|1733882902\n|move|p1a: Gothitelle|Dark Pulse|p2a: Umbreon\n|-resisted|p2a: Umbreon\n|-damage|p2a: Umbreon|163/297 par\n|move|p2a: Umbreon|Foul Play|p1a: Gothitelle\n|-resisted|p1a: Gothitelle\n|-damage|p1a: Gothitelle|239/272 par\n|\n|-heal|p1a: Gothitelle|256/272 par|[from] item: Leftovers\n|-heal|p2a: Umbreon|181/297 par|[from] item: Leftovers\n|upkeep\n|turn|38\n|\n|t:|1733882906\n|move|p1a: Gothitelle|Dark Pulse|p2a: Umbreon\n|-resisted|p2a: Umbreon\n|-damage|p2a: Umbreon|146/297 par\n|move|p2a: Umbreon|Foul Play|p1a: Gothitelle\n|-resisted|p1a: Gothitelle\n|-damage|p1a: Gothitelle|235/272 par\n|\n|-heal|p1a: Gothitelle|252/272 par|[from] item: Leftovers\n|-heal|p2a: Umbreon|164/297 par|[from] item: Leftovers\n|upkeep\n|turn|39\n|\n|t:|1733882909\n|move|p1a: Gothitelle|Dark Pulse|p2a: Umbreon\n|-resisted|p2a: Umbreon\n|-damage|p2a: Umbreon|130/297 par\n|move|p2a: Umbreon|Foul Play|p1a: Gothitelle\n|-resisted|p1a: Gothitelle\n|-crit|p1a: Gothitelle\n|-damage|p1a: Gothitelle|217/272 par\n|\n|-heal|p1a: Gothitelle|234/272 par|[from] item: Leftovers\n|-heal|p2a: Umbreon|148/297 par|[from] item: Leftovers\n|upkeep\n|turn|40\n|\n|t:|1733882912\n|move|p1a: Gothitelle|Dark Pulse|p2a: Umbreon\n|-resisted|p2a: Umbreon\n|-damage|p2a: Umbreon|111/297 par\n|move|p2a: Umbreon|Foul Play|p1a: Gothitelle\n|-resisted|p1a: Gothitelle\n|-damage|p1a: Gothitelle|213/272 par\n|\n|-heal|p1a: Gothitelle|230/272 par|[from] item: Leftovers\n|-heal|p2a: Umbreon|129/297 par|[from] item: Leftovers\n|upkeep\n|turn|41\n|\n|t:|1733882917\n|move|p1a: Gothitelle|Dark Pulse|p2a: Umbreon\n|-resisted|p2a: Umbreon\n|-damage|p2a: Umbreon|90/297 par\n|move|p2a: Umbreon|Foul Play|p1a: Gothitelle\n|-resisted|p1a: Gothitelle\n|-crit|p1a: Gothitelle\n|-damage|p1a: Gothitelle|197/272 par\n|\n|-heal|p1a: Gothitelle|214/272 par|[from] item: Leftovers\n|-heal|p2a: Umbreon|108/297 par|[from] item: Leftovers\n|upkeep\n|turn|42\n|\n|t:|1733882928\n|move|p1a: Gothitelle|Dark Pulse|p2a: Umbreon\n|-resisted|p2a: Umbreon\n|-damage|p2a: Umbreon|72/297 par\n|move|p2a: Umbreon|Wish|p2a: Umbreon\n|\n|-heal|p1a: Gothitelle|231/272 par|[from] item: Leftovers\n|-heal|p2a: Umbreon|90/297 par|[from] item: Leftovers\n|upkeep\n|turn|43\n|\n|t:|1733882941\n|switch|p1a: Gengar|Gengar, L81, M|230/230\n|move|p2a: Umbreon|Foul Play|p1a: Gengar\n|-supereffective|p1a: Gengar\n|-damage|p1a: Gengar|90/230\n|\n|-heal|p2a: Umbreon|238/297 par|[from] move: Wish|[wisher] Umbreon\n|-heal|p2a: Umbreon|256/297 par|[from] item: Leftovers\n|upkeep\n|turn|44\n|\n|t:|1733882958\n|move|p1a: Gengar|Trick|p2a: Umbreon\n|-activate|p1a: Gengar|move: Trick|[of] p2a: Umbreon\n|-item|p2a: Umbreon|Choice Specs|[from] move: Trick\n|-item|p1a: Gengar|Leftovers|[from] move: Trick\n|move|p2a: Umbreon|Foul Play|p1a: Gengar\n|-supereffective|p1a: Gengar\n|-damage|p1a: Gengar|0 fnt\n|-start|p2a: Umbreon|Disable|Foul Play|[from] ability: Cursed Body|[of] p1a: Gengar\n|faint|p1a: Gengar\n|\n|upkeep\n|\n|t:|1733882966\n|switch|p1a: Gothitelle|Gothitelle, L90, M, tera:Dark|231/272 par\n|turn|45\n|\n|t:|1733882971\n|cant|p1a: Gothitelle|par\n|-activate|p2a: Umbreon|move: Struggle\n|move|p2a: Umbreon|Struggle|p1a: Gothitelle\n|-damage|p1a: Gothitelle|214/272 par\n|-damage|p2a: Umbreon|182/297 par|[from] recoil\n|\n|-heal|p1a: Gothitelle|231/272 par|[from] item: Leftovers\n|upkeep\n|turn|46\n|\n|t:|1733882977\n|move|p1a: Gothitelle|Thunder Wave|p2a: Umbreon\n|-fail|p2a: Umbreon|par\n|cant|p2a: Umbreon|par\n|\n|-heal|p1a: Gothitelle|248/272 par|[from] item: Leftovers\n|upkeep\n|turn|47\n|\n|t:|1733882989\n|switch|p1a: Scovillain|Scovillain, L91, F|266/266\n|cant|p2a: Umbreon|par\n|\n|-end|p2a: Umbreon|Disable\n|upkeep\n|turn|48\n|\n|t:|1733883012\n|switch|p2a: Orthworm|Orthworm, L88, M|266/266\n|move|p1a: Scovillain|Overheat|p2a: Orthworm\n|-supereffective|p2a: Orthworm\n|-damage|p2a: Orthworm|0 fnt\n|-unboost|p1a: Scovillain|spa|2\n|faint|p2a: Orthworm\n|\n|upkeep\n|\n|t:|1733883018\n|switch|p2a: Ninetales|Ninetales, L85, M|263/263\n|-weather|SunnyDay|[from] ability: Drought|[of] p2a: Ninetales\n|turn|49\n|\n|t:|1733883032\n|switch|p1a: Gothitelle|Gothitelle, L90, M, tera:Dark|248/272 par\n|move|p2a: Ninetales|Nasty Plot|p2a: Ninetales\n|-boost|p2a: Ninetales|spa|2\n|\n|-weather|SunnyDay|[upkeep]\n|-heal|p1a: Gothitelle|265/272 par|[from] item: Leftovers\n|upkeep\n|turn|50\n|\n|t:|1733883036\n|move|p2a: Ninetales|Fire Blast|p1a: Gothitelle\n|-damage|p1a: Gothitelle|0 fnt\n|faint|p1a: Gothitelle\n|\n|-weather|SunnyDay|[upkeep]\n|upkeep\n|\n|t:|1733883043\n|switch|p1a: Scovillain|Scovillain, L91, F|266/266\n|turn|51\n|\n|t:|1733883053\n|move|p1a: Scovillain|Flamethrower|p2a: Ninetales\n|-resisted|p2a: Ninetales\n|-damage|p2a: Ninetales|135/263\n|move|p2a: Ninetales|Fire Blast|p1a: Scovillain\n|-damage|p1a: Scovillain|0 fnt\n|faint|p1a: Scovillain\n|\n|-weather|SunnyDay|[upkeep]\n|upkeep\n|\n|t:|1733883058\n|switch|p1a: Iron Jugulis|Iron Jugulis, L78|156/275 tox\n|turn|52\n|\n|t:|1733883063\n|move|p2a: Ninetales|Fire Blast|p1a: Iron Jugulis\n|-damage|p1a: Iron Jugulis|0 fnt\n|faint|p1a: Iron Jugulis\n|-end|p1a: Iron Jugulis|Quark Drive|[silent]\n|\n|win|TheLronGiant\n|raw|rahmizzle's rating: 1587 &rarr; <strong>1570</strong><br />(-17 for losing)\n|raw|TheLronGiant's rating: 1642 &rarr; <strong>1659</strong><br />(+17 for winning)\n|l|\u2606rahmizzle\n|player|p1|\n|c|\u2606TheLronGiant|Gg\n", "inputlog": ">version bfd83cad13791eb5a5a409923076391caf6fb4d4\n>start {\"formatid\":\"gen9randombattle\",\"seed\":[31892,64223,55460,15007],\"rated\":\"Rated battle\"}\n>player p1 {\"name\":\"rahmizzle\",\"avatar\":\"pilot\",\"rating\":1587,\"seed\":[13639,58234,53426,9785]}\n>player p2 {\"name\":\"TheLronGiant\",\"avatar\":\"pokemonranger\",\"rating\":1642,\"seed\":[60092,63181,28485,42986]}\n>p1 move leafstorm\n>p2 switch 6\n>p1 switch 5\n>p2 move gigadrain\n>p1 move knockoff\n>p2 move dragonpulse\n>p1 switch 3\n>p1 move hurricane\n>p2 switch 5\n>p1 switch 2\n>p2 move toxic\n>p1 move hypnosis\n>p2 switch 5\n>p1 move nastyplot\n>p2 switch 3\n>p1 move darkpulse\n>p2 move quiverdance\n>p2 switch 5\n>p1 move sludgebomb\n>p2 switch 6\n>p1 switch 5\n>p2 switch 3\n>p1 move overheat\n>p2 move recover\n>p1 move overheat\n>p2 switch 6\n>p1 switch 2\n>p2 move wish\n>p1 move hurricane\n>p2 move toxic\n>p1 switch 2\n>p2 move wish\n>p1 move leafstorm\n>p2 move protect\n>p1 move leafstorm\n>p2 move wish\n>p1 switch 4\n>p2 move protect\n>p1 move thunderwave terastallize\n>p2 move toxic\n>p1 move focusblast\n>p2 move foulplay\n>p1 move focusblast\n>p2 move wish\n>p1 move focusblast\n>p2 move foulplay\n>p1 move focusblast\n>p2 move protect\n>p1 move focusblast\n>p2 move protect\n>p1 move focusblast\n>p2 move wish\n>p1 move focusblast\n>p2 move wish\n>p1 move focusblast\n>p2 move foulplay\n>p1 move focusblast\n>p2 move wish\n>p1 move focusblast\n>p2 move protect\n>p1 move focusblast\n>p2 move wish\n>p1 move focusblast\n>p2 move protect\n>p1 switch 2\n>p2 move toxic\n>p1 move meteorbeam\n>p2 move wish\n>p1 move hurricane\n>p2 switch 6\n>p2 switch 6\n>p1 switch 2\n>p2 move toxic\n>p1 move darkpulse\n>p2 move foulplay\n>p1 move darkpulse\n>p2 move foulplay\n>p1 move darkpulse\n>p2 move foulplay\n>p1 move darkpulse\n>p2 move foulplay\n>p1 move darkpulse\n>p2 move foulplay\n>p1 move darkpulse\n>p2 move foulplay\n>p1 move darkpulse\n>p2 move foulplay\n>p1 move darkpulse\n>p2 move wish\n>p1 switch 6\n>p2 move foulplay\n>p1 move trick\n>p2 move foulplay\n>p1 switch 6\n>p1 move thunderwave\n>p2 move struggle\n>p1 move thunderwave\n>p2 move struggle\n>p1 switch 4\n>p2 move struggle\n>p1 move overheat\n>p2 switch 2\n>p2 switch 4\n>p1 switch 4\n>p2 move nastyplot\n>p1 move thunderwave\n>p2 move fireblast\n>p1 switch 4\n>p1 move flamethrower\n>p2 move fireblast\n>p1 switch 2\n>p1 move earthpower\n>p2 move fireblast", "uploadtime": 1733883098, "views": 2, "formatid": "gen9randombattle", "rating": 1570, "private": 0, "password": null}