{"id": "gen9randombattle-2077747060", "format": "[Gen 9] Random Battle", "players": ["Yusei1789", "CasualCynic"], "log": "|j|\u2606Yusei1789\n|j|\u2606CasualCynic\n|t:|1710075381\n|gametype|singles\n|player|p1|Yusei1789|169|2224\n|player|p2|CasualCynic|janitor|2259\n|teamsize|p1|6\n|teamsize|p2|6\n|gen|9\n|tier|[Gen 9] Random Battle\n|rated|\n|rule|Species Clause: Limit one of each Pok\u00e9mon\n|rule|HP Percentage Mod: HP is shown in percentages\n|rule|Sleep Clause Mod: Limit one foe put to sleep\n|rule|Illusion Level Mod: Illusion disguises the Pok\u00e9mon's true level\n|\n|t:|1710075381\n|start\n|switch|p1a: Swalot|Swalot, L90, F|326/326\n|switch|p2a: Trevenant|Trevenant, L88, M|293/293\n|turn|1\n|inactive|Battle timer is ON: inactive players will automatically lose when time's up. (requested by CasualCynic)\n|\n|t:|1710075389\n|switch|p2a: Uxie|Uxie, L83|260/260\n|move|p1a: Swalot|Knock Off|p2a: Uxie\n|-supereffective|p2a: Uxie\n|-damage|p2a: Uxie|166/260\n|-enditem|p2a: Uxie|Leftovers|[from] move: Knock Off|[of] p1a: Swalot\n|\n|upkeep\n|turn|2\n|j| emibaru\n|\n|t:|1710075410\n|switch|p1a: Overqwil|Overqwil, L82, M|274/274\n|-ability|p1a: Overqwil|Intimidate|boost\n|-unboost|p2a: Uxie|atk|1\n|move|p2a: Uxie|Stealth Rock|p1a: Overqwil\n|-sidestart|p1: Yusei1789|move: Stealth Rock\n|\n|upkeep\n|turn|3\n|\n|t:|1710075421\n|switch|p2a: Avalugg|Avalugg, L87, M|307/307\n|move|p1a: Overqwil|Gunk Shot|p2a: Avalugg|[miss]\n|-miss|p1a: Overqwil|p2a: Avalugg\n|\n|upkeep\n|turn|4\n|\n|t:|1710075434\n|switch|p1a: Swanna|Swanna, L88, M|275/275\n|switch|p2a: Politoed|Politoed, L88, M|302/302\n|-weather|RainDance|[from] ability: Drizzle|[of] p2a: Politoed\n|\n|-weather|RainDance|[upkeep]\n|upkeep\n|turn|5\n|\n|t:|1710075453\n|move|p1a: Swanna|Defog|p2a: Politoed\n|-unboost|p2a: Politoed|evasion|1\n|-sideend|p1: Yusei1789|Stealth Rock|[from] move: Defog|[of] p1a: Swanna\n|move|p2a: Politoed|Hydro Pump|p1a: Swanna\n|-resisted|p1a: Swanna\n|-damage|p1a: Swanna|167/275\n|\n|-weather|RainDance|[upkeep]\n|upkeep\n|turn|6\n|\n|t:|1710075466\n|switch|p2a: Uxie|Uxie, L83|166/260\n|move|p1a: Swanna|Hydro Pump|p2a: Uxie\n|-damage|p2a: Uxie|25/260\n|\n|-weather|RainDance|[upkeep]\n|upkeep\n|turn|7\n|\n|t:|1710075474\n|move|p1a: Swanna|Brave Bird|p2a: Uxie\n|-crit|p2a: Uxie\n|-damage|p2a: Uxie|0 fnt\n|faint|p2a: Uxie\n|-damage|p1a: Swanna|159/275|[from] Recoil\n|\n|-weather|RainDance|[upkeep]\n|upkeep\n|\n|t:|1710075490\n|switch|p2a: Chandelure|Chandelure, L83, F|235/235\n|turn|8\n|\n|t:|1710075495\n|-terastallize|p2a: Chandelure|Ghost\n|move|p1a: Swanna|Hydro Pump|p2a: Chandelure\n|-damage|p2a: Chandelure|58/235\n|move|p2a: Chandelure|Shadow Ball|p1a: Swanna\n|-damage|p1a: Swanna|0 fnt\n|faint|p1a: Swanna\n|\n|-weather|none\n|upkeep\n|\n|t:|1710075514\n|switch|p1a: Inteleon|Inteleon, L81, F|246/246\n|turn|9\n|\n|t:|1710075527\n|switch|p2a: Trevenant|Trevenant, L88, M|293/293\n|move|p1a: Inteleon|Scald|p2a: Trevenant\n|-resisted|p2a: Trevenant\n|-damage|p2a: Trevenant|225/293\n|\n|upkeep\n|turn|10\n|\n|t:|1710075541\n|switch|p1a: Jumpluff|Jumpluff, L87, M|271/271\n|switch|p2a: Politoed|Politoed, L88, M|302/302\n|-weather|RainDance|[from] ability: Drizzle|[of] p2a: Politoed\n|\n|-weather|RainDance|[upkeep]\n|upkeep\n|turn|11\n|\n|t:|1710075554\n|move|p1a: Jumpluff|U-turn|p2a: Politoed\n|-damage|p2a: Politoed|264/302\n|\n|t:|1710075572\n|switch|p1a: Swalot|Swalot, L90, F|326/326|[from] U-turn\n|move|p2a: Politoed|Ice Beam|p1a: Swalot\n|-damage|p1a: Swalot|279/326\n|\n|-weather|RainDance|[upkeep]\n|-heal|p2a: Politoed|282/302|[from] item: Leftovers\n|upkeep\n|turn|12\n|\n|t:|1710075580\n|move|p2a: Politoed|Hydro Pump|p1a: Swalot\n|-damage|p1a: Swalot|152/326\n|move|p1a: Swalot|Knock Off|p2a: Politoed\n|-damage|p2a: Politoed|213/302\n|-enditem|p2a: Politoed|Leftovers|[from] move: Knock Off|[of] p1a: Swalot\n|\n|-weather|RainDance|[upkeep]\n|upkeep\n|turn|13\n|\n|t:|1710075594\n|move|p2a: Politoed|Hydro Pump|p1a: Swalot\n|-damage|p1a: Swalot|26/326\n|move|p1a: Swalot|Sludge Bomb|p2a: Politoed\n|-damage|p2a: Politoed|140/302\n|-status|p2a: Politoed|psn\n|\n|-weather|RainDance|[upkeep]\n|-damage|p2a: Politoed|103/302 psn|[from] psn\n|upkeep\n|turn|14\n|\n|t:|1710075602\n|move|p2a: Politoed|Ice Beam|p1a: Swalot\n|-damage|p1a: Swalot|0 fnt\n|faint|p1a: Swalot\n|\n|-weather|none\n|-damage|p2a: Politoed|66/302 psn|[from] psn\n|upkeep\n|\n|t:|1710075605\n|switch|p1a: Mewtwo|Mewtwo, L72|272/272\n|-ability|p1a: Mewtwo|Unnerve\n|turn|15\n|\n|t:|1710075617\n|move|p1a: Mewtwo|Dark Pulse|p2a: Politoed\n|-damage|p2a: Politoed|0 fnt\n|faint|p2a: Politoed\n|-damage|p1a: Mewtwo|245/272|[from] item: Life Orb\n|\n|upkeep\n|\n|t:|1710075636\n|switch|p2a: Trevenant|Trevenant, L88, M|225/293\n|turn|16\n|\n|t:|1710075642\n|switch|p1a: Jumpluff|Jumpluff, L87, M|271/271\n|move|p2a: Trevenant|Toxic|p1a: Jumpluff\n|-status|p1a: Jumpluff|tox\n|\n|-damage|p1a: Jumpluff|255/271 tox|[from] psn\n|upkeep\n|turn|17\n|\n|t:|1710075648\n|move|p2a: Trevenant|Protect|p2a: Trevenant\n|-singleturn|p2a: Trevenant|Protect\n|move|p1a: Jumpluff|Acrobatics|p2a: Trevenant\n|-activate|p2a: Trevenant|move: Protect\n|\n|-damage|p1a: Jumpluff|223/271 tox|[from] psn\n|upkeep\n|turn|18\n|\n|t:|1710075652\n|switch|p2a: Avalugg|Avalugg, L87, M|307/307\n|move|p1a: Jumpluff|Acrobatics|p2a: Avalugg\n|-damage|p2a: Avalugg|265/307\n|\n|-damage|p1a: Jumpluff|175/271 tox|[from] psn\n|upkeep\n|turn|19\n|\n|t:|1710075662\n|move|p1a: Jumpluff|Sleep Powder|p2a: Avalugg\n|-status|p2a: Avalugg|slp|[from] move: Sleep Powder\n|cant|p2a: Avalugg|slp\n|\n|-damage|p1a: Jumpluff|111/271 tox|[from] psn\n|upkeep\n|turn|20\n|\n|t:|1710075668\n|switch|p1a: Mewtwo|Mewtwo, L72|245/272\n|-ability|p1a: Mewtwo|Unnerve\n|cant|p2a: Avalugg|slp\n|\n|upkeep\n|turn|21\n|\n|t:|1710075675\n|switch|p2a: Chandelure|Chandelure, L83, F, tera:Ghost|58/235\n|move|p1a: Mewtwo|Aura Sphere|p2a: Chandelure\n|-immune|p2a: Chandelure\n|\n|upkeep\n|turn|22\n|\n|t:|1710075683\n|move|p1a: Mewtwo|Dark Pulse|p2a: Chandelure\n|-supereffective|p2a: Chandelure\n|-damage|p2a: Chandelure|0 fnt\n|faint|p2a: Chandelure\n|-damage|p1a: Mewtwo|218/272|[from] item: Life Orb\n|\n|upkeep\n|\n|t:|1710075711\n|switch|p2a: Trevenant|Trevenant, L88, M|225/293\n|turn|23\n|\n|t:|1710075730\n|switch|p1a: Overqwil|Overqwil, L82, M|274/274\n|-ability|p1a: Overqwil|Intimidate|boost\n|-unboost|p2a: Trevenant|atk|1\n|move|p2a: Trevenant|Poltergeist|p1a: Overqwil\n|-activate|p1a: Overqwil|move: Poltergeist|Choice Band\n|-resisted|p1a: Overqwil\n|-damage|p1a: Overqwil|232/274\n|\n|upkeep\n|turn|24\n|\n|t:|1710075734\n|move|p1a: Overqwil|Crunch|p2a: Trevenant\n|-supereffective|p2a: Trevenant\n|-damage|p2a: Trevenant|0 fnt\n|faint|p2a: Trevenant\n|\n|upkeep\n|\n|t:|1710075741\n|switch|p2a: Avalugg|Avalugg, L87, M|265/307 slp\n|turn|25\n|\n|t:|1710075747\n|switch|p1a: Jumpluff|Jumpluff, L87, M|111/271 tox\n|cant|p2a: Avalugg|slp\n|\n|-damage|p1a: Jumpluff|95/271 tox|[from] psn\n|upkeep\n|turn|26\n|\n|t:|1710075752\n|move|p1a: Jumpluff|Acrobatics|p2a: Avalugg\n|-damage|p2a: Avalugg|222/307 slp\n|-curestatus|p2a: Avalugg|slp|[msg]\n|move|p2a: Avalugg|Avalanche|p1a: Jumpluff\n|-supereffective|p1a: Jumpluff\n|-damage|p1a: Jumpluff|0 fnt\n|faint|p1a: Jumpluff\n|\n|upkeep\n|\n|t:|1710075756\n|switch|p1a: Mewtwo|Mewtwo, L72|218/272\n|-ability|p1a: Mewtwo|Unnerve\n|turn|27\n|\n|t:|1710075760\n|move|p1a: Mewtwo|Aura Sphere|p2a: Avalugg\n|-supereffective|p2a: Avalugg\n|-damage|p2a: Avalugg|0 fnt\n|faint|p2a: Avalugg\n|-damage|p1a: Mewtwo|191/272|[from] item: Life Orb\n|\n|upkeep\n|\n|t:|1710075763\n|switch|p2a: Ogerpon|Ogerpon, L80, F|259/259\n|turn|28\n|c|\u2606CasualCynic|Oh right\n|c|\u2606CasualCynic|I used Tera already\n|l| emibaru\n|inactive|CasualCynic has 120 seconds left.\n|\n|t:|1710075796\n|move|p1a: Mewtwo|Psystrike|p2a: Ogerpon\n|-damage|p2a: Ogerpon|113/259\n|-damage|p1a: Mewtwo|164/272|[from] item: Life Orb\n|move|p2a: Ogerpon|Swords Dance|p2a: Ogerpon\n|-boost|p2a: Ogerpon|atk|2\n|\n|upkeep\n|turn|29\n|-message|CasualCynic forfeited.\n|\n|win|Yusei1789\n|raw|Yusei1789's rating: 2224 &rarr; <strong>2246</strong><br />(+22 for winning)\n|raw|CasualCynic's rating: 2259 &rarr; <strong>2237</strong><br />(-22 for losing)\n|l|\u2606CasualCynic\n|player|p2|\n", "inputlog": ">version 08599569efc0c9562c8bca6905489dc04cb71e95\n>start {\"formatid\":\"gen9randombattle\",\"seed\":[61177,8643,52135,180],\"rated\":\"Rated battle\"}\n>player p1 {\"name\":\"Yusei1789\",\"avatar\":\"169\",\"rating\":2224,\"seed\":[14661,37847,33736,4607]}\n>player p2 {\"name\":\"CasualCynic\",\"avatar\":\"janitor\",\"rating\":2259,\"seed\":[64167,29389,14630,10686]}\n>p1 move knockoff\n>p2 switch 3\n>p1 switch 5\n>p2 move stealthrock\n>p1 move gunkshot\n>p2 switch 6\n>p1 switch 4\n>p2 switch 5\n>p1 move defog\n>p2 move hydropump\n>p1 move hydropump\n>p2 switch 6\n>p1 move bravebird\n>p2 move stealthrock\n>p2 switch 4\n>p1 move hydropump\n>p2 move shadowball terastallize\n>p1 switch 6\n>p1 move scald\n>p2 switch 3\n>p1 switch 2\n>p2 switch 6\n>p1 move uturn\n>p2 move icebeam\n>p1 switch 5\n>p1 move knockoff\n>p2 move hydropump\n>p1 move sludgebomb\n>p2 move hydropump\n>p1 move sludgebomb\n>p2 move icebeam\n>p1 switch 3\n>p1 move darkpulse\n>p2 move hydropump\n>p2 switch 6\n>p1 switch 5\n>p2 move toxic\n>p1 move acrobatics\n>p2 move protect\n>p1 move acrobatics\n>p2 switch 5\n>p1 move sleeppowder\n>p2 move avalanche\n>p1 switch 5\n>p2 move bodypress\n>p1 move aurasphere\n>p2 switch 3\n>p1 move darkpulse\n>p2 move shadowball\n>p2 switch 5\n>p1 switch 4\n>p2 move poltergeist\n>p1 move crunch\n>p2 move drainpunch\n>p2 switch 3\n>p1 switch 5\n>p2 move avalanche\n>p1 move acrobatics\n>p2 move avalanche\n>p1 switch 4\n>p1 move aurasphere\n>p2 move avalanche\n>p2 switch 2\n>chat \u2606CasualCynic|Oh right\n>chat \u2606CasualCynic|I used Tera already\n>p1 move psystrike\n>p2 move swordsdance\n>forcelose p2", "uploadtime": 1710075811, "views": 247, "formatid": "gen9randombattle", "rating": 2237, "private": 0, "password": null}