{"id": "gen9randombattle-2121119748", "format": "[Gen 9] Random Battle", "players": ["PokeChess", "Thefabfive4321"], "log": "|j|\u2606PokeChess\n|j|\u2606Thefabfive4321\n|t:|1715257808\n|gametype|singles\n|player|p1|PokeChess|cynthia-anime2|2214\n|player|p2|Thefabfive4321|cynthia-gen4|2239\n|teamsize|p1|6\n|teamsize|p2|6\n|gen|9\n|tier|[Gen 9] Random Battle\n|rated|\n|rule|Species Clause: Limit one of each Pok\u00e9mon\n|rule|HP Percentage Mod: HP is shown in percentages\n|rule|Sleep Clause Mod: Limit one foe put to sleep\n|rule|Illusion Level Mod: Illusion disguises the Pok\u00e9mon's true level\n|\n|t:|1715257808\n|start\n|switch|p1a: Annihilape|Annihilape, L76, M|292/292\n|switch|p2a: Weezing|Weezing-Galar, L86, M|252/252\n|turn|1\n|inactive|Battle timer is ON: inactive players will automatically lose when time's up. (requested by Thefabfive4321)\n|\n|t:|1715257838\n|switch|p1a: Bronzong|Bronzong, L88|261/261\n|move|p2a: Weezing|Will-O-Wisp|p1a: Bronzong\n|-status|p1a: Bronzong|brn\n|\n|-damage|p1a: Bronzong|245/261 brn|[from] brn\n|upkeep\n|turn|2\n|\n|t:|1715257854\n|switch|p2a: Houndstone|Houndstone, L86, M|264/264\n|move|p1a: Bronzong|Hypnosis|p2a: Houndstone|[miss]\n|-miss|p1a: Bronzong|p2a: Houndstone\n|\n|-heal|p1a: Bronzong|261/261 brn|[from] item: Leftovers\n|-damage|p1a: Bronzong|245/261 brn|[from] brn\n|upkeep\n|turn|3\n|\n|t:|1715257870\n|switch|p1a: Swalot|Swalot, L90, F|326/326\n|move|p2a: Houndstone|Poltergeist|p1a: Swalot\n|-activate|p1a: Swalot|move: Poltergeist|Leftovers\n|-damage|p1a: Swalot|197/326\n|\n|-heal|p1a: Swalot|217/326|[from] item: Leftovers\n|upkeep\n|turn|4\n|\n|t:|1715257888\n|switch|p2a: Crabominable|Crabominable, L90, F|321/321\n|move|p1a: Swalot|Protect||[still]\n|-fail|p1a: Swalot\n|\n|-heal|p1a: Swalot|237/326|[from] item: Leftovers\n|upkeep\n|turn|5\n|\n|t:|1715257891\n|move|p1a: Swalot|Protect|p1a: Swalot\n|-singleturn|p1a: Swalot|Protect\n|move|p2a: Crabominable|Ice Hammer|p1a: Swalot\n|-activate|p1a: Swalot|move: Protect\n|\n|-heal|p1a: Swalot|257/326|[from] item: Leftovers\n|upkeep\n|turn|6\n|\n|t:|1715257918\n|switch|p2a: Koraidon|Koraidon, L64|235/235\n|-weather|SunnyDay|[from] ability: Orichalcum Pulse|[of] p2a: Koraidon\n|-activate|p2a: Koraidon|Orichalcum Pulse|[source]\n|move|p1a: Swalot|Toxic|p2a: Koraidon\n|-status|p2a: Koraidon|tox\n|\n|-weather|SunnyDay|[upkeep]\n|-heal|p1a: Swalot|277/326|[from] item: Leftovers\n|-damage|p2a: Koraidon|221/235 tox|[from] psn\n|upkeep\n|turn|7\n|inactive|PokeChess has 120 seconds left.\n|\n|t:|1715257935\n|move|p2a: Koraidon|U-turn|p1a: Swalot\n|-resisted|p1a: Swalot\n|-damage|p1a: Swalot|241/326\n|\n|t:|1715257939\n|switch|p2a: Houndstone|Houndstone, L86, M|264/264|[from] U-turn\n|move|p1a: Swalot|Sludge Bomb|p2a: Houndstone\n|-resisted|p2a: Houndstone\n|-damage|p2a: Houndstone|226/264\n|-status|p2a: Houndstone|psn\n|\n|-weather|SunnyDay|[upkeep]\n|-heal|p2a: Houndstone|242/264 psn|[from] item: Leftovers\n|-heal|p1a: Swalot|261/326|[from] item: Leftovers\n|-damage|p2a: Houndstone|209/264 psn|[from] psn\n|upkeep\n|turn|8\n|\n|t:|1715257945\n|move|p1a: Swalot|Protect|p1a: Swalot\n|-singleturn|p1a: Swalot|Protect\n|move|p2a: Houndstone|Roar|p1a: Swalot\n|drag|p1a: Luvdisc|Luvdisc, M|247/247\n|\n|-weather|SunnyDay|[upkeep]\n|-heal|p2a: Houndstone|225/264 psn|[from] item: Leftovers\n|-damage|p2a: Houndstone|192/264 psn|[from] psn\n|upkeep\n|turn|9\n|\n|t:|1715257956\n|switch|p1a: Swalot|Swalot, L90, F|261/326\n|move|p2a: Houndstone|Roar|p1a: Swalot\n|drag|p1a: Scyther|Scyther, L82, F|249/249\n|\n|-weather|SunnyDay|[upkeep]\n|-heal|p2a: Houndstone|208/264 psn|[from] item: Leftovers\n|-damage|p2a: Houndstone|175/264 psn|[from] psn\n|upkeep\n|turn|10\n|\n|t:|1715257963\n|move|p1a: Scyther|U-turn|p2a: Houndstone\n|-resisted|p2a: Houndstone\n|-damage|p2a: Houndstone|158/264 psn\n|\n|t:|1715257967\n|switch|p1a: Swalot|Swalot, L90, F|261/326|[from] U-turn\n|move|p2a: Houndstone|Poltergeist|p1a: Swalot\n|-activate|p1a: Swalot|move: Poltergeist|Leftovers\n|-damage|p1a: Swalot|132/326\n|\n|-weather|none\n|-heal|p2a: Houndstone|174/264 psn|[from] item: Leftovers\n|-heal|p1a: Swalot|152/326|[from] item: Leftovers\n|-damage|p2a: Houndstone|141/264 psn|[from] psn\n|upkeep\n|turn|11\n|\n|t:|1715257971\n|move|p1a: Swalot|Earthquake|p2a: Houndstone\n|-damage|p2a: Houndstone|84/264 psn\n|move|p2a: Houndstone|Roar|p1a: Swalot\n|drag|p1a: Scyther|Scyther, L82, F|249/249\n|\n|-heal|p2a: Houndstone|100/264 psn|[from] item: Leftovers\n|-damage|p2a: Houndstone|67/264 psn|[from] psn\n|upkeep\n|turn|12\n|\n|t:|1715257979\n|move|p1a: Scyther|U-turn|p2a: Houndstone\n|-resisted|p2a: Houndstone\n|-damage|p2a: Houndstone|50/264 psn\n|\n|t:|1715257981\n|switch|p1a: Swalot|Swalot, L90, F|152/326|[from] U-turn\n|move|p2a: Houndstone|Poltergeist|p1a: Swalot\n|-activate|p1a: Swalot|move: Poltergeist|Leftovers\n|-damage|p1a: Swalot|22/326\n|\n|-heal|p2a: Houndstone|66/264 psn|[from] item: Leftovers\n|-heal|p1a: Swalot|42/326|[from] item: Leftovers\n|-damage|p2a: Houndstone|33/264 psn|[from] psn\n|upkeep\n|turn|13\n|\n|t:|1715257987\n|switch|p2a: Girafarig|Girafarig, L89, F|269/269\n|move|p1a: Swalot|Sludge Bomb|p2a: Girafarig\n|-damage|p2a: Girafarig|197/269\n|-status|p2a: Girafarig|psn\n|\n|-heal|p1a: Swalot|62/326|[from] item: Leftovers\n|-damage|p2a: Girafarig|164/269 psn|[from] psn\n|upkeep\n|turn|14\n|\n|t:|1715258004\n|move|p2a: Girafarig|Psyshock|p1a: Swalot\n|-supereffective|p1a: Swalot\n|-damage|p1a: Swalot|0 fnt\n|faint|p1a: Swalot\n|\n|-damage|p2a: Girafarig|131/269 psn|[from] psn\n|upkeep\n|\n|t:|1715258019\n|switch|p1a: Scyther|Scyther, L82, F|249/249\n|turn|15\n|\n|t:|1715258022\n|move|p1a: Scyther|U-turn|p2a: Girafarig\n|-supereffective|p2a: Girafarig\n|-damage|p2a: Girafarig|9/269 psn\n|\n|t:|1715258029\n|switch|p1a: Bronzong|Bronzong, L88|245/261 brn|[from] U-turn\n|move|p2a: Girafarig|Thunderbolt|p1a: Bronzong\n|-damage|p1a: Bronzong|190/261 brn\n|\n|-heal|p1a: Bronzong|206/261 brn|[from] item: Leftovers\n|-damage|p2a: Girafarig|0 fnt|[from] psn\n|faint|p2a: Girafarig\n|-damage|p1a: Bronzong|190/261 brn|[from] brn\n|upkeep\n|inactive|Thefabfive4321 has 120 seconds left.\n|\n|t:|1715258067\n|switch|p2a: Koraidon|Koraidon, L64|221/235 tox\n|-weather|SunnyDay|[from] ability: Orichalcum Pulse|[of] p2a: Koraidon\n|-activate|p2a: Koraidon|Orichalcum Pulse|[source]\n|turn|16\n|\n|t:|1715258079\n|switch|p1a: Luvdisc|Luvdisc, M|247/247\n|move|p2a: Koraidon|Flare Blitz|p1a: Luvdisc\n|-resisted|p1a: Luvdisc\n|-damage|p1a: Luvdisc|130/247\n|-damage|p2a: Koraidon|182/235 tox|[from] Recoil\n|\n|-weather|SunnyDay|[upkeep]\n|-damage|p2a: Koraidon|168/235 tox|[from] psn\n|upkeep\n|turn|17\n|inactive|Thefabfive4321 has 120 seconds left.\n|\n|t:|1715258118\n|move|p1a: Luvdisc|Whirlpool|p2a: Koraidon|[miss]\n|-miss|p1a: Luvdisc|p2a: Koraidon\n|move|p2a: Koraidon|Flare Blitz|p1a: Luvdisc\n|-resisted|p1a: Luvdisc\n|-damage|p1a: Luvdisc|17/247\n|-damage|p2a: Koraidon|131/235 tox|[from] Recoil\n|\n|-weather|SunnyDay|[upkeep]\n|-damage|p2a: Koraidon|103/235 tox|[from] psn\n|upkeep\n|turn|18\n|\n|t:|1715258127\n|switch|p2a: Houndstone|Houndstone, L86, M|33/264 psn\n|move|p1a: Luvdisc|Endeavor|p2a: Houndstone\n|-immune|p2a: Houndstone\n|\n|-weather|SunnyDay|[upkeep]\n|-heal|p2a: Houndstone|49/264 psn|[from] item: Leftovers\n|-damage|p2a: Houndstone|16/264 psn|[from] psn\n|upkeep\n|turn|19\n|inactive|Thefabfive4321 has 90 seconds left.\n|l|\u2606Thefabfive4321\n|inactive|Thefabfive4321 disconnected and has a minute to reconnect!\n|player|p2|\n|j|\u2606Thefabfive4321\n|inactive|Thefabfive4321 reconnected and has 55 seconds left.\n|player|p2|Thefabfive4321|cynthia-gen4|\n|\n|t:|1715258195\n|switch|p1a: Passimian|Passimian, L83, F|302/302\n|move|p2a: Houndstone|Shadow Sneak|p1a: Passimian\n|-crit|p1a: Passimian\n|-damage|p1a: Passimian|230/302\n|\n|-weather|SunnyDay|[upkeep]\n|-heal|p1a: Passimian|248/302|[from] item: Leftovers\n|-heal|p2a: Houndstone|32/264 psn|[from] item: Leftovers\n|-damage|p2a: Houndstone|0 fnt|[from] psn\n|faint|p2a: Houndstone\n|upkeep\n|\n|t:|1715258198\n|switch|p2a: Weezing|Weezing-Galar, L86, M|252/252\n|turn|20\n|\n|t:|1715258210\n|switch|p1a: Bronzong|Bronzong, L88|190/261 brn\n|switch|p2a: Koraidon|Koraidon, L64|103/235 tox\n|-activate|p2a: Koraidon|ability: Orichalcum Pulse\n|\n|-weather|none\n|-heal|p1a: Bronzong|206/261 brn|[from] item: Leftovers\n|-damage|p2a: Koraidon|89/235 tox|[from] psn\n|-damage|p1a: Bronzong|190/261 brn|[from] brn\n|upkeep\n|turn|21\n|\n|t:|1715258227\n|switch|p1a: Passimian|Passimian, L83, F|248/302\n|move|p2a: Koraidon|Flare Blitz|p1a: Passimian\n|-damage|p1a: Passimian|149/302\n|-damage|p2a: Koraidon|56/235 tox|[from] Recoil\n|\n|-heal|p1a: Passimian|167/302|[from] item: Leftovers\n|-damage|p2a: Koraidon|28/235 tox|[from] psn\n|upkeep\n|turn|22\n|\n|t:|1715258236\n|switch|p2a: Weezing|Weezing-Galar, L86, M|252/252\n|move|p1a: Passimian|Bulk Up|p1a: Passimian\n|-boost|p1a: Passimian|atk|1\n|-boost|p1a: Passimian|def|1\n|\n|-heal|p1a: Passimian|185/302|[from] item: Leftovers\n|upkeep\n|turn|23\n|\n|t:|1715258242\n|switch|p1a: Bronzong|Bronzong, L88|190/261 brn\n|move|p2a: Weezing|Will-O-Wisp|p1a: Bronzong\n|-fail|p1a: Bronzong|brn\n|\n|-heal|p1a: Bronzong|206/261 brn|[from] item: Leftovers\n|-damage|p1a: Bronzong|190/261 brn|[from] brn\n|upkeep\n|turn|24\n|\n|t:|1715258247\n|move|p2a: Weezing|Strange Steam|p1a: Bronzong\n|-resisted|p1a: Bronzong\n|-damage|p1a: Bronzong|158/261 brn\n|move|p1a: Bronzong|Psychic Noise|p2a: Weezing\n|-supereffective|p2a: Weezing\n|-damage|p2a: Weezing|84/252\n|-start|p2a: Weezing|move: Heal Block\n|\n|-heal|p1a: Bronzong|174/261 brn|[from] item: Leftovers\n|-damage|p1a: Bronzong|158/261 brn|[from] brn\n|upkeep\n|turn|25\n|\n|t:|1715258256\n|switch|p2a: Dewgong|Dewgong, L93, M|318/318\n|move|p1a: Bronzong|Psychic Noise|p2a: Dewgong\n|-damage|p2a: Dewgong|276/318\n|-start|p2a: Dewgong|move: Heal Block\n|\n|-heal|p1a: Bronzong|174/261 brn|[from] item: Leftovers\n|-damage|p1a: Bronzong|158/261 brn|[from] brn\n|upkeep\n|turn|26\n|\n|t:|1715258268\n|switch|p1a: Passimian|Passimian, L83, F|185/302\n|move|p2a: Dewgong|Knock Off|p1a: Passimian\n|-resisted|p1a: Passimian\n|-damage|p1a: Passimian|152/302\n|-enditem|p1a: Passimian|Leftovers|[from] move: Knock Off|[of] p2a: Dewgong\n|\n|-end|p2a: Dewgong|move: Heal Block\n|upkeep\n|turn|27\n|\n|t:|1715258277\n|switch|p2a: Weezing|Weezing-Galar, L86, M|84/252\n|move|p1a: Passimian|Drain Punch|p2a: Weezing\n|-resisted|p2a: Weezing\n|-damage|p2a: Weezing|67/252\n|-heal|p1a: Passimian|161/302|[from] drain|[of] p2a: Weezing\n|\n|-heal|p2a: Weezing|82/252|[from] item: Leftovers\n|upkeep\n|turn|28\n|\n|t:|1715258282\n|move|p1a: Passimian|Gunk Shot|p2a: Weezing\n|-damage|p2a: Weezing|6/252\n|move|p2a: Weezing|Strange Steam|p1a: Passimian\n|-supereffective|p1a: Passimian\n|-damage|p1a: Passimian|0 fnt\n|faint|p1a: Passimian\n|\n|-heal|p2a: Weezing|21/252|[from] item: Leftovers\n|upkeep\n|\n|t:|1715258288\n|switch|p1a: Bronzong|Bronzong, L88|158/261 brn\n|turn|29\n|\n|t:|1715258290\n|move|p2a: Weezing|Strange Steam|p1a: Bronzong\n|-resisted|p1a: Bronzong\n|-damage|p1a: Bronzong|125/261 brn\n|move|p1a: Bronzong|Psychic Noise|p2a: Weezing\n|-supereffective|p2a: Weezing\n|-damage|p2a: Weezing|0 fnt\n|faint|p2a: Weezing\n|\n|-heal|p1a: Bronzong|141/261 brn|[from] item: Leftovers\n|-damage|p1a: Bronzong|125/261 brn|[from] brn\n|upkeep\n|\n|t:|1715258303\n|switch|p2a: Dewgong|Dewgong, L93, M|276/318\n|turn|30\n|\n|t:|1715258319\n|switch|p1a: Annihilape|Annihilape, L76, M|292/292\n|move|p2a: Dewgong|Knock Off|p1a: Annihilape\n|-damage|p1a: Annihilape|208/292\n|-enditem|p1a: Annihilape|Chesto Berry|[from] move: Knock Off|[of] p2a: Dewgong\n|\n|upkeep\n|turn|31\n|\n|t:|1715258327\n|move|p2a: Dewgong|Surf|p1a: Annihilape\n|-damage|p1a: Annihilape|111/292\n|move|p1a: Annihilape|Drain Punch|p2a: Dewgong\n|-supereffective|p2a: Dewgong\n|-damage|p2a: Dewgong|120/318\n|-heal|p1a: Annihilape|189/292|[from] drain|[of] p2a: Dewgong\n|\n|upkeep\n|turn|32\n|\n|t:|1715258333\n|move|p2a: Dewgong|Surf|p1a: Annihilape\n|-damage|p1a: Annihilape|90/292\n|move|p1a: Annihilape|Drain Punch|p2a: Dewgong\n|-supereffective|p2a: Dewgong\n|-damage|p2a: Dewgong|0 fnt\n|-heal|p1a: Annihilape|150/292|[from] drain|[of] p2a: Dewgong\n|faint|p2a: Dewgong\n|\n|upkeep\n|\n|t:|1715258336\n|switch|p2a: Koraidon|Koraidon, L64|28/235 tox\n|-weather|SunnyDay|[from] ability: Orichalcum Pulse|[of] p2a: Koraidon\n|-activate|p2a: Koraidon|Orichalcum Pulse|[source]\n|turn|33\n|\n|t:|1715258348\n|switch|p1a: Bronzong|Bronzong, L88|125/261 brn\n|move|p2a: Koraidon|Outrage|p1a: Bronzong\n|-resisted|p1a: Bronzong\n|-damage|p1a: Bronzong|49/261 brn\n|\n|-weather|SunnyDay|[upkeep]\n|-heal|p1a: Bronzong|65/261 brn|[from] item: Leftovers\n|-damage|p2a: Koraidon|14/235 tox|[from] psn\n|-damage|p1a: Bronzong|49/261 brn|[from] brn\n|upkeep\n|turn|34\n|\n|t:|1715258353\n|move|p2a: Koraidon|Outrage|p1a: Bronzong|[from]lockedmove\n|-resisted|p1a: Bronzong\n|-damage|p1a: Bronzong|0 fnt\n|faint|p1a: Bronzong\n|-start|p2a: Koraidon|confusion|[fatigue]\n|\n|-weather|SunnyDay|[upkeep]\n|-damage|p2a: Koraidon|0 fnt|[from] psn\n|faint|p2a: Koraidon\n|upkeep\n|\n|t:|1715258356\n|switch|p2a: Crabominable|Crabominable, L90, F|321/321\n|switch|p1a: Luvdisc|Luvdisc, M|17/247\n|turn|35\n|\n|t:|1715258360\n|move|p1a: Luvdisc|Endeavor|p2a: Crabominable\n|-damage|p2a: Crabominable|17/321\n|move|p2a: Crabominable|Ice Hammer|p1a: Luvdisc\n|-resisted|p1a: Luvdisc\n|-damage|p1a: Luvdisc|0 fnt\n|-unboost|p2a: Crabominable|spe|1\n|faint|p1a: Luvdisc\n|\n|-weather|SunnyDay|[upkeep]\n|upkeep\n|-message|Thefabfive4321 forfeited.\n|\n|win|PokeChess\n|raw|PokeChess's rating: 2214 &rarr; <strong>2235</strong><br />(+21 for winning)\n|raw|Thefabfive4321's rating: 2239 &rarr; <strong>2218</strong><br />(-21 for losing)\n|l|\u2606Thefabfive4321\n|player|p2|\n", "inputlog": ">version d87f45fad9b955c6072adc425367687e8a017379\n>start {\"formatid\":\"gen9randombattle\",\"seed\":[62167,63588,63591,2947],\"rated\":\"Rated battle\"}\n>player p1 {\"name\":\"PokeChess\",\"avatar\":\"cynthia-anime2\",\"rating\":2214,\"seed\":[11940,39248,5317,26513]}\n>player p2 {\"name\":\"Thefabfive4321\",\"avatar\":\"cynthia-gen4\",\"rating\":2239,\"seed\":[48722,18481,36377,60130]}\n>p1 switch 4\n>p2 move willowisp\n>p1 move hypnosis\n>p2 switch 3\n>p1 switch 6\n>p2 move poltergeist\n>p1 move protect\n>p2 switch 2\n>p1 move protect\n>p2 move icehammer\n>p1 move toxic\n>p2 switch 5\n>p1 move sludgebomb\n>p2 move uturn\n>p2 switch 2\n>p1 move protect\n>p2 move roar\n>p1 switch 2\n>p2 move roar\n>p1 move uturn\n>p2 move poltergeist\n>p1 switch 5\n>p1 move earthquake\n>p2 move roar\n>p1 move uturn\n>p2 move poltergeist\n>p1 switch 5\n>p1 move sludgebomb\n>p2 switch 6\n>p1 move sludgebomb\n>p2 move psyshock\n>p1 switch 5\n>p1 move uturn\n>p2 move thunderbolt\n>p1 switch 6\n>p2 switch 2\n>p1 switch 2\n>p2 move flareblitz\n>p1 move whirlpool\n>p2 move flareblitz\n>p1 move endeavor\n>p2 switch 6\n>p1 switch 3\n>p2 move shadowsneak\n>p2 switch 3\n>p1 switch 2\n>p2 switch 6\n>p1 switch 2\n>p2 move flareblitz\n>p1 move bulkup\n>p2 switch 6\n>p1 switch 2\n>p2 move willowisp\n>p1 move psychicnoise\n>p2 move strangesteam\n>p1 move psychicnoise\n>p2 switch 4\n>p1 switch 2\n>p2 move knockoff\n>p1 move drainpunch\n>p2 switch 4\n>p1 move gunkshot\n>p2 move strangesteam\n>p1 switch 2\n>p1 move psychicnoise\n>p2 move strangesteam\n>p2 switch 4\n>p1 switch 4\n>p2 move knockoff\n>p1 move drainpunch\n>p2 move surf\n>p1 move drainpunch\n>p2 move surf\n>p2 switch 6\n>p1 switch 4\n>p2 move outrage\n>p1 move psychicnoise\n>p2 move outrage\n>p1 switch 3\n>p2 switch 5\n>p1 move endeavor\n>p2 move icehammer\n>forcelose p2", "uploadtime": 1715258371, "views": 209, "formatid": "gen9randombattle", "rating": 2218, "private": 0, "password": null}