{"id": "gen9randombattle-2260031178", "format": "[Gen 9] Random Battle", "players": ["willyboogywoogy", "pjake"], "log": "|j|\u2606willyboogywoogy\n|j|\u2606pjake\n|t:|1733793364\n|gametype|singles\n|player|p1|willyboogywoogy|scientist|1125\n|player|p2|pjake|170|1075\n|teamsize|p1|6\n|teamsize|p2|6\n|gen|9\n|tier|[Gen 9] Random Battle\n|rated|\n|rule|Species Clause: Limit one of each Pok\u00e9mon\n|rule|HP Percentage Mod: HP is shown in percentages\n|rule|Sleep Clause Mod: Limit one foe put to sleep\n|rule|Illusion Level Mod: Illusion disguises the Pok\u00e9mon's true level\n|\n|t:|1733793364\n|start\n|switch|p1a: Lugia|Lugia, L72|272/272\n|switch|p2a: Klefki|Klefki, L84, M|233/233\n|turn|1\n|inactive|Battle timer is ON: inactive players will automatically lose when time's up. (requested by willyboogywoogy)\n|\n|t:|1733793385\n|move|p2a: Klefki|Thunder Wave|p1a: Lugia\n|-status|p1a: Lugia|par\n|move|p1a: Lugia|Calm Mind|p1a: Lugia\n|-boost|p1a: Lugia|spa|1\n|-boost|p1a: Lugia|spd|1\n|\n|upkeep\n|turn|2\n|\n|t:|1733793393\n|move|p2a: Klefki|Spikes|p1a: Lugia\n|-sidestart|p1: willyboogywoogy|Spikes\n|move|p1a: Lugia|Calm Mind|p1a: Lugia\n|-boost|p1a: Lugia|spa|1\n|-boost|p1a: Lugia|spd|1\n|\n|upkeep\n|turn|3\n|inactive|pjake has 120 seconds left.\n|\n|t:|1733793452\n|switch|p2a: Scream Tail|Scream Tail, L84|330/330\n|move|p1a: Lugia|Earth Power|p2a: Scream Tail\n|-damage|p2a: Scream Tail|259/330\n|\n|-heal|p2a: Scream Tail|279/330|[from] item: Leftovers\n|upkeep\n|turn|4\n|inactive|pjake has 90 seconds left.\n|\n|t:|1733793469\n|move|p2a: Scream Tail|Encore|p1a: Lugia\n|-start|p1a: Lugia|Encore\n|move|p1a: Lugia|Earth Power|p2a: Scream Tail\n|-damage|p2a: Scream Tail|212/330\n|\n|-heal|p2a: Scream Tail|232/330|[from] item: Leftovers\n|upkeep\n|turn|5\n|inactive|pjake has 90 seconds left.\n|\n|t:|1733793493\n|move|p2a: Scream Tail|Play Rough|p1a: Lugia\n|-damage|p1a: Lugia|242/272 par\n|move|p1a: Lugia|Earth Power|p2a: Scream Tail\n|-damage|p2a: Scream Tail|165/330\n|\n|-heal|p2a: Scream Tail|185/330|[from] item: Leftovers\n|upkeep\n|turn|6\n|\n|t:|1733793506\n|move|p2a: Scream Tail|Wish|p2a: Scream Tail\n|cant|p1a: Lugia|par\n|\n|-heal|p2a: Scream Tail|205/330|[from] item: Leftovers\n|-end|p1a: Lugia|Encore\n|upkeep\n|turn|7\n|\n|t:|1733793512\n|move|p2a: Scream Tail|Encore|p1a: Lugia\n|-start|p1a: Lugia|Encore\n|cant|p1a: Lugia|par\n|\n|-heal|p2a: Scream Tail|330/330|[from] move: Wish|[wisher] Scream Tail\n|upkeep\n|turn|8\n|inactive|pjake has 90 seconds left.\n|\n|t:|1733793520\n|-end|p2a: Scream Tail|Protosynthesis|[silent]\n|switch|p2a: Zarude|Zarude-Dada, L78|292/292\n|move|p1a: Lugia|Earth Power|p2a: Zarude\n|-resisted|p2a: Zarude\n|-damage|p2a: Zarude|246/292\n|\n|upkeep\n|turn|9\n|inactive|pjake has 90 seconds left.\n|\n|t:|1733793530\n|-terastallize|p1a: Lugia|Steel\n|move|p2a: Zarude|Swords Dance|p2a: Zarude\n|-boost|p2a: Zarude|atk|2\n|cant|p1a: Lugia|par\n|\n|-end|p1a: Lugia|Encore\n|upkeep\n|turn|10\n|\n|t:|1733793540\n|move|p2a: Zarude|Close Combat|p1a: Lugia\n|-supereffective|p1a: Lugia\n|-crit|p1a: Lugia\n|-damage|p1a: Lugia|0 fnt\n|-unboost|p2a: Zarude|def|1\n|-unboost|p2a: Zarude|spd|1\n|faint|p1a: Lugia\n|-damage|p2a: Zarude|217/292|[from] item: Life Orb\n|\n|upkeep\n|\n|t:|1733793558\n|switch|p1a: Hatterene|Hatterene, L85, F|236/236\n|-damage|p1a: Hatterene|207/236|[from] Spikes\n|turn|11\n|inactive|pjake has 90 seconds left.\n|\n|t:|1733793589\n|switch|p2a: Klefki|Klefki, L84, M|233/233\n|move|p1a: Hatterene|Draining Kiss|p2a: Klefki\n|-resisted|p2a: Klefki\n|-damage|p2a: Klefki|198/233\n|-heal|p1a: Hatterene|233/236|[from] drain|[of] p2a: Klefki\n|\n|-heal|p2a: Klefki|212/233|[from] item: Leftovers\n|upkeep\n|turn|12\n|\n|t:|1733793598\n|move|p2a: Klefki|Spikes|p1a: Hatterene\n|move|p1a: Hatterene|Spikes|p2a: Klefki|[from]ability: Magic Bounce\n|-sidestart|p2: pjake|Spikes\n|move|p1a: Hatterene|Mystical Fire|p2a: Klefki\n|-supereffective|p2a: Klefki\n|-damage|p2a: Klefki|58/233\n|-unboost|p2a: Klefki|spa|1\n|\n|-heal|p2a: Klefki|72/233|[from] item: Leftovers\n|upkeep\n|turn|13\n|inactive|pjake has 90 seconds left.\n|\n|t:|1733793614\n|move|p2a: Klefki|Magnet Rise|p2a: Klefki\n|-start|p2a: Klefki|Magnet Rise\n|move|p1a: Hatterene|Mystical Fire|p2a: Klefki\n|-supereffective|p2a: Klefki\n|-damage|p2a: Klefki|0 fnt\n|faint|p2a: Klefki\n|\n|upkeep\n|\n|t:|1733793631\n|switch|p2a: Meowstic|Meowstic-F, L89, F|277/277\n|-damage|p2a: Meowstic|243/277|[from] Spikes\n|turn|14\n|\n|t:|1733793645\n|switch|p2a: Sandy Shocks|Sandy Shocks, L80|267/267\n|move|p1a: Hatterene|Nuzzle|p2a: Sandy Shocks\n|-immune|p2a: Sandy Shocks\n|\n|upkeep\n|turn|15\n|\n|t:|1733793663\n|move|p2a: Sandy Shocks|Earth Power|p1a: Hatterene\n|-damage|p1a: Hatterene|176/236\n|move|p1a: Hatterene|Draining Kiss|p2a: Sandy Shocks\n|-damage|p2a: Sandy Shocks|194/267\n|-heal|p1a: Hatterene|231/236|[from] drain|[of] p2a: Sandy Shocks\n|\n|upkeep\n|turn|16\n|inactive|pjake has 60 seconds left.\n|\n|t:|1733793703\n|move|p2a: Sandy Shocks|Thunderbolt|p1a: Hatterene\n|-damage|p1a: Hatterene|168/236\n|move|p1a: Hatterene|Draining Kiss|p2a: Sandy Shocks\n|-damage|p2a: Sandy Shocks|113/267\n|-heal|p1a: Hatterene|229/236|[from] drain|[of] p2a: Sandy Shocks\n|\n|upkeep\n|turn|17\n|\n|t:|1733793709\n|move|p2a: Sandy Shocks|Volt Switch|p1a: Hatterene\n|-damage|p1a: Hatterene|181/236\n|inactive|pjake has 30 seconds left.\n|\n|t:|1733793741\n|-end|p2a: Sandy Shocks|Protosynthesis|[silent]\n|switch|p2a: Zarude|Zarude-Dada, L78|217/292|[from] Volt Switch\n|-damage|p2a: Zarude|181/292|[from] Spikes\n|move|p1a: Hatterene|Draining Kiss|p2a: Zarude\n|-supereffective|p2a: Zarude\n|-damage|p2a: Zarude|43/292\n|-heal|p1a: Hatterene|236/236|[from] drain|[of] p2a: Zarude\n|\n|upkeep\n|turn|18\n|inactive|pjake has 30 seconds left.\n|\n|t:|1733793759\n|switch|p1a: Whiscash|Whiscash, L88, M|337/337\n|-damage|p1a: Whiscash|295/337|[from] Spikes\n|move|p2a: Zarude|Knock Off|p1a: Whiscash\n|-damage|p1a: Whiscash|153/337\n|-enditem|p1a: Whiscash|Leftovers|[from] move: Knock Off|[of] p2a: Zarude\n|-damage|p2a: Zarude|14/292|[from] item: Life Orb\n|\n|upkeep\n|turn|19\n|inactive|pjake has 30 seconds left.\n|\n|t:|1733793770\n|move|p2a: Zarude|Power Whip|p1a: Whiscash\n|-supereffective|p1a: Whiscash\n|-damage|p1a: Whiscash|0 fnt\n|faint|p1a: Whiscash\n|-damage|p2a: Zarude|0 fnt|[from] item: Life Orb\n|faint|p2a: Zarude\n|\n|upkeep\n|\n|t:|1733793783\n|switch|p2a: Walking Wake|Walking Wake, L79|286/286\n|switch|p1a: Iron Bundle|Iron Bundle, L77|213/213\n|-damage|p2a: Walking Wake|251/286|[from] Spikes\n|turn|20\n|inactive|pjake has 30 seconds left.\n|\n|t:|1733793805\n|move|p1a: Iron Bundle|Freeze-Dry|p2a: Walking Wake\n|-supereffective|p2a: Walking Wake\n|-damage|p2a: Walking Wake|0 fnt\n|faint|p2a: Walking Wake\n|-end|p2a: Walking Wake|Protosynthesis|[silent]\n|\n|upkeep\n|inactive|pjake has 30 seconds left this turn.\n|\n|t:|1733793809\n|switch|p2a: Sandy Shocks|Sandy Shocks, L80|113/267\n|turn|21\n|\n|t:|1733793818\n|-terastallize|p2a: Sandy Shocks|Electric\n|move|p1a: Iron Bundle|Hydro Pump|p2a: Sandy Shocks\n|-damage|p2a: Sandy Shocks|0 fnt\n|faint|p2a: Sandy Shocks\n|-end|p2a: Sandy Shocks|Protosynthesis|[silent]\n|\n|upkeep\n|inactive|pjake has 30 seconds left.\n|\n|t:|1733793832\n|switch|p2a: Scream Tail|Scream Tail, L84|330/330\n|-damage|p2a: Scream Tail|289/330|[from] Spikes\n|turn|22\n|\n|t:|1733793838\n|move|p1a: Iron Bundle|Encore||[still]\n|-fail|p1a: Iron Bundle\n|move|p2a: Scream Tail|Wish|p2a: Scream Tail\n|\n|-heal|p2a: Scream Tail|309/330|[from] item: Leftovers\n|upkeep\n|turn|23\n|\n|t:|1733793848\n|move|p1a: Iron Bundle|Encore|p2a: Scream Tail\n|-start|p2a: Scream Tail|Encore\n|move|p2a: Scream Tail|Wish||[still]\n|-fail|p2a: Scream Tail\n|\n|-heal|p2a: Scream Tail|330/330|[from] move: Wish|[wisher] Scream Tail\n|upkeep\n|turn|24\n|\n|t:|1733793855\n|move|p1a: Iron Bundle|Ice Beam|p2a: Scream Tail\n|-damage|p2a: Scream Tail|251/330\n|move|p2a: Scream Tail|Wish|p2a: Scream Tail\n|\n|-heal|p2a: Scream Tail|271/330|[from] item: Leftovers\n|upkeep\n|turn|25\n|\n|t:|1733793862\n|-end|p2a: Scream Tail|Protosynthesis|[silent]\n|switch|p2a: Meowstic|Meowstic-F, L89, F|243/277\n|-damage|p2a: Meowstic|209/277|[from] Spikes\n|move|p1a: Iron Bundle|Ice Beam|p2a: Meowstic\n|-damage|p2a: Meowstic|106/277\n|\n|-heal|p2a: Meowstic|271/277|[from] move: Wish|[wisher] Scream Tail\n|upkeep\n|turn|26\n|\n|t:|1733793872\n|move|p1a: Iron Bundle|Ice Beam|p2a: Meowstic\n|-damage|p2a: Meowstic|180/277\n|move|p2a: Meowstic|Nasty Plot|p2a: Meowstic\n|-boost|p2a: Meowstic|spa|2\n|\n|upkeep\n|turn|27\n|\n|t:|1733793882\n|move|p1a: Iron Bundle|Ice Beam|p2a: Meowstic\n|-damage|p2a: Meowstic|89/277\n|move|p2a: Meowstic|Alluring Voice|p1a: Iron Bundle\n|-damage|p1a: Iron Bundle|21/213\n|-damage|p2a: Meowstic|62/277|[from] item: Life Orb\n|\n|upkeep\n|turn|28\n|\n|t:|1733793890\n|move|p1a: Iron Bundle|Ice Beam|p2a: Meowstic\n|-damage|p2a: Meowstic|0 fnt\n|faint|p2a: Meowstic\n|\n|upkeep\n|\n|t:|1733793892\n|switch|p2a: Scream Tail|Scream Tail, L84|271/330\n|-damage|p2a: Scream Tail|230/330|[from] Spikes\n|turn|29\n|\n|t:|1733793897\n|move|p1a: Iron Bundle|Ice Beam|p2a: Scream Tail\n|-damage|p2a: Scream Tail|145/330\n|move|p2a: Scream Tail|Wish|p2a: Scream Tail\n|\n|-heal|p2a: Scream Tail|165/330|[from] item: Leftovers\n|upkeep\n|turn|30\n|\n|t:|1733793903\n|move|p1a: Iron Bundle|Encore|p2a: Scream Tail\n|-start|p2a: Scream Tail|Encore\n|move|p2a: Scream Tail|Wish||[still]\n|-fail|p2a: Scream Tail\n|\n|-heal|p2a: Scream Tail|330/330|[from] move: Wish|[wisher] Scream Tail\n|upkeep\n|turn|31\n|\n|t:|1733793909\n|move|p1a: Iron Bundle|Ice Beam|p2a: Scream Tail\n|-damage|p2a: Scream Tail|243/330\n|move|p2a: Scream Tail|Wish|p2a: Scream Tail\n|\n|-heal|p2a: Scream Tail|263/330|[from] item: Leftovers\n|upkeep\n|turn|32\n|\n|t:|1733793914\n|move|p1a: Iron Bundle|Hydro Pump|p2a: Scream Tail\n|-damage|p2a: Scream Tail|169/330\n|move|p2a: Scream Tail|Wish||[still]\n|-fail|p2a: Scream Tail\n|\n|-heal|p2a: Scream Tail|330/330|[from] move: Wish|[wisher] Scream Tail\n|-end|p2a: Scream Tail|Encore\n|upkeep\n|turn|33\n|\n|t:|1733793922\n|move|p1a: Iron Bundle|Ice Beam|p2a: Scream Tail\n|-damage|p2a: Scream Tail|257/330\n|move|p2a: Scream Tail|Play Rough|p1a: Iron Bundle\n|-damage|p1a: Iron Bundle|0 fnt\n|faint|p1a: Iron Bundle\n|-end|p1a: Iron Bundle|Quark Drive|[silent]\n|\n|-heal|p2a: Scream Tail|277/330|[from] item: Leftovers\n|upkeep\n|\n|t:|1733793934\n|switch|p1a: Hatterene|Hatterene, L85, F|236/236\n|-damage|p1a: Hatterene|207/236|[from] Spikes\n|turn|34\n|\n|t:|1733793948\n|move|p2a: Scream Tail|Wish|p2a: Scream Tail\n|move|p1a: Hatterene|Nuzzle|p2a: Scream Tail\n|-damage|p2a: Scream Tail|265/330\n|-status|p2a: Scream Tail|par\n|\n|-heal|p2a: Scream Tail|285/330 par|[from] item: Leftovers\n|upkeep\n|turn|35\n|\n|t:|1733793957\n|move|p2a: Scream Tail|Play Rough|p1a: Hatterene\n|-damage|p1a: Hatterene|137/236\n|move|p1a: Hatterene|Mystical Fire|p2a: Scream Tail\n|-damage|p2a: Scream Tail|226/330 par\n|-unboost|p2a: Scream Tail|spa|1\n|\n|-heal|p2a: Scream Tail|330/330 par|[from] move: Wish|[wisher] Scream Tail\n|upkeep\n|turn|36\n|\n|t:|1733793970\n|move|p2a: Scream Tail|Play Rough|p1a: Hatterene\n|-damage|p1a: Hatterene|70/236\n|move|p1a: Hatterene|Mystical Fire|p2a: Scream Tail\n|-damage|p2a: Scream Tail|275/330 par\n|-unboost|p2a: Scream Tail|spa|1\n|\n|-heal|p2a: Scream Tail|295/330 par|[from] item: Leftovers\n|upkeep\n|turn|37\n|\n|t:|1733793979\n|move|p2a: Scream Tail|Play Rough|p1a: Hatterene\n|-damage|p1a: Hatterene|1/236\n|move|p1a: Hatterene|Mystical Fire|p2a: Scream Tail\n|-crit|p2a: Scream Tail\n|-damage|p2a: Scream Tail|212/330 par\n|-unboost|p2a: Scream Tail|spa|1\n|\n|-heal|p2a: Scream Tail|232/330 par|[from] item: Leftovers\n|upkeep\n|turn|38\n|\n|t:|1733793988\n|move|p2a: Scream Tail|Wish|p2a: Scream Tail\n|move|p1a: Hatterene|Draining Kiss|p2a: Scream Tail\n|-damage|p2a: Scream Tail|174/330 par\n|-heal|p1a: Hatterene|45/236|[from] drain|[of] p2a: Scream Tail\n|\n|-heal|p2a: Scream Tail|194/330 par|[from] item: Leftovers\n|upkeep\n|turn|39\n|inactive|pjake has 120 seconds left.\n|\n|t:|1733793995\n|move|p2a: Scream Tail|Play Rough|p1a: Hatterene|[miss]\n|-miss|p2a: Scream Tail|p1a: Hatterene\n|move|p1a: Hatterene|Draining Kiss|p2a: Scream Tail\n|-damage|p2a: Scream Tail|137/330 par\n|-heal|p1a: Hatterene|88/236|[from] drain|[of] p2a: Scream Tail\n|\n|-heal|p2a: Scream Tail|302/330 par|[from] move: Wish|[wisher] Scream Tail\n|-heal|p2a: Scream Tail|322/330 par|[from] item: Leftovers\n|upkeep\n|turn|40\n|\n|t:|1733794004\n|move|p2a: Scream Tail|Play Rough|p1a: Hatterene\n|-damage|p1a: Hatterene|15/236\n|move|p1a: Hatterene|Draining Kiss|p2a: Scream Tail\n|-damage|p2a: Scream Tail|259/330 par\n|-heal|p1a: Hatterene|62/236|[from] drain|[of] p2a: Scream Tail\n|\n|-heal|p2a: Scream Tail|279/330 par|[from] item: Leftovers\n|upkeep\n|turn|41\n|\n|t:|1733794012\n|move|p2a: Scream Tail|Play Rough|p1a: Hatterene\n|-damage|p1a: Hatterene|0 fnt\n|faint|p1a: Hatterene\n|\n|-heal|p2a: Scream Tail|299/330 par|[from] item: Leftovers\n|upkeep\n|\n|t:|1733794018\n|switch|p1a: Abomasnow|Abomasnow, L85, M|291/291\n|-damage|p1a: Abomasnow|255/291|[from] Spikes\n|-weather|Snow|[from] ability: Snow Warning|[of] p1a: Abomasnow\n|turn|42\n|\n|t:|1733794026\n|move|p1a: Abomasnow|Aurora Veil|p1a: Abomasnow\n|-sidestart|p1: willyboogywoogy|move: Aurora Veil\n|cant|p2a: Scream Tail|par\n|\n|-weather|Snow|[upkeep]\n|-heal|p2a: Scream Tail|319/330 par|[from] item: Leftovers\n|upkeep\n|turn|43\n|\n|t:|1733794034\n|move|p1a: Abomasnow|Blizzard|p2a: Scream Tail\n|-damage|p2a: Scream Tail|229/330 par\n|move|p2a: Scream Tail|Wish|p2a: Scream Tail\n|\n|-weather|Snow|[upkeep]\n|-heal|p2a: Scream Tail|249/330 par|[from] item: Leftovers\n|upkeep\n|turn|44\n|\n|t:|1733794039\n|move|p1a: Abomasnow|Earthquake|p2a: Scream Tail\n|-damage|p2a: Scream Tail|189/330 par\n|move|p2a: Scream Tail|Play Rough|p1a: Abomasnow|[miss]\n|-miss|p2a: Scream Tail|p1a: Abomasnow\n|\n|-weather|Snow|[upkeep]\n|-heal|p2a: Scream Tail|330/330 par|[from] move: Wish|[wisher] Scream Tail\n|upkeep\n|turn|45\n|\n|t:|1733794048\n|move|p1a: Abomasnow|Earthquake|p2a: Scream Tail\n|-damage|p2a: Scream Tail|263/330 par\n|move|p2a: Scream Tail|Play Rough|p1a: Abomasnow\n|-damage|p1a: Abomasnow|227/291\n|\n|-weather|Snow|[upkeep]\n|-heal|p2a: Scream Tail|283/330 par|[from] item: Leftovers\n|upkeep\n|turn|46\n|\n|t:|1733794057\n|move|p1a: Abomasnow|Blizzard|p2a: Scream Tail\n|-damage|p2a: Scream Tail|190/330 par\n|cant|p2a: Scream Tail|par\n|\n|-weather|none\n|-heal|p2a: Scream Tail|210/330 par|[from] item: Leftovers\n|upkeep\n|turn|47\n|\n|t:|1733794067\n|move|p1a: Abomasnow|Earthquake|p2a: Scream Tail\n|-damage|p2a: Scream Tail|147/330 par\n|move|p2a: Scream Tail|Wish|p2a: Scream Tail\n|\n|-heal|p2a: Scream Tail|167/330 par|[from] item: Leftovers\n|upkeep\n|turn|48\n|\n|t:|1733794074\n|move|p1a: Abomasnow|Earthquake|p2a: Scream Tail\n|-damage|p2a: Scream Tail|98/330 par\n|cant|p2a: Scream Tail|par\n|\n|-heal|p2a: Scream Tail|263/330 par|[from] move: Wish|[wisher] Scream Tail\n|-heal|p2a: Scream Tail|283/330 par|[from] item: Leftovers\n|upkeep\n|turn|49\n|c|\u2606willyboogywoogy|that wish gonna run out homie\n|\n|t:|1733794083\n|move|p1a: Abomasnow|Blizzard|p2a: Scream Tail\n|-damage|p2a: Scream Tail|180/330 par\n|cant|p2a: Scream Tail|par\n|\n|-heal|p2a: Scream Tail|200/330 par|[from] item: Leftovers\n|-sideend|p1: willyboogywoogy|move: Aurora Veil\n|upkeep\n|turn|50\n|\n|t:|1733794090\n|move|p1a: Abomasnow|Aurora Veil||[still]\n|-fail|p1a: Abomasnow\n|move|p2a: Scream Tail|Play Rough|p1a: Abomasnow\n|-damage|p1a: Abomasnow|143/291\n|\n|-heal|p2a: Scream Tail|220/330 par|[from] item: Leftovers\n|upkeep\n|turn|51\n|\n|t:|1733794100\n|move|p1a: Abomasnow|Aurora Veil||[still]\n|-fail|p1a: Abomasnow\n|move|p2a: Scream Tail|Play Rough|p1a: Abomasnow\n|-damage|p1a: Abomasnow|68/291\n|\n|-heal|p2a: Scream Tail|240/330 par|[from] item: Leftovers\n|upkeep\n|turn|52\n|\n|t:|1733794108\n|move|p1a: Abomasnow|Earthquake|p2a: Scream Tail\n|-damage|p2a: Scream Tail|176/330 par\n|move|p2a: Scream Tail|Play Rough|p1a: Abomasnow\n|-damage|p1a: Abomasnow|0 fnt\n|faint|p1a: Abomasnow\n|\n|-heal|p2a: Scream Tail|196/330 par|[from] item: Leftovers\n|upkeep\n|\n|t:|1733794117\n|switch|p1a: Tauros|Tauros, L82, M|257/257\n|-damage|p1a: Tauros|225/257|[from] Spikes\n|turn|53\n|\n|t:|1733794124\n|move|p2a: Scream Tail|Protect|p2a: Scream Tail\n|-singleturn|p2a: Scream Tail|Protect\n|move|p1a: Tauros|Throat Chop|p2a: Scream Tail\n|-activate|p2a: Scream Tail|move: Protect\n|\n|-heal|p2a: Scream Tail|216/330 par|[from] item: Leftovers\n|upkeep\n|turn|54\n|\n|t:|1733794131\n|move|p1a: Tauros|Throat Chop|p2a: Scream Tail\n|-damage|p2a: Scream Tail|135/330 par\n|cant|p2a: Scream Tail|par\n|\n|-heal|p2a: Scream Tail|155/330 par|[from] item: Leftovers\n|upkeep\n|turn|55\n|\n|t:|1733794137\n|move|p2a: Scream Tail|Protect|p2a: Scream Tail\n|-singleturn|p2a: Scream Tail|Protect\n|move|p1a: Tauros|Throat Chop|p2a: Scream Tail\n|-activate|p2a: Scream Tail|move: Protect\n|\n|-heal|p2a: Scream Tail|175/330 par|[from] item: Leftovers\n|upkeep\n|turn|56\n|\n|t:|1733794144\n|move|p1a: Tauros|Throat Chop|p2a: Scream Tail\n|-damage|p2a: Scream Tail|96/330 par\n|move|p2a: Scream Tail|Wish|p2a: Scream Tail\n|\n|-heal|p2a: Scream Tail|116/330 par|[from] item: Leftovers\n|upkeep\n|turn|57\n|\n|t:|1733794150\n|move|p2a: Scream Tail|Protect|p2a: Scream Tail\n|-singleturn|p2a: Scream Tail|Protect\n|move|p1a: Tauros|Throat Chop|p2a: Scream Tail\n|-activate|p2a: Scream Tail|move: Protect\n|\n|-heal|p2a: Scream Tail|281/330 par|[from] move: Wish|[wisher] Scream Tail\n|-heal|p2a: Scream Tail|301/330 par|[from] item: Leftovers\n|upkeep\n|turn|58\n|\n|t:|1733794159\n|move|p1a: Tauros|Throat Chop|p2a: Scream Tail\n|-damage|p2a: Scream Tail|217/330 par\n|move|p2a: Scream Tail|Play Rough|p1a: Tauros\n|-damage|p1a: Tauros|153/257\n|\n|-heal|p2a: Scream Tail|237/330 par|[from] item: Leftovers\n|upkeep\n|turn|59\n|\n|t:|1733794166\n|move|p1a: Tauros|Throat Chop|p2a: Scream Tail\n|-damage|p2a: Scream Tail|158/330 par\n|move|p2a: Scream Tail|Wish|p2a: Scream Tail\n|\n|-heal|p2a: Scream Tail|178/330 par|[from] item: Leftovers\n|upkeep\n|turn|60\n|\n|t:|1733794172\n|cant|p2a: Scream Tail|par\n|move|p1a: Tauros|Throat Chop|p2a: Scream Tail\n|-crit|p2a: Scream Tail\n|-damage|p2a: Scream Tail|44/330 par\n|\n|-heal|p2a: Scream Tail|209/330 par|[from] move: Wish|[wisher] Scream Tail\n|-heal|p2a: Scream Tail|229/330 par|[from] item: Leftovers\n|upkeep\n|turn|61\n|\n|t:|1733794184\n|move|p1a: Tauros|Throat Chop|p2a: Scream Tail\n|-damage|p2a: Scream Tail|151/330 par\n|move|p2a: Scream Tail|Wish|p2a: Scream Tail\n|\n|-heal|p2a: Scream Tail|171/330 par|[from] item: Leftovers\n|upkeep\n|turn|62\n|\n|t:|1733794192\n|move|p2a: Scream Tail|Protect|p2a: Scream Tail\n|-singleturn|p2a: Scream Tail|Protect\n|move|p1a: Tauros|Throat Chop|p2a: Scream Tail\n|-activate|p2a: Scream Tail|move: Protect\n|\n|-heal|p2a: Scream Tail|330/330 par|[from] move: Wish|[wisher] Scream Tail\n|upkeep\n|turn|63\n|\n|t:|1733794199\n|move|p1a: Tauros|Throat Chop|p2a: Scream Tail\n|-damage|p2a: Scream Tail|249/330 par\n|move|p2a: Scream Tail|Play Rough|p1a: Tauros\n|-damage|p1a: Tauros|83/257\n|\n|-heal|p2a: Scream Tail|269/330 par|[from] item: Leftovers\n|upkeep\n|turn|64\n|\n|t:|1733794207\n|move|p1a: Tauros|Throat Chop|p2a: Scream Tail\n|-damage|p2a: Scream Tail|187/330 par\n|move|p2a: Scream Tail|Wish|p2a: Scream Tail\n|\n|-heal|p2a: Scream Tail|207/330 par|[from] item: Leftovers\n|upkeep\n|turn|65\n|\n|t:|1733794213\n|move|p1a: Tauros|Throat Chop|p2a: Scream Tail\n|-damage|p2a: Scream Tail|119/330 par\n|move|p2a: Scream Tail|Play Rough|p1a: Tauros\n|-damage|p1a: Tauros|20/257\n|\n|-heal|p2a: Scream Tail|284/330 par|[from] move: Wish|[wisher] Scream Tail\n|-heal|p2a: Scream Tail|304/330 par|[from] item: Leftovers\n|upkeep\n|turn|66\n|-message|willyboogywoogy forfeited.\n|\n|win|pjake\n|raw|willyboogywoogy's rating: 1125 &rarr; <strong>1096</strong><br />(-29 for losing)\n|raw|pjake's rating: 1075 &rarr; <strong>1108</strong><br />(+33 for winning)\n|l|\u2606willyboogywoogy\n|player|p1|\n|c|\u2606pjake|ez\n|c|\u2606pjake|i had no pp\n", "inputlog": ">version bfd83cad13791eb5a5a409923076391caf6fb4d4\n>start {\"formatid\":\"gen9randombattle\",\"seed\":[33156,14979,53741,52562],\"rated\":\"Rated battle\"}\n>player p1 {\"name\":\"willyboogywoogy\",\"avatar\":\"scientist\",\"rating\":1125,\"seed\":[46169,64597,25861,29303]}\n>player p2 {\"name\":\"pjake\",\"avatar\":\"170\",\"rating\":1075,\"seed\":[60707,47992,58114,1949]}\n>p1 move calmmind\n>p2 move thunderwave\n>p1 move calmmind\n>p2 move spikes\n>p1 move earthpower\n>p2 switch 3\n>p1 move calmmind\n>p2 move encore\n>p1 move earthpower\n>p2 move playrough\n>p1 move earthpower\n>p2 move wish\n>p1 move calmmind\n>p2 move encore\n>p1 move earthpower\n>p2 switch 5\n>p1 move earthpower terastallize\n>p2 move swordsdance\n>p1 move aeroblast\n>p2 move closecombat\n>p1 switch 2\n>p1 move drainingkiss\n>p2 switch 3\n>p1 move mysticalfire\n>p2 move spikes\n>p1 move mysticalfire\n>p2 move magnetrise\n>p2 switch 4\n>p1 move nuzzle\n>p2 switch 6\n>p1 move drainingkiss\n>p2 move earthpower\n>p1 move drainingkiss\n>p2 move thunderbolt\n>p1 move drainingkiss\n>p2 move voltswitch\n>p2 switch 3\n>p1 switch 3\n>p2 move knockoff\n>p1 move stealthrock\n>p2 move powerwhip\n>p1 switch 5\n>p2 switch 2\n>p1 move freezedry\n>p2 move flipturn\n>p2 switch 3\n>p1 move hydropump\n>p2 move thunderbolt terastallize\n>p2 switch 5\n>p1 move encore\n>p2 move wish\n>p1 move encore\n>p2 move playrough\n>p1 move icebeam\n>p2 move wish\n>p1 move icebeam\n>p2 switch 6\n>p1 move icebeam\n>p2 move nastyplot\n>p1 move icebeam\n>p2 move alluringvoice\n>p1 move icebeam\n>p2 move darkpulse\n>p2 switch 6\n>p1 move icebeam\n>p2 move wish\n>p1 move encore\n>p2 move playrough\n>p1 move icebeam\n>p2 move wish\n>p1 move hydropump\n>p2 move wish\n>p1 move icebeam\n>p2 move playrough\n>p1 switch 3\n>p1 move nuzzle\n>p2 move wish\n>p1 move mysticalfire\n>p2 move playrough\n>p1 move mysticalfire\n>p2 move playrough\n>p1 move mysticalfire\n>p2 move playrough\n>p1 move drainingkiss\n>p2 move wish\n>p1 move drainingkiss\n>p2 move playrough\n>p1 move drainingkiss\n>p2 move playrough\n>p1 move drainingkiss\n>p2 move playrough\n>p1 switch 4\n>p1 move auroraveil\n>p2 move wish\n>p1 move blizzard\n>p2 move wish\n>p1 move earthquake\n>p2 move playrough\n>p1 move earthquake\n>p2 move playrough\n>p1 move blizzard\n>p2 move encore\n>p1 move earthquake\n>p2 move wish\n>p1 move earthquake\n>p2 move playrough\n>chat \u2606willyboogywoogy|that wish gonna run out homie\n>p1 move blizzard\n>p2 move playrough\n>p1 move auroraveil\n>p2 move playrough\n>p1 move auroraveil\n>p2 move playrough\n>p1 move earthquake\n>p2 move playrough\n>p1 switch 6\n>p1 move throatchop\n>p2 move protect\n>p1 move throatchop\n>p2 move wish\n>p1 move throatchop\n>p2 move protect\n>p1 move throatchop\n>p2 move wish\n>p1 move throatchop\n>p2 move protect\n>p1 move throatchop\n>p2 move playrough\n>p1 move throatchop\n>p2 move wish\n>p1 move throatchop\n>p2 move protect\n>p1 move throatchop\n>p2 move wish\n>p1 move throatchop\n>p2 move protect\n>p1 move throatchop\n>p2 move playrough\n>p1 move throatchop\n>p2 move wish\n>p1 move throatchop\n>p2 move playrough\n>forcelose p1", "uploadtime": 1733794291, "views": 4, "formatid": "gen9randombattle", "rating": 1096, "private": 0, "password": null}