{"id": "gen9randombattle-2259782242", "format": "[Gen 9] Random Battle", "players": ["Hylt", "feawef"], "log": "|j|\u2606Hylt\n|j|\u203dfeawef\n|t:|1733766183\n|gametype|singles\n|player|p1|Hylt|drayden|1268\n|player|p2|feawef|265|1287\n|teamsize|p1|6\n|teamsize|p2|6\n|gen|9\n|tier|[Gen 9] Random Battle\n|rated|\n|rule|Species Clause: Limit one of each Pok\u00e9mon\n|rule|HP Percentage Mod: HP is shown in percentages\n|rule|Sleep Clause Mod: Limit one foe put to sleep\n|rule|Illusion Level Mod: Illusion disguises the Pok\u00e9mon's true level\n|\n|t:|1733766183\n|start\n|switch|p1a: Vileplume|Vileplume, L85, F|266/266\n|switch|p2a: Bastiodon|Bastiodon, L89, F|252/252\n|turn|1\n|\n|t:|1733766198\n|switch|p2a: Spidops|Spidops, L96, M|271/271\n|move|p1a: Vileplume|Sleep Powder|p2a: Spidops\n|-status|p2a: Spidops|slp|[from] move: Sleep Powder\n|\n|upkeep\n|turn|2\n|\n|t:|1733766226\n|switch|p1a: Plusle|Plusle, L95, M|268/268\n|cant|p2a: Spidops|slp\n|\n|upkeep\n|turn|3\n|\n|t:|1733766234\n|switch|p2a: Chansey|Chansey, L85, F|564/564\n|move|p1a: Plusle|Nasty Plot|p1a: Plusle\n|-boost|p1a: Plusle|spa|2\n|\n|upkeep\n|turn|4\n|\n|t:|1733766241\n|move|p1a: Plusle|Thunderbolt|p2a: Chansey\n|-damage|p2a: Chansey|411/564\n|-damage|p1a: Plusle|242/268|[from] item: Life Orb\n|move|p2a: Chansey|Seismic Toss|p1a: Plusle\n|-damage|p1a: Plusle|157/268\n|\n|upkeep\n|turn|5\n|\n|t:|1733766247\n|move|p1a: Plusle|Nasty Plot|p1a: Plusle\n|-boost|p1a: Plusle|spa|2\n|move|p2a: Chansey|Seismic Toss|p1a: Plusle\n|-damage|p1a: Plusle|72/268\n|\n|upkeep\n|turn|6\n|\n|t:|1733766259\n|move|p1a: Plusle|Thunderbolt|p2a: Chansey\n|-damage|p2a: Chansey|142/564\n|-damage|p1a: Plusle|46/268|[from] item: Life Orb\n|move|p2a: Chansey|Soft-Boiled|p2a: Chansey\n|-heal|p2a: Chansey|424/564\n|\n|upkeep\n|turn|7\n|\n|t:|1733766267\n|move|p1a: Plusle|Encore|p2a: Chansey\n|-start|p2a: Chansey|Encore\n|move|p2a: Chansey|Soft-Boiled|p2a: Chansey\n|-heal|p2a: Chansey|564/564\n|\n|upkeep\n|turn|8\n|\n|t:|1733766271\n|switch|p2a: Gliscor|Gliscor, L76, M|239/239\n|move|p1a: Plusle|Grass Knot|p2a: Gliscor\n|-damage|p2a: Gliscor|14/239\n|-damage|p1a: Plusle|20/268|[from] item: Life Orb\n|\n|-status|p2a: Gliscor|tox|[from] item: Toxic Orb\n|upkeep\n|turn|9\n|\n|t:|1733766279\n|move|p2a: Gliscor|Protect|p2a: Gliscor\n|-singleturn|p2a: Gliscor|Protect\n|move|p1a: Plusle|Grass Knot|p2a: Gliscor\n|-activate|p2a: Gliscor|move: Protect\n|\n|-heal|p2a: Gliscor|43/239 tox|[from] ability: Poison Heal\n|upkeep\n|turn|10\n|\n|t:|1733766286\n|switch|p2a: Chansey|Chansey, L85, F|564/564\n|move|p1a: Plusle|Grass Knot|p2a: Chansey\n|-damage|p2a: Chansey|459/564\n|-damage|p1a: Plusle|0 fnt|[from] item: Life Orb\n|faint|p1a: Plusle\n|\n|upkeep\n|\n|t:|1733766296\n|switch|p1a: Mabosstiff|Mabosstiff, L86, F|278/278\n|turn|11\n|\n|t:|1733766301\n|move|p1a: Mabosstiff|Crunch|p2a: Chansey\n|-damage|p2a: Chansey|207/564\n|move|p2a: Chansey|Thunder Wave|p1a: Mabosstiff\n|-status|p1a: Mabosstiff|par\n|\n|upkeep\n|turn|12\n|\n|t:|1733766308\n|switch|p2a: Iron Valiant|Iron Valiant, L78|244/244\n|move|p1a: Mabosstiff|Crunch|p2a: Iron Valiant\n|-resisted|p2a: Iron Valiant\n|-damage|p2a: Iron Valiant|190/244\n|\n|upkeep\n|turn|13\n|\n|t:|1733766317\n|switch|p1a: Vileplume|Vileplume, L85, F|266/266\n|move|p2a: Iron Valiant|Calm Mind|p2a: Iron Valiant\n|-boost|p2a: Iron Valiant|spa|1\n|-boost|p2a: Iron Valiant|spd|1\n|\n|upkeep\n|turn|14\n|\n|t:|1733766327\n|move|p2a: Iron Valiant|Psychic|p1a: Vileplume\n|-supereffective|p1a: Vileplume\n|-damage|p1a: Vileplume|16/266\n|-damage|p2a: Iron Valiant|166/244|[from] item: Life Orb\n|move|p1a: Vileplume|Sludge Bomb|p2a: Iron Valiant\n|-supereffective|p2a: Iron Valiant\n|-damage|p2a: Iron Valiant|0 fnt\n|faint|p2a: Iron Valiant\n|-end|p2a: Iron Valiant|Quark Drive|[silent]\n|\n|-heal|p1a: Vileplume|32/266|[from] item: Leftovers\n|upkeep\n|\n|t:|1733766330\n|switch|p2a: Spidops|Spidops, L96, M|271/271 slp\n|turn|15\n|\n|t:|1733766340\n|move|p1a: Vileplume|Strength Sap|p2a: Spidops\n|-unboost|p2a: Spidops|atk|1\n|-heal|p1a: Vileplume|238/266\n|cant|p2a: Spidops|slp\n|\n|-heal|p1a: Vileplume|254/266|[from] item: Leftovers\n|upkeep\n|turn|16\n|\n|t:|1733766348\n|move|p1a: Vileplume|Sludge Bomb|p2a: Spidops\n|-damage|p2a: Spidops|181/271 slp\n|cant|p2a: Spidops|slp\n|\n|-heal|p1a: Vileplume|266/266|[from] item: Leftovers\n|upkeep\n|turn|17\n|\n|t:|1733766358\n|switch|p1a: Clodsire|Clodsire, L81, F|343/343\n|-curestatus|p2a: Spidops|slp|[msg]\n|move|p2a: Spidops|Sticky Web|p1a: Clodsire\n|-sidestart|p1: Hylt|move: Sticky Web\n|\n|upkeep\n|turn|18\n|\n|t:|1733766369\n|move|p2a: Spidops|Knock Off|p1a: Clodsire\n|-damage|p1a: Clodsire|274/343\n|-enditem|p1a: Clodsire|Leftovers|[from] move: Knock Off|[of] p2a: Spidops\n|move|p1a: Clodsire|Gunk Shot|p2a: Spidops\n|-damage|p2a: Spidops|91/271\n|-status|p2a: Spidops|psn\n|\n|-damage|p2a: Spidops|58/271 psn|[from] psn\n|upkeep\n|turn|19\n|\n|t:|1733766382\n|move|p2a: Spidops|Spikes|p1a: Clodsire\n|-sidestart|p1: Hylt|Spikes\n|move|p1a: Clodsire|Recover|p1a: Clodsire\n|-heal|p1a: Clodsire|343/343\n|\n|-damage|p2a: Spidops|25/271 psn|[from] psn\n|upkeep\n|turn|20\n|\n|t:|1733766391\n|move|p2a: Spidops|Spikes|p1a: Clodsire\n|-sidestart|p1: Hylt|Spikes\n|move|p1a: Clodsire|Earthquake|p2a: Spidops\n|-resisted|p2a: Spidops\n|-damage|p2a: Spidops|0 fnt\n|faint|p2a: Spidops\n|\n|upkeep\n|\n|t:|1733766394\n|switch|p2a: Gliscor|Gliscor, L76, M|43/239 tox\n|turn|21\n|\n|t:|1733766408\n|move|p2a: Gliscor|Protect|p2a: Gliscor\n|-singleturn|p2a: Gliscor|Protect\n|move|p1a: Clodsire|Gunk Shot|p2a: Gliscor\n|-activate|p2a: Gliscor|move: Protect\n|\n|-heal|p2a: Gliscor|72/239 tox|[from] ability: Poison Heal\n|upkeep\n|turn|22\n|\n|t:|1733766416\n|move|p2a: Gliscor|Earthquake|p1a: Clodsire\n|-supereffective|p1a: Clodsire\n|-damage|p1a: Clodsire|125/343\n|move|p1a: Clodsire|Gunk Shot|p2a: Gliscor\n|-resisted|p2a: Gliscor\n|-damage|p2a: Gliscor|33/239 tox\n|\n|-heal|p2a: Gliscor|62/239 tox|[from] ability: Poison Heal\n|upkeep\n|turn|23\n|\n|t:|1733766437\n|move|p2a: Gliscor|Earthquake|p1a: Clodsire\n|-supereffective|p1a: Clodsire\n|-damage|p1a: Clodsire|0 fnt\n|faint|p1a: Clodsire\n|\n|-heal|p2a: Gliscor|91/239 tox|[from] ability: Poison Heal\n|upkeep\n|\n|t:|1733766444\n|switch|p1a: Mabosstiff|Mabosstiff, L86, F|278/278 par\n|-activate|p1a: Mabosstiff|move: Sticky Web\n|-unboost|p1a: Mabosstiff|spe|1\n|-damage|p1a: Mabosstiff|232/278 par|[from] Spikes\n|turn|24\n|\n|t:|1733766451\n|move|p2a: Gliscor|Protect|p2a: Gliscor\n|-singleturn|p2a: Gliscor|Protect\n|cant|p1a: Mabosstiff|par\n|\n|-heal|p2a: Gliscor|120/239 tox|[from] ability: Poison Heal\n|upkeep\n|turn|25\n|\n|t:|1733766467\n|switch|p2a: Jolteon|Jolteon, L84, M|246/246\n|cant|p1a: Mabosstiff|par\n|\n|upkeep\n|turn|26\n|\n|t:|1733766476\n|move|p2a: Jolteon|Calm Mind|p2a: Jolteon\n|-boost|p2a: Jolteon|spa|1\n|-boost|p2a: Jolteon|spd|1\n|move|p1a: Mabosstiff|Crunch|p2a: Jolteon\n|-damage|p2a: Jolteon|108/246\n|\n|upkeep\n|turn|27\n|\n|t:|1733766482\n|move|p2a: Jolteon|Alluring Voice|p1a: Mabosstiff\n|-supereffective|p1a: Mabosstiff\n|-damage|p1a: Mabosstiff|0 fnt\n|faint|p1a: Mabosstiff\n|-damage|p2a: Jolteon|84/246|[from] item: Life Orb\n|\n|upkeep\n|\n|t:|1733766494\n|switch|p1a: Vileplume|Vileplume, L85, F|266/266\n|-activate|p1a: Vileplume|move: Sticky Web\n|-unboost|p1a: Vileplume|spe|1\n|-damage|p1a: Vileplume|222/266|[from] Spikes\n|turn|28\n|\n|t:|1733766505\n|move|p2a: Jolteon|Shadow Ball|p1a: Vileplume\n|-damage|p1a: Vileplume|101/266\n|-damage|p2a: Jolteon|60/246|[from] item: Life Orb\n|move|p1a: Vileplume|Sludge Bomb|p2a: Jolteon\n|-damage|p2a: Jolteon|0 fnt\n|faint|p2a: Jolteon\n|\n|-heal|p1a: Vileplume|117/266|[from] item: Leftovers\n|upkeep\n|\n|t:|1733766515\n|switch|p2a: Gliscor|Gliscor, L76, M|120/239 tox\n|turn|29\n|\n|t:|1733766521\n|move|p2a: Gliscor|Protect|p2a: Gliscor\n|-singleturn|p2a: Gliscor|Protect\n|move|p1a: Vileplume|Strength Sap|p2a: Gliscor\n|-activate|p2a: Gliscor|move: Protect\n|\n|-heal|p1a: Vileplume|133/266|[from] item: Leftovers\n|-heal|p2a: Gliscor|149/239 tox|[from] ability: Poison Heal\n|upkeep\n|turn|30\n|\n|t:|1733766529\n|move|p2a: Gliscor|Substitute|p2a: Gliscor\n|-start|p2a: Gliscor|Substitute\n|-damage|p2a: Gliscor|90/239 tox\n|move|p1a: Vileplume|Strength Sap||[still]\n|-fail|p1a: Vileplume\n|\n|-heal|p1a: Vileplume|149/266|[from] item: Leftovers\n|-heal|p2a: Gliscor|119/239 tox|[from] ability: Poison Heal\n|upkeep\n|turn|31\n|\n|t:|1733766539\n|move|p2a: Gliscor|Earthquake|p1a: Vileplume\n|-damage|p1a: Vileplume|55/266\n|move|p1a: Vileplume|Giga Drain|p2a: Gliscor\n|-end|p2a: Gliscor|Substitute\n|-heal|p1a: Vileplume|85/266|[from] drain|[of] p2a: Gliscor\n|\n|-heal|p1a: Vileplume|101/266|[from] item: Leftovers\n|-heal|p2a: Gliscor|148/239 tox|[from] ability: Poison Heal\n|upkeep\n|turn|32\n|\n|t:|1733766549\n|move|p2a: Gliscor|Protect|p2a: Gliscor\n|-singleturn|p2a: Gliscor|Protect\n|move|p1a: Vileplume|Giga Drain|p2a: Gliscor\n|-activate|p2a: Gliscor|move: Protect\n|\n|-heal|p1a: Vileplume|117/266|[from] item: Leftovers\n|-heal|p2a: Gliscor|177/239 tox|[from] ability: Poison Heal\n|upkeep\n|turn|33\n|\n|t:|1733766556\n|move|p2a: Gliscor|Earthquake|p1a: Vileplume\n|-damage|p1a: Vileplume|26/266\n|move|p1a: Vileplume|Giga Drain|p2a: Gliscor\n|-damage|p2a: Gliscor|62/239 tox\n|-heal|p1a: Vileplume|84/266|[from] drain|[of] p2a: Gliscor\n|\n|-heal|p1a: Vileplume|100/266|[from] item: Leftovers\n|-heal|p2a: Gliscor|91/239 tox|[from] ability: Poison Heal\n|upkeep\n|turn|34\n|\n|t:|1733766566\n|move|p2a: Gliscor|Protect|p2a: Gliscor\n|-singleturn|p2a: Gliscor|Protect\n|move|p1a: Vileplume|Giga Drain|p2a: Gliscor\n|-activate|p2a: Gliscor|move: Protect\n|\n|-heal|p1a: Vileplume|116/266|[from] item: Leftovers\n|-heal|p2a: Gliscor|120/239 tox|[from] ability: Poison Heal\n|upkeep\n|turn|35\n|\n|t:|1733766574\n|switch|p2a: Chansey|Chansey, L85, F|207/564\n|move|p1a: Vileplume|Giga Drain|p2a: Chansey\n|-damage|p2a: Chansey|152/564\n|-heal|p1a: Vileplume|144/266|[from] drain|[of] p2a: Chansey\n|\n|-heal|p1a: Vileplume|160/266|[from] item: Leftovers\n|upkeep\n|turn|36\n|\n|t:|1733766582\n|move|p2a: Chansey|Soft-Boiled|p2a: Chansey\n|-heal|p2a: Chansey|434/564\n|move|p1a: Vileplume|Strength Sap|p2a: Chansey\n|-unboost|p2a: Chansey|atk|1\n|-heal|p1a: Vileplume|173/266\n|\n|-heal|p1a: Vileplume|189/266|[from] item: Leftovers\n|upkeep\n|turn|37\n|\n|t:|1733766593\n|move|p2a: Chansey|Thunder Wave|p1a: Vileplume|[miss]\n|-miss|p2a: Chansey|p1a: Vileplume\n|move|p1a: Vileplume|Sleep Powder|p2a: Chansey\n|-status|p2a: Chansey|slp|[from] move: Sleep Powder\n|\n|-heal|p1a: Vileplume|205/266|[from] item: Leftovers\n|upkeep\n|turn|38\n|\n|t:|1733766611\n|cant|p2a: Chansey|slp\n|move|p1a: Vileplume|Strength Sap|p2a: Chansey\n|-unboost|p2a: Chansey|atk|1\n|-heal|p1a: Vileplume|213/266\n|\n|-heal|p1a: Vileplume|229/266|[from] item: Leftovers\n|upkeep\n|turn|39\n|\n|t:|1733766623\n|switch|p1a: Deoxys|Deoxys-Attack, L72|191/191\n|-activate|p1a: Deoxys|move: Sticky Web\n|-unboost|p1a: Deoxys|spe|1\n|-damage|p1a: Deoxys|160/191|[from] Spikes\n|-ability|p1a: Deoxys|Pressure\n|-curestatus|p2a: Chansey|slp|[msg]\n|move|p2a: Chansey|Stealth Rock|p1a: Deoxys\n|-sidestart|p1: Hylt|move: Stealth Rock\n|\n|upkeep\n|turn|40\n|\n|t:|1733766638\n|switch|p2a: Gliscor|Gliscor, L76, M|120/239 tox\n|-terastallize|p1a: Deoxys|Fighting\n|move|p1a: Deoxys|Superpower|p2a: Gliscor\n|-resisted|p2a: Gliscor\n|-damage|p2a: Gliscor|42/239 tox\n|-unboost|p1a: Deoxys|atk|1\n|-unboost|p1a: Deoxys|def|1\n|-damage|p1a: Deoxys|141/191|[from] item: Life Orb\n|\n|-heal|p2a: Gliscor|71/239 tox|[from] ability: Poison Heal\n|upkeep\n|turn|41\n|\n|t:|1733766651\n|move|p2a: Gliscor|Earthquake|p1a: Deoxys\n|-damage|p1a: Deoxys|0 fnt\n|faint|p1a: Deoxys\n|\n|-heal|p2a: Gliscor|100/239 tox|[from] ability: Poison Heal\n|upkeep\n|\n|t:|1733766664\n|switch|p1a: Wyrdeer|Wyrdeer, L87, F|321/321\n|-activate|p1a: Wyrdeer|move: Sticky Web\n|-unboost|p1a: Wyrdeer|spe|1\n|-damage|p1a: Wyrdeer|268/321|[from] Spikes\n|-damage|p1a: Wyrdeer|228/321|[from] Stealth Rock\n|-ability|p1a: Wyrdeer|Intimidate|boost\n|-unboost|p2a: Gliscor|atk|1\n|turn|42\n|\n|t:|1733766672\n|move|p2a: Gliscor|Protect|p2a: Gliscor\n|-singleturn|p2a: Gliscor|Protect\n|move|p1a: Wyrdeer|Psychic Noise|p2a: Gliscor\n|-activate|p2a: Gliscor|move: Protect\n|\n|-heal|p1a: Wyrdeer|248/321|[from] item: Leftovers\n|-heal|p2a: Gliscor|129/239 tox|[from] ability: Poison Heal\n|upkeep\n|turn|43\n|\n|t:|1733766682\n|move|p2a: Gliscor|Toxic|p1a: Wyrdeer\n|-status|p1a: Wyrdeer|tox\n|move|p1a: Wyrdeer|Psychic Noise|p2a: Gliscor\n|-damage|p2a: Gliscor|11/239 tox\n|-start|p2a: Gliscor|move: Heal Block\n|\n|-heal|p1a: Wyrdeer|268/321 tox|[from] item: Leftovers\n|-damage|p1a: Wyrdeer|248/321 tox|[from] psn\n|upkeep\n|turn|44\n|\n|t:|1733766694\n|move|p2a: Gliscor|Protect|p2a: Gliscor\n|-singleturn|p2a: Gliscor|Protect\n|move|p1a: Wyrdeer|Psychic Noise|p2a: Gliscor\n|-activate|p2a: Gliscor|move: Protect\n|\n|-heal|p1a: Wyrdeer|268/321 tox|[from] item: Leftovers\n|-damage|p1a: Wyrdeer|228/321 tox|[from] psn\n|-end|p2a: Gliscor|move: Heal Block\n|upkeep\n|turn|45\n|\n|t:|1733766704\n|switch|p2a: Bastiodon|Bastiodon, L89, F|252/252\n|move|p1a: Wyrdeer|Psychic Noise|p2a: Bastiodon\n|-immune|p2a: Bastiodon|[from] ability: Soundproof\n|\n|-heal|p1a: Wyrdeer|248/321 tox|[from] item: Leftovers\n|-damage|p1a: Wyrdeer|188/321 tox|[from] psn\n|upkeep\n|turn|46\n|\n|t:|1733766714\n|switch|p2a: Gliscor|Gliscor, L76, M|11/239 tox\n|move|p1a: Wyrdeer|Earthquake|p2a: Gliscor\n|-immune|p2a: Gliscor\n|\n|-heal|p1a: Wyrdeer|208/321 tox|[from] item: Leftovers\n|-heal|p2a: Gliscor|40/239 tox|[from] ability: Poison Heal\n|-damage|p1a: Wyrdeer|128/321 tox|[from] psn\n|upkeep\n|turn|47\n|\n|t:|1733766724\n|move|p2a: Gliscor|Protect|p2a: Gliscor\n|-singleturn|p2a: Gliscor|Protect\n|move|p1a: Wyrdeer|Psychic Noise|p2a: Gliscor\n|-activate|p2a: Gliscor|move: Protect\n|\n|-heal|p1a: Wyrdeer|148/321 tox|[from] item: Leftovers\n|-heal|p2a: Gliscor|69/239 tox|[from] ability: Poison Heal\n|-damage|p1a: Wyrdeer|48/321 tox|[from] psn\n|upkeep\n|turn|48\n|\n|t:|1733766734\n|move|p2a: Gliscor|Earthquake|p1a: Wyrdeer\n|-damage|p1a: Wyrdeer|0 fnt\n|faint|p1a: Wyrdeer\n|\n|-heal|p2a: Gliscor|98/239 tox|[from] ability: Poison Heal\n|upkeep\n|\n|t:|1733766740\n|switch|p1a: Vileplume|Vileplume, L85, F|229/266\n|-activate|p1a: Vileplume|move: Sticky Web\n|-unboost|p1a: Vileplume|spe|1\n|-damage|p1a: Vileplume|185/266|[from] Spikes\n|-damage|p1a: Vileplume|152/266|[from] Stealth Rock\n|turn|49\n|\n|t:|1733766754\n|move|p2a: Gliscor|Earthquake|p1a: Vileplume\n|-damage|p1a: Vileplume|68/266\n|move|p1a: Vileplume|Giga Drain|p2a: Gliscor\n|-damage|p2a: Gliscor|0 fnt\n|-heal|p1a: Vileplume|117/266|[from] drain|[of] p2a: Gliscor\n|faint|p2a: Gliscor\n|\n|-heal|p1a: Vileplume|133/266|[from] item: Leftovers\n|upkeep\n|\n|t:|1733766759\n|switch|p2a: Chansey|Chansey, L85, F|434/564\n|turn|50\n|\n|t:|1733766777\n|move|p2a: Chansey|Thunder Wave|p1a: Vileplume\n|-status|p1a: Vileplume|par\n|move|p1a: Vileplume|Sleep Powder|p2a: Chansey\n|-status|p2a: Chansey|slp|[from] move: Sleep Powder\n|\n|-heal|p1a: Vileplume|149/266 par|[from] item: Leftovers\n|upkeep\n|turn|51\n|\n|t:|1733766791\n|cant|p2a: Chansey|slp\n|cant|p1a: Vileplume|par\n|\n|-heal|p1a: Vileplume|165/266 par|[from] item: Leftovers\n|upkeep\n|turn|52\n|\n|t:|1733766798\n|cant|p2a: Chansey|slp\n|cant|p1a: Vileplume|par\n|\n|-heal|p1a: Vileplume|181/266 par|[from] item: Leftovers\n|upkeep\n|turn|53\n|\n|t:|1733766803\n|cant|p2a: Chansey|slp\n|cant|p1a: Vileplume|par\n|\n|-heal|p1a: Vileplume|197/266 par|[from] item: Leftovers\n|upkeep\n|turn|54\n|\n|t:|1733766810\n|-curestatus|p2a: Chansey|slp|[msg]\n|move|p2a: Chansey|Seismic Toss|p1a: Vileplume\n|-damage|p1a: Vileplume|112/266 par\n|move|p1a: Vileplume|Giga Drain|p2a: Chansey\n|-damage|p2a: Chansey|382/564\n|-heal|p1a: Vileplume|138/266 par|[from] drain|[of] p2a: Chansey\n|\n|-heal|p1a: Vileplume|154/266 par|[from] item: Leftovers\n|upkeep\n|turn|55\n|\n|t:|1733766822\n|move|p2a: Chansey|Seismic Toss|p1a: Vileplume\n|-damage|p1a: Vileplume|69/266 par\n|move|p1a: Vileplume|Sleep Powder|p2a: Chansey\n|-status|p2a: Chansey|slp|[from] move: Sleep Powder\n|\n|-heal|p1a: Vileplume|85/266 par|[from] item: Leftovers\n|upkeep\n|turn|56\n|\n|t:|1733766830\n|cant|p2a: Chansey|slp\n|move|p1a: Vileplume|Strength Sap|p2a: Chansey\n|-unboost|p2a: Chansey|atk|1\n|-heal|p1a: Vileplume|98/266 par\n|\n|-heal|p1a: Vileplume|114/266 par|[from] item: Leftovers\n|upkeep\n|turn|57\n|\n|t:|1733766838\n|cant|p2a: Chansey|slp\n|move|p1a: Vileplume|Strength Sap|p2a: Chansey\n|-unboost|p2a: Chansey|atk|1\n|-heal|p1a: Vileplume|122/266 par\n|\n|-heal|p1a: Vileplume|138/266 par|[from] item: Leftovers\n|upkeep\n|turn|58\n|\n|t:|1733766846\n|-curestatus|p2a: Chansey|slp|[msg]\n|move|p2a: Chansey|Seismic Toss|p1a: Vileplume\n|-damage|p1a: Vileplume|53/266 par\n|move|p1a: Vileplume|Giga Drain|p2a: Chansey\n|-damage|p2a: Chansey|328/564\n|-heal|p1a: Vileplume|80/266 par|[from] drain|[of] p2a: Chansey\n|\n|-heal|p1a: Vileplume|96/266 par|[from] item: Leftovers\n|upkeep\n|turn|59\n|\n|t:|1733766855\n|move|p2a: Chansey|Seismic Toss|p1a: Vileplume\n|-damage|p1a: Vileplume|11/266 par\n|cant|p1a: Vileplume|par\n|\n|-heal|p1a: Vileplume|27/266 par|[from] item: Leftovers\n|upkeep\n|turn|60\n|\n|t:|1733766862\n|move|p2a: Chansey|Seismic Toss|p1a: Vileplume\n|-damage|p1a: Vileplume|0 fnt\n|-status|p2a: Chansey|psn|[from] ability: Effect Spore|[of] p1a: Vileplume\n|faint|p1a: Vileplume\n|\n|win|feawef\n|raw|Hylt's rating: 1268 &rarr; <strong>1244</strong><br />(-24 for losing)\n|raw|feawef's rating: 1287 &rarr; <strong>1311</strong><br />(+24 for winning)\n", "inputlog": ">version bfd83cad13791eb5a5a409923076391caf6fb4d4\n>start {\"formatid\":\"gen9randombattle\",\"seed\":[57202,59735,39111,10258],\"rated\":\"Rated battle\"}\n>player p1 {\"name\":\"Hylt\",\"avatar\":\"drayden\",\"rating\":1268,\"seed\":[37966,8514,49099,32698]}\n>player p2 {\"name\":\"feawef\",\"avatar\":\"265\",\"rating\":1287,\"seed\":[25048,18454,42183,1577]}\n>p1 move sleeppowder\n>p2 switch 4\n>p1 switch 2\n>p2 move stickyweb\n>p1 move nastyplot\n>p2 switch 6\n>p1 move thunderbolt\n>p2 move seismictoss\n>p1 move nastyplot\n>p2 move seismictoss\n>p1 move thunderbolt\n>p2 move softboiled\n>p1 move encore\n>p2 move seismictoss\n>p1 move grassknot\n>p2 switch 2\n>p1 move grassknot\n>p2 move protect\n>p1 move grassknot\n>p2 switch 2\n>p1 switch 6\n>p1 move crunch\n>p2 move thunderwave\n>p1 move crunch\n>p2 switch 3\n>p1 switch 2\n>p2 move calmmind\n>p1 move sludgebomb\n>p2 move psychic\n>p2 switch 6\n>p1 move strengthsap\n>p2 move stickyweb\n>p1 move sludgebomb\n>p2 move stickyweb\n>p1 switch 5\n>p2 move stickyweb\n>p1 move gunkshot\n>p2 move knockoff\n>p1 move recover\n>p2 move spikes\n>p1 move earthquake\n>p2 move spikes\n>p2 switch 2\n>p1 move gunkshot\n>p2 move protect\n>p1 move gunkshot\n>p2 move earthquake\n>p1 move recover\n>p2 move earthquake\n>p1 switch 2\n>p1 move crunch\n>p2 move protect\n>p1 move crunch\n>p2 switch 5\n>p1 move crunch\n>p2 move calmmind\n>p1 move crunch\n>p2 move alluringvoice\n>p1 switch 5\n>p1 move sludgebomb\n>p2 move shadowball\n>p2 switch 5\n>p1 move strengthsap\n>p2 move protect\n>p1 move strengthsap\n>p2 move substitute\n>p1 move gigadrain\n>p2 move earthquake\n>p1 move gigadrain\n>p2 move protect\n>p1 move gigadrain\n>p2 move earthquake\n>p1 move gigadrain\n>p2 move protect\n>p1 move gigadrain\n>p2 switch 3\n>p1 move strengthsap\n>p2 move softboiled\n>p1 move sleeppowder\n>p2 move thunderwave\n>p1 move strengthsap\n>p2 move stealthrock\n>p1 switch 3\n>p2 move stealthrock\n>p1 move superpower terastallize\n>p2 switch 3\n>p1 move icebeam\n>p2 move earthquake\n>p1 switch 4\n>p1 move psychicnoise\n>p2 move protect\n>p1 move psychicnoise\n>p2 move toxic\n>p1 move psychicnoise\n>p2 move protect\n>p1 move psychicnoise\n>p2 switch 4\n>p1 move earthquake\n>p2 switch 4\n>p1 move psychicnoise\n>p2 move protect\n>p1 move psychicnoise\n>p2 move earthquake\n>p1 switch 3\n>p1 move gigadrain\n>p2 move earthquake\n>p2 switch 3\n>p1 move sleeppowder\n>p2 move thunderwave\n>p1 move gigadrain\n>p2 move seismictoss\n>p1 move gigadrain\n>p2 move seismictoss\n>p1 move gigadrain\n>p2 move seismictoss\n>p1 move gigadrain\n>p2 move seismictoss\n>p1 move sleeppowder\n>p2 move seismictoss\n>p1 move strengthsap\n>p2 move seismictoss\n>p1 move strengthsap\n>p2 move seismictoss\n>p1 move gigadrain\n>p2 move seismictoss\n>p1 move sludgebomb\n>p2 move seismictoss\n>p1 move sludgebomb\n>p2 move seismictoss", "uploadtime": 1733766872, "views": 2, "formatid": "gen9randombattle", "rating": 1244, "private": 0, "password": null}