{"id": "gen9randombattle-2086020149", "format": "[Gen 9] Random Battle", "players": ["we are married bro", "MichaelderBeste2"], "log": "|j|\u203dwe are married bro\n|j|\u2606MichaelderBeste2\n|t:|1711035129\n|gametype|singles\n|player|p1|we are married bro|pokekid|2343\n|player|p2|MichaelderBeste2|#smogonxnpa2024draftee2|2428\n|teamsize|p1|6\n|teamsize|p2|6\n|gen|9\n|tier|[Gen 9] Random Battle\n|rated|\n|rule|Species Clause: Limit one of each Pok\u00e9mon\n|rule|HP Percentage Mod: HP is shown in percentages\n|rule|Sleep Clause Mod: Limit one foe put to sleep\n|rule|Illusion Level Mod: Illusion disguises the Pok\u00e9mon's true level\n|\n|t:|1711035129\n|start\n|switch|p1a: Manaphy|Manaphy, L78|284/284\n|switch|p2a: Perrserker|Perrserker, L89, F|269/269\n|turn|1\n|inactive|Battle timer is ON: inactive players will automatically lose when time's up. (requested by we are married bro)\n|\n|t:|1711035138\n|move|p1a: Manaphy|Tail Glow|p1a: Manaphy\n|-boost|p1a: Manaphy|spa|3\n|move|p2a: Perrserker|U-turn|p1a: Manaphy\n|-damage|p1a: Manaphy|172/284\n|\n|t:|1711035144\n|switch|p2a: Arceus|Arceus-Grass, L72|292/292|[from] U-turn\n|\n|-heal|p1a: Manaphy|189/284|[from] item: Leftovers\n|upkeep\n|turn|2\n|\n|t:|1711035155\n|switch|p1a: Overqwil|Overqwil, L82, M|274/274\n|-ability|p1a: Overqwil|Intimidate|boost\n|-unboost|p2a: Arceus|atk|1\n|move|p2a: Arceus|Judgment|p1a: Overqwil\n|-resisted|p1a: Overqwil\n|-damage|p1a: Overqwil|208/274\n|\n|upkeep\n|turn|3\n|\n|t:|1711035172\n|switch|p2a: Magnezone|Magnezone, L85|258/258\n|move|p1a: Overqwil|Swords Dance|p1a: Overqwil\n|-boost|p1a: Overqwil|atk|2\n|\n|upkeep\n|turn|4\n|\n|t:|1711035199\n|move|p1a: Overqwil|Crunch|p2a: Magnezone\n|-damage|p2a: Magnezone|83/258\n|-damage|p1a: Overqwil|181/274|[from] item: Life Orb\n|move|p2a: Magnezone|Volt Switch|p1a: Overqwil\n|-damage|p1a: Overqwil|49/274\n|\n|t:|1711035204\n|switch|p2a: Arceus|Arceus-Grass, L72|292/292|[from] Volt Switch\n|\n|upkeep\n|turn|5\n|\n|t:|1711035213\n|switch|p1a: Chandelure|Chandelure, L83, M|235/235\n|move|p2a: Arceus|Judgment|p1a: Chandelure\n|-resisted|p1a: Chandelure\n|-damage|p1a: Chandelure|180/235\n|\n|upkeep\n|turn|6\n|inactive|MichaelderBeste2 has 120 seconds left.\n|inactive|MichaelderBeste2 has 90 seconds left.\n|\n|t:|1711035295\n|switch|p2a: Magnezone|Magnezone, L85|83/258\n|move|p1a: Chandelure|Fire Blast|p2a: Magnezone\n|-supereffective|p2a: Magnezone\n|-damage|p2a: Magnezone|0 fnt\n|faint|p2a: Magnezone\n|\n|upkeep\n|inactive|MichaelderBeste2 has 60 seconds left.\n|\n|t:|1711035317\n|switch|p2a: Quaquaval|Quaquaval, L79, M|264/264\n|turn|7\n|\n|t:|1711035345\n|switch|p1a: Rotom|Rotom, L87|229/229\n|move|p2a: Quaquaval|Aqua Step|p1a: Rotom\n|-damage|p1a: Rotom|115/229\n|-boost|p2a: Quaquaval|spe|1\n|-damage|p2a: Quaquaval|238/264|[from] item: Life Orb\n|\n|upkeep\n|turn|8\n|\n|t:|1711035350\n|move|p1a: Rotom|Volt Switch|p2a: Quaquaval\n|-supereffective|p2a: Quaquaval\n|-damage|p2a: Quaquaval|34/264\n|\n|t:|1711035362\n|switch|p1a: Luvdisc|Luvdisc, M|247/247|[from] Volt Switch\n|move|p2a: Quaquaval|Knock Off|p1a: Luvdisc\n|-damage|p1a: Luvdisc|138/247\n|-enditem|p1a: Luvdisc|Heavy-Duty Boots|[from] move: Knock Off|[of] p2a: Quaquaval\n|-damage|p2a: Quaquaval|8/264|[from] item: Life Orb\n|\n|upkeep\n|turn|9\n|\n|t:|1711035366\n|switch|p1a: Overqwil|Overqwil, L82, M|49/274\n|-ability|p1a: Overqwil|Intimidate|boost\n|-unboost|p2a: Quaquaval|atk|1\n|move|p2a: Quaquaval|Close Combat|p1a: Overqwil\n|-damage|p1a: Overqwil|0 fnt\n|-unboost|p2a: Quaquaval|def|1\n|-unboost|p2a: Quaquaval|spd|1\n|faint|p1a: Overqwil\n|-ability|p2a: Quaquaval|Moxie|boost\n|-boost|p2a: Quaquaval|atk|1\n|-damage|p2a: Quaquaval|0 fnt|[from] item: Life Orb\n|faint|p2a: Quaquaval\n|\n|upkeep\n|inactive|MichaelderBeste2 has 90 seconds left.\n|\n|t:|1711035393\n|switch|p1a: Grimmsnarl|Grimmsnarl, L83, M|293/293\n|switch|p2a: Skuntank|Skuntank, L84, M|310/310\n|turn|10\n|\n|t:|1711035414\n|-terastallize|p1a: Grimmsnarl|Steel\n|move|p1a: Grimmsnarl|Reflect|p1a: Grimmsnarl\n|-sidestart|p1: we are married bro|Reflect\n|move|p2a: Skuntank|Gunk Shot|p1a: Grimmsnarl\n|-immune|p1a: Grimmsnarl\n|\n|upkeep\n|turn|11\n|inactive|MichaelderBeste2 has 90 seconds left.\n|\n|t:|1711035421\n|move|p1a: Grimmsnarl|Light Screen|p1a: Grimmsnarl\n|-sidestart|p1: we are married bro|move: Light Screen\n|move|p2a: Skuntank|Fire Blast|p1a: Grimmsnarl\n|-supereffective|p1a: Grimmsnarl\n|-damage|p1a: Grimmsnarl|227/293\n|\n|upkeep\n|turn|12\n|\n|t:|1711035438\n|switch|p2a: Perrserker|Perrserker, L89, F|269/269\n|move|p1a: Grimmsnarl|Spirit Break|p2a: Perrserker\n|-resisted|p2a: Perrserker\n|-damage|p2a: Perrserker|231/269\n|-unboost|p2a: Perrserker|spa|1\n|\n|upkeep\n|turn|13\n|inactive|we are married bro has 120 seconds left.\n|\n|t:|1711035462\n|switch|p1a: Manaphy|Manaphy, L78|189/284\n|move|p2a: Perrserker|U-turn|p1a: Manaphy\n|-damage|p1a: Manaphy|136/284\n|inactive|MichaelderBeste2 has 90 seconds left.\n|\n|t:|1711035502\n|switch|p2a: Arceus|Arceus-Grass, L72|292/292|[from] U-turn\n|\n|-heal|p1a: Manaphy|153/284|[from] item: Leftovers\n|upkeep\n|turn|14\n|\n|t:|1711035506\n|switch|p1a: Chandelure|Chandelure, L83, M|180/235\n|move|p2a: Arceus|Calm Mind|p2a: Arceus\n|-boost|p2a: Arceus|spa|1\n|-boost|p2a: Arceus|spd|1\n|\n|upkeep\n|turn|15\n|\n|t:|1711035532\n|switch|p1a: Luvdisc|Luvdisc, M|138/247\n|-terastallize|p2a: Arceus|Fire\n|move|p2a: Arceus|Calm Mind|p2a: Arceus\n|-boost|p2a: Arceus|spa|1\n|-boost|p2a: Arceus|spd|1\n|\n|upkeep\n|turn|16\n|\n|t:|1711035549\n|move|p1a: Luvdisc|Substitute|p1a: Luvdisc\n|-start|p1a: Luvdisc|Substitute\n|-damage|p1a: Luvdisc|77/247\n|move|p2a: Arceus|Judgment|p1a: Luvdisc\n|-supereffective|p1a: Luvdisc\n|-end|p1a: Luvdisc|Substitute\n|\n|upkeep\n|turn|17\n|\n|t:|1711035554\n|switch|p2a: Hawlucha|Hawlucha, L80, F|256/256\n|move|p1a: Luvdisc|Substitute|p1a: Luvdisc\n|-start|p1a: Luvdisc|Substitute\n|-damage|p1a: Luvdisc|16/247\n|\n|-sideend|p1: we are married bro|Reflect\n|upkeep\n|turn|18\n|\n|t:|1711035562\n|move|p1a: Luvdisc|Endeavor|p2a: Hawlucha\n|-damage|p2a: Hawlucha|16/256\n|move|p2a: Hawlucha|Close Combat|p1a: Luvdisc\n|-end|p1a: Luvdisc|Substitute\n|-unboost|p2a: Hawlucha|def|1\n|-unboost|p2a: Hawlucha|spd|1\n|-enditem|p2a: Hawlucha|White Herb\n|-clearnegativeboost|p2a: Hawlucha|[silent]\n|\n|-sideend|p1: we are married bro|move: Light Screen\n|upkeep\n|turn|19\n|\n|t:|1711035567\n|switch|p1a: Rotom|Rotom, L87|115/229\n|move|p2a: Hawlucha|Brave Bird|p1a: Rotom\n|-resisted|p1a: Rotom\n|-damage|p1a: Rotom|52/229\n|-damage|p2a: Hawlucha|0 fnt|[from] Recoil\n|faint|p2a: Hawlucha\n|\n|upkeep\n|\n|t:|1711035571\n|switch|p2a: Skuntank|Skuntank, L84, M|310/310\n|turn|20\n|\n|t:|1711035592\n|move|p2a: Skuntank|Sucker Punch||[still]\n|-fail|p2a: Skuntank\n|move|p1a: Rotom|Trick|p2a: Skuntank\n|-activate|p1a: Rotom|move: Trick|[of] p2a: Skuntank\n|-item|p2a: Skuntank|Choice Scarf|[from] move: Trick\n|-item|p1a: Rotom|Assault Vest|[from] move: Trick\n|\n|upkeep\n|turn|21\n|\n|t:|1711035601\n|move|p2a: Skuntank|Knock Off|p1a: Rotom\n|-supereffective|p1a: Rotom\n|-damage|p1a: Rotom|0 fnt\n|-enditem|p1a: Rotom|Assault Vest|[from] move: Knock Off|[of] p2a: Skuntank\n|faint|p1a: Rotom\n|\n|upkeep\n|\n|t:|1711035606\n|switch|p1a: Grimmsnarl|Grimmsnarl, L83, M, tera:Steel|227/293\n|turn|22\n|\n|t:|1711035612\n|move|p1a: Grimmsnarl|Reflect|p1a: Grimmsnarl\n|-sidestart|p1: we are married bro|Reflect\n|move|p2a: Skuntank|Knock Off|p1a: Grimmsnarl\n|-damage|p1a: Grimmsnarl|167/293\n|-enditem|p1a: Grimmsnarl|Light Clay|[from] move: Knock Off|[of] p2a: Skuntank\n|\n|upkeep\n|turn|23\n|\n|t:|1711035623\n|switch|p2a: Perrserker|Perrserker, L89, F|231/269\n|switch|p1a: Manaphy|Manaphy, L78|153/284\n|\n|-heal|p1a: Manaphy|170/284|[from] item: Leftovers\n|upkeep\n|turn|24\n|\n|t:|1711035629\n|move|p1a: Manaphy|Tail Glow|p1a: Manaphy\n|-boost|p1a: Manaphy|spa|3\n|move|p2a: Perrserker|U-turn|p1a: Manaphy\n|-damage|p1a: Manaphy|115/284\n|\n|t:|1711035631\n|switch|p2a: Arceus|Arceus-Grass, L72, tera:Fire|292/292|[from] U-turn\n|\n|-heal|p1a: Manaphy|132/284|[from] item: Leftovers\n|upkeep\n|turn|25\n|\n|t:|1711035636\n|switch|p1a: Chandelure|Chandelure, L83, M|180/235\n|move|p2a: Arceus|Fire Blast|p1a: Chandelure\n|-start|p1a: Chandelure|ability: Flash Fire\n|\n|upkeep\n|turn|26\n|\n|t:|1711035644\n|-end|p1a: Chandelure|ability: Flash Fire|[silent]\n|switch|p1a: Luvdisc|Luvdisc, M|16/247\n|move|p2a: Arceus|Calm Mind|p2a: Arceus\n|-boost|p2a: Arceus|spa|1\n|-boost|p2a: Arceus|spd|1\n|\n|upkeep\n|turn|27\n|\n|t:|1711035650\n|move|p1a: Luvdisc|Endeavor|p2a: Arceus\n|-damage|p2a: Arceus|16/292\n|move|p2a: Arceus|Judgment|p1a: Luvdisc\n|-supereffective|p1a: Luvdisc\n|-crit|p1a: Luvdisc\n|-damage|p1a: Luvdisc|0 fnt\n|faint|p1a: Luvdisc\n|\n|upkeep\n|\n|t:|1711035677\n|switch|p1a: Chandelure|Chandelure, L83, M|180/235\n|turn|28\n|\n|t:|1711035681\n|switch|p2a: Skuntank|Skuntank, L84, M|310/310\n|move|p1a: Chandelure|Fire Blast|p2a: Skuntank\n|-crit|p2a: Skuntank\n|-damage|p2a: Skuntank|28/310\n|\n|upkeep\n|turn|29\n|\n|t:|1711035691\n|move|p2a: Skuntank|Knock Off|p1a: Chandelure\n|-supereffective|p1a: Chandelure\n|-damage|p1a: Chandelure|77/235\n|-enditem|p1a: Chandelure|Choice Scarf|[from] move: Knock Off|[of] p2a: Skuntank\n|move|p1a: Chandelure|Fire Blast|p2a: Skuntank\n|-damage|p2a: Skuntank|0 fnt\n|faint|p2a: Skuntank\n|\n|-sideend|p1: we are married bro|Reflect\n|upkeep\n|\n|t:|1711035697\n|switch|p2a: Arceus|Arceus-Grass, L72, tera:Fire|16/292\n|turn|30\n|\n|t:|1711035702\n|switch|p1a: Grimmsnarl|Grimmsnarl, L83, M, tera:Steel|167/293\n|move|p2a: Arceus|Recover|p2a: Arceus\n|-heal|p2a: Arceus|162/292\n|\n|upkeep\n|turn|31\n|\n|t:|1711035710\n|switch|p1a: Chandelure|Chandelure, L83, M|77/235\n|move|p2a: Arceus|Fire Blast|p1a: Chandelure\n|-start|p1a: Chandelure|ability: Flash Fire\n|\n|upkeep\n|turn|32\n|\n|t:|1711035713\n|-end|p1a: Chandelure|ability: Flash Fire|[silent]\n|switch|p1a: Grimmsnarl|Grimmsnarl, L83, M, tera:Steel|167/293\n|move|p2a: Arceus|Calm Mind|p2a: Arceus\n|-boost|p2a: Arceus|spa|1\n|-boost|p2a: Arceus|spd|1\n|\n|upkeep\n|turn|33\n|\n|t:|1711035720\n|move|p1a: Grimmsnarl|Thunder Wave|p2a: Arceus\n|-status|p2a: Arceus|par\n|move|p2a: Arceus|Judgment|p1a: Grimmsnarl\n|-resisted|p1a: Grimmsnarl\n|-damage|p1a: Grimmsnarl|79/293\n|\n|upkeep\n|turn|34\n|\n|t:|1711035740\n|move|p1a: Grimmsnarl|Light Screen|p1a: Grimmsnarl\n|-sidestart|p1: we are married bro|move: Light Screen\n|move|p2a: Arceus|Recover|p2a: Arceus\n|-heal|p2a: Arceus|292/292 par\n|\n|upkeep\n|turn|35\n|\n|t:|1711035750\n|switch|p1a: Manaphy|Manaphy, L78|132/284\n|cant|p2a: Arceus|par\n|\n|-heal|p1a: Manaphy|149/284|[from] item: Leftovers\n|upkeep\n|turn|36\n|inactive|we are married bro has 120 seconds left.\n|\n|t:|1711035796\n|move|p1a: Manaphy|Hydro Pump|p2a: Arceus|[miss]\n|-miss|p1a: Manaphy|p2a: Arceus\n|move|p2a: Arceus|Judgment|p1a: Manaphy\n|-supereffective|p1a: Manaphy\n|-damage|p1a: Manaphy|0 fnt\n|faint|p1a: Manaphy\n|\n|upkeep\n|\n|t:|1711035802\n|switch|p1a: Chandelure|Chandelure, L83, M|77/235\n|turn|37\n|\n|t:|1711035804\n|move|p1a: Chandelure|Shadow Ball|p2a: Arceus\n|-damage|p2a: Arceus|226/292 par\n|-unboost|p2a: Arceus|spd|1\n|cant|p2a: Arceus|par\n|\n|upkeep\n|turn|38\n|\n|t:|1711035811\n|move|p1a: Chandelure|Shadow Ball|p2a: Arceus\n|-damage|p2a: Arceus|121/292 par\n|move|p2a: Arceus|Recover|p2a: Arceus\n|-heal|p2a: Arceus|267/292 par\n|\n|-sideend|p1: we are married bro|move: Light Screen\n|upkeep\n|turn|39\n|\n|t:|1711035816\n|move|p1a: Chandelure|Shadow Ball|p2a: Arceus\n|-damage|p2a: Arceus|156/292 par\n|-unboost|p2a: Arceus|spd|1\n|move|p2a: Arceus|Judgment|p1a: Chandelure\n|-resisted|p1a: Chandelure\n|-damage|p1a: Chandelure|0 fnt\n|faint|p1a: Chandelure\n|\n|upkeep\n|\n|t:|1711035819\n|switch|p1a: Grimmsnarl|Grimmsnarl, L83, M, tera:Steel|79/293\n|turn|40\n|-message|we are married bro forfeited.\n|\n|win|MichaelderBeste2\n|raw|we are married bro's rating: 2343 &rarr; <strong>2328</strong><br />(-15 for losing)\n|raw|MichaelderBeste2's rating: 2428 &rarr; <strong>2443</strong><br />(+15 for winning)\n|l|\u203dwe are married bro\n|player|p1|\n|l|\u2606MichaelderBeste2\n|player|p2|\n", "inputlog": ">version c3d4ed91e192cc5e944ba837f7c729b867106d58\n>start {\"formatid\":\"gen9randombattle\",\"seed\":[44765,40078,52859,33815],\"rated\":\"Rated battle\"}\n>player p1 {\"name\":\"we are married bro\",\"avatar\":\"pokekid\",\"rating\":2343,\"seed\":[53637,50054,16003,40427]}\n>player p2 {\"name\":\"MichaelderBeste2\",\"avatar\":\"#smogonxnpa2024draftee2\",\"rating\":2428,\"seed\":[31455,16583,45039,40330]}\n>p1 move tailglow\n>p2 move uturn\n>p2 switch 6\n>p1 switch 5\n>p2 move judgment\n>p1 move swordsdance\n>p2 switch 4\n>p1 move crunch\n>p2 move voltswitch\n>p2 switch 4\n>p1 switch 3\n>p2 move judgment\n>p1 move fireblast\n>p2 switch 4\n>p2 switch 5\n>p1 switch 4\n>p2 move aquastep\n>p1 move voltswitch\n>p2 move knockoff\n>p1 switch 2\n>p1 switch 3\n>p2 move closecombat\n>p1 switch 6\n>p2 switch 3\n>p1 move reflect terastallize\n>p2 move gunkshot\n>p1 move lightscreen\n>p2 move fireblast\n>p1 move spiritbreak\n>p2 switch 6\n>p1 switch 5\n>p2 move uturn\n>p2 switch 4\n>p1 switch 4\n>p2 move calmmind\n>p1 switch 3\n>p2 move calmmind terastallize\n>p1 move substitute\n>p2 move judgment\n>p1 move substitute\n>p2 switch 2\n>p1 move endeavor\n>p2 move closecombat\n>p1 switch 2\n>p2 move bravebird\n>p2 switch 6\n>p1 move trick\n>p2 move suckerpunch\n>p1 move thunderbolt\n>p2 move knockoff\n>p1 switch 5\n>p1 move reflect\n>p2 move knockoff\n>p1 switch 4\n>p2 switch 4\n>p1 move tailglow\n>p2 move uturn\n>p2 switch 2\n>p1 switch 3\n>p2 move fireblast\n>p1 switch 2\n>p2 move calmmind\n>p1 move endeavor\n>p2 move judgment\n>p1 switch 2\n>p1 move fireblast\n>p2 switch 4\n>p1 move fireblast\n>p2 move knockoff\n>p2 switch 4\n>p1 switch 4\n>p2 move recover\n>p1 switch 4\n>p2 move fireblast\n>p1 switch 4\n>p2 move calmmind\n>p1 move thunderwave\n>p2 move judgment\n>p1 move lightscreen\n>p2 move recover\n>p1 switch 3\n>p2 move calmmind\n>p1 move hydropump\n>p2 move judgment\n>p1 switch 4\n>p1 move shadowball\n>p2 move calmmind\n>p1 move shadowball\n>p2 move recover\n>p1 move shadowball\n>p2 move judgment\n>p1 switch 3\n>forcelose p1", "uploadtime": 1711035828, "views": 311, "formatid": "gen9randombattle", "rating": 2328, "private": 0, "password": null}