{"id": "gen9randombattle-2044801407", "format": "[Gen 9] Random Battle", "players": ["MichaelderBeste2", "yes or no my dude\u2740"], "log": "|j|\u2606MichaelderBeste2\n|j|\u2606yes or no my dude\u2740\n|t:|1706296862\n|gametype|singles\n|player|p1|MichaelderBeste2|#rbtt7teamdarkraif|2420\n|player|p2|yes or no my dude\u2740|#rbtt7teamdarkraif|2344\n|teamsize|p1|6\n|teamsize|p2|6\n|gen|9\n|tier|[Gen 9] Random Battle\n|rated|\n|rule|Species Clause: Limit one of each Pok\u00e9mon\n|rule|HP Percentage Mod: HP is shown in percentages\n|rule|Sleep Clause Mod: Limit one foe put to sleep\n|rule|Illusion Level Mod: Illusion disguises the Pok\u00e9mon's true level\n|\n|t:|1706296862\n|start\n|switch|p1a: Ceruledge|Ceruledge, L78, M|245/245\n|switch|p2a: Leafeon|Leafeon, L88, M|258/258\n|turn|1\n|inactive|Battle timer is ON: inactive players will automatically lose when time's up. (requested by yes or no my dude\u2740)\n|j| roekoeroekoe\n|inactive|MichaelderBeste2 has 120 seconds left.\n|inactive|yes or no my dude\u2740 has 120 seconds left.\n|\n|t:|1706296906\n|switch|p2a: Klawf|Klawf, L90, M|272/272\n|move|p1a: Ceruledge|Bitter Blade|p2a: Klawf\n|-resisted|p2a: Klawf\n|-damage|p2a: Klawf|231/272\n|\n|upkeep\n|turn|2\n|\n|t:|1706296912\n|switch|p1a: Torterra|Torterra, L79, M|280/280\n|move|p2a: Klawf|Stealth Rock|p1a: Torterra\n|-sidestart|p1: MichaelderBeste2|move: Stealth Rock\n|\n|upkeep\n|turn|3\n|\n|t:|1706296924\n|move|p2a: Klawf|Crabhammer|p1a: Torterra\n|-damage|p1a: Torterra|177/280\n|-damage|p2a: Klawf|204/272|[from] item: Life Orb\n|move|p1a: Torterra|Shell Smash|p1a: Torterra\n|-unboost|p1a: Torterra|def|1\n|-unboost|p1a: Torterra|spd|1\n|-boost|p1a: Torterra|atk|2\n|-boost|p1a: Torterra|spa|2\n|-boost|p1a: Torterra|spe|2\n|\n|upkeep\n|turn|4\n|\n|t:|1706296950\n|move|p1a: Torterra|Rock Blast|p2a: Klawf\n|-damage|p2a: Klawf|178/272\n|-damage|p2a: Klawf|149/272\n|-damage|p2a: Klawf|121/272\n|-damage|p2a: Klawf|95/272\n|-hitcount|p2a: Klawf|4\n|move|p2a: Klawf|Stone Edge|p1a: Torterra\n|-resisted|p1a: Torterra\n|-damage|p1a: Torterra|60/280\n|-damage|p2a: Klawf|68/272|[from] item: Life Orb\n|\n|upkeep\n|turn|5\n|\n|t:|1706296959\n|move|p1a: Torterra|Bullet Seed|p2a: Klawf\n|-supereffective|p2a: Klawf\n|-damage|p2a: Klawf|0 fnt\n|faint|p2a: Klawf\n|-hitcount|p2: Klawf|1\n|\n|upkeep\n|\n|t:|1706296963\n|switch|p2a: Leafeon|Leafeon, L88, M|258/258\n|turn|6\n|\n|t:|1706296979\n|move|p1a: Torterra|Bullet Seed|p2a: Leafeon\n|-resisted|p2a: Leafeon\n|-damage|p2a: Leafeon|229/258\n|-resisted|p2a: Leafeon\n|-damage|p2a: Leafeon|200/258\n|-resisted|p2a: Leafeon\n|-damage|p2a: Leafeon|175/258\n|-resisted|p2a: Leafeon\n|-damage|p2a: Leafeon|146/258\n|-resisted|p2a: Leafeon\n|-damage|p2a: Leafeon|119/258\n|-hitcount|p2a: Leafeon|5\n|move|p2a: Leafeon|Leaf Blade|p1a: Torterra\n|-damage|p1a: Torterra|0 fnt\n|faint|p1a: Torterra\n|-damage|p2a: Leafeon|94/258|[from] item: Life Orb\n|\n|upkeep\n|\n|t:|1706296984\n|switch|p1a: Eternatus|Eternatus, L69|308/308\n|-damage|p1a: Eternatus|270/308|[from] Stealth Rock\n|-ability|p1a: Eternatus|Pressure\n|turn|7\n|\n|t:|1706296987\n|switch|p2a: Regice|Regice, L87|281/281\n|move|p1a: Eternatus|Dynamax Cannon|p2a: Regice\n|-damage|p2a: Regice|233/281\n|\n|-heal|p1a: Eternatus|289/308|[from] item: Leftovers\n|upkeep\n|turn|8\n|\n|t:|1706296994\n|switch|p1a: Wigglytuff|Wigglytuff, L96, M|424/424\n|-damage|p1a: Wigglytuff|371/424|[from] Stealth Rock\n|move|p2a: Regice|Ice Beam|p1a: Wigglytuff\n|-damage|p1a: Wigglytuff|227/424\n|\n|-heal|p1a: Wigglytuff|253/424|[from] item: Leftovers\n|upkeep\n|turn|9\n|\n|t:|1706296997\n|switch|p2a: Dragalge|Dragalge, L87, M|255/255\n|move|p1a: Wigglytuff|Wish|p1a: Wigglytuff\n|\n|-heal|p1a: Wigglytuff|279/424|[from] item: Leftovers\n|upkeep\n|turn|10\n|\n|t:|1706297005\n|move|p1a: Wigglytuff|Thunder Wave|p2a: Dragalge\n|-status|p2a: Dragalge|par\n|move|p2a: Dragalge|Draco Meteor|p1a: Wigglytuff\n|-immune|p1a: Wigglytuff\n|\n|-heal|p1a: Wigglytuff|424/424|[from] move: Wish|[wisher] Wigglytuff\n|upkeep\n|turn|11\n|\n|t:|1706297013\n|move|p1a: Wigglytuff|Alluring Voice|p2a: Dragalge\n|-damage|p2a: Dragalge|182/255 par\n|move|p2a: Dragalge|Draco Meteor|p1a: Wigglytuff\n|-immune|p1a: Wigglytuff\n|\n|-heal|p2a: Dragalge|197/255 par|[from] item: Leftovers\n|upkeep\n|turn|12\n|\n|t:|1706297021\n|move|p1a: Wigglytuff|Alluring Voice|p2a: Dragalge\n|-damage|p2a: Dragalge|121/255 par\n|move|p2a: Dragalge|Sludge Bomb|p1a: Wigglytuff\n|-supereffective|p1a: Wigglytuff\n|-damage|p1a: Wigglytuff|80/424\n|-status|p1a: Wigglytuff|psn\n|\n|-heal|p1a: Wigglytuff|106/424 psn|[from] item: Leftovers\n|-heal|p2a: Dragalge|136/255 par|[from] item: Leftovers\n|-damage|p1a: Wigglytuff|53/424 psn|[from] psn\n|upkeep\n|turn|13\n|\n|t:|1706297036\n|move|p1a: Wigglytuff|Wish|p1a: Wigglytuff\n|cant|p2a: Dragalge|par\n|\n|-heal|p1a: Wigglytuff|79/424 psn|[from] item: Leftovers\n|-heal|p2a: Dragalge|151/255 par|[from] item: Leftovers\n|-damage|p1a: Wigglytuff|26/424 psn|[from] psn\n|upkeep\n|turn|14\n|\n|t:|1706297041\n|move|p1a: Wigglytuff|Alluring Voice|p2a: Dragalge\n|-damage|p2a: Dragalge|73/255 par\n|move|p2a: Dragalge|Sludge Bomb|p1a: Wigglytuff\n|-supereffective|p1a: Wigglytuff\n|-damage|p1a: Wigglytuff|0 fnt\n|faint|p1a: Wigglytuff\n|\n|-heal|p2a: Dragalge|88/255 par|[from] item: Leftovers\n|upkeep\n|j| Referrals\n|\n|t:|1706297045\n|switch|p1a: Ceruledge|Ceruledge, L78, M|245/245\n|turn|15\n|\n|t:|1706297049\n|move|p1a: Ceruledge|Poltergeist|p2a: Dragalge\n|-activate|p2a: Dragalge|move: Poltergeist|Leftovers\n|-damage|p2a: Dragalge|0 fnt\n|faint|p2a: Dragalge\n|\n|upkeep\n|\n|t:|1706297054\n|switch|p2a: Raging Bolt|Raging Bolt, L79|327/327\n|turn|16\n|\n|t:|1706297064\n|move|p1a: Ceruledge|Swords Dance|p1a: Ceruledge\n|-boost|p1a: Ceruledge|atk|2\n|move|p2a: Raging Bolt|Volt Switch|p1a: Ceruledge\n|-damage|p1a: Ceruledge|161/245\n|j| Asd1999\n|\n|t:|1706297076\n|-end|p2a: Raging Bolt|Protosynthesis|[silent]\n|switch|p2a: Leafeon|Leafeon, L88, M|94/258|[from] Volt Switch\n|\n|upkeep\n|turn|17\n|\n|t:|1706297079\n|-terastallize|p1a: Ceruledge|Fire\n|move|p2a: Leafeon|Knock Off|p1a: Ceruledge\n|-damage|p1a: Ceruledge|41/245\n|-ability|p1a: Ceruledge|Weak Armor|boost\n|-unboost|p1a: Ceruledge|def|1\n|-boost|p1a: Ceruledge|spe|2\n|-enditem|p1a: Ceruledge|Heavy-Duty Boots|[from] move: Knock Off|[of] p2a: Leafeon\n|-damage|p2a: Leafeon|69/258|[from] item: Life Orb\n|move|p1a: Ceruledge|Bitter Blade|p2a: Leafeon\n|-supereffective|p2a: Leafeon\n|-damage|p2a: Leafeon|0 fnt\n|-heal|p1a: Ceruledge|76/245|[from] drain|[of] p2a: Leafeon\n|faint|p2a: Leafeon\n|\n|upkeep\n|\n|t:|1706297093\n|switch|p2a: Dachsbun|Dachsbun, L90, F|249/249\n|turn|18\n|\n|t:|1706297096\n|move|p1a: Ceruledge|Poltergeist|p2a: Dachsbun\n|-activate|p2a: Dachsbun|move: Poltergeist|Leftovers\n|-damage|p2a: Dachsbun|59/249\n|move|p2a: Dachsbun|Body Press|p1a: Ceruledge\n|-damage|p1a: Ceruledge|0 fnt\n|faint|p1a: Ceruledge\n|\n|-heal|p2a: Dachsbun|74/249|[from] item: Leftovers\n|upkeep\n|\n|t:|1706297101\n|switch|p1a: Eternatus|Eternatus, L69|289/308\n|-damage|p1a: Eternatus|251/308|[from] Stealth Rock\n|-ability|p1a: Eternatus|Pressure\n|turn|19\n|\n|t:|1706297108\n|switch|p2a: Regice|Regice, L87|233/281\n|move|p1a: Eternatus|Sludge Bomb|p2a: Regice\n|-damage|p2a: Regice|185/281\n|-status|p2a: Regice|psn\n|\n|-heal|p1a: Eternatus|270/308|[from] item: Leftovers\n|-damage|p2a: Regice|150/281 psn|[from] psn\n|upkeep\n|turn|20\n|\n|t:|1706297115\n|switch|p1a: Dachsbun|Dachsbun, L90, M|249/249\n|-damage|p1a: Dachsbun|218/249|[from] Stealth Rock\n|move|p2a: Regice|Ice Beam|p1a: Dachsbun\n|-damage|p1a: Dachsbun|110/249\n|\n|-heal|p1a: Dachsbun|125/249|[from] item: Leftovers\n|-damage|p2a: Regice|115/281 psn|[from] psn\n|upkeep\n|turn|21\n|\n|t:|1706297122\n|-terastallize|p2a: Regice|Electric\n|move|p1a: Dachsbun|Body Press|p2a: Regice\n|-damage|p2a: Regice|50/281 psn\n|move|p2a: Regice|Rest|p2a: Regice\n|-status|p2a: Regice|slp|[from] move: Rest\n|-heal|p2a: Regice|281/281 slp|[silent]\n|\n|-heal|p1a: Dachsbun|140/249|[from] item: Leftovers\n|upkeep\n|turn|22\n|\n|t:|1706297126\n|move|p1a: Dachsbun|Wish|p1a: Dachsbun\n|cant|p2a: Regice|slp\n|move|p2a: Regice|Sleep Talk|p2a: Regice\n|move|p2a: Regice|Rest||[from]move: Sleep Talk|[still]\n|-fail|p2a: Regice\n|\n|-heal|p1a: Dachsbun|155/249|[from] item: Leftovers\n|upkeep\n|turn|23\n|\n|t:|1706297131\n|move|p1a: Dachsbun|Play Rough|p2a: Regice\n|-damage|p2a: Regice|199/281 slp\n|cant|p2a: Regice|slp\n|move|p2a: Regice|Sleep Talk|p2a: Regice\n|move|p2a: Regice|Ice Beam|p1a: Dachsbun|[from]move: Sleep Talk\n|-damage|p1a: Dachsbun|52/249\n|\n|-heal|p1a: Dachsbun|176/249|[from] move: Wish|[wisher] Dachsbun\n|-heal|p1a: Dachsbun|191/249|[from] item: Leftovers\n|upkeep\n|turn|24\n|\n|t:|1706297137\n|move|p1a: Dachsbun|Protect|p1a: Dachsbun\n|-singleturn|p1a: Dachsbun|Protect\n|-curestatus|p2a: Regice|slp|[msg]\n|move|p2a: Regice|Thunderbolt|p1a: Dachsbun\n|-activate|p1a: Dachsbun|move: Protect\n|\n|-heal|p1a: Dachsbun|206/249|[from] item: Leftovers\n|upkeep\n|turn|25\n|\n|t:|1706297141\n|move|p1a: Dachsbun|Wish|p1a: Dachsbun\n|move|p2a: Regice|Thunderbolt|p1a: Dachsbun\n|-damage|p1a: Dachsbun|92/249\n|-status|p1a: Dachsbun|par\n|\n|-heal|p1a: Dachsbun|107/249 par|[from] item: Leftovers\n|upkeep\n|turn|26\n|\n|t:|1706297146\n|move|p1a: Dachsbun|Protect|p1a: Dachsbun\n|-singleturn|p1a: Dachsbun|Protect\n|move|p2a: Regice|Ice Beam|p1a: Dachsbun\n|-activate|p1a: Dachsbun|move: Protect\n|\n|-heal|p1a: Dachsbun|231/249 par|[from] move: Wish|[wisher] Dachsbun\n|-heal|p1a: Dachsbun|246/249 par|[from] item: Leftovers\n|upkeep\n|turn|27\n|inactive|MichaelderBeste2 has 120 seconds left.\n|\n|t:|1706297188\n|move|p2a: Regice|Ice Beam|p1a: Dachsbun\n|-damage|p1a: Dachsbun|134/249 par\n|move|p1a: Dachsbun|Wish|p1a: Dachsbun\n|\n|-heal|p1a: Dachsbun|149/249 par|[from] item: Leftovers\n|upkeep\n|turn|28\n|\n|t:|1706297195\n|cant|p1a: Dachsbun|par\n|move|p2a: Regice|Ice Beam|p1a: Dachsbun\n|-damage|p1a: Dachsbun|44/249 par\n|\n|-heal|p1a: Dachsbun|168/249 par|[from] move: Wish|[wisher] Dachsbun\n|-heal|p1a: Dachsbun|183/249 par|[from] item: Leftovers\n|upkeep\n|turn|29\n|\n|t:|1706297197\n|move|p1a: Dachsbun|Protect|p1a: Dachsbun\n|-singleturn|p1a: Dachsbun|Protect\n|move|p2a: Regice|Ice Beam|p1a: Dachsbun\n|-activate|p1a: Dachsbun|move: Protect\n|\n|-heal|p1a: Dachsbun|198/249 par|[from] item: Leftovers\n|upkeep\n|turn|30\n|\n|t:|1706297200\n|move|p2a: Regice|Ice Beam|p1a: Dachsbun\n|-damage|p1a: Dachsbun|87/249 par\n|move|p1a: Dachsbun|Wish|p1a: Dachsbun\n|\n|-heal|p1a: Dachsbun|102/249 par|[from] item: Leftovers\n|upkeep\n|turn|31\n|\n|t:|1706297203\n|move|p1a: Dachsbun|Protect|p1a: Dachsbun\n|-singleturn|p1a: Dachsbun|Protect\n|move|p2a: Regice|Thunderbolt|p1a: Dachsbun\n|-activate|p1a: Dachsbun|move: Protect\n|\n|-heal|p1a: Dachsbun|226/249 par|[from] move: Wish|[wisher] Dachsbun\n|-heal|p1a: Dachsbun|241/249 par|[from] item: Leftovers\n|upkeep\n|turn|32\n|\n|t:|1706297206\n|move|p2a: Regice|Thunderbolt|p1a: Dachsbun\n|-damage|p1a: Dachsbun|142/249 par\n|move|p1a: Dachsbun|Wish|p1a: Dachsbun\n|\n|-heal|p1a: Dachsbun|157/249 par|[from] item: Leftovers\n|upkeep\n|turn|33\n|j| Shaky3\n|\n|t:|1706297214\n|switch|p2a: Dachsbun|Dachsbun, L90, F|74/249\n|move|p1a: Dachsbun|Play Rough|p2a: Dachsbun\n|-damage|p2a: Dachsbun|0 fnt\n|faint|p2a: Dachsbun\n|\n|-heal|p1a: Dachsbun|249/249 par|[from] move: Wish|[wisher] Dachsbun\n|upkeep\n|\n|t:|1706297216\n|switch|p2a: Regice|Regice, L87, tera:Electric|199/281\n|turn|34\n|l| Shaky3\n|\n|t:|1706297239\n|move|p2a: Regice|Thunderbolt|p1a: Dachsbun\n|-damage|p1a: Dachsbun|150/249 par\n|move|p1a: Dachsbun|Wish|p1a: Dachsbun\n|\n|-heal|p1a: Dachsbun|165/249 par|[from] item: Leftovers\n|upkeep\n|turn|35\n|\n|t:|1706297243\n|switch|p1a: Sneasler|Sneasler, L75, M|244/244\n|-damage|p1a: Sneasler|229/244|[from] Stealth Rock\n|move|p2a: Regice|Thunderbolt|p1a: Sneasler\n|-damage|p1a: Sneasler|94/244\n|\n|-heal|p1a: Sneasler|218/244|[from] move: Wish|[wisher] Dachsbun\n|upkeep\n|turn|36\n|\n|t:|1706297254\n|switch|p2a: Raging Bolt|Raging Bolt, L79|327/327\n|move|p1a: Sneasler|Swords Dance|p1a: Sneasler\n|-boost|p1a: Sneasler|atk|2\n|\n|upkeep\n|turn|37\n|\n|t:|1706297265\n|move|p1a: Sneasler|Gunk Shot|p2a: Raging Bolt\n|-damage|p2a: Raging Bolt|33/327\n|move|p2a: Raging Bolt|Draco Meteor|p1a: Sneasler\n|-damage|p1a: Sneasler|25/244\n|-unboost|p2a: Raging Bolt|spa|2\n|\n|upkeep\n|turn|38\n|\n|t:|1706297284\n|switch|p1a: Eternatus|Eternatus, L69|270/308\n|-damage|p1a: Eternatus|232/308|[from] Stealth Rock\n|-ability|p1a: Eternatus|Pressure\n|move|p2a: Raging Bolt|Volt Switch|p1a: Eternatus\n|-resisted|p1a: Eternatus\n|-damage|p1a: Eternatus|207/308\n|\n|t:|1706297286\n|-end|p2a: Raging Bolt|Protosynthesis|[silent]\n|switch|p2a: Regice|Regice, L87, tera:Electric|199/281|[from] Volt Switch\n|\n|-heal|p1a: Eternatus|226/308|[from] item: Leftovers\n|upkeep\n|turn|39\n|c| Referrals|insane volt damn\n|\n|t:|1706297302\n|switch|p1a: Sneasler|Sneasler, L75, M|25/244\n|-damage|p1a: Sneasler|10/244|[from] Stealth Rock\n|move|p2a: Regice|Rest|p2a: Regice\n|-status|p2a: Regice|slp|[from] move: Rest\n|-heal|p2a: Regice|281/281 slp|[silent]\n|\n|upkeep\n|turn|40\n|\n|t:|1706297307\n|move|p1a: Sneasler|Close Combat|p2a: Regice\n|-damage|p2a: Regice|163/281 slp\n|-unboost|p1a: Sneasler|def|1\n|-unboost|p1a: Sneasler|spd|1\n|-enditem|p1a: Sneasler|White Herb\n|-clearnegativeboost|p1a: Sneasler|[silent]\n|cant|p2a: Regice|slp\n|move|p2a: Regice|Sleep Talk|p2a: Regice\n|move|p2a: Regice|Ice Beam|p1a: Sneasler|[from]move: Sleep Talk\n|-damage|p1a: Sneasler|0 fnt\n|faint|p1a: Sneasler\n|\n|upkeep\n|\n|t:|1706297313\n|switch|p1a: Dachsbun|Dachsbun, L90, M|165/249 par\n|-damage|p1a: Dachsbun|134/249 par|[from] Stealth Rock\n|turn|41\n|\n|t:|1706297317\n|cant|p2a: Regice|slp\n|move|p2a: Regice|Sleep Talk|p2a: Regice\n|move|p2a: Regice|Thunderbolt|p1a: Dachsbun|[from]move: Sleep Talk\n|-damage|p1a: Dachsbun|20/249 par\n|move|p1a: Dachsbun|Wish|p1a: Dachsbun\n|\n|-heal|p1a: Dachsbun|35/249 par|[from] item: Leftovers\n|upkeep\n|turn|42\n|\n|t:|1706297323\n|move|p1a: Dachsbun|Protect|p1a: Dachsbun\n|-singleturn|p1a: Dachsbun|Protect\n|-curestatus|p2a: Regice|slp|[msg]\n|move|p2a: Regice|Thunderbolt|p1a: Dachsbun\n|-activate|p1a: Dachsbun|move: Protect\n|\n|-heal|p1a: Dachsbun|159/249 par|[from] move: Wish|[wisher] Dachsbun\n|-heal|p1a: Dachsbun|174/249 par|[from] item: Leftovers\n|upkeep\n|turn|43\n|\n|t:|1706297327\n|move|p2a: Regice|Thunderbolt|p1a: Dachsbun\n|-damage|p1a: Dachsbun|62/249 par\n|move|p1a: Dachsbun|Wish|p1a: Dachsbun\n|\n|-heal|p1a: Dachsbun|77/249 par|[from] item: Leftovers\n|upkeep\n|turn|44\n|\n|t:|1706297332\n|move|p1a: Dachsbun|Protect|p1a: Dachsbun\n|-singleturn|p1a: Dachsbun|Protect\n|move|p2a: Regice|Thunderbolt|p1a: Dachsbun\n|-activate|p1a: Dachsbun|move: Protect\n|\n|-heal|p1a: Dachsbun|201/249 par|[from] move: Wish|[wisher] Dachsbun\n|-heal|p1a: Dachsbun|216/249 par|[from] item: Leftovers\n|upkeep\n|turn|45\n|\n|t:|1706297336\n|move|p2a: Regice|Thunderbolt|p1a: Dachsbun\n|-damage|p1a: Dachsbun|113/249 par\n|cant|p1a: Dachsbun|par\n|\n|-heal|p1a: Dachsbun|128/249 par|[from] item: Leftovers\n|upkeep\n|turn|46\n|\n|t:|1706297339\n|move|p1a: Dachsbun|Protect|p1a: Dachsbun\n|-singleturn|p1a: Dachsbun|Protect\n|move|p2a: Regice|Thunderbolt|p1a: Dachsbun\n|-activate|p1a: Dachsbun|move: Protect\n|\n|-heal|p1a: Dachsbun|143/249 par|[from] item: Leftovers\n|upkeep\n|turn|47\n|\n|t:|1706297342\n|move|p2a: Regice|Thunderbolt|p1a: Dachsbun\n|-damage|p1a: Dachsbun|35/249 par\n|move|p1a: Dachsbun|Wish|p1a: Dachsbun\n|\n|-heal|p1a: Dachsbun|50/249 par|[from] item: Leftovers\n|upkeep\n|turn|48\n|\n|t:|1706297345\n|cant|p1a: Dachsbun|par\n|move|p2a: Regice|Thunderbolt|p1a: Dachsbun\n|-damage|p1a: Dachsbun|0 fnt\n|faint|p1a: Dachsbun\n|\n|upkeep\n|c|\u2606yes or no my dude\u2740|gg\n|\n|t:|1706297350\n|switch|p1a: Eternatus|Eternatus, L69|226/308\n|-damage|p1a: Eternatus|188/308|[from] Stealth Rock\n|-ability|p1a: Eternatus|Pressure\n|turn|49\n|\n|t:|1706297353\n|move|p1a: Eternatus|Recover|p1a: Eternatus\n|-heal|p1a: Eternatus|308/308\n|move|p2a: Regice|Ice Beam|p1a: Eternatus\n|-supereffective|p1a: Eternatus\n|-damage|p1a: Eternatus|54/308\n|\n|-heal|p1a: Eternatus|73/308|[from] item: Leftovers\n|upkeep\n|turn|50\n|\n|t:|1706297356\n|move|p1a: Eternatus|Dynamax Cannon|p2a: Regice\n|-damage|p2a: Regice|114/281\n|move|p2a: Regice|Ice Beam|p1a: Eternatus\n|-supereffective|p1a: Eternatus\n|-damage|p1a: Eternatus|0 fnt\n|faint|p1a: Eternatus\n|\n|win|yes or no my dude\u2740\n|raw|MichaelderBeste2's rating: 2420 &rarr; <strong>2396</strong><br />(-24 for losing)\n|raw|yes or no my dude\u2740's rating: 2344 &rarr; <strong>2368</strong><br />(+24 for winning)\n|l|\u2606MichaelderBeste2\n|player|p1|\n|l| Referrals\n|j| Shaky3\n|l| roekoeroekoe\n", "inputlog": ">version 51ab69b80e10af9383edde933ca36e02e9e47e55\n>start {\"formatid\":\"gen9randombattle\",\"seed\":[9051,19664,23877,16581],\"rated\":\"Rated battle\"}\n>player p1 {\"name\":\"MichaelderBeste2\",\"avatar\":\"#rbtt7teamdarkraif\",\"rating\":2420,\"seed\":[13656,26363,36765,62838]}\n>player p2 {\"name\":\"yes or no my dude\u2740\",\"avatar\":\"#rbtt7teamdarkraif\",\"rating\":2344,\"seed\":[62556,18307,52088,21616]}\n>p1 move bitterblade\n>p2 switch 6\n>p1 switch 2\n>p2 move stealthrock\n>p1 move shellsmash\n>p2 move crabhammer\n>p1 move rockblast\n>p2 move stoneedge\n>p1 move bulletseed\n>p2 move highhorsepower\n>p2 switch 6\n>p1 move bulletseed\n>p2 move leafblade\n>p1 switch 5\n>p1 move dynamaxcannon\n>p2 switch 2\n>p1 switch 4\n>p2 move icebeam\n>p1 move wish\n>p2 switch 5\n>p1 move thunderwave\n>p2 move dracometeor\n>p1 move alluringvoice\n>p2 move dracometeor\n>p1 move alluringvoice\n>p2 move sludgebomb\n>p1 move wish\n>p2 move sludgebomb\n>p1 move alluringvoice\n>p2 move sludgebomb\n>p1 switch 2\n>p1 move poltergeist\n>p2 move hydropump\n>p2 switch 3\n>p1 move swordsdance\n>p2 move voltswitch\n>p2 switch 2\n>p1 move bitterblade terastallize\n>p2 move knockoff\n>p2 switch 4\n>p1 move poltergeist\n>p2 move bodypress\n>p1 switch 4\n>p1 move sludgebomb\n>p2 switch 5\n>p1 switch 3\n>p2 move icebeam\n>p1 move bodypress\n>p2 move rest terastallize\n>p1 move wish\n>p2 move sleeptalk\n>p1 move playrough\n>p2 move sleeptalk\n>p1 move protect\n>p2 move thunderbolt\n>p1 move wish\n>p2 move thunderbolt\n>p1 move protect\n>p2 move icebeam\n>p1 move wish\n>p2 move icebeam\n>p1 move protect\n>p2 move icebeam\n>p1 move protect\n>p2 move icebeam\n>p1 move wish\n>p2 move icebeam\n>p1 move protect\n>p2 move thunderbolt\n>p1 move wish\n>p2 move thunderbolt\n>p1 move playrough\n>p2 switch 5\n>p2 switch 5\n>p1 move wish\n>p2 move thunderbolt\n>p1 switch 6\n>p2 move thunderbolt\n>p1 move swordsdance\n>p2 switch 2\n>p1 move gunkshot\n>p2 move dracometeor\n>p1 switch 3\n>p2 move voltswitch\n>p2 switch 2\n>chat  Referrals|insane volt damn\n>p1 switch 3\n>p2 move rest\n>p1 move closecombat\n>p2 move sleeptalk\n>p1 switch 6\n>p1 move wish\n>p2 move sleeptalk\n>p1 move protect\n>p2 move thunderbolt\n>p1 move wish\n>p2 move thunderbolt\n>p1 move protect\n>p2 move thunderbolt\n>p1 move wish\n>p2 move thunderbolt\n>p1 move protect\n>p2 move thunderbolt\n>p1 move wish\n>p2 move thunderbolt\n>p1 move protect\n>p2 move thunderbolt\n>chat \u2606yes or no my dude\u2740|gg\n>p1 switch 3\n>p1 move recover\n>p2 move icebeam\n>p1 move dynamaxcannon\n>p2 move icebeam", "uploadtime": 1706297398, "views": 286, "formatid": "gen9randombattle", "rating": 2368, "private": 0, "password": null}