{"id": "gen9randombattle-2202446380", "format": "[Gen 9] Random Battle", "players": ["RBLT Buhrito", "RBLT MDB2"], "log": "|badge|p1|bronze|gen9randombattle|100-2\n|uhtml|medal-msg|<div class=\"broadcast-blue\">Curious what those medals under the avatar are? PS now has Ladder Seasons! For more information, check out the <a href=\"https://www.smogon.com/forums/threads/3740067/\">thread on Smogon.</a></div>\n|badge|p2|silver|gen9randombattle|30-2\n|uhtml|medal-msg|<div class=\"broadcast-blue\">Curious what those medals under the avatar are? PS now has Ladder Seasons! For more information, check out the <a href=\"https://www.smogon.com/forums/threads/3740067/\">thread on Smogon.</a></div>\n|raw|<div class=\"broadcast-blue\"><strong>This battle is required to be public due to a player having a name starting with 'rblt'.</div>\n|j|\u2606RBLT Buhrito\n|j|\u2606RBLT MDB2\n|t:|1726442894\n|gametype|singles\n|player|p1|RBLT Buhrito|#rbtt7teamchiyuf|2422\n|player|p2|RBLT MDB2|#vgcpliiizoruas|2528\n|teamsize|p1|6\n|teamsize|p2|6\n|gen|9\n|tier|[Gen 9] Random Battle\n|rated|\n|rule|Species Clause: Limit one of each Pok\u00e9mon\n|rule|HP Percentage Mod: HP is shown in percentages\n|rule|Sleep Clause Mod: Limit one foe put to sleep\n|rule|Illusion Level Mod: Illusion disguises the Pok\u00e9mon's true level\n|\n|t:|1726442894\n|start\n|switch|p1a: Rampardos|Rampardos, L90, F|321/321\n|switch|p2a: Volcanion|Volcanion, L79|256/256\n|turn|1\n|j| RBLT Ilex\n|j| RBLT raulcan\n|j| LBLT gazer42\n|j| paysa\n|j|+Pulse_kS\n|j| sealed ruins\n|j| Panty&Stockings\n|j| rblt L\n|j| RustySheriffBadge\n|inactive|Battle timer is ON: inactive players will automatically lose when time's up. (requested by RBLT Buhrito)\n|j| Truth N Ideals\n|\n|t:|1726442943\n|-terastallize|p2a: Volcanion|Water\n|move|p2a: Volcanion|Steam Eruption|p1a: Rampardos\n|-supereffective|p1a: Rampardos\n|-damage|p1a: Rampardos|0 fnt\n|faint|p1a: Rampardos\n|\n|upkeep\n|j| RBLT proph\n|j| rblt found it to\n|j|+pokeblade\u2606101\n|j| rb LTG99\n|\n|t:|1726442966\n|switch|p1a: Toxicroak|Toxicroak, L84, M|277/277\n|turn|2\n|j| RBLT Unstoppable\n|j| RBLT Pokevin\n|\n|t:|1726442986\n|move|p1a: Toxicroak|Swords Dance|p1a: Toxicroak\n|-boost|p1a: Toxicroak|atk|2\n|move|p2a: Volcanion|Flamethrower|p1a: Toxicroak\n|-damage|p1a: Toxicroak|112/277\n|\n|upkeep\n|turn|3\n|\n|t:|1726442994\n|switch|p2a: Vivillon|Vivillon-Polar, L84, F|272/272\n|move|p1a: Toxicroak|Close Combat|p2a: Vivillon\n|-resisted|p2a: Vivillon\n|-damage|p2a: Vivillon|134/272\n|-unboost|p1a: Toxicroak|def|1\n|-unboost|p1a: Toxicroak|spd|1\n|-damage|p1a: Toxicroak|85/277|[from] item: Life Orb\n|\n|upkeep\n|turn|4\n|j| RBLT yerdunc\n|\n|t:|1726443002\n|switch|p1a: Victreebel|Victreebel, L90, M|290/290\n|move|p2a: Vivillon|Hurricane|p1a: Victreebel\n|-supereffective|p1a: Victreebel\n|-damage|p1a: Victreebel|62/290\n|\n|upkeep\n|turn|5\n|j| Lady Writer \u232c\n|\n|t:|1726443016\n|switch|p1a: Oricorio|Oricorio-Sensu, L85, M|266/266\n|move|p2a: Vivillon|Bug Buzz|p1a: Oricorio\n|-resisted|p1a: Oricorio\n|-damage|p1a: Oricorio|239/266\n|\n|upkeep\n|turn|6\n|\n|t:|1726443022\n|move|p1a: Oricorio|Revelation Dance|p2a: Vivillon\n|-damage|p2a: Vivillon|0 fnt\n|faint|p2a: Vivillon\n|\n|upkeep\n|\n|t:|1726443029\n|switch|p2a: Lanturn|Lanturn, L89, M|367/367\n|turn|7\n|\n|t:|1726443038\n|switch|p1a: Victreebel|Victreebel, L90, M|62/290\n|move|p2a: Lanturn|Ice Beam|p1a: Victreebel\n|-supereffective|p1a: Victreebel\n|-damage|p1a: Victreebel|0 fnt\n|faint|p1a: Victreebel\n|\n|upkeep\n|\n|t:|1726443049\n|switch|p1a: Oricorio|Oricorio-Sensu, L85, M|239/266\n|turn|8\n|\n|t:|1726443055\n|move|p1a: Oricorio|Quiver Dance|p1a: Oricorio\n|-boost|p1a: Oricorio|spa|1\n|-boost|p1a: Oricorio|spd|1\n|-boost|p1a: Oricorio|spe|1\n|move|p2a: Lanturn|Thunder Wave|p1a: Oricorio|[miss]\n|-miss|p2a: Lanturn|p1a: Oricorio\n|\n|upkeep\n|turn|9\n|\n|t:|1726443063\n|move|p1a: Oricorio|Quiver Dance|p1a: Oricorio\n|-boost|p1a: Oricorio|spa|1\n|-boost|p1a: Oricorio|spd|1\n|-boost|p1a: Oricorio|spe|1\n|move|p2a: Lanturn|Thunder Wave|p1a: Oricorio\n|-status|p1a: Oricorio|par\n|\n|upkeep\n|turn|10\n|\n|t:|1726443066\n|switch|p2a: Dragalge|Dragalge, L88, M|258/258\n|move|p1a: Oricorio|Quiver Dance|p1a: Oricorio\n|-boost|p1a: Oricorio|spa|1\n|-boost|p1a: Oricorio|spd|1\n|-boost|p1a: Oricorio|spe|1\n|\n|upkeep\n|turn|11\n|\n|t:|1726443079\n|move|p1a: Oricorio|Revelation Dance|p2a: Dragalge\n|-crit|p2a: Dragalge\n|-damage|p2a: Dragalge|71/258\n|move|p2a: Dragalge|Dragon Tail|p1a: Oricorio\n|-damage|p1a: Oricorio|139/266 par\n|drag|p1a: Weavile|Weavile, L79, F|239/239\n|\n|upkeep\n|turn|12\n|\n|t:|1726443090\n|move|p1a: Weavile|Knock Off|p2a: Dragalge\n|-damage|p2a: Dragalge|0 fnt\n|-enditem|p2a: Dragalge|Assault Vest|[from] move: Knock Off|[of] p1a: Weavile\n|faint|p2a: Dragalge\n|\n|upkeep\n|\n|t:|1726443095\n|switch|p2a: Volcanion|Volcanion, L79, tera:Water|256/256\n|turn|13\n|\n|t:|1726443106\n|-terastallize|p1a: Weavile|Dark\n|move|p1a: Weavile|Knock Off|p2a: Volcanion\n|-damage|p2a: Volcanion|92/256\n|-enditem|p2a: Volcanion|Heavy-Duty Boots|[from] move: Knock Off|[of] p1a: Weavile\n|move|p2a: Volcanion|Flamethrower|p1a: Weavile\n|-damage|p1a: Weavile|122/239\n|\n|upkeep\n|turn|14\n|\n|t:|1726443113\n|switch|p2a: Tauros|Tauros-Paldea-Combat, L83, M|260/260\n|-ability|p2a: Tauros|Intimidate|boost\n|-unboost|p1a: Weavile|atk|1\n|move|p1a: Weavile|Knock Off|p2a: Tauros\n|-resisted|p2a: Tauros\n|-damage|p2a: Tauros|199/260\n|-enditem|p2a: Tauros|Choice Band|[from] move: Knock Off|[of] p1a: Weavile\n|\n|upkeep\n|turn|15\n|\n|t:|1726443133\n|switch|p1a: Oricorio|Oricorio-Sensu, L85, M|139/266 par\n|move|p2a: Tauros|Close Combat|p1a: Oricorio\n|-immune|p1a: Oricorio\n|\n|upkeep\n|turn|16\n|\n|t:|1726443141\n|switch|p2a: Lanturn|Lanturn, L89, M|367/367\n|move|p1a: Oricorio|Hurricane|p2a: Lanturn\n|-resisted|p2a: Lanturn\n|-damage|p2a: Lanturn|301/367\n|\n|-heal|p2a: Lanturn|323/367|[from] item: Leftovers\n|upkeep\n|turn|17\n|\n|t:|1726443154\n|move|p2a: Lanturn|Thunderbolt|p1a: Oricorio\n|-supereffective|p1a: Oricorio\n|-damage|p1a: Oricorio|0 fnt\n|faint|p1a: Oricorio\n|\n|-heal|p2a: Lanturn|345/367|[from] item: Leftovers\n|upkeep\n|l| rblt L\n|\n|t:|1726443175\n|switch|p1a: Toxicroak|Toxicroak, L84, M|85/277\n|turn|18\n|\n|t:|1726443182\n|switch|p2a: Volcanion|Volcanion, L79, tera:Water|92/256\n|move|p1a: Toxicroak|Close Combat|p2a: Volcanion\n|-damage|p2a: Volcanion|0 fnt\n|-unboost|p1a: Toxicroak|def|1\n|-unboost|p1a: Toxicroak|spd|1\n|faint|p2a: Volcanion\n|-damage|p1a: Toxicroak|58/277|[from] item: Life Orb\n|\n|upkeep\n|\n|t:|1726443185\n|switch|p2a: Tauros|Tauros-Paldea-Combat, L83, M|199/260\n|-ability|p2a: Tauros|Intimidate|boost\n|-unboost|p1a: Toxicroak|atk|1\n|turn|19\n|\n|t:|1726443189\n|switch|p1a: Espathra|Espathra, L80, M|283/283\n|move|p2a: Tauros|Close Combat|p1a: Espathra\n|-resisted|p1a: Espathra\n|-damage|p1a: Espathra|190/283\n|-unboost|p2a: Tauros|def|1\n|-unboost|p2a: Tauros|spd|1\n|\n|upkeep\n|turn|20\n|\n|t:|1726443205\n|move|p2a: Tauros|Throat Chop|p1a: Espathra\n|-supereffective|p1a: Espathra\n|-damage|p1a: Espathra|28/283\n|-start|p1a: Espathra|Throat Chop|[silent]\n|move|p1a: Espathra|Lumina Crash|p2a: Tauros\n|-supereffective|p2a: Tauros\n|-damage|p2a: Tauros|0 fnt\n|faint|p2a: Tauros\n|\n|-ability|p1a: Espathra|Speed Boost|boost\n|-boost|p1a: Espathra|spe|1\n|upkeep\n|\n|t:|1726443212\n|switch|p2a: Lanturn|Lanturn, L89, M|345/367\n|turn|21\n|\n|t:|1726443219\n|move|p1a: Espathra|Lumina Crash|p2a: Lanturn\n|-damage|p2a: Lanturn|219/367\n|-unboost|p2a: Lanturn|spd|2\n|move|p2a: Lanturn|Thunderbolt|p1a: Espathra\n|-damage|p1a: Espathra|0 fnt\n|faint|p1a: Espathra\n|\n|-heal|p2a: Lanturn|241/367|[from] item: Leftovers\n|upkeep\n|j| PokeChess\n|\n|t:|1726443226\n|switch|p1a: Weavile|Weavile, L79, F, tera:Dark|122/239\n|turn|22\n|\n|t:|1726443228\n|move|p1a: Weavile|Knock Off|p2a: Lanturn\n|-damage|p2a: Lanturn|0 fnt\n|-enditem|p2a: Lanturn|Leftovers|[from] move: Knock Off|[of] p1a: Weavile\n|faint|p2a: Lanturn\n|\n|upkeep\n|-message|RBLT MDB2 forfeited.\n|\n|win|RBLT Buhrito\n|raw|RBLT Buhrito's rating: 2422 &rarr; <strong>2448</strong><br />(+26 for winning)\n|raw|RBLT MDB2's rating: 2528 &rarr; <strong>2502</strong><br />(-26 for losing)\n|l|\u2606RBLT MDB2\n|player|p2|\n|l| Lady Writer \u232c\n|l| RBLT proph\n", "inputlog": ">version abcf08933808d3fb39dbc2b54a8665d830b47482\n>start {\"formatid\":\"gen9randombattle\",\"seed\":[62037,23323,65513,1378],\"rated\":\"Rated battle\"}\n>player p1 {\"name\":\"RBLT Buhrito\",\"avatar\":\"#rbtt7teamchiyuf\",\"rating\":2422,\"seed\":[17079,12313,6364,19451]}\n>player p2 {\"name\":\"RBLT MDB2\",\"avatar\":\"#vgcpliiizoruas\",\"rating\":2528,\"seed\":[679,41043,14922,40338]}\n>p1 move rockslide\n>p2 move steameruption terastallize\n>p1 switch 5\n>p1 move swordsdance\n>p2 move flamethrower\n>p1 move closecombat\n>p2 switch 5\n>p1 switch 3\n>p2 move hurricane\n>p1 switch 6\n>p2 move bugbuzz\n>p1 move revelationdance\n>p2 move sleeppowder\n>p2 switch 6\n>p1 switch 6\n>p2 move icebeam\n>p1 switch 6\n>p1 move quiverdance\n>p2 move thunderwave\n>p1 move quiverdance\n>p2 move thunderwave\n>p1 move quiverdance\n>p2 switch 3\n>p1 move revelationdance\n>p2 move dragontail\n>p1 move knockoff\n>p2 move dragontail\n>p2 switch 5\n>p1 move knockoff terastallize\n>p2 move flamethrower\n>p1 move knockoff\n>p2 switch 2\n>p1 switch 4\n>p2 move closecombat\n>p1 move hurricane\n>p2 switch 3\n>p1 move revelationdance\n>p2 move thunderbolt\n>p1 switch 3\n>p1 move closecombat\n>p2 switch 2\n>p2 switch 3\n>p1 switch 2\n>p2 move closecombat\n>p1 move luminacrash\n>p2 move throatchop\n>p2 switch 2\n>p1 move luminacrash\n>p2 move thunderbolt\n>p1 switch 4\n>p1 move knockoff\n>p2 move thunderwave\n>forcelose p2", "uploadtime": 1726443240, "views": 101, "formatid": "gen9randombattle", "rating": 2448, "private": 0, "password": null}