{"id": "gen9randombattle-2233435908", "format": "[Gen 9] Random Battle", "players": ["fireicedragon25", "Star Wheel"], "log": "|badge|p2|bronze|gen9randombattle|100-3\n|uhtml|medal-msg|<div class=\"broadcast-blue\">Curious what those medals under the avatar are? PS now has Ladder Seasons! For more information, check out the <a href=\"https://www.smogon.com/forums/threads/3740067/\">thread on Smogon.</a></div>\n|j|\u2606fireicedragon25\n|j|\u203dStar Wheel\n|t:|1730221134\n|gametype|singles\n|player|p1|fireicedragon25|102|2259\n|player|p2|Star Wheel|darach-caitlin|2326\n|teamsize|p1|6\n|teamsize|p2|6\n|gen|9\n|tier|[Gen 9] Random Battle\n|rated|\n|rule|Species Clause: Limit one of each Pok\u00e9mon\n|rule|HP Percentage Mod: HP is shown in percentages\n|rule|Sleep Clause Mod: Limit one foe put to sleep\n|rule|Illusion Level Mod: Illusion disguises the Pok\u00e9mon's true level\n|\n|t:|1730221134\n|start\n|switch|p1a: Vivillon|Vivillon-High Plains, L84, M|272/272\n|switch|p2a: Revavroom|Revavroom, L79, F|256/256\n|turn|1\n|inactive|Battle timer is ON: inactive players will automatically lose when time's up. (requested by Star Wheel)\n|inactive|Star Wheel has 120 seconds left.\n|\n|t:|1730221172\n|switch|p2a: Espeon|Espeon, L84, M|246/246\n|move|p1a: Vivillon|Sleep Powder|p2a: Espeon\n|move|p2a: Espeon|Sleep Powder|p1a: Vivillon|[from]ability: Magic Bounce\n|-status|p1a: Vivillon|slp|[from] move: Sleep Powder\n|\n|upkeep\n|turn|2\n|\n|t:|1730221183\n|move|p2a: Espeon|Calm Mind|p2a: Espeon\n|-boost|p2a: Espeon|spa|1\n|-boost|p2a: Espeon|spd|1\n|cant|p1a: Vivillon|slp\n|\n|upkeep\n|turn|3\n|inactive|Star Wheel has 120 seconds left.\n|\n|t:|1730221221\n|move|p2a: Espeon|Psychic|p1a: Vivillon\n|-damage|p1a: Vivillon|0 fnt\n|faint|p1a: Vivillon\n|-damage|p2a: Espeon|222/246|[from] item: Life Orb\n|\n|upkeep\n|\n|t:|1730221236\n|switch|p1a: Magmortar|Magmortar, L88, F|275/275\n|turn|4\n|inactive|Star Wheel has 120 seconds left.\n|\n|t:|1730221269\n|move|p2a: Espeon|Psychic|p1a: Magmortar\n|-damage|p1a: Magmortar|49/275\n|-damage|p2a: Espeon|198/246|[from] item: Life Orb\n|move|p1a: Magmortar|Knock Off|p2a: Espeon\n|-supereffective|p2a: Espeon\n|-damage|p2a: Espeon|14/246\n|-enditem|p2a: Espeon|Life Orb|[from] move: Knock Off|[of] p1a: Magmortar\n|\n|upkeep\n|turn|5\n|\n|t:|1730221275\n|move|p2a: Espeon|Psychic|p1a: Magmortar\n|-damage|p1a: Magmortar|0 fnt\n|faint|p1a: Magmortar\n|\n|upkeep\n|\n|t:|1730221276\n|switch|p1a: Deoxys|Deoxys-Attack, L72|191/191\n|-ability|p1a: Deoxys|Pressure\n|turn|6\n|inactive|Star Wheel has 120 seconds left.\n|\n|t:|1730221282\n|switch|p2a: Tinkaton|Tinkaton, L82, F|274/274\n|-ability|p2a: Tinkaton|Mold Breaker\n|move|p1a: Deoxys|Knock Off|p2a: Tinkaton\n|-resisted|p2a: Tinkaton\n|-damage|p2a: Tinkaton|213/274\n|-enditem|p2a: Tinkaton|Life Orb|[from] move: Knock Off|[of] p1a: Deoxys\n|-damage|p1a: Deoxys|172/191|[from] item: Life Orb\n|\n|upkeep\n|turn|7\n|inactive|fireicedragon25 has 120 seconds left.\n|\n|t:|1730221331\n|switch|p1a: Arbok|Arbok, L87, F|246/246\n|-ability|p1a: Arbok|Intimidate|boost\n|-unboost|p2a: Tinkaton|atk|1\n|move|p2a: Tinkaton|Gigaton Hammer|p1a: Arbok\n|-damage|p1a: Arbok|140/246\n|\n|-heal|p1a: Arbok|155/246|[from] item: Leftovers\n|upkeep\n|turn|8\n|\n|t:|1730221337\n|switch|p2a: Gliscor|Gliscor, L76, F|239/239\n|move|p1a: Arbok|Trailblaze|p2a: Gliscor\n|-damage|p2a: Gliscor|208/239\n|-boost|p1a: Arbok|spe|1\n|\n|-heal|p1a: Arbok|170/246|[from] item: Leftovers\n|-status|p2a: Gliscor|tox|[from] item: Toxic Orb\n|upkeep\n|turn|9\n|inactive|fireicedragon25 has 120 seconds left.\n|\n|t:|1730221348\n|switch|p1a: Virizion|Virizion, L82|283/283\n|move|p2a: Gliscor|Earthquake|p1a: Virizion\n|-resisted|p1a: Virizion\n|-damage|p1a: Virizion|236/283\n|\n|-heal|p2a: Gliscor|237/239 tox|[from] ability: Poison Heal\n|upkeep\n|turn|10\n|inactive|fireicedragon25 has 120 seconds left.\n|\n|t:|1730221354\n|move|p1a: Virizion|Swords Dance|p1a: Virizion\n|-boost|p1a: Virizion|atk|2\n|move|p2a: Gliscor|U-turn|p1a: Virizion\n|-damage|p1a: Virizion|185/283\n|\n|t:|1730221358\n|switch|p2a: Espeon|Espeon, L84, M|14/246|[from] U-turn\n|\n|upkeep\n|turn|11\n|\n|t:|1730221362\n|switch|p1a: Arbok|Arbok, L87, F|170/246\n|-ability|p1a: Arbok|Intimidate|boost\n|-unboost|p2a: Espeon|atk|1\n|move|p2a: Espeon|Psychic|p1a: Arbok\n|-supereffective|p1a: Arbok\n|-damage|p1a: Arbok|0 fnt\n|faint|p1a: Arbok\n|\n|upkeep\n|\n|t:|1730221365\n|switch|p1a: Deoxys|Deoxys-Attack, L72|172/191\n|-ability|p1a: Deoxys|Pressure\n|turn|12\n|\n|t:|1730221370\n|switch|p2a: Tinkaton|Tinkaton, L82, F|213/274\n|-ability|p2a: Tinkaton|Mold Breaker\n|move|p1a: Deoxys|Knock Off|p2a: Tinkaton\n|-resisted|p2a: Tinkaton\n|-damage|p2a: Tinkaton|170/274\n|-damage|p1a: Deoxys|153/191|[from] item: Life Orb\n|\n|upkeep\n|turn|13\n|\n|t:|1730221374\n|move|p1a: Deoxys|Superpower|p2a: Tinkaton\n|-damage|p2a: Tinkaton|21/274\n|-unboost|p1a: Deoxys|atk|1\n|-unboost|p1a: Deoxys|def|1\n|-damage|p1a: Deoxys|134/191|[from] item: Life Orb\n|move|p2a: Tinkaton|Gigaton Hammer|p1a: Deoxys\n|-crit|p1a: Deoxys\n|-damage|p1a: Deoxys|0 fnt\n|faint|p1a: Deoxys\n|\n|upkeep\n|\n|t:|1730221383\n|switch|p1a: Virizion|Virizion, L82|185/283\n|turn|14\n|\n|t:|1730221387\n|move|p1a: Virizion|Leaf Blade|p2a: Tinkaton\n|-resisted|p2a: Tinkaton\n|-damage|p2a: Tinkaton|0 fnt\n|faint|p2a: Tinkaton\n|-damage|p1a: Virizion|157/283|[from] item: Life Orb\n|\n|upkeep\n|\n|t:|1730221396\n|switch|p2a: Skeledirge|Skeledirge, L79, M|294/294\n|turn|15\n|\n|t:|1730221409\n|-terastallize|p1a: Virizion|Rock\n|move|p1a: Virizion|Stone Edge|p2a: Skeledirge\n|-supereffective|p2a: Skeledirge\n|-damage|p2a: Skeledirge|50/294\n|-damage|p1a: Virizion|129/283|[from] item: Life Orb\n|move|p2a: Skeledirge|Flame Charge|p1a: Virizion\n|-resisted|p1a: Virizion\n|-damage|p1a: Virizion|105/283\n|-boost|p2a: Skeledirge|spe|1\n|\n|upkeep\n|turn|16\n|\n|t:|1730221416\n|move|p2a: Skeledirge|Shadow Ball|p1a: Virizion\n|-damage|p1a: Virizion|38/283\n|move|p1a: Virizion|Stone Edge|p2a: Skeledirge\n|-supereffective|p2a: Skeledirge\n|-damage|p2a: Skeledirge|0 fnt\n|faint|p2a: Skeledirge\n|-damage|p1a: Virizion|10/283|[from] item: Life Orb\n|\n|upkeep\n|\n|t:|1730221421\n|switch|p2a: Espeon|Espeon, L84, M|14/246\n|turn|17\n|\n|t:|1730221425\n|move|p2a: Espeon|Psychic|p1a: Virizion\n|-damage|p1a: Virizion|0 fnt\n|faint|p1a: Virizion\n|\n|upkeep\n|\n|t:|1730221427\n|switch|p1a: Lilligant|Lilligant, L86, F|261/261\n|turn|18\n|\n|t:|1730221434\n|switch|p2a: Revavroom|Revavroom, L79, F|256/256\n|move|p1a: Lilligant|Quiver Dance|p1a: Lilligant\n|-boost|p1a: Lilligant|spa|1\n|-boost|p1a: Lilligant|spd|1\n|-boost|p1a: Lilligant|spe|1\n|\n|upkeep\n|turn|19\n|\n|t:|1730221445\n|move|p1a: Lilligant|Sleep Powder|p2a: Revavroom\n|-status|p2a: Revavroom|slp|[from] move: Sleep Powder\n|cant|p2a: Revavroom|slp\n|\n|upkeep\n|turn|20\n|\n|t:|1730221456\n|move|p1a: Lilligant|Quiver Dance|p1a: Lilligant\n|-boost|p1a: Lilligant|spa|1\n|-boost|p1a: Lilligant|spd|1\n|-boost|p1a: Lilligant|spe|1\n|cant|p2a: Revavroom|slp\n|\n|upkeep\n|turn|21\n|\n|t:|1730221471\n|move|p1a: Lilligant|Petal Dance|p2a: Revavroom\n|-resisted|p2a: Revavroom\n|-damage|p2a: Revavroom|126/256 slp\n|-damage|p1a: Lilligant|235/261|[from] item: Life Orb\n|-curestatus|p2a: Revavroom|slp|[msg]\n|move|p2a: Revavroom|Gunk Shot|p1a: Lilligant|[miss]\n|-miss|p2a: Revavroom|p1a: Lilligant\n|\n|upkeep\n|turn|22\n|\n|t:|1730221478\n|move|p1a: Lilligant|Petal Dance|p2a: Revavroom|[from]lockedmove\n|-resisted|p2a: Revavroom\n|-crit|p2a: Revavroom\n|-damage|p2a: Revavroom|0 fnt\n|faint|p2a: Revavroom\n|-damage|p1a: Lilligant|209/261|[from] item: Life Orb\n|\n|upkeep\n|\n|t:|1730221484\n|switch|p2a: Gliscor|Gliscor, L76, F|237/239 tox\n|turn|23\n|\n|t:|1730221487\n|move|p2a: Gliscor|Protect|p2a: Gliscor\n|-singleturn|p2a: Gliscor|Protect\n|move|p1a: Lilligant|Petal Dance|p2a: Gliscor|[from]lockedmove\n|-activate|p2a: Gliscor|move: Protect\n|\n|-heal|p2a: Gliscor|239/239 tox|[from] ability: Poison Heal\n|upkeep\n|turn|24\n|-message|Star Wheel forfeited.\n|\n|win|fireicedragon25\n|raw|fireicedragon25's rating: 2259 &rarr; <strong>2283</strong><br />(+24 for winning)\n|raw|Star Wheel's rating: 2336 &rarr; <strong>2312</strong><br />(-24 for losing)\n|l|\u203dStar Wheel\n|player|p2|\n", "inputlog": ">version 477f30e240a7ed7b39cd1259dc3a52c35227dcfd\n>start {\"formatid\":\"gen9randombattle\",\"seed\":[29756,42408,56436,30338],\"rated\":\"Rated battle\"}\n>player p1 {\"name\":\"fireicedragon25\",\"avatar\":\"102\",\"rating\":2259,\"seed\":[62194,27080,28129,61762]}\n>player p2 {\"name\":\"Star Wheel\",\"avatar\":\"darach-caitlin\",\"rating\":2326,\"seed\":[41049,29759,45286,26513]}\n>p1 move sleeppowder\n>p2 switch 6\n>p1 move bugbuzz\n>p2 move calmmind\n>p1 move bugbuzz\n>p2 move psychic\n>p1 switch 6\n>p1 move knockoff\n>p2 move psychic\n>p1 move knockoff\n>p2 move psychic\n>p1 switch 4\n>p1 move knockoff\n>p2 switch 4\n>p1 switch 5\n>p2 move gigatonhammer\n>p1 move trailblaze\n>p2 switch 2\n>p1 switch 2\n>p2 move earthquake\n>p1 move swordsdance\n>p2 move uturn\n>p2 switch 4\n>p1 switch 2\n>p2 move psychic\n>p1 switch 5\n>p1 move knockoff\n>p2 switch 2\n>p1 move superpower\n>p2 move gigatonhammer\n>p1 switch 2\n>p1 move leafblade\n>p2 move playrough\n>p2 switch 3\n>p1 move stoneedge terastallize\n>p2 move flamecharge\n>p1 move stoneedge\n>p2 move shadowball\n>p2 switch 2\n>p1 move leafblade\n>p2 move psychic\n>p1 switch 3\n>p1 move quiverdance\n>p2 switch 6\n>p1 move sleeppowder\n>p2 move gunkshot\n>p1 move quiverdance\n>p2 move gunkshot\n>p1 move petaldance\n>p2 move gunkshot\n>p1 move petaldance\n>p2 move gunkshot\n>p2 switch 4\n>p1 move petaldance\n>p2 move protect\n>forcelose p2", "uploadtime": 1730221658, "views": 43, "formatid": "gen9randombattle", "rating": 2283, "private": 0, "password": null}