{"id": "gen9randombattle-2154947333", "format": "[Gen 9] Random Battle", "players": ["Wiesellord", "rosymo"], "log": "|j|\u2606Wiesellord\n|j|\u2606rosymo\n|t:|1720085900\n|gametype|singles\n|player|p1|Wiesellord|265|2324\n|player|p2|rosymo|dawn|2247\n|teamsize|p1|6\n|teamsize|p2|6\n|gen|9\n|tier|[Gen 9] Random Battle\n|rated|\n|rule|Species Clause: Limit one of each Pok\u00e9mon\n|rule|HP Percentage Mod: HP is shown in percentages\n|rule|Sleep Clause Mod: Limit one foe put to sleep\n|rule|Illusion Level Mod: Illusion disguises the Pok\u00e9mon's true level\n|\n|t:|1720085900\n|start\n|switch|p1a: Leavanny|Leavanny, L87, M|271/271\n|switch|p2a: Latias|Latias, L79, F|256/256\n|turn|1\n|inactive|Battle timer is ON: inactive players will automatically lose when time's up. (requested by Wiesellord)\n|\n|t:|1720085939\n|move|p2a: Latias|Psyshock|p1a: Leavanny\n|-damage|p1a: Leavanny|172/271\n|move|p1a: Leavanny|Lunge|p2a: Latias\n|-supereffective|p2a: Latias\n|-damage|p2a: Latias|46/256\n|-unboost|p2a: Latias|atk|1\n|\n|upkeep\n|turn|2\n|\n|t:|1720085949\n|switch|p2a: Dugtrio|Dugtrio, L84, M|196/196\n|move|p1a: Leavanny|Sticky Web|p2a: Dugtrio\n|-sidestart|p2: rosymo|move: Sticky Web\n|\n|upkeep\n|turn|3\n|\n|t:|1720085954\n|move|p2a: Dugtrio|Stone Edge|p1a: Leavanny\n|-supereffective|p1a: Leavanny\n|-damage|p1a: Leavanny|0 fnt\n|faint|p1a: Leavanny\n|-damage|p2a: Dugtrio|177/196|[from] item: Life Orb\n|\n|upkeep\n|\n|t:|1720085967\n|switch|p1a: Whimsicott|Whimsicott, L85, F|241/241\n|turn|4\n|\n|t:|1720085982\n|switch|p2a: Gholdengo|Gholdengo, L77|261/261\n|-activate|p2a: Gholdengo|move: Sticky Web\n|-unboost|p2a: Gholdengo|spe|1\n|move|p1a: Whimsicott|U-turn|p2a: Gholdengo\n|-resisted|p2a: Gholdengo\n|-damage|p2a: Gholdengo|251/261\n|\n|t:|1720085987\n|switch|p1a: Hariyama|Hariyama, L87, F|392/392|[from] U-turn\n|\n|-heal|p2a: Gholdengo|261/261|[from] item: Leftovers\n|-status|p1a: Hariyama|brn|[from] item: Flame Orb\n|upkeep\n|turn|5\n|inactive|rosymo has 120 seconds left.\n|\n|t:|1720086018\n|switch|p2a: Iron Hands|Iron Hands, L79|373/373\n|-activate|p2a: Iron Hands|move: Sticky Web\n|-unboost|p2a: Iron Hands|spe|1\n|move|p1a: Hariyama|Knock Off|p2a: Iron Hands\n|-resisted|p2a: Iron Hands\n|-damage|p2a: Iron Hands|314/373\n|-enditem|p2a: Iron Hands|Assault Vest|[from] move: Knock Off|[of] p1a: Hariyama\n|\n|-damage|p1a: Hariyama|368/392 brn|[from] brn\n|upkeep\n|turn|6\n|\n|t:|1720086026\n|move|p2a: Iron Hands|Fake Out|p1a: Hariyama\n|-damage|p1a: Hariyama|329/392 brn\n|cant|p1a: Hariyama|flinch\n|\n|-damage|p1a: Hariyama|305/392 brn|[from] brn\n|upkeep\n|turn|7\n|\n|t:|1720086035\n|move|p1a: Hariyama|Facade|p2a: Iron Hands\n|-damage|p2a: Iron Hands|153/373\n|move|p2a: Iron Hands|Close Combat|p1a: Hariyama\n|-damage|p1a: Hariyama|128/392 brn\n|-unboost|p2a: Iron Hands|def|1\n|-unboost|p2a: Iron Hands|spd|1\n|\n|-damage|p1a: Hariyama|104/392 brn|[from] brn\n|upkeep\n|turn|8\n|\n|t:|1720086042\n|move|p1a: Hariyama|Headlong Rush|p2a: Iron Hands\n|-supereffective|p2a: Iron Hands\n|-damage|p2a: Iron Hands|0 fnt\n|-unboost|p1a: Hariyama|def|1\n|-unboost|p1a: Hariyama|spd|1\n|faint|p2a: Iron Hands\n|-end|p2a: Iron Hands|Quark Drive|[silent]\n|\n|-damage|p1a: Hariyama|80/392 brn|[from] brn\n|upkeep\n|\n|t:|1720086047\n|switch|p2a: Dugtrio|Dugtrio, L84, M|177/196\n|-activate|p2a: Dugtrio|move: Sticky Web\n|-unboost|p2a: Dugtrio|spe|1\n|turn|9\n|\n|t:|1720086050\n|move|p2a: Dugtrio|Earthquake|p1a: Hariyama\n|-damage|p1a: Hariyama|0 fnt\n|faint|p1a: Hariyama\n|-damage|p2a: Dugtrio|158/196|[from] item: Life Orb\n|\n|upkeep\n|\n|t:|1720086057\n|switch|p1a: Kleavor|Kleavor, L78, M|237/237\n|turn|10\n|\n|t:|1720086062\n|move|p1a: Kleavor|X-Scissor|p2a: Dugtrio\n|-damage|p2a: Dugtrio|0 fnt\n|faint|p2a: Dugtrio\n|\n|upkeep\n|\n|t:|1720086066\n|switch|p2a: Quaquaval|Quaquaval, L79, F|264/264\n|-activate|p2a: Quaquaval|move: Sticky Web\n|-unboost|p2a: Quaquaval|spe|1\n|turn|11\n|\n|t:|1720086073\n|move|p1a: Kleavor|U-turn|p2a: Quaquaval\n|-resisted|p2a: Quaquaval\n|-damage|p2a: Quaquaval|217/264\n|\n|t:|1720086074\n|switch|p1a: Gastrodon|Gastrodon-East, L86, F|331/331|[from] U-turn\n|move|p2a: Quaquaval|Rapid Spin|p1a: Gastrodon\n|-damage|p1a: Gastrodon|286/331\n|-boost|p2a: Quaquaval|spe|1\n|-sideend|p2: rosymo|Sticky Web|[from] move: Rapid Spin|[of] p2a: Quaquaval\n|\n|-heal|p1a: Gastrodon|306/331|[from] item: Leftovers\n|upkeep\n|turn|12\n|\n|t:|1720086085\n|move|p2a: Quaquaval|U-turn|p1a: Gastrodon\n|-damage|p1a: Gastrodon|242/331\n|\n|t:|1720086087\n|switch|p2a: Gholdengo|Gholdengo, L77|261/261|[from] U-turn\n|move|p1a: Gastrodon|Surf|p2a: Gholdengo\n|-damage|p2a: Gholdengo|161/261\n|\n|-heal|p2a: Gholdengo|177/261|[from] item: Leftovers\n|-heal|p1a: Gastrodon|262/331|[from] item: Leftovers\n|upkeep\n|turn|13\n|\n|t:|1720086091\n|switch|p2a: Latias|Latias, L79, F|46/256\n|move|p1a: Gastrodon|Earthquake|p2a: Latias\n|-immune|p2a: Latias|[from] ability: Levitate\n|\n|-heal|p1a: Gastrodon|282/331|[from] item: Leftovers\n|upkeep\n|turn|14\n|\n|t:|1720086095\n|switch|p1a: Kleavor|Kleavor, L78, M|237/237\n|move|p2a: Latias|Draco Meteor|p1a: Kleavor\n|-damage|p1a: Kleavor|15/237\n|-unboost|p2a: Latias|spa|2\n|\n|upkeep\n|turn|15\n|\n|t:|1720086103\n|switch|p1a: Whimsicott|Whimsicott, L85, F|241/241\n|move|p2a: Latias|Psyshock|p1a: Whimsicott\n|-damage|p1a: Whimsicott|193/241\n|\n|upkeep\n|turn|16\n|\n|t:|1720086107\n|switch|p2a: Gholdengo|Gholdengo, L77|177/261\n|move|p1a: Whimsicott|U-turn|p2a: Gholdengo\n|-resisted|p2a: Gholdengo\n|-damage|p2a: Gholdengo|167/261\n|\n|t:|1720086112\n|switch|p1a: Kleavor|Kleavor, L78, M|15/237|[from] U-turn\n|\n|-heal|p2a: Gholdengo|183/261|[from] item: Leftovers\n|upkeep\n|turn|17\n|inactive|rosymo has 120 seconds left.\n|\n|t:|1720086143\n|move|p1a: Kleavor|Stone Axe|p2a: Gholdengo\n|-resisted|p2a: Gholdengo\n|-damage|p2a: Gholdengo|126/261\n|-sidestart|p2: rosymo|move: Stealth Rock\n|move|p2a: Gholdengo|Shadow Ball|p1a: Kleavor\n|-damage|p1a: Kleavor|0 fnt\n|faint|p1a: Kleavor\n|\n|-heal|p2a: Gholdengo|142/261|[from] item: Leftovers\n|upkeep\n|\n|t:|1720086150\n|switch|p1a: Gastrodon|Gastrodon-East, L86, F|282/331\n|turn|18\n|\n|t:|1720086154\n|move|p2a: Gholdengo|Shadow Ball|p1a: Gastrodon\n|-damage|p1a: Gastrodon|180/331\n|move|p1a: Gastrodon|Surf|p2a: Gholdengo\n|-damage|p2a: Gholdengo|46/261\n|\n|-heal|p2a: Gholdengo|62/261|[from] item: Leftovers\n|-heal|p1a: Gastrodon|200/331|[from] item: Leftovers\n|upkeep\n|turn|19\n|\n|t:|1720086157\n|move|p2a: Gholdengo|Shadow Ball|p1a: Gastrodon\n|-damage|p1a: Gastrodon|97/331\n|move|p1a: Gastrodon|Recover|p1a: Gastrodon\n|-heal|p1a: Gastrodon|263/331\n|\n|-heal|p2a: Gholdengo|78/261|[from] item: Leftovers\n|-heal|p1a: Gastrodon|283/331|[from] item: Leftovers\n|upkeep\n|turn|20\n|\n|t:|1720086159\n|move|p2a: Gholdengo|Shadow Ball|p1a: Gastrodon\n|-damage|p1a: Gastrodon|186/331\n|move|p1a: Gastrodon|Surf|p2a: Gholdengo\n|-damage|p2a: Gholdengo|0 fnt\n|faint|p2a: Gholdengo\n|\n|-heal|p1a: Gastrodon|206/331|[from] item: Leftovers\n|upkeep\n|\n|t:|1720086161\n|switch|p2a: Quaquaval|Quaquaval, L79, F|217/264\n|-damage|p2a: Quaquaval|201/264|[from] Stealth Rock\n|turn|21\n|\n|t:|1720086167\n|move|p2a: Quaquaval|Rapid Spin|p1a: Gastrodon\n|-damage|p1a: Gastrodon|160/331\n|-boost|p2a: Quaquaval|spe|1\n|-sideend|p2: rosymo|Stealth Rock|[from] move: Rapid Spin|[of] p2a: Quaquaval\n|move|p1a: Gastrodon|Earthquake|p2a: Quaquaval\n|-damage|p2a: Quaquaval|83/264\n|\n|-heal|p1a: Gastrodon|180/331|[from] item: Leftovers\n|upkeep\n|turn|22\n|\n|t:|1720086174\n|move|p2a: Quaquaval|Close Combat|p1a: Gastrodon\n|-damage|p1a: Gastrodon|30/331\n|-unboost|p2a: Quaquaval|def|1\n|-unboost|p2a: Quaquaval|spd|1\n|move|p1a: Gastrodon|Earthquake|p2a: Quaquaval\n|-damage|p2a: Quaquaval|0 fnt\n|faint|p2a: Quaquaval\n|\n|-heal|p1a: Gastrodon|50/331|[from] item: Leftovers\n|upkeep\n|\n|t:|1720086180\n|switch|p2a: Latias|Latias, L79, F|46/256\n|turn|23\n|\n|t:|1720086183\n|move|p2a: Latias|Psyshock|p1a: Gastrodon\n|-damage|p1a: Gastrodon|0 fnt\n|faint|p1a: Gastrodon\n|\n|upkeep\n|\n|t:|1720086184\n|switch|p1a: Whimsicott|Whimsicott, L85, F|193/241\n|turn|24\n|\n|t:|1720086189\n|move|p1a: Whimsicott|Moonblast|p2a: Latias\n|-supereffective|p2a: Latias\n|-damage|p2a: Latias|0 fnt\n|faint|p2a: Latias\n|\n|upkeep\n|\n|t:|1720086192\n|switch|p2a: Minior|Minior, L79|223/223\n|-formechange|p2a: Minior|Minior-Meteor||[from] ability: Shields Down\n|turn|25\n|\n|t:|1720086195\n|move|p1a: Whimsicott|Moonblast|p2a: Minior\n|-damage|p2a: Minior|132/223\n|-unboost|p2a: Minior|spa|1\n|-enditem|p2a: Minior|White Herb\n|-clearnegativeboost|p2a: Minior|[silent]\n|move|p2a: Minior|Acrobatics|p1a: Whimsicott\n|-supereffective|p1a: Whimsicott\n|-damage|p1a: Whimsicott|41/241\n|\n|upkeep\n|turn|26\n|\n|t:|1720086201\n|move|p1a: Whimsicott|Moonblast|p2a: Minior\n|-damage|p2a: Minior|47/223\n|move|p2a: Minior|Shell Smash|p2a: Minior\n|-unboost|p2a: Minior|def|1\n|-unboost|p2a: Minior|spd|1\n|-boost|p2a: Minior|atk|2\n|-boost|p2a: Minior|spa|2\n|-boost|p2a: Minior|spe|2\n|\n|-formechange|p2a: Minior|Minior||[from] ability: Shields Down\n|upkeep\n|turn|27\n|j| Girls See Ghosts\n|\n|t:|1720086203\n|move|p1a: Whimsicott|Encore|p2a: Minior\n|-start|p2a: Minior|Encore\n|move|p2a: Minior|Shell Smash|p2a: Minior\n|-unboost|p2a: Minior|def|1\n|-unboost|p2a: Minior|spd|1\n|-boost|p2a: Minior|atk|2\n|-boost|p2a: Minior|spa|2\n|-boost|p2a: Minior|spe|2\n|\n|upkeep\n|turn|28\n|-message|rosymo forfeited.\n|\n|win|Wiesellord\n|raw|Wiesellord's rating: 2324 &rarr; <strong>2340</strong><br />(+16 for winning)\n|raw|rosymo's rating: 2247 &rarr; <strong>2231</strong><br />(-16 for losing)\n|l|\u2606rosymo\n|player|p2|\n|l|\u2606Wiesellord\n|player|p1|\n|l| Girls See Ghosts\n", "inputlog": ">version 26771249c35d7a4b83b8b432d5cb35999166eb23\n>start {\"formatid\":\"gen9randombattle\",\"seed\":[64706,50855,42508,26457],\"rated\":\"Rated battle\"}\n>player p1 {\"name\":\"Wiesellord\",\"avatar\":\"265\",\"rating\":2324,\"seed\":[58473,20785,43876,34384]}\n>player p2 {\"name\":\"rosymo\",\"avatar\":\"dawn\",\"rating\":2247,\"seed\":[1046,60696,37324,60547]}\n>p1 move lunge\n>p2 move psyshock\n>p1 move stickyweb\n>p2 switch 2\n>p1 move leafblade\n>p2 move stoneedge\n>p1 switch 3\n>p1 move uturn\n>p2 switch 5\n>p1 switch 5\n>p1 move knockoff\n>p2 switch 6\n>p1 move facade\n>p2 move fakeout\n>p1 move facade\n>p2 move closecombat\n>p1 move headlongrush\n>p2 move closecombat\n>p2 switch 5\n>p1 move facade\n>p2 move earthquake\n>p1 switch 2\n>p1 move xscissor\n>p2 move stoneedge\n>p2 switch 4\n>p1 move uturn\n>p2 move rapidspin\n>p1 switch 6\n>p1 move surf\n>p2 move uturn\n>p2 switch 6\n>p1 move earthquake\n>p2 switch 2\n>p1 switch 6\n>p2 move dracometeor\n>p1 switch 5\n>p2 move psyshock\n>p1 move uturn\n>p2 switch 2\n>p1 switch 5\n>p1 move stoneaxe\n>p2 move shadowball\n>p1 switch 6\n>p1 move surf\n>p2 move shadowball\n>p1 move recover\n>p2 move shadowball\n>p1 move surf\n>p2 move shadowball\n>p2 switch 6\n>p1 move earthquake\n>p2 move rapidspin\n>p1 move earthquake\n>p2 move closecombat\n>p2 switch 2\n>p1 move sludgebomb\n>p2 move psyshock\n>p1 switch 5\n>p1 move moonblast\n>p2 move psyshock\n>p2 switch 3\n>p1 move moonblast\n>p2 move acrobatics\n>p1 move moonblast\n>p2 move shellsmash\n>p1 move encore\n>p2 move acrobatics\n>forcelose p2", "uploadtime": 1720086256, "views": 167, "formatid": "gen9randombattle", "rating": 2231, "private": 0, "password": null}