{"id": "gen9randombattle-2260376184", "format": "[Gen 9] Random Battle", "players": ["roseisagoof", "ScarletttZ"], "log": "|j|\u2606roseisagoof\n|j|\u2606ScarletttZ\n|t:|1733845504\n|gametype|singles\n|player|p1|roseisagoof|bellelba|1072\n|player|p2|ScarletttZ|lucas|1017\n|teamsize|p1|6\n|teamsize|p2|6\n|gen|9\n|tier|[Gen 9] Random Battle\n|rated|\n|rule|Species Clause: Limit one of each Pok\u00e9mon\n|rule|HP Percentage Mod: HP is shown in percentages\n|rule|Sleep Clause Mod: Limit one foe put to sleep\n|rule|Illusion Level Mod: Illusion disguises the Pok\u00e9mon's true level\n|\n|t:|1733845504\n|start\n|switch|p1a: Cacturne|Cacturne, L92, F|278/278\n|switch|p2a: Misdreavus|Misdreavus, L90, M|254/254\n|turn|1\n|inactive|Battle timer is ON: inactive players will automatically lose when time's up. (requested by roseisagoof)\n|\n|t:|1733845514\n|move|p1a: Cacturne|Sucker Punch|p2a: Misdreavus\n|-supereffective|p2a: Misdreavus\n|-damage|p2a: Misdreavus|41/254\n|-damage|p1a: Cacturne|251/278|[from] item: Life Orb\n|move|p2a: Misdreavus|Shadow Ball|p1a: Cacturne\n|-resisted|p1a: Cacturne\n|-damage|p1a: Cacturne|194/278\n|\n|upkeep\n|turn|2\n|\n|t:|1733845530\n|switch|p2a: Iron Jugulis|Iron Jugulis, L78|275/275\n|move|p1a: Cacturne|Toxic Spikes|p2a: Iron Jugulis\n|-sidestart|p2: ScarletttZ|move: Toxic Spikes\n|\n|upkeep\n|turn|3\n|\n|t:|1733845539\n|move|p2a: Iron Jugulis|Fire Blast|p1a: Cacturne\n|-supereffective|p1a: Cacturne\n|-damage|p1a: Cacturne|0 fnt\n|faint|p1a: Cacturne\n|\n|upkeep\n|\n|t:|1733845551\n|switch|p1a: Zekrom|Zekrom, L71|259/259\n|-ability|p1a: Zekrom|Teravolt\n|turn|4\n|\n|t:|1733845558\n|move|p2a: Iron Jugulis|Fire Blast|p1a: Zekrom\n|-resisted|p1a: Zekrom\n|-damage|p1a: Zekrom|197/259\n|move|p1a: Zekrom|Bolt Strike|p2a: Iron Jugulis\n|-supereffective|p2a: Iron Jugulis\n|-damage|p2a: Iron Jugulis|0 fnt\n|faint|p2a: Iron Jugulis\n|-end|p2a: Iron Jugulis|Quark Drive|[silent]\n|\n|-heal|p1a: Zekrom|213/259|[from] item: Leftovers\n|upkeep\n|\n|t:|1733845579\n|switch|p2a: Drednaw|Drednaw, L81, F|278/278\n|-status|p2a: Drednaw|psn\n|turn|5\n|\n|t:|1733845589\n|move|p1a: Zekrom|Bolt Strike|p2a: Drednaw\n|-supereffective|p2a: Drednaw\n|-damage|p2a: Drednaw|0 fnt\n|faint|p2a: Drednaw\n|\n|-heal|p1a: Zekrom|229/259|[from] item: Leftovers\n|upkeep\n|\n|t:|1733845598\n|switch|p2a: Skeledirge|Skeledirge, L79, M|294/294\n|turn|6\n|\n|t:|1733845609\n|switch|p1a: Scream Tail|Scream Tail, L84|330/330\n|move|p2a: Skeledirge|Torch Song|p1a: Scream Tail\n|-damage|p1a: Scream Tail|264/330\n|-boost|p2a: Skeledirge|spa|1\n|\n|-heal|p1a: Scream Tail|284/330|[from] item: Leftovers\n|upkeep\n|turn|7\n|\n|t:|1733845624\n|switch|p2a: Regice|Regice, L88|284/284\n|move|p1a: Scream Tail|Dazzling Gleam|p2a: Regice\n|-damage|p2a: Regice|256/284\n|\n|-heal|p1a: Scream Tail|304/330|[from] item: Leftovers\n|upkeep\n|turn|8\n|\n|t:|1733845636\n|move|p1a: Scream Tail|Thunder Wave|p2a: Regice\n|-status|p2a: Regice|par\n|move|p2a: Regice|Ice Beam|p1a: Scream Tail\n|-damage|p1a: Scream Tail|211/330\n|\n|-heal|p1a: Scream Tail|231/330|[from] item: Leftovers\n|upkeep\n|turn|9\n|\n|t:|1733845651\n|-end|p1a: Scream Tail|Protosynthesis|[silent]\n|switch|p1a: Oinkologne|Oinkologne, L92, M|352/352\n|move|p2a: Regice|Thunderbolt|p1a: Oinkologne\n|-damage|p1a: Oinkologne|286/352\n|\n|-heal|p1a: Oinkologne|308/352|[from] item: Leftovers\n|upkeep\n|turn|10\n|\n|t:|1733845665\n|move|p1a: Oinkologne|High Horsepower|p2a: Regice\n|-damage|p2a: Regice|182/284 par\n|move|p2a: Regice|Body Press|p1a: Oinkologne\n|-supereffective|p1a: Oinkologne\n|-damage|p1a: Oinkologne|172/352\n|\n|-heal|p1a: Oinkologne|194/352|[from] item: Leftovers\n|upkeep\n|turn|11\n|\n|t:|1733845677\n|move|p1a: Oinkologne|High Horsepower|p2a: Regice\n|-damage|p2a: Regice|111/284 par\n|move|p2a: Regice|Body Press|p1a: Oinkologne\n|-supereffective|p1a: Oinkologne\n|-crit|p1a: Oinkologne\n|-damage|p1a: Oinkologne|0 fnt\n|faint|p1a: Oinkologne\n|\n|upkeep\n|\n|t:|1733845688\n|switch|p1a: Piloswine|Piloswine, L85, F|309/309\n|turn|12\n|\n|t:|1733845694\n|move|p1a: Piloswine|Stealth Rock|p2a: Regice\n|-sidestart|p2: ScarletttZ|move: Stealth Rock\n|cant|p2a: Regice|par\n|\n|upkeep\n|turn|13\n|\n|t:|1733845700\n|move|p1a: Piloswine|Earthquake|p2a: Regice\n|-damage|p2a: Regice|21/284 par\n|move|p2a: Regice|Body Press|p1a: Piloswine\n|-supereffective|p1a: Piloswine\n|-damage|p1a: Piloswine|217/309\n|\n|upkeep\n|turn|14\n|\n|t:|1733845709\n|move|p1a: Piloswine|Earthquake|p2a: Regice\n|-damage|p2a: Regice|0 fnt\n|faint|p2a: Regice\n|\n|upkeep\n|\n|t:|1733845716\n|switch|p2a: Chimecho|Chimecho, L93, F|290/290\n|-damage|p2a: Chimecho|254/290|[from] Stealth Rock\n|turn|15\n|\n|t:|1733845724\n|move|p2a: Chimecho|Dazzling Gleam|p1a: Piloswine\n|-damage|p1a: Piloswine|160/309\n|move|p1a: Piloswine|Icicle Crash|p2a: Chimecho\n|-damage|p2a: Chimecho|167/290\n|\n|-heal|p2a: Chimecho|185/290|[from] item: Leftovers\n|upkeep\n|turn|16\n|\n|t:|1733845735\n|move|p1a: Piloswine|Ice Shard|p2a: Chimecho\n|-damage|p2a: Chimecho|140/290\n|move|p2a: Chimecho|Stored Power|p1a: Piloswine\n|-damage|p1a: Piloswine|138/309\n|\n|-heal|p2a: Chimecho|158/290|[from] item: Leftovers\n|upkeep\n|turn|17\n|\n|t:|1733845751\n|switch|p1a: Vivillon|Vivillon-Continental, L84, M|272/272\n|move|p2a: Chimecho|Recover|p2a: Chimecho\n|-heal|p2a: Chimecho|290/290\n|\n|upkeep\n|turn|18\n|\n|t:|1733845760\n|move|p1a: Vivillon|Sleep Powder|p2a: Chimecho\n|-status|p2a: Chimecho|slp|[from] move: Sleep Powder\n|cant|p2a: Chimecho|slp\n|\n|upkeep\n|turn|19\n|\n|t:|1733845769\n|switch|p2a: Skeledirge|Skeledirge, L79, M|294/294\n|move|p1a: Vivillon|Quiver Dance|p1a: Vivillon\n|-boost|p1a: Vivillon|spa|1\n|-boost|p1a: Vivillon|spd|1\n|-boost|p1a: Vivillon|spe|1\n|\n|upkeep\n|turn|20\n|\n|t:|1733845778\n|move|p1a: Vivillon|Sleep Powder|p2a: Skeledirge\n|-message|Sleep Clause Mod activated.\n|-hint|Sleep Clause Mod prevents players from putting more than one of their opponent's Pok\u00e9mon to sleep at a time\n|move|p2a: Skeledirge|Flame Charge|p1a: Vivillon\n|-supereffective|p1a: Vivillon\n|-damage|p1a: Vivillon|162/272\n|-boost|p2a: Skeledirge|spe|1\n|\n|upkeep\n|turn|21\n|\n|t:|1733845806\n|-terastallize|p1a: Vivillon|Ground\n|move|p1a: Vivillon|Tera Blast|p2a: Skeledirge|[anim] Tera Blast Ground\n|-supereffective|p2a: Skeledirge\n|-damage|p2a: Skeledirge|88/294\n|move|p2a: Skeledirge|Flame Charge|p1a: Vivillon\n|-damage|p1a: Vivillon|99/272\n|-boost|p2a: Skeledirge|spe|1\n|\n|upkeep\n|turn|22\n|\n|t:|1733845820\n|switch|p2a: Misdreavus|Misdreavus, L90, M|41/254\n|-damage|p2a: Misdreavus|10/254|[from] Stealth Rock\n|move|p1a: Vivillon|Tera Blast|p2a: Misdreavus|[anim] Tera Blast Ground\n|-immune|p2a: Misdreavus|[from] ability: Levitate\n|\n|upkeep\n|turn|23\n|\n|t:|1733845831\n|move|p1a: Vivillon|Hurricane|p2a: Misdreavus\n|-damage|p2a: Misdreavus|0 fnt\n|faint|p2a: Misdreavus\n|\n|upkeep\n|\n|t:|1733845835\n|switch|p2a: Skeledirge|Skeledirge, L79, M|88/294\n|turn|24\n|\n|t:|1733845841\n|move|p1a: Vivillon|Tera Blast|p2a: Skeledirge|[anim] Tera Blast Ground\n|-supereffective|p2a: Skeledirge\n|-damage|p2a: Skeledirge|0 fnt\n|faint|p2a: Skeledirge\n|\n|upkeep\n|\n|t:|1733845845\n|switch|p2a: Chimecho|Chimecho, L93, F|290/290 slp\n|-damage|p2a: Chimecho|254/290 slp|[from] Stealth Rock\n|turn|25\n|\n|t:|1733845852\n|move|p1a: Vivillon|Quiver Dance|p1a: Vivillon\n|-boost|p1a: Vivillon|spa|1\n|-boost|p1a: Vivillon|spd|1\n|-boost|p1a: Vivillon|spe|1\n|cant|p2a: Chimecho|slp\n|\n|-heal|p2a: Chimecho|272/290 slp|[from] item: Leftovers\n|upkeep\n|turn|26\n|\n|t:|1733845862\n|move|p1a: Vivillon|Hurricane|p2a: Chimecho\n|-damage|p2a: Chimecho|94/290 slp\n|-start|p2a: Chimecho|confusion\n|-curestatus|p2a: Chimecho|slp|[msg]\n|-activate|p2a: Chimecho|confusion\n|-damage|p2a: Chimecho|79/290|[from] confusion\n|\n|-heal|p2a: Chimecho|97/290|[from] item: Leftovers\n|upkeep\n|turn|27\n|\n|t:|1733845876\n|-terastallize|p2a: Chimecho|Steel\n|move|p1a: Vivillon|Hurricane|p2a: Chimecho\n|-resisted|p2a: Chimecho\n|-damage|p2a: Chimecho|0 fnt\n|faint|p2a: Chimecho\n|\n|win|roseisagoof\n|raw|roseisagoof's rating: 1072 &rarr; <strong>1097</strong><br />(+25 for winning)\n|raw|ScarletttZ's rating: 1017 &rarr; <strong>1006</strong><br />(-11 for losing)\n", "inputlog": ">version bfd83cad13791eb5a5a409923076391caf6fb4d4\n>start {\"formatid\":\"gen9randombattle\",\"seed\":[28487,20616,28333,41185],\"rated\":\"Rated battle\"}\n>player p1 {\"name\":\"roseisagoof\",\"avatar\":\"bellelba\",\"rating\":1072,\"seed\":[47361,24292,49775,27885]}\n>player p2 {\"name\":\"ScarletttZ\",\"avatar\":\"lucas\",\"rating\":1017,\"seed\":[48336,24409,13839,1829]}\n>p1 move suckerpunch\n>p2 move shadowball\n>p1 move toxicspikes\n>p2 switch 2\n>p1 move knockoff\n>p2 move fireblast\n>p1 switch 4\n>p1 move boltstrike\n>p2 move fireblast\n>p2 switch 5\n>p1 move boltstrike\n>p2 move stoneedge\n>p2 switch 6\n>p1 switch 5\n>p2 move torchsong\n>p1 move dazzlinggleam\n>p2 switch 4\n>p1 move thunderwave\n>p2 move icebeam\n>p1 switch 3\n>p2 move thunderbolt\n>p1 move highhorsepower\n>p2 move bodypress\n>p1 move highhorsepower\n>p2 move bodypress\n>p1 switch 2\n>p1 move stealthrock\n>p2 move bodypress\n>p1 move earthquake\n>p2 move bodypress\n>p1 move earthquake\n>p2 move thunderwave\n>p2 switch 3\n>p1 move iciclecrash\n>p2 move dazzlinggleam\n>p1 move iceshard\n>p2 move storedpower\n>p1 switch 6\n>p2 move recover\n>p1 move sleeppowder\n>p2 move dazzlinggleam\n>p1 move quiverdance\n>p2 switch 4\n>p1 move sleeppowder\n>p2 move flamecharge\n>p1 move terablast terastallize\n>p2 move flamecharge\n>p1 move terablast\n>p2 switch 2\n>p1 move hurricane\n>p2 move drainingkiss\n>p2 switch 2\n>p1 move terablast\n>p2 move flamecharge\n>p2 switch 4\n>p1 move quiverdance\n>p2 move cosmicpower\n>p1 move hurricane\n>p2 move cosmicpower\n>p1 move hurricane\n>p2 move storedpower terastallize", "uploadtime": 1733845880, "views": 1, "formatid": "gen9randombattle", "rating": 1006, "private": 0, "password": null}