{"id": "gen9randombattle-2225980249", "format": "[Gen 9] Random Battle", "players": ["samuelayers", "velvestrade"], "log": "|j|\u2606samuelayers\n|j|\u2606velvestrade\n|t:|1729289462\n|gametype|singles\n|player|p1|samuelayers|gentleman-gen4dp|2207\n|player|p2|velvestrade|miku-ground|2258\n|teamsize|p1|6\n|teamsize|p2|6\n|gen|9\n|tier|[Gen 9] Random Battle\n|rated|\n|rule|Species Clause: Limit one of each Pok\u00e9mon\n|rule|HP Percentage Mod: HP is shown in percentages\n|rule|Sleep Clause Mod: Limit one foe put to sleep\n|rule|Illusion Level Mod: Illusion disguises the Pok\u00e9mon's true level\n|\n|t:|1729289462\n|start\n|switch|p1a: Deoxys|Deoxys-Defense, L85|224/224\n|switch|p2a: Camerupt|Camerupt, L91, M|275/275\n|-ability|p1a: Deoxys|Pressure\n|turn|1\n|inactive|Battle timer is ON: inactive players will automatically lose when time's up. (requested by velvestrade)\n|inactive|samuelayers also wants the timer to be on.\n|\n|t:|1729289472\n|move|p1a: Deoxys|Calm Mind|p1a: Deoxys\n|-boost|p1a: Deoxys|spa|1\n|-boost|p1a: Deoxys|spd|1\n|move|p2a: Camerupt|Stealth Rock|p1a: Deoxys\n|-sidestart|p1: samuelayers|move: Stealth Rock\n|\n|upkeep\n|turn|2\n|\n|t:|1729289482\n|move|p1a: Deoxys|Psychic|p2a: Camerupt\n|-damage|p2a: Camerupt|163/275\n|move|p2a: Camerupt|Will-O-Wisp|p1a: Deoxys\n|-status|p1a: Deoxys|brn\n|\n|-heal|p2a: Camerupt|180/275|[from] item: Leftovers\n|-damage|p1a: Deoxys|210/224 brn|[from] brn\n|upkeep\n|turn|3\n|\n|t:|1729289498\n|move|p1a: Deoxys|Psychic|p2a: Camerupt\n|-damage|p2a: Camerupt|50/275\n|move|p2a: Camerupt|Earthquake|p1a: Deoxys\n|-damage|p1a: Deoxys|137/224 brn\n|\n|-heal|p1a: Deoxys|151/224 brn|[from] item: Leftovers\n|-heal|p2a: Camerupt|67/275|[from] item: Leftovers\n|-damage|p1a: Deoxys|137/224 brn|[from] brn\n|upkeep\n|turn|4\n|\n|t:|1729289507\n|move|p1a: Deoxys|Psychic|p2a: Camerupt\n|-damage|p2a: Camerupt|0 fnt\n|faint|p2a: Camerupt\n|\n|-heal|p1a: Deoxys|151/224 brn|[from] item: Leftovers\n|-damage|p1a: Deoxys|137/224 brn|[from] brn\n|upkeep\n|\n|t:|1729289512\n|switch|p2a: Squawkabilly|Squawkabilly-White, L89, M|291/291\n|turn|5\n|\n|t:|1729289526\n|move|p2a: Squawkabilly|Brave Bird|p1a: Deoxys|[miss]\n|-miss|p2a: Squawkabilly|p1a: Deoxys\n|move|p1a: Deoxys|Psychic|p2a: Squawkabilly\n|-damage|p2a: Squawkabilly|132/291\n|\n|-heal|p1a: Deoxys|151/224 brn|[from] item: Leftovers\n|-damage|p1a: Deoxys|137/224 brn|[from] brn\n|upkeep\n|turn|6\n|\n|t:|1729289531\n|move|p2a: Squawkabilly|Brave Bird|p1a: Deoxys|[miss]\n|-miss|p2a: Squawkabilly|p1a: Deoxys\n|move|p1a: Deoxys|Psychic|p2a: Squawkabilly\n|-damage|p2a: Squawkabilly|0 fnt\n|faint|p2a: Squawkabilly\n|\n|-heal|p1a: Deoxys|151/224 brn|[from] item: Leftovers\n|-damage|p1a: Deoxys|137/224 brn|[from] brn\n|upkeep\n|c|\u2606velvestrade|i hate this bird lmfao\n|\n|t:|1729289557\n|switch|p2a: Delibird|Delibird, F|252/252\n|turn|7\n|\n|t:|1729289565\n|move|p2a: Delibird|Brave Bird|p1a: Deoxys\n|-damage|p1a: Deoxys|70/224 brn\n|-damage|p2a: Delibird|230/252|[from] Recoil\n|move|p1a: Deoxys|Recover|p1a: Deoxys\n|-heal|p1a: Deoxys|182/224 brn\n|\n|-heal|p1a: Deoxys|196/224 brn|[from] item: Leftovers\n|-damage|p1a: Deoxys|182/224 brn|[from] brn\n|upkeep\n|turn|8\n|\n|t:|1729289578\n|move|p2a: Delibird|Spikes|p1a: Deoxys\n|-sidestart|p1: samuelayers|Spikes\n|move|p1a: Deoxys|Psychic|p2a: Delibird\n|-damage|p2a: Delibird|85/252\n|\n|-heal|p1a: Deoxys|196/224 brn|[from] item: Leftovers\n|-damage|p1a: Deoxys|182/224 brn|[from] brn\n|upkeep\n|turn|9\n|\n|t:|1729289588\n|move|p2a: Delibird|Brave Bird|p1a: Deoxys\n|-damage|p1a: Deoxys|103/224 brn\n|-damage|p2a: Delibird|59/252|[from] Recoil\n|move|p1a: Deoxys|Calm Mind|p1a: Deoxys\n|-boost|p1a: Deoxys|spa|1\n|-boost|p1a: Deoxys|spd|1\n|\n|-heal|p1a: Deoxys|117/224 brn|[from] item: Leftovers\n|-damage|p1a: Deoxys|103/224 brn|[from] brn\n|upkeep\n|turn|10\n|\n|t:|1729289597\n|move|p2a: Delibird|Brave Bird|p1a: Deoxys\n|-damage|p1a: Deoxys|33/224 brn\n|-damage|p2a: Delibird|36/252|[from] Recoil\n|move|p1a: Deoxys|Recover|p1a: Deoxys\n|-heal|p1a: Deoxys|145/224 brn\n|\n|-heal|p1a: Deoxys|159/224 brn|[from] item: Leftovers\n|-damage|p1a: Deoxys|145/224 brn|[from] brn\n|upkeep\n|turn|11\n|\n|t:|1729289601\n|switch|p2a: Whimsicott|Whimsicott, L85, F|241/241\n|move|p1a: Deoxys|Recover|p1a: Deoxys\n|-heal|p1a: Deoxys|224/224 brn\n|\n|-damage|p1a: Deoxys|210/224 brn|[from] brn\n|upkeep\n|turn|12\n|\n|t:|1729289610\n|switch|p1a: Noctowl|Noctowl, L95, M|344/344\n|move|p2a: Whimsicott|Taunt|p1a: Noctowl\n|-start|p1a: Noctowl|move: Taunt\n|\n|upkeep\n|turn|13\n|\n|t:|1729289627\n|move|p2a: Whimsicott|Stun Spore|p1a: Noctowl|[miss]\n|-miss|p2a: Whimsicott|p1a: Noctowl\n|move|p1a: Noctowl|Hurricane|p2a: Whimsicott\n|-supereffective|p2a: Whimsicott\n|-damage|p2a: Whimsicott|0 fnt\n|faint|p2a: Whimsicott\n|\n|upkeep\n|c|\u2606velvestrade|i dont know what i expected\n|inactive|velvestrade has 120 seconds left.\n|\n|t:|1729289659\n|switch|p2a: Great Tusk|Great Tusk, L77|304/304\n|-enditem|p2a: Great Tusk|Booster Energy\n|-activate|p2a: Great Tusk|ability: Protosynthesis|[fromitem]\n|-start|p2a: Great Tusk|protosynthesisatk\n|turn|14\n|\n|t:|1729289680\n|switch|p1a: Deoxys|Deoxys-Defense, L85|210/224 brn\n|-damage|p1a: Deoxys|182/224 brn|[from] Stealth Rock\n|-damage|p1a: Deoxys|154/224 brn|[from] Spikes\n|-ability|p1a: Deoxys|Pressure\n|-terastallize|p2a: Great Tusk|Steel\n|move|p2a: Great Tusk|Stone Edge|p1a: Deoxys\n|-crit|p1a: Deoxys\n|-damage|p1a: Deoxys|59/224 brn\n|\n|-heal|p1a: Deoxys|73/224 brn|[from] item: Leftovers\n|-damage|p1a: Deoxys|59/224 brn|[from] brn\n|upkeep\n|turn|15\n|\n|t:|1729289690\n|move|p1a: Deoxys|Focus Blast|p2a: Great Tusk\n|-supereffective|p2a: Great Tusk\n|-crit|p2a: Great Tusk\n|-damage|p2a: Great Tusk|0 fnt\n|faint|p2a: Great Tusk\n|-end|p2a: Great Tusk|Protosynthesis|[silent]\n|\n|-heal|p1a: Deoxys|73/224 brn|[from] item: Leftovers\n|-damage|p1a: Deoxys|59/224 brn|[from] brn\n|upkeep\n|c|\u2606velvestrade|CRIT LMFAO\n|\n|t:|1729289700\n|switch|p2a: Hitmonchan|Hitmonchan, L87, M|229/229\n|turn|16\n|\n|t:|1729289705\n|move|p1a: Deoxys|Psychic|p2a: Hitmonchan\n|-supereffective|p2a: Hitmonchan\n|-damage|p2a: Hitmonchan|101/229\n|move|p2a: Hitmonchan|Knock Off|p1a: Deoxys\n|-supereffective|p1a: Deoxys\n|-damage|p1a: Deoxys|0 fnt\n|-enditem|p1a: Deoxys|Leftovers|[from] move: Knock Off|[of] p2a: Hitmonchan\n|faint|p1a: Deoxys\n|-damage|p2a: Hitmonchan|79/229|[from] item: Life Orb\n|\n|upkeep\n|\n|t:|1729289712\n|switch|p1a: Noctowl|Noctowl, L95, M|344/344\n|turn|17\n|c|\u2606velvestrade|most one sided battle of all time holy\n|\n|t:|1729289718\n|move|p1a: Noctowl|Defog|p2a: Hitmonchan\n|-unboost|p2a: Hitmonchan|evasion|1\n|-sideend|p1: samuelayers|Spikes|[from] move: Defog|[of] p1a: Noctowl\n|-sideend|p1: samuelayers|Stealth Rock|[from] move: Defog|[of] p1a: Noctowl\n|move|p2a: Hitmonchan|Ice Punch|p1a: Noctowl\n|-supereffective|p1a: Noctowl\n|-crit|p1a: Noctowl\n|-damage|p1a: Noctowl|0 fnt\n|faint|p1a: Noctowl\n|-damage|p2a: Hitmonchan|57/229|[from] item: Life Orb\n|\n|upkeep\n|\n|t:|1729289729\n|switch|p1a: Venomoth|Venomoth, L84, M|255/255\n|turn|18\n|\n|t:|1729289733\n|move|p1a: Venomoth|Sludge Wave|p2a: Hitmonchan\n|-damage|p2a: Hitmonchan|0 fnt\n|faint|p2a: Hitmonchan\n|\n|upkeep\n|\n|t:|1729289735\n|switch|p2a: Delibird|Delibird, F|36/252\n|turn|19\n|\n|t:|1729289737\n|switch|p1a: Overqwil|Overqwil, L82, F|274/274\n|-ability|p1a: Overqwil|Intimidate|boost\n|-unboost|p2a: Delibird|atk|1\n|move|p2a: Delibird|Freeze-Dry|p1a: Overqwil\n|-damage|p1a: Overqwil|174/274\n|\n|upkeep\n|turn|20\n|c|\u2606velvestrade|why tho\n|\n|t:|1729289745\n|move|p1a: Overqwil|Aqua Jet|p2a: Delibird\n|-damage|p2a: Delibird|0 fnt\n|faint|p2a: Delibird\n|\n|win|samuelayers\n|raw|samuelayers's rating: 2207 &rarr; <strong>2230</strong><br />(+23 for winning)\n|raw|velvestrade's rating: 2258 &rarr; <strong>2235</strong><br />(-23 for losing)\n|l|\u2606samuelayers\n|player|p1|\n", "inputlog": ">version 24b5ea12b3dbe77b1f0aa07975a48e3bd4b94ca5\n>start {\"formatid\":\"gen9randombattle\",\"seed\":[20661,53520,48199,546],\"rated\":\"Rated battle\"}\n>player p1 {\"name\":\"samuelayers\",\"avatar\":\"gentleman-gen4dp\",\"rating\":2207,\"seed\":[58461,48009,1731,5398]}\n>player p2 {\"name\":\"velvestrade\",\"avatar\":\"miku-ground\",\"rating\":2258,\"seed\":[24639,14306,23879,12571]}\n>p1 move calmmind\n>p2 move stealthrock\n>p1 move psychic\n>p2 move willowisp\n>p1 move psychic\n>p2 move earthquake\n>p1 move psychic\n>p2 move earthquake\n>p2 switch 2\n>p1 move psychic\n>p2 move bravebird\n>p1 move psychic\n>p2 move bravebird\n>chat \u2606velvestrade|i hate this bird lmfao\n>p2 switch 3\n>p1 move recover\n>p2 move bravebird\n>p1 move psychic\n>p2 move spikes\n>p1 move calmmind\n>p2 move bravebird\n>p1 move recover\n>p2 move bravebird\n>p1 move recover\n>p2 switch 6\n>p1 switch 3\n>p2 move taunt\n>p1 move hurricane\n>p2 move stunspore\n>chat \u2606velvestrade|i dont know what i expected\n>p2 switch 4\n>p1 switch 3\n>p2 move stoneedge terastallize\n>p1 move focusblast\n>p2 move bulkup\n>chat \u2606velvestrade|CRIT LMFAO\n>p2 switch 5\n>p1 move psychic\n>p2 move knockoff\n>p1 switch 3\n>chat \u2606velvestrade|most one sided battle of all time holy\n>p1 move defog\n>p2 move icepunch\n>p1 switch 5\n>p1 move sludgewave\n>p2 move icepunch\n>p2 switch 6\n>p1 switch 6\n>p2 move freezedry\n>chat \u2606velvestrade|why tho\n>p1 move aquajet\n>p2 move freezedry", "uploadtime": 1729289750, "views": 55, "formatid": "gen9randombattle", "rating": 2230, "private": 0, "password": null}