{"id": "gen9randombattle-2260709166", "format": "[Gen 9] Random Battle", "players": ["FoonDesFleurs", "pyrox57"], "log": "|j|\u2606FoonDesFleurs\n|j|\u2606pyrox57\n|t:|1733881274\n|gametype|singles\n|player|p1|FoonDesFleurs|volo|1592\n|player|p2|pyrox57|morty|1584\n|teamsize|p1|6\n|teamsize|p2|6\n|gen|9\n|tier|[Gen 9] Random Battle\n|rated|\n|rule|Species Clause: Limit one of each Pok\u00e9mon\n|rule|HP Percentage Mod: HP is shown in percentages\n|rule|Sleep Clause Mod: Limit one foe put to sleep\n|rule|Illusion Level Mod: Illusion disguises the Pok\u00e9mon's true level\n|\n|t:|1733881274\n|start\n|switch|p1a: Iron Thorns|Iron Thorns, L83|302/302\n|switch|p2a: Meloetta|Meloetta, L82|298/298\n|turn|1\n|inactive|Battle timer is ON: inactive players will automatically lose when time's up. (requested by FoonDesFleurs)\n|\n|t:|1733881294\n|move|p2a: Meloetta|Focus Blast|p1a: Iron Thorns\n|-supereffective|p1a: Iron Thorns\n|-damage|p1a: Iron Thorns|96/302\n|move|p1a: Iron Thorns|Volt Switch|p2a: Meloetta\n|-damage|p2a: Meloetta|256/298\n|\n|t:|1733881313\n|-end|p1a: Iron Thorns|Quark Drive|[silent]\n|switch|p1a: Arceus|Arceus-Psychic, L69|280/280|[from] Volt Switch\n|\n|upkeep\n|turn|2\n|\n|t:|1733881325\n|switch|p2a: Oinkologne|Oinkologne, L92, M|352/352\n|move|p1a: Arceus|Cosmic Power|p1a: Arceus\n|-boost|p1a: Arceus|def|1\n|-boost|p1a: Arceus|spd|1\n|\n|upkeep\n|turn|3\n|\n|t:|1733881335\n|move|p1a: Arceus|Body Press|p2a: Oinkologne\n|-supereffective|p2a: Oinkologne\n|-damage|p2a: Oinkologne|216/352\n|move|p2a: Oinkologne|Curse|p2a: Oinkologne\n|-unboost|p2a: Oinkologne|spe|1\n|-boost|p2a: Oinkologne|atk|1\n|-boost|p2a: Oinkologne|def|1\n|\n|-heal|p2a: Oinkologne|238/352|[from] item: Leftovers\n|upkeep\n|turn|4\n|\n|t:|1733881339\n|move|p1a: Arceus|Cosmic Power|p1a: Arceus\n|-boost|p1a: Arceus|def|1\n|-boost|p1a: Arceus|spd|1\n|move|p2a: Oinkologne|Curse|p2a: Oinkologne\n|-unboost|p2a: Oinkologne|spe|1\n|-boost|p2a: Oinkologne|atk|1\n|-boost|p2a: Oinkologne|def|1\n|\n|-heal|p2a: Oinkologne|260/352|[from] item: Leftovers\n|upkeep\n|turn|5\n|\n|t:|1733881343\n|move|p1a: Arceus|Cosmic Power|p1a: Arceus\n|-boost|p1a: Arceus|def|1\n|-boost|p1a: Arceus|spd|1\n|move|p2a: Oinkologne|Curse|p2a: Oinkologne\n|-unboost|p2a: Oinkologne|spe|1\n|-boost|p2a: Oinkologne|atk|1\n|-boost|p2a: Oinkologne|def|1\n|\n|-heal|p2a: Oinkologne|282/352|[from] item: Leftovers\n|upkeep\n|turn|6\n|\n|t:|1733881346\n|move|p1a: Arceus|Cosmic Power|p1a: Arceus\n|-boost|p1a: Arceus|def|1\n|-boost|p1a: Arceus|spd|1\n|move|p2a: Oinkologne|Curse|p2a: Oinkologne\n|-unboost|p2a: Oinkologne|spe|1\n|-boost|p2a: Oinkologne|atk|1\n|-boost|p2a: Oinkologne|def|1\n|\n|-heal|p2a: Oinkologne|304/352|[from] item: Leftovers\n|upkeep\n|turn|7\n|\n|t:|1733881348\n|move|p1a: Arceus|Stored Power|p2a: Oinkologne\n|-damage|p2a: Oinkologne|132/352\n|move|p2a: Oinkologne|Curse|p2a: Oinkologne\n|-unboost|p2a: Oinkologne|spe|1\n|-boost|p2a: Oinkologne|atk|1\n|-boost|p2a: Oinkologne|def|1\n|\n|-heal|p2a: Oinkologne|154/352|[from] item: Leftovers\n|upkeep\n|turn|8\n|\n|t:|1733881354\n|move|p1a: Arceus|Stored Power|p2a: Oinkologne\n|-damage|p2a: Oinkologne|0 fnt\n|faint|p2a: Oinkologne\n|\n|upkeep\n|\n|t:|1733881361\n|switch|p2a: Shaymin|Shaymin-Sky, L73|266/266\n|turn|9\n|\n|t:|1733881366\n|move|p2a: Shaymin|Air Slash|p1a: Arceus\n|-damage|p1a: Arceus|255/280\n|cant|p1a: Arceus|flinch\n|\n|upkeep\n|turn|10\n|\n|t:|1733881369\n|move|p2a: Shaymin|Air Slash|p1a: Arceus|[miss]\n|-miss|p2a: Shaymin|p1a: Arceus\n|move|p1a: Arceus|Stored Power|p2a: Shaymin\n|-damage|p2a: Shaymin|41/266\n|\n|upkeep\n|turn|11\n|\n|t:|1733881374\n|move|p2a: Shaymin|Air Slash|p1a: Arceus\n|-damage|p1a: Arceus|228/280\n|cant|p1a: Arceus|flinch\n|\n|upkeep\n|turn|12\n|\n|t:|1733881377\n|move|p2a: Shaymin|Air Slash|p1a: Arceus\n|-damage|p1a: Arceus|206/280\n|move|p1a: Arceus|Cosmic Power|p1a: Arceus\n|-boost|p1a: Arceus|def|1\n|-boost|p1a: Arceus|spd|1\n|\n|upkeep\n|turn|13\n|\n|t:|1733881380\n|move|p2a: Shaymin|Air Slash|p1a: Arceus\n|-damage|p1a: Arceus|185/280\n|move|p1a: Arceus|Recover|p1a: Arceus\n|-heal|p1a: Arceus|280/280\n|\n|upkeep\n|turn|14\n|\n|t:|1733881383\n|move|p2a: Shaymin|Air Slash|p1a: Arceus\n|-damage|p1a: Arceus|261/280\n|cant|p1a: Arceus|flinch\n|\n|upkeep\n|turn|15\n|\n|t:|1733881387\n|move|p2a: Shaymin|Air Slash|p1a: Arceus\n|-damage|p1a: Arceus|239/280\n|cant|p1a: Arceus|flinch\n|\n|upkeep\n|turn|16\n|\n|t:|1733881390\n|move|p2a: Shaymin|Air Slash|p1a: Arceus\n|-damage|p1a: Arceus|215/280\n|cant|p1a: Arceus|flinch\n|\n|upkeep\n|turn|17\n|\n|t:|1733881393\n|move|p2a: Shaymin|Air Slash|p1a: Arceus\n|-damage|p1a: Arceus|194/280\n|cant|p1a: Arceus|flinch\n|\n|upkeep\n|turn|18\n|\n|t:|1733881396\n|move|p2a: Shaymin|Air Slash|p1a: Arceus\n|-damage|p1a: Arceus|173/280\n|cant|p1a: Arceus|flinch\n|\n|upkeep\n|turn|19\n|\n|t:|1733881400\n|move|p2a: Shaymin|Air Slash|p1a: Arceus\n|-damage|p1a: Arceus|152/280\n|cant|p1a: Arceus|flinch\n|\n|upkeep\n|turn|20\n|\n|t:|1733881403\n|move|p2a: Shaymin|Air Slash|p1a: Arceus\n|-damage|p1a: Arceus|128/280\n|cant|p1a: Arceus|flinch\n|\n|upkeep\n|turn|21\n|\n|t:|1733881406\n|move|p2a: Shaymin|Air Slash|p1a: Arceus\n|-damage|p1a: Arceus|104/280\n|cant|p1a: Arceus|flinch\n|\n|upkeep\n|turn|22\n|c|\u2606pyrox57|there is no way\n|\n|t:|1733881414\n|move|p2a: Shaymin|Air Slash|p1a: Arceus\n|-damage|p1a: Arceus|83/280\n|cant|p1a: Arceus|flinch\n|\n|upkeep\n|turn|23\n|\n|t:|1733881419\n|move|p2a: Shaymin|Air Slash|p1a: Arceus\n|-damage|p1a: Arceus|62/280\n|cant|p1a: Arceus|flinch\n|\n|upkeep\n|turn|24\n|c|\u2606FoonDesFleurs|LMAOOO\n|c|\u2606FoonDesFleurs|shaymin the goat\n|\n|t:|1733881426\n|move|p2a: Shaymin|Air Slash|p1a: Arceus\n|-damage|p1a: Arceus|41/280\n|move|p1a: Arceus|Stored Power|p2a: Shaymin\n|-damage|p2a: Shaymin|0 fnt\n|faint|p2a: Shaymin\n|\n|upkeep\n|c|\u2606pyrox57|NO\n|c|\u2606pyrox57|well this outspeeds everything i have\n|\n|t:|1733881447\n|switch|p2a: Rabsca|Rabsca, L91, F|284/284\n|turn|25\n|\n|t:|1733881452\n|move|p1a: Arceus|Recover|p1a: Arceus\n|-heal|p1a: Arceus|181/280\n|move|p2a: Rabsca|Revival Blessing|p2a: Rabsca\n|\n|t:|1733881455\n|-heal|p2: Oinkologne|176/352|[from] move: Revival Blessing\n|\n|upkeep\n|turn|26\n|-message|pyrox57 forfeited.\n|\n|win|FoonDesFleurs\n|raw|FoonDesFleurs's rating: 1592 &rarr; <strong>1612</strong><br />(+20 for winning)\n|raw|pyrox57's rating: 1584 &rarr; <strong>1564</strong><br />(-20 for losing)\n|c|\u2606pyrox57|gg\n|c|\u2606FoonDesFleurs|gg\n", "inputlog": ">version bfd83cad13791eb5a5a409923076391caf6fb4d4\n>start {\"formatid\":\"gen9randombattle\",\"seed\":[20935,17396,63393,13175],\"rated\":\"Rated battle\"}\n>player p1 {\"name\":\"FoonDesFleurs\",\"avatar\":\"volo\",\"rating\":1592,\"seed\":[15309,13447,31067,15830]}\n>player p2 {\"name\":\"pyrox57\",\"avatar\":\"morty\",\"rating\":1584,\"seed\":[54264,24075,12214,20838]}\n>p1 move voltswitch\n>p2 move focusblast\n>p1 switch 4\n>p1 move cosmicpower\n>p2 switch 6\n>p1 move bodypress\n>p2 move curse\n>p1 move cosmicpower\n>p2 move curse\n>p1 move cosmicpower\n>p2 move curse\n>p1 move cosmicpower\n>p2 move curse\n>p1 move storedpower\n>p2 move curse\n>p1 move storedpower\n>p2 move bodyslam\n>p2 switch 5\n>p1 move storedpower\n>p2 move airslash\n>p1 move storedpower\n>p2 move airslash\n>p1 move storedpower\n>p2 move airslash\n>p1 move cosmicpower\n>p2 move airslash\n>p1 move recover\n>p2 move airslash\n>p1 move storedpower\n>p2 move airslash\n>p1 move storedpower\n>p2 move airslash\n>p1 move storedpower\n>p2 move airslash\n>p1 move storedpower\n>p2 move airslash\n>p1 move storedpower\n>p2 move airslash\n>p1 move recover\n>p2 move airslash\n>p1 move recover\n>p2 move airslash\n>p1 move recover\n>p2 move airslash\n>chat \u2606pyrox57|there is no way\n>p1 move recover\n>p2 move airslash\n>p1 move recover\n>p2 move airslash\n>chat \u2606FoonDesFleurs|LMAOOO\n>chat \u2606FoonDesFleurs|shaymin the goat\n>p1 move storedpower\n>p2 move airslash\n>chat \u2606pyrox57|NO\n>chat \u2606pyrox57|well this outspeeds everything i have\n>p2 switch 3\n>p1 move recover\n>p2 move revivalblessing\n>p2 switch 5\n>forcelose p2", "uploadtime": 1733881476, "views": 3, "formatid": "gen9randombattle", "rating": 1564, "private": 0, "password": null}