{"id": "gen9randombattle-2258706914", "format": "[Gen 9] Random Battle", "players": ["degentew", "Qiuescent"], "log": "|badge|p1|bronze|gen9randombattle|100-3\n|uhtml|medal-msg|<div class=\"broadcast-blue\">Curious what those medals under the avatar are? PS now has Ladder Seasons! For more information, check out the <a href=\"https://www.smogon.com/forums/threads/3740067/\">thread on Smogon.</a></div>\n|badge|p2|bronze|gen9randombattle|100-3\n|uhtml|medal-msg|<div class=\"broadcast-blue\">Curious what those medals under the avatar are? PS now has Ladder Seasons! For more information, check out the <a href=\"https://www.smogon.com/forums/threads/3740067/\">thread on Smogon.</a></div>\n|j|\u2606degentew\n|j|\u203dQiuescent\n|t:|1733606492\n|gametype|singles\n|player|p1|degentew|lady|2239\n|player|p2|Qiuescent|2|2273\n|teamsize|p1|6\n|teamsize|p2|6\n|gen|9\n|tier|[Gen 9] Random Battle\n|rated|\n|rule|Species Clause: Limit one of each Pok\u00e9mon\n|rule|HP Percentage Mod: HP is shown in percentages\n|rule|Sleep Clause Mod: Limit one foe put to sleep\n|rule|Illusion Level Mod: Illusion disguises the Pok\u00e9mon's true level\n|\n|t:|1733606492\n|start\n|switch|p1a: Uxie|Uxie, L83|260/260\n|switch|p2a: Qwilfish|Qwilfish-Hisui, L83, F|244/244\n|-ability|p2a: Qwilfish|Intimidate|boost\n|-unboost|p1a: Uxie|atk|1\n|turn|1\n|inactive|Battle timer is ON: inactive players will automatically lose when time's up. (requested by degentew)\n|\n|t:|1733606512\n|move|p1a: Uxie|Thunder Wave|p2a: Qwilfish\n|-status|p2a: Qwilfish|par\n|move|p2a: Qwilfish|Crunch|p1a: Uxie\n|-supereffective|p1a: Uxie\n|-damage|p1a: Uxie|128/260\n|\n|-heal|p1a: Uxie|144/260|[from] item: Leftovers\n|upkeep\n|turn|2\n|\n|t:|1733606516\n|move|p1a: Uxie|Knock Off|p2a: Qwilfish\n|-resisted|p2a: Qwilfish\n|-damage|p2a: Qwilfish|231/244 par\n|-enditem|p2a: Qwilfish|Eviolite|[from] move: Knock Off|[of] p1a: Uxie\n|cant|p2a: Qwilfish|par\n|\n|-heal|p1a: Uxie|160/260|[from] item: Leftovers\n|upkeep\n|turn|3\n|\n|t:|1733606524\n|move|p1a: Uxie|Encore|p2a: Qwilfish\n|-start|p2a: Qwilfish|Encore\n|cant|p2a: Qwilfish|par\n|\n|-heal|p1a: Uxie|176/260|[from] item: Leftovers\n|upkeep\n|turn|4\n|\n|t:|1733606531\n|switch|p1a: Magearna|Magearna, L77|250/250\n|move|p2a: Qwilfish|Crunch|p1a: Magearna\n|-resisted|p1a: Magearna\n|-damage|p1a: Magearna|216/250\n|\n|-heal|p1a: Magearna|231/250|[from] item: Leftovers\n|upkeep\n|turn|5\n|\n|t:|1733606541\n|switch|p2a: Eelektross|Eelektross, L87, F|290/290\n|move|p1a: Magearna|Shift Gear|p1a: Magearna\n|-boost|p1a: Magearna|spe|2\n|-boost|p1a: Magearna|atk|1\n|\n|-heal|p1a: Magearna|246/250|[from] item: Leftovers\n|upkeep\n|turn|6\n|\n|t:|1733606554\n|move|p1a: Magearna|Calm Mind|p1a: Magearna\n|-boost|p1a: Magearna|spa|1\n|-boost|p1a: Magearna|spd|1\n|move|p2a: Eelektross|Fire Punch|p1a: Magearna\n|-supereffective|p1a: Magearna\n|-damage|p1a: Magearna|136/250\n|\n|-heal|p1a: Magearna|151/250|[from] item: Leftovers\n|upkeep\n|turn|7\n|\n|t:|1733606567\n|move|p1a: Magearna|Fleur Cannon|p2a: Eelektross\n|-damage|p2a: Eelektross|53/290\n|-unboost|p1a: Magearna|spa|2\n|move|p2a: Eelektross|Fire Punch|p1a: Magearna\n|-supereffective|p1a: Magearna\n|-damage|p1a: Magearna|33/250\n|\n|-heal|p1a: Magearna|48/250|[from] item: Leftovers\n|-heal|p2a: Eelektross|71/290|[from] item: Leftovers\n|upkeep\n|turn|8\n|\n|t:|1733606578\n|switch|p2a: Reshiram|Reshiram, L76|277/277\n|-ability|p2a: Reshiram|Turboblaze\n|move|p1a: Magearna|Fleur Cannon|p2a: Reshiram\n|-damage|p2a: Reshiram|186/277\n|-unboost|p1a: Magearna|spa|2\n|\n|-heal|p1a: Magearna|63/250|[from] item: Leftovers\n|upkeep\n|turn|9\n|\n|t:|1733606603\n|switch|p1a: Uxie|Uxie, L83|176/260\n|move|p2a: Reshiram|Blue Flare|p1a: Uxie|[miss]\n|-miss|p2a: Reshiram|p1a: Uxie\n|\n|-heal|p1a: Uxie|192/260|[from] item: Leftovers\n|upkeep\n|turn|10\n|\n|t:|1733606610\n|switch|p2a: Qwilfish|Qwilfish-Hisui, L83, F|231/244 par\n|-ability|p2a: Qwilfish|Intimidate|boost\n|-unboost|p1a: Uxie|atk|1\n|move|p1a: Uxie|Knock Off|p2a: Qwilfish\n|-resisted|p2a: Qwilfish\n|-damage|p2a: Qwilfish|219/244 par\n|\n|-heal|p1a: Uxie|208/260|[from] item: Leftovers\n|upkeep\n|turn|11\n|\n|t:|1733606612\n|switch|p1a: Magearna|Magearna, L77|63/250\n|cant|p2a: Qwilfish|par\n|\n|-heal|p1a: Magearna|78/250|[from] item: Leftovers\n|upkeep\n|turn|12\n|\n|t:|1733606616\n|switch|p2a: Reshiram|Reshiram, L76|186/277\n|-ability|p2a: Reshiram|Turboblaze\n|move|p1a: Magearna|Fleur Cannon|p2a: Reshiram\n|-damage|p2a: Reshiram|59/277\n|-unboost|p1a: Magearna|spa|2\n|\n|-heal|p1a: Magearna|93/250|[from] item: Leftovers\n|upkeep\n|turn|13\n|\n|t:|1733606618\n|move|p2a: Reshiram|Blue Flare|p1a: Magearna\n|-supereffective|p1a: Magearna\n|-damage|p1a: Magearna|0 fnt\n|faint|p1a: Magearna\n|\n|upkeep\n|\n|t:|1733606634\n|switch|p1a: Vivillon|Vivillon-Marine, L84, F|272/272\n|turn|14\n|\n|t:|1733606639\n|move|p1a: Vivillon|Sleep Powder|p2a: Reshiram\n|-status|p2a: Reshiram|slp|[from] move: Sleep Powder\n|cant|p2a: Reshiram|slp\n|\n|upkeep\n|turn|15\n|inactive|Qiuescent has 120 seconds left.\n|\n|t:|1733606676\n|switch|p2a: Chimecho|Chimecho, L93, M|290/290\n|move|p1a: Vivillon|Quiver Dance|p1a: Vivillon\n|-boost|p1a: Vivillon|spa|1\n|-boost|p1a: Vivillon|spd|1\n|-boost|p1a: Vivillon|spe|1\n|\n|upkeep\n|turn|16\n|\n|t:|1733606688\n|-terastallize|p2a: Chimecho|Steel\n|move|p1a: Vivillon|Bug Buzz|p2a: Chimecho\n|-resisted|p2a: Chimecho\n|-damage|p2a: Chimecho|226/290\n|move|p2a: Chimecho|Cosmic Power|p2a: Chimecho\n|-boost|p2a: Chimecho|def|1\n|-boost|p2a: Chimecho|spd|1\n|\n|-heal|p2a: Chimecho|244/290|[from] item: Leftovers\n|upkeep\n|turn|17\n|inactive|Qiuescent has 120 seconds left.\n|\n|t:|1733606703\n|switch|p1a: Uxie|Uxie, L83|208/260\n|move|p2a: Chimecho|Cosmic Power|p2a: Chimecho\n|-boost|p2a: Chimecho|def|1\n|-boost|p2a: Chimecho|spd|1\n|\n|-heal|p1a: Uxie|224/260|[from] item: Leftovers\n|-heal|p2a: Chimecho|262/290|[from] item: Leftovers\n|upkeep\n|turn|18\n|\n|t:|1733606712\n|switch|p2a: Qwilfish|Qwilfish-Hisui, L83, F|219/244 par\n|-ability|p2a: Qwilfish|Intimidate|boost\n|-unboost|p1a: Uxie|atk|1\n|move|p1a: Uxie|Encore||[still]\n|-fail|p1a: Uxie\n|\n|-heal|p1a: Uxie|240/260|[from] item: Leftovers\n|upkeep\n|turn|19\n|\n|t:|1733606720\n|switch|p1a: Blastoise|Blastoise, L80, M|258/258\n|move|p2a: Qwilfish|Toxic Spikes|p1a: Blastoise\n|-sidestart|p1: degentew|move: Toxic Spikes\n|\n|upkeep\n|turn|20\n|\n|t:|1733606726\n|switch|p2a: Glalie|Glalie, L96, F|309/309\n|move|p1a: Blastoise|Shell Smash|p1a: Blastoise\n|-unboost|p1a: Blastoise|def|1\n|-unboost|p1a: Blastoise|spd|1\n|-boost|p1a: Blastoise|atk|2\n|-boost|p1a: Blastoise|spa|2\n|-boost|p1a: Blastoise|spe|2\n|-enditem|p1a: Blastoise|White Herb\n|-clearnegativeboost|p1a: Blastoise|[silent]\n|\n|upkeep\n|turn|21\n|\n|t:|1733606729\n|move|p1a: Blastoise|Hydro Pump|p2a: Glalie\n|-damage|p2a: Glalie|117/309\n|move|p2a: Glalie|Freeze-Dry|p1a: Blastoise\n|-supereffective|p1a: Blastoise\n|-damage|p1a: Blastoise|114/258\n|\n|upkeep\n|turn|22\n|\n|t:|1733606734\n|move|p1a: Blastoise|Hydro Pump|p2a: Glalie\n|-damage|p2a: Glalie|0 fnt\n|faint|p2a: Glalie\n|\n|upkeep\n|\n|t:|1733606747\n|switch|p2a: Chimecho|Chimecho, L93, M, tera:Steel|262/290\n|turn|23\n|\n|t:|1733606750\n|move|p1a: Blastoise|Hydro Pump|p2a: Chimecho\n|-damage|p2a: Chimecho|100/290\n|move|p2a: Chimecho|Cosmic Power|p2a: Chimecho\n|-boost|p2a: Chimecho|def|1\n|-boost|p2a: Chimecho|spd|1\n|\n|-heal|p2a: Chimecho|118/290|[from] item: Leftovers\n|upkeep\n|turn|24\n|\n|t:|1733606753\n|move|p1a: Blastoise|Hydro Pump|p2a: Chimecho|[miss]\n|-miss|p1a: Blastoise|p2a: Chimecho\n|move|p2a: Chimecho|Recover|p2a: Chimecho\n|-heal|p2a: Chimecho|263/290\n|\n|-heal|p2a: Chimecho|281/290|[from] item: Leftovers\n|upkeep\n|turn|25\n|\n|t:|1733606758\n|move|p1a: Blastoise|Shell Smash|p1a: Blastoise\n|-unboost|p1a: Blastoise|def|1\n|-unboost|p1a: Blastoise|spd|1\n|-boost|p1a: Blastoise|atk|2\n|-boost|p1a: Blastoise|spa|2\n|-boost|p1a: Blastoise|spe|2\n|move|p2a: Chimecho|Cosmic Power|p2a: Chimecho\n|-boost|p2a: Chimecho|def|1\n|-boost|p2a: Chimecho|spd|1\n|\n|-heal|p2a: Chimecho|290/290|[from] item: Leftovers\n|upkeep\n|turn|26\n|\n|t:|1733606762\n|move|p1a: Blastoise|Hydro Pump|p2a: Chimecho|[miss]\n|-miss|p1a: Blastoise|p2a: Chimecho\n|move|p2a: Chimecho|Stored Power|p1a: Blastoise\n|-damage|p1a: Blastoise|0 fnt\n|faint|p1a: Blastoise\n|\n|upkeep\n|\n|t:|1733606766\n|switch|p1a: Mesprit|Mesprit, L85|275/275\n|turn|27\n|\n|t:|1733606777\n|switch|p2a: Qwilfish|Qwilfish-Hisui, L83, F|219/244 par\n|-ability|p2a: Qwilfish|Intimidate|boost\n|-unboost|p1a: Mesprit|atk|1\n|-terastallize|p1a: Mesprit|Dark\n|move|p1a: Mesprit|Encore||[still]\n|-fail|p1a: Mesprit\n|\n|upkeep\n|turn|28\n|\n|t:|1733606782\n|move|p1a: Mesprit|U-turn|p2a: Qwilfish\n|-damage|p2a: Qwilfish|182/244 par\n|\n|t:|1733606794\n|switch|p1a: Uxie|Uxie, L83|240/260|[from] U-turn\n|move|p2a: Qwilfish|Gunk Shot|p1a: Uxie\n|-damage|p1a: Uxie|146/260\n|\n|-heal|p1a: Uxie|162/260|[from] item: Leftovers\n|upkeep\n|turn|29\n|\n|t:|1733606801\n|move|p1a: Uxie|Encore|p2a: Qwilfish\n|-start|p2a: Qwilfish|Encore\n|move|p2a: Qwilfish|Gunk Shot|p1a: Uxie\n|-damage|p1a: Uxie|75/260\n|\n|-heal|p1a: Uxie|91/260|[from] item: Leftovers\n|upkeep\n|turn|30\n|\n|t:|1733606803\n|move|p1a: Uxie|Knock Off|p2a: Qwilfish\n|-resisted|p2a: Qwilfish\n|-damage|p2a: Qwilfish|163/244 par\n|move|p2a: Qwilfish|Gunk Shot|p1a: Uxie\n|-damage|p1a: Uxie|0 fnt\n|faint|p1a: Uxie\n|\n|upkeep\n|\n|t:|1733606811\n|switch|p1a: Dusknoir|Dusknoir, L89, M|225/225\n|-status|p1a: Dusknoir|psn\n|turn|31\n|\n|t:|1733606819\n|switch|p1a: Vivillon|Vivillon-Marine, L84, F|272/272\n|switch|p2a: Eelektross|Eelektross, L87, F|71/290\n|\n|-heal|p2a: Eelektross|89/290|[from] item: Leftovers\n|upkeep\n|turn|32\n|\n|t:|1733606826\n|move|p1a: Vivillon|Bug Buzz|p2a: Eelektross\n|-damage|p2a: Eelektross|0 fnt\n|faint|p2a: Eelektross\n|\n|upkeep\n|inactive|Qiuescent has 120 seconds left.\n|\n|t:|1733606860\n|switch|p2a: Flamigo|Flamigo, L82, F|269/269\n|turn|33\n|\n|t:|1733606870\n|move|p2a: Flamigo|Brave Bird|p1a: Vivillon\n|-supereffective|p1a: Vivillon\n|-damage|p1a: Vivillon|0 fnt\n|faint|p1a: Vivillon\n|-damage|p2a: Flamigo|179/269|[from] Recoil\n|\n|upkeep\n|\n|t:|1733606877\n|switch|p1a: Mesprit|Mesprit, L85, tera:Dark|275/275\n|turn|34\n|\n|t:|1733606897\n|switch|p2a: Qwilfish|Qwilfish-Hisui, L83, F|163/244 par\n|-ability|p2a: Qwilfish|Intimidate|boost\n|-unboost|p1a: Mesprit|atk|1\n|move|p1a: Mesprit|U-turn|p2a: Qwilfish\n|-damage|p2a: Qwilfish|121/244 par\n|\n|t:|1733606900\n|switch|p1a: Dusknoir|Dusknoir, L89, M|225/225 psn|[from] U-turn\n|\n|-damage|p1a: Dusknoir|197/225 psn|[from] psn\n|upkeep\n|turn|35\n|\n|t:|1733606905\n|switch|p2a: Reshiram|Reshiram, L76|59/277 slp\n|-ability|p2a: Reshiram|Turboblaze\n|move|p1a: Dusknoir|Shadow Sneak|p2a: Reshiram\n|-damage|p2a: Reshiram|13/277 slp\n|\n|-heal|p1a: Dusknoir|211/225 psn|[from] item: Leftovers\n|-damage|p1a: Dusknoir|183/225 psn|[from] psn\n|upkeep\n|turn|36\n|\n|t:|1733606909\n|move|p1a: Dusknoir|Shadow Sneak|p2a: Reshiram\n|-damage|p2a: Reshiram|0 fnt\n|faint|p2a: Reshiram\n|\n|-heal|p1a: Dusknoir|197/225 psn|[from] item: Leftovers\n|-damage|p1a: Dusknoir|169/225 psn|[from] psn\n|upkeep\n|\n|t:|1733606911\n|switch|p2a: Flamigo|Flamigo, L82, F|179/269\n|turn|37\n|\n|t:|1733606917\n|move|p2a: Flamigo|Brave Bird|p1a: Dusknoir\n|-damage|p1a: Dusknoir|78/225 psn\n|-damage|p2a: Flamigo|149/269|[from] Recoil\n|move|p1a: Dusknoir|Poltergeist|p2a: Flamigo|[miss]\n|-miss|p1a: Dusknoir|p2a: Flamigo\n|\n|-heal|p1a: Dusknoir|92/225 psn|[from] item: Leftovers\n|-damage|p1a: Dusknoir|64/225 psn|[from] psn\n|upkeep\n|turn|38\n|-message|degentew forfeited.\n|\n|win|Qiuescent\n|raw|degentew's rating: 2256 &rarr; <strong>2238</strong><br />(-18 for losing)\n|raw|Qiuescent's rating: 2290 &rarr; <strong>2308</strong><br />(+18 for winning)\n|l|\u2606degentew\n|player|p1|\n", "inputlog": ">version 233a96b70f833eb131bd84157cd6ea1f74f01810\n>start {\"formatid\":\"gen9randombattle\",\"seed\":[35393,61489,59984,53451],\"rated\":\"Rated battle\"}\n>player p1 {\"name\":\"degentew\",\"avatar\":\"lady\",\"rating\":2239,\"seed\":[63488,57473,60704,39182]}\n>player p2 {\"name\":\"Qiuescent\",\"avatar\":\"2\",\"rating\":2273,\"seed\":[11873,25974,63818,53607]}\n>p1 move thunderwave\n>p2 move crunch\n>p1 move knockoff\n>p2 move spikes\n>p1 move encore\n>p2 move toxicspikes\n>p1 switch 5\n>p2 move crunch\n>p1 move shiftgear\n>p2 switch 4\n>p1 move calmmind\n>p2 move firepunch\n>p1 move fleurcannon\n>p2 move firepunch\n>p1 move fleurcannon\n>p2 switch 3\n>p1 switch 5\n>p2 move blueflare\n>p1 move knockoff\n>p2 switch 4\n>p1 switch 5\n>p2 move spikes\n>p1 move fleurcannon\n>p2 switch 4\n>p1 move fleurcannon\n>p2 move blueflare\n>p1 switch 4\n>p1 move sleeppowder\n>p2 move dragontail\n>p1 move quiverdance\n>p2 switch 2\n>p1 move bugbuzz\n>p2 move cosmicpower terastallize\n>p1 switch 5\n>p2 move cosmicpower\n>p1 move encore\n>p2 switch 4\n>p1 switch 3\n>p2 move toxicspikes\n>p1 move shellsmash\n>p2 switch 5\n>p1 move hydropump\n>p2 move freezedry\n>p1 move hydropump\n>p2 move freezedry\n>p2 switch 4\n>p1 move hydropump\n>p2 move cosmicpower\n>p1 move hydropump\n>p2 move recover\n>p1 move shellsmash\n>p2 move cosmicpower\n>p1 move hydropump\n>p2 move storedpower\n>p1 switch 2\n>p1 move encore terastallize\n>p2 switch 5\n>p1 move uturn\n>p2 move gunkshot\n>p1 switch 3\n>p1 move encore\n>p2 move crunch\n>p1 move knockoff\n>p2 move gunkshot\n>p1 switch 6\n>p1 switch 5\n>p2 switch 3\n>p1 move bugbuzz\n>p2 move supercellslam\n>p2 switch 6\n>p1 move hurricane\n>p2 move bravebird\n>p1 switch 3\n>p1 move uturn\n>p2 switch 3\n>p1 switch 5\n>p1 move shadowsneak\n>p2 switch 2\n>p1 move shadowsneak\n>p2 move blueflare\n>p2 switch 3\n>p1 move poltergeist\n>p2 move bravebird\n>forcelose p1", "uploadtime": 1733606928, "views": 4, "formatid": "gen9randombattle", "rating": 2238, "private": 0, "password": null}