{"id": "gen9randombattle-2053947582", "format": "[Gen 9] Random Battle", "players": ["kirito el goat", "MichaelderBeste2"], "log": "|j|\u2606kirito el goat\n|j|\u2606MichaelderBeste2\n|t:|1707322504\n|gametype|singles\n|player|p1|kirito el goat|veteran|2211\n|player|p2|MichaelderBeste2|#rbtt7teamdarkraif|2420\n|teamsize|p1|6\n|teamsize|p2|6\n|gen|9\n|tier|[Gen 9] Random Battle\n|rated|\n|rule|Species Clause: Limit one of each Pok\u00e9mon\n|rule|HP Percentage Mod: HP is shown in percentages\n|rule|Sleep Clause Mod: Limit one foe put to sleep\n|rule|Illusion Level Mod: Illusion disguises the Pok\u00e9mon's true level\n|\n|t:|1707322504\n|start\n|switch|p1a: Pecharunt|Pecharunt, L77|262/262\n|switch|p2a: Vikavolt|Vikavolt, L84, F|267/267\n|turn|1\n|inactive|Battle timer is ON: inactive players will automatically lose when time's up. (requested by kirito el goat)\n|inactive|kirito el goat has 120 seconds left.\n|inactive|MichaelderBeste2 has 120 seconds left.\n|\n|t:|1707322542\n|move|p1a: Pecharunt|Malignant Chain|p2a: Vikavolt\n|-damage|p2a: Vikavolt|167/267\n|-status|p2a: Vikavolt|tox\n|-start|p2a: Vikavolt|confusion|[from] ability: Poison Puppeteer|[of] p1a: Pecharunt\n|-activate|p2a: Vikavolt|confusion\n|move|p2a: Vikavolt|Thunderbolt|p1a: Pecharunt\n|-damage|p1a: Pecharunt|112/262\n|\n|-heal|p1a: Pecharunt|128/262|[from] item: Leftovers\n|-damage|p2a: Vikavolt|151/267 tox|[from] psn\n|upkeep\n|turn|2\n|\n|t:|1707322549\n|switch|p2a: Sandy Shocks|Sandy Shocks, L80|267/267\n|move|p1a: Pecharunt|Recover|p1a: Pecharunt\n|-heal|p1a: Pecharunt|259/262\n|\n|-heal|p1a: Pecharunt|262/262|[from] item: Leftovers\n|upkeep\n|turn|3\n|\n|t:|1707322559\n|switch|p1a: Dunsparce|Dunsparce, L86, F|312/312\n|move|p2a: Sandy Shocks|Spikes|p1a: Dunsparce\n|-sidestart|p1: kirito el goat|Spikes\n|\n|upkeep\n|turn|4\n|\n|t:|1707322582\n|move|p2a: Sandy Shocks|Volt Switch|p1a: Dunsparce\n|-crit|p1a: Dunsparce\n|-damage|p1a: Dunsparce|219/312\n|\n|t:|1707322591\n|-end|p2a: Sandy Shocks|Protosynthesis|[silent]\n|switch|p2a: Hitmontop|Hitmontop, L89, M|234/234|[from] Volt Switch\n|move|p1a: Dunsparce|Coil|p1a: Dunsparce\n|-boost|p1a: Dunsparce|atk|1\n|-boost|p1a: Dunsparce|def|1\n|-boost|p1a: Dunsparce|accuracy|1\n|\n|upkeep\n|turn|5\n|\n|t:|1707322613\n|move|p2a: Hitmontop|Bulk Up|p2a: Hitmontop\n|-boost|p2a: Hitmontop|atk|1\n|-boost|p2a: Hitmontop|def|1\n|move|p1a: Dunsparce|Body Slam|p2a: Hitmontop\n|-damage|p2a: Hitmontop|167/234\n|\n|-heal|p2a: Hitmontop|181/234|[from] item: Leftovers\n|upkeep\n|turn|6\n|\n|t:|1707322617\n|switch|p1a: Drifblim|Drifblim, L86, F|396/396\n|move|p2a: Hitmontop|Triple Axel|p1a: Drifblim\n|-supereffective|p1a: Drifblim\n|-crit|p1a: Drifblim\n|-damage|p1a: Drifblim|234/396\n|-supereffective|p1a: Drifblim\n|-damage|p1a: Drifblim|0 fnt\n|faint|p1a: Drifblim\n|-hitcount|p1: Drifblim|2\n|\n|-heal|p2a: Hitmontop|195/234|[from] item: Leftovers\n|upkeep\n|inactive|kirito el goat has 120 seconds left.\n|\n|t:|1707322637\n|switch|p1a: Pecharunt|Pecharunt, L77|262/262\n|-damage|p1a: Pecharunt|230/262|[from] Spikes\n|turn|7\n|\n|t:|1707322641\n|move|p1a: Pecharunt|Malignant Chain|p2a: Hitmontop\n|-damage|p2a: Hitmontop|134/234\n|-status|p2a: Hitmontop|tox\n|-start|p2a: Hitmontop|confusion|[from] ability: Poison Puppeteer|[of] p1a: Pecharunt\n|-activate|p2a: Hitmontop|confusion\n|-damage|p2a: Hitmontop|104/234 tox|[from] confusion\n|\n|-heal|p1a: Pecharunt|246/262|[from] item: Leftovers\n|-heal|p2a: Hitmontop|118/234 tox|[from] item: Leftovers\n|-damage|p2a: Hitmontop|104/234 tox|[from] psn\n|upkeep\n|turn|8\n|\n|t:|1707322649\n|switch|p2a: Sandy Shocks|Sandy Shocks, L80|267/267\n|move|p1a: Pecharunt|Malignant Chain|p2a: Sandy Shocks\n|-resisted|p2a: Sandy Shocks\n|-damage|p2a: Sandy Shocks|223/267\n|-status|p2a: Sandy Shocks|tox\n|-start|p2a: Sandy Shocks|confusion|[from] ability: Poison Puppeteer|[of] p1a: Pecharunt\n|\n|-heal|p1a: Pecharunt|262/262|[from] item: Leftovers\n|-damage|p2a: Sandy Shocks|207/267 tox|[from] psn\n|upkeep\n|turn|9\n|\n|t:|1707322662\n|switch|p1a: Dunsparce|Dunsparce, L86, F|219/312\n|-damage|p1a: Dunsparce|180/312|[from] Spikes\n|-activate|p2a: Sandy Shocks|confusion\n|-damage|p2a: Sandy Shocks|189/267 tox|[from] confusion\n|\n|-damage|p2a: Sandy Shocks|157/267 tox|[from] psn\n|upkeep\n|turn|10\n|\n|t:|1707322677\n|-activate|p2a: Sandy Shocks|confusion\n|move|p2a: Sandy Shocks|Volt Switch|p1a: Dunsparce\n|-damage|p1a: Dunsparce|111/312\n|\n|t:|1707322682\n|-end|p2a: Sandy Shocks|Protosynthesis|[silent]\n|switch|p2a: Gothitelle|Gothitelle, L90, M|272/272|[from] Volt Switch\n|move|p1a: Dunsparce|Roost|p1a: Dunsparce\n|-heal|p1a: Dunsparce|267/312\n|-singleturn|p1a: Dunsparce|move: Roost\n|\n|upkeep\n|turn|11\n|\n|t:|1707322687\n|move|p2a: Gothitelle|Trick|p1a: Dunsparce\n|-activate|p2a: Gothitelle|move: Trick|[of] p1a: Dunsparce\n|-item|p1a: Dunsparce|Choice Scarf|[from] move: Trick\n|-item|p2a: Gothitelle|Eviolite|[from] move: Trick\n|move|p1a: Dunsparce|Body Slam|p2a: Gothitelle\n|-damage|p2a: Gothitelle|211/272\n|-status|p2a: Gothitelle|par\n|\n|upkeep\n|turn|12\n|\n|t:|1707322692\n|move|p1a: Dunsparce|Body Slam|p2a: Gothitelle\n|-damage|p2a: Gothitelle|141/272 par\n|move|p2a: Gothitelle|Focus Blast|p1a: Dunsparce|[miss]\n|-miss|p2a: Gothitelle|p1a: Dunsparce\n|\n|upkeep\n|turn|13\n|\n|t:|1707322696\n|move|p1a: Dunsparce|Body Slam|p2a: Gothitelle\n|-damage|p2a: Gothitelle|77/272 par\n|move|p2a: Gothitelle|Focus Blast|p1a: Dunsparce\n|-supereffective|p1a: Dunsparce\n|-damage|p1a: Dunsparce|49/312\n|\n|upkeep\n|turn|14\n|\n|t:|1707322703\n|move|p1a: Dunsparce|Body Slam|p2a: Gothitelle\n|-damage|p2a: Gothitelle|10/272 par\n|move|p2a: Gothitelle|Psychic|p1a: Dunsparce\n|-damage|p1a: Dunsparce|0 fnt\n|faint|p1a: Dunsparce\n|\n|upkeep\n|\n|t:|1707322721\n|switch|p1a: Gouging Fire|Gouging Fire, L74|277/277\n|turn|15\n|\n|t:|1707322735\n|move|p1a: Gouging Fire|Dragon Dance|p1a: Gouging Fire\n|-boost|p1a: Gouging Fire|atk|1\n|-boost|p1a: Gouging Fire|spe|1\n|move|p2a: Gothitelle|Psychic|p1a: Gouging Fire\n|-damage|p1a: Gouging Fire|166/277\n|\n|upkeep\n|turn|16\n|\n|t:|1707322746\n|move|p1a: Gouging Fire|Heat Crash|p2a: Gothitelle\n|-damage|p2a: Gothitelle|0 fnt\n|faint|p2a: Gothitelle\n|\n|upkeep\n|\n|t:|1707322749\n|switch|p2a: Sandy Shocks|Sandy Shocks, L80|157/267 tox\n|turn|17\n|\n|t:|1707322761\n|-terastallize|p2a: Sandy Shocks|Grass\n|move|p1a: Gouging Fire|Heat Crash|p2a: Sandy Shocks\n|-supereffective|p2a: Sandy Shocks\n|-damage|p2a: Sandy Shocks|0 fnt\n|faint|p2a: Sandy Shocks\n|-end|p2a: Sandy Shocks|Protosynthesis|[silent]\n|\n|upkeep\n|\n|t:|1707322766\n|switch|p2a: Maushold|Maushold, L76|238/238\n|turn|18\n|inactive|kirito el goat has 120 seconds left.\n|\n|t:|1707322800\n|-end|p1a: Gouging Fire|Protosynthesis|[silent]\n|switch|p1a: Pecharunt|Pecharunt, L77|262/262\n|-damage|p1a: Pecharunt|230/262|[from] Spikes\n|move|p2a: Maushold|Population Bomb|p1a: Pecharunt\n|-immune|p1a: Pecharunt\n|\n|-heal|p1a: Pecharunt|246/262|[from] item: Leftovers\n|upkeep\n|turn|19\n|inactive|kirito el goat has 120 seconds left.\n|\n|t:|1707322812\n|switch|p2a: Vikavolt|Vikavolt, L84, F|151/267 tox\n|move|p1a: Pecharunt|Malignant Chain|p2a: Vikavolt\n|-damage|p2a: Vikavolt|51/267 tox\n|\n|-heal|p1a: Pecharunt|262/262|[from] item: Leftovers\n|-damage|p2a: Vikavolt|35/267 tox|[from] psn\n|upkeep\n|turn|20\n|\n|t:|1707322817\n|move|p1a: Pecharunt|Shadow Ball|p2a: Vikavolt\n|-damage|p2a: Vikavolt|0 fnt\n|faint|p2a: Vikavolt\n|\n|upkeep\n|\n|t:|1707322818\n|switch|p2a: Pyroar|Pyroar, L88, F|295/295\n|-ability|p2a: Pyroar|Unnerve\n|turn|21\n|inactive|kirito el goat has 120 seconds left.\n|\n|t:|1707322848\n|switch|p1a: Golem|Golem-Alola, L92, M|297/297\n|-damage|p1a: Golem|260/297|[from] Spikes\n|move|p2a: Pyroar|Dark Pulse|p1a: Golem\n|-damage|p1a: Golem|177/297\n|\n|upkeep\n|turn|22\n|inactive|kirito el goat has 120 seconds left.\n|\n|t:|1707322864\n|switch|p2a: Hitmontop|Hitmontop, L89, M|104/234 tox\n|move|p1a: Golem|Double-Edge|p2a: Hitmontop\n|-damage|p2a: Hitmontop|0 fnt\n|faint|p2a: Hitmontop\n|-damage|p1a: Golem|143/297|[from] Recoil\n|\n|upkeep\n|\n|t:|1707322874\n|switch|p2a: Pyroar|Pyroar, L88, F|295/295\n|-ability|p2a: Pyroar|Unnerve\n|turn|23\n|\n|t:|1707322879\n|move|p2a: Pyroar|Dark Pulse|p1a: Golem\n|-damage|p1a: Golem|70/297\n|move|p1a: Golem|Double-Edge|p2a: Pyroar\n|-damage|p2a: Pyroar|0 fnt\n|faint|p2a: Pyroar\n|-damage|p1a: Golem|0 fnt|[from] Recoil\n|faint|p1a: Golem\n|\n|upkeep\n|inactive|kirito el goat has 120 seconds left.\n|\n|t:|1707322898\n|switch|p2a: Maushold|Maushold, L76|238/238\n|switch|p1a: Gouging Fire|Gouging Fire, L74|166/277\n|turn|24\n|\n|t:|1707322917\n|move|p2a: Maushold|Population Bomb|p1a: Gouging Fire\n|-damage|p1a: Gouging Fire|147/277\n|-damage|p1a: Gouging Fire|128/277\n|-damage|p1a: Gouging Fire|109/277\n|-damage|p1a: Gouging Fire|90/277\n|-damage|p1a: Gouging Fire|71/277\n|-damage|p1a: Gouging Fire|52/277\n|-crit|p1a: Gouging Fire\n|-damage|p1a: Gouging Fire|22/277\n|-damage|p1a: Gouging Fire|3/277\n|-damage|p1a: Gouging Fire|0 fnt\n|faint|p1a: Gouging Fire\n|-end|p1a: Gouging Fire|Protosynthesis|[silent]\n|-hitcount|p1: Gouging Fire|9\n|\n|upkeep\n|\n|t:|1707322931\n|switch|p1a: Pecharunt|Pecharunt, L77|262/262\n|-damage|p1a: Pecharunt|230/262|[from] Spikes\n|turn|25\n|\n|t:|1707322934\n|move|p2a: Maushold|Bite|p1a: Pecharunt\n|-supereffective|p1a: Pecharunt\n|-damage|p1a: Pecharunt|170/262\n|move|p1a: Pecharunt|Malignant Chain|p2a: Maushold\n|-damage|p2a: Maushold|133/238\n|\n|-heal|p1a: Pecharunt|186/262|[from] item: Leftovers\n|upkeep\n|turn|26\n|\n|t:|1707322940\n|move|p2a: Maushold|Bite|p1a: Pecharunt\n|-supereffective|p1a: Pecharunt\n|-damage|p1a: Pecharunt|128/262\n|cant|p1a: Pecharunt|flinch\n|\n|-heal|p1a: Pecharunt|144/262|[from] item: Leftovers\n|upkeep\n|turn|27\n|\n|t:|1707322945\n|move|p2a: Maushold|Bite|p1a: Pecharunt\n|-supereffective|p1a: Pecharunt\n|-damage|p1a: Pecharunt|88/262\n|move|p1a: Pecharunt|Recover|p1a: Pecharunt\n|-heal|p1a: Pecharunt|219/262\n|\n|-heal|p1a: Pecharunt|235/262|[from] item: Leftovers\n|upkeep\n|turn|28\n|\n|t:|1707322949\n|move|p2a: Maushold|Encore|p1a: Pecharunt\n|-start|p1a: Pecharunt|Encore\n|move|p1a: Pecharunt|Recover|p1a: Pecharunt\n|-heal|p1a: Pecharunt|262/262\n|\n|upkeep\n|turn|29\n|\n|t:|1707322952\n|switch|p1a: Manaphy|Manaphy, L78|284/284\n|-damage|p1a: Manaphy|249/284|[from] Spikes\n|move|p2a: Maushold|Tidy Up|p2a: Maushold\n|-sideend|p1: kirito el goat|Spikes\n|-activate|p2a: Maushold|move: Tidy Up\n|-boost|p2a: Maushold|atk|1\n|-boost|p2a: Maushold|spe|1\n|\n|-heal|p1a: Manaphy|266/284|[from] item: Leftovers\n|upkeep\n|turn|30\n|\n|t:|1707322955\n|move|p2a: Maushold|Population Bomb|p1a: Manaphy\n|-damage|p1a: Manaphy|235/284\n|-crit|p1a: Manaphy\n|-damage|p1a: Manaphy|187/284\n|-damage|p1a: Manaphy|156/284\n|-damage|p1a: Manaphy|126/284\n|-damage|p1a: Manaphy|92/284\n|-damage|p1a: Manaphy|61/284\n|-damage|p1a: Manaphy|27/284\n|-damage|p1a: Manaphy|0 fnt\n|faint|p1a: Manaphy\n|-hitcount|p1: Manaphy|8\n|\n|upkeep\n|\n|t:|1707322958\n|switch|p1a: Pecharunt|Pecharunt, L77|262/262\n|turn|31\n|\n|t:|1707322960\n|move|p2a: Maushold|Bite|p1a: Pecharunt\n|-supereffective|p1a: Pecharunt\n|-damage|p1a: Pecharunt|172/262\n|move|p1a: Pecharunt|Malignant Chain|p2a: Maushold\n|-damage|p2a: Maushold|37/238\n|-status|p2a: Maushold|tox\n|-start|p2a: Maushold|confusion|[from] ability: Poison Puppeteer|[of] p1a: Pecharunt\n|\n|-heal|p1a: Pecharunt|188/262|[from] item: Leftovers\n|-damage|p2a: Maushold|23/238 tox|[from] psn\n|upkeep\n|turn|32\n|\n|t:|1707322969\n|-activate|p2a: Maushold|confusion\n|-damage|p2a: Maushold|0 fnt|[from] confusion\n|faint|p2a: Maushold\n|\n|win|kirito el goat\n|raw|kirito el goat's rating: 2211 &rarr; <strong>2242</strong><br />(+31 for winning)\n|raw|MichaelderBeste2's rating: 2420 &rarr; <strong>2389</strong><br />(-31 for losing)\n|l|\u2606MichaelderBeste2\n|player|p2|\n", "inputlog": ">version 3c31c0fa45f6e7960912a41a53961f1af98ec26e\n>start {\"formatid\":\"gen9randombattle\",\"seed\":[618,27389,60802,15173],\"rated\":\"Rated battle\"}\n>player p1 {\"name\":\"kirito el goat\",\"avatar\":\"veteran\",\"rating\":2211,\"seed\":[33615,11977,52886,245]}\n>player p2 {\"name\":\"MichaelderBeste2\",\"avatar\":\"#rbtt7teamdarkraif\",\"rating\":2420,\"seed\":[4010,46490,39828,9956]}\n>p1 move malignantchain\n>p2 move thunderbolt\n>p1 move recover\n>p2 switch 3\n>p1 switch 5\n>p2 move spikes\n>p1 move coil\n>p2 move voltswitch\n>p2 switch 6\n>p1 move bodyslam\n>p2 move bulkup\n>p1 switch 2\n>p2 move tripleaxel\n>p1 switch 5\n>p1 move malignantchain\n>p2 move tripleaxel\n>p1 move malignantchain\n>p2 switch 6\n>p1 switch 2\n>p2 move voltswitch\n>p1 move roost\n>p2 move voltswitch\n>p2 switch 4\n>p1 move bodyslam\n>p2 move trick\n>p1 move bodyslam\n>p2 move focusblast\n>p1 move bodyslam\n>p2 move focusblast\n>p1 move bodyslam\n>p2 move psychic\n>p1 switch 3\n>p1 move dragondance\n>p2 move psychic\n>p1 move heatcrash\n>p2 move psychic\n>p2 switch 4\n>p1 move heatcrash\n>p2 move earthpower terastallize\n>p2 switch 2\n>p1 switch 2\n>p2 move populationbomb\n>p1 move malignantchain\n>p2 switch 3\n>p1 move shadowball\n>p2 move bugbuzz\n>p2 switch 5\n>p1 switch 4\n>p2 move darkpulse\n>p1 move doubleedge\n>p2 switch 6\n>p2 switch 6\n>p1 move doubleedge\n>p2 move darkpulse\n>p1 switch 2\n>p2 switch 3\n>p1 move heatcrash\n>p2 move populationbomb\n>p1 switch 4\n>p1 move malignantchain\n>p2 move bite\n>p1 move recover\n>p2 move bite\n>p1 move recover\n>p2 move bite\n>p1 move malignantchain\n>p2 move encore\n>p1 switch 6\n>p2 move tidyup\n>p1 move surf\n>p2 move populationbomb\n>p1 switch 6\n>p1 move malignantchain\n>p2 move bite\n>p1 move malignantchain\n>p2 move bite", "uploadtime": 1707322980, "views": 308, "formatid": "gen9randombattle", "rating": 2242, "private": 0, "password": null}