{"id": "gen9randombattle-2260393572", "format": "[Gen 9] Random Battle", "players": ["cial chat ro", "Dusty_xy"], "log": "|j|\u2606cial chat ro\n|j|\u2606Dusty_xy\n|t:|1733847258\n|gametype|singles\n|player|p1|cial chat ro|blackbelt-gen4dp|1281\n|player|p2|Dusty_xy|volo|1336\n|teamsize|p1|6\n|teamsize|p2|6\n|gen|9\n|tier|[Gen 9] Random Battle\n|rated|\n|rule|Species Clause: Limit one of each Pok\u00e9mon\n|rule|HP Percentage Mod: HP is shown in percentages\n|rule|Sleep Clause Mod: Limit one foe put to sleep\n|rule|Illusion Level Mod: Illusion disguises the Pok\u00e9mon's true level\n|\n|t:|1733847258\n|start\n|switch|p1a: Lycanroc|Lycanroc-Dusk, L80, F|251/251\n|switch|p2a: Girafarig|Girafarig, L89, M|269/269\n|turn|1\n|inactive|Battle timer is ON: inactive players will automatically lose when time's up. (requested by Dusty_xy)\n|\n|t:|1733847275\n|move|p1a: Lycanroc|Swords Dance|p1a: Lycanroc\n|-boost|p1a: Lycanroc|atk|2\n|move|p2a: Girafarig|Psyshock|p1a: Lycanroc\n|-damage|p1a: Lycanroc|133/251\n|\n|upkeep\n|turn|2\n|\n|t:|1733847287\n|move|p1a: Lycanroc|Throat Chop|p2a: Girafarig\n|-supereffective|p2a: Girafarig\n|-damage|p2a: Girafarig|0 fnt\n|faint|p2a: Girafarig\n|-damage|p1a: Lycanroc|108/251|[from] item: Life Orb\n|\n|upkeep\n|\n|t:|1733847292\n|switch|p2a: Hitmontop|Hitmontop, L88, M|231/231\n|turn|3\n|\n|t:|1733847306\n|move|p1a: Lycanroc|Close Combat|p2a: Hitmontop\n|-damage|p2a: Hitmontop|0 fnt\n|-unboost|p1a: Lycanroc|def|1\n|-unboost|p1a: Lycanroc|spd|1\n|faint|p2a: Hitmontop\n|-damage|p1a: Lycanroc|83/251|[from] item: Life Orb\n|\n|upkeep\n|\n|t:|1733847318\n|switch|p2a: Raichu|Raichu-Alola, L87, M|246/246\n|turn|4\n|\n|t:|1733847321\n|move|p2a: Raichu|Psyshock|p1a: Lycanroc\n|-damage|p1a: Lycanroc|0 fnt\n|faint|p1a: Lycanroc\n|-damage|p2a: Raichu|222/246|[from] item: Life Orb\n|\n|upkeep\n|\n|t:|1733847335\n|switch|p1a: Skeledirge|Skeledirge, L79, F|294/294\n|turn|5\n|\n|t:|1733847341\n|move|p2a: Raichu|Nasty Plot|p2a: Raichu\n|-boost|p2a: Raichu|spa|2\n|move|p1a: Skeledirge|Torch Song|p2a: Raichu\n|-damage|p2a: Raichu|140/246\n|-boost|p1a: Skeledirge|spa|1\n|\n|upkeep\n|turn|6\n|\n|t:|1733847349\n|move|p2a: Raichu|Thunderbolt|p1a: Skeledirge\n|-crit|p1a: Skeledirge\n|-damage|p1a: Skeledirge|48/294\n|-damage|p2a: Raichu|116/246|[from] item: Life Orb\n|move|p1a: Skeledirge|Shadow Ball|p2a: Raichu\n|-supereffective|p2a: Raichu\n|-damage|p2a: Raichu|0 fnt\n|faint|p2a: Raichu\n|\n|upkeep\n|\n|t:|1733847355\n|switch|p2a: Tsareena|Tsareena, L87, F|267/267\n|turn|7\n|\n|t:|1733847360\n|move|p2a: Tsareena|Knock Off|p1a: Skeledirge\n|-supereffective|p1a: Skeledirge\n|-damage|p1a: Skeledirge|0 fnt\n|-enditem|p1a: Skeledirge|Heavy-Duty Boots|[from] move: Knock Off|[of] p2a: Tsareena\n|faint|p1a: Skeledirge\n|\n|upkeep\n|\n|t:|1733847369\n|switch|p1a: Eiscue|Eiscue, L88, M|274/274\n|turn|8\n|\n|t:|1733847376\n|move|p2a: Tsareena|Triple Axel|p1a: Eiscue\n|-activate|p1a: Eiscue|ability: Ice Face\n|-damage|p1a: Eiscue|274/274\n|detailschange|p1a: Eiscue|Eiscue-Noice, L88, M\n|-resisted|p1a: Eiscue\n|-damage|p1a: Eiscue|253/274\n|-resisted|p1a: Eiscue\n|-damage|p1a: Eiscue|223/274\n|-hitcount|p1a: Eiscue|3\n|move|p1a: Eiscue|Belly Drum|p1a: Eiscue\n|-damage|p1a: Eiscue|86/274\n|-setboost|p1a: Eiscue|atk|6|[from] move: Belly Drum\n|-enditem|p1a: Eiscue|Sitrus Berry|[eat]\n|-heal|p1a: Eiscue|154/274|[from] item: Sitrus Berry\n|\n|upkeep\n|turn|9\n|\n|t:|1733847391\n|move|p1a: Eiscue|Ice Spinner|p2a: Tsareena\n|-supereffective|p2a: Tsareena\n|-damage|p2a: Tsareena|0 fnt\n|faint|p2a: Tsareena\n|\n|upkeep\n|-message|Dusty_xy forfeited.\n|\n|win|cial chat ro\n|raw|cial chat ro's rating: 1281 &rarr; <strong>1310</strong><br />(+29 for winning)\n|raw|Dusty_xy's rating: 1336 &rarr; <strong>1313</strong><br />(-23 for losing)\n|l|\u2606Dusty_xy\n|player|p2|\n", "inputlog": ">version bfd83cad13791eb5a5a409923076391caf6fb4d4\n>start {\"formatid\":\"gen9randombattle\",\"seed\":[35455,20639,39839,22013],\"rated\":\"Rated battle\"}\n>player p1 {\"name\":\"cial chat ro\",\"avatar\":\"blackbelt-gen4dp\",\"rating\":1281,\"seed\":[7328,53005,50450,12196]}\n>player p2 {\"name\":\"Dusty_xy\",\"avatar\":\"volo\",\"rating\":1336,\"seed\":[63621,51683,47291,2760]}\n>p1 move swordsdance\n>p2 move psyshock\n>p1 move throatchop\n>p2 move psyshock\n>p2 switch 6\n>p1 move closecombat\n>p2 move tripleaxel\n>p2 switch 2\n>p1 move throatchop\n>p2 move psyshock\n>p1 switch 5\n>p1 move torchsong\n>p2 move nastyplot\n>p1 move shadowball\n>p2 move thunderbolt\n>p2 switch 3\n>p1 move torchsong\n>p2 move knockoff\n>p1 switch 6\n>p1 move bellydrum\n>p2 move tripleaxel\n>p1 move icespinner\n>p2 move powerwhip\n>forcelose p2", "uploadtime": 1733847405, "views": 1, "formatid": "gen9randombattle", "rating": 1310, "private": 0, "password": null}