{"id": "gen9randombattle-2136879711", "format": "[Gen 9] Random Battle", "players": ["sasha thumper", "Yusei1789"], "log": "|j|\u2606sasha thumper\n|j|\u2606Yusei1789\n|t:|1717524312\n|gametype|singles\n|player|p1|sasha thumper|erika-gen1|2264\n|player|p2|Yusei1789|170|2206\n|teamsize|p1|6\n|teamsize|p2|6\n|gen|9\n|tier|[Gen 9] Random Battle\n|rated|\n|rule|Species Clause: Limit one of each Pok\u00e9mon\n|rule|HP Percentage Mod: HP is shown in percentages\n|rule|Sleep Clause Mod: Limit one foe put to sleep\n|rule|Illusion Level Mod: Illusion disguises the Pok\u00e9mon's true level\n|\n|t:|1717524312\n|start\n|switch|p1a: Farigiraf|Farigiraf, L91, M|366/366\n|switch|p2a: Swampert|Swampert, L83, M|302/302\n|turn|1\n|inactive|Battle timer is ON: inactive players will automatically lose when time's up. (requested by sasha thumper)\n|\n|t:|1717524341\n|move|p1a: Farigiraf|Future Sight|p2a: Swampert\n|-start|p1a: Farigiraf|move: Future Sight\n|move|p2a: Swampert|Knock Off|p1a: Farigiraf\n|-supereffective|p1a: Farigiraf\n|-crit|p1a: Farigiraf\n|-damage|p1a: Farigiraf|114/366\n|-enditem|p1a: Farigiraf|Leftovers|[from] move: Knock Off|[of] p2a: Swampert\n|\n|upkeep\n|turn|2\n|\n|t:|1717524353\n|switch|p1a: Gogoat|Gogoat, L88, F|360/360\n|move|p2a: Swampert|Knock Off|p1a: Gogoat\n|-damage|p1a: Gogoat|268/360\n|-enditem|p1a: Gogoat|Leftovers|[from] move: Knock Off|[of] p2a: Swampert\n|\n|upkeep\n|turn|3\n|\n|t:|1717524365\n|switch|p1a: Farigiraf|Farigiraf, L91, M|114/366\n|switch|p2a: Skarmory|Skarmory, L80, M|235/235\n|\n|-end|p2a: Skarmory|move: Future Sight\n|-resisted|p2a: Skarmory\n|-damage|p2a: Skarmory|131/235\n|upkeep\n|turn|4\n|\n|t:|1717524378\n|move|p1a: Farigiraf|Wish|p1a: Farigiraf\n|move|p2a: Skarmory|Spikes|p1a: Farigiraf\n|-sidestart|p1: sasha thumper|Spikes\n|\n|upkeep\n|turn|5\n|\n|t:|1717524388\n|move|p1a: Farigiraf|Future Sight|p2a: Skarmory\n|-start|p1a: Farigiraf|move: Future Sight\n|move|p2a: Skarmory|Roost|p2a: Skarmory\n|-heal|p2a: Skarmory|235/235\n|-singleturn|p2a: Skarmory|move: Roost\n|\n|-heal|p1a: Farigiraf|297/366|[from] move: Wish|[wisher] Farigiraf\n|upkeep\n|turn|6\n|\n|t:|1717524400\n|switch|p1a: Cramorant|Cramorant, L86, M|261/261\n|move|p2a: Skarmory|Spikes|p1a: Cramorant\n|-sidestart|p1: sasha thumper|Spikes\n|\n|upkeep\n|turn|7\n|\n|t:|1717524413\n|switch|p2a: Dialga|Dialga, L73|266/266\n|-ability|p2a: Dialga|Pressure\n|move|p1a: Cramorant|Surf|p2a: Dialga\n|-formechange|p1a: Cramorant|Cramorant-Gulping|\n|-resisted|p2a: Dialga\n|-damage|p2a: Dialga|222/266\n|\n|-end|p2a: Dialga|move: Future Sight\n|-resisted|p2a: Dialga\n|-damage|p2a: Dialga|136/266\n|-heal|p2a: Dialga|152/266|[from] item: Leftovers\n|upkeep\n|turn|8\n|\n|t:|1717524425\n|move|p1a: Cramorant|Defog|p2a: Dialga\n|-unboost|p2a: Dialga|evasion|1\n|-sideend|p1: sasha thumper|Spikes|[from] move: Defog|[of] p1a: Cramorant\n|move|p2a: Dialga|Thunder Wave|p1a: Cramorant\n|-status|p1a: Cramorant|par\n|\n|-heal|p2a: Dialga|168/266|[from] item: Leftovers\n|upkeep\n|turn|9\n|\n|t:|1717524452\n|switch|p2a: Skarmory|Skarmory, L80, M|235/235\n|cant|p1a: Cramorant|par\n|\n|upkeep\n|turn|10\n|\n|t:|1717524459\n|move|p1a: Cramorant|Surf|p2a: Skarmory\n|-damage|p2a: Skarmory|121/235\n|move|p2a: Skarmory|Whirlwind|p1a: Cramorant\n|drag|p1a: Raichu|Raichu, L88, M|249/249\n|\n|upkeep\n|turn|11\n|\n|t:|1717524470\n|switch|p1a: Farigiraf|Farigiraf, L91, M|297/366\n|move|p2a: Skarmory|Spikes|p1a: Farigiraf\n|-sidestart|p1: sasha thumper|Spikes\n|\n|upkeep\n|turn|12\n|\n|t:|1717524483\n|switch|p2a: Swampert|Swampert, L83, M|302/302\n|move|p1a: Farigiraf|Future Sight|p2a: Swampert\n|-start|p1a: Farigiraf|move: Future Sight\n|\n|upkeep\n|turn|13\n|\n|t:|1717524490\n|move|p1a: Farigiraf|Hyper Voice|p2a: Swampert\n|-damage|p2a: Swampert|215/302\n|move|p2a: Swampert|Flip Turn|p1a: Farigiraf\n|-damage|p1a: Farigiraf|221/366\n|\n|t:|1717524499\n|switch|p2a: Dialga|Dialga, L73|168/266|[from] Flip Turn\n|-ability|p2a: Dialga|Pressure\n|\n|-heal|p2a: Dialga|184/266|[from] item: Leftovers\n|upkeep\n|turn|14\n|\n|t:|1717524509\n|switch|p1a: Cramorant|Cramorant, L86, M|261/261 par\n|move|p2a: Dialga|Heavy Slam|p1a: Cramorant\n|-resisted|p1a: Cramorant\n|-damage|p1a: Cramorant|186/261 par\n|\n|-end|p2a: Dialga|move: Future Sight\n|-resisted|p2a: Dialga\n|-damage|p2a: Dialga|101/266\n|-heal|p2a: Dialga|117/266|[from] item: Leftovers\n|upkeep\n|turn|15\n|\n|t:|1717524518\n|move|p2a: Dialga|Draco Meteor|p1a: Cramorant\n|-damage|p1a: Cramorant|39/261 par\n|-unboost|p2a: Dialga|spa|2\n|move|p1a: Cramorant|Surf|p2a: Dialga\n|-formechange|p1a: Cramorant|Cramorant-Gorging|\n|-resisted|p2a: Dialga\n|-damage|p2a: Dialga|71/266\n|\n|-heal|p2a: Dialga|87/266|[from] item: Leftovers\n|upkeep\n|turn|16\n|\n|t:|1717524527\n|move|p2a: Dialga|Heavy Slam|p1a: Cramorant\n|-resisted|p1a: Cramorant\n|-damage|p1a: Cramorant|0 fnt\n|-damage|p2a: Dialga|21/266|[from] ability: Gulp Missile|[of] p1a: Cramorant\n|-status|p2a: Dialga|par\n|-formechange|p1a: Cramorant|Cramorant|\n|faint|p1a: Cramorant\n|\n|-heal|p2a: Dialga|37/266 par|[from] item: Leftovers\n|upkeep\n|\n|t:|1717524556\n|switch|p1a: Donphan|Donphan, L84, F|288/288\n|-damage|p1a: Donphan|252/288|[from] Spikes\n|turn|17\n|\n|t:|1717524563\n|switch|p2a: Lunala|Lunala, L70|308/308\n|move|p1a: Donphan|Rapid Spin|p2a: Lunala\n|-immune|p2a: Lunala\n|\n|upkeep\n|turn|18\n|\n|t:|1717524568\n|switch|p1a: Raichu|Raichu, L88, M|249/249\n|-damage|p1a: Raichu|218/249|[from] Spikes\n|move|p2a: Lunala|Moongeist Beam|p1a: Raichu\n|-damage|p1a: Raichu|119/249\n|\n|upkeep\n|turn|19\n|\n|t:|1717524577\n|move|p1a: Raichu|Thunderbolt|p2a: Lunala\n|-damage|p2a: Lunala|245/308\n|-damage|p1a: Raichu|95/249|[from] item: Life Orb\n|move|p2a: Lunala|Moongeist Beam|p1a: Raichu\n|-damage|p1a: Raichu|0 fnt\n|faint|p1a: Raichu\n|\n|-heal|p2a: Lunala|264/308|[from] item: Leftovers\n|upkeep\n|\n|t:|1717524584\n|switch|p1a: Glalie|Glalie, L96, M|309/309\n|turn|20\n|\n|t:|1717524596\n|move|p1a: Glalie|Disable|p2a: Lunala\n|-start|p2a: Lunala|Disable|Moongeist Beam\n|move|p2a: Lunala|Calm Mind|p2a: Lunala\n|-boost|p2a: Lunala|spa|1\n|-boost|p2a: Lunala|spd|1\n|\n|-heal|p2a: Lunala|283/308|[from] item: Leftovers\n|upkeep\n|turn|21\n|\n|t:|1717524603\n|move|p1a: Glalie|Earthquake|p2a: Lunala\n|-damage|p2a: Lunala|181/308\n|move|p2a: Lunala|Psyshock|p1a: Glalie\n|-damage|p1a: Glalie|203/309\n|\n|-heal|p2a: Lunala|200/308|[from] item: Leftovers\n|upkeep\n|turn|22\n|\n|t:|1717524610\n|move|p1a: Glalie|Earthquake|p2a: Lunala\n|-damage|p2a: Lunala|103/308\n|move|p2a: Lunala|Moonlight|p2a: Lunala\n|-heal|p2a: Lunala|257/308\n|\n|-heal|p2a: Lunala|276/308|[from] item: Leftovers\n|upkeep\n|turn|23\n|-message|sasha thumper forfeited.\n|\n|win|Yusei1789\n|raw|sasha thumper's rating: 2264 &rarr; <strong>2241</strong><br />(-23 for losing)\n|raw|Yusei1789's rating: 2206 &rarr; <strong>2229</strong><br />(+23 for winning)\n|l|\u2606sasha thumper\n|player|p1|\n", "inputlog": ">version 44ea4080b22383dffbfbbbc072caa3821a8e16c7\n>start {\"formatid\":\"gen9randombattle\",\"seed\":[63949,8341,34898,26612],\"rated\":\"Rated battle\"}\n>player p1 {\"name\":\"sasha thumper\",\"avatar\":\"erika-gen1\",\"rating\":2264,\"seed\":[44212,59591,9008,25263]}\n>player p2 {\"name\":\"Yusei1789\",\"avatar\":\"170\",\"rating\":2206,\"seed\":[60655,3718,42599,58154]}\n>p1 move futuresight\n>p2 move knockoff\n>p1 switch 4\n>p2 move knockoff\n>p1 switch 4\n>p2 switch 2\n>p1 move wish\n>p2 move spikes\n>p1 move futuresight\n>p2 move roost\n>p1 switch 5\n>p2 move spikes\n>p1 move surf\n>p2 switch 3\n>p1 move defog\n>p2 move thunderwave\n>p1 move surf\n>p2 switch 3\n>p1 move surf\n>p2 move whirlwind\n>p1 switch 5\n>p2 move spikes\n>p1 move futuresight\n>p2 switch 2\n>p1 move hypervoice\n>p2 move flipturn\n>p2 switch 3\n>p1 switch 6\n>p2 move heavyslam\n>p1 move surf\n>p2 move dracometeor\n>p1 move surf\n>p2 move heavyslam\n>p1 switch 3\n>p1 move rapidspin\n>p2 switch 4\n>p1 switch 5\n>p2 move moongeistbeam\n>p1 move thunderbolt\n>p2 move moongeistbeam\n>p1 switch 2\n>p1 move disable\n>p2 move calmmind\n>p1 move earthquake\n>p2 move psyshock\n>p1 move earthquake\n>p2 move moonlight\n>forcelose p1", "uploadtime": 1717524621, "views": 198, "formatid": "gen9randombattle", "rating": 2229, "private": 0, "password": null}