{"id": "gen9randombattle-2144366397", "format": "[Gen 9] Random Battle", "players": ["11Cinderace11", "Reconforce"], "log": "|j|\u260611Cinderace11\n|j|\u2606Reconforce\n|t:|1718548153\n|gametype|singles\n|player|p1|11Cinderace11|lucas|2213\n|player|p2|Reconforce|169|2278\n|teamsize|p1|6\n|teamsize|p2|6\n|gen|9\n|tier|[Gen 9] Random Battle\n|rated|\n|rule|Species Clause: Limit one of each Pok\u00e9mon\n|rule|HP Percentage Mod: HP is shown in percentages\n|rule|Sleep Clause Mod: Limit one foe put to sleep\n|rule|Illusion Level Mod: Illusion disguises the Pok\u00e9mon's true level\n|\n|t:|1718548153\n|start\n|switch|p1a: Orthworm|Orthworm, L88, F|266/266\n|switch|p2a: Flapple|Flapple, L88, M|266/266\n|turn|1\n|\n|t:|1718548161\n|switch|p2a: Hypno|Hypno, L95, M|315/315\n|move|p1a: Orthworm|Coil|p1a: Orthworm\n|-boost|p1a: Orthworm|atk|1\n|-boost|p1a: Orthworm|def|1\n|-boost|p1a: Orthworm|accuracy|1\n|\n|upkeep\n|turn|2\n|l|\u260611Cinderace11\n|player|p1|\n|j|\u260611Cinderace11\n|player|p1|11Cinderace11|lucas|\n|\n|t:|1718548204\n|move|p2a: Hypno|Focus Blast|p1a: Orthworm\n|-supereffective|p1a: Orthworm\n|-damage|p1a: Orthworm|34/266\n|move|p1a: Orthworm|Iron Tail|p2a: Hypno\n|-damage|p2a: Hypno|156/315\n|\n|-heal|p2a: Hypno|175/315|[from] item: Leftovers\n|upkeep\n|turn|3\n|\n|t:|1718548209\n|switch|p1a: Azelf|Azelf, L82|257/257\n|move|p2a: Hypno|Psychic Noise|p1a: Azelf\n|-resisted|p1a: Azelf\n|-damage|p1a: Azelf|207/257\n|-start|p1a: Azelf|move: Heal Block\n|\n|-heal|p2a: Hypno|194/315|[from] item: Leftovers\n|upkeep\n|turn|4\n|\n|t:|1718548214\n|move|p2a: Hypno|Protect|p2a: Hypno\n|-singleturn|p2a: Hypno|Protect\n|move|p1a: Azelf|Fire Blast|p2a: Hypno\n|-activate|p2a: Hypno|move: Protect\n|\n|-heal|p2a: Hypno|213/315|[from] item: Leftovers\n|-end|p1a: Azelf|move: Heal Block\n|upkeep\n|turn|5\n|\n|t:|1718548219\n|move|p1a: Azelf|Fire Blast|p2a: Hypno\n|-damage|p2a: Hypno|115/315\n|move|p2a: Hypno|Psychic Noise|p1a: Azelf\n|-resisted|p1a: Azelf\n|-damage|p1a: Azelf|153/257\n|-start|p1a: Azelf|move: Heal Block\n|\n|-heal|p2a: Hypno|134/315|[from] item: Leftovers\n|upkeep\n|turn|6\n|\n|t:|1718548226\n|switch|p1a: Altaria|Altaria, L88, M|275/275\n|move|p2a: Hypno|Toxic|p1a: Altaria\n|-status|p1a: Altaria|tox\n|\n|-heal|p2a: Hypno|153/315|[from] item: Leftovers\n|-damage|p1a: Altaria|258/275 tox|[from] psn\n|upkeep\n|turn|7\n|\n|t:|1718548229\n|move|p2a: Hypno|Protect|p2a: Hypno\n|-singleturn|p2a: Hypno|Protect\n|move|p1a: Altaria|Brave Bird|p2a: Hypno\n|-activate|p2a: Hypno|move: Protect\n|\n|-heal|p2a: Hypno|172/315|[from] item: Leftovers\n|-damage|p1a: Altaria|224/275 tox|[from] psn\n|upkeep\n|turn|8\n|\n|t:|1718548231\n|move|p1a: Altaria|Brave Bird|p2a: Hypno\n|-damage|p2a: Hypno|49/315\n|-damage|p1a: Altaria|183/275 tox|[from] Recoil\n|move|p2a: Hypno|Psychic Noise|p1a: Altaria\n|-damage|p1a: Altaria|116/275 tox\n|-start|p1a: Altaria|move: Heal Block\n|\n|-heal|p2a: Hypno|68/315|[from] item: Leftovers\n|-damage|p1a: Altaria|65/275 tox|[from] psn\n|upkeep\n|turn|9\n|\n|t:|1718548236\n|-curestatus|p1a: Altaria|tox|[from] ability: Natural Cure\n|switch|p1a: Azelf|Azelf, L82|153/257\n|move|p2a: Hypno|Psychic Noise|p1a: Azelf\n|-resisted|p1a: Azelf\n|-damage|p1a: Azelf|104/257\n|-start|p1a: Azelf|move: Heal Block\n|\n|-heal|p2a: Hypno|87/315|[from] item: Leftovers\n|upkeep\n|turn|10\n|\n|t:|1718548239\n|move|p2a: Hypno|Protect|p2a: Hypno\n|-singleturn|p2a: Hypno|Protect\n|move|p1a: Azelf|Fire Blast|p2a: Hypno\n|-activate|p2a: Hypno|move: Protect\n|\n|-heal|p2a: Hypno|106/315|[from] item: Leftovers\n|-end|p1a: Azelf|move: Heal Block\n|upkeep\n|turn|11\n|\n|t:|1718548243\n|move|p1a: Azelf|Fire Blast|p2a: Hypno\n|-damage|p2a: Hypno|11/315\n|move|p2a: Hypno|Toxic|p1a: Azelf\n|-status|p1a: Azelf|tox\n|\n|-heal|p2a: Hypno|30/315|[from] item: Leftovers\n|-damage|p1a: Azelf|88/257 tox|[from] psn\n|upkeep\n|turn|12\n|j| rahull\n|\n|t:|1718548246\n|move|p1a: Azelf|Fire Blast|p2a: Hypno|[miss]\n|-miss|p1a: Azelf|p2a: Hypno\n|move|p2a: Hypno|Psychic Noise|p1a: Azelf\n|-resisted|p1a: Azelf\n|-damage|p1a: Azelf|40/257 tox\n|-start|p1a: Azelf|move: Heal Block\n|\n|-heal|p2a: Hypno|49/315|[from] item: Leftovers\n|-damage|p1a: Azelf|8/257 tox|[from] psn\n|upkeep\n|turn|13\n|\n|t:|1718548248\n|move|p2a: Hypno|Protect|p2a: Hypno\n|-singleturn|p2a: Hypno|Protect\n|move|p1a: Azelf|Fire Blast|p2a: Hypno\n|-activate|p2a: Hypno|move: Protect\n|\n|-heal|p2a: Hypno|68/315|[from] item: Leftovers\n|-damage|p1a: Azelf|0 fnt|[from] psn\n|faint|p1a: Azelf\n|upkeep\n|\n|t:|1718548251\n|switch|p1a: Altaria|Altaria, L88, M|65/275\n|turn|14\n|\n|t:|1718548253\n|move|p1a: Altaria|Roost|p1a: Altaria\n|-heal|p1a: Altaria|203/275\n|-singleturn|p1a: Altaria|move: Roost\n|move|p2a: Hypno|Psychic Noise|p1a: Altaria\n|-damage|p1a: Altaria|139/275\n|-start|p1a: Altaria|move: Heal Block\n|\n|-heal|p2a: Hypno|87/315|[from] item: Leftovers\n|upkeep\n|turn|15\n|\n|t:|1718548259\n|switch|p2a: Slowking|Slowking, L88, F|310/310\n|move|p1a: Altaria|Brave Bird|p2a: Slowking\n|-damage|p2a: Slowking|198/310\n|-damage|p1a: Altaria|102/275|[from] Recoil\n|\n|-end|p1a: Altaria|move: Heal Block\n|upkeep\n|turn|16\n|\n|t:|1718548266\n|switch|p1a: Crawdaunt|Crawdaunt, L84, F|243/243\n|move|p2a: Slowking|Ice Beam|p1a: Crawdaunt\n|-resisted|p1a: Crawdaunt\n|-damage|p1a: Crawdaunt|182/243\n|-damage|p2a: Slowking|167/310|[from] item: Life Orb\n|\n|upkeep\n|turn|17\n|\n|t:|1718548271\n|switch|p2a: Enamorus|Enamorus, L79, F|247/247\n|move|p1a: Crawdaunt|Knock Off|p2a: Enamorus\n|-resisted|p2a: Enamorus\n|-damage|p2a: Enamorus|92/247\n|-enditem|p2a: Enamorus|Heavy-Duty Boots|[from] move: Knock Off|[of] p1a: Crawdaunt\n|\n|upkeep\n|turn|18\n|\n|t:|1718548277\n|switch|p1a: Orthworm|Orthworm, L88, F|34/266\n|move|p2a: Enamorus|Moonblast|p1a: Orthworm\n|-resisted|p1a: Orthworm\n|-damage|p1a: Orthworm|0 fnt\n|faint|p1a: Orthworm\n|\n|upkeep\n|\n|t:|1718548287\n|switch|p1a: Talonflame|Talonflame, L84, M|268/268\n|turn|19\n|\n|t:|1718548290\n|switch|p2a: Slowking|Slowking, L88, F|270/310\n|move|p1a: Talonflame|Swords Dance|p1a: Talonflame\n|-boost|p1a: Talonflame|atk|2\n|\n|upkeep\n|turn|20\n|\n|t:|1718548294\n|move|p1a: Talonflame|Brave Bird|p2a: Slowking\n|-damage|p2a: Slowking|33/310\n|-damage|p1a: Talonflame|190/268|[from] Recoil\n|move|p2a: Slowking|Hydro Pump|p1a: Talonflame|[miss]\n|-miss|p2a: Slowking|p1a: Talonflame\n|\n|upkeep\n|turn|21\n|\n|t:|1718548298\n|move|p1a: Talonflame|Flare Blitz|p2a: Slowking\n|-resisted|p2a: Slowking\n|-damage|p2a: Slowking|0 fnt\n|faint|p2a: Slowking\n|-damage|p1a: Talonflame|179/268|[from] Recoil\n|\n|upkeep\n|\n|t:|1718548307\n|switch|p2a: Flapple|Flapple, L88, M|266/266\n|turn|22\n|\n|t:|1718548329\n|-terastallize|p2a: Flapple|Fire\n|move|p1a: Talonflame|Brave Bird|p2a: Flapple\n|-damage|p2a: Flapple|40/266\n|-damage|p1a: Talonflame|104/268|[from] Recoil\n|move|p2a: Flapple|Dragon Dance|p2a: Flapple\n|-boost|p2a: Flapple|atk|1\n|-boost|p2a: Flapple|spe|1\n|\n|upkeep\n|turn|23\n|\n|t:|1718548338\n|move|p1a: Talonflame|Brave Bird|p2a: Flapple\n|-damage|p2a: Flapple|0 fnt\n|faint|p2a: Flapple\n|-damage|p1a: Talonflame|91/268|[from] Recoil\n|\n|upkeep\n|inactive|Battle timer is ON: inactive players will automatically lose when time's up. (requested by 11Cinderace11)\n|\n|t:|1718548344\n|switch|p2a: Hypno|Hypno, L95, M|87/315\n|turn|24\n|\n|t:|1718548348\n|move|p1a: Talonflame|Brave Bird|p2a: Hypno\n|-damage|p2a: Hypno|0 fnt\n|faint|p2a: Hypno\n|-damage|p1a: Talonflame|62/268|[from] Recoil\n|\n|upkeep\n|\n|t:|1718548349\n|switch|p2a: Ceruledge|Ceruledge, L78, F|245/245\n|turn|25\n|\n|t:|1718548366\n|move|p2a: Ceruledge|Shadow Sneak|p1a: Talonflame\n|-damage|p1a: Talonflame|8/268\n|move|p1a: Talonflame|Brave Bird|p2a: Ceruledge\n|-damage|p2a: Ceruledge|10/245\n|-ability|p2a: Ceruledge|Weak Armor|boost\n|-unboost|p2a: Ceruledge|def|1\n|-boost|p2a: Ceruledge|spe|2\n|-damage|p1a: Talonflame|0 fnt|[from] Recoil\n|faint|p1a: Talonflame\n|\n|upkeep\n|\n|t:|1718548371\n|switch|p1a: Cetitan|Cetitan, L82, M|413/413\n|turn|26\n|\n|t:|1718548373\n|move|p1a: Cetitan|Ice Shard|p2a: Ceruledge\n|-resisted|p2a: Ceruledge\n|-damage|p2a: Ceruledge|0 fnt\n|faint|p2a: Ceruledge\n|-damage|p1a: Cetitan|372/413|[from] item: Life Orb\n|\n|upkeep\n|\n|t:|1718548374\n|switch|p2a: Excadrill|Excadrill, L80, M|307/307\n|-ability|p2a: Excadrill|Mold Breaker\n|turn|27\n|\n|t:|1718548378\n|-terastallize|p1a: Cetitan|Water\n|move|p2a: Excadrill|Iron Head|p1a: Cetitan\n|-resisted|p1a: Cetitan\n|-damage|p1a: Cetitan|306/413\n|move|p1a: Cetitan|Liquidation|p2a: Excadrill\n|-supereffective|p2a: Excadrill\n|-damage|p2a: Excadrill|0 fnt\n|faint|p2a: Excadrill\n|\n|upkeep\n|\n|t:|1718548380\n|switch|p2a: Enamorus|Enamorus, L79, F|92/247\n|turn|28\n|-message|Reconforce forfeited.\n|\n|win|11Cinderace11\n|raw|11Cinderace11's rating: 2213 &rarr; <strong>2237</strong><br />(+24 for winning)\n|raw|Reconforce's rating: 2278 &rarr; <strong>2254</strong><br />(-24 for losing)\n", "inputlog": ">version f332f6e66c888c6399c77e4ee9d4d682fcd18d40\n>start {\"formatid\":\"gen9randombattle\",\"seed\":[23086,40671,64641,8067],\"rated\":\"Rated battle\"}\n>player p1 {\"name\":\"11Cinderace11\",\"avatar\":\"lucas\",\"rating\":2213,\"seed\":[29135,19933,32336,20337]}\n>player p2 {\"name\":\"Reconforce\",\"avatar\":\"169\",\"rating\":2278,\"seed\":[28490,45537,20701,11044]}\n>p1 move coil\n>p2 switch 2\n>p1 move irontail\n>p2 move focusblast\n>p1 switch 6\n>p2 move psychicnoise\n>p1 move fireblast\n>p2 move protect\n>p1 move fireblast\n>p2 move psychicnoise\n>p1 switch 3\n>p2 move toxic\n>p1 move bravebird\n>p2 move protect\n>p1 move bravebird\n>p2 move psychicnoise\n>p1 switch 3\n>p2 move psychicnoise\n>p1 move fireblast\n>p2 move protect\n>p1 move fireblast\n>p2 move toxic\n>p1 move fireblast\n>p2 move psychicnoise\n>p1 move fireblast\n>p2 move protect\n>p1 switch 3\n>p1 move roost\n>p2 move psychicnoise\n>p1 move bravebird\n>p2 switch 5\n>p1 switch 5\n>p2 move icebeam\n>p1 move knockoff\n>p2 switch 6\n>p1 switch 6\n>p2 move moonblast\n>p1 switch 2\n>p1 move swordsdance\n>p2 switch 6\n>p1 move bravebird\n>p2 move hydropump\n>p1 move flareblitz\n>p2 move hydropump\n>p2 switch 2\n>p1 move bravebird\n>p2 move dragondance terastallize\n>p1 move bravebird\n>p2 move terablast\n>p2 switch 5\n>p1 move bravebird\n>p2 move psychicnoise\n>p2 switch 4\n>p1 move bravebird\n>p2 move shadowsneak\n>p1 switch 4\n>p1 move iceshard\n>p2 move bitterblade\n>p2 switch 3\n>p1 move liquidation terastallize\n>p2 move ironhead\n>p2 switch 6\n>forcelose p2", "uploadtime": 1718548382, "views": 183, "formatid": "gen9randombattle", "rating": 2237, "private": 0, "password": null}