{"id": "gen9randombattle-2240442881", "format": "[Gen 9] Random Battle", "players": ["LittleGhost9966", "useemstohavefun"], "log": "|badge|p2|bronze|gen9randombattle|100-3\n|uhtml|medal-msg|<div class=\"broadcast-blue\">Curious what those medals under the avatar are? PS now has Ladder Seasons! For more information, check out the <a href=\"https://www.smogon.com/forums/threads/3740067/\">thread on Smogon.</a></div>\n|j|\u2606LittleGhost9966\n|j|\u2606useemstohavefun\n|t:|1731143583\n|gametype|singles\n|player|p1|LittleGhost9966|gambler|2257\n|player|p2|useemstohavefun|thorton|2338\n|teamsize|p1|6\n|teamsize|p2|6\n|gen|9\n|tier|[Gen 9] Random Battle\n|rated|\n|rule|Species Clause: Limit one of each Pok\u00e9mon\n|rule|HP Percentage Mod: HP is shown in percentages\n|rule|Sleep Clause Mod: Limit one foe put to sleep\n|rule|Illusion Level Mod: Illusion disguises the Pok\u00e9mon's true level\n|\n|t:|1731143583\n|start\n|switch|p1a: Kingdra|Kingdra, L84, M|263/263\n|switch|p2a: Registeel|Registeel, L81|262/262\n|turn|1\n|inactive|Battle timer is ON: inactive players will automatically lose when time's up. (requested by useemstohavefun)\n|\n|t:|1731143607\n|switch|p1a: Golurk|Golurk, L87|297/297\n|move|p2a: Registeel|Iron Defense|p2a: Registeel\n|-boost|p2a: Registeel|def|2\n|\n|upkeep\n|turn|2\n|\n|t:|1731143616\n|switch|p2a: Zapdos|Zapdos, L78|268/268\n|move|p1a: Golurk|Earthquake|p2a: Zapdos\n|-immune|p2a: Zapdos\n|\n|upkeep\n|turn|3\n|\n|t:|1731143626\n|move|p2a: Zapdos|Hurricane|p1a: Golurk\n|-damage|p1a: Golurk|161/297\n|move|p1a: Golurk|Stealth Rock|p2a: Zapdos\n|-sidestart|p2: useemstohavefun|move: Stealth Rock\n|\n|upkeep\n|turn|4\n|\n|t:|1731143635\n|switch|p1a: Regigigas|Regigigas, L84|322/322\n|-start|p1a: Regigigas|ability: Slow Start\n|move|p2a: Zapdos|Hurricane|p1a: Regigigas|[miss]\n|-miss|p2a: Zapdos|p1a: Regigigas\n|\n|upkeep\n|turn|5\n|\n|t:|1731143643\n|switch|p2a: Registeel|Registeel, L81|262/262\n|-damage|p2a: Registeel|246/262|[from] Stealth Rock\n|move|p1a: Regigigas|Substitute|p1a: Regigigas\n|-start|p1a: Regigigas|Substitute\n|-damage|p1a: Regigigas|242/322\n|\n|-heal|p1a: Regigigas|262/322|[from] item: Leftovers\n|upkeep\n|turn|6\n|\n|t:|1731143648\n|move|p2a: Registeel|Body Press|p1a: Regigigas\n|-supereffective|p1a: Regigigas\n|-end|p1a: Regigigas|Substitute\n|move|p1a: Regigigas|Knock Off|p2a: Registeel\n|-damage|p2a: Registeel|211/262\n|-enditem|p2a: Registeel|Chesto Berry|[from] move: Knock Off|[of] p1a: Regigigas\n|\n|-heal|p1a: Regigigas|282/322|[from] item: Leftovers\n|upkeep\n|turn|7\n|\n|t:|1731143653\n|-end|p1a: Regigigas|Slow Start|[silent]\n|switch|p1a: Golurk|Golurk, L87|161/297\n|move|p2a: Registeel|Iron Defense|p2a: Registeel\n|-boost|p2a: Registeel|def|2\n|\n|upkeep\n|turn|8\n|\n|t:|1731143661\n|move|p1a: Golurk|Earthquake|p2a: Registeel\n|-supereffective|p2a: Registeel\n|-damage|p2a: Registeel|94/262\n|-damage|p1a: Golurk|132/297|[from] item: Life Orb\n|move|p2a: Registeel|Iron Head|p1a: Golurk\n|-damage|p1a: Golurk|59/297\n|\n|upkeep\n|turn|9\n|\n|t:|1731143674\n|switch|p2a: Zapdos|Zapdos, L78|268/268\n|move|p1a: Golurk|Dynamic Punch|p2a: Zapdos\n|-resisted|p2a: Zapdos\n|-damage|p2a: Zapdos|199/268\n|-start|p2a: Zapdos|confusion\n|-status|p1a: Golurk|par|[from] ability: Static|[of] p2a: Zapdos\n|-damage|p1a: Golurk|30/297 par|[from] item: Life Orb\n|\n|upkeep\n|turn|10\n|\n|t:|1731143681\n|-activate|p2a: Zapdos|confusion\n|move|p2a: Zapdos|Hurricane|p1a: Golurk\n|-damage|p1a: Golurk|0 fnt\n|faint|p1a: Golurk\n|\n|upkeep\n|\n|t:|1731143705\n|switch|p1a: Staraptor|Staraptor, L79, F|263/263\n|turn|11\n|\n|t:|1731143713\n|switch|p2a: Drifblim|Drifblim, L86, M|396/396\n|-damage|p2a: Drifblim|297/396|[from] Stealth Rock\n|move|p1a: Staraptor|Double-Edge|p2a: Drifblim\n|-immune|p2a: Drifblim\n|\n|upkeep\n|turn|12\n|\n|t:|1731143725\n|switch|p1a: Regigigas|Regigigas, L84|282/322\n|-start|p1a: Regigigas|ability: Slow Start\n|move|p2a: Drifblim|Calm Mind|p2a: Drifblim\n|-boost|p2a: Drifblim|spa|1\n|-boost|p2a: Drifblim|spd|1\n|\n|-heal|p1a: Regigigas|302/322|[from] item: Leftovers\n|upkeep\n|turn|13\n|\n|t:|1731143729\n|move|p2a: Drifblim|Air Slash|p1a: Regigigas\n|-damage|p1a: Regigigas|211/322\n|move|p1a: Regigigas|Knock Off|p2a: Drifblim\n|-supereffective|p2a: Drifblim\n|-damage|p2a: Drifblim|149/396\n|-enditem|p2a: Drifblim|Sitrus Berry|[from] move: Knock Off|[of] p1a: Regigigas\n|\n|-heal|p1a: Regigigas|231/322|[from] item: Leftovers\n|upkeep\n|turn|14\n|\n|t:|1731143748\n|move|p2a: Drifblim|Strength Sap|p1a: Regigigas\n|-unboost|p1a: Regigigas|atk|1\n|-heal|p2a: Drifblim|396/396\n|move|p1a: Regigigas|Knock Off|p2a: Drifblim\n|-supereffective|p2a: Drifblim\n|-damage|p2a: Drifblim|324/396\n|\n|-heal|p1a: Regigigas|251/322|[from] item: Leftovers\n|upkeep\n|turn|15\n|c|\u2606LittleGhost9966|so strenght sap still heals from the full atk stat?\n|inactive|LittleGhost9966 has 120 seconds left.\n|c|\u2606LittleGhost9966|damn slow start really sucks\n|c|\u2606useemstohavefun|yup\n|c|\u2606useemstohavefun|or else regigigas is too OP\n|inactive|LittleGhost9966 has 90 seconds left.\n|c|\u2606LittleGhost9966|honestly, gg i think\n|c|\u2606useemstohavefun|the same with slaking\n|\n|t:|1731143811\n|move|p2a: Drifblim|Air Slash|p1a: Regigigas|[miss]\n|-miss|p2a: Drifblim|p1a: Regigigas\n|move|p1a: Regigigas|Knock Off|p2a: Drifblim\n|-supereffective|p2a: Drifblim\n|-damage|p2a: Drifblim|248/396\n|\n|-heal|p1a: Regigigas|271/322|[from] item: Leftovers\n|upkeep\n|turn|16\n|inactive|LittleGhost9966 has 90 seconds left.\n|\n|t:|1731143821\n|move|p2a: Drifblim|Air Slash|p1a: Regigigas\n|-damage|p1a: Regigigas|168/322\n|move|p1a: Regigigas|Knock Off|p2a: Drifblim\n|-supereffective|p2a: Drifblim\n|-damage|p2a: Drifblim|172/396\n|\n|-heal|p1a: Regigigas|188/322|[from] item: Leftovers\n|upkeep\n|turn|17\n|\n|t:|1731143827\n|move|p1a: Regigigas|Protect|p1a: Regigigas\n|-singleturn|p1a: Regigigas|Protect\n|move|p2a: Drifblim|Air Slash|p1a: Regigigas\n|-activate|p1a: Regigigas|move: Protect\n|\n|-heal|p1a: Regigigas|208/322|[from] item: Leftovers\n|-end|p1a: Regigigas|Slow Start\n|upkeep\n|turn|18\n|\n|t:|1731143838\n|move|p2a: Drifblim|Strength Sap|p1a: Regigigas\n|-unboost|p1a: Regigigas|atk|1\n|-heal|p2a: Drifblim|383/396\n|move|p1a: Regigigas|Knock Off|p2a: Drifblim\n|-supereffective|p2a: Drifblim\n|-damage|p2a: Drifblim|277/396\n|\n|-heal|p1a: Regigigas|228/322|[from] item: Leftovers\n|upkeep\n|turn|19\n|\n|t:|1731143844\n|move|p2a: Drifblim|Air Slash|p1a: Regigigas\n|-damage|p1a: Regigigas|129/322\n|move|p1a: Regigigas|Knock Off|p2a: Drifblim\n|-supereffective|p2a: Drifblim\n|-damage|p2a: Drifblim|171/396\n|\n|-heal|p1a: Regigigas|149/322|[from] item: Leftovers\n|upkeep\n|turn|20\n|\n|t:|1731143853\n|move|p2a: Drifblim|Air Slash|p1a: Regigigas\n|-damage|p1a: Regigigas|52/322\n|move|p1a: Regigigas|Knock Off|p2a: Drifblim\n|-supereffective|p2a: Drifblim\n|-damage|p2a: Drifblim|57/396\n|\n|-heal|p1a: Regigigas|72/322|[from] item: Leftovers\n|upkeep\n|turn|21\n|inactive|LittleGhost9966 has 120 seconds left.\n|\n|t:|1731143866\n|move|p2a: Drifblim|Air Slash|p1a: Regigigas\n|-damage|p1a: Regigigas|0 fnt\n|faint|p1a: Regigigas\n|-end|p1a: Regigigas|Slow Start|[silent]\n|\n|upkeep\n|\n|t:|1731143892\n|switch|p1a: Kingdra|Kingdra, L84, M|263/263\n|turn|22\n|\n|t:|1731143898\n|move|p2a: Drifblim|Strength Sap|p1a: Kingdra\n|-unboost|p1a: Kingdra|atk|1\n|-heal|p2a: Drifblim|265/396\n|move|p1a: Kingdra|Rain Dance|p1a: Kingdra\n|-weather|RainDance\n|\n|-weather|RainDance|[upkeep]\n|upkeep\n|turn|23\n|\n|t:|1731143912\n|-terastallize|p1a: Kingdra|Water\n|move|p1a: Kingdra|Wave Crash|p2a: Drifblim\n|-damage|p2a: Drifblim|0 fnt\n|faint|p2a: Drifblim\n|-damage|p1a: Kingdra|176/263|[from] Recoil\n|-damage|p1a: Kingdra|150/263|[from] item: Life Orb\n|\n|-weather|RainDance|[upkeep]\n|upkeep\n|c|\u2606LittleGhost9966|ok i was expecting it would heal more, but i won't complain\n|\n|t:|1731143935\n|switch|p2a: Regidrago|Regidrago, L77|435/435\n|-damage|p2a: Regidrago|381/435|[from] Stealth Rock\n|turn|24\n|inactive|LittleGhost9966 has 120 seconds left.\n|\n|t:|1731143941\n|switch|p1a: Skarmory|Skarmory, L80, F|235/235\n|switch|p2a: Registeel|Registeel, L81|94/262\n|-damage|p2a: Registeel|78/262|[from] Stealth Rock\n|\n|-weather|RainDance|[upkeep]\n|upkeep\n|turn|25\n|\n|t:|1731143947\n|move|p1a: Skarmory|Body Press|p2a: Registeel\n|-supereffective|p2a: Registeel\n|-damage|p2a: Registeel|0 fnt\n|faint|p2a: Registeel\n|\n|-weather|RainDance|[upkeep]\n|upkeep\n|\n|t:|1731143951\n|switch|p2a: Zapdos|Zapdos, L78|199/268\n|turn|26\n|inactive|LittleGhost9966 has 120 seconds left.\n|\n|t:|1731143981\n|switch|p1a: Kingdra|Kingdra, L84, M, tera:Water|150/263\n|move|p2a: Zapdos|Thunderbolt|p1a: Kingdra\n|-supereffective|p1a: Kingdra\n|-damage|p1a: Kingdra|0 fnt\n|faint|p1a: Kingdra\n|\n|-weather|none\n|upkeep\n|\n|t:|1731143983\n|switch|p1a: Staraptor|Staraptor, L79, F|263/263\n|turn|27\n|\n|t:|1731143992\n|switch|p2a: Regidrago|Regidrago, L77|381/435\n|-damage|p2a: Regidrago|327/435|[from] Stealth Rock\n|move|p1a: Staraptor|Double-Edge|p2a: Regidrago\n|-damage|p2a: Regidrago|0 fnt\n|faint|p2a: Regidrago\n|-damage|p1a: Staraptor|155/263|[from] Recoil\n|\n|upkeep\n|\n|t:|1731144000\n|switch|p2a: Espeon|Espeon, L84, F|246/246\n|-damage|p2a: Espeon|216/246|[from] Stealth Rock\n|turn|28\n|\n|t:|1731144024\n|switch|p2a: Zapdos|Zapdos, L78|199/268\n|switch|p1a: Skarmory|Skarmory, L80, F|235/235\n|\n|upkeep\n|turn|29\n|\n|t:|1731144034\n|switch|p1a: Ogerpon|Ogerpon, L80, F|259/259\n|move|p2a: Zapdos|Thunderbolt|p1a: Ogerpon\n|-resisted|p1a: Ogerpon\n|-damage|p1a: Ogerpon|205/259\n|\n|upkeep\n|turn|30\n|\n|t:|1731144044\n|move|p1a: Ogerpon|Knock Off|p2a: Zapdos\n|-crit|p2a: Zapdos\n|-damage|p2a: Zapdos|33/268\n|-enditem|p2a: Zapdos|Heavy-Duty Boots|[from] move: Knock Off|[of] p1a: Ogerpon\n|-damage|p1a: Ogerpon|180/259|[from] item: Life Orb\n|move|p2a: Zapdos|Roost|p2a: Zapdos\n|-heal|p2a: Zapdos|167/268\n|-singleturn|p2a: Zapdos|move: Roost\n|\n|upkeep\n|turn|31\n|\n|t:|1731144052\n|move|p1a: Ogerpon|Swords Dance|p1a: Ogerpon\n|-boost|p1a: Ogerpon|atk|2\n|move|p2a: Zapdos|Hurricane|p1a: Ogerpon|[miss]\n|-miss|p2a: Zapdos|p1a: Ogerpon\n|\n|upkeep\n|turn|32\n|\n|t:|1731144063\n|move|p1a: Ogerpon|Knock Off|p2a: Zapdos\n|-crit|p2a: Zapdos\n|-damage|p2a: Zapdos|0 fnt\n|-status|p1a: Ogerpon|par|[from] ability: Static|[of] p2a: Zapdos\n|faint|p2a: Zapdos\n|-damage|p1a: Ogerpon|155/259 par|[from] item: Life Orb\n|\n|upkeep\n|c|\u2606useemstohavefun|2 crits ....\n|inactive|useemstohavefun has 120 seconds left.\n|c|\u2606LittleGhost9966|i kinda needed every help i can get lol\n|inactive|useemstohavefun has 90 seconds left.\n|\n|t:|1731144125\n|switch|p2a: Espeon|Espeon, L84, F|216/246\n|-damage|p2a: Espeon|186/246|[from] Stealth Rock\n|turn|33\n|\n|t:|1731144133\n|move|p2a: Espeon|Psyshock|p1a: Ogerpon\n|-damage|p1a: Ogerpon|17/259 par\n|-damage|p2a: Espeon|162/246|[from] item: Life Orb\n|cant|p1a: Ogerpon|par\n|\n|upkeep\n|turn|34\n|\n|t:|1731144143\n|move|p2a: Espeon|Psyshock|p1a: Ogerpon\n|-damage|p1a: Ogerpon|0 fnt\n|faint|p1a: Ogerpon\n|-damage|p2a: Espeon|138/246|[from] item: Life Orb\n|\n|upkeep\n|c|\u2606LittleGhost9966|good bye, ogrepon\n|\n|t:|1731144158\n|switch|p1a: Skarmory|Skarmory, L80, F|235/235\n|turn|35\n|\n|t:|1731144162\n|move|p2a: Espeon|Morning Sun|p2a: Espeon\n|-heal|p2a: Espeon|246/246\n|move|p1a: Skarmory|Brave Bird|p2a: Espeon\n|-damage|p2a: Espeon|102/246\n|-damage|p1a: Skarmory|187/235|[from] Recoil\n|\n|-heal|p1a: Skarmory|201/235|[from] item: Leftovers\n|upkeep\n|turn|36\n|\n|t:|1731144168\n|move|p2a: Espeon|Morning Sun|p2a: Espeon\n|-heal|p2a: Espeon|225/246\n|move|p1a: Skarmory|Brave Bird|p2a: Espeon\n|-damage|p2a: Espeon|89/246\n|-damage|p1a: Skarmory|156/235|[from] Recoil\n|\n|-heal|p1a: Skarmory|170/235|[from] item: Leftovers\n|upkeep\n|turn|37\n|\n|t:|1731144172\n|move|p2a: Espeon|Morning Sun|p2a: Espeon\n|-heal|p2a: Espeon|212/246\n|move|p1a: Skarmory|Brave Bird|p2a: Espeon\n|-damage|p2a: Espeon|73/246\n|-damage|p1a: Skarmory|124/235|[from] Recoil\n|\n|-heal|p1a: Skarmory|138/235|[from] item: Leftovers\n|upkeep\n|turn|38\n|\n|t:|1731144178\n|move|p2a: Espeon|Morning Sun|p2a: Espeon\n|-heal|p2a: Espeon|196/246\n|move|p1a: Skarmory|Brave Bird|p2a: Espeon\n|-damage|p2a: Espeon|55/246\n|-damage|p1a: Skarmory|91/235|[from] Recoil\n|\n|-heal|p1a: Skarmory|105/235|[from] item: Leftovers\n|upkeep\n|turn|39\n|\n|t:|1731144183\n|move|p2a: Espeon|Morning Sun|p2a: Espeon\n|-heal|p2a: Espeon|178/246\n|move|p1a: Skarmory|Roost|p1a: Skarmory\n|-heal|p1a: Skarmory|223/235\n|-singleturn|p1a: Skarmory|move: Roost\n|\n|-heal|p1a: Skarmory|235/235|[from] item: Leftovers\n|upkeep\n|turn|40\n|\n|t:|1731144191\n|move|p2a: Espeon|Calm Mind|p2a: Espeon\n|-boost|p2a: Espeon|spa|1\n|-boost|p2a: Espeon|spd|1\n|move|p1a: Skarmory|Brave Bird|p2a: Espeon\n|-damage|p2a: Espeon|36/246\n|-damage|p1a: Skarmory|188/235|[from] Recoil\n|\n|-heal|p1a: Skarmory|202/235|[from] item: Leftovers\n|upkeep\n|turn|41\n|\n|t:|1731144197\n|move|p2a: Espeon|Morning Sun|p2a: Espeon\n|-heal|p2a: Espeon|159/246\n|move|p1a: Skarmory|Brave Bird|p2a: Espeon\n|-crit|p2a: Espeon\n|-damage|p2a: Espeon|0 fnt\n|faint|p2a: Espeon\n|-damage|p1a: Skarmory|150/235|[from] Recoil\n|\n|-heal|p1a: Skarmory|164/235|[from] item: Leftovers\n|upkeep\n|\n|t:|1731144202\n|switch|p2a: Frosmoth|Frosmoth, L82, F|249/249\n|turn|42\n|c|\u2606LittleGhost9966|yeah i think i still lose\n|c|\u2606LittleGhost9966|gg\n|\n|t:|1731144230\n|-terastallize|p2a: Frosmoth|Water\n|move|p1a: Skarmory|Brave Bird|p2a: Frosmoth\n|-damage|p2a: Frosmoth|113/249\n|-damage|p1a: Skarmory|119/235|[from] Recoil\n|move|p2a: Frosmoth|Quiver Dance|p2a: Frosmoth\n|-boost|p2a: Frosmoth|spa|1\n|-boost|p2a: Frosmoth|spd|1\n|-boost|p2a: Frosmoth|spe|1\n|\n|-heal|p1a: Skarmory|133/235|[from] item: Leftovers\n|upkeep\n|turn|43\n|\n|t:|1731144236\n|move|p2a: Frosmoth|Ice Beam|p1a: Skarmory\n|-damage|p1a: Skarmory|0 fnt\n|faint|p1a: Skarmory\n|\n|upkeep\n|\n|t:|1731144238\n|switch|p1a: Staraptor|Staraptor, L79, F|155/263\n|turn|44\n|\n|t:|1731144242\n|move|p2a: Frosmoth|Ice Beam|p1a: Staraptor\n|-supereffective|p1a: Staraptor\n|-damage|p1a: Staraptor|0 fnt\n|faint|p1a: Staraptor\n|\n|win|useemstohavefun\n|raw|LittleGhost9966's rating: 2257 &rarr; <strong>2242</strong><br />(-15 for losing)\n|raw|useemstohavefun's rating: 2338 &rarr; <strong>2353</strong><br />(+15 for winning)\n|c|\u2606useemstohavefun|gg\n|l|\u2606LittleGhost9966\n|player|p1|\n", "inputlog": ">version 6cf2ed9506aaf20327444a00a9388215acbf9fb2\n>start {\"formatid\":\"gen9randombattle\",\"seed\":[29900,9873,26750,15571],\"rated\":\"Rated battle\"}\n>player p1 {\"name\":\"LittleGhost9966\",\"avatar\":\"gambler\",\"rating\":2257,\"seed\":[60346,20157,8994,9537]}\n>player p2 {\"name\":\"useemstohavefun\",\"avatar\":\"thorton\",\"rating\":2338,\"seed\":[9012,13635,3437,3532]}\n>p1 switch 3\n>p2 move irondefense\n>p1 move earthquake\n>p2 switch 6\n>p1 move stealthrock\n>p2 move hurricane\n>p1 switch 6\n>p2 move hurricane\n>p1 move substitute\n>p2 switch 6\n>p1 move knockoff\n>p2 move bodypress\n>p1 switch 6\n>p2 move irondefense\n>p1 move earthquake\n>p2 move ironhead\n>p1 move dynamicpunch\n>p2 switch 6\n>p1 move poltergeist\n>p2 move hurricane\n>p1 switch 5\n>p1 move doubleedge\n>p2 switch 5\n>p1 switch 6\n>p2 move calmmind\n>p1 move knockoff\n>p2 move airslash\n>p1 move knockoff\n>p2 move strengthsap\n>chat \u2606LittleGhost9966|so strenght sap still heals from the full atk stat?\n>chat \u2606LittleGhost9966|damn slow start really sucks\n>chat \u2606useemstohavefun|yup\n>chat \u2606useemstohavefun|or else regigigas is too OP\n>chat \u2606LittleGhost9966|honestly, gg i think\n>chat \u2606useemstohavefun|the same with slaking\n>p1 move knockoff\n>p2 move airslash\n>p1 move knockoff\n>p2 move airslash\n>p1 move protect\n>p2 move airslash\n>p1 move knockoff\n>p2 move strengthsap\n>p1 move knockoff\n>p2 move airslash\n>p1 move knockoff\n>p2 move airslash\n>p1 move knockoff\n>p2 move airslash\n>p1 switch 3\n>p1 move raindance\n>p2 move strengthsap\n>p1 move wavecrash terastallize\n>p2 move strengthsap\n>chat \u2606LittleGhost9966|ok i was expecting it would heal more, but i won't complain\n>p2 switch 3\n>p1 switch 4\n>p2 switch 6\n>p1 move bodypress\n>p2 move irondefense\n>p2 switch 5\n>p1 switch 4\n>p2 move thunderbolt\n>p1 switch 6\n>p1 move doubleedge\n>p2 switch 6\n>p2 switch 2\n>p1 switch 4\n>p2 switch 6\n>p1 switch 2\n>p2 move thunderbolt\n>p1 move knockoff\n>p2 move roost\n>p1 move swordsdance\n>p2 move hurricane\n>p1 move knockoff\n>p2 move hurricane\n>chat \u2606useemstohavefun|2 crits ....\n>chat \u2606LittleGhost9966|i kinda needed every help i can get lol\n>p2 switch 6\n>p1 move ivycudgel\n>p2 move psyshock\n>p1 move ivycudgel\n>p2 move psyshock\n>chat \u2606LittleGhost9966|good bye, ogrepon\n>p1 switch 2\n>p1 move bravebird\n>p2 move morningsun\n>p1 move bravebird\n>p2 move morningsun\n>p1 move bravebird\n>p2 move morningsun\n>p1 move bravebird\n>p2 move morningsun\n>p1 move roost\n>p2 move morningsun\n>p1 move bravebird\n>p2 move calmmind\n>p1 move bravebird\n>p2 move morningsun\n>p2 switch 4\n>chat \u2606LittleGhost9966|yeah i think i still lose\n>chat \u2606LittleGhost9966|gg\n>p1 move bravebird\n>p2 move quiverdance terastallize\n>p1 move bravebird\n>p2 move icebeam\n>p1 switch 4\n>p1 move closecombat\n>p2 move icebeam", "uploadtime": 1731144249, "views": 34, "formatid": "gen9randombattle", "rating": 2242, "private": 0, "password": null}