{"id": "gen9randombattle-2260684789", "format": "[Gen 9] Random Battle", "players": ["thelasttheory", "RingerRings"], "log": "|j|\u2606thelasttheory\n|j|\u2606RingerRings\n|t:|1733878168\n|gametype|singles\n|player|p1|thelasttheory|170|1469\n|player|p2|RingerRings|169|1473\n|teamsize|p1|6\n|teamsize|p2|6\n|gen|9\n|tier|[Gen 9] Random Battle\n|rated|\n|rule|Species Clause: Limit one of each Pok\u00e9mon\n|rule|HP Percentage Mod: HP is shown in percentages\n|rule|Sleep Clause Mod: Limit one foe put to sleep\n|rule|Illusion Level Mod: Illusion disguises the Pok\u00e9mon's true level\n|\n|t:|1733878168\n|start\n|switch|p1a: Sandy Shocks|Sandy Shocks, L80|267/267\n|switch|p2a: Lokix|Lokix, L82, M|251/251\n|turn|1\n|inactive|Battle timer is ON: inactive players will automatically lose when time's up. (requested by thelasttheory)\n|\n|t:|1733878192\n|move|p2a: Lokix|First Impression|p1a: Sandy Shocks\n|-damage|p1a: Sandy Shocks|158/267\n|-damage|p2a: Lokix|226/251|[from] item: Life Orb\n|move|p1a: Sandy Shocks|Thunder Wave|p2a: Lokix\n|-status|p2a: Lokix|par\n|\n|upkeep\n|turn|2\n|\n|t:|1733878203\n|move|p1a: Sandy Shocks|Volt Switch|p2a: Lokix\n|-damage|p2a: Lokix|108/251 par\n|\n|t:|1733878212\n|-end|p1a: Sandy Shocks|Protosynthesis|[silent]\n|switch|p1a: Probopass|Probopass, L92, F|260/260|[from] Volt Switch\n|cant|p2a: Lokix|par\n|\n|upkeep\n|turn|3\n|\n|t:|1733878222\n|switch|p2a: Arbok|Arbok, L87, F|246/246\n|-ability|p2a: Arbok|Intimidate|boost\n|-unboost|p1a: Probopass|atk|1\n|move|p1a: Probopass|Iron Defense|p1a: Probopass\n|-boost|p1a: Probopass|def|2\n|\n|upkeep\n|turn|4\n|\n|t:|1733878236\n|move|p2a: Arbok|Earthquake|p1a: Probopass\n|-supereffective|p1a: Probopass\n|-crit|p1a: Probopass\n|-damage|p1a: Probopass|0 fnt\n|faint|p1a: Probopass\n|\n|upkeep\n|\n|t:|1733878251\n|switch|p1a: Luvdisc|Luvdisc, F|247/247\n|turn|5\n|\n|t:|1733878264\n|move|p1a: Luvdisc|Whirlpool|p2a: Arbok\n|-damage|p2a: Arbok|213/246\n|-activate|p2a: Arbok|move: Whirlpool|[of] p1a: Luvdisc\n|move|p2a: Arbok|Trailblaze|p1a: Luvdisc\n|-supereffective|p1a: Luvdisc\n|-damage|p1a: Luvdisc|165/247\n|-boost|p2a: Arbok|spe|1\n|\n|-heal|p2a: Arbok|228/246|[from] item: Leftovers\n|-damage|p2a: Arbok|198/246|[from] move: Whirlpool|[partiallytrapped]\n|upkeep\n|turn|6\n|\n|t:|1733878282\n|switch|p1a: Snorlax|Snorlax, L82, F|397/397\n|move|p2a: Arbok|Gunk Shot|p1a: Snorlax\n|-damage|p1a: Snorlax|226/397\n|\n|-heal|p2a: Arbok|213/246|[from] item: Leftovers\n|-heal|p1a: Snorlax|250/397|[from] item: Leftovers\n|-end|p2a: Arbok|Whirlpool|[partiallytrapped]|[silent]\n|upkeep\n|turn|7\n|\n|t:|1733878292\n|switch|p2a: Okidogi|Okidogi, L77, M|262/262\n|move|p1a: Snorlax|Earthquake|p2a: Okidogi\n|-supereffective|p2a: Okidogi\n|-damage|p2a: Okidogi|138/262\n|\n|-heal|p1a: Snorlax|274/397|[from] item: Leftovers\n|upkeep\n|turn|8\n|\n|t:|1733878303\n|switch|p1a: Pecharunt|Pecharunt, L77|262/262\n|move|p2a: Okidogi|Drain Punch|p1a: Pecharunt\n|-immune|p1a: Pecharunt\n|\n|upkeep\n|turn|9\n|\n|t:|1733878311\n|move|p1a: Pecharunt|Shadow Ball|p2a: Okidogi\n|-damage|p2a: Okidogi|89/262\n|move|p2a: Okidogi|Knock Off|p1a: Pecharunt\n|-supereffective|p1a: Pecharunt\n|-damage|p1a: Pecharunt|162/262\n|-damage|p2a: Okidogi|46/262|[from] item: Rocky Helmet|[of] p1a: Pecharunt\n|-enditem|p1a: Pecharunt|Rocky Helmet|[from] move: Knock Off|[of] p2a: Okidogi\n|\n|upkeep\n|turn|10\n|\n|t:|1733878326\n|switch|p2a: Lokix|Lokix, L82, M|108/251 par\n|move|p1a: Pecharunt|Recover|p1a: Pecharunt\n|-heal|p1a: Pecharunt|262/262\n|\n|upkeep\n|turn|11\n|\n|t:|1733878335\n|move|p1a: Pecharunt|Malignant Chain|p2a: Lokix\n|-damage|p2a: Lokix|0 fnt\n|faint|p2a: Lokix\n|\n|upkeep\n|inactive|RingerRings has 120 seconds left.\n|\n|t:|1733878363\n|switch|p2a: Gumshoos|Gumshoos, L95, F|321/321\n|turn|12\n|inactive|RingerRings has 120 seconds left.\n|\n|t:|1733878373\n|move|p1a: Pecharunt|Malignant Chain|p2a: Gumshoos\n|-damage|p2a: Gumshoos|227/321\n|move|p2a: Gumshoos|Knock Off|p1a: Pecharunt\n|-supereffective|p1a: Pecharunt\n|-damage|p1a: Pecharunt|130/262\n|\n|upkeep\n|turn|13\n|\n|t:|1733878383\n|switch|p2a: Okidogi|Okidogi, L77, M|46/262\n|move|p1a: Pecharunt|Recover|p1a: Pecharunt\n|-heal|p1a: Pecharunt|261/262\n|\n|upkeep\n|turn|14\n|\n|t:|1733878391\n|move|p1a: Pecharunt|Shadow Ball|p2a: Okidogi\n|-damage|p2a: Okidogi|0 fnt\n|faint|p2a: Okidogi\n|\n|upkeep\n|\n|t:|1733878404\n|switch|p2a: Kleavor|Kleavor, L78, M|237/237\n|turn|15\n|\n|t:|1733878412\n|move|p1a: Pecharunt|Parting Shot|p2a: Kleavor\n|-unboost|p2a: Kleavor|atk|1\n|-unboost|p2a: Kleavor|spa|1\n|\n|t:|1733878415\n|switch|p1a: Luvdisc|Luvdisc, F|165/247|[from] Parting Shot\n|move|p2a: Kleavor|Stone Axe|p1a: Luvdisc\n|-damage|p1a: Luvdisc|72/247\n|-sidestart|p1: thelasttheory|move: Stealth Rock\n|\n|upkeep\n|turn|16\n|\n|t:|1733878435\n|switch|p2a: Arbok|Arbok, L87, F|213/246\n|-ability|p2a: Arbok|Intimidate|boost\n|-unboost|p1a: Luvdisc|atk|1\n|move|p1a: Luvdisc|Surf|p2a: Arbok\n|-damage|p2a: Arbok|132/246\n|\n|-heal|p2a: Arbok|147/246|[from] item: Leftovers\n|upkeep\n|turn|17\n|\n|t:|1733878447\n|move|p1a: Luvdisc|Endeavor|p2a: Arbok\n|-damage|p2a: Arbok|72/246\n|move|p2a: Arbok|Earthquake|p1a: Luvdisc\n|-damage|p1a: Luvdisc|0 fnt\n|faint|p1a: Luvdisc\n|\n|-heal|p2a: Arbok|87/246|[from] item: Leftovers\n|upkeep\n|\n|t:|1733878462\n|switch|p1a: Deoxys|Deoxys-Defense, L84|221/221\n|-damage|p1a: Deoxys|194/221|[from] Stealth Rock\n|-ability|p1a: Deoxys|Pressure\n|turn|18\n|\n|t:|1733878472\n|switch|p2a: Kleavor|Kleavor, L78, M|237/237\n|move|p1a: Deoxys|Psychic Noise|p2a: Kleavor\n|-damage|p2a: Kleavor|159/237\n|-start|p2a: Kleavor|move: Heal Block\n|\n|upkeep\n|turn|19\n|\n|t:|1733878480\n|switch|p1a: Pecharunt|Pecharunt, L77|261/262\n|-damage|p1a: Pecharunt|229/262|[from] Stealth Rock\n|move|p2a: Kleavor|X-Scissor|p1a: Pecharunt\n|-resisted|p1a: Pecharunt\n|-damage|p1a: Pecharunt|207/262\n|\n|-end|p2a: Kleavor|move: Heal Block\n|upkeep\n|turn|20\n|\n|t:|1733878491\n|move|p1a: Pecharunt|Shadow Ball|p2a: Kleavor\n|-damage|p2a: Kleavor|78/237\n|move|p2a: Kleavor|Stone Axe|p1a: Pecharunt\n|-damage|p1a: Pecharunt|131/262\n|\n|upkeep\n|turn|21\n|\n|t:|1733878501\n|switch|p2a: Gumshoos|Gumshoos, L95, F|227/321\n|move|p1a: Pecharunt|Shadow Ball|p2a: Gumshoos\n|-immune|p2a: Gumshoos\n|\n|upkeep\n|turn|22\n|\n|t:|1733878510\n|-terastallize|p1a: Pecharunt|Dark\n|move|p1a: Pecharunt|Recover|p1a: Pecharunt\n|-heal|p1a: Pecharunt|262/262\n|move|p2a: Gumshoos|Knock Off|p1a: Pecharunt\n|-resisted|p1a: Pecharunt\n|-damage|p1a: Pecharunt|230/262\n|\n|upkeep\n|turn|23\n|\n|t:|1733878522\n|switch|p2a: Cobalion|Cobalion, L80|277/277\n|move|p1a: Pecharunt|Malignant Chain|p2a: Cobalion\n|-immune|p2a: Cobalion\n|\n|upkeep\n|turn|24\n|\n|t:|1733878532\n|move|p2a: Cobalion|Calm Mind|p2a: Cobalion\n|-boost|p2a: Cobalion|spa|1\n|-boost|p2a: Cobalion|spd|1\n|move|p1a: Pecharunt|Parting Shot|p2a: Cobalion\n|-unboost|p2a: Cobalion|atk|1\n|-unboost|p2a: Cobalion|spa|1\n|\n|t:|1733878542\n|switch|p1a: Sandy Shocks|Sandy Shocks, L80|158/267|[from] Parting Shot\n|\n|upkeep\n|turn|25\n|\n|t:|1733878557\n|move|p2a: Cobalion|Aura Sphere|p1a: Sandy Shocks\n|-damage|p1a: Sandy Shocks|74/267\n|move|p1a: Sandy Shocks|Thunder Wave|p2a: Cobalion\n|-status|p2a: Cobalion|par\n|\n|upkeep\n|turn|26\n|\n|t:|1733878564\n|move|p1a: Sandy Shocks|Thunderbolt|p2a: Cobalion\n|-damage|p2a: Cobalion|199/277 par\n|move|p2a: Cobalion|Aura Sphere|p1a: Sandy Shocks\n|-damage|p1a: Sandy Shocks|0 fnt\n|faint|p1a: Sandy Shocks\n|-end|p1a: Sandy Shocks|Protosynthesis|[silent]\n|\n|-heal|p2a: Cobalion|216/277 par|[from] item: Leftovers\n|upkeep\n|\n|t:|1733878572\n|switch|p1a: Snorlax|Snorlax, L82, F|274/397\n|-damage|p1a: Snorlax|225/397|[from] Stealth Rock\n|turn|27\n|\n|t:|1733878577\n|move|p2a: Cobalion|Vacuum Wave|p1a: Snorlax\n|-supereffective|p1a: Snorlax\n|-damage|p1a: Snorlax|159/397\n|move|p1a: Snorlax|Earthquake|p2a: Cobalion\n|-supereffective|p2a: Cobalion\n|-damage|p2a: Cobalion|98/277 par\n|\n|-heal|p2a: Cobalion|115/277 par|[from] item: Leftovers\n|-heal|p1a: Snorlax|183/397|[from] item: Leftovers\n|upkeep\n|turn|28\n|\n|t:|1733878585\n|move|p2a: Cobalion|Aura Sphere|p1a: Snorlax\n|-supereffective|p1a: Snorlax\n|-damage|p1a: Snorlax|55/397\n|move|p1a: Snorlax|Earthquake|p2a: Cobalion\n|-supereffective|p2a: Cobalion\n|-damage|p2a: Cobalion|5/277 par\n|\n|-heal|p2a: Cobalion|22/277 par|[from] item: Leftovers\n|-heal|p1a: Snorlax|79/397|[from] item: Leftovers\n|upkeep\n|turn|29\n|\n|t:|1733878595\n|move|p2a: Cobalion|Flash Cannon|p1a: Snorlax\n|-damage|p1a: Snorlax|16/397\n|move|p1a: Snorlax|Earthquake|p2a: Cobalion\n|-supereffective|p2a: Cobalion\n|-damage|p2a: Cobalion|0 fnt\n|faint|p2a: Cobalion\n|\n|-heal|p1a: Snorlax|40/397|[from] item: Leftovers\n|upkeep\n|\n|t:|1733878599\n|switch|p2a: Kleavor|Kleavor, L78, M|78/237\n|turn|30\n|\n|t:|1733878608\n|move|p2a: Kleavor|Stone Axe|p1a: Snorlax\n|-damage|p1a: Snorlax|0 fnt\n|faint|p1a: Snorlax\n|\n|upkeep\n|\n|t:|1733878617\n|switch|p1a: Pecharunt|Pecharunt, L77, tera:Dark|230/262\n|-damage|p1a: Pecharunt|198/262|[from] Stealth Rock\n|turn|31\n|\n|t:|1733878630\n|move|p1a: Pecharunt|Shadow Ball|p2a: Kleavor\n|-damage|p2a: Kleavor|0 fnt\n|faint|p2a: Kleavor\n|\n|upkeep\n|\n|t:|1733878638\n|switch|p2a: Arbok|Arbok, L87, F|87/246\n|-ability|p2a: Arbok|Intimidate|boost\n|-unboost|p1a: Pecharunt|atk|1\n|turn|32\n|\n|t:|1733878642\n|move|p2a: Arbok|Gunk Shot|p1a: Pecharunt\n|-damage|p1a: Pecharunt|111/262\n|move|p1a: Pecharunt|Shadow Ball|p2a: Arbok\n|-damage|p2a: Arbok|15/246\n|\n|-heal|p2a: Arbok|30/246|[from] item: Leftovers\n|upkeep\n|turn|33\n|\n|t:|1733878650\n|move|p2a: Arbok|Gunk Shot|p1a: Pecharunt\n|-damage|p1a: Pecharunt|20/262\n|move|p1a: Pecharunt|Recover|p1a: Pecharunt\n|-heal|p1a: Pecharunt|151/262\n|\n|-heal|p2a: Arbok|45/246|[from] item: Leftovers\n|upkeep\n|turn|34\n|\n|t:|1733878661\n|move|p2a: Arbok|Coil|p2a: Arbok\n|-boost|p2a: Arbok|atk|1\n|-boost|p2a: Arbok|def|1\n|-boost|p2a: Arbok|accuracy|1\n|move|p1a: Pecharunt|Shadow Ball|p2a: Arbok\n|-damage|p2a: Arbok|0 fnt\n|faint|p2a: Arbok\n|\n|upkeep\n|\n|t:|1733878666\n|switch|p2a: Gumshoos|Gumshoos, L95, F|227/321\n|turn|35\n|\n|t:|1733878672\n|-terastallize|p2a: Gumshoos|Normal\n|move|p1a: Pecharunt|Parting Shot|p2a: Gumshoos\n|-unboost|p2a: Gumshoos|atk|1\n|-unboost|p2a: Gumshoos|spa|1\n|\n|t:|1733878676\n|switch|p1a: Deoxys|Deoxys-Defense, L84|194/221|[from] Parting Shot\n|-damage|p1a: Deoxys|167/221|[from] Stealth Rock\n|-ability|p1a: Deoxys|Pressure\n|move|p2a: Gumshoos|Double-Edge|p1a: Deoxys\n|-damage|p1a: Deoxys|0 fnt\n|-damage|p2a: Gumshoos|174/321|[from] item: Rocky Helmet|[of] p1a: Deoxys\n|faint|p1a: Deoxys\n|-damage|p2a: Gumshoos|119/321|[from] Recoil\n|\n|upkeep\n|\n|t:|1733878687\n|switch|p1a: Pecharunt|Pecharunt, L77, tera:Dark|151/262\n|-damage|p1a: Pecharunt|119/262|[from] Stealth Rock\n|turn|36\n|\n|t:|1733878692\n|move|p1a: Pecharunt|Malignant Chain|p2a: Gumshoos\n|-damage|p2a: Gumshoos|26/321\n|-status|p2a: Gumshoos|tox\n|-start|p2a: Gumshoos|confusion|[from] ability: Poison Puppeteer|[of] p1a: Pecharunt\n|-activate|p2a: Gumshoos|confusion\n|move|p2a: Gumshoos|Double-Edge|p1a: Pecharunt\n|-damage|p1a: Pecharunt|0 fnt\n|faint|p1a: Pecharunt\n|-damage|p2a: Gumshoos|0 fnt|[from] Recoil\n|faint|p2a: Gumshoos\n|\n|win|RingerRings\n|raw|thelasttheory's rating: 1469 &rarr; <strong>1449</strong><br />(-20 for losing)\n|raw|RingerRings's rating: 1473 &rarr; <strong>1493</strong><br />(+20 for winning)\n|l|\u2606thelasttheory\n|player|p1|\n", "inputlog": ">version bfd83cad13791eb5a5a409923076391caf6fb4d4\n>start {\"formatid\":\"gen9randombattle\",\"seed\":[50534,59540,28221,9029],\"rated\":\"Rated battle\"}\n>player p1 {\"name\":\"thelasttheory\",\"avatar\":\"170\",\"rating\":1469,\"seed\":[11809,13932,62391,39915]}\n>player p2 {\"name\":\"RingerRings\",\"avatar\":\"169\",\"rating\":1473,\"seed\":[56639,58226,59280,3448]}\n>p1 move thunderwave\n>p2 move firstimpression\n>p1 move voltswitch\n>p2 move knockoff\n>p1 switch 4\n>p1 move irondefense\n>p2 switch 4\n>p1 move thunderwave\n>p2 move earthquake\n>p1 switch 6\n>p1 move whirlpool\n>p2 move trailblaze\n>p1 switch 5\n>p2 move gunkshot\n>p1 move earthquake\n>p2 switch 2\n>p1 switch 3\n>p2 move drainpunch\n>p1 move shadowball\n>p2 move knockoff\n>p1 move recover\n>p2 switch 4\n>p1 move malignantchain\n>p2 move knockoff\n>p2 switch 6\n>p1 move malignantchain\n>p2 move knockoff\n>p1 move recover\n>p2 switch 4\n>p1 move shadowball\n>p2 move knockoff\n>p2 switch 5\n>p1 move partingshot\n>p2 move stoneaxe\n>p1 switch 5\n>p1 move surf\n>p2 switch 2\n>p1 move endeavor\n>p2 move earthquake\n>p1 switch 2\n>p1 move psychicnoise\n>p2 switch 2\n>p1 switch 5\n>p2 move xscissor\n>p1 move shadowball\n>p2 move stoneaxe\n>p1 move shadowball\n>p2 switch 4\n>p1 move recover terastallize\n>p2 move knockoff\n>p1 move malignantchain\n>p2 switch 3\n>p1 move partingshot\n>p2 move calmmind\n>p1 switch 4\n>p1 move thunderwave\n>p2 move aurasphere\n>p1 move thunderbolt\n>p2 move aurasphere\n>p1 switch 3\n>p1 move earthquake\n>p2 move vacuumwave\n>p1 move earthquake\n>p2 move aurasphere\n>p1 move earthquake\n>p2 move flashcannon\n>p2 switch 4\n>p1 move earthquake\n>p2 move stoneaxe\n>p1 switch 4\n>p1 move shadowball\n>p2 move xscissor\n>p2 switch 2\n>p1 move shadowball\n>p2 move gunkshot\n>p1 move recover\n>p2 move gunkshot\n>p1 move shadowball\n>p2 move coil\n>p2 switch 3\n>p1 move partingshot\n>p2 move doubleedge terastallize\n>p1 switch 5\n>p1 switch 5\n>p1 move malignantchain\n>p2 move doubleedge", "uploadtime": 1733878796, "views": 8, "formatid": "gen9randombattle", "rating": 1449, "private": 0, "password": null}