{"id": "gen9randombattle-2258644230", "format": "[Gen 9] Random Battle", "players": ["Gloriousplays", "Saliva Soup"], "log": "|badge|p1|bronze|gen9doublesou|100-3\n|uhtml|medal-msg|<div class=\"broadcast-blue\">Curious what those medals under the avatar are? PS now has Ladder Seasons! For more information, check out the <a href=\"https://www.smogon.com/forums/threads/3740067/\">thread on Smogon.</a></div>\n|badge|p2|bronze|gen9randombattle|100-3\n|uhtml|medal-msg|<div class=\"broadcast-blue\">Curious what those medals under the avatar are? PS now has Ladder Seasons! For more information, check out the <a href=\"https://www.smogon.com/forums/threads/3740067/\">thread on Smogon.</a></div>\n|j|\u2606Gloriousplays\n|j|\u2606Saliva Soup\n|t:|1733598813\n|gametype|singles\n|player|p1|Gloriousplays|ash|2217\n|player|p2|Saliva Soup|101|2284\n|teamsize|p1|6\n|teamsize|p2|6\n|gen|9\n|tier|[Gen 9] Random Battle\n|rated|\n|rule|Species Clause: Limit one of each Pok\u00e9mon\n|rule|HP Percentage Mod: HP is shown in percentages\n|rule|Sleep Clause Mod: Limit one foe put to sleep\n|rule|Illusion Level Mod: Illusion disguises the Pok\u00e9mon's true level\n|\n|t:|1733598814\n|start\n|switch|p1a: Ambipom|Ambipom, L84, M|263/263\n|switch|p2a: Mew|Mew, L82|298/298\n|turn|1\n|\n|t:|1733598832\n|switch|p2a: Golurk|Golurk, L87|297/297\n|move|p1a: Ambipom|U-turn|p2a: Golurk\n|-resisted|p2a: Golurk\n|-damage|p2a: Golurk|260/297\n|inactive|Battle timer is ON: inactive players will automatically lose when time's up. (requested by Saliva Soup)\n|\n|t:|1733598841\n|switch|p1a: Glalie|Glalie, L96, M|309/309|[from] U-turn\n|\n|upkeep\n|turn|2\n|\n|t:|1733598854\n|switch|p2a: Beartic|Beartic, L91, F|321/321\n|move|p1a: Glalie|Freeze-Dry|p2a: Beartic\n|-resisted|p2a: Beartic\n|-damage|p2a: Beartic|281/321\n|\n|upkeep\n|turn|3\n|\n|t:|1733598859\n|switch|p2a: Espeon|Espeon, L84, M|246/246\n|move|p1a: Glalie|Spikes|p2a: Espeon\n|move|p2a: Espeon|Spikes|p1a: Glalie|[from]ability: Magic Bounce\n|-sidestart|p1: Gloriousplays|Spikes\n|\n|upkeep\n|turn|4\n|\n|t:|1733598863\n|move|p2a: Espeon|Psychic|p1a: Glalie\n|-damage|p1a: Glalie|161/309\n|-damage|p2a: Espeon|222/246|[from] item: Life Orb\n|move|p1a: Glalie|Earthquake|p2a: Espeon\n|-damage|p2a: Espeon|113/246\n|\n|upkeep\n|turn|5\n|\n|t:|1733598866\n|move|p2a: Espeon|Morning Sun|p2a: Espeon\n|-heal|p2a: Espeon|236/246\n|move|p1a: Glalie|Earthquake|p2a: Espeon\n|-damage|p2a: Espeon|127/246\n|\n|upkeep\n|turn|6\n|\n|t:|1733598877\n|move|p2a: Espeon|Psychic|p1a: Glalie\n|-damage|p1a: Glalie|4/309\n|-damage|p2a: Espeon|103/246|[from] item: Life Orb\n|move|p1a: Glalie|Earthquake|p2a: Espeon\n|-damage|p2a: Espeon|0 fnt\n|faint|p2a: Espeon\n|\n|upkeep\n|\n|t:|1733598885\n|switch|p2a: Mew|Mew, L82|298/298\n|turn|7\n|\n|t:|1733598913\n|switch|p1a: Perrserker|Perrserker, L89, F|269/269\n|-damage|p1a: Perrserker|236/269|[from] Spikes\n|move|p2a: Mew|Psychic|p1a: Perrserker\n|-resisted|p1a: Perrserker\n|-damage|p1a: Perrserker|162/269\n|-damage|p2a: Mew|269/298|[from] item: Life Orb\n|\n|upkeep\n|turn|8\n|\n|t:|1733598920\n|move|p2a: Mew|Fire Blast|p1a: Perrserker\n|-supereffective|p1a: Perrserker\n|-damage|p1a: Perrserker|0 fnt\n|faint|p1a: Perrserker\n|-damage|p2a: Mew|240/298|[from] item: Life Orb\n|\n|upkeep\n|\n|t:|1733598939\n|switch|p1a: Ribombee|Ribombee, L82, F|233/233\n|turn|9\n|\n|t:|1733598953\n|move|p1a: Ribombee|Sticky Web|p2a: Mew\n|-sidestart|p2: Saliva Soup|move: Sticky Web\n|move|p2a: Mew|Fire Blast|p1a: Ribombee\n|-supereffective|p1a: Ribombee\n|-damage|p1a: Ribombee|0 fnt\n|faint|p1a: Ribombee\n|-damage|p2a: Mew|211/298|[from] item: Life Orb\n|\n|upkeep\n|\n|t:|1733598959\n|switch|p1a: Oricorio|Oricorio-Pa'u, L87, F|272/272\n|turn|10\n|\n|t:|1733598966\n|switch|p2a: Golurk|Golurk, L87|260/297\n|-activate|p2a: Golurk|move: Sticky Web\n|-unboost|p2a: Golurk|spe|1\n|move|p1a: Oricorio|Quiver Dance|p1a: Oricorio\n|-boost|p1a: Oricorio|spa|1\n|-boost|p1a: Oricorio|spd|1\n|-boost|p1a: Oricorio|spe|1\n|\n|upkeep\n|turn|11\n|\n|t:|1733598972\n|move|p1a: Oricorio|Hurricane|p2a: Golurk\n|-damage|p2a: Golurk|70/297\n|move|p2a: Golurk|Poltergeist|p1a: Oricorio\n|-activate|p1a: Oricorio|move: Poltergeist|Heavy-Duty Boots\n|-supereffective|p1a: Oricorio\n|-damage|p1a: Oricorio|0 fnt\n|faint|p1a: Oricorio\n|-damage|p2a: Golurk|41/297|[from] item: Life Orb\n|\n|upkeep\n|\n|t:|1733598980\n|switch|p1a: Glalie|Glalie, L96, M|4/309\n|turn|12\n|\n|t:|1733598986\n|switch|p2a: Beartic|Beartic, L91, F|281/321\n|move|p1a: Glalie|Spikes|p2a: Beartic\n|-sidestart|p2: Saliva Soup|Spikes\n|\n|upkeep\n|turn|13\n|\n|t:|1733598990\n|move|p1a: Glalie|Spikes|p2a: Beartic\n|-sidestart|p2: Saliva Soup|Spikes\n|move|p2a: Beartic|Swords Dance|p2a: Beartic\n|-boost|p2a: Beartic|atk|2\n|\n|upkeep\n|turn|14\n|\n|t:|1733598992\n|move|p1a: Glalie|Disable|p2a: Beartic\n|-start|p2a: Beartic|Disable|Swords Dance\n|move|p2a: Beartic|Snowscape|p2a: Beartic\n|-weather|Snow\n|\n|-weather|Snow|[upkeep]\n|upkeep\n|turn|15\n|\n|t:|1733598999\n|move|p2a: Beartic|Icicle Crash|p1a: Glalie\n|-resisted|p1a: Glalie\n|-damage|p1a: Glalie|0 fnt\n|faint|p1a: Glalie\n|\n|-weather|Snow|[upkeep]\n|upkeep\n|\n|t:|1733599001\n|switch|p1a: Kingdra|Kingdra, L84, F|263/263\n|-damage|p1a: Kingdra|231/263|[from] Spikes\n|turn|16\n|\n|t:|1733599004\n|-terastallize|p2a: Beartic|Fighting\n|-terastallize|p1a: Kingdra|Water\n|move|p2a: Beartic|Close Combat|p1a: Kingdra\n|-damage|p1a: Kingdra|0 fnt\n|-unboost|p2a: Beartic|def|1\n|-unboost|p2a: Beartic|spd|1\n|faint|p1a: Kingdra\n|\n|-weather|Snow|[upkeep]\n|upkeep\n|\n|t:|1733599006\n|switch|p1a: Ambipom|Ambipom, L84, M|263/263\n|-damage|p1a: Ambipom|231/263|[from] Spikes\n|turn|17\n|\n|t:|1733599010\n|move|p2a: Beartic|Close Combat|p1a: Ambipom\n|-supereffective|p1a: Ambipom\n|-damage|p1a: Ambipom|0 fnt\n|-unboost|p2a: Beartic|def|1\n|-unboost|p2a: Beartic|spd|1\n|faint|p1a: Ambipom\n|\n|win|Saliva Soup\n|raw|Gloriousplays's rating: 2217 &rarr; <strong>2201</strong><br />(-16 for losing)\n|raw|Saliva Soup's rating: 2284 &rarr; <strong>2300</strong><br />(+16 for winning)\n", "inputlog": ">version 233a96b70f833eb131bd84157cd6ea1f74f01810\n>start {\"formatid\":\"gen9randombattle\",\"seed\":[28691,48520,43493,58674],\"rated\":\"Rated battle\"}\n>player p1 {\"name\":\"Gloriousplays\",\"avatar\":\"ash\",\"rating\":2217,\"seed\":[26330,13182,36566,9031]}\n>player p2 {\"name\":\"Saliva Soup\",\"avatar\":\"101\",\"rating\":2284,\"seed\":[31137,29633,54914,40954]}\n>p1 move uturn\n>p2 switch 3\n>p1 switch 2\n>p1 move freezedry\n>p2 switch 2\n>p1 move spikes\n>p2 switch 5\n>p1 move earthquake\n>p2 move psychic\n>p1 move earthquake\n>p2 move morningsun\n>p1 move earthquake\n>p2 move psychic\n>p2 switch 3\n>p1 switch 3\n>p2 move psychic\n>p1 move knockoff\n>p2 move fireblast\n>p1 switch 6\n>p1 move stickyweb\n>p2 move fireblast\n>p1 switch 4\n>p1 move quiverdance\n>p2 switch 2\n>p1 move hurricane\n>p2 move poltergeist\n>p1 switch 3\n>p1 move spikes\n>p2 switch 5\n>p1 move spikes\n>p2 move swordsdance\n>p1 move disable\n>p2 move snowscape\n>p1 move earthquake\n>p2 move iciclecrash\n>p1 switch 5\n>p1 move raindance terastallize\n>p2 move closecombat terastallize\n>p1 switch 2\n>p1 move tripleaxel\n>p2 move closecombat", "uploadtime": 1733599012, "views": 4, "formatid": "gen9randombattle", "rating": 2201, "private": 0, "password": null}