{"id": "gen9randombattle-2159300594", "format": "[Gen 9] Random Battle", "players": ["Elite 4 Anubis", "MichaelderBeste2"], "log": "|badge|p1|bronze|gen9randombattle|100-2\n|uhtml|medal-msg|<div class=\"broadcast-blue\">Curious what those medals under the avatar are? PS now has Ladder Seasons! For more information, check out the <a href=\"https://www.smogon.com/forums/threads/3740067/\">thread on Smogon.</a></div>\n|badge|p2|gold|gen9randombattle|3-2\n|uhtml|medal-msg|<div class=\"broadcast-blue\">Curious what those medals under the avatar are? PS now has Ladder Seasons! For more information, check out the <a href=\"https://www.smogon.com/forums/threads/3740067/\">thread on Smogon.</a></div>\n|j|\u2606Elite 4 Anubis\n|j|\u2606MichaelderBeste2\n|t:|1720734165\n|gametype|singles\n|player|p1|Elite 4 Anubis|265|2347\n|player|p2|MichaelderBeste2|#rbtt7teamdarkrai|2531\n|teamsize|p1|6\n|teamsize|p2|6\n|gen|9\n|tier|[Gen 9] Random Battle\n|rated|\n|rule|Species Clause: Limit one of each Pok\u00e9mon\n|rule|HP Percentage Mod: HP is shown in percentages\n|rule|Sleep Clause Mod: Limit one foe put to sleep\n|rule|Illusion Level Mod: Illusion disguises the Pok\u00e9mon's true level\n|\n|t:|1720734165\n|start\n|switch|p1a: Cinderace|Cinderace, L77, M|249/249\n|switch|p2a: Wugtrio|Wugtrio, L91, F|212/212\n|turn|1\n|j| TiltAccount2\n|inactive|Battle timer is ON: inactive players will automatically lose when time's up. (requested by Elite 4 Anubis)\n|\n|t:|1720734196\n|switch|p1a: Gastrodon|Gastrodon-East, L86, M|331/331\n|move|p2a: Wugtrio|Liquidation|p1a: Gastrodon\n|-ability|p1a: Gastrodon|Storm Drain|boost\n|-boost|p1a: Gastrodon|spa|1\n|\n|upkeep\n|turn|2\n|\n|t:|1720734203\n|switch|p2a: Dipplin|Dipplin, L88, F|284/284\n|move|p1a: Gastrodon|Stealth Rock|p2a: Dipplin\n|-sidestart|p2: MichaelderBeste2|move: Stealth Rock\n|\n|upkeep\n|turn|3\n|inactive|Elite 4 Anubis has 120 seconds left.\n|j| rgyjktktk5\n|\n|t:|1720734243\n|-terastallize|p1a: Gastrodon|Poison\n|move|p2a: Dipplin|Dragon Pulse|p1a: Gastrodon\n|-damage|p1a: Gastrodon|238/331\n|move|p1a: Gastrodon|Ice Beam|p2a: Dipplin\n|-supereffective|p2a: Dipplin\n|-damage|p2a: Dipplin|16/284\n|\n|-heal|p1a: Gastrodon|258/331|[from] item: Leftovers\n|upkeep\n|turn|4\n|inactive|Elite 4 Anubis has 120 seconds left.\n|\n|t:|1720734254\n|move|p2a: Dipplin|Dragon Pulse|p1a: Gastrodon\n|-damage|p1a: Gastrodon|156/331\n|move|p1a: Gastrodon|Ice Beam|p2a: Dipplin\n|-supereffective|p2a: Dipplin\n|-damage|p2a: Dipplin|0 fnt\n|faint|p2a: Dipplin\n|\n|-heal|p1a: Gastrodon|176/331|[from] item: Leftovers\n|upkeep\n|\n|t:|1720734259\n|switch|p2a: Sandy Shocks|Sandy Shocks, L80|267/267\n|turn|5\n|inactive|Elite 4 Anubis has 120 seconds left.\n|\n|t:|1720734272\n|switch|p1a: Flygon|Flygon, L82, M|265/265\n|move|p2a: Sandy Shocks|Earth Power|p1a: Flygon\n|-immune|p1a: Flygon|[from] ability: Levitate\n|\n|upkeep\n|turn|6\n|\n|t:|1720734280\n|move|p1a: Flygon|U-turn|p2a: Sandy Shocks\n|-damage|p2a: Sandy Shocks|216/267\n|j| Royalbloodline\n|inactive|Elite 4 Anubis has 120 seconds left.\n|\n|t:|1720734291\n|switch|p1a: Cinderace|Cinderace, L77, M|249/249|[from] U-turn\n|move|p2a: Sandy Shocks|Spikes|p1a: Cinderace\n|-sidestart|p1: Elite 4 Anubis|Spikes\n|\n|upkeep\n|turn|7\n|\n|t:|1720734295\n|move|p1a: Cinderace|U-turn|p2a: Sandy Shocks\n|-start|p1a: Cinderace|typechange|Bug|[from] ability: Libero\n|-damage|p2a: Sandy Shocks|143/267\n|\n|t:|1720734298\n|switch|p1a: Flygon|Flygon, L82, M|265/265|[from] U-turn\n|move|p2a: Sandy Shocks|Spikes|p1a: Flygon\n|-sidestart|p1: Elite 4 Anubis|Spikes\n|\n|upkeep\n|turn|8\n|\n|t:|1720734302\n|-end|p2a: Sandy Shocks|Protosynthesis|[silent]\n|switch|p2a: Greedent|Greedent, L86, F|347/347\n|-damage|p2a: Greedent|304/347|[from] Stealth Rock\n|move|p1a: Flygon|Earthquake|p2a: Greedent\n|-damage|p2a: Greedent|205/347\n|\n|upkeep\n|turn|9\n|inactive|Elite 4 Anubis has 120 seconds left.\n|\n|t:|1720734340\n|switch|p1a: Conkeldurr|Conkeldurr, L80, M|299/299\n|-damage|p1a: Conkeldurr|250/299|[from] Spikes\n|move|p2a: Greedent|Swords Dance|p2a: Greedent\n|-boost|p2a: Greedent|atk|2\n|\n|-status|p1a: Conkeldurr|brn|[from] item: Flame Orb\n|upkeep\n|turn|10\n|inactive|Elite 4 Anubis has 120 seconds left.\n|\n|t:|1720734346\n|switch|p2a: Sandy Shocks|Sandy Shocks, L80|143/267\n|move|p1a: Conkeldurr|Close Combat|p2a: Sandy Shocks\n|-damage|p2a: Sandy Shocks|0 fnt\n|-unboost|p1a: Conkeldurr|def|1\n|-unboost|p1a: Conkeldurr|spd|1\n|faint|p2a: Sandy Shocks\n|-end|p2a: Sandy Shocks|Protosynthesis|[silent]\n|\n|-damage|p1a: Conkeldurr|232/299 brn|[from] brn\n|upkeep\n|\n|t:|1720734351\n|switch|p2a: Duraludon|Duraludon, L82, M|249/249\n|-damage|p2a: Duraludon|234/249|[from] Stealth Rock\n|turn|11\n|l| rgyjktktk5\n|inactive|Elite 4 Anubis has 120 seconds left.\n|\n|t:|1720734391\n|move|p1a: Conkeldurr|Mach Punch|p2a: Duraludon\n|-supereffective|p2a: Duraludon\n|-damage|p2a: Duraludon|150/249\n|move|p2a: Duraludon|Draco Meteor|p1a: Conkeldurr\n|-damage|p1a: Conkeldurr|0 fnt\n|-unboost|p2a: Duraludon|spa|2\n|faint|p1a: Conkeldurr\n|\n|upkeep\n|\n|t:|1720734399\n|switch|p1a: Flygon|Flygon, L82, M|265/265\n|turn|12\n|\n|t:|1720734407\n|move|p1a: Flygon|U-turn|p2a: Duraludon\n|-resisted|p2a: Duraludon\n|-damage|p2a: Duraludon|136/249\n|\n|t:|1720734412\n|switch|p1a: Phione|Phione, L90|290/290|[from] U-turn\n|-damage|p1a: Phione|242/290|[from] Spikes\n|move|p2a: Duraludon|Draco Meteor|p1a: Phione\n|-damage|p1a: Phione|166/290\n|-unboost|p2a: Duraludon|spa|2\n|\n|-heal|p1a: Phione|184/290|[from] item: Leftovers\n|upkeep\n|turn|13\n|\n|t:|1720734422\n|switch|p2a: Wugtrio|Wugtrio, L91, F|212/212\n|-damage|p2a: Wugtrio|186/212|[from] Stealth Rock\n|move|p1a: Phione|Take Heart|p1a: Phione\n|-boost|p1a: Phione|spa|1\n|-boost|p1a: Phione|spd|1\n|\n|-heal|p1a: Phione|202/290|[from] item: Leftovers\n|upkeep\n|turn|14\n|j| wodkfkkfkrkt\n|\n|t:|1720734430\n|move|p2a: Wugtrio|Throat Chop|p1a: Phione\n|-damage|p1a: Phione|99/290\n|-start|p1a: Phione|Throat Chop|[silent]\n|move|p1a: Phione|Scald|p2a: Wugtrio\n|-resisted|p2a: Wugtrio\n|-damage|p2a: Wugtrio|120/212\n|\n|-heal|p1a: Phione|117/290|[from] item: Leftovers\n|upkeep\n|turn|15\n|inactive|Elite 4 Anubis has 120 seconds left.\n|\n|t:|1720734442\n|switch|p2a: Weavile|Weavile, L79, M|240/240\n|move|p1a: Phione|Scald|p2a: Weavile\n|-damage|p2a: Weavile|110/240\n|\n|-heal|p1a: Phione|135/290|[from] item: Leftovers\n|-end|p1a: Phione|Throat Chop|[silent]\n|upkeep\n|turn|16\n|\n|t:|1720734447\n|move|p2a: Weavile|Knock Off|p1a: Phione\n|-damage|p1a: Phione|26/290\n|-enditem|p1a: Phione|Leftovers|[from] move: Knock Off|[of] p2a: Weavile\n|move|p1a: Phione|Scald|p2a: Weavile\n|-damage|p2a: Weavile|0 fnt\n|faint|p2a: Weavile\n|\n|upkeep\n|\n|t:|1720734452\n|switch|p2a: Wugtrio|Wugtrio, L91, F|120/212\n|-damage|p2a: Wugtrio|94/212|[from] Stealth Rock\n|turn|17\n|\n|t:|1720734456\n|move|p2a: Wugtrio|Throat Chop|p1a: Phione\n|-damage|p1a: Phione|0 fnt\n|faint|p1a: Phione\n|\n|upkeep\n|\n|t:|1720734464\n|switch|p1a: Regieleki|Regieleki, L78|253/253\n|-damage|p1a: Regieleki|211/253|[from] Spikes\n|turn|18\n|\n|t:|1720734477\n|move|p1a: Regieleki|Volt Switch|p2a: Wugtrio\n|-supereffective|p2a: Wugtrio\n|-damage|p2a: Wugtrio|0 fnt\n|faint|p2a: Wugtrio\n|\n|t:|1720734495\n|switch|p1a: Flygon|Flygon, L82, M|265/265|[from] Volt Switch\n|\n|upkeep\n|\n|t:|1720734501\n|switch|p2a: Duraludon|Duraludon, L82, M|136/249\n|-damage|p2a: Duraludon|121/249|[from] Stealth Rock\n|turn|19\n|\n|t:|1720734505\n|move|p1a: Flygon|Earthquake|p2a: Duraludon\n|-supereffective|p2a: Duraludon\n|-damage|p2a: Duraludon|0 fnt\n|faint|p2a: Duraludon\n|\n|upkeep\n|\n|t:|1720734507\n|switch|p2a: Greedent|Greedent, L86, F|205/347\n|-damage|p2a: Greedent|162/347|[from] Stealth Rock\n|-enditem|p2a: Greedent|Sitrus Berry|[eat]\n|-heal|p2a: Greedent|248/347|[from] item: Sitrus Berry\n|-heal|p2a: Greedent|347/347|[from] ability: Cheek Pouch\n|turn|20\n|j| sohoshiro\n|\n|t:|1720734517\n|move|p1a: Flygon|Earthquake|p2a: Greedent\n|-damage|p2a: Greedent|257/347\n|move|p2a: Greedent|Body Slam|p1a: Flygon\n|-damage|p1a: Flygon|162/265\n|-status|p1a: Flygon|par\n|\n|upkeep\n|turn|21\n|\n|t:|1720734520\n|move|p1a: Flygon|Earthquake|p2a: Greedent\n|-damage|p2a: Greedent|158/347\n|move|p2a: Greedent|Swords Dance|p2a: Greedent\n|-boost|p2a: Greedent|atk|2\n|\n|upkeep\n|turn|22\n|\n|t:|1720734524\n|cant|p1a: Flygon|par\n|move|p2a: Greedent|Body Slam|p1a: Flygon\n|-damage|p1a: Flygon|0 fnt\n|faint|p1a: Flygon\n|\n|upkeep\n|\n|t:|1720734528\n|switch|p1a: Gastrodon|Gastrodon-East, L86, M, tera:Poison|176/331\n|-damage|p1a: Gastrodon|121/331|[from] Spikes\n|turn|23\n|\n|t:|1720734531\n|move|p1a: Gastrodon|Earthquake|p2a: Greedent\n|-damage|p2a: Greedent|71/347\n|move|p2a: Greedent|Earthquake|p1a: Gastrodon\n|-supereffective|p1a: Gastrodon\n|-damage|p1a: Gastrodon|0 fnt\n|faint|p1a: Gastrodon\n|\n|upkeep\n|\n|t:|1720734533\n|switch|p1a: Regieleki|Regieleki, L78|211/253\n|-damage|p1a: Regieleki|169/253|[from] Spikes\n|turn|24\n|\n|t:|1720734539\n|-terastallize|p2a: Greedent|Ground\n|move|p1a: Regieleki|Volt Switch|p2a: Greedent\n|-immune|p2a: Greedent\n|move|p2a: Greedent|Earthquake|p1a: Regieleki\n|-supereffective|p1a: Regieleki\n|-damage|p1a: Regieleki|0 fnt\n|faint|p1a: Regieleki\n|\n|upkeep\n|\n|t:|1720734542\n|switch|p1a: Cinderace|Cinderace, L77, M|249/249\n|turn|25\n|\n|t:|1720734547\n|move|p1a: Cinderace|Pyro Ball|p2a: Greedent\n|-damage|p2a: Greedent|0 fnt\n|faint|p2a: Greedent\n|\n|win|Elite 4 Anubis\n|raw|Elite 4 Anubis's rating: 2347 &rarr; <strong>2377</strong><br />(+30 for winning)\n|raw|MichaelderBeste2's rating: 2531 &rarr; <strong>2501</strong><br />(-30 for losing)\n|l|\u2606MichaelderBeste2\n|player|p2|\n|c|\u2606Elite 4 Anubis|Gg\n|l| sohoshiro\n|l|\u2606Elite 4 Anubis\n|player|p1|\n|l| wodkfkkfkrkt\n|l| Royalbloodline\n|j| A Borygon\n", "inputlog": ">version f3d3ef5955f9cf6306c9ec5413a163a5498560bf\n>start {\"formatid\":\"gen9randombattle\",\"seed\":[37247,31757,37521,29888],\"rated\":\"Rated battle\"}\n>player p1 {\"name\":\"Elite 4 Anubis\",\"avatar\":\"265\",\"rating\":2347,\"seed\":[18480,48574,60973,26317]}\n>player p2 {\"name\":\"MichaelderBeste2\",\"avatar\":\"#rbtt7teamdarkrai\",\"rating\":2531,\"seed\":[1662,7822,14307,26227]}\n>p1 switch 4\n>p2 move liquidation\n>p1 move stealthrock\n>p2 switch 2\n>p1 move icebeam terastallize\n>p2 move dragonpulse\n>p1 move icebeam\n>p2 move dragonpulse\n>p2 switch 3\n>p1 switch 2\n>p2 move earthpower\n>p1 move uturn\n>p2 move spikes\n>p1 switch 4\n>p1 move uturn\n>p2 move spikes\n>p1 switch 4\n>p1 move earthquake\n>p2 switch 6\n>p1 switch 5\n>p2 move swordsdance\n>p1 move closecombat\n>p2 switch 6\n>p2 switch 5\n>p1 move machpunch\n>p2 move dracometeor\n>p1 switch 5\n>p1 move uturn\n>p2 move dracometeor\n>p1 switch 3\n>p1 move takeheart\n>p2 switch 2\n>p1 move scald\n>p2 move throatchop\n>p1 move scald\n>p2 switch 4\n>p1 move scald\n>p2 move knockoff\n>p2 switch 4\n>p1 move scald\n>p2 move throatchop\n>p1 switch 6\n>p1 move voltswitch\n>p2 move throatchop\n>p1 switch 3\n>p2 switch 2\n>p1 move earthquake\n>p2 move flashcannon\n>p2 switch 6\n>p1 move earthquake\n>p2 move bodyslam\n>p1 move earthquake\n>p2 move swordsdance\n>p1 move earthquake\n>p2 move bodyslam\n>p1 switch 2\n>p1 move earthquake\n>p2 move earthquake\n>p1 switch 3\n>p1 move voltswitch\n>p2 move earthquake terastallize\n>p1 switch 4\n>p1 move pyroball\n>p2 move earthquake", "uploadtime": 1720738254, "views": 179, "formatid": "gen9randombattle", "rating": 2377, "private": 0, "password": null}