{"id": "gen9randombattle-2260271925", "format": "[Gen 9] Random Battle", "players": ["WortelPuree27", "lemonsluw"], "log": "|j|\u2606WortelPuree27\n|j|\u2606lemonsluw\n|t:|1733833193\n|gametype|singles\n|player|p1|WortelPuree27|170|1224\n|player|p2|lemonsluw|102|1186\n|teamsize|p1|6\n|teamsize|p2|6\n|gen|9\n|tier|[Gen 9] Random Battle\n|rated|\n|rule|Species Clause: Limit one of each Pok\u00e9mon\n|rule|HP Percentage Mod: HP is shown in percentages\n|rule|Sleep Clause Mod: Limit one foe put to sleep\n|rule|Illusion Level Mod: Illusion disguises the Pok\u00e9mon's true level\n|\n|t:|1733833193\n|start\n|switch|p1a: Kyogre|Kyogre, L71|259/259\n|switch|p2a: Ninetales|Ninetales, L85, F|263/263\n|-weather|SunnyDay|[from] ability: Drought|[of] p2a: Ninetales\n|-weather|RainDance|[from] ability: Drizzle|[of] p1a: Kyogre\n|turn|1\n|inactive|Battle timer is ON: inactive players will automatically lose when time's up. (requested by WortelPuree27)\n|\n|t:|1733833208\n|switch|p2a: Wo-Chien|Wo-Chien, L83|277/277\n|-ability|p2a: Wo-Chien|Tablets of Ruin\n|move|p1a: Kyogre|Calm Mind|p1a: Kyogre\n|-boost|p1a: Kyogre|spa|1\n|-boost|p1a: Kyogre|spd|1\n|\n|-weather|RainDance|[upkeep]\n|upkeep\n|turn|2\n|\n|t:|1733833221\n|move|p1a: Kyogre|Ice Beam|p2a: Wo-Chien\n|-supereffective|p2a: Wo-Chien\n|-damage|p2a: Wo-Chien|125/277\n|-status|p2a: Wo-Chien|frz\n|-curestatus|p2a: Wo-Chien|frz|[msg]\n|move|p2a: Wo-Chien|Leech Seed|p1a: Kyogre\n|-start|p1a: Kyogre|move: Leech Seed\n|\n|-weather|RainDance|[upkeep]\n|-heal|p2a: Wo-Chien|142/277|[from] item: Leftovers\n|-damage|p1a: Kyogre|227/259|[from] Leech Seed|[of] p2a: Wo-Chien\n|-heal|p2a: Wo-Chien|174/277|[silent]\n|upkeep\n|turn|3\n|\n|t:|1733833233\n|switch|p2a: Ninetales|Ninetales, L85, F|263/263\n|-weather|SunnyDay|[from] ability: Drought|[of] p2a: Ninetales\n|move|p1a: Kyogre|Ice Beam|p2a: Ninetales\n|-resisted|p2a: Ninetales\n|-damage|p2a: Ninetales|216/263\n|\n|-weather|SunnyDay|[upkeep]\n|-heal|p1a: Kyogre|243/259|[from] item: Leftovers\n|-damage|p1a: Kyogre|211/259|[from] Leech Seed|[of] p2a: Ninetales\n|-heal|p2a: Ninetales|248/263|[silent]\n|upkeep\n|turn|4\n|\n|t:|1733833245\n|move|p2a: Ninetales|Nasty Plot|p2a: Ninetales\n|-boost|p2a: Ninetales|spa|2\n|move|p1a: Kyogre|Calm Mind|p1a: Kyogre\n|-boost|p1a: Kyogre|spa|1\n|-boost|p1a: Kyogre|spd|1\n|\n|-weather|SunnyDay|[upkeep]\n|-heal|p1a: Kyogre|227/259|[from] item: Leftovers\n|-damage|p1a: Kyogre|195/259|[from] Leech Seed|[of] p2a: Ninetales\n|-heal|p2a: Ninetales|263/263|[silent]\n|upkeep\n|turn|5\n|\n|t:|1733833255\n|move|p2a: Ninetales|Solar Beam||[still]\n|-prepare|p2a: Ninetales|Solar Beam\n|-anim|p2a: Ninetales|Solar Beam|p1a: Kyogre\n|-supereffective|p1a: Kyogre\n|-damage|p1a: Kyogre|81/259\n|move|p1a: Kyogre|Origin Pulse|p2a: Ninetales\n|-supereffective|p2a: Ninetales\n|-damage|p2a: Ninetales|63/263\n|\n|-weather|SunnyDay|[upkeep]\n|-heal|p1a: Kyogre|97/259|[from] item: Leftovers\n|-damage|p1a: Kyogre|65/259|[from] Leech Seed|[of] p2a: Ninetales\n|-heal|p2a: Ninetales|95/263|[silent]\n|upkeep\n|turn|6\n|\n|t:|1733833266\n|move|p2a: Ninetales|Solar Beam||[still]\n|-prepare|p2a: Ninetales|Solar Beam\n|-anim|p2a: Ninetales|Solar Beam|p1a: Kyogre\n|-supereffective|p1a: Kyogre\n|-damage|p1a: Kyogre|0 fnt\n|faint|p1a: Kyogre\n|\n|-weather|SunnyDay|[upkeep]\n|upkeep\n|\n|t:|1733833278\n|switch|p1a: Flygon|Flygon, L82, F|265/265\n|turn|7\n|\n|t:|1733833290\n|move|p1a: Flygon|Earthquake|p2a: Ninetales\n|-supereffective|p2a: Ninetales\n|-damage|p2a: Ninetales|0 fnt\n|faint|p2a: Ninetales\n|\n|-weather|none\n|upkeep\n|\n|t:|1733833298\n|switch|p2a: Cinccino|Cinccino, L83, F|260/260\n|turn|8\n|\n|t:|1733833310\n|move|p1a: Flygon|Earthquake|p2a: Cinccino\n|-damage|p2a: Cinccino|128/260\n|move|p2a: Cinccino|Tidy Up|p2a: Cinccino\n|-boost|p2a: Cinccino|atk|1\n|-boost|p2a: Cinccino|spe|1\n|\n|upkeep\n|turn|9\n|\n|t:|1733833316\n|move|p2a: Cinccino|Triple Axel|p1a: Flygon\n|-supereffective|p1a: Flygon\n|-damage|p1a: Flygon|133/265\n|-supereffective|p1a: Flygon\n|-damage|p1a: Flygon|0 fnt\n|faint|p1a: Flygon\n|-hitcount|p1: Flygon|2\n|\n|upkeep\n|\n|t:|1733833323\n|switch|p1a: Muk|Muk-Alola, L82, F|306/306\n|turn|10\n|\n|t:|1733833334\n|move|p2a: Cinccino|Tail Slap|p1a: Muk\n|-damage|p1a: Muk|246/306\n|-damage|p1a: Muk|185/306\n|-damage|p1a: Muk|121/306\n|-damage|p1a: Muk|51/306\n|-crit|p1a: Muk\n|-damage|p1a: Muk|0 fnt\n|faint|p1a: Muk\n|-hitcount|p1: Muk|5\n|\n|upkeep\n|\n|t:|1733833347\n|switch|p1a: Munkidori|Munkidori, L79, M|269/269\n|turn|11\n|\n|t:|1733833351\n|move|p2a: Cinccino|Tail Slap|p1a: Munkidori\n|-damage|p1a: Munkidori|190/269\n|-damage|p1a: Munkidori|111/269\n|-damage|p1a: Munkidori|32/269\n|-crit|p1a: Munkidori\n|-damage|p1a: Munkidori|0 fnt\n|faint|p1a: Munkidori\n|-hitcount|p1: Munkidori|4\n|\n|upkeep\n|c|\u2606WortelPuree27|vuile teef\n|c|\u2606WortelPuree27|Pleeg zelmoord, vuile teef\n|inactive|WortelPuree27 has 120 seconds left.\n|inactive|WortelPuree27 has 90 seconds left.\n|inactive|WortelPuree27 has 60 seconds left.\n|inactive|WortelPuree27 has 30 seconds left.\n|inactive|WortelPuree27 has 20 seconds left.\n|inactive|WortelPuree27 has 15 seconds left.\n|inactive|WortelPuree27 has 10 seconds left.\n|inactive|WortelPuree27 has 5 seconds left.\n|-message|WortelPuree27 lost due to inactivity.\n|\n|win|lemonsluw\n", "inputlog": ">version bfd83cad13791eb5a5a409923076391caf6fb4d4\n>start {\"formatid\":\"gen9randombattle\",\"seed\":[44755,38370,25529,18690],\"rated\":\"Rated battle\"}\n>player p1 {\"name\":\"WortelPuree27\",\"avatar\":\"170\",\"rating\":1224,\"seed\":[30132,42502,19293,34831]}\n>player p2 {\"name\":\"lemonsluw\",\"avatar\":\"102\",\"rating\":1186,\"seed\":[11824,24235,58083,63117]}\n>p1 move calmmind\n>p2 switch 2\n>p1 move icebeam\n>p2 move leechseed\n>p1 move icebeam\n>p2 switch 2\n>p1 move calmmind\n>p2 move nastyplot\n>p1 move originpulse\n>p2 move solarbeam\n>p1 move originpulse\n>p2 move solarbeam\n>p1 switch 6\n>p1 move earthquake\n>p2 move solarbeam\n>p2 switch 4\n>p1 move earthquake\n>p2 move tidyup\n>p1 move earthquake\n>p2 move tripleaxel\n>p1 switch 3\n>p1 move drainpunch\n>p2 move tailslap\n>p1 switch 5\n>p1 move focusblast\n>p2 move tailslap\n>chat \u2606WortelPuree27|vuile teef\n>chat \u2606WortelPuree27|Pleeg zelmoord, vuile teef\n>forcelose p1", "uploadtime": 1733833358, "views": 3, "formatid": "gen9randombattle", "rating": null, "private": 0, "password": null}