{"id": "gen9randombattle-2260796583", "format": "[Gen 9] Random Battle", "players": ["fried_chicken1", "ScarecrowPhobia"], "log": "|j|\u2606fried_chicken1\n|j|\u2606ScarecrowPhobia\n|t:|1733893594\n|gametype|singles\n|player|p1|fried_chicken1|2|1246\n|player|p2|ScarecrowPhobia|ghetsis|1247\n|teamsize|p1|6\n|teamsize|p2|6\n|gen|9\n|tier|[Gen 9] Random Battle\n|rated|\n|rule|Species Clause: Limit one of each Pok\u00e9mon\n|rule|HP Percentage Mod: HP is shown in percentages\n|rule|Sleep Clause Mod: Limit one foe put to sleep\n|rule|Illusion Level Mod: Illusion disguises the Pok\u00e9mon's true level\n|\n|t:|1733893594\n|start\n|switch|p1a: Rotom|Rotom-Mow, L86|226/226\n|switch|p2a: Dewgong|Dewgong, L94, F|322/322\n|turn|1\n|inactive|Battle timer is ON: inactive players will automatically lose when time's up. (requested by ScarecrowPhobia)\n|\n|t:|1733893606\n|move|p1a: Rotom|Thunderbolt|p2a: Dewgong\n|-supereffective|p2a: Dewgong\n|-damage|p2a: Dewgong|130/322\n|move|p2a: Dewgong|Triple Axel|p1a: Rotom\n|-supereffective|p1a: Rotom\n|-damage|p1a: Rotom|190/226\n|-supereffective|p1a: Rotom\n|-damage|p1a: Rotom|112/226\n|-supereffective|p1a: Rotom\n|-damage|p1a: Rotom|8/226\n|-hitcount|p1a: Rotom|3\n|\n|upkeep\n|turn|2\n|\n|t:|1733893618\n|switch|p2a: Miraidon|Miraidon, L65|238/238\n|-fieldstart|move: Electric Terrain|[from] ability: Hadron Engine|[of] p2a: Miraidon\n|move|p1a: Rotom|Thunderbolt|p2a: Miraidon\n|-resisted|p2a: Miraidon\n|-damage|p2a: Miraidon|210/238\n|\n|upkeep\n|turn|3\n|\n|t:|1733893635\n|switch|p1a: Camerupt|Camerupt, L91, F|275/275\n|move|p2a: Miraidon|Volt Switch|p1a: Camerupt\n|-immune|p1a: Camerupt\n|\n|upkeep\n|turn|4\n|\n|t:|1733893644\n|switch|p2a: Dewgong|Dewgong, L94, F|130/322\n|move|p1a: Camerupt|Will-O-Wisp|p2a: Dewgong\n|-status|p2a: Dewgong|brn\n|\n|-damage|p2a: Dewgong|110/322 brn|[from] brn\n|upkeep\n|turn|5\n|\n|t:|1733893664\n|switch|p1a: Luvdisc|Luvdisc, F|247/247\n|move|p2a: Dewgong|Surf|p1a: Luvdisc\n|-resisted|p1a: Luvdisc\n|-damage|p1a: Luvdisc|199/247\n|\n|-damage|p2a: Dewgong|90/322 brn|[from] brn\n|upkeep\n|turn|6\n|\n|t:|1733893672\n|move|p1a: Luvdisc|Substitute|p1a: Luvdisc\n|-start|p1a: Luvdisc|Substitute\n|-damage|p1a: Luvdisc|138/247\n|move|p2a: Dewgong|Surf|p1a: Luvdisc\n|-resisted|p1a: Luvdisc\n|-activate|p1a: Luvdisc|move: Substitute|[damage]\n|\n|-damage|p2a: Dewgong|70/322 brn|[from] brn\n|-fieldend|move: Electric Terrain\n|upkeep\n|turn|7\n|\n|t:|1733893694\n|move|p1a: Luvdisc|Endeavor|p2a: Dewgong\n|-immune|p2a: Dewgong\n|move|p2a: Dewgong|Encore|p1a: Luvdisc\n|-start|p1a: Luvdisc|Encore\n|\n|-damage|p2a: Dewgong|50/322 brn|[from] brn\n|upkeep\n|turn|8\n|\n|t:|1733893712\n|switch|p2a: Arboliva|Arboliva, L91, M|288/288\n|move|p1a: Luvdisc|Endeavor|p2a: Arboliva\n|-damage|p2a: Arboliva|138/288\n|-enditem|p2a: Arboliva|Sitrus Berry|[eat]\n|-heal|p2a: Arboliva|210/288|[from] item: Sitrus Berry\n|\n|upkeep\n|turn|9\n|\n|t:|1733893720\n|move|p1a: Luvdisc|Endeavor|p2a: Arboliva\n|-damage|p2a: Arboliva|138/288\n|move|p2a: Arboliva|Hyper Voice|p1a: Luvdisc\n|-damage|p1a: Luvdisc|0 fnt\n|faint|p1a: Luvdisc\n|\n|-item|p2a: Arboliva|Sitrus Berry|[from] ability: Harvest\n|upkeep\n|-enditem|p2a: Arboliva|Sitrus Berry|[eat]\n|-heal|p2a: Arboliva|210/288|[from] item: Sitrus Berry\n|\n|t:|1733893732\n|switch|p1a: Camerupt|Camerupt, L91, F|275/275\n|turn|10\n|\n|t:|1733893747\n|switch|p2a: Dewgong|Dewgong, L94, F|50/322 brn\n|move|p1a: Camerupt|Overheat|p2a: Dewgong\n|-damage|p2a: Dewgong|0 fnt\n|-unboost|p1a: Camerupt|spa|2\n|faint|p2a: Dewgong\n|\n|upkeep\n|\n|t:|1733893757\n|switch|p2a: Arboliva|Arboliva, L91, M|210/288\n|turn|11\n|\n|t:|1733893763\n|move|p1a: Camerupt|Overheat|p2a: Arboliva|[miss]\n|-miss|p1a: Camerupt|p2a: Arboliva\n|move|p2a: Arboliva|Substitute|p2a: Arboliva\n|-start|p2a: Arboliva|Substitute\n|-damage|p2a: Arboliva|138/288\n|\n|-item|p2a: Arboliva|Sitrus Berry|[from] ability: Harvest\n|upkeep\n|-enditem|p2a: Arboliva|Sitrus Berry|[eat]\n|-heal|p2a: Arboliva|210/288|[from] item: Sitrus Berry\n|turn|12\n|\n|t:|1733893781\n|move|p2a: Arboliva|Leech Seed|p1a: Camerupt\n|-start|p1a: Camerupt|move: Leech Seed\n|move|p1a: Camerupt|Roar|p2a: Arboliva\n|drag|p2a: Eelektross|Eelektross, L87, F|290/290\n|\n|-damage|p1a: Camerupt|241/275|[from] Leech Seed|[of] p2a: Eelektross\n|upkeep\n|turn|13\n|\n|t:|1733893797\n|switch|p2a: Arboliva|Arboliva, L91, M|210/288\n|move|p1a: Camerupt|Earthquake|p2a: Arboliva\n|-resisted|p2a: Arboliva\n|-damage|p2a: Arboliva|148/288\n|\n|-heal|p1a: Camerupt|258/275|[from] item: Leftovers\n|-damage|p1a: Camerupt|224/275|[from] Leech Seed|[of] p2a: Arboliva\n|-heal|p2a: Arboliva|182/288|[silent]\n|upkeep\n|turn|14\n|\n|t:|1733893810\n|switch|p1a: Skarmory|Skarmory, L80, F|235/235\n|move|p2a: Arboliva|Substitute|p2a: Arboliva\n|-start|p2a: Arboliva|Substitute\n|-damage|p2a: Arboliva|110/288\n|\n|upkeep\n|turn|15\n|\n|t:|1733893819\n|move|p1a: Skarmory|Stealth Rock|p2a: Arboliva\n|-sidestart|p2: ScarecrowPhobia|move: Stealth Rock\n|move|p2a: Arboliva|Leech Seed|p1a: Skarmory\n|-start|p1a: Skarmory|move: Leech Seed\n|\n|-damage|p1a: Skarmory|206/235|[from] Leech Seed|[of] p2a: Arboliva\n|-heal|p2a: Arboliva|139/288|[silent]\n|upkeep\n|turn|16\n|\n|t:|1733893827\n|move|p2a: Arboliva|Protect|p2a: Arboliva\n|-singleturn|p2a: Arboliva|Protect\n|move|p1a: Skarmory|Spikes|p2a: Arboliva\n|-sidestart|p2: ScarecrowPhobia|Spikes\n|\n|-heal|p1a: Skarmory|220/235|[from] item: Leftovers\n|-damage|p1a: Skarmory|191/235|[from] Leech Seed|[of] p2a: Arboliva\n|-heal|p2a: Arboliva|168/288|[silent]\n|-item|p2a: Arboliva|Sitrus Berry|[from] ability: Harvest\n|upkeep\n|turn|17\n|\n|t:|1733893838\n|move|p1a: Skarmory|Spikes|p2a: Arboliva\n|-sidestart|p2: ScarecrowPhobia|Spikes\n|move|p2a: Arboliva|Hyper Voice|p1a: Skarmory\n|-resisted|p1a: Skarmory\n|-damage|p1a: Skarmory|110/235\n|\n|-heal|p1a: Skarmory|124/235|[from] item: Leftovers\n|-damage|p1a: Skarmory|95/235|[from] Leech Seed|[of] p2a: Arboliva\n|-heal|p2a: Arboliva|197/288|[silent]\n|upkeep\n|turn|18\n|\n|t:|1733893854\n|move|p1a: Skarmory|Roost|p1a: Skarmory\n|-heal|p1a: Skarmory|213/235\n|-singleturn|p1a: Skarmory|move: Roost\n|move|p2a: Arboliva|Hyper Voice|p1a: Skarmory\n|-resisted|p1a: Skarmory\n|-damage|p1a: Skarmory|127/235\n|\n|-heal|p1a: Skarmory|141/235|[from] item: Leftovers\n|-damage|p1a: Skarmory|112/235|[from] Leech Seed|[of] p2a: Arboliva\n|-heal|p2a: Arboliva|226/288|[silent]\n|upkeep\n|turn|19\n|inactive|fried_chicken1 has 120 seconds left.\n|\n|t:|1733893881\n|switch|p1a: Rillaboom|Rillaboom, L79, M|288/288\n|-fieldstart|move: Grassy Terrain|[from] ability: Grassy Surge|[of] p1a: Rillaboom\n|move|p2a: Arboliva|Hyper Voice|p1a: Rillaboom\n|-damage|p1a: Rillaboom|114/288\n|\n|-heal|p1a: Rillaboom|132/288|[from] Grassy Terrain\n|-heal|p2a: Arboliva|244/288|[from] Grassy Terrain\n|upkeep\n|turn|20\n|inactive|fried_chicken1 has 120 seconds left.\n|\n|t:|1733893895\n|move|p1a: Rillaboom|Grassy Glide|p2a: Arboliva\n|-resisted|p2a: Arboliva\n|-crit|p2a: Arboliva\n|-end|p2a: Arboliva|Substitute\n|-damage|p1a: Rillaboom|104/288|[from] item: Life Orb\n|move|p2a: Arboliva|Hyper Voice|p1a: Rillaboom\n|-damage|p1a: Rillaboom|0 fnt\n|faint|p1a: Rillaboom\n|\n|-heal|p2a: Arboliva|262/288|[from] Grassy Terrain\n|upkeep\n|inactive|fried_chicken1 has 120 seconds left.\n|\n|t:|1733893906\n|switch|p1a: Skarmory|Skarmory, L80, F|112/235\n|turn|21\n|\n|t:|1733893911\n|move|p1a: Skarmory|Brave Bird|p2a: Arboliva\n|-supereffective|p2a: Arboliva\n|-damage|p2a: Arboliva|76/288\n|-enditem|p2a: Arboliva|Sitrus Berry|[eat]\n|-heal|p2a: Arboliva|148/288|[from] item: Sitrus Berry\n|-damage|p1a: Skarmory|51/235|[from] Recoil\n|move|p2a: Arboliva|Leech Seed|p1a: Skarmory\n|-start|p1a: Skarmory|move: Leech Seed\n|\n|-heal|p1a: Skarmory|65/235|[from] item: Leftovers\n|-heal|p2a: Arboliva|166/288|[from] Grassy Terrain\n|-damage|p1a: Skarmory|36/235|[from] Leech Seed|[of] p2a: Arboliva\n|-heal|p2a: Arboliva|195/288|[silent]\n|upkeep\n|turn|22\n|inactive|fried_chicken1 has 120 seconds left.\n|\n|t:|1733893927\n|move|p1a: Skarmory|Brave Bird|p2a: Arboliva\n|-supereffective|p2a: Arboliva\n|-damage|p2a: Arboliva|3/288\n|-damage|p1a: Skarmory|0 fnt|[from] Recoil\n|faint|p1a: Skarmory\n|move|p2a: Arboliva|Substitute|p2a: Arboliva\n|-fail|p2a: Arboliva|move: Substitute|[weak]\n|\n|-heal|p2a: Arboliva|21/288|[from] Grassy Terrain\n|-item|p2a: Arboliva|Sitrus Berry|[from] ability: Harvest\n|upkeep\n|-enditem|p2a: Arboliva|Sitrus Berry|[eat]\n|-heal|p2a: Arboliva|93/288|[from] item: Sitrus Berry\n|inactive|fried_chicken1 has 120 seconds left.\n|\n|t:|1733893938\n|switch|p1a: Camerupt|Camerupt, L91, F|224/275\n|turn|23\n|inactive|fried_chicken1 has 120 seconds left.\n|\n|t:|1733893954\n|-terastallize|p2a: Arboliva|Water\n|move|p1a: Camerupt|Overheat|p2a: Arboliva\n|-resisted|p2a: Arboliva\n|-damage|p2a: Arboliva|28/288\n|-unboost|p1a: Camerupt|spa|2\n|move|p2a: Arboliva|Leech Seed|p1a: Camerupt\n|-start|p1a: Camerupt|move: Leech Seed\n|\n|-heal|p1a: Camerupt|241/275|[from] Grassy Terrain\n|-heal|p1a: Camerupt|258/275|[from] item: Leftovers\n|-heal|p2a: Arboliva|46/288|[from] Grassy Terrain\n|-damage|p1a: Camerupt|224/275|[from] Leech Seed|[of] p2a: Arboliva\n|-heal|p2a: Arboliva|80/288|[silent]\n|-fieldend|move: Grassy Terrain\n|upkeep\n|turn|24\n|inactive|fried_chicken1 has 120 seconds left.\n|\n|t:|1733893973\n|move|p2a: Arboliva|Substitute|p2a: Arboliva\n|-start|p2a: Arboliva|Substitute\n|-damage|p2a: Arboliva|8/288\n|move|p1a: Camerupt|Roar|p2a: Arboliva\n|drag|p2a: Umbreon|Umbreon, L84, F|297/297\n|-damage|p2a: Umbreon|260/297|[from] Stealth Rock\n|-damage|p2a: Umbreon|211/297|[from] Spikes\n|\n|-heal|p2a: Umbreon|229/297|[from] item: Leftovers\n|-heal|p1a: Camerupt|241/275|[from] item: Leftovers\n|-damage|p1a: Camerupt|207/275|[from] Leech Seed|[of] p2a: Umbreon\n|-heal|p2a: Umbreon|263/297|[silent]\n|upkeep\n|turn|25\n|inactive|fried_chicken1 has 120 seconds left.\n|\n|t:|1733893986\n|switch|p1a: Great Tusk|Great Tusk, L77|304/304\n|-enditem|p1a: Great Tusk|Booster Energy\n|-activate|p1a: Great Tusk|ability: Protosynthesis|[fromitem]\n|-start|p1a: Great Tusk|protosynthesisatk\n|move|p2a: Umbreon|Toxic|p1a: Great Tusk\n|-status|p1a: Great Tusk|tox\n|\n|-heal|p2a: Umbreon|281/297|[from] item: Leftovers\n|-damage|p1a: Great Tusk|285/304 tox|[from] psn\n|upkeep\n|turn|26\n|inactive|fried_chicken1 has 120 seconds left.\n|\n|t:|1733894004\n|switch|p2a: Eelektross|Eelektross, L87, F|290/290\n|-damage|p2a: Eelektross|254/290|[from] Stealth Rock\n|move|p1a: Great Tusk|Bulk Up|p1a: Great Tusk\n|-boost|p1a: Great Tusk|atk|1\n|-boost|p1a: Great Tusk|def|1\n|\n|-damage|p1a: Great Tusk|247/304 tox|[from] psn\n|upkeep\n|turn|27\n|\n|t:|1733894019\n|move|p1a: Great Tusk|Earthquake|p2a: Eelektross\n|-immune|p2a: Eelektross|[from] ability: Levitate\n|move|p2a: Eelektross|Dragon Tail|p1a: Great Tusk\n|-damage|p1a: Great Tusk|219/304 tox\n|-end|p1a: Great Tusk|Protosynthesis|[silent]\n|drag|p1a: Camerupt|Camerupt, L91, F|207/275\n|\n|-heal|p1a: Camerupt|224/275|[from] item: Leftovers\n|upkeep\n|turn|28\n|\n|t:|1733894036\n|move|p2a: Eelektross|Giga Drain|p1a: Camerupt\n|-damage|p1a: Camerupt|163/275\n|-heal|p2a: Eelektross|285/290|[from] drain|[of] p1a: Camerupt\n|move|p1a: Camerupt|Will-O-Wisp|p2a: Eelektross\n|-status|p2a: Eelektross|brn\n|\n|-heal|p1a: Camerupt|180/275|[from] item: Leftovers\n|-damage|p2a: Eelektross|267/290 brn|[from] brn\n|upkeep\n|turn|29\n|\n|t:|1733894046\n|move|p2a: Eelektross|Giga Drain|p1a: Camerupt\n|-damage|p1a: Camerupt|122/275\n|-heal|p2a: Eelektross|290/290 brn|[from] drain|[of] p1a: Camerupt\n|move|p1a: Camerupt|Roar|p2a: Eelektross\n|drag|p2a: Arboliva|Arboliva, L91, M, tera:Water|8/288\n|-damage|p2a: Arboliva|0 fnt|[from] Stealth Rock\n|faint|p2a: Arboliva\n|\n|-heal|p1a: Camerupt|139/275|[from] item: Leftovers\n|upkeep\n|\n|t:|1733894055\n|switch|p2a: Eelektross|Eelektross, L87, F|290/290 brn\n|-damage|p2a: Eelektross|254/290 brn|[from] Stealth Rock\n|turn|30\n|\n|t:|1733894064\n|move|p2a: Eelektross|Giga Drain|p1a: Camerupt\n|-damage|p1a: Camerupt|74/275\n|-heal|p2a: Eelektross|287/290 brn|[from] drain|[of] p1a: Camerupt\n|move|p1a: Camerupt|Overheat|p2a: Eelektross\n|-damage|p2a: Eelektross|173/290 brn\n|-unboost|p1a: Camerupt|spa|2\n|\n|-heal|p1a: Camerupt|91/275|[from] item: Leftovers\n|-damage|p2a: Eelektross|155/290 brn|[from] brn\n|upkeep\n|turn|31\n|\n|t:|1733894083\n|-terastallize|p1a: Camerupt|Grass\n|move|p2a: Eelektross|Giga Drain|p1a: Camerupt\n|-resisted|p1a: Camerupt\n|-damage|p1a: Camerupt|60/275\n|-heal|p2a: Eelektross|171/290 brn|[from] drain|[of] p1a: Camerupt\n|move|p1a: Camerupt|Roar|p2a: Eelektross\n|drag|p2a: Solgaleo|Solgaleo, L74|325/325\n|-damage|p2a: Solgaleo|305/325|[from] Stealth Rock\n|-damage|p2a: Solgaleo|251/325|[from] Spikes\n|\n|-heal|p1a: Camerupt|77/275|[from] item: Leftovers\n|upkeep\n|turn|32\n|\n|t:|1733894100\n|move|p2a: Solgaleo|Flame Charge|p1a: Camerupt\n|-supereffective|p1a: Camerupt\n|-damage|p1a: Camerupt|14/275\n|-boost|p2a: Solgaleo|spe|1\n|move|p1a: Camerupt|Earthquake|p2a: Solgaleo\n|-supereffective|p2a: Solgaleo\n|-damage|p2a: Solgaleo|0 fnt\n|faint|p2a: Solgaleo\n|\n|-heal|p1a: Camerupt|31/275|[from] item: Leftovers\n|upkeep\n|\n|t:|1733894109\n|switch|p2a: Eelektross|Eelektross, L87, F|171/290 brn\n|-damage|p2a: Eelektross|135/290 brn|[from] Stealth Rock\n|turn|33\n|\n|t:|1733894117\n|move|p2a: Eelektross|Giga Drain|p1a: Camerupt\n|-resisted|p1a: Camerupt\n|-damage|p1a: Camerupt|0 fnt\n|-heal|p2a: Eelektross|151/290 brn|[from] drain|[of] p1a: Camerupt\n|faint|p1a: Camerupt\n|\n|-damage|p2a: Eelektross|133/290 brn|[from] brn\n|upkeep\n|inactive|fried_chicken1 has 90 seconds left.\n|\n|t:|1733894143\n|switch|p1a: Rotom|Rotom-Mow, L86|8/226\n|turn|34\n|\n|t:|1733894148\n|move|p1a: Rotom|Volt Switch|p2a: Eelektross\n|-resisted|p2a: Eelektross\n|-damage|p2a: Eelektross|103/290 brn\n|\n|t:|1733894153\n|switch|p1a: Great Tusk|Great Tusk, L77|219/304 tox|[from] Volt Switch\n|move|p2a: Eelektross|Giga Drain|p1a: Great Tusk\n|-supereffective|p1a: Great Tusk\n|-damage|p1a: Great Tusk|29/304 tox\n|-heal|p2a: Eelektross|198/290 brn|[from] drain|[of] p1a: Great Tusk\n|\n|-damage|p1a: Great Tusk|10/304 tox|[from] psn\n|-damage|p2a: Eelektross|180/290 brn|[from] brn\n|upkeep\n|turn|35\n|\n|t:|1733894171\n|move|p1a: Great Tusk|Close Combat|p2a: Eelektross\n|-damage|p2a: Eelektross|44/290 brn\n|-unboost|p1a: Great Tusk|def|1\n|-unboost|p1a: Great Tusk|spd|1\n|move|p2a: Eelektross|Giga Drain|p1a: Great Tusk\n|-supereffective|p1a: Great Tusk\n|-damage|p1a: Great Tusk|0 fnt\n|-heal|p2a: Eelektross|49/290 brn|[from] drain|[of] p1a: Great Tusk\n|faint|p1a: Great Tusk\n|-end|p1a: Great Tusk|Protosynthesis|[silent]\n|\n|-damage|p2a: Eelektross|31/290 brn|[from] brn\n|upkeep\n|\n|t:|1733894182\n|switch|p1a: Rotom|Rotom-Mow, L86|8/226\n|turn|36\n|inactive|fried_chicken1 has 90 seconds left.\n|\n|t:|1733894198\n|move|p1a: Rotom|Thunderbolt|p2a: Eelektross\n|-resisted|p2a: Eelektross\n|-damage|p2a: Eelektross|0 fnt\n|faint|p2a: Eelektross\n|\n|upkeep\n|\n|t:|1733894202\n|switch|p2a: Miraidon|Miraidon, L65|210/238\n|-damage|p2a: Miraidon|181/238|[from] Stealth Rock\n|-damage|p2a: Miraidon|142/238|[from] Spikes\n|-fieldstart|move: Electric Terrain|[from] ability: Hadron Engine|[of] p2a: Miraidon\n|turn|37\n|\n|t:|1733894208\n|move|p1a: Rotom|Thunderbolt|p2a: Miraidon\n|-resisted|p2a: Miraidon\n|-damage|p2a: Miraidon|115/238\n|move|p2a: Miraidon|Electro Drift|p1a: Rotom\n|-resisted|p1a: Rotom\n|-damage|p1a: Rotom|0 fnt\n|faint|p1a: Rotom\n|\n|win|ScarecrowPhobia\n|raw|fried_chicken1's rating: 1246 &rarr; <strong>1221</strong><br />(-25 for losing)\n|raw|ScarecrowPhobia's rating: 1247 &rarr; <strong>1272</strong><br />(+25 for winning)\n|l|\u2606fried_chicken1\n|player|p1|\n", "inputlog": ">version bfd83cad13791eb5a5a409923076391caf6fb4d4\n>start {\"formatid\":\"gen9randombattle\",\"seed\":[29676,63522,32366,18933],\"rated\":\"Rated battle\"}\n>player p1 {\"name\":\"fried_chicken1\",\"avatar\":\"2\",\"rating\":1246,\"seed\":[12345,7221,63087,29210]}\n>player p2 {\"name\":\"ScarecrowPhobia\",\"avatar\":\"ghetsis\",\"rating\":1247,\"seed\":[15326,8811,31670,931]}\n>p1 move thunderbolt\n>p2 move tripleaxel\n>p1 move thunderbolt\n>p2 switch 5\n>p1 switch 6\n>p2 move voltswitch\n>p1 move willowisp\n>p2 switch 5\n>p1 switch 4\n>p2 move surf\n>p1 move substitute\n>p2 move surf\n>p1 move endeavor\n>p2 move encore\n>p1 move endeavor\n>p2 switch 4\n>p1 move endeavor\n>p2 move hypervoice\n>p1 switch 4\n>p1 move overheat\n>p2 switch 4\n>p2 switch 4\n>p1 move overheat\n>p2 move substitute\n>p1 move roar\n>p2 move leechseed\n>p1 move earthquake\n>p2 switch 2\n>p1 switch 5\n>p2 move substitute\n>p1 move stealthrock\n>p2 move leechseed\n>p1 move spikes\n>p2 move protect\n>p1 move spikes\n>p2 move hypervoice\n>p1 move roost\n>p2 move hypervoice\n>p1 switch 2\n>p2 move hypervoice\n>p1 move grassyglide\n>p2 move hypervoice\n>p1 switch 2\n>p1 move bravebird\n>p2 move leechseed\n>p1 move bravebird\n>p2 move substitute\n>p1 switch 5\n>p1 move overheat\n>p2 move leechseed terastallize\n>p1 move roar\n>p2 move substitute\n>p1 switch 3\n>p2 move toxic\n>p1 move bulkup\n>p2 switch 2\n>p1 move earthquake\n>p2 move dragontail\n>p1 move willowisp\n>p2 move gigadrain\n>p1 move roar\n>p2 move gigadrain\n>p2 switch 3\n>p1 move overheat\n>p2 move gigadrain\n>p1 move roar terastallize\n>p2 move gigadrain\n>p1 move earthquake\n>p2 move flamecharge\n>p2 switch 6\n>p1 move overheat\n>p2 move gigadrain\n>p1 switch 6\n>p1 move voltswitch\n>p2 move gigadrain\n>p1 switch 3\n>p1 move closecombat\n>p2 move gigadrain\n>p1 switch 3\n>p1 move thunderbolt\n>p2 move gigadrain\n>p2 switch 5\n>p1 move thunderbolt\n>p2 move electrodrift", "uploadtime": 1733894221, "views": 9, "formatid": "gen9randombattle", "rating": 1221, "private": 0, "password": null}