{"id": "gen9randombattle-2260726654", "format": "[Gen 9] Random Battle", "players": ["Kherax", "wodjff"], "log": "|j|\u2606Kherax\n|j|\u2606wodjff\n|t:|1733883544\n|gametype|singles\n|player|p1|Kherax|2|1258\n|player|p2|wodjff|170|1214\n|teamsize|p1|6\n|teamsize|p2|6\n|gen|9\n|tier|[Gen 9] Random Battle\n|rated|\n|rule|Species Clause: Limit one of each Pok\u00e9mon\n|rule|HP Percentage Mod: HP is shown in percentages\n|rule|Sleep Clause Mod: Limit one foe put to sleep\n|rule|Illusion Level Mod: Illusion disguises the Pok\u00e9mon's true level\n|\n|t:|1733883544\n|start\n|switch|p1a: Kingambit|Kingambit, L74, F|270/270\n|switch|p2a: Grimmsnarl|Grimmsnarl, L83, M|293/293\n|turn|1\n|inactive|Battle timer is ON: inactive players will automatically lose when time's up. (requested by wodjff)\n|\n|t:|1733883555\n|move|p2a: Grimmsnarl|Parting Shot|p1a: Kingambit\n|-hint|Since gen 7, Dark is immune to Prankster moves.\n|-immune|p1a: Kingambit\n|move|p1a: Kingambit|Iron Head|p2a: Grimmsnarl\n|-supereffective|p2a: Grimmsnarl\n|-damage|p2a: Grimmsnarl|75/293\n|\n|-heal|p2a: Grimmsnarl|93/293|[from] item: Leftovers\n|upkeep\n|turn|2\n|\n|t:|1733883571\n|switch|p2a: Arcanine|Arcanine, L84, M|288/288\n|-ability|p2a: Arcanine|Intimidate|boost\n|-unboost|p1a: Kingambit|atk|1\n|-end|p1a: Kingambit|fallenundefined|[silent]\n|switch|p1a: Kingdra|Kingdra, L84, M|263/263\n|\n|upkeep\n|turn|3\n|\n|t:|1733883593\n|switch|p2a: Bellibolt|Bellibolt, L84, M|320/320\n|move|p1a: Kingdra|Rain Dance|p1a: Kingdra\n|-weather|RainDance\n|\n|-weather|RainDance|[upkeep]\n|upkeep\n|turn|4\n|\n|t:|1733883601\n|move|p1a: Kingdra|Wave Crash|p2a: Bellibolt\n|-damage|p2a: Bellibolt|70/320\n|-start|p2a: Bellibolt|Charge|Wave Crash|[from] ability: Electromorphosis\n|-damage|p1a: Kingdra|180/263|[from] Recoil\n|-damage|p1a: Kingdra|154/263|[from] item: Life Orb\n|move|p2a: Bellibolt|Thunderbolt|p1a: Kingdra\n|-damage|p1a: Kingdra|0 fnt\n|faint|p1a: Kingdra\n|-end|p2a: Bellibolt|Charge|[silent]\n|\n|-weather|RainDance|[upkeep]\n|-heal|p2a: Bellibolt|90/320|[from] item: Leftovers\n|upkeep\n|\n|t:|1733883621\n|switch|p1a: Garchomp|Garchomp, L74, F|282/282\n|turn|5\n|\n|t:|1733883641\n|move|p1a: Garchomp|Swords Dance|p1a: Garchomp\n|-boost|p1a: Garchomp|atk|2\n|move|p2a: Bellibolt|Slack Off|p2a: Bellibolt\n|-heal|p2a: Bellibolt|250/320\n|\n|-weather|RainDance|[upkeep]\n|-heal|p2a: Bellibolt|270/320|[from] item: Leftovers\n|upkeep\n|turn|6\n|\n|t:|1733883650\n|-terastallize|p2a: Bellibolt|Water\n|move|p1a: Garchomp|Scale Shot|p2a: Bellibolt\n|-damage|p2a: Bellibolt|221/320\n|-start|p2a: Bellibolt|Charge|Scale Shot|[from] ability: Electromorphosis\n|-damage|p2a: Bellibolt|173/320\n|-start|p2a: Bellibolt|Charge|Scale Shot|[from] ability: Electromorphosis\n|-damage|p2a: Bellibolt|119/320\n|-start|p2a: Bellibolt|Charge|Scale Shot|[from] ability: Electromorphosis\n|-damage|p2a: Bellibolt|67/320\n|-start|p2a: Bellibolt|Charge|Scale Shot|[from] ability: Electromorphosis\n|-damage|p2a: Bellibolt|13/320\n|-start|p2a: Bellibolt|Charge|Scale Shot|[from] ability: Electromorphosis\n|-hitcount|p2a: Bellibolt|5\n|-unboost|p1a: Garchomp|def|1\n|-boost|p1a: Garchomp|spe|1\n|move|p2a: Bellibolt|Muddy Water|p1a: Garchomp|[miss]\n|-miss|p2a: Bellibolt|p1a: Garchomp\n|\n|-weather|RainDance|[upkeep]\n|-heal|p2a: Bellibolt|33/320|[from] item: Leftovers\n|upkeep\n|turn|7\n|\n|t:|1733883673\n|move|p1a: Garchomp|Scale Shot|p2a: Bellibolt\n|-damage|p2a: Bellibolt|0 fnt\n|faint|p2a: Bellibolt\n|-hitcount|p2: Bellibolt|1\n|-unboost|p1a: Garchomp|def|1\n|-boost|p1a: Garchomp|spe|1\n|\n|-weather|none\n|upkeep\n|\n|t:|1733883690\n|switch|p2a: Latios|Latios, L78, M|253/253\n|turn|8\n|\n|t:|1733883700\n|move|p1a: Garchomp|Scale Shot|p2a: Latios\n|-supereffective|p2a: Latios\n|-damage|p2a: Latios|137/253\n|-supereffective|p2a: Latios\n|-damage|p2a: Latios|17/253\n|-supereffective|p2a: Latios\n|-crit|p2a: Latios\n|-damage|p2a: Latios|0 fnt\n|faint|p2a: Latios\n|-hitcount|p2: Latios|3\n|-unboost|p1a: Garchomp|def|1\n|-boost|p1a: Garchomp|spe|1\n|\n|upkeep\n|-message|wodjff forfeited.\n|\n|win|Kherax\n|raw|Kherax's rating: 1258 &rarr; <strong>1280</strong><br />(+22 for winning)\n|raw|wodjff's rating: 1214 &rarr; <strong>1192</strong><br />(-22 for losing)\n|l|\u2606wodjff\n|player|p2|\n", "inputlog": ">version bfd83cad13791eb5a5a409923076391caf6fb4d4\n>start {\"formatid\":\"gen9randombattle\",\"seed\":[60801,1991,46737,16902],\"rated\":\"Rated battle\"}\n>player p1 {\"name\":\"Kherax\",\"avatar\":\"2\",\"rating\":1258,\"seed\":[27552,9564,35031,28635]}\n>player p2 {\"name\":\"wodjff\",\"avatar\":\"170\",\"rating\":1214,\"seed\":[3881,55099,9079,22682]}\n>p1 move ironhead\n>p2 move partingshot\n>p1 switch 5\n>p2 switch 3\n>p1 move raindance\n>p2 switch 2\n>p1 move wavecrash\n>p2 move thunderbolt\n>p1 switch 2\n>p1 move swordsdance\n>p2 move slackoff\n>p1 move scaleshot\n>p2 move muddywater terastallize\n>p1 move scaleshot\n>p2 move slackoff\n>p2 switch 5\n>p1 move scaleshot\n>p2 move dracometeor\n>forcelose p2", "uploadtime": 1733883722, "views": 4, "formatid": "gen9randombattle", "rating": 1192, "private": 0, "password": null}