{"id": "gen9randombattle-2260705295", "format": "[Gen 9] Random Battle", "players": ["Bauttom", "spankymcnutt"], "log": "|j|\u2606Bauttom\n|j|\u203dspankymcnutt\n|t:|1733880780\n|gametype|singles\n|player|p1|Bauttom|scientist-gen4|1502\n|player|p2|spankymcnutt|102|1450\n|teamsize|p1|6\n|teamsize|p2|6\n|gen|9\n|tier|[Gen 9] Random Battle\n|rated|\n|rule|Species Clause: Limit one of each Pok\u00e9mon\n|rule|HP Percentage Mod: HP is shown in percentages\n|rule|Sleep Clause Mod: Limit one foe put to sleep\n|rule|Illusion Level Mod: Illusion disguises the Pok\u00e9mon's true level\n|\n|t:|1733880780\n|start\n|switch|p1a: Mismagius|Mismagius, L86, M|243/243\n|switch|p2a: Cloyster|Cloyster, L80, M|211/211\n|turn|1\n|inactive|Battle timer is ON: inactive players will automatically lose when time's up. (requested by Bauttom)\n|\n|t:|1733880806\n|switch|p2a: Skuntank|Skuntank, L84, M|310/310\n|move|p1a: Mismagius|Thunderbolt|p2a: Skuntank\n|-damage|p2a: Skuntank|193/310\n|-damage|p1a: Mismagius|219/243|[from] item: Life Orb\n|\n|upkeep\n|turn|2\n|\n|t:|1733880818\n|move|p1a: Mismagius|Thunderbolt|p2a: Skuntank\n|-damage|p2a: Skuntank|64/310\n|-damage|p1a: Mismagius|195/243|[from] item: Life Orb\n|move|p2a: Skuntank|Toxic Spikes|p1a: Mismagius\n|-sidestart|p1: Bauttom|move: Toxic Spikes\n|\n|upkeep\n|turn|3\n|\n|t:|1733880834\n|switch|p2a: Dachsbun|Dachsbun, L92, F|254/254\n|move|p1a: Mismagius|Thunderbolt|p2a: Dachsbun\n|-damage|p2a: Dachsbun|157/254\n|-damage|p1a: Mismagius|171/243|[from] item: Life Orb\n|\n|-heal|p2a: Dachsbun|172/254|[from] item: Leftovers\n|upkeep\n|turn|4\n|\n|t:|1733880849\n|move|p1a: Mismagius|Shadow Ball|p2a: Dachsbun\n|-crit|p2a: Dachsbun\n|-damage|p2a: Dachsbun|0 fnt\n|faint|p2a: Dachsbun\n|-damage|p1a: Mismagius|147/243|[from] item: Life Orb\n|\n|upkeep\n|\n|t:|1733880858\n|switch|p2a: Furret|Furret, L94, M|312/312\n|-item|p1a: Mismagius|Life Orb|[from] ability: Frisk|[of] p2a: Furret\n|turn|5\n|\n|t:|1733880864\n|move|p1a: Mismagius|Thunderbolt|p2a: Furret\n|-crit|p2a: Furret\n|-damage|p2a: Furret|135/312\n|-damage|p1a: Mismagius|123/243|[from] item: Life Orb\n|move|p2a: Furret|Knock Off|p1a: Mismagius\n|-supereffective|p1a: Mismagius\n|-damage|p1a: Mismagius|0 fnt\n|-enditem|p1a: Mismagius|Life Orb|[from] move: Knock Off|[of] p2a: Furret\n|faint|p1a: Mismagius\n|-damage|p2a: Furret|104/312|[from] item: Life Orb\n|\n|upkeep\n|\n|t:|1733880869\n|switch|p1a: Grafaiai|Grafaiai, L86, M|249/249\n|-sideend|p1: Bauttom|move: Toxic Spikes|[of] p1a: Grafaiai\n|turn|6\n|\n|t:|1733880880\n|move|p1a: Grafaiai|Knock Off|p2a: Furret\n|-damage|p2a: Furret|0 fnt\n|-enditem|p2a: Furret|Life Orb|[from] move: Knock Off|[of] p1a: Grafaiai\n|faint|p2a: Furret\n|-damage|p1a: Grafaiai|225/249|[from] item: Life Orb\n|\n|upkeep\n|\n|t:|1733880894\n|switch|p2a: Cloyster|Cloyster, L80, M|211/211\n|turn|7\n|\n|t:|1733880901\n|move|p1a: Grafaiai|Low Kick|p2a: Cloyster\n|-supereffective|p2a: Cloyster\n|-damage|p2a: Cloyster|91/211\n|-damage|p1a: Grafaiai|201/249|[from] item: Life Orb\n|move|p2a: Cloyster|Shell Smash|p2a: Cloyster\n|-unboost|p2a: Cloyster|def|1\n|-unboost|p2a: Cloyster|spd|1\n|-boost|p2a: Cloyster|atk|2\n|-boost|p2a: Cloyster|spa|2\n|-boost|p2a: Cloyster|spe|2\n|-enditem|p2a: Cloyster|White Herb\n|-clearnegativeboost|p2a: Cloyster|[silent]\n|\n|upkeep\n|turn|8\n|\n|t:|1733880913\n|move|p2a: Cloyster|Drill Run|p1a: Grafaiai\n|-supereffective|p1a: Grafaiai\n|-damage|p1a: Grafaiai|0 fnt\n|faint|p1a: Grafaiai\n|\n|upkeep\n|\n|t:|1733880933\n|switch|p1a: Reuniclus|Reuniclus, L88, M|337/337\n|turn|9\n|\n|t:|1733880940\n|move|p2a: Cloyster|Icicle Spear|p1a: Reuniclus\n|-damage|p1a: Reuniclus|286/337\n|-damage|p1a: Reuniclus|235/337\n|-damage|p1a: Reuniclus|180/337\n|-damage|p1a: Reuniclus|131/337\n|-damage|p1a: Reuniclus|79/337\n|-hitcount|p1a: Reuniclus|5\n|move|p1a: Reuniclus|Psychic|p2a: Cloyster\n|-damage|p2a: Cloyster|0 fnt\n|faint|p2a: Cloyster\n|\n|upkeep\n|\n|t:|1733880951\n|switch|p2a: Skuntank|Skuntank, L84, M|64/310\n|turn|10\n|\n|t:|1733880955\n|move|p2a: Skuntank|Knock Off|p1a: Reuniclus\n|-supereffective|p1a: Reuniclus\n|-damage|p1a: Reuniclus|0 fnt\n|-enditem|p1a: Reuniclus|Life Orb|[from] move: Knock Off|[of] p2a: Skuntank\n|faint|p1a: Reuniclus\n|-damage|p2a: Skuntank|33/310|[from] item: Life Orb\n|\n|upkeep\n|\n|t:|1733880964\n|switch|p1a: Smeargle|Smeargle, L95, M|258/258\n|turn|11\n|\n|t:|1733880979\n|move|p1a: Smeargle|Spore|p2a: Skuntank\n|-status|p2a: Skuntank|slp|[from] move: Spore\n|cant|p2a: Skuntank|slp\n|\n|upkeep\n|turn|12\n|\n|t:|1733880994\n|switch|p2a: Chandelure|Chandelure, L83, F|235/235\n|move|p1a: Smeargle|Sticky Web|p2a: Chandelure\n|-sidestart|p2: spankymcnutt|move: Sticky Web\n|\n|upkeep\n|turn|13\n|\n|t:|1733881014\n|move|p2a: Chandelure|Fire Blast|p1a: Smeargle\n|-damage|p1a: Smeargle|51/258\n|-status|p1a: Smeargle|brn\n|move|p1a: Smeargle|Ceaseless Edge|p2a: Chandelure|[miss]\n|-miss|p1a: Smeargle|p2a: Chandelure\n|\n|-damage|p1a: Smeargle|35/258 brn|[from] brn\n|upkeep\n|turn|14\n|\n|t:|1733881025\n|switch|p2a: Skuntank|Skuntank, L84, M|33/310 slp\n|-activate|p2a: Skuntank|move: Sticky Web\n|-unboost|p2a: Skuntank|spe|1\n|move|p1a: Smeargle|Ceaseless Edge|p2a: Skuntank\n|-resisted|p2a: Skuntank\n|-damage|p2a: Skuntank|26/310 slp\n|-sidestart|p2: spankymcnutt|Spikes\n|\n|-damage|p1a: Smeargle|19/258 brn|[from] brn\n|upkeep\n|turn|15\n|\n|t:|1733881035\n|move|p1a: Smeargle|Stealth Rock|p2a: Skuntank\n|-sidestart|p2: spankymcnutt|move: Stealth Rock\n|-curestatus|p2a: Skuntank|slp|[msg]\n|move|p2a: Skuntank|Gunk Shot|p1a: Smeargle\n|-damage|p1a: Smeargle|0 fnt\n|faint|p1a: Smeargle\n|-damage|p2a: Skuntank|0 fnt|[from] item: Life Orb\n|faint|p2a: Skuntank\n|\n|upkeep\n|inactive|Bauttom has 120 seconds left.\n|\n|t:|1733881083\n|switch|p1a: Venusaur|Venusaur, L84, M|272/272\n|switch|p2a: Chandelure|Chandelure, L83, F|235/235\n|-activate|p2a: Chandelure|move: Sticky Web\n|-unboost|p2a: Chandelure|spe|1\n|-damage|p2a: Chandelure|206/235|[from] Spikes\n|-damage|p2a: Chandelure|148/235|[from] Stealth Rock\n|turn|16\n|\n|t:|1733881094\n|move|p1a: Venusaur|Substitute|p1a: Venusaur\n|-start|p1a: Venusaur|Substitute\n|-damage|p1a: Venusaur|204/272\n|move|p2a: Chandelure|Fire Blast|p1a: Venusaur\n|-supereffective|p1a: Venusaur\n|-end|p1a: Venusaur|Substitute\n|\n|-heal|p1a: Venusaur|221/272|[from] item: Leftovers\n|upkeep\n|turn|17\n|inactive|Bauttom has 120 seconds left.\n|\n|t:|1733881123\n|move|p1a: Venusaur|Substitute|p1a: Venusaur\n|-start|p1a: Venusaur|Substitute\n|-damage|p1a: Venusaur|153/272\n|move|p2a: Chandelure|Fire Blast|p1a: Venusaur\n|-supereffective|p1a: Venusaur\n|-end|p1a: Venusaur|Substitute\n|\n|-heal|p1a: Venusaur|170/272|[from] item: Leftovers\n|upkeep\n|turn|18\n|\n|t:|1733881136\n|move|p1a: Venusaur|Substitute|p1a: Venusaur\n|-start|p1a: Venusaur|Substitute\n|-damage|p1a: Venusaur|102/272\n|move|p2a: Chandelure|Fire Blast|p1a: Venusaur\n|-supereffective|p1a: Venusaur\n|-end|p1a: Venusaur|Substitute\n|\n|-heal|p1a: Venusaur|119/272|[from] item: Leftovers\n|upkeep\n|turn|19\n|\n|t:|1733881144\n|move|p1a: Venusaur|Substitute|p1a: Venusaur\n|-start|p1a: Venusaur|Substitute\n|-damage|p1a: Venusaur|51/272\n|move|p2a: Chandelure|Fire Blast|p1a: Venusaur\n|-supereffective|p1a: Venusaur\n|-end|p1a: Venusaur|Substitute\n|\n|-heal|p1a: Venusaur|68/272|[from] item: Leftovers\n|upkeep\n|turn|20\n|inactive|Bauttom has 120 seconds left.\n|\n|t:|1733881152\n|move|p1a: Venusaur|Sleep Powder|p2a: Chandelure\n|-status|p2a: Chandelure|slp|[from] move: Sleep Powder\n|cant|p2a: Chandelure|slp\n|\n|-heal|p1a: Venusaur|85/272|[from] item: Leftovers\n|upkeep\n|turn|21\n|\n|t:|1733881159\n|move|p1a: Venusaur|Leech Seed|p2a: Chandelure\n|-start|p2a: Chandelure|move: Leech Seed\n|-curestatus|p2a: Chandelure|slp|[msg]\n|move|p2a: Chandelure|Fire Blast|p1a: Venusaur\n|-supereffective|p1a: Venusaur\n|-damage|p1a: Venusaur|0 fnt\n|faint|p1a: Venusaur\n|\n|upkeep\n|\n|t:|1733881166\n|switch|p1a: Gogoat|Gogoat, L88, M|360/360\n|turn|22\n|\n|t:|1733881170\n|move|p2a: Chandelure|Fire Blast|p1a: Gogoat\n|-supereffective|p1a: Gogoat\n|-damage|p1a: Gogoat|40/360\n|move|p1a: Gogoat|Earthquake|p2a: Chandelure\n|-supereffective|p2a: Chandelure\n|-damage|p2a: Chandelure|2/235\n|\n|-heal|p1a: Gogoat|62/360|[from] item: Leftovers\n|-damage|p2a: Chandelure|0 fnt|[from] Leech Seed|[of] p1a: Gogoat\n|-heal|p1a: Gogoat|64/360|[silent]\n|faint|p2a: Chandelure\n|upkeep\n|\n|t:|1733881180\n|switch|p2a: Volcanion|Volcanion, L79|255/255\n|-activate|p2a: Volcanion|move: Sticky Web\n|-unboost|p2a: Volcanion|spe|1\n|-damage|p2a: Volcanion|224/255|[from] Spikes\n|-damage|p2a: Volcanion|161/255|[from] Stealth Rock\n|turn|23\n|\n|t:|1733881190\n|-terastallize|p1a: Gogoat|Ground\n|-terastallize|p2a: Volcanion|Ground\n|move|p1a: Gogoat|Earthquake|p2a: Volcanion\n|-damage|p2a: Volcanion|65/255\n|move|p2a: Volcanion|Flamethrower|p1a: Gogoat\n|-damage|p1a: Gogoat|0 fnt\n|faint|p1a: Gogoat\n|\n|win|spankymcnutt\n|raw|Bauttom's rating: 1502 &rarr; <strong>1479</strong><br />(-23 for losing)\n|raw|spankymcnutt's rating: 1450 &rarr; <strong>1473</strong><br />(+23 for winning)\n|l|\u2606Bauttom\n|player|p1|\n|l|\u203dspankymcnutt\n|player|p2|\n|j|\u203dspankymcnutt\n|player|p2|spankymcnutt|102|\n|n|\u203dspankymcnutt|spankymcnutt\n", "inputlog": ">version bfd83cad13791eb5a5a409923076391caf6fb4d4\n>start {\"formatid\":\"gen9randombattle\",\"seed\":[46405,25519,56490,44498],\"rated\":\"Rated battle\"}\n>player p1 {\"name\":\"Bauttom\",\"avatar\":\"scientist-gen4\",\"rating\":1502,\"seed\":[25350,10920,3631,31265]}\n>player p2 {\"name\":\"spankymcnutt\",\"avatar\":\"102\",\"rating\":1450,\"seed\":[31891,22159,64483,22401]}\n>p1 move thunderbolt\n>p2 switch 4\n>p1 move thunderbolt\n>p2 move toxicspikes\n>p1 move thunderbolt\n>p2 switch 2\n>p1 move shadowball\n>p2 move wish\n>p2 switch 5\n>p1 move thunderbolt\n>p2 move knockoff\n>p1 switch 4\n>p1 move knockoff\n>p2 move brickbreak\n>p2 switch 4\n>p1 move lowkick\n>p2 move shellsmash\n>p1 move lowkick\n>p2 move drillrun\n>p1 switch 6\n>p1 move psychic\n>p2 move iciclespear\n>p2 switch 2\n>p1 move focusblast\n>p2 move knockoff\n>p1 switch 2\n>p1 move spore\n>p2 move gunkshot\n>p1 move stickyweb\n>p2 switch 6\n>p1 move ceaselessedge\n>p2 move fireblast\n>p1 move ceaselessedge\n>p2 switch 6\n>p1 move stealthrock\n>p2 move gunkshot\n>p1 switch 3\n>p2 switch 6\n>p1 move substitute\n>p2 move fireblast\n>p1 move substitute\n>p2 move fireblast\n>p1 move substitute\n>p2 move fireblast\n>p1 move substitute\n>p2 move fireblast\n>p1 move sleeppowder\n>p2 move fireblast\n>p1 move leechseed\n>p2 move fireblast\n>p1 switch 5\n>p1 move earthquake\n>p2 move fireblast\n>p2 switch 3\n>p1 move earthquake terastallize\n>p2 move flamethrower terastallize", "uploadtime": 1733881329, "views": 1, "formatid": "gen9randombattle", "rating": 1473, "private": 0, "password": null}