{"id": "gen9randombattle-2260742153", "format": "[Gen 9] Random Battle", "players": ["Nimaru", "cial chat ro"], "log": "|j|\u2606Nimaru\n|j|\u2606cial chat ro\n|t:|1733885591\n|gametype|singles\n|player|p1|Nimaru|1|1192\n|player|p2|cial chat ro|blackbelt-gen4dp|1241\n|teamsize|p1|6\n|teamsize|p2|6\n|gen|9\n|tier|[Gen 9] Random Battle\n|rated|\n|rule|Species Clause: Limit one of each Pok\u00e9mon\n|rule|HP Percentage Mod: HP is shown in percentages\n|rule|Sleep Clause Mod: Limit one foe put to sleep\n|rule|Illusion Level Mod: Illusion disguises the Pok\u00e9mon's true level\n|\n|t:|1733885591\n|start\n|switch|p1a: Hippowdon|Hippowdon, L82, F|311/311\n|switch|p2a: Crabominable|Crabominable, L90, M|321/321\n|-weather|Sandstorm|[from] ability: Sand Stream|[of] p1a: Hippowdon\n|turn|1\n|inactive|Battle timer is ON: inactive players will automatically lose when time's up. (requested by Nimaru)\n|\n|t:|1733885612\n|move|p2a: Crabominable|Ice Hammer|p1a: Hippowdon\n|-supereffective|p1a: Hippowdon\n|-crit|p1a: Hippowdon\n|-damage|p1a: Hippowdon|0 fnt\n|-unboost|p2a: Crabominable|spe|1\n|faint|p1a: Hippowdon\n|\n|-weather|Sandstorm|[upkeep]\n|-damage|p2a: Crabominable|301/321|[from] Sandstorm\n|upkeep\n|\n|t:|1733885616\n|switch|p1a: Frosmoth|Frosmoth, L82, F|249/249\n|turn|2\n|inactive|cial chat ro has 120 seconds left.\n|\n|t:|1733885647\n|move|p1a: Frosmoth|Quiver Dance|p1a: Frosmoth\n|-boost|p1a: Frosmoth|spa|1\n|-boost|p1a: Frosmoth|spd|1\n|-boost|p1a: Frosmoth|spe|1\n|move|p2a: Crabominable|Knock Off|p1a: Frosmoth\n|-damage|p1a: Frosmoth|110/249\n|-enditem|p1a: Frosmoth|Heavy-Duty Boots|[from] move: Knock Off|[of] p2a: Crabominable\n|\n|-weather|Sandstorm|[upkeep]\n|-damage|p1a: Frosmoth|95/249|[from] Sandstorm\n|-damage|p2a: Crabominable|281/321|[from] Sandstorm\n|upkeep\n|turn|3\n|\n|t:|1733885660\n|move|p1a: Frosmoth|Bug Buzz|p2a: Crabominable\n|-resisted|p2a: Crabominable\n|-damage|p2a: Crabominable|220/321\n|move|p2a: Crabominable|Drain Punch|p1a: Frosmoth\n|-damage|p1a: Frosmoth|0 fnt\n|-heal|p2a: Crabominable|268/321|[from] drain|[of] p1a: Frosmoth\n|faint|p1a: Frosmoth\n|\n|-weather|Sandstorm|[upkeep]\n|-damage|p2a: Crabominable|248/321|[from] Sandstorm\n|upkeep\n|\n|t:|1733885665\n|switch|p1a: Hatterene|Hatterene, L85, F|236/236\n|turn|4\n|inactive|cial chat ro has 120 seconds left.\n|\n|t:|1733885689\n|move|p1a: Hatterene|Mystical Fire|p2a: Crabominable\n|-supereffective|p2a: Crabominable\n|-damage|p2a: Crabominable|132/321\n|-unboost|p2a: Crabominable|spa|1\n|move|p2a: Crabominable|Knock Off|p1a: Hatterene\n|-damage|p1a: Hatterene|136/236\n|-enditem|p1a: Hatterene|Assault Vest|[from] move: Knock Off|[of] p2a: Crabominable\n|\n|-weather|Sandstorm|[upkeep]\n|-damage|p1a: Hatterene|122/236|[from] Sandstorm\n|-damage|p2a: Crabominable|112/321|[from] Sandstorm\n|upkeep\n|turn|5\n|inactive|cial chat ro has 120 seconds left.\n|\n|t:|1733885701\n|move|p1a: Hatterene|Mystical Fire|p2a: Crabominable\n|-supereffective|p2a: Crabominable\n|-damage|p2a: Crabominable|2/321\n|-unboost|p2a: Crabominable|spa|1\n|move|p2a: Crabominable|Ice Hammer|p1a: Hatterene\n|-damage|p1a: Hatterene|0 fnt\n|-unboost|p2a: Crabominable|spe|1\n|faint|p1a: Hatterene\n|\n|-weather|none\n|upkeep\n|\n|t:|1733885712\n|switch|p1a: Ampharos|Ampharos, L88, F|302/302\n|turn|6\n|\n|t:|1733885716\n|move|p1a: Ampharos|Thunderbolt|p2a: Crabominable\n|-crit|p2a: Crabominable\n|-damage|p2a: Crabominable|0 fnt\n|faint|p2a: Crabominable\n|-damage|p1a: Ampharos|272/302|[from] item: Life Orb\n|\n|upkeep\n|\n|t:|1733885729\n|switch|p2a: Cyclizar|Cyclizar, L83, M|252/252\n|turn|7\n|\n|t:|1733885751\n|move|p2a: Cyclizar|Shed Tail|p2a: Cyclizar\n|-start|p2a: Cyclizar|Substitute|[from] move: Shed Tail\n|-damage|p2a: Cyclizar|126/252\n|\n|t:|1733885762\n|switch|p2a: Venomoth|Venomoth, L84, F|255/255|[from] Shed Tail\n|move|p1a: Ampharos|Focus Blast|p2a: Venomoth|[miss]\n|-miss|p1a: Ampharos|p2a: Venomoth\n|\n|upkeep\n|turn|8\n|\n|t:|1733885772\n|move|p2a: Venomoth|Quiver Dance|p2a: Venomoth\n|-boost|p2a: Venomoth|spa|1\n|-boost|p2a: Venomoth|spd|1\n|-boost|p2a: Venomoth|spe|1\n|move|p1a: Ampharos|Agility|p1a: Ampharos\n|-boost|p1a: Ampharos|spe|2\n|\n|upkeep\n|turn|9\n|\n|t:|1733885779\n|move|p2a: Venomoth|Sleep Powder|p1a: Ampharos|[miss]\n|-miss|p2a: Venomoth|p1a: Ampharos\n|move|p1a: Ampharos|Dazzling Gleam|p2a: Venomoth\n|-resisted|p2a: Venomoth\n|-activate|p2a: Venomoth|move: Substitute|[damage]\n|-damage|p1a: Ampharos|242/302|[from] item: Life Orb\n|\n|upkeep\n|turn|10\n|\n|t:|1733885786\n|move|p2a: Venomoth|Sleep Powder|p1a: Ampharos\n|-status|p1a: Ampharos|slp|[from] move: Sleep Powder\n|cant|p1a: Ampharos|slp\n|\n|upkeep\n|turn|11\n|-message|Nimaru forfeited.\n|\n|win|cial chat ro\n|raw|Nimaru's rating: 1192 &rarr; <strong>1171</strong><br />(-21 for losing)\n|raw|cial chat ro's rating: 1241 &rarr; <strong>1262</strong><br />(+21 for winning)\n|l|\u2606Nimaru\n|player|p1|\n", "inputlog": ">version bfd83cad13791eb5a5a409923076391caf6fb4d4\n>start {\"formatid\":\"gen9randombattle\",\"seed\":[51974,26140,55735,21328],\"rated\":\"Rated battle\"}\n>player p1 {\"name\":\"Nimaru\",\"avatar\":\"1\",\"rating\":1192,\"seed\":[57382,58426,62401,17704]}\n>player p2 {\"name\":\"cial chat ro\",\"avatar\":\"blackbelt-gen4dp\",\"rating\":1241,\"seed\":[7747,45318,8388,43118]}\n>p1 move stoneedge\n>p2 move icehammer\n>p1 switch 5\n>p1 move quiverdance\n>p2 move knockoff\n>p1 move bugbuzz\n>p2 move drainpunch\n>p1 switch 2\n>p1 move mysticalfire\n>p2 move knockoff\n>p1 move mysticalfire\n>p2 move icehammer\n>p1 switch 4\n>p1 move thunderbolt\n>p2 move earthquake\n>p2 switch 3\n>p1 move focusblast\n>p2 move shedtail\n>p2 switch 6\n>p1 move agility\n>p2 move quiverdance\n>p1 move dazzlinggleam\n>p2 move sleeppowder\n>p1 move dazzlinggleam\n>p2 move sleeppowder\n>forcelose p1", "uploadtime": 1733885802, "views": 6, "formatid": "gen9randombattle", "rating": 1171, "private": 0, "password": null}