{"id": "gen9randombattle-2169341929", "format": "[Gen 9] Random Battle", "players": ["Dastan14", "20 Million GXE"], "log": "|badge|p2|bronze|gen9randombattle|100-2\n|uhtml|medal-msg|<div class=\"broadcast-blue\">Curious what those medals under the avatar are? PS now has Ladder Seasons! For more information, check out the <a href=\"https://www.smogon.com/forums/threads/3740067/\">thread on Smogon.</a></div>\n|j|\u2606Dastan14\n|j|\u260620 Million GXE\n|t:|1722231542\n|gametype|singles\n|player|p1|Dastan14|backpacker|2181\n|player|p2|20 Million GXE|turo-ai|2392\n|teamsize|p1|6\n|teamsize|p2|6\n|gen|9\n|tier|[Gen 9] Random Battle\n|rated|\n|rule|Species Clause: Limit one of each Pok\u00e9mon\n|rule|HP Percentage Mod: HP is shown in percentages\n|rule|Sleep Clause Mod: Limit one foe put to sleep\n|rule|Illusion Level Mod: Illusion disguises the Pok\u00e9mon's true level\n|\n|t:|1722231542\n|start\n|switch|p1a: Chandelure|Chandelure, L83, M|235/235\n|switch|p2a: Squawkabilly|Squawkabilly-Yellow, L89, M|291/291\n|turn|1\n|inactive|Battle timer is ON: inactive players will automatically lose when time's up. (requested by 20 Million GXE)\n|\n|t:|1722231564\n|switch|p1a: Sandy Shocks|Sandy Shocks, L80|267/267\n|move|p2a: Squawkabilly|Brave Bird|p1a: Sandy Shocks\n|-resisted|p1a: Sandy Shocks\n|-damage|p1a: Sandy Shocks|118/267\n|-damage|p2a: Squawkabilly|242/291|[from] Recoil\n|\n|-heal|p1a: Sandy Shocks|134/267|[from] item: Leftovers\n|upkeep\n|turn|2\n|\n|t:|1722231580\n|-end|p1a: Sandy Shocks|Protosynthesis|[silent]\n|switch|p1a: Skuntank|Skuntank, L84, M|310/310\n|move|p2a: Squawkabilly|Brave Bird|p1a: Skuntank|[miss]\n|-miss|p2a: Squawkabilly|p1a: Skuntank\n|\n|upkeep\n|turn|3\n|\n|t:|1722231588\n|move|p1a: Skuntank|Sucker Punch|p2a: Squawkabilly\n|-damage|p2a: Squawkabilly|117/291\n|-damage|p1a: Skuntank|279/310|[from] item: Life Orb\n|move|p2a: Squawkabilly|Brave Bird|p1a: Skuntank\n|-damage|p1a: Skuntank|0 fnt\n|-damage|p2a: Squawkabilly|45/291|[from] ability: Aftermath|[of] p1a: Skuntank\n|faint|p1a: Skuntank\n|-damage|p2a: Squawkabilly|0 fnt|[from] Recoil\n|faint|p2a: Squawkabilly\n|\n|upkeep\n|\n|t:|1722231603\n|switch|p2a: Iron Bundle|Iron Bundle, L77|213/213\n|switch|p1a: Ninetales|Ninetales-Alola, L79, M|245/245\n|-weather|Snow|[from] ability: Snow Warning|[of] p1a: Ninetales\n|turn|4\n|j| mfssonsofbitches\n|\n|t:|1722231613\n|move|p2a: Iron Bundle|Hydro Pump|p1a: Ninetales|[miss]\n|-miss|p2a: Iron Bundle|p1a: Ninetales\n|move|p1a: Ninetales|Aurora Veil|p1a: Ninetales\n|-sidestart|p1: Dastan14|move: Aurora Veil\n|\n|-weather|Snow|[upkeep]\n|upkeep\n|turn|5\n|\n|t:|1722231622\n|-end|p2a: Iron Bundle|Quark Drive|[silent]\n|switch|p2a: Rotom|Rotom-Heat, L83|219/219\n|move|p1a: Ninetales|Moonblast|p2a: Rotom\n|-resisted|p2a: Rotom\n|-damage|p2a: Rotom|185/219\n|\n|-weather|Snow|[upkeep]\n|upkeep\n|turn|6\n|\n|t:|1722231638\n|switch|p1a: Sandy Shocks|Sandy Shocks, L80|134/267\n|move|p2a: Rotom|Nasty Plot|p2a: Rotom\n|-boost|p2a: Rotom|spa|2\n|\n|-weather|Snow|[upkeep]\n|-heal|p1a: Sandy Shocks|150/267|[from] item: Leftovers\n|upkeep\n|turn|7\n|\n|t:|1722231650\n|move|p1a: Sandy Shocks|Stealth Rock|p2a: Rotom\n|-sidestart|p2: 20 Million GXE|move: Stealth Rock\n|move|p2a: Rotom|Nasty Plot|p2a: Rotom\n|-boost|p2a: Rotom|spa|2\n|\n|-weather|Snow|[upkeep]\n|-heal|p1a: Sandy Shocks|166/267|[from] item: Leftovers\n|upkeep\n|turn|8\n|\n|t:|1722231662\n|move|p1a: Sandy Shocks|Thunderbolt|p2a: Rotom\n|-resisted|p2a: Rotom\n|-damage|p2a: Rotom|141/219\n|move|p2a: Rotom|Overheat|p1a: Sandy Shocks\n|-damage|p1a: Sandy Shocks|0 fnt\n|-unboost|p2a: Rotom|spa|2\n|faint|p1a: Sandy Shocks\n|-end|p1a: Sandy Shocks|Protosynthesis|[silent]\n|\n|-weather|none\n|upkeep\n|c| mfssonsofbitches|wowza!\n|\n|t:|1722231681\n|switch|p1a: Walking Wake|Walking Wake, L79|286/286\n|turn|9\n|inactive|Dastan14 has 120 seconds left.\n|\n|t:|1722231701\n|switch|p2a: Shiftry|Shiftry, L89, M|305/305\n|-damage|p2a: Shiftry|267/305|[from] Stealth Rock\n|move|p1a: Walking Wake|Draco Meteor|p2a: Shiftry|[miss]\n|-miss|p1a: Walking Wake|p2a: Shiftry\n|\n|upkeep\n|turn|10\n|\n|t:|1722231710\n|-end|p1a: Walking Wake|Protosynthesis|[silent]\n|switch|p1a: Ninetales|Ninetales-Alola, L79, M|245/245\n|-weather|Snow|[from] ability: Snow Warning|[of] p1a: Ninetales\n|move|p2a: Shiftry|Sucker Punch||[still]\n|-fail|p2a: Shiftry\n|\n|-weather|Snow|[upkeep]\n|upkeep\n|turn|11\n|\n|t:|1722231723\n|switch|p2a: Rotom|Rotom-Heat, L83|141/219\n|move|p1a: Ninetales|Blizzard|p2a: Rotom\n|-resisted|p2a: Rotom\n|-damage|p2a: Rotom|102/219\n|\n|-weather|Snow|[upkeep]\n|-sideend|p1: Dastan14|move: Aurora Veil\n|upkeep\n|turn|12\n|\n|t:|1722231732\n|move|p1a: Ninetales|Aurora Veil|p1a: Ninetales\n|-sidestart|p1: Dastan14|move: Aurora Veil\n|move|p2a: Rotom|Pain Split|p1a: Ninetales\n|-sethp|p1a: Ninetales|173/245|[from] move: Pain Split|[silent]\n|-sethp|p2a: Rotom|173/219|[from] move: Pain Split\n|\n|-weather|Snow|[upkeep]\n|upkeep\n|turn|13\n|\n|t:|1722231739\n|switch|p1a: Walking Wake|Walking Wake, L79|286/286\n|move|p2a: Rotom|Thunderbolt|p1a: Walking Wake\n|-damage|p1a: Walking Wake|229/286\n|\n|-weather|Snow|[upkeep]\n|upkeep\n|turn|14\n|\n|t:|1722231749\n|switch|p2a: Shiftry|Shiftry, L89, M|267/305\n|-damage|p2a: Shiftry|229/305|[from] Stealth Rock\n|move|p1a: Walking Wake|Draco Meteor|p2a: Shiftry\n|-damage|p2a: Shiftry|0 fnt\n|-unboost|p1a: Walking Wake|spa|2\n|faint|p2a: Shiftry\n|-damage|p1a: Walking Wake|201/286|[from] item: Life Orb\n|\n|-weather|none\n|upkeep\n|\n|t:|1722231756\n|switch|p2a: Iron Bundle|Iron Bundle, L77|213/213\n|-damage|p2a: Iron Bundle|160/213|[from] Stealth Rock\n|turn|15\n|\n|t:|1722231766\n|-end|p1a: Walking Wake|Protosynthesis|[silent]\n|switch|p1a: Chandelure|Chandelure, L83, M|235/235\n|move|p2a: Iron Bundle|Substitute|p2a: Iron Bundle\n|-start|p2a: Iron Bundle|Substitute\n|-damage|p2a: Iron Bundle|107/213\n|\n|-heal|p2a: Iron Bundle|120/213|[from] item: Leftovers\n|upkeep\n|turn|16\n|\n|t:|1722231775\n|move|p1a: Chandelure|Shadow Ball|p2a: Iron Bundle\n|-end|p2a: Iron Bundle|Substitute\n|move|p2a: Iron Bundle|Hydro Pump|p1a: Chandelure|[miss]\n|-miss|p2a: Iron Bundle|p1a: Chandelure\n|\n|-heal|p2a: Iron Bundle|133/213|[from] item: Leftovers\n|upkeep\n|turn|17\n|\n|t:|1722231784\n|-end|p2a: Iron Bundle|Quark Drive|[silent]\n|switch|p2a: Indeedee|Indeedee-F, L90, F|272/272\n|-damage|p2a: Indeedee|238/272|[from] Stealth Rock\n|-fieldstart|move: Psychic Terrain|[from] ability: Psychic Surge|[of] p2a: Indeedee\n|move|p1a: Chandelure|Shadow Ball|p2a: Indeedee\n|-immune|p2a: Indeedee\n|\n|upkeep\n|turn|18\n|\n|t:|1722231794\n|switch|p1a: Decidueye|Decidueye, L88, F|281/281\n|move|p2a: Indeedee|Psyshock|p1a: Decidueye\n|-damage|p1a: Decidueye|180/281\n|\n|upkeep\n|turn|19\n|\n|t:|1722231803\n|move|p2a: Indeedee|Psyshock|p1a: Decidueye\n|-damage|p1a: Decidueye|71/281\n|move|p1a: Decidueye|U-turn|p2a: Indeedee\n|-supereffective|p2a: Indeedee\n|-damage|p2a: Indeedee|100/272\n|\n|t:|1722231810\n|switch|p1a: Ninetales|Ninetales-Alola, L79, M|173/245|[from] U-turn\n|-weather|Snow|[from] ability: Snow Warning|[of] p1a: Ninetales\n|\n|-weather|Snow|[upkeep]\n|-sideend|p1: Dastan14|move: Aurora Veil\n|upkeep\n|turn|20\n|\n|t:|1722231818\n|move|p1a: Ninetales|Aurora Veil|p1a: Ninetales\n|-sidestart|p1: Dastan14|move: Aurora Veil\n|move|p2a: Indeedee|Psyshock|p1a: Ninetales\n|-damage|p1a: Ninetales|101/245\n|\n|-weather|Snow|[upkeep]\n|upkeep\n|turn|21\n|\n|t:|1722231826\n|move|p1a: Ninetales|Blizzard|p2a: Indeedee\n|-damage|p2a: Indeedee|25/272\n|move|p2a: Indeedee|Psyshock|p1a: Ninetales\n|-damage|p1a: Ninetales|20/245\n|\n|-weather|Snow|[upkeep]\n|-fieldend|move: Psychic Terrain\n|upkeep\n|turn|22\n|\n|t:|1722231837\n|move|p1a: Ninetales|Blizzard|p2a: Indeedee\n|-damage|p2a: Indeedee|0 fnt\n|faint|p2a: Indeedee\n|\n|-weather|Snow|[upkeep]\n|upkeep\n|\n|t:|1722231852\n|switch|p2a: Iron Bundle|Iron Bundle, L77|133/213\n|-damage|p2a: Iron Bundle|80/213|[from] Stealth Rock\n|turn|23\n|\n|t:|1722231864\n|move|p2a: Iron Bundle|Substitute|p2a: Iron Bundle\n|-start|p2a: Iron Bundle|Substitute\n|-damage|p2a: Iron Bundle|27/213\n|move|p1a: Ninetales|Moonblast|p2a: Iron Bundle\n|-end|p2a: Iron Bundle|Substitute\n|\n|-weather|none\n|-heal|p2a: Iron Bundle|40/213|[from] item: Leftovers\n|upkeep\n|turn|24\n|\n|t:|1722231873\n|move|p2a: Iron Bundle|Ice Beam|p1a: Ninetales\n|-resisted|p1a: Ninetales\n|-crit|p1a: Ninetales\n|-damage|p1a: Ninetales|0 fnt\n|faint|p1a: Ninetales\n|\n|-heal|p2a: Iron Bundle|53/213|[from] item: Leftovers\n|upkeep\n|\n|t:|1722231881\n|switch|p1a: Chandelure|Chandelure, L83, M|235/235\n|turn|25\n|\n|t:|1722231884\n|move|p1a: Chandelure|Shadow Ball|p2a: Iron Bundle\n|-damage|p2a: Iron Bundle|0 fnt\n|faint|p2a: Iron Bundle\n|-end|p2a: Iron Bundle|Quark Drive|[silent]\n|\n|upkeep\n|\n|t:|1722231888\n|switch|p2a: Rotom|Rotom-Heat, L83|173/219\n|turn|26\n|\n|t:|1722231896\n|move|p1a: Chandelure|Shadow Ball|p2a: Rotom\n|-damage|p2a: Rotom|70/219\n|move|p2a: Rotom|Pain Split|p1a: Chandelure\n|-sethp|p1a: Chandelure|152/235|[from] move: Pain Split|[silent]\n|-sethp|p2a: Rotom|152/219|[from] move: Pain Split\n|\n|upkeep\n|turn|27\n|\n|t:|1722231907\n|move|p1a: Chandelure|Shadow Ball|p2a: Rotom\n|-damage|p2a: Rotom|59/219\n|move|p2a: Rotom|Nasty Plot|p2a: Rotom\n|-boost|p2a: Rotom|spa|2\n|\n|-sideend|p1: Dastan14|move: Aurora Veil\n|upkeep\n|turn|28\n|\n|t:|1722231916\n|move|p1a: Chandelure|Shadow Ball|p2a: Rotom\n|-damage|p2a: Rotom|0 fnt\n|faint|p2a: Rotom\n|\n|upkeep\n|\n|t:|1722231918\n|switch|p2a: Greninja|Greninja, L80, M|246/246\n|-damage|p2a: Greninja|216/246|[from] Stealth Rock\n|turn|29\n|\n|t:|1722231940\n|switch|p1a: Decidueye|Decidueye, L88, F|71/281\n|move|p2a: Greninja|Dark Pulse|p1a: Decidueye\n|-supereffective|p1a: Decidueye\n|-damage|p1a: Decidueye|0 fnt\n|faint|p1a: Decidueye\n|-ability|p2a: Greninja|Battle Bond|boost\n|-boost|p2a: Greninja|atk|1\n|-boost|p2a: Greninja|spa|1\n|-boost|p2a: Greninja|spe|1\n|-activate|p2a: Greninja|ability: Battle Bond\n|-damage|p2a: Greninja|192/246|[from] item: Life Orb\n|\n|upkeep\n|\n|t:|1722231953\n|switch|p1a: Walking Wake|Walking Wake, L79|201/286\n|turn|30\n|\n|t:|1722231961\n|move|p2a: Greninja|Dark Pulse|p1a: Walking Wake\n|-damage|p1a: Walking Wake|29/286\n|-damage|p2a: Greninja|168/246|[from] item: Life Orb\n|move|p1a: Walking Wake|Draco Meteor|p2a: Greninja\n|-damage|p2a: Greninja|0 fnt\n|-unboost|p1a: Walking Wake|spa|2\n|faint|p2a: Greninja\n|-damage|p1a: Walking Wake|1/286|[from] item: Life Orb\n|\n|win|Dastan14\n|raw|Dastan14's rating: 2181 &rarr; <strong>2212</strong><br />(+31 for winning)\n|raw|20 Million GXE's rating: 2392 &rarr; <strong>2361</strong><br />(-31 for losing)\n|c|\u2606Dastan14|wowza!\n|l|\u260620 Million GXE\n|player|p2|\n|l|\u2606Dastan14\n|player|p1|\n", "inputlog": ">version 3c8c0ba6a3441824201ce9f0cf68dcc094963845\n>start {\"formatid\":\"gen9randombattle\",\"seed\":[58650,27063,8342,17744],\"rated\":\"Rated battle\"}\n>player p1 {\"name\":\"Dastan14\",\"avatar\":\"backpacker\",\"rating\":2181,\"seed\":[4691,26217,45341,11960]}\n>player p2 {\"name\":\"20 Million GXE\",\"avatar\":\"turo-ai\",\"rating\":2392,\"seed\":[35775,35903,20570,4756]}\n>p1 switch 5\n>p2 move bravebird\n>p1 switch 3\n>p2 move bravebird\n>p1 move suckerpunch\n>p2 move bravebird\n>p1 switch 2\n>p2 switch 3\n>p1 move auroraveil\n>p2 move hydropump\n>p1 move moonblast\n>p2 switch 2\n>p1 switch 3\n>p2 move nastyplot\n>p1 move stealthrock\n>p2 move nastyplot\n>p1 move thunderbolt\n>p2 move overheat\n>chat  mfssonsofbitches|wowza!\n>p1 switch 4\n>p1 move dracometeor\n>p2 switch 5\n>p1 switch 3\n>p2 move suckerpunch\n>p1 move blizzard\n>p2 switch 5\n>p1 move auroraveil\n>p2 move painsplit\n>p1 switch 3\n>p2 move thunderbolt\n>p1 move dracometeor\n>p2 switch 5\n>p2 switch 2\n>p1 switch 5\n>p2 move substitute\n>p1 move shadowball\n>p2 move hydropump\n>p1 move shadowball\n>p2 switch 6\n>p1 switch 6\n>p2 move psyshock\n>p1 move uturn\n>p2 move psyshock\n>p1 switch 3\n>p1 move auroraveil\n>p2 move psyshock\n>p1 move blizzard\n>p2 move psyshock\n>p1 move blizzard\n>p2 move psyshock\n>p2 switch 6\n>p1 move moonblast\n>p2 move substitute\n>p1 move moonblast\n>p2 move icebeam\n>p1 switch 6\n>p1 move shadowball\n>p2 move hydropump\n>p2 switch 5\n>p1 move shadowball\n>p2 move painsplit\n>p1 move shadowball\n>p2 move nastyplot\n>p1 move shadowball\n>p2 move nastyplot\n>p2 switch 4\n>p1 switch 3\n>p2 move darkpulse\n>p1 switch 5\n>p1 move dracometeor\n>p2 move darkpulse", "uploadtime": 1722232131, "views": 158, "formatid": "gen9randombattle", "rating": 2212, "private": 0, "password": null}