{"id": "gen9randombattle-2176252870", "format": "[Gen 9] Random Battle", "players": ["BoredApeYachtClub", "LizarDune"], "log": "|badge|p2|bronze|gen9randombattle|100-2\n|uhtml|medal-msg|<div class=\"broadcast-blue\">Curious what those medals under the avatar are? PS now has Ladder Seasons! For more information, check out the <a href=\"https://www.smogon.com/forums/threads/3740067/\">thread on Smogon.</a></div>\n|j|\u203dBoredApeYachtClub\n|j|\u2606LizarDune\n|t:|1723151087\n|gametype|singles\n|player|p1|BoredApeYachtClub|169|2305\n|player|p2|LizarDune|musician|2387\n|teamsize|p1|6\n|teamsize|p2|6\n|gen|9\n|tier|[Gen 9] Random Battle\n|rated|\n|rule|Species Clause: Limit one of each Pok\u00e9mon\n|rule|HP Percentage Mod: HP is shown in percentages\n|rule|Sleep Clause Mod: Limit one foe put to sleep\n|rule|Illusion Level Mod: Illusion disguises the Pok\u00e9mon's true level\n|\n|t:|1723151087\n|start\n|switch|p1a: Electrode|Electrode-Hisui, L87|246/246\n|switch|p2a: Brute Bonnet|Brute Bonnet, L81|312/312\n|turn|1\n|inactive|Battle timer is ON: inactive players will automatically lose when time's up. (requested by LizarDune)\n|\n|t:|1723151115\n|switch|p1a: Vileplume|Vileplume, L86, M|269/269\n|move|p2a: Brute Bonnet|Spore|p1a: Vileplume\n|-immune|p1a: Vileplume\n|\n|upkeep\n|turn|2\n|\n|t:|1723151140\n|-end|p2a: Brute Bonnet|Protosynthesis|[silent]\n|switch|p2a: Bombirdier|Bombirdier, L85, M|258/258\n|move|p1a: Vileplume|Sleep Powder|p2a: Bombirdier|[miss]\n|-miss|p1a: Vileplume|p2a: Bombirdier\n|\n|upkeep\n|turn|3\n|\n|t:|1723151153\n|switch|p1a: Electrode|Electrode-Hisui, L87|246/246\n|move|p2a: Bombirdier|Brave Bird|p1a: Electrode\n|-damage|p1a: Electrode|15/246\n|-damage|p2a: Bombirdier|182/258|[from] Recoil\n|\n|-heal|p1a: Electrode|30/246|[from] item: Leftovers\n|upkeep\n|turn|4\n|\n|t:|1723151161\n|switch|p1a: Vileplume|Vileplume, L86, M|269/269\n|switch|p2a: Brute Bonnet|Brute Bonnet, L81|312/312\n|\n|upkeep\n|turn|5\n|\n|t:|1723151168\n|-end|p2a: Brute Bonnet|Protosynthesis|[silent]\n|switch|p2a: Passimian|Passimian, L83, F|302/302\n|move|p1a: Vileplume|Sludge Bomb|p2a: Passimian\n|-damage|p2a: Passimian|163/302\n|\n|upkeep\n|turn|6\n|\n|t:|1723151176\n|move|p2a: Passimian|Knock Off|p1a: Vileplume\n|-damage|p1a: Vileplume|195/269\n|-enditem|p1a: Vileplume|Leftovers|[from] move: Knock Off|[of] p2a: Passimian\n|move|p1a: Vileplume|Sleep Powder|p2a: Passimian\n|-status|p2a: Passimian|slp|[from] move: Sleep Powder\n|\n|upkeep\n|turn|7\n|\n|t:|1723151184\n|switch|p2a: Magcargo|Magcargo, L94, M|265/265\n|move|p1a: Vileplume|Sludge Bomb|p2a: Magcargo\n|-resisted|p2a: Magcargo\n|-damage|p2a: Magcargo|217/265\n|\n|upkeep\n|turn|8\n|\n|t:|1723151209\n|switch|p1a: Swanna|Swanna, L88, M|275/275\n|move|p2a: Magcargo|Stealth Rock|p1a: Swanna\n|-sidestart|p1: BoredApeYachtClub|move: Stealth Rock\n|\n|upkeep\n|turn|9\n|inactive|BoredApeYachtClub has 120 seconds left.\n|inactive|LizarDune has 120 seconds left.\n|j| Teres bahji\n|\n|t:|1723151260\n|switch|p2a: Reuniclus|Reuniclus, L88, F|337/337\n|move|p1a: Swanna|Hydro Pump|p2a: Reuniclus\n|-damage|p2a: Reuniclus|226/337\n|\n|upkeep\n|turn|10\n|inactive|BoredApeYachtClub has 90 seconds left.\n|\n|t:|1723151315\n|move|p1a: Swanna|Brave Bird|p2a: Reuniclus\n|-damage|p2a: Reuniclus|99/337\n|-damage|p1a: Swanna|233/275|[from] Recoil\n|move|p2a: Reuniclus|Recover|p2a: Reuniclus\n|-heal|p2a: Reuniclus|268/337\n|\n|upkeep\n|turn|11\n|\n|t:|1723151321\n|switch|p1a: Latias|Latias, L79, F|256/256\n|-damage|p1a: Latias|224/256|[from] Stealth Rock\n|move|p2a: Reuniclus|Recover|p2a: Reuniclus\n|-heal|p2a: Reuniclus|337/337\n|\n|upkeep\n|turn|12\n|inactive|LizarDune has 120 seconds left.\n|inactive|LizarDune has 90 seconds left.\n|\n|t:|1723151371\n|switch|p2a: Froslass|Froslass, L87, F|263/263\n|move|p1a: Latias|Calm Mind|p1a: Latias\n|-boost|p1a: Latias|spa|1\n|-boost|p1a: Latias|spd|1\n|\n|upkeep\n|turn|13\n|inactive|BoredApeYachtClub has 60 seconds left.\n|\n|t:|1723151398\n|-terastallize|p1a: Latias|Steel\n|move|p2a: Froslass|Triple Axel|p1a: Latias\n|-resisted|p1a: Latias\n|-damage|p1a: Latias|214/256\n|-resisted|p1a: Latias\n|-damage|p1a: Latias|193/256\n|-resisted|p1a: Latias\n|-damage|p1a: Latias|163/256\n|-hitcount|p1a: Latias|3\n|move|p1a: Latias|Draco Meteor|p2a: Froslass\n|-damage|p2a: Froslass|0 fnt\n|-unboost|p1a: Latias|spa|2\n|faint|p2a: Froslass\n|\n|upkeep\n|\n|t:|1723151415\n|switch|p2a: Magcargo|Magcargo, L94, M|217/265\n|turn|14\n|\n|t:|1723151427\n|move|p1a: Latias|Calm Mind|p1a: Latias\n|-boost|p1a: Latias|spa|1\n|-boost|p1a: Latias|spd|1\n|move|p2a: Magcargo|Yawn|p1a: Latias\n|-start|p1a: Latias|move: Yawn|[of] p2a: Magcargo\n|\n|upkeep\n|turn|15\n|l| Teres bahji\n|inactive|LizarDune has 90 seconds left.\n|\n|t:|1723151444\n|switch|p1a: Swanna|Swanna, L88, M|233/275\n|move|p2a: Magcargo|Lava Plume|p1a: Swanna\n|-resisted|p1a: Swanna\n|-damage|p1a: Swanna|178/275\n|\n|upkeep\n|turn|16\n|\n|t:|1723151456\n|switch|p1a: Latias|Latias, L79, F, tera:Steel|163/256\n|-damage|p1a: Latias|147/256|[from] Stealth Rock\n|switch|p2a: Brute Bonnet|Brute Bonnet, L81|312/312\n|\n|upkeep\n|turn|17\n|inactive|BoredApeYachtClub has 60 seconds left.\n|\n|t:|1723151477\n|switch|p1a: Vileplume|Vileplume, L86, M|195/269\n|-damage|p1a: Vileplume|162/269|[from] Stealth Rock\n|-end|p2a: Brute Bonnet|Protosynthesis|[silent]\n|switch|p2a: Bombirdier|Bombirdier, L85, M|182/258\n|\n|upkeep\n|turn|18\n|inactive|BoredApeYachtClub has 60 seconds left.\n|inactive|LizarDune has 60 seconds left.\n|\n|t:|1723151510\n|switch|p1a: Electrode|Electrode-Hisui, L87|30/246\n|-damage|p1a: Electrode|0 fnt|[from] Stealth Rock\n|faint|p1a: Electrode\n|move|p2a: Bombirdier|Brave Bird|p1: Electrode|[notarget]\n|-fail|p2a: Bombirdier\n|\n|upkeep\n|\n|t:|1723151525\n|switch|p1a: Glalie|Glalie, L96, F|309/309\n|turn|19\n|inactive|LizarDune has 60 seconds left.\n|inactive|LizarDune has 30 seconds left.\n|\n|t:|1723151566\n|switch|p2a: Reuniclus|Reuniclus, L88, F|337/337\n|move|p1a: Glalie|Spikes|p2a: Reuniclus\n|-sidestart|p2: LizarDune|Spikes\n|\n|upkeep\n|turn|20\n|\n|t:|1723151571\n|move|p1a: Glalie|Spikes|p2a: Reuniclus\n|-sidestart|p2: LizarDune|Spikes\n|move|p2a: Reuniclus|Psychic|p1a: Glalie\n|-damage|p1a: Glalie|137/309\n|\n|upkeep\n|turn|21\n|\n|t:|1723151586\n|move|p1a: Glalie|Spikes|p2a: Reuniclus\n|-sidestart|p2: LizarDune|Spikes\n|move|p2a: Reuniclus|Calm Mind|p2a: Reuniclus\n|-boost|p2a: Reuniclus|spa|1\n|-boost|p2a: Reuniclus|spd|1\n|\n|upkeep\n|turn|22\n|\n|t:|1723151589\n|move|p1a: Glalie|Disable|p2a: Reuniclus\n|-start|p2a: Reuniclus|Disable|Calm Mind\n|move|p2a: Reuniclus|Psychic|p1a: Glalie\n|-damage|p1a: Glalie|0 fnt\n|faint|p1a: Glalie\n|\n|upkeep\n|\n|t:|1723151607\n|switch|p1a: Latias|Latias, L79, F, tera:Steel|147/256\n|-damage|p1a: Latias|131/256|[from] Stealth Rock\n|turn|23\n|\n|t:|1723151611\n|move|p1a: Latias|Calm Mind|p1a: Latias\n|-boost|p1a: Latias|spa|1\n|-boost|p1a: Latias|spd|1\n|move|p2a: Reuniclus|Focus Blast|p1a: Latias|[miss]\n|-miss|p2a: Reuniclus|p1a: Latias\n|\n|upkeep\n|turn|24\n|\n|t:|1723151624\n|move|p1a: Latias|Calm Mind|p1a: Latias\n|-boost|p1a: Latias|spa|1\n|-boost|p1a: Latias|spd|1\n|move|p2a: Reuniclus|Focus Blast|p1a: Latias|[miss]\n|-miss|p2a: Reuniclus|p1a: Latias\n|\n|upkeep\n|turn|25\n|inactive|BoredApeYachtClub has 60 seconds left.\n|inactive|BoredApeYachtClub has 30 seconds left.\n|\n|t:|1723151687\n|move|p1a: Latias|Calm Mind|p1a: Latias\n|-boost|p1a: Latias|spa|1\n|-boost|p1a: Latias|spd|1\n|move|p2a: Reuniclus|Focus Blast|p1a: Latias|[miss]\n|-miss|p2a: Reuniclus|p1a: Latias\n|\n|-end|p2a: Reuniclus|Disable\n|upkeep\n|turn|26\n|inactive|BoredApeYachtClub has 30 seconds left.\n|c|\u2606LizarDune|Alright well that's not nice.\n|inactive|BoredApeYachtClub has 20 seconds left.\n|\n|t:|1723151706\n|move|p1a: Latias|Calm Mind|p1a: Latias\n|-boost|p1a: Latias|spa|1\n|-boost|p1a: Latias|spd|1\n|move|p2a: Reuniclus|Focus Blast|p1a: Latias|[miss]\n|-miss|p2a: Reuniclus|p1a: Latias\n|\n|upkeep\n|turn|27\n|inactive|BoredApeYachtClub has 30 seconds left this turn.\n|inactive|BoredApeYachtClub has 20 seconds left.\n|inactive|BoredApeYachtClub has 15 seconds left.\n|\n|t:|1723151725\n|move|p1a: Latias|Recover|p1a: Latias\n|-heal|p1a: Latias|256/256\n|move|p2a: Reuniclus|Focus Blast|p1a: Latias|[miss]\n|-miss|p2a: Reuniclus|p1a: Latias\n|\n|upkeep\n|turn|28\n|inactive|BoredApeYachtClub has 25 seconds left this turn.\n|inactive|LizarDune has 60 seconds left.\n|\n|t:|1723151741\n|move|p1a: Latias|Calm Mind|p1a: Latias\n|-boost|p1a: Latias|spa|1\n|-boost|p1a: Latias|spd|1\n|move|p2a: Reuniclus|Focus Blast|p1a: Latias|[miss]\n|-miss|p2a: Reuniclus|p1a: Latias\n|\n|upkeep\n|turn|29\n|inactive|LizarDune has 60 seconds left.\n|\n|t:|1723151753\n|move|p1a: Latias|Draco Meteor|p2a: Reuniclus\n|-damage|p2a: Reuniclus|0 fnt\n|-unboost|p1a: Latias|spa|2\n|faint|p2a: Reuniclus\n|\n|upkeep\n|inactive|LizarDune has 60 seconds left.\n|\n|t:|1723151760\n|switch|p2a: Brute Bonnet|Brute Bonnet, L81|312/312\n|-damage|p2a: Brute Bonnet|234/312|[from] Spikes\n|turn|30\n|\n|t:|1723151763\n|-end|p2a: Brute Bonnet|Protosynthesis|[silent]\n|switch|p2a: Magcargo|Magcargo, L94, M|217/265\n|move|p1a: Latias|Draco Meteor|p2a: Magcargo\n|-damage|p2a: Magcargo|0 fnt\n|-unboost|p1a: Latias|spa|2\n|faint|p2a: Magcargo\n|\n|upkeep\n|\n|t:|1723151767\n|switch|p2a: Brute Bonnet|Brute Bonnet, L81|234/312\n|-damage|p2a: Brute Bonnet|156/312|[from] Spikes\n|turn|31\n|\n|t:|1723151770\n|move|p1a: Latias|Draco Meteor|p2a: Brute Bonnet\n|-damage|p2a: Brute Bonnet|0 fnt\n|-unboost|p1a: Latias|spa|2\n|faint|p2a: Brute Bonnet\n|-end|p2a: Brute Bonnet|Protosynthesis|[silent]\n|\n|upkeep\n|\n|t:|1723151772\n|switch|p2a: Bombirdier|Bombirdier, L85, M|182/258\n|turn|32\n|\n|t:|1723151780\n|move|p1a: Latias|Draco Meteor|p2a: Bombirdier\n|-damage|p2a: Bombirdier|70/258\n|-unboost|p1a: Latias|spa|2\n|move|p2a: Bombirdier|Knock Off|p1a: Latias\n|-damage|p1a: Latias|85/256\n|-enditem|p1a: Latias|Soul Dew|[from] move: Knock Off|[of] p2a: Bombirdier\n|\n|upkeep\n|turn|33\n|\n|t:|1723151789\n|move|p1a: Latias|Draco Meteor|p2a: Bombirdier\n|-damage|p2a: Bombirdier|13/258\n|-unboost|p1a: Latias|spa|2\n|move|p2a: Bombirdier|Knock Off|p1a: Latias\n|-damage|p1a: Latias|0 fnt\n|faint|p1a: Latias\n|\n|upkeep\n|-message|LizarDune forfeited.\n|\n|win|BoredApeYachtClub\n|raw|BoredApeYachtClub's rating: 2305 &rarr; <strong>2330</strong><br />(+25 for winning)\n|raw|LizarDune's rating: 2387 &rarr; <strong>2362</strong><br />(-25 for losing)\n", "inputlog": ">version 645aa3833dc4d492fc8695bcaa26b087252171ab\n>start {\"formatid\":\"gen9randombattle\",\"seed\":[31127,35534,29764,29495],\"rated\":\"Rated battle\"}\n>player p1 {\"name\":\"BoredApeYachtClub\",\"avatar\":\"169\",\"rating\":2305,\"seed\":[36930,16280,13233,60142]}\n>player p2 {\"name\":\"LizarDune\",\"avatar\":\"musician\",\"rating\":2387,\"seed\":[63408,48925,19123,12320]}\n>p1 switch 3\n>p2 move spore\n>p1 move sleeppowder\n>p2 switch 4\n>p1 switch 3\n>p2 move bravebird\n>p1 switch 3\n>p2 switch 4\n>p1 move sludgebomb\n>p2 switch 5\n>p1 move sleeppowder\n>p2 move knockoff\n>p1 move sludgebomb\n>p2 switch 2\n>p1 switch 6\n>p2 move stealthrock\n>p1 move hydropump\n>p2 switch 6\n>p1 move bravebird\n>p2 move recover\n>p1 switch 4\n>p2 move recover\n>p1 move calmmind\n>p2 switch 3\n>p1 move dracometeor terastallize\n>p2 move tripleaxel\n>p2 switch 6\n>p1 move calmmind\n>p2 move yawn\n>p1 switch 4\n>p2 move lavaplume\n>p1 switch 4\n>p2 switch 5\n>p1 switch 6\n>p2 switch 4\n>p1 switch 3\n>p2 move bravebird\n>p1 switch 5\n>p1 move spikes\n>p2 switch 3\n>p1 move spikes\n>p2 move psychic\n>p1 move spikes\n>p2 move calmmind\n>p1 move disable\n>p2 move psychic\n>p1 switch 6\n>p1 move calmmind\n>p2 move focusblast\n>p1 move calmmind\n>p2 move focusblast\n>p1 move calmmind\n>p2 move focusblast\n>chat \u2606LizarDune|Alright well that's not nice.\n>p1 move calmmind\n>p2 move focusblast\n>p1 move recover\n>p2 move focusblast\n>p1 move calmmind\n>p2 move focusblast\n>p1 move dracometeor\n>p2 move focusblast\n>p2 switch 4\n>p1 move dracometeor\n>p2 switch 5\n>p2 switch 5\n>p1 move dracometeor\n>p2 move closecombat\n>p2 switch 3\n>p1 move dracometeor\n>p2 move knockoff\n>p1 move dracometeor\n>p2 move knockoff\n>forcelose p2", "uploadtime": 1723151807, "views": 134, "formatid": "gen9randombattle", "rating": 2330, "private": 0, "password": null}