{"id": "gen9randombattle-2260391418", "format": "[Gen 9] Random Battle", "players": ["SpaceTemmie", "Cramorant Believer"], "log": "|j|\u2606SpaceTemmie\n|j|\u2606Cramorant Believer\n|t:|1733847043\n|gametype|singles\n|player|p1|SpaceTemmie|n|1789\n|player|p2|Cramorant Believer|swimmer-gen4dp|1785\n|teamsize|p1|6\n|teamsize|p2|6\n|gen|9\n|tier|[Gen 9] Random Battle\n|rated|\n|rule|Species Clause: Limit one of each Pok\u00e9mon\n|rule|HP Percentage Mod: HP is shown in percentages\n|rule|Sleep Clause Mod: Limit one foe put to sleep\n|rule|Illusion Level Mod: Illusion disguises the Pok\u00e9mon's true level\n|\n|t:|1733847043\n|start\n|switch|p1a: Thundurus|Thundurus, L80, M|258/258\n|switch|p2a: Jolteon|Jolteon, L84, M|246/246\n|turn|1\n|inactive|Battle timer is ON: inactive players will automatically lose when time's up. (requested by SpaceTemmie)\n|\n|t:|1733847069\n|switch|p1a: Arbok|Arbok, L87, F|246/246\n|-ability|p1a: Arbok|Intimidate|boost\n|-unboost|p2a: Jolteon|atk|1\n|move|p2a: Jolteon|Calm Mind|p2a: Jolteon\n|-boost|p2a: Jolteon|spa|1\n|-boost|p2a: Jolteon|spd|1\n|\n|upkeep\n|turn|2\n|\n|t:|1733847076\n|move|p2a: Jolteon|Thunderbolt|p1a: Arbok\n|-damage|p1a: Arbok|77/246\n|move|p1a: Arbok|Earthquake|p2a: Jolteon\n|-supereffective|p2a: Jolteon\n|-damage|p2a: Jolteon|4/246\n|-damage|p1a: Arbok|53/246|[from] item: Life Orb\n|\n|-heal|p2a: Jolteon|19/246|[from] item: Leftovers\n|upkeep\n|turn|3\n|\n|t:|1733847079\n|move|p1a: Arbok|Sucker Punch|p2a: Jolteon\n|-damage|p2a: Jolteon|0 fnt\n|faint|p2a: Jolteon\n|-damage|p1a: Arbok|29/246|[from] item: Life Orb\n|\n|upkeep\n|\n|t:|1733847084\n|switch|p2a: Swampert|Swampert, L83, M|302/302\n|turn|4\n|\n|t:|1733847091\n|move|p1a: Arbok|Toxic Spikes|p2a: Swampert\n|-sidestart|p2: Cramorant Believer|move: Toxic Spikes\n|move|p2a: Swampert|Stealth Rock|p1a: Arbok\n|-sidestart|p1: SpaceTemmie|move: Stealth Rock\n|\n|upkeep\n|turn|5\n|\n|t:|1733847108\n|switch|p2a: Dunsparce|Dunsparce, L86, F|312/312\n|-status|p2a: Dunsparce|psn\n|move|p1a: Arbok|Earthquake|p2a: Dunsparce\n|-damage|p2a: Dunsparce|243/312 psn\n|-damage|p1a: Arbok|5/246|[from] item: Life Orb\n|\n|-damage|p2a: Dunsparce|204/312 psn|[from] psn\n|upkeep\n|turn|6\n|\n|t:|1733847114\n|move|p1a: Arbok|Toxic Spikes|p2a: Dunsparce\n|-sidestart|p2: Cramorant Believer|move: Toxic Spikes\n|move|p2a: Dunsparce|Coil|p2a: Dunsparce\n|-boost|p2a: Dunsparce|atk|1\n|-boost|p2a: Dunsparce|def|1\n|-boost|p2a: Dunsparce|accuracy|1\n|\n|-damage|p2a: Dunsparce|165/312 psn|[from] psn\n|upkeep\n|turn|7\n|\n|t:|1733847117\n|move|p1a: Arbok|Earthquake|p2a: Dunsparce\n|-damage|p2a: Dunsparce|112/312 psn\n|-damage|p1a: Arbok|0 fnt|[from] item: Life Orb\n|faint|p1a: Arbok\n|move|p2a: Dunsparce|Roost|p2a: Dunsparce\n|-heal|p2a: Dunsparce|268/312 psn\n|-singleturn|p2a: Dunsparce|move: Roost\n|\n|-damage|p2a: Dunsparce|229/312 psn|[from] psn\n|upkeep\n|\n|t:|1733847146\n|switch|p1a: Malamar|Malamar, L82, F|275/275\n|-damage|p1a: Malamar|241/275|[from] Stealth Rock\n|turn|8\n|\n|t:|1733847150\n|move|p1a: Malamar|Superpower|p2a: Dunsparce\n|-supereffective|p2a: Dunsparce\n|-damage|p2a: Dunsparce|145/312 psn\n|-boost|p1a: Malamar|atk|1\n|-boost|p1a: Malamar|def|1\n|move|p2a: Dunsparce|Body Slam|p1a: Malamar\n|-damage|p1a: Malamar|163/275\n|-status|p1a: Malamar|par\n|\n|-damage|p2a: Dunsparce|106/312 psn|[from] psn\n|upkeep\n|turn|9\n|\n|t:|1733847161\n|switch|p2a: Dondozo|Dondozo, L78, F|362/362\n|-status|p2a: Dondozo|tox\n|move|p1a: Malamar|Knock Off|p2a: Dondozo\n|-crit|p2a: Dondozo\n|-damage|p2a: Dondozo|245/362 tox\n|-enditem|p2a: Dondozo|Leftovers|[from] move: Knock Off|[of] p1a: Malamar\n|\n|-damage|p2a: Dondozo|223/362 tox|[from] psn\n|upkeep\n|turn|10\n|\n|t:|1733847171\n|move|p2a: Dondozo|Wave Crash|p1a: Malamar\n|-damage|p1a: Malamar|54/275 par\n|-damage|p2a: Dondozo|187/362 tox|[from] Recoil\n|cant|p1a: Malamar|par\n|\n|-damage|p2a: Dondozo|143/362 tox|[from] psn\n|upkeep\n|turn|11\n|\n|t:|1733847180\n|move|p2a: Dondozo|Rest|p2a: Dondozo\n|-status|p2a: Dondozo|slp|[from] move: Rest\n|-heal|p2a: Dondozo|362/362 slp|[silent]\n|move|p1a: Malamar|Rest|p1a: Malamar\n|-status|p1a: Malamar|slp|[from] move: Rest\n|-heal|p1a: Malamar|275/275 slp|[silent]\n|-enditem|p1a: Malamar|Chesto Berry|[eat]\n|-curestatus|p1a: Malamar|slp|[msg]\n|\n|upkeep\n|turn|12\n|\n|t:|1733847193\n|switch|p1a: Thundurus|Thundurus, L80, M|258/258\n|cant|p2a: Dondozo|slp\n|move|p2a: Dondozo|Sleep Talk|p2a: Dondozo\n|move|p2a: Dondozo|Curse|p2a: Dondozo|[from]move: Sleep Talk\n|-unboost|p2a: Dondozo|spe|1\n|-boost|p2a: Dondozo|atk|1\n|-boost|p2a: Dondozo|def|1\n|\n|upkeep\n|turn|13\n|\n|t:|1733847205\n|-terastallize|p2a: Dondozo|Dragon\n|move|p1a: Thundurus|Thunderbolt|p2a: Dondozo\n|-resisted|p2a: Dondozo\n|-damage|p2a: Dondozo|293/362 slp\n|cant|p2a: Dondozo|slp\n|move|p2a: Dondozo|Sleep Talk|p2a: Dondozo\n|move|p2a: Dondozo|Rest||[from]move: Sleep Talk|[still]\n|-fail|p2a: Dondozo\n|\n|upkeep\n|turn|14\n|\n|t:|1733847228\n|switch|p1a: Malamar|Malamar, L82, F|275/275\n|-damage|p1a: Malamar|241/275|[from] Stealth Rock\n|-curestatus|p2a: Dondozo|slp|[msg]\n|move|p2a: Dondozo|Wave Crash|p1a: Malamar\n|-damage|p1a: Malamar|69/275\n|-damage|p2a: Dondozo|236/362|[from] Recoil\n|\n|upkeep\n|turn|15\n|\n|t:|1733847231\n|move|p1a: Malamar|Psycho Cut|p2a: Dondozo\n|-damage|p2a: Dondozo|194/362\n|move|p2a: Dondozo|Curse|p2a: Dondozo\n|-unboost|p2a: Dondozo|spe|1\n|-boost|p2a: Dondozo|atk|1\n|-boost|p2a: Dondozo|def|1\n|\n|upkeep\n|turn|16\n|\n|t:|1733847238\n|move|p1a: Malamar|Psycho Cut|p2a: Dondozo\n|-damage|p2a: Dondozo|164/362\n|move|p2a: Dondozo|Curse|p2a: Dondozo\n|-unboost|p2a: Dondozo|spe|1\n|-boost|p2a: Dondozo|atk|1\n|-boost|p2a: Dondozo|def|1\n|\n|upkeep\n|turn|17\n|\n|t:|1733847242\n|move|p1a: Malamar|Psycho Cut|p2a: Dondozo\n|-damage|p2a: Dondozo|137/362\n|move|p2a: Dondozo|Rest|p2a: Dondozo\n|-status|p2a: Dondozo|slp|[from] move: Rest\n|-heal|p2a: Dondozo|362/362 slp|[silent]\n|\n|upkeep\n|turn|18\n|\n|t:|1733847244\n|switch|p1a: Spectrier|Spectrier, L75|274/274\n|-damage|p1a: Spectrier|240/274|[from] Stealth Rock\n|cant|p2a: Dondozo|slp\n|move|p2a: Dondozo|Sleep Talk|p2a: Dondozo\n|move|p2a: Dondozo|Rest||[from]move: Sleep Talk|[still]\n|-fail|p2a: Dondozo\n|\n|upkeep\n|turn|19\n|\n|t:|1733847248\n|move|p1a: Spectrier|Nasty Plot|p1a: Spectrier\n|-boost|p1a: Spectrier|spa|2\n|cant|p2a: Dondozo|slp\n|move|p2a: Dondozo|Sleep Talk|p2a: Dondozo\n|move|p2a: Dondozo|Rest||[from]move: Sleep Talk|[still]\n|-fail|p2a: Dondozo\n|\n|upkeep\n|turn|20\n|\n|t:|1733847251\n|-terastallize|p1a: Spectrier|Fairy\n|move|p1a: Spectrier|Draining Kiss|p2a: Dondozo\n|-supereffective|p2a: Dondozo\n|-damage|p2a: Dondozo|110/362 slp\n|-heal|p1a: Spectrier|274/274|[from] drain|[of] p2a: Dondozo\n|-damage|p1a: Spectrier|247/274|[from] item: Life Orb\n|-curestatus|p2a: Dondozo|slp|[msg]\n|move|p2a: Dondozo|Wave Crash|p1a: Spectrier\n|-damage|p1a: Spectrier|0 fnt\n|faint|p1a: Spectrier\n|-damage|p2a: Dondozo|28/362|[from] Recoil\n|\n|upkeep\n|\n|t:|1733847258\n|switch|p1a: Cloyster|Cloyster, L80, F|211/211\n|-damage|p1a: Cloyster|159/211|[from] Stealth Rock\n|turn|21\n|\n|t:|1733847265\n|move|p1a: Cloyster|Icicle Spear|p2a: Dondozo\n|-supereffective|p2a: Dondozo\n|-damage|p2a: Dondozo|8/362\n|-supereffective|p2a: Dondozo\n|-damage|p2a: Dondozo|0 fnt\n|faint|p2a: Dondozo\n|-hitcount|p2: Dondozo|2\n|\n|upkeep\n|\n|t:|1733847268\n|switch|p2a: Magnezone|Magnezone, L85|258/258\n|turn|22\n|\n|t:|1733847277\n|move|p1a: Cloyster|Drill Run|p2a: Magnezone\n|-supereffective|p2a: Magnezone\n|-damage|p2a: Magnezone|98/258\n|move|p2a: Magnezone|Discharge|p1a: Cloyster\n|-supereffective|p1a: Cloyster\n|-damage|p1a: Cloyster|0 fnt\n|faint|p1a: Cloyster\n|\n|-heal|p2a: Magnezone|114/258|[from] item: Leftovers\n|upkeep\n|\n|t:|1733847282\n|switch|p1a: Malamar|Malamar, L82, F|69/275\n|-damage|p1a: Malamar|35/275|[from] Stealth Rock\n|turn|23\n|\n|t:|1733847298\n|switch|p2a: Dunsparce|Dunsparce, L86, F|106/312 psn\n|move|p1a: Malamar|Superpower|p2a: Dunsparce\n|-supereffective|p2a: Dunsparce\n|-damage|p2a: Dunsparce|0 fnt\n|-boost|p1a: Malamar|atk|1\n|-boost|p1a: Malamar|def|1\n|faint|p2a: Dunsparce\n|\n|upkeep\n|\n|t:|1733847299\n|switch|p2a: Solgaleo|Solgaleo, L74|325/325\n|turn|24\n|\n|t:|1733847303\n|move|p2a: Solgaleo|Sunsteel Strike|p1a: Malamar\n|-damage|p1a: Malamar|0 fnt\n|faint|p1a: Malamar\n|\n|upkeep\n|\n|t:|1733847313\n|switch|p1a: Thundurus|Thundurus, L80, M|258/258\n|turn|25\n|\n|t:|1733847318\n|switch|p2a: Swampert|Swampert, L83, M|302/302\n|-status|p2a: Swampert|tox\n|move|p1a: Thundurus|Nasty Plot|p1a: Thundurus\n|-boost|p1a: Thundurus|spa|2\n|\n|-damage|p2a: Swampert|284/302 tox|[from] psn\n|upkeep\n|turn|26\n|\n|t:|1733847323\n|move|p1a: Thundurus|Focus Blast|p2a: Swampert|[miss]\n|-miss|p1a: Thundurus|p2a: Swampert\n|move|p2a: Swampert|Roar|p1a: Thundurus\n|drag|p1a: Zapdos|Zapdos-Galar, L77|265/265\n|-damage|p1a: Zapdos|232/265|[from] Stealth Rock\n|\n|-heal|p2a: Swampert|302/302 tox|[from] item: Leftovers\n|-damage|p2a: Swampert|266/302 tox|[from] psn\n|upkeep\n|turn|27\n|\n|t:|1733847331\n|switch|p1a: Thundurus|Thundurus, L80, M|258/258\n|move|p2a: Swampert|Knock Off|p1a: Thundurus\n|-damage|p1a: Thundurus|167/258\n|-enditem|p1a: Thundurus|Heavy-Duty Boots|[from] move: Knock Off|[of] p2a: Swampert\n|\n|-heal|p2a: Swampert|284/302 tox|[from] item: Leftovers\n|-damage|p2a: Swampert|230/302 tox|[from] psn\n|upkeep\n|turn|28\n|\n|t:|1733847335\n|move|p1a: Thundurus|Focus Blast|p2a: Swampert\n|-damage|p2a: Swampert|131/302 tox\n|-unboost|p2a: Swampert|spd|1\n|move|p2a: Swampert|Roar|p1a: Thundurus\n|drag|p1a: Zapdos|Zapdos-Galar, L77|232/265\n|-damage|p1a: Zapdos|199/265|[from] Stealth Rock\n|\n|-heal|p2a: Swampert|149/302 tox|[from] item: Leftovers\n|-damage|p2a: Swampert|77/302 tox|[from] psn\n|upkeep\n|turn|29\n|\n|t:|1733847356\n|move|p1a: Zapdos|Brave Bird|p2a: Swampert\n|-crit|p2a: Swampert\n|-damage|p2a: Swampert|0 fnt\n|faint|p2a: Swampert\n|-damage|p1a: Zapdos|174/265|[from] Recoil\n|-damage|p1a: Zapdos|148/265|[from] item: Life Orb\n|\n|upkeep\n|\n|t:|1733847364\n|switch|p2a: Solgaleo|Solgaleo, L74|325/325\n|turn|30\n|\n|t:|1733847366\n|move|p1a: Zapdos|Bulk Up|p1a: Zapdos\n|-boost|p1a: Zapdos|atk|1\n|-boost|p1a: Zapdos|def|1\n|move|p2a: Solgaleo|Flame Charge|p1a: Zapdos\n|-crit|p1a: Zapdos\n|-damage|p1a: Zapdos|92/265\n|-boost|p2a: Solgaleo|spe|1\n|\n|upkeep\n|turn|31\n|\n|t:|1733847371\n|move|p2a: Solgaleo|Sunsteel Strike|p1a: Zapdos\n|-damage|p1a: Zapdos|16/265\n|move|p1a: Zapdos|Close Combat|p2a: Solgaleo\n|-damage|p2a: Solgaleo|79/325\n|-unboost|p1a: Zapdos|def|1\n|-unboost|p1a: Zapdos|spd|1\n|-damage|p1a: Zapdos|0 fnt|[from] item: Life Orb\n|faint|p1a: Zapdos\n|\n|upkeep\n|\n|t:|1733847375\n|switch|p1a: Thundurus|Thundurus, L80, M|167/258\n|-damage|p1a: Thundurus|103/258|[from] Stealth Rock\n|turn|32\n|\n|t:|1733847379\n|move|p2a: Solgaleo|Sunsteel Strike|p1a: Thundurus\n|-resisted|p1a: Thundurus\n|-damage|p1a: Thundurus|35/258\n|move|p1a: Thundurus|Thunderbolt|p2a: Solgaleo\n|-damage|p2a: Solgaleo|0 fnt\n|faint|p2a: Solgaleo\n|\n|upkeep\n|\n|t:|1733847380\n|switch|p2a: Magnezone|Magnezone, L85|114/258\n|turn|33\n|c|\u2606SpaceTemmie|Gg\n|c|\u2606Cramorant Believer|gg\n|\n|t:|1733847389\n|move|p1a: Thundurus|Focus Blast|p2a: Magnezone|[miss]\n|-miss|p1a: Thundurus|p2a: Magnezone\n|move|p2a: Magnezone|Discharge|p1a: Thundurus\n|-damage|p1a: Thundurus|0 fnt\n|faint|p1a: Thundurus\n|\n|win|Cramorant Believer\n|raw|SpaceTemmie's rating: 1789 &rarr; <strong>1769</strong><br />(-20 for losing)\n|raw|Cramorant Believer's rating: 1785 &rarr; <strong>1805</strong><br />(+20 for winning)\n|l|\u2606Cramorant Believer\n|player|p2|\n", "inputlog": ">version bfd83cad13791eb5a5a409923076391caf6fb4d4\n>start {\"formatid\":\"gen9randombattle\",\"seed\":[58977,13552,3522,11978],\"rated\":\"Rated battle\"}\n>player p1 {\"name\":\"SpaceTemmie\",\"avatar\":\"n\",\"rating\":1789,\"seed\":[8564,61830,61416,42630]}\n>player p2 {\"name\":\"Cramorant Believer\",\"avatar\":\"swimmer-gen4dp\",\"rating\":1785,\"seed\":[20301,27860,10952,10624]}\n>p1 switch 3\n>p2 move calmmind\n>p1 move earthquake\n>p2 move thunderbolt\n>p1 move suckerpunch\n>p2 move thunderbolt\n>p2 switch 3\n>p1 move toxicspikes\n>p2 move stealthrock\n>p1 move earthquake\n>p2 switch 2\n>p1 move toxicspikes\n>p2 move coil\n>p1 move earthquake\n>p2 move roost\n>p1 switch 2\n>p1 move superpower\n>p2 move bodyslam\n>p1 move knockoff\n>p2 switch 4\n>p1 move rest\n>p2 move wavecrash\n>p1 move rest\n>p2 move rest\n>p1 switch 3\n>p2 move sleeptalk\n>p1 move thunderbolt\n>p2 move sleeptalk terastallize\n>p1 switch 3\n>p2 move wavecrash\n>p1 move psychocut\n>p2 move curse\n>p1 move psychocut\n>p2 move curse\n>p1 move psychocut\n>p2 move rest\n>p1 switch 5\n>p2 move sleeptalk\n>p1 move nastyplot\n>p2 move sleeptalk\n>p1 move drainingkiss terastallize\n>p2 move wavecrash\n>p1 switch 4\n>p1 move iciclespear\n>p2 move rest\n>p2 switch 5\n>p1 move drillrun\n>p2 move discharge\n>p1 switch 5\n>p1 move superpower\n>p2 switch 4\n>p2 switch 6\n>p1 move rest\n>p2 move sunsteelstrike\n>p1 switch 3\n>p1 move nastyplot\n>p2 switch 2\n>p1 move focusblast\n>p2 move roar\n>p1 switch 6\n>p2 move knockoff\n>p1 move focusblast\n>p2 move roar\n>p1 move bravebird\n>p2 move roar\n>p2 switch 2\n>p1 move bulkup\n>p2 move flamecharge\n>p1 move closecombat\n>p2 move sunsteelstrike\n>p1 switch 6\n>p1 move thunderbolt\n>p2 move sunsteelstrike\n>p2 switch 4\n>chat \u2606SpaceTemmie|Gg\n>chat \u2606Cramorant Believer|gg\n>p1 move focusblast\n>p2 move discharge", "uploadtime": 1733847396, "views": 1, "formatid": "gen9randombattle", "rating": 1769, "private": 0, "password": null}