{"id": "gen9randombattle-2260573722", "format": "[Gen 9] Random Battle", "players": ["Poscidion", "gadz"], "log": "|j|\u203dPoscidion\n|j|\u2606gadz\n|t:|1733865002\n|gametype|singles\n|player|p1|Poscidion|102|1467\n|player|p2|gadz|baker|1445\n|teamsize|p1|6\n|teamsize|p2|6\n|gen|9\n|tier|[Gen 9] Random Battle\n|rated|\n|rule|Species Clause: Limit one of each Pok\u00e9mon\n|rule|HP Percentage Mod: HP is shown in percentages\n|rule|Sleep Clause Mod: Limit one foe put to sleep\n|rule|Illusion Level Mod: Illusion disguises the Pok\u00e9mon's true level\n|\n|t:|1733865002\n|start\n|switch|p1a: Sylveon|Sylveon, L85, F|300/300\n|switch|p2a: Haxorus|Haxorus, L77, F|244/244\n|-ability|p2a: Haxorus|Mold Breaker\n|turn|1\n|inactive|Battle timer is ON: inactive players will automatically lose when time's up. (requested by gadz)\n|\n|t:|1733865017\n|switch|p2a: Volcanion|Volcanion, L79|256/256\n|move|p1a: Sylveon|Hyper Voice|p2a: Volcanion\n|-resisted|p2a: Volcanion\n|-damage|p2a: Volcanion|189/256\n|\n|upkeep\n|turn|2\n|\n|t:|1733865026\n|switch|p1a: Tentacruel|Tentacruel, L84, F|272/272\n|move|p2a: Volcanion|Steam Eruption|p1a: Tentacruel\n|-resisted|p1a: Tentacruel\n|-damage|p1a: Tentacruel|222/272\n|\n|-heal|p1a: Tentacruel|239/272|[from] item: Leftovers\n|upkeep\n|turn|3\n|inactive|gadz has 120 seconds left.\n|\n|t:|1733865074\n|move|p1a: Tentacruel|Toxic|p2a: Volcanion\n|-status|p2a: Volcanion|tox\n|move|p2a: Volcanion|Earth Power|p1a: Tentacruel\n|-supereffective|p1a: Tentacruel\n|-damage|p1a: Tentacruel|133/272\n|-unboost|p1a: Tentacruel|spd|1\n|\n|-heal|p1a: Tentacruel|150/272|[from] item: Leftovers\n|-damage|p2a: Volcanion|173/256 tox|[from] psn\n|upkeep\n|turn|4\n|\n|t:|1733865085\n|switch|p1a: Dunsparce|Dunsparce, L86, M|312/312\n|move|p2a: Volcanion|Earth Power|p1a: Dunsparce\n|-damage|p1a: Dunsparce|254/312\n|\n|-damage|p2a: Volcanion|141/256 tox|[from] psn\n|upkeep\n|turn|5\n|\n|t:|1733865093\n|switch|p2a: Toedscruel|Toedscruel, L87, M|281/281\n|move|p1a: Dunsparce|Coil|p1a: Dunsparce\n|-boost|p1a: Dunsparce|atk|1\n|-boost|p1a: Dunsparce|def|1\n|-boost|p1a: Dunsparce|accuracy|1\n|\n|upkeep\n|turn|6\n|\n|t:|1733865100\n|move|p1a: Dunsparce|Body Slam|p2a: Toedscruel\n|-damage|p2a: Toedscruel|137/281\n|-status|p2a: Toedscruel|par\n|move|p2a: Toedscruel|Toxic|p1a: Dunsparce|[miss]\n|-miss|p2a: Toedscruel|p1a: Dunsparce\n|\n|-heal|p2a: Toedscruel|154/281 par|[from] item: Leftovers\n|upkeep\n|turn|7\n|\n|t:|1733865108\n|move|p1a: Dunsparce|Body Slam|p2a: Toedscruel\n|-damage|p2a: Toedscruel|30/281 par\n|cant|p2a: Toedscruel|par\n|\n|-heal|p2a: Toedscruel|47/281 par|[from] item: Leftovers\n|upkeep\n|turn|8\n|\n|t:|1733865115\n|move|p1a: Dunsparce|Body Slam|p2a: Toedscruel\n|-damage|p2a: Toedscruel|0 fnt\n|faint|p2a: Toedscruel\n|\n|upkeep\n|-message|gadz forfeited.\n|\n|win|Poscidion\n|raw|Poscidion's rating: 1467 &rarr; <strong>1486</strong><br />(+19 for winning)\n|raw|gadz's rating: 1445 &rarr; <strong>1426</strong><br />(-19 for losing)\n|l|\u2606gadz\n|player|p2|\n", "inputlog": ">version bfd83cad13791eb5a5a409923076391caf6fb4d4\n>start {\"formatid\":\"gen9randombattle\",\"seed\":[43614,26059,26584,3856],\"rated\":\"Rated battle\"}\n>player p1 {\"name\":\"Poscidion\",\"avatar\":\"102\",\"rating\":1467,\"seed\":[5002,40030,37945,54232]}\n>player p2 {\"name\":\"gadz\",\"avatar\":\"baker\",\"rating\":1445,\"seed\":[36611,8338,50739,41094]}\n>p1 move hypervoice\n>p2 switch 6\n>p1 switch 5\n>p2 move steameruption\n>p1 move toxic\n>p2 move earthpower\n>p1 switch 3\n>p2 move earthpower\n>p1 move coil\n>p2 switch 4\n>p1 move bodyslam\n>p2 move toxic\n>p1 move bodyslam\n>p2 move toxic\n>p1 move bodyslam\n>p2 move toxic\n>forcelose p2", "uploadtime": 1733865124, "views": 1, "formatid": "gen9randombattle", "rating": 1426, "private": 0, "password": null}