{"id": "gen9randombattle-2094925043", "format": "[Gen 9] Random Battle", "players": ["Miss Galaxy Note 7", "Norman2!"], "log": "|badge|p1|bronze|gen9randombattle|100-1\n|uhtml|medal-msg|<div class=\"broadcast-blue\">Curious what those medals under the avatar are? PS now has Ladder Seasons! For more information, check out the <a href=\"https://www.smogon.com/forums/threads/3740067/\">thread on Smogon.</a></div>\n|badge|p2|bronze|gen9randombattle|100-1\n|uhtml|medal-msg|<div class=\"broadcast-blue\">Curious what those medals under the avatar are? PS now has Ladder Seasons! For more information, check out the <a href=\"https://www.smogon.com/forums/threads/3740067/\">thread on Smogon.</a></div>\n|j|\u2606Miss Galaxy Note 7\n|j|\u203dNorman2!\n|t:|1712130532\n|gametype|singles\n|player|p1|Miss Galaxy Note 7|caitlin|2223\n|player|p2|Norman2!|101|2310\n|teamsize|p1|6\n|teamsize|p2|6\n|gen|9\n|tier|[Gen 9] Random Battle\n|rated|\n|rule|Species Clause: Limit one of each Pok\u00e9mon\n|rule|HP Percentage Mod: HP is shown in percentages\n|rule|Sleep Clause Mod: Limit one foe put to sleep\n|rule|Illusion Level Mod: Illusion disguises the Pok\u00e9mon's true level\n|\n|t:|1712130532\n|start\n|switch|p1a: Electivire|Electivire, L85, F|266/266\n|switch|p2a: Spidops|Spidops, L96, F|271/271\n|turn|1\n|c|\u2606Miss Galaxy Note 7|Have fun !\n|j| RB Is Fair\n|\n|t:|1712130558\n|move|p1a: Electivire|Bulk Up|p1a: Electivire\n|-boost|p1a: Electivire|atk|1\n|-boost|p1a: Electivire|def|1\n|move|p2a: Spidops|Sticky Web|p1a: Electivire\n|-sidestart|p1: Miss Galaxy Note 7|move: Sticky Web\n|\n|upkeep\n|turn|2\n|\n|t:|1712130568\n|move|p1a: Electivire|Supercell Slam|p2a: Spidops\n|-damage|p2a: Spidops|68/271\n|-damage|p1a: Electivire|240/266|[from] item: Life Orb\n|move|p2a: Spidops|U-turn|p1a: Electivire\n|-damage|p1a: Electivire|176/266\n|\n|t:|1712130607\n|switch|p2a: Blaziken|Blaziken, L76, F|247/247|[from] U-turn\n|\n|upkeep\n|turn|3\n|\n|t:|1712130622\n|move|p2a: Blaziken|Protect|p2a: Blaziken\n|-singleturn|p2a: Blaziken|Protect\n|move|p1a: Electivire|Earthquake|p2a: Blaziken\n|-activate|p2a: Blaziken|move: Protect\n|\n|-ability|p2a: Blaziken|Speed Boost|boost\n|-boost|p2a: Blaziken|spe|1\n|upkeep\n|turn|4\n|\n|t:|1712130628\n|move|p2a: Blaziken|Close Combat|p1a: Electivire\n|-damage|p1a: Electivire|51/266\n|-unboost|p2a: Blaziken|def|1\n|-unboost|p2a: Blaziken|spd|1\n|-damage|p2a: Blaziken|223/247|[from] item: Life Orb\n|move|p1a: Electivire|Earthquake|p2a: Blaziken\n|-supereffective|p2a: Blaziken\n|-damage|p2a: Blaziken|0 fnt\n|faint|p2a: Blaziken\n|-damage|p1a: Electivire|25/266|[from] item: Life Orb\n|\n|upkeep\n|\n|t:|1712130636\n|switch|p2a: Floatzel|Floatzel, L85, F|283/283\n|turn|5\n|\n|t:|1712130641\n|switch|p1a: Wo-Chien|Wo-Chien, L83|277/277\n|-activate|p1a: Wo-Chien|move: Sticky Web\n|-unboost|p1a: Wo-Chien|spe|1\n|-ability|p1a: Wo-Chien|Tablets of Ruin\n|move|p2a: Floatzel|Flip Turn|p1a: Wo-Chien\n|-resisted|p1a: Wo-Chien\n|-crit|p1a: Wo-Chien\n|-damage|p1a: Wo-Chien|220/277\n|\n|t:|1712130649\n|switch|p2a: Spidops|Spidops, L96, F|68/271|[from] Flip Turn\n|\n|-heal|p1a: Wo-Chien|237/277|[from] item: Leftovers\n|upkeep\n|turn|6\n|\n|t:|1712130661\n|switch|p1a: Armarouge|Armarouge, L81, F|270/270\n|-activate|p1a: Armarouge|move: Sticky Web\n|-unboost|p1a: Armarouge|spe|1\n|move|p2a: Spidops|U-turn|p1a: Armarouge\n|-damage|p1a: Armarouge|108/270\n|-ability|p1a: Armarouge|Weak Armor|boost\n|-unboost|p1a: Armarouge|def|1\n|-boost|p1a: Armarouge|spe|2\n|\n|t:|1712130670\n|switch|p2a: Crawdaunt|Crawdaunt, L84, M|243/243|[from] U-turn\n|\n|upkeep\n|turn|7\n|\n|t:|1712130676\n|move|p2a: Crawdaunt|Aqua Jet|p1a: Armarouge\n|-supereffective|p1a: Armarouge\n|-damage|p1a: Armarouge|0 fnt\n|faint|p1a: Armarouge\n|\n|upkeep\n|\n|t:|1712130679\n|switch|p1a: Serperior|Serperior, L80, F|251/251\n|-activate|p1a: Serperior|move: Sticky Web\n|-boost|p1a: Serperior|spe|1\n|turn|8\n|\n|t:|1712130683\n|switch|p2a: Girafarig|Girafarig, L89, M|269/269\n|move|p1a: Serperior|Leaf Storm|p2a: Girafarig\n|-ability|p2a: Girafarig|Sap Sipper|boost\n|-boost|p2a: Girafarig|atk|1\n|\n|upkeep\n|turn|9\n|\n|t:|1712130688\n|move|p1a: Serperior|Glare|p2a: Girafarig\n|-status|p2a: Girafarig|par\n|move|p2a: Girafarig|Nasty Plot|p2a: Girafarig\n|-boost|p2a: Girafarig|spa|2\n|\n|upkeep\n|turn|10\n|\n|t:|1712130699\n|switch|p1a: Electivire|Electivire, L85, F|25/266\n|-activate|p1a: Electivire|move: Sticky Web\n|-unboost|p1a: Electivire|spe|1\n|cant|p2a: Girafarig|par\n|\n|upkeep\n|turn|11\n|\n|t:|1712130703\n|move|p1a: Electivire|Supercell Slam|p2a: Girafarig\n|-damage|p2a: Girafarig|121/269 par\n|-damage|p1a: Electivire|0 fnt|[from] item: Life Orb\n|faint|p1a: Electivire\n|move|p2a: Girafarig|Dazzling Gleam|p1: Electivire|[notarget]\n|-fail|p2a: Girafarig\n|\n|upkeep\n|\n|t:|1712130707\n|switch|p1a: Wo-Chien|Wo-Chien, L83|237/277\n|-activate|p1a: Wo-Chien|move: Sticky Web\n|-unboost|p1a: Wo-Chien|spe|1\n|-ability|p1a: Wo-Chien|Tablets of Ruin\n|turn|12\n|\n|t:|1712130721\n|-terastallize|p2a: Girafarig|Fairy\n|move|p1a: Wo-Chien|Knock Off|p2a: Girafarig\n|-resisted|p2a: Girafarig\n|-damage|p2a: Girafarig|84/269 par\n|-enditem|p2a: Girafarig|Eviolite|[from] move: Knock Off|[of] p1a: Wo-Chien\n|move|p2a: Girafarig|Dazzling Gleam|p1a: Wo-Chien\n|-supereffective|p1a: Wo-Chien\n|-damage|p1a: Wo-Chien|0 fnt\n|faint|p1a: Wo-Chien\n|\n|upkeep\n|\n|t:|1712130727\n|switch|p1a: Regieleki|Regieleki, L78|253/253\n|-activate|p1a: Regieleki|move: Sticky Web\n|-unboost|p1a: Regieleki|spe|1\n|turn|13\n|j| Eldiagon\n|\n|t:|1712130740\n|switch|p2a: Spidops|Spidops, L96, F|68/271\n|move|p1a: Regieleki|Thunderbolt|p2a: Spidops\n|-damage|p2a: Spidops|0 fnt\n|faint|p2a: Spidops\n|\n|upkeep\n|\n|t:|1712130751\n|switch|p2a: Floatzel|Floatzel, L85, F|283/283\n|turn|14\n|\n|t:|1712130789\n|switch|p1a: Serperior|Serperior, L80, F|251/251\n|-activate|p1a: Serperior|move: Sticky Web\n|-boost|p1a: Serperior|spe|1\n|move|p2a: Floatzel|Wave Crash|p1a: Serperior\n|-resisted|p1a: Serperior\n|-damage|p1a: Serperior|152/251\n|-damage|p2a: Floatzel|250/283|[from] Recoil\n|\n|upkeep\n|turn|15\n|\n|t:|1712130800\n|switch|p1a: Regieleki|Regieleki, L78|253/253\n|-activate|p1a: Regieleki|move: Sticky Web\n|-unboost|p1a: Regieleki|spe|1\n|switch|p2a: Okidogi|Okidogi, L77, M|262/262\n|\n|upkeep\n|turn|16\n|\n|t:|1712130809\n|-terastallize|p1a: Regieleki|Electric\n|move|p1a: Regieleki|Thunderbolt|p2a: Okidogi\n|-damage|p2a: Okidogi|82/262\n|move|p2a: Okidogi|Gunk Shot|p1a: Regieleki\n|-damage|p1a: Regieleki|40/253\n|-status|p1a: Regieleki|psn\n|\n|-heal|p2a: Okidogi|98/262|[from] item: Leftovers\n|-damage|p1a: Regieleki|9/253 psn|[from] psn\n|upkeep\n|turn|17\n|\n|t:|1712130829\n|switch|p2a: Crawdaunt|Crawdaunt, L84, M|243/243\n|move|p1a: Regieleki|Volt Switch|p2a: Crawdaunt\n|-supereffective|p2a: Crawdaunt\n|-damage|p2a: Crawdaunt|0 fnt\n|faint|p2a: Crawdaunt\n|c|\u2606Miss Galaxy Note 7|too bad for me\n|\n|t:|1712130838\n|switch|p1a: Serperior|Serperior, L80, F|152/251|[from] Volt Switch\n|-activate|p1a: Serperior|move: Sticky Web\n|-boost|p1a: Serperior|spe|1\n|\n|upkeep\n|\n|t:|1712130845\n|switch|p2a: Okidogi|Okidogi, L77, M|98/262\n|turn|18\n|\n|t:|1712130854\n|move|p1a: Serperior|Glare|p2a: Okidogi\n|-status|p2a: Okidogi|par\n|move|p2a: Okidogi|Gunk Shot|p1a: Serperior\n|-supereffective|p1a: Serperior\n|-damage|p1a: Serperior|0 fnt\n|faint|p1a: Serperior\n|\n|-heal|p2a: Okidogi|114/262 par|[from] item: Leftovers\n|upkeep\n|\n|t:|1712130862\n|switch|p1a: Rabsca|Rabsca, L91, M|284/284\n|turn|19\n|\n|t:|1712130870\n|move|p1a: Rabsca|Psychic|p2a: Okidogi\n|-supereffective|p2a: Okidogi\n|-damage|p2a: Okidogi|0 fnt\n|faint|p2a: Okidogi\n|\n|upkeep\n|\n|t:|1712130881\n|switch|p2a: Floatzel|Floatzel, L85, F|250/283\n|turn|20\n|\n|t:|1712130898\n|move|p2a: Floatzel|Crunch|p1a: Rabsca\n|-supereffective|p1a: Rabsca\n|-damage|p1a: Rabsca|94/284\n|-unboost|p1a: Rabsca|def|1\n|move|p1a: Rabsca|Trick Room|p1a: Rabsca\n|-fieldstart|move: Trick Room|[of] p1a: Rabsca\n|\n|upkeep\n|turn|21\n|\n|t:|1712130917\n|move|p1a: Rabsca|Revival Blessing|p1a: Rabsca\n|\n|t:|1712130919\n|-heal|p1: Wo-Chien|138/277|[from] move: Revival Blessing\n|move|p2a: Floatzel|Crunch|p1a: Rabsca\n|-supereffective|p1a: Rabsca\n|-damage|p1a: Rabsca|0 fnt\n|faint|p1a: Rabsca\n|\n|upkeep\n|\n|t:|1712130923\n|switch|p1a: Regieleki|Regieleki, L78, tera:Electric|9/253 psn\n|-activate|p1a: Regieleki|move: Sticky Web\n|-unboost|p1a: Regieleki|spe|1\n|turn|22\n|\n|t:|1712130937\n|switch|p2a: Girafarig|Girafarig, L89, M, tera:Fairy|84/269 par\n|move|p1a: Regieleki|Volt Switch|p2a: Girafarig\n|-damage|p2a: Girafarig|0 fnt\n|faint|p2a: Girafarig\n|\n|t:|1712130939\n|switch|p1a: Wo-Chien|Wo-Chien, L83|138/277|[from] Volt Switch\n|-activate|p1a: Wo-Chien|move: Sticky Web\n|-unboost|p1a: Wo-Chien|spe|1\n|-ability|p1a: Wo-Chien|Tablets of Ruin\n|\n|-heal|p1a: Wo-Chien|155/277|[from] item: Leftovers\n|upkeep\n|\n|t:|1712130946\n|switch|p2a: Floatzel|Floatzel, L85, F|250/283\n|turn|23\n|\n|t:|1712130955\n|move|p1a: Wo-Chien|Stun Spore|p2a: Floatzel\n|-status|p2a: Floatzel|par\n|cant|p2a: Floatzel|par\n|\n|-heal|p1a: Wo-Chien|172/277|[from] item: Leftovers\n|upkeep\n|turn|24\n|c|\u2606Miss Galaxy Note 7|gg\n|\n|t:|1712130963\n|move|p1a: Wo-Chien|Leech Seed|p2a: Floatzel|[miss]\n|-miss|p1a: Wo-Chien|p2a: Floatzel\n|move|p2a: Floatzel|Low Kick|p1a: Wo-Chien\n|-supereffective|p1a: Wo-Chien\n|-damage|p1a: Wo-Chien|40/277\n|\n|-heal|p1a: Wo-Chien|57/277|[from] item: Leftovers\n|-fieldend|move: Trick Room\n|upkeep\n|turn|25\n|\n|t:|1712130969\n|move|p2a: Floatzel|Low Kick|p1a: Wo-Chien\n|-supereffective|p1a: Wo-Chien\n|-damage|p1a: Wo-Chien|0 fnt\n|faint|p1a: Wo-Chien\n|\n|upkeep\n|\n|t:|1712130971\n|switch|p1a: Regieleki|Regieleki, L78, tera:Electric|9/253 psn\n|-activate|p1a: Regieleki|move: Sticky Web\n|-unboost|p1a: Regieleki|spe|1\n|turn|26\n|\n|t:|1712130973\n|move|p1a: Regieleki|Thunderbolt|p2a: Floatzel\n|-supereffective|p2a: Floatzel\n|-damage|p2a: Floatzel|0 fnt\n|faint|p2a: Floatzel\n|\n|win|Miss Galaxy Note 7\n|raw|Miss Galaxy Note 7's rating: 2223 &rarr; <strong>2248</strong><br />(+25 for winning)\n|raw|Norman2!'s rating: 2310 &rarr; <strong>2285</strong><br />(-25 for losing)\n|l|\u203dNorman2!\n|player|p2|\n", "inputlog": ">version 5e6884075e425dc5b64255756e621f094dcccacd\n>start {\"formatid\":\"gen9randombattle\",\"seed\":[23984,31644,35280,18996],\"rated\":\"Rated battle\"}\n>player p1 {\"name\":\"Miss Galaxy Note 7\",\"avatar\":\"caitlin\",\"rating\":2223,\"seed\":[30765,1022,41366,44216]}\n>player p2 {\"name\":\"Norman2!\",\"avatar\":\"101\",\"rating\":2310,\"seed\":[44630,57450,53570,5647]}\n>chat \u2606Miss Galaxy Note 7|Have fun !\n>p1 move bulkup\n>p2 move stickyweb\n>p1 move supercellslam\n>p2 move uturn\n>p2 switch 2\n>p1 move earthquake\n>p2 move protect\n>p1 move earthquake\n>p2 move closecombat\n>p2 switch 6\n>p1 switch 4\n>p2 move flipturn\n>p2 switch 2\n>p1 switch 2\n>p2 move uturn\n>p2 switch 4\n>p1 move energyball\n>p2 move aquajet\n>p1 switch 5\n>p1 move leafstorm\n>p2 switch 5\n>p1 move glare\n>p2 move nastyplot\n>p1 switch 4\n>p2 move dazzlinggleam\n>p1 move supercellslam\n>p2 move dazzlinggleam\n>p1 switch 2\n>p1 move knockoff\n>p2 move dazzlinggleam terastallize\n>p1 switch 6\n>p1 move thunderbolt\n>p2 switch 4\n>p2 switch 2\n>p1 switch 4\n>p2 move wavecrash\n>p1 switch 4\n>p2 switch 3\n>p1 move thunderbolt terastallize\n>p2 move gunkshot\n>p1 move voltswitch\n>p2 switch 5\n>chat \u2606Miss Galaxy Note 7|too bad for me\n>p1 switch 4\n>p2 switch 5\n>p1 move glare\n>p2 move gunkshot\n>p1 switch 3\n>p1 move psychic\n>p2 move knockoff\n>p2 switch 3\n>p1 move trickroom\n>p2 move crunch\n>p1 move revivalblessing\n>p2 move crunch\n>p1 switch 6\n>p1 switch 4\n>p1 move voltswitch\n>p2 switch 4\n>p1 switch 6\n>p2 switch 4\n>p1 move stunspore\n>p2 move lowkick\n>chat \u2606Miss Galaxy Note 7|gg\n>p1 move leechseed\n>p2 move lowkick\n>p1 move leechseed\n>p2 move lowkick\n>p1 switch 6\n>p1 move thunderbolt\n>p2 move lowkick", "uploadtime": 1712130993, "views": 247, "formatid": "gen9randombattle", "rating": 2248, "private": 0, "password": null}