{"id": "gen9randombattle-2260919182", "format": "[Gen 9] Random Battle", "players": ["TRedden", "hiroakiruby"], "log": "|j|\u2606TRedden\n|j|\u2606hiroakiruby\n|t:|1733916732\n|gametype|singles\n|player|p1|TRedden|blue|1694\n|player|p2|hiroakiruby|265|1745\n|teamsize|p1|6\n|teamsize|p2|6\n|gen|9\n|tier|[Gen 9] Random Battle\n|rated|\n|rule|Species Clause: Limit one of each Pok\u00e9mon\n|rule|HP Percentage Mod: HP is shown in percentages\n|rule|Sleep Clause Mod: Limit one foe put to sleep\n|rule|Illusion Level Mod: Illusion disguises the Pok\u00e9mon's true level\n|\n|t:|1733916732\n|start\n|switch|p1a: Gurdurr|Gurdurr, L85, M|283/283\n|switch|p2a: Registeel|Registeel, L81|262/262\n|turn|1\n|\n|t:|1733916744\n|move|p2a: Registeel|Iron Defense|p2a: Registeel\n|-boost|p2a: Registeel|def|2\n|move|p1a: Gurdurr|Bulk Up|p1a: Gurdurr\n|-boost|p1a: Gurdurr|atk|1\n|-boost|p1a: Gurdurr|def|1\n|\n|upkeep\n|turn|2\n|\n|t:|1733916752\n|-terastallize|p2a: Registeel|Fighting\n|move|p2a: Registeel|Iron Defense|p2a: Registeel\n|-boost|p2a: Registeel|def|2\n|move|p1a: Gurdurr|Bulk Up|p1a: Gurdurr\n|-boost|p1a: Gurdurr|atk|1\n|-boost|p1a: Gurdurr|def|1\n|\n|upkeep\n|turn|3\n|\n|t:|1733916760\n|move|p2a: Registeel|Body Press|p1a: Gurdurr\n|-damage|p1a: Gurdurr|168/283\n|move|p1a: Gurdurr|Bulk Up|p1a: Gurdurr\n|-boost|p1a: Gurdurr|atk|1\n|-boost|p1a: Gurdurr|def|1\n|\n|upkeep\n|turn|4\n|\n|t:|1733916766\n|move|p2a: Registeel|Iron Defense|p2a: Registeel\n|-boost|p2a: Registeel|def|2\n|move|p1a: Gurdurr|Drain Punch|p2a: Registeel\n|-damage|p2a: Registeel|223/262\n|-heal|p1a: Gurdurr|188/283|[from] drain|[of] p2a: Registeel\n|\n|upkeep\n|turn|5\n|\n|t:|1733916771\n|move|p2a: Registeel|Body Press|p1a: Gurdurr\n|-damage|p1a: Gurdurr|56/283\n|move|p1a: Gurdurr|Drain Punch|p2a: Registeel\n|-damage|p2a: Registeel|184/262\n|-heal|p1a: Gurdurr|76/283|[from] drain|[of] p2a: Registeel\n|\n|upkeep\n|turn|6\n|\n|t:|1733916780\n|move|p1a: Gurdurr|Mach Punch|p2a: Registeel\n|-damage|p2a: Registeel|163/262\n|move|p2a: Registeel|Body Press|p1a: Gurdurr\n|-damage|p1a: Gurdurr|0 fnt\n|faint|p1a: Gurdurr\n|\n|upkeep\n|\n|t:|1733916785\n|switch|p1a: Mewtwo|Mewtwo, L72|272/272\n|-ability|p1a: Mewtwo|Unnerve\n|turn|7\n|\n|t:|1733916790\n|switch|p2a: Brute Bonnet|Brute Bonnet, L81|312/312\n|move|p1a: Mewtwo|Psystrike|p2a: Brute Bonnet\n|-immune|p2a: Brute Bonnet\n|\n|upkeep\n|turn|8\n|\n|t:|1733916810\n|switch|p1a: Raging Bolt|Raging Bolt, L78|323/323\n|move|p2a: Brute Bonnet|Crunch|p1a: Raging Bolt\n|-damage|p1a: Raging Bolt|169/323\n|-unboost|p1a: Raging Bolt|def|1\n|\n|-heal|p1a: Raging Bolt|189/323|[from] item: Leftovers\n|upkeep\n|turn|9\n|\n|t:|1733916823\n|-end|p1a: Raging Bolt|Protosynthesis|[silent]\n|switch|p1a: Klefki|Klefki, L84, F|233/233\n|move|p2a: Brute Bonnet|Crunch|p1a: Klefki\n|-resisted|p1a: Klefki\n|-damage|p1a: Klefki|162/233\n|-unboost|p1a: Klefki|def|1\n|\n|-heal|p1a: Klefki|176/233|[from] item: Leftovers\n|upkeep\n|turn|10\n|\n|t:|1733916831\n|-end|p2a: Brute Bonnet|Protosynthesis|[silent]\n|switch|p2a: Whiscash|Whiscash, L88, F|337/337\n|move|p1a: Klefki|Dazzling Gleam|p2a: Whiscash\n|-damage|p2a: Whiscash|259/337\n|\n|-heal|p1a: Klefki|190/233|[from] item: Leftovers\n|upkeep\n|turn|11\n|\n|t:|1733916837\n|switch|p1a: Yanmega|Yanmega, L82, F|275/275\n|move|p2a: Whiscash|Dragon Dance|p2a: Whiscash\n|-boost|p2a: Whiscash|atk|1\n|-boost|p2a: Whiscash|spe|1\n|\n|upkeep\n|turn|12\n|\n|t:|1733916841\n|move|p2a: Whiscash|Stone Edge|p1a: Yanmega\n|-supereffective|p1a: Yanmega\n|-damage|p1a: Yanmega|0 fnt\n|faint|p1a: Yanmega\n|-damage|p2a: Whiscash|226/337|[from] item: Life Orb\n|\n|upkeep\n|inactive|Battle timer is ON: inactive players will automatically lose when time's up. (requested by hiroakiruby)\n|\n|t:|1733916856\n|switch|p1a: Klefki|Klefki, L84, F|190/233\n|turn|13\n|\n|t:|1733916861\n|-terastallize|p1a: Klefki|Flying\n|move|p2a: Whiscash|Earthquake|p1a: Klefki\n|-immune|p1a: Klefki\n|move|p1a: Klefki|Foul Play|p2a: Whiscash\n|-damage|p2a: Whiscash|126/337\n|\n|-heal|p1a: Klefki|204/233|[from] item: Leftovers\n|upkeep\n|turn|14\n|\n|t:|1733916870\n|move|p2a: Whiscash|Stone Edge|p1a: Klefki\n|-supereffective|p1a: Klefki\n|-crit|p1a: Klefki\n|-damage|p1a: Klefki|0 fnt\n|faint|p1a: Klefki\n|-damage|p2a: Whiscash|93/337|[from] item: Life Orb\n|\n|upkeep\n|-message|TRedden forfeited.\n|\n|win|hiroakiruby\n|raw|TRedden's rating: 1694 &rarr; <strong>1677</strong><br />(-17 for losing)\n|raw|hiroakiruby's rating: 1745 &rarr; <strong>1762</strong><br />(+17 for winning)\n", "inputlog": ">version bfd83cad13791eb5a5a409923076391caf6fb4d4\n>start {\"formatid\":\"gen9randombattle\",\"seed\":[39410,50780,25194,51841],\"rated\":\"Rated battle\"}\n>player p1 {\"name\":\"TRedden\",\"avatar\":\"blue\",\"rating\":1694,\"seed\":[53207,16343,45399,53767]}\n>player p2 {\"name\":\"hiroakiruby\",\"avatar\":\"265\",\"rating\":1745,\"seed\":[54166,44405,55139,65047]}\n>p1 move bulkup\n>p2 move irondefense\n>p1 move bulkup\n>p2 move irondefense terastallize\n>p1 move bulkup\n>p2 move bodypress\n>p1 move drainpunch\n>p2 move irondefense\n>p1 move drainpunch\n>p2 move bodypress\n>p1 move machpunch\n>p2 move bodypress\n>p1 switch 6\n>p1 move psystrike\n>p2 switch 3\n>p1 switch 2\n>p2 move crunch\n>p1 switch 3\n>p2 move crunch\n>p1 move dazzlinggleam\n>p2 switch 6\n>p1 switch 5\n>p2 move dragondance\n>p1 move gigadrain\n>p2 move stoneedge\n>p1 switch 5\n>p1 move foulplay terastallize\n>p2 move earthquake\n>p1 move foulplay\n>p2 move stoneedge\n>forcelose p1", "uploadtime": 1733916879, "views": 4, "formatid": "gen9randombattle", "rating": 1677, "private": 0, "password": null}