{"id": "gen9randombattle-2259932823", "format": "[Gen 9] Random Battle", "players": ["Miqky miqky", "Breachingtrout"], "log": "|j|\u2606Miqky miqky\n|j|\u2606Breachingtrout\n|t:|1733781429\n|gametype|singles\n|player|p1|Miqky miqky|170|1972\n|player|p2|Breachingtrout|2|1946\n|teamsize|p1|6\n|teamsize|p2|6\n|gen|9\n|tier|[Gen 9] Random Battle\n|rated|\n|rule|Species Clause: Limit one of each Pok\u00e9mon\n|rule|HP Percentage Mod: HP is shown in percentages\n|rule|Sleep Clause Mod: Limit one foe put to sleep\n|rule|Illusion Level Mod: Illusion disguises the Pok\u00e9mon's true level\n|\n|t:|1733781429\n|start\n|switch|p1a: Krookodile|Krookodile, L80, F|283/283\n|switch|p2a: Cetitan|Cetitan, L82, F|413/413\n|-ability|p1a: Krookodile|Intimidate|boost\n|-unboost|p2a: Cetitan|atk|1\n|turn|1\n|inactive|Battle timer is ON: inactive players will automatically lose when time's up. (requested by Miqky miqky)\n|\n|t:|1733781446\n|switch|p1a: Illumise|Illumise, L91, F|266/266\n|move|p2a: Cetitan|Icicle Crash|p1a: Illumise\n|-damage|p1a: Illumise|153/266\n|\n|upkeep\n|turn|2\n|\n|t:|1733781451\n|switch|p2a: Raging Bolt|Raging Bolt, L78|323/323\n|move|p1a: Illumise|Thunder Wave|p2a: Raging Bolt\n|-immune|p2a: Raging Bolt\n|\n|upkeep\n|turn|3\n|\n|t:|1733781457\n|move|p1a: Illumise|Bug Buzz|p2a: Raging Bolt\n|-damage|p2a: Raging Bolt|223/323\n|move|p2a: Raging Bolt|Dragon Pulse|p1a: Illumise\n|-damage|p1a: Illumise|51/266\n|\n|-heal|p2a: Raging Bolt|243/323|[from] item: Leftovers\n|upkeep\n|turn|4\n|\n|t:|1733781462\n|move|p1a: Illumise|Roost|p1a: Illumise\n|-heal|p1a: Illumise|184/266\n|-singleturn|p1a: Illumise|move: Roost\n|move|p2a: Raging Bolt|Thunderbolt|p1a: Illumise\n|-damage|p1a: Illumise|82/266\n|\n|-heal|p2a: Raging Bolt|263/323|[from] item: Leftovers\n|upkeep\n|turn|5\n|\n|t:|1733781467\n|move|p1a: Illumise|Roost|p1a: Illumise\n|-heal|p1a: Illumise|215/266\n|-singleturn|p1a: Illumise|move: Roost\n|move|p2a: Raging Bolt|Thunderbolt|p1a: Illumise\n|-damage|p1a: Illumise|103/266\n|-status|p1a: Illumise|par\n|\n|-heal|p2a: Raging Bolt|283/323|[from] item: Leftovers\n|upkeep\n|turn|6\n|\n|t:|1733781471\n|cant|p1a: Illumise|par\n|move|p2a: Raging Bolt|Thunderbolt|p1a: Illumise\n|-damage|p1a: Illumise|0 fnt\n|faint|p1a: Illumise\n|\n|-heal|p2a: Raging Bolt|303/323|[from] item: Leftovers\n|upkeep\n|\n|t:|1733781473\n|switch|p1a: Krookodile|Krookodile, L80, F|283/283\n|-ability|p1a: Krookodile|Intimidate|boost\n|-unboost|p2a: Raging Bolt|atk|1\n|turn|7\n|\n|t:|1733781482\n|-end|p2a: Raging Bolt|Protosynthesis|[silent]\n|switch|p2a: Pelipper|Pelipper, L86, F|243/243\n|-weather|RainDance|[from] ability: Drizzle|[of] p2a: Pelipper\n|move|p1a: Krookodile|Stealth Rock|p2a: Pelipper\n|-sidestart|p2: Breachingtrout|move: Stealth Rock\n|\n|-weather|RainDance|[upkeep]\n|upkeep\n|turn|8\n|\n|t:|1733781489\n|move|p1a: Krookodile|Gunk Shot|p2a: Pelipper\n|-damage|p2a: Pelipper|134/243\n|-damage|p1a: Krookodile|255/283|[from] item: Life Orb\n|move|p2a: Pelipper|Weather Ball|p1a: Krookodile\n|-supereffective|p1a: Krookodile\n|-damage|p1a: Krookodile|0 fnt\n|faint|p1a: Krookodile\n|\n|-weather|RainDance|[upkeep]\n|upkeep\n|\n|t:|1733781493\n|switch|p1a: Galvantula|Galvantula, L82, F|249/249\n|turn|9\n|inactive|Breachingtrout has 120 seconds left.\n|\n|t:|1733781538\n|switch|p2a: Dragalge|Dragalge, L88, M|258/258\n|-damage|p2a: Dragalge|226/258|[from] Stealth Rock\n|move|p1a: Galvantula|Sticky Web|p2a: Dragalge\n|-sidestart|p2: Breachingtrout|move: Sticky Web\n|\n|-weather|RainDance|[upkeep]\n|upkeep\n|turn|10\n|\n|t:|1733781550\n|move|p1a: Galvantula|Thunder|p2a: Dragalge\n|-resisted|p2a: Dragalge\n|-damage|p2a: Dragalge|184/258\n|move|p2a: Dragalge|Sludge Wave|p1a: Galvantula\n|-damage|p1a: Galvantula|0 fnt\n|faint|p1a: Galvantula\n|\n|-weather|RainDance|[upkeep]\n|upkeep\n|\n|t:|1733781554\n|switch|p1a: Froslass|Froslass, L87, F|263/263\n|turn|11\n|inactive|Breachingtrout has 120 seconds left.\n|\n|t:|1733781578\n|switch|p2a: Pelipper|Pelipper, L86, F|134/243\n|-damage|p2a: Pelipper|74/243|[from] Stealth Rock\n|move|p1a: Froslass|Triple Axel|p2a: Pelipper\n|-damage|p2a: Pelipper|55/243\n|-damage|p2a: Pelipper|18/243\n|-damage|p2a: Pelipper|0 fnt\n|faint|p2a: Pelipper\n|-hitcount|p2: Pelipper|3\n|\n|-weather|none\n|upkeep\n|\n|t:|1733781589\n|switch|p2a: Cetitan|Cetitan, L82, F|413/413\n|-damage|p2a: Cetitan|310/413|[from] Stealth Rock\n|-activate|p2a: Cetitan|move: Sticky Web\n|-unboost|p2a: Cetitan|spe|1\n|turn|12\n|\n|t:|1733781611\n|move|p1a: Froslass|Poltergeist|p2a: Cetitan\n|-activate|p2a: Cetitan|move: Poltergeist|Life Orb\n|-damage|p2a: Cetitan|171/413\n|move|p2a: Cetitan|Liquidation|p1a: Froslass\n|-damage|p1a: Froslass|133/263\n|\n|upkeep\n|turn|13\n|inactive|Breachingtrout has 120 seconds left.\n|inactive|Breachingtrout has 90 seconds left.\n|\n|t:|1733781657\n|move|p1a: Froslass|Poltergeist|p2a: Cetitan\n|-activate|p2a: Cetitan|move: Poltergeist|Life Orb\n|-damage|p2a: Cetitan|39/413\n|move|p2a: Cetitan|Liquidation|p1a: Froslass\n|-damage|p1a: Froslass|16/263\n|\n|upkeep\n|turn|14\n|\n|t:|1733781666\n|move|p2a: Cetitan|Ice Shard|p1a: Froslass\n|-resisted|p1a: Froslass\n|-damage|p1a: Froslass|0 fnt\n|faint|p1a: Froslass\n|-damage|p2a: Cetitan|0 fnt|[from] item: Life Orb\n|faint|p2a: Cetitan\n|\n|upkeep\n|inactive|Breachingtrout has 90 seconds left.\n|inactive|Breachingtrout has 60 seconds left.\n|\n|t:|1733781728\n|switch|p1a: Flygon|Flygon, L82, F|265/265\n|switch|p2a: Raging Bolt|Raging Bolt, L78|303/323\n|-damage|p2a: Raging Bolt|263/323|[from] Stealth Rock\n|-activate|p2a: Raging Bolt|move: Sticky Web\n|-unboost|p2a: Raging Bolt|spe|1\n|turn|15\n|\n|t:|1733781734\n|move|p1a: Flygon|Earthquake|p2a: Raging Bolt\n|-supereffective|p2a: Raging Bolt\n|-damage|p2a: Raging Bolt|0 fnt\n|faint|p2a: Raging Bolt\n|-end|p2a: Raging Bolt|Protosynthesis|[silent]\n|\n|upkeep\n|\n|t:|1733781737\n|switch|p2a: Frosmoth|Frosmoth, L82, M|249/249\n|turn|16\n|\n|t:|1733781744\n|switch|p1a: Muk|Muk-Alola, L82, F|306/306\n|move|p2a: Frosmoth|Quiver Dance|p2a: Frosmoth\n|-boost|p2a: Frosmoth|spa|1\n|-boost|p2a: Frosmoth|spd|1\n|-boost|p2a: Frosmoth|spe|1\n|\n|upkeep\n|turn|17\n|inactive|Breachingtrout has 60 seconds left.\n|\n|t:|1733781752\n|move|p2a: Frosmoth|Bug Buzz|p1a: Muk\n|-damage|p1a: Muk|212/306\n|move|p1a: Muk|Gunk Shot|p2a: Frosmoth\n|-damage|p2a: Frosmoth|83/249\n|\n|upkeep\n|turn|18\n|\n|t:|1733781759\n|move|p2a: Frosmoth|Bug Buzz|p1a: Muk\n|-damage|p1a: Muk|116/306\n|move|p1a: Muk|Knock Off|p2a: Frosmoth\n|-damage|p2a: Frosmoth|0 fnt\n|-enditem|p2a: Frosmoth|Heavy-Duty Boots|[from] move: Knock Off|[of] p1a: Muk\n|faint|p2a: Frosmoth\n|\n|upkeep\n|\n|t:|1733781766\n|switch|p2a: Golduck|Golduck, L90, F|290/290\n|-damage|p2a: Golduck|254/290|[from] Stealth Rock\n|-activate|p2a: Golduck|move: Sticky Web\n|-unboost|p2a: Golduck|spe|1\n|turn|19\n|\n|t:|1733781770\n|move|p2a: Golduck|Hydro Pump|p1a: Muk|[miss]\n|-miss|p2a: Golduck|p1a: Muk\n|move|p1a: Muk|Gunk Shot|p2a: Golduck\n|-damage|p2a: Golduck|112/290\n|\n|-heal|p2a: Golduck|130/290|[from] item: Leftovers\n|upkeep\n|turn|20\n|\n|t:|1733781782\n|move|p2a: Golduck|Hydro Pump|p1a: Muk\n|-damage|p1a: Muk|29/306\n|move|p1a: Muk|Knock Off|p2a: Golduck\n|-damage|p2a: Golduck|30/290\n|-enditem|p2a: Golduck|Leftovers|[from] move: Knock Off|[of] p1a: Muk\n|\n|upkeep\n|turn|21\n|\n|t:|1733781791\n|move|p1a: Muk|Shadow Sneak|p2a: Golduck\n|-damage|p2a: Golduck|0 fnt\n|faint|p2a: Golduck\n|\n|upkeep\n|\n|t:|1733781793\n|switch|p2a: Dragalge|Dragalge, L88, M|184/258\n|-damage|p2a: Dragalge|152/258|[from] Stealth Rock\n|-activate|p2a: Dragalge|move: Sticky Web\n|-unboost|p2a: Dragalge|spe|1\n|turn|22\n|\n|t:|1733781800\n|move|p1a: Muk|Ice Punch|p2a: Dragalge\n|-supereffective|p2a: Dragalge\n|-damage|p2a: Dragalge|42/258\n|move|p2a: Dragalge|Focus Blast|p1a: Muk\n|-damage|p1a: Muk|0 fnt\n|faint|p1a: Muk\n|\n|upkeep\n|\n|t:|1733781806\n|switch|p1a: Flygon|Flygon, L82, F|265/265\n|turn|23\n|\n|t:|1733781811\n|-terastallize|p1a: Flygon|Ground\n|move|p1a: Flygon|Earthquake|p2a: Dragalge\n|-supereffective|p2a: Dragalge\n|-damage|p2a: Dragalge|0 fnt\n|faint|p2a: Dragalge\n|\n|win|Miqky miqky\n|raw|Miqky miqky's rating: 1989 &rarr; <strong>2007</strong><br />(+18 for winning)\n|raw|Breachingtrout's rating: 1946 &rarr; <strong>1928</strong><br />(-18 for losing)\n", "inputlog": ">version bfd83cad13791eb5a5a409923076391caf6fb4d4\n>start {\"formatid\":\"gen9randombattle\",\"seed\":[27308,48857,10383,40163],\"rated\":\"Rated battle\"}\n>player p1 {\"name\":\"Miqky miqky\",\"avatar\":\"170\",\"rating\":1972,\"seed\":[14703,28916,58222,4519]}\n>player p2 {\"name\":\"Breachingtrout\",\"avatar\":\"2\",\"rating\":1946,\"seed\":[33582,3873,14040,58978]}\n>p1 switch 3\n>p2 move iciclecrash\n>p1 move thunderwave\n>p2 switch 4\n>p1 move bugbuzz\n>p2 move dragonpulse\n>p1 move roost\n>p2 move thunderbolt\n>p1 move roost\n>p2 move thunderbolt\n>p1 move encore\n>p2 move thunderbolt\n>p1 switch 3\n>p1 move stealthrock\n>p2 switch 3\n>p1 move gunkshot\n>p2 move weatherball\n>p1 switch 4\n>p1 move stickyweb\n>p2 switch 2\n>p1 move thunder\n>p2 move sludgewave\n>p1 switch 5\n>p1 move tripleaxel\n>p2 switch 2\n>p2 switch 4\n>p1 move poltergeist\n>p2 move liquidation\n>p1 move poltergeist\n>p2 move liquidation\n>p1 move poltergeist\n>p2 move iceshard\n>p1 switch 6\n>p2 switch 3\n>p1 move earthquake\n>p2 move dragonpulse\n>p2 switch 6\n>p1 switch 2\n>p2 move quiverdance\n>p1 move gunkshot\n>p2 move bugbuzz\n>p1 move knockoff\n>p2 move bugbuzz\n>p2 switch 5\n>p1 move gunkshot\n>p2 move hydropump\n>p1 move knockoff\n>p2 move hydropump\n>p1 move shadowsneak\n>p2 move hydropump\n>p2 switch 2\n>p1 move icepunch\n>p2 move focusblast\n>p1 switch 2\n>p1 move earthquake terastallize\n>p2 move focusblast", "uploadtime": 1733781815, "views": 1, "formatid": "gen9randombattle", "rating": 1928, "private": 0, "password": null}