{"id": "gen9randombattle-2260916806", "format": "[Gen 9] Random Battle", "players": ["Brosi72", "FearMeYouShould!"], "log": "|j|\u2606Brosi72\n|j|\u2606FearMeYouShould!\n|t:|1733916328\n|gametype|singles\n|player|p1|Brosi72|265|1240\n|player|p2|FearMeYouShould!|beauty-gen4dp|1263\n|teamsize|p1|6\n|teamsize|p2|6\n|gen|9\n|tier|[Gen 9] Random Battle\n|rated|\n|rule|Species Clause: Limit one of each Pok\u00e9mon\n|rule|HP Percentage Mod: HP is shown in percentages\n|rule|Sleep Clause Mod: Limit one foe put to sleep\n|rule|Illusion Level Mod: Illusion disguises the Pok\u00e9mon's true level\n|\n|t:|1733916328\n|start\n|switch|p1a: Overqwil|Overqwil, L82, F|274/274\n|switch|p2a: Kingambit|Kingambit, L74, M|270/270\n|-ability|p1a: Overqwil|Intimidate|boost\n|-unboost|p2a: Kingambit|atk|1\n|turn|1\n|c|\u2606Brosi72|WASSAAAAA\n|\n|t:|1733916355\n|switch|p1a: Slither Wing|Slither Wing, L81|270/270\n|-end|p2a: Kingambit|fallenundefined|[silent]\n|switch|p2a: Excadrill|Excadrill, L79, M|303/303\n|-ability|p2a: Excadrill|Mold Breaker\n|\n|upkeep\n|turn|2\n|\n|t:|1733916367\n|move|p1a: Slither Wing|Flare Blitz|p2a: Excadrill\n|-supereffective|p2a: Excadrill\n|-damage|p2a: Excadrill|21/303\n|-damage|p1a: Slither Wing|177/270|[from] Recoil\n|move|p2a: Excadrill|Rock Slide|p1a: Slither Wing\n|-damage|p1a: Slither Wing|105/270\n|\n|upkeep\n|turn|3\n|inactive|Battle timer is ON: inactive players will automatically lose when time's up. (requested by FearMeYouShould!)\n|\n|t:|1733916375\n|switch|p2a: Golduck|Golduck, L90, M|290/290\n|-ability|p2a: Golduck|Cloud Nine\n|move|p1a: Slither Wing|Flare Blitz|p2a: Golduck\n|-resisted|p2a: Golduck\n|-damage|p2a: Golduck|239/290\n|-damage|p1a: Slither Wing|88/270|[from] Recoil\n|\n|upkeep\n|turn|4\n|c|\u2606FearMeYouShould!|i smurf, good luck.\n|\n|t:|1733916393\n|-end|p1a: Slither Wing|Protosynthesis|[silent]\n|switch|p1a: Overqwil|Overqwil, L82, F|274/274\n|-ability|p1a: Overqwil|Intimidate|boost\n|-unboost|p2a: Golduck|atk|1\n|move|p2a: Golduck|Flip Turn|p1a: Overqwil\n|-damage|p1a: Overqwil|235/274\n|\n|t:|1733916407\n|switch|p2a: Toxtricity|Toxtricity, L82, F|257/257|[from] Flip Turn\n|\n|upkeep\n|turn|5\n|\n|t:|1733916414\n|move|p1a: Overqwil|Scale Shot|p2a: Toxtricity\n|-damage|p2a: Toxtricity|232/257\n|-damage|p2a: Toxtricity|209/257\n|-damage|p2a: Toxtricity|184/257\n|-damage|p2a: Toxtricity|162/257\n|-hitcount|p2a: Toxtricity|4\n|-unboost|p1a: Overqwil|def|1\n|-boost|p1a: Overqwil|spe|1\n|move|p2a: Toxtricity|Overdrive|p1a: Overqwil\n|-damage|p1a: Overqwil|12/274\n|\n|upkeep\n|turn|6\n|\n|t:|1733916427\n|move|p1a: Overqwil|Crunch|p2a: Toxtricity\n|-damage|p2a: Toxtricity|50/257\n|move|p2a: Toxtricity|Overdrive|p1a: Overqwil\n|-damage|p1a: Overqwil|0 fnt\n|faint|p1a: Overqwil\n|\n|upkeep\n|\n|t:|1733916436\n|switch|p1a: Slither Wing|Slither Wing, L81|88/270\n|turn|7\n|\n|t:|1733916447\n|move|p1a: Slither Wing|Close Combat|p2a: Toxtricity\n|-resisted|p2a: Toxtricity\n|-damage|p2a: Toxtricity|0 fnt\n|-unboost|p1a: Slither Wing|def|1\n|-unboost|p1a: Slither Wing|spd|1\n|faint|p2a: Toxtricity\n|\n|upkeep\n|\n|t:|1733916454\n|switch|p2a: Golurk|Golurk, L87|297/297\n|turn|8\n|inactive|Brosi72 has 120 seconds left.\n|inactive|Brosi72 has 90 seconds left.\n|inactive|Brosi72 has 60 seconds left.\n|c|\u2606FearMeYouShould!|already fear ? ^^\n|\n|t:|1733916568\n|-end|p1a: Slither Wing|Protosynthesis|[silent]\n|switch|p1a: Swalot|Swalot, L90, F|326/326\n|move|p2a: Golurk|Stealth Rock|p1a: Swalot\n|-sidestart|p1: Brosi72|move: Stealth Rock\n|\n|upkeep\n|turn|9\n|\n|t:|1733916576\n|-terastallize|p1a: Swalot|Ground\n|move|p1a: Swalot|Toxic|p2a: Golurk\n|-status|p2a: Golurk|tox\n|move|p2a: Golurk|Earthquake|p1a: Swalot\n|-damage|p1a: Swalot|141/326\n|-damage|p2a: Golurk|268/297 tox|[from] item: Life Orb\n|\n|-heal|p1a: Swalot|161/326|[from] item: Leftovers\n|-damage|p2a: Golurk|250/297 tox|[from] psn\n|upkeep\n|turn|10\n|\n|t:|1733916587\n|move|p1a: Swalot|Protect|p1a: Swalot\n|-singleturn|p1a: Swalot|Protect\n|move|p2a: Golurk|Earthquake|p1a: Swalot\n|-activate|p1a: Swalot|move: Protect\n|\n|-heal|p1a: Swalot|181/326|[from] item: Leftovers\n|-damage|p2a: Golurk|214/297 tox|[from] psn\n|upkeep\n|turn|11\n|\n|t:|1733916599\n|switch|p1a: Cryogonal|Cryogonal, L89|287/287\n|move|p2a: Golurk|Earthquake|p1a: Cryogonal\n|-immune|p1a: Cryogonal|[from] ability: Levitate\n|\n|-damage|p2a: Golurk|160/297 tox|[from] psn\n|upkeep\n|turn|12\n|\n|t:|1733916612\n|switch|p2a: Golduck|Golduck, L90, M|239/290\n|-ability|p2a: Golduck|Cloud Nine\n|move|p1a: Cryogonal|Freeze-Dry|p2a: Golduck\n|-supereffective|p2a: Golduck\n|-damage|p2a: Golduck|69/290\n|-status|p2a: Golduck|frz\n|\n|upkeep\n|turn|13\n|inactive|Brosi72 has 60 seconds left.\n|c|\u2606FearMeYouShould!|wow\n|c|\u2606FearMeYouShould!|you wake up ???\n|c|\u2606Brosi72|scared?\n|\n|t:|1733916627\n|move|p1a: Cryogonal|Freeze-Dry|p2a: Golduck\n|-supereffective|p2a: Golduck\n|-damage|p2a: Golduck|0 fnt\n|faint|p2a: Golduck\n|\n|upkeep\n|c|\u2606FearMeYouShould!|or it's just luck ???\n|\n|t:|1733916637\n|switch|p2a: Golurk|Golurk, L87|160/297 tox\n|turn|14\n|\n|t:|1733916641\n|move|p1a: Cryogonal|Freeze-Dry|p2a: Golurk\n|-supereffective|p2a: Golurk\n|-damage|p2a: Golurk|0 fnt\n|faint|p2a: Golurk\n|\n|upkeep\n|c|\u2606FearMeYouShould!|omg\n|\n|t:|1733916647\n|switch|p2a: Excadrill|Excadrill, L79, M|21/303\n|-ability|p2a: Excadrill|Mold Breaker\n|turn|15\n|\n|t:|1733916656\n|switch|p1a: Swalot|Swalot, L90, F, tera:Ground|181/326\n|-damage|p1a: Swalot|161/326|[from] Stealth Rock\n|move|p2a: Excadrill|Iron Head|p1a: Swalot\n|-damage|p1a: Swalot|65/326\n|\n|-heal|p1a: Swalot|85/326|[from] item: Leftovers\n|upkeep\n|turn|16\n|\n|t:|1733916665\n|move|p2a: Excadrill|Rapid Spin|p1a: Swalot\n|-damage|p1a: Swalot|45/326\n|-boost|p2a: Excadrill|spe|1\n|move|p1a: Swalot|Earthquake|p2a: Excadrill\n|-supereffective|p2a: Excadrill\n|-damage|p2a: Excadrill|0 fnt\n|faint|p2a: Excadrill\n|\n|-heal|p1a: Swalot|65/326|[from] item: Leftovers\n|upkeep\n|c|\u2606FearMeYouShould!|...\n|\n|t:|1733916678\n|switch|p2a: Rabsca|Rabsca, L91, M|284/284\n|turn|17\n|inactive|Brosi72 has 90 seconds left.\n|\n|t:|1733916687\n|move|p1a: Swalot|Toxic|p2a: Rabsca\n|-status|p2a: Rabsca|tox\n|-activate|p2a: Rabsca|ability: Synchronize\n|-status|p1a: Swalot|tox\n|move|p2a: Rabsca|Psychic|p1a: Swalot\n|-damage|p1a: Swalot|0 fnt\n|faint|p1a: Swalot\n|\n|-damage|p2a: Rabsca|267/284 tox|[from] psn\n|upkeep\n|inactive|Brosi72 has 90 seconds left.\n|\n|t:|1733916706\n|switch|p1a: Slither Wing|Slither Wing, L81|88/270\n|-damage|p1a: Slither Wing|55/270|[from] Stealth Rock\n|turn|18\n|\n|t:|1733916710\n|move|p1a: Slither Wing|Flare Blitz|p2a: Rabsca\n|-supereffective|p2a: Rabsca\n|-damage|p2a: Rabsca|83/284 tox\n|-damage|p1a: Slither Wing|0 fnt|[from] Recoil\n|faint|p1a: Slither Wing\n|-end|p1a: Slither Wing|Protosynthesis|[silent]\n|move|p2a: Rabsca|Psychic|p1: Slither Wing|[notarget]\n|-fail|p2a: Rabsca\n|\n|-damage|p2a: Rabsca|49/284 tox|[from] psn\n|upkeep\n|inactive|Brosi72 has 90 seconds left.\n|\n|t:|1733916721\n|switch|p1a: Latias|Latias, L79, F|256/256\n|-damage|p1a: Latias|224/256|[from] Stealth Rock\n|turn|19\n|\n|t:|1733916726\n|move|p1a: Latias|Recover|p1a: Latias\n|-heal|p1a: Latias|256/256\n|move|p2a: Rabsca|Bug Buzz|p1a: Latias\n|-supereffective|p1a: Latias\n|-damage|p1a: Latias|58/256\n|\n|-damage|p2a: Rabsca|0 fnt|[from] psn\n|faint|p2a: Rabsca\n|upkeep\n|\n|t:|1733916733\n|switch|p2a: Kingambit|Kingambit, L74, M|270/270\n|-activate|p2a: Kingambit|ability: Supreme Overlord\n|-start|p2a: Kingambit|fallen5|[silent]\n|turn|20\n|\n|t:|1733916743\n|move|p1a: Latias|Draco Meteor|p2a: Kingambit\n|-resisted|p2a: Kingambit\n|-damage|p2a: Kingambit|176/270\n|-unboost|p1a: Latias|spa|2\n|move|p2a: Kingambit|Swords Dance|p2a: Kingambit\n|-boost|p2a: Kingambit|atk|2\n|\n|-heal|p2a: Kingambit|192/270|[from] item: Leftovers\n|upkeep\n|turn|21\n|\n|t:|1733916758\n|switch|p1a: Arboliva|Arboliva, L91, F|288/288\n|-damage|p1a: Arboliva|252/288|[from] Stealth Rock\n|move|p2a: Kingambit|Iron Head|p1a: Arboliva\n|-damage|p1a: Arboliva|2/288\n|-enditem|p1a: Arboliva|Sitrus Berry|[eat]\n|-heal|p1a: Arboliva|74/288|[from] item: Sitrus Berry\n|\n|-heal|p2a: Kingambit|208/270|[from] item: Leftovers\n|-item|p1a: Arboliva|Sitrus Berry|[from] ability: Harvest\n|upkeep\n|-enditem|p1a: Arboliva|Sitrus Berry|[eat]\n|-heal|p1a: Arboliva|146/288|[from] item: Sitrus Berry\n|turn|22\n|\n|t:|1733916776\n|-terastallize|p2a: Kingambit|Dark\n|move|p1a: Arboliva|Protect|p1a: Arboliva\n|-singleturn|p1a: Arboliva|Protect\n|move|p2a: Kingambit|Kowtow Cleave|p1a: Arboliva\n|-activate|p1a: Arboliva|move: Protect\n|\n|-heal|p2a: Kingambit|224/270|[from] item: Leftovers\n|upkeep\n|turn|23\n|\n|t:|1733916788\n|move|p1a: Arboliva|Leech Seed|p2a: Kingambit\n|-start|p2a: Kingambit|move: Leech Seed\n|move|p2a: Kingambit|Swords Dance|p2a: Kingambit\n|-boost|p2a: Kingambit|atk|2\n|\n|-heal|p2a: Kingambit|240/270|[from] item: Leftovers\n|-damage|p2a: Kingambit|207/270|[from] Leech Seed|[of] p1a: Arboliva\n|-heal|p1a: Arboliva|179/288|[silent]\n|-item|p1a: Arboliva|Sitrus Berry|[from] ability: Harvest\n|upkeep\n|turn|24\n|\n|t:|1733916797\n|move|p1a: Arboliva|Protect|p1a: Arboliva\n|-singleturn|p1a: Arboliva|Protect\n|move|p2a: Kingambit|Kowtow Cleave|p1a: Arboliva\n|-activate|p1a: Arboliva|move: Protect\n|\n|-heal|p2a: Kingambit|223/270|[from] item: Leftovers\n|-damage|p2a: Kingambit|190/270|[from] Leech Seed|[of] p1a: Arboliva\n|-heal|p1a: Arboliva|212/288|[silent]\n|upkeep\n|turn|25\n|\n|t:|1733916806\n|move|p1a: Arboliva|Substitute|p1a: Arboliva\n|-start|p1a: Arboliva|Substitute\n|-damage|p1a: Arboliva|140/288\n|-enditem|p1a: Arboliva|Sitrus Berry|[eat]\n|-heal|p1a: Arboliva|212/288|[from] item: Sitrus Berry\n|move|p2a: Kingambit|Kowtow Cleave|p1a: Arboliva\n|-end|p1a: Arboliva|Substitute\n|\n|-heal|p2a: Kingambit|206/270|[from] item: Leftovers\n|-damage|p2a: Kingambit|173/270|[from] Leech Seed|[of] p1a: Arboliva\n|-heal|p1a: Arboliva|245/288|[silent]\n|-item|p1a: Arboliva|Sitrus Berry|[from] ability: Harvest\n|upkeep\n|turn|26\n|inactiveoff|Battle timer is now OFF.\n|c|\u2606FearMeYouShould!|SUK MY BBC\n|c|\u2606FearMeYouShould!|FUKING NOOB\n|c|\u2606FearMeYouShould!|ONLY LUCK\n|c|\u2606Brosi72|hahahaha\n|c|\u2606Brosi72|just play man\n|c|\u2606FearMeYouShould!|YOUR NEED MY BIG BLACK COCK\n|c|\u2606FearMeYouShould!|IN YOUR BIG FAT ASS\n|c|\u2606Brosi72|are you scared?\n|c|\u2606FearMeYouShould!|TRASH PLAYER\n|c|\u2606Brosi72|\u00bf?\n|c|\u2606Brosi72|hahhaa\n|inactive|Battle timer is ON: inactive players will automatically lose when time's up. (requested by Brosi72)\n|c|\u2606Brosi72|time is passing dude\n|inactive|FearMeYouShould! has 120 seconds left.\n|c|\u2606FearMeYouShould!|I GONNA FUK YOUR ASS\n|inactive|FearMeYouShould! has 90 seconds left.\n|c|\u2606Brosi72|tick tack\n|inactive|FearMeYouShould! has 60 seconds left.\n|c|\u2606Brosi72|ohhh\n|inactive|FearMeYouShould! has 30 seconds left.\n|c|\u2606Brosi72|poor litl man\n|inactive|FearMeYouShould! has 20 seconds left.\n|c|\u2606Brosi72|gg\n|inactive|FearMeYouShould! has 15 seconds left.\n|inactive|FearMeYouShould! has 10 seconds left.\n|inactive|FearMeYouShould! has 5 seconds left.\n|n|!FearMeYouShould!|fearmeyoushould\n|-message|FearMeYouShould! lost due to inactivity.\n|\n|win|Brosi72\n", "inputlog": ">version bfd83cad13791eb5a5a409923076391caf6fb4d4\n>start {\"formatid\":\"gen9randombattle\",\"seed\":[58675,33024,31224,5294],\"rated\":\"Rated battle\"}\n>player p1 {\"name\":\"Brosi72\",\"avatar\":\"265\",\"rating\":1240,\"seed\":[35354,14412,59545,61012]}\n>player p2 {\"name\":\"FearMeYouShould!\",\"avatar\":\"beauty-gen4dp\",\"rating\":1263,\"seed\":[24307,8728,48842,43620]}\n>chat \u2606Brosi72|WASSAAAAA\n>p1 switch 6\n>p2 switch 2\n>p1 move flareblitz\n>p2 move rockslide\n>p1 move flareblitz\n>p2 switch 6\n>chat \u2606FearMeYouShould!|i smurf, good luck.\n>p1 switch 6\n>p2 move flipturn\n>p2 switch 4\n>p1 move scaleshot\n>p2 move overdrive\n>p1 move crunch\n>p2 move overdrive\n>p1 switch 6\n>p1 move closecombat\n>p2 move overdrive\n>p2 switch 5\n>chat \u2606FearMeYouShould!|already fear ? ^^\n>p1 switch 3\n>p2 move stealthrock\n>p1 move toxic terastallize\n>p2 move earthquake\n>p1 move protect\n>p2 move earthquake\n>p1 switch 5\n>p2 move earthquake\n>p1 move freezedry\n>p2 switch 4\n>chat \u2606FearMeYouShould!|wow\n>chat \u2606FearMeYouShould!|you wake up ???\n>chat \u2606Brosi72|scared?\n>p1 move freezedry\n>p2 move flipturn\n>chat \u2606FearMeYouShould!|or it's just luck ???\n>p2 switch 4\n>p1 move freezedry\n>p2 move stoneedge\n>chat \u2606FearMeYouShould!|omg\n>p2 switch 6\n>p1 switch 5\n>p2 move ironhead\n>p1 move earthquake\n>p2 move rapidspin\n>chat \u2606FearMeYouShould!|...\n>p2 switch 3\n>p1 move toxic\n>p2 move psychic\n>p1 switch 3\n>p1 move flareblitz\n>p2 move psychic\n>p1 switch 4\n>p1 move recover\n>p2 move bugbuzz\n>p2 switch 2\n>p1 move dracometeor\n>p2 move swordsdance\n>p1 switch 2\n>p2 move ironhead\n>p1 move protect\n>p2 move kowtowcleave terastallize\n>p1 move leechseed\n>p2 move swordsdance\n>p1 move protect\n>p2 move kowtowcleave\n>p1 move substitute\n>p2 move kowtowcleave\n>chat \u2606FearMeYouShould!|SUK MY BBC\n>chat \u2606FearMeYouShould!|FUKING NOOB\n>chat \u2606FearMeYouShould!|ONLY LUCK\n>chat \u2606Brosi72|hahahaha\n>chat \u2606Brosi72|just play man\n>chat \u2606FearMeYouShould!|YOUR NEED MY BIG BLACK COCK\n>chat \u2606FearMeYouShould!|IN YOUR BIG FAT ASS\n>chat \u2606Brosi72|are you scared?\n>chat \u2606FearMeYouShould!|TRASH PLAYER\n>chat \u2606Brosi72|\u00bf?\n>chat \u2606Brosi72|hahhaa\n>chat \u2606Brosi72|time is passing dude\n>chat \u2606FearMeYouShould!|I GONNA FUK YOUR ASS\n>chat \u2606Brosi72|tick tack\n>chat \u2606Brosi72|ohhh\n>chat \u2606Brosi72|poor litl man\n>chat \u2606Brosi72|gg\n>chat \u2606FearMeYouShould!|I FUK YOUR BIG PUSSY\n>forcelose p2", "uploadtime": 1733916822, "views": 1, "formatid": "gen9randombattle", "rating": null, "private": 0, "password": null}