{"id": "gen9randombattle-2113008874", "format": "[Gen 9] Random Battle", "players": ["Jaikido", "Wenmiao"], "log": "|badge|p1|bronze|gen9randombattle|100-1\n|html|<div class=\"broadcast-red\"><strong>This battle is required to be public due to one or more player having a season medal.</strong><br />During the public phase, you can discuss the state of the ladder <a href=\"/seasondiscussion\">in a special chatroom.</a></div>\n|uhtml|medal-msg|<div class=\"broadcast-blue\">Curious what those medals under the avatar are? PS now has Ladder Seasons! For more information, check out the <a href=\"https://www.smogon.com/forums/threads/3740067/\">thread on Smogon.</a></div>\n|badge|p2|bronze|gen9randombattle|100-1\n|uhtml|medal-msg|<div class=\"broadcast-blue\">Curious what those medals under the avatar are? PS now has Ladder Seasons! For more information, check out the <a href=\"https://www.smogon.com/forums/threads/3740067/\">thread on Smogon.</a></div>\n|raw|<div class=\"broadcast-blue\"><strong>This battle is required to be public due to a player having a name starting with 'medal'.</div>\n|j|\u2606Jaikido\n|j|\u2606Wenmiao\n|t:|1714260693\n|gametype|singles\n|player|p1|Jaikido|169|2348\n|player|p2|Wenmiao|unknown|2312\n|teamsize|p1|6\n|teamsize|p2|6\n|gen|9\n|tier|[Gen 9] Random Battle\n|rated|\n|rule|Species Clause: Limit one of each Pok\u00e9mon\n|rule|HP Percentage Mod: HP is shown in percentages\n|rule|Sleep Clause Mod: Limit one foe put to sleep\n|rule|Illusion Level Mod: Illusion disguises the Pok\u00e9mon's true level\n|\n|t:|1714260693\n|start\n|switch|p1a: Miraidon|Miraidon, L65|238/238\n|switch|p2a: Revavroom|Revavroom, L79, F|256/256\n|-fieldstart|move: Electric Terrain|[from] ability: Hadron Engine|[of] p1a: Miraidon\n|turn|1\n|inactive|Battle timer is ON: inactive players will automatically lose when time's up. (requested by Jaikido)\n|\n|t:|1714260703\n|switch|p1a: Orthworm|Orthworm, L88, F|266/266\n|move|p2a: Revavroom|High Horsepower|p1a: Orthworm\n|-immune|p1a: Orthworm|[from] ability: Earth Eater\n|\n|upkeep\n|turn|2\n|\n|t:|1714260709\n|switch|p2a: Milotic|Milotic, L83, M|293/293\n|move|p1a: Orthworm|Spikes|p2a: Milotic\n|-sidestart|p2: Wenmiao|Spikes\n|\n|upkeep\n|turn|3\n|\n|t:|1714260723\n|switch|p1a: Regice|Regice, L88|284/284\n|move|p2a: Milotic|Flip Turn|p1a: Regice\n|-damage|p1a: Regice|245/284\n|\n|t:|1714260732\n|switch|p2a: Snorlax|Snorlax, L82, F|397/397|[from] Flip Turn\n|-damage|p2a: Snorlax|348/397|[from] Spikes\n|\n|upkeep\n|turn|4\n|\n|t:|1714260742\n|switch|p1a: Gurdurr|Gurdurr, L85, F|283/283\n|move|p2a: Snorlax|Curse|p2a: Snorlax\n|-unboost|p2a: Snorlax|spe|1\n|-boost|p2a: Snorlax|atk|1\n|-boost|p2a: Snorlax|def|1\n|\n|upkeep\n|turn|5\n|\n|t:|1714260754\n|-terastallize|p2a: Snorlax|Poison\n|move|p1a: Gurdurr|Knock Off|p2a: Snorlax\n|-damage|p2a: Snorlax|287/397\n|-enditem|p2a: Snorlax|Chesto Berry|[from] move: Knock Off|[of] p1a: Gurdurr\n|move|p2a: Snorlax|Curse|p2a: Snorlax\n|-unboost|p2a: Snorlax|spe|1\n|-boost|p2a: Snorlax|atk|1\n|-boost|p2a: Snorlax|def|1\n|\n|-fieldend|move: Electric Terrain\n|upkeep\n|turn|6\n|\n|t:|1714260761\n|switch|p1a: Azelf|Azelf, L82|257/257\n|move|p2a: Snorlax|Body Slam|p1a: Azelf\n|-damage|p1a: Azelf|11/257\n|\n|upkeep\n|turn|7\n|\n|t:|1714260772\n|switch|p2a: Zarude|Zarude-Dada, L78|292/292\n|-damage|p2a: Zarude|256/292|[from] Spikes\n|move|p1a: Azelf|Psychic|p2a: Zarude\n|-immune|p2a: Zarude\n|\n|-heal|p2a: Zarude|274/292|[from] item: Leftovers\n|upkeep\n|turn|8\n|\n|t:|1714260778\n|move|p1a: Azelf|Fire Blast|p2a: Zarude\n|-supereffective|p2a: Zarude\n|-damage|p2a: Zarude|50/292\n|-damage|p1a: Azelf|0 fnt|[from] item: Life Orb\n|faint|p1a: Azelf\n|move|p2a: Zarude|Knock Off|p1: Azelf|[notarget]\n|-fail|p2a: Zarude\n|\n|-heal|p2a: Zarude|68/292|[from] item: Leftovers\n|upkeep\n|\n|t:|1714260787\n|switch|p1a: Miraidon|Miraidon, L65|238/238\n|-fieldstart|move: Electric Terrain|[from] ability: Hadron Engine|[of] p1a: Miraidon\n|turn|9\n|\n|t:|1714260790\n|move|p1a: Miraidon|Draco Meteor|p2a: Zarude\n|-damage|p2a: Zarude|0 fnt\n|-unboost|p1a: Miraidon|spa|2\n|faint|p2a: Zarude\n|\n|upkeep\n|\n|t:|1714260799\n|switch|p2a: Snorlax|Snorlax, L82, F, tera:Poison|287/397\n|-damage|p2a: Snorlax|238/397|[from] Spikes\n|turn|10\n|\n|t:|1714260807\n|switch|p1a: Orthworm|Orthworm, L88, F|266/266\n|move|p2a: Snorlax|Curse|p2a: Snorlax\n|-unboost|p2a: Snorlax|spe|1\n|-boost|p2a: Snorlax|atk|1\n|-boost|p2a: Snorlax|def|1\n|\n|upkeep\n|turn|11\n|\n|t:|1714260812\n|move|p1a: Orthworm|Iron Head|p2a: Snorlax\n|-damage|p2a: Snorlax|165/397\n|move|p2a: Snorlax|Curse|p2a: Snorlax\n|-unboost|p2a: Snorlax|spe|1\n|-boost|p2a: Snorlax|atk|1\n|-boost|p2a: Snorlax|def|1\n|\n|upkeep\n|turn|12\n|\n|t:|1714260817\n|move|p1a: Orthworm|Shed Tail|p1a: Orthworm\n|-start|p1a: Orthworm|Substitute|[from] move: Shed Tail\n|-damage|p1a: Orthworm|133/266\n|\n|t:|1714260820\n|switch|p1a: Miraidon|Miraidon, L65|238/238|[from] Shed Tail\n|-activate|p1a: Miraidon|ability: Hadron Engine\n|move|p2a: Snorlax|Curse|p2a: Snorlax\n|-unboost|p2a: Snorlax|spe|1\n|-boost|p2a: Snorlax|atk|1\n|-boost|p2a: Snorlax|def|1\n|\n|upkeep\n|turn|13\n|\n|t:|1714260823\n|switch|p2a: Dedenne|Dedenne, L88, F|261/261\n|-damage|p2a: Dedenne|229/261|[from] Spikes\n|move|p1a: Miraidon|Electro Drift|p2a: Dedenne\n|-resisted|p2a: Dedenne\n|-damage|p2a: Dedenne|145/261\n|\n|-fieldend|move: Electric Terrain\n|upkeep\n|turn|14\n|\n|t:|1714260833\n|move|p2a: Dedenne|Dazzling Gleam|p1a: Miraidon\n|-supereffective|p1a: Miraidon\n|-end|p1a: Miraidon|Substitute\n|move|p1a: Miraidon|Electro Drift|p2a: Dedenne\n|-resisted|p2a: Dedenne\n|-crit|p2a: Dedenne\n|-damage|p2a: Dedenne|64/261\n|-enditem|p2a: Dedenne|Sitrus Berry|[eat]\n|-heal|p2a: Dedenne|129/261|[from] item: Sitrus Berry\n|-heal|p2a: Dedenne|216/261|[from] ability: Cheek Pouch\n|\n|upkeep\n|turn|15\n|\n|t:|1714260838\n|switch|p1a: Regice|Regice, L88|245/284\n|move|p2a: Dedenne|Super Fang|p1a: Regice\n|-damage|p1a: Regice|123/284\n|\n|upkeep\n|turn|16\n|\n|t:|1714260842\n|move|p2a: Dedenne|U-turn|p1a: Regice\n|-damage|p1a: Regice|88/284\n|\n|t:|1714260847\n|switch|p2a: Milotic|Milotic, L83, M|293/293|[from] U-turn\n|-damage|p2a: Milotic|257/293|[from] Spikes\n|move|p1a: Regice|Ice Beam|p2a: Milotic\n|-resisted|p2a: Milotic\n|-damage|p2a: Milotic|215/293\n|\n|-heal|p2a: Milotic|233/293|[from] item: Leftovers\n|upkeep\n|turn|17\n|\n|t:|1714260850\n|move|p2a: Milotic|Scald|p1a: Regice\n|-damage|p1a: Regice|46/284\n|move|p1a: Regice|Rest|p1a: Regice\n|-status|p1a: Regice|slp|[from] move: Rest\n|-heal|p1a: Regice|284/284 slp|[silent]\n|\n|-heal|p2a: Milotic|251/293|[from] item: Leftovers\n|upkeep\n|turn|18\n|\n|t:|1714260861\n|move|p2a: Milotic|Scald|p1a: Regice\n|-damage|p1a: Regice|241/284 slp\n|cant|p1a: Regice|slp\n|move|p1a: Regice|Sleep Talk|p1a: Regice\n|move|p1a: Regice|Ice Beam|p2a: Milotic|[from]move: Sleep Talk\n|-resisted|p2a: Milotic\n|-damage|p2a: Milotic|210/293\n|\n|-heal|p2a: Milotic|228/293|[from] item: Leftovers\n|upkeep\n|turn|19\n|\n|t:|1714260864\n|move|p2a: Milotic|Scald|p1a: Regice\n|-damage|p1a: Regice|199/284 slp\n|cant|p1a: Regice|slp\n|move|p1a: Regice|Sleep Talk|p1a: Regice\n|move|p1a: Regice|Thunderbolt|p2a: Milotic|[from]move: Sleep Talk\n|-supereffective|p2a: Milotic\n|-damage|p2a: Milotic|126/293\n|\n|-heal|p2a: Milotic|144/293|[from] item: Leftovers\n|upkeep\n|turn|20\n|\n|t:|1714260869\n|move|p2a: Milotic|Recover|p2a: Milotic\n|-heal|p2a: Milotic|291/293\n|-curestatus|p1a: Regice|slp|[msg]\n|move|p1a: Regice|Thunderbolt|p2a: Milotic\n|-supereffective|p2a: Milotic\n|-damage|p2a: Milotic|181/293\n|\n|-heal|p2a: Milotic|199/293|[from] item: Leftovers\n|upkeep\n|turn|21\n|\n|t:|1714260873\n|move|p2a: Milotic|Scald|p1a: Regice\n|-damage|p1a: Regice|159/284\n|-status|p1a: Regice|brn\n|move|p1a: Regice|Thunderbolt|p2a: Milotic\n|-supereffective|p2a: Milotic\n|-damage|p2a: Milotic|77/293\n|\n|-heal|p2a: Milotic|95/293|[from] item: Leftovers\n|-damage|p1a: Regice|142/284 brn|[from] brn\n|upkeep\n|turn|22\n|\n|t:|1714260876\n|move|p2a: Milotic|Recover|p2a: Milotic\n|-heal|p2a: Milotic|242/293\n|move|p1a: Regice|Rest|p1a: Regice\n|-status|p1a: Regice|slp|[from] move: Rest\n|-heal|p1a: Regice|284/284 slp|[silent]\n|\n|-heal|p2a: Milotic|260/293|[from] item: Leftovers\n|upkeep\n|turn|23\n|\n|t:|1714260880\n|move|p2a: Milotic|Flip Turn|p1a: Regice\n|-damage|p1a: Regice|247/284 slp\n|\n|t:|1714260881\n|switch|p2a: Snorlax|Snorlax, L82, F, tera:Poison|165/397|[from] Flip Turn\n|-damage|p2a: Snorlax|116/397|[from] Spikes\n|cant|p1a: Regice|slp\n|move|p1a: Regice|Sleep Talk|p1a: Regice\n|move|p1a: Regice|Ice Beam|p2a: Snorlax|[from]move: Sleep Talk\n|-damage|p2a: Snorlax|68/397\n|\n|upkeep\n|turn|24\n|\n|t:|1714260888\n|switch|p1a: Miraidon|Miraidon, L65|238/238\n|-fieldstart|move: Electric Terrain|[from] ability: Hadron Engine|[of] p1a: Miraidon\n|move|p2a: Snorlax|Body Slam|p1a: Miraidon\n|-damage|p1a: Miraidon|127/238\n|\n|-heal|p1a: Miraidon|141/238|[from] item: Leftovers\n|upkeep\n|turn|25\n|\n|t:|1714260893\n|move|p1a: Miraidon|Electro Drift|p2a: Snorlax\n|-damage|p2a: Snorlax|0 fnt\n|faint|p2a: Snorlax\n|\n|-heal|p1a: Miraidon|155/238|[from] item: Leftovers\n|upkeep\n|\n|t:|1714260894\n|switch|p2a: Dedenne|Dedenne, L88, F|216/261\n|-damage|p2a: Dedenne|184/261|[from] Spikes\n|turn|26\n|\n|t:|1714260899\n|switch|p1a: Regice|Regice, L88|247/284 slp\n|move|p2a: Dedenne|U-turn|p1a: Regice\n|-damage|p1a: Regice|217/284 slp\n|\n|t:|1714260902\n|switch|p2a: Revavroom|Revavroom, L79, F|256/256|[from] U-turn\n|-damage|p2a: Revavroom|224/256|[from] Spikes\n|\n|upkeep\n|turn|27\n|\n|t:|1714260905\n|switch|p1a: Orthworm|Orthworm, L88, F|133/266\n|move|p2a: Revavroom|Shift Gear|p2a: Revavroom\n|-boost|p2a: Revavroom|spe|2\n|-boost|p2a: Revavroom|atk|1\n|\n|upkeep\n|turn|28\n|\n|t:|1714260908\n|move|p2a: Revavroom|Iron Head|p1a: Orthworm\n|-resisted|p1a: Orthworm\n|-damage|p1a: Orthworm|80/266\n|-damage|p2a: Revavroom|199/256|[from] item: Life Orb\n|move|p1a: Orthworm|Rest||[still]\n|-activate|p1a: Orthworm|move: Electric Terrain\n|-fail|p1a: Orthworm\n|\n|-fieldend|move: Electric Terrain\n|upkeep\n|turn|29\n|\n|t:|1714260913\n|move|p2a: Revavroom|Iron Head|p1a: Orthworm\n|-resisted|p1a: Orthworm\n|-damage|p1a: Orthworm|25/266\n|-damage|p2a: Revavroom|174/256|[from] item: Life Orb\n|move|p1a: Orthworm|Rest|p1a: Orthworm\n|-status|p1a: Orthworm|slp|[from] move: Rest\n|-heal|p1a: Orthworm|266/266 slp|[silent]\n|-enditem|p1a: Orthworm|Chesto Berry|[eat]\n|-curestatus|p1a: Orthworm|slp|[msg]\n|\n|upkeep\n|turn|30\n|\n|t:|1714260918\n|switch|p2a: Milotic|Milotic, L83, M|260/293\n|-damage|p2a: Milotic|224/293|[from] Spikes\n|move|p1a: Orthworm|Spikes|p2a: Milotic\n|-sidestart|p2: Wenmiao|Spikes\n|\n|-heal|p2a: Milotic|242/293|[from] item: Leftovers\n|upkeep\n|turn|31\n|\n|t:|1714260921\n|switch|p1a: Regice|Regice, L88|217/284 slp\n|move|p2a: Milotic|Scald|p1a: Regice\n|-damage|p1a: Regice|177/284 slp\n|\n|-heal|p2a: Milotic|260/293|[from] item: Leftovers\n|upkeep\n|turn|32\n|\n|t:|1714260927\n|move|p2a: Milotic|Flip Turn|p1a: Regice\n|-damage|p1a: Regice|138/284 slp\n|\n|t:|1714260929\n|switch|p2a: Dedenne|Dedenne, L88, F|184/261|[from] Flip Turn\n|-damage|p2a: Dedenne|141/261|[from] Spikes\n|cant|p1a: Regice|slp\n|move|p1a: Regice|Sleep Talk|p1a: Regice\n|move|p1a: Regice|Ice Beam|p2a: Dedenne|[from]move: Sleep Talk\n|-damage|p2a: Dedenne|18/261\n|\n|upkeep\n|turn|33\n|\n|t:|1714260933\n|move|p2a: Dedenne|Super Fang|p1a: Regice|[miss]\n|-miss|p2a: Dedenne|p1a: Regice\n|-curestatus|p1a: Regice|slp|[msg]\n|move|p1a: Regice|Ice Beam|p2a: Dedenne\n|-damage|p2a: Dedenne|0 fnt\n|faint|p2a: Dedenne\n|\n|upkeep\n|-message|Wenmiao forfeited.\n|\n|win|Jaikido\n|raw|Jaikido's rating: 2348 &rarr; <strong>2366</strong><br />(+18 for winning)\n|raw|Wenmiao's rating: 2312 &rarr; <strong>2294</strong><br />(-18 for losing)\n|l|\u2606Wenmiao\n|player|p2|\n", "inputlog": ">version 56c3b69fcd3b113ffc796eb8c36c032ea017d75b\n>start {\"formatid\":\"gen9randombattle\",\"seed\":[29849,116,25076,32627],\"rated\":\"Rated battle\"}\n>player p1 {\"name\":\"Jaikido\",\"avatar\":\"169\",\"rating\":2348,\"seed\":[45067,25521,14689,1780]}\n>player p2 {\"name\":\"Wenmiao\",\"avatar\":\"unknown\",\"rating\":2312,\"seed\":[28874,2750,11481,64319]}\n>p1 switch 6\n>p2 move highhorsepower\n>p1 move spikes\n>p2 switch 4\n>p1 switch 3\n>p2 move flipturn\n>p2 switch 3\n>p1 switch 2\n>p2 move curse\n>p1 move knockoff\n>p2 move curse terastallize\n>p1 switch 5\n>p2 move bodyslam\n>p1 move psychic\n>p2 switch 2\n>p1 move fireblast\n>p2 move knockoff\n>p1 switch 6\n>p1 move dracometeor\n>p2 move knockoff\n>p2 switch 2\n>p1 switch 3\n>p2 move curse\n>p1 move ironhead\n>p2 move curse\n>p1 move shedtail\n>p2 move curse\n>p1 switch 3\n>p1 move electrodrift\n>p2 switch 6\n>p1 move electrodrift\n>p2 move dazzlinggleam\n>p1 switch 2\n>p2 move superfang\n>p1 move icebeam\n>p2 move uturn\n>p2 switch 3\n>p1 move rest\n>p2 move scald\n>p1 move sleeptalk\n>p2 move scald\n>p1 move sleeptalk\n>p2 move scald\n>p1 move thunderbolt\n>p2 move recover\n>p1 move thunderbolt\n>p2 move scald\n>p1 move rest\n>p2 move recover\n>p1 move sleeptalk\n>p2 move flipturn\n>p2 switch 6\n>p1 switch 2\n>p2 move bodyslam\n>p1 move electrodrift\n>p2 move bodyslam\n>p2 switch 3\n>p1 switch 2\n>p2 move uturn\n>p2 switch 4\n>p1 switch 3\n>p2 move shiftgear\n>p1 move rest\n>p2 move ironhead\n>p1 move rest\n>p2 move ironhead\n>p1 move spikes\n>p2 switch 6\n>p1 switch 3\n>p2 move scald\n>p1 move sleeptalk\n>p2 move flipturn\n>p2 switch 4\n>p1 move icebeam\n>p2 move superfang\n>forcelose p2", "uploadtime": 1714260938, "views": 234, "formatid": "gen9randombattle", "rating": 2294, "private": 0, "password": null}