{"id": "gen9randombattle-2259940115", "format": "[Gen 9] Random Battle", "players": ["4Cyro", "MIDNIGHT OG"], "log": "|j|\u26064Cyro\n|j|\u2606MIDNIGHT OG\n|t:|1733782237\n|gametype|singles\n|player|p1|4Cyro|rocketgrunt|1195\n|player|p2|MIDNIGHT OG|cynthia|1227\n|teamsize|p1|6\n|teamsize|p2|6\n|gen|9\n|tier|[Gen 9] Random Battle\n|rated|\n|rule|Species Clause: Limit one of each Pok\u00e9mon\n|rule|HP Percentage Mod: HP is shown in percentages\n|rule|Sleep Clause Mod: Limit one foe put to sleep\n|rule|Illusion Level Mod: Illusion disguises the Pok\u00e9mon's true level\n|\n|t:|1733782237\n|start\n|switch|p1a: Chansey|Chansey, L85, F|564/564\n|switch|p2a: Altaria|Altaria, L88, F|275/275\n|turn|1\n|inactive|Battle timer is ON: inactive players will automatically lose when time's up. (requested by 4Cyro)\n|\n|t:|1733782274\n|switch|p2a: Lucario|Lucario, L84, F|255/255\n|switch|p1a: Hatterene|Hatterene, L85, F|236/236\n|\n|upkeep\n|turn|2\n|inactive|4Cyro has 120 seconds left.\n|\n|t:|1733782309\n|switch|p2a: Electrode|Electrode, L92|260/260\n|switch|p1a: Raging Bolt|Raging Bolt, L78|323/323\n|\n|upkeep\n|turn|3\n|\n|t:|1733782322\n|move|p2a: Electrode|Explosion|p1a: Raging Bolt\n|-damage|p1a: Raging Bolt|131/323\n|faint|p2a: Electrode\n|move|p1a: Raging Bolt|Dragon Pulse|p2: Electrode|[notarget]\n|-fail|p1a: Raging Bolt\n|\n|-heal|p1a: Raging Bolt|151/323|[from] item: Leftovers\n|upkeep\n|inactive|MIDNIGHT OG has 120 seconds left.\n|\n|t:|1733782343\n|switch|p2a: Lilligant|Lilligant-Hisui, L79, F|240/240\n|turn|4\n|\n|t:|1733782349\n|-end|p1a: Raging Bolt|Protosynthesis|[silent]\n|switch|p1a: Lilligant|Lilligant, L86, F|261/261\n|move|p2a: Lilligant|Victory Dance|p2a: Lilligant\n|-boost|p2a: Lilligant|atk|1\n|-boost|p2a: Lilligant|def|1\n|-boost|p2a: Lilligant|spe|1\n|\n|upkeep\n|turn|5\n|inactive|MIDNIGHT OG has 120 seconds left.\n|\n|t:|1733782358\n|switch|p2a: Ogerpon|Ogerpon, L80, F|259/259\n|move|p1a: Lilligant|Quiver Dance|p1a: Lilligant\n|-boost|p1a: Lilligant|spa|1\n|-boost|p1a: Lilligant|spd|1\n|-boost|p1a: Lilligant|spe|1\n|\n|upkeep\n|turn|6\n|\n|t:|1733782366\n|move|p1a: Lilligant|Quiver Dance|p1a: Lilligant\n|-boost|p1a: Lilligant|spa|1\n|-boost|p1a: Lilligant|spd|1\n|-boost|p1a: Lilligant|spe|1\n|move|p2a: Ogerpon|Encore|p1a: Lilligant\n|-start|p1a: Lilligant|Encore\n|\n|upkeep\n|turn|7\n|inactive|MIDNIGHT OG has 120 seconds left.\n|\n|t:|1733782381\n|switch|p1a: Weezing|Weezing-Galar, L86, F|252/252\n|switch|p2a: Volcanion|Volcanion, L79|256/256\n|\n|upkeep\n|turn|8\n|\n|t:|1733782390\n|move|p2a: Volcanion|Earth Power|p1a: Weezing\n|-immune|p1a: Weezing|[from] ability: Levitate\n|move|p1a: Weezing|Gunk Shot|p2a: Volcanion\n|-damage|p2a: Volcanion|151/256\n|\n|upkeep\n|turn|9\n|\n|t:|1733782402\n|switch|p2a: Lucario|Lucario, L84, F|255/255\n|move|p1a: Weezing|Gunk Shot|p2a: Lucario\n|-immune|p2a: Lucario\n|\n|upkeep\n|turn|10\n|\n|t:|1733782412\n|move|p2a: Lucario|Flash Cannon|p1a: Weezing\n|-supereffective|p1a: Weezing\n|-damage|p1a: Weezing|0 fnt\n|faint|p1a: Weezing\n|-damage|p2a: Lucario|230/255|[from] item: Life Orb\n|\n|upkeep\n|\n|t:|1733782419\n|switch|p1a: Chansey|Chansey, L85, F|564/564\n|turn|11\n|\n|t:|1733782432\n|move|p2a: Lucario|Vacuum Wave|p1a: Chansey\n|-supereffective|p1a: Chansey\n|-damage|p1a: Chansey|494/564\n|-damage|p2a: Lucario|205/255|[from] item: Life Orb\n|move|p1a: Chansey|Thunder Wave|p2a: Lucario\n|-status|p2a: Lucario|par\n|\n|upkeep\n|turn|12\n|\n|t:|1733782442\n|move|p1a: Chansey|Seismic Toss|p2a: Lucario\n|-damage|p2a: Lucario|120/255 par\n|move|p2a: Lucario|Nasty Plot|p2a: Lucario\n|-boost|p2a: Lucario|spa|2\n|\n|upkeep\n|turn|13\n|\n|t:|1733782448\n|move|p1a: Chansey|Seismic Toss|p2a: Lucario\n|-damage|p2a: Lucario|35/255 par\n|cant|p2a: Lucario|par\n|\n|upkeep\n|turn|14\n|\n|t:|1733782453\n|move|p1a: Chansey|Seismic Toss|p2a: Lucario\n|-damage|p2a: Lucario|0 fnt\n|faint|p2a: Lucario\n|\n|upkeep\n|\n|t:|1733782472\n|switch|p2a: Volcanion|Volcanion, L79|151/256\n|turn|15\n|\n|t:|1733782477\n|move|p2a: Volcanion|Steam Eruption|p1a: Chansey\n|-damage|p1a: Chansey|418/564\n|move|p1a: Chansey|Thunder Wave|p2a: Volcanion\n|-status|p2a: Volcanion|par\n|\n|upkeep\n|turn|16\n|\n|t:|1733782493\n|move|p1a: Chansey|Thunder Wave|p2a: Volcanion\n|-fail|p2a: Volcanion|par\n|move|p2a: Volcanion|Earth Power|p1a: Chansey\n|-damage|p1a: Chansey|376/564\n|\n|upkeep\n|turn|17\n|\n|t:|1733782501\n|move|p1a: Chansey|Soft-Boiled|p1a: Chansey\n|-heal|p1a: Chansey|564/564\n|move|p2a: Volcanion|Earth Power|p1a: Chansey\n|-damage|p1a: Chansey|522/564\n|\n|upkeep\n|turn|18\n|\n|t:|1733782508\n|move|p1a: Chansey|Seismic Toss|p2a: Volcanion\n|-damage|p2a: Volcanion|66/256 par\n|cant|p2a: Volcanion|par\n|\n|upkeep\n|turn|19\n|\n|t:|1733782513\n|move|p1a: Chansey|Seismic Toss|p2a: Volcanion\n|-damage|p2a: Volcanion|0 fnt\n|faint|p2a: Volcanion\n|\n|upkeep\n|\n|t:|1733782523\n|switch|p2a: Lilligant|Lilligant-Hisui, L79, F|240/240\n|turn|20\n|\n|t:|1733782532\n|move|p2a: Lilligant|Sleep Powder|p1a: Chansey\n|-status|p1a: Chansey|slp|[from] move: Sleep Powder\n|cant|p1a: Chansey|slp\n|\n|upkeep\n|turn|21\n|\n|t:|1733782542\n|-curestatus|p1a: Chansey|slp|[from] ability: Natural Cure\n|switch|p1a: Lilligant|Lilligant, L86, F|261/261\n|move|p2a: Lilligant|Victory Dance|p2a: Lilligant\n|-boost|p2a: Lilligant|atk|1\n|-boost|p2a: Lilligant|def|1\n|-boost|p2a: Lilligant|spe|1\n|\n|upkeep\n|turn|22\n|\n|t:|1733782554\n|-terastallize|p2a: Lilligant|Fighting\n|move|p2a: Lilligant|Victory Dance|p2a: Lilligant\n|-boost|p2a: Lilligant|atk|1\n|-boost|p2a: Lilligant|def|1\n|-boost|p2a: Lilligant|spe|1\n|move|p1a: Lilligant|Quiver Dance|p1a: Lilligant\n|-boost|p1a: Lilligant|spa|1\n|-boost|p1a: Lilligant|spd|1\n|-boost|p1a: Lilligant|spe|1\n|\n|upkeep\n|turn|23\n|\n|t:|1733782569\n|move|p2a: Lilligant|Close Combat|p1a: Lilligant\n|-damage|p1a: Lilligant|0 fnt\n|-unboost|p2a: Lilligant|def|1\n|-unboost|p2a: Lilligant|spd|1\n|faint|p1a: Lilligant\n|\n|upkeep\n|\n|t:|1733782577\n|switch|p1a: Chansey|Chansey, L85, F|522/564\n|turn|24\n|\n|t:|1733782585\n|move|p2a: Lilligant|Close Combat|p1a: Chansey\n|-supereffective|p1a: Chansey\n|-damage|p1a: Chansey|0 fnt\n|-unboost|p2a: Lilligant|def|1\n|-unboost|p2a: Lilligant|spd|1\n|faint|p1a: Chansey\n|\n|upkeep\n|\n|t:|1733782593\n|switch|p1a: Raging Bolt|Raging Bolt, L78|151/323\n|turn|25\n|\n|t:|1733782606\n|-terastallize|p1a: Raging Bolt|Electric\n|move|p1a: Raging Bolt|Thunderclap|p2a: Lilligant\n|-crit|p2a: Lilligant\n|-damage|p2a: Lilligant|0 fnt\n|faint|p2a: Lilligant\n|\n|-heal|p1a: Raging Bolt|171/323|[from] item: Leftovers\n|upkeep\n|\n|t:|1733782610\n|switch|p2a: Ogerpon|Ogerpon, L80, F|259/259\n|turn|26\n|inactive|MIDNIGHT OG has 120 seconds left.\n|\n|t:|1733782647\n|-end|p1a: Raging Bolt|Protosynthesis|[silent]\n|switch|p1a: Hatterene|Hatterene, L85, F|236/236\n|move|p2a: Ogerpon|Ivy Cudgel|p1a: Hatterene\n|-damage|p1a: Hatterene|131/236\n|\n|-heal|p1a: Hatterene|145/236|[from] item: Leftovers\n|upkeep\n|turn|27\n|inactive|MIDNIGHT OG has 120 seconds left.\n|\n|t:|1733782667\n|move|p2a: Ogerpon|Ivy Cudgel|p1a: Hatterene\n|-damage|p1a: Hatterene|33/236\n|move|p1a: Hatterene|Draining Kiss|p2a: Ogerpon\n|-damage|p2a: Ogerpon|183/259\n|-heal|p1a: Hatterene|90/236|[from] drain|[of] p2a: Ogerpon\n|\n|-heal|p2a: Ogerpon|199/259|[from] item: Leftovers\n|-heal|p1a: Hatterene|104/236|[from] item: Leftovers\n|upkeep\n|turn|28\n|inactive|MIDNIGHT OG has 120 seconds left.\n|\n|t:|1733782678\n|move|p2a: Ogerpon|Ivy Cudgel|p1a: Hatterene\n|-damage|p1a: Hatterene|0 fnt\n|faint|p1a: Hatterene\n|\n|-heal|p2a: Ogerpon|215/259|[from] item: Leftovers\n|upkeep\n|\n|t:|1733782686\n|switch|p1a: Arcanine|Arcanine-Hisui, L80, M|283/283\n|turn|29\n|\n|t:|1733782694\n|move|p2a: Ogerpon|Superpower|p1a: Arcanine\n|-supereffective|p1a: Arcanine\n|-damage|p1a: Arcanine|79/283\n|-unboost|p2a: Ogerpon|atk|1\n|-unboost|p2a: Ogerpon|def|1\n|move|p1a: Arcanine|Flare Blitz|p2a: Ogerpon\n|-supereffective|p2a: Ogerpon\n|-damage|p2a: Ogerpon|0 fnt\n|faint|p2a: Ogerpon\n|\n|upkeep\n|\n|t:|1733782707\n|switch|p2a: Altaria|Altaria, L88, F|275/275\n|turn|30\n|\n|t:|1733782714\n|move|p1a: Arcanine|Extreme Speed|p2a: Altaria\n|-damage|p2a: Altaria|220/275\n|move|p2a: Altaria|Earthquake|p1a: Arcanine\n|-supereffective|p1a: Arcanine\n|-damage|p1a: Arcanine|0 fnt\n|faint|p1a: Arcanine\n|\n|upkeep\n|\n|t:|1733782721\n|switch|p1a: Raging Bolt|Raging Bolt, L78, tera:Electric|171/323\n|turn|31\n|\n|t:|1733782728\n|move|p1a: Raging Bolt|Thunderclap|p2a: Altaria\n|-damage|p2a: Altaria|120/275\n|move|p2a: Altaria|Earthquake|p1a: Raging Bolt\n|-supereffective|p1a: Raging Bolt\n|-damage|p1a: Raging Bolt|43/323\n|\n|-heal|p1a: Raging Bolt|63/323|[from] item: Leftovers\n|upkeep\n|turn|32\n|c|\u2606MIDNIGHT OG|gg\n|\n|t:|1733782737\n|move|p1a: Raging Bolt|Thunderclap|p2a: Altaria\n|-damage|p2a: Altaria|32/275\n|move|p2a: Altaria|Earthquake|p1a: Raging Bolt\n|-supereffective|p1a: Raging Bolt\n|-damage|p1a: Raging Bolt|0 fnt\n|faint|p1a: Raging Bolt\n|-end|p1a: Raging Bolt|Protosynthesis|[silent]\n|\n|win|MIDNIGHT OG\n|raw|4Cyro's rating: 1195 &rarr; <strong>1172</strong><br />(-23 for losing)\n|raw|MIDNIGHT OG's rating: 1227 &rarr; <strong>1250</strong><br />(+23 for winning)\n", "inputlog": ">version bfd83cad13791eb5a5a409923076391caf6fb4d4\n>start {\"formatid\":\"gen9randombattle\",\"seed\":[53678,28206,52879,8696],\"rated\":\"Rated battle\"}\n>player p1 {\"name\":\"4Cyro\",\"avatar\":\"rocketgrunt\",\"rating\":1195,\"seed\":[44488,12375,14964,47467]}\n>player p2 {\"name\":\"MIDNIGHT OG\",\"avatar\":\"cynthia\",\"rating\":1227,\"seed\":[16157,40816,7683,58282]}\n>p1 switch 6\n>p2 switch 2\n>p1 switch 2\n>p2 switch 4\n>p1 move dragonpulse\n>p2 move explosion\n>p2 switch 5\n>p1 switch 3\n>p2 move victorydance\n>p1 move quiverdance\n>p2 switch 3\n>p1 move quiverdance\n>p2 move encore\n>p1 switch 4\n>p2 switch 6\n>p1 move gunkshot\n>p2 move earthpower\n>p1 move gunkshot\n>p2 switch 4\n>p1 move strangesteam\n>p2 move flashcannon\n>p1 switch 6\n>p1 move thunderwave\n>p2 move vacuumwave\n>p1 move seismictoss\n>p2 move nastyplot\n>p1 move seismictoss\n>p2 move focusblast\n>p1 move seismictoss\n>p2 move focusblast\n>p2 switch 4\n>p1 move thunderwave\n>p2 move steameruption\n>p1 move thunderwave\n>p2 move earthpower\n>p1 move softboiled\n>p2 move earthpower\n>p1 move seismictoss\n>p2 move flamethrower\n>p1 move seismictoss\n>p2 move flamethrower\n>p2 switch 3\n>p1 move thunderwave\n>p2 move sleeppowder\n>p1 switch 4\n>p2 move victorydance\n>p1 move quiverdance\n>p2 move victorydance terastallize\n>p1 move sleeppowder\n>p2 move closecombat\n>p1 switch 4\n>p1 move thunderwave\n>p2 move closecombat\n>p1 switch 3\n>p1 move thunderclap terastallize\n>p2 move closecombat\n>p2 switch 6\n>p1 switch 2\n>p2 move ivycudgel\n>p1 move drainingkiss\n>p2 move ivycudgel\n>p1 move psyshock\n>p2 move ivycudgel\n>p1 switch 5\n>p1 move flareblitz\n>p2 move superpower\n>p2 switch 2\n>p1 move extremespeed\n>p2 move earthquake\n>p1 switch 2\n>p1 move thunderclap\n>p2 move earthquake\n>chat \u2606MIDNIGHT OG|gg\n>p1 move thunderclap\n>p2 move earthquake", "uploadtime": 1733782747, "views": 1, "formatid": "gen9randombattle", "rating": 1172, "private": 0, "password": null}