{"id": "gen9randombattle-2260820732", "format": "[Gen 9] Random Battle", "players": ["Sleppbazhujia", "akunk"], "log": "|j|\u2606Sleppbazhujia\n|j|\u2606akunk\n|t:|1733898073\n|gametype|singles\n|player|p1|Sleppbazhujia|dawn-gen4pt|\n|player|p2|akunk|265|\n|teamsize|p1|6\n|teamsize|p2|6\n|gen|9\n|tier|[Gen 9] Random Battle\n|rule|Species Clause: Limit one of each Pok\u00e9mon\n|rule|HP Percentage Mod: HP is shown in percentages\n|rule|Sleep Clause Mod: Limit one foe put to sleep\n|rule|Illusion Level Mod: Illusion disguises the Pok\u00e9mon's true level\n|\n|t:|1733898073\n|start\n|switch|p1a: Gastrodon|Gastrodon-East, L86, M|331/331\n|switch|p2a: Spectrier|Spectrier, L75|274/274\n|turn|1\n|inactive|Battle timer is ON: inactive players will automatically lose when time's up. (requested by Sleppbazhujia)\n|\n|t:|1733898079\n|move|p2a: Spectrier|Nasty Plot|p2a: Spectrier\n|-boost|p2a: Spectrier|spa|2\n|move|p1a: Gastrodon|Stealth Rock|p2a: Spectrier\n|-sidestart|p2: akunk|move: Stealth Rock\n|\n|upkeep\n|turn|2\n|\n|t:|1733898090\n|move|p2a: Spectrier|Nasty Plot|p2a: Spectrier\n|-boost|p2a: Spectrier|spa|2\n|move|p1a: Gastrodon|Surf|p2a: Spectrier\n|-damage|p2a: Spectrier|156/274\n|\n|-heal|p2a: Spectrier|173/274|[from] item: Leftovers\n|upkeep\n|turn|3\n|\n|t:|1733898099\n|move|p2a: Spectrier|Substitute|p2a: Spectrier\n|-start|p2a: Spectrier|Substitute\n|-damage|p2a: Spectrier|105/274\n|move|p1a: Gastrodon|Earthquake|p2a: Spectrier\n|-end|p2a: Spectrier|Substitute\n|\n|-heal|p2a: Spectrier|122/274|[from] item: Leftovers\n|upkeep\n|turn|4\n|\n|t:|1733898106\n|move|p2a: Spectrier|Shadow Ball|p1a: Gastrodon\n|-damage|p1a: Gastrodon|13/331\n|move|p1a: Gastrodon|Earthquake|p2a: Spectrier\n|-damage|p2a: Spectrier|0 fnt\n|faint|p2a: Spectrier\n|\n|-heal|p1a: Gastrodon|33/331|[from] item: Leftovers\n|upkeep\n|\n|t:|1733898116\n|switch|p2a: Abomasnow|Abomasnow, L85, F|291/291\n|-damage|p2a: Abomasnow|219/291|[from] Stealth Rock\n|-weather|Snow|[from] ability: Snow Warning|[of] p2a: Abomasnow\n|turn|5\n|\n|t:|1733898121\n|move|p2a: Abomasnow|Wood Hammer|p1a: Gastrodon\n|-supereffective|p1a: Gastrodon\n|-damage|p1a: Gastrodon|0 fnt\n|faint|p1a: Gastrodon\n|-damage|p2a: Abomasnow|208/291|[from] Recoil\n|\n|-weather|Snow|[upkeep]\n|upkeep\n|\n|t:|1733898141\n|switch|p1a: Virizion|Virizion, L82|283/283\n|turn|6\n|\n|t:|1733898151\n|move|p2a: Abomasnow|Ice Shard|p1a: Virizion\n|-supereffective|p1a: Virizion\n|-damage|p1a: Virizion|179/283\n|move|p1a: Virizion|Swords Dance|p1a: Virizion\n|-boost|p1a: Virizion|atk|2\n|\n|-weather|Snow|[upkeep]\n|upkeep\n|turn|7\n|\n|t:|1733898155\n|move|p2a: Abomasnow|Ice Shard|p1a: Virizion\n|-supereffective|p1a: Virizion\n|-damage|p1a: Virizion|87/283\n|move|p1a: Virizion|Close Combat|p2a: Abomasnow\n|-supereffective|p2a: Abomasnow\n|-damage|p2a: Abomasnow|0 fnt\n|-unboost|p1a: Virizion|def|1\n|-unboost|p1a: Virizion|spd|1\n|faint|p2a: Abomasnow\n|-damage|p1a: Virizion|59/283|[from] item: Life Orb\n|\n|-weather|Snow|[upkeep]\n|upkeep\n|\n|t:|1733898167\n|switch|p2a: Lunala|Lunala, L70|308/308\n|-damage|p2a: Lunala|270/308|[from] Stealth Rock\n|turn|8\n|\n|t:|1733898177\n|move|p1a: Virizion|Leaf Blade|p2a: Lunala\n|-damage|p2a: Lunala|0 fnt\n|faint|p2a: Lunala\n|-damage|p1a: Virizion|31/283|[from] item: Life Orb\n|\n|-weather|Snow|[upkeep]\n|upkeep\n|\n|t:|1733898185\n|switch|p2a: Pikachu|Pikachu-Kalos, L93, M|216/216\n|-damage|p2a: Pikachu|189/216|[from] Stealth Rock\n|turn|9\n|\n|t:|1733898189\n|move|p2a: Pikachu|Fake Out|p1a: Virizion\n|-damage|p1a: Virizion|0 fnt\n|faint|p1a: Virizion\n|\n|-weather|none\n|upkeep\n|\n|t:|1733898197\n|switch|p1a: Iron Boulder|Iron Boulder, L77|265/265\n|turn|10\n|\n|t:|1733898202\n|move|p1a: Iron Boulder|Mighty Cleave|p2a: Pikachu\n|-damage|p2a: Pikachu|0 fnt\n|faint|p2a: Pikachu\n|-damage|p1a: Iron Boulder|239/265|[from] item: Life Orb\n|\n|upkeep\n|\n|t:|1733898212\n|switch|p2a: Floatzel|Floatzel, L85, F|283/283\n|-damage|p2a: Floatzel|248/283|[from] Stealth Rock\n|turn|11\n|\n|t:|1733898216\n|-end|p1a: Iron Boulder|Quark Drive|[silent]\n|switch|p1a: Kyurem|Kyurem-Black, L71|295/295\n|-ability|p1a: Kyurem|Teravolt\n|move|p2a: Floatzel|Bulk Up|p2a: Floatzel\n|-boost|p2a: Floatzel|atk|1\n|-boost|p2a: Floatzel|def|1\n|\n|-heal|p2a: Floatzel|265/283|[from] item: Leftovers\n|upkeep\n|turn|12\n|\n|t:|1733898224\n|move|p2a: Floatzel|Bulk Up|p2a: Floatzel\n|-boost|p2a: Floatzel|atk|1\n|-boost|p2a: Floatzel|def|1\n|move|p1a: Kyurem|Fusion Bolt|p2a: Floatzel\n|-supereffective|p2a: Floatzel\n|-damage|p2a: Floatzel|147/283\n|\n|-heal|p2a: Floatzel|164/283|[from] item: Leftovers\n|upkeep\n|turn|13\n|\n|t:|1733898235\n|-terastallize|p2a: Floatzel|Steel\n|move|p2a: Floatzel|Wave Crash|p1a: Kyurem\n|-resisted|p1a: Kyurem\n|-damage|p1a: Kyurem|133/295\n|-damage|p2a: Floatzel|111/283|[from] Recoil\n|move|p1a: Kyurem|Icicle Spear|p2a: Floatzel\n|-resisted|p2a: Floatzel\n|-damage|p2a: Floatzel|100/283\n|-resisted|p2a: Floatzel\n|-damage|p2a: Floatzel|89/283\n|-resisted|p2a: Floatzel\n|-damage|p2a: Floatzel|79/283\n|-resisted|p2a: Floatzel\n|-damage|p2a: Floatzel|68/283\n|-resisted|p2a: Floatzel\n|-damage|p2a: Floatzel|59/283\n|-hitcount|p2a: Floatzel|5\n|\n|-heal|p2a: Floatzel|76/283|[from] item: Leftovers\n|upkeep\n|turn|14\n|\n|t:|1733898247\n|move|p2a: Floatzel|Wave Crash|p1a: Kyurem\n|-resisted|p1a: Kyurem\n|-damage|p1a: Kyurem|0 fnt\n|faint|p1a: Kyurem\n|-damage|p2a: Floatzel|32/283|[from] Recoil\n|\n|-heal|p2a: Floatzel|49/283|[from] item: Leftovers\n|upkeep\n|\n|t:|1733898259\n|switch|p1a: Iron Boulder|Iron Boulder, L77|239/265\n|turn|15\n|\n|t:|1733898270\n|-terastallize|p1a: Iron Boulder|Fighting\n|move|p2a: Floatzel|Wave Crash|p1a: Iron Boulder\n|-damage|p1a: Iron Boulder|0 fnt\n|faint|p1a: Iron Boulder\n|-end|p1a: Iron Boulder|Quark Drive|[silent]\n|-damage|p2a: Floatzel|0 fnt|[from] Recoil\n|faint|p2a: Floatzel\n|\n|upkeep\n|\n|t:|1733898275\n|switch|p2a: Indeedee|Indeedee-F, L90, F|272/272\n|switch|p1a: Haxorus|Haxorus, L77, F|244/244\n|-damage|p2a: Indeedee|238/272|[from] Stealth Rock\n|-fieldstart|move: Psychic Terrain|[from] ability: Psychic Surge|[of] p2a: Indeedee\n|-ability|p1a: Haxorus|Mold Breaker\n|turn|16\n|\n|t:|1733898285\n|move|p2a: Indeedee|Dazzling Gleam|p1a: Haxorus\n|-supereffective|p1a: Haxorus\n|-damage|p1a: Haxorus|2/244\n|move|p1a: Haxorus|Dragon Dance|p1a: Haxorus\n|-boost|p1a: Haxorus|atk|1\n|-boost|p1a: Haxorus|spe|1\n|\n|upkeep\n|turn|17\n|\n|t:|1733898291\n|move|p1a: Haxorus|Iron Head|p2a: Indeedee\n|-damage|p2a: Indeedee|122/272\n|move|p2a: Indeedee|Dazzling Gleam|p1a: Haxorus\n|-supereffective|p1a: Haxorus\n|-damage|p1a: Haxorus|0 fnt\n|faint|p1a: Haxorus\n|\n|upkeep\n|\n|t:|1733898293\n|switch|p1a: Jolteon|Jolteon, L84, M|246/246\n|turn|18\n|\n|t:|1733898300\n|move|p1a: Jolteon|Calm Mind|p1a: Jolteon\n|-boost|p1a: Jolteon|spa|1\n|-boost|p1a: Jolteon|spd|1\n|move|p2a: Indeedee|Dazzling Gleam|p1a: Jolteon\n|-damage|p1a: Jolteon|189/246\n|\n|-heal|p1a: Jolteon|204/246|[from] item: Leftovers\n|upkeep\n|turn|19\n|-message|akunk forfeited.\n|\n|win|Sleppbazhujia\n|l|\u2606akunk\n|player|p2|\n", "inputlog": ">version bfd83cad13791eb5a5a409923076391caf6fb4d4\n>start {\"formatid\":\"gen9randombattle\",\"seed\":[37165,3636,31121,10448]}\n>player p1 {\"name\":\"Sleppbazhujia\",\"avatar\":\"dawn-gen4pt\",\"rating\":0,\"seed\":[57498,9206,26881,60515]}\n>player p2 {\"name\":\"akunk\",\"avatar\":\"265\",\"rating\":0,\"seed\":[22871,29333,27881,36902]}\n>p1 move stealthrock\n>p2 move nastyplot\n>p1 move surf\n>p2 move nastyplot\n>p1 move earthquake\n>p2 move substitute\n>p1 move earthquake\n>p2 move shadowball\n>p2 switch 2\n>p1 move recover\n>p2 move woodhammer\n>p1 switch 5\n>p1 move swordsdance\n>p2 move iceshard\n>p1 move closecombat\n>p2 move iceshard\n>p2 switch 4\n>p1 move leafblade\n>p2 move moongeistbeam\n>p2 switch 5\n>p1 move leafblade\n>p2 move fakeout\n>p1 switch 6\n>p1 move mightycleave\n>p2 move volttackle\n>p2 switch 6\n>p1 switch 4\n>p2 move bulkup\n>p1 move fusionbolt\n>p2 move bulkup\n>p1 move iciclespear\n>p2 move wavecrash terastallize\n>p1 move scaleshot\n>p2 move wavecrash\n>p1 switch 4\n>p1 move closecombat terastallize\n>p2 move wavecrash\n>p1 switch 3\n>p2 switch 3\n>p1 move dragondance\n>p2 move dazzlinggleam\n>p1 move ironhead\n>p2 move dazzlinggleam\n>p1 switch 2\n>p1 move calmmind\n>p2 move dazzlinggleam\n>forcelose p2", "uploadtime": 1733898307, "views": 1, "formatid": "gen9randombattle", "rating": null, "private": 0, "password": null}