{"id": "gen9randombattle-2260666570", "format": "[Gen 9] Random Battle", "players": ["chhihiro", "Carltonxswag"], "log": "|j|\u2606chhihiro\n|j|\u2606Carltonxswag\n|t:|1733875866\n|gametype|singles\n|player|p1|chhihiro|aaron|\n|player|p2|Carltonxswag|266|\n|teamsize|p1|6\n|teamsize|p2|6\n|gen|9\n|tier|[Gen 9] Random Battle\n|rule|Species Clause: Limit one of each Pok\u00e9mon\n|rule|HP Percentage Mod: HP is shown in percentages\n|rule|Sleep Clause Mod: Limit one foe put to sleep\n|rule|Illusion Level Mod: Illusion disguises the Pok\u00e9mon's true level\n|\n|t:|1733875866\n|start\n|switch|p1a: Tyranitar|Tyranitar, L79, M|288/288\n|switch|p2a: Stonjourner|Stonjourner, L91, F|330/330\n|-weather|Sandstorm|[from] ability: Sand Stream|[of] p1a: Tyranitar\n|turn|1\n|\n|t:|1733875909\n|move|p2a: Stonjourner|Earthquake|p1a: Tyranitar\n|-supereffective|p1a: Tyranitar\n|-damage|p1a: Tyranitar|49/288\n|-damage|p2a: Stonjourner|297/330|[from] item: Life Orb\n|move|p1a: Tyranitar|Dragon Dance|p1a: Tyranitar\n|-boost|p1a: Tyranitar|atk|1\n|-boost|p1a: Tyranitar|spe|1\n|\n|-weather|Sandstorm|[upkeep]\n|-heal|p1a: Tyranitar|67/288|[from] item: Leftovers\n|upkeep\n|turn|2\n|\n|t:|1733875940\n|switch|p2a: Pachirisu|Pachirisu, L96, M|271/271\n|move|p1a: Tyranitar|Stone Edge|p2a: Pachirisu|[miss]\n|-miss|p1a: Tyranitar|p2a: Pachirisu\n|\n|-weather|Sandstorm|[upkeep]\n|-damage|p2a: Pachirisu|255/271|[from] Sandstorm\n|-heal|p1a: Tyranitar|85/288|[from] item: Leftovers\n|upkeep\n|turn|3\n|\n|t:|1733875958\n|-terastallize|p2a: Pachirisu|Flying\n|move|p2a: Pachirisu|Discharge|p1a: Tyranitar\n|-damage|p1a: Tyranitar|40/288\n|-status|p1a: Tyranitar|par\n|move|p1a: Tyranitar|Earthquake|p2a: Pachirisu\n|-immune|p2a: Pachirisu\n|\n|-weather|Sandstorm|[upkeep]\n|-damage|p2a: Pachirisu|239/271|[from] Sandstorm\n|-heal|p1a: Tyranitar|58/288 par|[from] item: Leftovers\n|upkeep\n|turn|4\n|\n|t:|1733875975\n|move|p2a: Pachirisu|U-turn|p1a: Tyranitar\n|-supereffective|p1a: Tyranitar\n|-damage|p1a: Tyranitar|0 fnt\n|faint|p1a: Tyranitar\n|\n|t:|1733876042\n|switch|p2a: Dragapult|Dragapult, L77, F|262/262|[from] U-turn\n|\n|-weather|Sandstorm|[upkeep]\n|-damage|p2a: Dragapult|246/262|[from] Sandstorm\n|upkeep\n|\n|t:|1733876056\n|switch|p1a: Spidops|Spidops, L96, M|271/271\n|turn|5\n|\n|t:|1733876087\n|move|p2a: Dragapult|Will-O-Wisp|p1a: Spidops\n|-status|p1a: Spidops|brn\n|move|p1a: Spidops|Sticky Web|p2a: Dragapult\n|-sidestart|p2: Carltonxswag|move: Sticky Web\n|\n|-weather|none\n|-damage|p1a: Spidops|255/271 brn|[from] brn\n|upkeep\n|turn|6\n|\n|t:|1733876106\n|move|p2a: Dragapult|Dragon Darts|p1a: Spidops\n|-crit|p1a: Spidops\n|-damage|p1a: Spidops|183/271 brn\n|-anim|p2a: Dragapult|Dragon Darts|p1a: Spidops\n|-damage|p1a: Spidops|138/271 brn\n|move|p1a: Spidops|Spikes|p2a: Dragapult\n|-sidestart|p2: Carltonxswag|Spikes\n|\n|-damage|p1a: Spidops|122/271 brn|[from] brn\n|upkeep\n|turn|7\n|\n|t:|1733876127\n|move|p2a: Dragapult|Hex|p1a: Spidops\n|-damage|p1a: Spidops|14/271 brn\n|move|p1a: Spidops|Spikes|p2a: Dragapult\n|-sidestart|p2: Carltonxswag|Spikes\n|\n|-damage|p1a: Spidops|0 fnt|[from] brn\n|faint|p1a: Spidops\n|upkeep\n|j| pingle fart\n|\n|t:|1733876147\n|switch|p1a: Iron Bundle|Iron Bundle, L77|213/213\n|turn|8\n|\n|t:|1733876199\n|switch|p2a: Skuntank|Skuntank, L84, F|310/310\n|-activate|p2a: Skuntank|move: Sticky Web\n|-unboost|p2a: Skuntank|spe|1\n|-damage|p2a: Skuntank|259/310|[from] Spikes\n|move|p1a: Iron Bundle|Freeze-Dry|p2a: Skuntank\n|-damage|p2a: Skuntank|168/310\n|\n|-heal|p2a: Skuntank|187/310|[from] item: Leftovers\n|upkeep\n|turn|9\n|\n|t:|1733876221\n|move|p1a: Iron Bundle|Substitute|p1a: Iron Bundle\n|-start|p1a: Iron Bundle|Substitute\n|-damage|p1a: Iron Bundle|160/213\n|move|p2a: Skuntank|Knock Off|p1a: Iron Bundle\n|-end|p1a: Iron Bundle|Substitute\n|\n|-heal|p1a: Iron Bundle|173/213|[from] item: Leftovers\n|-heal|p2a: Skuntank|206/310|[from] item: Leftovers\n|upkeep\n|turn|10\n|\n|t:|1733876243\n|move|p1a: Iron Bundle|Freeze-Dry|p2a: Skuntank\n|-damage|p2a: Skuntank|115/310\n|move|p2a: Skuntank|Gunk Shot|p1a: Iron Bundle\n|-damage|p1a: Iron Bundle|59/213\n|\n|-heal|p1a: Iron Bundle|72/213|[from] item: Leftovers\n|-heal|p2a: Skuntank|134/310|[from] item: Leftovers\n|upkeep\n|turn|11\n|\n|t:|1733876268\n|move|p1a: Iron Bundle|Hydro Pump|p2a: Skuntank\n|-damage|p2a: Skuntank|0 fnt\n|faint|p2a: Skuntank\n|\n|-heal|p1a: Iron Bundle|85/213|[from] item: Leftovers\n|upkeep\n|\n|t:|1733876278\n|switch|p2a: Wyrdeer|Wyrdeer, L87, M|321/321\n|-activate|p2a: Wyrdeer|move: Sticky Web\n|-unboost|p2a: Wyrdeer|spe|1\n|-damage|p2a: Wyrdeer|268/321|[from] Spikes\n|-ability|p2a: Wyrdeer|Intimidate|boost\n|-unboost|p1a: Iron Bundle|atk|1\n|turn|12\n|\n|t:|1733876295\n|move|p1a: Iron Bundle|Substitute|p1a: Iron Bundle\n|-start|p1a: Iron Bundle|Substitute\n|-damage|p1a: Iron Bundle|32/213\n|move|p2a: Wyrdeer|Body Slam|p1a: Iron Bundle\n|-end|p1a: Iron Bundle|Substitute\n|\n|-heal|p1a: Iron Bundle|45/213|[from] item: Leftovers\n|upkeep\n|turn|13\n|\n|t:|1733876322\n|move|p1a: Iron Bundle|Hydro Pump|p2a: Wyrdeer\n|-damage|p2a: Wyrdeer|181/321\n|move|p2a: Wyrdeer|Earthquake|p1a: Iron Bundle\n|-damage|p1a: Iron Bundle|0 fnt\n|faint|p1a: Iron Bundle\n|-end|p1a: Iron Bundle|Quark Drive|[silent]\n|\n|upkeep\n|\n|t:|1733876330\n|switch|p1a: Pincurchin|Pincurchin, F|258/258\n|-fieldstart|move: Electric Terrain|[from] ability: Electric Surge|[of] p1a: Pincurchin\n|turn|14\n|\n|t:|1733876369\n|move|p2a: Wyrdeer|Earthquake|p1a: Pincurchin\n|-supereffective|p1a: Pincurchin\n|-damage|p1a: Pincurchin|138/258\n|move|p1a: Pincurchin|Recover|p1a: Pincurchin\n|-heal|p1a: Pincurchin|258/258\n|\n|upkeep\n|turn|15\n|\n|t:|1733876391\n|move|p2a: Wyrdeer|Body Slam|p1a: Pincurchin\n|-damage|p1a: Pincurchin|182/258\n|move|p1a: Pincurchin|Curse|p1a: Pincurchin\n|-unboost|p1a: Pincurchin|spe|1\n|-boost|p1a: Pincurchin|atk|1\n|-boost|p1a: Pincurchin|def|1\n|\n|-heal|p1a: Pincurchin|198/258|[from] item: Leftovers\n|upkeep\n|turn|16\n|\n|t:|1733876404\n|move|p2a: Wyrdeer|Psychic Noise|p1a: Pincurchin\n|-damage|p1a: Pincurchin|117/258\n|-start|p1a: Pincurchin|move: Heal Block\n|move|p1a: Pincurchin|Curse|p1a: Pincurchin\n|-unboost|p1a: Pincurchin|spe|1\n|-boost|p1a: Pincurchin|atk|1\n|-boost|p1a: Pincurchin|def|1\n|\n|upkeep\n|turn|17\n|\n|t:|1733876453\n|move|p2a: Wyrdeer|Earthquake|p1a: Pincurchin\n|-supereffective|p1a: Pincurchin\n|-damage|p1a: Pincurchin|53/258\n|move|p1a: Pincurchin|Zing Zap|p2a: Wyrdeer\n|-damage|p2a: Wyrdeer|0 fnt\n|faint|p2a: Wyrdeer\n|\n|-end|p1a: Pincurchin|move: Heal Block\n|upkeep\n|\n|t:|1733876471\n|switch|p2a: Polteageist|Polteageist, L79|224/224\n|-activate|p2a: Polteageist|move: Sticky Web\n|-unboost|p2a: Polteageist|spe|1\n|-damage|p2a: Polteageist|187/224|[from] Spikes\n|-enditem|p2a: Polteageist|White Herb\n|-clearnegativeboost|p2a: Polteageist|[silent]\n|turn|18\n|\n|t:|1733876545\n|move|p2a: Polteageist|Shadow Ball|p1a: Pincurchin\n|-damage|p1a: Pincurchin|0 fnt\n|faint|p1a: Pincurchin\n|\n|-fieldend|move: Electric Terrain\n|upkeep\n|\n|t:|1733876556\n|switch|p1a: Electrode|Electrode-Hisui, L87|246/246\n|turn|19\n|\n|t:|1733876570\n|move|p1a: Electrode|Taunt|p2a: Polteageist\n|-start|p2a: Polteageist|move: Taunt\n|cant|p2a: Polteageist|move: Taunt|Shell Smash\n|\n|upkeep\n|turn|20\n|\n|t:|1733876581\n|move|p1a: Electrode|Thunder Wave|p2a: Polteageist\n|-status|p2a: Polteageist|par\n|move|p2a: Polteageist|Shadow Ball|p1a: Electrode\n|-damage|p1a: Electrode|147/246\n|\n|upkeep\n|turn|21\n|\n|t:|1733876602\n|move|p1a: Electrode|Giga Drain|p2a: Polteageist\n|-damage|p2a: Polteageist|108/224 par\n|-heal|p1a: Electrode|187/246|[from] drain|[of] p2a: Polteageist\n|-damage|p1a: Electrode|163/246|[from] item: Life Orb\n|move|p2a: Polteageist|Shadow Ball|p1a: Electrode\n|-damage|p1a: Electrode|67/246\n|\n|-end|p2a: Polteageist|move: Taunt\n|upkeep\n|turn|22\n|\n|t:|1733876621\n|move|p1a: Electrode|Giga Drain|p2a: Polteageist\n|-damage|p2a: Polteageist|33/224 par\n|-heal|p1a: Electrode|105/246|[from] drain|[of] p2a: Polteageist\n|-damage|p1a: Electrode|81/246|[from] item: Life Orb\n|move|p2a: Polteageist|Shadow Ball|p1a: Electrode\n|-damage|p1a: Electrode|0 fnt\n|faint|p1a: Electrode\n|\n|upkeep\n|\n|t:|1733876629\n|switch|p1a: Deoxys|Deoxys, L74|196/196\n|-ability|p1a: Deoxys|Pressure\n|turn|23\n|\n|t:|1733876652\n|move|p1a: Deoxys|Knock Off|p2a: Polteageist\n|-supereffective|p2a: Polteageist\n|-crit|p2a: Polteageist\n|-damage|p2a: Polteageist|0 fnt\n|-start|p1a: Deoxys|Disable|Knock Off|[from] ability: Cursed Body|[of] p2a: Polteageist\n|faint|p2a: Polteageist\n|-damage|p1a: Deoxys|177/196|[from] item: Life Orb\n|\n|upkeep\n|\n|t:|1733876665\n|switch|p2a: Dragapult|Dragapult, L77, F|246/262\n|turn|24\n|\n|t:|1733876680\n|-terastallize|p1a: Deoxys|Fighting\n|move|p1a: Deoxys|Ice Beam|p2a: Dragapult\n|-supereffective|p2a: Dragapult\n|-damage|p2a: Dragapult|12/262\n|-damage|p1a: Deoxys|158/196|[from] item: Life Orb\n|move|p2a: Dragapult|Dragon Darts|p1a: Deoxys\n|-damage|p1a: Deoxys|77/196\n|-anim|p2a: Dragapult|Dragon Darts|p1a: Deoxys\n|-damage|p1a: Deoxys|0 fnt\n|faint|p1a: Deoxys\n|\n|win|Carltonxswag\n|l|\u2606chhihiro\n|player|p1|\n", "inputlog": ">version bfd83cad13791eb5a5a409923076391caf6fb4d4\n>start {\"formatid\":\"gen9randombattle\",\"seed\":[35713,16459,34141,44635]}\n>player p1 {\"name\":\"chhihiro\",\"avatar\":\"aaron\",\"rating\":0,\"seed\":[60369,59116,60027,9546]}\n>player p2 {\"name\":\"Carltonxswag\",\"avatar\":\"266\",\"rating\":0,\"seed\":[12459,44532,55221,16935]}\n>p1 move dragondance\n>p2 move earthquake\n>p1 move stoneedge\n>p2 switch 4\n>p1 move earthquake\n>p2 move discharge terastallize\n>p1 move stoneedge\n>p2 move uturn\n>p2 switch 6\n>p1 switch 6\n>p1 move stickyweb\n>p2 move willowisp\n>p1 move spikes\n>p2 move dragondarts\n>p1 move spikes\n>p2 move hex\n>p1 switch 3\n>p1 move freezedry\n>p2 switch 5\n>p1 move substitute\n>p2 move knockoff\n>p1 move freezedry\n>p2 move gunkshot\n>p1 move hydropump\n>p2 move toxicspikes\n>p2 switch 3\n>p1 move substitute\n>p2 move bodyslam\n>p1 move hydropump\n>p2 move earthquake\n>p1 switch 2\n>p1 move recover\n>p2 move earthquake\n>p1 move curse\n>p2 move bodyslam\n>p1 move curse\n>p2 move psychicnoise\n>p1 move zingzap\n>p2 move earthquake\n>p2 switch 2\n>p1 move zingzap\n>p2 move shadowball\n>p1 switch 5\n>p1 move taunt\n>p2 move shellsmash\n>p1 move thunderwave\n>p2 move shadowball\n>p1 move gigadrain\n>p2 move shadowball\n>p1 move gigadrain\n>p2 move shadowball\n>p1 switch 4\n>p1 move knockoff\n>p2 move strengthsap\n>p2 switch 5\n>p1 move icebeam terastallize\n>p2 move dragondarts", "uploadtime": 1733876692, "views": 3, "formatid": "gen9randombattle", "rating": null, "private": 0, "password": null}