{"id": "gen9randombattle-2260650618", "format": "[Gen 9] Random Battle", "players": ["guga2", "Kilatas"], "log": "|j|\u2606guga2\n|j|\u2606Kilatas\n|t:|1733873860\n|gametype|singles\n|player|p1|guga2|265|1340\n|player|p2|Kilatas|policeman|1318\n|teamsize|p1|6\n|teamsize|p2|6\n|gen|9\n|tier|[Gen 9] Random Battle\n|rated|\n|rule|Species Clause: Limit one of each Pok\u00e9mon\n|rule|HP Percentage Mod: HP is shown in percentages\n|rule|Sleep Clause Mod: Limit one foe put to sleep\n|rule|Illusion Level Mod: Illusion disguises the Pok\u00e9mon's true level\n|\n|t:|1733873860\n|start\n|switch|p1a: Necrozma|Necrozma-Dawn-Wings, L76|272/272\n|switch|p2a: Delphox|Delphox, L84, F|263/263\n|turn|1\n|inactive|Battle timer is ON: inactive players will automatically lose when time's up. (requested by Kilatas)\n|\n|t:|1733873878\n|move|p2a: Delphox|Nasty Plot|p2a: Delphox\n|-boost|p2a: Delphox|spa|2\n|move|p1a: Necrozma|Dragon Dance|p1a: Necrozma\n|-boost|p1a: Necrozma|atk|1\n|-boost|p1a: Necrozma|spe|1\n|\n|upkeep\n|turn|2\n|\n|t:|1733873897\n|move|p1a: Necrozma|Moongeist Beam|p2a: Delphox\n|-supereffective|p2a: Delphox\n|-damage|p2a: Delphox|0 fnt\n|faint|p2a: Delphox\n|-damage|p1a: Necrozma|245/272|[from] item: Life Orb\n|\n|upkeep\n|\n|t:|1733873910\n|switch|p2a: Noivern|Noivern, L82, F|274/274\n|turn|3\n|\n|t:|1733873931\n|move|p2a: Noivern|Draco Meteor|p1a: Necrozma\n|-damage|p1a: Necrozma|86/272\n|-unboost|p2a: Noivern|spa|2\n|move|p1a: Necrozma|Photon Geyser|p2a: Noivern\n|-crit|p2a: Noivern\n|-damage|p2a: Noivern|0 fnt\n|faint|p2a: Noivern\n|-damage|p1a: Necrozma|59/272|[from] item: Life Orb\n|\n|upkeep\n|\n|t:|1733873938\n|switch|p2a: Raikou|Raikou, L81|278/278\n|-ability|p2a: Raikou|Pressure\n|turn|4\n|\n|t:|1733873947\n|move|p1a: Necrozma|Photon Geyser|p2a: Raikou\n|-damage|p2a: Raikou|64/278\n|-damage|p1a: Necrozma|32/272|[from] item: Life Orb\n|move|p2a: Raikou|Thunderbolt|p1a: Necrozma\n|-damage|p1a: Necrozma|0 fnt\n|faint|p1a: Necrozma\n|\n|-heal|p2a: Raikou|81/278|[from] item: Leftovers\n|upkeep\n|\n|t:|1733873967\n|switch|p1a: Sandy Shocks|Sandy Shocks, L80|267/267\n|turn|5\n|\n|t:|1733873975\n|move|p2a: Raikou|Scald|p1a: Sandy Shocks\n|-supereffective|p1a: Sandy Shocks\n|-damage|p1a: Sandy Shocks|135/267\n|-status|p1a: Sandy Shocks|brn\n|move|p1a: Sandy Shocks|Volt Switch|p2a: Raikou\n|-resisted|p2a: Raikou\n|-damage|p2a: Raikou|45/278\n|inactive|guga2 has 120 seconds left.\n|\n|t:|1733873996\n|-end|p1a: Sandy Shocks|Protosynthesis|[silent]\n|switch|p1a: Rotom|Rotom-Mow, L86|226/226|[from] Volt Switch\n|\n|-heal|p2a: Raikou|62/278|[from] item: Leftovers\n|upkeep\n|turn|6\n|\n|t:|1733874005\n|move|p2a: Raikou|Scald|p1a: Rotom\n|-resisted|p1a: Rotom\n|-damage|p1a: Rotom|202/226\n|move|p1a: Rotom|Leaf Storm|p2a: Raikou\n|-damage|p2a: Raikou|0 fnt\n|-unboost|p1a: Rotom|spa|2\n|faint|p2a: Raikou\n|-damage|p1a: Rotom|180/226|[from] item: Life Orb\n|\n|upkeep\n|\n|t:|1733874010\n|switch|p2a: Ampharos|Ampharos, L88, M|302/302\n|turn|7\n|\n|t:|1733874018\n|move|p1a: Rotom|Volt Switch|p2a: Ampharos\n|-resisted|p2a: Ampharos\n|-damage|p2a: Ampharos|286/302\n|-damage|p1a: Rotom|158/226|[from] item: Life Orb\n|\n|t:|1733874023\n|switch|p1a: Sandy Shocks|Sandy Shocks, L80|135/267 brn|[from] Volt Switch\n|move|p2a: Ampharos|Focus Blast|p1a: Sandy Shocks|[miss]\n|-miss|p2a: Ampharos|p1a: Sandy Shocks\n|\n|-damage|p1a: Sandy Shocks|119/267 brn|[from] brn\n|upkeep\n|turn|8\n|\n|t:|1733874031\n|move|p1a: Sandy Shocks|Earth Power|p2a: Ampharos\n|-supereffective|p2a: Ampharos\n|-damage|p2a: Ampharos|164/302\n|move|p2a: Ampharos|Focus Blast|p1a: Sandy Shocks|[miss]\n|-miss|p2a: Ampharos|p1a: Sandy Shocks\n|\n|-damage|p1a: Sandy Shocks|103/267 brn|[from] brn\n|upkeep\n|turn|9\n|\n|t:|1733874035\n|move|p1a: Sandy Shocks|Earth Power|p2a: Ampharos\n|-supereffective|p2a: Ampharos\n|-damage|p2a: Ampharos|42/302\n|move|p2a: Ampharos|Focus Blast|p1a: Sandy Shocks\n|-damage|p1a: Sandy Shocks|0 fnt\n|faint|p1a: Sandy Shocks\n|-end|p1a: Sandy Shocks|Protosynthesis|[silent]\n|\n|upkeep\n|\n|t:|1733874058\n|switch|p1a: Tentacruel|Tentacruel, L84, F|272/272\n|turn|10\n|\n|t:|1733874062\n|move|p1a: Tentacruel|Sludge Bomb|p2a: Ampharos\n|-damage|p2a: Ampharos|0 fnt\n|faint|p2a: Ampharos\n|\n|upkeep\n|\n|t:|1733874065\n|switch|p2a: Grumpig|Grumpig, L92, M|297/297\n|turn|11\n|\n|t:|1733874083\n|move|p1a: Tentacruel|Surf|p2a: Grumpig\n|-crit|p2a: Grumpig\n|-damage|p2a: Grumpig|204/297\n|move|p2a: Grumpig|Psyshock|p1a: Tentacruel\n|-supereffective|p1a: Tentacruel\n|-damage|p1a: Tentacruel|14/272\n|\n|-heal|p1a: Tentacruel|31/272|[from] item: Leftovers\n|-heal|p2a: Grumpig|222/297|[from] item: Leftovers\n|upkeep\n|turn|12\n|\n|t:|1733874094\n|move|p1a: Tentacruel|Surf|p2a: Grumpig\n|-damage|p2a: Grumpig|156/297\n|move|p2a: Grumpig|Psyshock|p1a: Tentacruel\n|-supereffective|p1a: Tentacruel\n|-damage|p1a: Tentacruel|0 fnt\n|faint|p1a: Tentacruel\n|\n|-heal|p2a: Grumpig|174/297|[from] item: Leftovers\n|upkeep\n|\n|t:|1733874106\n|switch|p1a: Flamigo|Flamigo, L82, M|269/269\n|turn|13\n|\n|t:|1733874112\n|-terastallize|p1a: Flamigo|Steel\n|move|p2a: Grumpig|Psyshock|p1a: Flamigo\n|-resisted|p1a: Flamigo\n|-damage|p1a: Flamigo|216/269\n|move|p1a: Flamigo|Swords Dance|p1a: Flamigo\n|-boost|p1a: Flamigo|atk|2\n|\n|-heal|p2a: Grumpig|192/297|[from] item: Leftovers\n|upkeep\n|turn|14\n|\n|t:|1733874119\n|move|p2a: Grumpig|Nasty Plot|p2a: Grumpig\n|-boost|p2a: Grumpig|spa|2\n|move|p1a: Flamigo|Throat Chop|p2a: Grumpig\n|-supereffective|p2a: Grumpig\n|-damage|p2a: Grumpig|0 fnt\n|faint|p2a: Grumpig\n|-damage|p1a: Flamigo|190/269|[from] item: Life Orb\n|\n|upkeep\n|\n|t:|1733874121\n|switch|p2a: Palafin|Palafin, L77, M|281/281\n|turn|15\n|\n|t:|1733874134\n|move|p2a: Palafin|Drain Punch|p1a: Flamigo\n|-supereffective|p1a: Flamigo\n|-damage|p1a: Flamigo|112/269\n|move|p1a: Flamigo|Close Combat|p2a: Palafin\n|-damage|p2a: Palafin|0 fnt\n|-unboost|p1a: Flamigo|def|1\n|-unboost|p1a: Flamigo|spd|1\n|faint|p2a: Palafin\n|-damage|p1a: Flamigo|86/269|[from] item: Life Orb\n|\n|win|guga2\n|raw|guga2's rating: 1340 &rarr; <strong>1359</strong><br />(+19 for winning)\n|raw|Kilatas's rating: 1318 &rarr; <strong>1299</strong><br />(-19 for losing)\n", "inputlog": ">version bfd83cad13791eb5a5a409923076391caf6fb4d4\n>start {\"formatid\":\"gen9randombattle\",\"seed\":[26414,38424,46268,45824],\"rated\":\"Rated battle\"}\n>player p1 {\"name\":\"guga2\",\"avatar\":\"265\",\"rating\":1340,\"seed\":[39337,61112,560,20082]}\n>player p2 {\"name\":\"Kilatas\",\"avatar\":\"policeman\",\"rating\":1318,\"seed\":[39057,2307,15557,17334]}\n>p1 move dragondance\n>p2 move nastyplot\n>p1 move moongeistbeam\n>p2 move fireblast\n>p2 switch 5\n>p1 move photongeyser\n>p2 move dracometeor\n>p2 switch 2\n>p1 move photongeyser\n>p2 move thunderbolt\n>p1 switch 6\n>p1 move voltswitch\n>p2 move scald\n>p1 switch 2\n>p1 move leafstorm\n>p2 move scald\n>p2 switch 3\n>p1 move voltswitch\n>p2 move focusblast\n>p1 switch 2\n>p1 move earthpower\n>p2 move focusblast\n>p1 move earthpower\n>p2 move focusblast\n>p1 switch 4\n>p1 move sludgebomb\n>p2 move voltswitch\n>p2 switch 4\n>p1 move surf\n>p2 move psyshock\n>p1 move surf\n>p2 move psyshock\n>p1 switch 5\n>p1 move swordsdance terastallize\n>p2 move psyshock\n>p1 move throatchop\n>p2 move nastyplot\n>p2 switch 6\n>p1 move closecombat\n>p2 move drainpunch", "uploadtime": 1733874141, "views": 1, "formatid": "gen9randombattle", "rating": 1299, "private": 0, "password": null}