{"id": "gen9randombattle-2260877189", "format": "[Gen 9] Random Battle", "players": ["Tossensack", "Noxxam"], "log": "|j|\u2606Tossensack\n|j|\u2606Noxxam\n|t:|1733909208\n|gametype|singles\n|player|p1|Tossensack|265|1772\n|player|p2|Noxxam|2|1751\n|teamsize|p1|6\n|teamsize|p2|6\n|gen|9\n|tier|[Gen 9] Random Battle\n|rated|\n|rule|Species Clause: Limit one of each Pok\u00e9mon\n|rule|HP Percentage Mod: HP is shown in percentages\n|rule|Sleep Clause Mod: Limit one foe put to sleep\n|rule|Illusion Level Mod: Illusion disguises the Pok\u00e9mon's true level\n|\n|t:|1733909208\n|start\n|switch|p1a: Misdreavus|Misdreavus, L90, M|254/254\n|switch|p2a: Mandibuzz|Mandibuzz, L85, F|326/326\n|turn|1\n|\n|t:|1733909218\n|switch|p1a: Skarmory|Skarmory, L80, M|235/235\n|switch|p2a: Chansey|Chansey, L85, F|564/564\n|\n|upkeep\n|turn|2\n|\n|t:|1733909228\n|switch|p2a: Mandibuzz|Mandibuzz, L85, F|326/326\n|move|p1a: Skarmory|Stealth Rock|p2a: Mandibuzz\n|-sidestart|p2: Noxxam|move: Stealth Rock\n|\n|upkeep\n|turn|3\n|\n|t:|1733909253\n|switch|p1a: Tinkaton|Tinkaton, L82, F|274/274\n|-ability|p1a: Tinkaton|Mold Breaker\n|move|p2a: Mandibuzz|Defog|p1a: Tinkaton\n|-unboost|p1a: Tinkaton|evasion|1\n|-sideend|p2: Noxxam|Stealth Rock|[from] move: Defog|[of] p2a: Mandibuzz\n|\n|upkeep\n|turn|4\n|\n|t:|1733909268\n|switch|p2a: Politoed|Politoed, L88, M|302/302\n|-weather|RainDance|[from] ability: Drizzle|[of] p2a: Politoed\n|move|p1a: Tinkaton|Knock Off|p2a: Politoed\n|-damage|p2a: Politoed|233/302\n|-enditem|p2a: Politoed|Choice Specs|[from] move: Knock Off|[of] p1a: Tinkaton\n|-damage|p1a: Tinkaton|247/274|[from] item: Life Orb\n|\n|-weather|RainDance|[upkeep]\n|upkeep\n|turn|5\n|\n|t:|1733909277\n|switch|p1a: Tatsugiri|Tatsugiri-Droopy, L87, M|260/260\n|move|p2a: Politoed|Hydro Pump|p1a: Tatsugiri\n|-ability|p1a: Tatsugiri|Storm Drain|boost\n|-boost|p1a: Tatsugiri|spa|1\n|\n|-weather|RainDance|[upkeep]\n|upkeep\n|turn|6\n|\n|t:|1733909289\n|switch|p1a: Skarmory|Skarmory, L80, M|235/235\n|switch|p2a: Chansey|Chansey, L85, F|564/564\n|\n|-weather|RainDance|[upkeep]\n|upkeep\n|turn|7\n|\n|t:|1733909303\n|move|p1a: Skarmory|Stealth Rock|p2a: Chansey\n|-sidestart|p2: Noxxam|move: Stealth Rock\n|move|p2a: Chansey|Thunder Wave|p1a: Skarmory|[miss]\n|-miss|p2a: Chansey|p1a: Skarmory\n|\n|-weather|RainDance|[upkeep]\n|upkeep\n|turn|8\n|\n|t:|1733909319\n|switch|p2a: Mandibuzz|Mandibuzz, L85, F|326/326\n|move|p1a: Skarmory|Body Press|p2a: Mandibuzz\n|-damage|p2a: Mandibuzz|262/326\n|\n|-weather|none\n|upkeep\n|turn|9\n|\n|t:|1733909325\n|switch|p1a: Tinkaton|Tinkaton, L82, F|247/274\n|-ability|p1a: Tinkaton|Mold Breaker\n|move|p2a: Mandibuzz|Defog|p1a: Tinkaton\n|-unboost|p1a: Tinkaton|evasion|1\n|-sideend|p2: Noxxam|Stealth Rock|[from] move: Defog|[of] p2a: Mandibuzz\n|\n|upkeep\n|turn|10\n|\n|t:|1733909331\n|switch|p2a: Politoed|Politoed, L88, M|233/302\n|-weather|RainDance|[from] ability: Drizzle|[of] p2a: Politoed\n|move|p1a: Tinkaton|Knock Off|p2a: Politoed\n|-damage|p2a: Politoed|182/302\n|-damage|p1a: Tinkaton|220/274|[from] item: Life Orb\n|\n|-weather|RainDance|[upkeep]\n|upkeep\n|turn|11\n|inactive|Battle timer is ON: inactive players will automatically lose when time's up. (requested by Noxxam)\n|\n|t:|1733909342\n|switch|p1a: Tatsugiri|Tatsugiri-Droopy, L87, M|260/260\n|move|p2a: Politoed|Ice Beam|p1a: Tatsugiri\n|-damage|p1a: Tatsugiri|200/260\n|-status|p1a: Tatsugiri|frz\n|\n|-weather|RainDance|[upkeep]\n|upkeep\n|turn|12\n|\n|t:|1733909357\n|switch|p2a: Kilowattrel|Kilowattrel, L83, M|252/252\n|cant|p1a: Tatsugiri|frz\n|\n|-weather|RainDance|[upkeep]\n|upkeep\n|turn|13\n|\n|t:|1733909365\n|move|p2a: Kilowattrel|Thunderbolt|p1a: Tatsugiri\n|-damage|p1a: Tatsugiri|100/260 frz\n|cant|p1a: Tatsugiri|frz\n|\n|-weather|RainDance|[upkeep]\n|upkeep\n|turn|14\n|\n|t:|1733909389\n|switch|p1a: Glastrier|Glastrier, L86|312/312\n|move|p2a: Kilowattrel|Hurricane|p1a: Glastrier\n|-damage|p1a: Glastrier|206/312\n|\n|-weather|none\n|upkeep\n|turn|15\n|\n|t:|1733909397\n|switch|p2a: Chi-Yu|Chi-Yu, L77|211/211\n|-ability|p2a: Chi-Yu|Beads of Ruin\n|move|p1a: Glastrier|Icicle Crash|p2a: Chi-Yu\n|-resisted|p2a: Chi-Yu\n|-damage|p2a: Chi-Yu|133/211\n|\n|upkeep\n|turn|16\n|\n|t:|1733909413\n|switch|p1a: Tatsugiri|Tatsugiri-Droopy, L87, M|100/260 frz\n|move|p2a: Chi-Yu|Overheat|p1a: Tatsugiri\n|-resisted|p1a: Tatsugiri\n|-damage|p1a: Tatsugiri|56/260 frz\n|-unboost|p2a: Chi-Yu|spa|2\n|-curestatus|p1a: Tatsugiri|frz|[msg]\n|\n|upkeep\n|turn|17\n|\n|t:|1733909432\n|switch|p2a: Chansey|Chansey, L85, F|564/564\n|move|p1a: Tatsugiri|Draco Meteor|p2a: Chansey\n|-damage|p2a: Chansey|459/564\n|-unboost|p1a: Tatsugiri|spa|2\n|\n|upkeep\n|turn|18\n|inactive|Tossensack has 120 seconds left.\n|\n|t:|1733909451\n|switch|p1a: Glastrier|Glastrier, L86|206/312\n|move|p2a: Chansey|Stealth Rock|p1a: Glastrier\n|-sidestart|p1: Tossensack|move: Stealth Rock\n|\n|upkeep\n|turn|19\n|\n|t:|1733909461\n|switch|p2a: Politoed|Politoed, L88, M|182/302\n|-weather|RainDance|[from] ability: Drizzle|[of] p2a: Politoed\n|move|p1a: Glastrier|Close Combat|p2a: Politoed\n|-damage|p2a: Politoed|51/302\n|-unboost|p1a: Glastrier|def|1\n|-unboost|p1a: Glastrier|spd|1\n|\n|-weather|RainDance|[upkeep]\n|upkeep\n|turn|20\n|inactive|Tossensack has 120 seconds left.\n|\n|t:|1733909476\n|switch|p1a: Tatsugiri|Tatsugiri-Droopy, L87, M|56/260\n|move|p2a: Politoed|Focus Blast|p1a: Tatsugiri\n|-damage|p1a: Tatsugiri|0 fnt\n|faint|p1a: Tatsugiri\n|\n|-weather|RainDance|[upkeep]\n|upkeep\n|inactive|Tossensack has 120 seconds left.\n|\n|t:|1733909510\n|switch|p1a: Quaquaval|Quaquaval, L79, F|264/264\n|-damage|p1a: Quaquaval|248/264|[from] Stealth Rock\n|turn|21\n|l|\u2606Noxxam\n|inactive|Noxxam disconnected and has a minute to reconnect!\n|player|p2|\n|j|\u2606Noxxam\n|inactive|Noxxam reconnected and has 140 seconds left.\n|player|p2|Noxxam|2|\n|\n|t:|1733909527\n|switch|p2a: Kilowattrel|Kilowattrel, L83, M|252/252\n|move|p1a: Quaquaval|Aqua Step|p2a: Kilowattrel\n|-damage|p2a: Kilowattrel|30/252\n|-boost|p1a: Quaquaval|spe|1\n|-damage|p1a: Quaquaval|222/264|[from] item: Life Orb\n|\n|-weather|RainDance|[upkeep]\n|upkeep\n|turn|22\n|\n|t:|1733909535\n|move|p1a: Quaquaval|Aqua Step|p2a: Kilowattrel\n|-damage|p2a: Kilowattrel|0 fnt\n|-boost|p1a: Quaquaval|spe|1\n|faint|p2a: Kilowattrel\n|-ability|p1a: Quaquaval|Moxie|boost\n|-boost|p1a: Quaquaval|atk|1\n|-damage|p1a: Quaquaval|196/264|[from] item: Life Orb\n|\n|-weather|RainDance|[upkeep]\n|upkeep\n|\n|t:|1733909544\n|switch|p2a: Mandibuzz|Mandibuzz, L85, F|262/326\n|turn|23\n|inactive|Tossensack has 120 seconds left.\n|\n|t:|1733909550\n|-terastallize|p1a: Quaquaval|Fighting\n|move|p1a: Quaquaval|Close Combat|p2a: Mandibuzz\n|-damage|p2a: Mandibuzz|0 fnt\n|-unboost|p1a: Quaquaval|def|1\n|-unboost|p1a: Quaquaval|spd|1\n|faint|p2a: Mandibuzz\n|-ability|p1a: Quaquaval|Moxie|boost\n|-boost|p1a: Quaquaval|atk|1\n|-damage|p1a: Quaquaval|170/264|[from] item: Life Orb\n|\n|-weather|none\n|upkeep\n|\n|t:|1733909562\n|switch|p2a: Zekrom|Zekrom, L71|259/259\n|-ability|p2a: Zekrom|Teravolt\n|turn|24\n|\n|t:|1733909566\n|move|p1a: Quaquaval|Close Combat|p2a: Zekrom\n|-damage|p2a: Zekrom|0 fnt\n|-unboost|p1a: Quaquaval|def|1\n|-unboost|p1a: Quaquaval|spd|1\n|faint|p2a: Zekrom\n|-ability|p1a: Quaquaval|Moxie|boost\n|-boost|p1a: Quaquaval|atk|1\n|-damage|p1a: Quaquaval|144/264|[from] item: Life Orb\n|\n|upkeep\n|\n|t:|1733909571\n|switch|p2a: Chansey|Chansey, L85, F|459/564\n|turn|25\n|\n|t:|1733909574\n|-terastallize|p2a: Chansey|Poison\n|move|p1a: Quaquaval|Aqua Step|p2a: Chansey\n|-damage|p2a: Chansey|0 fnt\n|-boost|p1a: Quaquaval|spe|1\n|faint|p2a: Chansey\n|-ability|p1a: Quaquaval|Moxie|boost\n|-boost|p1a: Quaquaval|atk|1\n|-damage|p1a: Quaquaval|118/264|[from] item: Life Orb\n|\n|upkeep\n|c|\u2606Tossensack|gg\n|\n|t:|1733909581\n|switch|p2a: Chi-Yu|Chi-Yu, L77|133/211\n|-ability|p2a: Chi-Yu|Beads of Ruin\n|turn|26\n|\n|t:|1733909584\n|move|p1a: Quaquaval|Aqua Step|p2a: Chi-Yu\n|-supereffective|p2a: Chi-Yu\n|-damage|p2a: Chi-Yu|0 fnt\n|-boost|p1a: Quaquaval|spe|1\n|faint|p2a: Chi-Yu\n|-ability|p1a: Quaquaval|Moxie|boost\n|-boost|p1a: Quaquaval|atk|1\n|-damage|p1a: Quaquaval|92/264|[from] item: Life Orb\n|\n|upkeep\n|\n|t:|1733909585\n|switch|p2a: Politoed|Politoed, L88, M|51/302\n|-weather|RainDance|[from] ability: Drizzle|[of] p2a: Politoed\n|turn|27\n|\n|t:|1733909587\n|move|p1a: Quaquaval|Aqua Step|p2a: Politoed\n|-resisted|p2a: Politoed\n|-damage|p2a: Politoed|0 fnt\n|-boost|p1a: Quaquaval|spe|1\n|faint|p2a: Politoed\n|-damage|p1a: Quaquaval|66/264|[from] item: Life Orb\n|\n|win|Tossensack\n|raw|Tossensack's rating: 1772 &rarr; <strong>1791</strong><br />(+19 for winning)\n|raw|Noxxam's rating: 1751 &rarr; <strong>1732</strong><br />(-19 for losing)\n|l|\u2606Noxxam\n|player|p2|\n", "inputlog": ">version bfd83cad13791eb5a5a409923076391caf6fb4d4\n>start {\"formatid\":\"gen9randombattle\",\"seed\":[23450,2609,37027,20676],\"rated\":\"Rated battle\"}\n>player p1 {\"name\":\"Tossensack\",\"avatar\":\"265\",\"rating\":1772,\"seed\":[34356,49340,58119,53431]}\n>player p2 {\"name\":\"Noxxam\",\"avatar\":\"2\",\"rating\":1751,\"seed\":[21956,56602,1222,30947]}\n>p1 switch 3\n>p2 switch 5\n>p1 move stealthrock\n>p2 switch 5\n>p1 switch 2\n>p2 move defog\n>p1 move knockoff\n>p2 switch 4\n>p1 switch 4\n>p2 move hydropump\n>p1 switch 2\n>p2 switch 5\n>p1 move stealthrock\n>p2 move thunderwave\n>p1 move bodypress\n>p2 switch 4\n>p1 switch 4\n>p2 move defog\n>p1 move knockoff\n>p2 switch 5\n>p1 switch 2\n>p2 move icebeam\n>p1 move dracometeor\n>p2 switch 3\n>p1 move dracometeor\n>p2 move thunderbolt\n>p1 switch 6\n>p2 move hurricane\n>p1 move iciclecrash\n>p2 switch 6\n>p1 switch 6\n>p2 move overheat\n>p1 move dracometeor\n>p2 switch 4\n>p1 switch 6\n>p2 move stealthrock\n>p1 move closecombat\n>p2 switch 3\n>p1 switch 6\n>p2 move focusblast\n>p1 switch 5\n>p1 move aquastep\n>p2 switch 6\n>p1 move aquastep\n>p2 move hurricane\n>p2 switch 5\n>p1 move closecombat terastallize\n>p2 move bravebird\n>p2 switch 2\n>p1 move closecombat\n>p2 move boltstrike\n>p2 switch 3\n>p1 move aquastep\n>p2 move thunderwave terastallize\n>chat \u2606Tossensack|gg\n>p2 switch 4\n>p1 move aquastep\n>p2 move psychic\n>p2 switch 6\n>p1 move aquastep\n>p2 move hydropump", "uploadtime": 1733909603, "views": 2, "formatid": "gen9randombattle", "rating": 1732, "private": 0, "password": null}