{"id": "gen9randombattle-2260704233", "format": "[Gen 9] Random Battle", "players": ["Danktimonious", "canyousparechange"], "log": "|j|\u2606Danktimonious\n|j|\u2606canyousparechange\n|t:|1733880640\n|gametype|singles\n|player|p1|Danktimonious|1|1967\n|player|p2|canyousparechange|li|1972\n|teamsize|p1|6\n|teamsize|p2|6\n|gen|9\n|tier|[Gen 9] Random Battle\n|rated|\n|rule|Species Clause: Limit one of each Pok\u00e9mon\n|rule|HP Percentage Mod: HP is shown in percentages\n|rule|Sleep Clause Mod: Limit one foe put to sleep\n|rule|Illusion Level Mod: Illusion disguises the Pok\u00e9mon's true level\n|\n|t:|1733880640\n|start\n|switch|p1a: Vespiquen|Vespiquen, L98, F|296/296\n|switch|p2a: Tsareena|Tsareena, L87, F|267/267\n|-ability|p1a: Vespiquen|Pressure\n|turn|1\n|inactive|Battle timer is ON: inactive players will automatically lose when time's up. (requested by canyousparechange)\n|\n|t:|1733880667\n|move|p2a: Tsareena|Triple Axel|p1a: Vespiquen\n|-supereffective|p1a: Vespiquen\n|-damage|p1a: Vespiquen|270/296\n|-supereffective|p1a: Vespiquen\n|-damage|p1a: Vespiquen|218/296\n|-supereffective|p1a: Vespiquen\n|-damage|p1a: Vespiquen|132/296\n|-hitcount|p1a: Vespiquen|3\n|move|p1a: Vespiquen|Spikes|p2a: Tsareena\n|-sidestart|p2: canyousparechange|Spikes\n|\n|upkeep\n|turn|2\n|\n|t:|1733880671\n|switch|p1a: Spiritomb|Spiritomb, L89, M|234/234\n|move|p2a: Tsareena|Rapid Spin|p1a: Spiritomb\n|-immune|p1a: Spiritomb\n|\n|upkeep\n|turn|3\n|\n|t:|1733880682\n|move|p2a: Tsareena|U-turn|p1a: Spiritomb\n|-damage|p1a: Spiritomb|180/234\n|\n|t:|1733880684\n|switch|p2a: Copperajah|Copperajah, L86, F|350/350|[from] U-turn\n|-damage|p2a: Copperajah|307/350|[from] Spikes\n|move|p1a: Spiritomb|Poltergeist|p2a: Copperajah|[miss]\n|-miss|p1a: Spiritomb|p2a: Copperajah\n|\n|-heal|p1a: Spiritomb|194/234|[from] item: Leftovers\n|upkeep\n|turn|4\n|\n|t:|1733880690\n|switch|p1a: Vespiquen|Vespiquen, L98, F|132/296\n|-ability|p1a: Vespiquen|Pressure\n|move|p2a: Copperajah|Heavy Slam|p1a: Vespiquen\n|-damage|p1a: Vespiquen|0 fnt\n|faint|p1a: Vespiquen\n|\n|upkeep\n|\n|t:|1733880693\n|switch|p1a: Cinderace|Cinderace, L77, M|249/249\n|turn|5\n|\n|t:|1733880722\n|-terastallize|p2a: Copperajah|Fire\n|move|p1a: Cinderace|Pyro Ball|p2a: Copperajah\n|-resisted|p2a: Copperajah\n|-damage|p2a: Copperajah|238/350\n|move|p2a: Copperajah|Heavy Slam|p1a: Cinderace\n|-resisted|p1a: Cinderace\n|-damage|p1a: Cinderace|96/249\n|\n|upkeep\n|turn|6\n|\n|t:|1733880734\n|move|p1a: Cinderace|High Jump Kick|p2a: Copperajah|[miss]\n|-start|p1a: Cinderace|typechange|Fighting|[from] ability: Libero\n|-miss|p1a: Cinderace|p2a: Copperajah\n|-damage|p1a: Cinderace|0 fnt|[from] highjumpkick\n|faint|p1a: Cinderace\n|move|p2a: Copperajah|Heavy Slam|p1: Cinderace|[notarget]\n|-fail|p2a: Copperajah\n|\n|upkeep\n|\n|t:|1733880739\n|switch|p1a: Politoed|Politoed, L88, F|302/302\n|-weather|RainDance|[from] ability: Drizzle|[of] p1a: Politoed\n|turn|7\n|inactive|canyousparechange has 120 seconds left.\n|\n|t:|1733880774\n|switch|p2a: Baxcalibur|Baxcalibur, L75, M|295/295\n|-damage|p2a: Baxcalibur|259/295|[from] Spikes\n|move|p1a: Politoed|Weather Ball|p2a: Baxcalibur\n|-resisted|p2a: Baxcalibur\n|-damage|p2a: Baxcalibur|131/295\n|\n|-weather|RainDance|[upkeep]\n|upkeep\n|turn|8\n|inactive|Danktimonious has 120 seconds left.\n|\n|t:|1733880804\n|move|p2a: Baxcalibur|Glaive Rush|p1a: Politoed\n|-damage|p1a: Politoed|76/302\n|-singlemove|p2a: Baxcalibur|Glaive Rush|[silent]\n|move|p1a: Politoed|Weather Ball|p2a: Baxcalibur\n|-resisted|p2a: Baxcalibur\n|-damage|p2a: Baxcalibur|0 fnt\n|faint|p2a: Baxcalibur\n|\n|-weather|RainDance|[upkeep]\n|upkeep\n|\n|t:|1733880814\n|switch|p2a: Tsareena|Tsareena, L87, F|267/267\n|-damage|p2a: Tsareena|234/267|[from] Spikes\n|turn|9\n|\n|t:|1733880816\n|switch|p1a: Spiritomb|Spiritomb, L89, M|194/234\n|move|p2a: Tsareena|Power Whip|p1a: Spiritomb\n|-damage|p1a: Spiritomb|73/234\n|\n|-weather|RainDance|[upkeep]\n|-heal|p1a: Spiritomb|87/234|[from] item: Leftovers\n|upkeep\n|turn|10\n|\n|t:|1733880823\n|move|p1a: Spiritomb|Shadow Sneak||[still]\n|cant|p2a: Tsareena|ability: Queenly Majesty|Shadow Sneak|[of] p1a: Spiritomb\n|move|p2a: Tsareena|U-turn|p1a: Spiritomb\n|-damage|p1a: Spiritomb|39/234\n|\n|t:|1733880832\n|switch|p2a: Uxie|Uxie, L83|260/260|[from] U-turn\n|\n|-weather|RainDance|[upkeep]\n|-heal|p1a: Spiritomb|53/234|[from] item: Leftovers\n|upkeep\n|turn|11\n|inactive|canyousparechange has 120 seconds left.\n|\n|t:|1733880878\n|move|p2a: Uxie|Knock Off|p1a: Spiritomb\n|-damage|p1a: Spiritomb|9/234\n|-enditem|p1a: Spiritomb|Leftovers|[from] move: Knock Off|[of] p2a: Uxie\n|move|p1a: Spiritomb|Pain Split|p2a: Uxie\n|-sethp|p2a: Uxie|134/260|[from] move: Pain Split|[silent]\n|-sethp|p1a: Spiritomb|134/234|[from] move: Pain Split\n|\n|-weather|none\n|-heal|p2a: Uxie|150/260|[from] item: Leftovers\n|upkeep\n|turn|12\n|\n|t:|1733880892\n|move|p2a: Uxie|Stealth Rock|p1a: Spiritomb\n|-sidestart|p1: Danktimonious|move: Stealth Rock\n|move|p1a: Spiritomb|Poltergeist|p2a: Uxie\n|-activate|p2a: Uxie|move: Poltergeist|Leftovers\n|-supereffective|p2a: Uxie\n|-damage|p2a: Uxie|0 fnt\n|faint|p2a: Uxie\n|\n|upkeep\n|\n|t:|1733880895\n|switch|p2a: Copperajah|Copperajah, L86, F, tera:Fire|238/350\n|-damage|p2a: Copperajah|195/350|[from] Spikes\n|turn|13\n|\n|t:|1733880901\n|move|p1a: Spiritomb|Poltergeist|p2a: Copperajah\n|-activate|p2a: Copperajah|move: Poltergeist|Choice Band\n|-damage|p2a: Copperajah|48/350\n|move|p2a: Copperajah|Heavy Slam|p1a: Spiritomb\n|-damage|p1a: Spiritomb|0 fnt\n|faint|p1a: Spiritomb\n|\n|upkeep\n|\n|t:|1733880916\n|switch|p1a: Gardevoir|Gardevoir, L83, F|249/249\n|-damage|p1a: Gardevoir|218/249|[from] Stealth Rock\n|-ability|p1a: Gardevoir|Heavy Metal|[from] ability: Trace|[of] p2a: Copperajah\n|turn|14\n|\n|t:|1733880922\n|move|p1a: Gardevoir|Moonblast|p2a: Copperajah\n|-resisted|p2a: Copperajah\n|-damage|p2a: Copperajah|0 fnt\n|faint|p2a: Copperajah\n|\n|upkeep\n|\n|t:|1733880931\n|switch|p2a: Tsareena|Tsareena, L87, F|234/267\n|-damage|p2a: Tsareena|201/267|[from] Spikes\n|turn|15\n|\n|t:|1733880934\n|move|p1a: Gardevoir|Moonblast|p2a: Tsareena\n|-damage|p2a: Tsareena|132/267\n|move|p2a: Tsareena|Rapid Spin|p1a: Gardevoir\n|-damage|p1a: Gardevoir|164/249\n|-boost|p2a: Tsareena|spe|1\n|-sideend|p2: canyousparechange|Spikes|[from] move: Rapid Spin|[of] p2a: Tsareena\n|\n|upkeep\n|turn|16\n|inactive|canyousparechange has 120 seconds left.\n|\n|t:|1733880971\n|move|p1a: Gardevoir|Moonblast|p2a: Tsareena\n|-damage|p2a: Tsareena|59/267\n|move|p2a: Tsareena|Power Whip|p1a: Gardevoir\n|-damage|p1a: Gardevoir|0 fnt\n|faint|p1a: Gardevoir\n|\n|upkeep\n|\n|t:|1733880989\n|switch|p1a: Greninja|Greninja, L80, M|246/246\n|-damage|p1a: Greninja|216/246|[from] Stealth Rock\n|turn|17\n|inactive|canyousparechange has 120 seconds left.\n|\n|t:|1733881002\n|-terastallize|p1a: Greninja|Poison\n|move|p2a: Tsareena|Power Whip|p1a: Greninja\n|-resisted|p1a: Greninja\n|-damage|p1a: Greninja|111/246\n|move|p1a: Greninja|Ice Beam|p2a: Tsareena\n|-supereffective|p2a: Tsareena\n|-damage|p2a: Tsareena|0 fnt\n|faint|p2a: Tsareena\n|-ability|p1a: Greninja|Battle Bond|boost\n|-boost|p1a: Greninja|atk|1\n|-boost|p1a: Greninja|spa|1\n|-boost|p1a: Greninja|spe|1\n|-activate|p1a: Greninja|ability: Battle Bond\n|-damage|p1a: Greninja|87/246|[from] item: Life Orb\n|\n|upkeep\n|inactive|canyousparechange has 120 seconds left.\n|\n|t:|1733881017\n|switch|p2a: Amoonguss|Amoonguss, L82, M|321/321\n|turn|18\n|\n|t:|1733881041\n|move|p1a: Greninja|Ice Beam|p2a: Amoonguss\n|-supereffective|p2a: Amoonguss\n|-damage|p2a: Amoonguss|45/321\n|-damage|p1a: Greninja|63/246|[from] item: Life Orb\n|move|p2a: Amoonguss|Clear Smog|p1a: Greninja\n|-resisted|p1a: Greninja\n|-damage|p1a: Greninja|35/246\n|-clearboost|p1a: Greninja\n|\n|-heal|p2a: Amoonguss|65/321|[from] item: Leftovers\n|upkeep\n|turn|19\n|\n|t:|1733881047\n|move|p1a: Greninja|Dark Pulse|p2a: Amoonguss\n|-damage|p2a: Amoonguss|0 fnt\n|faint|p2a: Amoonguss\n|-damage|p1a: Greninja|11/246|[from] item: Life Orb\n|\n|upkeep\n|\n|t:|1733881049\n|switch|p2a: Mewtwo|Mewtwo, L72|272/272\n|-ability|p2a: Mewtwo|Unnerve\n|turn|20\n|\n|t:|1733881054\n|move|p1a: Greninja|Dark Pulse|p2a: Mewtwo\n|-supereffective|p2a: Mewtwo\n|-damage|p2a: Mewtwo|43/272\n|-damage|p1a: Greninja|0 fnt|[from] item: Life Orb\n|faint|p1a: Greninja\n|move|p2a: Mewtwo|Psystrike|p1: Greninja|[notarget]\n|-fail|p2a: Mewtwo\n|\n|upkeep\n|\n|t:|1733881057\n|switch|p1a: Politoed|Politoed, L88, F|76/302\n|-damage|p1a: Politoed|39/302|[from] Stealth Rock\n|-weather|RainDance|[from] ability: Drizzle|[of] p1a: Politoed\n|turn|21\n|\n|t:|1733881059\n|move|p2a: Mewtwo|Psystrike|p1a: Politoed\n|-damage|p1a: Politoed|0 fnt\n|faint|p1a: Politoed\n|\n|win|canyousparechange\n|raw|Danktimonious's rating: 1967 &rarr; <strong>1947</strong><br />(-20 for losing)\n|raw|canyousparechange's rating: 1972 &rarr; <strong>1992</strong><br />(+20 for winning)\n|c|\u2606canyousparechange|gg\n|l|\u2606Danktimonious\n|player|p1|\n", "inputlog": ">version bfd83cad13791eb5a5a409923076391caf6fb4d4\n>start {\"formatid\":\"gen9randombattle\",\"seed\":[56707,37851,10771,44308],\"rated\":\"Rated battle\"}\n>player p1 {\"name\":\"Danktimonious\",\"avatar\":\"1\",\"rating\":1967,\"seed\":[58842,1618,21033,25473]}\n>player p2 {\"name\":\"canyousparechange\",\"avatar\":\"li\",\"rating\":1972,\"seed\":[45252,14099,46115,46102]}\n>p1 move spikes\n>p2 move tripleaxel\n>p1 switch 2\n>p2 move rapidspin\n>p1 move poltergeist\n>p2 move uturn\n>p2 switch 3\n>p1 switch 2\n>p2 move heavyslam\n>p1 switch 4\n>p1 move pyroball\n>p2 move heavyslam terastallize\n>p1 move highjumpkick\n>p2 move heavyslam\n>p1 switch 6\n>p1 move weatherball\n>p2 switch 6\n>p1 move weatherball\n>p2 move glaiverush\n>p2 switch 3\n>p1 switch 2\n>p2 move powerwhip\n>p1 move shadowsneak\n>p2 move uturn\n>p2 switch 4\n>p1 move painsplit\n>p2 move knockoff\n>p1 move poltergeist\n>p2 move stealthrock\n>p2 switch 6\n>p1 move poltergeist\n>p2 move heavyslam\n>p1 switch 3\n>p1 move moonblast\n>p2 move heavyslam\n>p2 switch 4\n>p1 move moonblast\n>p2 move rapidspin\n>p1 move moonblast\n>p2 move powerwhip\n>p1 switch 5\n>p1 move icebeam terastallize\n>p2 move powerwhip\n>p2 switch 5\n>p1 move icebeam\n>p2 move clearsmog\n>p1 move darkpulse\n>p2 move gigadrain\n>p2 switch 2\n>p1 move darkpulse\n>p2 move psystrike\n>p1 switch 2\n>p1 move weatherball\n>p2 move psystrike", "uploadtime": 1733881063, "views": 2, "formatid": "gen9randombattle", "rating": 1947, "private": 0, "password": null}