{"id": "gen9randombattle-2174314876", "format": "[Gen 9] Random Battle", "players": ["Soul Dew Latias", "HaunterBoy28"], "log": "|badge|p1|silver|gen9randombattle|30-2\n|uhtml|medal-msg|<div class=\"broadcast-blue\">Curious what those medals under the avatar are? PS now has Ladder Seasons! For more information, check out the <a href=\"https://www.smogon.com/forums/threads/3740067/\">thread on Smogon.</a></div>\n|badge|p2|silver|gen9randombattle|30-2\n|uhtml|medal-msg|<div class=\"broadcast-blue\">Curious what those medals under the avatar are? PS now has Ladder Seasons! For more information, check out the <a href=\"https://www.smogon.com/forums/threads/3740067/\">thread on Smogon.</a></div>\n|j|\u2606Soul Dew Latias\n|j|\u2606HaunterBoy28\n|t:|1722906816\n|gametype|singles\n|player|p1|Soul Dew Latias|#teamskymin|2415\n|player|p2|HaunterBoy28|#rbtt7teamhoopa|2539\n|teamsize|p1|6\n|teamsize|p2|6\n|gen|9\n|tier|[Gen 9] Random Battle\n|rated|\n|rule|Species Clause: Limit one of each Pok\u00e9mon\n|rule|HP Percentage Mod: HP is shown in percentages\n|rule|Sleep Clause Mod: Limit one foe put to sleep\n|rule|Illusion Level Mod: Illusion disguises the Pok\u00e9mon's true level\n|\n|t:|1722906816\n|start\n|switch|p1a: Ribombee|Ribombee, L82, M|233/233\n|switch|p2a: Mew|Mew, L82|298/298\n|turn|1\n|j| ash_won_kalos\n|\n|t:|1722906864\n|move|p1a: Ribombee|Sticky Web|p2a: Mew\n|-sidestart|p2: HaunterBoy28|move: Sticky Web\n|move|p2a: Mew|U-turn|p1a: Ribombee\n|-resisted|p1a: Ribombee\n|-damage|p1a: Ribombee|198/233\n|j| Referrals\n|\n|t:|1722906887\n|switch|p2a: Noctowl|Noctowl, L95, M|344/344|[from] U-turn\n|\n|upkeep\n|turn|2\n|\n|t:|1722906892\n|move|p1a: Ribombee|Stun Spore|p2a: Noctowl\n|-status|p2a: Noctowl|par\n|cant|p2a: Noctowl|par\n|\n|upkeep\n|turn|3\n|j| MDILL97\n|\n|t:|1722906910\n|switch|p1a: Diancie|Diancie, L82|216/216\n|move|p2a: Noctowl|Hurricane|p1a: Diancie\n|-resisted|p1a: Diancie\n|-damage|p1a: Diancie|120/216\n|-start|p1a: Diancie|confusion\n|\n|-heal|p1a: Diancie|133/216|[from] item: Leftovers\n|upkeep\n|turn|4\n|\n|t:|1722906921\n|switch|p2a: Mew|Mew, L82|298/298\n|-activate|p2a: Mew|move: Sticky Web\n|-unboost|p2a: Mew|spe|1\n|-activate|p1a: Diancie|confusion\n|move|p1a: Diancie|Diamond Storm|p2a: Mew\n|-damage|p2a: Mew|198/298\n|\n|-heal|p2a: Mew|216/298|[from] item: Leftovers\n|-heal|p1a: Diancie|146/216|[from] item: Leftovers\n|upkeep\n|turn|5\n|\n|t:|1722906927\n|switch|p1a: Overqwil|Overqwil, L82, M|274/274\n|-ability|p1a: Overqwil|Intimidate|boost\n|-unboost|p2a: Mew|atk|1\n|move|p2a: Mew|Psychic Noise|p1a: Overqwil\n|-immune|p1a: Overqwil\n|\n|-heal|p2a: Mew|234/298|[from] item: Leftovers\n|upkeep\n|turn|6\n|\n|t:|1722906943\n|move|p1a: Overqwil|Crunch|p2a: Mew\n|-supereffective|p2a: Mew\n|-damage|p2a: Mew|0 fnt\n|faint|p2a: Mew\n|\n|upkeep\n|\n|t:|1722906964\n|switch|p2a: Glalie|Glalie, L96, M|309/309\n|turn|7\n|\n|t:|1722906969\n|move|p2a: Glalie|Spikes|p1a: Overqwil\n|-sidestart|p1: Soul Dew Latias|Spikes\n|move|p1a: Overqwil|Crunch|p2a: Glalie\n|-damage|p2a: Glalie|174/309\n|-unboost|p2a: Glalie|def|1\n|\n|upkeep\n|turn|8\n|\n|t:|1722906975\n|move|p2a: Glalie|Earthquake|p1a: Overqwil\n|-supereffective|p1a: Overqwil\n|-damage|p1a: Overqwil|128/274\n|move|p1a: Overqwil|Crunch|p2a: Glalie\n|-damage|p2a: Glalie|0 fnt\n|faint|p2a: Glalie\n|\n|upkeep\n|\n|t:|1722906991\n|switch|p2a: Virizion|Virizion, L82|283/283\n|-activate|p2a: Virizion|move: Sticky Web\n|-unboost|p2a: Virizion|spe|1\n|turn|9\n|l| Referrals\n|\n|t:|1722906999\n|switch|p1a: Amoonguss|Amoonguss, L82, F|321/321\n|-damage|p1a: Amoonguss|281/321|[from] Spikes\n|move|p2a: Virizion|Swords Dance|p2a: Virizion\n|-boost|p2a: Virizion|atk|2\n|\n|upkeep\n|turn|10\n|\n|t:|1722907010\n|switch|p2a: Noctowl|Noctowl, L95, M|344/344 par\n|move|p1a: Amoonguss|Sludge Bomb|p2a: Noctowl\n|-damage|p2a: Noctowl|275/344 par\n|\n|upkeep\n|turn|11\n|\n|t:|1722907017\n|switch|p1a: Diancie|Diancie, L82|146/216\n|-damage|p1a: Diancie|119/216|[from] Spikes\n|cant|p2a: Noctowl|par\n|\n|-heal|p1a: Diancie|132/216|[from] item: Leftovers\n|upkeep\n|turn|12\n|\n|t:|1722907027\n|switch|p2a: Virizion|Virizion, L82|283/283\n|-activate|p2a: Virizion|move: Sticky Web\n|-unboost|p2a: Virizion|spe|1\n|move|p1a: Diancie|Diamond Storm|p2a: Virizion\n|-resisted|p2a: Virizion\n|-damage|p2a: Virizion|225/283\n|\n|-heal|p1a: Diancie|145/216|[from] item: Leftovers\n|upkeep\n|turn|13\n|\n|t:|1722907039\n|switch|p1a: Amoonguss|Amoonguss, L82, F|321/321\n|-damage|p1a: Amoonguss|281/321|[from] Spikes\n|move|p2a: Virizion|Swords Dance|p2a: Virizion\n|-boost|p2a: Virizion|atk|2\n|\n|upkeep\n|turn|14\n|\n|t:|1722907050\n|-terastallize|p2a: Virizion|Rock\n|move|p2a: Virizion|Stone Edge|p1a: Amoonguss|[miss]\n|-miss|p2a: Virizion|p1a: Amoonguss\n|move|p1a: Amoonguss|Sludge Bomb|p2a: Virizion\n|-resisted|p2a: Virizion\n|-damage|p2a: Virizion|195/283\n|-status|p2a: Virizion|psn\n|\n|-damage|p2a: Virizion|160/283 psn|[from] psn\n|upkeep\n|turn|15\n|\n|t:|1722907058\n|move|p2a: Virizion|Stone Edge|p1a: Amoonguss\n|-damage|p1a: Amoonguss|0 fnt\n|faint|p1a: Amoonguss\n|-damage|p2a: Virizion|132/283 psn|[from] item: Life Orb\n|\n|-damage|p2a: Virizion|97/283 psn|[from] psn\n|upkeep\n|\n|t:|1722907064\n|switch|p1a: Overqwil|Overqwil, L82, M|128/274\n|-damage|p1a: Overqwil|94/274|[from] Spikes\n|-ability|p1a: Overqwil|Intimidate|boost\n|-unboost|p2a: Virizion|atk|1\n|turn|16\n|\n|t:|1722907103\n|move|p1a: Overqwil|Crunch|p2a: Virizion\n|-damage|p2a: Virizion|0 fnt\n|faint|p2a: Virizion\n|\n|upkeep\n|\n|t:|1722907108\n|switch|p2a: Comfey|Comfey, L85, F|225/225\n|-activate|p2a: Comfey|move: Sticky Web\n|-unboost|p2a: Comfey|spe|1\n|turn|17\n|\n|t:|1722907112\n|switch|p1a: Lucario|Lucario, L84, F|255/255\n|-damage|p1a: Lucario|224/255|[from] Spikes\n|move|p2a: Comfey|Calm Mind|p2a: Comfey\n|-boost|p2a: Comfey|spa|1\n|-boost|p2a: Comfey|spd|1\n|\n|upkeep\n|turn|18\n|\n|t:|1722907133\n|switch|p2a: Ogerpon|Ogerpon, L80, F|259/259\n|-activate|p2a: Ogerpon|move: Sticky Web\n|-unboost|p2a: Ogerpon|spe|1\n|-ability|p2a: Ogerpon|Defiant|boost\n|-boost|p2a: Ogerpon|atk|2\n|move|p1a: Lucario|Meteor Mash|p2a: Ogerpon\n|-damage|p2a: Ogerpon|102/259\n|-damage|p1a: Lucario|199/255|[from] item: Life Orb\n|\n|upkeep\n|turn|19\n|\n|t:|1722907143\n|move|p1a: Lucario|Close Combat|p2a: Ogerpon\n|-damage|p2a: Ogerpon|0 fnt\n|-unboost|p1a: Lucario|def|1\n|-unboost|p1a: Lucario|spd|1\n|faint|p2a: Ogerpon\n|-damage|p1a: Lucario|174/255|[from] item: Life Orb\n|\n|upkeep\n|\n|t:|1722907151\n|switch|p2a: Noctowl|Noctowl, L95, M|275/344 par\n|turn|20\n|\n|t:|1722907155\n|move|p1a: Lucario|Close Combat|p2a: Noctowl\n|-damage|p2a: Noctowl|28/344 par\n|-unboost|p1a: Lucario|def|1\n|-unboost|p1a: Lucario|spd|1\n|-damage|p1a: Lucario|149/255|[from] item: Life Orb\n|move|p2a: Noctowl|Hyper Voice|p1a: Lucario\n|-resisted|p1a: Lucario\n|-damage|p1a: Lucario|0 fnt\n|faint|p1a: Lucario\n|\n|upkeep\n|\n|t:|1722907164\n|switch|p1a: Cinccino|Cinccino, L83, M|260/260\n|-damage|p1a: Cinccino|228/260|[from] Spikes\n|turn|21\n|\n|t:|1722907169\n|move|p1a: Cinccino|Tail Slap|p2a: Noctowl|[miss]\n|-miss|p1a: Cinccino|p2a: Noctowl\n|cant|p2a: Noctowl|par\n|\n|upkeep\n|turn|22\n|\n|t:|1722907179\n|move|p1a: Cinccino|Bullet Seed|p2a: Noctowl\n|-resisted|p2a: Noctowl\n|-damage|p2a: Noctowl|11/344 par\n|-resisted|p2a: Noctowl\n|-damage|p2a: Noctowl|0 fnt\n|faint|p2a: Noctowl\n|-hitcount|p2: Noctowl|2\n|\n|upkeep\n|\n|t:|1722907182\n|switch|p2a: Comfey|Comfey, L85, F|225/225\n|-activate|p2a: Comfey|move: Sticky Web\n|-unboost|p2a: Comfey|spe|1\n|turn|23\n|\n|t:|1722907193\n|-terastallize|p1a: Cinccino|Grass\n|move|p1a: Cinccino|Bullet Seed|p2a: Comfey\n|-damage|p2a: Comfey|186/225\n|-damage|p2a: Comfey|149/225\n|-damage|p2a: Comfey|115/225\n|-damage|p2a: Comfey|75/225\n|-hitcount|p2a: Comfey|4\n|move|p2a: Comfey|Calm Mind|p2a: Comfey\n|-boost|p2a: Comfey|spa|1\n|-boost|p2a: Comfey|spd|1\n|\n|-heal|p2a: Comfey|89/225|[from] item: Leftovers\n|upkeep\n|turn|24\n|\n|t:|1722907202\n|move|p2a: Comfey|Draining Kiss|p1a: Cinccino\n|-damage|p1a: Cinccino|138/260\n|-heal|p2a: Comfey|157/225|[from] drain|[of] p1a: Cinccino\n|move|p1a: Cinccino|Bullet Seed|p2a: Comfey\n|-damage|p2a: Comfey|121/225\n|-damage|p2a: Comfey|85/225\n|-damage|p2a: Comfey|48/225\n|-damage|p2a: Comfey|14/225\n|-hitcount|p2a: Comfey|4\n|\n|-heal|p2a: Comfey|28/225|[from] item: Leftovers\n|upkeep\n|turn|25\n|\n|t:|1722907207\n|move|p2a: Comfey|Draining Kiss|p1a: Cinccino\n|-damage|p1a: Cinccino|47/260\n|-heal|p2a: Comfey|96/225|[from] drain|[of] p1a: Cinccino\n|move|p1a: Cinccino|Bullet Seed|p2a: Comfey\n|-damage|p2a: Comfey|59/225\n|-crit|p2a: Comfey\n|-damage|p2a: Comfey|4/225\n|-damage|p2a: Comfey|0 fnt\n|faint|p2a: Comfey\n|-hitcount|p2: Comfey|3\n|\n|win|Soul Dew Latias\n|raw|Soul Dew Latias's rating: 2415 &rarr; <strong>2442</strong><br />(+27 for winning)\n|raw|HaunterBoy28's rating: 2539 &rarr; <strong>2512</strong><br />(-27 for losing)\n|l|\u2606HaunterBoy28\n|player|p2|\n|c|\u2606Soul Dew Latias|GG.\n", "inputlog": ">version 4360de0a8e68d59f2e365e61bed8c1683ebaca20\n>start {\"formatid\":\"gen9randombattle\",\"seed\":[34353,41007,22867,5145],\"rated\":\"Rated battle\"}\n>player p1 {\"name\":\"Soul Dew Latias\",\"avatar\":\"#teamskymin\",\"rating\":2415,\"seed\":[22574,28562,16987,16946]}\n>player p2 {\"name\":\"HaunterBoy28\",\"avatar\":\"#rbtt7teamhoopa\",\"rating\":2539,\"seed\":[19710,27442,60917,7352]}\n>p1 move stickyweb\n>p2 move uturn\n>p2 switch 2\n>p1 move stunspore\n>p2 move hurricane\n>p1 switch 5\n>p2 move hurricane\n>p1 move diamondstorm\n>p2 switch 2\n>p1 switch 4\n>p2 move psychicnoise\n>p1 move crunch\n>p2 move uturn\n>p2 switch 3\n>p1 move crunch\n>p2 move spikes\n>p1 move crunch\n>p2 move earthquake\n>p2 switch 5\n>p1 switch 2\n>p2 move swordsdance\n>p1 move sludgebomb\n>p2 switch 2\n>p1 switch 4\n>p2 move hurricane\n>p1 move diamondstorm\n>p2 switch 2\n>p1 switch 4\n>p2 move swordsdance\n>p1 move sludgebomb\n>p2 move stoneedge terastallize\n>p1 move gigadrain\n>p2 move stoneedge\n>p1 switch 2\n>p1 move crunch\n>p2 move leafblade\n>p2 switch 4\n>p1 switch 3\n>p2 move calmmind\n>p1 move meteormash\n>p2 switch 6\n>p1 move closecombat\n>p2 move ivycudgel\n>p2 switch 2\n>p1 move closecombat\n>p2 move hypervoice\n>p1 switch 6\n>p1 move tailslap\n>p2 move hypervoice\n>p1 move bulletseed\n>p2 move hypervoice\n>p2 switch 6\n>p1 move bulletseed terastallize\n>p2 move calmmind\n>p1 move bulletseed\n>p2 move drainingkiss\n>p1 move bulletseed\n>p2 move drainingkiss", "uploadtime": 1722907217, "views": 141, "formatid": "gen9randombattle", "rating": 2442, "private": 0, "password": null}