{"id": "gen9randombattle-2157903542", "format": "[Gen 9] Random Battle", "players": ["Vic_15", "14peter"], "log": "|j|\u2606Vic_15\n|j|\u260614peter\n|t:|1720538755\n|gametype|singles\n|player|p1|Vic_15|pryce|2291\n|player|p2|14peter|birdkeeper-gen4dp|2213\n|teamsize|p1|6\n|teamsize|p2|6\n|gen|9\n|tier|[Gen 9] Random Battle\n|rated|\n|rule|Species Clause: Limit one of each Pok\u00e9mon\n|rule|HP Percentage Mod: HP is shown in percentages\n|rule|Sleep Clause Mod: Limit one foe put to sleep\n|rule|Illusion Level Mod: Illusion disguises the Pok\u00e9mon's true level\n|\n|t:|1720538755\n|start\n|switch|p1a: Chi-Yu|Chi-Yu, L77|211/211\n|switch|p2a: Glastrier|Glastrier, L86|312/312\n|-ability|p1a: Chi-Yu|Beads of Ruin\n|turn|1\n|inactive|Battle timer is ON: inactive players will automatically lose when time's up. (requested by 14peter)\n|inactive|Vic_15 also wants the timer to be on.\n|inactive|14peter has 120 seconds left.\n|\n|t:|1720538786\n|switch|p2a: Scream Tail|Scream Tail, L84|330/330\n|move|p1a: Chi-Yu|Fire Blast|p2a: Scream Tail\n|-damage|p2a: Scream Tail|197/330\n|-status|p2a: Scream Tail|brn\n|\n|-heal|p2a: Scream Tail|217/330 brn|[from] item: Leftovers\n|-damage|p2a: Scream Tail|197/330 brn|[from] brn\n|upkeep\n|turn|2\n|\n|t:|1720538798\n|move|p2a: Scream Tail|Wish|p2a: Scream Tail\n|move|p1a: Chi-Yu|Fire Blast|p2a: Scream Tail\n|-damage|p2a: Scream Tail|70/330 brn\n|\n|-heal|p2a: Scream Tail|90/330 brn|[from] item: Leftovers\n|-damage|p2a: Scream Tail|70/330 brn|[from] brn\n|upkeep\n|turn|3\n|\n|t:|1720538816\n|switch|p1a: Decidueye|Decidueye, L88, F|281/281\n|move|p2a: Scream Tail|Dazzling Gleam|p1a: Decidueye\n|-damage|p1a: Decidueye|227/281\n|\n|-heal|p2a: Scream Tail|235/330 brn|[from] move: Wish|[wisher] Scream Tail\n|-heal|p2a: Scream Tail|255/330 brn|[from] item: Leftovers\n|-damage|p2a: Scream Tail|235/330 brn|[from] brn\n|upkeep\n|turn|4\n|inactive|14peter has 120 seconds left.\n|\n|t:|1720538851\n|-end|p2a: Scream Tail|Protosynthesis|[silent]\n|switch|p2a: Glastrier|Glastrier, L86|312/312\n|move|p1a: Decidueye|Leaf Storm|p2a: Glastrier\n|-damage|p2a: Glastrier|194/312\n|-unboost|p1a: Decidueye|spa|2\n|\n|upkeep\n|turn|5\n|inactive|14peter has 120 seconds left.\n|\n|t:|1720538867\n|move|p1a: Decidueye|U-turn|p2a: Glastrier\n|-damage|p2a: Glastrier|153/312\n|\n|t:|1720538871\n|switch|p1a: Chi-Yu|Chi-Yu, L77|211/211|[from] U-turn\n|-ability|p1a: Chi-Yu|Beads of Ruin\n|move|p2a: Glastrier|Close Combat|p1a: Chi-Yu\n|-supereffective|p1a: Chi-Yu\n|-damage|p1a: Chi-Yu|0 fnt\n|-unboost|p2a: Glastrier|def|1\n|-unboost|p2a: Glastrier|spd|1\n|faint|p1a: Chi-Yu\n|-ability|p2a: Glastrier|Chilling Neigh|boost\n|-boost|p2a: Glastrier|atk|1\n|\n|upkeep\n|\n|t:|1720538894\n|switch|p1a: Lumineon|Lumineon, L93, M|279/279\n|turn|6\n|\n|t:|1720538902\n|move|p1a: Lumineon|Hydro Pump|p2a: Glastrier|[miss]\n|-miss|p1a: Lumineon|p2a: Glastrier\n|move|p2a: Glastrier|Close Combat|p1a: Lumineon\n|-damage|p1a: Lumineon|97/279\n|-unboost|p2a: Glastrier|def|1\n|-unboost|p2a: Glastrier|spd|1\n|\n|upkeep\n|turn|7\n|inactive|14peter has 120 seconds left.\n|\n|t:|1720538924\n|switch|p2a: Golduck|Golduck, L90, M|290/290\n|-ability|p2a: Golduck|Cloud Nine\n|move|p1a: Lumineon|Hydro Pump|p2a: Golduck|[miss]\n|-miss|p1a: Lumineon|p2a: Golduck\n|\n|upkeep\n|turn|8\n|inactive|14peter has 120 seconds left.\n|\n|t:|1720538939\n|move|p1a: Lumineon|Alluring Voice|p2a: Golduck\n|-damage|p2a: Golduck|240/290\n|move|p2a: Golduck|Psyshock|p1a: Lumineon\n|-damage|p1a: Lumineon|10/279\n|-damage|p2a: Golduck|211/290|[from] item: Life Orb\n|\n|upkeep\n|turn|9\n|\n|t:|1720538946\n|move|p1a: Lumineon|Encore|p2a: Golduck\n|-start|p2a: Golduck|Encore\n|move|p2a: Golduck|Psyshock|p1a: Lumineon\n|-damage|p1a: Lumineon|0 fnt\n|faint|p1a: Lumineon\n|-damage|p2a: Golduck|182/290|[from] item: Life Orb\n|\n|upkeep\n|\n|t:|1720538956\n|switch|p1a: Meganium|Meganium, L90, M|290/290\n|turn|10\n|\n|t:|1720538966\n|switch|p2a: Scream Tail|Scream Tail, L84|235/330 brn\n|move|p1a: Meganium|Swords Dance|p1a: Meganium\n|-boost|p1a: Meganium|atk|2\n|\n|-heal|p2a: Scream Tail|255/330 brn|[from] item: Leftovers\n|-damage|p2a: Scream Tail|235/330 brn|[from] brn\n|upkeep\n|turn|11\n|\n|t:|1720538975\n|move|p2a: Scream Tail|Encore|p1a: Meganium\n|-start|p1a: Meganium|Encore\n|move|p1a: Meganium|Swords Dance|p1a: Meganium\n|-boost|p1a: Meganium|atk|2\n|\n|-heal|p2a: Scream Tail|255/330 brn|[from] item: Leftovers\n|-damage|p2a: Scream Tail|235/330 brn|[from] brn\n|upkeep\n|turn|12\n|-message|Vic_15 forfeited.\n|\n|win|14peter\n|raw|Vic_15's rating: 2291 &rarr; <strong>2267</strong><br />(-24 for losing)\n|raw|14peter's rating: 2213 &rarr; <strong>2237</strong><br />(+24 for winning)\n|l|\u2606Vic_15\n|player|p1|\n", "inputlog": ">version 708131a49d80c5074b5d7130220aa0cc60fe6fba\n>start {\"formatid\":\"gen9randombattle\",\"seed\":[61159,54986,28055,42553],\"rated\":\"Rated battle\"}\n>player p1 {\"name\":\"Vic_15\",\"avatar\":\"pryce\",\"rating\":2291,\"seed\":[21427,10566,42833,9844]}\n>player p2 {\"name\":\"14peter\",\"avatar\":\"birdkeeper-gen4dp\",\"rating\":2213,\"seed\":[26569,61873,60273,15563]}\n>p1 move fireblast\n>p2 switch 5\n>p1 move fireblast\n>p2 move wish\n>p1 switch 4\n>p2 move dazzlinggleam\n>p1 move leafstorm\n>p2 switch 5\n>p1 move uturn\n>p2 move closecombat\n>p1 switch 4\n>p1 switch 2\n>p1 move hydropump\n>p2 move closecombat\n>p1 move hydropump\n>p2 switch 2\n>p1 move alluringvoice\n>p2 move psyshock\n>p1 move encore\n>p2 move psyshock\n>p1 switch 6\n>p1 move swordsdance\n>p2 switch 5\n>p1 move petalblizzard\n>p2 move encore\n>forcelose p1", "uploadtime": 1720538992, "views": 158, "formatid": "gen9randombattle", "rating": 2237, "private": 0, "password": null}