{"id": "gen9randombattle-2125103403", "format": "[Gen 9] Random Battle", "players": ["fespy", "MichaelderBeste2"], "log": "|badge|p1|silver|gen9randombattle|30-1\n|uhtml|medal-msg|<div class=\"broadcast-blue\">Curious what those medals under the avatar are? PS now has Ladder Seasons! For more information, check out the <a href=\"https://www.smogon.com/forums/threads/3740067/\">thread on Smogon.</a></div>\n|badge|p2|gold|gen9randombattle|3-1\n|uhtml|medal-msg|<div class=\"broadcast-blue\">Curious what those medals under the avatar are? PS now has Ladder Seasons! For more information, check out the <a href=\"https://www.smogon.com/forums/threads/3740067/\">thread on Smogon.</a></div>\n|j|\u2606fespy\n|j|\u2606MichaelderBeste2\n|t:|1715978644\n|gametype|singles\n|player|p1|fespy|#dwcopiii|2385\n|player|p2|MichaelderBeste2|#wcop2021germany|2467\n|teamsize|p1|6\n|teamsize|p2|6\n|gen|9\n|tier|[Gen 9] Random Battle\n|rated|\n|rule|Species Clause: Limit one of each Pok\u00e9mon\n|rule|HP Percentage Mod: HP is shown in percentages\n|rule|Sleep Clause Mod: Limit one foe put to sleep\n|rule|Illusion Level Mod: Illusion disguises the Pok\u00e9mon's true level\n|\n|t:|1715978644\n|start\n|switch|p1a: Frosmoth|Frosmoth, L82, F|249/249\n|switch|p2a: Venusaur|Venusaur, L84, F|272/272\n|turn|1\n|inactive|Battle timer is ON: inactive players will automatically lose when time's up. (requested by fespy)\n|c|\u2606fespy|glhf\n|c|\u2606fespy|big fan, love the new yt series\n|c|\u2606fespy|hope you keep it going\n|j| eragon\n|c| eragon|no way\n|c|\u2606MichaelderBeste2|Thank you, I appreciate it\n|inactive|MichaelderBeste2 has 120 seconds left.\n|c|\u2606MichaelderBeste2|why am I surrounded by dubs goats\n|c|\u2606MichaelderBeste2|:o\n|c|\u2606MichaelderBeste2|hf\n|\n|t:|1715978703\n|move|p2a: Venusaur|Sleep Powder|p1a: Frosmoth\n|-status|p1a: Frosmoth|slp|[from] move: Sleep Powder\n|cant|p1a: Frosmoth|slp\n|\n|upkeep\n|turn|2\n|\n|t:|1715978707\n|switch|p2a: Gumshoos|Gumshoos, L95, F|321/321\n|cant|p1a: Frosmoth|slp\n|\n|upkeep\n|turn|3\n|c| eragon|bro said like that he's not one too\n|c|\u2606fespy|^\n|inactive|fespy has 120 seconds left.\n|inactive|fespy has 90 seconds left.\n|j| RelicanthPrimal<><\n|\n|t:|1715978785\n|switch|p1a: Lanturn|Lanturn, L89, F|367/367\n|move|p2a: Gumshoos|U-turn|p1a: Lanturn\n|-damage|p1a: Lanturn|94/367\n|inactive|MichaelderBeste2 has 120 seconds left.\n|j| Naneun Naega\n|c|\u2606fespy|you should come play in some dubs tournaments btw\n|c|\u2606fespy|would be fun\n|c|\u2606MichaelderBeste2|there is just osdt no\n|inactive|MichaelderBeste2 has 90 seconds left.\n|c|\u2606fespy|doubles world cup, doubles premier league, doubles derby (signups open) for team tours\n|c|\u2606fespy|lots of indi tours\n|c|\u2606fespy|but yeah just osdt for trophy\n|c|\u2606MichaelderBeste2|oh I see\n|\n|t:|1715978875\n|switch|p2a: Mandibuzz|Mandibuzz, L84, F|322/322|[from] U-turn\n|\n|upkeep\n|turn|4\n|j| CutePokesOnly\n|inactive|fespy has 60 seconds left.\n|\n|t:|1715978909\n|switch|p1a: Dudunsparce|Dudunsparce, L82, F|339/339\n|move|p2a: Mandibuzz|Knock Off|p1a: Dudunsparce\n|-damage|p1a: Dudunsparce|261/339\n|-enditem|p1a: Dudunsparce|Leftovers|[from] move: Knock Off|[of] p2a: Mandibuzz\n|\n|upkeep\n|turn|5\n|\n|t:|1715978927\n|switch|p2a: Venusaur|Venusaur, L84, F|272/272\n|move|p1a: Dudunsparce|Glare|p2a: Venusaur\n|-status|p2a: Venusaur|par\n|\n|upkeep\n|turn|6\n|\n|t:|1715978937\n|move|p1a: Dudunsparce|Headbutt|p2a: Venusaur\n|-damage|p2a: Venusaur|194/272 par\n|move|p2a: Venusaur|Sludge Bomb|p1a: Dudunsparce\n|-damage|p1a: Dudunsparce|146/339\n|\n|-heal|p2a: Venusaur|211/272 par|[from] item: Leftovers\n|upkeep\n|turn|7\n|inactive|MichaelderBeste2 has 60 seconds left.\n|\n|t:|1715978972\n|move|p1a: Dudunsparce|Roost|p1a: Dudunsparce\n|-heal|p1a: Dudunsparce|316/339\n|-singleturn|p1a: Dudunsparce|move: Roost\n|move|p2a: Venusaur|Sludge Bomb|p1a: Dudunsparce\n|-damage|p1a: Dudunsparce|207/339\n|-status|p1a: Dudunsparce|psn\n|\n|-heal|p2a: Venusaur|228/272 par|[from] item: Leftovers\n|-damage|p1a: Dudunsparce|165/339 psn|[from] psn\n|upkeep\n|turn|8\n|inactive|MichaelderBeste2 has 60 seconds left.\n|\n|t:|1715978981\n|move|p1a: Dudunsparce|Roost|p1a: Dudunsparce\n|-heal|p1a: Dudunsparce|335/339 psn\n|-singleturn|p1a: Dudunsparce|move: Roost\n|move|p2a: Venusaur|Sludge Bomb|p1a: Dudunsparce\n|-crit|p1a: Dudunsparce\n|-damage|p1a: Dudunsparce|157/339 psn\n|\n|-heal|p2a: Venusaur|245/272 par|[from] item: Leftovers\n|-damage|p1a: Dudunsparce|115/339 psn|[from] psn\n|upkeep\n|turn|9\n|j| Daepiquejt\n|\n|t:|1715978986\n|move|p1a: Dudunsparce|Roost|p1a: Dudunsparce\n|-heal|p1a: Dudunsparce|285/339 psn\n|-singleturn|p1a: Dudunsparce|move: Roost\n|move|p2a: Venusaur|Sludge Bomb|p1a: Dudunsparce\n|-damage|p1a: Dudunsparce|179/339 psn\n|\n|-heal|p2a: Venusaur|262/272 par|[from] item: Leftovers\n|-damage|p1a: Dudunsparce|137/339 psn|[from] psn\n|upkeep\n|turn|10\n|inactive|MichaelderBeste2 has 60 seconds left.\n|\n|t:|1715979006\n|move|p1a: Dudunsparce|Roost|p1a: Dudunsparce\n|-heal|p1a: Dudunsparce|307/339 psn\n|-singleturn|p1a: Dudunsparce|move: Roost\n|move|p2a: Venusaur|Sludge Bomb|p1a: Dudunsparce\n|-damage|p1a: Dudunsparce|201/339 psn\n|\n|-heal|p2a: Venusaur|272/272 par|[from] item: Leftovers\n|-damage|p1a: Dudunsparce|159/339 psn|[from] psn\n|upkeep\n|turn|11\n|\n|t:|1715979011\n|move|p1a: Dudunsparce|Roost|p1a: Dudunsparce\n|-heal|p1a: Dudunsparce|329/339 psn\n|-singleturn|p1a: Dudunsparce|move: Roost\n|move|p2a: Venusaur|Sludge Bomb|p1a: Dudunsparce\n|-damage|p1a: Dudunsparce|209/339 psn\n|\n|-damage|p1a: Dudunsparce|167/339 psn|[from] psn\n|upkeep\n|turn|12\n|\n|t:|1715979013\n|move|p1a: Dudunsparce|Roost|p1a: Dudunsparce\n|-heal|p1a: Dudunsparce|337/339 psn\n|-singleturn|p1a: Dudunsparce|move: Roost\n|move|p2a: Venusaur|Sludge Bomb|p1a: Dudunsparce\n|-damage|p1a: Dudunsparce|228/339 psn\n|\n|-damage|p1a: Dudunsparce|186/339 psn|[from] psn\n|upkeep\n|turn|13\n|\n|t:|1715979018\n|switch|p1a: Frosmoth|Frosmoth, L82, F|249/249 slp\n|move|p2a: Venusaur|Sludge Bomb|p1a: Frosmoth\n|-damage|p1a: Frosmoth|201/249 slp\n|\n|upkeep\n|turn|14\n|\n|t:|1715979022\n|switch|p2a: Gumshoos|Gumshoos, L95, F|321/321\n|cant|p1a: Frosmoth|slp\n|\n|upkeep\n|turn|15\n|\n|t:|1715979026\n|switch|p1a: Dudunsparce|Dudunsparce, L82, F|186/339 psn\n|move|p2a: Gumshoos|U-turn|p1a: Dudunsparce\n|-damage|p1a: Dudunsparce|0 fnt\n|faint|p1a: Dudunsparce\n|\n|t:|1715979031\n|switch|p2a: Mandibuzz|Mandibuzz, L84, F|322/322|[from] U-turn\n|\n|upkeep\n|l| Daepiquejt\n|c|\u2606fespy|wish I could give you a better game\n|c|\u2606fespy|those three solo me\n|c|\u2606MichaelderBeste2|well\n|inactive|fespy has 120 seconds left.\n|c|\u2606MichaelderBeste2|the sleep turns\n|\n|t:|1715979065\n|switch|p1a: Kricketune|Kricketune, L99, F|312/312\n|turn|16\n|c|\u2606MichaelderBeste2|and venu turns\n|c|\u2606MichaelderBeste2|were quite lucky\n|c|\u2606fespy|that too\n|inactive|MichaelderBeste2 has 120 seconds left.\n|\n|t:|1715979074\n|move|p1a: Kricketune|Sticky Web|p2a: Mandibuzz\n|-sidestart|p2: MichaelderBeste2|move: Sticky Web\n|move|p2a: Mandibuzz|Brave Bird|p1a: Kricketune\n|-supereffective|p1a: Kricketune\n|-damage|p1a: Kricketune|54/312\n|-damage|p2a: Mandibuzz|237/322|[from] Recoil\n|\n|upkeep\n|turn|17\n|\n|t:|1715979082\n|move|p1a: Kricketune|Taunt|p2a: Mandibuzz\n|-start|p2a: Mandibuzz|move: Taunt\n|cant|p2a: Mandibuzz|move: Taunt|Roost\n|\n|upkeep\n|turn|18\n|\n|t:|1715979088\n|switch|p2a: Zamazenta|Zamazenta, L72|251/251\n|-activate|p2a: Zamazenta|move: Sticky Web\n|-unboost|p2a: Zamazenta|spe|1\n|-ability|p2a: Zamazenta|Dauntless Shield|boost\n|-boost|p2a: Zamazenta|def|1\n|move|p1a: Kricketune|Pounce|p2a: Zamazenta\n|-resisted|p2a: Zamazenta\n|-damage|p2a: Zamazenta|221/251\n|-unboost|p2a: Zamazenta|spe|1\n|\n|upkeep\n|turn|19\n|\n|t:|1715979107\n|switch|p1a: Deoxys|Deoxys-Defense, L86|226/226\n|-ability|p1a: Deoxys|Pressure\n|move|p2a: Zamazenta|Crunch|p1a: Deoxys\n|-supereffective|p1a: Deoxys\n|-damage|p1a: Deoxys|130/226\n|\n|-heal|p1a: Deoxys|144/226|[from] item: Leftovers\n|upkeep\n|turn|20\n|\n|t:|1715979113\n|switch|p2a: Milotic|Milotic, L83, F|293/293\n|-activate|p2a: Milotic|move: Sticky Web\n|-unboost|p2a: Milotic|spe|1\n|-ability|p2a: Milotic|Competitive|boost\n|-boost|p2a: Milotic|spa|2\n|move|p1a: Deoxys|Cosmic Power|p1a: Deoxys\n|-boost|p1a: Deoxys|def|1\n|-boost|p1a: Deoxys|spd|1\n|\n|-heal|p1a: Deoxys|158/226|[from] item: Leftovers\n|upkeep\n|turn|21\n|c|\u2606fespy|and then there's that\n|c|\u2606fespy|lol\n|\n|t:|1715979132\n|move|p1a: Deoxys|Night Shade|p2a: Milotic\n|-damage|p2a: Milotic|207/293\n|move|p2a: Milotic|Scald|p1a: Deoxys\n|-damage|p1a: Deoxys|86/226\n|-status|p1a: Deoxys|brn\n|\n|-heal|p1a: Deoxys|100/226 brn|[from] item: Leftovers\n|-heal|p2a: Milotic|225/293|[from] item: Leftovers\n|-damage|p1a: Deoxys|86/226 brn|[from] brn\n|upkeep\n|turn|22\n|j| nocomment3\n|\n|t:|1715979137\n|move|p1a: Deoxys|Cosmic Power|p1a: Deoxys\n|-boost|p1a: Deoxys|def|1\n|-boost|p1a: Deoxys|spd|1\n|move|p2a: Milotic|Scald|p1a: Deoxys\n|-damage|p1a: Deoxys|32/226 brn\n|\n|-heal|p1a: Deoxys|46/226 brn|[from] item: Leftovers\n|-heal|p2a: Milotic|243/293|[from] item: Leftovers\n|-damage|p1a: Deoxys|32/226 brn|[from] brn\n|upkeep\n|turn|23\n|l| eragon\n|\n|t:|1715979140\n|move|p1a: Deoxys|Recover|p1a: Deoxys\n|-heal|p1a: Deoxys|145/226 brn\n|move|p2a: Milotic|Dragon Tail|p1a: Deoxys\n|-damage|p1a: Deoxys|135/226 brn\n|drag|p1a: Kricketune|Kricketune, L99, F|54/312\n|\n|-heal|p2a: Milotic|261/293|[from] item: Leftovers\n|upkeep\n|turn|24\n|\n|t:|1715979146\n|move|p1a: Kricketune|Knock Off|p2a: Milotic\n|-damage|p2a: Milotic|169/293\n|-enditem|p2a: Milotic|Leftovers|[from] move: Knock Off|[of] p1a: Kricketune\n|move|p2a: Milotic|Scald|p1a: Kricketune\n|-damage|p1a: Kricketune|0 fnt\n|faint|p1a: Kricketune\n|\n|upkeep\n|\n|t:|1715979156\n|switch|p1a: Lanturn|Lanturn, L89, F|94/367\n|turn|25\n|\n|t:|1715979160\n|move|p1a: Lanturn|Thunder Wave|p2a: Milotic\n|-status|p2a: Milotic|par\n|move|p2a: Milotic|Scald|p1a: Lanturn\n|-resisted|p1a: Lanturn\n|-damage|p1a: Lanturn|2/367\n|\n|upkeep\n|turn|26\n|\n|t:|1715979168\n|switch|p2a: Venusaur|Venusaur, L84, F|272/272 par\n|-activate|p2a: Venusaur|move: Sticky Web\n|-unboost|p2a: Venusaur|spe|1\n|move|p1a: Lanturn|Thunderbolt|p2a: Venusaur\n|-resisted|p2a: Venusaur\n|-damage|p2a: Venusaur|235/272 par\n|\n|-heal|p2a: Venusaur|252/272 par|[from] item: Leftovers\n|upkeep\n|turn|27\n|\n|t:|1715979181\n|switch|p1a: Deoxys|Deoxys-Defense, L86|135/226 brn\n|-ability|p1a: Deoxys|Pressure\n|move|p2a: Venusaur|Sludge Bomb|p1a: Deoxys\n|-damage|p1a: Deoxys|74/226 brn\n|\n|-heal|p1a: Deoxys|88/226 brn|[from] item: Leftovers\n|-heal|p2a: Venusaur|269/272 par|[from] item: Leftovers\n|-damage|p1a: Deoxys|74/226 brn|[from] brn\n|upkeep\n|turn|28\n|\n|t:|1715979186\n|switch|p2a: Mandibuzz|Mandibuzz, L84, F|237/322\n|move|p1a: Deoxys|Recover|p1a: Deoxys\n|-heal|p1a: Deoxys|187/226 brn\n|\n|-heal|p1a: Deoxys|201/226 brn|[from] item: Leftovers\n|-damage|p1a: Deoxys|187/226 brn|[from] brn\n|upkeep\n|turn|29\n|l| RelicanthPrimal<><\n|\n|t:|1715979193\n|move|p1a: Deoxys|Cosmic Power|p1a: Deoxys\n|-boost|p1a: Deoxys|def|1\n|-boost|p1a: Deoxys|spd|1\n|move|p2a: Mandibuzz|Defog|p1a: Deoxys\n|-unboost|p1a: Deoxys|evasion|1\n|-sideend|p2: MichaelderBeste2|Sticky Web|[from] move: Defog|[of] p2a: Mandibuzz\n|\n|-heal|p1a: Deoxys|201/226 brn|[from] item: Leftovers\n|-damage|p1a: Deoxys|187/226 brn|[from] brn\n|upkeep\n|turn|30\n|\n|t:|1715979197\n|move|p1a: Deoxys|Night Shade|p2a: Mandibuzz\n|-damage|p2a: Mandibuzz|151/322\n|move|p2a: Mandibuzz|Knock Off|p1a: Deoxys\n|-supereffective|p1a: Deoxys\n|-damage|p1a: Deoxys|121/226 brn\n|-enditem|p1a: Deoxys|Leftovers|[from] move: Knock Off|[of] p2a: Mandibuzz\n|\n|-damage|p1a: Deoxys|107/226 brn|[from] brn\n|upkeep\n|turn|31\n|\n|t:|1715979201\n|move|p1a: Deoxys|Recover|p1a: Deoxys\n|-heal|p1a: Deoxys|220/226 brn\n|move|p2a: Mandibuzz|Roost|p2a: Mandibuzz\n|-heal|p2a: Mandibuzz|312/322\n|-singleturn|p2a: Mandibuzz|move: Roost\n|\n|-damage|p1a: Deoxys|206/226 brn|[from] brn\n|upkeep\n|turn|32\n|\n|t:|1715979204\n|move|p1a: Deoxys|Night Shade|p2a: Mandibuzz\n|-damage|p2a: Mandibuzz|226/322\n|move|p2a: Mandibuzz|Knock Off|p1a: Deoxys\n|-supereffective|p1a: Deoxys\n|-damage|p1a: Deoxys|164/226 brn\n|\n|-damage|p1a: Deoxys|150/226 brn|[from] brn\n|upkeep\n|turn|33\n|\n|t:|1715979208\n|move|p1a: Deoxys|Night Shade|p2a: Mandibuzz\n|-damage|p2a: Mandibuzz|140/322\n|move|p2a: Mandibuzz|Knock Off|p1a: Deoxys\n|-supereffective|p1a: Deoxys\n|-damage|p1a: Deoxys|102/226 brn\n|\n|-damage|p1a: Deoxys|88/226 brn|[from] brn\n|upkeep\n|turn|34\n|\n|t:|1715979211\n|move|p1a: Deoxys|Cosmic Power|p1a: Deoxys\n|-boost|p1a: Deoxys|def|1\n|-boost|p1a: Deoxys|spd|1\n|move|p2a: Mandibuzz|Roost|p2a: Mandibuzz\n|-heal|p2a: Mandibuzz|301/322\n|-singleturn|p2a: Mandibuzz|move: Roost\n|\n|-damage|p1a: Deoxys|74/226 brn|[from] brn\n|upkeep\n|turn|35\n|\n|t:|1715979215\n|switch|p2a: Gumshoos|Gumshoos, L95, F|321/321\n|move|p1a: Deoxys|Recover|p1a: Deoxys\n|-heal|p1a: Deoxys|187/226 brn\n|\n|-damage|p1a: Deoxys|173/226 brn|[from] brn\n|upkeep\n|turn|36\n|\n|t:|1715979227\n|move|p1a: Deoxys|Cosmic Power|p1a: Deoxys\n|-boost|p1a: Deoxys|def|1\n|-boost|p1a: Deoxys|spd|1\n|move|p2a: Gumshoos|U-turn|p1a: Deoxys\n|-supereffective|p1a: Deoxys\n|-damage|p1a: Deoxys|117/226 brn\n|inactive|MichaelderBeste2 has 120 seconds left.\n|\n|t:|1715979280\n|switch|p2a: Venusaur|Venusaur, L84, F|269/272 par|[from] U-turn\n|\n|-heal|p2a: Venusaur|272/272 par|[from] item: Leftovers\n|-damage|p1a: Deoxys|103/226 brn|[from] brn\n|upkeep\n|turn|37\n|\n|t:|1715979285\n|switch|p2a: Gumshoos|Gumshoos, L95, F|321/321\n|move|p1a: Deoxys|Night Shade|p2a: Gumshoos\n|-immune|p2a: Gumshoos\n|\n|-damage|p1a: Deoxys|89/226 brn|[from] brn\n|upkeep\n|turn|38\n|j| eragon\n|\n|t:|1715979292\n|move|p1a: Deoxys|Recover|p1a: Deoxys\n|-heal|p1a: Deoxys|202/226 brn\n|move|p2a: Gumshoos|U-turn|p1a: Deoxys\n|-supereffective|p1a: Deoxys\n|-damage|p1a: Deoxys|150/226 brn\n|\n|t:|1715979296\n|switch|p2a: Milotic|Milotic, L83, F|169/293 par|[from] U-turn\n|\n|-damage|p1a: Deoxys|136/226 brn|[from] brn\n|upkeep\n|turn|39\n|\n|t:|1715979300\n|switch|p1a: Iron Jugulis|Iron Jugulis, L78|275/275\n|move|p2a: Milotic|Recover|p2a: Milotic\n|-heal|p2a: Milotic|293/293 par\n|\n|upkeep\n|turn|40\n|\n|t:|1715979305\n|move|p1a: Iron Jugulis|Dark Pulse|p2a: Milotic\n|-damage|p2a: Milotic|221/293 par\n|cant|p2a: Milotic|flinch\n|\n|upkeep\n|turn|41\n|\n|t:|1715979310\n|move|p1a: Iron Jugulis|Dark Pulse|p2a: Milotic\n|-damage|p2a: Milotic|149/293 par\n|cant|p2a: Milotic|par\n|\n|upkeep\n|turn|42\n|\n|t:|1715979313\n|move|p1a: Iron Jugulis|Dark Pulse|p2a: Milotic\n|-damage|p2a: Milotic|77/293 par\n|move|p2a: Milotic|Recover|p2a: Milotic\n|-heal|p2a: Milotic|224/293 par\n|\n|upkeep\n|turn|43\n|\n|t:|1715979315\n|move|p1a: Iron Jugulis|Dark Pulse|p2a: Milotic\n|-damage|p2a: Milotic|160/293 par\n|move|p2a: Milotic|Recover|p2a: Milotic\n|-heal|p2a: Milotic|293/293 par\n|\n|upkeep\n|turn|44\n|\n|t:|1715979317\n|move|p1a: Iron Jugulis|Dark Pulse|p2a: Milotic\n|-damage|p2a: Milotic|221/293 par\n|move|p2a: Milotic|Ice Beam|p1a: Iron Jugulis\n|-supereffective|p1a: Iron Jugulis\n|-damage|p1a: Iron Jugulis|137/275\n|\n|upkeep\n|turn|45\n|\n|t:|1715979320\n|move|p1a: Iron Jugulis|Dark Pulse|p2a: Milotic\n|-damage|p2a: Milotic|154/293 par\n|move|p2a: Milotic|Recover|p2a: Milotic\n|-heal|p2a: Milotic|293/293 par\n|\n|upkeep\n|turn|46\n|\n|t:|1715979322\n|switch|p2a: Mandibuzz|Mandibuzz, L84, F|301/322\n|move|p1a: Iron Jugulis|Dark Pulse|p2a: Mandibuzz\n|-resisted|p2a: Mandibuzz\n|-damage|p2a: Mandibuzz|259/322\n|\n|upkeep\n|turn|47\n|\n|t:|1715979325\n|-end|p1a: Iron Jugulis|Quark Drive|[silent]\n|switch|p1a: Deoxys|Deoxys-Defense, L86|136/226 brn\n|-ability|p1a: Deoxys|Pressure\n|move|p2a: Mandibuzz|Brave Bird|p1a: Deoxys\n|-damage|p1a: Deoxys|84/226 brn\n|-damage|p2a: Mandibuzz|242/322|[from] Recoil\n|\n|-damage|p1a: Deoxys|70/226 brn|[from] brn\n|upkeep\n|turn|48\n|\n|t:|1715979331\n|switch|p1a: Iron Jugulis|Iron Jugulis, L78|137/275\n|move|p2a: Mandibuzz|Knock Off|p1a: Iron Jugulis\n|-resisted|p1a: Iron Jugulis\n|-damage|p1a: Iron Jugulis|99/275\n|-enditem|p1a: Iron Jugulis|Choice Scarf|[from] move: Knock Off|[of] p2a: Mandibuzz\n|\n|upkeep\n|turn|49\n|\n|t:|1715979336\n|move|p1a: Iron Jugulis|Hurricane|p2a: Mandibuzz\n|-damage|p2a: Mandibuzz|133/322\n|move|p2a: Mandibuzz|Brave Bird|p1a: Iron Jugulis\n|-damage|p1a: Iron Jugulis|0 fnt\n|faint|p1a: Iron Jugulis\n|-end|p1a: Iron Jugulis|Quark Drive|[silent]\n|-damage|p2a: Mandibuzz|100/322|[from] Recoil\n|\n|upkeep\n|\n|t:|1715979341\n|switch|p1a: Frosmoth|Frosmoth, L82, F|201/249 slp\n|turn|50\n|\n|t:|1715979344\n|-terastallize|p1a: Frosmoth|Water\n|move|p2a: Mandibuzz|Brave Bird|p1a: Frosmoth\n|-damage|p1a: Frosmoth|69/249 slp\n|-damage|p2a: Mandibuzz|56/322|[from] Recoil\n|-curestatus|p1a: Frosmoth|slp|[msg]\n|move|p1a: Frosmoth|Quiver Dance|p1a: Frosmoth\n|-boost|p1a: Frosmoth|spa|1\n|-boost|p1a: Frosmoth|spd|1\n|-boost|p1a: Frosmoth|spe|1\n|\n|upkeep\n|turn|51\n|\n|t:|1715979353\n|move|p1a: Frosmoth|Bug Buzz|p2a: Mandibuzz\n|-damage|p2a: Mandibuzz|0 fnt\n|faint|p2a: Mandibuzz\n|\n|upkeep\n|\n|t:|1715979356\n|switch|p2a: Zamazenta|Zamazenta, L72|221/251\n|turn|52\n|\n|t:|1715979360\n|move|p2a: Zamazenta|Crunch|p1a: Frosmoth\n|-damage|p1a: Frosmoth|0 fnt\n|faint|p1a: Frosmoth\n|\n|upkeep\n|c|\u2606fespy|gg\n|c|\u2606MichaelderBeste2|gg\n|l| CutePokesOnly\n|c|\u2606fespy|wish it could have been more interesting\n|c|\u2606fespy|gl with yt series\n|c|\u2606MichaelderBeste2|fair\n|c|\u2606fespy|hope to see you around\n|c|\u2606MichaelderBeste2|ty\n|-message|fespy forfeited.\n|\n|win|MichaelderBeste2\n|raw|fespy's rating: 2385 &rarr; <strong>2370</strong><br />(-15 for losing)\n|raw|MichaelderBeste2's rating: 2467 &rarr; <strong>2482</strong><br />(+15 for winning)\n|c|\u2606MichaelderBeste2|see ya\n|l|\u2606MichaelderBeste2\n|player|p2|\n|l| eragon\n", "inputlog": ">version 84e3ba26151cd6b8d001fd45312f3051a699fbd4\n>start {\"formatid\":\"gen9randombattle\",\"seed\":[7516,65129,57422,719],\"rated\":\"Rated battle\"}\n>player p1 {\"name\":\"fespy\",\"avatar\":\"#dwcopiii\",\"rating\":2385,\"seed\":[50979,15825,22070,9465]}\n>player p2 {\"name\":\"MichaelderBeste2\",\"avatar\":\"#wcop2021germany\",\"rating\":2467,\"seed\":[10372,41112,37055,9367]}\n>chat \u2606fespy|glhf\n>chat \u2606fespy|big fan, love the new yt series\n>chat \u2606fespy|hope you keep it going\n>chat  eragon|no way\n>chat \u2606MichaelderBeste2|Thank you, I appreciate it\n>chat \u2606MichaelderBeste2|why am I surrounded by dubs goats\n>chat \u2606MichaelderBeste2|:o\n>chat \u2606MichaelderBeste2|hf\n>p1 move quiverdance\n>p2 move sleeppowder\n>p1 move quiverdance\n>p2 switch 4\n>chat  eragon|bro said like that he's not one too\n>chat \u2606fespy|^\n>p1 switch 3\n>p2 move uturn\n>chat \u2606fespy|you should come play in some dubs tournaments btw\n>chat \u2606fespy|would be fun\n>chat \u2606MichaelderBeste2|there is just osdt no\n>chat \u2606fespy|doubles world cup, doubles premier league, doubles derby (signups open) for team tours\n>chat \u2606fespy|lots of indi tours\n>chat \u2606fespy|but yeah just osdt for trophy\n>chat \u2606MichaelderBeste2|oh I see\n>p2 switch 2\n>p1 switch 6\n>p2 move knockoff\n>p1 move glare\n>p2 switch 4\n>p1 move headbutt\n>p2 move sludgebomb\n>p1 move roost\n>p2 move sludgebomb\n>p1 move roost\n>p2 move sludgebomb\n>p1 move roost\n>p2 move sludgebomb\n>p1 move roost\n>p2 move sludgebomb\n>p1 move roost\n>p2 move sludgebomb\n>p1 move roost\n>p2 move sludgebomb\n>p1 switch 3\n>p2 move sludgebomb\n>p1 move icebeam\n>p2 switch 2\n>p1 switch 3\n>p2 move uturn\n>p2 switch 4\n>chat \u2606fespy|wish I could give you a better game\n>chat \u2606fespy|those three solo me\n>chat \u2606MichaelderBeste2|well\n>chat \u2606MichaelderBeste2|the sleep turns\n>p1 switch 5\n>chat \u2606MichaelderBeste2|and venu turns\n>chat \u2606MichaelderBeste2|were quite lucky\n>chat \u2606fespy|that too\n>p1 move stickyweb\n>p2 move bravebird\n>p1 move taunt\n>p2 move roost\n>p1 move pounce\n>p2 switch 5\n>p1 switch 4\n>p2 move crunch\n>p1 move cosmicpower\n>p2 switch 6\n>chat \u2606fespy|and then there's that\n>chat \u2606fespy|lol\n>p1 move nightshade\n>p2 move scald\n>p1 move cosmicpower\n>p2 move scald\n>p1 move recover\n>p2 move dragontail\n>p1 move knockoff\n>p2 move scald\n>p1 switch 6\n>p1 move thunderwave\n>p2 move scald\n>p1 move thunderbolt\n>p2 switch 2\n>p1 switch 4\n>p2 move sludgebomb\n>p1 move recover\n>p2 switch 5\n>p1 move cosmicpower\n>p2 move defog\n>p1 move nightshade\n>p2 move knockoff\n>p1 move recover\n>p2 move roost\n>p1 move nightshade\n>p2 move knockoff\n>p1 move nightshade\n>p2 move knockoff\n>p1 move cosmicpower\n>p2 move roost\n>p1 move recover\n>p2 switch 4\n>p1 move cosmicpower\n>p2 move uturn\n>p2 switch 5\n>p1 move nightshade\n>p2 switch 5\n>p1 move recover\n>p2 move uturn\n>p2 switch 2\n>p1 switch 2\n>p2 move recover\n>p1 move darkpulse\n>p2 move icebeam\n>p1 move darkpulse\n>p2 move icebeam\n>p1 move darkpulse\n>p2 move recover\n>p1 move darkpulse\n>p2 move recover\n>p1 move darkpulse\n>p2 move icebeam\n>p1 move darkpulse\n>p2 move recover\n>p1 move darkpulse\n>p2 switch 4\n>p1 switch 2\n>p2 move bravebird\n>p1 switch 2\n>p2 move knockoff\n>p1 move hurricane\n>p2 move bravebird\n>p1 switch 3\n>p1 move quiverdance terastallize\n>p2 move bravebird\n>p1 move bugbuzz\n>p2 move knockoff\n>p2 switch 6\n>p1 move hurricane\n>p2 move crunch\n>chat \u2606fespy|gg\n>chat \u2606MichaelderBeste2|gg\n>chat \u2606fespy|wish it could have been more interesting\n>chat \u2606fespy|gl with yt series\n>chat \u2606MichaelderBeste2|fair\n>chat \u2606fespy|hope to see you around\n>chat \u2606MichaelderBeste2|ty\n>forcelose p1", "uploadtime": 1715979390, "views": 249, "formatid": "gen9randombattle", "rating": 2370, "private": 0, "password": null}