{"id": "gen9randombattle-2260771047", "format": "[Gen 9] Random Battle", "players": ["Nova_Gensis", "Gabo0009"], "log": "|j|\u2606Nova_Gensis\n|j|\u2606Gabo0009\n|t:|1733889574\n|gametype|singles\n|player|p1|Nova_Gensis|nate|1386\n|player|p2|Gabo0009|cyclist-gen4|1380\n|teamsize|p1|6\n|teamsize|p2|6\n|gen|9\n|tier|[Gen 9] Random Battle\n|rated|\n|rule|Species Clause: Limit one of each Pok\u00e9mon\n|rule|HP Percentage Mod: HP is shown in percentages\n|rule|Sleep Clause Mod: Limit one foe put to sleep\n|rule|Illusion Level Mod: Illusion disguises the Pok\u00e9mon's true level\n|\n|t:|1733889574\n|start\n|switch|p1a: Articuno|Articuno-Galar, L84|288/288\n|switch|p2a: Delibird|Delibird, F|252/252\n|turn|1\n|inactive|Battle timer is ON: inactive players will automatically lose when time's up. (requested by Nova_Gensis)\n|\n|t:|1733889596\n|switch|p1a: Conkeldurr|Conkeldurr, L80, F|299/299\n|move|p2a: Delibird|Spikes|p1a: Conkeldurr\n|-sidestart|p1: Nova_Gensis|Spikes\n|\n|-status|p1a: Conkeldurr|brn|[from] item: Flame Orb\n|upkeep\n|turn|2\n|\n|t:|1733889604\n|switch|p2a: Qwilfish|Qwilfish-Hisui, L83, M|244/244\n|-ability|p2a: Qwilfish|Intimidate|boost\n|-unboost|p1a: Conkeldurr|atk|1\n|move|p1a: Conkeldurr|Facade|p2a: Qwilfish\n|-damage|p2a: Qwilfish|166/244\n|\n|-damage|p1a: Conkeldurr|281/299 brn|[from] brn\n|upkeep\n|turn|3\n|inactive|Gabo0009 has 120 seconds left.\n|\n|t:|1733889637\n|switch|p2a: Shaymin|Shaymin, L82|298/298\n|move|p1a: Conkeldurr|Close Combat|p2a: Shaymin\n|-damage|p2a: Shaymin|156/298\n|-unboost|p1a: Conkeldurr|def|1\n|-unboost|p1a: Conkeldurr|spd|1\n|\n|-heal|p2a: Shaymin|174/298|[from] item: Leftovers\n|-damage|p1a: Conkeldurr|263/299 brn|[from] brn\n|upkeep\n|turn|4\n|\n|t:|1733889643\n|switch|p1a: Arbok|Arbok, L87, F|246/246\n|-damage|p1a: Arbok|216/246|[from] Spikes\n|-ability|p1a: Arbok|Intimidate|boost\n|-unboost|p2a: Shaymin|atk|1\n|move|p2a: Shaymin|Air Slash|p1a: Arbok\n|-damage|p1a: Arbok|157/246\n|\n|-heal|p2a: Shaymin|192/298|[from] item: Leftovers\n|upkeep\n|turn|5\n|inactive|Gabo0009 has 120 seconds left.\n|\n|t:|1733889661\n|switch|p2a: Dunsparce|Dunsparce, L86, F|312/312\n|move|p1a: Arbok|Gunk Shot|p2a: Dunsparce\n|-damage|p2a: Dunsparce|187/312\n|-status|p2a: Dunsparce|psn\n|-damage|p1a: Arbok|133/246|[from] item: Life Orb\n|\n|-damage|p2a: Dunsparce|148/312 psn|[from] psn\n|upkeep\n|turn|6\n|inactive|Gabo0009 has 120 seconds left.\n|\n|t:|1733889672\n|move|p1a: Arbok|Earthquake|p2a: Dunsparce\n|-damage|p2a: Dunsparce|79/312 psn\n|-damage|p1a: Arbok|109/246|[from] item: Life Orb\n|move|p2a: Dunsparce|Body Slam|p1a: Arbok\n|-crit|p1a: Arbok\n|-damage|p1a: Arbok|0 fnt\n|faint|p1a: Arbok\n|\n|-damage|p2a: Dunsparce|40/312 psn|[from] psn\n|upkeep\n|\n|t:|1733889682\n|switch|p1a: Skarmory|Skarmory, L80, M|235/235\n|turn|7\n|\n|t:|1733889688\n|move|p1a: Skarmory|Stealth Rock|p2a: Dunsparce\n|-sidestart|p2: Gabo0009|move: Stealth Rock\n|move|p2a: Dunsparce|Body Slam|p1a: Skarmory\n|-resisted|p1a: Skarmory\n|-damage|p1a: Skarmory|207/235\n|-damage|p2a: Dunsparce|0 fnt|[from] item: Rocky Helmet|[of] p1a: Skarmory\n|faint|p2a: Dunsparce\n|\n|upkeep\n|\n|t:|1733889698\n|switch|p2a: Qwilfish|Qwilfish-Hisui, L83, M|166/244\n|-damage|p2a: Qwilfish|136/244|[from] Stealth Rock\n|-ability|p2a: Qwilfish|Intimidate|boost\n|-unboost|p1a: Skarmory|atk|1\n|turn|8\n|\n|t:|1733889710\n|move|p2a: Qwilfish|Taunt|p1a: Skarmory\n|-start|p1a: Skarmory|move: Taunt\n|move|p1a: Skarmory|Body Press|p2a: Qwilfish\n|-damage|p2a: Qwilfish|88/244\n|\n|upkeep\n|turn|9\n|\n|t:|1733889719\n|move|p2a: Qwilfish|Toxic Spikes|p1a: Skarmory\n|-sidestart|p1: Nova_Gensis|move: Toxic Spikes\n|move|p1a: Skarmory|Brave Bird|p2a: Qwilfish\n|-damage|p2a: Qwilfish|40/244\n|-damage|p1a: Skarmory|191/235|[from] Recoil\n|\n|upkeep\n|turn|10\n|\n|t:|1733889731\n|switch|p2a: Tyranitar|Tyranitar, L79, F|288/288\n|-damage|p2a: Tyranitar|252/288|[from] Stealth Rock\n|-weather|Sandstorm|[from] ability: Sand Stream|[of] p2a: Tyranitar\n|move|p1a: Skarmory|Body Press|p2a: Tyranitar\n|-supereffective|p2a: Tyranitar\n|-damage|p2a: Tyranitar|8/288\n|\n|-weather|Sandstorm|[upkeep]\n|-heal|p2a: Tyranitar|26/288|[from] item: Leftovers\n|-end|p1a: Skarmory|move: Taunt\n|upkeep\n|turn|11\n|\n|t:|1733889759\n|move|p1a: Skarmory|Body Press|p2a: Tyranitar\n|-supereffective|p2a: Tyranitar\n|-damage|p2a: Tyranitar|0 fnt\n|faint|p2a: Tyranitar\n|\n|-weather|Sandstorm|[upkeep]\n|upkeep\n|inactive|Gabo0009 has 120 seconds left.\n|\n|t:|1733889773\n|switch|p2a: Qwilfish|Qwilfish-Hisui, L83, M|40/244\n|-damage|p2a: Qwilfish|10/244|[from] Stealth Rock\n|-ability|p2a: Qwilfish|Intimidate|boost\n|-unboost|p1a: Skarmory|atk|1\n|turn|12\n|\n|t:|1733889779\n|move|p2a: Qwilfish|Crunch|p1a: Skarmory\n|-damage|p1a: Skarmory|133/235\n|-damage|p2a: Qwilfish|0 fnt|[from] item: Rocky Helmet|[of] p1a: Skarmory\n|faint|p2a: Qwilfish\n|move|p1a: Skarmory|Body Press|p2: Qwilfish|[notarget]\n|-fail|p1a: Skarmory\n|\n|-weather|Sandstorm|[upkeep]\n|upkeep\n|inactive|Gabo0009 has 120 seconds left.\n|\n|t:|1733889795\n|switch|p2a: Delibird|Delibird, F|252/252\n|turn|13\n|\n|t:|1733889805\n|switch|p1a: Conkeldurr|Conkeldurr, L80, F|263/299 brn\n|-damage|p1a: Conkeldurr|226/299 brn|[from] Spikes\n|-terastallize|p2a: Delibird|Ground\n|move|p2a: Delibird|Ice Spinner|p1a: Conkeldurr\n|-crit|p1a: Conkeldurr\n|-damage|p1a: Conkeldurr|63/299 brn\n|\n|-weather|Sandstorm|[upkeep]\n|-damage|p1a: Conkeldurr|45/299 brn|[from] Sandstorm\n|-damage|p1a: Conkeldurr|27/299 brn|[from] brn\n|upkeep\n|turn|14\n|inactive|Gabo0009 has 120 seconds left.\n|\n|t:|1733889825\n|move|p1a: Conkeldurr|Mach Punch|p2a: Delibird\n|-damage|p2a: Delibird|150/252\n|move|p2a: Delibird|Ice Spinner|p1a: Conkeldurr\n|-damage|p1a: Conkeldurr|0 fnt\n|faint|p1a: Conkeldurr\n|\n|-weather|none\n|upkeep\n|\n|t:|1733889844\n|switch|p1a: Gardevoir|Gardevoir, L83, M|249/249\n|-damage|p1a: Gardevoir|218/249|[from] Spikes\n|-status|p1a: Gardevoir|psn\n|-ability|p1a: Gardevoir|Hustle|[from] ability: Trace|[of] p2a: Delibird\n|turn|15\n|\n|t:|1733889857\n|move|p1a: Gardevoir|Psychic|p2a: Delibird\n|-damage|p2a: Delibird|3/252\n|move|p2a: Delibird|Brave Bird|p1a: Gardevoir\n|-damage|p1a: Gardevoir|11/249 psn\n|-damage|p2a: Delibird|0 fnt|[from] Recoil\n|faint|p2a: Delibird\n|\n|-damage|p1a: Gardevoir|0 fnt|[from] psn\n|faint|p1a: Gardevoir\n|upkeep\n|\n|t:|1733889865\n|switch|p2a: Shaymin|Shaymin, L82|192/298\n|switch|p1a: Skarmory|Skarmory, L80, M|133/235\n|-damage|p2a: Shaymin|155/298|[from] Stealth Rock\n|turn|16\n|\n|t:|1733889872\n|move|p2a: Shaymin|Air Slash|p1a: Skarmory\n|-resisted|p1a: Skarmory\n|-damage|p1a: Skarmory|99/235\n|move|p1a: Skarmory|Brave Bird|p2a: Shaymin\n|-supereffective|p2a: Shaymin\n|-damage|p2a: Shaymin|0 fnt\n|faint|p2a: Shaymin\n|-damage|p1a: Skarmory|48/235|[from] Recoil\n|\n|upkeep\n|\n|t:|1733889876\n|switch|p2a: Seviper|Seviper, L93, F|287/287\n|-damage|p2a: Seviper|252/287|[from] Stealth Rock\n|turn|17\n|\n|t:|1733889879\n|move|p2a: Seviper|Swords Dance|p2a: Seviper\n|-boost|p2a: Seviper|atk|2\n|move|p1a: Skarmory|Roost|p1a: Skarmory\n|-heal|p1a: Skarmory|166/235\n|-singleturn|p1a: Skarmory|move: Roost\n|\n|-heal|p2a: Seviper|269/287|[from] item: Leftovers\n|upkeep\n|turn|18\n|\n|t:|1733889883\n|move|p2a: Seviper|Trailblaze|p1a: Skarmory\n|-resisted|p1a: Skarmory\n|-damage|p1a: Skarmory|151/235\n|-boost|p2a: Seviper|spe|1\n|-damage|p2a: Seviper|222/287|[from] item: Rocky Helmet|[of] p1a: Skarmory\n|move|p1a: Skarmory|Body Press|p2a: Seviper\n|-resisted|p2a: Seviper\n|-damage|p2a: Seviper|184/287\n|\n|-heal|p2a: Seviper|201/287|[from] item: Leftovers\n|upkeep\n|turn|19\n|\n|t:|1733889887\n|move|p2a: Seviper|Swords Dance|p2a: Seviper\n|-boost|p2a: Seviper|atk|2\n|move|p1a: Skarmory|Brave Bird|p2a: Seviper\n|-damage|p2a: Seviper|89/287\n|-damage|p1a: Skarmory|114/235|[from] Recoil\n|\n|-heal|p2a: Seviper|106/287|[from] item: Leftovers\n|upkeep\n|turn|20\n|\n|t:|1733889890\n|move|p2a: Seviper|Trailblaze|p1a: Skarmory\n|-resisted|p1a: Skarmory\n|-damage|p1a: Skarmory|91/235\n|-boost|p2a: Seviper|spe|1\n|-damage|p2a: Seviper|59/287|[from] item: Rocky Helmet|[of] p1a: Skarmory\n|move|p1a: Skarmory|Brave Bird|p2a: Seviper\n|-damage|p2a: Seviper|0 fnt\n|faint|p2a: Seviper\n|-damage|p1a: Skarmory|72/235|[from] Recoil\n|\n|win|Nova_Gensis\n|raw|Nova_Gensis's rating: 1386 &rarr; <strong>1406</strong><br />(+20 for winning)\n|raw|Gabo0009's rating: 1380 &rarr; <strong>1360</strong><br />(-20 for losing)\n|l|\u2606Gabo0009\n|player|p2|\n", "inputlog": ">version bfd83cad13791eb5a5a409923076391caf6fb4d4\n>start {\"formatid\":\"gen9randombattle\",\"seed\":[64996,33261,48985,38562],\"rated\":\"Rated battle\"}\n>player p1 {\"name\":\"Nova_Gensis\",\"avatar\":\"nate\",\"rating\":1386,\"seed\":[41417,24650,45435,5356]}\n>player p2 {\"name\":\"Gabo0009\",\"avatar\":\"cyclist-gen4\",\"rating\":1380,\"seed\":[19573,64771,16836,2330]}\n>p1 switch 4\n>p2 move spikes\n>p1 move facade\n>p2 switch 2\n>p1 move closecombat\n>p2 switch 5\n>p1 switch 5\n>p2 move airslash\n>p1 move gunkshot\n>p2 switch 6\n>p1 move earthquake\n>p2 move bodyslam\n>p1 switch 2\n>p1 move stealthrock\n>p2 move bodyslam\n>p2 switch 5\n>p1 move bodypress\n>p2 move taunt\n>p1 move bravebird\n>p2 move toxicspikes\n>p1 move bodypress\n>p2 switch 4\n>p1 move bodypress\n>p2 move stoneedge\n>p2 switch 4\n>p1 move bodypress\n>p2 move crunch\n>p2 switch 2\n>p1 switch 5\n>p2 move icespinner terastallize\n>p1 move machpunch\n>p2 move icespinner\n>p1 switch 3\n>p1 move psychic\n>p2 move bravebird\n>p1 switch 5\n>p2 switch 6\n>p1 move bravebird\n>p2 move airslash\n>p2 switch 3\n>p1 move roost\n>p2 move swordsdance\n>p1 move bodypress\n>p2 move trailblaze\n>p1 move bravebird\n>p2 move swordsdance\n>p1 move bravebird\n>p2 move trailblaze", "uploadtime": 1733889908, "views": 16, "formatid": "gen9randombattle", "rating": 1360, "private": 0, "password": null}