{"id": "gen9randombattle-2260636008", "format": "[Gen 9] Random Battle", "players": ["Jnho", "Oxijinn"], "log": "|j|\u2606Jnho\n|j|\u2606Oxijinn\n|t:|1733872040\n|gametype|singles\n|player|p1|Jnho|veteranf|1665\n|player|p2|Oxijinn|miku-water|1671\n|teamsize|p1|6\n|teamsize|p2|6\n|gen|9\n|tier|[Gen 9] Random Battle\n|rated|\n|rule|Species Clause: Limit one of each Pok\u00e9mon\n|rule|HP Percentage Mod: HP is shown in percentages\n|rule|Sleep Clause Mod: Limit one foe put to sleep\n|rule|Illusion Level Mod: Illusion disguises the Pok\u00e9mon's true level\n|\n|t:|1733872040\n|start\n|switch|p1a: Talonflame|Talonflame, L83, F|265/265\n|switch|p2a: Camerupt|Camerupt, L91, F|275/275\n|turn|1\n|inactive|Battle timer is ON: inactive players will automatically lose when time's up. (requested by Oxijinn)\n|inactive|Jnho also wants the timer to be on.\n|\n|t:|1733872049\n|move|p1a: Talonflame|U-turn|p2a: Camerupt\n|-resisted|p2a: Camerupt\n|-damage|p2a: Camerupt|253/275\n|\n|t:|1733872072\n|switch|p1a: Poliwrath|Poliwrath, L88, F|302/302|[from] U-turn\n|move|p2a: Camerupt|Stealth Rock|p1a: Poliwrath\n|-sidestart|p1: Jnho|move: Stealth Rock\n|\n|-heal|p2a: Camerupt|270/275|[from] item: Leftovers\n|upkeep\n|turn|2\n|\n|t:|1733872081\n|switch|p2a: Amoonguss|Amoonguss, L82, F|321/321\n|move|p1a: Poliwrath|Rain Dance|p1a: Poliwrath\n|-weather|RainDance\n|\n|-weather|RainDance|[upkeep]\n|upkeep\n|turn|3\n|\n|t:|1733872089\n|move|p1a: Poliwrath|Knock Off|p2a: Amoonguss\n|-damage|p2a: Amoonguss|212/321\n|-damage|p1a: Poliwrath|252/302|[from] item: Rocky Helmet|[of] p2a: Amoonguss\n|-enditem|p2a: Amoonguss|Rocky Helmet|[from] move: Knock Off|[of] p1a: Poliwrath\n|-damage|p1a: Poliwrath|222/302|[from] item: Life Orb\n|move|p2a: Amoonguss|Spore|p1a: Poliwrath\n|-status|p1a: Poliwrath|slp|[from] move: Spore\n|\n|-weather|RainDance|[upkeep]\n|upkeep\n|turn|4\n|\n|t:|1733872098\n|switch|p1a: Talonflame|Talonflame, L83, F|265/265\n|move|p2a: Amoonguss|Sludge Bomb|p1a: Talonflame\n|-damage|p1a: Talonflame|169/265\n|\n|-weather|RainDance|[upkeep]\n|upkeep\n|turn|5\n|\n|t:|1733872107\n|switch|p2a: Camerupt|Camerupt, L91, F|270/275\n|move|p1a: Talonflame|Roost|p1a: Talonflame\n|-heal|p1a: Talonflame|265/265\n|-singleturn|p1a: Talonflame|move: Roost\n|\n|-weather|RainDance|[upkeep]\n|-heal|p2a: Camerupt|275/275|[from] item: Leftovers\n|upkeep\n|turn|6\n|\n|t:|1733872110\n|move|p1a: Talonflame|U-turn|p2a: Camerupt\n|-resisted|p2a: Camerupt\n|-damage|p2a: Camerupt|254/275\n|\n|t:|1733872113\n|switch|p1a: Kingdra|Kingdra, L84, F|263/263|[from] U-turn\n|-damage|p1a: Kingdra|231/263|[from] Stealth Rock\n|move|p2a: Camerupt|Roar|p1a: Kingdra\n|drag|p1a: Zekrom|Zekrom, L71|259/259\n|-damage|p1a: Zekrom|227/259|[from] Stealth Rock\n|-ability|p1a: Zekrom|Teravolt\n|\n|-weather|none\n|-heal|p1a: Zekrom|243/259|[from] item: Leftovers\n|-heal|p2a: Camerupt|271/275|[from] item: Leftovers\n|upkeep\n|turn|7\n|\n|t:|1733872119\n|switch|p1a: Talonflame|Talonflame, L83, F|265/265\n|move|p2a: Camerupt|Earthquake|p1a: Talonflame\n|-immune|p1a: Talonflame\n|\n|-heal|p2a: Camerupt|275/275|[from] item: Leftovers\n|upkeep\n|turn|8\n|\n|t:|1733872122\n|move|p1a: Talonflame|Overheat|p2a: Camerupt\n|-resisted|p2a: Camerupt\n|-damage|p2a: Camerupt|217/275\n|-unboost|p1a: Talonflame|spa|2\n|move|p2a: Camerupt|Roar|p1a: Talonflame\n|drag|p1a: Zekrom|Zekrom, L71|243/259\n|-damage|p1a: Zekrom|211/259|[from] Stealth Rock\n|-ability|p1a: Zekrom|Teravolt\n|\n|-heal|p1a: Zekrom|227/259|[from] item: Leftovers\n|-heal|p2a: Camerupt|234/275|[from] item: Leftovers\n|upkeep\n|turn|9\n|\n|t:|1733872129\n|switch|p1a: Talonflame|Talonflame, L83, F|265/265\n|move|p2a: Camerupt|Earthquake|p1a: Talonflame\n|-immune|p1a: Talonflame\n|\n|-heal|p2a: Camerupt|251/275|[from] item: Leftovers\n|upkeep\n|turn|10\n|\n|t:|1733872134\n|move|p1a: Talonflame|Overheat|p2a: Camerupt|[miss]\n|-miss|p1a: Talonflame|p2a: Camerupt\n|move|p2a: Camerupt|Roar|p1a: Talonflame\n|drag|p1a: Poliwrath|Poliwrath, L88, F|222/302 slp\n|-damage|p1a: Poliwrath|204/302 slp|[from] Stealth Rock\n|\n|-heal|p2a: Camerupt|268/275|[from] item: Leftovers\n|upkeep\n|turn|11\n|\n|t:|1733872138\n|switch|p2a: Amoonguss|Amoonguss, L82, F|319/321\n|cant|p1a: Poliwrath|slp\n|\n|upkeep\n|turn|12\n|\n|t:|1733872140\n|switch|p1a: Talonflame|Talonflame, L83, F|265/265\n|move|p2a: Amoonguss|Giga Drain|p1a: Talonflame\n|-resisted|p1a: Talonflame\n|-damage|p1a: Talonflame|246/265\n|-heal|p2a: Amoonguss|321/321|[from] drain|[of] p1a: Talonflame\n|\n|upkeep\n|turn|13\n|\n|t:|1733872143\n|switch|p2a: Camerupt|Camerupt, L91, F|268/275\n|move|p1a: Talonflame|Overheat|p2a: Camerupt\n|-resisted|p2a: Camerupt\n|-damage|p2a: Camerupt|207/275\n|-unboost|p1a: Talonflame|spa|2\n|\n|-heal|p2a: Camerupt|224/275|[from] item: Leftovers\n|upkeep\n|turn|14\n|\n|t:|1733872147\n|move|p1a: Talonflame|Brave Bird|p2a: Camerupt\n|-damage|p2a: Camerupt|95/275\n|-damage|p1a: Talonflame|203/265|[from] Recoil\n|move|p2a: Camerupt|Earthquake|p1a: Talonflame\n|-immune|p1a: Talonflame\n|\n|-heal|p2a: Camerupt|112/275|[from] item: Leftovers\n|upkeep\n|turn|15\n|\n|t:|1733872157\n|switch|p2a: Iron Boulder|Iron Boulder, L77|265/265\n|move|p1a: Talonflame|Brave Bird|p2a: Iron Boulder\n|-resisted|p2a: Iron Boulder\n|-damage|p2a: Iron Boulder|206/265\n|-damage|p1a: Talonflame|184/265|[from] Recoil\n|\n|upkeep\n|turn|16\n|\n|t:|1733872164\n|move|p1a: Talonflame|U-turn|p2a: Iron Boulder\n|-supereffective|p2a: Iron Boulder\n|-damage|p2a: Iron Boulder|102/265\n|\n|t:|1733872172\n|switch|p1a: Poliwrath|Poliwrath, L88, F|204/302 slp|[from] U-turn\n|-damage|p1a: Poliwrath|186/302 slp|[from] Stealth Rock\n|move|p2a: Iron Boulder|Swords Dance|p2a: Iron Boulder\n|-boost|p2a: Iron Boulder|atk|2\n|\n|upkeep\n|turn|17\n|\n|t:|1733872179\n|move|p2a: Iron Boulder|Zen Headbutt|p1a: Poliwrath\n|-supereffective|p1a: Poliwrath\n|-damage|p1a: Poliwrath|0 fnt\n|faint|p1a: Poliwrath\n|-damage|p2a: Iron Boulder|76/265|[from] item: Life Orb\n|\n|upkeep\n|\n|t:|1733872181\n|switch|p1a: Talonflame|Talonflame, L83, F|184/265\n|turn|18\n|\n|t:|1733872188\n|-end|p2a: Iron Boulder|Quark Drive|[silent]\n|switch|p2a: Camerupt|Camerupt, L91, F|112/275\n|move|p1a: Talonflame|U-turn|p2a: Camerupt\n|-resisted|p2a: Camerupt\n|-damage|p2a: Camerupt|87/275\n|\n|t:|1733872191\n|switch|p1a: Kingdra|Kingdra, L84, F|231/263|[from] U-turn\n|-damage|p1a: Kingdra|199/263|[from] Stealth Rock\n|\n|-heal|p2a: Camerupt|104/275|[from] item: Leftovers\n|upkeep\n|turn|19\n|\n|t:|1733872197\n|switch|p2a: Amoonguss|Amoonguss, L82, F|321/321\n|move|p1a: Kingdra|Dragon Dance|p1a: Kingdra\n|-boost|p1a: Kingdra|atk|1\n|-boost|p1a: Kingdra|spe|1\n|\n|upkeep\n|turn|20\n|\n|t:|1733872203\n|-terastallize|p1a: Kingdra|Steel\n|move|p1a: Kingdra|Dragon Dance|p1a: Kingdra\n|-boost|p1a: Kingdra|atk|1\n|-boost|p1a: Kingdra|spe|1\n|move|p2a: Amoonguss|Spore|p1a: Kingdra\n|-status|p1a: Kingdra|slp|[from] move: Spore\n|-enditem|p1a: Kingdra|Lum Berry|[eat]\n|-curestatus|p1a: Kingdra|slp|[msg]\n|\n|upkeep\n|turn|21\n|\n|t:|1733872211\n|move|p1a: Kingdra|Iron Head|p2a: Amoonguss\n|-damage|p2a: Amoonguss|132/321\n|move|p2a: Amoonguss|Spore|p1a: Kingdra\n|-status|p1a: Kingdra|slp|[from] move: Spore\n|\n|upkeep\n|turn|22\n|\n|t:|1733872222\n|switch|p2a: Camerupt|Camerupt, L91, F|104/275\n|cant|p1a: Kingdra|slp\n|\n|-heal|p2a: Camerupt|121/275|[from] item: Leftovers\n|upkeep\n|turn|23\n|\n|t:|1733872224\n|cant|p1a: Kingdra|slp\n|move|p2a: Camerupt|Overheat|p1a: Kingdra\n|-supereffective|p1a: Kingdra\n|-damage|p1a: Kingdra|0 fnt\n|-unboost|p2a: Camerupt|spa|2\n|faint|p1a: Kingdra\n|\n|-heal|p2a: Camerupt|138/275|[from] item: Leftovers\n|upkeep\n|\n|t:|1733872232\n|switch|p1a: Braviary|Braviary, L85, M|309/309\n|turn|24\n|\n|t:|1733872239\n|switch|p2a: Iron Boulder|Iron Boulder, L77|76/265\n|move|p1a: Braviary|Close Combat|p2a: Iron Boulder\n|-damage|p2a: Iron Boulder|0 fnt\n|-unboost|p1a: Braviary|def|1\n|-unboost|p1a: Braviary|spd|1\n|faint|p2a: Iron Boulder\n|-end|p2a: Iron Boulder|Quark Drive|[silent]\n|\n|upkeep\n|\n|t:|1733872252\n|switch|p2a: Vivillon|Vivillon-Modern, L84, M|272/272\n|turn|25\n|\n|t:|1733872258\n|switch|p1a: Talonflame|Talonflame, L83, F|184/265\n|move|p2a: Vivillon|Sleep Powder|p1a: Talonflame\n|-status|p1a: Talonflame|slp|[from] move: Sleep Powder\n|\n|upkeep\n|turn|26\n|\n|t:|1733872261\n|cant|p1a: Talonflame|slp\n|move|p2a: Vivillon|Quiver Dance|p2a: Vivillon\n|-boost|p2a: Vivillon|spa|1\n|-boost|p2a: Vivillon|spd|1\n|-boost|p2a: Vivillon|spe|1\n|\n|upkeep\n|turn|27\n|\n|t:|1733872266\n|switch|p1a: Zekrom|Zekrom, L71|227/259\n|-damage|p1a: Zekrom|195/259|[from] Stealth Rock\n|-ability|p1a: Zekrom|Teravolt\n|move|p2a: Vivillon|Hurricane|p1a: Zekrom\n|-resisted|p1a: Zekrom\n|-damage|p1a: Zekrom|115/259\n|\n|-heal|p1a: Zekrom|131/259|[from] item: Leftovers\n|upkeep\n|turn|28\n|\n|t:|1733872277\n|move|p2a: Vivillon|Bug Buzz|p1a: Zekrom\n|-damage|p1a: Zekrom|0 fnt\n|faint|p1a: Zekrom\n|\n|upkeep\n|\n|t:|1733872280\n|switch|p1a: Beartic|Beartic, L91, M|321/321\n|turn|29\n|\n|t:|1733872286\n|move|p2a: Vivillon|Hurricane|p1a: Beartic\n|-damage|p1a: Beartic|152/321\n|move|p1a: Beartic|Icicle Crash|p2a: Vivillon\n|-supereffective|p2a: Vivillon\n|-damage|p2a: Vivillon|0 fnt\n|faint|p2a: Vivillon\n|\n|upkeep\n|\n|t:|1733872296\n|switch|p2a: Flamigo|Flamigo, L82, M|269/269\n|turn|30\n|\n|t:|1733872307\n|move|p2a: Flamigo|Close Combat|p1a: Beartic\n|-supereffective|p1a: Beartic\n|-damage|p1a: Beartic|0 fnt\n|-unboost|p2a: Flamigo|def|1\n|-unboost|p2a: Flamigo|spd|1\n|faint|p1a: Beartic\n|-damage|p2a: Flamigo|243/269|[from] item: Life Orb\n|\n|upkeep\n|\n|t:|1733872310\n|switch|p1a: Braviary|Braviary, L85, M|309/309\n|turn|31\n|\n|t:|1733872314\n|move|p2a: Flamigo|Close Combat|p1a: Braviary\n|-damage|p1a: Braviary|122/309\n|-unboost|p2a: Flamigo|def|1\n|-unboost|p2a: Flamigo|spd|1\n|-damage|p2a: Flamigo|217/269|[from] item: Life Orb\n|move|p1a: Braviary|Brave Bird|p2a: Flamigo\n|-supereffective|p2a: Flamigo\n|-damage|p2a: Flamigo|0 fnt\n|faint|p2a: Flamigo\n|-damage|p1a: Braviary|50/309|[from] Recoil\n|\n|upkeep\n|\n|t:|1733872318\n|switch|p2a: Camerupt|Camerupt, L91, F|138/275\n|turn|32\n|\n|t:|1733872322\n|move|p1a: Braviary|Brave Bird|p2a: Camerupt\n|-crit|p2a: Camerupt\n|-damage|p2a: Camerupt|0 fnt\n|faint|p2a: Camerupt\n|-damage|p1a: Braviary|4/309|[from] Recoil\n|\n|upkeep\n|\n|t:|1733872328\n|switch|p2a: Amoonguss|Amoonguss, L82, F|239/321\n|turn|33\n|\n|t:|1733872338\n|move|p1a: Braviary|Roost|p1a: Braviary\n|-heal|p1a: Braviary|159/309\n|-singleturn|p1a: Braviary|move: Roost\n|move|p2a: Amoonguss|Sludge Bomb|p1a: Braviary\n|-damage|p1a: Braviary|75/309\n|-status|p1a: Braviary|psn\n|\n|-damage|p1a: Braviary|37/309 psn|[from] psn\n|upkeep\n|turn|34\n|\n|t:|1733872345\n|move|p1a: Braviary|Brave Bird|p2a: Amoonguss\n|-supereffective|p2a: Amoonguss\n|-damage|p2a: Amoonguss|0 fnt\n|faint|p2a: Amoonguss\n|-damage|p1a: Braviary|0 fnt|[from] Recoil\n|faint|p1a: Braviary\n|\n|upkeep\n|\n|t:|1733872348\n|switch|p1a: Talonflame|Talonflame, L83, F|184/265 slp\n|switch|p2a: Vikavolt|Vikavolt, L83, F|263/263\n|turn|35\n|\n|t:|1733872367\n|-terastallize|p2a: Vikavolt|Electric\n|-curestatus|p1a: Talonflame|slp|[msg]\n|move|p1a: Talonflame|Overheat|p2a: Vikavolt\n|-damage|p2a: Vikavolt|130/263\n|-unboost|p1a: Talonflame|spa|2\n|move|p2a: Vikavolt|Thunderbolt|p1a: Talonflame\n|-supereffective|p1a: Talonflame\n|-damage|p1a: Talonflame|0 fnt\n|faint|p1a: Talonflame\n|\n|win|Oxijinn\n|raw|Jnho's rating: 1665 &rarr; <strong>1645</strong><br />(-20 for losing)\n|raw|Oxijinn's rating: 1671 &rarr; <strong>1691</strong><br />(+20 for winning)\n|c|\u2606Oxijinn|gg's\n|c|\u2606Oxijinn|close game\n|c|\u2606Jnho|gg\n|c|\u2606Jnho|wp\n|c|\u2606Oxijinn|wp\n", "inputlog": ">version bfd83cad13791eb5a5a409923076391caf6fb4d4\n>start {\"formatid\":\"gen9randombattle\",\"seed\":[62677,21151,30309,29690],\"rated\":\"Rated battle\"}\n>player p1 {\"name\":\"Jnho\",\"avatar\":\"veteranf\",\"rating\":1665,\"seed\":[64359,41782,38245,23838]}\n>player p2 {\"name\":\"Oxijinn\",\"avatar\":\"miku-water\",\"rating\":1671,\"seed\":[25676,6050,9851,12990]}\n>p1 move uturn\n>p2 move stealthrock\n>p1 switch 4\n>p1 move raindance\n>p2 switch 4\n>p1 move knockoff\n>p2 move spore\n>p1 switch 4\n>p2 move sludgebomb\n>p1 move roost\n>p2 switch 4\n>p1 move uturn\n>p2 move roar\n>p1 switch 3\n>p1 switch 3\n>p2 move earthquake\n>p1 move overheat\n>p2 move roar\n>p1 switch 3\n>p2 move earthquake\n>p1 move overheat\n>p2 move roar\n>p1 move liquidation\n>p2 switch 4\n>p1 switch 4\n>p2 move gigadrain\n>p1 move overheat\n>p2 switch 4\n>p1 move bravebird\n>p2 move earthquake\n>p1 move bravebird\n>p2 switch 6\n>p1 move uturn\n>p2 move swordsdance\n>p1 switch 4\n>p1 move knockoff\n>p2 move zenheadbutt\n>p1 switch 4\n>p1 move uturn\n>p2 switch 6\n>p1 switch 6\n>p1 move dragondance\n>p2 switch 4\n>p1 move dragondance terastallize\n>p2 move spore\n>p1 move ironhead\n>p2 move spore\n>p1 move ironhead\n>p2 switch 4\n>p1 move wavecrash\n>p2 move overheat\n>p1 switch 2\n>p1 move closecombat\n>p2 switch 6\n>p2 switch 3\n>p1 switch 6\n>p2 move sleeppowder\n>p1 move overheat\n>p2 move quiverdance\n>p1 switch 3\n>p2 move hurricane\n>p1 move boltstrike\n>p2 move bugbuzz\n>p1 switch 5\n>p1 move iciclecrash\n>p2 move hurricane\n>p2 switch 2\n>p1 move iciclecrash\n>p2 move closecombat\n>p1 switch 6\n>p1 move bravebird\n>p2 move closecombat\n>p2 switch 6\n>p1 move bravebird\n>p2 move overheat\n>p2 switch 4\n>p1 move roost\n>p2 move sludgebomb\n>p1 move bravebird\n>p2 move sludgebomb\n>p1 switch 3\n>p2 switch 5\n>p1 move overheat\n>p2 move thunderbolt terastallize", "uploadtime": 1733872399, "views": 2, "formatid": "gen9randombattle", "rating": 1645, "private": 0, "password": null}