{"id": "gen9randombattle-2260837820", "format": "[Gen 9] Random Battle", "players": ["EKR204", "the scholar"], "log": "|j|\u2606EKR204\n|j|\u2606the scholar\n|t:|1733901488\n|gametype|singles\n|player|p1|EKR204|169|1428\n|player|p2|the scholar|schoolkid-gen4dp|1473\n|teamsize|p1|6\n|teamsize|p2|6\n|gen|9\n|tier|[Gen 9] Random Battle\n|rated|\n|rule|Species Clause: Limit one of each Pok\u00e9mon\n|rule|HP Percentage Mod: HP is shown in percentages\n|rule|Sleep Clause Mod: Limit one foe put to sleep\n|rule|Illusion Level Mod: Illusion disguises the Pok\u00e9mon's true level\n|\n|t:|1733901488\n|start\n|switch|p1a: Garchomp|Garchomp, L74, F|282/282\n|switch|p2a: Cloyster|Cloyster, L80, F|211/211\n|turn|1\n|inactive|Battle timer is ON: inactive players will automatically lose when time's up. (requested by the scholar)\n|\n|t:|1733901506\n|switch|p1a: Arceus|Arceus-Psychic, L69|280/280\n|move|p2a: Cloyster|Icicle Spear|p1a: Arceus\n|-damage|p1a: Arceus|255/280\n|-damage|p1a: Arceus|233/280\n|-damage|p1a: Arceus|208/280\n|-damage|p1a: Arceus|183/280\n|-damage|p1a: Arceus|158/280\n|-hitcount|p1a: Arceus|5\n|\n|upkeep\n|turn|2\n|\n|t:|1733901523\n|switch|p2a: Pincurchin|Pincurchin, M|258/258\n|-fieldstart|move: Electric Terrain|[from] ability: Electric Surge|[of] p2a: Pincurchin\n|move|p1a: Arceus|Cosmic Power|p1a: Arceus\n|-boost|p1a: Arceus|def|1\n|-boost|p1a: Arceus|spd|1\n|\n|upkeep\n|turn|3\n|\n|t:|1733901533\n|switch|p2a: Maushold|Maushold, L76|238/238\n|move|p1a: Arceus|Recover|p1a: Arceus\n|-heal|p1a: Arceus|280/280\n|\n|upkeep\n|turn|4\n|\n|t:|1733901539\n|move|p2a: Maushold|Encore|p1a: Arceus\n|-start|p1a: Arceus|Encore\n|move|p1a: Arceus|Recover||[still]\n|-fail|p1a: Arceus|heal\n|\n|upkeep\n|turn|5\n|\n|t:|1733901550\n|switch|p2a: Cloyster|Cloyster, L80, F|211/211\n|switch|p1a: Garchomp|Garchomp, L74, F|282/282\n|\n|upkeep\n|turn|6\n|\n|t:|1733901565\n|switch|p1a: Arceus|Arceus-Psychic, L69|280/280\n|move|p2a: Cloyster|Shell Smash|p2a: Cloyster\n|-unboost|p2a: Cloyster|def|1\n|-unboost|p2a: Cloyster|spd|1\n|-boost|p2a: Cloyster|atk|2\n|-boost|p2a: Cloyster|spa|2\n|-boost|p2a: Cloyster|spe|2\n|-enditem|p2a: Cloyster|White Herb\n|-clearnegativeboost|p2a: Cloyster|[silent]\n|\n|-fieldend|move: Electric Terrain\n|upkeep\n|turn|7\n|\n|t:|1733901575\n|-terastallize|p1a: Arceus|Steel\n|move|p2a: Cloyster|Icicle Spear|p1a: Arceus\n|-resisted|p1a: Arceus\n|-damage|p1a: Arceus|258/280\n|-resisted|p1a: Arceus\n|-damage|p1a: Arceus|237/280\n|-resisted|p1a: Arceus\n|-damage|p1a: Arceus|214/280\n|-resisted|p1a: Arceus\n|-damage|p1a: Arceus|190/280\n|-resisted|p1a: Arceus\n|-damage|p1a: Arceus|167/280\n|-hitcount|p1a: Arceus|5\n|move|p1a: Arceus|Cosmic Power|p1a: Arceus\n|-boost|p1a: Arceus|def|1\n|-boost|p1a: Arceus|spd|1\n|\n|upkeep\n|turn|8\n|\n|t:|1733901593\n|switch|p2a: Maushold|Maushold, L76|238/238\n|move|p1a: Arceus|Recover|p1a: Arceus\n|-heal|p1a: Arceus|280/280\n|\n|upkeep\n|turn|9\n|\n|t:|1733901597\n|move|p2a: Maushold|Encore|p1a: Arceus\n|-start|p1a: Arceus|Encore\n|move|p1a: Arceus|Recover||[still]\n|-fail|p1a: Arceus|heal\n|\n|upkeep\n|turn|10\n|\n|t:|1733901613\n|switch|p2a: Palkia|Palkia, L75|259/259\n|-ability|p2a: Palkia|Pressure\n|switch|p1a: Glastrier|Glastrier, L86|312/312\n|\n|upkeep\n|turn|11\n|\n|t:|1733901620\n|move|p2a: Palkia|Thunder Wave|p1a: Glastrier\n|-status|p1a: Glastrier|par\n|move|p1a: Glastrier|Icicle Crash|p2a: Palkia\n|-damage|p2a: Palkia|138/259\n|\n|upkeep\n|turn|12\n|\n|t:|1733901632\n|switch|p2a: Cloyster|Cloyster, L80, F|211/211\n|move|p1a: Glastrier|Swords Dance|p1a: Glastrier\n|-boost|p1a: Glastrier|atk|2\n|\n|upkeep\n|turn|13\n|\n|t:|1733901640\n|move|p2a: Cloyster|Rock Blast|p1a: Glastrier\n|-supereffective|p1a: Glastrier\n|-damage|p1a: Glastrier|286/312 par\n|-supereffective|p1a: Glastrier\n|-damage|p1a: Glastrier|260/312 par\n|-supereffective|p1a: Glastrier\n|-damage|p1a: Glastrier|234/312 par\n|-supereffective|p1a: Glastrier\n|-damage|p1a: Glastrier|208/312 par\n|-supereffective|p1a: Glastrier\n|-damage|p1a: Glastrier|182/312 par\n|-hitcount|p1a: Glastrier|5\n|move|p1a: Glastrier|Close Combat|p2a: Cloyster\n|-supereffective|p2a: Cloyster\n|-damage|p2a: Cloyster|0 fnt\n|-unboost|p1a: Glastrier|def|1\n|-unboost|p1a: Glastrier|spd|1\n|faint|p2a: Cloyster\n|-ability|p1a: Glastrier|Chilling Neigh|boost\n|-boost|p1a: Glastrier|atk|1\n|\n|upkeep\n|\n|t:|1733901662\n|switch|p2a: Maushold|Maushold, L76|238/238\n|turn|14\n|\n|t:|1733901673\n|switch|p1a: Garchomp|Garchomp, L74, F|282/282\n|-terastallize|p2a: Maushold|Ghost\n|move|p2a: Maushold|Encore||[still]\n|-fail|p2a: Maushold\n|\n|upkeep\n|turn|15\n|\n|t:|1733901682\n|switch|p2a: Oinkologne|Oinkologne-F, L92, F|361/361\n|move|p1a: Garchomp|Earthquake|p2a: Oinkologne\n|-damage|p2a: Oinkologne|244/361\n|\n|-heal|p2a: Oinkologne|266/361|[from] item: Leftovers\n|upkeep\n|turn|16\n|\n|t:|1733901688\n|move|p1a: Garchomp|Stealth Rock|p2a: Oinkologne\n|-sidestart|p2: the scholar|move: Stealth Rock\n|move|p2a: Oinkologne|Body Slam|p1a: Garchomp\n|-damage|p1a: Garchomp|177/282\n|-damage|p2a: Oinkologne|221/361|[from] ability: Rough Skin|[of] p1a: Garchomp\n|-damage|p2a: Oinkologne|161/361|[from] item: Rocky Helmet|[of] p1a: Garchomp\n|\n|-heal|p2a: Oinkologne|183/361|[from] item: Leftovers\n|upkeep\n|turn|17\n|\n|t:|1733901694\n|move|p1a: Garchomp|Spikes|p2a: Oinkologne\n|-sidestart|p2: the scholar|Spikes\n|move|p2a: Oinkologne|Rest|p2a: Oinkologne\n|-status|p2a: Oinkologne|slp|[from] move: Rest\n|-heal|p2a: Oinkologne|361/361 slp|[silent]\n|\n|upkeep\n|turn|18\n|\n|t:|1733901697\n|move|p1a: Garchomp|Spikes|p2a: Oinkologne\n|-sidestart|p2: the scholar|Spikes\n|cant|p2a: Oinkologne|slp\n|move|p2a: Oinkologne|Sleep Talk|p2a: Oinkologne\n|move|p2a: Oinkologne|Rest||[from]move: Sleep Talk|[still]\n|-fail|p2a: Oinkologne\n|\n|upkeep\n|turn|19\n|\n|t:|1733901701\n|move|p1a: Garchomp|Spikes|p2a: Oinkologne\n|-sidestart|p2: the scholar|Spikes\n|cant|p2a: Oinkologne|slp\n|move|p2a: Oinkologne|Sleep Talk|p2a: Oinkologne\n|move|p2a: Oinkologne|Body Slam|p1a: Garchomp|[from]move: Sleep Talk\n|-damage|p1a: Garchomp|78/282\n|-status|p1a: Garchomp|par\n|-damage|p2a: Oinkologne|316/361 slp|[from] ability: Rough Skin|[of] p1a: Garchomp\n|-damage|p2a: Oinkologne|256/361 slp|[from] item: Rocky Helmet|[of] p1a: Garchomp\n|\n|-heal|p2a: Oinkologne|278/361 slp|[from] item: Leftovers\n|upkeep\n|turn|20\n|\n|t:|1733901712\n|switch|p1a: Arceus|Arceus-Psychic, L69, tera:Steel|280/280\n|-curestatus|p2a: Oinkologne|slp|[msg]\n|move|p2a: Oinkologne|Curse|p2a: Oinkologne\n|-unboost|p2a: Oinkologne|spe|1\n|-boost|p2a: Oinkologne|atk|1\n|-boost|p2a: Oinkologne|def|1\n|\n|-heal|p2a: Oinkologne|300/361|[from] item: Leftovers\n|upkeep\n|turn|21\n|\n|t:|1733901719\n|move|p1a: Arceus|Cosmic Power|p1a: Arceus\n|-boost|p1a: Arceus|def|1\n|-boost|p1a: Arceus|spd|1\n|move|p2a: Oinkologne|Body Slam|p1a: Arceus\n|-resisted|p1a: Arceus\n|-damage|p1a: Arceus|230/280\n|\n|-heal|p2a: Oinkologne|322/361|[from] item: Leftovers\n|upkeep\n|turn|22\n|\n|t:|1733901723\n|move|p1a: Arceus|Cosmic Power|p1a: Arceus\n|-boost|p1a: Arceus|def|1\n|-boost|p1a: Arceus|spd|1\n|move|p2a: Oinkologne|Body Slam|p1a: Arceus\n|-resisted|p1a: Arceus\n|-damage|p1a: Arceus|194/280\n|\n|-heal|p2a: Oinkologne|344/361|[from] item: Leftovers\n|upkeep\n|turn|23\n|\n|t:|1733901727\n|move|p1a: Arceus|Body Press|p2a: Oinkologne\n|-supereffective|p2a: Oinkologne\n|-damage|p2a: Oinkologne|212/361\n|move|p2a: Oinkologne|Body Slam|p1a: Arceus\n|-resisted|p1a: Arceus\n|-damage|p1a: Arceus|159/280\n|\n|-heal|p2a: Oinkologne|234/361|[from] item: Leftovers\n|upkeep\n|turn|24\n|\n|t:|1733901732\n|move|p1a: Arceus|Recover|p1a: Arceus\n|-heal|p1a: Arceus|280/280\n|move|p2a: Oinkologne|Body Slam|p1a: Arceus\n|-resisted|p1a: Arceus\n|-damage|p1a: Arceus|246/280\n|\n|-heal|p2a: Oinkologne|256/361|[from] item: Leftovers\n|upkeep\n|turn|25\n|\n|t:|1733901735\n|move|p1a: Arceus|Cosmic Power|p1a: Arceus\n|-boost|p1a: Arceus|def|1\n|-boost|p1a: Arceus|spd|1\n|move|p2a: Oinkologne|Body Slam|p1a: Arceus\n|-resisted|p1a: Arceus\n|-damage|p1a: Arceus|216/280\n|\n|-heal|p2a: Oinkologne|278/361|[from] item: Leftovers\n|upkeep\n|turn|26\n|\n|t:|1733901741\n|switch|p2a: Maushold|Maushold, L76, tera:Ghost|238/238\n|-damage|p2a: Maushold|209/238|[from] Stealth Rock\n|-damage|p2a: Maushold|150/238|[from] Spikes\n|move|p1a: Arceus|Cosmic Power|p1a: Arceus\n|-boost|p1a: Arceus|def|1\n|-boost|p1a: Arceus|spd|1\n|\n|upkeep\n|turn|27\n|\n|t:|1733901753\n|switch|p1a: Noctowl|Noctowl, L95, M|344/344\n|move|p2a: Maushold|Tidy Up|p2a: Maushold\n|-sideend|p2: the scholar|Spikes\n|-sideend|p2: the scholar|Stealth Rock\n|-activate|p2a: Maushold|move: Tidy Up\n|-boost|p2a: Maushold|atk|1\n|-boost|p2a: Maushold|spe|1\n|\n|upkeep\n|turn|28\n|\n|t:|1733901764\n|switch|p1a: Garchomp|Garchomp, L74, F|78/282 par\n|move|p2a: Maushold|Population Bomb|p1a: Garchomp\n|-damage|p1a: Garchomp|45/282 par\n|-damage|p2a: Maushold|121/238|[from] ability: Rough Skin|[of] p1a: Garchomp\n|-damage|p2a: Maushold|82/238|[from] item: Rocky Helmet|[of] p1a: Garchomp\n|-damage|p1a: Garchomp|6/282 par\n|-damage|p2a: Maushold|53/238|[from] ability: Rough Skin|[of] p1a: Garchomp\n|-damage|p2a: Maushold|14/238|[from] item: Rocky Helmet|[of] p1a: Garchomp\n|-damage|p1a: Garchomp|0 fnt\n|-damage|p2a: Maushold|0 fnt|[from] ability: Rough Skin|[of] p1a: Garchomp\n|faint|p1a: Garchomp\n|faint|p2a: Maushold\n|-hitcount|p1: Garchomp|3\n|\n|upkeep\n|\n|t:|1733901780\n|switch|p2a: Palkia|Palkia, L75|138/259\n|switch|p1a: Arceus|Arceus-Psychic, L69, tera:Steel|216/280\n|-ability|p2a: Palkia|Pressure\n|turn|29\n|\n|t:|1733901785\n|move|p1a: Arceus|Cosmic Power|p1a: Arceus\n|-boost|p1a: Arceus|def|1\n|-boost|p1a: Arceus|spd|1\n|move|p2a: Palkia|Thunder Wave|p1a: Arceus|[miss]\n|-miss|p2a: Palkia|p1a: Arceus\n|\n|upkeep\n|turn|30\n|\n|t:|1733901797\n|switch|p1a: Glastrier|Glastrier, L86|182/312 par\n|move|p2a: Palkia|Thunder Wave|p1a: Glastrier\n|-fail|p1a: Glastrier|par\n|\n|upkeep\n|turn|31\n|\n|t:|1733901802\n|switch|p2a: Oinkologne|Oinkologne-F, L92, F|278/361\n|cant|p1a: Glastrier|par\n|\n|-heal|p2a: Oinkologne|300/361|[from] item: Leftovers\n|upkeep\n|turn|32\n|\n|t:|1733901817\n|move|p2a: Oinkologne|Curse|p2a: Oinkologne\n|-unboost|p2a: Oinkologne|spe|1\n|-boost|p2a: Oinkologne|atk|1\n|-boost|p2a: Oinkologne|def|1\n|cant|p1a: Glastrier|par\n|\n|-heal|p2a: Oinkologne|322/361|[from] item: Leftovers\n|upkeep\n|turn|33\n|\n|t:|1733901823\n|move|p2a: Oinkologne|Curse|p2a: Oinkologne\n|-unboost|p2a: Oinkologne|spe|1\n|-boost|p2a: Oinkologne|atk|1\n|-boost|p2a: Oinkologne|def|1\n|move|p1a: Glastrier|Swords Dance|p1a: Glastrier\n|-boost|p1a: Glastrier|atk|2\n|\n|-heal|p2a: Oinkologne|344/361|[from] item: Leftovers\n|upkeep\n|turn|34\n|\n|t:|1733901826\n|move|p2a: Oinkologne|Body Slam|p1a: Glastrier\n|-damage|p1a: Glastrier|41/312 par\n|move|p1a: Glastrier|Swords Dance|p1a: Glastrier\n|-boost|p1a: Glastrier|atk|2\n|\n|-heal|p2a: Oinkologne|361/361|[from] item: Leftovers\n|upkeep\n|turn|35\n|\n|t:|1733901829\n|move|p2a: Oinkologne|Body Slam|p1a: Glastrier\n|-damage|p1a: Glastrier|0 fnt\n|faint|p1a: Glastrier\n|\n|upkeep\n|\n|t:|1733901833\n|switch|p1a: Arceus|Arceus-Psychic, L69, tera:Steel|216/280\n|turn|36\n|\n|t:|1733901837\n|move|p1a: Arceus|Cosmic Power|p1a: Arceus\n|-boost|p1a: Arceus|def|1\n|-boost|p1a: Arceus|spd|1\n|move|p2a: Oinkologne|Body Slam|p1a: Arceus\n|-resisted|p1a: Arceus\n|-damage|p1a: Arceus|152/280\n|\n|upkeep\n|turn|37\n|\n|t:|1733901839\n|move|p1a: Arceus|Recover|p1a: Arceus\n|-heal|p1a: Arceus|280/280\n|move|p2a: Oinkologne|Body Slam|p1a: Arceus\n|-resisted|p1a: Arceus\n|-damage|p1a: Arceus|211/280\n|-status|p1a: Arceus|par\n|\n|upkeep\n|turn|38\n|\n|t:|1733901847\n|switch|p2a: Salamence|Salamence, L77, M|273/273\n|move|p1a: Arceus|Cosmic Power|p1a: Arceus\n|-boost|p1a: Arceus|def|1\n|-boost|p1a: Arceus|spd|1\n|\n|upkeep\n|turn|39\n|\n|t:|1733901860\n|move|p2a: Salamence|Dragon Dance|p2a: Salamence\n|-boost|p2a: Salamence|atk|1\n|-boost|p2a: Salamence|spe|1\n|move|p1a: Arceus|Recover|p1a: Arceus\n|-heal|p1a: Arceus|280/280 par\n|\n|upkeep\n|turn|40\n|\n|t:|1733901869\n|move|p2a: Salamence|Dragon Dance|p2a: Salamence\n|-boost|p2a: Salamence|atk|1\n|-boost|p2a: Salamence|spe|1\n|cant|p1a: Arceus|par\n|\n|upkeep\n|turn|41\n|\n|t:|1733901875\n|move|p2a: Salamence|Dragon Dance|p2a: Salamence\n|-boost|p2a: Salamence|atk|1\n|-boost|p2a: Salamence|spe|1\n|move|p1a: Arceus|Cosmic Power|p1a: Arceus\n|-boost|p1a: Arceus|def|1\n|-boost|p1a: Arceus|spd|1\n|\n|upkeep\n|turn|42\n|\n|t:|1733901883\n|move|p2a: Salamence|Earthquake|p1a: Arceus\n|-supereffective|p1a: Arceus\n|-damage|p1a: Arceus|124/280 par\n|move|p1a: Arceus|Stored Power|p2a: Salamence\n|-damage|p2a: Salamence|114/273\n|\n|upkeep\n|turn|43\n|\n|t:|1733901887\n|move|p2a: Salamence|Earthquake|p1a: Arceus\n|-supereffective|p1a: Arceus\n|-damage|p1a: Arceus|0 fnt\n|faint|p1a: Arceus\n|-ability|p2a: Salamence|Moxie|boost\n|-boost|p2a: Salamence|atk|1\n|\n|upkeep\n|\n|t:|1733901893\n|switch|p1a: Noctowl|Noctowl, L95, M|344/344\n|turn|44\n|\n|t:|1733901900\n|move|p2a: Salamence|Dual Wingbeat|p1a: Noctowl\n|-damage|p1a: Noctowl|166/344\n|-crit|p1a: Noctowl\n|-damage|p1a: Noctowl|0 fnt\n|faint|p1a: Noctowl\n|-ability|p2a: Salamence|Moxie|boost\n|-boost|p2a: Salamence|atk|1\n|-hitcount|p1: Noctowl|2\n|\n|upkeep\n|\n|t:|1733901907\n|switch|p1a: Braviary|Braviary, L85, M|309/309\n|turn|45\n|\n|t:|1733901909\n|move|p2a: Salamence|Outrage|p1a: Braviary\n|-damage|p1a: Braviary|0 fnt\n|faint|p1a: Braviary\n|-ability|p2a: Salamence|Moxie|boost\n|-boost|p2a: Salamence|atk|1\n|\n|upkeep\n|\n|t:|1733901912\n|switch|p1a: Grumpig|Grumpig, L92, M|297/297\n|turn|46\n|\n|t:|1733901914\n|move|p2a: Salamence|Outrage|p1a: Grumpig|[from]lockedmove\n|-damage|p1a: Grumpig|0 fnt\n|faint|p1a: Grumpig\n|-start|p2a: Salamence|confusion|[fatigue]\n|\n|win|the scholar\n|raw|EKR204's rating: 1428 &rarr; <strong>1411</strong><br />(-17 for losing)\n|raw|the scholar's rating: 1473 &rarr; <strong>1490</strong><br />(+17 for winning)\n", "inputlog": ">version bfd83cad13791eb5a5a409923076391caf6fb4d4\n>start {\"formatid\":\"gen9randombattle\",\"seed\":[35362,63347,2083,33055],\"rated\":\"Rated battle\"}\n>player p1 {\"name\":\"EKR204\",\"avatar\":\"169\",\"rating\":1428,\"seed\":[46755,24318,3702,46888]}\n>player p2 {\"name\":\"the scholar\",\"avatar\":\"schoolkid-gen4dp\",\"rating\":1473,\"seed\":[46323,63559,58589,52000]}\n>p1 switch 6\n>p2 move iciclespear\n>p1 move cosmicpower\n>p2 switch 4\n>p1 move recover\n>p2 switch 5\n>p1 move cosmicpower\n>p2 move encore\n>p1 switch 6\n>p2 switch 4\n>p1 switch 6\n>p2 move shellsmash\n>p1 move cosmicpower terastallize\n>p2 move iciclespear\n>p1 move recover\n>p2 switch 4\n>p1 move bodypress\n>p2 move encore\n>p1 switch 2\n>p2 switch 2\n>p1 move iciclecrash\n>p2 move thunderwave\n>p1 move swordsdance\n>p2 switch 4\n>p1 move closecombat\n>p2 move rockblast\n>p2 switch 2\n>p1 switch 6\n>p2 move encore terastallize\n>p1 move earthquake\n>p2 switch 3\n>p1 move stealthrock\n>p2 move bodyslam\n>p1 move spikes\n>p2 move rest\n>p1 move spikes\n>p2 move sleeptalk\n>p1 move spikes\n>p2 move sleeptalk\n>p1 switch 2\n>p2 move curse\n>p1 move cosmicpower\n>p2 move bodyslam\n>p1 move cosmicpower\n>p2 move bodyslam\n>p1 move bodypress\n>p2 move bodyslam\n>p1 move recover\n>p2 move bodyslam\n>p1 move cosmicpower\n>p2 move bodyslam\n>p1 move cosmicpower\n>p2 switch 3\n>p1 switch 3\n>p2 move tidyup\n>p1 switch 2\n>p2 move populationbomb\n>p1 switch 3\n>p2 switch 4\n>p1 move cosmicpower\n>p2 move thunderwave\n>p1 switch 6\n>p2 move thunderwave\n>p1 move swordsdance\n>p2 switch 3\n>p1 move closecombat\n>p2 move curse\n>p1 move swordsdance\n>p2 move curse\n>p1 move swordsdance\n>p2 move bodyslam\n>p1 move closecombat\n>p2 move bodyslam\n>p1 switch 6\n>p1 move cosmicpower\n>p2 move bodyslam\n>p1 move recover\n>p2 move bodyslam\n>p1 move cosmicpower\n>p2 switch 6\n>p1 move recover\n>p2 move dragondance\n>p1 move cosmicpower\n>p2 move dragondance\n>p1 move cosmicpower\n>p2 move dragondance\n>p1 move storedpower\n>p2 move earthquake\n>p1 move storedpower\n>p2 move earthquake\n>p1 switch 2\n>p1 move hypervoice\n>p2 move dualwingbeat\n>p1 switch 4\n>p1 move bravebird\n>p2 move outrage\n>p1 switch 5\n>p1 move dazzlinggleam\n>p2 move outrage", "uploadtime": 1733901916, "views": 11, "formatid": "gen9randombattle", "rating": 1411, "private": 0, "password": null}