{"id": "gen9randombattle-2207107986", "format": "[Gen 9] Random Battle", "players": ["Marrickchill", "RB2T Unstoppable"], "log": "|badge|p1|bronze|gen9randombattle|100-2\n|uhtml|medal-msg|<div class=\"broadcast-blue\">Curious what those medals under the avatar are? PS now has Ladder Seasons! For more information, check out the <a href=\"https://www.smogon.com/forums/threads/3740067/\">thread on Smogon.</a></div>\n|badge|p2|bronze|gen9randombattle|100-2\n|uhtml|medal-msg|<div class=\"broadcast-blue\">Curious what those medals under the avatar are? PS now has Ladder Seasons! For more information, check out the <a href=\"https://www.smogon.com/forums/threads/3740067/\">thread on Smogon.</a></div>\n|raw|<div class=\"broadcast-blue\"><strong>This battle is required to be public due to a player having a name starting with 'rb2t'.</div>\n|j|\u2606Marrickchill\n|j|\u203dRB2T Unstoppable\n|t:|1727002588\n|gametype|singles\n|player|p1|Marrickchill|266|2215\n|player|p2|RB2T Unstoppable|dawn|2349\n|teamsize|p1|6\n|teamsize|p2|6\n|gen|9\n|tier|[Gen 9] Random Battle\n|rated|\n|rule|Species Clause: Limit one of each Pok\u00e9mon\n|rule|HP Percentage Mod: HP is shown in percentages\n|rule|Sleep Clause Mod: Limit one foe put to sleep\n|rule|Illusion Level Mod: Illusion disguises the Pok\u00e9mon's true level\n|\n|t:|1727002588\n|start\n|switch|p1a: Regigigas|Regigigas, L84|322/322\n|switch|p2a: Great Tusk|Great Tusk, L77|304/304\n|-start|p1a: Regigigas|ability: Slow Start\n|turn|1\n|inactive|Battle timer is ON: inactive players will automatically lose when time's up. (requested by RB2T Unstoppable)\n|inactive|RB2T Unstoppable has 120 seconds left.\n|\n|t:|1727002635\n|move|p2a: Great Tusk|Bulk Up|p2a: Great Tusk\n|-boost|p2a: Great Tusk|atk|1\n|-boost|p2a: Great Tusk|def|1\n|move|p1a: Regigigas|Body Slam|p2a: Great Tusk\n|-damage|p2a: Great Tusk|270/304\n|-status|p2a: Great Tusk|par\n|\n|-heal|p2a: Great Tusk|289/304 par|[from] item: Leftovers\n|upkeep\n|turn|2\n|\n|t:|1727002644\n|-end|p1a: Regigigas|Slow Start|[silent]\n|switch|p1a: Sableye|Sableye, L90, M|236/236\n|move|p2a: Great Tusk|Close Combat|p1a: Sableye\n|-immune|p1a: Sableye\n|\n|-heal|p2a: Great Tusk|304/304 par|[from] item: Leftovers\n|upkeep\n|turn|3\n|\n|t:|1727002654\n|switch|p1a: Squawkabilly|Squawkabilly-Blue, L85, F|278/278\n|-end|p2a: Great Tusk|Protosynthesis|[silent]\n|switch|p2a: Overqwil|Overqwil, L82, M|274/274\n|-ability|p2a: Overqwil|Intimidate|boost\n|-unboost|p1a: Squawkabilly|atk|1\n|\n|-status|p1a: Squawkabilly|brn|[from] item: Flame Orb\n|upkeep\n|turn|4\n|\n|t:|1727002669\n|move|p1a: Squawkabilly|Facade|p2a: Overqwil\n|-damage|p2a: Overqwil|115/274\n|move|p2a: Overqwil|Gunk Shot|p1a: Squawkabilly\n|-damage|p1a: Squawkabilly|0 fnt\n|faint|p1a: Squawkabilly\n|\n|upkeep\n|\n|t:|1727002676\n|switch|p1a: Great Tusk|Great Tusk, L77|304/304\n|turn|5\n|\n|t:|1727002681\n|switch|p2a: Tsareena|Tsareena, L87, F|267/267\n|move|p1a: Great Tusk|Rapid Spin|p2a: Tsareena\n|-damage|p2a: Tsareena|231/267\n|-boost|p1a: Great Tusk|spe|1\n|\n|upkeep\n|turn|6\n|\n|t:|1727002692\n|move|p1a: Great Tusk|Ice Spinner|p2a: Tsareena\n|-supereffective|p2a: Tsareena\n|-crit|p2a: Tsareena\n|-damage|p2a: Tsareena|55/267\n|move|p2a: Tsareena|Power Whip|p1a: Great Tusk\n|-supereffective|p1a: Great Tusk\n|-damage|p1a: Great Tusk|70/304\n|\n|upkeep\n|turn|7\n|\n|t:|1727002711\n|move|p1a: Great Tusk|Close Combat|p2a: Tsareena\n|-damage|p2a: Tsareena|0 fnt\n|-unboost|p1a: Great Tusk|def|1\n|-unboost|p1a: Great Tusk|spd|1\n|faint|p2a: Tsareena\n|\n|upkeep\n|\n|t:|1727002714\n|switch|p2a: Overqwil|Overqwil, L82, M|115/274\n|-ability|p2a: Overqwil|Intimidate|boost\n|-unboost|p1a: Great Tusk|atk|1\n|turn|8\n|\n|t:|1727002722\n|-end|p1a: Great Tusk|Protosynthesis|[silent]\n|switch|p1a: Lapras|Lapras, L87, F|367/367\n|move|p2a: Overqwil|Aqua Jet|p1a: Lapras\n|-immune|p1a: Lapras|[from] ability: Water Absorb\n|\n|upkeep\n|turn|9\n|\n|t:|1727002742\n|switch|p2a: Gouging Fire|Gouging Fire, L74|277/277\n|move|p1a: Lapras|Sparkling Aria|p2a: Gouging Fire\n|-damage|p2a: Gouging Fire|132/277\n|\n|upkeep\n|turn|10\n|\n|t:|1727002758\n|move|p2a: Gouging Fire|Morning Sun|p2a: Gouging Fire\n|-heal|p2a: Gouging Fire|270/277\n|move|p1a: Lapras|Sparkling Aria|p2a: Gouging Fire\n|-damage|p2a: Gouging Fire|111/277\n|\n|upkeep\n|turn|11\n|\n|t:|1727002770\n|-end|p2a: Gouging Fire|Protosynthesis|[silent]\n|switch|p2a: Dragapult|Dragapult, L77, M|262/262\n|move|p1a: Lapras|Sparkling Aria|p2a: Dragapult\n|-resisted|p2a: Dragapult\n|-damage|p2a: Dragapult|171/262\n|\n|upkeep\n|turn|12\n|\n|t:|1727002783\n|move|p2a: Dragapult|Draco Meteor|p1a: Lapras\n|-damage|p1a: Lapras|201/367\n|-unboost|p2a: Dragapult|spa|2\n|move|p1a: Lapras|Sparkling Aria|p2a: Dragapult\n|-resisted|p2a: Dragapult\n|-crit|p2a: Dragapult\n|-damage|p2a: Dragapult|42/262\n|\n|upkeep\n|turn|13\n|\n|t:|1727002793\n|move|p2a: Dragapult|Draco Meteor|p1a: Lapras\n|-damage|p1a: Lapras|126/367\n|-unboost|p2a: Dragapult|spa|2\n|move|p1a: Lapras|Sparkling Aria|p2a: Dragapult\n|-resisted|p2a: Dragapult\n|-damage|p2a: Dragapult|0 fnt\n|faint|p2a: Dragapult\n|\n|upkeep\n|\n|t:|1727002798\n|switch|p2a: Overqwil|Overqwil, L82, M|115/274\n|-ability|p2a: Overqwil|Intimidate|boost\n|-unboost|p1a: Lapras|atk|1\n|turn|14\n|\n|t:|1727002804\n|move|p2a: Overqwil|Crunch|p1a: Lapras\n|-damage|p1a: Lapras|0 fnt\n|faint|p1a: Lapras\n|\n|upkeep\n|\n|t:|1727002809\n|switch|p1a: Great Tusk|Great Tusk, L77|70/304\n|turn|15\n|inactive|RB2T Unstoppable has 120 seconds left.\n|\n|t:|1727002840\n|switch|p2a: Gouging Fire|Gouging Fire, L74|111/277\n|move|p1a: Great Tusk|Headlong Rush|p2a: Gouging Fire\n|-supereffective|p2a: Gouging Fire\n|-damage|p2a: Gouging Fire|0 fnt\n|-unboost|p1a: Great Tusk|def|1\n|-unboost|p1a: Great Tusk|spd|1\n|faint|p2a: Gouging Fire\n|-end|p2a: Gouging Fire|Protosynthesis|[silent]\n|\n|upkeep\n|\n|t:|1727002845\n|switch|p2a: Overqwil|Overqwil, L82, M|115/274\n|-ability|p2a: Overqwil|Intimidate|boost\n|-unboost|p1a: Great Tusk|atk|1\n|turn|16\n|\n|t:|1727002852\n|move|p2a: Overqwil|Crunch|p1a: Great Tusk\n|-resisted|p1a: Great Tusk\n|-damage|p1a: Great Tusk|0 fnt\n|faint|p1a: Great Tusk\n|-end|p1a: Great Tusk|Protosynthesis|[silent]\n|\n|upkeep\n|\n|t:|1727002857\n|switch|p1a: Sunflora|Sunflora, M|312/312\n|turn|17\n|\n|t:|1727002877\n|move|p2a: Overqwil|Crunch|p1a: Sunflora\n|-damage|p1a: Sunflora|152/312\n|move|p1a: Sunflora|Dazzling Gleam|p2a: Overqwil\n|-damage|p2a: Overqwil|0 fnt\n|faint|p2a: Overqwil\n|\n|upkeep\n|\n|t:|1727002886\n|switch|p2a: Probopass|Probopass, L92, M|260/260\n|turn|18\n|inactive|RB2T Unstoppable has 120 seconds left.\n|\n|t:|1727002913\n|switch|p1a: Sableye|Sableye, L90, M|236/236\n|move|p2a: Probopass|Flash Cannon|p1a: Sableye\n|-damage|p1a: Sableye|140/236\n|\n|-heal|p1a: Sableye|154/236|[from] item: Leftovers\n|upkeep\n|turn|19\n|inactive|RB2T Unstoppable has 120 seconds left.\n|\n|t:|1727002923\n|switch|p2a: Great Tusk|Great Tusk, L77|304/304 par\n|move|p1a: Sableye|Knock Off|p2a: Great Tusk\n|-resisted|p2a: Great Tusk\n|-damage|p2a: Great Tusk|265/304 par\n|-enditem|p2a: Great Tusk|Leftovers|[from] move: Knock Off|[of] p1a: Sableye\n|\n|-heal|p1a: Sableye|168/236|[from] item: Leftovers\n|upkeep\n|turn|20\n|inactive|RB2T Unstoppable has 120 seconds left.\n|\n|t:|1727002932\n|switch|p1a: Sunflora|Sunflora, M|152/312\n|cant|p2a: Great Tusk|par\n|\n|upkeep\n|turn|21\n|\n|t:|1727002938\n|-terastallize|p1a: Sunflora|Ground\n|move|p1a: Sunflora|Earth Power|p2a: Great Tusk\n|-damage|p2a: Great Tusk|0 fnt\n|faint|p2a: Great Tusk\n|-end|p2a: Great Tusk|Protosynthesis|[silent]\n|\n|upkeep\n|\n|t:|1727002941\n|switch|p2a: Probopass|Probopass, L92, M|260/260\n|turn|22\n|\n|t:|1727002948\n|switch|p1a: Sableye|Sableye, L90, M|168/236\n|-terastallize|p2a: Probopass|Fighting\n|move|p2a: Probopass|Body Press|p1a: Sableye\n|-immune|p1a: Sableye\n|\n|-heal|p1a: Sableye|182/236|[from] item: Leftovers\n|upkeep\n|turn|23\n|\n|t:|1727002957\n|move|p1a: Sableye|Thunder Wave|p2a: Probopass\n|-status|p2a: Probopass|par\n|move|p2a: Probopass|Iron Defense|p2a: Probopass\n|-boost|p2a: Probopass|def|2\n|\n|-heal|p1a: Sableye|196/236|[from] item: Leftovers\n|upkeep\n|turn|24\n|\n|t:|1727002964\n|move|p1a: Sableye|Knock Off|p2a: Probopass\n|-resisted|p2a: Probopass\n|-damage|p2a: Probopass|245/260 par\n|-enditem|p2a: Probopass|Leftovers|[from] move: Knock Off|[of] p1a: Sableye\n|move|p2a: Probopass|Body Press|p1a: Sableye\n|-immune|p1a: Sableye\n|\n|-heal|p1a: Sableye|210/236|[from] item: Leftovers\n|upkeep\n|turn|25\n|\n|t:|1727002973\n|move|p1a: Sableye|Taunt|p2a: Probopass\n|-start|p2a: Probopass|move: Taunt\n|cant|p2a: Probopass|par\n|\n|-heal|p1a: Sableye|224/236|[from] item: Leftovers\n|upkeep\n|turn|26\n|\n|t:|1727002979\n|move|p1a: Sableye|Knock Off|p2a: Probopass\n|-resisted|p2a: Probopass\n|-damage|p2a: Probopass|233/260 par\n|move|p2a: Probopass|Flash Cannon|p1a: Sableye\n|-damage|p1a: Sableye|134/236\n|\n|-heal|p1a: Sableye|148/236|[from] item: Leftovers\n|upkeep\n|turn|27\n|\n|t:|1727002986\n|move|p1a: Sableye|Knock Off|p2a: Probopass\n|-resisted|p2a: Probopass\n|-damage|p2a: Probopass|223/260 par\n|move|p2a: Probopass|Flash Cannon|p1a: Sableye\n|-crit|p1a: Sableye\n|-damage|p1a: Sableye|0 fnt\n|faint|p1a: Sableye\n|\n|-end|p2a: Probopass|move: Taunt\n|upkeep\n|\n|t:|1727002994\n|switch|p1a: Sunflora|Sunflora, M, tera:Ground|152/312\n|turn|28\n|\n|t:|1727002998\n|move|p1a: Sunflora|Dazzling Gleam|p2a: Probopass\n|-supereffective|p2a: Probopass\n|-damage|p2a: Probopass|83/260 par\n|cant|p2a: Probopass|par\n|\n|upkeep\n|turn|29\n|\n|t:|1727003006\n|move|p1a: Sunflora|Dazzling Gleam|p2a: Probopass\n|-supereffective|p2a: Probopass\n|-damage|p2a: Probopass|0 fnt\n|faint|p2a: Probopass\n|\n|win|Marrickchill\n|raw|Marrickchill's rating: 2215 &rarr; <strong>2242</strong><br />(+27 for winning)\n|raw|RB2T Unstoppable's rating: 2349 &rarr; <strong>2322</strong><br />(-27 for losing)\n|l|\u2606Marrickchill\n|player|p1|\n", "inputlog": ">version ddf5848a381b6afa3b8db755b9bdef59b522c4eb\n>start {\"formatid\":\"gen9randombattle\",\"seed\":[13601,18365,16405,46701],\"rated\":\"Rated battle\"}\n>player p1 {\"name\":\"Marrickchill\",\"avatar\":\"266\",\"rating\":2215,\"seed\":[59769,13589,12442,49763]}\n>player p2 {\"name\":\"RB2T Unstoppable\",\"avatar\":\"dawn\",\"rating\":2349,\"seed\":[25118,51100,8887,11152]}\n>p1 move bodyslam\n>p2 move bulkup\n>p1 switch 3\n>p2 move closecombat\n>p1 switch 5\n>p2 switch 4\n>p1 move facade\n>p2 move gunkshot\n>p1 switch 6\n>p1 move rapidspin\n>p2 switch 3\n>p1 move icespinner\n>p2 move powerwhip\n>p1 move closecombat\n>p2 move powerwhip\n>p2 switch 3\n>p1 switch 2\n>p2 move aquajet\n>p1 move sparklingaria\n>p2 switch 6\n>p1 move sparklingaria\n>p2 move morningsun\n>p1 move sparklingaria\n>p2 switch 2\n>p1 move sparklingaria\n>p2 move dracometeor\n>p1 move sparklingaria\n>p2 move dracometeor\n>p2 switch 6\n>p1 move sparklingaria\n>p2 move crunch\n>p1 switch 2\n>p1 move headlongrush\n>p2 switch 2\n>p2 switch 2\n>p1 move headlongrush\n>p2 move crunch\n>p1 switch 4\n>p1 move dazzlinggleam\n>p2 move crunch\n>p2 switch 5\n>p1 switch 5\n>p2 move flashcannon\n>p1 move knockoff\n>p2 switch 4\n>p1 switch 5\n>p2 move closecombat\n>p1 move earthpower terastallize\n>p2 move closecombat\n>p2 switch 4\n>p1 switch 5\n>p2 move bodypress terastallize\n>p1 move thunderwave\n>p2 move irondefense\n>p1 move knockoff\n>p2 move bodypress\n>p1 move taunt\n>p2 move flashcannon\n>p1 move knockoff\n>p2 move flashcannon\n>p1 move knockoff\n>p2 move flashcannon\n>p1 switch 5\n>p1 move dazzlinggleam\n>p2 move bodypress\n>p1 move dazzlinggleam\n>p2 move bodypress", "uploadtime": 1727003008, "views": 96, "formatid": "gen9randombattle", "rating": 2242, "private": 0, "password": null}