{"id": "gen9randombattle-2260597590", "format": "[Gen 9] Random Battle", "players": ["adderallniter", "lolerman1234"], "log": "|j|\u2606adderallniter\n|j|\u2606lolerman1234\n|t:|1733867570\n|gametype|singles\n|player|p1|adderallniter|clown|1288\n|player|p2|lolerman1234|169|1309\n|teamsize|p1|6\n|teamsize|p2|6\n|gen|9\n|tier|[Gen 9] Random Battle\n|rated|\n|rule|Species Clause: Limit one of each Pok\u00e9mon\n|rule|HP Percentage Mod: HP is shown in percentages\n|rule|Sleep Clause Mod: Limit one foe put to sleep\n|rule|Illusion Level Mod: Illusion disguises the Pok\u00e9mon's true level\n|\n|t:|1733867570\n|start\n|switch|p1a: Delibird|Delibird, F|252/252\n|switch|p2a: Gliscor|Gliscor, L76, F|239/239\n|turn|1\n|inactive|Battle timer is ON: inactive players will automatically lose when time's up. (requested by lolerman1234)\n|\n|t:|1733867595\n|move|p2a: Gliscor|Protect|p2a: Gliscor\n|-singleturn|p2a: Gliscor|Protect\n|move|p1a: Delibird|Freeze-Dry|p2a: Gliscor\n|-activate|p2a: Gliscor|move: Protect\n|\n|-status|p2a: Gliscor|tox|[from] item: Toxic Orb\n|upkeep\n|turn|2\n|\n|t:|1733867610\n|switch|p2a: Grumpig|Grumpig, L92, F|297/297\n|move|p1a: Delibird|Freeze-Dry|p2a: Grumpig\n|-damage|p2a: Grumpig|269/297\n|\n|-heal|p2a: Grumpig|287/297|[from] item: Leftovers\n|upkeep\n|turn|3\n|\n|t:|1733867623\n|switch|p1a: Poliwrath|Poliwrath, L88, F|302/302\n|move|p2a: Grumpig|Nasty Plot|p2a: Grumpig\n|-boost|p2a: Grumpig|spa|2\n|\n|-heal|p2a: Grumpig|297/297|[from] item: Leftovers\n|upkeep\n|turn|4\n|\n|t:|1733867638\n|move|p2a: Grumpig|Nasty Plot|p2a: Grumpig\n|-boost|p2a: Grumpig|spa|2\n|move|p1a: Poliwrath|Rain Dance|p1a: Poliwrath\n|-weather|RainDance\n|\n|-weather|RainDance|[upkeep]\n|upkeep\n|turn|5\n|\n|t:|1733867646\n|move|p1a: Poliwrath|Knock Off|p2a: Grumpig\n|-supereffective|p2a: Grumpig\n|-damage|p2a: Grumpig|63/297\n|-enditem|p2a: Grumpig|Leftovers|[from] move: Knock Off|[of] p1a: Poliwrath\n|-damage|p1a: Poliwrath|272/302|[from] item: Life Orb\n|move|p2a: Grumpig|Psyshock|p1a: Poliwrath\n|-supereffective|p1a: Poliwrath\n|-damage|p1a: Poliwrath|0 fnt\n|faint|p1a: Poliwrath\n|\n|-weather|RainDance|[upkeep]\n|upkeep\n|\n|t:|1733867669\n|switch|p1a: Krookodile|Krookodile, L80, M|283/283\n|-ability|p1a: Krookodile|Intimidate|boost\n|-unboost|p2a: Grumpig|atk|1\n|turn|6\n|\n|t:|1733867676\n|move|p2a: Grumpig|Dazzling Gleam|p1a: Krookodile\n|-supereffective|p1a: Krookodile\n|-damage|p1a: Krookodile|0 fnt\n|faint|p1a: Krookodile\n|\n|-weather|RainDance|[upkeep]\n|upkeep\n|\n|t:|1733867688\n|switch|p1a: Meloetta|Meloetta, L82|298/298\n|turn|7\n|\n|t:|1733867694\n|move|p2a: Grumpig|Psyshock|p1a: Meloetta\n|-resisted|p1a: Meloetta\n|-damage|p1a: Meloetta|127/298\n|move|p1a: Meloetta|Knock Off|p2a: Grumpig\n|-supereffective|p2a: Grumpig\n|-damage|p2a: Grumpig|0 fnt\n|faint|p2a: Grumpig\n|-damage|p1a: Meloetta|98/298|[from] item: Life Orb\n|\n|-weather|RainDance|[upkeep]\n|upkeep\n|\n|t:|1733867699\n|switch|p2a: Gliscor|Gliscor, L76, F|239/239 tox\n|turn|8\n|\n|t:|1733867706\n|move|p1a: Meloetta|Triple Axel|p2a: Gliscor\n|-supereffective|p2a: Gliscor\n|-damage|p2a: Gliscor|182/239 tox\n|-supereffective|p2a: Gliscor\n|-damage|p2a: Gliscor|78/239 tox\n|-supereffective|p2a: Gliscor\n|-damage|p2a: Gliscor|0 fnt\n|faint|p2a: Gliscor\n|-hitcount|p2: Gliscor|3\n|-damage|p1a: Meloetta|69/298|[from] item: Life Orb\n|\n|-weather|none\n|upkeep\n|\n|t:|1733867714\n|switch|p2a: Vivillon|Vivillon, L84, M|272/272\n|turn|9\n|\n|t:|1733867720\n|move|p2a: Vivillon|Quiver Dance|p2a: Vivillon\n|-boost|p2a: Vivillon|spa|1\n|-boost|p2a: Vivillon|spd|1\n|-boost|p2a: Vivillon|spe|1\n|move|p1a: Meloetta|Triple Axel|p2a: Vivillon\n|-supereffective|p2a: Vivillon\n|-damage|p2a: Vivillon|230/272\n|-supereffective|p2a: Vivillon\n|-damage|p2a: Vivillon|139/272\n|-supereffective|p2a: Vivillon\n|-damage|p2a: Vivillon|0 fnt\n|faint|p2a: Vivillon\n|-hitcount|p2: Vivillon|3\n|-damage|p1a: Meloetta|40/298|[from] item: Life Orb\n|\n|upkeep\n|\n|t:|1733867726\n|switch|p2a: Raging Bolt|Raging Bolt, L78|323/323\n|turn|10\n|\n|t:|1733867742\n|move|p2a: Raging Bolt|Thunderclap|p1a: Meloetta\n|-damage|p1a: Meloetta|0 fnt\n|faint|p1a: Meloetta\n|\n|upkeep\n|\n|t:|1733867746\n|switch|p1a: Skeledirge|Skeledirge, L79, M|294/294\n|turn|11\n|\n|t:|1733867751\n|move|p2a: Raging Bolt|Calm Mind|p2a: Raging Bolt\n|-boost|p2a: Raging Bolt|spa|1\n|-boost|p2a: Raging Bolt|spd|1\n|move|p1a: Skeledirge|Will-O-Wisp|p2a: Raging Bolt\n|-status|p2a: Raging Bolt|brn\n|\n|-damage|p2a: Raging Bolt|303/323 brn|[from] brn\n|upkeep\n|turn|12\n|\n|t:|1733867762\n|move|p2a: Raging Bolt|Calm Mind|p2a: Raging Bolt\n|-boost|p2a: Raging Bolt|spa|1\n|-boost|p2a: Raging Bolt|spd|1\n|move|p1a: Skeledirge|Hex|p2a: Raging Bolt\n|-damage|p2a: Raging Bolt|158/323 brn\n|\n|-heal|p2a: Raging Bolt|178/323 brn|[from] item: Leftovers\n|-damage|p2a: Raging Bolt|158/323 brn|[from] brn\n|upkeep\n|turn|13\n|\n|t:|1733867771\n|move|p2a: Raging Bolt|Dragon Pulse|p1a: Skeledirge\n|-damage|p1a: Skeledirge|170/294\n|move|p1a: Skeledirge|Hex|p2a: Raging Bolt\n|-damage|p2a: Raging Bolt|20/323 brn\n|\n|-heal|p2a: Raging Bolt|40/323 brn|[from] item: Leftovers\n|-damage|p2a: Raging Bolt|20/323 brn|[from] brn\n|upkeep\n|turn|14\n|\n|t:|1733867781\n|move|p2a: Raging Bolt|Thunderbolt|p1a: Skeledirge\n|-damage|p1a: Skeledirge|50/294\n|move|p1a: Skeledirge|Slack Off|p1a: Skeledirge\n|-heal|p1a: Skeledirge|197/294\n|\n|-heal|p2a: Raging Bolt|40/323 brn|[from] item: Leftovers\n|-damage|p2a: Raging Bolt|20/323 brn|[from] brn\n|upkeep\n|turn|15\n|\n|t:|1733867789\n|move|p2a: Raging Bolt|Thunderbolt|p1a: Skeledirge\n|-damage|p1a: Skeledirge|58/294\n|move|p1a: Skeledirge|Torch Song|p2a: Raging Bolt\n|-resisted|p2a: Raging Bolt\n|-crit|p2a: Raging Bolt\n|-damage|p2a: Raging Bolt|0 fnt\n|-boost|p1a: Skeledirge|spa|1\n|faint|p2a: Raging Bolt\n|-end|p2a: Raging Bolt|Protosynthesis|[silent]\n|\n|upkeep\n|\n|t:|1733867799\n|switch|p2a: Spiritomb|Spiritomb, L89, M|234/234\n|turn|16\n|\n|t:|1733867803\n|move|p2a: Spiritomb|Sucker Punch||[still]\n|-fail|p2a: Spiritomb\n|move|p1a: Skeledirge|Slack Off|p1a: Skeledirge\n|-heal|p1a: Skeledirge|205/294\n|\n|upkeep\n|turn|17\n|\n|t:|1733867809\n|move|p1a: Skeledirge|Slack Off|p1a: Skeledirge\n|-heal|p1a: Skeledirge|294/294\n|move|p2a: Spiritomb|Foul Play|p1a: Skeledirge\n|-supereffective|p1a: Skeledirge\n|-damage|p1a: Skeledirge|174/294\n|\n|upkeep\n|turn|18\n|\n|t:|1733867816\n|move|p1a: Skeledirge|Torch Song|p2a: Spiritomb\n|-damage|p2a: Spiritomb|134/234\n|-boost|p1a: Skeledirge|spa|1\n|move|p2a: Spiritomb|Poltergeist|p1a: Skeledirge|[miss]\n|-miss|p2a: Spiritomb|p1a: Skeledirge\n|\n|-heal|p2a: Spiritomb|148/234|[from] item: Leftovers\n|upkeep\n|turn|19\n|\n|t:|1733867827\n|move|p1a: Skeledirge|Torch Song|p2a: Spiritomb\n|-damage|p2a: Spiritomb|4/234\n|-boost|p1a: Skeledirge|spa|1\n|move|p2a: Spiritomb|Poltergeist|p1a: Skeledirge\n|-activate|p1a: Skeledirge|move: Poltergeist|Heavy-Duty Boots\n|-supereffective|p1a: Skeledirge\n|-damage|p1a: Skeledirge|0 fnt\n|faint|p1a: Skeledirge\n|\n|-heal|p2a: Spiritomb|18/234|[from] item: Leftovers\n|upkeep\n|\n|t:|1733867844\n|switch|p1a: Delibird|Delibird, F|252/252\n|turn|20\n|\n|t:|1733867851\n|move|p2a: Spiritomb|Sucker Punch|p1a: Delibird\n|-damage|p1a: Delibird|143/252\n|move|p1a: Delibird|Freeze-Dry|p2a: Spiritomb\n|-damage|p2a: Spiritomb|0 fnt\n|faint|p2a: Spiritomb\n|\n|upkeep\n|\n|t:|1733867853\n|switch|p2a: Quagsire|Quagsire, L84, F|297/297\n|turn|21\n|\n|t:|1733867862\n|-terastallize|p2a: Quagsire|Steel\n|move|p1a: Delibird|Freeze-Dry|p2a: Quagsire\n|-resisted|p2a: Quagsire\n|-damage|p2a: Quagsire|244/297\n|move|p2a: Quagsire|Ice Beam|p1a: Delibird\n|-damage|p1a: Delibird|84/252\n|\n|-heal|p2a: Quagsire|262/297|[from] item: Leftovers\n|upkeep\n|turn|22\n|\n|t:|1733867883\n|move|p1a: Delibird|Brave Bird|p2a: Quagsire\n|-resisted|p2a: Quagsire\n|-damage|p2a: Quagsire|202/297\n|-damage|p1a: Delibird|64/252|[from] Recoil\n|move|p2a: Quagsire|Ice Beam|p1a: Delibird\n|-damage|p1a: Delibird|4/252\n|\n|-heal|p2a: Quagsire|220/297|[from] item: Leftovers\n|upkeep\n|turn|23\n|\n|t:|1733867894\n|move|p1a: Delibird|Brave Bird|p2a: Quagsire\n|-resisted|p2a: Quagsire\n|-damage|p2a: Quagsire|158/297\n|-damage|p1a: Delibird|0 fnt|[from] Recoil\n|faint|p1a: Delibird\n|move|p2a: Quagsire|Spikes|p1: Delibird\n|-sidestart|p1: adderallniter|Spikes\n|\n|-heal|p2a: Quagsire|176/297|[from] item: Leftovers\n|upkeep\n|\n|t:|1733867903\n|switch|p1a: Dondozo|Dondozo, L78, M|362/362\n|-damage|p1a: Dondozo|317/362|[from] Spikes\n|turn|24\n|\n|t:|1733867916\n|move|p2a: Quagsire|Earthquake|p1a: Dondozo\n|-damage|p1a: Dondozo|226/362\n|move|p1a: Dondozo|Wave Crash|p2a: Quagsire\n|-damage|p2a: Quagsire|68/297\n|-damage|p1a: Dondozo|190/362|[from] Recoil\n|\n|-heal|p2a: Quagsire|86/297|[from] item: Leftovers\n|-heal|p1a: Dondozo|212/362|[from] item: Leftovers\n|upkeep\n|turn|25\n|\n|t:|1733867931\n|move|p2a: Quagsire|Recover|p2a: Quagsire\n|-heal|p2a: Quagsire|235/297\n|move|p1a: Dondozo|Wave Crash|p2a: Quagsire\n|-damage|p2a: Quagsire|124/297\n|-damage|p1a: Dondozo|175/362|[from] Recoil\n|\n|-heal|p2a: Quagsire|142/297|[from] item: Leftovers\n|-heal|p1a: Dondozo|197/362|[from] item: Leftovers\n|upkeep\n|turn|26\n|\n|t:|1733867947\n|move|p2a: Quagsire|Recover|p2a: Quagsire\n|-heal|p2a: Quagsire|291/297\n|move|p1a: Dondozo|Rest|p1a: Dondozo\n|-status|p1a: Dondozo|slp|[from] move: Rest\n|-heal|p1a: Dondozo|362/362 slp|[silent]\n|\n|-heal|p2a: Quagsire|297/297|[from] item: Leftovers\n|upkeep\n|turn|27\n|\n|t:|1733867956\n|move|p2a: Quagsire|Earthquake|p1a: Dondozo\n|-damage|p1a: Dondozo|283/362 slp\n|cant|p1a: Dondozo|slp\n|move|p1a: Dondozo|Sleep Talk|p1a: Dondozo\n|move|p1a: Dondozo|Wave Crash|p2a: Quagsire|[from]move: Sleep Talk\n|-damage|p2a: Quagsire|188/297\n|-damage|p1a: Dondozo|247/362 slp|[from] Recoil\n|\n|-heal|p2a: Quagsire|206/297|[from] item: Leftovers\n|-heal|p1a: Dondozo|269/362 slp|[from] item: Leftovers\n|upkeep\n|turn|28\n|\n|t:|1733867967\n|move|p2a: Quagsire|Ice Beam|p1a: Dondozo\n|-resisted|p1a: Dondozo\n|-damage|p1a: Dondozo|236/362 slp\n|cant|p1a: Dondozo|slp\n|move|p1a: Dondozo|Sleep Talk|p1a: Dondozo\n|move|p1a: Dondozo|Curse|p1a: Dondozo|[from]move: Sleep Talk\n|-unboost|p1a: Dondozo|spe|1\n|-boost|p1a: Dondozo|atk|1\n|-boost|p1a: Dondozo|def|1\n|\n|-heal|p2a: Quagsire|224/297|[from] item: Leftovers\n|-heal|p1a: Dondozo|258/362 slp|[from] item: Leftovers\n|upkeep\n|turn|29\n|\n|t:|1733867980\n|move|p2a: Quagsire|Earthquake|p1a: Dondozo\n|-damage|p1a: Dondozo|179/362 slp\n|-curestatus|p1a: Dondozo|slp|[msg]\n|move|p1a: Dondozo|Wave Crash|p2a: Quagsire\n|-damage|p2a: Quagsire|107/297\n|-damage|p1a: Dondozo|140/362|[from] Recoil\n|\n|-heal|p2a: Quagsire|125/297|[from] item: Leftovers\n|-heal|p1a: Dondozo|162/362|[from] item: Leftovers\n|upkeep\n|turn|30\n|\n|t:|1733867990\n|move|p2a: Quagsire|Earthquake|p1a: Dondozo\n|-damage|p1a: Dondozo|81/362\n|move|p1a: Dondozo|Rest|p1a: Dondozo\n|-status|p1a: Dondozo|slp|[from] move: Rest\n|-heal|p1a: Dondozo|362/362 slp|[silent]\n|\n|-heal|p2a: Quagsire|143/297|[from] item: Leftovers\n|upkeep\n|turn|31\n|\n|t:|1733867998\n|move|p2a: Quagsire|Earthquake|p1a: Dondozo\n|-crit|p1a: Dondozo\n|-damage|p1a: Dondozo|236/362 slp\n|cant|p1a: Dondozo|slp\n|move|p1a: Dondozo|Sleep Talk|p1a: Dondozo\n|move|p1a: Dondozo|Rest||[from]move: Sleep Talk|[still]\n|-fail|p1a: Dondozo\n|\n|-heal|p2a: Quagsire|161/297|[from] item: Leftovers\n|-heal|p1a: Dondozo|258/362 slp|[from] item: Leftovers\n|upkeep\n|turn|32\n|\n|t:|1733868008\n|move|p2a: Quagsire|Ice Beam|p1a: Dondozo\n|-resisted|p1a: Dondozo\n|-damage|p1a: Dondozo|224/362 slp\n|cant|p1a: Dondozo|slp\n|move|p1a: Dondozo|Sleep Talk|p1a: Dondozo\n|move|p1a: Dondozo|Rest||[from]move: Sleep Talk|[still]\n|-fail|p1a: Dondozo\n|\n|-heal|p2a: Quagsire|179/297|[from] item: Leftovers\n|-heal|p1a: Dondozo|246/362 slp|[from] item: Leftovers\n|upkeep\n|turn|33\n|\n|t:|1733868018\n|move|p2a: Quagsire|Ice Beam|p1a: Dondozo\n|-resisted|p1a: Dondozo\n|-damage|p1a: Dondozo|215/362 slp\n|-curestatus|p1a: Dondozo|slp|[msg]\n|move|p1a: Dondozo|Sleep Talk||[still]\n|-fail|p1a: Dondozo\n|\n|-heal|p2a: Quagsire|197/297|[from] item: Leftovers\n|-heal|p1a: Dondozo|237/362|[from] item: Leftovers\n|upkeep\n|turn|34\n|\n|t:|1733868027\n|move|p2a: Quagsire|Ice Beam|p1a: Dondozo\n|-resisted|p1a: Dondozo\n|-damage|p1a: Dondozo|205/362\n|move|p1a: Dondozo|Wave Crash|p2a: Quagsire\n|-damage|p2a: Quagsire|79/297\n|-damage|p1a: Dondozo|166/362|[from] Recoil\n|\n|-heal|p2a: Quagsire|97/297|[from] item: Leftovers\n|-heal|p1a: Dondozo|188/362|[from] item: Leftovers\n|upkeep\n|turn|35\n|\n|t:|1733868036\n|move|p2a: Quagsire|Recover|p2a: Quagsire\n|-heal|p2a: Quagsire|246/297\n|move|p1a: Dondozo|Wave Crash|p2a: Quagsire\n|-damage|p2a: Quagsire|128/297\n|-damage|p1a: Dondozo|149/362|[from] Recoil\n|\n|-heal|p2a: Quagsire|146/297|[from] item: Leftovers\n|-heal|p1a: Dondozo|171/362|[from] item: Leftovers\n|upkeep\n|turn|36\n|\n|t:|1733868045\n|move|p2a: Quagsire|Ice Beam|p1a: Dondozo\n|-resisted|p1a: Dondozo\n|-damage|p1a: Dondozo|141/362\n|move|p1a: Dondozo|Rest|p1a: Dondozo\n|-status|p1a: Dondozo|slp|[from] move: Rest\n|-heal|p1a: Dondozo|362/362 slp|[silent]\n|\n|-heal|p2a: Quagsire|164/297|[from] item: Leftovers\n|upkeep\n|turn|37\n|\n|t:|1733868053\n|move|p2a: Quagsire|Earthquake|p1a: Dondozo\n|-damage|p1a: Dondozo|277/362 slp\n|cant|p1a: Dondozo|slp\n|move|p1a: Dondozo|Sleep Talk|p1a: Dondozo\n|move|p1a: Dondozo|Rest||[from]move: Sleep Talk|[still]\n|-fail|p1a: Dondozo\n|\n|-heal|p2a: Quagsire|182/297|[from] item: Leftovers\n|-heal|p1a: Dondozo|299/362 slp|[from] item: Leftovers\n|upkeep\n|turn|38\n|\n|t:|1733868063\n|move|p2a: Quagsire|Earthquake|p1a: Dondozo\n|-damage|p1a: Dondozo|221/362 slp\n|cant|p1a: Dondozo|slp\n|move|p1a: Dondozo|Sleep Talk|p1a: Dondozo\n|move|p1a: Dondozo|Curse|p1a: Dondozo|[from]move: Sleep Talk\n|-unboost|p1a: Dondozo|spe|1\n|-boost|p1a: Dondozo|atk|1\n|-boost|p1a: Dondozo|def|1\n|\n|-heal|p2a: Quagsire|200/297|[from] item: Leftovers\n|-heal|p1a: Dondozo|243/362 slp|[from] item: Leftovers\n|upkeep\n|turn|39\n|\n|t:|1733868075\n|move|p2a: Quagsire|Earthquake|p1a: Dondozo\n|-damage|p1a: Dondozo|164/362 slp\n|-curestatus|p1a: Dondozo|slp|[msg]\n|move|p1a: Dondozo|Wave Crash|p2a: Quagsire\n|-damage|p2a: Quagsire|76/297\n|-damage|p1a: Dondozo|123/362|[from] Recoil\n|\n|-heal|p2a: Quagsire|94/297|[from] item: Leftovers\n|-heal|p1a: Dondozo|145/362|[from] item: Leftovers\n|upkeep\n|turn|40\n|\n|t:|1733868085\n|move|p2a: Quagsire|Recover|p2a: Quagsire\n|-heal|p2a: Quagsire|243/297\n|move|p1a: Dondozo|Wave Crash|p2a: Quagsire\n|-damage|p2a: Quagsire|117/297\n|-damage|p1a: Dondozo|103/362|[from] Recoil\n|\n|-heal|p2a: Quagsire|135/297|[from] item: Leftovers\n|-heal|p1a: Dondozo|125/362|[from] item: Leftovers\n|upkeep\n|turn|41\n|\n|t:|1733868097\n|move|p2a: Quagsire|Earthquake|p1a: Dondozo\n|-damage|p1a: Dondozo|41/362\n|move|p1a: Dondozo|Rest|p1a: Dondozo\n|-status|p1a: Dondozo|slp|[from] move: Rest\n|-heal|p1a: Dondozo|362/362 slp|[silent]\n|\n|-heal|p2a: Quagsire|153/297|[from] item: Leftovers\n|upkeep\n|turn|42\n|\n|t:|1733868106\n|move|p2a: Quagsire|Earthquake|p1a: Dondozo\n|-damage|p1a: Dondozo|280/362 slp\n|cant|p1a: Dondozo|slp\n|move|p1a: Dondozo|Sleep Talk|p1a: Dondozo\n|move|p1a: Dondozo|Rest||[from]move: Sleep Talk|[still]\n|-fail|p1a: Dondozo\n|\n|-heal|p2a: Quagsire|171/297|[from] item: Leftovers\n|-heal|p1a: Dondozo|302/362 slp|[from] item: Leftovers\n|upkeep\n|turn|43\n|\n|t:|1733868116\n|move|p2a: Quagsire|Earthquake|p1a: Dondozo\n|-damage|p1a: Dondozo|220/362 slp\n|cant|p1a: Dondozo|slp\n|move|p1a: Dondozo|Sleep Talk|p1a: Dondozo\n|move|p1a: Dondozo|Wave Crash|p2a: Quagsire|[from]move: Sleep Talk\n|-damage|p2a: Quagsire|44/297\n|-damage|p1a: Dondozo|178/362 slp|[from] Recoil\n|\n|-heal|p2a: Quagsire|62/297|[from] item: Leftovers\n|-heal|p1a: Dondozo|200/362 slp|[from] item: Leftovers\n|upkeep\n|turn|44\n|\n|t:|1733868127\n|move|p2a: Quagsire|Recover|p2a: Quagsire\n|-heal|p2a: Quagsire|211/297\n|-curestatus|p1a: Dondozo|slp|[msg]\n|move|p1a: Dondozo|Wave Crash|p2a: Quagsire\n|-damage|p2a: Quagsire|91/297\n|-damage|p1a: Dondozo|160/362|[from] Recoil\n|\n|-heal|p2a: Quagsire|109/297|[from] item: Leftovers\n|-heal|p1a: Dondozo|182/362|[from] item: Leftovers\n|upkeep\n|turn|45\n|\n|t:|1733868140\n|move|p2a: Quagsire|Recover|p2a: Quagsire\n|-heal|p2a: Quagsire|258/297\n|move|p1a: Dondozo|Wave Crash|p2a: Quagsire\n|-damage|p2a: Quagsire|146/297\n|-damage|p1a: Dondozo|145/362|[from] Recoil\n|\n|-heal|p2a: Quagsire|164/297|[from] item: Leftovers\n|-heal|p1a: Dondozo|167/362|[from] item: Leftovers\n|upkeep\n|turn|46\n|\n|t:|1733868149\n|move|p2a: Quagsire|Earthquake|p1a: Dondozo\n|-damage|p1a: Dondozo|88/362\n|move|p1a: Dondozo|Curse|p1a: Dondozo\n|-unboost|p1a: Dondozo|spe|1\n|-boost|p1a: Dondozo|atk|1\n|-boost|p1a: Dondozo|def|1\n|\n|-heal|p2a: Quagsire|182/297|[from] item: Leftovers\n|-heal|p1a: Dondozo|110/362|[from] item: Leftovers\n|upkeep\n|turn|47\n|\n|t:|1733868163\n|move|p2a: Quagsire|Earthquake|p1a: Dondozo\n|-damage|p1a: Dondozo|29/362\n|move|p1a: Dondozo|Rest|p1a: Dondozo\n|-status|p1a: Dondozo|slp|[from] move: Rest\n|-heal|p1a: Dondozo|362/362 slp|[silent]\n|\n|-heal|p2a: Quagsire|200/297|[from] item: Leftovers\n|upkeep\n|turn|48\n|\n|t:|1733868171\n|move|p2a: Quagsire|Ice Beam|p1a: Dondozo\n|-resisted|p1a: Dondozo\n|-damage|p1a: Dondozo|328/362 slp\n|cant|p1a: Dondozo|slp\n|move|p1a: Dondozo|Sleep Talk|p1a: Dondozo\n|move|p1a: Dondozo|Curse|p1a: Dondozo|[from]move: Sleep Talk\n|-unboost|p1a: Dondozo|spe|1\n|-boost|p1a: Dondozo|atk|1\n|-boost|p1a: Dondozo|def|1\n|\n|-heal|p2a: Quagsire|218/297|[from] item: Leftovers\n|-heal|p1a: Dondozo|350/362 slp|[from] item: Leftovers\n|upkeep\n|turn|49\n|\n|t:|1733868183\n|move|p2a: Quagsire|Ice Beam|p1a: Dondozo\n|-resisted|p1a: Dondozo\n|-damage|p1a: Dondozo|319/362 slp\n|cant|p1a: Dondozo|slp\n|\n|-heal|p2a: Quagsire|236/297|[from] item: Leftovers\n|-heal|p1a: Dondozo|341/362 slp|[from] item: Leftovers\n|upkeep\n|turn|50\n|\n|t:|1733868191\n|move|p2a: Quagsire|Ice Beam|p1a: Dondozo\n|-resisted|p1a: Dondozo\n|-damage|p1a: Dondozo|309/362 slp\n|-curestatus|p1a: Dondozo|slp|[msg]\n|move|p1a: Dondozo|Wave Crash|p2a: Quagsire\n|-damage|p2a: Quagsire|115/297\n|-damage|p1a: Dondozo|269/362|[from] Recoil\n|\n|-heal|p2a: Quagsire|133/297|[from] item: Leftovers\n|-heal|p1a: Dondozo|291/362|[from] item: Leftovers\n|upkeep\n|turn|51\n|\n|t:|1733868201\n|move|p2a: Quagsire|Recover|p2a: Quagsire\n|-heal|p2a: Quagsire|282/297\n|move|p1a: Dondozo|Wave Crash|p2a: Quagsire\n|-damage|p2a: Quagsire|165/297\n|-damage|p1a: Dondozo|252/362|[from] Recoil\n|\n|-heal|p2a: Quagsire|183/297|[from] item: Leftovers\n|-heal|p1a: Dondozo|274/362|[from] item: Leftovers\n|upkeep\n|turn|52\n|\n|t:|1733868210\n|move|p2a: Quagsire|Ice Beam|p1a: Dondozo\n|-resisted|p1a: Dondozo\n|-damage|p1a: Dondozo|243/362\n|-status|p1a: Dondozo|frz\n|cant|p1a: Dondozo|frz\n|\n|-heal|p2a: Quagsire|201/297|[from] item: Leftovers\n|-heal|p1a: Dondozo|265/362 frz|[from] item: Leftovers\n|upkeep\n|turn|53\n|\n|t:|1733868219\n|move|p2a: Quagsire|Earthquake|p1a: Dondozo\n|-damage|p1a: Dondozo|177/362 frz\n|cant|p1a: Dondozo|frz\n|\n|-heal|p2a: Quagsire|219/297|[from] item: Leftovers\n|-heal|p1a: Dondozo|199/362 frz|[from] item: Leftovers\n|upkeep\n|turn|54\n|\n|t:|1733868226\n|move|p2a: Quagsire|Earthquake|p1a: Dondozo\n|-damage|p1a: Dondozo|118/362 frz\n|cant|p1a: Dondozo|frz\n|\n|-heal|p2a: Quagsire|237/297|[from] item: Leftovers\n|-heal|p1a: Dondozo|140/362 frz|[from] item: Leftovers\n|upkeep\n|turn|55\n|\n|t:|1733868234\n|move|p2a: Quagsire|Earthquake|p1a: Dondozo\n|-damage|p1a: Dondozo|53/362 frz\n|cant|p1a: Dondozo|frz\n|\n|-heal|p2a: Quagsire|255/297|[from] item: Leftovers\n|-heal|p1a: Dondozo|75/362 frz|[from] item: Leftovers\n|upkeep\n|turn|56\n|\n|t:|1733868244\n|move|p2a: Quagsire|Ice Beam|p1a: Dondozo\n|-resisted|p1a: Dondozo\n|-damage|p1a: Dondozo|42/362 frz\n|cant|p1a: Dondozo|frz\n|\n|-heal|p2a: Quagsire|273/297|[from] item: Leftovers\n|-heal|p1a: Dondozo|64/362 frz|[from] item: Leftovers\n|upkeep\n|turn|57\n|\n|t:|1733868251\n|move|p2a: Quagsire|Ice Beam|p1a: Dondozo\n|-resisted|p1a: Dondozo\n|-damage|p1a: Dondozo|32/362 frz\n|cant|p1a: Dondozo|frz\n|\n|-heal|p2a: Quagsire|291/297|[from] item: Leftovers\n|-heal|p1a: Dondozo|54/362 frz|[from] item: Leftovers\n|upkeep\n|turn|58\n|\n|t:|1733868259\n|move|p2a: Quagsire|Ice Beam|p1a: Dondozo\n|-resisted|p1a: Dondozo\n|-damage|p1a: Dondozo|23/362 frz\n|-curestatus|p1a: Dondozo|frz|[msg]\n|move|p1a: Dondozo|Rest|p1a: Dondozo\n|-status|p1a: Dondozo|slp|[from] move: Rest\n|-heal|p1a: Dondozo|362/362 slp|[silent]\n|\n|-heal|p2a: Quagsire|297/297|[from] item: Leftovers\n|upkeep\n|turn|59\n|-message|lolerman1234 forfeited.\n|\n|win|adderallniter\n|raw|adderallniter's rating: 1288 &rarr; <strong>1315</strong><br />(+27 for winning)\n|raw|lolerman1234's rating: 1309 &rarr; <strong>1288</strong><br />(-21 for losing)\n|l|\u2606lolerman1234\n|player|p2|\n", "inputlog": ">version bfd83cad13791eb5a5a409923076391caf6fb4d4\n>start {\"formatid\":\"gen9randombattle\",\"seed\":[27519,49485,31737,57715],\"rated\":\"Rated battle\"}\n>player p1 {\"name\":\"adderallniter\",\"avatar\":\"clown\",\"rating\":1288,\"seed\":[24030,6623,35779,62524]}\n>player p2 {\"name\":\"lolerman1234\",\"avatar\":\"169\",\"rating\":1309,\"seed\":[36554,26460,27628,44879]}\n>p1 move freezedry\n>p2 move protect\n>p1 move freezedry\n>p2 switch 6\n>p1 switch 2\n>p2 move nastyplot\n>p1 move raindance\n>p2 move nastyplot\n>p1 move knockoff\n>p2 move psyshock\n>p1 switch 4\n>p1 move knockoff\n>p2 move dazzlinggleam\n>p1 switch 5\n>p1 move knockoff\n>p2 move psyshock\n>p2 switch 6\n>p1 move tripleaxel\n>p2 move substitute\n>p2 switch 3\n>p1 move tripleaxel\n>p2 move quiverdance\n>p2 switch 5\n>p1 move tripleaxel\n>p2 move thunderclap\n>p1 switch 6\n>p1 move willowisp\n>p2 move calmmind\n>p1 move hex\n>p2 move calmmind\n>p1 move hex\n>p2 move dragonpulse\n>p1 move slackoff\n>p2 move thunderbolt\n>p1 move torchsong\n>p2 move thunderbolt\n>p2 switch 4\n>p1 move slackoff\n>p2 move suckerpunch\n>p1 move slackoff\n>p2 move foulplay\n>p1 move torchsong\n>p2 move poltergeist\n>p1 move torchsong\n>p2 move poltergeist\n>p1 switch 2\n>p1 move freezedry\n>p2 move suckerpunch\n>p2 switch 2\n>p1 move freezedry\n>p2 move icebeam terastallize\n>p1 move bravebird\n>p2 move icebeam\n>p1 move bravebird\n>p2 move spikes\n>p1 switch 3\n>p1 move wavecrash\n>p2 move earthquake\n>p1 move wavecrash\n>p2 move recover\n>p1 move rest\n>p2 move recover\n>p1 move sleeptalk\n>p2 move earthquake\n>p1 move sleeptalk\n>p2 move icebeam\n>p1 move wavecrash\n>p2 move earthquake\n>p1 move rest\n>p2 move earthquake\n>p1 move sleeptalk\n>p2 move earthquake\n>p1 move sleeptalk\n>p2 move icebeam\n>p1 move sleeptalk\n>p2 move icebeam\n>p1 move wavecrash\n>p2 move icebeam\n>p1 move wavecrash\n>p2 move recover\n>p1 move rest\n>p2 move icebeam\n>p1 move sleeptalk\n>p2 move earthquake\n>p1 move sleeptalk\n>p2 move earthquake\n>p1 move wavecrash\n>p2 move earthquake\n>p1 move wavecrash\n>p2 move recover\n>p1 move rest\n>p2 move earthquake\n>p1 move sleeptalk\n>p2 move earthquake\n>p1 move sleeptalk\n>p2 move earthquake\n>p1 move wavecrash\n>p2 move recover\n>p1 move wavecrash\n>p2 move recover\n>p1 move curse\n>p2 move earthquake\n>p1 move rest\n>p2 move earthquake\n>p1 move sleeptalk\n>p2 move icebeam\n>p1 move wavecrash\n>p2 move icebeam\n>p1 move wavecrash\n>p2 move icebeam\n>p1 move wavecrash\n>p2 move recover\n>p1 move wavecrash\n>p2 move icebeam\n>p1 move wavecrash\n>p2 move earthquake\n>p1 move wavecrash\n>p2 move earthquake\n>p1 move rest\n>p2 move earthquake\n>p1 move rest\n>p2 move icebeam\n>p1 move rest\n>p2 move icebeam\n>p1 move rest\n>p2 move icebeam\n>forcelose p2", "uploadtime": 1733868273, "views": 1, "formatid": "gen9randombattle", "rating": 1288, "private": 0, "password": null}