{"id": "gen9randombattle-2230711157", "format": "[Gen 9] Random Battle", "players": ["Star Wheel", "Teres bahji"], "log": "|badge|p1|bronze|gen9randombattle|100-3\n|uhtml|medal-msg|<div class=\"broadcast-blue\">Curious what those medals under the avatar are? PS now has Ladder Seasons! For more information, check out the <a href=\"https://www.smogon.com/forums/threads/3740067/\">thread on Smogon.</a></div>\n|badge|p2|bronze|gen9randombattle|100-3\n|uhtml|medal-msg|<div class=\"broadcast-blue\">Curious what those medals under the avatar are? PS now has Ladder Seasons! For more information, check out the <a href=\"https://www.smogon.com/forums/threads/3740067/\">thread on Smogon.</a></div>\n|j|\u203dStar Wheel\n|j|\u2606Teres bahji\n|t:|1729868852\n|gametype|singles\n|player|p1|Star Wheel|darach-caitlin|2322\n|player|p2|Teres bahji|#rbtt7teamrayquazaf|2314\n|teamsize|p1|6\n|teamsize|p2|6\n|gen|9\n|tier|[Gen 9] Random Battle\n|rated|\n|rule|Species Clause: Limit one of each Pok\u00e9mon\n|rule|HP Percentage Mod: HP is shown in percentages\n|rule|Sleep Clause Mod: Limit one foe put to sleep\n|rule|Illusion Level Mod: Illusion disguises the Pok\u00e9mon's true level\n|\n|t:|1729868852\n|start\n|switch|p1a: Komala|Komala, L89, F|260/260\n|switch|p2a: Feraligatr|Feraligatr, L79, F|264/264\n|-ability|p1a: Komala|Comatose\n|turn|1\n|inactive|Battle timer is ON: inactive players will automatically lose when time's up. (requested by Star Wheel)\n|\n|t:|1729868863\n|switch|p2a: Palossand|Palossand, L89, M|296/296\n|move|p1a: Komala|Wood Hammer|p2a: Palossand\n|-supereffective|p2a: Palossand\n|-damage|p2a: Palossand|46/296\n|-damage|p1a: Komala|177/260|[from] Recoil\n|\n|-heal|p2a: Palossand|64/296|[from] item: Leftovers\n|upkeep\n|turn|2\n|\n|t:|1729868870\n|switch|p2a: Volbeat|Volbeat, L90, M|263/263\n|move|p1a: Komala|Wood Hammer|p2a: Volbeat\n|-resisted|p2a: Volbeat\n|-damage|p2a: Volbeat|171/263\n|-damage|p1a: Komala|147/260|[from] Recoil\n|\n|upkeep\n|turn|3\n|\n|t:|1729868884\n|switch|p1a: Luxray|Luxray, L88, M|284/284\n|move|p2a: Volbeat|Lunge|p1a: Luxray\n|-damage|p1a: Luxray|199/284\n|-unboost|p1a: Luxray|atk|1\n|\n|-status|p1a: Luxray|brn|[from] item: Flame Orb\n|upkeep\n|turn|4\n|\n|t:|1729868898\n|move|p2a: Volbeat|Lunge|p1a: Luxray\n|-damage|p1a: Luxray|112/284 brn\n|-unboost|p1a: Luxray|atk|1\n|move|p1a: Luxray|Supercell Slam|p2a: Volbeat\n|-damage|p2a: Volbeat|56/263\n|\n|-damage|p1a: Luxray|95/284 brn|[from] brn\n|upkeep\n|turn|5\n|\n|t:|1729868906\n|switch|p1a: Swanna|Swanna, L88, F|275/275\n|move|p2a: Volbeat|Roost|p2a: Volbeat\n|-heal|p2a: Volbeat|188/263\n|-singleturn|p2a: Volbeat|move: Roost\n|\n|upkeep\n|turn|6\n|\n|t:|1729868909\n|move|p2a: Volbeat|Thunder Wave|p1a: Swanna\n|-status|p1a: Swanna|par\n|move|p1a: Swanna|Brave Bird|p2a: Volbeat\n|-supereffective|p2a: Volbeat\n|-damage|p2a: Volbeat|0 fnt\n|faint|p2a: Volbeat\n|-damage|p1a: Swanna|213/275 par|[from] Recoil\n|\n|upkeep\n|\n|t:|1729868915\n|switch|p2a: Palossand|Palossand, L89, M|64/296\n|turn|7\n|\n|t:|1729868918\n|switch|p1a: Politoed|Politoed, L88, M|302/302\n|-weather|RainDance|[from] ability: Drizzle|[of] p1a: Politoed\n|move|p2a: Palossand|Stealth Rock|p1a: Politoed\n|-sidestart|p1: Star Wheel|move: Stealth Rock\n|\n|-weather|RainDance|[upkeep]\n|-heal|p2a: Palossand|82/296|[from] item: Leftovers\n|upkeep\n|turn|8\n|\n|t:|1729868926\n|switch|p1a: Swanna|Swanna, L88, F|213/275 par\n|move|p2a: Palossand|Earth Power|p1a: Swanna\n|-immune|p1a: Swanna\n|\n|-weather|RainDance|[upkeep]\n|-heal|p2a: Palossand|100/296|[from] item: Leftovers\n|-activate|p1a: Swanna|ability: Hydration\n|-curestatus|p1a: Swanna|par|[msg]\n|upkeep\n|turn|9\n|\n|t:|1729868932\n|move|p1a: Swanna|Hydro Pump|p2a: Palossand\n|-supereffective|p2a: Palossand\n|-damage|p2a: Palossand|0 fnt\n|faint|p2a: Palossand\n|\n|-weather|RainDance|[upkeep]\n|upkeep\n|\n|t:|1729868941\n|switch|p2a: Feraligatr|Feraligatr, L79, F|264/264\n|turn|10\n|\n|t:|1729868945\n|move|p1a: Swanna|Brave Bird|p2a: Feraligatr\n|-damage|p2a: Feraligatr|135/264\n|-damage|p1a: Swanna|170/275|[from] Recoil\n|move|p2a: Feraligatr|Dragon Dance|p2a: Feraligatr\n|-boost|p2a: Feraligatr|atk|1\n|-boost|p2a: Feraligatr|spe|1\n|\n|-weather|RainDance|[upkeep]\n|upkeep\n|turn|11\n|\n|t:|1729868958\n|switch|p1a: Wo-Chien|Wo-Chien, L83|277/277\n|-damage|p1a: Wo-Chien|243/277|[from] Stealth Rock\n|-ability|p1a: Wo-Chien|Tablets of Ruin\n|move|p2a: Feraligatr|Liquidation|p1a: Wo-Chien\n|-resisted|p1a: Wo-Chien\n|-damage|p1a: Wo-Chien|131/277\n|\n|-weather|none\n|-heal|p1a: Wo-Chien|148/277|[from] item: Leftovers\n|upkeep\n|turn|12\n|\n|t:|1729868964\n|move|p1a: Wo-Chien|Protect|p1a: Wo-Chien\n|-singleturn|p1a: Wo-Chien|Protect\n|move|p2a: Feraligatr|Ice Punch|p1a: Wo-Chien\n|-activate|p1a: Wo-Chien|move: Protect\n|\n|-heal|p1a: Wo-Chien|165/277|[from] item: Leftovers\n|upkeep\n|turn|13\n|\n|t:|1729868968\n|move|p2a: Feraligatr|Ice Punch|p1a: Wo-Chien\n|-supereffective|p1a: Wo-Chien\n|-damage|p1a: Wo-Chien|0 fnt\n|faint|p1a: Wo-Chien\n|\n|upkeep\n|\n|t:|1729868984\n|switch|p1a: Grumpig|Grumpig, L92, M|297/297\n|-damage|p1a: Grumpig|260/297|[from] Stealth Rock\n|turn|14\n|\n|t:|1729868988\n|move|p1a: Grumpig|Psychic|p2a: Feraligatr\n|-crit|p2a: Feraligatr\n|-damage|p2a: Feraligatr|0 fnt\n|faint|p2a: Feraligatr\n|\n|upkeep\n|\n|t:|1729868995\n|switch|p2a: Iron Jugulis|Iron Jugulis, L78|275/275\n|turn|15\n|\n|t:|1729869002\n|switch|p1a: Luxray|Luxray, L88, M|95/284 brn\n|-damage|p1a: Luxray|60/284 brn|[from] Stealth Rock\n|move|p2a: Iron Jugulis|Dark Pulse|p1a: Luxray\n|-damage|p1a: Luxray|0 fnt\n|faint|p1a: Luxray\n|\n|upkeep\n|\n|t:|1729869004\n|switch|p1a: Politoed|Politoed, L88, M|302/302\n|-damage|p1a: Politoed|265/302|[from] Stealth Rock\n|-weather|RainDance|[from] ability: Drizzle|[of] p1a: Politoed\n|turn|16\n|\n|t:|1729869009\n|move|p2a: Iron Jugulis|Dark Pulse|p1a: Politoed\n|-damage|p1a: Politoed|153/302\n|move|p1a: Politoed|Hydro Pump|p2a: Iron Jugulis\n|-damage|p2a: Iron Jugulis|58/275\n|\n|-weather|RainDance|[upkeep]\n|upkeep\n|turn|17\n|\n|t:|1729869014\n|move|p2a: Iron Jugulis|Dark Pulse|p1a: Politoed\n|-damage|p1a: Politoed|39/302\n|move|p1a: Politoed|Rest|p1a: Politoed\n|-status|p1a: Politoed|slp|[from] move: Rest\n|-heal|p1a: Politoed|302/302 slp|[silent]\n|-enditem|p1a: Politoed|Chesto Berry|[eat]\n|-curestatus|p1a: Politoed|slp|[msg]\n|\n|-weather|RainDance|[upkeep]\n|upkeep\n|turn|18\n|\n|t:|1729869018\n|move|p2a: Iron Jugulis|Dark Pulse|p1a: Politoed\n|-damage|p1a: Politoed|190/302\n|cant|p1a: Politoed|flinch\n|\n|-weather|RainDance|[upkeep]\n|upkeep\n|turn|19\n|\n|t:|1729869021\n|move|p2a: Iron Jugulis|Dark Pulse|p1a: Politoed\n|-damage|p1a: Politoed|79/302\n|move|p1a: Politoed|Ice Beam|p2a: Iron Jugulis\n|-supereffective|p2a: Iron Jugulis\n|-damage|p2a: Iron Jugulis|0 fnt\n|faint|p2a: Iron Jugulis\n|-end|p2a: Iron Jugulis|Quark Drive|[silent]\n|\n|-weather|RainDance|[upkeep]\n|upkeep\n|\n|t:|1729869029\n|switch|p2a: Medicham|Medicham, L86, F|243/243\n|turn|20\n|\n|t:|1729869033\n|move|p2a: Medicham|Zen Headbutt|p1a: Politoed\n|-damage|p1a: Politoed|0 fnt\n|faint|p1a: Politoed\n|\n|-weather|none\n|upkeep\n|\n|t:|1729869036\n|switch|p1a: Grumpig|Grumpig, L92, M|260/297\n|-damage|p1a: Grumpig|223/297|[from] Stealth Rock\n|turn|21\n|\n|t:|1729869039\n|move|p1a: Grumpig|Psychic|p2a: Medicham\n|-damage|p2a: Medicham|120/243\n|move|p2a: Medicham|Zen Headbutt|p1a: Grumpig|[miss]\n|-miss|p2a: Medicham|p1a: Grumpig\n|\n|upkeep\n|turn|22\n|\n|t:|1729869043\n|move|p1a: Grumpig|Psychic|p2a: Medicham\n|-damage|p2a: Medicham|3/243\n|move|p2a: Medicham|Zen Headbutt|p1a: Grumpig\n|-resisted|p1a: Grumpig\n|-damage|p1a: Grumpig|121/297\n|\n|upkeep\n|turn|23\n|\n|t:|1729869045\n|move|p1a: Grumpig|Psychic|p2a: Medicham\n|-damage|p2a: Medicham|0 fnt\n|faint|p2a: Medicham\n|\n|upkeep\n|\n|t:|1729869047\n|switch|p2a: Gyarados|Gyarados, L79, F|280/280\n|-ability|p2a: Gyarados|Intimidate|boost\n|-unboost|p1a: Grumpig|atk|1\n|turn|24\n|\n|t:|1729869051\n|move|p1a: Grumpig|Psychic|p2a: Gyarados\n|-damage|p2a: Gyarados|172/280\n|-unboost|p2a: Gyarados|spd|1\n|move|p2a: Gyarados|Dragon Dance|p2a: Gyarados\n|-boost|p2a: Gyarados|atk|1\n|-boost|p2a: Gyarados|spe|1\n|\n|upkeep\n|turn|25\n|\n|t:|1729869059\n|move|p1a: Grumpig|Psychic|p2a: Gyarados\n|-damage|p2a: Gyarados|13/280\n|move|p2a: Gyarados|Waterfall|p1a: Grumpig\n|-damage|p1a: Grumpig|0 fnt\n|faint|p1a: Grumpig\n|\n|upkeep\n|\n|t:|1729869063\n|switch|p1a: Swanna|Swanna, L88, F|170/275\n|turn|26\n|\n|t:|1729869084\n|-terastallize|p2a: Gyarados|Flying\n|-terastallize|p1a: Swanna|Ground\n|move|p2a: Gyarados|Tera Blast|p1a: Swanna|[anim] Tera Blast Flying\n|-damage|p1a: Swanna|0 fnt\n|faint|p1a: Swanna\n|\n|upkeep\n|\n|t:|1729869088\n|switch|p1a: Komala|Komala, L89, F|147/260\n|-damage|p1a: Komala|115/260|[from] Stealth Rock\n|-ability|p1a: Komala|Comatose\n|turn|27\n|\n|t:|1729869092\n|move|p2a: Gyarados|Tera Blast|p1a: Komala|[anim] Tera Blast Flying\n|-damage|p1a: Komala|0 fnt\n|faint|p1a: Komala\n|\n|win|Teres bahji\n|raw|Star Wheel's rating: 2322 &rarr; <strong>2302</strong><br />(-20 for losing)\n|raw|Teres bahji's rating: 2314 &rarr; <strong>2334</strong><br />(+20 for winning)\n|l|\u203dStar Wheel\n|player|p1|\n", "inputlog": ">version f848a9fd958ec8f1ca6a9f7c452a4b12c3110db6\n>start {\"formatid\":\"gen9randombattle\",\"seed\":[25445,56826,33949,18187],\"rated\":\"Rated battle\"}\n>player p1 {\"name\":\"Star Wheel\",\"avatar\":\"darach-caitlin\",\"rating\":2322,\"seed\":[1621,27968,28445,39955]}\n>player p2 {\"name\":\"Teres bahji\",\"avatar\":\"#rbtt7teamrayquazaf\",\"rating\":2314,\"seed\":[12746,50792,11358,15685]}\n>p1 move woodhammer\n>p2 switch 3\n>p1 move woodhammer\n>p2 switch 5\n>p1 switch 4\n>p2 move lunge\n>p1 move supercellslam\n>p2 move lunge\n>p1 switch 5\n>p2 move roost\n>p1 move bravebird\n>p2 move thunderwave\n>p2 switch 5\n>p1 switch 6\n>p2 move stealthrock\n>p1 switch 6\n>p2 move earthpower\n>p1 move hydropump\n>p2 move shadowball\n>p2 switch 3\n>p1 move bravebird\n>p2 move dragondance\n>p1 switch 2\n>p2 move liquidation\n>p1 move protect\n>p2 move icepunch\n>p1 move gigadrain\n>p2 move icepunch\n>p1 switch 3\n>p1 move psychic\n>p2 move crunch\n>p2 switch 6\n>p1 switch 5\n>p2 move darkpulse\n>p1 switch 6\n>p1 move hydropump\n>p2 move darkpulse\n>p1 move rest\n>p2 move darkpulse\n>p1 move icebeam\n>p2 move darkpulse\n>p1 move icebeam\n>p2 move darkpulse\n>p2 switch 4\n>p1 move hydropump\n>p2 move zenheadbutt\n>p1 switch 5\n>p1 move psychic\n>p2 move zenheadbutt\n>p1 move psychic\n>p2 move zenheadbutt\n>p1 move psychic\n>p2 move zenheadbutt\n>p2 switch 2\n>p1 move psychic\n>p2 move dragondance\n>p1 move psychic\n>p2 move waterfall\n>p1 switch 2\n>p1 move bravebird terastallize\n>p2 move terablast terastallize\n>p1 switch 4\n>p1 move doubleedge\n>p2 move terablast", "uploadtime": 1729869098, "views": 47, "formatid": "gen9randombattle", "rating": 2302, "private": 0, "password": null}