{"id": "gen9randombattle-2104074506", "format": "[Gen 9] Random Battle", "players": ["Guoyanan", "clownemojiabuser"], "log": "|uhtml|medal-msg|<div class=\"broadcast-blue\">Curious what those medals under the avatar are? PS now has Ladder Seasons! For more information, check out the <a href=\"https://www.smogon.com/forums/threads/3740067/\">thread on Smogon.</a></div>\n|uhtml|medal-msg|<div class=\"broadcast-blue\">Curious what those medals under the avatar are? PS now has Ladder Seasons! For more information, check out the <a href=\"https://www.smogon.com/forums/threads/3740067/\">thread on Smogon.</a></div>\n|j|\u2606Guoyanan\n|j|\u203dclownemojiabuser\n|t:|1713204204\n|gametype|singles\n|player|p1|Guoyanan|101|2249\n|player|p2|clownemojiabuser|2|2273\n|teamsize|p1|6\n|teamsize|p2|6\n|gen|9\n|tier|[Gen 9] Random Battle\n|rated|\n|rule|Species Clause: Limit one of each Pok\u00e9mon\n|rule|HP Percentage Mod: HP is shown in percentages\n|rule|Sleep Clause Mod: Limit one foe put to sleep\n|rule|Illusion Level Mod: Illusion disguises the Pok\u00e9mon's true level\n|\n|t:|1713204204\n|start\n|switch|p1a: Enamorus|Enamorus, L79, F|247/247\n|switch|p2a: Terrakion|Terrakion, L79|273/273\n|turn|1\n|\n|t:|1713204220\n|switch|p1a: Carbink|Carbink, L90|236/236\n|move|p2a: Terrakion|Close Combat|p1a: Carbink\n|-damage|p1a: Carbink|107/236\n|-unboost|p2a: Terrakion|def|1\n|-unboost|p2a: Terrakion|spd|1\n|\n|-heal|p1a: Carbink|121/236|[from] item: Leftovers\n|upkeep\n|turn|2\n|\n|t:|1713204227\n|move|p2a: Terrakion|Close Combat|p1a: Carbink\n|-damage|p1a: Carbink|3/236\n|-unboost|p2a: Terrakion|def|1\n|-unboost|p2a: Terrakion|spd|1\n|move|p1a: Carbink|Stealth Rock|p2a: Terrakion\n|-sidestart|p2: clownemojiabuser|move: Stealth Rock\n|\n|-heal|p1a: Carbink|17/236|[from] item: Leftovers\n|upkeep\n|turn|3\n|\n|t:|1713204232\n|switch|p1a: Enamorus|Enamorus, L79, F|247/247\n|move|p2a: Terrakion|Close Combat|p1a: Enamorus\n|-resisted|p1a: Enamorus\n|-damage|p1a: Enamorus|187/247\n|-unboost|p2a: Terrakion|def|1\n|-unboost|p2a: Terrakion|spd|1\n|\n|-heal|p1a: Enamorus|202/247|[from] item: Leftovers\n|upkeep\n|turn|4\n|\n|t:|1713204241\n|switch|p2a: Dewgong|Dewgong, L93, M|318/318\n|move|p1a: Enamorus|Moonblast|p2a: Dewgong\n|-damage|p2a: Dewgong|213/318\n|\n|-heal|p1a: Enamorus|217/247|[from] item: Leftovers\n|upkeep\n|turn|5\n|\n|t:|1713204250\n|switch|p1a: Carbink|Carbink, L90|17/236\n|move|p2a: Dewgong|Knock Off|p1a: Carbink\n|-resisted|p1a: Carbink\n|-damage|p1a: Carbink|0 fnt\n|-enditem|p1a: Carbink|Leftovers|[from] move: Knock Off|[of] p2a: Dewgong\n|faint|p1a: Carbink\n|\n|upkeep\n|\n|t:|1713204253\n|switch|p1a: Vigoroth|Vigoroth, L85, F|275/275\n|turn|6\n|\n|t:|1713204259\n|move|p1a: Vigoroth|Body Slam|p2a: Dewgong\n|-damage|p2a: Dewgong|129/318\n|-status|p2a: Dewgong|par\n|move|p2a: Dewgong|Knock Off|p1a: Vigoroth\n|-damage|p1a: Vigoroth|227/275\n|-enditem|p1a: Vigoroth|Eviolite|[from] move: Knock Off|[of] p2a: Dewgong\n|\n|upkeep\n|turn|7\n|j| ponisceck\n|\n|t:|1713204270\n|move|p1a: Vigoroth|Body Slam|p2a: Dewgong\n|-damage|p2a: Dewgong|51/318 par\n|move|p2a: Dewgong|Encore|p1a: Vigoroth\n|-start|p1a: Vigoroth|Encore\n|\n|upkeep\n|turn|8\n|\n|t:|1713204283\n|switch|p2a: Misdreavus|Misdreavus, L90, F|254/254\n|-damage|p2a: Misdreavus|223/254|[from] Stealth Rock\n|move|p1a: Vigoroth|Body Slam|p2a: Misdreavus\n|-immune|p2a: Misdreavus\n|\n|upkeep\n|turn|9\n|\n|t:|1713204290\n|switch|p1a: Enamorus|Enamorus, L79, F|217/247\n|move|p2a: Misdreavus|Will-O-Wisp|p1a: Enamorus|[miss]\n|-miss|p2a: Misdreavus|p1a: Enamorus\n|\n|-heal|p1a: Enamorus|232/247|[from] item: Leftovers\n|upkeep\n|turn|10\n|\n|t:|1713204295\n|move|p1a: Enamorus|Moonblast|p2a: Misdreavus\n|-crit|p2a: Misdreavus\n|-damage|p2a: Misdreavus|118/254\n|-unboost|p2a: Misdreavus|spa|1\n|move|p2a: Misdreavus|Calm Mind|p2a: Misdreavus\n|-boost|p2a: Misdreavus|spa|1\n|-boost|p2a: Misdreavus|spd|1\n|\n|-heal|p1a: Enamorus|247/247|[from] item: Leftovers\n|upkeep\n|turn|11\n|\n|t:|1713204300\n|switch|p2a: Dewgong|Dewgong, L93, M|51/318 par\n|move|p1a: Enamorus|Calm Mind|p1a: Enamorus\n|-boost|p1a: Enamorus|spa|1\n|-boost|p1a: Enamorus|spd|1\n|\n|upkeep\n|turn|12\n|j| ash_won_kalos\n|\n|t:|1713204304\n|move|p1a: Enamorus|Moonblast|p2a: Dewgong\n|-damage|p2a: Dewgong|0 fnt\n|faint|p2a: Dewgong\n|\n|upkeep\n|\n|t:|1713204311\n|switch|p2a: Terrakion|Terrakion, L79|273/273\n|-damage|p2a: Terrakion|256/273|[from] Stealth Rock\n|turn|13\n|\n|t:|1713204314\n|-terastallize|p1a: Enamorus|Ground\n|move|p2a: Terrakion|Stone Edge|p1a: Enamorus\n|-resisted|p1a: Enamorus\n|-damage|p1a: Enamorus|133/247\n|move|p1a: Enamorus|Moonblast|p2a: Terrakion\n|-supereffective|p2a: Terrakion\n|-damage|p2a: Terrakion|0 fnt\n|faint|p2a: Terrakion\n|\n|-heal|p1a: Enamorus|148/247|[from] item: Leftovers\n|upkeep\n|\n|t:|1713204318\n|switch|p2a: Swanna|Swanna, L88, F|275/275\n|turn|14\n|\n|t:|1713204325\n|move|p2a: Swanna|Defog|p1a: Enamorus\n|-unboost|p1a: Enamorus|evasion|1\n|-sideend|p2: clownemojiabuser|Stealth Rock|[from] move: Defog|[of] p2a: Swanna\n|move|p1a: Enamorus|Moonblast|p2a: Swanna\n|-damage|p2a: Swanna|79/275\n|-unboost|p2a: Swanna|spa|1\n|\n|-heal|p1a: Enamorus|163/247|[from] item: Leftovers\n|upkeep\n|turn|15\n|\n|t:|1713204328\n|move|p2a: Swanna|Hydro Pump|p1a: Enamorus\n|-supereffective|p1a: Enamorus\n|-damage|p1a: Enamorus|53/247\n|move|p1a: Enamorus|Moonblast|p2a: Swanna\n|-damage|p2a: Swanna|0 fnt\n|faint|p2a: Swanna\n|\n|-heal|p1a: Enamorus|68/247|[from] item: Leftovers\n|upkeep\n|\n|t:|1713204339\n|switch|p2a: Kilowattrel|Kilowattrel, L83, F|252/252\n|turn|16\n|\n|t:|1713204342\n|move|p2a: Kilowattrel|Hurricane|p1a: Enamorus\n|-damage|p1a: Enamorus|0 fnt\n|faint|p1a: Enamorus\n|\n|upkeep\n|\n|t:|1713204347\n|switch|p1a: Vigoroth|Vigoroth, L85, F|227/275\n|turn|17\n|\n|t:|1713204356\n|switch|p1a: Latias|Latias, L79, F|256/256\n|move|p2a: Kilowattrel|Thunderbolt|p1a: Latias\n|-resisted|p1a: Latias\n|-damage|p1a: Latias|220/256\n|\n|upkeep\n|turn|18\n|\n|t:|1713204361\n|move|p2a: Kilowattrel|U-turn|p1a: Latias\n|-supereffective|p1a: Latias\n|-damage|p1a: Latias|142/256\n|\n|t:|1713204363\n|switch|p2a: Mismagius|Mismagius, L86, F|243/243|[from] U-turn\n|move|p1a: Latias|Calm Mind|p1a: Latias\n|-boost|p1a: Latias|spa|1\n|-boost|p1a: Latias|spd|1\n|\n|upkeep\n|turn|19\n|\n|t:|1713204367\n|move|p2a: Mismagius|Dazzling Gleam|p1a: Latias\n|-supereffective|p1a: Latias\n|-damage|p1a: Latias|36/256\n|move|p1a: Latias|Psyshock|p2a: Mismagius\n|-damage|p2a: Mismagius|44/243\n|\n|upkeep\n|turn|20\n|\n|t:|1713204372\n|move|p2a: Mismagius|Dazzling Gleam|p1a: Latias\n|-supereffective|p1a: Latias\n|-damage|p1a: Latias|0 fnt\n|faint|p1a: Latias\n|\n|upkeep\n|\n|t:|1713204374\n|switch|p1a: Typhlosion|Typhlosion, L84, M|267/267\n|turn|21\n|\n|t:|1713204378\n|move|p1a: Typhlosion|Eruption|p2a: Mismagius\n|-damage|p2a: Mismagius|0 fnt\n|faint|p2a: Mismagius\n|\n|upkeep\n|\n|t:|1713204380\n|switch|p2a: Kilowattrel|Kilowattrel, L83, F|252/252\n|turn|22\n|\n|t:|1713204388\n|-terastallize|p2a: Kilowattrel|Electric\n|move|p1a: Typhlosion|Eruption|p2a: Kilowattrel\n|-damage|p2a: Kilowattrel|35/252\n|move|p2a: Kilowattrel|Thunderbolt|p1a: Typhlosion\n|-damage|p1a: Typhlosion|141/267\n|\n|upkeep\n|turn|23\n|\n|t:|1713204393\n|move|p1a: Typhlosion|Eruption|p2a: Kilowattrel\n|-damage|p2a: Kilowattrel|0 fnt\n|faint|p2a: Kilowattrel\n|\n|upkeep\n|\n|t:|1713204395\n|switch|p2a: Misdreavus|Misdreavus, L90, F|118/254\n|turn|24\n|\n|t:|1713204400\n|move|p1a: Typhlosion|Eruption|p2a: Misdreavus\n|-damage|p2a: Misdreavus|54/254\n|move|p2a: Misdreavus|Calm Mind|p2a: Misdreavus\n|-boost|p2a: Misdreavus|spa|1\n|-boost|p2a: Misdreavus|spd|1\n|\n|upkeep\n|turn|25\n|\n|t:|1713204407\n|switch|p1a: Vigoroth|Vigoroth, L85, F|227/275\n|move|p2a: Misdreavus|Shadow Ball|p1a: Vigoroth\n|-immune|p1a: Vigoroth\n|\n|upkeep\n|turn|26\n|\n|t:|1713204411\n|switch|p1a: Typhlosion|Typhlosion, L84, M|141/267\n|move|p2a: Misdreavus|Calm Mind|p2a: Misdreavus\n|-boost|p2a: Misdreavus|spa|1\n|-boost|p2a: Misdreavus|spd|1\n|\n|upkeep\n|turn|27\n|\n|t:|1713204415\n|move|p1a: Typhlosion|Fire Blast|p2a: Misdreavus\n|-damage|p2a: Misdreavus|11/254\n|move|p2a: Misdreavus|Shadow Ball|p1a: Typhlosion\n|-damage|p1a: Typhlosion|0 fnt\n|faint|p1a: Typhlosion\n|\n|upkeep\n|\n|t:|1713204420\n|switch|p1a: Mandibuzz|Mandibuzz, L84, F|322/322\n|turn|28\n|\n|t:|1713204424\n|move|p2a: Misdreavus|Draining Kiss|p1a: Mandibuzz\n|-supereffective|p1a: Mandibuzz\n|-damage|p1a: Mandibuzz|180/322\n|-heal|p2a: Misdreavus|118/254|[from] drain|[of] p1a: Mandibuzz\n|move|p1a: Mandibuzz|Foul Play|p2a: Misdreavus\n|-supereffective|p2a: Misdreavus\n|-damage|p2a: Misdreavus|32/254\n|\n|upkeep\n|turn|29\n|\n|t:|1713204427\n|move|p2a: Misdreavus|Draining Kiss|p1a: Mandibuzz\n|-supereffective|p1a: Mandibuzz\n|-damage|p1a: Mandibuzz|32/322\n|-heal|p2a: Misdreavus|143/254|[from] drain|[of] p1a: Mandibuzz\n|move|p1a: Mandibuzz|Foul Play|p2a: Misdreavus\n|-supereffective|p2a: Misdreavus\n|-damage|p2a: Misdreavus|45/254\n|\n|upkeep\n|turn|30\n|-message|Guoyanan forfeited.\n|\n|win|clownemojiabuser\n|raw|Guoyanan's rating: 2249 &rarr; <strong>2230</strong><br />(-19 for losing)\n|raw|clownemojiabuser's rating: 2273 &rarr; <strong>2292</strong><br />(+19 for winning)\n|l|\u2606Guoyanan\n|player|p1|\n|l| ponisceck\n", "inputlog": ">version 94cb14e6e593f9434fd234bef139544825d280b8\n>start {\"formatid\":\"gen9randombattle\",\"seed\":[62857,6761,56960,47347],\"rated\":\"Rated battle\"}\n>player p1 {\"name\":\"Guoyanan\",\"avatar\":\"101\",\"rating\":2249,\"seed\":[56885,27187,59486,26526]}\n>player p2 {\"name\":\"clownemojiabuser\",\"avatar\":\"2\",\"rating\":2273,\"seed\":[17756,43941,16173,37732]}\n>p1 switch 5\n>p2 move closecombat\n>p1 move stealthrock\n>p2 move closecombat\n>p1 switch 5\n>p2 move closecombat\n>p1 move moonblast\n>p2 switch 5\n>p1 switch 5\n>p2 move knockoff\n>p1 switch 6\n>p1 move bodyslam\n>p2 move knockoff\n>p1 move bodyslam\n>p2 move encore\n>p1 move bodyslam\n>p2 switch 4\n>p1 switch 5\n>p2 move willowisp\n>p1 move moonblast\n>p2 move calmmind\n>p1 move calmmind\n>p2 switch 4\n>p1 move moonblast\n>p2 move encore\n>p2 switch 5\n>p1 move moonblast terastallize\n>p2 move stoneedge\n>p2 switch 3\n>p1 move moonblast\n>p2 move defog\n>p1 move moonblast\n>p2 move hydropump\n>p2 switch 6\n>p1 move moonblast\n>p2 move hurricane\n>p1 switch 5\n>p1 switch 4\n>p2 move thunderbolt\n>p1 move calmmind\n>p2 move uturn\n>p2 switch 2\n>p1 move psyshock\n>p2 move dazzlinggleam\n>p1 move psyshock\n>p2 move dazzlinggleam\n>p1 switch 3\n>p1 move eruption\n>p2 move dazzlinggleam\n>p2 switch 2\n>p1 move eruption\n>p2 move thunderbolt terastallize\n>p1 move eruption\n>p2 move thunderbolt\n>p2 switch 4\n>p1 move eruption\n>p2 move calmmind\n>p1 switch 4\n>p2 move shadowball\n>p1 switch 4\n>p2 move calmmind\n>p1 move fireblast\n>p2 move shadowball\n>p1 switch 2\n>p1 move foulplay\n>p2 move drainingkiss\n>p1 move foulplay\n>p2 move drainingkiss\n>forcelose p1", "uploadtime": 1713204444, "views": 240, "formatid": "gen9randombattle", "rating": 2230, "private": 0, "password": null}