{"id": "gen9randombattle-2260098767", "format": "[Gen 9] Random Battle", "players": ["LuhShine", "MrPopoTheGodOfAlll"], "log": "|j|\u2606LuhShine\n|j|\u2606MrPopoTheGodOfAlll\n|t:|1733802208\n|gametype|singles\n|player|p1|LuhShine|caitlin|1423\n|player|p2|MrPopoTheGodOfAlll|ash-sinnoh|1389\n|teamsize|p1|6\n|teamsize|p2|6\n|gen|9\n|tier|[Gen 9] Random Battle\n|rated|\n|rule|Species Clause: Limit one of each Pok\u00e9mon\n|rule|HP Percentage Mod: HP is shown in percentages\n|rule|Sleep Clause Mod: Limit one foe put to sleep\n|rule|Illusion Level Mod: Illusion disguises the Pok\u00e9mon's true level\n|\n|t:|1733802208\n|start\n|switch|p1a: Ursaring|Ursaring, L84, M|288/288\n|switch|p2a: Scream Tail|Scream Tail, L84|330/330\n|turn|1\n|inactive|Battle timer is ON: inactive players will automatically lose when time's up. (requested by MrPopoTheGodOfAlll)\n|inactive|LuhShine also wants the timer to be on.\n|\n|t:|1733802229\n|move|p2a: Scream Tail|Dazzling Gleam|p1a: Ursaring\n|-damage|p1a: Ursaring|243/288\n|move|p1a: Ursaring|Body Slam|p2a: Scream Tail\n|-damage|p2a: Scream Tail|233/330\n|\n|-heal|p2a: Scream Tail|253/330|[from] item: Leftovers\n|upkeep\n|turn|2\n|\n|t:|1733802243\n|-end|p2a: Scream Tail|Protosynthesis|[silent]\n|switch|p2a: Shiftry|Shiftry, L89, F|305/305\n|move|p1a: Ursaring|Body Slam|p2a: Shiftry\n|-damage|p2a: Shiftry|166/305\n|\n|upkeep\n|turn|3\n|\n|t:|1733802252\n|move|p2a: Shiftry|Knock Off|p1a: Ursaring\n|-damage|p1a: Ursaring|156/288\n|-enditem|p1a: Ursaring|Eviolite|[from] move: Knock Off|[of] p2a: Shiftry\n|move|p1a: Ursaring|Body Slam|p2a: Shiftry\n|-damage|p2a: Shiftry|28/305\n|-status|p2a: Shiftry|par\n|\n|upkeep\n|turn|4\n|\n|t:|1733802261\n|move|p2a: Shiftry|Sucker Punch|p1a: Ursaring\n|-damage|p1a: Ursaring|51/288\n|move|p1a: Ursaring|Body Slam|p2a: Shiftry\n|-damage|p2a: Shiftry|0 fnt\n|faint|p2a: Shiftry\n|\n|upkeep\n|\n|t:|1733802268\n|switch|p2a: Scream Tail|Scream Tail, L84|253/330\n|turn|5\n|\n|t:|1733802271\n|move|p2a: Scream Tail|Dazzling Gleam|p1a: Ursaring\n|-damage|p1a: Ursaring|0 fnt\n|faint|p1a: Ursaring\n|\n|-heal|p2a: Scream Tail|273/330|[from] item: Leftovers\n|upkeep\n|\n|t:|1733802282\n|switch|p1a: Vileplume|Vileplume, L85, F|266/266\n|turn|6\n|\n|t:|1733802290\n|move|p2a: Scream Tail|Protect|p2a: Scream Tail\n|-singleturn|p2a: Scream Tail|Protect\n|move|p1a: Vileplume|Sludge Bomb|p2a: Scream Tail\n|-activate|p2a: Scream Tail|move: Protect\n|\n|-heal|p2a: Scream Tail|293/330|[from] item: Leftovers\n|upkeep\n|turn|7\n|\n|t:|1733802293\n|-end|p2a: Scream Tail|Protosynthesis|[silent]\n|switch|p2a: Heatran|Heatran, L79, M|273/273\n|-item|p2a: Heatran|Air Balloon\n|move|p1a: Vileplume|Leech Seed|p2a: Heatran\n|-start|p2a: Heatran|move: Leech Seed\n|\n|-damage|p2a: Heatran|239/273|[from] Leech Seed|[of] p1a: Vileplume\n|upkeep\n|turn|8\n|\n|t:|1733802312\n|switch|p1a: Salazzle|Salazzle, L83, F|249/249\n|move|p2a: Heatran|Stealth Rock|p1a: Salazzle\n|-sidestart|p1: LuhShine|move: Stealth Rock\n|\n|-damage|p2a: Heatran|205/273|[from] Leech Seed|[of] p1a: Salazzle\n|upkeep\n|turn|9\n|\n|t:|1733802324\n|switch|p2a: Oinkologne|Oinkologne, L92, M|352/352\n|move|p1a: Salazzle|Substitute|p1a: Salazzle\n|-start|p1a: Salazzle|Substitute\n|-damage|p1a: Salazzle|187/249\n|\n|-heal|p1a: Salazzle|202/249|[from] item: Leftovers\n|upkeep\n|turn|10\n|\n|t:|1733802331\n|move|p1a: Salazzle|Toxic|p2a: Oinkologne\n|-status|p2a: Oinkologne|tox\n|move|p2a: Oinkologne|High Horsepower|p1a: Salazzle\n|-supereffective|p1a: Salazzle\n|-end|p1a: Salazzle|Substitute\n|\n|-heal|p1a: Salazzle|217/249|[from] item: Leftovers\n|-damage|p2a: Oinkologne|330/352 tox|[from] psn\n|upkeep\n|turn|11\n|\n|t:|1733802337\n|move|p1a: Salazzle|Protect|p1a: Salazzle\n|-singleturn|p1a: Salazzle|Protect\n|move|p2a: Oinkologne|High Horsepower|p1a: Salazzle\n|-activate|p1a: Salazzle|move: Protect\n|\n|-heal|p1a: Salazzle|232/249|[from] item: Leftovers\n|-heal|p2a: Oinkologne|352/352 tox|[from] item: Leftovers\n|-damage|p2a: Oinkologne|308/352 tox|[from] psn\n|upkeep\n|turn|12\n|\n|t:|1733802360\n|switch|p1a: Ogerpon|Ogerpon, L80, F|259/259\n|-damage|p1a: Ogerpon|227/259|[from] Stealth Rock\n|move|p2a: Oinkologne|High Horsepower|p1a: Ogerpon\n|-resisted|p1a: Ogerpon\n|-damage|p1a: Ogerpon|186/259\n|\n|-heal|p2a: Oinkologne|330/352 tox|[from] item: Leftovers\n|-damage|p2a: Oinkologne|264/352 tox|[from] psn\n|upkeep\n|turn|13\n|\n|t:|1733802373\n|move|p1a: Ogerpon|Synthesis|p1a: Ogerpon\n|-heal|p1a: Ogerpon|259/259\n|move|p2a: Oinkologne|Body Slam|p1a: Ogerpon\n|-damage|p1a: Ogerpon|148/259\n|-status|p1a: Ogerpon|par\n|\n|-heal|p2a: Oinkologne|286/352 tox|[from] item: Leftovers\n|-damage|p2a: Oinkologne|198/352 tox|[from] psn\n|upkeep\n|turn|14\n|\n|t:|1733802390\n|switch|p2a: Gouging Fire|Gouging Fire, L74|277/277\n|move|p1a: Ogerpon|Synthesis|p1a: Ogerpon\n|-heal|p1a: Ogerpon|259/259 par\n|\n|upkeep\n|turn|15\n|\n|t:|1733802403\n|move|p2a: Gouging Fire|Dragon Dance|p2a: Gouging Fire\n|-boost|p2a: Gouging Fire|atk|1\n|-boost|p2a: Gouging Fire|spe|1\n|move|p1a: Ogerpon|Superpower|p2a: Gouging Fire\n|-damage|p2a: Gouging Fire|163/277\n|-unboost|p1a: Ogerpon|atk|1\n|-unboost|p1a: Ogerpon|def|1\n|-damage|p1a: Ogerpon|234/259 par|[from] item: Life Orb\n|\n|upkeep\n|turn|16\n|\n|t:|1733802409\n|move|p2a: Gouging Fire|Morning Sun|p2a: Gouging Fire\n|-heal|p2a: Gouging Fire|277/277\n|move|p1a: Ogerpon|Superpower|p2a: Gouging Fire\n|-damage|p2a: Gouging Fire|206/277\n|-unboost|p1a: Ogerpon|atk|1\n|-unboost|p1a: Ogerpon|def|1\n|-damage|p1a: Ogerpon|209/259 par|[from] item: Life Orb\n|\n|upkeep\n|turn|17\n|\n|t:|1733802425\n|switch|p1a: Salazzle|Salazzle, L83, F|232/249\n|-damage|p1a: Salazzle|170/249|[from] Stealth Rock\n|move|p2a: Gouging Fire|Dragon Dance|p2a: Gouging Fire\n|-boost|p2a: Gouging Fire|atk|1\n|-boost|p2a: Gouging Fire|spe|1\n|\n|-heal|p1a: Salazzle|185/249|[from] item: Leftovers\n|upkeep\n|turn|18\n|\n|t:|1733802433\n|move|p2a: Gouging Fire|Outrage|p1a: Salazzle\n|-damage|p1a: Salazzle|0 fnt\n|faint|p1a: Salazzle\n|\n|upkeep\n|\n|t:|1733802438\n|switch|p1a: Ogerpon|Ogerpon, L80, F|209/259 par\n|-damage|p1a: Ogerpon|177/259 par|[from] Stealth Rock\n|turn|19\n|\n|t:|1733802444\n|move|p2a: Gouging Fire|Outrage|p1a: Ogerpon|[from]lockedmove\n|-damage|p1a: Ogerpon|0 fnt\n|faint|p1a: Ogerpon\n|-start|p2a: Gouging Fire|confusion|[fatigue]\n|\n|upkeep\n|-message|LuhShine forfeited.\n|\n|win|MrPopoTheGodOfAlll\n|raw|LuhShine's rating: 1423 &rarr; <strong>1401</strong><br />(-22 for losing)\n|raw|MrPopoTheGodOfAlll's rating: 1389 &rarr; <strong>1411</strong><br />(+22 for winning)\n|l|\u2606LuhShine\n|player|p1|\n", "inputlog": ">version bfd83cad13791eb5a5a409923076391caf6fb4d4\n>start {\"formatid\":\"gen9randombattle\",\"seed\":[43681,64383,6578,1223],\"rated\":\"Rated battle\"}\n>player p1 {\"name\":\"LuhShine\",\"avatar\":\"caitlin\",\"rating\":1423,\"seed\":[11366,17680,61862,40053]}\n>player p2 {\"name\":\"MrPopoTheGodOfAlll\",\"avatar\":\"ash-sinnoh\",\"rating\":1389,\"seed\":[38664,19951,20171,45870]}\n>p1 move bodyslam\n>p2 move dazzlinggleam\n>p1 move bodyslam\n>p2 switch 5\n>p1 move bodyslam\n>p2 move knockoff\n>p1 move bodyslam\n>p2 move suckerpunch\n>p2 switch 5\n>p1 move rest\n>p2 move dazzlinggleam\n>p1 switch 6\n>p1 move sludgebomb\n>p2 move protect\n>p1 move leechseed\n>p2 switch 3\n>p1 switch 4\n>p2 move stealthrock\n>p1 move substitute\n>p2 switch 4\n>p1 move toxic\n>p2 move highhorsepower\n>p1 move protect\n>p2 move highhorsepower\n>p1 switch 2\n>p2 move highhorsepower\n>p1 move synthesis\n>p2 move bodyslam\n>p1 move synthesis\n>p2 switch 6\n>p1 move superpower\n>p2 move dragondance\n>p1 move superpower\n>p2 move morningsun\n>p1 switch 2\n>p2 move dragondance\n>p1 move toxic\n>p2 move outrage\n>p1 switch 2\n>p1 move superpower\n>p2 move outrage\n>forcelose p1", "uploadtime": 1733802455, "views": 26, "formatid": "gen9randombattle", "rating": 1401, "private": 0, "password": null}