{"id": "gen9randombattle-2259994805", "format": "[Gen 9] Random Battle", "players": ["RandomDude783", "Coolbroes"], "log": "|j|\u2606RandomDude783\n|j|\u2606Coolbroes\n|t:|1733788792\n|gametype|singles\n|player|p1|RandomDude783|170|\n|player|p2|Coolbroes|170|\n|teamsize|p1|6\n|teamsize|p2|6\n|gen|9\n|tier|[Gen 9] Random Battle\n|rule|Species Clause: Limit one of each Pok\u00e9mon\n|rule|HP Percentage Mod: HP is shown in percentages\n|rule|Sleep Clause Mod: Limit one foe put to sleep\n|rule|Illusion Level Mod: Illusion disguises the Pok\u00e9mon's true level\n|\n|t:|1733788792\n|start\n|switch|p1a: Drifblim|Drifblim, L86, M|396/396\n|switch|p2a: Hippowdon|Hippowdon, L82, F|311/311\n|-weather|Sandstorm|[from] ability: Sand Stream|[of] p2a: Hippowdon\n|turn|1\n|\n|t:|1733788797\n|move|p1a: Drifblim|Calm Mind|p1a: Drifblim\n|-boost|p1a: Drifblim|spa|1\n|-boost|p1a: Drifblim|spd|1\n|move|p2a: Hippowdon|Stealth Rock|p1a: Drifblim\n|-sidestart|p1: RandomDude783|move: Stealth Rock\n|\n|-weather|Sandstorm|[upkeep]\n|-damage|p1a: Drifblim|372/396|[from] Sandstorm\n|upkeep\n|turn|2\n|\n|t:|1733788801\n|move|p1a: Drifblim|Shadow Ball|p2a: Hippowdon\n|-damage|p2a: Hippowdon|157/311\n|move|p2a: Hippowdon|Stone Edge|p1a: Drifblim|[miss]\n|-miss|p2a: Hippowdon|p1a: Drifblim\n|\n|-weather|Sandstorm|[upkeep]\n|-damage|p1a: Drifblim|348/396|[from] Sandstorm\n|upkeep\n|turn|3\n|\n|t:|1733788815\n|switch|p2a: Carbink|Carbink, L90|236/236\n|move|p1a: Drifblim|Shadow Ball|p2a: Carbink\n|-damage|p2a: Carbink|188/236\n|-unboost|p2a: Carbink|spd|1\n|\n|-weather|Sandstorm|[upkeep]\n|-damage|p1a: Drifblim|324/396|[from] Sandstorm\n|upkeep\n|turn|4\n|\n|t:|1733788824\n|move|p1a: Drifblim|Shadow Ball|p2a: Carbink\n|-damage|p2a: Carbink|107/236\n|move|p2a: Carbink|Moonblast|p1a: Drifblim\n|-damage|p1a: Drifblim|251/396\n|\n|-weather|Sandstorm|[upkeep]\n|-damage|p1a: Drifblim|227/396|[from] Sandstorm\n|upkeep\n|turn|5\n|\n|t:|1733788832\n|move|p1a: Drifblim|Calm Mind|p1a: Drifblim\n|-boost|p1a: Drifblim|spa|1\n|-boost|p1a: Drifblim|spd|1\n|move|p2a: Carbink|Rest|p2a: Carbink\n|-status|p2a: Carbink|slp|[from] move: Rest\n|-heal|p2a: Carbink|236/236 slp|[silent]\n|-enditem|p2a: Carbink|Chesto Berry|[eat]\n|-curestatus|p2a: Carbink|slp|[msg]\n|\n|-weather|none\n|upkeep\n|turn|6\n|\n|t:|1733788843\n|switch|p2a: Hippowdon|Hippowdon, L82, F|157/311\n|-weather|Sandstorm|[from] ability: Sand Stream|[of] p2a: Hippowdon\n|move|p1a: Drifblim|Calm Mind|p1a: Drifblim\n|-boost|p1a: Drifblim|spa|1\n|-boost|p1a: Drifblim|spd|1\n|\n|-weather|Sandstorm|[upkeep]\n|-damage|p1a: Drifblim|203/396|[from] Sandstorm\n|upkeep\n|turn|7\n|\n|t:|1733788849\n|move|p1a: Drifblim|Shadow Ball|p2a: Hippowdon\n|-damage|p2a: Hippowdon|0 fnt\n|faint|p2a: Hippowdon\n|\n|-weather|Sandstorm|[upkeep]\n|-damage|p1a: Drifblim|179/396|[from] Sandstorm\n|-enditem|p1a: Drifblim|Sitrus Berry|[eat]\n|-heal|p1a: Drifblim|278/396|[from] item: Sitrus Berry\n|upkeep\n|\n|t:|1733788858\n|switch|p2a: Clefable|Clefable, L83, M|293/293\n|turn|8\n|c|\u2606RandomDude783|is bro about to get swept by the first mon\n|c|\u2606RandomDude783|LOL\n|\n|t:|1733788863\n|move|p1a: Drifblim|Shadow Ball|p2a: Clefable\n|-damage|p2a: Clefable|208/293\n|move|p2a: Clefable|Calm Mind|p2a: Clefable\n|-boost|p2a: Clefable|spa|1\n|-boost|p2a: Clefable|spd|1\n|\n|-weather|Sandstorm|[upkeep]\n|-damage|p1a: Drifblim|254/396|[from] Sandstorm\n|-damage|p2a: Clefable|190/293|[from] Sandstorm\n|-heal|p2a: Clefable|208/293|[from] item: Leftovers\n|upkeep\n|turn|9\n|c|\u2606RandomDude783|nvm\n|\n|t:|1733788876\n|switch|p1a: Pikachu|Pikachu-Unova, L93, M|216/216\n|-damage|p1a: Pikachu|189/216|[from] Stealth Rock\n|move|p2a: Clefable|Moonblast|p1a: Pikachu\n|-damage|p1a: Pikachu|0 fnt\n|faint|p1a: Pikachu\n|\n|-weather|Sandstorm|[upkeep]\n|-damage|p2a: Clefable|190/293|[from] Sandstorm\n|-heal|p2a: Clefable|208/293|[from] item: Leftovers\n|upkeep\n|c|\u2606Coolbroes|JAJAJAJAJAJA\n|\n|t:|1733788889\n|switch|p1a: Samurott|Samurott, L88, M|310/310\n|-damage|p1a: Samurott|272/310|[from] Stealth Rock\n|turn|10\n|\n|t:|1733788900\n|switch|p2a: Illumise|Illumise, L91, F|266/266\n|-terastallize|p1a: Samurott|Water\n|move|p1a: Samurott|Hydro Pump|p2a: Illumise|[miss]\n|-miss|p1a: Samurott|p2a: Illumise\n|\n|-weather|none\n|upkeep\n|turn|11\n|\n|t:|1733788908\n|move|p2a: Illumise|Thunder Wave|p1a: Samurott\n|-status|p1a: Samurott|par\n|move|p1a: Samurott|Hydro Pump|p2a: Illumise\n|-damage|p2a: Illumise|82/266\n|\n|upkeep\n|turn|12\n|\n|t:|1733788916\n|switch|p1a: Drifblim|Drifblim, L86, M|254/396\n|-damage|p1a: Drifblim|155/396|[from] Stealth Rock\n|move|p2a: Illumise|Roost|p2a: Illumise\n|-heal|p2a: Illumise|215/266\n|-singleturn|p2a: Illumise|move: Roost\n|\n|upkeep\n|turn|13\n|\n|t:|1733788926\n|switch|p2a: Clefable|Clefable, L83, M|208/293\n|move|p1a: Drifblim|Air Slash|p2a: Clefable\n|-damage|p2a: Clefable|129/293\n|\n|-heal|p2a: Clefable|147/293|[from] item: Leftovers\n|upkeep\n|turn|14\n|\n|t:|1733788933\n|move|p1a: Drifblim|Air Slash|p2a: Clefable\n|-damage|p2a: Clefable|66/293\n|move|p2a: Clefable|Moonlight|p2a: Clefable\n|-heal|p2a: Clefable|212/293\n|\n|-heal|p2a: Clefable|230/293|[from] item: Leftovers\n|upkeep\n|turn|15\n|\n|t:|1733788938\n|move|p1a: Drifblim|Shadow Ball|p2a: Clefable\n|-damage|p2a: Clefable|145/293\n|move|p2a: Clefable|Moonlight|p2a: Clefable\n|-heal|p2a: Clefable|291/293\n|\n|-heal|p2a: Clefable|293/293|[from] item: Leftovers\n|upkeep\n|turn|16\n|\n|t:|1733788945\n|switch|p1a: Blastoise|Blastoise, L80, F|258/258\n|-damage|p1a: Blastoise|226/258|[from] Stealth Rock\n|move|p2a: Clefable|Moonblast|p1a: Blastoise\n|-damage|p1a: Blastoise|138/258\n|-unboost|p1a: Blastoise|spa|1\n|-enditem|p1a: Blastoise|White Herb\n|-clearnegativeboost|p1a: Blastoise|[silent]\n|\n|upkeep\n|turn|17\n|\n|t:|1733788952\n|move|p1a: Blastoise|Shell Smash|p1a: Blastoise\n|-unboost|p1a: Blastoise|def|1\n|-unboost|p1a: Blastoise|spd|1\n|-boost|p1a: Blastoise|atk|2\n|-boost|p1a: Blastoise|spa|2\n|-boost|p1a: Blastoise|spe|2\n|move|p2a: Clefable|Calm Mind|p2a: Clefable\n|-boost|p2a: Clefable|spa|1\n|-boost|p2a: Clefable|spd|1\n|\n|upkeep\n|turn|18\n|c|\u2606Coolbroes|!dt unaware\n|raw|<ul class=\"utilichart\"><li class=\"result\"><span class=\"col namecol\"><a href=\"https://dex.pokemonshowdown.com/abilities/unaware\">Unaware</a></span> <span class=\"col abilitydesccol\">This Pokemon ignores other Pokemon's stat stages when taking or doing damage.</span> </li><li style=\"clear:both\"></li></ul>\n|raw|<font size=\"1\"><font color=\"#686868\">Gen:</font> 4&nbsp;|&ThickSpace;&#10003; Ignored by Mold Breaker</font>\n\n|c|\u2606Coolbroes|\ud83d\ude2d\ud83d\ude2d\ud83d\ude2d\ud83d\ude2d\ud83d\ude2d\n|-message|RandomDude783 forfeited.\n|\n|win|Coolbroes\n|l|\u2606RandomDude783\n|player|p1|\n|c|\u2606Coolbroes|LOL\n", "inputlog": ">version bfd83cad13791eb5a5a409923076391caf6fb4d4\n>start {\"formatid\":\"gen9randombattle\",\"seed\":[63074,29011,11767,17826]}\n>player p1 {\"name\":\"RandomDude783\",\"avatar\":\"170\",\"rating\":0,\"seed\":[41633,58680,8003,35903]}\n>player p2 {\"name\":\"Coolbroes\",\"avatar\":\"170\",\"rating\":0,\"seed\":[52326,36413,58463,12908]}\n>p1 move calmmind\n>p2 move stealthrock\n>p1 move shadowball\n>p2 move stoneedge\n>p1 move shadowball\n>p2 switch 3\n>p1 move shadowball\n>p2 move moonblast\n>p1 move calmmind\n>p2 move rest\n>p1 move calmmind\n>p2 switch 3\n>p1 move shadowball\n>p2 move stoneedge\n>p2 switch 5\n>chat \u2606RandomDude783|is bro about to get swept by the first mon\n>chat \u2606RandomDude783|LOL\n>p1 move shadowball\n>p2 move calmmind\n>chat \u2606RandomDude783|nvm\n>p1 switch 4\n>p2 move moonblast\n>chat \u2606Coolbroes|JAJAJAJAJAJA\n>p1 switch 6\n>p1 move hydropump terastallize\n>p2 switch 6\n>p1 move hydropump\n>p2 move thunderwave\n>p1 switch 4\n>p2 move roost\n>p1 move airslash\n>p2 switch 6\n>p1 move airslash\n>p2 move moonlight\n>p1 move shadowball\n>p2 move moonlight\n>p1 switch 2\n>p2 move moonblast\n>p1 move shellsmash\n>p2 move calmmind\n>chat \u2606Coolbroes|!dt unaware\n>chat \u2606Coolbroes|\ud83d\ude2d\ud83d\ude2d\ud83d\ude2d\ud83d\ude2d\ud83d\ude2d\n>chat \u2606RandomDude783|.\n>forcelose p1", "uploadtime": 1733788982, "views": 14, "formatid": "gen9randombattle", "rating": null, "private": 0, "password": null}