{"id": "gen9randombattle-2260546338", "format": "[Gen 9] Random Battle", "players": ["sigmafy", "pakmara100"], "log": "|j|\u2606sigmafy\n|j|\u2606pakmara100\n|t:|1733862183\n|gametype|singles\n|player|p1|sigmafy|1|\n|player|p2|pakmara100|170|\n|teamsize|p1|6\n|teamsize|p2|6\n|gen|9\n|tier|[Gen 9] Random Battle\n|rule|Species Clause: Limit one of each Pok\u00e9mon\n|rule|HP Percentage Mod: HP is shown in percentages\n|rule|Sleep Clause Mod: Limit one foe put to sleep\n|rule|Illusion Level Mod: Illusion disguises the Pok\u00e9mon's true level\n|\n|t:|1733862183\n|start\n|switch|p1a: Ting-Lu|Ting-Lu, L78|370/370\n|switch|p2a: Clefable|Clefable, L83, M|293/293\n|-ability|p1a: Ting-Lu|Vessel of Ruin\n|turn|1\n|\n|t:|1733862234\n|move|p2a: Clefable|Moonblast|p1a: Ting-Lu\n|-supereffective|p1a: Ting-Lu\n|-damage|p1a: Ting-Lu|196/370\n|-unboost|p1a: Ting-Lu|spa|1\n|move|p1a: Ting-Lu|Spikes|p2a: Clefable\n|-sidestart|p2: pakmara100|Spikes\n|\n|-heal|p1a: Ting-Lu|219/370|[from] item: Leftovers\n|upkeep\n|turn|2\n|\n|t:|1733862255\n|move|p2a: Clefable|Calm Mind|p2a: Clefable\n|-boost|p2a: Clefable|spa|1\n|-boost|p2a: Clefable|spd|1\n|move|p1a: Ting-Lu|Payback|p2a: Clefable\n|-resisted|p2a: Clefable\n|-crit|p2a: Clefable\n|-damage|p2a: Clefable|201/293\n|\n|-heal|p2a: Clefable|219/293|[from] item: Leftovers\n|-heal|p1a: Ting-Lu|242/370|[from] item: Leftovers\n|upkeep\n|turn|3\n|\n|t:|1733862279\n|move|p2a: Clefable|Calm Mind|p2a: Clefable\n|-boost|p2a: Clefable|spa|1\n|-boost|p2a: Clefable|spd|1\n|move|p1a: Ting-Lu|Ruination|p2a: Clefable\n|-damage|p2a: Clefable|110/293\n|\n|-heal|p2a: Clefable|128/293|[from] item: Leftovers\n|-heal|p1a: Ting-Lu|265/370|[from] item: Leftovers\n|upkeep\n|turn|4\n|\n|t:|1733862292\n|move|p2a: Clefable|Moonlight|p2a: Clefable\n|-heal|p2a: Clefable|274/293\n|move|p1a: Ting-Lu|Ruination|p2a: Clefable\n|-damage|p2a: Clefable|137/293\n|\n|-heal|p2a: Clefable|155/293|[from] item: Leftovers\n|-heal|p1a: Ting-Lu|288/370|[from] item: Leftovers\n|upkeep\n|turn|5\n|\n|t:|1733862302\n|move|p2a: Clefable|Moonblast|p1a: Ting-Lu\n|-supereffective|p1a: Ting-Lu\n|-damage|p1a: Ting-Lu|0 fnt\n|faint|p1a: Ting-Lu\n|\n|-heal|p2a: Clefable|173/293|[from] item: Leftovers\n|upkeep\n|\n|t:|1733862316\n|switch|p1a: Lucario|Lucario, L84, M|255/255\n|turn|6\n|\n|t:|1733862342\n|-terastallize|p2a: Clefable|Fire\n|move|p1a: Lucario|Meteor Mash|p2a: Clefable\n|-resisted|p2a: Clefable\n|-damage|p2a: Clefable|91/293\n|-damage|p1a: Lucario|230/255|[from] item: Life Orb\n|move|p2a: Clefable|Fire Blast|p1a: Lucario\n|-supereffective|p1a: Lucario\n|-damage|p1a: Lucario|0 fnt\n|faint|p1a: Lucario\n|\n|-heal|p2a: Clefable|109/293|[from] item: Leftovers\n|upkeep\n|\n|t:|1733862360\n|switch|p1a: Suicune|Suicune, L82|298/298\n|-ability|p1a: Suicune|Pressure\n|turn|7\n|\n|t:|1733862369\n|move|p1a: Suicune|Scald|p2a: Clefable\n|-supereffective|p2a: Clefable\n|-damage|p2a: Clefable|35/293\n|move|p2a: Clefable|Moonblast|p1a: Suicune\n|-damage|p1a: Suicune|145/298\n|-unboost|p1a: Suicune|spa|1\n|\n|-heal|p1a: Suicune|163/298|[from] item: Leftovers\n|-heal|p2a: Clefable|53/293|[from] item: Leftovers\n|upkeep\n|turn|8\n|\n|t:|1733862384\n|move|p1a: Suicune|Scald|p2a: Clefable\n|-supereffective|p2a: Clefable\n|-damage|p2a: Clefable|0 fnt\n|faint|p2a: Clefable\n|\n|-heal|p1a: Suicune|181/298|[from] item: Leftovers\n|upkeep\n|\n|t:|1733862408\n|switch|p2a: Quagsire|Quagsire, L84, M|297/297\n|-damage|p2a: Quagsire|260/297|[from] Spikes\n|turn|9\n|\n|t:|1733862425\n|move|p1a: Suicune|Calm Mind|p1a: Suicune\n|-boost|p1a: Suicune|spa|1\n|-boost|p1a: Suicune|spd|1\n|move|p2a: Quagsire|Toxic|p1a: Suicune\n|-status|p1a: Suicune|tox\n|\n|-heal|p1a: Suicune|199/298 tox|[from] item: Leftovers\n|-heal|p2a: Quagsire|278/297|[from] item: Leftovers\n|-damage|p1a: Suicune|181/298 tox|[from] psn\n|upkeep\n|turn|10\n|\n|t:|1733862441\n|move|p1a: Suicune|Ice Beam|p2a: Quagsire\n|-crit|p2a: Quagsire\n|-damage|p2a: Quagsire|165/297\n|move|p2a: Quagsire|Spikes|p1a: Suicune\n|-sidestart|p1: sigmafy|Spikes\n|\n|-heal|p1a: Suicune|199/298 tox|[from] item: Leftovers\n|-heal|p2a: Quagsire|183/297|[from] item: Leftovers\n|-damage|p1a: Suicune|163/298 tox|[from] psn\n|upkeep\n|turn|11\n|\n|t:|1733862461\n|move|p1a: Suicune|Calm Mind|p1a: Suicune\n|-boost|p1a: Suicune|spa|1\n|-boost|p1a: Suicune|spd|1\n|move|p2a: Quagsire|Spikes|p1a: Suicune\n|-sidestart|p1: sigmafy|Spikes\n|\n|-heal|p1a: Suicune|181/298 tox|[from] item: Leftovers\n|-heal|p2a: Quagsire|201/297|[from] item: Leftovers\n|-damage|p1a: Suicune|127/298 tox|[from] psn\n|upkeep\n|turn|12\n|\n|t:|1733862479\n|move|p1a: Suicune|Ice Beam|p2a: Quagsire\n|-damage|p2a: Quagsire|134/297\n|move|p2a: Quagsire|Spikes|p1a: Suicune\n|-sidestart|p1: sigmafy|Spikes\n|\n|-heal|p1a: Suicune|145/298 tox|[from] item: Leftovers\n|-heal|p2a: Quagsire|152/297|[from] item: Leftovers\n|-damage|p1a: Suicune|73/298 tox|[from] psn\n|upkeep\n|turn|13\n|inactive|Battle timer is ON: inactive players will automatically lose when time's up. (requested by sigmafy)\n|\n|t:|1733862490\n|move|p1a: Suicune|Scald|p2a: Quagsire\n|-damage|p2a: Quagsire|49/297\n|move|p2a: Quagsire|Recover|p2a: Quagsire\n|-heal|p2a: Quagsire|198/297\n|\n|-heal|p1a: Suicune|91/298 tox|[from] item: Leftovers\n|-heal|p2a: Quagsire|216/297|[from] item: Leftovers\n|-damage|p1a: Suicune|1/298 tox|[from] psn\n|upkeep\n|turn|14\n|\n|t:|1733862501\n|move|p1a: Suicune|Scald|p2a: Quagsire\n|-damage|p2a: Quagsire|116/297\n|-status|p2a: Quagsire|brn\n|move|p2a: Quagsire|Recover|p2a: Quagsire\n|-heal|p2a: Quagsire|265/297 brn\n|\n|-heal|p1a: Suicune|19/298 tox|[from] item: Leftovers\n|-heal|p2a: Quagsire|283/297 brn|[from] item: Leftovers\n|-damage|p1a: Suicune|0 fnt|[from] psn\n|faint|p1a: Suicune\n|-damage|p2a: Quagsire|265/297 brn|[from] brn\n|upkeep\n|\n|t:|1733862519\n|switch|p1a: Eternatus|Eternatus, L69|308/308\n|-damage|p1a: Eternatus|231/308|[from] Spikes\n|-ability|p1a: Eternatus|Pressure\n|turn|15\n|\n|t:|1733862526\n|move|p1a: Eternatus|Toxic||[still]\n|-fail|p1a: Eternatus\n|move|p2a: Quagsire|Toxic|p1a: Eternatus|[miss]\n|-miss|p2a: Quagsire|p1a: Eternatus\n|\n|-heal|p1a: Eternatus|250/308|[from] item: Leftovers\n|-heal|p2a: Quagsire|283/297 brn|[from] item: Leftovers\n|-damage|p2a: Quagsire|265/297 brn|[from] brn\n|upkeep\n|turn|16\n|\n|t:|1733862553\n|move|p1a: Eternatus|Dynamax Cannon|p2a: Quagsire\n|-damage|p2a: Quagsire|151/297 brn\n|move|p2a: Quagsire|Earthquake|p1a: Eternatus\n|-supereffective|p1a: Eternatus\n|-damage|p1a: Eternatus|148/308\n|\n|-heal|p1a: Eternatus|167/308|[from] item: Leftovers\n|-heal|p2a: Quagsire|169/297 brn|[from] item: Leftovers\n|-damage|p2a: Quagsire|151/297 brn|[from] brn\n|upkeep\n|turn|17\n|\n|t:|1733862567\n|move|p1a: Eternatus|Dynamax Cannon|p2a: Quagsire\n|-damage|p2a: Quagsire|34/297 brn\n|move|p2a: Quagsire|Earthquake|p1a: Eternatus\n|-supereffective|p1a: Eternatus\n|-damage|p1a: Eternatus|58/308\n|\n|-heal|p1a: Eternatus|77/308|[from] item: Leftovers\n|-heal|p2a: Quagsire|52/297 brn|[from] item: Leftovers\n|-damage|p2a: Quagsire|34/297 brn|[from] brn\n|upkeep\n|turn|18\n|inactive|sigmafy has 270 seconds left.\n|\n|t:|1733862584\n|move|p1a: Eternatus|Dynamax Cannon|p2a: Quagsire\n|-damage|p2a: Quagsire|0 fnt\n|faint|p2a: Quagsire\n|\n|-heal|p1a: Eternatus|96/308|[from] item: Leftovers\n|upkeep\n|\n|t:|1733862590\n|switch|p2a: Gliscor|Gliscor, L76, F|239/239\n|turn|19\n|\n|t:|1733862601\n|move|p1a: Eternatus|Recover|p1a: Eternatus\n|-heal|p1a: Eternatus|250/308\n|move|p2a: Gliscor|Earthquake|p1a: Eternatus\n|-supereffective|p1a: Eternatus\n|-damage|p1a: Eternatus|50/308\n|\n|-heal|p1a: Eternatus|69/308|[from] item: Leftovers\n|-status|p2a: Gliscor|tox|[from] item: Toxic Orb\n|upkeep\n|turn|20\n|\n|t:|1733862611\n|-terastallize|p1a: Eternatus|Dragon\n|move|p1a: Eternatus|Recover|p1a: Eternatus\n|-heal|p1a: Eternatus|223/308\n|move|p2a: Gliscor|Earthquake|p1a: Eternatus\n|-damage|p1a: Eternatus|118/308\n|\n|-heal|p1a: Eternatus|137/308|[from] item: Leftovers\n|upkeep\n|turn|21\n|\n|t:|1733862630\n|move|p1a: Eternatus|Recover|p1a: Eternatus\n|-heal|p1a: Eternatus|291/308\n|move|p2a: Gliscor|Toxic Spikes|p1a: Eternatus\n|-sidestart|p1: sigmafy|move: Toxic Spikes\n|\n|-heal|p1a: Eternatus|308/308|[from] item: Leftovers\n|upkeep\n|turn|22\n|\n|t:|1733862638\n|move|p1a: Eternatus|Dynamax Cannon|p2a: Gliscor\n|-damage|p2a: Gliscor|77/239 tox\n|move|p2a: Gliscor|Toxic Spikes|p1a: Eternatus\n|-sidestart|p1: sigmafy|move: Toxic Spikes\n|\n|-heal|p2a: Gliscor|106/239 tox|[from] ability: Poison Heal\n|upkeep\n|turn|23\n|\n|t:|1733862653\n|move|p1a: Eternatus|Dynamax Cannon|p2a: Gliscor\n|-damage|p2a: Gliscor|0 fnt\n|faint|p2a: Gliscor\n|\n|upkeep\n|inactive|pakmara100 has 270 seconds left.\n|inactive|pakmara100 has 240 seconds left.\n|\n|t:|1733862708\n|switch|p2a: Bellibolt|Bellibolt, L84, F|320/320\n|-damage|p2a: Bellibolt|280/320|[from] Spikes\n|turn|24\n|inactive|pakmara100 has 240 seconds left.\n|\n|t:|1733862720\n|move|p1a: Eternatus|Flamethrower|p2a: Bellibolt\n|-damage|p2a: Bellibolt|214/320\n|-start|p2a: Bellibolt|Charge|Flamethrower|[from] ability: Electromorphosis\n|move|p2a: Bellibolt|Thunderbolt|p1a: Eternatus\n|-resisted|p1a: Eternatus\n|-damage|p1a: Eternatus|185/308\n|-end|p2a: Bellibolt|Charge|[silent]\n|\n|-heal|p1a: Eternatus|204/308|[from] item: Leftovers\n|-heal|p2a: Bellibolt|234/320|[from] item: Leftovers\n|upkeep\n|turn|25\n|inactive|pakmara100 has 240 seconds left.\n|\n|t:|1733862733\n|move|p1a: Eternatus|Toxic|p2a: Bellibolt\n|-status|p2a: Bellibolt|tox\n|move|p2a: Bellibolt|Muddy Water|p1a: Eternatus\n|-resisted|p1a: Eternatus\n|-damage|p1a: Eternatus|167/308\n|\n|-heal|p1a: Eternatus|186/308|[from] item: Leftovers\n|-heal|p2a: Bellibolt|254/320 tox|[from] item: Leftovers\n|-damage|p2a: Bellibolt|234/320 tox|[from] psn\n|upkeep\n|turn|26\n|inactive|pakmara100 has 240 seconds left.\n|\n|t:|1733862747\n|move|p1a: Eternatus|Flamethrower|p2a: Bellibolt\n|-damage|p2a: Bellibolt|170/320 tox\n|-start|p2a: Bellibolt|Charge|Flamethrower|[from] ability: Electromorphosis\n|move|p2a: Bellibolt|Volt Switch|p1a: Eternatus\n|-resisted|p1a: Eternatus\n|-damage|p1a: Eternatus|92/308\n|-end|p2a: Bellibolt|Charge|[silent]\n|inactive|pakmara100 has 240 seconds left.\n|\n|t:|1733862760\n|switch|p2a: Vikavolt|Vikavolt, L83, M|263/263|[from] Volt Switch\n|\n|-heal|p1a: Eternatus|111/308|[from] item: Leftovers\n|upkeep\n|turn|27\n|inactive|pakmara100 has 240 seconds left.\n|\n|t:|1733862774\n|move|p1a: Eternatus|Recover|p1a: Eternatus\n|-heal|p1a: Eternatus|265/308\n|move|p2a: Vikavolt|Energy Ball|p1a: Eternatus\n|-resisted|p1a: Eternatus\n|-damage|p1a: Eternatus|220/308\n|\n|-heal|p1a: Eternatus|239/308|[from] item: Leftovers\n|upkeep\n|turn|28\n|inactive|pakmara100 has 240 seconds left.\n|\n|t:|1733862787\n|move|p1a: Eternatus|Flamethrower|p2a: Vikavolt\n|-supereffective|p2a: Vikavolt\n|-damage|p2a: Vikavolt|115/263\n|move|p2a: Vikavolt|Bug Buzz|p1a: Eternatus\n|-damage|p1a: Eternatus|85/308\n|\n|-heal|p1a: Eternatus|104/308|[from] item: Leftovers\n|upkeep\n|turn|29\n|inactive|pakmara100 has 240 seconds left.\n|\n|t:|1733862802\n|move|p1a: Eternatus|Dynamax Cannon|p2a: Vikavolt\n|-damage|p2a: Vikavolt|0 fnt\n|faint|p2a: Vikavolt\n|\n|-heal|p1a: Eternatus|123/308|[from] item: Leftovers\n|upkeep\n|inactive|pakmara100 has 240 seconds left.\n|\n|t:|1733862813\n|switch|p2a: Bellibolt|Bellibolt, L84, F|170/320 tox\n|-damage|p2a: Bellibolt|130/320 tox|[from] Spikes\n|turn|30\n|inactive|pakmara100 has 240 seconds left.\n|\n|t:|1733862818\n|move|p1a: Eternatus|Recover|p1a: Eternatus\n|-heal|p1a: Eternatus|277/308\n|move|p2a: Bellibolt|Thunderbolt|p1a: Eternatus\n|-resisted|p1a: Eternatus\n|-damage|p1a: Eternatus|220/308\n|\n|-heal|p1a: Eternatus|239/308|[from] item: Leftovers\n|-heal|p2a: Bellibolt|150/320 tox|[from] item: Leftovers\n|-damage|p2a: Bellibolt|130/320 tox|[from] psn\n|upkeep\n|turn|31\n|inactive|pakmara100 has 240 seconds left.\n|\n|t:|1733862833\n|move|p1a: Eternatus|Flamethrower|p2a: Bellibolt\n|-damage|p2a: Bellibolt|69/320 tox\n|-start|p2a: Bellibolt|Charge|Flamethrower|[from] ability: Electromorphosis\n|move|p2a: Bellibolt|Thunderbolt|p1a: Eternatus\n|-resisted|p1a: Eternatus\n|-damage|p1a: Eternatus|134/308\n|-end|p2a: Bellibolt|Charge|[silent]\n|\n|-heal|p1a: Eternatus|153/308|[from] item: Leftovers\n|-heal|p2a: Bellibolt|89/320 tox|[from] item: Leftovers\n|-damage|p2a: Bellibolt|49/320 tox|[from] psn\n|upkeep\n|turn|32\n|inactive|pakmara100 has 240 seconds left.\n|\n|t:|1733862844\n|move|p1a: Eternatus|Recover|p1a: Eternatus\n|-heal|p1a: Eternatus|307/308\n|move|p2a: Bellibolt|Thunderbolt|p1a: Eternatus\n|-resisted|p1a: Eternatus\n|-damage|p1a: Eternatus|254/308\n|\n|-heal|p1a: Eternatus|273/308|[from] item: Leftovers\n|-heal|p2a: Bellibolt|69/320 tox|[from] item: Leftovers\n|-damage|p2a: Bellibolt|9/320 tox|[from] psn\n|upkeep\n|turn|33\n|inactive|pakmara100 has 240 seconds left.\n|\n|t:|1733862855\n|move|p1a: Eternatus|Toxic|p2a: Bellibolt\n|-fail|p2a: Bellibolt|tox\n|move|p2a: Bellibolt|Thunderbolt|p1a: Eternatus\n|-resisted|p1a: Eternatus\n|-damage|p1a: Eternatus|214/308\n|\n|-heal|p1a: Eternatus|233/308|[from] item: Leftovers\n|-heal|p2a: Bellibolt|29/320 tox|[from] item: Leftovers\n|-damage|p2a: Bellibolt|0 fnt|[from] psn\n|faint|p2a: Bellibolt\n|upkeep\n|inactive|pakmara100 has 240 seconds left.\n|\n|t:|1733862865\n|switch|p2a: Gurdurr|Gurdurr, L85, F|283/283\n|-damage|p2a: Gurdurr|248/283|[from] Spikes\n|turn|34\n|inactive|pakmara100 has 240 seconds left.\n|inactive|pakmara100 has 210 seconds left.\n|\n|t:|1733862907\n|move|p1a: Eternatus|Dynamax Cannon|p2a: Gurdurr\n|-damage|p2a: Gurdurr|114/283\n|move|p2a: Gurdurr|Drain Punch|p1a: Eternatus\n|-damage|p1a: Eternatus|133/308\n|-heal|p2a: Gurdurr|164/283|[from] drain|[of] p1a: Eternatus\n|\n|-heal|p1a: Eternatus|152/308|[from] item: Leftovers\n|upkeep\n|turn|35\n|inactive|pakmara100 has 210 seconds left.\n|\n|t:|1733862925\n|move|p1a: Eternatus|Recover|p1a: Eternatus\n|-heal|p1a: Eternatus|306/308\n|move|p2a: Gurdurr|Drain Punch|p1a: Eternatus\n|-damage|p1a: Eternatus|210/308\n|-heal|p2a: Gurdurr|212/283|[from] drain|[of] p1a: Eternatus\n|\n|-heal|p1a: Eternatus|229/308|[from] item: Leftovers\n|upkeep\n|turn|36\n|inactive|pakmara100 has 210 seconds left.\n|\n|t:|1733862937\n|move|p1a: Eternatus|Toxic|p2a: Gurdurr|[miss]\n|-miss|p1a: Eternatus|p2a: Gurdurr\n|move|p2a: Gurdurr|Knock Off|p1a: Eternatus\n|-damage|p1a: Eternatus|144/308\n|-enditem|p1a: Eternatus|Leftovers|[from] move: Knock Off|[of] p2a: Gurdurr\n|\n|upkeep\n|turn|37\n|inactive|pakmara100 has 210 seconds left.\n|\n|t:|1733862947\n|move|p1a: Eternatus|Toxic|p2a: Gurdurr\n|-status|p2a: Gurdurr|tox\n|move|p2a: Gurdurr|Drain Punch|p1a: Eternatus\n|-damage|p1a: Eternatus|6/308\n|-heal|p2a: Gurdurr|281/283 tox|[from] drain|[of] p1a: Eternatus\n|\n|-damage|p2a: Gurdurr|264/283 tox|[from] psn\n|upkeep\n|turn|38\n|inactive|pakmara100 has 210 seconds left.\n|\n|t:|1733862963\n|move|p2a: Gurdurr|Mach Punch|p1a: Eternatus\n|-damage|p1a: Eternatus|0 fnt\n|faint|p1a: Eternatus\n|\n|-damage|p2a: Gurdurr|230/283 tox|[from] psn\n|upkeep\n|\n|t:|1733862976\n|switch|p1a: Gouging Fire|Gouging Fire, L74|277/277\n|turn|39\n|inactive|pakmara100 has 210 seconds left.\n|\n|t:|1733862991\n|move|p1a: Gouging Fire|Dragon Dance|p1a: Gouging Fire\n|-boost|p1a: Gouging Fire|atk|1\n|-boost|p1a: Gouging Fire|spe|1\n|move|p2a: Gurdurr|Drain Punch|p1a: Gouging Fire\n|-damage|p1a: Gouging Fire|151/277\n|-heal|p2a: Gurdurr|283/283 tox|[from] drain|[of] p1a: Gouging Fire\n|\n|-damage|p2a: Gurdurr|232/283 tox|[from] psn\n|upkeep\n|turn|40\n|inactive|sigmafy has 270 seconds left.\n|\n|t:|1733863007\n|move|p1a: Gouging Fire|Outrage|p2a: Gurdurr\n|-damage|p2a: Gurdurr|126/283 tox\n|move|p2a: Gurdurr|Drain Punch|p1a: Gouging Fire\n|-damage|p1a: Gouging Fire|42/277\n|-heal|p2a: Gurdurr|181/283 tox|[from] drain|[of] p1a: Gouging Fire\n|\n|-damage|p2a: Gurdurr|113/283 tox|[from] psn\n|upkeep\n|turn|41\n|\n|t:|1733863015\n|move|p2a: Gurdurr|Mach Punch|p1a: Gouging Fire\n|-damage|p1a: Gouging Fire|0 fnt\n|faint|p1a: Gouging Fire\n|-end|p1a: Gouging Fire|Protosynthesis|[silent]\n|\n|-damage|p2a: Gurdurr|28/283 tox|[from] psn\n|upkeep\n|\n|t:|1733863021\n|switch|p1a: Volcarona|Volcarona, L77, F|257/257\n|turn|42\n|inactive|pakmara100 has 210 seconds left.\n|\n|t:|1733863057\n|move|p1a: Volcarona|Giga Drain|p2a: Gurdurr\n|-damage|p2a: Gurdurr|0 fnt\n|faint|p2a: Gurdurr\n|\n|win|sigmafy\n", "inputlog": ">version bfd83cad13791eb5a5a409923076391caf6fb4d4\n>start {\"formatid\":\"gen9randombattle\",\"seed\":[52409,62897,13013,9836]}\n>player p1 {\"name\":\"sigmafy\",\"avatar\":\"1\",\"rating\":0,\"seed\":[4725,59842,3752,2590]}\n>player p2 {\"name\":\"pakmara100\",\"avatar\":\"170\",\"rating\":0,\"seed\":[61330,26277,45078,42534]}\n>p1 move spikes\n>p2 move moonblast\n>p1 move payback\n>p2 move calmmind\n>p1 move ruination\n>p2 move calmmind\n>p1 move ruination\n>p2 move moonlight\n>p1 move ruination\n>p2 move moonblast\n>p1 switch 6\n>p1 move meteormash\n>p2 move fireblast terastallize\n>p1 switch 2\n>p1 move scald\n>p2 move moonblast\n>p1 move scald\n>p2 move moonlight\n>p2 switch 4\n>p1 move calmmind\n>p2 move toxic\n>p1 move icebeam\n>p2 move spikes\n>p1 move calmmind\n>p2 move spikes\n>p1 move icebeam\n>p2 move spikes\n>p1 move scald\n>p2 move recover\n>p1 move scald\n>p2 move recover\n>p1 switch 4\n>p1 move toxic\n>p2 move toxic\n>p1 move dynamaxcannon\n>p2 move earthquake\n>p1 move dynamaxcannon\n>p2 move earthquake\n>p1 move dynamaxcannon\n>p2 move earthquake\n>p2 switch 2\n>p1 move recover\n>p2 move earthquake\n>p1 move recover terastallize\n>p2 move earthquake\n>p1 move recover\n>p2 move toxicspikes\n>p1 move dynamaxcannon\n>p2 move toxicspikes\n>p1 move dynamaxcannon\n>p2 move knockoff\n>p2 switch 3\n>p1 move flamethrower\n>p2 move thunderbolt\n>p1 move toxic\n>p2 move muddywater\n>p1 move flamethrower\n>p2 move voltswitch\n>p2 switch 6\n>p1 move recover\n>p2 move energyball\n>p1 move flamethrower\n>p2 move bugbuzz\n>p1 move dynamaxcannon\n>p2 move bugbuzz\n>p2 switch 6\n>p1 move recover\n>p2 move thunderbolt\n>p1 move flamethrower\n>p2 move thunderbolt\n>p1 move recover\n>p2 move thunderbolt\n>p1 move toxic\n>p2 move thunderbolt\n>p2 switch 5\n>p1 move dynamaxcannon\n>p2 move drainpunch\n>p1 move recover\n>p2 move drainpunch\n>p1 move toxic\n>p2 move knockoff\n>p1 move toxic\n>p2 move drainpunch\n>p1 move recover\n>p2 move machpunch\n>p1 switch 5\n>p1 move dragondance\n>p2 move drainpunch\n>p1 move outrage\n>p2 move drainpunch\n>p1 move outrage\n>p2 move machpunch\n>p1 switch 3\n>p1 move gigadrain\n>p2 move drainpunch", "uploadtime": 1733863085, "views": 1, "formatid": "gen9randombattle", "rating": null, "private": 0, "password": null}