{"id": "gen9randombattle-2260319878", "format": "[Gen 9] Random Battle", "players": ["arjwtnnwwjt", "Dalord350"], "log": "|j|\u2606arjwtnnwwjt\n|j|\u2606Dalord350\n|t:|1733839465\n|gametype|singles\n|player|p1|arjwtnnwwjt|101|1142\n|player|p2|Dalord350|169|1146\n|teamsize|p1|6\n|teamsize|p2|6\n|gen|9\n|tier|[Gen 9] Random Battle\n|rated|\n|rule|Species Clause: Limit one of each Pok\u00e9mon\n|rule|HP Percentage Mod: HP is shown in percentages\n|rule|Sleep Clause Mod: Limit one foe put to sleep\n|rule|Illusion Level Mod: Illusion disguises the Pok\u00e9mon's true level\n|\n|t:|1733839465\n|start\n|switch|p1a: Hippowdon|Hippowdon, L82, F|311/311\n|switch|p2a: Tornadus|Tornadus-Therian, L79, M|254/254\n|-weather|Sandstorm|[from] ability: Sand Stream|[of] p1a: Hippowdon\n|turn|1\n|\n|t:|1733839478\n|move|p2a: Tornadus|Knock Off|p1a: Hippowdon\n|-damage|p1a: Hippowdon|262/311\n|-damage|p2a: Tornadus|212/254|[from] item: Rocky Helmet|[of] p1a: Hippowdon\n|-enditem|p1a: Hippowdon|Rocky Helmet|[from] move: Knock Off|[of] p2a: Tornadus\n|move|p1a: Hippowdon|Stealth Rock|p2a: Tornadus\n|-sidestart|p2: Dalord350|move: Stealth Rock\n|\n|-weather|Sandstorm|[upkeep]\n|-damage|p2a: Tornadus|197/254|[from] Sandstorm\n|upkeep\n|turn|2\n|\n|t:|1733839490\n|switch|p2a: Orthworm|Orthworm, L88, F|266/266\n|-damage|p2a: Orthworm|250/266|[from] Stealth Rock\n|move|p1a: Hippowdon|Slack Off|p1a: Hippowdon\n|-heal|p1a: Hippowdon|311/311\n|\n|-weather|Sandstorm|[upkeep]\n|upkeep\n|turn|3\n|\n|t:|1733839498\n|move|p2a: Orthworm|Coil|p2a: Orthworm\n|-boost|p2a: Orthworm|atk|1\n|-boost|p2a: Orthworm|def|1\n|-boost|p2a: Orthworm|accuracy|1\n|move|p1a: Hippowdon|Whirlwind|p2a: Orthworm\n|drag|p2a: Wigglytuff|Wigglytuff, L96, M|424/424\n|-damage|p2a: Wigglytuff|371/424|[from] Stealth Rock\n|\n|-weather|Sandstorm|[upkeep]\n|-damage|p2a: Wigglytuff|345/424|[from] Sandstorm\n|-heal|p2a: Wigglytuff|371/424|[from] item: Leftovers\n|upkeep\n|turn|4\n|\n|t:|1733839511\n|move|p2a: Wigglytuff|Knock Off|p1a: Hippowdon\n|-damage|p1a: Hippowdon|274/311\n|move|p1a: Hippowdon|Whirlwind|p2a: Wigglytuff\n|drag|p2a: Sinistcha|Sinistcha-Masterpiece, L83|254/254\n|-damage|p2a: Sinistcha|223/254|[from] Stealth Rock\n|\n|-weather|Sandstorm|[upkeep]\n|-damage|p2a: Sinistcha|208/254|[from] Sandstorm\n|-heal|p2a: Sinistcha|223/254|[from] item: Leftovers\n|upkeep\n|turn|5\n|\n|t:|1733839523\n|switch|p1a: Amoonguss|Amoonguss, L82, F|321/321\n|move|p2a: Sinistcha|Matcha Gotcha|p1a: Amoonguss\n|-resisted|p1a: Amoonguss\n|-crit|p1a: Amoonguss\n|-damage|p1a: Amoonguss|282/321\n|-heal|p2a: Sinistcha|243/254|[from] drain|[of] p1a: Amoonguss\n|\n|-weather|none\n|-heal|p2a: Sinistcha|254/254|[from] item: Leftovers\n|-heal|p1a: Amoonguss|302/321|[from] item: Leftovers\n|upkeep\n|turn|6\n|\n|t:|1733839542\n|move|p2a: Sinistcha|Shadow Ball|p1a: Amoonguss\n|-damage|p1a: Amoonguss|194/321\n|move|p1a: Amoonguss|Sludge Bomb|p2a: Sinistcha\n|-damage|p2a: Sinistcha|169/254\n|-status|p2a: Sinistcha|psn\n|\n|-heal|p2a: Sinistcha|184/254 psn|[from] item: Leftovers\n|-heal|p1a: Amoonguss|214/321|[from] item: Leftovers\n|-damage|p2a: Sinistcha|153/254 psn|[from] psn\n|upkeep\n|turn|7\n|-message|Dalord350 forfeited.\n|\n|win|arjwtnnwwjt\n|raw|arjwtnnwwjt's rating: 1142 &rarr; <strong>1167</strong><br />(+25 for winning)\n|raw|Dalord350's rating: 1146 &rarr; <strong>1121</strong><br />(-25 for losing)\n|l|\u2606Dalord350\n|player|p2|\n", "inputlog": ">version bfd83cad13791eb5a5a409923076391caf6fb4d4\n>start {\"formatid\":\"gen9randombattle\",\"seed\":[59408,55361,20961,44385],\"rated\":\"Rated battle\"}\n>player p1 {\"name\":\"arjwtnnwwjt\",\"avatar\":\"101\",\"rating\":1142,\"seed\":[46475,251,62243,55292]}\n>player p2 {\"name\":\"Dalord350\",\"avatar\":\"169\",\"rating\":1146,\"seed\":[51183,50816,36099,24848]}\n>p1 move stealthrock\n>p2 move knockoff\n>p1 move slackoff\n>p2 switch 2\n>p1 move whirlwind\n>p2 move coil\n>p1 move whirlwind\n>p2 move knockoff\n>p1 switch 2\n>p2 move matchagotcha\n>p1 move sludgebomb\n>p2 move shadowball\n>forcelose p2", "uploadtime": 1733839552, "views": 1, "formatid": "gen9randombattle", "rating": 1121, "private": 0, "password": null}