{"id": "gen9randombattle-2254043497", "format": "[Gen 9] Random Battle", "players": ["RandoJoJo", "NailongAiXiao7"], "log": "|j|\u2606RandoJoJo\n|j|\u2606NailongAiXiao7\n|t:|1732984105\n|gametype|singles\n|player|p1|RandoJoJo|benga|1191\n|player|p2|NailongAiXiao7|richboy-gen4|1143\n|teamsize|p1|6\n|teamsize|p2|6\n|gen|9\n|tier|[Gen 9] Random Battle\n|rated|\n|rule|Species Clause: Limit one of each Pok\u00e9mon\n|rule|HP Percentage Mod: HP is shown in percentages\n|rule|Sleep Clause Mod: Limit one foe put to sleep\n|rule|Illusion Level Mod: Illusion disguises the Pok\u00e9mon's true level\n|\n|t:|1732984105\n|start\n|switch|p1a: Samurott|Samurott, L88, F|310/310\n|switch|p2a: Overqwil|Overqwil, L82, F|274/274\n|-ability|p2a: Overqwil|Intimidate|boost\n|-unboost|p1a: Samurott|atk|1\n|turn|1\n|inactive|Battle timer is ON: inactive players will automatically lose when time's up. (requested by RandoJoJo)\n|\n|t:|1732984127\n|move|p2a: Overqwil|Swords Dance|p2a: Overqwil\n|-boost|p2a: Overqwil|atk|2\n|move|p1a: Samurott|Knock Off|p2a: Overqwil\n|-resisted|p2a: Overqwil\n|-damage|p2a: Overqwil|250/274\n|-enditem|p2a: Overqwil|Loaded Dice|[from] move: Knock Off|[of] p1a: Samurott\n|\n|upkeep\n|turn|2\n|\n|t:|1732984136\n|switch|p1a: Clodsire|Clodsire, L81, F|343/343\n|move|p2a: Overqwil|Scale Shot|p1a: Clodsire\n|-damage|p1a: Clodsire|289/343\n|-damage|p1a: Clodsire|234/343\n|-damage|p1a: Clodsire|181/343\n|-damage|p1a: Clodsire|127/343\n|-hitcount|p1a: Clodsire|4\n|-unboost|p2a: Overqwil|def|1\n|-boost|p2a: Overqwil|spe|1\n|\n|-heal|p1a: Clodsire|148/343|[from] item: Leftovers\n|upkeep\n|turn|3\n|\n|t:|1732984148\n|move|p2a: Overqwil|Crunch|p1a: Clodsire\n|-damage|p1a: Clodsire|0 fnt\n|faint|p1a: Clodsire\n|\n|upkeep\n|\n|t:|1732984151\n|switch|p1a: Tyranitar|Tyranitar, L79, M|288/288\n|-weather|Sandstorm|[from] ability: Sand Stream|[of] p1a: Tyranitar\n|turn|4\n|\n|t:|1732984159\n|-terastallize|p2a: Overqwil|Dragon\n|move|p2a: Overqwil|Scale Shot|p1a: Tyranitar\n|-crit|p1a: Tyranitar\n|-damage|p1a: Tyranitar|206/288\n|-crit|p1a: Tyranitar\n|-damage|p1a: Tyranitar|125/288\n|-damage|p1a: Tyranitar|73/288\n|-damage|p1a: Tyranitar|19/288\n|-hitcount|p1a: Tyranitar|4\n|-unboost|p2a: Overqwil|def|1\n|-boost|p2a: Overqwil|spe|1\n|move|p1a: Tyranitar|Earthquake|p2a: Overqwil\n|-damage|p2a: Overqwil|97/274\n|\n|-weather|Sandstorm|[upkeep]\n|-damage|p2a: Overqwil|80/274|[from] Sandstorm\n|-heal|p1a: Tyranitar|37/288|[from] item: Leftovers\n|upkeep\n|turn|5\n|\n|t:|1732984173\n|move|p2a: Overqwil|Crunch|p1a: Tyranitar\n|-resisted|p1a: Tyranitar\n|-damage|p1a: Tyranitar|0 fnt\n|faint|p1a: Tyranitar\n|\n|-weather|Sandstorm|[upkeep]\n|-damage|p2a: Overqwil|63/274|[from] Sandstorm\n|upkeep\n|\n|t:|1732984179\n|switch|p1a: Greedent|Greedent, L86, M|347/347\n|turn|6\n|\n|t:|1732984184\n|move|p2a: Overqwil|Gunk Shot|p1a: Greedent\n|-damage|p1a: Greedent|94/347\n|-status|p1a: Greedent|psn\n|-enditem|p1a: Greedent|Sitrus Berry|[eat]\n|-heal|p1a: Greedent|180/347 psn|[from] item: Sitrus Berry\n|-heal|p1a: Greedent|295/347 psn|[from] ability: Cheek Pouch\n|move|p1a: Greedent|Knock Off|p2a: Overqwil\n|-damage|p2a: Overqwil|0 fnt\n|faint|p2a: Overqwil\n|\n|-weather|Sandstorm|[upkeep]\n|-damage|p1a: Greedent|274/347 psn|[from] Sandstorm\n|-damage|p1a: Greedent|231/347 psn|[from] psn\n|upkeep\n|\n|t:|1732984198\n|switch|p2a: Yanmega|Yanmega, L82, F|275/275\n|turn|7\n|\n|t:|1732984205\n|move|p2a: Yanmega|Protect|p2a: Yanmega\n|-singleturn|p2a: Yanmega|Protect\n|move|p1a: Greedent|Swords Dance|p1a: Greedent\n|-boost|p1a: Greedent|atk|2\n|\n|-weather|Sandstorm|[upkeep]\n|-damage|p2a: Yanmega|258/275|[from] Sandstorm\n|-damage|p1a: Greedent|210/347 psn|[from] Sandstorm\n|-damage|p1a: Greedent|167/347 psn|[from] psn\n|-ability|p2a: Yanmega|Speed Boost|boost\n|-boost|p2a: Yanmega|spe|1\n|upkeep\n|turn|8\n|\n|t:|1732984218\n|move|p2a: Yanmega|Bug Buzz|p1a: Greedent\n|-damage|p1a: Greedent|56/347 psn\n|move|p1a: Greedent|Double-Edge|p2a: Yanmega\n|-damage|p2a: Yanmega|5/275\n|-damage|p1a: Greedent|0 fnt|[from] Recoil\n|faint|p1a: Greedent\n|\n|-weather|none\n|-ability|p2a: Yanmega|Speed Boost|boost\n|-boost|p2a: Yanmega|spe|1\n|upkeep\n|\n|t:|1732984232\n|switch|p1a: Alomomola|Alomomola, L87, M|429/429\n|turn|9\n|\n|t:|1732984242\n|move|p2a: Yanmega|Bug Buzz|p1a: Alomomola\n|-damage|p1a: Alomomola|276/429\n|move|p1a: Alomomola|Scald|p2a: Yanmega\n|-damage|p2a: Yanmega|0 fnt\n|faint|p2a: Yanmega\n|\n|upkeep\n|\n|t:|1732984253\n|switch|p2a: Noctowl|Noctowl, L95, F|344/344\n|turn|10\n|\n|t:|1732984259\n|move|p2a: Noctowl|Nasty Plot|p2a: Noctowl\n|-boost|p2a: Noctowl|spa|2\n|move|p1a: Alomomola|Scald|p2a: Noctowl\n|-damage|p2a: Noctowl|304/344\n|\n|upkeep\n|turn|11\n|\n|t:|1732984267\n|move|p2a: Noctowl|Nasty Plot|p2a: Noctowl\n|-boost|p2a: Noctowl|spa|2\n|move|p1a: Alomomola|Scald|p2a: Noctowl\n|-damage|p2a: Noctowl|261/344\n|\n|upkeep\n|turn|12\n|\n|t:|1732984281\n|-terastallize|p1a: Alomomola|Steel\n|move|p2a: Noctowl|Nasty Plot|p2a: Noctowl\n|-boost|p2a: Noctowl|spa|2\n|move|p1a: Alomomola|Scald|p2a: Noctowl\n|-damage|p2a: Noctowl|216/344\n|-status|p2a: Noctowl|brn\n|\n|-damage|p2a: Noctowl|195/344 brn|[from] brn\n|upkeep\n|turn|13\n|\n|t:|1732984294\n|move|p2a: Noctowl|Roost|p2a: Noctowl\n|-heal|p2a: Noctowl|344/344 brn\n|-singleturn|p2a: Noctowl|move: Roost\n|move|p1a: Alomomola|Wish|p1a: Alomomola\n|\n|-damage|p2a: Noctowl|323/344 brn|[from] brn\n|upkeep\n|turn|14\n|\n|t:|1732984306\n|move|p1a: Alomomola|Protect|p1a: Alomomola\n|-singleturn|p1a: Alomomola|Protect\n|move|p2a: Noctowl|Hurricane|p1a: Alomomola\n|-activate|p1a: Alomomola|move: Protect\n|\n|-heal|p1a: Alomomola|429/429|[from] move: Wish|[wisher] Alomomola\n|-damage|p2a: Noctowl|302/344 brn|[from] brn\n|upkeep\n|turn|15\n|\n|t:|1732984321\n|move|p1a: Alomomola|Protect|p1a: Alomomola\n|-singleturn|p1a: Alomomola|Protect\n|move|p2a: Noctowl|Hurricane|p1a: Alomomola\n|-activate|p1a: Alomomola|move: Protect\n|\n|-damage|p2a: Noctowl|281/344 brn|[from] brn\n|upkeep\n|turn|16\n|\n|t:|1732984325\n|move|p2a: Noctowl|Hyper Voice|p1a: Alomomola\n|-resisted|p1a: Alomomola\n|-damage|p1a: Alomomola|0 fnt\n|faint|p1a: Alomomola\n|\n|-damage|p2a: Noctowl|260/344 brn|[from] brn\n|upkeep\n|\n|t:|1732984328\n|switch|p1a: Samurott|Samurott, L88, F|310/310\n|turn|17\n|\n|t:|1732984338\n|move|p2a: Noctowl|Hyper Voice|p1a: Samurott\n|-damage|p1a: Samurott|0 fnt\n|faint|p1a: Samurott\n|\n|-damage|p2a: Noctowl|239/344 brn|[from] brn\n|upkeep\n|\n|t:|1732984341\n|switch|p1a: Jumpluff|Jumpluff, L87, F|271/271\n|turn|18\n|\n|t:|1732984349\n|move|p1a: Jumpluff|Leech Seed|p2a: Noctowl\n|-start|p2a: Noctowl|move: Leech Seed\n|move|p2a: Noctowl|Hyper Voice|p1a: Jumpluff\n|-damage|p1a: Jumpluff|0 fnt\n|faint|p1a: Jumpluff\n|\n|win|NailongAiXiao7\n|raw|RandoJoJo's rating: 1191 &rarr; <strong>1163</strong><br />(-28 for losing)\n|raw|NailongAiXiao7's rating: 1143 &rarr; <strong>1171</strong><br />(+28 for winning)\n|l|\u2606RandoJoJo\n|player|p1|\n", "inputlog": ">version b107d77f5c90bd6555267ae244a6264823309ead\n>start {\"formatid\":\"gen9randombattle\",\"seed\":[46424,9387,20043,26334],\"rated\":\"Rated battle\"}\n>player p1 {\"name\":\"RandoJoJo\",\"avatar\":\"benga\",\"rating\":1191,\"seed\":[15364,62244,45432,9213]}\n>player p2 {\"name\":\"NailongAiXiao7\",\"avatar\":\"richboy-gen4\",\"rating\":1143,\"seed\":[63719,21466,64167,41858]}\n>p1 move knockoff\n>p2 move swordsdance\n>p1 switch 4\n>p2 move scaleshot\n>p1 move earthquake\n>p2 move crunch\n>p1 switch 5\n>p1 move earthquake\n>p2 move scaleshot terastallize\n>p1 move knockoff\n>p2 move crunch\n>p1 switch 3\n>p1 move knockoff\n>p2 move gunkshot\n>p2 switch 3\n>p1 move swordsdance\n>p2 move protect\n>p1 move doubleedge\n>p2 move bugbuzz\n>p1 switch 6\n>p1 move scald\n>p2 move bugbuzz\n>p2 switch 4\n>p1 move scald\n>p2 move nastyplot\n>p1 move scald\n>p2 move nastyplot\n>p1 move scald terastallize\n>p2 move nastyplot\n>p1 move wish\n>p2 move roost\n>p1 move protect\n>p2 move hurricane\n>p1 move protect\n>p2 move hurricane\n>p1 move flipturn\n>p2 move hypervoice\n>p1 switch 4\n>p1 move knockoff\n>p2 move hypervoice\n>p1 switch 2\n>p1 move leechseed\n>p2 move hypervoice", "uploadtime": 1732984559, "views": 1, "formatid": "gen9randombattle", "rating": 1163, "private": 0, "password": null}