{"id": "gen9randombattle-2253997087", "format": "[Gen 9] Random Battle", "players": ["rms value", "i hate swaggy"], "log": "|j|\u2606rms value\n|j|\u2606i hate swaggy\n|t:|1732977654\n|gametype|singles\n|player|p1|rms value|n|\n|player|p2|i hate swaggy|miku-grass|\n|teamsize|p1|6\n|teamsize|p2|6\n|gen|9\n|tier|[Gen 9] Random Battle\n|rule|Species Clause: Limit one of each Pok\u00e9mon\n|rule|HP Percentage Mod: HP is shown in percentages\n|rule|Sleep Clause Mod: Limit one foe put to sleep\n|rule|Illusion Level Mod: Illusion disguises the Pok\u00e9mon's true level\n|\n|t:|1732977654\n|start\n|switch|p1a: Girafarig|Girafarig, L89, M|269/269\n|switch|p2a: Basculegion|Basculegion-F, L83, F|335/335\n|turn|1\n|c|\u2606i hate swaggy|the lady basculegion\n|c|\u2606i hate swaggy|both get last respects\n|\n|t:|1732977683\n|move|p1a: Girafarig|Thunderbolt|p2a: Basculegion\n|-supereffective|p2a: Basculegion\n|-damage|p2a: Basculegion|177/335\n|move|p2a: Basculegion|Flip Turn|p1a: Girafarig\n|-damage|p1a: Girafarig|207/269\n|\n|t:|1732977694\n|switch|p2a: Rhyperior|Rhyperior, L82, M|323/323|[from] Flip Turn\n|\n|upkeep\n|turn|2\n|\n|t:|1732977711\n|switch|p1a: Rhydon|Rhydon, L85, F|317/317\n|move|p2a: Rhyperior|Rock Polish|p2a: Rhyperior\n|-boost|p2a: Rhyperior|spe|2\n|\n|upkeep\n|turn|3\n|c|\u2606i hate swaggy|its better you get both in one though\n|c|\u2606i hate swaggy|how many nfe mons did you get\n|\n|t:|1732977734\n|move|p2a: Rhyperior|Earthquake|p1a: Rhydon\n|-supereffective|p1a: Rhydon\n|-damage|p1a: Rhydon|165/317\n|move|p1a: Rhydon|Swords Dance|p1a: Rhydon\n|-boost|p1a: Rhydon|atk|2\n|\n|upkeep\n|turn|4\n|\n|t:|1732977750\n|move|p2a: Rhyperior|Earthquake|p1a: Rhydon\n|-supereffective|p1a: Rhydon\n|-damage|p1a: Rhydon|33/317\n|move|p1a: Rhydon|Earthquake|p2a: Rhyperior\n|-supereffective|p2a: Rhyperior\n|-damage|p2a: Rhyperior|8/323\n|-enditem|p2a: Rhyperior|Weakness Policy\n|-boost|p2a: Rhyperior|atk|2|[from] item: Weakness Policy\n|-boost|p2a: Rhyperior|spa|2|[from] item: Weakness Policy\n|\n|upkeep\n|turn|5\n|\n|t:|1732977763\n|move|p2a: Rhyperior|Ice Punch|p1a: Rhydon\n|-supereffective|p1a: Rhydon\n|-damage|p1a: Rhydon|0 fnt\n|faint|p1a: Rhydon\n|\n|upkeep\n|c|\u2606i hate swaggy|solid rock gamingh\n|c|\u2606i hate swaggy|send in the cheems\n|\n|t:|1732977797\n|switch|p1a: Latias|Latias, L79, F|256/256\n|turn|6\n|\n|t:|1732977803\n|-terastallize|p1a: Latias|Steel\n|move|p2a: Rhyperior|Ice Punch|p1a: Latias\n|-resisted|p1a: Latias\n|-damage|p1a: Latias|190/256\n|move|p1a: Latias|Psyshock|p2a: Rhyperior\n|-damage|p2a: Rhyperior|0 fnt\n|faint|p2a: Rhyperior\n|\n|upkeep\n|c|\u2606i hate swaggy|no freeze\n|c|\u2606i hate swaggy|wow\n|\n|t:|1732977818\n|switch|p2a: Uxie|Uxie, L83|260/260\n|turn|7\n|c|\u2606i hate swaggy|its specs\n|\n|t:|1732977829\n|switch|p1a: Venusaur|Venusaur, L84, F|272/272\n|move|p2a: Uxie|Thunder Wave|p1a: Venusaur|[miss]\n|-miss|p2a: Uxie|p1a: Venusaur\n|\n|upkeep\n|turn|8\n|\n|t:|1732977836\n|move|p2a: Uxie|Thunder Wave|p1a: Venusaur\n|-status|p1a: Venusaur|par\n|move|p1a: Venusaur|Sleep Powder|p2a: Uxie\n|-status|p2a: Uxie|slp|[from] move: Sleep Powder\n|\n|upkeep\n|turn|9\n|\n|t:|1732977842\n|cant|p2a: Uxie|slp\n|move|p1a: Venusaur|Knock Off|p2a: Uxie\n|-supereffective|p2a: Uxie\n|-damage|p2a: Uxie|172/260 slp\n|-enditem|p2a: Uxie|Leftovers|[from] move: Knock Off|[of] p1a: Venusaur\n|\n|upkeep\n|turn|10\n|\n|t:|1732977850\n|cant|p2a: Uxie|slp\n|move|p1a: Venusaur|Sludge Bomb|p2a: Uxie\n|-damage|p2a: Uxie|96/260 slp\n|\n|upkeep\n|turn|11\n|c|\u2606i hate swaggy|watch it get the poison\n|\n|t:|1732977864\n|-curestatus|p2a: Uxie|slp|[msg]\n|move|p2a: Uxie|Stealth Rock|p1a: Venusaur\n|-sidestart|p1: rms value|move: Stealth Rock\n|move|p1a: Venusaur|Sludge Bomb|p2a: Uxie\n|-damage|p2a: Uxie|26/260\n|-status|p2a: Uxie|psn\n|\n|-damage|p2a: Uxie|0 fnt|[from] psn\n|faint|p2a: Uxie\n|upkeep\n|c|\u2606i hate swaggy|i called it\n|\n|t:|1732977893\n|switch|p2a: Meloetta|Meloetta, L82|298/298\n|turn|12\n|\n|t:|1732977915\n|move|p2a: Meloetta|U-turn|p1a: Venusaur\n|-damage|p1a: Venusaur|233/272 par\n|\n|t:|1732977919\n|switch|p2a: Sawsbuck|Sawsbuck, L88, F|284/284|[from] U-turn\n|move|p1a: Venusaur|Knock Off|p2a: Sawsbuck\n|-damage|p2a: Sawsbuck|215/284\n|-enditem|p2a: Sawsbuck|Life Orb|[from] move: Knock Off|[of] p1a: Venusaur\n|\n|-heal|p1a: Venusaur|250/272 par|[from] item: Leftovers\n|upkeep\n|turn|13\n|\n|t:|1732977929\n|move|p2a: Sawsbuck|Double-Edge|p1a: Venusaur\n|-damage|p1a: Venusaur|106/272 par\n|-damage|p2a: Sawsbuck|167/284|[from] Recoil\n|move|p1a: Venusaur|Sludge Bomb|p2a: Sawsbuck\n|-supereffective|p2a: Sawsbuck\n|-damage|p2a: Sawsbuck|0 fnt\n|faint|p2a: Sawsbuck\n|\n|-heal|p1a: Venusaur|123/272 par|[from] item: Leftovers\n|upkeep\n|\n|t:|1732977943\n|switch|p2a: Hariyama|Hariyama, L87, F|392/392\n|turn|14\n|\n|t:|1732977952\n|move|p2a: Hariyama|Headlong Rush|p1a: Venusaur\n|-damage|p1a: Venusaur|16/272 par\n|-unboost|p2a: Hariyama|def|1\n|-unboost|p2a: Hariyama|spd|1\n|move|p1a: Venusaur|Synthesis|p1a: Venusaur\n|-heal|p1a: Venusaur|152/272 par\n|\n|-heal|p1a: Venusaur|169/272 par|[from] item: Leftovers\n|-status|p2a: Hariyama|brn|[from] item: Flame Orb\n|upkeep\n|turn|15\n|c|\u2606i hate swaggy|okay thank you hariyama\n|\n|t:|1732977966\n|move|p2a: Hariyama|Facade|p1a: Venusaur\n|-damage|p1a: Venusaur|0 fnt\n|faint|p1a: Venusaur\n|\n|-damage|p2a: Hariyama|368/392 brn|[from] brn\n|upkeep\n|\n|t:|1732977973\n|switch|p1a: Latias|Latias, L79, F, tera:Steel|190/256\n|-damage|p1a: Latias|174/256|[from] Stealth Rock\n|turn|16\n|\n|t:|1732977977\n|-terastallize|p2a: Hariyama|Normal\n|move|p1a: Latias|Psyshock|p2a: Hariyama\n|-damage|p2a: Hariyama|193/392 brn\n|move|p2a: Hariyama|Close Combat|p1a: Latias\n|-supereffective|p1a: Latias\n|-damage|p1a: Latias|0 fnt\n|-unboost|p2a: Hariyama|def|1\n|-unboost|p2a: Hariyama|spd|1\n|faint|p1a: Latias\n|\n|-damage|p2a: Hariyama|169/392 brn|[from] brn\n|upkeep\n|\n|t:|1732977987\n|switch|p1a: Kyurem|Kyurem, L77|319/319\n|-damage|p1a: Kyurem|240/319|[from] Stealth Rock\n|-ability|p1a: Kyurem|Pressure\n|turn|17\n|\n|t:|1732977993\n|switch|p2a: Basculegion|Basculegion-F, L83, F|177/335\n|move|p1a: Kyurem|Scale Shot|p2a: Basculegion\n|-damage|p2a: Basculegion|140/335\n|-damage|p2a: Basculegion|101/335\n|-damage|p2a: Basculegion|67/335\n|-damage|p2a: Basculegion|31/335\n|-damage|p2a: Basculegion|0 fnt\n|faint|p2a: Basculegion\n|-hitcount|p2: Basculegion|5\n|-unboost|p1a: Kyurem|def|1\n|-boost|p1a: Kyurem|spe|1\n|\n|upkeep\n|\n|t:|1732977997\n|switch|p2a: Meloetta|Meloetta, L82|298/298\n|turn|18\n|\n|t:|1732978010\n|move|p1a: Kyurem|Icicle Spear|p2a: Meloetta\n|-damage|p2a: Meloetta|267/298\n|-damage|p2a: Meloetta|236/298\n|-damage|p2a: Meloetta|205/298\n|-damage|p2a: Meloetta|171/298\n|-damage|p2a: Meloetta|137/298\n|-hitcount|p2a: Meloetta|5\n|move|p2a: Meloetta|Focus Blast|p1a: Kyurem\n|-supereffective|p1a: Kyurem\n|-damage|p1a: Kyurem|0 fnt\n|faint|p1a: Kyurem\n|\n|upkeep\n|\n|t:|1732978036\n|switch|p1a: Hariyama|Hariyama, L87, F|392/392\n|-damage|p1a: Hariyama|368/392|[from] Stealth Rock\n|turn|19\n|\n|t:|1732978046\n|move|p2a: Meloetta|Focus Blast|p1a: Hariyama\n|-damage|p1a: Hariyama|244/392\n|move|p1a: Hariyama|Knock Off|p2a: Meloetta\n|-supereffective|p2a: Meloetta\n|-damage|p2a: Meloetta|0 fnt\n|-enditem|p2a: Meloetta|Choice Specs|[from] move: Knock Off|[of] p1a: Hariyama\n|faint|p2a: Meloetta\n|\n|upkeep\n|\n|t:|1732978050\n|switch|p2a: Hariyama|Hariyama, L87, F, tera:Normal|169/392 brn\n|turn|20\n|\n|t:|1732978052\n|move|p2a: Hariyama|Facade|p1a: Hariyama\n|-damage|p1a: Hariyama|0 fnt\n|faint|p1a: Hariyama\n|\n|-damage|p2a: Hariyama|145/392 brn|[from] brn\n|upkeep\n|\n|t:|1732978055\n|switch|p1a: Girafarig|Girafarig, L89, M|207/269\n|-damage|p1a: Girafarig|174/269|[from] Stealth Rock\n|turn|21\n|c|\u2606i hate swaggy|chip\n|\n|t:|1732978065\n|move|p1a: Girafarig|Psyshock|p2a: Hariyama\n|-damage|p2a: Hariyama|33/392 brn\n|move|p2a: Hariyama|Facade|p1a: Girafarig\n|-damage|p1a: Girafarig|0 fnt\n|faint|p1a: Girafarig\n|\n|win|i hate swaggy\n|c|\u2606i hate swaggy|mine is the good one\n", "inputlog": ">version b107d77f5c90bd6555267ae244a6264823309ead\n>start {\"formatid\":\"gen9randombattle\",\"seed\":[60662,45585,55346,10473]}\n>player p1 {\"name\":\"rms value\",\"avatar\":\"n\",\"rating\":0,\"seed\":[13024,53591,8002,59064]}\n>player p2 {\"name\":\"i hate swaggy\",\"avatar\":\"miku-grass\",\"rating\":0,\"seed\":[56767,12086,11141,7838]}\n>chat \u2606i hate swaggy|the lady basculegion\n>chat \u2606i hate swaggy|both get last respects\n>p1 move thunderbolt\n>p2 move flipturn\n>p2 switch 3\n>p1 switch 5\n>p2 move rockpolish\n>chat \u2606i hate swaggy|its better you get both in one though\n>chat \u2606i hate swaggy|how many nfe mons did you get\n>p1 move swordsdance\n>p2 move earthquake\n>p1 move earthquake\n>p2 move earthquake\n>p1 move earthquake\n>p2 move icepunch\n>chat \u2606i hate swaggy|solid rock gamingh\n>chat \u2606i hate swaggy|send in the cheems\n>p1 switch 3\n>p1 move psyshock terastallize\n>p2 move icepunch\n>chat \u2606i hate swaggy|no freeze\n>chat \u2606i hate swaggy|wow\n>p2 switch 4\n>chat \u2606i hate swaggy|its specs\n>p1 switch 6\n>p2 move thunderwave\n>p1 move sleeppowder\n>p2 move thunderwave\n>p1 move knockoff\n>p2 move stealthrock\n>p1 move sludgebomb\n>p2 move stealthrock\n>chat \u2606i hate swaggy|watch it get the poison\n>p1 move sludgebomb\n>p2 move stealthrock\n>chat \u2606i hate swaggy|i called it\n>p2 switch 2\n>p1 move knockoff\n>p2 move uturn\n>p2 switch 6\n>p1 move sludgebomb\n>p2 move doubleedge\n>p2 switch 5\n>p1 move synthesis\n>p2 move headlongrush\n>chat \u2606i hate swaggy|okay thank you hariyama\n>p1 move sludgebomb\n>p2 move facade\n>p1 switch 6\n>p1 move psyshock\n>p2 move closecombat terastallize\n>p1 switch 2\n>p1 move scaleshot\n>p2 switch 3\n>p2 switch 6\n>p1 move iciclespear\n>p2 move focusblast\n>p1 switch 4\n>p1 move knockoff\n>p2 move focusblast\n>p2 switch 3\n>p1 move closecombat\n>p2 move facade\n>p1 switch 5\n>chat \u2606i hate swaggy|chip\n>p1 move psyshock\n>p2 move facade", "uploadtime": 1732978077, "views": 1, "formatid": "gen9randombattle", "rating": null, "private": 0, "password": null}