{"id": "gen9randombattle-2253793570", "format": "[Gen 9] Random Battle", "players": ["Obrodai", "BlazerZX"], "log": "|j|\u203dObrodai\n|j|\u2606BlazerZX\n|t:|1732939170\n|gametype|singles\n|player|p1|Obrodai|169|1581\n|player|p2|BlazerZX|winona|1631\n|teamsize|p1|6\n|teamsize|p2|6\n|gen|9\n|tier|[Gen 9] Random Battle\n|rated|\n|rule|Species Clause: Limit one of each Pok\u00e9mon\n|rule|HP Percentage Mod: HP is shown in percentages\n|rule|Sleep Clause Mod: Limit one foe put to sleep\n|rule|Illusion Level Mod: Illusion disguises the Pok\u00e9mon's true level\n|\n|t:|1732939170\n|start\n|switch|p1a: Great Tusk|Great Tusk, L77|304/304\n|switch|p2a: Suicune|Suicune, L82|298/298\n|-ability|p2a: Suicune|Pressure\n|turn|1\n|\n|t:|1732939204\n|-end|p1a: Great Tusk|Protosynthesis|[silent]\n|switch|p1a: Venusaur|Venusaur, L84, M|272/272\n|move|p2a: Suicune|Substitute|p2a: Suicune\n|-start|p2a: Suicune|Substitute\n|-damage|p2a: Suicune|224/298\n|\n|-heal|p2a: Suicune|242/298|[from] item: Leftovers\n|upkeep\n|turn|2\n|inactive|Battle timer is ON: inactive players will automatically lose when time's up. (requested by BlazerZX)\n|\n|t:|1732939212\n|move|p2a: Suicune|Calm Mind|p2a: Suicune\n|-boost|p2a: Suicune|spa|1\n|-boost|p2a: Suicune|spd|1\n|move|p1a: Venusaur|Sludge Bomb|p2a: Suicune\n|-activate|p2a: Suicune|move: Substitute|[damage]\n|\n|-heal|p2a: Suicune|260/298|[from] item: Leftovers\n|upkeep\n|turn|3\n|\n|t:|1732939221\n|move|p2a: Suicune|Ice Beam|p1a: Venusaur\n|-supereffective|p1a: Venusaur\n|-damage|p1a: Venusaur|122/272\n|move|p1a: Venusaur|Sludge Bomb|p2a: Suicune\n|-end|p2a: Suicune|Substitute\n|\n|-heal|p2a: Suicune|278/298|[from] item: Leftovers\n|-heal|p1a: Venusaur|139/272|[from] item: Leftovers\n|upkeep\n|turn|4\n|\n|t:|1732939234\n|move|p2a: Suicune|Substitute|p2a: Suicune\n|-start|p2a: Suicune|Substitute\n|-damage|p2a: Suicune|204/298\n|move|p1a: Venusaur|Synthesis|p1a: Venusaur\n|-heal|p1a: Venusaur|272/272\n|\n|-heal|p2a: Suicune|222/298|[from] item: Leftovers\n|upkeep\n|turn|5\n|\n|t:|1732939256\n|switch|p1a: Delibird|Delibird, F|252/252\n|move|p2a: Suicune|Calm Mind|p2a: Suicune\n|-boost|p2a: Suicune|spa|1\n|-boost|p2a: Suicune|spd|1\n|\n|-heal|p2a: Suicune|240/298|[from] item: Leftovers\n|upkeep\n|turn|6\n|\n|t:|1732939264\n|move|p1a: Delibird|Brave Bird|p2a: Suicune\n|-end|p2a: Suicune|Substitute\n|-damage|p1a: Delibird|228/252|[from] Recoil|[of] p2a: Suicune\n|move|p2a: Suicune|Scald|p1a: Delibird\n|-damage|p1a: Delibird|23/252\n|-status|p1a: Delibird|brn\n|\n|-heal|p2a: Suicune|258/298|[from] item: Leftovers\n|-damage|p1a: Delibird|8/252 brn|[from] brn\n|upkeep\n|turn|7\n|\n|t:|1732939272\n|move|p1a: Delibird|Spikes|p2a: Suicune\n|-sidestart|p2: BlazerZX|Spikes\n|move|p2a: Suicune|Substitute|p2a: Suicune\n|-start|p2a: Suicune|Substitute\n|-damage|p2a: Suicune|184/298\n|\n|-heal|p2a: Suicune|202/298|[from] item: Leftovers\n|-damage|p1a: Delibird|0 fnt|[from] brn\n|faint|p1a: Delibird\n|upkeep\n|\n|t:|1732939280\n|switch|p1a: Goodra|Goodra, L85, F|292/292\n|turn|8\n|\n|t:|1732939285\n|move|p2a: Suicune|Ice Beam|p1a: Goodra\n|-supereffective|p1a: Goodra\n|-damage|p1a: Goodra|184/292\n|move|p1a: Goodra|Earthquake|p2a: Suicune\n|-activate|p2a: Suicune|move: Substitute|[damage]\n|\n|-heal|p2a: Suicune|220/298|[from] item: Leftovers\n|upkeep\n|turn|9\n|\n|t:|1732939294\n|switch|p1a: Camerupt|Camerupt, L91, F|275/275\n|move|p2a: Suicune|Calm Mind|p2a: Suicune\n|-boost|p2a: Suicune|spa|1\n|-boost|p2a: Suicune|spd|1\n|\n|-heal|p2a: Suicune|238/298|[from] item: Leftovers\n|upkeep\n|turn|10\n|-message|Obrodai forfeited.\n|\n|win|BlazerZX\n|raw|Obrodai's rating: 1581 &rarr; <strong>1564</strong><br />(-17 for losing)\n|raw|BlazerZX's rating: 1631 &rarr; <strong>1648</strong><br />(+17 for winning)\n|l|\u203dObrodai\n|player|p1|\n", "inputlog": ">version b107d77f5c90bd6555267ae244a6264823309ead\n>start {\"formatid\":\"gen9randombattle\",\"seed\":[45080,50514,23880,13921],\"rated\":\"Rated battle\"}\n>player p1 {\"name\":\"Obrodai\",\"avatar\":\"169\",\"rating\":1581,\"seed\":[64740,61039,36058,37466]}\n>player p2 {\"name\":\"BlazerZX\",\"avatar\":\"winona\",\"rating\":1631,\"seed\":[60434,32897,29873,48541]}\n>p1 switch 5\n>p2 move substitute\n>p1 move sludgebomb\n>p2 move calmmind\n>p1 move sludgebomb\n>p2 move icebeam\n>p1 move synthesis\n>p2 move substitute\n>p1 switch 3\n>p2 move calmmind\n>p1 move bravebird\n>p2 move scald\n>p1 move spikes\n>p2 move substitute\n>p1 switch 6\n>p1 move earthquake\n>p2 move icebeam\n>p1 switch 4\n>p2 move calmmind\n>forcelose p1", "uploadtime": 1732939307, "views": 37, "formatid": "gen9randombattle", "rating": 1564, "private": 0, "password": null}