{"id": "gen9randombattle-2253820668", "format": "[Gen 9] Random Battle", "players": ["golfballenjoyer", "Vaxoin"], "log": "|j|\u2606golfballenjoyer\n|j|\u2606Vaxoin\n|t:|1732943389\n|gametype|singles\n|player|p1|golfballenjoyer|clown|1414\n|player|p2|Vaxoin|blackbelt-gen4dp|1423\n|teamsize|p1|6\n|teamsize|p2|6\n|gen|9\n|tier|[Gen 9] Random Battle\n|rated|\n|rule|Species Clause: Limit one of each Pok\u00e9mon\n|rule|HP Percentage Mod: HP is shown in percentages\n|rule|Sleep Clause Mod: Limit one foe put to sleep\n|rule|Illusion Level Mod: Illusion disguises the Pok\u00e9mon's true level\n|\n|t:|1732943389\n|start\n|switch|p1a: Avalugg|Avalugg, L88, M|310/310\n|switch|p2a: Clawitzer|Clawitzer, L87, M|265/265\n|turn|1\n|inactive|Battle timer is ON: inactive players will automatically lose when time's up. (requested by Vaxoin)\n|\n|t:|1732943406\n|move|p2a: Clawitzer|Aura Sphere|p1a: Avalugg\n|-supereffective|p1a: Avalugg\n|-ability|p1a: Avalugg|Sturdy\n|-damage|p1a: Avalugg|1/310\n|move|p1a: Avalugg|Body Press|p2a: Clawitzer\n|-crit|p2a: Clawitzer\n|-damage|p2a: Clawitzer|121/265\n|\n|upkeep\n|turn|2\n|\n|t:|1732943428\n|switch|p1a: Uxie|Uxie, L83|260/260\n|move|p2a: Clawitzer|Aura Sphere|p1a: Uxie\n|-resisted|p1a: Uxie\n|-damage|p1a: Uxie|200/260\n|\n|-heal|p1a: Uxie|216/260|[from] item: Leftovers\n|upkeep\n|turn|3\n|\n|t:|1732943448\n|switch|p2a: Greninja|Greninja, L80, M|246/246\n|move|p1a: Uxie|Yawn|p2a: Greninja\n|-start|p2a: Greninja|move: Yawn|[of] p1a: Uxie\n|\n|-heal|p1a: Uxie|232/260|[from] item: Leftovers\n|upkeep\n|turn|4\n|inactive|golfballenjoyer has 120 seconds left.\n|inactive|Vaxoin has 120 seconds left.\n|\n|t:|1732943469\n|switch|p2a: Regirock|Regirock, L83|268/268\n|move|p1a: Uxie|Stealth Rock|p2a: Regirock\n|-sidestart|p2: Vaxoin|move: Stealth Rock\n|\n|-heal|p1a: Uxie|248/260|[from] item: Leftovers\n|upkeep\n|turn|5\n|inactive|golfballenjoyer has 120 seconds left.\n|\n|t:|1732943476\n|move|p1a: Uxie|Yawn|p2a: Regirock\n|-start|p2a: Regirock|move: Yawn|[of] p1a: Uxie\n|move|p2a: Regirock|Thunder Wave|p1a: Uxie\n|-status|p1a: Uxie|par\n|\n|-heal|p1a: Uxie|260/260 par|[from] item: Leftovers\n|upkeep\n|turn|6\n|inactive|golfballenjoyer has 120 seconds left.\n|\n|t:|1732943487\n|move|p2a: Regirock|Stealth Rock|p1a: Uxie\n|-sidestart|p1: golfballenjoyer|move: Stealth Rock\n|move|p1a: Uxie|Yawn||[still]\n|-fail|p1a: Uxie\n|\n|-end|p2a: Regirock|move: Yawn|[silent]\n|-status|p2a: Regirock|slp\n|upkeep\n|turn|7\n|inactive|golfballenjoyer has 120 seconds left.\n|\n|t:|1732943499\n|cant|p2a: Regirock|slp\n|move|p1a: Uxie|Psychic Noise|p2a: Regirock\n|-damage|p2a: Regirock|213/268 slp\n|-start|p2a: Regirock|move: Heal Block\n|\n|upkeep\n|turn|8\n|\n|t:|1732943507\n|switch|p1a: Avalugg|Avalugg, L88, M|1/310\n|cant|p2a: Regirock|slp\n|\n|-end|p2a: Regirock|move: Heal Block\n|upkeep\n|turn|9\n|\n|t:|1732943521\n|cant|p2a: Regirock|slp\n|move|p1a: Avalugg|Body Press|p2a: Regirock\n|-supereffective|p2a: Regirock\n|-damage|p2a: Regirock|111/268 slp\n|\n|-heal|p2a: Regirock|127/268 slp|[from] item: Leftovers\n|upkeep\n|turn|10\n|inactive|golfballenjoyer has 120 seconds left.\n|\n|t:|1732943547\n|switch|p1a: Uxie|Uxie, L83|260/260 par\n|-damage|p1a: Uxie|228/260 par|[from] Stealth Rock\n|-curestatus|p2a: Regirock|slp|[msg]\n|move|p2a: Regirock|Body Press|p1a: Uxie\n|-resisted|p1a: Uxie\n|-damage|p1a: Uxie|188/260 par\n|\n|-heal|p2a: Regirock|143/268|[from] item: Leftovers\n|-heal|p1a: Uxie|204/260 par|[from] item: Leftovers\n|upkeep\n|turn|11\n|inactive|golfballenjoyer has 120 seconds left.\n|\n|t:|1732943561\n|move|p2a: Regirock|Stone Edge|p1a: Uxie\n|-damage|p1a: Uxie|126/260 par\n|move|p1a: Uxie|Yawn|p2a: Regirock\n|-start|p2a: Regirock|move: Yawn|[of] p1a: Uxie\n|\n|-heal|p2a: Regirock|159/268|[from] item: Leftovers\n|-heal|p1a: Uxie|142/260 par|[from] item: Leftovers\n|upkeep\n|turn|12\n|inactive|golfballenjoyer has 120 seconds left.\n|\n|t:|1732943572\n|move|p2a: Regirock|Stone Edge|p1a: Uxie|[miss]\n|-miss|p2a: Regirock|p1a: Uxie\n|move|p1a: Uxie|Psychic Noise|p2a: Regirock\n|-damage|p2a: Regirock|93/268\n|-start|p2a: Regirock|move: Heal Block\n|\n|-heal|p1a: Uxie|158/260 par|[from] item: Leftovers\n|-end|p2a: Regirock|move: Yawn|[silent]\n|-status|p2a: Regirock|slp\n|upkeep\n|turn|13\n|inactive|golfballenjoyer has 120 seconds left.\n|\n|t:|1732943589\n|switch|p2a: Arcanine|Arcanine-Hisui, L81, F|287/287\n|cant|p1a: Uxie|par\n|\n|-heal|p1a: Uxie|174/260 par|[from] item: Leftovers\n|upkeep\n|turn|14\n|inactive|golfballenjoyer has 120 seconds left.\n|\n|t:|1732943607\n|switch|p1a: Avalugg|Avalugg, L88, M|1/310\n|move|p2a: Arcanine|Flare Blitz|p1a: Avalugg\n|-supereffective|p1a: Avalugg\n|-damage|p1a: Avalugg|0 fnt\n|faint|p1a: Avalugg\n|\n|upkeep\n|\n|t:|1732943622\n|switch|p1a: Golduck|Golduck, L90, M|290/290\n|-damage|p1a: Golduck|254/290|[from] Stealth Rock\n|-ability|p1a: Golduck|Cloud Nine\n|turn|15\n|\n|t:|1732943640\n|switch|p2a: Clawitzer|Clawitzer, L87, M|121/265\n|-damage|p2a: Clawitzer|88/265|[from] Stealth Rock\n|move|p1a: Golduck|Nasty Plot|p1a: Golduck\n|-boost|p1a: Golduck|spa|2\n|\n|-heal|p1a: Golduck|272/290|[from] item: Leftovers\n|upkeep\n|turn|16\n|\n|t:|1732943656\n|move|p1a: Golduck|Grass Knot|p2a: Clawitzer\n|-supereffective|p2a: Clawitzer\n|-damage|p2a: Clawitzer|0 fnt\n|faint|p2a: Clawitzer\n|\n|-heal|p1a: Golduck|290/290|[from] item: Leftovers\n|upkeep\n|inactive|Vaxoin has 120 seconds left.\n|\n|t:|1732943694\n|switch|p2a: Dipplin|Dipplin, L88, M|284/284\n|-damage|p2a: Dipplin|249/284|[from] Stealth Rock\n|turn|17\n|inactive|golfballenjoyer has 90 seconds left.\n|\n|t:|1732943717\n|switch|p1a: Uxie|Uxie, L83|174/260 par\n|-damage|p1a: Uxie|142/260 par|[from] Stealth Rock\n|move|p2a: Dipplin|Giga Drain|p1a: Uxie\n|-damage|p1a: Uxie|73/260 par\n|-heal|p2a: Dipplin|284/284|[from] drain|[of] p1a: Uxie\n|\n|-heal|p1a: Uxie|89/260 par|[from] item: Leftovers\n|upkeep\n|turn|18\n|inactive|golfballenjoyer has 90 seconds left.\n|\n|t:|1732943730\n|move|p1a: Uxie|Psychic Noise|p2a: Dipplin\n|-damage|p2a: Dipplin|236/284\n|-start|p2a: Dipplin|move: Heal Block\n|move|p2a: Dipplin|Dragon Tail|p1a: Uxie\n|-damage|p1a: Uxie|44/260 par\n|drag|p1a: Golduck|Golduck, L90, M|290/290\n|-damage|p1a: Golduck|254/290|[from] Stealth Rock\n|-ability|p1a: Golduck|Cloud Nine\n|\n|-heal|p1a: Golduck|272/290|[from] item: Leftovers\n|upkeep\n|turn|19\n|inactive|golfballenjoyer has 90 seconds left.\n|\n|t:|1732943751\n|move|p1a: Golduck|Encore|p2a: Dipplin\n|-start|p2a: Dipplin|Encore\n|move|p2a: Dipplin|Dragon Tail|p1a: Golduck\n|-damage|p1a: Golduck|209/290\n|drag|p1a: Cobalion|Cobalion, L80|277/277\n|-damage|p1a: Cobalion|269/277|[from] Stealth Rock\n|\n|-heal|p1a: Cobalion|277/277|[from] item: Leftovers\n|-end|p2a: Dipplin|move: Heal Block\n|upkeep\n|turn|20\n|\n|t:|1732943766\n|switch|p2a: Regirock|Regirock, L83|93/268 slp\n|-damage|p2a: Regirock|60/268 slp|[from] Stealth Rock\n|move|p1a: Cobalion|Thunder Wave||[still]\n|-fail|p1a: Cobalion\n|\n|-heal|p2a: Regirock|76/268 slp|[from] item: Leftovers\n|upkeep\n|turn|21\n|\n|t:|1732943776\n|move|p1a: Cobalion|Iron Head|p2a: Regirock\n|-supereffective|p2a: Regirock\n|-damage|p2a: Regirock|0 fnt\n|faint|p2a: Regirock\n|\n|upkeep\n|\n|t:|1732943796\n|switch|p2a: Skeledirge|Skeledirge, L79, F|294/294\n|turn|22\n|inactive|golfballenjoyer has 90 seconds left.\n|inactive|Vaxoin has 90 seconds left.\n|\n|t:|1732943828\n|-terastallize|p1a: Cobalion|Ghost\n|move|p1a: Cobalion|Thunder Wave|p2a: Skeledirge\n|-status|p2a: Skeledirge|par\n|move|p2a: Skeledirge|Torch Song|p1a: Cobalion\n|-damage|p1a: Cobalion|178/277\n|-boost|p2a: Skeledirge|spa|1\n|\n|-heal|p1a: Cobalion|195/277|[from] item: Leftovers\n|upkeep\n|turn|23\n|inactive|Vaxoin has 90 seconds left.\n|\n|t:|1732943840\n|move|p1a: Cobalion|Stone Edge|p2a: Skeledirge\n|-supereffective|p2a: Skeledirge\n|-damage|p2a: Skeledirge|166/294 par\n|move|p2a: Skeledirge|Shadow Ball|p1a: Cobalion\n|-supereffective|p1a: Cobalion\n|-damage|p1a: Cobalion|0 fnt\n|faint|p1a: Cobalion\n|\n|upkeep\n|inactive|golfballenjoyer has 60 seconds left.\n|\n|t:|1732943856\n|switch|p1a: Tsareena|Tsareena, L87, F|267/267\n|-damage|p1a: Tsareena|234/267|[from] Stealth Rock\n|turn|24\n|inactive|golfballenjoyer has 60 seconds left.\n|\n|t:|1732943883\n|move|p1a: Tsareena|Knock Off|p2a: Skeledirge\n|-supereffective|p2a: Skeledirge\n|-damage|p2a: Skeledirge|0 fnt\n|-enditem|p2a: Skeledirge|Heavy-Duty Boots|[from] move: Knock Off|[of] p1a: Tsareena\n|faint|p2a: Skeledirge\n|\n|upkeep\n|inactive|Vaxoin has 90 seconds left.\n|\n|t:|1732943897\n|switch|p2a: Arcanine|Arcanine-Hisui, L81, F|287/287\n|turn|25\n|\n|t:|1732943906\n|switch|p1a: Uxie|Uxie, L83|44/260 par\n|-damage|p1a: Uxie|12/260 par|[from] Stealth Rock\n|move|p2a: Arcanine|Flare Blitz|p1a: Uxie\n|-damage|p1a: Uxie|0 fnt\n|faint|p1a: Uxie\n|\n|upkeep\n|\n|t:|1732943919\n|switch|p1a: Golduck|Golduck, L90, M|209/290\n|-damage|p1a: Golduck|173/290|[from] Stealth Rock\n|-ability|p1a: Golduck|Cloud Nine\n|turn|26\n|\n|t:|1732943936\n|-terastallize|p2a: Arcanine|Normal\n|move|p2a: Arcanine|Extreme Speed|p1a: Golduck\n|-damage|p1a: Golduck|79/290\n|move|p1a: Golduck|Hydro Pump|p2a: Arcanine\n|-damage|p2a: Arcanine|142/287\n|\n|-heal|p1a: Golduck|97/290|[from] item: Leftovers\n|upkeep\n|turn|27\n|inactive|golfballenjoyer has 60 seconds left.\n|inactive|Vaxoin has 90 seconds left.\n|\n|t:|1732943956\n|move|p2a: Arcanine|Extreme Speed|p1a: Golduck\n|-damage|p1a: Golduck|6/290\n|move|p1a: Golduck|Hydro Pump|p2a: Arcanine\n|-damage|p2a: Arcanine|0 fnt\n|faint|p2a: Arcanine\n|\n|-heal|p1a: Golduck|24/290|[from] item: Leftovers\n|upkeep\n|inactive|Vaxoin has 90 seconds left.\n|\n|t:|1732943963\n|switch|p2a: Greninja|Greninja, L80, M|246/246\n|-damage|p2a: Greninja|216/246|[from] Stealth Rock\n|turn|28\n|inactive|golfballenjoyer has 60 seconds left.\n|\n|t:|1732943990\n|switch|p1a: Tsareena|Tsareena, L87, F|234/267\n|-damage|p1a: Tsareena|201/267|[from] Stealth Rock\n|move|p2a: Greninja|Dark Pulse|p1a: Tsareena\n|-damage|p1a: Tsareena|100/267\n|-damage|p2a: Greninja|192/246|[from] item: Life Orb\n|\n|upkeep\n|turn|29\n|\n|t:|1732944009\n|move|p1a: Tsareena|High Jump Kick|p2a: Greninja\n|-supereffective|p2a: Greninja\n|-damage|p2a: Greninja|0 fnt\n|faint|p2a: Greninja\n|\n|upkeep\n|\n|t:|1732944015\n|switch|p2a: Dipplin|Dipplin, L88, M|236/284\n|-damage|p2a: Dipplin|201/284|[from] Stealth Rock\n|turn|30\n|\n|t:|1732944027\n|move|p1a: Tsareena|High Jump Kick|p2a: Dipplin\n|-crit|p2a: Dipplin\n|-damage|p2a: Dipplin|109/284\n|move|p2a: Dipplin|Giga Drain|p1a: Tsareena\n|-resisted|p1a: Tsareena\n|-damage|p1a: Tsareena|63/267\n|-heal|p2a: Dipplin|128/284|[from] drain|[of] p1a: Tsareena\n|\n|upkeep\n|turn|31\n|\n|t:|1732944037\n|move|p1a: Tsareena|High Jump Kick|p2a: Dipplin\n|-damage|p2a: Dipplin|64/284\n|move|p2a: Dipplin|Recover|p2a: Dipplin\n|-heal|p2a: Dipplin|206/284\n|\n|upkeep\n|turn|32\n|inactive|golfballenjoyer has 60 seconds left.\n|\n|t:|1732944044\n|move|p1a: Tsareena|High Jump Kick|p2a: Dipplin\n|-damage|p2a: Dipplin|146/284\n|move|p2a: Dipplin|Recover|p2a: Dipplin\n|-heal|p2a: Dipplin|284/284\n|\n|upkeep\n|turn|33\n|\n|t:|1732944062\n|move|p1a: Tsareena|High Jump Kick|p2a: Dipplin\n|-damage|p2a: Dipplin|227/284\n|move|p2a: Dipplin|Dragon Pulse|p1a: Tsareena\n|-damage|p1a: Tsareena|0 fnt\n|faint|p1a: Tsareena\n|\n|upkeep\n|inactive|golfballenjoyer has 60 seconds left.\n|\n|t:|1732944072\n|switch|p1a: Golduck|Golduck, L90, M|24/290\n|-damage|p1a: Golduck|0 fnt|[from] Stealth Rock\n|faint|p1a: Golduck\n|\n|t:|1732944077\n|switch|p1a: Raging Bolt|Raging Bolt, L78|323/323\n|-damage|p1a: Raging Bolt|283/323|[from] Stealth Rock\n|turn|34\n|\n|t:|1732944085\n|move|p1a: Raging Bolt|Draco Meteor|p2a: Dipplin\n|-supereffective|p2a: Dipplin\n|-damage|p2a: Dipplin|11/284\n|-unboost|p1a: Raging Bolt|spa|2\n|move|p2a: Dipplin|Dragon Pulse|p1a: Raging Bolt\n|-supereffective|p1a: Raging Bolt\n|-damage|p1a: Raging Bolt|145/323\n|\n|upkeep\n|turn|35\n|\n|t:|1732944103\n|move|p1a: Raging Bolt|Thunderbolt|p2a: Dipplin\n|-resisted|p2a: Dipplin\n|-damage|p2a: Dipplin|2/284\n|move|p2a: Dipplin|Dragon Pulse|p1a: Raging Bolt\n|-supereffective|p1a: Raging Bolt\n|-damage|p1a: Raging Bolt|1/323\n|\n|upkeep\n|turn|36\n|c|\u2606Vaxoin|Lolol\n|c|\u2606golfballenjoyer|whoa\n|c|\u2606Vaxoin|Wow.\n|c|\u2606golfballenjoyer|thats insane\n|inactive|Vaxoin has 90 seconds left.\n|c|\u2606Vaxoin|I just screenshotted this\n|c|\u2606golfballenjoyer|so real\n|inactive|Vaxoin has 60 seconds left.\n|c|\u2606golfballenjoyer|ive never had a game this close lmao\n|\n|t:|1732944177\n|move|p1a: Raging Bolt|Thunderbolt|p2a: Dipplin\n|-resisted|p2a: Dipplin\n|-damage|p2a: Dipplin|0 fnt\n|faint|p2a: Dipplin\n|\n|win|golfballenjoyer\n|raw|golfballenjoyer's rating: 1414 &rarr; <strong>1435</strong><br />(+21 for winning)\n|raw|Vaxoin's rating: 1423 &rarr; <strong>1402</strong><br />(-21 for losing)\n|c|\u2606Vaxoin|Gg\n|c|\u2606golfballenjoyer|ggs man\n|l|\u2606Vaxoin\n|player|p2|\n", "inputlog": ">version b107d77f5c90bd6555267ae244a6264823309ead\n>start {\"formatid\":\"gen9randombattle\",\"seed\":[48611,33501,12804,18248],\"rated\":\"Rated battle\"}\n>player p1 {\"name\":\"golfballenjoyer\",\"avatar\":\"clown\",\"rating\":1414,\"seed\":[44265,63571,11274,59963]}\n>player p2 {\"name\":\"Vaxoin\",\"avatar\":\"blackbelt-gen4dp\",\"rating\":1423,\"seed\":[51486,22778,3354,22902]}\n>p1 move bodypress\n>p2 move aurasphere\n>p1 switch 5\n>p2 move aurasphere\n>p1 move yawn\n>p2 switch 4\n>p1 move stealthrock\n>p2 switch 5\n>p1 move yawn\n>p2 move thunderwave\n>p1 move yawn\n>p2 move stealthrock\n>p1 move psychicnoise\n>p2 move stoneedge\n>p1 switch 5\n>p2 move stoneedge\n>p1 move bodypress\n>p2 move bodypress\n>p1 switch 5\n>p2 move bodypress\n>p1 move yawn\n>p2 move stoneedge\n>p1 move psychicnoise\n>p2 move stoneedge\n>p1 move psychicnoise\n>p2 switch 3\n>p1 switch 5\n>p2 move flareblitz\n>p1 switch 3\n>p1 move nastyplot\n>p2 switch 4\n>p1 move grassknot\n>p2 move dragonpulse\n>p2 switch 6\n>p1 switch 5\n>p2 move gigadrain\n>p1 move psychicnoise\n>p2 move dragontail\n>p1 move encore\n>p2 move dragontail\n>p1 move thunderwave\n>p2 switch 3\n>p1 move ironhead\n>p2 move thunderwave\n>p2 switch 2\n>p1 move thunderwave terastallize\n>p2 move torchsong\n>p1 move stoneedge\n>p2 move shadowball\n>p1 switch 2\n>p1 move knockoff\n>p2 move slackoff\n>p2 switch 4\n>p1 switch 5\n>p2 move flareblitz\n>p1 switch 6\n>p1 move hydropump\n>p2 move extremespeed terastallize\n>p1 move hydropump\n>p2 move extremespeed\n>p2 switch 5\n>p1 switch 5\n>p2 move darkpulse\n>p1 move highjumpkick\n>p2 move darkpulse\n>p2 switch 3\n>p1 move highjumpkick\n>p2 move gigadrain\n>p1 move highjumpkick\n>p2 move recover\n>p1 move highjumpkick\n>p2 move recover\n>p1 move highjumpkick\n>p2 move dragonpulse\n>p1 switch 5\n>p1 switch 4\n>p1 move dracometeor\n>p2 move dragonpulse\n>p1 move thunderbolt\n>p2 move dragonpulse\n>chat \u2606Vaxoin|Lolol\n>chat \u2606golfballenjoyer|whoa\n>chat \u2606Vaxoin|Wow.\n>chat \u2606golfballenjoyer|thats insane\n>chat \u2606Vaxoin|I just screenshotted this\n>chat \u2606golfballenjoyer|so real\n>chat \u2606golfballenjoyer|ive never had a game this close lmao\n>p1 move thunderbolt\n>p2 move dragonpulse", "uploadtime": 1732944209, "views": 9, "formatid": "gen9randombattle", "rating": 1402, "private": 0, "password": null}