{"id": "gen9randombattle-2254127291", "format": "[Gen 9] Random Battle", "players": ["DylanValencia10", "Steezygray"], "log": "|j|\u2606DylanValencia10\n|j|\u2606Steezygray\n|t:|1732994568\n|gametype|singles\n|player|p1|DylanValencia10|hilbert|1333\n|player|p2|Steezygray|265|1292\n|teamsize|p1|6\n|teamsize|p2|6\n|gen|9\n|tier|[Gen 9] Random Battle\n|rated|\n|rule|Species Clause: Limit one of each Pok\u00e9mon\n|rule|HP Percentage Mod: HP is shown in percentages\n|rule|Sleep Clause Mod: Limit one foe put to sleep\n|rule|Illusion Level Mod: Illusion disguises the Pok\u00e9mon's true level\n|\n|t:|1732994568\n|start\n|switch|p1a: Calyrex|Calyrex, L93|337/337\n|switch|p2a: Kricketune|Kricketune, L99, F|311/311\n|-ability|p1a: Calyrex|Unnerve\n|turn|1\n|inactive|Battle timer is ON: inactive players will automatically lose when time's up. (requested by Steezygray)\n|\n|t:|1732994593\n|switch|p1a: Clodsire|Clodsire, L81, M|343/343\n|move|p2a: Kricketune|Pounce|p1a: Clodsire\n|-resisted|p1a: Clodsire\n|-damage|p1a: Clodsire|281/343\n|-unboost|p1a: Clodsire|spe|1\n|\n|-heal|p1a: Clodsire|302/343|[from] item: Leftovers\n|upkeep\n|turn|2\n|\n|t:|1732994604\n|move|p2a: Kricketune|Knock Off|p1a: Clodsire\n|-damage|p1a: Clodsire|192/343\n|-enditem|p1a: Clodsire|Leftovers|[from] move: Knock Off|[of] p2a: Kricketune\n|move|p1a: Clodsire|Toxic Spikes|p2a: Kricketune\n|-sidestart|p2: Steezygray|move: Toxic Spikes\n|\n|upkeep\n|turn|3\n|\n|t:|1732994609\n|move|p2a: Kricketune|Sticky Web|p1a: Clodsire\n|-sidestart|p1: DylanValencia10|move: Sticky Web\n|move|p1a: Clodsire|Recover|p1a: Clodsire\n|-heal|p1a: Clodsire|343/343\n|\n|upkeep\n|turn|4\n|\n|t:|1732994614\n|move|p2a: Kricketune|Taunt|p1a: Clodsire\n|-start|p1a: Clodsire|move: Taunt\n|cant|p1a: Clodsire|move: Taunt|Toxic Spikes\n|\n|upkeep\n|turn|5\n|\n|t:|1732994618\n|move|p2a: Kricketune|Sticky Web||[still]\n|-fail|p2a: Kricketune\n|move|p1a: Clodsire|Gunk Shot|p2a: Kricketune\n|-damage|p2a: Kricketune|191/311\n|\n|upkeep\n|turn|6\n|\n|t:|1732994625\n|move|p2a: Kricketune|Pounce|p1a: Clodsire\n|-resisted|p1a: Clodsire\n|-damage|p1a: Clodsire|277/343\n|-unboost|p1a: Clodsire|spe|1\n|move|p1a: Clodsire|Gunk Shot|p2a: Kricketune\n|-damage|p2a: Kricketune|70/311\n|-status|p2a: Kricketune|psn\n|\n|-damage|p2a: Kricketune|32/311 psn|[from] psn\n|-end|p1a: Clodsire|move: Taunt\n|upkeep\n|turn|7\n|\n|t:|1732994635\n|move|p2a: Kricketune|Knock Off|p1a: Clodsire\n|-damage|p1a: Clodsire|206/343\n|move|p1a: Clodsire|Toxic Spikes|p2a: Kricketune\n|-sidestart|p2: Steezygray|move: Toxic Spikes\n|\n|-damage|p2a: Kricketune|0 fnt|[from] psn\n|faint|p2a: Kricketune\n|upkeep\n|\n|t:|1732994648\n|switch|p2a: Venomoth|Venomoth, L84, F|255/255\n|-sideend|p2: Steezygray|move: Toxic Spikes|[of] p2a: Venomoth\n|turn|8\n|\n|t:|1732994657\n|move|p2a: Venomoth|Sleep Powder|p1a: Clodsire\n|-status|p1a: Clodsire|slp|[from] move: Sleep Powder\n|cant|p1a: Clodsire|slp\n|\n|upkeep\n|turn|9\n|\n|t:|1732994670\n|move|p2a: Venomoth|Quiver Dance|p2a: Venomoth\n|-boost|p2a: Venomoth|spa|1\n|-boost|p2a: Venomoth|spd|1\n|-boost|p2a: Venomoth|spe|1\n|cant|p1a: Clodsire|slp\n|\n|upkeep\n|turn|10\n|\n|t:|1732994685\n|switch|p1a: Houndoom|Houndoom, L87, F|272/272\n|move|p2a: Venomoth|Quiver Dance|p2a: Venomoth\n|-boost|p2a: Venomoth|spa|1\n|-boost|p2a: Venomoth|spd|1\n|-boost|p2a: Venomoth|spe|1\n|\n|upkeep\n|turn|11\n|\n|t:|1732994698\n|-terastallize|p1a: Houndoom|Poison\n|move|p2a: Venomoth|Sludge Wave|p1a: Houndoom\n|-resisted|p1a: Houndoom\n|-damage|p1a: Houndoom|62/272\n|move|p1a: Houndoom|Fire Blast|p2a: Venomoth\n|-supereffective|p2a: Venomoth\n|-damage|p2a: Venomoth|115/255\n|\n|upkeep\n|turn|12\n|\n|t:|1732994706\n|move|p2a: Venomoth|Sludge Wave|p1a: Houndoom\n|-resisted|p1a: Houndoom\n|-damage|p1a: Houndoom|0 fnt\n|faint|p1a: Houndoom\n|\n|upkeep\n|\n|t:|1732994717\n|switch|p1a: Dudunsparce|Dudunsparce-Three-Segment, L83, M|343/343\n|-activate|p1a: Dudunsparce|move: Sticky Web\n|-unboost|p1a: Dudunsparce|spe|1\n|turn|13\n|\n|t:|1732994729\n|move|p2a: Venomoth|Sludge Wave|p1a: Dudunsparce\n|-crit|p1a: Dudunsparce\n|-damage|p1a: Dudunsparce|45/343\n|move|p1a: Dudunsparce|Headbutt|p2a: Venomoth\n|-damage|p2a: Venomoth|9/255\n|\n|-heal|p1a: Dudunsparce|66/343|[from] item: Leftovers\n|upkeep\n|turn|14\n|\n|t:|1732994740\n|move|p2a: Venomoth|Sludge Wave|p1a: Dudunsparce\n|-damage|p1a: Dudunsparce|0 fnt\n|faint|p1a: Dudunsparce\n|\n|upkeep\n|\n|t:|1732994751\n|switch|p1a: Ariados|Ariados, L95, F|287/287\n|turn|15\n|\n|t:|1732994764\n|move|p1a: Ariados|Sucker Punch|p2a: Venomoth\n|-damage|p2a: Venomoth|0 fnt\n|faint|p2a: Venomoth\n|\n|upkeep\n|\n|t:|1732994785\n|switch|p2a: Sandaconda|Sandaconda, L84, F|258/258\n|turn|16\n|\n|t:|1732994794\n|move|p2a: Sandaconda|Coil|p2a: Sandaconda\n|-boost|p2a: Sandaconda|atk|1\n|-boost|p2a: Sandaconda|def|1\n|-boost|p2a: Sandaconda|accuracy|1\n|move|p1a: Ariados|Sticky Web|p2a: Sandaconda\n|-sidestart|p2: Steezygray|move: Sticky Web\n|\n|upkeep\n|turn|17\n|\n|t:|1732994805\n|switch|p1a: Rotom|Rotom-Frost, L87|229/229\n|move|p2a: Sandaconda|Coil|p2a: Sandaconda\n|-boost|p2a: Sandaconda|atk|1\n|-boost|p2a: Sandaconda|def|1\n|-boost|p2a: Sandaconda|accuracy|1\n|\n|upkeep\n|turn|18\n|\n|t:|1732994819\n|move|p1a: Rotom|Blizzard|p2a: Sandaconda\n|-supereffective|p2a: Sandaconda\n|-damage|p2a: Sandaconda|0 fnt\n|faint|p2a: Sandaconda\n|\n|upkeep\n|\n|t:|1732994829\n|switch|p2a: Kingambit|Kingambit, L74, F|270/270\n|-activate|p2a: Kingambit|move: Sticky Web\n|-unboost|p2a: Kingambit|spe|1\n|-activate|p2a: Kingambit|ability: Supreme Overlord\n|-start|p2a: Kingambit|fallen3|[silent]\n|turn|19\n|\n|t:|1732994851\n|move|p1a: Rotom|Will-O-Wisp|p2a: Kingambit\n|-status|p2a: Kingambit|brn\n|move|p2a: Kingambit|Iron Head|p1a: Rotom\n|-damage|p1a: Rotom|187/229\n|\n|-damage|p2a: Kingambit|254/270 brn|[from] brn\n|upkeep\n|turn|20\n|\n|t:|1732994869\n|move|p1a: Rotom|Nasty Plot|p1a: Rotom\n|-boost|p1a: Rotom|spa|2\n|move|p2a: Kingambit|Iron Head|p1a: Rotom\n|-crit|p1a: Rotom\n|-damage|p1a: Rotom|116/229\n|\n|-heal|p2a: Kingambit|270/270 brn|[from] item: Leftovers\n|-damage|p2a: Kingambit|254/270 brn|[from] brn\n|upkeep\n|turn|21\n|\n|t:|1732994890\n|move|p1a: Rotom|Thunderbolt|p2a: Kingambit\n|-damage|p2a: Kingambit|19/270 brn\n|move|p2a: Kingambit|Iron Head|p1a: Rotom\n|-damage|p1a: Rotom|73/229\n|\n|-heal|p2a: Kingambit|35/270 brn|[from] item: Leftovers\n|-damage|p2a: Kingambit|19/270 brn|[from] brn\n|upkeep\n|turn|22\n|inactive|Steezygray has 120 seconds left.\n|\n|t:|1732994914\n|move|p2a: Kingambit|Sucker Punch|p1a: Rotom\n|-damage|p1a: Rotom|33/229\n|move|p1a: Rotom|Thunderbolt|p2a: Kingambit\n|-damage|p2a: Kingambit|0 fnt\n|faint|p2a: Kingambit\n|-end|p2a: Kingambit|fallen3|[silent]\n|\n|upkeep\n|\n|t:|1732994926\n|switch|p2a: Pawmot|Pawmot, L80, M|243/243\n|-activate|p2a: Pawmot|move: Sticky Web\n|-unboost|p2a: Pawmot|spe|1\n|turn|23\n|inactive|DylanValencia10 has 120 seconds left.\n|\n|t:|1732994967\n|move|p1a: Rotom|Will-O-Wisp|p2a: Pawmot\n|-status|p2a: Pawmot|brn\n|move|p2a: Pawmot|Revival Blessing|p2a: Pawmot\n|\n|t:|1732994981\n|-heal|p2: Kingambit|135/270|[from] move: Revival Blessing\n|\n|-damage|p2a: Pawmot|228/243 brn|[from] brn\n|upkeep\n|turn|24\n|inactive|DylanValencia10 has 120 seconds left.\n|\n|t:|1732994993\n|switch|p1a: Calyrex|Calyrex, L93|337/337\n|-ability|p1a: Calyrex|Unnerve\n|-activate|p1a: Calyrex|move: Sticky Web\n|-unboost|p1a: Calyrex|spe|1\n|move|p2a: Pawmot|Close Combat|p1a: Calyrex\n|-resisted|p1a: Calyrex\n|-damage|p1a: Calyrex|295/337\n|-unboost|p2a: Pawmot|def|1\n|-unboost|p2a: Pawmot|spd|1\n|-damage|p2a: Pawmot|204/243 brn|[from] item: Life Orb\n|\n|-heal|p1a: Calyrex|316/337|[from] item: Leftovers\n|-damage|p2a: Pawmot|189/243 brn|[from] brn\n|upkeep\n|turn|25\n|inactive|DylanValencia10 has 120 seconds left.\n|\n|t:|1732995009\n|move|p2a: Pawmot|Ice Punch|p1a: Calyrex\n|-supereffective|p1a: Calyrex\n|-damage|p1a: Calyrex|229/337\n|-damage|p2a: Pawmot|165/243 brn|[from] item: Life Orb\n|move|p1a: Calyrex|Encore|p2a: Pawmot\n|-start|p2a: Pawmot|Encore\n|\n|-heal|p1a: Calyrex|250/337|[from] item: Leftovers\n|-damage|p2a: Pawmot|150/243 brn|[from] brn\n|upkeep\n|turn|26\n|inactive|DylanValencia10 has 120 seconds left.\n|inactive|Steezygray has 120 seconds left.\n|\n|t:|1732995026\n|switch|p2a: Tauros|Tauros-Paldea-Aqua, L81, M|254/254\n|-activate|p2a: Tauros|move: Sticky Web\n|-unboost|p2a: Tauros|spe|1\n|-ability|p2a: Tauros|Intimidate|boost\n|-unboost|p1a: Calyrex|atk|1\n|switch|p1a: Rotom|Rotom-Frost, L87|33/229\n|\n|upkeep\n|turn|27\n|\n|t:|1732995038\n|-terastallize|p2a: Tauros|Water\n|move|p2a: Tauros|Aqua Jet|p1a: Rotom\n|-damage|p1a: Rotom|0 fnt\n|faint|p1a: Rotom\n|\n|upkeep\n|\n|t:|1732995055\n|switch|p1a: Ariados|Ariados, L95, F|287/287\n|turn|28\n|\n|t:|1732995065\n|move|p2a: Tauros|Aqua Jet|p1a: Ariados\n|-damage|p1a: Ariados|199/287\n|move|p1a: Ariados|Sucker Punch||[still]\n|-fail|p1a: Ariados\n|\n|upkeep\n|turn|29\n|\n|t:|1732995070\n|switch|p2a: Pawmot|Pawmot, L80, M|150/243 brn\n|-activate|p2a: Pawmot|move: Sticky Web\n|-unboost|p2a: Pawmot|spe|1\n|move|p1a: Ariados|Poison Jab|p2a: Pawmot\n|-damage|p2a: Pawmot|11/243 brn\n|\n|-damage|p2a: Pawmot|0 fnt|[from] brn\n|faint|p2a: Pawmot\n|upkeep\n|\n|t:|1732995079\n|switch|p2a: Tauros|Tauros-Paldea-Aqua, L81, M, tera:Water|254/254\n|-activate|p2a: Tauros|move: Sticky Web\n|-unboost|p2a: Tauros|spe|1\n|-ability|p2a: Tauros|Intimidate|boost\n|-unboost|p1a: Ariados|atk|1\n|turn|30\n|\n|t:|1732995088\n|move|p2a: Tauros|Stone Edge|p1a: Ariados\n|-supereffective|p1a: Ariados\n|-damage|p1a: Ariados|0 fnt\n|faint|p1a: Ariados\n|\n|upkeep\n|\n|t:|1732995096\n|switch|p1a: Clodsire|Clodsire, L81, M|206/343 slp\n|-activate|p1a: Clodsire|move: Sticky Web\n|-unboost|p1a: Clodsire|spe|1\n|turn|31\n|inactive|DylanValencia10 has 120 seconds left.\n|\n|t:|1732995105\n|switch|p2a: Kingambit|Kingambit, L74, F|135/270\n|-activate|p2a: Kingambit|move: Sticky Web\n|-unboost|p2a: Kingambit|spe|1\n|-activate|p2a: Kingambit|ability: Supreme Overlord\n|-start|p2a: Kingambit|fallen5|[silent]\n|cant|p1a: Clodsire|slp\n|\n|-heal|p2a: Kingambit|151/270|[from] item: Leftovers\n|upkeep\n|turn|32\n|\n|t:|1732995114\n|move|p2a: Kingambit|Kowtow Cleave|p1a: Clodsire\n|-damage|p1a: Clodsire|5/343 slp\n|-curestatus|p1a: Clodsire|slp|[msg]\n|move|p1a: Clodsire|Recover|p1a: Clodsire\n|-heal|p1a: Clodsire|177/343\n|\n|-heal|p2a: Kingambit|167/270|[from] item: Leftovers\n|upkeep\n|turn|33\n|inactive|DylanValencia10 has 120 seconds left.\n|\n|t:|1732995130\n|move|p2a: Kingambit|Kowtow Cleave|p1a: Clodsire\n|-damage|p1a: Clodsire|0 fnt\n|faint|p1a: Clodsire\n|\n|-heal|p2a: Kingambit|183/270|[from] item: Leftovers\n|upkeep\n|inactive|DylanValencia10 has 120 seconds left.\n|\n|t:|1732995136\n|switch|p1a: Calyrex|Calyrex, L93|250/337\n|-ability|p1a: Calyrex|Unnerve\n|-activate|p1a: Calyrex|move: Sticky Web\n|-unboost|p1a: Calyrex|spe|1\n|turn|34\n|c|\u2606Steezygray|Gg\n|\n|t:|1732995143\n|move|p2a: Kingambit|Sucker Punch|p1a: Calyrex\n|-supereffective|p1a: Calyrex\n|-damage|p1a: Calyrex|46/337\n|move|p1a: Calyrex|Body Press|p2a: Kingambit\n|-supereffective|p2a: Kingambit\n|-damage|p2a: Kingambit|0 fnt\n|faint|p2a: Kingambit\n|-end|p2a: Kingambit|fallen5|[silent]\n|\n|-heal|p1a: Calyrex|67/337|[from] item: Leftovers\n|upkeep\n|\n|t:|1732995145\n|switch|p2a: Tauros|Tauros-Paldea-Aqua, L81, M, tera:Water|254/254\n|-activate|p2a: Tauros|move: Sticky Web\n|-unboost|p2a: Tauros|spe|1\n|-ability|p2a: Tauros|Intimidate|boost\n|-unboost|p1a: Calyrex|atk|1\n|turn|35\n|\n|t:|1732995156\n|move|p2a: Tauros|Aqua Jet|p1a: Calyrex\n|-resisted|p1a: Calyrex\n|-damage|p1a: Calyrex|23/337\n|move|p1a: Calyrex|Giga Drain|p2a: Tauros\n|-supereffective|p2a: Tauros\n|-damage|p2a: Tauros|62/254\n|-heal|p1a: Calyrex|119/337|[from] drain|[of] p2a: Tauros\n|\n|-heal|p1a: Calyrex|140/337|[from] item: Leftovers\n|upkeep\n|turn|36\n|\n|t:|1732995165\n|move|p2a: Tauros|Aqua Jet|p1a: Calyrex\n|-resisted|p1a: Calyrex\n|-crit|p1a: Calyrex\n|-damage|p1a: Calyrex|79/337\n|move|p1a: Calyrex|Giga Drain|p2a: Tauros\n|-supereffective|p2a: Tauros\n|-damage|p2a: Tauros|0 fnt\n|-heal|p1a: Calyrex|110/337|[from] drain|[of] p2a: Tauros\n|faint|p2a: Tauros\n|\n|win|DylanValencia10\n|raw|DylanValencia10's rating: 1333 &rarr; <strong>1351</strong><br />(+18 for winning)\n|raw|Steezygray's rating: 1292 &rarr; <strong>1270</strong><br />(-22 for losing)\n", "inputlog": ">version b107d77f5c90bd6555267ae244a6264823309ead\n>start {\"formatid\":\"gen9randombattle\",\"seed\":[5877,24298,24555,7197],\"rated\":\"Rated battle\"}\n>player p1 {\"name\":\"DylanValencia10\",\"avatar\":\"hilbert\",\"rating\":1333,\"seed\":[30273,5869,56993,49005]}\n>player p2 {\"name\":\"Steezygray\",\"avatar\":\"265\",\"rating\":1292,\"seed\":[62977,32201,60501,46917]}\n>p1 switch 6\n>p2 move pounce\n>p1 move toxicspikes\n>p2 move knockoff\n>p1 move recover\n>p2 move stickyweb\n>p1 move toxicspikes\n>p2 move taunt\n>p1 move gunkshot\n>p2 move stickyweb\n>p1 move gunkshot\n>p2 move pounce\n>p1 move toxicspikes\n>p2 move knockoff\n>p2 switch 4\n>p1 move recover\n>p2 move sleeppowder\n>p1 move recover\n>p2 move quiverdance\n>p1 switch 2\n>p2 move quiverdance\n>p1 move fireblast terastallize\n>p2 move sludgewave\n>p1 move fireblast\n>p2 move sludgewave\n>p1 switch 5\n>p1 move headbutt\n>p2 move sludgewave\n>p1 move headbutt\n>p2 move sludgewave\n>p1 switch 4\n>p1 move suckerpunch\n>p2 move sludgewave\n>p2 switch 2\n>p1 move stickyweb\n>p2 move coil\n>p1 switch 3\n>p2 move coil\n>p1 move blizzard\n>p2 move rockblast\n>p2 switch 6\n>p1 move willowisp\n>p2 move ironhead\n>p1 move nastyplot\n>p2 move ironhead\n>p1 move thunderbolt\n>p2 move ironhead\n>p1 move thunderbolt\n>p2 move suckerpunch\n>p2 switch 3\n>p1 move willowisp\n>p2 move revivalblessing\n>p2 switch 3\n>p1 switch 6\n>p2 move closecombat\n>p1 move encore\n>p2 move icepunch\n>p1 switch 6\n>p2 switch 5\n>p1 move willowisp\n>p2 move aquajet terastallize\n>p1 switch 3\n>p1 move suckerpunch\n>p2 move aquajet\n>p1 move poisonjab\n>p2 switch 5\n>p2 switch 5\n>p1 move poisonjab\n>p2 move stoneedge\n>p1 switch 2\n>p1 move recover\n>p2 switch 3\n>p1 move recover\n>p2 move kowtowcleave\n>p1 move earthquake\n>p2 move kowtowcleave\n>p1 switch 6\n>chat \u2606Steezygray|Gg\n>p1 move bodypress\n>p2 move suckerpunch\n>p2 switch 3\n>p1 move gigadrain\n>p2 move aquajet\n>p1 move gigadrain\n>p2 move aquajet", "uploadtime": 1732995174, "views": 1, "formatid": "gen9randombattle", "rating": 1270, "private": 0, "password": null}