{"id": "gen9randombattle-2254114645", "format": "[Gen 9] Random Battle", "players": ["abbijai", "araragidream"], "log": "|j|\u2606abbijai\n|j|\u2606araragidream\n|t:|1732993000\n|gametype|singles\n|player|p1|abbijai|265|1241\n|player|p2|araragidream|266|1236\n|teamsize|p1|6\n|teamsize|p2|6\n|gen|9\n|tier|[Gen 9] Random Battle\n|rated|\n|rule|Species Clause: Limit one of each Pok\u00e9mon\n|rule|HP Percentage Mod: HP is shown in percentages\n|rule|Sleep Clause Mod: Limit one foe put to sleep\n|rule|Illusion Level Mod: Illusion disguises the Pok\u00e9mon's true level\n|\n|t:|1732993000\n|start\n|switch|p1a: Sinistcha|Sinistcha-Masterpiece, L83|254/254\n|switch|p2a: Gogoat|Gogoat, L88, M|360/360\n|turn|1\n|inactive|Battle timer is ON: inactive players will automatically lose when time's up. (requested by araragidream)\n|\n|t:|1732993020\n|switch|p2a: Pecharunt|Pecharunt, L77|262/262\n|move|p1a: Sinistcha|Strength Sap|p2a: Pecharunt\n|-unboost|p2a: Pecharunt|atk|1\n|\n|upkeep\n|turn|2\n|\n|t:|1732993041\n|move|p2a: Pecharunt|Malignant Chain|p1a: Sinistcha\n|-damage|p1a: Sinistcha|167/254\n|-status|p1a: Sinistcha|tox\n|-start|p1a: Sinistcha|confusion|[from] ability: Poison Puppeteer|[of] p2a: Pecharunt\n|-activate|p1a: Sinistcha|confusion\n|move|p1a: Sinistcha|Shadow Ball|p2a: Pecharunt\n|-supereffective|p2a: Pecharunt\n|-damage|p2a: Pecharunt|62/262\n|\n|-heal|p2a: Pecharunt|78/262|[from] item: Leftovers\n|-heal|p1a: Sinistcha|182/254 tox|[from] item: Leftovers\n|-damage|p1a: Sinistcha|167/254 tox|[from] psn\n|upkeep\n|turn|3\n|\n|t:|1732993058\n|move|p2a: Pecharunt|Shadow Ball|p1a: Sinistcha\n|-supereffective|p1a: Sinistcha\n|-damage|p1a: Sinistcha|33/254 tox\n|-end|p1a: Sinistcha|confusion\n|move|p1a: Sinistcha|Shadow Ball|p2a: Pecharunt\n|-supereffective|p2a: Pecharunt\n|-crit|p2a: Pecharunt\n|-damage|p2a: Pecharunt|0 fnt\n|faint|p2a: Pecharunt\n|\n|-heal|p1a: Sinistcha|48/254 tox|[from] item: Leftovers\n|-damage|p1a: Sinistcha|18/254 tox|[from] psn\n|upkeep\n|\n|t:|1732993074\n|switch|p2a: Houndoom|Houndoom, L87, M|272/272\n|turn|4\n|\n|t:|1732993082\n|move|p2a: Houndoom|Dark Pulse|p1a: Sinistcha\n|-supereffective|p1a: Sinistcha\n|-damage|p1a: Sinistcha|0 fnt\n|faint|p1a: Sinistcha\n|\n|upkeep\n|inactive|abbijai has 120 seconds left.\n|\n|t:|1732993110\n|switch|p1a: Clefable|Clefable, L83, M|293/293\n|turn|5\n|\n|t:|1732993133\n|move|p2a: Houndoom|Sludge Bomb|p1a: Clefable\n|-supereffective|p1a: Clefable\n|-damage|p1a: Clefable|155/293\n|move|p1a: Clefable|Calm Mind|p1a: Clefable\n|-boost|p1a: Clefable|spa|1\n|-boost|p1a: Clefable|spd|1\n|\n|-heal|p1a: Clefable|173/293|[from] item: Leftovers\n|upkeep\n|turn|6\n|inactive|araragidream has 120 seconds left.\n|inactive|araragidream has 90 seconds left.\n|inactive|araragidream has 60 seconds left.\n|\n|t:|1732993223\n|switch|p2a: Gogoat|Gogoat, L88, M|360/360\n|move|p1a: Clefable|Moonblast|p2a: Gogoat\n|-damage|p2a: Gogoat|209/360\n|\n|-heal|p2a: Gogoat|231/360|[from] item: Leftovers\n|-heal|p1a: Clefable|191/293|[from] item: Leftovers\n|upkeep\n|turn|7\n|\n|t:|1732993236\n|move|p2a: Gogoat|Bulk Up|p2a: Gogoat\n|-boost|p2a: Gogoat|atk|1\n|-boost|p2a: Gogoat|def|1\n|move|p1a: Clefable|Fire Blast|p2a: Gogoat\n|-supereffective|p2a: Gogoat\n|-damage|p2a: Gogoat|11/360\n|\n|-heal|p2a: Gogoat|33/360|[from] item: Leftovers\n|-heal|p1a: Clefable|209/293|[from] item: Leftovers\n|upkeep\n|turn|8\n|inactive|araragidream has 60 seconds left.\n|\n|t:|1732993249\n|move|p2a: Gogoat|Horn Leech|p1a: Clefable\n|-damage|p1a: Clefable|107/293\n|-heal|p2a: Gogoat|84/360|[from] drain|[of] p1a: Clefable\n|move|p1a: Clefable|Fire Blast|p2a: Gogoat\n|-supereffective|p2a: Gogoat\n|-damage|p2a: Gogoat|0 fnt\n|faint|p2a: Gogoat\n|\n|-heal|p1a: Clefable|125/293|[from] item: Leftovers\n|upkeep\n|inactive|araragidream has 60 seconds left.\n|\n|t:|1732993261\n|switch|p2a: Garchomp|Garchomp, L74, F|282/282\n|turn|9\n|inactive|araragidream has 60 seconds left.\n|\n|t:|1732993273\n|-terastallize|p2a: Garchomp|Ground\n|move|p2a: Garchomp|Swords Dance|p2a: Garchomp\n|-boost|p2a: Garchomp|atk|2\n|move|p1a: Clefable|Moonblast|p2a: Garchomp\n|-damage|p2a: Garchomp|116/282\n|\n|-heal|p1a: Clefable|143/293|[from] item: Leftovers\n|upkeep\n|turn|10\n|inactive|araragidream has 60 seconds left.\n|inactive|abbijai has 120 seconds left.\n|\n|t:|1732993310\n|switch|p1a: Delibird|Delibird, M|252/252\n|move|p2a: Garchomp|Stone Edge|p1a: Delibird\n|-supereffective|p1a: Delibird\n|-crit|p1a: Delibird\n|-damage|p1a: Delibird|0 fnt\n|faint|p1a: Delibird\n|\n|upkeep\n|\n|t:|1732993323\n|switch|p1a: Koraidon|Koraidon, L64|235/235\n|-weather|SunnyDay|[from] ability: Orichalcum Pulse|[of] p1a: Koraidon\n|-activate|p1a: Koraidon|Orichalcum Pulse|[source]\n|turn|11\n|\n|t:|1732993333\n|move|p1a: Koraidon|Scale Shot|p2a: Garchomp\n|-damage|p2a: Garchomp|88/282\n|-damage|p2a: Garchomp|60/282\n|-damage|p2a: Garchomp|32/282\n|-damage|p2a: Garchomp|4/282\n|-hitcount|p2a: Garchomp|4\n|-unboost|p1a: Koraidon|def|1\n|-boost|p1a: Koraidon|spe|1\n|move|p2a: Garchomp|Scale Shot|p1a: Koraidon\n|-supereffective|p1a: Koraidon\n|-damage|p1a: Koraidon|73/235\n|-supereffective|p1a: Koraidon\n|-crit|p1a: Koraidon\n|-damage|p1a: Koraidon|0 fnt\n|faint|p1a: Koraidon\n|-hitcount|p1: Koraidon|2\n|-unboost|p2a: Garchomp|def|1\n|-boost|p2a: Garchomp|spe|1\n|\n|-weather|SunnyDay|[upkeep]\n|upkeep\n|inactive|abbijai has 90 seconds left.\n|\n|t:|1732993367\n|switch|p1a: Pecharunt|Pecharunt, L77|262/262\n|turn|12\n|\n|t:|1732993391\n|move|p2a: Garchomp|Earthquake|p1a: Pecharunt\n|-supereffective|p1a: Pecharunt\n|-damage|p1a: Pecharunt|0 fnt\n|faint|p1a: Pecharunt\n|\n|-weather|SunnyDay|[upkeep]\n|upkeep\n|\n|t:|1732993398\n|switch|p1a: Armarouge|Armarouge, L80, F|267/267\n|turn|13\n|\n|t:|1732993405\n|-terastallize|p1a: Armarouge|Grass\n|move|p2a: Garchomp|Earthquake|p1a: Armarouge\n|-resisted|p1a: Armarouge\n|-damage|p1a: Armarouge|129/267\n|-ability|p1a: Armarouge|Weak Armor|boost\n|-unboost|p1a: Armarouge|def|1\n|-boost|p1a: Armarouge|spe|2\n|move|p1a: Armarouge|Energy Ball|p2a: Garchomp\n|-supereffective|p2a: Garchomp\n|-damage|p2a: Garchomp|0 fnt\n|faint|p2a: Garchomp\n|\n|-weather|SunnyDay|[upkeep]\n|upkeep\n|\n|t:|1732993413\n|switch|p2a: Houndoom|Houndoom, L87, M|272/272\n|turn|14\n|\n|t:|1732993428\n|move|p1a: Armarouge|Meteor Beam||[still]\n|-prepare|p1a: Armarouge|Meteor Beam\n|-boost|p1a: Armarouge|spa|1\n|-enditem|p1a: Armarouge|Power Herb\n|-anim|p1a: Armarouge|Meteor Beam|p2a: Houndoom\n|-supereffective|p2a: Houndoom\n|-damage|p2a: Houndoom|0 fnt\n|faint|p2a: Houndoom\n|\n|-weather|SunnyDay|[upkeep]\n|upkeep\n|\n|t:|1732993436\n|switch|p2a: Emboar|Emboar, L84, M|322/322\n|turn|15\n|\n|t:|1732993443\n|move|p1a: Armarouge|Psyshock|p2a: Emboar\n|-supereffective|p2a: Emboar\n|-damage|p2a: Emboar|0 fnt\n|faint|p2a: Emboar\n|\n|-weather|none\n|upkeep\n|\n|t:|1732993447\n|switch|p2a: Amoonguss|Amoonguss, L82, M|321/321\n|turn|16\n|\n|t:|1732993456\n|move|p1a: Armarouge|Armor Cannon|p2a: Amoonguss\n|-supereffective|p2a: Amoonguss\n|-damage|p2a: Amoonguss|0 fnt\n|-unboost|p1a: Armarouge|def|1\n|-unboost|p1a: Armarouge|spd|1\n|faint|p2a: Amoonguss\n|\n|win|abbijai\n|raw|abbijai's rating: 1241 &rarr; <strong>1266</strong><br />(+25 for winning)\n|raw|araragidream's rating: 1236 &rarr; <strong>1211</strong><br />(-25 for losing)\n|l|\u2606araragidream\n|player|p2|\n", "inputlog": ">version b107d77f5c90bd6555267ae244a6264823309ead\n>start {\"formatid\":\"gen9randombattle\",\"seed\":[38451,9777,38770,34676],\"rated\":\"Rated battle\"}\n>player p1 {\"name\":\"abbijai\",\"avatar\":\"265\",\"rating\":1241,\"seed\":[2362,7601,54778,4289]}\n>player p2 {\"name\":\"araragidream\",\"avatar\":\"266\",\"rating\":1236,\"seed\":[11821,3266,18343,9610]}\n>p1 move strengthsap\n>p2 switch 3\n>p1 move shadowball\n>p2 move malignantchain\n>p1 move shadowball\n>p2 move shadowball\n>p2 switch 5\n>p1 move strengthsap\n>p2 move darkpulse\n>p1 switch 5\n>p1 move calmmind\n>p2 move sludgebomb\n>p1 move moonblast\n>p2 switch 3\n>p1 move fireblast\n>p2 move bulkup\n>p1 move fireblast\n>p2 move hornleech\n>p2 switch 6\n>p1 move moonblast\n>p2 move swordsdance terastallize\n>p1 switch 2\n>p2 move stoneedge\n>p1 switch 6\n>p1 move scaleshot\n>p2 move scaleshot\n>p1 switch 3\n>p1 move malignantchain\n>p2 move earthquake\n>p1 switch 4\n>p1 move energyball terastallize\n>p2 move earthquake\n>p2 switch 3\n>p1 move meteorbeam\n>p2 move fireblast\n>p2 switch 4\n>p1 move psyshock\n>p2 move flareblitz\n>p2 switch 2\n>p1 move armorcannon\n>p2 move sludgebomb", "uploadtime": 1732993471, "views": 3, "formatid": "gen9randombattle", "rating": 1211, "private": 0, "password": null}